4098 6276
501 380 578 450 το
1482 386 1543 440 s.
1587 384 1858 441 CYlllLLl
1900 380 2370 438 ALEXANDRINI
2412 380 2726 440 ARClllEP.

3693 391 3764 443 80

578 515 645 567 Et
707 512 935 567 ulciscar
985 517 1138 578 super
1197 524 1310 561 eam
1370 508 1480 560 dies
1522 505 1753 569 Baulim,
1789 507 1844 559 in
1890 505 2061 576 quibs:

2247 503 2356 557 Kal
2387 503 2689 572 ἐκδικήσω
2717 502 2810 554 ἐπ’
2836 502 3029 572 αὐτὴν
3071 502 3176 570 τὰς
3205 504 3424 574 ἡμέρας
3457 506 3577 559 τῶν
3613 511 3758 562 Βαα-

503 603 810 660 immolabot
871 600 963 664 eis,
1013 609 1058 652 et
1100 597 1454 651 circumdabat
1499 594 1610 667 44
1661 597 1870 650 inaures
1915 611 2069 660 suos,

503 707 550 749 el
573 695 788 748 monilia
808 707 926 753 sua,
949 700 994 742 et
1025 690 1132 742 ibat
1166 697 1282 754 post
1303 698 1565 742 mutuare:
1590 703 1710 742 suos
1733 701 1752 741 :
1779 688 1878 740 mei
1902 694 2073 741 autem

503 785 666 839 oblita
707 791 805 848 est,
832 781 956 836 dicit
983 779 1263 834 Dominus.

571 962 711 1020 XXI.
757 962 890 1018 Tam
953 959 1189 1027 severae,
1240 961 1348 1014 imo
1383 959 1546 1013 etiam
1597 959 1652 1014 in
1699 958 1818 1013 illos
1879 973 2074 1014 come-

505 1055 862 1109 nientissima:
891 1052 1278 1120 indignationis
1299 1068 1516 1105 causam
1554 1053 1748 1106 iterum
1774 1053 2069 1122 subjungit.

501 1149 638 1213 Quia
669 1147 812 1202 enim
846 1146 897 1202 in
951 1160 1136 1199 errore
1198 1144 1488 1198 admodum
1541 1145 1629 1198 diu
1693 1145 2069 1212 perstiterunt,

500 1238 694 1308 aequali
721 1238 978 1306 temporis
1014 1236 1365 1290 diuturnitate
1394 1252 1487 1290 eos
1533 1237 1624 1290 Dei
1665 1237 1797 1289 iram
1825 1247 2076 1304 expertu-

499 1345 592 1384 ros
638 1328 886 1381 allirmat.
937 1325 1045 1380 lloc
1083 1327 1182 1379 sibi
1223 1325 1352 1390 vult,
1387 1329 1616 1394 opinor:
1655 1345 1672 1376 ι
1705 1325 1950 1380 Ulciscar
1982 1341 2073 1380 su-

499 1436 597 1486 per
623 1433 747 1476 eam
797 1419 915 1472 dics
953 1416 1175 1481 Baalim,
1215 1435 1234 1467 ι
1268 1417 1368 1488 hoc
1394 1426 1475 1470 est
1506 1416 1786 1470 idolorum.
1809 1417 2070 1487 Exmqna-

499 1512 634 1566 bunt
679 1509 821 1564 enim
872 1508 1049 1577 plane,
1092 1507 1283 1575 inquit,
1309 1508 1425 1561 dies
1481 1508 1704 1572 erroris,
1746 1507 1940 1576 quibus
1988 1507 2072 1561 in-

499 1614 723 1654 censum
773 1597 1008 1654 adolevit
1069 1595 1218 1663 Baal,
1259 1597 1374 1652 dies
1434 1596 1680 1665 supplicii
1713 1605 1768 1650 et
1827 1595 2068 1651 ultionis.

500 1691 617 1746 Non
652 1692 794 1746 enim
840 1689 1046 1744 destitit
1084 1703 1140 1742 se
1163 1703 1381 1752 ornare,
1417 1696 1472 1742 et
1518 1687 1653 1742 velle
1719 1687 2070 1742 multifariam

499 1784 711 1853 placere
759 1781 872 1836 suis
900 1777 1505 1835 amatoribus.0rnatus
1540 1787 1718 1832 autem
1743 1779 2068 1844 animarum

2179 595 2340 663 λεὶμ,
2378 595 2448 648 ἐν
2480 590 2575 660 αἶς
2604 595 2859 648 ἐπέθυεν
2900 594 3124 660 αὐτοῖς,
3167 595 3265 649 καὶ
3298 597 3657 664 περιετίθετο
3687 597 3761 652 τὰ

2179 685 2389 739 ἐνώτια
2420 684 2630 755 αὐτῆς,
2661 684 2757 737 καὶ
2783 685 2856 739 τὰ
2899 687 3186 754 καθέρμια
3216 685 3406 754 αὐτῆς
3427 702 3442 718 ο
3491 687 3591 740 καὶ
3627 689 3758 740 erro.

2173 778 2384 846 ρεύετο
2417 778 2610 830 ὀπίσω
2647 775 2766 829 τῶν
2791 774 3060 843 ἐραστῶν
3116 775 3327 844 αὐτῆς,
3358 776 3506 845 ἐμοῦ
3551 777 3619 829 δὲ
3653 778 3759 832 ἐπ-

2179 865 2453 932 ελάθετο,
2484 867 2644 934 λέγει
2677 867 2912 935 Κύριος.

2249 958 2380 1010 KA'.
2469 956 2748 1027 Ἐπιφέρει
2797 956 2959 1010 πάλιν
3005 956 3166 1020 εὐθὺς
3209 956 3308 1027 τῆς
3369 954 3514 1010 οὕτω
3551 956 3732 1026 δεινῆς

2183 1048 2382 1119 μᾶλλον
2418 1047 2474 1101 δὲ
2510 1049 2606 1102 καὶ
2657 1048 2777 1101 λίαν
2825 1048 3284 1119 πρεπωδεστάτης
3336 1048 3520 1110 αὐτοῖς
3557 1048 3757 1115 ἀγανα-

2179 1140 2426 1211 κτήσεως
2470 1139 2570 1212 τὴν
2613 1141 2811 1194 αἰτίαν.
2862 1140 3078 1210 Ἐπειδὴ
3130 1139 3240 1209 γὰρ
3286 1140 3531 1209 μακροὺς
3583 1141 3641 1192 ὲν
3680 1139 3756 1210 τῷ

2179 1227 2555 1298 πεπλανῆσθαι
2581 1227 2982 1282 διατετελέκασι
3010 1227 3255 1298 χρόνους,
3288 1227 3346 1279 ὲν
3382 1226 3522 1288 ἴσαις
3549 1226 3755 1296 καιρῶν

2179 1319 2547 1390 παρατάσεσι,
2576 1320 2761 1391 φησὶν,
2792 1320 2974 1386 ἕξουσι
3007 1320 3107 1390 τὴν
3135 1320 3324 1390 ὀργήν.
3355 1317 3548 1381 Τοῦτο,
3577 1313 3754 1387 οἶμαι,

2177 1409 2296 1462 ἐστὶ
2344 1409 2424 1475 τὸ,
2483 1427 2502 1461 ι
2550 1409 2850 1481 Ἐκδικήσω
2895 1410 2980 1463 ἐπ’
3024 1409 3192 1480 αὐτὴν
3238 1410 3338 1472 τὰς
3389 1408 3600 1478 ἡμέρας
3646 1408 3755 1462 τῶν

2178 1497 2443 1569 Βααλεὶμ,
2486 1517 2504 1552 ι
2545 1501 2792 1554 τουτέστι
2818 1501 2925 1554 τῶν
2954 1500 3207 1554 εἰδώλων.
3255 1500 3613 1568 Ἰσομοιρήσει
3643 1500 3753 1569 γὰρ

2178 1591 2416 1655 πάντως,
2453 1591 2608 1662 φησὶ,
2650 1594 2769 1656 ταῖς
2798 1592 2896 1663 τῆς
2927 1592 3248 1664 πλανήσεως
3287 1592 3540 1661 ἡμέραις,
3574 1592 3631 1644 ὲν
3665 1586 3753 1654 αἷς

2175 1679 2373 1751 ὲθυμία
2399 1683 2465 1752 τῇ
2498 1681 2666 1748 Βάαλ,
2694 1682 2762 1734 τὰ
2793 1683 2858 1735 ὲκ
2885 1684 3075 1754 ποινῆς
3103 1701 3162 1736 τε
3193 1683 3286 1736 καὶ
3334 1683 3509 1754 δίκης.
3541 1685 3616 1738 Οὐ
3640 1684 3751 1756 γὰρ

2175 1769 2508 1823 διαλέλοιπεν
2549 1770 2916 1844 ὡραῖζομένη,
2966 1773 3061 1826 καὶ
3093 1775 3205 1836 τοῖς
3249 1773 3450 1843 ἑαυτῆς
3497 1777 3751 1846 ἐρασταῖς

501 1875 818 1931 idololatriae
848 1871 1230 1939 implicitarum
1258 1878 1341 1923 est
1390 1869 1476 1923 illa
1519 1869 1767 1939 persequi
1827 1877 1883 1922 et
1917 1867 2061 1922 facti-

2174 1860 2478 1917 ἁνδάνουσα
2512 1863 2885 1934 πολυτρόπως.
2920 1863 3141 1934 Κόσμος
3166 1864 3222 1917 δὲ
3249 1865 3445 1936 ψυχαῖς
3468 1867 3750 1922 είδωλολαυ

501 1977 624 2023 tare
662 1978 780 2032 qua:
819 1962 1043 2031 impuris
1073 1961 1404 2014 daemonibus
1437 1960 1695 2013 arrident.
1744 1959 1897 2013 Sicut
1924 1960 2065 2012 enim

498 2055 840 2124 conspicuam
885 2066 1005 2106 esse
1035 2051 1267 2106 dicimus
1309 2049 1541 2104 hominis
1597 2051 1853 2114 animam,
1881 2051 1934 2102 in
1959 2064 2064 2118 qua

498 2146 713 2210 virtutis
755 2144 1096 2208 excellentia,
1121 2150 1174 2196 et
1231 2141 1570 2210 pulchritudo
1611 2139 1963 2208 perspicitur:
1988 2140 2067 2196 sic

499 2241 737 2292 animam
790 2236 1028 2306 peccatis
1068 2235 1317 2302 amicam,
1349 2234 1782 2303 cogitanlenique
1812 2241 1866 2286 et
1905 2247 2067 2302 agen-

496 2336 604 2383 tem
631 2343 694 2382 ex
757 2327 1002 2380 instituto
1037 2339 1155 2394 qua:
1202 2325 1502 2378 daemonum
1551 2323 1799 2393 gregibus
1831 2322 2066 2392 jucunda

494 2429 550 2474 et
580 2427 805 2487 accepta
844 2425 1001 2481 sunt,
1032 2414 1188 2486 longe
1223 2415 1635 2484 pulcherrimam
1669 2413 1770 2467 illis
1809 2428 1932 2468 esse
1953 2421 2066 2467 sta-

495 2510 754 2565 tuendum
799 2518 903 2561 est.
937 2505 1083 2560 Talis
1122 2507 1298 2559 anima
1338 2519 1458 2558 cum
1524 2503 1748 2557 muliere
1801 2505 2066 2569 improba,

496 2614 630 2653 auro
660 2613 719 2652 se
758 2596 921 2652 stulte
967 2601 1283 2657 exornante,
1306 2593 1744 2659 ornamentisque
1777 2590 1986 2643 aurium
2013 2601 2067 2644 ct

495 2690 617 2745 colli
670 2698 972 2743 amatorum
1020 2701 1236 2741 suorum
1264 2685 1424 2738 corda
1472 2681 1856 2752 prepemodum
1888 2681 2067 2736 incan-

497 2791 644 2835 tanle
669 2777 904 2834 conferri
941 2785 1136 2848 potest.
1168 2775 1468 2842 Quanudam
1516 2774 1684 2842 igitur
1747 2773 2064 2843 dignitatem

495 2874 638 2944 parit
694 2869 952 2942 improbis
991 2884 1152 2925 omne
1192 2883 1362 2937 genus
1402 2865 1779 2920 immunditiis.
1825 2863 2062 2930 Quorum

493 2973 674 3018 autem
713 2977 909 3031 scopus
934 2969 1019 3015 est
1051 2960 1118 3014 ad
1150 2959 1235 3011 illa
1267 2957 1556 3025 respicere,
1587 2955 1653 3010 iis
1675 2956 1838 3008 etiam
1875 2955 2065 3010 solem-

494 3072 563 3111 ne
600 3065 657 3110 et
703 3053 1067 3108 necessarium
1125 3065 1244 3105 esse
1281 3049 1450 3118 ipsius
1485 3063 1698 3117 quoque
1735 3048 1823 3101 Dei
1876 3048 2065 3104 oblivi-

493 3148 594 3212 sci,
622 3145 858 3199 ostendit
903 3158 1028 3199 cum
1055 3142 1185 3196 dicit
1209 3158 1226 3198 :
1255 3159 1274 3194 ι
1307 3139 1410 3196 Mei
1458 3148 1638 3194 autem
1669 3139 1834 3192 oblita
1862 3149 1966 3206 est,
1990 3140 2066 3192 di-

493 3207 940 3293 cit'Dominusn
1000 3230 1100 3288 Ubi
1161 3233 1306 3288 enim
1357 3231 1630 3286 inlirma‘ta
1672 3239 1791 3297 est,
1845 3229 2058 3300 inquit,
2089 3207 2131 3264 θ

501 3327 832 3384 ιιιοιιιοιιίὺυε
883 3325 1240 3390 adhaerendo,
1301 3323 1408 3378 imo
1454 3338 1482 3376 ο
1533 3321 1796 3376 desiderio
1837 3329 1892 3375 et
1941 3337 2064 3392 pro.

493 3421 751 3488 pensione
785 3419 850 3472 ad
915 3417 1112 3471 bonum
1155 3415 1366 3484 penitus
1409 3414 1754 3480 discedendo,
1787 3413 1900 3483 ipsa
1934 3430 2066 3484 quo-

490 3528 594 3579 quc
617 3511 704 3564 Dei
731 3509 989 3563 memoria
1011 3507 1229 3574 decidit,
1242 3519 1360 3575 qua:
1380 3505 1540 3560 latius
1570 3502 1861 3572 impietatis
1877 3512 2064 3573 aperta

492 3599 879 3658 denionStratio
925 3605 1031 3654 est.

564 3881 726 3937 Vens.
751 3881 838 3935 H.
869 3880 998 3935 Ideo
1022 3896 1138 3936 ecce
1159 3895 1256 3950 ego
1298 3879 1490 3934 reduco
1518 3893 1658 3946 eam,
1682 3885 1731 3934 et
1761 3894 1954 3948 ponam
1995 3877 2062 3935 il-

489 3975 540 4026 la
549 3989 597 4026 ιιι
628 3975 779 4041 quasi
803 3971 1086 4023 desertum.

561 4061 724 4116 XXII.
768 4059 1056 4128 Postquam
1099 4058 1268 4124 enim,
1322 4057 1515 4127 inquit,
1543 4056 1631 4111 illa
1662 4055 1846 4112 multis
1889 4056 2063 4112 modis

485 4155 730 4218 oﬂendit,
761 4167 863 4222 ego
907 4159 1088 4206 autem
1128 4148 1472 4205 .del‘ectionis
1523 4162 1714 4218 poenas
1763 4147 2061 4218 justissime

425 4242 434 4249 ’
486 4243 766 4314 repuposci
797 4242 962 4311 (ultus
997 4257 1117 4298 sum
1147 4241 1291 4297 enim
1337 4255 1500 4312 super
1538 4254 1658 4296 eam
1680 4240 1798 4295 dies
1824 4238 2055 4302 Baalim,

486 4352 542 4390 et
586 4333 931 4402 proportione
968 4333 1287 4388 delictorum
1319 4332 1522 4404 savii);
1547 4332 1667 4387 ideo
1705 4334 1759 4386 in
1785 4341 2058 4398 posterum

485 4425 554 4478 ad
595 4422 1022 4478 misericordiam
1064 4437 1150 4476 me
1186 4423 1434 4487 dabo,et
1470 4438 1589 4477 eam
1633 4425 1700 4476 ad
1739 4423 1980 4488 meliora,
2005 4432 2058 4476 et

2169 1955 2318 2023 τρεῖν
2352 1953 2676 2024 ᾑρημέναις,
2710 1955 2772 2008 τὸ
2826 1956 3010 2010 ἐκεῖνα
3059 1956 3326 2028 πληροῦν,
3377 1957 3412 2012 ἃ
3456 1961 3569 2022 τοῖς
3613 1962 3749 2013 ἀκαι

2171 2043 2391 2115 θάρτοις
2435 2045 2732 2116 δαιμονίοις
2777 2046 2943 2103 δοκεῖ.
2993 2048 3200 2120 Ὥσπερ
3245 2052 3353 2120 γὰρ
3410 2050 3748 2105 ἀπόϐλεπτον

2168 2125 2306 2184 εἷναί
2335 2149 2515 2203 φαμεν
2543 2132 2831 2206 ἀνθρώπου
2857 2135 3052 2206 ψυχὴν,
3078 2131 3221 2208 ᾗπερ
3254 2135 3319 2190 ἂν
3346 2137 3518 2208 ὁρῷτο
3549 2141 3747 2209 προσὸν

2164 2221 2227 2275 τὸ
2256 2223 2578 2295 διαπρέπειν
2612 2226 2671 2278 ὲν
2699 2227 2920 2294 ἀρεταῖς
2938 2243 2952 2257 ο
2981 2227 3123 2281 οὕτω
3157 2227 3251 2281 καὶ
3289 2227 3467 2301 ψυχὴν
3495 2231 3593 2301 τὴν
3621 2231 3744 2301 φιλι-

2166 2318 2534 2386 αμοιρτήμονα
2563 2319 2682 2380 ταῖς
2717 2316 2827 2370 τῶν
2879 2319 3170 2390 δαιμονίων
3217 2321 3438 2388 ἀγέλαις
3473 2323 3744 2393 ὐποτοπψ

2165 2405 2285 2458 τέον
2317 2402 2458 2461 εἶναι
2484 2407 2810 2479 περικαλλῆ,
2848 2413 3066 2480 φρονεῖν
3093 2427 3153 2464 τε
3203 2413 3298 2466 καὶ
3324 2413 3456 2484 δρᾷν
3485 2413 3744 2484 ἑλομένην

2166 2499 2275 2551 πᾶν
2301 2499 2328 2551 ὃ
2345 2498 2396 2550 τί
2428 2500 2576 2553 ἐστιν
2603 2499 2700 2570 ἡδύ
2741 2517 2799 2554 τε
2827 2501 3010 2566 αὐτοῖς
3029 2503 3126 2556 καὶ
3154 2505 3328 2573 φίλον.
3351 2507 3744 2578 Παρεικάζοιτο

2164 2588 2208 2642 δ’
2253 2588 2318 2643 ἂν
2375 2591 2409 2661 ή
2455 2591 2680 2664 τοιαύτη
2731 2593 2874 2666 ψυχὴ
2930 2597 3150 2664 γυναικὶ
3206 2597 3333 2660 τοὺς
3382 2599 3616 2668 τρόπους
3645 2600 3743 2653 οὐκ

2165 2682 2365 2754 ἀγαθῇ,
2400 2683 2434 2754 ἢ
2485 2684 2576 2737 καὶ
2608 2683 2872 2758 ἐξιτήλως
2903 2686 3256 2758 χρυσαῒζεται
3280 2727 3295 2754 ,
3342 2689 3502 2761 μόνον
3533 2691 3590 2743 δὲ
3624 2693 3744 2762 οὐχὶ

2163 2773 2258 2825 καὶ
2307 2777 2418 2838 τοῖς
2451 2776 2531 2839 εἰς
2587 2775 2722 2829 ὠτία
2773 2778 2867 2830 καὶ
2918 2778 3080 2850 δέρην
3133 2781 3452 2850 κοσμήμασι
3495 2781 3596 2853 τὴν
3635 2782 3743 2836 τῶν

2164 2861 2414 2934 ἐρώντων
2457 2866 2627 2938 αὐτῆς
2656 2869 3052 2938 καταγοητεύει
3082 2871 3330 2941 καρδίαν.
3368 2872 3631 2943 Σεμνύνει
3676 2872 3742 2943 δὴ

2163 2948 2257 3004 οὖν
2289 2953 2397 3022 ἄρα
2423 2956 2548 3017 τοὺς
2582 2955 2852 3022 πονηροὺς
2883 2957 2993 3006 πᾶν
3039 2951 3178 3016 εἶδος
3223 2959 3582 3030 ἀκαθαρσίας.
3619 2963 3741 3016 Ὅτι

2162 3039 2240 3105 δὲ,
2277 3035 2357 3103 οἷς
2385 3042 2414 3092 ό
2444 3041 2644 3104 σκοπὸς
2668 3041 2803 3110 πρὸς
2827 3041 3009 3093 ἐκεῖνα
3039 3041 3280 3108 βλέπειν,
3322 3045 3532 3109 τούτοις
3561 3050 3627 3102 ἂν
3653 3053 3740 3121 εἴη

2167 3129 2400 3202 σύνηθές
2437 3147 2496 3182 τε
2525 3131 2618 3183 καὶ
2670 3131 2966 3198 ἀναγκαῖον
3007 3129 3067 3184 τὸ
3111 3131 3206 3184 καὶ
3235 3132 3403 3202 αὐτῆς
3431 3134 3740 3192 ἀπολισθεῖν

2164 3222 2264 3291 τῆς
2290 3221 2386 3276 τοῦ
2419 3220 2553 3276 Θεοῦ
2600 3223 2840 3293 μνήμης,
2874 3221 3107 3292 δέδειχεν
3151 3221 3356 3275 εἰπών’
3407 3240 3426 3275 ι
3479 3223 3642 3292 Ἐμοῦ
3684 3227 3739 3279 δὲ

2165 3312 2480 3382 ἐπελάθετο,
2528 3313 2675 3382 λέγει
2721 3313 2945 3385 Κύριος.
2990 3333 3009 3366 ι
3058 3312 3275 3384 Ἐπειδὴ
3311 3315 3418 3386 γὰρ
3449 3317 3737 3386 κατηρῤώ-

2168 3423 2356 3478 στησε,
2385 3407 2538 3478 φησὶ,
2560 3407 2638 3478 τῷ
2671 3405 3027 3479 προσκεῖσθαι
3055 3407 3166 3469 τοῖς
3191 3405 3507 3478 δαιμονίοις,
3538 3408 3736 3477 μᾶλλον

2164 3498 2221 3551 δὲ
2251 3499 2345 3552 καὶ
2372 3497 2682 3569 όλοτρόπως
2737 3498 3038 3568 ἀποφοιτᾷν
3078 3496 3178 3566 τῆς
3217 3500 3297 3561 είς
3321 3497 3383 3550 τὸ
3411 3498 3614 3566 ἀγαθὸν
3640 3500 3738 3569 ἐφ-

2167 3589 2337 3654 έσεώς
2378 3608 2437 3644 τε
2473 3591 2568 3644 καὶ
2608 3589 2932 3662 προθυμίας,
2983 3589 3078 3642 καὶ
3121 3590 3289 3660 αὐτῆς
3331 3589 3606 3645 ἀπώλισθε
3638 3592 3736 3662 τῆς

2162 3681 2258 3734 τοῦ
2284 3679 2418 3734 Θεοῦ
2456 3681 2696 3751 μνήμης.
2731 3678 2900 3732 Τοῦτο
2931 3678 2990 3732 δέ
3027 3679 3142 3732 ἐστι
3169 3679 3268 3750 τῆς
3297 3680 3526 3732 είσᾶπαν
3549 3679 3734 3734 δυσσε-

2164 3772 2316 3836 Gaia;
2347 3773 2623 3840 ἀπόδειξις
2667 3771 2924 3842 ἐναργής.

2230 3863 2336 3918 Διά
2370 3862 2546 3917 τοῦτο
2591 3861 2722 3916 ἰδοὺ
2767 3860 2884 3932 ἐγὼ
2927 3858 3138 3915 πλανῶ
3169 3857 3383 3928 αὐτὴν,
3433 3859 3532 3914 καὶ
3576 3860 3731 3926 τάξω

2162 3953 2358 4020 αὐτὴν
2387 3953 2469 4016 ὠς
2501 3951 2746 4022 ἔρημον.

2233 4046 2362 4100 ΚΒ’.
2416 4044 2635 4116 Ἐπειδὴ
2678 4043 2824 4115 γὰρ,
2883 4043 3082 4114 φησὶν,
3141 4041 3283 4111 αὕτη
3339 4041 3436 4113 μὲν
3479 4040 3728 4109 ἐξώκειλε

2161 4136 2535 4208 πολυτρόπως,
2563 4137 2806 4208 ἐζήτησα
2846 4134 2902 4188 δὲ
2945 4135 3039 4188 καὶ
3088 4133 3208 4188 λίαν
3247 4133 3422 4204 ὀρθῶς
3464 4133 3560 4205 τῆς
3599 4133 3727 4186 ἁπος

2162 4229 2388 4292 στασίας
2416 4227 2515 4291 τὰς
2562 4227 2718 4290 δίκας
2769 4226 3117 4297 (ἐκδεδίκηκα
3158 4225 3267 4297 γὰρ
3295 4225 3382 4279 ἐπ’
3432 4225 3600 4296 αὐτὴν
3632 4225 3726 4286 τὰς
3800 4210 3813 4218 ’

2157 4320 2373 4391 ἡμέρας
2396 4319 2504 4373 τῶν
2537 4318 2799 4390 Βααλεὶμ,
2841 4318 2938 4371 καὶ
2969 4317 3196 4389 ἰσοπαλῆ
3241 4319 3354 4382 τοῖς
3397 4317 3724 4387 πταίσμασιν

2160 4413 2463 4481 ὲπενήνοχα
2492 4411 2592 4478 τὴν
2628 4410 2844 4479 όργήν)⁶
2872 4409 3052 4480 ταύτῃ
3086 4427 3168 4462 τοι
3209 4409 3392 4463 λοιπὸν
3429 4410 3508 4472 είς
3550 4407 3723 4460 ἔλαιον

484 4519 552 4570 ad
594 4515 903 4571 facultatem
947 4527 1013 4568 ea
1067 4513 1379 4582 praestandi,
1430 4527 1524 4580 per
1565 4527 1686 4581 quae
1733 4511 1844 4564 Deo
1902 4521 2053 4580 grata

2163 4502 2597 4571 μεταστήσομαι,
2627 4499 2723 4552 καὶ
2745 4499 2881 4570 πρὸς
2900 4501 2961 4552 τὸ
2985 4500 3207 4569 ἄμεινον
3231 4499 3566 4572 μετακομιῶ,
3589 4497 3724 4569 πρός

483 4610 710 4663 evadere
748 4615 930 4676 queat,
973 4604 1315 4659 transieram.
1350 4603 1484 4669 Quis
1520 4618 1668 4671 ergo,
1715 4602 1907 4668 inquit,
1939 4614 2052 4653 mo-

481 4699 582 4752 dus
605 4697 710 4751 erit
754 4692 1106 4749 sanationis?
1157 4710 1176 4744 ι
1221 4693 1360 4747 Ecce
1393 4707 1492 4761 ego
1537 4691 1738 4745 seduco
1787 4687 1935 4742 illam
1971 4705 1985 4741 :
2027 4704 2046 4737 ι

480 4802 588 4841 non
635 4800 766 4841 sane
817 4784 885 4837 ab
927 4798 993 4838 eo
1045 4783 1185 4852 quod
1229 4782 1444 4835 tuendae
1497 4782 1617 4834 vitae
1685 4777 2050 4833 necessarium

477 4883 563 4930 est
599 4884 762 4944 atque
812 4874 961 4939 utile,
991 4883 1050 4927 ut
1089 4872 1341 4939 deinceps
1396 4870 1502 4925 tale
1553 4885 1658 4922 non
1684 4867 1792 4940 45
1831 4867 2051 4922 sitzsed

479 4985 510 5022 a
555 4967 820 5036 turpibus,
847 4975 902 5020 et
928 4979 1123 5020 nocere
1163 4961 1338 5016 solitis
1363 4963 1428 5015 ad
1477 4959 1646 5014 utilia.
1688 4959 2049 5024 Quemadmo-

477 5059 602 5112 dum
640 5059 784 5111 enitn
819 5074 848 5111 ιι
889 5057 1088 5110 virtute
1117 5056 1182 5108 ad
1230 5055 1358 5108 vitia
1394 5052 1670 5109 seducitur
1719 5052 1928 5117 anima;
1973 5049 2046 5104 ita

475 5161 557 5213 nt,
597 5149 858 5214 arbitror,
908 5164 938 5201 a
987 5147 1230 5201 moribus
1273 5144 1543 5214 perversis
1588 5144 1734 5196 velut
1773 5150 2044 5211 retrOgre-

473 5242 648 5305 diens,
680 5241 898 5295 seducta
931 5240 1317 5308 prapemodnm
1375 5234 1540 5290 videri
1583 5244 1762 5305 queat,
1800 5253 1831 5290 e
1882 5248 2044 5302 scopo

469 5347 570 5387 suo
621 5334 854 5393 detorta,
883 5342 939 5386 et
973 5331 1244 5400 proposita
1275 5330 1466 5385 semita
1519 5345 1624 5383 non
1654 5328 1888 5398 amplius
1917 5344 2044 5383 cur-

471 5437 618 5478 rens.
667 5423 734 5476 Et
773 5423 914 5476 sicut
959 5423 1076 5490 ejus
1105 5423 1205 5478 via:
1233 5423 1436 5476 utiliter
1487 5422 1621 5491 palis
1670 5422 2042 5491 impedieban-

468 5516 576 5581 tui,
632 5531 700 5570 ne
752 5526 1020 5570 amatores
1059 5531 1184 5572 suos
1236 5523 1616 5584 assequeretur
1643 5533 1658 5568 :
1687 5517 1758 5569 ita
1805 5525 1861 5569 et
1903 5529 2044 5570 nunc

468 5609 632 5663 veluti
686 5623 782 5677 per
809 5624 1043 5677 prasceps
1073 5611 1123 5662 in
1160 5608 1450 5678 perniciem
1509 5619 1560 5663 et
1597 5609 1820 5662 exilium
1857 5622 2044 5661 errare

467 5700 698 5761 videtur,
729 5700 795 5752 ad
846 5715 1085 5752 amorem
1138 5700 1348 5754 virtutis
1392 5698 1499 5754 Deo
1536 5700 1825 5754 miserante
1867 5711 2044 5752 trans-

469 5788 598 5857 lata,
633 5800 686 5843 et
721 5803 843 5845 vera
888 5788 983 5844 Dei
1014 5788 1322 5859 cognitione
1344 5789 1396 5844 in
1447 5789 1705 5855 animum,
1737 5799 1791 5844 et
1835 5789 2040 5844 lumine

2154 4607 2214 4644 τε
2233 4591 2294 4645 τὸ
2311 4588 2570 4645 δύνασθαι
2593 4587 2830 4660 πληροῦν
2853 4589 2923 4643 τὰ
2945 4590 3011 4644 δι’
3034 4583 3109 4645 ὧν
3133 4589 3198 4644 ἃν
3219 4591 3424 4660 γένοιτο
3451 4589 3722 4661 θεοφιλής.

2154 4683 2250 4746 Τίς
2276 4682 2340 4754 δὴ
2367 4679 2459 4738 οὖν
2490 4682 2617 4754 ἄρα,
2645 4683 2830 4753 φησὶν,
2863 4684 2892 4736 ὁ
2917 4681 3017 4752 τῆς
3043 4683 3281 4746 ἀκέσεως
3310 4682 3459 4736 ἔσται
3494 4682 3722 4754 τρόποςς

2157 4791 2177 4826 α
2232 4773 2362 4827 Ἰδοὺ
2390 4771 2500 4841 ἐγὼ
2542 4772 2728 4827 πλανῶ
2762 4773 2933 4844 αὑτήν
2955 4786 2968 4802 ’
3003 4791 3022 4826 ι
3060 4773 3159 4826 οὐκ
3195 4773 3302 4826 ἀπό
3329 4789 3393 4842 γε
3433 4773 3526 4828 τοῦ
3560 4773 3727 4840 ἀναγ-

2151 4865 2307 4919 καίου
2343 4867 2437 4919 καὶ
2490 4865 2764 4938 χρησίμου
2802 4867 2939 4936 πρὸς
2969 4864 3114 4937 ζωὴν
3151 4865 3286 4936 πρὸς
3322 4865 3382 4919 τὸ
3431 4865 3508 4936 μὴ
3552 4863 3724 4928 οὕτως

2151 4957 2293 5028 ἔχον,
2323 4957 2440 5011 ἀλλ’
2473 4959 2539 5011 ὲκ
2567 4956 2675 5012 τῶν
2720 4956 3005 5027 αἰσχιόνων
3035 4957 3127 5010 καὶ
3155 4957 3358 5009 ἀδικεῖν
3401 4956 3723 5025 πεφυκότων

2149 5050 2241 5102 ἐπὶ
2264 5049 2325 5102 τὸ
2356 5048 2542 5103 τελοῢν
2571 5051 2652 5112 εἰς
2693 5048 2900 5120 ὄνησιν.
2934 5047 3143 5117 Ὥσπερ
3176 5047 3283 5118 γὰρ
3327 5047 3385 5113 ἐξ
3413 5048 3614 5118 ἀρετῆς
3643 5049 3720 5111 είς

2149 5142 2460 5212 φαυλότητα
2477 5140 2744 5194 πλανᾶται
2768 5138 2913 5209 ψυχή
2938 5153 2954 5168 ·
2988 5137 3077 5192 τὸν
3104 5137 3286 5204 αὐτὸν,
3317 5135 3491 5210 οἶμαι,
3521 5140 3722 5210 τρόπον

2147 5240 2212 5292 ὲκ
2239 5239 2349 5291 τῶν
2377 5239 2476 5308 τῆς
2499 5236 2828 5306 φαυλότητος
2849 5235 3067 5306 τρόπων
3092 5236 3280 5292 ἀνόπιν
3323 5236 3511 5309 ὥσπερ
3544 5238 3719 5304 ίοῦσα,

2151 5331 2432 5402 μονονουχὶ
2454 5327 2830 5398 πεπλανῆσθαι
2860 5326 3059 5392 δόξειεν
3100 5328 3188 5393 ἂν,
3219 5328 3313 5383 τοῦ
3351 5330 3480 5384 ἰδίου
3513 5331 3720 5386 σκοποῦ

2145 5421 2618 5493 παρενηνεγμένη,
2661 5421 2754 5472 καὶ
2790 5419 2976 5489 τρίϐον
3003 5420 3186 5475 οὐκέτι
3227 5421 3326 5492 τὴν
3360 5422 3720 5493 προτεθεῖσαν

2144 5513 2450 5567 διάττουσα.
2487 5513 2598 5566 Καὶ
2627 5513 2816 5580 ὥσπερ
2846 5511 3014 5582 αὐτῆς
3062 5513 3118 5564 αἱ
3147 5512 3256 5566 ὁδοὶ
3289 5513 3575 5584 χρησίμως
3605 5515 3718 5576 τοῖς

2147 5603 2396 5672 σκόλοψιν
2439 5602 2853 5673 ἁνεφράττοντο,
2889 5601 2975 5654 ἶνα
3001 5601 3074 5672 μὴ
3102 5600 3378 5672 καταλάϐῃ
3403 5603 3526 5664 τοὺς
3547 5601 3718 5671 αὐτῆς

2145 5695 2376 5765 ἐραστάς
2405 5711 2418 5724 ·
2455 5692 2595 5746 οὕτω
2628 5691 2720 5746 καὶ
2767 5690 2861 5744 νῦν
2912 5690 3072 5743 οἱονεί
3101 5707 3216 5755 πως
3262 5691 3527 5762 τρέχουσα
3574 5692 3715 5744 κατὰ

2143 5786 2381 5857 πρανοῦς
2427 5787 2503 5849 εἰς
2533 5786 2750 5856 ὄλεθρον
2795 5785 2888 5839 καὶ
2925 5783 3218 5853 ἀπώλειαν,
3250 5786 3384 5855 ὲλέῳ
3415 5783 3548 5838 Θεοῦ
3579 5783 3709 5836 7:}:-
