4098 6276
350 435 422 493 81
1267 434 1810 492 ΕΟΜΜΕΝΤΑΙΚΙυό
1849 436 1917 491 ΙΝ
1957 435 2190 492 OSEAM
2233 436 2679 494 PROPHETAM.
3527 436 3608 490 8‘}

353 551 549 606 νᾶσθαι
569 551 734 612 δοκεῖ,
764 549 1134 620 μεθισταμένη
1175 553 1310 623 πρὸς
1337 552 1524 622 ἔφεσιν
1567 549 1802 624 ἀρετῆς,
1828 556 1923 608 καὶ

2028 554 2078 608 in
2121 569 2216 611 cor
2255 563 2531 624 suscepto,
2561 563 2617 608 et
2649 551 2791 606 viam
2857 550 3162 622 pristinam,
3211 557 3270 604 ut
3305 549 3438 612 dixi,
3492 565 3600 603 non

353 641 456 711 τῆς
481 638 711 710 ἀληθοῦς
740 638 1070 708 θεογνωσίας
1097 641 1178 704 είς
1221 640 1348 694 νοῦν
1397 642 1491 695 καὶ
1517 642 1744 713 καρδίαν
1773 643 1924 714 δεχοι

359 729 489 801 μένη
519 728 581 782 τὺ
609 727 744 796 φῶς,
774 729 868 781 καὶ
896 729 996 798 τὴν
1041 729 1292 800 ἀρχαίαν,
1315 730 1390 794 ὡς
1418 731 1572 803 ἔφην,
1601 731 1784 786 οὐκέτι
1815 733 1924 804 τρί-

357 821 446 876 ϐον
469 820 818 891 εὑρίσκουσα.
864 820 1056 874 ’ἰστέον
1077 820 1154 886 δὲ,
1186 823 1269 875 ὅτι
1301 821 1382 886 τὸ,
1415 841 1433 874 ι
1461 823 1655 877 Πλανῶ
1680 823 1868 895 αὑτὴν,
1898 843 1918 877 ι

352 915 462 974 τοῖς
493 912 700 984 ἑτέροις
735 913 1097 983 έρμηνευταῖς
1133 914 1348 985 εῐρηται
1381 914 1481 984 μὲν
1527 914 1722 980 άλλως.
1753 917 1921 987 Πλὴν,

353 1007 434 1069 είς
462 1005 561 1058 ἕνα
588 1006 679 1059 καὶ
709 1004 802 1058 τὸν
830 1003 994 1059 αὑτὸν
1029 1004 1456 1076 ἀποπεραίνεται
1486 1007 1629 1061 νοῦν.
1671 1007 1924 1062 Ἐκδεδὼ-

355 1111 486 1148 κασι
517 1095 645 1166 γὰρ,
689 1095 738 1147 oi
797 1093 917 1164 μὲν,
944 1112 961 1144 ι
998 1095 1079 1148 ὅτι
1108 1093 1216 1147 ἰδοὺ
1244 1093 1355 1161 ἐγὼ
1375 1094 1636 1168 ἀποφέρω
1656 1097 1826 1168 αὑτήν
1845 1112 1860 1128 '
1898 1115 1918 1150 ι

354 1187 403 1238 οἱ
428 1185 505 1250 δὲ,
544 1203 562 1236 ι
593 1187 672 1238 ὅτι
726 1183 918 1242 ἀπατῶ
965 1184 1167 1256 αὑτήν·
1201 1203 1220 1238 ›
1250 1186 1641 1258 ὲτεροτρόπως,
1661 1188 1736 1251 ὡς
1763 1170 1922 1259 ἔφην,

360 1278 492 1331 αὑτὸ
529 1277 594 1346 δὴ
629 1278 788 1330 τοῦτο
825 1277 1198 1347 σημαίνοντες,
1249 1277 1328 1343 τὸ,
1368 1295 1386 1328 ι
1422 1263 1640 1344 Πλανῶ,
1690 1297 1710 1331 ι
1759 1279 1921 1349 φημὶ,

354 1369 638 1439 χρησίμως
683 1370 990 1439 νοούμενον.
1046 1369 1286 1439 Βάσιμον
1329 1367 1387 1422 δὲ
1435 1364 1620 1433 οὖσαν,
1672 1370 1766 1424 καὶ
1814 1368 1924 1425 οἷον

353 1459 572 1530 ἔνυδρον
624 1461 728 1530 γῆν
778 1463 898 1524 ταῖς
946 1459 1055 1512 τῶν
1107 1459 1397 1529 δαιμονίων
1447 1459 1688 1528 ἀγέλαις,
1739 1459 1925 1528 τάξειν

355 1556 560 1626 ἔρημον
599 1551 1018 1622 ἐπαγγέλλεται,
1044 1549 1331 1612 διδάσκων,
1359 1551 1440 1603 ὅτι
1487 1547 1719 1620 σκληρόν
1747 1567 1806 1602 τε
1830 1550 1925 1604 καὶ

357 1645 558 1715 ἀστιϐῆ
593 1644 687 1698 καὶ
721 1642 948 1713 ἄνυδρον
993 1643 1262 1710 ἀποφανεῖ
1301 1641 1410 1704 τοῖς
1438 1640 1660 1694 ἐκείνων
1692 1640 1927 1712 θελήμαο

360 1754 464 1796 σιν,
501 1737 576 1798 ὡς
619 1733 935 1804 ἀναπαὺλης
965 1732 1149 1786 οὐδένα
1191 1731 1374 1785 λοιπὸν
1406 1730 1758 1802 εὑρίσκοντας
1795 1732 1928 1805 τρό-

360 1844 479 1892 πον,
513 1823 892 1897 παραιτεῖσθαι
931 1823 1022 1876 καὶ
1051 1823 1372 1893 ἀποφοιτᾷν.

429 1917 586 1972 Οῦτω
637 1917 730 1970 καὶ
778 1917 808 1968 6
848 1914 1048 1986 Κύριος
1097 1912 1254 1984 ἡμῶν
1295 1913 1500 1984 Ἰησοῦς
1541 1913 1776 1985 Χριστὸς
1801 1952 1817 1979 ,

359 2010 572 2076 ἐξελθὸν
620 2007 923 2078 ἀκάθαρτον
972 2003 1187 2074 πνεῦμα
1221 2005 1287 2057 ὲκ
1322 2002 1417 2056 τοῦ
1453 2003 1740 2075 ἀνθρώπου
1783 2005 1925 2078 διέρ-

360 2102 550 2173 χεσθαί
577 2118 709 2171 φησι
741 2099 805 2153 δι’
837 2098 1079 2167 ἀνύδρων
1131 2096 1330 2161 τόπων,
1366 2095 1562 2166 ζητοῦν
1600 2097 1926 2163 ἀνάπαυσιν,

359 2194 452 2246 καὶ
506 2192 580 2264 μὴ
633 2191 923 2262 εὑρίσκειν.
955 2189 1167 2258 Ὠσπερ
1207 2191 1316 2256 γὰρ
1365 2184 1673 2258 ἀνθρώποις
1714 2189 1813 2241 οὑκ
1850 2190 1929 2241 ol-

356 2285 592 2354 κήσιμος
635 2283 664 2335 6
712 2282 937 2353 ἄνυδρος
988 2278 1162 2350 χῶρος
1186 2293 1200 2310 ο
1261 2277 1404 2330 οὑτω
1452 2277 1542 2332 καὶ
1600 2279 1929 2350 ἀκαθάρτοις

356 2375 630 2446 πνεύμασι
657 2374 865 2444 πονηρὰ
901 2375 994 2427 καὶ
1023 2375 1405 2448 ἀπηχθημένη,
1452 2378 1547 2431 καὶ
1579 2372 1691 2432 οἷον
1727 2378 1928 2443 ἀΰατός

355 2478 413 2514 τε
470 2461 562 2514 καὶ
586 2461 813 2532 ἄνυδρος
841 2461 910 2532 γῆ
935 2464 1096 2515 νοοῖτ’
1117 2463 1182 2517 ἂν
1205 2464 1428 2529 εἰκότως
1459 2467 1494 2536 η
1527 2466 1778 2539 θεοφιλὴς
1832 2469 1928 2523 καὶ

355 2553 477 2606 ὁσία
504 2551 670 2623 ψυχὴ,
700 2554 794 2606 καὶ
832 2554 900 2607 τὰ
930 2554 1157 2618 ἐκείνοις
1189 2557 1312 2608 καθ’
1342 2557 1556 2629 ἡδονὴν,
1593 2557 1626 2628 ἢ
1685 2561 1923 2630 φρονεῖν,

356 2641 389 2710 ἢ
416 2641 547 2712 δρᾷν
577 2643 677 2696 οὑκ
701 2643 1021 2715 ἀνεχομένη.
1064 2646 1414 2717 Ἑπικουρίας
1459 2643 1550 2700 οὖν
1591 2648 1696 2719 ἄρα
1727 2650 1927 2719 τρόπος

358 2735 392 2802 ἠ
442 2732 626 2787 ἐνθάδε
668 2733 932 2804 λεγομένη
972 2735 1257 2806 πλάνησις,
1299 2738 1394 2790 καὶ
1441 2737 1546 2808 μὴν
1594 2741 1688 2792 καὶ
1736 2739 1800 2793 τὸ
1847 2742 1928 2804 είς

358 2824 564 2894 ἔρημον
613 2823 1044 2877 κατατάττεσθαι
1089 2826 1224 2897 γῆν,
1275 2827 1417 2881 κατά
1463 2844 1526 2896 γε
1565 2830 1690 2893 τοὺς
1728 2831 1926 2902 ἀρτίως

359 2914 493 2985 ἡμῖν
521 2915 641 2985 είρη
652 2913 846 2983 μένους
866 2913 1073 2980 λόγους.

424 3006 536 3059 Kal
569 3005 825 3071 λαλήσω
855 3005 951 3058 ἐπὶ
977 3006 1091 3074 τὴν
1112 3008 1364 3076 καρδίαν
1386 3007 1596 3078 αὐτῆς,
1629 3009 1728 3064 καὶ
1751 3009 1928 3066 δώσω

349 3093 504 3161 αὐτῇ
540 3095 612 3148 τὰ
643 3093 913 3162 κτήματα
939 3093 1128 3163 αὐτῆς
1155 3095 1400 3151 ἐκεῖθεν.

425 3187 549 3240 Kl".
569 3187 657 3238 Ἐν
673 3186 880 3249 τούτοις
899 3187 1028 3255 ἡμῖν
1047 3188 1075 3239 6
1088 3186 1243 3256 λόγος
1261 3188 1359 3260 τὴν
1381 3189 1467 3244 διὰ
1481 3189 1717 3261 Χριστοῦ
1742 3208 1922 3264 σωτη-

359 3279 477 3350 ρίαν
514 3277 960 3347 καθυπισχνεῖται
1011 3277 1304 3350 λαμπρῶς,
1359 3281 1452 3333 καὶ
1507 3280 1616 3335 τῶν
1655 3283 1753 3353 τῆς
1801 3285 1923 3338 ἐπι-

355 3369 552 3439 δημίας
575 3368 939 3440 διαμέμνηται
989 3370 1214 3439 χρόνων,
1247 3369 1370 3423 καθ’
1405 3369 1500 3435 οὒς
1535 3373 1926 3444 πεπληρῶσθαι

361 3476 537 3528 φαμεν
585 3458 664 3524 τὸ,
703 3478 722 3511 t
761 3459 850 3514 Ἐν
871 3463 993 3524 ταῖς
1041 3461 1278 3533 ἡμέραις
1330 3461 1588 3527 ἐκείναις,
1618 3465 1713 3518 καὶ
1748 3465 1806 3517 ὲν
1848 3465 1926 3536 τῷ

360 3551 537 3620 καιρῷ
561 3550 748 3621 ἐκείνῳ
767 3551 938 3615 διδοὺς
983 3551 1138 3605 δώσω
1180 3553 1378 3623 νόμους
1416 3570 1518 3623 μου
1568 3556 1649 3618 είς
1691 3556 1926 3611 διάνοιαν

359 3642 556 3710 αὐτῶν,
588 3643 678 3696 καὶ
722 3643 814 3697 ἐπὶ
861 3645 1082 3715 καρδίας
1107 3644 1288 3699 αὑτῶν
1332 3646 1596 3716 ἐγγράφω
1634 3648 1850 3714 αὑτούς.
1896 3668 1916 3702 ι

353 3733 506 3788 Οὕτω
544 3734 650 3806 γάρ
698 3736 760 3807 δὴ
809 3736 904 3790 καὶ
955 3737 982 3788 6
1028 3738 1335 3806 σοφώτατος
1382 3739 1617 3806 Παῦλος,
1664 3743 1776 3804 τοῖς
1827 3744 1926 3814 τὴν

348 3823 490 3877 οὕτω
533 3824 788 3896 λαμπρὰν
840 3826 935 3880 καὶ
988 3827 1309 3898 ἁξιόληπτον
1353 3829 1570 3901 ἀληθῶς
1624 3833 1926 3886 καταπλου-

346 3915 544 3984 τὴσασι
611 3915 772 3986 χάριν
849 3917 1182 3981 ἐπιστέλλει,
1233 3917 1440 3988 λέγων·
1484 3940 1503 3973 ι
1548 3921 1612 3974 Ἦ
1671 3924 1925 3996 ἐπιστολὴ

348 4005 505 4073 ἡμῶν
541 4006 697 4076 ὑμεῖς
731 4008 854 4059 ἐστε
913 4008 1334 4080 ὲγγεγραμμένη
1392 4010 1450 4064 ὲν
1507 4015 1628 4075 ταῖς
1678 4014 1926 4086 καρδίαις

349 4096 528 4164 ἡμῶν,
559 4097 937 4168 γινωσκομένη
982 4099 1075 4151 καὶ
1119 4101 1600 4175 ἀναγινωσκομένη
1635 4105 1740 4159 ὑπὸ
1789 4107 1928 4161 πάν-

349 4203 463 4238 των
521 4184 824 4255 ἀνθρώπων
849 4223 867 4249 ,
911 4187 1299 4259 φανερούμενοι
1351 4192 1434 4244 ὅτι
1492 4194 1614 4246 ἐστὲ
1674 4197 1926 4270 ἐπιστολὴ

351 4277 612 4346 Χριστοῦ,
649 4275 1025 4347 διακονηθεῖσα
1056 4277 1145 4347 ὑφ’
1182 4279 1358 4349 ἡμῶν,
1408 4283 1830 4358 ἐγγεγραμμένη
1865 4290 1924 4343 οὐ

352 4367 562 4437 μέλανι,
591 4367 728 4421 ἀλλά
759 4365 1030 4437 πνεύματι
1076 4368 1212 4422 Θεοῦ
1241 4368 1458 4436 ζῶντος.
1495 4391 1514 4426 ι
1540 4375 1787 4431 Διδακτοὶ
1818 4377 1926 4451 γάρ

347 4459 482 4514 Θεοῦ
509 4461 812 4530 γεγόναμεν
835 4460 882 4512 oi
912 4461 1349 4527 πεπιστευκότες.
1383 4465 1493 4518 Καὶ
1517 4466 1649 4536 γοῦν
1675 4469 1704 4522 6
1731 4469 1926 4524 θεσπέ-

2029 645 2258 713 amplius
2315 645 2613 700 inveniens.
2654 642 2943 698 Sciendum
2988 655 3172 712 porro,
3204 639 3369 694 illudt
3403 641 3603 695 seduco

2031 735 2199 804 ipsam
2241 753 2260 787 ι
2296 733 2435 788 alios
2487 734 2640 788 aliter
2706 731 3026 787 reddidisse.
3093 728 3469 784 Verumtamen
3533 728 3600 780 ad

2030 841 2194 880 unum
2249 833 2304 880 et
2355 826 2600 879 eumdem
2651 821 2810 875 tinem
2863 822 3075 876 recidit.
3133 821 3427 876 Edideruut
3454 820 3599 876 enim

2030 918 2244 987 quidam
2268 933 2282 970 :
2313 933 2330 968 ι
2355 915 2489 982 Quia
2512 928 2642 970 ecce
2663 927 2768 980 ego
2785 913 2971 967 aufero
2994 913 3185 981 ipsam.
3220 932 3239 965 ι
3269 914 3395 977 Alii,
3426 929 3446 964 ι
3471 913 3600 980 quia

2030 1009 2239 1079 decipio
2291 1009 2482 1077 ipsam,
2522 1025 2540 1058 ι
2593 1005 2713 1061 aliis
2774 1005 3036 1070 vocibus,
3068 1012 3128 1058 ut
3183 1005 3444 1070 dicebam,
3500 1005 3603 1059 hoe

2031 1099 2204 1168 ipsum
2239 1098 2599 1169 signiﬁcantes
2628 1114 2642 1162 ;
2679 1095 2808 1151 illud
2833 1093 3364 1163 ιεοόιιοο,ιίιι(ιιιιιηι,
3396 1095 3602 1152 utiliter

2030 1190 2383 1246 intellectum.
2451 1188 2699 1244 Perviam
2770 1197 2980 1252 autem,
3044 1195 3099 1240 ct
3147 1185 3292 1240 velut
3341 1200 3597 1252 aquosam

2030 1289 2230 1333 terram
2261 1278 2562 1332 daemonum
2607 1275 2842 1329 catervis
2880 1273 3182 1342 positurum
3225 1287 3287 1328 se
3328 1273 3598 1328 desertam

2029 1369 2315 1437 Ρτοιῐὶῖῑιῖιν
2344 1369 2564 1432 docens,
2594 1381 2871 1438 asperam,
2922 1365 3120 1418 inviam
3169 1373 3226 1420 et
3283 1364 3631 1433 inaquosam.

2032 1461 2242 1516 ilIorum
2275 1459 2658 1530 cupiditatibus
2709 1459 2999 1521 facturum,
3027 1463 3086 1510 ut
3143 1455 3344 1525 requiei
3394 1454 3598 1509 mtllum

2030 1550 2097 1606 de
2129 1559 2324 1605 caetero
2369 1549 2582 1603 modum
2631 1548 2994 1620 reperientes,
3045 1562 3162 1603 eam
3200 1557 3595 1617 aspernentur,

2031 1647 2086 1694 et
2118 1639 2430 1698 abscedant.

1864 1916 1926 1969 τὸ
1954 1905 1998 1962 Β
2099 1920 2190 1977 Sic
2216 1922 2378 1976 etiam
2420 1921 2678 1976 Dominus
2708 1930 2892 1977 noster
2917 1919 3336 1978 JesusChristus
3361 1922 3598 1990 "egres-

2029 2029 2148 2068 sum
2178 2014 2427 2084 spiritum
2468 2013 2802 2068 immundum
2836 2013 2904 2068 ab
2935 2012 3152 2068 homine
3195 2011 3470 2066 ambulare
3522 2011 3602 2066 alt

2027 2118 2124 2173 per
2153 2105 2269 2160 loca
2316 2103 2596 2174 iuaquosa,
2628 2112 2962 2174 quaerentem
3012 2102 3279 2172 requiem,
3321 2115 3418 2157 nec
3451 2101 3601 2156 iuve-

2029 2195 2286 2253 nientem.
2318 2194 2448 2249 Nam
2481 2205 2540 2250 ut
2572 2195 2881 2250 hominibus
2916 2194 3066 2250 locus
3093 2193 3250 2262 aquis
3268 2208 3461 2249 carens
3485 2209 3601 2249 non

2027 2294 2110 2340 est
2145 2285 2474 2351 habitabilis,
2517 2287 2592 2340 ita
2634 2295 2690 2341 et
2716 2285 3007 2341 immundis
3052 2283 3335 2355 spiritibus
3373 2285 3514 2339 mala
3543 2294 3602 2341 et

2027 2375 2272 2440 molesta,
2299 2387 2353 2430 et
2375 2376 2521 2431 velut
2542 2375 2681 2430 invia
2730 2383 2788 2432 et
2834 2377 3094 2445 inaquosa
3123 2385 3272 2430 terra
3307 2389 3410 2429 non
3455 2374 3601 2442 inju-

2027 2467 2104 2521 ria
2135 2468 2464 2536 intelligatur
2513 2466 2604 2522 Dei
2633 2482 2845 2532 amans,
2872 2477 2929 2522 et
2975 2469 3043 2522 ad
3076 2467 3288 2522 illorum
3337 2466 3596 2542 placitum

2028 2560 2161 2615 nihil
2194 2570 2286 2614 aut
2309 2562 2553 2631 cogitare
2599 2570 2691 2616 aut
2729 2561 2906 2615 facere
2941 2559 3218 2615 sustinens
3247 2558 3447 2612 anima.
3485 2557 3602 2612 Mo-

2027 2651 2124 2705 dus
2161 2651 2323 2721 igitur
2349 2652 2534 2706 auxilii
2561 2661 2666 2718 est,
2698 2667 2820 2722 qua
2844 2650 2931 2705 hic
2966 2650 3164 2706 dicitur
3208 2649 3473 2714 seductio,
3503 2658 3587 2701 at-

2027 2757 2133 2812 que
2174 2743 2338 2797 etiam
2390 2743 2443 2798 in
2499 2744 2770 2799 desertam
2828 2727 3052 2805 terram,
3107 2756 3199 2797 seu
3253 2740 3598 2796 solitudinem

2023 2835 2299 2900 constitui,
2326 2833 2482 2904 juxta
2510 2835 2562 2892 id
2588 2836 2728 2905 quod
2754 2834 2866 2904 jam
2900 2848 2930 2888 a
2965 2833 3118 2890 nobis
3142 2834 3342 2889 dictum
3372 2841 3475 2888 est.

2095 3014 2164 3071 Et
2185 3017 2370 3088 loquar
2385 3017 2455 3073 ad
2482 3032 2572 3072 cor
2597 3017 2735 3087 ejus,
2769 3025 2814 3072 et
2837 3015 2972 3070 dabo
2993 3012 3076 3069 illi
3109 3011 3463 3083 possessiones
3482 3008 3597 3078 eius

2026 3110 2170 3165 inde.

2098 3200 2280 3260 XXIII.
2315 3199 2410 3256 llis
2439 3197 2618 3256 verbis
2643 3198 2789 3254 salus
2819 3213 2916 3269 per
2939 3196 3214 3253 Christum
3247 3195 3402 3251 nobis
3434 3193 3598 3264 liqui-

2028 3293 2096 3349 do
2128 3292 2480 3365 promittitur,
2513 3299 2570 3345 et
2609 3299 2850 3358 tempora
2893 3289 3154 3342 adventus
3198 3284 3596 3356 signiﬁcantur,

2028 3386 2222 3454 quibus
2247 3382 2522 3453 Impletum
2553 3381 2782 3436 dicimus
2825 3379 2952 3433 illud
2979 3395 2992 3431 :
3023 3396 3041 3431 ι
3071 3377 3128 3432 1η
3155 3377 3344 3433 diebus
3393 3376 3519 3440 illis,
3542 3377 3600 3430 et

2027 3476 2081 3531 in
2114 3485 2355 3544 tempore
2401 3472 2490 3529 illo
2523 3473 2658 3527 dans
2693 3470 2833 3525 dabo
2881 3469 3025 3539 leges
3065 3482 3213 3523 meas
3261 3467 3314 3521 in
3360 3473 3596 3522 mentem

2027 3582 2235 3633 eorum,
2267 3574 2320 3620 et
2349 3566 2400 3620 in
2432 3565 2592 3620 corda
2619 3577 2804 3619 eorum
2845 3561 3136 3617 inscribam
3179 3573 3274 3614 eas
3319 3558 3384 3612 δ’.
3435 3573 3455 3609 ι
3506 3556 3601 3610 Sie

2027 3658 2171 3713 enim
2226 3656 2658 3726 sapientissimus
2696 3653 2894 3708 Paulus
2940 3652 3074 3706 adeo
3121 3649 3297 3718 ampla
3347 3657 3402 3701 et
3446 3661 3600 3700 acce-

2027 3751 2209 3820 ptione
2235 3750 2390 3818 digna
2419 3747 2590 3815 gratia
2620 3759 2746 3799 vere
2769 3743 3024 3799 divitibus
3057 3741 3243 3796 scribit
3267 3757 3280 3793 :
3309 3738 3420 3810 ιθ
3441 3737 3596 3807 «Ερε-

2026 3841 2163 3901 stola
2220 3849 2404 3894 nostra
2458 3852 2553 3894 vos
2611 3837 2779 3898 estis,
2830 3833 3032 3902 scripta
3089 3832 3141 3886 iu
3189 3832 3448 3885 cordibus
3501 3843 3599 3883 no-

2027 3936 2178 3995 stris.
2206 3945 2325 4001 quae
2352 3930 2522 3984 scitur
2545 3936 2598 3982 et
2642 3926 2836 3996 legitur
2862 3925 2930 3979 ab
2961 3921 3212 3978 omnibus
3245 3921 3553 3975 hominibus
3579 3937 3593 3974 :

2027 4021 2378 4086 manifestati,
2412 4019 2556 4091 quod
2586 4018 2813 4090 epistola
2853 4017 2984 4072 estis
3017 4012 3238 4078 Christi,
3292 4013 3596 4068 ministrata

2028 4131 2058 4170 a
2092 4115 2265 4178 nobis,
2305 4115 2503 4182 scripta
2553 4128 2657 4168 non
2709 4120 3032 4174 atramento,
3093 4113 3186 4166 sed
3249 4113 3438 4182 spiritu
3501 4107 3595 4161 Dei

2026 4205 2131 4262 vivi
2162 4205 2230 4259 ⁸⁸.
2273 4222 2291 4256 ι
2331 4205 2373 4257 Α
2405 4205 2514 4258 Deo
2534 4206 2675 4258 enim
2708 4201 2852 4257 doeti
2895 4201 3191 4265 evasimus,
3225 4202 3315 4269 qui
3367 4199 3600 4256 credidi-

2029 4309 2168 4348 mus.
2203 4292 2386 4361 Itaque
2419 4297 2639 4346 sanctus
2680 4288 2913 4345 Joannes
2957 4291 3038 4345 sic
3091 4303 3188 4345 nos
3239 4289 3532 4358 alloquitur
3579 4305 3595 4341 :

2033 4403 2051 4436 ι
2090 4384 2154 4438 Ει
2177 4397 2272 4438 vos
2301 4381 2610 4438 unctionem
2635 4381 2845 4438 habetis
2870 4396 2900 4436 a
2933 4391 3137 4448 sancto,
3159 4391 3215 4438 et
3244 4397 3349 4436 non
3377 4393 3598 4435 necesse

2032 4474 2244 4530 habetis
2279 4482 2340 4528 ut
2381 4473 2578 4544 aliquis
2605 4473 2797 4530 doceat
2839 4487 2938 4530 vos
2982 4488 2997 4527 :
3039 4473 3132 4527 sed
3178 4473 3319 4527 sicut
3372 4471 3598 4540 spiritus

351 4568 462 4614 σιος
517 4552 772 4621 Ἰωάννης
823 4550 1280 4623 προσπεφώνηκε,
1337 4552 1509 4623 λέγων
1532 4570 1546 4586 ⁶
1587 4575 1605 4608 ι
1629 4557 1737 4613 Kal.
1767 4558 1925 4630 ὑμεῖς

2028 4565 2142 4632 ejus
2172 4563 2331 4620 docet
2363 4579 2457 4620 vos
2486 4564 2553 4619 de
2578 4564 2833 4620 omnibus
2873 4563 2940 4618 “.
2979 4580 2999 4615 ι
3031 4562 3094 4617 Et
3143 4561 3195 4616 in
3245 4562 3408 4617 corde
3452 4561 3600 4615 intus

349 4644 556 4718 χρίσμα
585 4643 735 4714 ἔχετε
779 4643 890 4697 ἀπὺ
920 4643 1014 4697 τοῦ
1040 4643 1195 4712 ἁγίου
1217 4659 1232 4675 ⁶
1308 4646 1402 4700 καὶ
1441 4647 1502 4700 οὑ
1536 4649 1726 4720 χρείαν
1749 4649 1924 4721 ἔχετε,

351 4738 437 4790 ἵνα
465 4754 545 4800 τις
575 4737 800 4808 διδάσκῃ
833 4736 1009 4806 ὑμᾶς’
1043 4735 1178 4790 ἀλλά
1213 4735 1396 4799 καθὼς
1433 4738 1492 4792 τὸ
1518 4739 1682 4793 αὑτοῦ
1708 4741 1928 4812 πνεῦμα

349 4829 589 4882 διδάσκει
630 4827 771 4897 ὑμᾶς
798 4827 928 4897 περὶ
955 4826 1190 4881 πάντων.
1229 4846 1250 4880 ι
1282 4828 1392 4880 Καὶ
1440 4830 1519 4893 είς
1561 4831 1787 4898 καρδίαν
1818 4832 1927 4886 ἔσω

349 4919 535 4973 λοιπὸν
555 4919 765 4988 ἔχοντες
801 4919 960 4972 αὑτὸν
990 4917 1303 4974 ἐνοικοῦντα
1329 4920 1585 4992 Χριστὸν,
1612 4921 1720 4975 τῶν
1754 4925 1926 4992 ἀναγο-

350 5006 522 5062 καίων
569 5008 883 5077 εἰσηγητὴν,
926 5010 1147 5080 ἁπάσης
1190 5009 1352 5074 εὐθὺς
1409 5010 1614 5082 ἀρετῆς
1661 5011 1801 5065 ἰδέαν
1827 5029 1926 5066 πε·-

353 5100 751 5171 πλουτήκαμεν,
781 5101 874 5153 καὶ
901 5101 996 5172 τὴν
1027 5101 1136 5154 τῶν
1161 5101 1544 5172 πνευματικῶν
1569 5103 1925 5174 χαρισμάτων

350 5190 639 5260 ἀμφιλαφῆ
664 5207 724 5242 τε
764 5190 860 5243 καὶ
904 5191 1273 5264 ἀναπόϐλητον
1314 5193 1525 5263 κτῆσιν.
1560 5194 1668 5246 Καὶ
1698 5194 1762 5264 δὴ
1787 5194 1924 5268 πρὸς

351 5281 506 5335 τοῦτο
541 5282 686 5351 ἡμᾶς
710 5281 938 5351 ἐμπεδοῖ
966 5283 1190 5356 γράφων
1212 5283 1424 5348 Παῦλος
1447 5299 1460 5313 °
1492 5284 1647 5338 «Ὅτι
1670 5283 1705 5338 ὃ.
1724 5284 1924 5353 ὀφθαλ-

356 5373 452 5444 μὸς
477 5372 577 5426 οὑκ
615 5367 744 5435 εἴθε,
775 5373 869 5426 καὶ
897 5368 989 5436 οῦς
1015 5375 1114 5427 οὑκ
1153 5375 1383 5445 ἢκουσε,
1404 5373 1547 5446 [καὶ]
1569 5375 1660 5428 ἐπὶ
1701 5377 1928 5446 καρδίαν

353 5463 636 5534 ἀνθρώπου
665 5465 761 5518 οὑκ
791 5465 982 5536 ἀνέϐη,
1023 5471 1057 5524 ἃ
1081 5469 1378 5539 ἡτοίμασεν
1404 5471 1432 5521 6
1469 5467 1602 5530 Θεὸς
1648 5471 1760 5532 τοῖς
1797 5472 1930 5539 ἀγαο

2028 4655 2095 4711 de
2143 4665 2340 4712 caetero
2384 4655 2660 4710 Christum
2710 4653 3040 4708 habitantem
3096 4653 3455 4717 continentes,
3506 4665 3598 4705 ne-

2027 4748 2389 4802 cessariorum
2444 4749 2790 4812 monitorem,
2848 4747 3093 4816 protinus
3140 4745 3356 4800 virtutis
3400 4742 3596 4806 forma,

2028 4838 2494 4908 Spiritualiumque
2515 4839 2903 4893 charismatum
2932 4840 3085 4895 uberi
3106 4846 3159 4893 et
3193 4834 3595 4904 indepraadabili

2028 4933 2366 4999 possessione
2397 4930 2547 4985 dilati
2579 4945 2788 4986 sumus.
2831 4931 3007 5000 Atque
3037 4932 3198 4986 etiam
3240 4929 3306 4983 ad
3341 4929 3444 4982 hoc
3501 4941 3600 4981 nos

2031 5022 2318 5076 conﬁrmat
2345 5021 2566 5086 Paulus,
2593 5023 2834 5077 scribens
2870 5039 2884 5076 :
2925 5039 2943 5074 ι
2981 5023 3118 5089 Quia
3145 5019 3333 5075 oculus
3361 5033 3466 5071 non
3519 5018 3601 5071 vi-

2032 5111 2131 5175 dit,
2156 5118 2213 5165 et
2235 5111 2382 5164 auris
2419 5127 2524 5165 non
2565 5111 2787 5177 audivit,
2833 5119 2886 5166 et
2932 5111 2984 5164 in
3050 5124 3144 5164 cor
3199 5105 3432 5161 hominis
3491 5119 3598 5160 non

2030 5202 2292 5266 ascendit,
2322 5217 2441 5270 qua:
2476 5203 2796 5274 praeparavit
2831 5204 2969 5256 Deus
2998 5200 3342 5271 diligentibus
3379 5212 3437 5252 se
3463 5197 3527 5252 δ’.
3572 5215 3592 5248 ι

2029 5290 2318 5368 Pollicetur
2347 5293 2528 5359 itaque
2557 5308 2614 5348 se
2641 5294 2940 5348 locuturum
2975 5291 3037 5344 ad
3080 5305 3176 5344 cor
3207 5288 3342 5358 ejus.
3369 5286 3600 5342 Vocabi-

2031 5391 2116 5436 tur
2147 5383 2290 5436 enim
2314 5383 2380 5437 ad
2412 5383 2738 5450 agnitionem
2763 5381 3072 5439 Juda‘orum
3110 5380 3415 5451 Synagoga,
3463 5377 3600 5433 divi-

2028 5489 2127 5528 nas
2158 5474 2300 5544 leges
2324 5481 2503 5526 mente
2535 5473 2834 5542 complexa,
2883 5469 3168 5538 inscriptas
3210 5485 3303 5537 per
3336 5468 3597 5538 Spiritum

357 5551 527 5607 πῶσιν
574 5557 756 5610 αὑτόν.
793 5575 811 5608 ι
859 5558 1286 5627 Ἐπαγγέλλεται
1327 5560 1508 5612 τοίνυν
1551 5558 1802 5629 λαλήσειν
1852 5562 1925 5624 εἰς

2031 5577 2298 5629 sanctum,
2333 5563 2554 5632 perinde
2593 5575 2651 5617 ut
2690 5577 2756 5618 ex
2785 5561 3034 5632 gentibus
3087 5561 3323 5616 Ecclesia
3370 5571 3600 5627 congre-

354 5642 454 5716 τὴν
474 5647 696 5717 καρδίαν
727 5649 896 5720 αὑτῆς
921 5665 938 5680 ο
970 5650 1300 5722 κεκλήσεται
1325 5650 1431 5722 γὰρ
1451 5651 1531 5714 είς
1577 5652 1872 5720 ἐπίγνωσιν
1898 5654 1925 5723 ἠ

2031 5666 2179 5724 gata.
2212 5656 2387 5710 Erunt
2417 5662 2594 5706 autem
2631 5652 3004 5722 possessiones
3026 5651 3140 5720 eius
3165 5652 3307 5716 inde,
3332 5665 3429 5720 pro
3448 5648 3597 5708 hinc,

431 5815 472 5852 ³ο
510 5817 701 5878 Matth.
738 5839 832 5894 xu,
857 5827 945 5893 45,
976 5828 1062 5884 si.
1142 5829 1186 5861 ³⁸
1209 5826 1407 5884 Jercm.
1440 5845 1587 5898 xxxr,
1617 5829 1704 5889 53.
1785 5831 1827 5862 ⁸⁰
1857 5829 1896 5884 H

2028 5846 2054 5884 ἰ
2087 5803 2177 5896 ἰιι,
2210 5829 2264 5893 2,
2302 5829 2354 5882 '5.
2434 5827 2473 5859 δι
2497 5828 2646 5883 Joan.
2682 5844 2746 5896 ιι,
2783 5829 2874 5884 Ἦ.
2956 5825 2998 5856 δ’
3033 5826 3052 5886 I_
3075 5825 3199 5878 Cor.
3242 5838 3299 5880 II,
3326 5819 3379 5871 9.
