  <div class='ocr_page' id='page_1' title='image "/cluster/home/n/w/nwhite01/storage/ocr_20150623/71/mdp.39015078384461/049.png"; bbox 0 0 4098 6276; ppageno 0'>
   <div class='ocr_carea' id='block_1_1' title="bbox 503 425 2063 484">
    <p class='ocr_par' dir='ltr' id='par_1_1' title="bbox 503 425 2063 484">
     <span class='ocr_line' id='line_1_1' title="bbox 503 425 2063 484; baseline -0.003 0"><span class='ocrx_word' id='word_1_1' title='bbox 503 428 573 484; x_wconf 72' lang='grc'><strong>85</strong></span> <span class='ocrx_word' id='word_1_2' title='bbox 1485 429 1541 480; x_wconf 75' lang='lat' dir='ltr'><strong>S.</strong></span> <span class='ocrx_word' id='word_1_3' title='bbox 1582 426 1856 482; x_wconf 67' lang='lat' dir='ltr'><strong>CYRILLI</strong></span> <span class='ocrx_word' id='word_1_4' title='bbox 1898 425 2063 480; x_wconf 55' lang='grc' dir='ltr'><strong>ΑΗΕ)</strong></span> 
     </span>
    </p>
   </div>
   <div class='ocr_carea' id='block_1_2' title="bbox 2164 425 2727 484">
    <p class='ocr_par' dir='ltr' id='par_1_2' title="bbox 2164 425 2727 484">
     <span class='ocr_line' id='line_1_2' title="bbox 2164 425 2727 484; baseline 0.011 -6"><span class='ocrx_word' id='word_1_5' title='bbox 2164 425 2368 482; x_wconf 75' lang='lat' dir='ltr'><strong>iDiilNl</strong></span> <span class='ocrx_word' id='word_1_6' title='bbox 2407 427 2727 484; x_wconf 67' lang='lat' dir='ltr'><strong>AliClllEP.</strong></span> 
     </span>
    </p>
   </div>
   <div class='ocr_carea' id='block_1_3' title="bbox 3671 440 3749 496">
    <p class='ocr_par' dir='ltr' id='par_1_3' title="bbox 3671 440 3749 496">
     <span class='ocr_line' id='line_1_3' title="bbox 3671 440 3749 496; baseline 0 0"><span class='ocrx_word' id='word_1_7' title='bbox 3671 440 3749 496; x_wconf 66' lang='grc' dir='ltr'>ω</span> 
     </span>
    </p>
   </div>
   <div class='ocr_carea' id='block_1_4' title="bbox 503 540 2063 618">
    <p class='ocr_par' dir='ltr' id='par_1_4' title="bbox 503 540 2063 613">
     <span class='ocr_line' id='line_1_4' title="bbox 503 540 2063 613; baseline -0.003 -16"><span class='ocrx_word' id='word_1_8' title='bbox 503 557 600 598; x_wconf 86' lang='lat' dir='ltr'><strong>seu</strong></span> <span class='ocrx_word' id='word_1_9' title='bbox 628 557 692 598; x_wconf 82' lang='lat' dir='ltr'><strong>ex</strong></span> <span class='ocrx_word' id='word_1_10' title='bbox 718 545 818 596; x_wconf 91' lang='lat' dir='ltr'><strong>hoc</strong></span> <span class='ocrx_word' id='word_1_11' title='bbox 843 550 1101 613; x_wconf 86' lang='lat' dir='ltr'><strong>tempore,</strong></span> <span class='ocrx_word' id='word_1_12' title='bbox 1132 541 1246 596; x_wconf 88' lang='lat' dir='ltr'><strong>sive</strong></span> <span class='ocrx_word' id='word_1_13' title='bbox 1272 555 1336 594; x_wconf 79' lang='lat' dir='ltr'><strong>ex</strong></span> <span class='ocrx_word' id='word_1_14' title='bbox 1373 542 1472 595; x_wconf 83' lang='lat' dir='ltr'><strong>hac</strong></span> <span class='ocrx_word' id='word_1_15' title='bbox 1519 554 1596 594; x_wconf 87' lang='lat' dir='ltr'><strong>re.</strong></span> <span class='ocrx_word' id='word_1_16' title='bbox 1634 540 1712 594; x_wconf 82' lang='lat' dir='ltr'><strong>Ex</strong></span> <span class='ocrx_word' id='word_1_17' title='bbox 1769 553 1878 608; x_wconf 92' lang='lat' dir='ltr'><strong>quo</strong></span> <span class='ocrx_word' id='word_1_18' title='bbox 1923 540 2063 604; x_wconf 84' lang='lat' dir='ltr'><strong>enim</strong></span> 
     </span>
    </p>
   </div>
   <div class='ocr_carea' id='block_1_5' title="bbox 2164 540 3746 618">
    <p class='ocr_par' dir='ltr' id='par_1_5' title="bbox 2171 542 3746 618">
     <span class='ocr_line' id='line_1_5' title="bbox 2171 542 3746 618; baseline 0.009 -25"><span class='ocrx_word' id='word_1_19' title='bbox 2171 542 2279 595; x_wconf 81' lang='grc' dir='ltr'><strong>τῶν</strong></span> <span class='ocrx_word' id='word_1_20' title='bbox 2318 543 2583 598; x_wconf 80' lang='grc' dir='ltr'><strong>Ἰουδαίων</strong></span> <span class='ocrx_word' id='word_1_21' title='bbox 2620 545 2940 618; x_wconf 71' lang='grc' dir='ltr'>Συναγωγή,</span> <span class='ocrx_word' id='word_1_22' title='bbox 2962 547 3086 612; x_wconf 80' lang='grc' dir='ltr'>τοὺς</span> <span class='ocrx_word' id='word_1_23' title='bbox 3128 546 3305 612; x_wconf 80' lang='grc' dir='ltr'>θείους</span> <span class='ocrx_word' id='word_1_24' title='bbox 3352 550 3432 612; x_wconf 85' lang='grc' dir='ltr'><strong>είς</strong></span> <span class='ocrx_word' id='word_1_25' title='bbox 3469 549 3594 604; x_wconf 82' lang='grc' dir='ltr'>νοῦν</span> <span class='ocrx_word' id='word_1_26' title='bbox 3642 553 3746 607; x_wconf 83' lang='grc' dir='ltr'>λα-</span> 
     </span>
    </p>
   </div>
   <div class='ocr_carea' id='block_1_6' title="bbox 503 630 2070 700">
    <p class='ocr_par' dir='ltr' id='par_1_6' title="bbox 503 630 2070 700">
     <span class='ocr_line' id='line_1_6' title="bbox 503 630 2070 700; baseline 0 -16"><span class='ocrx_word' id='word_1_27' title='bbox 503 633 714 687; x_wconf 89' lang='lat' dir='ltr'><strong>locutus</strong></span> <span class='ocrx_word' id='word_1_28' title='bbox 745 640 828 685; x_wconf 89' lang='lat' dir='ltr'><strong>est</strong></span> <span class='ocrx_word' id='word_1_29' title='bbox 857 631 995 685; x_wconf 84' lang='lat' dir='ltr'><strong>Deus</strong></span> <span class='ocrx_word' id='word_1_30' title='bbox 1025 630 1076 684; x_wconf 90' lang='lat' dir='ltr'><strong>in</strong></span> <span class='ocrx_word' id='word_1_31' title='bbox 1102 630 1276 698; x_wconf 89' lang='lat' dir='ltr'><strong>nobis,</strong></span> <span class='ocrx_word' id='word_1_32' title='bbox 1307 639 1362 686; x_wconf 91' lang='lat' dir='ltr'><strong>ct</strong></span> <span class='ocrx_word' id='word_1_33' title='bbox 1390 645 1484 700; x_wconf 86' lang='lat' dir='ltr'><strong>per</strong></span> <span class='ocrx_word' id='word_1_34' title='bbox 1530 630 1792 699; x_wconf 90' lang='lat' dir='ltr'><strong>Spiritum</strong></span> <span class='ocrx_word' id='word_1_35' title='bbox 1834 631 2070 685; x_wconf 86' lang='lat' dir='ltr'><strong>insonuit</strong></span> 
     </span>
    </p>
   </div>
   <div class='ocr_carea' id='block_1_7' title="bbox 503 720 2070 794">
    <p class='ocr_par' dir='ltr' id='par_1_7' title="bbox 503 720 2070 794">
     <span class='ocr_line' id='line_1_7' title="bbox 503 720 2070 794; baseline -0.002 -15"><span class='ocrx_word' id='word_1_36' title='bbox 503 739 837 794; x_wconf 60' lang='lat' dir='ltr'><strong>quacunque</strong></span> <span class='ocrx_word' id='word_1_37' title='bbox 866 724 932 777; x_wconf 85' lang='lat' dir='ltr'><strong>ad</strong></span> <span class='ocrx_word' id='word_1_38' title='bbox 960 725 1147 789; x_wconf 89' lang='lat' dir='ltr'><strong>vitam,</strong></span> <span class='ocrx_word' id='word_1_39' title='bbox 1178 731 1230 779; x_wconf 88' lang='lat' dir='ltr'><strong>et</strong></span> <span class='ocrx_word' id='word_1_40' title='bbox 1255 721 1620 790; x_wconf 77' lang='lat' dir='ltr'><strong>cognitionem</strong></span> <span class='ocrx_word' id='word_1_41' title='bbox 1652 721 1742 775; x_wconf 86' lang='lat' dir='ltr'><strong>Dei</strong></span> <span class='ocrx_word' id='word_1_42' title='bbox 1773 722 1824 775; x_wconf 90' lang='lat' dir='ltr'><strong>iu</strong></span> <span class='ocrx_word' id='word_1_43' title='bbox 1854 720 2070 776; x_wconf 88' lang='lat' dir='ltr'><strong>Christo</strong></span> 
     </span>
    </p>
   </div>
   <div class='ocr_carea' id='block_1_8' title="bbox 501 811 2068 883">
    <p class='ocr_par' dir='ltr' id='par_1_8' title="bbox 501 811 2068 883">
     <span class='ocr_line' id='line_1_8' title="bbox 501 811 2068 883; baseline -0.004 -11"><span class='ocrx_word' id='word_1_44' title='bbox 501 815 827 872; x_wconf 70' lang='lat' dir='ltr'><strong>intellectam</strong></span> <span class='ocrx_word' id='word_1_45' title='bbox 846 813 1216 883; x_wconf 82' lang='lat' dir='ltr'><strong>requiruntur,</strong></span> <span class='ocrx_word' id='word_1_46' title='bbox 1247 827 1342 882; x_wconf 89' lang='lat' dir='ltr'><strong>per</strong></span> <span class='ocrx_word' id='word_1_47' title='bbox 1361 827 1544 880; x_wconf 86' lang='lat' dir='ltr'><strong>quem,</strong></span> <span class='ocrx_word' id='word_1_48' title='bbox 1574 821 1628 866; x_wconf 91' lang='lat' dir='ltr'><strong>et</strong></span> <span class='ocrx_word' id='word_1_49' title='bbox 1658 813 1710 866; x_wconf 90' lang='lat' dir='ltr'><strong>in</strong></span> <span class='ocrx_word' id='word_1_50' title='bbox 1727 827 1832 882; x_wconf 88' lang='lat' dir='ltr'><strong>quo</strong></span> <span class='ocrx_word' id='word_1_51' title='bbox 1855 811 2068 866; x_wconf 88' lang='lat' dir='ltr'><strong>Patrem</strong></span> 
     </span>
    </p>
   </div>
   <div class='ocr_carea' id='block_1_9' title="bbox 503 901 2066 973">
    <p class='ocr_par' dir='ltr' id='par_1_9' title="bbox 503 901 2066 973">
     <span class='ocr_line' id='line_1_9' title="bbox 503 901 2066 973; baseline -0.001 -13"><span class='ocrx_word' id='word_1_52' title='bbox 503 904 758 970; x_wconf 81' lang='lat' dir='ltr'><strong>vidimus,</strong></span> <span class='ocrx_word' id='word_1_53' title='bbox 786 919 882 973; x_wconf 85' lang='lat' dir='ltr'><strong>spe</strong></span> <span class='ocrx_word' id='word_1_54' title='bbox 911 901 1377 959; x_wconf 87' lang='lat' dir='ltr'><strong>immarcescibilis</strong></span> <span class='ocrx_word' id='word_1_55' title='bbox 1400 901 1586 970; x_wconf 70' lang='lat' dir='ltr'><strong>glorias</strong></span> <span class='ocrx_word' id='word_1_56' title='bbox 1612 902 1678 968; x_wconf 60' lang='grc'><strong>⁸³,</strong></span> <span class='ocrx_word' id='word_1_57' title='bbox 1707 902 2066 972; x_wconf 84' lang='lat' dir='ltr'><strong>gloriationis.</strong></span> 
     </span>
    </p>
   </div>
   <div class='ocr_carea' id='block_1_10' title="bbox 499 992 2068 1067">
    <p class='ocr_par' dir='ltr' id='par_1_10' title="bbox 499 992 2068 1067">
     <span class='ocr_line' id='line_1_10' title="bbox 499 992 2068 1067; baseline -0.001 -17"><span class='ocrx_word' id='word_1_58' title='bbox 499 997 707 1067; x_wconf 70' lang='lat' dir='ltr'><strong>gratim,</strong></span> <span class='ocrx_word' id='word_1_59' title='bbox 729 994 1054 1066; x_wconf 74' lang='lat' dir='ltr'><strong>adoptionis,</strong></span> <span class='ocrx_word' id='word_1_60' title='bbox 1094 993 1372 1049; x_wconf 71' lang='lat' dir='ltr'><strong>societatis</strong></span> <span class='ocrx_word' id='word_1_61' title='bbox 1403 993 1657 1061; x_wconf 90' lang='lat' dir='ltr'><strong>regnandi</strong></span> <span class='ocrx_word' id='word_1_62' title='bbox 1686 1008 1806 1047; x_wconf 86' lang='lat' dir='ltr'><strong>cum</strong></span> <span class='ocrx_word' id='word_1_63' title='bbox 1851 992 2068 1048; x_wconf 79' lang='lat' dir='ltr'><strong>Christo</strong></span> 
     </span>
    </p>
   </div>
   <div class='ocr_carea' id='block_1_11' title="bbox 496 1082 2065 1156">
    <p class='ocr_par' dir='ltr' id='par_1_11' title="bbox 496 1082 2065 1156">
     <span class='ocr_line' id='line_1_11' title="bbox 496 1082 2065 1156; baseline -0.004 -13"><span class='ocrx_word' id='word_1_64' title='bbox 496 1089 614 1156; x_wconf 85' lang='lat' dir='ltr'><strong>ipso</strong></span> <span class='ocrx_word' id='word_1_65' title='bbox 643 1086 862 1142; x_wconf 84' lang='lat' dir='ltr'><strong>divitias</strong></span> <span class='ocrx_word' id='word_1_66' title='bbox 892 1084 1170 1141; x_wconf 81' lang='lat' dir='ltr'><strong>consecuti</strong></span> <span class='ocrx_word' id='word_1_67' title='bbox 1201 1098 1408 1139; x_wconf 83' lang='lat' dir='ltr'><strong>sumus.</strong></span> <span class='ocrx_word' id='word_1_68' title='bbox 1463 1082 1552 1138; x_wconf 72' lang='lat' dir='ltr'><strong>llre</strong></span> <span class='ocrx_word' id='word_1_69' title='bbox 1582 1092 1711 1138; x_wconf 89' lang='lat' dir='ltr'><strong>sunt</strong></span> <span class='ocrx_word' id='word_1_70' title='bbox 1757 1096 2065 1139; x_wconf 86' lang='lat' dir='ltr'><strong>sanctorum</strong></span> 
     </span>
    </p>
   </div>
   <div class='ocr_carea' id='block_1_12' title="bbox 496 1165 2066 1247">
    <p class='ocr_par' dir='ltr' id='par_1_12' title="bbox 496 1165 2066 1247">
     <span class='ocr_line' id='line_1_12' title="bbox 496 1165 2066 1247; baseline -0.005 -12"><span class='ocrx_word' id='word_1_71' title='bbox 496 1179 884 1247; x_wconf 80' lang='lat' dir='ltr'><strong>possessiones,</strong></span> <span class='ocrx_word' id='word_1_72' title='bbox 903 1176 985 1230; x_wconf 73' lang='lat' dir='ltr'><strong>ha:</strong></span> <span class='ocrx_word' id='word_1_73' title='bbox 1010 1174 1259 1231; x_wconf 72' lang='lat' dir='ltr'><strong>emlestes</strong></span> <span class='ocrx_word' id='word_1_74' title='bbox 1278 1189 1423 1244; x_wconf 88' lang='lat' dir='ltr'><strong>opes.</strong></span> <span class='ocrx_word' id='word_1_75' title='bbox 1455 1165 1596 1229; x_wconf 79' lang='lat' dir='ltr'><strong>Nihil</strong></span> <span class='ocrx_word' id='word_1_76' title='bbox 1623 1174 1764 1232; x_wconf 87' lang='lat' dir='ltr'><strong>enim</strong></span> <span class='ocrx_word' id='word_1_77' title='bbox 1792 1183 2066 1230; x_wconf 89' lang='lat' dir='ltr'><strong>terrenum</strong></span> 
     </span>
    </p>
   </div>
   <div class='ocr_carea' id='block_1_13' title="bbox 494 1266 2064 1338">
    <p class='ocr_par' dir='ltr' id='par_1_13' title="bbox 494 1266 2064 1338">
     <span class='ocr_line' id='line_1_13' title="bbox 494 1266 2064 1338; baseline -0.002 -13"><span class='ocrx_word' id='word_1_78' title='bbox 494 1283 687 1338; x_wconf 83' lang='lat' dir='ltr'><strong>sapere</strong></span> <span class='ocrx_word' id='word_1_79' title='bbox 715 1277 943 1338; x_wconf 83' lang='lat' dir='ltr'><strong>queunt,</strong></span> <span class='ocrx_word' id='word_1_80' title='bbox 988 1266 1328 1337; x_wconf 78' lang='lat' dir='ltr'><strong>Oderuntque</strong></span> <span class='ocrx_word' id='word_1_81' title='bbox 1382 1267 1639 1320; x_wconf 87' lang='lat' dir='ltr'><strong>mundum</strong></span> <span class='ocrx_word' id='word_1_82' title='bbox 1677 1276 1732 1320; x_wconf 90' lang='lat' dir='ltr'><strong>et</strong></span> <span class='ocrx_word' id='word_1_83' title='bbox 1767 1280 1888 1336; x_wconf 81' lang='lat' dir='ltr'><strong>quae</strong></span> <span class='ocrx_word' id='word_1_84' title='bbox 1917 1267 1968 1322; x_wconf 93' lang='lat' dir='ltr'><strong>in</strong></span> <span class='ocrx_word' id='word_1_85' title='bbox 2001 1281 2064 1322; x_wconf 92' lang='lat' dir='ltr'><strong>eo</strong></span> 
     </span>
    </p>
   </div>
   <div class='ocr_carea' id='block_1_14' title="bbox 403 1367 642 1426">
    <p class='ocr_par' dir='ltr' id='par_1_14' title="bbox 403 1367 642 1426">
     <span class='ocr_line' id='line_1_14' title="bbox 403 1367 642 1426; baseline -0.004 -11"><span class='ocrx_word' id='word_1_86' title='bbox 403 1376 410 1380; x_wconf 84' lang='lat'><em>‘</em></span> <span class='ocrx_word' id='word_1_87' title='bbox 477 1367 642 1426; x_wconf 63' lang='grc' dir='ltr'>μοι.</span> 
     </span>
    </p>
   </div>
   <div class='ocr_carea' id='block_1_15' title="bbox 2167 631 3740 710">
    <p class='ocr_par' dir='ltr' id='par_1_15' title="bbox 2167 631 3740 710">
     <span class='ocr_line' id='line_1_15' title="bbox 2167 631 3740 710; baseline 0.007 -26"><span class='ocrx_word' id='word_1_88' title='bbox 2167 631 2337 686; x_wconf 78' lang='grc' dir='ltr'>δοῦσα</span> <span class='ocrx_word' id='word_1_89' title='bbox 2362 632 2579 704; x_wconf 86' lang='grc' dir='ltr'>νόμους,</span> <span class='ocrx_word' id='word_1_90' title='bbox 2609 633 3118 707; x_wconf 74' lang='grc' dir='ltr'><strong>ἐγκεχαραγμένους</strong></span> <span class='ocrx_word' id='word_1_91' title='bbox 3161 637 3248 692; x_wconf 85' lang='grc' dir='ltr'><strong>διά</strong></span> <span class='ocrx_word' id='word_1_92' title='bbox 3281 639 3374 692; x_wconf 77' lang='grc' dir='ltr'>τοῦ</span> <span class='ocrx_word' id='word_1_93' title='bbox 3400 639 3740 710; x_wconf 83' lang='grc' dir='ltr'>Πνεύματος,</span> 
     </span>
    </p>
   </div>
   <div class='ocr_carea' id='block_1_16' title="bbox 2165 721 3745 804">
    <p class='ocr_par' dir='ltr' id='par_1_16' title="bbox 2165 721 3745 804">
     <span class='ocr_line' id='line_1_16' title="bbox 2165 721 3745 804; baseline 0.004 -26"><span class='ocrx_word' id='word_1_94' title='bbox 2165 721 2308 778; x_wconf 78' lang='grc' dir='ltr'><strong>καθά</strong></span> <span class='ocrx_word' id='word_1_95' title='bbox 2339 723 2434 777; x_wconf 77' lang='grc' dir='ltr'>καὶ</span> <span class='ocrx_word' id='word_1_96' title='bbox 2479 726 2512 795; x_wconf 82' lang='grc' dir='ltr'><strong>ή</strong></span> <span class='ocrx_word' id='word_1_97' title='bbox 2550 724 2607 790; x_wconf 76' lang='grc' dir='ltr'><strong>ἐξ</strong></span> <span class='ocrx_word' id='word_1_98' title='bbox 2659 724 2826 779; x_wconf 78' lang='grc' dir='ltr'>ἐθνῶν</span> <span class='ocrx_word' id='word_1_99' title='bbox 2867 727 3184 799; x_wconf 80' lang='grc' dir='ltr'><strong>Ἐκκλησία·</strong></span> <span class='ocrx_word' id='word_1_100' title='bbox 3218 727 3366 782; x_wconf 79' lang='grc' dir='ltr'>ἔσται</span> <span class='ocrx_word' id='word_1_101' title='bbox 3406 729 3464 783; x_wconf 76' lang='grc' dir='ltr'>δὲ</span> <span class='ocrx_word' id='word_1_102' title='bbox 3505 730 3576 784; x_wconf 81' lang='grc' dir='ltr'>τὰ</span> <span class='ocrx_word' id='word_1_103' title='bbox 3610 733 3745 804; x_wconf 82' lang='grc' dir='ltr'>κτή-</span> 
     </span>
    </p>
   </div>
   <div class='ocr_carea' id='block_1_17' title="bbox 2168 809 3739 891">
    <p class='ocr_par' dir='ltr' id='par_1_17' title="bbox 2168 809 3739 891">
     <span class='ocr_line' id='line_1_17' title="bbox 2168 809 3739 891; baseline 0.008 -27"><span class='ocrx_word' id='word_1_104' title='bbox 2168 829 2314 883; x_wconf 86' lang='grc' dir='ltr'>ματα</span> <span class='ocrx_word' id='word_1_105' title='bbox 2341 812 2507 882; x_wconf 79' lang='grc' dir='ltr'>αὐτῆς</span> <span class='ocrx_word' id='word_1_106' title='bbox 2531 811 2760 879; x_wconf 80' lang='grc' dir='ltr'>ἐκεῖθεν,</span> <span class='ocrx_word' id='word_1_107' title='bbox 2787 816 2908 870; x_wconf 70' lang='grc' dir='ltr'>ἀντὶ</span> <span class='ocrx_word' id='word_1_108' title='bbox 2947 809 3040 870; x_wconf 69' lang='grc' dir='ltr'>τοῦ</span> <span class='ocrx_word' id='word_1_109' title='bbox 3080 818 3350 885; x_wconf 73' lang='grc' dir='ltr'>ἐντεῦθεν,</span> <span class='ocrx_word' id='word_1_110' title='bbox 3385 819 3554 891; x_wconf 72' lang='grc' dir='ltr'>ήγουνν</span> <span class='ocrx_word' id='word_1_111' title='bbox 3582 819 3739 876; x_wconf 77' lang='grc' dir='ltr'>τοῦδε</span> 
     </span>
    </p>
   </div>
   <div class='ocr_carea' id='block_1_18' title="bbox 2161 905 3742 980">
    <p class='ocr_par' dir='ltr' id='par_1_18' title="bbox 2161 905 3742 980">
     <span class='ocr_line' id='line_1_18' title="bbox 2161 905 3742 980; baseline 0.005 -22"><span class='ocrx_word' id='word_1_112' title='bbox 2161 905 2258 959; x_wconf 80' lang='grc' dir='ltr'><strong>τοῦ</strong></span> <span class='ocrx_word' id='word_1_113' title='bbox 2285 907 2631 977; x_wconf 83' lang='grc' dir='ltr'>πράγματος.</span> <span class='ocrx_word' id='word_1_114' title='bbox 2679 907 2810 960; x_wconf 82' lang='grc' dir='ltr'><strong>Ἀπὸ</strong></span> <span class='ocrx_word' id='word_1_115' title='bbox 2840 907 2946 979; x_wconf 83' lang='grc' dir='ltr'><strong>γάρ</strong></span> <span class='ocrx_word' id='word_1_116' title='bbox 2985 925 3068 961; x_wconf 89' lang='grc' dir='ltr'><strong>τοι</strong></span> <span class='ocrx_word' id='word_1_117' title='bbox 3106 910 3200 962; x_wconf 82' lang='grc' dir='ltr'>τοῦ</span> <span class='ocrx_word' id='word_1_118' title='bbox 3241 910 3475 980; x_wconf 83' lang='grc' dir='ltr'>λαλῆσαι</span> <span class='ocrx_word' id='word_1_119' title='bbox 3519 910 3648 964; x_wconf 80' lang='grc' dir='ltr'>Θεδν</span> <span class='ocrx_word' id='word_1_120' title='bbox 3677 913 3742 966; x_wconf 74' lang='grc' dir='ltr'>ὲν</span> 
     </span>
    </p>
   </div>
   <div class='ocr_carea' id='block_1_19' title="bbox 2164 993 3742 1073">
    <p class='ocr_par' dir='ltr' id='par_1_19' title="bbox 2164 993 3742 1073">
     <span class='ocr_line' id='line_1_19' title="bbox 2164 993 3742 1073; baseline 0.003 -24"><span class='ocrx_word' id='word_1_121' title='bbox 2164 994 2317 1066; x_wconf 79' lang='grc' dir='ltr'><strong>ἡμῖν,</strong></span> <span class='ocrx_word' id='word_1_122' title='bbox 2370 995 2633 1066; x_wconf 75' lang='grc' dir='ltr'>ὲνηχῆσαί</span> <span class='ocrx_word' id='word_1_123' title='bbox 2677 1012 2735 1048; x_wconf 89' lang='grc' dir='ltr'><strong>τε</strong></span> <span class='ocrx_word' id='word_1_124' title='bbox 2779 993 2873 1050; x_wconf 74' lang='grc' dir='ltr'>καὶ</span> <span class='ocrx_word' id='word_1_125' title='bbox 2923 997 3016 1050; x_wconf 78' lang='grc' dir='ltr'><strong>τοῦ</strong></span> <span class='ocrx_word' id='word_1_126' title='bbox 3056 997 3364 1068; x_wconf 68' lang='grc' dir='ltr'>πνεῦμα-τος</span> <span class='ocrx_word' id='word_1_127' title='bbox 3415 1000 3482 1054; x_wconf 81' lang='grc' dir='ltr'><strong>τὰ</strong></span> <span class='ocrx_word' id='word_1_128' title='bbox 3531 1001 3742 1073; x_wconf 82' lang='grc' dir='ltr'>ὅσαπέρ</span> 
     </span>
    </p>
   </div>
   <div class='ocr_carea' id='block_1_20' title="bbox 2164 1085 3739 1162">
    <p class='ocr_par' dir='ltr' id='par_1_20' title="bbox 2164 1085 3739 1162">
     <span class='ocr_line' id='line_1_20' title="bbox 2164 1085 3739 1162; baseline 0.006 -25"><span class='ocrx_word' id='word_1_129' title='bbox 2164 1087 2311 1138; x_wconf 73' lang='grc' dir='ltr'>ἐστιν</span> <span class='ocrx_word' id='word_1_130' title='bbox 2349 1085 2620 1153; x_wconf 76' lang='grc' dir='ltr'>ἀναγκαῖα</span> <span class='ocrx_word' id='word_1_131' title='bbox 2659 1086 2796 1158; x_wconf 81' lang='grc' dir='ltr'>πρὸς</span> <span class='ocrx_word' id='word_1_132' title='bbox 2839 1087 2986 1158; x_wconf 74' lang='grc' dir='ltr'>ζωὴν</span> <span class='ocrx_word' id='word_1_133' title='bbox 3041 1088 3135 1142; x_wconf 79' lang='grc' dir='ltr'>καὶ</span> <span class='ocrx_word' id='word_1_134' title='bbox 3179 1088 3506 1158; x_wconf 87' lang='grc' dir='ltr'>θεογνωσίαν</span> <span class='ocrx_word' id='word_1_135' title='bbox 3545 1091 3643 1162; x_wconf 81' lang='grc' dir='ltr'>τὴν</span> <span class='ocrx_word' id='word_1_136' title='bbox 3680 1093 3739 1146; x_wconf 77' lang='grc' dir='ltr'>ὲν</span> 
     </span>
    </p>
   </div>
   <div class='ocr_carea' id='block_1_21' title="bbox 2162 1167 3739 1254">
    <p class='ocr_par' dir='ltr' id='par_1_21' title="bbox 2162 1167 3739 1254">
     <span class='ocr_line' id='line_1_21' title="bbox 2162 1167 3739 1254; baseline 0.005 -24"><span class='ocrx_word' id='word_1_137' title='bbox 2162 1176 2383 1248; x_wconf 83' lang='grc' dir='ltr'><strong>Χριστῷ</strong></span> <span class='ocrx_word' id='word_1_138' title='bbox 2433 1176 2750 1249; x_wconf 79' lang='grc' dir='ltr'><strong>νοουμένην,</strong></span> <span class='ocrx_word' id='word_1_139' title='bbox 2792 1178 2860 1232; x_wconf 82' lang='grc' dir='ltr'><strong>δι’</strong></span> <span class='ocrx_word' id='word_1_140' title='bbox 2908 1173 2970 1233; x_wconf 74' lang='grc' dir='ltr'>οὗ</span> <span class='ocrx_word' id='word_1_141' title='bbox 3035 1181 3130 1235; x_wconf 76' lang='grc' dir='ltr'><strong>καὶ</strong></span> <span class='ocrx_word' id='word_1_142' title='bbox 3179 1183 3237 1235; x_wconf 84' lang='grc' dir='ltr'>ὲν</span> <span class='ocrx_word' id='word_1_143' title='bbox 3286 1167 3330 1250; x_wconf 72' lang='grc' dir='ltr'>ᾧ</span> <span class='ocrx_word' id='word_1_144' title='bbox 3379 1182 3474 1236; x_wconf 85' lang='grc' dir='ltr'>τὸν</span> <span class='ocrx_word' id='word_1_145' title='bbox 3517 1183 3739 1254; x_wconf 79' lang='grc' dir='ltr'><strong>Πατέρα</strong></span> 
     </span>
    </p>
   </div>
   <div class='ocr_carea' id='block_1_22' title="bbox 2161 1266 3740 1345">
    <p class='ocr_par' dir='ltr' id='par_1_22' title="bbox 2161 1266 3740 1345">
     <span class='ocr_line' id='line_1_22' title="bbox 2161 1266 3740 1345; baseline 0.006 -27"><span class='ocrx_word' id='word_1_146' title='bbox 2161 1266 2487 1338; x_wconf 83' lang='grc' dir='ltr'>τεθεάμεθα,</span> <span class='ocrx_word' id='word_1_147' title='bbox 2513 1267 2992 1341; x_wconf 82' lang='grc' dir='ltr'>πεπλουτήκαμεν,</span> <span class='ocrx_word' id='word_1_148' title='bbox 3018 1271 3094 1336; x_wconf 84' lang='grc' dir='ltr'>ὡς</span> <span class='ocrx_word' id='word_1_149' title='bbox 3121 1271 3280 1342; x_wconf 77' lang='grc' dir='ltr'>ἔφην,</span> <span class='ocrx_word' id='word_1_150' title='bbox 3299 1272 3402 1344; x_wconf 79' lang='grc' dir='ltr'>τὴν</span> <span class='ocrx_word' id='word_1_151' title='bbox 3427 1273 3740 1345; x_wconf 75' lang='grc' dir='ltr'>ἀμάραντον</span> 
     </span>
    </p>
   </div>
   <div class='ocr_carea' id='block_1_23' title="bbox 2159 1356 3739 1434">
    <p class='ocr_par' dir='ltr' id='par_1_23' title="bbox 2159 1356 3739 1434">
     <span class='ocr_line' id='line_1_23' title="bbox 2159 1356 3739 1434; baseline 0.004 -24"><span class='ocrx_word' id='word_1_152' title='bbox 2159 1356 2369 1421; x_wconf 74' lang='grc' dir='ltr'>ἐλπίδα,</span> <span class='ocrx_word' id='word_1_153' title='bbox 2407 1358 2507 1428; x_wconf 82' lang='grc' dir='ltr'>τὴν</span> <span class='ocrx_word' id='word_1_154' title='bbox 2557 1358 2733 1427; x_wconf 83' lang='grc' dir='ltr'>δόξαν,</span> <span class='ocrx_word' id='word_1_155' title='bbox 2759 1359 2826 1414; x_wconf 82' lang='grc' dir='ltr'><strong>τά</strong></span> <span class='ocrx_word' id='word_1_156' title='bbox 2861 1362 3152 1432; x_wconf 80' lang='grc' dir='ltr'><strong>αὐχήματα</strong></span> <span class='ocrx_word' id='word_1_157' title='bbox 3189 1362 3290 1432; x_wconf 79' lang='grc' dir='ltr'>τῆς</span> <span class='ocrx_word' id='word_1_158' title='bbox 3325 1362 3613 1426; x_wconf 79' lang='grc' dir='ltr'><strong>υἱοθεσίας,</strong></span> <span class='ocrx_word' id='word_1_159' title='bbox 3638 1363 3739 1434; x_wconf 77' lang='grc' dir='ltr'>τὴν</span> 
     </span>
    </p>
   </div>
   <div class='ocr_carea' id='block_1_24' title="bbox 492 1441 3736 1528">
    <p class='ocr_par' dir='ltr' id='par_1_24' title="bbox 492 1441 3736 1528">
     <span class='ocr_line' id='line_1_24' title="bbox 492 1441 3736 1528; baseline 0.003 -24"><span class='ocrx_word' id='word_1_160' title='bbox 492 1451 673 1522; x_wconf 78' lang='grc' dir='ltr'>χάριν,</span> <span class='ocrx_word' id='word_1_161' title='bbox 711 1449 806 1504; x_wconf 80' lang='grc' dir='ltr'><strong>καὶ</strong></span> <span class='ocrx_word' id='word_1_162' title='bbox 847 1449 910 1503; x_wconf 81' lang='grc' dir='ltr'>τὸ</span> <span class='ocrx_word' id='word_1_163' title='bbox 947 1448 1098 1519; x_wconf 81' lang='grc' dir='ltr'><strong>αὐτῷ</strong></span> <span class='ocrx_word' id='word_1_164' title='bbox 1169 1448 1597 1520; x_wconf 82' lang='grc' dir='ltr'>συμόασιλεῦσαι</span> <span class='ocrx_word' id='word_1_165' title='bbox 1642 1448 1880 1522; x_wconf 85' lang='grc' dir='ltr'><strong>Χριστῷ.</strong></span> <span class='ocrx_word' id='word_1_166' title='bbox 1923 1441 2089 1503; x_wconf 65' lang='lat' dir='ltr'><strong>Abt-at</strong></span> <span class='ocrx_word' id='word_1_167' title='bbox 2151 1449 2260 1503; x_wconf 85' lang='grc' dir='ltr'>τῶν</span> <span class='ocrx_word' id='word_1_168' title='bbox 2299 1449 2469 1518; x_wconf 84' lang='grc' dir='ltr'>ἀγίων</span> <span class='ocrx_word' id='word_1_169' title='bbox 2521 1451 2579 1504; x_wconf 78' lang='grc' dir='ltr'><strong>αἱ</strong></span> <span class='ocrx_word' id='word_1_170' title='bbox 2625 1452 2866 1523; x_wconf 76' lang='grc' dir='ltr'><strong>κτήσεις,</strong></span> <span class='ocrx_word' id='word_1_171' title='bbox 2907 1446 3060 1518; x_wconf 71' lang='grc' dir='ltr'>οὗτος</span> <span class='ocrx_word' id='word_1_172' title='bbox 3115 1454 3146 1506; x_wconf 83' lang='grc' dir='ltr'><strong>ὁ</strong></span> <span class='ocrx_word' id='word_1_173' title='bbox 3182 1455 3429 1528; x_wconf 79' lang='grc' dir='ltr'>οὐράνιος</span> <span class='ocrx_word' id='word_1_174' title='bbox 3470 1451 3698 1520; x_wconf 64' lang='grc' dir='ltr'>πλοῦτος</span> <span class='ocrx_word' id='word_1_175' title='bbox 3718 1493 3736 1513; x_wconf 89' lang='grc'><strong>.</strong></span> 
     </span>
    </p>
   </div>
   <div class='ocr_carea' id='block_1_25' title="bbox 493 1543 3226 1623">
    <p class='ocr_par' dir='ltr' id='par_1_25' title="bbox 493 1543 3226 1623">
     <span class='ocr_line' id='line_1_25' title="bbox 493 1543 3226 1623; baseline 0.002 -22"><span class='ocrx_word' id='word_1_176' title='bbox 493 1548 711 1616; x_wconf 77' lang='grc' dir='ltr'>Φρονεῖν</span> <span class='ocrx_word' id='word_1_177' title='bbox 742 1545 842 1616; x_wconf 83' lang='grc' dir='ltr'>μὲν</span> <span class='ocrx_word' id='word_1_178' title='bbox 865 1544 974 1616; x_wconf 84' lang='grc' dir='ltr'><strong>γὰρ</strong></span> <span class='ocrx_word' id='word_1_179' title='bbox 997 1543 1279 1615; x_wconf 82' lang='grc' dir='ltr'>ἀνέχονται</span> <span class='ocrx_word' id='word_1_180' title='bbox 1307 1543 1414 1599; x_wconf 85' lang='grc' dir='ltr'><strong>τῶν</strong></span> <span class='ocrx_word' id='word_1_181' title='bbox 1453 1545 1710 1613; x_wconf 65' lang='grc' dir='ltr'>ἐπιγείων</span> <span class='ocrx_word' id='word_1_182' title='bbox 1741 1543 1892 1600; x_wconf 75' lang='grc' dir='ltr'>οὐδέν</span> <span class='ocrx_word' id='word_1_183' title='bbox 1910 1562 1923 1574; x_wconf 92' lang='grc'><strong>·</strong></span> <span class='ocrx_word' id='word_1_184' title='bbox 1960 1546 2294 1616; x_wconf 81' lang='grc' dir='ltr'>μεμισήκασι</span> <span class='ocrx_word' id='word_1_185' title='bbox 2323 1545 2384 1599; x_wconf 78' lang='grc' dir='ltr'>δὲ</span> <span class='ocrx_word' id='word_1_186' title='bbox 2409 1545 2499 1600; x_wconf 83' lang='grc' dir='ltr'>τὸν</span> <span class='ocrx_word' id='word_1_187' title='bbox 2521 1547 2724 1618; x_wconf 87' lang='grc' dir='ltr'><strong>κόσμον</strong></span> <span class='ocrx_word' id='word_1_188' title='bbox 2757 1550 2850 1603; x_wconf 73' lang='grc' dir='ltr'>καὶ</span> <span class='ocrx_word' id='word_1_189' title='bbox 2879 1549 2948 1604; x_wconf 76' lang='grc' dir='ltr'><strong>τὰ</strong></span> <span class='ocrx_word' id='word_1_190' title='bbox 2977 1551 3035 1604; x_wconf 77' lang='grc' dir='ltr'>ὲν</span> <span class='ocrx_word' id='word_1_191' title='bbox 3060 1551 3226 1623; x_wconf 76' lang='grc' dir='ltr'>αὐτῷ.</span> 
     </span>
    </p>
   </div>
   <div class='ocr_carea' id='block_1_26' title="bbox 563 1636 2058 1707">
    <p class='ocr_par' dir='ltr' id='par_1_26' title="bbox 563 1636 2058 1707">
     <span class='ocr_line' id='line_1_26' title="bbox 563 1636 2058 1707; baseline 0.001 -15"><span class='ocrx_word' id='word_1_192' title='bbox 563 1636 726 1693; x_wconf 71' lang='lat' dir='ltr'><strong>Vens.</strong></span> <span class='ocrx_word' id='word_1_193' title='bbox 760 1640 846 1694; x_wconf 76' lang='grc'><strong>15.</strong></span> <span class='ocrx_word' id='word_1_194' title='bbox 885 1638 950 1694; x_wconf 76' lang='lat' dir='ltr'><strong>Et</strong></span> <span class='ocrx_word' id='word_1_195' title='bbox 977 1640 1160 1696; x_wconf 74' lang='lat' dir='ltr'><strong>vallem</strong></span> <span class='ocrx_word' id='word_1_196' title='bbox 1198 1641 1395 1707; x_wconf 80' lang='lat' dir='ltr'><strong>Achar,</strong></span> <span class='ocrx_word' id='word_1_197' title='bbox 1427 1643 1496 1695; x_wconf 84' lang='lat' dir='ltr'><strong>ad</strong></span> <span class='ocrx_word' id='word_1_198' title='bbox 1532 1641 1864 1696; x_wconf 79' lang='lat' dir='ltr'><strong>aueriendam</strong></span> <span class='ocrx_word' id='word_1_199' title='bbox 1905 1640 2058 1696; x_wconf 78' lang='lat' dir='ltr'><strong>intel-</strong></span> 
     </span>
    </p>
   </div>
   <div class='ocr_carea' id='block_1_27' title="bbox 492 1730 923 1802">
    <p class='ocr_par' dir='ltr' id='par_1_27' title="bbox 492 1730 923 1802">
     <span class='ocr_line' id='line_1_27' title="bbox 492 1730 923 1802; baseline 0 -18"><span class='ocrx_word' id='word_1_200' title='bbox 492 1731 762 1802; x_wconf 79' lang='lat' dir='ltr'><strong>ligentiam</strong></span> <span class='ocrx_word' id='word_1_201' title='bbox 789 1730 923 1800; x_wconf 74' lang='lat' dir='ltr'><strong>ejus.</strong></span> 
     </span>
    </p>
   </div>
   <div class='ocr_carea' id='block_1_28' title="bbox 2233 1639 3739 1715">
    <p class='ocr_par' dir='ltr' id='par_1_28' title="bbox 2233 1639 3739 1715">
     <span class='ocr_line' id='line_1_28' title="bbox 2233 1639 3739 1715; baseline 0.008 -22"><span class='ocrx_word' id='word_1_202' title='bbox 2233 1639 2346 1694; x_wconf 76' lang='grc' dir='ltr'><strong>Καὶ</strong></span> <span class='ocrx_word' id='word_1_203' title='bbox 2388 1639 2505 1710; x_wconf 74' lang='grc' dir='ltr'><strong>τὴν</strong></span> <span class='ocrx_word' id='word_1_204' title='bbox 2557 1641 2811 1698; x_wconf 69' lang='grc' dir='ltr'>κοιλάδα</span> <span class='ocrx_word' id='word_1_205' title='bbox 2871 1644 3069 1715; x_wconf 81' lang='grc' dir='ltr'>Ἇχὼρ,</span> <span class='ocrx_word' id='word_1_206' title='bbox 3138 1645 3430 1714; x_wconf 64' lang='lat' dir='ltr'><strong>marci-fat</strong></span> <span class='ocrx_word' id='word_1_207' title='bbox 3482 1649 3739 1705; x_wconf 67' lang='grc' dir='ltr'>σύνεσιν</span> 
     </span>
    </p>
   </div>
   <div class='ocr_carea' id='block_1_29' title="bbox 2165 1731 2373 1801">
    <p class='ocr_par' dir='ltr' id='par_1_29' title="bbox 2165 1731 2373 1801">
     <span class='ocr_line' id='line_1_29' title="bbox 2165 1731 2373 1801; baseline 0.01 -16"><span class='ocrx_word' id='word_1_208' title='bbox 2165 1731 2373 1801; x_wconf 68' lang='grc' dir='ltr'>αὐτῆς.</span> 
     </span>
    </p>
   </div>
   <div class='ocr_carea' id='block_1_30' title="bbox 566 1807 2063 1898">
    <p class='ocr_par' dir='ltr' id='par_1_30' title="bbox 566 1819 2060 1893">
     <span class='ocr_line' id='line_1_30' title="bbox 566 1819 2060 1893; baseline 0 -18"><span class='ocrx_word' id='word_1_209' title='bbox 566 1819 763 1878; x_wconf 76' lang='lat' dir='ltr'><strong>XXIV.</strong></span> <span class='ocrx_word' id='word_1_210' title='bbox 791 1820 1162 1891; x_wconf 76' lang='lat' dir='ltr'><strong>Repetendut&#39;n</strong></span> <span class='ocrx_word' id='word_1_211' title='bbox 1201 1830 1285 1878; x_wconf 89' lang='lat' dir='ltr'><strong>est</strong></span> <span class='ocrx_word' id='word_1_212' title='bbox 1323 1837 1388 1877; x_wconf 78' lang='lat' dir='ltr'><strong>ex</strong></span> <span class='ocrx_word' id='word_1_213' title='bbox 1418 1822 1783 1893; x_wconf 89' lang='lat' dir='ltr'><strong>superioribus</strong></span> <span class='ocrx_word' id='word_1_214' title='bbox 1815 1821 2060 1889; x_wconf 84' lang='lat' dir='ltr'><strong>verbum,</strong></span> 
     </span>
    </p>
   </div>
   <div class='ocr_carea' id='block_1_31' title="bbox 2164 1807 3734 1898">
    <p class='ocr_par' dir='ltr' id='par_1_31' title="bbox 2234 1821 3734 1898">
     <span class='ocr_line' id='line_1_31' title="bbox 2234 1821 3734 1898; baseline 0.007 -20"><span class='ocrx_word' id='word_1_215' title='bbox 2234 1821 2359 1878; x_wconf 81' lang='lat' dir='ltr'><strong>KA&#39;.</strong></span> <span class='ocrx_word' id='word_1_216' title='bbox 2386 1823 2613 1894; x_wconf 82' lang='grc' dir='ltr'>Ἐψεται</span> <span class='ocrx_word' id='word_1_217' title='bbox 2647 1825 2809 1880; x_wconf 79' lang='grc' dir='ltr'>πάλιν</span> <span class='ocrx_word' id='word_1_218' title='bbox 2834 1826 2916 1898; x_wconf 78' lang='grc' dir='ltr'>τῷ</span> <span class='ocrx_word' id='word_1_219' title='bbox 2943 1827 3088 1898; x_wconf 81' lang='grc' dir='ltr'>λόγῳ</span> <span class='ocrx_word' id='word_1_220' title='bbox 3111 1826 3192 1895; x_wconf 57' lang='lat' dir='ltr'><strong>sb,</strong></span> <span class='ocrx_word' id='word_1_221' title='bbox 3218 1846 3236 1881; x_wconf 87' lang='lat' dir='ltr'><strong>t</strong></span> <span class='ocrx_word' id='word_1_222' title='bbox 3261 1828 3444 1885; x_wconf 74' lang='grc' dir='ltr'>Δώσω.</span> <span class='ocrx_word' id='word_1_223' title='bbox 3477 1847 3498 1882; x_wconf 76' lang='grc' dir='ltr'><strong>ι</strong></span> <span class='ocrx_word' id='word_1_224' title='bbox 3525 1848 3544 1883; x_wconf 86' lang='grc' dir='ltr'><strong>ι</strong></span> <span class='ocrx_word' id='word_1_225' title='bbox 3568 1830 3734 1888; x_wconf 81' lang='grc' dir='ltr'>Δώσω</span> 
     </span>
    </p>
   </div>
   <div class='ocr_carea' id='block_1_32' title="bbox 499 1909 2058 1983">
    <p class='ocr_par' dir='ltr' id='par_1_32' title="bbox 499 1909 2058 1983">
     <span class='ocr_line' id='line_1_32' title="bbox 499 1909 2058 1983; baseline 0.003 -22"><span class='ocrx_word' id='word_1_226' title='bbox 499 1929 519 1961; x_wconf 77' lang='grc' dir='ltr'><strong>ι</strong></span> <span class='ocrx_word' id='word_1_227' title='bbox 551 1909 723 1968; x_wconf 89' lang='lat' dir='ltr'><strong>Dabo.</strong></span> <span class='ocrx_word' id='word_1_228' title='bbox 751 1930 770 1967; x_wconf 73' lang='grc' dir='ltr'><strong>ι</strong></span> <span class='ocrx_word' id='word_1_229' title='bbox 815 1911 1158 1983; x_wconf 86' lang='lat' dir='ltr'><strong>inquitenim</strong></span> <span class='ocrx_word' id='word_1_230' title='bbox 1192 1933 1203 1968; x_wconf 92' lang='lat'>:</span> <span class='ocrx_word' id='word_1_231' title='bbox 1271 1931 1290 1966; x_wconf 83' lang='grc' dir='ltr'><strong>ι</strong></span> <span class='ocrx_word' id='word_1_232' title='bbox 1323 1912 1468 1968; x_wconf 83' lang='lat' dir='ltr'><strong>Dabo</strong></span> <span class='ocrx_word' id='word_1_233' title='bbox 1517 1912 1888 1982; x_wconf 81' lang='lat' dir='ltr'><strong>possessiones</strong></span> <span class='ocrx_word' id='word_1_234' title='bbox 1942 1910 2058 1977; x_wconf 72' lang='lat' dir='ltr'><strong>eius</strong></span> 
     </span>
    </p>
   </div>
   <div class='ocr_carea' id='block_1_33' title="bbox 495 2001 2062 2072">
    <p class='ocr_par' dir='ltr' id='par_1_33' title="bbox 495 2001 2062 2072">
     <span class='ocr_line' id='line_1_33' title="bbox 495 2001 2062 2072; baseline 0 -15"><span class='ocrx_word' id='word_1_235' title='bbox 495 2002 674 2059; x_wconf 89' lang='lat' dir='ltr'><strong>inde:</strong></span> <span class='ocrx_word' id='word_1_236' title='bbox 745 2003 886 2061; x_wconf 84' lang='lat' dir='ltr'><strong>dabo</strong></span> <span class='ocrx_word' id='word_1_237' title='bbox 974 2004 1225 2060; x_wconf 84' lang='lat' dir='ltr'><strong>similiter</strong></span> <span class='ocrx_word' id='word_1_238' title='bbox 1287 2003 1482 2058; x_wconf 78' lang='lat' dir='ltr'><strong>vallem</strong></span> <span class='ocrx_word' id='word_1_239' title='bbox 1567 2001 1768 2067; x_wconf 81' lang='lat' dir='ltr'><strong>Achor,</strong></span> <span class='ocrx_word' id='word_1_240' title='bbox 1849 2001 2062 2072; x_wconf 83' lang='lat' dir='ltr'><strong>aperire</strong></span> 
     </span>
    </p>
   </div>
   <div class='ocr_carea' id='block_1_34' title="bbox 495 2087 2062 2165">
    <p class='ocr_par' dir='ltr' id='par_1_34' title="bbox 495 2087 2062 2165">
     <span class='ocr_line' id='line_1_34' title="bbox 495 2087 2062 2165; baseline 0.001 -17"><span class='ocrx_word' id='word_1_241' title='bbox 495 2093 901 2164; x_wconf 75' lang='lat' dir='ltr'><strong>intelligentiam</strong></span> <span class='ocrx_word' id='word_1_242' title='bbox 925 2093 1061 2164; x_wconf 86' lang='lat' dir='ltr'><strong>ejus.</strong></span> <span class='ocrx_word' id='word_1_243' title='bbox 1098 2113 1118 2149; x_wconf 74' lang='grc' dir='ltr'><strong>ι</strong></span> <span class='ocrx_word' id='word_1_244' title='bbox 1167 2095 1237 2150; x_wconf 81' lang='lat' dir='ltr'><strong>Et</strong></span> <span class='ocrx_word' id='word_1_245' title='bbox 1276 2095 1417 2165; x_wconf 88' lang='lat' dir='ltr'><strong>quod</strong></span> <span class='ocrx_word' id='word_1_246' title='bbox 1461 2093 1769 2165; x_wconf 88' lang='lat' dir='ltr'><strong>signiﬁcare</strong></span> <span class='ocrx_word' id='word_1_247' title='bbox 1815 2087 1951 2160; x_wconf 74' lang='lat' dir='ltr'><strong>vult,</strong></span> <span class='ocrx_word' id='word_1_248' title='bbox 2005 2093 2062 2149; x_wconf 88' lang='lat' dir='ltr'><strong>id</strong></span> 
     </span>
    </p>
   </div>
   <div class='ocr_carea' id='block_1_35' title="bbox 494 2183 2064 2257">
    <p class='ocr_par' dir='ltr' id='par_1_35' title="bbox 494 2183 2064 2257">
     <span class='ocr_line' id='line_1_35' title="bbox 494 2183 2064 2257; baseline 0 -17"><span class='ocrx_word' id='word_1_249' title='bbox 494 2184 796 2254; x_wconf 78' lang='lat' dir='ltr'><strong>huiusmodi</strong></span> <span class='ocrx_word' id='word_1_250' title='bbox 829 2197 932 2243; x_wconf 86' lang='lat' dir='ltr'><strong>est.</strong></span> <span class='ocrx_word' id='word_1_251' title='bbox 954 2186 1062 2244; x_wconf 84' lang='lat' dir='ltr'><strong>Nos</strong></span> <span class='ocrx_word' id='word_1_252' title='bbox 1091 2187 1183 2257; x_wconf 88' lang='lat' dir='ltr'><strong>qui</strong></span> <span class='ocrx_word' id='word_1_253' title='bbox 1213 2186 1563 2253; x_wconf 80' lang='lat' dir='ltr'><strong>credidimus,</strong></span> <span class='ocrx_word' id='word_1_254' title='bbox 1602 2200 1784 2241; x_wconf 86' lang='lat' dir='ltr'><strong>rerum</strong></span> <span class='ocrx_word' id='word_1_255' title='bbox 1827 2183 2064 2256; x_wconf 83' lang='lat' dir='ltr'><strong>agenda-</strong></span> 
     </span>
    </p>
   </div>
   <div class='ocr_carea' id='block_1_36' title="bbox 493 2277 2063 2348">
    <p class='ocr_par' dir='ltr' id='par_1_36' title="bbox 493 2277 2063 2348">
     <span class='ocr_line' id='line_1_36' title="bbox 493 2277 2063 2348; baseline -0.001 -14"><span class='ocrx_word' id='word_1_256' title='bbox 493 2295 614 2335; x_wconf 89' lang='lat' dir='ltr'><strong>rum</strong></span> <span class='ocrx_word' id='word_1_257' title='bbox 660 2279 824 2335; x_wconf 80' lang='lat' dir='ltr'><strong>veluti</strong></span> <span class='ocrx_word' id='word_1_258' title='bbox 862 2278 1088 2334; x_wconf 74' lang='lat' dir='ltr'><strong>fortnam</strong></span> <span class='ocrx_word' id='word_1_259' title='bbox 1130 2287 1185 2335; x_wconf 86' lang='lat' dir='ltr'><strong>et</strong></span> <span class='ocrx_word' id='word_1_260' title='bbox 1232 2278 1508 2348; x_wconf 81' lang='lat' dir='ltr'><strong>exetupiar</strong></span> <span class='ocrx_word' id='word_1_261' title='bbox 1555 2277 1714 2334; x_wconf 89' lang='lat' dir='ltr'><strong>nobis</strong></span> <span class='ocrx_word' id='word_1_262' title='bbox 1761 2291 2063 2348; x_wconf 88' lang='lat' dir='ltr'><strong>propoere</strong></span> 
     </span>
    </p>
   </div>
   <div class='ocr_carea' id='block_1_37' title="bbox 492 2369 2061 2442">
    <p class='ocr_par' dir='ltr' id='par_1_37' title="bbox 492 2369 2061 2442">
     <span class='ocr_line' id='line_1_37' title="bbox 492 2369 2061 2442; baseline -0.001 -16"><span class='ocrx_word' id='word_1_263' title='bbox 492 2371 770 2428; x_wconf 81' lang='lat' dir='ltr'><strong>studentes</strong></span> <span class='ocrx_word' id='word_1_264' title='bbox 786 2386 848 2428; x_wconf 89' lang='lat' dir='ltr'><strong>ea</strong></span> <span class='ocrx_word' id='word_1_265' title='bbox 865 2386 984 2442; x_wconf 77' lang='lat' dir='ltr'><strong>quat</strong></span> <span class='ocrx_word' id='word_1_266' title='bbox 1008 2369 1284 2427; x_wconf 82' lang='lat' dir='ltr'><strong>veteribus</strong></span> <span class='ocrx_word' id='word_1_267' title='bbox 1302 2373 1667 2439; x_wconf 82' lang='lat' dir='ltr'><strong>contigerunt,</strong></span> <span class='ocrx_word' id='word_1_268' title='bbox 1690 2377 1751 2423; x_wconf 91' lang='lat' dir='ltr'><strong>ut</strong></span> <span class='ocrx_word' id='word_1_269' title='bbox 1773 2369 2061 2425; x_wconf 79' lang='lat' dir='ltr'><strong>exitiosum</strong></span> 
     </span>
    </p>
   </div>
   <div class='ocr_carea' id='block_1_38' title="bbox 492 2459 2063 2534">
    <p class='ocr_par' dir='ltr' id='par_1_38' title="bbox 492 2459 2063 2534">
     <span class='ocr_line' id='line_1_38' title="bbox 492 2459 2063 2534; baseline -0.002 -17"><span class='ocrx_word' id='word_1_270' title='bbox 492 2464 746 2534; x_wconf 84' lang='lat' dir='ltr'><strong>quiddam</strong></span> <span class='ocrx_word' id='word_1_271' title='bbox 784 2477 1101 2518; x_wconf 76' lang='lat' dir='ltr'><strong>aversantur</strong></span> <span class='ocrx_word' id='word_1_272' title='bbox 1133 2464 1298 2518; x_wconf 85' lang='lat' dir='ltr'><strong>Deum</strong></span> <span class='ocrx_word' id='word_1_273' title='bbox 1335 2459 1608 2516; x_wconf 78' lang='lat' dir='ltr'><strong>oﬁ&#39;endere</strong></span> <span class='ocrx_word' id='word_1_274' title='bbox 1651 2479 1665 2516; x_wconf 91' lang='lat'><strong>:</strong></span> <span class='ocrx_word' id='word_1_275' title='bbox 1701 2460 1831 2530; x_wconf 90' lang='lat' dir='ltr'><strong>quin</strong></span> <span class='ocrx_word' id='word_1_276' title='bbox 1883 2460 2063 2531; x_wconf 88' lang='lat' dir='ltr'><strong>potius</strong></span> 
     </span>
    </p>
   </div>
   <div class='ocr_carea' id='block_1_39' title="bbox 491 2552 2061 2625">
    <p class='ocr_par' dir='ltr' id='par_1_39' title="bbox 491 2552 2061 2625">
     <span class='ocr_line' id='line_1_39' title="bbox 491 2552 2061 2625; baseline -0.001 -14"><span class='ocrx_word' id='word_1_277' title='bbox 491 2554 807 2625; x_wconf 62' lang='lat' dir='ltr'><strong>querimus,</strong></span> <span class='ocrx_word' id='word_1_278' title='bbox 841 2561 898 2610; x_wconf 86' lang='lat' dir='ltr'><strong>et</strong></span> <span class='ocrx_word' id='word_1_279' title='bbox 924 2553 1138 2609; x_wconf 78' lang='lat' dir='ltr'><strong>solliciti</strong></span> <span class='ocrx_word' id='word_1_280' title='bbox 1170 2568 1373 2619; x_wconf 84' lang='lat' dir='ltr'><strong>sumus,</strong></span> <span class='ocrx_word' id='word_1_281' title='bbox 1406 2567 1512 2623; x_wconf 88' lang='lat' dir='ltr'><strong>quo</strong></span> <span class='ocrx_word' id='word_1_282' title='bbox 1543 2563 1702 2624; x_wconf 88' lang='lat' dir='ltr'><strong>pacto</strong></span> <span class='ocrx_word' id='word_1_283' title='bbox 1745 2552 1820 2609; x_wconf 90' lang='lat' dir='ltr'><strong>illi</strong></span> <span class='ocrx_word' id='word_1_284' title='bbox 1867 2552 2061 2622; x_wconf 87' lang='lat' dir='ltr'><strong>placita</strong></span> 
     </span>
    </p>
   </div>
   <div class='ocr_carea' id='block_1_40' title="bbox 493 2644 2062 2718">
    <p class='ocr_par' dir='ltr' id='par_1_40' title="bbox 493 2644 2062 2718">
     <span class='ocr_line' id='line_1_40' title="bbox 493 2644 2062 2718; baseline -0.001 -19"><span class='ocrx_word' id='word_1_285' title='bbox 493 2644 778 2702; x_wconf 81' lang='lat' dir='ltr'><strong>faciamus.</strong></span> <span class='ocrx_word' id='word_1_286' title='bbox 808 2644 1250 2718; x_wconf 84' lang='lat' dir='ltr'><strong>Sapientissimus</strong></span> <span class='ocrx_word' id='word_1_287' title='bbox 1283 2645 1425 2700; x_wconf 84' lang='lat' dir='ltr'><strong>enim</strong></span> <span class='ocrx_word' id='word_1_288' title='bbox 1454 2644 1653 2700; x_wconf 80' lang='lat' dir='ltr'><strong>Paulus</strong></span> <span class='ocrx_word' id='word_1_289' title='bbox 1676 2646 1728 2700; x_wconf 91' lang='lat' dir='ltr'><strong>in</strong></span> <span class='ocrx_word' id='word_1_290' title='bbox 1759 2645 1878 2700; x_wconf 71' lang='lat' dir='ltr'><strong>haec</strong></span> <span class='ocrx_word' id='word_1_291' title='bbox 1898 2644 2062 2700; x_wconf 90' lang='lat' dir='ltr'><strong>verba</strong></span> 
     </span>
    </p>
   </div>
   <div class='ocr_carea' id='block_1_41' title="bbox 493 2736 2065 2809">
    <p class='ocr_par' dir='ltr' id='par_1_41' title="bbox 493 2736 2065 2809">
     <span class='ocr_line' id='line_1_41' title="bbox 493 2736 2065 2809; baseline 0 -16"><span class='ocrx_word' id='word_1_292' title='bbox 493 2753 595 2793; x_wconf 81' lang='lat' dir='ltr'><strong>nos</strong></span> <span class='ocrx_word' id='word_1_293' title='bbox 622 2741 870 2794; x_wconf 89' lang='lat' dir='ltr'><strong>hortatur</strong></span> <span class='ocrx_word' id='word_1_294' title='bbox 901 2757 915 2794; x_wconf 76' lang='grc' dir='ltr'><strong>ι</strong></span> <span class='ocrx_word' id='word_1_295' title='bbox 952 2757 971 2792; x_wconf 89' lang='grc' dir='ltr'><strong>ι</strong></span> <span class='ocrx_word' id='word_1_296' title='bbox 1009 2737 1132 2794; x_wconf 71' lang='lat' dir='ltr'><strong>Haec</strong></span> <span class='ocrx_word' id='word_1_297' title='bbox 1159 2746 1339 2793; x_wconf 79' lang='lat' dir='ltr'><strong>autem</strong></span> <span class='ocrx_word' id='word_1_298' title='bbox 1368 2739 1425 2793; x_wconf 86' lang='lat' dir='ltr'><strong>in</strong></span> <span class='ocrx_word' id='word_1_299' title='bbox 1459 2736 1627 2809; x_wconf 82' lang='lat' dir='ltr'><strong>ﬁgura</strong></span> <span class='ocrx_word' id='word_1_300' title='bbox 1678 2736 2065 2807; x_wconf 75' lang='lat' dir='ltr'><strong>contingebant</strong></span> 
     </span>
    </p>
   </div>
   <div class='ocr_carea' id='block_1_42' title="bbox 492 2828 2062 2902">
    <p class='ocr_par' dir='ltr' id='par_1_42' title="bbox 492 2828 2062 2902">
     <span class='ocr_line' id='line_1_42' title="bbox 492 2828 2062 2902; baseline -0.001 -18"><span class='ocrx_word' id='word_1_301' title='bbox 492 2829 601 2901; x_wconf 65' lang='grc'><strong>47</strong></span> <span class='ocrx_word' id='word_1_302' title='bbox 627 2829 767 2895; x_wconf 83' lang='lat' dir='ltr'><strong>illis;</strong></span> <span class='ocrx_word' id='word_1_303' title='bbox 798 2831 1000 2902; x_wconf 79' lang='lat' dir='ltr'><strong>scripta</strong></span> <span class='ocrx_word' id='word_1_304' title='bbox 1039 2839 1168 2886; x_wconf 87' lang='lat' dir='ltr'><strong>sunt</strong></span> <span class='ocrx_word' id='word_1_305' title='bbox 1203 2839 1384 2884; x_wconf 88' lang='lat' dir='ltr'><strong>autem</strong></span> <span class='ocrx_word' id='word_1_306' title='bbox 1424 2829 1490 2885; x_wconf 88' lang='lat' dir='ltr'><strong>ad</strong></span> <span class='ocrx_word' id='word_1_307' title='bbox 1523 2828 1918 2896; x_wconf 83' lang='lat' dir='ltr'><strong>correptioncm</strong></span> <span class='ocrx_word' id='word_1_308' title='bbox 1965 2842 2062 2883; x_wconf 80' lang='lat' dir='ltr'><strong>no-</strong></span> 
     </span>
    </p>
   </div>
   <div class='ocr_carea' id='block_1_43' title="bbox 403 2917 2056 2990">
    <p class='ocr_par' dir='ltr' id='par_1_43' title="bbox 403 2917 2056 2990">
     <span class='ocr_line' id='line_1_43' title="bbox 403 2917 2056 2990; baseline -0.001 -17"><span class='ocrx_word' id='word_1_309' title='bbox 403 2975 420 2986; x_wconf 39' lang='grc' dir='ltr'><em>κ</em></span> <span class='ocrx_word' id='word_1_310' title='bbox 492 2931 681 2984; x_wconf 84' lang='lat' dir='ltr'><strong>stram,</strong></span> <span class='ocrx_word' id='word_1_311' title='bbox 730 2921 783 2975; x_wconf 90' lang='lat' dir='ltr'><strong>in</strong></span> <span class='ocrx_word' id='word_1_312' title='bbox 811 2935 947 2990; x_wconf 91' lang='lat' dir='ltr'><strong>quos</strong></span> <span class='ocrx_word' id='word_1_313' title='bbox 983 2921 1116 2976; x_wconf 85' lang='lat' dir='ltr'><strong>lines</strong></span> <span class='ocrx_word' id='word_1_314' title='bbox 1154 2921 1478 2976; x_wconf 69' lang='lat' dir='ltr'><strong>saeculorum</strong></span> <span class='ocrx_word' id='word_1_315' title='bbox 1537 2921 1873 2974; x_wconf 87' lang='lat' dir='ltr'><strong>devenerunt</strong></span> <span class='ocrx_word' id='word_1_316' title='bbox 1916 2917 1982 2971; x_wconf 68' lang='grc'><strong>⁸⁵.</strong></span> <span class='ocrx_word' id='word_1_317' title='bbox 2035 2935 2056 2971; x_wconf 71' lang='grc' dir='ltr'><strong>ι</strong></span> 
     </span>
    </p>
   </div>
   <div class='ocr_carea' id='block_1_44' title="bbox 492 3009 2063 3083">
    <p class='ocr_par' dir='ltr' id='par_1_44' title="bbox 492 3009 2063 3083">
     <span class='ocr_line' id='line_1_44' title="bbox 492 3009 2063 3083; baseline -0.002 -17"><span class='ocrx_word' id='word_1_318' title='bbox 492 3011 652 3067; x_wconf 81' lang='lat' dir='ltr'><strong>Ratio</strong></span> <span class='ocrx_word' id='word_1_319' title='bbox 683 3013 846 3082; x_wconf 89' lang='lat' dir='ltr'><strong>igitur</strong></span> <span class='ocrx_word' id='word_1_320' title='bbox 878 3014 1198 3083; x_wconf 69' lang='lat' dir='ltr'><strong>paedagogia</strong></span> <span class='ocrx_word' id='word_1_321' title='bbox 1235 3027 1327 3067; x_wconf 87' lang='lat' dir='ltr'><strong>seu</strong></span> <span class='ocrx_word' id='word_1_322' title='bbox 1375 3011 1731 3066; x_wconf 89' lang='lat' dir='ltr'><strong>institutionis</strong></span> <span class='ocrx_word' id='word_1_323' title='bbox 1771 3011 1840 3065; x_wconf 90' lang='lat' dir='ltr'><strong>ad</strong></span> <span class='ocrx_word' id='word_1_324' title='bbox 1891 3009 2063 3064; x_wconf 89' lang='lat' dir='ltr'><strong>virtu-</strong></span> 
     </span>
    </p>
   </div>
   <div class='ocr_carea' id='block_1_45' title="bbox 495 3101 2062 3174">
    <p class='ocr_par' dir='ltr' id='par_1_45' title="bbox 495 3101 2062 3174">
     <span class='ocr_line' id='line_1_45' title="bbox 495 3101 2062 3174; baseline -0.001 -16"><span class='ocrx_word' id='word_1_325' title='bbox 495 3117 604 3158; x_wconf 86' lang='lat' dir='ltr'><strong>tem</strong></span> <span class='ocrx_word' id='word_1_326' title='bbox 633 3112 735 3170; x_wconf 85' lang='lat' dir='ltr'><strong>est,</strong></span> <span class='ocrx_word' id='word_1_327' title='bbox 769 3113 847 3170; x_wconf 90' lang='lat' dir='ltr'><strong>ut,</strong></span> <span class='ocrx_word' id='word_1_328' title='bbox 879 3121 998 3174; x_wconf 67' lang='lat' dir='ltr'><strong>qua:</strong></span> <span class='ocrx_word' id='word_1_329' title='bbox 1028 3105 1296 3160; x_wconf 84' lang='lat' dir='ltr'><strong>veteribus</strong></span> <span class='ocrx_word' id='word_1_330' title='bbox 1324 3112 1641 3170; x_wconf 81' lang='lat' dir='ltr'><strong>evenerunt,</strong></span> <span class='ocrx_word' id='word_1_331' title='bbox 1666 3103 1826 3158; x_wconf 84' lang='lat' dir='ltr'><strong>nobis</strong></span> <span class='ocrx_word' id='word_1_332' title='bbox 1841 3101 2062 3156; x_wconf 89' lang='lat' dir='ltr'><strong>omnino</strong></span> 
     </span>
    </p>
   </div>
   <div class='ocr_carea' id='block_1_46' title="bbox 2164 1914 3738 1993">
    <p class='ocr_par' dir='ltr' id='par_1_46' title="bbox 2164 1914 3738 1993">
     <span class='ocr_line' id='line_1_46' title="bbox 2164 1914 3738 1993; baseline 0.008 -25"><span class='ocrx_word' id='word_1_333' title='bbox 2164 1914 2293 1988; x_wconf 78' lang='grc' dir='ltr'>γὰρ,</span> <span class='ocrx_word' id='word_1_334' title='bbox 2347 1918 2502 1988; x_wconf 78' lang='grc' dir='ltr'>φησὶ,</span> <span class='ocrx_word' id='word_1_335' title='bbox 2543 1919 2613 1972; x_wconf 81' lang='grc' dir='ltr'><strong>τά</strong></span> <span class='ocrx_word' id='word_1_336' title='bbox 2652 1920 2913 1991; x_wconf 84' lang='grc' dir='ltr'>κτήματα</span> <span class='ocrx_word' id='word_1_337' title='bbox 2961 1922 3134 1993; x_wconf 82' lang='grc' dir='ltr'>αὐτῆς</span> <span class='ocrx_word' id='word_1_338' title='bbox 3179 1922 3408 1980; x_wconf 72' lang='grc' dir='ltr'>ἐκεῖθεν.</span> <span class='ocrx_word' id='word_1_339' title='bbox 3457 1923 3625 1979; x_wconf 76' lang='grc' dir='ltr'>Δώσω</span> <span class='ocrx_word' id='word_1_340' title='bbox 3677 1923 3738 1980; x_wconf 71' lang='lat' dir='ltr'><strong>at</strong></span> 
     </span>
    </p>
   </div>
   <div class='ocr_carea' id='block_1_47' title="bbox 2161 2008 3736 2087">
    <p class='ocr_par' dir='ltr' id='par_1_47' title="bbox 2161 2008 3736 2087">
     <span class='ocr_line' id='line_1_47' title="bbox 2161 2008 3736 2087; baseline 0.005 -25"><span class='ocrx_word' id='word_1_341' title='bbox 2161 2008 2361 2078; x_wconf 78' lang='grc' dir='ltr'>ὁμοίως</span> <span class='ocrx_word' id='word_1_342' title='bbox 2386 2009 2484 2082; x_wconf 81' lang='grc' dir='ltr'><strong>τὴν</strong></span> <span class='ocrx_word' id='word_1_343' title='bbox 2504 2008 2726 2065; x_wconf 70' lang='grc' dir='ltr'>κοιλάδα</span> <span class='ocrx_word' id='word_1_344' title='bbox 2758 2009 2958 2084; x_wconf 84' lang='grc' dir='ltr'>Ἀχὼρ,</span> <span class='ocrx_word' id='word_1_345' title='bbox 2981 2011 3236 2078; x_wconf 80' lang='grc' dir='ltr'>διανοίξαι</span> <span class='ocrx_word' id='word_1_346' title='bbox 3260 2013 3476 2070; x_wconf 83' lang='grc' dir='ltr'>σύνεσιν</span> <span class='ocrx_word' id='word_1_347' title='bbox 3499 2014 3688 2087; x_wconf 79' lang='grc' dir='ltr'>αὐτῆς.</span> <span class='ocrx_word' id='word_1_348' title='bbox 3709 2034 3736 2070; x_wconf 71' lang='grc' dir='ltr'><strong>ι</strong></span> 
     </span>
    </p>
   </div>
   <div class='ocr_carea' id='block_1_48' title="bbox 2160 2099 3738 2178">
    <p class='ocr_par' dir='ltr' id='par_1_48' title="bbox 2160 2099 3738 2178">
     <span class='ocr_line' id='line_1_48' title="bbox 2160 2099 3738 2178; baseline 0.005 -24"><span class='ocrx_word' id='word_1_349' title='bbox 2160 2099 2273 2155; x_wconf 78' lang='grc' dir='ltr'><strong>Καὶ</strong></span> <span class='ocrx_word' id='word_1_350' title='bbox 2303 2100 2333 2154; x_wconf 77' lang='grc' dir='ltr'><strong>ὃ</strong></span> <span class='ocrx_word' id='word_1_351' title='bbox 2364 2100 2612 2172; x_wconf 81' lang='grc' dir='ltr'>βούλεται</span> <span class='ocrx_word' id='word_1_352' title='bbox 2648 2102 2859 2174; x_wconf 82' lang='grc' dir='ltr'>δηλοῦν,</span> <span class='ocrx_word' id='word_1_353' title='bbox 2883 2103 3000 2157; x_wconf 78' lang='grc' dir='ltr'>ἔστι</span> <span class='ocrx_word' id='word_1_354' title='bbox 3027 2103 3291 2160; x_wconf 72' lang='grc' dir='ltr'><strong>’τοιοῦτον⁸</strong></span> <span class='ocrx_word' id='word_1_355' title='bbox 3325 2106 3512 2178; x_wconf 83' lang='grc' dir='ltr'>Ἡμεῖς</span> <span class='ocrx_word' id='word_1_356' title='bbox 3551 2108 3602 2162; x_wconf 78' lang='grc' dir='ltr'>οἱ</span> <span class='ocrx_word' id='word_1_357' title='bbox 3635 2125 3738 2162; x_wconf 70' lang='lat' dir='ltr'><strong>m-</strong></span> 
     </span>
    </p>
   </div>
   <div class='ocr_carea' id='block_1_49' title="bbox 2161 2192 3739 2269">
    <p class='ocr_par' dir='ltr' id='par_1_49' title="bbox 2161 2192 3739 2269">
     <span class='ocr_line' id='line_1_49' title="bbox 2161 2192 3739 2269; baseline 0.005 -23"><span class='ocrx_word' id='word_1_358' title='bbox 2161 2192 2534 2258; x_wconf 80' lang='grc' dir='ltr'>πιστευκότες,</span> <span class='ocrx_word' id='word_1_359' title='bbox 2561 2194 2916 2249; x_wconf 79' lang='grc' dir='ltr'>ὑποτύπωσιν</span> <span class='ocrx_word' id='word_1_360' title='bbox 2942 2212 3066 2250; x_wconf 81' lang='grc' dir='ltr'>τινα</span> <span class='ocrx_word' id='word_1_361' title='bbox 3091 2197 3200 2251; x_wconf 83' lang='grc' dir='ltr'><strong>τῶν</strong></span> <span class='ocrx_word' id='word_1_362' title='bbox 3222 2199 3512 2269; x_wconf 75' lang='grc' dir='ltr'><strong>πρακτέων</strong></span> <span class='ocrx_word' id='word_1_363' title='bbox 3536 2199 3605 2254; x_wconf 75' lang='grc' dir='ltr'>τὰ</span> <span class='ocrx_word' id='word_1_364' title='bbox 3624 2200 3739 2264; x_wconf 69' lang='grc' dir='ltr'>τοῖς</span> 
     </span>
    </p>
   </div>
   <div class='ocr_carea' id='block_1_50' title="bbox 2161 2282 3740 2364">
    <p class='ocr_par' dir='ltr' id='par_1_50' title="bbox 2161 2282 3740 2364">
     <span class='ocr_line' id='line_1_50' title="bbox 2161 2282 3740 2364; baseline 0.004 -26"><span class='ocrx_word' id='word_1_365' title='bbox 2161 2282 2409 2355; x_wconf 82' lang='grc' dir='ltr'>ἀρχαίοις</span> <span class='ocrx_word' id='word_1_366' title='bbox 2436 2283 2820 2356; x_wconf 72' lang='grc' dir='ltr'>συμϐεϐηκότα</span> <span class='ocrx_word' id='word_1_367' title='bbox 2853 2287 3121 2340; x_wconf 75' lang='grc' dir='ltr'>ποιεῖσθαι</span> <span class='ocrx_word' id='word_1_368' title='bbox 3164 2289 3572 2356; x_wconf 76' lang='grc' dir='ltr'>σπουδάζοντες,</span> <span class='ocrx_word' id='word_1_369' title='bbox 3599 2307 3740 2364; x_wconf 82' lang='grc' dir='ltr'>παρ-</span> 
     </span>
    </p>
   </div>
   <div class='ocr_carea' id='block_1_51' title="bbox 2160 2373 3740 2452">
    <p class='ocr_par' dir='ltr' id='par_1_51' title="bbox 2160 2373 3740 2452">
     <span class='ocr_line' id='line_1_51' title="bbox 2160 2373 3740 2452; baseline 0.004 -23"><span class='ocrx_word' id='word_1_370' title='bbox 2160 2373 2460 2446; x_wconf 80' lang='grc' dir='ltr'>αιτούμεθα</span> <span class='ocrx_word' id='word_1_371' title='bbox 2499 2375 2597 2447; x_wconf 79' lang='grc' dir='ltr'>μὲν</span> <span class='ocrx_word' id='word_1_372' title='bbox 2633 2376 2709 2440; x_wconf 88' lang='grc' dir='ltr'><strong>ὡς</strong></span> <span class='ocrx_word' id='word_1_373' title='bbox 2745 2375 2964 2448; x_wconf 83' lang='grc' dir='ltr'><strong>ὀλέθρου</strong></span> <span class='ocrx_word' id='word_1_374' title='bbox 2997 2377 3258 2448; x_wconf 77' lang='grc' dir='ltr'>πρόξενον</span> <span class='ocrx_word' id='word_1_375' title='bbox 3286 2378 3346 2432; x_wconf 81' lang='grc' dir='ltr'>τὸ</span> <span class='ocrx_word' id='word_1_376' title='bbox 3380 2379 3740 2452; x_wconf 81' lang='grc' dir='ltr'>προσκρούειν</span> 
     </span>
    </p>
   </div>
   <div class='ocr_carea' id='block_1_52' title="bbox 2160 2463 3740 2542">
    <p class='ocr_par' dir='ltr' id='par_1_52' title="bbox 2160 2463 3740 2542">
     <span class='ocr_line' id='line_1_52' title="bbox 2160 2463 3740 2542; baseline 0.004 -25"><span class='ocrx_word' id='word_1_377' title='bbox 2160 2463 2309 2536; x_wconf 85' lang='grc' dir='ltr'><strong>Θεῷ-</strong></span> <span class='ocrx_word' id='word_1_378' title='bbox 2334 2464 2601 2538; x_wconf 80' lang='grc' dir='ltr'>ζητοῦμεν</span> <span class='ocrx_word' id='word_1_379' title='bbox 2639 2466 2694 2519; x_wconf 73' lang='grc' dir='ltr'>δὲ</span> <span class='ocrx_word' id='word_1_380' title='bbox 2718 2466 2936 2538; x_wconf 78' lang='grc' dir='ltr'>μᾶλλον,</span> <span class='ocrx_word' id='word_1_381' title='bbox 2958 2467 3053 2521; x_wconf 73' lang='grc' dir='ltr'><strong>καὶ</strong></span> <span class='ocrx_word' id='word_1_382' title='bbox 3079 2466 3167 2521; x_wconf 80' lang='grc' dir='ltr'><strong>διὰ</strong></span> <span class='ocrx_word' id='word_1_383' title='bbox 3201 2468 3476 2541; x_wconf 78' lang='grc' dir='ltr'>φροντίδος</span> <span class='ocrx_word' id='word_1_384' title='bbox 3512 2471 3740 2542; x_wconf 66' lang='grc' dir='ltr'>πεποιήα</span> 
     </span>
    </p>
   </div>
   <div class='ocr_carea' id='block_1_53' title="bbox 2165 2555 3738 2634">
    <p class='ocr_par' dir='ltr' id='par_1_53' title="bbox 2165 2555 3738 2634">
     <span class='ocr_line' id='line_1_53' title="bbox 2165 2555 3738 2634; baseline 0.006 -26"><span class='ocrx_word' id='word_1_385' title='bbox 2165 2555 2306 2625; x_wconf 84' lang='grc' dir='ltr'>μεθα</span> <span class='ocrx_word' id='word_1_386' title='bbox 2333 2555 2396 2610; x_wconf 83' lang='grc' dir='ltr'><strong>τὺ</strong></span> <span class='ocrx_word' id='word_1_387' title='bbox 2434 2557 2822 2630; x_wconf 81' lang='grc' dir='ltr'>ἀποπεραίνειν</span> <span class='ocrx_word' id='word_1_388' title='bbox 2862 2558 2923 2612; x_wconf 79' lang='grc' dir='ltr'>τὸ</span> <span class='ocrx_word' id='word_1_389' title='bbox 2970 2559 3196 2614; x_wconf 85' lang='grc' dir='ltr'>ἀνδὰνον</span> <span class='ocrx_word' id='word_1_390' title='bbox 3235 2559 3404 2631; x_wconf 81' lang='grc' dir='ltr'>αὐτῷ.</span> <span class='ocrx_word' id='word_1_391' title='bbox 3435 2561 3738 2634; x_wconf 72' lang='grc' dir='ltr'>Προτρέπει</span> 
     </span>
    </p>
   </div>
   <div class='ocr_carea' id='block_1_54' title="bbox 2161 2646 3740 2720">
    <p class='ocr_par' dir='ltr' id='par_1_54' title="bbox 2161 2646 3740 2720">
     <span class='ocr_line' id='line_1_54' title="bbox 2161 2646 3740 2720; baseline 0.005 -20"><span class='ocrx_word' id='word_1_392' title='bbox 2161 2646 2271 2719; x_wconf 82' lang='grc' dir='ltr'><strong>γὰρ</strong></span> <span class='ocrx_word' id='word_1_393' title='bbox 2304 2648 2452 2719; x_wconf 76' lang='grc' dir='ltr'>ἡμᾶς</span> <span class='ocrx_word' id='word_1_394' title='bbox 2496 2648 2577 2712; x_wconf 86' lang='grc' dir='ltr'><strong>εἰς</strong></span> <span class='ocrx_word' id='word_1_395' title='bbox 2616 2647 2775 2702; x_wconf 77' lang='grc' dir='ltr'>τοῦτο</span> <span class='ocrx_word' id='word_1_396' title='bbox 2801 2648 2896 2703; x_wconf 75' lang='grc' dir='ltr'>καὶ</span> <span class='ocrx_word' id='word_1_397' title='bbox 2933 2650 2962 2702; x_wconf 81' lang='grc' dir='ltr'><strong>ὁ</strong></span> <span class='ocrx_word' id='word_1_398' title='bbox 3003 2649 3308 2720; x_wconf 81' lang='grc' dir='ltr'>σοφώτατος</span> <span class='ocrx_word' id='word_1_399' title='bbox 3340 2652 3573 2718; x_wconf 81' lang='grc' dir='ltr'><strong>Παῦλος,</strong></span> <span class='ocrx_word' id='word_1_400' title='bbox 3596 2649 3740 2708; x_wconf 79' lang='grc' dir='ltr'>οὕτω</span> 
     </span>
    </p>
   </div>
   <div class='ocr_carea' id='block_1_55' title="bbox 2160 2735 3735 2808">
    <p class='ocr_par' dir='ltr' id='par_1_55' title="bbox 2160 2735 3735 2808">
     <span class='ocr_line' id='line_1_55' title="bbox 2160 2735 3735 2808; baseline 0.004 -17"><span class='ocrx_word' id='word_1_401' title='bbox 2160 2735 2334 2806; x_wconf 84' lang='grc' dir='ltr'>λέγων</span> <span class='ocrx_word' id='word_1_402' title='bbox 2357 2753 2372 2770; x_wconf 83' lang='grc'><em>’</em></span> <span class='ocrx_word' id='word_1_403' title='bbox 2414 2756 2436 2792; x_wconf 77' lang='grc' dir='ltr'><strong>ι</strong></span> <span class='ocrx_word' id='word_1_404' title='bbox 2486 2738 2670 2793; x_wconf 80' lang='grc' dir='ltr'>Ταῦτα</span> <span class='ocrx_word' id='word_1_405' title='bbox 2723 2739 2782 2794; x_wconf 82' lang='grc' dir='ltr'>δὲ</span> <span class='ocrx_word' id='word_1_406' title='bbox 2826 2741 3072 2805; x_wconf 83' lang='grc' dir='ltr'>τυπικῶς</span> <span class='ocrx_word' id='word_1_407' title='bbox 3124 2741 3440 2797; x_wconf 73' lang='grc' dir='ltr'>συνέϐαινεν</span> <span class='ocrx_word' id='word_1_408' title='bbox 3485 2743 3735 2808; x_wconf 72' lang='grc' dir='ltr'>ἐκείνοις·</span> 
     </span>
    </p>
   </div>
   <div class='ocr_carea' id='block_1_56' title="bbox 2161 2828 3742 2908">
    <p class='ocr_par' dir='ltr' id='par_1_56' title="bbox 2161 2828 3742 2908">
     <span class='ocr_line' id='line_1_56' title="bbox 2161 2828 3742 2908; baseline 0.005 -26"><span class='ocrx_word' id='word_1_409' title='bbox 2161 2828 2378 2900; x_wconf 69' lang='grc' dir='ltr'>ἐγράφη</span> <span class='ocrx_word' id='word_1_410' title='bbox 2403 2828 2460 2883; x_wconf 86' lang='grc' dir='ltr'>δὲ</span> <span class='ocrx_word' id='word_1_411' title='bbox 2486 2830 2624 2902; x_wconf 73' lang='grc' dir='ltr'>πρὸς</span> <span class='ocrx_word' id='word_1_412' title='bbox 2652 2831 2935 2886; x_wconf 84' lang='grc' dir='ltr'>νουθεσίαν</span> <span class='ocrx_word' id='word_1_413' title='bbox 2961 2833 3141 2904; x_wconf 81' lang='grc' dir='ltr'>ήμῶν,</span> <span class='ocrx_word' id='word_1_414' title='bbox 3164 2835 3244 2898; x_wconf 81' lang='grc' dir='ltr'>εις</span> <span class='ocrx_word' id='word_1_415' title='bbox 3265 2833 3360 2900; x_wconf 79' lang='grc' dir='ltr'>οὓς</span> <span class='ocrx_word' id='word_1_416' title='bbox 3383 2835 3452 2890; x_wconf 80' lang='grc' dir='ltr'><strong>τά</strong></span> <span class='ocrx_word' id='word_1_417' title='bbox 3477 2835 3604 2908; x_wconf 81' lang='grc' dir='ltr'>τέλη</span> <span class='ocrx_word' id='word_1_418' title='bbox 3625 2835 3742 2890; x_wconf 76' lang='grc' dir='ltr'><strong>τῶν</strong></span> 
     </span>
    </p>
   </div>
   <div class='ocr_carea' id='block_1_57' title="bbox 2161 2915 3740 2996">
    <p class='ocr_par' dir='ltr' id='par_1_57' title="bbox 2161 2915 3740 2996">
     <span class='ocr_line' id='line_1_57' title="bbox 2161 2915 3740 2996; baseline 0.007 -27"><span class='ocrx_word' id='word_1_419' title='bbox 2161 2915 2373 2971; x_wconf 79' lang='grc' dir='ltr'>αἰώνων</span> <span class='ocrx_word' id='word_1_420' title='bbox 2401 2921 2755 2990; x_wconf 89' lang='grc' dir='ltr'>κατήντησεν.</span> <span class='ocrx_word' id='word_1_421' title='bbox 2789 2940 2808 2973; x_wconf 70' lang='grc' dir='ltr'><strong>ι</strong></span> <span class='ocrx_word' id='word_1_422' title='bbox 2847 2923 3059 2991; x_wconf 88' lang='grc' dir='ltr'>Τρόπος</span> <span class='ocrx_word' id='word_1_423' title='bbox 3101 2919 3194 2978; x_wconf 80' lang='grc' dir='ltr'>οὖν</span> <span class='ocrx_word' id='word_1_424' title='bbox 3224 2926 3332 2996; x_wconf 82' lang='grc' dir='ltr'><strong>ἀρα</strong></span> <span class='ocrx_word' id='word_1_425' title='bbox 3364 2927 3740 2995; x_wconf 78' lang='grc' dir='ltr'>παιδαγωγίας</span> 
     </span>
    </p>
   </div>
   <div class='ocr_carea' id='block_1_58' title="bbox 2161 3006 3737 3082">
    <p class='ocr_par' dir='ltr' id='par_1_58' title="bbox 2161 3006 3737 3082">
     <span class='ocr_line' id='line_1_58' title="bbox 2161 3006 3737 3082; baseline 0.006 -24"><span class='ocrx_word' id='word_1_426' title='bbox 2161 3006 2243 3069; x_wconf 81' lang='grc' dir='ltr'>εις</span> <span class='ocrx_word' id='word_1_427' title='bbox 2273 3007 2494 3077; x_wconf 86' lang='grc' dir='ltr'>ἀρετὴν,</span> <span class='ocrx_word' id='word_1_428' title='bbox 2527 3008 2588 3060; x_wconf 82' lang='grc' dir='ltr'>τὸ</span> <span class='ocrx_word' id='word_1_429' title='bbox 2618 3008 2727 3060; x_wconf 82' lang='grc' dir='ltr'>δεῖν</span> <span class='ocrx_word' id='word_1_430' title='bbox 2758 3007 2964 3061; x_wconf 74' lang='grc' dir='ltr'>οἴεσθαι</span> <span class='ocrx_word' id='word_1_431' title='bbox 3011 3008 3248 3080; x_wconf 77' lang='grc' dir='ltr'>καθορᾷν</span> <span class='ocrx_word' id='word_1_432' title='bbox 3278 3012 3348 3064; x_wconf 79' lang='grc' dir='ltr'>τὰ</span> <span class='ocrx_word' id='word_1_433' title='bbox 3373 3015 3485 3075; x_wconf 86' lang='grc' dir='ltr'>τοῖς</span> <span class='ocrx_word' id='word_1_434' title='bbox 3516 3015 3737 3082; x_wconf 86' lang='grc' dir='ltr'>ἀρχαιο-</span> 
     </span>
    </p>
   </div>
   <div class='ocr_carea' id='block_1_59' title="bbox 2161 3095 3738 3168">
    <p class='ocr_par' dir='ltr' id='par_1_59' title="bbox 2161 3095 3738 3168">
     <span class='ocr_line' id='line_1_59' title="bbox 2161 3095 3738 3168; baseline 0.004 -19"><span class='ocrx_word' id='word_1_435' title='bbox 2161 3095 2340 3167; x_wconf 83' lang='grc' dir='ltr'>τέροις</span> <span class='ocrx_word' id='word_1_436' title='bbox 2374 3096 2904 3166; x_wconf 80' lang='grc' dir='ltr'>συμϐεϐηκότα.⁶’οτι</span> <span class='ocrx_word' id='word_1_437' title='bbox 2927 3098 3106 3153; x_wconf 81' lang='grc' dir='ltr'>τοίνυν</span> <span class='ocrx_word' id='word_1_438' title='bbox 3137 3100 3186 3152; x_wconf 81' lang='grc' dir='ltr'>οἱ</span> <span class='ocrx_word' id='word_1_439' title='bbox 3217 3100 3485 3167; x_wconf 82' lang='grc' dir='ltr'><strong>ἀπειθεῖς,</strong></span> <span class='ocrx_word' id='word_1_440' title='bbox 3518 3103 3611 3154; x_wconf 80' lang='grc' dir='ltr'>καὶ</span> <span class='ocrx_word' id='word_1_441' title='bbox 3647 3104 3738 3168; x_wconf 75' lang='grc' dir='ltr'><strong>ἐξ·</strong></span> 
     </span>
    </p>
   </div>
   <div class='ocr_carea' id='block_1_60' title="bbox 496 3185 2063 3268">
    <p class='ocr_par' dir='ltr' id='par_1_60' title="bbox 496 3193 2063 3268">
     <span class='ocr_line' id='line_1_60' title="bbox 496 3193 2063 3268; baseline -0.004 -15"><span class='ocrx_word' id='word_1_442' title='bbox 496 3198 834 3268; x_wconf 87' lang='lat' dir='ltr'><strong>iuspicienda</strong></span> <span class='ocrx_word' id='word_1_443' title='bbox 886 3207 943 3255; x_wconf 90' lang='lat' dir='ltr'><strong>et</strong></span> <span class='ocrx_word' id='word_1_444' title='bbox 981 3197 1370 3254; x_wconf 84' lang='lat' dir='ltr'><strong>consideranda</strong></span> <span class='ocrx_word' id='word_1_445' title='bbox 1413 3207 1683 3268; x_wconf 89' lang='lat' dir='ltr'><strong>putemus.</strong></span> <span class='ocrx_word' id='word_1_446' title='bbox 1717 3193 1872 3262; x_wconf 82' lang='lat' dir='ltr'><strong>Quod</strong></span> <span class='ocrx_word' id='word_1_447' title='bbox 1902 3193 2063 3265; x_wconf 82' lang='lat' dir='ltr'><strong>igitur</strong></span> 
     </span>
    </p>
   </div>
   <div class='ocr_carea' id='block_1_61' title="bbox 2164 3185 3737 3268">
    <p class='ocr_par' dir='ltr' id='par_1_61' title="bbox 2165 3185 3737 3260">
     <span class='ocr_line' id='line_1_61' title="bbox 2165 3185 3737 3260; baseline 0.002 -20"><span class='ocrx_word' id='word_1_448' title='bbox 2165 3187 2328 3252; x_wconf 84' lang='grc' dir='ltr'>ήνιοι,</span> <span class='ocrx_word' id='word_1_449' title='bbox 2362 3188 2456 3240; x_wconf 76' lang='grc' dir='ltr'><strong>καὶ</strong></span> <span class='ocrx_word' id='word_1_450' title='bbox 2487 3185 2595 3239; x_wconf 83' lang='grc' dir='ltr'><strong>τῶν</strong></span> <span class='ocrx_word' id='word_1_451' title='bbox 2628 3186 2788 3241; x_wconf 80' lang='grc' dir='ltr'>θείων</span> <span class='ocrx_word' id='word_1_452' title='bbox 2819 3190 3246 3260; x_wconf 77' lang='grc' dir='ltr'>καταφρονηταὶ,</span> <span class='ocrx_word' id='word_1_453' title='bbox 3279 3189 3428 3260; x_wconf 80' lang='grc' dir='ltr'>δεινῇ</span> <span class='ocrx_word' id='word_1_454' title='bbox 3471 3191 3564 3247; x_wconf 75' lang='grc' dir='ltr'>καὶ</span> <span class='ocrx_word' id='word_1_455' title='bbox 3591 3191 3737 3260; x_wconf 81' lang='grc' dir='ltr'><strong>ἀφύ-</strong></span> 
     </span>
    </p>
   </div>
   <div class='ocr_carea' id='block_1_62' title="bbox 493 3284 2059 3358">
    <p class='ocr_par' dir='ltr' id='par_1_62' title="bbox 493 3284 2059 3358">
     <span class='ocr_line' id='line_1_62' title="bbox 493 3284 2059 3358; baseline -0.004 -14"><span class='ocrx_word' id='word_1_456' title='bbox 493 3289 759 3346; x_wconf 83' lang='lat' dir='ltr'><strong>increduli</strong></span> <span class='ocrx_word' id='word_1_457' title='bbox 812 3298 869 3346; x_wconf 77' lang='lat' dir='ltr'><strong>et</strong></span> <span class='ocrx_word' id='word_1_458' title='bbox 923 3289 1150 3346; x_wconf 81' lang='lat' dir='ltr'><strong>rebelles</strong></span> <span class='ocrx_word' id='word_1_459' title='bbox 1207 3288 1618 3358; x_wconf 90' lang='lat' dir='ltr'><strong>divinorumque</strong></span> <span class='ocrx_word' id='word_1_460' title='bbox 1684 3284 2059 3341; x_wconf 86' lang='lat' dir='ltr'><strong>mandatorum</strong></span> 
     </span>
    </p>
   </div>
   <div class='ocr_carea' id='block_1_63' title="bbox 498 3371 2061 3449">
    <p class='ocr_par' dir='ltr' id='par_1_63' title="bbox 498 3371 2061 3449">
     <span class='ocr_line' id='line_1_63' title="bbox 498 3371 2061 3449; baseline -0.006 -13"><span class='ocrx_word' id='word_1_461' title='bbox 498 3389 900 3449; x_wconf 82' lang='lat' dir='ltr'><strong>contemptores</strong></span> <span class='ocrx_word' id='word_1_462' title='bbox 937 3379 991 3434; x_wconf 92' lang='lat' dir='ltr'><strong>in</strong></span> <span class='ocrx_word' id='word_1_463' title='bbox 1033 3393 1222 3449; x_wconf 84' lang='lat' dir='ltr'><strong>poenas</strong></span> <span class='ocrx_word' id='word_1_464' title='bbox 1271 3377 1560 3436; x_wconf 85' lang='lat' dir='ltr'><strong>horribiles</strong></span> <span class='ocrx_word' id='word_1_465' title='bbox 1604 3385 1661 3432; x_wconf 86' lang='lat' dir='ltr'><strong>et</strong></span> <span class='ocrx_word' id='word_1_466' title='bbox 1699 3371 2061 3439; x_wconf 84' lang='lat' dir='ltr'><strong>inevitabiles,</strong></span> 
     </span>
    </p>
   </div>
   <div class='ocr_carea' id='block_1_64' title="bbox 497 3462 2060 3538">
    <p class='ocr_par' dir='ltr' id='par_1_64' title="bbox 497 3462 2060 3538">
     <span class='ocr_line' id='line_1_64' title="bbox 497 3462 2060 3538; baseline -0.005 -12"><span class='ocrx_word' id='word_1_467' title='bbox 497 3469 1036 3538; x_wconf 82' lang='lat' dir='ltr'><strong>Christojudicante,</strong></span> <span class='ocrx_word' id='word_1_468' title='bbox 1086 3469 1346 3535; x_wconf 88' lang='lat' dir='ltr'><strong>incident,</strong></span> <span class='ocrx_word' id='word_1_469' title='bbox 1392 3466 1704 3538; x_wconf 88' lang='lat' dir='ltr'><strong>planissime</strong></span> <span class='ocrx_word' id='word_1_470' title='bbox 1751 3462 2060 3527; x_wconf 87' lang='lat' dir='ltr'><strong>ostendere,</strong></span> 
     </span>
    </p>
   </div>
   <div class='ocr_carea' id='block_1_65' title="bbox 492 3556 2064 3632">
    <p class='ocr_par' dir='ltr' id='par_1_65' title="bbox 492 3556 2064 3632">
     <span class='ocr_line' id='line_1_65' title="bbox 492 3556 2064 3632; baseline -0.005 -14"><span class='ocrx_word' id='word_1_471' title='bbox 492 3570 748 3631; x_wconf 71' lang='lat' dir='ltr'><strong>tanquam</strong></span> <span class='ocrx_word' id='word_1_472' title='bbox 766 3562 819 3616; x_wconf 89' lang='lat' dir='ltr'><strong>in</strong></span> <span class='ocrx_word' id='word_1_473' title='bbox 838 3561 1071 3632; x_wconf 74' lang='lat' dir='ltr'><strong>imagine</strong></span> <span class='ocrx_word' id='word_1_474' title='bbox 1087 3570 1357 3631; x_wconf 88' lang='lat' dir='ltr'><strong>poterunt,</strong></span> <span class='ocrx_word' id='word_1_475' title='bbox 1378 3575 1498 3631; x_wconf 76' lang='lat' dir='ltr'><strong>qua:</strong></span> <span class='ocrx_word' id='word_1_476' title='bbox 1520 3559 1785 3629; x_wconf 80' lang='lat' dir='ltr'><strong>quondam</strong></span> <span class='ocrx_word' id='word_1_477' title='bbox 1811 3558 1862 3612; x_wconf 92' lang='lat' dir='ltr'><strong>in</strong></span> <span class='ocrx_word' id='word_1_478' title='bbox 1880 3556 2064 3611; x_wconf 78' lang='lat' dir='ltr'><strong>Achar</strong></span> 
     </span>
    </p>
   </div>
   <div class='ocr_carea' id='block_1_66' title="bbox 491 3642 2065 3723">
    <p class='ocr_par' dir='ltr' id='par_1_66' title="bbox 491 3642 2065 3723">
     <span class='ocr_line' id='line_1_66' title="bbox 491 3642 2065 3723; baseline -0.006 -17"><span class='ocrx_word' id='word_1_479' title='bbox 491 3662 645 3723; x_wconf 90' lang='lat' dir='ltr'><strong>gesta</strong></span> <span class='ocrx_word' id='word_1_480' title='bbox 657 3662 782 3706; x_wconf 90' lang='lat' dir='ltr'><strong>sunt</strong></span> <span class='ocrx_word' id='word_1_481' title='bbox 799 3651 866 3712; x_wconf 77' lang='lat'><strong>“.</strong></span> <span class='ocrx_word' id='word_1_482' title='bbox 885 3651 977 3721; x_wconf 85' lang='lat' dir='ltr'><strong>qui</strong></span> <span class='ocrx_word' id='word_1_483' title='bbox 987 3658 1292 3719; x_wconf 88' lang='lat' dir='ltr'><strong>contempto</strong></span> <span class='ocrx_word' id='word_1_484' title='bbox 1303 3655 1568 3718; x_wconf 81' lang='lat' dir='ltr'><strong>praecepto</strong></span> <span class='ocrx_word' id='word_1_485' title='bbox 1577 3645 1780 3708; x_wconf 76' lang='lat' dir='ltr'><strong>divino,</strong></span> <span class='ocrx_word' id='word_1_486' title='bbox 1795 3652 1850 3698; x_wconf 90' lang='lat' dir='ltr'><strong>et</strong></span> <span class='ocrx_word' id='word_1_487' title='bbox 1867 3643 1933 3698; x_wconf 90' lang='lat' dir='ltr'><strong>de</strong></span> <span class='ocrx_word' id='word_1_488' title='bbox 1949 3642 2065 3696; x_wconf 85' lang='lat' dir='ltr'><strong>tlte-</strong></span> 
     </span>
    </p>
   </div>
   <div class='ocr_carea' id='block_1_67' title="bbox 491 3729 2062 3810">
    <p class='ocr_par' dir='ltr' id='par_1_67' title="bbox 491 3729 2062 3810">
     <span class='ocr_line' id='line_1_67' title="bbox 491 3729 2062 3810; baseline -0.011 -13"><span class='ocrx_word' id='word_1_489' title='bbox 491 3757 654 3797; x_wconf 84' lang='lat' dir='ltr'><strong>sauro</strong></span> <span class='ocrx_word' id='word_1_490' title='bbox 669 3741 992 3810; x_wconf 88' lang='lat' dir='ltr'><strong>pretiosiora</strong></span> <span class='ocrx_word' id='word_1_491' title='bbox 1010 3738 1239 3802; x_wconf 82' lang='lat' dir='ltr'><strong>iuratus,</strong></span> <span class='ocrx_word' id='word_1_492' title='bbox 1265 3753 1296 3792; x_wconf 88' lang='lat' dir='ltr'><strong>a</strong></span> <span class='ocrx_word' id='word_1_493' title='bbox 1319 3734 1447 3791; x_wconf 76' lang='lat' dir='ltr'><strong>Jesu</strong></span> <span class='ocrx_word' id='word_1_494' title='bbox 1481 3733 1627 3788; x_wconf 77' lang='lat' dir='ltr'><strong>Nave</strong></span> <span class='ocrx_word' id='word_1_495' title='bbox 1644 3729 1843 3788; x_wconf 87' lang='lat' dir='ltr'><strong>Christi</strong></span> <span class='ocrx_word' id='word_1_496' title='bbox 1878 3737 2062 3798; x_wconf 85' lang='lat' dir='ltr'><strong>typum</strong></span> 
     </span>
    </p>
   </div>
   <div class='ocr_carea' id='block_1_68' title="bbox 491 3817 2066 3902">
    <p class='ocr_par' dir='ltr' id='par_1_68' title="bbox 491 3817 2066 3902">
     <span class='ocr_line' id='line_1_68' title="bbox 491 3817 2066 3902; baseline -0.011 -15"><span class='ocrx_word' id='word_1_497' title='bbox 491 3842 733 3902; x_wconf 85' lang='lat' dir='ltr'><strong>gerente,</strong></span> <span class='ocrx_word' id='word_1_498' title='bbox 746 3847 869 3887; x_wconf 87' lang='lat' dir='ltr'><strong>cum</strong></span> <span class='ocrx_word' id='word_1_499' title='bbox 888 3839 996 3886; x_wconf 88' lang='lat' dir='ltr'><strong>tota</strong></span> <span class='ocrx_word' id='word_1_500' title='bbox 1009 3831 1168 3885; x_wconf 91' lang='lat' dir='ltr'><strong>domo</strong></span> <span class='ocrx_word' id='word_1_501' title='bbox 1185 3843 1278 3884; x_wconf 87' lang='lat' dir='ltr'><strong>sua</strong></span> <span class='ocrx_word' id='word_1_502' title='bbox 1299 3833 1545 3881; x_wconf 82' lang='lat' dir='ltr'><strong>extremo</strong></span> <span class='ocrx_word' id='word_1_503' title='bbox 1560 3821 1821 3894; x_wconf 88' lang='lat' dir='ltr'><strong>supplicio</strong></span> <span class='ocrx_word' id='word_1_504' title='bbox 1833 3828 1916 3875; x_wconf 89' lang='lat' dir='ltr'><strong>est</strong></span> <span class='ocrx_word' id='word_1_505' title='bbox 1934 3817 2066 3871; x_wconf 84' lang='lat' dir='ltr'><strong>ntul-</strong></span> 
     </span>
    </p>
   </div>
   <div class='ocr_carea' id='block_1_69' title="bbox 491 3907 2063 3988">
    <p class='ocr_par' dir='ltr' id='par_1_69' title="bbox 491 3907 2063 3988">
     <span class='ocr_line' id='line_1_69' title="bbox 491 3907 2063 3988; baseline -0.01 -11"><span class='ocrx_word' id='word_1_506' title='bbox 491 3933 658 3976; x_wconf 88' lang='lat' dir='ltr'><strong>tatus.</strong></span> <span class='ocrx_word' id='word_1_507' title='bbox 706 3923 867 3976; x_wconf 77' lang='lat' dir='ltr'><strong>Duxit</strong></span> <span class='ocrx_word' id='word_1_508' title='bbox 915 3921 1060 3976; x_wconf 86' lang='lat' dir='ltr'><strong>enim</strong></span> <span class='ocrx_word' id='word_1_509' title='bbox 1095 3930 1214 3988; x_wconf 84' lang='lat' dir='ltr'><strong>post</strong></span> <span class='ocrx_word' id='word_1_510' title='bbox 1257 3918 1494 3986; x_wconf 80' lang='lat' dir='ltr'><strong>Moysem</strong></span> <span class='ocrx_word' id='word_1_511' title='bbox 1538 3913 1810 3984; x_wconf 89' lang='lat' dir='ltr'><strong>populum,</strong></span> <span class='ocrx_word' id='word_1_512' title='bbox 1842 3921 1898 3965; x_wconf 91' lang='lat' dir='ltr'><strong>et</strong></span> <span class='ocrx_word' id='word_1_513' title='bbox 1915 3907 2063 3963; x_wconf 81' lang='lat' dir='ltr'><strong>ﬁlios</strong></span> 
     </span>
    </p>
   </div>
   <div class='ocr_carea' id='block_1_70' title="bbox 489 4000 2066 4080">
    <p class='ocr_par' dir='ltr' id='par_1_70' title="bbox 489 4000 2066 4080">
     <span class='ocr_line' id='line_1_70' title="bbox 489 4000 2066 4080; baseline -0.01 -13"><span class='ocrx_word' id='word_1_514' title='bbox 489 4012 655 4068; x_wconf 80' lang='lat' dir='ltr'><strong>Israel</strong></span> <span class='ocrx_word' id='word_1_515' title='bbox 674 4027 768 4080; x_wconf 86' lang='lat' dir='ltr'><strong>per</strong></span> <span class='ocrx_word' id='word_1_516' title='bbox 781 4010 1068 4066; x_wconf 85' lang='lat' dir='ltr'><strong>Jordanem</strong></span> <span class='ocrx_word' id='word_1_517' title='bbox 1085 4005 1344 4072; x_wconf 80' lang='lat' dir='ltr'><strong>traduxit,</strong></span> <span class='ocrx_word' id='word_1_518' title='bbox 1358 4005 1610 4073; x_wconf 88' lang='lat' dir='ltr'><strong>idemque</strong></span> <span class='ocrx_word' id='word_1_519' title='bbox 1625 4014 1819 4056; x_wconf 89' lang='lat' dir='ltr'><strong>terram</strong></span> <span class='ocrx_word' id='word_1_520' title='bbox 1835 4000 2066 4069; x_wconf 86' lang='lat' dir='ltr'><strong>promis-</strong></span> 
     </span>
    </p>
   </div>
   <div class='ocr_carea' id='block_1_71' title="bbox 489 4092 2064 4162">
    <p class='ocr_par' dir='ltr' id='par_1_71' title="bbox 489 4092 2064 4162">
     <span class='ocr_line' id='line_1_71' title="bbox 489 4092 2064 4162; baseline -0.013 -1"><span class='ocrx_word' id='word_1_521' title='bbox 489 4105 662 4162; x_wconf 76' lang='lat' dir='ltr'><strong>sionis</strong></span> <span class='ocrx_word' id='word_1_522' title='bbox 677 4102 864 4158; x_wconf 86' lang='lat' dir='ltr'><strong>iisdem</strong></span> <span class='ocrx_word' id='word_1_523' title='bbox 882 4098 1155 4155; x_wconf 85' lang='lat' dir='ltr'><strong>distribuit</strong></span> <span class='ocrx_word' id='word_1_524' title='bbox 1175 4096 1240 4150; x_wconf 72' lang='grc'><strong>⁸⁸.</strong></span> <span class='ocrx_word' id='word_1_525' title='bbox 1257 4094 1347 4150; x_wconf 85' lang='lat' dir='ltr'><strong>Sic</strong></span> <span class='ocrx_word' id='word_1_526' title='bbox 1360 4103 1538 4150; x_wconf 87' lang='lat' dir='ltr'><strong>autem</strong></span> <span class='ocrx_word' id='word_1_527' title='bbox 1556 4093 1622 4148; x_wconf 90' lang='lat' dir='ltr'><strong>de</strong></span> <span class='ocrx_word' id='word_1_528' title='bbox 1633 4092 1808 4148; x_wconf 78' lang='lat' dir='ltr'><strong>Achar</strong></span> <span class='ocrx_word' id='word_1_529' title='bbox 1825 4102 2064 4145; x_wconf 79' lang='lat' dir='ltr'><strong>eorume-</strong></span> 
     </span>
    </p>
   </div>
   <div class='ocr_carea' id='block_1_72' title="bbox 487 4186 2061 4255">
    <p class='ocr_par' dir='ltr' id='par_1_72' title="bbox 487 4186 2061 4255">
     <span class='ocr_line' id='line_1_72' title="bbox 487 4186 2061 4255; baseline -0.012 -1"><span class='ocrx_word' id='word_1_530' title='bbox 487 4206 697 4254; x_wconf 87' lang='lat' dir='ltr'><strong>morata</strong></span> <span class='ocrx_word' id='word_1_531' title='bbox 711 4209 770 4252; x_wconf 83' lang='lat' dir='ltr'><strong>se</strong></span> <span class='ocrx_word' id='word_1_532' title='bbox 789 4194 1009 4250; x_wconf 90' lang='lat' dir='ltr'><strong>habent.</strong></span> <span class='ocrx_word' id='word_1_533' title='bbox 1023 4190 1193 4248; x_wconf 89' lang='lat' dir='ltr'><strong>Simul</strong></span> <span class='ocrx_word' id='word_1_534' title='bbox 1214 4189 1356 4244; x_wconf 85' lang='lat' dir='ltr'><strong>enim</strong></span> <span class='ocrx_word' id='word_1_535' title='bbox 1370 4186 1497 4242; x_wconf 80' lang='lat' dir='ltr'><strong>furti</strong></span> <span class='ocrx_word' id='word_1_536' title='bbox 1515 4193 1843 4255; x_wconf 89' lang='lat' dir='ltr'><strong>compertus,</strong></span> <span class='ocrx_word' id='word_1_537' title='bbox 1863 4190 1918 4238; x_wconf 91' lang='lat' dir='ltr'><strong>et</strong></span> <span class='ocrx_word' id='word_1_538' title='bbox 1933 4195 2061 4252; x_wconf 80' lang='lat' dir='ltr'><strong>pec-</strong></span> 
     </span>
    </p>
   </div>
   <div class='ocr_carea' id='block_1_73' title="bbox 490 4273 2062 4355">
    <p class='ocr_par' dir='ltr' id='par_1_73' title="bbox 490 4273 2062 4355">
     <span class='ocr_line' id='line_1_73' title="bbox 490 4273 2062 4355; baseline -0.012 -8"><span class='ocrx_word' id='word_1_539' title='bbox 490 4303 672 4347; x_wconf 89' lang='lat' dir='ltr'><strong>catum</strong></span> <span class='ocrx_word' id='word_1_540' title='bbox 701 4289 978 4345; x_wconf 82' lang='lat' dir='ltr'><strong>confessus</strong></span> <span class='ocrx_word' id='word_1_541' title='bbox 997 4294 1101 4351; x_wconf 86' lang='lat' dir='ltr'><strong>est,</strong></span> <span class='ocrx_word' id='word_1_542' title='bbox 1127 4306 1146 4339; x_wconf 82' lang='grc' dir='ltr'><strong>ι</strong></span> <span class='ocrx_word' id='word_1_543' title='bbox 1167 4295 1223 4340; x_wconf 86' lang='lat' dir='ltr'><strong>et</strong></span> <span class='ocrx_word' id='word_1_544' title='bbox 1243 4284 1476 4355; x_wconf 86' lang='lat' dir='ltr'><strong>accepit,</strong></span> <span class='ocrx_word' id='word_1_545' title='bbox 1494 4281 1690 4351; x_wconf 89' lang='lat' dir='ltr'><strong>inquit,</strong></span> <span class='ocrx_word' id='word_1_546' title='bbox 1709 4275 1866 4334; x_wconf 73' lang='lat' dir='ltr'><strong>lesus</strong></span> <span class='ocrx_word' id='word_1_547' title='bbox 1881 4273 2062 4330; x_wconf 86' lang='lat' dir='ltr'><strong>Achar</strong></span> 
     </span>
    </p>
   </div>
   <div class='ocr_carea' id='block_1_74' title="bbox 491 4367 2062 4442">
    <p class='ocr_par' dir='ltr' id='par_1_74' title="bbox 491 4367 2062 4442">
     <span class='ocr_line' id='line_1_74' title="bbox 491 4367 2062 4442; baseline -0.009 -7"><span class='ocrx_word' id='word_1_548' title='bbox 491 4382 662 4436; x_wconf 84' lang='lat' dir='ltr'><strong>ﬁlium</strong></span> <span class='ocrx_word' id='word_1_549' title='bbox 713 4378 882 4442; x_wconf 74' lang='lat' dir='ltr'><strong>Zam,</strong></span> <span class='ocrx_word' id='word_1_550' title='bbox 903 4386 959 4433; x_wconf 89' lang='lat' dir='ltr'><strong>et</strong></span> <span class='ocrx_word' id='word_1_551' title='bbox 994 4377 1218 4431; x_wconf 78' lang='lat' dir='ltr'><strong>abduxit</strong></span> <span class='ocrx_word' id='word_1_552' title='bbox 1255 4392 1375 4430; x_wconf 88' lang='lat' dir='ltr'><strong>cum</strong></span> <span class='ocrx_word' id='word_1_553' title='bbox 1419 4374 1487 4429; x_wconf 88' lang='lat' dir='ltr'><strong>ad</strong></span> <span class='ocrx_word' id='word_1_554' title='bbox 1529 4374 1727 4428; x_wconf 88' lang='lat' dir='ltr'><strong>vallem</strong></span> <span class='ocrx_word' id='word_1_555' title='bbox 1770 4371 1972 4431; x_wconf 85' lang='lat' dir='ltr'><strong>Achor,</strong></span> <span class='ocrx_word' id='word_1_556' title='bbox 1998 4367 2062 4421; x_wconf 88' lang='lat' dir='ltr'><strong>ﬁ-</strong></span> 
     </span>
    </p>
   </div>
   <div class='ocr_carea' id='block_1_75' title="bbox 489 4461 2058 4541">
    <p class='ocr_par' dir='ltr' id='par_1_75' title="bbox 489 4461 2058 4541">
     <span class='ocr_line' id='line_1_75' title="bbox 489 4461 2058 4541; baseline -0.009 -15"><span class='ocrx_word' id='word_1_557' title='bbox 489 4473 592 4528; x_wconf 84' lang='lat' dir='ltr'><strong>lios</strong></span> <span class='ocrx_word' id='word_1_558' title='bbox 618 4471 756 4541; x_wconf 83' lang='lat' dir='ltr'><strong>ejus,</strong></span> <span class='ocrx_word' id='word_1_559' title='bbox 790 4479 848 4526; x_wconf 87' lang='lat' dir='ltr'><strong>et</strong></span> <span class='ocrx_word' id='word_1_560' title='bbox 885 4468 1025 4522; x_wconf 87' lang='lat' dir='ltr'><strong>ﬁlias</strong></span> <span class='ocrx_word' id='word_1_561' title='bbox 1047 4467 1187 4534; x_wconf 83' lang='lat' dir='ltr'><strong>ejus.</strong></span> <span class='ocrx_word' id='word_1_562' title='bbox 1220 4474 1274 4519; x_wconf 88' lang='lat' dir='ltr'><strong>et</strong></span> <span class='ocrx_word' id='word_1_563' title='bbox 1304 4465 1502 4518; x_wconf 87' lang='lat' dir='ltr'><strong>vitulos</strong></span> <span class='ocrx_word' id='word_1_564' title='bbox 1527 4465 1660 4533; x_wconf 80' lang='lat' dir='ltr'><strong>ejus,</strong></span> <span class='ocrx_word' id='word_1_565' title='bbox 1686 4471 1740 4518; x_wconf 90' lang='lat' dir='ltr'><strong>et</strong></span> <span class='ocrx_word' id='word_1_566' title='bbox 1762 4461 2058 4530; x_wconf 79' lang='lat' dir='ltr'><strong>subjugalia</strong></span> 
     </span>
    </p>
   </div>
   <div class='ocr_carea' id='block_1_76' title="bbox 2161 3276 3741 3353">
    <p class='ocr_par' dir='ltr' id='par_1_76' title="bbox 2161 3276 3741 3353">
     <span class='ocr_line' id='line_1_76' title="bbox 2161 3276 3741 3353; baseline 0.003 -22"><span class='ocrx_word' id='word_1_567' title='bbox 2161 3294 2275 3348; x_wconf 86' lang='grc' dir='ltr'><strong>κτῳ</strong></span> <span class='ocrx_word' id='word_1_568' title='bbox 2325 3276 2746 3350; x_wconf 72' lang='grc' dir='ltr'>περιπεσοῦνται</span> <span class='ocrx_word' id='word_1_569' title='bbox 2798 3278 2953 3350; x_wconf 80' lang='grc' dir='ltr'>δίκῃ,</span> <span class='ocrx_word' id='word_1_570' title='bbox 2997 3279 3273 3351; x_wconf 73' lang='grc' dir='ltr'>κρίνοντος</span> <span class='ocrx_word' id='word_1_571' title='bbox 3317 3280 3414 3334; x_wconf 80' lang='grc' dir='ltr'>τοῦ</span> <span class='ocrx_word' id='word_1_572' title='bbox 3459 3279 3741 3353; x_wconf 75' lang='grc' dir='ltr'>Χριστοῦ,</span> 
     </span>
    </p>
   </div>
   <div class='ocr_carea' id='block_1_77' title="bbox 2163 3371 3742 3446">
    <p class='ocr_par' dir='ltr' id='par_1_77' title="bbox 2163 3371 3742 3446">
     <span class='ocr_line' id='line_1_77' title="bbox 2163 3371 3742 3446; baseline 0.003 -22"><span class='ocrx_word' id='word_1_573' title='bbox 2163 3371 2538 3444; x_wconf 82' lang='grc' dir='ltr'>παραδείξειεν</span> <span class='ocrx_word' id='word_1_574' title='bbox 2571 3372 2660 3437; x_wconf 83' lang='grc' dir='ltr'>ἂν,</span> <span class='ocrx_word' id='word_1_575' title='bbox 2687 3372 2782 3425; x_wconf 86' lang='grc' dir='ltr'><strong>καὶ</strong></span> <span class='ocrx_word' id='word_1_576' title='bbox 2817 3372 2962 3443; x_wconf 79' lang='grc' dir='ltr'>μάλα</span> <span class='ocrx_word' id='word_1_577' title='bbox 2991 3373 3211 3446; x_wconf 75' lang='grc' dir='ltr'>ῥᾳδίως,</span> <span class='ocrx_word' id='word_1_578' title='bbox 3237 3372 3310 3438; x_wconf 80' lang='grc' dir='ltr'><strong>ὡς</strong></span> <span class='ocrx_word' id='word_1_579' title='bbox 3340 3373 3398 3429; x_wconf 73' lang='grc' dir='ltr'>ἕν</span> <span class='ocrx_word' id='word_1_580' title='bbox 3417 3391 3481 3443; x_wconf 91' lang='grc' dir='ltr'>γε</span> <span class='ocrx_word' id='word_1_581' title='bbox 3508 3375 3621 3438; x_wconf 81' lang='grc' dir='ltr'>τοῖς</span> <span class='ocrx_word' id='word_1_582' title='bbox 3646 3373 3742 3428; x_wconf 62' lang='grc' dir='ltr'><strong>τύα</strong></span> 
     </span>
    </p>
   </div>
   <div class='ocr_carea' id='block_1_78' title="bbox 2163 3463 3738 3538">
    <p class='ocr_par' dir='ltr' id='par_1_78' title="bbox 2163 3463 3738 3538">
     <span class='ocr_line' id='line_1_78' title="bbox 2163 3463 3738 3538; baseline 0.004 -21"><span class='ocrx_word' id='word_1_583' title='bbox 2163 3479 2307 3528; x_wconf 77' lang='grc' dir='ltr'>ποις,</span> <span class='ocrx_word' id='word_1_584' title='bbox 2336 3463 2406 3518; x_wconf 75' lang='grc' dir='ltr'>τὰ</span> <span class='ocrx_word' id='word_1_585' title='bbox 2449 3465 2544 3517; x_wconf 73' lang='grc' dir='ltr'><strong>ἐπὶ</strong></span> <span class='ocrx_word' id='word_1_586' title='bbox 2583 3463 2661 3535; x_wconf 84' lang='grc' dir='ltr'><strong>τῷ</strong></span> <span class='ocrx_word' id='word_1_587' title='bbox 2696 3464 2868 3537; x_wconf 81' lang='grc' dir='ltr'>’Δχαρ</span> <span class='ocrx_word' id='word_1_588' title='bbox 2901 3465 3270 3538; x_wconf 74' lang='grc' dir='ltr'>πεπραγμένα</span> <span class='ocrx_word' id='word_1_589' title='bbox 3313 3465 3456 3520; x_wconf 77' lang='grc' dir='ltr'><strong>κατά</strong></span> <span class='ocrx_word' id='word_1_590' title='bbox 3491 3466 3738 3538; x_wconf 81' lang='grc' dir='ltr'>καιρούς.</span> 
     </span>
    </p>
   </div>
   <div class='ocr_carea' id='block_1_79' title="bbox 2167 3555 3740 3628">
    <p class='ocr_par' dir='ltr' id='par_1_79' title="bbox 2167 3555 3740 3628">
     <span class='ocr_line' id='line_1_79' title="bbox 2167 3555 3740 3628; baseline 0 -19"><span class='ocrx_word' id='word_1_591' title='bbox 2167 3558 2265 3620; x_wconf 90' lang='grc' dir='ltr'>Ὃς</span> <span class='ocrx_word' id='word_1_592' title='bbox 2285 3555 2386 3627; x_wconf 80' lang='grc' dir='ltr'>τῆς</span> <span class='ocrx_word' id='word_1_593' title='bbox 2409 3555 2555 3620; x_wconf 85' lang='grc' dir='ltr'>θείας</span> <span class='ocrx_word' id='word_1_594' title='bbox 2582 3555 2854 3628; x_wconf 79' lang='grc' dir='ltr'>ἀλογήσας</span> <span class='ocrx_word' id='word_1_595' title='bbox 2870 3555 3110 3626; x_wconf 75' lang='grc' dir='ltr'>ἐντολῆς,</span> <span class='ocrx_word' id='word_1_596' title='bbox 3138 3556 3232 3611; x_wconf 73' lang='grc' dir='ltr'>καὶ</span> <span class='ocrx_word' id='word_1_597' title='bbox 3257 3555 3539 3626; x_wconf 75' lang='grc' dir='ltr'>κεκλοφὼς</span> <span class='ocrx_word' id='word_1_598' title='bbox 3562 3557 3628 3611; x_wconf 81' lang='grc' dir='ltr'>ὲκ</span> <span class='ocrx_word' id='word_1_599' title='bbox 3646 3555 3740 3610; x_wconf 78' lang='grc' dir='ltr'>τοῦ</span> 
     </span>
    </p>
   </div>
   <div class='ocr_carea' id='block_1_80' title="bbox 2163 3648 3739 3722">
    <p class='ocr_par' dir='ltr' id='par_1_80' title="bbox 2163 3648 3739 3722">
     <span class='ocr_line' id='line_1_80' title="bbox 2163 3648 3739 3722; baseline -0.003 -18"><span class='ocrx_word' id='word_1_600' title='bbox 2163 3651 2535 3722; x_wconf 84' lang='grc' dir='ltr'>ἀναθήματος,</span> <span class='ocrx_word' id='word_1_601' title='bbox 2569 3649 2940 3720; x_wconf 80' lang='grc' dir='ltr'>τετιμώρηται</span> <span class='ocrx_word' id='word_1_602' title='bbox 2993 3649 3232 3715; x_wconf 79' lang='grc' dir='ltr'>πανοικὶ,</span> <span class='ocrx_word' id='word_1_603' title='bbox 3256 3648 3449 3720; x_wconf 76' lang='grc' dir='ltr'>ποινὴν</span> <span class='ocrx_word' id='word_1_604' title='bbox 3496 3648 3739 3719; x_wconf 76' lang='grc' dir='ltr'>ὲπαρτή-</span> 
     </span>
    </p>
   </div>
   <div class='ocr_carea' id='block_1_81' title="bbox 2167 3738 3741 3811">
    <p class='ocr_par' dir='ltr' id='par_1_81' title="bbox 2167 3738 3741 3811">
     <span class='ocr_line' id='line_1_81' title="bbox 2167 3738 3741 3811; baseline -0.001 -18"><span class='ocrx_word' id='word_1_605' title='bbox 2167 3757 2359 3803; x_wconf 86' lang='grc' dir='ltr'>σαντος</span> <span class='ocrx_word' id='word_1_606' title='bbox 2386 3740 2485 3809; x_wconf 84' lang='grc' dir='ltr'>τὴν</span> <span class='ocrx_word' id='word_1_607' title='bbox 2516 3741 2752 3811; x_wconf 80' lang='grc' dir='ltr'>ἐσχάτην</span> <span class='ocrx_word' id='word_1_608' title='bbox 2777 3740 2928 3810; x_wconf 74' lang='grc' dir='ltr'><strong>αὐτῷ</strong></span> <span class='ocrx_word' id='word_1_609' title='bbox 2962 3739 3136 3810; x_wconf 85' lang='grc' dir='ltr'><strong>Ἰησοῦ</strong></span> <span class='ocrx_word' id='word_1_610' title='bbox 3162 3741 3255 3792; x_wconf 84' lang='grc' dir='ltr'>τοῦ</span> <span class='ocrx_word' id='word_1_611' title='bbox 3285 3739 3465 3811; x_wconf 84' lang='grc' dir='ltr'>Ναυῆ,</span> <span class='ocrx_word' id='word_1_612' title='bbox 3497 3739 3598 3810; x_wconf 83' lang='grc' dir='ltr'>τὴν</span> <span class='ocrx_word' id='word_1_613' title='bbox 3644 3738 3741 3792; x_wconf 79' lang='grc' dir='ltr'>τοῦ</span> 
     </span>
    </p>
   </div>
   <div class='ocr_carea' id='block_1_82' title="bbox 2162 3828 3739 3900">
    <p class='ocr_par' dir='ltr' id='par_1_82' title="bbox 2162 3828 3739 3900">
     <span class='ocr_line' id='line_1_82' title="bbox 2162 3828 3739 3900; baseline -0.001 -16"><span class='ocrx_word' id='word_1_614' title='bbox 2162 3828 2399 3900; x_wconf 83' lang='grc' dir='ltr'>Χριστοῦ</span> <span class='ocrx_word' id='word_1_615' title='bbox 2428 3828 2764 3900; x_wconf 80' lang='grc' dir='ltr'>πληροῦντος</span> <span class='ocrx_word' id='word_1_616' title='bbox 2794 3829 3424 3900; x_wconf 83' lang='grc' dir='ltr'>είκόνα.Ἐστρατήγησε</span> <span class='ocrx_word' id='word_1_617' title='bbox 3465 3828 3575 3900; x_wconf 84' lang='grc' dir='ltr'>γὰρ</span> <span class='ocrx_word' id='word_1_618' title='bbox 3603 3828 3739 3900; x_wconf 84' lang='grc' dir='ltr'><strong>μετά</strong></span> 
     </span>
    </p>
   </div>
   <div class='ocr_carea' id='block_1_83' title="bbox 2163 3919 3740 3994">
    <p class='ocr_par' dir='ltr' id='par_1_83' title="bbox 2163 3919 3740 3994">
     <span class='ocr_line' id='line_1_83' title="bbox 2163 3919 3740 3994; baseline 0 -20"><span class='ocrx_word' id='word_1_619' title='bbox 2163 3920 2386 3985; x_wconf 80' lang='grc' dir='ltr'>Μωσὲα,</span> <span class='ocrx_word' id='word_1_620' title='bbox 2413 3921 2508 3974; x_wconf 71' lang='grc' dir='ltr'>καὶ</span> <span class='ocrx_word' id='word_1_621' title='bbox 2536 3919 2696 3983; x_wconf 82' lang='grc' dir='ltr'>αὐτὸς</span> <span class='ocrx_word' id='word_1_622' title='bbox 2729 3919 3000 3974; x_wconf 77' lang='grc' dir='ltr'>διεσίϐασε</span> <span class='ocrx_word' id='word_1_623' title='bbox 3026 3921 3120 3974; x_wconf 80' lang='grc' dir='ltr'>τὸν</span> <span class='ocrx_word' id='word_1_624' title='bbox 3153 3921 3423 3994; x_wconf 77' lang='grc' dir='ltr'>Ἰορδάνην</span> <span class='ocrx_word' id='word_1_625' title='bbox 3446 3922 3571 3986; x_wconf 77' lang='grc' dir='ltr'>τοὺς</span> <span class='ocrx_word' id='word_1_626' title='bbox 3593 3921 3740 3987; x_wconf 80' lang='grc' dir='ltr'>υἱοὺς</span> 
     </span>
    </p>
   </div>
   <div class='ocr_carea' id='block_1_84' title="bbox 2175 4011 3734 4086">
    <p class='ocr_par' dir='ltr' id='par_1_84' title="bbox 2175 4011 3734 4086">
     <span class='ocr_line' id='line_1_84' title="bbox 2175 4011 3734 4086; baseline -0.001 -21"><span class='ocrx_word' id='word_1_627' title='bbox 2175 4012 2412 4082; x_wconf 80' lang='grc' dir='ltr'>Ἰσραὴλ,</span> <span class='ocrx_word' id='word_1_628' title='bbox 2446 4012 2538 4066; x_wconf 75' lang='grc' dir='ltr'><strong>καὶ</strong></span> <span class='ocrx_word' id='word_1_629' title='bbox 2579 4011 2742 4075; x_wconf 77' lang='grc' dir='ltr'>αὐτὸς</span> <span class='ocrx_word' id='word_1_630' title='bbox 2773 4012 2957 4076; x_wconf 86' lang='grc' dir='ltr'>αὐτοῖς</span> <span class='ocrx_word' id='word_1_631' title='bbox 2985 4012 3480 4086; x_wconf 80' lang='grc' dir='ltr'>κατεκληροδότησε</span> <span class='ocrx_word' id='word_1_632' title='bbox 3510 4014 3607 4083; x_wconf 79' lang='grc' dir='ltr'>τῆς</span> <span class='ocrx_word' id='word_1_633' title='bbox 3633 4015 3734 4065; x_wconf 75' lang='grc' dir='ltr'><strong>ἐπ·-</strong></span> 
     </span>
    </p>
   </div>
   <div class='ocr_carea' id='block_1_85' title="bbox 2164 4102 3734 4178">
    <p class='ocr_par' dir='ltr' id='par_1_85' title="bbox 2164 4102 3734 4178">
     <span class='ocr_line' id='line_1_85' title="bbox 2164 4102 3734 4178; baseline 0.001 -24"><span class='ocrx_word' id='word_1_634' title='bbox 2164 4103 2424 4170; x_wconf 81' lang='grc' dir='ltr'>αγγελίας</span> <span class='ocrx_word' id='word_1_635' title='bbox 2449 4104 2548 4173; x_wconf 88' lang='grc' dir='ltr'>τὴν</span> <span class='ocrx_word' id='word_1_636' title='bbox 2578 4104 2865 4174; x_wconf 84' lang='grc' dir='ltr'>γῆν.Ἔχει</span> <span class='ocrx_word' id='word_1_637' title='bbox 2891 4104 2948 4158; x_wconf 86' lang='grc' dir='ltr'>δὲ</span> <span class='ocrx_word' id='word_1_638' title='bbox 2980 4102 3121 4158; x_wconf 79' lang='grc' dir='ltr'>οὕτω</span> <span class='ocrx_word' id='word_1_639' title='bbox 3145 4105 3212 4159; x_wconf 83' lang='grc' dir='ltr'><strong>τὰ</strong></span> <span class='ocrx_word' id='word_1_640' title='bbox 3238 4107 3330 4158; x_wconf 72' lang='grc' dir='ltr'><strong>ἐπὶ</strong></span> <span class='ocrx_word' id='word_1_641' title='bbox 3345 4107 3423 4178; x_wconf 82' lang='grc' dir='ltr'>τῷ</span> <span class='ocrx_word' id='word_1_642' title='bbox 3439 4108 3609 4177; x_wconf 83' lang='grc' dir='ltr'><strong>Ἀχαρ</strong></span> <span class='ocrx_word' id='word_1_643' title='bbox 3639 4119 3734 4173; x_wconf 79' lang='grc' dir='ltr'><strong>γεο</strong></span> 
     </span>
    </p>
   </div>
   <div class='ocr_carea' id='block_1_86' title="bbox 2163 4192 3737 4268">
    <p class='ocr_par' dir='ltr' id='par_1_86' title="bbox 2163 4192 3737 4268">
     <span class='ocr_line' id='line_1_86' title="bbox 2163 4192 3737 4268; baseline 0.002 -21"><span class='ocrx_word' id='word_1_644' title='bbox 2163 4192 2476 4266; x_wconf 79' lang='grc' dir='ltr'>γραμμένα.</span> <span class='ocrx_word' id='word_1_645' title='bbox 2496 4195 2711 4267; x_wconf 77' lang='grc' dir='ltr'>Ἐπειδὴ</span> <span class='ocrx_word' id='word_1_646' title='bbox 2745 4195 2854 4268; x_wconf 80' lang='grc' dir='ltr'>γὰρ</span> <span class='ocrx_word' id='word_1_647' title='bbox 2880 4196 3024 4250; x_wconf 78' lang='grc' dir='ltr'>ἑάλω</span> <span class='ocrx_word' id='word_1_648' title='bbox 3067 4197 3371 4267; x_wconf 79' lang='grc' dir='ltr'>κεκλοφὼς,</span> <span class='ocrx_word' id='word_1_649' title='bbox 3409 4200 3502 4253; x_wconf 76' lang='grc' dir='ltr'>καὶ</span> <span class='ocrx_word' id='word_1_650' title='bbox 3530 4195 3737 4268; x_wconf 79' lang='grc' dir='ltr'>ὡμολό-</span> 
     </span>
    </p>
   </div>
   <div class='ocr_carea' id='block_1_87' title="bbox 2161 4287 3738 4360">
    <p class='ocr_par' dir='ltr' id='par_1_87' title="bbox 2161 4287 3738 4360">
     <span class='ocr_line' id='line_1_87' title="bbox 2161 4287 3738 4360; baseline 0.001 -19"><span class='ocrx_word' id='word_1_651' title='bbox 2161 4305 2299 4359; x_wconf 87' lang='grc' dir='ltr'>γησε</span> <span class='ocrx_word' id='word_1_652' title='bbox 2328 4288 2428 4360; x_wconf 77' lang='grc' dir='ltr'><strong>τήν</strong></span> <span class='ocrx_word' id='word_1_653' title='bbox 2475 4288 2769 4360; x_wconf 83' lang='grc' dir='ltr'>ἁμαρτίαν,</span> <span class='ocrx_word' id='word_1_654' title='bbox 2796 4306 2814 4340; x_wconf 80' lang='grc' dir='ltr'><strong>ι</strong></span> <span class='ocrx_word' id='word_1_655' title='bbox 2840 4289 2951 4342; x_wconf 79' lang='grc' dir='ltr'><strong>Καὶ</strong></span> <span class='ocrx_word' id='word_1_656' title='bbox 2972 4287 3151 4354; x_wconf 70' lang='grc' dir='ltr'>ἔλαὸε,</span> <span class='ocrx_word' id='word_1_657' title='bbox 3186 4290 3374 4360; x_wconf 76' lang='grc' dir='ltr'>φησὶν,</span> <span class='ocrx_word' id='word_1_658' title='bbox 3391 4287 3597 4360; x_wconf 79' lang='grc' dir='ltr'>Ἰησοῦς</span> <span class='ocrx_word' id='word_1_659' title='bbox 3645 4287 3738 4342; x_wconf 77' lang='grc' dir='ltr'>τὸν</span> 
     </span>
    </p>
   </div>
   <div class='ocr_carea' id='block_1_88' title="bbox 2166 4378 3740 4450">
    <p class='ocr_par' dir='ltr' id='par_1_88' title="bbox 2166 4378 3740 4450">
     <span class='ocr_line' id='line_1_88' title="bbox 2166 4378 3740 4450; baseline 0.003 -20"><span class='ocrx_word' id='word_1_660' title='bbox 2166 4379 2344 4448; x_wconf 82' lang='grc' dir='ltr'>’Δχαρ</span> <span class='ocrx_word' id='word_1_661' title='bbox 2373 4378 2486 4431; x_wconf 84' lang='grc' dir='ltr'>υίὸν</span> <span class='ocrx_word' id='word_1_662' title='bbox 2512 4378 2685 4448; x_wconf 80' lang='grc' dir='ltr'>Ζαρὰ,</span> <span class='ocrx_word' id='word_1_663' title='bbox 2721 4378 2818 4433; x_wconf 81' lang='grc' dir='ltr'>καὶ</span> <span class='ocrx_word' id='word_1_664' title='bbox 2853 4379 3144 4446; x_wconf 83' lang='grc' dir='ltr'><strong>ἀπήγαγεν</strong></span> <span class='ocrx_word' id='word_1_665' title='bbox 3167 4379 3332 4434; x_wconf 81' lang='grc' dir='ltr'>αὐτὸν</span> <span class='ocrx_word' id='word_1_666' title='bbox 3366 4381 3448 4444; x_wconf 82' lang='grc' dir='ltr'><strong>είς</strong></span> <span class='ocrx_word' id='word_1_667' title='bbox 3477 4379 3740 4450; x_wconf 76' lang='grc' dir='ltr'>φάραγγα</span> 
     </span>
    </p>
   </div>
   <div class='ocr_carea' id='block_1_89' title="bbox 2161 4466 3742 4542">
    <p class='ocr_par' dir='ltr' id='par_1_89' title="bbox 2161 4466 3742 4542">
     <span class='ocr_line' id='line_1_89' title="bbox 2161 4466 3742 4542; baseline 0.005 -24"><span class='ocrx_word' id='word_1_668' title='bbox 2161 4466 2362 4536; x_wconf 83' lang='grc' dir='ltr'>Ἀχὼρ,</span> <span class='ocrx_word' id='word_1_669' title='bbox 2394 4468 2487 4519; x_wconf 80' lang='grc' dir='ltr'>καὶ</span> <span class='ocrx_word' id='word_1_670' title='bbox 2520 4467 2645 4530; x_wconf 80' lang='grc' dir='ltr'>τοὺς</span> <span class='ocrx_word' id='word_1_671' title='bbox 2677 4468 2829 4530; x_wconf 65' lang='lat' dir='ltr'><strong>uicit;</strong></span> <span class='ocrx_word' id='word_1_672' title='bbox 2857 4469 3154 4534; x_wconf 73' lang='grc' dir='ltr'>αὐτοῢ,καὶ</span> <span class='ocrx_word' id='word_1_673' title='bbox 3180 4469 3280 4534; x_wconf 70' lang='grc' dir='ltr'>τὰς</span> <span class='ocrx_word' id='word_1_674' title='bbox 3309 4471 3610 4542; x_wconf 79' lang='grc' dir='ltr'>θυγατέρας</span> <span class='ocrx_word' id='word_1_675' title='bbox 3637 4471 3742 4526; x_wconf 77' lang='grc' dir='ltr'><strong>αὐ·-</strong></span> 
     </span>
    </p>
   </div>
   <div class='ocr_carea' id='block_1_90' title="bbox 489 4543 2063 4636">
    <p class='ocr_par' dir='ltr' id='par_1_90' title="bbox 489 4551 2056 4632">
     <span class='ocr_line' id='line_1_90' title="bbox 489 4551 2056 4632; baseline -0.011 -12"><span class='ocrx_word' id='word_1_676' title='bbox 489 4564 626 4632; x_wconf 82' lang='lat' dir='ltr'><strong>ejus,</strong></span> <span class='ocrx_word' id='word_1_677' title='bbox 661 4572 716 4618; x_wconf 88' lang='lat' dir='ltr'><strong>ct</strong></span> <span class='ocrx_word' id='word_1_678' title='bbox 745 4575 873 4617; x_wconf 91' lang='lat' dir='ltr'><strong>oves</strong></span> <span class='ocrx_word' id='word_1_679' title='bbox 888 4559 1024 4628; x_wconf 79' lang='lat' dir='ltr'><strong>ejus,</strong></span> <span class='ocrx_word' id='word_1_680' title='bbox 1046 4566 1098 4614; x_wconf 87' lang='lat' dir='ltr'><strong>el</strong></span> <span class='ocrx_word' id='word_1_681' title='bbox 1135 4553 1536 4610; x_wconf 86' lang='lat' dir='ltr'><strong>tabernaculum</strong></span> <span class='ocrx_word' id='word_1_682' title='bbox 1567 4551 1704 4621; x_wconf 80' lang='lat' dir='ltr'><strong>ejus,</strong></span> <span class='ocrx_word' id='word_1_683' title='bbox 1733 4561 1788 4606; x_wconf 88' lang='lat' dir='ltr'><strong>et</strong></span> <span class='ocrx_word' id='word_1_684' title='bbox 1806 4560 2056 4606; x_wconf 89' lang='lat' dir='ltr'><strong>cunctam</strong></span> 
     </span>
    </p>
   </div>
   <div class='ocr_carea' id='block_1_91' title="bbox 2164 4543 3738 4636">
    <p class='ocr_par' dir='ltr' id='par_1_91' title="bbox 2164 4553 3738 4636">
     <span class='ocr_line' id='line_1_91' title="bbox 2164 4553 3738 4636; baseline 0.006 -29"><span class='ocrx_word' id='word_1_685' title='bbox 2164 4553 2277 4618; x_wconf 79' lang='grc' dir='ltr'>τοῦ,</span> <span class='ocrx_word' id='word_1_686' title='bbox 2309 4555 2404 4608; x_wconf 75' lang='grc' dir='ltr'><strong>καὶ</strong></span> <span class='ocrx_word' id='word_1_687' title='bbox 2428 4555 2554 4617; x_wconf 84' lang='grc' dir='ltr'>τοὺς</span> <span class='ocrx_word' id='word_1_688' title='bbox 2583 4555 2817 4627; x_wconf 81' lang='grc' dir='ltr'>μόσχους</span> <span class='ocrx_word' id='word_1_689' title='bbox 2842 4557 3031 4636; x_wconf 83' lang='grc' dir='ltr'>αὐτοῦ,</span> <span class='ocrx_word' id='word_1_690' title='bbox 3050 4561 3144 4614; x_wconf 70' lang='grc' dir='ltr'>καὶ</span> <span class='ocrx_word' id='word_1_691' title='bbox 3166 4560 3234 4614; x_wconf 77' lang='grc' dir='ltr'>τὰ</span> <span class='ocrx_word' id='word_1_692' title='bbox 3258 4560 3528 4631; x_wconf 79' lang='grc' dir='ltr'>ὑποζύγια</span> <span class='ocrx_word' id='word_1_693' title='bbox 3549 4560 3738 4628; x_wconf 77' lang='grc' dir='ltr'>αὐτοῦ,</span> 
     </span>
    </p>
   </div>
   <div class='ocr_carea' id='block_1_92' title="bbox 490 4644 2063 4723">
    <p class='ocr_par' dir='ltr' id='par_1_92' title="bbox 490 4644 2063 4723">
     <span class='ocr_line' id='line_1_92' title="bbox 490 4644 2063 4723; baseline -0.011 -12"><span class='ocrx_word' id='word_1_694' title='bbox 490 4654 872 4723; x_wconf 82' lang='lat' dir='ltr'><strong>supellectilem</strong></span> <span class='ocrx_word' id='word_1_695' title='bbox 904 4651 1042 4720; x_wconf 83' lang='lat' dir='ltr'><strong>ejus,</strong></span> <span class='ocrx_word' id='word_1_696' title='bbox 1083 4656 1140 4703; x_wconf 89' lang='lat' dir='ltr'><strong>et</strong></span> <span class='ocrx_word' id='word_1_697' title='bbox 1185 4646 1362 4701; x_wconf 86' lang='lat' dir='ltr'><strong>omnis</strong></span> <span class='ocrx_word' id='word_1_698' title='bbox 1411 4644 1640 4715; x_wconf 91' lang='lat' dir='ltr'><strong>populus</strong></span> <span class='ocrx_word' id='word_1_699' title='bbox 1689 4657 1810 4698; x_wconf 89' lang='lat' dir='ltr'><strong>cum</strong></span> <span class='ocrx_word' id='word_1_700' title='bbox 1864 4654 1951 4707; x_wconf 90' lang='lat' dir='ltr'><strong>eo,</strong></span> <span class='ocrx_word' id='word_1_701' title='bbox 2009 4645 2063 4694; x_wconf 91' lang='lat' dir='ltr'><strong>ct</strong></span> 
     </span>
    </p>
   </div>
   <div class='ocr_carea' id='block_1_93' title="bbox 493 4731 2065 4811">
    <p class='ocr_par' dir='ltr' id='par_1_93' title="bbox 493 4731 2065 4811">
     <span class='ocr_line' id='line_1_93' title="bbox 493 4731 2065 4811; baseline -0.009 -11"><span class='ocrx_word' id='word_1_702' title='bbox 493 4749 878 4802; x_wconf 79' lang='lat' dir='ltr'><strong>duxeruuteos</strong></span> <span class='ocrx_word' id='word_1_703' title='bbox 908 4741 973 4797; x_wconf 88' lang='lat' dir='ltr'><strong>ad</strong></span> <span class='ocrx_word' id='word_1_704' title='bbox 1009 4737 1354 4811; x_wconf 79' lang='grc' dir='ltr'>Ἐμικαχὼρ,</span> <span class='ocrx_word' id='word_1_705' title='bbox 1380 4737 1431 4792; x_wconf 91' lang='lat' dir='ltr'><strong>id</strong></span> <span class='ocrx_word' id='word_1_706' title='bbox 1453 4745 1530 4790; x_wconf 85' lang='lat' dir='ltr'><strong>est</strong></span> <span class='ocrx_word' id='word_1_707' title='bbox 1558 4734 1747 4788; x_wconf 84' lang='lat' dir='ltr'><strong>vallem</strong></span> <span class='ocrx_word' id='word_1_708' title='bbox 1771 4731 1969 4788; x_wconf 81' lang='lat' dir='ltr'><strong>Achor.</strong></span> <span class='ocrx_word' id='word_1_709' title='bbox 1999 4731 2065 4786; x_wconf 84' lang='lat' dir='ltr'><strong>Et</strong></span> 
     </span>
    </p>
   </div>
   <div class='ocr_carea' id='block_1_94' title="bbox 491 4823 2062 4898">
    <p class='ocr_par' dir='ltr' id='par_1_94' title="bbox 491 4823 2062 4898">
     <span class='ocr_line' id='line_1_94' title="bbox 491 4823 2062 4898; baseline -0.01 -4"><span class='ocrx_word' id='word_1_710' title='bbox 491 4839 626 4894; x_wconf 78' lang='lat' dir='ltr'><strong>dixit</strong></span> <span class='ocrx_word' id='word_1_711' title='bbox 649 4836 808 4892; x_wconf 85' lang='lat' dir='ltr'><strong>Jesus</strong></span> <span class='ocrx_word' id='word_1_712' title='bbox 832 4835 898 4888; x_wconf 87' lang='lat' dir='ltr'><strong>ad</strong></span> <span class='ocrx_word' id='word_1_713' title='bbox 927 4833 1108 4889; x_wconf 83' lang='lat' dir='ltr'><strong>Achar</strong></span> <span class='ocrx_word' id='word_1_714' title='bbox 1138 4849 1154 4887; x_wconf 89' lang='lat'><strong>:</strong></span> <span class='ocrx_word' id='word_1_715' title='bbox 1184 4831 1361 4896; x_wconf 86' lang='lat' dir='ltr'><strong>Quare</strong></span> <span class='ocrx_word' id='word_1_716' title='bbox 1392 4827 1672 4898; x_wconf 89' lang='lat' dir='ltr'><strong>perdidisti</strong></span> <span class='ocrx_word' id='word_1_717' title='bbox 1711 4825 1843 4881; x_wconf 85' lang='lat' dir='ltr'><strong>nos?</strong></span> <span class='ocrx_word' id='word_1_718' title='bbox 1865 4823 2062 4878; x_wconf 79' lang='lat' dir='ltr'><strong>Perdat</strong></span> 
     </span>
    </p>
   </div>
   <div class='ocr_carea' id='block_1_95' title="bbox 495 4915 2060 4989">
    <p class='ocr_par' dir='ltr' id='par_1_95' title="bbox 495 4915 2060 4989">
     <span class='ocr_line' id='line_1_95' title="bbox 495 4915 2060 4989; baseline -0.011 -3"><span class='ocrx_word' id='word_1_719' title='bbox 495 4943 545 4986; x_wconf 86' lang='lat' dir='ltr'><strong>Ic</strong></span> <span class='ocrx_word' id='word_1_720' title='bbox 576 4927 835 4984; x_wconf 80' lang='lat' dir='ltr'><strong>Dominus</strong></span> <span class='ocrx_word' id='word_1_721' title='bbox 863 4926 1003 4982; x_wconf 87' lang='lat' dir='ltr'><strong>sicut</strong></span> <span class='ocrx_word' id='word_1_722' title='bbox 1033 4934 1088 4978; x_wconf 75' lang='lat' dir='ltr'><strong>et</strong></span> <span class='ocrx_word' id='word_1_723' title='bbox 1115 4923 1297 4977; x_wconf 87' lang='lat' dir='ltr'><strong>hodie.</strong></span> <span class='ocrx_word' id='word_1_724' title='bbox 1335 4921 1402 4976; x_wconf 85' lang='lat' dir='ltr'><strong>Et</strong></span> <span class='ocrx_word' id='word_1_725' title='bbox 1428 4918 1686 4989; x_wconf 82' lang='lat' dir='ltr'><strong>lapidavit</strong></span> <span class='ocrx_word' id='word_1_726' title='bbox 1714 4932 1835 4972; x_wconf 89' lang='lat' dir='ltr'><strong>eum</strong></span> <span class='ocrx_word' id='word_1_727' title='bbox 1883 4915 2060 4970; x_wconf 79' lang='lat' dir='ltr'><strong>onmis</strong></span> 
     </span>
    </p>
   </div>
   <div class='ocr_carea' id='block_1_96' title="bbox 489 5019 2058 5094">
    <p class='ocr_par' dir='ltr' id='par_1_96' title="bbox 489 5019 2058 5094">
     <span class='ocr_line' id='line_1_96' title="bbox 489 5019 2058 5094; baseline -0.009 -19"><span class='ocrx_word' id='word_1_728' title='bbox 489 5023 716 5094; x_wconf 83' lang='lat' dir='ltr'><strong>pOpulus</strong></span> <span class='ocrx_word' id='word_1_729' title='bbox 737 5019 918 5087; x_wconf 89' lang='lat' dir='ltr'><strong>Israel,</strong></span> <span class='ocrx_word' id='word_1_730' title='bbox 938 5027 993 5074; x_wconf 90' lang='lat' dir='ltr'><strong>et</strong></span> <span class='ocrx_word' id='word_1_731' title='bbox 1015 5022 1473 5085; x_wconf 80' lang='lat' dir='ltr'><strong>congregaverunt</strong></span> <span class='ocrx_word' id='word_1_732' title='bbox 1490 5024 1651 5082; x_wconf 86' lang='lat' dir='ltr'><strong>super</strong></span> <span class='ocrx_word' id='word_1_733' title='bbox 1666 5025 1784 5065; x_wconf 89' lang='lat' dir='ltr'><strong>eum</strong></span> <span class='ocrx_word' id='word_1_734' title='bbox 1809 5022 2058 5063; x_wconf 86' lang='lat' dir='ltr'><strong>acervum</strong></span> 
     </span>
    </p>
   </div>
   <div class='ocr_carea' id='block_1_97' title="bbox 491 5102 2063 5185">
    <p class='ocr_par' dir='ltr' id='par_1_97' title="bbox 491 5102 2063 5185">
     <span class='ocr_line' id='line_1_97' title="bbox 491 5102 2063 5185; baseline -0.011 -15"><span class='ocrx_word' id='word_1_735' title='bbox 491 5115 728 5185; x_wconf 84' lang='lat' dir='ltr'><strong>lapidum</strong></span> <span class='ocrx_word' id='word_1_736' title='bbox 779 5125 1030 5181; x_wconf 85' lang='lat' dir='ltr'><strong>magnum</strong></span> <span class='ocrx_word' id='word_1_737' title='bbox 1060 5109 1128 5164; x_wconf 74' lang='lat'><strong>&quot;.</strong></span> <span class='ocrx_word' id='word_1_738' title='bbox 1173 5126 1192 5160; x_wconf 73' lang='grc' dir='ltr'><strong>ι</strong></span> <span class='ocrx_word' id='word_1_739' title='bbox 1230 5107 1412 5162; x_wconf 82' lang='lat' dir='ltr'><strong>Achor</strong></span> <span class='ocrx_word' id='word_1_740' title='bbox 1447 5105 1610 5175; x_wconf 89' lang='lat' dir='ltr'><strong>igitur</strong></span> <span class='ocrx_word' id='word_1_741' title='bbox 1640 5102 1924 5170; x_wconf 85' lang='lat' dir='ltr'><strong>exponitur</strong></span> <span class='ocrx_word' id='word_1_742' title='bbox 1954 5102 2063 5155; x_wconf 82' lang='lat' dir='ltr'><strong>dis-</strong></span> 
     </span>
    </p>
   </div>
   <div class='ocr_carea' id='block_1_98' title="bbox 494 5191 2058 5273">
    <p class='ocr_par' dir='ltr' id='par_1_98' title="bbox 494 5191 2058 5273">
     <span class='ocr_line' id='line_1_98' title="bbox 494 5191 2058 5273; baseline -0.01 -15"><span class='ocrx_word' id='word_1_743' title='bbox 494 5207 671 5271; x_wconf 85' lang='lat' dir='ltr'><strong>tortio,</strong></span> <span class='ocrx_word' id='word_1_744' title='bbox 703 5219 796 5258; x_wconf 88' lang='lat' dir='ltr'><strong>seu</strong></span> <span class='ocrx_word' id='word_1_745' title='bbox 829 5201 1111 5273; x_wconf 78' lang='lat' dir='ltr'><strong>pervenio.</strong></span> <span class='ocrx_word' id='word_1_746' title='bbox 1143 5197 1335 5253; x_wconf 84' lang='lat' dir='ltr'><strong>Juncta</strong></span> <span class='ocrx_word' id='word_1_747' title='bbox 1362 5205 1539 5251; x_wconf 83' lang='lat' dir='ltr'><strong>autem</strong></span> <span class='ocrx_word' id='word_1_748' title='bbox 1569 5209 1668 5250; x_wconf 78' lang='lat' dir='ltr'><strong>vox</strong></span> <span class='ocrx_word' id='word_1_749' title='bbox 1713 5191 2058 5263; x_wconf 84' lang='grc' dir='ltr'>Ἐμεκαχὼρ,</span> 
     </span>
    </p>
   </div>
   <div class='ocr_carea' id='block_1_99' title="bbox 494 5282 2060 5363">
    <p class='ocr_par' dir='ltr' id='par_1_99' title="bbox 494 5282 2060 5363">
     <span class='ocr_line' id='line_1_99' title="bbox 494 5282 2060 5363; baseline -0.007 -15"><span class='ocrx_word' id='word_1_750' title='bbox 494 5295 811 5363; x_wconf 88' lang='lat' dir='ltr'><strong>intelligitur</strong></span> <span class='ocrx_word' id='word_1_751' title='bbox 862 5293 1015 5349; x_wconf 79' lang='lat' dir='ltr'><strong>vallis</strong></span> <span class='ocrx_word' id='word_1_752' title='bbox 1075 5287 1436 5362; x_wconf 77' lang='lat' dir='ltr'><strong>perversionis.</strong></span> <span class='ocrx_word' id='word_1_753' title='bbox 1476 5285 1548 5340; x_wconf 91' lang='lat' dir='ltr'><strong>Ibi</strong></span> <span class='ocrx_word' id='word_1_754' title='bbox 1596 5285 1795 5350; x_wconf 79' lang='lat' dir='ltr'><strong>Achar,</strong></span> <span class='ocrx_word' id='word_1_755' title='bbox 1848 5292 1907 5338; x_wconf 92' lang='lat' dir='ltr'><strong>ut</strong></span> <span class='ocrx_word' id='word_1_756' title='bbox 1947 5282 2060 5338; x_wconf 80' lang='lat' dir='ltr'><strong>Deo</strong></span> 
     </span>
    </p>
   </div>
   <div class='ocr_carea' id='block_1_100' title="bbox 493 5376 2066 5452">
    <p class='ocr_par' dir='ltr' id='par_1_100' title="bbox 493 5376 2066 5452">
     <span class='ocr_line' id='line_1_100' title="bbox 493 5376 2066 5452; baseline -0.006 -12"><span class='ocrx_word' id='word_1_757' title='bbox 493 5400 740 5448; x_wconf 79' lang='lat' dir='ltr'><strong>exosum,</strong></span> <span class='ocrx_word' id='word_1_758' title='bbox 771 5384 1188 5452; x_wconf 83' lang='lat' dir='ltr'><strong>divitiarumque</strong></span> <span class='ocrx_word' id='word_1_759' title='bbox 1237 5379 1452 5434; x_wconf 84' lang='lat' dir='ltr'><strong>avidum</strong></span> <span class='ocrx_word' id='word_1_760' title='bbox 1503 5377 1594 5431; x_wconf 90' lang='lat' dir='ltr'><strong>ﬁlii</strong></span> <span class='ocrx_word' id='word_1_761' title='bbox 1642 5376 1802 5432; x_wconf 83' lang='lat' dir='ltr'><strong>lsrael</strong></span> <span class='ocrx_word' id='word_1_762' title='bbox 1852 5376 2066 5431; x_wconf 81' lang='lat' dir='ltr'><strong>occide-</strong></span> 
     </span>
    </p>
   </div>
   <div class='ocr_carea' id='block_1_101' title="bbox 494 5468 2063 5544">
    <p class='ocr_par' dir='ltr' id='par_1_101' title="bbox 494 5468 2063 5544">
     <span class='ocr_line' id='line_1_101' title="bbox 494 5468 2063 5544; baseline -0.006 -14"><span class='ocrx_word' id='word_1_763' title='bbox 494 5483 642 5538; x_wconf 87' lang='lat' dir='ltr'><strong>runt,</strong></span> <span class='ocrx_word' id='word_1_764' title='bbox 667 5487 790 5527; x_wconf 89' lang='lat' dir='ltr'><strong>cum</strong></span> <span class='ocrx_word' id='word_1_765' title='bbox 816 5476 1066 5531; x_wconf 89' lang='lat' dir='ltr'><strong>omnibus</strong></span> <span class='ocrx_word' id='word_1_766' title='bbox 1087 5491 1207 5544; x_wconf 70' lang='lat' dir='ltr'><strong>qua:</strong></span> <span class='ocrx_word' id='word_1_767' title='bbox 1230 5471 1479 5528; x_wconf 82' lang='lat' dir='ltr'><strong>habebat.</strong></span> <span class='ocrx_word' id='word_1_768' title='bbox 1506 5469 1773 5538; x_wconf 88' lang='lat' dir='ltr'><strong>Scriptum</strong></span> <span class='ocrx_word' id='word_1_769' title='bbox 1805 5477 1890 5523; x_wconf 85' lang='lat' dir='ltr'><strong>est</strong></span> <span class='ocrx_word' id='word_1_770' title='bbox 1921 5468 2063 5521; x_wconf 88' lang='lat' dir='ltr'><strong>enim</strong></span> 
     </span>
    </p>
   </div>
   <div class='ocr_carea' id='block_1_102' title="bbox 475 5560 2068 5636">
    <p class='ocr_par' dir='ltr' id='par_1_102' title="bbox 475 5560 2068 5636">
     <span class='ocr_line' id='line_1_102' title="bbox 475 5560 2068 5636; baseline -0.002 -19"><span class='ocrx_word' id='word_1_771' title='bbox 475 5583 520 5617; x_wconf 77' lang='grc' dir='ltr'>-ι</span> <span class='ocrx_word' id='word_1_772' title='bbox 559 5565 752 5634; x_wconf 89' lang='lat' dir='ltr'><strong>impios</strong></span> <span class='ocrx_word' id='word_1_773' title='bbox 778 5565 1037 5620; x_wconf 86' lang='lat' dir='ltr'><strong>radicitus</strong></span> <span class='ocrx_word' id='word_1_774' title='bbox 1069 5567 1136 5620; x_wconf 90' lang='lat' dir='ltr'><strong>de</strong></span> <span class='ocrx_word' id='word_1_775' title='bbox 1163 5576 1303 5621; x_wconf 88' lang='lat' dir='ltr'><strong>terra</strong></span> <span class='ocrx_word' id='word_1_776' title='bbox 1340 5565 1606 5636; x_wconf 77' lang='lat' dir='ltr'><strong>perituros</strong></span> <span class='ocrx_word' id='word_1_777' title='bbox 1642 5563 1707 5615; x_wconf 79' lang='grc'><strong>⁸⁸.</strong></span> <span class='ocrx_word' id='word_1_778' title='bbox 1746 5581 1765 5614; x_wconf 72' lang='grc' dir='ltr'><strong>ι</strong></span> <span class='ocrx_word' id='word_1_779' title='bbox 1807 5560 2068 5616; x_wconf 87' lang='lat' dir='ltr'><strong>Similiter</strong></span> 
     </span>
    </p>
   </div>
   <div class='ocr_carea' id='block_1_103' title="bbox 494 5651 2066 5728">
    <p class='ocr_par' dir='ltr' id='par_1_103' title="bbox 494 5651 2066 5728">
     <span class='ocr_line' id='line_1_103' title="bbox 494 5651 2066 5728; baseline -0.005 -15"><span class='ocrx_word' id='word_1_780' title='bbox 494 5655 590 5713; x_wconf 81' lang='lat' dir='ltr'><strong>ﬁet</strong></span> <span class='ocrx_word' id='word_1_781' title='bbox 618 5656 673 5716; x_wconf 89' lang='lat' dir='ltr'><strong>in</strong></span> <span class='ocrx_word' id='word_1_782' title='bbox 705 5655 964 5714; x_wconf 75' lang='lat' dir='ltr'><strong>extremis</strong></span> <span class='ocrx_word' id='word_1_783' title='bbox 1013 5656 1196 5712; x_wconf 64' lang='lat' dir='ltr'><strong>saeculi</strong></span> <span class='ocrx_word' id='word_1_784' title='bbox 1253 5659 1607 5728; x_wconf 84' lang='lat' dir='ltr'><strong>temporibus,</strong></span> <span class='ocrx_word' id='word_1_785' title='bbox 1648 5653 1861 5723; x_wconf 87' lang='lat' dir='ltr'><strong>quando</strong></span> <span class='ocrx_word' id='word_1_786' title='bbox 1913 5651 2066 5707; x_wconf 88' lang='lat' dir='ltr'><strong>nobis</strong></span> 
     </span>
    </p>
   </div>
   <div class='ocr_carea' id='block_1_104' title="bbox 572 5810 2002 5885">
    <p class='ocr_par' dir='ltr' id='par_1_104' title="bbox 572 5810 2002 5885">
     <span class='ocr_line' id='line_1_104' title="bbox 572 5810 2002 5885; baseline 0.002 -13"><span class='ocrx_word' id='word_1_787' title='bbox 572 5812 666 5872; x_wconf 73' lang='grc'><strong>⁵³1</strong></span> <span class='ocrx_word' id='word_1_788' title='bbox 695 5810 840 5871; x_wconf 75' lang='lat' dir='ltr'><strong>Pctr.</strong></span> <span class='ocrx_word' id='word_1_789' title='bbox 872 5831 925 5884; x_wconf 74' lang='grc' dir='ltr'><strong>ν,</strong></span> <span class='ocrx_word' id='word_1_790' title='bbox 966 5817 1018 5871; x_wconf 62' lang='grc' dir='ltr'><strong>ιι.</strong></span> <span class='ocrx_word' id='word_1_791' title='bbox 1098 5819 1138 5849; x_wconf 59' lang='grc' dir='ltr'>δ”</span> <span class='ocrx_word' id='word_1_792' title='bbox 1172 5817 1192 5872; x_wconf 88' lang='grc' dir='ltr'><strong>ι</strong></span> <span class='ocrx_word' id='word_1_793' title='bbox 1221 5817 1346 5873; x_wconf 86' lang='lat' dir='ltr'><strong>Cor.</strong></span> <span class='ocrx_word' id='word_1_794' title='bbox 1387 5836 1442 5885; x_wconf 66' lang='grc' dir='ltr'><strong>ς,</strong></span> <span class='ocrx_word' id='word_1_795' title='bbox 1471 5821 1524 5874; x_wconf 70' lang='grc' dir='ltr'>Ξ.</span> <span class='ocrx_word' id='word_1_796' title='bbox 1568 5822 1609 5854; x_wconf 68' lang='grc'><strong>⁸⁸</strong></span> <span class='ocrx_word' id='word_1_797' title='bbox 1633 5819 1744 5874; x_wconf 82' lang='lat' dir='ltr'><strong>Jos.</strong></span> <span class='ocrx_word' id='word_1_798' title='bbox 1789 5837 1880 5884; x_wconf 80' lang='lat' dir='ltr'><strong>\‘ll,</strong></span> <span class='ocrx_word' id='word_1_799' title='bbox 1914 5820 2002 5876; x_wconf 74' lang='lat'><strong>23.</strong></span> 
     </span>
    </p>
   </div>
   <div class='ocr_carea' id='block_1_105' title="bbox 2082 5819 2461 5890">
    <p class='ocr_par' dir='ltr' id='par_1_105' title="bbox 2082 5819 2461 5890">
     <span class='ocr_line' id='line_1_105' title="bbox 2082 5819 2461 5890; baseline -0.003 -14"><span class='ocrx_word' id='word_1_800' title='bbox 2082 5819 2256 5876; x_wconf 61' lang='lat' dir='ltr'><strong>“ius.</strong></span> <span class='ocrx_word' id='word_1_801' title='bbox 2297 5838 2377 5890; x_wconf 87' lang='lat' dir='ltr'><strong>ttt,</strong></span> <span class='ocrx_word' id='word_1_802' title='bbox 2414 5822 2461 5876; x_wconf 79' lang='grc'>1.</span> 
     </span>
    </p>
   </div>
   <div class='ocr_carea' id='block_1_106' title="bbox 2169 4647 3744 4727">
    <p class='ocr_par' dir='ltr' id='par_1_106' title="bbox 2169 4647 3744 4727">
     <span class='ocr_line' id='line_1_106' title="bbox 2169 4647 3744 4727; baseline 0.005 -26"><span class='ocrx_word' id='word_1_803' title='bbox 2169 4647 2265 4702; x_wconf 74' lang='grc' dir='ltr'>καὶ</span> <span class='ocrx_word' id='word_1_804' title='bbox 2313 4651 2382 4703; x_wconf 74' lang='grc' dir='ltr'>τὰ</span> <span class='ocrx_word' id='word_1_805' title='bbox 2433 4650 2679 4721; x_wconf 77' lang='grc' dir='ltr'>πρόϐατα</span> <span class='ocrx_word' id='word_1_806' title='bbox 2723 4652 2910 4717; x_wconf 75' lang='grc' dir='ltr'>αὑτοῦ,</span> <span class='ocrx_word' id='word_1_807' title='bbox 2938 4657 3033 4709; x_wconf 81' lang='grc' dir='ltr'>καὶ</span> <span class='ocrx_word' id='word_1_808' title='bbox 3059 4655 3159 4727; x_wconf 80' lang='grc' dir='ltr'>τὴν</span> <span class='ocrx_word' id='word_1_809' title='bbox 3191 4655 3396 4727; x_wconf 80' lang='grc' dir='ltr'>σκηνὴν</span> <span class='ocrx_word' id='word_1_810' title='bbox 3425 4653 3614 4721; x_wconf 75' lang='grc' dir='ltr'>αὐτοῦ,</span> <span class='ocrx_word' id='word_1_811' title='bbox 3647 4653 3744 4709; x_wconf 72' lang='grc' dir='ltr'>καὶ</span> 
     </span>
    </p>
   </div>
   <div class='ocr_carea' id='block_1_107' title="bbox 2167 4737 3742 4818">
    <p class='ocr_par' dir='ltr' id='par_1_107' title="bbox 2167 4737 3742 4818">
     <span class='ocr_line' id='line_1_107' title="bbox 2167 4737 3742 4818; baseline 0.004 -26"><span class='ocrx_word' id='word_1_812' title='bbox 2167 4737 2345 4794; x_wconf 79' lang='grc' dir='ltr'>πάντα</span> <span class='ocrx_word' id='word_1_813' title='bbox 2376 4740 2446 4794; x_wconf 86' lang='grc' dir='ltr'><strong>τά</strong></span> <span class='ocrx_word' id='word_1_814' title='bbox 2471 4741 2782 4814; x_wconf 79' lang='grc' dir='ltr'>ὑπάρχοντα</span> <span class='ocrx_word' id='word_1_815' title='bbox 2806 4745 2997 4810; x_wconf 80' lang='grc' dir='ltr'>αὑτοῦ,</span> <span class='ocrx_word' id='word_1_816' title='bbox 3024 4746 3121 4803; x_wconf 76' lang='grc' dir='ltr'><strong>καὶ</strong></span> <span class='ocrx_word' id='word_1_817' title='bbox 3149 4749 3257 4811; x_wconf 82' lang='grc' dir='ltr'><strong>πᾶς</strong></span> <span class='ocrx_word' id='word_1_818' title='bbox 3291 4749 3319 4801; x_wconf 83' lang='grc' dir='ltr'><strong>ὁ</strong></span> <span class='ocrx_word' id='word_1_819' title='bbox 3344 4747 3472 4812; x_wconf 69' lang='grc' dir='ltr'>λαὸς</span> <span class='ocrx_word' id='word_1_820' title='bbox 3503 4747 3620 4818; x_wconf 78' lang='grc' dir='ltr'>μετ’</span> <span class='ocrx_word' id='word_1_821' title='bbox 3641 4744 3742 4800; x_wconf 84' lang='grc' dir='ltr'><strong>αὐ-</strong></span> 
     </span>
    </p>
   </div>
   <div class='ocr_carea' id='block_1_108' title="bbox 2166 4831 3744 4910">
    <p class='ocr_par' dir='ltr' id='par_1_108' title="bbox 2166 4831 3744 4910">
     <span class='ocr_line' id='line_1_108' title="bbox 2166 4831 3744 4910; baseline 0.003 -24"><span class='ocrx_word' id='word_1_822' title='bbox 2166 4832 2282 4898; x_wconf 83' lang='grc' dir='ltr'>τοῦ,</span> <span class='ocrx_word' id='word_1_823' title='bbox 2310 4833 2405 4888; x_wconf 74' lang='grc' dir='ltr'>καὶ</span> <span class='ocrx_word' id='word_1_824' title='bbox 2439 4835 2714 4905; x_wconf 83' lang='grc' dir='ltr'>ἀνήγαγεν</span> <span class='ocrx_word' id='word_1_825' title='bbox 2740 4836 2936 4900; x_wconf 81' lang='grc' dir='ltr'>αὐτοὺς</span> <span class='ocrx_word' id='word_1_826' title='bbox 2960 4840 3041 4902; x_wconf 69' lang='grc' dir='ltr'>εἰς</span> <span class='ocrx_word' id='word_1_827' title='bbox 3064 4838 3406 4910; x_wconf 79' lang='grc' dir='ltr'>Ἑμεκαχὼρ.</span> <span class='ocrx_word' id='word_1_828' title='bbox 3438 4838 3549 4894; x_wconf 72' lang='grc' dir='ltr'><strong>Καὶ</strong></span> <span class='ocrx_word' id='word_1_829' title='bbox 3589 4831 3744 4892; x_wconf 62' lang='grc' dir='ltr'>εἴτην</span> 
     </span>
    </p>
   </div>
   <div class='ocr_carea' id='block_1_109' title="bbox 2180 4923 3742 5002">
    <p class='ocr_par' dir='ltr' id='par_1_109' title="bbox 2180 4923 3742 5002">
     <span class='ocr_line' id='line_1_109' title="bbox 2180 4923 3742 5002; baseline 0.003 -24"><span class='ocrx_word' id='word_1_830' title='bbox 2180 4923 2383 4996; x_wconf 79' lang='grc' dir='ltr'>Ἰησοῦς</span> <span class='ocrx_word' id='word_1_831' title='bbox 2412 4924 2490 4996; x_wconf 81' lang='grc' dir='ltr'>τῷ</span> <span class='ocrx_word' id='word_1_832' title='bbox 2512 4927 2719 4998; x_wconf 77' lang='grc' dir='ltr'>Ἀχαρ·</span> <span class='ocrx_word' id='word_1_833' title='bbox 2751 4927 2816 4980; x_wconf 87' lang='grc' dir='ltr'><strong>Τί</strong></span> <span class='ocrx_word' id='word_1_834' title='bbox 2837 4927 2921 4981; x_wconf 79' lang='grc' dir='ltr'>ὃτι</span> <span class='ocrx_word' id='word_1_835' title='bbox 2944 4929 3288 5001; x_wconf 79' lang='grc' dir='ltr'>ὠλόθρευσας</span> <span class='ocrx_word' id='word_1_836' title='bbox 3310 4931 3490 5002; x_wconf 48' lang='grc' dir='ltr'>ἡμᾶς</span> <span class='ocrx_word' id='word_1_837' title='bbox 3533 4929 3742 4995; x_wconf 79' lang='grc' dir='ltr'>Ἐξολο-</span> 
     </span>
    </p>
   </div>
   <div class='ocr_carea' id='block_1_110' title="bbox 2169 5017 3742 5092">
    <p class='ocr_par' dir='ltr' id='par_1_110' title="bbox 2169 5017 3742 5092">
     <span class='ocr_line' id='line_1_110' title="bbox 2169 5017 3742 5092; baseline 0.001 -20"><span class='ocrx_word' id='word_1_838' title='bbox 2169 5017 2394 5090; x_wconf 75' lang='grc' dir='ltr'>θρεύσαι</span> <span class='ocrx_word' id='word_1_839' title='bbox 2428 5035 2486 5071; x_wconf 90' lang='grc' dir='ltr'>σε</span> <span class='ocrx_word' id='word_1_840' title='bbox 2522 5018 2745 5089; x_wconf 78' lang='grc' dir='ltr'>Κύριος,</span> <span class='ocrx_word' id='word_1_841' title='bbox 2773 5019 2915 5074; x_wconf 81' lang='grc' dir='ltr'>καθὰ</span> <span class='ocrx_word' id='word_1_842' title='bbox 2938 5021 3034 5075; x_wconf 75' lang='grc' dir='ltr'>καὶ</span> <span class='ocrx_word' id='word_1_843' title='bbox 3064 5022 3322 5092; x_wconf 85' lang='grc' dir='ltr'>σήμερον.</span> <span class='ocrx_word' id='word_1_844' title='bbox 3351 5022 3461 5076; x_wconf 72' lang='grc' dir='ltr'><strong>Καὶ</strong></span> <span class='ocrx_word' id='word_1_845' title='bbox 3501 5019 3742 5074; x_wconf 70' lang='grc' dir='ltr'>ἐλιθοδό-</span> 
     </span>
    </p>
   </div>
   <div class='ocr_carea' id='block_1_111' title="bbox 2168 5107 3744 5184">
    <p class='ocr_par' dir='ltr' id='par_1_111' title="bbox 2168 5107 3744 5184">
     <span class='ocr_line' id='line_1_111' title="bbox 2168 5107 3744 5184; baseline 0.004 -25"><span class='ocrx_word' id='word_1_846' title='bbox 2168 5107 2340 5179; x_wconf 85' lang='grc' dir='ltr'>λησαν</span> <span class='ocrx_word' id='word_1_847' title='bbox 2363 5109 2524 5161; x_wconf 76' lang='grc' dir='ltr'>αὑτὸν</span> <span class='ocrx_word' id='word_1_848' title='bbox 2553 5108 2720 5172; x_wconf 82' lang='grc' dir='ltr'>λίθοις</span> <span class='ocrx_word' id='word_1_849' title='bbox 2744 5111 2853 5174; x_wconf 76' lang='grc' dir='ltr'>πᾶς</span> <span class='ocrx_word' id='word_1_850' title='bbox 2883 5110 3114 5182; x_wconf 78' lang='grc' dir='ltr'>Ἰσραὴλ,</span> <span class='ocrx_word' id='word_1_851' title='bbox 3141 5112 3235 5166; x_wconf 73' lang='grc' dir='ltr'>καὶ</span> <span class='ocrx_word' id='word_1_852' title='bbox 3261 5114 3570 5184; x_wconf 78' lang='grc' dir='ltr'>ἐπέστησαν</span> <span class='ocrx_word' id='word_1_853' title='bbox 3590 5110 3744 5182; x_wconf 79' lang='grc' dir='ltr'><strong>αὐτῷ</strong></span> 
     </span>
    </p>
   </div>
   <div class='ocr_carea' id='block_1_112' title="bbox 2170 5199 3741 5275">
    <p class='ocr_par' dir='ltr' id='par_1_112' title="bbox 2170 5199 3741 5275">
     <span class='ocr_line' id='line_1_112' title="bbox 2170 5199 3741 5275; baseline 0.002 -20"><span class='ocrx_word' id='word_1_854' title='bbox 2170 5200 2347 5270; x_wconf 77' lang='grc' dir='ltr'>σωρὸν</span> <span class='ocrx_word' id='word_1_855' title='bbox 2397 5199 2558 5254; x_wconf 89' lang='grc' dir='ltr'>λίθων</span> <span class='ocrx_word' id='word_1_856' title='bbox 2601 5202 2793 5270; x_wconf 81' lang='grc' dir='ltr'>μέγαν.</span> <span class='ocrx_word' id='word_1_857' title='bbox 2825 5221 2846 5254; x_wconf 68' lang='grc' dir='ltr'><strong><em>υ</em></strong></span> <span class='ocrx_word' id='word_1_858' title='bbox 2885 5201 3060 5274; x_wconf 85' lang='grc' dir='ltr'><strong>Ἀχὼρ</strong></span> <span class='ocrx_word' id='word_1_859' title='bbox 3103 5203 3201 5274; x_wconf 83' lang='grc' dir='ltr'>μὲν</span> <span class='ocrx_word' id='word_1_860' title='bbox 3244 5200 3336 5259; x_wconf 81' lang='grc' dir='ltr'>οὖν</span> <span class='ocrx_word' id='word_1_861' title='bbox 3377 5204 3741 5275; x_wconf 80' lang='grc' dir='ltr'>ἑρμηνεύεται</span> 
     </span>
    </p>
   </div>
   <div class='ocr_carea' id='block_1_113' title="bbox 2165 5291 3740 5368">
    <p class='ocr_par' dir='ltr' id='par_1_113' title="bbox 2165 5291 3740 5368">
     <span class='ocr_line' id='line_1_113' title="bbox 2165 5291 3740 5368; baseline 0.004 -24"><span class='ocrx_word' id='word_1_862' title='bbox 2165 5291 2515 5360; x_wconf 67' lang='grc' dir='ltr'>διαστροφή.</span> <span class='ocrx_word' id='word_1_863' title='bbox 2550 5293 3128 5364; x_wconf 76' lang='grc' dir='ltr'>Προσεπενηνεγμένου</span> <span class='ocrx_word' id='word_1_864' title='bbox 3179 5296 3235 5351; x_wconf 62' lang='grc' dir='ltr'>δὲ</span> <span class='ocrx_word' id='word_1_865' title='bbox 3267 5295 3360 5350; x_wconf 80' lang='grc' dir='ltr'>τοῦ</span> <span class='ocrx_word' id='word_1_866' title='bbox 3392 5296 3740 5368; x_wconf 83' lang='grc' dir='ltr'>Ἐμεκαχὼρ,</span> 
     </span>
    </p>
   </div>
   <div class='ocr_carea' id='block_1_114' title="bbox 2166 5383 3740 5460">
    <p class='ocr_par' dir='ltr' id='par_1_114' title="bbox 2166 5383 3740 5460">
     <span class='ocr_line' id='line_1_114' title="bbox 2166 5383 3740 5460; baseline 0.002 -23"><span class='ocrx_word' id='word_1_867' title='bbox 2166 5386 2365 5437; x_wconf 80' lang='grc' dir='ltr'>νοεῖται</span> <span class='ocrx_word' id='word_1_868' title='bbox 2391 5383 2455 5454; x_wconf 78' lang='grc' dir='ltr'>δὴ</span> <span class='ocrx_word' id='word_1_869' title='bbox 2475 5384 2635 5439; x_wconf 84' lang='grc' dir='ltr'>πάλιν</span> <span class='ocrx_word' id='word_1_870' title='bbox 2663 5386 2873 5452; x_wconf 68' lang='grc' dir='ltr'>κοιλὰς</span> <span class='ocrx_word' id='word_1_871' title='bbox 2885 5385 3273 5456; x_wconf 68' lang='grc' dir='ltr'>διαστροφῆς.</span> <span class='ocrx_word' id='word_1_872' title='bbox 3293 5389 3440 5441; x_wconf 80' lang='grc' dir='ltr'>Ἐκεῖ</span> <span class='ocrx_word' id='word_1_873' title='bbox 3451 5388 3543 5443; x_wconf 82' lang='grc' dir='ltr'>τὸν</span> <span class='ocrx_word' id='word_1_874' title='bbox 3560 5389 3740 5460; x_wconf 77' lang='grc' dir='ltr'>’Δχαρ</span> 
     </span>
    </p>
   </div>
   <div class='ocr_carea' id='block_1_115' title="bbox 2167 5474 3744 5548">
    <p class='ocr_par' dir='ltr' id='par_1_115' title="bbox 2167 5474 3744 5548">
     <span class='ocr_line' id='line_1_115' title="bbox 2167 5474 3744 5548; baseline 0.001 -20"><span class='ocrx_word' id='word_1_875' title='bbox 2167 5474 2528 5530; x_wconf 85' lang='grc' dir='ltr'>ἀπεκτόνασιν</span> <span class='ocrx_word' id='word_1_876' title='bbox 2571 5477 2647 5540; x_wconf 83' lang='grc' dir='ltr'>ὡς</span> <span class='ocrx_word' id='word_1_877' title='bbox 2699 5475 2922 5548; x_wconf 84' lang='grc' dir='ltr'>θεομισῆ</span> <span class='ocrx_word' id='word_1_878' title='bbox 2984 5478 3079 5533; x_wconf 76' lang='grc' dir='ltr'>καὶ</span> <span class='ocrx_word' id='word_1_879' title='bbox 3138 5478 3487 5547; x_wconf 75' lang='grc' dir='ltr'>φιλόπλουτον</span> <span class='ocrx_word' id='word_1_880' title='bbox 3528 5480 3580 5532; x_wconf 79' lang='lat' dir='ltr'><strong>oi</strong></span> <span class='ocrx_word' id='word_1_881' title='bbox 3634 5477 3744 5531; x_wconf 71' lang='grc' dir='ltr'>υἱοὶ</span> 
     </span>
    </p>
   </div>
   <div class='ocr_carea' id='block_1_116' title="bbox 2181 5566 3740 5638">
    <p class='ocr_par' dir='ltr' id='par_1_116' title="bbox 2181 5566 3740 5638">
     <span class='ocr_line' id='line_1_116' title="bbox 2181 5566 3740 5638; baseline 0.001 -20"><span class='ocrx_word' id='word_1_882' title='bbox 2181 5566 2394 5636; x_wconf 78' lang='grc' dir='ltr'>Ἰσραὴλ</span> <span class='ocrx_word' id='word_1_883' title='bbox 2415 5607 2430 5632; x_wconf 98' lang='grc'>,</span> <span class='ocrx_word' id='word_1_884' title='bbox 2463 5567 2788 5637; x_wconf 78' lang='grc' dir='ltr'>προσθέντες</span> <span class='ocrx_word' id='word_1_885' title='bbox 2816 5568 2965 5638; x_wconf 79' lang='grc' dir='ltr'><strong>αὐτῷ</strong></span> <span class='ocrx_word' id='word_1_886' title='bbox 2999 5568 3092 5621; x_wconf 78' lang='grc' dir='ltr'>καὶ</span> <span class='ocrx_word' id='word_1_887' title='bbox 3127 5569 3304 5622; x_wconf 83' lang='grc' dir='ltr'>πάντα</span> <span class='ocrx_word' id='word_1_888' title='bbox 3333 5569 3400 5622; x_wconf 79' lang='grc' dir='ltr'>τὰ</span> <span class='ocrx_word' id='word_1_889' title='bbox 3427 5566 3614 5626; x_wconf 73' lang='grc' dir='ltr'>αὐτοῦ.</span> <span class='ocrx_word' id='word_1_890' title='bbox 3640 5566 3740 5620; x_wconf 81' lang='grc' dir='ltr'><strong>Γέ-</strong></span> 
     </span>
    </p>
   </div>
   <div class='ocr_carea' id='block_1_117' title="bbox 2170 5655 3742 5728">
    <p class='ocr_par' dir='ltr' id='par_1_117' title="bbox 2170 5655 3742 5728">
     <span class='ocr_line' id='line_1_117' title="bbox 2170 5655 3742 5728; baseline 0.009 -23"><span class='ocrx_word' id='word_1_891' title='bbox 2170 5671 2408 5725; x_wconf 82' lang='grc' dir='ltr'>γραπται</span> <span class='ocrx_word' id='word_1_892' title='bbox 2461 5657 2607 5728; x_wconf 80' lang='grc' dir='ltr'><strong>γάρ,</strong></span> <span class='ocrx_word' id='word_1_893' title='bbox 2650 5659 2731 5712; x_wconf 82' lang='grc' dir='ltr'>ὅτι</span> <span class='ocrx_word' id='word_1_894' title='bbox 2781 5677 2798 5708; x_wconf 86' lang='grc' dir='ltr'><strong>ι</strong></span> <span class='ocrx_word' id='word_1_895' title='bbox 2840 5659 2901 5712; x_wconf 85' lang='grc' dir='ltr'><strong>Οἱ</strong></span> <span class='ocrx_word' id='word_1_896' title='bbox 2947 5657 3164 5720; x_wconf 73' lang='grc' dir='ltr'>ἀσεϐεῖς</span> <span class='ocrx_word' id='word_1_897' title='bbox 3207 5657 3475 5726; x_wconf 71' lang='grc' dir='ltr'>ὁλόρῤιζοι</span> <span class='ocrx_word' id='word_1_898' title='bbox 3519 5659 3584 5711; x_wconf 77' lang='grc' dir='ltr'>ὲκ</span> <span class='ocrx_word' id='word_1_899' title='bbox 3637 5655 3742 5727; x_wconf 80' lang='grc' dir='ltr'><strong>γῆς</strong></span> 
     </span>
    </p>
   </div>
   <div class='ocr_carea' id='block_1_118' title="bbox 2540 5817 3566 5891">
    <p class='ocr_par' dir='ltr' id='par_1_118' title="bbox 2540 5817 3566 5891">
     <span class='ocr_line' id='line_1_118' title="bbox 2540 5817 3566 5891; baseline 0.011 -16"><span class='ocrx_word' id='word_1_900' title='bbox 2540 5824 2581 5854; x_wconf 69' lang='grc'><strong>³⁷</strong></span> <span class='ocrx_word' id='word_1_901' title='bbox 2620 5824 2728 5879; x_wconf 77' lang='lat' dir='ltr'><strong>los.</strong></span> <span class='ocrx_word' id='word_1_902' title='bbox 2773 5838 2868 5891; x_wconf 86' lang='lat' dir='ltr'><strong>vtt,</strong></span> <span class='ocrx_word' id='word_1_903' title='bbox 2898 5820 3089 5878; x_wconf 64' lang='grc' dir='ltr'>ειηεε.</span> <span class='ocrx_word' id='word_1_904' title='bbox 3168 5820 3211 5852; x_wconf 72' lang='grc' dir='ltr'>δ’</span> <span class='ocrx_word' id='word_1_905' title='bbox 3239 5817 3378 5875; x_wconf 70' lang='grc'><strong>1⁷621·</strong></span> <span class='ocrx_word' id='word_1_906' title='bbox 3414 5834 3489 5887; x_wconf 76' lang='grc' dir='ltr'>ιιι,</span> <span class='ocrx_word' id='word_1_907' title='bbox 3513 5819 3566 5874; x_wconf 76' lang='grc' dir='ltr'><strong>⁷ο</strong></span> 
     </span>
    </p>
   </div>
  </div>
