4098 6276
458 294 524 351 8⁸1
1440 293 1498 347 S.
1537 288 1803 346 CYRILLI
1840 288 2307 346 ALEXANDRINI
2341 289 2634 349 ARCHEP'.
3639 287 3714 349 83

459 408 603 465 milis
633 420 812 468 autem
860 412 1227 476 vehementer,
1273 420 1327 466 et
1358 412 1512 481 quasi
1557 426 1778 467 accessu
1836 410 2027 474 facilis,

2138 426 2235 478 μον
2261 408 2394 462 αἰδῶ
2415 427 2427 438 ·
2453 408 2702 469 ταπεινὸς
2725 406 2780 459 δὲ
2797 407 2935 469 λίαν,
2955 409 3047 460 καὶ
3075 409 3237 462 οἱονεί
3255 427 3370 473 πως
3391 408 3714 480 εὐπρόσιτος

457 502 525 554 ad
548 500 907 558 obediendum
934 512 1232 572 promptus,
1279 513 1340 557 et
1370 518 1398 558 a
1444 502 1557 558 Deo
1588 503 1642 556 in
1675 503 1868 572 primis
1899 501 2031 559 dile-

458 598 597 647 ctus.
625 591 737 664 49
754 594 929 660 Quare
950 608 1048 664 per
1075 595 1390 664 prophetam
1417 594 1706 665 quemdam
1734 593 1909 663 inquit
1929 592 2029 651 ali-

457 683 578 736 cubi
613 701 627 737 :
659 702 678 735 ι
707 685 879 752 Super
903 699 1062 753 quem
1095 685 1405 754 respiciam,
1434 685 1536 739 nisi
1562 696 1725 753 super
1747 682 2027 746 luunilem,

457 784 511 826 et
537 776 793 842 quietum,
825 785 880 830 et
904 783 1224 832 trementem
1253 789 1532 833 sermones
1563 789 1713 830 meos
1740 775 1826 829 "il
1855 793 1873 826 ι
1909 789 2028 828 cum

457 867 620 936 igitur
651 867 860 922 locutus
888 868 1063 934 fuero,
1091 869 1290 938 inquit,
1319 868 1384 923 ad
1408 883 1504 922 cor
1535 866 1673 934 ejus,
1711 875 1838 920 tunc
1880 874 2028 931 tunc,

455 969 509 1012 et
536 958 651 1026 ipsa
682 960 1075 1026 humiliabitur,
1118 961 1257 1015 sicut
1305 968 1361 1013 ct
1406 960 1461 1014 in
1493 957 1780 1028 principio,
1815 959 2031 1028 quando

453 1061 682 1107 vocante
721 1049 924 1121 Moyse,
964 1063 1020 1108 et
1066 1068 1132 1107 ex
1178 1050 1418 1124 Egypto
1468 1051 1746 1107 discedere
1805 1051 2032 1118 iubente

456 1139 813 1196 misericorde
850 1142 980 1209 Deo,
1026 1144 1428 1214 promptissime
1465 1143 1568 1197 hoc
1609 1140 1792 1197 facere
1851 1141 2032 1196 stude-

456 1226 608 1293 bant,
636 1237 691 1282 et
715 1244 746 1284 e
773 1231 930 1285 terris
957 1231 1370 1302 imperiosorum
1406 1229 1744 1285 dominorum
1774 1241 2032 1296 propera-

457 1319 610 1372 bant.
639 1319 872 1376 Ferente
919 1331 1099 1376 autem
1131 1320 1302 1392 legem
1335 1321 1394 1376 in
1435 1317 1674 1384 Choreb,
1721 1315 2031 1387 congregati

458 1423 582 1464 cum
613 1410 795 1484 MoySe
835 1412 904 1466 ad
942 1422 1178 1470 montem
1214 1412 1364 1475 Sina,
1399 1407 1803 1480 promittebant,
1841 1423 1863 1460 ι
1905 1411 2033 1463 0m-

455 1500 546 1554 nia
587 1515 707 1570 quae
755 1502 890 1557 dixit
913 1502 1066 1558 nobis
1095 1502 1353 1558 Dominus
1414 1500 1698 1565 faciemus,
1746 1506 1800 1552 et
1829 1495 2032 1551 erimus

457 1594 771 1649 obedientes
806 1594 876 1649 “.
914 1613 932 1648 ι
978 1594 1094 1649 Erit
1138 1594 1299 1664 igitur
1346 1591 1566 1648 humilis
1607 1598 1662 1644 et
1709 1587 2027 1651 tractabilis,

456 1685 908 1755 quemadmodum
943 1696 998 1741 et
1031 1686 1207 1751 initio,
1238 1685 1454 1756 quando
1483 1699 1576 1752 per
1601 1682 1775 1753 legem
1820 1681 1885 1734 ad
1937 1695 2031 1736 co-

2130 500 2161 556 ό
2172 497 2305 569 πρὸς
2329 497 2637 552 εὐπείθειαν
2664 495 2902 561 εὐκολος,
2922 497 3016 550 καὶ
3042 498 3160 568 Θεῷ
3181 500 3299 552 λίαν
3318 501 3507 570 ήγαπη
3517 499 3677 569 μένος
3693 538 3710 556 .

2129 588 2238 645 Καὶ
2289 587 2421 656 γοῦν
2469 588 2572 658 ἔφη
2619 603 2721 640 που
2768 585 2831 640 δι’
2860 587 2977 651 ἐνὸς
3016 588 3124 642 τῶν
3169 589 3338 657 ἀγίων
3371 590 3668 661 προφητῶν
3694 605 3714 622 ο

2137 699 2155 732 ι
2178 681 2302 734 Ἐπὶ
2349 680 2472 732 τίνα
2519 679 2818 750 ἐπιϐλέψω,
2847 679 2962 733 ἀλλ’
2994 680 3146 751 ἥέπὶ
3188 683 3280 734 τὸν
3310 682 3584 743 ταπεινὸν,
3616 683 3715 736 καὶ

2130 771 2376 842 ήσύχιον,
2401 773 2496 825 καὶ
2526 772 2801 844 τρέμοντά
2831 790 2930 842 μου
2956 774 3084 838 τοὺς
3109 773 3301 841 λόγους
3327 791 3340 839 ;
3378 796 3396 827 ι
3427 775 3594 827 Ὅταν
3621 771 3720 833 οὖν

2129 862 2366 933 λαλήσω,
2405 863 2589 934 φησιν,
2623 865 2715 917 ἐπὶ
2745 864 2843 934 τὴν
2876 864 3105 936 καρδίαν
3137 865 3461 934 αὐτῆς,τότε
3483 865 3716 936 δὴμτότε

2129 957 2226 1010 καὶ
2267 956 2406 1026 αὐτὴ
2439 957 2932 1029 ταπεινωθήσεται,
2968 957 3110 1013 καθὰ
3145 960 3240 1013 καὶ
3288 961 3346 1012 ἐν
3379 959 3594 1030 ἀρχαῖς.
3624 961 3715 1012 ὅτε

2130 1045 2424 1110 καλοῦντος
2480 1048 2761 1112 Μωσέως,
2809 1051 2904 1103 καὶ
2957 1051 3056 1122 τῆς
3105 1050 3416 1118 Αἰγυπτίων
3461 1050 3717 1121 ἀπαίρειν

2131 1141 2564 1212 προστεταχότος
2579 1141 2673 1194 τοῦ
2693 1159 2728 1209 φ
2738 1142 2926 1195 ιλοικτί
2934 1159 3127 1213 ρμονος
3141 1143 3300 1208 Θεοῦ,
3313 1142 3484 1214 προθυ
3493 1141 3717 1212 μώτατα

2134 1231 2232 1302 μὲν
2281 1229 2439 1284 τοῦτο
2487 1230 2618 1302 δρᾷν
2676 1232 3028 1296 ἐσπούδαζον,
3091 1233 3188 1286 καὶ
3227 1233 3326 1302 τῆς
3367 1231 3474 1286 τῶν
3523 1231 3715 1284 πλεονιι

2131 1320 2437 1375 εκτούντων
2463 1321 2763 1392 ἀπέτρεχον
2785 1321 2907 1392 γῆς.
2952 1319 3258 1393 Ὀρίζοντος
3282 1320 3337 1374 δὲ
3366 1322 3488 1384 τοὺς
3518 1323 3718 1391 νόμους

2132 1414 2189 1466 ἐν
2209 1410 2432 1483 Χωρὴϐ,
2465 1411 2938 1483 συναγηγερμένοι
2972 1412 3110 1482 μετά
3139 1411 3381 1475 Μωσέως
3405 1411 3498 1465 ἐπὶ
3517 1410 3578 1463 τὸ
3591 1411 3717 1481 ὅρος

2132 1502 2281 1569 Σινά,
2313 1502 2818 1573 κατεπηγγέλλοντο
2847 1501 3098 1570 λέγοντες
3127 1519 3140 1533 ·
3171 1521 3190 1554 ι
3227 1501 3413 1556 Πάντα
3435 1501 3535 1555 ὅσα
3563 1496 3717 1554 εἶπεν

2131 1598 2265 1666 ἡμῖν
2293 1595 2495 1668 Κύριος
2531 1598 2561 1649 ό
2610 1596 2762 1663 Θεὸς,
2793 1598 3116 1668 ποιήσομεν,
3151 1597 3249 1650 καί
3296 1595 3656 1666 ἀκουσόμεθα.
3691 1615 3710 1648 ι

2135 1688 2343 1742 Οὐκοῦν
2369 1688 2519 1743 ἔσται
2549 1688 2776 1758 ταπεινὴ
2811 1689 2905 1744 καὶ
2935 1689 3169 1760 εὐήνιος,
3192 1687 3336 1741 καθά
3366 1689 3461 1741 καὶ
3503 1689 3562 1742 ἐν
3611 1689 3716 1758 ἀρ-

454 1777 748 1845 gnitionem
777 1776 871 1833 Dei
908 1785 1182 1847 generata,
1219 1777 1548 1832 voluntatem
1581 1775 1816 1830 divinam
1862 1772 2032 1827 libens

2137 1782 2279 1850 χαῖς,
2309 1781 2398 1833 ὅτε
2439 1780 2540 1850 τὴν
2583 1778 2671 1833 διὰ
2721 1779 2888 1849 νόμου
2938 1779 3074 1850 πρὸς
3114 1779 3443 1848 θεογνωσίαν
3474 1777 3720 1835 λαϐοῦσα

457 1864 940 1935 complectebatur.
984 1865 1111 1921 Dies
1144 1881 1275 1936 ergo
1297 1865 1596 1935 iuventutis
1623 1865 1911 1936 appellavit
1949 1877 2035 1918 re-

457 1957 861 2026 generationem
895 1973 989 2028 per
1021 1957 1189 2028 legem
1215 1957 1280 2012 ad
1313 1958 1674 2028 cognitionem
1707 1954 1826 2010 Dei.
1857 1953 2036 2020 Quare

457 2047 623 2102 etiam
658 2048 792 2104 dixit
823 2065 838 2105 :
877 2065 896 2099 ι
928 2047 1330 2117 Primogenitus
1360 2045 1504 2104 filius
1536 2060 1690 2103 meus
1723 2042 1889 2100 Israel
1913 2042 1979 2096 ".
2011 2059 2030 2093 ι

524 2241 691 2297 Vsus.
733 2241 823 2310 16,
861 2242 946 2297 Π.
988 2241 1054 2296 Ει
1077 2243 1199 2308 erit,
1227 2241 1285 2294 in
1315 2239 1538 2306 dieillo,
1575 2237 1706 2292 dicit
1737 2235 2034 2297 Dominus;

455 2335 659 2388 vocabit
697 2350 780 2388 me
807 2350 826 2389 :
856 2332 952 2387 Vir
974 2349 1141 2401 meus,
1165 2343 1211 2387 et
1242 2348 1345 2387 non
1376 2331 1582 2386 vocabit
1609 2346 1689 2385 me
1722 2326 1862 2382 ultra
1893 2325 2038 2380 Baa-

455 2426 569 2482 lim.
620 2425 692 2479 Ει
739 2427 998 2496 auferam,
1040 2425 1257 2478 nomina
1309 2422 1519 2476 Baalim
1569 2436 1634 2474 ea:
1685 2434 1774 2472 ore
1813 2416 1950 2486 ejus,
1986 2426 2035 2470 et

454 2533 560 2570 non
601 2517 1020 2571 recordabuntur
1048 2515 1188 2569 ultra
1228 2514 1508 2568 nominum
1544 2510 1782 2564 illorum.

525 2675 717 2731 XXVI.
761 2676 909 2730 Diem
947 2675 1052 2730 hoc
1082 2673 1200 2729 loco
1233 2681 1446 2742 tempus
1486 2670 1754 2725 adventus
1788 2666 2036 2722 Salvato-

456 2768 532 2822 ris
559 2768 727 2824 nostri
753 2768 1037 2842 nominat:
1086 2764 1302 2837 proprie
1337 2763 1486 2817 enim
1540 2776 1604 2816 ac
1634 2775 1761 2816 vere
1790 2759 1912 2815 dies
1934 2773 2034 2814 vo-

457 2863 568 2917 rari
623 2870 803 2932 potest
853 2869 1066 2930 tempus
1133 2855 1524 2914 incarnationis
1576 2852 1876 2921 Unigeniti,
1928 2865 2036 2921 quo

456 2952 630 3022 caligo
658 2951 711 3005 in
748 2950 947 3005 mundo
981 2949 1201 3017 depulsa
1234 2955 1338 3010 est,
1369 2954 1425 3000 ct
1448 2942 1742 3015 proﬂigata:
1775 2940 2032 3006 tenebras,

455 3050 510 3096 et
554 3041 704 3109 quasi
736 3039 960 3109 quidam
997 3037 1313 3105 splendores
1363 3035 1418 3089 in
1464 3032 1661 3088 animis
1700 3030 2030 3086 credentium

2136 1873 2412 1944 γέννησιν,
2442 1873 2696 1944 ἀσμένως
2717 1871 2928 1943 ἐδέχετο
2954 1873 3014 1926 τὸ
3040 1872 3120 1943 τῷ
3144 1869 3264 1941 Θεῷ
3289 1870 3486 1924 δοκοῦν
3523 1869 3718 1940 νηπιό-

2135 1980 2316 2033 τητος.
2346 1963 2536 2017 Τοίνυν
2561 1963 2795 2036 ἡμέρας,
2821 1963 2920 2035 τὴν
2949 1963 3037 2016 διά
3083 1964 3248 2034 νόμου
3296 1963 3462 2032 φησὶν
3494 1960 3722 2028 ἀναγέν-

2135 2071 2291 2126 νησιν
2319 2056 2398 2119 εἰς
2427 2054 2756 2124 Θεογνωσίαν
2774 2070 2790 2087 ο
2821 2054 3101 2126 τοιγάρτοι
3136 2053 3232 2107 καὶ
3255 2051 3514 2122 ἔφασκεν,
3544 2070 3564 2104 ι
3589 2052 3720 2116 Υἱὸς

2135 2144 2477 2216 πρωτότοκός
2505 2162 2607 2215 μου
2644 2145 2882 2216 Ἰσραήλ.
2917 2164 2935 2196 ›

2206 2234 2317 2288 Kal
2342 2235 2545 2300 ἔσται,
2579 2234 2649 2288 ἐν
2672 2233 2748 2302 τῇ
2785 2233 2976 2302 ἡμέρᾳ
3000 2234 3226 2302 ἐκείνῃ,
3261 2233 3424 2301 λέγει
3461 2231 3676 2299 Κύριος
3698 2268 3720 2294 ,

2134 2324 2384 2381 καλέσει
2404 2341 2483 2395 με
2516 2341 2530 2355 ’
2559 2323 2742 2392 Ἀνήρ
2794 2341 2915 2392 μου
2936 2341 2951 2356 ο
2984 2323 3082 2378 καὶ
3111 2325 3184 2378 οὐ
3214 2321 3460 2377 καλέσει
3497 2339 3575 2391 με
3629 2320 3720 2374 ἔτι

2134 2418 2421 2486 Βααλείμ.
2457 2415 2566 2471 Καὶ
2597 2412 2793 2483 ἐξαρῶ
2823 2412 2897 2468 τὰ
2927 2415 3188 2483 ὀνόματα
3228 2413 3348 2468 τῶν
3367 2411 3632 2479 Βααλεὶμ
3649 2411 3718 2465 ἐκ

2135 2508 2435 2578 στόματος
2459 2505 2673 2575 αὐτῆς,
2725 2504 2824 2559 καὶ
2861 2507 2935 2560 οὐ
2977 2505 3063 2575 μὴ
3101 2504 3460 2576 μνησθῶσιν
3491 2505 3603 2558 οὐκ
3628 2502 3718 2556 ἔτι

2133 2603 2204 2658 τὰ
2226 2602 2486 2670 ὀνόματα
2513 2597 2732 2654 αὐτῶν.

2202 2691 2348 2759 Κῷ.
2397 2692 2640 2763 Ἡμέραν
2672 2690 2772 2762 μὲν
2797 2691 2854 2744 ἐν
2878 2689 3087 2753 τούτοις
3114 2689 3204 2743 τὸν
3225 2689 3324 2759 τῆς
3344 2688 3439 2742 τοῦ
3469 2686 3719 2757 Σωτῆρος

2131 2783 2290 2855 ήμῶν
2341 2783 2635 2855 ἐπιδημίας
2671 2782 2928 2854 ὀνομάζει
2956 2781 3148 2855 καιρόν
3171 2797 3188 2812 ⁶
3245 2781 3571 2851 κεκλήσεται
3609 2777 3718 2848 γὰρ

2132 2875 2316 2946 ήμέρα
2369 2875 2574 2946 κυρίως
2633 2875 2728 2928 καὶ
2758 2875 3007 2945 ἀληθῶς,
3068 2875 3168 2943 τῆς
3231 2871 3327 2926 τοῦ
3378 2868 3720 2939 Μονογενοῦς

2132 2965 2597 3036 ἐνανθρωπήσεως
2614 2965 2642 3016 ό
2672 2963 2882 3032 καιρὸς,
2916 2963 3038 3016 καθ’
3064 2962 3122 3015 ὃν
3145 2963 3184 3030 ἡ
3201 2964 3258 3013 ἐν
3281 2961 3472 3029 κόσμῳ
3499 2959 3717 3014 λέλυται

2137 3053 2236 3124 μὲν
2261 3052 2451 3123 ἀχλύς·
2483 3051 2780 3120 ήφάνισται
2815 3051 2872 3103 δὲ
2915 3050 3011 3104 καὶ
3036 3050 3097 3103 τὸ
3149 3047 3354 3110 σκότος·
3380 3047 3631 3116 λαμπραὶ
3659 3049 3718 3099 δὲ

455 3132 658 3196 exorti,
711 3130 865 3186 etsol
918 3129 1145 3200 iustitia:
1193 3127 1459 3191 illuxit",
1521 3138 1659 3179 verte
1711 3121 2032 3192 cognitionis

2135 3144 2324 3215 ὥσπερ
2352 3143 2663 3213 ἀνίσχουσιν
2679 3141 2847 3210 αὐγαὶ
2872 3139 3012 3195 κατά
3032 3137 3156 3193 νοῦν
3176 3139 3287 3199 τοῖς
3303 3134 3714 3198 πεπιστευκόσι,

453 3225 552 3281 Dei
596 3225 774 3278 lumen
807 3221 1168 3289 iuserensiis,
1198 3221 1294 3291 qui
1347 3218 1541 3275 mentis
1579 3216 1765 3274 oculos
1817 3214 2031 3285 aperire

455 3326 743 3372 noverunt.
796 3315 890 3370 Illo
942 3314 1107 3384 igitur
1145 3322 1407 3383 tempore,
1470 3312 1667 3381 inquit,
1722 3317 1912 3364 vocata
1961 3306 2031 3362 ad

456 3402 784 3472 agnitionem
815 3402 926 3457 veri
955 3402 1071 3463 Dei.
1103 3415 1134 3455 a
1161 3402 1330 3456 veteri
1357 3401 1445 3454 illa
1509 3409 1565 3454 et
1595 3398 1781 3455 odiosa
1813 3396 2032 3452 levitate

457 3493 716 3559 discedet,
741 3508 842 3549 nec
861 3493 1092 3564 amplius
1120 3493 1367 3548 alicunde
1390 3493 1456 3546 ad
1474 3491 1799 3562 apostasiam
1831 3505 1859 3542 a
1885 3497 2033 3543 recto

460 3578 731 3634 curriculo
773 3579 931 3634 facile
957 3581 1410 3650 detorquebitur;
1451 3581 1544 3636 sed
1579 3579 1818 3633 animum
1856 3577 2031 3646 potius

459 3683 606 3728 recte
645 3682 699 3726 et
740 3673 1033 3729 salubriter
1075 3673 1380 3728 constantia
1423 3672 1644 3742 pietatis
1688 3671 2030 3726 incedentem

458 3763 701 3827 habebit,
727 3774 786 3819 ut
809 3780 986 3835 neque
1012 3773 1272 3835 punctum
1303 3765 1562 3832 temporis
1598 3763 1815 3819 nomina
1863 3759 2033 3815 idolo-

457 3873 579 3910 rum
604 3857 658 3910 in
687 3871 938 3912 sermone
979 3865 1220 3924 usurpet.
1267 3855 1496 3910 Vocahit
1519 3856 1661 3909 enim
1690 3869 1798 3920 me,
1834 3854 2031 3922 inquit,

458 3944 555 4002 vn
577 3961 750 4011 meus,
785 3957 838 4000 et
865 3963 970 4000 non
1002 3947 1216 4000 vocabit
1247 3959 1332 3998 me
1360 3943 1499 3996 ultra
1529 3943 1756 4009 Baalim,
1801 3945 1903 3998 hoc
1953 3951 2036 3998 est

456 4036 783 4106 temperabit
826 4052 855 4090 a
910 4035 1176 4101 libidine,
1229 4045 1286 4090 et
1337 4032 1593 4089 fornicari
1655 4035 1709 4088 in
1757 4045 2033 4103 posterum

456 4129 752 4186 recusabit.
787 4128 964 4198 Magni
991 4136 1175 4182 autem
1219 4126 1536 4191 aestimabit,
1587 4141 1708 4182 esse
1747 4140 1812 4182 se
1859 4125 2036 4195 legiti-

455 4235 620 4287 mam,
654 4230 710 4273 et
735 4221 1108 4288 cognationem
1139 4218 1512 4284 confitebitur,
1539 4217 1888 4286 'spiritualem
1927 4216 2034 4272 uti-

456 4328 584 4380 que.
637 4309 958 4379 Neutiquam
1001 4319 1180 4363 autem
1215 4309 1355 4364 idola
1392 4307 1598 4363 Baalim
1626 4309 1926 4379 invocabit,
1964 4322 2032 4363 ex

456 4405 638 4475 lapide
670 4403 940 4467 confecta,
985 4411 1039 4457 ct
1067 4401 1428 4470 quorumdam
1477 4400 1708 4454 artificio
1752 4400 1938 4456 solerti
1979 4401 2032 4453 in

2134 3237 2230 3291 καὶ
2259 3236 2286 3288 ὁ
2315 3236 2414 3306 τῆς
2440 3232 2788 3304 δικαιοσύνης
2816 3229 3130 3300 ἐπέλαμψεν
3163 3228 3333 3298 ἥλιος,
3361 3227 3459 3296 τῆς
3485 3225 3717 3295 ἀληθοῦς

2136 3323 2465 3394 θεογνωσίας
2504 3322 2566 3376 τὸ
2599 3322 2715 3390 φῶς
2741 3320 2904 3384 ἐνιεὶς
2928 3321 3039 3382 τοῖς
3077 3315 3393 3387 ἀνευρύνειν
3427 3315 3590 3368 εἰδόσι
3618 3315 3717 3385 τῆς

2133 3415 2372 3478 διανοίας
2425 3413 2517 3468 τὸν
2563 3411 2861 3482 ὀφθαλμόν.
2909 3410 3047 3462 Κατ’
3079 3410 3254 3462 ἐκεῖνο
3277 3407 3340 3478 δὴ
3360 3399 3452 3460 οὖν
3474 3404 3568 3458 τοῦ
3595 3423 3719 3459 και-

2136 3507 2255 3580 ροῦ,
2298 3506 2454 3575 φησὶ,
2516 3502 2827 3574 κεκλημένη
2888 3500 3024 3572 πρὸς
3075 3499 3364 3569 ἐπίγνωσιν
3419 3496 3514 3550 τοῦ
3575 3496 3716 3550 κατά

2134 3596 2390 3666 ἀλήθειαν
2415 3596 2564 3658 ὄντος
2596 3593 2757 3659 Θεοῦ,
2786 3591 3078 3662 καταλήξει
3115 3591 3212 3660 μὲν
3239 3589 3340 3658 τῆς
3370 3589 3544 3659 ἀρχῆς
3570 3587 3717 3641 ἐκεί-η

2135 3703 2254 3757 νης,
2297 3687 2393 3739 καὶ
2441 3685 2711 3754 στυιγητῆς
2750 3683 3010 3754 ἐλαφρίας
3035 3698 3048 3713 ο
3083 3680 3464 3751 εὐπαράφορος
3491 3679 3548 3731 δὲ
3590 3679 3719 3732 οὐκο

2135 3775 2216 3832 ἐτι
2269 3776 2404 3847 πρὸς
2473 3774 2811 3828 ἀποστασίαν
2877 3773 3028 3829 ἐσται
3090 3770 3275 3824 ποθέν.
3329 3768 3610 3842 Βεϐηκότα
3658 3767 3715 3825 δὲ

2138 3867 2336 3936 μᾶλλον
2375 3865 2550 3936 ὀρθῶς
2571 3882 2629 3918 τε
2656 3865 2752 3918 καὶ
2791 3863 2977 3932 ὑγιῶς,
3010 3861 3105 3916 καὶ
3152 3861 3487 3932 ἀκράδαντον
3520 3862 3599 3922 εἰς
3628 3857 3718 3911 εὐ-

2138 3956 2350 4010 σέϐειαν
2379 3955 2489 4020 ἕξει
2511 3957 2601 4010 τὸν
2623 3955 2768 4020 νοῦν,
2802 3955 2878 4018 ὡς
2911 3953 3047 4024 μηδὲ.
3071 3954 3194 4006 ὅσον
3223 3954 3419 4018 εἰπεῖν,
3450 3950 3531 4012 εἰς
3553 3950 3714 4017 λόγου

2136 4046 2331 4117 χρῆσιν
2357 4045 2530 4102 ἐλθεῖν
2573 4045 2641 4099 τὰ
2688 4043 2799 4096 τῶν
2834 4041 3068 4095 εἰδώλων
3101 4040 3362 4110 ὀνόματα.
3481 4036 3716 4090 Καλέσει

2135 4135 2243 4206 γάρ
2277 4152 2366 4205 με.
2399 4135 2588 4205 φησὶν,
2612 4135 2640 4186 ὁ
2664 4133 2804 4204 ἀνήρ
2830 4148 2956 4202 μου,
2989 4131 3083 4184 καὶ
3109 4131 3172 4183 οὐ
3201 4129 3417 4183 καλέσει
3444 4143 3511 4197 με
3533 4125 3712 4179 οὐκέτι

2134 4225 2406 4298 Βααλείμ’
2467 4226 2770 4291 τουτέστιν,
2787 4223 3169 4278 ἀποπαύσεται
3194 4220 3289 4274 τοῦ
3316 4217 3458 4278 εἶναι,
3485 4216 3710 4289 μαχλάς,

2135 4319 2661 4390 καὶαπαραιτήσεται
2693 4316 2791 4385 μὲν
2813 4313 2873 4366 τὸ
2906 4311 3188 4386 πορνεύειν
3213 4310 3312 4365 ἔτι.
3338 4309 3624 4379 Ποιήσεται
3653 4303 3711 4355 δὲ

2136 4408 2266 4476 περι
2303 4406 2498 4460 πολλοῦ
2538 4406 2597 4458 τὸ
2642 4402 2782 4458 εἶναι
2827 4403 3058 4473 γνησία,
3095 4402 3190 4456 καὶ
3237 4401 3558 4472 ὁμολογήσει
3615 4394 3713 4472 τὴν

457 4497 692 4566 speciem
753 4495 1044 4549 humanam
1090 4490 1426 4547 conformata
1487 4490 1540 4544 in
1577 4489 1682 4544 diis
1721 4505 2032 4544 numerans.

2140 4499 2467 4568 οἰκειότητα,
2486 4496 2643 4569 δῆλον
2676 4495 2731 4548 δὲ
2759 4495 2840 4549 ὅτι
2872 4495 2972 4565 τὴν
3005 4494 3399 4564 πνευματικήν.
3428 4486 3716 4543 Ἐπικαλέ-

463 4607 484 4639 ι
516 4587 701 4656 Itaque
745 4599 850 4651 me,
901 4584 1097 4652 inquit,
1135 4580 1470 4638 vocabit'Vir
1504 4593 1678 4635 meus.
1710 4597 1729 4632 ι
1764 4578 1873 4654 50
1897 4578 2032 4632 Nam

457 4688 516 4733 ut
545 4678 734 4749 pudica
769 4686 824 4731 et
850 4674 1171 4744 probissima
1207 4688 1264 4728 se
1311 4672 1380 4728 ad
1422 4689 1506 4726 mc
1541 4682 1844 4740 convertet,
1877 4687 1940 4728 ac
1969 4673 2036 4728 de

457 4779 656 4826 cattero
683 4766 875 4834 diliget
897 4763 1127 4820 aliorum
1154 4763 1426 4818 neminem
1456 4780 1472 4831 ;
1510 4778 1609 4818 nec
1635 4762 1772 4817 ultra
1810 4764 2034 4818 invoca-

456 4861 538 4916 bit
561 4861 786 4916 Baalim.
813 4859 990 4914 Etiam
1013 4857 1119 4912 alio
1141 4872 1302 4912 sensu
1323 4893 1339 4920 ,
1372 4857 1421 4912 si
1452 4857 1537 4912 cui
1573 4855 1858 4926 placuerit,
1890 4856 2033 4925 quod

459 4954 658 5010 dicitur
692 4952 940 5022 accipiet.
963 4948 1166 5004 Baalim
1209 4949 1375 5012 enim,
1403 4947 1547 5018 quod
1583 4956 1786 5002 norunt
1815 4962 2028 5013 omnes,

463 5044 604 5100 idola
646 5044 940 5113 significat.
979 5039 1238 5096 Solebant
1283 5048 1466 5095 autem
1509 5037 1749 5094 llebrteze
1779 5040 2033 5097 mulieres

463 5138 691 5190 maritos
712 5150 841 5192 suos
865 5133 1124 5190 falsorum
1145 5133 1368 5187 deorum
1400 5131 1711 5186 nominibus
1741 5130 2033 5200 appellare,

463 5229 554 5298 qui
585 5243 700 5283 mos
724 5229 1100 5298 iniquissimus
1130 5226 1238 5281 illis
1255 5224 1447 5279 honori
1471 5233 1612 5280 erat.
1644 5222 1772 5293 Ejus
1801 5223 2036 5295 primum

465 5330 702 5374 actorem
747 5319 944 5374 Ninum
989 5318 1347 5392 Babylonium
1409 5317 1619 5384 ferunt,
1679 5321 1771 5386 qui
1826 5326 2036 5386 patrem

466 5423 626 5463 suum
654 5407 950 5462 nominavit
974 5409 1184 5474 Belum,
1232 5423 1262 5463 a
1307 5406 1398 5462 Bel
1423 5405 1566 5462 idolo
1593 5409 1735 5474 quod
1765 5405 2035 5462 colebant.

467 5498 772 5554 Desituram
808 5498 968 5569 igitur
1015 5511 1070 5556 ct
1111 5501 1252 5557 hanc
1303 5500 1439 5554 adeo
1473 5498 1778 5570 pudendam
1809 5514 2037 5554 consuc-

546 5682 587 5712 ω
638 5674 738 5733 lsa.
772 5694 916 5746 un,
949 5681 998 5733 ‘2.
1079 5680 1122 5710 Μ
1151 5680 1316 5737 Exod.
1349 5697 1494 5746 xxiv,
1528 5679 1574 5733 7.

2142 4603 2293 4646 σεται
2315 4587 2371 4639 δὲ
2400 4585 2650 4656 οὐδαμῶς
2681 4585 2751 4638 τὰ
2771 4585 3036 4655 Βααλεὶμ,
3067 4584 3222 4646 θεοὺς
3255 4577 3391 4636 εἶναι
3418 4576 3715 4650 νομίζουσα

2137 4679 2206 4732 τὰ
2233 4681 2297 4733 ἐκ
2333 4679 2497 4732 λίθων
2526 4678 2888 4749 πεποιημένα,
2941 4677 3037 4730 καὶ
3068 4678 3188 4740 ταῖς
3217 4693 3380 4729 τινων
3414 4670 3715 4743 εὐτεχνίαις

2141 4770 2706 4841 πεπλαστουργημένα
2741 4770 2877 4840 πρὸς
2903 4765 3041 4833 εἶδος
3065 4768 3127 4821 τὸ
3159 4767 3257 4821 ἀνθ
3267 4763 3523 4838 ρὼπινον.
3568 4783 3586 4814 ι
3613 4761 3715 4816 Οὐ-

2141 4864 2272 4920 κοῦν
2291 4864 2392 4934 ἐμὲ
2429 4863 2547 4938 μὲν,
2576 4865 2728 4935 φησὶ,
2760 4864 2978 4918 καλέσει
3021 4866 3049 4918 ό
3081 4864 3219 4934 ἀνήρ
3248 4878 3370 4933 μου.
3411 4879 3429 4913 ι
3473 4858 3714 4929 Σώφρων

2139 4954 2248 5028 γάρ
2274 4950 2362 5010 οἷά
2399 4973 2482 5019 τις
2535 4957 2628 5010 καὶ
2675 4956 3056 5026 ἐπιεικεστάτη
3116 4955 3402 5026 ποιήσεται
3463 4951 3602 5022 πρός
3645 4965 3713 5019 με

2138 5047 2237 5116 τὴν
2264 5047 2642 5116 ἀποστροφήν·
2675 5045 2952 5115 ἀγαπήσει
2976 5045 3033 5098 δὲ
3057 5044 3243 5098 λοιπὸν
3270 5042 3378 5096 τῶν
3412 5040 3588 5095 ἄλλων
3618 5040 3711 5092 οὐ-

2139 5139 2286 5202 δένα,
2319 5138 2698 5196 ἑπικαλέσεται
2748 5139 2806 5192 δὲ
2832 5137 3016 5192 οὐκέτι
3049 5138 3118 5192 τά
3147 5136 3409 5205 Βααλείμ.
3451 5134 3562 5189 Καὶ
3588 5131 3713 5186 καθ’

2137 5228 2322 5300 ἕτερον
2368 5230 2424 5288 δὲ
2463 5230 2680 5302 τρόπον,
2715 5229 2873 5300 εἴπερ
2909 5247 2987 5300 τῳ
3010 5230 3173 5295 δοκεῖ,
3215 5230 3276 5283 τὸ
3299 5226 3587 5302 εἰρημένον
3615 5227 3710 5278 ἐκ-

2136 5320 2364 5386 δέξεται.
2391 5321 2634 5392 Βααλεὶμ
2651 5320 2752 5392 μὲν
2779 5320 2886 5391 γὰρ
2918 5321 3360 5392 ὁμολογουμένως
3387 5318 3712 5390 σημαίνεται

2135 5411 2205 5465 τὰ
2251 5411 2467 5466 εἴδωλα.
2534 5412 2621 5465 Ἐν
2671 5409 2780 5464 ἔθει
2808 5407 2958 5481 δὲῆν
2994 5415 3114 5475 ταῖς
3174 5409 3440 5480 Ἐϐραίων
3489 5403 3710 5476 γυναιξὶ

2137 5503 2262 5567 τοὺς
2305 5502 2468 5566 ἰδίους
2497 5490 2692 5574 ἄνδρας
2721 5506 2832 5568 τοῖς
2870 5502 2978 5557 τῶν
3008 5501 3370 5573 ψευδωνύμων
3425 5497 3563 5554 θεῶν
3590 5495 3709 5551 ὀνό-

1676 5682 1720 5711 “
1752 5684 1918 5738 l‘lxud.
1950 5698 2021 5750 tv,
2063 5684 2150 5738 :12.
2227 5686 2271 5716 ⁸⁸
2302 5684 2524 5742 Malam.
2570 5700 2640 5752 tv,
2672 5685 2726 5742 9..
