4098 6276
311 389 382 444 39
1238 391 1783 453 COMMENTARIUS
1820 397 1891 453 IN
1931 400 2161 457 υεΕΑιι
2203 404 2649 464 PROPZIETAM.
3486 419 3566 476 90

318 519 488 576 μασιν
516 505 826 568 ἀποκαλεῖν,
861 507 953 558 καί⁸
975 506 1145 577 τιμῆς
1166 501 1234 577 ἦν
1256 500 1409 573 οὗτος
1442 511 1624 575 αὐτοῖς
1652 515 1885 581 ἐξαίσιος

1995 522 2232 575 tudinem
2290 524 2566 593 indicavit,
2623 542 2745 582 cum
2801 527 2972 582 dixit:
3006 547 3024 578 ι
3057 527 3284 584 Vocabit
3329 545 3413 584 me
3471 531 3566 586 Vir

313 595 536 666 τρόπος.
594 595 895 667 Ἀρξασθαι
946 596 1043 650 τοῦ
1105 598 1309 652 τοιοῦδε
1357 602 1680 671 πράγματος
1729 606 1890 660 Νῖνον

316 686 410 740 τὸν
440 686 794 751 Βαϐυλώνιον,
823 686 882 751 ὃς
912 688 1001 742 τὸν
1029 689 1158 742 ἰδιον
1185 691 1394 761 πατέρα
1415 692 1664 760 ὠνόμασε
1695 696 1888 765 Βῆλον,

319 776 384 828 ὲκ
408 776 500 827 τοῦ
550 777 678 846 παρ’
707 778 888 840 αὐτοῖς
919 777 1159 841 εἰδώλου,
1205 782 1348 850 φημί
1374 781 1437 853 δὴ
1487 783 1582 835 τοῦ
1613 783 1742 854 Βήλ.
1769 787 1891 841 ’Ότι

316 865 491 944 τοίνμν
518 866 964 921 ἀποπεπαύσεται
1005 870 1100 922 καὶ
1135 871 1234 940 τῆς
1261 870 1434 935 οὕτως
1481 875 1713 944 αἰσχρᾶς
1760 894 1892 931 συν-

316 935 524 1024 ηθείας,
557 958 1040 1026 καταμεμήνυκεν,
1068 935 1235 1010 εἰπῶν
1258 973 1273 987 ο
1309 935 1718 1032 «Καλέσείμεθ
1743 965 1882 1036 ἀνήρ

317 1060 439 1113 μου,
494 1046 588 1099 καὶ
633 1047 692 1098 οὐ
722 1047 938 1100 καλέσει
973 1065 1039 1118 με
1070 1049 1251 1102 οὐκέτι
1289 1049 1545 1122 Βααλείμ.
1588 1073 1608 1106 ι
1667 1056 1732 1107 Εἰ
1775 1057 1883 1128 γὰρ

313 1133 506 1197 ἕλοιτο,
537 1135 688 1205 φησί,
716 1137 874 1206 τυχὸν
904 1136 1070 1208 ἄνδρα
1117 1138 1404 1209 ὀνομάζειν
1448 1143 1571 1212 ἐμὲ,
1628 1151 1886 1215 προσερεῖ

1991 624 2165 673 uicus,
2212 620 2268 664 et
2312 627 2416 666 non
2465 616 2678 670 vocabit
2712 633 2796 672 me
2829 617 2966 671 ultra
3004 617 3229 674 Baalim.
3262 638 3280 671 ι
3311 619 3368 674 Si
3411 620 3559 675 enim

1989 699 2252 764 voluerit,
2326 701 2541 771 inquit,
2599 707 2834 762 fortasse
2887 707 3062 762 virum
3117 710 3388 778 appellare
3443 726 3552 775 me,

1987 789 2206 843 omnino
2231 791 2412 857 addet,
2439 803 2494 848 et.
2519 796 2862 864 compellabit
2889 813 2996 863 me,
3028 798 3124 854 Vir
3157 816 3327 864 meus,
3362 811 3419 856 et
3453 816 3559 855 non

1989 879 2132 933 ultra
2179 881 2443 938 idolorum
2492 888 2801 942 nominibus
2846 888 3070 944 honoris
3121 894 3292 960 gratia
3337 908 3424 947 me
3465 908 3559 947 vo-

1989 970 2148 1024 cabit.
2181 972 2407 1037 Idcirco,
2437 975 2628 1045 inquit,
2663 995 2684 1028 ι
2709 978 2835 1046 quia
2865 979 3028 1033 etiam
3061 981 3305 1041 auferam
3339 984 3558 1038 nomina

1988 1060 2190 1116 Baalim
2215 1063 2281 1118 de
2309 1080 2406 1120 ore
2437 1065 2578 1134 ejus,
2609 1082 2711 1124 nec
2744 1069 3176 1124 recordabuntur
3201 1073 3432 1140 amplius
3462 1089 3558 1128 no-

1993 1168 2196 1206 lllllllllll
2223 1169 2354 1208 eoru
2363 1171 2434 1209 m.
2465 1177 2486 1208 υ

404 1227 721 1323 πάντως,
737 1231 877 1300 ἀνήρ
906 1248 1030 1323 μου,
1062 1232 1154 1285 καὶ
1181 1233 1366 1288 οὐκέτι
1403 1238 1518 1299 τοῖς
1543 1237 1650 1290 τῶν
1695 1241 1942 1294 εἰδώλων.
1969 1244 2196 1315 ὀνόμασι
2230 1247 2447 1316 τιμῶσα
2476 1249 2715 1304 καλεσει.
2761 1251 3031 1323 Ταύτῃτοί
3079 1268 3215 1323 φησι
3235 1292 3251 1318 ,
3288 1250 3370 1304 ὅτι
3406 1269 3425 1302 ι
3450 1252 3560 1306 Καὶ

317 1316 496 1388 ὲξαρῶ
525 1319 595 1372 τά
625 1320 864 1391 ὀνόματα
918 1322 1028 1375 τῶν
1090 1324 1336 1395 Βααλεὶμ
1378 1327 1444 1379 ὲκ
1478 1328 1746 1400 στόματος
1782 1333 1955 1406 αὐτῆς
1985 1337 2078 1390 καὶ
2099 1337 2160 1389 οὐ
2196 1338 2272 1409 μὴ
2303 1340 2614 1410 μνησθῶσιν
2639 1341 2822 1395 οὐκέτι
2840 1316 3178 1413 τὰυδνόματα
3199 1316 3398 1395 αὖτῶν.
3430 1358 3450 1391 ι

382 1430 489 1483 Καὶ
520 1429 876 1500 διαθήσομαι
917 1434 1117 1501 αὐτοῖς
1150 1436 1441 1504 διαθήκην
1481 1438 1550 1492 ἐν
1578 1440 1653 1509 τῇ
1692 1444 1883 1513 ἡμέρᾳ

312 1519 513 1588 ἐκείνῃ
531 1521 681 1589 μετὰ
709 1522 828 1576 τῶν
849 1525 1071 1591 θηρίων
1087 1526 1194 1579 τοῦ
1217 1527 1422 1595 ἀγροῦ,
1467 1533 1563 1584 καὶ
1588 1534 1734 1599 μετὰ
1767 1533 1884 1589 τῶν

311 1612 599 1666 πετεινῶν
617 1615 724 1668 τοῦ
749 1617 1033 1682 οὐρανοῦ,
1054 1618 1152 1672 καὶ
1182 1619 1300 1673 τῶν
1331 1621 1590 1690 ἑρπετῶν
1611 1624 1718 1694 τῆς
1733 1627 1847 1697 γῆς
1864 1644 1880 1660 ο

312 1703 412 1814 καὶ
433 1705 635 1806 τόξον,
663 1705 768 1808 zeal
796 1708 1118 1777 ῥομφαίαν,
1149 1709 1246 1763 καί
1274 1712 1540 1784 πόλεμον
1565 1717 1882 1790 συντρίψω
1914 1757 1961 1814 Β

311 1794 431 1848 ἀπὸ
466 1794 578 1862 τῆο
612 1795 745 1866 τῆς.

382 1945 610 1999 ΚΖ’.Ἐν
648 1949 761 2011 τοῖς
794 1947 896 2018 ἤδη
931 1952 1466 2022 προανεγνωσμένοις
1513 1954 1770 2024 ἔφασκεν,
1803 1957 1888 2012 ὅτι

311 2035 460 2103 καις(
501 2037 732 2105 ’Δφανιῶ
753 2038 994 2107 ἄμπελον
1013 2042 1204 2112 αὐτῆς,
1246 2044 1340 2097 καὶ
1365 2045 1465 2108 τὰς
1493 2049 1663 2111 συκᾶς
1691 2049 1885 2118 αὐτῆς,

311 2127 414 2180 ὅσα
446 2122 588 2192 εἷπε,
619 2128 966 2201 Μισθώματά
985 2150 1086 2202 μου
1118 2134 1290 2189 ταῦτά
1319 2134 1536 2200 ὲστιν,ἃ
1558 2137 1762 2191 ἔδωκάν
1796 2155 1886 2210 μοι

309 2218 362 2274 οἰ
393 2219 619 2286 ἐρασταί
646 2237 767 2290 μου.
802 2240 821 2274 ι
859 2223 1176 2294 Προσετίθει
1211 2224 1267 2278 δὲ
1293 2225 1520 2290 τούτοις,
1546 2229 1628 2281 ὅτι
1657 2247 1676 2280 ι
1709 2229 1887 2283 Κατα-

310 2311 540 2380 φάγεται
568 2313 708 2367 αὐτά
736 2314 806 2372 τά
857 2314 1020 2385 θηρία
1053 2315 1148 2369 τοῦ
1181 2316 1377 2388 ἀγροῦ,
1430 2320 1522 2374 καὶ
1550 2319 1621 2374 τά
1662 2321 1886 2376 πετεινὰ

307 2402 399 2456 τοῦ
426 2405 675 2475 οὐρανοῦ,
702 2407 794 2459 καὶ
824 2407 891 2460 τά
918 2407 1126 2478 ἑρπετά
1152 2407 1254 2478 τῆς
1291 2410 1416 2479 γῆς.
1446 2430 1464 2463 ›
1492 2411 1880 2482 Διερμηνεύον-

306 2510 396 2556 τες
424 2494 480 2547 δὲ
512 2495 573 2548 τὸ
605 2497 788 2567 ῥητὸν,
821 2497 984 2567 θηρία
1028 2499 1123 2552 καὶ
1174 2501 1396 2553 πετεινά
1437 2502 1880 2572 παραδηλοῦσθαι

306 2584 550 2653 πλαγίως
576 2587 836 2659 ἐλέγομεν
864 2591 991 2653 τοὺς
1011 2589 1257 2659 ἐχθροὺς,
1273 2590 1323 2643 οἳ
1354 2591 1452 2662 τὴν
1472 2591 1581 2646 τῶν
1614 2593 1882 2648 Ἰουδαίων

307 2676 686 2746 κατεληῖζοντο
717 2680 920 2750 χώραν,
961 2681 1197 2753 Πέρσαι,
1241 2683 1337 2737 καὶ
1366 2685 1560 2754 Μῆδοι,
1582 2688 1678 2740 καὶ
1711 2688 1885 2740 Βαϐυ-

307 2767 513 2825 λώνιοι.
547 2771 641 2822 καὶ
666 2771 694 2822 ὁ
729 2772 1018 2842 παμμιγὴς
1044 2773 1153 2826 τῶν
1185 2774 1359 2828 ἄλλων
1389 2775 1661 2848 πολεμίων
1689 2778 1844 2848 ὄχλος
1865 2817 1880 2843 ,

308 2857 358 2909 οἳ
387 2857 571 2928 θηρῶν
606 2859 813 2930 ἀγρίων
843 2861 998 2928 ὀλίγα
1039 2861 1335 2933 διενεγκεῖν
1368 2867 1556 2918 νοοῖντ’
1589 2867 1675 2930 ἂν,
1701 2867 1790 2922 διά
1817 2886 1880 2938 γε

306 2948 368 3004 τὸ
399 2949 682 3018 μιαιφόνον
721 2950 814 3004 τοῦ
850 2951 1070 3021 τρόπου,
1101 2955 1194 3007 καὶ
1246 2955 1432 3019 μέντοι
1472 2957 1647 3025 πτηνὰ
1673 2957 1761 3012 διὰ
1782 2960 1880 3031 τὴν

303 3041 537 3112 ὀξύτητα
583 3042 676 3094 τοῦ
725 3041 950 3113 δρόμου.
1014 3043 1252 3115 Ἐρπετά
1310 3044 1386 3107 δὲ,
1441 3046 1521 3098 ὅτι
1569 3046 1750 3110 δεινοὶ,
1786 3048 1882 3101 καὶ

2050 1449 2322 1506 VensJS.
2348 1451 2416 1504 Et
2459 1453 2734 1521 disponant
2771 1452 2880 1506 illis
2918 1453 2975 1507 ὺι
3017 1454 3107 1506 die
3143 1452 3239 1506 illa
3284 1460 3554 1506 teatameu'

1979 1547 2087 1592 tum
2131 1556 2250 1594 cum
2297 1541 2474 1596 bestiis
2521 1550 2699 1608 terra,
2744 1553 2792 1598 et
2829 1560 2945 1596 cum
2992 1543 3292 1597 volatilibus
3335 1543 3470 1606 caeli,
3509 1551 3557 1595 et

1979 1631 2252 1696 reptilibu:
2310 1643 2487 1688 terras.
2533 1631 2603 1686 Et
2650 1648 2857 1700 arcum,
2896 1640 2947 1687 et
2983 1633 3246 1704 gladium,
3276 1642 3327 1688 et
3365 1632 3560 1691 bellum

1982 1730 2254 1776 conteram
2283 1723 2348 1777 de
2377 1733 2544 1779 terra.

2055 1943 2270 2001 XXVII.
2341 1945 2516 2015 Supra
2577 1944 2847 2000 dicebat:
2913 1962 2933 1996 ι
2967 1942 3285 2012 Disperdam
3338 1942 3560 1996 vineam

1984 2030 2120 2102 ejus,
2150 2042 2201 2088 et
2240 2032 2372 2087 licus
2405 2032 2540 2101 ejus,
2571 2045 2905 2101 quaecunque
2937 2031 3092 2097 dixit,
3121 2030 3392 2084 Mercedes
3424 2043 3557 2088 metu

1985 2126 2069 2182 hac
2089 2136 2234 2192 sunt,
2273 2142 2411 2197 quas
2442 2128 2705 2182 dederunt
2740 2127 2868 2180 mihi
2899 2137 3171 2181 amatores
3199 2124 3306 2180 mei
3349 2124 3393 2157 ⁵⁷
3414 2140 3462 2188 ς»
3501 2133 3557 2178 et

1987 2216 2254 2272 addebat:
2290 2233 2309 2268 ι
2335 2217 2634 2272 Comedent
2679 2231 2744 2271 ea
2797 2216 2981 2272 bestia:
3017 2217 3156 2283 agri,
3211 2222 3267 2269 et
3307 2214 3558 2268 volucres

1983 2307 2130 2372 caeli,
2164 2317 2218 2362 et
2253 2308 2459 2377 reptilia
2509 2317 2666 2362 terra;
2686 2307 2753 2362 ⁵⁸.
2786 2327 2805 2383 ι
2850 2307 2979 2374 Quae
3015 2306 3433 2374 interpretantes
3472 2302 3556 2356 di-

1984 2398 2258 2464 cebamus,
2300 2413 2397 2466 per
2421 2398 2628 2453 bestias
2661 2407 2716 2454 et
2743 2398 2992 2452 volucres
3017 2397 3234 2465 oblique
3257 2392 3553 2464 signiﬁcari

1982 2489 2188 2554 hostes,
2223 2486 2526 2544 Iudaeorum
2556 2491 2826 2559 regionem
2875 2487 3288 2556 depopulantes,
3335 2484 3552 2544 Persas.

1989 2575 2194 2643 Medos,
2241 2575 2586 2648 Babylonios,
2644 2586 2700 2633 et
2740 2593 2808 2633 ex
2857 2577 2978 2632 aliis
3029 2576 3290 2644 cujusque
3339 2571 3556 2642 generis

1981 2671 2316 2724 commistam
2341 2670 2573 2724 hostium
2608 2669 3024 2734 multitudinem,
3051 2667 3141 2736 qui
3209 2681 3236 2720 a
3281 2663 3554 2719 ferocibus

1979 2759 2167 2815 bestiis
2230 2775 2336 2815 non
2395 2761 2622 2815 multum
2657 2759 2895 2814 abfuisse
2928 2758 3147 2826 intelligi
3174 2761 3393 2824 queant,
3423 2768 3553 2823 pro-

1982 2861 2100 2920 pter
2132 2866 2308 2906 mores
2331 2852 2706 2923 sanguinarios
2733 2851 2985 2906 videlicet
3018 2869 3032 2915 ;
3063 2858 3116 2904 et
3148 2848 3398 2902 volucres
3433 2844 3556 2914 qui-

1981 2944 2102 2998 dem
2163 2953 2386 3012 pr0pter
2445 2943 2782 2998 celeritatem
2835 2956 3065 3007 cursus;
3132 2938 3345 3008 reptilia
3401 2950 3550 3000 vero,

1980 3035 2106 3102 quia
2147 3043 2378 3101 atroces,
2428 3042 2483 3088 et
2513 3033 2906 3102 malignissimi,
2949 3041 3003 3087 et
3045 3031 3110 3085 ad
3151 3028 3327 3084 scelus
3375 3041 3551 3081 acres.

305 3132 711 3204 παμμόχθηροι,
746 3136 842 3186 καὶ
872 3136 1085 3205 δριμεῖς
1123 3137 1202 3199 εἰς
1252 3137 1533 3208 πονηρίαν.
1581 3134 1742 3194 Οὗτοι
1784 3141 1879 3195 τοῦ

1987 3125 2074 3192 Hi,
2124 3125 2320 3180 Israele
2358 3125 2412 3180 in
2443 3125 2706 3179 Samaria:
2739 3124 2964 3178 urbibus
3007 3121 3234 3185 incluso,
3275 3118 3456 3174 omnia
3498 3117 3553 3171 in

320 3228 534 3298 Ἰσραὴλ
558 3230 614 3280 ὲν
632 3230 754 3291 ταῖς
782 3231 878 3299 τῆς
895 3229 1212 3300 Σαμαρείας
1228 3231 1442 3284 πόλεσιν
1462 3233 1883 3304 ἀποκεκλεισμέ-

309 3333 399 3369 νου
436 3319 816 3389 κατεδηδόκασι
846 3319 1023 3374 πάντα
1051 3323 1120 3376 τὰ
1151 3323 1336 3386 ἐντοῖς
1358 3323 1566 3393 ἀγροῖς,
1587 3325 1738 3400 οὐδὲν
1773 3325 1882 3379 τῶν

315 3409 555 3460 ἐκτόπων
594 3410 782 3474 ἐῶντες
823 3413 1262 3483 ἀνεπιτήδευτον.
1314 3413 1457 3465 Ἀλλ’
1503 3415 1649 3480 ὅταν,
1696 3417 1880 3484 φησιν,

317 3499 482 3564 ἐξελῶ
513 3500 578 3554 τὰ
604 3501 840 3571 ὀνόματα
870 3504 975 3556 τῶν
1003 3503 1236 3558 εἰδώλων
1273 3505 1453 3558 αὐτῶν
1481 3504 1590 3558 ἀπὸ
1613 3505 1714 3572 τῆς
1738 3508 1840 3576 γῆς
1863 3544 1880 3570 ,

320 3591 442 3643 τότε
465 3592 555 3644 καὶ
578 3591 839 3663 διαθήκην
886 3595 1107 3666 εἰρήνης
1145 3594 1472 3666 διαθήσομαι
1513 3596 1694 3660 αὐτοῖς
1746 3597 1883 3668 πρὸς

315 3684 458 3736 ἅπαν
482 3684 627 3755 ὠμὸν
654 3686 747 3737 καὶ
773 3685 1044 3756 βάρϐαρον
1097 3686 1274 3755 γένος.
1329 3687 1588 3759 Ἀργήσει
1627 3688 1735 3758 γὰρ
1782 3689 1881 3759 ήδη

310 3775 379 3827 τά
408 3777 535 3846 παρ’
563 3775 788 3847 ἐχθρῶν,
822 3777 918 3830 καί⁵
954 3777 1190 3848 πολέμου
1247 3778 1340 3831 καὶ
1368 3779 1638 3848 δειμάτων
1691 3777 1882 3848 μενοῦ-

312 3883 396 3919 σιν
422 3867 725 3937 ἀπείρατοι.
759 3887 777 3918 ι
803 3867 1082 3938 Συντρίῲω
1100 3868 1212 3940 γὰρ
1227 3869 1411 3933 ὅπλον,
1431 3871 1522 3923 καὶ
1549 3869 1876 3939 ρομφαίαν,›

305 3959 333 4011 ὃ
364 3958 426 4030 δὴ
448 3961 540 4012 καὶ
565 3961 644 4022 εἰς
669 3959 844 4029 πέρας
869 3959 1152 4030 ἰστορικῶς
1172 3961 1529 4031 ὲνηνεγμὲνον
1555 3962 1879 4032 εὑρήσομεν.

317 4049 538 4118 Ἐπειδὴ
567 4049 673 4120 γὰρ
703 4050 802 4119 τὴν
849 4049 991 4103 κατὰ
1041 4051 1254 4104 πάντων
1293 4052 1464 4123 ἀρχὴν
1496 4054 1546 4104 οἰ
1589 4053 1880 4124 περιφανέ-

311 4155 496 4190 στατοι
522 4137 630 4188 τῶν
670 4138 956 4207 Ῥωμαίων
976 4138 1166 4207 ἔλαχον
1210 4141 1524 4209 στρατηγοὶ,
1559 4142 1882 4212 πεποίηνται

307 4227 365 4280 δὲ
397 4227 504 4280 ὑπὸ
532 4229 692 4297 χεῖρα
717 4226 814 4296 τὴν
837 4227 927 4278 ὑπ’
953 4226 1200 4296 οὐρανὸν,
1222 4227 1357 4279 Θεοῦ
1389 4227 1487 4298 τὴν
1523 4230 1681 4293 δόξαν
1705 4231 1883 4295 αὐτοῖς

307 4315 670 4385 οἰκονομικῶς
723 4314 1142 4386 προσνέμοντας,
1199 4316 1404 4389 ῌέρσαι
1456 4317 1554 4387 μὲν
1581 4319 1749 4389 μόνης
1786 4320 1886 4390 τῆς

1985 3217 2130 3286 agris
2158 3216 2511 3279 devorarunt,
2541 3215 2676 3268 nihil
2712 3213 3011 3268 insolentia:
3044 3213 3367 3266 intentatum
3393 3206 3556 3263 relino

1983 3317 2233 3376 quentes.
2283 3307 2390 3362 Sed
2438 3322 2559 3360 cum
2601 3303 2869 3369 auferam,
2931 3303 3127 3372 inquit,
3173 3300 3392 3356 nomina
3438 3299 3556 3352 ido-

1983 3398 2158 3452 lorum
2183 3398 2426 3468 ipsorum
2457 3398 2523 3451 de
2549 3406 2692 3452 terra
2711 3437 2726 3461 ,
2761 3406 2889 3449 tunc
2913 3405 2968 3450 et
2993 3403 3376 3450 testamentum
3404 3389 3554 3459 pacis

1982 3490 2260 3559 disponam
2285 3489 2414 3558 ipsis
2459 3503 2577 3543 cum
2605 3489 2748 3543 onmi
2779 3502 2918 3541 saeva
2962 3495 3018 3540 et
3050 3486 3281 3540 barbara
3317 3486 3552 3536 natione.

1981 3579 2283 3636 Ccssabuut
2327 3571 2472 3635 enim
2515 3589 2624 3632 tum
2670 3578 2919 3643 hostilia,
2966 3575 3288 3642 tolleturque
3331 3570 3554 3634 bellum,

1981 3683 2036 3728 et
2064 3683 2334 3728 terrorum
2392 3683 2650 3742 expertes
2693 3668 3007 3724 manebunt.
3040 3685 3058 3717 ι
3089 3665 3375 3720 Conteram
3407 3659 3553 3714 enim

1983 3777 2130 3817 arma
2166 3772 2222 3817 et
2260 3763 2516 3831 gladium.
2554 3780 2573 3814 ι
2625 3759 2776 3826 Quod
2820 3759 2983 3812 etiam
3033 3755 3100 3809 ad
3146 3755 3305 3807 linem
3346 3750 3555 3819 perdu-

1981 3862 2146 3918 ctum,
2191 3853 2342 3922 juxta
2391 3852 2673 3906 historiam
2731 3847 3055 3902 invenimus.
3109 3843 3211 3914 51
3257 3842 3551 3911 Postquam

1981 3945 2126 3998 enim
2165 3943 2514 3998 illustrissimi
2555 3941 2922 3996 Romanorum
2967 3938 3130 3991 duces
3177 3933 3460 4002 imperium
3497 3932 3550 3985 in

1982 4047 2169 4088 omnes
2220 4033 2396 4101 adepti
2451 4041 2600 4095 sunt,
2655 4038 2710 4084 et
2750 4027 3008 4097 quidquid
3056 4024 3137 4081 sol
3184 4024 3400 4092 aspicit,
3449 4021 3553 4075 sub

1983 4125 2241 4180 ditionem
2284 4127 2630 4194 redegerunt,
2666 4124 2776 4176 Deo
2807 4121 2914 4175 illis
2943 4116 3406 4171 administratorie
3437 4111 3553 4180 glo-

1982 4216 2118 4269 riam
2175 4213 2484 4276 tribuente,
2542 4212 2722 4265 Persat
2784 4209 2999 4261 unicum
3057 4203 3339 4271 imperium
3395 4216 3552 4255 suum

1983 4313 2446 4374 procuraverant,
2509 4312 2566 4355 et
2625 4299 2857 4354 aliorum
2921 4309 3134 4365 quoque
3197 4293 3552 4349 barbarorum

311 4407 444 4470 ἰδίας
467 4405 892 4476 πεφροντίκασιν
918 4406 1113 4476 ἀρχῆς,
1163 4407 1256 4459 καὶ
1297 4406 1490 4476 ἕληξάν
1526 4425 1587 4461 τε
1633 4388 1728 4462 καί
1776 4388 1882 4466 τῶν

1985 4395 2319 4449 incursiones
2387 4393 2439 4448 in
2501 4391 2806 4462 provincias
2871 4395 2926 4443 et
2990 4388 3151 4442 urbes
3221 4388 3552 4452 conquieve-

307 4497 480 4550 ἄλλων
509 4495 798 4566 βαρϐάρων
825 4495 881 4547 αἰ
913 4494 1056 4547 κατὰ
1075 4494 1270 4566 χωρῶν
1304 4512 1365 4548 τε
1395 4498 1487 4550 καὶ
1526 4497 1733 4550 πόλεων
1764 4500 1883 4552 ὲπι-
1913 4482 1958 4518 υ
1988 4499 2116 4542 runt
2161 4506 2174 4542 :
2219 4488 2376 4559 cujus
2425 4485 2503 4541 rei
2563 4486 2753 4539 beatus
2797 4482 2962 4537 Isaias
3023 4488 3211 4548 aperte
3263 4482 3551 4566 meminit:

308 4564 520 4658 δρομαί.
577 4564 1078 4656 Καίίδιαμέμνηται
1112 4564 1299 4654 σαφῶς
1345 4585 1439 4639 τοῦ
1466 4587 1670 4641 τοιοῦδε
1707 4589 1885 4658 πράγ-

1996 4599 2016 4632 ι
2052 4581 2114 4635 Ει
2147 4580 2480 4636 contundent
2527 4577 2735 4646 gladios
2781 4589 2906 4630 suos
2931 4574 2982 4627 in
3023 4583 3291 4634 vomeres,
3341 4575 3394 4620 et
3446 4564 3556 4618 lan-

314 4697 479 4750 ματος
524 4679 553 4730 ὁ
593 4678 859 4749 μακάριος
884 4678 1134 4742 Ἡσαΐας,
1151 4676 1345 4746 λέγων’
1370 4697 1388 4729 ι
1413 4679 1521 4731 Καὶ
1553 4680 1882 4750 συγκόψουσι

1991 4687 2115 4728 ceas
2163 4688 2289 4727 suas
2343 4672 2399 4726 in
2455 4670 2669 4735 falces;
2727 4676 2780 4721 et
2833 4681 2937 4721 non
2998 4663 3144 4717 tollet
3203 4674 3335 4730 gens
3367 4666 3552 4712 contra

307 4771 406 4831 τὰς
430 4769 694 4840 μαχαίρας
714 4767 892 4823 αὐτῶν
928 4768 1008 4832 εἰς
1036 4768 1262 4842 ἄροτρα,
1294 4769 1387 4822 καὶ
1414 4769 1510 4831 τὰς
1535 4768 1757 4841 ζιϐήνας
1785 4772 1883 4825 αὐ-

1989 4771 2200 4832 gentem
2237 4763 2495 4831 gladium,
2532 4770 2585 4814 et
2622 4775 2727 4814 non
2759 4759 2970 4814 discent
3003 4756 3138 4810 ultra
3171 4750 3496 4824 prmliari".

309 4858 420 4912 τῶν
449 4860 528 4921 εἰς
555 4859 812 4928 δρέπανα.
843 4862 955 4912 Καὶ
1007 4839 1181 4931 οὑτμὴ
1212 4860 1320 4932 ἄρῃ
1354 4859 1504 4924 ἔθνος
1547 4839 1665 4915 κατ’
1694 4863 1882 4929 ἔθνους
1987 4853 2105 4908 Jani
2160 4854 2303 4908 enim
2345 4861 2405 4906 ut
2446 4853 2547 4906 sub
2597 4865 2762 4904 unum
2806 4849 2994 4918 jugum
3025 4846 3220 4907 coacti,
3266 4840 3445 4911 potius
3489 4839 3556 4893 ad

314 4948 610 5019 μάχαιραν·
647 4949 742 5001 καὶ
769 4949 829 5001 οὐ
872 4949 945 5022 μὴ
990 4949 1234 5020 μάθωσιν
1285 4950 1364 5004 ἐτι
1424 4951 1696 5022 πολεμεῖν.
1735 4972 1753 5005 ι
1793 4956 1882 5016 Ὠς

1989 4945 2146 5000 utiles
2168 4960 2389 5012 operum
2426 4943 2642 4996 labores
2688 4955 2747 4994 se
2773 4940 3136 5008 applicabant,
3172 4937 3558 5022 instrumenta-

309 5040 419 5110 γάρ
439 5040 537 5111 ἤδη
565 5040 848 5108 γεγονότες
873 5020 962 5108 ὑφ’
993 5041 1089 5095 ἕνα
1113 5041 1296 5109 ζυγὸν,
1349 5020 1645 5113 ἐτράποντο
1685 5044 1884 5114 μᾶλλον

1989 5050 2096 5104 que
2136 5034 2393 5088 militaria
2431 5034 2481 5086 in
2522 5032 2597 5085 rei
2647 5031 2864 5084 rustica:
2906 5028 3094 5081 idonea
3131 5020 3552 5124 commutabant.

311 5108 663 5199 εἰςήέπωιρελῆ
691 5130 996 5200 φιλεργίαν,
1023 5132 1118 5184 καὶ
1162 5136 1230 5204 τῇ
1256 5108 1500 5204 γεωργία
1535 5108 1779 5205 χρήσιμα
1808 5134 1878 5186 τά

1984 5122 2101 5176 Erit
2150 5122 2310 5191 igitur
2353 5137 2480 5190 pax,
2535 5119 2728 5190 inquit,
2777 5128 2832 5172 et
2881 5126 3055 5171 metus
3102 5114 3228 5165 olim
3283 5108 3552 5165 terribiles

310 5221 402 5274 τοῦ
429 5198 665 5292 πολέμου
707 5198 900 5290 σκεύη
939 5198 1320 5290 μετέπλαττον.
1357 5198 1776 5278 ’Ἔσται-’τοίνυν
1807 5227 1887 5277 ει..
1995 5214 2306 5277 cessabunt,
2344 5212 2453 5264 Deo
2490 5211 2860 5280 consopiente,
2888 5215 2942 5262 et
2982 5203 3065 5260 sui
3095 5209 3339 5256 amantes
3369 5198 3557 5253 fructi-

316 5316 467 5383 ρήνη,
500 5313 654 5383 φησι,
691 5312 786 5366 καὶ
814 5313 864 5366 oi
899 5311 1067 5368 πάλαι
1118 5314 1280 5367 δεινοὶ
1319 5315 1684 5373 πεπαύσονται
1711 5317 1885 5384 φόϐοι,
1995 5305 2096 5360 bus
2126 5305 2275 5374 Ρδείε
2307 5304 2669 5360 θιιιίίειΐίὶηῑθ·

312 5405 442 5459 Θεοῦ
460 5404 908 5468 κατευνάζοντος,
937 5405 1032 5457 καὶ
1053 5407 1164 5468 τοῖς
1185 5406 1244 5471 ἐξ
1266 5407 1487 5476 εἰρήνης
1505 5406 1730 5474 ἀγαθοῖς
1754 5424 1889 5461 κατ-

311 5500 686 5568 ευφραίνοντος
714 5498 842 5560 τοὺς
870 5496 1196 5565 ἀγαπῶντας
1227 5498 1410 5560 αὐτόν.

382 5591 698 5661 Προσθεῖναι
724 5589 802 5655 δὲ,
838 5584 1011 5661 οἶμαι,
1051 5591 1272 5644 κάκεῖνο
1311 5590 1512 5660 δεήσει.
1565 5588 1740 5644 Πάλαι
1791 5590 1885 5661 μὲν

2067 5591 2268 5660 Opinor
2309 5599 2488 5643 autem
2541 5599 2594 5642 et
2637 5586 2766 5642 illud
2807 5581 2929 5638 addi
2959 5580 3172 5635 debere.
3219 5576 3356 5634 Olim
3389 5583 3555 5636 enim,

382 5787 588 5847 “Osce
619 5802 676 5852 Il,
713 5786 790 5839 ιε.
869 5787 913 5818 ⁸⁸
948 5787 1054 5843 ibid
1155 5787 1199 5818 ⁵⁸
1238 5785 1337 5842 lsa.
1381 5803 1442 5852 tt,
1473 5787 1525 5839 αἰ.
