4098 6276
595 423 658 478 91
1574 419 1628 475 ς.
1667 417 1938 475 οιιιιιιι
1978 412 2135 472 ΑΙ.Εὲ

2234 411 2446 470 ίῦῐὶΙΝΙ
2480 409 2802 467 ARCHIEP.
3758 405 3836 461 93

585 536 805 604 quando
840 534 894 591 in
927 547 1114 592 errore
1135 534 1606 604 permanebamus,
1640 545 1696 589 et
1743 533 1839 588 lilii
1885 534 1980 588 ira:
2005 547 2135 588 voca

2259 528 2370 597 γάρ
2403 527 2491 580 ὅτε
2520 522 2862 593 διετελοῦμεν
2903 522 2961 574 ὲν
3008 519 3204 591 πλάνη,
3263 521 3356 574 καὶ
3393 519 3563 590 ὀργῆς
3586 519 3834 590 ἐχρημα-

584 626 797 694 bamur,
826 626 998 681 instar
1035 624 1389 695 quarumdam
1434 623 1698 678 malarum
1737 626 2058 689 bestiarum,
2098 631 2154 678 et

585 715 763 769 avium
793 714 1222 777 carnivorarum,
1263 721 1426 781 alque
1453 713 1618 766 etiam
1655 711 2151 782 perniciosissimo-

583 817 701 857 rum
729 803 1024 857 draconum
1055 801 1352 871 perdebant
1378 816 1477 856 nos
1512 817 1693 872 prava:
1722 810 1776 858 et
1820 802 2152 858 adversaria

582 893 826 948 virtutes.
867 893 984 950 Ubi
1030 902 1212 950 autem
1258 893 1314 948 in
1356 893 1574 949 Christo
1609 908 1793 948 verum
1843 894 2011 949 Deum
2055 909 2150 949 eoo

579 987 902 1055 gnovimus,
950 985 1257 1054 delictaque
1305 996 1493 1039 nostra
1526 999 1622 1053 per
1667 984 1862 1050 iidem,
1912 994 1967 1039 et
2009 985 2151 1040 anti-

577 1091 741 1146 quam
779 1076 1102 1131 cbaritatem
1131 1075 1423 1140 abluimus,
1457 1085 1585 1130 tunc
1610 1084 1665 1131 et
1703 1076 1895 1131 salvati
1937 1089 2147 1142 smnus,

583 1181 604 1216 ι
642 1173 697 1219 et
723 1174 1046 1234 potestatem
1083 1164 1327 1221 calcandi
1360 1182 1523 1236 supra
1553 1175 1855 1235 serpentes,
1897 1178 1954 1223 et
1989 1182 2147 1223 scor-

575 1255 786 1324 piones,
827 1263 883 1310 et
923 1270 1088 1325 super
1127 1265 1342 1311 omnem
1377 1256 1632 1312 virtutem
1679 1258 1886 1313 inimici
1937 1259 2148 1329 accepi-

578 1359 701 1400 mus
715 1345 779 1399 '°.
815 1365 836 1398 ι
874 1346 1030 1402 Tunc
1059 1347 1188 1402 item
1217 1347 1612 1402 ambulavitnus
1640 1363 1803 1418 super
1828 1350 2066 1420 aspidem
2092 1360 2146 1406 et

577 1435 926 1503 basiliscutn,
983 1445 1040 1492 et
1094 1437 1531 1493 conculcavimus
1583 1438 1791 1494 leonem
1846 1449 1901 1494 et
1953 1441 2147 1496 draco-

575 1543 700 1582 nem
725 1528 790 1593 “,
824 1529 1042 1584 Christo
1079 1539 1421 1601 protegente,
1453 1541 1509 1586 et
1556 1531 1754 1586 virtute
1792 1531 1988 1586 invicta
2019 1546 2146 1588 suos

574 1621 994 1686 conimuniente,
1043 1635 1338 1691 pacemque
1379 1636 1532 1676 suam
1580 1621 1637 1676 in
1679 1623 1892 1678 animos
1934 1631 2147 1678 nostros

573 1710 864 1766 inserente.
920 1712 1012 1766 Ait
1064 1713 1250 1767 enim:
1284 1731 1304 1764 ι
1344 1711 1540 1767 Pacem
1595 1728 1771 1784 meam
1825 1715 1895 1770 do
1955 1715 2142 1782 vobis,

573 1815 762 1870 pacem
789 1817 963 1857 meam
993 1803 1239 1873 relinquo
1268 1803 1422 1858 vobis
1439 1804 1501 1858 ⁶².
1536 1822 1556 1856 ι

643 1957 806 2011 Vens.
841 1956 926 2012 l9.
971 1957 1038 2010 Et
1074 1957 1315 2012 habitare
1340 1959 1533 2029 faciant
1565 1967 1615 2014 te
1654 1961 1711 2015 in
1753 1974 1876 2030 spe;
1913 1965 1966 2015 ef
1990 1973 2143 2030 spon-

569 2046 698 2100 aabo
723 2056 773 2099 te
807 2046 936 2100 mihi
967 2047 1020 2101 in
1047 2048 1322 2101 amcitiam.

641 2134 873 2192 XXVIII.
913 2137 1031 2192 Non
1083 2138 1256 2194 solum
1303 2139 1428 2194 belli
1509 2140 1812 2196 terroribus
1876 2141 2138 2207 liberabo,

568 2229 769 2300 inquit,
819 2231 912 2285 sed
965 2230 1214 2300 adjiciam
1267 2231 1368 2312 hoc
1405 2246 1642 2301 quoque,
1676 2242 1735 2287 ut
1779 2234 2040 2304 deinceps
2083 2234 2138 2290 in

566 2320 704 2375 bona
738 2335 833 2391 spe
876 2321 952 2376 sis
983 2332 1204 2391 propter
1247 2323 1409 2388 bona,
1446 2331 1506 2378 ut
1549 2332 1776 2388 certam,
1819 2336 1874 2380 et
1905 2326 2138 2395 ﬁrmam,

564 2421 619 2466 et
659 2411 988 2466 immobilem
1025 2411 1268 2468 ltetitinm
1316 2414 1540 2472 habeas.
1588 2415 1715 2470 Mihi
1751 2419 1896 2472 enim
1943 2426 1997 2472 te
2042 2419 2138 2473 de-

565 2500 854 2569 sponsabo,
883 2501 1040 2570 idque
1085 2503 1140 2557 in
1175 2505 1585 2573 sempiternum.
1615 2505 1754 2570 Quid
1785 2521 1950 2573 porro
1995 2507 2140 2561 istuc

565 2591 684 2644 est?
711 2589 1087 2660 Despondebat
1122 2595 1226 2648 sibi
1258 2595 1658 2663 quodammodo
1690 2605 1929 2652 veterem
1961 2596 2136 2652 Israe-

564 2680 689 2746 iem,
720 2683 835 2737 sive
863 2681 1168 2738 Iudaeorum
1211 2683 1574 2754 Synagogam,
1599 2695 1655 2740 et
1683 2687 1750 2741 ad
1785 2687 2140 2743 necessitudi-

563 2786 684 2825 nem
709 2774 954 2836 vocabat,
978 2788 1074 2842 per
1095 2774 1267 2846 legem
1289 2775 1515 2841 scilicet,
1541 2776 1724 2846 Moyse
1743 2779 2136 2844 sultserviente.

563 2870 617 2914 et
662 2862 868 2930 angelis
897 2864 1230 2921 administris
1273 2865 1339 2920 “.
1391 2865 1588 2922 Verum
1621 2869 1902 2923 enimvero
1946 2869 2138 2925 modus

561 2952 999 3020 desponsationis
1032 2972 1136 3010 non
1165 2957 1270 3011 fuit
1296 2968 1609 3026 perpetuus,
1637 2974 1739 3014 nec
1759 2959 1816 3013 in
1847 2961 2136 3030 sempiter-

561 3055 689 3096 num
736 3045 983 3110 duravit;
1037 3047 1194 3116 longe
1250 3047 1430 3114 abest;
1483 3062 1593 3103 non
1642 3050 1949 3120 enimtypi,
2005 3070 2025 3103 ι
2079 3060 2137 3106 et

561 3145 731 3201 usque
751 3135 818 3187 ad
854 3146 1066 3204 tempus
1100 3136 1457 3194 correctionis
1497 3139 1746 3209 imposita
1767 3139 1835 3206 “,
1869 3156 1888 3191 ι
1921 3154 2135 3209 semper

559 3223 791 3278 valitura
840 3235 1018 3283 erant.
1059 3228 1164 3299 53
1189 3227 1459 3299 Tempore
1509 3241 1691 3286 autem
1739 3233 2126 3299 correctionis,
2155 3227 2197 3284 C

562 3312 664 3367 hoc
701 3321 804 3379 est,
849 3315 1114 3373 adventus
1155 3318 1456 3374 Salvatoris
1494 3321 1687 3384 nostri,
1737 3322 1840 3376 alia
1875 3326 2014 3377 ratio
2040 3323 2137 3378 de-

559 3407 926 3475 sponsationis
979 3411 1268 3480 apparuit,
1337 3422 1596 3481 perpetua
1651 3423 1707 3468 et
1773 3415 2133 3483 inconcussa,

561 3494 838 3564 multoque
865 3497 1048 3567 priore
1079 3499 1411 3568 splendidior
1447 3512 1501 3555 et
1528 3503 1736 3557 umbris
1766 3504 2131 3572 pmstantiur.

559 3581 702 3638 Deus
744 3585 945 3655 quippe
993 3585 1366 3643 universitatis
1414 3589 1579 3644 veluti
1628 3581 1918 3660 quamdam
1955 3594 2133 3647 dotem

558 3682 771 3737 sponsa:
800 3685 934 3734 suae.
959 3675 1198 3730 carnalis
1224 3676 1503 3733 servitutis
1532 3678 1874 3734 vacationem
1910 3679 2135 3749 largitus

557 3765 638 3810 est
683 3773 698 3810 :
744 3767 800 3812 et
851 3773 948 3829 per
1001 3761 1250 3818 umbram
1310 3765 1624 3837 ﬁgurasque
1675 3769 1743 3823 ad
1793 3769 2131 3841 spiritnatem

556 3851 998 3918 expurgationem
1021 3857 1254 3911 vocavit.
1292 3857 1487 3913 Verum
1515 3861 1795 3917 enimvero
1839 3863 2134 3932 desponsa-

558 3935 687 3989 tioni
727 3947 936 4007 tempus
965 3945 1270 4010 praeﬁnivit.
1302 3946 1458 4012 Nam,
1487 3961 1614 4004 cum
1645 3952 1820 4019 prima
1861 3953 1947 4008 illa
1979 3955 2129 4026 culpa

556 4039 661 4080 non
707 4038 928 4084 vacaret
945 4032 1012 4097 ⁸⁸,
1054 4037 1352 4090 secundum
1385 4036 1536 4092 Pauli
1592 4053 1799 4107 vocem,
1836 4053 1936 4096 nec
1981 4059 2136 4098 sene.

554 4118 720 4173 ctutis
743 4133 936 4190 expers
957 4134 1120 4191 esset,
1156 4142 1255 4181 nec
1280 4128 1506 4184 multum
1534 4130 1601 4184 ab
1628 4130 1851 4187 interitu
1880 4133 2128 4203 distaret,

553 4207 703 4264 locus
742 4214 988 4269 secundae
1023 4227 1105 4271 est
1155 4217 1465 4288 inquisitus,
1511 4221 1614 4277 hoc
1670 4231 1755 4278 est
1799 4238 1970 4290 novae,
2003 4239 2127 4295 qua:

552 4314 649 4368 per
682 4301 884 4358 Christi
919 4306 1139 4372 donum,
1185 4310 1430 4380 inquam,
1478 4323 1534 4368 et
1572 4316 1802 4384 gratiam
1839 4330 1946 4371 non
1990 4325 2130 4372 tem-

553 4389 790 4457 poraletn
825 4393 1005 4457 nobis,
1038 4411 1213 4464 neque
1236 4402 1512 4455 carnalem
1546 4403 1852 4459 libertatem
1887 4406 2122 4463 aﬂerret.

2250 620 2472 688 τίζομεν
2498 618 2694 682 τέκνα,
2750 615 3000 685 καθάπερ
3045 614 3193 677 τινὲς
3220 613 3384 684 θῆρες
3427 611 3676 682 πονηροὶ,
3733 612 3833 665 καὶ

2251 713 2320 766 τὰ
2353 711 2460 765 τῶν
2481 710 2685 781 ὀρνέων
2715 707 3080 779 σαρκοφάγων
3108 705 3358 772 εἰωθότα,
3393 705 3487 760 καὶ
3517 705 3621 776 μὴν
3640 704 3735 759 καὶ
3777 705 3831 758 οι

2251 803 2594 874 παγχάλεποι
2631 801 2943 872 δράκοντες,
2975 798 3256 854 ἀπώλλυον
3301 799 3449 868 ἡμᾶς
3488 797 3546 852 αί
3593 795 3836 868 πονηραὶ

2250 896 2344 949 καὶ
2397 893 2771 963 ἀντικείμεναι
2823 890 3102 961 δυνάμεις.
3169 889 3383 961 Ἐπειδὴ
3411 890 3467 942 δὲ
3498 891 3558 941 ὲν
3606 886 3831 958 Χριστῷ

2248 984 2340 1038 τὸν
2369 983 2531 1053 φύσει
2567 982 2701 1037 Θεὸν
2719 981 3060 1053 ἐγνώκαμεν,
3083 981 3467 1051 ἀπενιψάμεθα
3483 979 3572 1034 διὰ
3593 967 3828 1042 πίστεως

2249 1075 2470 1146 καὶτῆς
2527 1073 2756 1147 ἀρχαίας
2799 1074 3019 1145 ἀγάπης
3046 1072 3117 1127 τὰ
3166 1072 3507 1142 ἐγκλήματα,
3554 1071 3674 1124 τότε
3729 1069 3826 1124 καὶ

2249 1162 2592 1236 σεσώσμεθα,
2627 1181 2648 1215 ‹
2690 1163 2800 1216 Καὶ
2825 1163 3122 1234 εἰλήφαμεν
3148 1160 3395 1227 ἐξουσίαν
3422 1163 3609 1214 πατεῖν
3636 1160 3828 1214 ἐπάνω

2244 1254 2422 1323 ὄφεων
2483 1254 2579 1307 καὶ
2616 1253 2913 1325 σκορπίων,
2958 1253 3052 1307 καὶ
3104 1255 3199 1308 ἐπὶ
3245 1253 3422 1308 πᾶσαν
3471 1253 3570 1323 τὴν
3595 1251 3827 1321 δύναμιν

2244 1345 2340 1400 τοῦ
2383 1344 2600 1415 ἐχθροῦ.
2646 1364 2668 1397 a
2722 1344 2857 1399 Τότε
2887 1346 2983 1399 καὶ
3033 1343 3319 1416 ἐπέϐημεν
3341 1344 3436 1398 ιπι
3480 1343 3682 1397 ἀσπίδα
3730 1343 3824 1398 καὶ

2249 1435 2578 1507 βασιλίσκον,
2607 1436 3005 1508 πεπατήκαμέν
3053 1453 3116 1490 τε
3157 1437 3344 1490 λέοντα
3392 1435 3486 1489 καὶ
3519 1435 3814 1504 δράκοντα,

2246 1527 2490 1600 Χριστοῦ
2523 1527 2974 1599 προασπίζοντος,
3030 1528 3126 1582 καὶ
3162 1529 3404 1599 ἀνικήτῳ
3432 1527 3659 1598 δυνάμει
3693 1526 3822 1591 τοὺς

2249 1618 2410 1683 ἰδίους
2453 1618 2926 1690 περιτειχίζοντος,
2981 1620 3076 1674 καὶ
3119 1620 3344 1691 εἰρήνην
3381 1619 3513 1689 ἡμῖν
3559 1618 3660 1689 τὴν
3685 1617 3821 1670 ἰδίαν

2247 1709 2417 1774 ἰέντος
2481 1711 2560 1777 εἰς
2615 1710 2769 1764 νοῦνο
2832 1729 2854 1762 ‹
2888 1711 3125 1783 Εἰρήνην
3161 1729 3184 1763 a
3237 1709 3378 1780 γὰρ,
3435 1709 3603 1780 φησὶ,
3663 1727 3684 1761 ι
3719 1708 3820 1779 τὴν

2245 1797 2386 1869 ἐμὴν
2458 1798 2651 1869 δίδωμι
2703 1800 2871 1870 ὑμῖνο
2954 1801 3181 1873 εἰρήνην
3244 1800 3344 1872 τὴν
3393 1798 3550 1871 ,ἐμήν
3613 1798 3819 1872 ἀφίημι

2173 1887 2217 1943 Β
2243 1888 2392 1958 ὑμῖν.
2433 1905 2452 1939 ι

2309 1981 2418 2035 Καὶ
2441 1980 2714 2035 κατοικιῶ
2742 1995 2820 2036 σε
2857 1981 2950 2036 ἐπ’
2979 1981 3200 2037 ἐλπίδι·
3229 1981 3329 2038 καὶ
3356 1979 3819 2053 μνηστεύσοραι

2240 2084 2315 2126 σε
2345 2071 2581 2140 ἐμαυτῷ
2619 2074 2708 2140 είς
2743 2072 2850 2127 τὸν
2871 2073 3078 2128 αἰῶνα.

2311 2163 2444 2218 KH'.
2473 2161 2608 2233 Οὐχὶ
2636 2163 2812 2234 μόνον,
2836 2165 2988 2235 φησι,
3013 2163 3307 2230 ἀπαλλάξω
3325 2163 3436 2218 τῶν
3456 2162 3552 2218 τοῦ
3577 2161 3817 2234 πολέμου

2239 2253 2530 2324 δειμάτων,
2572 2255 2864 2326 προσθήσω
2894 2257 2953 2310 δὲ
2989 2257 3148 2311 τοῦτο
3180 2255 3275 2311 καὶ
3306 2257 3369 2310 τὺ
3393 2258 3455 2310 ὲν
3483 2255 3634 2327 καλῷ
3661 2254 3815 2326 γενέ-

2241 2344 2363 2398 σθαι
2416 2346 2598 2400 λοιπὸν
2647 2348 2748 2417 τῆς
2778 2349 2865 2401 ἐπ’
2905 2349 3127 2418 ἀγαθοῖς
3159 2350 3394 2414 ἐλπίδος,
3435 2349 3514 2410 ὡς
3559 2349 3811 2420 ἀσφαλῆ,

2240 2436 2334 2488 καὶ
2355 2439 2453 2507 ὲρη
2463 2435 2775 2507 ρεισμένην,
2812 2439 2905 2492 καὶ
2925 2439 3218 2510 ἀκλὸνητον
3240 2440 3385 2510 ἔχειν
3406 2439 3506 2511 τὴν
3528 2437 3654 2492 εύθυ
3663 2439 3811 2509 μίαν.

2251 2525 2506 2596 Ἐμαυτῷ
2539 2529 2648 2598 γάρ
2689 2545 2747 2581 σε
2805 2529 3232 2601 μνηστεύσομαι,
3282 2530 3377 2584 καὶ
3437 2530 3595 2584 τοῦτο
3619 2531 3699 2594 είς
3724 2528 3816 2583 τδν

2238 2613 2428 2668 αἰῶνα.
2458 2616 2568 2668 Καὶ
2592 2616 2644 2669 τί
2672 2616 2735 2688 δὴ
2765 2617 2920 2671 τοῦτό
2951 2619 3126 2684 ὲστινς
3153 2620 3330 2673 Οίονεὶ
3355 2620 3463 2691 γάρ
3493 2635 3611 2684 πως
3645 2621 3814 2691 ἔμνη-

2239 2705 2458 2760 στεύετο
2493 2708 2583 2762 τὸν
2609 2710 2833 2780 ἀρχαῖον
2874 2710 3110 2782 Ἰσραὴλ,
3140 2709 3258 2783 ήτοι
3285 2712 3386 2784 τὴν
3409 2711 3516 2766 τῶν
3550 2711 3814 2766 Ἰουδαίων

2237 2797 2588 2870 Συναγωγὴν,
2627 2801 2723 2853 καὶ
2765 2800 2901 2872 πρὸς
2955 2804 3258 2876 οἰκειότητα
3307 2803 3562 2874 κέκληκε,
3606 2803 3703 2874 τήν
3721 2801 3816 2856 διὰ

2237 2887 2404 2958 νόμον
2445 2891 2609 2960 φημὶ,
2629 2891 3003 2956 διακονοῦντος
3027 2893 3292 2959 Μωσέως,
3319 2896 3413 2949 καὶ
3453 2892 3812 2966 μεσολαϐούν-

2234 2989 2343 3026 των
2369 2974 2641 3044 ἀγγέλων.
2678 2978 2819 3030 Ἀλλ’
2845 2974 2914 3048 ἦν
2955 2980 3057 3048 τῆς
3087 2982 3381 3051 μνηστείας
3431 2985 3460 3036 6
3504 2984 3704 3053 τρόπος
3744 2982 3810 3036 οὐ

2235 3063 2506 3135 διηνεκὴς,
2537 3067 2658 3120 οὔτε
2692 3067 2798 3139 μὴν
2828 3070 2908 3130 είς
2930 3068 3023 3123 τὸν
3043 3069 3235 3134 αἰῶνα,
3259 3071 3455 3124 πολλοῦ
3481 3085 3544 3140 γε
3583 3073 3682 3126 δεῖ.
3729 3073 3808 3127 υῡ

2236 3151 2344 3224 γὰρ
2371 3153 2594 3225 ἔμελλον
2615 3158 2665 3208 οἱ
2684 3155 2842 3212 τύποι
2863 3159 3158 3230 κρατήσειν
3195 3157 3282 3211 διὰ
3301 3158 3520 3222 παντὸς,
3551 3174 3570 3209 ι
3608 3160 3720 3212 Καὶ
3741 3159 3814 3215 τὰ

2233 3241 2394 3314 μέχρι
2417 3243 2608 3314 καιροῦ
2643 3244 2978 3317 διορθώσεως
3017 3245 3354 3314 ἐπικείμενα.
3395 3261 3414 3296 ι
3469 3243 3628 3298 Κατά
3665 3243 3812 3313 δέγε

2232 3335 2327 3389 τὸν
2349 3337 2449 3406 τῆς
2478 3335 2818 3408 διορθώσεως
2869 3337 3083 3406 καιρὸν,
3127 3334 3410 3403 τουτέστι,
3456 3333 3548 3389 τὸν
3584 3333 3686 3405 τῆς
3713 3333 3810 3389 τοῦ

2234 3426 2486 3496 Σωτῆρος
2528 3427 2687 3498 ἡμῶν
2745 3426 3073 3497 ἐπιδημίας,
3125 3427 3312 3500 ἔτερος
3359 3429 3458 3498 τῆς
3515 3426 3812 3497 μνηστείας

2230 3515 2607 3585 ἀναπέφανται
2635 3517 2855 3588 τρόπος,
2884 3515 3158 3586 διηνεκὴς,
3211 3515 3307 3570 καὶ
3353 3515 3672 3582 ἀσάλευτος,
3710 3517 3809 3571 καὶ

2231 3607 2367 3660 πολὺ
2412 3607 2508 3660 τοῦ
2549 3610 2765 3679 πρώτου
2807 3609 3218 3680 λαμπρότερος,
3257 3609 3351 3662 καὶ
3402 3607 3502 3678 τῆς
3539 3609 3702 3672 σκιᾶς
3747 3610 3807 3662 ὲν

2231 3697 2530 3766 ἀμείνοσιν.
2573 3699 2631 3752 Ὀ
2657 3698 2756 3768 μὲν
2787 3699 2894 3770 γὰρ
2929 3698 3051 3768 ,τῶν
3076 3699 3216 3754 ὅλων
3273 3699 3414 3764 Θεὸς·
3434 3699 3587 3753 ἑδνον
3611 3699 3806 3772 ὥσπερ

2229 3803 2284 3840 τι
2311 3790 2377 3858 τῇ
2401 3789 2608 3861 νύμφῃ,
2657 3791 2757 3861 τῆς
2788 3791 3058 3862 σαρκικῆς
3107 3791 3352 3856 δουλείας
3405 3791 3506 3862 τὴν
3548 3791 3809 3846 ἀπόθεσιν

2229 3879 2533 3949 ἐχαρίζετο,
2588 3880 2684 3934 καὶ
2727 3882 2814 3935 διὰ
2877 3874 3034 3946 σκιᾶς
3081 3883 3176 3937 καὶ
3225 3882 3414 3936 τύπων
3449 3883 3636 3937 ἐκάλει
3667 3882 3805 3954 πρὸς

2230 3969 2608 4042 ἀποκάθαρσιν
2631 3971 2729 4043 τὴν
2760 3974 3155 4044 πνευματικήν.
3183 3973 3328 4044 Πλὴν
3365 3973 3586 4044 ἐμέτρει
3616 3973 3807 4044 καιρὸν

2229 4063 2294 4131 τῇ
2326 4061 2612 4134 μνηστείᾳ.
2637 4063 2710 4116 Οὐ
2739 4063 2846 4135 γὰρ
2874 4062 3163 4134 ἄμεμπτος
3189 4065 3223 4134 ἡ
3263 4062 3480 4135 πρώτη,
3520 4062 3663 4117 κατά
3705 4061 3800 4133 τὴν

2232 4149 2328 4203 τοῦ
2363 4151 2576 4206 Παύλου
2603 4153 2806 4225 φωνήν,
2834 4153 2958 4207 οὔτε
2987 4155 3210 4225 ἀγήρως
3235 4149 3324 4225 ἦν,
3376 4155 3470 4208 καὶ
3493 4151 3799 4224 ἀφανισμοῦ

2231 4246 2471 4316 μακράν.
2504 4245 2771 4318 Ταύτῃτοι
2800 4247 2896 4301 καὶ
2922 4250 3021 4317 τῆς
3044 4247 3306 4318 δευτέρας
3345 4248 3586 4319 ἐζητεῖτο
3617 4247 3798 4311 τόπος,

2225 4335 2488 4400 τουτέστι,
2515 4337 2617 4406 τῆς
2658 4338 2803 4402 νέας,
2847 4338 2946 4410 τῆς
2979 4338 3066 4392 διὰ
3094 4338 3356 4410 Χριστοῦ,
3393 4338 3558 4410 φημὶ,
3593 4337 3802 4407 δωρεᾶς

2226 4442 2287 4477 τε
2343 4427 2437 4478 καὶ
2473 4427 2716 4496 χάριτος,
2743 4429 2803 4480 οὐ
2829 4431 3159 4500 πρόσκαιρον
3179 4433 3333 4501 ἡμῖν,
3363 4431 3485 4485 οὐδὲ
3532 4427 3800 4500 σαρκικὴν

550 4479 783 4549 Cooptat
823 4484 968 4538 enim
1021 4499 1119 4541 nos
1167 4487 1223 4540 in
1279 4503 1563 4544 numerum
1617 4493 1852 4548 ﬁliorum
1904 4496 2021 4560 Dei,
2071 4508 2128 4552 et

2234 4479 2542 4582 εἰσκομιζδύ
2623 4531 2648 4576 ς

549 4572 744 4642 pignus
773 4575 992 4643 spiritus
1018 4575 1315 4633 liberaliter
1339 4583 1690 4651 supperaddit
1708 4585 1774 4652 “,
1808 4596 2124 4674 perpetuas-

2234 4571 2500 4668 Θεοῦίκαὶ
2526 4571 2938 4677 salsamenta
2965 4607 3061 4661 τοῦ
3083 4571 3802 4678 Ιίῖνεοιίμιίτορίὲπιδαψιλιιύεζ

549 4675 659 4732 que
692 4663 837 4733 leges
867 4667 1188 4732 prtescribit.
1215 4669 1397 4736 Quare
1437 4676 1515 4729 sic
1544 4689 1666 4729 eum
1698 4675 1914 4733 divinus
1949 4663 2122 4735 bavid

552 4754 889 4825 alloquitur:
921 4774 941 4809 ι
970 4756 1184 4815 Justitin
1233 4773 1323 4818 tua
1364 4762 1576 4832 iustitia
1627 4767 1682 4821 in
1735 4777 2025 4838 aeternum,
2067 4781 2122 4828 et

550 4859 733 4904 sermo
761 4855 884 4904 tuus
908 4848 1110 4906 veritas
1124 4850 1203 4918 ⁶τ;
1242 4869 1262 4903 ι
1299 4854 1608 4923 manifeste,
1641 4866 1700 4912 ut
1728 4859 1947 4927 opinor,
1980 4860 2122 4915 indi-

552 4953 715 5006 cans,
777 4954 953 5011 neque
1010 4941 1064 4997 in
1121 4945 1510 5015 sempiternum
1562 4963 1783 5006 manere
1833 4966 1951 5021 qua
2003 4953 2119 5026 lege

551 5032 855 5098 traduntur,
914 5033 1172 5090 translata
1229 5038 1419 5093 umbra
1473 5040 1524 5094 in
1576 5041 1894 5112 veritatem;
1942 5061 2117 5117 neque

547 5123 793 5180 veritatis
814 5125 977 5181 decus
1003 5125 1057 5180 in
1087 5125 1282 5184 litteris
1308 5129 1570 5200 legalibus
1601 5147 1761 5203 posse
1784 5151 1813 5189 a
1843 5150 2114 5206 quoquam

548 5221 806 5291 perspici.
857 5221 987 5278 Erat
1018 5223 1162 5279 enim
1204 5223 1316 5291 lex,
1353 5234 1416 5280 nt
1445 5225 1582 5295 dixi,
1612 5229 1798 5285 umbra
1834 5240 1891 5286 et
1923 5231 2114 5302 figura.

549 5312 750 5380 Quaerit
788 5313 951 5386 igitur
991 5317 1320 5372 connubium
1362 5316 1514 5387 ejus,
1566 5320 1794 5391 antiquo
1845 5331 1901 5379 et
1938 5325 2118 5394 primo

547 5403 640 5460 illo
668 5404 950 5462 dissoluto.
993 5406 1104 5465 Lex
1134 5409 1280 5464 enim
1315 5410 1382 5465 ad
1430 5425 1526 5466 nos
1553 5426 1676 5466 cum
1715 5411 1825 5470 Deo
1877 5415 2118 5484 perfecte

545 5511 612 5553 ac
646 5509 782 5566 pure
809 5498 1136 5568 copulandos
1185 5503 1290 5558 vim
1323 5502 1458 5560 satis
1489 5519 1737 5577 magnam
1784 5519 1889 5562 non
1931 5506 2111 5563 habet.

635 5699 681 5770 ξ’
711 5700 838 5756 Luc.
869 5717 922 5764 Χ,
949 5701 1032 5758 19.
1109 5704 1152 5736 ⁶¹
1174 5705 1315 5759 Psal.
1349 5725 1434 5770 xc,
1464 5710 1549 5763 i5.

521 5763 594 5834 ,⁸⁸
627 5769 667 5826 ΙΙ
698 5771 822 5828 Cor.
856 5763 984 5835 v,75.
1063 5773 1104 5805 ⁸⁷
1143 5773 1281 5832 Psal.
1318 5763 1504 5841 cst'ttt,
1535 5780 1651 5833 Hi.

1659 5711 1704 5741 θ’
1731 5709 1880 5766 Joan.
1910 5726 2021 5779 xw,
2043 5711 2133 5767 27.

2217 4709 2328 4759 ται,
2358 4696 2452 4748 καὶ
2475 4695 2743 4767 διηνεκεῖς
2766 4697 2939 4769 ὁρίζει
2965 4699 3182 4769 νόμους.
3210 4701 3320 4755 Καὶ
3347 4700 3480 4770 γοῦν
3513 4699 3653 4770 πρὸς
3699 4696 3798 4752 αὐ·-

2217 4785 2308 4839 τδν
2327 4787 2355 4839 ὁ
2381 4786 2520 4851 θεῖος
2544 4786 2646 4860 ἔφη
2684 4789 2848 4843 Δασίδ
2874 4805 2888 4820 ·
2925 4807 2946 4842 ι
2986 4790 3050 4845 Ἦ
3071 4791 3388 4863 δικαιοσύνη
3432 4808 3552 4853 σου,
3597 4791 3800 4843 δικαιο-

2215 4878 2348 4948 σύνη
2411 4879 2493 4941 είς
2541 4879 2632 4934 τὸν
2680 4879 2875 4947 αἰῶνα,
2931 4881 3027 4934 καὶ
3079 4883 3109 4935 6
3155 4882 3314 4951 λόγος
3365 4899 3461 4936 σου
3489 4879 3736 4950 ἀλήθεια.
3773 4894 3792 4928 ι

2227 4967 2573 5038 Ἀναφανδδν,
2595 4965 2747 5042 οἳμαί
2777 4987 2902 5040 που,
2928 4971 3125 5043 δηλῶν,
3141 4973 3220 5027 ὅτι
3249 4971 3374 5026 οὔτε
3399 4974 3480 5035 είς
3508 4970 3600 5024 τὸν
3625 4967 3800 5023 αἰῶνα

2225 5059 2377 5130 μένει
2417 5061 2486 5115 τὰ
2544 5062 2604 5115 ἐν
2659 5063 2829 5134 νόμῳ,
2867 5064 3347 5134 μεταστησομένης
3373 5063 3475 5132 τῆς
3526 5061 3686 5124 σκιᾶς
3715 5060 3798 5122 εἰς

2221 5150 2495 5223 ἀλήθειαν·
2523 5150 2648 5206 οὗτε
2683 5153 2790 5224 μὴν
2817 5153 2918 5223 τῆς
2943 5153 3198 5223 ἀληθείας
3243 5154 3304 5208 τὸ
3336 5153 3532 5216 κάλλος
3570 5151 3631 5205 ὲν
3683 5150 3798 5210 τοῖς

2212 5247 2460 5316 νομικοῖς
2491 5245 2784 5317 γράμμασι
2809 5247 3129 5318 καταθρήσῃ
3161 5263 3246 5310 τις
3283 5245 3369 5302 ἀν.
3402 5240 3512 5298 Ἦν
3539 5243 3673 5312 γὰρ,
3717 5237 3794 5300 ὡς

2213 5333 2370 5406 ἔφην,
2412 5335 2539 5389 σκιά
2559 5337 2653 5390 καὶ
2680 5335 2852 5401 τύπος
2886 5339 2915 5391 ὁ
2962 5338 3147 5406 νόμος.
3187 5336 3564 5409 Μνηστεύεται
3611 5331 3794 5386 τοίνυν

2213 5426 2401 5499 αὐτὴν,
2429 5429 2521 5482 τὸν
2546 5430 2604 5484 ὲν
2630 5431 2827 5500 ἀρχαῖς
2847 5446 2906 5484 τε
2945 5429 3038 5483 καὶ
3057 5431 3272 5502 πρῶτον
3291 5429 3568 5498 ἀθετήσας
3589 5424 3791 5494 γάμον.

2214 5515 2288 5569 Οὐ
2316 5515 2428 5588 γὰρ
2456 5518 2637 5583 ἰκανδς
2663 5518 2693 5571 ὁ
2718 5518 2884 5591 νόμος
2935 5518 3170 5596 συνάψαι
3199 5520 3319 5590 Θεῷ
3345 5518 3570 5581 τελείως
3600 5529 3662 5569 τε
3695 5511 3794 5568 καὶ

2214 5716 2256 5749 ⁸³
2287 5716 2460 5774 Galat.
2495 5733 2578 5785 ιιι,
2609 5716 2693 5776 i9.
2772 5719 2817 5752 ⁸⁸
2847 5718 3007 5776 Hebr.
3045 5736 3114 5783 ιιι,
3153 5720 3239 5774 ιο.
3317 5721 3362 5754 ⁸⁸
3399 5718 3560 5774 ilcbr.
3583 5731 3703 5783 vm,
3727 5712 3789 5772 7.
