4098 6276
231 428 306 485 93
1159 417 1715 477 COMMENTARIUS
1756 419 1820 474 ΙΝ

1940 421 2095 477 »ΕΔΜ
2132 419 2577 482 PROPHETAM.
3429 422 3498 481 κ

231 547 512 622 καθαριῖκι⁸
549 542 844 616 προσίεμεν
893 541 953 596 δὲ
1002 538 1150 612 αύτῷ
1177 541 1246 595 δι’
1291 537 1448 606 Υἰοῦ,
1479 541 1574 595 καὶ
1603 541 1710 594 τῶν
1741 540 1810 595 δι’

1940 541 2238 598 tccedintus
2277 549 2460 596 autem
2493 540 2560 594 ad
2592 537 2739 594 illum
2770 549 2866 609 per
2892 537 3114 603 Filium,
3148 545 3204 594 et
3229 545 3495 607 precepts

234 639 405 695 αὐτοῦ
431 633 838 704 θεσπισμάτων,
898 631 1170 696 τουτέστι,
1202 632 1311 686 τῶν
1359 631 1752 701 εὐαγγελικῶν,
1785 631 1824 686 ἃ.

237 730 336 784 καί
371 723 746 796 πνευματικὴν
805 719 918 792 ἔχει
950 721 1051 791 τὴν
1083 721 1298 787 ἕνωσιν,
1332 722 1450 794 ἤτοι
1506 721 1824 791 συνάφειαν.

251 813 545 887 Ἑνούμεθα
566 814 676 886 γὰρ
713 812 791 885 τῷ
819 811 940 882 Θεῷ
969 815 1025 866 ὲν
1049 813 1344 883 πνεύματι.
1387 815 1483 868 καὶ
1525 815 1624 883 τῆς
1674 812 1825 877 θείας
1853 851 1858 856 ε

238 907 402 966 αὑτοῦ
431 905 647 976 φύσεως
675 901 1015 975 πλουτοῦμεν
1071 905 1169 975 τὴν
1223 905 1462 976 μέθεξιν.
1504 897 1662 969 Εἰκὸς
1690 905 1748 960 δέ
1770 922 1824 958 τι

239 1002 329 1056 καὶ
353 999 550 1069 ἕτερον
579 993 896 1065 ὑποφαίνειν
924 995 1152 1058 ἀστείως
1168 997 1250 1058 τὸ,
1281 998 1737 1068 «Μνηστεύσομαί
1760 1013 1824 1050 σε

234 1091 480 1165 ἐμαυτῷ·
497 1112 515 1144 ι
537 1089 746 1144 συνείσε
755 1107 801 1152 ις
815 1088 923 1159 γὰρ
940 1078 1042 1142 ὧδε
1058 1089 1320 1142 πάλιν.Ἣ
1333 1087 1441 1158 γὰρ
1457 1088 1518 1141 τὸ
1530 1128 1546 1153 ,
1563 1088 1821 1158 ἐμαυτῷ,

236 1186 405 1257 φησὶν
440 1183 562 1238 ἀντὶ
595 1180 712 1247 τοῦ,
743 1181 819 1235 δι’
847 1179 1149 1250 ἐμαυτοῦ,
1190 1181 1251 1235 ού
1286 1181 1426 1235 καθὰ
1477 1181 1571 1235 καί
1623 1181 1821 1248 πάλαιν,

237 1275 684 1349 μεσολαϐούντων
713 1271 982 1342 ἀγγέλων⁸
1009 1271 1133 1326 οὔτε
1165 1271 1271 1344 μὴν
1294 1272 1544 1326 διακόνου
1578 1272 1720 1335 τινος
1743 1274 1825 1336 εἰς

233 1366 396 1420 τοῦτο
420 1361 887 1438 παρειλημμένου,
914 1364 1056 1418 κατὰ
1084 1363 1174 1418 τὸν
1205 1363 1299 1417 τοῦ
1330 1356 1573 1426 Μωσέως
1600 1364 1821 1435 τρόπον.

235 1458 311 1511 Oti
345 1456 458 1530 γὰρ
491 1455 750 1528 πρέσϐυς,
773 1456 873 1508 ούκ
897 1453 1148 1524 ἄγγελος,
1172 1454 1314 1508 κατὰ
1331 1455 1392 1508 τὸ
1416 1447 1821 1527 γεγραμμένον,

236 1549 354 1604 ἁλλ’
386 1549 549 1611 αὐτὸς
580 1550 607 1600 ὁ
630 1545 853 1618 Κύριος,
874 1546 977 1599 ὁὲκ
999 1545 1092 1598 τοῦ
1122 1543 1258 1599 Θεοῦ
1285 1545 1492 1614 Πατρδς
1513 1546 1706 1614 Λόγος,
1732 1546 1826 1600 ἄν-

237 1640 461 1709 θρωπος
510 1635 750 1709 γεγονῲς
799 1635 920 1689 καθ’
943 1637 1112 1706 ἡμᾶς,
1163 1632 1336 1706 ἑαυτῷ
1382 1635 1692 1707 παρέστησε
1723 1635 1825 1707 τὴν

249 1725 619 1796 Ἐκκλησίανο
667 1743 686 1776 ι
725 1724 839 1778 Καὶ
866 1725 992 1787 τοὺς
1032 1723 1125 1777 δύο
1166 1724 1328 1788 λαοὺς
1360 1723 1572 1778 ἔκτισεν
1604 1726 1683 1788 εἰς
1727 1725 1825 1779 ἕνα

237 1821 424 1874 κοινὸν
445 1817 762 1889 ἄνθρωπον,
797 1816 965 1870 ποιῶν
987 1817 1209 1887 εἰρήνην
1227 1850 1244 1882 ,
1284 1817 1378 1871 καὶ
1409 1815 1822 1872 ἁποκαταλλάσ-

1925 633 1993 690 ab
2024 632 2144 702 ipso
2170 632 2388 695 tradita,
2439 629 2775 699 evangelica,
2823 629 3067 700 inquam,
3092 640 3214 699 qua:
3252 638 3306 684 et
3338 627 3500 697 spiri-

1925 724 2125 779 tualetn
2153 723 2406 777 anienem
2461 723 2576 775 sive
2601 720 2997 789 copulationem
3033 715 3336 775 continent.
3366 719 3500 774 Uni-

1925 825 2050 868 mur
2091 811 2237 864 enim
2272 808 2382 863 Deo
2434 809 2486 863 in
2534 809 2761 876 Spiritu,
2811 818 2867 864 et
2907 809 3103 863 divisae
3141 810 3258 879 ejus
3295 816 3500 863 natura!

1925 901 2420 959 communicatione
2462 899 2876 968 locupletamur.
2911 900 3008 953 Est
3049 907 3230 954 autem
3268 909 3500 953 consen-

1927 1005 2169 1058 taneum,
2209 991 2354 1046 aliud
2385 1004 2601 1062 quoque
2635 989 2811 1044 verbis
2851 987 2992 1053 istis,
3024 1006 3049 1042 ε
3077 989 3413 1058 desponsabo
3444 997 3502 1044 te

1924 1085 2080 1153 mihi,
2113 1103 2132 1137 ι
2174 1085 2450 1153 eleganter
2519 1076 2934 1138 submonstrari.
2987 1077 3081 1134 Sic
3119 1081 3266 1134 enim
3315 1093 3504 1135 rursus

1922 1191 1984 1234 ea
2030 1177 2321 1246 intelliges.
2369 1176 2478 1230 Aut
2523 1175 2672 1230 enim
2711 1172 2838 1227 mihi
2879 1172 3030 1236 dicit,
3078 1186 3196 1242 pro,
3258 1186 3352 1238 per
3399 1186 3502 1236 me,

1924 1285 2028 1326 non
2074 1269 2214 1324 sicut
2254 1267 2384 1321 olim
2420 1267 2626 1337 angelis
2662 1265 3156 1326 intercedentibus;
3198 1276 3298 1317 nec
3344 1261 3504 1315 mini-

1922 1372 2040 1418 stro
2092 1360 2276 1431 aliqo
2329 1361 2500 1414 instar
2532 1358 2733 1429 Moysis
2775 1360 2842 1413 ad
2890 1358 2992 1412 hoc
3041 1362 3340 1423 assumpto.
3381 1351 3506 1408 Non

1922 1458 2067 1511 enim
2111 1454 2338 1525 legatus,
2381 1468 2486 1508 non
2538 1453 2785 1523 angelus,
2836 1453 2953 1514 sed,
2992 1460 3050 1503 ut
3089 1448 3350 1515 seriptum
3396 1450 3510 1510 est,

1921 1546 2042 1617 ipse
2087 1545 2369 1610 Dominus,
2419 1559 2486 1598 ex
2538 1543 2651 1598 Deo
2694 1541 2856 1596 Patre
2900 1539 3160 1602 Verbum,
3210 1540 3372 1593 homo
3405 1548 3504 1590 no-

1923 1647 2096 1693 strum
2150 1633 2345 1690 similis
2397 1632 2610 1696 factus,
2667 1631 2771 1686 sibi
2834 1631 2948 1700 ipse
3002 1628 3252 1685 exhibuit
3315 1622 3511 1681 Eccle-

1925 1726 2059 1782 siaut
2081 1725 2150 1789 “,
2187 1741 2206 1776 ι
2236 1734 2293 1778 et
2319 1724 2546 1793 populos
2573 1722 2704 1776 duos
2727 1721 2780 1775 in
2806 1735 2969 1774 unum
3002 1733 3198 1774 novum
3234 1718 3507 1772 heminem

1927 1815 2186 1878 conditlt,
2254 1814 2458 1869 faciens
2509 1826 2718 1882 pacem.
2774 1810 3134 1866 reconcilians
3212 1807 3402 1861 ambos
3451 1805 3513 1859 in

241 1929 354 1965 σων
382 1910 510 1974 τοὺς
534 1884 874 1982 ἀμφοτέρους
916 1909 975 1961 ὲν
1008 1884 1105 1961 evil
1132 1884 1403 1976 πνεύματι
1432 1908 1567 1978 πρὸς
1589 1907 1681 1961 τὸν
1711 1908 1821 1960 Πα-

1940 1921 2038 1963 uno
2079 1907 2272 1978 spiritu
2317 1907 2384 1960 ad
2427 1905 2642 1958 Patrem
2659 1903 2727 1970 “,
2763 1921 2782 1955 ι
2816 1902 3114 1958 secundum
3149 1899 3288 1954 beati
3359 1896 3510 1952 Pauli

237 2003 424 2074 τέρα,
486 2021 506 2054 ι
567 2001 707 2056 κατὰ
756 2000 853 2068 τὴν
903 1997 996 2052 τοῦ
1049 1999 1320 2070 μακαρίου
1352 1997 1565 2053 Παύλου
1621 2000 1823 2069 φωνήν.

239 2095 318 2147 ..Η
370 2093 465 2146 καὶ
531 2090 652 2145 καθ’
697 2089 883 2160 ἕτερον
911 2129 928 2155 ,
990 2089 1040 2140 εἰ
1101 2089 1324 2160 βούλει,
1376 2089 1576 2159 τρόπον
1637 2089 1827 2161 ὲκδέξῐι

236 2184 302 2237 τὸ
364 2182 680 2254 εἰρημένον.
743 2179 1140 2251 Ἐμνηστεύετο
1190 2179 1337 2251 γὰρ,
1388 2179 1466 2244 ὡς
1527 2180 1662 2250 ἔφην
1690 2219 1707 2244 ,
1770 2182 1829 2234 ὲν

237 2273 510 2344 Αἰγύπτῳ
577 2272 707 2326 ποτὲ
775 2271 872 2342 τὴν
933 2271 1042 2324 τῶν
1121 2269 1392 2326 Ἰουδαίων
1457 2273 1828 2341 Συναγωγήνν

239 2365 360 2420 ἀλλ’
403 2365 566 2418 οίονεί
596 2381 714 2425 πως
746 2363 918 2433 ἑτέρῳ
948 2361 1172 2433 μᾶλλον,
1203 2362 1300 2431 ούχ
1345 2361 1546 2432 ἑαυτῷ,
1590 2361 1735 2434 φημὶ
1762 2361 1829 2433 δὴ

241 2457 323 2528 τῷ
353 2455 627 2527 θεσπεσίῳ
655 2458 864 2519 Μωσεῖ,
899 2455 1037 2526 πρὸς
1066 2455 1124 2510 ὃν
1153 2453 1258 2526 ἔφη
1288 2453 1534 2520 «Βάδιξε,
1559 2454 1830 2524 κατάϐηθι

241 2546 306 2602 τδ
333 2549 498 2619 τάχος
547 2547 800 2601 ἐντεῦθεν
824 2564 837 2578 ·
870 2547 1115 2620 ὴνόμησε
1149 2546 1258 2619 γὰρ
1289 2547 1461 2611 ὁλαός
1485 2565 1601 2611 σου,
1619 2545 1713 2610 οὓς
1745 2545 1834 2610 ἑξ-

243 2641 454 2713 ήγαγες
506 2641 572 2693 ὲκ
621 2640 725 2711 γῆς
774 2639 1074 2706 Αἰγύπτου.
1123 2658 1144 2693 ι
1212 2638 1480 2704 Ἀκούεις,
1515 2638 1599 2692 δτι
1644 2639 1836 2692 Μωσεῖ

244 2730 663 2802 προσνενέμηκε
703 2731 802 2800 τὴν
837 2730 1346 2802 μεμνηστευμένην,
1380 2730 1502 2801 ἦτοι
1527 2729 1620 2782 τὸν
1668 2728 1798 2782 λαὺν
1818 2763 1833 2792 ,

245 2823 406 2876 οὔπω
430 2822 528 2890 τῆς
551 2821 884 2891 οἰκειότητος
903 2821 1074 2887 ἀξιῶν
1100 2822 1200 2892 τῆς
1226 2821 1363 2893 πρὸς
1387 2821 1596 2876 ἑαυτόν.
1622 2820 1697 2875 Οὐ
1724 2819 1837 2892 γὰρ

250 2911 479 2976 ἱκανῶς,
509 2912 584 2974 ὡς
609 2912 763 2982 ἔφην,
799 2913 828 2964 ὁ
857 2911 1038 2982 νόμος,
1065 2911 1182 2982 ἦτοι
1211 2912 1439 2983 Μωσῆς,
1458 2910 1691 2980 συνάψαι
1718 2907 1838 2980 Θεῷ

247 3001 510 3074 καθαρῶς
542 3019 601 3055 τε
639 3002 733 3055 καὶ
765 3003 1088 3073 ὀλοτρόπως.
1122 3003 1400 3074 Τετήρητο
1445 3003 1553 3074 γὰρ
1592 3003 1668 3066 ὡς
1705 3017 1839 3054 κατ-

246 3092 584 3168 ορθωμάτων
637 3089 882 3162 ἄριστον,
911 3092 1005 3144 καί
1049 3089 1352 3162 θεοπρεπὲς
1378 3091 1595 3162 ἀληθῶς
1623 3089 1702 3162 τῷ
1744 3106 1840 3161 με-

254 3186 374 3259 σίτῃ
416 3183 551 3238 Θεοῦ
591 3187 685 3238 καὶ
720 3182 1062 3255 ἀνθρώπων,
1113 3185 1358 3237 τουτέστι
1396 3182 1648 3254 Χριστῷ,
1672 3185 1739 3239 δι’
1771 3176 1834 3238 οὗ

257 3278 351 3331 καὶ
383 3278 441 3331 ὲν
487 3268 530 3346 ᾧ
576 3277 710 3349 πρὸς
760 3277 893 3330 Θεὸν
933 3275 1221 3347 ἐνούμεθα.
1256 3277 1369 3329 Καὶ
1400 3277 1508 3348 γάρ
1549 3279 1700 3330 ἐστιν
1739 3277 1837 3332 αύ-

259 3369 348 3432 τὸς
367 3371 401 3438 ὴ
429 3367 616 3440 εἰρήνη
651 3369 829 3440 ἡμῶν,
878 3369 1017 3424 κατὰ
1045 3368 1146 3432 τὰς
1183 3367 1428 3440 Γραφὰς,
1455 3371 1484 3422 ὁ
1509 3369 1608 3440 τὴν
1639 3367 1842 3440 μεταξὺ

197 3478 216 3497 α
265 3459 523 3530 κειμένην
560 3459 752 3526 ἐξελὼν
795 3458 1089 3532 ἁμαρτίαν,
1123 3460 1218 3514 καί
1245 3459 1520 3531 καθαροὺς
1564 3460 1712 3530 ἡμᾶς
1752 3458 1846 3512 καὶ

269 3550 693 3622 ὲκνενιμμένους
720 3551 796 3623 τῷ
836 3552 1112 3624 Πνεύματι
1146 3549 1392 3622 συνάψας
1430 3549 1628 3622 ἐαυτῷ,
1655 3549 1751 3605 καὶ
1775 3549 1843 3604 δι’

270 3642 459 3696 ἑαυτοῦ
494 3641 568 3713 τῷ
593 3641 709 3712 Θεῷ
738 3643 829 3697 καὶ
873 3643 1070 3715 Πατρί.

331 3732 439 3787 Kal
467 3733 922 3802 μνηστεύσομαί
951 3747 1027 3787 σε
1080 3731 1315 3803 ἐμαυτῷ
1361 3733 1432 3786 ἐν
1463 3732 1842 3801 δικαιοσύνῃ,

265 3821 358 3876 καὶ
375 3823 442 3876 ὲν
461 3824 713 3892 κρίματι,
743 3823 842 3877 καὶ
871 3821 1129 3887 ereum,
1156 3823 1256 3876 καί
1279 3824 1348 3877 ὲν
1376 3822 1846 3893 οίκτιρμοῗς.Καί

257 3914 710 3984 μνηστεύσομαι
753 3913 990 3984 ἐμαυτῷ
1025 3913 1094 3968 ἐν
1123 3914 1345 3980 πίστει,
1388 3913 1488 3968 καὶ
1537 3913 1844 3984 ἐπιτγώσῃ

260 4004 368 4058 τὸν
403 4007 647 4074 Κύριον.

330 4095 463 4148 ΚΘ.
514 4094 822 4164 Ἐξηγείται
855 4091 1061 4163 σαφῶς,
1093 4093 1177 4158 τίς
1229 4094 1295 4149 ἂν
1327 4094 1536 4162 γένοιτο
1581 4093 1680 4166 τῆς
1729 4111 1850 4149 συν»

261 4184 758 4254 αφείαςὸτρόπος,
785 4184 879 4238 καὶ
923 4184 1015 4236 διὰ
1063 4183 1233 4237 ποίων
1282 4184 1348 4238 ἂν
1393 4185 1465 4238 tot
1507 4187 1848 4256 πραγμάτων

259 4277 362 4346 τῆς
417 4275 732 4344 οἰκονομίας
759 4271 820 4327 τὸ
851 4275 1173 4345 μυστήριον.
1208 4292 1226 4325 ι
1275 4274 1362 4327 Ἐν
1390 4273 1701 4348 δικαιοσύνη
1743 4275 1850 4348 γὰρ

259 4369 438 4433 ἔσται,
471 4367 625 4438 φησι,
651 4367 744 4420 καὶ
773 4368 831 4420 ἐν
860 4367 1110 4438 κρίματι,
1143 4366 1236 4421 καὶ
1261 4365 1447 4437 μέντοι
1493 4367 1587 4421 καὶ
1615 4368 1674 4423 ἐν
1712 4368 1851 4423 ἐλέει

259 4461 357 4515 καί
385 4460 443 4513 ὲν
469 4454 793 4530 οἰκτιρμοτς.
833 4478 851 4510 ι
892 4451 988 4522 Τίς
1014 4447 1106 4512 οὖν
1125 4458 1234 4530 ἄρα
1262 4459 1414 4513 ἐστὶν
1447 4460 1479 4532 ή
1512 4459 1846 4534 δικαιοσύνη,

262 4551 400 4606 τίδὲ
439 4549 502 4604 τὸ
557 4552 763 4621 κρῖμα,
799 4549 896 4604 καί
948 4551 1058 4619 μὴν
1111 4549 1206 4603 καὶ
1243 4549 1305 4602 τὺ
1342 4547 1526 4618 ἕλεος,
1558 4554 1752 4619 εἰπεῖν,
1774 4555 1851 4618 ὡς

265 4644 440 4698 ἔοικεν
465 4682 481 4709 ,
509 4643 824 4712 ἀναγκαῖον.
869 4639 1077 4694 Οὐκοῦν
1126 4641 1642 4713 πεπλεονεκτήμεθα
1673 4644 1776 4714 μὲν
1799 4645 1850 4697 οἰ

264 4735 524 4800 τάλανες,
557 4731 946 4806 διαρπάζοντος
1005 4733 1155 4803 ἡμᾶς
1205 4733 1281 4796 ὡς
1322 4728 1487 4806 θηρὸς
1525 4735 1716 4806 ἀγρίου
1753 4725 1850 4788 τού

266 4826 505 4891 Σατανᾶ,
534 4826 627 4879 καὶ
648 4822 1014 4896 ἅποφέροντος
1052 4823 1153 4894 μὲν
1181 4825 1260 4888 εἰς
1293 4823 1581 4895 πλάνησιν,
1615 4825 1851 4891 ὲνιέντος

265 4920 323 4973 δὲ
364 4917 509 4972 κατὰ
538 4917 598 4970 τὸ
630 4917 773 4988 αὐτῷ
813 4916 1006 4971 δοκοῦν
1032 4918 1145 4980 τοῖς
1175 4917 1275 4987 τῆς
1305 4916 1584 4986 ἁμαρτίας
1617 4915 1852 4986 βάθροις,

265 5008 420 5062 οὐδὲν
462 5005 673 5070 ἑαυτοῖς
702 5005 999 5076 ἐπαμύνειν
1031 5003 1334 5075 ἰσχύοντας.
1361 5000 1718 5075 Παγχάλεπος
1744 5003 1853 5076 γὰρ

267 5102 363 5155 καὶ
411 5100 715 5170 βιαιότατος
758 5096 974 5169 ἀληθῶς
1031 5099 1125 5152 καὶ
1177 5097 1620 5168 ἀνθρωποκτόνος
1652 5098 1680 5150 ὀ
1723 5095 1850 5167 θήρ.

282 5189 499 5263 Ἐπειδὴ
543 5189 600 5244 δὲ
627 5191 712 5254 εἰς
754 5186 910 5243 τοῦτο
960 5186 1335 5259 ταλαιπωρίας
1379 5184 1754 5256 κατεκομίσθη
1781 5185 1852 5239 τὰ

271 5281 607 5353 ἀνθρώπινα,
637 5280 838 5352 συχνὰς
861 5277 1144 5334 ἐποιοῦντο
1175 5282 1276 5344 τὰς
1297 5275 1453 5343 λιτὰς
1477 5279 1616 5350 πρὸς
1631 5277 1724 5331 τὸν
1753 5278 1853 5330 έπ-

272 5373 498 5443 αμύνειν
523 5374 820 5444 δυνάμενον
845 5373 895 5425 οἰ
919 5371 1186 5445 μακάριοι
1211 5371 1509 5443 προφῆται,
1532 5368 1626 5422 καὶ
1658 5367 1718 5421 τὸ
1744 5385 1857 5422 κοι-

271 5468 362 5522 νδν
388 5471 484 5540 τῆς
513 5469 936 5540 ἀνθρωπότητος
961 5468 1246 5538 μονονουχὶ
1274 5467 1616 5539 προσωπεῖον
1643 5464 1859 5527 ἑαυτοῖς

274 5562 746 5630 περιπλάττοντες,
776 5561 1144 5632 συλλήπτορα,
1181 5559 1275 5613 καὶ
1314 5557 1566 5630 applobe
1607 5550 1668 5620 ἒξ
1693 5554 1859 5624 ούρα-

272 5651 384 5705 νῶν
441 5652 728 5721 ἀφικέσθαι
782 5652 1122 5726 παρεκάλουν
1166 5651 1254 5704 τὸν
1297 5649 1446 5703 Υἰόν.
1477 5649 1619 5718 Ἔφη
1672 5644 1802 5716 γοῦν
1833 5646 1861 5697 ὁ

1932 2011 2141 2054 vocem.
2169 1999 2277 2052 Aut
2314 1997 2477 2052 etiam
2505 1995 2614 2049 alio
2645 1994 2823 2059 modo,
2856 1993 2902 2048 si
2934 1993 3104 2054 lubet,
3130 1991 3273 2060 quod
3302 1988 3507 2044 dictqu

1931 2099 2016 2146 est
2057 2089 2312 2159 accipies.
2369 2086 2727 2157 Desponsavit
2783 2085 2928 2140 enim
2979 2083 3106 2146 sibi,
3163 2091 3223 2137 ut
3272 2080 3404 2146 dixi,
3453 2081 3508 2134 in

1933 2179 2170 2252 Egypto
2200 2179 2489 2248 aliquando
2531 2177 2869 2247 Synagogam
2900 2173 3206 2230 Iudaeorum
3238 2189 3254 2227 :
3280 2170 3386 2242 53
3416 2169 3512 2225 sed

1933 2271 2080 2326 velut
2109 2269 2266 2324 alteri
2308 2269 2490 2338 potius
2514 2282 2675 2336 quam
2709 2266 2838 2331 sibi,
2871 2264 3064 2335 Moysi,
3091 2264 3335 2333 inquam,
3379 2274 3511 2316 sane

1935 2375 2045 2426 cto,
2075 2363 2163 2418 cui
2188 2361 2324 2416 dixit
2352 2375 2368 2414 :
2402 2379 2420 2412 ι
2458 2358 2624 2425 Vade,
2652 2359 2920 2414 descende
2947 2358 3056 2413 cito
3087 2356 3237 2420 hinc,
3267 2352 3516 2424 peccavit

1935 2456 2078 2510 enim
2120 2453 2355 2523 populus
2397 2463 2540 2517 tuus,
2573 2464 2738 2520 quem
2782 2447 3019 2503 eduxisti
3051 2447 3120 2502 de
3164 2454 3308 2500 terra
3339 2441 3513 2515 Egy-

1937 2546 2012 2615 pti
2035 2545 2179 2598 ⁷ο·⁸⁸.
2212 2562 2232 2596 ι
2265 2543 2434 2598 Audis
2463 2542 2736 2611 quomodo
2768 2538 2936 2610 Moysi
2962 2539 3366 2608 desponsatam,
3399 2535 3516 2590 sive

1939 2635 2218 2708 populum,
2268 2635 2506 2689 nondum
2551 2632 2806 2688 familiari
2853 2631 3244 2686 consuetudine
3290 2641 3388 2684 sua
3427 2627 3516 2682 di-

1939 2735 2158 2796 guatum
2212 2723 2498 2778 attribuit?
2545 2721 2660 2777 Non
2715 2721 2858 2776 enim
2901 2718 3200 2774 subiciebat
3245 2718 3354 2784 lett,
3403 2716 3520 2772 sive

1941 2817 2174 2888 Moyses,
2218 2824 2278 2870 ut
2319 2816 2426 2870 Deo
2472 2829 2607 2884 pure
2641 2823 2696 2868 et
2738 2811 3046 2868 arctissime
3089 2824 3183 2866 eos
3217 2807 3516 2879 copularet.

1942 2908 2057 2964 Hoc
2099 2908 2242 2963 enim
2293 2915 2352 2961 ut
2400 2915 2550 2961 recte
2589 2903 2855 2959 factorum
2892 2900 3276 2962 rectissimum,
3309 2913 3374 2953 ac
3408 2895 3522 2953 Deo

1945 3015 2133 3056 revera
2149 2999 2393 3067 dignum,
2413 2994 2694 3050 mediatori
2715 2992 2807 3047 Dei
2827 3001 2882 3044 et
2897 2989 3179 3045 hominum
3200 2987 3272 3055 ⁸⁸,
3301 2985 3523 3042 Christo

1944 3089 2220 3155 videlicet,
2251 3088 2592 3150 servabatur,
2622 3097 2718 3154 per
2745 3096 2931 3152 quem,
2960 3088 3015 3136 et
3041 3079 3096 3134 in
3130 3091 3384 3148 quocum
3413 3076 3525 3132 Deo

1947 3181 2183 3236 unimur.
2219 3198 2241 3232 ι
2270 3179 2392 3248 Ipse
2439 3177 2584 3233 enim
2637 3183 2722 3231 est
2769 3188 2872 3243 pax
2921 3181 3132 3236 nostra,
3162 3186 3184 3222 ι
3219 3166 3522 3225 secundum

1947 3271 2284 3341 Scripturas,
2317 3269 2406 3338 qui
2454 3266 2784 3334 interiacens
2827 3270 3105 3333 peccatum
3153 3256 3414 3321 sustulit.
3467 3265 3526 3312 et

1951 3377 2114 3434 puros
2153 3376 2270 3428 nos,
2312 3369 2367 3417 et
2410 3375 2506 3429 per
2537 3357 2800 3428 Spiritum
2848 3355 3061 3409 ablutos
3101 3351 3228 3418 sibi,
3259 3361 3315 3409 et
3331 3363 3430 3422 per
3463 3359 3527 3405 se

1948 3459 2060 3512 Dee
2087 3460 2142 3509 ct
2168 3449 2318 3506 Patri
2348 3447 2632 3518 conjunxit
2660 3455 2824 3516 atque
2857 3440 3154 3514 colligavit.

2023 3739 2190 3794 Vsus.
2228 3737 2316 3801 19,
2334 3735 2428 3790 20.
2464 3733 2532 3787 Et
2567 3733 2822 3798 sponsabo
2850 3739 2899 3786 te
2941 3730 3069 3784 mihi
3094 3728 3152 3782 in
3172 3723 3420 3796 familia,
3474 3731 3528 3779 et

1951 3833 2005 3887 in
2053 3829 2284 3901 judicio,
2308 3835 2357 3880 et
2399 3825 2454 3879 in
2479 3823 2859 3888 misericordia,
2909 3830 2960 3875 et
2991 3820 3047 3873 in
3077 3814 3525 3872 miserationibus.

1954 3924 2024 3979 Et
2054 3920 2308 3992 sponsabo
2323 3926 2371 3972 te
2384 3916 2514 3970 uti/ti
2542 3914 2596 3968 iu
2618 3912 2744 3981 ﬁde,
2760 3919 2809 3967 et
2840 3911 2972 3966 scies
2983 3909 3108 3980 Quid
3131 3921 3224 3978 ego
3242 3903 3517 3960 Dominus.

2025 4095 2218 4155 XXIX.
2249 4095 2544 4165 Perspicue
2595 4096 2837 4154 enarrat,
2897 4087 3018 4157 quis
3062 4085 3256 4141 modus
3301 4079 3531 4148 conjun-

1956 4191 2154 4249 ctionis
2206 4202 2327 4243 esse
2392 4193 2578 4256 queat,
2637 4192 2692 4236 et
2747 4181 2943 4249 quibus
3004 4176 3164 4230 rebus
3213 4170 3533 4228 moonomia

1957 4279 2275 4352 mysterium
2340 4286 2719 4344 processurum
2785 4269 2876 4323 sit.
2945 4285 2965 4317 ι
3010 4263 3066 4319 ln
3119 4262 3330 4334 justitia
3385 4261 3530 4317 enim

1956 4351 2086 4436 erit,
2137 4366 2333 4438 inquit,
2367 4366 2422 4420 in
2440 4361 2666 4434 judicio,
2700 4361 2754 4416 in
2777 4355 3170 4420 misericordia,
3201 4362 3258 4410 et
3280 4354 3334 4408 iu
3364 4351 3532 4408 mise-

1959 4461 2280 4520 rationibus.
2313 4476 2333 4512 ι
2386 4455 2644 4524 Quaenam
2673 4453 2837 4524 igitur
2863 4449 2936 4505 sit
2987 4446 3216 4519 iustitia,
3250 4444 3393 4515 quod
3451 4443 3534 4514 ju-

1879 4580 1927 4640 ι)
1959 4554 2178 4619 dicium,
2209 4559 2472 4622 pratterea
2494 4561 2616 4618 qua;
2639 4540 3035 4640 misericordia,
3055 4536 3342 4640 dicendum
3390 4534 3536 4592 vide-

1957 4654 2064 4700 tur.
2108 4635 2632 4712 ltaqaecirutuventi
2678 4649 2864 4691 sumus
2892 4631 3100 4694 miseri,
3141 4627 3384 4699 rapiente
3431 4639 3532 4683 nos

1953 4735 2008 4791 in
2061 4747 2266 4791 morem
2297 4729 2496 4787 atrocis
2528 4726 2715 4784 bestiae
2760 4724 2985 4790 Sam,
3043 4729 3099 4777 et
3140 4721 3194 4776 in
3287 4730 3533 4775 errorem

1956 4836 2170 4899 agente,
2201 4833 2260 4882 et
2297 4839 2396 4895 pro
2427 4820 2690 4878 arbitratu
2722 4831 2822 4874 suo
2840 4818 2898 4871 in
2925 4815 3131 4886 peccati
3159 4811 3368 4867 foveam
3394 4822 3536 4879 prs-

1957 4922 2237 4992 cipitante,
2296 4916 2430 4974 nihil
2498 4914 2769 4971 nobismet
2833 4909 2956 4981 opis
3007 4907 3206 4962 aﬂ’erre
3270 4901 3533 4959 valentes.

1958 5012 2099 5068 Vere
2131 5010 2276 5067 enim
2319 5006 2713 5069 crudelissima,
2753 5010 2809 5057 et
2854 4997 3266 5060 violentissima,
3322 5001 3377 5049 et
3433 4994 3535 5050 bo-

1959 5101 2167 5157 minum
2201 5096 2544 5154 interfectrix
2576 5093 2753 5150 bellua
2772 5100 2873 5147 est.
2896 5090 3076 5146 Rebus
3102 5095 3287 5142 autem
3339 5085 3537 5140 bumao

1960 5192 2046 5248 nis
2074 5192 2180 5246 huc
2204 5189 2550 5245 miseriarum
2584 5184 2844 5254 delapsis,
2873 5181 3096 5236 crebras
3126 5180 3334 5246 ‘preces
3390 5175 3534 5232 beati

1956 5286 2235 5355 prophetae
2275 5279 2573 5335 fundebant
2630 5276 2699 5332 ad
2781 5274 2972 5334 Deum,
3051 5269 3143 5338 qui
3215 5281 3538 5324 succurrere

1958 5381 2158 5443 potest,
2192 5381 2644 5436 communemque
2701 5365 2952 5420 humanae
2984 5368 3191 5415 natura;
3248 5371 3536 5428 personam

1962 5471 2171 5517 tantum
2225 5475 2330 5514 non
2367 5458 2670 5523 induentes,
2728 5453 3034 5521 adiutorem
3085 5459 3143 5504 et
3193 5446 3536 5503 auxiliarium

1961 5553 2030 5608 de
2060 5551 2211 5607 caelis
2245 5549 2505 5603 advenire
2534 5548 2728 5602 Filium
2757 5541 3088 5610 ﬂagitabant.
3119 5539 3211 5594 Ait
3272 5551 3402 5608 ergo
3451 5535 3537 5589 di-

1965 5643 2121 5696 vinus
2161 5637 2329 5693 David
2362 5655 2375 5690 :
2432 5654 2450 5688 ι
2498 5637 2695 5703 Surge,
2731 5633 2892 5698 Deus,
2943 5630 3120 5699 iudica
3171 5638 3368 5684 terram
3395 5624 3442 5658 ⁸⁸
3469 5640 3483 5684 ;
3513 5642 3531 5673 ι

350 5814 393 5844 ⁸⁸
427 5816 547 5871 Act.
569 5831 666 5880 νιι,
696 5815 783 5872 58.
861 5816 1120 5886 "Epltcs.
1147 5829 1203 5878 ιι,
1230 5813 1313 5868 iii.
1356 5814 1477 5845 70-”
1503 5813 1518 5833 ⁶
1547 5812 1699 5868 Deut.
1733 5824 1810 5874 ix,

1977 5805 2022 5836 ⁵⁸
2049 5803 2227 5858 lTim.
2267 5816 2327 5862 ιι,
2359 5799 2408 5851 5.
2488 5799 2528 5831 ⁸⁷
2551 5797 2747 5867 Epltes.
2774 5811 2832 5857 ιι.
2866 5795 2950 5849 Η.
3029 5794 3074 5823 ⁸⁸
3095 5789 3243 5844 Psal.
3271 5795 3456 5840 tum.
3480 5772 3536 5823 8ο
