4098 6276
545 431 622 490 95
1531 432 1587 487 S.
1629 431 1906 489 CYRILLI
1949 433 2416 492 ALEXANDRINI
2457 433 2772 492 AllCillEl’.
3739 435 3814 495 98

543 565 599 611 et
642 565 888 608 rursum:
928 569 946 604 ι
986 551 1150 618 Deus,
1185 551 1237 606 in
1269 551 1484 606 nomine
1513 560 1606 608 tuo
1629 553 1836 608 salvum
1879 570 1964 610 me
2005 553 2111 619 iac,

2233 557 2505 618 isanéoto;
2534 556 2722 621 Aa6l6,
2746 576 2764 610 ι
2807 554 3040 610 Ἀνάστα
3067 559 3095 611 6
3117 556 3271 622 Θεὸς,
3291 559 3473 629 κρῖνον
3513 555 3610 627 τήν
3642 559 3766 628 γῆν.
3786 583 3804 612 ι

544 660 599 699 et
627 647 678 698 iu
727 645 923 699 virtute
957 652 1046 696 tua
1075 642 1256 711 iudica
1305 645 1476 699 me”.
1521 662 1540 696 ι
1596 642 1870 700 Judicavit
1931 647 2117 715 itaque

546 739 600 792 in
640 736 842 803 iustitia
876 737 1034 799 Deus,
1076 744 1132 789 et
1187 736 1415 790 aﬂiictos
1473 737 1736 804 salvavit;
1791 737 2115 793 homicidam

543 837 721 883 autem
767 835 822 881 et
871 825 1186 896 pestiferum
1242 827 1500 882 Satanam
1559 830 1761 898 abegit,
1812 839 1867 882 et
1914 845 1944 884 a
1991 843 2106 884 cer-

543 917 748 974 vicibus
803 917 1003 971 nostris
1048 917 1266 985 repulit,
1342 917 1743 988 superbumque
1812 918 2116 973 daemonum

540 1010 900 1079 principatum
928 1008 1143 1063 evertit.
1190 1007 1252 1062 Et
1290 1009 1393 1063 hoc
1467 1010 1785 1082 mysterium
1838 1010 1951 1078 ipse
2023 1024 2119 1078 per

542 1101 780 1167 Seipsum
805 1096 1122 1163 declaravit,
1156 1097 1264 1170 55
1280 1115 1401 1154 cum
1420 1101 1576 1164 dixit,
1606 1116 1637 1168 p
1655 1116 1716 1154 ro
1737 1101 1978 1155 omnium
2007 1102 2117 1154 vita

541 1215 758 1254 crucem
802 1213 1172 1268 perpessurus.
1201 1213 1222 1248 ι
1282 1192 1433 1248 Nunc
1478 1191 1743 1261 iudicium
1796 1201 1879 1247 est
1936 1191 2118 1246 mundi

541 1291 724 1360 hujus,
767 1299 822 1344 et
859 1290 1106 1359 princeps
1135 1287 1319 1342 mundi
1373 1285 1533 1356 huius
1583 1284 1831 1352 ejicietur
1888 1281 2060 1337 foras.
2093 1299 2113 1335 ι

545 1382 611 1436 Et
645 1400 662 1432 ι
688 1380 800 1450 Ego
825 1378 1225 1433 cumexaltatus
1248 1376 1400 1431 fuero
1428 1390 1457 1429 a
1479 1385 1645 1439 terra,
1673 1371 1857 1428 omnia
1899 1371 2111 1425 traham

544 1472 611 1526 ad
645 1474 904 1539 meipsum
935 1471 1000 1522 ‘°.
1031 1487 1051 1521 ι
1092 1467 1200 1522 Nec
1237 1481 1368 1523 sane
1420 1467 1666 1522 volumus
1703 1467 1908 1524 dixisse
1943 1467 2119 1532 illum,

545 1565 662 1631 ipso
699 1573 938 1631 tempore
971 1561 1238 1615 adventus
1261 1558 1500 1612 futurum
1541 1558 1722 1612 mundi
1775 1558 1935 1625 hujus
1976 1557 2120 1626 judi-

545 1654 709 1709 cium.
746 1651 880 1706 Nam
912 1661 969 1706 ut
1024 1651 1250 1720 ipsemet
1301 1663 1516 1704 rursum
1580 1647 1683 1701 ait:
1721 1665 1742 1700 σ
1799 1647 1918 1702 Non
1974 1648 2123 1702 misit

545 1748 688 1801 Deus
720 1744 914 1800 Filium
942 1758 1098 1798 suum
1133 1742 1188 1796 in
1217 1737 1794 1806 muudum,utjudicet
1832 1740 2121 1807 mundum,

545 1837 639 1890 sed
669 1845 726 1888 ut
759 1833 999 1889 salvetur
1033 1831 1264 1886 mundus
1297 1845 1394 1902 per
1419 1830 1592 1898 ipsum
1639 1830 1681 1862 “
1709 1868 1722 1882 .
1763 1848 1786 1882 ι
1846 1827 2120 1884 Iudicium

2223 649 2333 702 Kal
2359 648 2521 703 πάλιν
2548 665 2563 680 ·
2599 667 2618 702 ι
2660 651 2719 702 Ὀ
2747 649 2898 713 Θεὸς,
2932 651 2991 704 ἐν
3020 648 3100 720 τῷ
3123 649 3347 721 ὀνόματί
3381 665 3476 702 σου
3507 648 3682 704 σῶσόν
3716 668 3813 722 με,

2223 739 2318 793 καὶ
2340 740 2398 793 ἐν
2422 742 2488 811 τῇ
2512 739 2738 811 δυνάμει
2770 756 2862 793 σου
2896 740 3078 811 κρῖνόν
3111 758 3202 810 με.
3242 759 3261 794 ι
3297 741 3521 810 Ἔκρινε
3542 739 3723 796 τοίνυν
3751 744 3817 798 ἐν

2222 832 2540 905 δικαιοσύνῃ
2561 835 2588 886 6
2608 831 2762 898 Θεὸς,
2789 832 2881 886 καὶ
2904 832 3109 887 σέσωκε
3136 833 3234 903 μὲν
3263 832 3390 897 τοὺς
3408 833 3779 904 ἠδικημένους
3793 849 3813 866 ⁸

2222 923 2314 978 τὸν
2346 925 2404 977 δέ
2441 925 2720 995 μιαιφόνον
2752 923 2844 979 καὶ
2878 924 3162 994 ἀλιτήριον
3198 924 3512 993 ἀπεσόὸησε
3542 926 3815 991 Σατανᾶν,

2225 1014 2318 1068 καὶ
2360 1015 2462 1085 τῆς
2517 1013 2637 1069 καθ’
2666 1014 2823 1086 ήμῶν
2876 1015 3167 1070 ἀπεώσατο
3202 1015 3516 1083 πλεονεξίας
3541 1055 3557 1079 ,
3588 1017 3682 1070 καὶ
3710 1018 3818 1091 τὴν

2225 1104 2458 1168 ἀλαζόνα
2493 1105 2600 1159 τῶν
2636 1105 2926 1177 δαιμονίων
2974 1106 3224 1160 καθεῖλεν
3269 1106 3464 1177 ἀρχήν.
3511 1107 3625 1160 Kal
3652 1107 3818 1163 τοῦτο

2226 1197 2356 1268 ἡμῖν
2383 1196 2445 1250 τὸ
2482 1197 2780 1269 μυστήριον
2808 1199 2971 1262 αὐτὸς
2990 1199 3057 1253 δι’
3088 1198 3282 1254 ἑαυτοῦ
3315 1199 3587 1269 διεσαφεϊ,
3615 1199 3814 1269 λέγων,

2235 1289 2327 1342 ὅτε
2352 1289 2445 1343 τὸν
2469 1289 2610 1360 ὑπὲρ
2643 1289 2746 1360 τῆς
2787 1289 3042 1346 ἁπάντων
3093 1290 3238 1362 ζωῆς
3271 1290 3494 1362 ἔμελλεν
3520 1292 3817 1362 ἀνατλῆναι

2228 1380 2459 1453 σταυρόν
2480 1399 2492 1411 ·
2531 1380 2675 1435 «Νῦν
2692 1382 2874 1453 κρίσις
2897 1384 3014 1437 ἐστὶ⁵
3030 1381 3128 1436 τοῦ
3147 1381 3354 1454 κόσμου
3377 1381 3590 1448 τούτου,
3607 1386 3702 1438 καὶ
3718 1385 3818 1455 ἀρ-

2226 1489 2336 1542 χων
2360 1471 2455 1526 τοῦ
2489 1473 2693 1543 κόσμου
2708 1473 2898 1526 τούτου
2917 1472 3322 1546 ἐκϐληθήσεται
3353 1473 3476 1541 ἔξω.
3493 1493 3513 1526 ι
3536 1475 3815 1543 -ιΚάγὼ

2229 1564 2324 1619 ἐὰν
2356 1565 2554 1635 ὑψωθῶ
2587 1567 2652 1619 ἐκ
2685 1566 2784 1637 τῆς
2816 1567 2939 1636 γῆς,
2975 1567 3158 1621 πάντα
3203 1567 3416 1621 ἑλκύσω
3458 1567 3597 1639 πρὸς
3637 1570 3813 1639 ἐμαυ-

2227 1655 2495 1709 τόν.›Καὶ
2525 1655 2585 1709 ού
2610 1656 2782 1728 δήπου
2812 1656 3010 1726 φαμὲν.
3031 1657 3114 1710 ὅτι
3144 1656 3325 1728 κρίσιν
3346 1657 3450 1726 ἔφη
3478 1656 3574 1710 τοῦ
3607 1657 3814 1728 κόσμου

2228 1747 2421 1798 τούτου
2437 1745 2764 1816 γενήσεσθαι
2782 1746 2912 1816 παρ’
2935 1745 3100 1800 αὐτοῦ
3119 1746 3263 1799 κατὰ
3281 1745 3372 1800 τὸν
3391 1745 3492 1816 τῆς
3524 1745 3817 1816 ἐπιδημίας

2230 1831 2440 1902 καιρόν.
2483 1833 2572 1894 Ὠς
2599 1832 2708 1904 γὰρ
2737 1832 2900 1894 αὐτὸς
2929 1831 3032 1903 ἔφη
3067 1833 3251 1898 πάλιν,
3290 1854 3308 1885 ι
3349 1834 3463 1887 Οὐκ
3494 1835 3818 1888 ἀπέστειλεν

546 1935 724 1980 autem
754 1939 875 1980 esse
904 1924 1035 1980 dicit
1061 1933 1262 1979 rectam
1302 1932 1364 1977 et.
1389 1921 1714 1992 inculpatum
1741 1921 1882 1976 velut
1924 1920 2122 1988 dijudi-

2233 1919 2254 1973 6
2285 1921 2418 1985 Θεὸς
2445 1921 2536 1976 τὸν
2562 1922 2691 1976 Υίὸν
2713 1922 2794 1986 είς
2807 1921 2902 1976 τὸν
2927 1923 3151 1993 κόσμον,
3171 1923 3258 1976 ἴνα
3283 1924 3442 1994 κρίνῃ
3471 1924 3561 1978 τὸν
3589 1925 3812 1995 κόσμον,

547 2019 813 2074 catiouem
843 2018 1087 2086 :justum
1121 2016 1265 2071 enim
1316 2015 1492 2080 nobis,
1527 2023 1582 2069 et
1615 2013 1687 2068 illi
1731 2014 1821 2082 jus
1853 2015 2010 2069 dixit.
2056 2013 2120 2068 Et

547 2111 776 2167 salvavit
805 2109 1021 2180 quidem
1059 2122 1157 2163 nos
1190 2107 1257 2162 ad
1284 2121 1344 2162 se
1373 2115 1604 2171 tractos,
1637 2114 1692 2160 et
1720 2105 1889 2161 nostri
1948 2105 2121 2160 domi-

547 2213 790 2267 nantem,
825 2218 887 2258 ac
941 2200 1273 2256 multimodis
1317 2213 1416 2254 nos
1469 2198 1779 2269 perdentem
1832 2196 2122 2268 tyrannide

546 2294 726 2364 eiecit.
761 2293 964 2348 Salvati
999 2306 1188 2348 sumus
1238 2290 1400 2360 igitur
1459 2289 1756 2344 miserante
1808 2303 1906 2343 nos
1985 2287 2116 2343 Deo.

553 2405 572 2440 ι
602 2371 891 2444 Justiiicati
927 2385 1072 2440 enim
1098 2397 1306 2447 sumus,
1357 2396 1463 2436 non
1492 2395 1558 2436 ex
1603 2379 1860 2451 operibus
1895 2378 2122 2450 iustitia

548 2495 670 2550 qua:
715 2477 942 2532 fecimus
971 2491 1090 2540 nos,
1119 2474 1214 2531 sed
1247 2472 1543 2528 secundum
1590 2472 1858 2540 magnanr
1910 2469 2123 2524 miseri-

549 2567 792 2624 cordiam
845 2566 1016 2634 ipsius
1042 2567 1110 2630 “,
1149 2582 1170 2616 ι
1204 2564 1346 2618 sicut
1367 2563 1626 2628 scriptum
1655 2571 1761 2616 est.
1792 2559 1980 2614 Vocati
2021 2576 2121 2614 au-

550 2667 660 2712 tem
687 2672 874 2714 sumus
903 2657 970 2711 ad
994 2652 1442 2710 necessitudinem
1469 2650 1804 2720 spiritualem
1820 2664 1914 2720 per
1936 2647 2121 2705 ﬁdem.

551 2752 630 2806 Ita
658 2759 838 2804 autem
893 2747 1092 2814 vocati,
1131 2759 1254 2802 eum
1281 2745 1370 2814 qui
1398 2753 1484 2799 est
1529 2750 1720 2796 natura
1765 2743 1907 2798 Deus
1959 2756 2126 2812 agno-

551 2843 746 2898 vimus.
773 2840 1002 2907 ldcirco,
1024 2838 1214 2910 inquit,
1255 2854 1275 2890 ι
1305 2835 1641 2906 desponsabo
1667 2844 1718 2890 te
1757 2834 1884 2889 mihi
1921 2833 1974 2888 in
1997 2834 2122 2899 iide,

553 2945 606 2991 et
630 2951 926 3008 cognosces
965 2933 1270 2988 Dominum.
1309 2949 1328 2982 ι
1364 2929 1645 2983 Praecessit
1665 2940 1795 2997 ergo
1827 2927 1982 2982 ﬁdes.
2035 2923 2127 2980 Sic

553 3037 737 3082 autem
801 3027 1020 3081 Christo
1075 3020 1453 3092 cognoscendo
1515 3033 1646 3088 Opes
1712 3017 2121 3087 acquisivimus.

556 3118 772 3184 Ethoc,
798 3125 852 3171 ut
909 3114 1166 3179 arbitror,
1202 3120 1284 3167 est
1342 3110 1485 3181 quod
1537 3109 1856 3180 quibusdam
1923 3110 2127 3164 dictum

556 3219 681 3266 est:
746 3226 767 3260 ι
840 3206 954 3262 Nisi
1021 3203 1383 3268 credideritis,
1443 3219 1547 3259 non
1611 3201 1921 3272 intelligetis
1988 3201 2066 3254 ⁸³.
2103 3218 2122 3252 ι

2225 2011 2341 2066 ἀλλ’
2367 2014 2452 2067 ἳνα
2483 2013 2627 2085 σωθῇ
2659 2015 2687 2068 6
2725 2014 2930 2085 κόσμος
2960 2015 3029 2069 δι’
3055 2014 3243 2068 αὐτοῦ.
3292 2033 3311 2066 ι
3349 2015 3540 2084 Κρίσιν
3569 2016 3624 2070 δέ
3668 2012 3811 2069 εἷναί

2228 2119 2382 2172 φησι,
2415 2103 2515 2175 τὴν
2567 2102 2734 2174 ὀρθὴν
2789 2104 2882 2157 καὶ
2927 2103 3230 2174 ἀμώμητον
3260 2103 3423 2156 οἱονεὶ
3455 2089 3814 2162 διαδικασίαν,

2226 2191 2486 2246 Δεδίκακε
2519 2193 2649 2264 γὰρ,
2675 2193 2752 2256 ώς
2775 2192 2932 2265 ἔφην,
2956 2193 3131 2264 ὀρθῶς
3182 2195 3314 2264 ἡμῖν
3335 2211 3395 2247 τε
3427 2194 3690 2264 κάκείνῳ,
3706 2195 3818 2254 Καὶ

2229 2281 2436 2336 σέσωκε
2473 2283 2572 2354 μὲν
2597 2283 2764 2354 ἡμᾶς,
2795 2283 3029 2347 ἑλκύσας
3056 2284 3192 2355 πρὸς
3236 2285 3428 2338 ἑαυτόν
3461 2300 3475 2313 ·
3514 2285 3815 2344 ἐκϐέϐληκε

2226 2373 2284 2428 δὲ
2335 2375 2433 2444 τῆς
2475 2373 2598 2427 καθ’
2631 2374 2788 2445 ήμῶν
2832 2375 3148 2446 τυραννίδος
3178 2373 3267 2428 τὸν
3303 2376 3725 2432 πλεονεκτοῦντά
3759 2395 3817 2432 τε

2228 2466 2325 2520 καὶ
2349 2465 2629 2521 διολλύντα
2671 2467 2952 2531 ποικίλως.
2979 2466 3309 2538 Σεσώσμεθα
3333 2467 3398 2540 δὴ
3421 2463 3514 2523 οῦν
3541 2469 3819 2536 ἐλεοῦντός

2228 2573 2290 2609 τε
2313 2558 2463 2627 ἡμᾶς
2512 2559 2606 2612 καὶ
2649 2559 3116 2632 κατοικτείροντος
3147 2559 3303 2614 Θεοῦ.
3337 2579 3355 2613 ι
3411 2561 3818 2633 Δεδικαιώμεθα

2229 2647 2359 2720 γάρ,
2389 2648 2489 2702 οὐκ
2524 2647 2583 2714 ἐξ
2613 2649 2789 2723 ἔργων
2802 2651 2907 2704 τῶν
2928 2653 2986 2705 ἐν
3007 2650 3324 2725 δικαιοσύνῃ
3347 2647 3424 2706 ὧν
3462 2655 3801 2724 ἐποιήσαμεν

2230 2743 2410 2813 ἡμεῖς,
2441 2742 2577 2798 ἀλλά
2621 2744 2761 2798 κατά
2792 2743 2852 2797 τὸ
2900 2744 3034 2799 πολὺ
3065 2743 3229 2798 αὐτοῦ
3269 2745 3438 2810 ἔλεος,
3483 2765 3502 2797 ι
3539 2745 3684 2800 καθά
3715 2745 3820 2812 ’γέ-

2230 2850 2492 2904 γραπται.
2526 2835 2859 2908 Κεκλήμεθά
2897 2854 2958 2891 τε
2992 2838 3129 2909 πρὸς
3162 2839 3472 2910 οἰκειότητα
3502 2837 3601 2910 τὴν
3653 2854 3816 2890 πνευο

2237 2927 2470 2997 ματικὴν
2497 2927 2587 2980 διά
2616 2928 2852 2990 πίστεως
2870 2945 2884 2959 ο
2923 2929 3254 2998 κεκλημένοι
3271 2947 3333 2983 τε
3359 2929 3521 2996 οὕτω,
3541 2930 3634 2984 τὸν
3663 2928 3824 2998 φύσει

2233 3017 2364 3070 Θεὸν
2408 3016 2747 3088 ἐγνώκαμεν.
2784 3018 2970 3090 Ταύτῃ
3004 3035 3086 3070 τοι
3134 3021 3301 3089 φησι·
3338 3039 3356 3072 ι
3397 3021 3506 3072 Καὶ
3555 3021 3826 3093 μνηστεύ-

2235 3107 2400 3176 σομαί
2450 3125 2508 3160 σε
2549 3108 2770 3180 ἐμαυτῷ
2816 3110 2872 3163 ἐν
2907 3111 3090 3163 πίστει
3111 3151 3123 3174 ,
3146 3110 3241 3164 καὶ
3271 3109 3549 3180 ἐπιγνώσῃ
3589 3113 3680 3163 τὸν
3707 3113 3828 3165 Κύς-

2238 3215 2371 3270 ριον.
2415 3217 2432 3252 t
2476 3199 2684 3255 Οὐκοῦν
2736 3202 3149 3272 προεκόἐϐηκεν
3188 3203 3220 3272 ἠ
3267 3200 3484 3267 πίστις,
3518 3200 3830 3274 πεπλουτήςρ

557 3297 761 3356 Christi
794 3313 922 3352 vero
951 3296 1267 3368 mysterium
1305 3295 1453 3350 clare
1497 3308 1694 3358 nosse;
1755 3303 1972 3348 aeterne
2001 3291 2127 3346 vita}

2233 3305 2408 3359 καμεν
2433 3289 2489 3343 δὲ
2518 3288 2690 3355 οὕτως
2719 3291 2814 3345 καὶ
2842 3293 2904 3346 τὸ
2951 3292 3149 3346 ειδέναι
3182 3291 3444 3362 Χριστόν,
3479 3292 3591 3346 Kal
3641 3293 3827 3362 τοῦτο,

557 3389 848 3461 participes
883 3387 1108 3443 reddere
1136 3402 1230 3442 eos
1277 3387 1368 3457 qui
1405 3386 1549 3457 digni
1591 3393 1736 3450 sunt,
1785 3383 1954 3440 Filius
2017 3383 2133 3452 ipse

557 3483 776 3538 Patrem
842 3480 1123 3536 caelestem
1223 3478 1506 3548 alloquens
1595 3485 1744 3532 certe
1813 3475 2132 3532 conﬁrmat:

563 3591 582 3624 ι
634 3572 757 3627 Haec
797 3581 883 3628 est
924 3571 1032 3625 vita
1087 3577 1330 3634 aeterna,
1380 3577 1438 3622 ut
1502 3573 1829 3638 cognoscant
1857 3575 1910 3619 te
1961 3564 2134 3620 solum

559 3680 746 3721 verum
775 3665 966 3729 Deum,
995 3671 1050 3715 et
1077 3675 1237 3729 quem
1269 3658 1466 3713 misisti
1493 3655 1680 3712 Jesum
1710 3656 1986 3712 Christum
2015 3655 2082 3710 “.
2111 3673 2133 3708 ι

2232 3376 2408 3450 οἶμαι,
2435 3381 2553 3434 ἐστὶ
2592 3383 2654 3435 τὸ
2700 3384 2836 3454 πρός
2868 3399 3020 3445 τινας
3057 3382 3347 3454 εἰρημένον
3375 3400 3389 3416 ο
3426 3401 3445 3435 ι
3485 3385 3582 3437 Ἂν
3611 3382 3718 3454 γὰρ
3751 3385 3832 3459 μὴ

2236 3470 2591 3541 πιστεύσητε,
2631 3472 2751 3525 οὐδὲ
2805 3471 2880 3542 μὴ
2917 3471 3133 3541 συνῆτε.
3177 3491 3196 3524 ι
3239 3473 3359 3526 Ὀτι
3393 3472 3450 3525 δὲ
3490 3471 3550 3526 τὸ
3583 3471 3825 3526 συνιέναι

2235 3559 2504 3632 λαμπρῶς
2548 3561 2612 3614 τὸ
2650 3561 2884 3633 Χριστοῦ
2921 3561 3246 3631 μυστήριον,
3273 3563 3374 3633 τῆς
3415 3561 3634 3616 αἰωνίου
3674 3561 3822 3638 ζωῆς

2238 3655 2604 3722 περιποιεῖται
2626 3653 2724 3724 τὴν
2759 3653 2974 3724 μέθεξιν
2994 3654 3106 3715 τοῖς
3141 3653 3282 3708 ἑλεῖν
3316 3653 3520 3721 ἀξίοις,
3553 3653 3826 3724 πληροφο-

559 3758 716 3829 ρήσει
743 3754 918 3824 λέγων
948 3753 1108 3817 αὐτὸς
1139 3754 1168 3807 6
1199 3752 1328 3816 Υἱὸς
1372 3751 1508 3822 πρὸς
1533 3749 1627 3803 τὸν
1652 3751 1713 3803 ἐν
1744 3751 1858 3812 τοῖς
1890 3747 2141 3821 οὐρανοῖς
2171 3744 2391 3816 Πατέρα
2420 3744 2514 3798 καὶ
2542 3744 2676 3800 Θεόν
2701 3761 2716 3777 ’
2763 3743 2943 3814 ιΑὖτη
2969 3743 3026 3797 δέ
3054 3745 3203 3798 ἐστιν
3236 3746 3270 3816 ή
3311 3744 3528 3810 αἰώνιος
3568 3745 3703 3818 ζωὴ,
3742 3746 3828 3807 ῖνα

556 3851 868 3922 γινώσκωσί
898 3867 958 3928 σε
983 3849 1074 3904 τὸν
1103 3848 1262 3918 μόνον
1291 3844 1545 3915 ἀληθινὸν
1574 3843 1728 3908 Θεὸν,
1758 3842 1852 3897 καὶ
1878 3841 1938 3895 ὃν
1967 3839 2294 3902 ἀπέστειλας
2318 3838 2546 3908 Ἰησοῦν.
2570 3859 2592 3893 ›

633 3943 792 3996 Vens.
841 3940 934 4002 ‘21,
961 3941 1052 3994 22.
1108 3937 1175 3992 Et
1207 3940 1302 3993 erit
1341 3939 1500 3991 indie
1529 3936 1644 4002 illa,
1679 3936 1808 3988 dicit
1853 3935 2129 4000 Dominus,

558 4033 842 4089 exaudiam
867 4030 1071 4095 caelum,
1100 4039 1144 4083 et
1171 4029 1355 4083 caelum
1383 4027 1628 4082 exaudiet
1654 4036 1870 4090 terram,
1915 4036 1962 4079 et
1991 4035 2135 4078 terra

557 4122 799 4179 exaudiet
855 4121 1200 4191 frumentum,
1252 4127 1303 4175 et
1350 4120 1547 4184 tinum,
1599 4127 1646 4172 et
1678 4118 1871 4182 oleum,
1903 4125 1956 4171 et
2015 4115 2133 4170 ipsa

557 4216 834 4270 exaudient
850 4211 1078 4268 Jezrael.

617 4388 1028 4446 XXX.Bursum
1041 4388 1131 4450 hic
1142 4387 1282 4443 diem
1299 4388 1569 4444 vocationi
1584 4377 1914 4444 conveniens
1927 4395 2137 4456 tempus

2307 3932 2420 3986 Kal
2466 3933 2638 3986 ἔσται
2685 3931 2757 3986 ἐν
2803 3931 3005 4002 ἐκείνῃ
3048 3932 3124 4003 τῇ
3148 3931 3356 4002 ἡμέρᾳ,
3394 3930 3555 4002 λέγει
3587 3932 3824 4000 Κύριοςν

2238 4025 2645 4094 ὲπακούσομαι
2665 4024 2746 4090 τῷ
2773 4023 3027 4094 οὐρανῷ,
3063 4025 3163 4080 καὶ
3206 4023 3390 4090 αὐτὸς
3422 4024 3819 4078 ἐπακούσεται

2239 4116 2315 4186 τῇ
2352 4116 2450 4187 τῇ,
2478 4117 2576 4171 καὶ
2619 4119 2656 4186 ἡ
2685 4116 2762 4187 γῆ
2794 4117 3198 4172 ἐπακούσεται
3225 4117 3332 4172 τὸν
3374 4117 3568 4182 σῖτον,
3595 4115 3692 4170 καί
3721 4114 3825 4168 τὸν

2239 4203 2408 4262 οἶνον
2435 4207 2536 4260 καὶ
2567 4207 2635 4261 τὸ
2673 4207 2902 4275 ἔλαιον,
2931 4208 3028 4264 καὶ
3058 4207 3212 4264 αὐτὰ
3253 4209 3696 4266 ἐπακούσονται
3717 4203 3823 4260 τοῦ

2254 4297 2530 4366 ’Ῑεζραέλ.

2310 4389 2393 4443 Λ’.
2442 4389 2690 4460 Ἡμέραν
2727 4389 2792 4460 δὴ
2821 4390 2983 4444 πάλιν
3033 4390 3092 4444 ἐν
3139 4390 3350 4454 τούτοις
3381 4392 3472 4445 τὸν
3518 4391 3582 4460 τῇ
3632 4387 3828 4460 κλήσει,

560 4489 858 4548 nuncupat.
909 4477 1006 4533 llic
1047 4477 1245 4546 quippe
1300 4478 1598 4546 Scriptura:
1651 4493 1823 4532 sacra:
1871 4492 1990 4533 mos
2027 4485 2127 4531 est.

2241 4480 2522 4550 πρέποντα
2572 4479 2935 4551 κατονομάξει
2985 4481 3206 4552 καιρόν·
3243 4482 3406 4548 τοῦτο
3454 4483 3561 4554 γάρ
3609 4479 3728 4544 ἔθος
3756 4481 3826 4550 τῇ

562 4571 621 4626 lu
662 4571 902 4626 omnium
951 4568 1116 4640 igitur
1162 4567 1450 4632 bonorum,
1487 4580 1977 4634 supernorumque,
2023 4575 2132 4620 eta

567 4663 679 4718 Deo
711 4660 1173 4729 suppeditatorum
1209 4658 1473 4712 donorum
1537 4655 1810 4712 aillueutia
1883 4654 2137 4711 lsraelem

562 4757 669 4812 ﬁde
709 4757 761 4811 in
794 4753 1067 4810 Christum
1109 4751 1397 4820 aliquando
1432 4750 1760 4805 illustratum
1797 4748 1884 4812 iri,
1908 4747 2010 4803 sub
2040 4761 2138 4803 ve-

563 4849 765 4903 lamine
812 4845 1047 4916 quodam
1094 4843 1355 4900 ostettdit.
1388 4841 1698 4898 Pluviarum
1747 4840 2013 4910 siquidem
2044 4853 2140 4895 co-

564 4941 710 5012 piam
757 4939 875 4995 fore
915 4945 1162 4992 autumat
1200 4936 1317 5006 ipso
1361 4942 1672 5000 annuente;
1711 4932 1814 4988 hoc
1859 4933 2002 4988 enim
2025 4931 2142 5003 opi-

567 5049 688 5099 nor,
738 5040 842 5098 est,
879 5029 1021 5100 quod
1063 5028 1280 5092 asserit,
1318 5045 1336 5079 ι
1365 5025 1650 5082 exaudiam
1675 5025 1894 5081 coelum.
1923 5043 1943 5076 ›
1998 5024 2140 5091 Quin

567 5133 622 5179 et
676 5125 730 5178 in
795 5134 940 5179 terra
1014 5121 1267 5176 deorsum
1334 5119 1652 5174 utilissimos
1707 5127 1764 5175 et
1801 5117 2142 5174 necessarios

571 5212 778 5268 fructus
846 5214 1004 5268 nobis
1063 5211 1247 5267 datum
1292 5209 1382 5265 iri.
1433 5207 1568 5264 Nam
1611 5211 1728 5265 sine
1791 5211 1900 5265 Deo
1929 5209 2035 5281 55
2087 5219 2144 5264 et

573 5320 807 5373 superno
841 5307 1137 5370 arbitratu,
1196 5315 1296 5358 nec
1335 5299 1534 5356 ccelum
1595 5299 1884 5370 aliquando
1934 5301 2140 5356 imbres

574 5397 628 5449 :‘u
677 5405 876 5450 terram
925 5397 1192 5462 demittet,
1245 5408 1344 5448 nec
1387 5402 1531 5447 terra
1579 5392 1869 5461 aliquando
1936 5391 2143 5446 fructus

577 5499 707 5540 suos
744 5486 1022 5554 producet.
1051 5486 1106 5541 id
1147 5486 1293 5558 quod
1334 5485 1512 5542 sciens
1545 5485 1806 5555 prOpheta
1839 5483 2104 5539 Jeremias
2125 5521 2141 5545 .

572 5576 764 5630 orabat
799 5592 856 5629 τι
902 5572 1151 5644 Nunquid
1196 5587 1277 5633 est
1319 5579 1370 5632 in
1414 5576 1573 5632 idolis
1599 5580 1838 5648 gentium
1899 5573 2143 5645 pluens?

575 5678 630 5723 ct
675 5668 717 5724 si
762 5665 962 5723 caelum
1000 5667 1150 5722 dabit
1189 5670 1488 5726 satietatem
1530 5683 1706 5736 suam,
1736 5680 1920 5723 nonne
1968 5675 2024 5720 tu
2083 5677 2144 5720 es

652 5848 695 5879 ’ν
729 5847 869 5904 Psal.
903 5862 1020 5906 ιιιι.
1054 5846 1108 5901 5.
1185 5843 1400 5901 “Joan.
1437 5846 1664 5914 xt:|,5l,
1696 5847 1783 5902 52.
1861 5846 1902 5878 ⁶¹
1943 5845 2094 5903 Joau.

2248 5846 2332 5902 17.
2411 5847 2456 5879 ⁶²
2489 5845 2593 5902 Tit.
2626 5861 2708 5913 tu,
2745 5845 2797 5901 5.

2239 4569 2583 4641 θεοπνεύστῳ
2643 4571 2859 4643 Γραφῇ.
2909 4572 3034 4626 Ὀτι
3106 4572 3284 4627 τοίνυν
3331 4575 3391 4628 ἐν
3455 4573 3705 4646 μεθέξει,
3733 4573 3830 4626 καὶ

2239 4661 2473 4733 ἀφθονίᾳ
2505 4659 2707 4726 παντὸς
2753 4661 2983 4732 ἀγαθοῦ,
3011 4662 3110 4717 καὶ
3139 4665 3247 4718 τῶν
3293 4663 3522 4730 ἀνωθεν,
3557 4667 3652 4719 καὶ
3677 4663 3830 4734 παρά

2239 4751 2376 4804 Θεόῦ
2409 4753 2763 4824 χαρισμάτων
2813 4753 2910 4808 καὶ
2951 4754 3116 4818 αὐτὸς
3168 4755 3318 4809 ἔσται
3363 4755 3505 4809 κατά
3549 4755 3776 4828 καιροὺς
3801 4755 3830 4808 6

2253 4837 2487 4911 Ἰσραὴλ,
2517 4844 2583 4913 τῇ
2613 4843 2691 4906 είς
2722 4842 2957 4915 Χριστὸν
2991 4843 3172 4898 πίστει
3196 4845 3688 4918 λελαμπρυσμένος
3707 4885 3722 4910 ,
3747 4846 3831 4899 al-

2242 4930 2602 5002 νιγματωδῶς
2635 4932 2943 5003 ὑποφαίνει.
2963 4934 3166 4988 Ὺετῶν
3187 4935 3296 5006 γὰρ
3321 4937 3582 5006 ἀφθονίαν
3614 4932 3833 4994 ἔσεσθαι

2239 5037 2424 5091 φησιν,
2449 5019 2612 5074 αὐτοῦ
2634 5021 3043 5088 κατανεύοντος.
3062 5022 3234 5078 Τοῦτο
3261 5025 3414 5096 γάρ,,
3438 5019 3736 5096 omenta-cl
3751 5020 3830 5088 τὸ,

2244 5129 2263 5163 ι
2286 5111 2689 5182 Ἐπακούσομαι
2703 5113 2781 5184 τῷ
2798 5113 3034 5186 οὐρανῷ.
3068 5133 3089 5166 ι
3116 5115 3226 5168 Καὶ
3246 5116 3353 5188 μὴν
3374 5117 3468 5170 καὶ
3483 5117 3545 5169 ἐν
3567 5115 3636 5186 γῇ
3658 5115 3830 5178 κάτω,

2237 5203 2364 5268 τοὺς
2412 5204 2495 5258 ὅτι
2555 5203 2789 5274 μάλιστα
2838 5204 3298 5276 χρειωδεστάτους
3348 5206 3443 5259 καὶ
3496 5201 3832 5271 ἀναγκαίους

2247 5298 2379 5368 ἡμῖν
2437 5295 2824 5368 ἐκδοθήσεσθαι
2887 5295 3167 5366 καρπούς.
3217 5298 3354 5352 Θεοῦ
3406 5298 3516 5368 γὰρ
3566 5296 3690 5366 δίχα
3735 5285 3832 5348 καὶ

2248 5389 2442 5461 βουλῆς
2473 5389 2572 5461 τῆς
2599 5388 2824 5452 ἀνωθεν,
2855 5387 2982 5443 οὕτ”
3007 5389 3074 5444 ἀν
3103 5391 3266 5454 αὐτός
3299 5407 3429 5444 ποτε
3463 5390 3579 5452 τοῖς
3612 5386 3706 5440 ἐπὶ
3729 5385 3833 5454 γῆς

2245 5479 2396 5540 οὖσιν
2411 5486 2440 5539 6
2467 5484 2711 5555 οὐρανὸς,
2747 5481 2858 5537 οῦτ⁹
2872 5483 2938 5537 ἂν
2963 5485 2996 5555 ἡ
3019 5484 3094 5554 γῆ
3114 5484 3207 5538 τὸν
3229 5485 3426 5538 οἰκεῖον
3448 5481 3589 5545 κατά
3607 5479 3834 5548 καιροὺς

2247 5576 2478 5648 ἀναφύοι
2509 5576 2740 5645 καρπόν.
2775 5577 2885 5630 Καὶ
2915 5575 3074 5629 τοῦτο
3107 5574 3260 5638 εἰδὼς
3285 5577 3313 5629 6
3354 5574 3638 5648 προφήτης
3670 5570 3834 5639 Ἰερε-

2251 5668 2402 5741 μίας,
2445 5667 2717 5738 ἐλιπάρει,
2740 5665 2916 5736 λέγων
2941 5683 2955 5698 ·
2985 5686 3004 5720 ι
3036 5667 3128 5739 Μὴ
3159 5666 3304 5720 ἔστιν
3348 5667 3406 5719 ἐν
3440 5665 3682 5726 εἰδώλοις
3721 5658 3833 5714 τῶν

2877 5847 2920 5880 ⁸³
2968 5847 3070 5903 lsa.
3104 5861 3194 5911 vn,
3215 5845 3266 5902 9.
3345 5846 3387 5878 “
3415 5844 3570 5901 Joan.
3604 5857 3739 5912 xm,
3765 5843 3820 5898 5.
