4098 6276
256 339 320 395 9'!
895 335 904 338 ’
1163 323 1720 388 COMMENTARIUS
1759 323 1824 378 IN
1865 322 2100 380 OSEAM
2137 320 2584 380 PROPHETAM.
3433 320 3508 380 93

258 454 424 511 ὲθνῶν
454 452 708 518 ὓετίζωνς
739 449 833 504 καὶ
864 447 914 503 εί
941 444 1171 519 οὐρανὸς
1194 444 1355 501 δώσει
1383 441 1702 515 πλησμονὴν
1737 441 1829 495 αὐ-

1940 441 2046 511 ipse
2089 441 2350 496 Dominus
2396 441 2537 495 Dens
2589 445 2774 493 noster
2803 434 2826 488 ?
2854 440 2909 490 et
2947 435 3379 505 exspectabimus
3432 449 3506 504 te,

256 546 374 610 τοῦ,
409 544 528 613 οὐχὶ
579 542 643 595 σὺ
674 536 727 593 εἰ
760 539 923 606 Θεός;
955 539 1050 592 καὶ
1105 533 1486 605 ὑπομενοῦμεν
1532 549 1612 596 σε,
1648 533 1729 587 ὅτι
1763 533 1828 586 σὺ

260 637 512 706 ἐποίησας
561 630 735 685 ταῦτα
791 629 989 684 πάντα.
1045 646 1065 680 ι
1113 626 1522 687 Κατανεύοντος
1570 622 1680 692 γὰρ
1703 663 1719 685 ,
1754 621 1830 685 ὡς

259 727 407 795 ἔφην,
439 723 534 776 τοῦ
553 720 909 794 δημιουργοῦ,
937 720 1034 774 καὶ
1061 717 1360 781 ἁπλοῦντος
1390 718 1490 788 τὴν
1537 718 1695 787 χεῖρα
1719 717 1831 779 τοῖς

257 814 346 867 ἐπὶ
369 813 467 883 τῆς
503 812 626 882 γῆς,
651 810 808 864 ὑετοῦ
840 810 940 880 μὲν
972 808 1124 863 ἔσται
1153 806 1317 877 δοτὴρ
1352 809 1381 861 ό
1409 805 1654 876 οὐρανὸς,
1695 821 1832 874 καρ-

254 905 366 958 πῶν
412 903 470 957 δὲ
500 900 812 970 ἀναγκαίων
869 902 1054 973 μήτηρ
1102 898 1238 969 ὁμοῦ
1294 896 1391 952 καὶ
1434 897 1630 968 τροφὸς
1657 897 1691 967 ή
1732 895 1828 965 γῆι

258 1014 277 1048 ι
319 993 726 1064 Ἐπακούσομαι
766 1010 786 1044 ι
817 992 999 1046 τοίνυν
1027 1027 1043 1054 ,
1067 989 1224 1060 φησι,
1269 987 1376 1058 «τῷ
1407 985 1674 1058 οὐρανῷ,ι
1711 984 1832 1039 ἀντὶ

249 1086 364 1149 τοῦ,
397 1085 716 1140 κατανεύσω
749 1082 1068 1138 καταθεῖναι
1102 1084 1214 1145 τοῖς
1243 1080 1340 1133 ἐπὶ
1362 1078 1464 1150 τῆς
1495 1078 1602 1148 γῆς
1623 1077 1829 1140 ὑετούς.

251 1173 325 1232 οὗ
345 1177 411 1248 δὴ
447 1174 1152 1245 γεγονότος,ιὲπακούσεται
1202 1172 1299 1226 καλ⁹
1349 1171 1511 1240 αὐτὴ,
1541 1170 1633 1223 τὸν
1664 1171 1829 1235 σῖτον,

246 1267 338 1320 τὸν
376 1261 523 1320 οἶνον
544 1307 560 1332 ,
588 1265 772 1320 καὶτὸ
812 1262 1356 1330 ἐλαιονμτουτέστιν,
1391 1259 1684 1330 ἀμφιλαφῆ
1719 1261 1834 1322 τοῖς

247 1356 491 1410 οἰκοῦσιν
519 1356 688 1425 αὐτὴν
710 1353 938 1408 ἐκδώσει
956 1353 1186 1423 καρπὸν,
1214 1351 1428 1416 οὐδενὸς
1454 1351 1834 1414 ἐκλελοιπότος

247 1449 354 1502 τῶν
385 1449 490 1502 ὅσα
517 1449 662 1501 ἐστὶν
692 1448 968 1517 ἀναγκαῖα
1001 1445 1098 1500 καὶ⁹
1142 1443 1388 1515 ζωαρκῆ.
1440 1443 1601 1498 Ἀλλὰ
1650 1441 1815 1497 ταυτὶ⁴

252 1540 350 1610 μὲν
376 1538 688 1611 ἱστορικῶς.

335 1631 471 1684 ’Δπὸ
491 1630 547 1683 δέ
571 1645 634 1697 γε
662 1629 769 1682 τῶν
795 1629 1144 1700 σωματικῶν,
1175 1629 1253 1692 ὡς
1293 1626 1352 1693 ἐξ
1381 1626 1587 1691 είκόνος
1611 1626 1834 1698 ἐναργεί-

251 1719 459 1790 στάτης
519 1721 817 1791 ἁναφοιτᾷν
861 1721 1153 1789 ἀναγκαῖον
1203 1718 1296 1771 ἐπὶ
1348 1717 1417 1771 τὰ
1467 1717 1830 1787 πνευματικά.

1929 532 2057 601 quia
2089 539 2144 584 ιιι
2172 529 2348 584 fecisti
2373 531 2486 585 haec
2509 529 2690 584 omnia
2711 527 2855 580 “'“.
2879 545 2898 578 ι
2916 527 3200 582 Annueute
3221 527 3366 582 enim
3387 529 3508 596 opi-

1930 619 2054 686 fice,
2081 629 2141 676 ut
2178 620 2308 684 dixi,
2337 627 2395 674 et
2439 634 2657 673 manum
2700 633 2861 687 super
2910 630 3110 673 terram
3150 618 3507 683 extendente,

1931 710 2132 765 caelum
2165 709 2424 778 pluviam,
2471 716 2526 762 et
2575 707 2786 762 fructus
2835 708 3031 776 quibus
3093 722 3313 777 egemus
3364 718 3509 762 terra

1930 798 2096 856 simul
2129 808 2323 864 mater,
2359 806 2412 854 et
2443 798 2627 853 nutrix
2646 797 3028 867 suppeditabit.
3053 798 3145 852 Ait
3169 814 3327 869 ergo:
3360 817 3379 850 ι
3406 799 3512 852 Ex.

1937 890 2155 945 audiam
2191 888 2415 953 celum,
2467 908 2486 942 ι
2518 904 2637 960 pro,
2682 903 2917 943 annnam
2951 899 3010 943 ut
3053 889 3232 958 pluvia
3288 891 3507 946 humum

1935 981 2144 1052 irriget.
2175 979 2292 1047 Quo
2323 979 2466 1035 facto
2484 989 2541 1036 et
2566 981 2677 1049 ipsa
2709 997 2728 1031 ι
2755 979 3008 1034 exaudiet
3045 980 3304 1044 triticum,
3327 982 3507 1034 vinum

1935 1079 1992 1128 et
2034 1071 2231 1140 oleum,
2272 1091 2292 1124 ι
2335 1072 2438 1127 hoc
2464 1079 2550 1127 est
2591 1071 2890 1125 ubertatem
2933 1069 3202 1124 fructuum
3247 1071 3510 1140 indigenis

1932 1159 2046 1214 suis
2085 1161 2414 1230 procreabit,
2446 1160 2592 1216 nullo
2626 1176 2814 1216 eorum
2850 1160 3154 1225 deﬁciente,
3178 1175 3298 1230 quae
3336 1163 3403 1216 ad
3431 1162 3512 1215 vi-

1934 1261 2042 1306 tam
2074 1253 2327 1307 tuendam
2373 1254 2670 1309 necessitas
2717 1252 2972 1324 postulat.
3024 1253 3093 1308 Et.
3121 1254 3236 1309 haec
3291 1253 3508 1324 quidem

1929 1344 2000 1401 ad
2039 1359 2263 1403 sensum
2311 1345 2650 1403 historicum.

2000 1616 2047 1673 Α
2084 1618 2365 1689 corporeis
2410 1628 2612 1687 autem,
2642 1626 2702 1675 ut
2727 1619 2794 1674 ab
2832 1620 3065 1691 imagine
3106 1621 3509 1678 evidentissima

1935 1710 2000 1765 ad
2034 1712 2336 1782 spiritualia
2375 1712 2702 1768 redeundum
2742 1721 2844 1769 est.
2869 1714 3114 1780 Quandiu
3150 1714 3292 1768 enim
3325 1715 3508 1782 Israel,

253 1809 400 1874 Ἕως
436 1810 535 1880 μὲν
570 1810 680 1881 γὰρ
713 1809 924 1880 ὲξήνιος
942 1805 1032 1879 ἦν,
1056 1808 1150 1862 καὶ
1171 1807 1423 1879 ἀπειθὴς,
1456 1807 1550 1860 καὶ
1571 1805 1835 1876 θεομάχος

1940 1803 2092 1856 vinea
2129 1801 2340 1858 Domini
2371 1823 2390 1856 ι
2417 1804 2622 1860 novella
2659 1804 2924 1876 plantatio
2964 1813 3018 1860 et
3062 1805 3260 1860 dilecta
3280 1807 3346 1872 δ’,
3369 1825 3389 1859 ι
3421 1821 3509 1862 re—

252 1898 282 1950 ό
324 1898 568 1969 Ἰσραὴλ,
595 1900 623 1952 ό
644 1897 902 1968 ἀμπελὼν
925 1896 1152 1966 Κυρίου,
1187 1915 1206 1948 ι
1243 1896 1316 1949 Τὸ
1344 1894 1598 1963 νεόφυτον
1621 1894 1682 1947 τὸ
1699 1897 1838 1964 ἢγα-

256 1987 506 2058 πημένον
532 2027 548 2052 ,
582 2005 603 2038 ι
650 1986 952 2040 ἐνετέλλετο
983 1987 1103 2048 ταῖς
1148 1985 1401 2054 νεφέλαις
1431 1984 1458 2036 ό
1478 1983 1608 2046 Θεὸς
1637 1981 1732 2035 τοῦ
1763 1983 1838 2054 μὴ

254 2079 448 2150 βρέξαι
475 2080 555 2140 εἰς
575 2078 734 2131 αὐτὸν
752 2077 924 2132 ὑετόν.
947 2077 1195 2147 Νεφέλας
1213 2075 1271 2128 δὲ
1291 2074 1510 2144 νοητέον
1533 2073 1633 2137 τὰς
1678 2074 1840 2142 ἁγίας

251 2171 350 2224 καὶ
397 2170 598 2241 νοητὰς
641 2171 898 2240 δυνάμεις
946 2170 1046 2234 τὰς
1084 2170 1290 2224 ἄνωθεν
1336 2169 1430 2223 καὶ
1467 2169 1525 2236 ἐξ
1571 2168 1835 2241 οὐρανῶν,

249 2262 317 2315 δι’
347 2255 425 2316 ὧν
460 2263 527 2316 ἂν
547 2262 758 2332 γένοιτο
786 2262 925 2333 πρὸς
951 2263 1100 2333 ἡμᾶς
1129 2264 1158 2315 ό
1193 2262 1293 2332 τῆς
1321 2262 1720 2333 παρακλήσεως
1751 2259 1841 2314 λό-

253 2369 372 2421 γος,
401 2353 558 2423 δῆλον
581 2353 636 2406 δὲ
664 2353 746 2406 ὅτι
771 2351 922 2423 παρὰ
943 2351 1100 2406 Θεοῦ.
1137 2353 1432 2422 Πνεύματα
1457 2353 1565 2423 γάρ
1596 2353 1703 2405 είσι
1730 2351 1839 2404 λειο

253 2442 540 2513 τουργικά,
566 2443 708 2495 κατὰ
726 2442 825 2513 τὴν
849 2440 942 2494 τοῦ
969 2441 1240 2513 μακαρίου
1257 2440 1472 2494 Παύλου
1501 2440 1705 2511 φωνὴν,
1727 2440 1840 2495 ἄνω

251 2550 310 2586 τε
345 2537 441 2588 καὶ
467 2534 617 2588 κάτω
638 2533 948 2595 διαθέοντα,
986 2533 1081 2585 καὶ
1100 2532 1540 2603 ἀποστελλόμενα
1562 2531 1699 2604 πρὸς
1723 2532 1841 2586 δια-

249 2627 466 2689 κονίαν,
510 2625 600 2678 διὰ
651 2626 778 2687 τοὺς
829 2624 1116 2694 μέλλοντας
1149 2625 1503 2694 κληρονομεῖν
1537 2623 1838 2693 σωτηρίαν.

266 2715 494 2786 Ἐπειδὴ
525 2715 582 2767 δὲ
612 2713 942 2785 παρῴχηκεν
968 2717 996 2768 ό
1014 2714 1115 2783 τῆς
1140 2715 1292 2784 δίκης
1319 2716 1531 2784 καιρὸς,
1569 2713 1841 2766 σέσωσται

253 2806 349 2860 διὰ
407 2805 647 2868 πίστεως
697 2807 726 2858 ὁ
782 2804 956 2858 πάλαι
999 2806 1342 2875 κυριοκτόνος
1390 2806 1484 2858 καὶ
1539 2803 1840 2876 παρεδέχθη

254 2897 452 2950 λοιπὸν
479 2898 538 2950 ἐν
572 2895 909 2968 δικαιοσύνῃ,
955 2895 1048 2948 καὶ
1083 2899 1141 2949 ὲν
1184 2897 1444 2968 κρίματι,
1477 2898 1569 2951 καὶ
1604 2898 1664 2949 ὲν
1709 2895 1843 2967 έλέῳ

253 2988 356 3043 καὶ
388 2989 696 3060 οἰκτιρμοῖς
719 3027 734 3052 ,
765 2989 861 3041 καὶ
888 2987 1126 3057 καθῆκεν
1155 2989 1302 3059 αὐτῷ
1325 2990 1425 3054 τὰς
1453 2989 1660 3044 ἄνωθεν
1688 2988 1841 3042 εὐλο-

255 3082 408 3150 γίας,
443 3101 461 3134 ι
507 3081 564 3134 '0
602 3081 782 3135 πάντα
818 3081 952 3133 πᾶσι
1007 3077 1276 3144 πλουσίως
1313 3080 1580 3152 διανέμων
1628 3079 1781 3143 Θεός.
1814 3098 1834 3132 ι

272 3172 607 3227 Ἐνετείλατο
655 3173 765 3243 γὰρ
793 3175 912 3236 ταῖς
966 3171 1218 3240 νεφέλαις
1247 3172 1490 3226 καθεῖναι
1520 3173 1612 3227 τὸν
1645 3172 1800 3226 ὑετὸν
1824 3213 1840 3236 ,

264 3261 367 3332 τὴν
408 3263 485 3327 είς
517 3262 642 3318 νοῦν
684 3264 779 3317 καὶ
813 3263 1041 3334 καρδίαν
1089 3262 1433 3334 παράκλησίν
1484 3281 1646 3335 φημι.
1695 3263 1842 3333 Πλὴν

269 3351 357 3403 ὃτι
392 3351 486 3404 καὶ
519 3351 656 3422 αὐτὴ
684 3351 790 3404 τῶν
818 3352 1064 3420 ἀγγέλων
1103 3353 1135 3421 η
1176 3349 1338 3418 φύσις
1382 3349 1532 3403 οὐδὲν
1586 3349 1685 3418 μὲν
1715 3348 1844 3402 ῐδιον

272 3437 416 3508 ιχει,
449 3439 658 3492 πλουτεῖ
685 3439 742 3492 δὲ
774 3441 949 3494 πάντα
980 3439 1132 3510 παρὰ
1158 3437 1316 3501 θεοῦ,
1345 3437 1614 3508 δεδίδαχεν
1635 3435 1805 3490 είπών
1827 3454 1842 3469 ο

283 3548 302 3580 ι
342 3527 742 3596 Ἐπακούσομαι
772 3529 846 3600 τῷ
873 3528 1086 3602 οὐρανῷ
1112 3571 1128 3594 ,
1182 3547 1203 3581 ι
1242 3529 1510 3592 τουτέστι,
1552 3527 1846 3598 πληρωτὴν

272 3619 386 3672 τῶν
414 3620 538 3690 παρ’
558 3618 692 3690 ἐμοῦ
721 3621 930 3692 ποιήσω
958 3620 1049 3674 τὸν
1076 3620 1302 3690 οὐρανὸν
1326 3660 1340 3684 ,
1386 3620 1505 3690 ἦτοι
1534 3620 1658 3682 τοὺς
1684 3619 1844 3685 ὄντας

271 3711 331 3763 ἐν
369 3711 614 3783 οὐρανῷ,
655 3709 876 3782 λογικὰς
926 3712 1168 3782 δηλονότι
1216 3712 1309 3765 καὶ
1343 3711 1504 3779 ἁγίας
1553 3710 1842 3781 δυνάμεις,

267 3801 415 3854 ὥστε
445 3803 700 3859 δύνασθαι
743 3805 838 3858 καὶ
880 3805 1050 3868 αὐτὰς
1082 3804 1417 3874 παρακαλεῖν
1442 3804 1569 3867 τοὺς
1605 3803 1846 3874 ἠλεημέ-

262 3911 421 3960 νους,
447 3897 534 3949 καὶ
562 3896 682 3950 τότε
729 3896 796 3967 δὴ
822 3896 1041 3959 πάντως
1072 3914 1090 3948 ι
1141 3894 1538 3949 Ἐπακούσεται
1563 3896 1597 3964 ή
1643 3894 1718 3963 γῆ
1754 3893 1848 3946 τὸν

259 3989 442 4052 σῖτον,
475 3987 569 4040 καὶ
589 3986 683 4040 τδν
716 3983 878 4051 οἶνον,
912 3986 1087 4040 καὶτὸ
1115 3986 1312 4041 ἔλαιον.
1342 4005 1362 4038 ι
1395 3986 1543 4039 ’Δντὶ
1565 3983 1682 4050 τοῦ,
1709 4001 1848 4054 καρ-

257 4077 676 4145 ποφορήσουσιν
703 4078 752 4127 οἱ
783 4076 875 4128 ἐπὶ
895 4075 996 4143 τῆς
1011 4077 1110 4144 γῆς
1138 4076 1328 4129 ἐλπίδα
1353 4076 1451 4145 τὴν
1479 4075 1572 4128 ἐπὶ
1595 4075 1730 4146 ζωῇ,
1752 4075 1848 4128 καὶ

255 4166 622 4238 εὐφροσύνῃ,
666 4165 762 4218 καὶ
812 4165 1108 4234 ίλαρότητι.
1148 4165 1260 4216 Καὶ
1297 4166 1442 4234 ζωῆς
1489 4165 1588 4233 μὲν
1621 4165 1787 4226 τύπος
1820 4164 1850 4215 ὁ

257 4260 422 4320 σῖτος
447 4297 462 4321 ,
506 4251 646 4321 οἶνός
673 4272 736 4324 γε
767 4255 874 4327 μὴν
916 4254 1272 4327 εὐφροσύνης,
1314 4253 1632 4325 ἱλαρότητος
1663 4253 1720 4307 δὲ
1758 4255 1851 4308 καὶ

253 4352 487 4420 εὐεξίας
510 4351 572 4404 τὸ
599 4351 798 4408 ἔλαιον.
829 4353 1042 4406 Ἔνεστι
1073 4353 1178 4423 γὰρ
1202 4352 1265 4423 δὴ
1288 4354 1402 4414 τοῖς
1428 4353 1850 4407 πεπιστευκόσιν

1936 1893 2092 1949 bellis
2121 1904 2176 1950 et
2219 1895 2550 1962 incredulus,
2587 1907 2641 1952 et
2673 1896 2766 1952 Del
2803 1896 3146 1952 adversarius
3174 1896 3294 1962 fuit,
3358 1913 3512 1952 man-

1938 1985 2102 2040 dabat
2142 1985 2379 2042 nubibus
2417 1985 2591 2054 Dens,
2633 2002 2702 2042 ne
2748 1987 2994 2058 pluerent
3031 2002 3195 2056 super
3237 2002 3358 2042 eam
3437 1977 3508 2034 "-

1937 2075 2118 2131 Nubes
2152 2087 2328 2133 autem
2386 2087 2604 2143 sanctae,
2632 2087 2686 2134 et
2740 2093 2876 2149 quas
2909 2079 3105 2135 mentis
3145 2079 3320 2135 oculis
3354 2079 3506 2135 vide:

1938 2183 2076 2232 mus,
2101 2169 2330 2224 virtutes
2367 2169 2732 2241 intelligenda:
2769 2180 2919 2235 sunt,
2957 2185 3208 2240 superna:
3237 2180 3292 2226 et
3348 2172 3511 2227 cmico

1937 2267 2058 2315 stes
2083 2261 2334 2315 videlicet
2370 2276 2469 2331 per
2506 2277 2642 2332 quas
2683 2276 2864 2317 sermo
2889 2263 3284 2318 exhortationis
3321 2264 3388 2316 ad
3409 2277 3512 2318 nos

1939 2367 2258 2423 permanare
2289 2354 2481 2422 possit,
2504 2353 2686 2420 alDeo,
2716 2354 2953 2423 inquam,
2981 2353 3102 2409 sine
3123 2357 3516 2409 controversia.

1940 2445 2080 2501 Sunt
2096 2446 2237 2500 enim
2255 2447 2477 2517 spiritus
2495 2447 3128 2514 administratorii,juxta
3144 2449 3359 2501 beatum
3377 2445 3515 2500 Pau-

1940 2536 2073 2603 lum,
2095 2553 2307 2593 sursum
2325 2548 2380 2592 et
2397 2539 2646 2594 deorsum
2665 2540 3060 2604 discurrentes,
3078 2548 3164 2593 ret
3177 2538 3324 2593 missi
3344 2539 3395 2592 in
3414 2538 3516 2592 mi-

1941 2630 2218 2684 nisterium
2262 2640 2480 2702 propter
2519 2645 2613 2686 eos
2639 2631 2728 2700 qui
2759 2633 3126 2687 ltmreditatem
3173 2632 3390 2700 capiunt
3423 2645 3514 2685 sa-

1941 2719 2070 2775 lutis
2109 2719 2178 2774 ⁵³.
2210 2738 2229 2771 ι
2269 2718 2370 2772 Ast
2399 2720 2490 2774 ubi
2543 2729 2752 2788 tempus
2779 2719 3002 2773 ultionis
3027 2720 3308 2789 praeteriit,
3342 2719 3520 2774 salvan

1943 2819 2032 2864 tus
2065 2817 2150 2863 est
2188 2821 2286 2875 per
2313 2806 2345 2860 fi
2371 2809 2492 2861 dem
2529 2815 2684 2861 vetus
2733 2807 2942 2862 Domini
2976 2807 3307 2874 interfector,
3342 2823 3408 2863 ac
3450 2809 3518 2862 de

1941 2913 2142 2960 ctetero
2179 2909 2487 2971 assumptus
2515 2908 2600 2954 est
2627 2901 2680 2954 in
2725 2899 2967 2968 iustitia,
3011 2910 3067 2955 et
3101 2900 3327 2968 judicio,
3357 2909 3413 2955 et
3459 2900 3516 2954 in

1942 2993 2340 3059 misericordia,
2369 2991 2682 3062 dimisitque
2719 2992 2767 3046 ei
2830 2992 3233 3047 benedictiones
3285 2991 3356 3046 ab
3407 2991 3520 3047 alto

1943 3084 2148 3150 Deus,r
2183 3083 2275 3152 qui
2318 3081 2591 3138 distribuit
2634 3082 2883 3136 omnibus
2923 3079 3204 3138 aﬂuenter
3229 3083 3296 3135 “.
3323 3101 3341 3135 ι
3368 3081 3519 3138 Man-

1946 3177 2089 3231 davit
2124 3174 2268 3229 enim
2328 3173 2562 3228 nubibus
2601 3172 2875 3229 dimittere
2925 3173 3152 3243 pluvias,
3183 3174 3518 3229 exhortatio-

1946 3280 2089 3330 nem,
2121 3265 2362 3333 inquam,
2413 3264 2466 3317 in
2519 3273 2755 3318 mentem
2800 3272 2962 3332 atque
2994 3278 3108 3317 cor.
3144 3262 3522 3318 Verumenint-

1945 3370 2074 3412 vero
2141 3369 2240 3410 nec
2298 3355 2470 3423 ipsam
2532 3353 2844 3425 angelorum
2897 3362 3145 3408 naturam
3221 3354 3514 3424 quidquan.

1947 3448 2150 3503 habere
2217 3446 2495 3516 proprium
2546 3460 2612 3500 ac
2663 3445 2850 3514 suum},
2897 3459 3085 3500 omnes
3148 3454 3326 3501 autem
3389 3433 3522 3516 opes

1945 3553 2071 3594 suas
2095 3552 2124 3591 a
2154 3537 2263 3592 Deo
2296 3544 2640 3592 consecutam
2670 3535 2883 3601 docuit,
2921 3537 3026 3591 illis
3046 3536 3226 3591 verbis
3254 3553 3269 3588 :
3307 3536 3519 3590 «Exau-

1944 3630 2087 3684 diam
2125 3628 2378 3695 calum,»
2424 3629 2524 3682 hoc
2568 3636 2672 3691 est,
2705 3641 2988 3682 munerum
3021 3642 3262 3682 meorum
3301 3625 3510 3696 largum

1947 3721 2374 3790 dispensatorem
2427 3717 2621 3772 faciam
2666 3715 2882 3780 emtum,
2908 3715 3022 3770 sive
3064 3715 3516 3781 cmlicolas,con-

1947 3810 2068 3865 silio
2105 3809 2359 3864 nimirum
2405 3805 2658 3878 praeditas
2725 3812 2781 3861 et
2809 3815 3025 3862 sanctas
3078 3806 3325 3871 virtutes,
3353 3819 3412 3863 ut
3463 3817 3520 3864 et

1947 3903 2078 3971 ipsa:
2110 3899 2535 3955 misericordiam
2581 3907 2902 3953 consecutos
2956 3899 3231 3954 exhortari
3290 3901 3515 3969 possint.

1947 3993 2015 4047 Et
2057 4002 2183 4048 tunc
2218 3992 2374 4061 plane
2398 4009 2419 4044 ι
2458 4001 2599 4046 terra
2647 3990 2897 4045 exaudiet
2928 3989 3290 4054 frumentum,
3326 3991 3511 4045 vinum

1948 4090 2006 4137 et
2044 4080 2244 4147 oleum,
2291 4100 2310 4133 ι
2348 4095 2446 4150 pro
2479 4079 2713 4133 fructum
2749 4078 2919 4132 ferent
2969 4080 3059 4146 qui
3090 4087 3218 4132 sunt
3249 4079 3302 4132 in
3355 4088 3519 4145 terra,

1949 4187 2097 4242 spem
2145 4170 2286 4236 vitae,
2313 4169 2532 4233 laetitia,
2564 4167 2951 4222 hilaritudinis.
2997 4167 3065 4222 Et
3098 4177 3256 4238 typus
3299 4169 3518 4239 quidem

1950 4262 2072 4317 vita:
2105 4261 2430 4315 frumentum
2467 4269 2590 4325 est;
2633 4259 2815 4313 vinum
2853 4269 3032 4315 autem
3079 4259 3296 4327 laetitia,
3340 4262 3516 4318 oleum

1949 4353 2260 4416 hilaritatis,
2296 4360 2352 4406 et
2388 4351 2542 4408 bonae
2574 4351 2923 4407 habitudinis.
2973 4350 3082 4424 56
3111 4351 3253 4408 Inest
3289 4354 3430 4407 enim
3464 4355 3519 4408 in

254 4444 425 4507 ἐλπὶς
455 4443 658 4515 ἀγαθὴ,
689 4443 881 4514 βεϐαία
907 4460 966 4497 τε
996 4443 1091 4497 καὶ
1140 4443 1530 4516 έρηρεισμένη.
1566 4443 1677 4498 Καὶ
1711 4445 1838 4498 ἀπο-

1949 4445 2036 4499 his
2077 4445 2169 4515 qui
2204 4444 2548 4501 crediderunt
2592 4444 2754 4512 bona,
2783 4451 2838 4498 et
2869 4455 3147 4510 constans,
3197 4454 3252 4500 et
3300 4446 3512 4500 ﬁrmata

253 4537 434 4606 φοιτᾷ
477 4535 576 4605 μέν
607 4552 692 4599 τις
737 4535 840 4606 τῆς
876 4535 1248 4606 φαυλότητος,
1303 4535 1513 4604 ἐφίεται
1553 4534 1609 4588 δὲ
1645 4536 1848 4599 παντὸς

1951 4548 2094 4603 spes.
2126 4533 2190 4588 Et
2224 4534 2427 4590 recedit
2463 4533 2585 4602 quis
2620 4532 2688 4587 ab
2717 4531 3100 4601 improbitate;
3130 4543 3320 4589 contra
3362 4549 3524 4589 omne

253 4626 499 4696 ἀγαθοῦ,
534 4627 628 4680 καὶ
663 4628 775 4690 τοῖς
818 4627 912 4681 τοῦ
959 4628 1212 4698 Σωτῆρος
1249 4625 1432 4696 ζυγοῖς
1464 4626 1728 4697 ὑποφέρει
1755 4626 1838 4679 τὸν

1952 4626 2152 4680 bonum
2203 4624 2425 4693 appetit,
2460 4633 2517 4678 et
2551 4623 2846 4680 Salvatoris
2891 4623 3021 4694 jugo
3070 4625 3336 4682 cervicem
3385 4624 3519 4680 sub-

250 4720 495 4790 αὐχένα,
525 4719 684 4788 καλῇ,
711 4719 807 4771 καὶ
837 4717 1216 4790 ἀναμφιϐόλῳ,
1258 4718 1354 4772 καὶ
1382 4717 1572 4789 ἀληθεῖ
1610 4717 1673 4788 δὴ
1713 4716 1838 4770 πάν-

1954 4714 2140 4781 mittit,
2170 4713 2329 4778 bona,
2360 4724 2416 4770 et
2443 4715 2665 4771 minime
2708 4715 2891 4780 dubia,
2932 4725 2989 4771 et
3013 4731 3140 4771 vera
3183 4717 3402 4773 omnino
3429 4731 3524 4785 spe

249 4828 370 4873 τως
401 4807 586 4860 ἐλπίδι
615 4809 944 4880 τρεφόμενος
1002 4810 1102 4881 τῆς
1130 4811 1212 4872 είς
1237 4810 1301 4862 τὸ
1326 4809 1516 4880 μέλλον
1553 4809 1717 4879 ζωῆς,
1752 4808 1838 4861 καὶ

1953 4809 2080 4863 vitae
2112 4808 2304 4863 futurae
2382 4816 2714 4864 sustentatus
2736 4848 2752 4872 ,
2782 4818 2841 4864 ut
2877 4825 2980 4864 una
3011 4824 3134 4865 cum
3175 4811 3376 4866 sanctis
3403 4810 3523 4866 aliis
3627 4840 3631 4844 ν

250 4900 346 4953 ἵνα
376 4899 505 4961 τοῖς
523 4897 702 4961 ἄλλοις
729 4899 900 4967 ἁγίοις
936 4899 1140 4972 ἀναμὶξ
1176 4899 1562 4971 εὐφραίνηται,
1610 4899 1704 4953 καὶ
1735 4899 1838 4952 ίλα-

1953 4897 2189 4966 Izetetur,
2265 4908 2320 4954 et
2381 4913 2476 4954 cor
2540 4899 2737 4955 habeat
2778 4915 2938 4969 quam
2995 4901 3401 4957 hilarissimum.
3429 4900 3520 4957 Ait

249 4990 527 5060 ρωτάτην
567 4989 666 5060 ἔχῃ
697 4989 796 5060 τὴν
841 4991 1087 5059 καρδίαν.
1123 4993 1269 5064 Ἔφη
1299 4993 1407 5063 γάρ
1432 5008 1535 5045 που
1583 4991 1714 5062 περὶ
1741 4990 1838 5044 τῶι

1943 4989 2089 5045 enim
2119 4987 2318 5043 alicubi
2355 4987 2424 5043 de
2443 4988 2648 5043 sanctis
2695 4989 2956 5058 propheta
2985 4988 3148 5044 Isaias
3181 5007 3194 5043 :
3235 5007 3253 5040 ι
3309 4988 3520 5043 Laetitia

248 5079 438 5148 ἁγίων
488 5078 516 5130 ὁ
546 5080 836 5151 προφήτης
880 5081 1129 5148 Ἡσαΐας,
1182 5083 1266 5136 ὅτι
1312 5099 1330 5133 ι
1364 5080 1682 5152 Εὐφροσύνη
1717 5079 1838 5133 αἰώ-

1941 5079 2263 5149 sempiterna
2282 5090 2447 5146 super
2475 5079 2651 5147 capita
2685 5093 2893 5134 eorum.
2921 5078 3086 5143 Laus,
3117 5089 3172 5133 et
3211 5079 3518 5146 exsultatio,

246 5189 370 5235 νιος
397 5169 550 5240 ὑπὲρ
595 5171 844 5240 κεφαλῆς
877 5172 1073 5225 αὐτῶν.
1123 5174 1358 5236 Αίνεσις,
1389 5171 1484 5225 καὶ
1511 5169 1838 5238 ἀγαλλίαμα,

1954 5180 2009 5227 et
2049 5171 2300 5239 gaudium
2329 5170 2750 5240 comprehendet
2781 5186 2892 5226 eos.
2930 5171 3087 5239 Fugit
3129 5170 3302 5234 dolor,
3337 5180 3392 5225 et
3426 5174 3521 5226 tri-

247 5264 352 5316 καὶ
377 5261 701 5334 εὐφροσύνη
742 5262 1116 5333 καταλήψεται
1140 5263 1354 5326 αὐτούς.
1403 5261 1638 5330 Ἀπέδρα
1666 5258 1838 5329 ὀδύνη,

1957 5264 2125 5327 stitia,
2168 5270 2224 5316 et
2257 5261 2509 5331 gemitus.
2550 5280 2571 5314 ι
2605 5262 2789 5334 Itaque
2821 5277 2918 5331 spe
2947 5263 3089 5325 vitae,
3128 5271 3183 5316 et
3209 5263 3518 5328 hilaritatis,

246 5359 353 5410 καὶ
384 5355 566 5424 λύπη,
593 5357 688 5410 καὶ
743 5356 1067 5426 στεναγμός.
1103 5374 1122 5407 ›
1156 5356 1364 5410 Οὐκοῦν
1405 5351 1577 5406 ἐλπίδι
1606 5351 1752 5420 ζωῆς
1787 5365 1838 5403 τε

1958 5361 2118 5423 atque
2158 5355 2320 5407 etiam
2349 5353 2530 5408 laetitia
2571 5368 2831 5423 supernas
2861 5353 3216 5418 hortationes,
3249 5356 3361 5410 sive
3402 5356 3523 5424 plu-

246 5449 355 5503 καὶ
381 5447 724 5518 ἱλαρότητος,
743 5448 842 5504 καὶ
861 5449 1046 5520 μέντοι
1067 5448 1159 5502 καὶ
1188 5445 1549 5518 εὐφροσύνης,
1577 5446 1694 5508 ταῖς
1711 5443 1838 5497 ἄνω-

1957 5444 2096 5512 vias,
2130 5459 2248 5514 qua:
2277 5443 2458 5498 animo
2477 5453 2794 5508 cernuntur,
2811 5444 3039 5500 omniuo‘
3075 5445 3322 5502 exaudiet
3353 5456 3520 5508 terra,

245 5541 353 5597 θεν
387 5539 830 5611 παρακλήσεων,
857 5542 980 5612 ἦτοι
1011 5541 1126 5605 τοῖς
1153 5542 1366 5611 νοητοῖς
1403 5539 1582 5600 ὐετοῖς,
1605 5535 1838 5590 ὐπακού-

1959 5534 2014 5591 id
2038 5543 2143 5600 est,
2190 5533 2437 5590 homines
2468 5543 2670 5589 terram
2703 5534 3024 5592 habitantes.
3062 5535 3201 5592 Fore
3235 5547 3413 5592 autem
3467 5536 3522 5589 in

333 5691 480 5732 ηδ*
510 5688 711 5748 Jerem.
741 5708 852 5765 xiv,
885 5694 977 5752 22.
1057 5693 1250 5776 “visa.
1279 5707 1332 5760 ν,
1373 5691 1424 5745 i.
1497 5691 1547 5777 V"
1581 5691 1710 5748 ibid.
1739 5690 1791 5746 6.

1940 5688 1955 5720 '
1998 5687 2160 5744 Hebr.
2186 5703 2227 5754 1,
2261 5687 2350 5756 M,
2425 5686 2471 5720 ἰ’
2499 5701 2614 5744 θος.
2655 5703 2694 5758 t,
2730 5689 2783 5745 5.
2860 5691 2905 5726 ⁸ο
2931 5691 3034 5751 lsa.
3063 5705 3226 5755 xxxv,
3258 5687 3344 5740 I0.

1840 5769 1924 5808 .3..-
