4098 6276
316 391 414 446 101

1233 385 1778 445 COMMENTARIUS
1817 384 1884 444 ΙΝ
1924 389 2157 448 οεΕΑω
2198 389 2648 451 PROPHETAM.

3469 400 3576 458 102

315 505 540 577 Πατέρα
568 503 678 574 ἔχει
700 523 712 535 ·
747 505 774 559 6
803 503 860 557 δὲ
900 502 1181 575 ὁμολογῶν
1210 503 1303 558 τὸν
1329 503 1457 559 Υίὸν
1481 544 1498 569 ,
1531 505 1786 577 ὁμολογεῖ
1813 523 1876 559 κο

2011 507 2072 572 ti.
2103 517 2154 564 et
2188 509 2383 566 Filium
2419 508 2653 566 confessi
2684 519 2830 577 sunt,
2858 509 3112 581 deinceps
3165 525 3260 582 per
3286 511 3482 583 ipsum,
3511 529 3568 573 et

311 596 407 650 τὸν
439 595 670 667 Πατέρα.

2001 598 2056 655 in
2089 599 2207 669 ipso
2270 598 2486 656 Patrem
2547 601 2819 657 viderunt.
2863 601 3058 658 Verum
3099 611 3182 660 est
3223 606 3390 668 enim.
3420 607 3576 675 juxta

312 687 610 756 sapientem
649 681 954 742 Joannem:
983 702 1003 742 ι
1030 684 1132 760 Qui
1166 695 1330 762 negat
1357 684 1575 754 Filium,
1628 701 1728 744 nec
1787 685 2006 748 Patrem
2073 689 2260 748 habet.
2313 691 2412 758 Qui
2477 703 2656 749 autem
2718 694 3009 752 conﬁtetur
3040 695 3258 766 Filium,
3294 697 3582 755 conﬁtetur

313 789 367 834 et
396 776 610 834 Patrem
647 773 714 827 ⁸⁷.
729 793 750 828 ι

908 886 1166 949 ΚΕΦΑΑ.
1217 889 1293 947 I‘.

374 1019 485 1076 Καὶ
519 1013 650 1074 εἶπε
685 1019 901 1088 Κύριος
940 1020 1090 1089 πρός
1124 1038 1232 1090 με’
1271 1019 1401 1076 Ἔτι
1423 1019 1762 1094 πορεύθητι,
1795 1022 1893 1078 καί

305 1112 632 1182 ἀτάκησον
670 1111 928 1181 γυναῖκα
972 1109 1308 1181 ἀγαπῶσαν
1349 1113 1605 1182 πονηρὰ,
1638 1115 1736 1168 καὶ
1765 1105 1894 1184 μοι·

301 1204 507 1275 xta/llr,
533 1203 726 1270 καθὼς
753 1201 955 1274 ἀγαπᾷ
992 1208 1026 1258 ό
1060 1206 1206 1272 ’Θεὸς
1234 1205 1376 1272 τοὺς
1409 1206 1582 1274 viain;
1622 1206 1892 1275 Ἰσραὴλ,

304 1297 401 1351 καὶ
436 1295 602 1350 αὐτοὶ
635 1295 1088 1350 ἀποϐλέπουσιν
1131 1297 1227 1350 ἐπὶ
1283 1297 1467 1362 Θεοὺς
1505 1297 1884 1367 ἀλλοτρίους,

303 1389 400 1443 καὶ
421 1387 672 1458 φιλοῦσι
697 1387 972 1457 πέμματα
994 1389 1144 1458 μετὰ
1165 1389 1494 1459 σταφίδων.

372 1501 495 1554 AB'.
535 1501 602 1554 Τί
633 1501 694 1555 τὸ
718 1503 903 1573 χρῆμα
932 1502 1116 1569 πάλιν,
1145 1503 1180 1574 ἦ
1218 1502 1272 1555 τί
1297 1502 1358 1557 τὸ
1390 1504 1720 1576 μυστήριον,
1750 1503 1885 1558 ἀνα-

300 1593 498 1664 ·μαθεῖν
531 1594 844 1662 ἀναγκαῖον.
879 1596 1000 1649 Δεῖν
1045 1595 1152 1667 7&9
1202 1591 1356 1666 οϊμαι
1402 1596 1472 1651 τὰ
1497 1597 1677 1650 τοιάδε
1712 1595 1880 1650 πολυ-

303 1688 667 1758 πραγμονεῖν,
696 1686 789 1740 καὶ
821 1684 1162 1756 καταθρῆσαι
1195 1684 1565 1757 λεπτομερῶς.
1595 1685 1750 1740 Μετὰ
1778 1684 1888 1756 γάρ

299 1793 386 1833 τοι
415 1779 515 1848 τὴν
549 1776 792 1849 πρώτην,
821 1775 920 1848 τὴν
951 1776 1198 1848 μαχλάδα
1221 1777 1314 1832 καὶ
1337 1776 1733 1850 σεσοϐημένην,
1764 1777 1881 1830 ἓτε-

303 1874 399 1939 ρον
430 1867 509 1939 τῷ
539 1869 796 1940 προφήτῃ
831 1866 1052 1936 γύναιον
1086 1867 1440 1940 είσκρίνεται,
1471 1871 1586 1932 τοῖς
1624 1867 1725 1938 τῆς
1758 1885 1880 1940 μοι·

299 1962 456 2033 χείας
482 1961 822 2033 ἐγκλήμασιν
850 1959 1130 2030 λχόμενον.
1163 1961 1276 2014 Καὶ
1303 1960 1386 2024 τίς
1407 1961 1436 2014 6
1464 1960 1654 2029 λόγος;
1702 1962 1736 2032 ἡ
1787 1960 1889 2032 μὲν

299 2051 412 2122 7&9
449 2049 558 2104 τῶν
594 2047 860 2104 Ἰουδαίων
894 2049 1126 2119 πληθὺς,
1159 2051 1194 2120 ἡ
1231 2049 1340 2122 πρὸ
1370 2051 1470 2124 τῆς
1497 2049 1590 2105 τοῦ
1633 2049 1889 2122 Σωτῆρος

300 2139 462 2212 ήμῶν
523 2139 818 2211 ἐπιδημίας
838 2182 854 2205 ,
899 2139 997 2196 ᾰτε
1044 2140 1110 2213 δὴ
1154 2140 1252 2194 καὶ
1300 2139 1740 2212 ἀφυλακτότερον
1793 2138 1889 2196 καὶ

302 2231 451 2304 μάλα
471 2232 704 2302 ἑτοίμως
735 2231 889 2286 ίοῦσα
914 2231 1050 2303 πρὸς
1070 2231 1358 2302 πλάνησιν,
1381 2235 1476 2286 καὶ
1495 2231 1757 2304 δαμάλεσι
1786 2229 1888 2302 μὲν

298 2322 636 2396 λατρεύουσα
670 2325 790 2387 ταῖς
836 2325 1086 2398 χρυσαῖς,
1118 2323 1501 2396 προσκυνοῦοά
1546 2341 1605 2378 τε
1661 2323 1756 2378 καὶ
1788 2322 1886 2377 θύ-

297 2431 437 2470 ουσα
460 2413 539 2487 τῷ
567 2413 732 2482 Βάαλ,
763 2415 881 2486 ﬁsos
908 2413 986 2487 τῷ
1023 2414 1364 2488 Βεελφεγὼρ,
1397 2417 1571 2490 πόρνῃ
1613 2416 1886 2471 παρεικά-

297 2504 444 2570 ζετο,
479 2504 574 2559 καὶ
610 2503 728 2558 λίαν
776 2505 1022 2571 εἰκότως,
1055 2504 1216 2559 οίονεί
1243 2522 1363 2570 πως
1395 2507 1690 2578 ἐκκειμένῃ
1718 2507 1884 2560 παντὶ¹

297 2594 521 2666 movqu
570 2595 664 2650 καὶ
704 2595 1000 2668 ἀκαθάρτῳ
1054 2596 1350 2668 πνεύματι,
1393 2598 1494 2662 τὰς
1529 2597 1666 2662 ιδίας
1691 2596 1890 2669 ἡδονὰς

293 2685 653 2757 ἀποπληροῦν
711 2686 971 2742 ἐθέλοντι.
1024 2689 1418 2760 Προσεδέχοντο
1473 2690 1583 2760 γὰρ
1630 2688 1726 2743 καὶ
1777 2687 1888 2743 τῶν

296 2779 520 2850 ὁμόρων
542 2778 712 2832 ὲθνῶν
731 2779 800 2832 ’τά
817 2778 1160 2849 σεϐάσματα,
1187 2780 1328 2834 κατὰ
1349 2781 1410 2834 τὸ
1440 2781 1656 2852 ἑκάστῳ
1675 2780 1885 2845 δοκοῦν,

299 2869 535 2932 ἀνοσίως
581 2869 674 2924 καὶ
714 2869 1109 2933 ἀϐασανίστως.
1135 2870 1274 2923 Ἀλλ’
1300 2871 1482 2941 εκείνη
1523 2871 1621 2942 μὲν
1645 2871 1723 2940 ὡς
1744 2871 1886 2926 ἑτοί-

2651 894 2806 951 CAP.
2848 893 2937 962 ΙΙΙ,

2062 1025 2229 1084 Vana.
2261 1027 2312 1084 l.
2342 1027 2412 1084 Et
2457 1030 2594 1087 dixit
2645 1033 2901 1092 Dominus
2936 1039 3007 1094 ad
3037 1056 3120 1096 me
3170 1043 3399 1098 :Adltuc
3447 1043 3575 1099 uade

1991 1130 2039 1174 et
2062 1121 2223 1190 dilige
2245 1121 2513 1175 mulierem
2543 1123 2842 1193 diligentem
2863 1128 3024 1193 mala,
3039 1138 3087 1182 et
3109 1131 3429 1195 adulteram,
3444 1136 3575 1187 sicut

1992 1211 2178 1264 dilexit
2205 1210 2467 1276 Dominus
2479 1212 2622 1282 ﬁlios
2642 1211 2836 1280 Israel,
2856 1227 2904 1271 et
2932 1219 3032 1286 ipsi
3058 1221 3338 1286 respiciunt
3363 1223 3430 1276 ad
3453 1226 3576 1280 deos

1989 1301 2210 1371 alienos,
2230 1312 2279 1357 et
2296 1313 2475 1358 amant
2493 1306 2751 1362 coctiones
2786 1322 2906 1362 cum
2945 1310 3192 1368 vinaceis.

2059 1497 2442 1584 XXXll.'Quid
2466 1502 2564 1568 rei,
2588 1511 2679 1558 aut
2710 1507 2948 1576 mysterii
2977 1507 3118 1564 istud
3159 1510 3248 1578 sit,
3283 1525 3578 1582 cognosca-

1988 1607 2110 1648 mus
2133 1603 2368 1664 oportet.
2398 1594 2536 1651 Puto
2565 1597 2816 1666 equidem
2857 1599 2980 1655 talia
3016 1604 3305 1658 scrutanda
3338 1605 3568 1675 diligen-

1994 1685 2099 1739 tius
2145 1693 2200 1739 et
2242 1687 2620 1756 perpendenda
2661 1686 2931 1744 subtilius.
2968 1689 3100 1748 Post
3142 1694 3368 1763 primani
3404 1698 3574 1762 enim,

1990 1787 2218 1843 eamque
2259 1774 2621 1842 meretricem,
2677 1787 2732 1833 et
2774 1781 3076 1848 repulsam,
3109 1783 3214 1838 alia
3259 1784 3573 1842 muliercula

1990 1863 2266 1932 prophetae
2294 1861 2536 1932 olfertur,
2570 1866 2820 1924 adulterii
2860 1869 3078 1942 ﬂagitiis
3129 1873 3392 1931 involuta.
3432 1876 3572 1941 Quid

1990 1952 2102 2008 ita?
2133 1952 2439 2010 Judreorum
2485 1971 2718 2027 namque
2759 1961 3070 2027 multitudo,
3106 1979 3230 2034 qua
3274 1966 3570 2024 adventum

1991 2042 2292 2100 Salvator-is
2329 2047 2500 2103 nostri
2553 2051 2864 2118 antecessit,
2895 2062 3082 2123 utpote
3129 2055 3469 2126 insolentius,
3505 2074 3570 2115 ac

1989 2145 2237 2208 prompte
2271 2136 2435 2192 nimis
2473 2151 2716 2198 errorem
2764 2156 3020 2213 sequens,
3049 2154 3104 2200 et
3137 2147 3333 2204 vitulos
3371 2164 3568 2207 aureos

1991 2226 2194 2295 colens,
2219 2229 2578 2299 adoransque,
2594 2241 2650 2286 et
2668 2233 2982 2292 sacriﬁcans
3002 2237 3281 2305 Baal,sive
3301 2239 3567 2311 Beelphe-

1989 2332 2106 2388 εον,
2138 2333 2259 2374 cum
2284 2328 2465 2376 scorto
2486 2320 2884 2389 conferebatur,
2913 2325 3024 2396 58
3049 2338 3102 2383 et
3129 2330 3425 2398 aptissime,
3489 2347 3563 2388 vo

1989 2409 2041 2466 lu
2051 2412 2085 2466 ti
2120 2412 2367 2482 exposita
2392 2415 2541 2470 omni
2569 2414 2805 2486 maligno
2819 2428 2877 2472 et
2892 2418 3170 2476 immundo
3189 2421 3425 2491 spiritui,
3440 2439 3571 2480 snas

1988 2501 2042 2556 in
2073 2517 2136 2558 ea
2186 2502 2486 2572 voluptates
2525 2507 2744 2577 explere
2769 2510 3029 2577 cupienti.
3061 2509 3195 2565 Nam
3229 2523 3282 2566 et
3313 2513 3568 2570 ﬁnitima-

1987 2606 2106 2646 rum
2132 2595 2368 2664 gentium
2390 2611 2566 2663 sacra,
2593 2607 2752 2668 prout
2779 2599 2977 2668 cuique
3004 2601 3216 2668 liberet,
3237 2603 3444 2674 absque
3462 2605 3568 2660 ulla

1986 2684 2354 2753 exploratione
2380 2689 2767 2757 suscipiebant.
2803 2688 3004 2744 Verum
3029 2691 3116 2746 illa
3144 2694 3565 2762 quidem,utde-

1987 2774 2272 2832 lectionem
2323 2778 2466 2834 haud
2507 2780 2673 2835 invita
2724 2780 2922 2848 iniens,
2971 2796 3188 2850 poenam
3243 2785 3566 2855 condignam

1984 2869 2218 2940 excepit,
2243 2870 2460 2925 redacta
2485 2869 2539 2924 in
2566 2871 3033 2940 captivitatem,et
3076 2873 3310 2928 hostium
3339 2875 3564 2944 pedibus

301 2976 424 3030 μως
455 2959 610 3012 ίοῦσα
651 2957 788 3030 πρὸς
817 2957 1116 3013 ἀπόστασιν
1145 2959 1433 3024 ἐκολάζετο
1460 2960 1704 3026 δικαίως,
1739 2978 1876 3032 πεμ-

1987 2959 2252 3030 subjecta.
2298 2961 2488 3031 Aperit
2537 2961 2888 3018 nihilomins!
2922 2964 3195 3032 propheta
3227 2964 3393 3031 Deus,
3433 2974 3567 3021 tem-

295 3050 509 3122 πομένη
541 3049 680 3122 πρὸς
709 3049 1110 3120 αἰχμαλωσίαν,
1137 3051 1234 3105 καὶ
1267 3052 1370 3106 ὑπὸ
1411 3052 1580 3116 πόδας
1609 3053 1883 3109 πίπτουσα

293 3143 405 3198 τῶν
436 3141 668 3214 ἐχθρῶν.
697 3140 948 3212 Καθίστη
997 3158 1065 3211 7s
1115 3143 1222 3214 μὴν
1261 3144 1488 3216 ἐναργὲς
1515 3145 1592 3215 τῷ
1624 3147 1882 3218 προφήτῃ

297 3235 452 3301 Θεὸς,
484 3235 564 3289 ὅτι
597 3233 739 3288 κατὰ
765 3233 859 3289 τὸν
897 3234 1088 3305 καιρὸν
1116 3235 1219 3306 τῆς
1245 3235 1340 3290 τοῦ
1372 3237 1606 3307 ἰεζραὲλ
1629 3239 1842 3310 ἡμέρας
1863 3277 1880 3304 ,

298 3327 401 3396 τῆς
429 3326 505 3390 ὡς
547 3325 765 3398 ἀληθῶς
800 3326 1065 3398 μεγάλης,
1095 3327 1458 3398 ἀναϐήσονται
1503 3330 1568 3384 ὲκ
1614 3330 1711 3400 τῆς
1755 3330 1881 3400 γῆς,

300 3415 566 3477 τουτέστι,
602 3415 700 3484 τῆς
720 3414 828 3470 τῶν
861 3414 1176 3485 ἀλλοφύλων
1203 3417 1648 3488 ἀποδραμοῦνται
1674 3417 1879 3490 χώρας.

303 3505 478 3559 Τοῦτο
504 3505 558 3558 δὲ
584 3500 652 3576 ἦν
675 3506 1083 3578 αἰνιγματωδῶς
1119 3508 1398 3580 ὑποφήναι
1440 3509 1622 3577 πάλιν,
1652 3511 1736 3564 ὅτι
1778 3527 1881 3563 πε-

301 3593 603 3650 παύσονται
644 3593 738 3649 τοῦ
786 3591 922 3650 εἶναι
951 3595 1089 3660 ξένοι
1124 3597 1220 3651 καὶ
1260 3597 1552 3668 ὲπήλυτοι,
1579 3598 1782 3669 μᾶλλον
1819 3598 1879 3652 δὲ

299 3688 644 3760 δορύληπτοι,
677 3690 770 3744 καὶ
805 3693 903 3762 τὴν
949 3692 1237 3764 ἀλλοτρίαν
1277 3692 1559 3759 οἰκοῦντες
1591 3695 1692 3748 ούκ
1723 3694 1876 3748 ἐλευ-

298 3780 490 3851 θέρως.
510 3781 809 3854 Ἐκήρυσσε
845 3782 955 3855 7&9
983 3785 1012 3837 6
1044 3784 1236 3855 Σωτὴρ
1263 3784 1632 3856 αίχμαλώτοις
1650 3786 1871 3855 ἄφεσιν,

294 3875 389 3928 καὶ
419 3874 636 3945 τυφλοῖς
662 3875 980 3946 ἀνάϐλεψιν,
1009 3876 1151 3930 κατά
1180 3876 1279 3946 τὴν
1309 3876 1403 3931 τοῦ
1443 3879 1726 3950 προφήτου
1754 3896 1872 3948 φω-

290 3967 410 4038 νήν.
437 3966 560 4020 Ὀτι
581 3967 640 4021 δὲ
660 3968 754 4020 καὶ
772 3965 1211 4039 είσδεχθήσονται
1234 3968 1322 4022 διὰ
1370 3969 1606 4034 πίστεως
1626 3972 1684 4024 ἐν
1703 3970 1876 4035 ὲλέοις

288 4057 387 4110 καὶ
414 4058 743 4127 οἰκτιρμοῖς,
774 4058 868 4112 καὶ
900 4059 1258 4130 κεκλήσονται
1296 4059 1422 4124 λαὸς
1453 4060 1610 4126 Θεοῦ,
1636 4061 1731 4116 καὶ
1764 4062 1874 4134 μὴν

292 4147 392 4199 καὶ
417 4145 730 4215 ἠλεημένοι,
753 4147 1160 4218 διαμεμήνυκεν
1181 4151 1449 4222 ἐναργῶς.
1478 4153 1633 4207 Μετὰ
1659 4154 1769 4222 γάρ
1790 4171 1873 4208 τοι

289 4236 394 4306 τὴν
425 4237 521 4288 τοῦ
551 4235 804 4306 Σωτῆρος
841 4236 1159 4308 ἐπιδημίαν,
1192 4240 1287 4292 καὶ
1310 4241 1370 4294 τὸ
1397 4240 1492 4294 ἐπὶ
1536 4241 1616 4312 τῷ
1653 4244 1874 4316 σταυρῷ

1988 3066 2120 3121 pore
2145 3053 2249 3108 diei
2286 3051 2522 3116 Jezrael,
2553 3067 2682 3110 vere
2715 3054 2920 3123 magni,
2951 3068 3274 3111 ascensuros
3297 3055 3366 3112 de
3397 3065 3563 3122 terra,

1989 3142 2089 3198 hoc
2107 3154 2214 3209 est,
2247 3157 2279 3198 e
2313 3145 2532 3214 regione
2561 3144 2988 3215 alienigenarum
3027 3147 3354 3204 avolaturos.
3403 3149 3565 3217 Quod

1986 3249 2202 3293 rursum
2220 3244 2337 3289 erat
2368 3235 2468 3290 sub
2522 3243 2830 3304 tegumenta
2877 3237 3424 3304 indicare,desituros
3443 3255 3566 3298 esse

1986 3327 2302 3398 peregrinos
2334 3336 2388 3382 et
2410 3328 2665 3394 advenas,
2688 3329 2794 3384 imo
2823 3328 2965 3384 bello
3000 3339 3208 3400 captos,
3245 3339 3300 3386 et
3323 3332 3556 3389 alienam

1986 3420 2284 3486 regionem,
2309 3435 2412 3474 non
2443 3430 2502 3473 ut
2529 3419 2728 3476 liberos
2753 3420 3000 3486 decebat,
3021 3421 3340 3479 incolentes.
3357 3423 3562 3481 Praedia

1985 3511 2129 3565 cavit
2153 3510 2299 3566 enim
2335 3510 2587 3567 Salvator
2608 3529 2628 3564 ι
2653 3513 2880 3582 captivis
2910 3513 3382 3584 indulgentiumel
3401 3519 3560 3574 caecis

1984 3609 2234 3670 aspectus
2261 3604 2657 3659 restitutionem
2689 3604 2760 3669 ⁸⁸,
2779 3621 2800 3657 s
2817 3603 2973 3673 juxta
2998 3605 3220 3659 verbum
3253 3607 3550 3674 prophetae.

1982 3689 2153 3747 Porro
2177 3707 2275 3763 per
2305 3693 2464 3748 iidem
2497 3694 2550 3748 in
2595 3694 2989 3762 misericordia,
3031 3705 3087 3750 et
3117 3697 3558 3752 miserationibus

1980 3796 2315 3853 susceptum,
2347 3793 2401 3840 et
2426 3793 2673 3840 vocatm
2706 3785 2773 3840 iri
2820 3787 3046 3856 papam
3080 3787 3196 3854 Dei,
3218 3788 3346 3858 quin
3373 3798 3427 3844 et
3452 3791 3556 3844 mi-

1980 3875 2330 3933 sericordiam
2367 3885 2719 3932 consecutum
2755 3875 2990 3932 dilucide
3019 3878 3373 3936 demonstrat.
3407 3879 3544 3936 Nam

1979 3977 2104 4039 post
2136 3967 2431 4024 Salvatoris
2476 3968 2786 4035 adventum,
2824 3978 2881 4024 et
2913 3972 3318 4040 perpessionem
3350 3975 3551 4040 crucis,

1979 4069 2033 4116 et
2067 4060 2118 4115 in
2142 4060 2308 4114 vitam
2348 4057 2603 4126 reditum,
2631 4060 2850 4116 salvata
2883 4072 3012 4121 sunt
3055 4064 3272 4133 quidem
3311 4065 3554 4134 reliquiae

1979 4149 2349 4221 (crediderunt
2368 4151 2513 4204 enim
2544 4166 2650 4205 non
2689 4152 2842 4220 pauci
2873 4165 3100 4206 numero
3129 4167 3196 4207 ea
3223 4154 3429 4225 Israel);
3456 4169 3550 4210 re-

1978 4243 2180 4298 mansit
2212 4252 2392 4296 tamen
2435 4242 2614 4297 adhuc
2645 4241 2920 4297 incredula
2943 4241 3250 4311 multitudo,
3279 4260 3406 4316 quae
3433 4262 3551 4302 mu-

290 4326 484 4388 πάθος,
516 4324 613 4378 καὶ
641 4324 742 4397 τήν
786 4326 852 4380 ἐκ
878 4325 1086 4398 νεκρῶν
1114 4328 1432 4395 ἀναϐίωσιν,
1464 4330 1734 4386 σέσωσται
1774 4333 1873 4404 μὲν

1980 4333 2094 4389 Iieri
2139 4333 2356 4389 lasciva:
2413 4332 2658 4402 apposite
2693 4345 3067 4404 comparatur,
3107 4338 3233 4408 quia
3275 4339 3547 4397 ccclestem

288 4412 350 4466 τὸ
385 4412 730 4484 κατάλειμμα
777 4413 800 4486 (
821 4415 1218 4470 πεπιστεύκασι
1246 4416 1354 4489 γὰρ
1380 4419 1482 4474 οὐκ
1510 4419 1869 4494 εὐαρίθμητοι

286 4501 394 4556 τῶν
424 4503 783 4577 ὲξ,’1σραήλ)’
823 4507 1213 4579 ἀπιεμένηκε
1239 4507 1295 4561 δὲ
1319 4508 1480 4569 πάλιν
1505 4511 1538 4583 ή
1565 4511 1866 4570 ἀπειθοῦσα

289 4591 517 4661 πληθὺς,
546 4595 612 4665 ὴν
658 4598 928 4669 μοιχαλίδι
975 4600 1394 4671 παρεικαστίον,
1421 4601 1513 4656 διά
1553 4619 1638 4657 τοι
1683 4604 1746 4657 τὸ
1783 4605 1863 4676 μὴ

287 4680 504 4736 ἑλέσθαι
535 4684 624 4739 τὸν
668 4687 728 4754 ἐξ
760 4689 991 4761 οὐρανοῦ
1038 4691 1292 4760 νυμφίον,
1325 4693 1418 4758 καὶ
1449 4694 1713 4767 ἀθετῆσαι
1761 4698 1863 4768 μὲν

284 4772 378 4826 τὸν
410 4774 468 4827 ὲν
497 4775 673 4830 πίστει
703 4778 1006 4851 μνώμενον,
1035 4785 1246 4853 μοιχοῖς
1286 4784 1344 4838 δὲ
1382 4783 1572 4856 ὥσπερ
1597 4788 1739 4842 τισὶν
1765 4790 1863 4843 ἀν·-

285 4868 429 4920 εἴναι
475 4865 567 4919 τὸν
614 4868 738 4923 νοῦν
784 4873 895 4935 τοῖς
942 4873 1334 4944 Γραμματεῦσι
1387 4878 1482 4930 καὶ
1519 4881 1854 4949 Φαρισαίοις.

295 4956 604 5011 Ἐδίδασκον
635 4959 742 5029 7&9
772 4962 1117 5028 διδασκαλίας
1168 4968 1265 5021 καὶ
1305 4968 1618 5040 ἐντάλματα
1654 4971 1865 5042 ἀνθρώ-

201 5081 208 5088 -
281 5047 644 5120 πων.”Ωσπερ
669 5046 761 5105 οὖν
791 5055 856 5124 τῇ
889 5055 1062 5128 πόρνῃ
1086 5057 1253 5130 συνῆν
1282 5060 1310 5111 6
1332 5062 1636 5132 προφήτης,
1669 5063 1748 5126 είς
1771 5061 1864 5115 τύ-

282 5154 385 5191 πον
417 5137 553 5194 Θεοῦ
583 5141 682 5212 τῆς
707 5142 800 5196 τοῦ
836 5145 1048 5219 Ἰσραὴλ
1068 5149 1397 5220 ἀνεχομένου
1427 5153 1686 5223 πορνείας
1704 5192 1720 5217 ,
1765 5154 1862 5207 καὶ

280 5227 604 5314 κολάζοντος
633 5232 735 5301 μὲν
756 5235 1084 5307 συμμέτρως
1112 5240 1191 5303 είς
1215 5242 1571 5314 ἐπιστροφὴν,
1596 5243 1859 5314 ἀνακομί-

279 5313 465 5381 ζοντος
493 5317 551 5373 δὲ
587 5321 725 5392 πρὸς
757 5323 1048 5393 ἐπίγνωσιν
1067 5344 1081 5358 ·
1111 5332 1204 5383 τὸν
1233 5331 1416 5399 αὑτὸν,
1445 5329 1620 5404 οἶμαι,
1659 5313 1860 5404 τρόπον

279 5405 376 5460 καὶ
430 5409 520 5466 διὰ
570 5411 680 5467 τῶν
733 5417 1110 5486 προκειμένων
1163 5421 1466 5492 μορφοῦται
1514 5422 1678 5477 πάλιν
1726 5426 1858 5494 ἡμῖν

277 5496 508 5584 ἀστείως
548 5500 610 5556 τὸ
661 5505 975 5577 μυστήριον.
1017 5508 1110 5571 Εἰς
1139 5509 1306 5563 τύπον
1353 5513 1461 5581 7&9
1500 5511 1529 5564 6
1573 5515 1859 5584 προφήτης

275 5583 414 5638 Θεοῦ
453 5591 812 5664 παραδέχεται
838 5596 940 5667 μὲν
966 5598 1064 5668 τὴν
1090 5599 1376 5670 μοιχαλίδα
1426 5601 1517 5654 καὶ
1556 5601 1858 5671 ἀγαπῶσαν

1975 4425 2242 4495 Sponsum
2272 4441 2378 4480 non
2408 4425 2649 4496 elegerit,
2675 4436 2733 4482 et
2757 4437 3046 4496 aspernata
3080 4430 3152 4485 sit
3175 4431 3266 4500 qui
3292 4432 3462 4501 ipsam
3489 4436 3541 4488 in

1973 4516 2078 4572 title
2105 4518 2370 4584 ambibat,
2402 4528 2458 4574 et
2479 4518 2686 4576 Scribis
2715 4535 2780 4576 ac
2804 4521 3094 4580 Pharisteis
3122 4525 3288 4580 veluti
3321 4527 3548 4582 mchis

1971 4609 2295 4679 quibusdam
2389 4611 2633 4668 animum
2692 4615 3018 4684 permiserit.
3073 4616 3343 4673 Docebant
3400 4619 3544 4674 enim

1972 4719 1992 4754 ι
2005 4703 2276 4759 doctrinas
2291 4713 2345 4759 et
2361 4705 2613 4760 mandata
2638 4705 2915 4762 hominum
2927 4707 2998 4763 ⁸⁸.
3013 4706 3223 4778 ιιιοςυο
3247 4709 3398 4780 quasi
3422 4723 3543 4764 cum

1965 4793 2252 4848 meretrice
2286 4803 2403 4848 erat
2427 4795 2688 4865 propheta
2729 4796 2782 4851 in
2812 4806 2994 4868 typum
3023 4797 3545 4866 Dei,.fornicationes

1964 4881 2129 4938 Israel
2180 4885 2518 4952 sustinentis,
2567 4890 2958 4958 moderateque
3013 4889 3081 4943 ad
3131 4889 3541 4946 conversionem

1965 4974 2315 5044 punientis,et
2332 4977 2399 5031 ad
2427 4977 2755 5047 agnitionem
2774 4979 3095 5047 revocantis;
3109 4980 3537 5050 eodem,opinor,

1964 5062 2127 5118 modo
2161 5073 2217 5118 et
2253 5078 2349 5133 per
2372 5065 2537 5120 verba
2575 5066 2847 5136 proposita
2898 5082 3117 5123 rursum
3151 5067 3309 5121 nobis
3343 5077 3541 5137 myste-

1964 5153 2106 5208 rium
2137 5154 2272 5209 scite
2304 5156 2647 5212 informatur.
2664 5157 2797 5212 Nam
2818 5172 3106 5228 personam
3139 5170 3202 5211 ac
3230 5167 3412 5226 typum
3440 5158 3536 5215 Dei

1964 5259 2159 5313 gerens
2205 5247 2464 5314 propheta
2502 5248 2802 5303 adulteram
2829 5260 2884 5302 et
2908 5250 3229 5318 diligentem
3263 5249 3401 5303 mala
3446 5251 3536 5304 ad-

1965 5335 2161 5401 mittit;
2196 5336 2288 5390 sed
2320 5337 2464 5390 fovet
2492 5350 2637 5406 eam,
2663 5338 3060 5407 quodammodo
3089 5339 3535 5406 promissionibus

1964 5435 2018 5480 et
2052 5429 2190 5480 bona
2212 5442 2308 5496 spe
2324 5426 2578 5495 saginans
2602 5430 2826 5496 optime,
2845 5429 2910 5481 ad
2931 5427 3358 5493 desperationem
3379 5444 3536 5485 ruere

1966 5529 2074 5568 non
2113 5515 2262 5569 sinit.
2297 5515 2350 5568 lu
2388 5514 2473 5567 his
2493 5517 2638 5569 enim
2664 5515 2963 5570 consistere
3003 5525 3172 5573 totum
3220 5518 3532 5588 mysterium

1965 5605 2206 5659 ostendit
2237 5605 2398 5670 Deus,
2421 5616 2546 5658 cum
2569 5605 2642 5660 ita
2673 5607 2988 5678 prophetam
3013 5610 3386 5681 compellavit:
3415 5606 3532 5660 «ω.

298 5758 348 5792 ³⁷
385 5758 584 5823 lJoan.
615 5783 678 5836 tt,
705 5770 794 5840 25,
868 5774 912 5808 ⁸⁸
936 5774 1039 5831 lsa.
1075 5792 1185 5843 Lat,
1218 5777 1268 5831 l.
1346 5778 1390 5812 ”
1429 5779 1613 5837 Matth.
1690 5799 1778 5848 xv,
1807 5782 1838 5837 9
1870 5800 1883 5849 ;
1935 5781 2096 5838 Marc.
2140 5798 2233 5847 VII,
2277 5783 2327 5835 7-
