4098 6276
525 393 631 450 {05

1508 387 1566 442 S.
1611 376 1886 443 CYRILLI
1925 378 2396 441 ALEXANDRINI
2437 383 2753 442 ARClllEP.

3672 393 3780 452 103

526 502 634 574 lige
667 501 960 557 adulteram
984 510 1039 555 et
1064 497 1372 568 diligentem
1407 499 1567 562 mala,
1589 500 1730 554 sicut
1757 500 1899 554 Deus
1935 501 2098 570 diligit

2209 500 2277 554 τά
2313 500 2559 571 πονηράο
2593 498 2918 570 περιθάλπει
2951 499 3028 564 δὲ,
3065 500 3252 572 ὥσπερ
3278 503 3396 565 ταῖς
3423 502 3781 572 ἐπαγγελίαις

531 598 673 650 tilios
718 594 906 658 Israel,
934 602 989 648 et
1018 593 1119 661 ipsi
1165 591 1458 661 respiciunt
1497 595 1564 646 ad
1610 593 1741 646 deos
1787 593 2014 657 alienos,
2044 603 2099 648 et

525 686 998 742 amoutcoctiones
1027 698 1154 738 cum
1185 683 1439 736 vinaceis.
1457 700 1475 733 ι
1501 681 1822 750 Quanquam
1847 683 1989 736 enim
2023 683 2099 736 iu-

520 776 792 841 credulos,
823 775 1018 844 inquit,
1050 783 1106 828 et
1139 773 1243 827 diis
1291 771 1677 827 eommentitiis
1715 785 1954 826 amorem
2009 771 2099 826 lri-

527 871 840 934 buentes,et
863 867 1100 936 ipsorum
1133 864 1343 918 libidini
1367 864 1598 930 obsequi
1624 877 1728 916 non
1762 874 2094 929 recusantes,

518 959 632 1030 59
679 974 743 1012 ex
772 958 932 1012 insita
969 955 1300 1026 benignitate
1338 953 1514 1023 diligit
1541 953 1701 1018 Deus,
1739 971 1761 1004 ι
1787 953 1877 1022 qui
1909 968 2098 1009 omnes

522 1051 770 1104 homines
801 1049 916 1103 vult
939 1047 1118 1101 salvos
1148 1045 1282 1110 fieri,
1320 1055 1372 1098 et
1400 1045 1469 1098 ad
1498 1044 1828 1114 agnitionem
1859 1045 2098 1099 veritatis

520 1141 707 1194 venire
728 1140 828 1192 θ’.»
858 1137 1067 1192 Habent
1098 1145 1277 1190 autem
1305 1133 1696 1204 pr0pemodum
1736 1136 1872 1188 hanc
1893 1134 2095 1188 intelli-

516 1233 752 1302 gentiam
772 1215 934 1286 verba
962 1230 1081 1295 Dei,
1107 1238 1344 1297 tempore
1373 1226 1633 1280 adventus
1657 1225 1858 1280 Christi
1895 1227 2097 1283 vixisse

519 1320 662 1375 forte
687 1322 821 1390 apud
839 1319 1052 1374 Judaeos
1087 1319 1261 1373 adhuc
1299 1317 1513 1383 multos,
1535 1317 1624 1386 qui
1655 1315 1900 1370 neutrius
1923 1317 2096 1387 partis

525 1413 622 1467 toti
644 1422 820 1467 essent
838 1429 854 1477 ;
873 1413 960 1482 qui
984 1427 1082 1466 nec
1111 1411 1378 1464 mandatis
1402 1408 1650 1464 Mosaicis
1676 1409 1888 1464 sincere
1916 1410 2098 1464 adhae-

520 1513 818 1568 rescerent,
837 1518 934 1558 nec
957 1519 984 1556 a
1014 1503 1262 1558 sordibus
1295 1500 1628 1555 seductionis
1654 1497 1893 1570 perfecte
1915 1512 2096 1556 essent

522 1595 696 1662 liberi,
717 1598 1048 1668 respicerent
1077 1603 1252 1648 autem
1287 1591 1456 1662 magis
1478 1592 1543 1645 ad
1577 1590 1705 1644 deos
1731 1589 1956 1654 alienos,
1974 1592 2096 1659 qui-

520 1689 625 1742 bus
653 1697 707 1742 et
748 1696 899 1742 cocta
937 1701 1056 1740 cum
1093 1685 1356 1748 vinaceis,
1395 1698 1489 1737 seu
1535 1681 1652 1734 uvis
1688 1682 1858 1750 passis
1901 1679 2095 1737 otl‘ere-

519 1777 672 1841 bant,
708 1793 912 1847 popaua
947 1779 1179 1831 fortasse
1213 1777 1394 1847 (genus
1433 1772 1798 1842 crustuh’)aut
1823 1773 2098 1842 placentas

2197 592 2293 644 καὶ
2327 591 2560 659 ἀγαθαῖς
2605 590 2784 644 ἐλπίσι
2835 592 3210 646 καταπιαίνων
3251 589 3310 647 εὖ
3357 593 3523 663 μάλα,
3555 594 3781 650 πίπτειν

2197 683 2296 734 οὐκ
2318 682 2382 753 ἐᾷ
2406 682 2544 753 πρὸς
2567 682 3024 750 ἀπόγνωσιν.”οτι
3057 684 3164 754 γάρ
3190 685 3246 736 ἐν
3278 683 3488 748 τούτοις
3515 684 3633 738 ὅλον
3660 685 3781 737 ἐστὶ

2197 774 2257 827 τὸ
2290 775 2606 847 μυστήριον,
2634 774 2970 846 παρέδειξεν,
2999 773 3169 829 εἰπὼν
3220 774 3297 846 τῷ
3342 776 3595 846 προφήτῃ
3644 775 3782 838 Θεὸς

2197 863 2370 928 οὕτως
2395 881 2409 897 ·
2456 865 2768 935 Ἀγάπησον
2811 864 2910 937 τὴν
2943 861 3223 936 μοιχαλίδα
3249 865 3344 919 καὶ
3380 866 3680 934 ἀγαπῶσαν
3707 867 3778 918 τὰ

2198 957 2431 1030 πονηρὰ,
2462 959 2646 1022 καθὼς
2699 959 2888 1028 ἀγαπᾷ
2927 961 2956 1012 6
2996 958 3128 1023 Θεὸς
3168 959 3296 1021 τοὺς
3344 957 3493 1020 υἱοὺς
3538 958 3773 1029 Ἰσραήλ.

2199 1051 2312 1104 Καὶ
2355 1052 2509 1105 αὐτοὶ
2558 1051 2926 1106 ἀποϐλέπουσι
2968 1053 3104 1123 πρὸς
3137 1049 3293 1114 θεοὺς
3321 1050 3656 1116 ἀλλοτρίους,
3685 1052 3780 1104 καὶ

2197 1141 2413 1211 φιλοῦσι
2459 1141 2727 1212 πέμματα
2777 1139 2917 1211 μετά
2966 1139 3258 1210 σταφίδων.
3286 1137 3789 1207 Καίτοιγάρ,φησὶ,

2197 1233 2292 1287 καὶ
2325 1231 2571 1286 ἀπειθεῖν
2608 1231 2916 1302 ἑλομένους,
2947 1227 3042 1283 καὶ
3077 1231 3189 1292 τοῖς
3229 1227 3600 1298 ψευδωνύμως
3635 1223 3776 1286 θεοῖς

2197 1321 2566 1392 ἀπονέμοντας
2613 1321 2712 1391 τὴν
2763 1320 3058 1390 ἀγάπησιν,
3092 1319 3186 1372 καὶ
3213 1318 3396 1380 αὐτοῖς
3441 1316 3509 1368 τὰ
3553 1314 3774 1384 θυμήρη

2196 1413 2438 1484 πληροῦν
2467 1411 2769 1478 ἐθέλοντας,
2808 1405 2866 1475 ἐξ
2899 1411 3142 1482 ἐμφύτου
3173 1408 3538 1480 χρηστότητος
3584 1405 3778 1474 ἀγαπᾷ

2195 1506 2224 1558 6
2252 1499 2493 1572 Θεὸς,ιδς
2520 1505 2723 1566 πάντας
2753 1501 3070 1574 ἀνθρώπους
3099 1501 3238 1553 θέλει
3270 1498 3527 1568 σωθῆναι,
3558 1498 3650 1549 καὶ
3695 1498 3775 1558 είς

2198 1595 2490 1661 ἐπίγνωσιν
2523 1593 2778 1664 ἀληθείας
2809 1593 3000 1646 ἐλθεῖν.
3033 1610 3052 1642 ι
3087 1591 3279 1643 Δίδωσι
3325 1585 3382 1640 δέ
3431 1601 3549 1648 π’ως
3586 1587 3718 1655 ἡμῖν
3747 1579 3774 1636 6

2197 1683 2289 1736 τοῦ
2332 1682 2467 1736 Θεοῦ
2510 1683 2665 1751 λόγος
2709 1685 2930 1744 ἐννοεῖν,
2957 1682 3036 1733 ὅτι
3067 1678 3206 1733 κατά
3234 1672 3324 1731 τδν
3353 1677 3452 1745 τῆς
3483 1673 3774 1743 ἐπιδημίας

2197 1773 2390 1844 καιρὸν
2414 1768 2553 1842 ἦσάν
2579 1790 2681 1826 που
2711 1773 2853 1842 τάχα
2881 1772 3032 1842 παρά
3069 1770 3181 1832 τοῖς
3216 1761 3491 1827 Ἰουδαίοις
3522 1767 3771 1831 ἐπαμφο-

521 1866 934 1921 mellitas.Talia
959 1863 1220 1934 siquidem
1255 1873 1522 1932 pemmata
1549 1861 1881 1916 daemonibus
1912 1862 1964 1916 in
1998 1877 2086 1916 sa-

2200 1865 2490 1938 περίζοντες
2519 1867 2599 1918 ἔτι
2631 1864 2833 1926 πολλοὶ,
2868 1863 2963 1915 καὶ
2999 1859 3123 1913 οὗτε
3158 1860 3270 1921 τοῖς
3301 1855 3389 1910 διὰ
3415 1855 3658 1913 Μωσέως
3691 1853 3776 1903 ὲν-

518 1957 783 2011 criticium
817 1955 1013 2010 offerre
1041 1967 1455 2009 consueverant.

2196 1953 2434 2025 τάλμασι
2460 1947 2838 2023 προσκείμενοι
2889 1947 3176 2020 κιιθοιριῖἱις⁸
3213 1945 3336 1998 οὔτε
3389 1939 3768 2014 μὴνεῑσάπαι

515 2047 922 2119 ἀπηλλαγμένοι
958 2047 1064 2100 τῶν
1107 2047 1207 2116 τῆς
1249 2046 1568 2116 πλανήσεως
1619 2045 1833 2117 ρύπωνν
1860 2046 2260 2112 ἀποϐλέποντες
2295 2047 2354 2102 δέ
2399 2047 2597 2117 μᾶλλον
2655 2046 2751 2101 καὶ
2817 2045 2898 2106 εἰς
2928 2043 3082 2105 θεοὺς
3143 2037 3473 2110 ἀλλοτρίους,
3551 2031 3633 2097 οἷς
3677 2029 3774 2086 καὶ

518 2138 782 2210 πέμματα
798 2138 1070 2210 προσῆγον
1085 2135 1230 2206 μετὰ
1248 2134 1541 2203 σταφίδων,
1568 2135 1788 2189 πόπανά
1807 2153 1911 2189 που
1935 2136 2099 2207 τάχα,
2139 2138 2234 2193 καὶ
2281 2139 2655 2210 μελιττούτας.
2721 2133 3127 2209 Προσεκόμιζον
3161 2131 3270 2202 γὰρ
3316 2131 3396 2193 είς
3436 2126 3625 2181 θυσίαν
3664 2128 3776 2187 τοῖς

517 2232 733 2302 δαίμοσι
763 2229 833 2283 τά
864 2228 1040 2282 τοιάδε
1067 2227 1358 2297 πέμματα.

589 2323 750 2378 Vens.
774 2320 898 2374 2-4.
935 2317 1000 2373 Et
1029 2319 1390 2373 conduai-eam
1422 2320 1550 2373 mihi
1570 2321 1869 2390 quindecim
1899 2335 2088 2393 argen-

519 2413 703 2478 teis,et
739 2426 919 2479 gomor
950 2410 1152 2472 hordei,
1183 2420 1230 2463 et
1272 2409 1418 2463 nebcl
1451 2411 1580 2473 vini,
1614 2420 1662 2463 et
1691 2412 1804 2464 dixi
1827 2412 1895 2463 ad
1929 2426 2043 2464 eam
2069 2428 2088 2466 :

522 2504 642 2556 Dies
673 2501 862 2554 multos
886 2502 1082 2554 sedebis
1127 2501 1264 2568 apud
1295 2515 1412 2563 me;
1442 2518 1542 2554 non
1571 2501 1961 2568 fornicaben’s,
1994 2514 2089 2556 rte-

519 2608 618 2662 qvue
643 2593 743 2646 eris
777 2593 883 2645 viro
909 2589 1085 2655 alteri,
1113 2599 1161 2642 et
1187 2606 1280 2659 ego
1315 2591 1454 2643 aoud
1481 2599 1557 2644 te.

595 2767 831 2823 XXXI".
889 2766 1134 2824 Mercede
1199 2767 1367 2838 igitur
1427 2767 1794 2824 mulierculam
1839 2772 2096 2828 conducit

519 2863 799 2933 propheta.
821 2860 1059 2915 Collocat
1087 2869 1269 2916 autem
1295 2861 1666 2926 domi,eteam
1695 2879 1724 2914 a
1765 2864 2006 2932 nequitia
2035 2877 2095 2919 se

522 2953 796 3016 cohibere,
828 2952 1186 3020 adulter-iique
1239 2951 1573 3006 fosditatibus
1614 2952 1775 3006 ﬁnem
1820 2954 2097 3024 imponere

518 3040 690 3113 jubet.
724 3038 1016 3093 Pollicetur
1046 3053 1195 3102 vero,
1229 3039 1274 3091 si
1301 3041 1367 3092 ad
1416 3039 1588 3108 ipsum
1626 3039 1797 3093 solum
1835 3057 2098 3098 conversa

526 3130 595 3185 ab
623 3129 727 3183 alio
761 3129 1018 3184 intactam
1056 3142 1174 3182 sese
1196 3131 1616 3195 conservaverit,
1653 3131 1793 3200 apud
1843 3133 2013 3202 ipsam
2045 3145 2100 3189 et

525 3229 586 3270 se
608 3214 869 3277 futurum,
915 3213 1021 3267 hoc
1049 3221 1158 3278 est,
1179 3213 1245 3268 ad
1275 3213 1488 3267 tbcrum
1533 3213 1866 3284 conjugalem
1891 3217 2100 3274 adhibi-

528 3314 729 3370 turum,
760 3313 814 3359 et
861 3317 1029 3358 unum
1089 3318 1211 3358 cum
1269 3303 1386 3372 ipsa
1435 3303 1695 3360 futurum.
1740 3305 1916 3374 lnquit
1953 3309 2097 3364 enim

527 3395 841 3465 Scriptura:
876 3412 896 3446 ι
927 3394 1086 3449 Erunt
1113 3395 1164 3449 hi
1191 3396 1301 3448 duo
1326 3395 1380 3449 in
1395 3409 1556 3450 carne
1583 3412 1687 3451 una
1713 3398 1778 3450 οι.
1810 3417 1830 3449 ι
1858 3398 2103 3465 Quidam.

530 3495 635 3541 tem
660 3485 774 3541 vult
797 3485 1059 3554 aenigma?
1085 3485 1390 3540 Judmorum
1413 3487 1627 3541 turbem
1667 3489 2019 3558 ineredulam,
2047 3501 2102 3546 et

528 3577 740 3637 Domini
789 3578 1182 3642 mactatricem,
1225 3576 1522 3631 adulteram
1573 3589 1626 3632 et
1667 3579 1931 3648 impuram
1981 3590 2097 3652 post

525 3667 728 3726 Christi
781 3667 834 3721 in
894 3667 1061 3722 cmlos
1107 3665 1337 3721 reditum
1380 3669 1568 3722 sedere
1612 3669 1786 3739 jubet,
1832 3671 1949 3726 sine
1984 3675 2101 3728 viro

527 3761 781 3831 quidem;
819 3769 1194 3812 verumtamen
1245 3759 1348 3812 nisi
1396 3759 1572 3814 adhuc
1604 3762 1869 3817 fornicata
1916 3762 2098 3831 fuerit,

528 3851 633 3905 hoc
667 3859 772 3915 est,
794 3850 839 3905 si
874 3851 1004 3905 deos
1030 3849 1234 3904 alienos
1258 3867 1469 3906 rursum
1493 3855 1670 3907 colere
1701 3855 2098 3920 detrectaverit,

527 3942 632 3996 sibi
649 3957 766 3995 eam
793 3956 890 3995 suo
914 3951 1152 4009 tempore
1173 3941 1546 4010 copulaturum
1568 3946 1850 4012 promittit,
1865 3949 2100 4016 gentium

528 4033 779 4089 videlicet
811 4032 1149 4088 multitudine
1178 4033 1328 4103 prius
1351 4032 1846 4103 ingressa.Positus
1861 4040 2101 4093 estenim

527 4139 560 4179 a
593 4133 741 4194 tergo
765 4121 950 4188 Israel,
982 4123 1036 4177 id
1071 4132 1174 4190 est,
1207 4124 1422 4194 sequela
1454 4127 1715 4194 quadam,
1737 4137 1792 4182 et
1813 4131 2098 4198 appendix,

523 4227 582 4274 et
608 4217 662 4272 in
697 4216 1006 4287 postremis.
1035 4216 1274 4274 Observa
1321 4218 1470 4284 item,
1495 4234 1602 4289 quo
1645 4230 1804 4291 pacto
1849 4224 2102 4293 nuptialis

2264 2318 2377 2373 Kal
2421 2319 2874 2389 ἑμισθευσάμην
2921 2316 3154 2388 ἐμαυτῷ
3210 2313 3637 2370 πεντεκαίδεκα
3676 2315 3777 2383 ἀρε

2193 2409 2464 2480 γυρίους,
2523 2408 2622 2462 καὶ
2678 2409 2861 2480 γομὸρ
2915 2405 3150 2476 κριθῶν,
3189 2405 3290 2458 καὶ
3346 2403 3522 2458 νέϐελ
3577 2405 3774 2466 οἴνου,

2195 2499 2298 2552 καὶ
2321 2495 2460 2552 εἶπα
2503 2501 2650 2566 πρὸς
2684 2494 2898 2565 αὐτὴν·
2957 2497 3201 2567 Ἡμέρας
3263 2495 3495 2560 πολλὰς
3541 2494 3778 2562 καθήσῃ

2192 2587 2291 2640 ἐπ’
2345 2587 2508 2656 ἐμοίδ
2545 2587 2643 2639 καὶ
2674 2591 2748 2640 ὀὺ
2775 2586 2862 2656 μὴ
2914 2587 3277 2655 πορνεύσῃς,
3338 2583 3482 2640 οὐδὲ
3508 2585 3590 2654 μὴ
3632 2583 3776 2656 γένῃ

2193 2676 2370 2747 ἀνδρὶ
2395 2677 2593 2746 ἑτέρῳ,
2632 2679 2728 2732 καὶ
2758 2677 2872 2747 ἐγὼ
2905 2675 3002 2731 est
3030 2678 3150 2732 σοι.
3664 2685 3668 2690 ’

2266 2772 2388 2824 AI".
2439 2770 2890 2840 Καταμισθοῦται
2950 2768 3048 2841 μὲν
3097 2764 3190 2823 οὖν
3224 2767 3286 2822 τὸ
3329 2766 3550 2837 γύναιον
3577 2768 3605 2820 6
3643 2782 3779 2835 προσ

2199 2862 2398 2932 φήτης,
2431 2859 2646 2921 καθίζει
2673 2859 2729 2911 δὲ
2749 2857 2908 2920 οἴκοι,
2933 2859 3026 2910 καὶ
3075 2858 3177 2927 τῆς
3209 2859 3265 2911 ἐν
3297 2857 3408 2911 ἔσει
3449 2854 3782 2924 φαυλότητος

2201 2951 2536 3021 ἀποσχέσθαι
2591 2951 2828 3010 κελεύει,
2858 2951 2951 3000 καὶ
2977 2948 3082 2999 τῶν
3115 2945 3214 3016 τῆς
3269 2946 3515 3017 μοιχείας
3543 2946 3784 3016 καταλῆδ

2201 3044 2286 3112 ξαι
2307 3042 2617 3114 μολυσμῶν.
2654 3036 3079 3105 Ἐπαγγέλλεταί
3101 3053 3163 3104 γε
3195 3038 3298 3106 μὴν
3332 3041 3628 3103 σωφρονεῖν
3644 3039 3785 3106 ᾑρη-

2203 3135 2362 3205 μένῃ,
2414 3133 2509 3186 καὶ⁷
2532 3133 2612 3194 είς
2639 3130 2800 3184 αὐτὸν
2827 3129 3010 3199 ὁρώσῃ
3040 3128 3196 3198 μόνον
3230 3127 3316 3179 ἐπ’
3341 3123 3475 3194 αὐτῇ
3511 3126 3602 3176 καὶ
3621 3125 3786 3183 αὐτὸς

2199 3223 2437 3278 ἔσεσθαι.
2485 3222 2793 3287 Τουτέστιν,
2844 3217 3229 3274 οἰκειώσασθαι
3271 3214 3540 3286 γαμικῶς,
3578 3213 3670 3266 καὶ
3723 3213 3786 3267 ἓν

2202 3315 2420 3369 ἔσεσθαι
2449 3314 2584 3384 πρὸς
2609 3314 2797 3384 αὐτήν⁶
2830 3331 2848 3364 ι
2865 3310 3120 3364 Ἔσονται
3143 3309 3271 3379 γὰρ,
3314 3305 3498 3376 φησιν,
3517 3306 3564 3358 οἱ
3590 3304 3682 3357 δύο
3703 3307 3788 3370 εἰς

2203 3405 2381 3475 σάρκα
2427 3404 2610 3475 μίαν.»
2641 3404 2752 3456 Καὶ
2779 3401 2832 3454 τί
2857 3401 2917 3454 τὺ
2945 3401 3208 3470 αίνιγμα;
3233 3398 3344 3468 Τὴν
3364 3397 3471 3450 τῶν
3511 3397 3784 3450 Ἰουδαίων

2203 3497 2433 3568 πληθὺν,
2465 3497 2564 3568 τὴν
2590 3494 2792 3564 ἀπειθῆ
2821 3493 2916 3547 καὶ
2955 3490 3340 3561 Κυριοκτόνον,
3363 3489 3460 3559 τὴν
3500 3488 3780 3558 μοιχαλίδα

2202 3589 2295 3642 καὶ
2327 3587 2549 3658 βέϐηλον
2603 3585 2740 3657 μετά
2784 3584 2847 3638 τὸ
2876 3583 3233 3653 ἀναφοιτῆσαι
3282 3579 3512 3652 Χριστὸν
3545 3582 3622 3643 εἰς
3657 3582 3782 3643 τοὺς

2201 3678 2520 3751 ἀνθρώπους
2549 3678 2763 3741 καθίζει
2795 3677 2948 3741 Θεδς,
2992 3675 3248 3745 ἄνανδρον
3278 3674 3406 3745 μέν’
3449 3673 3586 3744 πλὴν
3617 3675 3665 3726 εί
3706 3673 3780 3744 μὴ

2204 3770 2552 3842 πορνεύσειεν
2573 3768 2676 3832 ἔτι,
2708 3768 3006 3829 τουτέστιν,
3037 3769 3085 3819 εί
3112 3766 3187 3836 μὴ
3214 3764 3419 3835 βαδίζοι
3444 3764 3605 3816 πάλιν
3642 3763 3780 3833 πρὸς

2203 3863 2262 3916 τὸ
2281 3863 2390 3916 δεῖν
2423 3862 2637 3916 ἑλέσθαι
2668 3862 2832 3932 τιμᾷν
2861 3859 3014 3922 θεοὺς
3048 3857 3360 3928 ἀλλοτρίους
3380 3897 3393 3918 ,
3431 3854 3610 3925 ἐαυτῷ
3658 3866 3781 3906 συνε

2204 3955 2360 4025 άψειν
2384 3955 2526 4009 κατὰ
2555 3955 2780 4023 καιροὺς
2801 3952 3216 4021 ἐπαγγέλλεται,
3248 3951 3345 4020 τῆς
3366 3947 3471 4001 τῶν
3500 3945 3666 4000 ἐθνῶν
3687 3945 3777 4013 δηκ

2203 4044 2378 4098 λονότι
2417 4044 2656 4115 πληθύος
2693 4043 3239 4114 προεισκεκριμένης.
3282 4039 3532 4092 Τέθειντο
3562 4037 3669 4107 γὰρ
3697 4034 3770 4096 είς

2205 4135 2373 4190 νῶτον
2419 4137 2468 4189 οἱ
2496 4135 2556 4199 ἐξ
2591 4135 2835 4206 Ἰσραὴλ,
2887 4135 3153 4196 τουτέστι,
3185 4128 3650 4204 παρακολούθημα
3686 4125 3777 4178 καὶ

2204 4227 2376 4280 ὀπίσω
2406 4227 2496 4280 καὶ
2522 4228 2579 4279 ἐν
2597 4229 2709 4290 τοῖς
2725 4227 2994 4296 ἐσχάτοις.
3013 4225 3204 4294 Ἐπιτή
3215 4240 3293 4294 ρει
3307 4223 3382 4286 δὲ,
3401 4223 3548 4282 ὅπως
3565 4217 3776 4277 σύνοδος

525 4323 814 4376 corporum
841 4308 1149 4375 conjunctio
1178 4310 1452 4379 prophetae
1482 4327 1603 4366 cum
1653 4314 1894 4369 adultera
1917 4325 1972 4370 et
2001 4319 2098 4370 im-

2210 4319 2307 4388 μὲν
2320 4335 2391 4386 γα
2399 4320 2534 4388 μικὴ
2555 4316 2634 4386 τῷ
2654 4319 2906 4387 προφήτῃ
2929 4317 3064 4386 πρὸς
3077 4315 3176 4385 τὴν
3193 4312 3475 4384 μοιχαλίδα
3505 4308 3596 4362 καὶ
3613 4323 3777 4374 πονηο

526 4399 695 4470 proba
727 4397 867 4452 nulla
907 4399 1067 4466 plane
1115 4397 1317 4463 fuerit;
1349 4403 1612 4466 promissa
1642 4419 1772 4458 vero
1813 4413 1934 4473 post
1983 4408 2098 4462 dies

2209 4409 2309 4479 ράν
2346 4409 2407 4461 οὐ
2457 4408 2680 4475 γέγονεν
2713 4407 2871 4470 ὅλως,
2907 4407 3200 4477 ὑπόσχεσις
3231 4404 3286 4458 δὲ
3331 4404 3425 4458 τοῦ
3457 4401 3776 4472 πράγματος

527 4489 748 4552 multos,
783 4489 882 4543 nisi
914 4489 1120 4542 interea
1163 4489 1354 4544 fuisset
1381 4506 1502 4544 cum
1540 4494 1658 4547 viro
1685 4509 1871 4549 rursus
1904 4496 2094 4560 altero,

2206 4500 2344 4568 μετὰ
2377 4496 2579 4559 πολλὰς
2604 4497 2839 4566 ἡμέρας,
2876 4499 2923 4550 εί
2957 4497 3032 4568 μὴ
3065 4497 3220 4567 ἀνδρὶ
3247 4497 3454 4566 γένοιτο
3484 4492 3642 4546 πάλιν
3672 4489 3780 4542 ἐτέ-

528 4581 632 4635 hoc
659 4589 763 4645 est,
793 4594 852 4633 se
877 4579 928 4632 in
957 4579 1257 4634 sceleribus
1285 4589 1340 4634 et
1369 4581 1764 4649 impuritatibus
1791 4583 2088 4639 fornicatio-

2205 4605 2302 4658 ρῳ,
2326 4588 2625 4653 τουτέστιν,
2647 4589 2695 4639 εἰ
2717 4589 3005 4659 ἀπόσχοιτο
3033 4587 3140 4640 τῶν
3172 4589 3269 4659 τῆς
3299 4587 3495 4658 νοητῆς
3525 4581 3780 4653 πορνείας

527 4672 614 4724 nis
651 4671 845 4722 animae
874 4679 1196 4737 perpetrata:
1225 4684 1331 4724 non
1359 4671 1801 4727 contaminasset.
1835 4673 2098 4742 Suscipiet

2200 4677 2560 4747 ἐγκλημάτων
2624 4679 2718 4732 καὶ
2779 4678 3088 4749 μολυσμῶν.
3135 4677 3446 4742 Είσδέξεται
3505 4671 3646 4744 γὰρ,
3707 4667 3780 4729 ὡς

529 4761 698 4823 enim,
734 4769 794 4812 ut
831 4760 979 4823 dixi,
1023 4760 1309 4829 aliquando
1353 4763 1653 4817 adulteram
1703 4765 2098 4821 multitudinem

2201 4767 2360 4838 ἔφην,
2395 4769 2538 4822 κατὰ
2567 4772 2792 4841 καιροὺς
2814 4771 2912 4841 τὴν
2942 4771 3222 4842 μοιχαλίδα
3267 4769 3476 4840 πληθὺν
3529 4765 3588 4829 ἐξ
3617 4764 3780 4830 οὖρα·

532 4864 761 4920 sponsus
793 4851 859 4904 de
897 4850 1056 4916 casio,
1082 4851 1127 4906 si
1161 4851 1300 4906 idola
1338 4853 1520 4907 colere
1551 4855 1789 4908 desierit.
1818 4856 1943 4912 Post
1974 4873 2099 4913 cru-

533 4959 651 4999 cem
699 4944 842 4997 euim
897 4943 1195 5000 Salvatoris
1237 4945 1367 5002 solis
1414 4945 1582 5018 Moysi
1634 4948 1842 5019 legibus
1893 4951 2102 5008 deditus

533 5044 654 5088 erat
677 5033 880 5102 Israel;
914 5034 1136 5090 ﬂaccide
1160 5037 1373 5105 quidem
1403 5047 1458 5092 et
1486 5039 1852 5109 negligenter;
1883 5057 2100 5096 verum-

535 5134 714 5180 tamen
742 5126 806 5181 ad
837 5127 1227 5196 pseudolatrias
1267 5129 1566 5183 daemonum
1600 5130 1882 5187 deﬂectere
1907 5148 2011 5188 nou
2038 5133 2100 5187 li-

533 5217 713 5271 bebat.
747 5218 1010 5275 Caeterum
1054 5234 1175 5289 quae
1229 5221 1367 5274 ratio
1412 5222 1536 5276 vitae
1575 5223 1837 5278 adulterio
1863 5224 2096 5293 pollutm,

531 5307 642 5377 60
669 5318 722 5362 et
759 5311 1029 5378 propheta:
1053 5312 1498 5367 consuetudinem
1535 5321 1775 5382 tempore
1814 5329 1913 5368 suo
1953 5314 2098 5368 lutu-

535 5413 650 5452 ram
679 5403 1048 5465 exspectanti?
1077 5412 1168 5457 aut
1208 5418 1327 5472 qua:
1354 5401 1590 5468 fuerunt,
1616 5405 1810 5474 quibus
1837 5406 2100 5460 conducta

535 5499 638 5553 est,
667 5489 978 5544 mercedes?
1014 5491 1380 5557 «Quindecim,
1420 5493 1617 5562 inquit,
1640 5497 1900 5566 argentei,
1931 5504 1983 5551 et
2004 5511 2101 5564 go-

518 5594 655 5655 _tuor
688 5579 893 5645 hordei,
916 5592 970 5635 et
1012 5583 1162 5638 nebcl
1193 5587 1319 5641 viui.
1362 5605 1381 5637 ι
1416 5584 1806 5644 Perseverabat
1837 5588 1980 5644 enim
2025 5588 2100 5643 ls-

602 5755 652 5792 ⁶⁰
681 5753 864 5835 l/Tim.
899 5771 957 5822 ιι,
996 5755 1048 5812 4.
1127 5756 1166 5786 ⁸·
1206 5757 1340 5811 Gen.
1374 5773 1434 5821 ιι,
1460 5761 1550 5814 Ἡ.

2202 4859 2294 4913 νοῦ
2324 4859 2574 4929 νυμφίος,
2602 4862 2662 4914 οὐ
2681 4862 3056 4932 λατρεύσασαν
3088 4861 3346 4924 εἰδώλοις.
3377 4858 3531 4913 Μετά
3555 4857 3665 4926 γάρ
3699 4869 3780 4905 τοι

2199 4952 2290 5005 τὸν
2325 4952 2419 5004 τοῦ
2454 4953 2705 5024 Σωτῆρος
2737 4955 3001 5025 σταυρὸν,
3053 4955 3232 5026 μόνοις
3268 4955 3382 5015 τοῖς
3405 4951 3492 5005 διά
3541 4945 3784 5006 Μωσέως

2201 5045 2597 5116 προσκείμενος
2633 5045 2818 5115 νόμοις
2881 5048 2908 5099 6
2977 5046 3212 5118 Ἰσραὴλ,
3257 5044 3471 5116 σαθρῶς
3519 5041 3616 5112 μὲν
3675 5035 3784 5104 γὰρ

2202 5133 2321 5186 λίαν
2356 5134 2454 5186 καὶ
2507 5135 2988 5206 κατημελημένως,
3020 5137 3158 5208 πλὴν
3187 5137 3287 5189 οὐκ
3319 5133 3680 5188 ἀπονένευκεν
3705 5127 3785 5188 εἰς

2206 5226 2266 5278 τὸ
2291 5225 2502 5279 ἑλέσθαι
2532 5229 2697 5297 τιμᾷν
2723 5228 2820 5290 τὰς
2851 5229 2960 5280 τῶν
3002 5229 3291 5298 δαιμονίων
3340 5219 3782 5294 ψευδολατρείας.

2221 5318 2380 5371 Ἀλλά
2410 5320 2493 5382 τίς
2523 5321 2552 5372 6
2596 5320 2794 5391 τρόπος
2827 5319 2925 5389 τῆς
2950 5319 3094 5386 ζωῆς
3121 5323 3187 5391 τῇ
3234 5315 3646 5389 μεμοιχευμὲνῃ
3693 5310 3789 5362 καὶ

2211 5411 2576 5482 περιμενούσῃ
2617 5411 2757 5464 κατά
2796 5413 3020 5482 καιροὺς
3057 5412 3150 5466 τοῦ
3205 5413 3487 5482 προφήτου
3528 5409 3629 5478 τὴν
3673 5421 3790 5457 κοι-

2210 5502 2442 5570 νωνίαν;
2472 5503 2507 5574 ἢ
2535 5505 2664 5556 ποῖα
2707 5503 2929 5572 γέγονεν
2957 5505 3093 5575 αὐτῇ
3133 5507 3200 5557 τὰ
3243 5501 3571 5573 μισθώματα
3594 5496 3791 5566 ;ιΠεν-

2210 5592 2520 5659 τεκαίδεκα,
2566 5596 2752 5664 φησὶν,
2793 5592 3052 5668 ἀργύρια,
3082 5595 3174 5650 καὶ
3211 5594 3384 5665 γόμορ
3415 5589 3645 5664 κριθῶν,
3692 5583 3791 5640 γαὶ
