4098 6276
386 372 494 430 {08

394 577 488 646 τῆς
525 572 756 641 ἐσχάτης
785 566 953 621 αὑτοῦ
982 566 1227 637 κλήσεως
1253 566 1462 636 χρόνον,
1496 566 1741 636 ἀδοκίμῳ
1768 566 1960 636 τρεφό-

392 680 550 737 μενος
592 661 755 730 λόγῳ,
799 659 895 712 καὶ
941 657 1312 720 διδασκαλίαις
1344 657 1626 727 προσέχων
1654 657 1773 719 ταῖς
1800 656 1959 726 μυθι-

390 758 509 816 καίς
558 755 654 806 καὶ
685 748 1092 823 γραοπρεπέσιν
1126 749 1206 818 (1)
1246 746 1460 817 ἀληθῶς
1506 748 1628 810 ταῖς
1663 746 1772 799 τῶν
1816 747 1962 809 ίδίως

387 844 733 915 καθηγητῶν.
761 842 957 910 Γέγονε
981 840 1036 893 δὲ
1059 840 1209 910 αύτῷ
1237 839 1615 910 κτηνοπρεπὴς
1639 838 1668 889 ὁ
1700 837 1833 907 βίος,
1868 838 1963 891 καὶ

385 940 413 991 ὁ
450 937 575 999 νοῦς
612 937 671 989 ὲν
706 933 842 1005 μέθῃ
897 931 993 984 καὶ
1047 930 1241 1000 σκότῳ,
1281 929 1462 992 Τύπος
1505 928 1550 982 δ’
1603 927 1671 982 ἂν
1720 928 1807 998 είη
1867 927 1963 980 καὶ

388 1029 534 1098 μάλα
571 1025 780 1096 σαφὴς,
817 1023 977 1091 λόγου
1021 1023 1128 1092 ’μὲν
1152 1018 1536 1074 διδασκαλικοῦ
1568 1018 1630 1072 τὸ
1666 1018 1958 1089 ἀργύριον,

386 1122 529 1176 κατά
558 1138 622 1190 γε
653 1120 713 1174 τὸ
731 1118 819 1172 διὰ
847 1119 948 1188 τῆς
974 1116 1200 1169 Ἥσαῖου
1231 1114 1415 1185 φωνῆς
1435 1113 1573 1184 πρὸς
1592 1112 1791 1174 αὐτοὺς
1815 1113 1962 1183 είρη-

391 1213 571 1283 μένοψ
595 1229 614 1263 ι
626 1210 698 1265 Τὸ
715 1206 976 1279 ἀργύριον
992 1205 1145 1275 ὑμῶν
1161 1204 1443 1274 ἀδόκιμον,
1459 1204 1581 1255 ικαὶ
1597 1202 1739 1256 κατὰ
1753 1201 1850 1273 τὴν
1865 1199 1960 1254 τοῦ

386 1302 640 1372 Σωτῆρος
678 1297 879 1369 φωνὴν,
923 1295 1004 1367 τῷ
1042 1292 1263 1366 ποντιρῷ
1284 1294 1378 1348 καὶ
1420 1291 1640 1364 ὀκνηρῷ
1669 1292 1840 1362 δούλῳ
1880 1291 1962 1345 δι-

386 1394 555 1457 καίως
575 1388 938 1462 ἐπιτιμῶντος
981 1388 1073 1441 καὶ
1102 1386 1406 1455 λέγοντοςοι
1434 1384 1581 1438 Ἔδει
1609 1400 1668 1437 σε
1696 1383 1887 1454 βαλεῖν
1901 1382 1964 1435 τὸ

386 1483 649 1557 ἀργύριόν
682 1499 783 1551 μου
815 1482 929 1543 τοῖς
962 1478 1340 1550 τραπεζίταις.
1375 1495 1394 1530 ι
1425 1477 1636 1531 Οὐκοῦν
1684 1476 1750 1530 τὸ
1788 1474 1962 1547 ἀργύ-

389 1595 526 1648 ριον,
545 1576 606 1628 τὸ
630 1575 741 1627 τῶν
764 1571 1120 1627 διδασκόντων
1149 1567 1342 1640 ἑκδέξῃ
1364 1568 1537 1636 λόγον.

458 1669 526 1720 "Et
552 1666 608 1719 δὲ
637 1665 700 1735 δή
725 1680 809 1726 τις
832 1661 1009 1715 ἕλοιτο
1037 1660 1132 1713 καὶ
1168 1660 1249 1722 είς
1285 1658 1449 1713 αὐτὸν
1472 1657 1564 1713 τὸν
1594 1657 1683 1711 διὰ
1713 1655 1964 1719 Μωσέως

1302 361 1847 418 COMMENTARIUS
1886 362 1953 418 IN
1992 364 2226 422 OSEAM
2268 365 2719 424 PROPHETAM.

388 488 547 539 vé62).
573 484 734 536 οἴνου.
771 500 788 530 ι
816 477 1159 534 Διατετέλεκε
1189 476 1298 548 γὰρ
1328 480 1357 530 ό
1390 477 1606 550 Ἰσραὴλ
1635 477 1726 531 τὸν
1759 478 1958 548 μεταξὺ

2065 480 2178 534 rael
2200 495 2369 549 usque
2391 484 2457 536 ad
2481 491 2784 538 extremum
2810 489 3021 552 tempus
3046 482 3345 540 vocationis
3360 502 3472 544 sua:
3491 497 3637 558 pasci

2058 585 2123 624 ac
2145 572 2337 625 nutriri
2369 571 2691 628 adulterinis
2721 573 3079 639 sermonibus,
3116 582 3173 628 et
3207 577 3487 632 attendere
3538 579 3639 635 du-

2059 660 2251 716 ctrinis
2278 659 2537 716 fabulosis
2580 673 2636 716 et
2678 678 2805 719 vere
2846 664 3078 720 anilibus
3100 667 3483 735 magistrorum
3512 684 3641 726 suo-

2058 767 2200 806 rum.
2225 748 2344 804 Vita
2385 761 2564 807 autem
2599 753 2703 806 fuit
2736 754 2785 807 ei
2825 754 3120 810 bestiarum
3168 758 3289 812 vita:
3330 759 3544 827 similis,
3584 773 3643 819 et

2060 857 2212 898 mens
2239 843 2388 896 ebria
2436 859 2501 898 ac
2551 846 2790 899 tenebris
2823 844 3016 904 oﬂ‘usa.
3050 848 3280 907 Evideus
3314 860 3472 923 typus
3516 870 3640 911 esse

2060 937 2533 1002 potest,sertuonls
2561 934 2776 1001 quidem
2811 935 3145 992 instituentis
3174 944 3638 1012 argentum,jnxta

2060 1022 2211 1087 illud,
2235 1023 2376 1091 quod
2415 1024 2484 1077 ah
2514 1022 2655 1078 lsaia
2682 1024 2750 1079 ad
2774 1039 2868 1079 eos
2896 1025 3096 1080 dictum
3126 1039 3243 1085 est:
3286 1049 3304 1082 ι
3336 1033 3635 1103 Argentum

2060 1125 2299 1170 vestrum
2329 1118 2618 1185 reprobum
2643 1117 2688 1149 “
2715 1133 2764 1185 ;›
2800 1126 2852 1173 et
2881 1119 3034 1188 juxta
3066 1121 3287 1175 verbum
3319 1121 3635 1190 Salvatoris,

2070 1220 2285 1261 servum
2320 1221 2548 1276 nequam
2590 1217 2644 1262 et
2678 1209 2885 1277 pigrum
2917 1209 3063 1279 juste
3106 1211 3433 1281 increpantis
3461 1230 3526 1270 ac
3557 1218 3637 1270 di-

2062 1294 2267 1350 centis:
2303 1312 2321 1345 ι
2346 1294 2598 1365 Oportuit
2644 1306 2697 1351 te
2743 1300 3083 1355 committere
3120 1310 3399 1370 argentum
3452 1319 3630 1360 meum

2064 1386 2441 1442 nummulariis
2466 1387 2533 1443 υ.
2565 1406 2585 1439 ι
2628 1387 2812 1459 Itaque
2836 1392 3045 1461 argenti
3082 1397 3299 1450 nomine
3327 1408 3634 1451 sermonem

2065 1479 2374 1533 docentium
2408 1479 2646 1550 accipies
2671 1530 2686 1542 .

2139 1652 2287 1719 Quod
2306 1653 2350 1708 si
2374 1655 2456 1709 cui
2482 1653 2741 1724 placuerit
2755 1655 2940 1721 etiam,
2957 1657 3024 1713 ad
3043 1658 3212 1727 ipsam
3236 1660 3434 1732 Moysis
3460 1662 3629 1733 legem

390 1758 625 1812 ἀνοίσειν
649 1756 833 1825 νόμον,
865 1750 1254 1806 πεντεκαίδεκα
1294 1745 1435 1804 εἶναι
1472 1750 1658 1820 φήσει,
1688 1747 1722 1819 ἢ
1758 1748 1838 1801 ὅτι
1872 1746 1958 1800 τέ-

2066 1739 2293 1808 referre,
2326 1743 2630 1811 quindecim
2683 1752 2966 1814 argenteos
3005 1758 3127 1802 esse
3175 1747 3340 1814 dicet,
3373 1761 3466 1805 aut
3505 1752 3629 1820 quia

388 1849 533 1911 λειὸς
561 1866 619 1901 τε
655 1820 789 1917 ὁμοῦ
820 1820 927 1898 καὶ
962 1841 1156 1913 ἀτελὴς
1182 1843 1213 1895 6
1243 1841 1426 1911 νόμος.
1461 1840 1576 1895 Καὶ
1606 1840 1809 1903 τέλειος
1839 1836 1958 1909 μὲν,

2060 1828 2298 1899 perfecta
2347 1832 2507 1886 simul
2549 1841 2605 1888 et
2653 1832 2966 1904 imperfecta
3011 1847 3098 1891 est
3142 1836 3267 1893 lex:
3300 1848 3353 1893 et
3394 1840 3628 1908 perlecta

392 1943 442 1993 εί
467 1940 638 1991 νοοῖτο
673 1932 1052 2004 πνευματικῶς
1096 1931 1270 2000 (λαλεί
1302 1930 1412 2002 γὰρ
1436 1931 1573 2001 ἡμῖν
1599 1930 1694 1983 τοῦ
1724 1925 1963 2000 Χριστοῦ

396 2027 740 2102 μυστήριον)’
774 2024 969 2097 ἀτελὴς
988 2024 1045 2078 δὲ
1066 2019 1160 2090 αὖ,
1187 2024 1236 2076 εί
1258 2022 1452 2094 μέχρις
1475 2021 1545 2074 τοι
1576 2019 1672 2074 τοῦ
1703 2020 1965 2090 γράμμα-

387 2139 481 2185 τος
504 2120 612 2173 τῶν
643 2114 1175 2186 παιδαγωγουμένων
1197 2114 1226 2166 ὁ
1254 2113 1398 2177 νοῦς.
1428 2111 1604 2165 Οίονεὶ
1627 2111 1735 2183 γάρ
1767 2127 1884 2174 πως
1907 2110 1965 2163 ἑν

388 2211 577 2282 ἡμίσει
613 2209 868 2279 γνώσεως
898 2208 996 2276 τῆς
1025 2203 1265 2276 ἱστορίας
1292 2204 1355 2257 τὸ
1386 2205 1579 2274 πάχος.
1613 2200 1885 2273 Σύμϐολον
1906 2199 1965 2253 δὲ

385 2303 721 2373 τελειότητος
763 2302 792 2355 ό
839 2299 971 2354 δέκα
1015 2298 1164 2351 ἐστὶν
1196 2295 1462 2368 ἀριθμὸς,
1498 2293 1808 2358 παντέλειος
1843 2291 1920 2347 ῶν
1943 2330 1960 2356 ,

387 2394 528 2448 κατά
545 2394 625 2459 τὸ,
643 2410 662 2445 ι
686 2393 817 2445 Ἔσο
832 2391 1017 2444 ἐπάνω
1034 2389 1164 2443 δέκα
1193 2386 1399 2441 πόλεων
1415 2399 1467 2439 ἰ
1490 2385 1687 2451 καὶτὸ,
1709 2401 1728 2436 ι
1748 2382 1839 2455 Τῷ
1864 2382 1962 2454 μὲν

387 2485 555 2539 1ἔδωκε
606 2484 767 2539 πέντε
797 2481 1054 2537 τάλαντα.
1086 2498 1105 2531 ι
1141 2479 1248 2534 Τοῦ
1280 2478 1337 2532 δὲ
1368 2477 1444 2548 μὴ
1489 2475 1664 2540 οὕτως
1709 2474 1958 2546 ἔχοντος,

372 2576 543 2628 ινοοῖτ’
578 2574 644 2628 ἂν
674 2577 703 2628 ὁ
727 2573 912 2627 πέντε.
951 2571 1061 2626 Καὶ
1089 2570 1218 2641 γὰρ,
1251 2570 1327 2633 ῶς
1358 2569 1517 2640 ἔφην,
1543 2568 1601 2620 ὲν
1630 2566 1822 2638 ἡμίσει
1852 2563 1962 2621 τῶν

389 2666 545 2718 δέκα.
580 2664 654 2716 Ἦ
702 2662 799 2716 καὶ
844 2661 965 2715 καθ’
1010 2660 1194 2730 ἓτερον
1239 2657 1443 2728 τρόπον
1486 2656 1601 2718 τοῖς
1651 2652 1962 2725 εἰρημένοις

391 2753 743 2826 προσϐαλεῖς.
783 2753 843 2807 '0
873 2752 1006 2805 δέκα
1031 2750 1124 2803 καὶ
1157 2748 1318 2801 πέντε
1357 2744 1588 2816 ἀριθμὸς
1618 2741 1962 2814 περιεκτικός

394 2850 513 2900 ἐστι
543 2845 648 2898 τῶν
677 2842 837 2907 ἑπτὰ,
890 2843 984 2896 καὶ
1021 2841 1201 2911 μέντοι
1241 2839 1337 2893 καὶ
1389 2836 1499 2890 τῶν
1546 2835 1709 2890 ὀκτώ.
1752 2833 1962 2905 Σημαί-

391 2953 542 2991 νεται
574 2935 630 2988 δέ
662 2951 781 2997 πως
822 2932 909 2986 ἀεὶ
955 2931 1105 3001 παρὰ
1148 2932 1213 3001 τῇ
1256 2927 1596 2998 θεοπνεύστῳ
1629 2926 1840 2998 Γραφῇ,
1870 2923 1961 2978 διὰ

391 3027 492 3099 μὲν
520 3025 614 3079 τοῦ
641 3024 781 3078 ἑπτὰ
816 3022 1036 3094 σύμπας
1069 3023 1097 3075 ὁ
1126 3021 1219 3075 τοῦ
1247 3021 1413 3087 νόμου
1441 3018 1630 3089 καιρὸς
1663 3016 1823 3088 μέχρι
1850 3014 1959 3068 τῶν

390 3119 561 3187 ἁγίων
593 3114 911 3187 προφητῶν,
927 3112 1025 3166 διὰ
1071 3113 1162 3166 τὸν
1207 3113 1264 3165 ὲν
1291 3110 1493 3182 ἐϐδόμῃ
1538 3107 1954 3177 Σαϐϐατισμόνσ

599 3169 692 3260 τδῦ
715 3169 877 3257 ⁵(ακτὰ)
898 3169 1075 3255 ’πάλιν
1101 3204 1128 3255 ὁ
1148 3203 1246 3271 τῆς
1273 3199 1397 3262 νέας
1416 3169 1707 3267 δίαθήκης,
1739 3169 1864 3247 καίν
1890 3192 1958 3261 ἦν
1985 3169 2033 3233 c

396 3302 432 3369 ἡ
455 3301 739 3360 ἀνάστασις
767 3295 860 3350 τοῦ
886 3295 1092 3366 Κυρίου
1121 3292 1277 3364 ήμῶν
1315 3288 1491 3362 Ἰησοῦ
1515 3287 1775 3360 Χριστοῦ,
1803 3301 1955 3354 γενο-

405 3388 536 3458 μένη
569 3388 708 3440 κατὰ
755 3387 853 3457 τὴν
904 3385 1117 3455 ὀγδόην.
1149 3384 1259 3435 Καὶ
1298 3381 1459 3435 τοῦτο
1495 3374 1648 3450 οἶμαι
1675 3376 1868 3448 δηλοῦν
1897 3376 1959 3429 τὺ

402 3479 807 3547 αἰνιγματωδῶς
829 3478 945 3549 είρη
955 3477 1135 3546 μένον·
1159 3495 1177 3525 ‹
1200 3475 1299 3537 Δὸς
1331 3472 1525 3544 μερίδα
1549 3473 1658 3535 τοῖς
1686 3469 1845 3534 ἑπτὰ,
1863 3469 1958 3522 καί

399 3587 462 3638 γε
499 3571 608 3632 τοῖς
635 3569 791 3631 ὀκτὼ,
814 3589 834 3621 ι
870 3571 1111 3623 τουτέστι
1154 3567 1317 3620 τόπον
1356 3564 1629 3635 ἐχέτωσαν
1673 3560 1825 3631 παρὰ
1874 3560 1959 3613 σοὶ

395 3663 554 3731 νόμος
584 3678 641 3713 τε
697 3661 786 3714 καὶ
813 3662 860 3714 oi
889 3660 1005 3730 μετ’
1036 3658 1198 3713 αὑτὸν
1232 3658 1529 3727 προφῆται,
1555 3654 1645 3707 τὸν
1668 3656 1725 3707 ὲν
1753 3652 1955 3723 ἑϐδόμῃ

389 3751 654 3820 τιμῶντες
691 3749 1091 3819 Σαϐϐατισμόν.
1134 3748 1436 3817 Ἐχέτωσαν
1467 3745 1523 3798 δὲ
1567 3745 1658 3798 καὶ
1695 3746 1744 3797 oi
1788 3742 1951 3806 ὀκτὼ,

386 3845 697 3907 τουτέστιν,
743 3845 793 3895 oi
844 3842 983 3913 μετὰ
1027 3842 1126 3911 τὴν
1164 3839 1531 3908 ἀναστάσιμον
1571 3836 1666 3889 τοῦ
1700 3836 1953 3905 Σωτῆρος

390 3936 605 4007 ἡμέραν
657 3932 946 3987 ἁπόστολοί
986 3949 1046 3984 τε
1090 3933 1183 3984 καὶ
1227 3927 1627 3998 εύαγγελισταί.
1661 3926 1954 3996 Συμϐαενει

386 4026 445 4076 δὲ
487 4024 644 4075 τοῦτο
684 4024 778 4075 καὶ
803 4023 867 4076 τὸ
908 4023 997 4076 διὰ
1046 4024 1229 4090 φωνῆς
1255 4021 1349 4074 τοῦ
1382 4021 1661 4090 προφήτου
1712 4016 1955 4083 πλαγίως

392 4113 846 4183 ὑποδηλούμενον·
888 4131 908 4163 ι
944 4114 1055 4165 Καὶ
1089 4112 1472 4181 ἐγερθήσονται
1498 4109 1584 4163 ἐπ’
1621 4108 1782 4163 αὐτὸν
1815 4108 1954 4161 ἑπτὰ

390 4202 672 4274 ποιμένες,
708 4204 805 4255 καὶ
840 4201 983 4255 ὀκτὼ
1002 4201 1253 4271 δήγματα
1277 4200 1598 4271 ἀνθρώπων.
1627 4219 1646 4251 ι
1688 4199 1952 4270 Ἐπιλάμ-

386 4292 590 4362 ψαντος
620 4291 728 4361 γὰρ
762 4292 893 4361 ἡμῖν
923 4289 1018 4343 τοῦ
1051 4290 1303 4360 Σωτῆρος
1328 4288 1483 4358 ἡμῶν
1511 4289 1681 4359 Ἰησοῦ
1698 4289 1950 4359 Χριστοῦ,

385 4380 857 4450 κατεξανέστησαν
886 4378 1086 4449 τρόπον
1111 4378 1233 4431 τινὰ
1252 4377 1343 4431 τοῦ
1372 4377 1778 4448 παραλύσαντος
1805 4381 1954 4450 ἡμᾶς

382 4471 599 4524 Σατανᾶ
631 4470 828 4540 νομικά
856 4486 915 4522 τε
949 4469 1044 4522 καὶ
1101 4468 1412 4539 προφητικὰ
1444 4467 1792 4539 κηρύγματα,
1825 4471 1954 4523 ἀποο

386 4562 604 4631 στολική
643 4578 702 4614 τε
742 4561 1043 4626 παίδευσις.
1074 4559 1174 4612 Διὰ
1194 4559 1302 4630 γάρ
1316 4576 1396 4613 τοι
1419 4559 1624 4613 τούτων
1644 4560 1947 4631 κατεδήχθη

381 4655 581 4724 τρόπον
622 4653 744 4706 τινὰ
777 4653 870 4705 καὶ
908 4652 1222 4721 σεσύληται.
1259 4652 1367 4704 Καὶ
1399 4651 1538 4705 κατὰ
1565 4651 1662 4721 τὴν
1700 4650 1796 4704 τοῦ
1839 4652 1952 4703 Σω-

382 4746 543 4814 τῆρος
577 4744 759 4814 φωνὴν
806 4744 1115 4814 διηρπάσθη
1155 4743 1226 4797 τὰ
1271 4743 1439 4814 σκεύη
1475 4743 1664 4807 αὑτοῦ,
1711 4743 1812 4813 τῆς
1859 4743 1950 4796 ὑπ’

382 4834 533 4905 αὑτῷ
579 4834 815 4897 δουλείας
851 4834 1326 4903 ὲκπεφοιτηκότων
1373 4834 1481 4887 τῶν
1518 4834 1951 4905 πεπλανημένων

383 4925 535 4986 ποτὲ,
550 4925 641 4976 καὶ
665 4924 754 4977 τὸν
768 4924 925 4992 φύσει
942 4926 1036 4980 καὶ
1062 4924 1276 4994 ἀληθῶς
1299 4924 1452 4990 Θεὸν,
1476 4926 1569 4978 καὶ
1583 4925 1691 4978 τῶν
1712 4926 1847 4979 ὅλων
1860 4926 1948 4978 δε-

382 5014 589 5084 σπότην
607 5015 1011 5082 ὲπεγνωκότων.
1033 5014 1240 5068 Οὐκοῦν
1257 5033 1276 5065 t
1301 5014 1671 5085 ἐπανέστησαν
1691 5016 1787 5085 μὲν
1799 5015 1948 5085 αύτῷ

382 5107 639 5176 ποιμένες
669 5105 829 5168 ἑπτὰ,
846 5108 937 5160 καὶ
966 5105 1110 5159 ὀκτὼ
1138 5108 1388 5177 δήγματα
1405 5106 1725 5177 ἀνθρώπων,
1752 5126 1770 5159 ι
1793 5124 1949 5160 τουτ-

380 5196 548 5261 έστιν,
566 5197 617 5249 οἱ
645 5195 751 5266 πρὸ
786 5196 883 5266 τῆς
919 5197 1222 5267 ἐπιδημίας,
1252 5197 1346 5250 καὶ
1380 5198 1432 5249 οἱ
1451 5195 1591 5266 μετὰ
1609 5196 1708 5265 τὴν
1732 5195 1947 5267 ὀγδόην,

378 5288 465 5341 διὰ
490 5287 734 5358 νομικῶν
768 5303 827 5338 τε
872 5287 966 5341 καὶ
993 5288 1127 5341 νέων
1158 5287 1504 5358 γραμμάτων
1547 5284 1839 5351 καλοῦντες
1867 5289 1948 5350 εἰς

449 5482 493 5513 ⁸³
534 5482 631 5535 lsa.
669 5498 706 5544 ι,
738 5482 829 5537 22.
909 5480 953 5511 ”
981 5480 1166 5533 Matth.
1198 5495 1323 5540 xxv,
1354 5479 1445 5532 Ἦ.
1523 5478 1566 5508 ⁸⁵
1599 5477 1727 5532 Luc.
1774 5496 1883 5543 xtx,
1928 5481 1951 5533 1

2091 5485 2136 5515 ⁸³
2176 5483 2362 5536 Matth.
2408 5500 2531 5547 xxv,
2577 5486 2656 5537 l5.

381 5564 460 5612 XI,
490 5550 544 5604 Ξ.
620 5552 663 5583 ⁸⁸
699 5551 859 5606 Mich.
899 5568 948 5613 ν,
983 5551 1036 5604 5.
1111 5552 1154 5582 ⁸⁸
1191 5548 1378 5603 Matth.
1418 5563 1512 5610 xu,
1544 5548 1629 5601 (ἐξ).

2063 1921 2306 1991 quidem,
2340 1923 2386 1978 si
2427 1924 2777 1992 spiritualiter
2820 1925 3154 1997 intelligatur
3179 1928 3438 2000 (loquitur
3484 1931 3629 1986 enim

2066 2012 2220 2067 nobis
2235 2012 2432 2069 Christi
2462 2015 2819 2087 mysterium);
2842 2018 3175 2088 imperfecta,
3191 2022 3236 2075 si
3271 2038 3424 2079 mens
3444 2038 3628 2079 comm

2064 2104 2154 2175 qui
2189 2119 2251 2158 ea
2298 2105 2677 2171 instituuntur,
2701 2107 2839 2162 ultra
2920 2109 3158 2165 litteram
3192 2124 3297 2165 non
3334 2115 3627 2181 procedat;

2064 2197 2373 2251 velutenim
2411 2198 2691 2253 dimidium
2720 2199 3048 2270 coguttionis
3079 2202 3322 2258 historiae
3351 2206 3630 2262 crassitics

2061 2286 2291 2343 obtinet.
2334 2285 2643 2360 Symbolum
2672 2306 2837 2362 porro
2866 2292 3210 2362 perfectionis
3240 2296 3494 2351 denarius
3545 2309 3631 2353 est

2063 2390 2343 2443 numerus,
2377 2377 2532 2448 longe
2569 2379 3015 2450 perfectissimus,
3053 2382 3205 2447 juxta
3241 2384 3412 2438 illud:
3453 2404 3473 2438 ι
3505 2388 3630 2442 Εκιο

2062 2482 2229 2539 super
2256 2469 2441 2525 decem
2468 2471 2716 2526 civitates
2732 2471 2833 2538 ’δν
2863 2480 2918 2526 et
2950 2472 3077 2528 illud
3104 2493 3117 2529 :
3158 2476 3255 2530 «Et
3288 2476 3378 2532 alii
3412 2481 3626 2548 quidem

2062 2558 2208 2614 dedit
2236 2561 2471 2631 quinque
2496 2559 2695 2616 talenta
2725 2563 2806 2630 ";
2834 2582 2855 2615 ι
2897 2563 2984 2617 ubi
3022 2580 3119 2634 per
3142 2566 3447 2634 quinarium
3486 2572 3626 2639 quod

2061 2663 2236 2719 secus,
2271 2664 2364 2705 seu
2415 2650 2789 2721 imperfectum
2821 2665 2910 2708 est
2946 2655 3245 2726 intelligere
3289 2658 3434 2713 licet.
3470 2660 3624 2723 Nam,

2060 2748 2120 2794 ut
2148 2740 2413 2807 dicebam,
2445 2742 2719 2798 dimidium
2753 2743 2935 2798 decem
2953 2757 3080 2800 sunt
3103 2747 3370 2816 quinque;
3405 2760 3495 2803 aut
3523 2751 3629 2803 alio

2062 2831 2221 2884 modo
2252 2829 2397 2886 dicta
2428 2831 2760 2901 explanabis.
2800 2834 3118 2901 Quindecim
3148 2853 3406 2894 numerus
3427 2850 3513 2894 est
3542 2858 3629 2895 se-

2061 2932 2205 2991 ptem
2228 2932 2283 2978 et
2298 2933 2421 2979 octo
2443 2927 2746 2981 continens.
2767 2926 3111 2995 Sigttilicatur
3130 2939 3308 2984 autem
3331 2946 3469 2999 pene
3487 2948 3632 2987 seu:-

2060 3028 2156 3084 per
2191 3014 2243 3069 in
2273 3014 2451 3070 divina
2472 3016 2749 3087 Scriptura
2779 3032 2874 3088 per
2894 3027 3098 3088 septem
3132 3029 3303 3075 totum
3334 3021 3470 3093 legis
3492 3031 3628 3077 tem-

2061 3119 2179 3174 pus,
2215 3121 2388 3175 usque
2410 3107 2477 3162 ad
2500 3120 2720 3164 sanctos
2759 3110 3076 3181 prophetas,
3106 3121 3330 3182 propter
3365 3111 3624 3169 Sabbati-

2060 3211 2353 3262 smum,seu
2378 3199 2617 3268 quietem
2651 3201 2737 3255 die
2755 3202 2984 3271 septima
3009 3202 3075 3257 “.
3127 3202 3352 3270 Contra,
3381 3218 3477 3274 per
3503 3216 3627 3261 octo

2058 3286 2141 3341 lex
2178 3289 2297 3341 novi
2335 3291 2664 3355 testamenti,
2688 3292 2740 3345 in
2774 3308 2882 3362 quo
2907 3293 3233 3349 resurrectio
3284 3294 3494 3351 Domini
3531 3312 3627 3350 no-

2058 3379 2154 3433 stri
2177 3377 2303 3434 Jesu
2333 3380 2534 3436 ChriSti
2558 3382 2645 3437 die
2669 3392 2859 3438 octavo
2883 3384 3122 3454 contigit.
3148 3385 3325 3456 Atque
3356 3386 3456 3441 hoc
3493 3388 3624 3443 mihi

2060 3470 2271 3525 videtur
2295 3471 2452 3537 velle,
2479 3472 2619 3541 quod
2646 3473 2936 3529 iurolutius
2967 3476 3169 3529 dictum
3197 3486 3317 3532 est:
3348 3496 3367 3530 ι
3400 3478 3473 3532 Da
3507 3496 3626 3548 par-

2061 3570 2166 3617 tem
2198 3571 2400 3632 septem
2427 3573 2480 3617 et
2509 3573 2632 3619 octo
2659 3565 2726 3631 ",
2755 3584 2772 3616 ι
2807 3565 2907 3620 hoc
2931 3578 3035 3632 est,
3067 3566 3240 3622 locum
3266 3570 3409 3638 apud
3447 3579 3498 3624 te
3532 3571 3624 3625 ha-

2057 3652 2221 3708 beant
2252 3663 2308 3708 et
2357 3654 2464 3716 lex,
2490 3664 2547 3709 et
2566 3656 2659 3723 qui
2705 3668 2825 3724 post
2867 3669 2986 3710 eam
3030 3666 3294 3712 venerunt
3327 3660 3620 3727 prophetae,

2056 3744 2267 3814 septimi
2297 3745 2399 3800 diei
2435 3743 2830 3799 Sabbatismum
2861 3746 3207 3802 honorantes.
3259 3746 3506 3803 Habeant
3532 3766 3626 3804 an-

2059 3843 2165 3889 tem
2191 3843 2399 3905 partcm
2423 3845 2477 3889 et
2499 3843 2643 3902 octo,
2669 3835 2759 3906 qui
2782 3846 2905 3906 post
2929 3839 3373 3893 resurrectionem
3400 3845 3594 3895 exstitc
3611 3872 3624 3882 ι

2058 3933 2183 3978 runt
2207 3925 2432 3994 apostoli
2458 3934 2512 3980 et
2538 3925 2900 3995 evangelista
2934 3924 3049 3980 lluc
3080 3928 3242 3981 etiam
3289 3930 3417 3984 illud
3456 3934 3621 3998 perti-

2057 4025 2170 4080 net,
2222 4016 2361 4084 quod
2395 4032 2489 4086 per
2532 4032 2594 4071 os
2636 4018 2909 4086 propheta:
2952 4018 3217 4073 occultius
3255 4020 3619 4091 significatum

2055 4114 2165 4162 est:
2202 4126 2222 4159 ι
2242 4106 2309 4160 Ει
2340 4118 2667 4178 consurgent
2689 4124 2847 4176 super
2876 4124 2998 4161 cum
3040 4120 3243 4176 septem
3271 4122 3535 4178 pastores,
3567 4122 3624 4167 ct

2055 4209 2179 4254 octo
2203 4215 2411 4254 morsus
2437 4201 2709 4253 hominum
2743 4200 2812 4254 “.
2842 4217 2860 4250 ι
2891 4199 3178 4266 Postquam
3204 4201 3346 4254 enim
3378 4203 3531 4257 nobis
3554 4205 3620 4256 il-

2056 4290 2191 4344 luxit
2242 4287 2487 4343 Salvator
2525 4300 2709 4344 noster
2749 4288 2908 4346 Jesus
2950 4290 3218 4356 Christus,
3251 4304 3437 4348 contra
3465 4294 3622 4351 Sata—

2056 4398 2203 4446 nam,
2225 4384 2315 4452 qui
2352 4397 2449 4438 nos
2475 4391 2852 4447 euervaverat,
2878 4385 3147 4451 prmconia
3189 4400 3283 4439 seu
3314 4387 3452 4441 dicta
3486 4388 3623 4457 lega-

2057 4475 2147 4538 lia,
2169 4458 2274 4547 61
2303 4484 2356 4529 et
2378 4473 2711 4543 prophetica,
2747 4474 3130 4544 institutioque
3178 4477 3473 4545 apostolica
3521 4479 3624 4531 ah-

2055 4563 2339 4634 quomodo
2363 4566 2793 4618 insurrexerunt.
2814 4563 2918 4619 Per
2945 4566 3057 4619 haec
3080 4565 3224 4619 enim
3253 4579 3466 4620 morsus
3492 4582 3624 4635 qua-

2055 4656 2176 4709 dam
2218 4655 2427 4710 ratione
2459 4666 2512 4709 et
2541 4654 2800 4724 spoliatus
2828 4665 2933 4720 est,
2961 4665 3015 4710 et
3034 4654 3184 4724 juxta
3211 4671 3395 4711 vocem
3432 4656 3621 4712 Salva-

2057 4746 2188 4801 toris
2212 4746 2421 4815 direpta
2457 4760 2584 4800 vasa
2624 4745 2744 4815 ejus
2770 4745 2835 4812 °’,
2861 4761 2982 4801 cum
3006 4748 3211 4803 seducti
3244 4748 3368 4801 olim
3393 4762 3423 4801 e
3452 4748 3621 4800 servi-

2058 4844 2168 4889 tute
2216 4833 2330 4901 eius
2389 4835 2557 4904 elapsi
2585 4847 2734 4903 sunt,
2768 4846 3070 4906 naturaque
3096 4846 3151 4891 et
3191 4852 3316 4891 vere
3342 4836 3531 4898 Deum,
3566 4851 3620 4886 et

2056 4926 2427 4980 universorum
2472 4925 2755 4980 Dominum
2790 4934 3144 4993 agnoverunt.
3173 4926 3350 4991 Quare
3392 4944 3411 4976 ι
3440 4926 3617 4978 insur-

2052 5023 2306 5068 rexerunt
2351 5016 2402 5069 in
2444 5015 2591 5069 illum
2619 5027 2861 5085 pastores
2898 5026 3119 5087 septem,
3151 5026 3203 5069 et
3231 5025 3351 5071 octo
3402 5031 3617 5071 morsus

2052 5106 2352 5171 hominum,
2379 5107 2517 5162 thoc
2538 5116 2641 5175 est,
2673 5109 2764 5177 qui
2803 5118 2929 5163 ante
2958 5111 3266 5173 adventum,
3294 5115 3348 5160 et
3378 5108 3468 5176 qui
3496 5118 3621 5176 post

2051 5208 2294 5253 octavam
2323 5197 2556 5266 luerunt,
2596 5215 2691 5269 per
2720 5200 2917 5269 legales
2941 5210 2996 5254 et
3028 5212 3195 5253 n0vas
3223 5199 3524 5267 scripturas
3547 5204 3614 5252 ad

2052 5290 2280 5345 salutem
2306 5299 2567 5344 vocantes
2593 5291 2683 5359 qui
2714 5298 3053 5345 erraverunt.
3100 5288 3302 5344 Aﬂixus
3331 5304 3461 5361 ergo
3502 5304 3617 5342 ma-

2731 5486 2775 5513 ¹⁴⁶
2814 5486 2927 5538 Exn
2975 5526 2988 5539 .
3024 5500 3133 5552 xw,
3175 5490 3265 5541 26.
3342 5486 3387 5518 ⁸⁷
3424 5480 3633 5549 Εοοίοέ

453 5727 531 5801 (1)
559 5726 648 5782 Sic
677 5744 773 5796 pro
810 5728 954 5782 edito
991 5724 1402 5796 πρασπρεπέσιν
1429 5726 1808 5794 corrigendum
1838 5737 1958 5778 mon

2059 5719 2344 5777 Cutclerius
2372 5717 2607 5771 Monum.
2647 5715 2789 5774 Eccl.
2820 5720 2913 5775 Gr.
2946 5722 3010 5788 ll,
3042 5722 3163 5776 634.
3196 5724 3321 5778 Enr

699 5818 967 5880 PATBOL.
1017 5816 1135 5876 Gn.
1184 5814 1400 5884 LXXI,

3261 5807 3298 5866 4

3532 375 3556 429 1
3566 374 3636 431 06

3664 4804 3675 4839 l
