4098 6276
520 371 623 429 107

1511 366 1570 426 s.
1611 368 1886 427 CYRILLI
1929 371 2397 431 ALEXANDRINI
2435 342 2757 436 “iam.

3663 392 3767 447 10$

520 490 683 542 nebat
708 483 958 549 lsrael,nt
978 485 1393 550 docui,suorum
1424 488 1805 559 magistrorum
1831 490 2054 546 adulteri

2155 531 2167 561 κ
2196 495 2468 566 σωτηρίαν
2499 499 2625 562 τοὺς
2688 499 3156 573 πεπλανημένους.
3192 505 3538 560 Διατετέλεκε
3584 504 3767 561 τοίνυν

519 577 606 631 nis
644 576 1018 640 vocibus;scu
1049 575 1188 631 nuda
1234 577 1408 631 littera
1454 578 1804 645 pascebatur,
1837 583 2054 647 quatnvi

2190 588 2218 639 ὁ
2258 589 2495 660 Ἰσραὴλ,
2540 590 2616 653 ὡς
2653 590 2808 662 ἔφην,
2840 594 2958 656 ταῖς
2994 593 3271 664 ἀδοκίμοις
3301 595 3411 649 τῶν
3444 595 3591 650 ίδίων
3619 597 3763 651 διδα-

508 675 565 721 et
598 666 688 721 illa
733 682 855 737 quae
898 674 1104 722 octava:
1144 676 1290 732 sunt,
1324 668 1426 723 hoc
1451 677 1557 733 est,
1581 668 1783 724 Christi
1831 669 2049 739 mysteri

2190 681 2402 734 σκάλων
2446 684 2671 750 φωναῖς,
2712 684 2830 754 ἦτοι
2862 684 3002 754 ψιλῷ
3048 686 3125 757 τῷ
3174 687 3385 757 νομικῷ
3428 688 3765 758 τρεφόμενος

508 759 980 828 complecteretur.
1004 758 1156 825 Quod
1192 764 1374 813 autem
1401 760 1572 826 egerit
1605 760 1767 814 vitam
1795 759 2083 830 pecudum,

2187 773 2506 853 γράμματι,
2571 774 2745 827 καίτοι
2822 776 3126 847 περιέχοντι
3201 779 3295 832 καὶ
3355 778 3424 832 τὰ
3494 780 3594 849 τῆς
3663 780 3752 847 ὁγ-

506 859 556 904 ct
606 850 672 903 ad
698 848 937 903 carnalia
991 849 1169 902 solum
1214 850 1607 917 propenderit,
1654 850 2050 906 commodissim

2186 850 2333 930 δύης,
2371 862 2638 926 τουτέστι,
2690 863 2757 918 τὰ
2802 866 3039 936 Χριστοῦ
3087 868 3384 939 μυστήρια.
3429 848 3635 923 ’νοτίδι
3669 874 3753 923 καὶ

507 939 890 1003 subiadicavit,
938 941 1080 1009 quod
1107 940 1289 993 datum
1319 948 1404 994 est
1436 940 1695 995 hordeum
1735 939 1988 995 adultera:
2017 941 2080 995 ad

508 1030 842 1085 alimoniam.
885 1029 982 1084 Est
1008 1030 1155 1084 enim
1200 1029 1352 1085 cibus
1380 1029 1675 1098 pecudibus
1714 1033 2077 1096 conveniens;

505 1122 787 1178 ebrietatis
817 1121 1012 1177 deinde
1057 1130 1182 1177 nota
1229 1122 1410 1176 vinum
1445 1136 1567 1176 esse
1610 1121 1830 1190 poterit.
1869 1122 2077 1177 Dicnnn

503 1221 589 1268 est
619 1221 802 1268 autem
833 1214 900 1268 ad
926 1228 1056 1270 eos:
1088 1231 1107 1264 ι
1130 1213 1330 1268 Audita
1359 1214 1610 1275 audietis,
1652 1222 1707 1268 et
1736 1227 1841 1268 non
1884 1213 2079 1268 intelli-

504 1305 667 1374 getis,
695 1314 751 1359 et
773 1305 1017 1360 ridentes
1049 1305 1323 1369 videbitis,
1348 1315 1400 1360 et
1423 1320 1532 1359 non
1559 1305 1811 1362 videbitis
1839 1307 1907 1371 7°,
1938 1324 1957 1357 ι
1986 1308 2076 1377 qni

503 1405 632 1452 sunt
661 1396 833 1453 morbi
852 1397 1189 1452 ebriosortnn
1223 1407 1278 1452 et
1308 1396 1703 1467 erapulantium
1734 1397 1955 1463 vitia,ut
1986 1412 2076 1452 ne-

501 1504 608 1558 que
655 1488 872 1543 videant
923 1486 1188 1554 videntes,
1222 1501 1398 1557 neque
1446 1486 1731 1544 audientes
1782 1488 2073 1558 quidquam

500 1578 708 1649 possint
732 1578 1073 1649 intelligere;
1112 1578 1207 1633 sed
1243 1585 1476 1633 mentem
1527 1577 1673 1633 velut
1718 1577 2072 1635 incrassatam

498 1678 553 1723 et
575 1671 836 1727 cmcilatis
867 1670 1081 1738 plenam
1111 1667 1370 1724 habeant.

2185 953 2570 1024 κτηνοπρεπὴς
2595 956 2622 1006 ὁ
2646 953 2755 1024 βίος
2782 956 2951 1027 αὐτῷ,
2979 958 3073 1011 καὶ
3099 959 3232 1026 πρὸς
3261 959 3397 1028 μόνα
3420 958 3489 1012 τὰ
3517 960 3757 1030 σαρκικᾶ

2182 1043 2521 1099 διανένευκεν
2550 1084 2566 1110 ,
2623 1047 2945 1117 ὑποφήνειεν
2996 1047 3062 1102 ἂν
3107 1045 3165 1102 εὖ
3224 1049 3409 1119 μάλα,
3459 1049 3522 1104 τὸ
3562 1050 3757 1121 κριθὴν

2180 1133 2508 1206 δεδόσθαιτῇ
2564 1137 2834 1207 μοιχαλίδι
2886 1139 3022 1207 πρὸς
3072 1140 3307 1212 τροφήν.
3364 1134 3755 1211 Κτηνοπρεπὲς

2178 1227 2287 1298 γὰρ
2321 1228 2381 1282 τὸ
2409 1228 2634 1299 ἔδεσμα,
2672 1230 2841 1300 μέθης
2871 1230 2914 1283 δ’
2935 1230 2999 1284 ἂν
3025 1232 3235 1298 γένοιτ)
3266 1236 3507 1303 σημεῖον.
3530 1234 3755 1303 Εἴρηται

2176 1318 2232 1371 δὲ
2267 1318 2403 1389 πρὸς
2433 1321 2654 1384 αὐτούς·
2693 1340 2712 1375 ι
2750 1322 2912 1393 Ἀκοῇ
2944 1324 3241 1387 ἀκούσετε,
3276 1325 3371 1377 καὶ
3422 1325 3481 1377 οὐ
3516 1326 3591 1394 μὴ
3638 1343 3755 1377 συν-

2176 1409 2272 1479 ῆτε
2294 1424 2307 1438 ⁸
2344 1411 2438 1464 καὶ
2455 1410 2744 1481 βλέποντες
2765 1412 3012 1483 βλέψετε,
3033 1416 3128 1469 καὶ
3147 1417 3207 1468 οὑ
3240 1417 3315 1487 μὴ
3349 1416 3514 1486 ἴδητε.
3531 1437 3548 1468 ι
3567 1417 3754 1472 Ταῦτα

2174 1497 2232 1551 δέ
2254 1501 2370 1554 ἐστι
2403 1501 2710 1570 μεθυόντων
2739 1502 2912 1573 πάθη,
2942 1504 3037 1558 καὶ
3079 1505 3527 1575 κραιπαλούντων
3560 1508 3754 1578 ἐγκλή-

2176 1606 2344 1659 ματα,
2377 1592 2438 1644 τὸ
2475 1594 2612 1663 μήτε
2645 1595 2777 1667 ὁρᾷν
2812 1595 3078 1666 ὁρῶντας,
3124 1598 3264 1668 μήτε
3298 1596 3593 1660 ἀκούοντας
3621 1615 3748 1651 συν-

2176 1679 2309 1735 ιέναι
2337 1682 2598 1739 δύνασθαί
2628 1702 2713 1740 τι·
2755 1689 3152 1760 πεπαχυμένην
3183 1688 3241 1741 δὲ
3281 1688 3492 1760 ὥσπερ,
3521 1691 3614 1744 καὶ
3646 1709 3753 1744 πω·

2173 1770 2395 1843 ρώσεως
2423 1777 2856 1848 μεμεστωμένην
2880 1778 2977 1850 τὴν
3009 1779 3244 1836 διάνοιαν
3267 1780 3428 1850 ἔχειν.

570 1846 733 1901 Vsus.
771 1847 882 1910 4,5.
921 1847 1059 1911 Quia
1105 1847 1287 1901 diebus
1336 1848 1512 1900 multis
1551 1846 1797 1901 sedebant
1842 1845 1940 1913 ﬁlii
1977 1844 2054 1901 Is-

2239 1863 2395 1917 Διότι
2424 1844 2646 1933 ἡμέρας
2684 1844 3336 1937 πολλὰςτκαθήσονται
3385 1875 3439 1925 οὶ
3471 1872 3585 1926 υἱοὶ
3632 1873 3749 1927 Ἰσ-

498 1942 612 1995 rael
639 1982 655 2007 ,
705 1956 807 1993 non
845 1942 1131 1993 exsislente
1193 1954 1329 2008 rege,
1376 1954 1537 2009 neque
1592 1940 1827 2007 principe
1901 1957 2064 2010 neque

497 2035 780 2089 exsistente
812 2031 1095 2100 sacriﬁcio,
1140 2046 1302 2100 neque
1332 2032 1605 2084 exsisteate
1644 2031 1801 2084 altari
1833 2070 1849 2095 ,
1901 2048 2062 2101 neque

495 2123 814 2189 sacerdotio,
852 2137 1012 2192 neque
1038 2119 1355 2190 manifestis.
1382 2118 1449 2173 Et
1477 2130 1590 2188 post
1617 2119 1726 2174 Iure
1746 2131 2064 2174 revertentur

494 2214 598 2285 ﬁlii
628 2212 820 2278 Israel,
854 2221 902 2267 et
935 2222 1167 2283 (laterent
1226 2211 1513 2265 Dominum
1565 2210 1732 2264 Deum
1786 2228 1964 2275 suum,
2009 2224 2059 2264 et

496 2305 665 2359 David
700 2319 871 2374 regem
923 2317 1099 2368 suum,
1135 2309 1180 2354 et
1212 2302 1490 2368 stupebant
1517 2301 1574 2354 in
1629 2300 1879 2365 Domino,
1915 2311 1961 2354 et
2006 2301 2059 2354 iu

491 2396 639 2451 bonis
673 2395 787 2464 ejus
819 2394 871 2446 in
898 2392 1175 2447 novissimo
1203 2391 1429 2446 dierum.

562 2567 803 2626 XXXIV.
829 2568 1030 2640 Aperta
1075 2566 1405 2635 minimeque
1435 2564 1595 2621 dubia
1620 2564 1888 2634 sequitur,
1914 2574 1970 2617 nt
2005 2564 2060 2619 in

491 2662 603 2728 liis,
636 2659 935 2717 declaratio
951 2658 1340 2730 assumptionis
1363 2656 1627 2713 adulterae
1651 2655 2059 2725 mansionisquc

486 2753 634 2810 domi
681 2753 874 2808 diebus
935 2751 1157 2816 multis,
1205 2750 1379 2807 donec
1421 2746 1695 2819 propheta
1750 2747 1891 2816 apud
1933 2762 2058 2803 eam

486 2855 653 2911 esset.
682 2844 961 2916 Scriptum
980 2852 1066 2899 est
1092 2842 1307 2913 quidem
1340 2841 1413 2898 ita
1441 2857 1460 2907 ;
1487 2844 1583 2897 sed
1603 2841 1747 2911 quod
1771 2840 2053 2911 agebatur,

486 2936 784 2992 delineatio
837 2950 933 2989 seu
967 2932 1312 2989 adumbratio
1340 2931 1587 3001 quaedam
1609 2939 1731 2987 erat
1749 2930 1887 3000 eius,
1912 2929 2055 3000 quod

485 3026 758 3083 adulterio
790 3024 1106 3078 deformata:
1134 3021 1443 3077 indecorum
1467 3021 1766 3094 Synagogte
1810 3019 2055 3092 aliquan-

485 3122 556 3172 do
628 3124 952 3170 eventurum
1009 3121 1150 3169 erat.
1214 3111 1579 3184 Posteaquam
1645 3115 1790 3170 enim
1840 3114 2053 3171 Domini

485 3206 658 3261 nostri
696 3202 825 3261 Jesu
854 3200 1058 3258 Christi
1079 3210 1272 3270 sponte
1305 3217 1404 3258 sua
1429 3217 1649 3259 crucem
1683 3217 1783 3274 pro
1807 3203 2048 3260 omnium

481 3297 659 3353 salute
689 3293 937 3367 pertulit.
976 3292 1326 3349 debacchatis
1357 3294 1411 3350 in
1434 3294 1583 3350 illum
1605 3295 1893 3363 Israelitis,
1920 3302 2049 3351 tunc

480 3404 668 3444 eorum
698 3387 918 3456 regione
941 3383 1008 3439 ad
1031 3386 1340 3441 vastitatem
1371 3386 1615 3452 redacta,
1650 3386 1805 3456 quasi
1832 3386 1900 3442 ad
1931 3400 2051 3443 om-

481 3495 603 3535 nem
633 3487 888 3542 ventum,
944 3489 1040 3531 seu
1092 3476 1281 3531 mundi
1338 3476 1597 3545 angulum
1654 3476 2045 3548 profugerunt.

484 3569 665 3641 Usque
684 3569 845 3625 hodie
873 3575 1057 3623 autem
1084 3566 1245 3622 otiosi
1270 3576 1396 3623 sunt
1424 3567 1569 3636 quod
1598 3569 1665 3623 ad
1715 3568 1889 3638 legem
1923 3569 2051 3624 atti-

477 3671 619 3727 net,
665 3660 997 3717 inﬂammato
1043 3657 1261 3727 quidem
1304 3656 1505 3729 templo
1548 3655 2000 3730 Jerosolymitano
2029 3696 2046 3723 ,

475 3765 666 3807 everso
704 3749 887 3818 altari,
938 3734 1152 3805 sublato
1181 3746 1483 3813 sacriﬁcio,
1523 3754 1580 3802 et
1608 3756 1839 3804 vacante
1862 3761 2047 3804 sacer-

476 3840 646 3906 dotio,
680 3854 780 3895 nec
802 3838 1193 3910 apparentibus
1215 3836 1448 3908 amplius
1471 3837 1778 3897 manifestis
1799 3837 1870 3892 τι.
1901 3837 2037 3892 Nam

475 3946 600 3988 cum
630 3947 736 3988 non
774 3941 919 3987 esset
942 3944 1188 3987 summus
1230 3929 1485 3986 sacerdos
1510 3930 1622 4001 62
1658 3945 1757 4001 pro
1785 3930 2045 4001 dignitate

470 4022 793 4080 sacerdotali
824 4023 1120 4078 secundum
1165 4021 1339 4092 legem
1363 4020 1607 4078 vestibus
1633 4029 1881 4088 ornatus,
1911 4036 2047 4092 quoq

472 4112 632 4169 modo
655 4111 771 4180 jam
806 4109 1126 4167 manifestos
1177 4110 1363 4166 videre
1398 4108 1599 4166 licebat
1632 4109 1657 4167 ἲ
1704 4111 1809 4179 Qui
1861 4120 2040 4167 autem

468 4204 616 4275 δῆλοι
647 4201 870 4273 putandi
890 4203 1023 4267 sint,
1050 4203 1221 4268 novit,
1250 4203 1438 4268 credo,
1471 4203 1715 4259 discendi
1740 4203 2034 4269 studiosus;

470 4295 708 4349 breviter
738 4306 1028 4361 suggerere
1061 4309 1167 4347 non
1200 4294 1309 4348 erit
1355 4295 1455 4350 abs
1491 4309 1569 4350 re.
1597 4295 1825 4363 Quando
1855 4296 1924 4353 ad
1957 4310 2037 4350 sa-

464 4386 705 4441 cerdotis
730 4395 982 4439 ornatum
1018 4385 1343 4453 pertinentia
1397 4387 1515 4441 ﬁeri
1567 4388 1715 4445 Deus
1756 4392 2038 4447 universo-

467 4493 585 4533 rum
607 4476 797 4548 jussit,
821 4485 1014 4531 sancto
1039 4474 1209 4545 Moysi
1236 4476 1368 4531 dicit
1397 4490 1412 4530 :
1452 4494 1469 4528 ι
1501 4477 1568 4532 Ει
1588 4477 1753 4534 facies
1776 4481 2039 4536 rationale

2159 1950 2345 2019 ραὴλ,
2375 1955 2488 2011 οὐκ
2510 1954 2684 2023 ὄντος
2698 1957 3027 2026 βασιλέως,
3062 1960 3206 2015 οὐδὲ
3236 1962 3410 2028 ὄντος
3434 1962 3742 2032 ἄρχοντος,

2163 2043 2307 2097 οὐδὲ
2360 2045 2554 2115 οὔσης
2599 2049 2839 2116 θυσίας,
2889 2051 3033 2105 οὐδὲ
3068 2051 3244 2117 ὄντος
3290 2055 3742 2122 θυσιαστηρίου,

2162 2135 2307 2190 οὐδὲ
2336 2139 2646 2207 ίερατσίας,
2671 2141 2815 2197 οὐδὲ
2851 2141 3073 2211 δήλων,
3098 2146 3197 2199 καὶ
3235 2145 3382 2214 μετὰ
3407 2146 3592 2201 ταῦτα
3620 2148 3744 2200 ἑπι-

2161 2227 2536 2296 στρέψουσιν
2567 2234 2620 2287 οἱ
2660 2232 2778 2288 υἱοὶ
2825 2233 3092 2303 Ἰσραὴλ,
3143 2236 3240 2289 καί
3273 2235 3743 2306 ἐπιζητήσουσιν

2159 2319 2377 2386 Κύριον
2397 2318 2507 2375 τὸν
2544 2322 2692 2377 Θεὸν
2732 2324 2953 2392 αὐτῶν,
2989 2326 3089 2380 καί
3123 2329 3303 2384 Δαϐὶδ
3335 2331 3442 2386 τὸν
3475 2331 3743 2397 βασιλέα

2159 2408 2377 2473 αὐτῶν,
2420 2412 2519 2467 καί
2548 2412 2953 2482 ἐκστήσονται
2989 2416 3090 2471 ἐπὶ
3132 2418 3214 2485 τῷ
3254 2421 3451 2490 Κυρίῳ
3475 2461 3491 2487 ,
3516 2423 3614 2477 καί
3640 2425 3738 2478 ἐπὶ

2158 2496 2283 2564 τοῖς
2329 2500 2574 2570 ἀγαθοῖς
2613 2506 2800 2561 αὐτοῦ
2841 2507 2936 2563 ἐπ’
2984 2509 3264 2578 ἐσχάτων
3316 2511 3435 2567 τῶν
3480 2514 3736 2584 ἡμερῶν.

2227 2588 2350 2644 AA’.
2391 2591 2577 2665 Σαφὴς
2636 2597 2729 2650 καὶ⁸
2759 2597 3144 2668 ἀναμφιλόγως
3182 2599 3383 2672 ἔχουσα.
3427 2603 3632 2670 λοιπὸν,
3662 2604 3738 2668 ὡς

2158 2677 2215 2733 ἐν
2233 2696 2298 2749 γε
2325 2681 2389 2754 δὴ
2418 2685 2650 2750 τούτοις,
2675 2688 2707 2758 ἡ
2741 2687 2974 2758 δήλωσις
2989 2684 3082 2744 τοῦ
3105 2692 3205 2762 τὴν
3240 2694 3519 2765 μοιχαλίδα
3544 2713 3737 2766 παρει-

2156 2767 2378 2839 meoet,
2412 2774 2506 2828 καὶ
2537 2777 2673 2831 οἴκοι
2707 2776 2891 2849 μένειν
2928 2782 3139 2853 ἡμέρας
3170 2784 3390 2850 πολλὰς,
3421 2785 3581 2857 ἄχρις
3611 2785 3677 2841 ἂν
3709 2789 3741 2841 ὁ

2158 2860 2441 2932 προφήτης
2487 2863 2572 2917 ἐπ’
2610 2865 2747 2937 αὐτῇ
2801 2868 3029 2937 γένοιτο.
3064 2872 3378 2944 Γέγραπται
3439 2875 3547 2945 γὰρ
3595 2876 3690 2929 ὡδί
3718 2892 3734 2907 ο

2156 2948 2503 3016 ὑποτύπωσις
2552 2953 2611 3008 δὲ
2659 2956 2722 3009 τὸ
2772 2957 3049 3028 δρώμενον
3086 2956 3154 3029 ἦν
3194 2963 3290 3015 τοῦ
3325 2964 3468 3016 κατὰ
3511 2967 3736 3035 καιροὺς

2156 3038 2421 3113 ὑπάρξειν
2458 3044 2741 3114 μέλλοντος
2774 3050 2840 3118 τῇ
2882 3051 3291 3123 μεμοιχευμένῃ
3319 3052 3427 3105 τῶν
3467 3053 3736 3109 Ἰουδαίων

2154 3129 2473 3206 Συναγωγῇ.
2536 3135 2752 3208 Ἐπειδὴ
2807 3140 2916 3211 γὰρ
2967 3139 3246 3210 ἐθελοντὴς
3300 3141 3389 3193 τὸν
3446 3141 3583 3211 ὑπὲρ
3632 3146 3733 3207 τῆς

2155 3223 2410 3279 ἁπάντων
2445 3228 2717 3299 σωτηρίας
2752 3229 3139 3301 ὑπομεμένηκε
3176 3231 3408 3301 σταυρὸν
3451 3234 3479 3285 ὁ
3528 3231 3733 3302 Κύριος

2153 3313 2309 3384 ἡμῶν
2351 3316 2555 3388 Ἰησοῦς
2587 3319 2840 3391 Χριστὸς,
2876 3320 3397 3392 ὲμπαροινησάντων
3439 3323 3591 3394 αὐτῷ
3622 3324 3737 3377 τῶν

2152 3402 2213 3468 ἐξ
2258 3404 2492 3478 Ἰσραὴλ,
2522 3408 2642 3463 τότε
2688 3410 2774 3480 δὴ,
2798 3411 2919 3464 τότε
2952 3411 3391 3485 καταδῃωθείσης
3422 3415 3601 3478 αὐτοῖς
3630 3416 3733 3487 τῆς

2149 3491 2352 3564 χώρας,
2377 3495 2580 3567 ῷχοντο
2616 3501 2713 3570 μὲν
2741 3498 2930 3571 ὥσπερ
2954 3501 3035 3564 είς
3067 3503 3246 3556 πάντα
3269 3502 3486 3573 ἄνεμον.
3515 3505 3731 3577 ’Ἄπρα-

2148 3601 2266 3638 κτοι
2311 3587 2369 3640 δὲ
2416 3591 2509 3643 καὶ
2555 3593 2634 3654 είς
2672 3590 2832 3662 δεῦρο
2870 3593 2998 3663 περὶ
3040 3593 3131 3647 τὸν
3169 3595 3330 3666 νόμον
3370 3598 3527 3663 εἰσὶν,
3562 3599 3728 3668 ἐμπεο

2149 3676 2461 3746 πρησμένου
2493 3679 2593 3747 μὲν
2611 3679 2704 3732 τοῦ
2735 3682 2791 3733 ὲν
2818 3682 2931 3744 τοῖς
2972 3680 3366 3757 Ἰεροσολύμοις
3392 3688 3545 3751 ὄντος
3571 3690 3722 3756 ναοῦ,

2147 3768 2553 3839 περιῃρημένον
2586 3786 2645 3823 τε
2672 3770 2766 3824 τοῦ
2811 3772 3214 3847 θυσιαστηρίου,
3250 3778 3343 3831 καὶ
3375 3780 3722 3853 ἀνῃρημένης

2145 3856 2354 3923 θυσίας,
2376 3858 2470 3912 καὶ
2495 3859 2772 3933 ἀργούσης
2795 3865 3113 3938 ἱερωσύνης,
3141 3871 3234 3924 καὶ
3262 3871 3438 3942 δήλων
3458 3874 3557 3945 οὐχ
3593 3879 3722 3946 ὁρω-

2145 3948 2346 4019 μένων.
2379 3949 2453 4002 Οὐ
2489 3949 2597 4024 γὰρ
2625 3951 2773 4016 ὄντος
2818 3954 3118 4026 ἀρχιερέως
3151 3961 3492 4031 ἱεροπρεπῶς
3537 3965 3723 4019 ἐσταλ-

2146 4037 2313 4107 μένου
2346 4042 2488 4096 κατὰ
2520 4042 2613 4097 τὸν
2645 4043 2828 4115 νόμον,
2862 4046 2980 4111 πῶς
3019 4044 3087 4119 ἦν
3119 4049 3199 4103 ἔτι
3224 4051 3415 4123 δήλους
3446 4054 3607 4123 ίδείν;
3656 4054 3714 4108 Τί

2139 4128 2196 4219 δὲ
2217 4131 2311 4183 καὶ
2322 4133 2372 4184 oi
2389 4132 2538 4203 δῆλοι
2549 4136 2851 4206 νομισθεῖεν
2868 4138 2955 4205 ἂν,
2969 4136 3074 4193 οἵδε
3094 4142 3193 4211 μὲν
3205 4143 3372 4208 ἴσωςό
3394 4146 3714 4219 φιλομαθὴς,

2142 4218 2453 4291 ὑπομνῆσαι
2468 4223 2525 4278 δὲ
2544 4224 2631 4279 διὰ
2651 4226 2898 4298 βραχέων
2909 4230 3009 4283 οὐκ
3027 4233 3276 4304 ἀκερδές’
3303 4235 3429 4288 Ὅτε
3453 4237 3521 4290 τὰ
3536 4239 3613 4301 είς
3629 4239 3713 4291 κό-

2141 4325 2280 4378 σμον
2298 4310 2392 4365 τοῦ
2415 4313 2715 4385 ἀρχιερέως
2736 4318 2989 4384 γενέσθαι
3007 4322 3372 4395 προστέταχεν
3395 4327 3424 4379 ὁ
3454 4325 3559 4380 τῶν
3576 4327 3711 4378 ὅλων

2136 4399 2286 4468 Θεὸς,
2305 4402 2426 4455 τότε
2452 4405 2587 4475 πρὸς
2614 4407 2708 4460 τὸν
2741 4408 2882 4477 ἱερὸν
2905 4409 3007 4480 ἔφη
3030 4413 3232 4466 Μωσέα
3254 4431 3265 4443 ·
3291 4434 3310 4467 ι
3334 4418 3442 4470 Καὶ
3475 4417 3709 4486 ποιήσεις

2137 4488 2314 4558 λόγιον
2333 4493 2564 4563 κρίσεως
2584 4494 2744 4565 ἔργον
2764 4498 3020 4566 ὑφαντοῦ,
3041 4504 3317 4576 σπιθαμῆς
3335 4509 3392 4560 τὸ
3409 4508 3601 4579 μῆκος,
3617 4508 3711 4560 καὶ

466 4567 671 4637 indicii,
697 4581 835 4639 opus
866 4564 1072 4622 textile.
1107 4564 1281 4620 Palmi
1314 4566 1624 4637 longitudo,
1657 4578 1713 4624 et
1758 4572 1922 4637 palmi
1950 4570 2032 4623 la-

2155 4579 2423 4653 σπιθαμῆς
2437 4584 2499 4636 τὸ
2521 4564 2698 4657 εὖρος.
2720 4564 3072 4660 Τετράγωνος
3087 4564 3259 4651 ἔσται.
3335 4564 3712 4672 Εἶταιπροστέσ

465 4660 657 4715 titudo.
698 4657 1151 4727 Quadraugulum
1177 4657 1283 4711 erit
1312 4658 1382 4713 ⁷³.
1419 4676 1441 4711 ι
1473 4658 1680 4714 Deinde
1709 4660 1915 4730 lapides
1953 4675 2036 4714 ar-

466 4751 697 4809 tiﬁciose
731 4748 901 4806 inseri
934 4747 1060 4803 huic
1098 4747 1264 4803 textili
1310 4763 1432 4804 cum
1476 4750 1785 4806 nominibus
1831 4752 2035 4806 duode-

462 4848 567 4900 cim
591 4844 829 4901 tribuum
860 4840 1168 4906 mandavit;
1202 4839 1342 4896 inter
1368 4841 1504 4897 alios
1527 4850 1704 4897 autem
1730 4842 1889 4907 duos,
1921 4844 2031 4912 qui-

463 4939 564 4994 bus
610 4937 832 4993 nomina
884 4932 1254 4991 Manifestatio
1295 4942 1352 4988 et
1400 4930 1636 4987 Veritas.
1676 4931 1879 4987 Deinde
1930 4935 2034 4989 hoc

462 5028 729 5085 rationale
746 5026 937 5097 iudicii
972 5040 1038 5082 ex
1081 5025 1350 5080 humerali
1372 5025 1554 5080 aureis
1571 5025 1780 5080 catenis
1799 5040 2029 5095 suspen-

462 5133 580 5174 sum
606 5119 659 5175 in
693 5130 880 5189 pectus
906 5120 1100 5176 sutnnii
1135 5117 1437 5175 sacerdotis
1462 5117 1820 5187 dependebat,
1844 5127 2020 5173 erant-

457 5226 566 5280 qne
590 5212 643 5266 in
681 5221 865 5283 typum
891 5212 1258 5268 Emmanuelis
1294 5209 1660 5267 Manifestatio
1698 5220 1753 5265 et
1791 5210 2025 5268 Veritas.

467 5319 487 5353 ι
524 5301 715 5359 Omnia
744 5303 887 5358 enim
933 5318 1057 5376 qua
1093 5304 1303 5361 audivit
1354 5320 1385 5357 a
1417 5301 1583 5358 Patre
1606 5342 1622 5369 ,
1685 5305 2024 5359 annuntiavit

2138 4688 2303 4764 ταχεν
2332 4673 2392 4738 ἐξ
2422 4676 2681 4746 ὀνόματος
2710 4681 2818 4737 τῶν
2853 4686 3034 4752 φυλῶν
3064 4688 3383 4745 δυοκαίδεκα
3412 4693 3488 4763 τῷ
3531 4711 3713 4764 τεχνη-

2141 4762 2372 4832 τεύματι
2409 4767 2587 4834 σοφῶς
2619 4770 2881 4842 ἐντέχνως
2916 4775 2992 4847 (ι)
3028 4777 3346 4847 ὑφαίνεσθαι
3379 4762 3711 4846 λίθουςξΔύο

2139 4870 2204 4944 γε
2237 4855 2343 4924 μὴν
2374 4856 2592 4929 ἐτέρους
2619 4862 2819 4931 μεταξὺ
2854 4866 2961 4920 τῶν
2984 4867 3177 4933 ἄλλων,
3206 4866 3286 4935 οἷς
3317 4866 3384 4943 ἦν
3412 4874 3651 4944 ὀνόματα
3677 4877 3709 4944 ή

2137 4942 2371 5014 δήλωσις
2407 4949 2502 5002 καὶ
2539 4950 2572 5021 ἡ
2621 4950 2865 5022 ἀλήθεια.
2904 4952 3036 5011 Εἶτα
3081 4960 3240 5013 τοῦτο
3280 4942 3348 5015 τὸν
3389 4942 3566 5027 λόγιον
3611 4942 3710 5033 τῆς

2139 5037 2369 5107 κρίσεως
2400 5041 2465 5094 ἐκ
2493 5041 2590 5112 τῆς
2618 5043 2886 5115 ἐπωμίδος
2913 5053 3139 5120 χρυσαῖς
3167 5052 3460 5125 ἀπῃώρητο
3478 5060 3706 5126 σειραῖς.

2151 5127 2474 5198 Ἐπενήχετό
2501 5148 2560 5183 τε
2592 5132 2668 5202 τῷ
2708 5135 2913 5207 στέρνῳ
2944 5138 3035 5192 τοῦ
3082 5141 3400 5212 ἀρχιερέως,
3433 5146 3526 5198 καὶ
3567 5142 3707 5216 ἦσαν

2134 5217 2213 5278 είς
2240 5217 2409 5272 τύπον
2442 5220 2536 5272 τοῦ
2578 5223 2919 5296 Ἐμμανουὴλ
2949 5227 2980 5296 ὴ
3006 5227 3234 5298 δήλωσις
3275 5233 3367 5283 καὶ
3399 5234 3430 5302 ἡ
3458 5233 3704 5304 ἀλήθεια,

2139 5326 2156 5359 ι
2196 5309 2375 5363 Πάντα
2394 5312 2500 5384 γὰρ
2531 5313 2567 5367 δι
2599 5315 2795 5384 ἤκουσε
2820 5317 2969 5388 παρὰ
2996 5319 3088 5373 τοῦ
3118 5322 3348 5393 Πατρὸς,
3373 5324 3705 5393 ἀπήγγειλεν

530 5497 578 5533 ’⁸
602 5498 707 5557 lsa.
741 5513 817 5567 vt,
849 5501 902 5555 9.
976 5505 1019 5536 "
1060 5504 1195 5560 Osee
1227 5521 1310 5569 ιιι,
1345 5505 1399 5558 4.
1477 5503 1521 5536 ⁷³
1553 5502 1721 5558 Exod.
1752 5520 1941 5569 xxrnt,
1976 5506 2059 5573 l5,
2090 5508 2175 5561 16.

532 5681 1416 5777 (“3991336ﬂectentis!-
1451 5686 1541 5741 ονε
1574 5686 1638 5748 ¹¹ν
1676 5686 1844 5777 θιθιο
1868 5700 2053 5777 ccam

2158 5689 2357 5758 τέχνως
2404 5702 2556 5761 putat
2604 5710 2723 5753 esse
2780 5700 3042 5769 glossema
3104 5713 3158 5758 et
3201 5705 3695 5777 interpretationem

461 5750 704 5816 adverbii
728 5750 926 5823 σοφῶς.
956 5750 1084 5807 Vide
1105 5751 1289 5820 Cyriili
1318 5752 1664 5824 Tltesaurum,
1697 5772 1750 5824 p.
1778 5755 1865 5811 48.
1890 5757 2047 5810 Eutr.
