4098 6276
275 516 382 575 ιον

1186 500 1740 561 COMMENTARIUS
1779 500 1843 554 IN
1886 499 2117 556 OSEAM
2158 498 2593 555 PROPHETAM.

3411 498 3512 553 HG

287 637 428 707 ημῐν.
473 652 493 686 r
543 631 652 686 Καὶ
694 627 962 697 δεδήλωκε
1009 625 1068 679 τὸ
1102 624 1313 695 θέλημα
1352 623 1445 677 τοῦ
1485 622 1842 692 γεννήσαντος

1966 622 2103 676 nobis
2129 620 2197 687 ⁷³,
2238 638 2256 671 ι
2302 630 2357 674 ει
2386 619 2751 675 manlfestavit
2784 620 3108 675 voluntatem
3142 620 3259 689 ejus
3287 621 3381 690 qui
3417 640 3538 690 δυο.

276 727 471 780 αὐτόν’
503 723 596 777 καὶ
645 720 976 789 κατέστησεν
1023 718 1226 788 ὲναργῆ
1278 718 1376 787 τῆς
1432 714 1703 786 σωτηρίας
1750 715 1848 786 τὴν

279 817 411 872 ὀδόν.
454 815 578 868 Ὅτι
621 811 678 866 δέ
729 809 971 864 ἐστικαὶ
1012 808 1260 877 ἀλήθεια,
1286 806 1405 870 πῶς
1449 805 1516 859 ἂν
1559 804 1849 859 ἐνδοιάσειέ

286 925 380 972 τις,
429 902 597 959 αὐτοῦ
633 902 881 970 λέγοντος
916 898 1182 969 ἐναργῶςο
1238 915 1257 949 ι
1307 895 1448 964 Ἐγώ
1491 896 1669 966 etp”)
1712 896 1843 965 ἀλή-

282 1001 429 1062 liena;
469 1015 489 1049 ι
527 994 625 1048 Διά
653 991 812 1045 τοῦτο
852 990 947 1044 καὶ
986 989 1121 1060 αὐτῇ
1169 989 1234 1059 τῇ
1264 986 1358 1040 τοῦ
1405 986 1703 1057 ἀρχιερέως
1741 985 1849 1038 ἁπ-

282 1085 549 1158 εκρέματο
581 1081 792 1152 καρδίᾳ,
832 1079 1113 1150 μονονουχὶ
1157 1077 1388 1148 βοῶντος
1409 1075 1504 1130 τοῦ
1527 1075 1721 1138 τύπου,
1754 1074 1849 1128 καὶ

282 1174 576 1243 ἀναφανδὸν
614 1170 1068 1241 ἀνακεκραγότος,
1092 1169 1173 1222 ὅτι
1196 1168 1287 1221 τὸν
1322 1166 1431 1221 τῶν
1458 1167 1593 1220 ὅλων
1622 1167 1850 1236 Σωτῆρα

282 1268 371 1321 καὶ
423 1262 742 1334 Λυτρωτὴν,
794 1260 892 1332 τὴν
921 1260 1197 1332 ἀλήθειαν,
1234 1258 1328 1311 καὶ
1363 1259 1463 1329 τὴν
1504 1256 1733 1328 δήλωσιν
1769 1256 1851 1319 είς

283 1356 419 1422 νοῦν,
452 1357 547 1409 καὶ
589 1352 817 1425 καρδίαν
859 1352 922 1406 τὸ
969 1351 1110 1421 ἱερὸν
1150 1349 1260 1414 ἕξει
1306 1348 1481 1417 γένος.
1521 1349 1726 1416 Ἤγουν
1766 1348 1851 1401 ὅτι

284 1447 429 1503 πᾶσά
461 1464 578 1506 πως
610 1445 846 1514 ἀνάγκη,
901 1443 1027 1506 τοὺς
1060 1441 1377 1515 ίερουργοὺς
1411 1441 1499 1494 ἀεὶ
1542 1438 1850 1511 μεμνῆσθαι

283 1538 536 1611 Χριστοῦ,
571 1537 664 1591 καὶ
696 1533 1011 1590 ἐνοικοῦντα
1042 1533 1227 1604 φέρειν
1269 1532 1357 1586 διά
1387 1530 1480 1585 τοῦ
1512 1531 1846 1602 Πνεύματος.

282 1627 440 1691 Οἶκος
479 1627 536 1680 δὲ
574 1624 739 1681 αὑτοῦ
767 1623 893 1687 νοῦς
938 1623 1198 1695 καθαρὸς,
1247 1621 1342 1676 xui.
1394 1620 1587 1693 καρδία
1622 1620 1849 1690 διεσμη-

283 1720 480 1792 γμένη.
525 1716 894 1774 Καθεδοῦνται
920 1716 984 1787 δὴ
1025 1710 1118 1770 οὖν
1160 1715 1375 1788 ἡμέρας
1411 1711 1611 1777 πολλὰς
1646 1712 1697 1765 ei
1743 1710 1850 1765 υίοὶ

293 1810 530 1881 Ἰσραὴλ,
562 1810 716 1880 φησι,
755 1807 1016 1878 βασιλέως
1056 1806 1156 1859 οὐκ
1197 1805 1371 1869 ὄντος,
1418 1803 1540 1858 οὐδὲ
1569 1802 1849 1873 ἄρχοντος,

284 1901 580 1964 τουτέστιν,
609 1896 968 1957 ἀϐασίλευτοι,
999 1893 1093 1949 καὶ⁵
1123 1898 1136 1916 ³
1157 1894 1550 1947 ἀνεπίστευτοι.
1579 1890 1715 1944 Οὔτε
1743 1888 1853 1958 γὰρ

289 1989 697 2062 βασιλεύσουσιν
720 1989 769 2041 oi
798 1988 863 2041 ὲκ
895 1984 1067 2057 φυλῆς
1104 1983 1294 2046 Ἰούδα,
1325 1980 1449 2036 οὔτε
1481 1981 1586 2052 μὴν
1623 1981 1673 2034 οἱ
1716 1978 1855 2033 κατά
1884 1975 1927 2030 Β

285 2082 449 2152 νόμον
476 2077 921 2151 προεδρεύσουσιν
951 2077 1230 2146 ἄρχοντες,
1259 2073 1558 2137 τουτέστιν,
1590 2072 1639 2126 οἱ
1669 2072 1853 2143 ἱερεῖς.

297 2174 437 2227 Ἀλλ’
481 2171 601 2226 οὐδὲ
630 2171 803 2235 ἔσται,
840 2169 995 2241 φησι,
1041 2167 1446 2238 Θυσιαστήριον,
1495 2164 1528 2236 ἢ
1568 2163 1748 2230 θυσία,
1783 2164 1858 2216 ls-

288 2265 502 2338 ρωσύνη
522 2281 582 2318 τε
613 2263 706 2318 καὶ
722 2262 898 2333 δῆλοι.
923 2260 1072 2330 Πλὴν
1101 2260 1200 2314 οὐκ
1227 2261 1285 2313 ὲν
1312 2257 1522 2320 τούτοις
1544 2254 1855 2321 διαπαντὸς,

278 2356 405 2411 οὐδὲ
429 2355 788 2425 ἀπόπεμπτος
815 2351 1121 2424 όλοτρόπως
1146 2353 1176 2404 ό
1212 2348 1426 2420 Ἰσραὴλ
1453 2347 1627 2411 ἔσται,
1665 2346 1860 2417 κεκλή-

289 2458 440 2502 σεται
462 2448 570 2518 γάρ
595 2445 736 2501 κατά
764 2444 1007 2516 καιροὺς,
1028 2443 1125 2497 καὶ
1154 2439 1467 2511 ἐπιστρέψει
1487 2439 1574 2493 διὰ
1600 2438 1856 2501 πίστεως,

284 2544 381 2597 καὶ
423 2540 782 2610 ἐπιγνώσεται
826 2539 919 2593 τὸν
947 2537 1054 2590 τῶν
1093 2536 1231 2591 ὅλων
1261 2535 1417 2596 Θεὸν,
1452 2534 1546 2587 καὶ
1583 2533 1679 2587 σὺν
1709 2531 1860 2602 αὐτῷ

284 2636 376 2690 τὸν
426 2634 609 2697 Δαϐὶδ,
653 2630 916 2694 τουτέστι,
964 2629 1056 2682 τὸν
1103 2629 1168 2680 ὲκ
1218 2626 1526 2695 σπέρματος
1556 2623 1736 2686 Δαὸὶδ,
1768 2622 1860 2675 τὸν

286 2725 433 2781 κατά
466 2724 645 2794 σάρκα
670 2720 925 2793 Χριστὸν,
957 2718 1048 2772 τὸν
1076 2717 1185 2770 τῶν
1203 2716 1341 2770 ὅλων
1366 2714 1592 2785 βασιλέα
1631 2713 1725 2767 καὶ
1752 2711 1862 2766 Κύ-

292 2835 427 2889 ριον.
460 2816 594 2868 Τότε
624 2813 712 2884 δὴ,
738 2813 858 2866 τότε
882 2807 1390 2878 καταπλαγήσονταν.
1428 2805 1526 2876 τῆς
1559 2803 1865 2875 φιλοτιμίας

288 2910 353 2962 τὸ
391 2907 644 2978 μέγεθος,
672 2904 769 2958 καὶ
801 2902 899 2973 τὴν
930 2901 1028 2970 τῆς
1063 2898 1394 2970 ἡμερότητος
1421 2897 1727 2968 ἀμέτρητον
1762 2895 1862 2966 χά-

290 3017 395 3071 ριν.
450 2994 863 3068 Συμμεθέξουσι
894 2991 1002 3063 γὰρ
1031 2991 1127 3061 τῆς
1159 2993 1270 3053 τοῖς
1294 2989 1471 3057 ἁγίοις
1496 2987 1864 3060 ηὐτρεπισμέ-

286 3107 387 3159 νης
434 3085 668 3149 ἐλπίδος,
705 3083 798 3137 καὶ
841 3083 962 3142 ταῖς
1009 3079 1117 3134 τῶν
1160 3077 1602 3132 πεπιστευκότων
1642 3077 1864 3145 ἀγέλαις

289 3178 510 3249 ἀναμὶξ,
540 3179 600 3231 ὲν
630 3178 767 3246 νομῇ
797 3171 1001 3242 ἀγαθῇ,
1037 3171 1130 3224 καὶ
1168 3172 1227 3224 ὲν
1272 3169 1418 3241 τόπῳ
1444 3168 1588 3223 πίονι
1617 3166 1862 3238 νεμηθή-

296 3289 493 3326 σονται.
531 3267 736 3340 Καιρὸς
766 3264 878 3336 γάρ
923 3264 1105 3327 αὐτοῖς
1143 3261 1244 3332 τῆς
1275 3261 1415 3316 οὕτω
1459 3261 1739 3332 λαμπρᾶς,
1768 3259 1866 3313 καὶ

297 3361 630 3429 ἀξιαγάστου
680 3359 903 3430 χάριτος
945 3356 974 3408 ὁ
1022 3354 1330 3418 τελευταῖος
1378 3354 1472 3407 καὶ
1501 3354 1559 3407 ἐν
1594 3352 1864 3422 ἐσχάτοις,

302 3453 398 3506 καὶ
417 3453 475 3504 ὲν
505 3450 742 3521 Χριστῷ,
760 3449 825 3503 δι’
853 3444 933 3515 οῦ,
965 3450 1060 3503 καὶ
1092 3447 1213 3520 μεθ’
1238 3436 1301 3501 οῦ
1321 3446 1399 3517 τῷ
1427 3443 1547 3510 Θεῷ
1570 3445 1667 3499 καὶ
1690 3445 1868 3515 Πατρὶ

304 3543 339 3612 ἡ
368 3538 516 3605 δόξα,
547 3539 644 3593 σὺν
668 3537 746 3610 τῷ
770 3538 908 3611 ἀγίῳ
937 3537 1238 3609 Πνεύματι,
1277 3537 1357 3603 είς
1374 3535 1503 3602 τοὺς
1532 3535 1730 3601 αἰῶνας
1757 3535 1870 3590 τῶν

304 3631 530 3687 αἰώνων.
581 3631 770 3701 Ἀμήν.

647 3754 1028 3842 ΤΟΜΟΣ
1099 3751 1515 3838 ΤΡΙΤΟΣ.

892 3907 1142 3961 ΚΕΦΛΔ.
1192 3908 1265 3959 Δ’.

364 4023 693 4079 Ἀκούσατε
704 4020 891 4088 λόγον
905 4018 1144 4085 Κυρίου,
1158 4016 1275 4072 υἱοί
1290 4014 1553 4085 Ἰσραὴλ,
1573 4015 1661 4068 ὅτι
1676 4014 1871 4083 κρίσις

299 4114 381 4177 τῷ
430 4113 626 4179 Κυρίῳ
677 4110 826 4176 πρὸς
875 4109 1017 4172 τοὺς
1078 4108 1502 4172 κατοικοῦντας
1554 4105 1671 4173 τὴν
1718 4104 1868 4174 γῆν·

298 4204 453 4256 διότι
487 4202 601 4255 οὐκ
628 4200 800 4251 ἐστιν
831 4198 1103 4264 ἀλήθεια,
1165 4196 1289 4249 οὐδ’
1319 4197 1509 4261 ἕλεος,
1558 4196 1700 4249 οὐδὲ
1748 4195 1875 4249 ἐπί-

300 4305 527 4361 γνωσις
578 4287 728 4342 Θεοῦ
778 4286 875 4340 ἐπὶ
912 4284 1045 4355 γῆς.
1114 4285 1269 4353 Ἀρὰ,
1330 4285 1427 4340 καί
1482 4285 1726 4352 ψεῦδος,
1777 4286 1876 4339 καὶ

301 4383 510 4452 φόνος,
540 4379 641 4433 καὶ
674 4376 898 4446 κλοπὴ,
934 4378 1031 4431 καὶ
1067 4377 1301 4447 μοιχεία
1349 4377 1589 4447 κέχυται
1619 4377 1717 4432 ἐπὶ
1763 4377 1874 4447 τῆς

296 4473 432 4543 γῆς,
464 4475 560 4527 καὶ
583 4472 802 4540 αἵματα
833 4470 927 4540 ἐφ’
960 4470 1171 4539 αἵμασι
1204 4470 1552 4541 μιαίνουσιν.

369 4580 493 4634 AE'.
543 4581 863 4649 Ἀναγκαῖον
893 4580 1042 4650 ἡμᾶς
1084 4578 1402 4650 διατρανοῦν
1442 4579 1721 4643 ἐθέλοντας
1764 4580 1870 4632 τῶν

300 4673 672 4743 προκειμένων
702 4672 794 4726 τὸν
832 4670 980 4736 νοῦν,
1027 4670 1306 4742 μονονουχὶ
1347 4670 1713 4741 παλινάγρετα
1750 4687 1870 4723 ποι-

297 4760 478 4814 εῖσθαι
501 4762 571 4814 τὰ
598 4764 656 4816 ὲν
686 4762 900 4833 ἀρχαῖς,
932 4764 1026 4815 καὶ
1055 4761 1173 4814 ὃλον
1195 4761 1382 4832 ὥσπερ
1414 4759 1867 4832 ἀναμηρύσασθαι

295 4853 400 4923 τῆς
435 4852 765 4923 προφητείας
798 4855 889 4906 τὸν
919 4854 1137 4907 σκοπόν.
1180 4854 1408 4919 Οὐκοῦν,
1439 4852 1513 4916 ὡς
1552 4853 1652 4917 ἔνι,
1691 4851 1783 4905 καὶ
1812 4853 1869 4905 ἐν

294 4944 529 5016 βραχέσι
562 4943 910 5011 συνενεγκὼν,
944 4945 1116 4998 ἐκεῖνό
1155 4961 1316 5016 φημι.
1359 4964 1376 4997 ι
1414 4946 1604 5013 Γέγονε
1640 4946 1735 5015 μὲν
1765 4944 1872 5015 γάρ

293 5034 445 5105 ἁρχὴ
477 5034 632 5103 λόγου
675 5033 874 5104 κυρίου
924 5037 979 5088 ἐν
1039 5037 1219 5107 Ὠσηὲ.
1260 5056 1278 5088 ι
1314 5037 1766 5108 Διερμηνεύοντες
1815 5036 1872 5088 δὲ

296 5126 369 5178 τὰ
400 5124 599 5188 τοιάδε,
642 5124 777 5193 πρὸς
803 5126 891 5179 τὸν
933 5127 1197 5197 μακάριον
1229 5131 1510 5200 προφήτην
1561 5130 1718 5198 Ὠσηὲ
1748 5128 1872 5189 τοὺς

297 5217 453 5289 παρὰ
478 5216 613 5270 Θεοῦ
642 5216 899 5285 γενέσθαι
929 5216 1115 5285 λόγους
1148 5219 1368 5283 εἰκότως
1400 5221 1680 5288 ἐλέγομεν,
1713 5219 1874 5269 οἱονεὶ

298 5309 785 5380 μυσταγωγοῦντος
825 5309 1006 5375 αὐτὸν,
1051 5311 1142 5363 καὶ
1184 5312 1250 5364 τά
1281 5313 1510 5383 ἐσόμενα
1548 5328 1875 5380 προαναφω·

294 5400 515 5463 νοῦντος
559 5400 647 5454 διά
679 5417 739 5455 τε
768 5399 956 5453 τύπων
1013 5402 1105 5454 καὶ
1155 5402 1346 5470 λόγων.
1383 5403 1568 5473 Ταύτῃ
1613 5420 1694 5454 τοι
1732 5420 1874 5475 παρ·-

295 5491 635 5559 ελαμόάνετο
670 5494 769 5562 μὲν
803 5493 859 5544 ὲν
889 5493 1083 5563 ἀρχαῖς
1114 5494 1373 5564 ὴΓόμερο
1410 5494 1586 5545 ἔτικτε
1617 5494 1672 5545 δὲ
1701 5495 1789 5547 τόν
1814 5511 1873 5546 τε

289 5583 359 5635 οὐ
410 5582 535 5634 λαόν
589 5601 710 5655 μου,
758 5585 851 5636 καὶ
899 5584 997 5654 τὴν
1054 5585 1153 5637 οὐκ
1205 5586 1530 5655 ἡλεημένην.
1583 5583 1714 5639 Εἶτα
1756 5586 1873 5657 μετ’

290 5675 517 5745 ἐκείνην
559 5676 908 5747 προσελήφοη
958 5677 1185 5748 δευτέρα
1242 5678 1485 5749 μοιχαλίς
1536 5696 1593 5730 τε
1641 5681 1733 5731 καὶ
1778 5696 1874 5729 οπο-

284 5764 470 5837 νηρὰ,
522 5765 615 5818 καὶ
662 5765 730 5818 τὰ
763 5767 846 5836 ἐφ’
898 5769 1114 5837 ἑκάστῳ
1165 5766 1366 5819 τούτων
1408 5768 1617 5833 λεπτῶς
1662 5788 1715 5821 τε
1777 5771 1873 5821 καὶ

383 5927 426 5958 ⁷³
460 5926 617 5983 Juan.
654 5942 746 5994 xv,
782 5927 863 5983 ιδ.
941 5928 985 5957 τί
1024 5927 1181 5982 Joan.
1216 5942 1323 5989 xlv,
1361 5927 1409 5977 6.
1570 5926 1706 5978 03H:
1744 5941 1777 5985 ι,
1822 5926 1863 5975 l.

1950 709 2283 779 nuitipsum,
2316 716 2371 762 et
2400 706 2541 762 viam
2581 708 2773 762 salutis
2799 710 3208 764 demonstravit.
3248 706 3383 765 Esse
3412 727 3511 764 all—

1949 807 2057 854 tem
2101 798 2412 863 veritatem,
2456 799 2547 866 qui
2589 798 2805 853 tandem
2849 800 3177 854 dubitaverit
3221 801 3512 870 quispiam,

1949 906 2070 947 cum
2100 892 2215 959 ipse
2244 900 2433 961 aperte
2466 890 2611 945 dicat
2638 905 2654 945 :
2700 906 2722 940 ε
2788 888 2898 959 Ego
2925 905 3041 944 sum
3066 892 3267 947 veritas
3304 884 3516 947 ’νηιά-

1951 984 2098 1039 circo
2123 991 2177 1038 et
2206 983 2305 1053 ipsi
2334 982 2533 1038 summi
2561 979 2857 1037 sacerdotis
2884 981 3091 1050 pectori
3134 984 3517 1051 appendeban-

1952 1086 2060 1139 tur,
2089 1082 2296 1129 tantum
2325 1088 2433 1128 non
2464 1073 2734 1129 clamante
2764 1080 2910 1143 typo,
2942 1081 2997 1128 et
3021 1071 3309 1128 manifeste
3332 1075 3517 1129 excla-

1953 1174 2169 1232 mante,
2216 1165 2593 1221 universorum
2649 1162 2989 1219 Salvatorem
3042 1172 3096 1218 et
3146 1163 3516 1230 liberatorem,

1950 1258 2236 1314 veritatem
2281 1265 2338 1313 et
2390 1256 2883 1312 manlfestationem
2927 1263 3178 1310 sanctum
3223 1269 3394 1324 genus
3464 1257 3517 1310 in

1952 1360 2133 1407 mente
2160 1360 2214 1406 et
2236 1352 2398 1406 corde
2424 1349 2737 1405 habiturum
2767 1362 2783 1412 ;
2830 1355 2923 1400 aut
2945 1355 3096 1403 certe
3152 1348 3516 1402 necessarium

1952 1456 2075 1498 esse
2100 1442 2342 1505 omnino,
2373 1440 2686 1496 sacerdotes
2707 1439 2912 1495 Christi
2938 1453 3152 1508 semper
3181 1439 3517 1503 meminisse,

1951 1544 2008 1589 et
2034 1548 2135 1601 per
2158 1532 2417 1604 Spiritum
2450 1533 2502 1586 in
2532 1544 2593 1587 se
2636 1531 2970 1586 habitantem
2994 1529 3367 1586 circumferre.
3415 1532 3520 1585 Do-

1955 1639 2074 1679 mus
2090 1624 2206 1692 ejus
2234 1633 2317 1681 est
2339 1639 2489 1681 mens
2513 1639 2645 1694 pura
2679 1634 2736 1680 et
2763 1640 2861 1680 cor
2909 1636 3316 1697 perpurgatum.
3359 1624 3520 1681 Sede.

1953 1713 2086 1768 bunt
2112 1714 2274 1785 igitur
2294 1714 2413 1771 dies
2441 1715 2637 1771 multos
2671 1715 2764 1770 ﬁlii
2795 1713 2982 1782 Israel,
3028 1716 3227 1787 inquit,
3258 1730 3380 1771 cum
3415 1733 3520 1771 non

1952 1804 2059 1861 erit
2094 1820 2214 1873 rex,
2265 1821 2371 1862 non
2426 1807 2699 1876 princeps,
2754 1807 2856 1862 hoc
2905 1815 3008 1873 est,
3040 1807 3159 1864 sine
3212 1823 3358 1879 rege,
3405 1808 3522 1865 sine

1960 1896 2209 1965 praeside.
2242 1895 2351 1953 Nec
2370 1898 2514 1952 enim
2535 1899 2838 1969 regnabant
2864 1898 2955 1969 qui
2977 1908 3104 1954 sunt
3130 1913 3161 1955 e
3193 1899 3334 1955 tribu
3359 1898 3519 1964 Iuda,

1957 2001 2056 2044 nec
2080 1987 2444 2058 prasidehunt
2470 1989 2763 2058 principes,
2791 1990 2894 2045 hoc
2919 1998 3025 2055 est,
3049 1992 3377 2047 sacerdotes.
3411 1991 3523 2047 Nec

1957 2080 2081 2142 erit,
2128 2078 2324 2147 inquit,
2362 2078 2557 2144 altare,
2611 2086 2703 2135 aut
2751 2080 3082 2136 sacritlcium
3139 2083 3524 2137 sacerdotium-

1956 2177 2159 2239 que,et
2179 2169 2476 2226 manifesti.
2515 2171 2894 2227 Verumtamen
2921 2188 3026 2227 non
3052 2172 3106 2228 in
3138 2173 3257 2229 istis
3287 2188 3519 2245 semper.

1958 2274 2059 2315 nec
2086 2261 2414 2318 omnimodis
2446 2262 2680 2333 reiectus
2714 2262 2885 2318 Israel
2924 2265 3196 2332 manebit;
3246 2266 3526 2321 vocabitur

1958 2354 2103 2408 enim
2134 2355 2440 2425 aliquando,
2472 2364 2528 2412 et
2549 2370 2643 2427 per
2675 2356 2832 2411 fidem
2865 2370 3182 2421 conversus,
3207 2356 3375 2413 Deum
3407 2359 3527 2413 uni-

1958 2458 2238 2499 versorum
2292 2455 2566 2516 agnoscet,
2613 2454 2818 2502 etcum
2871 2448 2990 2518 ipso
3035 2447 3222 2512 David,
3272 2449 3374 2504 hoc
3420 2462 3525 2514 est,

1959 2535 2049 2605 qui
2082 2537 2280 2605 prodiit
2302 2550 2371 2592 ex
2420 2539 2627 2594 semine
2667 2539 2833 2595 David
2855 2579 2870 2606 ,
2918 2542 3195 2598 Christum
3228 2542 3525 2597 secundum

1960 2646 2201 2695 carnem,
2248 2632 2626 2687 universorum
2657 2648 2838 2703 regem
2890 2650 2954 2690 ac
3017 2635 3326 2691 Dominum.
3353 2636 3525 2701 Tunc,

1965 2732 2090 2777 tunc
2126 2721 2497 2777 beneﬁcentia:
2525 2722 2974 2791 magnitudinem,
3006 2732 3060 2778 et
3100 2725 3530 2779 mansuetudinis

1964 2813 2277 2867 immensam
2310 2813 2539 2880 gratiam
2583 2814 2987 2883 obstupescent.
3043 2813 3338 2883 Participes
3383 2815 3529 2869 enim

1962 2907 2121 2955 erunt
2170 2899 2284 2968 spei
2327 2900 2531 2955 sanctis
2561 2909 2910 2972 prmparataz,
2964 2911 3386 2973 sanctorumque
3439 2919 3531 2973 ag-

1964 2991 2199 3045 minibus
2230 2992 2444 3046 admisti
2479 2991 2531 3046 in
2559 2993 2771 3060 pascuis
2804 2992 2978 3057 bonis,
3036 3000 3090 3046 et
3124 2992 3175 3047 in
3206 2991 3325 3046 loco
3348 2992 3530 3062 pingui

1963 3091 2273 3153 pascentur.
2304 3080 2542 3151 Tempus
2576 3083 2717 3137 enim
2752 3083 2889 3138 adeo
2922 3082 3219 3153 splendida:
3266 3090 3321 3137 et
3348 3082 3526 3136 admi-

1964 3171 2147 3225 randae
2171 3171 2356 3241 gratim
2388 3171 2518 3239 ipsis
2538 3172 2644 3225 erit
2667 3181 2968 3227 extremum
2998 3170 3148 3239 illud,
3177 3181 3233 3226 et
3260 3172 3529 3233 ultimum,

1964 3270 2021 3316 et
2054 3261 2106 3315 in
2130 3261 2367 3324 Christo,
2400 3259 2510 3332 63
2566 3275 2662 3331 per
2699 3274 2862 3331 quem
2910 3268 3112 3315 etcum
3164 3273 3273 3330 quo
3325 3259 3435 3315 Deo
3481 3271 3533 3313 et

1966 3350 2113 3407 Patri
2144 3351 2335 3421 gloria,
2367 3366 2492 3407 cum
2524 3360 2718 3407 sancto
2745 3350 2953 3423 Spiritu
2980 3352 3031 3405 in
3064 3352 3260 3407 saecula
3306 3352 3535 3407 seculo-

1970 3460 2111 3503 rum.
2140 3444 2332 3501 Amen.

2240 3746 2626 3840 I‘OMUS
2724 3749 2949 3837 TER
2985 3748 3279 3838 I‘IUS.
3386 3828 3389 3833 _

2605 3896 2759 3952 CAP.
2804 3896 2891 3953 IV.

2045 4008 2210 4065 Vsus.
2236 4009 2288 4073 I,
2318 4009 2375 4062 2.
2405 4009 2596 4063 Audite
2626 4008 2836 4063 verbum
2913 4007 3143 4076 Domini,
3182 4009 3283 4078 ﬁlii
3350 4012 3539 4074 Israel,

1972 4102 2096 4173 quia
2117 4102 2383 4171 judicium
2437 4101 2658 4155 Domino
2692 4101 2762 4153 ad
2793 4101 3089 4154 habitantes
3137 4112 3373 4165 terram;
3418 4103 3544 4168 quia

1974 4209 2077 4247 non
2100 4202 2175 4247 est
2195 4194 2407 4256 veritas,
2425 4208 2587 4261 neque
2607 4192 2988 4255 misericordia,
3007 4207 3165 4260 neque
3190 4192 3409 4247 scientia
3449 4193 3542 4248 Dei

1973 4298 2131 4348 super
2163 4291 2377 4334 terram.
2407 4279 2797 4343 Maledictio,et
2820 4282 3171 4346 mendacium,
3222 4293 3268 4336 ει
3321 4282 3545 4338 homici-

1974 4376 2139 4439 dium,
2175 4384 2219 4427 et
2263 4364 2483 4440 furtum;
2536 4382 2585 4427 et
2613 4371 2928 4426 adulterium
2984 4373 3207 4443 elfusum
3259 4383 3335 4428 est
3391 4391 3547 4445 super

1972 4476 2188 4532 terram,
2212 4474 2261 4520 ει
2283 4480 2561 4535 sarrgumcs
2593 4480 2649 4518 tn
2677 4467 3018 4536 sangutmbus
3057 4477 3293 4521 miscent.

2045 4577 2265 4633 XXXV.
2298 4577 2525 4633 Necesse
2552 4586 2634 4633 est
2687 4594 2784 4633 nos
2826 4580 3156 4634 sententiam
3190 4579 3383 4633 horum
3426 4594 3547 4632 ver-

1974 4670 2165 4724 borum
2200 4671 2494 4739 explanarc
2519 4670 2789 4735 volentes,
2821 4685 2956 4740 pene
3001 4672 3182 4725 omnia
3211 4686 3239 4724 a
3274 4671 3544 4741 principio

1976 4763 2118 4816 dicta
2174 4777 2471 4828 resumere,
2522 4772 2576 4817 et
2631 4762 2788 4832 quasi
2837 4771 3005 4818 totum
3055 4764 3351 4832 prophetia:
3393 4762 3549 4830 hujus

1976 4870 2198 4923 scopum
2241 4855 2575 4925 recolligere.
2607 4856 2814 4926 itaque,
2858 4865 2919 4911 ut
2964 4857 3113 4921 licet,
3170 4865 3225 4910 et
3261 4856 3312 4909 in
3376 4869 3549 4923 pauca

1976 4946 2262 5002 conferens
2297 4948 2425 5002 illud
2450 4949 2554 5005 aio.
2589 4967 2608 5002 ι
2648 4949 2874 5002 Factum
2918 4961 3002 5004 est
3042 4947 3367 5019 principium
3398 4945 3548 5000 verbi

1979 5037 2208 5109 Domini.
2242 5037 2295 5091 in
2329 5039 2464 5093 Osca
2497 5040 2566 5093 ⁷⁵.
2601 5060 2619 5091 ι
2681 5041 2809 5107 Qum
2864 5054 2984 5094 cum
3047 5042 3548 5107 interpretarcmur,

1977 5131 2289 5185 dicebaums
2309 5130 2530 5186 verbum
2561 5132 2651 5186 Dei
2681 5134 2744 5184 ad
2775 5133 2985 5186 beatum
3014 5132 3329 5198 prophetam
3355 5127 3549 5184 Oscam

1981 5238 2011 5276 a
2037 5225 2147 5278 Deo
2173 5223 2366 5277 merito
2396 5224 2620 5288 factum,
2652 5223 2812 5278 veluti
2839 5224 3092 5294 mysteria
3123 5221 3295 5290 ipsum
3323 5222 3553 5276 docente

1982 5325 2036 5368 et
2068 5324 2292 5368 ventura
2326 5329 2422 5383 per
2447 5317 2648 5385 liguras
2683 5326 2736 5368 et
2775 5315 2933 5368 verba
2990 5313 3409 5381 przeuuntiante.
3460 5309 3551 5364 ldv

1982 5408 2127 5459 circo
2166 5390 2318 5459 initio
2358 5408 2528 5460 ascita
2577 5418 2659 5459 est
2690 5407 2911 5468 Gorner,
2946 5403 3262 5473 peperitque
3310 5403 3423 5457 Non
3460 5417 3553 5471 po-

1980 5497 2134 5564 pulus
2195 5512 2367 5560 meus,
2424 5508 2479 5551 et
2534 5495 2961 5551 Misericordiam
3018 5512 3122 5550 non
3177 5504 3546 5550 consecutam.

1983 5587 2172 5642 Postea
2206 5598 2479 5655 assumpta
2517 5596 2600 5640 est
2632 5588 2798 5640 altera
2849 5597 2900 5653 et
2932 5590 3142 5645 mmcha
3176 5601 3230 5643 ct
3262 5588 3503 5655 improba
3532 5600 3548 5647 ;

1980 5687 2031 5732 et
2057 5681 2390 5747 singulorum
2444 5680 2670 5734 istorum
2706 5695 2902 5735 arcana
2946 5684 3217 5739 subtiliter
3268 5686 3549 5732 accurate-

1982 5782 2085 5834 quc
2118 5768 2398 5836 propheta,
2431 5779 2488 5821 ut
2518 5770 2625 5822 dixi
2660 5812 2672 5831 ,
2700 5770 2921 5825 edoctus
2947 5784 3047 5828 est.
3078 5773 3358 5834 Tanquam
3387 5764 3549 5830 igitur
