4098 6276
519 404 623 465 115

1535 412 1592 469 5.
1631 413 1902 471 CYRILLI
1946 415 2410 473 ALEXANDRINI
2449 415 2763 475 ARCIHEP.

3660 408 3764 466 “6

517 521 634 591 ipsa
659 523 944 579 cmlestenr
959 525 1255 596 Sponsum,
1281 528 1556 586 Christum
1586 544 1736 602 puta,
1766 537 2082 608 abegerunt;

2189 538 2323 604 ἐστι,
2356 538 2609 608 Χριστόν.
2653 533 3049 602 Συνεπόρνευον
3078 533 3136 593 δὲ
3209 530 3330 595 ταῖς
3364 529 3520 592 ἰδίαις
3549 529 3764 599 ἡδοναῖς

519 613 789 683 simulque
836 615 1088 676 fornicati
1119 628 1263 683 sunt,
1296 623 1528 690 propriis
1557 627 1924 696 voluptatibus
1957 643 2087 683 sua-

520 702 712 758 dentes
748 720 963 775 operam
987 708 1136 764 dare.
1172 710 1238 764 Et
1277 713 1611 771 miscuerunt
1638 719 1933 787 sanguines
1962 734 2090 775 san-

520 795 790 863 guinibus.
822 796 1099 863 Quomodo
1126 803 1386 856 tandem?
1422 806 1621 861 occisis
1670 809 1816 862 enim
1874 811 2087 865 sanctis

521 886 819 954 prophetis,
873 888 1054 959 ipsum
1089 906 1303 961 quoque
1358 895 1744 965 prOphetarum
1801 898 2087 955 Dominum

519 973 861 1032 addiderunt.
916 976 1276 1045 Quamobrem
1309 982 1503 1038 beatus
1547 983 1855 1055 Stephanus
1895 988 1948 1042 in
1980 990 2085 1044 Ac-

521 1064 663 1120 tibus
697 1067 1063 1137 apostolorum
1092 1084 1196 1124 non
1229 1070 1502 1131 immerito
1525 1075 1631 1133 illis
1683 1080 1978 1148 exprobrat
2001 1080 2087 1137 his

520 1155 702 1210 verbis
736 1174 750 1211 :
790 1174 809 1207 σ
868 1156 1037 1222 Quem
1077 1161 1461 1229 prophetarum
1500 1181 1603 1222 non
1652 1180 1779 1225 sunt
1819 1173 2089 1240 persecuti

520 1252 704 1314 patres
732 1246 936 1300 vestri?
960 1258 1013 1303 et
1045 1252 1361 1309 occiderunt
1381 1271 1497 1324 eos,
1533 1260 1625 1330 qui
1654 1263 2090 1330 praenuntiaruut

519 1332 587 1388 de
610 1334 842 1391 adventu
873 1336 1033 1407 Jusli,
1068 1342 1221 1413 cujus
1247 1359 1342 1402 vos
1378 1363 1519 1404 nunc
1569 1353 1877 1419 proditores
1906 1364 1960 1410 et
1994 1356 2091 1410 ho-

522 1425 735 1480 micidae
761 1425 936 1485 fuistis
961 1431 1009 1464 ⁸⁸
1043 1471 1057 1486 .
1102 1453 1121 1487 ι
1159 1434 1298 1502 Quin
1335 1448 1391 1493 et
1430 1437 1679 1498 Salvator
1708 1442 2005 1502 Pharisaeis
2037 1456 2091 1503 et

521 1512 731 1572 Scribis
757 1517 1032 1589 improbos
1083 1537 1313 1582 conatus
1342 1529 1631 1598 objicieus,
1662 1534 1838 1589 aiebat
1873 1555 1885 1591 :
1922 1554 1941 1588 ι
1978 1536 2089 1590 lm-

519 1603 660 1673 plete
696 1624 1004 1666 mensuram
1033 1625 1247 1683 patrum
1279 1627 1581 1672 vestrorum
1614 1621 1685 1675 ³⁸.
1721 1640 1738 1673 ι

593 1693 754 1751 Vnus.
788 1700 843 1754 5.
879 1700 1006 1754 Ideo
1038 1703 1231 1771 lugebit
1281 1718 1442 1769 terra,
1487 1717 1538 1760 et
1573 1709 1916 1765 imminuatur
1972 1730 2088 1767 cunt

427 1838 435 1847 ,
520 1788 763 1840 omnibus
784 1791 875 1858 qui
906 1790 1146 1845 habitant
1179 1810 1316 1859 eam,
1349 1812 1467 1849 cum
1511 1798 1689 1851 bestiis
1726 1800 1863 1868 agri.
1892 1810 1943 1855 et
1971 1817 2091 1854 cum

2191 628 2482 699 ὑπηρετεῖν
2510 623 2913 685 ἀναπείθοντες.
2953 621 3216 691 Ἔμισγον
3247 619 3305 673 δὲ
3345 620 3442 673 καὶ
3472 617 3557 686 ἐφ’
3595 618 3764 687 αἵμα-

2192 735 2276 772 σιν
2302 718 2530 788 αἵματα.
2562 715 2725 779 Πῶς,
2758 713 2791 785 ἢ
2834 713 2956 765 τίνα
2988 710 3225 780 τρόπον;
3276 709 3632 772 ἀπεκτονότες
3657 709 3766 778 γὰρ

2188 812 2315 874 τοὺς
2340 809 2527 876 ἁγίους
2550 807 2855 879 προφήτας.
2876 804 2970 858 καὶ
2994 802 3156 857 αὐτὸν
3178 802 3406 865 ἐκείνοις
3427 799 3767 871 προσέθεσαν

2188 902 2281 956 τὸν
2308 902 2417 954 τῶν
2449 897 2745 970 προφητῶν
2773 895 3059 963 δεσπότην.
3105 894 3218 948 Καὶ
3262 891 3394 960 γούν
3436 893 3465 945 6
3499 891 3766 963 μακάριος

2191 992 2463 1059 Στέφανος
2490 989 2548 1042 ἐν
2590 990 2710 1051 ταῖς
2749 988 2857 1041 τῶν
2901 983 3213 1039 ἀποστόλων
3259 982 3497 1053 Πράξεσι
3544 983 3767 1044 δικαίως

2191 1082 2374 1145 αὐτοῖς
2402 1079 2669 1144 ὀνειδίζει,
2708 1077 2882 1146 λέγων
2905 1092 2919 1106 ⁸
2964 1093 2984 1128 ι
3034 1076 3167 1129 Τίνα
3199 1074 3306 1127 τῶν
3344 1072 3637 1145 προφητῶν
3667 1072 3769 1126 οὑκ

2191 1171 2410 1237 ἐδίωξαν
2441 1171 2491 1223 oi
2518 1168 2752 1240 πατέρες
2778 1167 2964 1238 ὑμῶν;
2998 1167 3093 1221 καὶ
3124 1166 3453 1221 ἀπέκτειναν
3479 1165 3612 1227 τοὺς
3643 1181 3772 1234 προσ
3797 1176 3807 1200 ν

2192 1262 2658 1332 καταγγείλαντας
2703 1259 2957 1331 περὶτῆς
3001 1257 3269 1321 ἐλεύσεως
3288 1255 3384 1311 τοῦ
3414 1256 3661 1320 Δικαίου,
3704 1246 3768 1308 οὗ

2190 1354 2285 1409 νῦν
2325 1356 2482 1424 ὑμεῖς
2526 1353 2781 1424 προδόται
2829 1350 2924 1406 καὶ
2982 1352 3162 1420 φονεῖς
3204 1349 3478 1417 ἐγένεσθε.
3524 1368 3542 1400 ι
3607 1346 3770 1399 Ἀλλά

2191 1448 2286 1499 καὶ
2315 1447 2344 1500 6
2366 1446 2559 1518 Σωτὴρ
2583 1447 2696 1507 τοῖς
2729 1443 3039 1514 Φαρισαίοις
3069 1441 3165 1495 xui.
3189 1438 3614 1511 I‘puupa‘rsﬁutv
3637 1439 3773 1491 ὀνει-

2190 1535 2352 1600 δίζων
2381 1534 2453 1588 τὰ
2494 1534 2894 1606 τετολμημένα.
2932 1532 3114 1601 ἔλεγε·
3147 1549 3166 1583 ι
3213 1530 3325 1585 Καὶ
3355 1532 3511 1602 ὑμεῖς
3552 1527 3771 1600 πληρὼ-

2195 1643 2325 1681 σατε
2353 1626 2418 1679 τὸ
2449 1627 2646 1698 μέτρον
2677 1625 2782 1679 τῶν
2816 1625 3073 1696 πατέρων
3105 1623 3279 1696 ὑμῶν.
3319 1640 3339 1673 ι

2260 1717 2367 1770 Διά
2402 1715 2579 1769 τοῦτο
2605 1714 2893 1782 πενθήσει
2934 1715 2973 1781 ἡ
2998 1712 3095 1783 γῆ,
3118 1713 3217 1768 καὶ
3251 1709 3770 1783 σμικρυνθήσεται

2192 1804 2316 1860 σὺν
2355 1804 2506 1861 πᾶσι
2543 1807 2670 1870 τοῖς
2692 1803 3084 1859 κατοικοῦσιν
3118 1802 3334 1872 αὐτὴν,
3355 1803 3479 1856 σὺν
3514 1800 3640 1867 τοῖς
3667 1801 3771 1868 θη-

521 1877 794 1943 reptitibus
836 1888 1016 1947 terra,
1063 1898 1109 1937 et
1153 1901 1271 1939 cum
1303 1887 1607 1941 volatilibus
1650 1890 1787 1944 creti.
1833 1891 1900 1946 Et
1926 1894 2086 1961 pisces

2189 1899 2345 1967 ρίοις
2365 1897 2473 1953 τοῦ
2504 1897 2714 1968 ἀπροῢ,
2745 1896 2844 1952 καί
2880 1894 3005 1952 σὺν
3031 1896 3157 1963 τοῖς
3184 1893 3453 1966 ἑρπετοῖς
3479 1892 3592 1963 τῆς
3633 1890 3769 1963 γῆς,

520 1967 685 2022 maris
711 1969 972 2040 deﬁcient,
1003 1982 1062 2028 ut
1087 1975 1263 2031 nullus
1277 1978 1676 2048 uequejudirel,
1711 1998 1873 2053 neque
1904 1994 2094 2055 arguat

517 2071 810 2128 quicquam.

590 2228 831 2289 XXXVI.
852 2232 1143 2307 Postquam
1159 2243 1333 2312 enim,
1353 2243 1548 2315 inquit,
1564 2249 1701 2305 adeo
1724 2249 1832 2306 Deo
1847 2265 2091 2317 exosam,

515 2329 572 2376 et
606 2336 867 2393 perquam
926 2327 1306 2401 inhumanam,
1340 2334 1585 2406 impiam,
1623 2350 1885 2411 metuque
1915 2343 2091 2413 legum

517 2413 756 2471 solutam
782 2417 949 2473 vitam
981 2434 1300 2493 exegerunt,
1326 2428 1742 2500 cogitaruntque
1767 2442 1823 2488 et
1846 2433 2095 2489 fecerunt

517 2520 638 2574 quae
677 2506 758 2561 fas
795 2522 900 2563 non
937 2522 1043 2579 est,
1075 2513 1244 2570 Deum
1288 2517 1524 2575 ludibrio
1569 2520 1853 2578 habentes.
1885 2522 2093 2581 idcirco

517 2601 576 2648 et
615 2593 913 2664 iustissime
941 2599 997 2654 in
1030 2603 1259 2659 exitium
1296 2605 1546 2672 abibunt,
1590 2608 1808 2680 lugente
1831 2613 2095 2681 quodam-

518 2683 680 2739 modo
708 2695 874 2754 terra,
906 2703 1026 2760 quae
1062 2693 1305 2750 vastitati
1337 2695 1573 2765 dabitur,
1602 2710 1659 2755 et
1698 2700 1943 2759 habitum
1981 2719 2095 2761 mu-

523 2774 674 2840 tabit,
705 2784 761 2833 et
786 2777 984 2836 faciem
1019 2783 1273 2854 praeferet
1318 2786 1671 2859 inammnam,
1705 2793 1931 2850 urbibus
1953 2809 2092 2852 exu-

517 2867 640 2935 stis,
671 2872 919 2929 domibus
967 2876 1200 2942 eversis,
1233 2879 1511 2950 segetibus
1555 2896 1620 2938 ac
1667 2884 1931 2953 stirpibus
1968 2901 2092 2942 sue-

516 2957 667 3013 eisis.
699 2960 906 3017 Similis
954 2979 1147 3021 sensus
1191 2969 1297 3023 erit
1329 2970 1691 3028 habitantium
1724 2982 1946 3042 terram,
1983 2993 2088 3032 una

517 3048 932 3105 lamentantium
958 3060 1014 3107 et
1034 3054 1354 3124 ejuiantium
1381 3077 1397 3114 :
1420 3075 1544 3115 nam
1584 3071 1639 3117 et
1672 3063 1774 3133 ipsi
1809 3065 2086 3135 lugebunt,

2194 1990 2294 2044 καί
2345 1989 2468 2044 σὺν
2520 1988 2648 2055 τοῖς
2693 1988 2985 2055 πετεινοῖς
3036 1988 3144 2043 τοῦ
3199 1986 3482 2057 οὐρανοῦ.
3536 1984 3645 2040 Καὶ
3710 1986 3773 2039 οι

2194 2079 2400 2149 ἰχθύες
2418 2077 2530 2146 τῆς
2567 2077 2887 2146 θαλάσσης
2916 2078 3336 2147 ἐκλείψουσιν,
3360 2076 3521 2143 ὅπως
3554 2074 3771 2145 μηδεὶς

2188 2170 2342 2240 μήτε
2367 2167 2687 2238 δικάζηται,
2707 2167 2861 2238 μήτε
2888 2169 3110 2240 ἐλέγχῃ
3126 2164 3365 2240 μηδείςζ

2263 2262 2405 2327 ΑΕΓ.
2463 2260 2682 2330 Ἐπειδὴ
2714 2260 2824 2331 γὰρ
2853 2261 2945 2314 τὸν
2968 2261 3132 2329 οὕτω,
3166 2262 3318 2332 φησὶ,
3372 2260 3634 2332 θεοστυγῆ
3674 2261 3772 2315 καὶ

2193 2351 2547 2421 παγχάλεπον
2565 2351 2847 2421 διεξήκασι
2870 2352 3005 2422 βίον,
3023 2352 3114 2406 τὸν
3139 2351 3372 2422 δυσσεϐῆ
3417 2353 3513 2406 καὶ
3532 2351 3767 2424 ἐξήνιον.

2194 2442 2569 2513 πεφρονήκασί
2594 2458 2654 2495 τε
2684 2441 2779 2495 καὶ
2823 2441 3147 2513 δεδράκασιν
3189 2442 3229 2496 ἃ
3270 2442 3344 2514 μὴ
3373 2442 3529 2513 θέμις
3548 2483 3562 2508 ,
3589 2443 3771 2513 ἐμπα-

2198 2530 2500 2600 ροινοῦντες
2527 2531 2647 2600 Θεῷ
2666 2546 2680 2561 ⁸
2702 2532 2876 2606 ταύτῃ
2889 2550 2993 2599 τοι,
3020 2534 3112 2588 καὶ
3147 2533 3293 2605 μάλα
3325 2533 3572 2600 δικαίως,
3612 2534 3773 2605 οίχή-

2194 2633 2377 2671 σονται
2400 2617 2536 2691 πρὸς
2562 2619 2858 2687 ἀπώλειαν,
2878 2619 3180 2694 πενθούσης
3200 2621 3308 2692 μὲν
3336 2622 3501 2677 οἱονεὶ
3521 2623 3619 2691 τῆς
3638 2622 3765 2691 γῆς’

2195 2708 2672 2782 καταδῃωθήσεται
2699 2712 2811 2782 γὰρ
2828 2711 2988 2784 αὕτη,
3007 2712 3105 2767 καὶ
3135 2730 3273 2785 μετα
3280 2731 3345 2784 με
3354 2713 3461 2783 ίψει
3478 2714 3539 2767 τὸ
3556 2713 3658 2784 σχῆ
3669 2729 3768 2784 μα,

2194 2801 2292 2855 καὶ
2316 2801 2531 2873 ἀτερπῆ
2559 2802 2780 2873 φορέσει
2808 2803 2907 2875 τὴν
2930 2804 3076 2875 ὄψιν,
3110 2805 3319 2859 πόλεων
3357 2804 3455 2876 μὲν
3476 2806 3771 2876 ἐμπεπρη-

2198 2892 2433 2964 σμένων,
2456 2894 2620 2947 οἴκων
2652 2892 2710 2947 δέ
2748 2895 3286 2967 κατασεσεισμένων,
3318 2895 3413 2949 καὶ
3446 2892 3633 2966 ἀγρῶν
3670 2892 3769 2945 ἐκ·

2191 2985 2568 3056 κεκομμένων.
2587 2984 3059 3039 Συνδιακείσονται
3088 2989 3155 3055 τῇ
3187 2989 3255 3057 γῇ
3286 2985 3382 3038 καὶ
3415 2987 3464 3038 ei
3499 2985 3768 3046 κάτοικοι,

2194 3075 2680 3148 συνολοφυρόμενοί
2722 3092 2785 3128 τε
2814 3075 2909 3128 καὶ
2940 3074 3381 3144 συνοιμώζοντες.
3426 3073 3768 3141 Πενθήσουσι

521 3143 623 3197 hoc
643 3153 744 3209 est,
768 3144 843 3197 ab
858 3146 1004 3200 omni
1037 3146 1217 3202 laetitia
1246 3156 1303 3205 et
1332 3149 1587 3208 felicitate
1614 3155 1801 3223 procul
1831 3158 2083 3214 aberunt.

521 3232 619 3259 n..:
660 3248 820 3259 ...ι-...Α
874 3246 994 3259 -.....
1044 3238 1376 3259 ι.-ι.ε.-.,---
1416 3243 1543 3259 ἐυρ
1578 3244 1600 3259 ρ
1796 3256 1804 3259 Α
1958 3250 2027 3259 ν...

2193 3165 2303 3236 γὰρ
2354 3143 2691 3228 καὶ-αὑτοὶ,
2737 3164 3050 3228 τουτέστιν,
3097 3143 3323 3228 ἀπάσης
3357 3160 3619 3230 εὐθυμίας
3669 3163 3768 3211 καὶ

517 3232 619 3298 Qui
660 3248 824 3303 porro
872 3246 1000 3291 sunt
1042 3238 1381 3296 habitatores
1415 3243 1543 3298 isti?
1574 3244 1722 3313 ferte,
1756 3256 1811 3302 et
1852 3250 2086 3319 reptilia,

518 3330 574 3376 et
603 3322 820 3393 insuper
839 3325 1105 3384 volatilia.
1135 3329 1241 3385 Sed
1268 3346 1605 3404 nequaquam
1634 3337 2088 3406 existimabimus,

519 3413 567 3468 si
605 3423 755 3470 recte
780 3414 1151 3488 intelligimus,
1191 3420 1257 3477 de
1302 3424 1605 3492 agrestibus
1635 3425 1844 3495 bestiis,
1878 3438 1973 3483 aut
2000 3444 2091 3483 re-

518 3502 766 3573 ptilibus,
797 3517 892 3563 aut
943 3508 1246 3566 volucribus
1301 3516 1621 3585 prophetam
1665 3518 1821 3572 nobis
1866 3519 2088 3574 concio-

518 3599 636 3652 nari
670 3616 685 3653 :
723 3609 868 3655 esset
892 3602 1036 3657 enim
1073 3601 1428 3661 hoc-stultum
1462 3606 1622 3676 plane
1670 3618 1726 3663 et
1765 3610 2089 3679 insipientiae

516 3687 757 3757 plenum.
802 3690 1150 3747 Arhitramur
1193 3694 1337 3749 enim
1385 3699 1588 3767 potius,
1628 3709 1833 3754 rectum
1870 3708 1923 3755 et
1967 3714 2091 3770 ger-

518 3788 734 3828 manum
760 3790 977 3832 sensum
1025 3780 1279 3850 amplexi,
1308 3780 1615 3841 Judazorum
1644 3802 1821 3843 mores
1865 3787 1952 3843 his
1977 3787 2086 3858 jam

516 3866 678 3924 dictis
716 3869 973 3939 exprimi.
1010 3871 1088 3927 Ac
1140 3888 1239 3942 per
1280 3875 1479 3930 bestias
1525 3878 1742 3946 quidem
1778 3881 2091 3949 potentissi-

516 3969 654 4021 mos,
690 3966 748 4013 et
773 3960 867 4028 qui
907 3960 1043 4015 alios
1071 3970 1280 4017 terrere
1326 3975 1577 4033 possunt,
1610 3977 1854 4035 agrestes
1898 3979 1955 4026 et
1986 3986 2086 4042 op-

512 4060 812 4116 pressores,
847 4057 904 4104 et
951 4052 1226 4108 trucidare
1258 4055 1466 4123 solitos,
1495 4068 1549 4111 et
1583 4058 1826 4114 moribus
1860 4075 2087 4132 magno-

512 4153 639 4208 pere
671 4140 836 4208 feros,
865 4152 918 4198 et
967 4145 1206 4202 immites
1237 4148 1526 4219 signiﬁcat.
1570 4150 1676 4205 Per
1710 4152 1922 4222 reptilia
1957 4169 2086 4209 vero

509 4230 618 4301 67
646 4231 698 4284 in
731 4248 940 4289 morum
968 4237 1263 4293 acerbitate
1290 4239 1774 4297 exercitatissimes
1799 4253 1856 4297 et
1883 4244 2085 4313 impro-

510 4323 681 4376 bitate
726 4323 835 4389 iatn
867 4340 1293 4385 consummatos.
1343 4331 1435 4387 Sic
1473 4335 1618 4388 enim
1666 4343 1722 4388 et
1750 4334 1947 4391 alicubi
1997 4350 2084 4389 sa-

511 4414 666 4480 piens
715 4414 951 4471 Joannes
998 4418 1453 4487 improbissimum
1486 4424 1884 4480 Pharisaeorum
1928 4425 2083 4483 Scri—

2193 3256 2491 3329 εὑημερίας
2519 3255 2775 3310 ἀποτάτω
2797 3255 3134 3326 γενήσονται.
3155 3253 3311 3314 Τίνες
3339 3250 3396 3303 δὲ
3417 3250 3467 3303 oi
3498 3249 3762 3323 κάτοικοι;

2192 3346 2357 3418 θῆρές
2385 3364 2444 3401 τε
2485 3348 2581 3402 καὶ⁵
2606 3346 2834 3419 ἑρπετὰ,
2852 3347 2947 3400 καὶ
2973 3345 3111 3416 πρός
3138 3360 3203 3411 γε
3231 3341 3442 3406 τούτοις
3468 3341 3537 3396 τὰ
3559 3342 3761 3396 διιπτά-

2196 3452 2354 3507 μενα.
2386 3438 2499 3490 Καὶ
2523 3438 2583 3490 οὐ
2610 3438 2781 3507 δήπου
2802 3434 3118 3505 νομιοῦμεν,
3136 3434 3253 3503 εἴγε
3282 3432 3536 3505 συνίεμεν
3562 3433 3760 3505 ὀρθῶς,

2191 3528 2273 3581 ὅτι
2305 3526 2487 3597 θηρῶν
2512 3527 2743 3597 ἀγρίων,
2768 3527 2934 3596 ἧγουν
2963 3525 3230 3597 ἑρπετῶν,
3257 3526 3292 3598 ἢ
3320 3525 3537 3595 πτηνῶν
3565 3526 3594 3578 6
3624 3542 3757 3596 προ-

2192 3617 2419 3686 φητικὸς
2448 3619 2578 3687 ἡμῖν
2611 3616 2998 3688 κατακέκραγε
3028 3617 3207 3686 λόγος.
3236 3616 3445 3687 Εὑηθες
3479 3615 3591 3687 γὰρ
3625 3634 3760 3672 παν-

2189 3707 2379 3772 τελῶς,
2407 3708 2499 3760 καὶ
2523 3708 2814 3771 ἀσυνεσίας
2834 3707 3069 3778 ἔμπλεον
3092 3707 3153 3761 τὸ
3182 3707 3306 3779 τῇδε
3328 3709 3487 3763 νοεῖν.
3520 3706 3767 3779 Οἰόμεθα,

2189 3798 2299 3870 γὰρ
2333 3798 2534 3869 μᾶλλον
2554 3839 2569 3864 ,
2602 3797 2736 3869 ὀρθὰ
2784 3801 3002 3869 φρονεῖν
3045 3799 3370 3868 ἐγνωκότες,
3410 3800 3525 3862 τοῖς
3557 3798 3758 3869 ἀρτίως

2190 3891 2322 3960 ἡμῖν
2378 3888 2691 3962 εἰρημένοις
2744 3891 2868 3955 τοὺς
2910 3890 3017 3944 τῶν
3068 3891 3335 3945 Ἰουδαίων
3385 3890 3758 3961 ἐξομοιοῦσθαι

2188 3980 2441 4048 τρόπους.
2487 3979 2594 4032 Καὶ
2647 3978 2734 4032 διὰ
2780 3981 2880 4049 μὲν
2917 3979 3028 4033 τῶν
3059 3980 3264 4052 θηρίων
3296 3980 3422 4044 τοὺς
3449 3978 3756 4033 δυνατωτά-

2187 4086 2331 4134 τους,
2360 4072 2454 4124 καὶ
2486 4070 2837 4141 ἐκδειματοῦν
2869 4071 3089 4142 ἐτέρους
3134 4072 3334 4135 ἱκανῶς
3362 4071 3606 4142 ἔχοντας,
3632 4068 3751 4129 τοὺς

2187 4160 2413 4232 ἀγρίους
2437 4161 2531 4214 καὶ
2560 4161 3000 4226 ἐπελευστικοὺς,
3027 4161 3123 4216 καὶ
3148 4164 3454 4232 μιαιφονεῖν
3477 4160 3752 4220 είωθότας.

2186 4252 2283 4306 καὶ
2320 4252 2452 4306 πολὺ
2491 4253 2611 4308 λίαν
2640 4253 2865 4324 ἔχοντας
2900 4254 2962 4307 τὸ
2995 4255 3271 4326 ἀνήμερον
3300 4252 3668 4322 ύπεμφήνειεν
3689 4247 3754 4302 ἂν

2185 4345 2215 4397 6
2238 4342 2414 4413 λόγος.
2450 4346 2548 4399 Διά
2579 4345 2636 4398 δέ
2665 4362 2728 4413 γε
2751 4346 2860 4400 τῶν
2890 4348 3137 4416 ἑρπετῶν
3160 4348 3286 4409 τοὺς
3317 4345 3502 4415 ἄκρως
3525 4342 3753 4411 ἐξησκη-

2190 4434 2383 4502 μένους
2408 4434 2469 4487 τὸ
2507 4434 2702 4504 πικρὸν
2731 4437 2811 4495 είς
2832 4436 3086 4505 τρόπους,
3114 4438 3209 4489 καλ⁵
3233 4438 3312 4499 είς
3340 4436 3487 4507 λῆξιν
3504 4431 3603 4502 τῆς
3624 4428 3752 4499 ὅλης

514 4506 812 4576 harumque
849 4509 1248 4564 multitudinem
1281 4513 1649 4579 reprehendit,
1680 4514 2007 4580 acclamans,
2027 4523 2084 4568 et

2189 4523 2286 4594 ἤδη
2318 4525 2551 4594 ἣκοντας
2592 4526 2875 4596 πονηρίας.
2916 4525 3072 4580 Οὕτω
3102 4527 3211 4598 γάρ
3249 4546 3352 4582 που
3380 4506 3472 4581 καὶ
3516 4526 3546 4578 ὁ
3592 4520 3753 4592 σοφδς

510 4612 794 4669 serpentes
839 4617 903 4654 ac
938 4602 1248 4671 progeniem
1281 4603 1588 4670 viperarum
1626 4605 1913 4659 nominans
1936 4604 2080 4663 “7-”.

507 4688 614 4745 Per
669 4690 910 4744 volatilia
957 4692 1262 4748 rectissime
1313 4692 1623 4764 intelliges,
1682 4696 1772 4763 qui
1835 4705 2084 4765 prompte

506 4782 576 4838 ad
629 4781 988 4839 defectionem
1040 4797 1070 4836 a
1112 4783 1220 4838 Deo
1264 4784 1570 4855 eriguntur,
1623 4786 1738 4842 sive
1789 4785 1883 4856 qui
1932 4802 2083 4843 exsc-

506 4875 706 4929 cranda
741 4875 999 4944 superbia
1041 4875 1316 4942 laborant,
1344 4886 1401 4932 et
1441 4892 1655 4932 sursum
1698 4877 1853 4943 ferri,
1883 4886 1938 4932 et
1972 4878 2080 4933 alta

466 5014 473 5021 ,
503 4982 699 5037 sapere
743 4977 1162 5023 consueverunt.
1196 4967 1422 5025 Videtur
1456 4978 1635 5023 autem
1680 4978 1736 5023 et
1777 4970 1963 5037 pisces
1989 4985 2079 5025 vo-

470 5106 475 5111 .
503 5077 630 5116 care
659 5062 906 5117 sordidos
928 5070 983 5115 et
1011 5062 1307 5132 gregarios,
1334 5063 1457 5116 vita:
1488 5061 1949 5118 sollicitudinibus
1973 5062 2077 5117 im-

504 5168 748 5221 mersos,
785 5164 844 5210 et
892 5164 1125 5209 mentem
1174 5153 1240 5208 iis
1285 5154 1441 5220 quasi
1489 5152 1717 5208 oﬁ’usam
1774 5154 2076 5222 habentes,

505 5255 684 5300 mutos
712 5255 766 5300 et
804 5247 1029 5303 rationis
1064 5245 1304 5300 maxime
1352 5255 1645 5313 expertes:
1688 5255 1772 5301 est
1814 5248 1959 5302 enim
1990 5249 2077 5317 pi-

506 5337 613 5391 scis
646 5351 737 5391 res
784 5352 814 5390 a
858 5352 994 5393 voce
1026 5337 1414 5392 remotissima.
1448 5335 1515 5390 Et
1561 5337 1857 5390 secundum
1909 5336 2071 5390 alium

504 5439 750 5490 sensum,
777 5440 871 5480 eos
892 5428 984 5495 qui
1015 5426 1394 5481 imbecilliores
1420 5425 1566 5479 velut
1586 5425 1890 5493 deglutiunt
1918 5442 1933 5479 :
1961 5443 2074 5481 mu-

506 5528 595 5570 tua
634 5517 781 5571 enim
806 5515 1157 5572 devoratioac
1190 5520 1368 5586 pisces
1411 5518 1676 5587 imprimis
1702 5521 1955 5589 gaudent.
1987 5517 2074 5573 lu-

2198 4615 2450 4685 Ἰωάννης
2505 4615 2604 4684 τὴν
2664 4616 3075 4689 μοχθηροτάτην
3130 4619 3238 4674 τῶν
3290 4617 3598 4690 Φαρισαίων
3663 4614 3755 4670 καὶ

2182 4703 2560 4775 Γραμματέων
2590 4705 2786 4778 ἤλεγχε
2821 4708 3049 4779 πληθὺν,
3075 4710 3309 4765 ἐπιϐοῶν
3332 4727 3390 4763 τε
3423 4693 3520 4763 καὶ
3547 4707 3719 4777 λέγων
3737 4722 3752 4739 ’

2189 4813 2209 4847 ι
2226 4797 2433 4865 Ὄφεις,
2452 4798 2764 4869 γεννήματα
2786 4801 3027 4871 ἐχιδνῶν.
3040 4820 3059 4854 ›
3082 4802 3182 4855 Διά
3201 4801 3258 4855 δέ
3277 4819 3341 4871 γε
3362 4800 3470 4855 τῶν
3491 4798 3755 4854 πετεινῶν

2181 4882 2241 4942 εὗ
2285 4889 2429 4959 μάλα
2479 4892 2729 4961 συνήσεις
2768 4894 2895 4957 τοὺς
2934 4895 3165 4965 ἑτοίμως
3191 4893 3633 4965 ἀνεπτοημένους
3675 4892 3755 4955 είς

2183 4983 2484 5036 ἀπόστασιν
2527 4984 2627 5054 τὴν
2673 4985 2781 5039 ἀπὸ
2823 4987 2980 5052 Θεοῦ,
3034 4987 3134 5041 εἰτ’
3187 4981 3279 5041 οὖν
3331 4986 3429 5058 τὴν
3480 4986 3754 5056 ἐπάρατον

2185 5073 2471 5138 νοσοῦντας
2524 5076 2857 5147 ὑπεροψίαν,
2907 5079 3002 5132 καὶ
3041 5080 3151 5132 ἄνω
3195 5095 3298 5131 που
3341 5076 3603 5149 φέρεσθαι
3660 5075 3755 5129 καὶ

2184 5163 2364 5233 ὑψηλὰ
2387 5167 2598 5236 φρονεῖν
2635 5166 2909 5229 εἰωθότας.
2941 5166 3125 5221 Ἔοικε
3165 5167 3221 5221 δὲ
3270 5169 3363 5221 καὶ
3394 5168 3582 5239 ἰχθύας
3616 5166 3754 5220 ἀπο-

2184 5255 2370 5309 καλεῖν
2410 5258 2536 5322 τοὺς
2584 5256 2963 5330 συρφετώδεις,
3010 5261 3104 5313 καὶ
3131 5260 3435 5328 ἀγελαίους,
3467 5259 3594 5321 τοὺς
3631 5257 3751 5316 ταῖς

2182 5342 2278 5397 τοῦ
2320 5343 2433 5414 βίου
2468 5345 2717 5415 φροντίσι
2748 5345 3229 5416 βεϐαπτισμένους,
3272 5349 3367 5401 καὶ
3422 5345 3751 5416 ὑποϐρύχιον

2177 5433 2365 5505 ῶσπερ
2394 5436 2613 5505 ἔχοντας
2631 5436 2776 5501 νοῦν,
2812 5439 2937 5501 τοὺς
2960 5437 3205 5508 ἀφώνους
3229 5439 3323 5492 καὶ
3349 5438 3746 5507 ἀλογωτάτους.

2190 5520 2562 5594 ’Λφωνότατον
2593 5528 2701 5598 γὰρ
2730 5527 2837 5582 τῶν
2873 5529 3070 5600 ἰχθύων
3117 5531 3179 5584 τὸ
3218 5532 3425 5602 χρῆμα.
3473 5532 3583 5585 Καὶ
3624 5527 3746 5583 καθ’

504 5610 623 5679 quit
654 5622 821 5679 ergo:
852 5626 871 5660 ι
902 5608 1129 5680 Lugcbit
1163 5620 1302 5663 terra
1330 5624 1432 5662 una
1464 5626 1586 5666 cum
1629 5611 2018 5666 habitantibus.
2045 5629 2066 5663 ι

2189 5617 2361 5688 ἕτερον
2378 5620 2433 5671 δὲ
2450 5619 2669 5689 τρόπον,
2688 5620 2812 5685 τοὺς
2827 5616 2938 5677 οἷον
2960 5622 3354 5687 καταπίνοντας
3381 5623 3505 5689 τοὺς
3521 5621 3748 5693 ἀσθενε-

462 5850 465 5857 λ
580 5767 625 5800 ’⁸
650 5787 769 5846 Act.
795 5802 891 5854 vn,
921 5786 1005 5841 52.
1084 5784 1129 5817 ⁸⁸
1162 5785 1351 5841 Matth.
1385 5804 1533 5853 nul.
1564 5791 1649 5844 52.
1731 5788 1850 5830 ⁸⁷-⁵³⁸
1886 5789 2013 5848 Luc.
2048 5808 2081 5845 ll

2213 5792 2446 5853 ﬂiatth.
2482 5810 2633 5858 xxiii,
2667 5796 2750 5851 53.
