4098 6276
353 478 457 534 H7

1276 477 1820 535 COMMENTARIUS
1857 472 1922 530 IN
1960 469 2193 527 OSEAM
2236 466 2675 525 I’ROPHETAM.

354 592 594 661 στέρους·
619 591 990 662 ἀλληλοφαγία
1008 594 1115 666 γὰρ
1136 591 1388 665 μάλιστα
1413 596 1565 666 παρά
1590 598 1701 659 τοῖς
1743 593 1919 665 ίχθῦσι

2026 586 2084 641 Et
2114 601 2232 654 qua:
2266 584 2424 653 hujus
2452 586 2528 638 rei
2560 580 2764 639 causa?
2800 598 2819 632 ι
2858 578 2927 636 Ut
2957 580 3138 637 nullus
3165 593 3336 650 neque
3355 581 3584 650 fodicet,

352 683 662 752 τετίμηται.
718 702 737 734 ι
779 683 1047 756 Πενθήσει
1099 684 1300 750 τοίνυν,
1350 686 1552 757 φησὶν,
1600 687 1635 756 ή
1688 685 1761 755 γῆ
1808 686 1918 747 τοῖς

350 771 692 827 κατοικοῦσιν
743 772 899 843 ὁμοῦ.
952 793 972 827 ι
1023 775 1135 828 Καὶ
1184 774 1266 837 τίς
1322 775 1355 845 ή
1401 772 1556 827 τοῦδε
1609 772 1916 843 πρόφασις;

353 883 370 912 ι
403 861 592 924 Ὅπως
624 861 812 933 μηδεὶς
847 863 988 935 μήτε
1020 863 1330 935 δικάζηται,
1381 864 1518 935 μήτε
1564 863 1764 936 ἐλέγχῃ
1810 880 1917 933 μη-

238 955 242 958 ⁴
345 950 477 1015 δεῖς.
517 971 537 1004 ι
587 954 803 1026 Ἐπειδὴ
830 956 939 1026 γὰρ
969 954 1114 1025 ἀρὰ,
1146 955 1241 1009 καὶ
1273 954 1490 1025 ψεῦδος,
1518 956 1690 1028 κλοπή
1730 971 1789 1008 τε
1825 954 1919 1008 καὶ

350 1043 531 1111 φόνος,
563 1044 658 1098 καὶ
680 1045 896 1115 μοιχεία
928 1045 1157 1116 κέχυται
1187 1045 1281 1100 ἐπὶ
1312 1046 1410 1117 τῆς
1442 1046 1570 1117 γῆς,
1592 1047 1684 1100 καὶ
1711 1046 1919 1116 αἵματα

350 1134 439 1202 ἐφ’
467 1134 662 1204 αἵμασι
687 1135 976 1206 μίσγουσι·
1030 1135 1288 1207 ταύτῃτοι
1313 1135 1588 1206 πενθήσει,
1624 1137 1718 1191 καὶ
1748 1137 1920 1206 ἀργή-

352 1240 434 1275 σει
491 1224 677 1278 λοιπὸν
719 1224 942 1295 ψεῦδος,
991 1227 1084 1280 καὶ
1135 1227 1344 1298 ἀπάτη,
1402 1226 1500 1280 καὶ
1562 1226 1914 1297 συκοφαντία.

362 1314 790 1385 Ἐποιμώζοντες
833 1317 939 1389 γάρ
997 1320 1110 1382 τοῖς
1143 1319 1274 1390 παρ’
1303 1315 1493 1371 ἐλπίδα
1524 1316 1917 1389 συμϐεϐηκόσι,

347 1404 442 1458 καὶ
471 1404 568 1475 τὴν
595 1407 654 1459 ἐν
686 1404 831 1478 χειρὶ
856 1405 1131 1470 κλαίοντες
1159 1408 1574 1480 συμφορὰν,καὶ
1593 1408 1690 1477 ούχ
1707 1407 1921 1470 ἑκόντες

346 1495 638 1562 ἀφέξονται
665 1496 772 1550 τῶν
800 1498 1053 1551 τοιούτων
1077 1498 1182 1568 πλη
1192 1498 1587 1570 μμελημάτων.
1616 1499 1689 1551 Τὸ
1710 1499 1817 1570 γάρ
1838 1516 1921 1552 τοι

344 1585 686 1656 δικάζεσθαι,
717 1589 812 1644 καὶ
838 1590 1103 1659 ἐλέγχειν,
1129 1591 1214 1662 είη
1250 1592 1314 1645 ἂν
1336 1591 1521 1663 ἕτερον
1555 1591 1727 1657 οὐδὲν,
1752 1590 1923 1644 καθά-

346 1696 458 1749 περ
483 1673 718 1750 ἐγῷμαι,
744 1679 883 1751 πλὴν
909 1682 988 1734 ὅτι
1016 1681 1077 1734 τὸ
1105 1685 1448 1753 κατηγορεῖν,
1483 1681 1579 1735 καὶ
1606 1680 1922 1752 καταψηφί-

345 1767 540 1834 ζεσθαί
584 1788 765 1839 τινων,
798 1772 917 1843 ἦτοι
961 1771 1444 1844 ψευδομαρτυρεῖν.
1490 1774 1662 1828 Τοῦτό
1708 1791 1787 1828 τοι
1828 1774 1924 1827 καὶ

343 1860 537 1932 ἕτερος
585 1863 718 1933 ήμῖν
757 1861 866 1915 τῶν
906 1862 1076 1931 ἁγίων
1107 1866 1402 1936 προφητῶν
1421 1904 1437 1928 ,
1467 1864 1576 1919 τῶν
1604 1865 1663 1931 ἐξ
1691 1865 1923 1935 αἵματος

358 1950 585 2021 Ἰσραὴλ
610 1932 1042 2022 Ἰκατεκεκράγει,
1085 1932 1289 2022 λέγωνί
1331 1973 1350 2007 ι
1383 1953 1452 2006 Οτ
1479 1972 1592 2026 μοι,
1624 1932 1769 2026 ψυχή
1789 1996 1805 2021 ,
1837 1954 1919 2007 ὅτι
1955 1932 1997 1988 Β

348 2040 631 2096 ἀπόλωλεν
683 2042 920 2112 εὐλαϐὴς
953 2043 1061 2097 ἀπὸ
1093 2045 1196 2116 γῆς
1234 2044 1330 2098 καὶ
1365 2046 1394 2100 ὁ
1427 2046 1708 2117 κατορθῶν
1734 2047 1791 2099 ἐν
1829 2047 1921 2099 ἀν-

348 2131 588 2205 θρώποις
630 2134 730 2188 οὐκ
780 2135 917 2197 ἐστι,
971 2135 1173 2200 πάντες
1213 2138 1296 2199 εἰς
1340 2136 1549 2208 αἵματα
1592 2137 1920 2205 δικάζονται,

345 2225 580 2290 ἕκαστος
609 2226 700 2280 τὸν
744 2226 973 2299 πλησίον
1017 2227 1179 2282 αὐτοῦ
1228 2228 1565 2285 ἐκθλίϐουσιν
1608 2227 1853 2301 ἐκθλιϐῇ.
1896 2245 1917 2281 ι

356 2317 519 2373 Ἀλλά
548 2317 719 2371 ταῦτα
755 2320 1063 2390 ίστορικῶς.

415 2409 563 2480 Πρὸς
588 2410 823 2464 διάνοιαν
854 2411 911 2463 δὲ
938 2410 1037 2482 τὴν
1059 2411 1318 2467 ἐσωτάτω
1341 2411 1432 2466 τὸν
1461 2412 1561 2483 τῆς
1583 2412 1921 2484 προφητείας

345 2501 662 2567 εὐθύνοντες
703 2503 857 2572 λόγον
876 2545 889 2569 ,
918 2504 1092 2558 ἐκεῖνό
1126 2520 1327 2574 φαμεν.
1370 2504 1589 2575 Ἐπειδὴ
1624 2505 1733 2576 γὰρ
1763 2506 1823 2559 ἐν
1853 2506 1920 2579 τῇ

345 2593 455 2645 τῶν
492 2593 758 2648 Ἰουδαίων
784 2597 855 2666 γῇ
880 2635 895 2660 ,
930 2595 1097 2666 ῆγουν
1129 2597 1261 2666 παρ’
1288 2596 1472 2659 αὐτοῖς
1514 2596 1784 2660 Ἰουδαίοις
1824 2597 1923 2650 ούκ

347 2684 499 2736 ἐστιν
548 2683 793 2755 ἀλήθεια,
852 2684 973 2738 οὐδὲ
1028 2685 1196 2749 ἕλεος,
1243 2686 1365 2739 οὐδέ
1409 2688 1707 2756 ἐπίγνωσις
1750 2688 1920 2742 Θεοῦ·

359 2772 536 2827 ταῦτα
562 2774 618 2828 δέ
648 2771 788 2829 εἷναί
818 2793 878 2829 τε
921 2776 1017 2830 καὶ
1045 2776 1300 2844 λέγεσθαι
1331 2777 1421 2831 τὸν
1457 2779 1805 2853 Ἐμμανουήλ
1842 2784 1923 2834 εί-

355 2867 607 2937 ρήκαμεν
625 2882 639 2895 ⁸
668 2864 982 2937 κεκράτηκε
1010 2866 1067 2920 δὲ
1093 2867 1292 2937 μᾶλλον
1312 2868 1438 2939 ἀρὰ,
1472 2872 1566 2924 καὶ
1595 2870 1808 2940 ψεῦδος,
1829 2874 1924 2925 καὶ

351 2954 641 3025 τετίμηται
671 2952 864 3025 κλοπὴ,
891 2955 984 3009 καὶ
1020 2955 1226 3025 αἵματα
1263 2958 1350 3025 ἐφ’
1375 2958 1570 3028 αἵμασι
1604 2959 1887 3030 μίσγουσιν
1906 2977 1921 2992 ο

351 3046 712 3111 ἀπεκτονότες
744 3046 853 3117 γὰρ
877 3047 1001 3110 τοὺς
1033 3048 1338 3118 προφήτας,
1362 3050 1437 3113 ὼς
1466 3050 1623 3123 ἔφην,
1641 3052 1734 3106 καὶ
1764 3053 1925 3106 αὐτὸν

352 3136 684 3190 ἀπεκτόνασι
710 3135 803 3191 τδν
843 3137 1069 3207 Ἰησοῦν.
1103 3138 1520 3212 Καταπενθήσει
1552 3142 1738 3196 λοιπὸν
1769 3144 1804 3214 ἡ
1853 3142 1924 3214 γῆ

2021 693 2194 747 neque
2238 688 2427 748 arguat
2461 679 2772 746 quisquam.
2809 693 2827 726 ι
2873 674 3137 743 Quoniam
3185 674 3331 729 enim
3364 674 3586 730 maledi-

2019 779 2186 833 ctum,
2216 777 2269 822 et
2304 767 2668 832 mendacium,
2711 767 2935 834 furtum,
2968 776 3023 820 et
3050 766 3247 834 caedes,
3279 774 3333 819 et
3377 766 3588 823 adulte-

2020 860 2158 914 rium
2190 856 2379 913 diffnsa
2410 868 2536 912 sunt
2561 873 2723 927 super
2760 868 2983 924 terram,
3015 867 3067 912 et
3122 859 3415 928 sanguines
3459 874 3586 915 san-

2019 950 2272 1019 guiuibus
2337 948 2906 1004 tnisccntur:idcirco
2960 949 3183 1019 lugebit,
3247 960 3303 1004 et
3354 951 3590 1006 cessabit

2022 1040 2276 1111 deinceps
2304 1040 2666 1104 mendacium,
2698 1050 2750 1094 et
2784 1038 3027 1105 fallacia,
3057 1049 3113 1093 et
3142 1040 3435 1096 calumnia.
3466 1041 3593 1112 Eju-

2020 1134 2196 1189 lnutes
2241 1134 2384 1189 enim
2439 1147 2600 1202 super
2652 1132 2735 1186 his
2778 1146 2899 1201 quae
2945 1140 3144 1199 praeter
3187 1146 3336 1201 spem
3373 1132 3585 1189 accide-

2022 1232 2167 1291 runt,
2195 1235 2250 1279 et
2293 1223 2658 1278 calamitatem
2698 1230 3020 1291 prtesentetn
3067 1221 3429 1289 deplorantes,
3469 1222 3592 1277 tali-

2022 1317 2120 1370 bus
2145 1312 2352 1372 delictis
2374 1315 2537 1370 etiam
2564 1313 2719 1369 inviti
2749 1313 3120 1369 abstinehunt.
3143 1311 3399 1367 Judicare
3422 1314 3590 1377 enim,

2020 1417 2075 1463 et
2116 1422 2343 1479 arguere
2370 1406 2504 1462 nihil
2538 1422 2658 1461 mea
2693 1405 2967 1460 sententia
3023 1403 3168 1458 aliud
3220 1402 3384 1457 fuerit
3428 1419 3590 1473 quam

2022 1513 2304 1562 accusare,
2324 1508 2378 1552 et
2397 1497 2720 1553 sententiam
2751 1495 2890 1552 male
2915 1494 3058 1551 ferre
3083 1505 3271 1550 contra
3303 1495 3591 1565 quosdam,

2022 1591 2136 1645 sive
2165 1589 2358 1644 falsum
2400 1587 2698 1643 testiﬁcari.
2752 1586 2864 1641 Hoc
2898 1584 3053 1641 nobis
3103 1588 3157 1640 et
3204 1585 3344 1638 alius
3378 1592 3596 1639 sancto-

2024 1696 2144 1736 runi
2182 1679 2567 1749 prophetarum
2613 1692 2678 1732 ex
2727 1676 2995 1747 sanguine
3027 1675 3194 1731 lsrael
3220 1675 3591 1745 proclamavit,

2023 1786 2146 1825 cum
2177 1769 2356 1824 dixit:
2392 1786 2411 1820 ι
2456 1766 2542 1822 ναξ
2584 1767 2743 1832 mihi,
2774 1767 2979 1829 anima,
3010 1767 3135 1835 quia
3177 1765 3339 1835 periit
3382 1764 3594 1834 religio-

2024 1878 2116 1917 sus
2155 1863 2221 1918 de
2254 1871 2419 1928 terra,
2452 1871 2506 1915 et
2537 1858 2628 1930 qui
2670 1869 2817 1914 recte
2852 1857 3020 1913 faciat
3049 1858 3101 1912 in
3135 1856 3462 1921 hominibus,
3486 1871 3592 1911 non

2022 1962 2143 2008 est:
2194 1965 2381 2007 omnes
2437 1951 2490 2005 in
2538 1951 2833 2020 sanguines
2889 1948 3173 2020 judicant,
3223 1949 3595 2017 unusquisque

2022 2045 2328 2115 proximum
2361 2056 2518 2097 suum
2548 2041 2805 2097 tribulant
2841 2040 3185 2096 tribulatione
3207 2039 3275 2095 ".
3311 2057 3329 2089 ι
3357 2039 3462 2094 Sed
3482 2038 3605 2106 hazc,

2022 2135 2239 2206 quidem
2273 2134 2551 2191 historice.

2094 2425 2174 2481 Ad
2225 2424 2473 2481 lntlmum
2508 2434 2673 2492 porro
2715 2435 2935 2477 sensum
2968 2417 3209 2475 vaticinii
3248 2416 3411 2471 verba
3460 2414 3594 2471 diri-

2024 2525 2235 2585 gentes,
2270 2513 2402 2569 illud
2438 2512 2693 2568 dicimus.
2732 2511 2866 2577 Quia
2907 2510 2962 2564 in
3010 2510 3232 2578 regione
3264 2505 3592 2574 Judteornm,

2024 2604 2140 2659 sive
2184 2602 2327 2673 apud
2359 2604 2505 2671 ipsos
2528 2598 2743 2658 Iudaeos
2788 2614 2895 2655 non
2938 2609 3021 2654 est
3053 2598 3279 2663 veritas,
3304 2611 3405 2652 nec
3434 2597 3598 2652 mise-

2029 2695 2287 2761 ricordia,
2314 2709 2414 2751 nec
2442 2695 2672 2751 scientia
2702 2692 2795 2748 Dei
2836 2692 2974 2762 (haec
3007 2700 3186 2745 autem
3235 2703 3358 2743 esse
3402 2696 3457 2743 et
3489 2686 3595 2742 dici

2026 2785 2432 2841 Enuuannelem
2470 2784 2824 2853 monuimus),
2853 2782 3186 2852 invaluitque
3214 2781 3395 2850 potius
3424 2776 3595 2832 male-

2025 2879 2225 2933 dictum
2268 2886 2321 2933 et
2357 2874 2724 2939 mendacium,
2750 2883 2806 2928 et
2838 2873 3159 2928 studuerunt
3188 2871 3366 2937 furtis,
3395 2878 3449 2925 et
3469 2884 3597 2922 san-

2025 2963 2293 3033 guinesin
2328 2961 2683 3033 sanguinibus
2726 2960 3064 3014 miscuerunt
3104 2957 3322 3030 (occisis
3363 2970 3597 3025 namque

2025 3053 2324 3123 prophetis,
2354 3063 2414 3107 ut
2441 3050 2574 3116 dixi,
2604 3061 2658 3111 et
2688 3053 2861 3121 ipsum
2899 3048 3081 3105 Jesum
3112 3048 3468 3119 occiderunt).
3490 3046 3598 3100 Lu-

2026 3145 2173 3216 gebit
2207 3145 2261 3199 in
2315 3152 2594 3214 posterum
2654 3152 2795 3198 terra
2838 3158 2941 3196 una
2984 3156 3108 3197 cum
3159 3139 3553 3195 habitatoribus
3578 3179 3592 3204 ,

354 3229 464 3290 τοῖς
506 3228 780 3293 κατοίκοις
823 3228 961 3301 ὁμοῦ
1002 3232 1124 3294 ταῖς
1185 3231 1469 3304 Ῥωμαίων
1530 3235 1921 3307 ἐμπιπραμένη

2030 3236 2276 3292 manibus
2320 3235 2693 3290 Romanorum
2745 3235 2983 3290 incensa.
3024 3234 3194 3288 Erunt
3233 3243 3411 3287 autem
3458 3234 3596 3296 lucc,

358 3319 562 3388 χερσίν.
596 3321 789 3374 Ἔσται
818 3321 875 3374 δέ
903 3322 1097 3388 ταῦτα,
1133 3324 1350 3395 φησὶν,‹
1388 3324 1508 3379 Ἵνα
1536 3328 1673 3398 μήτε
1704 3326 1926 3399 δικάζη-

364 3425 474 3471 ται,
522 3411 654 3481 μήτε
696 3413 901 3485 ἐλέγχῃ
950 3414 1159 3486 μηδείς.
1197 3434 1217 3467 ι
1258 3416 1438 3489 Ὅπερ
1488 3417 1638 3470 ἐστὶν
1680 3417 1927 3489 ἐναργῶς

368 3502 752 3572 ἐπαιτιωμένου
779 3508 900 3570 τοὺς
942 3507 1252 3575 Ἰουδαίους,
1286 3507 1363 3571 ὡς
1406 3508 1805 3580 δικασαμένους
1831 3513 1927 3564 ἀν-

368 3592 543 3659 οσίως,
563 3595 655 3649 καὶ
685 3599 1130 3667 κατελέγξαντας,
1158 3600 1277 3672 ῆτοι
1300 3599 1927 3672 ψευδομαρτυρήσαντας

366 3685 459 3738 τοῦ
500 3688 749 3759 Χριστοῦ.
792 3690 858 3747 Ol
905 3692 1002 3763 μὲν
1045 3691 1155 3762 γὰρ
1204 3692 1497 3763 ἡγούμενοι
1528 3694 1803 3764 προσῆγον
1832 3694 1928 3747 Πι-

362 3774 541 3845 λάτῳ,
595 3776 939 3851 δικαζόμενοι
997 3798 1056 3834 τε
1110 3781 1206 3835 καὶ
1258 3782 1692 3854 κατηγοροῦντες
1739 3782 1927 3839 αὑτοῦ.

356 3869 721 3938 Παρελθόντες
746 3871 803 3925 δέ
832 3890 978 3937 τινες
1002 3872 1473 3946 κατεμαρτύρουν,
1511 3875 1673 3945 μόνον
1714 3872 1770 3929 δέ
1809 3877 1929 3948 οὐχὶ

356 3967 448 4017 καί
472 3964 713 4037 ἐλέγχειν
756 3965 1079 4038 ἀπετόλμων
1099 3983 1112 3997 ·
1144 3967 1569 4036 ψευδοεποῦντες
1599 3970 1648 4022 oi
1681 3969 1924 4035 δείλαιοι,

355 4057 491 4109 ποτὲ
539 4059 655 4126 μὲν,
705 4058 789 4111 ὅτι
833 4056 1147 4128 διαστρέφει
1197 4059 1287 4113 τὸν
1334 4060 1496 4113 λαὸνο
1541 4060 1670 4115 ποτέ
1718 4060 1796 4124 δὲ,
1848 4061 1929 4116 ὅτι

357 4145 554 4198 τούτου
603 4147 856 4214 λέγοντος
885 4147 1225 4215 ἀκηκόαμεν,
1270 4148 1345 4209 ῶς
1377 4147 1435 4200 ἐν
1479 4148 1659 4219 τρισὶν
1696 4150 1931 4221 ἡμέραις

359 4235 661 4290 καταλύσει
701 4237 792 4289 τὸν
820 4237 946 4289 ναὸν
977 4236 1070 4288 τοῦ
1101 4236 1259 4301 Θεοῦ,
1287 4237 1380 4289 καὶ
1416 4238 1599 4309 ἐγερεῖ
1639 4237 1799 4292 πάλιν
1834 4242 1929 4295 αύ-

352 4328 469 4380 τόν.
514 4326 964 4398 ’Δναιρεθήσεται
992 4326 1191 4391 τοίνυν,
1221 4327 1375 4398 φησὶ,
1399 4326 1544 4398 δίκη,
1576 4329 1670 4383 καὶ
1692 4330 1927 4402 ἔλεγχος,

350 4422 471 4492 ἦτοι
529 4418 953 4490 καταμαρτυρία
1004 4418 1123 4481 ,καὶ
1165 4419 1343 4491 ψῆφος
1390 4420 1489 4473 ούκ
1545 4421 1771 4494 ἀληθὴς,
1832 4425 1932 4478 ούκ

347 4514 505 4576 ὄντος
557 4510 843 4581 βασιλέως,
888 4507 1010 4563 οὐδὲ
1066 4507 1325 4580 ἄρχοντος
1354 4508 1448 4563 τοῦ
1478 4510 1720 4576 δικάζειν
1746 4512 1932 4567 εἰωθό-

2029 3327 2224 3396 inquit,
2260 3342 2281 3378 ι
2328 3334 2387 3380 ιιι
2432 3339 2607 3394 neque
2646 3322 2875 3393 indicet,
2909 3337 3085 3391 neque
3129 3331 3322 3392 arguat
3350 3308 3496 3375 nllus
3526 3338 3539 3373 :
3573 3339 3592 3371 ο

2028 3419 2173 3488 quod
2211 3426 2298 3474 est
2332 3417 2621 3473 manifeste
2651 3430 2911 3471 accusare
2945 3413 3181 3478 Jutlzeos,
3210 3423 3268 3467 ut
3297 3412 3387 3483 qui
3433 3412 3597 3481 impie

1984 3582 1987 3587 _
2021 3508 2111 3578 jus
2137 3509 2411 3575 dixerunt,
2446 3517 2500 3563 et
2526 3508 2940 3578 redarguernnt,
2970 3505 3085 3560 sive
3125 3504 3319 3559 falsum
3356 3502 3599 3557 testimo-

2027 3602 2177 3656 nium
2205 3601 2259 3656 in
2289 3601 2566 3657 Christum
2597 3598 2958 3669 protulerunt.
3000 3595 3113 3668 68
3146 3593 3426 3664 Principes
3450 3594 3593 3649 enim

2029 3692 2365 3748 adduxerunt
2418 3706 2542 3748 eum
2613 3691 2679 3744 ad
2743 3689 2994 3751 Pilatum,
3062 3688 3212 3740 illum
3294 3685 3598 3754 iudicantes

2028 3796 2084 3841 et
2110 3793 2448 3840 accusantes.
2482 3781 2760 3850 Progressi
2789 3778 2980 3833 deinde
3008 3778 3227 3846 quidam
3259 3776 3312 3830 in
3337 3775 3595 3841 medium,

2032 3875 2406 3930 testimonium
2441 3883 2632 3929 contra
2665 3871 2841 3942 ipsum
2876 3869 3286 3940 perhibuerunt,
3309 3878 3362 3923 et
3389 3876 3596 3925 tantum

2030 3982 2138 4022 non
2197 3966 2373 4036 ipsum
2431 3977 2649 4036 quoque
2700 3960 3034 4033 argumentis
3092 3960 3413 4017 convincere
3480 3960 3597 4015 ausi

2028 4066 2174 4121 sunt,
2199 4056 2526 4111 mentientes
2548 4053 2754 4117 miseri,
2788 4067 2955 4116 nunc,
2986 4066 3108 4105 eum
3139 4051 3398 4106 seducere
3424 4065 3594 4119 popu-

2032 4151 2175 4215 lum;
2204 4164 2369 4211 nunc,
2417 4160 2479 4200 se
2518 4145 2620 4198 hoc
2669 4144 2842 4210 ipsum
2871 4144 3138 4195 dicentem
3168 4142 3458 4202 audivisse,
3502 4142 3602 4194 tri-

2034 4245 2131 4296 bus
2161 4241 2349 4294 diebus
2379 4235 2634 4303 templum
2676 4234 2764 4286 Dei
2806 4232 3210 4285 destructurnm
3267 4242 3322 4286 et
3362 4231 3593 4285 readin-

2033 4344 2279 4386 caturum
2301 4329 2370 4383 9°.
2399 4326 2643 4382 Tolletur
2679 4325 2863 4395 igitur,
2894 4323 3087 4393 inquit,
3111 4323 3401 4392 judicium,
3430 4333 3483 4378 et
3509 4339 3597 4378 re-

2034 4421 2344 4493 prehensio,
2380 4419 2495 4475 sive
2548 4416 2841 4473 testimonii
2887 4414 3072 4483 dictio,
3102 4423 3158 4469 et
3189 4415 3456 4469 sententia
3496 4431 3601 4468 non

2035 4528 2182 4581 vera,
2212 4526 2335 4567 cum
2383 4524 2491 4565 non
2519 4508 2626 4564 erit
2659 4522 2777 4574 rex,
2809 4520 2987 4575 neque
3014 4505 3293 4576 princeps,
3322 4504 3415 4574 qui
3458 4502 3601 4573 judi-

349 4622 463 4668 τος.
503 4602 795 4674 Ταύτῃτοι,
836 4599 1091 4672 καθάπερ
1129 4594 1368 4673 ἐγῷμαι,
1392 4602 1486 4655 καὶ
1525 4603 1555 4656 ὁ
1597 4604 1926 4676 προφητικὸς

2036 4619 2160 4659 care
2190 4602 2356 4658 norit.
2379 4600 2495 4656 Hac
2518 4598 2585 4654 de
2609 4591 2795 4664 causa,
2830 4606 2890 4651 ut
2917 4610 3017 4665 ego
3054 4594 3252 4658 sentio,
3278 4595 3443 4649 etiam
3475 4607 3603 4662 pro-

353 4699 487 4767 ήμίν
534 4695 696 4763 λόγος
737 4696 849 4757 τοῖς
888 4692 1265 4758 ἀϐασιλεύτοις
1311 4695 1420 4749 τῶν
1450 4694 1603 4759 ζώων
1652 4698 1779 4760 τοὺς
1824 4695 1934 4751 τῶν

365 4788 635 4842 Ἰουδαίων
685 4786 1011 4857 παρεικάζει
1053 4784 1235 4851 λαοὺς,
1292 4786 1456 4857 θηρσὶ
1505 4787 1591 4858 δὴ,
1620 4787 1785 4856 λέγω,
1842 4789 1934 4842 καὶ

351 4882 630 4953 ἑρπετοῖς,
676 4880 772 4932 καὶ
812 4883 1102 4944 πετεινοῖς,
1148 4881 1244 4933 καὶ
1294 4880 1525 4951 ἰχθύσιν.
1570 4881 1725 4936 Οῦτω
1773 4883 1866 4935 καὶ
1902 4884 1932 4935 ό

353 4972 632 5043 μακάριος
654 4971 935 5041 προφήτης
977 4970 1259 5041 Ἀϐακοὺμ
1277 4969 1382 5041 ἔφη
1404 4988 1508 5024 που
1532 4972 1669 5042 πρὸς
1697 4972 1786 5026 τὸν
1817 4972 1927 5025 τῶν

350 5063 491 5116 ὅλων
523 5060 659 5114 Θεόν
677 5075 690 5088 ·
725 5077 743 5111 ι
763 5053 856 5123 Εἰς
880 5059 931 5112 τί
954 5058 1269 5123 ἐπιϐλέπεις
1299 5062 1394 5114 ἐπὶ
1418 5062 1927 5133 καταφρονοῦντας;

352 5150 776 5220 Παρασιωπήσῃ
802 5149 860 5203 ἐν
903 5147 980 5219 τῷ
1014 5149 1336 5203 καταπίνειν
1367 5151 1538 5222 ἀσεϐῆ
1568 5152 1661 5204 τὸν
1699 5152 1929 5216 δίκαιον,

349 5245 443 5297 καὶ
493 5244 749 5315 ποιήσεις
793 5245 920 5307 τοὺς
966 5243 1284 5316 ἀνθρώπους
1316 5242 1391 5307 ὡς
1430 5247 1555 5306 τοὺς
1597 5243 1783 5312 ἰχθύας
1834 5245 1935 5314 τῆς

347 5336 669 5408 θαλάσσης,
712 5336 809 5390 καὶ
862 5337 939 5401 ὠς
988 5338 1058 5392 τὰ
1106 5337 1311 5409 ἑρπετὰ
1371 5338 1472 5390 οὐκ
1519 5336 1710 5406 ἔχοντα
1772 5336 1935 5406 ήγού-

349 5443 533 5496 μενον.
584 5448 604 5482 ι

431 5518 484 5571 '0
513 5519 583 5573 δὲ
628 5518 786 5585 λαός
807 5536 929 5587 μου
970 5520 1051 5586 ὡς
1088 5519 1551 5590 ἀναλεγόμενος
1578 5516 1788 5586 ἱερεὺς,
1830 5519 1931 5571 καὶ

350 5606 683 5679 ἀσθενήσει
729 5608 976 5679 ἡμέρας,
1022 5610 1121 5665 καὶ
1162 5607 1491 5675 ἀσθενήσει
1544 5609 1576 5661 ὁ
1622 5606 1932 5676 προφήτης

351 5696 500 5768 μετὰ
529 5698 670 5755 σοῦ.

422 5874 467 5907 ⁸³
502 5874 664 5931 Mich.
699 5892 795 5942 vn,
830 5877 884 5931 2.
965 5879 1010 5908 ⁸⁸³
1051 5874 1237 5929 Matth.
1269 5889 1417 5939 χιιι,
1451 5873 1671 5943 passim.

2034 4698 2285 4769 pheticus
2308 4710 2489 4751 sermo
2510 4691 2819 4749 Judteorum
2850 4690 3106 4761 populum
3128 4688 3451 4744 animalibus
3482 4700 3606 4755 rege

2034 4788 2344 4844 carentibus
2364 4792 2663 4854 comparat,
2694 4780 2908 4846 bellnis,
2935 4778 3176 4849 inquam,
3215 4784 3270 4833 et
3303 4774 3604 4845 reptilibns,

2032 4876 2445 4941 etvolncribus,
2482 4885 2539 4931 et
2586 4874 2849 4944 piscibus.
2897 4869 2981 4923 ita
3024 4879 3080 4923 et
3130 4872 3318 4925 beatus
3351 4866 3604 4922 Habacuc

2033 4969 2403 5024 universitatis
2434 4966 2601 5023 Deum
2634 4964 2945 5034 alloquitur.
2984 4981 3003 5014 ι
3035 4962 3215 5029 Quare
3258 4958 3483 5027 respicis
3511 4973 3605 5013 su-

2035 5075 2130 5129 per
2155 5057 2603 5127 contemptores?
2628 5054 2860 5111 Tacebis
2890 5069 3011 5110 cum
3043 5050 3386 5108 devoraverit
3412 5047 3605 5117 impius

2031 5147 2261 5215 justum,
2306 5155 2361 5202 et
2409 5145 2576 5202 facies
2616 5145 2864 5201 homines
2919 5144 3073 5215 quasi
3130 5142 3305 5212 pisces
3341 5137 3509 5193 maris
3553 5148 3607 5192 et

2039 5240 2188 5307 quasi
2230 5237 2465 5308 reptilia,
2497 5253 2601 5293 non
2633 5237 2889 5292 habentia
2921 5237 3110 5291 ducem
3149 5233 3223 5279 ⁹¹ο
3258 5250 3279 5286 ι

2112 5516 2275 5569 Vnus.
2312 5516 2367 5569 4.
2430 5514 2495 5567 At
2544 5514 2768 5582 populus
2816 5526 2960 5564 meus
3024 5512 3179 5581 quasi
3226 5514 3466 5566 sacerdos
3520 5510 3604 5562 mi

2040 5606 2439 5666 contradicitur,
2464 5612 2510 5655 et
2543 5598 2901 5667 inﬁrmabttur
2929 5615 3022 5669 per
3044 5602 3177 5670 dies,
3212 5613 3259 5657 et
3303 5598 3600 5667 inﬁrmubi-

2038 5711 2125 5751 tur
2146 5699 2394 5767 pmpheta
2417 5706 2605 5749 tecum.

1778 5874 1819 5903 οι
1860 5869 2060 5925 llabac.
2099 5887 2132 5937 ι,
2176 5871 2255 5934 15,
2286 5869 2351 5923 ιι
