4098 6276
517 479 659 558 '429

1541 507 1598 562 s.
1641 504 1914 562 cvmua
1943 489 2419 564 ‘ALexaa‘omM
2460 507 2776 564 ARCIIIEP.

3689 506 3790 563 1ἳο

629 621 890 677 XXXVII.
931 623 1221 680 Considera
1259 625 1386 680 mihi
1419 629 1631 682 beatum
1665 631 1981 698 prophetam
2013 631 2112 688 alio

2295 630 2414 688 AZ'.
2441 632 2631 702 Ἀθρει
2661 632 2723 703 δή
2759 648 2847 702 μοι
2879 630 2969 683 τὸν
3003 635 3273 700 μακάριον
3309 629 3590 700 προφήτην
3611 627 3791 696 ἕτερο-

552 714 714 768 modo
745 715 1124 784 proferentem,
1161 733 1284 786 qua:
1324 718 1422 786 ipsi
1459 734 1487 772 a
1532 718 1641 773 Deo
1690 721 1830 774 dicta
1881 719 2117 779 fuerant.

554 805 811 859 Audierat
857 805 1001 859 enim
1053 818 1240 876 aperte
1286 808 1400 861 dies
1451 808 1645 862 multos
1687 825 1935 865 sessuros
1987 810 2122 866 ﬁlios

553 893 734 958 Israel,
771 895 1060 950 destitutos
1091 912 1234 965 rege,
1289 898 1552 966 principe,
1603 899 1895 964 sacriticio,
1941 901 2118 967 altari,

551 987 880 1052 sacerdotio,
907 1002 962 1043 et
995 988 1296 1042 manifestis
1321 987 1385 1042 ".
1415 991 1486 1043 At
1515 990 1628 1058 ipse
1662 993 1756 1045 ira:
1790 994 2119 1058 vehementi,

552 1078 635 1132 his
669 1079 849 1134 verbis
875 1079 1190 1147 significata.
1220 1080 1373 1148 quasi
1409 1083 1610 1135 cursim
1645 1085 1961 1150 succedens,
1989 1099 2122 1138 con-

552 1171 779 1223 tractius
827 1169 1194 1238 reprehendit,
1257 1173 1658 1242 moderatisque
1696 1176 2120 1232 obscuritatibus

550 1274 856 1313 sermonem
893 1261 1202 1316 obumbrat.
1237 1261 1372 1317 Nam
1419 1264 1540 1319 sine
1581 1265 1934 1334 principibus,
1975 1281 2117 1336 rege,

553 1351 894 1408 institutione
922 1353 1235 1423 aliquandiu
1268 1371 1570 1420 mansuros,
1591 1357 1865 1412 involucro
1885 1358 2118 1426 quodam

552 1441 825 1497 subtiliter
853 1443 1080 1509 indicat,
1110 1445 1434 1501 animalibus
1459 1462 1636 1516 regem
1663 1462 1768 1501 non
1800 1448 2120 1504 habentibus

550 1550 645 1590 eos
669 1551 1013 1606 comparans.
1049 1539 1341 1595 Exclusum
1393 1550 1572 1595 autem
1626 1542 1692 1595 iri
1727 1542 2015 1597 sacriﬁciis
2066 1553 2120 1596 et

553 1626 788 1696 liturgiis
833 1629 1176 1685 sacerdotum
1236 1631 1598 1696 subostendit,
1628 1633 1816 1686 eodem
1848 1633 1965 1688 loco
2004 1632 2119 1688 fore

549 1721 758 1780 dicens,
788 1736 894 1787 quo
931 1721 1266 1786 sacerdotes,
1301 1721 1498 1792 quibus
1531 1724 1943 1778 contradicitur.
1984 1723 2119 1791 Qui-

553 1825 674 1862 nam
704 1820 882 1864 antem
912 1811 999 1866 isti
1034 1811 1192 1866 sunt?
1216 1813 1448 1882 autquis
1481 1823 1565 1869 est
1595 1815 1848 1871 sacerdos
1875 1816 1961 1871 cui
1989 1831 2120 1870 con-

552 1902 880 1957 tradicitur?
907 1902 1008 1970 Qui
1054 1903 1317 1958 maculam
1344 1911 1398 1958 et
1429 1907 1674 1959 morbum
1709 1905 1891 1962 carnis
1925 1907 2114 1975 habet,

549 1999 604 2045 et
659 1991 864 2047 idcirco
909 1993 1124 2062 liturgia
1169 1995 1502 2050 excluditur.
1549 1996 1660 2050 Aut
1707 1997 1848 2050 enim
1895 2008 2116 2067 propter

548 2082 744 2146 cruris,
774 2089 864 2137 aut
899 2083 1176 2138 oculorum
1211 2085 1424 2151 vitium,
1462 2095 1555 2140 aut
1590 2086 1973 2143 contritionem
2021 2102 2115 2157 pe-

548 2173 650 2240 dis,
675 2185 768 2227 aut
809 2175 967 2230 aliam
1019 2176 1088 2230 ob
1136 2191 1356 2232 causam
1381 2177 1599 2246 quidam
1637 2178 1813 2234 oliiciO
1859 2181 2114 2235 sacerdo-

546 2267 638 2320 tali
693 2269 1069 2334 movebantur,
1096 2269 1450 2338 quantumvis
1487 2271 1553 2325 de
1587 2271 1729 2326 tribu
1754 2282 1809 2326 et
1849 2271 2112 2341 sanguine

544 2353 673 2410 Levi
727 2367 930 2412 essent.
981 2357 1036 2412 Id
1063 2358 1204 2426 quod
1247 2359 1428 2414 divina
1464 2358 1551 2414 lex
1590 2375 1686 2428 per
1714 2359 1934 2430 Moysen
1974 2373 2111 2428 prae-

544 2450 708 2518 cepit.
748 2446 839 2501 Sic
864 2449 1027 2518 igitur
1056 2450 1178 2513 erit,
1210 2451 1406 2519 inquit,
1436 2451 1664 2518 populus
1691 2465 1863 2504 meus.
1899 2450 2108 2503 Etenim

542 2556 664 2594 cum
698 2540 767 2594 sit
811 2554 967 2593 sacer
999 2549 1219 2607 propter
1257 2549 1440 2608 patres
1490 2540 1601 2610 69
1638 2549 1692 2592 et
1730 2540 1980 2604 dignatus
2019 2552 2108 2592 sa—

544 2629 777 2696 criticio,
807 2639 961 2682 extra
994 2638 1238 2682 sanctum
1268 2630 1676 2682 tabernaculum
1704 2628 1931 2692 sedebit,
1956 2635 2108 2682 extra

541 2722 840 2791 liturgiam,
872 2730 928 2777 et
951 2721 1286 2776 sacerdotes.
1317 2719 1433 2774 Non
1461 2721 1604 2774 enim
1637 2718 1989 2783 sacriﬁcium,
2016 2732 2110 2773 ne-

549 2827 657 2882 que
687 2814 909 2868 odorem
943 2811 1232 2867 suavitatis
1258 2811 1440 2866 offeret
1475 2811 1618 2874 Deo;
1645 2807 1925 2878 mgrotavit
1956 2807 2102 2861 enim

545 2919 650 2957 non
687 2903 799 2972 jam
831 2902 1203 2958 mediocribus
1231 2901 1570 2956 detrimentis
1597 2897 1786 2960 animi,
1811 2905 1866 2951 et
1891 2896 2108 2950 vitiatus

540 3003 624 3047 est
651 2991 834 3056 corde,
869 2999 925 3044 et
955 2989 1150 3045 merito
1174 2987 1286 3056 jam
1347 2985 1644 3055 rejectitius
1678 2995 1839 3054 atque
1889 2983 2108 3038 odiosus

541 3083 736 3138 evasit.
761 3081 1094 3136 Eventurum
1127 3089 1309 3134 autem
1349 3077 1624 3144 lsraelitis,
1660 3085 1717 3132 ut
1753 3086 1809 3131 et
1833 3076 2108 3146 prophetae

545 3183 780 3240 taceant,
825 3172 1125 3228 declaravit
1171 3173 1257 3228 his
1298 3171 1476 3226 verbis
1510 3187 1523 3224 :
1562 3186 1582 3221 ι
1634 3168 1703 3224 Et
1744 3165 2108 3222 inﬁrmabitur

541 3267 807 3340 propheta
841 3274 1017 3320 tecum
1042 3302 1060 3331 ,
1104 3281 1124 3316 ι
1159 3264 1452 3319 secundum
1500 3260 1631 3316 illud
1664 3259 1871 3329 utique,
1895 3258 2038 3328 quod
2074 3271 2105 3310 a

543 3355 652 3408 Deo
681 3353 748 3408 ad
801 3353 1018 3406 beatum
1058 3350 1395 3406 Ezechielem
1435 3350 1640 3405 dictum
1687 3356 1814 3402 est:
1849 3365 1868 3399 ι
1904 3347 1970 3402 Et
2002 3346 2108 3401 lin-

542 3460 701 3516 guam
738 3453 880 3498 tuam
911 3441 1163 3513 al'ligabo,
1194 3451 1248 3497 et
1281 3443 1392 3496 eris
1426 3451 1630 3505 mutus,
1663 3449 1718 3493 et
1743 3453 1849 3494 non
1871 3437 1980 3492 eris
2005 3437 2110 3494 illis

544 3534 597 3588 in
648 3533 821 3586 virum
879 3530 1256 3600 obiurgantem
1288 3517 1324 3594 ,λ
1359 3528 1484 3597 quia
1541 3529 1734 3583 domus
1781 3541 2110 3596 exasperans

541 3634 627 3680 est
658 3625 724 3678 ".
757 3641 778 3676 ι
810 3621 936 3678 Ηωο
987 3636 1150 3693 porro
1194 3621 1376 3675 omnia
1436 3630 1656 3689 propter
1689 3619 2018 3687 impietatem
2053 3619 2107 3672 in

540 3717 842 3782 Christum,
866 3726 923 3771 et
947 3715 1153 3770 scelera
1187 3714 1239 3768 in
1267 3713 1556 3783 prophetas
1587 3711 1870 3783 designata
1895 3711 2111 3766 contin-

543 3819 688 3880 gent.
735 3808 1125 3863 Verumtamen
1177 3819 1282 3858 non
1327 3804 1380 3858 in
1415 3813 1732 3872 perpetuum
1780 3802 2109 3858 inﬂrmatum

543 3902 611 3955 iri
653 3900 930 3964 lsraelem,
973 3899 1069 3955 sed
1118 3912 1212 3967 per
1250 3896 1365 3952 dies
1416 3895 1566 3951 dicit.
1622 3895 1826 3952 Salutis
1865 3897 2006 3952 enim
2055 3905 2112 3952 et

540 3992 912 4049 conversionis
974 3990 1044 4046 ad
1105 3990 1266 4047 Iidem
1343 3996 1563 4058 tempus
1630 3987 1706 4043 illi
1772 3998 2108 4044 reservatum

538 4092 643 4139 est.

614 4374 775 4428 Vens.
811 4373 863 4434 5,
901 4372 954 4426 6.
995 4371 1153 4425 Nocti
1187 4372 1472 4425 assimilavi
1503 4381 1719 4425 matrem
1754 4379 1918 4426 tuam.
1963 4369 2110 4424 Assi-

541 4465 754 4518 milalus
781 4472 854 4516 est
877 4462 1097 4530 populus
1129 4476 1273 4513 meus
1299 4460 1453 4528 quasi
1479 4477 1577 4513 non
1599 4461 1791 4513 habens
1812 4461 2104 4514 scientiam.

542 4555 680 4620 Quia
708 4555 978 4607 scientiam
1029 4551 1286 4618 repulisti,
1305 4559 1352 4602 et
1378 4566 1469 4617 ego
1494 4549 1737 4617 repellam
1758 4557 1828 4611 te,
1847 4565 1909 4601 ne
1937 4564 2110 4601 sacer-

2223 722 2445 792 τρόπως
2493 723 2796 793 ἐκφέροντα
2840 720 2908 775 τά
2950 721 3084 792 πρὸς
3130 721 3288 773 αὐτὸν
3331 720 3593 789 εἰρημένα
3642 716 3792 787 παρά

2223 813 2383 867 Θεοῦ.
2417 815 2654 866 ἸΙκουσε
2687 811 2785 883 μὲν
2823 812 2930 882 γὰρ
2957 811 3218 882 ἐναργῶς,
3249 813 3330 864 ὄτι
3358 811 3568 880 ἡμέρας
3594 809 3791 873 πολλὰς

2223 905 2554 976 καθήσονται
2605 906 2656 957 oi
2707 905 2814 958 uio‘t
2855 903 3070 975 Ἰσραὴλ
3096 941 3110 965 ,
3149 903 3249 955 οὑκ
3293 902 3445 963 ὄντος
3494 900 3786 970 βασιλέως,

2223 997 2342 1051 οὐδὲ
2369 997 2648 1068 ἄρχοντος,
2685 996 2784 1049 οὑκ
2810 993 2976 1065 οῦσης
3007 993 3218 1056 θυσίας,
3248 992 3368 1045 οὐδὲ
3411 991 3562 1054 ὄντος
3602 991 3790 1042 θυσια-

2224 1087 2470 1160 στηρίου,
2503 1085 2626 1140 οὔτε
2659 1087 2948 1157 ίερατείας,
2983 1081 3106 1137 οὔτε
3137 1084 3332 1153 δήλων.
3365 1083 3707 1155 Ὑποτρέχων
3732 1083 3788 1134 δὲ

2222 1175 2412 1244 ὥσπερ
2431 1177 2592 1240 αὐτὸς
2613 1177 2720 1231 τῶν
2752 1176 3114 1246 ἀκροωμένων
3139 1175 3201 1228 τὸ
3220 1175 3472 1244 ἀχάλινον
3494 1174 3573 1235 εἰς
3595 1172 3784 1242 ὀργάς,

2224 1267 2642 1336 ὑπεσταλμένως
2696 1267 2944 1335 ἐλέγχει,
2983 1267 3078 1318 καὶ
3120 1264 3455 1334 συμμέτροις
3498 1261 3788 1330 ἀσαφείαις

2221 1359 2579 1423 κατασκιάζει
2617 1360 2709 1412 τὸν
2755 1359 2932 1427 λόγον.
2985 1357 3107 1410 Ὀτι
3161 1356 3260 1426 μὲν
3307 1354 3416 1425 γὰρ
3472 1353 3788 1424 ἡγουμένων

2222 1451 2346 1520 δίχα
2374 1452 2470 1503 καὶ
2505 1450 2598 1502 τοῦ
2625 1449 2996 1520 βασιλεύοντος
3026 1446 3391 1500 διατελέσουσι
3419 1445 3663 1515 καιροὺς,
3693 1444 3786 1495 καὶ

2219 1541 2662 1612 ἀπαιδαγώγητοι
2715 1540 2985 1612 μενοῦσιν,
3031 1539 3226 1609 ἰσχνῶς
3261 1538 3644 1600 ἐπαινίττεται,
3677 1535 3786 1596 τοῖς

2221 1633 2330 1686 τῶν
2357 1631 2510 1697 ζώων
2541 1632 2919 1696 ἀϐασιλεύτοις
2951 1629 3298 1701 παρεικάζων
3329 1627 3542 1689 αὐτούς.
3576 1627 3696 1679 Ὅτι
3729 1624 3786 1679 δὲ

2221 1725 2317 1777 xai.
2365 1722 2568 1776 θυσιῶν
2631 1723 3013 1793 ἐξωθήσονται,
3076 1722 3167 1773 καὶ
3215 1718 3557 1790 λειτουργίας
3602 1715 3784 1787 ἱερῶν,

2223 1815 2544 1885 ὑποφαίνει,
2577 1815 2771 1884 λέγων,
2807 1815 2864 1868 ἐν
2901 1813 3000 1884 ἴσῳ
3047 1811 3374 1882 γεγενῆσθαι
3417 1812 3528 1872 τοῖς
3556 1809 3665 1860 τῶν
3711 1809 3789 1860 Is-

2225 1907 2364 1978 ρέων
2386 1906 2843 1977 ἀντιλεγομένοις.
2871 1907 2981 1959 Καὶ
3014 1904 3156 1968 τίνες
3187 1904 3252 1957 ἂν
3280 1899 3389 1955 εἶεν
3415 1896 3559 1955 οῦτοι
3588 1901 3790 1968 πάλιν;

2144 1970 2187 2026 Β
2223 1970 2341 2070 ῆτοι
2386 1998 2468 2062 τίς
2510 2001 2538 2052 6
2571 1970 2982 2070 ἀντιλεγόμενος
3027 1995 3236 2067 ίερεύς;
3304 1995 3360 2048 '0
3391 1993 3582 2063 μῶμον
3626 1991 3787 2061 ἔχων,

2222 2090 2314 2143 καὶ
2338 2087 2594 2160 ἀῤῥώστη
2603 2106 2680 2158 μα
2713 2087 2993 2160 σαρκικόν·
3019 2086 3274 2160 ταύτῃτοι
3299 2084 3392 2139 καὶ
3423 2083 3522 2152 τῆς
3544 2082 3790 2152 λειτουρ-

2219 2180 2344 2250 γίας
2399 2180 2733 2251 εἰργόμενος.
2761 2181 2832 2233 Ἢ
2863 2179 2972 2250 γάρ
3012 2176 3101 2231 διὰ
3146 2176 3367 2238 σκέλους
3416 2175 3449 2245 ἢ
3495 2173 3789 2243 ὀφθαλμῶν

2219 2273 2506 2340 ἐπήρειαν,
2538 2271 2572 2339 ἢ
2604 2269 2692 2323 διὰ
2719 2271 3030 2340 σύντριμμα
3057 2268 3236 2332 ποδὸς,
3265 2268 3298 2338 ἢ
3332 2267 3462 2322 καθ’
3483 2265 3674 2334 ἑτέραν
3701 2264 3790 2316 αί-

2218 2361 2338 2412 τίαν
2388 2359 2758 2428 ἐξεπέμποντό
2804 2377 2949 2422 τινες
2983 2359 3079 2411 τοῦ
3125 2357 3376 2428 ἱερᾶσθαι
3416 2357 3547 2421 δεῖν,
3609 2354 3788 2409 καίτοι

2216 2449 2498 2516 γεγονότες
2520 2450 2584 2501 ἐκ
2617 2447 2792 2516 φυλῆς
2827 2464 2887 2500 τε
2919 2448 3014 2501 καὶ
3037 2449 3265 2518 αἵματος
3305 2449 3454 2500 Λευῖ.
3486 2449 3787 2516 Κεχρησμ-

2219 2540 2398 2610 ᾠδηκε
2440 2539 2550 2610 γὰρ
2601 2537 2772 2602 οὕτως
2797 2541 2824 2592 6
2851 2538 2939 2592 διά
2983 2540 3226 2601 Μωσέως
3250 2539 3432 2608 νόμος.
3465 2537 3651 2599 Οῦτως
3693 2531 3787 2589 οῦν

2218 2630 2392 2692 ἐσται,
2423 2630 2616 2698 φησὶν,
2634 2631 2662 2681 ὁ
2681 2629 2809 2691 λαός
2828 2646 2950 2699 μου.
2986 2629 3098 2683 Καὶ
3122 2628 3231 2699 γάρ
3255 2645 3336 2681 τοι
3361 2628 3620 2698 ὑπάρχων
3644 2627 3789 2696 ίερδς

2216 2722 2304 2776 διὰ
2333 2722 2462 2785 τοὺς
2497 2720 2762 2792 πατέρας,
2793 2721 2889 2774 καὶ
2913 2721 3005 2775 τοῦ
3034 2721 3181 2774 θύειν
3206 2720 3525 2791 ἠξιωμένος,
3549 2719 3653 2787 ἔξω
3686 2723 3789 2789 τῆς

2217 2815 2379 2883 ἁγίας
2402 2813 2710 2867 καθεδεῖται
2743 2800 2968 2882 σκηνῆς,
2993 2811 3097 2876 ἔξω
3123 2811 3460 2882 λειτουργίας
3481 2811 3575 2864 καὶ
3601 2810 3786 2879 ἱερῶν.

2217 2908 2290 2961 Οὐ
2338 2905 2445 2978 γὰρ
2491 2904 2768 2976 προσοίσει
2800 2903 3026 2969 θυσίας,
3057 2903 3181 2956 οῦτε
3217 2905 3322 2976 μὴν
3354 2903 3528 2973 ὀσμὴν
3556 2900 3789 2971 εὐωδίας

2213 3001 2418 3056 ἀνοίσει
2447 2999 2522 3070 τῷ
2555 2999 2701 3070 Θεῷ·
2743 2997 3172 3070 καηρῤώστησε
3199 2997 3307 3066 γὰρ
3339 2997 3520 3050 οὐκέτι
3548 2995 3787 3065 μετρίως

2214 3093 2313 3163 τὴν
2339 3095 2416 3156 είς
2445 3091 2568 3145 νοῦν
2595 3092 2879 3162 ἐπήρειαν,
2919 3088 3014 3142 καὶ
3040 3085 3485 3154 καταλελώϐηται
3514 3084 3615 3153 τὴν
3643 3101 3784 3154 καρ-

2213 3185 2353 3248 δίαν,
2388 3181 2582 3252 γέγονέ
2622 3199 2679 3235 τε
2718 3181 2942 3244 δικαίως
2971 3179 3332 3248 ἀπόπεμπτος
3363 3175 3498 3246 ήδη,
3545 3174 3640 3226 καὶ
3680 3176 3789 3228 άπ-

2136 3316 2180 3374 c
2214 3265 2540 3349 ηχθημένος.
2574 3277 2696 3330 Ὅτι
2725 3275 2782 3329 δέ
2809 3277 2922 3339 τοῖς
2956 3271 3027 3339 ἐξ
3055 3271 3271 3344 Ἰσραὴλ
3303 3269 3642 3374 συμϐήσεται
3668 3269 3783 3374 ’καί

2211 3369 2272 3421 τὸ
2311 3368 2534 3438 σιγῆσαι
2563 3367 2848 3438 προφήτας
2869 3405 2884 3430 ,
2915 3363 3325 3434 διαμεμήνυκεν
3369 3359 3572 3412 είπώνο
3611 3376 3631 3410 ι
3668 3359 3790 3414 Καὶ

2211 3459 2494 3530 ἀσθενήσει
2523 3458 2620 3512 καὶ
2653 3457 2936 3528 προφήτης
2969 3454 3106 3526 μετὰ
3138 3451 3254 3518 σοῦ,
3284 3470 3302 3503 ι
3323 3451 3442 3505 κατ’
3463 3449 3638 3502 ἐκεῖνό
3677 3462 3792 3502 που.

2211 3550 2430 3614 πάντως
2460 3548 2519 3602 τὸ
2555 3548 2844 3618 εἰρημένον
2869 3544 3021 3616 παρὰ
3041 3543 3177 3596 Θεοῦ
3225 3541 3362 3612 πρὸς
3389 3540 3479 3594 τὸν
3510 3539 3788 3612 μακάριον

2222 3638 2507 3710 Ἰεζεχιήλ·
2552 3657 2570 3690 ι
2607 3637 2718 3692 Καὶ
2757 3637 2858 3708 τὴν
2900 3634 3153 3705 γλῶσσάν
3208 3650 3301 3686 σου
3348 3632 3627 3702 συνδήσω,
3685 3629 3782 3682 καῖ

2210 3731 2660 3802 ἀποκωφωθήσῃ,
2703 3729 2798 3782 xui.
2827 3727 2926 3780 οὒκ
2969 3725 3071 3798 έσῃ
3102 3725 3285 3787 αὐτοῖς
3312 3724 3391 3785 είς
3418 3722 3585 3793 ἄνδρα
3626 3719 3780 3774 εὐθύ-

2211 3841 2389 3890 νοντα,
2431 3822 2596 3891 ήγουν
2638 3818 2952 3888 ἐλέγχοντα,
2996 3817 3079 3871 ὅτι
3125 3811 3273 3878 οἶκος
3324 3811 3778 3884 παραπικραίνων

2211 3913 2348 3969 ἐστί.
2380 3932 2399 3964 ι
2455 3910 2643 3965 Ταῦτα
2693 3909 2749 3963 δὲ
2793 3909 2970 3963 πάντα
3021 3907 3360 3977 συμϐήσεται
3403 3905 3493 3959 διά
3555 3903 3654 3975 τὴν
3701 3903 3780 3965 είς

2211 4002 2444 4075 Χριστὸν
2473 4000 2749 4066 ἀσέϐειαν,
2777 3997 2873 4052 καὶ
2896 3998 2966 4050 τά
2996 3999 3076 4061 είς
3111 3997 3396 4067 προφήτας
3433 3994 3770 4065 ἐγκλήματα.

2212 4095 2358 4165 Πλὴν
2381 4094 2481 4147 οὐκ
2514 4094 2594 4156 είς
2624 4091 2774 4145 ἅπαν
2805 4087 3124 4159 ἀσθενήσειν
3150 4087 3244 4141 τὸν
3284 4087 3520 4158 Ἰσραὴλ,
3555 4083 3662 4139 ἀλλ’
3691 4080 3765 4140 είς

2211 4187 2423 4260 ἡμέρας
2467 4184 2620 4258 φησί.
2671 4183 2979 4253 Τετήρηται
3023 4181 3129 4252 γὰρ
3176 4178 3324 4250 αύτῷ
3369 4177 3639 4249 σωτηρίας
3683 4171 3774 4228 καὶ

2211 4279 2547 4352 ἐπιστροφῆς
2573 4277 2671 4348 τῆς
2693 4274 2769 4338 ὡς
2793 4277 2850 4328 ἐν
2875 4274 3058 4327 πίστει
3090 4273 3298 4344 καιρός.

2280 4371 2465 4425 Νυκτὶ
2511 4369 2787 4436 ὠμοίωσα
2833 4366 2950 4433 τὴν
2985 4363 3210 4434 μητέρα
3253 4377 3389 4416 σου.
3439 4357 3714 4430 Ὡμοιώθη
3746 4355 3777 4409 ό

2209 4464 2359 4526 λαός
2378 4478 2495 4529 μου
2521 4460 2601 4524 ὡς
2627 4460 2737 4510 οὐκ
2759 4457 2918 4526 ἔχων
2943 4455 3188 4524 γνῶσιν.
3215 4455 3334 4506 Ὅτι.
3358 4451 3438 4506 σὺ
3457 4451 3779 4518 ἐπίγνωσιν

2210 4551 2450 4614 ἀπώσω,
2493 4550 2653 4620 κάγὼ
2684 4549 2997 4614 ἀπώσομαι
3042 4562 3114 4599 σε
3147 4545 3252 4598 τοῦ
3291 4543 3612 4612 ἱερατεύειν
3659 4554 3778 4608 μοι.

539 4650 680 4700 datio
711 4645 951 4716 fungaris
980 4644 1126 4694 mihi.
1160 4641 1222 4692 Et
1251 4642 1412 4694 oblita
1441 4657 1493 4694 es
1524 4640 1650 4710 legis
1682 4637 1782 4692 Dei
1805 4639 1905 4705 tui,
1943 4647 1992 4692 et
2017 4655 2108 4708 ego

2212 4643 2319 4696 Kal
2347 4641 2640 4695 ἐπελάθου
2667 4641 2854 4710 νόμου
2884 4638 3031 4694 Θεοῦ
3060 4653 3198 4702 σου,
3228 4635 3388 4705 κάγὼ
3417 4629 3781 4698 ἐπιλήσομαι

539 4739 819 4792 obliviscar
837 4734 1070 4800 ﬁliorum
1105 4743 1334 4786 tuorum.

609 4825 896 4882 XXXVIII.
931 4824 1120 4879 Adhuc
1147 4837 1326 4877 sermo
1356 4821 1501 4876 velut
1527 4823 1593 4876 ad
1623 4819 1929 4876 Iudaeorum
1957 4835 2110 4874 men-

537 4923 725 4976 dacem
757 4928 812 4974 et
841 4917 1056 4987 impiam
1108 4913 1502 4968 multitudinem
1556 4911 1824 4981 dirigitur.
1883 4909 2105 4963 Matrem

539 5015 652 5082 ejus
687 5013 916 5084 appellat
952 5009 1313 5079 Synagogam,
1360 5003 1809 5074 quemadmodum
1863 5001 2111 5058 videlicet

539 5110 589 5160 in
619 5109 833 5163 Christo
859 5103 1272 5172 justitiealornm
1321 5098 1634 5152 Ecclesiam.
1689 5093 1824 5150 Cum
1858 5095 2105 5150 obscuri-

540 5212 645 5255 tate
672 5201 836 5269 igitur
867 5207 920 5253 et
964 5193 1200 5249 tenebris
1250 5205 1372 5261 apte
1405 5191 1708 5245 Iudaeorum
1763 5187 2102 5258 Synagogam

537 5292 767 5348 confert.
796 5288 1026 5344 Proinde
1055 5297 1106 5340 et
1136 5283 1567 5353 sapientissimus
1613 5280 1812 5335 Paulus
1843 5281 1907 5336 de
1940 5295 2018 5346 se,
2053 5287 2109 5334 et

541 5387 592 5438 in
621 5385 720 5436 ﬁde
755 5381 1034 5435 illustratis
1069 5377 1371 5432 rectissime
1405 5392 1419 5428 :
1461 5393 1478 5426 ι
1531 5373 1644 5427 Non
1682 5387 1868 5429 sumus
1909 5372 2104 5435 noctis,

540 5493 636 5530 nec
663 5474 1030 5536 tenebrarum,
1070 5471 1162 5527 sed
1191 5484 1376 5525 sumus
1413 5467 1501 5521 lilii
1540 5466 1672 5521 lucis
1721 5474 1776 5521 et
1819 5465 1922 5519 diei
1971 5465 2038 5518 ⁸⁵.
2079 5483 2099 5516 ι

538 5567 742 5624 Similis
779 5573 861 5618 cst
889 5580 1065 5634 porro,
1106 5563 1293 5631 inquit,
1323 5570 1378 5617 et
1425 5558 1650 5628 populus
1689 5571 1841 5612 meus
1873 5571 1977 5611 non
2011 5541 2107 5609 ba-

537 5659 790 5715 bentibus
830 5654 1132 5717 scientiam,
1156 5653 1402 5720 quamvis
1429 5651 1542 5720 lege
1575 5658 1844 5719 pra'eunte
1861 5664 1923 5703 ac
1953 5663 2105 5703 mon-

538 5765 744 5809 strante
777 5753 914 5804 viam
955 5748 1124 5802 dives.
1161 5745 1389 5800 Vocatus
1411 5745 1552 5798 enim
1582 5745 1648 5798 ad
1679 5741 1959 5797 scientiam
1990 5742 2101 5794 veri

619 5924 660 5956 ’π
686 5930 820 5986 owe
855 5941 932 5993 ιιι,
975 5924 1017 5979 ι.
1097 5923 1140 5956 ’³
1179 5917 1375 5978 Bacch.
1410 5934 1489 5982 ιιι,
1520 5918 1606 5974 56.
1686 5917 1730 5950 ⁸⁸
1764 5915 1780 5970 l
1820 5915 2009 5973 Thess.
2046 5934 2097 5985 ν,
2127 5920 2178 5976 5.

2208 4734 2433 4786 τέκνων
2469 4747 2608 4785 σου.

2277 4824 2405 4880 ΔΗ’.
2439 4824 2560 4876 Ἔτι
2602 4823 2700 4894 μὲν
2730 4816 2823 4877 οῦν
2849 4823 2877 4874 6
2905 4821 3062 4890 λόγος
3089 4818 3164 4884 ὡς
3206 4817 3343 4890 πρὸς
3374 4817 3471 4889 τὴν
3503 4815 3610 4869 τῶν
3649 4815 3778 4867 Ἰου-

2207 4913 2370 4968 δαίων
2408 4911 2728 4984 ἀμαρτοεπῆ
2766 4929 2825 4964 τε
2875 4911 2970 4963 καὶ
3005 4909 3224 4962 ἀνοσίαν
3268 4906 3497 4978 πληθύν.
3550 4904 3776 4974 Μητέρα

2208 5021 2272 5072 γε
2325 5005 2431 5074 μὴν
2464 5004 2634 5074 αὐτῆς
2678 5003 2931 5074 ὀνομάζει
2981 5001 3078 5072 τὴν
3125 4999 3473 5068 Συναγωγὴν,
3525 4995 3776 5064 καθάπερ

2209 5095 2403 5166 ἀμέλει
2435 5094 2662 5148 καὶτῶν
2705 5096 2762 5148 ἐν
2796 5091 3016 5165 Χριστῷ
3042 5091 3474 5159 δεδικαιωμένων
3518 5087 3616 5156 τὴν
3657 5084 3781 5138 Ἐκ-

2212 5189 2458 5260 κλησίαν.
2487 5189 2778 5258 Ἀφεγγείᾳ
2804 5187 2982 5240 τοίνυν
3031 5185 3126 5238 καί⁵
3157 5183 3332 5254 σκότῳ
3360 5179 3682 5253 παρεικάζει
3714 5177 3784 5229 δι-

2213 5282 2382 5346 καίως
2423 5281 2519 5353 τὴν
2552 5281 2658 5334 τῶν
2693 5281 2957 5336 Ἰουδαίων
2991 5278 3334 5348 Συναγωγήν.
3371 5274 3659 5344 Τοιγάρτοι
3689 5269 3784 5324 καὶ

2213 5376 2241 5427 6
2276 5373 2582 5443 σοφώτατος
2631 5373 2840 5436 Παῦλος
2889 5370 3078 5424 ἑαυτοῦ
3119 5387 3179 5422 τε
3219 5369 3380 5439 πέρι,
3430 5367 3524 5420 καὶ
3567 5363 3676 5417 τῶν
3723 5362 3782 5415 ἓν

2197 5465 2392 5518 ’πίστει
2419 5465 2939 5536 λελαμπρυσμένων,
2971 5461 3029 5519 εὖ
3061 5465 3202 5535 μάλα
3228 5463 3409 5534 φησιν’
3442 5461 3588 5514 (Οὐκ
3614 5456 3782 5527 ἐσμὲν

2208 5559 2420 5623 νυκτὸς,
2451 5559 2570 5612 ούδέ
2609 5557 2852 5621 σκότους,
2879 5557 2993 5611 ἀλλ’
3019 5556 3126 5609 υἱοὶ
3159 5554 3333 5624 φωτὸς
3360 5553 3455 5607 καὶ
3481 5550 3717 5622 ἡμέρας·
3757 5565 3778 5598 ³

2213 5650 2395 5702 Ἔοιχε
2437 5649 2512 5713 δὲ,
2545 5649 2709 5719 φησὶ,
2752 5649 2845 5702 καὶ
2869 5650 2898 5702 6
2934 5648 3059 5710 λαὸς
3097 5649 3126 5699 6
3163 5647 3294 5716 ἐμὸς
3325 5646 3435 5708 τοῖς
3465 5645 3566 5697 οὐκ
3598 5641 3782 5712 έχουσι

2212 5743 2432 5812 γνῶσιν,
2479 5744 2656 5797 καίτοι
2696 5742 2792 5815 τὴν
2841 5743 2930 5796 διὰ
2983 5740 3148 5812 νόμου
3214 5735 3603 5806 πεπλουτηκὼς
3649 5733 3780 5788 ποδσ-
