4098 6276
325 432 431 487 ﬁl

1253 432 1807 493 COMMENTARIUS
1847 436 1911 491 IN
1950 437 2184 493 OSEAM
2228 438 2676 497 PllOPllETAM.

3486 449 3598 508 {Si

325 547 526 618 ηγίαν.
556 545 828 617 Κέκληται
860 544 967 617 γὰρ
1003 546 1137 619 πρὸς
1170 547 1462 617 ἐπίγνωσιν
1490 550 1584 604 τοῦ
1611 552 1753 606 κατά
1784 552 1918 623 ἀλή-

2024 553 2139 619 Dei,
2176 563 2229 609 et
2256 572 2352 626 per
2379 556 2637 611 miracula
2669 564 2813 613 certa
2846 555 2919 612 illi
2950 556 3083 614 fides
3129 558 3269 615 facta
3314 578 3329 616 :
3369 570 3425 618 et
3460 564 3597 623 nihil

330 638 491 693 θειαν
536 638 689 701 ὄντος
728 636 887 701 Θεοῦ,
941 636 1421 708 πεπληροφόρηται
1470 638 1558 693 διὰ
1605 641 1917 711 θαυμάτων,

331 724 614 777 ἑλλέλοιπε
657 724 713 777 δὲ
743 722 1020 786 παντελῶς
1055 724 1208 778 οὐδὲν
1255 726 1364 779 τῶν
1410 728 1510 781 ὅσα
1544 729 1801 798 φωτίζειν
1832 725 1924 784 οἷά

326 832 387 867 τε
429 816 563 878 τοὺς
604 815 1056 887 ἐσκαιισμένους,
1109 816 1201 869 καὶ
1234 817 1562 887 ἀξιάγαστον
1594 824 1706 884 τοῖς
1752 822 1923 892 εὐμα-

326 905 620 975 θεστέροις
650 907 853 961 ἐνιέναι
886 906 1090 975 γνῶσιν
1114 907 1213 961 οὐκ
1235 908 1506 972 ἀνικάνως
1534 911 1665 979 ἔχει.
1707 912 1923 981 Ἐπειδὴ

321 996 382 1048 δὲ
416 995 656 1061 ἀπώσω,
704 998 858 1068 φησὶ,
900 997 997 1068 τὴν
1042 998 1360 1066 ἐπίγνωσιν,
1391 1000 1637 1053 τουτέστι
1666 1002 1917 1073 Χριστὸν,

322 1084 392 1136 δι’
426 1078 513 1149 οὗ,
544 1086 642 1140 καὶ
670 1089 727 1140 ἐν
750 1080 795 1155 ᾧ
819 1086 1073 1158 προσιτός
1099 1104 1160 1140 τε
1191 1088 1305 1158 ἀμα
1338 1089 1434 1141 καὶ
1486 1090 1726 1157 γνωστὸς
1753 1094 1781 1145 ὁ
1813 1092 1922 1145 Πα-

321 1174 454 1247 τὴρ,
490 1177 743 1248 ἐξωθήσῃ
772 1178 955 1232 λοιπὸν
989 1177 1083 1231 τοῦ
1124 1173 1265 1232 εἶναι
1298 1179 1464 1251 ἱερὸς,
1498 1181 1594 1234 καὶ
1625 1180 1719 1234 τοῦ
1753 1198 1922 1252 προσ-

324 1266 489 1334 ἀγειν
538 1266 731 1333 θυσίας
755 1307 783 1333 ,ν
815 1269 890 1333 ὡς
937 1268 1182 1340 βέϐηλος.
1234 1271 1345 1325 Καὶ
1392 1271 1581 1343 ἐπειδὴ
1622 1272 1730 1325 τῶν
1762 1272 1921 1326 θείων

324 1358 407 1420 είς
439 1358 619 1430 λήθην
656 1359 988 1424 κατώλισθες
1024 1360 1225 1432 νόμων,
1261 1363 1398 1433 μήτε
1418 1362 1489 1415 τά
1511 1362 1756 1427 Μωσέως
1796 1364 1922 1433 νοή-

326 1464 428 1510 σας
489 1449 920 1521 πνευματικῶς,
954 1451 1090 1521 μήτε
1128 1454 1240 1515 τοῖς
1277 1450 1366 1505 διὰ
1414 1449 1653 1522 Χριστοῦ
1699 1451 1921 1505 παιδεύ-

328 1556 505 1608 μασιν
547 1541 724 1610 ἰσχνόν
752 1559 811 1595 τε
844 1543 939 1595 καὶ
959 1543 1136 1611 εὐφυᾶ
1173 1542 1263 1596 τὸν
1286 1543 1410 1596 νοῦν
1439 1544 1619 1607 ἐνιεὶς,
1649 1544 1729 1608 είς
1751 1543 1921 1615 λήθην

327 1629 495 1697 κάγὼ
544 1631 653 1685 τῶν
684 1631 791 1685 σῶν
838 1633 1003 1686 οἱονεί
1043 1650 1159 1697 πως
1207 1633 1643 1705 ύπενεχθήσομαι
1688 1634 1917 1701 τέκνων,

327 1725 642 1792 τουτέστιν,
681 1726 864 1780 οὐκέτι
898 1730 1271 1799 μεμνήσομαι,
1305 1729 1395 1783 διά
1439 1746 1500 1797 γε
1531 1729 1623 1784 τοῦ
1657 1730 1752 1784 καὶ
1797 1746 1920 1799 (ρει-

2022 660 2244 714 prorsus
2280 645 2449 699 defuit
2477 645 2740 712 omnium,
2785 662 3118 718 quaecunque
3151 650 3454 708 illuminare
3504 670 3597 710 ve-

2022 733 2101 789 lut
2139 734 2193 787 in
2227 734 2461 789 tenebris
2489 746 2786 800 versantes,
2819 746 2874 791 et
2909 739 2974 793 ad
3010 742 3381 796 admirabilem
3419 744 3597 797 scierr

2023 825 2152 877 tiam
2195 823 2542 878 inserendam
2574 824 2866 880 suﬁlciunt.
2898 825 3158 892 Quoniam
3191 846 3320 884 vero
3352 830 3592 900 rcpulisti

2020 913 2325 979 scientiam,
2370 913 2564 982 inquit,
2599 913 2701 969 hoc
2737 923 2836 977 est,
2873 914 3167 982 Christum,
3204 933 3302 985 per
3329 933 3512 988 quem,
3541 928 3596 974 et

2022 1004 2216 1073 inquo
2267 1005 2450 1058 accedi
2484 1015 2540 1059 ct
2576 1004 2829 1074 cognosci
2881 1014 3056 1073 potest
3101 1005 3284 1072 Pater,
3337 1010 3589 1077 repellam

2020 1108 2121 1164 ego
2152 1096 2229 1149 de
2248 1103 2445 1150 caetero
2475 1104 2551 1161 te,
2580 1109 2650 1149 ne
2681 1094 2810 1149 mihi
2840 1096 2915 1150 sis
2941 1105 3181 1159 sanctus,
3208 1107 3261 1150 et
3300 1111 3367 1150 ne
3396 1098 3592 1155 offeras

2020 1186 2153 1240 mihi
2182 1185 2530 1252 sacriﬁcium,
2559 1195 2745 1255 utpote
2791 1185 3068 1255 profanus.
3124 1186 3191 1241 Et
3233 1189 3487 1256 quoniam
3536 1190 3590 1243 in

2020 1276 2342 1331 oblivionem
2366 1277 2669 1331 divinarum
2696 1277 2869 1347 legum
2907 1276 3086 1345 lapsus
3111 1291 3189 1343 es,
3224 1292 3398 1346 neque
3432 1277 3593 1331 intel-

2019 1366 2197 1421 lexisti
2228 1366 2460 1425 Mosaica
2488 1371 2860 1441 spiritualiter,
2906 1386 3080 1441 neque
3108 1372 3404 1427 doctrinam
3435 1371 3595 1426 Chri-

2020 1458 2090 1511 sti
2120 1468 2309 1514 exacte
2340 1470 2546 1516 etcum
2594 1462 2855 1517 industria
2901 1463 3376 1532 comprehendisti,
3428 1464 3590 1518 etiam

2020 1563 2123 1617 ego
2149 1550 2200 1603 in
2221 1550 2544 1606 oblivionem
2573 1560 2786 1607 tuorum
2821 1553 2929 1623 70
2955 1553 3182 1609 filiorum
3229 1556 3375 1610 velut
3416 1554 3592 1625 prola-

2020 1639 2139 1706 bar,
2183 1639 2286 1695 hoc
2325 1650 2426 1707 est,
2468 1643 2752 1696 immemor
2782 1658 2896 1709 ero,
2947 1653 3006 1698 ut
3036 1659 3130 1699 eos
3167 1646 3491 1715 indulgentia
3535 1653 3591 1699 et

2021 1733 2382 1789 sollicitudine
2422 1734 2629 1804 dignari
2661 1734 2931 1791 desinam.
2957 1737 3193 1804 Quorum
3224 1737 3367 1791 enim
3399 1736 3587 1804 digna-

328 1816 461 1881 δοῦς
519 1820 615 1871 καὶ
642 1818 920 1888 φροντίδος
948 1819 1153 1891 ἀξιοῦν.
1176 1816 1276 1874 Ὧν
1305 1822 1411 1892 γὰρ
1434 1821 1576 1888 ἀξιοί
1614 1821 1920 1891 μεμνῆσθαι

2024 1835 2111 1881 tur
2164 1825 2461 1893 recordari,
2518 1824 2638 1881 illos
2691 1840 2787 1881 sua
2842 1826 3171 1897 benignitate
3228 1828 3585 1896 prosequitur.

331 1911 512 1977 Θεὸς,
559 1914 767 1976 τούτοις
818 1913 926 1985 τὴν
974 1914 1114 1968 ίδίαν
1165 1914 1429 1984 ἀπονέμει
1484 1912 1908 1985 φιλανθρωπίαν.

2024 1914 2224 1971 Oblitus
2247 1925 2330 1971 est
2356 1924 2534 1971 autem
2575 1926 2631 1972 et
2658 1916 2815 1971 aliter
2844 1917 3038 1971 divinae
3086 1917 3240 1986 legis,
3291 1926 3349 1971 et
3397 1915 3591 1983 repulit

346 2005 682 2060 Ἐπελάθετο
738 2006 794 2058 δὲ
847 2006 942 2060 καὶ
992 2005 1195 2078 ἑτέρως
1236 2004 1331 2059 τοῦ
1380 2004 1527 2057 θείου
1575 2005 1774 2075 νόμου,
1821 2004 1915 2057 καὶ

330 2098 605 2152 ἀπώσατο
647 2099 744 2170 τὴν
785 2099 1079 2169 ἐπίγνωσιν
1122 2100 1579 2172 είδωλολατρήσας
1610 2099 1638 2151 ὁ
1676 2099 1911 2171 Ἰσραήλ.

405 2190 576 2244 Κατὰ
614 2190 677 2243 τὸ
715 2189 949 2260 πλῆθος
981 2190 1198 2256 αὐτῶν,
1248 2191 1436 2258 οὕτως
1486 2192 1755 2261 ἦμαρτόν
1787 2208 1910 2262 μοι.

336 2281 464 2350 Τὴν
495 2282 686 2348 δόξαν
714 2280 914 2337 αὐτῶν
939 2284 1028 2350 εἰς
1053 2282 1295 2353 ἀτιμίαν
1317 2282 1594 2354 θήσομαι.

404 2461 534 2515 ΛΘ’.
589 2458 952 2530 Ἥμερότητος
983 2457 1088 2519 μὲν
1122 2457 1341 2530 ἀπάσης
1366 2457 1462 2512 καὶ
1497 2458 1671 2530 πηγὴ,
1702 2458 1796 2512 καὶ
1823 2458 1916 2528 γέ-

330 2567 506 2613 νεσις,
535 2548 629 2602 καὶ
677 2549 1001 2619 αὐτόχρημα
1027 2546 1087 2602 τὸ
1114 2548 1316 2617 ἀγαθὸν
1346 2549 1380 2619 ἠ
1430 2547 1551 2601 θεία
1581 2548 1643 2601 τέ
1672 2550 1789 2601 ἐστι
1822 2548 1916 2602 καὶ

335 2641 653 2711 ἀπόρρητος
692 2639 870 2708 φύσις.
920 2639 1066 2710 Πλὴν
1091 2639 1192 2693 οὑκ
1235 2639 1468 2694 εἰσάπαν
1507 2640 1617 2693 τῶν
1659 2638 1917 2710 πλημμε-

335 2732 578 2786 λούντων
602 2730 871 2801 ἀνέχεται,
902 2734 1014 2794 τοῖς
1041 2731 1098 2784 δὲ
1134 2730 1400 2801 ἀχαλίνως
1440 2732 1517 2795 είς
1546 2728 1703 2784 τοῦτο
1747 2730 1883 2783 ίοῦσι
1900 2771 1916 2795 ,

339 2823 445 2887 τὰς
469 2823 654 2886 αὐτοῖς
683 2821 998 2893 πρεπούσας
1024 2822 1269 2894 ἐπιφέρει
1295 2821 1469 2887 δίκας.
1500 2821 1815 2891 ’Δφικέσθαι
1853 2821 1918 2892 δὴ

339 2911 437 2968 οὖν
475 2917 556 2977 είς
576 2913 736 2966 τοῦτο
773 2912 1101 2987 φαυλότητος
1135 2911 1525 2983 διισχυρίζεται
1559 2913 1649 2966 τὸν
1680 2913 1915 2984 Ἰσραὴλ,

345 3006 423 3070 ὡς
455 3006 639 3060 οὐκέτι
681 3004 782 3075 μὲν
810 3003 996 3074 οίστὴν
1041 3002 1292 3072 γενέσθαι
1316 3003 1415 3074 τὴν
1445 3005 1720 3068 ἀπόνοιαν,
1753 3004 1920 3074 ἰσάρι-

343 3096 479 3165 θμον
506 3095 563 3148 δὲ
592 3093 782 3165 ὥσπερ
812 3094 996 3156 αὐτοῖς
1047 3095 1271 3164 ὁρᾶσθαι
1300 3094 1398 3165 τὴν
1429 3094 1725 3165 ἁμαρτίαν.
1758 3095 1921 3148 Αὐτοὶ

2014 2008 2321 2073 scientiam,
2351 2006 2508 2062 idolis
2539 2008 2636 2062 abs
2659 2007 2903 2063 sercultis
2930 2006 3117 2062 Israel.

2087 2185 2251 2240 Vens.
2280 2185 2335 2241 7.
2361 2186 2660 2242 Secundum
2687 2186 3078 2241 multitudinem
3115 2200 3314 2250 eorum,
3349 2184 3425 2238 sic
3468 2199 3589 2253 pec.

2016 2289 2259 2333 caverunt
2317 2280 2467 2334 mihi.
2515 2278 2753 2335 Gloriam
2800 2294 2979 2335 eorum
3019 2279 3075 2332 in
3115 2277 3455 2348 ignominiam
3495 2293 3593 2347 po—

2017 2387 2158 2423 nam.

2084 2458 2321 2514 XXXIX.
2339 2460 2526 2516 Omnis
2540 2457 2963 2515 mansuetudinis
2975 2464 3027 2511 et
3042 2454 3435 2524 fons,etorigo,
3450 2459 3504 2508 et
3516 2466 3594 2507 re-

2016 2568 2142 2606 vera
2162 2553 2357 2607 bonum
2384 2553 2552 2619 ipsum
2582 2552 2760 2606 divina
2778 2558 2831 2604 et
2856 2549 3142 2605 ineﬂ'abilis
3158 2556 3350 2603 natura
3364 2557 3464 2602 est.
3481 2547 3591 2603 Ve-

2019 2654 2316 2699 rumtamen
2354 2651 2634 2713 peccantes
2702 2657 2808 2696 non
2883 2654 3271 2712 usquequaque
3322 2639 3588 2702 sustinet;

2018 2737 2112 2792 sed
2145 2734 2401 2789 effrenate
2449 2748 2515 2788 eo
2562 2748 2622 2788 se
2671 2733 2942 2798 dantibus,
3003 2746 3195 2802 poenas
3246 2731 3592 2787 commeritas

2020 2825 2231 2895 inﬂigit.
2267 2822 2381 2877 Huc
2409 2823 2572 2892 igitur
2603 2823 2865 2877 scelerum
2893 2821 3145 2877 lsraelcm
3195 2820 3406 2875 venisse
3448 2819 3594 2873 allir-

2019 2926 2150 2982 mat,
2187 2924 2244 2970 ut
2283 2916 2519 2969 amentia
2567 2913 2684 2981 ejus
2731 2912 2949 2967 tolerari
2993 2912 3224 2982 amplius
3252 2927 3355 2965 non
3401 2912 3598 2980 possit.~

2018 3007 2247 3063 Peccata
2310 3014 2489 3061 autem
2548 3020 2830 3060 numerum
2896 3005 3131 3073 capitum
3202 3004 3594 3072 quodammodo

2020 3114 2261 3168 aequasse
2297 3098 2484 3153 videri.
2514 3097 2619 3167 Ipsi
2661 3099 2804 3152 enim
2834 3106 2991 3151 erant
3035 3115 3053 3147 ι
3093 3096 3240 3149 velut
3277 3095 3443 3150 stella:
3470 3093 3593 3149 caeli

351 3187 450 3257 μὲν
472 3186 577 3258 γὰρ
602 3181 743 3258 ἦσαν
771 3202 790 3236 ι
822 3184 953 3236 ὡσεὶ
973 3182 1042 3236 τά
1068 3182 1346 3254 ἄστρατοῦ
1362 3183 1588 3255 ούρανοῦ
1610 3183 1918 3255 τῷπλήθει,

2024 3190 2391 3254 multitudine,
2419 3197 2513 3243 aut
2536 3188 2681 3243 velut
2719 3202 2882 3243 arena
2915 3189 2969 3242 in
3011 3189 3196 3242 littore
3235 3187 3400 3241 maris
3442 3185 3510 3251 ”,
3568 3204 3593 3236 ι

350 3279 447 3332 καὶ
478 3278 556 3337 ὡς
588 3279 623 3347 ἡ
663 3278 846 3347 ἄμμος
882 3276 917 3345 ἡ
963 3275 1116 3346 παρά
1146 3276 1207 3329 τὸ
1238 3275 1412 3346 χεῖλος
1442 3277 1540 3346 τῆς
1562 3275 1859 3347 θαλάσσης,
1893 3295 1913 3329 ι

355 3368 494 3420 κατὰ
518 3366 579 3419 τδ
603 3365 1001 3439 γεγραμμένον.
1028 3364 1192 3419 Οὐδὲν
1222 3364 1279 3417 δὲ
1307 3364 1402 3419 τοῦ
1436 3364 1671 3435 πλήθους
1702 3366 1920 3419 ἀποδεῖν

360 3456 466 3527 εφη
488 3457 557 3510 τά
575 3456 1031 3528 πλημμελήματα.
1060 3455 1252 3521 Τοῦτο,
1272 3451 1446 3528 οἶμαι,
1464 3457 1581 3510 ἐστὶ⁵
1607 3456 1669 3510 τὺ
1688 3473 1729 3510 ἰ
1764 3457 1921 3510 Κατά

361 3549 422 3601 τὸ
455 3548 650 3619 πλῆθος
696 3548 891 3614 αὐτῶν,
916 3548 1059 3603 οὕτω
1111 3548 1361 3621 ἤμαρτόν
1401 3565 1513 3619 μοι.
1551 3567 1571 3603 ι
1611 3548 1830 3620 Ἐπειδὴ
1863 3548 1921 3602 δέ

358 3644 439 3706 είς
483 3641 638 3697 τοῦτο
683 3642 1014 3698 κατώλισθον
1076 3641 1389 3714 ἀθλιότητός
1432 3658 1494 3695 τε
1558 3642 1655 3697 καὶ
1697 3641 1921 3695 δυσϐου-

356 3732 499 3796 λ’κς,
524 3735 614 3788 καὶ
648 3733 766 3806 Θεῷ
798 3733 1229 3806 προσκρούοντες
1266 3734 1327 3788 οὐ
1346 3733 1711 3789 διαλελοίπασι
1730 3776 1744 3801 ,
1778 3734 1920 3805 «Τὴν

350 3826 501 3894 δόξαν
520 3826 697 3881 αὐτῶν
721 3828 803 3891 είς
830 3825 1056 3896 ἀτιμίαν
1084 3822 1322 3896 θήσομαι
1341 3842 1357 3857 ’
1388 3844 1411 3877 ι
1438 3827 1737 3892 τουτέστιν,
1764 3826 1851 3897 ἐφ’
1874 3817 1919 3892 ᾧ

354 3920 564 3990 μεγάλα
600 3920 817 3991 φρονεῖν
863 3914 1185 3986 ἐγνώκασιν,
1209 3916 1296 3969 ἐπ’
1321 3914 1474 3985 αύτῷ
1500 3915 1565 3986 δὴ
1590 3917 1768 3986 τούτῳ
1794 3932 1921 3969 κατ-

350 4009 816 4080 αισχυνθήσονται.
843 4005 970 4069 Πῶς
991 4006 1028 4078 ἢ
1045 4006 1167 4059 τίνα
1185 4005 1417 4077 τρόπον;
1441 4006 1591 4077 Δύχη
1600 4006 1784 4076 μάτων
1808 4007 1917 4077 γὰρ

353 4098 751 4154 ἀποπεσοῦνται
790 4097 898 4150 τῶν
930 4097 1024 4149 ἐπὶ
1078 4095 1270 4165 πλήθει
1315 4095 1494 4167 πολλῷ
1513 4135 1531 4159 ,
1575 4098 1918 4163 δαπανῶντος

353 4186 449 4241 τοῦ
482 4185 718 4256 πολέμου
745 4186 857 4247 τοῖς
889 4181 1146 4253 μαχίμοις
1176 4181 1313 4251 ὁμοῦ
1342 4184 1435 4236 καὶ
1463 4185 1562 4252 τὴν
1593 4183 1758 4253 ἀλλην
1791 4184 1922 4240 ἄπα.

354 4292 453 4330 σαν
471 4275 706 4348 ήλικίαν.
731 4272 1029 4344 Κένανδροι
1059 4270 1168 4341 γὰρ
1204 4268 1566 4343 ἀπομενοῦσιν
1579 4268 1712 4326 οἶκοί
1737 4291 1795 4328 τε
1828 4276 1922 4330 καὶ

352 4368 557 4431 πόλεις.
585 4366 695 4419 Καὶ
720 4366 810 4419 ἐπ’
829 4364 979 4435 αὐτῷ
1012 4363 1072 4417 δὲ
1098 4362 1276 4434 τούτῳ
1302 4362 1399 4436 τὴν
1434 4364 1690 4418 Ἰουδαίαν
1718 4366 1746 4418 ὁ
1786 4384 1919 4438 προ-

350 4463 526 4532 φήτης
560 4457 827 4529 Ἱερεμίας
848 4456 1086 4529 ἐθρήνει,
1111 4454 1313 4524 λέγων·
1344 4474 1363 4507 ι
1395 4455 1518 4519 Πῶς
1540 4456 1758 4511 ἐκάθισε
1784 4458 1921 4529 μόνη

2027 3292 2087 3337 ιιι
2127 3284 2383 3350 scriptum
2418 3289 2548 3336 est:
2592 3296 2624 3336 a
2663 3296 2766 3351 qua
2811 3279 3155 3335 multitudine
3203 3279 3279 3333 ait
3323 3293 3426 3332 non
3480 3278 3594 3332 dis-

2025 3386 2250 3440 crepare
2304 3372 2619 3427 delictorum
2662 3372 2893 3440 copiam.
2923 3370 3035 3425 lloc
3066 3378 3170 3434 est,
3205 3370 3416 3439 opinor,
3459 3386 3478 3413 ‹
3512 3382 3597 3421 se-

2025 3464 2258 3521 cundum
2283 3464 2679 3519 multitudinem
2700 3478 2910 3529 eorum,
2929 3463 3006 3519 sic
3023 3459 3543 3532 peccaveruntmibi.
3570 3476 3591 3510 ι

2027 3553 2129 3610 Ubi
2164 3564 2343 3610 autem
2378 3570 2444 3611 co
2477 3556 2709 3611 miseria:
2745 3555 3092 3625 stultitiaeque
3130 3553 3482 3614 devenerunt,
3537 3561 3596 3603 ut

2027 3642 2138 3699 Deo
2169 3658 2310 3714 aegre
2341 3642 2518 3698 facere
2548 3660 2651 3698 non
2677 3644 3018 3707 desisterent,
3054 3643 3151 3706 ait,
3185 3660 3205 3693 ι
3241 3641 3479 3696 Gloriam
3504 3652 3597 3693 eo-

2026 3751 2146 3789 rum
2171 3736 2223 3788 in
2253 3735 2600 3804 ignominiam
2626 3751 2843 3805 ponam,
2875 3753 2894 3786 ι
2929 3736 3032 3789 hoc
3065 3742 3164 3800 est,
3195 3739 3413 3802 propter
3453 3731 3595 3800 quod

2027 3825 2219 3879 eﬂerre
2240 3839 2299 3878 se
2331 3824 2633 3889 voluerunt,
2673 3835 2893 3895 propter
2938 3826 3040 3880 hoc
3083 3824 3255 3894 ipsum
3306 3823 3603 3877 dedecora-

2026 3915 2246 3971 buntur.
2274 3913 2509 3981 Qui,aut
2535 3929 2768 3984 quonam
2800 3913 2998 3970 modo?
3029 3914 3290 3968 Amittent
3317 3912 3459 3967 enim
3502 3924 3598 3965 oc-

2026 4008 2297 4063 casionem
2332 4004 2593 4076 gloriandi
2627 4004 2693 4060 de
2717 4004 3082 4069 multitudine,
3128 4002 3268 4058 bello
3316 4014 3421 4055 una
3474 4014 3594 4052 cum

2025 4097 2375 4154 bellatoribus
2405 4098 2665 4166 reliquam
2702 4110 2916 4163 quoque
2945 4103 3156 4147 atatem
3193 4107 3406 4147 omnem
3435 4090 3599 4144 absu-

2027 4199 2228 4242 mente.
2277 4187 2472 4240 Vacua
2519 4198 2751 4251 namque
2780 4181 3089 4236 hominibus
3115 4187 3168 4234 et
3203 4180 3394 4233 domus
3421 4187 3476 4231 et
3503 4190 3596 4229 ur-

2026 4281 2123 4335 bes
2149 4278 2459 4332 manebunt.
2486 4277 2563 4330 Ac
2598 4282 2817 4344 propter
2852 4273 2953 4328 hoc
3000 4272 3170 4341 ipsum
3219 4270 3477 4340 propheta
3508 4265 3600 4322 Je-

2027 4370 2225 4425 rcmias
2251 4367 2487 4423 Judaaam
2524 4365 2751 4424 deﬂebat
2780 4366 2864 4419 his
2892 4364 3051 4418 dictis
3086 4382 3099 4417 :
3144 4381 3165 4415 ι
3201 4363 3479 4428 Quomodo
3513 4375 3597 4415 se-

2029 4462 2119 4517 det
2143 4460 2254 4515 sola
2287 4461 2478 4515 civitas
2513 4457 2665 4527 plena
2715 4456 2948 4526 populo?
2988 4456 3237 4526 princeps
3288 4452 3593 4522 provincia-

351 4555 385 4624 ή
416 4552 569 4614 πόλις
593 4553 627 4622 ή
666 4548 1088 4619 πεπληθυσμένη
1132 4546 1311 4614 λαῶνς
1339 4548 1580 4619 ἄρχουσα
1607 4550 1669 4604 ἐν
1696 4550 1920 4622 χώραις,

2028 4569 2145 4607 rum
2174 4552 2310 4606 facta
2337 4561 2422 4606 est
2454 4551 2553 4604 sub
2586 4549 2786 4604 tributo
2819 4547 2885 4601 “.
2919 4566 2940 4597 ›

352 4647 585 4719 ἐγενήθη
624 4649 700 4709 είς
730 4645 911 4715 φόρον.
930 4661 949 4695 ι

425 4740 540 4793 Καὶ
576 4738 773 4808 ἐτέρως
800 4735 858 4789 δέ
883 4751 898 4766 ο
923 4732 1044 4805 Θεῷ
1070 4730 1522 4804 προσκρούοντες,
1569 4731 1785 4801 ἀπάσης
1831 4732 1926 4784 εύ-

358 4828 542 4890 κλείας
566 4826 638 4890 ὡς
666 4825 918 4880 ἀποτάτω
947 4822 1245 4895 κεισόμεθα
1270 4819 1533 4891 δρῶντες,
1564 4818 1601 4873 ἀ
1631 4820 1706 4889 μὴ
1736 4819 1925 4893 θέμις’

355 4920 454 4976 καὶ
484 4919 567 4988 ἐφ’
598 4912 676 4981 οἷς
705 4914 1049 4987 αἰσχύνεσθαι
1082 4914 1187 4984 χρὴ
1210 4951 1225 4977 ,
1277 4911 1363 4963 ἐπ’
1395 4910 1579 4971 αὐτοῖς
1610 4907 1672 4979 δή
1720 4906 1928 4970 τούτοις

355 5011 472 5065 ἔσθ’
503 5012 591 5064 ὅτε
627 5007 1145 5079 μεγαλαυχούμενοι,
1188 5003 1280 5056 καλ¹
1309 5000 1518 5072 ὑψηλὴν
1555 5000 1799 5069 αἴροντες
1829 4998 1928 5068 τὴν

356 5102 533 5174 ὀφρύν
553 5118 567 5133 ’
598 5099 676 5163 ὡς
697 5099 913 5160 δικαίως
942 5095 1195 5164 λέγεσθαι
1226 5095 1321 5148 καὶ
1348 5093 1475 5164 περὶ
1508 5092 1684 5163 ἡμῶν·
1723 5111 1741 5143 ι
1762 5086 1864 5143 τΩν
1893 5092 1926 5161 ἡ

355 5193 485 5257 δόξα
511 5192 569 5243 ἐν
599 5191 666 5260 τῇ
700 5185 927 5257 αἰσχύνῃ
948 5183 1146 5237 αὐτῶν.
1177 5201 1198 5234 ι
1242 5182 1450 5235 Οὐκοῦν
1479 5182 1575 5235 καὶ
1604 5181 1743 5234 κατὰ
1776 5180 1924 5233 τόνδε

356 5285 451 5337 τὸν
499 5281 623 5334 νοῦν
669 5275 861 5346 ἐκδέξῃ
914 5274 1072 5328 πάλιν
1116 5273 1178 5326 τὸ
1218 5273 1527 5345 εἰρημένον,
1568 5290 1586 5320 ι
1622 5272 1733 5341 Τὴν
1774 5270 1931 5336 δόξαν

362 5372 543 5430 αὐτῶν
577 5373 658 5435 είς
684 5368 907 5439 ἀτιμίαν
937 5367 1225 5437 θήσομαι.»
1250 5366 1372 5419 ’ὐτι
1407 5364 1516 5434 γὰρ
1553 5360 1933 5434 παραδίδονται

362 5483 505 5528 τινες
540 5483 558 5515 ι
601 5463 680 5525 είς
706 5461 958 5530 ἀδόκιμον
988 5458 1133 5521 νοῦν,
1163 5458 1336 5525 ποιεῖν
1364 5456 1433 5510 τὰ
1468 5454 1540 5525 μὴ
1569 5453 1929 5523 καθήκοντα,ι

2098 4731 2271 4784 Aliter
2304 4728 2488 4783 etiam.
2519 4728 2686 4783 Deum
2732 4726 3067 4782 oﬂ‘endentes
3119 4727 3187 4781 ab
3229 4725 3374 4781 omni
3430 4721 3594 4792 gloria

2027 4820 2339 4890 longissime
2368 4818 2703 4881 recedemus,
2740 4817 2999 4873 facientes
3038 4831 3158 4886 quze
3199 4816 3280 4868 fas
3314 4828 3419 4865 non
3453 4820 3537 4865 est
3580 4829 3592 4863 :

2028 4922 2084 4968 et
2108 4916 2177 4968 ob
2210 4927 2329 4982 quae
2358 4909 2678 4965 erubescere
2708 4912 2965 4978 oportuit,
3004 4910 3055 4962 in
3096 4910 3162 4962 iis
3196 4906 3324 4973 ipsis
3359 4905 3595 4973 aliquan-

2032 5005 2100 5057 do
2127 5020 2225 5057 nos
2247 5003 2519 5071 iactantes
2548 5010 2604 5053 et
2649 5000 2996 5067 supercilium
3058 4998 3322 5061 tollentes,
3373 5005 3431 5047 ut
3493 5012 3595 5049 non

2033 5093 2228 5160 injuria
2263 5075 2425 5146 eliam
2451 5091 2517 5143 de
2551 5089 2706 5143 nobis
2743 5089 2953 5142 dicatur
2995 5102 3011 5140 :
3062 5105 3080 5139 ι
3139 5086 3377 5151 Quorum
3428 5086 3596 5155 gloria

2033 5182 2085 5236 in
2117 5181 2431 5236 confusione
2484 5181 2724 5250 ipsorum
2777 5179 2842 5232 ".
2909 5195 2930 5228 ι
2984 5177 3161 5244 Quare
3207 5185 3263 5228 et
3305 5177 3596 5229 secundum

2035 5272 2178 5327 hunc
2213 5287 2427 5325 sensum
2460 5272 2602 5338 quod
2638 5271 2839 5324 dictum
2869 5278 2949 5322 est
2991 5267 3240 5333 accipies,
3295 5282 3314 5316 ι
3374 5264 3597 5335 gloriam

2035 5378 2223 5419 eorum
2256 5362 2309 5414 in
2340 5361 2687 5431 ignominiam
2728 5372 2943 5428 ponam.
2981 5375 3000 5409 ι
3035 5354 3167 5409 Nam
3197 5355 3456 5426 quosdam
3486 5364 3596 5407 trao

2038 5453 2180 5507 ditos
2214 5468 2232 5501 ι
2268 5450 2319 5502 in
2352 5450 2636 5517 reprobum
2697 5458 2938 5507 sensum,
2964 5453 3023 5497 ut
3055 5442 3292 5498 facerent
3332 5456 3451 5511 qua:
3493 5453 3598 5492 non

367 5553 485 5616 πῶς
523 5552 668 5606 ἐστιν
696 5528 1043 5622 ἀμφιϐαλεῖν,
1071 5548 1167 5603 τοῦ
1206 5546 1477 5620 μακαρίου
1508 5544 1719 5599 Παύλου
1753 5542 1924 5611 σαφῶς

2038 5542 2364 5599 conveniunt
2389 5541 2458 5605 ",
2495 5557 2514 5591 ι
2549 5554 2644 5593 cur
2674 5533 2958 5605 quisquam
2984 5534 3208 5600 dubitet,
3232 5548 3353 5589 cum
3379 5532 3431 5586 id
3458 5528 3599 5584 Pau-

366 5645 644 5715 εἰρηκότος
664 5661 678 5710 ;

436 5820 489 5850 ³⁵
521 5818 656 5873 Gen.
694 5835 826 5885 mn,
865 5820 945 5872 l7.
1024 5818 1069 5849 "
1113 5817 1312 5872 Thrcn.
1342 5832 1381 5885 ι,
1428 5816 1474 5870 l.
1553 5816 1594 5847 ⁰⁷
1630 5812 1862 5880 Philipp.
1900 5825 1976 5872 ιιι,
2010 5810 2090 5863 i9-

2043 5636 2125 5689 lus
2155 5633 2433 5703 perspicue
2461 5627 2781 5686 conﬁrmet?

2168 5809 2209 5839 ⁵³
2244 5807 2395 5862 Rom.
2425 5823 2457 5871 I,
2488 5807 2557 5860 28
