4098 6276
1686 442 1959 503 CYRlLLl
1998 449 2468 513 ALEXANDRINI
2507 461 2829 528 ARClllEP.

580 717 713 769 sicut
734 723 976 791 populus,
1002 726 1078 781 ita
1102 736 1150 782 et
1181 734 1447 789 sacerdos.

651 809 749 877 71
820 810 930 869 XL.
968 815 1290 889 Perscriptis
1319 825 1609 881 eausisiraz
1636 829 1688 881 in
1720 832 2146 905 multitudinem,

574 912 876 956 sermonem
908 907 973 959 ad
1003 922 1218 964 sacrum
1246 913 1489 970 ordinem
1521 919 1796 995 transfert,
1821 929 2148 984 convenien-

577 997 751 1052 ter,ut
776 1009 876 1064 ego
906 998 1102 1063 sentio,
1138 1000 1186 1053 ei
1210 1004 1351 1071 quod
1387 1008 1544 1061 modo
1581 1023 1607 1061 a
1640 1012 1792 1067 nobis
1816 1015 2015 1072 dictum
2040 1028 2143 1087 est,

577 1079 831 1149 «gloriam
850 1100 1032 1140 eorum
1053 1089 1103 1142 in
1124 1089 1472 1160 ignominiam
1496 1114 1709 1167 ponam.
1726 1103 1933 1161 iGloria
1950 1112 2143 1181 quippe

2247 878 2273 897 .
2319 846 2409 901 M'.
2444 847 2736 921 Γεγραφὼς
2763 857 2862 921 τὰς
2889 862 3066 928 αἰτίας
3093 867 3190 937 τῆς
3211 872 3292 935 είς
3312 873 3373 927 τὸ
3399 846 3601 947 πλῆθος
3629 882 3825 955 ὀργῆς,

2250 936 2601 1003 μεταδιδάξει
2643 942 2732 998 τὸν
2775 946 2931 1047 λόγρν
2965 954 3057 1007 ἐπὶ
3093 936 3155 1010 to
3193 962 3382 1032 τάγμα
3407 967 3469 1019 τὸ
3493 936 3672 1042 ίερδν,

2247 1022 2399 1090 μόσει
2435 1025 2481 1079 δ’
2501 1027 2585 1095 ἂν,
2632 1030 2707 1095 ὥς
2739 1051 2802 1102 γε
2833 1032 3016 1108 οἶμαι,
3054 1044 3130 1114 τῷ
3163 1022 3334 1120 λόγω,
3381 1058 3474 1109 καὶ

2244 1112 2374 1183 ἡμῖν
2411 1119 2715 1191 είρημένον,
2751 1146 2770 1177 ί
2800 1128 2910 1200 Τὴν
2936 1112 3427 1209 δόξανναύτῶννείς
3454 1112 3817 1227 ἀτιμίαν

2677 1219 2774 1289 μὲν
2808 1222 2913 1294 γὰρ
2945 1224 3043 1294 τῆς
3077 1228 3342 1288 Ἰουδαίων
3363 1219 3711 1314 Συναγωγῆς,
3753 1219 3816 1301 τὸ

560 1619 798 1676 scierunt
853 1630 1115 1684 rationem
1176 1639 1485 1693 sacerdotii.
1544 1640 1659 1699 Non
1714 1649 2124 1720 cogitaverunt,

562 1724 583 1758 ι
619 1713 759 1779 quod
785 1728 1003 1782 peccata
1033 1723 1208 1790 populi
1245 1728 1347 1782 mei
1384 1732 1691 1801 comedent,
1725 1747 1778 1791 et
1802 1738 1851 1791 in
1877 1740 2127 1811 iniquita-

561 1799 702 1856 tibus
730 1818 915 1859 eorum
957 1812 1225 1879 accipient
1274 1817 1483 1873 animas
1524 1836 1729 1880 eorum.
1788 1848 1808 1881 ο
1862 1830 2120 1897 Quoniam

557 1904 686 1946 vero
711 1897 887 1950 oratio
920 1900 1207 1966 plurimum
1238 1908 1584 1966 obscuritatis
1616 1916 1797 1982 habet,
1837 1935 1934 1989 age
1976 1940 2120 1982 nunc

551 1993 651 2047 pro
676 1982 810 2037 virili
836 1987 1094 2056 dicamus,
1122 2010 1228 2064 quo
1250 2009 1408 2066 pacto
1438 2016 1555 2057 eam
1580 2004 1880 2078 intelligere
1904 2014 2114 2072 deceat.

550 2071 745 2129 Hircus
783 2079 848 2134 de
879 2085 1056 2150 capris
1096 2103 1192 2157 pro
1222 2102 1444 2159 peccato
1474 2099 1837 2169 mactabatur;
1873 2105 1942 2160 ob
1978 2108 2114 2166 hanc

547 2177 763 2221 causam
791 2171 952 2228 etiam
994 2178 1315 2235 sacriﬁcium
1348 2188 1644 2244 vocabatur
1676 2208 1975 2261 peccatum.
2008 2200 2114 2256 Ve-

545 2271 663 2311 rum
697 2259 981 2321 offerentes
1006 2283 1167 2338 super
1199 2272 1368 2330 altare
1399 2277 1606 2336 hircum
1632 2283 1699 2349 ’9,
1732 2288 1822 2355 qui
1853 2305 1949 2357 pro
1979 2300 2111 2347 tem-

542 2359 672 2413 pore
712 2362 866 2405 erant
904 2356 1233 2423 sacerdotes,
1283 2361 1576 2421 offerebant
1623 2356 2009 2440 quidenrexta
2054 2392 2109 2435 et

539 2436 752 2506 adipem
780 2440 818 2503 ¹,
855 2442 1061 2513 reliquo
1103 2463 1171 2503 ex
1211 2452 1404 2508 divinae
1453 2456 1587 2527 legis
1638 2436 1956 2533 praescripto
2004 2470 2107 2539 ipsi

537 2527 908 2584 vescebantur.
942 2533 1128 2603 Itaque
1169 2549 1424 2609 tanquam
1475 2527 1743 2604 mediator
1784 2553 1878 2608 Dei
1916 2566 1970 2610 et
2008 2527 2107 2614 lio-

535 2615 739 2670 minum
773 2624 1026 2681 sacerdos
1057 2631 1369 2698 assumitur,
1398 2637 1696 2706 suscipiens
1725 2643 1938 2710 quidem
1966 2649 2102 2707 dona

532 2720 564 2759 a
594 2709 809 2779 populo,
838 2722 892 2769 et
922 2729 1043 2771 cum
1082 2718 1236 2775 altari
1268 2724 1512 2782 dividens
1558 2731 1600 2795 ³,
1652 2709 1793 2789 sicut
1841 2742 2101 2810 scriptum

531 2809 633 2865 est,
664 2803 899 2873 seipsum
930 2818 1108 2866 antem
1155 2816 1311 2883 quasi
1357 2820 1674 2878 sacriﬁcans
1716 2840 1815 2895 pro
1866 2832 2100 2897 peccatis

528 2891 738 2960 populi;
788 2897 928 2953 sicut
979 2902 1233 2958 nimirum
1290 2916 1347 2962 et
1406 2904 1668 2968 Dominus
1713 2891 1896 2974 noster
1942 2920 2099 2981 Iesus

523 2977 792 3038 Christus.
837 2985 974 3043 Vera
1024 3000 1204 3047 autem
1251 3010 1337 3051 me
1377 2997 1576 3066 dicere,
1612 3012 1802 3060 testem
1832 3009 2094 3068 adducam

519 3249 710 3308 bustus
734 3252 931 3312 fuerat.
967 3260 1033 3315 Et
1061 3262 1229 3321 iratus
1260 3278 1343 3323 est
1387 3249 1595 3342 Moyses
1643 3249 1830 3334 contra
1869 3281 2091 3340 Eleazar

518 3352 573 3396 et
602 3343 837 3401 Ithamar
866 3348 1003 3406 ﬁlios
1033 3355 1211 3410 Aaron
1241 3360 1480 3431 relictos,
1514 3366 1702 3424 dicens
1753 3387 1768 3425 :

517 3438 828 3494 comedistis
846 3443 987 3510 quod
1021 3460 1116 3514 pro
1143 3462 1367 3518 peccato
1416 3455 1470 3509 in
1518 3456 1635 3514 loco
1682 3466 1910 3519 sancto?
1952 3466 2087 3535 Quia

514 3527 659 3582 enim
688 3528 886 3588 Sancta
917 3546 1228 3595 sanctorum
1264 3553 1368 3607 est,
1409 3547 1512 3603 hoc
1553 3553 1697 3606 dedit
1725 3554 1876 3611 vobis
1939 3574 2086 3613 com-

514 3617 692 3685 edere,
714 3630 771 3675 ut
786 3623 1041 3683 auferatis
1068 3642 1349 3698 peccatum
1370 3647 1561 3703 cretus,
1589 3651 1642 3696 et
1667 3647 1967 3714 prepitietis
1989 3667 2084 3721 pro

511 3710 591 3764 eis
622 3725 802 3768 coram
833 3715 1057 3775 Domino
1081 3721 1121 3775 ³.
1170 3741 1191 3775 ι
1240 3724 1400 3783 Vides
1435 3736 1702 3799 quomodo
1756 3738 2081 3799 mediatores

510 3809 695 3870 agunt,
721 3805 811 3872 qui
840 3807 1019 3863 divino
1047 3811 1207 3868 altari
1256 3828 1455 3884 astant,
1496 3837 1593 3890 pro
1618 3826 1857 3894 “peccato
1901 3831 2074 3888 oblata

509 3893 873 3962 cumedentes,
901 3911 953 3954 et
978 3904 1300 3963 castissimis
1331 3913 1735 3977 precibusiram
1770 3919 1823 3971 in
1844 3935 2073 3988 peccan-

509 3992 587 4037 tes
615 3983 933 4045 intentatam
973 3994 1309 4063 amolientes,
1355 4009 1410 4054 et
1468 4011 1671 4058 tantum
1720 4022 1824 4063 non
1863 4012 2074 4068 animas

503 4088 629 4129 snas
662 4092 761 4145 pro
792 4083 1027 4147 peccatis
1051 4087 1228 4155 populi
1271 4089 1324 4144 in
1368 4092 1589 4147 odorem
1640 4097 1923 4154 suavitatis
1963 4101 2072 4175 Deo

498 4169 895 4229 sacriﬁcantes?
920 4173 1071 4231 Sicut
1100 4178 1226 4235 item
1260 4181 1473 4240 divinus
1514 4186 1695 4242 Aaron
1730 4192 1925 4260 populo
1969 4170 2068 4250 ab-

497 4259 633 4310 sumi
670 4260 973 4330 incipiente.
1008 4267 1099 4323 Sic
1126 4272 1269 4326 enim
1316 4276 1576 4345 scriptum
1628 4290 1709 4335 est
1746 4296 1764 4337 :
1804 4302 1824 4335 ‹
1870 4285 2065 4342 Thuri-

495 4344 623 4398 hulo
653 4359 869 4418 arrepto
909 4361 963 4407 et
1012 4353 1260 4426 imposito
1298 4344 1666 4435 thymiamate,
1716 4375 1864 4428 stetit
1922 4376 2066 4431 inter

495 4446 736 4494 mortuos
760 4451 814 4495 et
848 4443 1017 4510 vivos,
1058 4455 1114 4501 et
1148 4454 1375 4507 cessavit
1414 4442 1570 4526 plaéa
1599 4460 1642 4512 ⁸.
1689 4480 1708 4514 ι
1738 4463 1815 4517 ita
1850 4481 2063 4537 quoque

492 4543 552 4583 se
584 4530 928 4600 interponens
962 4538 1155 4594 beatus
1180 4541 1391 4613 Moyses
1416 4549 1675 4603 exorabat
1697 4552 1888 4618 Deum,
1937 4574 2060 4615 cum

491 4619 746 4677 Israelita:
778 4626 829 4678 in
860 4629 1073 4685 deserto
1105 4631 1332 4688 vitulum
1371 4638 1769 4697 eonllavissent.
1803 4646 1908 4715 72
1960 4648 2055 4704 Se-

497 4708 675 4778 ipsum
710 4713 853 4767 enim
887 4719 1281 4784 quodammodo
1307 4727 1570 4796 supplicio
1610 4708 1946 4806 subjicieb-Ttt,
1970 4755 2059 4794 ro-

487 4816 619 4868 gans
642 4814 697 4858 et
720 4804 906 4862 dicens
934 4825 947 4862 :
983 4826 999 4859 ι
1037 4809 1312 4881 Siquidem
1336 4817 1562 4875 dimittis
1605 4822 1735 4892 ipsis
1755 4804 2054 4899 peccatum,

484 4893 692 4949 «‘imitte
721 4898 843 4952 :sin
873 4906 1073 4967 autem,
1104 4904 1220 4960 dele
1248 4916 1303 4962 et
1330 4923 1415 4964 me
1454 4912 1521 4967 de
1563 4912 1702 4970 libro
1746 4893 1847 4973 hoc
1895 4935 2055 4989 quem

446 4985 742 5053 'scripsisti
771 4987 813 5042 '.
857 5009 877 5043 ι
907 4990 1201 5051 Comedent
1231 4997 1394 5066 igitur
1431 5013 1651 5071 peccata
1701 5008 1879 5077 populi
1912 4985 2050 5078 mei,

480 5072 585 5130 hoc
606 5085 711 5142 cst,
736 5082 1001 5137 sacrificia
1031 5101 1127 5154 pro
1163 5092 1397 5155 peccatis
1432 5097 1669 5161 ipsorum
1702 5072 1902 5155 oblata.
1931 5121 1951 5154 ι
1984 5104 2049 5159 Et

477 5162 533 5216 in
575 5165 943 5235 iniquitatibus
986 5189 1171 5231 eorum
1224 5178 1433 5249 (utique
1484 5183 1872 5258 lsraelitarum,
1932 5196 2047 5251 sive

474 5253 677 5324 populi)
709 5258 804 5328 ipsi
836 5278 962 5320 suns
993 5267 1201 5323 animas
1232 5272 1515 5341 accipient,
1553 5293 1571 5326 ι
1617 5292 1732 5345 pro,
1767 5280 1873 5336 Deo
1906 5284 2042 5341 olfe-

477 5351 616 5395 rent.
648 5345 822 5404 Sumit
845 5354 986 5408 enim
1014 5357 1194 5412 divina
1227 5361 1506 5431 Scriptura
1540 5383 1723 5423 vocem
1774 5372 1931 5441 hujus
1963 5377 2039 5432 rei

474 5431 885 5500 signiﬁcantem.
921 5443 1170 5504 Oblatum
1213 5452 1356 5507 enim
1400 5455 1526 5520 Deo,
1585 5468 1638 5514 et
1692 5474 1949 5531 paratum.
1990 5469 2042 5523 in

475 5522 801 5581 sacriﬁcium
828 5531 1104 5593 dicebatur
1131 5545 1322 5612 accipi,
1355 5559 1408 5602 et
1441 5550 1678 5616 positum
1702 5565 1785 5609 est
1811 5560 2043 5614 vocabu-

436 5600 580 5666 ’lum
619 5615 744 5672 huic
791 5620 868 5676 rei
922 5629 1281 5693 exprimendae
1326 5638 1594 5708 imprimis
1640 5644 1932 5717 idoneum,
1984 5663 2041 5705 ut

540 5795 585 5828 ”
610 5794 781 5855 Levit.
819 5818 897 5871 lx,
928 5805 1011 5859 15.
1089 5808 1103 5840 ¹
1139 5806 1308 5864 chit.
1348 5829 1425 5878 ιιι,
1459 5816 1508 5870 5.
1589 5822 1607 5849 ²
1633 5821 1653 5874 l
1683 5821 1806 5878 Cor.
1842 5842 1892 5889 Χ,
1929 5826 2009 5879 l2.
2049 5827 2068 5860 ³

2190 5831 2270 5886 ιίι.
2305 5849 2357 5897 x,
2400 5834 2479 5897 16,
2518 5835 2601 5891 l7.

2694 1312 2787 1364 καὶ
2816 1314 3111 1373 ἀπόλεκτον
3140 1323 3311 1390 γένος.
3343 1312 3808 1406 Περιϐληθήέσεται

2118 1476 2131 1531 i
2233 1481 2481 1548 ἀκαλλὲς.
2522 1491 2631 1546 Καὶ
2654 1494 2740 1548 διὰ
2769 1498 2925 1554 ποίαν
2962 1476 3172 1572 αἰτίαν;
3198 1476 3320 1563 ’Ὁτι
3491 1476 3807 1591 coierat-Ima-

2232 1575 2586 1636 πωδεστάτων
2652 1585 3089 1663 ὀλιγωρήσαντες
3168 1575 3600 1675 παρεκομίζοντο
3668 1575 3805 1683 πρὸς

2230 1665 2546 1729 ἀπόστασιν.
2578 1676 2652 1727 Οὐ
2696 1684 3030 1753 τετηρήκασι
3065 1690 3163 1760 τὴν
3213 1665 3423 1749 eant-div
3455 1665 3661 1773 ⁷ἀρχὴν,

2225 1751 2470 1821 ἔγνωσαν
2502 1763 2600 1833 τῆς
2641 1751 2937 1842 ίερωσύνής
2972 1777 3062 1831 τὸν
3095 1751 3321 1852 τρόπον,
3342 1788 3443 1841 οὐκ
3484 1751 3795 1863 erigens“,

2232 1862 2250 1895 ι
2281 1846 2400 1902 Ὅτι
2434 1850 2705 1925 ἁμαρτίας
2741 1860 2868 1916 λαοῦ
2902 1882 3002 1934 μου
3046 1846 3328 1940 φάγονται,
3359 1879 3452 1931 καὶ
3478 1879 3537 1933 ἐν
3563 1846 3797 1949 ἀδιίιίαις
3853 1946 3863 1952 ,

2225 1937 2404 1993 αὐτῶν
2464 1942 2720 2015 λήψονται
2776 1954 2875 2018 τὰς
2930 1937 3360 2030 ψυχὰς-αὐτῶν.
3392 1986 3412 2020 ι
3473 1971 3689 2044 Ἐπειδὴ

2223 2026 2476 2131 πλείστην
2510 2035 2622 2107 ἔχει
2649 2041 2747 2111 τὴν
2776 2026 3042 2115 ἀσάφειαν
3065 2053 3092 2105 ὁ
3120 2052 3296 2124 λόγος,
3332 2060 3465 2129 φέρε
3495 2026 3689 2129 πάλιν..
3714 2026 3793 2131 ὡς

2220 2111 2328 2178 ἔνι.
2370 2118 2614 2194 λέγωμεν
2662 2128 2742 2197 τὸ,
2784 2111 2931 2201 ὅπως
2976 2138 3043 2193 ἂν
3070 2111 3231 2199 αὑτδν
3255 2111 3787 2224 ’ἔνοὲῖὲόαζῖέρἒποιῖ

2218 2204 2461 2308 Χίμαρος
2497 2215 2673 2271 τοίνυν
2704 2220 2764 2285 ἐξ
2802 2225 2973 2293 αἰγῶν
3000 2231 3141 2302 ὑπὲρ
3172 2204 3784 2311 ἁμαρτίας

2215 2293 2418 2405 ταύτης
2455 2316 2512 2352 τε
2548 2302 2709 2359 ἕνεκα
2750 2311 2851 2380 τῆς
2887 2318 3068 2383 αἰτίας
3111 2293 3359 2381 sxa-itaita
3407 2293 3505 2386 διαι
3543 2293 3786 2405 ἁμαρτία

2213 2383 2274 2497 το
2321 2385 2490 2458 θῦμα.
2541 2394 2699 2450 Ἀλλὰ
2758 2406 3123 2475 προσάγοντες
3163 2415 3242 2483 τῷ
3287 2383 3784 2497 θυσιαστηνρῐῖτὸν

2212 2473 2442 2546 χίμαρον
2480 2483 2529 2533 oi.
2569 2487 2710 2541 κατὰ
2749 2473 2974 2563 καιροὺς
3027 2473 3225 2571 ἱερεῖς,
3256 2473 3673 2587 ἀνέφερονπμῖν
3712 2521 3781 2576 τὰ

2211 2563 2458 2665 ἐνδόσθια
2511 2576 2604 2629 καὶ
2639 2579 2739 2650 τὴν
2786 2588 3053 2660 πιμελὴν,
3078 2563 3266 2664 ἤσθιον
3291 2563 3778 2665 δὲ’τὶᾆὸιπῖξιάιῖ

2208 2654 2320 2719 τοὶ,
2364 2660 2523 2716 τοῦτο
2561 2667 2656 2720 τοῦ
2686 2670 2830 2727 θείου
2877 2684 3302 2755 προστάττοντος
3331 2693 3517 2765 νόμου.
3570 2700 3780 2757 Οὐκοῦν

2214 2761 2272 2765 ---
2292 2745 2359 2765 -Ικ
2470 2753 2483 2765 ⁸
2525 2754 2538 2765 ’
2641 2758 2651 2765 ⁸
2737 2760 2761 2765 ⁸⁸

2210 2745 2434 2865 peairpg
2458 2753 2488 2804 ὁ
2523 2754 2699 2827 ἱερεὺς
2726 2745 3081 2839 ὥσπερ-Θεοῦ
3133 2778 3226 2833 καὶ
3264 2745 3777 2865 ἀνθρωπωννπαρα-

2204 2833 2551 2944 λαμϐάνεται,
2595 2833 2895 2944 δεχόμενος⁷
2913 2861 3012 2931 μὲν
3036 2866 3136 2932 τὰς
3340 2833 3462 2933 *τῶν
3496 2833 3640 2936 λαῶν
3669 2833 3774 2938 ἕω-

2165 4379 2781 4455 ὀργὴνκατευνάζοντες,
2817 4396 2912 4448 καὶ
2943 4404 3221 4473 μονονουχὶ
3256 4405 3354 4470 τὰς
3380 4379 3530 4474 ἰδίας
3564 4410 3738 4483 ψυχὰς

2166 4468 2306 4538 ὑπὲρ
2347 4473 2454 4527 τῶν
2496 4477 2589 4529 τοῦ
2634 4478 2764 4532 λαοῦ
2801 4468 3286 4559 πλημμελημάτων
3322 4468 3403 4560 είς
3430 4468 3606 4572 ὀσμὴν

2092 4566 2138 4622 D
2166 4559 2328 4623 ωδίας
2379 4565 2760 4636 καθιεροῦντες
2804 4572 2955 4645 Θεῷ;
3015 4579 3278 4655 Καθάπερ
3330 4559 3520 4657 ἀμέλει
3559 4559 3669 4645 ’καὶ
3708 4593 3738 4645 ὁ

2163 4649 2447 4718 Θεσπέσιος
2493 4657 2718 4730 Ἀαρὼν,
2759 4664 3061 4736 ἀρχομένου
3106 4649 3401 4744 θραύεσθαι
3448 4681 3541 4735 τοῦ
3583 4682 3730 4737 λαοῦ.

2159 4741 2468 4812 Γέγραπται
2486 4749 2594 4822 γὰρ
2609 4750 2703 4806 ὡδί
2721 4768 2734 4782 ⁸
2758 4773 2775 4804 ι
2799 4756 2870 4810 Τὸ
2888 4763 3109 4831 πυρεῖον
3126 4741 3394 4837 ἀρπάσας,
3410 4772 3504 4824 καὶ
3526 4772 3732 4836 ἐπιθεὶς

2156 4831 2217 4885 τὸ
2247 4832 2519 4908 θυμίαμα,
2544 4841 2695 4914 ἔστη,
2723 4848 2906 4917 φησὶν,
2928 4852 3032 4906 ἀνὰ
3068 4831 3231 4925 μέσον
3259 4831 3732 4935 τῶνψτεθνηκὸτων

2156 4927 2250 4978 καὶ
2295 4927 2404 4983 τῶν
2446 4930 2683 4999 ζώντων,
2730 4940 2826 4991 καὶ
2872 4942 3139 4999 ἐκόπασεν
3181 4951 3212 5019 ὴ
3254 4950 3537 5021 θραῦσις.»
3576 4957 3729 5010 Οὕτω

2158 5020 2455 5086 μεσιτεύων
2483 5025 2577 5079 καὶ
2605 5027 2634 5080 ὁ
2666 5031 2935 5103 μακάριος
2963 5038 3188 5110 Μωσῆς,
3217 5020 3544 5108 ἐξεδυσώπει
3572 5048 3723 5113 Θεὸν,

2157 5114 2703 5184 μεμοσχοποιηκότων
2731 5121 2870 5173 κατὰ
2895 5122 2991 5193 τὴν
3020 5125 3224 5197 ἔρημον
3256 5133 3363 5185 τῶν
3397 5133 3455 5201 eg
3487 5135 3720 5207 Ἰσραήλ.

2165 5197 2383 5254 Ἑαυτὸν
2406 5202 2512 5274 γὰρ
2537 5204 2684 5260 ὥσπε
2694 5226 2724 5279 ρ
2749 5212 2969 5283 ὑπετίθη
2994 5219 3059 5287 τῇ
3092 5217 3235 5290 δίκῃ,
3279 5197 3611 5295 παραίιαλιῖίν
3655 5197 3721 5280 ’τε

2151 5289 2244 5341 καὶ
2285 5291 2490 5360 λέγων·
2532 5316 2550 5347 ι
2597 5299 2658 5351 El
2714 5301 2814 5370 μὲν
2861 5303 3004 5376 ἀφῇς
3051 5289 3233 5374 αὐτοῖς
3427 5316 3718 5389 ἁμαρτίαν,

2147 5378 2311 5447 ἆοες·
2334 5388 2382 5437 εἰ
2408 5386 2461 5438 δὲ
2489 5390 2584 5459 μὴ,
2610 5390 2888 5461 ὲξὲιλειῲον
2919 5397 3059 5467 κάμὲ
3089 5401 3151 5452 ἐκ
3180 5404 3279 5472 τῆς
3307 5378 3487 5471 βίϐλου
3515 5378 3717 5479 ταύτης

2148 5464 2216 5541 ἧς
2255 5471 2518 5544 ἔγραψας.
2563 5499 2582 5532 ι
2616 5483 2884 5550 Φάγονται
2933 5464 3110 5542 τοίνυν
3153 5464 3563 5567 τὰςήόιμαρτίας
3619 5464 3714 5554 τὲῡ

2147 5561 2274 5617 λαοῦ
2312 5583 2434 5635 μου,
2460 5572 2724 5637 τουτέστι,
2763 5576 2830 5629 τὰ
2858 5577 2997 5650 ὑπὲρ
3030 5582 3309 5652 ἁμαρτιῶν
3329 5561 3714 5661 προσκομιζό-

2147 5670 2282 5723 μενα
2312 5657 2543 5728 θύματα.
2571 5682 2588 5712 ι
2627 5664 2735 5718 Καὶ
2773 5667 2831 5721 ἐν
2862 5670 2980 5732 ταῖς
3002 5671 3238 5737 ἀδικίαις
3264 5677 3463 5743 αὐτῶν,
3499 5699 3518 5732 ι
3552 5698 3712 5734 τουτ-

2680 5841 2699 5868 ⁸
2725 5838 2876 5896 Νιιιη.
2913 5860 3021 5913 xvi,
3045 5848 3091 5901 7.
3170 5851 3189 5881 ⁸
3219 5851 3385 5908 Exod.
3413 5871 3581 5925 χχιιι,
3614 5856 3701 5911 22.
