4098 6276
338 378 436 434 125

1246 372 1791 432 COMMENTARIUS
1827 373 1896 430 IN
1933 374 2166 431 OSEAM
2205 375 2648 435 PROPHETAM.

3475 383 3545 436 £2

335 500 502 563 ἐστιν,
545 491 602 549 ιθ
645 492 831 566 καιρῷ
865 494 964 565 τῆς
999 493 1215 558 ἀδικίας
1252 495 1463 550 αὐτῶνο
1505 497 1663 567 δῆλον
1702 496 1781 560 δὲ,
1818 497 1901 551 ὅτι

2028 497 2166 551 nodo
2197 498 2326 552 dixi.
2365 499 2549 568 itaque
2581 499 2632 551 iu
2668 496 2940 561 Numeris,
2980 499 3193 568 quando
3222 497 3304 554 lex
3339 500 3403 553 de
3449 480 3593 555 vae-7

336 592 441 645 τῶν
484 590 545 655 ἐξ
592 587 833 660 Ἰσραὴλ,
858 587 976 657 ἦτοι
1009 587 1119 641 τῶν
1163 587 1334 643 λαῶν’
1376 606 1396 640 ι
1422 589 1583 642 Αὐτοὶ
1628 587 1729 652 τὰς
1768 588 1902 652 ιδίας

2028 602 2065 641 ὀ
2096 587 2215 641 rul‘a
2252 585 2547 650 ferebatur,
2583 587 2717 642 dixit
2754 589 2891 645 Deus
2936 589 3003 643 ad
3031 587 3271 660 Moysen,
3302 591 3580 645 s'acrorum

335 683 591 753 λήψονται
638 679 882 757 ψυχάςρ
902 679 1024 733 ἀντὶ
1056 678 1173 742 τοῦ,
1210 679 1604 749 προησμιοῦσι
1636 679 1716 749 τῷ
1762 677 1901 749 Θεῷ.

2006 677 2402 744 interpretem:
2450 694 2475 727 ι-
2528 673 2652 730 Ητεο
2714 676 2989 731 distinctio
3030 677 3186 749 legis,
3251 693 3587 748 quaecunque

332 771 547 837 Δέχεται
584 767 692 838 γὰρ
742 767 838 838 τὴν
894 766 1038 832 λέξιν
1088 769 1122 837 ἡ
1168 766 1526 831 θεόπνευστος
1568 766 1900 839 Γραφὴ,τοῢ

2028 766 2289 821 :onstituit
2328 767 2603 832 Dominus,
2655 765 2841 820 dicens
2878 784 2891 819 :
2930 766 3173 837 Loquere
3218 769 3341 824 liliis
3395 768 3584 834 Israel,

328 858 532 912 τοιοῦδε
572 859 931 929 σημαντικήν.
958 857 1033 912 Τὸ
1066 858 1173 929 γὰρ
1204 858 1284 929 τῷ
1317 859 1435 930 Θεῷ
1467 857 1906 930 προσκομιζόμε-

327 967 437 1013 νον,
485 950 581 1003 καὶ
623 949 979 1020 εύτρεπισθὲν
1010 950 1090 1013 εἰς
1136 949 1347 1014 θυσίαν,
1391 950 1609 1019 ὲλέγετο
1637 950 1909 1021 λαμϐάνε-

325 1043 476 1098 σθαι.
522 1042 634 1096 Καὶ
659 1042 693 1112 ἡ
722 1040 867 1107 λέξις
892 1041 1155 1104 τέθειται,
1180 1041 1273 1094 τοῦ
1308 1041 1510 1096 τοιοῦδε
1549 1042 1782 1113 μάλιστα
1806 1058 1903 1112 ση-

328 1133 598 1205 μαντικὴ,
641 1133 892 1205 καθάπερ
934 1132 1071 1204 ἔφην
1103 1134 1325 1205 ἀρτίως.
1372 1132 1485 1186 Καὶ
1535 1132 1666 1201 γοῦν
1712 1136 1770 1187 ὲν
1798 1135 1908 1196 τοῖς

338 1226 636 1295 Ἀριθμοῖς,
662 1225 751 1278 ὅτε
790 1226 916 1288 τοὺς
955 1226 1085 1294 περὶ
1120 1225 1217 1293 τῆς
1243 1223 1531 1292 δαμάλεως
1559 1224 1659 1293 τῆς
1689 1224 1910 1297 πυρρᾶς

322 1316 559 1386 ὡρίζετο
586 1315 804 1385 νόμους,
835 1316 938 1386 ἔφη
970 1315 1101 1378 Θεδς
1139 1315 1275 1385 πρὸς
1300 1314 1392 1367 τὸν
1422 1314 1755 1386 ἱεροφάντην
1790 1314 1913 1367 Μω-

327 1406 447 1459 σέα·
482 1425 500 1457 ι
536 1405 683 1476 Αὕτη
713 1408 746 1475 ἡ
771 1405 1021 1475 διαστολὴ
1046 1404 1141 1459 τοῦ
1173 1406 1358 1476 νόμου,
1388 1407 1487 1459 ὅσα
1515 1404 1773 1472 συνέταξε
1804 1404 1913 1457 Κύ-

327 1512 440 1565 ριος
467 1536 481 1557 ,
528 1496 733 1564 λέγων’
767 1497 1014 1568 Λάλησον
1062 1497 1177 1559 τοῖς
1219 1498 1354 1559 υἱοῖς
1400 1496 1614 1567 Ἰσραὴλ
1635 1537 1650 1562 ,
1681 1496 1777 1549 καὶ
1813 1496 1911 1549 λα-

325 1588 579 1640 ϐέτωσαν
603 1586 739 1658 πρὸς
762 1587 820 1640 σὲ
842 1586 1073 1657 δάμαλιν
1096 1604 1167 1640 πυ
1174 1587 1329 1659 ῤῥάν,
1352 1587 1598 1659 ἄμωμον.
1630 1607 1649 1640 ι
1669 1587 1916 1651 Ἀκούεις

325 1678 414 1744 τὸ,
435 1677 784 1740 λαϐέτωσανς
807 1676 1050 1729 τουτέστι
1070 1675 1734 1747 προσκομιζέτωσαν,ἠτοι
1748 1691 1916 1747 προσι

325 1769 715 1838 αγαγέτωσαν.
757 1767 895 1837 Περὶ
930 1766 987 1820 δέ
1020 1783 1084 1835 γε
1110 1767 1202 1820 τοῦ
1246 1765 1746 1838 καθαρισθὴσεσθαι
1783 1764 1914 1835 μέλ-

2011 868 2065 913 et
2098 858 2369 925 accipiant
2396 858 2461 912 ad
2490 871 2549 913 se
2584 870 2801 911 vaccam
2825 857 3024 922 rufam,
3054 857 3455 915 immaculatam
3481 861 3522 913 ⁸.
3556 878 3582 913 ι

2010 948 2352 1010 Andisillud,
2382 948 2687 1018 accipiant?
2738 948 2839 1002 hoc
2887 957 2993 1014 est,
3044 946 3295 1013 oﬂ‘erant,
3345 952 3459 1006 sive
3493 951 3587 1007 ad-
3631 946 3635 955 ’

2010 1047 2278 1093 moveant.
2314 1039 2386 1094 De
2419 1039 2731 1095 mundando
2782 1047 2962 1092 autem
3002 1054 3031 1093 a
3078 1039 3228 1109 lepra
3271 1057 3459 1097 rursus
3511 1045 3589 1100 ita

2011 1132 2087 1187 ait
2122 1149 2135 1185 :
2174 1150 2192 1183 ι
2235 1131 2554 1200 Egredietur
2582 1133 2837 1189 sacerdos
2868 1141 3021 1187 extra
3064 1141 3265 1196 castra,
3310 1141 3363 1187 et
3390 1134 3591 1190 videbit

2012 1225 2283 1287 sacerdos,
2316 1232 2372 1279 et
2396 1238 2523 1280 ecce
2554 1234 2779 1279 sanatur
2818 1234 2993 1280 tactus
3026 1222 3184 1293 lepra:
3212 1240 3244 1278 a
3270 1224 3501 1295 leproso.
3528 1226 3593 1280 Et

2010 1312 2221 1382 jnbebit
2248 1315 2522 1380 sacerdos,
2546 1325 2600 1372 et
2628 1316 2894 1387 accipient
2923 1316 3181 1372 mundato
3206 1317 3343 1372 duos
3373 1332 3593 1386 passer-

2014 1406 2164 1459 culos
2194 1405 2367 1474 vivos,
2399 1421 2564 1481 puros
2589 1408 2634 1460 ⁷.
2674 1427 2692 1460 ι
2734 1408 2868 1462 Cum
2917 1408 3079 1478 igitur
3119 1408 3281 1463 etiam
3314 1407 3383 1464 de
3408 1423 3593 1463 sacer-

2015 1498 2231 1552 d0tibus
2263 1517 2281 1551 ι
2320 1500 2583 1569 accipient
2616 1517 2635 1552 ι
2668 1500 2835 1567 dicat,
2872 1501 3064 1555 merito
3114 1500 3445 1570 intelligatur
3488 1515 3592 1555 vox

2015 1604 2132 1658 pro,
2167 1587 2408 1646 olTereut.
2448 1590 2506 1644 ln
2564 1601 2803 1660 tempore
2838 1592 3389 1661 igituriniquitatum,
3412 1606 3589 1662 popu-

2016 1679 2051 1732 li
2088 1679 2356 1743 videlicet,
2396 1680 2497 1749 ipsi
2524 1679 2810 1747 accipient,
2844 1681 2946 1735 hoc
2974 1689 3076 1747 est,
3131 1677 3361 1734 oﬂ‘erent
3396 1679 3452 1734 in
3500 1694 3591 1737 sa-

2017 1767 2302 1831 criﬁcium,
2331 1778 2386 1824 et
2418 1769 2473 1823 in
2504 1770 2726 1826 odorem
2776 1771 3058 1825 suavitatis
3097 1768 3431 1839 spiritualem
3483 1768 3593 1823 Deo

325 1861 522 1922 λοντος
573 1858 802 1928 λεπροῦ,
839 1858 1000 1911 πάλιν
1042 1852 1145 1911 ὧδέ
1175 1873 1346 1928 φησι·
1380 1875 1399 1907 ι
1425 1858 1538 1910 Καὶ
1579 1855 1918 1923 ἐξελεύσεται

2028 1860 2231 1915 animas
2270 1877 2417 1927 suas,
2454 1862 2619 1931 probe
2670 1862 2924 1916 nimirum
2971 1872 3373 1928 conversantes,
3422 1869 3477 1916 et
3510 1861 3592 1915 vi-

329 1953 363 2004 δ
397 1952 583 2023 ἱερεὺς
622 1950 727 2018 ἔξω
762 1951 862 2021 τῆς
890 1949 1262 2022 παρεμϐολῆς,
1296 1949 1392 2001 καὶ
1422 1947 1613 2017 ὄψεται
1647 1948 1675 2001 δ
1709 1948 1923 2019 ἱερεὺς,

325 2045 429 2099 καὶ
462 2044 571 2097 ἰδοὺ
596 2044 739 2098 ἰᾶται
760 2045 793 2114 ἡ
821 2041 933 2114 ἁφὴ
955 2041 1052 2112 τῆς
1079 2040 1289 2113 λέπρας
1307 2040 1414 2093 ἀπὸ
1440 2039 1536 2093 τοῦ
1559 2040 1781 2111 λεπροῦ.
1807 2040 1916 2093 Καὶ

324 2137 535 2208 πράξει
573 2138 601 2189 δ
635 2136 843 2207 ἱερεὺς,
886 2135 981 2189 καὶ
1025 2133 1286 2203 λήψονται
1334 2132 1412 2204 τῷ
1460 2131 1916 2204 κεκαθαρισμένῳ

319 2228 422 2281 δύο
463 2218 675 2296 ὀρνίθια
720 2225 919 2289 ζῶντα,
950 2223 1182 2295 καθαρά.
1211 2242 1230 2275 ι
1264 2223 1433 2276 Ὅταν
1480 2221 1658 2276 τοίνυν
1688 2223 1783 2275 καὶ
1823 2223 1916 2276 ἐπὶ

318 2317 438 2370 τῶν
473 2316 666 2387 ἱερέων
702 2315 783 2379 τὸ,
837 2315 1102 2387 λήψονται
1126 2354 1142 2380 ,
1166 2312 1336 2383 λέγοι,
1369 2313 1528 2367 νοοῖτ⁹
1570 2311 1636 2367 ἂν
1692 2312 1918 2374 εἰκότως

318 2407 454 2461 ἀντὶ
487 2408 606 2473 τοῦ,
627 2408 1026 2479 προσοίσουσιν,
1051 2408 1085 2477 ἡ
1119 2406 1292 2478 φωνή.
1320 2405 1410 2459 Ἕν
1435 2404 1613 2476 καιρῷ
1631 2404 1921 2476 τοιγαροῦν

320 2493 440 2546 τῶν
467 2494 715 2559 ἀδικιῶν,
739 2494 848 2550 τῶν
873 2493 968 2549 τοῦ
993 2494 1123 2548 λαοῦ
1156 2494 1417 2565 δηλονότι,
1448 2492 1601 2546 αὐτοὶ
1631 2493 1920 2563 λήψονται,

316 2585 608 2649 τουτέστι,
636 2587 1015 2655 προσοίσουσιν
1041 2586 1122 2649 είς
1146 2584 1361 2650 θυσίαν,
1392 2585 1487 2638 καὶ
1515 2584 1773 2655 εὐοσμίαν
1803 2582 1923 2654 Θεῷ

320 2676 435 2747 τὴν
466 2677 849 2748 πνευματικὴν
888 2677 986 2738 τάς
1013 2674 1220 2736 ἑαυτῶν
1246 2674 1446 2744 ψυχὰς,
1478 2673 1654 2744 ὀρθῶς
1682 2674 1922 2744 δηλονότι

324 2767 757 2838 πολιτευόμενοι
776 2807 791 2830 ,
833 2768 929 2821 καὶ
961 2766 1344 2837 εὐνομωτάτην
1387 2764 1599 2837 ἔχοντες
1632 2766 1796 2836 ζωὴν,
1830 2766 1925 2819 καὶ

324 2861 404 2915 τά
436 2862 562 2924 τοῖς
594 2858 800 2932 ἱερεῦσι
844 2858 1122 2931 πρέποντα
1159 2862 1375 2935 φρονεῖν
1415 2874 1473 2912 τε
1513 2860 1606 2912 καὶ
1655 2857 1789 2929 δρᾷν
1839 2859 1921 2911 ὅτι

2023 1961 2128 2005 tam
2154 1950 2360 2022 legibus
2402 1952 2629 2009 miriﬁce
2678 1961 3095 2007 consentaneam
3140 1952 3502 2018 traducentes,
3540 1960 3596 2005 et

2020 2057 2138 2111 qua:
2166 2042 2538 2098 sacerdotibus
2581 2044 2774 2099 decora
2811 2052 2960 2108 sunt,
3014 2043 3274 2111 cogitare,
3325 2052 3378 2097 et
3413 2042 3591 2098 facere

2021 2148 2230 2188 summo
2258 2134 2437 2190 studio
2465 2134 2751 2190 enitentes.
2783 2132 2969 2189 Potest
2999 2133 3141 2188 enim
3171 2132 3291 2188 talis
3318 2133 3591 2203 populum,

2023 2226 2112 2295 qui
2145 2226 2197 2279 in
2229 2225 2485 2281 offensam
2519 2228 2614 2282 Dei
2650 2226 2896 2293 incurrit,
2927 2237 2980 2281 et
3003 2226 3173 2297 legem
3209 2226 3391 2296 inique
3429 2225 3596 2279 viola-

2023 2317 2121 2381 vit,
2150 2315 2205 2370 in
2236 2317 2517 2386 pristinum
2551 2317 2725 2372 locum
2756 2318 3064 2373 restituere.
3094 2313 3596 2381 Verumenimvero,

2026 2407 2092 2459 ad
2133 2407 2233 2461 hoc
2269 2406 2523 2474 instituti,
2572 2407 2767 2477 inquit,
2802 2422 2908 2462 una
2943 2423 3064 2463 cum
3111 2406 3230 2462 aliis
3275 2405 3408 2476 lapsi
3450 2415 3597 2461 sunt.

2024 2494 2228 2552 idcirco
2246 2497 2369 2568 jure
2410 2499 2676 2557 vacabunt
2724 2514 2900 2563 sacra,
2956 2499 3194 2554 cessabit
3251 2512 3489 2561 sacrum,
3546 2504 3603 2551 et

2025 2590 2339 2645 honorabile
2369 2606 2561 2661 genus,
2613 2607 2632 2643 ι
2684 2591 2788 2645 erit
2828 2591 3057 2659 populus
3097 2597 3156 2645 ut
3198 2588 3454 2645 sacerdos
3506 2604 3521 2642 :
3575 2605 3597 2640 ι

2025 2680 2157 2734 nihil
2186 2681 2450 2750 siquidem
2488 2681 2630 2735 inter
2662 2679 2916 2751 populum
2975 2690 3029 2736 et
3058 2679 3394 2735 sacerdotem
3426 2677 3598 2735 dista-

2024 2768 2123 2823 bit.
2157 2770 2333 2840 Atque
2383 2771 2486 2827 boc
2522 2782 2608 2827 est
2652 2770 2904 2838 fortasse,
2955 2790 2975 2825 ι
3032 2772 3262 2845 gloriam
3317 2785 3505 2826 eorum
3549 2768 3605 2825 in

2026 2862 2380 2931 ignominiam
2406 2878 2623 2933 ponam.
2658 2881 2677 2916 ι

328 2954 587 3025 μάλιστα
612 2944 1079 3015 διεσπουδακότες.
1116 2951 1320 3013 Ἱκανὸς
1381 2950 1486 3021 γάρ
1513 2951 1543 3004 ὀ
1599 2949 1838 3014 τοιοῦτος
1904 2953 2183 3009 ἀνασῶσαι
2230 2956 2393 3021 λαοὺς
2434 2958 2525 3011 καὶ
2556 2957 2671 3028 Θεῷ
2712 2956 3259 3032 προσκεκρουκότας,
3307 2957 3401 3010 καὶ
3439 2957 3603 3025 νόμον

324 3045 695 3116 ἠδικηκότας.
724 3042 863 3097 Ἀλλ’
885 3043 934 3096 oi
961 3042 1095 3114 πρὸς
1115 3041 1270 3096 τοῦτο
1292 3041 1742 3112 παρειλημμένοι,
1764 3043 1918 3114 φησὶ,
1961 3047 2399 3114 συγκατώλισθον
2455 3053 2566 3113 τοῖς
2623 3050 2824 3115 ἄλλοις.
2846 3048 3116 3123 Ταύτῃτω
3135 3046 3357 3112 δικαίως
3371 3047 3602 3119 ἀργήσει

328 3139 404 3193 τὰ
460 3138 614 3209 ίερά,
664 3135 1006 3191 πεπαύσεται
1051 3134 1113 3189 τὸ
1155 3136 1295 3206 ἱερὸν
1340 3136 1433 3190 καὶ
1463 3137 1642 3207 τίμιον
1679 3136 1869 3206 γένος’
1917 3157 1936 3192 ι
1975 3140 2165 3196 Ἔσται
2195 3144 2223 3196 ό
2274 3142 2400 3209 λαὸς
2437 3144 2512 3209 ὡς
2550 3144 2727 3215 ἱερεύς
2749 3163 2761 3175 ·
2799 3163 2817 3197 ›
2854 3145 3096 3199 κείσεται
3120 3142 3230 3213 γὰρ
3257 3141 3408 3196 οὐδὲν
3437 3140 3516 3195 ἔτι
3546 3144 3617 3197 τὸ

339 3231 558 3305 μεταξὺ
579 3230 707 3284 λαοῦ
734 3247 793 3282 τε
834 3229 929 3282 καὶ
963 3228 1173 3299 ἱερέως.
1220 3229 1328 3281 Καὶ
1360 3229 1516 3282 τοῦτο
1552 3225 1619 3300 ἦν
1650 3229 1757 3300 ἄρα
1792 3231 1873 3297 τὸ,
1919 3250 1937 3283 ι
1966 3234 2079 3306 Τὴν
2109 3234 2264 3302 δόξαν
2290 3236 2468 3290 αὐτῶν
2502 3238 2576 3299 εἰς
2604 3237 2843 3307 ἀτιμίαν.
2870 3254 2890 3288 ι

419 3324 541 3379 Καὶ
577 3322 879 3392 φάγονται,
911 3318 1011 3373 καὶ
1044 3320 1116 3373 οὐ
1148 3317 1236 3387 μὴ
1271 3318 1728 3387 ἐμπλησθῶσιν·
1760 3322 1927 3390 ἐπόρ-

2102 3326 2266 3382 Vens.
2303 3327 2388 3380 10.
2416 3324 2481 3379 Et
2518 3325 2802 3390 comedent,
2833 3332 2879 3377 et
2928 3338 3030 3376 non
3064 3317 3453 3389 implebantur;
3494 3317 3604 3386 for-

339 3428 615 3475 νευσαν,
648 3411 744 3465 καὶ
774 3413 842 3464 οὐ
871 3409 957 3479 μὴ
988 3406 1497 3466 κατευθυνθῶσιν.

430 3504 576 3557 MA'.
610 3501 794 3563 Ὀδοὺς
825 3499 942 3570 μὲν,
972 3500 1046 3564 ὡς
1082 3500 1247 3566 ἔοικε,
1276 3500 1378 3564 τὰς
1405 3502 1463 3553 ὲν
1496 3499 1679 3571 ἔργοις
1712 3499 1934 3573 πορείας

340 3597 510 3662 λέγει
540 3610 554 3624 ·
603 3591 877 3648 διαϐούλια
922 3592 981 3645 δὲ
1011 3587 1109 3659 αὖ,
1151 3592 1219 3646 τά
1273 3594 1337 3646 ὲκ
1392 3593 1668 3664 λογισμῶν
1722 3594 1938 3647 ἀτόπων

339 3686 694 3756 πταίσματα.
752 3683 969 3752 Ἐπειδὴ
1000 3684 1198 3747 τοίνυν,
1244 3684 1411 3754 φησι,
1458 3685 1787 3758 πεπόρευται
1840 3683 1939 3753 μὲν

330 3781 443 3831 οὐκ
493 3777 703 3847 ὀρθῶς,
754 3777 855 3846 τῆς
900 3775 1112 3837 εὐθείας
1167 3774 1537 3839 ὲκνενευκὼς,
1580 3775 1673 3828 καὶ
1723 3773 1941 3843 ἀπάσης

324 3869 547 3939 ὥσπερ
574 3868 915 3937 ἀνοσιότητος
941 3866 1139 3929 ἐλάσας
1162 3865 1364 3937 τρίϐον,
1399 3865 1758 3918 ἐϐουλεύσατο
1788 3863 1846 3916 δὲ
1870 3863 1940 3917 τὰ

324 3966 584 4018 πάντων
619 3961 877 4031 αἴσχιστά
928 3976 989 4013 τε
1035 3961 1128 4012 καὶ
1164 3957 1537 4021 ὲκτοπώτατα,
1570 3957 1662 4011 τὸν
1705 3955 1804 4026 μὲν
1834 3953 1940 4007 τῶν

322 4056 488 4108 ὅλων
529 4054 804 4120 ἀτιμάσας
844 4051 998 4108 Θεὸν.
1028 4050 1318 4111 ἀποκλίνας
1362 4048 1420 4102 δὲ
1449 4049 1542 4102 καὶ
1571 4047 1735 4110 αὐτὸς
1767 4047 1848 4108 είς
1880 4044 1942 4098 τὸ

320 4140 653 4214 λατρεύειν
700 4139 962 4201 εἰδώλοις,
999 4156 1018 4188 ι
1061 4137 1361 4206 Ἐκδικήσω
1399 4136 1484 4188 ἐπ’
1513 4135 1696 4199 αὑτὸν,
1741 4152 1759 4186 ι
1791 4149 1945 4185 τουτ-

321 4239 493 4298 έστι,
533 4231 640 4301 τὴν
667 4232 781 4293 τοῖς
823 4227 1289 4299 πλημμελήμασιν
1335 4223 1672 4295 ίσοστάθμως
1717 4223 1944 4294 ἔχουσαν

318 4325 574 4382 ὲποίσω
600 4321 776 4389 δίκην.
808 4319 931 4373 Ὀτι
967 4318 1025 4371 δὲ
1053 4320 1164 4381 τοῖς
1194 4315 1526 4386 ἀποφοιτῶσι
1559 4315 1659 4385 τῆς
1701 4316 1780 4378 είς
1815 4313 1944 4367 Θεὸν

315 4417 588 4486 ἀγάπης
617 4411 680 4465 τὸ
726 4411 786 4465 ὲν
819 4408 983 4464 παντὶ
1039 4408 1289 4478 γενέσθαι
1335 4406 1492 4478 κακῷ
1521 4406 1696 4476 πάντη
1740 4422 1801 4458 τε
1849 4403 1944 4458 καὶ

313 4509 580 4567 πάντως
604 4502 967 4573 συμϐήσεται,
994 4499 1113 4563 πῶς
1137 4499 1284 4552 ἐστιν
1309 4497 1662 4568 ἀμφιϐαλεῖν;
1691 4494 1811 4548 οὗτε
1835 4493 1944 4565 γὰρ

312 4598 521 4671 ὀρθήν
556 4612 623 4647 τε
661 4596 755 4647 καὶ
788 4592 1092 4663 ἀμώμητον
1110 4589 1342 4644 διελάσει
1366 4588 1567 4659 τρίϐον,
1590 4587 1702 4640 οὔτ’
1720 4587 1786 4641 ἂν
1806 4584 1945 4655 σοφά

2036 3420 2200 3473 nimii
2226 3427 2369 3480 sunt,
2393 3425 2441 3470 et
2470 3432 2569 3471 non
2590 3417 2907 3487 dirigentur.

2103 3508 2238 3564 XLI.
2274 3510 2399 3565 Vias
2419 3509 2658 3579 quidem,
2680 3517 2740 3561 ut
2763 3511 3005 3575 apparet,
3023 3503 3264 3557 incessus
3283 3515 3333 3553 in
3351 3496 3609 3568 operibus

2034 3598 2312 3664 nominat;
2355 3597 2575 3651 consilia
2618 3609 2746 3649 vero
2776 3609 2837 3647 ex
2868 3584 3608 3662 cogitationibusindecenti-

2034 3686 2136 3741 bus
2172 3686 2388 3740 delicta.
2415 3684 2678 3750 Quoniam
2707 3683 2886 3751 igitur,
2919 3680 3112 3749 inquit,
3157 3692 3322 3747 prave
3365 3673 3609 3736 incessit,

2036 3783 2089 3830 et
2112 3790 2141 3827 a
2172 3785 2319 3829 recto
2344 3775 2532 3828 itinere
2557 3770 2796 3835 deﬂexit,
2826 3780 2880 3825 et
2911 3768 3295 3839 propemodum
3328 3763 3474 3820 omni
3525 3777 3617 3819 se—

2037 3868 2169 3921 mita
2199 3865 2490 3933 impietatis
2520 3862 2837 3928 ambulavit,
2874 3862 3111 3917 omnium
3152 3858 3258 3931 73
3302 3855 3612 3927 turpissima

2039 3964 2094 4010 et
2121 3969 2151 4009 a
2182 3956 2386 4010 ratione
2412 3954 2738 4009 alienissima
2764 3953 2903 4022 apud
2931 3966 2989 4006 se
3017 3950 3227 4012 statuit,
3258 3956 3311 4001 et
3330 3946 3612 4000 universo-

2039 4062 2161 4101 rum
2193 4045 2361 4101 Deum
2389 4046 2734 4114 contempsit,
2779 4054 2834 4097 et
2875 4043 2989 4110 ipse
3024 4051 3236 4107 quoque
3266 4038 3332 4089 ad
3366 4033 3612 4088 servien-

2041 4141 2165 4193 dum
2195 4138 2353 4192 idolis
2402 4136 2709 4198 declinavit,
2774 4150 2793 4184 ι
2840 4133 3076 4187 ulciscar
3119 4142 3284 4197 super
3330 4126 3527 4194 ipsum,
3589 4141 3610 4176 ι

2042 4230 2145 4284 hoc
2171 4236 2273 4294 est,
2297 4242 2508 4298 pmnam
2532 4225 2827 4281 sceleribus
2861 4223 3273 4294 respondentem
3305 4231 3612 4288 reposcam.

2043 4321 2362 4376 Deserentes
2423 4326 2601 4373 autem
2658 4319 2752 4373 Dei
2805 4314 3122 4371 charitatem
3169 4310 3421 4367 omnibus
3461 4307 3617 4361 malis

2043 4411 2366 4466 omnimodis
2397 4407 2799 4470 circumveniri,
2850 4404 2981 4459 nulli
3035 4402 3194 4473 plane
3242 4401 3465 4455 dubium
3508 4406 3613 4452 est.

2046 4504 2154 4560 Nec
2183 4505 2325 4559 enim
2363 4511 2507 4556 recta
2531 4510 2586 4554 et
2618 4498 2887 4568 inculpata
2934 4493 3307 4565 progredietur
3355 4494 3463 4557 via,
3519 4502 3618 4543 nec

2046 4597 2316 4664 Sapienter
2347 4594 2639 4664 quidquam
2685 4590 2963 4660 cogitabit,
3009 4588 3097 4656 qui
3132 4587 3364 4641 divinam
3401 4582 3617 4652 sapien-

315 4686 723 4764 βουλεύσαιτό
760 4702 916 4751 ποτε,
942 4685 1042 4754 τὴν
1076 4683 1229 4736 θείαν
1254 4682 1355 4735 οὐκ
1384 4681 1520 4751 ἔχων
1548 4678 1927 4750 ὲπικουροῦσαγ

2049 4688 2178 4739 tiam
2205 4688 2563 4754 virtutemque
2593 4680 2987 4751 opitulatricem
3025 4693 3128 4732 nou
3165 4676 3433 4731 habuerit.

311 4780 505 4851 αὐτῷ
552 4776 756 4844 σοφίαν
782 4792 842 4828 τε
869 4775 965 4829 καὶ
1002 4774 1252 4844 δύναμιν.

402 4869 539 4929 Καὶ
573 4865 891 4937 φάγονται,
918 4865 1019 4919 καὶ
1063 4866 1134 4917 οὺ
1165 4862 1250 4932 μὴ
1280 4858 1742 4931 ἐμπλησθῶσιν·
1773 4862 1947 4924 ἐπάρ-

309 4978 607 5025 νευσίιν
641 4958 738 5012 καὶ
786 4959 858 5012 οὐ
891 4958 976 5025 μὴ
1018 4953 1525 5009 κατευθυνθῶσιν.

399 5056 566 5114 ΜΒ’.
634 5051 918 5119 Τετήρηκε
957 5048 1119 5101 πάλιν
1174 5048 1286 5108 τοῖς
1333 5045 1391 5109 ἐξ
1437 5044 1664 5115 αἵματος
1731 5042 1946 5113 Ἰσραὴλ

2122 4862 2189 4919 Et
2224 4865 2510 4925 comedent,
2538 4870 2585 4914 et
2620 4876 2720 4913 non
2754 4855 3143 4927 implebantur;
3186 4851 3432 4920 fornicati
3472 4856 3621 4913 sunt,

2054 4962 2101 5008 et
2132 4970 2232 5005 non
2257 4955 2570 5020 dirigentur.

2126 5043 2280 5097 XLII.
2318 5041 2506 5094 Adhuc
2538 5036 2798 5106 reliquias
2829 5033 3089 5089 lsraelitis
3135 5028 3452 5084 reservavit.
3501 5024 3621 5079 Non

309 5155 386 5207 τὸ
448 5117 858 5210 κατάλειμμα.
916 5140 1039 5192 "Uti.
1084 5138 1193 5209 γὰρ
1243 5137 1342 5190 οὐκ
1386 5137 1619 5191 εἰσάπαν
1676 5136 1927 5204 οίχήσετα

2058 5137 2197 5191 enim
2232 5134 2481 5188 universe
2507 5145 2628 5185 cum
2658 5127 3030 5183 sacerdotibus
3052 5122 3317 5193 perituros
3359 5117 3620 5179 declarat,

308 5248 447 5307 τοῖς
503 5234 738 5308 ἱερεῦσι
761 5232 822 5285 τὸ
867 5234 1076 5302 χρῆμα,
1115 5230 1391 5300 διατρανοῖ
1427 5227 1636 5296 λέγων,
1666 5227 1749 5278 ὅτι
1789 5244 1807 5278 ι
1845 5225 1952 5279 Φά-

2059 5243 2179 5281 cum
2215 5226 2363 5289 dicit,
2402 5243 2421 5276 ι
2461 5223 2747 5279 comedent
2780 5219 3019 5292 quidem,
3052 5214 3145 5269 sed
3177 5224 3282 5265 non
3309 5208 3626 5262 saturabun—

310 5299 543 5404 γονται
565 5299 715 5398 ’μὲν,
748 5299 1076 5393 πλὴνούὴμὴ
1103 5299 1507 5392 ἐμπλησθῶσιν.
1544 5336 1563 5368 ι
1585 5316 1709 5369 Εἴτε
1726 5317 1833 5387 γὰρ
1856 5317 1923 5369 τὰ

2058 5326 2163 5373 tur.
2205 5337 2223 5368 ›
2257 5318 2380 5371 Sive
2402 5319 2542 5372 enim
2575 5324 2785 5370 veteres
2813 5310 2929 5365 illas
2956 5304 3171 5361 lsraelis
3196 5299 3626 5404 transmigratio-

267 5452 273 5494 ξ
319 5422 607 5498 ἀρχαίας
667 5415 885 5477 ὲκείνας
939 5412 1033 5465 τοῦ
1096 5412 1312 5482 Ἰσραὴλ
1371 5409 1795 5480 μεταναστάσεις
1859 5410 1952 5461 καὶ

2061 5407 2161 5463 nes‘
2187 5418 2240 5460 et
2270 5407 2633 5473 captivitates,
2668 5405 2783 5458 sive
2807 5407 3026 5470 propter
3068 5394 3344 5449 Christum
3384 5403 3478 5457 per
3518 5386 3628 5439 llo-

269 5491 280 5523 ³
316 5473 759 5584 ἆῖἶᾷάλῶσίας
790 5473 1063 5574 ἐννοήσειέ
1098 5473 1202 5566 τις,
1233 5473 1342 5555 eivs
1499 5501 1592 5553 ἐπὶ
1619 5498 1837 5570 Χριστῷ
1868 5499 1927 5551 δι‹

2063 5513 2251 5552 nianns
2289 5495 2483 5549 Judzea:
2524 5496 2726 5547 illatam
2772 5489 3074 5544 vastitatem
3105 5482 3368 5555 quispiam
3422 5473 3630 5584 recpgi-

312 5607 442 5681 ςῆς
481 5602 615 5658 τῶν
676 5597 961 5667 Ῥωμαίων
991 5595 1173 5666 χειρὸς
1201 5594 1299 5663 τῆς
1348 5594 1605 5655 Ἰουδαίας
1656 5593 1953 5662 ἐρήμωσιν.

420 5782 442 5811 *⁵
484 5781 677 5838 Num.
712 5792 816 5843 six,
848 5774 903 5828 οὶ.
983 5778 999 5805 ⁷
1046 5775 1215 5829 Levii.
1253 5788 1355 5837 xxv,
1391 5773 1442 5835 5,
1474 5773 1520 5824 is.

2064 5598 2159 5652 tet,
2199 5588 2250 5640 in
2286 5585 2526 5652 reliquiis
2576 5580 2824 5637 lsraelcm
2859 5581 3053 5649 ipsum,
3095 5586 3150 5633 et
3188 5573 3390 5629 cultum
3441 5580 3470 5618 a
3517 5565 3641 5627 lege
