4098 6276
617 446 725 506 127

621 651 798 705 ductis
828 652 969 706 enim
1004 662 1129 707 tunc
1160 667 1257 722 per
1287 653 1636 709 Salinanasar
1676 663 1730 709 et
1774 652 2185 722 Tlteglatphala—

619 755 710 794 sar
736 742 803 793 ad
843 740 1092 811 Assyrios
1121 750 1176 796 et
1214 740 1422 806 Medos.
1478 744 1827 797 nihilominus
1858 742 2036 810 exigui
2080 758 2184 797 nu-

618 846 790 893 mero,
825 840 877 886 et
906 832 1244 901 paucissimi,
1272 841 1326 888 et
1356 848 1420 887 ex
1448 831 1701 887 Israelitis
1730 832 1923 896 relicti,
1950 831 2184 901 legitima

616 923 990 978 sacerdotibus
1035 921 1359 988 offerebant,
1404 924 1597 987 obviis,
1634 932 1688 977 et
1721 938 1839 992 qum
1869 924 1933 976 ad
1969 936 2184 976 manum

614 1024 769 1067 erant
799 1029 892 1069 eos
923 1016 1271 1077 honorantes,
1311 1024 1372 1067 et
1400 1030 1430 1067 a
1471 1015 1747 1069 consuetis
1788 1014 1935 1068 haud
1974 1014 2186 1083 penitus

616 1102 954 1156 recedentes.
998 1102 1194 1156 Eodem
1223 1104 1383 1157 modo
1406 1110 1459 1158 et
1494 1104 1544 1156 in
1579 1116 1855 1173 postremo
1877 1104 2042 1170 bello,
2085 1106 2185 1160 sub

616 1193 861 1259 Augusto
886 1191 1120 1257 Caesare,
1152 1195 1399 1262 inquam,
1423 1196 1857 1263 populationibus
1886 1195 2184 1251 deformata

618 1280 854 1350 ipsorum
886 1283 1163 1352 provincia
1194 1286 1258 1338 ad
1303 1300 1517 1341 omnem
1554 1297 1792 1349 ventum,
1853 1301 1946 1341 seu
1998 1286 2182 1341 mundi

619 1369 893 1437 angulum,
926 1386 1127 1441 perque
1159 1388 1346 1429 omnes
1380 1376 1628 1445 regiones
1672 1385 1727 1429 et
1766 1377 1929 1431 urbes
1956 1376 2184 1446 dispersi

617 1468 741 1513 sunt
764 1459 805 1517 ⁸.
836 1460 1565 1521 Nihilominusmediocriter
1593 1466 1770 1519 adhuc
1820 1475 2087 1533 sanctum,
2130 1479 2185 1524 et

620 1549 877 1605 sel‘ectum
932 1566 1105 1621 genus
1148 1565 1488 1620 venerantes,
1543 1571 1663 1626 qua:
1700 1565 1948 1625 poterant
1988 1556 2185 1613 offere-

615 1642 767 1705 bant,
796 1651 851 1699 et
882 1646 1044 1700 etiam
1069 1652 1206 1710 tum,
1233 1662 1540 1717 quanquam
1581 1649 1794 1705 abolitis
1824 1660 2066 1704 veterum
2094 1667 2181 1705 sa-

615 1734 940 1789 criﬁciorum
977 1736 1331 1803 cmremoniis,
1382 1752 1590 1793 morem
1646 1741 1805 1794 istum
1863 1741 2182 1797 retinebant.

617 1824 828 1879 AmiSsa
884 1826 1082 1896 quippe
1134 1825 1492 1899 Ie‘rosolyma,
1528 1830 1840 1887 sacriﬁcare
1881 1833 1947 1887 de
1988 1844 2185 1890 caetero

1632 450 1690 506 S.
1724 428 2002 506 ‘CYRILLI
2039 442 2505 502 ALEXANDRINI
2546 442 2866 500 ARCIIIEP‘.

617 560 990 630 praescriptum
1020 561 1196 618 adhuc
1220 572 1600 621 conserva-tum
1636 563 2182 619 animadvertet..Ab-

2286 561 2343 612 ὲν
2370 558 2645 628 λειψάνοις
2668 560 2890 629 εὑρήσει
2918 556 3287 628 τετηρημένον
3323 551 3486 607 αὐτόν

3755 434 3847 488 HS

3537 568 3590 605 τε
3634 548 3721 604 τὸν
3757 551 3850 603 Ἰσ-
4002 552 4003 601 l

2293 648 2451 721 ραὴλ,
2484 649 2577 703 καὶ
2604 649 2702 720 τὴν
2737 648 2880 701 κατὰ
2922 646 3085 718 νόμον
3124 645 3402 717 λατρείαν.
3438 642 3853 739 ’Δποκομισθένῗ

2289 757 2411 793 των.
2428 739 2535 810 γὰρ
2572 739 2632 791 τὸ
2667 738 2917 809 τηνικάδε
2965 737 3055 791 διά
3108 753 3168 789 τε
3207 735 3302 789 τοῦ
3350 732 3719 805 Σαλμανασάρ
3766 732 3853 784 καὶ

2289 830 2381 857 -..Π
2414 829 2844 857 Ω--.Ἱ......Ὶ..-Ᾱ.Α
2883 830 2961 857 ..1-
3001 826 3319 857 Ἀρρηηιλιιρ
3374 826 3463 857 ιιι-Α
3500 824 3719 857 MJ-tXAuo
3765 768 3869 857 ιμ’.μί

2288 830 2382 883 τοῦ
2414 829 2845 900 Θεγλαφαλασάρ
2882 830 2961 893 είς
3001 826 3319 899 Ἀσσυρίους
3374 826 3468 879 καὶ
3500 824 3739 893 Μήδους,
3765 824 3865 874 οὐαί

2288 921 2375 974 δἐν
2407 916 2567 993 ἦττον
2617 922 2666 974 οἱ
2698 920 2918 991 βραχεῖς
2959 920 3052 974 καὶ
3079 918 3345 987 ὀλιγοστοὶ
3374 918 3468 972 καί¹
3513 916 3854 988 περιλελειμ-

2295 982 2444 1084 μένοί
2476 1012 2582 1066 τῶν
2614 1012 2673 1079 ἐξ
2972 982 3250 1080 προσῆγον
3286 1012 3399 1072 τοῖς
3432 982 3644 1078 ἱερεῦσι
3677 1007 3745 1058 τὰ
3771 982 3854 1060 νε⁹
4003 982 4005 1087 ί

2291 1104 2612 1174 νομισμένα,
2633 1105 2745 1166 τοῖς
2778 1102 2917 1156 κατὰ
2955 1104 3113 1172 χεῖρα
3149 1099 3418 1169 τιμῶντες
3439 1116 3454 1130 ·
3491 1099 3591 1152 καὶ
3620 1098 3721 1150 οὑκ
3751 1096 3846 1162 ἔξω

2288 1194 2397 1247 τῶν
2442 1196 2500 1247 ὲν
2538 1193 2649 1246 ἔθει
2676 1194 2948 1264 γινόμενοι
2980 1191 3278 1254 παντελῶς.
3320 1190 3478 1244 Κατὰ
3509 1190 3604 1243 τὸν
3644 1189 3754 1242 ἴσον
3800 1188 3851 1241 δὲ

2288 1286 2490 1356 τρόπον
2521 1285 2614 1338 καὶ
2650 1286 2707 1339 ὲν
2747 1285 2824 1356 τῷ
2849 1284 3044 1354 λοίσθῳ
3072 1284 3314 1354 πολέμῳ,
3343 1281 3421 1353 τῷ
3452 1282 3547 1335 ἐπὶ
3588 1281 3852 1352 Καίσαρος

2290 1375 2621 1444 Αὐγούστου,
2649 1376 2814 1446 φημὶ,
2850 1374 3292 1445 καταδῃωθείσης
3323 1375 3507 1437 αὐτοῖς
3532 1373 3638 1442 τῆς
3662 1371 3850 1443 χώρας,

2290 1464 2726 1538 ἐσκορπίσθησαν
2760 1465 2858 1535 μὲν
2898 1467 2977 1527 εἰς
3014 1464 3192 1517 πάντα
3227 1464 3445 1533 ἄνεμον,
3486 1464 3585 1516 καὶ
3614 1464 3671 1516 ὲν
3716 1463 3852 1534 πάσῃ

2290 1555 2444 1627 χώρα
2477 1573 2534 1608 τε
2568 1557 2663 1609 καὶ
2708 1555 2882 1609 πόλει.
2927 1555 3076 1625 Πλὴν
3110 1554 3192 1607 ἔτι
3237 1554 3476 1626 μετρίως
3505 1554 3568 1606 τὸ
3605 1553 3746 1625 ἱερὸν
3771 1554 3853 1606 καὶ

2290 1646 2585 1698 ἀπόλεκτον
2633 1644 2901 1715 τιμῶντες
2928 1644 3105 1714 γένος,
3139 1645 3413 1714 προσῆγον
3445 1643 3516 1697 τὰ
3537 1645 3683 1697 κατὰ
3706 1642 3852 1695 δύνα-

2294 1752 2405 1805 μιν.
2436 1734 2545 1789 Καὶ
2566 1735 2702 1787 εἰσὶν
2727 1737 2783 1787 ὲν
2802 1734 3011 1797 τούτοις
3034 1734 3132 1799 ἔτι,
3160 1734 3337 1788 καίτοι
3357 1733 3465 1787 τῶν
3489 1734 3739 1787 παλαιῶν
3765 1733 3849 1786 θυ-

2294 1826 2422 1879 σιῶν
2465 1825 2977 1896 ἀνα-τετραμμένων.
3037 1824 3183 1891 Ἔξω
3220 1825 3329 1896 γάρ
3365 1825 3466 1895 τῆς
3508 1823 3852 1895 Ἰερουσαλὴμ

619 1916 771 1972 nefas
818 1925 956 1971 erat.
1000 1936 1021 1970 ι
1062 1917 1356 1974 Comedent
1392 1920 1573 1992 igitur,
1608 1922 1802 1992 inquit,
1852 1934 1905 1977 et
1942 1940 2047 1979 non
2082 1924 2182 1978 im-

2290 1917 2535 1985 γεγονόσι
2557 1917 2618 1970 τὸ
2646 1916 2792 1970 θύειν
2819 1915 2899 1969 ἔτι
2941 1915 3276 1986 παράνομον.
3313 1933 3332 1966 t
3367 1915 3640 1982 Φάγονται
3662 1913 3848 1976 τοίνυν,

617 2005 921 2074 plebuntur,
948 2027 969 2061 ι
1001 2008 1103 2064 hoc
1132 2018 1212 2065 est
1236 2026 1430 2081 pauca,
1462 2022 1517 2067 et
1548 2014 1635 2066 vix
1676 2015 1942 2083 accipient
1982 2025 2037 2070 et
2068 2030 2188 2084 quae

618 2098 684 2149 ad
713 2097 1015 2152 satietatem
1059 2099 1198 2153 haud
1242 2100 1529 2157 sumciant.
1567 2101 1797 2158 Docetnr
1839 2105 2187 2161 nihilominus

615 2187 700 2242 his
730 2188 912 2243 verbis
940 2190 1146 2262 antiqui
1184 2191 1404 2248 honoris
1448 2194 1660 2250 illorum
1696 2197 1999 2264 subversio,
2043 2212 2187 2266 prae-

616 2280 892 2350 teritaque
918 2283 1223 2339 securitatis
1248 2285 1489 2341 amissio.
1538 2304 1558 2338 ι
1611 2286 1878 2355 Quoniam
1932 2288 2185 2344 fornicati

614 2383 762 2438 sunt,
797 2372 992 2442 inquit,
1040 2389 1143 2429 non
1190 2375 1513 2447 dirigentur.
1576 2395 1603 2431 ιη
1654 2376 1999 2449 Impossibilo
2042 2380 2183 2435 enim

613 2471 718 2528 est,
745 2469 804 2517 ut
832 2463 963 2528 dixi,
994 2463 1157 2520 Deum
1195 2467 1506 2523 deserentes
1534 2467 1662 2538 (hoc
1703 2471 1847 2523 enim
1885 2470 2187 2538 spiritualis

617 2553 902 2611 fornicatio
935 2565 987 2611 et
1021 2558 1235 2613 nomine
1258 2567 1313 2611 et
1354 2573 1413 2613 re
1442 2559 1543 2613 sibi
1578 2558 1710 2625 vult)
1744 2569 1836 2613 aut
1867 2559 2188 2614 ad-satieta—

615 2654 720 2700 tem
743 2647 881 2702 bona
911 2649 1248 2717 suppeditata
1280 2648 1510 2714 habere;
1531 2658 1667 2703 aute
1691 2650 1936 2714 ctelis,_et
1953 2650 2187 2719 desuper

613 2736 866 2793 alimenta
903 2749 1273 2807 comportare;
1307 2749 1402 2794 aut
1435 2740 1489 2794 in
1522 2740 1785 2804 consiliis,
1814 2741 1898 2796 vel
1925 2741 1979 2796 in
2016 2743 2187 2797 actio-
2219 2758 2224 2763 ‘

612 2831 771 2886 nibus
814 2831 974 2902 dirigi
1016 2844 1197 2900 posse.
1248 2828 1390 2887 Deus
1438 2832 1581 2887 enim
1632 2833 1870 2888 omnium
1922 2832 2183 2888 bonorum

614 2932 919 2976 nostrorum
966 2930 1315 2979 conserer
1346 2932 1401 2978 et
1432 2928 1629 2979 mentis
1673 2934 1868 2980 nostra:
1914 2926 2184 2996 guberna-

610 3013 790 3067 culum
822 3021 926 3068 est.

2288 2008 2440 2077 φησὶ,
2481 2005 2572 2060 καὶ
2608 2007 2669 2059 οὐ
2694 2006 2767 2076 μὴ
2789 2004 3163 2076 ὲμπλησθῶσι,
3202 2023 3220 2054 ι
3250 2004 3549 2066 τουτέστιν,
3579 2003 3739 2071 ὀλίγα
3763 2000 3849 2069 λή-

2286 2095 2472 2165 ψονται
2503 2097 2595 2149 καὶ
2626 2095 2799 2166 μόλις,
2838 2094 2932 2147 καὶ
2974 2094 3072 2147 ὅσα
3104 2093 3241 2163 πρὸς
3274 2093 3435 2164 κόρον
3477 2094 3581 2146 οὐκ
3620 2092 3846 2162 ἐξαρκεῖ.

2286 2186 2679 2243 Καταδεικνύει
2712 2186 2769 2239 δὲ
2800 2186 2949 2239 οὐδὲν
2979 2180 3140 2258 ἦττον
3175 2184 3268 2239 καὶ
3298 2185 3455 2237 τοῦτο
3497 2186 3601 2253 τῆς
3628 2182 3850 2252 ἀρχαίας

2287 2277 2465 2329 αὐτῶν
2509 2277 2673 2345 τιμῆς
2702 2275 2800 2345 τὴν
2838 2275 3178 2344 καθαίρεσιν,
3225 2277 3318 2328 καὶ
3349 2275 3450 2344 τῆς
3480 2273 3848 2345 προλαόούσης

2286 2368 2553 2437 εὐθυμίας
2602 2366 2709 2436 τὴν,
2754 2365 3047 2435 ἀποϐολήν.
3105 2387 3125 2418 ‹
3189 2366 3387 2437 Επειδὴ
3430 2366 3847 2439 πεπορνεύκασι,

2287 2456 2479 2524 φησὶν,
2517 2454 2576 2506 ού
2616 2454 2691 2524 μὴ
2735 2452 3187 2507 κατευθυνθῶσιν.
3217 2471 3235 2503 ι
3286 2454 3591 2524 Ἀμήχανον
3619 2455 3750 2525 γὰρ,
3783 2451 3849 2516 ὡς

2287 2547 2444 2616 ἔφην,
2497 2546 2624 2609 τοὺς
2661 2544 3069 2614 ἀποφοιτῶντας
3111 2544 3244 2598 Θεοῦ
3298 2544 3475 2616 (τοῦτο
3506 2547 3641 2617 γὰρ,
3686 2543 3847 2616 οἶμαι,

2286 2639 2378 2691 ἐπὶ
2398 2639 2458 2691 τὸ
2485 2638 2589 2708 τῆς
2625 2640 2821 2709 νοητῆς
2848 2637 3103 2709 πορνείας
3135 2636 3307 2707 ὄνομα
3328 2655 3385 2691 τε
3417 2638 3511 2691 καὶ
3543 2638 3757 2710 χρῆμα)
3779 2635 3846 2707 ,ἢ

2285 2730 2365 2793 εἰς
2411 2728 2571 2799 κόρον
2599 2727 2742 2799 ἔχειν
2761 2727 2860 2799 τὴν
2886 2728 2995 2780 τῶν
3020 2728 3239 2797 ἀγαθῶν
3259 2728 3544 2800 χορηγίαν,
3570 2730 3740 2800 ἧγουν
3770 2726 3852 2780 δύο

2285 2819 2480 2873 νασθαι
2525 2818 2624 2881 τὰς
2668 2818 2727 2884 ἐξ
2757 2816 3002 2888 οὐρανῶν
3051 2816 3145 2869 καὶ
3184 2816 3390 2871 ἄνωθεν
3429 2816 3851 2888 συγκομίζεσθαι
4012 2880 4013 2883 η

2284 2912 2507 2982 τροφὰς,
2532 2910 2565 2981 ἢ
2589 2912 2647 2964 ὲν
2677 2908 2911 2980 βουλαῖς,
2942 2908 2975 2978 ἢ
2999 2909 3057 2960 ὲν
3090 2908 3380 2979 πράγμασι
3412 2907 3851 2962 κατευθύνεσθαι.
4012 2890 4013 2983 1

2285 3005 2416 3070 Θεὸς
2469 3004 2577 3079 γάρ
2631 3006 2777 3058 ἐστιν
2805 3004 2834 3055 ό
2867 2998 3066 3063 παντὸς
3116 3001 3247 3070 ἡμῖν
3280 2999 3481 3068 ἀγαθοῦ
3520 2998 3732 3070 Σωτὴρ,
3764 2997 3857 3052 καὶ
4012 2996 4013 3031 ἓ

2285 3096 2384 3167 τῆς
2403 3095 2566 3168 οὔσης
2592 3096 2647 3148 ὲν
2684 3095 2817 3165 ἡμῖν
2840 3091 3076 3155 διανοίας
3098 3090 3160 3144 τὸ
3190 3091 3463 3158 πηδάλιον.

685 3184 795 3258 74
830 3186 992 3241 Vens.
1036 3186 1124 3242 II.
1166 3181 1306 3253 Quia
1356 3187 1638 3245 Dominum
1684 3192 2088 3264 dereliquerunt,
2129 3207 2182 3252 ut

2355 3190 2511 3241 Διότι
2561 3186 2668 3240 τὸν
2724 3186 2939 3254 Κύριον
2990 3183 3397 3253 ἐγκατέλιπον,
3446 3176 3551 3232 τοῦ
3585 3178 3858 3246 φυλάξαι

615 3277 936 3331 custodirent
968 3278 1390 3346 fornicationem,
1433 3290 1482 3335 et
1530 3282 1724 3350 vinum,
1781 3293 1830 3339 et
1872 3286 2012 3357 quod
2079 3288 2183 3342 in-

616 3365 826 3420 ebriare
853 3377 1038 3435 potest,
1066 3369 1287 3437 suscepit
1313 3386 1404 3423 cor
1434 3371 1611 3439 populi
1641 3374 1762 3427 mei.

690 3455 869 3512 XLIII.
905 3457 1004 3514 Hic
1028 3461 1250 3530 exponit
1284 3475 1497 3526 causas,
1537 3477 1706 3531 quare
1729 3479 1902 3535 neque
1929 3465 2184 3525 alimento

617 3549 928 3618 repleantur
976 3554 1311 3620 sacerdotes,
1371 3567 1545 3623 neque
1593 3554 1822 3622 amplius
1862 3558 2180 3628 dirigantur.

615 3639 877 3707 Quoniam
909 3642 1051 3697 enim
1100 3651 1155 3698 et
1186 3643 1285 3713 ipsi
1325 3658 1355 3697 a
1403 3643 1629 3700 Domino
1664 3646 2046 3715 discesserunt,
2099 3651 2182 3706 in—

613 3735 750 3804 quit,
780 3744 834 3790 et
864 3734 1104 3806 magistri
1140 3750 1259 3791 cum
1291 3736 1593 3807 discipulis,
1626 3753 1747 3793 cum
1771 3740 1998 3796 subditis
2020 3758 2184 3812 penes

614 3840 748 3893 quos
774 3835 1032 3896 potestas,
1062 3837 1117 3882 et
1135 3827 1229 3899 qui
1261 3827 1487 3884 aliorum
1513 3830 1676 3886 duces
1702 3840 1858 3885 erant
1884 3833 2185 3903 praccipites

616 3913 854 3984 fuerunt,
901 3912 1380 3975 itlcirco'divinam
1430 3922 1567 3977 iram
1611 3923 1755 3993 juste
1806 3925 2082 3992 subibunt,
2129 3937 2184 3983 et

613 4019 736 4074 quae
761 4005 879 4061 sine
908 4006 1014 4063 ﬁne
1058 4019 1443 4078 peccaverunt,
1479 4025 1667 4066 eorum
1720 4027 1908 4083 ptenas
1953 4016 2187 4072 sustine-

612 4096 765 4152 bunt.
799 4113 819 4149 t
857 4097 1239 4154 Custodierunt
1260 4101 1403 4155 enim
1436 4100 1867 4170 fornicationem,
1906 4124 1926 4158 ι
1959 4108 2060 4163 hoc
2075 4117 2181 4175 est,

611 4191 925 4259 effecerunt,
946 4203 1005 4249 ut
1027 4194 1222 4264 quibus
1249 4203 1535 4264 praeerant,
1572 4195 1629 4251 in
1662 4212 1848 4253 errore
1869 4211 2179 4271 manerent;

611 4284 828 4339 tametsi
858 4285 1035 4353 potius
1063 4299 1185 4340 eum
1228 4284 1462 4354 abjicere
1503 4295 1558 4343 et
1604 4289 1967 4346 exterminare
2016 4293 2181 4349 debe-

612 4374 764 4429 bant.
806 4372 1184 4443 Magistrorum
1227 4377 1369 4430 enim
1399 4378 1687 4447 vigilantiae
1710 4389 1811 4445 est,
1864 4384 2106 4440 studiose
2150 4400 2183 4442 ο

611 4466 790 4521 medio
824 4480 1101 4522 removere
1133 4467 1274 4535 quod
1316 4468 1511 4537 popqu
1557 4469 1732 4535 obest.
1766 4481 1821 4526 et
1852 4475 1994 4541 quod
2044 4477 2183 4533 Dens

2284 3278 2588 3347 πορνείαν,
2624 3276 2722 3331 καί
2756 3274 2941 3344 οἶνον,
2985 3276 3083 3330 καὶ
3114 3273 3392 3345 μέθυσμα
3424 3269 3671 3336 ἐδέξατο
3715 3288 3857 3341 acap-

2282 3369 2382 3425 δία
2412 3370 2567 3424 λαοῦ
2580 3388 2722 3439 μου.

2352 3462 2450 3516 ΜΓ
2452 3462 2598 3524 ’.Τὰς
2621 3462 2800 3525 αἰτίας
2822 3458 3013 3515 ἐνθάδε
3035 3457 3293 3529 φησὶ,τοῦ
3314 3457 3451 3528 μήτε
3474 3455 3681 3527 τροφῆς
3696 3456 3851 3528 ὲμπί-

2283 3552 2539 3616 πλασθαι,
2578 3553 2715 3623 μήτε
2759 3551 2864 3624 μὴν
2912 3551 2992 3605 ἔτι
3031 3549 3456 3605 κατευθύνεσθαι
3489 3550 3616 3612 τοὺς
3657 3550 3850 3621 ἱερουρ-

2282 3641 2432 3711 γούς.
2474 3642 2690 3712 Ἐπειδὴ
2736 3641 2844 3712 γὰρ
2878 3640 3178 3713 ἀπῷχοντο,
3234 3640 3387 3711 φησὶ,
3424 3641 3516 3694 καὶ
3564 3640 3720 3694 αὐτοὶ
3762 3638 3845 3692 τοῦ

2284 3733 2511 3803 Κυρίου,
2569 3735 2664 3786 καὶ
2722 3731 3126 3786 συναπώλισθον
3180 3733 3294 3795 τοῖς
3351 3731 3757 3803 παιδευομένοις
3802 3731 3845 3783 oi

2284 3824 2587 3886 παιδευταί,
2623 3826 2735 3887 τοῖς
2762 3823 2865 3877 ὑπὸ
2898 3826 3056 3896 χεῖρα
3108 3824 3201 3879 καὶ
3248 3823 3493 3888 ἐξουσίαν
3522 3824 3571 3877 oi
3607 3824 3844 3895 καθηγεῖ·

2284 3915 2404 3968 σθαι
2425 3915 2697 3986 λαχόντες,
2738 3914 2992 3987 ταύτητοι
3031 3916 3252 3979 δικαίως
3297 3915 3401 3969 ὑπὸ
3457 3914 3608 3969 θείαν
3652 3915 3840 3973 ἔσονται

2287 4010 2536 4080 μήνισιν,
2572 4010 2665 4061 καὶ
2708 4008 2864 4072 δίκας
2906 4008 3160 4078 ὑφέξουσι
3201 4008 3309 4063 τῶν
3351 4008 3739 4080 ἁκαταλήκτως
3768 4007 3837 4059 δι-

2284 4102 2680 4171 επταισμένων.
2715 4119 2733 4151 ι
2760 4101 3110 4171 Τετηρήκασι
3158 4102 3267 4173 γὰρ
3312 4101 3589 4172 πορνείαν,
3658 4122 3677 4154 ι
3707 4112 3834 4152 τουτο

2283 4191 2422 4257 ἐστι,
2466 4191 2734 4257 σώζεσθαι
2785 4192 3204 4264 παρεσκεύασαν
3257 4195 3369 4256 τοῖς
3399 4192 3508 4246 ὑπὸ
3550 4196 3710 4265 χεῖρα
3754 4188 3837 4254 τὴν

2282 4284 2568 4348 πλάνησιν,
2600 4285 2776 4340 καίτοι
2805 4284 3005 4356 μᾶλλον
3040 4284 3211 4355 αὐτὴν
3235 4284 3300 4337 ὲκ
3323 4284 3493 4356 μέσου
3512 4283 3839 4356 διαρρίπτειν

2283 4374 2377 4427 καὶ
2414 4374 2700 4442 ἀφανίζειν
2739 4375 3064 4442 ὀφείλοντες.
3110 4376 3455 4430 Διδασκάλων
3513 4375 3619 4445 γὰρ
3670 4370 3837 4440 νῆψις,

2281 4464 2342 4517 τὸ
2394 4464 2557 4526 λαοὺς
2588 4463 2809 4517 ἀδικοῦν
2847 4467 2911 4517 ὲκ
2942 4465 3110 4535 μέσου
3152 4466 3421 4521 ποιεῖσθαι
3467 4464 3553 4520 διὰ
3592 4460 3838 4530 σπουδῆς,

609 4558 744 4623 odit,
773 4557 889 4613 sine
914 4570 1065 4613 mora
1094 4556 1301 4613 tollere.
1337 4556 1491 4624 Quod
1523 4558 1569 4614 si
1596 4558 1775 4615 facere
1798 4564 2176 4632 abhorrentes,

2284 4555 2374 4608 καὶ
2407 4554 2484 4621 τῷ
2511 4553 2924 4625 Θεῷστυγητὸν
2960 4555 3226 4628 ἀμελλητὶ
3258 4555 3678 4628 καταστρέφειν.
3702 4552 3763 4606 Εἰ
3788 4550 3842 4603 δὲ

609 4663 833 4706 manere
859 4647 1275 4719 quodammodo,
1306 4655 1363 4701 et
1393 4646 1611 4702 retineri
1634 4663 1803 4717 opera
1829 4651 2031 4706 erroris
2054 4668 2177 4721 per-

609 4742 868 4807 mittunt,
919 4740 1029 4795 imo
1079 4744 1267 4794 contra
1322 4740 1500 4807 potius
1550 4740 1891 4805 conﬁrmant,
1947 4751 2076 4799 tunc
2123 4754 2179 4799 et

611 4847 765 4889 mens
796 4844 985 4887 eorum
1009 4829 1100 4900 qui
1126 4830 1464 4897 erudiuntur,
1497 4840 1751 4900 tanquam
1787 4832 1967 4886 vinum
1993 4844 2048 4888 et
2099 4837 2181 4889 in-

608 4925 1007 4981 ebriamentum
1033 4921 1257 4977 omnino
1276 4920 1712 4991 suscipiet.Unde
1736 4923 1901 4990 enim,
1934 4934 2027 4978 aut
2046 4940 2180 4996 quo-

609 5017 770 5072 modo
812 5014 1113 5086 vigilabunt
1159 5011 1431 5083 discipuli,
1482 5015 1784 5084 mentisque
1841 5016 2058 5071 oculum
2108 5019 2175 5073 ad

609 5121 736 5162 vere
761 5113 815 5160 et
841 5113 1033 5161 natura
1068 5103 1238 5159 Deum
1282 5104 1547 5173 aperient,
1592 5105 1637 5159 si
1676 5119 1770 5163 eos
1814 5106 2085 5178 paedagogi
2123 5117 2178 5163 et

609 5199 1023 5255 conducibilium
1058 5196 1310 5252 doctores
1344 5195 1519 5261 adhuc
1548 5196 1615 5249 ad
1646 5210 1884 5253 errorem
1920 5200 2178 5254 corrobo-

610 5291 764 5346 rant?
801 5292 865 5348 Et
886 5292 991 5348 hoc
1015 5298 1119 5356 est,
1158 5289 1213 5345 ni
1247 5287 1425 5352 fallor,
1458 5287 1600 5356 quod
1641 5288 1780 5357 apud
1830 5289 1992 5344 alium
2044 5305 2174 5360 pro-

607 5381 825 5451 phetam
862 5380 1088 5453 legimus
1117 5394 1134 5436 :
1183 5397 1203 5432 ι
1234 5378 1560 5435 Sacerdotes
1594 5394 1697 5434 non
1743 5380 1993 5436 dixerunt
2022 5397 2035 5433 :
2069 5380 2172 5439 Ubi

606 5479 691 5525 est
719 5470 1012 5528 Dominus?
1042 5481 1097 5528 et
1119 5472 1211 5543 qui
1239 5472 1590 5528 adhaerebant
1615 5469 1716 5541 legi
1747 5485 1899 5536 meae,
1927 5488 2032 5527 non
2058 5487 2176 5527 cre-

607 5558 862 5617 diderunt
889 5560 944 5614 In
976 5575 1085 5629 me,
1126 5571 1183 5618 et
1222 5574 1469 5633 pastores
1503 5562 1666 5633 impie
1704 5573 1930 5634 egerunt
1967 5564 2019 5617 in
2067 5578 2173 5629 me,

604 5661 663 5711 et
695 5650 968 5723 propheta:
989 5654 1381 5724 prophetabant
1432 5655 1560 5712 Baal
1600 5659 1657 5726 ⁹;
1710 5675 1731 5710 ο
1786 5666 1842 5713 et
1888 5671 2099 5712 rursum
2157 5675 2172 5713 :

680 5832 703 5864 '
729 5827 894 5888 Zach.
933 5845 996 5898 tt,
1023 5828 1075 5885 6.
1150 5824 1303 5885 ’Jer.
1340 5842 1400 5898 ιι,
1441 5828 1492 5882 8.

2277 4645 2344 4717 δὴ
2384 4644 2541 4699 τοῦτο
2585 4646 2719 4718 δρᾷν
2751 4647 2853 4701 ούκ
2909 4648 3246 4720 ἀνεχόμενοι,
3294 4651 3476 4722 μένειν
3520 4648 3709 4719 ὥσπερ
3756 4643 3841 4699 καὶ

2281 4736 2550 4800 σώζεσθαι
2591 4738 2690 4809 τῆς
2721 4739 3039 4812 πλανήσεως
3071 4740 3209 4815 ἔργα
3253 4739 3629 4813 συγχωροῦσιν
3679 4736 3837 4802 αὐτοὶ,

2282 4828 2482 4899 μᾶλλον
2508 4830 2565 4884 δὲ
2592 4832 2687 4886 καὶ
2727 4834 3052 4890 συνιστῶσιν
3080 4838 3144 4891 ὲκ
3167 4836 3275 4892 τῶν
3312 4836 3590 4901 ἐναντίων,
3619 4836 3682 4889 τὸ
3708 4848 3842 4904 τηνι-

2277 4920 2408 4973 κάδε
2432 4920 2495 4992 δὴ
2531 4922 2749 4987 παντως
2779 4920 2922 4978 οῐνον
2955 4924 3144 4998 ὥσπερ
3185 4944 3237 4980 τι
3284 4927 3377 4981 καὶ
3411 4925 3672 4997 μέθυσμα
3711 4920 3843 4977 καὶό

2277 5013 2386 5067 τῶν
2409 4986 2937 5085 παιδαγωγουμένων
2975 4986 3277 5083 είσδέιξεται
3313 4986 3475 5081 νοῦς.
3512 4986 3687 5071 Πόθεν
3721 4986 3861 5084 γάρ,ί

2277 5106 2310 5177 ἢ
2353 5105 2471 5170 πῶς
2495 5106 2560 5160 ἂν
2584 5107 2739 5178 ἔσχον
2769 5110 2958 5180 νήφειν
2988 5111 3040 5163 οἱ
3063 5109 3323 5181 μαθηταὶ,
3354 5111 3451 5165 καὶ
3491 5106 3842 5177 διανοιγνύναι

2279 5197 2540 5252 δύνασθαι
2584 5200 2683 5270 τῆς
2716 5199 2956 5263 διανοίας
2986 5200 3076 5255 τὸν
3104 5201 3381 5273 ὀφθαλμὸν
3425 5201 3562 5273 πρὸς
3590 5200 3684 5255 τὸν
3729 5196 3845 5267 ἀλη-

2280 5286 2388 5351 θῶς
2443 5288 2537 5342 καὶ
2589 5289 2747 5358 φύσει
2785 5290 2936 5355 Θεὸν,
2990 5292 3147 5363 είπερ
3180 5293 3376 5357 αὐτοὺς
3413 5293 3466 5345 oi
3497 5286 3839 5359 παιδαγωγοὶ,

2280 5379 2495 5432 καὶτῶν
2514 5380 2901 5452 συμφερόντων
2924 5383 3213 5453 εἰσηγηταὶ
3233 5384 3328 5438 καὶ
3351 5381 3845 5457 προσεμπαιδεύου-

2281 5487 2366 5524 σιν
2393 5470 2474 5524 ἔτι
2521 5471 2658 5544 πρὸς
2691 5471 2753 5525 τὸ
2799 5472 3101 5527 πλανᾶσθαι
3134 5474 3279 5540 δεῖν;
3310 5475 3419 5528 Καὶ
3460 5475 3636 5539 τοῦτο,
3674 5469 3840 5543 οἶμαι,

2280 5563 2396 5616 ἐστὶ
2417 5563 2479 5617 τὸ
2510 5564 2577 5618 δι’
2618 5565 2807 5637 ἑτέρου
2846 5566 3125 5637 προφήτου
3163 5568 3348 5636 σαφῶς
3393 5567 3703 5640 είρημένονο
3735 5583 3753 5617 t
3784 5564 3841 5618 Οί

2284 5658 2446 5728 ἱερεῖς
2471 5657 2569 5710 οὐκ
2593 5652 2773 5711 εἶπανο
2808 5655 2918 5710 Ποῦ
2941 5657 3054 5711 ἐστι
3082 5658 3317 5729 Κύριος;
3341 5661 3450 5714 Καὶ
3477 5661 3527 5715 οι
3557 5657 3843 5730 ἀντεχόμεε-
