4098 6276
396 384 501 440 129
1298 376 1854 435 COMMENTARIUS
1897 374 1961 432 IN
2005 374 2234 430 OSEAM
2274 374 2720 433 PROPHETAM.
3548 385 3653 443 150

399 525 478 561 νοι
509 504 606 559 τοῦ
634 505 796 576 νόμου
825 516 927 576 μου
948 503 1055 558 ὀὐκ
1087 503 1386 574 ἠπίσταντό
1404 525 1491 577 με.
1515 509 1626 563 Καὶ
1647 510 1696 560 οί
1725 506 1980 578 ποιμένες

2086 523 2105 557 ι
2146 505 2268 561 Filii
2308 510 2435 573 mei,
2467 520 2521 563 et
2550 524 2677 566 oves
2723 526 2853 568 meae
2893 525 3001 568 non
3043 522 3192 582 sunt,
3243 529 3350 572 non
3381 522 3464 571 est
3498 512 3652 568 locus

403 598 671 667 ἠσέϐησαν
696 598 776 659 είς
804 596 924 666 ἐμέ·
959 595 1057 648 καὶ
1101 595 1151 646 οἱ
1184 597 1462 667 προφῆται
1505 600 1877 669 προεφήτευον
1901 599 1971 668 τῇ

2084 596 2309 655 tentorii
2331 603 2457 668 mei,
2491 602 2644 661 locus
2665 605 2881 675 pellium
2920 622 3193 676 mearum;
3230 611 3355 680 quia
3402 615 3652 679 pastores

401 689 560 743 Βάαλ.
588 706 608 740 ι
636 688 751 742 Καὶ
782 687 978 741 πάλιν·
1017 705 1037 739 ι
1074 688 1137 740 Oi
1180 687 1285 740 υἱοί
1333 704 1437 759 μου
1486 691 1582 743 καὶ
1613 690 1681 742 τὰ
1722 688 1972 760 πρό6ατά

2084 692 2242 747 stulte
2269 705 2515 764 egerunt,
2543 703 2599 749 et
2630 694 2911 752 Dominum
2940 714 3045 755 non
3078 702 3468 771 exquisierunt.
3510 696 3648 751 Pro-

397 794 496 848 μου
520 777 622 830 οὐκ
644 777 804 841 εἰσὶν,
830 775 928 829 οὐκ
958 775 1075 828 ἔστι
1103 775 1266 840 τόπος
1293 777 1393 847 τῆς
1426 779 1630 850 σκηνῆς
1657 794 1783 848 μου,
1810 778 1973 841 τόπος

2084 793 2198 854 pter
2214 785 2315 838 hoc
2328 800 2432 840 non
2447 785 2892 843 intellexitomnis
2902 805 3059 859 grex,
3076 802 3130 849 et
3145 792 3373 863 dispersi
3390 800 3515 847 sunt
3531 790 3596 843 ¹⁰.
3620 804 3642 840 ι

394 867 497 949 τῶν
524 864 760 961 δέρῤεών
786 880 907 961 μου.
942 868 1064 961 ξυτι
1110 868 1369 961 ποιμένες
1406 870 1832 941 ἠφρονεύσαντο,
1878 874 1975 927 καὶ
2009 875 2101 932 τὸν
2137 877 2346 948 Κύριον
2406 879 2507 932 οὐκ
2569 876 2919 951 ἐξεζήτησαν.
2967 883 3069 936 Διὰ
3100 885 3259 939 τοῦτο
3307 886 3407 940 οὐκ
3457 883 3649 952 ἐνόησε

391 963 545 1014 πᾶσα
566 961 602 1029 ἠ
630 958 788 1030 νομὴ,
824 959 918 1011 καὶ
938 958 1458 1032 διεσκορπίσθησαν.
1491 978 1511 1011 ι

476 1094 572 1147 Ἐν
602 1092 925 1161 συμϐόλοις
950 1092 1287 1162 ἐπηρώτων,
1336 1094 1440 1149 καὶ
1474 1094 1546 1150 ἐν
1582 1095 1830 1165 ῥάϐδοις
1875 1096 1976 1151 ad»

2151 1098 2317 1157 Vsus.
2347 1100 2435 1156 12.
2469 1101 2536 1156 In
2565 1103 2815 1174 symbolis
2849 1105 3262 1175 interrogabant,
3303 1116 3350 1160 et
3385 1108 3439 1161 in
3484 1110 3643 1180 uirgis

392 1181 516 1237 τῶν
540 1182 929 1254 ἀπήγγελλον
942 1184 1121 1251 αὐτῷ.

463 1321 592 1373 MA'.
630 1321 764 1374 Τίνα
806 1320 1007 1393 τρόπον
1039 1322 1460 1377 καταλελοίπασι
1492 1323 1592 1395 μὲν
1620 1322 1714 1377 τὸν
1741 1323 1968 1396 Κύριον,

388 1412 725 1481 τετηρήκασι
775 1410 832 1465 δὲ
886 1413 986 1482 τὴν
1028 1414 1311 1483 πορνείαν,
1346 1413 1668 1485 καθίστησιν
1712 1415 1967 1486 ἐναργές.

391 1501 733 1571 Συνθελητὴν
773 1501 883 1573 γὰρ
899 1506 1011 1566 τοῖς
1032 1503 1404 1574 πλανωμένοις
1427 1504 1717 1574 ἀποφαίνει
1732 1505 1823 1558 τὸν
1842 1522 1974 1559 παιο

391 1593 586 1664 δευτήν
606 1610 619 1623 ο
644 1593 739 1647 καὶ
752 1593 851 1658 οὒς
873 1590 941 1665 ἦν
963 1595 1350 1667 είκδς,’μᾶλλον
1368 1597 1423 1651 δὲ
1445 1597 1542 1669 ἤδη
1561 1597 1653 1651 καὶ
1673 1598 1971 1666 ἀναγκαῖον

393 1687 509 1747 τοῖς
537 1683 702 1748 θείοις
737 1684 966 1738 ἕπεσθαι
987 1686 1189 1756 νόμοις,
1217 1688 1312 1741 καὶ
1330 1688 1685 1759 ἀποκομίζειν
1706 1690 1787 1751 είς
1812 1687 1971 1742 τοῦτο

2074 1195 2186 1248 suis
2212 1195 2598 1250 annuntiabant
2628 1197 2676 1251 ei

2148 1324 2340 1379 XLIV.
2373 1325 2617 1393 Quonam
2648 1335 2808 1382 modo
2832 1324 3123 1405 Dominum
3163 1325 3497 1405 reliquerint,
3526 1328 3644 1384 Ior-

2072 1416 2397 1474 nicationem
2446 1429 2626 1475 autem
2668 1406 3041 1486 custodierint,
3073 1419 3356 1476 manifeste
3387 1422 3645 1477 ostendit.

2076 1508 2447 1565 lnstitutorem
2480 1511 2624 1566 enim
2656 1526 2775 1567 cum
2808 1511 3044 1567 seductis
3081 1512 3422 1583 conspirasse
3465 1513 3643 1567 docet.

2073 1597 2142 1654 Et
2166 1614 2302 1668 quos
2329 1610 2773 1669 consentaneum,
2798 1601 2889 1658 vel
2924 1602 3104 1670 potius
3129 1604 3496 1658 necessarium
3527 1613 3648 1659 erat

2062 1690 2286 1747 divinas
2319 1689 2464 1762 leges
2505 1692 2681 1761 sequi,
2723 1700 2779 1747 et
2810 1705 2876 1747 eo
2904 1690 3174 1760 subjectos
3200 1693 3486 1759 adducere,
3522 1694 3645 1759 bos,

391 1776 522 1839 τοὺς
547 1774 1008 1846 ύπεζευγμένους,
1023 1776 1262 1845 τούτους,
1278 1778 1353 1842 ὡς
1375 1777 1531 1848 ἔφην,
1552 1778 1621 1832 τὰ
1642 1777 1739 1849 τῆς
1760 1776 1971 1846 πλάνης

2084 1790 2134 1838 ιη
2155 1783 2287 1851 dixi,
2317 1783 2647 1840 seductionis
2672 1783 2880 1853 piacula
2919 1784 3260 1838 committere
3294 1784 3510 1854 planum
3560 1781 3644 1837 ta-

392 1866 737 1936 πληροῦντας
786 1868 1108 1940 ἐγκλήματα
1142 1868 1411 1924 δείκνυσιν
1457 1870 1723 1943 ἐναργῶς.
1764 1870 1972 1943 ’ῌεσαν

398 1955 498 2025 μὲν
554 1954 662 2027 γὰρ
690 1955 825 2027 πρὸς
860 1956 1057 2022 αὐτούς
1101 1974 1269 2026 τινες,
1327 1958 1620 2031 μανθάνειν
1672 1958 1967 2027 ἐθέλοντες,

395 2046 707 2118 φησὶν,ἡτοι
728 2047 797 2102 τὰ
825 2048 1060 2119 ἐσόμενα
1073 2049 1256 2120 τυχὸν,
1283 2050 1449 2121 ἤγουν
1474 2049 1543 2104 τά
1575 2049 1694 2104 καθ’
1724 2051 1971 2118 ἑαυτοὺς,

395 2136 491 2189 καὶ
515 2139 573 2190 ἐν
600 2134 683 2200 οἷς
709 2137 776 2192 ἂν
804 2134 915 2193 εἷεν
948 2141 1177 2209 καιροῖς,
1209 2139 1243 2210 ἢ
1275 2140 1616 2211 πράγμασιν.
1658 2141 1722 2195 Oi
1755 2141 1812 2194 δὲ
1850 2141 1975 2204 τοὺς

393 2228 716 2299 προσιόντας
754 2231 946 2295 αὐτοῖς
986 2232 1170 2285 οὐκέτι
1192 2231 1345 2305 παρὰ
1370 2232 1506 2286 Θεοῦ
1542 2232 1613 2287 τά
1638 2232 1815 2288 τοιάδε
1849 2231 1974 2303 βού-

394 2319 577 2374 λεσθαι
607 2321 789 2393 ζητεῖν
804 2322 1196 2388 δυσσεσοῦντες
1228 2322 1533 2387 ἀνέπειθον,
1556 2324 1671 2378 ἀλλ’
1694 2326 1752 2378 ἐν
1772 2324 1976 2395 συμϐό-

400 2413 513 2476 λοις
575 2412 897 2484 ἐπηρώτων,
933 2414 1199 2480 τουτέστι,
1246 2415 1334 2470 διὰ
1379 2416 1623 2487 σημείων
1674 2416 1837 2470 τινῶν
1879 2417 1976 2471 καὶ

395 2504 770 2573 ἑπιτηρήσεων
795 2504 945 2575 παρά
978 2504 1085 2559 τῶν
1110 2504 1438 2576 ἀκαθάρτων
1468 2506 1796 2576 πνευμάτων
1835 2522 1976 2577 μαν-

400 2592 577 2648 θάνειν
610 2595 853 2665 ἐζήτουν.
897 2596 1164 2668 Καθάπερ
1191 2597 1382 2667 ἀμέλει
1414 2598 1509 2650 καὶ
1540 2598 1769 2669 Βαλαὰμ
1808 2615 1975 2652 κατα-

401 2685 754 2752 μαντεύεσθαί
792 2702 921 2740 ποτε
971 2687 1079 2741 τῶν
1123 2689 1182 2754 ἐξ
1220 2689 1436 2758 Ἰσραὴλ
1481 2690 1787 2759 ἐπεχείρειο
1820 2689 1979 2744 τοῦτο

406 2774 510 2842 γὰρ
537 2774 752 2827 ἐκέλευε
779 2776 911 2847 δρᾷ-δ
941 2776 1126 2831 Βαλὰκ
1156 2777 1268 2841 υίὸς
1292 2778 1465 2849 Βεὼρ.
1495 2779 1555 2831 ’0
1580 2779 1655 2845 δὲ,
1698 2799 1716 2832 ι
1750 2779 1978 2850 Ποίησόν

402 2882 514 2935 μοι,
555 2885 575 2917 ι
617 2866 800 2937 φησὶν,
841 2886 861 2919 ι
895 2859 997 2921 ὧδε
1038 2867 1179 2921 ἑπτὰ
1226 2868 1465 2940 βωμοὺς,
1512 2870 1608 2923 καὶ
1651 2871 1853 2941 σφάξον
1889 2888 1977 2941 μοι

399 2957 537 3010 ἑπτὰ
599 2957 854 3028 μόσχους,
913 2961 1006 3013 καὶ
1049 2960 1190 3014 ἐπτά
1232 2961 1441 3032 κριοὺς,
1490 2965 1587 3017 καὶ
1637 2962 1978 3033 πορεύσομαι

399 3045 680 3100 κατέναντι
704 3047 814 3100 τῶν
843 3048 1071 3105 οἰωνῶν.
1108 3070 1127 3103 ι
1160 3051 1229 3105 Ἢ
1250 3053 1361 3123 γὰρ
1392 3053 1520 3117 τοὺς
1564 3053 1811 3124 καρποὺς
1853 3053 1979 3116 τοὺς

401 3139 462 3191 ἐκ
522 3138 629 3191 τῶν
692 3137 892 3191 θυσιῶν
951 3139 1407 3211 ἀναθρώσκοντας

404 3231 508 3300 Ξπη
527 3247 584 3283 τε
607 3230 701 3283 καὶ
721 3232 893 3295 ὅπως,
925 3231 1061 3302 ὑψοῦ
1092 3250 1153 3285 τε
1180 3235 1273 3289 καὶ
1300 3235 1410 3288 ἀνω
1432 3233 1738 3289 διάττουσιν
1754 3249 1766 3261 ·
1795 3234 1828 3301 ἢ
1855 3233 1981 3298 τοὺς

407 3319 464 3372 ἐν
512 3321 681 3389 ἥπατι
763 3322 1113 3394 σφαδασμοὺς
1176 3324 1564 3396 περιαθροῦσιν
1616 3327 1667 3378 oi
1725 3324 1978 3378 δείλαιοι*

412 3412 574 3482 ἦγουν
604 3414 699 3477 τὰς
734 3415 791 3482 ἐξ
826 3416 1030 3471 οἰωνῶν
1054 3417 1514 3490 περιεργάζονται
1553 3420 1803 3489 πτήσεις.
1847 3418 1985 3470 Olm-

415 3504 689 3557 νοσκοπίαι
719 3506 793 3568 δὲ,
830 3509 920 3561 καὶ
962 3508 1219 3581 μαντικὴ,
1278 3510 1373 3563 καὶ
1425 3509 1604 3564 τοιάδε
1655 3509 1765 3562 τῶν
1796 3507 1983 3561 κακῶν

413 3594 508 3663 τῆς
532 3597 611 3658 εἰς
638 3595 788 3667 λῆξιν
808 3598 1045 3671 ἡκούσης
1083 3600 1403 3663 δυσσεϐείας
1424 3599 1770 3671 ἐγκλήματα,
1793 3598 1890 3652 καὶ
1918 3599 1977 3654 ἐν

404 3688 514 3750 τοῖς
544 3688 871 3754 κατωτάτοις
895 3691 994 3761 τῆς
1027 3691 1468 3763 είδωλολατρείας
1488 3691 1739 3762 ἔρχονται
1763 3691 1974 3761 μυχοῖς·

408 3797 428 3829 ι
467 3779 577 3832 Καὶ
608 3783 665 3834 ἐν
692 3781 909 3850 ράὁδοις
934 3783 1109 3837 αὐτῶν
1142 3782 1482 3855 ἀπήγγελλον
1508 3783 1678 3852 αὐτῷ.
1707 3801 1726 3835 ι
1774 3782 1985 3851 Ἀφικο-

408 3869 610 3938 μένοις,
635 3874 789 3942 φησι,
816 3871 954 3942 πρὸς
971 3873 1165 3935 αὐτοὺς
1188 3876 1302 3936 τοῖς
1326 3873 1388 3937 ἐξ
1422 3871 1658 3943 Ἰσραὴλ,
1682 3871 1776 3925 καί
1792 3889 1845 3924 τι
1874 3871 1984 3925 τῶν

405 3959 551 4012 ίδίων
576 3961 828 4013 διειδέναι
867 3961 1277 4025 σπουδάζουσιν,
1311 3962 1432 4033 οὐχὶ
1483 3961 1644 4031 μόνον
1682 3962 1741 4013 ἐν
1780 3959 1985 4031 συμϐό-

408 4056 539 4111 λοις,
570 4050 705 4102 ἀλλὰ
748 4052 843 4103 καὶ
869 4054 926 4103 ἐν
958 4051 1171 4119 ῥάϐδοις
1203 4052 1382 4105 αὐτῶν
1410 4050 1747 4122 ἀπήγγελλον
1779 4052 1981 4113 αὐτοῖς.

409 4139 637 4203 Τρόπος-
668 4138 727 4191 δὲ
770 4133 925 4202 οὗτος
973 4141 1191 4209 ἀπάτης
1234 4141 1441 4210 ἔτερος,
1500 4139 1890 4210 ραϐδομαντεία
1923 4141 1986 4194 τὸ

405 4230 619 4300 χρῆμα,
652 4231 746 4283 καὶ
774 4230 985 4302 εῢρεμά
1008 4248 1112 4284 που
1133 4232 1273 4303 τάχα
1315 4232 1411 4301 τῆς
1442 4230 1725 4286 Χαλδαίων
1767 4249 1985 4303 περιερ-

403 4319 548 4388 γίας.
606 4321 1062 4390 Κατεμαντεύετο
1110 4321 1218 4393 γάρ
1258 4320 1431 4386 οὕτως
1481 4322 1584 4393 τῆς
1639 4321 1987 4393 Ἰερουσαλὴμ

404 4409 896 4480 Ναϐουχοδονόσορ,
960 4412 1105 4465 καθά
1153 4412 1246 4465 καὶ
1293 4414 1322 4465 ό
1371 4411 1655 4473 θεσπέσιος
1707 4413 1987 4482 προφήτης

2077 1874 2171 1930 cit.
2202 1873 2381 1930 lerant
2409 1876 2553 1930 enim
2580 1875 2720 1955 apud
2749 1889 2843 1931 eos
2871 1873 3112 1945 quidam,
3148 1874 3344 1944 inquit,
3384 1881 3649 1928 eventura

2079 1969 2328 2032 fortasse,
2352 1966 2459 2038 75
2488 1976 2581 2022 aut
2607 1966 2709 2022 sibi
2734 1965 2913 2020 futura
2940 1965 3182 2021 volentes
3203 1978 3552 2036 cognoscere,
3590 1972 3649 2019 et

2079 2057 2137 2112 in
2169 2072 2288 2127 qua:
2318 2066 2584 2127 tempora,
2616 2064 2708 2111 aut
2754 2070 2935 2111 rerum
2975 2062 3173 2112 statum
3219 2054 3471 2110 devenire
3513 2068 3642 2122 pos-

2078 2155 2219 2204 sent.
2251 2147 2331 2202 Illi
2361 2161 2490 2202 vero
2520 2147 2584 2201 ad
2619 2160 2679 2202 se
2707 2144 3027 2202 adeuntibus
3068 2158 3172 2200 non
3212 2141 3344 2211 iam,
3366 2151 3427 2198 ut
3465 2158 3496 2197 a
3534 2144 3646 2197 Deo

2080 2237 2384 2307 huiusmodi
2431 2236 2802 2305 exquirerent,
2848 2235 3013 2306 impie
3058 2234 3390 2301 suadebant;
3453 2234 3547 2287 sed
3591 2234 3648 2288 in

2080 2327 2343 2401 symbolis
2370 2326 2796 2395 interrogabant,
2831 2325 2935 2380 hoc
2960 2332 3066 2389 est,
3099 2338 3197 2394 per
3222 2323 3373 2393 signa
3403 2322 3649 2392 quaedam

2080 2430 2136 2475 et
2158 2419 2565 2475 observationes
2596 2416 2666 2472 ab
2692 2416 2916 2485 impuris
2949 2414 3228 2486 spiritibus
3255 2413 3462 2468 discere
3484 2427 3649 2468 cona-

2080 2511 2310 2574 bantur;
2337 2507 2475 2563 sicut
2499 2514 2554 2561 et
2578 2504 2795 2561 Balaam
2821 2505 3110 2574 aliquando
3154 2505 3439 2559 adversum
3480 2501 3647 2557 Israel

2084 2600 2395 2655 vaticinium
2452 2597 2728 2660 lentabat;
2781 2598 2832 2651 id
2874 2597 3019 2652 enim
3075 2595 3255 2651 facere
3298 2594 3460 2650 Balac
3508 2593 3648 2647 .‘ilius

2082 2689 2219 2745 Beor
2247 2689 2533 2759 jubebaLt
2569 2687 2825 2751 Exstrue,
2873 2688 3068 2756 lnquit,
3123 2687 3253 2743 mihi
3306 2687 3394 2741 hic
3443 2696 3648 2754 septem

2084 2795 2229 2843 aras,
2259 2790 2312 2835 et
2347 2790 2520 2833 macta
2549 2780 2675 2833 mihi
2700 2789 2902 2848 septem
2937 2778 3154 2843 vitulos,
3177 2788 3232 2833 et
3274 2788 3478 2845 septem
3510 2777 3650 2832 arie-

2085 2877 2185 2935 tes,
2221 2879 2276 2925 et
2303 2869 2530 2938 captabo
2560 2870 2843 2939 augurium
2886 2869 2953 2924 ¹¹.
2991 2890 3010 2922 ι
3061 2870 3168 2923 Aut
3211 2870 3353 2923 enim
3394 2866 3576 2936 fruges
3618 2884 3650 2921 θ

2083 2962 2255 3017 sueris
2282 2959 2413 3016 focis
2442 2960 2751 3016 essilientes
2796 2960 3233 3024 considerabant,
3278 2972 3385 3028 quo
3422 2966 3479 3012 et
3512 2971 3651 3026 quo-

2112 3053 2244 3108 rodo
2276 3051 2612 3122 prosilirent;
2659 3061 2750 3105 aut
2793 3050 3176 3122 palpitationes
3225 3048 3484 3121 jecinoris
3528 3063 3650 3118 spe-

1482 3142 1978 3205 κατασκέπτονται,

2084 3142 2405 3197 culabantur
2431 3143 2650 3209 miseri;
2690 3152 2783 3197 aut
2815 3152 2963 3199 certe
2993 3143 3202 3198 volatus
3228 3143 3405 3197 avium
3439 3142 3652 3197 curiose

2082 3235 2465 3291 observabant.
2496 3234 2745 3304 Auspicia
2775 3250 2956 3305 porro,
2990 3245 3045 3290 et
3076 3235 3421 3299 divinatoria,
3461 3242 3513 3289 et
3546 3235 3649 3289 hu-

2078 3324 2376 3393 juscemodi
2422 3324 2579 3387 mala,
2612 3325 2839 3380 crimina
2874 3324 3169 3391 impietatis
3209 3332 3355 3390 sunt,
3391 3333 3444 3379 et
3476 3339 3538 3378 ex
3569 3324 3651 3378 in-

2083 3415 2230 3470 timis
2280 3412 2597 3469 idololatriae
2648 3412 2945 3467 visceribus
2988 3420 3331 3483 promanant.
3392 3429 3411 3461 ι
3472 3408 3539 3464 Ει
3593 3409 3647 3463 in

2082 3508 2251 3578 virgis
2275 3506 2389 3563 suis
2414 3504 2807 3560 annuntiabant
2854 3503 2924 3557 ei.
2979 3522 3000 3555 ι
3062 3500 3410 3557 Venientibns
3475 3501 3539 3553 ad
3591 3514 3651 3555 se

2081 3596 2362 3663 lsraelitis,
2418 3595 2613 3664 inquit,
2648 3603 2703 3647 et
2746 3592 2947 3662 aliquid
2984 3602 3203 3647 suarum
3261 3605 3446 3645 rerum
3493 3604 3650 3645 nosse

2084 3688 2438 3750 studentibus,
2469 3700 2572 3741 non
2614 3685 2773 3738 modo
2813 3685 2864 3737 in
2898 3682 3180 3753 symbolis,
3235 3680 3328 3735 sed
3384 3680 3543 3733 etiam
3594 3681 3647 3733 in

2083 3777 2250 3846 virgis
2277 3776 2510 3843 ipsorum
2541 3770 2932 3825 annuntiabant
2960 3770 3059 3824 eis.
3088 3769 3185 3821 Est
3216 3768 3304 3822 hic
3330 3767 3467 3822 alter
3497 3767 3651 3821 falla-

2085 3868 2184 3922 ciae
2215 3867 2423 3926 modus,
2455 3863 2718 3918 divinatio
2752 3876 2847 3931 per
2889 3860 3084 3929 virgas,
3134 3868 3188 3916 et
3243 3860 3540 3925 inventum,
3594 3859 3648 3912 ni

2086 3955 2261 4021 fallor,
2290 3952 2596 4008 Chaldaicae
2623 3951 2974 4005 curiositatis.
3008 3948 3099 4004 Sic
3140 3950 3285 4004 enim
3329 3958 3515 4004 contra
3559 3946 3651 4002 Je-

2086 4047 2319 4102 rusalem
2349 4045 2626 4098 divinabat
2650 4042 3145 4097 Nabuchodonosor
3172 4041 3237 4105 “,
3262 4041 3399 4095 sicut
3430 4050 3482 4093 et
3515 4039 3652 4093 divi-

2087 4152 2187 4192 nus
2214 4136 2477 4206 propheta
2504 4131 2753 4187 Ezechiel
2805 4140 3050 4185 testatur.
3099 4128 3239 4206 Duas
3279 4128 3421 4181 enim
3473 4126 3652 4196 virgas

2087 4205 2407 4286 statuentes,
2462 4222 2657 4277 deinde
2700 4219 2915 4274 arcanis
2967 4205 3287 4287 quibusdam
3330 4216 3505 4271 verbis
3556 4231 3651 4271 eas

2090 4316 2451 4374 incantantes,
2479 4320 2538 4364 ut
2564 4318 2754 4379 agente
2791 4305 3003 4361 diabolo
3053 4305 3413 4375 prociderent,
3457 4313 3510 4358 et
3561 4319 3652 4358 ca-

2091 4405 2279 4459 dentes
2310 4416 2521 4456 rursum
2545 4398 2922 4462 observabant,
2960 4404 3138 4450 utrum
3176 4410 3427 4463 prorsum
3453 4409 3517 4447 an
3569 4410 3652 4445 re.-

403 4499 568 4568 φησὶν
626 4499 907 4569 Ἰεζεχιήλ.
962 4499 1066 4552 Δύο
1124 4502 1232 4571 γὰρ
1277 4499 1523 4563 ἱστάντες
1572 4480 1821 4569 ῥάϐδους,
1866 4480 1980 4551 εἶτά

2092 4505 2346 4558 trorsum,
2377 4497 2427 4548 in
2459 4480 2709 4548 dﬁtrum
2763 4506 2829 4543 an
2861 4490 2913 4543 in
2944 4489 3221 4543 sinistrum
3248 4487 3543 4539 ferrentur.
3567 4485 3655 4538 Sic

403 4606 528 4641 τινα
575 4589 682 4641 τῶν
706 4591 1035 4661 ἀπορρήτων
1055 4591 1238 4654 αὐτοῖς
1271 4590 1687 4660 κατεπᾴδοντες,
1724 4587 1985 4642 κατακλί-

408 4680 595 4733 νεσθαι
625 4679 1042 4751 παρεσκεύαζον
1055 4682 1178 4745 ταῖς
1194 4680 1300 4734 τῶν
1325 4681 1613 4752 δαιμονίων
1655 4680 1977 4750 ἐνεργείαις.

408 4769 519 4821 Καὶ
548 4769 847 4834 πιπτούσας
893 4771 1193 4840 ἐπετήρουν
1220 4771 1342 4824 ὅποι
1385 4770 1632 4840 φέροιντο
1664 4766 1847 4831 πάλιν,
1888 4767 1985 4819 πόο

406 4877 566 4929 τερον
599 4859 725 4912 εὐθὺ
770 4860 805 4929 ἢ
855 4860 1068 4923 ἀνόπιν,
1118 4860 1199 4922 είς
1256 4857 1491 4929 δεξιὸνῆ
1548 4858 1628 4921 εἰς
1681 4855 1981 4924 εὐώνυμον.

407 4949 566 5004 Οὕτω
591 4967 648 5002 τε
671 4949 856 5004 λοιπὸν
874 4951 933 5004 τὺ
950 4951 1140 5004 δοκοῦν
1160 4952 1270 5013 τοῖς
1290 4949 1601 5018 προσιοῦσιν
1618 4946 1981 5017 ἀπήγγελλον;

408 5040 579 5093 Τοῦτό
611 5042 729 5093 ἐστι
776 5043 835 5094 τὸ
860 5082 876 5107 ,
918 5062 936 5094 ι
959 5042 1048 5095 Ἐν
1080 5041 1297 5113 ῥάϐδοις
1334 5039 1727 5112 ἀπήγγελλον.»
1762 5036 1986 5090 Πάνδει-

408 5149 500 5184 νον
534 5129 626 5183 οὖν
656 5130 892 5199 άληθῶς,
927 5134 1008 5186 ὅτι
1031 5132 1139 5187 τῶν
1183 5132 1357 5187 ἄλλων
1401 5133 1449 5183 οἱ
1501 5128 1859 5197 παιδαγωγοὶ,
1893 5126 1987 5179 καὶ

407 5223 545 5293 πρὸς
569 5224 631 5276 τὸ
666 5224 744 5294 τῷ
766 5222 883 5294 Θεῷ
906 5225 1052 5293 φίλον
1093 5225 1449 5299 ἀποκομίζειν
1472 5220 1575 5276 οἶοί
1612 5238 1693 5288 τε,
1726 5221 1820 5274 καὶ
1849 5218 1985 5272 πλα-

408 5315 600 5367 νᾶσθαι
653 5314 1085 5386 παρεσκεύαζον,
1155 5317 1249 5370 καὶ
1387 5329 1553 5383 φησιν
1600 5312 1628 5364 ὁ
1684 5312 1990 5380 προφήτης,

415 5405 654 5459 «Μανίαν
695 5410 753 5459 ἐν
784 5405 920 5476 οἴκῳ
949 5407 1153 5477 Κυρίου
1192 5405 1528 5475 κατέπηξαν.
1572 5420 1590 5453 ι
1625 5401 1837 5455 Μανίαν
1884 5398 1992 5466 γάρ

414 5512 544 5565 φησι
568 5496 665 5567 τὴν
690 5497 1137 5567 ψευδομαντείαν.
1179 5495 1594 5567 Ὑποκρίνονται
1617 5491 1724 5563 γὰρ
1755 5492 1804 5543 οἱ
1826 5486 1994 5541 τοιοῦ·

412 5587 642 5657 τοιδρᾷν
662 5588 932 5653 εἰωθότες,
962 5587 1098 5660 μηδὲ
1143 5587 1337 5641 ειδέναι
1362 5585 1566 5650 λοιπὸν,
1601 5580 1833 5650 ὂποιπέρ
1865 5579 1991 5631 εἰσι.

492 5758 537 5790 ’⁸
562 5757 668 5813 Jer.
703 5777 751 5829 ν,
784 5764 874 5827 ‘20,
913 5766 978 5817 Ἣ
1089 5765 1127 5795 ¹¹
1156 5762 1312 5817 Num.
1341 5777 1497 5828 χχιιι,
1537 5761 1586 5818 l.
1666 5760 1707 5791 "
1746 5757 1941 5811 Εῑίεςιι-
1977 5765 2090 5810 XX"
2123 5746 2340 5814 Ρίιςεῖεηι

2092 4587 2342 4655 deinceps
2376 4585 2516 4653 quod
2552 4583 2659 4637 illis
2705 4581 2951 4651 placebat
2998 4578 3378 4633 accedentibus
3437 4577 3654 4629 nuntia—

2089 4676 2237 4731 bant.
2272 4676 2383 4731 Hoc
2412 4675 2511 4731 sibi
2545 4673 2675 4740 vult,
2706 4673 2846 4742 quod
2878 4672 2971 4733 ait.
3008 4689 3025 4720 ι
3069 4670 3123 4724 in
3158 4669 3323 4739 virgis
3363 4669 3655 4721 annuntia-

2089 4768 2237 4823 bant.
2281 4786 2299 4819 ι
2345 4765 2485 4820 Vere
2532 4764 2694 4834 igitur
2740 4762 3185 4832 insignissimum,
3232 4761 3373 4829 quod
3423 4758 3652 4811 aliorum

2091 4857 2353 4927 magistri,
2388 4865 2439 4910 et
2462 4854 2549 4923 qui
2573 4854 2640 4909 ad
2660 4854 2823 4917 Deum
2846 4863 3069 4906 caeteros
3094 4851 3360 4904 adducere
3383 4857 3653 4917 poterant,

2092 4950 2252 5001 etiam
2286 4945 2645 5008 abducebant,
2675 4954 2730 4998 et
2758 4952 2817 4996 ut
2844 4942 2918 4995 ait
2945 4939 3203 5010 propheta
3247 4953 3265 4993 :
3314 4954 3335 4988 ι
3388 4935 3654 4990 Insaniam

2091 5036 2144 5089 in
2172 5037 2327 5089 domo
2363 5033 2452 5087 Dei
2482 5035 2819 5087 contixerunt
2843 5032 2906 5086 ".
2952 5049 2970 5081 ι
3012 5030 3275 5082 Insaniam
3303 5027 3445 5080 enim
3468 5039 3657 5079 emen-

2091 5127 2246 5179 titum
2283 5123 2593 5177 vaticinium
2632 5121 2881 5191 appellat.
2929 5118 3193 5172 Simulant
3240 5116 3383 5169 enim
3414 5115 3502 5184 qui
3538 5115 3658 5168 istis

2092 5219 2219 5271 dant
2250 5230 2490 5285 operam,
2524 5229 2623 5267 nec
2655 5214 2795 5269 scire
2817 5228 2874 5265 se
2897 5209 3126 5277 amplius
3151 5207 3237 5261 ubi
3261 5207 3389 5262 sint.
3415 5205 3658 5260 lnsanire

2093 5311 2234 5365 enim
2267 5323 2359 5361 eos
2390 5314 2444 5359 et
2488 5305 2669 5357 divino
2699 5306 2880 5357 furore
2924 5301 3179 5368 percitos,
3230 5306 3287 5351 ut
3313 5297 3441 5353 deos
3472 5296 3657 5366 plenus

2093 5397 2310 5466 quidam
2358 5392 2693 5447 dictitabant.
2719 5391 3040 5460 lgnorahant
3077 5389 3272 5457 quippe
3310 5388 3656 5442 seductorum

2095 5502 2187 5539 cor
2210 5483 2602 5535 immundorum
2639 5482 2923 5549 spirituum
2950 5478 3093 5532 velut
3129 5479 3451 5533 domicilium
3489 5478 3657 5543 quod-

2096 5576 2245 5636 dam,
2273 5578 2326 5624 et
2353 5568 2657 5636 speluncam
2683 5583 2822 5624 esse.

2424 5741 2461 5771 ‘3
2497 5738 2629 5793 Osce
2660 5756 2732 5806 Ix,
2765 5743 2797 5796 8
