4098 6276
487 403 585 464 151

1471 404 1528 461 S.
1566 402 1839 461 CYRILLI
1877 401 2349 461 ALEXANDRINI
2388 400 2710 459 ARCIIIEP.

3644 399 3748 457 ὶδέ

487 518 915 590 ὶὶαίνεσθαιγάρ
941 520 1154 585 αὐτοὺς,
1181 520 1274 574 καὶ
1306 518 1589 589 ὲνθουσιᾷν
1630 519 1867 588 ἔφασκόν
1901 536 2065 582 τινες,
2103 520 2178 583 ὼς
2209 521 2353 574 θείου
2385 518 2869 589 πεπληρωμένους.
2910 518 2985 572 Οὐ
3020 518 3128 590 γὰρ
3177 518 3374 589 ᾔδεσαν
3419 516 3744 589 ἀκαθάρτων

512 632 566 665 τι
614 613 723 664 τῶν
792 611 1114 681 πνευμάτων
1162 607 1310 683 οἶκος
1364 610 1558 682 ὥσπερ
1604 627 1689 673 τις
1740 610 1835 662 καὶ
1877 609 2143 680 σπήλαιον
2198 613 2233 681 ὴ
2303 611 2412 663 τῶν
2452 609 2816 680 πλανωμένων
2842 611 2961 663 ἐστὶ
2989 609 3206 681 καρδία.

556 703 718 756 Vens.
755 702 839 756 l5.
870 700 1454 772 Spiritufornicationis
1484 703 1687 757 seducti
1712 710 1856 767 sunt,
1875 711 1923 756 et
1947 703 2044 770 for-

2231 703 2529 773 Πνεύματι
2560 704 2842 770 πορνείας
2866 702 3325 769 ἐπλανήθησαν,
3359 700 3457 755 καί
3495 700 3745 768 ἐξεπόρ-

485 794 648 846 nieati
689 801 810 845 sunt
849 810 881 845 a
904 792 1013 846 Deo
1040 794 1295 860 ipsorum.
1333 794 1506 861 Super
1554 794 1766 847 uertices
1804 796 2062 848 montium

484 881 874 946 sacriﬁcabant,
904 882 1014 952 76
1048 893 1094 934 et
1128 897 1289 949 super
1310 882 1467 943 colles
1506 883 1852 938 immolabant
1887 885 2065 938 subter

481 988 749 1042 quercum,
772 981 821 1025 et
842 972 1116 1040 pupulum,
1141 980 1189 1025 et
1208 973 1446 1026 arborem
1469 973 1789 1042 umbrosam,
1823 978 1951 1046 quia
1973 978 2064 1032 bo.

482 1078 608 1117 num
634 1063 1024 1116 umbraculum.

553 1152 717 1207 XLV.
754 1151 869 1205 Non
896 1152 1013 1206 sine
1047 1152 1272 1225 impuris
1295 1161 1350 1208 et
1383 1153 1632 1225 malignis
1668 1155 1950 1226 spiritibus
1980 1165 2062 1213 ta-

481 1244 552 1299 lia
587 1243 702 1298 ﬁeri
754 1242 1035 1313 perspicue
1055 1244 1230 1299 docet.
1272 1245 1446 1301 Omne
1464 1248 1663 1302 etenim
1694 1264 1869 1318 genus
1892 1251 2062 1307 scele-

480 1336 559 1391 ris
591 1344 645 1390 et
692 1336 761 1390 ab
792 1336 925 1406 ipsis
956 1335 1338 1406 proﬁciscitur,
1374 1345 1427 1391 et
1455 1338 1589 1393 nihil
1624 1340 2058 1409 turpissimarum

480 1442 663 1482 rerum
710 1441 817 1481 non
875 1436 1283 1495 consectantur,
1311 1430 1402 1499 qui
1441 1444 1629 1486 eorum
1667 1433 1930 1488 voluntati
1965 1434 2061 1489 ob-

482 1527 782 1588 temperare
825 1519 1197 1574 decreverunt.
1230 1517 1411 1589 Inquit
1445 1535 1597 1592 ergo,
1637 1540 1656 1574 ι
1682 1522 1903 1579 Seducti
1935 1533 2060 1579 sunt

477 1610 669 1681 spiritu
706 1610 1104 1677 fornicationis,
1131 1629 1151 1664 ι
1186 1621 1241 1667 et
1269 1628 1300 1666 a
1326 1611 1436 1668 Deo
1463 1612 1778 1683 longissime
1817 1619 2056 1686 separati

472 1710 627 1765 sunt,
649 1700 944 1769 voluptatis
966 1709 1231 1766 amantes,
1258 1702 1389 1757 etin
1435 1704 1692 1772 operibus
1710 1705 2059 1764 idolotatricis

475 1791 662 1846 carnis
688 1791 1052 1845 demulcendat
1079 1791 1518 1848 com-moditatem
1554 1796 1924 1863 quanritantes.
1953 1798 2056 1855 Sa-

475 1880 796 1937 criﬁcabant
823 1880 987 1948 enim,
1013 1881 1177 1936 colles
1202 1890 1258 1937 et
1292 1891 1502 1939 montes
1538 1888 1979 1953 conscendentes,
2002 1897 2057 1944 et

476 1972 710 2026 terrenis
743 1971 1157 2036 celsitudinibus
1193 1974 1468 2029 daemonas
1505 1976 1607 2031 sub
1636 1986 1836 2033 terram
1869 1981 2054 2036 detru-

2162 809 2394 847 νευσαν
2424 793 2541 847 ἀπὸ
2567 791 2677 846 τοῦ
2711 792 2861 846 Θεοῦ
2895 791 3113 846 αὐτῶν.
3146 790 3277 845 Ἐπί
3318 790 3426 856 τὰς
3473 792 3742 857 κορυφὰς

2161 881 2281 937 τῶν
2310 884 2495 952 ὀρέων
2520 882 2853 948 ἐθυσίαζον,
2876 883 2971 937 καὶ
2993 882 3092 936 ἐπὶ
3119 881 3255 946 τοὺς
3279 878 3550 945 ,βουνοὺς
3564 879 3738 933 ἔθυον

2161 976 2437 1030 ὑποκάτω
2492 975 2696 1043 δρυὸς,
2743 976 2843 1030 καὶ
2886 975 3135 1041 λεύκης,
3181 972 3282 1027 καί
3331 971 3584 1039 δένδρου
3627 984 3734 1024 συ-

2161 1067 2531 1133 σκιάζοντος,
2560 1066 2652 1121 ὅτι
2694 1067 2889 1121 καλέν
2913 1066 3135 1135 σκέπη.

2230 1160 2364 1214 ME'.
2405 1159 2527 1211 Ὅτι
2551 1159 2624 1229 μὴ
2645 1158 2767 1229 δίχα
2786 1159 3114 1229 πνευμάτων
3142 1157 3252 1211 τῶν
3279 1156 3610 1228 ἀκαθάρτων
3647 1158 3738 1212 καὶ

2161 1252 2416 1325 πονηρῶν
2439 1253 2508 1307 τά
2529 1253 2707 1307 τοιάδε
2724 1252 3047 1322 πράττεται,
3063 1250 3304 1304 διδάσκει
3325 1249 3534 1318 σαφῶς.
3555 1248 3738 1303 Ἀπαν

2158 1342 2268 1414 γὰρ
2297 1342 2439 1409 εῐδοςι
2477 1344 2827 1416 φαυλότητος,
2878 1343 3009 1415 παρ’
3039 1341 3265 1396 ἐκείνων
3309 1341 3449 1398 ἑστι.
3486 1341 3597 1394 Καὶ
3627 1341 3737 1398 τῶν

2160 1436 2453 1506 αἰσχίστων
2507 1437 2659 1490 οὐδὲν
2700 1434 3120 1505 ἀνεπιτήδευτον
3159 1435 3273 1495 τοῖς
3318 1431 3389 1485 τά
3421 1431 3605 1494 αὐτοῖς
3654 1431 3737 1485 ὁο-

2158 1528 2361 1583 κοῦντα
2387 1527 2629 1599 πληροῦν
2652 1528 2972 1601 ᾑρημένοις.
3014 1546 3034 1577 ι
3067 1525 3447 1595 Πεπλάνηνται
3481 1542 3502 1578 ι
3532 1522 3734 1588 τοίνυν,

2160 1618 2326 1688 φησὶ,
2385 1637 2405 1671 ι
2446 1619 2720 1690 πνεύματι
2789 1619 3047 1689 πορνείας
3078 1657 3094 1682 ,
3129 1636 3148 1670 ι
3201 1617 3298 1671 καὶ
3346 1616 3424 1681 ὡς
3478 1617 3735 1673 ἀποτάτω

2157 1712 2410 1779 γεγόνασι
2466 1710 2558 1764 τοῦ
2610 1710 2767 1765 Θεοῦ.
2806 1710 3082 1782 Φιλήδονοί
3121 1726 3182 1763 τε
3227 1709 3589 1780 ὑπάρχοντες,
3640 1709 3735 1763 καὶ

2158 1802 2514 1873 φιλοσαρκίας
2562 1802 2818 1874 ἀφορμὴν
2863 1801 2932 1856 τὰ
2979 1801 3080 1872 τῆς
3131 1801 3544 1873 εἰδωλολατρίας
3595 1800 3732 1873 ἔργα

2156 1892 2489 1964 ποιούμενοι.
2520 1893 2715 1948 Ἐθυον
2728 1896 2860 1966 γάρ,
2877 1892 3097 1964 βουνούς
3121 1911 3179 1948 τε
3204 1894 3299 1947 καὶ
3324 1893 3423 1966 ὅρη
3449 1893 3734 1965 καταλαμ-

2153 1982 2427 2049 ϐάνοντες,
2486 1985 2582 2039 καὶ
2628 1985 2838 2055 γηῒνοις
2889 1984 3151 2056 ὑψώμασι
3193 1984 3255 2038 τὸ
3286 1984 3395 2038 τῶν
3439 1985 3733 2055 δαιμονίων

473 2077 566 2119 sos
593 2072 931 2119 venerantes.
976 2063 1177 2119 Deinde
1220 2065 1332 2119 aris
1375 2067 1475 2121 sub
1502 2083 1727 2137 quercu,
1763 2079 1820 2125 et
1859 2072 2044 2142 populo

2153 2079 2523 2153 χαμαιρριφὲς
2567 2077 2982 2150 θεραπεύοντες.
3027 2075 3161 2132 Εἶτα
3210 2077 3428 2148 βωμοὺς
3471 2077 3732 2131 ὑποκάτω

471 2155 743 2222 excitatis,
756 2157 1140 2226 operabantur,
1166 2156 1438 2227 nymphis,
1466 2158 1693 2215 forsitan
1728 2162 2051 2236 hamadrya-

473 2245 629 2300 dibus
669 2244 970 2301 secundum
1013 2246 1266 2317 ﬁgmenta
1304 2246 1640 2317 Graecorum,
1672 2254 1929 2309 honorem
1971 2256 2047 2310 is.

468 2344 585 2392 tum
611 2347 910 2393 sacrantes.
941 2335 1198 2393 Scribunt
1222 2340 1366 2395 enim
1400 2342 1612 2398 illorum
1665 2357 1835 2413 poeta:
1861 2349 2051 2416 praeci-

467 2429 584 2498 pui,
610 2436 664 2482 et
703 2428 923 2497 stirpes,
955 2436 1009 2482 et
1041 2428 1185 2497 ligna
1213 2433 1384 2486 amari
1416 2434 1484 2487 ab
1526 2433 1750 2502 impuris
1790 2437 2049 2490 daemoni-

469 2519 591 2584 bus,
624 2531 745 2587 qua:
785 2517 916 2588 ipsis
947 2520 1126 2573 nescio
1149 2535 1256 2588 quo
1286 2523 1446 2576 modo
1476 2524 1739 2592 nymphas
1767 2527 2050 2580 nominare

466 2607 814 2678 complacuit.
865 2606 1050 2662 Visum
1087 2609 1253 2678 igitur
1290 2610 1420 2676 illis,
1455 2611 1651 2682 inquit,
1679 2617 1872 2669 sectari
1924 2632 2046 2670 um-

468 2702 618 2764 bras,
650 2709 702 2755 et
749 2700 804 2755 in
850 2700 1233 2756 virentissimis
1273 2703 1501 2759 saltibus
1533 2706 1741 2762 deliciis
1777 2711 2045 2774 enervari,

471 2791 860 2863 laudantesque
902 2794 1104 2863 dicere,
1153 2795 1321 2863 «quia
1365 2796 1561 2851 bonum
1601 2798 1995 2854 umbrticulum.
2020 2819 2041 2853 ι

468 2885 654 2956 Itaque
680 2901 867 2941 amans
893 2884 1186 2955 voluptatis
1214 2900 1318 2939 non
1345 2887 1679 2955 poteritesse
1713 2904 1902 2945 amans
1930 2889 2044 2945 Dei.

468 2975 857 3032 Testimonium
903 2977 1037 3030 feret
1084 2977 1305 3044 Paulus,
1353 2979 1540 3032 dicens
1593 2980 1659 3033 de
1698 2980 2042 3048 quibusdam,

516 3083 637 3124 esse
683 3068 1016 3137 voluptatum
1061 3078 1334 3122 amatores
1375 3069 1548 3139 magis
1586 3084 1746 3140 quam
1797 3072 1889 3126 Dei
1926 3072 1989 3127 “.

469 3160 617 3216 Beati
641 3174 768 3229 ergo
796 3160 886 3228 qui
943 3160 1102 3214 modo
1125 3158 1312 3231 lugent
1342 3159 1408 3226 “',
1439 3171 1496 3215 ut
1523 3161 1654 3217 dicit
1692 3160 1956 3229 Salvator,
1990 3172 2046 3220 et

469 3252 727 3324 patientia
769 3253 821 3305 in
861 3250 1132 3307 laboribus
1185 3252 1408 3309 utilibus
1441 3253 1782 3324 suspicienda
1823 3269 2045 3326 magno-

468 3356 596 3414 pere
626 3356 692 3397 ac
718 3342 990 3413 diligenda
1029 3352 1131 3397 est.

436 3494 457 3507 ‘
543 3432 704 3489 Vsus.
738 3433 827 3488 M.
863 3433 1150 3502 Propterea
1215 3435 1619 3505 fornicabuntur
1656 3438 1788 3505 ﬁlia!
1832 3447 2033 3505 vestrm,

466 3533 516 3579 et
541 3541 745 3594 sponsa:
775 3537 955 3581 veslrw
986 3527 1396 3581 niteo/tabantur.
1417 3529 1485 3580 Et
1516 3545 1616 3582 non
1644 3529 1859 3583 visitabo
1888 3544 2043 3599 super

466 3615 606 3683 ﬁlias
634 3625 830 3670 vestras
862 3633 979 3670 cum
1009 3619 1289 3686 fornicata?
1319 3618 1537 3688 fuerint,
1574 3632 1620 3672 et
1648 3636 1803 3687 super
1826 3638 2043 3687 sponsas

465 3716 681 3770 vestras,
712 3724 828 3760 cum
870 3707 1187 3761 adulterata:
1227 3706 1465 3776 fuerint;
1504 3710 1751 3778 quoniam
1788 3709 1889 3775 ipsi
1925 3726 2043 3763 cum

465 3799 822 3853 meretricibus
848 3799 1338 3865 eommiscebuntur,
1369 3808 1419 3854 et
1446 3816 1562 3854 cum
1600 3801 1824 3854 initiatis
1861 3802 2043 3857 intuta-

463 3886 667 3941 labant.

536 3972 721 4032 XLVI.
741 3978 876 4043 Quia
903 3980 1069 4046 enim,
1100 3979 1295 4048 inquit,
1327 3979 1583 4034 eximium
1614 3982 1865 4049 quiddam
1889 3983 2040 4037 vide-

465 4077 574 4137 tur,
604 4070 704 4123 sub
734 4069 929 4124 arbore
951 4079 1005 4125 et
1033 4070 1238 4125 umbris
1263 4072 1493 4126 emolliri
1535 4082 1696 4141 atque
1728 4073 1968 4136 dissolvi,
1987 4082 2042 4127 et

462 4160 720 4232 voluptati
754 4160 989 4218 duxistis
1010 4164 1151 4234 quod
1184 4165 1313 4219 mihi
1351 4164 1618 4235 displicet,
1653 4166 2039 4220 exsecrabilem

460 4252 714 4307 videlicet
753 4256 1124 4309 seductionem
1168 4265 1223 4310 et
1263 4257 1656 4312 inununditiam
1698 4273 1713 4311 :
1756 4267 2036 4327 prOpterea

461 4343 871 4399 lornicabuntur
910 4345 1030 4399 lilia:
1064 4354 1284 4413 vestrm;
1313 4362 1524 4415 sponsa:
1555 4357 1759 4412 autem,
1803 4349 1905 4402 hoc
1927 4359 2034 4412 est,

463 4424 693 4490 ﬁliorum
746 4449 978 4500 uxores,
1029 4435 1292 4489 adulteria
1344 4438 1750 4505 pcrpctrabunt.
1805 4438 1867 4490 Et
1911 4453 2036 4490 cum

462 4528 576 4581 haec
614 4528 960 4597 contigerint,
993 4527 1267 4596 quiescam
1309 4535 1363 4579 et
1389 4541 1507 4595 ego,
1543 4542 1641 4581 nec
1672 4526 1919 4580 visitabo.
1946 4527 2037 4581 V’i-

459 4619 615 4672 detur
636 4632 765 4671 sane
796 4631 889 4686 per
916 4618 1028 4670 base
1059 4617 1241 4670 clades
1270 4615 1413 4680 belli,
1433 4627 1480 4669 et
1506 4617 1845 4669 incommoda
1866 4616 2037 4685 Capti-

2151 2168 2313 2240 δρυὸς
2361 2168 2455 2222 καὶ
2503 2168 2702 2240 λεύκης
2744 2170 3071 2240 ἐγείροντες,
3132 2171 3410 2241 προσῆγον
3462 2169 3726 2235 σπονδὰς,

2151 2260 2409 2329 νύμφαις,
2447 2259 2589 2328 τάχα
2621 2277 2725 2312 που
2752 2265 2872 2324 ταῖς
2901 2262 3233 2332 ἁμαδρυάσι,
3274 2261 3414 2315 κατά
3442 2261 3568 2325 τοὺς
3608 2260 3727 2314 Ἐλ-

2152 2347 2326 2418 λήνων
2359 2349 2579 2419 μύθους,
2607 2350 2771 2420 τιμάς
2797 2351 3236 2421 ἀποπέμποντες.
3262 2354 3403 2407 Φασὶ
3420 2353 3528 2424 γὰρ
3545 2355 3594 2406 οἱ
3618 2352 3726 2405 τῶν

2162 2435 2429 2506 Ἑλλήνων
2446 2440 2668 2509 ποιηταὶ
2698 2441 2792 2494 καὶ
2810 2440 3053 2508 λογάδες,
3089 2443 3184 2495 καὶ
3201 2443 3404 2511 φυτῶν,
3432 2444 3530 2497 καὶ
3558 2442 3726 2509 ξύλων

2153 2526 2283 2597 ὲρᾷν
2311 2527 2437 2591 τοὺς
2457 2529 2799 2602 ἀκαθάρτους
2814 2532 3091 2603 δαίμονας,
3111 2534 3146 2588 ἃ
3177 2535 3394 2605 νύμφας
3421 2536 3721 2608 ὠνόμαζον,

2151 2616 2290 2669 κατὰ
2304 2616 2366 2670 τὸ
2375 2619 2557 2682 αὐτοῖς
2575 2621 2675 2673 οὐκ
2701 2618 2798 2674 οἷδ’
2814 2624 2962 2687 ὅπως
2975 2624 3186 2679 δοκοῦν.
3205 2625 3406 2679 Ἐδόκει
3423 2628 3604 2683 τοίνυν
3630 2627 3725 2679 αὐ-

2148 2708 2260 2769 τοῖς
2287 2707 2666 2779 ἀποδέχεσθαι,
2687 2713 2956 2784 φησὶμτάς
2986 2716 3163 2782 σκιὰς,
3185 2717 3282 2771 καὶ
3315 2717 3422 2771 ὑπὸ
3442 2722 3552 2783 τοῖς
3567 2719 3726 2773 εὐαν-

2149 2798 2425 2864 θεστάτοις
2458 2801 2792 2873 θρύπτεσθαι
2829 2804 3055 2877 δρυμοῖς
3076 2821 3090 2838 ⁸
3129 2809 3376 2864 ἐπαινεῖν
3403 2827 3464 2864 τε
3517 2810 3612 2865 καὶ
3637 2809 3726 2864 λέ-

2147 2908 2265 2961 γειν
2285 2910 2300 2926 ’
2334 2912 2352 2945 ι
2365 2894 2483 2947 ’Ότι
2508 2894 2672 2949 καλὸν
2687 2895 2887 2967 σκέπη.
2901 2916 2920 2949 r
2942 2896 3153 2953 Οὐκοῦν
3169 2899 3196 2949 ό
3209 2901 3507 2970 φιλήδονος,
3544 2904 3639 2955 οὐκ
3656 2901 3729 2957 ἂν

2147 2987 2355 3055 γένοιτο
2385 2986 2480 3041 καὶ
2516 2988 2781 3058 φιλόθεος.
2811 2989 2922 3042 Καὶ
2952 2994 3292 3062 μαρτυρήσει
3326 2994 3499 3061 λέγων
3525 2998 3553 3047 ὁ
3579 2996 3727 3049 Παῦ-

2145 3076 2236 3142 λος
2268 3079 2394 3149 περί
2426 3095 2610 3146 τινων,
2641 3082 2725 3134 ὅτι
2755 3080 3027 3151 φιλήδονοι
3078 3081 3278 3152 μᾶλλόν
3317 3084 3476 3149 είσιν,
3504 3085 3537 3155 ἢ
3569 3085 3724 3153 φιλό-

2145 3169 2278 3225 θεοι.
2310 3171 2586 3242 Μακάριοι
2614 3171 2679 3245 δὴ
2710 3167 2803 3226 οὖν
2828 3173 2878 3226 οἱ
2905 3172 3228 3238 πενθοῦντες
3252 3172 3367 3237 νῦν,
3393 3173 3537 3230 καθά
3556 3191 3725 3246 φησιν

2141 3266 2185 3337 ὁ,
2211 3264 2421 3336 Σωτὴρ,
2450 3264 2622 3318 καὶτὸ
2649 3266 2924 3337 τληπαθὲς
2953 3266 3033 3329 είς
3063 3266 3259 3331 πόνους
3277 3267 3403 3331 τοὺς
3421 3266 3723 3337 ὲπωφελεῖς

2142 3357 2328 3429 τιμᾷν,
2363 3357 2444 3411 ὅτι
2480 3357 2713 3430 μάλιστα
2736 3359 2830 3413 καὶ
2854 3359 3095 3431 ἀγαπᾷν.

2214 3449 2318 3504 Διὰ
2345 3448 2523 3504 τοῦτο
2555 3450 3076 3520 ἐκπορνεύσουσιν
3104 3450 3165 3503 ai
3194 3447 3513 3518 θυγατέρες
3532 3447 3715 3519 ὑμῶν,

2143 3543 2241 3597 καὶ
2273 3544 2333 3597 αἱ
2364 3542 2593 3612 νῦμςραι
2610 3543 2779 3610 ὑμῶν
2796 3542 3216 3613 μοιχεύσουσι.
3245 3540 3354 3595 Καὶ
3382 3542 3455 3595 οὐ
3477 3539 3567 3612 μὴ
3592 3542 3717 3596 ἐπι-

2144 3633 2447 3703 σκέψομαι
2478 3634 2577 3687 ἐπὶ
2607 3635 2714 3701 τὰς
2748 3634 3074 3704 θυγατέρας
3101 3631 3271 3702 ὑμῶν
3299 3631 3446 3687 ὅταν
3467 3633 3716 3701 πορνεύ-

2143 3740 2316 3789 σωσι,
2335 3727 2436 3781 καὶ
2460 3727 2559 3780 ἐπί
2578 3727 2685 3791 τὰς
2697 3727 2931 3795 νύμφας
2960 3724 3117 3793 ὑμῶν
3147 3724 3295 3778 ὅταν
3311 3727 3710 3795 μοιχεύσωσι·

2140 3818 2232 3872 ὅτι
2264 3819 2432 3871 αὐτοὶ
2458 3818 2609 3887 μετά
2637 3817 2757 3871 τῶν
2784 3815 3024 3884 πορνῶν
3056 3816 3572 3886 συνανεφύροντο,
3618 3814 3713 3870 καί

2137 3909 2289 3979 μετὰ
2308 3908 2427 3979 τῶν
2455 3908 2901 3979 τετελεσμένων
2931 3908 3132 3979 ἔθυον.

2212 3977 2364 4046 ΜΕΓ.
2407 3978 2629 4049 Ἐπειδὴ
2665 3974 2793 4047 γάρ,
2827 3979 3009 4046 φησιν,
3043 3977 3372 4046 ἀξιάγαστον
3406 3978 3536 4051 ὑμῖν
3570 3974 3699 4030 εἶναι

2139 4068 2363 4121 δοκεῖτὸ
2384 4068 2488 4121 ὑπὸ
2521 4068 2672 4138 φυτῷ
2705 4065 3044 4137 θρύπτεσθαι
3065 4068 3160 4120 καὶ
3189 4070 3370 4131 σκιαῖς
3400 4069 3493 4123 καὶ
3521 4065 3699 4139 ἡδονὴν

2139 4159 2435 4231 πεποίησθε
2455 4159 2514 4214 τὸ
2530 4158 2731 4212 λυποῦν
2747 4157 2870 4229 ἐμὲ,
2887 4158 2985 4229 τὴν
3010 4156 3283 4229 ἐπάρατον
3311 4157 3553 4230 δηλονότι
3582 4159 3706 4213 πλάο

2138 4252 2365 4321 νην,καὶ
2380 4251 2743 4320 ἀκαθαρσίαν’
2774 4248 3032 4320 ταύτῃτοι
3054 4249 3412 4319 πορνεύσουσι
3431 4251 3531 4321 μὲν
3558 4249 3707 4321 ὑμῶν

2137 4346 2193 4398 αἱ
2214 4344 2533 4415 θυγατέρες·
2557 4344 2615 4395 αί
2642 4342 2698 4396 δὲ
2713 4341 2774 4393 νύ
2784 4340 3305 4410 μφαι,τουτὲστιν,αἱ
3321 4340 3429 4394 τῶν
3455 4340 3585 4394 υἱῶν
3607 4357 3707 4408 γα-

2140 4433 2319 4502 μεταὶ,
2350 4430 2820 4504 μοιχευθήσονται.
2850 4429 2970 4482 Κᾶν
2996 4430 3044 4482 εί
3073 4428 3245 4483 ταῦτα
3263 4431 3497 4499 γένοιτο,
3525 4431 3703 4501 φησὶν,

2134 4521 2398 4591 ὴρεμήσω
2435 4521 2610 4587 κάγὼ,
2653 4519 2747 4572 καὶ
2772 4518 2871 4572 οὐκ
2899 4519 3287 4591 ἐπισκέψομαι.
3332 4523 3516 4576 Ἔοικε
3542 4522 3598 4575 δὲ
3621 4521 3705 4574 διὰ

2133 4612 2339 4665 τούτων
2362 4612 2432 4664 τὰ
2448 4614 2512 4665 ἐκ
2539 4610 2633 4664 τοῦ
2658 4611 2890 4682 πολέμου
2917 4613 3410 4682 προκαταγγέλλειν
3438 4616 3581 4669 κατὰ
3599 4615 3704 4668 τῶν

459 4711 639 4765 vitatis
659 4709 1040 4781 peccatoribus
1073 4719 1329 4761 eventura
1355 4707 1737 4775 pia-nuntiare.
1757 4707 1857 4773 Qui
1889 4709 2030 4762 enim

2144 4703 2537 4776 ἡμαρτηκότων
2563 4704 2797 4775 ἐσόμενα
2832 4704 3024 4774 βλάϐη,
3057 4706 3149 4758 καὶ
3180 4706 3251 4759 τά
3278 4710 3394 4772 ταῖς
3426 4707 3705 4778 αἰχμαλω-

455 4801 622 4858 semel
689 4800 826 4855 alios
870 4807 1246 4868 expugnarunt
1307 4800 1694 4868 xit-eruntque,
1745 4798 1797 4851 in
1847 4809 2033 4865 captos

2144 4799 2281 4860 σίαις
2310 4796 2568 4865 ἑπόμενα.
2593 4795 2656 4848 Οἱ
2680 4795 2787 4864 γὰρ
2807 4795 2950 4859 ἅπαξ
2973 4793 3203 4858 ἑλόντες,
3227 4796 3320 4848 καὶ
3340 4798 3702 4866 νενικηκότες,

455 4892 762 4955 consulunt,
791 4899 849 4949 ut
877 4890 1044 4957 lubet,
1080 4889 1187 4961 77
1229 4898 1494 4957 potestate
1528 4891 1849 4959 impotenter
1885 4900 2035 4943 uten-

457 4994 557 5051 tes,
579 4993 635 5040 et
665 4984 870 5054 impetu
904 4981 1264 5051 incastigabili
1311 4981 1527 5051 quidvis
1559 4980 1775 5033 tandem
1817 4980 1916 5035 sibi
1948 4980 2034 5050 ju-

452 5077 688 5131 cundum
738 5074 1137 5146 aggredientes,
1174 5082 1228 5128 et
1259 5086 1434 5142 neque
1479 5073 1610 5143 legis
1640 5075 1898 5128 rationem
1933 5074 2033 5128 du-

453 5174 657 5227 centes,
708 5179 885 5236 neque
935 5162 1065 5233 quid
1115 5171 1540 5217 consentaneum
1586 5169 1678 5215 aut
1724 5161 1922 5217 decens
1962 5163 2033 5218 sit

451 5259 691 5327 cogitare
723 5258 1086 5323 sustinentes;
1114 5254 1258 5310 velut
1286 5254 1517 5309 indurati
1551 5263 1815 5319 antem,ct
1851 5256 2029 5310 animo

450 5361 713 5416 perquam
764 5356 959 5415 truces,
992 5363 1220 5418 parcere
1259 5348 1473 5401 miseris
1515 5348 1845 5402 omnimodis
1877 5349 2029 5401 dedi-

450 5446 710 5507 gnantnr.
756 5434 984 5493 Liberos
1031 5439 1197 5507 igitur
1234 5438 1480 5493 hostibus
1530 5439 1595 5492 ad
1641 5438 2024 5493 contumeliam

445 5540 500 5584 et
527 5526 840 5597 spurciticm
866 5524 1233 5586 fornicationis
1271 5531 1573 5601 expositum
1616 5532 1679 5584 iri
1710 5530 1909 5600 liquido
1940 5528 2023 5581 in-

449 5622 612 5675 dicat.

529 5796 565 5831 lt
595 5798 633 5853 ιι
664 5795 802 5852 Tim,
837 5809 923 5861 ιιι,
960 5794 1014 5848 4.
1095 5794 1136 5873 ξ’
1165 5791 1354 5847 Matth.
1391 5808 1443 5862 ν,
1473 5797 1532 5852 ὅ.

2134 4890 2461 4959 πράττουσιν
2483 4890 2562 4952 είς
2587 4888 2711 4950 τοὺς
2735 4886 2961 4950 ἁλόντας
2994 4886 3056 4939 τὸ
3088 4887 3297 4952 δοκοῦν,
3328 4890 3594 4959 ἀχαλίνως
3618 4890 3703 4956 ἐξ·

2131 4982 2338 5042 ουσίαις
2355 4979 2646 5050 χρώμενοι,
2668 4981 2760 5034 καὶ
2773 4978 3193 5047 ἀνεπιπλήκτοις
3216 4982 3410 5050 ὁρμαῖς
3430 4982 3565 5052 πρὸς
3599 4986 3703 5034 πᾶν

2130 5070 2306 5124 ὁτιοῦν
2345 5072 2454 5124 τῶν
2482 5072 2665 5134 αὐτοῖς
2715 5070 2838 5124 καθ’
2872 5070 3064 5141 ἡδονὴν
3091 5071 3396 5143 ἐρχόμενοι,
3445 5078 3540 5126 καὶ
3581 5071 3702 5125 οὔτε

2085 5188 2100 5209 τ
2130 5162 2294 5231 νόμον
2324 5159 2783 5231 ὑπολογιζόμενοι,
2802 5158 2927 5211 οὔτε
2947 5158 3007 5211 τὸ
3033 5159 3178 5223 εἰκὸς
3210 5159 3241 5231 ἢ
3275 5161 3484 5229 πρέπον
3503 5161 3700 5213 ἐννοεῖν

2129 5252 2460 5324 ἀνεχόμενοι,
2495 5251 2903 5321 ἀπεσκληκότες
2947 5249 3004 5303 δὲ
3039 5249 3246 5322 ὥσπερ,
3280 5252 3374 5306 καὶ
3415 5253 3549 5305 πολὺ
3592 5252 3703 5320 βλὲ‹

2131 5361 2299 5398 ποντα
2328 5345 2464 5414 πρὸς
2488 5346 2759 5415 ἀνήμερον
2795 5344 3007 5413 ἔχοντες
3037 5342 3183 5406 νοῦν,
3208 5343 3463 5413 οὐδεμιᾶς
3490 5342 3701 5407 ἀξιοῦσι

2130 5435 2341 5505 φειδοῦς
2361 5438 2485 5500 τοὺς
2515 5436 2715 5499 ἀθλίως
2750 5435 3116 5506 πεπραχότας.
3150 5436 3271 5488 Ὅτι
3291 5436 3468 5489 τοίνυν
3490 5434 3701 5505 προκεί-

2130 5545 2312 5582 σονται
2357 5531 2469 5591 τοῖς
2496 5527 2709 5599 ἐχθροῖς
2740 5527 2820 5589 εἰς
2847 5526 3003 5598 ὓϐριν
3034 5528 3127 5579 καὶ
3152 5526 3537 5598 αἰσχρουργίαν
3590 5526 3700 5577 τῶν

2126 5619 2572 5694 πεποριευκότων
2600 5621 2666 5673 τά
2696 5618 2883 5673 παιδία
2932 5620 3391 5690 καταμεμήνυκεν
3429 5618 3695 5689 ἐναργῶς.
