4098 6276
265 369 363 425 153

1182 366 1735 424 COMMENTARIUS
1776 366 1839 420 IN
1880 365 2108 423 OSEAM
2152 365 2594 423 PROPUETAM.

3409 374 3508 430 134

327 484 392 537 Εἰ
418 482 476 537 δὲ
505 482 536 536 δ
594 498 678 547 τις
702 481 894 547 ἕλοιτο,
928 481 1022 534 καὶ
1043 481 1163 536 καθ’
1193 483 1379 554 ἕτερον
1404 484 1586 553 νοήσει
1610 486 1830 554 τρόπον.

2012 483 2111 550 Qui
2136 484 2296 549 volet,
2321 485 2488 540 etiam
2517 484 2624 539 alio
2653 498 2812 539 sensu
2844 483 3021 538 locum
3054 483 3197 539 hunc
3226 483 3505 554 intelliget.

269 572 693 626 ’ἷὶπισκέπτεται
744 572 843 642 μὲν
893 572 1002 642 γὰρ
1047 574 1076 625 οδ
1118 553 1230 624 τῶκτ
1257 553 1394 626 ὅλων
1423 573 1575 637 Θεὸς,
1622 553 1714 637 οὓς
1769 574 1832 628 ἂν

265 663 505 734 βούλοιτο
530 663 696 732 τιμᾷν
750 678 812 715 τε
845 662 938 716 καὶ
966 664 1206 733 ἀγαπᾷν.
1248 662 1366 716 Κᾶν
1394 666 1473 727 εἰς
1503 663 1564 717 τὸ
1594 663 1833 734 ῥᾴθυμον

264 759 346 827 ι”ῃ
364 754 892 824 παρενηνεγμένους,
910 755 1003 808 καὶ
1032 754 1159 825 δρᾷ»
1188 755 1469 818 ἐθέλοντας
1496 755 1531 809 ἃ
1561 756 1635 826 μὴ
1656 756 1830 825 θέμις,

261 848 486 917 ἐπιτιμᾷ
544 845 896 916 συμμέτρως,
957 845 1347 917 παλινδρομεῖν
1392 846 1703 901 ἀναπείθων
1740 848 1834 900 ἐπὶ

260 939 316 989 τὸ
372 938 613 1009 ἄμεινον.
675 937 963 1009 Τοιγάρτοι
1025 938 1189 1009 φησὶν
1240 939 1269 992 6
1313 937 1593 1001 θεσπέσιος
1623 938 1834 1004 Παῦλος

260 1032 375 1092 τοῖς
420 1031 502 1093 είς
531 1028 814 1099 εὐδόκιμον
843 1029 1203 1100 κεκλημένοις
1242 1028 1418 1099 ζωήνυ
1454 1046 1473 1081 ι
1500 1031 1565 1085 Εἰ
1591 1029 1834 1084 παιδείαν

259 1118 587 1189 ὑπομένετε,
622 1118 698 1181 ὡς
726 1120 863 1183 υἱοῖς
905 1119 1035 1189 ὑμῖν
1068 1119 1435 1189 προσφέρεται
1475 1122 1503 1173 6
1542 1120 1696 1183 Θεός.
1738 1119 1834 1184 Τίς

254 1211 369 1282 γάρ
394 1213 542 1264 ἐστιν
572 1210 704 1274 υίὸς,
736 1210 797 1265 ὃν
828 1211 888 1264 οὐ
921 1209 1160 1263 παιδεύει
1182 1213 1398 1281 πατήρ;
1427 1229 1445 1261 ι
1495 1212 1553 1264 Ὀ
1578 1212 1634 1264 δέ
1656 1228 1719 1280 γε
1748 1228 1835 1264 σου

254 1300 509 1370 φώτατος
564 1301 972 1373 Παροιμιαστὴς
1016 1300 1448 1373 διαμαρτύρεται
1486 1303 1580 1355 καί
1642 1318 1830 1373 φησιν·

260 1413 279 1447 ι
312 1396 416 1446 Ὃν
460 1392 569 1465 γὰρ
614 1394 805 1464 ἀγαπᾷ
867 1394 1089 1465 Κύριος,
1133 1393 1410 1447 παιδεύει’
1472 1398 1728 1465 μαστιγοῖ
1775 1393 1833 1448 δὲ

253 1484 439 1538 πάντα
468 1483 604 1545 υἱὸν,
630 1483 1098 1553 ὃν.παραδέχεται.
1120 1502 1140 1536 ι
1193 1485 1400 1539 Οὐκοῦν
1444 1484 1536 1548 οὓς
1566 1484 1830 1552 παιδεύει,

254 1573 351 1628 καὶ
379 1574 677 1636 ἐποπτείας
704 1573 863 1637 ἀξιοῖ,
893 1573 970 1636 ὡς
1007 1573 1243 1641 ἀγαθοὺς
1283 1575 1378 1628 καὶ
1420 1575 1829 1646 ὴγαπημένους.

267 1664 480 1734 Ἐφορᾷ
522 1663 579 1716 δὲ
627 1664 880 1733 οὐδαμῶς
916 1663 1042 1731 τοὺς
1075 1664 1276 1735 σφόδρα
1303 1666 1829 1736 προσκεκρουκότας,

260 1755 551 1826 μονονουχὶ
581 1754 638 1808 δὲ
676 1755 865 1822 λέγων·
902 1771 920 1807 t
950 1756 1063 1810 Οὐκ
1086 1752 1200 1809 οἶδα
1231 1757 1394 1826 ὑμᾶς.
1418 1776 1437 1809 ι
1480 1776 1500 1809 ι
1535 1757 1834 1827 Ὀφθαλμοὶ

1935 572 2131 627 Visitat
2183 574 2324 627 enim
2381 576 2751 630 universorum
2804 575 2942 629 Deus
2980 589 3113 644 quos
3157 574 3427 631 honorare
3453 586 3509 628 et

1934 663 2153 730 diligere
2192 666 2438 718 voluerit.
2475 666 2583 720 Etsi
2619 667 2684 719 ad
2729 666 2995 736 ignaviam
3042 666 3282 723 detortos
3314 665 3509 723 viderit

1934 753 2271 824 nefandaque
2320 755 2619 823 molientes,
2652 756 2846 812 leniter
2896 759 3186 828 increpitos
3212 759 3276 812 ad
3305 759 3508 814 saluta.

1936 845 2015 900 ria
2066 845 2246 901 denuo
2288 847 2538 915 impellit.
2574 848 2808 904 Proinde
2852 850 3066 905 divinus
3085 851 3280 907 Paulus
3308 852 3374 907 ad
3412 867 3507 907 eos

1933 936 2023 1006 qui
2050 938 2115 992 ad
2141 937 2303 992 vitam
2329 938 2650 995 laudabilem
2684 941 2860 995 vocati
2889 953 3014 997 sunt
3037 944 3503 1012 :iSidisciplinam

1933 1029 2231 1096 sustinetis,
2296 1038 2549 1101 tanquam
2585 1030 2709 1087 ﬁliis
2740 1032 2892 1087 vobis
2912 1033 3073 1089 oll'ert
3101 1049 3159 1089 se
3181 1035 3340 1090 Deus.
3374 1036 3506 1102 Quis

1933 1119 2076 1173 enim
2111 1119 2273 1185 ﬁlius,
2297 1134 2457 1189 quem
2510 1136 2614 1175 non
2661 1123 2885 1192 corrigit
2918 1135 3071 1192 pater
3101 1124 3188 1175 ‘5?
3219 1142 3238 1175 ›
3270 1126 3504 1180 Attesta-

1936 1219 2025 1263 tur
2053 1212 2190 1264 idem
2219 1212 2649 1280 sapientissimus
2683 1213 3087 1278 Partemiastcs,
3126 1216 3324 1279 «Quem
3358 1220 3500 1270 enim

1935 1296 2104 1364 diligit
2138 1296 2418 1364 Dominus,
2439 1301 2706 1371 castigat;
2732 1300 2966 1372 ﬂagellat
2991 1314 3167 1357 autem
3204 1320 3417 1358 onmem
3451 1309 3504 1357 ti-

1934 1386 2064 1440 lium
2097 1402 2256 1456 quem
2296 1390 2489 1461 recipit
2514 1392 2578 1446 ".
2607 1412 2627 1445 »
2661 1392 2841 1460 Quare
2888 1410 3022 1471 quos
3067 1397 3312 1467 castigat,
3339 1397 3500 1451 etiam

1936 1480 2243 1537 visitatione
2286 1493 2347 1537 ut
2368 1484 2540 1541 bonos
2585 1496 2641 1541 et
2669 1487 2893 1544 dilectos
2938 1482 3274 1559 dignatur.A
3308 1494 3507 1561 quibus

1935 1580 2112 1624 autem
2146 1582 2232 1627 est
2275 1573 2530 1643 majorem
2563 1576 2616 1630 in
2652 1579 2869 1641 modum
2909 1579 3161 1646 oﬁ‘eusus,
3207 1596 3299 1636 eos
3330 1584 3504 1638 neuti-

1934 1676 2094 1730 quam
2131 1664 2343 1734 aspicit,
2361 1673 2568 1721 tantum
2593 1682 2697 1722 non
2724 1670 2930 1732 dicens,
2965 1670 3109 1725 «Non
3139 1674 3264 1726 novi
3290 1689 3381 1728 vos
3400 1674 3497 1726 ⁸⁸.»

1935 1751 2068 1807 Nam
2098 1764 2155 1807 ut
2181 1757 2440 1826 scriptum
2471 1769 2573 1823 est,
2597 1759 2776 1814 «Oculi
2807 1762 3011 1817 Domini
3033 1777 3194 1831 super
3219 1763 3495 1830 justos‘h

256 1824 369 1917 γάρ
418 1844 649 1916 Κυρίου,
683 1845 776 1898 ἐπὶ
806 1845 1062 1909 δικαίους,
1092 1865 1112 1898 ι
1140 1824 1283 1900 καθα
1329 1824 1655 1919 γέγραπται.
1692 1824 1830 1901 06:4-

1938 1844 2099 1912 lSrgo,
2146 1846 2191 1899 si
2226 1849 2590 1917 peccaverint,
2623 1852 2818 1920 inquit,
2856 1869 2959 1907 non
3000 1854 3246 1917 tisitabo,
3275 1855 3373 1908 hoc
3398 1866 3500 1919 cst,

254 1938 353 1992 οὖν
410 1936 516 1991 κᾶν
564 1937 963 2009 πλημμελῶσι,
1013 1938 1212 2008 φησὶν,
1278 1939 1379 1992 οὐκ
1426 1939 1831 2009 ἐπισκέψομαι,

259 2026 564 2091 τουτέστιν,
608 2029 668 2081 ού
708 2029 963 2099 φροντιῶ,
1000 2030 1103 2083 οὐκ
1149 2029 1462 2100 ἐπιστρέψω
1501 2032 1636 2102 πρὸς
1666 2033 1831 2103 ἐμαυ-

253 2119 371 2185 τὸν,
403 2119 615 2184 οὐδενὸς
636 2119 818 2184 ἀξίους
837 2122 1138 2191 ἡγήσομαι.
1160 2120 1259 2174 Διὰ
1288 2121 1446 2175 ποίαν
1483 2123 1692 2189 αἰτίαν;
1725 2123 1834 2177 Καὶ

254 2210 370 2282 γὰρ
409 2212 566 2282 ὑμεῖς
590 2211 762 2277 αὐτοὶ,
792 2213 976 2283 φησὶν,
1008 2215 1054 2266 oi
1082 2212 1138 2265 ἐν
1163 2211 1314 2277 τάξει
1340 2214 1612 2284 πατέρων,
1647 2216 1834 2268 τοσοῦ-

251 2319 348 2356 τον
371 2303 722 2374 ἀφεστήκατε
764 2302 859 2356 τοῦ
885 2303 1060 2357 θέλειν
1104 2306 1363 2374 ἐπιτιμᾷν
1406 2307 1614 2368 ἑαυτοῖς
1650 2323 1708 2359 τε
1739 2308 1832 2361 καὶ¹

250 2398 368 2459 τοῖς
411 2395 470 2462 ἐξ
510 2395 684 2465 ὑμῶν,
744 2396 845 2451 κᾶν
891 2397 942 2448 εἰ
987 2400 1100 2461 τοῖς
1153 2399 1402 2469 ἐσχάτοις
1460 2401 1833 2469 μεταποιοῖντο

252 2487 611 2557 φαυλότητος,
654 2487 731 2551 ὡς
762 2489 1231 2559 συναναφύρεσθαι
1273 2490 1515 2561 πόρναις.
1567 2488 1832 2542 Συντεθύ-

252 2598 387 2634 κατε
414 2580 522 2651 γὰρ
546 2584 658 2644 τοῖς
680 2581 1105 2650 τετελεσμένοις,
1144 2583 1353 2652 Πόρνας
1376 2584 1431 2635 δέ
1458 2600 1621 2652 φησιν
1652 2581 1833 2645 ίδικῶς

250 2670 355 2731 τὰς
387 2669 483 2723 τοῦ
515 2671 835 2743 Βεελφεγὼρ
875 2674 1097 2744 ἱερείας.
1136 2673 1456 2744 Βεελφεγὼρ
1492 2675 1548 2727 δέ
1593 2676 1762 2738 ἐστιν,
1804 2676 1833 2728 6

251 2760 593 2830 καλούμενος
617 2763 888 2832 Πρίαπος.
913 2764 976 2816 Δί
996 2764 1053 2817 δὲ
1071 2764 1133 2816 τὸ
1149 2763 1322 2827 οὕτως
1346 2765 1571 2836 αἰσχρὸν
1593 2765 1831 2834 τιμῶσαι

251 2851 576 2921 βδέλυγμα,
618 2853 814 2924 πόρναι
864 2853 1050 2907 λοιπὸν
1098 2855 1561 2925 ὁμολογουμένως.
1607 2856 1832 2908 Τετελερ-

250 2942 492 3010 σμένους
552 2942 611 2996 δὲ
662 2944 917 3014 ὀνομάζει
970 2944 1133 2998 πάλιν
1176 2947 1303 3009 τοὺς
1355 2946 1682 3017 ίερομύστας
1734 2949 1829 3001 τοῦ

249 3032 600 3104 Βεελφεγὼρ,
623 3034 817 3105 ἄνδρες
840 3034 897 3088 δὲ
928 3028 1069 3104 ἦσαν
1094 3051 1109 3069 ⁸
1141 3029 1281 3089 εἶναι
1312 3032 1495 3107 μὲνἜὲ
1521 3038 1618 3091 οὐκ
1646 3039 1832 3110 ἀνεχό-

1935 1952 2041 1991 non
2079 1937 2210 1993 mibi
2247 1954 2391 1993 cura:
2415 1941 2541 2005 erit,
2579 1957 2686 1996 non
2720 1952 3007 1997 convertar
3032 1945 3097 1999 ad
3137 1959 3251 2010 eos,
3280 1946 3505 2013 vilipen-

1935 2030 2057 2084 dam
2086 2030 2229 2086 illos.
2264 2031 2435 2097 Quam
2474 2035 2542 2086 ob
2589 2034 2846 2087 causam?
2873 2034 3081 2091 Etenim
3134 2051 3226 2089 vos
3268 2036 3387 2106 ipsi,
3421 2037 3502 2089 in-

1934 2120 2073 2191 quit,
2107 2122 2196 2190 qui
2230 2122 2281 2176 in
2310 2138 2535 2177 numero
2568 2134 2623 2177 et
2650 2124 2840 2179 ordine
2871 2135 3081 2194 patrum
3104 2126 3256 2191 estis,
3295 2136 3501 2182 tantum

1934 2218 2086 2273 abest
2113 2228 2170 2273 ut
2199 2218 2505 2288 hujusmodi
2536 2219 2588 2274 in
2623 2220 2774 2274 vobis
2807 2221 2937 2290 ipsis
2964 2219 3257 2288 liberisque
3285 2223 3499 2287 vestris,

1935 2309 2187 2376 quamvis
2229 2316 2479 2362 extreme
2525 2309 2633 2363 sint
2673 2310 2921 2378 improbi,
2950 2310 3341 2379 reprehendere
3371 2311 3503 2364 veli-

1936 2399 2027 2462 tis,
2069 2407 2126 2452 ut
2158 2414 2277 2453 cum
2321 2399 2696 2455 meretricibus
2735 2401 3215 2455 commisceamini.
3261 2400 3504 2455 [inmola-

1933 2499 2030 2544 stis
2058 2492 2199 2544 enim
2229 2505 2349 2544 cum
2379 2490 2626 2545 initiatis.
2660 2490 2969 2546 Meretriccs
2993 2494 3204 2561 proprie
3227 2494 3501 2548 sacriﬁcas

1935 2583 2262 2653 Beclpbegor
2276 2583 2537 2637 nominat.
2559 2583 2656 2639 Est
2679 2593 2855 2639 autem
2887 2583 3213 2655 Beelpbegor
3234 2587 3323 2654 qui
3357 2603 3497 2639 nun-

1934 2682 2164 2741 cupatur
2216 2672 2461 2742 Priapus.
2501 2671 2632 2728 Tam
2693 2675 3076 2729 exsecrabilem
3120 2677 3499 2745 turpitudinem

1931 2766 2189 2830 colentes,
2222 2774 2584 2835 congruenter
2619 2767 2935 2821 meretrices
2981 2768 3216 2823 fuerunt.
3256 2767 3497 2821 lnitiatos

1931 2868 2093 2922 porro
2120 2866 2278 2909 vocat
2306 2855 2664 2927 bieromystas
2685 2854 3040 2925 Beelphegor,
3066 2858 3154 2926 qui
3191 2858 3497 2911 non‘susti-

1932 2953 2266 3000 nereutesse
2286 2944 2433 3015 quod
2470 2955 2659 3012 erant;
2690 2948 2786 3002 sed
2816 2948 2993 3015 potius
3032 2948 3084 3002 in
3122 2948 3329 3004 animos
3378 2962 3497 3001 mu-

1930 3036 2127 3092 liebres
2161 3036 2552 3106 immigrareut,
2570 3038 2751 3093 verbis
2774 3046 2827 3093 et
2852 3038 3092 3095 moribus
3109 3038 3312 3095 nefarie
3329 3041 3501 3095 emol-

256 3147 410 3202 μενοι
449 3128 594 3182 τοῦθ’
622 3128 762 3199 ὅπερ
791 3128 918 3191 εἰσὶ,
957 3129 1391 3197 μεταφοιτῶντες
1423 3128 1481 3182 δὲ
1521 3130 1722 3200 μᾶλλον
1749 3133 1830 3196 είς

1934 3127 2032 3195 liti,
2066 3144 2202 3199 quos
2227 3130 2466 3184 nonnulli
2510 3129 2850 3187 eﬁ'eminatos
2893 3141 2947 3186 et
2977 3132 3164 3188 molles
3192 3133 3494 3202 appellant;

252 3222 509 3293 φρόνημα
562 3220 624 3274 τὸ
680 3218 1060 3292 θηλυπρεπές,
1110 3219 1289 3288 λόγοις
1337 3237 1397 3274 τε
1465 3221 1559 3274 καὶ
1607 3223 1829 3295 τρόποις

1932 3220 2023 3289 qui
2050 3234 2173 3274 cum
2204 3218 2455 3276 femineis
2482 3220 2770 3277 ululatibus
2793 3230 2847 3278 et
2879 3223 3135 3294 cymbalis
3172 3226 3500 3279 circumcur-

255 3312 485 3376 ἀνοσίως
536 3310 981 3382 μαλακιζόμενοι.
1021 3310 1325 3382 Θηλυδρίας
1388 3311 1446 3367 δὲ
1488 3311 1580 3365 καὶ
1622 3312 1828 3383 μαλθά-

256 3419 442 3464 κωνας
488 3403 610 3464 τοὺς
650 3401 920 3465 τοιούτους
968 3400 1309 3455 ἀποκαλοῦσι
1353 3417 1517 3465 τινες,
1569 3402 1619 3454 οἳ
1657 3419 1833 3469 γυναι-

260 3494 445 3557 κείαις
474 3494 763 3563 ὀλολυγαῖς,
787 3496 877 3549 καὶ
902 3495 1203 3565 κυμϐάλοις
1227 3493 1521 3566 χρώμενοι,
1553 3512 1620 3547 πε
1630 3494 1833 3565 ριθέον-

259 3585 354 3649 τές
381 3602 532 3650 τινας
558 3587 715 3659 δᾷδας
738 3591 779 3611 “⁶
805 3589 1181 3658 μυσταγωγεῖν
1203 3587 1578 3658 ὑπεκρίνοντο,
1608 3588 1705 3656 τῆς
1734 3586 1833 3639 τοῦ

261 3677 578 3752 Βεελφεγὼρ
610 3679 865 3752 αίσχύνης
887 3679 1221 3751 πληροῦντες
1251 3679 1319 3733 τὰ
1347 3680 1593 3749 παίγνια.
1630 3678 1827 3740 Ἔθυον

1933 3319 2136 3377 santes,
2161 3312 2303 3366 inter
2323 3311 2468 3367 faces
2500 3328 2653 3368 sacra
2676 3315 2871 3370 docere
2888 3314 3230 3380 simulabant,
3254 3318 3499 3384 pudenda

1929 3398 2257 3470 Beelpltegor
2278 3403 2481 3457 ludicra
2500 3405 2782 3460 obeuntes.
2803 3405 3188 3461 Sacriﬁcabant
3203 3408 3361 3476 igitur
3378 3426 3497 3463 cum

1929 3494 2176 3559 initiatis,
2209 3495 2401 3564 inquit,
2441 3495 2543 3550 boc
2572 3504 2676 3562 est,
2713 3497 2907 3551 initiati
2949 3510 3103 3553 erant
3135 3499 3348 3554 illorum
3386 3516 3501 3569 my-

1928 3586 2131 3651 steriis,
2159 3595 2214 3641 et
2239 3602 2359 3641 eum
2390 3588 2526 3643 adeo
2549 3589 2820 3659 corruptis
2836 3589 3144 3646 hominibus
3168 3590 3501 3661 Beelphcgur

1927 3677 2191 3732 sacriﬁcia
2218 3676 2557 3734 factitabant.

256 3773 456 3842 τοίνυν,
506 3774 657 3846 φησὶ,
714 3773 851 3846 μετὰ
910 3772 1018 3826 τῶν
1073 3772 1491 3843 τετελεσμένων,
1554 3771 1822 3837 τουτέστι,
1872 3772 2149 3844 μεμύηντο
2191 3772 2263 3824 τά
2304 3771 2550 3838 ἐκείνων,
2581 3772 2676 3826 καὶ
2719 3772 2854 3842 ὁμοῦ
2877 3774 2989 3837 τοῖς
3025 3773 3167 3827 οὕτω
3192 3776 3498 3848 κατεφθαρ-

247 3867 437 3937 μένοις
465 3867 735 3937 προσῆγον
764 3865 952 3928 Θυσίας
978 3864 1056 3935 τῷ
1083 3864 1427 3935 Βεελφεγὼρ.

310 3958 424 4013 Kal
490 3960 522 4012 ό
575 3957 726 4023 λαὸς
794 3958 828 4009 ό
892 3955 1121 4010 συνιὼν
1190 3957 1599 4009 συνεπλέκετο

230 4050 500 4117 πόρνης.

313 4141 455 4193 MZ'.
483 4136 856 4207 Μετακομίζει
878 4137 971 4190 τὸν
991 4137 1147 4205 λόγον
1174 4139 1269 4190 ἐπὶ
1292 4138 1385 4190 τὸν
1417 4136 1635 4201 Ἰούδαν,
1668 4153 1822 4189 τουτ-

229 4229 387 4291 έστι,
442 4227 559 4287 τοῖς
590 4226 655 4277 ἐκ
703 4224 876 4292 φυλῆς
931 4222 1106 4276 Ἰούδα
1157 4222 1254 4275 κα)⁸
1295 4223 1570 4292 Βενιαμὶν,
1606 4223 1654 4275 οἳ
1708 4223 1807 4293 τὴν

1682 3956 1825 4033 μετὰ

2004 3954 2115 4026 78
2149 3952 2219 4009 Et
2260 3954 2482 4027 populus
2530 3953 2621 4010 ille
2667 3952 2958 4026 intelligens
2992 3955 3293 4011 adhwrebat
3334 3975 3497 4013 merc-

1931 4046 2066 4099 trici.

2000 4136 2206 4192 XLVII.
2239 4136 2553 4192 Sermonem
2592 4136 2658 4190 ad
2690 4136 2881 4192 Judam
2910 4138 3136 4202 derivat,
3175 4139 3279 4193 boc
3303 4153 3404 4204 est,
3431 4143 3494 4195 ad

1930 4227 2129 4281 tribum
2161 4226 2296 4280 Juda
2329 4234 2382 4281 et
2415 4225 2713 4293 Beniamin,
2742 4225 2832 4293 qui
2874 4225 3049 4281 adhuc
3070 4224 3366 4283 Jerusalem
3402 4235 3496 4284 ba-

240 4316 616 4393 Ἰερουσαλὴμ
662 4315 940 4378 οἰκοῦντες
987 4313 1088 4378 ἔτι,
1157 4314 1250 4367 καὶ
1299 4313 1361 4366 τὸ
1416 4313 1556 4367 θεῖον
1613 4314 1827 4384 ἔχοντες

1932 4315 2193 4379 bitantes,
2239 4325 2293 4370 et
2335 4325 2740 4372 sacrosanctum
2784 4316 2953 4372 altare
2989 4318 3251 4375 habentes
3293 4323 3495 4393 (stabat

225 4410 635 4479 θυσιαστήριον
678 4407 1049 4478 (συνειστήκει
1085 4406 1194 4476 γὰρ
1223 4407 1250 4458 6
1274 4405 1456 4475 ναὸς),
1486 4405 1555 4459 τὰ
1584 4406 1827 4470 Μωσέως

1932 4408 2067 4461 enim
2104 4407 2382 4478 templum)
2409 4407 2609 4481 Moysis
2640 4417 2905 4479 praecepta
2932 4425 3172 4477 servare,
3212 4423 3265 4466 et
3291 4415 3491 4469 InchII-

226 4505 556 4575 ἐντάλματα
605 4501 793 4573 τηρεῖν
839 4497 1096 4567 ἔφασκον,
1141 4498 1232 4550 καὶ
1275 4496 1377 4568 τὴν
1416 4496 1505 4550 διὰ
1534 4496 1626 4549 τοῦ
1659 4498 1823 4567 νόμου

1932 4501 2155 4568 gentiam
2176 4499 2307 4569 legis
2327 4501 2525 4555 habere
2554 4513 2613 4554 se
2644 4501 3050 4570 prolitebantur.
3084 4502 3281 4558 Verum
3308 4518 3362 4559 et
3394 4509 3489 4575 ipsi

224 4598 454 4651 σύνεσιν
526 4593 691 4663 ἔχειν.
754 4588 916 4643 Ἀλλὰ
972 4589 1066 4642 καὶ
1116 4588 1270 4641 αὐτοὶ
1317 4587 1704 4658 λελατρεύκασι
1748 4592 1814 4659 τῇ

1932 4590 2123 4644 divinis
2153 4591 2447 4647 honoribus
2484 4592 2765 4659 Astarten,
2799 4593 3110 4649 scandalum
3144 4594 3489 4651 Sidoniorum

233 4686 545 4756 Ἀστάρτῃ,
597 4679 1026 4753 προσοχθίσματι
1073 4678 1359 4732 Σιδωνίων.
1413 4678 1712 4749 Ἀστάρτην
1761 4678 1817 4730 δέ

1932 4682 2224 4735 noluerunt.
2258 4682 2509 4738 Astarten
2540 4693 2717 4739 autem
2742 4700 2863 4740 esse
2894 4686 3045 4742 aiunt
3085 4691 3224 4759 apud
3252 4689 3490 4751 Graecos,

221 4774 369 4831 εἷναί
405 4791 549 4844 φασι
572 4773 669 4844 τὴν
704 4771 836 4842 παρ’
864 4770 1141 4839 Ἕλλησιν,
1176 4770 1276 4823 οὐκ
1300 4763 1395 4822 οἶδ’
1420 4769 1584 4833 ὅπως,
1613 4770 1812 4839 ὀνομα-

1932 4771 2102 4824 nescio
2155 4786 2355 4841 quare,
2400 4772 2732 4842 Apbroditen
2770 4774 3079 4842 (Venerem)
3141 4778 3487 4831 nominatam.

217 4868 472 4937 ζομένην
510 4863 847 4933 Ἀφροδίτην.
882 4863 1119 4931 Ἕστηκε
1159 4860 1215 4913 δὲ
1246 4861 1307 4913 τὸ
1334 4860 1557 4929 ἄγαλμα
1585 4860 1809 4928 γυμνὸν,

1932 4858 2109 4912 Stabat
2139 4859 2336 4913 nudum
2363 4859 2915 4927 sirnulacrum,forma
2944 4866 3128 4930 scorti,
3156 4875 3336 4933 partes
3373 4865 3490 4919 illas

217 4961 315 5013 καὶ
348 4960 429 5022 ὡς
462 4959 526 5009 ἐν
556 4955 685 5007 εἴδει
710 4954 931 5024 πόρνης,
962 4952 1308 5024 αίσχημόνως
1329 4951 1676 5021 ἀπογυμνοῦν
1700 4952 1812 5011 τοῖς

1932 4950 2160 5018 :orporis
2187 4951 2252 5004 ab
2278 4959 2498 5019 aspectu
2530 4952 2887 5007 removendas
2915 4955 3136 5007 minime
3176 4963 3341 5007 tectas
3370 4971 3482 5008 0m-

216 5050 491 5104 ἁπάντων
555 5043 855 5114 ὀφθαλμοῖς
892 5042 983 5096 καὶ
1033 5042 1102 5095 τὰ
1148 5041 1367 5096 ἄποπτα
1409 5039 1503 5094 τοῦ
1562 5038 1813 5109 σώματος

1941 5038 2063 5090 rium
2107 5038 2276 5091 oculis
2333 5041 2561 5108 turpiter
2622 5041 2905 5096 exhibens.
2960 5041 3315 5108 Quamobrem
3384 5058 3486 5094 non

217 5144 387 5212 μέρη.
436 5136 661 5193 Οὐκοῦν
708 5135 769 5188 οὐ
813 5133 990 5204 μόνος,
1040 5133 1223 5203 φησὶν,
1279 5133 1308 5184 6
1352 5129 1588 5202 Ἰσραὴλ,
1637 5129 1815 5181 καίτοι

1932 5126 2089 5179 solum
2117 5126 2302 5192 Israel,
2327 5130 2520 5198 inquit,
2562 5131 2809 5197 quamvis
2838 5131 3023 5184 morbo
3064 5132 3311 5183 amentiae
3357 5133 3485 5183 alin.-

213 5234 488 5303 πλείστην
543 5232 681 5299 ὅσην
734 5225 988 5281 ἀϐουλίαν
1037 5223 1359 5294 νενοσηκὼς,
1421 5220 1816 5290 συνανεφύρετο

1932 5228 2043 5271 ctus
2071 5219 2326 5285 maxime,
2356 5235 2476 5272 cum
2508 5223 2882 5276 meretricibus
2909 5220 3254 5281 miscebatur,
3286 5231 3337 5272 et
3363 5233 3485 5274 eum

213 5322 473 5395 πόρναις,
500 5319 603 5372 καὶ
626 5316 766 5386 μετὰ
789 5314 896 5367 τῶν
913 5312 1306 5383 τετελεσμένων
1330 5311 1505 5364 ἔθυεν·
1524 5309 1659 5363 ἀλλὰ
1682 5327 1699 5359 ι
1725 5309 1818 5365 καὶ

1942 5308 2145 5362 uitiatis
2187 5310 2560 5375 sacriﬁcabat;
2603 5313 2695 5366 sed
2733 5330 2751 5363 ι
2779 5321 2834 5365 et
2879 5313 2991 5378 ipse
3032 5309 3258 5377 populus
3288 5310 3483 5365 intelli—

211 5412 379 5476 αὐτὸς
418 5414 448 5465 6
488 5409 621 5473 λαὸς
656 5410 685 5461 6
725 5405 948 5467 συνιὼν,
989 5424 1008 5458 ι
1044 5405 1340 5468 τουτέστιν,
1371 5405 1399 5456 6
1428 5401 1528 5472 τὴν
1555 5403 1619 5453 ἐκ
1652 5400 1814 5469 νόμου

1932 5411 2067 5463 ;eus,
2094 5415 2113 5448 ι
2144 5398 2244 5452 hoc
2272 5407 2373 5462 est,
2407 5398 2498 5465 qui
2532 5400 2870 5467 prudentiam
2908 5397 3133 5467 legalem
3164 5397 3339 5452 adhuc
3378 5415 3485 5467 prie

212 5504 438 5559 σύνεσιν
494 5501 581 5556 ἔτι
638 5498 831 5563 σώζειν
863 5496 1306 5567 ὑποκρινόμενος,
1344 5513 1362 5545 ι
1396 5491 1818 5546 συνανεπλέκετο

210 5594 416 5665 πόρνῃ.
449 5612 469 5644 ›
505 5589 1000 5661 Προσκεκυνήκασι
1028 5586 1247 5657 γὰρ,ὼς
1271 5580 1813 5654 ἔφην,τῇ’Λστάρτῃ.

1921 5502 1977 5538 sc
2002 5488 2240 5553 ferebat,
2294 5506 2311 5538 ι
2344 5489 2614 5541 meretrici
2680 5488 3051 5542 adherrebal.»
3115 5487 3487 5542 Adoraverunt

1919 5578 2160 5642 cnim,ut
2182 5578 2312 5641 dixi,
2338 5579 2610 5632 Astarten.
2649 5577 2901 5635 Salomon
2931 5581 3074 5636 enim
3112 5578 3410 5633 libidinosa:
3435 5589 3488 5631 et

288 5765 334 5796 “
374 5763 546 5819 IIebr.
578 5778 677 5830 xu,
710 5763 761 5818 7.
843 5764 883 5794 "
914 5760 1071 5817 Prov.
1104 5775 1185 5825 tu,
1224 5758 1307 5813 l2.
1391 5758 1429 5788 ”‘
1457 5757 1644 5812 Matth.
1688 5772 1779 5821 vn,
1812 5756 1900 5809 ‘23.
1998 5758 2035 5786 ιθ
2074 5755 2211 5808 Psal,
2253 5769 2443 5819 xxxiii,
2486 5756 2566 5807 lb’.
