4098 6276
600 373 707 431 155

1587 370 1644 424 S.
1683 369 1963 425 LYRILLI
2003 368 2468 424 ALEXANDRINI
2511 368 2832 428 ARCIIIEP.

3749 376 3857 434 136

599 496 894 568 peregrina.-
924 495 1133 551 mulieri
1148 500 1369 565 gratum
1397 491 1623 561 faciens,
1647 493 1926 547 delubrum
1957 493 2006 547 ei
2031 507 2161 546 con-

2275 490 2524 562 Σολομὼν
2547 491 2657 562 γὰρ
2687 493 2824 564 αὐτῇ
2854 492 3077 568 τέμενος
3118 494 3467 565 ἀνεδείματο,
3493 494 3754 565 μαχλώσῃ
3796 513 3855 549 τε

601 587 800 641 struxit
818 586 887 639 ⁹⁰.

671 675 832 729 Vens.
878 675 966 729 l5.
997 672 1073 726 Tu
1098 681 1293 733 autem.
1322 669 1515 734 Israel,
1544 687 1610 725 ne
1648 671 1877 739 ignores,
1903 682 1955 723 et
1997 669 2165 736 Iuda,

597 782 661 821 ne
690 764 1058 834 ingrediamt'ni
1096 763 1150 817 in
1190 760 1437 832 Galgala,
1472 770 1519 814 et
1548 776 1609 814 ne
1651 761 1945 814 ascendatis
1977 762 2032 813 in
2070 761 2169 814 do-

524 884 533 893 ι
602 872 743 911 mum
776 855 1090 925 iniquitatis,
1120 860 1171 907 et
1198 868 1260 906 ne
1279 852 1470 921 juretis
1508 853 1756 906 viventem
1787 851 2095 905 Dominum.

668 1013 897 1090 XLVIII.
922 1033 1041 1088 Dixi
1070 1032 1182 1103 iam
1218 1030 1394 1098 toties,
1424 1030 1607 1086 decem
1637 1028 1808 1085 tribus
1842 1029 1895 1084 in
1923 1028 2170 1084 Samaria

599 1142 631 1180 a
679 1124 953 1196 prophetis
1006 1121 1272 1176 nominari
1312 1119 1509 1186 lsrael;
1535 1119 1728 1175 Judam
1770 1134 1918 1186 vero,
1942 1131 1996 1174 et
2034 1135 2169 1174 non-

603 1230 876 1285 nunquam
900 1213 1209 1283 Beniamin,
1231 1213 1364 1270 duas
1396 1212 1569 1268 tribus
1599 1212 1652 1267 in
1682 1209 2170 1275 JerusalemJudae

604 1314 731 1373 puta
756 1314 809 1359 et
831 1302 1126 1373 Beniamin.
1146 1300 1407 1371 Loquitur
1427 1301 1481 1355 in
1511 1316 1750 1371 praesens
1776 1301 1855 1381 de.
1882 1302 2166 1367 ambobus,

604 1406 658 1452 et
695 1395 972 1464 utriusque
1010 1393 1366 1448 multitudinis
1415 1394 1659 1447 morbum
1717 1392 1978 1460 increpat.
2033 1390 2169 1447 Vide

603 1487 747 1542 enim
771 1485 1039 1556 quomodo
1069 1483 1319 1539 lsraelem
1352 1492 1411 1538 ut
1437 1498 1695 1553 perquam
1729 1481 2072 1551 insipientem
2109 1490 2171 1536 et

604 1578 802 1634 mentis
829 1578 1063 1647 inopem,
1092 1584 1149 1631 et
1186 1585 1478 1646 eapropter
1495 1576 1658 1629 etiam
1698 1573 2029 1628 desertorem
2060 1572 2172 1628 fac-

602 1679 716 1724 tuIn
765 1667 1362 1739 vituperet:siquidem
1409 1665 1729 1735 insipientia
1769 1665 1972 1719 crimen
2013 1680 2170 1734 repu-

606 1763 710 1816 tari
750 1774 959 1828 mqnum
1007 1768 1114 1822 est,
1167 1757 1398 1813 cultibus
1444 1756 1709 1811 idolorum
1768 1755 2172 1825 frequentandis

2268 581 2363 635 καὶ
2384 558 2667 652 ἀλλοφύλω
2691 558 3009 651 γυναωδ-τά
3038 558 3409 657 κεχαρισμένα

2339 672 2422 726 Σὺ
2444 672 2531 737 δὲ,
2550 673 2808 740 Ἰσραὴλ,
2823 675 2909 743 μὴ
2935 675 3158 743 ἀγνόει,
3178 674 3277 728 καὶ
3292 674 3509 739 Ἰούδα,
3530 675 3617 743 μὴ
3642 677 3826 727 εισπο
3840 706 3856 715 -

2260 765 2514 832 ρεύεσθε
2570 767 2658 828 εἰς
2708 765 3015 834 Γάλγαλα,
3072 767 3170 819 καὶ
3234 765 3321 835 μὴ
3364 766 3716 819 ἀναϐαίνετε
3769 768 3857 831 εἰς

2268 853 2380 907 τὸν
2426 850 2596 907 οἷκον
2638 851 2746 920 τῆς
2791 853 3046 920 ἀδικίας,
3094 856 3191 909 καὶ
3240 854 3325 925 μὴ
3370 856 3618 923 ὀμνύετε
3671 854 3858 916 ζῶντα

2268 944 2512 1011 Κύριον.

2339 1035 2480 1089 ΜΗ¹.
2506 1035 2683 1106 Ἔφην
2711 1035 2812 1106 ἤδη
2845 1036 3184 1102 πλειστάκις,
3230 1038 3311 1091 ὄτι
3339 1039 3438 1101 τάς
3474 1038 3572 1109 μὲν
3593 1039 3722 1092 δέκα
3750 1058 3855 1107 φυη

2271 1124 2388 1189 λάς,
2427 1124 2527 1189 τὰς
2558 1126 2616 1178 ἐν
2644 1128 2711 1196 τῇ
2759 1127 3061 1199 Σαμαρείᾳ,
3117 1129 3225 1183 τῶν
3260 1129 3557 1201 προφητῶν
3610 1134 3658 1184 οἱ
3706 1132 3855 1200 λόγοι

2271 1216 2524 1272 καλοῦσιν
2578 1218 2820 1291 Ἰσραήλ*
2855 1219 3055 1274 Ἰούδαν
3087 1238 3150 1289 γε
3182 1221 3291 1292 μὴν
3331 1221 3427 1276 καὶ
3457 1222 3712 1293 Βενιαμὶν
3741 1224 3853 1277 ἐσθ’

2268 1309 2357 1363 ὅτε
2398 1309 2498 1372 τὰς
2549 1309 2607 1363 ἐν
2657 1311 2769 1374 τοῖς
2810 1311 3198 1381 Ἰεροσολύμοις
3243 1312 3336 1367 δύο
3367 1314 3558 1383 φυλὰς,
3607 1322 3717 1393 τὴν
3758 1316 3853 1369 τοῦ

2282 1399 2471 1465 Ἰούδα,
2506 1399 2669 1473 φημὶ,
2694 1401 2790 1453 καὶ
2835 1401 2931 1454 τοῦ
2965 1402 3239 1473 Βενιαμίν.
3282 1403 3480 1472 Γέγονε
3514 1407 3693 1459 τοίνυν
3724 1408 3854 1480 περ)⁵

2271 1489 2473 1559 ἀμφοῖν
2511 1492 2589 1552 είς
2621 1490 2680 1542 τὸ
2713 1490 2886 1563 παρὸν
2906 1494 2934 1546 ό
2961 1492 3137 1561 λόγος,
3167 1495 3261 1547 καὶ
3284 1494 3384 1566 τὴν
3420 1497 3687 1566 ἑκατέρας
3717 1499 3855 1570 πλη-

2273 1579 2398 1643 θύος
2421 1580 2710 1652 ἀπελέγχει
2738 1582 2906 1636 νόσον.
2939 1583 3047 1636 Θέα
3073 1585 3181 1655 γὰρ
3202 1587 3348 1649 ὅπως
3374 1589 3729 1653 κατονειδὶζει
3759 1591 3852 1645 τὸν

2286 1669 2517 1743 Ἰσραὴλ,
2572 1672 2649 1735 ὡς
2691 1674 2949 1729 ἀσύνετον
3005 1676 3221 1748 κομιδῇ,
3281 1678 3376 1731 καὶ
3426 1679 3849 1753 ὀλιγογνώμονα,

2275 1762 2536 1835 ταύτῃτοι
2570 1765 2831 1833 γεγονότα
2856 1766 2951 1821 καὶ
2991 1768 3319 1839 ἀποστάτην.
3353 1771 3524 1843 Εἴπερ
3562 1774 3850 1839 ἀσυνεσίας

604 1850 885 1912 delectari,
912 1858 966 1902 et
992 1862 1021 1901 a
1042 1847 1315 1903 charitate
1337 1845 1392 1900 in
1416 1836 1585 1899 Deum
1608 1845 1869 1914 separari.
1898 1842 2170 1914 Signiﬁcat

2277 1847 2528 1919 ἔγκλημα
2572 1852 2730 1904 νοοῖτ’
2762 1853 2830 1907 ἂν
2882 1854 3129 1923 εἰκότως,
3172 1856 3235 1910 τὸ
3256 1836 3394 1921 ⁷ταῖς
3453 1836 3561 1913 τιῦν
3614 1836 3853 1918 εἰδώλων

605 1956 735 2013 ergo
773 1943 876 1997 hoc
913 1939 1051 2006 loco,
1085 1956 1104 1990 ι
1133 1952 1198 1992 ne
1247 1938 1484 2007 ignores,
1507 1954 1527 1987 ι
1564 1951 1631 1991 ne
1668 1936 1745 1990 sis
1787 1934 1989 2002 fatuus,
2039 1950 2174 1991 neve

605 2043 845 2089 extrema
881 2028 1185 2100 insipientia
1211 2027 1428 2097 plenus.
1464 2024 1753 2083 .Pudel'acit
1792 2026 1987 2082 deinde
2010 2026 2173 2081 habi-

606 2132 780 2179 tantes
805 2119 1122 2187 Jerusalem,
1158 2133 1350 2188 nempe
1372 2118 1591 2183 Judam,
1621 2126 1680 2173 ut
1704 2116 2074 2174 simulatorem
2118 2112 2173 2174 et

603 2214 766 2284 impie
792 2212 1106 2283 iniuriosum
1125 2249 1142 2275 ,
1173 2210 1315 2280 quod
1340 2209 1602 2265 ambobus
1629 2210 1875 2278 incedat;
1907 2211 2014 2266 imo
2027 2212 2173 2282 quod

603 2305 865 2361 ambobus
890 2301 1179 2372 poplitibus
1221 2301 1378 2372 iuxta
1417 2301 1640 2356 verbum
1669 2302 1941 2372 prophetae
1972 2301 2172 2357 claudi-

603 2405 691 2451 cet
714 2395 781 2448 ".
814 2391 1076 2462 Fingebat
1108 2392 1252 2447 enim
1279 2391 1518 2447 studium
1545 2402 1599 2449 et
1623 2407 1863 2448 amorem
1896 2392 2172 2462 religionis

604 2505 732 2560 erga
747 2488 937 2552 Deum,
965 2497 1019 2543 et
1046 2484 1310 2542 sacriﬁcia
1337 2485 1543 2556 legibus
1571 2484 1812 2538 instituta
1832 2482 2168 2547 celebrabat,

607 2581 701 2638 sed
724 2580 1033 2647 neutiquam
1078 2577 1253 2632 adhuc
1280 2578 1345 2630 ad
1380 2577 1655 2630 (tantitanes
1695 2575 1840 2642 ipsos
1869 2574 2173 2628 adorandus

606 2684 899 2741 properare
939 2666 1237 2733 desinebat,
1275 2664 1384 2738 79
1427 2665 1527 2720 etsi
1568 2665 1619 2718 id
1660 2678 1766 2718 non
1807 2662 1940 2718 adeo
1966 2661 2168 2732 palam,

605 2776 792 2817 verum
824 2758 1036 2815 occulte
1070 2765 1124 2813 et
1159 2756 1409 2813 latenter.
1452 2755 1633 2823 Quare
1670 2755 1861 2811 beatus
1910 2755 2172 2826 propheta

608 2852 858 2909 Ezechiel
891 2851 1172 2922 perfodere
1208 2849 1473 2921 parietem
1509 2848 1694 2916 iussus
1733 2854 1850 2913 est;
1887 2861 1994 2916 quo
2030 2844 2174 2900 farto

605 2945 742 2999 vidit
767 2944 944 2999 omnia
970 2941 1119 2996 idola
1145 2939 1309 2995 Israel
1335 2940 1545 3008 depicta
1577 2939 1629 2991 in
1666 2938 1978 3006 parietibus.
2017 2937 2081 2990 Et
2105 2936 2172 2989 ad

607 3038 782 3107 ipsum
829 3034 1199 3087 universorum
1232 3031 1422 3084 Deus:
1467 3046 1487 3079 ι
1515 3027 1747 3093 Vidisti,
1788 3027 1859 3082 ﬁli
1904 3028 2170 3093 hominis,

607 3126 739 3198 quid
764 3126 1008 3181 seniores
1026 3123 1216 3177 domus
1240 3120 1404 3176 lsrael
1430 3120 1635 3176 faciant
1657 3118 1785 3174 hic?
1806 3120 2173 3189 unusquisque

2273 1939 2551 2010 λατρείαις
2580 1942 2941 2010 προσκεῖσθαι
2969 1945 3164 2013 φιλεῖν,
3193 1947 3287 2000 καὶ
3314 1946 3415 2017 τῆς
3446 1951 3527 2012 είς
3554 1949 3687 2005 Θεὸν
3717 1953 3855 2022 ἀγά-

2274 2046 2383 2100 πης
2404 2032 3168 2104 ἀπονοσφίζεσθαι.Σημαίνει
3193 2035 3256 2107 δὴ
3288 2031 3382 2089 οὖν
3412 2036 3598 2092 ἐνθάδε
3627 2040 3709 2107 τὸ,
3735 2061 3755 2093 ι
3779 2041 3855 2115 μὴ

2271 2122 2506 2191 ἀγνόει,ι
2528 2123 2610 2188 τὸ,
2634 2125 2707 2196 μὴ
2728 2124 2820 2178 ἔσο
2844 2127 3045 2197 μωρὸς,
3067 2127 3200 2199 μηδὲ
3213 2129 3313 2199 τῆς
3345 2132 3424 2195 είς
3445 2131 3596 2202 λῆξιν
3615 2134 3856 2205 ἡκούσης

2271 2212 2560 2278 ἀσυνεσίας
2584 2215 2856 2286 ἔμπλεως.
2904 2218 3187 2289 Ἐντρέπει
3229 2219 3287 2273 δὲ
3320 2222 3480 2275 πάλιν
3526 2223 3772 2287 καὶτοὺς
3797 2227 3854 2277 ἐν

2271 2305 2385 2367 τοῖς
2415 2305 2827 2376 Ἱεροσολύμοις,
2859 2308 3103 2361 τουτέστι
3135 2311 3226 2363 τὸν
3265 2311 3483 2376 Ἰούδαν,
3518 2312 3593 2375 ὡς
3627 2313 3856 2385 ὐποκρι-

2273 2393 2394 2464 τὴν,
2429 2395 2524 2448 καὶ
2549 2395 2778 2460 ἀνοσίως
2811 2398 3120 2469 ὑϐρίζοντα,
3169 2402 3259 2456 διά
3287 2420 3352 2472 γε
3385 2403 3479 2458 τυῦ
3529 2404 3730 2475 βαίνειν
3760 2407 3854 2460 ἐπ’

2272 2484 2460 2554 ἄμφω,
2516 2485 2721 2555 μᾶλλον
2770 2487 2827 2539 δέ
2888 2489 3146 2558 χωλεύειν
3198 2493 3286 2546 ἐπ’
3338 2497 3676 2568 ἀμφοτέραις
3731 2500 3856 2561 ταῖς

2277 2575 2503 2644 ἰγνύαις,
2533 2577 2672 2630 κατὰ
2707 2577 2804 2643 τὴν
2833 2580 2926 2632 τοῦ
2959 2587 3237 2653 προφήτου
3271 2589 3477 2656 φωνήν.
3529 2589 3857 2644 Ἐπλάττετο

2276 2668 2374 2739 μὲν
2414 2670 2522 2741 γὰρ
2564 2671 2899 2743 ἐπιτηδεύειν
2941 2691 3000 2728 τε
3050 2677 3144 2730 καὶ
3188 2678 3408 2749 ἀγαπᾷν
3448 2681 3548 2754 τὴν
3589 2684 3667 2746 είς
3715 2683 3855 2737 Θεὸν

2275 2759 2577 2826 εὐσέϐειαν,
2605 2762 2701 2816 καὶ
2730 2763 2828 2828 τάς
2858 2765 3004 2819 κατὰ
3029 2767 3192 2838 νόμον
3221 2770 3411 2836 Θυσίας
3444 2773 3646 2827 ἐτέλει*
3674 2773 3857 2845 ἀπήλ-

2272 2852 2437 2906 λακτο
2486 2854 2544 2907 δὲ
2595 2854 2843 2926 οὐδαμῶς
2882 2857 2978 2911 τοῦ
3021 2859 3116 2912 καὶ
3149 2861 3331 2925 αὐτοῖς
3376 2865 3691 2932 ἐπείγεσθαι
3735 2869 3858 2930 τοῖς

2272 2942 2565 3012 δαιμονίοις
2622 2948 2968 3016 προσκυνεῖν,
3013 2948 3060 3000 εί
3107 2950 3201 3002 καὶ¹
3248 2951 3322 3021 μὴ
3365 2952 3481 3006 λίαν
3523 2955 3857 3022 ἀναφανδὸν,

2274 3033 2388 3088 ἀλλ’
2429 3030 2521 3088 οὖν
2565 3037 2960 3107 κεκρυμμένως
3000 3039 3094 3093 καὶ
3132 3040 3449 3111 λεληθότως.
3492 3044 3601 3095 Καὶ
3644 3045 3778 3111 γοῦν
3830 3049 3862 3099 ὁ

2278 3125 2544 3195 μακάριος
2569 3128 2851 3197 προφήτης
2904 3129 3160 3202 Ἰεζεχιὴλ
3192 3131 3433 3200 ὀρύττειν
3475 3132 3532 3182 ἐν
3570 3133 3648 3200 τῷ
3680 3135 3867 3208 τοίχῳ

609 3231 796 3273 eorum
821 3216 876 3272 in
903 3213 1151 3271 cubiculo
1165 3212 1482 3269 abscondito
1505 3226 1712 3268 eorum.
1737 3211 1871 3278 Quia
1902 3211 2170 3279 dixerunt,

2277 3216 2685 3288 προσετάττετο.
2724 3215 2854 3272 Εἶτα
2884 3221 3136 3275 τεθέαται
3164 3220 3340 3273 πάντα
3375 3220 3443 3273 τά
3470 3221 3662 3276 εἴδωλα
3692 3225 3861 3281 οἴκου

608 3308 908 3378 Dereliquit
936 3306 1213 3373 Dominus,
1236 3320 1339 3359 non
1372 3305 1504 3360 vidit
1540 3303 1795 3358 Dominus
1825 3312 2023 3359 terram
2055 3305 2121 3356 “.
2148 3322 2168 3355 ι

610 3402 701 3457 Ait
752 3401 882 3455 item
927 3398 1208 3470 propheta,
1250 3411 1310 3452 se
1352 3396 1625 3465 aspexisse
1675 3394 1924 3449 mulieres
1961 3409 2176 3464 quoque

610 3491 860 3548 sedentes
910 3500 965 3545 et
997 3488 1310 3558 plangentes
1363 3485 1691 3546 Thammuz,
1730 3483 1820 3554 qui
1862 3483 2171 3539 Graecorum

608 3581 786 3653 lingua
821 3590 903 3636 est
923 3579 1148 3635 Adonis.
1163 3577 1415 3646 Perspice
1438 3577 1621 3647 igitur,
1647 3589 1755 3644 quo
1775 3587 1953 3645 pacto,
1980 3590 2175 3645 quam-

606 3674 689 3728 vis
727 3672 968 3727 divinum
1000 3668 1257 3739 templum
1293 3665 1659 3722 venerabundi
1696 3666 1929 3733 obirent,
1965 3672 2020 3721 et
2059 3667 2174 3721 eul-

609 3774 719 3818 tum
745 3763 985 3818 divinum
1011 3760 1308 3817 secundum
1346 3758 1518 3827 legem
1553 3757 1654 3812 sibi
1687 3758 1965 3827 proprium
2004 3767 2059 3812 et
2090 3772 2176 3827 pe-

607 3855 861 3909 culiarem
900 3867 1022 3908 esse
1060 3850 1398 3924 simularent,
1442 3848 1793 3905 nihilominus
1838 3846 2173 3904 clandestine

608 3945 839 4000 cultibus
873 3943 1122 3998 absurdis
1150 3950 1208 3997 et
1232 3938 1529 4002 diabolicis,
1560 3949 1616 3993 et
1644 3938 1754 3994 Deo
1780 3939 1968 3995 invisis
1997 3955 2056 3995 se
2092 3942 2174 3993 di-

608 4034 883 4088 videbant.
940 4031 1201 4097 Quocirca
1247 4046 1266 4079 c
1295 4028 1373 4081 Tu
1405 4027 1590 4091 Israel,
1622 4046 1642 4079 ι
1675 4028 1766 4096 qui
1822 4028 2041 4081 omnino
2080 4030 2193 4099 (ιστ-¹

606 4124 805 4181 ﬂexisti
834 4140 848 4179 :
874 4122 940 4176 de
971 4123 1053 4175 via
1083 4137 1101 4172 ι
1130 4133 1197 4175 ne
1227 4120 1463 4189 ignores,
1497 4135 1516 4169 ι
1546 4116 1738 4186 inquit.
1770 4115 1827 4171 ld
1846 4117 2176 4180 est,abstine

610 4218 678 4271 ab
724 4212 1035 4282 imperitia;
1066 4210 1266 4265 desiste
1295 4209 1365 4264 ab
1406 4208 1508 4262 hac
1536 4215 1644 4261 tam
1686 4221 1828 4261 vana
1868 4215 1922 4261 et
1949 4205 2172 4276 profana

607 4307 929 4369 voluntate;
970 4302 1197 4357 admitte
1239 4301 1578 4371 prudentiam
1627 4300 1730 4371 legi
1772 4309 1828 4354 et
1876 4300 2171 4369 prapltetis,

611 4397 727 4452 sive
764 4393 981 4449 Christo
1019 4402 1074 4447 et
1100 4391 1390 4459 Evangelia
1433 4403 1870 4447 consentaneam.
1906 4410 1925 4443 ι
1956 4391 2017 4444 Ει
2039 4389 2171 4444 Juda

2289 3305 2506 3377 Ἰσραὴλ
2536 3307 2985 3380 διαγεγραμμένα
3027 3311 3119 3362 ἐπὶ
3156 3311 3266 3362 τῶν
3306 3310 3519 3381 τοίχων.
3556 3313 3670 3367 Καὶ
3710 3319 3857 3388 πρὸς

2274 3397 2436 3450 αὐτὸν
2457 3399 2485 3450 ὁ
2523 3398 2633 3452 τῶν
2664 3399 2799 3452 ὅλων
2825 3399 2954 3462 Θεός
2977 3416 2992 3431 ο
3029 3417 3048 3451 ι
3088 3400 3386 3472 Ἑώρακας,
3419 3404 3501 3456 υἱὲ
3533 3402 3848 3475 ἀνθρώπου,

2272 3487 2310 3542 ἃ
2329 3488 2378 3541 oi
2402 3488 2763 3559 πρεσϐύτεροι,
2774 3490 2920 3544 οἴκου
2949 3490 3163 3562 Ἰσραὴλ
3184 3491 3426 3546 ποιοῦσιν
3454 3487 3555 3546 ὧδε
3578 3511 3593 3560 ;
3621 3494 3848 3559 ἕκαστος

2275 3582 2333 3632 ἐν
2360 3578 2437 3649 τῷ
2469 3580 2682 3635 κοιτῶνι
2701 3580 2777 3650 τῷ
2798 3580 3023 3650 κρυπτῷ
3048 3581 3244 3637 αὐτῶν.
3264 3584 3406 3636 Διότι
3430 3580 3613 3637 εἷπανυ
3652 3586 3845 3654 Ἐγκα-

2272 3668 2554 3722 ταλέλοιπε
2613 3669 2836 3740 Κύριος,
2897 3670 2997 3723 οὐκ
3050 3674 3223 3743 ἐφορᾷ
3283 3673 3487 3743 Κύριος
3524 3673 3623 3743 τὴν
3672 3666 3835 3743 γῆν.»

2276 3760 2573 3815 Τεθεᾶσθαι
2611 3763 2668 3816 δέ
2711 3780 2874 3833 φησιν
2902 3764 2931 3816 ὁ
2964 3766 3246 3835 προφήτης
3283 3766 3378 3818 καὶ
3412 3769 3675 3833 γυναῖκας
3711 3767 3838 3820 καθ-

2276 3869 2308 3921 η
2318 3852 2501 3922 μένας,
2527 3853 2619 3906 καὶ
2641 3853 2943 3924 θρηνούσας
2970 3855 3058 3909 τὸν
3071 3854 3355 3926 Θαμμούζ,
3373 3856 3430 3919 ὃς
3452 3859 3600 3909 ἐστιν
3625 3857 3839 3921 ’Ἄδωνις

2273 3947 2339 4015 τῇ
2390 3945 2656 4016 Ἐλλήνων
2686 3951 2857 4019 φωνῇ.
2890 3947 3080 4019 Ἀθρει
3113 3949 3176 4019 δὴ
3204 3945 3317 4015 οὖν,
3346 3950 3493 4013 ὅπως
3538 3951 3716 4003 καίτοι
3758 3949 3832 4002 τὸν

2276 4035 2416 4088 Θεῖον
2440 4038 2795 4108 περιέποντες
2819 4040 2968 4104 ναὸν,
2992 4041 3086 4093 καὶ
3109 4041 3206 4111 τῆς
3233 4041 3374 4093 κατὰ
3397 4042 3562 4111 νόμον
3594 4041 3832 4109 λατρείας

2278 4129 2688 4196 μεταποιεῖσθαι
2722 4130 3197 4202 προσποιούμενοι,
3228 4131 3527 4203 λεληθότως
3552 4128 3832 4201 κατεμερί-

2275 4216 2427 4283 ζοντο
2462 4220 2599 4290 πρὸς
2628 4220 2881 4293 λατρείας
2930 4226 3027 4288 τὰς
3073 4224 3393 4287 ἀλλοκότους
3431 4223 3526 4276 καὶ
3557 4218 3838 4292 δαιμονιώ-

2273 4308 2401 4373 δεις,
2466 4310 2560 4363 καὶ
2613 4312 2731 4382 Θεῷ
2784 4315 3281 4385 κατεστυγημένας.
3331 4312 3712 4367 ΟὐκοῦνοσΣὸ
3747 4310 3842 4380 μὲν

2286 4397 2520 4468 Ἰσραὴλ,
2545 4418 2563 4449 ι
2619 4400 2922 4469 ὁλοτρόπως
2968 4402 3332 4468 ἐκκεκλικὼς,
3380 4421 3399 4453 ι
3429 4401 3501 4473 μὴ
3528 4399 3775 4469 μάγνόει,
3819 4417 3837 4449 δ

611 4501 681 4543 ne
725 4483 1064 4556 ingredimini
1092 4484 1144 4537 in
1172 4482 1411 4551 Galgala,
1449 4491 1503 4536 et
1535 4482 1589 4535 in
1628 4482 1842 4537 domum
1875 4481 2170 4548 iniquitatis

2275 4490 2431 4556 φησὶ,
2457 4489 2732 4541 τουτέστιν
2757 4490 2995 4560 ἀπόσχου
3030 4493 3129 4562 τῆς
3157 4494 3414 4563 ἀμαθίας,
3442 4490 3713 4560 κατάληγε
3744 4488 3847 4559 τῆς

611 4593 679 4633 ne
720 4555 1032 4640 ascendite,
1080 4582 1133 4628 et
1172 4588 1240 4627 ne
1271 4573 1452 4642 iurate
1497 4571 1763 4626 viventem
1813 4569 2118 4623 Dominum.
2150 4588 2169 4620 ι

2278 4555 2449 4637 οὕτως
2499 4579 2704 4642 εἰκαίας
2749 4580 2842 4633 καὶ
2887 4555 3109 4650 βεϐήλου
3149 4555 3408 4653 γνώμης,
3437 4581 3586 4646 δέξαι
3632 4555 3846 4631 σύνεσιν

610 4666 763 4724 Haud
794 4667 936 4721 enim
980 4664 1231 4718 decorum
1260 4672 1344 4716 est
1367 4677 1464 4732 per
1490 4660 1655 4715 Deum
1696 4659 1900 4728 iurare,
1923 4670 2082 4726 atque
2127 4662 2170 4712 in

2278 4669 2376 4738 τὴν
2404 4668 2492 4721 διὰ
2511 4669 2671 4739 νόμου
2709 4672 2803 4725 καὶ
2846 4673 3137 4743 προφητῶν
3155 4713 3170 4737 ,
3207 4675 3325 4745 ἦτοι
3368 4674 3467 4745 τὴν
3492 4673 3580 4726 διὰ
3608 4665 3842 4742 Χριστοῦ

609 4761 795 4830 lingua
834 4756 1036 4811 habere
1076 4752 1345 4808 viventem
1392 4753 1703 4818 Dominum,
1741 4762 1796 4807 et
1832 4750 2048 4805 interim
2088 4753 2179 4803 ad-

611 4849 812 4906 dictum
842 4861 961 4903 esse
982 4845 1140 4901 idolis
1172 4854 1228 4901 et
1251 4845 1449 4900 vitulos
1478 4843 1748 4900 inanimos
1777 4843 2023 4898 adorare.
2039 4842 2181 4897 Con-

610 4942 785 4998 stituit
816 4940 1013 5009 quippe
1040 4936 1324 4993 Jeroboam
1349 4951 1515 4991 unum
1548 4936 1601 4990 in
1633 4934 1840 4998 Bethel,
1862 4934 2086 4988 alterum
2118 4935 2170 4987 in

610 5034 724 5088 Dan
756 5033 821 5086 “.
854 5030 968 5086 Non
1006 5029 1136 5085 sinit
1159 5029 1319 5098 igitur
1340 5028 1593 5098 pietatem
1615 5042 1745 5098 erga
1773 5026 1939 5082 Deum
1973 5025 2173 5097 ﬁngere

610 5140 706 5194 per
738 5122 1226 5193 pronuntiationem
1278 5120 1510 5174 nominis
1540 5118 1774 5185 Domini,
1801 5125 1856 5174 et
1901 5117 2173 5172 nihilomi-

613 5231 712 5270 nus
742 5218 805 5269 ad
832 5213 1161 5269 idololatrias
1179 5226 1300 5265 cum
1326 5209 1530 5264 ratione
1551 5218 1850 5280 pugnantes
1865 5208 2088 5274 auferri,
2116 5209 2168 5261 in

610 5307 849 5376 Galgala,
888 5315 941 5361 et
987 5306 1039 5360 in
1072 5305 1289 5359 domum
1325 5302 1624 5371 iniquitatis
1658 5301 2034 5358 ascendentes.
2061 5302 2168 5355 Do-

613 5413 758 5449 munt
793 5397 1092 5465 iniquitatis
1124 5404 1279 5451 vocat
1306 5393 1505 5448 Bethet.
1533 5392 1744 5460 Quare?
1762 5394 2003 5449 redditur
2024 5392 2169 5447 enim

613 5485 797 5539 Bethel
832 5485 1023 5541 Domus
1058 5487 1175 5541 Dei.
1216 5486 1322 5542 Sed
1349 5487 1538 5541 domus
1576 5485 1700 5539 idoli
1743 5484 1886 5540 facta
1926 5493 2029 5548 est,
2051 5496 2170 5536 cum

613 5574 787 5645 aliqua
816 5574 1010 5643 iniuria
1030 5586 1084 5632 et
1109 5580 1186 5632 rei
1225 5586 1283 5633 et
1312 5576 1646 5648 cognominis
1670 5593 1684 5630 :
1717 5575 1906 5630 domus
1941 5587 2174 5642 namque

682 5752 730 5785 ³⁸
759 5750 823 5808 111
857 5750 989 5821 Reg.
1024 5766 1098 5818 ιι,
1129 5751 1180 5805 5.
1255 5755 1298 5785 ’ί
1329 5755 1393 5809 111
1419 5755 1553 5823 Reg.
1581 5768 1737 5819 xvm,
1765 5749 1858 5805 21.
1934 5752 1978 5782 ³⁸
2004 5750 2197 5808 Ezech.
2229 5770 2324 5822 vn,
2362 5757 2442 5811 l‘l.

2278 4759 2372 4812 καὶ
2413 4759 2789 4831 εὐαγγελικήν.
2834 4783 2851 4815 ι
2875 4764 2984 4817 Καὶ
3017 4765 3206 4829 Ἰούδα,
3242 4765 3316 4837 μὴ
3355 4763 3739 4835 είσπορεύεσθε
3769 4764 3846 4825 είς

2278 4849 2549 4919 Γάλγαλα,
2571 4852 2661 4905 καὶ
2682 4856 2762 4917 είς
2776 4854 2866 4906 τὸν
2886 4853 3032 4908 οἷκον
3052 4855 3149 4924 τῆς
3174 4856 3385 4918 ἀδικίας
3410 4855 3483 4926 μὴ
3508 4853 3844 4914 ἀναϐαίνετε,

2277 4943 2371 4996 καὶ
2408 4942 2482 5014 μὴ
2520 4944 2741 5013 ὀμνύετε
2774 4945 2951 5008 ζῶντα
2983 4945 3187 5018 Κύριον
3214 4984 3230 5002 .
3252 4965 3269 4997 ι
3313 4947 3423 4998 Καὶ
3447 4945 3556 5016 γάρ
3595 4945 3711 4997 ἐστι
3742 4942 3847 4994 τῶν

2278 5034 2514 5097 ἀτόπων,
2540 5037 2722 5106 ὅρκιον
2757 5039 2857 5107 μὲν
2882 5038 3152 5092 ποιεῖσθαι
3174 5037 3325 5099 Θεὸν,
3357 5037 3449 5090 καὶ
3482 5037 3575 5089 ἐπὶ
3605 5033 3849 5103 γλώττης

2279 5122 2422 5193 ἔχειν
2465 5124 2556 5179 τὸν
2602 5125 2779 5190 ζῶντα
2822 5126 3062 5197 Κύριον,
3111 5126 3463 5197 προσκεῖσθαι
3524 5124 3582 5177 δὲ
3629 5122 3708 5194 τῷ
3758 5121 3844 5175 xc.‘

2278 5213 2515 5276 εἰδώλοις
2542 5216 2636 5267 καὶ
2672 5215 2899 5286 ἀψύχοις
2923 5216 3217 5286 δαμάλεσιν
3263 5216 3475 5269 ἑλέσθαι
3504 5214 3815 5289 προσκυνε’ν

2291 5305 2548 5383 ’ἀπέθετο
2585 5307 2693 5378 γὰρ
2737 5307 3040 5378 Ἰεροϐοὰμ,
3072 5308 3170 5378 τὴν
3201 5308 3327 5378 μίαν
3363 5310 3443 5371 είς
3485 5306 3688 5375 Βαιθὴλ
3709 5346 3724 5369 ,
3756 5322 3816 5359 >7.

2276 5394 2370 5465 τὴν
2403 5397 2595 5467 ἑτέραν
2628 5399 2708 5460 είς
2735 5399 2861 5451 Δάν.
2910 5399 3023 5451 Οὐκ
3053 5400 3119 5469 ἐᾷ
3149 5397 3438 5469 τοιγαροῦν
3464 5396 3767 5469 ὑποκρίνεσι
3804 5409 3816 5445 ;

2280 5489 2378 5556 μὲν
2403 5487 2499 5558 τὴν
2536 5491 2615 5552 είς
2645 5490 2779 5544 Θεὸν
2805 5490 3109 5555 εὐσέϐειαν,
3142 5491 3230 5544 διά
3262 5490 3355 5543 τοῦ
3377 5490 3468 5544 τὸν
3500 5488 3705 5559 Κύριον
3731 5485 3821 5535 ὀνο

2281 5576 2493 5647 μάζειν,
2531 5578 2992 5650 κατακομίζεσθαι
3020 5580 3078 5633 δὲ
3119 5581 3256 5651 πρὸς
3290 5579 3551 5642 ἐκτύπους
3593 5574 3847 5648 ψευδολιο

2520 5758 2564 5789 ³³
2604 5757 2670 5812 111
2709 5758 2839 5828 Reg.
2875 5773 2971 5824 xu,
3006 5756 3096 5813 29.
