4098 6276
313 418 418 474 1δῖ
1230 403 1778 461 COMMENTARIUS
1820 403 1886 458 IN
1927 403 2156 459 OSEAM
2197 401 2632 459 PROPIIETAM.
3448 405 3552 462 158

305 529 517 602 τρείας,
540 524 924 585 ἀναϐαίνοντας
971 523 1050 584 εἰς
1076 519 1346 588 Γάλγαλα,
1380 522 1474 574 καὶ
1517 523 1596 586 εἰς
1620 523 1712 575 τὸν
1743 519 1890 578 οἶκον

1995 523 2089 579 Dei
2120 524 2310 578 domus
2353 521 2478 578 idoli
2513 521 2705 589 evasit,
2752 529 2810 576 ut
2848 520 2978 577 dixi.
3010 518 3194 590 Itaque
3230 519 3424 576 alicubi
3462 537 3558 592 per

306 621 410 690 τῆς
440 617 669 679 ἀδικίας.
704 611 864 668 Οῐκον
895 612 952 665 δὲ
986 611 1197 675 ἀδικίας
1241 612 1493 681 ὀνομάζει
1525 614 1623 684 τὴν
1656 614 1881 684 suum.

1995 628 2049 668 os
2094 611 2341 668 Ieremia:
2361 613 2426 667 de
2456 612 2648 683 populo
2673 610 2839 668 lsrael
2866 613 2990 682 ait:
3025 629 3045 664 ι
3078 612 3215 679 Quid
3262 611 3457 668 dilecta
3501 613 3556 667 in

309 707 406 761 Διά
432 706 588 759 ποίαν
617 703 828 768 αἰτίαν;
865 700 1280 772 διερμηνεύεται
1310 700 1409 771 μὲν
1450 701 1558 773 γὰρ
1606 704 1638 772 ὴ
1685 703 1886 774 Βαιθὴλ

1995 703 2154 758 domo
2193 716 2311 757 mea
2358 701 2486 757 fecit
2527 704 2981 760 abominationem
3005 703 3133 757 “?D
3167 705 3370 759 Dixerit
3397 718 3558 775 porro

309 793 470 862 οἶκος
501 795 670 852 Θεοῦ.
699 794 838 846 Ἀλλ’
857 789 1004 854 οἶκος
1019 791 1234 845 εἰδώλου
1261 791 1501 861 γέγονεν,
1524 793 1886 864 ἀδικηθέντων

1995 793 2106 860 iure
2139 793 2515 847 universorum
2554 793 2694 849 Deus
2742 811 2905 864 super
2935 797 3001 851 iis
3033 796 3123 866 qui
3167 806 3291 852 sunt
3322 795 3386 850 de
3418 795 3560 848 tribu

306 890 504 961 τρόπον
541 887 685 951 τινὰ,
713 885 806 938 καὶ
835 882 929 936 τοῦ
970 882 1314 954 πράγματος,
1360 884 1455 937 καὶ
1495 884 1666 952 αύτῆς
1701 885 1758 938 δὲ
1790 888 1889 956 τῆς

1995 882 2126 939 Juda
2151 893 2206 939 et
2237 883 2550 952 Benjamin:
2580 902 2598 936 ι
2623 885 3031 956 Appropinquat
3061 888 3190 941 mihi
3222 887 3446 957 populus
3471 885 3560 941 hic

305 980 657 1050 ἐπωνυμίας·
691 974 836 1042 οἶκος
862 975 992 1045 γὰρ,
1028 974 1104 1037 ὡς
1142 973 1300 1044 ἔφην,
1341 974 1561 1029 εἰδώλου
1601 977 1822 1045 γέγονεν
1861 977 1890 1029 ό

1995 973 2169 1040 labiis,
2195 987 2292 1029 cor
2328 981 2506 1028 autem
2537 989 2722 1030 eorum
2754 976 2910 1045 longe
2928 986 3009 1031 est
3037 992 3066 1030 a
3091 993 3176 1033 me
3196 978 3262 1034 ".
3291 997 3308 1030 ι

303 1079 453 1144 οἰκος
484 1078 578 1134 τοῦ
616 1079 769 1132 Θεοῦ.
793 1079 903 1131 Καὶ
934 1077 1064 1146 γοῦν
1093 1075 1196 1148 ἔφη
1227 1095 1330 1130 που
1395 1072 1484 1129 διὰ
1540 1072 1636 1142 τῆς
1679 1070 1944 1142 Ἰερεμίου
1984 1069 2171 1140 φωνῆς
2219 1070 2348 1142 περὶ
2397 1070 2496 1133 τῆς
2546 1069 2783 1140 πληθύος
2827 1069 2938 1124 τῶν
2975 1071 3036 1135 ἐξ
3073 1073 3322 1142 Ἰσραήλ·
3383 1073 3484 1126 «Ti
3527 1075 3560 1144 ἡ

305 1175 642 1246 ἠγαπημένη
696 1175 752 1226 ἐν
796 1172 873 1244 τῷ
907 1175 1040 1244 οίκῳ
1091 1189 1191 1243 μου
1243 1170 1466 1241 ἐποίησε
1513 1167 1824 1238 βδέλυγμα;
1853 1182 1871 1216 ›
1915 1162 2050 1233 Φαίη
2092 1163 2136 1216 δ’
2178 1162 2245 1217 ἂν
2314 1161 2542 1225 εἰκότως
2569 1163 2597 1215 ὁ
2624 1161 2732 1214 τῶν
2794 1163 2930 1216 ὅλων
2959 1163 3111 1228 Θεὸς,
3154 1164 3243 1216 ἐπί
3273 1181 3335 1230 γε
3366 1165 3464 1233 τῆς
3501 1166 3560 1230 ἐξ

319 1270 491 1323 Ἰούδα
539 1271 632 1322 καὶ
676 1268 967 1338 Βενιαμίν·
1027 1285 1045 1320 ι
1083 1264 1323 1336 Ἐγγίζει
1381 1282 1471 1335 μοι
1522 1264 1551 1316 ὁ
1581 1263 1706 1325 λαὸς
1773 1252 1926 1322 οὗτος
1992 1259 2246 1328 χείλεσιν.
2305 1257 2369 1311 Ἦ
2407 1256 2464 1310 δὲ
2522 1257 2715 1328 καρδία
2757 1258 2934 1315 αὐτῶν
2977 1259 3165 1330 πόρρω
3218 1257 3410 1328 ἀπέχει
3467 1259 3562 1312 ἀπ’

305 1363 462 1417 ἐμοῦ.
495 1381 514 1414 ι

382 1381 462 1417 ου.
495 1381 514 1414 ι

343 1381 532 1508 μΔιότι
569 1452 651 1518 ὡς
676 1451 933 1518 δάμαλις
979 1451 1420 1520 παροιστρῶσα,
1459 1449 1649 1516 οὕτως
1682 1448 1892 1516 παροί-

2068 1439 2236 1495 Vsns.
2282 1438 2371 1494 16.
2416 1438 2681 1504 Quoniam
2711 1440 2848 1494 sicut
2890 1456 3043 1494 vacca
3085 1449 3240 1494 astro
3277 1443 3564 1498 concitatus

303 1559 577 1614 στρησεν
607 1543 868 1612 Ἰσραήλ.
897 1543 1006 1598 Καὶ
1026 1544 1142 1598 νῦν
1161 1543 1410 1614 νεμήσει
1431 1542 1652 1608 αὐτοὺς
1676 1541 1892 1610 Κύριος

1995 1540 2070 1587 est
2108 1530 2299 1586 Israel.
2343 1530 2503 1584 Nunc
2542 1540 2716 1600 pascet
2760 1548 2844 1586 eos
2885 1530 3140 1587 Dominus
3185 1542 3240 1586 ut
3278 1550 3466 1605 agnum
3511 1538 3564 1588 in

303 1641 388 1704 ὡς
425 1639 621 1706 ἀμνὸν
654 1636 1075 1703 ἐνεὺρυχώρῳ.

386 1731 522 1784 ΜΘ’.
565 1729 752 1798 Σοφῶς
776 1746 858 1792 τις
877 1729 1026 1798 ἡμᾶς
1057 1725 1163 1780 τῶν
1194 1727 1360 1796 ἁγίων
1381 1726 1472 1778 ἐπὶ
1502 1725 1600 1796 τὴν
1629 1725 1722 1778 τοῦ
1751 1739 1889 1793 συμ-

307 1823 570 1894 φέροντος
596 1820 769 1891 θὴραν
790 1819 1133 1890 ἀποκομίζει,
1159 1817 1348 1887 λέγων·
1371 1818 1520 1882 «Υἱὲ,
1549 1817 1623 1887 μὴ
1643 1814 1888 1888 ζηλούτω
1918 1855 1962 1910 Β

308 1930 408 1965 σου
440 1914 472 1983 ὴ
506 1913 702 1984 καρδία
734 1912 1108 1983 ἁμαρτωλοὺς,
1143 1911 1256 1964 ἀλλ’
1290 1912 1347 1963 ὲν
1375 1910 1522 1979 φόϐῳ
1547 1910 1754 1979 Κυρίου
1780 1907 1887 1962 ίσθι

307 2004 442 2073 ὃλην
469 2006 568 2073 τὴν
591 2004 818 2075 ἡμέραν.
852 2022 870 2055 ι
919 2001 1027 2064 Οὓς
1052 2001 1161 2072 γὰρ
1189 2000 1254 2054 ἄν
1281 2017 1366 2062 τις
1396 1997 1739 2067 καταψέξειε,
1777 1995 1893 2058 πῶς

306 2096 378 2148 ἂν
409 2094 582 2147 ἕλοιτο
609 2092 836 2164 ζηλοῦν;
867 2092 1104 2147 τοιοῦτόν
1139 2110 1190 2145 τι
1218 2091 1296 2161 τῷ
1329 2090 1500 2161 Ἰούδᾳ
1530 2089 1692 2160 φησὶν
1726 2089 1754 2142 6
1783 2087 1892 2140 τῶν

305 2183 450 2238 ὅλων
487 2183 640 2247 Θεός.
683 2183 774 2254 Μὴ
813 2183 921 2254 γάρ
947 2199 1030 2236 σοι
1071 2181 1314 2251 γενέσθω
1353 2179 1627 2252 πρόφασις
1655 2179 1733 2242 εἰς
1763 2177 1893 2231 ἀπό-

309 2293 504 2329 στασιν
538 2275 599 2328 τὸ
629 2275 1030 2346 παροιστρῆσαι
1069 2274 1160 2327 τὸν
1201 2273 1438 2345 Ἰσραὴλ,
1480 2271 1576 2325 καὶ
1607 2270 1767 2324 οἱονεὶ
1796 2269 1893 2340 τῆς

305 2369 513 2438 ἀγέλης
575 2367 930 2440 ἀποδραμεϊν,
975 2368 1033 2421 ἐν
1075 2365 1173 2437 ίσῳ
1227 2365 1540 2435 δαμάλεσιν,
1609 2358 1696 2427 αἷς
1735 2364 1893 2434 εἴπερ

305 2457 527 2530 οἶστρος
582 2459 901 2530 ὲνιξήσειεν,
956 2459 1074 2529 ἦτοι
1121 2451 1592 2528 βούτυπος(εἷδος
1637 2455 1694 2509 δὲ
1736 2454 1894 2508 τοῦτο

305 2551 558 2621 ἐμπίδος,
598 2548 894 2620 δακνούσης
931 2549 992 2601 οὐ
1009 2547 1306 2619 (pom-£660,
1341 2547 1606 2617 ἀποφέρει
1635 2547 1736 2616 τῆς
1770 2546 1895 2614 ἀγέ-

307 2640 433 2710 λης,
460 2642 554 2694 καί
593 2639 705 2704 ὀξεῖ
733 2639 995 2710 φέρεσθαι
1020 2639 1206 2710 δρόμῳ
1237 2636 1650 2710 παρασκευάζει
1683 2637 1892 2704 λοιπὸν,

308 2733 546 2802 ὅποιπερ
597 2731 662 2784 ἂν
707 2731 867 2802 τύχῃ.
927 2731 1000 2784 Ἦ
1060 2731 1181 2800 οὐχ).
1233 2729 1392 2782 τοῦτο
1447 2728 1752 2782 πεπονθότα
1803 2727 1894 2782 τὸν

324 2823 550 2894 Ἰσραὴλ
631 2823 964 2894 εὑρήσομεν;
1051 2819 1409 2890 Ἀπεφοίτησε
1466 2819 1565 2889 μὲν
1626 2819 1732 2892 γὰρ
1784 2819 1893 2873 τῶν

323 2913 740 2986 Ἰεροσολύμων,
769 2913 864 2966 καί
898 2913 986 2966 τὸν
1015 2911 1208 2965 ἑαυτοῦ
1249 2911 1470 2964 αἰπόλον
1507 2911 1687 2980 ἀφεὶς,
1733 2927 1894 2964 τουτ-

310 3009 436 3060 έστι
476 3006 633 3067 Θεὸν,
677 3004 856 3076 δεινὴν
901 3005 992 3056 καὶ
1026 3003 1299 3073 ἐπάρατον
1325 3002 1614 3074 ἐποιήσατο
1639 3003 1736 3073 τὴν
1763 3003 1893 3058 ἀπό-

311 3111 527 3148 στασιν.
565 3092 656 3164 Μὴ
697 3090 948 3163 ζηλώσῃς
983 3087 1286 3160 τοιγαροῦν,
1322 3081 1367 3142 ὦ
1418 3088 1607 3153 Ἰούδα,
1642 3089 1801 3158 φησί’
1841 3087 1892 3140 εἰ

309 3186 425 3256 γὰρ
463 3184 558 3237 καὶ
605 3184 662 3236 ὲν
706 3183 806 3253 ἴσῳ
852 3181 1118 3251 δαμάλεσι
1158 3179 1565 3251 παροιστρήσας
1607 3181 1635 3232 ὁ
1676 3177 1893 3251 Ἰσραὴλ

311 3274 488 3345 ᾤχετο
526 3273 661 3344 πρὸς
711 3273 1036 3336 ἀπόστασιν,
1091 3271 1207 3324 ἀλλ’
1251 3270 1352 3323 οὐκ
1384 3270 1618 3340 ἀζήμιον
1652 3269 1803 3322 ἔσται
1834 3268 1896 3322 τὸ

319 3365 624 3436 ἐγχείρημα
646 3364 811 3434 αὐτῷ.
855 3362 1241 3416 Ἀπελεύσεται
1270 3361 1380 3432 γὰρ
1409 3361 1771 3431 αἰχμάλωτος,
1801 3361 1896 3412 καὶ

321 3455 429 3524 τὴν
505 3453 826 3521 ὲνεγκοῦσαν
879 3452 1059 3522 ἀφεὶς,
1114 3451 1212 3522 τὴν
1268 3450 1495 3522 Περσῶν
1547 3449 1641 3502 καὶ
1697 3449 1896 3517 Μήδων

321 3543 710 3614 νεμηθήσεται.
743 3541 934 3595 Οὐκέτι
973 3540 1197 3612 θρασὺς,
1227 3539 1321 3592 καὶ
1354 3539 1636 3601 οἰονείπως
1662 3536 1892 3607 ὲξήνιος,

322 3635 423 3687 καὶ
463 3633 790 3704 ἀτιμαγέλης
832 3631 1091 3704 (τοιαύτη
1127 3631 1234 3702 γὰρ
1263 3629 1470 3694 ἀείπως
1500 3630 1647 3682 ἐστὶν
1685 3629 1717 3699 ὴ
1757 3645 1898 3699 παρ-

319 3719 591 3788 οιστρῶσα
670 3720 960 3791 δάμαλις),
1016 3720 1130 3773 ἀλλ’
1204 3720 1261 3773 ὲν
1317 3719 1416 3789 ῐσῳ
1485 3717 1724 3788 γεγονὼς
1783 3720 1896 3782 τοῖς

313 3812 646 3880 ἠπιωτάτοις
692 3813 904 3883 ἀμνοῖς.
941 3811 1207 3865 Ταπεινὸν
1251 3809 1359 3881 γὰρ
1399 3809 1486 3865 ἀεὶ
1515 3811 1608 3864 καὶ
1647 3809 1896 3881 περιδεὲς

304 3902 422 3957 τῶν
471 3904 832 3975 αἰχμαλώτων
876 3904 939 3956 τὸ
974 3903 1194 3974 χρῆμα,
1240 3903 1334 3956 καὶ
1376 3905 1475 3972 τῆς
1518 3902 1612 3955 τοῦ
1659 3902 1891 3970 πάσχειν

302 3996 499 4059 κακῶς
532 3995 744 4059 ἐλπίδος
776 3995 836 4047 ού
877 3993 1116 4064 μακρὰν,
1158 3994 1253 4048 καὶ
1293 3997 1360 4064 τῇ
1407 3993 1515 4046 τῶν
1550 3993 1895 4063 κρατούντων

300 4083 602 4154 πλεονεξία
642 4083 1078 4152 κατηχθημένον.
1141 4083 1464 4153 Εὐρύχωρον
1509 4083 1564 4136 δὲ
1615 4082 1714 4153 τὴν
1763 4084 1896 4152 Περι

304 4173 430 4227 σῶν
453 4190 512 4223 τε
567 4173 661 4224 καὶ
677 4173 880 4241 Μήδων
911 4170 1164 4240 ὀνομάζει
1187 4173 1312 4239 γῆν,
1347 4173 1628 4242 μονονουχὶ
1659 4172 1894 4226 τοιοῦτόν

295 4283 360 4318 τι
396 4264 579 4331 λέγων
604 4280 618 4295 ·
667 4263 762 4325 Εἰς
810 4262 1068 4316 πλατεῖαν
1104 4263 1198 4316 καί¹
1236 4263 1610 4332 άκατάληκτον
1661 4264 1895 4336 νεμηθή-

297 4372 473 4410 σεται
503 4356 624 4424 γῆν,
661 4354 754 4408 καὶ
797 4353 999 4415 πολλὰς
1020 4354 1240 4423 ἀμείψει
1270 4355 1494 4427 χωρίας,
1523 4355 1582 4408 ού
1616 4355 1704 4408 τὸν
1736 4355 1894 4409 αὑτὸν

293 4447 452 4517 ἔχων
499 4445 586 4498 ἀεὶ
617 4445 910 4511 δεσπότην,
957 4443 1092 4496 ἀλλά
1130 4445 1263 4515 πρὸς
1315 4445 1414 4515 τὴν
1464 4443 1557 4498 τοῦ
1606 4445 1891 4516 δεχομένου

1993 1623 2244 1691 spatioso.

2061 1711 2248 1766 XLIX.
2267 1711 2552 1780 Sapienter
2574 1711 2791 1782 quidam
2810 1721 3120 1768 sanctorum
3149 1715 3214 1767 ad
3239 1730 3565 1786 persequen-

1991 1803 2114 1858 dam
2143 1798 2430 1857 utilitatem
2465 1812 2706 1857 nostram
2742 1817 2838 1858 nos
2879 1804 3114 1870 deducit,
3145 1805 3258 1876 80
3288 1822 3408 1860 cum
3442 1810 3516 1861 ait
3546 1827 3558 1860 :

1998 1915 2016 1949 ι
2058 1894 2184 1960 Fili,
2219 1909 2325 1949 non
2357 1895 2642 1950 azmuletur
2675 1909 2768 1949 eor
2806 1905 2951 1948 tuum
2994 1905 3337 1965 peceatores,
3374 1899 3467 1953 sed
3510 1900 3562 1953 in

1993 1987 2185 2042 timore
2237 1985 2447 2041 Domini
2499 1995 2615 2040 esto
2661 1995 2770 2040 tota
2815 1986 2899 2042 die
2924 1986 2990 2068 'f.
3027 2006 3047 2038 ι
3087 1989 3232 2054 Quos
3269 1992 3411 2044 enim
3444 1991 3565 2060 quis

1993 2077 2314 2146 culpaverit,
2347 2076 2616 2146 quomodo
2644 2077 2844 2131 imitari
2878 2079 3100 2146 cupiat?
3147 2081 3275 2136 Tale
3309 2083 3564 2150 quiddam

1992 2169 2058 2225 ad
2096 2167 2232 2224 Juda
2275 2170 2646 2224 universorum
2684 2168 2824 2223 Deus
2858 2187 2872 2224 :
2910 2168 2985 2224 Ne
3019 2179 3070 2226 te
3099 2173 3164 2226 ad
3208 2171 3562 2229 defectionem

1997 2260 2273 2327 sollicitet,
2305 2261 2504 2331 inquit,
2534 2262 2676 2331 quod
2717 2260 2884 2318 Israel
2927 2272 3098 2318 (nstro
3125 2263 3428 2332 exagitatus
3457 2275 3562 2331 est,

1993 2359 2049 2406 et
2090 2363 2347 2422 tanquam
2394 2365 2592 2416 vaccae,
2637 2350 2835 2420 quibus
2871 2349 3147 2415 tabanum,
3180 2361 3271 2404 aut
3302 2350 3564 2420 βούτυπος

1993 2458 2118 2499 cum
2149 2442 2344 2498 insedit
2377 2442 2606 2515 (species
2636 2452 2719 2496 est
2747 2442 2956 2508 culicis,
2985 2443 3398 2498 intolerabiliter
3419 2459 3564 2498 mor-

1995 2531 2218 2603 dentis),
2255 2533 2323 2587 ab
2354 2541 2599 2586 armento
2632 2541 2868 2602 separat,
2900 2542 3059 2602 atque
3085 2533 3151 2588 ad
3177 2533 3407 2589 celerem
3438 2549 3563 2588 cur-

1994 2641 2111 2680 sum
2157 2639 2262 2695 qua
2316 2623 2403 2678 via
2455 2626 2612 2678 datur
2658 2624 2865 2679 incitat.
2913 2628 2993 2678 Au
3021 2639 3124 2680 non
3183 2625 3324 2680 istud
3379 2624 3566 2681 lsraeli

1994 2716 2282 2786 contigisse
2307 2713 2552 2771 constat?
2583 2715 2840 2772 Discessit
2869 2715 3010 2770 enim
3046 2715 3446 2787 Hierosolyma,
3482 2729 3557 2784 et,

1992 2818 2210 2878 pastore
2246 2820 2344 2862 suo
2370 2807 2582 2873 relicto,
2613 2807 2717 2862 hoc
2767 2817 2849 2863 est
2890 2807 3029 2875 Deo,
3065 2816 3255 2862 tetram
3291 2823 3354 2863 ac
3415 2810 3564 2863 dete-

1993 2899 2241 2954 standam
2269 2898 2542 2969 apostasin
2588 2896 2908 2968 designavit.
2959 2896 3036 2952 Ne
3079 2898 3242 2968 igitur
3273 2899 3566 2967 aemuleris,

1992 3003 2026 3044 ο
2059 2988 2218 3055 Juda,
2251 2989 2443 3058 inquit.
2478 2987 2738 3056 Quamvis
2779 2989 2924 3043 enim
2971 2988 3146 3045 instar
3185 3004 3364 3044 vacca:
3400 3001 3572 3046 (nstro

1993 3082 2230 3152 percitus
2261 3079 2428 3136 Israel
2459 3080 2525 3134 ad
2556 3079 2652 3136 def
2666 3079 2932 3135 ectioncm
2977 3079 3233 3151 profugit,
3267 3090 3443 3136 tamen
3487 3081 3569 3136 ia-

1919 3186 1963 3244 C
1995 3175 2149 3230 ciuus
2178 3175 2349 3228 audax
2385 3187 2491 3228 non
2520 3173 2732 3244 impune
2752 3171 3048 3226 admiserit.
3073 3171 3314 3242 Migrabit
3339 3187 3570 3242 namque

2002 3265 2250 3336 captivus
2279 3275 2332 3320 et
2360 3265 2593 3320 extorris
2635 3264 2830 3332 patria,
2877 3263 3164 3319 Persarum
3200 3279 3264 3318 ac
3292 3263 3566 3320 Medorum

2003 3366 2179 3412 terras
2231 3355 2516 3421 habitabit,
2563 3370 2671 3410 non
2721 3355 2953 3426 amplius
2999 3357 3175 3411 audax
3248 3363 3302 3412 et
3351 3357 3569 3413 elfrenis

2002 3446 2421 3516 quodammodo,
2455 3455 2511 3502 et
2544 3461 2574 3500 a
2605 3461 2766 3518 grege
2799 3461 2858 3503 se
2885 3447 3198 3520 disjungens
3229 3449 3387 3519 (talis
3424 3449 3568 3504 enim

2001 3552 2214 3608 semper
2241 3548 2326 3592 est
2358 3552 2522 3593 vacca
2551 3546 2719 3594 (nstro
2755 3538 3075 3606 stimulata),
3111 3539 3206 3594 sed
3247 3539 3438 3593 similis
3467 3541 3565 3593 erit

2003 3627 2156 3697 agnis
2181 3628 2653 3683 mansuetissimis.
2684 3626 2910 3698 Semper
2933 3629 3076 3683 enim
3101 3629 3295 3696 captivi
3318 3627 3565 3689 humiles.

2001 3725 2057 3770 et
2077 3715 2398 3779 meticulosi,
2423 3725 2478 3769 et
2511 3714 2579 3769 ab
2606 3715 3070 3771 incommodorum
3099 3717 3566 3784 perpetiendorum

2007 3807 2200 3861 timore
2232 3805 2375 3859 haud
2409 3804 2596 3874 procul
2621 3806 2840 3868 absunt,
2871 3815 2924 3862 et
2951 3805 3290 3861 dominorum
3329 3806 3567 3876 imperiis

2001 3907 2317 3953 onerantur.
2370 3896 2671 3966 Spatiosam
2703 3905 2882 3952 autem
2930 3897 3218 3954 Persarum
3265 3898 3540 3954 Medorum

2001 4004 2108 4060 que
2162 3989 2434 4060 regionem
2503 3989 2762 4059 appellat,
2815 3991 3196 4059 propemodum
3262 3989 3564 4063 lmjusmodt

2001 4081 2274 4152 quidpiam
2303 4081 2487 4136 dicens
2512 4099 2524 4132 :
2549 4081 2606 4134 In
2643 4091 2784 4136 terra
2825 4081 2929 4135 lata
2969 4091 3018 4135 et
3058 4082 3318 4137 immensa
3357 4083 3559 4136 habita-

2001 4175 2098 4236 bit,
2131 4185 2186 4226 et
2219 4173 2415 4225 multas
2439 4173 2685 4238 regiones
2719 4187 2839 4224 cum
2869 4171 3097 4224 dominis
3135 4166 3378 4226 mutabit.
3418 4172 3565 4238 Quor

2001 4263 2311 4330 contingere
2363 4269 2536 4329 potest
2590 4260 2752 4314 etiam
2820 4259 3013 4314 animae
3072 4274 3190 4328 quae
3250 4262 3564 4318 charitatem

2000 4370 2126 4426 erga
2155 4355 2324 4408 Deum
2353 4351 2618 4423 neglexit;
2645 4352 3041 4422 circumagetur
3073 4353 3214 4406 enim
3248 4368 3564 4426 quocunque

2011 4450 2226 4502 tandem
2263 4446 2592 4500 daemonibus
2633 4445 2936 4500 collibuerit
2992 4445 3224 4515 captiva,
3273 4448 3466 4502 misera
3514 4458 3564 4502 ul

295 4539 794 4610 μετανιστάμενος.
829 4536 1000 4590 Πάθοι
1038 4536 1081 4588 δ’
1108 4535 1366 4590 ἂνοτοῦτο
1400 4537 1532 4589 αύτὸ
1566 4539 1659 4590 καὶ
1683 4538 1890 4610 ἀνθρώ-

1997 4537 2245 4594 imbellis.
2285 4538 2462 4606 Atque
2507 4537 2729 4606 insuper
2764 4538 2884 4606 jure
2913 4537 3094 4591 audiet
3130 4552 3157 4590 a
3190 4535 3298 4591 Deo
3331 4556 3342 4591 :
3379 4556 3397 4588 ι
3433 4539 3559 4590 Eru-

288 4649 407 4684 που
445 4629 616 4700 ψυχὴ,
662 4629 762 4698 τῆς
790 4629 925 4699 πρὸς
954 4629 1045 4682 τὸν
1072 4628 1204 4682 Θεὸν
1232 4629 1452 4698 ἀγάπης
1483 4629 1888 4701 όλιγωρήσασα.

288 4723 803 4795 Περιενεχθήσεται
832 4721 941 4792 γάρ
969 4721 1048 4785 εἰς
1085 4722 1192 4775 πᾶν
1222 4720 1400 4774 ὁτιοῦν
1431 4721 1537 4774 τῶν
1564 4723 1674 4784 τοῖς
1702 4722 1883 4792 δαιμοο

1998 4631 2106 4683 dict
2165 4637 2215 4682 te
2271 4628 2539 4695 apostasia
2593 4636 2718 4692 tua,
2766 4638 2819 4680 et
2870 4626 3068 4680 malitia
3111 4636 3196 4679 tua
3263 4635 3313 4681 te
3379 4628 3563 4682 redar-

1998 4732 2121 4790 guet
2147 4721 2212 4773 ’⁷.
2247 4738 2264 4770 ι

286 4819 439 4880 vim;
509 4815 900 4884 ἡγαπημένων.
960 4815 1333 4885 Αἰχμάλωτος,
1395 4818 1489 4869 καὶ
1553 4816 1721 4886 δειλὴ,
1791 4819 1886 4872 καὶ
1955 4817 2199 4880 ἄναλκις,
2269 4818 2360 4870 καὶ
2411 4816 2473 4887 δὴ
2521 4817 2614 4868 καὶ
2693 4816 2914 4879 δικαίως
2964 4817 3253 4871 ἀκούσεται
3320 4817 3563 4886 λέγοντος

282 4907 441 4965 Θεοῦ
466 4925 481 4937 υ
529 4925 547 4958 ‹
578 4906 861 4958 Παιδεύσει
890 4924 948 4959 σε
977 4908 1010 4976 ἡ
1039 4909 1343 4960 ἀποστασία
1381 4924 1494 4971 σου,
1527 4909 1622 4960 καὶ
1656 4909 1688 4978 ἡ
1719 4911 1884 4962 κακία
1922 4927 2012 4962 σου
2040 4910 2243 4978 ἐλέγξει
2289 4927 2369 4962 σε.
2398 4930 2413 4959 ι

361 4999 653 5066 Μέτοχος
684 4997 941 5051 εἰδώλων
984 4998 1223 5067 Ἐφραῒμ
1251 4999 1464 5065 έθηκεν
1497 4998 1686 5063 ἐαυτῷ
1707 4999 1892 5053 σκάν-

195 5076 210 5118 ,
280 5095 482 5156 δαλα,
528 5089 753 5160 ᾐρέτιζξ
803 5089 1192 5153 Χαναναίους.
1224 5091 1623 5158 Πορνεύοντες
1651 5091 1892 5158 ἐξιεετὸρ⁸

279 5199 567 5246 νευσαν,
609 5179 936 5250 ἠγάπησαν
971 5181 1208 5250 ἀτιμίαν
1254 5183 1323 5234 ἐκ
1369 5181 1750 5251 φρυάγματος
1790 5183 1894 5234 αὺ-

280 5275 434 5328 τῶν.
464 5269 798 5338 Συστροφὴ
829 5271 1161 5338 πνεύματος
1182 5271 1262 5325 σὺ
1295 5266 1353 5325 εἷ
1371 5272 1440 5324 ἐν
1457 5271 1586 5336 ταῖς
1609 5270 1893 5337 πτέρυξιν

279 5363 520 5431 αὐτῆς,
556 5359 654 5414 καί
683 5359 1308 5427 καταισχυνθήσονται
1345 5362 1412 5412 ἐκ
1437 5357 1556 5412 τῶν
1571 5361 1897 5426 θυσιαστη-

269 5458 440 5526 ρίων
467 5452 698 5508 αὐτῶν.

361 5550 452 5602 N'.
493 5530 623 5598 Ἐτι
670 5544 747 5615 τῷ
783 5545 1036 5614 προφήτῃ
1086 5544 1217 5615 πρὸς
1261 5545 1351 5596 τὸν
1397 5541 1596 5595 Ἰούδαν
1643 5540 1670 5590 ὁ
1712 5540 1883 5607 λόγος,

282 5637 788 5706 ὑποπλαττόμενον
849 5639 970 5705 μὲν,
1021 5638 1093 5700 ὡς
1151 5636 1308 5706 ἔφην,
1354 5636 1416 5686 τὸ
1473 5634 1881 5703 μεταποιεῖσθαι

359 5753 416 5785 ⁸⁵
450 5749 576 5807 Jer.
603 5764 676 5813 XI,
709 5752 796 5805 15.
873 5753 916 5783 ’⁸
950 5753 1058 5806 lsa.
1091 5765 1240 5811 xxiv,
1281 5750 1362 5803 15.

679 5843 944 5906 Parnm“
991 5848 1106 5903 (in.
1163 5843 1304 5901 LXX
1320 5844 1360 5899 Ι.

1440 5750 1482 5779 ’⁵
1519 5748 1676 5802 Prov.
1710 5763 1858 5812 xxm,
1903 5746 1984 5798 17.

2068 5002 2236 5057 Vens.
2280 5001 2467 5056 17-19.
2514 5001 2781 5067 Particeps
2814 5000 3073 5053 idolorum
3111 4999 3358 5069 Ep/traim
3387 5007 3561 5070 posuit

1998 5093 2098 5146 sibi
2135 5093 2411 5156 scandala,
2437 5102 2483 5145 et
2512 5095 2661 5162 elegit
2695 5091 3044 5146 Chanana’os.
3078 5091 3422 5148 Fornicantes
3453 5095 3558 5163 for-

2001 5184 2162 5237 nicati
2207 5192 2364 5248 sunt,
2410 5193 2460 5236 et
2516 5184 2810 5236 dilca‘erunt
2851 5183 3191 5252 ignominiam
3244 5201 3306 5237 cx
3352 5185 3561 5253 fremitu

2000 5289 2198 5324 eorum.
2235 5271 2408 5324 Turbo
2441 5274 2656 5340 spiritus
2685 5285 2740 5325 tu
2775 5289 2826 5326 cs
2858 5273 2910 5327 in
2941 5271 3043 5325 alis
3079 5273 3210 5342 ejus,
3253 5285 3300 5328 et
3339 5276 3560 5345 confun«

1997 5363 2185 5415 dentur
2231 5379 2294 5414 ex
2334 5362 2589 5415 altaribus
2629 5365 2755 5415 suis.

2062 5539 2122 5592 L.
2168 5540 2354 5593 Adhuc
2379 5541 2636 5607 prepltcta
2655 5538 2842 5590 Judam
2866 5537 3174 5607 alloquitur,
3198 5541 3559 5604 simulantem,

1985 5642 2038 5683 ut
2082 5631 2214 5694 disi,
2264 5645 2320 5682 se
2367 5630 2532 5694 legem
2575 5640 2627 5681 ut
2677 5628 2942 5695 propriam
2992 5630 3090 5684 sibi
3142 5641 3426 5699 capessere
3455 5667 3468 5690 ,
3511 5639 3563 5679 et.

2065 5747 2105 5775 ²⁷
2143 5746 2298 5798 l‘rttv.
2337 5759 2408 5804 γι,
2441 5743 2522 5795 12.

3097 5838 3126 5892 5
