4098 6276
534 367 636 426 139

1526 369 1586 425 S.
1625 368 1896 427 CYRILLI
1936 371 2405 430 ALEXANDRINI
2443 373 2762 432 ARCHIEP.

3683 394 3790 450 MO

527 483 745 555 pietatis
774 498 900 556 erga
932 485 1101 542 Deum
1137 485 1398 542 rationem
1429 500 1535 542 non
1567 487 1844 557 vulgarem
1878 489 2084 546 dueere.

2201 489 2296 544 τοῦ
2323 491 2512 560 νόμου,
2544 491 2638 545 καὶ
2668 490 2769 562 τὴν
2801 493 2881 556 εἰς
2923 491 3056 548 Θεὸν
3079 495 3358 553 εὐσέϐειαν
3385 501 3486 555 οὐκ
3514 502 3572 557 ὲν
3603 506 3785 577 μικρῷ

528 587 650 626 cum
685 571 889 628 interea
935 575 1073 628 clam
1109 588 1137 626 a
1174 574 1410 629 colendis
1447 575 1750 630 daemonum
1796 577 2101 636 simulacris

527 665 672 719 haud
700 665 1037 721 abhorreret.
1061 666 1167 736 ει
1194 665 1357 736 Ergo,
1391 669 1531 737 quod
1561 669 1906 739 sequebatur,
1946 689 1964 721 ι
1985 671 2102 727 ido-

526 756 701 810 lorum
756 757 1026 826 particeps
1085 759 1259 814 factus
1307 769 1390 814 est
1447 759 1738 830 Ephraim,
1774 779 1792 813 ι
1845 761 1946 816 hoc
1983 773 2097 830 est,

524 845 727 913 Israel;
767 847 847 903 sic
893 848 1037 903 enim
1086 849 1396 904 nominatur
1436 864 1465 902 a
1503 850 1644 905 tribu
1689 865 1810 920 qua:
1860 854 2001 922 apud
2041 870 2102 910 se

528 951 707 992 rerum
736 940 1060 1007 potiebatur,
1090 939 1422 1006 Jeroboami,
1466 941 1712 1012 inquam,
1745 945 1811 999 de
1838 953 2022 1001 monte
2046 954 2101 1002 et

523 1027 668 1082 tribu
718 1029 974 1100 Epltraim
1015 1032 1254 1088 oriundi.
1305 1033 1372 1088 Et
1407 1036 1862 1104 quemadmodum
1904 1037 2097 1094 Iudam

518 1126 680 1173 vocat
729 1134 847 1174 eam
883 1136 1001 1189 quae
1041 1131 1161 1175 erat
1199 1121 1606 1195 Hierosolymis,
1641 1128 1885 1198 regnanti
1936 1128 2096 1184 tribui

519 1207 933 1275 appellationem
967 1226 1118 1264 suam
1159 1227 1417 1282 servans;
1463 1216 1542 1272 sic
1573 1225 1628 1271 et
1665 1217 1718 1273 in
1765 1217 1937 1274 Israel
1973 1233 2094 1274 cum

520 1297 761 1352 nominat
811 1299 1087 1370 Ephraim,
1138 1317 1166 1355 a
1221 1303 1384 1370 tribu,
1438 1320 1606 1375 penes
1666 1323 1827 1377 quam
1871 1323 2093 1380 regnum

507 1397 656 1456 erat,
698 1394 960 1446 nominat.
1028 1393 1304 1465 Particeps
1375 1397 1538 1466 igitur
1586 1398 1762 1456 factus
1795 1407 1879 1455 est
1925 1400 2094 1456 idolo-

524 1494 644 1532 rum
696 1478 972 1549 Epitraim,
1022 1483 1215 1556 inquit.
1289 1487 1546 1542 Adoravit
1594 1489 1738 1545 enim
1809 1487 2094 1562 Egyptio-

515 1581 636 1620 rum
679 1584 900 1636 numen,
957 1572 1213 1627 nimirum
1263 1575 1441 1644 Apim,
1485 1577 1599 1631 sive
1636 1576 1886 1643 vitulum,
1933 1593 2092 1647 quem

477 1659 591 1715 illi
638 1675 736 1729 pro
770 1661 887 1716 Deo
946 1663 1210 1718 colebant.
1263 1665 1385 1718 Fuit
1432 1666 1782 1722 nihilominus
1826 1671 2094 1740 particeps

512 1749 806 1819 impietatis
843 1759 898 1805 et
930 1765 1154 1807 summm
1184 1753 1469 1808 dementia:
1495 1753 1946 1821 Chananaeorum,
1999 1760 2090 1829 qui

2203 583 2474 637 ποιεῖσθαι
2526 585 2688 654 λόγῳ,
2722 583 3103 642 διανενευκότα
3146 589 3204 643 δὲ
3256 587 3556 664 λεληθότως
3589 597 3681 650 ἐπὶ
3725 599 3785 652 τὸ

2204 674 2400 746 χρῆναι
2436 675 2604 744 τιμᾷν
2624 673 2692 727 τά
2719 673 2827 727 τῶν
2855 673 3144 744 δαιμονίων
3195 677 3508 750 ἰνδάλματα.
3550 682 3781 748 οὐκοῦν,

2210 781 2227 813 ι
2255 762 2470 831 Γέγονε,
2501 781 2520 815 ι
2560 763 2744 834 φησὶν,
2781 763 3225 836 ὁμολογουμένως
3251 787 3270 818 ι
3291 770 3515 841 μέτοχος
3546 772 3781 829 εἰδώλων

2201 854 2466 926 Ἐφραῒμ,
2495 873 2514 906 ι
2575 855 2870 921 τουτέστιν,
2929 857 2958 909 ὁ
3017 857 3253 930 Ἰσραήλ.
3332 863 3655 933 Ὠνόμασται
3723 866 3781 919 δὲ

2199 943 2371 1009 οὕτως
2403 944 2512 998 ἀπὸ
2537 944 2637 1014 τῆς
2655 947 2786 1016 παρ’
2811 947 2960 1018 αύτῷ
2980 950 3286 1022 κρατούσης
3312 954 3506 1023 φυλῆς,
3531 957 3673 1026 φημὶ
3689 957 3776 1028 δὴ,

2197 1037 2296 1105 τῆς
2339 1033 2433 1086 τοῦ
2493 1034 2789 1107 Ἱεροὸοάμ·
2850 1032 2918 1108 ἦν
2969 1039 3077 1111 γὰρ
3133 1040 3190 1108 ἐξ
3236 1041 3397 1114 ὅρους
3456 1045 3550 1098 καὶ
3605 1046 3778 1117 φυλῆς

2211 1123 2474 1194 Ἐιρραῖμ.
2525 1127 2635 1179 Καὶ
2667 1126 2853 1200 ὥσπερ
2889 1128 3090 1184 Ἰούδαν
3117 1131 3216 1204 τὴν
3245 1134 3302 1186 ἐν
3329 1136 3442 1199 τοῖς
3483 1135 3776 1207 Ἰεροσολύ-

2201 1230 2322 1284 μοις
2362 1216 2649 1283 ἀποκαλεῖ,
2707 1222 2773 1290 τῇ
2828 1219 3190 1295 ϐασιλευούσῃ
3235 1224 3377 1296 φυλῇ
3431 1225 3532 1298 τὴν
3585 1227 3776 1298 κλῆσιν

2197 1306 2536 1376 τετηρηκὼς,
2565 1308 2738 1373 οὕτως
2759 1311 2854 1363 καὶ
2878 1312 2971 1363 ἐπὶ
2988 1313 3082 1366 τοῦ
3117 1315 3355 1386 Ἰσραὴλ,
3379 1317 3506 1370 ὅταν
3534 1317 3776 1392 ὀνομάζῃ

2195 1396 2287 1449 τὸν
2328 1397 2588 1469 Ἐφραῖμ,
2633 1400 2742 1453 ἀπὸ
2771 1401 2869 1471 τῆς
2897 1402 3284 1475 βασιλευούσης
3323 1407 3494 1477 φυλῆς
3540 1413 3774 1463 ποιεῖται

2194 1485 2292 1557 τὴν
2321 1486 2638 1558 ὀνομασίαν.
2680 1491 2925 1562 Μετέσχε
2964 1491 3026 1564 δὴ
3050 1487 3142 1546 οὖν
3183 1495 3212 1547 ὀ
3241 1495 3479 1567 Ἐφραῒμ
3518 1497 3771 1564 εἰδώλων,

2196 1576 2350 1646 φησί.
2383 1578 2803 1650 Προσκεκύνηκε
2847 1580 2955 1652 γὰρ
2983 1581 3061 1652 τῷ
3103 1583 3415 1650 Αἰγυπτίων
3445 1586 3770 1657 σεδάσματι,

2198 1668 2365 1732 Ἀπις
2389 1669 2446 1724 δὲ
2473 1665 2562 1740 ἦν,
2590 1671 2708 1740 ῆτοι
2727 1671 2954 1743 δάμαλις
2973 1674 3033 1727 τὸ
3056 1674 3281 1729 ἐκείνων
3307 1677 3491 1741 σέϐας.
3522 1679 3769 1750 Μετέσχε

2193 1759 2249 1813 δὲ
2277 1761 2429 1815 οὐδὲν
2456 1755 2622 1832 ἦττον
2665 1764 2759 1843 καὶ
2786 1764 2887 1833 τῆς
2916 1765 3023 1819 τῶν
3052 1767 3378 1823 Χαναναίων
3420 1770 3768 1843 ἀνοσιότητος

517 1848 627 1892 tam
677 1850 834 1910 turpe
887 1839 1112 1916 idolum,
1139 1840 1471 1916 Beelpltegor
1528 1844 1757 1910 scilicet.
1809 1848 1985 1903 colere
2029 1857 2082 1904 et

2187 1852 2279 1906 καὶ
2299 1852 2536 1924 ἀμέτρου
2554 1838 2994 1926 φρενοϐλαϐείας,
3016 1859 3066 1911 οἳ
3087 1859 3147 1911 τὸ
3164 1861 3385 1932 αἰσχρὸν
3411 1861 3584 1926 οὕτως
3612 1838 3766 1917 εἴδω-

513 1931 742 1985 adorare
784 1930 1086 1986 voluerunt.
1123 1933 1319 1988 Verum
1373 1935 1475 1990 hoc
1511 1934 1652 1990 facto
1693 1936 1948 2006 Ephraim
1995 1938 2089 1992 im-

501 2019 689 2088 posuit
730 2019 832 2074 sibi
885 2020 1157 2075 scandala.
1214 2021 1488 2092 Opiferum
1537 2025 1680 2080 enim
1735 2035 1789 2080 et
1844 2025 2086 2082 datorem

511 2112 676 2165 Deum
705 2111 948 2167 violavit.
987 2130 1006 2163 ι
1041 2112 1213 2183 Elegit
1242 2113 1601 2185 Chananteos,
1640 2134 1658 2167 ι
1695 2132 1814 2188 pro,
1849 2118 2084 2186 ipsorum

510 2206 929 2260 consuetudines
967 2214 1022 2260 et
1072 2207 1207 2261 ritus
1244 2207 1507 2264 electione
1547 2218 1602 2264 et
1656 2210 1952 2265 imitatione
2003 2211 2085 2265 di-

506 2312 639 2368 gnos
671 2299 898 2353 censuit.
934 2297 1100 2352 Erant
1153 2299 1204 2353 lti
1253 2299 1491 2356 conﬁnes
1532 2299 1838 2356 Judmorum
1863 2341 1879 2365 ,
1915 2302 2087 2356 homi-

508 2403 604 2445 nes
653 2390 902 2444 scelerati
949 2400 1004 2444 et
1043 2388 1360 2449 idololatraa.
1406 2391 1628 2463 Insuper
1676 2410 1694 2443 ι
1725 2391 2086 2446 Fornicantes

507 2481 757 2536 .ornicati
803 2489 950 2543 sunt,
981 2500 1000 2533 δ
1039 2481 1331 2548 Israelita},
1386 2481 1506 2537 sine
1567 2482 1765 2547 dubio,
1823 2483 1948 2550 quia
1995 2482 2089 2535 int-

508 2572 786 2626 ntoderate
819 2572 1057 2641 etplane
1087 2571 1532 2627 inconvenienter
1560 2569 1939 2637 fornicationi,
1973 2570 2084 2640 spi-

507 2663 692 2718 rituali
743 2664 984 2732 scilicet,
1031 2664 1372 2730 studuerunt,
1425 2673 1480 2717 et
1520 2664 1782 2732 sacrilega
1816 2663 2085 2734 apostasia

505 2772 603 2812 sua
667 2757 732 2811 ad
786 2757 1176 2828 turpitudinem
1233 2757 1646 2811 descenderunt.
1707 2773 1724 2805 ι
1772 2754 2087 2810 Dilexerunt

510 2862 641 2901 vero
667 2849 832 2902 etiam
866 2848 1215 2919 ignominiam
1247 2862 1311 2903 ex
1352 2848 1658 2903 fremitibus
1685 2862 1894 2912 eormn,
1932 2867 1950 2898 ι
1982 2847 2085 2900 hoc

503 2945 607 3001 est,
657 2951 725 2991 ex
775 2938 964 3007 grandi
1011 2936 1153 2991 fastu
1197 2945 1252 2990 et
1289 2935 1574 3004 iactantia,
1629 2944 1850 3004 propter
1893 2934 2081 3002 Deum,

504 3039 559 3085 et
616 3028 841 3099 gloriam
898 3042 1060 3095 quam
1107 3027 1175 3081 ab
1217 3025 1333 3095 ipso
1368 3026 1670 3096 capiebant.
1705 3026 1890 3096 Itaque
1937 3041 2085 3081 com-

504 3119 707 3187 pressis
739 3116 1020 3188 spiritibus
1045 3115 1291 3183 pristinis
1322 3115 1572 3171 inhonori
1597 3124 1649 3170 et
1672 3114 1890 3184 abiecti,
1920 3118 2082 3176 mise-

2194 1942 2286 1996 λον
2316 1944 2600 2015 περιέπειν
2630 1963 2689 1999 τε
2718 1947 2810 2001 καὶ
2836 1951 3161 2019 προσκυνεῖν
3183 1950 3587 2019 ὲγνώκασι,τὸν
3616 1954 3772 2007 Βεελ-

2190 2032 2396 2104 φεγώρ.
2438 2033 2598 2088 Ἀλλά
2630 2036 2787 2090 τοῦτο
2814 2037 3087 2105 δεδρακὼς
3131 2039 3159 2090 ὁ
3202 2041 3462 2112 Ἐφραῒμ,
3499 2042 3769 2116 «Ἔθηκεν

2189 2121 2368 2192 ἑαυτῷ
2398 2121 2722 2178 σκάνδαλα.»
2749 2126 3164 2199 Προσκέκρουκε
3181 2128 3288 2199 γὰρ
3329 2129 3406 2200 τῷ
3433 2131 3528 2184 καὶ
3557 2133 3766 2205 ἐπαμύ-

2188 2227 2354 2275 νοντι,
2387 2213 2481 2265 καὶ
2510 2213 2795 2278 διασώζειν
2822 2217 3104 2289 δυναμένῳ
3121 2218 3258 2291 Θεῷ.
3283 2240 3302 2273 ι
3325 2221 3572 2293 ᾘρέτισε
3589 2226 3766 2280 Χανα-

2187 2299 2390 2365 ναίους,
2422 2319 2440 2351 ›
2475 2302 2596 2355 ἀντὶ
2627 2304 2745 2366 τοῦ,
2781 2307 2984 2377 Αἱρετά
3015 2311 3108 2362 καὶ
3135 2310 3437 2383 ἀξιόληπτα
3472 2315 3764 2388 πεποίηται

2185 2389 2255 2442 τά
2303 2391 2624 2446 Χαναναίων
2659 2393 2754 2466 έοη
2783 2413 2794 2425 ·
2838 2397 3026 2469 ὅμοροι
3070 2400 3124 2454 δὲ
3163 2397 3305 2456 οῦτοι
3346 2404 3448 2476 τῆς
3500 2407 3766 2461 Ἰουδαίων

2186 2477 2390 2549 χώρας,
2431 2482 2710 2546 δυσσεϐεῖς
2749 2487 2843 2539 καὶ
2871 2489 3270 2562 εἰδωλολάτραι.
3304 2495 3416 2548 Καὶ
3448 2498 3585 2568 πρός
3610 2514 3672 2567 γε
3698 2498 3762 2568 δὴ

2185 2569 2416 2661 τούτοις,
2450 2592 2468 2624 ι
2495 2574 2857 2645 Πορνεύοντες
2881 2579 3277 2654 ἐξεπόρνευσαν
3306 2605 3324 2638 ι
3351 2588 3400 2640 oi
3427 2589 3486 2656 ἐξ
3526 2591 3758 2661 Ἰσραήλ.

2186 2658 2358 2731 Δῆλον
2391 2661 2471 2727 δὲ,
2507 2664 2588 2717 ὅτι
2616 2665 2706 2720 διά
2740 2685 2819 2723 τοι
2854 2670 2912 2722 τὸ
2938 2673 3078 2743 πέρα
3109 2675 3329 2746 μέτρου,
3372 2680 3466 2733 καὶ
3489 2679 3583 2734 τοῦ
3605 2658 3761 2734 ⁷εἰκό-

2183 2770 2292 2817 τως
2317 2753 2571 2809 ἐπέκεινα
2596 2758 2697 2827 τὴν
2725 2760 2919 2832 νοητὴν
2962 2764 3308 2836 ἐπιτηδεῦσαι
3352 2771 3628 2840 πορνείαν,
3670 2773 3765 2825 καὶ

2185 2845 2265 2934 εἰς
2299 2845 2452 2916 λῆξιν
2491 2849 2844 2922 αἰσχρότητος
2891 2853 2990 2922 τῆς
3032 2857 3368 2922 ἀποστασίας
3397 2861 3581 2926 αὐτοῖς
3609 2863 3764 2934 ἔρχε-

2187 2933 2310 2987 σθαι
2332 2934 2402 2988 τὰ
2430 2937 2597 3008 ὲγκλή
2607 2957 2770 3009 ματα.
2805 2961 2824 2992 ι
2849 2943 3198 3013 Ἠγαπήκασι
3219 2948 3275 2999 δὲ
3307 2951 3400 3000 καὶ
3423 2951 3522 3020 τὴν
3537 2953 3765 3021 ἀτιμίαν

2185 3023 2248 3076 ὲκ
2273 3025 2646 3096 φρυαγμάτων
2673 3027 2871 3089 αὐτῶν,
2898 3045 2916 3077 ι
2946 3028 3244 3094 τουτέστιν,
3275 3031 3336 3096 ἐξ
3355 3033 3574 3102 ὑψηλῶν
3592 3038 3765 3107 αὐχη-

2187 3113 2393 3180 μάτων,
2428 3113 2572 3185 ἅπερ
2593 3111 2756 3184 εἶχον,
2792 3115 2886 3166 ἐπὶ
2905 3115 3025 3186 Θεῷ
3048 3116 3142 3169 καὶ
3163 3116 3289 3188 δόξῃ
3317 3119 3382 3188 τῇ
3408 3120 3539 3190 παρ’
3566 3123 3761 3177 αὑτοῦ.

495 3209 794 3277 τοιήιεεζοι
832 3206 1071 3267 omnium
1131 3206 1358 3277 pedibus
1390 3208 1601 3279 protriti
1655 3221 1842 3263 revera
1893 3221 2078 3264 evase-

2187 3203 2389 3257 υύκοῦν
2436 3205 2619 3275 ἄτιμοι
2667 3204 2760 3257 καὶ
2796 3207 3247 3278 κατερριμμένοι,
3287 3209 3495 3278 οἰκτροὶ
3525 3209 3621 3264 καὶ
3653 3228 3760 3264 πε-

504 3311 648 3359 runt.
687 3299 993 3365 Non.enim
1037 3299 1102 3356 de
1146 3289 1345 3356 caetero
1379 3301 1712 3355 vocabuntur
1757 3300 1945 3366 liberi;
1983 3301 2078 3355 sed

492 3395 689 3464 .potius
723 3395 777 3448 in
820 3392 1204 3450 contumeliam
1257 3405 1313 3449 et
1360 3391 1710 3463 ignominiam
1758 3391 1973 3456 vadent,
2026 3401 2081 3445 et

510 3485 610 3540 sub
636 3485 868 3541 dominis
901 3484 1146 3557 tyrannis
1170 3494 1350 3541 erunt.
1387 3483 1589 3539 Verum
1623 3483 1752 3538 licet
1782 3482 1868 3538 Itis
1899 3481 2078 3538 onmi-

499 3577 606 3632 bus
640 3576 800 3632 simul
840 3575 1192 3632 stolidissima
1225 3575 1512 3631 multitudo
1542 3575 1797 3646 Ephraim
1837 3575 2078 3644 subjecta

495 3669 594 3730 sit,
639 3676 817 3723 tamen
861 3675 938 3731 tu,
961 3662 1119 3732 Juda,
1167 3665 1240 3719 illi
1284 3663 1434 3720 fuisti
1468 3663 1630 3720 veluti
1669 3663 1885 3735 quidam
1925 3665 2080 3719 turbo

505 3758 696 3830 spiritu
753 3759 804 3813 in
879 3757 978 3814 alis
1033 3757 1286 3814 volucris.
1345 3756 1554 3812 Norunt
1600 3771 1789 3812 omnes
1845 3754 2080 3811 volatilia

503 3860 663 3906 vento
725 3850 1026 3906 vehementi
1089 3863 1154 3905 ea
1208 3848 1552 3919 impellente,
1607 3856 1662 3904 et
1717 3856 1924 3902 tantum
1973 3862 2078 3902 non

501 3951 753 4012 cegente,
783 3941 974 4012 procul
1001 3941 1165 3998 dubio
1195 3941 1383 3996 volare
1415 3938 1674 3995 celerius.
1727 3937 1870 4005 Ergo
1905 3937 2078 4006 prola-

494 4047 632 4105 psus
676 4041 761 4089 est
806 4031 990 4098 Israel,
1025 4031 1346 4101 deﬂexitque
1385 4031 1450 4086 ad
1485 4029 1784 4100 apostasia.
1834 4027 1914 4082 Tu
1953 4043 2080 4082 vero

504 4124 650 4179 fuisti
689 4123 739 4179 ei
791 4141 810 4175 ι
847 4124 1004 4180 turbo
1051 4123 1272 4194 spiritus
1310 4123 1364 4177 in
1425 4120 1546 4176 alis.
1585 4137 1604 4173 ι
1640 4117 1948 4186 Quomodo,
1991 4127 2083 4172 aut

501 4232 610 4285 qua
641 4215 892 4272 ratione?
921 4213 1213 4284 Postquam
1248 4213 1391 4269 enim
1432 4212 1567 4268 vidit
1608 4220 1682 4278 te,
1718 4210 1808 4281 qui
1845 4224 1994 4265 esses
2025 4210 2078 4264 in

504 4305 624 4374 lege
657 4303 960 4369 institutus,
999 4303 1239 4356 divinum
1266 4302 1523 4371 templum
1558 4301 1776 4356 assiduo
1811 4299 2076 4367 trivisscs,

2179 3315 2323 3368 πατη
2334 3300 2482 3369 μένοι
2498 3300 2784 3368 γεγόνασιν
2808 3300 3043 3371 ἀληθῶς,
3059 3300 3169 3357 τῶν
3195 3302 3439 3374 ἀρχαίων
3469 3307 3765 3374 φρυαγμά-

2178 3407 2285 3443 των
2312 3390 2796 3460 ἀπολισθήσαντες·
2831 3393 3187 3463 κεκλήσονται
3225 3393 3631 3467 γὰρὲλεύθεροι
3659 3397 3760 3467 μὲν

2179 3481 2363 3535 οὐκέτι
2383 3498 2398 3513 ο
2439 3482 2745 3553 βαδιοῦνται
2771 3482 2826 3537 δὲ
2860 3483 3058 3561 μᾶλλον
3088 3486 3168 3550 εἰς
3199 3484 3354 3556 ὓϐριν
3388 3487 3490 3540 καὶ·
3515 3488 3756 3558 ἀτιμίαν,

2180 3571 2274 3624 καὶ
2307 3572 2411 3626 ὑπὸ
2433 3577 2648 3645 πικροῖς
2683 3573 2895 3628 ἔσονται
2915 3574 3222 3640 δεσπόταις.
3259 3575 3399 3629 Ἀλλ’
3431 3577 3480 3629 εἰ
3515 3579 3610 3630 καὶ
3640 3579 3755 3631 τού-

2177 3678 2290 3727 τοις
2317 3663 2510 3730 ἆπασι,
2543 3667 2728 3735 φησὶν,
2760 3667 2792 3738 ή
2825 3667 3126 3738 ἀνουστάτη
3159 3667 3252 3720 τοῦ
3286 3667 3524 3739 Ἐφραῒμ
3555 3670 3752 3740 ὑπηνέ-

2180 3751 2288 3823 χθη
2323 3753 2550 3825 πληθύςο
2583 3755 2718 3825 ἀλλ’,
2741 3751 2785 3810 ὧ
2827 3757 3018 3827 Ἰούδα,
3041 3758 3104 3810 σὺ
3135 3757 3361 3825 γέγονας
3398 3758 3537 3829 αὐτῇ
3565 3753 3654 3812 οἷά
3675 3776 3751 3822 τις

2181 3839 2490 3913 πνεύματος
2525 3844 2825 3915 συστροφὴ,
2867 3846 2924 3897 έν
2950 3843 3176 3914 πτέρυξι
3205 3844 3474 3901 πετεινοῦ.
3511 3845 3669 3898 Ἔστι
3699 3845 3753 3898 δὲ

2181 3933 2343 3986 παντί
2371 3950 2473 3985 που
2495 3933 2673 4005 δῆλον,
2690 3936 2770 3988 ὅτι
2797 3933 2976 4003 πάντη
3007 3951 3066 3986 τε
3110 3935 3202 3987 καὶ
3224 3935 3441 3998 πάντως
3463 3934 3532 3989 τὰ
3557 3936 3753 3990 διιπτά-

2184 4035 2342 4087 μενα,
2379 4019 2692 4090 πνεύματος
2729 4021 2868 4073 αὐτὰ
2891 4022 3295 4095 προσωθοῦντος
3333 4024 3528 4094 βιαίου,
3575 4043 3746 4096 μονον-

2185 4111 2304 4180 ουχὶ
2348 4111 2442 4164 καὶ
2486 4111 2996 4180 ὲπαναγκάζοντος,
3055 4113 3319 4184 ὀξυτέραν
3361 4116 3483 4168 τότε
3525 4120 3749 4168 ποιεῖται

2178 4201 2276 4272 τὴν
2302 4204 2517 4273 πτῆσιν.
2547 4202 2756 4256 Οὐκοῦν
2788 4202 3043 4268 ἐξώκειλε
3078 4205 3176 4275 μὲν
3223 4207 3252 4257 ὁ
3306 4207 3519 4278 Ἰσραὴλ
3563 4209 3751 4261 ἀπονε·

2180 4294 2386 4358 νευκὼς
2419 4296 2499 4359 εἰς
2535 4296 2856 4349 ἀπόστασιν.
2889 4299 2960 4351 Σὺ
2979 4297 3035 4374 δέ
3056 4297 3282 4366 γέγονας
3311 4298 3459 4368 αύτῷ
3494 4318 3510 4350 ι
3530 4301 3754 4369 Συστροο

502 4411 660 4453 sacra
707 4397 916 4468 legibus
953 4397 1209 4450 mandata
1245 4397 1564 4466 peregisses,
1595 4395 1704 4463 jam
1743 4394 1972 4448 inertem
2017 4407 2081 4446 ac

2187 4386 2258 4455 φὴ
2294 4385 2604 4456 πνεύματος
2637 4389 2695 4439 ἐν
2725 4389 2845 4449 ταῖς
2891 4388 3172 4456 πτέρυξι.)
3214 4389 3356 4452 Πῶς,
3401 4390 3433 4461 ἢ
3474 4391 3589 4444 τίνα
3629 4389 3749 4459 τρό-

495 4490 757 4560 supinum
815 4488 1119 4558 iisdemque
1169 4487 1409 4558 peccatis
1458 4485 1755 4552 illigatum,
1813 4483 2076 4536 maturius

2187 4493 2325 4542 πον;
2371 4476 2590 4546 Ἐπειδὴ
2641 4477 2758 4546 γὰρ
2799 4477 2856 4529 σὲ
2905 4477 3156 4568 τεθέαται
3190 4480 3280 4532 τὸν
3317 4481 3390 4551 τῷ
3419 4481 3564 4553 νόμῳ
3602 4479 3752 4532 παιδ-

502 4547 746 4634 descivit.
784 4547 1186 4634 Verumtamen
1216 4576 1270 4631 in
1312 4575 1569 4637 dedecus,
1622 4582 1673 4627 et
1708 4572 1989 4642 pudorem,
2023 4578 2076 4624 et

2187 4567 2566 4636 αγωγούμενον
2588 4605 2604 4631 ,
2630 4566 2720 4619 τὸν
2745 4566 2871 4637 θείῳ
2909 4549 3318 4639 ἶπροσιζήσαντσι
3359 4570 3490 4640 ναῷ,
3534 4570 3629 4624 καὶ
3657 4569 3754 4631 τὰς

481 4668 828 4740 ignominiam
859 4683 1013 4723 suam
1041 4667 1281 4723 inveniet
1311 4667 1503 4721 altaria
1535 4679 1655 4720 sna.

2177 4658 2322 4718 κατά
2357 4657 2520 4727 νόμον
2557 4657 2816 4712 τελοῦντα
2859 4655 3080 4721 θυσίας,
3118 4659 3494 4729 ῥᾳθυμοῦντα,
3525 4661 3754 4721 καὶτοῖς

502 4763 639 4827 ἴσοις
659 4757 1127 4831 πλημμελήμασιν
1153 4757 1482 4829 ἐνεχόμενον,
1544 4757 1802 4827 ὀξυτέραν
1858 4753 2151 4824 ἐποιήσατο
2186 4750 2282 4820 τὴν
2352 4748 2686 4819 ἀποδρομήν.
2760 4749 2904 4819 Πλὴν
2967 4749 3043 4811 εἰς
3117 4749 3373 4818 αἰσχύνην
3438 4751 3753 4822 εὑρήσουσι,

499 4857 596 4913 καὶ
641 4857 910 4926 ἐντροπῆς
955 4854 1048 4908 καὶ
1085 4853 1309 4923 ἀτιμίας
1351 4851 1587 4923 πρόξενα
1618 4851 1686 4904 τά
1715 4848 2072 4918 θυσιαστήρια
2109 4844 2305 4900 αὐτῶν.

569 4949 682 5021 82
714 4947 898 5018 Itaque
927 4946 1180 5017 quoniam
1222 4946 1311 5015 qui
1340 4945 1587 4998 videmur
1612 4953 1784 5008 stare,
1805 4943 1870 4997 ad
1911 4942 2094 4996 Itone-‘

506 5049 644 5093 stam
682 5039 846 5093 vitam
909 5045 962 5093 ct
989 5035 1116 5090 nulli
1153 5031 1560 5105 reprehensioni
1586 5030 1796 5086 afﬁnem
1832 5027 2075 5098 obligati,

505 5143 696 5199 segnes
734 5138 788 5184 et
823 5127 1000 5200 ignavi
1045 5126 1096 5180 in
1137 5125 1240 5180 hoc
1289 5123 1620 5185 invenimur;
1669 5119 1803 5189 imo,
1827 5118 2078 5173 similiter

507 5228 565 5273 ut
598 5219 709 5285 alii,
758 5219 848 5274 Dei
882 5216 1276 5289 beneplacitnm
1332 5215 1626 5284 aspernati,
1679 5229 1784 5268 non
1817 5213 1986 5269 solum
2020 5210 2072 5263 in

507 5325 608 5364 nos
633 5311 778 5379 ipsos
808 5309 974 5378 iniqui
1004 5309 1230 5374 erimus,
1256 5306 1351 5362 sed
1390 5320 1494 5359 una
1531 5305 1809 5360 nobiscum
1847 5303 2071 5374 perditis

506 5405 672 5458 etiam
713 5401 854 5466 aliis,
899 5403 1091 5471 duplex
1141 5399 1464 5470 supplicium
1494 5397 1901 5452 sustinebimus.
1939 5393 2072 5447 Nam

507 5508 630 5551 cum
669 5492 909 5548 seductis
953 5502 1007 5546 et
1051 5493 1293 5562 improbe
1339 5489 1642 5546 virentibus
1683 5489 1748 5542 ad
1784 5486 2072 5554 imaginem

505 5597 561 5641 et
594 5583 825 5639 formant
863 5581 1075 5634 virtutis
1123 5581 1384 5651 propositi
1429 5593 1549 5634 esse
1593 5579 1937 5634 debebamus,
1978 5587 2070 5626 oc-

509 5676 658 5734 casio
678 5672 918 5730 scandali
953 5671 1078 5724 facti
1114 5687 1322 5724 smnus.
1360 5671 1498 5735 Quid
1548 5670 1612 5721 ad
1647 5670 1757 5721 haec
1787 5664 2073 5720 Christus?

515 5789 534 5825 ι
577 5767 678 5836 Qui
708 5762 1155 5821 scandalizaverit
1186 5776 1348 5814 unum
1378 5763 1442 5815 de
1471 5761 1675 5828 pusillis
1712 5759 1850 5822 istis,
1889 5757 1976 5824 qui
2022 5755 2072 5808 in

2255 4939 2485 5002 Οὐκοῦν,
2508 4939 2635 4992 ὅταν
2664 4937 2711 4987 οἱ
2740 4933 3025 4998 δοκοῦντες
3061 4935 3301 4998 ἑστάναι,
3336 4935 3517 5000 καλῶς
3551 4954 3610 4990 τε
3663 4936 3754 4990 καὶ

2183 5032 2597 5102 ἀνεπιπλήκτως
2623 5029 2928 5098 ὀφείλοντες
2949 5029 3068 5098 ζῇν,
3083 5027 3277 5098 νωθροί
3298 5045 3354 5080 τε
3398 5030 3490 5082 καὶ
3524 5029 3754 5100 ῥᾴθυμοι

2183 5121 2312 5191 περὶ
2343 5121 2499 5173 τοῦτο
2553 5119 2941 5190 εὑρισκόμεθα’
2980 5118 3180 5188 μᾶλλον
3211 5119 3266 5171 δὲ
3295 5119 3387 5171 καὶ
3417 5121 3475 5173 ἐν
3514 5121 3614 5190 ἴσῳ
3645 5122 3754 5180 τοῖς

2181 5212 2360 5275 ἄλλοις
2387 5211 2596 5265 ἀθετεῖν
2649 5210 2910 5282 ᾑρημένοι
2955 5209 3016 5261 τὸ
3075 5210 3300 5263 ἀνδάνον
3327 5209 3403 5280 τῷ
3452 5211 3592 5281 Θεῷ,
3635 5210 3754 5280 οὐχὶ

2185 5301 2376 5371 μόνους
2409 5303 2632 5361 ἑαυτοὺς
2658 5300 3005 5369 ἀδικήσομεν,
3061 5299 3532 5370 προσαπολλύντες
3571 5301 3629 5353 δὲ
3663 5299 3755 5354 καὶ

2181 5391 2423 5461 ἑτέρους,
2453 5391 2646 5460 διπλῆν
2670 5387 3047 5458 ὑπομενοῦμεν
3076 5389 3174 5460 τὴν
3229 5389 3466 5444 κόλασιν.
3498 5390 3627 5442 Δέον
3648 5389 3753 5458 γάρ

2183 5480 2500 5551 προκεῖσθαι
2516 5484 2627 5544 τοῖς
2657 5480 2905 5548 πεπλανη
2915 5478 3116 5548 μένοις,
3131 5480 3223 5531 καὶ
3247 5479 3344 5548 ζῇν
3361 5480 3460 5532 οὐκ
3481 5479 3753 5532 ἐθέλουσιν

2181 5571 2373 5641 ὀρθῶς,
2402 5573 2480 5634 εἰς
2508 5573 2691 5624 εἰκόνα
2712 5570 2804 5622 καὶ
2827 5568 3171 5624 ὑποτύπωσιν
3202 5570 3420 5639 ἀρετῆς,
3457 5572 3550 5623 καί⁵
3586 5587 3751 5624 σκανο

2181 5661 2337 5714 δα).ου
2377 5661 2674 5731 γεγόναμεν
2703 5660 2947 5729 ἀφορμή.
3011 5659 3075 5710 Τί
3100 5655 3193 5712 οὖν
3221 5661 3249 5711 ὁ
3281 5662 3550 5731 Χριστός;
3597 5677 3616 5710 ι
3657 5663 3750 5722 ’⁸ος

2185 5755 2276 5807 ἐὰν
2294 5753 2617 5824 σκανδαλίσῃ
2640 5753 2734 5806 ἕνα
2753 5752 2858 5804 τῶν
2876 5750 3086 5820 μικρῶν
3113 5750 3317 5803 τούτων
3343 5751 3451 5803 τῶν
3471 5751 3747 5804 πιστευόν-
