4098 6276
323 438 410 494 HI

1227 425 1778 488 COMMENTARIUS
1814 427 1883 482 IN
1922 426 2152 485 OSEAM
2195 429 2635 487 PROPIIETAM.

3447 438 3549 493 “3

314 570 422 609 των
476 550 555 614 είς
605 547 730 618 ἐμὲ,
765 549 919 619 φησι,
957 546 1226 618 συμφέρειν
1258 535 1428 615 αὐτῷ,
1469 544 1557 598 ῖνα
1590 541 1881 619 κρεμασθῇ

1987 558 2076 599 me
2122 544 2372 608 credunt,
2410 545 2630 616 expedit
2679 545 2727 603 ei
2762 557 2822 602 ut
2868 548 3226 619 suspendatur
3269 549 3406 606 mola
3446 553 3552 608 asi-

318 638 669 714 μύλοςάνικδς
702 638 832 709 περὶ
865 637 958 691 τὸν
988 636 1257 708 τράχηλον
1285 633 1474 700 αὐτοῦ,
1507 634 1602 688 καὶ
1636 649 1899 688 καταπον-

337 732 491 802 τισθῇ
513 732 572 786 ὲν
607 729 688 800 τῷ
717 728 946 799 πελάγει
964 728 1064 800 τῆς
1088 727 1381 798 θαλάσσης.
1416 743 1436 776 ι

911 862 1166 916 ΚΕΦΔΛ.
1207 862 1285 916 Ε’.

388 978 710 1033 Ἀκούσατε
728 975 939 1040 ταῦτα,
955 978 1007 1029 ol
1024 974 1218 1044 ἱερεῖς,
1241 973 1340 1028 καὶ
1353 973 1700 1044 προσέχετε,
1718 969 1881 1038 οἶκος

323 1069 554 1138 Ἰσραὴλ
573 1107 588 1132 ,
642 1069 739 1122 καὶ
793 1063 956 1134 υἷκος
1005 1066 1113 1121 τοῦ
1156 1065 1485 1133 βασιλέως,
1519 1063 1879 1130 ἐνοπίζεσθε,

309 1161 453 1215 διότι
474 1159 622 1227 πρὸς
649 1157 807 1227 ὑμᾶς
837 1158 969 1213 ἐστι
1001 1157 1069 1210 τὸ
1103 1157 1299 1226 κρῖμα,
1326 1156 1418 1211 ὅτι
1463 1157 1642 1226 suerit;
1671 1155 1881 1227 drui-

309 1258 445 1320 θητε
492 1251 568 1320 τῇ
623 1248 869 1317 amomi,
922 1249 1022 1303 καί
1077 1249 1151 1314 ὡς
1187 1249 1438 1304 δίκτυον
1484 1248 1884 1319 ἐκτεταμένον

306 1346 400 1399 ἐπὶ
433 1344 501 1399 τὸ
553 1342 894 1410 Ἰταϐύριον,
927 1340 961 1395 ὃ
1016 1343 1072 1396 οῖ
1117 1342 1474 1414 ἀγρεύοντες
1501 1340 1614 1409 τὴν
1651 1340 1877 1410 θήραν,

307 1434 665 1502 κατέπηξαν.

371 1551 502 1603 NA’.
542 1548 1026 1621 Προκατῃτιάσατο
1061 1545 1154 1600 τὸν
1181 1545 1404 1608 Ἰούδαν,
1446 1545 1522 1608 ὡς
1574 1544 1881 1616 πνεύματος

310 1640 614 1711 συστροφὴν
639 1639 899 1710 γεγονότα
928 1638 1005 1709 τῷ
1038 1637 1272 1709 Ἰσραήλ,
1292 1635 1433 1691 κατά
1461 1651 1526 1704 γε
1555 1636 1648 1688 τὸν
1674 1634 1880 1706 ἀρτίως

309 1733 439 1802 ἡμῖν
462 1729 858 1803 προειρημένον
883 1733 1103 1798 τρόπον.
1133 1727 1436 1797 Μεῦίστησι
1477 1725 1534 1778 δὲ
1567 1725 1753 1778 λοιπὸν
1789 1723 1883 1778 τὸν

309 1825 402 1893 τῆς
435 1821 770 1892 ὲπιπλήξεως
800 1821 956 1890 λόγον
987 1821 1080 1874 ἐπὶ
1106 1821 1230 1882 τοὺς
1276 1818 1376 1888 τῆς
1415 1817 1626 1888 ἀπάτης
1658 1817 1752 1870 καὶ
1783 1817 1883 1885 τῆς

1983 633 2132 689 naria
2197 635 2250 688 in
2305 636 2444 690 collo
2475 635 2712 697 cius.et
2738 638 3084 711 demergatur
3111 641 3164 696 in
3225 642 3548 712 profundum

1983 724 2149 779 maris
2171 725 2236 778 ’⁸.
2272 742 2289 775 ι

2637 859 2786 919 CAP.
2836 860 2898 916 ν.

2057 973 2220 1027 Vsus.
2258 973 2309 1039 l,
2350 974 2406 1027 2.
2452 975 2644 1029 Audite
2677 975 2811 1036 hazc,
2843 979 3160 1042 sacerdotes,
3192 987 3240 1033 et
3275 983 3552 1048 attendite,

1983 1065 2169 1119 domus
2192 1063 2381 1132 Israel,
2410 1078 2456 1119 et
2490 1067 2675 1120 domus
2707 1082 2862 1136 regis,
2890 1067 3108 1122 auribus
3131 1071 3398 1139 percipite,
3428 1075 3552 1144 quia

1983 1154 2051 1207 ad
2103 1169 2191 1208 vos
2243 1165 2317 1209 est
2351 1155 2650 1224 judicium,
2697 1157 2946 1226 quoniam
2991 1157 3208 1228 laqueus
3254 1160 3382 1229 facti
3430 1165 3553 1217 estis

1981 1239 2350 1309 speculatioui,
2382 1250 2432 1296 et
2457 1242 2590 1296 sicut
2615 1253 2719 1298 rete
2741 1259 3028 1314 expansum
3059 1262 3214 1316 super
3235 1246 3552 1320 Itabyrium,

1928 1382 1936 1388 _
1981 1329 2121 1397 quod
2154 1331 2246 1398 qui
2271 1331 2484 1399 capiant
2510 1334 2856 1402 venationem,
2880 1336 3265 1406 depanxerunt.

2053 1525 2139 1583 LI.
2183 1528 2476 1585 Accusavit
2509 1541 2666 1587 antea
2696 1533 2913 1601 ludam,
2945 1546 3004 1592 ut
3035 1541 3301 1597 turbinem
3334 1543 3556 1614 spiritus

1983 1617 2190 1672 factum
2221 1616 2433 1686 lsraeli,
2459 1620 2614 1690 juxta
2642 1627 2908 1682 rationem
2938 1642 2966 1682 a
3001 1631 3160 1684 nobis
3199 1632 3362 1688 modo
3390 1634 3556 1706 expli-

1983 1719 2180 1766 catam.
2242 1711 2511 1784 Deinceps
2562 1716 2726 1773 verba
2769 1718 3164 1790 obiurgationis
3221 1723 3288 1778 ad
3330 1723 3555 1782 fallacia:

1983 1808 2038 1854 et
2086 1801 2421 1872 deceptionis
2467 1804 2800 1875 inventores,
2845 1817 2898 1864 et
2922 1810 2988 1864 ad
3016 1811 3188 1867 morbi
3218 1821 3270 1867 et
3305 1815 3556 1871 amentiae

313 1888 531 1982 πλάνης
579 1888 823 1982 εύρετάς,
875 1888 972 1965 καὶ
1020 1909 1118 1980 τὴν
1154 1909 1256 1978 τῆς
1307 1907 1649 1976 ἀποπληξίας
1700 1905 1882 1966 αὐτοῖς

1987 1888 2147 1958 hujus
2167 1901 2420 1948 auctores
2443 1897 2728 1952 convertit.
2761 1897 2823 1952 iii
2855 1911 3012 1955 erant
3037 1903 3346 1961 sacerdotes
3371 1919 3557 1962 emen-

309 2003 741 2074 προξενήσαντας
761 2002 932 2054 νόσον.
958 1994 1114 2054 Οὗτοι
1142 2000 1196 2052 δὲ
1223 1994 1363 2069 ἦσαν
1379 1997 1430 2050 οἱ
1459 1999 1621 2068 ἱερεῖς
1647 1996 1698 2048 οἱ
1721 1994 1881 2064 ψευδο

308 2095 511 2164 ὠνυμοι
529 2135 543 2160 ,
592 2094 685 2147 καὶ
713 2093 812 2146 οὐκ
845 2091 905 2156 ἐξ
933 2091 1161 2162 αἵματος
1189 2089 1278 2143 τοῦ
1316 2087 1466 2152 Acut,
1522 2086 1636 2140 ἀλλ’
1667 2086 1882 2156 ὠνητὴν

308 2187 520 2256 ἔχοντες
549 2185 648 2256 τὴν
697 2182 1017 2253 ἱερωσύνην,
1073 2183 1168 2235 καὶ
1203 2182 1478 2252 χρήμασιν
1528 2179 1882 2250 ἐκπριάμενοι

306 2279 366 2331 τὸ
384 2279 494 2330 δεῖν
525 2276 762 2340 εἰδώλοις
794 2276 1118 2346 ἱερουργεῖν.
1153 2273 1465 2344 Γέγραπται
1500 2271 1609 2342 γὰρ
1636 2270 1880 2342 περὶτοῦ

318 2369 617 2440 Ἱεροδοάμ,
653 2369 734 2420 ὅτι
760 2385 779 2419 ι
815 2368 876 2420 Ὀ
916 2365 1233 2438 βουλόμενος
1287 2365 1525 2436 ἐπλήρου
1581 2364 1679 2435 τήν
1722 2365 1883 2434 χεῖρα

306 2459 490 2522 αὐτοῦ,
519 2459 613 2512 καὶ
645 2459 854 2527 ἐγίνετο
883 2459 1060 2528 ἱερεὺς
1090 2455 1200 2510 τῶν
1233 2455 1474 2528 ὑψηλῶν.
1505 2475 1524 2508 ι
1565 2456 1764 2526 Ἕρπει
1817 2454 1882 2526 δὴ

305 2547 397 2602 οὗν
429 2550 650 2612 εἰκότως
681 2547 708 2601 ὁ
739 2548 896 2617 λόγος
928 2549 1014 2601 ἐπ’
1045 2547 1241 2610 αὐτούς
1269 2565 1326 2600 τε
1371 2547 1495 2610 τοὺς
1531 2547 1882 2618 ίερουργοὺς,

307 2640 401 2692 καὶ
423 2640 514 2690 ἐπὶ
535 2639 625 2690 τὸν
651 2634 798 2692 οἷκον
858 2639 952 2691 τοῦ
985 2638 1270 2708 βασιλέως,
1308 2635 1882 2707 συμπεριειλημμένου

306 2731 430 2792 ταῖς
450 2729 652 2790 αἰτίαις
685 2728 780 2780 καὶ
801 2726 968 2781 αὑτοῦ
1003 2725 1098 2780 τοῦ
1151 2725 1388 2797 Ἰσραήλ.
1445 2728 1510 2778 Οἱ
1557 2725 1654 2796 μὲν
1683 2725 1794 2797 γὰρ
1817 2725 1885 2779 τὰ

310 2819 449 2890 πρὸς
495 2817 754 2871 σύστασιν
801 2818 902 2888 τῆς
947 2817 1354 2889 εἰδωλολατρίας
1393 2815 1629 2885 ἔφασκόν
1665 2833 1723 2869 τε
1789 2816 1884 2870 καὶ

307 2910 513 2979 ἔδρων,
581 2907 800 2978 βωμοὺς
845 2906 1193 2971 ἀνιστάντες,
1251 2905 1480 2970 σπονδὰς
1542 2907 1636 2961 καὶ
1695 2905 1884 2968 θυσίας

305 2998 699 3068 προσάγοντες,
731 2996 823 3049 καὶ
856 2997 956 3064 τήν
1000 2996 1097 3064 τῆς
1128 2995 1399 3060 ἀπωλείας
1438 2999 1552 3060 τοῖς
1583 2995 1882 3066 ἀπατωμέ-

305 3105 413 3151 νοις
443 3086 867 3157 κατευρύνοντες
897 3086 1103 3158 τρίϐον.
1129 3086 1362 3158 Εὐρεταὶ
1393 3087 1448 3140 δὲ
1483 3089 1584 3158 τῆς
1638 3087 1880 3158 πλάνης,

306 3179 354 3230 οἱ
386 3177 646 3247 βασιλεῖς.
671 3177 962 3248 Τοιγάρτοι
981 3191 1089 3246 φησ
1140 3177 1275 3247 πρὸς
1299 3177 1514 3243 αὐτοὺς,
1544 3179 1626 3230 ὅτι
1662 3194 1682 3228 ι
1709 3178 1884 3245 Παγὶς

1985 1982 2080 2035 ιῑιο
2123 1983 2365 2049 nomine,
2403 1999 2500 2040 nec
2538 1987 2604 2042 de
2643 1990 2906 2059 sanguine
2931 1990 3098 2060 Levi;
3137 2003 3293 2062 et,nt
3334 2007 3556 2066 possent

1981 2072 2143 2129 idolis
2191 2076 2524 2145 sacriﬁcare,
2573 2083 2944 2139 sacerdotium
2978 2087 3156 2157 pretio
3187 2089 3290 2144 sibi
3334 2104 3558 2161 compa-

1983 2174 2256 2220 raverant.
2291 2165 2563 2239 Scriptum
2591 2180 2676 2227 ost
2720 2173 2865 2232 enim
2901 2176 2966 2232 de
3003 2174 3290 2236 Jeroboam
3324 2201 3340 2238 :
3376 2199 3396 2234 ι
3427 2181 3558 2250 Qui-

1983 2267 2194 2324 cunque
2234 2256 2470 2323 volebat,
2518 2260 2777 2331 implebat
2818 2279 3035 2321 manum
3077 2283 3252 2338 suam,
3287 2279 3342 2326 et
3386 2271 3558 2330 ﬁebat

1983 2347 2244 2403 sacerdos
2277 2348 2612 2406 excelsornm
2638 2355 2705 2406 ³³.
2745 2373 2762 2406 ι
2799 2352 2927 2412 lure
2967 2358 3129 2426 igitur
3166 2373 3345 2417 sermo
3370 2376 3558 2433 proce-

1985 2438 2063 2492 dit
2103 2439 2170 2493 ad
2226 2442 2541 2498 sacerdotes
2599 2443 2746 2514 ipsos
2799 2457 2856 2504 et
2897 2449 2964 2504 ad
3009 2451 3224 2506 domum
3277 2453 3453 2524 regis;
3503 2465 3559 2512 et

1983 2525 2149 2583 Israel
2177 2530 2294 2600 ipse
2325 2532 2486 2587 simul
2525 2549 2832 2592 accusatur.
2861 2539 2938 2594 illi
2975 2542 3118 2597 enim
3149 2559 3268 2613 quae
3297 2547 3364 2600 ad
3395 2547 3559 2604 idolo-

1983 2616 2197 2673 latriam
2252 2623 2682 2680 constituendam
2737 2631 3071 2697 pertinerent
3111 2643 3166 2690 et
3207 2636 3460 2691 dicebant
3502 2648 3560 2693 et

1984 2708 2272 2780 iaciebant,
2303 2726 2428 2770 aras
2455 2716 2748 2786 erigentes,
2786 2719 3045 2779 libamina
3068 2733 3122 2779 et
3145 2725 3390 2782 victimas
3419 2727 3555 2784 οπε-

1985 2807 2206 2868 rentes,
2261 2810 2318 2857 et
2369 2805 2686 2874 perditionis
2737 2809 2880 2864 viam
2947 2812 3187 2869 seductis
3243 2814 3556 2874 dilatantes.

1984 2891 2278 2952 Architecti
2331 2904 2510 2952 autem
2549 2899 2753 2956 erroris
2800 2912 2960 2957 erant
3012 2917 3185 2975 reges.
3223 2905 3453 2965 Proinde
3489 2910 3557 2966 ad

1985 2983 2104 3038 illos
2148 2985 2223 3040 ait
2254 3003 2268 3040 :
2301 3003 2320 3038 ι
2353 2985 2552 3057 Laquei
2607 2987 2735 3044 facti
2784 2992 2919 3047 estis
2961 2995 3336 3064 speculationi.
3368 3016 3390 3051 ι
3423 2999 3558 3072 Spe-

1985 3074 2308 3132 culationem
2363 3088 2520 3134 vocat
2579 3083 2682 3136 sub
2743 3084 3122 3143 sacerdotibus
3176 3088 3288 3160 (qui
3341 3091 3558 3160 quidem

1987 3176 2146 3222 erant
2193 3169 2306 3222 veri
2359 3171 2713 3242 sacerdotes),
2766 3183 2821 3230 et
2878 3177 2982 3232 sub
3037 3176 3170 3246 ipsis
3224 3180 3561 3252 principibus

311 3268 600 3338 ἐγενήθητε
621 3270 688 3339 τῇ
718 3269 936 3338 σκοπιᾷ.
961 3287 980 3319 ι
1018 3268 1255 3322 Σκοπιάν
1294 3268 1352 3321 δὲ
1383 3267 1529 3337 λέγει
1557 3268 1656 3340 τὴν
1695 3268 1799 3321 ὑπό
1825 3285 1882 3336 γε

1993 3258 2446 3327 speculationem,
2512 3277 2610 3318 seu
2673 3279 2860 3321 curam
2925 3268 3127 3340 populi.
3199 3269 3563 3341 Speculantur

312 3359 423 3410 τῶν
456 3359 665 3426 ἱερέων,
689 3357 845 3430 εῖπερ
872 3355 1012 3429 ἦσαν
1039 3359 1211 3424 ὄντως
1241 3361 1429 3432 ἱερεῖς,
1461 3359 1556 3413 καὶ
1586 3359 1678 3413 ὑπ’
1707 3357 1888 3413 αὐτῶν

314 3446 374 3498 δὲ
405 3446 516 3499 τῶν
561 3449 872 3516 ἡγουμένων
927 3435 1440 3523 περισκοπουμένην
1473 3449 1716 3521 πληθύν·
1762 3451 1890 3518 Ἐφ-

316 3536 484 3605 ορῶσι
513 3537 620 3608 γὰρ
647 3539 796 3593 αὐτοὶ
822 3539 881 3593 τί»
911 3541 1169 3612 ὑπήκοον·
1204 3543 1237 3614 ἦ
1269 3544 1363 3597 καὶ
1387 3541 1698 3615 ἀφορῶπαι
1738 3541 1889 3612 παρὰ

317 3623 428 3679 ἶτῶν
456 3628 556 3680 ὑπὸ
584 3632 758 3700 χεῖρα,
789 3633 884 3685 καὶ
914 3633 1144 3705 ὅποιπερ
1162 3635 1230 3688 ἂν
1258 3639 1369 3696 τοῖς
1399 3635 1658 3708 κρατοῦσι
1691 3633 1884 3697 δόξειε,

317 3719 722 3791 παρατρέπουσι
751 3722 812 3775 τὸ
844 3723 1100 3794 ὑπήκοον*
1125 3726 1316 3781 ἕπεται
1347 3727 1403 3780 δὲ
1428 3729 1541 3790 τοῖς
1583 3726 1690 3779 τῶν
1723 3727 1886 3796 ἡγου-

313 3809 489 3877 μένων
520 3811 788 3884 Θελήμασι
820 3815 882 3868 τὸ
909 3817 1332 3887 ὑπεζευγμένον.
1381 3819 1646 3888 Γεγόνατε
1679 3819 1884 3881 τοίνυν,

307 3901 494 3970 φησιν,
517 3903 593 3966 ὼς
615 3907 781 3973 παγὶς
814 3909 878 3976 τῇ
905 3907 992 3975 ὑφ’
1011 3909 1162 3980 ὑμῶν
1190 3912 1632 3982 ἐπισκοπουμένῃ
1664 3908 1882 3980 πληδύῖ,

304 3991 444 4059 ἦτοι.
463 3995 532 4062 τῇ
555 3995 634 4056 είς
663 3996 806 4063 ὑμᾶς
834 3997 1092 4069 ἀφορώσῃ
1132 4001 1311 4069 τυχόν,
1351 4021 1369 4053 ι
1406 4002 1671 4071 Γεγόνατε
1707 3999 1762 4054 δὲ
1791 4001 1885 4053 καὶ

302 4079 387 4140 ὼς
413 4079 626 4133 δίκτυον
645 4084 1002 4152 ἐκτεταμένον
1027 4089 1117 4138 ἐπὶ
1142 4090 1201 4140 τὸ
1241 4090 1556 4160 Ἰταϐύριον.
1589 4111 1606 4140 ι
1639 4092 1802 4160 Ὄρος
1830 4090 1884 4142 δὲ

1994 3350 2136 3404 enim
2168 3351 2292 3421 ipsi,
2323 3363 2378 3408 et
2411 3355 2705 3426 inspiciunt
2744 3360 3028 3429 stibditos;
3071 3371 3164 3419 aut
3192 3364 3352 3420 etiam
3388 3366 3561 3436 inspi-

1993 3442 2211 3498 cinntur
2235 3459 2266 3499 a
2300 3446 2552 3515 subditis,
2593 3458 2646 3505 et
2675 3464 2782 3521 quo
2811 3452 3048 3509 dominis
3077 3455 3253 3511 visum
3283 3456 3469 3523 fuerit,
3497 3473 3566 3513 eo

1995 3533 2238 3590 subditos
2275 3548 2561 3605 avertunt,
2599 3541 2709 3612 83
2741 3543 2830 3612 qui
2873 3545 3207 3600 voluntatem
3260 3547 3563 3617 principum

1995 3637 2318 3694 sequuntur.
2346 3630 2546 3685 Fuistis
2577 3632 2763 3700 igitur,
2800 3634 2999 3704 inquit,
3033 3646 3090 3689 ut
3123 3636 3349 3706 laqueus
3379 3637 3564 3694 multi-

1996 3718 2163 3772 tudini
2217 3734 2378 3788 qnam
2426 3722 2817 3792 speculaminl,
2875 3736 2968 3781 aut
3012 3728 3244 3790 fortasse
3292 3746 3411 3802 quae
3471 3747 3564 3788 vos

1993 3809 2324 3877 speculatur,
2381 3829 2399 3863 ι
2431 3820 2483 3867 et
2526 3811 2706 3869 fuistis
2762 3825 2822 3872 ut
2873 3827 2988 3874 rete
3057 3834 3353 3892 expansum
3403 3838 3566 3894 super

1993 3900 2324 3972 ltabyrium,
2359 3923 2377 3956 ι
2435 3904 2526 3974 qui
2567 3915 2651 3961 est
2695 3922 2848 3964 mons
2888 3909 3122 3967 Galilzca:
3153 3914 3561 3982 nobilissimus,

1993 3993 2230 4049 ferarum
2267 3995 2555 4065 aviumque
2586 4009 2782 4053 venatu
2831 4000 2987 4071 longe
3019 4003 3319 4059 ditissimus
3345 4015 3567 4072 propter

1992 4086 2386 4151 celsitudinem,
2421 4088 2710 4142 arboribus
2741 4106 2804 4144 ac
2851 4091 3135 4146 fruticibus
3184 4094 3562 4153 densissimus.

304 4171 473 4223 τοῦτο
519 4172 1002 4240 περιφανέστατον,
1056 4179 1112 4229 ἐν
1172 4181 1238 4248 τῇ
1294 4180 1551 4251 Γαλιλαίᾳ
1613 4181 1880 4250 κείμενον,
1956 4179 2217 4246 πλείστην
2277 4194 2335 4228 τε
2395 4180 2526 4248 ὅσην
2575 4181 2670 4232 καὶ
2724 4182 3012 4253 ἀμφιλαφῆ
3082 4185 3182 4256 τὴν
3233 4188 3407 4260 ἄγραν
3445 4188 3567 4260 ἔχον

303 4264 519 4337 θηρίων
551 4283 608 4317 τε
663 4266 757 4318 καὶ
810 4269 1048 4338 πτηνῶν,
1079 4271 1164 4324 διὰ
1197 4273 1256 4326 τὸ
1308 4270 1475 4346 ἦρθαί
1507 4293 1566 4328 τε
1603 4277 1759 4346 ὑψοῦ,
1825 4277 1916 4330 καὶ
1955 4273 2420 4328 καταδασύνεσθαι
2455 4275 2660 4348 σφόδρα
2691 4278 2913 4350 δρυμοῖς
2940 4298 2998 4334 τε
3052 4283 3144 4337 καὶ
3173 4285 3420 4357 λόχμαις.

395 4357 540 4426 Ἐγὼ
594 4355 663 4409 δὲ
734 4357 1058 4428 παιδευτὴς
1133 4363 1297 4433 ὑμῶν
1328 4407 1342 4431 ,
1379 4366 1493 4435 ἐγὼ
1543 4369 1733 4437 ἔγνων
1787 4368 1882 4420 τὸν

2070 4365 2231 4419 Vsus.
2259 4365 2312 4419 3.
2339 4365 2449 4437 Ego
2501 4385 2617 4424 vero
2668 4372 2903 4425 eruditor
2940 4385 3124 4443 vester,
3191 4394 3283 4448 ego
3347 4387 3563 4451 cognovi

317 4447 591 4516 ’Egpaty,
621 4447 719 4503 καί
761 4449 1007 4518 Ἰσραὴλ
1039 4454 1147 4506 οὐκ
1172 4455 1405 4524 ἀπέστη
1440 4459 1540 4512 ἀπ’
1571 4460 1738 4527 ἐμοῦ.

384 4536 507 4588 NB’.
545 4537 618 4589 Oi"
631 4537 728 4606 μὲν
753 4533 845 4590 οὖν
875 4541 1062 4608 ἱερεῖς,
1090 4545 1184 4595 καὶ
1228 4545 1332 4615 μὴν
1359 4549 1451 4601 καὶ
1487 4549 1535 4600 οἱ
1560 4549 1616 4615 ἐξ
1649 4551 1880 4620 αἵματος

304 4625 622 4694 βασιλικοῦ,
653 4627 817 4690 λίνον,
857 4631 952 4682 καὶ
982 4634 1153 4700 πάγη,
1182 4634 1274 4687 καὶ
1305 4635 1445 4707 θήρα
1475 4643 1728 4708 γεγόνασι
1769 4647 1881 4706 τοῖς

299 4713 476 4774 λαοῖς,
507 4713 703 4785 θυμιᾷν
750 4720 862 4781 τοῖς
918 4718 1169 4791 δαίμοσιν
1219 4726 1621 4794 ἐπιτάττοντες,
1653 4735 1743 4787 καὶ
1776 4736 1880 4805 πρό

297 4820 370 4870 γε
393 4802 502 4854 τῶν
530 4805 703 4858 ἄλλων
733 4808 963 4877 δρῶντες
989 4813 1161 4879 αὐτοὶ,
1197 4816 1291 4869 καὶ¹
1324 4821 1538 4889 φρονεῖν
1563 4823 1880 4878 ἀναπείθον-

295 4911 396 4956 τες
423 4893 458 4947 ἃ
482 4895 556 4964 μὴ
597 4895 770 4966 θέμις,
804 4903 898 4954 καὶ
925 4906 1037 4966 τοῖς
1062 4906 1290 4970 ἀνοσίως
1318 4909 1708 4982 ὲξηυρημένοις
1746 4917 1881 4970 πλά-

296 5001 404 5053 νης
470 4986 694 5057 ἐτέρους
750 4995 1185 5063 προσεπάγοντες
1235 5001 1507 5071 τρόπους,
1561 5005 1630 5058 τὰ
1677 5007 1878 5079 ὑψηλὰ,

295 5077 470 5146 φημὶ,
511 5077 604 5130 τὸν
633 5074 975 5154 Βεελφεγὼρ,
1005 5087 1063 5139 τὸ
1096 5090 1204 5143 τῶν
1258 5093 1523 5149 Σιδωνίων
1567 5074 1877 5169 βδέλυγμα,

289 5167 395 5219 τὸν
427 5169 595 5233 Βάαλ,
649 5170 746 5224 τὸν
769 5171 990 5244 Χαμὼς.
1015 5180 1272 5237 "Ecetran
1302 5185 1356 5238 δὲ
1389 5189 1566 5241 αὐτῶν
1590 5190 1878 5264 παιδευτὴς

291 5256 488 5320 αὐτὸς,
519 5261 612 5312 καὶ
650 5262 749 5314 οὑκ
778 5263 860 5325 είς
891 5270 1126 5336 μακράν,
1174 5273 1606 5345 ἐπαγγέλλεται,
1656 5283 1728 5346 ὡς
1759 5256 1881 5338 ὅσον

288 5347 514 5401 οὐδέπω
570 5351 638 5403 τὰ
696 5352 760 5405 ἐκ
801 5353 974 5426 θυμοῦ
1031 5360 1125 5412 καὶ
1176 5363 1346 5434 ὀργῆς
1393 5368 1670 5439 ἐπιθήσων
1714 5375 1876 5430 κακά,

296 5437 461 5528 ΪΕχει
489 5440 626 5493 δὲτὸ
653 5443 882 5514 ἀτρεκὲς
912 5449 939 5500 ὁ
967 5448 1142 5518 λόγος.
1179 5455 1243 5506 Οἱ
1272 5455 1372 5525 μὲν
1396 5458 1502 5528 γὰρ
1530 5437 1586 5526 ἐξ
1611 5463 1757 5515 οἴκου
1783 5466 1876 5519 τοῦ

286 5523 585 5598 βασιλικοῦ
634 5532 832 5599 δειναῖς
870 5541 964 5592 καὶ
993 5541 1253 5609 ἀφύκτοις
1286 5549 1631 5618 ὲνισχημένοι
1669 5571 1877 5625 συμφο-

287 5616 449 5686 ραῖς,
473 5618 522 5667 οἱ
553 5619 651 5687 μὲν
677 5621 975 5694 διολώλασι,
997 5634 1138 5685 κατά
1166 5651 1229 5702 γε
1263 5636 1360 5706 τὴν
1386 5639 1562 5691 πίστιν
1585 5644 1691 5695 τῶν
1718 5646 1876 5716 ἱερῶν

376 5797 419 5827 ³⁸
460 5798 652 5853 Mutila.
694 5816 840 5868 Χνιιι,
875 5806 924 5858 6.
1007 5811 1048 5840 ‘9
1089 5809 1149 5861 lll
1186 5811 1315 5878 lii‘g.

1360 5831 1475 5877 xm.
1506 5821 1591 5872 55.

1981 4454 2256 4525 Epln'aim,
2289 4469 2337 4512 et
2366 4458 2536 4513 Israel
2566 4478 2668 4515 non
2698 4467 2908 4519 recessit
2932 4484 2963 4519 a
2991 4485 3090 4523 me.

2065 4569 2172 4624 Lll.
2197 4569 2517 4628 Sacerdotes
2544 4577 2727 4646 igitur,
2753 4588 2916 4648 atque
2947 4583 3110 4636 etiam
3169 4584 3314 4655 regio
3346 4588 3565 4653 sanguis

1981 4677 2047 4716 ne
2073 4665 2320 4733 prognati
2353 4674 2488 4729 rete,
2521 4678 2575 4722 et
2605 4668 2850 4740 laqueus,
2880 4682 2932 4726 et
2967 4675 3179 4729 venatio
3202 4679 3396 4744 populo
3431 4678 3557 4732 facti

1979 4764 2124 4818 sunt,
2153 4757 2428 4812 incensum
2449 4760 2784 4818 daemonibus
2815 4765 3030 4820 adolere
3059 4767 3337 4834 iubentes,
3357 4778 3411 4822 et
3436 4780 3562 4824 ante

1987 4844 2121 4900 alios
2150 4846 2321 4917 ipsiet
2343 4848 2623 4918 iacientes,
2645 4861 2698 4908 et
2731 4857 2933 4911 sentire
2985 4857 3274 4913 suadentes
3331 4859 3559 4926 nefaria,

1989 4944 2042 4989 et
2076 4936 2302 4992 aliorum
2328 4941 2489 5010 impia
2512 4943 2722 4998 inventa
2749 4964 2761 4998 :
2793 4948 3026 5014 excelsa,
3052 4949 3285 5018 inquam,
3314 4951 3561 5020 Beelpbe-

1990 5039 2104 5093 εον,
2125 5028 2580 5088 abominationem
2605 5034 2968 5103 Sidoniorum,
2995 5040 3141 5104 Baal,
3161 5042 3395 5097 Chamos
3410 5047 3560 5100 novis

1995 5118 2292 5174 rationibus
2320 5123 2648 5179 seductiouis
2679 5128 3088 5197 atnpiilicantes.
3121 5131 3256 5186 Fore
3275 5143 3455 5187 autem
3501 5151 3560 5190 se

1985 5221 2170 5262 eorum
2199 5214 2548 5281 cruditorem,
2583 5232 2681 5272 nec
2711 5219 2783 5272 ita
2827 5221 2995 5274 multo
3010 5232 3152 5289 post,
3175 5223 3473 5292 pollicetur,
3501 5237 3560 5279 ut

1991 5310 2113 5350 mox
2141 5313 2247 5366 pro
2273 5299 2456 5355 lurore
2481 5314 2529 5357 et
2574 5305 2650 5358 ira
2681 5321 2776 5360 sua
2817 5308 2992 5375 pinnis
3028 5323 3120 5363 eos
3150 5322 3554 5378 prosecuturus.

1988 5384 2054 5438 Et
2078 5401 2234 5442 verus
2297 5401 2380 5445 est
2406 5407 2602 5447 sermo.
2633 5395 2768 5449 Nam
2796 5399 2883 5464 qui
2908 5410 3062 5453 erant
3091 5401 3157 5456 de
3195 5403 3354 5458 domo
3387 5407 3558 5474 regia.

1986 5475 2261 5530 atrocibus
2307 5487 2361 5532 et
2392 5480 2788 5537 inevitabilibus
2814 5487 2969 5543 malis
3001 5492 3298 5557 constricti,
3351 5493 3439 5545 alii
3474 5508 3560 5561 pe-

1984 5565 2210 5631 rierunt,
2246 5568 2395 5634 juxta
2427 5573 2788 5628 narrationem
2851 5591 3157 5636 sanctarum
3203 5583 3558 5644 Litterarum;

1983 5654 2068 5710 alii
2086 5657 2350 5723 abierunt,
2369 5661 2780 5729 Babyloniorum
2817 5667 3191 5744 Medorumque
3225 5670 3558 5740 tyrannidem
