4098 6276
504 477 605 533 lib

1496 466 1554 522 S.
1594 463 1866 521 CYRILLI
1902 456 2369 516 ALEXANDRINI
2409 455 2732 514 ARCHlEP.

3640 451 3742 506 ιιι

504 588 782 661 perlaturi.
838 584 1010 641 Occisi
1063 594 1185 639 sunt
1236 594 1413 638 autem
1467 570 1693 649 misere,
1739 582 1847 635 imo
1892 578 2062 647 iuste,

2188 575 2534 647 ,‘pappdttwv'
2572 574 2621 625 οἱ
2652 572 2708 625 δὲ
2742 569 3041 639 ἀπῴχοντο,
3074 568 3192 630 ταῖς
3243 564 3598 619 Βαϐυλωνίων
3654 560 3749 619 καὶ

500 679 1028 748 pseudosacerdotes,
1065 685 1118 729 et
1177 676 1401 742 pecunia
1450 676 1678 742 gradum
1741 673 1883 725 hunc
1945 668 2074 723 ade-

497 770 599 840 pti,
638 768 727 823 alii
757 784 784 821 a
810 765 969 831 Jebu,
998 766 1087 819 alii
1125 780 1153 819 a
1185 765 1353 831 Josia,
1386 764 1477 832 qui
1511 763 1613 816 fuit
1642 777 1709 816 ex
1735 761 1881 815 tribu
1931 759 2071 814 Juda
2102 822 2103 829 η

498 860 613 915 sive
641 859 803 914 David
829 857 894 911 ³ο.
924 857 1097 925 Atque
1141 856 1243 910 hoc
1280 855 1364 907 vir
1404 852 1498 907 Dei
1529 892 1545 920 ,
1573 851 1916 907 sacriﬁcante
1974 850 2074 904 ali-

499 950 711 1020 quando
745 947 1031 1003 Jcroboam
1073 956 1129 1000 et
1179 957 1355 1000 stante
1398 945 1465 1000 ad
1519 944 1713 1010 altare,
1748 942 2075 996 vaticinatus

497 1052 602 1106 est,
630 1041 713 1096 bis
736 1041 917 1095 verbis
944 1056 957 1091 :
989 1058 1008 1091 ι
1044 1038 1249 1100 Altare,
1270 1037 1458 1099 altare,
1487 1037 1600 1092 haec
1629 1036 1757 1090 dicit
1784 1035 2069 1089 Dominus:

498 1130 635 1185 Ecce
673 1129 914 1183 nascitur
948 1128 1087 1183 ﬁlius
1113 1127 1166 1181 in
1201 1128 1361 1181 domo
1414 1125 1603 1190 David,
1647 1122 1823 1179 Josias
1876 1137 2072 1178 nomen

497 1216 636 1285 eius,
671 1225 724 1270 et
757 1224 919 1285 ponet
967 1229 1129 1285 super
1159 1224 1209 1269 te
1245 1217 1557 1270 sacerdotes
1601 1211 1962 1277 exeelsorum,
1993 1225 2076 1265 sa-

500 1306 805 1363 criﬁcantes
825 1320 986 1374 super
1013 1314 1064 1359 te
1093 1304 1191 1358 ³⁸.»
1212 1302 1395 1371 ltaque
1415 1300 1879 1357 comminatus‘est
1902 1314 1962 1354 se
1988 1311 2074 1353 ca-

499 1399 820 1467 stigaturum
880 1397 933 1451 in
980 1396 1162 1452 furore
1197 1401 1251 1450 et
1286 1393 1367 1448 ira
1420 1391 1776 1462 speculationi
1821 1389 2070 1459 laqueum

484 1488 689 1553 laetos,
708 1486 1034 1551 sacerdotes,
1071 1488 1308 1555 inquam.
1345 1491 1400 1539 et
1434 1483 1698 1552 sanguine
1751 1481 1902 1551 regio
1949 1494 2073 1551 pro-

497 1588 729 1633 creatos.
755 1577 1075 1647 Neutiquam
1119 1591 1245 1631 vero
1275 1576 1640 1629 inaccusatum
1674 1572 1901 1626 dimittit
1950 1584 2071 1624 eum

498 1671 588 1741 qui
615 1671 867 1739 deceptus
893 1677 997 1733 est,
1021 1675 1152 1738 puta
1178 1665 1450 1722 israelem.
1475 1662 1699 1730 idcirco,
1725 1660 1945 1732 inquit,t
1975 1676 2078 1731 ego

500 1764 727 1835 t-ognovi
759 1762 1049 1832 -prraim,
1099 1770 1153 1815 et
1201 1760 1362 1815 Israel
1415 1774 1522 1815 non
1562 1758 1789 1814 recessit
1831 1773 1863 1813 a
1912 1772 2016 1813 me.
2045 1775 2064 1808 ι

500 1858 578 1908 Ac
603 1854 649 1908 si
679 1854 861 1907 dicat:
896 1851 1027 1919 Quis
1057 1860 1141 1907 est
1169 1852 1272 1907 iste
1323 1853 1412 1921 qui
1451 1851 1590 1906 celat
1638 1866 1725 1906 me
1764 1851 2069 1917 consilium,

501 1945 784 2001 continens
805 1945 967 2000 verba
995 1945 1046 1999 in
1072 1944 1252 2009 corde,
1285 1954 1338 1999 et
1361 1958 1447 1999 me
1481 1950 1632 2012 putat
1657 1958 1816 2014 posse
1855 1913 2072 2000 latere‘i
2102 1913 2144 1969 Β

517 2058 535 2088 ι
560 2035 799 2107 Cognovi
853 2036 993 2090 enim
1027 2034 1306 2106 prraim,
1336 2053 1355 2087 ›
1392 2035 1586 2105 inquit,
1619 2052 1638 2087 ι
1666 2043 1720 2090 et
1754 2050 1860 2101 non
1902 2050 2073 2092 reces-

502 2129 547 2181 si
596 2128 663 2181 ab
699 2126 897 2193 Israel;
942 2145 960 2178 ι
990 2116 1062 2168 -έ
1092 2145 1111 2177 ι
1140 2124 1281 2180 Deus
1304 2126 1445 2181 enim
1487 2124 1921 2195 apprOpinquans
1974 2139 2072 2196 ego

502 2235 643 2284 sum,
669 2227 724 2274 et
748 2232 853 2273 non
905 2216 1046 2273 Deus
1087 2217 1153 2271 de
1202 2217 1379 2285 longe.
1433 2214 1489 2270 Si
1519 2214 1882 2271 abscondetur
1911 2216 2072 2271 homo

504 2314 556 2363 in
594 2308 840 2374 occultis,
870 2316 924 2363 et
946 2322 1042 2377 ego
1070 2322 1172 2362 non
1195 2306 1390 2361 videbo
1428 2318 1550 2359 eum
1569 2305 1614 2338 δ’
1642 2306 1666 2359 ?
1695 2324 1712 2356 ι
1737 2305 1803 2361 Ει
1826 2307 2021 2362 iterum
2056 2323 2069 2358 :

511 2421 528 2452 ‹
558 2396 671 2455 Non
707 2414 735 2453 a
770 2412 853 2452 me
870 2398 1233 2455 abscondelur
1261 2397 1533 2467 quidpiam
1561 2396 1653 2448 ³³2
1686 2415 1708 2448 υ
1926 2463 1951 2469 η

572 2679 860 2752 “Vens.
891 2677 943 2733 4.
967 2677 1106 2744 Quia
1132 2693 1268 2731 nunc
1293 2676 1584 2745 [amiculus
1614 2686 1689 2732 est
1727 2676 2000 2745 Ephraim,
2028 2688 2072 2730 et

509 2772 892 2825 contaminatus
946 2779 1022 2824 est
1075 2769 1265 2833 Israel,
1302 2785 1405 2823 non
1442 2769 1692 2823 dederunt
1740 2769 2076 2837 cogitationes

506 2878 650 2925 suas,
684 2870 740 2915 ut
776 2871 1099 2916 reuertantur
1152 2862 1219 2913 ad
1265 2858 1452 2924 Deum,
1482 2861 1608 2929 quia
1656 2860 1880 2929 spiritus
1911 2859 2080 2928 forni-

509 2953 728 3008 cationis
783 2952 942 3005 estin
998 2952 1144 3017 ipsis,
1180 2950 1467 3004 Dominum
1497 2966 1614 3005 vero
1667 2966 1773 3005 non
1829 2967 2077 3022 cognove-

510 3054 654 3100 runt.

580 3133 711 3189 Llll.
772 3133 1037 3200 Quoniam
1089 3131 1232 3186 enim
1298 3146 1455 3187 renes
1500 3140 1556 3187 et
1610 3134 1772 3188 corda
1808 3180 1813 3185 .
1844 3132 2080 3188 intuetur

2173 666 2375 737 Μήδων
2426 662 2759 729 πλεονεξίαις
2808 659 3245 729 ὑποκεισόμενοι.
3312 654 3749 725 Ἀποτεθνῆκασι

2172 756 2228 810 δὲ
2254 755 2472 819 ἀθλίως,
2526 751 2724 823 μᾶλλον
2758 749 2815 804 δὲ
2859 749 3040 813 ὁσίως,
3074 749 3121 801 οἱ
3175 745 3515 817 ψευδώνυμοι
3555 760 3615 796 τε
3654 742 3747 796 καὶ

2173 845 2449 916 χρήμασιν
2475 842 2659 911 ἱερεῖς,
2681 839 2730 892 οἱ
2765 837 2862 909 μὲν
2891 836 2995 889 ὑπὸ
3032 835 3199 906 Ἰηοὸ,
3221 837 3269 888 οἱ
3299 834 3356 887 δὲ
3378 833 3483 886 ὑπὸ
3518 830 3745 897 Ἰωσίου,

2172 935 2455 1006 γεγονότος
2483 934 2550 986 ὲκ
2587 931 2756 1000 φυλῆς
2793 928 2984 997 Ἰούδα,
3018 928 3136 999 ἢτοι
3179 925 3364 979 Δαϐίδ.
3391 922 3562 978 Τοῦτο
3594 923 3623 976 δ
3649 921 3747 977 ἆν-

2173 1026 2389 1096 θρωπος
2416 1022 2512 1077 τοῦ
2545 1020 2703 1087 Θεοῦ,
2737 1020 2957 1083 θύοντος
3011 1035 3145 1072 ποτε
3191 1016 3286 1070 τοῦ
3326 1013 3610 1086 Ἱεροϐοὰμ
3654 1013 3748 1066 καὶ

2172 1116 2533 1187 ἐφεστηκότος
2568 1113 2649 1184 τῷ
2696 1110 3083 1187 θυσιαστηρίῳ,
3117 1108 3512 1180 προεφήτευσε,
3539 1104 3745 1172 λέγων’

2181 1227 2199 1261 ι
2240 1208 2657 1277 Θυσιαστήριον,
2712 1203 3114 1274 θυσιαστήριον,
3153 1200 3280 1254 τάδε
3317 1198 3465 1268 λέγει
3516 1196 3744 1265 Κύριος·

2186 1301 2317 1355 Ἰδοὺ
2345 1300 2457 1363 υἱὸς
2500 1298 2748 1351 τίκτεται
2780 1298 2839 1349 ὲν
2890 1293 3025 1365 οἴκῳ
3078 1291 3263 1353 Δαϐἱδ,
3325 1289 3535 1352 Ἰωσίας
3580 1287 3749 1357 ὄνομα

2173 1392 2343 1463 αὐτῷ’
2385 1392 2481 1446 καὶ
2514 1389 2665 1443 θύσει
2716 1388 2811 1440 ἐπὶ
2870 1387 2929 1440 σὲ
2959 1386 3087 1447 τοὺς
3138 1383 3302 1454 ἱερεῖς
3356 1379 3466 1434 τῶν
3508 1377 3749 1448 ὑψηλῶν,

2170 1484 2296 1546 τοὺς
2324 1481 2647 1541 ὲπιθύοντας
2703 1478 2796 1530 ἐπὶ
2828 1476 2932 1529 σοί.
2965 1494 2984 1527 ›
3017 1471 3224 1528 Οὐκοῦν
3251 1467 3584 1540 ἐπηπείλησε
3620 1482 3750 1519 παι-

2171 1573 2380 1628 δεύσειν
2412 1573 2470 1625 ὲν
2506 1569 2663 1641 θυμῷ
2694 1568 2786 1624 καὶ
2809 1568 2946 1637 ὀργῇ
2981 1565 3104 1628 τοὺς
3125 1565 3191 1634 τῇ
3219 1561 3420 1630 σκοπιᾷ
3440 1558 3619 1627 πάγην
3653 1573 3749 1624 γεο

2172 1665 2416 1733 γονότας,
2458 1662 2637 1733 ἱερέας
2663 1677 2725 1715 τε
2785 1677 2858 1730 φη
2871 1657 2953 1727 μὶ,
2985 1656 3080 1710 καὶ
3116 1653 3241 1716 τοὺς
3263 1650 3324 1715 ἐξ
3342 1650 3573 1719 αἵματος
3594 1646 3749 1717 βασι-

2172 1754 2367 1809 λικοῦ..
2406 1751 2816 1807 ’Δκαταιτίατον
2871 1747 2931 1801 δὲ
2987 1741 3237 1813 οὐδαμῶς
3266 1740 3358 1793 τὸν
3385 1737 3753 1818 ,ἠπατημένον

2170 1848 2339 1918 ἠφίει,
2366 1843 2634 1907 τουτέστι,
2654 1843 2744 1896 τὸν
2760 1839 2988 1911 Ἰσραήλ.
3015 1828 3282 1905 Ταύτῃ-τοί
3302 1833 3486 1901 φησιν’
3509 1828 3753 1918 «Ἐγνων

2172 1916 2265 1993 τὸν
2326 1936 2587 2009 Ἐφραῒμ,
2634 1934 2728 1987 καὶ
2789 1929 3005 2004 Ἰσραὴλ
3046 1928 3151 2009 οὑκ
3196 1924 3424 1979 ἄπεστιν
3471 1919 3565 1974 ἀπ’
3596 1916 3780 1989 ἐμοῦ.»

2171 2026 2318 2086 Ἶσον
2350 2008 2437 2101 δὴν
2472 2026 2629 2083 τοῦτο
2681 2024 2873 2093 ἐκείνῳ
2897 2039 2911 2053 ο
2943 2020 3037 2083 Τίς
3096 2008 3271 2079 οὗτος,
3316 2015 3345 2067 ὁ
3397 2010 3654 2082 κρύπτων
3684 2025 3754 2079 με

2176 2122 2392 2193 βουλὴν.
2444 2119 2681 2189 συνέχων
2737 2117 2958 2187 ῥήματα
2984 2114 3043 2166 ὲν
3075 2107 3294 2180 καρδίᾳ,
3346 2105 3447 2175 ἐμὲ
3495 2102 3553 2158 δὲ
3584 2102 3755 2193 οἴεται

2173 2192 2472 2285 κρύπτειν;
2513 2212 2766 2278 Ἔγνωκα
2806 2208 2915 2277 γὰρ
2961 2204 3053 2258 τὸν
3114 2196 3406 2285 Ἐφραῖμ,
3445 2192 3759 2285 φησὶηκαὶ

2173 2280 2272 2356 οὑκ
2336 2301 2616 2368 ἀφέστηκα
2678 2294 2770 2349 τοῦ
2832 2292 3066 2363 Ἰσραήλ.
3100 2309 3118 2342 ι
3144 2288 3277 2351 Θεὸς
3348 2283 3459 2355 γὰρ
3524 2280 3755 2351 ὲγγίςων

2175 2391 2285 2460 ἐγώ
2321 2389 2581 2459 εἰμι,καὶ
2606 2385 2727 2456 οὐχὶ
2778 2384 2911 2446 Θεὸς
2953 2380 3253 2453 πόρρωθεν.
3298 2377 3360 2430 Ei
3413 2372 3747 2445 κρυϐήσεται

2175 2480 2460 2552 ἄνθρωπος
2489 2478 2547 2531 ὲν
2570 2474 2879 2548 κρυφαίοις,
2895 2473 2990 2527 καλ⁸
3020 2471 3130 2539 ἐγὼ
3156 2471 3257 2523 οὑκ
3276 2468 3479 2538 ὄψομαι
3507 2462 3705 2530 αὑτόνς
3730 2479 3752 2513 ι

2176 2573 2287 2625 Καὶ
2306 2570 2486 2634 πάλιν,
2527 2586 2544 2619 t
2565 2566 2658 2637 Μὴ
2691 2565 2786 2637 ἀπ’
2812 2562 2948 2634 ἐμοῦ
2988 2558 3322 2632 κρυϐήσεταί
3353 2573 3436 2623 τι;
3474 2574 3492 2608 ι

2247 2665 2400 2717 Διότι
2463 2660 2580 2715 νῦν
2646 2657 3090 2725 ἐξεπόρνευσεν
3163 2648 3411 2720 Ἐφραῒμ
3436 2688 3453 2715 ,
3509 2643 3758 2717 ἐμιάνθη

2192 2755 2453 2826 ἰσριι·ἱιλ,
2497 2754 2608 2807 οὐκ
2633 2749 2868 2804 ἔδωκαν
2891 2814 2900 2823 ε
2923 2747 2995 2801 τὰ
3048 2744 3360 2799 διαϐούλια
3414 2736 3613 2794 αὐτῶν
3653 2732 3763 2789 τοῦ

2178 2824 2535 2914 ἐπιστρέψαι
2577 2841 2729 2910 πρὸς
2776 2838 2883 2892 τόν
2935 2835 3084 2891 Θεὸν
3127 2831 3349 2900 αὐτῶν,
3390 2830 3480 2884 ὅτι
3523 2824 3762 2894 πνεῦμα

2181 2937 2461 3008 πορνείας
2487 2934 2557 2988 ἐν
2575 2930 2783 2996 αὐτοῖς
2808 2929 2937 2983 ἐστι
2960 2967 2975 2994 ,
3008 2928 3116 2980 τὸν
3145 2923 3213 2978 δὲ
3236 2923 3457 2989 Κύριον
3514 2918 3626 2972 οὐκ
3656 2916 3765 2970 ἐπ-

2179 3031 2613 3185 “mitiﬁcet,
2634 3112 2742 3182 γὰρ
2767 3062 3101 3178 είςινεφροὸς
3124 3102 3230 3173 ὁρᾷ
3242 3100 3336 3153 καὶ
3354 3096 3579 3168 καρδίας
3603 3098 3631 3148 ὁ
3647 3097 3765 3148 τῶν

512 3224 887 3278 universorum
925 3218 1067 3275 Deus
1120 3229 1173 3283 et
1205 3234 1423 3293 prorsus
1497 3219 1639 3281 nihil
1667 3228 1750 3275 est
1770 3220 1848 3275 illi
1887 3222 2090 3291 inaspe.

2193 3210 2330 3265 ὅλων
2361 3207 2511 3273 Θεὸς,
2533 3206 2774 3260 ἄποπτον
2797 3200 2853 3255 δὲ
2880 3197 3029 3267 αὐτῷ
3060 3189 3336 3294 παντελῶς
3367 3186 3541 3294 οὐδὲν,
3588 3185 3765 3294 ἐγνω-

513 3312 710 3368 ctabile
734 3312 800 3378 ³⁸,
826 3310 1076 3383 cognovit
1102 3270 1420 3365 fornicatum
1445 3325 1585 3376 esse,
1619 3318 1674 3367 et
1713 3311 1781 3366 ad
1813 3270 2085 3383 fastigium

2188 3320 2304 3365 κεν,
2340 3301 2422 3353 ὅτι
2453 3270 2794 3367 πεπόρνευκε
2829 3290 2954 3361 μὲν,
2989 3286 3084 3343 καὶ
3131 3284 3209 3346 είς
3238 3280 3406 3383 ἄκρον
3553 3273 3771 3383 ἐραυλό-

517 3402 876 3474 improbitatis
927 3402 1234 3473 pervenisse
1274 3400 1472 3466 Israel,
1517 3402 1634 3456 sive
1671 3400 1949 3473 prraim,
1986 3402 2087 3459 Ve-

518 3501 820 3549 rumtamen
862 3506 961 3547 nec
1020 3491 1086 3547 ad
1132 3500 1407 3560 punctum
1441 3492 1697 3561 temporis
1758 3494 2088 3561 pmnitentitn

517 3583 899 3655 cogitationem
939 3582 1131 3639 saltem
1159 3582 1419 3652 suscepit,
1451 3583 1589 3651 quod
1621 3597 1650 3636 a
1686 3584 1882 3652 spiritu
1929 3582 2091 3640 ferui-

518 3677 665 3732 eario
705 3684 853 3731 esset
893 3683 1213 3744 occupatus,
1254 3689 1547 3744 verumque
1613 3673 1899 3735 Dominum
1945 3692 2089 3745 quac-

524 3783 643 3823 rere
677 3768 861 3823 nollet.
896 3768 1093 3823 Verum
1155 3777 1236 3823 est
1270 3766 1431 3836 igitur
1461 3769 1603 3835 quod
1657 3767 1734 3822 ait
1791 3767 2040 3824 Salvator
2071 3788 2084 3824 :

526 3876 543 3908 ι
580 3854 744 3911 Nemo
774 3864 951 3924 potest
1008 3857 1216 3913 duobus
1271 3856 1507 3912 dominis
1537 3857 1742 3913 servire
1770 3857 1871 3914 ³⁸.»

594 4029 756 4084 Vens.
790 4026 841 4083 5.
881 4026 946 4080 Et
983 4027 1347 4081 Ittmtiliubilur
1399 4027 1595 4096 injuria
1627 4027 1798 4082 Israel
1828 4028 1881 4082 in
1907 4029 2094 4096 {aciem
2145 4088 2151 4095 ,

523 4120 656 4188 ejus.
712 4115 776 4170 Et
814 4115 1002 4181 Israel,
1042 4127 1088 4171 et
1124 4117 1383 4184 Eplu'aim
1419 4117 1831 4186 iit/irmaltuntur
1891 4119 1944 4172 iu
1994 4118 2095 4172 iui-

523 4204 807 4272 qtn‘tatibtts
851 4204 1003 4267 suis;
1038 4213 1087 4256 et
1121 4204 1482 4271 inﬁrmabitur
1532 4221 1735 4275 quoque
1772 4202 1943 4259 ludas
1977 4220 2094 4259 cum

526 4308 621 4348 €18.

602 4382 747 4439 LIV.
776 4382 1041 4453 iniuriam
1092 4382 1180 4435 Itic
1212 4384 1442 4452 appellat
1497 4386 1862 4440 detestandam
1909 4400 2098 4454 super-

532 4480 713 4533 biam:
762 4484 843 4531 est
881 4473 1026 4529 enim
1074 4471 1367 4541 iniuriosus
1398 4474 1683 4543 superbus.
1748 4474 2097 4544 Hutnili‘atum

2186 3410 2343 3466 τητος
2373 3392 2401 3444 ὁ
2451 3388 2687 3460 Ἰσραὴλ,
2723 3386 2888 3456 ἧγουν
2913 3383 2942 3434 ὁ
3009 3375 3278 3466 Ἐφραῒμ·
3316 3372 3454 3466 πλην
3486 3368 3619 3466 οὐδ’,
3643 3368 3771 3466 δσον

2189 3456 2386 3547 εἰπεῖν,
2419 3479 2499 3541 εἱς
2530 3456 2680 3530 ’νοὺν
2728 3472 2825 3527 καὶ⁵
2876 3467 3106 3539 καρδίαν
3160 3464 3265 3518 κᾶν
3319 3459 3448 3530 γοῦν
3473 3459 3532 3512 τὸ
3571 3456 3770 3529 χρῆναι

2194 3571 2477 3644 μετανοεῖν
2516 3564 2845 3629 εἰσεδέξατο,
2899 3560 2992 3615 διὰ
3039 3574 3105 3627 γε
3152 3556 3214 3609 τὸ
3264 3547 3644 3644 κεκρατῆσθαι

2192 3636 2473 3732 πορνεύων
2493 3655 2655 3710 αὑτὸν
2679 3651 3025 3707 ἀναπείθοντι
3055 3646 3345 3715 πνεύματι,
3364 3641 3459 3732 καὶ
3478 3639 3568 3693 τὸν
3594 3636 3765 3732 ἀληθῆ

2191 3725 2471 3820 Δεσπότην
2508 3746 2582 3818 μὴ
2610 3744 2862 3813 ἐθελῆσαι
2892 3741 3093 3811 ζητεῖν.
3128 3734 3350 3807 Ἀληθὲς
3378 3726 3471 3785 οὖν
3500 3733 3602 3794 ὅτι,
3630 3725 3769 3782 καθά

2194 3859 2359 3915 φησιν
2389 3842 2418 3894 ὁ
2438 3836 2651 3908 Σωτὴρ,
2703 3851 2722 3886 ι
2752 3832 2941 3894 Οὐδεὶς
2977 3830 3201 3909 δύναται
3242 3824 3365 3880 δυσὶ
3397 3821 3612 3893 κυρίοις
3648 3820 3767 3873 δουο

2194 3932 2392 3985 λεύειν.
2430 3946 2448 3980 ι

2267 4021 2375 4077 Καὶ
2405 4014 2911 4083 ταπεινωθήσεται
2968 4011 3006 4078 ’ἠ
3056 4007 3222 4075 ὕϐρις
3249 4004 3357 4060 τοῦ
3406 4002 3652 4072 Ἰσραὴλ
3684 4000 3763 4062 εἰς

2197 4114 2520 4181 πρόσωπον
2593 4102 2799 4159 αὺτοῦ.
2871 4099 2982 4153 Καὶ
3051 4098 3302 4164 Ἰσραὴλ
3373 4093 3471 4146 καὶ
3534 4086 3765 4181 Ἐφραίμ

2195 4201 2648 4268 ἀσθενήσουσιν
2673 4196 2743 4250 ἐν
2764 4191 2890 4257 ταῖς
2916 4188 3174 4253 ἀδικίαις
3201 4183 3417 4243 αὐτῶν·
3461 4181 3559 4236 καὶ
3592 4180 3763 4235 d008—

2196 4296 2372 4365 νήσει
2399 4293 2497 4346 καὶ
2535 4288 2761 4352 Ἰούδας
2795 4283 2919 4354 μετ’
2941 4279 3156 4335 αὐτῶν.

2266 4357 2389 4434 Μ’.
2419 4378 2615 4447 ’Ύϐριν
2647 4373 2831 4427 ἐνθάδε
2864 4370 2999 4438 φησὶ
3017 4367 3121 4437 ,τὴν
3149 4364 3420 4435 ἐπάρατον
3451 4357 3763 4430 ὑπεροψίαν·

2200 4468 2459 4542 ὑϐριστὴς
2506 4467 2613 4535 γὰρ
2663 4465 2691 4515 ὁ
2744 4458 2979 4522 ἀλαζών.
3027 4452 3540 4524 Ταπεινωθήσεσθαι
3593 4447 3767 4501 τοίνυν

533 4584 664 4639 ergo
695 4567 759 4620 iri
790 4565 1097 4634 superbiam
1128 4564 1343 4618 lsraclis
1401 4563 1594 4633 inquit,
1629 4565 1718 4618 ubi
1774 4565 1860 4617 illa
1912 4579 2090 4632 passus

2205 4540 2340 4634 φησὶ
2365 4560 2462 4630 τὴν
2490 4552 2788 4624 ὑπεροψίαν
2837 4548 2931 4602 τοῦ
2976 4547 3212 4620 Ἰσραὴλ,
3250 4548 3434 4599 ὲκεῖνα
3479 4540 3768 4604 παθόντος,

535 4660 717 4722 fuerit,
750 4664 810 4710 et
848 4655 1217 4720 meritissimo,
1267 4670 1386 4725 qua:
1449 4666 1503 4710 et
1534 4655 1788 4710 humilem
1852 4652 2019 4720 illum,
2057 4662 2111 4708 et

538 4746 923 4809 inliserandum,
954 4753 1009 4797 et
1041 4744 1329 4813 abiectum,
1360 4754 1415 4800 et
1440 4747 1662 4801 materia
1724 4747 1790 4800 de
1845 4745 1954 4801 Deo
2002 4744 2113 4814 glo-

540 4839 713 4895 riandi
757 4838 1096 4900 destitutum,
1145 4852 1489 4907 supernaque
1545 4847 1600 4893 et
1640 4838 1814 4907 patria
1867 4836 2114 4890 libertate

539 4929 827 4999 spoliatum
876 4927 1120 4982 reddent.
1150 4924 1207 4979 lu
1258 4926 1447 4981 faciem
1501 4939 1662 4996 porro
1709 4925 1828 4995 eius
1862 4924 2112 4993 iniuriam

540 5033 901 5086 ret-crsuram,
961 5017 1359 5086 intelligendum
1398 5028 1479 5073 est
1522 5032 1682 5071 omne
1735 5028 1904 5086 genus
1951 5016 2104 5084 igno-

539 5114 718 5167 minia:
743 5110 1140 5181 quodammodo
1184 5109 1362 5163 simile
1392 5109 1507 5164 fore
1537 5109 1706 5179 plagis
1738 5109 1790 5162 in
1822 5106 1957 5161 facie
2026 5119 2107 5160 ac-

540 5203 730 5271 ceptis.
768 5203 831 5257 Et
878 5202 953 5256 ait
993 5200 1345 5255 infirmandas
1407 5200 1566 5254 simul
1617 5215 1737 5253 cum
1769 5198 1901 5252 Juda
1941 5195 2108 5250 israe-

545 5299 683 5351 Iitas.
724 5297 855 5350 Nam
904 5297 1072 5368 Syria;
1122 5306 1176 5351 et
1216 5295 1497 5349 Persarum
1526 5308 1680 5363 reges
1716 5292 1768 5345 in
1808 5289 2106 5345 Samariam

546 5393 814 5449 hostiliter
876 5395 1142 5461 grassati,
1213 5408 1316 5447 non
1372 5391 1617 5447 siverunt
1656 5389 1945 5442 inmmnem
1992 5395 2111 5436 esse

545 5483 776 5539 ludam:
823 5483 1037 5537 israelis
1078 5485 1274 5553 quippe
1341 5480 1565 5537 urbibus
1614 5480 1775 5533 etiam
1825 5472 2110 5531 nonnullas

549 5577 614 5630 ad
658 5574 854 5629 tribum
886 5570 1024 5625 .luda
1073 5584 1125 5625 et
1186 5572 1458 5641 Beniamin
1503 5570 1831 5641 pertinentes
1900 5562 2112 5647 addide-

551 5678 695 5723 runt.
746 5664 1058 5720 Universam
1096 5672 1272 5717 autem
1324 5664 1683 5717 calamitatem
1724 5658 1857 5711 citra
1901 5651 2111 5707 dubita-

2204 4632 2301 4708 καὶ
2328 4650 2533 4722 σφόδρα
2573 4644 2814 4709 δικαίως,
2870 4641 2906 4695 δι
2936 4641 3029 4695 καὶ
3061 4639 3315 4694 ταπεινὸν
3356 4636 3517 4690 αὑτὸν
3556 4632 3773 4704 ἔμελλον

2206 4742 2545 4813 ἀποφαίνειν,
2579 4734 2797 4804 οἰκτρὸν
2836 4734 2929 4787 καὶ
2983 4728 3441 4801 κατερῤιμμένον,
3474 4725 3567 4780 καὶ
3606 4725 3774 4793 αὐχη-

2211 4836 2392 4908 μάτων
2416 4832 2617 4902 ἕρημον
2641 4826 2747 4880 τῶν
2774 4824 2865 4877 ἐπὶ
2876 4821 3013 4892 Θεῷ,
3047 4821 3141 4875 καὶ
3159 4821 3327 4888 αὐτῆς
3352 4818 3409 4870 δὲ
3433 4818 3537 4887 τῆς
3565 4815 3773 4908 ἄνωθεν

2210 4903 2302 4981 καὶ
2330 4920 2589 4993 πατρῴας
2619 4918 2802 4979 αὑτοῖς
2852 4912 3163 4983 ἐλευθερίας
3196 4909 3584 4982 ἐστερημένον.
3617 4906 3692 4959 Τὸ
3726 4903 3779 4957 δὲ

2211 5021 2289 5082 είς
2328 5016 2615 5086 πρόσωπον
2670 5007 2836 5063 αὑτοῦ
2874 5006 2974 5077 τὴν
3029 5003 3188 5074 ὕϐριν
3242 4997 3778 5072 ἀποστραφήσεσθαι,

2213 5108 2428 5179 νοητέον
2459 5104 2546 5157 διὰ
2570 5101 2631 5153 τὸ
2668 5102 2774 5154 πᾶν
2821 5094 2960 5160 εἶδος
3011 5094 3234 5164 ἀτιμίας
3258 5093 3494 5146 ἐοικέναι
3527 5108 3645 5153 πως
3667 5088 3781 5148 ταῖς

2215 5175 2355 5252 κατὰ
2385 5194 2672 5264 πρόσωπον
2730 5188 2983 5259 πληγαῖς.
3039 5184 3386 5254 Ἀσθενὴσειν
3441 5181 3497 5234 δὲ
3543 5178 3679 5250 ὁμοῦ
3709 5175 3783 5245 τῷ

2229 5285 2396 5339 Ἰούδα
2427 5283 2559 5353 φησὶ
2587 5280 2709 5342 τοὺς
2762 5277 2822 5341 ἐξ
2873 5274 3108 5345 Ἰσραήλ.
3164 5271 3631 5343 Καταδῃὼσαντες
3681 5268 3785 5336 γὰρ

2216 5379 2243 5430 ὃ
2262 5394 2316 5429 τε
2339 5376 2436 5444 τῆς
2464 5372 2663 5442 Συρίας
2692 5368 2782 5422 καὶ
2820 5368 3043 5438 Περσῶν
3070 5366 3303 5437 βασιλεῖς
3332 5366 3428 5435 τὴν
3456 5364 3785 5434 Σαμάρειαν,

2217 5468 2316 5519 οὑκ
2346 5463 2566 5533 ἀπλῆγα
2629 5459 3085 5529 συγκεχωρήκασι
3119 5457 3393 5525 διαμεῖναι
3422 5456 3513 5508 τὸν
3554 5452 3785 5512 Ἰούδαν,

2219 5556 2544 5628 προσθέντες
2578 5555 2698 5615 ταῖς
2755 5550 2848 5602 τοῦ
2890 5548 3105 5619 Ἰσραὴλ
3150 5548 3336 5600 πόλεσι
3386 5546 3478 5600 καί
3506 5540 3657 5607 τινας
3687 5542 3790 5597 τῶν

2220 5644 2532 5718 ἀνηκουσῶν
2552 5645 2661 5705 τοῖς
2687 5641 2743 5707 ἐξ
2771 5639 2940 5693 Ἰούδα
2958 5640 3344 5708 καὶΒενιαμίν.
3365 5640 3488 5691 Ὅτι
3503 5638 3556 5691 δὲ
3578 5636 3793 5701 ἀπάσης

619 5784 664 5817 ³ο
692 5780 755 5837 ιν
788 5780 928 5843 Reg.
953 5776 1124 5846 πλη.
1184 5778 1223 5810 ³¹
1256 5777 1322 5831 ill
1362 5777 1489 5846 Reg.
1525 5792 1642 5841 xm,
1669 5776 1723 5829 2.
1801 5773 1841 5804 ³³
1872 5771 1979 5828 Jer.
2010 5782 2090 5822 XXI

2193 5766 2280 5819 ‘23.
2363 5764 2403 5795 ³³
2427 5761 2537 5817 .ler.
2570 5772 2795 5828 xxxviii,
2821 5756 2905 5812 M.
2984 5756 3027 5829 _"‘
3055 5754 3163 5812 Jcr.
3191 5752 3374 5822 XI,‘Z0;
3408 5752 3570 5809 Hebr.
3603 5766 3675 5819 tv,
3708 5748 3792 5804 η.

552 5857 593 5889 ³⁵
631 5856 817 5911 Matth.
855 5864 930 5916 vi,
972 5844 1060 5899 24-
