4098 6276
424 372 528 428 M5

1342 369 1879 429 COMMENTARIUS
1917 369 1984 426 IN
2022 371 2254 428 OSEAM
2291 372 2732 429 PROPIiETAM.

3561 379 3659 433 MS

425 488 609 551 αὐτοῖς
638 488 921 558 συμφορᾶς
950 492 1326 562 προμνήστρια
1357 491 1580 561 γέγονεν
1619 490 1987 562 ὁμολογουμέ-

2115 490 2290 546 ionem
2350 492 2669 560 importasse
2702 491 2805 546 illis
2856 492 3180 564 impietatem
3207 500 3261 547 et
3303 490 3553 559 injuriam
3608 498 3658 547 iu

426 596 531 642 νως
569 580 602 649 η
646 580 727 643 είς
761 580 893 635 Θεὸν
943 581 1169 637 ἀσέϐειά
1220 599 1279 634 τε
1331 583 1423 637 καὶ
1478 581 1655 655 ὕϐρις,
1696 582 1989 652 δεδίδαχεν,

424 670 614 734 εἰπὼν,
648 671 726 743 μὴ
756 672 823 728 ἂν
844 674 1045 745 ἑτέρως
1069 676 1254 740 αὐτοῖς
1296 676 1357 730 τὸ
1406 677 1505 747 τῆς
1541 674 1825 740 ἀσθενείας
1855 692 1996 747 συμο

422 761 686 831 ϐήσεσθαι
711 763 900 830 πάθος,
931 764 1045 818 ἀλλ’
1071 765 1104 836 ἢ
1139 766 1318 837 μόνον,
1349 766 1430 820 ὅτι
1452 786 1470 818 ι
1500 766 1911 836 Ἀσθενήσουσιν
1936 768 1994 820 ὲν

420 855 544 916 ταῖς
598 852 835 917 ἀδικίαις
895 855 1095 910 αὐτῶν.
1152 875 1170 908 ι
1226 858 1509 929 Χρήσιμογ
1566 854 1660 911 οὖν
1717 857 1827 928 ἀρα
1900 857 1995 911 καὶ

420 943 854 1012 τιμαλφέστατον
900 946 1115 1017 ἀληθῶς
1144 950 1177 1019 ἡ
1209 949 1291 1011 είς
1335 948 1468 1001 Θεὸν
1524 948 1789 1013 εὐσέϐεια,
1821 947 1889 1003 δι’
1926 944 1992 1020 ἧς

426 1031 492 1084 ἂν
524 1032 732 1100 γένοιτο
757 1034 850 1088 καὶ
879 1035 942 1088 τὸ
965 1034 1134 1089 ἐθνῶν
1157 1037 1412 1092 δύνασθαι
1434 1040 1671 1109 κρατεῖν,
1696 1040 1789 1093 καὶ
1817 1039 1997 1094 πάντα
2055 1041 2067 1047 ’

431 1121 635 1190 ἰσχύειν
666 1125 967 1195 κατορθοῦν
992 1127 1249 1192 εὐκόλως.
1271 1130 1383 1183 Καὶ
1401 1129 1681 1200 ἀληθεύων
1702 1130 1939 1201 ἔφασκεν
1969 1133 1998 1184 ὁ

427 1214 639 1284 Σωτὴρ,
669 1215 751 1268 ὅτι
784 1233 803 1268 ι
836 1218 1021 1288 Χωρὶς
1048 1217 1183 1289 ἐμοῦ
1217 1220 1279 1272 ού
1306 1218 1538 1274 δύνασθε
1569 1220 1748 1274 οὐδέν.
1792 1239 1811 1272 ι
1845 1220 1997 1277 Ψάλ-

426 1305 507 1357 λει
537 1305 594 1359 δέ
643 1324 746 1360 που
798 1310 894 1363 καὶ
933 1312 962 1363 ὁ
1017 1310 1360 1381 Δασὶδ,όρθά
1415 1314 1633 1382 φρονεῖν
1688 1312 1994 1384 ᾑρημένος,

431 1412 451 1444 ι
491 1393 665 1464 ’ἰσχύς
691 1411 790 1464 μου
814 1397 908 1449 καὶ
937 1396 1165 1468 ῦμνησίς
1193 1415 1292 1468 μου
1312 1398 1341 1450 ὁ
1368 1398 1591 1469 Κύριος.
1619 1418 1639 1450 ι

497 1484 656 1538 Μετὰ
685 1485 993 1552 προϐάτων
1033 1488 1132 1540 καὶ
1158 1487 1410 1556 μόσχων
1440 1489 1860 1556 πορεύσονται,
1891 1489 1998 1543 τοῦ

429 1571 755 1642 ἐκζητῆσιιι
803 1575 912 1629 τὸν
965 1576 1204 1646 Κύριον,
1234 1577 1331 1631 καὶ
1379 1578 1465 1647 μὴ
1492 1577 1750 1646 εὕρωσιν
1777 1579 1963 1631 αὐτόν
1982 1594 1994 1607 ·

431 1661 521 1715 ὅτι
547 1662 859 1726 ἐξέκλινεν
884 1666 986 1721 ἀπ’
1013 1666 1230 1734 αὐτῶν,
1267 1667 1355 1721 ὅτι
1400 1669 1507 1721 τὸν
1537 1668 1759 1736 Κύριον
1792 1669 2002 1738 ἐγκατ-

432 1753 666 1807 έλιπον·
714 1753 805 1808 ὅτι
831 1755 1010 1810 τέκνα
1032 1756 1188 1811 ἀλλά
1194 1774 1317 1826 τρια
1340 1758 1751 1827 ἐγεννήθησαν
1773 1757 1998 1823 αὐτοῖς.

2096 581 2260 635 Deum
2299 580 2483 636 docuit
2539 597 2662 637 cum
2701 583 2855 651 dixit,
2909 600 3016 639 non
3064 585 3222 639 aliter
3274 583 3409 652 ipsis
3461 582 3658 636 malum

2095 670 2423 727 inﬁrmitatis
2458 682 2799 737 eventurum,
2831 676 2932 730 ιιῑεί
2956 674 3082 745 quia
3103 693 3121 726 ι
3163 674 3578 730 infirmabuntur
3607 676 3658 729 in

2094 762 2466 832 iniquitatibus
2507 762 2670 818 suis.»
2702 760 2857 818 Utilis
2883 764 3065 835 igitur,
3096 775 3150 821 et
3185 782 3270 823 res
3294 766 3538 837 profecto
3567 767 3663 821 llo-

2096 852 2241 906 noris
2272 851 2582 920 plenissima
2611 851 2784 921 pietas
2809 866 2934 922 erga
2969 853 3158 919 Deum,
3190 856 3344 926 cujus
3368 870 3469 927 ope
3498 856 3660 911 etiam

2094 942 2282 997 hostes
2310 940 2538 1009 domari,
2579 951 2631 996 ct
2656 939 2836 997 omnia
2872 942 2985 997 iieri
3015 958 3134 998 cum
3162 944 3319 1000 laude
3358 955 3520 1017 atque
3551 946 3661 1000 viro

2102 1041 2211 1088 tute
2250 1033 2408 1088 facile
2451 1042 2668 1105 queant,
2696 1046 2759 1086 ac
2803 1046 2963 1087 verus
2996 1043 3080 1088 est
3118 1032 3364 1091 Salvator
3398 1052 3519 1091 cum
3573 1037 3657 1090 di-

2096 1123 2212 1177 cit:
2242 1140 2261 1175 ι
2302 1122 2431 1178 Sine
2474 1137 2559 1178 me
2592 1120 2723 1177 nihil
2753 1122 2980 1191 poteStis
3008 1122 3184 1178 facere
3218 1123 3318 1179 ³⁸.»
3374 1122 3559 1179 Psallit
3611 1134 3667 1179 et

2098 1206 2268 1264 David
2329 1209 2525 1265 alicubi
2560 1224 2626 1265 ex
2677 1224 2804 1265 vero
2860 1224 3059 1266 sensu:
3092 1231 3110 1264 ‹
3147 1210 3427 1268 Fortitudo
3449 1222 3503 1268 et
3553 1211 3667 1269 laus

2097 1311 2217 1353 mea
2257 1298 2515 1356 Dominus
2530 1298 2628 1353 ³⁷.»

2167 1472 2278 1543 85
2312 1473 2478 1533 Vens.
2517 1477 2570 1541 6,
2605 1477 2657 1561 7.
2689 1477 2821 1534 Cum
2854 1481 3034 1533 ovibus
3088 1489 3140 1534 et
3189 1480 3365 1535 vitulis
3418 1480 3581 1543 ibunt,
3613 1489 3667 1532 ut

2099 1574 2335 1633 quierant
2383 1565 2685 1633 Dominum,
2706 1578 2756 1623 et
2810 1585 2917 1623 non
2965 1570 3217 1625 invenient
3239 1586 3396 1634 eum;
3438 1570 3669 1623 declina-

2100 1655 2173 1708 uit
2224 1657 2360 1710 enim
2409 1657 2474 1710 ab
2525 1658 2654 1721 illis,
2699 1660 2822 1730 quia
2884 1658 3162 1713 Dominum
3216 1660 3553 1729 reiiquertmt,
3616 1668 3669 1714 et

2101 1744 2201 1811 ﬁlii
2227 1744 2389 1799 alieni
2434 1749 2546 1802 nati
2577 1759 2722 1805 sunt.
2747 1749 2904 1805 Nunc
2953 1751 3328 1806 devoravitcos
3373 1750 3577 1820 rubigo,
3620 1760 3669 1807 et

434 1840 565 1893 Νῦν
588 1841 981 1913 καταφάγεται
1025 1844 1248 1910 αὐτοὺς
1287 1846 1327 1913 ἠ
1379 1845 1624 1914 ἐρυσίῶι
1648 1886 1665 1910 ,
1728 1845 1825 1900 καί
1861 1845 2004 1912 τοὺς
2034 1846 2075 1901 Β
2102 1845 2266 1890 ωηει
2311 1852 2511 1893 60mm-

434 1929 701 1997 κλήρους
736 1930 951 1987 αὐτῶν.

504 2020 631 2074 NE’.
674 2021 895 2093 ’Δληθὲς
944 2025 1142 2096 ὁρᾶται
1194 2025 1283 2080 διὰ
1337 2028 1711 2099 πραγμάτων,
1746 2029 1826 2082 ὅτι
1864 2026 2008 2082 καθά.

435 2124 603 2180 φησιν
630 2110 964 2176 ὁθεσπέσιος
1014 2112 1251 2183 Παῦλος,
1289 2116 1550 2171 ἀδύνατον
1602 2114 1741 2189 αίμα
1783 2116 2000 2189 ταύρων

436 2201 533 2255 καὶ
557 2202 775 2273 τράγων
807 2203 1025 2272 ἀφελεῖν
1076 2206 1374 2277 ἁμαρτίας,
1408 2208 1505 2262 καὶ
1539 2206 1686 2261 ἔστιν
1714 2208 2008 2278 ἀπρόσιτος

434 2291 526 2345 διὰ
549 2293 716 2363 νόμου
746 2294 899 2359 Θεός.
929 2294 1113 2367 Νόμον
1151 2296 1208 2350 δέ
1235 2312 1399 2368 φημι,
1430 2297 1528 2368 τὴν
1557 2298 1697 2354 κατά
1720 2299 1887 2369 νόμον
1913 2298 2009 2351 λα-

435 2382 646 2452 τρείαν,
687 2382 787 2454 τὴν
822 2384 891 2437 δι’
944 2385 1191 2455 αἱμάτων
1229 2386 1325 2441 καὶ
1388 2386 1609 2444 θυσιῶν.
1658 2387 1865 2444 Οὐκοῦν
1904 2386 2009 2440 κᾶν

436 2472 763 2541 προσάγοιεν
789 2473 841 2525 oi
870 2472 930 2538 ἐξ
972 2472 1186 2545 Ἰσραὴλ
1237 2473 1310 2528 τὰ
1360 2475 1725 2546 νενομισμένα
1758 2476 2007 2548 θύματα,

436 2562 550 2617 τῶν
582 2562 813 2627 ἀνοσίως
864 2565 1048 2629 αὐτοῖς
1096 2565 1476 2636 ὲπταισμένων
1539 2567 1876 2633 ἔξαιτοῦντες
1912 2568 2011 2640 τὴν

440 2656 658 2727 ἄφεσιν,
691 2658 857 2729 ἧγουν
886 2658 987 2729 τὴν
1034 2659 1172 2729 πρὸς
1195 2661 1287 2714 τὸν
1313 2660 1448 2713 Θεὸν
1480 2660 1768 2731 ζητοῦντες
1797 2662 2011 2716 οἰκείω-

444 2764 554 2813 σιν,
586 2747 689 2801 οῦκ
715 2747 789 2802 ἂν
809 2748 1100 2817 ὲφίκοιντο,
1141 2750 1327 2819 φησιν,
1360 2748 1470 2803 οὐδ’
1499 2750 1568 2805 ἀν
1589 2750 1905 2816 ὲξανύσειαν
1949 2754 2012 2807 τὸ

444 2837 724 2909 εὑρίσκειν
775 2837 1032 2895 δύνασθαι
1085 2839 1178 2894 τὸν
1211 2840 1365 2905 Θεὸν,
1399 2840 1515 2895 ἀλλ’
1540 2840 1649 2895 οὐδ’
1686 2841 1753 2896 ἂν
1805 2843 2014 2912 γένοιτο

441 2926 704 2998 προσιτὸς
724 2929 840 2991 τοῖς
859 2926 1002 2981 οὕτω
1029 2928 1544 2997 μεταγινώσκουσιν.
1567 2931 1891 3003 Εὑρίσκεται
1905 2934 2014 3007 γὰρ

438 3019 532 3073 διά
561 3018 732 3089 μόνης
778 3020 882 3089 τῆς
921 3021 981 3073 ὲν
1028 3021 1248 3093 Χριστῷ
1275 3021 1439 3093 ζωῆς,
1478 3016 1549 3095 ἦς
1593 3024 1661 3078 ἀν
1686 3026 1856 3079 νοοῖτο
1883 3042 2017 3097 προ-

441 3105 660 3178 εισὸολὴ
684 3106 745 3160 τὸ
784 3106 939 3179 ῥῆμα
973 3110 1074 3178 τῆς
1101 3109 1357 3174 πίστεως,
1384 3112 1479 3166 καὶ
1500 3112 1723 3183 προσέτι
1755 3114 1930 3184 τούτῳ
1955 3114 2017 3169 τὸ

2175 2018 2283 2075 ιν.
2313 2019 2421 2075 Res
2442 2020 2565 2091 ipsa
2587 2022 2900 2092 comprobat
2933 2023 3076 2092 quod
3106 2022 3320 2077 divinus
3353 2021 3547 2076 Paulus
3573 2020 3671 2088 ait,

2108 2112 2422 2183 sanguinem
2464 2120 2740 2166 taurorum
2784 2120 2876 2167 aut
2906 2112 3180 2167 hircorum
3210 2110 3672 2181 abolere'peccata

2107 2218 2212 2259 non
2256 2218 2416 2273 posse
2438 2202 2503 2271 ⁸⁸,
2534 2213 2590 2257 et
2617 2198 2713 2273 per
2748 2201 2915 2273 legem
2952 2215 3228 2258 accessum
3267 2201 3334 2256 ad
3365 2201 3532 2255 Deum
3564 2214 3671 2254 non

2110 2294 2262 2361 dari,
2307 2294 2477 2365 legem
2510 2304 2688 2349 autem
2734 2296 2854 2351 dico
2900 2294 3104 2350 cultum
3153 2292 3447 2349 secundum
3476 2292 3671 2361 legem,

2108 2398 2206 2454 per
2264 2385 2553 2455 sanguines
2592 2393 2648 2438 et
2698 2383 2987 2439 sacrificia.
3024 2382 3231 2453 itaque,
3261 2382 3384 2437 licet
3446 2380 3677 2437 ol‘i'eraut

2108 2474 2363 2531 lsraelitae
2398 2474 2601 2530 hostias
2633 2473 2915 2544 legitimas,
2949 2472 3207 2529 scelerate
3250 2471 3514 2527 factorum
3556 2485 3677 2525 suo-

2109 2581 2230 2623 rum
2271 2567 2715 2624 condonstionem
2767 2574 3008 2635 petentes
3031 2606 3046 2631 ,
3081 2564 3195 2621 sive
3245 2563 3676 2634 conjunctionern

2111 2672 2235 2715 cum
2284 2658 2394 2713 Deo
2429 2667 2485 2714 et
2525 2659 2817 2713 amicitiam
2856 2654 3185 2727 quaerentes,
3212 2671 3320 2711 non
3366 2671 3484 2711 eam
3526 2669 3677 2709 asse-

2112 2757 2377 2819 quentur,
2405 2749 2606 2820 inquit,
2648 2760 2820 2818 neque
2875 2747 3154 2820 proﬁcient
3209 2747 3276 2801 ad
3317 2745 3485 2801 Deum
3532 2745 3698 2799 iuver

2114 2840 2392 2904 niendum,
2427 2853 2604 2910 neque
2649 2838 2740 2893 tali
2786 2837 2946 2894 modo
2974 2836 3360 2906 pmnitentibus
3384 2834 3563 2890 aditus
3611 2833 3681 2886 ad

2114 2948 2237 2991 eum
2266 2933 2489 3004 patebit.
2529 2914 2634 2988 Per
2676 2931 2846 2987 solam
2894 2930 3119 3013 quippe.
3154 2928 3319 2983 vitam
3366 2927 3420 2981 in
3463 2924 3683 2982 Christo

2116 3027 2409 3094 invenitur,
2461 3024 2616 3095 cuius
2680 3021 2914 3093 praevius
2962 3020 3239 3092 ingressus
3269 3019 3456 3076 haberi
3504 3025 3684 3087 potest

2117 3119 2337 3172 verbum
2370 3116 2515 3181 iidei,
2564 3122 2767 3169 etcum
2808 3125 2873 3169 eo
2919 3111 3155 3168 salutare
3193 3111 3483 3181 baptisma,
3533 3107 3685 3163 rami-

446 3199 709 3270 σωτήριον
740 3198 1048 3270 βάπτισμα,
1081 3203 1181 3272 τὴν
1215 3203 1274 3255 ἐν
1329 3203 1598 3273 πνεύματι
1625 3204 1760 3275 πρὸς
1781 3204 1914 3260 Θεὸν
1936 3208 2015 3259 ol-

2119 3208 2304 3264 liarem
2337 3223 2460 3264 cum
2489 3208 2600 3263 Deo
2635 3205 3070 3275 coniunctionem
3100 3205 3156 3259 in
3195 3203 3400 3273 Spiritu
3428 3200 3681 3258 eli’rciens.

448 3289 667 3343 κείωσιν
705 3290 1018 3360 προξενοῦν.
1047 3292 1283 3360 Οὐκοῦν,
1300 3293 1401 3347 οὐκ
1432 3293 1500 3348 ἀν
1523 3293 1676 3366 εῦροι
1696 3295 1786 3349 τὸν
1815 3295 2019 3368 Κύριον

453 3373 485 3425 ὸ
535 3375 749 3446 Ἰσραὴλ
786 3377 874 3432 διά
923 3396 988 3449 γε
1041 3381 1142 3451 τῆς
1182 3381 1327 3436 κατά
1369 3382 1536 3451 νόμον
1571 3383 1844 3455 λατρείας.
1898 3387 2019 3439 Ἐκ-

456 3462 674 3518 κέκλικε
696 3466 809 3538 γὰρ
824 3469 915 3522 ἀπ’
937 3471 1135 3537 αὐτῶν,
1159 3472 1241 3526 ὅτι
1271 3473 1366 3526 καὶ
1387 3474 1542 3528 αὐτοὶ
1569 3475 2018 3534 καταλελοίπασιν

457 3551 633 3620 αὐτὸν,
654 3555 1033 3630 ἀποπηδῶντες
1074 3562 1327 3617 τοσοῦτον
1344 3604 1363 3626 ,
1406 3562 1483 3629 ὡς
1513 3564 1607 3619 καὶ
1634 3565 1839 3625 τέκνων
1864 3567 2020 3622 ἀλλο-

454 3641 620 3712 τρίων
664 3646 917 3712 γενέσθαι
973 3651 1227 3722 πατέρες.
1288 3671 1308 3705 ι
1349 3653 1628 3726 ’Δλλότρια
1685 3657 1743 3710 δὲ
1793 3658 1962 3713 τέκνα
1994 3678 2014 3713 ι

450 3733 602 3803 φησὶ,
628 3736 695 3790 τά
718 3731 830 3792 οἷον
856 3741 921 3793 ἐκ
961 3742 1192 3813 μήτρας,
1219 3744 1312 3797 καὶ
1342 3745 1402 3810 ἐξ
1426 3746 1608 3801 αὐτῶν
1639 3746 1747 3802 τῶν
1764 3751 2019 3821 σπαργά-

447 3837 581 3889 νων,
612 3829 734 3889 ταῖς
786 3827 897 3881 τῶν
946 3830 1180 3887 εἰδώλων
1220 3834 1553 3906 ἀνακείμενα
1601 3837 1803 3906 δόξαις,
1849 3856 2020 3911 προσ-

446 3916 692 3984 αγόντων
713 3921 856 3991 τάχα
881 3939 985 3974 που
1011 3926 1122 3987 τοῖς
1146 3925 1440 3996 δαιμονίοις
1459 3929 1526 3983 τά
1550 3933 1898 4002 χαριστήρια,
1926 3934 2022 3987 καὶ

383 4068 387 4072 _
446 4007 547 4068 τὰς
576 4010 669 4062 ἐπὶ
692 4014 812 4073 ταῖς
827 4012 981 4066 ὠδῖσι
1008 4013 1215 4083 θυσίας,
1231 4020 1341 4072 τῶν
1356 4020 2021 4094 γεγεν[ν]ηκότων.Τέκνα

450 4099 632 4153 τοίνυν
657 4101 936 4173 ἀλλότρια,
964 4106 1032 4158 τὰ
1066 4108 1139 4177 μὴ
1166 4110 1223 4162 ὲν
1264 4110 1382 4180 Θεῷ
1407 4129 1420 4142 ·
1450 4112 1484 4181 ἢ
1525 4114 1647 4166 καθ’
1687 4114 1871 4186 ἓτερον
1898 4118 2024 4188 τρό-

452 4205 577 4281 πον,
599 4191 668 4244 τά
699 4192 764 4245 ὲκ
792 4195 1065 4261 γυναικῶν
1118 4199 1439 4268 ἀλλογενῶν.
1482 4204 1875 4274 Ἐπεμίγνυντο
1914 4209 2022 4281 γὰρ

450 4280 873 4352 ἀπερισκέπτως
893 4288 940 4339 οἱ
966 4286 1025 4354 ἐξ
1054 4290 1269 4363 Ἰσραὴλ
1295 4295 1416 4356 ταῖς
1441 4293 1548 4348 τῶν
1570 4295 1741 4351 ἐθνῶν
1759 4280 2023 4373 θυγατρά-

450 4378 556 4437 σιν,
592 4374 1106 4448 είδωλολατρούσαις
1147 4380 1248 4449 ἔτι,
1281 4383 1455 4438 καίτοι
1495 4385 1589 4439 τοῦ
1630 4388 1794 4459 νόμου
1840 4391 2023 4461 λέγον⁴

448 4478 541 4525 τος
579 4462 826 4536 ἐναργῶς
854 4467 935 4533 τὸ,
965 4470 1038 4541 μὴ
1065 4471 1175 4525 δεῖν
1223 4473 1584 4529 συνάπτεσθαι
1616 4478 1869 4548 γαμικῶς
1905 4483 2018 4545 τοῖς

446 4534 778 4622 ἀλλογενέσι.
825 4577 844 4610 v
875 4534 986 4631 Τὴν
1027 4534 1317 4636 ’Θυγατέρα
1370 4583 1461 4619 σου
1516 4534 1655 4640 γάρ’,
1694 4534 1917 4639 κρησὶν,
1960 4534 2020 4624 ού
2056 4534 2099 4589 D

446 4644 642 4711 δώσεις
669 4649 747 4718 τῷ
780 4651 882 4722 υἱῷ
902 4652 1088 4718 αὐτοῦ,
1145 4656 1240 4710 καὶ
1293 4657 1394 4729 τὴν
1441 4657 1716 4732 θυγατέρα
1759 4661 1925 4715 αὐτοῦ
1959 4664 2020 4715 οὐ

448 4732 597 4805 λήψῃ
625 4736 703 4807 τῷ
736 4739 838 4809 υίῷ
870 4757 964 4794 σου
988 4754 1004 4770 ⁸
1044 4743 1329 4818 ἀποστήσῃ
1364 4746 1472 4818 γάρ
1497 4748 1586 4801 τὸν
1632 4750 1747 4803 υἱόν
1796 4767 1890 4803 σου
1923 4752 2023 4805 ἀπ’

449 4825 610 4894 ἐμοῦ,
627 4829 719 4880 καὶ
735 4832 1017 4901 πορευθεὶς
1032 4834 1319 4909 λατρεύσει
1351 4838 1492 4902 θεοῖς
1517 4840 1776 4909 ἑτέροις.)
1805 4843 2023 4915 Ἐπειδὴ

449 4915 626 4969 ταῦτα
644 4917 951 4990 δεδράκασι,
985 4943 1002 4976 ι
1024 4927 1415 4997 Καταφάγεται
1442 4930 1639 4995 αὐτοὺς
1663 4933 1696 5003 ἡ
1722 4933 1974 5004 ὲρυᾱίϐη.
2002 4953 2020 4986 ι

450 5009 718 5080 Σημαίνει
764 5011 821 5065 δὲ
873 5015 1033 5069 πάλιν
1079 5020 1492 5089 αἰνιγματωδῶς
1549 5023 1637 5077 διά
1676 5024 1867 5077 τούτου
1924 5026 2023 5095 τὴν

450 5100 718 5171 ἐσομένην
745 5103 928 5167 αὐτοῖς
965 5107 1202 5161 κάκωσίν
1249 5127 1309 5162 τε
1364 5111 1457 5163 καὶ
1490 5111 1690 5182 βλάϐην
1710 5114 1777 5165 ἐκ
1805 5115 1902 5184 τῆς
1930 5113 2023 5167 τοῦ

451 5187 693 5259 πολέμου
723 5192 1049 5263 προσϐολῆς,
1070 5184 1174 5250 ὀὐκ
1200 5197 1469 5263 ἀνικάνως
1497 5201 1727 5271 ἐχούσης
1760 5202 2025 5273 ἐρυσίϐης

449 5276 607 5341 δίκην
659 5281 923 5350 ἀφανίσαι
969 5283 1154 5350 δεινῶς
1201 5289 1396 5353 αὐτούς
1437 5309 1496 5343 τε
1557 5292 1654 5344 atati.
1707 5293 1774 5345 τά
1813 5294 2020 5346 αύτῶν’

448 5367 610 5421 τοῦτο
637 5371 746 5441 γάρ
785 5374 834 5425 οι
887 5373 1097 5445 κλῆροι.
1130 5378 1251 5432 Ὅτι
1292 5380 1348 5433 δὲ
1383 5382 1457 5451 μὴ
1488 5383 1568 5444 εἰς
1594 5376 1883 5452 ὑπέρθεσιν
1933 5385 2027 5436 καὶ

455 5463 741 5536 ἀνακωχὴν
772 5468 802 5519 ὁ
846 5468 1101 5539 πόλεμος,
1149 5471 1266 5525 ἀλλ’
1309 5472 1475 5535 εὐθὺς
1521 5473 1614 5525 καὶ
1678 5474 2024 5538 καταπύδας,

458 5553 943 5629 πεπληροφορηκεν
976 5561 1166 5615 εἰπών·
1233 5581 1251 5615 ι
1279 5562 1396 5616 Νῦν
1428 5563 1802 5632 καταιράγεται
1831 5565 2028 5624 αὐτοὺς

534 5736 577 5771 "
602 5734 758 5798 Joan.
788 5758 871 5811 xv,
910 5746 958 5798 5.
1042 5747 1081 5777 ’τ
1118 5746 1238 5800 Psal
1296 5762 1457 5809 cxvu,
1498 5748 1576 5799 li.

1658 5750 1698 5777 3“
1734 5746 1895 5800 ilcltr.
1928 5760 2001 5809 Ix,
2046 5744 2122 5794 l2.

2119 3300 2297 3367 Quare
2333 3298 2498 3355 Israel
2546 3297 2828 3353 Dominum
2874 3310 2970 3366 per
3000 3295 3133 3365 legis
3173 3293 3527 3350 ca-remonias
3577 3305 3686 3346 non

2118 3394 2395 3449 inveniet:
2428 3390 2715 3447 declinavit
2758 3390 2901 3444 enim
2936 3388 3003 3443 ab
3028 3388 3176 3459 ipsis,
3219 3386 3471 3457 quoniam
3511 3392 3564 3438 et
3586 3382 3685 3451 ipsi

2118 3484 2512 3555 dereliquerunt
2539 3497 2686 3549 eum,
2726 3495 2896 3551 usque
2920 3481 3052 3535 adeo
3092 3479 3418 3539 resilientes,
3444 3484 3503 3528 ut
3532 3484 3585 3527 et
3623 3473 3685 3525 li-

2118 3572 2313 3629 liorum
2357 3574 2655 3628 alienorum
2692 3579 2876 3639 patres
2923 3569 3132 3624 llercnt.
3186 3585 3205 3620 ι
3246 3567 3460 3620 Alienos
3492 3563 3631 3618 iliios
3665 3581 3683 3613 ι

2120 3663 2382 3727 nominat,
2408 3663 2497 3731 qui
2540 3661 2695 3731 quasi
2732 3675 2799 3713 ex
2851 3668 3005 3712 utero
3051 3665 3105 3712 et
3131 3657 3199 3711 ab
3233 3655 3363 3725 ipsis
3412 3653 3688 3709 cunabulis

2120 3753 2288 3808 cultui
2337 3752 2598 3808 idolorum
2649 3749 2848 3805 addicti
2905 3756 3065 3814 sunt,
3118 3747 3428 3818 parentibus
3467 3746 3687 3801 forsitan

2120 3858 2215 3897 eos
2270 3836 2599 3898 darmonibus
2642 3855 2741 3912 pro
2791 3855 3013 3896 munere
3064 3839 3391 3909 gratiarum,
3425 3839 3563 3893 et‘in
3598 3851 3689 3890 sa-

2126 3932 2387 3987 criﬁcium
2426 3948 2523 4002 pro
2550 3932 2688 3988 felici
2733 3941 2888 4001 partu
2915 3929 3134 3985 obtento
3180 3927 3559 3990 offerentibus;
3596 3932 3691 3975 aut

2122 4022 2316 4087 aliter,
2356 4023 2446 4092 qui
2499 4022 2611 4076 nati
2677 4032 2802 4075 sunt
2861 4034 2926 4072 ex
2983 4017 3294 4071 mulieribus
3350 4013 3685 4081 alienigenis.

2120 4114 2270 4166 Citra
2316 4111 2483 4166 ullum
2527 4111 2721 4180 quippe
2758 4108 3017 4179 pudorem
3062 4105 3155 4175 qui
3192 4104 3259 4158 de
3296 4103 3459 4159 Israel
3509 4112 3689 4163 erant,

2123 4222 2243 4263 cum
2308 4206 2545 4276 gentium
2611 4203 2821 4258 ﬁliabus
2874 4200 3170 4256 etiamnum
3205 4197 3349 4253 idola
3391 4195 3693 4251 colentibus

2123 4309 2349 4363 corpora
2396 4292 2745 4362 copulabant,
2778 4289 2989 4344 tametsi
3020 4288 3100 4343 lex
3131 4287 3437 4356 bujusmodi
3480 4285 3694 4354 nuptias

2123 4400 2377 4456 expresse
2402 4392 2630 4439 vetaret.
2665 4383 2756 4437 Ait
2784 4381 2925 4437 enim
2954 4398 2969 4435 :
3004 4399 3022 4432 ι
3056 4378 3249 4433 Filiam
3283 4387 3428 4431 tuam
3464 4390 3569 4429 non
3597 4375 3694 4428 da-

2124 4477 2208 4532 bis
2258 4478 2367 4532 iilio
2404 4477 2538 4544 ejus,
2567 4486 2620 4531 et
2658 4475 2817 4529 tiliam
2851 4477 2967 4546 ejus
2992 4490 3098 4530 non
3134 4470 3365 4540 accipies
3410 4467 3517 4522 lilio
3559 4475 3689 4520 tuo:

2127 4576 2332 4622 avertet
2352 4568 2495 4622 enim
2539 4567 2703 4621 lilium
2758 4575 2906 4622 tuum
2942 4581 2971 4620 a
3004 4579 3087 4619 me
3113 4605 3127 4631 ,
3163 4574 3218 4617 et
3251 4562 3447 4616 vadens
3497 4556 3696 4612 serviet

2126 4659 2228 4713 diis
2262 4660 2452 4714 alienis
2480 4658 2547 4710 ”.
2572 4678 2589 4711 ι
2618 4656 2885 4725 Quoniam
2912 4667 3091 4712 autem
3122 4657 3235 4709 haec
3260 4653 3527 4714 fecerunt,
3551 4664 3570 4698 ι
3609 4647 3697 4701 dc-

2122 4751 2336 4805 vorabit
2370 4734 2462 4805 eos
2493 4750 2734 4820 rubigo.»
2778 4749 2880 4804 Per
2905 4749 3044 4818 quod
3071 4755 3128 4800 ut
3152 4747 3204 4799 in
3228 4744 3511 4812 aenigmate
3538 4739 3698 4808 signi-

2126 4841 2271 4906 ﬁcat,
2304 4858 2462 4911 quam
2515 4840 2856 4896 aﬂlictionem
2897 4841 3263 4905 damnumque
3309 4830 3536 4887 subituri
3588 4830 3699 4883 sint

2125 4946 2191 4986 ex
2226 4933 2581 5004 impressione
2637 4933 2842 4998 hostili,
2888 4930 3045 5000 cujus
3091 4942 3195 4980 non
3245 4924 3422 4978 minor
3463 4922 3547 4976 vis
3594 4920 3700 4975 erit

2130 5036 2292 5090 quam
2336 5024 2596 5094 rubiginis
2625 5024 2690 5077 ad
2726 5024 2894 5091 ipsos,
2924 5031 2978 5076 et
3027 5034 3144 5088 quae
3193 5018 3433 5086 ipsorum
3455 5022 3581 5069 sunt
3604 5014 3700 5069 mi~

2131 5128 2249 5168 sere
2275 5114 2666 5184 disperdenda:
2700 5114 2801 5169 hoc
2834 5114 2974 5168 enim
3007 5120 3131 5164 sunt
3167 5109 3320 5173 cieri,
3352 5107 3464 5161 sive
3488 5116 3683 5162 sortes.

2132 5204 2282 5271 Quod
2326 5221 2450 5260 vero
2494 5206 2693 5260 bellum
2736 5207 2870 5260 citra
2924 5199 3463 5271 procrastinationem
3514 5206 3569 5252 et
3613 5199 3698 5251 in-

2131 5296 2318 5351 ducias
2364 5296 2417 5350 in
2462 5296 2686 5365 vestigio
2737 5299 2837 5363 sit,
2891 5300 3038 5347 certo
3086 5290 3313 5357 astruit,
3355 5304 3476 5344 cum
3529 5288 3689 5342 dicit:

2137 5402 2155 5435 ι
2191 5384 2340 5437 Nunc
2378 5385 2621 5438 comedet
2651 5399 2743 5437 ens
2783 5382 2989 5453 rubigo.
3019 5397 3037 5431 ι
3100 5377 3323 5434 Perinde
3352 5392 3415 5433 ac
3443 5378 3484 5431 si
3510 5376 3651 5431 dicat
3678 5389 3695 5425 ι

2141 5474 2312 5529 Verba
2342 5490 2458 5527 mea
2518 5474 2752 5527 tristium
2797 5470 3127 5539 experientia
3182 5477 3494 5538 sequentur.
3532 5476 3697 5532 prope

2134 5573 2254 5619 sunt
2288 5561 2422 5628 jam,
2445 5570 2499 5616 et
2539 5571 2664 5615 ante
2700 5560 2843 5614 iores
2886 5574 3153 5614 aerumnae.
3179 5559 3291 5628 83
3323 5553 3565 5627 Restabit
3598 5551 3694 5615 igi-

2204 5744 2244 5773 3“
2286 5744 2430 5795 Deut.
2469 5753 2562 5801 νη,
2605 5741 2657 5801 5,
2688 5741 2738 5792 4.
