4098 6276
567 406 666 460 li'i

1542 411 1601 467 S.
1640 410 1910 466 CYRILLI
1951 413 2422 474 ALEXANDRINI
2459 419 2777 476 ARCIHEP.

3695 425 3798 479 ηε

560 534 648 578 tur
692 523 858 579 Deum
907 523 1234 590 laedentibus,
1258 535 1317 579 nt
1354 541 1498 590 cum,
1529 528 1774 598 quamvis
1821 540 2116 600 qttzercntes

2223 537 2256 606 ή
2291 536 2537 609 ὲρυσίϐη.
2580 557 2599 590 ι
2630 539 2852 608 Ὅμοιον
2876 539 2949 603 ὡς
2981 540 3029 592 εί
3051 537 3198 608 λέγοι
3223 555 3236 568 ο
3269 539 3515 596 Κατόπιν
3545 539 3666 609 ἣξει
3694 540 3800 594 τῶν

563 613 804 669 invenire
833 624 1118 682 nequeant,
1151 614 1385 684 fiantque
1415 616 1712 674 alienorum
1755 619 1987 676 filiorum
2027 638 2123 692 pa-

561 715 696 770 tres,
747 705 849 760 hoc
897 715 1000 769 est,
1033 721 1136 761 non
1189 708 1424 764 habeant
1477 710 1685 767 nobiles
1727 721 1782 766 ct
1838 729 2124 784 germanos

467 851 473 857 ,
559 795 787 861 fructus,
813 811 947 866 quos
969 797 1142 855 virtus
1193 808 1246 855 et
1271 801 1625 856 sanctimonia
1658 802 1778 858 vitae
1808 805 2123 874 proferunt;

555 893 780 953 pereant
841 893 1022 940 autem
1077 887 1278 959 potius,
1323 897 1383 943 ut
1443 890 1688 959 rubigine
1737 894 1966 962 quadam
2023 911 2120 951 sua

555 974 790 1044 ipsorum
827 977 1174 1043 improbitate
1217 988 1270 1034 et
1298 979 1516 1036 miseria
1544 979 1775 1039 coniecti
1817 991 1977 1055 atque
2001 1002 2123 1043 eon-

554 1067 777 1137 sumpti.
829 1067 896 1122 Et
925 1068 1279 1126 nihilominus
1300 1071 1511 1128 donatae
1550 1089 1580 1127 a
1607 1075 1714 1130 Deo
1745 1085 1918 1132 sortes
1969 1077 2121 1134 dam-

553 1168 624 1208 na
675 1154 966 1224 accipiant,
999 1155 1066 1212 de
1105 1157 1300 1227 quibus
1323 1168 1378 1215 et
1424 1161 1638 1218 divinus
1690 1163 1851 1219 David
1904 1165 2120 1222 univcr-

552 1260 736 1301 sorum
781 1246 1044 1308 Suivatori
1071 1249 1182 1307 Deo
1211 1253 1390 1308 canit:
1428 1271 1446 1306 ι
1478 1255 1538 1310 ιη
1589 1252 1842 1311 manibus
1882 1257 1986 1314 tuis
2015 1271 2125 1312 sor-

556 1347 637 1392 tes
675 1353 807 1394 mea:
826 1339 891 1392 “.
930 1359 949 1394 ι
995 1341 1184 1398 Omnis
1235 1346 1430 1415 quippe
1484 1358 1604 1402 sors
1655 1357 1712 1401 et
1757 1350 1932 1408 omnis
1995 1364 2124 1418 pars

555 1438 738 1484 nostra
778 1430 830 1486 in
873 1441 1136 1502 potestate
1171 1435 1262 1492 Dei
1297 1446 1398 1504 est,
1428 1446 1482 1493 et
1521 1438 1636 1508 ipse
1660 1439 1856 1507 estqui
1887 1453 2119 1496 coronas

552 1519 842 1578 distribuit.

2229 627 2400 697 λόγων
2435 629 2541 682 τῶν
2592 629 2828 701 ἀνιαρῶν
2868 631 2903 700 ἡ
2952 632 3116 701 πεῖρα
3147 648 3162 661 ⁸
3211 631 3379 698 ἐγγὺς
3436 630 3536 701 ήδη
3579 631 3672 682 καὶ
3709 631 3802 683 ἐπὶ

2229 715 2424 783 θύραις
2453 721 2486 792 ἡ
2518 704 2793 792 συμφορά.
2845 721 3138 792 Περιέσται
3169 719 3234 792 δὴ
3278 717 3372 774 οὖν
3423 722 3538 782 τοῖς
3571 718 3799 771 λυποῦσι

2227 809 2383 874 Θεον,
2429 811 2489 864 τὸ
2548 812 2686 884 μήτε
2732 811 3010 882 εὑρίσκειν
3073 811 3237 866 αὑτὸν
3284 810 3566 873 δύνασθαι,
3618 809 3721 863 κᾶν
3751 812 3799 860 εἰ

2228 899 2433 954 ἕλοιντο
2478 900 2680 971 Cassii,
2722 900 2974 969 γενέσθαι
3015 902 3073 956 δὲ
3127 901 3220 956 stati.
3265 901 3474 954 τέκνων
3504 899 3800 970 ἀλλοτρίων

2226 991 2504 1062 πατέρας,
2555 992 2872 1059 τουτέστιν,
2924 994 3025 1046 οὐκ
3075 994 3314 1061 εὐγενεῖς
3380 992 3473 1046 καὶ
3543 990 3798 1060 γνησίου-ς

2225 1080 2372 1153 ἔχειν
2409 1083 2652 1153 καρποὺς
2675 1074 2842 1152 (οὗτοι
2866 1082 2912 1134 δ’
2939 1081 3006 1136 ἂν
3035 1077 3145 1136 εἷεν
3181 1084 3229 1135 οἱ
3271 1081 3331 1146 ἐξ
3359 1079 3562 1152 ἀρετῆς
3587 1096 3647 1131 τε
3706 1078 3799 1129 καὶ

2225 1171 2383 1240 ἁγίας
2408 1168 2575 1242 ζωῆς)
2599 1186 2612 1198 ·
2643 1172 2938 1225 ἀπολέσθαι
2957 1172 3014 1225 δὲ
3041 1172 3264 1243 μᾶλλον,
3287 1169 3539 1240 καθάπερ
3568 1167 3795 1239 ὲρυσίϐῃ

2227 1262 2335 1317 τινὶ
2378 1264 2444 1334 τῇ
2503 1262 2653 1334 σφῶν
2679 1263 2858 1317 αὐτῶν
2915 1263 3414 1334 περιθραυομένους
3481 1260 3650 1331 κακίᾳ
3704 1259 3797 1311 καὶ

2228 1353 2637 1426 ἀθλιότητι,καὶ
2664 1353 2886 1424 προσέτι
2912 1353 3227 1418 τούτοιςκαὶ
3247 1355 3442 1417 αὐτοὺς
3470 1349 3796 1421 ζημιοῦσθαι

2224 1443 2350 1506 τοὺς
2395 1441 2546 1512 παρὰ
2585 1442 2719 1496 Θεοῦ
2751 1443 3006 1515 κλήρους.
3037 1443 3172 1514 Περὶ
3224 1437 3298 1497 ὦν
3333 1443 3428 1500 καὶ
3458 1444 3486 1495 ὁ
3515 1439 3796 1500 θεσπέσιος

2222 1533 2414 1605 ψάλλει
2465 1533 2650 1600 Δαϐὶδ,
2706 1533 2843 1606 πρὸς
2871 1534 2965 1588 τὸν
3001 1534 3110 1589 τῶν
3153 1535 3290 1588 ὅλων
3344 1534 3572 1603 Σωτῆρα
3622 1530 3756 1583 Θεόν
3779 1547 3792 1559 ·

557 1631 578 1668 ι
613 1613 702 1669 Ἐν
725 1614 843 1686 ταῖς
883 1614 1038 1684 χερσί
1094 1631 1187 1672 σου
1241 1616 1291 1670 oi
1350 1617 1542 1690 κλῆροι
1575 1636 1700 1690 μου.
1735 1640 1755 1672 ι
1813 1621 1993 1684 ’Δπας
2042 1622 2150 1694 γὰρ
2187 1625 2343 1696 ἡμῶν
2377 1626 2605 1698 κλῆρος,
2662 1627 2759 1682 καὶ
2785 1628 2934 1682 πᾶσα
2967 1628 3124 1698 μερὶς
3155 1627 3214 1680 ὲν
3247 1625 3464 1696 ἐξουσία
3500 1621 3658 1687 Θεοῦ,
3703 1621 3797 1674 καὶ

551 1706 711 1769 αὐτός
743 1708 889 1764 ἐστιν
909 1709 938 1761 ὁ
967 1709 1077 1762 τῶν
1100 1708 1377 1778 στεφάνων
1409 1710 1714 1783 διανομεύς.

622 1795 787 1854 Vsus.
815 1797 869 1862 8,
911 1798 964 1856 9.
997 1797 1239 1870 Clangt‘te
1270 1800 1394 1856 tuba
1428 1818 1582 1872 super
1611 1802 1787 1866 colles,
1815 1810 1998 1859 sonate
2026 1819 2116 1858 su-

2290 1804 2634 1859 Σαλπίσατε
2648 1801 2936 1872 σάλπιγγι
2946 1802 3042 1858 ἐπι
3060 1801 3198 1866 τοὺς
3214 1800 3501 1868 βουνοὺς,
3525 1802 3797 1872 ήχήσατε

549 1901 644 1955 per
685 1885 918 1952 excelsis,
977 1889 1259 1956 praedicata
1308 1889 1363 1943 in
1405 1891 1558 1944 domo
1608 1889 1702 1954 ὢν,
1761 1891 1935 1947 ﬂente
1977 1895 2117 1948 esci-

550 1976 632 2028 dit
671 1974 973 2046 Benjamin,
1000 1978 1251 2048 Ephraim
1284 1979 1336 2034 in
1363 1980 1734 2036 desolationem
1789 1983 1962 2051 factus
2016 1993 2112 2038 est.

551 2065 620 2120 In
672 2067 852 2124 diebus
904 2070 1243 2142 correptionis
1281 2071 1336 2126 in
1397 2072 1629 2127 tribubus
1668 2072 1842 2129 Israel
1913 2075 2116 2130 ostendi

549 2157 749 2225 ﬁdelia.

619 2248 754 2306 LVI.
785 2248 968 2310 Planis
1013 2253 1192 2310 verbis
1226 2236 1427 2310 dictum
1470 2263 1555 2312 est
1583 2269 1768 2326 supra,
1820 2258 2114 2316 detestabi-

548 2339 653 2395 lem
698 2338 986 2398 Jenoboam
1013 2356 1137 2400 cum
1163 2343 1343 2406 vitulis
1375 2347 1555 2404 aureis
1597 2349 1764 2404 etiam
1803 2349 1939 2406 alios
1965 2364 2117 2420 quos-

547 2429 672 2488 dam
725 2430 1038 2490 idololatriae
1083 2435 1430 2505 pestiferique
1495 2439 1700 2494 erroris
1751 2442 1939 2496 modos
1977 2442 2114 2509 apud

545 2520 822 2580 lsraelitas
856 2523 1241 2588 introduxisse.
1290 2527 1700 2596 Superstitiosis
1736 2530 1880 2584 enim
1923 2531 2117 2586 ritibus

547 2611 781 2670 Chamos
834 2624 890 2670 et
956 2613 1290 2687 Beelpbegor
1332 2616 1389 2673 in
1464 2618 1737 2676 montibus
1785 2626 1841 2674 et
1889 2619 2117 2678 collibus

547 2705 650 2763 sub
685 2719 910 2775 quercu,
938 2715 993 2764 οι
1020 2705 1238 2778 populo,
1275 2716 1332 2768 et
1382 2708 1578 2764 arbore
1608 2709 1861 2766 umbrosa
1893 2725 2116 2770 venera-

544 2794 764 2852 bantur.
798 2795 1128 2853 Visebantur
1163 2806 1365 2864 autem,
1404 2807 1466 2856 ut
1491 2799 1636 2869 dixi,
1665 2800 1825 2856 etiam
1853 2801 1906 2857 in
1931 2801 2118 2860 Betliel
2162 2798 2164 2800 ’

545 2894 603 2940 et
639 2887 752 2942 Dan
782 2887 936 2942 vituli
970 2888 1142 2944 aurei.
1178 2887 1246 2944 Et
1287 2887 1403 2948 hate
1435 2890 1655 2960 quidem
1699 2889 1917 2946 lsraelis
1959 2892 2118 2947 sedu-

545 2977 657 3034 ctio
697 2975 817 3032 fuit.
843 2975 1013 3041 ludas
1045 2987 1246 3044 autem,
1272 2977 1385 3036 sive
1429 2979 1732 3049 Beniamin,
1769 2981 2118 3038 nihilominus

545 3066 758 3124 seducti
792 3075 939 3132 sunt,
960 3075 1016 3123 et
1041 3066 1720 3135 Astarten,oﬂ'endiculum
1773 3071 2115 3140 Sidoniorum

2215 1895 2449 1950 ἐπὶτῶν
2480 1893 2755 1964 ὑψηλῶν,
2787 1893 3082 1962 summa“
3099 1893 3168 1948 ἐν
3191 1891 3272 1959 τῷ
3289 1894 3432 1958 οἴκῳ
3453 1897 3560 1949 Ὧν
3584 1910 3599 1926 °
3635 1896 3796 1960 Ἐξέ-

2216 2001 2332 2054 στη
2349 1986 2651 2055 Βενιαμίν,
2679 1985 2926 2055 Ἐφραῒμ
2947 1986 3031 2051 είς
3047 1985 3390 2054 ἀφανισμὸν
3413 1984 3667 2054 ἐγένετο.
3700 1988 3799 2040 Ἐν

2215 2074 2460 2145 ἡμέραις
2506 2073 2760 2146 ἐλέγχου
2806 2074 2878 2128 ἐν
2920 2072 3049 2140 ταῖς
3100 2072 3323 2143 φυλαῖς
3380 2072 3488 2128 τοῦ
3549 2075 3795 2143 Ἰσραὴλ

2215 2165 2419 2232 ἔδειξα
2463 2164 2671 2221 πιστά.

2285 2257 2428 2324 NG’.
2457 2256 2788 2328 Προείρηται
2822 2255 3030 2326 σαφῶς,
3061 2257 3144 2312 ὅτι
3197 2257 3333 2329 πρὸς
3363 2259 3481 2322 ταῖς
3529 2258 3793 2331 δαμάλεσι

2215 2351 2334 2412 ταῖς
2363 2351 2588 2420 χρυσαῖς
2616 2349 2712 2403 καὶ
2767 2350 2988 2421 ἐτέρους
3022 2353 3134 2414 τοῖς
3168 2351 3230 2416 ἐξ
3268 2352 3488 2424 Ἰσραὴλ
3514 2353 3795 2409 εἰδωλολαο

2215 2439 2374 2510 τρίας
2410 2440 2631 2510 ὀλέθρου
2659 2457 2720 2494 τε
2749 2441 2846 2504 καὶ
2899 2441 3107 2512 πλάνης
3141 2444 3489 2514 εἰσκεκόμικε
3511 2447 3743 2518 τρόπους
3764 2451 3794 2502 ὀ

2217 2529 2490 2602 ἐπάρατος
2523 2529 2822 2602 Ἰεροϐοάμ.
2863 2530 3224 2602 Ἐθρήσκευον
3249 2535 3360 2605 γὰρ
3409 2537 3469 2589 ὲν
3501 2536 3650 2608 ὄρεσι
3696 2537 3791 2590 καὶ

2219 2619 2424 2690 βουνοῖς
2449 2621 2540 2679 τὸν
2561 2620 2790 2691 Χαμὼς,
2820 2621 2909 2674 τὸν
2943 2622 3286 2696 Βεελφεγὼρ,
3323 2627 3582 2681 ὑποκάτω
3611 2629 3790 2698 δρυὸς,

2217 2712 2312 2766 καὶ
2344 2709 2564 2782 λεύκης,
2601 2711 2698 2765 καὶ
2749 2711 2969 2782 δένδρου
2999 2715 3402 2780 συσκιάζοντος·
3441 2713 3582 2788 ἦσαν
3610 2719 3686 2781 δὲ,
3715 2718 3794 2782 ὡς

2214 2802 2372 2873 ἔφην,
2401 2802 2495 2856 καὶ
2520 2803 2578 2855 ὲν
2601 2801 2803 2872 Βαιθὴλ
2835 2804 2930 2858 καὶ
2961 2805 3018 2856 ὲν
3043 2803 3150 2859 Δάν
3195 2807 3252 2862 αί
3283 2811 3480 2880 χρυσαῖ
3507 2809 3791 2879 δαμάλεις.

2229 2894 2368 2946 Ἀλλ’
2391 2893 2486 2963 ἥδε
2511 2892 2608 2964 μὲν
2631 2891 2726 2945 τοῦ
2767 2893 2980 2965 Ἰσραὴλ
3003 2895 3037 2964 ὴ
3079 2894 3361 2966 πλάνησις.
3388 2897 3444 2948 '0
3473 2897 3530 2950 δέ
3565 2915 3628 2965 γε
3657 2897 3793 2950 Ἰού-

2215 2985 2331 3051 δας,
2367 2985 2535 3055 ἤγουν
2558 2984 2588 3036 ὁ
2617 2984 2900 3054 Βενιαμὶν,
2930 2984 3081 3038 οὐδὲν
3110 2980 3273 3056 ἦττον
3303 2984 3665 3054 πεπλάνηντο,
3697 2983 3798 3040 καὶ

2217 3073 2610 3144 λελατρεύκασι
2641 3073 2740 3144 μὲν
2768 3075 2835 3144 τῇ
2873 3071 3142 3143 Ἀστάρτῃ
3173 3070 3598 3141 προσοχθίσματι
3626 3074 3796 3126 Σιδω-

546 3157 849 3214 coluerunt.
879 3154 1164 3228 Supplices
1189 3157 1387 3214 ﬁebant
1420 3168 1678 3230 praeterea
1713 3161 1832 3227 soli,
1859 3163 2001 3232 quod
2029 3178 2116 3216 uo-

2221 3167 2369 3220 νίων.
2409 3165 2790 3236 Προσεκύνουν
2825 3165 2882 3218 δὲ
2912 3164 3005 3220 καὶ
3034 3163 3112 3233 τῷ
3157 3161 3309 3232 ἡλίῳ,
3343 3162 3438 3214 καὶ
3465 3160 3624 3213 τοῦτο
3653 3164 3794 3230 ἡμῖν

544 3250 632 3306 bis
657 3249 818 3304 etiam
843 3263 937 3319 per
962 3247 1301 3305 Ezechielem
1327 3249 1567 3320 liquebit.
1606 3249 1804 3307 Ductus
1833 3260 1919 3307 est
1950 3251 2113 3316 enim,

547 3349 609 3404 ut
631 3341 821 3398 scribit
841 3343 976 3412 ipse,
1005 3341 1432 3413 Hierosolymam
1458 3343 1510 3397 in
1544 3343 1749 3405 visione
1772 3345 1886 3401 Dei.
1919 3345 2118 3400 Deinde

548 3430 686 3484 vidit
712 3429 1082 3488 seductionem
1125 3429 1426 3486 incolarum
1475 3431 1611 3501 ejus.
1641 3451 1660 3483 ‹
1696 3433 1812 3487 Vidi
1846 3434 2010 3496 enim,
2037 3435 2116 3490 in-

547 3521 686 3592 quit,
747 3522 899 3592 quasi
950 3521 1140 3594 viginti
1193 3522 1432 3592 quinque
1487 3522 1652 3578 viros.
1693 3522 1858 3580 Dorsa
1930 3539 2115 3586 eorum

547 3625 734 3672 contra
761 3615 1015 3686 templum
1056 3614 1287 3681 Domini,
1318 3624 1374 3670 et
1406 3615 1574 3670 lactes
1594 3629 1774 3671 eorum
1812 3625 2021 3680 contra,
2063 3625 2118 3671 et

544 3705 632 3761 isti
654 3705 950 3762 adorabant
973 3705 1138 3762 solem
1159 3707 1226 3762 ad
1253 3707 1515 3762 orientem
1548 3705 1613 3760 “.
1629 3724 1647 3758 ›
1677 3705 1970 3762 Considera
1985 3720 2117 3776 ergo

543 3798 811 3865 quomodo
843 3809 1048 3867 pestem
1072 3807 1128 3852 et
1151 3796 1375 3858 exitium
1407 3797 1554 3853 varie
1580 3797 1680 3853 sibi
1710 3798 2113 3869 comparabant,

545 3886 730 3945 multis
777 3890 949 3946 modis
999 3889 1165 3944 Deum
1219 3889 1550 3946 olfendentes
1602 3896 1657 3943 et
1694 3887 1986 3944 irritantes.
2014 3888 2116 3944 Vo-

548 3979 720 4040 lentes
762 3979 923 4046 igitur
949 3979 1112 4038 etiam
1161 3979 1213 4034 in
1258 3979 1558 4050 propinqua
1588 3980 1989 4045 exspectatione
2018 3993 2112 4046 po-

543 4071 681 4128 sitos
710 4077 926 4130 vastare
961 4068 1286 4137 Samariam,
1321 4079 1375 4124 et
1397 4085 1506 4127 non
1532 4082 1723 4139 parum
1785 4068 2112 4122 conturbare

545 4159 885 4229 Jerusalem,
930 4162 1219 4232 Assyrios,
1269 4163 1506 4231 inquam,
1558 4169 1613 4216 et
1653 4158 1866 4225 Persas,
1924 4167 1979 4213 et
2012 4157 2112 4210 Da-

543 4267 850 4318 mascenos,
879 4251 1046 4322 Syros
1094 4254 1598 4325 puta(invaserunt
1621 4253 1764 4308 enim
1793 4251 1949 4306 ambo
2001 4249 2113 4304 suis

545 4340 902 4409 temporibus,
951 4340 1084 4394 alias
1129 4341 1235 4396 alia
1286 4342 1351 4395 de
1370 4356 1532 4396 causa
1587 4342 1654 4395 ad
1702 4341 1804 4400 hoc
1859 4338 2109 4397 incitati)

546 4430 617 4486 ob
654 4445 860 4492 moram
883 4437 940 4486 et
976 4429 1378 4490 cunctationem
1409 4428 1727 4496 irruptionis
1749 4438 1954 4483 tantum
2006 4441 2109 4486 non

2221 3257 2447 3330 ἐναργὲς
2493 3256 2647 3310 ἔσται
2708 3255 2870 3310 πάλιν
2910 3255 2996 3310 διὰ
3036 3253 3218 3323 φωνῆς
3266 3250 3546 3322 Ἰεζεχιήλ.
3604 3241 3792 3323 Ἤχθη

2221 3349 2320 3418 μὲν
2347 3349 2475 3420 γάρ,
2499 3347 2575 3412 ὥς
2593 3363 2756 3417 φησιν
2794 3345 2976 3409 αὐτὸς,
2999 3346 3079 3407 εἰς
3119 3342 3486 3413 Ἱεροσόλυμα,
3517 3341 3576 3394 ὲν
3596 3341 3791 3412 δράσει

2217 3439 2372 3494 Θεοῦ.
2398 3435 2530 3492 Εἶτα
2559 3437 2813 3491 τεθέαται
2864 3435 2964 3505 τὴν
3021 3433 3134 3488 τῶν
3173 3434 3525 3486 ἐνοικούντων
3554 3430 3786 3500 πλάνην.

2222 3547 2242 3580 ι
2274 3525 2430 3584 Εἶδον
2459 3527 2590 3599 γὰρ,
2621 3529 2804 3598 φησὶν,
2841 3526 2915 3589 ὡς
2941 3525 3113 3581 εἰκοσι
3141 3523 3234 3577 καὶ
3267 3523 3426 3577 πέντε
3464 3521 3664 3591 ἄνδρας
3685 3561 3698 3584 ,
3719 3520 3786 3573 τὰ

2214 3617 2436 3673 ὀπίσθια
2465 3615 2644 3670 αὐτῶν
2676 3615 2810 3686 πρὸς
2844 3616 2935 3669 τὸν
2973 3613 3098 3668 ναὸν
3126 3613 3354 3682 Κυρίου,
3381 3611 3476 3665 καὶ
3507 3612 3577 3666 τὰ
3617 3612 3776 3681 πρόσ-

2216 3720 2344 3765 ωπα
2377 3702 2559 3757 αὐτῶν
2591 3701 2872 3766 ἀπέναντι,
2916 3703 3010 3755 καὶ
3076 3694 3216 3753 οὗτοι
3250 3701 3618 3769 προσεκύνουν
3647 3699 3782 3753 κατὰ

2215 3793 2482 3858 ἀνατολάς
2507 3793 2586 3863 τῷ
2607 3793 2760 3864 ἡλίῳ.
2801 3812 2820 3844 s
2861 3793 3052 3862 Ἀθρει
3085 3795 3149 3864 δὴ
3173 3790 3264 3848 οὖν
3292 3795 3441 3856 ὅπως
3473 3792 3782 3864 ἐμερίζοντο

2213 3886 2317 3957 τὴν
2337 3884 2632 3948 ἀπώλειαν,
2651 3883 2792 3938 κατά
2813 3881 3040 3946 πολλοὺς
3073 3883 3505 3953 προσκρούοντες
3533 3884 3776 3952 τρόπους,

2216 3981 2310 4036 καὶ
2335 3975 2628 4042 λυποῦντες
2651 3975 2803 4029 Θεόν.
2839 3975 3044 4030 Οὐκοῦν
3070 3978 3180 4038 τοῖς
3197 3974 3500 4046 καταδῃοὼ
3523 3975 3776 4035 ἐθέλουσι,

2215 4071 2308 4127 καὶ
2339 4072 2462 4124 ὅσον
2511 4067 2721 4122 οὐδέπω
2769 4066 3255 4138 προσδοκωμένοις,
3287 4065 3384 4136 τὴν
3439 4066 3775 4136 Σαμάρειαν,

2215 4160 2308 4215 καὶ
2340 4158 2588 4230 θορυϐεῖν
2613 4157 2672 4210 οὐ
2707 4157 2941 4229 μετρίως
2984 4155 3235 4227 μέλλουσι
3273 4155 3368 4226 τὴν
3410 4152 3776 4226 Ἰερουσαλὴμ,

2225 4253 2530 4324 ’Δσσυρίοις
2555 4269 2613 4306 τε
2653 4252 2816 4321 φημὶ,
2845 4250 2940 4302 καὶ
2983 4248 3248 4318 Πέρσαις,
3276 4245 3370 4302 καὶ
3408 4247 3519 4307 τοῖς
3552 4243 3660 4300 άπὸ
3682 4245 3778 4294 Δα-

2217 4341 2450 4412 μασκοῦ,
2481 4341 2624 4410 φημὶ
2648 4339 2734 4408 δὴ,
2768 4341 2880 4405 τοῖς
2913 4337 3102 4407 Σύροις
3134 4335 3338 4406 (ἔθεντο
3357 4335 3464 4408 γάρ
3488 4333 3777 4404 ἀμφότεροι

2215 4429 2356 4482 κατά
2383 4429 2628 4497 καιροὺς,
2659 4427 2807 4480 ἄλλοι
2836 4441 2896 4477 τε
2943 4425 3116 4488 ἄλλως
3163 4427 3242 4489 είς
3271 4424 3430 4478 τοῦτο
3473 4419 3776 4492 παραθηγό-

541 4519 811 4590 objurgat,
837 4527 891 4572 et
918 4517 1083 4573 ordiri
1107 4516 1302 4572 bellum
1321 4517 1560 4586 jubebat,
1600 4516 2114 4583 circumclangentes

2219 4518 2412 4586 μενοι),
2440 4514 2720 4584 μονονουχὶ
2751 4514 2845 4567 καὶ
2882 4513 3099 4582 ἐγκαλεῖ
3140 4513 3241 4584 τῆς
3283 4514 3470 4584 ἐφόδου
3519 4513 3616 4582 τὴν
3657 4509 3780 4579 μέ).-

542 4609 798 4672 buccina,
825 4615 1202 4675 terrorumque
1240 4603 1503 4672 primitias
1556 4603 1826 4675 mentibus
1867 4605 2119 4658 seducto—

542 4715 664 4758 rutu
718 4696 1060 4754 incutientes.
1248 4695 1508 4762 Quoniam
1561 4693 1703 4748 enim
1745 4673 1839 4749 eos
1895 4703 1950 4748 et
1996 4707 2116 4747 sor-

541 4799 625 4850 tes
673 4789 913 4859 ipsorum
951 4785 1139 4858 rubigo
1172 4787 1490 4844 deroratura
1523 4784 1898 4856 cst(diximus
1937 4794 2113 4838 autem

540 4894 644 4936 nos
720 4878 1017 4948 rubiginem
1079 4876 1256 4933 vocari
1321 4875 1500 4931 clades
1557 4876 1678 4930 belli
1725 4885 1778 4930 et
1830 4874 2115 4930 desolatio-

541 4984 664 5025 nem
694 4970 745 5039 λ,
775 4969 973 5026 docens
1006 4965 1204 5023 malum
1255 4965 1355 5020 hoc
1389 4980 1508 5021 esse
1541 4979 1703 5033 supra
1760 4970 1939 5032 caput,
1984 4961 2102 5016 bre-

541 5060 701 5128 vique
732 5067 1072 5123 eventurum,
1108 5057 1232 5112 tuba
1270 5071 1464 5111 canere
1497 5054 1881 5110 convenienter
1933 5055 2112 5108 admo-

542 5154 669 5207 dum
739 5152 915 5223 iussit,
960 5159 1016 5206 et
1072 5158 1196 5204 ante
1256 5146 1358 5202 alia
1407 5160 1569 5216 super
1615 5145 1746 5201 locis
1804 5143 2110 5206 idolorum;

542 5251 719 5298 autut
747 5243 1140 5313 quamprimum
1192 5238 1555 5294 inccndemlos
1593 5246 1648 5292 et
1676 5238 1986 5306 diruendas,
2021 5245 2115 5291 aut

542 5332 669 5402 quia
713 5333 808 5401 ipsi
850 5332 1284 5390 commoditatem
1331 5329 1574 5384 bellicam
1623 5327 1904 5393 baberent,
1932 5337 1986 5382 et
2029 5328 2112 5381 in.

542 5424 611 5478 de
639 5422 886 5479 seducws
937 5424 1284 5480 infestissime
1319 5435 1628 5491 oppugnare
1655 5420 1858 5475 liceret.
1886 5418 2110 5485 Quando

543 5513 732 5584 itaque
771 5513 904 5568 dicit
936 5516 1234 5570 canendum
1279 5514 1401 5570 tuba
1431 5525 1591 5584 super
1635 5512 1822 5577 colles,
1859 5520 1914 5564 et
1943 5523 2108 5579 super

542 5605 777 5667 excelsa,
812 5611 867 5658 ct
907 5601 962 5655 in
1005 5603 1164 5658 domo
1191 5604 1288 5669 ὢν,
1335 5604 1594 5660 idolorum
1655 5604 1772 5660 loca
1819 5601 2104 5674 intelliges.

615 5784 662 5816 “
699 5779 843 5838 I‘snl.
884 5792 1009 5840 xxx,
1055 5777 1136 5833 l6.
1215 5779 1256 5808 δι
1284 5777 1479 5834 Ezccb.
1516 5794 1632 5844 rm,
1662 5779 1744 5833 l6.

2214 4605 2368 4674 λησιν
2397 4619 2410 4632 δ
2442 4601 2784 4674 ἀπάρχεσθαι
2808 4601 2864 4654 δὲ
2893 4603 2993 4674 ἤδη
3026 4600 3118 4655 τοῦ
3149 4603 3384 4674 πολέμου
3415 4602 3743 4674 προστέταχε
3764 4636 3777 4660 ,

2213 4693 2608 4772 περιηχοῦντας
2632 4695 2750 4757 ταῖς
2777 4691 3054 4761 σάλπιγξι,
3090 4695 3186 4747 καὶ
3213 4693 3312 4758 τὰς
3335 4693 3443 4748 τῶν
3474 4694 3591 4761 δειγ
3600 4691 3779 4762 μάτων

2211 4786 2466 4856 ἀπαρχὰς
2512 4786 2632 4848 ταῖς
2683 4785 2792 4841 τῶν
2840 4784 3207 4856 πλανωμένων
3259 4787 3502 4850 ἐνιέντας
3566 4784 3780 4855 ψυχαῖς.

2222 4879 2438 4950 Ἐπειδὴ
2472 4877 2600 4951 γὰρ,
2629 4878 2754 4952 ἔφη,
2785 4876 2878 4933 νῦν
2909 4878 3285 4947 καταφάγεται
3314 4877 3511 4942 αὐτοὺς
3539 4879 3574 4948 ἡ
3603 4875 3784 4948 ὲρυσί-

2219 4967 2288 5039 6η
2319 4967 2416 5026 καὶ
2461 4969 2589 5030 τοὺς
2646 4967 2878 5038 κλήρους
2920 4966 3098 5022 αὐτῶν
3150 4966 3449 5036 (ἐλέγομεν
3480 4965 3539 5018 δὲ
3590 4964 3781 5034 ἡμεῖς,

2214 5057 2476 5130 ἐρυσίϐην
2517 5056 2831 5127 ὠνομάσθαι
2881 5055 2978 5128 τὴν
3008 5058 3074 5110 ἐκ
3123 5056 3215 5109 τοῦ
3250 5056 3490 5126 πολέμου
3545 5053 3785 5107 κάκωσιν

2214 5149 2308 5205 καὶ
2333 5149 2424 5202 τὸν
2458 5148 2804 5220 ἀφανισμὸν),
2824 5148 3088 5202 διδάσκων
3120 5152 3202 5203 ὅτι
3226 5147 3447 5216 γέγονεν
3466 5145 3558 5202 ἐπὶ
3576 5143 3784 5215 θύραις,

2215 5239 2551 5308 συμϐήσεται
2605 5237 2684 5303 δὲ,
2731 5239 2827 5291 καὶ
2868 5239 2969 5291 οὐκ
2999 5238 3079 5300 είς
3133 5237 3369 5307 μακράν,
3423 5235 3702 5298 σαλπίζειν
3728 5223 3786 5283 εὖ

2220 5330 2367 5400 μάλα
2400 5328 2757 5400 προστέταχε,
2789 5329 2885 5382 καὶ
2914 5329 3021 5400 πρό
3046 5345 3111 5396 γε
3147 5329 3254 5381 τῶν
3282 5327 3456 5381 άλλων
3511 5325 3608 5380 ἐπὶ
3665 5323 3788 5384 τοὺς

2215 5422 2323 5474 τῶν
2347 5421 2579 5474 εἰδώλων
2605 5420 2804 5484 τόπους
2832 5437 2843 5449 ·
2865 5421 2898 5492 ἧ
2927 5421 3002 5483 ὡς
3026 5421 3148 5474 ὅσον
3172 5419 3378 5474 οὐδέπω
3404 5413 3790 5487 καταπρησθῆ-

2215 5510 2402 5565 σεσοαι
2453 5511 2743 5581 μέλλοντας
2803 5511 2899 5564 καὶ
2962 5509 3442 5582 σεισθησομένους,
3492 5509 3658 5579 ἤγουν
3709 5504 3789 5558 δτι

2213 5600 2497 5671 γεγόνασιν
2547 5599 2700 5654 αὐτοὶ
2748 5599 2846 5654 τοῦ
2901 5600 3137 5671 πολέμου
3189 5599 3460 5670 πρόφασις
3529 5596 3626 5648 καὶ
3692 5591 3788 5660 τῆς
