4098 6276
347 449 454 508 H9

1262 452 1808 513 COMMENTARIUS
1846 453 1913 511 ΙΝ
1951 450 2180 510 OSEAM
2219 446 2658 504 PROPHETAM.

3491 443 3622 500 ιου-

349 567 649 630 ἀνηκέστου
685 567 968 640 συμφορᾶς
996 569 1106 632 τοῖς
1135 569 1590 641 πεπλανημένοις.
1626 573 1797 626 Ὅταν
1827 566 1918 626 οὖν

2024 569 2310 624 Sciendum
2354 584 2481 625 vero
2541 568 2672 624 alios
2721 565 3237 638 interpretes,quod
3286 564 3477 618 attinet
3528 567 3594 620 ad

350 657 485 730 λέγῃ
514 657 575 711 τὺ
604 657 796 728 χρῆναι
827 658 1109 723 σαλπίζειν
1137 661 1230 714 ἐττί¹
1271 661 1394 726 τοὺς
1427 663 1668 732 βουνοὺς,
1702 665 1795 716 καὶ
1825 664 1919 716 ἐπὶ⁹

348 749 418 804 τά
462 750 664 820 ὑψηλὰ,
708 751 801 803 καὶ
838 749 896 804 ἐν
947 751 1024 822 τῷ
1053 753 1184 822 οίκῳ
1217 753 1332 817 Ὢν,
1377 755 1504 816 τοὺς
1534 754 1643 809 τῶν
1687 754 1918 808 εἰδώλων

348 841 562 909 νοήσεις
583 840 798 903 τόπους.
839 841 1033 895 ’ἰστέον
1058 842 1133 906 δέ,
1179 843 1259 896 ὅτι
1293 847 1407 908 τοίς
1443 844 1622 909 ἄλλοις
1652 845 1918 915 ἑρμηνευ-

345 932 464 994 ταϊς
496 931 577 993 είς
610 930 691 994 τὸ,
728 932 847 985 «Ἐν
874 930 952 1002 τῷ
983 932 1115 1003 οίκῳ
1150 934 1297 996 Ὢν,›
1333 934 1393 987 οὐ
1431 934 1833 1006 συνηνέχθησαν
1867 937 1916 988 oi

359 1021 787 1093 Ἐὄδομήκοντα.
826 1025 890 1078 Ol
923 1025 1022 1096 μὲν
1071 1026 1182 1094 γάρ
1233 1026 1515 1100 εἰρήκασιν
1546 1044 1560 1057 ·
1595 1047 1614 1079 t
1647 1029 1741 1092 Εἰς
1770 1022 1920 1081 οἶκον

348 1111 678 1180 ἀνωφελοῦς,
704 1132 722 1164 ι
761 1114 1056 1181 τουτέστιν,
1087 1115 1302 1169 εἰδώλου
1335 1118 1556 1180 παντός·
1586 1120 1636 1171 οἰ
1666 1119 1745 1182 δὲ,
1784 1137 1802 1170 t
1828 1119 1919 1172 ‘Ev

347 1202 427 1273 τῷ
458 1205 592 1275 οίκῳ
625 1189 741 1259 Ὠν.
787 1224 808 1257 ι
851 1205 1162 1277 Οἰησόμεθα
1189 1206 1254 1278 δὴ
1283 1203 1398 1275 οῦν,
1429 1209 1604 1262 ἐκεῖνο
1635 1207 1918 1278 βούλεσθαι

345 1294 464 1347 νυνί
487 1294 576 1347 τὸν
601 1297 933 1366 προφητικὸν
957 1299 1089 1368 ἡμῖν
1114 1299 1464 1371 ὑποσημῖψαι
1492 1300 1670 1368 λόγον,
1698 1301 1780 1354 ὅτι
1811 1300 1918 1372 χρὴ

347 1385 630 1450 σαλπίζειν
674 1387 892 1452 αὐτοὺς,
923 1390 1023 1443 οὐκ
1056 1389 1150 1443 ἐπὶ
1175 1389 1370 1460 μόνους
1401 1392 1529 1455 τοὺς
1563 1390 1785 1461 βουνοὺς
1824 1389 1919 1444 καὶ

343 1473 414 1528 τὰ
443 1474 642 1547 ὑψηλά,
675 1477 971 1545 τουτέστιν,
1014 1479 1074 1533 οὐ
1126 1479 1266 1534 κατὰ
1297 1482 1467 1554 μόνης
1508 1482 1607 1552 τῆς
1639 1481 1920 1535 εἰδωλολα-

342 1564 504 1636 τρίας
527 1567 623 1621 τοῦ
662 1568 904 1640 Ἰσραὴλ,
957 1571 1076 1641 ἦτοι
1127 1570 1234 1625 τῶν
1277 1572 1406 1626 δέκα
1469 1572 1652 1642 φυλῶν
1695 1573 1805 1626 τῶν
1860 1575 1918 1626 ἐν

345 1655 651 1728 Σαμαρείᾳ,
684 1659 817 1713 ἀλλὰ
843 1660 936 1714 καὶ
970 1661 1108 1715 κατά
1135 1661 1336 1732 ταύτης
1367 1662 1464 1733 τῆς
1517 1662 1689 1733 οὔσης
1721 1665 1779 1717 ἐν
1806 1665 1918 1727 τοῖς

359 1741 754 1817 Ἱεροσολύμοις
774 1746 929 1820 παρά
976 1765 1035 1800 τε
1069 1748 1144 1820 τῷ
1180 1749 1350 1822 Ἰούδᾳ
1397 1752 1492 1804 καὶ
1528 1749 1604 1820 τῷ
1634 1749 1914 1820 Βενιαμίν.

351 1832 729 1905 Προσεκύνουν
758 1838 888 1910 γάρ,
922 1839 996 1903 ὡς
1023 1839 1178 1910 ἔφην,
1208 1839 1285 1911 τῷ
1309 1840 1442 1912 ἡλίῳ
1472 1840 1594 1911 (Ὧν
1634 1841 1690 1895 δέ
1717 1841 1864 1895 ἐστιν
1888 1841 1917 1894 6

2021 657 2146 712 illud
2183 658 2265 711 «in
2289 659 2444 712 domo
2477 657 2605 722 div,»
2645 672 2750 712 non
2775 657 3060 713 convenire
3085 669 3204 709 cum
3223 654 3594 724 Septuaginta.

2018 747 2151 801 Nam
2188 747 2262 801 illi
2299 747 2688 801 transtulerunt
2711 765 2729 798 t
2776 747 2829 800 in
2864 734 3080 800 domum
3141 743 3370 809 inutilis,
3408 763 3426 796 ι
3488 744 3591 798 hoc

2018 848 2120 903 est,
2177 840 2353 892 omnis
2405 837 2553 892 idoli.
2605 839 2706 892 Ast
2760 837 2839 900 hi,
2872 857 2888 888 ι
2920 838 2970 891 in
3021 838 3178 892 domo
3207 836 3303 889 ὢν.
3339 855 3356 884 ι
3415 835 3596 902 Quare

2019 925 2448 984 existimabimus
2490 923 2618 978 illud
2681 938 2827 977 nunc
2880 925 3248 993 propheticum
3291 938 3595 979 sermonem

2017 1019 2156 1075 velle
2207 1023 2456 1087 oportere
2507 1015 2628 1070 illos
2684 1027 2900 1079 canere,
2933 1029 3038 1068 non
3068 1027 3231 1083 super
3258 1015 3420 1070 colles
3482 1025 3597 1068 tan.

2022 1117 2131 1162 tum
2159 1116 2214 1163 et
2258 1120 2423 1176 super
2457 1105 2691 1169 excelsa,
2727 1103 2832 1159 hoc
2877 1114 2980 1171 est,
3019 1119 3124 1159 non
3175 1116 3360 1160 contra
3424 1105 3595 1161 solam

2019 1197 2376 1254 idololatriam
2416 1197 2649 1263 israeiis,
2686 1198 2800 1253 sive
2850 1198 3034 1252 decem
3085 1198 3322 1252 tribuum
3375 1199 3426 1250 in
3491 1197 3590 1252 Sa-

2021 1291 2190 1346 maria
2216 1331 2230 1357 ,
2260 1290 2354 1346 sed
2386 1300 2575 1346 contra
2628 1305 2747 1346 eam
2779 1303 2993 1360 quoque
3045 1302 3167 1358 quae
3197 1298 3314 1342 erat
3348 1284 3612 1341 Hieroso~

2019 1379 2180 1452 lymis
2229 1383 2366 1450 apud
2395 1380 2590 1436 Judam
2629 1387 2684 1435 et
2709 1379 3030 1450 Benjamin:
3065 1380 3366 1435 adorabunt
3397 1379 3595 1448 quippe

2019 1475 2208 1539 solem,
2246 1483 2306 1527 ut
2339 1473 2449 1527 dixi
2477 1472 2588 1544 (ὢν
2607 1483 2784 1528 autem
2827 1480 2909 1528 est
2943 1471 3019 1527 sol
3051 1473 3107 1542 ),
3143 1469 3309 1527 Deum
3341 1479 3462 1541 post
3491 1479 3596 1524 ter-

2020 1579 2142 1634 gum
2177 1563 2542 1635 projicientes,
2579 1575 2631 1620 et
2659 1577 2814 1620 sacra
2849 1562 2964 1632 ejus
3000 1572 3335 1618 aversantes.
3367 1560 3475 1614 Hoc
3517 1560 3590 1614 si—

2019 1656 2236 1725 quidem
2303 1657 2499 1727 opinor
2543 1655 2850 1726 significare
2933 1653 3076 1722 quod
3143 1652 3440 1722 posteriora
3495 1665 3596 1704 sua

2019 1749 2363 1804 obverterent
2408 1746 2604 1818 templo
2637 1745 2871 1813 Domini,
2895 1753 2951 1800 et
2999 1743 3167 1801 facies
3212 1758 3340 1798 snas
3371 1751 3592 1805 contra,

2019 1839 2160 1896 haud
2183 1839 2367 1907 dubie,
2400 1847 2586 1894 contra
2615 1835 3132 1906 solem.Cumlgitur
3162 1833 3336 1899 audis,
3362 1851 3381 1884 t
3407 1833 3460 1887 in
3493 1833 3600 1887 do-

346 1899 500 1995 ῆλιος
515 1926 708 1998 ),Θεδν
745 1899 1346 2000 τέωὲτώυὲςᾌέάότὲωζ
1383 1899 1915 2004 κάὶὶάποστρεφόμε-

2024 1944 2111 1984 mo
2165 1928 2264 1997 ὣν,
2295 1946 2315 1981 ο
2352 1899 2542 1983 fanum
2582 1936 2672 1981 aut
2705 1927 2788 1982 dei
2835 1899 3046 1997 penitus
3094 1923 3215 1980 falsi
3261 1932 3316 1979 et
3344 1921 3472 1987 ficti,
3500 1931 3593 1977 aut

347 2031 431 2070 νοι
456 2017 524 2071 τά
557 2017 743 2072 αὐτοῦ.
770 2018 940 2074 Τοῦτο
992 2021 1102 2091 γὰρ
1150 2018 1302 2092 οἴμαι
1340 2022 1554 2094 δηλοῦν,
1585 2022 1645 2076 τὸ
1679 2022 1823 2093 ἐχειν
1850 2023 1920 2078 τὰ

347 2107 573 2162 ὀπίσθια
604 2110 741 2181 πρδς
767 2111 859 2165 τὸν
880 2111 1005 2166 ναδν
1034 2113 1262 2185 Κυρίου,
1291 2115 1384 2168 καὶ
1419 2113 1488 2168 τά
1507 2114 1773 2183 πρόσωπα
1818 2115 1918 2170 αὐ-

343 2196 457 2250 τῶν
487 2197 767 2266 ἀπέναντι,
799 2200 955 2271 δῆλον
985 2202 1042 2256 δέ
1075 2204 1156 2257 ὅτι
1208 2203 1302 2256 τοῦ
1341 2203 1509 2274 ήλίου.
1541 2204 1706 2258 Ὅταν
1739 2204 1920 2259 τοίνυν

345 2287 589 2360 ἀκούσῃς
630 2291 708 2356 τὺ,
768 2311 789 2344 ς
819 2291 1005 2364 Ἐντῷ
1031 2295 1164 2366 οἴκῳ
1204 2295 1302 2348 Ὧν
1321 2336 1336 2360 ,
1377 2313 1396 2349 ι
1454 2289 1603 2350 οἷκον
1631 2296 1663 2368 ἢ
1693 2297 1920 2368 τέμενος

343 2377 561 2448 νοήσεις
604 2379 726 2433 θεοῦ
756 2381 1105 2455 ψευδωνύμου
1137 2385 1337 2449 παντὸς
1371 2385 1467 2440 καὶ
1522 2387 1916 2460 πεποιημένου,

342 2468 464 2538 ἦτοι
485 2469 582 2522 τοῦ
612 2471 782 2541 ἡλίου.
826 2473 1060 2528 Ἀτοπον
1104 2475 1161 2529 δὲ
1215 2477 1385 2545 οὐδὲν,
1423 2477 1456 2549 ἢ
1489 2477 1750 2532 ἀπίθανον
1777 2473 1918 2535 εἷναί

342 2575 421 2630 τῳ
456 2559 658 2621 δόξειεν
692 2563 779 2628 ἂν,
809 2559 955 2618 οἷκον
987 2565 1138 2638 ήλίου
1165 2568 1288 2632 τοὺς
1318 2567 1453 2640 ήλίῳ
1476 2570 1919 2640 προσκυνοῦντας

341 2650 580 2704 νοεῖσθαι
636 2668 698 2705 τε
745 2654 837 2708 καὶ
873 2656 1254 2727 ὀνομάζεσθαι,
1309 2658 1559 2732 καθάπερ
1587 2661 1781 2731 ἀμέλει
1823 2663 1920 2716 καὶ

341 2735 492 2804 οἶκος
521 2740 658 2796 Θεοῦ
680 2746 920 2816 νοηθεῖεν
948 2747 1014 2801 ἂν
1038 2749 1087 2801 οι
1115 2749 1184 2802 τὰ
1223 2747 1386 2802 αὐτοῦ
1418 2751 1768 2820 φρονοῦντες,
1825 2753 1920 2807 καὶ

342 2831 499 2901 αὐτῷ
525 2831 587 2885 τὸ
613 2833 774 2898 σέϐας
806 2836 1150 2901 ἀνάπτοντες.
1207 2839 1272 2892 El
1299 2839 1356 2892 δέ
1409 2838 1645 2910 βούλοιτό
1702 2860 1787 2907 τις
1821 2844 1917 2898 καὶ

343 2918 445 2991 τὴν
467 2919 705 2991 δάμαλιν
737 2923 836 2993 τὴν
886 2925 1090 2994 χρυσῆν
1126 2925 1222 2978 Ὧν
1263 2925 1659 2994 ὀνομάζεσθαι,
1699 2930 1916 3002 φορέσει

340 3008 437 3062 καὶ
460 3008 638 3074 οὕτως
661 3008 724 3062 τὸ
761 3011 980 3067 πιθανὸν
1009 3015 1037 3066 ό
1072 3013 1246 3083 λόγος.
1294 3014 1352 3070 '0
1391 3017 1491 3086 μὲν
1520 3017 1627 3090 γὰρ
1660 3019 1918 3092 θεομισὴς

351 3097 635 3170 Ἰεροϐοάμ
667 3099 801 3171 πρὸς
849 3100 1051 3156 *τὺ-τῶν
1092 3105 1400 3172 Αἰγυπτίων
1435 3106 1618 3173 σέϐας,
1667 3111 1808 3180 φημὶ
1853 3109 1915 3184 δὴ

340 3187 434 3290 τόν
464 3191 786 3290 ﬁrmitas
830 3191 1092 3263 δαμάλεις
1131 3195 1431 3265 εἰργάξετο.
1479 3198 1815 3270 Τετιμήκασι
1858 3201 1914 3254 δὲ
1943 3225 1992 3290 c

340 3279 432 3334 τὸν
465 3281 631 3335 Ἀπιν
648 3282 957 3352 Αἰγύπτιοι,
985 3284 1214 3357 σελήνης
1243 3287 1342 3358 μὲν
1364 3287 1550 3341 τέκνον
1580 3287 1714 3343 εἶναι
1735 3291 1918 3359 λέγον-

347 3386 437 3434 τες
476 3371 769 3443 (τοιγάρτοι
817 3373 912 3428 καὶ
967 3375 1245 3446 μηνοειδὲς
1273 3377 1365 3430 ἐπὶ
1393 3376 1645 3446 μετώπου
1669 3375 1783 3449 εἶχε
1817 3397 1916 3451 ση-

356 3462 550 3531 μεῖον),
590 3463 802 3532 ἔκγονον
825 3466 880 3519 δὲ
914 3465 1106 3538 ὥσπερ
1145 3467 1297 3539 ήλίου
1359 3468 1719 3542 πιστεύοντεξ
1754 3469 1915 3540 εἰναι,

353 3549 442 3604 διὰ
468 3553 547 3616 τὸ,
579 3555 778 3626 κατάγε
798 3557 855 3609 τὸ
875 3559 1056 3622 αὐτοῖς
1074 3558 1283 3625 δοκοῦν,
1301 3559 1359 3627 ἐξ
1392 3559 1540 3631 ήλίου
1570 3562 1668 3633 τὴν
1691 3561 1918 3634 σελήνην

357 3643 696 3709 φωτίζεσθαι.
723 3648 928 3703 Οὐκοῦν
963 3649 1036 3714 ὡς
1063 3651 1292 3724 σελήνης
1317 3653 1414 3724 μέν
1436 3653 1647 3718 τέκνον,
1688 3654 1839 3724 ἡλίου
1859 3654 1917 3707 δέ

350 3731 565 3802 ἔκγονον
586 3737 785 3809 ἐτίμων
813 3739 906 3793 τόν
938 3741 1122 3797 Ἀπιν.
1161 3742 1492 3814 Ἀπεκόμιζε
1518 3742 1574 3798 δέ
1602 3745 1797 3808 αὐτοὺς
1837 3744 1917 3808 εἰς

341 3823 497 3879 τοῦτο
518 3827 581 3899 δὴ
612 3830 816 3900 πλάνης
851 3832 944 3884 καὶ
971 3831 1244 3903 λογισμῶν
1261 3832 1577 3904 ἀθλιότητος
1617 3835 1646 3889 6
1674 3834 1918 3906 πολυμή-

339 3932 504 3984 χανος
556 3917 792 3988 δράκων,
822 3921 1100 3975 τουτέστιν
1132 3922 1160 3974 6
1189 3921 1451 3986 Σατανᾶς.
1501 3923 1795 3986 Σαλπίξειν
1823 3919 1917 3978 οὖν

337 4003 447 4073 ἄρα
480 4007 850 4076 προστέταχεν
876 4008 968 4060 ἐπὶ
997 4007 1122 4071 τοὺς
1171 4000 1412 4078 βοῦνοὺς,
1453 4010 1548 4064 καὶ
1593 4009 1662 4063 τὰ
1697 4009 1876 4082 ὑψηλά
1899 4050 1915 4078 ,

344 4092 440 4144 καὶ
467 4093 526 4145 ἐν
554 4095 633 4164 τῷ
660 4097 792 4165 οἰκῳ
817 4098 936 4160 Ὧν,
955 4099 1199 4150 τουτέστι
1223 4099 1320 4167 τῆς
1341 4099 1627 4169 δαμάλεως
1650 4101 1750 4170 τῆς
1779 4119 1915 4172 χρυ-

343 4179 467 4247 σῆς.
503 4183 638 4234 Ποῖα
662 4183 717 4236 δὲ
747 4179 816 4253 ἦν
845 4185 954 4254 ἄρα
993 4184 1064 4237 τά
1101 4186 1302 4254 ἀμφοῖν
1340 4185 1690 4256 ἐγκλήματα,
1743 4191 1837 4243 καί
1887 4190 1916 4242 ό

340 4270 439 4326 τοῦ
477 4273 675 4344 χρῆναι
727 4274 1051 4340 κολάζεσθαι
1101 4275 1276 4344 λόγος,
1321 4276 1640 4347 καθίστησιν
1666 4280 1909 4352 ἐναργὲς,

335 4363 622 4434 ἐπιφέρων
656 4365 843 4429 εὐθύς·
896 4384 916 4418 t
975 4366 1193 4437 Ἐξέστη
1223 4367 1499 4438 Βενιαμὶν,
1535 4387 1556 4421 ι
1605 4370 1726 4424 ἀντὶ
1782 4371 1910 4440 τοῦ,

335 4454 458 4508 Τῶν
491 4455 636 4510 ἰδίων
667 4456 1065 4527 ἐκπεφοίτηκεν
1098 4456 1234 4510 ἐθῶν
1257 4497 1272 4523 ,
1316 4458 1484 4530 ἤγουν
1504 4498 1519 4523 ,
1549 4459 1648 4531 τῆς
1677 4461 1907 4534 ἀρίστης

2021 2020 2152 2078 solis
2200 2019 2455 2090 intellige.
2526 2017 2674 2073 Nihil
2721 2031 2881 2088 porro
2935 2017 3228 2073 absurdum
3274 2024 3366 2070 aut
3419 2015 3594 2070 incre-

2021 2112 2184 2169 dibile
2217 2111 2446 2182 cuipiam
2493 2110 2755 2175 videatur,
2821 2109 3040 2164 domum
3090 2108 3220 2164 solis
3267 2105 3490 2176 intelligi
3537 2115 3592 2160 et

2019 2205 2278 2276 appellari
2326 2203 2392 2259 iis
2438 2203 2529 2271 qui
2554 2202 2722 2257 solem
2764 2201 3013 2266 adorant,
3052 2198 3504 2270 quemadmodum
3539 2205 3621 2250 et.

2019 2293 2236 2349 domum
2271 2293 2364 2348 Dei
2424 2289 2503 2346 fas
2533 2299 2617 2345 est
2657 2288 2960 2359 intelligere
3012 2300 3106 2343 eos
3147 2288 3238 2356 qui
3295 2300 3414 2356 qua}
3466 2293 3592 2340 sunt

2021 2386 2166 2442 illius
2215 2386 2463 2457 sapiunt,
2490 2385 2805 2453 cultumque
2845 2397 2911 2437 ac
2965 2379 3366 2436 venerationem
3412 2377 3590 2432 eidem

2019 2478 2357 2548 impendunt.
2393 2476 2546 2545 Quod
2600 2475 2645 2532 si
2685 2475 2772 2530 cui
2843 2471 3099 2544 placebit,
3147 2469 3308 2525 etiam
3361 2468 3589 2524 vitulum

2018 2579 2241 2621 aureum
2288 2565 2364 2620 ὢν
2411 2566 2615 2632 vocari,
2667 2573 2722 2620 et
2771 2563 2852 2620 sic
2906 2559 3204 2632 probabilis
3242 2557 3349 2615 erit
3392 2557 3586 2612 oratio.

2017 2655 2129 2714 Deo
2175 2658 2318 2712 enim
2359 2658 2566 2714 invisus
2621 2654 2910 2712 Jeroboam
2956 2653 3024 2708 ad
3063 2651 3370 2720 exemplum
3409 2647 3591 2719 Λευ-ε

2017 2750 2114 2820 ptii
2132 2749 2385 2814 numinis,
2408 2749 2538 2818 Apis
2563 2747 2832 2812 videlicet,
2852 2744 3044 2801 vitulos
3078 2738 3335 2799 conﬂavit
3365 2781 3381 2795 .
3405 2738 3592 2795 Hono-

2017 2847 2208 2895 rarnnt
2236 2847 2413 2895 autem
2436 2837 2674 2910 Egyptii
2696 2838 2875 2908 Apim,
2903 2835 3042 2890 lunae
3070 2833 3234 2888 lilium
3260 2838 3582 2887 asserentes.

2017 2927 2278 2995 Quocirca
2297 2936 2349 2985 et
2364 2928 2500 2984 luna:
2519 2928 2804 3000 imaginem
2827 2926 3036 2996 signum
3063 2922 3304 2979 referens
3329 2920 3384 2975 in
3411 2919 3590 2975 fronte

2017 3019 2271 3085 habebat,
2305 3029 2360 3077 et
2396 3019 2552 3090 quasi
2614 3017 2748 3075 solis
2797 3025 3044 3088 nepotem
3103 3012 3396 3069 credebant
3437 3017 3587 3076 esse,

2017 3110 2181 3180 quod.
2211 3118 2269 3165 ut
2307 3109 2407 3180 ipsi
2455 3111 2736 3180 putabant,
2768 3121 2798 3162 a
2840 3107 2956 3163 sole
2989 3106 3119 3160 luna
3171 3102 3586 3159 illum-inaretur.

2019 3199 2380 3268 Quamobrem
2427 3211 2485 3256 ut
2508 3200 2646 3256 luna;
2674 3199 2893 3268 quidem
2923 3198 3115 3266 lilium,
3144 3196 3276 3253 solis
3311 3208 3441 3250 vero
3470 3203 3566 3248 tan

2020 3306 2182 3361 quam
2234 3299 2480 3362 nepotem
2526 3289 2822 3347 honoribus
2874 3289 3033 3360 Apim
3095 3287 3588 3358 prosequebantur.

2018 3378 2077 3435 in
2111 3375 2253 3436 hanc
2292 3380 2493 3437 erroris
2532 3380 2954 3451 opinionumque
2984 3379 3255 3435 miseriam
3298 3377 3588 3432 multorum

2017 3471 2356 3528 machinator
2401 3471 2585 3538 draco,
2612 3481 2738 3541 puta
2770 3471 3024 3537 Satanas,
3067 3484 3163 3526 eos
3206 3468 3452 3525 abduxit.
3497 3465 3587 3521 Ju-

2017 3563 2108 3617 bet
2151 3577 2280 3632 ergo
2316 3577 2514 3620 canere
2539 3565 2666 3618 tuba
2693 3577 2854 3633 super
2898 3561 3064 3618 colles
3092 3570 3147 3616 et
3175 3560 3407 3624 excelsa,
3442 3569 3497 3612 et
3524 3558 3582 3613 in

2017 3653 2177 3710 domo
2201 3653 2298 3721 ῶν,
2327 3655 2442 3725 88
2478 3656 2578 3710 hoc
2613 3664 2718 3720 est,
2753 3654 2908 3708 vituli
2939 3653 3111 3708 aurei.
3150 3651 3354 3706 Deinde
3399 3649 3585 3704 statim

2019 3760 2139 3814 quae
2183 3746 2288 3802 sint
2319 3747 2599 3800 amborum
2659 3744 2864 3798 scelera
2911 3752 2964 3797 et
3004 3743 3138 3797 ratio
3187 3755 3360 3812 paenae
3407 3740 3584 3794 mani-

2017 3834 2198 3891 festat.
2236 3854 2254 3887 ι
2287 3834 2462 3890 Mente
2493 3833 3023 3902 exceditBenjamin,
3053 3851 3071 3885 ι
3105 3847 3221 3903 pro,
3253 3846 3431 3886 mores
3459 3844 3586 3885 suos

2019 3927 2276 3994 deseruit,
2303 3942 2398 3981 seu
2426 3927 2638 3996 optima:
2667 3925 2878 3981 vivendi
2913 3940 3115 3982 normae
3143 3923 3429 3987 valedixit;
3458 3937 3585 3976 vere

2017 4018 2160 4073 enim
2200 4018 2300 4073 hoc
2338 4019 2503 4074 verbo
2535 4019 2590 4073 in
2639 4019 2839 4074 malum
2870 4017 3095 4074 mutatio
3120 4015 3342 4084 intelligi
3381 4021 3580 4083 potest.

2021 4124 2040 4159 ι
2070 4106 2135 4162 Ει
2165 4107 2415 4177 prraim
2452 4109 2725 4165 desolatus
2755 4117 2855 4163 est.
2891 4127 2909 4159 ι
2951 4107 3331 4161 Verumtamen
3365 4118 3470 4157 non
3509 4104 3582 4156 ita

2019 4198 2131 4252 haec
2179 4213 2410 4268 semper,
2441 4198 2635 4268 inquit.
2673 4217 2690 4250 ι
2719 4199 2772 4252 in
2819 4198 3008 4251 diebus
3039 4195 3184 4249 enim
3225 4193 3599 4262 correptionis

2016 4289 2223 4356 peccati
2263 4289 2540 4344 amborum
2583 4290 2793 4345 ostendi
2845 4289 3044 4354 fidelia,
3078 4305 3098 4340 ι
3134 4286 3322 4342 ﬁrmos
3343 4295 3397 4342 et
3424 4299 3583 4341 veros

2016 4382 2391 4439 demonstrans
2418 4396 2693 4438 sermones
2735 4395 2903 4438 meos.
2931 4380 3283 4452 Contigerunt
3311 4381 3454 4435 enim
3477 4379 3582 4434 illis

2015 4486 2133 4540 quae
2165 4471 2276 4541 jam
2319 4472 2560 4542 praedixi,
2593 4472 2834 4542 nihilque
2876 4472 3161 4527 verborum
3193 4485 3436 4525 meorum
3488 4483 3582 4523 eos

334 4545 612 4600 ἀπώλισθε
639 4550 852 4620 φρενός.
884 4549 1054 4601 Τοῦτο
1086 4549 1193 4618 γὰρ
1223 4549 1436 4620 ἀληθῶς
1473 4551 1507 4622 ή
1539 4549 1794 4616 ἔκστασις
1821 4555 1914 4607 ἐπὶ

2019 4562 2224 4618 fefellit.
2257 4562 2329 4619 Ut
2368 4566 2510 4619 enim
2541 4581 2566 4618 a
2595 4566 2833 4620 moribus
2874 4564 3109 4632 antiquis
3141 4570 3500 4627 recesserunt,
3526 4569 3583 4614 et

336 4640 516 4705 φαῦλα
559 4642 751 4694 νοοῖτο.
815 4659 834 4692 ‹
875 4640 1287 4711 Κατηφάνισται
1344 4641 1401 4694 δὲ
1443 4644 1537 4695 καὶ
1597 4645 1852 4716 Ἐφραίμ.
1885 4666 1904 4698 ι

2018 4654 2208 4710 bonam
2250 4665 2482 4711 mentem
2523 4657 2844 4720 amiserunt,
2871 4656 3038 4710 etiam
3088 4654 3308 4722 regione
3344 4666 3440 4706 sua
3469 4651 3581 4719 pul-

335 4729 481 4800 Πλὴν
511 4730 608 4800 οὐχ
630 4731 772 4784 οὕτω
797 4731 970 4784 ταῦτα
1010 4730 1098 4784 διὰ
1134 4732 1336 4795 παντός
1369 4748 1566 4802 φησιν’
1600 4752 1618 4785 t
1665 4736 1757 4789 Ἐν
1802 4737 1911 4808 γὰρ

2018 4742 2060 4796 si
2096 4753 2240 4809 sunt,
2278 4754 2332 4799 et
2373 4745 2623 4800 similiter
2653 4746 2917 4801 cbaritate
2948 4744 3042 4800 Dei
3087 4752 3141 4800 et
3184 4742 3328 4799 omni
3361 4753 3581 4810 prospe-

335 4819 569 4890 ήμέραις
619 4821 838 4892 ἐλέγχου
893 4825 992 4893 τῆς
1049 4823 1252 4892 ἀμφοῖν
1306 4822 1683 4894 πλημμελείας
1732 4826 1910 4894 ἔδειξα

2018 4835 2173 4890 ritate
2212 4839 2550 4892 exciderunt.

332 4909 523 4971 πιστὰ,
552 4927 571 4960 ι
598 4910 843 4980 βεϐαίους
893 4913 986 4965 καὶ
1021 4913 1239 4983 ἀληθεῖς
1259 4913 1388 4978 τοὺς
1454 4917 1622 4986 ἐμοὺς
1682 4919 1968 4992 ἀποφήνας
2005 4927 2214 4996 λόγους.
2249 4930 2570 5001 Συμϐέῆηκε
2601 4931 2709 5001 γὰρ
2738 4932 2919 4994 αὐτοῖς
2938 4971 2952 4997 ,
2981 4933 3122 5002 ἅπερ
3161 4932 3260 5002 ήδη
3288 4930 3543 5000 προεῖπον
3563 4966 3578 4992 ,

326 5002 424 5056 καὶ
456 5002 618 5110 ρὺδέν
656 5005 960 5110 διέφευοται
1003 5009 1109 5061 τῶν
1137 5010 1333 5110 ’ἐμῶνί
1362 5010 1579 5110 Ἐπειδὴ
1622 5014 1733 5086 γὰρ
1798 5017 2090 5092 ἐξέστησαν
2145 5025 2254 5078 τῶν
2317 5026 2563 5096 ἀρχαίων
2627 5027 2788 5092 ἐθῶν,
2810 5028 2903 5080 καὶ
2967 5027 3157 5098 φρενὸς
3197 5026 3301 5090 ἔξω
3350 5025 3579 5093 γεγόνα-

331 5111 418 5193 σιν
444 5096 674 5193 ἀγαθῆς,
706 5097 1016 5170 ἐξώσθησαν
1067 5103 1160 5155 καί
1202 5103 1367 5174 αὐτῆς
1403 5105 1502 5176 τῆς
1552 5109 1762 5163 ἑαυτῶν
1823 5112 2026 5184 χώρας,
2077 5117 2173 5171 καὶ
2225 5121 2690 5176 ἀποπεπτώκασιν
2739 5123 2938 5193 ὁμοίως
2962 5096 3060 5193 της
3089 5124 3167 5186 εἰς
3196 5121 3326 5174 Θεὸν
3360 5120 3578 5188 ἀγάπης

328 5190 426 5242 καὶ
454 5189 636 5262 πάσης
677 5192 993 5264 εὐημερίας.

402 5278 632 5370 ᾝψεται
664 5280 721 5334 δὲ
749 5283 842 5335 καὶ
873 5283 1073 5355 ἐτέρως
1115 5288 1224 5352 τοῖς
1253 5289 1724 5359 καταλιμπάνουσι
1750 5291 1904 5359 Θεὸν,

2075 5295 2340 5366 Sequetur
2385 5309 2564 5353 autem
2604 5301 2800 5370 alioqui
2837 5302 3002 5356 Deum
3048 5301 3478 5370 derelinquentes
3509 5304 3577 5360 ab

325 5367 389 5474 τό
417 5367 731 5474 ἐξίστασθαι
770 5373 882 5426 δεῖν
915 5375 1010 5428 καὶ
1056 5377 1267 5450 ἀγαθῆς
1298 5380 1515 5452 ἀπάσης
1555 5382 1779 5451 ἐννοίας,
1813 5388 1907 5440 καὶ

2018 5387 2150 5440 mini
2190 5388 2326 5442 bona
2359 5390 2681 5458 cogitatione
2705 5391 2982 5455 discessio,
3015 5399 3174 5460 atque
3201 5393 3334 5449 adeo
3373 5397 3439 5450 ab
3465 5411 3578 5450 om-

330 5460 437 5561 μὴν
461 5460 552 5560 καὶ
575 5461 739 5531 ἔργου
762 5464 965 5528 παντὸς
987 5465 1078 5520 τοῦ
1112 5471 1490 5540 τετραμμένου
1515 5471 1649 5542 πρὸς
1681 5475 1903 5546 ἀρετήν.

2023 5475 2056 5526 ii
2087 5490 2247 5543 opere
2280 5477 2344 5530 ad
2373 5479 2630 5530 virtutem
2672 5481 2994 5548 pertinente.
3030 5482 3093 5536 Et
3129 5486 3420 5552 precedent
3474 5487 3575 5539 hn-

328 5547 640 5652 lia'o‘toﬁvmt
695 5553 753 5606 δὲ
806 5556 942 5626 πρὸς
982 5559 1286 5631 ἀφανισμὸν
1332 5561 1643 5631 ἐλέγχοντος
1690 5583 1749 5618 τε
1814 5569 1908 5622 καὶ

2027 5567 2231 5619 usmodi
2271 5569 2332 5620 ad
2362 5568 2788 5633 desolationem,
2832 5573 3155 5642 corripientc
3182 5585 3235 5629 et
3267 5577 3577 5644 increpante

327 5636 689 5742 ἐπιτιμῶντος
741 5645 876 5699 Θεοῦ
903 5687 916 5710 ,
954 5649 1045 5702 καὶ
1102 5651 1202 5719 τῆς
1250 5652 1525 5722 ῥᾳθυμίας
1557 5655 1901 5722 ἐξαιτοῦντος

2018 5661 2138 5724 Deo,
2187 5669 2239 5715 et
2291 5663 2512 5731 ignaviae
2582 5679 2772 5731 poenas
2827 5683 3170 5738 exposcente.
3227 5669 3577 5723 Conducihiie

325 5725 501 5822 Eixai.
533 5733 814 5804 Χρήσιμον
844 5735 936 5792 οὖν
983 5739 1089 5810 ἄρα
1114 5781 1127 5805 ,
1165 5742 1258 5792 καὶ
1290 5742 1585 5808 ἀναγκαῖον
1621 5749 1698 5808 εἰς
1733 5747 1900 5817 ζωὴν,

2018 5751 2171 5816 igitur
2205 5761 2259 5804 et
2305 5754 2670 5808 necessarium
2731 5767 2810 5812 cst
2844 5760 2910 5812 ad
2939 5761 3122 5822 vitam,
3154 5774 3273 5812 esse
3298 5772 3418 5810 cum
3451 5760 3579 5810 De".

326 5817 388 5868 τὸ
444 5813 580 5874 εἶναι
621 5824 755 5891 μετά
798 5828 966 5894 Θεοῦ,
1023 5830 1179 5898 μόνον
1201 5831 1257 5884 δὲ
1313 5833 1429 5902 οὐχὶ
1472 5834 1531 5886 τὸ
1568 5837 1622 5887 ἐν
1656 5813 1901 5906 Ψαλμοῖς

2018 5850 2060 5892 ct
2095 5851 2295 5895 tantum
2343 5860 2445 5898 non
2485 5845 2609 5898 illud
2642 5862 2706 5900 cx
2745 5849 2974 5906 Psalmis
3019 5853 3285 5904 clamare:
3330 5861 3349 5892 ‹
3385 5845 3588 5897 Adiun—
