4098 6276
579 435 675 488 ΠΗ

1565 433 1617 486 S.
1659 433 1930 487 CYRILLI
1974 431 2440 489 ALEXANDRINI
2485 437 2798 496 MICHIEP.
3715 460 3816 515 ’52

3747 481 3780 514 ἑ)

578 553 648 603 sit
712 551 888 602 anima
955 564 1069 602 mea
1130 558 1253 618 post
1300 559 1349 602 te
1375 550 1486 603 ⁸³.»
1531 549 1802 618 Snscipiet
1871 551 2039 613 enim,
2093 561 2133 603 el

2249 555 2424 607 έκεῖνο
2455 556 2603 626 βοᾷν,
2645 575 2664 608 ι
2706 559 3038 632 Ἐκκολλήθη
3069 564 3100 632 ἡ
3131 563 3276 635 ψυχή
3313 584 3414 636 μου
3448 569 3623 624 ὀπίσω
3652 589 3764 626 σου.
3791 593 3809 625 ι

579 648 824 707 prompte
863 637 1222 706 opitulabitur‘
1239 639 1457 692 dextera
1498 638 1897 708 Omnipoteutis
1949 655 1980 695 c
2039 654 2141 708 qua

578 743 736 783 nemo
781 729 950 797 rapiet
978 727 1042 792 ⁸⁸,
1078 737 1130 782 ιιι
1180 727 1426 784 Salvator
1456 739 1699 786 testatur.

647 900 808 953 Vsus.
840 900 926 954 I0.
961 899 1111 954 Facti
1146 913 1267 955 sunt
1313 901 1568 969 principes
1603 900 1747 954 Juda
1790 903 1925 955 velut
1969 913 2141 956 trans-

572 1003 814 1058 ponentes
855 995 1106 1046 terminos
1127 1033 1145 1059 ,
1180 1008 1334 1060 super
1367 1009 1451 1047 eos
1477 992 1744 1061 e/i‘uudam
1767 994 1898 1047 sicut
1951 1010 2141 1062 aquam

571 1081 822 1147 impetum
871 1077 1062 1136 meum.

641 1169 797 1223 LVII.
868 1168 982 1224 Iloc
1022 1179 1109 1224 est
1160 1169 1448 1240 (quamvis
1497 1169 1596 1227 sub
1641 1170 1954 1242 involucro)
1995 1171 2138 1240 quod

569 1259 800 1325 diccbat,
836 1280 853 1313 ι
885 1262 1095 1316 excedit
1135 1270 1311 1316 mente
1342 1262 1642 1332 Benjamin.
1681 1280 1699 1314 ι
1733 1261 1949 1316 Similes
1994 1262 2136 1314 enim

569 1353 807 1416 fuerunt,
839 1352 1030 1421 inquit,
1095 1351 1351 1408 terminos
1409 1351 1882 1417 transferentibus,
1913 1361 1967 1406 et
2006 1352 2134 1406 olim

567 1445 785 1499 definita
823 1444 1120 1513 transgredi
1181 1443 1502 1498 volentibus.
1539 1443 1638 1508 Qui
1687 1444 1830 1497 enim
1884 1443 1980 1498 soli
2026 1443 2136 1498 Deo

565 1536 960 1601 convenientia,
999 1535 1210 1604 ipsique
1232 1535 1353 1603 jure
1409 1536 1618 1602 dicata,
1659 1535 2001 1598 charitatem,
2052 1536 2132 1588 in-

564 1642 748 1696 quam,
805 1627 1102 1690 honorem,
1132 1626 1500 1682 adorationcm
1541 1625 1660 1679 aliis
1705 1627 1967 1691 tribuunt,
2009 1625 2134 1693 quia

565 1717 704 1771 forte
736 1716 924 1780 solem,
947 1725 1037 1769 aut
1063 1715 1264 1782 lunam,
1289 1725 1344 1770 et
1371 1725 1513 1771 astra
1541 1717 1791 1786 precibus
1817 1717 2131 1782 sollicitant,

564 1805 697 1859 nihil
724 1821 908 1860 revera
937 1806 1308 1861 I‘aciuntaliud
1363 1821 1522 1876 quam
1554 1807 1696 1876 quod
1747 1808 1967 1862 omnino
2020 1815 2130 1862 ter-

2259 647 2630 718 ’Λντιλήψεται
2657 649 2766 719 γὰρ
2796 653 2915 704 τότε
2945 655 3040 706 καὶ
3067 655 3424 727 ἐπικουρήσει
3458 661 3753 732 προθύμως
3781 665 3816 734 ἡ

2244 734 2394 800 δεξιά
2430 736 2522 789 τοῦ
2555 737 2730 791 πάντα
2765 739 3072 809 ἰσχύοντος,
3121 745 3215 814 ἀφ’
3253 740 3324 816 ἦς
3356 747 3532 811 οὐδεὶς
3575 751 3817 820 ἁρπάσει

2243 825 2386 879 κατά
2408 826 2506 897 τὴν
2539 826 2631 880 τοῦ
2653 829 2902 901 Σωτῆρος
2931 834 3134 904 φωνήν.

2326 916 2636 985 Ἐγένοντο
2665 921 2718 974 οι
2743 920 3031 989 ἄρχοντες
3059 925 3253 980 Ἰούδα
3282 927 3362 991 ὠς
3406 930 3816 998 μετατιθέντες

2243 1009 2387 1075 ὅρια,
2423 1009 2513 1062 ἐπ’
2557 1011 2776 1077 αὐτοὺς
2805 1013 2990 1081 ἐκχεῶ
3019 1017 3096 1082 ὡς
3126 1016 3280 1085 ὕδωρ
3313 1019 3380 1072 τὸ
3417 1019 3653 1090 ὄρμημά
3671 1040 3813 1091 μου.

2291 1179 2412 1234 ΝΖ’.
2429 1181 2596 1236 Τοῦτό
2613 1185 2758 1236 ἐστιν
2775 1185 3185 1256 αἰνιγματωδῶς
3198 1188 3279 1243 τὸ·
3298 1189 3522 1261 Ἐξέστη
3538 1193 3813 1263 Βενιαμίν.

2241 1271 2502 1338 Γεγόνασι
2524 1273 2633 1343 γὰρ
2666 1277 2723 1328 ὲν
2758 1275 2876 1345 ίσῳ,
2907 1278 3060 1348 φησὶ,
3103 1282 3215 1343 τοῖς
3272 1280 3632 1351 μετατιθεῖσιν
3669 1285 3812 1356 ὅρια.

2238 1364 2333 1415 καὶ
2363 1364 2711 1434 ὑπερϐαίνειν
2749 1367 2988 1421 ἐθέλουσι
3033 1368 3103 1424 τὰ
3154 1371 3324 1425 πάλαι
3350 1373 3703 1445 διωρισμένα.
3753 1379 3816 1430 Ol.

2239 1452 2346 1523 γὰρ
2374 1453 2442 1506 τὰ
2475 1455 2622 1526 μόνῳ
2656 1456 2936 1526 πρέποντα
2988 1460 3067 1530 τῷ
3096 1461 3236 1532 Θεῷ,
3275 1465 3368 1517 καὶ
3413 1466 3562 1536 αὐτῷ
3593 1467 3819 1533 δικαίως

2238 1542 2660 1624 ἀνατεθειμένα,
2700 1545 2800 1617 τὴν
2842 1549 3062 1620 ἀγάπην
3087 1549 3144 1604 δὲ
3177 1552 3342 1621 λέγω,
3372 1554 3469 1625 τὴν
3502 1557 3686 1628 τιμὴν,
3717 1558 3818 1630 τὴν

2238 1633 2602 1702 προσκύνησιν
2659 1637 3008 1704 μεθιστάντες
3050 1641 3129 1704 είς
3180 1643 3421 1714 ἑτέρους,
3477 1645 3571 1699 διά
3609 1664 3674 1712 γε
3719 1648 3812 1702 τοῦ

2237 1727 2560 1790 προσκυνεῖν
2608 1725 2741 1797 ἡλίῳ
2773 1728 2932 1798 τυχὸν
2952 1768 2966 1793 ,
2999 1731 3166 1801 ἤγουν
3202 1733 3398 1807 σελήνῃ
3425 1736 3520 1788 καὶ
3561 1735 3812 1809 ἄστροις,

2238 1810 2408 1882 δρῷεν
2461 1813 2527 1866 ἂν
2565 1815 2750 1886 ἕτερον
2774 1818 2946 1882 οὐδὲν,
2980 1821 3120 1873 κατά
3162 1839 3224 1890 γε
3265 1824 3327 1876 τὸ
3378 1825 3553 1889 εἰκὸς,
3582 1827 3614 1897 ἢ
3643 1829 3814 1901 ὁτιδὴ

567 1895 746 1948 minos
779 1904 1008 1950 mutant.
1033 1894 1224 1951 Judam
1258 1905 1454 1961 autem,
1474 1898 1588 1952 sive
1615 1897 1888 1965 Beniamin
1915 1897 2133 1968 gloriam

2244 1903 2461 1968 πάντως
2495 1906 2811 1974 μεθιστᾶσιν
2843 1910 2986 1980 ὅρια.
3022 1910 3147 1965 Ὅτι
3173 1913 3229 1965 δὲ
3267 1913 3364 1985 τὴν
3389 1915 3702 1983 πρέπουσαν
3737 1918 3816 1990 τῷ

563 1985 677 2040 Deo
726 1987 958 2041 debitam
1023 1988 1123 2042 soli
1151 2027 1169 2052 ,
1206 1997 1259 2042 et
1295 1987 1433 2044 luna:
1455 2031 1469 2054 ,
1503 1998 1556 2046 et
1619 1990 1780 2045 astris
1831 1989 2136 2059 dicavisse,

563 2091 630 2130 ex
663 2091 728 2132 eo
756 2077 922 2133 claret
970 2078 1111 2148 quod
1145 2080 1210 2134 ad
1249 2078 1535 2135 Jeremiam
1577 2081 1893 2150 praphetam
1917 2082 1993 2135 ait
2033 2083 2138 2137 Do-

561 2169 740 2223 minus
764 2188 778 2224 :
808 2187 828 2220 ‹
852 2171 932 2224 An
957 2185 1061 2225 non
1079 2170 1228 2225 vides
1252 2171 1378 2240 quid
1404 2171 1486 2226 isti
1525 2171 1724 2226 faciunt
1750 2172 1804 2224 in
1835 2171 2138 2228 civitatibus

560 2258 695 2315 Juda
728 2271 782 2316 et
827 2262 878 2316 in
933 2263 1034 2316 viis
1079 2262 1418 2318 Jerusalem?
1464 2263 1584 2317 Filii
1634 2277 1820 2319 eorum
1880 2265 2138 2334 colligunt

560 2353 729 2423 ligna,
783 2363 838 2406 et
869 2362 1048 2423 patres
1076 2370 1263 2410 eorum
1299 2356 1630 2411 succendunt
1677 2356 1876 2426 ignem,
1910 2366 1964 2410 et
2019 2372 2136 2410 mu-

558 2442 721 2498 lieres
761 2457 948 2499 eorum
982 2449 1332 2503 commiscent
1380 2448 1760 2515 similaginem,
1819 2456 1877 2502 ut
1936 2448 2137 2502 faciant

557 2535 836 2603 placentas
879 2535 1080 2591 militiae
1107 2538 1266 2603 caeli;
1296 2545 1350 2591 et
1384 2537 1690 2592 libaverant
1730 2537 1984 2591 libamina
2031 2527 2162 2592 diis‘

559 2625 775 2693 alienis,
811 2635 869 2682 ut
902 2628 969 2683 ad
1019 2628 1353 2683 iracundiam
1414 2634 1706 2698 provocent
1757 2642 1842 2682 me
1872 2627 1973 2680 ⁸⁸.»
2004 2626 2136 2683 Ter-

559 2717 736 2772 minos
765 2718 946 2788 itaque
987 2727 1267 2774 moverunt
1297 2718 1564 2788 principes
1597 2719 1768 2774 tribus
1817 2718 1929 2790 89
1973 2717 2133 2783 Juda,

557 2809 658 2862 hoc
703 2819 808 2875 est,
836 2825 1084 2880 suprema
1143 2818 1197 2866 et
1235 2811 1377 2881 regia
1421 2809 1863 2866 circumﬂuentes
1919 2809 2086 2880 gloria
2114 2848 2131 2877 ,

556 2916 693 2969 quos
720 2902 912 2972 vulgus
949 2911 1195 2958 errantes
1243 2911 1302 2956 ut
1343 2901 1674 2971 exemplaria
1728 2902 1880 2971 sequi
1938 2916 2136 2957 conve-

556 2995 760 3052 niebat.
805 2995 1000 3050 Verum
1031 3013 1052 3046 ι
1110 2995 1283 3049 instar
1327 3008 1482 3063 aquae
1540 3008 1661 3046 cum
1711 2993 1912 3063 impetu
1953 2991 2134 3048 ell‘usa:

559 3085 832 3141 effundam
878 3087 931 3140 in
971 3099 1066 3140 eos
1120 3086 1398 3154 impetum,
1440 3099 1534 3139 seu
1599 3083 1834 3140 furorem
1883 3100 2128 3141 meum.»

559 3178 906 3236 Calamitates
951 3177 1218 3246 siquidem
1247 3191 1277 3230 a
1317 3175 1428 3231 Deo
1477 3175 1616 3231 irato
1649 3175 1936 3273 “imposita:
1975 3191 2132 3246 pror-
2157 3213 2200 3273 ο

559 3283 653 3326 sus
695 3282 796 3323 nec
825 3268 955 3322 ferri
1005 3267 1349 3338 tolerarique,
1388 3280 1486 3320 nec
1521 3263 1701 3335 repelli
1735 3274 1962 3334 queunt,
1991 3280 2130 3336 quo-

557 3361 719 3418 modo
753 3360 1008 3415 nimirum
1045 3373 1144 3415 nec
1179 3373 1314 3429 aqua
1365 3358 1531 3414 multa
1566 3358 1796 3413 ubertim
1838 3357 2006 3414 ell'usa
2037 3373 2128 3416 re-

559 3451 743 3521 primi.

630 3627 792 3682 VERS.
839 3627 896 3680 Il
928 3667 943 3690 ,
991 3625 1078 3680 12.
1125 3625 1389 3694 Oppressit
1448 3624 1703 3696 Ep/iraim
1767 3625 2128 3679 adversarium

553 3735 732 3784 suum,
763 3728 810 3771 et
837 3718 1158 3772 coneulcavit
1189 3717 1476 3787 judicium,
1512 3717 1635 3786 quia
1661 3717 1813 3786 coepit
1844 3716 1988 3770 abire
2014 3726 2130 3786 post

554 3826 711 3864 uana.
739 3808 806 3862 Et
852 3826 944 3878 ego
984 3809 1137 3878 quasi
1191 3808 1523 3864 conturbatio
1566 3807 1842 3877 Ephraim,
1887 3816 1936 3862 et
1978 3808 2130 3878 quasi

554 3901 801 3956 stimulus
828 3902 1007 3954 domui
1039 3899 1206 3955 Iuda.

625 4079 808 4136 LVIII.
839 4081 1080 4148 Quonam
1133 4079 1289 4134 modo
1320 4077 1596 4148 Beujamin
1635 4086 1813 4133 mente
1865 4077 2129 4132 alienatus

553 4177 642 4236 sit,
673 4173 816 4228 haud
847 4173 1077 4227 obscure
1104 4170 1420 4226 declaravit.
1461 4168 1605 4224 Dixit
1634 4170 1778 4225 enim
1817 4169 1986 4225 {actos
2011 4183 2131 4225 esse.

557 4265 831 4334 principes
862 4263 1023 4327 Iuda,
1067 4274 1125 4319 ιιι
1161 4264 1256 4334 qui
1285 4265 1545 4319 terminos
1572 4262 1920 4318 transferunt.
1985 4261 2130 4330 Quo-

555 4355 716 4410 modo
745 4362 924 4408 autem
968 4364 1022 4409 et
1070 4354 1328 4422 Ephraim
1371 4355 1756 4410 desolationem
1809 4369 2002 4424 passus
2035 4354 2126 4419 sit,

555 4444 809 4516 deinceps
821 4445 1041 4515 exponit
1069 4443 1278 4498 etaddit
1294 4461 1339 4498 ει
1359 4443 1636 4512 Oppressit
1657 4444 1914 4512 Ephraim
1938 4445 2130 4498 adver-

2239 1994 2358 2062 Θεῷ
2389 1987 2567 2060 δόξαν,
2599 1998 2752 2069 ἡλίῳ,
2771 2000 2866 2052 καὶ
2900 2001 3126 2074 σελήνῃ,
3158 2003 3254 2056 καὶ
3289 2005 3509 2075 ἄστροις
3539 1987 3816 2064 ἀνατέθειξ

2239 2103 2332 2140 κεν
2358 2087 2387 2139 ὁ
2428 2087 2646 2152 Ἰούδας,
2676 2091 2842 2160 ήγουν
2881 2093 2909 2144 ὁ
2942 2094 3220 2165 Βενιαμὶν,
3275 2097 3462 2165 σαφῶς
3509 2097 3576 2152 ἂν
3608 2102 3799 2168 νοοῖτο,

2239 2176 2375 2247 πρὸς
2415 2177 2503 2230 τὸν
2534 2181 2815 2251 προφήτην
2853 2181 3125 2254 Ἱερεμίαν
3161 2184 3414 2254 λέγοντος
3462 2187 3599 2242 Θεοῦ
3629 2205 3643 2219 ·
3683 2209 3702 2242 ι
3741 2193 3813 2248 Ἢ

2235 2267 2334 2337 οὐχ
2357 2269 2491 2339 ὁρᾷς
2518 2271 2546 2322 ὃ
2574 2287 2624 2322 τι
2653 2265 2799 2324 οὗτοι
2821 2275 3063 2328 ποιοῦσιν
3111 2277 3168 2329 ὲν
3193 2280 3313 2341 ταῖς
3355 2279 3576 2334 πόλεσιν
3622 2281 3812 2349 Ἰούδα,

2236 2359 2330 2410 καὶ
2358 2359 2415 2411 ὲν
2439 2360 2557 2421 ταῖς
2581 2359 2718 2423 ὁδοῖς
2759 2362 3142 2436 Ἰερουσαλήμ;
3183 2368 3245 2421 Οἱ
3278 2368 3382 2422 υἱοὶ
3413 2369 3593 2423 αὐτῶν
3627 2370 3814 2424 συλλέ-

2235 2463 2391 2516 γουσι
2418 2447 2548 2514 ξύλα
2564 2487 2581 2514 ,
2599 2452 2692 2503 καὶ
2713 2451 2760 2504 οἱ
2787 2453 3023 2524 πατέρες
3045 2456 3222 2513 αὐτῶν
3245 2458 3458 2512 καίουσι
3477 2460 3609 2533 πῦρ,
3633 2462 3724 2516 καὶ
3758 2465 3814 2516 αἱ

2235 2540 2492 2605 γυναῖκες
2513 2539 2692 2594 αὐτῶν
2728 2543 2973 2614 τρίϐουσι
2999 2547 3170 2612 σταὶς,
3192 2550 3286 2604 τοῦ
3307 2552 3531 2624 ποιῆσαι
3565 2555 3816 2625 καυῶνας

2235 2633 2302 2702 τῇ
2371 2634 2602 2703 στρατιᾷ
2651 2634 2746 2688 τοῦ
2806 2637 3058 2708 ούρανοῦ,
3113 2641 3205 2694 καὶ
3270 2643 3529 2700 ἔσπεισαν
3583 2648 3816 2711 σπονδὰς

2236 2719 2763 2812 θεοῖςοάλλοτρίοις,
2811 2724 2897 2778 ἵνα
2939 2729 3318 2799 παροργίσωσί
3361 2750 3449 2803 με.
3483 2753 3502 2784 ι
3539 2734 3702 2804 Ὅρια
3747 2734 3817 2804 δὴ

2233 2807 2325 2867 οὗν
2358 2807 2805 2883 μὲτατεθείκασιν
2845 2818 2898 2870 οἱ.
2943 2817 3003 2886 ἐξ
3042 2820 3213 2875 Ἰούδα
3264 2823 3436 2892 φυλῆς
3486 2824 3816 2894 ἡγούμενοι,

2233 2904 2528 2969 τουτέστιν,
2585 2907 2633 2958 oi
2683 2906 2781 2976 τὴν
2811 2908 3069 2964 ἀνωτάτω
3139 2913 3229 2966 καὶ
3269 2912 3514 2982 βασιλίδα
3565 2915 3818 2987 περικεί-

2237 3011 2386 3063 μενοι
2408 2995 2585 3062 δόξαν,
2612 2990 2694 3060 οἷς
2720 2992 2788 3069 ἦν
2831 3000 2980 3064 εἰκὸς
3027 3002 3436 3056 κατακολουθεῖν
3465 3005 3682 3060 ἑλέσθαι
3717 3023 3821 3060 πε-

2234 3086 2599 3158 πλανημένοις
2625 3089 2724 3159 τὴν
2771 3090 3030 3158 ἀγελαίαν
3077 3090 3303 3161 πληθύν.
3345 3091 3484 3144 Ἀλλ’
3514 3110 3534 3143 ι
3577 3094 3822 3160 ’Ύδατος

2232 3174 2388 3246 δίκην
2445 3177 2852 3247 ραγδαιοτάτου,
2913 3179 3096 3250 φησὶν,
3155 3179 3240 3232 ἐπ’
3280 3179 3474 3240 αὐτοὺς
3519 3179 3697 3249 ἐκχεῶ
3745 3185 3824 3236 ’τὸ

2235 3266 2464 3336 ὅρμημά
2516 3286 2638 3338 μου.
2670 3288 2690 3322 ›
2745 3269 3008 3322 Δύσοιστα
3053 3268 3196 3338 γὰρ,
3240 3269 3333 3322 καὶ
3385 3269 3672 3338 ἀφόρητα,
3711 3273 3820 3324 καὶ

2234 3358 2680 3427 ἀνανταγώνιστα
2709 3359 2987 3423 παντελῶς
3016 3359 3083 3413 τὰ
3118 3362 3181 3412 ὲκ
3212 3358 3360 3424 θείας
3391 3359 3584 3430 ὀργῆς.
3621 3360 3817 3416 Καθά-

2234 3463 2342 3519 περ
2381 3447 2575 3517 ἀμέλει
2627 3450 2722 3502 καὶ
2776 3450 2965 3520 χρῆμα
3014 3447 3344 3519 δυσάντητον
3390 3449 3426 3518 ἡ
3471 3447 3644 3518 πολλὴ
3711 3449 3810 3502 καὶ.

2233 3537 2559 3609 ἀμφιλαφὴς
2583 3540 2690 3592 τῶν
2715 3539 2920 3593 ὑδάτων
2951 3539 3112 3609 φορά.

2303 3629 2875 3684 Κατεδυνάστευσεν
2913 3630 3162 3700 Ἐφραῒμ
3201 3629 3308 3683 τὸν
3349 3627 3657 3683 ἀντίδικον
3693 3629 3801 3683 αὑ-

2232 3719 2359 3785 τοῦ,
2391 3719 2490 3773 καί
2535 3719 2913 3788 κατεπάτησε
2952 3721 3019 3774 τὸ
3052 3720 3270 3789 κρῖμα,
3303 3719 3392 3773 δτι
3430 3718 3656 3789 ἤρξατο
3695 3733 3800 3772 που

2224 3811 2507 3880 ρεύεσθαι
2556 3810 2747 3863 ὀπίσω
2795 3809 2913 3863 τῶν
2953 3811 3239 3880 ματαίων.
3279 3810 3389 3865 Kal
3432 3809 3547 3880 ἐγὼ
3590 3810 3803 3879 ἔσομαι

2231 3905 2312 3970 ὡς
2349 3901 2580 3973 ταραχὴ
2610 3900 2690 3967 τῷ
2738 3901 3007 3972 Ἐρραῒμ,
3047 3901 3146 3957 καί
3175 3902 3256 3971 ὠς
3277 3901 3526 3971 κέντρον
3556 3900 3636 3967 τῷ
3665 3902 3798 3966 οἴκῳ

2246 3995 2457 4050 Ἰούδα.

2301 4086 2432 4138 NH'.
2457 4085 2591 4138 Τίνα
2620 4085 2719 4156 μὲν
2742 4084 2942 4156 τρόπον
2970 4083 3160 4156 ἐξέστη
3188 4085 3465 4156 Βενιαμὶν,
3489 4085 3798 4153 ἀποδέδειχε

2233 4175 2438 4245 σαφῶς.
2491 4176 2636 4247 Ἔφη
2675 4174 2822 4246 γὰρ,
2873 4176 2954 4229 ὅτι
3007 4175 3292 4243 γεγόνασιν
3326 4176 3593 4246 ἄρχοντες
3635 4173 3800 4229 Ἰούδα

2231 4267 2305 4330 ὡς
2335 4267 2711 4331 μετατιθέντες
2739 4267 2881 4337 ὅρια.
2906 4266 3030 4329 Πῶς
3059 4265 3114 4319 δὲ
3146 4265 3241 4319 καὶ
3273 4265 3512 4336 Ἑφραῒμ
3546 4266 3627 4328 είς
3666 4265 3800 4332 ἀφα-

2231 4359 2420 4426 νισμὸν
2444 4358 2657 4425 ἐγένετο
2675 4397 2690 4420 ,
2725 4356 3067 4428 διερμηνεύει
3091 4356 3274 4418 πάλιν,
3301 4354 3541 4409 ἐπειπών
3567 4371 3579 4384 ·
3606 4373 3625 4406 ι
3645 4351 3792 4406 Κατ-

2235 4449 2619 4502 εδυνάστευσεν
2657 4447 2896 4517 Ἐφραῒμ
2953 4448 3044 4500 τὸν
3102 4447 3370 4501 ἀντίδικον
3398 4445 3578 4502 αὑτοῦ.
3632 4461 3653 4497 ι
3689 4445 3801 4497 Καὶ

551 4535 759 4590 sarium
788 4550 967 4590 suum.
1001 4553 1020 4587 ι
1055 4534 1120 4587 Ει
1149 4534 1400 4588 videntur
1423 4536 1568 4588 velut
1602 4546 1720 4587 cum
1743 4533 2049 4586 urbanitate
2069 4529 2133 4584 ad

2241 4535 2386 4589 δοκεῖ
2413 4551 2531 4597 πως
2558 4537 2616 4588 ὲν
2645 4533 2766 4604 ἤθει
2805 4532 3131 4602 πεποιῆσθαι
3174 4533 3293 4588 νυνὶ
3333 4533 3469 4605 πρὸς
3489 4531 3635 4602 ἡμᾶς
3662 4530 3690 4582 ὁ
3714 4528 3805 4581 λό-

551 4642 653 4683 nos
685 4627 850 4683 verba
886 4627 1024 4680 ﬁeri.
1057 4625 1315 4691 Quaenam
1366 4624 1530 4694 igitur
1559 4623 1837 4678 accusatio
1863 4625 1932 4677 sit
1960 4621 2129 4676 tribus

547 4719 834 4788 Ephraim,
857 4725 950 4770 aut
979 4717 1046 4770 de
1073 4731 1179 4785 quo
1216 4715 1528 4770 adversario
1556 4714 1798 4769 divinum
1847 4711 2125 4768 oraculum

553 4808 804 4877 loquatur
885 4819 1044 4875 quem
1099 4803 1430 4873 Oppresserit
1481 4801 1772 4871 Ephraim,
1835 4802 2129 4870 explanare

552 4908 810 4970 quantum
844 4899 898 4952 in
944 4910 1030 4951 me
1061 4905 1144 4951 est
1175 4895 1434 4951 conabor.
1465 4891 1718 4948 'l‘ribules
1746 4893 1888 4947 enim
1911 4891 2047 4947 .Iuda
2073 4901 2128 4947 et

551 4991 832 5061 Iienjamin
866 4987 1253 5066 reverebantur
1283 4986 1617 5056 aliquantum
1652 4982 1800 5052 leges
1841 4983 2124 5050 Mosaicas,

551 5093 605 5136 ct
630 5084 806 5137 adhuc
828 5097 1015 5138 earum
1042 5081 1306 5136 rationem
1340 5078 1630 5141 ducebant,
1656 5076 1962 5144 dabantque
2009 5083 2126 5128 stu-

554 5174 703 5228 diose
750 5189 966 5242 operam
1007 5171 1249 5240 iustitiae.
1285 5168 1399 5224 Non
1435 5167 1579 5223 enim
1615 5179 1800 5221 omnes
1825 5165 2122 5220 declinave—

554 5267 840 5330 runt;sed
863 5273 1021 5322 erant
1067 5279 1172 5320 non
1225 5261 1382 5333 pauci
1439 5260 1744 5328 transfugas
1783 5259 2123 5328 deplorantes

555 5369 620 5408 ac
648 5354 1022 5423 lamentantes,
1044 5365 1098 5409 et
1143 5353 1382 5408 dolorem
1428 5351 1607 5404 animo
1645 5362 1750 5402 non
1799 5349 2124 5402 mediocrem

553 5443 952 5511 concipientes,
1014 5460 1132 5500 cum
1185 5444 1402 5515 quidam
1459 5441 1714 5510 despecto
1758 5437 2127 5494 univcrsitatis

555 5537 668 5591 Deo
705 5549 884 5588 mores
945 5536 1304 5591 idololatricos
1362 5535 1697 5589 inveherent.
1742 5530 1876 5585 llinc
1937 5531 2126 5583 beatus

555 5625 826 5690 Ezechiel,
861 5625 1050 5678 missos
1085 5627 1156 5680 ait
1189 5637 1373 5682 contra
1412 5626 1708 5680 Jerusalem
1749 5636 1871 5677 cum
1918 5617 2125 5673 securi-

630 5755 672 5786 ⁸³
701 5763 841 5818 Psal.
884 5776 1016 5822 uti,
1049 5762 1098 5812 9.
1181 5760 1220 5791 “
1254 5759 1400 5814 Juan.
1439 5776 1490 5820 κ,
1525 5758 1613 5813 ‘28.

2232 4640 2347 4692 γος.
2399 4624 2557 4676 Ποῖον
2606 4619 2699 4677 οὖν
2745 4621 2852 4692 ἄρα
2882 4622 2942 4674 τὸ
2988 4623 3372 4694 κατηγόρημα,
3416 4622 3477 4676 τὸ
3524 4621 3591 4673 ὲκ
3637 4619 3805 4688 φυλῆς

2248 4714 2518 4786 Ἐφραίμ,
2550 4716 2583 4785 ἢ
2623 4717 2774 4768 ποῖον
2807 4715 3076 4768 ἀντίδικον
3117 4714 3179 4767 τὸ
3221 4715 3364 4768 θεῖον
3396 4715 3527 4784 ἡμῖν
3591 4727 3805 4782 χρησμ-

2230 4806 2424 4876 ῴδημά
2455 4823 2609 4876 φησι,
2638 4806 2696 4859 ὃν
2725 4805 3213 4858 κατεδυνάστευσεν
3233 4806 3260 4857 ὁ
3304 4802 3564 4875 Ἐφραῒμ,
3585 4801 3806 4855 διειπεῖν

2231 4897 2306 4960 ὡς
2333 4896 2411 4950 ἔνι
2442 4897 2792 4968 πειράσομαι.
2826 4896 2889 4948 Οί
2921 4895 3016 4965 μὲν
3057 4896 3163 4967 γὰρ
3192 4898 3255 4949 ὲκ
3284 4896 3457 4966 φυλῆς
3503 4895 3676 4950 Ἰούδα
3719 4892 3808 4946 καὶ

2233 4989 2512 5058 Βενιαμὶν,
2545 4987 2677 5041 αίδώ
2705 5003 2827 5040 τινα
2856 4987 2949 5040 καὶ
2983 4987 3140 5054 λόγον
3182 4987 3262 5040 ἔτι
3302 4987 3409 5042 τῶν
3431 4988 3518 5041 διά
3566 4986 3809 5047 Μωσέως

2237 5078 2520 5134 ἐποιοῦντο
2572 5078 2789 5147 νόμων,
2845 5077 3167 5147 ἐπετήδευον
3208 5094 3267 5130 τε
3310 5077 3409 5146 τὴν
3439 5076 3805 5144 δικαιοσύνην.

2234 5168 2310 5220 Οὐ
2349 5168 2455 5238 γὰρ
2493 5166 2693 5226 πάντες
2717 5165 3122 5230 ὲκκεκλίκασιν,
3159 5165 3274 5218 ἀλλ’
3307 5161 3446 5236 ἦσαν
3487 5167 3588 5218 οὑκ
3622 5163 3810 5234 εὐαρί-

2234 5259 2429 5329 θμητοι
2479 5257 2756 5320 κλαίοντές
2783 5273 2841 5311 τε
2874 5257 2967 5310 καὶ
2999 5256 3381 5327 ὀλοφυρόμενοι
3411 5256 3507 5326 τὴν
3529 5255 3640 5309 τῶν
3675 5255 3810 5307 πλα-

2235 5349 2492 5418 νωμένων
2520 5349 2850 5414 ἀπόστασιν,
2877 5348 2973 5402 καὶ
2993 5347 3434 5418 δυσχεραίνοντες
3462 5347 3522 5401 οὐ
3547 5346 3808 5418 μετρίως,

2237 5437 2359 5488 ὲπεί
2381 5454 2462 5494 τοι
2491 5437 2581 5491 τὸν
2608 5438 2717 5489 τῶν
2753 5437 2889 5490 ὅλων
2911 5435 3265 5505 ἀτιμάζοντες
3293 5437 3582 5504 Θεὸν,τοὺς
3612 5439 3710 5507 τῆς
3735 5437 3814 5488 εί-

2233 5524 2591 5596 δωλολατρίας
2631 5527 2774 5591 τινὲς
2807 5527 3132 5597 ἐπετήδευον
3159 5527 3414 5597 τρόπους.
3447 5527 3558 5579 Καὶ
3606 5526 3740 5594 γοῦν
3783 5526 3815 5578 ὁ

2241 5619 2507 5688 μακάριός
2559 5637 2690 5688 φησι
2749 5619 3032 5689 προφήτης
3073 5618 3363 5690 Ἰεζεχιήλ·
3394 5617 3812 5672 ’Λπεστέλλοντο

1695 5759 1735 5788 ³⁵
1776 5755 1875 5809 lcr.
1907 5769 2000 5818 ιιι,
2035 5753 2116 5818 Π,
2152 5753 2229 5805 I8.
