4098 6276
350 399 460 457 153

1269 396 1814 455 COMMENTARIUS
1852 397 1916 452 IN
1956 397 2192 456 OSEAM
2232 401 2686 458 PROPHETAM.

3499 403 3600 460 {51

267 587 269 590 ς
355 519 459 589 μέν
489 531 634 579 τινες
668 517 804 568 κατά
836 510 933 584 τῆς
975 514 1348 585 Ἰερουσαλὴμ,
1396 516 1645 580 πελέκεις
1675 517 1926 588 ἠρμένοι,

2036 521 2166 584 bus;
2201 523 2415 577 audisse
2446 531 2622 575 autem
2661 521 2830 576 Deum
2858 523 3006 577 clare
3039 521 3332 585 dicentem,
3377 523 3600 590 praecin-

355 607 555 677 ἧκουόν
578 621 637 657 τε
668 603 855 672 σαφῶς
887 602 1025 656 Θεοῦ
1070 603 1338 672 λέγοντος,
1370 605 1598 659 ἕπεσθαι
1632 608 1729 675 μὲν
1767 606 1921 678 δεί[ν]

357 698 436 768 τῷ
460 697 547 749 τὸν
570 695 776 766 ποδήρη
799 693 1162 765 διεζωσμένῳ,
1185 694 1525 763 φείδεσθαιδὲ
1541 697 1814 766 μηδενός.ι
1839 693 1927 751 Εἷ-

355 790 443 843 δον
471 787 598 858 γάρ,
641 786 793 856 φησι,
835 786 928 839 καί
970 785 1079 839 ἰδοὺ
1120 785 1178 852 ἓξ
1205 785 1394 857 ἄνδρες
1437 788 1665 857 ἦρχοντο
1697 788 1784 841 διὰ
1822 791 1922 856 τῆς

359 878 534 948 πύλης
555 878 653 946 τῆς
682 876 986 946 βλεπούοης
1013 876 1149 947 πρὸς
1166 877 1388 949 βορρᾶν,
1412 879 1506 931 καὶ¹
1526 878 1740 949 ἑκάστῳ
1761 879 1929 943 πέλυξ

355 969 413 1021 ὲν
466 970 532 1039 τῇ
579 968 723 1038 χειρὶ
755 967 944 1032 αὑτοῦ,
994 968 1088 1020 καὶ
1133 963 1254 1020 εἷπε
1309 968 1389 1036 τῷ
1433 969 1609 1039 ἀνδρὶ,
1664 969 1816 1040 φησι,
1851 970 1929 1041 τῷ

356 1059 651 1130 ὲζωσμένῳ
677 1059 766 1112 τὸν
819 1059 1028 1130 ποδήρη
1051 1074 1064 1088 ·
1097 1058 1280 1112 Δίελθε
1313 1059 1486 1130 μέσην
1525 1059 1626 1130 τὴν
1659 1060 1929 1131 Ἰερουσαιο

355 1148 490 1218 λὴμ,
520 1149 613 1201 καὶ
634 1148 722 1211 δὸς
742 1147 803 1200 τὸ
835 1151 1062 1218 σημεῖον
1103 1149 1197 1202 ἐπὶ
1221 1148 1290 1202 τὰ
1320 1149 1547 1218 μέτωπα
1579 1149 1688 1203 τῶν
1721 1150 1930 1221 ἀνδρῶν

355 1239 883 1305 καταστεναζόντων,
941 1241 1034 1293 καὶ
1089 1241 1550 1311 κατοδυνωμένων
1594 1243 1687 1295 ἐπὶ
1729 1243 1930 1306 πάσαις

354 1334 476 1394 ταῖς
509 1330 740 1393 ἀδικίαις
785 1333 906 1393 ταῖς
943 1333 1255 1402 γινομέναις
1307 1334 1366 1386 ὲν
1416 1334 1566 1404 μέσῳ
1597 1335 1788 1406 αὐτῆς.
1821 1336 1931 1388 Καὶ

353 1423 564 1486 τούτοις
589 1420 741 1475 εἶπεν
765 1422 1056 1486 ἀκούοντός
1102 1440 1229 1493 μουο
1266 1425 1568 1495 Πορεύεσθε
1597 1427 1678 1488 είς
1704 1427 1805 1496 τὴν
1836 1427 1932 1479 πό-

354 1512 440 1566 λιν
472 1514 644 1566 ὀπίσω
675 1514 860 1578 αὐτοῦ,
885 1515 980 1567 καὶ
1010 1514 1262 1581 κόπτετε,
1295 1516 1390 1569 καὶ
1422 1517 1495 1586 μὴ
1523 1517 1770 1584 φείδεσθε
1793 1532 1807 1545 ⁸
1837 1517 1932 1570 καὶ

357 1604 753 1676 πρεσϐύτερον,
809 1605 904 1658 καὶ
949 1605 1270 1670 νεανίσκον,
1307 1609 1493 1678 νήπια,
1540 1609 1632 1661 καὶ
1668 1610 1932 1676 γυναῖκας

356 1697 716 1749 ἀποκτείνατε
771 1697 852 1760 εἰς
893 1696 1186 1766 ὲξάλειψιν.
1240 1699 1361 1752 Ἐπὶ
1393 1699 1450 1752 δὲ
1490 1700 1699 1763 πάντας
1727 1700 1928 1768 ἐφ’,οὖς

359 1787 480 1839 ἐστι
527 1786 587 1839 τὸ
639 1788 864 1856 σημεῖον
917 1787 991 1856 μὴ
1021 1787 1296 1858 ὲγγίσητε.
1337 1807 1356 1841 ι
1403 1790 1643 1853 Ἀκούεις
1676 1791 1758 1843 ὅτι
1799 1808 1933 1844 κατ-

358 1873 719 1944 εσημαίνοντὸ
746 1890 889 1938 τινες
914 1875 990 1936 ὡς
1017 1873 1121 1939 ἔξω
1142 1875 1314 1944 δίκης,
1340 1877 1433 1930 καὶ
1454 1875 1644 1946 θυμοῦ,
1667 1877 1762 1932 καὶ
1789 1878 1939 1932 ἀπά-

363 1982 466 2032 σης
506 1964 657 2028 ὄντες
699 1966 897 2048 αἰτίας,
929 1966 1015 2021 διά
1038 1984 1122 2022 τοι
1148 1967 1210 2022 τὸ
1242 1967 1458 2021 ἑλέσθαι
1484 1972 1700 2039 φρονεῖν
1727 1971 1934 2041 ὀρθῶς,

361 2057 457 2110 καὶ
490 2057 598 2128 μὴν
638 2058 730 2111 καὶ
764 2057 914 2128 βιοῦν
955 2059 1198 2130 ἐννόμως
1218 2101 1233 2124 ,
1266 2060 1360 2115 καὶ
1395 2059 1746 2132 δικαιοσύνης
1773 2063 1938 2115 ἄπτε-

365 2146 491 2198 σθαι
512 2185 528 2210 ,
557 2145 653 2199 καὶ⁵
682 2147 782 2215 τῆς
817 2147 897 2209 εἰς
933 2147 1066 2200 Θεὸν
1088 2149 1311 2219 ἀγάπης
1337 2150 1756 2220 ἀνεπιπλήκτως
1785 2153 1935 2222 ὲρᾷν.

373 2239 462 2288 Ἐν
479 2237 536 2289 δέ
552 2253 615 2305 γε
635 2239 698 2306 τῇ
723 2237 1005 2309 Σαμαρείᾳ
1028 2239 1334 2310 ὁλοτρόπως
1350 2240 1634 2305 ἐξώκειλεν
1651 2243 1678 2293 6
1702 2241 1937 2314 Ἰσραὴλ,

359 2328 494 2392 οὐδ’,
525 2329 648 2380 ὅσον
673 2329 868 2395 εἰπεῖν,
898 2328 1003 2382 κᾶν
1025 2329 1153 2397 γοῦν
1183 2331 1402 2401 μνήμης
1419 2333 1560 2401 τάχα
1585 2348 1686 2385 που
1712 2333 1779 2386 τά
1803 2334 1938 2387 Μω-

359 2420 497 2481 σέως
524 2417 724 2484 ἀξιῶν,
753 2420 1063 2490 μαχομένην
1087 2421 1142 2474 δὲ
1171 2421 1362 2493 ὥσπερ
1397 2422 1494 2476 καὶ
1531 2425 1611 2486 είς
1657 2423 1804 2477 ἅπαν
1841 2425 1940 2477 αὑ-

357 2512 470 2572 τοῖς
497 2510 954 2580 ἀντιτεταγμένην
978 2511 1268 2582 ἐπετήδευε
1294 2511 1462 2584 ζωὴν,
1515 2514 1592 2577 ὼς
1621 2514 1716 2568 καὶ
1741 2514 1938 2587 ἐχθρὸν

359 2601 608 2670 ἡγεῖσθαι
642 2600 734 2654 τὸν
780 2601 874 2654 τοῦ
929 2600 1064 2654 Θεοῦ
1103 2602 1263 2671 νόμον
1289 2619 1302 2632 ·
1333 2603 1456 2656 ὅσον
1488 2604 1611 2673 ἦκει
1638 2605 1841 2671 εἰπεῖν,
1864 2604 1940 2667 ὡς

363 2691 500 2761 μηδὲ
525 2690 722 2745 εἰδέναι
748 2691 921 2745 θέλειν
949 2693 1132 2757 αὐτὸν,
1157 2693 1445 2762 ἀτιμάζειν
1469 2693 1526 2747 δὲ
1551 2694 1644 2748 τὸν
1664 2695 1940 2765 παιδαγω-

360 2781 480 2849 γὺν,
511 2779 688 2834 καίτοι
735 2779 926 2844 σώζειν
971 2783 1166 2845 εἰδότα,
1191 2783 1307 2835 καὶ⁴
1333 2782 1690 2854 ἀποκομίζειν
1709 2778 1768 2839 εὗ
1797 2785 1940 2855 μάλα

360 2872 658 2942 δυνάμενον
714 2873 796 2936 είς
837 2872 966 2942 εύθῆ
1017 2891 1075 2925 τε
1133 2873 1226 2927 καὶ
1272 2874 1702 2934 ἀκατάσκωπτον
1771 2877 1935 2948 ζωήν.

365 2965 541 3020 Τοῦτο
595 2964 798 3026 τοίνυν,
851 2965 926 3026 ὡς
961 2964 1154 3027 ἔοικεν,
1194 2965 1222 3016 6
1267 2965 1606 3036 προφητικδς
1647 2966 1940 3020 αἰνίττεται

357 3055 534 3123 λόγος.
569 3053 869 3122 Πεποίηται
900 3052 957 3105 δὲ
1013 3053 1128 3120 μετ’
1153 3053 1347 3124 ἤθους,
1387 3055 1463 3117 ὡς
1512 3055 1666 3124 ἔφην.
1699 3073 1720 3107 ι
1759 3057 1937 3109 Κατε-

362 3143 686 3197 δυνάστευσε
747 3143 887 3211 γὰρ,
935 3142 1131 3211 φησὶν,
1178 3144 1206 3196 ὀ
1246 3143 1484 3214 Ἐφραῒμ
1530 3144 1621 3197 τὸν
1670 3145 1936 3200 ἀντίδικον

363 3235 548 3301 αὐτοῦ,
584 3253 603 3285 ι
645 3233 764 3287 ἀντὶ
791 3232 906 3294 τοῦ,
932 3231 1106 3301 Νίκην
1134 3233 1537 3304 ἑκτοπωτάτην,
1582 3236 1676 3288 καὶ
1708 3235 1929 3307 ὀλέθρου

367 3325 622 3394 πρόξενον
645 3323 927 3393 νενίκηκεν
963 3324 990 3375 6
1033 3322 1274 3392 Ἐφραῒμ
1293 3362 1308 3387 ,
1340 3325 1832 3378 κατεδυνάστευσεν
1860 3327 1938 3390 ὡς

370 3417 501 3467 ἴδιον
557 3414 778 3484 ἐχθρὸν,
815 3413 1093 3478 τουτέστι,
1137 3413 1390 3480 νενίκηκε
1455 3415 1687 3482 γενικῶς
1742 3417 1801 3469 δν
1840 3434 1939 3487 με-

376 3501 573 3571 μίσηκε
596 3501 772 3570 νόμον.
803 3501 1017 3572 Ἐπειδὴ
1046 3501 1103 3554 δέ
1135 3503 1281 3555 ἐστιν
1299 3502 1542 3574 ἀμυδρδς
1564 3505 1592 3556 6
1625 3503 1801 3573 λόγος,
1831 3506 1942 3559 ἐτέ-

376 3608 484 3662 ρως
506 3589 632 3644 αὐτὸ
663 3591 947 3663 διατρανοῖ,
980 3592 1154 3660 λέγων
1175 3611 1186 3623 ·
1225 3611 1243 3645 ι
1269 3595 1633 3666 Κατεπάτησε
1689 3599 1883 3666 κρῖμα,
1914 3617 1932 3647 ι

369 3679 658 3742 τουτέστιν,
691 3681 750 3733 οὐ
790 3681 1152 3751 πεφρόντικεν
1180 3680 1316 3744 ὅλως
1346 3681 1446 3751 τῆς
1476 3683 1533 3734 ὲν
1563 3683 1712 3753 νόμω
1744 3683 1940 3737 δικαιο-

369 3770 550 3839 σύνης.
608 3770 716 3823 Ἀεὶ
743 3771 851 3840 γάρ
892 3789 1010 3833 πως
1037 3770 1098 3823 τὸ
1127 3771 1628 3842 καταπατούμενον,
1656 3774 1714 3825 ὲν
1745 3773 1940 3843 ἀτιμίᾳ

361 3864 580 3928 νοεῖται,
621 3863 714 3915 καὶ
752 3860 962 3923 οὐδενὸς
1007 3861 1151 3924 ἄξιον
1182 3863 1575 3932 καταφωρᾶται
1611 3862 1793 3929 λόγου.
1830 3863 1939 3914 Καὶ

359 3951 489 4022 γοῦν
530 3953 558 4004 ὀ
592 3951 792 4020 Κύριος
850 3951 1004 4020 ἡμῶν
1045 3951 1254 4021 Ἰησοῦς
1302 3952 1556 4022 Χριστὸς,
1615 3969 1632 4002 ι
1671 3951 1850 4005 Καλὸν
1878 3953 1939 4005 τὸ

358 4044 518 4104 ἃλας,
577 4041 773 4111 φησίν·
815 4043 907 4093 ἐὰν
940 4041 998 4092 δὲ
1034 4041 1094 4093 τὸ
1131 4042 1263 4105 ἆλας
1308 4041 1582 4112 μωρανθῇ,
1605 4043 1662 4094 ἐν
1685 4042 1790 4112 τίνι
1823 4042 1939 4095 άλι-

365 4133 660 4201 σθήσεται;
693 4131 784 4192 Εἰς
815 4130 966 4184 οὐδὲν
991 4130 1278 4199 ἰσχύειέτι,
1299 4133 1347 4183 εἰ
1381 4132 1452 4200 μὴ
1475 4131 1782 4202 [βε]6ληθὲν
1811 4133 1935 4198 ἔξω,

369 4219 809 4274 καταπατεῖσθαι
855 4217 958 4270 ὑπὸ
999 4217 1104 4270 τῶν
1157 4217 1480 4286 ἀνθρώπων.
1520 4239 1538 4270 ι
1570 4221 1738 4273 Ὅταν
1763 4221 1938 4275 τοίνυν

364 4313 539 4384 κρῖμα
573 4309 727 4381 λέγῃ,
753 4309 965 4378 νοήσεις
990 4309 1079 4361 τὸν
1102 4310 1282 4378 νόμον.
1305 4309 1459 4363 Οὕτω
1486 4312 1578 4363 καὶ
1597 4313 1624 4364 6
1658 4310 1939 4375 θεσπέσιος

362 4401 529 4456 Δαϐὶδ
551 4399 832 4469 ὀνομάζων
865 4397 1046 4462 αὑτὸν,
1081 4399 1354 4465 ἀναφωνεί
1381 4400 1515 4470 πρὸς
1545 4400 1678 4453 Θεόν
1697 4418 1710 4432 ·
1747 4419 1766 4451 α
1804 4403 1937 4472 Κρῖ-

2027 621 2171 666 ctum
2202 612 2253 665 in
2297 621 2444 667 veste
2475 612 2625 666 talari
2667 619 3042 681 sequerentur,
3077 621 3464 680 parcerentque
3509 627 3599 666 ne-

2029 703 2182 756 mini.
2218 703 2391 771 lnquit
2439 703 2626 758 enim:
2666 721 2685 754 ι
2719 703 2860 769 Vidi,
2889 713 2943 760 et
2981 719 3108 760 ecce
3139 720 3230 758 sex
3273 704 3376 757 viri
3416 704 3600 757 venie-

2032 795 2158 848 bant
2184 808 2278 863 per
2300 802 2510 862 portam
2539 793 2909 861 respicientem
2947 795 3012 848 ad
3045 795 3443 863 aquilonem,et
3479 793 3601 846 uni—

2030 888 2224 953 cuique
2259 884 2473 939 securis
2516 885 2568 937 in
2617 899 2776 938 manu
2817 899 2932 938 sua.
2978 885 3041 938 Et
3071 885 3204 939 dixit
3256 886 3372 940 viro
3412 885 3604 938 vestito

2029 973 2230 1028 vestitu
2263 973 2457 1027 talari:
2496 971 2691 1027 Transi
2723 987 2818 1042 per
2845 973 3076 1026 mediam
3103 973 3424 1037 Jerusalem,
3459 982 3513 1027 et
3537 973 3602 1026 da

2029 1063 2244 1131 signum
2277 1076 2442 1130 super
2474 1060 2681 1116 frontes
2713 1062 2948 1115 virorum
2979 1061 3310 1130 gementium
3333 1073 3388 1116 et
3417 1063 3606 1116 dolen-

2033 1154 2162 1207 tium
2187 1166 2349 1222 super
2377 1153 2592 1207 cunctis
2618 1150 2988 1220 iniquitatibus
3017 1165 3135 1219 quae
3169 1150 3304 1203 fiunt
3344 1151 3396 1204 in
3429 1151 3606 1205 medio

2029 1259 2239 1300 eorum.
2273 1244 2342 1300 Et
2365 1243 2503 1298 dixit
2532 1243 2659 1308 illis,
2689 1243 2938 1297 audiente
2975 1254 3101 1295 me:
3139 1239 3215 1295 [te
3241 1239 3295 1294 in
3334 1241 3606 1295 civitatem

2031 1346 2152 1409 post
2197 1353 2342 1401 eum,
2369 1344 2424 1392 et
2461 1337 2747 1405 percutite,
2779 1343 2956 1391 etnon
3006 1332 3265 1403 parcatis,
3296 1341 3352 1386 et
3395 1345 3606 1393 senem,

2031 1437 2087 1482 et
2123 1427 2395 1494 juvenem,
2433 1437 2488 1482 et
2532 1425 2788 1491 infantes,
2819 1433 2874 1479 et
2918 1424 3172 1478 mulieres
3217 1421 3506 1477 interficite
3541 1422 3608 1474 ad

2033 1519 2390 1584 deletionem;
2437 1533 2602 1586 super
2649 1531 2839 1571 omnes
2882 1525 3084 1578 autem,
3133 1528 3298 1582 super
3343 1527 3478 1581 quos
3526 1521 3611 1565 est

2031 1610 2266 1677 signum,
2295 1623 2362 1662 ne
2383 1606 2822 1676 apprOpinquetis
2854 1605 2920 1657 ⁸⁸.
2961 1623 2979 1655 ι
3020 1604 3192 1657 Audis
3220 1605 3458 1672 signatos
3488 1616 3611 1656 esse

2033 1700 2314 1770 quosdam,
2337 1705 2394 1750 ut
2423 1696 2491 1750 ab
2523 1695 2748 1758 ultione,
2781 1702 2836 1748 et
2871 1693 2971 1756 ira,
2997 1703 3052 1746 et
3079 1707 3109 1746 a
3134 1691 3290 1760 culpa
3317 1691 3609 1751 immunes,
3645 1712 3647 1716 ·

2034 1789 2158 1858 quia
2203 1787 2450 1843 videlicet
2496 1795 2642 1840 recte
2695 1779 2906 1852 sapere,
2949 1793 3111 1850 atque
3162 1780 3325 1835 etiam
3364 1794 3430 1833 ex
3478 1779 3609 1846 legi-

1964 1847 2010 1907 B
2037 1847 2140 1935 lius
2181 1879 2378 1942 vivere,
2405 1885 2460 1932 et
2508 1847 2772 1945 justitiam
2807 1847 3139 1942 colere,”
3179 1879 3233 1923 et
3269 1869 3611 1924 dilectionem

2034 1985 2161 2040 erga
2209 1969 2374 2024 Deum
2417 1968 2684 2023 sinceram
2731 1965 2936 2019 habere
2975 1962 3274 2017 voluerunt.
3325 1959 3380 2014 In
3417 1959 3610 2014 Sama-

2037 2062 2116 2115 ria
2147 2075 2278 2116 vero
2304 2057 2632 2113 omnimodis
2667 2057 2724 2110 in
2747 2054 3008 2110 oﬂ'ensam
3036 2052 3262 2106 incurrit
3288 2049 3471 2112 Israel,
3500 2048 3611 2102 for-

2039 2151 2196 2205 tassis
2239 2162 2338 2204 nec
2366 2148 2616 2218 dignatus
2656 2141 2962 2200 meminisse
2995 2140 3246 2200 Mosaica,
3273 2137 3419 2191 velut
3453 2150 3611 2202 repu-
3689 2126 3698 2133 ’

2037 2251 2317 2311 εηοηιεω,
2337 2249 2393 2296 et
2424 2240 2674 2294 universe
2693 2237 2799 2291 illis
2847 2236 3228 2290 adversantem
3283 2239 3614 2298 persequens

2039 2334 2226 2398 vitam,
2259 2341 2315 2386 ut
2353 2332 2534 2387 etiam
2569 2330 2660 2384 Dei
2717 2329 2890 2399 legem
2924 2325 3197 2380 inimicam
3243 2321 3608 2376 arbitraretur

2039 2423 2455 2492 quodammodo,
2493 2430 2548 2477 et
2575 2435 2696 2476 eam
2743 2433 2842 2474 nec
2890 2431 3050 2472 nosse
3078 2415 3261 2480 vellet,
3299 2419 3612 2482 sperneret-

2037 2528 2142 2582 que
2178 2514 2554 2582 prcdagogum,
2588 2510 2838 2581 quamvis
2892 2521 3146 2570 servare,
3182 2513 3238 2560 et
3290 2504 3358 2558 ad
3403 2509 3607 2557 rectam

2038 2600 2279 2672 nullique
2295 2601 2574 2656 calumniae
2603 2598 2887 2655 obnoxiam
2918 2596 3082 2650 vitam
3109 2594 3311 2664 optime
3341 2593 3614 2647 adducere

2038 2700 2244 2762 posset.
2279 2693 2393 2747 Hoc
2424 2691 2608 2759 igitur,
2634 2700 2694 2746 ut
2723 2691 2956 2755 videtur,
2978 2685 3288 2758 prophetica
3321 2685 3489 2738 verba
3529 2681 3615 2735 in-

2039 2783 2274 2839 sinuant.
2307 2781 2516 2836 Habent
2542 2791 2721 2836 autem
2754 2781 3118 2843 festivitatem,
3149 2792 3242 2833 seu
3269 2776 3522 2842 ironiam,
3556 2783 3614 2829 ut

2039 2875 2173 2929 dixi.
2233 2875 2325 2928 Ait
2365 2873 2875 2944 enim,c0ppressit
2928 2871 3183 2941 Ephraim
3235 2867 3612 2922 adversarium

2039 2979 2221 3027 suum,
2257 2982 2275 3015 ι
2313 2978 2429 3032 pro,
2465 2962 2687 3015 victoria
2745 2959 3078 3029 turpissima,
3106 2964 3162 3011 et
3206 2954 3430 3010 exitiosa
3484 2951 3616 3005 vicit

2038 3055 2317 3125 Ephraim.
2367 3052 2644 3125 Oppressit
2683 3061 2742 3112 ut
2774 3052 2983 3106 hostem
3022 3062 3202 3114 suum,
3229 3046 3331 3100 hoc
3365 3042 3617 3108 esl,vicit

2041 3161 2298 3217 generose
2332 3145 2500 3215 legem
2531 3159 2689 3213 quam
2720 3144 2927 3196 oderat.
2974 3140 3107 3206 Quia
3149 3151 3278 3192 vero
3307 3137 3481 3191 oratio
3537 3145 3616 3190 te-

2040 3236 2180 3288 ctior
2210 3243 2316 3298 est,
2352 3235 2505 3288 aliter
2539 3233 2709 3301 ipsam
2738 3231 2994 3294 declarat,
3019 3231 3206 3283 dicens
3233 3245 3246 3281 :
3283 3246 3300 3276 ι
3323 3222 3615 3280 Couculca-

2038 3327 2115 3379 vit
2136 3325 2420 3394 judicium,
2454 3343 2472 3375 ι
2512 3324 2613 3378 hoc
2642 3332 2747 3388 est,
2802 3321 3067 3388 justitiam
3095 3319 3209 3387 lege
3238 3314 3609 3385 praescriptam

2039 3417 2188 3470 nullo
2219 3417 2377 3470 modo
2408 3415 2648 3480 curavit;
2673 3426 2886 3482 semper
2917 3411 3062 3464 enim
3093 3409 3234 3478 quod
3265 3405 3614 3462 conculcatur

2039 3505 2364 3577 despicabile
2414 3506 2776 3576 cognoscitur,
2808 3503 3066 3570 nullaque
3112 3499 3470 3555 aestimatione
3525 3495 3609 3550 di-

2039 3612 2200 3666 gnum
2243 3595 2684 3665 deprehenditur.
2716 3592 2897 3659 Quare
2940 3591 3198 3644 Dominus
3245 3596 3430 3641 noster
3459 3583 3615 3639 Jesus

2037 3685 2305 3749 Christus,
2325 3703 2343 3734 ι
2375 3683 2574 3736 Bonum
2594 3682 2786 3745 estsal,
2808 3699 2826 3733 ι
2851 3680 3021 3747 inquit
3046 3697 3061 3745 ;
3096 3697 3114 3727 ι
3140 3677 3182 3730 si
3206 3684 3384 3728 autem
3398 3673 3616 3728 saleva-

2041 3775 2239 3838 nuerit,
2267 3773 2320 3825 in
2352 3785 2460 3839 quo
2489 3769 2752 3824 salictur?
2782 3768 2860 3821 Ad
2885 3767 3108 3820 nihilum
3143 3764 3287 3816 valet
3318 3762 3479 3826 ultra,
3507 3761 3613 3816 nisi

2040 3871 2100 3917 ut
2123 3864 2369 3916 mittatur
2393 3859 2560 3926 foras,
2586 3869 2640 3915 et
2671 3859 3019 3915 conculcetur
3041 3858 3109 3910 ab
3135 3855 3446 3910 hominibus
3474 3854 3546 3905 ".
3585 3868 3609 3904 ›

2041 3956 2207 4023 Igitur
2237 3967 2334 4022 per
2357 3953 2616 4023 judicium
2670 3949 2906 4020 intellige
2949 3949 3139 4017 legem.
3173 3945 3250 4001 Ita
3311 3956 3366 4001 et
3399 3946 3615 4000 divinus

2041 4043 2230 4109 David,
2267 4056 2384 4095 eam
2415 4041 2721 4104 nominans,
2750 4039 2915 4094 Deum
2945 4033 3178 4092 ailatur:
3215 4052 3234 4087 ι
3269 4035 3536 4090 .ludicium
3562 4040 3617 4087 et

2033 4134 2296 4205 justitiam
2323 4134 2374 4186 in
2395 4132 2560 4186 Jacob
2612 4141 2666 4184 tu
2693 4131 2867 4184 fecisti
2891 4129 3032 4180 “"9.
3059 4146 3079 4177 ι
3102 4127 3194 4179 Dei
3217 4127 3359 4178 enim
3391 4133 3474 4179 est
3505 4125 3614 4189 lex,

2039 4225 2235 4279 dictata
2259 4237 2354 4292 per
2374 4220 2608 4287 angelos.
2638 4218 2837 4272 Verum
2857 4217 3131 4270 enimvero
3152 4229 3270 4284 qum
3299 4227 3460 4269 causa
3491 4212 3605 4267 fue-

2041 4317 2133 4380 rit,
2171 4317 2340 4382 legem
2393 4328 2490 4381 pro
2540 4312 2692 4366 hoste
2721 4309 2972 4376 ducendi,
3005 4317 3060 4362 et
3088 4306 3348 4377 judicium
3385 4304 3612 4360 concul-

2040 4404 2224 4467 candi,
2263 4418 2385 4458 mox
2417 4402 2671 4468 deinceps
2702 4398 2936 4453 ostendit
2959 4398 3043 4452 his
3071 4397 3270 4460 verbis,
3302 4413 3320 4444 ι
3351 4396 3474 4462 quia
3498 4409 3613 4448 cm-

363 4511 441 4562 μα
485 4493 578 4545 καὶ
616 4489 962 4560 δικαιοσύνην
997 4492 1054 4542 ὲν
1089 4491 1283 4543 Ἰακὼϐ
1321 4491 1386 4544 σὺ
1434 4492 1714 4560 ἐποίησας.
1755 4510 1773 4542 ι
1801 4492 1935 4544 Θεοῦ

2042 4497 2122 4564 pit
2155 4494 2306 4548 abire
2339 4502 2458 4562 post
2485 4505 2646 4544 vana.
2671 4508 2689 4540 ι
2727 4489 3058 4557 Principium
3112 4487 3268 4553 hujus
3311 4484 3507 4549 morbi,
3533 4485 3613 4538 iu—

362 4586 471 4654 γὰρ
504 4585 531 4636 6
563 4584 743 4653 νόμος,
768 4582 859 4635 καὶ
887 4583 935 4633 εί
979 4580 1220 4634 λαλεῖται
1259 4582 1327 4634 δι’
1358 4582 1624 4650 ἀγγέλων.
1671 4582 1831 4636 Ἀλλὰ
1857 4584 1940 4646 τίς

363 4677 397 4745 ἡ
426 4673 691 4742 πρόφασις
733 4673 848 4737 τοῦ,
883 4673 976 4724 καὶ
1015 4671 1205 4740 ἐχθρὸν
1257 4672 1559 4742 ἡγήσασθαι
1603 4672 1695 4725 τὸν
1735 4673 1898 4740 νόμον
1921 4710 1936 4736 ,

364 4763 462 4815 καὶ
495 4762 875 4831 καταπατῆσαι
905 4763 964 4814 τὸ
995 4764 1188 4832 κρῖμα,
1217 4762 1497 4830 παρέδειξε
1547 4763 1728 4825 πάλιν,
1777 4762 1956 4824 εὐθὺς

363 4850 553 4916 εἰπὼν,
577 4853 728 4905 ι”Οτι
753 4851 952 4922 ἤρξατο
982 4852 1306 4921 πορεύεσθαι
1323 4852 1495 4904 ὀπίσω
1506 4852 1612 4906 τῶν
1636 4853 1932 4922 ματαίων.»

376 4941 544 5012 Ἀρχὴ
570 4941 670 5008 τῆς
698 4941 905 4994 τοιᾶσδε
930 4941 1108 5000 νόσου,
1139 4943 1293 5008 φησι,
1344 4942 1405 4993 τὸ
1435 4944 1599 5012 τιμᾷν
1625 4941 1843 4994 ἑλέσθαι
1871 4940 1940 4993 τὰ

366 5033 593 5103 μάταια,
624 5032 719 5083 καὶ
750 5032 1165 5085 κατακολουθεῖν
1201 5031 1458 5095 εἰδώλοις.
1505 5033 1809 5102 Ἀμήχανον
1837 5032 1944 5101 γὰρ

363 5126 423 5176 ἐν
455 5121 638 5192 ταυτῷ
663 5121 899 5191 καὶκθεῷ
927 5123 1184 5176 δύνασθαι
1246 5123 1684 5187 κατακολουθεῖν,
1715 5123 1943 5184 καὶτοῖς

362 5216 644 5282 πονηροῖς,
685 5213 779 5266 καὶ
823 5213 1147 5282 ἀκαθάρτοις
1207 5213 1498 5276 πνεύμασι.
1535 5213 1635 5264 Διὰ
1667 5211 1823 5263 τοῦτο
1849 5211 1942 5264 καὶ

361 5306 392 5358 6
423 5303 706 5365 θεσπέσιος
743 5301 942 5370 γράφει
993 5302 1197 5364 Παῦλος
1219 5319 1231 5332 ’
1276 5320 1294 5353 ‹
1335 5304 1406 5355 06
1437 5301 1662 5354 δύνασθε
1686 5301 1942 5370 ποτήριον

361 5393 458 5446 τοῦ
513 5392 720 5460 Κυρίου
765 5391 960 5454 πίνειν,
1009 5393 1099 5444 καὶ
1148 5394 1404 5462 ποτήριον
1449 5389 1764 5458 δαιμονίων.
1813 5409 1831 5440 ι
1863 5391 1936 5442 Οὐ

362 5481 592 5534 δύνασθε
637 5481 914 5552 τραπέζης
936 5483 1142 5552 Κυρίου
1196 5482 1464 5551 μετέχειν,
1510 5481 1607 5532 καὶ
1659 5480 1937 5548 τραπέζης

366 5571 672 5642 δαιμονίων.
703 5574 1046 5643 Μονότροπος
1079 5575 1184 5644 γὰρ
1210 5574 1237 5623 ὁ
1261 5571 1536 5640 θεοφιλὴς,
1564 5569 1929 5640 ἀλλοπρόσαλ-

447 5752 700 5824 “Ezech.
736 5786 807 5832 ιχ,
843 5769 955 5823 2—0.
1125 5767 1310 5821 Matth.
1350 5783 1402 5831 ν,
1445 5769 1522 5824 ιδ.

1602 5767 1716 5798 δεμ
1754 5766 1892 5821 Γέλα,
1931 5780 2109 5825 ’ίίίΥΗῙυ

2043 4587 2182 4656 quit,
2211 4586 2424 4639 dedisse
2452 4598 2510 4637 se
2531 4583 2688 4637 vanis
2721 4579 3072 4641 honorandis,
3118 4585 3172 4630 et
3217 4583 3458 4630 secutum
3493 4587 3614 4628 esse

2046 4676 2204 4730 idola.
2235 4675 2374 4729 Fieri
2405 4674 2544 4728 enim
2569 4689 2674 4725 nou
2702 4678 2882 4740 p0test
2933 4679 2989 4722 ut
3021 4669 3072 4721 in
3103 4667 3287 4722 eodem
3337 4673 3391 4718 et
3446 4662 3611 4718 Deum

2043 4777 2099 4821 et
2127 4780 2356 4835 nequam
2392 4773 2553 4834 alque
2581 4762 2886 4816 immundos
2917 4761 3140 4828 spiritus
3174 4756 3439 4826 sequaris.
3471 4754 3614 4820 Quo-

2043 4856 2187 4910 circa
2223 4866 2276 4910 et
2323 4855 2535 4908 divinus
2565 4852 2799 4905 Paulus:
2834 4868 2853 4900 ι
2881 4849 2995 4902 Non
3035 4848 3272 4916 potestis,
3312 4845 3500 4912 inquit,
3535 4843 3614 4897 bi-

2045 4948 2171 5002 bere
2202 4946 2422 4999 caliccm
2479 4943 2683 4996 Domini
2726 4951 2781 4994 et
2822 4941 3042 4994 calicem
3085 4937 3466 4990 daunoniorum
3489 4935 3555 4988 ⁸ο.
3590 4953 3609 4984 ι

2051 5037 2289 5089 Moribus
2313 5033 2508 5102 quippe
2530 5031 2815 5085 uniformis
2841 5039 2925 5084 est
2952 5029 3043 5099 qui
3076 5027 3248 5096 diligit
3273 5027 3436 5078 Deum
3462 5042 3476 5088 ;
3507 5039 3614 5076 mu-

2055 5124 2231 5177 tabilis
2279 5131 2478 5186 autem,
2508 5131 2562 5176 et
2616 5120 2901 5180 ﬂuctuans,
2929 5127 2984 5170 et
3013 5126 3243 5183 utroque
3273 5127 3486 5167 versum
3534 5112 3614 5165 ire

2045 5226 2240 5281 gnarus
2275 5215 2582 5275 subversor,
2607 5220 2660 5264 et
2698 5209 2852 5263 facile
2885 5208 3085 5260 vadens
3107 5219 3212 5273 quo
3257 5219 3376 5258 sors
3405 5203 3616 5264 tulerit.

2049 5321 2067 5353 ι
2095 5303 2281 5369 Itaque
2316 5299 2441 5352 facti
2472 5309 2616 5364 sunt,
2652 5298 2852 5365 inquit,
2889 5294 3163 5363 principes
3191 5291 3323 5346 Juda
3355 5302 3412 5344 ut
3437 5301 3614 5344 trans-

2043 5399 2302 5463 ponentes
2359 5390 2636 5443 terminos.
2660 5385 2940 5454 Oppressit
2965 5396 3090 5435 vero
3125 5391 3180 5436 et
3216 5382 3466 5450 Ephraim
3518 5380 3614 5432 ad-

2037 5481 2335 5536 versarium
2365 5489 2610 5541 suum,et
2637 5473 2976 5530 conculcavit
2997 5472 3273 5537 judicium.
3294 5472 3398 5525 Ero
3425 5477 3607 5522 autem

2041 5576 2092 5627 in
2118 5580 2388 5640 posterum
2417 5569 2568 5634 quasi
2595 5564 2939 5621 conturbatio
2966 5561 3310 5630 Ephraim,et
3330 5556 3485 5629 quasi
3516 5554 3612 5609 sti-

2280 5760 2317 5789 i"
2349 5758 2362 5810 l
2391 5758 2508 5812 Cur.
2542 5775 2592 5822 Χ,
2629 5759 2715 5812 '20.
