4098 6276
547 403 659 463 155

1537 399 1595 459 Β.
1638 400 1908 458 CYRlLLl
1948 402 2420 458 ALEXANDRINI
2456 403 2770 459 ARCHIEP.

3692 401 3804 458 156

548 519 728 572 mutus
760 514 919 571 Iuda.
954 533 974 569 ι
1015 515 1187 583 Quod,
1221 498 1350 584 quid
1390 516 1462 571 sit
1521 530 1745 572 necesse
1778 525 1861 572 est
1905 533 2111 570 accura-

2231 519 2320 581 λος
2354 520 2411 572 δὲ
2437 519 2530 572 καὶ
2556 518 2782 571 σεσαλευ
2791 517 2972 587 μένος,
2989 516 3081 570 καὶ
3103 515 3189 570 ἐπ’
3210 516 3378 586 ἄμφω
3398 515 3602 585 βαίνειν
3623 515 3804 581 εἰδὼς,

551 604 660 658 tius
685 604 1017 674 indagemus.
1077 604 1180 657 Alii
1216 603 1381 672 igitur
1413 605 1739 674 interpretes
1769 620 1868 674 pro
1889 623 1908 656 ι
1937 608 2120 659 turba-

554 695 650 756 tio,
678 713 698 745 ι
731 703 986 748 comeslor
1017 695 1386 762 reddiderunt,
1421 704 1476 750 et
1503 711 1600 764 pro
1630 715 1650 747 t
1677 696 1945 758 stimulus,
1970 714 1989 748 ι
2022 711 2116 763 pu-

551 785 719 838 tredo.
747 784 851 853 91
879 785 948 837 At
989 784 1339 854 Septuaginta
1379 785 1732 841 turbationem
1769 794 1823 840 et
1852 786 2119 839 stimulant

552 874 915 928 nominarunt.
935 874 1269 930 Conturbato
1296 875 1440 929 enim
1467 891 1570 929 non
1605 875 1813 930 modice
1840 875 2116 944 Ephraim,

553 965 666 1020 sive
693 967 876 1020 decem
909 966 1151 1021 tribubus
1178 976 1394 1035 propter
1421 966 1617 1022 bellum
1657 967 1850 1036 partim
1886 981 1917 1020 a
1954 966 2119 1020 ﬁniti-

551 1056 656 1110 mis
684 1055 857 1126 Syris,
885 1057 1078 1123 partim
1117 1072 1146 1109 a
1180 1055 1360 1112 Persis
1385 1066 1440 1112 et
1461 1056 1697 1126 Assyriis
1725 1058 2004 1126 ingruens,
2030 1057 2122 1111 do-

553 1149 700 1203 lebat
735 1148 991 1215 graviter,
1028 1162 1130 1201 nec
1163 1162 1352 1215 parum
1393 1147 1718 1203 formidabat
1769 1148 1936 1202 ludas
1963 1165 1978 1212 ;
2009 1151 2122 1203 sive

551 1237 732 1306 potius
759 1237 938 1292 animo
967 1238 1229 1291 mstuabat
1254 1239 1617 1304 vehementer,
1647 1238 1786 1306 quod
1812 1237 2119 1305 propediem

551 1328 721 1396 paria,
741 1337 831 1381 aut
863 1327 1016 1398 longe
1040 1330 1304 1384 deteriora
1330 1329 1469 1384 mala
1496 1329 1547 1383 in
1572 1329 1876 1384 cervicibus
1901 1329 2000 1383 sibi
2036 1328 2120 1383 lu-

553 1427 669 1471 tura
689 1417 970 1471 divinaret.
989 1417 1400 1488 Ingravescente
1422 1419 1565 1473 enim
1596 1418 1759 1484 bello,
1776 1430 1830 1474 et
1862 1419 2121 1474 Samaria:

549 1506 743 1576 oppida
793 1516 1036 1576 urgente,
1071 1523 1291 1563 necesse
1320 1517 1436 1564 erat
1465 1509 1652 1576 utique
1683 1508 1930 1575 ﬁnitima,
1959 1508 2117 1574 Juda,

549 1598 796 1667 inquam,
825 1607 881 1653 et
913 1598 1208 1668 Beniamin,
1232 1599 1614 1668 simul'perire.
1647 1600 2002 1666 Quamobrem
2034 1602 2122 1656 hic

549 1690 789 1745 turbatio
817 1690 944 1744 belli
966 1690 1216 1744 hostilem
1242 1690 1816 1754 adventum,stimulus
1839 1700 2021 1746 autem
2053 1706 2122 1746 ex

2220 609 2249 660 ὁ
2291 607 2606 676 ἀνασφαλὴς
2629 646 2644 670 ,
2682 607 2775 659 καὶ
2804 607 2891 674 ἐφ’
2920 607 3056 676 ὅπερ
3087 605 3154 659 ἀν
3186 602 3340 674 τύχοι
3374 603 3602 673 βαδίζων
3640 602 3806 657 εὐκό-

2220 698 2346 760 λως.
2395 697 2626 762 Οὐκοῦν,
2656 690 2708 747 ἰ
2743 697 3002 764 Γεγόνασι
3039 695 3138 764 μὲν
3181 695 3232 748 οί
3283 694 3544 766 ἄρχοντες
3604 695 3804 758 Ἰούδα,

2221 789 2406 859 φησὶν,
2435 788 2512 852 ὡς
2534 778 2912 858 μετατιθέντες
2940 787 3083 857 ὅρια.
3113 785 3592 839 Κατεδυνάστευσε
3615 785 3672 838 δὲ
3706 787 3805 839 καὶ

2218 879 2249 930 ὁ
2289 877 2530 949 Ἐφραίμ
2572 878 2666 931 τὸν
2708 877 2977 931 ἀντίδικον
3002 877 3190 942 αὑτοῦ,
3239 875 3584 946 κατεπάτησε
3621 876 3679 928 δὲ
3703 877 3803 930 καὶ

2220 970 2428 1038 κρῖμα’
2485 967 2680 1038 ἔσομαι
2709 969 2766 1021 δὲ
2809 967 2994 1022 λοιπὸν
3035 968 3112 1033 ὡς
3155 967 3368 1038 ταραχὴ
3415 966 3495 1036 τῷ
3535 966 3798 1036 Ἐφραῒμ,

2222 1060 2314 1111 καὶ
2332 1059 2407 1122 ὡς
2427 1058 2647 1130 κέντρον
2666 1058 2742 1130 τῷ
2771 1059 2957 1112 Ἰούδα.
2972 1077 2990 1110 ι
3016 1058 3128 1111 Καὶ
3146 1058 3198 1110 τί
3217 1058 3281 1128 δὴ
3303 1056 3459 1111 τοῦτό
3480 1057 3619 1121 ἐστι,
3641 1055 3804 1109 πολυ-

2219 1145 2556 1213 πραγμονεῖν
2582 1145 2900 1212 ἀναγκαῖον.
2928 1146 2991 1197 Οί
3034 1145 3132 1214 μὲν
3171 1140 3268 1198 οὖν
3291 1145 3471 1213 ἕτεροι
3493 1144 3602 1197 τῶν
3633 1145 3804 1215 ἑρμηο

2219 1234 2443 1299 νευτῶν,
2468 1233 2588 1288 ἀντὶ
2619 1235 2714 1288 τοῦ
2759 1253 2779 1288 ι
2819 1236 3051 1307 ταραχὴ,
3085 1253 3104 1286 ι
3126 1236 3414 1306 ,βρωστὴρ
3470 1236 3758 1306 εἰρήκασιν
3783 1253 3799 1266 ·

2219 1325 2340 1379 ἀντι
2363 1325 2420 1378 δὲ
2449 1344 2468 1377 ‹
2495 1325 2587 1379 τοῦ
2623 1327 2867 1397 κέντρου,
2901 1325 3196 1396 »σῆψιςοοί
3223 1327 3279 1380 δέ
3312 1343 3374 1395 γε
3397 1327 3803 1398 Ἐδδομήκοντα

2219 1414 2510 1484 ταραχὴν,
2523 1415 2621 1470 καὶ
2656 1415 2906 1485 κέντρον
2919 1418 3229 1487 ὠνόμασαν.
3251 1417 3661 1488 Θορυδουμένου
3683 1416 3798 1489 γὰρ

2218 1506 2282 1559 οὐ
2305 1505 2537 1576 μετρίως
2571 1505 2668 1560 τοῦ
2696 1505 2952 1578 Ἑφραῒμ,
2978 1508 3097 1578 ἢτοι
3135 1507 3246 1562 τῶν
3277 1507 3412 1561 δέκα
3440 1508 3650 1577 φυλῶν,
3691 1508 3800 1562 ὑπὸ

2219 1595 2313 1649 τοῦ
2350 1597 2803 1668 κατασκήψαντος
2847 1599 3030 1663 αὐτοῖς
3059 1599 3323 1671 πολέμου,
3356 1600 3518 1654 τοῦτο
3559 1601 3659 1672 μὲν
3691 1601 3798 1655 om

2219 1687 2458 1757 γείτονος
2500 1689 2591 1743 τοῦ
2624 1689 2775 1761 παρὰ
2794 1690 3002 1762 Σύρων,
3040 1692 3204 1764 φημὶ,
3243 1691 3404 1746 τοῦτο
3441 1692 3500 1745 δὲ
3556 1693 3663 1746 ὑπὸ
3699 1692 3794 1746 τοῦ

550 1781 772 1836 tristitia
800 1789 858 1836 et
910 1795 1146 1836 maerore
1177 1782 1478 1836 cruciatum
1510 1781 1833 1844 subindicat,
1864 1795 1894 1835 a
1925 1780 2111 1850 quibus

2220 1779 2487 1850 Περσικοῦ
2505 1780 2600 1834 xa‘t
2615 1782 2680 1833 ὲκ
2691 1781 2791 1849 τῆς
2810 1781 2920 1836 τῶν
2948 1781 3247 1854 Ἀσσυρίων
3263 1783 3489 1854 ἥκοντος
3511 1782 3717 1853 χώρας,
3735 1784 3793 1836 έν

549 1872 802 1928 tutissimi
834 1881 994 1927 erunt
1033 1887 1225 1940 sapere
1253 1872 1496 1927 volentes
1548 1887 1668 1940 quae
1697 1869 1900 1926 Christi
1957 1879 2111 1926 sunt:

2222 1872 2436 1936 ὀδύναις
2458 1867 2548 1943 ἦν,
2581 1873 2674 1926 καὶ
2699 1873 2798 1926 οὐκ
2829 1873 2887 1926 ἐν
2919 1872 3208 1946 μέτρ[ί]οις
3242 1874 3495 1944 δείμασιν
3513 1875 3543 1927 δ
3573 1875 3791 1940 Ἰούδας,

549 1977 646 2033 per
696 1977 854 2033 quem
885 1971 941 2018 et
994 1977 1114 2018 cum
1171 1979 1280 2033 quo
1337 1964 1444 2018 Deo
1491 1970 1548 2018 et
1598 1960 1745 2016 Patri
1771 1960 1940 2031 gloria
1989 1975 2111 2017 cum

2222 1962 2422 2032 μᾶλλον
2448 1962 2505 2016 δὲ
2535 1965 2629 2017 καὶ
2660 1964 2718 2016 ὲν
2759 1964 2971 2034 ἀγωνίᾳ
3019 1964 3208 2035 πολλῇ.
3244 1965 3621 2037 Προσεδόκησε
3663 1966 3792 2037 γὰρ,

547 2063 736 2109 sancto
765 2053 970 2125 Spiritu
1002 2053 1054 2108 in
1079 2069 1293 2108 omnem
1319 2055 1700 2109 aeternitatem.
1735 2055 1932 2108 Amen.

2219 2051 2314 2106 καὶ
2337 2051 2437 2104 οὐκ
2468 2052 2549 2114 είς
2571 2051 2810 2124 μακρὰν,
2843 2055 2953 2116 τοῖς
2977 2053 3113 2117 ἴσοις
3133 2054 3314 2124 τυχὸν,
3338 2054 3372 2124 ἦ
3398 2054 3531 2108 πολὺ
3556 2055 3794 2126 χείρονος

545 2146 806 2200 ὲναλῶναι
837 2149 1057 2210 κακοῖς·
1083 2147 1456 2218 ὲπιδρίθοντος
1481 2147 1589 2220 γὰρ
1610 2144 1706 2201 τοῦ
1769 2146 2028 2218 πολέμου,
2053 2146 2148 2200 καὶ
2217 2147 2339 2208 ταῖς
2387 2146 2529 2198 κατά
2557 2145 2655 2216 τὴν
2697 2146 3013 2218 Σαμάρειαν
3060 2147 3285 2201 πόλεσιν
3339 2149 3792 2218 ὲπισκήπτοντος,

545 2243 694 2296 πᾶσά
734 2259 849 2304 πως
895 2243 1107 2312 ἀνάγκη
1142 2239 1210 2314 ἦν
1267 2243 1665 2297 συνδιόλλυσθαι
1696 2243 2110 2314 τὰς,όμόρους·,
2147 2241 2248 2304 τὰς
2294 2241 2403 2294 τῶν
2463 2240 2522 2305 ἐξ
2558 2241 2748 2308 Ἰούδα,
2789 2244 2955 2313 φημὶ,
3008 2246 3107 2298 καὶ
3170 2243 3449 2314 Βενιαμίν.
3509 2245 3715 2298 Ούκοῦν
3756 2247 3792 2315 ἡ

545 2333 645 2403 μὲν
674 2333 884 2403 ταραχὴ
917 2333 1010 2386 τοῦ
1041 2335 1278 2404 πολέμου
1300 2334 1398 2405 τὴν
1463 2335 1670 2404 ἔφοδον,
1710 2334 1770 2388 τὸ
1831 2333 1891 2388 δὲ
1918 2333 2141 2404 κέντρον
2213 2335 2273 2386 ὲν
2311 2330 2522 2394 τούτοις
2550 2332 2649 2402 τὴν
2695 2335 2761 2386 ὲκ
2793 2334 2970 2404 λύπης
3001 2351 3061 2387 τε
3125 2335 3223 2388 καὶ
3267 2334 3573 2404 δυσθυμίας
3599 2335 3791 2405 ὀδύνην

542 2424 815 2494 ὐποδηλοῐ,
877 2417 951 2477 ὧν
992 2424 1097 2492 ἔξω
1129 2443 1231 2479 που
1262 2427 1477 2490 πάντως
1525 2422 1637 2479 εἷεν
1689 2425 1756 2480 ἂν
1801 2427 1852 2478 οἰ
1888 2427 2106 2495 φρονεῖν
2141 2422 2416 2486 ἐθέλοντες
2479 2423 2548 2475 τὰ
2610 2423 2847 2495 Χριστοῦ
2872 2439 2886 2454 ³
2913 2425 2982 2478 δι’
3011 2417 3074 2478 οὗ
3106 2425 3199 2479 καὶ
3228 2424 3348 2496 μεθ’
3371 2421 3432 2478 οὒ
3459 2424 3536 2496 τῷ
3559 2425 3678 2497 Θεῷ
3700 2420 3794 2479 καὶ

543 2514 718 2587 Πατρί
755 2515 788 2586 ἠ
826 2515 955 2581 δόξα
992 2517 1086 2569 σὺν
1128 2517 1265 2586 ἁγίῳ
1297 2518 1574 2588 Πνεύματι
1610 2519 1690 2580 εἰς
1716 2517 1842 2580 τοὺς
1890 2516 2093 2581 αἰῶνας
2128 2517 2235 2570 τῶν
2257 2515 2487 2570 αἰώνων.
2533 2517 2728 2587 Ἀμήν.

795 2663 1044 2759 TOM
1066 2671 1198 2759 US
1271 2670 1502 2774 QUA
1524 2673 1859 2762 RTUS-

610 2812 774 2870 Vsus.
807 2815 896 2870 l5.
934 2815 1001 2870 Et
1038 2817 1167 2871 vidit
1201 2817 1453 2886 Ephraim
1478 2819 1712 2872 morbum
1745 2837 1918 2884 suum,
1941 2831 1987 2874 et
2009 2819 2112 2874 Ju—

540 2905 636 2960 das
666 2905 896 2960 dolorem
933 2924 1106 2972 suum,
1127 2917 1174 2961 et
1211 2909 1342 2962 abiit
1377 2910 1630 2979 Ephraim
1667 2911 1734 2964 ad
1769 2914 2032 2982 Assyrios,
2063 2925 2110 2968 et

2477 2663 2858 2749 ΤΟΜΟΣ
2932 2665 3529 2751 ΤΕΤΑΡΤΟΣ.

2278 2817 2391 2870 Καὶ
2426 2813 2584 2872 εἶδεν
2617 2819 2862 2888 Ἑφραῒμ
2885 2817 2998 2887 τὴν
3026 2820 3217 2874 νόσον
3247 2821 3453 2886 αὐτοῦ,
3497 2819 3596 2875 καὶ
3641 2819 3795 2875 Ἰού-

2208 2907 2317 2974 δας
2344 2909 2458 2976 τὴν
2509 2909 2737 2978 ὀδύνην
2766 2910 2980 2976 αὐτοῦ,
3032 2912 3130 2965 καί
3192 2912 3486 2978 ἐπορεύθη
3541 2910 3794 2979 Ἐφραῖμ

540 2995 680 3049 misit
705 2995 900 3064 legatos
927 2998 997 3048 ad
1022 3013 1189 3066 regem
1211 2996 1396 3064 Iarim,
1414 3011 1460 3052 et
1491 3001 1575 3052 hic
1607 3017 1712 3054 non
1733 3004 1899 3070 potuit
1922 3021 2110 3060 sanare

2211 3000 2361 3068 πρὸς
2399 3001 2780 3071 Ἀσσυρίους,
2826 3001 2927 3055 καί
2973 2999 3290 3056 ἀπέστειλε
3335 3001 3612 3068 πρέσϐεις
3639 3001 3794 3067 πρὸς

539 3100 650 3151 vos,
680 3093 727 3138 et
758 3100 863 3140 non
897 3084 1053 3154 faciet
1083 3101 1287 3141 cessare
1307 3105 1339 3140 a
1372 3087 1514 3142 vobis
1538 3087 1792 3146 dolorem.

609 3382 747 3438 LlX.
805 3383 1159 3454 Posteaquam
1206 3385 1382 3442 factus
1439 3396 1522 3442 est
1565 3388 1710 3445 Deus
1769 3390 2112 3447 conturbatio

538 3474 831 3544 Ephraim,
879 3483 936 3530 et
973 3485 1228 3546 tanquam
1279 3477 1531 3535 stimulus
1581 3481 1762 3536 domui
1790 3479 1948 3546 Juda,
1979 3483 2111 3539 vidit

539 3568 792 3622 morbum
817 3581 998 3631 suum,
1030 3568 1144 3622 sive
1173 3569 1591 3626 imbecillitatem
1638 3580 1694 3627 et
1739 3572 2106 3630 inﬁrmitatem

537 3674 690 3714 suam
715 3658 972 3729 Ephraim
1007 3677 1022 3714 :
1053 3659 1184 3730 quin
1212 3669 1268 3716 et
1300 3659 1466 3717 Judas
1494 3662 1736 3718 dolorem
1771 3679 1934 3720 suum
1962 3682 1976 3720 :
2003 3680 2108 3720 una

537 3749 680 3804 enim
710 3763 835 3804 cum
893 3749 1140 3804 Samaria
1182 3751 1316 3808 lines
1341 3751 1620 3823 Beniamin
1653 3753 1911 3810 incursati
1959 3765 2104 3812 sunt.

537 3839 748 3894 Dcin‘de
773 3841 844 3897 ob
876 3840 980 3896 hoc
1011 3842 1214 3896 fractus
1268 3844 1644 3911 desperatione
1671 3844 1946 3914 Ephraim,
2008 3860 2109 3903 nec

537 3930 682 4000 potis
717 3930 932 3986 casibus
954 3932 1073 3987 istis
1100 3932 1296 3988 robore
1314 3948 1414 3988 suo
1441 3934 1726 3998 obsistere,
1759 3951 1860 3991 nec
1885 3937 2108 3992 bellicas

538 4021 719 4078 clades
749 4021 981 4088 amoliri,
1013 4023 1190 4080 denuo
1212 4025 1632 4094 omnipotentem
1659 4023 1826 4079 Deum
1863 4023 2106 4090 offendit,

537 4127 638 4171 nec
662 4113 716 4170 in
744 4113 876 4184 ipsis
891 4113 1136 4186 ﬂagellis,
1166 4123 1226 4171 ut
1276 4116 1347 4170 ita
1388 4116 1588 4182 dicam,
1615 4115 1908 4172 utilitatem
1955 4129 2108 4173 suam

534 4195 820 4278 cognovit;
883 4216 938 4262 et
992 4223 1116 4264 eum
1162 4209 1469 4266 advenisset
1516 4217 1730 4279 tempus
1781 4223 1888 4278 quo
1931 4209 2108 4280 potius

535 4297 781 4352 converti
816 4299 883 4351 ad
915 4297 1084 4353 Deum
1117 4300 1413 4366 debuisset,
1439 4309 1568 4356 tunc
1599 4301 1836 4358 maxime
1890 4303 1940 4357 ei
1992 4316 2108 4356 mo-

2205 3093 2476 3157 ,ϐασιλέα
2509 3093 2746 3162 ’[αρείμ,
2775 3092 2874 3146 καί
2934 3089 3112 3167 οὗτος
3143 3093 3252 3145 οὐκ
3282 3089 3591 3157 ἠδυνάσθη
3621 3091 3797 3143 Idon-

2211 3187 2350 3237 σθαι
2377 3183 2553 3254 ὑμᾶς,
2583 3185 2682 3238 καί
2725 3185 2794 3240 οὺ
2827 3182 2912 3255 μὴ
2956 3181 3262 3248 διαπαύσῃ
3313 3181 3381 3247 ἐξ
3423 3179 3589 3251 ὑμῶν
3645 3181 3797 3234 ὀδῦ-

2211 3289 2350 3341 νην.

2279 3387 2389 3442 ΝΘ¹
2420 3386 2554 3442 Θεοῦ
2581 3387 2862 3457 γεγονότος
2900 3384 2977 3449 ὡς
3004 3383 3248 3456 ταραχῆς
3279 3382 3358 3454 τῷ
3396 3380 3658 3454 Ἐφραῖμ,
3694 3385 3788 3437 καί

2213 3477 2318 3550 μὴν
2341 3479 2434 3532 καὶ
2453 3479 2528 3540 ὡς
2554 3479 2781 3550 κέντρου
2811 3475 2887 3547 τῷ
2909 3477 3040 3546 οἴκῳ
3072 3474 3261 3538 Ἰούδα,
3287 3471 3537 3526 τεθέαται
3559 3472 3655 3542 μὲν
3681 3473 3778 3540 τὴν

2209 3572 2404 3625 ἑαυτοῦ
2446 3572 2621 3634 νόσον,
2651 3571 2841 3640 ἦτοιτὸ
2857 3569 3048 3623 ἀναλκι
3078 3568 3172 3621 καὶ
3189 3565 3438 3628 ἀσθενὲς,
3457 3565 3485 3617 ό
3511 3563 3782 3632 Ἐφραῖμ’

2208 3666 2302 3721 καὶ
2336 3666 2440 3736 μὴν
2473 3667 2569 3719 καὶ
2604 3664 2802 3726 Ἰούδας
2849 3663 2948 3731 τὴν
2981 3661 3176 3730 ὀδύνην
3223 3657 3421 3712 αὐτοῦ’
3454 3656 3783 3728 συγκατεδη-

2207 3758 2333 3813 οῦτο
2357 3757 2486 3827 γὰρ,
2513 3757 2588 3819 ὡς
2613 3755 2770 3825 ἔφην,
2805 3755 2918 3816 τοῖς
2941 3753 2998 3805 ὲν
3027 3749 3313 3820 Σαμαρείᾳ
3342 3749 3438 3802 καὶ
3455 3749 3525 3802 τὰ
3549 3750 3674 3820 ὅρια
3694 3749 3782 3802 τού

2210 3845 2494 3915 Βενιαμίν.
2547 3842 2683 3897 Εἶτα
2711 3841 2846 3913 πρὸς
2895 3839 3054 3894 τοῦτο
3093 3837 3412 3910 ἀπειρηκὼς
3444 3840 3472 3892 ὁ
3527 3837 3782 3910 Ἐφραῖμ,

2208 3939 2303 3991 καὶ
2339 3937 2498 3999 ἰδίαις
2526 3934 2818 4004 δυνάμεσιν
2839 3930 3224 4001 ἀντιφέρεσθαι
3245 3933 3358 3994 τοῖς
3383 3929 3780 4000 συμδεὸηκόσιν

2206 4030 2309 4084 οὐκ
2337 4028 2494 4099 ἔχων,
2533 4025 2656 4080 οὔτε
2689 4025 2794 4097 μὴν
2835 4023 3189 4078 ἀποσείεσθαι
3231 4021 3299 4076 τὰ
3331 4022 3396 4074 ὲκ
3423 4020 3517 4074 τοῦ
3549 4020 3782 4090 πολέμου

2210 4123 2382 4194 βλάϐη
2434 4121 2754 4192 δυνάμενος,
2812 4117 3220 4190 προσκέκρουκε
3271 4113 3434 4168 πάλιν
3476 4111 3555 4183 τῷ
3614 4112 3786 4166 πάντα

2213 4215 2451 4286 ίσχύοντι
2479 4213 2622 4285 Θεῷ,
2657 4213 2780 4266 οὐδὲ
2812 4212 2869 4265 ὲν
2906 4210 3120 4274 αὐταῖς,
3156 4206 3221 4260 ἵν’
3256 4204 3427 4268 οὕτως
3456 4205 3616 4267 simu,
3670 4205 3784 4286 ταῖς

2212 4285 2466 4374 μάστιξιν
2511 4298 2842 4370 ἑννενοηκὼς
2872 4297 2932 4350 τὸ
2969 4294 3271 4364 συμφέρον.
3315 4288 3699 4359 Ἐνεστηκότος
3729 4285 3785 4340 δὲ

533 4383 748 4442 testiam
778 4386 1055 4452 exhibere,
1079 4396 1136 4442 et
1166 4363 1484 4445 insolentius
1510 4391 1578 4444 ab
1601 4405 1666 4445 eo
1688 4391 1965 4446 discedere
1997 4406 2103 4446 non

2211 4363 2302 4448 τοῦ
2355 4363 2573 4460 καιροῦ,
2607 4363 2734 4444 καθ’*
2765 4389 2823 4442 ὃν
2858 4388 2964 4440 ἔδει
3016 4363 3218 4457 μᾶλλον
3252 4382 3602 4453 ἐπιστρέφειν
3644 4378 3783 4448 πρὸς

537 4476 820 4531 dubitavit.
882 4475 998 4531 Non
1031 4478 1173 4532 enim
1240 4478 1522 4546 ignorabat
1555 4481 1732 4534 omnis
1767 4481 1954 4548 gloriae
1997 4495 2108 4535 suae

535 4575 914 4630 auctorem,ac
941 4576 1172 4622 tutorem
1211 4568 1375 4621 Deum
1399 4583 1542 4631 esse,
1573 4570 1664 4637 qui
1695 4570 1838 4624 vires
1871 4571 1938 4624 ad
1963 4570 2109 4625 freu-

536 4655 742 4724 geudos
769 4656 1110 4710 adversarios
1131 4670 1345 4724 semper
1370 4656 1612 4725 largitur.
1649 4657 1754 4714 Sed
1791 4657 1920 4711 nihil
1943 4657 2110 4725 pluri-

535 4748 638 4803 bus
669 4762 802 4816 opus
828 4755 930 4808 est,
957 4760 1079 4802 cum
1129 4755 1302 4802 exstet
1329 4747 1414 4801 illa
1443 4762 1542 4801 vox
1575 4747 1772 4818 Moysis
1815 4747 2108 4817 sapientis-

535 4837 661 4892 simi
700 4855 716 4893 :
752 4855 772 4890 ι
804 4835 1063 4892 Dominus
1114 4845 1398 4892 conterens
1423 4835 1597 4902 bella;
1625 4835 1880 4891 Dominus
1914 4851 2108 4893 nomen

534 4929 764 4997 ejus",i
792 4930 1084 4998 doceatque
1113 4928 1251 4983 idem
1278 4928 1561 4998 perspicue
1614 4928 1754 4998 quod
1805 4943 1901 4997 per
1933 4928 2108 4998 ipsum

534 5030 591 5077 et
619 5019 672 5075 in
706 5021 822 5091 ipso
850 5037 869 5072 σ
897 5035 1037 5075 unus
1065 5028 1419 5090 persequetur
1448 5019 1612 5085 mille,
1633 5028 1689 5074 et
1715 5020 1820 5073 duo
1844 5018 2109 5088 lugabunt

536 5110 720 5165 decem
751 5111 917 5167 millia
947 5111 1014 5165 ⁵³.
1047 5129 1067 5163 ι
1106 5110 1307 5166 Deinde
1351 5124 1473 5165 cum
1506 5111 1574 5163 ab
1602 5110 1717 5177 ipso
1742 5119 1798 5166 et
1827 5111 1942 5166 solo
1971 5125 2106 5166 con-

537 5208 751 5256 suetum
781 5202 1039 5257 auxilium
1075 5201 1272 5258 iterum
1317 5211 1519 5271 petere,
1544 5201 1653 5273 92
1676 5209 1731 5256 et
1761 5202 2012 5271 precibus
2038 5204 2107 5258 ad

535 5293 959 5347 succurrendum
988 5293 1091 5349 sibi
1123 5293 1448 5348 salvatorem
1484 5293 1778 5348 sollicitare
1799 5303 2099 5362 oporteret,

537 5380 656 5434 dira
694 5380 745 5433 in
775 5393 938 5449 caput
959 5398 1116 5439 suum
1147 5385 1436 5439 meditatus
1460 5394 1561 5439 est.
1590 5383 1751 5439 Missa
1780 5385 1922 5439 enim
1957 5385 2103 5454 lega-

538 5469 687 5526 tione
714 5469 781 5523 ad
839 5472 1040 5528 alienos
1069 5486 1124 5529 et
1163 5476 1373 5542 hostes,
1418 5489 1513 5530 eos
1545 5474 1821 5543 suppetias
1870 5476 2099 5543 rogavit.

541 5577 563 5617 ι
590 5559 791 5617 Factus
812 5569 899 5614 est
917 5562 1060 5616 enim
1089 5565 1341 5636 Ephraim
1366 5577 1428 5622 ut
1453 5566 1700 5623 columba
1733 5566 2013 5635 insipiens,
2049 5573 2104 5621 et

608 5733 651 5770 “
691 5731 898 5800 Iudith,
943 5745 1050 5797 xw,
1081 5737 1133 5790 ὃ.
1207 5739 1251 5774 ⁸⁸
1281 5739 1432 5793 Deut.
1464 5757 1633 5809 xxxii,
1669 5741 1753 5796 50.

2202 4481 2297 4534 τὸν
2341 4480 2495 4542 Θεὸν,
2543 4477 2664 4530 τότε
2711 4475 2775 4544 δὴ
2829 4471 3064 4540 μάλιστα
3119 4472 3312 4524 λυπεῖν
3361 4465 3652 4539 ᾑρημένος,
3688 4461 3783 4515 καὶ

2203 4570 2479 4640 ἀπεφοίτα
2514 4565 2870 4637 ἀγριώτερον.
2899 4562 3014 4618 Οὐκ
3043 4562 3228 4632 ἠγνόει
3258 4561 3355 4632 μὲν
3386 4559 3496 4629 γὰρ
3523 4557 3615 4612 τὸν
3651 4554 3785 4610 ἀπά-

2207 4678 2305 4730 σης
2326 4660 2508 4721 αὐτοῖς
2531 4655 2784 4719 εὐκλείας
2817 4653 2909 4708 καὶ
2951 4652 3208 4724 χορηγὸν,
3245 4650 3342 4704 καὶ
3373 4650 3667 4722 πρύτανιν,
3695 4644 3785 4698 τὸν

2203 4751 2298 4804 τοῦ
2330 4749 2595 4804 δύνασθαι
2629 4748 2850 4818 κρατεῖν
2877 4745 2986 4800 τῶν
3022 4742 3437 4812 ἀνθεστηκότων
3468 4739 3557 4794 ἀεὶ
3587 4738 3784 4806 δοτῆρα

2203 4841 2355 4894 Θεόν.
2413 4839 2551 4893 Ἀλλ’
2599 4837 2810 4901 οὐδενὸς
2847 4837 3001 4907 ἠξίου
3051 4835 3113 4888 τὸ
3153 4835 3340 4904 χρῆμα
3389 4830 3570 4900 λόγου,
3611 4827 3783 4882 καίτοι

2204 4933 2296 4986 τοῦ
2325 4933 2598 5001 πανσόφου
2621 4929 3044 5002 διακεκραγότος
3063 4927 3308 4988 Μωσέως
3328 4941 3341 4957 ·
3373 4943 3393 4976 t
3426 4923 3632 4993 Κύριος
3665 4937 3782 4973 συν-

2203 5023 2404 5094 τρίϐων
2430 5023 2719 5093 πολέμους,
2743 5019 2947 5090 Κύριος
2971 5018 3145 5086 ὄνομα
3191 5015 3362 5085 αὐτῷ,
3397 5033 3415 5068 ι
3445 5009 3782 5072 διδάσκοντὸς

2204 5132 2266 5168 τε
2298 5112 2506 5183 σαφῶς,
2528 5112 2614 5166 ὅτι
2637 5112 2704 5165 δι’
2731 5109 2898 5164 αὑτοῦ
2928 5125 2988 5162 τε
3063 5107 3158 5160 καὶ
3189 5106 3247 5160 ὲν
3281 5104 3427 5175 αὐτῷ
3462 5122 3481 5155 ι
3525 5101 3781 5165 Διώξεται

2207 5204 2289 5272 εἷς
2321 5207 2540 5278 χιλίους,
2575 5204 2671 5258 καὶ
2685 5203 2777 5256 δύο
2803 5200 3229 5272 μετακινήσουσι
3262 5196 3548 5268 μυριάδας.
3583 5212 3602 5245 ι
3631 5187 3779 5254 Εἶτα,

2208 5301 2324 5354 δέον
2354 5299 2483 5370 παρ’
2506 5297 2669 5352 αὐτού
2704 5296 2768 5365 δὴ
2803 5294 2898 5347 καὶ
2924 5293 3087 5362 μόνου
3109 5289 3208 5361 τὴν
3232 5287 3438 5358 συνήθη
3471 5286 3635 5338 πάλιν
3668 5287 3779 5337 ὲπι-

2210 5392 2432 5460 κουρίαν
2459 5391 2648 5452 αἰτεῖν,
2684 5387 2778 5440 καὶ
2807 5385 2979 5446 λιταῖς
3032 5380 3343 5435 ἀναπείθειν
3371 5377 3576 5449 ἀμῦναί
3610 5376 3662 5428 οἱ
3694 5373 3782 5426 τὸν

2210 5481 2470 5545 σώζοντα,
2499 5479 2676 5551 πικρά
2703 5475 2845 5530 κατά
2868 5474 2968 5543 τῆς
3015 5473 3149 5534 ἰδίας
3191 5469 3485 5522 ἐσκέπτετο
3518 5465 3780 5533 κεφαλῆς.

2221 5566 2613 5637 Ἐπρεσϐεύετο
2667 5563 2778 5636 γὰρ
2809 5561 2944 5633 πρὸς
2996 5557 3343 5628 ἀλλοφύλους.
3391 5558 3486 5609 καὶ
3525 5554 3623 5625 τὴν
3654 5554 3779 5622 παρ’
