4098 6276
294 423 391 478 15⁸1

1209 405 1752 465 εονυεΝτΑιιιυδ
1785 405 1850 462 ΙΝ
1889 405 2119 462 OSEAM
2163 405 2599 463 ΡΙὶΟΡίΙΕΤᾹΜ.

3418 411 3522 469 158

291 541 503 614 ἐχθρῶν
564 535 898 607 συμμαχίαν.
955 551 976 584 ι
1035 529 1282 600 Ἐγένετο
1319 529 1426 599 γὰρ
1488 527 1727 599 Ἐφρατμ
1776 527 1851 592 ὡς

1960 543 2049 583 cor
2072 543 2176 583 non
2199 528 2734 600 habens.£gyptutn
2771 531 3077 600 invocabat,
3093 541 3146 586 et
3176 534 3244 587 ad
3276 532 3527 605 Assyrios

292 626 586 702 περιστερὰ
634 623 817 687 ἄνους,
879 621 979 674 οὐκ
1043 619 1240 689 ἔχουσα
1275 616 1523 688 καρδίαν.
1581 615 1856 684 Αἴγυπτον

294 720 624 783 ἐπεκαλεῖτο,
661 716 758 769 καὶ
788 713 868 774 είς
921 709 1236 781 ’Δσσυρίους
1271 706 1562 778 ἐπορεύετο
1585 721 1602 736 ο
1628 724 1646 758 ι
1678 704 1855 774 ἀπηλ-

292 812 482 881 λάχθαι
497 807 609 862 τῶν
641 800 1036 877 ἐπηρτημένων
1057 799 1225 871 ᾤοντο
1247 797 1452 851 κακῶν.
1475 797 1585 850 Καὶ
1605 795 1669 867 δὴ
1701 795 1855 864 βασι·

289 901 532 962 λεύοντος
557 899 616 950 ἐν
657 899 724 966 τῇ
769 889 1053 962 Σαμαρείᾳ
1079 888 1178 942 τοῦ
1207 886 1456 958 Μαναῖμ,
1490 884 1654 956 ἀνέϐη
1681 885 1859 947 Φύλας

289 990 538 1062 βασιλεὺς
576 985 878 1056 Ἀσσυρίων
923 982 1020 1034 ἐπὶ
1045 980 1138 1034 τὸν
1187 977 1426 1048 Ἰσραήλ.
1456 972 1588 1030 Εἶτα
1615 975 1857 1062 χρήμασι

287 1060 382 1137 καὶ
401 1079 716 1154 πρεσϐείαις
741 1073 1022 1129 ἀνέπειθον
1047 1069 1382 1139 ἀποσχέσθαι
1401 1068 1498 1138 τῆς
1526 1064 1652 1135 γῆς.
1677 1060 1859 1118 Τοιοῦο

283 1173 344 1228 τό
375 1176 495 1227 ἐστι
520 1171 600 1233 τὸ,
629 1188 648 1221 ι
693 1163 996 1236 Ἑπορεύθη
1039 1159 1279 1232 Ἐφραῒμ
1301 1159 1437 1230 πρὸς
1471 1157 1804 1228 ’Δσσυρίους.
1831 1173 1851 1208 ι

283 1265 462 1320 Φακεὲ
493 1263 549 1316 δὲ
573 1260 735 1315 πάλιν
755 1299 771 1323 ,
802 1259 832 1311 6
862 1255 953 1310 τοῦ
985 1252 1286 1323 Ῥομελίου,
1323 1250 1576 1321 βασιλεὺς
1617 1248 1855 1320 Ἰσραὴλ,

243 1351 678 1425 ’κατεμισθοῦτό
737 1365 866 1402 ποτε
903 1346 992 1400 τὸν
1025 1342 1294 1407 Ῥαασὼν,
1351 1341 1580 1411 βασιλέα
1635 1340 1855 1410 Συρίας,

283 1446 377 1500 καὶ
428 1442 781 1512 πεπολέμηκε
806 1437 883 1508 τῷ
927 1437 1096 1506 Ἰούδᾳ
1126 1435 1219 1489 καὶ
1241 1436 1352 1496 τοῖς
1379 1434 1444 1486 ἐκ
1473 1431 1646 1500 φυλῆς
1673 1433 1858 1483 Βενια-

285 1538 400 1605 μὶν,
437 1530 810 1603 βασιλεύοντος
849 1525 1057 1595 ’Δχατζ
1099 1522 1192 1576 τοῦ
1235 1520 1472 1591 Ἰωάθαμ
1510 1519 1649 1583 υἱοῦ,
1683 1519 1740 1582 δς
1765 1519 1854 1572 δε-

283 1628 409 1688 διὼς
439 1625 538 1694 τὴν
564 1622 772 1690 ἐφοδον,
812 1615 1129 1686 πρεσϐείαις
1152 1613 1244 1665 καὶ
1269 1613 1542 1681 χρήμασιν
1575 1609 1856 1663 ἀναπείθει

280 1719 374 1772 τὸν
419 1713 703 1784 Ἀσσύριον
748 1704 1179 1776 Θεγλαφαλασὰρ
1207 1702 1483 1772 ἐπαμῦναι
1510 1701 1678 1772 αὐτῷ.
1716 1701 1773 1753 ὐ
1800 1700 1856 1752 δὲ

280 1811 382 1881 τὴν
420 1803 710 1876 Δαμασκὸν
734 1797 1072 1870 κατακρατος
1103 1794 1261 1858 ἐλὼν,
1297 1798 1360 1846 ἐκ
1388 1793 1553 1863 μέσου
1587 1791 1680 1844 καὶ
1694 1789 1855 1881 αὐτὸν

281 1855 738 1955 έξᾼίᾷῖέξοζέών.
775 1855 992 1945 Ἀλλ”εί
1019 1855 1115 1940 καὶ
1142 1855 1494 1957 πεπόρευται,
1531 1883 1684 1952 φησὶ,
1719 1880 1858 1952 πρὸς
1889 1855 1928 1909 Β

293 1993 615 2059 Ἀσσυρίους
648 1987 678 2038 6
709 1980 966 2052 Ἐφραῒμ,
995 1978 1090 2032 καὶ
1128 1976 1406 2047 χρήμασιν
1437 1972 1728 2043 ἐξεπρίατο
1763 1971 1858 2023 καὶ

280 2083 458 2144 λιταῖς
486 2077 586 2147 τῆς
623 2074 811 2143 ἐφόδου
837 2071 934 2140 τὴν
977 2068 1271 2137 ἀνάϐλησιν
1293 2082 1308 2097 ο
1357 2064 1460 2118 κᾶν
1492 2064 1541 2116 εί
1574 2061 1856 2117 ἀπέστειλε

281 2169 548 2241 πρέσϐεις
582 2168 716 2236 πρὸς
756 2162 982 2234 βασιλέα
1017 2153 1247 2230 ἰαρεῖμ,
1286 2155 1582 2219 τουτέστιν,
1623 2153 1856 2218 ἔκδικον,

277 2263 402 2333 ἤτοι
435 2257 722 2327 ἐκδικητὴν
743 2253 921 2325 (τοῦτο
949 2251 1058 2322 γὰρ
1088 2251 1147 2304 τὸ
1182 2248 1390 2320 Ἰαρεὶμ
1412 2246 1710 2316 σημαίνει),
1739 2245 1856 2298 ἀλλ’

277 2349 340 2401 οὐ
372 2347 690 2415 νενικήκασι
715 2344 815 2412 τὴν
850 2339 999 2394 θείαν
1025 2337 1213 2410 ὀργὴν,
1239 2335 1358 2390 οὔτε
1386 2335 1490 2406 μὴν
1514 2335 1856 2404 περιέσονται

278 2435 441 2498 Θεοῦ,
457 2435 555 2504 τῆς
577 2431 720 2485 οὕτω
744 2429 924 2499 δεινῆς
946 2425 1280 2490 ἁποστασίας
1301 2424 1640 2490 ἐξαιτοῦντος
1667 2423 1852 2486 δίκας.

278 2525 356 2578 Οὐ
400 2523 510 2592 γὰρ
541 2523 749 2591 ἴσχυσε,
804 2519 987 2589 φησὶν,
1023 2519 1052 2570 6
1074 2517 1350 2588 χρήμασιν
1384 2514 1856 2584 ἀναπεπεισμένος

278 2610 565 2681 ἠρεμῆσαι
594 2607 792 2679 βραχὺ,
827 2604 944 2660 ἀλλ’
973 2603 1095 2657 οὐδέ
1118 2603 1302 2673 ἐτερός
1334 2619 1418 2664 τις
1455 2601 1566 2654 τῶν
1595 2599 1856 2671 μεμισθα-

280 2702 605 2772 φορηκότων
637 2697 890 2753 ἰάσασθαι
923 2697 1087 2766 ὑμᾶς.
1133 2693 1482 2748 Πεπαύσεται
1508 2691 1566 2744 δὲ
1598 2690 1850 2761 ούδαμῶς

279 2790 386 2858 τῆς
420 2787 611 2856 ὀδύνης
630 2786 692 2840 τὸ
715 2785 958 2855 κέντρον.
982 2783 1267 2837 Πάνδεινον
1291 2778 1384 2836 οὖν
1407 2781 1533 2851 ἄρα,
1556 2780 1618 2834 τδ
1643 2781 1720 2852 μὴ
1753 2779 1858 2832 σώ-

280 2879 480 2946 ζεσθαι
504 2878 705 2949 μᾶλλον
729 2875 1017 2944 ἐπιθυμεῖν
1037 2873 1124 2926 διὰ
1147 2873 1243 2942 τῆς
1259 2870 1466 2928 ἄνωθεν
1487 2869 1822 2942 ἡμερότητος
1837 2910 1856 2938 ,

277 2973 654 3043 ἐπιθαρῤῆσαι
680 2969 738 3022 δὲ
766 2969 885 3031 ταῖς
907 2965 965 3033 ἐξ
986 2964 1286 3036 ἀνθρώπων
1320 2962 1700 3031 ἐπικουρίαιςο
1736 2961 1859 3017 καί·

277 3082 363 3117 τοι
392 3061 624 3132 βοῶντος
649 3058 744 3112 τοῦ
778 3056 1087 3126 Πνεύματος
1111 3055 1197 3108 διὰ
1231 3054 1328 3124 μιν
1350 3053 1535 3124 φωνῆς
1547 3051 1641 3106 τοῦ
1676 3067 1858 3122 μακα-

286 3154 405 3224 ρίου
460 3150 625 3206 Δαϐίδ
649 3167 664 3181 ·
710 3167 729 3199 t
780 3145 1006 3215 Ἀγαθὸν
1053 3143 1366 3199 πεποιθέναι
1417 3145 1508 3196 ἐπὶ
1547 3141 1774 3212 Κύριον,
1885 3189 1929 3246 c

285 3241 599 3295 πεποιθέναι
634 3239 720 3292 ἐπ’
749 3237 1058 3308 ἄνθρωπον.
1102 3235 1327 3303 ’Δγαθὺν
1349 3235 1587 3299 ἐλπίζειν
1616 3235 1710 3287 ἐπὶ
1742 3231 1858 3287 Κύ-

291 3349 427 3404 ριον,
451 3333 486 3402 ἢ
517 3330 750 3394 ἐλπίζειν
787 3330 870 3381 ἐπ’
921 3327 1219 3398 ἄρχοντας·
1263 3345 1282 3378 ι
1307 3326 1397 3378 διὰ
1435 3326 1490 3378 δὲ
1526 3325 1622 3378 τοῦ
1650 3327 1854 3396 προφή-

290 3439 392 3477 του
418 3421 864 3490 πάλινῚερεμίου·
904 3438 922 3470 ‹
947 3419 1381 3488 Ἐπικατάρατος
1408 3419 1436 3470 6
1463 3417 1771 3487 ἄνθρωπος.
1799 3416 1859 3478 6;

293 3512 396 3581 τὴν
418 3491 602 3564 ἐλπίδα
632 3511 742 3580 ἔχει
770 3511 903 3578 πρὸς
931 3509 1235 3580 ἄνθρωπον,
1259 3509 1354 3560 καὶ
1376 3507 1622 3578 στηρίσει
1649 3508 1857 3576 σάρκας

299 3599 581 3669 βραχίονος
612 3596 770 3651 αὑτοῦ
799 3597 886 3650 ἐπ’
926 3598 1109 3662 αὑτὸν,
1137 3597 1232 3650 καὶ
1262 3596 1370 3650 ἀπὸ
1397 3596 1604 3665 Κυρίου
1642 3597 1853 3666 ἀποστῇ

298 3690 332 3756 ή
363 3687 549 3758 καρδία
590 3687 772 3753 αὐτοῦ,
820 3689 915 3740 καὶ
953 3685 1102 3738 ἔσται
1136 3686 1212 3748 ὼς
1241 3687 1273 3754 ἡ
1306 3683 1680 3754 ἀγριομυρίκη
1725 3686 1758 3754 ή
1800 3686 1858 3736 ἐν

291 3781 358 3848 τῇ
399 3781 607 3850 ἐρήμῳ,
638 3781 671 3850 ἢ
704 3781 804 3833 οὐκ
861 3779 1050 3848 ὄψεται
1092 3779 1219 3832 ὅταν
1261 3777 1391 3848 έλθῃ
1422 3777 1489 3830 τὰ
1518 3777 1724 3844 ἀγαθά.’
1751 3777 1860 3829 Καὶ

284 3869 642 3939 εὐλογημένος
666 3871 694 3922 6
715 3868 1021 3939 ἄνθρωπος,
1049 3867 1108 3930 ὃς
1140 3866 1400 3920 πέποιθεν
1427 3867 1517 3920 ἐπὶ
1544 3865 1619 3936 τῷ
1648 3864 1859 3935 Κυρίῳ,

280 3958 378 4008 καὶ
418 3958 568 4016 ἔσται
616 3958 818 4028 Κύριος
863 3957 1014 4020 ἐλπὶς
1046 3957 1229 4011 αὑτοῦ.
1264 3958 1371 4010 Καὶ
1420 3957 1573 4010 ἔσται
1603 3955 1676 4019 ὡς
1707 3955 1862 4020 ξύλον

276 4045 543 4114 εὐθηνοῦν
569 4047 698 4116 παρ’
723 4047 893 4111 ὕδατι,
923 4048 1016 4099 καὶ
1034 4047 1125 4098 ἐπὶ
1150 4046 1349 4116 ἰκμάδα
1379 4044 1560 4114 βάλλει
1587 4043 1744 4115 ῥίζας
1767 4044 1864 4096 αύ-

1961 622 2070 673 ibat
2097 620 2164 685 ⁸³,
2197 637 2215 670 ι
2261 629 2407 673 ratus
2466 635 2525 673 se
2580 623 3006 690 impendentibus
3031 623 3182 678 malis
3239 624 3523 678 liberatum

1959 712 2048 767 iri.
2075 710 2250 764 Etiam
2280 719 2535 778 regnante
2562 709 2812 774 Dianai-ii,
2842 711 3035 766 leias
3065 727 3156 766 rex
3181 713 3523 781 Assyriorum

1957 811 2143 856 contra
2175 799 2423 854 lsraelem
2448 801 2693 854 ascendit
2712 803 2798 854 ’δε
2830 803 2915 856 cui
2950 803 3145 873 legatis
3173 812 3228 858 et
3277 804 3525 871 pecuniis

1957 905 2248 962 persuasus
2275 899 2358 945 est
2392 890 2634 955 reditus;
2677 895 2777 945 hoc
2809 901 2914 956 est,
2958 910 2977 944 ι
3010 895 3143 948 abiit
3169 895 3420 962 Ephraim
3455 895 3522 947 ad

1955 981 2228 1051 Assyrios.
2256 997 2277 1031 ι
2317 977 2518 1033 Deinde
2549 976 2778 1042 Phacee,
2807 977 2947 1032 ﬁlius
2987 979 3262 1043 Romeiiaa,
3297 997 3388 1036 rex
3449 980 3524 1037 ls-

1958 1070 2092 1136 racl,
2123 1068 2294 1137 pretio
2322 1067 2578 1122 conduxit
2616 1065 2904 1134 aliquando
2937 1065 3104 1120 Rasin
3124 1083 3300 1138 regent
3332 1070 3523 1138 Syriae,

1955 1161 2387 1232 oppugnavitqne
2412 1157 2603 1213 ludam
2627 1167 2683 1213 et
2713 1159 2935 1214 tribules
2952 1157 3248 1226 Beniamin,
3269 1171 3528 1230 regnante

1955 1254 2162 1318 Acha-1,
2193 1251 2300 1307 ﬁlio
2342 1250 2636 1306 Joatbam:
2672 1253 2761 1320 qui
2788 1251 3148 1305 incursionem
3192 1251 3408 1313 timens,
3435 1266 3528 1317 per

1957 1343 2161 1413 legatos
2212 1352 2491 1396 numerata
2553 1341 2780 1410 pecunia
2809 1340 3292 1410 Theglatphalasar
3324 1342 3390 1392 ad
3421 1338 3527 1393 sibi

1955 1432 2324 1500 opitulamlunt
2351 1433 2561 1500 impulit
2587 1434 2654 1486 ".
2687 1432 2787 1498 Qui
2837 1431 3099 1487 Damasco
3141 1432 3308 1487 armis
3347 1443 3526 1503 capta,

1958 1521 2120 1574 Rasin
2144 1537 2174 1575 e
2204 1521 2377 1574 medio
2407 1521 2642 1576 sustulit.
2673 1520 2778 1576 Sed
2809 1523 3055 1592 quamvis
3077 1523 3297 1586 abierit,
3323 1525 3522 1593 inquit,
3567 1532 3575 1540 '

1957 1611 2024 1664 ad
2062 1611 2307 1679 Assyrios
2339 1610 2618 1678 Epitraim,
2655 1613 2994 1680 pecuniaque
3024 1622 3078 1667 et
3110 1614 3360 1681 precibus
3395 1615 3527 1668 dila-
3568 1597 3572 1603 ’

1960 1702 2156 1754 tionem
2181 1702 2491 1769 irruptionis
2521 1702 2736 1765 emerit,
2757 1703 2967 1757 tametsi
2989 1703 3195 1772 legatos
3219 1705 3426 1759 miserit
3457 1706 3526 1760 ad

1959 1805 2137 1861 regem
2154 1789 2333 1854 larim,
2373 1791 2473 1845 hoc
2495 1802 2600 1856 est,
2629 1789 2971 1846 defensorem
3006 1793 3121 1846 sive
3151 1792 3376 1846 ultorem
3400 1792 3527 1863 (hoc

1957 1883 2100 1936 enim
2128 1881 2284 1935 larim
2311 1882 2515 1949 sonat),
2538 1889 2720 1936 tamen
2749 1883 2986 1936 divinam
3019 1883 3155 1936 iram
3182 1897 3286 1936 non
3311 1882 3528 1936 domue-

1959 1982 2104 2040 runt,
2135 1987 2311 2042 neque
2339 1971 2451 2028 Deo
2477 1971 2861 2042 praevalebunt,
2897 1972 3054 2040 huius
3096 1973 3230 2042 adeo
3261 1981 3413 2027 tetra:
3441 1973 3528 2026 dc-

1956 2058 2207 2114 fectionis
2235 2074 2423 2127 ptenas
2460 2060 2718 2131 exigenti.
2751 2059 2866 2116 Non
2899 2061 3043 2116 enim
3101 2062 3300 2130 potuit,
3326 2062 3524 2131 inquit,

1956 2152 2179 2221 pecunia
2202 2167 2491 2221 persuasus
2517 2152 2728 2208 edicere
2789 2161 2849 2207 ut
2884 2153 3099 2222 paulum
3145 2153 3522 2222 quiesceretis,

1957 2257 2057 2297 nec
2079 2243 2216 2297 alius
2244 2243 2491 2298 mercede
2517 2242 2814 2298 conductus
2844 2259 3042 2299 sanare
3073 2259 3190 2298 vos.
3239 2245 3524 2313 Nunquam

1957 2344 2136 2388 autem
2191 2334 2394 2390 doloris
2451 2334 2702 2390 stimulus
2749 2337 3003 2390 cessabit.
3035 2334 3131 2390 Est
3162 2336 3327 2405 igitur
3359 2335 3529 2404 pessi-

1957 2439 2128 2490 mum,
2157 2440 2264 2479 non
2288 2425 2460 2496 magis
2490 2441 2686 2495 cupere
2713 2427 2907 2481 salvari
2933 2441 3028 2497 per
3050 2441 3342 2496 supernam
3369 2441 3526 2479 man-

1955 2518 2321 2584 suetudinem,
2344 2520 2436 2574 aed
2469 2519 2718 2574 humanis
2745 2521 2936 2589 opibus
2968 2520 3152 2584 ﬁdere,
3187 2533 3309 2574 cum
3343 2533 3440 2586 per
3465 2533 3528 2572 os

1955 2609 2098 2664 beati
2130 2610 2293 2665 David
2318 2609 2551 2680 Spiritus
2582 2611 2811 2664 clamet:
2843 2631 2861 2662 ‹
2891 2611 3092 2666 Bonum
3119 2619 3204 2666 est
3254 2608 3528 2664 conﬁdere

1956 2701 2010 2755 in
2039 2700 2287 2766 Domino,
2333 2717 2495 2771 quam
2537 2703 2810 2758 conlidere
2857 2703 2910 2756 in
2935 2701 3172 2757 homine.
3219 2700 3424 2753 Bonum
3448 2707 3529 2750 est

1955 2805 2177 2858 sperare
2206 2791 2257 2844 in
2289 2791 2534 2855 Domino,
2563 2805 2720 2861 quam
2758 2793 2811 2846 in
2843 2792 3174 2861 principibus
3200 2791 3266 2843 ".
3297 2807 3319 2842 ι
3346 2787 3412 2842 Ει
3436 2801 3532 2856 per

1955 2881 2244 2936 .Ieremiam
2277 2898 2292 2938 :
2325 2900 2344 2933 σ
2372 2882 2687 2938 Maiedictus
2720 2883 2880 2938 homo
2932 2883 3023 2952 qui
3053 2896 3201 2949 spem
3255 2895 3406 2935 suam
3435 2891 3530 2946 po-

1959 2973 2038 3027 nit
2091 2973 2144 3026 in
2205 2974 2441 3038 homine,
2467 2984 2521 3028 et
2551 2974 2784 3027 ﬁrmabit
2810 2987 3028 3028 carnem
3077 2971 3284 3026 brachii
3310 2969 3392 3023 sui
3429 2982 3525 3021 sn-

1958 3077 2054 3132 per
2097 3077 2243 3128 eum,
2273 3072 2327 3118 et
2361 3081 2388 3118 a
2423 3064 2648 3119 Domino
2700 3064 2927 3120 recessit
2991 3077 3088 3117 cor
3139 3062 3275 3130 ejus.
3310 3060 3373 3114 Et
3425 3059 3532 3112 crit

1959 3155 2111 3223 quasi
2134 3153 2395 3210 silvestris
2411 3157 2611 3224 myrica
2644 3170 2764 3224 qua:
2792 3165 2874 3210 est
2907 3155 2960 3208 in
2986 3155 3204 3209 deserto
3237 3168 3254 3218 ;
3313 3166 3418 3204 non
3455 3153 3530 3202 vi-

1961 3242 2108 3296 debit
2148 3257 2270 3297 cum
2295 3245 2540 3297 venerint
2570 3245 2729 3298 bona.
2748 3243 3068 3299 Benedictus
3099 3243 3258 3296 homo
3281 3240 3372 3310 qui
3402 3253 3531 3292 con-

1963 3329 2079 3383 ﬁdit
2106 3330 2161 3382 in
2191 3331 2431 3396 Domino,
2457 3333 2629 3386 etcrit
2652 3332 2908 3386 Dominus
2944 3332 3137 3385 ﬁducia
3169 3329 3306 3397 ejus,
3338 3337 3394 3382 et
3424 3328 3532 3382 erit

1961 3420 2112 3488 quasi
2147 3419 2344 3488 lignum
2381 3422 2661 3478 abundans
2707 3421 2858 3491 iuxta
2905 3436 3094 3490 aquas,
3126 3429 3179 3476 et
3230 3433 3395 3488 super
3425 3418 3530 3471 hu-

1963 3525 2167 3565 morem
2195 3513 2374 3566 mittet
2406 3513 2617 3569 radices
2637 3530 2785 3578 suas,
2818 3525 2872 3567 et
2907 3529 3011 3568 non
3047 3511 3260 3566 timebit
3283 3525 3404 3564 cum
3434 3522 3528 3561 ve-

1963 3602 2100 3654 nerit
2121 3611 2307 3668 aestus,
2339 3613 2394 3658 et
2424 3603 2479 3658 in
2530 3619 2596 3660 eo
2629 3605 2766 3659 rami
2835 3603 3118 3665 frondosi;
3172 3601 3226 3654 in
3261 3613 3400 3652 anno
3427 3598 3508 3651 sic

1964 3691 2139 3745 citatis
2165 3707 2266 3747 non
2283 3693 2509 3758 timebit,
2527 3702 2580 3747 et
2604 3709 2708 3750 non
2735 3695 2941 3748 desinet
2970 3692 3172 3745 faciens
3190 3687 3528 3742 fructum".r

1963 3777 2153 3833 Melius
2178 3780 2337 3848 igitur
2368 3781 2435 3834 ad
2457 3782 2624 3835 Deum
2650 3796 2711 3834 se
2743 3780 3053 3850 adiungere,
3087 3789 3140 3833 ct
3163 3777 3294 3830 illud
3313 3775 3534 3844 sapiens

1965 3867 2166 3922 dictum
2195 3885 2318 3924 cum
2343 3871 2479 3926 bona
2503 3872 2830 3927 conscientia
2862 3885 3120 3940 usurpare
3146 3885 3161 3924 :
3194 3887 3215 3922 ‹
3243 3867 3392 3922 Tuus
3411 3880 3530 3921 sunt

1965 3971 2090 4026 ego,
2117 3958 2262 4014 salva
2292 3975 2395 4026 me,
2421 3962 2675 4032 quoniam
2716 3961 3129 4032 iustiﬁcationes
3179 3967 3300 4014 tuas
3342 3954 3534 4025 exqui-

1969 4047 2068 4100 sivi
2093 4048 2156 4102 ⁵⁸.
2191 4068 2212 4101 ι

274 4139 405 4201 τοῦ,
458 4141 550 4193 καὶ
575 4141 635 4192 οὐ
669 4139 743 4208 μὴ
785 4139 998 4208 φοϐηθῇ
1045 4140 1171 4192 ὅταν
1200 4139 1327 4209 ἔλθῃ
1357 4137 1562 4206 καῦμα.
1615 4139 1726 4189 Καὶ
1767 4137 1853 4191 ἐπ’
1893 4139 2044 4210 αὐτῷ
2106 4143 2330 4214 στελέχη
2353 4143 2584 4216 ἀλσώδη,
2621 4147 2682 4199 ὲν
2743 4146 2971 4214 ἐνιαυτῷ
3002 4143 3259 4212 ἀϐροχίας
3278 4141 3340 4192 οὐ
3367 4138 3535 4207 φοϐη-

276 4237 542 4305 θήσεται,
577 4233 672 4285 καὶ
696 4233 754 4285 οὐ
786 4231 1048 4300 διαλείψει
1075 4231 1262 4283 ποιοῦν
1288 4231 1515 4302 καρπόν.
1548 4249 1566 4281 ι
1606 4230 1860 4300 ’Ἄμεινον
1895 4229 1990 4287 οῦν
2038 4236 2168 4305 ἄρα,
2241 4237 2719 4308 προσοικειοῦσθαι
2744 4238 2882 4308 Θεῷ,
2915 4237 3007 4289 καὶ
3069 4235 3132 4287 τὸ
3161 4231 3328 4302 σοφὸν
3357 4231 3536 4285 ἐκεῖνο

275 4327 470 4394 λέγειν
517 4327 578 4390 ἐξ
612 4325 822 4394 ἁίαθῆς
849 4326 1088 4386 διανοίας
1113 4340 1126 4354 ο
1164 4342 1183 4376 ι
1231 4323 1331 4387 Σός
1360 4326 1474 4394 είμι
1507 4323 1637 4392 ἐγὼ,
1694 4325 1864 4380 σῶσόν
1905 4345 1994 4398 με,
2025 4331 2106 4383 ὅτι
2126 4332 2196 4385 τὰ
2222 4331 2569 4402 δικαιώματά
2595 4349 2688 4386 σου
2725 4333 3046 4403 ἐξεζήτησα.
3087 4347 3108 4381 ι

349 4420 515 4474 Διότι
542 4417 657 4486 ἐγώ
681 4419 798 4478 εἰμι
825 4416 907 4482 ὡς
944 4414 1176 4483 πάνθηρ
1231 4413 1311 4480 τῷ
1373 4414 1632 4483 Ἐ’φραῒμ,
1662 4415 1760 4468 καὶ
1789 4415 1861 4481 ὡς

2036 4421 2145 4492 93
2159 4420 2316 4478 Vsus.
2336 4423 2528 4488 14,15.
2549 4424 2688 4489 Quia
2713 4439 2804 4491 ego
2819 4424 2969 4492 quasi
2983 4420 3235 4492 panthera
3256 4418 3531 4488 Ephraint,

272 4511 444 4566 λέων
471 4510 550 4574 τῷ
592 4510 736 4573 οἴκῳ
780 4508 994 4570 Ἰούδα,
1030 4509 1127 4562 καὶ
1161 4506 1274 4574 ἐγὼ
1303 4505 1594 4574 ἀρπῶμαι,
1628 4507 1726 4559 καὶ
1757 4520 1863 4560 πο-

265 4603 593 4671 ρεύσομαι,
621 4601 720 4654 καὶ
742 4600 1034 4668 λήψομαι,
1059 4598 1158 4651 καί
1185 4601 1296 4652 οὐκ
1333 4596 1502 4651 ἔσται
1529 4599 1562 4650 ό
1597 4596 1863 4662 ἐξαιρού-

265 4710 488 4763 μενος.
526 4693 918 4760 Πορεύσομαι,
940 4690 1041 4763 καὶ
1073 4688 1416 4757 ἐπιστρέψω
1444 4690 1529 4755 είς
1550 4689 1655 4741 τὸν
1674 4689 1863 4741 τόπον

264 4801 424 4854 μου,
461 4781 570 4846 ἕως
595 4779 665 4837 οὗ
696 4779 1092 4849 ἁφανισθῶσι.

355 4874 412 4892 η’

352 4874 437 4928 Ξ’.
502 4872 740 4942 Ἐναργῆ
765 4873 1052 4942 καθίστησι
1103 4871 1202 4940 τὴν
1233 4869 1412 4923 αἰτίαν
1461 4869 1528 4922 δι’
1552 4869 1616 4940 ἢν
1651 4867 1866 4936 ὤνησαν

275 4967 388 5037 μὲν
419 4963 578 5016 οὐδὲν
616 4965 664 5016 oi
706 4962 782 5033 τῷ
826 4962 1068 5033 Ἐφραῒμ
1109 4960 1502 5032 ὲπαμύνοντες,
1566 4961 1626 5014 ού
1679 4961 1868 5013 διαπεο

271 5056 567 5110 παύσεται
589 5053 644 5106 δέ
674 5053 740 5107 τὰ
767 5055 864 5124 τῆς
890 5054 1080 5123 ὀδύνης
1122 5054 1323 5117 αὐτοῖς.
1353 5071 1370 5104 ι
1409 5051 1550 5121 Ἐγὼ
1590 5053 1696 5120 γάρ
1730 5053 1868 5120 εἰμι,

1964 4519 2014 4562 et
2045 4512 2198 4579 quasi
2221 4512 2301 4564 leo
2323 4514 2501 4566 domui
2530 4511 2698 4578 ἐκάη,
2730 4521 2778 4564 et
2807 4527 2898 4580 ego
2925 4509 3147 4577 rapiam,
3169 4515 3218 4559 et
3255 4505 3465 4566 vadum,
3486 4510 3534 4555 et

1968 4601 2172 4666 tollam,
2200 4608 2248 4654 et
2280 4617 2381 4654 non
2407 4602 2506 4654 erit
2542 4602 2631 4670 qui
2665 4608 2838 4653 eruat.
2876 4597 2994 4663 Ibo,
3023 4605 3071 4650 et
3101 4602 3331 4649 revertar
3362 4591 3416 4644 in
3448 4588 3534 4642 lo-

1966 4707 2084 4744 cum
2113 4707 2306 4758 meum,
2333 4695 2496 4747 donec
2525 4694 2842 4762 dispeream.

2034 4863 2149 4918 LX.
2185 4865 2524 4922 Manifestam
2568 4865 2724 4922 aﬂ‘ert
2765 4866 3023 4921 rationem
3087 4875 3255 4933 quare
3285 4857 3539 4928 prraim

1966 4957 2223 5010 auxilium
2256 4956 2492 5013 ferentes
2523 4958 2653 5012 nihil
2705 4954 3089 5026 promoverint,
3119 4963 3173 5007 et
3212 4966 3318 5004 non
3349 4962 3531 5003 cessa-

1972 5056 2124 5103 turus
2147 5047 2222 5104 sit
2249 5049 2318 5103 ab
2338 5050 2417 5104 eis
2442 5048 2598 5103 dolor
2629 5062 2836 5102 eorum.
2874 5064 2893 5099 ι
2918 5044 3028 5115 Ego
3059 5044 3203 5098 enim
3228 5055 3371 5103 sum,
3399 5057 3417 5090 ι
3455 5038 3541 5091 in-

273 5148 459 5218 φησὶ,
530 5144 606 5208 ὡς
657 5143 872 5213 πάνθηρ
913 5145 990 5213 τῷ
1049 5144 1307 5215 Ἐφραίμ,
1345 5143 1439 5197 καὶ
1492 5143 1567 5204 ὡς
1623 5141 1759 5193 λέων
1793 5138 1861 5209 τῷ

1971 5137 2102 5205 quit,
2127 5150 2146 5184 ι
2172 5135 2426 5203 Ephraim
2451 5146 2506 5190 ut
2524 5139 2802 5208 panthera,
2831 5147 2886 5192 et
2907 5147 2966 5190 ut
3011 5139 3094 5188 leo
3120 5131 3303 5187 domui
3331 5127 3484 5182 Juda.
3516 5145 3534 5178 ι

270 5241 417 5309 οἴκῳ
471 5235 664 5289 Ἰούδα.
709 5253 727 5286 ι
763 5234 1032 5304 Πρόδηλον
1067 5232 1180 5300 οὖν,
1206 5237 1287 5287 ὅτι
1312 5234 1444 5287 Θεοῦ
1478 5230 1869 5302 παραλύοντος,

272 5336 304 5388 ὁ
332 5332 538 5384 σώσων
559 5327 785 5390 οὐδείς.ι
821 5326 930 5395 Τὴν
957 5327 1062 5396 γὰρ
1091 5331 1244 5397 χεῖρα
1273 5327 1365 5395 τὴν
1385 5323 1594 5392 ὑψηλὴν
1639 5321 1720 5384 τίς
1738 5321 1873 5372 ἁποο

278 5423 560 5492 στρέψει;
589 5420 763 5473 »κατὰ
782 5419 841 5472 τὸ
870 5418 1402 5488 γεγραμμένον.”οτι
1422 5415 1477 5467 δὲ
1500 5414 1592 5466 καὶ
1615 5413 1883 5484 ἡμερότηο’

273 5532 374 5577 τος
395 5513 624 5583 ἁπάσης
647 5510 1012 5583 ἐξῃρημένης,
1039 5509 1106 5563 τὰ
1136 5510 1222 5562 ἐπ’
1250 5509 1434 5567 αὐτοῖς
1467 5503 1718 5571 γενέσθαι
1738 5520 1874 5571 συμ-

1973 5228 2164 5296 Liquet
2199 5241 2348 5297 ergo,
2371 5231 2475 5282 Deo
2509 5232 2762 5299 perdente
2789 5229 3054 5283 neminem
3090 5224 3203 5276 fore
3229 5220 3321 5290 qui
3351 5219 3539 5275 salvet.

1981 5339 1999 5372 ‹
2022 5319 2230 5374 Manum
2261 5319 2405 5375 enim
2435 5321 2699 5376 excelsam
2728 5322 2849 5389 quis
2882 5325 3089 5372 avertet
3107 5315 3152 5346 ”
3175 5314 3198 5367 τ
3219 5330 3238 5365 ι
3291 5319 3352 5366 ut
3403 5311 3530 5366 scri-

1979 5420 2127 5477 ptum
2151 5418 2252 5462 est.
2275 5408 2578 5477 Contigisse
2604 5421 2780 5464 autem
2801 5410 2904 5461 illis
2933 5419 3054 5474 quae
3069 5404 3426 5472 contigerunt,
3452 5400 3544 5454 de-

1980 5499 2137 5553 scrtis
2186 5500 2253 5552 ab
2298 5500 2442 5552 omni
2485 5501 2766 5554 clementia
2800 5497 2892 5552 Dei
2917 5534 2934 5563 ,
2969 5494 3068 5551 sub
3093 5495 3417 5553 velamento,
3452 5489 3548 5541 im—

362 5697 412 5731 υ
447 5696 608 5756 Osee,
643 5711 740 5758 vn,
763 5697 848 5749 1|.
922 5694 967 5726 “
1007 5692 1074 5745 ιν
1105 5695 1236 5761 Reg.
1271 5705 1359 5756 xv,
1393 5687 1475 5741 19.
1553 5686 1596 5718 ⁸⁸
1639 5685 1700 5740 IV
1737 5684 1844 5753 Reg
1898 5687 2001 5746 xvi,
2044 5683 2090 5735 7.
2170 5683 2212 5714 ⁵⁴¹
2255 5678 2396 5734 Psnl.
2422 5693 2586 5747 cxvtt,
2614 5678 2737 5746 8,9.
2814 5680 2856 5712 ⁸⁷
2885 5679 2989 5737 Jcr.
3024 5691 3154 5740 xm,
3185 5671 3300 5728 5-8.
3332 5669 3378 5698 ³⁸
3403 5661 3550 5719 Psai.

282 5787 386 5824 cu
422 5781 509 5832 ιιι,
547 5765 630 5819 56.
705 5768 748 5798 ³³
782 5769 882 5817 Ιδει.
921 5763 1142 5824 xlv,‘27.
