4098 6276
555 362 665 420 159
1538 363 1598 419 S.
1637 361 1905 421 CYRILLI
1945 363 2413 421 ALEXANDRINI
2452 365 2771 421 ARCHIEP.
3699 365 3807 421 160

560 487 744 549 petum
804 490 958 533 suum
1010 476 1334 533 tenibilibus
1380 477 1877 550 robustissimiqu
1931 482 2122 537 belluis
2151 487 2178 543 Α

2190 481 2474 552 ,6έ6ηκεν,
2507 482 2784 552 ύπέφηνεν
2821 477 3258 548 αἰνιγματωδῶς,
3289 479 3402 541 τοῖς
3449 476 3531 529 δτι
3566 475 3808 546 μάλιστα

563 581 883 636 comparans
907 567 1248 638 signiﬁcavit.
1284 566 1551 623 Panthera
1581 570 1726 624 enim
1750 572 2126 630 incitatissimo

2224 573 2414 635 δεινοῖς
2462 573 2555 624 καὶ
2598 571 3000 640 ἀλκιμωτάτοις
3044 567 3254 640 Θηρίοις
3303 567 3404 637 τὴν
3446 565 3659 619 οἰκείαν
3707 569 3802 635 ὁρ-

563 671 723 711 cursn
763 657 933 710 fertur
960 658 1013 710 in
1049 672 1185 726 quos
1210 659 1345 723 vult,
1380 661 1622 729 adeoque
1665 661 1765 716 levi
1798 665 1931 732 pede
1979 667 2124 733 salit,

2229 661 2335 734 μὴν
2362 661 2728 732 παρεικάζων.
2783 662 2843 715 '0
2875 661 2970 731 μὲν
3003 659 3111 728 γὰρ
3145 656 3362 727 πάνθηρ
3392 655 3645 726 ὁξυτάτιρ
3678 657 3807 710 λίαν

564 756 623 801 ut
644 748 729 800 vix
762 748 1045 817 vestigium
1075 749 1194 817 ejus
1219 759 1492 815 cernatur,
1508 767 1682 819 neque
1715 755 1878 809 ullum
1915 757 2125 827 signum

2226 754 2347 807 καθ’
2369 749 2442 807 ὧν
2468 754 2534 807 ἂν
2559 754 2731 808 ἐλοιτο
2763 754 2985 822 φέρεται
3020 751 3224 821 δρόμῳ,
3262 749 3518 818 ἐλαφροῖς
3541 748 3599 802 δέ
3629 748 3808 813 οὕτως

563 836 710 892 humi
746 836 1032 907 relinquat.
1063 839 1157 893 Ast
1186 839 1273 909 leo
1294 844 1627 896 tremendum
1668 846 1880 914 quidem
1909 856 1962 901 et
1998 849 2127 902 hor-

2227 843 2376 915 ᾄττει
2405 844 2580 911 ποσὶν,
2607 845 2682 908 ὡς
2699 844 2831 914 μηδὲ
2862 845 3029 917 τχνοις
3061 840 3290 911 ὁρᾶσθαι
3314 839 3456 909 τάχα
3489 856 3616 902 που,
3653 841 3797 909 μήτε

564 928 803 983 risonum
861 930 914 983 in
960 929 1234 986 montibus
1281 932 1456 1000 rugit,
1516 935 1733 989 tonitrui
1784 938 1989 1004 instar,
2033 955 2130 993 au-

2231 936 2336 1007 μὴν
2362 934 2780 1007 ἐνσημαίνεσθαί
2808 950 2860 987 τι
2886 935 2954 1004 τῇ
2992 933 3085 1001 γῇ.
3127 930 3186 984 '0
3233 930 3291 983 δὲ
3327 929 3464 983 λέων
3514 928 3803 1001 ἐρεύγεται

563 1018 878 1088 dientesque
915 1019 1155 1087 percellit
1199 1022 1616 1091 quodammodo.
1651 1026 1737 1079 Ait
1759 1027 1937 1083 enim:
1976 1047 1994 1080 ι
2021 1029 2130 1084 Leo

2231 1026 2330 1096 μὲν
2369 1026 2427 1078 ὲν
2468 1027 2581 1088 τοῖς
2617 1024 2768 1094 δρεσι
2807 1023 2996 1088 δεινὸν,
3043 1022 3138 1076 καὶ
3177 1020 3471 1092 διασριθὲς,
3512 1021 3609 1074 καὶ
3642 1020 3803 1090 βρον-

563 1107 762 1174 rugiet,
793 1115 848 1161 et
889 1109 1008 1176 quis
1045 1123 1146 1163 non
1198 1110 1511 1166 timebit“?
1534 1135 1552 1166 ι
1590 1114 1702 1171 Nec
1739 1117 1854 1184 ejus
1884 1134 2130 1175 accessus

2226 1116 2293 1186 τῇ
2332 1115 2728 1186 παραπλήσιον,
2780 1114 2874 1169 καὶ
2938 1111 3340 1182 καταπλήττειν
3392 1106 3504 1164 οἷόν
3547 1125 3608 1164 τε
3657 1111 3787 1172 τοὺς

564 1195 763 1261 arceri,
803 1204 856 1250 et
901 1198 984 1252 vis
1012 1197 1314 1254 invadentis
1360 1200 1645 1260 diﬂiculter
1690 1207 1872 1275 repelli
1928 1218 2126 1278 pOtest.

2230 1202 2970 1274 ἀκροωμένους.‹Δέωνγάρ,
3016 1203 3202 1273 φησὶν,
3251 1200 3555 1272 ἐρεύξεται,
3585 1201 3680 1254 καὶ
3718 1199 3803 1263 τίς

567 1284 721 1350 Quod
764 1287 1105 1356 corripuerit,
1141 1290 1282 1345 illico
1322 1294 1518 1361 perdit,
1542 1310 1643 1350 nec
1687 1297 1971 1366 quisquam
2014 1299 2132 1368 ejus

2228 1294 2290 1348 οὐ
2332 1293 2727 1365 φοϐηθήσεταιο
2763 1311 2782 1345 ι
2818 1293 3028 1364 ἄμαχον
3077 1292 3134 1345 δέ
3175 1290 3360 1361 ἔφοδον
3382 1290 3517 1361 ἔχει,
3547 1290 3643 1344 καὶ
3677 1290 3809 1358 σφό-

505 1445 513 1451 ’
568 1376 838 1445 unguibus
875 1380 1195 1448 implicitum
1224 1383 1455 1438 auferat.
1495 1384 1818 1442 Pantheram
1848 1404 2009 1458 porro
2042 1405 2123 1447 ce-

2230 1385 2329 1455 δρα
2355 1384 2678 1454 δυσάντητον
2702 1383 2801 1452 τὴν
2835 1383 3034 1453 ὁρμήν.
3061 1381 3122 1434 Εἰ
3152 1380 3210 1433 δὲ
3255 1380 3320 1450 δή
3358 1397 3410 1433 τι
3439 1379 3616 1441 λάϐοι,
3642 1377 3804 1431 τοῦτο

568 1464 781 1522 leritate
802 1468 980 1525 valere
1004 1480 1061 1525 et
1079 1472 1264 1528 volare
1293 1476 1672 1543 propemodum
1695 1479 1871 1547 prazda
1900 1480 2130 1549 direpta;

2230 1475 2477 1529 διόλωλεν
2535 1474 2715 1538 εὐθὺς,
2769 1474 2863 1528 καὶ
2912 1473 3013 1526 οὐκ
3070 1472 3137 1525 ἂν
3187 1469 3422 1536 ἐξέλοιτό
3472 1486 3557 1532 τις
3573 1466 3637 1520 τὸ
3663 1468 3806 1521 ἐνει-

568 1554 777 1610 leonem
817 1557 1041 1613 bestiam
1076 1575 1196 1617 esse
1227 1564 1481 1630 validam,
1516 1565 1950 1633 imperterritam,
1982 1572 2136 1640 cujus

2232 1562 2579 1634 λημ[μ]ἑνον.
2599 1562 2723 1614 Ὅτι
2760 1560 2816 1613 δὲ
2860 1559 3047 1631 θηρίον
3079 1558 3173 1625 ὀξὺ
3213 1560 3245 1611 ό
3295 1556 3532 1627 πάνθηρ,
3563 1555 3804 1624 ἀφίπτα-

567 1660 825 1703 occursus
856 1650 1206 1717 periculosus,
1235 1653 1346 1721 ipse
1385 1655 1618 1710 ostendit
1662 1671 1784 1711 cum
1814 1658 2089 1731 subjungit
2118 1680 2131 1715 :

2232 1673 2323 1708 ται
2350 1655 2407 1708 δὲ
2437 1652 2647 1724 ὥσπερ,
2676 1652 2737 1705 τὸ
2771 1651 3026 1720 ἐπιτυχδν
3065 1648 3316 1720 ἁρπάσας
3340 1663 3355 1679 ’
3400 1647 3709 1718 ἄθραυστον
3747 1645 3808 1698 δὲ

575 1754 595 1786 ι
627 1735 691 1789 Ει
718 1751 818 1806 ego
864 1741 1090 1808 rapiam,
1124 1752 1178 1797 et
1217 1745 1426 1811 vsdam,
1457 1756 1510 1801 et
1537 1746 1753 1813 tollam;
1783 1757 1838 1804 et
1887 1764 1991 1804 non
2035 1753 2138 1806 erit
2169 1806 2189 1817 ,

2193 1810 2207 1817 ,
2235 1747 2445 1817 χρῆμα,
2470 1744 2564 1798 καὶ
2594 1742 2768 1808 ἀδεὲς,
2799 1742 2893 1796 καὶ
2921 1741 3251 1811 δυσάντητον
3277 1741 3305 1793 ό
3335 1738 3472 1792 λέων
3509 1737 3678 1803 ἐστὶν,
3709 1736 3808 1790 αὖ.

572 1824 664 1892 qui
698 1837 873 1884 eruat.
905 1848 925 1879 ι
956 1830 1069 1886 Hoc
1096 1834 1239 1887 enim
1277 1834 1488 1890 leonum
1521 1838 1699 1893 robori
1746 1843 2029 1898 convenit:
2054 1854 2137 1899 ast
2168 1806 2190 1865 ί

2192 1806 2671 1907 ’τός’-παρέδειξεν
2718 1806 2986 1887 ἐπειπών·
3026 1849 3051 1883 ι·
3080 1806 3191 1885 Keil.
3221 1829 3333 1899 ἐγὼ
3372 1830 3656 1900 ἀρπῶμαι,
3714 1828 3810 1883 καὶ

574 1914 726 1983 illud,
756 1933 777 1967 ι
802 1917 1050 1988 Rapiam,
1084 1931 1137 1975 et
1170 1924 1381 1988 vadam,
1407 1935 1463 1981 et
1507 1927 1732 1993 tollam,»
1764 1934 2022 2000 panthera
2056 1934 2139 1989 fa-

2239 1926 2595 1999 πορεύσομαι,
2627 1927 2720 1977 καὶ
2747 1924 3012 1994 λήψομαι,
3037 1923 3130 1976 καλ⁵
3160 1922 3261 1976 οὐκ
3293 1921 3445 1975 ἔσται
3486 1919 3812 1991 ἐξαιρούμε-

574 2007 669 2068 cit,
710 2016 768 2060 ut
794 2007 927 2062 dixi.
961 2009 1112 2076 Quod
1140 2021 1318 2068 autem
1355 2014 1611 2072 Dominus
1651 2032 1746 2075 eos
1770 2034 1800 2074 a
1827 2022 2021 2090 quibus
2054 2023 2139 2079 of-

2238 2036 2346 2083 νος.
2361 2037 2380 2070 ›
2399 2015 2938 2089 Ἀρμόζειγάρτοῦτο
2960 2016 3027 2085 τῇ
3042 2013 3271 2067 λεόντων
3291 2012 3452 2083 ἀλκῇ’
3470 2011 3533 2063 τὸ
3553 2011 3632 2076 δὲ,
3645 2029 3665 2061 ι
3685 2010 3810 2080 ’Δρ-

574 2094 755 2153 tensus
788 2107 871 2154 est
897 2102 1208 2161 deserturus
1258 2107 1351 2169 sit,
1384 2115 1440 2160 et
1471 2108 1725 2164 auxilium
1753 2125 1889 2180 pene
1927 2113 2143 2168 subtra-

2240 2111 2454 2182 πῶμαι,
2496 2111 2591 2165 καὶ
2615 2106 2973 2180 πορεύσομαι,
3013 2124 3030 2157 ι
3052 2103 3301 2176 δράσειεν
3334 2102 3402 2157 ἂν
3423 2103 3452 2155 ό
3479 2099 3716 2169 πάνθηρ,
3734 2098 3811 2160 ὠς

574 2197 787 2254 cturus,
804 2189 1242 2249 etbenevolentia
1276 2209 1373 2250 sua
1404 2210 1505 2252 eos
1530 2199 1857 2267 priuaturus,
1886 2202 2144 2259 iudicavit

2241 2198 2397 2268 ἐφην.
2426 2197 2553 2249 Ὅτι
2596 2196 2653 2249 δὲ
2693 2196 2787 2249 καὶ
2826 2193 3181 2263 ἀποφοιτήσει
3223 2190 3333 2245 τῶν
3373 2188 3755 2258 λελυπηκότων
3779 2188 3810 2239 ὁ

576 2277 680 2332 illis
709 2278 907 2346 verbis,
936 2299 955 2333 ι
980 2281 1167 2349 lbo,et
1197 2296 1439 2342 revertar
1462 2289 1517 2342 in
1550 2289 1724 2345 locum
1754 2294 2143 2362 meum,donec

2241 2269 2465 2360 Κύριος,
2492 2288 2586 2341 καὶ⁸
2611 2286 2891 2358 μονονουχὶ
2925 2284 3299 2354 συστελεῖ“τὴν
3335 2281 3674 2354 ἐπικουρίαν,
3717 2278 3812 2333 καὶ

576 2369 904 2438 dispereant.
935 2390 955 2425 ι
987 2371 1143 2430 Nullo
1175 2377 1388 2445 quidem
1425 2379 1588 2436 modo
1627 2381 1885 2438 divinitas
1914 2384 2031 2439 loco
2054 2384 2145 2439 in-

2242 2376 2604 2446 ἀποστερήσει
2621 2374 2680 2428 τὸ
2699 2372 2944 2443 εὐμενὲς,
2972 2373 3400 2444 διαμεμήνυκεν,
3422 2372 3612 2427 εἰπών·
3649 2389 3670 2423 ι
3708 2372 3812 2423 Πο-

575 2456 812 2512 cluditur
838 2475 900 2516 ac
917 2462 1191 2519 delinitur.
1217 2466 1325 2522 Sed
1352 2469 1543 2524 adesse
1575 2471 1898 2538 quibusdam
1925 2474 2144 2541 dicitur,

2248 2465 2532 2537 ρεύσομαι,
2559 2467 2655 2519 καὶ
2683 2465 2996 2537 ἐπιστρέψω
3029 2467 3110 2528 εἰς
3136 2456 3229 2518 τόν
3267 2464 3432 2518 τόπον
3466 2481 3588 2534 μου,
3615 2461 3721 2525 ἕως
3748 2453 3810 2514 οὗ

578 2559 701 2600 cum
731 2561 824 2603 eos
857 2553 1030 2618 gratia
1056 2565 1109 2609 et
1138 2554 1324 2612 favore
1346 2572 1447 2612 suo
1476 2561 1676 2615 donat:
1712 2561 1908 2618 abesse
1932 2578 2146 2620 rursum

2244 2555 2603 2626 ἁφανισθῶσι.
2628 2573 2646 2608 ι
2679 2555 2841 2625 Τόπῳ
2871 2554 2968 2626 μὲν
2989 2554 3099 2626 γὰρ
3127 2553 3507 2626 ἀπεριόριστον
3533 2549 3812 2611 παντελῶς

577 2635 648 2692 ab
673 2637 742 2694 iis
773 2640 865 2709 qui
902 2656 1282 2711 peccaverunt,
1303 2651 1518 2717 quando
1552 2666 1647 2707 eos
1674 2661 1979 2721 aversatur,
2014 2655 2148 2712 leni-

2243 2647 2306 2701 τὸ
2327 2647 2480 2706 θεῖόν
2512 2648 2628 2700 ἐστι
2646 2662 2660 2678 ο
2687 2648 2939 2717 παρεῖναι
2971 2645 3034 2698 δὲ
3056 2644 3278 2713 λέγεταί
3307 2661 3469 2707 τισιν,
3500 2644 3631 2696 ὅταν
3657 2637 3816 2710 χαρίιι

580 2735 852 2800 tatcmque
881 2747 1033 2788 suam
1068 2735 1198 2806 ipsis
1229 2740 1465 2798 tribuere
1487 2742 1704 2800 desinit.
1732 2743 1807 2799 De
1849 2743 1961 2801 Deo
2000 2747 2147 2803 enim

2246 2739 2406 2809 ζηται
2438 2737 2536 2809 τὴν
2556 2737 2842 2806 εὐμένειαν
2863 2753 2878 2765 ·
2909 2735 3125 2788 ἀπεῖναι
3162 2734 3219 2787 δέ
3248 2727 3316 2787 αὖ
3344 2731 3453 2785 τῶν
3492 2726 3816 2800 ἡμαρτηκό-

581 2835 733 2878 more
761 2823 994 2880 humano
1030 2824 1308 2896 loquitur;
1334 2831 1428 2885 sed
1459 2845 1523 2885 ea
1558 2840 1718 2902 prout
1758 2834 1831 2890 illi
1862 2843 2151 2893 consenta-

2245 2846 2372 2896 των,
2413 2829 2538 2883 ὅταν
2567 2828 2763 2890 αὐτοὺς
2794 2826 3224 2897 ἀποστρέφηται,
3272 2824 3367 2878 καὶ
3394 2822 3677 2890 ἀνακόπτῃ
3715 2819 3819 2887 τὴν

583 2928 745 2969 neum
774 2926 860 2972 est
883 2917 1257 2990 intelligimus.

2247 2920 2579 2993 ἡμερότητα,
2623 2917 2879 2972 Λαλεῖται
2921 2917 3021 2987 μὲν
3059 2915 3167 2986 γὰρ
3201 2912 3556 2983 ἀνθρωπίνως
3588 2910 3659 2964 τὰ
3689 2906 3823 2975 ’περὶ¹

1505 3057 1508 3061 ~
2248 3009 2404 3073 Θεοῦ,
2427 3008 2626 3063 νοεῖται
2652 3024 2715 3077 γε
2753 3008 2880 3079 μὴν,
2907 3007 2984 3071 ὡς
3007 3004 3075 3060 ἂν
3100 3001 3247 3071 αὐτῷ
3281 3000 3499 3069 πρέποι.

585 3082 726 3231 “Et
780 3087 1046 3158 requirent
1098 3090 1287 3161 facient
1346 3108 1514 3150 meam
1574 3111 1693 3150 cum
1740 3097 1933 3166 fuerint
1988 3100 2203 3191 Μῦν-ί

641 3176 701 3231 ti.

2216 3130 2223 3190 ς
2323 3100 2434 3156 Καὶ
2462 3075 2885 3169 ἐπιζθητῆσουσι
2919 3090 3333 3163 εὐπρόσωπόν
3363 3104 3485 3159 μου
3511 3085 3663 3141 ὅταν
3692 3075 3834 3143 ἀλεε-

2252 3190 2456 3231 «(sum

641 3176 701 3233 ti.
2181 3176 2222 3191 υ
2252 3190 2461 3246 ϐῶσιν.

650 3266 795 3329 LXI.
827 3268 1153 3340 lmpotenter
1175 3274 1243 3330 ad
1276 3273 1481 3331 nefaria
1508 3260 1921 3346 declinantibus,
1946 3287 2002 3335 et
2037 3280 2157 3337 sine
2262 3284 2266 3287 ⁷

2262 3284 2266 3287 ⁷
2322 3280 2443 3335 ΞΑθ.
2501 3280 2621 3335 Ὅτι
2662 3279 2737 3350 μὴ
2775 3278 2899 3346 εἰκῆ
2928 3277 3040 3339 τοῖς
3090 3271 3342 3344 ἀχάλινον
3378 3267 3593 3339 ἔχουσιν
3630 3265 3726 3321 ἐπὶ
3758 3266 3827 3320 τὰ

589 3360 695 3416 line
722 3375 947 3430 peccare
959 3363 1129 3421 solitis
1162 3383 1265 3421 non
1292 3376 1514 3432 temere,
1537 3371 1631 3425 sed
1660 3370 1729 3426 ad
1753 3372 2038 3428 utilitatem
2062 3387 2154 3442 po-

2253 3373 2449 3444 αἰσχίω
2492 3371 2589 3442 τὴν
2624 3370 2814 3442 ῥοπὴν,
2870 3368 2963 3420 καὶ
3007 3367 3120 3427 τοῖς
3166 3361 3560 3429 ἀκαταλὴκτως
3607 3356 3825 3411 εἰωθόσι

591 3451 720 3517 tius,
748 3463 805 3508 et
832 3463 1087 3525 tanquam
1122 3458 1444 3514 medicinam
1475 3474 1505 3513 a
1541 3461 1649 3516 Deo
1676 3475 2043 3531 saepenumero
2073 3464 2157 3519 in-

2256 3464 2596 3536 πλημμελεῖν
2623 3461 2944 3531 ἐπιφέρεται
2966 3455 3221 3517 πολλάκις
3245 3451 3396 3524 παρά
3410 3448 3546 3504 Θεοῦ
3564 3447 3821 3512 τάλδεινά,

587 3541 868 3598 commoda
908 3543 1210 3614 importari,
1241 3547 1431 3602 iterum
1459 3548 1571 3621 94
1596 3551 1772 3606 docet.
1808 3550 2156 3624 Contempto-

2257 3555 2393 3624 πρὸς
2426 3553 2691 3623 ὠφελείας
2722 3553 2779 3606 δὲ
2810 3548 3027 3621 μᾶλλον,
3053 3545 3148 3599 καὶ
3175 3545 3251 3607 ὡς
3276 3544 3335 3597 ἐν
3364 3542 3596 3611 ἰάματος
3616 3538 3826 3610 τρόπῳ,

590 3632 675 3685 res
702 3634 844 3687 enim
874 3634 1067 3690 divinae
1101 3638 1526 3694 mansuetudinis
1562 3651 1617 3695 et
1649 3641 1960 3711 ignorantes
1985 3658 2044 3698 se
2090 3645 2159 3699 ad

2257 3647 2498 3701 διδάσκει
2531 3644 2713 3697 πάλιν.
2739 3643 2801 3696 Oi
2831 3639 2941 3710 γὰρ
2978 3638 3079 3707 τῆς
3126 3633 3275 3697 θείας
3304 3629 3643 3704 ἡμερότητος
3669 3643 3824 3681 κατα-

590 3720 958 3787 paenitentiam
1006 3731 1114 3779 tam
1147 3725 1446 3782 incredibili
1476 3728 1756 3785 tolerantia
1801 3731 2040 3798 invitari,
2073 3732 2161 3787 in-

2260 3735 2546 3809 φρονηταὶ,
2582 3734 2678 3787 καὶ
2703 3729 3035 3802 ἠγνοηκότες
3059 3729 3140 3781 ὅτι
3165 3724 3320 3779 καλεῖ
3353 3722 3490 3794 πρὸς
3547 3718 3823 3790 μετάγνω-

589 3808 915 3867 tlammatam
948 3813 1068 3884 ejus
1101 3816 1236 3871 iram
1290 3833 1396 3873 non
1444 3817 1699 3889 eﬂ‘ugient
1743 3821 1852 3877 ullo
1901 3826 2060 3880 modo
2077 3824 2158 3892 “;

2263 3808 2348 3883 σιν
2377 3826 2438 3880 τό
2465 3826 2563 3897 τῆς
2593 3822 2942 3889 ἀνεξικακίας
2972 3817 3224 3889 μέγεθος,
3246 3814 3354 3869 τῶν
3381 3813 3440 3878 ἐξ
3470 3812 3642 3882 όργῆς
3678 3826 3818 3897 xv.qu-

591 3901 835 3968 quinimo
869 3904 1195 3962 calamitatis
1238 3907 1533 3964 acerbitate
1577 3910 1736 3966 fracti
1776 3925 1841 3966 ac
1876 3913 2160 3981 debilitati,

2266 3920 2451 3991 μάτων
2507 3896 2569 3971 οὐ
2630 3910 2970 3986 περιέσονταί
3013 3908 3177 3963 ποθεν
3221 3925 3236 3938 ’
3272 3903 3736 3991 περιθραυόμενοι
3772 3896 3824 3950 δὲ

593 3990 723 4059 quid
749 3992 850 4047 sibi
893 3996 1160 4051 conducat
1184 3996 1519 4067 intelligent:
1556 4009 1611 4053 et
1645 4000 1841 4068 quibus
1874 4002 2003 4057 nihil
2032 4018 2162 4072 pro-

2268 3989 2466 4083 μᾶλλον
2509 4010 2576 4079 τῇ
2617 4007 2714 4078 τῆς
2766 4003 3052 4072 συμφορᾶς
3100 3997 3407 4068 ἀγριότητι,
3455 3993 3517 4046 τὸ
3557 3989 3832 4083 συμφέρον

593 4079 698 4137 fuit
723 4082 1151 4156 benignitas,eos
1175 4090 1242 4146 ad
1276 4089 1523 4146 notitiam
1553 4090 1801 4147 utilitatis
1829 4106 1940 4149 suae
1965 4108 2164 4150 aerum—

2267 4079 2684 4170 ἐπιγινώσκουσι
2701 4113 2715 4127 °
2746 4096 2841 4151 καὶ
2860 4094 2953 4159 οὓς
2972 4092 3126 4147 οὐδὲν
3147 4090 3355 4160 ὤνησεν
3374 4087 3408 4158 ἡ
3435 4079 3832 4152 φιλανθρωπία,

593 4188 788 4230 narum
813 4177 1071 4246 supplicia
1100 4180 1384 4238 inducunt.
1417 4180 1880 4249 Quemadmodum
1912 4186 2055 4241 enim
2080 4186 2164 4240 af-

2267 4193 2402 4266 πρὸς
2440 4193 2539 4264 τὴν
2567 4190 2659 4246 τοῦ
2697 4188 3066 4258 συμφέροντος
3095 4181 3359 4253 ἀποφέρει
3379 4176 3580 4248 γνῶσιν
3612 4172 3674 4266 τὸ
3703 4185 3836 4225 κατ-

595 4260 767 4319 t'ectus
799 4280 1081 4334 corporum
1114 4273 1483 4337 graviores,et
1514 4272 1722 4329 lenibus
1756 4275 2167 4331 medicamentis

2268 4260 2591 4348 αίκίςεσθαι.
2637 4279 2737 4335 “Ov
2783 4277 2891 4348 γὰρ
2948 4275 3148 4347 τρόπον
3190 4271 3258 4325 τά
3310 4272 3370 4324 ὲν
3416 4270 3528 4331 τοῖς
3583 4263 3836 4333 σώμασιν

597 4364 703 4406 non
739 4354 1010 4423 cedentes,
1042 4357 1154 4425 igni
1181 4356 1430 4427 ferroque
1465 4360 1774 4429 frequenter
1802 4373 2163 4429 superantur:

2270 4373 2617 4445 ἀγριαίνοντα
2647 4369 2756 4424 τῶν
2781 4367 2985 4429 παθῶν,
3011 4366 3105 4419 καὶ
3130 4365 3229 4417 ὅσα
3259 4361 3334 4433 μὴ
3359 4362 3472 4424 τοῖς
3492 4356 3669 4428 ὴπίοις
3693 4353 3845 4445 εἴκει

595 4443 810 4509 eodem,
836 4444 1049 4513 opinor,
1086 4447 1244 4502 modo
1269 4462 1333 4502 ac
1367 4448 1577 4503 ratione
1609 4451 1889 4510 animabus
1917 4452 2169 4508 humanis
2199 4456 2213 4511 1

2227 4458 2245 4508 )
2275 4442 2604 4532 φαρμάκοις,
2637 4458 2768 4528 πυρὶ⁵
2787 4457 2880 4511 καὶ
2906 4456 3106 4527 σιδήρῳ
3134 4453 3351 4506 νικᾶται
3376 4447 3631 4506 πολλάκις
3653 4460 3667 4476 ο
3695 4442 3845 4496 κατὰ

596 4527 821 4588 aﬂectus
858 4547 955 4589 seu
992 4534 1120 4589 vitia
1161 4536 1530 4605 contiugentia
1573 4538 1677 4594 nisi
1716 4539 1935 4595 mitibus
1980 4542 2162 4600 verbis

2276 4527 2370 4606 τὸν
2396 4527 2530 4615 ῖσον,
2566 4527 2738 4619 οἶμαι,
2766 4548 2961 4619 τρόπον
2991 4562 3049 4599 τε
3094 4543 3187 4597 καὶ⁵
3218 4541 3398 4610 λόγον,
3429 4539 3524 4594 καὶ
3548 4536 3616 4590 τὰ
3636 4537 3696 4589 ἐν
3721 4534 3844 4596 ταῖς

597 4622 813 4687 cedant,
833 4633 886 4676 et
917 4626 1162 4691 prudenti
1197 4628 1608 4684 ratiocinatione
1629 4630 1933 4698 vincantur,
1960 4632 2160 4690 labori-

2277 4640 2643 4714 ἀνθρωπίναις
2692 4639 2891 4708 ψυχαῖς
2953 4632 3413 4704 ἐπισυμὸαίνοντα
3454 4627 3625 4697 πάθη,
3670 4625 3718 4679 εί
3767 4622 3843 4714 tri]

598 4714 722 4777 bus,
744 4721 799 4767 ct
831 4712 1077 4785 ﬂagellis,
1101 4728 1155 4773 et
1188 4720 1346 4775 saevis
1376 4720 1775 4777 calamitatibus
1803 4722 2161 4792 depellunmr.

2279 4710 2533 4802 χρηστοῖς
2580 4729 2791 4785 ὑπείκει
2822 4726 3020 4794 λόγοις,
3065 4722 3199 4794 μηδὲ
3242 4716 3486 4789 λογισμῷ
3518 4717 3736 4770 νικᾶται
3766 4710 3846 4780 τῷ

599 4800 969 4862 Tribulatione
1006 4808 1171 4875 igitur
1210 4813 1409 4878 pressi,
1440 4820 1552 4867 tum
1582 4814 1671 4868 vix
1709 4813 1941 4881 tandem,
1971 4818 2165 4888 inquit,

2281 4800 2551 4894 σώφρονι,
2603 4821 2750 4891 πόνῳ
2798 4817 2893 4872 καὶ
2942 4816 3167 4886 μάστιγι
3222 4812 3316 4864 καὶ
3360 4810 3479 4871 ταῖς
3525 4805 3848 4894 ἀνηκέστοις

606 4893 839 4952 «faciem
880 4913 1057 4955 meam
1088 4902 1386 4971 requirent.
1411 4921 1431 4956 ι
1466 4902 1600 4958 Cum
1636 4903 1779 4959 enim
1818 4906 1955 4961 bona
1984 4887 2059 4962 in
2075 4923 2168 4978 po-

2281 4887 2669 4988 παραχωροῦσι
2720 4887 3045 4980 συμφοραῖς.
3105 4899 3553 4973 Ἐκτεθλιμμένοι
3610 4897 3677 4967 δὴ
3733 4887 3850 4988 adv,

601 4994 794 5043 testate
830 5000 976 5055 sunt,
1003 4992 1246 5050 homines
1282 4992 1652 5063 imprudentes
1689 4997 1819 5065 ipsis
1860 5000 2054 5069 gaudia
2084 5001 2167 5056 ta-

2273 4982 2393 5059 τὸτε
2508 4982 2680 5068 μόλις,
2705 5000 2861 5070 φησὶ,
2906 5016 2925 5048 ι
2955 4996 3029 5049 Τὸ
3060 4993 3195 5064 ἐμὸν
3233 4989 3630 5059 ἐπιζητήσουσι
3678 4982 3853 5073 πρόσξ-

600 5077 829 5134 cientem
860 5096 967 5136 non
996 5083 1227 5138 multum
1254 5085 1549 5140 curant.At
1576 5086 1621 5141 si
1648 5088 2171 5156 optatissimiscxua-

2272 5110 2440 5148 ωπον.
2548 5092 2831 5162 Κειμένων
2865 5088 2975 5158 γὰρ
3002 5089 3059 5140 ἐν
3104 5083 3324 5153 ἐξουσία
3364 5080 3473 5134 τῶν
3506 5072 3848 5162 ἀγαθῶν,ᾼοῦ

602 5183 747 5235 mur,
772 5178 882 5227 tum
918 5188 1048 5231 vero
1079 5176 1258 5232 acrius
1291 5190 1356 5231 ca
1388 5177 1774 5244 desiderantes,
1801 5193 2018 5235 sensum
2053 5196 2167 5236 mo-

2275 5184 2444 5255 πολλὴ
2480 5184 2592 5245 τοῖς
2640 5159 2917 5240 ἀσυνέτοις
2945 5177 2979 5246 ἠ
3008 5172 3103 5228 τοῦ
3136 5167 3626 5241 κατευφραίνοντος
3659 5159 3855 5255 αἴσθη-

604 5257 778 5318 lcstite
825 5264 1194 5324 incredibilem
1266 5276 1321 5325 et
1374 5256 1815 5333 inconsolabilem
1866 5273 2166 5328 haurimus.

2277 5291 2380 5338 σις.
2409 5250 2474 5327 lii
2499 5272 2556 5325 δὲ
2579 5271 2645 5342 δὴ
2662 5270 2768 5324 τῶν
2790 5266 2963 5329 οὕτως
2995 5261 3394 5318 εὐκταιοτάτων
3426 5250 3856 5342 ἀποστερεῖσθαι

612 5350 789 5407 cCum
815 5354 997 5425 itaque
1040 5361 1280 5418 tribulati
1328 5360 1547 5427 fuerint,
1580 5371 1706 5417 tunc
1761 5362 1953 5419 faciem
1998 5378 2173 5420 meam

2282 5363 2587 5433 συμϐαίνοι,
2626 5338 2747 5414 τότε
2795 5358 2859 5429 δὴ
2915 5356 3150 5426 μάλιστα
3197 5349 3548 5423 δριμυτέραις
3584 5343 3671 5397 ἐπ’

609 5443 902 5511 requirent.
938 5466 957 5498 ι
2280 5428 2398 5517 ταῖς
2438 5451 2752 5522 ἐπιθυμίαις
2793 5428 3087 5521 ἐρχόμεθα.
3134 5438 3505 5513 Είσδεχόμεθα
3540 5435 3599 5489 δὲ
3652 5428 3857 5522 πολλὴν

615 5534 711 5588 καὶ
747 5534 1150 5601 ἀνταγώνιστον
1177 5541 1270 5595 τοῦ
1327 5542 1624 5608 λυποῦντος
1684 5544 1783 5615 τὴν
1828 5542 2098 5615 αἴσθησιν.
2141 5545 2306 5600 «Ὅτε
2337 5544 2514 5599 τοίνυν
2569 5541 2812 5605 θλιόῶσι,
2880 5538 3002 5592 τότε
3050 5535 3111 5589 τὸ
3161 5532 3292 5603 ἐμὸν
3346 5529 3640 5600 ζητήσουσι
3690 5519 3860 5592 πρόσ-

609 5639 781 5677 ωπον.
814 5640 831 5674 ι
2072 5644 2073 5647 “

680 5716 727 5747 ⁸ο
759 5714 948 5778 Amos,
974 5724 1057 5776 Ill,
1086 5711 1138 5767 8.
1214 5717 1253 5747 θ’
1286 5719 1439 5774 Rom.
1473 5737 1535 5785 lt,
1555 5723 1588 5776 3
1616 5737 1735 5790 sqq.
