4098 6276
308 384 406 442 {Gl

1229 375 1785 432 COMMENTARIUS
1823 376 1899 431 IN
1930 375 2165 433 OSEAM
2204 377 2644 436 PROPIIETAM.

3466 384 3571 439 l6!

387 493 575 545 Ἐοικε
594 489 650 544 δὲ
680 488 712 542 δ
742 487 897 558 λόγος
920 490 1246 562 εὐαφόρμως
1272 491 1569 561 ἀναφοιτᾷν
1592 491 1687 543 ἐπὶ
1709 490 1771 542 τὸ
1794 488 1890 542 τοῦ

2068 490 2293 547 Videtur
2320 507 2500 549 sermo
2519 491 2897 564 percommode
2928 490 2997 546 ad
3017 490 3217 547 Christi
3246 495 3565 564 mysterium

311 581 552 653 Χριστοῦ
584 582 898 651 μυστήριον,
932 580 1027 635 καὶ
1058 582 1157 651 τὴν
1193 581 1260 634 δι’
1279 580 1447 634 αὐτοῦ
1486 580 1755 651 λύτρωσιν
1822 599 1885 634 τε

316 674 413 727 καὶ
446 671 579 741 πρὸς
601 671 736 725 Θεὸν
762 672 1100 743 ἐπιστροφὴν
1128 669 1187 727 εὖ
1214 672 1361 743 μάλα
1404 672 1773 743 παραδηλοῦν.
1814 672 1889 725 Τὸ

316 763 425 831 γὰρ
445 760 773 831 ζητούμενον
790 762 883 814 τοῦ
909 761 1046 815 Θεοῦ
1065 763 1376 832 πρόσωπον,
1410 762 1571 825 αὐτὸς
1598 760 1665 814 ἂν
1693 762 1885 821 νοοῖτο,

316 854 410 906 καὶ
453 852 658 924 σφόδρα
680 853 942 921 εἰκότως,
977 854 1007 905 δ
1034 853 1182 920 Υἱὸς,
1218 872 1238 906 ι
1278 855 1375 917 Ὃς
1395 854 1544 907 ἐστιν
1573 851 1758 916 εἰκὼν,
1796 852 1891 906 καὶ

311 941 679 1011 ἀπαύγασμα,
733 942 827 995 καὶ
884 945 1177 1014 χαρακτὴρ
1229 944 1329 1012 τῆς
1384 942 1735 1005 ὑποστάσεως
1794 941 1889 995 τοῦ

318 1034 554 1105 Πατρός.
617 1053 638 1086 ι
680 1033 976 1104 Πρόσωπον
1021 1030 1115 1088 οὖν
1157 1034 1221 1087 τὸ
1262 1033 1462 1103 ἀληθὲς
1498 1034 1591 1089 τοῦ
1630 1034 1766 1087 Θεοῦ
1796 1035 1891 1088 καὶ

323 1122 561 1193 Πατρὸς,
588 1125 617 1176 ὁ
652 1122 778 1186 Υἱὸς
800 1162 816 1188 ,
849 1122 1006 1195 εἴπερ
1053 1126 1111 1178 ὲν
1139 1123 1290 1194 αύτῷ
1323 1123 1686 1193 γινώσκεται,
1724 1143 1743 1175 ι
1780 1124 1892 1178 Καὶ

318 1212 580 1283 ἑωρακὼς
608 1214 789 1280 αὑτὸν,
819 1213 1031 1283 ἑώρακε
1054 1215 1145 1267 τὸν
1175 1215 1413 1286 Πατέρα.
1449 1234 1469 1267 ι
1513 1217 1701 1287 Οὕτως
1729 1216 1890 1270 αὑτὸν

315 1303 567 1374 ὀνομάζει
595 1307 624 1358 ὁ
651 1305 935 1370 θεσπέσιος
982 1306 1255 1376 Μελῳδὸς,
1308 1308 1445 1378 πρὸς
1496 1306 1588 1361 τὸν
1623 1307 1733 1362 τῶν
1756 1307 1893 1361 ὅλων

317 1394 450 1448 Θεὸν
482 1396 880 1467 ἀνακεκραγώς
938 1413 998 1449 τε
1043 1397 1137 1449 καὶ
1163 1397 1365 1467 λέγων·
1423 1415 1443 1449 ι
1485 1398 1559 1449 Τὸ
1599 1397 1890 1467 πρόσωπόν

318 1501 411 1537 σου
439 1485 702 1553 ἐπίφανον
747 1488 840 1540 ἐπὶ
871 1485 965 1541 τὸν
995 1487 1180 1541 δοῦλόν
1214 1504 1330 1543 σου.
1372 1507 1391 1540 ι
1425 1489 1534 1542 Καὶ
1570 1488 1678 1558 μὴν
1699 1486 1794 1540 καὶ
1815 1487 1892 1550 ὡς

318 1577 385 1630 ὲκ
404 1574 700 1647 προσώπου
740 1576 851 1629 τῶν
878 1578 1353 1643 πεπιστευκότων,
1392 1580 1487 1633 καὶ
1520 1576 1891 1649 μεμορφωμέ-

318 1687 427 1724 νων
459 1669 563 1740 ἤδη
584 1669 721 1739 πρὸς
742 1670 833 1724 τὸν
861 1671 989 1725 Υίδν
1007 1671 1095 1725 διὰ
1116 1670 1254 1724 Πνεύ
1262 1688 1451 1742 ματος,
1483 1689 1503 1723 ι
1548 1669 1892 1739 Ἐσημειώθη

319 1760 406 1826 ἐφ’
441 1760 589 1829 ἡμᾶς
612 1760 675 1812 τὸ
709 1758 826 1828 φῶς
859 1761 955 1813 τοῦ
993 1760 1285 1830 προσώπου
1323 1779 1440 1826 σου,
1486 1760 1679 1830 Κύριε.
1724 1778 1745 1811 ι
1804 1760 1895 1822 Ὠς

319 1849 432 1920 γάρ
460 1866 627 1918 φησιν
653 1852 682 1903 ὀ
711 1852 1019 1923 προφήτης,
1044 1868 1063 1903 ι
1097 1850 1216 1915 Φῶς
1246 1851 1538 1921 προσώπου
1561 1849 1736 1922 ἡμῶν,
1766 1850 1895 1920 Χρι-
1926 1855 1969 1910 Β

322 1942 448 2005 στος
475 1941 697 2012 Κύρπ.
735 1961 756 1996 ι

899 2077 1151 2133 ΚΕΦΑΛ.
1208 2081 1300 2146 ς’.

403 2182 736 2253 Ὀρθριοῦσι
784 2188 932 2255 πρός
975 2205 1073 2259 με,
1126 2189 1411 2259 λέγοντες
1436 2205 1451 2220 ·
1489 2189 1894 2260 Πορευθιῖψεν,

319 2275 417 2329 καὶ
446 2277 901 2347 ἐπιστρέψωμεν
943 2279 1102 2347 πρὸς
1125 2281 1347 2348 Κύριον
1370 2281 1476 2335 τὸν
1518 2282 1665 2335 Θεὸν
1702 2282 1892 2349 ἡμῶν,

321 2364 409 2418 ὅτι
436 2366 618 2433 αὐτὸς
653 2366 943 2435 ἥρπακεν,
974 2368 1074 2421 καὶ
1128 2369 1357 2435 ἰάσεται
1404 2368 1582 2439 ἡμᾶς,
1622 2370 1891 2437 πατάξει,

320 2456 414 2509 καὶ
457 2456 716 2525 μοτώσει
755 2456 914 2526 ἡμᾶς
937 2473 951 2488 ’
984 2458 1219 2528 ὑγιάσει
1257 2459 1416 2528 ἡμᾶς
1446 2460 1596 2530 μετὰ
1621 2460 1731 2513 δύο
1763 2462 1897 2531 ἡμέ-

316 2564 427 2614 ρας
444 2562 457 2575 ·
486 2546 556 2598 ἐν
572 2547 760 2615 ἡμέρᾳ
783 2547 855 2616 τῇ
874 2549 1042 2620 τρίτῃ
1068 2548 1625 2617 ἐξαναστησόμεθα,
1663 2552 1761 2604 καὶ
1799 2551 1895 2621 ζη-

319 2637 546 2705 σόμεθα
572 2637 827 2691 ἐνώπιον
889 2639 1096 2704 αὑτοῦ,
1145 2640 1243 2694 καὶ
1279 2641 1649 2710 γνωσόμεθα.
1685 2642 1895 2707 Διώξο-

315 2744 435 2795 μεν
462 2727 568 2781 τοῦ
612 2726 831 2796 γνῶναι
862 2729 968 2781 τὸν
995 2730 1235 2796 Κύριον.
1275 2730 1372 2795 Ὧς
1407 2730 1622 2799 ὄρθρον
1661 2731 1898 2801 ἕτοιμον

319 2814 661 2884 εὑρήσομεν
700 2814 906 2879 αὐτὸν,
937 2815 1036 2869 καὶ
1060 2815 1192 2884 ἣξει
1222 2817 1303 2884 ὡς
1325 2818 1499 2883 ὑετὸς
1531 2819 1678 2888 ἡμῖν
1719 2821 1894 2889 πρώϊ-

313 2923 434 2974 μος
451 2923 550 2961 και
578 2906 798 2976 ὄψιμος
1234 2894 1239 2899 ’

388 3020 507 3074 ΞΒ’.
547 3020 622 3074 Τὸ
675 3038 694 3072 ι
720 3020 1074 3091 ὁρθριοῦσινι
1129 3021 1189 3074 ιν
1241 3020 1451 3084 τούτοις
1500 3021 1895 3094 ὑποσημαίνειν

320 3109 516 3176 ἔοικεν,
567 3111 648 3165 ὅτι
700 3110 955 3180 καθάπερ
1010 3111 1072 3177 ἐξ
1124 3110 1292 3165 ὕπνου
1335 3112 1746 3185 διεγηγερμένοι
1792 3116 1897 3185 τῆς

322 3201 545 3273 ἐνούσης
570 3202 825 3266 ἀϐουλίας
857 3203 1064 3267 αὐτοῖς,
1101 3204 1196 3256 καὶ
1228 3203 1659 3268 οίονείπωςυάπὸ
1705 3205 1897 3270 νυκτὸς
1924 3187 1969 3245 c

324 3296 421 3347 καὶ
441 3295 659 3359 σκότους
687 3294 1037 3364 ἐνηνεγμένω
1064 3293 1250 3347 λοιπὸν
1273 3295 1354 3357 είς
1381 3293 1497 3363 φῶς
1526 3295 1620 3347 καὶ
1662 3297 1897 3367 ἡμέραν,

330 3384 707 3454 προτροπάδην
743 3385 991 3450 ἀλλήλοις
1026 3385 1487 3455 ὲπιφωνήσουσιν,
1520 3386 1602 3440 ὃτι
1633 3389 1901 3457 προσήκει

329 3473 516 3526 λοιπὸν
543 3475 879 3546 ἐπιστρέφειν
920 3474 1057 3547 πρὸς
1097 3475 1324 3548 Κύριον.
1364 3474 1657 3546 Ἀνάνηψις
1684 3476 1739 3529 δὲ
1760 3476 1898 3549 αὕτη

330 3562 441 3616 τῶν
460 3565 550 3626 ,είς
577 3565 788 3632 ἀπάτην
816 3565 1222 3637 ώλισθηκάτων,
1252 3566 1350 3619 καὶ
1377 3566 1497 3628 ταῖς
1532 3565 1639 3618 τῶν
1667 3564 1900 3620 εἰδώλων

330 3653 597 3724 λατρείαις
631 3655 1081 3729 ἐνειλημ[μ]ἑνων
1099 3697 1112 3710 .
1141 3656 1374 3727 Νήψεως
1398 3656 1506 3728 γὰρ
1535 3656 1634 3728 ἤδη
1658 3658 1893 3728 καρπὸς,

322 3745 388 3799 τὸ
416 3746 609 3817 ἀχλύος
644 3748 742 3818 μὲν
782 3747 888 3814 ἔξω
937 3746 1189 3816 γενέσθαι
1224 3747 1428 3819 ζητεῖν,
1468 3747 1572 3818 τῆς
1606 3746 1897 3819 δαιμονιώ-

317 3835 434 3898 δους
471 3835 713 3907 δηλονότι
736 3854 750 3868 ο
781 3836 924 3905 φωτὶ
950 3836 1006 3889 δὲ
1030 3835 1217 3907 ὥσπερ
1254 3835 1333 3905 τῷ
1360 3836 1488 3907 θείῳ
1514 3835 1698 3891 λοιπὸν
1729 3838 1898 3907 ἐκμε-

321 3926 729 3997 μεστωμένους,
758 3926 904 3996 ὀρθῷ
936 3925 1172 3997 διᾴττειν
1205 3926 1390 3996 σκοπῷ
1430 3927 1567 3998 πρὸς
1604 3928 1899 3996 ἐπίγνωσιν

313 4016 412 4068 τοῦ
443 4017 604 4085 φύσει
636 4034 697 4069 τε
744 4016 838 4068 καὶ
865 4016 1078 4086 ἀληθῶς
1099 4017 1234 4070 Θεοῦ
1272 4018 1368 4071 καὶ
1397 4019 1698 4083 Δεσπότου,
1722 4020 1898 4073 καίτοι

318 4108 491 4162 πάλαι
527 4108 939 4176 διακειμένους,
997 4110 1077 4160 ὅτι
1115 4108 1229 4160 θεοὶ
1271 4109 1367 4162 καλ⁵
1403 4108 1580 4180 κύριοι
1618 4109 1759 4163 κατά
1805 4111 1897 4165 τὸν

319 4200 530 4269 κόσμον
577 4200 715 4251 εἰσιν
746 4215 760 4228 ο
797 4199 872 4263 ὡς
921 4199 1001 4261 εἰς
1025 4197 1183 4249 τοῦτο
1205 4196 1522 4251 καθικέσθαι
1558 4198 1894 4263 δυσϐουλίας,

319 4290 464 4343 ὥστε
494 4289 586 4341 καὶ
616 4288 696 4358 τῷ
728 4287 871 4360 ξύλῳ
920 4288 1118 4358 λέγειν·
1177 4304 1196 4338 ι
1225 4287 1416 4357 Πατήρ
1449 4304 1550 4357 μου
1591 4282 1643 4341 εἷ
1671 4286 1734 4341 σύ
1755 4305 1773 4324 ο
1803 4290 1895 4344 καὶ

314 4378 395 4450 τῷ
425 4379 576 4450 λίθῳ,
612 4380 685 4433 Σὺ
721 4377 1056 4449 ὲγγέννησάς
1096 4394 1220 4448 με.»
1278 4375 1556 4447 Ἐπιμένει
1593 4380 1649 4432 δὲ
1680 4379 1709 4431 ό
1737 4377 1890 4448 λόγος

313 4473 383 4539 τῇ
430 4472 628 4540 τροπῇ.
699 4469 809 4522 Θὲα
857 4469 967 4538 γὰρ
1019 4468 1171 4530 ὅπως
1217 4464 1466 4535 καθάπερ
1516 4467 1608 4518 ἐπὶ
1655 4466 1886 4533 λέοντος,
1921 4510 1965 4566 D

316 4563 485 4631 ἤγουν
515 4562 698 4629 ἑτέρου
731 4560 945 4631 θηρίου,
977 4559 1109 4628 φασί
1154 4558 1234 4621 τὸ,
1276 4576 1293 4609 ι
1313 4556 1484 4620 Αὐτὸς
1514 4557 1751 4628 ἥρπασε,
1796 4560 1890 4611 καὶ

319 4653 528 4705 ἰάσεται
587 4652 753 4721 ἡμᾶς.
784 4669 802 4702 ι
857 4649 1072 4720 Ἐπειδὴ
1120 4649 1228 4719 γὰρ
1290 4647 1517 4717 ἔφασκε,
1584 4648 1730 4700 «Καὶ
1778 4647 1892 4716 ἐγὼ

315 4742 512 4810 ἔσομαι
535 4740 608 4804 ὡς
631 4741 844 4811 πάνθηρ
867 4740 944 4810 τῷ
984 4740 1241 4811 Ἑφραῖμ,
1272 4737 1367 4791 καὶ
1398 4738 1472 4802 ὡς
1501 4737 1634 4791 λέων
1657 4737 1734 4809 τῷ
1758 4738 1892 4809 οἴκῳ

330 4831 523 4894 Ἰούδα,
558 4831 651 4883 καὶ
680 4831 788 4898 ἐγὼ
831 4831 1116 4904 ἁρπῶμαι,
1143 4831 1236 4884 καὶ
1268 4829 1626 4900 πορεύσομαι,
1664 4830 1755 4882 καὶ
1792 4830 1891 4882 οὐκ

313 4922 471 4973 ἔσται
514 4922 542 4972 ὁ
582 4922 978 4992 ἐξαιρούμενος,
1002 4942 1021 4972 ι
1059 4923 1395 4992 τετηρήκασι
1441 4924 1540 4992 τῆς
1579 4922 1890 4992 μεταφορᾶς

310 5012 375 5065 τὸ
400 5011 608 5081 σχῆμα,
638 5013 729 5065 καί
763 5030 943 5080 φασιν,
960 5013 1042 5065 ὅτι
1073 5011 1400 5083 θεραπεύσει
1421 5013 1635 5075 πάντως
1662 5012 1690 5063 ὁ
1720 5012 1888 5081 ἁρπά-

312 5117 435 5163 σας.
474 5100 684 5170 Ὥσπερ
714 5101 820 5171 γὰρ
865 5101 1170 5171 λελύπηκεν
1212 5104 1245 5170 ἡ
1299 5100 1457 5171 ὀργὴ,
1503 5102 1886 5169 κατευφραίνει

309 5209 414 5244 που
444 5191 660 5254 πάντως
689 5193 814 5254 τοὺς
855 5191 1188 5254 πεπονθότας
1221 5192 1287 5244 τὰ
1318 5193 1383 5243 ἐκ
1424 5191 1521 5260 τῆς
1551 5192 1889 5260 ἡμερότητος

1991 581 2189 648 redire,
2219 592 2275 635 ct
2303 583 2727 650 redemptionem
2769 598 2863 651 per
2885 582 3060 648 illum,
3090 591 3251 652 atque
3292 583 3360 638 ad
3394 582 3564 639 Deum

1990 673 2400 725 conversionem
2426 685 2592 740 prope
2625 672 2914 726 admodum
2942 660 3271 743 sig'nihcare.
3303 671 3438 728 Nam
3484 671 3565 727 fa-

1990 763 2101 818 cies
2125 760 2217 815 Dei
2254 776 2375 830 quae
2412 764 2737 830 requiretur,
2768 763 2883 831 ipse
2918 762 3088 819 Filius
3126 765 3566 820 commodissime

1989 851 2217 920 intelligi
2242 862 2426 919 queat,
2464 868 2484 902 ι
2513 850 2606 921 qui
2641 860 2726 906 est
2773 853 2973 922 imago,
3003 862 3058 909 et
3100 854 3375 925 splendor,
3411 864 3465 910 et
3505 855 3568 909 li-

1990 958 2121 1010 gura
2150 942 2467 998 substantia:
2496 942 2670 997 Patris
2690 944 2758 998 ".
2786 961 2806 996 ι
2840 943 2979 997 Vera
3003 945 3167 1012 igitur
3199 946 3370 1002 facies
3398 948 3492 1002 Dei
3511 956 3568 1001 et

1990 1032 2189 1100 Patris,
2213 1033 2385 1089 Filius
2410 1051 2426 1088 :
2451 1032 2719 1102 siquidem
2747 1033 2799 1087 in
2838 1046 2904 1089 eo
2929 1035 3294 1104 cognoscitur.
3336 1055 3356 1088 ι
3388 1046 3444 1092 et
3474 1037 3567 1105 qui

1991 1124 2125 1179 vidit
2157 1126 2354 1194 ipsum,
2385 1124 2519 1180 vidit
2544 1133 2599 1180 et
2631 1123 2842 1178 Patrem
2861 1123 2928 1176 ⁸³.
2961 1143 2979 1176 ι
3010 1125 3126 1189 Quo
3161 1125 3376 1180 nomine
3405 1135 3459 1179 et
3488 1128 3568 1180 tli-

1991 1214 2146 1269 vinus
2191 1214 2393 1269 Cantor
2441 1227 2563 1268 eum
2609 1212 2863 1281 appellat,
2895 1213 2962 1267 ad
2993 1213 3363 1267 universorum
3398 1214 3568 1268 Deum

1990 1301 2255 1365 clamans,
2283 1310 2338 1355 et
2386 1301 2606 1356 dicens:
2639 1318 2658 1351 ι
2685 1300 2901 1355 Faciem
2941 1308 3088 1355 tuam
3122 1300 3367 1356 illumina
3405 1316 3569 1369 super

1990 1407 2206 1447 servum
2262 1402 2413 1446 tuum
2439 1392 2503 1445 “.
2532 1411 2550 1444 ι
2586 1389 2724 1458 Quin
2763 1391 2925 1445 etiam
2955 1401 3013 1446 ut
3046 1406 3112 1446 ex
3153 1405 3384 1461 persona
3434 1392 3565 1447 ﬁde-

1992 1482 2145 1548 lium,
2182 1492 2359 1551 et.per
2389 1483 2651 1552 Spiritum
2676 1483 2788 1552 jam
2828 1483 2892 1536 ad
2926 1481 3117 1537 Filium
3156 1482 3565 1539 transformam-

1992 1588 2132 1638 rum,
2170 1591 2188 1623 ι
2213 1573 2494 1642 Signatum
2522 1584 2625 1640 est,
2656 1574 2848 1643 inquit,
2878 1589 3040 1643 super
3066 1588 3163 1628 nos
3186 1573 3362 1629 lumen
3387 1573 3569 1630 vultus

1994 1662 2091 1728 tui,
2128 1661 2352 1716 Domine
2375 1662 2441 1717 ⁸⁵.
2469 1682 2486 1714 ι
2544 1661 2614 1716 Ut
2654 1664 2796 1717 enim
2850 1664 2924 1716 ait
2965 1662 3222 1731 propheta
3253 1680 3270 1718 :
3318 1682 3338 1716 ι
3362 1663 3568 1721 Lumen

1992 1750 2149 1808 faciei
2178 1761 2374 1807 noetrae
2404 1751 2653 1808 Christus
2688 1750 2948 1808 Dominus
2972 1751 3038 1806 “.
3066 1769 3088 1803 ι

2644 2056 2797 2114 CAP.
2835 2044 2921 2113 Vt.

2065 2190 2230 2246 Vens.
2278 2190 2397 2246 1-5.
2432 2189 2773 2245 Mauicabunt
2808 2192 2878 2245 ad
2923 2207 3004 2247 me
3042 2191 3309 2248 dicentes:
3341 2190 3563 2259 Ea:.....-,

1994 2292 2042 2337 et
2075 2292 2400 2339 revertamur
2422 2285 2490 2336 ad
2522 2282 2803 2338 Dominum
2832 2283 2995 2338 Deum
3020 2294 3276 2357 nostrum,
3298 2289 3424 2356 quia
3458 2289 3567 2358 ipse

1995 2375 2191 2441 rapuit,
2216 2383 2266 2428 et
2321 2375 2525 2429 sanabit
2572 2391 2687 2441 nos,
2722 2375 2991 2444 percutiet,
3031 2387 3077 2431 et
3127 2379 3278 2446 quasi
3324 2379 3567 2447 penicillo

1996 2464 2289 2519 vulnerario
2323 2467 2490 2519 indito
2515 2466 2719 2519 curabit
2748 2483 2878 2532 nos;
2916 2468 3121 2521 sanabit
3165 2484 3256 2522 nos
3284 2478 3398 2536 post
3433 2471 3567 2525 duos

1995 2556 2136 2620 dies;
2167 2556 2223 2610 in
2251 2557 2334 2611 die
2356 2556 2513 2611 tertia
2543 2572 2892 2627 resurgemus,
2918 2566 2966 2611 et
2994 2559 3218 2614 vivemus
3247 2559 3356 2630 95
3389 2576 3566 2615 coram

1994 2662 2074 2710 eo,
2123 2654 2175 2699 et
2222 2661 2605 2715 εοθηοιεεηιιισ.
2656 2642 3055 2715 Persequemur,
3096 2657 3568 2725 ut'cognoscamus

1996 2732 2299 2788 Dominum.
2335 2733 2501 2800 Quasi
2530 2751 2681 2789 mane
2713 2746 2960 2803 paratum
2996 2738 3311 2793 inveniemus
3352 2756 3492 2807 eum,
3520 2751 3569 2794 ct
3644 2776 3648 2783 ρ

1996 2826 2159 2879 veniet
2181 2834 2235 2878 ut
2258 2825 2434 2895 pluvia
2456 2825 2932 2913 nobisotempestiva
2965 2836 3014 2882 et
3032 2828 3260 2884 serotiua
3285 2837 3460 2885 terra.

2065 3018 2226 3075 LXII.
2264 3039 2282 3074 ι
2324 3020 2480 3077 Mane
2510 3030 2856 3092 consurgent.
2880 3039 2902 3076 ι
2940 3021 3043 3078 hoc
3081 3024 3202 3078 loco
3238 3022 3448 3080 videtur
3489 3024 3568 3080 si-

1996 3106 2272 3175 gnificare,
2315 3107 2480 3161 semel
2512 3122 2542 3162 a
2584 3123 2774 3163 somno
2830 3109 3114 3166 dementia
3158 3125 3262 3181 qua
3322 3121 3571 3169 tenentur

2000 3197 2280 3264 excitatos,
2315 3206 2369 3251 et
2393 3197 2545 3267 quasi
2568 3212 2599 3253 e
2620 3206 2778 3254 nocte
2802 3209 2965 3269 atque
2987 3200 3223 3257 tenebris
3265 3201 3334 3258 de
3373 3214 3569 3260 caetero

2002 3290 2054 3343 in
2077 3289 2247 3345 lucem
2285 3299 2339 3345 et
2374 3289 2513 3345 diem
2546 3291 2837 3362 ingressos,
2867 3293 3007 3349 inter
3028 3308 3089 3349 se
3118 3294 3450 3351 cohortando
3471 3310 3567 3354 ac-

1999 3378 2330 3437 clamaturos
2396 3381 2590 3437 decere
2623 3382 2674 3436 in
2720 3392 2995 3452 posterum
3031 3388 3228 3441 reverti
3274 3391 3341 3445 ad
3388 3390 3566 3446 Domi-

2000 3487 2146 3527 num.
2178 3471 2275 3528 Est
2299 3482 2479 3528 autem
2506 3473 2620 3530 haec
2661 3474 3025 3543 resipiscentia
3062 3480 3405 3536 seductorum
3449 3483 3570 3538 ido-

1999 3560 2281 3632 lorumque
2303 3563 2534 3620 cultibus
2564 3563 2947 3621 involutorum.
2983 3566 3391 3639 Resipiscentim
3420 3573 3566 3628 enim

2000 3651 2226 3719 fructus,
2254 3668 2496 3724 quaerere
2527 3667 2558 3707 e
2604 3654 2837 3710 tenebris
2872 3657 3108 3724 absolvi,
3144 3658 3443 3724 diabolicis,
3477 3662 3562 3716 in-

1998 3757 2187 3813 quam,
2218 3758 2283 3798 ac
2326 3744 2582 3813 deinceps
2631 3744 2774 3796 velut
2818 3744 3000 3799 divino
3048 3747 3250 3804 lumine
3310 3751 3564 3821 repletos,

2000 3845 2148 3889 recto
2168 3849 2331 3903 scopo
2355 3835 2421 3888 ad
2447 3843 2693 3889 naturam
2723 3845 2776 3890 et
2798 3850 2921 3891 vere
2950 3834 3044 3892 Dei
3070 3852 3136 3894 ac
3169 3838 3381 3899 Domini
3411 3842 3564 3912 agni-

2000 3925 2198 3979 tionem
2234 3938 2545 3994 properare,
2593 3923 2719 3979 licet
2759 3925 2963 3995 pridem
3002 3930 3290 3997 senserint,
3336 3930 3466 3989 deos
3501 3947 3567 3989 ac

1997 4015 2243 4071 dominos
2283 4015 2335 4069 in
2368 4016 2565 4070 mundo
2592 4029 2731 4071 esse.
2759 4013 2912 4070 Unde
2942 4030 3005 4071 eo
3030 4017 3272 4073 stultitiae
3306 4035 3566 4089 pervene-

1998 4116 2141 4171 runt,
2170 4108 2414 4161 utetiam
2445 4106 2589 4176 ligno
2623 4105 2867 4161 dicerent
2894 4124 2907 4158 :
2942 4124 2961 4156 ι
3000 4106 3159 4160 Pater
3182 4124 3332 4163 meus
3360 4125 3421 4165 es
3457 4120 3512 4164 tu
3545 4130 3560 4166 :

1995 4207 2050 4252 et
2081 4196 2278 4264 lapidi:
2313 4195 2391 4249 Tu
2415 4210 2502 4251 me
2532 4195 2763 4264 genuisti
2790 4194 2852 4248 ⁸⁷.
2886 4211 2905 4245 ›
2950 4193 3130 4250 Manet
3165 4206 3345 4252 autem
3386 4212 3565 4255 sermo

1998 4289 2254 4356 tropicus.
2316 4285 2449 4341 Vide
2490 4286 2632 4340 enim
2679 4284 2946 4354 quomodo
3005 4293 3258 4356 tanquam
3306 4289 3372 4343 de
3413 4288 3565 4345 leone

1995 4386 2086 4430 aut
2113 4375 2215 4429 alia
2251 4374 2359 4429 fera
2387 4374 2594 4438 dicunt,
2634 4392 2652 4425 ι
2678 4374 2797 4444 Ipse
2831 4374 3027 4443 rapuit,
3054 4384 3107 4429 et
3130 4376 3340 4431 sanabit
3380 4392 3497 4433 nos.
3540 4398 3557 4429 ι

1995 4468 2279 4538 Postquam
2333 4467 2476 4521 enim
2516 4466 2670 4529 dixit,
2720 4483 2738 4517 ι
2793 4466 2860 4521 Et
2911 4480 3009 4534 ego
3063 4480 3157 4520 ero
3206 4475 3263 4519 ut
3306 4469 3563 4534 panthera

1993 4558 2273 4627 Ephraim,
2307 4566 2361 4611 et
2404 4567 2462 4610 ut
2493 4555 2575 4611 leo
2613 4557 2791 4611 domui
2819 4555 2983 4623 Juda;
3029 4566 3082 4611 et
3116 4571 3214 4628 ego
3249 4558 3475 4627 rapiam,
3510 4572 3564 4614 et

1994 4648 2207 4714 vadem,
2248 4656 2302 4701 et
2347 4661 2453 4699 non
2484 4646 2721 4714 erit,qui
2770 4655 2944 4708 eruat,
3002 4663 3020 4697 ι
3067 4654 3285 4699 set-Vaut
3336 4645 3562 4715 ﬁgurant

1994 4739 2322 4807 metaphora:
2374 4736 2632 4805 aiuntque
2662 4733 2773 4787 ;Ο;ι
2799 4735 2924 4788 nino
2965 4736 3176 4789 sanabit
3220 4734 3309 4803 qui
3366 4736 3560 4803 rapuit.

1994 4828 2146 4885 Sicut
2177 4830 2317 4883 enim
2348 4831 2425 4882 ira
2455 4826 2812 4888 contristavit,
2844 4826 2921 4879 sic
2956 4824 3093 4879 bona
3142 4840 3205 4878 ex
3249 4837 3563 4880 mansuetu-

1994 4920 2117 4975 dine
2146 4920 2416 4988 impertita
2448 4916 2674 4971 aﬂlictos
2709 4930 2929 4985 prorsus
2958 4914 3352 4969 exhilarabunt.
3390 4915 3561 4970 Simul

1993 5019 2049 5063 et
2070 5009 2198 5063 illud
2229 5008 2609 5077 intelligemus,
2632 5004 2741 5058 Deo
2769 5004 3028 5073 quosdam
3057 5011 3352 5072 premente,
3373 5014 3560 5058 contra

1993 5099 2090 5153 niti
2132 5100 2400 5152 neminem
2425 5111 2611 5166 posse;
2657 5095 2749 5148 scd
2790 5094 3108 5147 miserorum
3155 5092 3316 5148 rebus
3355 5094 3470 5163 ipso
3507 5104 3560 5146 et

1996 5189 2113 5244 solo
2144 5189 2209 5243 ad
2236 5188 2627 5243 restitutionem
2660 5201 2792 5254 opus
2822 5199 2960 5238 esse.

308 5286 508 5354 ἀγαθά.
587 5288 752 5355 Ὁμοῦ
814 5286 871 5339 δὲ
925 5287 1155 5339 κάκεῖνα
1215 5288 1543 5357 συνήσομεν,
1606 5286 1687 5337 ὅτι
1754 5286 1886 5338 Θεοῦ
1928 5284 2219 5347 κακοῦντός
2286 5300 2455 5347 τινας,
2512 5281 2756 5350 ὀνήσειεν
2793 5281 2856 5332 ἂν
2895 5277 3101 5338 οὐδείς·
3132 5277 3374 5334 δέοιτοδ’
3401 5277 3465 5334 ἂν
3490 5279 3558 5334 τά

306 5380 421 5433 τῶν
459 5378 803 5433 πεπονθότων
829 5377 994 5443 αὑτοῦ
1033 5396 1091 5431 τε
1120 5378 1215 5431 καὶ
1243 5377 1405 5447 μόνου
1436 5376 1570 5445 πρὸς
1599 5377 1986 5447 ἐπανόρθωσιν.

385 5472 447 5523 Ei.
477 5471 532 5523 δὲ
562 5469 668 5541 χρὴ
703 5470 794 5522 καὶ⁹
830 5471 915 5537 ἐφ’
945 5470 1189 5531 ἅπαντας
1224 5466 1431 5520 ἁπλοῦν
1456 5468 1579 5530 τοὺς
1613 5467 1771 5531 όντας
1800 5468 1892 5519 ἐπὶ

310 5562 413 5632 τῆς
450 5562 551 5630 γῆς
586 5563 684 5633 τῆς
718 5563 1053 5634 προφητείας
1098 5556 1204 5630 τὴν
1247 5559 1497 5627 δύναμιν»
1545 5559 1720 5611 έκεῖνο
1766 5577 1889 5612 συν·

384 5738 431 5769 ⁸¹
457 5735 614 5796 llehr.
646 5756 684 5805 ι,
717 5742 770 5796 5.
852 5740 895 5770 ⁸³
922 5738 1077 5795 Joan.
1111 5754 1225 5801 xlv,
1250 5737 1303 5791 9.
1385 5737 1427 5767 ενι
1453 5737 1934 5802 Psal.cxvm,155

2070 5468 2220 5534 Quod
2247 5470 2291 5522 si
2322 5464 2613 5535 prophetiae
2637 5477 2717 5516 VIS
2749 5463 2811 5515 ad
2850 5475 3038 5516 omnes
3081 5463 3333 5520 mortales
3371 5473 3555 5520 exten-

1996 5560 2166 5614 denda
2207 5567 2309 5622 est,
2350 5559 2492 5610 hunc
2534 5567 2750 5610 sensum
2786 5553 3077 5609 cliciemus.
3109 5555 3307 5624 Rapuit
3334 5555 3387 5610 in
3410 5554 3555 5625 prin-

1943 5778 1953 5789 .
2031 5738 2073 5767 εδ
2105 5735 2246 5790 Psal.
2282 5748 2352 5799 ιν,
2391 5732 2439 5783 '7.
2486 5733 2529 5762 “'
2563 5731 2761 5787 Tltt‘cn.
2790 5749 2864 5801 tv,
2892 5734 2980 5787 c20.
3057 5735 3100 5765 ⁶⁷
3135 5731 3243 5787 Jcr.
3278 5745 3338 5792 tt,
3372 5726 3460 5778 27.
