4098 6276
525 381 632 438 165
1503 374 1564 430 S.
1605 370 1882 430 CYRILLI
1921 360 2391 423 ALEXANDRINI
2427 360 2746 417 ARCHIEP.
3668 361 3783 416 16$
4019 223 4025 486 ‘

521 497 664 566 cipio
697 494 930 552 hominis
963 504 1210 550 naturam
1244 495 1412 550 Adam
1445 509 1461 550 :
1490 495 1673 550 statim
1692 493 1888 562 quippe
1921 490 2084 544 male-

2196 484 2413 554 ησομεν.
2449 482 2701 551 Ἦρπασε
2746 480 2843 551 μὲν
2883 481 2993 552 γὰρ
3033 480 3094 535 ἐν
3121 479 3318 552 ἀρχαῖς
3340 476 3438 549 τὴν
3482 475 3782 548 ἀνθρώπου

525 589 675 644 dicto
715 586 1002 640 obnoxiam
1050 586 1298 664 reddidit,
1342 586 1612 655 mortique
1659 595 1712 639 et
1761 583 2091 652 corruptioni

523 678 771 747 subjecit.
807 675 1078 731 Percussit
1112 677 1277 747 igitur
1307 677 1421 743 ira;
1469 681 1564 730 sed
1593 675 1762 746 gratia
1794 675 1938 728 velut
1961 675 2094 728 lina-

524 777 706 823 mento
739 766 794 820 in
846 766 1039 821 vulnus
1078 766 1333 836 imposito
1387 767 1621 824 curavit.
1679 765 1905 820 Sanavit
1951 771 2093 819 enim

522 858 797 924 Christus;
829 857 894 910 ad
921 858 1248 926 agnitionem
1279 871 1418 911 vera:
1451 857 1672 912 visionis
1697 857 1892 911 divinae
1933 871 2093 911 voca-

522 949 630 1014 vit;
664 963 761 1018 per
804 948 1066 1018 Spiritum
1109 949 1173 1002 ad
1229 949 1600 1003 mandatorum
1663 949 2094 1004 observationem

521 1041 894 1106 conﬁrmavit;
936 1041 1123 1094 beatos
1166 1041 1360 1094 iterum
1420 1039 1578 1107 fecit;
1624 1041 1956 1110 corruptioni
2000 1055 2096 1096 ex-

522 1133 674 1196 emit,
702 1140 757 1184 et
787 1130 1062 1196 veteribus
1103 1131 1328 1197 morbis,
1357 1141 1576 1202 peccato
1592 1131 1796 1186 scilicet
1823 1147 1884 1186 ac
1900 1131 2099 1201 passio-

531 1219 715 1283 nibus,
746 1217 1014 1273 liberavit.
1044 1217 1349 1274 Evenerunt
1372 1244 1375 1245 ν
1397 1231 1572 1276 autem
1628 1222 1742 1276 haec
1785 1221 2098 1278 mortalibus

526 1323 633 1364 non
668 1317 730 1364 ut
768 1309 943 1378 primo
975 1311 1227 1377 maxime,
1265 1321 1357 1364 aut
1407 1311 1641 1367 secundo
1692 1321 1954 1383 tempore,
2003 1313 2097 1368 sed

528 1410 586 1452 ut
615 1400 666 1454 in
697 1401 876 1463 tertio,
917 1401 1016 1453 hoc
1037 1409 1140 1463 est,
1178 1401 1231 1455 in
1265 1401 1453 1454 ultimo
1486 1416 1549 1456 ac
1590 1410 1860 1470 supremo.
1905 1403 2098 1458 Omnia

525 1489 789 1558 siquidem
821 1498 1057 1559 tempora
1093 1490 1264 1545 tribus
1291 1491 1545 1561 gradibus
1583 1491 1695 1562 96
1736 1494 2095 1558 continentur,

523 1582 721 1650 primo,
753 1583 952 1647 medio,
986 1582 1196 1646 ultimo,
1225 1597 1333 1652 quo
1363 1582 1518 1637 nobis
1547 1582 1794 1639 Christus
1829 1587 2094 1654 apparuit.

524 1673 729 1728 idcirco
763 1677 907 1728 velut
936 1687 1000 1726 ex
1030 1674 1234 1728 medica
1268 1675 1603 1741 experientia
1629 1677 1809 1730 dicunt
1838 1695 1851 1731 :
1882 1676 2100 1733 Curatio

527 1766 682 1819 nobis
727 1773 848 1834 post
890 1765 1005 1820 dies
1047 1767 1182 1818 duos
1219 1767 1451 1831 eveniet,
1497 1769 1813 1836 prophetico
1849 1783 2100 1824 sermone

2194 574 2356 644 φύσιν
2382 575 2410 627 6
2461 573 2654 643 Ἀδάμ·
2687 572 2960 645 ἐπάρατον
2982 572 3092 643 γάρ
3118 571 3396 641 ἀπέφηνεν
3429 568 3611 632 εὐθὺς,
3641 569 3787 621 ὑπο-

2193 665 2306 728 θεὶς
2356 663 2570 732 Θανάτῳ
2619 663 2713 716 καὶ
2774 663 2971 734 φθορᾷ.
3016 661 3227 716 οὐκοῦν
3265 659 3496 730 έπληξεν
3542 660 3576 730 ἡ
3607 659 3784 730 ὀργὴ,

2193 753 2307 807 ἀλλ’
2361 753 2636 822 ἐμότωσεν
2685 754 2719 822 ἡ
2778 751 2956 822 χάρις.
3013 750 3227 804 ’ἰάσατο
3281 751 3390 820 γὰρ
3443 751 3472 802 ό
3513 747 3782 819 Χριστὸς,

2195 845 2468 914 κέκληκεν
2511 843 2648 914 πρὸς
2703 842 3004 911 ἐπίγνωσιν
3051 843 3152 912 τῆς
3205 840 3440 912 ἀληθοῦς
3492 839 3782 904 θεοπτίας,

2195 935 2443 1005 ἑδραίους
2499 933 2749 1004 ἀπέφηνε
2800 931 2889 986 διὰ
2923 932 3017 988 τοῦ
3061 933 3375 1002 Πνεύματος
3423 931 3504 994 εἰς
3544 931 3784 1000 τήρησιν

2194 1025 2441 1089 ἐντολῶν,
2474 1024 2749 1095 ζηλωτοὺς
2789 1022 3039 1091 ἀπέδειξε
3091 1022 3250 1076 πάλιν
3288 1021 3382 1075 καὶ
3413 1021 3618 1092 φθορᾶς
3645 1022 3782 1074 ἐπέ-

2195 1133 2349 1172 κεινα
2403 1115 2593 1180 τιθεὶς,
2645 1114 2741 1169 καὶ
2789 1114 2899 1168 τῶν
2955 1113 3198 1184 ἀρχαίων
3253 1112 3400 1182 ἡμᾶς
3459 1110 3779 1176 ἀπαλλάξας

2195 1207 2680 1282 ἀρρωστημάτων,
2731 1205 3004 1276 ἁμαρτίας
3058 1205 3144 1274 δὴ,
3185 1202 3348 1270 λέγω,
3403 1202 3496 1255 καὶ
3563 1200 3774 1254 παθῶν.

2197 1301 2524 1372 Συμϐἐόηκε
2551 1300 2608 1352 δὲ
2635 1299 2704 1352 τὰ
2732 1298 2908 1351 τοιάδε
2941 1299 3054 1359 τοῖς
3085 1296 3179 1347 ἐπὶ
3204 1294 3304 1362 τῆς
3339 1292 3463 1361 γῆς,
3492 1293 3590 1361 οὐχ
3616 1291 3694 1354 ὡς
3717 1293 3782 1344 ἐν

2198 1391 2400 1464 πρώτῳ
2429 1390 2650 1462 μᾶλλον,
2681 1389 2850 1459 ἠγουν
2878 1389 2936 1440 ἐν
2966 1385 3203 1455 δευτέρῳ
3234 1383 3433 1453 καιρῷ,
3467 1381 3584 1436 ἀλλ’
3614 1381 3692 1444 ὡς
3718 1383 3779 1435 ἐν

2197 1485 2388 1554 τρίτῳ,
2417 1482 2684 1546 τουτέστι,
2717 1479 2796 1550 τῷ
2823 1477 3019 1548 λοίσθῳ
3072 1476 3168 1528 καὶ
3220 1474 3532 1542 τελευταίῳ.
3578 1472 3780 1542 Χρόνοι

2201 1575 2300 1644 μὲν
2338 1575 2447 1644 γὰρ
2491 1573 2540 1625 oi
2588 1570 2788 1633 πάντες
2849 1566 3210 1639 ἀριθμοῦνται
3254 1568 3420 1636 τρεῖς,
3475 1563 3776 1635 πρῶτόςτε

2200 1665 2293 1718 καὶ
2331 1664 2513 1735 μέσος,
2551 1662 2644 1716 καὶ
2673 1661 2999 1724 τελευταῖος,
3036 1658 3158 1712 καθ’
3196 1657 3254 1710 ὃν
3290 1658 3423 1727 ἡμῖν
3449 1655 3719 1724 ἐπέφανεν
3747 1657 3780 1707 6

2201 1753 2456 1823 Χριστός.
2481 1749 2748 1821 Ταύτῃτοί
2772 1764 2956 1818 φασιν,
2985 1748 3067 1800 ὅτι
3090 1747 3159 1799 τά
3189 1746 3289 1816 τῆς
3328 1742 3617 1815 μοτώσεως
3645 1745 3778 1812 ἡμῖν

528 1870 694 1908 unum
722 1855 863 1910 diem
896 1870 992 1924 pro
1029 1865 1270 1924 tempore
1302 1857 1454 1911 nobis
1489 1860 1757 1915 metiente.
1805 1858 1974 1924 Tunc,
2013 1861 2094 1915 in-

2198 1842 2451 1914 καθάπερ
2484 1842 2543 1909 ἐξ
2577 1841 2826 1912 ἰατρικῆς
2850 1837 3141 1910 ἐμπειρίας
3168 1835 3320 1889 ἔσται
3349 1833 3488 1924 μετὰ
3521 1833 3614 1886 δύο
3639 1832 3780 1924 iud:

526 1945 668 2015 quit,
699 1963 718 1995 ι
764 1943 1175 2013 Persequemur,
1210 1955 1271 2000 ut
1299 1962 1684 2018 cognoscamus
1730 1949 2035 2005 Dominum.
2072 1968 2091 2002 ι

526 2033 935 2105 Persequemur,
964 2051 1078 2105 pro,
1111 2039 1465 2104 studebimus,
1497 2041 1662 2094 aiunt.
1681 2039 1830 2096 Tunc
1854 2051 1909 2096 et
1944 2061 1962 2094 ι
1996 2041 2100 2096 Rc-

529 2141 837 2194 surgemus,
869 2135 922 2180 et
963 2127 1205 2179 vivemus
1240 2142 1423 2182 coram
1452 2129 1558 2184 illo.
1593 2149 1612 2181 ι
1655 2131 2099 2188 Consurreximus

528 2217 670 2270 enim
705 2232 824 2269 eum
857 2215 1074 2270 Christo
1107 2217 1184 2281 ης
1211 2229 1262 2271 et
1295 2220 1544 2286 quoniam
1569 2237 1706 2276 unus
1735 2239 1831 2292 pro
1852 2225 2099 2279 omnibus

526 2318 770 2362 mortuus
803 2315 906 2370 est,
964 2308 1081 2377 ejus
1125 2308 1290 2363 vitam
1338 2309 1567 2365 vivimus
1615 2313 1681 2377 ⁸³,
1732 2327 1837 2366 non
1876 2312 1982 2382 jam
2031 2315 2099 2368 ab

527 2399 702 2454 oculis
742 2398 835 2451 Dei
881 2407 1102 2467 prepter
1141 2402 1626 2469 transgressionem
1666 2403 1878 2470 remoti,
1925 2417 2101 2472 neque

531 2504 786 2560 tanquam
824 2499 944 2559 post
975 2501 1183 2560 tergum
1212 2502 1432 2559 propter
1456 2503 1729 2561 peccatum
1749 2493 1972 2560 abiecti;
2003 2495 2097 2550 sed

529 2584 596 2637 ad
643 2565 986 2650 conspectum
1029 2583 1097 2636 de
1146 2591 1344 2636 caetero
1378 2585 1618 2646 admissi,
1653 2593 1705 2638 et
1745 2585 1989 2641 ﬁduciam
2043 2587 2095 2642 in

530 2674 648 2742 ipso
667 2681 887 2742 propter
907 2672 1174 2742 justitiam
1202 2671 1254 2726 in
1279 2671 1490 2727 Christo
1520 2674 1798 2730 habentes.
1833 2675 1894 2729 Et
1915 2690 2009 2744 per
2035 2675 2100 2729 il-

528 2765 636 2818 lum
662 2765 822 2818 etiam
865 2765 1036 2832 ipsum
1083 2759 1299 2818 Patrem
1339 2779 1435 2819 nos
1461 2765 1795 2836 cognovisse,
1825 2777 1878 2822 et
1907 2766 2098 2821 Filium

528 2853 696 2908 nostri
722 2852 950 2908 similem
983 2851 1202 2916 factum,
1237 2851 1623 2920 plenitudinem
1653 2853 1806 2907 nobis
1843 2867 1961 2908 esse
1984 2857 2102 2908 oni-

528 2943 614 2998 nis
634 2943 757 2997 boni
782 2941 1128 3006 conlitentur,
1152 2941 1413 3004 diemtes,
1449 2959 1467 2992 ι
1492 2940 1654 3006 Quasi
1681 2958 1838 2998 mane
1853 2954 2098 3011 paratum

528 3031 864 3087 inveniemus
903 3045 1047 3091 eum,
1088 3047 1107 3081 ι
1149 3027 1251 3083 hoc
1292 3038 1398 3093 est,
1439 3036 1502 3082 ut
1531 3030 1709 3085 lumen
1745 3034 2014 3098 exoriens,
2043 3043 2102 3088 ut

2151 1973 2170 1984 η
2202 1947 2322 2000 ρας,

2391 1929 2605 1999 ἡμέραν
2685 1929 2816 1998 ἡμῖν
2884 1927 2964 1989 είς
3017 1924 3207 1996 καιρὸν
3278 1923 3376 1976 τοῦ
3437 1922 3776 1993 προφητικοῦ

2200 2020 2524 2092 μετροῦντος
2555 2019 2733 2086 λόγου.
2769 2017 2923 2082 Τότε,
2969 2015 3122 2087 φησὶ,
3159 2032 3180 2068 ι
3204 2013 3501 2084 Διὼξομεν,
3520 2013 3616 2066 τοῦ
3640 2013 3775 2067 είδὲ-

2197 2127 2286 2163 ναι
2312 2109 2402 2162 τὸν
2425 2108 2650 2178 Κύριον.
2666 2126 2682 2158 ι
2712 2108 2755 2160 Τ
2757 2107 2806 2173 ὸ,
2827 2105 3119 2176 Διώξομεν,
3138 2106 3258 2159 ἀντὶ
3273 2103 3366 2157 τοῦ
3393 2104 3773 2174 Σπουδάσομεν

2199 2200 2373 2268 φασί.
2421 2199 2554 2252 Τότε
2607 2197 2703 2250 καὶ
2753 2197 3185 2268 άναστησόμεθα,
3226 2195 3316 2248 καὶ
3363 2193 3638 2266 ζησόμεθα
3689 2194 3774 2247 ἐν·

2199 2291 2370 2344 ώπιον
2407 2288 2594 2343 αὑτοῦ.
2627 2287 3080 2359 Συνεγηγέρμεθα
3123 2289 3229 2359 γὰρ
3252 2287 3328 2358 τῷ
3367 2285 3588 2358 Χριστῷ
3611 2303 3626 2317 ο
3678 2286 3773 2340 καὶ

2200 2379 2390 2452 ἐπειδὴ
2422 2374 2501 2443 εἷς
2548 2377 2691 2450 ὑπὲρ
2714 2383 2934 2433 πάντων
2966 2378 3228 2443 ἀπέθανε,
3275 2378 3372 2450 τὴν
3400 2378 3564 2431 αὑτοῦ
3590 2377 3772 2447 ζῶμεν

2201 2472 2365 2541 ζωὴν,
2397 2471 2496 2524 οὐκ
2538 2471 2596 2538 ἐξ
2637 2470 2930 2542 ὀφθαλμῶν
2970 2471 3050 2524 ἔτι
3089 2471 3330 2541 κείμενοι
3363 2471 3519 2536 Θεοῦ,
3552 2470 3642 2524 διὰ
3675 2469 3772 2540 τὴν

2202 2566 2551 2638 παράϐαστνο
2592 2566 2716 2620 οὔτε
2769 2568 2875 2639 μὴν
2911 2568 2987 2632 ὡς
3027 2569 3348 2642 ἐρριμμένοι
3393 2569 3642 2635 κατόπιν,
3683 2568 3772 2621 διὰ

2199 2657 2296 2728 τὴν
2330 2657 2632 2730 ἁμαρτίαν
2671 2657 2784 2711 ἀλλ’
2808 2660 2865 2710 ἐν
2897 2657 3014 2727 ὕψει
3053 2659 3238 2712 λοιπὸν
3276 2658 3645 2731 ἐνηνεγμένοι,
3677 2656 3772 2710 καὶ

2199 2749 2509 2820 παρρησίαν
2559 2747 2772 2819 ἔχοντες
2803 2749 2933 2822 παρ’
2971 2751 3141 2822 αὐτῷ,
3178 2750 3266 2805 διὰ
3315 2752 3412 2824 τὴν
3456 2754 3513 2806 ἐν
3551 2749 3772 2822 Χριστῷ

2197 2839 2561 2910 δικαιοσύνην.
2590 2840 2698 2894 Kal.
2720 2841 2802 2893 ὅτι
2829 2841 2898 2893 δι’
2926 2843 3112 2907 αὐτοῦ,
3141 2845 3236 2898 καὶ
3266 2844 3427 2898 αὐτὸν
3451 2842 3773 2912 ἐγνώκαμεν

2197 2930 2288 2983 τὸν
2317 2930 2558 3000 Πατέρα,
2586 2931 2670 2983 ὅτι
2699 2930 2756 2984 δὲ
2788 2932 3067 3003 πλήρωσις
3102 2937 3234 3004 ἡμῖν
3264 2937 3378 2988 ἐστι
3411 2935 3611 2996 παντὸς
3633 2934 3776 3001 ἀγα-

2200 3018 2290 3073 θοῦ
2318 3019 2440 3072 καθ’
2470 3021 2616 3090 ἡμᾶς
2645 3020 2882 3090 γεγονὼς
2901 3027 2930 3077 ὁ
2957 3025 3105 3092 Υἱὸς,
3126 3023 3447 3094 ὁμολογοῦσι
3477 3023 3736 3088 λέγοντες
3756 3039 3774 3054 ο

529 3121 718 3184 solem,
753 3129 812 3174 ut
850 3119 1185 3187 splendorem
1211 3117 1410 3188 fugatis
1453 3121 1708 3176 tenebris.
1760 3121 1874 3178 Erit
1916 3132 2091 3179 autem

2204 3128 2224 3161 ι
2258 3111 2346 3174 Ὠς
2373 3111 2570 3183 ὄρθρον
2611 3113 2824 3183 ἕτοιμον
2865 3117 3168 3188 εὑρήσομεν
3198 3114 3378 3179 αὐτὸν,
3409 3133 3426 3165 ι
3464 3113 3780 3182 τουτέστιν,

529 3212 686 3265 nobis
722 3227 741 3260 ι
789 3218 845 3260 ut
873 3208 1219 3274 tempestivus
1249 3217 1302 3262 et
1333 3209 1602 3264 serotiuus
1635 3212 1825 3267 imber.
1869 3231 1890 3266 ι
1935 3211 2092 3282 Rigat

2196 3204 2272 3266 ὡς
2297 3204 2413 3273 φῶς
2439 3206 2675 3277 άνίσχον,
2709 3208 2786 3270 ὡς
2817 3208 2987 3278 ἥλιον,
3031 3210 3105 3272 ὠς
3151 3209 3344 3281 αὐτὴν,
3374 3209 3779 3282 παρῳχηκότος

527 3299 672 3354 enim
709 3312 805 3351 nos
847 3298 936 3365 qui
969 3296 1125 3350 Iidem
1168 3301 1524 3368 suscepimus,
1560 3308 1614 3354 et
1655 3301 1940 3356 adventum
1985 3303 2100 3371 ejus

532 3391 634 3444 rite
669 3389 1020 3458 cognovimus
1064 3389 1260 3458 duplici
1299 3391 1478 3455 modo,
1530 3401 1588 3446 ut
1632 3393 1842 3460 opinor.
1879 3393 2099 3449 Revelat

532 3493 766 3548 namque
791 3479 842 3531 in
889 3478 1080 3547 spiritu
1120 3489 1358 3534 veterum
1398 3492 1453 3534 et
1491 3481 1761 3548 legalium,
1799 3496 1853 3538 et
1883 3484 2100 3554 insuper

531 3570 965 3638 propheticarum
1001 3569 1369 3626 doctrinarum
1416 3573 1680 3628 notitiam.
1743 3574 1810 3634 Et
1855 3577 1987 3642 haec,
2038 3583 2099 3632 ut

531 3671 680 3729 puto,
718 3671 804 3715 est
849 3668 1196 3729 temporanea
1228 3661 1440 3730 pluvia:
1469 3665 1552 3718 cui
1583 3663 1976 3733 quodammodo
2005 3680 2095 3722 se-

529 3751 762 3804 rotinam
811 3749 1035 3828 addidit,
1082 3752 1406 3822 evangelica:
1451 3753 1748 3824 disciplina:
1801 3757 2088 3828 intelligen-

532 3843 659 3895 tiam
706 3850 758 3895 et
787 3841 1198 3911 apostolicarum
1230 3843 1665 3911 prtedicationum
1697 3849 2093 3915 optatissimum

527 3931 869 3988 beneﬁcium.
898 3931 1048 3986 Facti
1085 3947 1270 3988 sumus
1307 3944 1504 4000 autent,
1549 3945 1607 3990 ut
1647 3948 1730 3993 est
1777 3942 1916 4008 apud
1970 3957 2096 4010 pro-

529 4021 767 4090 phetam,
802 4037 821 4070 ι
862 4030 1002 4073 terra
1028 4020 1229 4088 cupita.
1271 4039 1290 4072 ι
1327 4023 1405 4078 Ac
1434 4023 1661 4078 fortasse
1688 4027 1752 4078 de
1775 4027 1930 4080 nobis
1955 4028 2091 4095 psal-

527 4113 587 4167 Iit
619 4113 809 4166 beatus
844 4111 1009 4166 David
1048 4129 1062 4166 :
1106 4130 1124 4163 ι
1168 4111 1408 4168 Visitasti
1455 4123 1671 4180 terram,
1725 4125 1778 4170 et
1810 4117 2089 4172 inebriain

525 4223 666 4270 eam,
705 4205 1062 4275 multiplicasti
1088 4205 1414 4276 locupletare
1441 4221 1558 4261 eam
1582 4207 1648 4261 ⁷⁸.
1683 4226 1702 4259 ι
1733 4206 2091 4274 Quamobrem

526 4297 672 4350 dedit
725 4296 953 4349 fructum
1005 4310 1191 4360 suum,
1243 4297 1628 4359 centesimum,
1675 4301 2090 4368 sexagesimum,

527 4385 859 4442 tricesimum
899 4386 965 4449 '",
991 4386 1143 4454 juxta
1177 4400 1358 4438 vocem
1387 4386 1706 4440 Salvatoris.

2196 3293 2291 3348 τοῦ
2321 3296 2568 3359 σκότους.
2604 3297 2797 3352 Ἔσται
2825 3299 2882 3352 δὲ
2923 3300 3056 3369 ἡμῖν
3090 3317 3110 3352 ι
3141 3299 3230 3364 Ὠς
3259 3299 3508 3371 πρώῖμός
3555 3316 3618 3352 τε
3676 3303 3772 3356 καὶ

2193 3387 2390 3460 ὅψιμος
2423 3389 2595 3453 ὕετός.
2626 3409 2645 3442 ι
2675 3390 2946 3461 Κατάρδει
2973 3390 3080 3462 γὰρ
3113 3392 3258 3462 ἡμᾶς
3291 3391 3418 3456 τοὺς
3460 3389 3558 3463 τὴν
3585 3391 3770 3445 πίστιν

2195 3481 2655 3551 είσδεδεγμένους,
2696 3484 2788 3536 καὶ
2826 3483 3204 3552 ἐπεγνωκότας
3235 3482 3409 3553 ὀρθῶς
3438 3483 3540 3554 τὴν
3572 3483 3767 3552 ἐπιφά-

2194 3588 2341 3625 νειαν
2369 3574 2556 3638 αὐτοῦ,
2587 3575 2728 3626 κατὰ
2750 3574 2947 3639 διττὸν,
2977 3569 3150 3646 οἶμαι,
3199 3575 3419 3645 τρόπον.
3469 3575 3764 3629 Ἀποκαλῦ-

2201 3680 2324 3716 πτει
2355 3663 2454 3733 μὲν
2479 3663 2587 3735 γὰρ
2612 3664 2670 3717 ἐν
2692 3665 2962 3735 πνεύματι
2995 3666 3103 3719 τῶν
3130 3668 3373 3736 ἀρχαίων
3391 3684 3450 3720 τε
3499 3669 3595 3722 καὶ
3615 3686 3764 3740 νομι-

2201 3752 2313 3807 κῶν
2345 3753 2439 3805 καὶ
2466 3754 2602 3824 πρὸς
2631 3754 2842 3818 τούτοις
2885 3755 2966 3808 ἔτι
2999 3758 3351 3828 προφητικῶν
3385 3759 3763 3830 παιδευμάτων

2199 3844 2300 3916 τὴν
2342 3843 2562 3913 γνῶσιν.
2613 3846 2722 3898 Καὶ
2764 3845 2943 3912 τοῦτο,
2994 3843 3169 3918 οἶμαι,
3229 3851 3376 3903 ἐστὶν
3430 3853 3460 3903 6
3517 3850 3757 3923 πρώῖμος

2203 3933 2376 3997 ὐετός.
2406 3933 2640 4004 ὐψιμον
2674 3935 2731 3988 δὲ
2769 3932 2959 4007 ῶσπερ
2989 3935 3170 4009 [πρὸς]
3204 3941 3396 4011 ἐκείνῳ
3423 3941 3609 3995 δίδωσι
3660 3943 3762 3996 τῶν

2197 4025 2564 4094 εὐαγγελικῶν
2603 4027 2985 4098 παιδευμάτων
3013 4029 3110 4100 τὴν
3151 4032 3355 4100 νόησιν,
3405 4035 3499 4087 καὶ
3531 4037 3761 4088 ἀποστο·

2195 4118 2361 4170 λικῶν
2393 4121 2762 4191 κηρυγμάτων
2789 4120 2887 4191 τὴν
2913 4123 3234 4194 τριπόθητον
3250 4124 3426 4195 χάριν.
3459 4126 3760 4196 Γεγόναμεν

2195 4209 2273 4274 δὲ,
2304 4210 2379 4272 ὡς
2411 4214 2439 4264 6
2471 4215 2755 4284 προφήτης
2805 4217 2956 4284 φησὶ,
3011 4234 3029 4266 ι
3055 4216 3128 4285 Γῆ
3170 4215 3390 4288 θελητή’
3424 4237 3440 4269 ι
3487 4220 3582 4272 καὶ
3623 4219 3759 4288 τάχα

2199 4305 2330 4373 περὶ
2365 4305 2523 4374 ἡμῶν
2549 4307 2740 4374 ψάλλει
2765 4307 2938 4374 λέγων
2964 4310 2992 4360 6
3026 4310 3291 4380 μακάριος
3328 4311 3520 4364 Δαόίδ·
3557 4330 3576 4362 ι
3632 4311 3756 4364 Ἐπ-

2200 4393 2413 4462 εσκέψω
2444 4395 2540 4464 τὴν
2563 4396 2684 4465 γῆν,
2717 4396 2810 4448 καὶ
2839 4395 3109 4466 ἐμέθυσας
3129 4401 3319 4471 αὑτήνο
3341 4402 3636 4472 ἐπλήθυνας
3661 4399 3751 4452 τοῦ

529 4480 826 4549 πλουτῆσαι
866 4478 1056 4548 αὐτήν.
1084 4495 1103 4528 ι
1175 4477 1284 4530 Καὶ
1333 4476 1463 4545 γοῦν
1508 4476 1706 4528 δέδωκε
1755 4477 1846 4530 τὸν
1885 4480 2094 4551 καρπὸν
2167 4482 2339 4553 αὐτῆς
2365 4485 2580 4548 ἑκατὸν,
2624 4485 2906 4557 ἐξήκοντα,
2958 4491 3053 4543 καὶ
3127 4492 3439 4562 τριάκοντα,
3489 4493 3627 4548 κατὰ
3661 4491 3757 4563 τὴν

524 4576 618 4628 τοῦ
644 4576 893 4644 Σωτῆρος
921 4573 1126 4642 φωνήν.

596 4664 760 4718 Vens.
790 4663 842 4714 5.
872 4661 1011 4725 Quid
1041 4659 1132 4712 tibi
1163 4660 1379 4727 faciam,
1415 4657 1707 4726 Epltraim?
1737 4663 1860 4732 quid
1891 4665 1983 4717 tibi
2005 4663 2090 4731 fa-

2268 4660 2328 4713 Τί
2348 4673 2444 4711 σοι
2475 4659 2725 4726 ποιήσω,
2757 4664 3038 4732 Ἐφραΐιυ
3064 4668 3120 4719 τί
3145 4683 3240 4719 σοι
3271 4661 3520 4737 ποιήσω,
3541 4675 3758 4741 Ὶούδιω

525 4756 681 4819 ciam,
717 4751 900 4805 Iuda?
933 4747 1297 4802 Misericordia
1343 4761 1514 4805 autem
1559 4766 1674 4804 mea
1724 4755 1873 4822 quasi
1931 4755 2090 4809 nubes

524 4846 810 4910 matutina,
834 4851 881 4896 et
905 4842 1058 4913 quasi
1095 4857 1177 4896 res
1207 4843 1492 4896 matutinus
1515 4847 1889 4913 pertransiens.

594 4937 775 4992 LXIII.
809 4935 923 4992 Non
951 4944 1078 4990 sunt
1116 4937 1280 4992 verba
1318 4935 1614 4992 dubitantis
1660 4955 1675 4991 :
1729 4951 1902 5007 neque
1945 4939 2088 4993 enim

525 5031 808 5102 ignorabat
837 5029 978 5085 Deus
1005 5029 1130 5097 quid
1156 5028 1463 5084 errantibus
1495 5029 1789 5100 expediret,
1830 5043 2003 5098 neque
2028 5029 2090 5083 il-

526 5120 634 5174 lum
691 5120 862 5172 virtus
915 5115 1116 5172 defecit
1173 5117 1239 5169 ad
1287 5121 1584 5186 prazstanda
1638 5133 1756 5186 qua:
1808 5117 2089 5173 diabolicis

529 5210 732 5279 laqueis
780 5209 1006 5264 irrctitis
1058 5209 1318 5278 prodesse
1370 5218 1623 5278 possent;
1687 5209 1813 5276 quin
1872 5216 2093 5262 accusat

522 5316 617 5354 eos
659 5301 836 5369 potius
865 5300 1031 5368 quod,
1072 5315 1192 5354 cum
1247 5300 1313 5353 ad
1378 5300 1713 5354 curationem
1776 5299 1910 5352 nihil
1967 5299 2096 5368 ipsis

523 5393 754 5454 deesset,
788 5400 960 5444 tamen
1007 5391 1206 5460 impetu
1253 5389 1556 5444 voluntario
1590 5389 1656 5444 ad
1708 5391 1888 5445 illicita
1939 5389 2096 5444 facti-

524 5484 684 5534 tanda
725 5477 1059 5533 deﬁexerint.
1086 5479 1316 5534 Perinde
1373 5481 1514 5534 enim
1556 5490 1634 5535 est
1684 5479 1913 5537 fortasse
1952 5498 2016 5538 ac
2049 5484 2094 5538 si

524 5573 670 5626 dicat
694 5587 710 5626 :
739 5567 903 5636 Cujus
937 5566 1277 5636 indulgentia:
1305 5578 1358 5622 et
1397 5569 1582 5623 auxilii
1612 5573 1798 5626 modus
1824 5573 2094 5642 excogita-

595 5750 640 5784 ⁵⁸
669 5749 882 5804 Coloss.
915 5759 997 5808 Ill,
1030 5743 1076 5794 l.
1154 5746 1198 5775 ⁶⁹
1229 5744 1265 5795 II
1287 5743 1414 5797 Cor.
1449 5760 1501 5807 ι’,
1535 5744 1614 5795 15.

2202 4751 2271 4805 Τὸ
2298 4750 2364 4803 δὲ
2385 4751 2556 4815 ἔλεός
2575 4769 2694 4819 μου
2715 4753 2795 4817 ὡς
2813 4754 3036 4822 νεφέλη
3057 4760 3305 4827 πρωὶᾶθὴ,
3331 4762 3427 4816 καί
3444 4765 3522 4830 ὠς
3543 4766 3760 4835 δρόσος

2195 4841 2434 4910 ὀρθρινὴ
2468 4844 2857 4912 πορευομένη.

2264 4933 2382 4986 EI".
2414 4933 2528 4985 Οὐκ
2554 4933 2898 5005 ὴπορηκὸτος
2937 4938 2966 4989 ό
2998 4938 3173 5009 λόγος’
3204 4943 3264 4995 οὐ
3293 4944 3401 5015 γὰρ
3440 4947 3506 5000 ἂν
3528 4950 3760 5023 ἠγνόησε

2155 5093 2162 5096 _
2195 5023 2327 5088 Θεὸς
2363 5025 2424 5076 τὺ
2468 5025 2582 5086 τοῖς
2629 5025 3001 5096 πλανωμένοις
3046 5033 3341 5103 χρήσιμον⁹
3393 5038 3509 5092 ἀλλ’
3549 5043 3658 5095 οὐδ’
3695 5043 3761 5099 ἂν

2195 5114 2422 5184 ἠτόνησε
2479 5113 2614 5185 πρὸς
2657 5117 2992 5186 κατόρθωσιν
3023 5122 3130 5174 τῶν
3175 5124 3403 5193 ὠφελεῖν
3441 5135 3759 5201 πεφυκότων

2194 5205 2322 5267 τοὺς
2354 5205 2465 5266 τοῖς
2490 5203 2812 5268 διαδολικοῖς
2842 5208 3128 5273 ἐναλόντας
3152 5211 3383 5284 βρόχοις.
3422 5219 3757 5275 Ἐπαιτιᾶται

2193 5296 2250 5348 δὲ
2287 5296 2510 5365 μᾶλλον,
2538 5298 2915 5362 ἐκλελοιπότος
2947 5301 3046 5370 μὲν
3077 5304 3259 5368 αὐτοῖς
3286 5308 3392 5359 τῶν
3434 5310 3568 5380 πρὸς
3598 5312 3757 5382 θερα.

2195 5385 2354 5438 πείαν
2381 5387 2621 5452 οὐδενὸς,
2653 5387 2980 5454 ἐθελουσίως
3021 5391 3077 5444 δὲ
3125 5395 3326 5462 μᾶλλον
3375 5400 3760 5466 ὲκκεκλικότας

2192 5478 2388 5547 ὁρμαῖς
2417 5479 2510 5529 ἐτι-δ⁴
2536 5479 2596 5530 τὸ
2622 5479 2754 5549 δρᾷν
2785 5479 2820 5534 ἃ.
2860 5483 2934 5553 μὴ
2976 5483 3151 5554 θέμις.
3200 5488 3425 5558 Ὅμοιον
3456 5494 3566 5562 γάρ
3599 5493 3677 5556 ὡς
3713 5495 3758 5546 εί

2194 5571 2287 5622 καὶ
2325 5568 2472 5636 λέγοι
2530 5569 2713 5638 τυχόν·
2752 5573 2905 5637 Heio;
2941 5575 3048 5646 ἄρα
3077 5577 3288 5645 φειδοῦς
3323 5583 3412 5635 καὶ
3443 5584 3760 5654 ἐπικουρίας

1691 5747 1736 5776 ⁷⁸
1763 5745 1900 5800 Psal.
1931 5762 2078 5814 ινιτ,
2104 5749 2187 5803 I0.
2264 5749 2511 5804 “Matth.
2571 5767 2685 5818 xm,
2719 5753 2773 5806 8.
