4098 6276
285 335 397 392 165

1213 313 1764 386 COMMENTARIUS
1798 327 1864 384 IN
1904 326 2130 384 ossam
2168 327 2609 386 PBOPHETAH.

3426 334 3528 392 166

277 443 383 498 οὐκ
425 440 722 513 ἐξηύρηται
753 442 992 513 τρόπος;
1028 437 1122 492 καὶ
1153 437 1206 490 τί
1238 438 1355 508 μετ’
1396 439 1580 492 ἐκεῖνα
1611 439 1855 509 ποιήσω;

1961 447 2044 493 tus
2074 453 2178 494 non
2220 440 2338 495 est?
2379 447 2433 494 et
2477 439 2602 508 quid
2649 449 2770 506 post
2815 438 2931 494 haec
2973 439 3210 495 faciant?
3261 450 3529 511 quomodo

281 531 595 604 ἀποκρούοῃ
620 531 674 584 δὲ
703 531 851 592 ὃπως
883 531 984 600 τὴν
1015 528 1358 599 ἀρῤωστίαν;
1401 527 1434 598 ἢ
1465 528 1640 591 ποίοις
1668 528 1854 581 λοιπὸν

282 624 590 695 ἀγιασθήσῃ
622 622 964 692 φαρμάκοις,
1010 620 1166 689 Ἐξῆν
1193 618 1292 689 μὲν
1321 618 1428 689 γὰρ
1453 619 1580 688 ὑμῖν
1605 618 1679 682 ὡς
1707 620 1858 687 νεφέ-

283 715 381 786 λης
408 709 886 780 καταπιαινούσης,
931 710 1026 762 καὶ
1067 708 1273 778 σφόδρα
1310 706 1599 770 πλουσίως,
1639 709 1734 761 καὶ
1781 708 1856 771 ὠς

285 804 654 876 καταρδούσης
683 803 874 874 δρόσου
912 801 1013 872 τῆς
1055 801 1283 870 ἑωθινῆς
1333 799 1657 870 μεταλαχεῖν
1697 800 1851 852 δύνα-

283 893 425 958 σθαι,
465 893 560 947 καὶ
602 890 760 944 τοῦτο
792 888 1143 962 ἀμφιλαφῶς,
1205 889 1304 958 τῆς
1341 889 1482 958 ἐμῆς
1522 889 1856 959 ἡμερότητος

281 985 376 1036 καὶ
440 982 775 1053 ἀσυγκρίτου
842 980 1285 1050 φιλανθρωπίας·
1367 980 1481 1032 ἀλλ’
1531 980 1741 1043 οὐδενὸς
1793 979 1856 1032 τὸ

281 1075 492 1145 χρῆμα,
512 1074 666 1144 φησὶ,
699 1071 972 1142 ἠξιώσατε
998 1072 1158 1140 λόγου
1183 1088 1198 1102 ο
1229 1070 1360 1142 παρ’
1383 1071 1534 1124 οὐδὲν
1557 1071 1854 1142 πεποίησθε

276 1165 378 1236 τὴν
408 1163 549 1218 οὕτω
579 1165 781 1234 σεπτὴν
808 1163 903 1216 καὶ
925 1162 1253 1215 πολύευκτον
1286 1162 1470 1232 χάριν.

361 1255 645 1326 ’Λρμόσειε
674 1254 720 1307 δ’
753 1254 817 1307 ἂν
845 1254 936 1312 ὅτι,
956 1253 1188 1322 μάλιστα
1210 1255 1276 1322 τῇ
1305 1251 1392 1304 διὰ
1420 1251 1656 1321 Χριστοῦ
1681 1252 1858 1324 δωρεᾷ

273 1345 376 1415 τῆς
405 1345 740 1417 προφητείας
758 1348 792 1416 ὴ
817 1343 1061 1413 δύναμις.
1086 1343 1256 1406 Αὐτὸς
1280 1342 1389 1413 γάρ
1415 1345 1562 1396 ἐστιν
1593 1344 1624 1413 η
1656 1343 1857 1412 κατάρ-

270 1435 439 1488 δουσα
475 1435 696 1504 νεφέλη,
749 1433 1247 1507 ὴκαταπιαίνουσα
1293 1433 1514 1504 δρόσοςο
1542 1433 1740 1502 ἑωθινὴ
1776 1432 1852 1500 δὲ,

268 1526 361 1580 ὅτι
409 1527 550 1597 μετά
584 1526 756 1580 νύκτα
796 1525 998 1597 τρόπον
1042 1524 1165 1578 τινὰ
1211 1525 1311 1595 τὴν
1341 1525 1416 1587 ὡς
1455 1525 1514 1578 ἐν
1555 1523 1715 1593 ἀχλύϊ
1763 1524 1856 1576 καὶ

233 1617 460 1686 -σκότῳ
497 1619 796 1688 νοουμένην
847 1615 1156 1685 διαϐολικῷ.
1216 1615 1705 1686 Καταπεφοίτηκεν
1762 1611 1856 1667 οὖν

267 1707 592 1778 οὐρανόθεν.
635 1708 882 1776 ’Δφίκται
915 1706 1022 1776 γὰρ
1065 1703 1272 1760 ἀνωθεν
1319 1705 1412 1758 καὶ
1456 1705 1606 1774 παρά
1639 1703 1854 1774 Πατρός

1957 531 2201 583 morbum
2231 529 2569 599 proﬂigabis?
2606 530 2714 600 97
2768 539 2862 585 aut
2902 532 3097 600 quibus
3147 535 3198 588 in
3253 544 3528 603 posterun.

1955 621 2362 674 medicamentis
2408 624 2691 674 sanitatem
2736 623 2999 691 recipies?
3040 623 3175 678 Cum
3217 627 3358 678 enim
3393 625 3530 681 leni-

1956 719 2116 763 tatem
2147 720 2201 764 et
2227 710 2698 778 incomparabilem
2735 713 3120 782 benignitatem
3149 730 3318 770 meam
3351 725 3408 772 ut
3431 733 3530 771 nu-

1955 805 2074 860 bem
2142 803 2604 858 abundantissime
2663 804 3186 873 pinguefacientem,
3235 817 3291 862 et
3323 818 3384 863 ut
3444 824 3529 866 ro-

1957 910 2069 950 rem
2099 896 2416 948 matutinum
2457 894 2675 962 copiose
2713 885 3026 962 irriganient
3057 903 3314 967 consequi
3346 915 3530 969 posse-

1957 985 2046 1050 tis,
2072 999 2182 1038 rem
2210 993 2412 1037 tantam
2451 981 2604 1036 nihili
2634 981 2876 1045 fecistis;
2931 983 3161 1050 gratiam
3191 985 3324 1040 adeo
3367 1003 3530 1043 vene-

1957 1077 2179 1131 randam
2209 1084 2265 1131 et
2308 1074 2558 1130 omnibus
2608 1073 2747 1129 votis
2791 1073 3146 1142 exoptandam
3201 1079 3529 1148 contempsi-

1955 1166 2074 1222 stis.

2025 1255 2300 1322 Praecipue
2335 1262 2513 1306 autem
2539 1252 2591 1307 in
2623 1253 2966 1309 donationem
2996 1267 3094 1320 per
3126 1253 3400 1308 Christum
3431 1255 3533 1310 hoc

1954 1347 2270 1400 vaticinium
2299 1345 2603 1414 quadrabit.
2637 1345 2762 1398 Haec
2792 1353 2874 1399 est
2908 1359 3140 1414 namque
3168 1345 3398 1414 irrigans
3428 1360 3531 1398 nu-

1955 1431 2500 1503 bes,pinguefaciens
2543 1446 2666 1499 ros;
2726 1442 2782 1486 et
2839 1433 3156 1496 matutinus,
3198 1435 3321 1502 quia
3377 1434 3531 1502 quasi

1956 1536 2075 1594 post
2104 1535 2337 1585 noctem,
2377 1539 2494 1592 quzc
2524 1524 2576 1577 in
2618 1525 2848 1593 caligine
2892 1535 2946 1579 et
2988 1526 3223 1580 tenebris
3255 1526 3533 1581 diabolicis

1957 1616 2292 1685 intelligitur.
2337 1613 2626 1669 Descendit
2668 1614 2831 1681 igitur
2878 1614 2946 1669 de
2998 1616 3156 1669 caelo.
3203 1614 3358 1670 Venit
3387 1616 3530 1670 enim

1957 1708 2187 1774 desuper
2211 1716 2264 1760 et
2287 1723 2313 1758 a
2345 1705 2501 1758 Patre
2534 1704 2598 1757 ad
2629 1719 2728 1758 nos
2753 1704 3007 1759 Verbum.
3037 1723 3055 1755 ι
3081 1705 3475 1768 Pertransiens,
3503 1723 3525 1758 ι

272 1771 418 1871 πρὸς
467 1801 617 1870 ἡμᾶς
670 1771 721 1852 ό⁷
754 1771 946 1865 Λόγοςξ
990 1771 1422 1866 ιΠορευομένηι
1591 1795 1672 1848 ὅτι
1709 1771 1853 1847 κατὰ

1961 1771 2212 1867 quia‘per
2233 1810 2447 1848 omnem
2486 1795 2576 1862 qui
2611 1794 2712 1849 sub
2738 1794 2876 1850 ccelo
2907 1803 2991 1849 est
3041 1796 3295 1849 mundum
3339 1809 3532 1864 perva-

271 1892 463 1962 πάσης
495 1890 711 1960 ἔρχεται
738 1887 838 1958 τῆς
874 1888 964 1941 ὑπ’
1007 1887 1254 1958 οὐρανόν.
1297 1887 1481 1941 Πλατὺ
1514 1886 1624 1956 γὰρ
1647 1885 1768 1938 λίαν
1793 1884 1854 1938 τὸ

274 1983 550 2052 σωτήριον
590 1981 869 2052 κήρυγμα,
932 1978 1026 2031 καὶ
1075 1977 1298 2047 ἀπάσης
1340 1977 1440 2046 τῆς
1494 1976 1584 2028 ὑπ’
1630 1974 1856 2046 οὐρανὸν

273 2072 568 2144 μονονουχὶ
597 2070 988 2141 κατευρύνεται
1014 2087 1028 2100 ·
1063 2070 1242 2124 καίτοι
1266 2069 1358 2122 τοῦ
1375 2069 1540 2139 νόμου
1569 2067 1856 2120 συνεσταλ-

273 2165 448 2235 μένου
473 2162 672 2234 τρόπον
699 2161 843 2226 τινά,
877 2163 971 2215 καὶ
1006 2160 1174 2231 μόνην
1208 2161 1306 2230 τὴν
1342 2158 1604 2212 Ἰουδαίων
1631 2174 1857 2228 περιπο-

268 2252 499 2314 λοῦντος
531 2251 734 2322 χώραν.
785 2267 804 2301 ι
827 2248 1073 2312 Γνωστὸς
1115 2249 1213 2318 μὲν
1239 2247 1346 2318 γάρ
1370 2243 1437 2316 ἦν
1465 2249 1524 2300 ὲν
1562 2247 1789 2317 Ἰουδαίᾳ
1827 2247 1856 2299 ό

267 2345 431 2408 Θεὸς,
458 2362 478 2396 ι
524 2343 667 2397 κατά
694 2341 793 2413 τὴν
819 2339 913 2394 τοῦ
946 2340 1250 2403 Ψάλλοντος
1290 2343 1492 2409 φωνήν.
1517 2341 1759 2408 Ἐγνωκε
1799 2339 1856 2392 δὲ

267 2438 305 2507 ἡ
359 2434 626 2505 σύμπασα
667 2433 758 2486 τὸν
809 2435 918 2484 τῶν
975 2429 1112 2484 ὃλων
1145 2429 1378 2500 Σωτῆρα
1414 2429 1508 2482 καὶ
1536 2427 1853 2499 Λυτρωτὴν,

263 2526 523 2580 τουτέστι
550 2525 802 2595 Χριστόν.

339 2618 454 2670 Διὰ
514 2616 691 2669 τοῦτο
750 2612 1075 2682 ἀπεθέρισα
1123 2611 1266 2677 τοὺς
1309 2610 1622 2678 προφήτας
1666 2607 1854 2677 ὑμῶν,

262 2707 603 2763 ἀπέκτεινα
633 2706 854 2771 αὐτοὺς
881 2706 950 2758 ὲν
977 2703 1196 2772 ῥήματι
1221 2704 1518 2769 στόματός
1541 2717 1680 2769 μου.

341 2800 469 2852 ΞΝ.
502 2797 719 2860 Φειδοῦς
743 2798 837 2849 καὶ
865 2797 1084 2864 ἀγάπης
1105 2796 1204 2864 τῆς
1231 2795 1309 2856 είς
1343 2793 1540 2855 αὐτοὺς
1563 2789 1856 2857 ἀπόδειξις,

264 2893 302 2960 ἡ
331 2889 456 2943 τῶν
477 2887 804 2941 πλανώντων
829 2887 1124 2958 ἀναίρεσις.
1147 2885 1406 2950 Γεγόνασι
1439 2882 1537 2952 μὲν
1557 2880 1660 2952 γάρ
1673 2881 1858 2950 ψευδο-

266 2980 559 3051 προφῆται
608 2979 749 3031 κατά
791 2979 1012 3048 καιροὺς
1057 2976 1149 3029 ἐπὶ
1191 2975 1282 3029 τὸν
1337 2973 1570 3044 Ἰσραὴλ,
1613 2976 1725 3036 τοῖς
1764 2972 1856 3026 τοῦ

266 3071 430 3126 Βάαλ
463 3069 717 3140 τεμένεσι
756 3065 1232 3140 προσεδρεύοντες,
1266 3066 1361 3119 καὶ
1391 3063 1719 3128 πλανῶντες,
1760 3063 1856 3116 καὶ
1883 3103 1930 3166 C

283 3159 657 3230 πλανώμενοι,
683 3159 825 3212 κατά
851 3157 913 3210 τὸ
941 3157 1346 3227 γεγραμμένον.
1369 3155 1513 3226 Πλὴν
1561 3154 1857 3225 ἀνῄρηνται

269 3251 424 3303 κατά
456 3249 697 3320 καιροὺς,
741 3247 1210 3318 προηγορευκότος
1255 3245 1528 3299 καὶτοῦτο
1567 3244 1724 3309 Θεοῦ,
1766 3247 1862 3299 καὶ

271 3339 439 3390 ὁσίαν
476 3338 556 3388 ἐπ’
596 3337 774 3398 αὐτοῖς
817 3335 1196 3402 ἐξενεγκόντος
1225 3333 1324 3404 τὴν
1354 3333 1555 3402 ψῆφον.
1589 3334 1726 3396 Τοὺς
1763 3332 1862 3402 μὲν

273 3427 397 3497 γὰρ
465 3426 668 3479 ἀνεῖλεν
731 3426 905 3480 Ἠλιοῦ
961 3425 1112 3497 παρά
1161 3424 1221 3478 τὸ
1269 3424 1418 3479 Βάαλ
1461 3423 1862 3494 Θυσιαστήριον,

274 3515 766 3585 εἰκαιομυθοῦντάς
815 3534 875 3569 τε
924 3517 1021 3572 καὶ
1079 3516 1336 3585 λέγοντας
1360 3533 1374 3547 ’
1457 3534 1478 3569 ι
1530 3516 1863 3570 Ἐπάκουσον

276 3606 510 3680 ὴμῶνῤ
525 3605 683 3670 Βάαλ,
709 3607 1011 3662 ἐπάκουσον
1032 3606 1190 3678 ήμῶν
1213 3624 1228 3638 ο
1253 3626 1273 3658 ι
1301 3607 1428 3670 τοὺς
1452 3606 1510 3661 δὲ
1541 3606 1862 3660 ἀπέκτεινεν

293 3699 467 3768 Ἰηοὺ,
510 3696 566 3751 ὃν
601 3697 822 3771 κέκρικε
860 3698 1080 3768 βασιλέα
1104 3697 1201 3751 ἐπὶ
1237 3698 1326 3751 τὸν
1369 3698 1582 3770 Ἰσραὴλ
1617 3700 1646 3752 ὁ
1685 3699 1863 3769 μακά-

268 3805 400 3859 ριος
447 3790 733 3861 προφήτης
785 3789 1056 3843 Ἑλισσαιὲ
1100 3789 1167 3843 δι’
1210 3791 1326 3853 ἑνὸς
1373 3789 1484 3843 τῶν
1537 3790 1859 3861 παιδαρίων,

256 3879 408 3932 Θεοῦ
439 3882 540 3935 καὶ
569 3881 726 3934 τοῦτο
759 3880 1015 3949 γενέσθαι
1037 3882 1475 3952 προστάττοντος.
1514 3883 1608 3945 Ὃς
1625 3882 1750 3936 ἐπεί
1778 3898 1864 3935 τοι

252 3971 596 4043 κέχρισται.
632 3971 768 4024 Θεοῦ
789 3974 898 4034 τοῖς
928 3971 1203 4025 πλανῶσιν
1232 3972 1669 4042 ὲπιμηνίσαντος,
1708 3973 1863 4044 πρῶ-

242 4079 350 4115 τον
395 4061 512 4130 μὲν
542 4059 718 4112 ἀνεῖλε
745 4059 837 4112 τὸν
865 4058 1091 4127 Ἀχαά6,
1116 4060 1200 4114 ἐπ’
1223 4058 1368 4129 αὐτῷ
1392 4059 1450 4112 δὲ
1479 4057 1576 4128 τὴν
1609 4057 1863 4124 Ἰεζάϐελ,

241 4149 390 4207 εἶτα
431 4149 573 4211 τοὺς
605 4150 753 4211 υἱοὺς
781 4147 970 4211 αὑτοῦ,
991 4149 1115 4212 τοὺς
1148 4150 1204 4201 ὲν
1233 4148 1330 4219 ὅλῃ
1356 4147 1654 4218 Σαμαρείᾳ,
1691 4148 1866 4218 Προσ-

238 4242 661 4315 ποιησάμενος
695 4239 752 4293 es
784 4239 845 4294 τὸ
873 4236 1158 4310 βούλεσθαι
1205 4238 1298 4290 καὶ
1327 4236 1593 4290 ἐπιτελεῖν
1616 4236 1694 4306 τῷ
1722 4237 1868 4292 Βάαλ

237 4337 478 4408 ἑορτὴν
504 4371 526 4398 ,
579 4332 788 4395 πάντας
833 4328 1156 4400 συνεκόμισε
1208 4327 1334 4391 τοὺς
1385 4326 1865 4398 ψευδοπροφήτας,

1955 1889 2047 1944 sit.
2087 1888 2253 1942 Valde
2286 1888 2430 1941 enim
2478 1887 2585 1942 late
2621 1885 2813 1941 dill‘nsa
2858 1885 3154 1942 Salvatoris
3198 1887 3529 1955 praedicatio,

1957 1992 2160 2050 perque
2193 1979 2469 2032 universas
2490 1973 2638 2032 orbis
2664 1977 2968 2045 provincias
2993 1986 3196 2030 tantum
3230 1992 3335 2032 non
3361 1977 3533 2033 instar

1955 2071 2214 2141 germinis
2238 2070 2456 2124 dilatata
2501 2083 2566 2122 ac
2599 2077 2889 2139 pr0pagata
2934 2077 3038 2134 est,
3069 2083 3192 2123 cum
3241 2069 3350 2135 lex,
3375 2068 3531 2138 'quasi

1955 2170 2254 2227 contracta,
2302 2161 2471 2216 solam
2516 2159 2820 2216 Judmorum
2872 2160 3202 2228 provinciam
3253 2163 3528 2232 complexa

1959 2255 2050 2309 sit.
2079 2273 2097 2306 ι
2128 2251 2297 2308 Notus
2319 2253 2460 2307 enim
2488 2252 2539 2306 in
2571 2250 2752 2306 Iudaea
2804 2251 2944 2305 Dens
2969 2252 3038 2314 ",
3075 2269 3094 2302 ι
3141 2251 3296 2320 juxta
3344 2267 3528 2308 vocem

1957 2346 2274 2402 Psalmistte.
2323 2343 2490 2398 Totus
2525 2353 2709 2398 contra
2755 2353 3020 2396 terrarum
3065 2343 3211 2396 orbis
3251 2344 3530 2398 universo-

1959 2455 2074 2492 rum
2132 2437 2418 2492 Dominum
2469 2433 2937 2504 Salvatoremque,
2980 2435 3082 2490 hoc
3114 2445 3198 2488 est
3232 2435 3529 2500 Christum,

1957 2528 2226 2598 cognovit.

2026 2620 2192 2675 Vsus.
2243 2618 2298 2672 5.
2340 2614 2622 2682 Propterea
2667 2615 2926 2668 demessui
2984 2615 3262 2684 prophetas
3310 2622 3528 2681 vestros,

1957 2711 2124 2765 occidi
2148 2725 2233 2762 eos
2259 2708 2312 2761 in
2347 2708 2496 2760 verbo
2530 2707 2640 2758 oris
2673 2705 2796 2756 mei.

2027 2798 2213 2855 LXIV.
2238 2796 2580 2864 Indulgentia:
2611 2804 2664 2848 et
2697 2793 2978 2849 charitatis
3016 2793 3068 2847 in
3121 2794 3266 2862 ipsos
3310 2794 3532 2849 demon-

1958 2892 2170 2955 ﬂratio,
2221 2887 2588 2946 seducentium
2634 2885 2956 2941 interfectio.
3008 2884 3346 2941 Exstiterunt
3384 2887 3532 2940 enim

1959 2983 2244 3052 aliquando
2279 2979 2758 3051 pseudOprophetae
2795 2978 2847 3032 in
2895 2976 3083 3043 Israel,
3123 2978 3361 3033 delubris
3403 2976 3531 3031 Baal

1959 3073 2278 3135 assidentes,
2341 3068 2660 3124 seducentes
2695 3075 2751 3121 et.
2775 3067 2982 3122 seducti
3045 3066 3114 3132 ",
3161 3076 3220 3121 ut
3261 3066 3528 3137 scriptum

1962 3173 2062 3220 est.
2099 3161 2483 3218 Verumtamen
2529 3159 2722 3213 deinde
2763 3157 2956 3212 sublati
2992 3166 3119 3212 sunt
3145 3173 3176 3211 e
3205 3158 3400 3224 medio,
3430 3171 3529 3225 po-

1960 3262 2172 3321 stquam
2228 3258 2284 3306 et
2324 3251 2424 3311 hoc
2470 3248 2610 3302 Deus
2671 3247 2953 3316 praedixit,
3007 3256 3061 3301 et
3099 3246 3300 3315 justam
3343 3249 3394 3301 in
3437 3262 3534 3303 eos

1963 3340 2286 3397 sententiam
2325 3337 2467 3392 tulit.
2509 3336 2660 3391 Alios
2692 3335 2838 3390 enim
2877 3336 3075 3390 occidit
3106 3335 3248 3392 Elias
3275 3335 3426 3402 iuxta
3448 3337 3530 3390 at-

1966 3440 2077 3486 tare
2098 3428 2252 3494 Baal,
2276 3427 2455 3483 inania
2487 3427 2808 3496 garrientes,
2843 3426 3188 3496 dicentesque
3219 3443 3234 3481 :
3276 3444 3294 3478 ι
3329 3425 3536 3482 Exaudi

1963 3534 2081 3584 nos,
2110 3518 2258 3584 Baal,
2285 3517 2478 3574 exaudi
2507 3531 2608 3572 nos
2645 3516 2723 3581 7‘;
2765 3534 2786 3568 ι
2835 3516 2969 3572 alios
2997 3515 3130 3572 Jebu
3159 3531 3316 3584 quem
3345 3517 3533 3570 beatus

1963 3611 2226 3681 propheta
2255 3609 2464 3665 Eliseus
2497 3623 2592 3676 per
2625 3607 2897 3662 servulum
2939 3621 3102 3674 super
3148 3605 3312 3660 lsrael
3353 3619 3535 3674 regem

1965 3702 2118 3755 unxit
2140 3701 2210 3767 ⁷⁸,
2248 3701 2356 3754 Deo
2383 3709 2439 3753 et
2466 3699 2569 3752 hoc
2603 3698 2922 3766 imperante.
2961 3695 3063 3760 Qui
3091 3694 3182 3748 ubi
3207 3703 3400 3749 unctus
3425 3705 3534 3759 est,

1968 3792 2075 3846 Deo
2102 3791 2486 3861 iinpostoribus
2517 3789 2677 3852 irato,
2725 3786 2956 3856 primum
2986 3785 3202 3855 quidem
3235 3785 3354 3841 neci
3387 3786 3536 3843 dedit

1964 3881 2171 3948 Achab,
2221 3889 2340 3950 post
2374 3880 2549 3949 ipsum
2592 3876 2830 3945 Iezabel,
2877 3877 3070 3932 deinde
3101 3876 3242 3931 filios
3290 3877 3406 3946 ejus
3437 3891 3538 3946 per

1967 3979 2132 4024 totam
2165 3965 2488 4024 Samariam.
2523 3965 2589 4021 Et
2618 3965 2880 4022 simulans
2902 3964 3036 4020 velle
3075 3979 3134 4021 se
3167 3965 3294 4020 Baal
3338 3965 3535 4020 festum

1967 4074 2147 4130 agere,
2180 4075 2371 4116 omnes
2431 4057 2926 4127 pseudoprophetas
2966 4058 3332 4123 congregavit,
3369 4055 3540 4109 sacri-

1967 4152 2252 4220 ﬁciumque
2299 4157 2599 4219 praetexens
2625 4186 2641 4212 ,
2675 4148 2726 4200 in
2761 4148 2920 4202 domo
2943 4143 3226 4199 conclusos
3275 4143 3342 4196 ad
3371 4157 3536 4196 unum

1967 4244 2215 4313 peremit.
2248 4240 2493 4294 Detraxit
2522 4238 2648 4293 item
2684 4236 2809 4291 Baal
2845 4236 3039 4306 ipsum,
3065 4243 3122 4290 et
3163 4243 3370 4290 statuas
3417 4235 3538 4304 ejus

1969 4333 2195 4400 exussit,
2226 4340 2286 4386 ut
2319 4329 2512 4386 litteris
2535 4330 2844 4383 mandatum
2869 4335 2970 4383 est.
3000 4326 3341 4396 Indulgentia:
3375 4327 3540 4396 igitur

236 4432 348 4484 καὶ
393 4426 569 4480 θύειν
602 4421 1057 4494 ὑποκρινάμενος,
1110 4419 1552 4489 συνειλεγμένους
1599 4421 1678 4483 είς
1716 4415 1861 4474 οἶκον

1969 4435 2024 4483 et
2055 4423 2359 4490 cbaritatis,
2385 4431 2443 4476 ut
2469 4421 2604 4486 dixi,
2641 4419 2754 4490 98
2781 4434 2908 4487 erga
2951 4418 3202 4472 lsraelem
3250 4431 3538 4486 argumen-

231 4514 604 4587 ἀπέσφαξεν
655 4514 776 4567 καθ’
807 4513 928 4568 ἕνα.
975 4511 1303 4565 Κατέσπασε
1354 4509 1412 4563 δὲ
1445 4510 1539 4562 καὶ
1576 4510 1739 4563 αὑτὸν
1770 4511 1861 4565 τὸν

1971 4527 2080 4570 tum
2109 4515 2468 4570 certissimum
2507 4526 2631 4568 esse
2677 4510 3270 4580 pseudoprOphetarum
3313 4507 3535 4569 cmdem,

233 4608 435 4673 Βάαλ,
495 4602 601 4656 καὶ
653 4602 750 4666 τὰς
793 4601 993 4673 στήλας
1021 4599 1184 4653 αὐτοῦ
1227 4597 1529 4668 ἐνέπρησε·
1563 4599 1861 4670 γέγραπται

1969 4605 2150 4660 docuit
2177 4605 2261 4660 his
2296 4603 2518 4659 verbis:
2560 4620 2578 4654 ι
2623 4601 2910 4670 Pt-Optcrea
2935 4600 3205 4655 demessui
3247 4599 3541 4668 prophetas

227 4701 357 4771 γὰρ
395 4696 542 4751 ὡδί.
599 4693 807 4748 Οὐκοῦν
835 4695 919 4747 ὅτι
947 4691 1180 4762 φειδοῦς,
1209 4691 1302 4744 καὶ
1334 4689 1571 4760 ἀγάπης,
1607 4691 1680 4754 ὡς
1709 4690 1861 4760 ἔφην¹

1973 4705 2202 4751 vestros.
2239 4713 2258 4746 ι
2303 4695 2560 4764 Apposite
2599 4711 2617 4744 ι
2671 4690 2958 4754 demessui,
3018 4709 3036 4742 ι
3091 4691 3288 4759 inquit;
3345 4702 3540 4756 magno

225 4793 347 4861 τῆς
401 4788 502 4849 εῐς
551 4801 620 4853 γε
663 4784 751 4838 τὸν
791 4784 1005 4856 Ἰσραὴλ
1046 4780 1320 4847 ἀπόδειξις
1359 4777 1427 4850 ἦν
1466 4782 1498 4852 ἡ
1534 4781 1642 4833 τῶν
1678 4782 1861 4851 ψευδο.

1974 4787 2118 4841 enim
2152 4801 2394 4850 numero,
2426 4787 2598 4839 instar
2637 4785 2906 4853 spicarum
2938 4783 3168 4837 demessi
3208 4782 3540 4837 ceciderunt.

226 4873 592 4952 προφητῶν
641 4872 935 4942 ἀναίρεσις,
977 4873 1234 4938 ἐδίδαξεν,
1294 4871 1462 4925 εἰπών
1493 4888 1504 4900 ·
1534 4891 1552 4924 ι
1573 4873 1671 4927 Διά
1711 4873 1870 4927 τοῦτο
1908 4874 2208 4946 ἀπεθέρισα
2266 4878 2392 4940 τοὺς
2436 4876 2720 4947 προφήτας
2751 4874 2925 4944 ὑμῶν.
2959 4893 2978 4925 ›
3019 4870 3092 4927 Εὖ
3116 4873 3172 4926 δὲ
3204 4871 3268 4942 δὴ
3299 4871 3418 4923 λίαν
3449 4869 3541 4924 καὶ

224 4976 324 5038 τὸ,
362 4991 384 5021 ι
423 4963 775 5034 ἁπεΟέρισα,
803 4984 820 5016 ι
851 4966 1003 5034 φησί.
1034 4964 1362 5018 Πεπτώκασι
1395 4964 1503 5035 γὰρ
1535 4965 1674 5018 κατά
1707 4965 1936 5036 πληθὺν,
1969 4969 2250 5038 ἀσταχύων
2277 4968 2432 5037 δίκην
2464 4965 2762 5037 ἀμώμενοι.

307 5059 445 5120 Καὶ
499 5055 580 5108 τὸ
626 5052 800 5121 κρῖμά
841 5069 958 5122 μου
989 5054 1069 5118 ὼς
1109 5054 1236 5123 φῶς
1277 5053 1676 5117 ἐξελεύσεται,
1721 5055 1869 5108 διότι

221 5162 431 5221 ἕλεος
487 5148 703 5209 θέλω,
748 5145 786 5213 ἢ
831 5147 1067 5211 θυσίαν,
1109 5145 1207 5199 καὶ
1235 5145 1560 5213 ἐπίγνωσιν
1609 5145 1789 5213 Θεοῦ,
1828 5146 1868 5216 ἢ

225 5237 779 5306 ὁλοκαυτώματα.
910 5261 922 5266 ~

306 5337 448 5392 ΞΗ.
504 5331 756 5397 ’Ἐτερον
814 5326 945 5395 ἡμῖν
990 5323 1201 5392 φειδοῦς
1247 5325 1342 5379 καὶ
1387 5324 1608 5390 ἀγάπης
1649 5324 1748 5390 τῆς
1791 5322 1870 5385 είς

223 5430 455 5490 αὐτοὺς
497 5421 798 5490 ἐξηγεῖται
849 5417 1069 5486 τρόπον,
1108 5416 1185 5481 ὃς,
1231 5415 1387 5485 εἴπερ
1414 5413 1689 5466 τετέλεστο
1729 5412 1869 5465 κατὰ

222 5525 294 5579 τὸ
341 5516 517 5586 αὐτῷ
567 5508 793 5573 δοκοῦν,
848 5508 1085 5562 σέσωστο
1145 5508 1363 5578 σύμπας
1408 5507 1436 5557 ὀ
1489 5503 1724 5574 Ἰσραὴλ,
1778 5506 1870 5556 καὶ

2052 5057 2207 5111 Vsus.
2235 5057 2286 5111 6.
2330 5055 2399 5108 Et
2412 5057 2678 5122 judicium
2713 5072 2880 5107 meum
2911 5055 3062 5124 quasi
3104 5053 3199 5105 lux
3229 5051 3538 5121 egredietur,

1975 5148 2094 5216 quia
2123 5147 2532 5200 misericordiam
2560 5147 2692 5209 volo,
2721 5154 2771 5200 et
2801 5162 2903 5199 non
2930 5143 3269 5213 sacriﬁcium,
3299 5152 3346 5196 et
3375 5142 3542 5197 scien-

1977 5237 2101 5288 tiam
2128 5237 2221 5290 Dei
2252 5239 2418 5304 magis
2451 5253 2605 5306 quant
2629 5236 2950 5289 holocausta.

2047 5325 2207 5380 LXV.
2242 5327 2416 5379 Alium
2447 5328 2790 5397 indulgentia!
2825 5325 3215 5392 charitatisque
3245 5338 3371 5395 erga
3421 5323 3540 5379 illos

1977 5419 2191 5472 modum
2225 5427 2468 5480 enarrat,
2510 5419 2599 5484 qui
2636 5419 2701 5479 si,
2736 5424 2793 5468 ut
2823 5417 2935 5481 ipse
2986 5413 3214 5478 volebat,
3263 5418 3328 5469 ad
3380 5415 3538 5469 ﬁnem

1977 5508 2268 5574 perductus
2292 5504 2450 5571 foret,
2486 5506 2768 5559 universus
2806 5504 2966 5558 Israel
3003 5514 3056 5558 et
3099 5503 3266 5561 Judas
3297 5513 3544 5560 servatus

305 5704 360 5737 ⁷2
415 5692 588 5754 Ps‘al.
631 5703 794 5758 ωιτν,
821 5687 876 5742 2.
951 5688 998 5720 ⁷³
1036 5685 1224 5741 Matth.
1268 5699 1418 5749 xx'tv,
1452 5683 1536 5737 Η.
1569 5681 1612 5715 "'
1641 5680 1702 5734 ill
1743 5679 1855 5742 ιιι-εξ

1961 5692 2060 5733 :ttt.
2102 5677 2190 5732 9.6.
2271 5676 2404 5728 "IV
2458 5676 2585 5744 Reg.
2627 5693 2698 5742 Ix,
2755 5680 2803 5732 i.
