4098 6276
602 355 708 412 167

1586 356 1647 412 s.
1688 356 1958 414 CYRILLI
1994 344 2468 414 ALEXANDRINI
2504 357 2824 414 ARClllEP.

3751 365 3860 422 168

598 484 769 531 esset.
806 461 923 530 Non
952 472 1093 530 enim
1123 472 1491 529 tantummodo
1523 474 1910 530 sceleratorum
1943 476 2172 546 prophe-

2286 476 2506 542 Ἰούδας.
2532 477 2608 531 Οὐ
2630 475 2739 547 γὰρ
2765 476 2924 546 μόνον
2955 476 3054 549 τὴν
3082 476 3193 532 τῶν
3219 478 3449 532 ἀνοσίων
3476 479 3868 556 ψευδοπροφη-

601 577 777 622 tarum
808 566 1200 621 multitudinem
1226 564 1545 632 detotondit,
1580 565 1738 635 digna
1769 567 1822 620 in
1856 565 1978 622 illos
2000 575 2174 621 morte

598 656 923 713 constituta:
961 655 1053 710 sed
1085 655 1248 710 etiam
1278 657 1615 725 temporibus
1642 658 1757 712 suis
1778 656 1954 727 ipsum
1978 657 2173 712 Filium

598 749 748 803 misit
780 747 921 803 Deus
951 757 1007 802 et
1040 747 1222 813 Pater,
1259 748 1352 818 qui
1397 749 1664 817 sanguine
1707 748 1999 807 Israelitico
2043 764 2172 818 pro-

596 847 810 909 gnatus,
843 855 951 910 prae
977 838 1102 894 aliis
1144 839 1340 893 bonam
1382 839 1499 909 ejus
1543 840 1876 895 voluntatem
1908 840 2175 910 pateface-

594 937 700 992 ret,
728 926 1101 998 iudiciumque
1148 929 1471 984 declararet.
1516 928 1752 985 Proinde
1799 932 2011 986 dicebat
2043 930 2174 985 illud

593 1032 690 1085 per
714 1034 776 1073 os
801 1019 1118 1074 Davidicum
1155 1040 1168 1074 :
1211 1036 1230 1071 ι
1269 1019 1380 1089 Ego
1413 1022 1740 1076 constitutus
1785 1037 1904 1077 sum
1964 1036 2055 1076 rex
2105 1021 2174 1076 ab

593 1123 659 1164 eo
693 1124 855 1173 super
906 1110 1038 1166 Sion
1084 1120 1319 1165 montem
1367 1120 1611 1166 sanctum
1667 1111 1807 1181 ejus,
1848 1112 2175 1168 annuntians

596 1210 921 1268 praeceptum
970 1200 1180 1255 Domini
1227 1202 1296 1256 "°.
1349 1219 1369 1254 ι
1421 1203 1487 1256 Ει
1535 1217 1630 1272 per
1675 1205 1933 1271 seipsnm,
1982 1203 2175 1259 similis

596 1288 768 1344 nostri
786 1288 981 1352 factus,
1013 1290 1178 1355 idest,
1204 1291 1365 1346 homo
1420 1310 1438 1343 ι
1459 1290 1506 1344 Α
1546 1292 1750 1361 meipso
1766 1307 1869 1347 non
1888 1292 2077 1362 loquor
2094 1293 2173 1359 7';

596 1380 693 1435 sed
725 1380 817 1449 qui
851 1381 996 1436 misit
1026 1396 1111 1436 me
1137 1379 1322 1446 Pater,
1372 1381 1488 1452 ipse
1530 1384 1804 1439 mandavit
1857 1385 1987 1438 mihi
2045 1384 2175 1453 quid

597 1471 793 1535 dicam,
819 1479 876 1525 et
896 1471 1024 1541 quid
1046 1471 1239 1542 loquar
1269 1472 1336 1526 ⁷⁸.
1376 1490 1396 1525 ι
1433 1471 1611 1542 lnquit
1635 1486 1786 1544 ergo,
1817 1491 1837 1526 ι
1870 1474 2178 1545 egredietur

590 1562 851 1630 judicium
880 1577 1055 1618 meum
1084 1574 1142 1618 ut
1176 1564 1289 1629 lux,
1325 1584 1345 1618 ι
1380 1566 1484 1621 hoc
1520 1576 1626 1632 est,
1650 1581 1758 1622 non
1799 1567 2176 1639 aenigmatibus

596 1654 917 1709 obumbrata
948 1654 1196 1709 voluntas
1228 1670 1369 1721 mea,
1399 1659 1494 1711 sed
1534 1658 1676 1712 unde
1721 1667 1777 1713 et
1818 1669 2006 1729 aperte
2055 1673 2175 1714 om-

597 1745 747 1798 nium
779 1745 1051 1799 mentibus
1098 1746 1403 1801 inhaerebit.
1450 1745 1588 1802 Olim
1633 1756 1813 1803 autem
1856 1758 2174 1818 prassentem

2277 566 2387 620 τῶν
2404 567 2664 639 ἀπέκειρε
2689 565 2918 637 πληθὺν,
2941 567 3034 621 τὸν
3057 569 3238 630 αὐτοῖς
3261 570 3538 640 πρέποντα
3562 572 3863 642 καθορίαας

2277 656 2529 725 θάνατον,
2574 657 2714 712 ἀλλά
2746 658 2841 712 ml
2882 657 3046 713 αὐτὸν
3085 658 3229 713 κατὰ
3261 660 3484 731 καιροὺς
3520 661 3734 734 έπεμψε
3771 665 3867 719 τὸν

2277 746 2407 801 Υίὸν
2447 748 2476 801 6
2510 746 2643 811 Θεὸς
2683 748 2777 801 ml
2827 747 3037 820 Πατὴρ,
3096 752 3464 822 σαφηνιοῦντα
3512 754 3609 809 καὶ
3642 757 3751 828 πρό
3798 773 3864 821 γε

2274 837 2384 891 τῶν
2414 836 2591 891 ἀλλων
2618 840 2731 901 τοῖς
2758 837 2819 903 ἐξ
2849 838 3082 910 αἵματος
3126 842 3343 913 Ἰσραὴλ
3369 845 3431 895 τὸ
3452 843 3654 911 ἀγαθὸν
3692 846 3864 901 αὑτοῦ

2275 926 2508 997 θέλημα,
2553 929 2648 981 ml
2697 928 2925 1000 ἐναργὲς
2972 930 3321 985 καθιστῶντα
3349 933 3412 986 τὸ
3450 937 3625 1005 κρῖμα
3667 937 3860 993 αὐτοῦ.

2275 1019 2565 1091 Τοιγάρτοι
2586 1019 2895 1089 καὶξέφασκε
2934 1021 3003 1075 τά
3039 1022 3170 1095 [διὰ]
3214 1024 3312 1095 μὲν
3346 1026 3528 1097 φωνῆς
3551 1028 3645 1081 τοῦ
3659 1029 3858 1082 Δαείδ·

2283 1125 2301 1160 t
2350 1109 2491 1177 Ἐγὼ
2511 1109 2568 1163 δὲ
2601 1110 2941 1183 κατεστάθην
2980 1113 3232 1182 βασιλεὺς
3259 1114 3352 1166 ὐπ’
3379 1116 3568 1182 αὑτοῦ,
3598 1119 3691 1172 ἐπὶ
3721 1119 3861 1175 Σιὼν

2275 1198 2401 1269 ὅρος
2428 1200 2488 1253 τὸ
2511 1200 2666 1270 ἅγιον
2691 1200 2881 1267 αὑτοῦ,
2917 1202 3246 1273 διαγγέλλων
3272 1205 3334 1260 τὸ
3378 1208 3709 1280 πρόσταγμα
3744 1213 3862 1265 Κυ-

2279 1289 2416 1361 ρίου.
2441 1309 2460 1344 ι
2522 1292 2695 1356 Αὐτὸς
2724 1293 2781 1347 δὲ
2825 1293 2893 1347 δι’
2945 1294 3140 1349 ἑαυτοῦ
3187 1297 3478 1368 γενόμενος
3518 1299 3644 1353 καθ’
3684 1302 3858 1371 ἡμᾶς,

2274 1382 2579 1450 τουτέστιν,
2611 1382 2900 1456 ἄνθρωπος
2922 1425 2937 1452 ,
2983 1404 3001 1437 ι
3024 1387 3147 1440 Ἀπ’
3167 1388 3407 1456 ἐμαυτοῦ
3435 1390 3497 1442 οὐ
3533 1390 3679 1445 λαλῶ
3699 1408 3714 1422 ·
3743 1392 3859 1446 ἀλλ’

2274 1473 2304 1526 6
2354 1473 2579 1544 πέμψας
2627 1491 2694 1545 με
2736 1475 2943 1547 Πατὴρ,
2990 1476 3156 1542 αὑτός
3200 1495 3292 1549 μοι
3337 1479 3558 1552 ἐντολὴν
3592 1481 3766 1537 ἔδωκε
3809 1484 3864 1536 τί

2277 1564 2452 1628 εῑπω,
2504 1563 2598 1617 ml
2654 1565 2709 1618 τί
2752 1563 2986 1635 λαλήσω.
3017 1584 3037 1619 ι
3070 1597 3144 1612 -α
3176 1586 3195 1619 ι
3227 1567 3595 1635 Ἐξελεύσεται
3640 1570 3705 1644 δὴ
3764 1570 3861 1627 οὖν

2276 1652 2338 1706 τὸ
2391 1654 2568 1724 κρῖμα
2626 1671 2762 1724 μου,
2806 1655 3010 1724 φησιν,
3040 1656 3119 1718 ὡς
3157 1657 3333 1727 φῶς,›
3379 1659 3686 1729 τουτέστιν,
3746 1662 3885 1716 Οὐκ

2280 1747 2570 1817 αἰνίγμασι
2595 1747 3059 1817 κατεσκιασμένον
3103 1748 3166 1801 τὸ
3208 1747 3418 1820 θέλημα
3447 1749 3509 1803 τὸ
3535 1751 3689 1823 ἐμὸν,
3722 1753 3859 1808 ἀλλὰ

600 1834 1006 1889 Ιῧιηωιιηιιεὶειη
1057 1837 1310 1892 seductos
1353 1851 1458 1891 non
1510 1836 1585 1891 ad‘
1631 1836 1829 1908 legales
1887 1839 2172 1910 religiones

2278 1833 2503 1904 γυμνῶς
2576 1834 2672 1888 καὶ
2735 1833 3030 1905 ἀκρύπτως
3080 1838 3202 1900 ταῖς
3263 1837 3519 1893 ἀπάντων
3584 1840 3859 1905 διανοίαις

602 1934 1017 1992 revocaturum;
1064 1941 1164 1982 nec
1203 1941 1322 1996 quae
1352 1928 1405 1982 in
1443 1926 1628 1997 ﬁguris
1660 1931 1838 1984 adhuc
1871 1938 1927 1986 et
1970 1930 2173 1986 umbris

601 2016 985 2086 contingebant
1012 2018 1278 2074 honorare
1311 2034 1626 2087 suasurum;
1661 2021 1839 2090 petius
1878 2031 2056 2077 autem
2102 2021 2171 2077 ad

596 2107 924 2176 mquitatem,
957 2107 1359 2177 benignitatem,
1389 2110 1840 2179 misericordiam,
1876 2121 1932 2167 et
1977 2113 2045 2169 ad
2082 2128 2173 2169 ve-

599 2211 712 2251 ram
747 2197 1076 2268 minimeque
1119 2198 1355 2254 fucatam
1399 2200 1491 2256 Dei
1534 2202 1866 2272 agnitionem
1913 2203 2173 2260 deductu-

599 2302 739 2356 rum,
775 2304 997 2359 scopum
1032 2291 1198 2358 hunc,
1231 2292 1474 2361 inquam,
1518 2293 1709 2364 iudicii
1754 2293 1973 2364 planum
2020 2293 2171 2362 facit,

594 2389 653 2435 et
679 2381 774 2447 ait,
814 2400 833 2433 ι
868 2380 1005 2448 Quia
1044 2385 1469 2441 misericordiam
1516 2386 1659 2453 volo,
1702 2397 1758 2442 et
1814 2402 1919 2444 non
1958 2386 2172 2445 sacriﬁ-

596 2472 764 2539 cium,
799 2483 854 2528 et
881 2476 1160 2549 scientiam
1196 2476 1290 2532 Dei
1334 2478 1508 2548 magis
1548 2493 1711 2549 quam
1764 2478 2101 2539 holocausta.
2147 2497 2169 2534 ι

597 2561 736 2628 Quid
775 2563 919 2618 enim
951 2564 1163 2621 dicebat
1198 2565 1487 2621 Salvator?
1535 2584 1554 2618 ι
1608 2564 1800 2622 Omnia
1837 2568 1997 2638 igitur
2024 2582 2174 2637 qure-

598 2668 809 2723 cunque
836 2653 998 2709 vultis
1024 2664 1081 2709 ut
1124 2654 1328 2711 faciant
1374 2656 1529 2713 vobis
1572 2656 1837 2727 homines,
1879 2658 2066 2715 eadem
2120 2668 2177 2716 et

597 2757 693 2798 vos
723 2744 828 2800 illis
852 2742 1014 2801 facite
1039 2745 1289 2802 similiter
1320 2747 1386 2801 ".
1449 2764 1468 2800 ι
1506 2745 1677 2803 Tenet
1718 2756 1895 2802 autem
1937 2760 2043 2803 non
2080 2762 2175 2819 po-

596 2845 830 2892 stremas
858 2836 1001 2907 apud
1040 2836 1233 2902 Deum,
1274 2837 1365 2908 qui
1406 2837 1725 2893 charitatem
1777 2848 2017 2895 exercet.
2056 2855 2076 2891 ι
2116 2837 2174 2893 In

598 2928 721 2991 hoc,
758 2926 960 2995 inquit,
983 2937 1315 2996 cognoscent
1342 2940 1553 2990 omnes,
1600 2926 1742 2995 quod
1777 2927 2022 2996 discipuli
2066 2928 2175 2983 mei

598 3017 751 3083 estis,
783 3017 829 3070 si
877 3015 1223 3071 dilectionem
1272 3015 1572 3071 habueritis
1610 3016 1679 3071 ad
1739 3017 1968 3073 invicem
2021 3019 2089 3073 ⁸⁸.
2149 3036 2169 3071 ι

594 3101 717 3157 Jam
764 3101 916 3156 illum
963 3104 1031 3158 ad
1064 3117 1123 3158 se
1159 3103 1469 3159 adeuntium
1518 3104 1730 3160 animos
1772 3105 1840 3162 ad
1888 3106 2171 3163 scientiam

2275 1922 2608 1990 ἐγκείσεται.
2641 1922 2764 1977 Ὅτι
2792 1923 2850 1978 δὲ
2877 1924 3179 1995 ἀφιγμένος
3221 1926 3363 1981 κατὰ
3394 1930 3621 2000 καιροὺς
3647 1933 3677 1985 6
3724 1933 3859 2002 Ἐμ-

2276 2010 2539 2083 μανουὴλ,
2586 2012 2688 2066 οὐκ
2733 2013 2829 2066 ἐπὶ
2875 2013 3109 2086 νομικὴν
3158 2017 3396 2086 μετοίσει
3431 2018 3689 2090 λατρείαν
3732 2023 3861 2089 τοὺς

2272 2103 2744 2175 πεπλανημένους,
2804 2104 2927 2159 οὔτε
2973 2107 3081 2178 μὴν
3138 2107 3209 2162 τά
3261 2109 3322 2164 ἐν
3373 2109 3564 2178 τύποις
3621 2112 3702 2166 ἔτι
3764 2114 3862 2169 καὶ

2274 2198 2457 2260 σκιαῖς
2510 2196 2795 2250 ἀναπείσει
2843 2199 3030 2270 τιμᾷν,
3080 2198 3376 2271 ἀποκομιεῖ
3424 2201 3483 2257 δὲ
3534 2203 3737 2275 μᾶλλον
3776 2206 3862 2270 εἰς

2273 2286 2598 2354 ἐπιείκειαν,
2643 2288 2737 2340 καὶ
2769 2290 3133 2359 χρηστότητα,
3178 2292 3272 2345 ml
3299 2292 3723 2364 εὐσπλαγχνίαν,
3763 2298 3861 2351 καὶ

2273 2375 2353 2438 είς
2393 2374 2617 2446 ἀγάπην
2655 2374 2754 2446 τὴν
2796 2376 2937 2448 πρὸς
2970 2378 3252 2451 ἀλλήλους,
3283 2383 3377 2437 ml
3412 2384 3493 2447 εἰς
3532 2383 3705 2456 ἁληθῆ
3761 2387 3862 2440 ml

2272 2465 2708 2536 ἀπαραλόγιστον
2741 2467 3039 2536 ἐπίγνωσιν
3083 2470 3177 2525 τοῦ
3221 2472 3380 2537 Θεοῦ,
3415 2474 3560 2546 σαφῆ
3594 2492 3689 2528 του
3729 2479 3861 2548 κριο
3906 2467 3919 2477 ’

2280 2573 2452 2628 ματος
2483 2556 2737 2611 ἀποτελεῖ
2776 2557 2868 2612 τὸν
2893 2561 3118 2624 σκοπὸν,
3151 2563 3248 2617 καί
3285 2581 3472 2635 φησιν,
3509 2584 3528 2617 ι
3550 2565 3673 2619 Ὅτι
3705 2565 3863 2631 ἕλεος

2279 2648 2447 2713 θέλω,
2481 2648 2577 2702 ml
2603 2649 2664 2702 οὐ
2695 2648 2887 2705 θυσίαν
2935 2652 3030 2705 ml
3064 2652 3359 2722 ἐπίγνωσιν
3385 2655 3539 2719 Θεοῦ,
3570 2656 3602 2728 ἢ
3639 2655 3867 2710 ὁλοκαυ-

2272 2741 2520 2810 τώματα.
2546 2759 2566 2793 ι
2617 2739 2683 2792 Τί
2726 2739 2837 2813 γὰρ
2865 2739 3104 2812 ἔφασκεν
3148 2745 3177 2798 6
3210 2746 3438 2818 Σωτήρ;
3487 2747 3709 2804 ιΠάντα
3761 2744 3864 2801 οὖν

2271 2831 2372 2885 ὅσα
2399 2831 2493 2885 ἑάν
2525 2818 2718 2903 θέλητε
2751 2832 2838 2886 ἵνα
2869 2834 3100 2888 ποιῶσιν
3141 2835 3270 2908 ὑμῖν
3299 2839 3350 2890 οί
3379 2837 3677 2909 ἄνθρωποι,
3712 2837 3865 2891 οὕτω

2273 2924 2368 2977 καὶ
2390 2924 2548 2994 ὑμεῖς
2573 2927 2776 2978 ποιεῖτε
2801 2926 2985 2991 αὐτοῖς
3023 2928 3244 2997 ὁμοίως.
3272 2945 3292 2981 ι
3318 2929 3436 3000 Χρῆ
3446 2946 3521 2998 μα
3542 2929 3600 2982 δὲ
3633 2929 3717 2982 δτι
3752 2929 3868 2996 μά·
3964 2985 3969 2989 ,

2271 3012 2428 3067 λιστα
2451 3014 2604 3086 παρά
2633 3014 2754 3087 Θεῷ
2779 3015 2961 3088 τίμιον
2990 3016 3092 3090 τὴν
3111 3019 3332 3089 ἀγάπην
3369 3020 3694 3084 ἐπιδεικνὺς,
3722 3019 3870 3074 «Ἐν

2273 3102 2446 3175 τούτῳ
2490 3108 2789 3173 γνώσονται
2836 3106 3061 3171 πάντες,
3112 3111 3269 3178 φησὶ,
3308 3110 3390 3162 ὅτι
3442 3110 3566 3180 ἐμοὶ
3615 3109 3871 3180 μαθηταί

596 3195 714 3250 veri
741 3194 837 3251 Dei
863 3194 1137 3261 eduxisse,
1182 3210 1290 3264 quo
1342 3204 1499 3267 pacto
1545 3196 1777 3252 dubitari
1824 3198 2031 3268 potest?
2072 3198 2172 3255 Se-

2274 3172 2429 3260 ὲστε,
2454 3172 2550 3249 ὲάν
2583 3197 2807 3269 ἀγάπην
2837 3197 3000 3270 ἔχητε
3025 3199 3107 3261 είς
3124 3172 3423 3268 ἀλλήλους.
3445 3172 3628 3254 ι’Ὅτι
3659 3200 3722 3254 δὲ

598 3283 775 3357 ipsum
807 3287 951 3342 enim
988 3287 1143 3343 nobis
1181 3301 1279 3357 pro
1311 3287 1540 3358 imagine
1577 3288 1848 3345 Genitoris
1874 3290 2173 3360 proposuit,

597 3390 723 3431 eum
756 3376 895 3432 dixit
921 3375 1165 3448 Philippo
1194 3391 1450 3447 germano
1480 3377 1740 3448 discipulo
1767 3397 1779 3434 :
1809 3397 1830 3433 ι
1872 3378 1988 3435 Non
2042 3395 2177 3436 cre-

600 3467 682 3525 dis
733 3468 861 3537 quia
895 3479 996 3540 ego
1033 3469 1088 3524 in
1120 3467 1302 3535 Patre,
1331 3466 1446 3539 99
1472 3477 1529 3524 et
1552 3467 1713 3525 Pater
1744 3470 1798 3526 in
1825 3484 1913 3527 me
1944 3471 2062 3528 est?
2081 3471 2174 3543 qui

596 3559 733 3616 vidit
766 3573 872 3626 me,
897 3559 1031 3614 vidit
1060 3569 1117 3615 et
1145 3558 1362 3616 Patrem
1389 3559 1457 3614 ⁸⁸.
1485 3558 1597 3631 Ego
1623 3568 1679 3614 et
1701 3560 1864 3617 Pater
1888 3576 2051 3618 uncum
2083 3577 2176 3620 su-

597 3665 718 3707 mus
766 3653 837 3705 ⁸³.
890 3670 910 3705 ι
940 3651 1096 3718 Quod
1124 3650 1169 3707 si
1202 3653 1323 3721 quis
1349 3658 1405 3706 et
1435 3652 1611 3722 ipsum
1661 3651 1859 3708 Filium
1906 3652 2174 3710 amt-mare

599 3743 829 3798 voluerit
853 3743 1030 3800 Patris
1069 3743 1498 3799 misericordiam
1527 3757 1670 3809 esse,
1718 3746 1864 3800 omni
1906 3746 2174 3801 sacriﬁcio

601 3842 657 3888 et
690 3833 1010 3889 holocausto
1058 3832 1318 3904 majorem
1356 3840 1504 3887 recte
1550 3831 1855 3887 aﬂirmahit.
1893 3832 1984 3888 Sic
2028 3833 2170 3889 enim

596 3937 627 3978 a
659 3922 839 3977 divina
866 3921 1146 3990 Scriptura
1171 3928 1397 3976 vocatus
1423 3930 1530 3975 est.
1560 3920 1682 3990 Ipse
1704 3921 1849 3975 enim
1884 3921 2077 3975 alicubi
2105 3921 2173 3975 de

599 4012 719 4081 ipso
745 4012 889 4066 Deus
917 4019 973 4064 et
1000 4009 1160 4065 Pater
1189 4010 1347 4066 nobis
1375 4009 1505 4064 dicit
1534 4027 1550 4066 :
1581 4027 1600 4061 ι
1629 4009 2035 4080 Appropinquat
2062 4011 2171 4065 cito

592 4102 801 4173 justitia
835 4115 974 4170 mea,
1013 4110 1070 4156 et
1095 4099 1466 4157 misericordia
1511 4114 1629 4156 mea
1660 4108 1720 4155 ut
1754 4100 2016 4156 reveletur
2041 4101 2107 4155 ⁸³.
2145 4120 2166 4153 ι

599 4194 667 4249 Et
701 4193 967 4264 Propheta
999 4193 1068 4251 ad
1112 4193 1263 4249 illum
1296 4209 1311 4247 :
1360 4211 1381 4247 ι
1430 4193 1665 4251 Ostende
1717 4195 1894 4260 nobis,
1924 4195 2169 4259 Domine,

598 4285 1022 4340 misericordiam
1046 4294 1215 4353 tuam,
1233 4296 1288 4342 et
1303 4286 1538 4344 salutare
1565 4296 1712 4342 tuum
1726 4289 1792 4343 da
1811 4288 1967 4343 nobis
1985 4286 2130 4342 ’δοθῆ
2144 4305 2164 4340 ι

605 4373 741 4431 Vere
764 4376 907 4433 enim
934 4376 1309 4431 misericordia
1341 4393 1371 4431 a
1400 4378 1561 4433 Patre
1585 4386 1668 4434 est
1693 4380 1962 4443 Christus,
1985 4387 2170 4448 utpote

2274 3287 2607 3360 προσιόντων
2628 3288 2720 3343 τὸν
2761 3290 2886 3345 νοῦν
2913 3288 3199 3359 ἁνεκόμιζε
3245 3288 3382 3358 πρὸς
3416 3288 3720 3357 ἐπίγνωσιν
3768 3293 3865 3347 τοῦ

2274 3379 2416 3435 κατά
2456 3379 2713 3452 ἀλήθειαν
2761 3381 2913 3444 ὄντος
2945 3379 3105 3444 Θεοῦ,
3153 3378 3272 3445 πῶς
3308 3379 3375 3435 ἂν
3408 3380 3504 3435 ml
3554 3381 3857 3439 ἐνδοιάσειὲ

2271 3488 2386 3539 τις;
2427 3472 2652 3528 Ἑαυτὸν
2673 3472 2780 3546 γὰρ
2803 3474 2933 3546 ἡμῖν
2963 3473 3044 3537 είς
3067 3472 3251 3526 εἰκόνα
3293 3471 3386 3526 τοῦ
3416 3471 3859 3546 γεγενῘν]ηκότος

2272 3563 2589 3636 παρετίθει,
2655 3564 2828 3633 λέγων
2873 3564 2954 3636 τῷ
3011 3563 3226 3637 γνησίῳ
3282 3563 3496 3635 μαθητῇ
3557 3564 3857 3634 (Φίλιππος

2271 3649 2425 3718 οὗτος
2456 3651 2547 3726 ἦν)
2573 3670 2589 3688 ο
2621 3674 2641 3707 ι
2663 3654 2739 3708 Οὐ
2760 3656 3060 3721 πιστεύεις,
3091 3656 3172 3709 ὅτι
3194 3655 3303 3723 ἐγὼ
3327 3656 3383 3709 ὲν
3407 3654 3485 3725 τῷ
3509 3655 3702 3726 Πατρὶ,
3716 3658 3810 3710 καὶ
3827 3659 3855 3710 6

2271 3746 2464 3816 Πατὴρ
2527 3748 2585 3799 ὲν
2638 3745 2759 3815 έμοί
2826 3745 3004 3809 tactv;
3064 3747 3094 3798 6
3147 3746 3407 3814 ἑωρακὼς
3473 3745 3594 3816 ἐμὲ,
3639 3746 3849 3818 ἑώρακε

2270 3836 2361 3891 τὸν
2386 3836 2621 3907 Πατέρα.
2659 3833 2800 3904 Ἐγὼ
2837 3836 2932 3888 ml
2961 3835 2989 3887 ὁ
3017 3834 3208 3906 Πατὴρ
3233 3835 3291 3889 ἓν
3332 3837 3520 3907 ὲσμεν.
3547 3854 3567 3888 ›
3603 3835 3668 3890 El
3700 3838 3757 3890 δὲ
3786 3837 3843 3906 δή

2269 3946 2355 3992 τις
2381 3928 2555 3982 ἕλοιτο
2587 3927 2683 3980 καὶ
2720 3925 2884 3980 αὐτὸν
2913 3923 3051 3979 εῖναι
3082 3926 3265 3995 λέγειν
3297 3927 3388 3980 τὸν
3426 3928 3553 3981 Υίδν
3602 3928 3667 3982 τὸ
3706 3928 3831 3988 ἔλεος

2269 4019 2364 4073 τοῦ
2400 4002 2633 4092 Πατρδς,
2661 4016 2725 4072 τδ
2762 4017 2904 4089 ὑπὲρ
2929 4017 3118 4072 θυσίαν
3148 4019 3242 4071 ml
3273 4017 3657 4089 ὁλοκαύτωμα,
3727 4034 3841 4071 συν·

2269 4113 2389 4183 ήσει
2429 4109 2632 4174 καλῶς.
2700 4108 2976 4179 Κέκληται
3036 4109 3145 4181 γὰρ
3214 4108 3388 4172 οὕτως
3444 4111 3597 4181 παρά
3656 4126 3723 4179 γε
3782 4109 3844 4179 τῇ

2271 4205 2612 4276 θεοπνεύστῳ
2651 4203 2867 4276 Γραφῇ.
2911 4201 3083 4266 Αὐτὸς
3138 4202 3236 4271 μὲν
3272 4201 3378 4273 γὰρ
3421 4201 3523 4272 ἔφη
3568 4218 3672 4254 που
3722 4199 3849 4270 περὶ

2270 4294 2435 4350 αὐτοῦ
2471 4295 2608 4366 πρὸς
2638 4295 2785 4363 ἡμᾶς
2809 4295 2838 4347 6
2866 4292 3000 4357 Θεὸς
3020 4293 3113 4347 καὶ
3144 4294 3354 4364 Πατήρ·
3391 4310 3409 4345 ι
3444 4291 3685 4361 Ἐγγίζει
3713 4291 3848 4361 ταχὺ

2271 4385 2303 4453 ἡ
2333 4382 2645 4450 δικαιοσύνη
2703 4398 2803 4450 μου
2835 4380 3013 4434 καὶτὸ
3038 4380 3186 4444 ἔλεός
3214 4398 3312 4451 μου
3342 4377 3846 4446 ἀποκαλυφθῆναι.»

598 4468 690 4537 qui
722 4467 858 4523 tollit
889 4478 1130 4538 peccata,
1187 4476 1244 4523 et
1290 4468 1517 4521 crimina
1549 4468 1795 4533 dimittit,
1857 4479 1913 4547 et
1942 4469 2044 4523 nde
2078 4469 2167 4537 ju-

2273 4470 2334 4522 Ol
2361 4468 2420 4522 δὲ
2448 4485 2513 4536 γε
2537 4467 2816 4537 προφῆται
2859 4467 2997 4537 πρὸς
3038 4469 3231 4522 αὐτόν’
3277 4486 3298 4522 t
3326 4469 3502 4536 Δεῖξον
3537 4467 3693 4537 ἡμῖν,
3725 4464 3850 4519 Κύ-

598 4560 817 4625 stiﬁcat,
851 4568 905 4614 et
938 4560 1179 4629 perditos
1211 4558 1266 4613 in
1298 4558 1585 4627 pristinum
1611 4556 1799 4612 salutis
1837 4553 2168 4611 statum‘re-

597 4651 793 4715 stituit,
827 4660 883 4705 et
908 4665 938 4704 a
962 4657 1139 4705 morte
1166 4650 1395 4705 invictos
1430 4649 1624 4714 reddit,
1651 4658 1704 4704 et
1735 4649 1986 4718 quidnam
2014 4662 2171 4716 egre-

598 4745 767 4813 gium.
793 4750 849 4796 et
872 4741 926 4795 in
950 4741 1137 4809 primis
1164 4740 1430 4799 laudabile
1454 4740 1610 4797 nobis
1636 4756 1741 4795 non
1774 4739 1969 4794 donat?
1990 4737 2170 4805 Quare

597 4834 791 4888 melior
822 4839 905 4888 est
938 4831 1205 4888 sacrillcio
1232 4841 1288 4887 et
1329 4831 1655 4887 holocaustis
1692 4830 1914 4886 scientia
1953 4832 2065 4895 Dei,
2111 4839 2168 4886 ut

598 4926 653 4979 in
681 4924 897 4979 Christo
926 4922 1187 4993 perfecta.
1241 4923 1603 4995 Cognovimus
1649 4924 1794 4978 enim
1848 4938 1943 4991 per
1993 4923 2163 4991 ipsum

595 5026 650 5072 et
684 5017 736 5070 in
768 5016 885 5086 ipso
913 5014 1223 5081 Patrem,et
1245 5015 1627 5085 justiﬁestione
1651 5014 1703 5070 in
1734 5014 1837 5070 ﬁde
1858 5015 2161 5085 locupletati

597 5123 801 5164 sumus.

2276 4577 2378 4631 ριε,
2405 4558 2467 4612 τὸ
2498 4558 2649 4621 ἔλεός
2686 4574 2799 4624 του,
2836 4559 2931 4611 καὶ
2955 4558 3017 4611 τὸ
3044 4560 3306 4632 σωτήριόν
3338 4578 3431 4614 σου
3463 4559 3614 4630 δῲης·
3641 4559 3794 4629 ἡμῖν.
3822 4575 3842 4608 ι

2276 4650 2463 4712 Ἔλεος
2492 4649 2601 4720 γὰρ
2631 4647 2847 4719 ἀληθῶς
2874 4647 2935 4700 τὸ
2968 4651 3118 4720 παρά
3153 4650 3366 4722 Πατρδς
3410 4653 3438 4704 6
3467 4650 3722 4721 Χριστὸς,
3772 4649 3849 4711 ὡς

2271 4738 2521 4811 ἀφαιρῶν
2575 4739 2883 4809 ἁμαρτίας,
2932 4738 3009 4801 ὡς
3070 4740 3239 4804 ἀνιεὶς
3302 4740 3697 4812 ἐγκλημάτων,
3755 4739 3846 4792 ml

2270 4829 2497 4887 δικαιῶν
2527 4831 2594 4901 τῇ
2624 4829 2827 4896 πίστει,
2859 4827 2954 4882 καὶ
2989 4829 3286 4895 ἀνασώζων
3324 4831 3449 4894 τοὺς
3476 4828 3841 4890 ἀπολωλότας.

2271 4924 2366 4977 ml
2404 4922 2633 4976 θανάτου
2658 4920 2971 4993 κρείττονας
3003 4921 3337 4989 ἀποφαίνων,
3380 4923 3474 4974 ml
3513 4921 3568 4974 τί
3590 4920 3699 4990 γὰρ
3729 4919 3845 4988 οὐχὶ

2269 5013 2379 5066 τῶν
2407 5012 2702 5079 παγκάλων
2726 5011 3068 5083 δωρούμενος
3092 5031 3106 5079 ;
3135 5013 3343 5067 Οὐκοῦν
3366 5016 3606 5085 ἀμείνων
3634 5013 3841 5074 θυσίας,

2272 5106 2366 5159 καὶ
2410 5103 2875 5173 ὁλοκαυτωμάτων
2908 5105 2940 5173 ἡ
2979 5103 3113 5157 Θεοῦ
3145 5105 3366 5174 γνῶσις,
3409 5107 3486 5170 ὠς
3528 5107 3586 5161 ἐν
3626 5102 3847 5174 Χριστῷ

595 5199 914 5272 τελουμένη.
975 5198 1326 5269 Ἐγνὼκαμεν
1363 5195 1472 5268 γάρ
1515 5195 1580 5250 δι’
1621 5196 1789 5251 αὐτοῦ
1836 5213 1895 5252 τε
1945 5196 2040 5251 ml
2095 5198 2155 5251 ἐν
2229 5195 2377 5266 αὐτῷ
2423 5193 2515 5247 τὸν
2571 5193 2825 5263 Πατέρα,
2884 5193 2977 5246 ml
3061 5193 3161 5265 τὴν
3219 5197 3278 5247 ὲν
3329 5195 3511 5248 πίστει
3565 5194 3849 5250 δικαίωσιν

596 5287 1072 5361 τοεπλουτήκαμεν.

669 5398 836 5455 Vsus.
879 5403 931 5456 7.
966 5403 1076 5474 Ipsi
1115 5414 1287 5460 autem
1320 5410 1440 5457 sunt
1489 5412 1544 5456 ut
1599 5403 1751 5457 homo
1806 5403 2162 5472 praevaricans

600 5501 986 5549 testamentum.
2097 5498 2102 5502 ’

670 5711 889 5796 7fnl‘sal.
913 5713 1059 5796 ιιιχϐ.
1135 5717 1494 5796 "_J_oan.__x|_v,
1528 5719 1616 5770 10.
1689 5718 1733 5796 ’ξι
1767 5715 2163 5796 ,Ιοςιιιλκ-ιιιήφ.
2255 5716 2298 5751 '9
2334 5715 2522 5796 Matth.
2561 5731 2658 5779 vn,
2695 5715 2776 5770 l2.
2856 5716 2900 5747 ἰο
2933 5714 3093 5770 Joan.
3120 5729 3239 5781 xm,
3268 5714 3358 5772 55.

1935 5788 1950 5801 '9

598 5787 762 5855 9,10.
840 5782 885 5812 ⁸¹
914 5779 1070 5834 Joan.
1101 5798 1151 5849 χ,
1181 5786 1267 5839 50.

1350 5790 1394 5818 ⁸³
1434 5793 1532 5842 lsa.
1569 5802 1673 5849 LVI,
1707 5787 1756 5836 1.

2345 5397 2522 5450 Αὐτοὶ
2559 5395 2624 5450 δέ
2657 5398 2812 5450 εἰσιν
2853 5396 2933 5459 ὠς
2965 5395 3274 5465 ἅνθρωπος
3302 5398 3683 5467 παραϐαίνων
3722 5399 3853 5455 δια-

2278 5489 2489 5557 θήκην.

3463 5716 3505 5748 ⁸³
3543 5718 3700 5773 Joan.
3737 5732 3854 5786 xlv,

1836 5788 1951 5816 “‘5
1984 5784 2128 5839 l’sal.
2165 5800 2345 5853 LXXIV,
2373 5788 2423 5839 8.
