4098 6276
314 398 419 459 169
520 465 525 469 ,

1239 392 1785 452 COMMENTARIUS
1824 393 1889 449 IN
1928 392 2158 450 OSEAM
2201 395 2643 453 PROI’HETAM.

3466 398 3566 451 1⁸20

381 520 519 588 Ξςι.
562 514 903 587 Πανταχόθεν
948 515 1100 585 ἡμᾶς
1135 516 1614 587 πολυπραγμονεῖν
1650 509 1709 569 εὖ
1741 514 1881 585 μάλα

2064 515 2249 572 LXVI.
2295 515 2667 588 Undecunquc
2716 532 2812 573 nos
2858 516 3059 587 optimo
3104 514 3331 570 consilio
3377 530 3564 571 verum

315 615 377 668 τὸ
404 612 597 680 ἀληθὲς
624 610 1041 676 σπουδάζοντας,
1097 609 1192 663 κα)⁸
1222 608 1316 663 νῦν
1352 611 1527 663 εἰπεῖν
1562 610 1885 677 ἀναγκαῖον,

318 707 392 769 ώς
416 702 583 775 ήκαθ’
600 700 882 773 Ἐϐραίους
896 699 1105 764 ἕκδοσις
1121 701 1241 755 ἀντὶ
1260 699 1375 765 τοῦ,
1407 720 1426 752 ι
1454 700 1529 764 ὡς
1544 699 1849 771 ἄνθρωπος,
1865 719 1882 752 ι

315 799 390 861 ὡς
424 795 596 866 Ἀδὰμ
631 795 821 865 εἴρηκε
870 792 1226 865 παραϐαίνων
1267 793 1556 866 διαθήκην,
1602 794 1690 847 ἵνα
1719 796 1888 847 νοοῖτο

313 887 490 942 τοιάδε
533 904 620 951 τις
664 885 774 941 τῶν
811 885 870 952 ἐξ
909 885 1126 958 Ἰσραὴλ
1157 888 1190 957 ἡ
1221 886 1553 959 παράϐασις,
1599 887 1758 940 ὁποία
1794 886 1889 955 γέ-

314 994 469 1046 γονεν
494 979 552 1032 ἐν
577 977 770 1048 Ἀδάμ.
798 976 979 1031 Μετὸν
1004 977 1113 1049 γὰρ
1133 979 1326 1049 ἐκείνῳ
1356 979 1450 1032 καὶ
1476 978 1576 1049 τὴν
1599 977 1737 1049 πρὸς
1754 977 1888 1031 Θεὸν

310 1070 587 1125 οίκείωσιν
614 1071 778 1142 ἐχειν,
815 1070 911 1124 καὶ
932 1072 989 1124 ἐν
1013 1070 1293 1142 ἀφθαρσίᾳ
1319 1071 1608 1136 διατελεῖν,
1643 1070 1737 1124 καὶ
1767 1072 1886 1134 ταῖς

310 1159 406 1216 τοῦ
438 1163 770 1235 παραδείσου
799 1165 1037 1234 τρυφαῖς
1065 1161 1484 1233 ἐναϐρύνεσθαι,
1536 1161 1885 1233 κατημέλησε

306 1253 412 1323 τῆς
458 1253 606 1318 θείας
643 1253 886 1324 ἐντολῆς,
922 1250 1056 1310 ῗεῐτα
1101 1253 1373 1307 διόλλυται
1421 1253 1516 1306 ἐπὶ
1554 1252 1624 1305 τά
1667 1252 1884 1322 αἰσχίω,

307 1350 421 1405 τῶν
446 1347 691 1420 ἀρχαίων
713 1347 992 1418 ἀδοκήτως
1008 1344 1395 1416 ἐστερημένος.
1422 1343 1581 1399 Οὕτω
1612 1344 1706 1398 καὶ
1732 1344 1888 1398 αὐτοὶ

303 1441 475 1514 (φημὶ¹
509 1440 566 1494 δὲ
595 1438 660 1510 δὴ
690 1437 875 1504 πάλιν,
906 1438 956 1490 οί
984 1435 1045 1504 ἐξ
1079 1435 1312 1508 Ἰσραὴλ)
1344 1436 1546 1507 εὐμενῆ
1594 1436 1688 1489 καὶ
1733 1435 1887 1504 φίλον

299 1532 397 1586 τὸν
429 1531 539 1585 τῶν
583 1531 722 1585 ὅλων
766 1528 982 1599 ἔχοντες
1014 1527 1168 1592 Θεὸν,
1199 1524 1460 1590 σώζοντα,
1486 1526 1580 1579 καὶ
1616 1541 1889 1597 προεστη-

302 1623 468 1685 κότα,
503 1623 599 1675 καὶ
631 1619 957 1691 προτιθέντα
996 1618 1058 1672 τὸ
1099 1617 1247 1681 ἐλεος
1299 1619 1505 1685 αὐτοῖς,
1550 1617 1626 1681 ὡς
1658 1616 1890 1688 νεφέλην

301 1713 581 1786 πρωῖνὴν,
616 1712 712 1767 καὶ
741 1712 817 1775 ὼς
844 1710 1034 1783 δρόσον
1068 1708 1326 1782 ὀρθρινὴν
1370 1708 1767 1780 πορευομένην,
1802 1708 1891 1775 ἐξ·

303 1809 518 1877 άγοντα
545 1806 605 1860 δὲ
626 1805 721 1860 καὶ
752 1804 828 1869 ὡς
855 1802 972 1874 φῶς
1006 1802 1069 1855 τὸ
1093 1802 1267 1874 κρίμα
1298 1801 1488 1866 αὐτοῦ,
1524 1799 1619 1854 καὶ
1650 1802 1717 1872 τῇ
1745 1799 1890 1855 κατὰ

299 1900 480 1973 νόμον
521 1897 893 1968 στεφανοῦντα
924 1894 1169 1966 λατρεία,
1203 1893 1435 1967 ράθυμοι
1462 1893 1717 1962 γεγόνασι
1760 1895 1889 1964 περὶ

300 1991 370 2047 τὸ
397 1992 585 2061 σφισιν
611 1991 796 2053 αὐτοῖς
821 1989 1141 2057 ἀναγκαῖον,
1175 1986 1271 2041 καὶ
1302 1985 1573 2056 χρήσιμον
1594 1985 1672 2049 είς
1695 1985 1891 2056 εὑημε-

300 2081 439 2154 ρίαν
487 2080 584 2134 καὶ
621 2079 799 2146 δόξαν,
850 2078 946 2132 καὶ
979 2075 1499 2147 καταπεφρονήκασι
1531 2073 1626 2128 τοῦ
1671 2076 1889 2130 πάντων

298 2170 646 2245 κρατοῦντος
677 2168 837 2225 Θεοῦ·
884 2168 1065 2223 καίτοι
1102 2166 1357 2236 λέγοντος
1384 2165 1631 2239 ἐναργῶς
1668 2166 1757 2219 διὰ
1792 2166 1886 2220 τοῦ

296 2262 593 2332 πανσόφου
631 2261 899 2326 Μωσέως,
932 2278 953 2312 ι
983 2259 1060 2314 Οὐ
1101 2259 1347 2330 ποιήσεις
1392 2256 1605 2328 σεαυτῷ
1646 2256 1884 2321 εἴδωλον,

292 2356 428 2411 οὐδὲ
467 2354 672 2419 παντὸς
705 2353 981 2425 ὁμοίωμα,
1011 2352 1112 2406 ὅσα
1143 2352 1201 2405 ἐν
1238 2349 1318 2422 τῷ
1362 2348 1579 2422 οὐρανῷ
1611 2348 1745 2412 ἀνω,
1793 2348 1888 2401 καὶ

292 2450 409 2504 ὅσα
438 2448 498 2503 ἐν
523 2449 592 2519 τῇ
616 2449 689 2518 γῇ
723 2446 900 2510 κάτω,
931 2444 1027 2499 καὶ
1054 2444 1156 2498 ὅσα
1184 2444 1244 2497 ἐν
1273 2443 1387 2506 τοῖς
1413 2441 1599 2495 ὕδασιν
1626 2439 1887 2494 ὑποκάτω

290 2540 403 2611 τῆς
430 2540 554 2611 γῆς.
581 2558 601 2592 ι
646 2538 758 2592 Καὶ
783 2536 973 2591 πάλινο
1013 2557 1030 2588 ι
1063 2535 1177 2590 Οὐκ
1203 2534 1417 2590 ἔσονταί
1446 2550 1528 2587 σοι
1562 2530 1676 2586 θεοὶ
1705 2530 1885 2602 ἐτεροι

287 2630 450 2702 πλὴν
493 2628 651 2702 ἐμοῦ.
685 2648 703 2681 ι
751 2627 969 2699 Ἐπειδὴ
1006 2627 1065 2681 δὲ
1112 2628 1172 2681 ἐν
1205 2627 1305 2697 ῐσῳ
1349 2624 1429 2696 τῷ
1466 2623 1692 2696 πρώτῳ,
1727 2640 1886 2678 τουτ-

291 2724 450 2788 ἐστι,
496 2720 576 2792 τῷ
629 2719 823 2791 Ἀδὰμ,
877 2717 1220 2790 παρώλισθον
1267 2718 1348 2781 εἰς
1388 2715 1750 2781 ἀποστασίαν,
1788 2716 1885 2770 καὶ⁵

285 2814 466 2869 αὐτοὶ⁷
500 2811 568 2885 δὴ
599 2811 817 2875 πάντως
848 2808 954 2876 ἔξω
1000 2807 1295 2864 πεσοῦνται
1338 2808 1435 2863 τοῦ
1463 2809 1882 2883 κατευφραίνειν

284 2905 544 2968 είδότος·
578 2901 1004 2974 παραϐεϐήκασι.
1037 2899 1147 2974 γὰρ
1174 2900 1459 2973 διαθήκην.

363 2998 439 3052 Et
459 2996 517 3049 δὲ
547 2995 612 3066 δή
648 2995 820 3048 νοοῖτο
849 2991 1274 3065 μυστικώτερον,
1303 2992 1379 3056 ὡς
1411 2991 1504 3045 ἐπὶ
1533 2990 1795 3061 Χριστοῦ,
1821 2990 1882 3044 τὸ

1920 1852 1964 1906 Β

1993 610 2301 680 diligentius
2342 613 2599 682 indagare
2653 620 2936 678 conantes,
2968 625 3112 665 nunc
3156 624 3367 680 quoque
3411 611 3566 667 fateri

1989 711 2225 771 oportet,
2260 702 2552 757 editionem
2580 701 2929 758 Hebraaorum
2972 717 3070 772 pro
3123 722 3140 754 ι
3201 711 3256 757 ιιι
3307 703 3488 771 1ιοιιιο,
3544 722 3563 755 ι

1991 795 2213 862 habere,
2243 815 2262 847 ι
2305 805 2361 851 ιιι
2389 795 2560 848 Adam
2606 795 3008 864 transgrediens
3041 807 3256 865 partum
3291 814 3302 848 :
3346 813 3365 846 ι
3399 804 3459 851 ιιι
3485 804 3568 847 ta—

1990 887 2056 943 lis
2113 887 2481 942 lsraelitarum
2541 886 2904 956 transgressio
2961 886 3328 955 intelligatur,
3393 887 3563 957 qualis

1987 981 2179 1036 Adami
2225 980 2345 1036 fuit.
2386 980 2520 1035 Nam
2557 995 2681 1036 cum
2708 980 2783 1035 illi
2817 979 3007 1035 liceret
3038 994 3159 1033 cum
3195 980 3304 1035 Deo
3345 981 3561 1051 conjun-

1987 1083 2135 1130 etum
2185 1075 2652 1144 immortalcmque
2718 1075 2902 1129 vivere
2952 1081 3008 1130 et
3057 1073 3296 1141 paradisi
3360 1073 3567 1129 deliciis

1988 1165 2271 1226 illustrari,
2303 1165 2542 1220 divinum
2591 1166 2900 1219 mandatum
2952 1162 3184 1232 neglexit
3212 1180 3229 1219 ε
3260 1162 3454 1216 deinde
3500 1176 3566 1216 ao

1989 1253 2288 1324 indigniora
2340 1256 2642 1324 pessumiit,
2674 1256 2947 1326 primams
2980 1253 3277 1309 honoribus
3299 1259 3354 1307 et
3392 1251 3570 1306 excel-

1989 1342 2169 1400 lentiis
2216 1354 2413 1415 praeter
2457 1347 2917 1416 exspectationem
2965 1344 3244 1414 spoliatus.
3304 1340 3570 1399 Similiter

1988 1446 2045 1491 et
2072 1437 2173 1508 ipsi
2203 1438 2479 1505 Israelita,
2514 1439 2756 1508 inquam,
2787 1438 3077 1508 benignum
3108 1444 3164 1491 et
3192 1435 3424 1489 amicum
3449 1431 3571 1488 uni-

1990 1543 2270 1585 versorum
2298 1530 2460 1585 Deum
2500 1531 2779 1594 habentes,
2829 1540 3160 1586 servatorem
3202 1539 3256 1584 et
3312 1537 3566 1587 tutorem.

1990 1629 2046 1674 et
2096 1620 2187 1688 qui
2230 1629 2585 1690 proposuerat
2626 1621 2708 1675 eis
2763 1619 3217 1683 misericordiam,
3264 1626 3320 1672 et
3368 1617 3567 1671 nubem

1994 1709 2332 1777 matutinam,
2363 1720 2417 1766 et
2448 1720 2506 1764 ut
2530 1704 2708 1766 rorem
2734 1710 3053 1765 matutinum
3074 1713 3566 1776 pertranseuntem,

1991 1809 2045 1855 et
2077 1800 2393 1859 educentem
2421 1803 2686 1874 judicium
2718 1817 2874 1858 suum
2910 1801 3064 1873 quasi
3094 1802 3289 1861 lucem,
3326 1808 3382 1853 et
3409 1798 3567 1853 latria

1992 1892 2293 1947 secundum
2319 1893 2492 1964 legem
2520 1909 2615 1951 eos
2639 1897 3102 1959 cohonestsntem,
3139 1894 3193 1948 in
3221 1891 3438 1963 negotio
3466 1890 3566 1945 sibi

1989 1986 2321 2052 necessario,
2352 1995 2405 2043 et
2438 1986 2504 2042 ad
2534 1987 2743 2043 felicem
2790 1994 2990 2042 statum
3041 1996 3095 2041 et
3144 1984 3371 2055 gloriam
3424 1981 3566 2047 utili,

1991 2078 2247 2135 socordes
2271 2088 2577 2147 evaserunt,
2607 2087 2662 2134 et
2703 2080 3123 2149 omnipotentem
3169 2077 3334 2131 Deum
3387 2076 3568 2131 ﬂocci-

1990 2170 2313 2237 penderunt,
2370 2186 2682 2242 quanquam
2728 2170 3134 2241 sapientissimo
3182 2167 3363 2238 Moyse
3404 2166 3568 2222 claris

1991 2260 2171 2316 verbis
2197 2262 2412 2318 dicente
2445 2280 2459 2316 :
2497 2280 2518 2315 ι
2549 2261 2665 2318 Non
2695 2260 2864 2318 facies
2903 2260 2996 2317 tibi
3030 2261 3253 2326 idolum,
3291 2272 3389 2314 nec
3416 2259 3571 2314 simi-

1990 2351 2287 2409 litudinem
2320 2354 2500 2420 ullius,
2536 2367 2869 2424 quascunque
2922 2355 2973 2408 in
3027 2352 3166 2409 coelo
3216 2367 3454 2417 sursum,
3512 2362 3562 2405 et

1989 2458 2324 2515 quascunque
2350 2446 2403 2500 in
2430 2455 2570 2501 terra
2602 2448 2851 2502 deorsum
2874 2445 2941 2500 ⁸⁸,
2977 2464 2997 2499 ι
3027 2443 3308 2500 Etiternm
3340 2462 3355 2500 :
3392 2461 3411 2494 ι
3444 2443 3558 2496 Non

1988 2546 2149 2591 erunt
2172 2538 2353 2596 tibidii
2383 2537 2472 2593 alii
2505 2547 2703 2607 praeter
2758 2550 2845 2592 me
2892 2536 2959 2593 ⁸⁷.
2994 2556 3014 2591 ι
3069 2534 3333 2604 Quoniam
3382 2544 3561 2589 autem

1988 2639 2141 2696 aeque
2172 2635 2233 2681 ut
2259 2628 2488 2698 primus,
2512 2629 2615 2684 hoc
2653 2639 2757 2694 est,
2792 2629 2961 2683 Adam
3006 2627 3059 2682 in
3111 2625 3436 2695 apostasiam
3483 2623 3563 2677 in.

1987 2714 2254 2785 ciderunt,
2284 2717 2391 2786 ipsi
2414 2732 2629 2789 quoque
2662 2719 2883 2774 omnino
2927 2720 2996 2773 ab
3029 2732 3094 2774 eo
3140 2717 3231 2787 qui
3287 2713 3564 2769 laetificari:

1987 2808 2139 2864 novit
2161 2808 2539 2866 destituentur.
2566 2810 2911 2883 Transgressi
2944 2820 3071 2867 sunt
3095 2811 3240 2866 enim
3271 2818 3562 2865 testamen-

1990 2911 2098 2955 tum
2107 2942 2122 2956 .

2060 2996 2218 3067 100
2260 2995 2411 3065 Quod
2463 2997 2511 3053 si
2560 2998 2839 3053 oraculum
2899 2999 3328 3069 μυστικώτερον,
3380 3001 3440 3050 ιιι
3495 2994 3562 3046 de

282 3087 709 3163 χρησμῴδημα,
752 3084 916 3139 πάλιν
958 3085 1137 3138 ἐκεῖνο
1185 3083 1440 3156 ἐροῦμεν,
1492 3082 1712 3153 ἐμφανῆ
1771 3082 1881 3135 τῶν

1984 3086 2221 3157 Christo,
2248 3089 2594 3159 intelligatur,
2625 3104 2837 3145 rursum
2859 3088 2924 3144 ad
2947 3087 3273 3145 sententiam
3294 3087 3558 3141 dictorum

282 3182 612 3253 λεγομένων
639 3177 1002 3241 καθιστάντες
1031 3176 1124 3232 τὸν
1156 3173 1304 3230 νοῦν·
1343 3173 1629 3246 Ἔπεμψεν
1662 3175 1728 3228 ἐκ
1765 3173 1877 3227 τῶν

1982 3180 2326 3249 aperiendam
2359 3182 2489 3239 illud
2519 3185 2804 3240 dicemus:
2834 3181 2982 3239 Misit
3022 3183 3092 3239 de
3120 3181 3260 3238 caelo
3313 3181 3453 3235 Deus
3508 3189 3563 3233 et

288 3273 549 3345 οὐρανῶν
612 3274 643 3326 ό
686 3270 824 3335 Θεὸς
872 3268 969 3324 καὶ
1017 3268 1209 3339 Πατὴρ
1264 3268 1356 3320 τὸν
1401 3265 1530 3319 Υίὸν
1579 3263 1882 3334 φωτιοῦντα

289 3366 433 3427 τοὺς
460 3363 517 3430 ἐξ
539 3361 774 3434 Ἰσραὴλ,
804 3361 899 3414 καὶ
922 3358 1156 3430 φανερὸν
1185 3357 1596 3427 καταστήσοντα
1618 3354 1678 3408 τὸ
1705 3354 1880 3427 κρίμα

293 3453 505 3520 αὐτοῦ,
530 3454 626 3507 καὶ
648 3453 730 3507 ἴνα
762 3450 1062 3521 καταλῆξαι
1096 3450 1196 3519 μὲν
1230 3447 1505 3521 ἀναπείσῃ
1550 3445 1752 3501 θυσιῶν
1784 3446 1881 3518 ἁρ-

294 3542 506 3614 χαίων,
545 3542 637 3597 καὶ
660 3542 1120 3613 ὁλοκαυτωμάτων
1147 3539 1256 3595 τῶν
1286 3539 1429 3593 κατὰ
1456 3539 1647 3609 νόμον·
1678 3537 1880 3609 ἐλεήσῃ

290 3637 355 3690 ἑὲ
386 3634 611 3708 μᾶλλον,
639 3634 865 3690 δικαιῶν
894 3636 958 3705 τῇ
986 3634 1191 3697 πίστει,
1230 3631 1324 3685 καὶ
1348 3629 1560 3703 καλέσῃ
1589 3629 1726 3702 πρὸς
1753 3629 1877 3682 ἐπί-

280 3744 506 3800 γνωσιν
554 3727 650 3783 τοῦ
692 3727 838 3782 κατὰ
887 3725 1148 3796 ἀλήθειαν
1191 3723 1343 3787 όντος
1382 3720 1541 3778 Θεοῦ.
1580 3722 1660 3774 Δι’
1708 3718 1875 3775 αὐτοῦ

273 3821 398 3893 γὰρ
462 3821 558 3875 καὶ
584 3820 643 3875 ἐν
667 3818 819 3890 αὺτῷ
847 3816 1152 3888 τεθεάμεθα
1182 3815 1272 3870 τὸν
1323 3813 1563 3895 Πατέρα,
1598 3814 1694 3867 καὶ
1720 3813 1878 3884 tam.

264 3931 475 3987 καμεν
508 3912 606 3984 τὴν
635 3909 1023 3984 προσαγωγὴν,
1046 3909 1122 3974 ῶς
1154 3924 1259 3962 που
1298 3908 1393 3962 καὶ
1433 3907 1676 3978 Γράμμα
1708 3904 1876 3976 φησὶν

256 4006 457 4077 ιερόν.
498 4002 660 4057 Ἀλλὰ
691 4001 982 4072 γεγόνασιν
1010 4001 1061 4054 ot
1089 4000 1149 4067 ἐξ
1173 3998 1389 4071 Ἰσραὴλ
1425 4014 1444 4050 ι
1483 3998 1560 4061 ὡς
1591 3996 1877 4069 ἄνθρωπος

251 4095 657 4168 ⁶παραϐαίνων
687 4095 975 4166 διαθήκην.
1010 4114 1030 4146 ι
1072 4095 1188 4149 Καὶ
1210 4094 1263 4146 τί
1288 4095 1354 4164 δὴ
1379 4093 1540 4148 τοῦτό
1568 4095 1736 4159 ἐστιν,
1763 4092 1877 4165 ἐρῶ

248 4189 480 4253 πάλιν,
500 4186 648 4251 ὅπως
674 4187 740 4241 ἂν
763 4186 1026 4256 δύνωμαι.
1044 4184 1170 4239 Ὀτι
1197 4184 1286 4254 ὑφ’
1314 4184 1502 4255 ἐτέρου
1524 4184 1877 4256 γραφομένην

244 4278 656 4353 παραϐαίνων
702 4278 992 4350 διαθήκην,
1019 4276 1053 4349 ἢ
1085 4278 1145 4331 οὑ
1176 4277 1457 4349 πρόσεισιν
1485 4276 1647 4340 αὐτὸς
1670 4275 1747 4347 τῷ
1781 4278 1875 4330 ἐκ-

1982 3269 2144 3326 Pater
2176 3272 2394 3340 Filium,
2426 3274 2854 3330 illuminaturum
2887 3274 3025 3331 filios
3063 3273 3229 3330 Israel
3255 3283 3309 3329 et
3334 3273 3558 3326 manife-

1982 3370 2252 3417 staturum
2302 3363 2566 3434 judicium
2617 3365 2755 3435 ejus,
2800 3374 2855 3419 et
2904 3375 2963 3419 ut
3008 3365 3231 3435 antiqua
3289 3363 3555 3419 sacrificia

1982 3464 2145 3525 atque
2192 3454 2503 3512 holocausta
2567 3457 2753 3527 legalis
2808 3457 3059 3527 abrogari
3099 3466 3332 3524 curaret,
3388 3456 3559 3527 magis

1982 3557 2162 3602 autem
2194 3547 2618 3603 misericordiam
2665 3557 2935 3619 erogaret,
2984 3549 3090 3603 fide
3130 3548 3455 3616 justifleans,
3504 3560 3561 3602 et

1980 3639 2047 3691 ad
2076 3639 2404 3708 agnitionem
2438 3639 2549 3693 veri
2575 3638 2668 3694 Dei
2695 3649 2931 3695 vocaret.
2964 3637 3071 3694 Per
3099 3642 3276 3709 ipsum
3315 3639 3479 3704 enim,
3503 3648 3561 3695 et

1978 3730 2034 3784 in
2052 3733 2171 3799 ipso
2185 3730 2417 3785 vidimus
2435 3727 2672 3795 Patrem,
2694 3740 2750 3785 et
2770 3743 3047 3786 accessum
3073 3730 3252 3802 adepti
3279 3746 3468 3786 sumus
3486 3732 3554 3796 ⁸³,

1979 3830 2040 3875 ιιι
2062 3820 2259 3876 alicubi
2291 3832 2375 3877 est
2419 3822 2472 3877 in
2503 3821 2673 3877 sacris
2706 3822 2948 3879 Litteris.
2983 3821 3250 3879 Caeterum
3298 3822 3556 3880 lsmelitm

1979 3912 2107 3968 facti
2142 3922 2267 3970 sunt
2296 3933 2314 3966 ι
2345 3924 2404 3969 ιιι
2443 3914 2606 3970 homo
2644 3914 3003 3985 praevaricana
3053 3925 3459 3972 testamentum.
3529 3936 3549 3970 ι

1981 4006 2093 4063 Hoc
2127 4007 2256 4077 quid
2291 4008 2383 4073 sit,
2421 4007 2595 4063 dicam
2643 4018 2702 4062 ut
2747 4017 2955 4076 potero.
3004 4008 3087 4064 Ab
3140 4010 3246 4065 alio
3290 4012 3553 4078 scriptum

1981 4109 2362 4156 testamentum
2389 4099 2825 4169 transgrediens;
2855 4111 2949 4154 aut
2975 4101 3041 4152 ad
3066 4099 3409 4154 distributam
3435 4117 3553 4156 sor-

1980 4200 2086 4246 tem
2118 4206 2148 4245 a
2176 4191 2452 4246 conditore
2487 4190 2795 4245 testamenti
2838 4205 2944 4246 non
2980 4190 3222 4257 accedit,
3274 4199 3367 4246 aut
3422 4191 3556 4247 alios

1975 4291 2126 4337 certe
2158 4288 2480 4335 testamento
2509 4280 2822 4349 inscriptos,
2873 4280 3071 4335 debitis
3110 4280 3349 4351 ipsorum
3398 4281 3555 4337 bonis

238 4392 310 4430 νε
318 4371 582 4444 μηθέντι
612 4371 800 4443 κλήρῳ
816 4369 968 4441 παρὰ
993 4369 1087 4425 τοῦ
1110 4369 1456 4441 γεγραφότος
1489 4370 1680 4441 αὑτήψ
1705 4370 1871 4441 ἤγουν

1982 4369 2208 4424 fraudat.
2246 4368 2376 4424 Tale
2421 4371 2673 4441 quiddam
2709 4372 3099 4427 commiserunt
3138 4368 3332 4437 Judaei,
3396 4373 3556 4442 idque

236 4466 343 4521 ἑτέ
353 4480 511 4538 ρους
542 4461 648 4515 τῶν
675 4460 1144 4534 ἐγγεγραμμένων
1165 4460 1273 4516 τῶν
1293 4461 1477 4524 αὐτοῖς
1502 4459 1869 4531 ὀφειλομένων

1982 4461 2029 4516 in
2056 4461 2291 4519 Christo.
2324 4462 2424 4531 Qui
2451 4464 2700 4520 tandem?
2737 4464 2874 4519 Deus
2911 4463 3052 4517 enim
3103 4474 3157 4518 et
3202 4462 3365 4519 Pater
3414 4466 3551 4519 velut

232 4556 604 4625 ἀποστερεῖ.
642 4553 899 4609 Τοιοῦτόν
937 4571 992 4607 τι
1040 4553 1388 4624 πεπράχασιν
1445 4553 1723 4617 Ἰουδαῖοι,
1775 4554 1871 4607 καὶ

1904 4532 1946 4589 ί)
1975 4554 2306 4623 splendidam
2356 4557 2644 4625 quamdam
2689 4565 2745 4613 et
2800 4556 3129 4626 peculiarem
3181 4555 3547 4611 haereditatem
3586 4538 3603 4633 ξ

229 4649 427 4704 τοῦτο
461 4644 569 4698 ἐπὶ
603 4644 845 4716 Χριστῷ.
877 4644 1024 4711 Πῶς,
1070 4645 1103 4714 ἢ
1132 4645 1254 4698 τίνα
1286 4644 1517 4716 τρόπον;
1559 4647 1588 4698 ό
1622 4645 1724 4717 μὲν
1760 4647 1870 4716 γὰρ

1982 4644 2333 4716 principatum
2362 4649 2537 4717 gentis
2569 4648 2619 4702 ei
2655 4649 2895 4704 donavit.
2925 4646 3263 4703 Exclamavit
3291 4648 3456 4713 enim,
3498 4660 3549 4703 ιιι
3584 4665 3594 4721 ς,

223 4742 392 4804 Θεὸς
452 4737 566 4791 καὶ
599 4738 788 4808 Πατὴρ
821 4736 1022 4808 κλῆρον
1066 4735 1258 4807 ῶσπερ
1308 4735 1432 4790 τινὰ
1486 4736 1741 4809 λαμπρὸν
1776 4738 1871 4791 καὶ⁸

223 4833 570 4903 ἐξαίρετον
599 4828 696 4898 τὴν
739 4830 877 4882 κατὰ
909 4827 1002 4882 τοῦ
1030 4827 1217 4892 ἔθνους
1258 4828 1555 4900 ἡγεμονίαν
1583 4831 1868 4901 ἐχαρίζετο

217 4923 314 4996 τῷ
357 4917 530 4988 Υἰῷ.
562 4917 901 4987 Διακέκραγε
929 4917 1071 4990 γὰρ,
1104 4918 1181 4982 ὡς
1210 4918 1368 4988 ἔφην,
1408 4936 1428 4970 ι
1473 4917 1614 4988 Ἐγὼ
1649 4920 1705 4974 δέ
1734 4938 1865 4974 κατ-

1972 4738 2083 4791 dixi
2114 4753 2128 4791 :
2167 4755 2185 4789 ι
2225 4736 2338 4809 Ego
2367 4746 2545 4794 autem
2578 4740 2908 4795 constitutus
2940 4757 3059 4796 sum
3094 4757 3185 4794 rex
3211 4742 3278 4795 ab
3304 4756 3369 4795 eo
3392 4755 3549 4808 super

1970 4833 2097 4887 Sion
2129 4841 2364 4888 montem
2396 4842 2643 4887 sanctum
2672 4834 2788 4902 ejus
2812 4833 2877 4897 θ’,
2934 4852 2951 4883 ι
3003 4833 3257 4901 deditque
3295 4826 3457 4887 Filio'
3477 4832 3556 4883 vi-

1971 4937 2150 4986 neam,
2185 4937 2306 4992 quae
2353 4932 2532 4977 mente
2583 4923 2901 4992 percipitur,
2958 4925 3061 4977 hoc
3114 4933 3220 4987 est,
3271 4920 3548 4976 lsraclem.

217 5014 513 5085 εστάθην
551 5009 808 5080 βασιλεὺς
836 5012 926 5064 ὑπ’
950 5011 1137 5080 αὐτοῦ,
1182 5014 1275 5066 ἐπὶ
1301 5011 1438 5065 Σιὼν
1463 5012 1589 5084 ὅρος
1615 5013 1677 5066 τὸ
1706 5014 1864 5082 ἆγιον

1982 5035 1993 5065 ι
2039 5012 2201 5068 Vinea
2234 5011 2375 5069 enim
2406 5014 2617 5069 Domini
2655 5013 2918 5078 Sabaoth,
2949 5005 2988 5066 ⁴›
3037 5024 3095 5066 ιιι
3125 5012 3387 5080 scriptum
3444 5021 3548 5075 cst,

214 5104 418 5168 αὐτοῦ
444 5121 464 5137 ⁸
510 5123 535 5157 ι
576 5102 672 5155 καὶ
696 5102 894 5156 δέδωκε
931 5104 1007 5174 τῷ
1040 5103 1154 5174 Υἱῷ
1184 5104 1279 5158 τὸν
1317 5104 1507 5176 νοητὸν
1538 5104 1859 5175 ἀμπελῶνα,

1977 5126 1993 5155 ι
2039 5108 2199 5160 homo
2230 5103 2388 5168 Juda,
2430 5105 2637 5160 novella
2677 5106 2961 5174 plantatio,
2999 5105 3194 5159 dilecta
3235 5103 3301 5158 ’°.
3352 5122 3370 5154 ι
3416 5101 3546 5167 Sed,

206 5199 540 5260 τουτέστι,
599 5193 691 5249 τὸν
748 5194 1034 5266 ἰσραήλ.ι
1078 5196 1137 5250 '0
1166 5197 1275 5268 γὰρ
1330 5197 1594 5267 άμπελὼν
1653 5195 1860 5265 Κυρίου

1982 5208 2026 5250 ιιι
2058 5205 2142 5250 est
2184 5195 2323 5264 apud
2375 5195 2590 5250 beatum
2636 5196 3023 5265 evangelistam
3072 5192 3357 5261 Joannem,
3414 5213 3432 5246 ι
3489 5194 3546 5247 lu

207 5288 532 5350 Σαϐϐαὼθ
562 5324 579 5351 ,
625 5305 645 5338 ι
682 5286 824 5340 κατὰ
856 5287 918 5339 τὸ
951 5288 1355 5359 γεγραμμένον,
1389 5307 1407 5340 ι
1442 5286 1727 5356 ἄνθρωπος
1765 5286 1858 5338 τοῦ

1982 5288 2183 5356 propria
2220 5286 2385 5352 venit,
2413 5300 2467 5342 ct
2500 5288 2581 5343 sui
2609 5301 2731 5342 cum
2759 5303 2862 5342 non
2894 5295 3212 5354 receperunt
3252 5285 3319 5340 ⁸³.
3379 5305 3398 5338 ι
3441 5286 3549 5340 Ex-

220 5386 457 5450 ἰούδα,
531 5379 822 5448 νεόφυτον,
856 5381 1236 5451 ἠγαπημένον.
1280 5402 1298 5432 ι
1350 5380 1513 5447 Ἀλλ’,
1564 5379 1637 5442 ὥς
1696 5395 1861 5449 φησιν

1982 5393 2049 5431 .ra
2080 5387 2293 5446 portam
2335 5375 2478 5429 enim
2517 5376 2795 5446 ejecerunt
2837 5390 2984 5438 eum,
3033 5384 3089 5429 et
3134 5384 3307 5429 morte
3350 5375 3545 5430 multa-

201 5481 236 5535 ὁ
281 5476 609 5551 μακάριος
659 5471 1055 5544 εὐαγγελιστὴς
1092 5470 1449 5542 Ἰωάννης-οι
1485 5471 1579 5533 Είς
1628 5471 1696 5524 τά
1751 5469 1858 5523 ἴδια

1982 5478 2116 5535 ·ιιιιι,
2140 5470 2418 5525 dicentes:
2461 5487 2479 5519 ι
2513 5465 2612 5523 llic
2638 5478 2721 5523 est
2753 5467 2960 5535 haeres;
3010 5468 3207 5534 venite,
3229 5470 3532 5524 occidamm

200 5569 387 5646 ἦλθε,
429 5567 544 5621 καὶ
579 5563 632 5616 οἱ
676 5563 797 5617 ἴδιοι
845 5564 1008 5618 αὑτὸν
1037 5565 1099 5618 οῦ
1130 5563 1459 5636 παρέλαϐον.
1494 5584 1513 5617 ι
1560 5563 1856 5635 Ἐκϐεϐλή-

274 5758 331 5792 ιι
358 5748 569 5809 Exod.
614 5764 709 5812 xx,
740 5749 792 5804 4.
870 5750 912 5782 ⁸⁷
945 5750 1074 5805 ibid.
1097 5751 1152 5804 5.
1230 5751 1275 5782 ³⁸
1316 5749 1511 5820 Ephes.
1555 5767 1613 5819 ll,
1643 5750 1731 5805 18.

199 5845 336 5897 χιιι,
387 5823 497 5878 38.

485 5915 788 5979 PATROL.
837 5911 953 5972 GR.
998 5911 1198 5973 LXXL

1808 5750 1853 5782 ⁸³
1887 5748 2033 5804 Psal.
2069 5762 2134 5815 tt,
2163 5745 2213 5799 6.
2292 5747 2337 5778 θα
2369 5742 2475 5798 lsa.
2520 5758 2569 5807 γ,
2611 5745 2662 5798 'l.
2739 5742 2781 5776 ⁹¹
2808 5741 2966 5799 Joan.
3001 5761 3039 5809 ι,
3077 5746 3161 5800 ll.

1963 5577 2109 5630 eum,
2140 5569 2195 5617 et
2222 5559 2544 5616 habebimus
2572 5558 2939 5615 haereditatem
2970 5561 3086 5630 ejus
3114 5562 3180 5616 ⁹².
3205 5580 3223 5613 ι
3246 5560 3540 5617 Considera

3265 5743 3308 5773 θ’
3341 5736 3537 5791 Matth.

3145 5905 3182 5964 6
