4098 6276
579 413 669 468 ΠῙ

1564 411 1622 467 S.
1661 411 1936 467 CYRILLI
1981 409 2448 466 ALEXANDRINI
2490 411 2808 472 ARCHIEP.

3106 315 3143 338 κ

3749 416 3857 472 I72

576 533 740 601 igitur
763 531 1214 601 quemadmodum
1240 527 1365 584 facti
1391 526 1519 594 sint,
1551 548 1568 580 ι
1603 539 1659 582 ut
1703 530 1864 585 homo
1896 538 2158 601 transgre-

2263 549 2387 585 κασι
2421 531 2532 603 γάρ
2572 529 2678 596 ἔξω
2720 530 2818 602 τῆς
2867 532 3065 601 πύλης,
3114 529 3207 584 καὶ
3253 528 3471 599 θανάτῳ
3519 530 3857 603 παρέδοσαν,

575 624 729 676 diens
765 630 1165 676 testamentum.
1212 638 1233 671 ι
1283 618 1595 690 Cognovisti
1646 620 1947 676 baeredem?
1998 622 2158 692 igitur

576 711 942 766 limreditatem
974 710 1044 761 illi
1080 710 1394 764 attributam
1430 710 1611 766 redde.
1651 709 2002 783 Transgressi
2033 722 2159 768 sunt

554 758 701 872 ‘ergo
764 810 1144 858 testamentum
1198 801 1398 867 Patris,
1440 813 1700 871 quantum
1765 758 2010 875 inoipsis
2057 804 2159 861 fuit

573 894 838 948 barredem
873 894 1309 950 ethredantes.
1343 894 1449 949 Sed
1480 910 1653 965 neque
1690 896 1788 966 ipsi
1820 896 1884 952 ad
1928 898 2155 968 gratiam

570 996 934 1050 accesserunt,
965 986 1184 1055 quando
1232 999 1546 1042 concessam
1578 988 1678 1042 sibi
1726 1002 1755 1040 a
1797 987 1908 1042 Deo
1953 997 2155 1043 sortem

570 1092 677 1131 non
708 1077 1060 1130 admiserunt.
1116 1077 1205 1129 Ait
1259 1077 1402 1131 enim
1454 1094 1551 1147 per
1585 1078 1899 1149 prophetam
1950 1078 2092 1135 Deus
2140 1100 2152 1135 :

577 1187 596 1220 ι
629 1165 770 1223 Ecce
797 1167 911 1222 dies
945 1167 1186 1235 venient,
1226 1169 1357 1223 dicit
1390 1168 1671 1236 Dominus,
1702 1178 1753 1224 et
1768 1174 2156 1228 consummabo

571 1273 735 1329 super
773 1257 957 1325 Israel,
1004 1268 1057 1314 et
1098 1275 1261 1329 super
1310 1259 1531 1315 domum
1586 1257 1722 1316 Juda
1773 1270 2154 1318 testamentum

571 1365 793 1416 novum,
829 1364 933 1405 non
976 1352 1268 1406 secundum
1304 1361 1683 1409 testamentum
1726 1354 1867 1423 quod
1914 1355 2153 1423 disposui

570 1443 815 1512 patribus
861 1456 1047 1498 eorum
1085 1444 1258 1498 indie
1305 1444 1357 1498 in
1404 1460 1506 1514 qua
1564 1448 1889 1514 apprehendi
1937 1463 2152 1501 manum

568 1549 779 1599 eorum,
810 1543 867 1587 ut
895 1535 1177 1591 educerem
1207 1550 1301 1590 eos
1335 1537 1400 1589 de
1425 1547 1567 1590 terra
1592 1534 1809 1607 Egypti
1841 1538 1906 1591 ".
1948 1556 1967 1589 ι
2003 1537 2155 1603 Quod

569 1626 613 1681 si
650 1640 772 1680 cum
805 1624 987 1695 priore
1014 1633 1341 1680 testamento
1379 1640 1576 1678 novum
1626 1626 1954 1693 conferatur,
1999 1629 2156 1698 longe

570 1716 807 1770 maxima
854 1715 1245 1785 promissorum
1282 1716 1545 1769 bonorum
1604 1716 1907 1772 dili‘erentia
1948 1719 2155 1787 perspi-

568 1806 762 1862 cietur.
804 1804 915 1860 lllic
955 1805 1101 1861 enim
1144 1806 1607 1872 Amorrbaeorum,
1646 1805 2052 1878 Gergesazorum
2100 1817 2154 1862 et

2260 624 2528 692 λέγοντες,
2578 642 2596 674 ι
2630 618 2801 687 οὗτός
2845 625 2993 678 ἐστιν
3044 626 3072 677 ό
3106 623 3466 695 κληρονόμος,
3512 621 3668 677 δεῦτε
3714 625 3856 679 ἀτω-

2259 717 2557 787 κτείνωμεν
2603 716 2787 781 αὐτὸν,
2829 717 2925 770 καὶ
2974 715 3193 786 σχῶμεν
3236 715 3338 787 τὴν
3381 715 3779 787 κληρονομίαν.
3829 738 3849 771 ι

2262 806 2453 875 ’Δθρει
2486 806 2549 876 δὴ
2574 802 2669 860 οὖν
2695 806 2843 870 ὅπως
2871 804 3157 875 γεγόνασιν
3184 824 3201 857 ι
3228 805 3304 868 ὡς
3351 805 3641 876 ἄνθρωπος
3669 825 3855 879 παρα-

2258 896 2458 951 ϐαίνων
2486 897 2774 968 διαθήκην.
2812 916 2830 949 ι
2868 897 3141 966 Ἐπέγνως
3169 896 3262 949 τὸν
3290 895 3664 968 κ)ηρονόμον;
3701 899 3853 953 Οὐκ-

2261 985 2357 1041 οῦν
2381 988 2579 1052 ἀπόδος
2601 988 2693 1042 τὸν
2717 986 3086 1060 ὲκνεμηθέντα
3109 987 3311 1058 κλῆρον
3330 986 3500 1058 αὐτῷ.
3527 987 3853 1060 Παραϐεϐή-

2257 1094 2385 1131 κασι
2415 1077 2592 1131 τοίνυν
2646 1076 2741 1149 τὴν
2782 1076 3051 1149 διαθήκην
3086 1076 3182 1130 τοῦ
3225 1076 3461 1148 Πατρὸς,
3502 1076 3569 1130 τὸ
3603 1076 3727 1131 ὅσον
3760 1079 3850 1148 ἐφ’

2257 1170 2491 1233 έαυτοῖς,
2549 1168 2978 1239 ἀποστεροῦντες
3015 1166 3104 1221 τὸν
3156 1167 3517 1239 κληρονόμον,
3559 1168 3677 1224 ἀλλ’
3726 1170 3848 1224 οὐδὲ

2257 1260 2411 1315 αὐτοὶ
2452 1260 2757 1332 προσῆλθον
2788 1263 2854 1332 τῇ
2883 1260 3090 1331 χάριτι,
3125 1261 3188 1314 οὑ
3220 1262 3601 1333 προσηκαντες
3628 1262 3722 1317 τὸν
3757 1262 3845 1317 δο-

2266 1351 2430 1406 θέντα
2465 1353 2650 1416 αὐτοῖς
2687 1352 2840 1423 παρά
2868 1350 2963 1405 τοῦ
2994 1350 3131 1405 Θεοῦ
3164 1351 3387 1424 κλῆρον.
3422 1353 3570 1424 Ἔφη
3605 1354 3706 1424 μὲν
3740 1353 3852 1426 γάρ

2255 1443 2342 1497 διὰ
2392 1442 2487 1495 τοῦ
2542 1444 2823 1514 προφήτου
2866 1442 3031 1507 Θεός·
3084 1462 3104 1495 ι
3157 1443 3287 1498 Ἰδοὺ
3327 1443 3533 1516 ἡμέραι
3575 1444 3848 1516 ἔρχονται,

2255 1533 2638 1605 λέγειΚύριος,
2664 1535 2759 1588 καὶ
2780 1534 3083 1589 συντελέσω
3104 1535 3196 1589 ἐπὶ
3218 1534 3309 1588 τὸν
3333 1532 3481 1589 οἶκον
3506 1536 3726 1608 Ἰσραὴλ
3756 1537 3850 1590 καὶ

2255 1626 2347 1678 ἐπὶ
2394 1625 2487 1678 τὸν
2527 1621 2674 1680 οἷκον
2713 1625 2880 1680 Ἰούδα
2918 1628 3183 1699 διαθήκην
3216 1627 3441 1697 καινὴν,
3468 1628 3530 1682 οὐ
3574 1629 3717 1682 κατά
3747 1628 3848 1700 τὴν

2254 1715 2515 1787 διαθήκην
2545 1718 2611 1787 ἢν
2640 1716 2900 1789 διεθέμην
2928 1721 3044 1782 τοῖς.
3070 1719 3343 1789 πατράσιν
3364 1716 3552 1774 αὐτῶν
3574 1721 3634 1774 ἐν
3664 1720 3847 1791 ἡμέρᾳ

2254 1806 2651 1878 ἐπιλαϐομένου
2680 1824 2783 1877 μου
2814 1809 2914 1879 τῆς
2944 1808 3129 1880 χειρὸς
3176 1810 3379 1873 αὐτῶν,
3412 1809 3709 1879 ἐξαγαγεῖν
3747 1810 3847 1864 αὐ-

568 1896 875 1962 Evazorum,
914 1897 1067 1968 ιοι
1103 1908 1156 1953 et
1183 1895 1550 1953 Jebusaeorum
1581 1906 1727 1954 terra
1769 1898 1900 1969 ipsis
1923 1899 2155 1970 promis-

2263 1898 2387 1961 τοὺς
2410 1899 2475 1952 ὲκ
2508 1899 2611 1969 γῆς
2638 1899 2939 1967 Αίγύπτου.
2980 1919 2999 1951 ι
3048 1901 3111 1954 Εἰ
3139 1899 3196 1954 δὲ
3229 1900 3294 1972 δὴ
3334 1899 3686 1972 δοκιμάζοιτο
3711 1902 3848 1974 πρὸς

570 2003 628 2043 sa
666 1996 776 2043 est.
830 1987 1036 2043 Novum
1089 1999 1269 2043 autem
1322 1997 1725 2054 testamentum,
1766 1990 1870 2045 hoc
1910 1999 2013 2054 est,
2057 2004 2153 2057 per

566 2081 842 2137 Christum
881 2088 1069 2136 sancta
1103 2089 1158 2135 et
1189 2081 1457 2147 instituta,
1492 2098 1587 2152 per
1618 2082 1778 2136 (idem
1814 2083 1878 2136 ad
1908 2082 2153 2152 adoptio-

568 2191 690 2229 nem
726 2174 982 2239 liliorum,
1028 2173 1095 2228 ad
1134 2172 1620 2243 incorruptionem,
1655 2174 1721 2228 ad
1753 2174 1917 2228 vitam
1950 2174 2149 2243 sempi-

569 2275 803 2332 ternam,
853 2265 919 2320 ad
979 2265 1414 2320 communionem
1457 2265 1549 2321 Dei
1605 2280 1701 2337 per
1744 2264 2027 2336 Spiritum,
2083 2265 2152 2320 ad

568 2373 794 2427 regnum
824 2355 1084 2413 caelorum
1132 2357 1419 2415 vocabant.
1465 2356 1665 2413 Verum
1708 2357 1783 2413 illi
1823 2368 2022 2414 sortem
2058 2372 2156 2427 per

568 2446 768 2501 Filium
802 2461 829 2499 a
855 2444 963 2501 Deo
987 2455 1041 2500 et
1075 2444 1238 2501 Patre
1277 2446 1408 2516 ipsis
1445 2447 1699 2502 tributam
1737 2448 1936 2502 habere
1969 2446 2155 2501 nolue-

570 2545 716 2588 runt.
746 2534 1054 2595 Secundum
1086 2544 1375 2605 utrumque
1404 2535 1568 2605 igitur
1595 2536 1945 2590 irritaverunt
1964 2534 2154 2600 Deum,

569 2637 624 2681 et
654 2626 1113 2696 transgredientes
1139 2635 1543 2691 testamentum,
1576 2634 1630 2681 et
1662 2625 1956 2691 lneredem,
1989 2635 2048 2680 ut
2074 2625 2158 2679 di-

570 2720 781 2784 cebam,
809 2728 1070 2789 quantum
1101 2718 1151 2773 in
1183 2719 1312 2787 ipsis
1336 2719 1452 2786 fuit,
1478 2720 1602 2774 data
1638 2719 1687 2774 ei
1731 2734 1760 2772 a
1796 2718 1952 2775 Patre
1987 2719 2158 2775 hazre.

571 2811 739 2864 ditate
767 2809 1121 2880 expellentes,
1161 2810 1372 2883 ipsique
1416 2826 1449 2865 a
1504 2811 1612 2867 Deo
1662 2810 1767 2866 sibi
1830 2811 1882 2864 in
1936 2811 2156 2869 Christo

573 2901 787 2956 donatis
816 2902 1155 2958 excidentes.

2258 1987 2357 2059 τὴν
2386 1986 2612 2059 πρώτην
2645 1990 2678 2060 ὴ
2710 1989 2825 2055 νέα,
2863 1990 3087 2062 πλείστη
3111 2008 3194 2055 τις
3224 1993 3324 2062 ὅση
3352 1992 3462 2045 τῶν
3498 1994 3848 2064 ἐπηγγελμέ-

2260 2096 2365 2132 νων
2400 2080 2433 2150 ἡ
2464 2079 2697 2153 διαφορά
2734 2081 3081 2153 νοηθήσεται.
3121 2083 3270 2136 Ἐκεῖ
3314 2083 3415 2153 μὲν
3463 2085 3573 2157 γάρ
3602 2085 3702 2155 τὴν
3736 2085 3846 2139 τῶν

2270 2170 2637 2243 Ἀμορραίων,
2687 2172 2783 2227 καὶ
2823 2172 3188 2243 Γεργεσαίων,
3240 2174 3333 2227 καὶ
3380 2173 3596 2230 Εὐαίων
3635 2176 3841 2239 αὐτοῖς,

2258 2262 2352 2314 καὶ
2376 2262 2483 2332 μὴν
2513 2264 2606 2316 καὶ
2650 2264 2988 2318 Ἰεϐουσαίων
3014 2265 3322 2337 ὲπήγγελτο
3354 2266 3459 2332 γῆν
3479 2283 3493 2295 ·
3522 2268 3556 2339 ὴ
3584 2267 3641 2322 δὲ
3666 2268 3845 2340 Καινὴ

2259 2352 2525 2425 Διαθήκη,
2552 2356 2824 2420 τουτέστι,
2862 2356 2931 2409 τά
2958 2356 3049 2410 διὰ
3074 2358 3312 2430 Χριστοῦ
3349 2360 3723 2430 θεσπίσματα,
3758 2361 3846 2415 διὰ

2262 2444 2502 2509 πίστεως
2531 2447 2760 2502 ἐκάλουν
2780 2450 2864 2512 είς
2890 2449 3165 2504 υἱοθεσίαν
3197 2450 3357 2518 Θεοῦ,
3390 2453 3471 2515 είς
3510 2452 3845 2522 ἀφθαρσίαν.

2264 2538 2344 2599 είς
2379 2537 2660 2608 ἀμήρυτον
2698 2538 2865 2608 ζωὴν,
2899 2540 2980 2603 είς
3006 2538 3226 2611 μέθεξιν
3254 2541 3415 2609 Θεοῦ,
3445 2542 3544 2614 τὴν
3571 2542 3661 2596 διά
3684 2541 3851 2595 Ilvati-

2266 2644 2460 2698 ματος,
2503 2629 2583 2691 είς
2616 2627 2891 2698 βασιλείαν
2934 2632 3199 2702 οὐρανῶν.
3239 2632 3377 2687 Ἀλλ’
3424 2634 3525 2687 οὐκ
3572 2632 3849 2705 ἠθέλησαν

2261 2719 2405 2789 ἔχειν
2430 2719 2522 2772 τὸν
2546 2721 2919 2790 ὲκνεμηθέντα
2950 2722 3152 2795 κλῆρον
3186 2724 3368 2789 αὐτοῖς
3406 2724 3475 2778 δι’
3508 2724 3664 2790 Υίοῦ,
3692 2725 3853 2796 παρὰ

2259 2809 2353 2864 τοῦ
2382 2811 2517 2865 Θεοῦ
2540 2814 2633 2867 καὶ
2660 2814 2892 2885 Πατρός.
2927 2816 3062 2870 Κατ’
3089 2816 3257 2888 άμφω
3275 2817 3340 2890 δὴ
3370 2813 3462 2872 οὖν
3494 2816 3850 2888 λελυπήκασι

2261 2904 2692 2976 παραϐαίνοντες
2726 2909 2826 2977 τὴν
2871 2908 3159 2981 διαθήκην,
3208 2911 3305 2964 καὶ
3341 2910 3433 2964 τὸν
3480 2909 3855 2981 κληρονόμον,

571 2993 647 3056 ὡς
676 2993 831 3063 ἔφην,
853 2991 914 3044 τὸ
936 2993 1060 3045 ὅσον
1090 2993 1176 3062 ἐφ’
1204 2994 1413 3057 ἑαυτοῖς
1440 2992 1534 3047 τοῦ
1573 2993 1816 3060 δοθέντος
1872 2995 2021 3066 αὐτῷ
2077 2996 2228 3067 παρὰ
2264 2996 2359 3050 τοῦ
2415 2998 2629 3070 Πατρὸς
2694 2998 2997 3065 ἐξώσαντες
3046 2994 3269 3073 κλήρου,
3321 3001 3744 3066 ἐκπεπτωκότες
3794 3001 3861 3055 δὲ

575 3086 669 3140 καὶ
698 3078 851 3138 αῦτοὶ
902 3083 1011 3138 τῶν
1057 3083 1209 3156 παρὰ
1249 3083 1383 3138 Θεοῦ
1424 3083 1811 3157 δεδωρημένων
1844 3087 2023 3151 αὐτοῖς
2060 3088 2119 3141 ἐν
2150 3087 2391 3161 Χριστῷ.

663 3177 827 3234 Vsus.
857 3176 912 3233 8.
962 3176 1047 3233 Ibi
1088 3178 1393 3249 contempsit
1436 3196 1517 3234 me
1564 3178 1797 3247 Galaad,
1839 3182 2022 3236 civitas
2048 3199 2163 3254 qua:
2190 3189 2234 3247 c

578 3284 830 3342 operatur
858 3287 1015 3335 vana,
1067 3271 1387 3326 conturbari:
1418 3288 1637 3341 aquam,
1670 3283 1717 3326 et
1764 3271 2021 3342 fortitudo
2069 3284 2162 3328 tua

579 3364 674 3417 t-iri
703 3364 911 3425 pirataz.

648 3455 859 3511 LXVII.
897 3453 1222 3528 Regreditur
1254 3455 1319 3510 ad
1353 3456 1656 3511 enarranda
1683 3456 1914 3521 scelera,
1942 3467 2162 3527 propter

577 3562 698 3618 quae
751 3548 890 3618 apud
941 3562 1036 3603 eos
1086 3546 1313 3603 scelesta
1363 3547 1956 3617 pseudoprophetarum
2009 3549 2162 3604 turba

574 3640 695 3711 jure
739 3639 1001 3694 trucidata
1058 3647 1162 3695 est.
1206 3637 1281 3693 lbi
1324 3637 1492 3704 enim,
1550 3639 1724 3709 inquit
1758 3641 1885 3711 (hoc
1918 3647 2021 3705 est,
2072 3639 2164 3696 illo

580 3742 844 3803 tempore,
878 3747 987 3803 quo
1029 3730 1321 3787 declinavit
1349 3730 1538 3798 Israel,
1586 3742 1642 3786 et
1688 3732 1743 3786 in
1790 3745 1913 3787 eum
1962 3737 2160 3786 statum

580 3827 818 3891 devenit,
858 3836 919 3880 ut
964 3826 1130 3881 etiam
1180 3825 1453 3879 daemones
1491 3824 1724 3879 adorare
1771 3838 1879 3879 non
1914 3819 2164 3876 reformi-

580 3918 754 3979 daret,
794 3917 896 3970 ltoc
921 3916 1062 3970 enim
1086 3916 1188 3970 sibi
1219 3914 1333 3967 vult
1358 3913 1508 3987 illud,
1548 3931 1568 3965 α
1601 3913 1697 3979 ibi,
1733 3932 1753 3966 ι
1790 3914 1834 3968 si
1868 3911 2160 3969 secundum

583 4021 696 4059 rem
721 4014 778 4061 et
810 4006 1100 4066 actionem,
1126 4019 1231 4057 non
1265 4004 1561 4060 secundum
1589 4003 1765 4058 locum
1793 4004 1970 4073 potius
2004 4001 2163 4057 intel-

580 4090 823 4169 ligatur),
857 4097 1207 4152 vehementer
1230 4096 1553 4164 contempsit
1580 4111 1666 4151 me
1699 4094 1923 4151 Galaad.
1951 4092 2159 4148 Nomen

579 4189 729 4244 urbis
753 4197 839 4244 est
880 4200 1030 4244 trans
1069 4186 1389 4254 Iordanem,
1422 4200 1542 4258 quae
1584 4186 1739 4257 juxta
1787 4188 2160 4258 praescriptum

580 4280 782 4353 Moysis
815 4281 979 4335 cessit
1014 4277 1219 4335 Levitis
1251 4278 1320 4333 “.
1359 4277 1490 4333 Erat
1530 4279 1713 4349 itaque
1744 4282 2083 4334 sacerdotum
2109 4289 2163 4334 et

583 4370 896 4427 Levitarutn
950 4371 1163 4425 civitas.
1203 4368 1310 4424 Sed
1342 4370 1435 4441 qui
1485 4370 1621 4426 alios
1661 4371 1729 4423 ab
1772 4385 1960 4425 errore
1999 4371 2160 4425 debe-

581 4466 712 4521 bant
744 4474 1012 4528 avertere,
1044 4470 1100 4517 et
1125 4460 1191 4515 ad
1226 4461 1511 4517 veritatem
1540 4462 2019 4532 cognitionemque
2050 4464 2159 4516 uti-

2352 3184 2505 3240 Ἐκεῖ
2522 3188 2942 3258 κατεφρόνησέ
2970 3205 3090 3259 μου
3117 3184 3387 3250 Γαλαὰδ,
3411 3184 3589 3250 πόλις
3614 3184 3864 3253 ἐργαζο-

2260 3272 2417 3343 μένη
2446 3274 2687 3344 μάταια,
2721 3277 3115 3346 ταράσσουσα
3133 3272 3427 3343 ﬂammat
3445 3273 3484 3341 ἠ
3516 3273 3702 3343 ἰσχύς
3732 3292 3858 3331 σου

2265 3365 2486 3433 ἀνδρὸς
2521 3369 2820 3436 πειρατοῦ.

2335 3458 2452 3515 ΞΖ’.
2491 3461 2768 3516 Ἐπάνεισι
2797 3459 2955 3515 πάλιν
2984 3460 3015 3513 ὁ
3047 3457 3203 3527 λόγος
3231 3459 3311 3521 είς
3345 3457 3625 3528 ἀφήγησιν
3650 3456 3851 3526 ἐγκλη-

2270 3553 2476 3624 μάτων,
2522 3554 2607 3623 ἐφ*
2646 3549 2727 3617 οἷς
2761 3553 2984 3615 εἰκότως
3034 3548 3304 3622 ἀνῄρηται
3344 3546 3450 3601 τῶν
3500 3546 3636 3616 παρ’
3667 3546 3850 3608 αὐτοῖς

2265 3643 2726 3716 ψευδοπροφητῶν
2774 3644 2807 3713 ἡ
2838 3642 3031 3696 ἀνοσία
3071 3640 3301 3709 πληθύς.
3342 3638 3490 3692 Ἐκεῖ
3525 3637 3656 3707 γὰρ,
3692 3638 3843 3704 φησὶ,

2264 3737 2537 3801 τουτέστι,
2573 3735 2694 3789 κατ’
2729 3735 2908 3787 έκεῖνο
2933 3733 3029 3786 τοῦ
3062 3731 3281 3803 καιροῦ,
3306 3730 3428 3785 καθ’
3454 3729 3514 3783 ὃν
3542 3728 3793 3783 κέκλικεν
3818 3730 3845 3780 ό

2278 3825 2514 3897 Ἰσραὴλ,
2548 3826 2643 3878 καὶ
2670 3826 2729 3878 έν
2764 3826 2831 3894 τῇ
2857 3824 3037 3893 τοιᾷδε
3067 3821 3400 3877 καταστάσει
3431 3821 3677 3891 γέγονεν,
3710 3820 3840 3874 ὥστε

2264 3917 2359 3973 καὶ
2404 3915 2621 3969 ἑλέσθαι
2667 3914 2967 3986 δαιμονίοις
3010 3916 3337 3985 προσκυνεῖν
3382 3913 3562 3984 (τοῦτο
3589 3914 3702 3986 γάρ
3728 3913 3827 3962 ἐστι

2262 4010 2344 4079 τὸ,
2376 4030 2396 4063 ι
2433 4011 2571 4073 ἐκεῖ,
2606 4028 2624 4061 ι
2686 4005 3092 4080 πραγματικῶς
3131 4005 3442 4076 νοούμενον,
3494 4005 3591 4059 καὶ
3632 4003 3754 4075 οὐχ).
3779 3999 3840 4071 δὴ

2267 4100 2468 4173 μᾶλλον
2516 4099 2811 4168 τοπικῶς),
2847 4097 3056 4169 σφόδρα
3115 4112 3218 4167 μου
3267 4095 3760 4165 καταπεφρόνηκεν
3809 4092 3843 4160 ὴ

2263 4191 2492 4247 Γαλαάδ.
2538 4189 2699 4254 Πόλις
2724 4188 2781 4243 δὲ
2809 4187 2949 4259 αῦτη
2998 4186 3097 4257 μία
3134 4185 3245 4241 τῶν
3272 4185 3550 4255 ,Ἰορδάνου
3584 4184 3843 4254 ναμάτων

2263 4283 2551 4348 ἐπέκεινα,
2600 4283 2634 4353 ἡ
2678 4280 2773 4335 καὶ
2818 4277 3183 4349 ὲκνεμηθεῖσα
3232 4278 3346 4340 τοῖς
3388 4275 3665 4337 Λευΐταις,
3712 4271 3853 4325 κατὰ

2263 4374 2351 4427 τὸν
2396 4372 2644 4437 Μωσέως
2699 4371 2880 4442 νόμον.
2937 4365 3048 4423 Ἦν
3081 4364 3174 4422 οὖν
3233 4365 3423 4438 ἱερέων
3471 4364 3563 4420 καὶ
3605 4362 3855 4417 Λευῖτῶν

2262 4465 2439 4529 πόλις.
2480 4463 2623 4517 Ἀλλ’
2670 4463 2720 4515 οἱ
2748 4463 2874 4525 τοὺς
2907 4461 3098 4525 ἄλλους
3140 4458 3448 4529 ὀφείλοντες
3489 4451 3858 4524 ἀποκομίζειν

583 4557 713 4612 lium
748 4555 990 4621 erudire,
1026 4571 1046 4606 ι
1079 4552 1220 4608 labia
1249 4553 1395 4608 enim
1422 4554 1723 4609 sacerdotis
1749 4554 2057 4610 custodient
2081 4554 2159 4623 ju.

2264 4557 2364 4627 τῆς
2397 4556 2627 4626 πλάνης,
2676 4554 2771 4607 καὶ
2800 4554 3169 4623 παιδαγωγεῖν
3198 4553 3280 4616 εἰς
3317 4550 3600 4622 ἀλήθειαν,
3638 4546 3737 4600 καὶ
3771 4548 3858 4611 είς

581 4650 803 4714 dicium,
845 4656 901 4701 et
941 4646 1114 4715 legem
1162 4645 1446 4713 requirent
1492 4659 1558 4700 ex
1611 4660 1708 4701 ore
1754 4645 1869 4716 ejus
1892 4645 1965 4713 ",
1996 4664 2015 4697 ι
2059 4645 2161 4716 ipsi

584 4742 726 4797 idola
765 4739 1184 4795 introduxerunt
1222 4746 1279 4793 et
1311 4752 1451 4793 vana
1481 4737 1727 4794 fabricati
1773 4747 1917 4795 sunt.
1957 4758 1975 4792 ι
2017 4737 2161 4810 Ope-

584 4834 689 4888 rati
726 4841 855 4889 sunt
897 4831 1039 4884 enim
1091 4842 1252 4892 vana,
1294 4847 1314 4881 ›
1348 4828 1454 4884 hoc
1484 4840 1590 4898 est,
1621 4830 1785 4887 idola.
1826 4850 1844 4882 ι
1879 4829 2161 4886 Turbave-

585 4932 714 4979 runt
750 4923 919 4979 etiam
957 4938 1149 4993 aquam
1176 4965 1191 4991 ,
1234 4940 1252 4974 ι
1300 4921 1352 4978 id
1394 4933 1478 4977 est
1505 4960 1521 4987 ,
1568 4920 1904 4978 confusionis
1946 4923 2162 4977 occasio

581 5014 829 5085 populari
864 5013 1194 5069 multitudini
1230 5011 1467 5067 fuerunt.
1504 5011 1619 5069 Mos
1644 5014 1784 5069 enim
1816 5024 1985 5070 sacrae
2014 5011 2163 5069 Scri-

583 5117 757 5176 ptura
779 5116 883 5172 est.
903 5105 1244 5162 innumeram
1269 5104 1552 5159 hominum
1583 5105 1982 5161 multitudinem
2012 5120 2164 5175 aqua:

586 5200 915 5269 assimilare,
954 5201 1082 5257 inde
1116 5215 1239 5255 cum
1274 5209 1462 5256 essent
1496 5197 1954 5268 frequentissima:
1984 5197 2162 5267 Baby-

585 5294 671 5347 lon
698 5302 753 5347 et
780 5290 1176 5357 Nittive,tsicut
1205 5290 1982 5363 piscinaginquit,«aquarum
2011 5304 2163 5358 aqua:

589 5383 702 5448 ejus
730 5382 800 5436 “.
837 5401 858 5433 ι
904 5384 1056 5449 Quod
1100 5384 1240 5438 idem
1279 5391 1364 5436 est
1415 5396 1478 5435 ac
1520 5382 1564 5434 si
1598 5380 1821 5446 diceret,
1857 5388 1912 5436 ut
1950 5381 2161 5451 ρὶευὶιιτι

588 5478 746 5541 plena
774 5485 857 5527 est
891 5475 1069 5543 aquis,
1103 5476 1175 5529 ita
1217 5471 1509 5530 multitudo
1538 5473 1674 5543 ejus.
1710 5472 1813 5528 Aut
1846 5473 1951 5527 alio
1984 5472 2161 5536 modo,

592 5567 940 5618 turbaverant
967 5579 1184 5632 aquam,
1203 5567 1356 5636 quasi
1388 5565 1656 5621 turbidam
1684 5576 1737 5619 et
1762 5578 2041 5621 ccenosam
2066 5564 2163 5616 do-

593 5657 818 5710 minam
866 5669 924 5709 se
960 5656 1404 5712 convenientibus
1434 5666 1816 5727 pr0ponentes,
1854 5667 1908 5710 et
1953 5657 2162 5725 simpli-

658 5836 701 5866 "
737 5834 837 5889 ,Ιατι
865 5850 931 5887 ιιι.
976 5842 1126 5896 xui,
1152 5829 1241 5900 3i,
1282 5831 1376 5886 3‘2.

2267 4646 2366 4717 τὴν
2386 4645 2481 4699 τοῦ
2508 4644 2879 4717 συμφέροντος
2903 4645 3002 4715 τὴν
3021 4644 3224 4713 γνῶσιν
3239 4643 3287 4716 (ι
3308 4642 3477 4712 Χείλη
3498 4642 3608 4712 γὰρ
3636 4639 3854 4712 ἱερέως.

2270 4738 2427 4809 φησὶ,
2462 4736 2755 4807 φυλάξεται
2791 4738 2993 4808 κρίσιν,
3024 4735 3117 4789 καὶ
3146 4735 3309 4806 νόμον
3342 4734 3742 4804 ὲκζητήσουσιν
3786 4732 3853 4782 ὲκ

2270 4831 2534 4901 στόματος
2566 4828 2821 4898 αὑτοῦι),
2856 4828 3148 4896 γεγόνασιν
3178 4827 3333 4879 αὐτοὶ
3361 4824 3470 4879 τῶν
3492 4823 3733 4877 εἰδώλων
3763 4823 3856 4875 εὑ-

2270 4923 2444 4993 ρεταὶ,
2475 4923 2569 4975 καὶ
2594 4921 2704 4975 τῶν
2740 4920 2987 4991 ματαίων
3017 4920 3066 4971 οἱ
3094 4915 3432 4988 τεχνουργοί.
3468 4934 3488 4967 ι
3519 4914 3858 4987 Είργάζοντο

2270 5014 2379 5085 γάρ
2407 5014 2636 5084 μάταια,
2682 5031 2701 5066 ι
2733 5011 3003 5073 τουτέστι,
3030 5007 3112 5061 τά’
3136 5007 3352 5062 εἴδωλα.
3396 5026 3415 5058 ι
3440 5006 3772 5075 Ἐτάραττον
3798 5002 3859 5057 δὲ

2270 5107 2365 5160 καὶ
2403 5103 2570 5176 ὕδωρ,
2608 5123 2627 5156 ι
2660 5104 2931 5166 τουτέστι,
2970 5100 3287 5171 συγχύσεως
3312 5097 3538 5170 ἀφορμὴ
3576 5099 3691 5159 τοῖς
3721 5096 3858 5163 ἀγε-

2270 5198 2443 5262 λαίοις
2489 5196 2796 5266 γεγόνασιν.
2825 5194 3019 5248 ’Υδατι
3077 5192 3183 5264 γὰρ
3221 5188 3581 5263 παρεικάζειν
3630 5186 3752 5248 ἔθος
3788 5187 3857 5257 τῇ

2272 5291 2407 5361 ἁγίᾳ
2437 5290 2628 5361 Γραφῇ
2668 5286 2767 5358 τὴν
2797 5284 3105 5357 ἀμέτρητον
3140 5282 3249 5335 τῶν
3285 5279 3588 5351 ἀνθρώπων
3624 5275 3857 5348 πληθύν.

2272 5383 2383 5435 Καὶ
2412 5382 2540 5449 γοῦν
2573 5376 3014 5449 πολυανδρούσης
3046 5374 3183 5442 ἄγαν
3209 5373 3305 5443 τῆς
3340 5367 3725 5429 Βαϐυλωνίων,
3763 5365 3863 5417 καὶ

2268 5473 2481 5535 Νινευῖ,
2526 5472 2679 5545 φησὶ,
2745 5488 2762 5521 t
2815 5471 2889 5532 ὡς
2944 5466 3299 5537 κολυμϐήθρα
3350 5463 3539 5525 ὕδατος
3577 5460 3648 5513 τά
3692 5458 3865 5511 ὕδατα

2274 5565 2468 5634 αὐτῆς,
2506 5583 2524 5614 ι
2570 5564 2691 5618 ἀντί
2724 5558 2842 5626 τοῦ,
2876 5561 2951 5623 ὡς
2980 5556 3337 5628 κολυμϐήθρα
3375 5554 3590 5626 πλήρης
3626 5551 3863 5614 ὑδάτων,

2268 5656 2409 5710 οὕτω
2441 5656 2501 5708 τὸ
2556 5656 2756 5725 πλῆθος
2812 5652 2998 5720 αὐτῆς.
3049 5649 3142 5713 Ἢ,
3201 5647 3322 5701 καθ’
3379 5647 3569 5717 ἕτερον
3629 5643 3864 5715 τρόπον,

1473 5829 1520 5860 ’³
1575 5830 1728 5884 Num.
1768 5848 1939 5893 xxx",
1970 5831 2058 5883 9.9.
2135 5832 2179 5863 ’⁸
2224 5831 2453 5885 Μςιὶηςιι.
2526 5844 2584 5894 ll,
2637 5827 2689 5893 7,
2765 5827 2809 5857 "
2843 5824 3055 5878 Nullum
3093 5838 3153 5891 tt,
3188 5823 3239 5877 8.
