  <div class='ocr_page' id='page_1' title='image "/cluster/home/n/w/nwhite01/storage/ocr_20150623/71/mdp.39015078384461/092.png"; bbox 0 0 4098 6276; ppageno 0'>
   <div class='ocr_carea' id='block_1_1' title="bbox 345 390 449 446">
    <p class='ocr_par' dir='ltr' id='par_1_1' title="bbox 345 390 449 446">
     <span class='ocr_line' id='line_1_1' title="bbox 345 390 449 446; baseline 0 0"><span class='ocrx_word' id='word_1_1' title='bbox 345 390 449 446; x_wconf 72' lang='lat' dir='ltr'><strong>I75</strong></span> 
     </span>
    </p>
   </div>
   <div class='ocr_carea' id='block_1_2' title="bbox 1267 382 2683 443">
    <p class='ocr_par' dir='ltr' id='par_1_2' title="bbox 1267 382 2683 443">
     <span class='ocr_line' id='line_1_2' title="bbox 1267 382 2683 443; baseline -0.003 -1"><span class='ocrx_word' id='word_1_2' title='bbox 1267 383 1819 442; x_wconf 72' lang='lat' dir='ltr'><strong>COMMENTARIUS</strong></span> <span class='ocrx_word' id='word_1_3' title='bbox 1858 384 1923 437; x_wconf 76' lang='lat' dir='ltr'><strong>IN</strong></span> <span class='ocrx_word' id='word_1_4' title='bbox 1964 384 2198 440; x_wconf 76' lang='lat' dir='ltr'><strong>OSEAM</strong></span> <span class='ocrx_word' id='word_1_5' title='bbox 2243 382 2683 443; x_wconf 60' lang='lat' dir='ltr'><strong>PROPIIETAH.</strong></span> 
     </span>
    </p>
   </div>
   <div class='ocr_carea' id='block_1_3' title="bbox 3496 388 3598 442">
    <p class='ocr_par' dir='ltr' id='par_1_3' title="bbox 3496 388 3598 442">
     <span class='ocr_line' id='line_1_3' title="bbox 3496 388 3598 442; baseline 0.02 -2"><span class='ocrx_word' id='word_1_6' title='bbox 3496 388 3598 442; x_wconf 64' lang='grc'><strong>174</strong></span> 
     </span>
    </p>
   </div>
   <div class='ocr_carea' id='block_1_4' title="bbox 345 499 1928 580">
    <p class='ocr_par' dir='ltr' id='par_1_4' title="bbox 345 502 1919 580">
     <span class='ocr_line' id='line_1_4' title="bbox 345 502 1919 580; baseline -0.007 -16"><span class='ocrx_word' id='word_1_7' title='bbox 345 509 646 580; x_wconf 69' lang='grc' dir='ltr'>ὲτάραττον</span> <span class='ocrx_word' id='word_1_8' title='bbox 704 504 868 575; x_wconf 79' lang='grc' dir='ltr'>ὕδωρ,</span> <span class='ocrx_word' id='word_1_9' title='bbox 936 503 1310 574; x_wconf 68' lang='grc' dir='ltr'>τεθολωμένην</span> <span class='ocrx_word' id='word_1_10' title='bbox 1374 502 1561 572; x_wconf 79' lang='grc' dir='ltr'>ὥσπερ</span> <span class='ocrx_word' id='word_1_11' title='bbox 1631 502 1755 554; x_wconf 78' lang='grc' dir='ltr'>τινὰ</span> <span class='ocrx_word' id='word_1_12' title='bbox 1828 503 1919 553; x_wconf 71' lang='grc' dir='ltr'>καὶ</span> 
     </span>
    </p>
   </div>
   <div class='ocr_carea' id='block_1_5' title="bbox 2034 499 3600 580">
    <p class='ocr_par' dir='ltr' id='par_1_5' title="bbox 2034 499 3600 559">
     <span class='ocr_line' id='line_1_5' title="bbox 2034 499 3600 559; baseline 0.001 -2"><span class='ocrx_word' id='word_1_13' title='bbox 2034 503 2163 557; x_wconf 73' lang='lat' dir='ltr'><strong>cium</strong></span> <span class='ocrx_word' id='word_1_14' title='bbox 2196 511 2408 557; x_wconf 87' lang='lat' dir='ltr'><strong>mentes</strong></span> <span class='ocrx_word' id='word_1_15' title='bbox 2453 502 2837 557; x_wconf 78' lang='lat' dir='ltr'><strong>incrassautcs.</strong></span> <span class='ocrx_word' id='word_1_16' title='bbox 2881 499 3156 556; x_wconf 82' lang='lat' dir='ltr'><strong>Ducebant</strong></span> <span class='ocrx_word' id='word_1_17' title='bbox 3182 500 3328 554; x_wconf 88' lang='lat' dir='ltr'><strong>enim</strong></span> <span class='ocrx_word' id='word_1_18' title='bbox 3369 502 3600 559; x_wconf 67' lang='lat' dir='ltr'><strong>adorare</strong></span> 
     </span>
    </p>
   </div>
   <div class='ocr_carea' id='block_1_6' title="bbox 345 593 1922 667">
    <p class='ocr_par' dir='ltr' id='par_1_6' title="bbox 345 593 1922 667">
     <span class='ocr_line' id='line_1_6' title="bbox 345 593 1922 667; baseline -0.006 -13"><span class='ocrx_word' id='word_1_19' title='bbox 345 600 531 667; x_wconf 79' lang='grc' dir='ltr'>ίλιώδη</span> <span class='ocrx_word' id='word_1_20' title='bbox 579 595 926 649; x_wconf 78' lang='grc' dir='ltr'><strong>διδασκαλίαν</strong></span> <span class='ocrx_word' id='word_1_21' title='bbox 973 598 1084 658; x_wconf 84' lang='grc' dir='ltr'>τοῖς</span> <span class='ocrx_word' id='word_1_22' title='bbox 1131 593 1417 667; x_wconf 73' lang='grc' dir='ltr'><strong>προσιοῦσι</strong></span> <span class='ocrx_word' id='word_1_23' title='bbox 1468 593 1777 664; x_wconf 76' lang='grc' dir='ltr'><strong>προθέντες,</strong></span> <span class='ocrx_word' id='word_1_24' title='bbox 1830 595 1922 645; x_wconf 75' lang='grc' dir='ltr'><strong>καὶ</strong></span> 
     </span>
    </p>
   </div>
   <div class='ocr_carea' id='block_1_7' title="bbox 353 684 1922 758">
    <p class='ocr_par' dir='ltr' id='par_1_7' title="bbox 353 684 1922 758">
     <span class='ocr_line' id='line_1_7' title="bbox 353 684 1922 758; baseline -0.006 -13"><span class='ocrx_word' id='word_1_25' title='bbox 353 690 431 745; x_wconf 74' lang='grc' dir='ltr'>τὸν</span> <span class='ocrx_word' id='word_1_26' title='bbox 465 687 574 741; x_wconf 85' lang='grc' dir='ltr'><strong>τῶν</strong></span> <span class='ocrx_word' id='word_1_27' title='bbox 616 687 1017 758; x_wconf 79' lang='grc' dir='ltr'>άκεραιοτέρων</span> <span class='ocrx_word' id='word_1_28' title='bbox 1067 686 1394 755; x_wconf 74' lang='grc' dir='ltr'>παχύνοντες</span> <span class='ocrx_word' id='word_1_29' title='bbox 1431 684 1574 741; x_wconf 82' lang='grc' dir='ltr'>νοῦν.</span> <span class='ocrx_word' id='word_1_30' title='bbox 1620 684 1922 737; x_wconf 82' lang='grc' dir='ltr'>Ἐδίδασκον</span> 
     </span>
    </p>
   </div>
   <div class='ocr_carea' id='block_1_8' title="bbox 352 774 1924 853">
    <p class='ocr_par' dir='ltr' id='par_1_8' title="bbox 352 774 1924 853">
     <span class='ocr_line' id='line_1_8' title="bbox 352 774 1924 853; baseline -0.005 -18"><span class='ocrx_word' id='word_1_31' title='bbox 352 782 449 853; x_wconf 75' lang='grc' dir='ltr'><strong>γάρ</strong></span> <span class='ocrx_word' id='word_1_32' title='bbox 480 778 682 834; x_wconf 72' lang='grc' dir='ltr'>εἴδωλα</span> <span class='ocrx_word' id='word_1_33' title='bbox 708 780 1055 849; x_wconf 78' lang='grc' dir='ltr'><strong>προσκυνεῖν.</strong></span> <span class='ocrx_word' id='word_1_34' title='bbox 1089 778 1201 832; x_wconf 71' lang='grc' dir='ltr'><strong>Καὶ</strong></span> <span class='ocrx_word' id='word_1_35' title='bbox 1242 776 1372 845; x_wconf 89' lang='grc' dir='ltr'>γοῦν</span> <span class='ocrx_word' id='word_1_36' title='bbox 1410 777 1500 830; x_wconf 72' lang='grc' dir='ltr'><strong>διὰ</strong></span> <span class='ocrx_word' id='word_1_37' title='bbox 1546 775 1731 846; x_wconf 76' lang='grc' dir='ltr'>φωνῆς</span> <span class='ocrx_word' id='word_1_38' title='bbox 1766 774 1924 839; x_wconf 80' lang='grc' dir='ltr'>Ἰεζε-</span> 
     </span>
    </p>
   </div>
   <div class='ocr_carea' id='block_1_9' title="bbox 344 867 1924 944">
    <p class='ocr_par' dir='ltr' id='par_1_9' title="bbox 344 867 1924 944">
     <span class='ocr_line' id='line_1_9' title="bbox 344 867 1924 944; baseline -0.004 -19"><span class='ocrx_word' id='word_1_39' title='bbox 344 871 465 943; x_wconf 74' lang='grc' dir='ltr'>χιὴλ</span> <span class='ocrx_word' id='word_1_40' title='bbox 490 871 686 944; x_wconf 76' lang='grc' dir='ltr'>ᾐτιᾶτο</span> <span class='ocrx_word' id='word_1_41' title='bbox 732 870 894 924; x_wconf 84' lang='grc' dir='ltr'>πάλιν</span> <span class='ocrx_word' id='word_1_42' title='bbox 922 870 1121 933; x_wconf 73' lang='grc' dir='ltr'>αὐτοὺς</span> <span class='ocrx_word' id='word_1_43' title='bbox 1150 872 1177 923; x_wconf 88' lang='grc' dir='ltr'><strong>ό</strong></span> <span class='ocrx_word' id='word_1_44' title='bbox 1212 868 1318 922; x_wconf 85' lang='grc' dir='ltr'><strong>τῶν</strong></span> <span class='ocrx_word' id='word_1_45' title='bbox 1342 868 1480 922; x_wconf 79' lang='grc' dir='ltr'>ὅλων</span> <span class='ocrx_word' id='word_1_46' title='bbox 1518 868 1649 931; x_wconf 83' lang='grc' dir='ltr'><strong>Θεὸς</strong></span> <span class='ocrx_word' id='word_1_47' title='bbox 1668 908 1682 932; x_wconf 91' lang='grc'><strong>,</strong></span> <span class='ocrx_word' id='word_1_48' title='bbox 1715 867 1809 920; x_wconf 78' lang='grc' dir='ltr'><strong>καὶ</strong></span> <span class='ocrx_word' id='word_1_49' title='bbox 1848 867 1924 929; x_wconf 86' lang='grc' dir='ltr'>ὼς</span> 
     </span>
    </p>
   </div>
   <div class='ocr_carea' id='block_1_10' title="bbox 345 960 1925 1034">
    <p class='ocr_par' dir='ltr' id='par_1_10' title="bbox 345 960 1925 1034">
     <span class='ocr_line' id='line_1_10' title="bbox 345 960 1925 1034; baseline -0.001 -19"><span class='ocrx_word' id='word_1_50' title='bbox 345 961 483 1034; x_wconf 84' lang='grc' dir='ltr'>πρὸς</span> <span class='ocrx_word' id='word_1_51' title='bbox 516 962 728 1031; x_wconf 83' lang='grc' dir='ltr'>κριοὺς,</span> <span class='ocrx_word' id='word_1_52' title='bbox 764 960 858 1013; x_wconf 82' lang='grc' dir='ltr'><strong>καί</strong></span> <span class='ocrx_word' id='word_1_53' title='bbox 905 961 1002 1031; x_wconf 80' lang='grc' dir='ltr'><strong>τῆς</strong></span> <span class='ocrx_word' id='word_1_54' title='bbox 1034 960 1238 1031; x_wconf 82' lang='grc' dir='ltr'><strong>ἀγέλης</strong></span> <span class='ocrx_word' id='word_1_55' title='bbox 1286 961 1602 1032; x_wconf 80' lang='grc' dir='ltr'><strong>καθηγητὰς</strong></span> <span class='ocrx_word' id='word_1_56' title='bbox 1640 960 1925 1034; x_wconf 83' lang='grc' dir='ltr'>προσεφώ-</span> 
     </span>
    </p>
   </div>
   <div class='ocr_carea' id='block_1_11' title="bbox 346 1049 1925 1122">
    <p class='ocr_par' dir='ltr' id='par_1_11' title="bbox 346 1049 1925 1122">
     <span class='ocr_line' id='line_1_11' title="bbox 346 1049 1925 1122; baseline 0 -18"><span class='ocrx_word' id='word_1_57' title='bbox 346 1067 449 1118; x_wconf 89' lang='grc' dir='ltr'>νει,</span> <span class='ocrx_word' id='word_1_58' title='bbox 483 1051 692 1120; x_wconf 78' lang='grc' dir='ltr'>λέγων’</span> <span class='ocrx_word' id='word_1_59' title='bbox 738 1067 757 1100; x_wconf 82' lang='lat' dir='ltr'><strong>t</strong></span> <span class='ocrx_word' id='word_1_60' title='bbox 792 1051 903 1103; x_wconf 74' lang='grc' dir='ltr'><strong>Καὶ</strong></span> <span class='ocrx_word' id='word_1_61' title='bbox 935 1051 1093 1120; x_wconf 80' lang='grc' dir='ltr'>ὑμεῖς</span> <span class='ocrx_word' id='word_1_62' title='bbox 1129 1049 1397 1122; x_wconf 81' lang='grc' dir='ltr'>πρόϐατα,</span> <span class='ocrx_word' id='word_1_63' title='bbox 1438 1051 1563 1104; x_wconf 80' lang='grc' dir='ltr'>τάδε</span> <span class='ocrx_word' id='word_1_64' title='bbox 1610 1050 1757 1118; x_wconf 71' lang='grc' dir='ltr'>λέγει</span> <span class='ocrx_word' id='word_1_65' title='bbox 1806 1050 1925 1104; x_wconf 79' lang='grc' dir='ltr'><strong>Κύ-</strong></span> 
     </span>
    </p>
   </div>
   <div class='ocr_carea' id='block_1_12' title="bbox 349 1143 1927 1214">
    <p class='ocr_par' dir='ltr' id='par_1_12' title="bbox 349 1143 1927 1214">
     <span class='ocr_line' id='line_1_12' title="bbox 349 1143 1927 1214; baseline -0.001 -16"><span class='ocrx_word' id='word_1_66' title='bbox 349 1160 491 1214; x_wconf 83' lang='grc' dir='ltr'>ριος·</span> <span class='ocrx_word' id='word_1_67' title='bbox 537 1144 665 1197; x_wconf 75' lang='grc' dir='ltr'>Ἰδοὺ</span> <span class='ocrx_word' id='word_1_68' title='bbox 720 1143 832 1212; x_wconf 71' lang='grc' dir='ltr'><strong>ἐγὼ</strong></span> <span class='ocrx_word' id='word_1_69' title='bbox 875 1143 1137 1214; x_wconf 88' lang='grc' dir='ltr'>διακρίνω</span> <span class='ocrx_word' id='word_1_70' title='bbox 1187 1143 1461 1213; x_wconf 77' lang='grc' dir='ltr'>ἀναμέσον</span> <span class='ocrx_word' id='word_1_71' title='bbox 1508 1144 1783 1214; x_wconf 83' lang='grc' dir='ltr'>προϐάτου</span> <span class='ocrx_word' id='word_1_72' title='bbox 1831 1143 1927 1197; x_wconf 77' lang='grc' dir='ltr'><strong>καὶ</strong></span> 
     </span>
    </p>
   </div>
   <div class='ocr_carea' id='block_1_13' title="bbox 345 1232 1925 1307">
    <p class='ocr_par' dir='ltr' id='par_1_13' title="bbox 345 1232 1925 1307">
     <span class='ocr_line' id='line_1_13' title="bbox 345 1232 1925 1307; baseline 0 -21"><span class='ocrx_word' id='word_1_73' title='bbox 345 1234 646 1307; x_wconf 87' lang='grc' dir='ltr'>προϐάτου,</span> <span class='ocrx_word' id='word_1_74' title='bbox 684 1236 780 1289; x_wconf 74' lang='grc' dir='ltr'><strong>καὶ</strong></span> <span class='ocrx_word' id='word_1_75' title='bbox 821 1232 1012 1306; x_wconf 76' lang='grc' dir='ltr'>κριῶν,</span> <span class='ocrx_word' id='word_1_76' title='bbox 1053 1235 1149 1288; x_wconf 82' lang='grc' dir='ltr'><strong>καὶ</strong></span> <span class='ocrx_word' id='word_1_77' title='bbox 1181 1235 1423 1306; x_wconf 83' lang='grc' dir='ltr'>τράγων.</span> <span class='ocrx_word' id='word_1_78' title='bbox 1463 1236 1571 1288; x_wconf 78' lang='grc' dir='ltr'><strong>Καὶ</strong></span> <span class='ocrx_word' id='word_1_79' title='bbox 1601 1235 1699 1304; x_wconf 82' lang='grc' dir='ltr'><strong>οὐχ</strong></span> <span class='ocrx_word' id='word_1_80' title='bbox 1745 1234 1925 1288; x_wconf 82' lang='grc' dir='ltr'>ἰκανὸν</span> 
     </span>
    </p>
   </div>
   <div class='ocr_carea' id='block_1_14' title="bbox 342 1326 1926 1399">
    <p class='ocr_par' dir='ltr' id='par_1_14' title="bbox 342 1326 1926 1399">
     <span class='ocr_line' id='line_1_14' title="bbox 342 1326 1926 1399; baseline 0 -19"><span class='ocrx_word' id='word_1_81' title='bbox 342 1328 496 1398; x_wconf 83' lang='grc' dir='ltr'>ὑμῖν,</span> <span class='ocrx_word' id='word_1_82' title='bbox 524 1328 607 1381; x_wconf 78' lang='grc' dir='ltr'><strong>ὅτι</strong></span> <span class='ocrx_word' id='word_1_83' title='bbox 645 1326 746 1399; x_wconf 80' lang='grc' dir='ltr'><strong>τὴν</strong></span> <span class='ocrx_word' id='word_1_84' title='bbox 778 1327 949 1398; x_wconf 77' lang='grc' dir='ltr'>καλὴν</span> <span class='ocrx_word' id='word_1_85' title='bbox 982 1326 1152 1398; x_wconf 77' lang='grc' dir='ltr'>νομὴν</span> <span class='ocrx_word' id='word_1_86' title='bbox 1202 1327 1482 1399; x_wconf 80' lang='grc' dir='ltr'>ὲνέμεσθε.</span> <span class='ocrx_word' id='word_1_87' title='bbox 1524 1329 1632 1381; x_wconf 79' lang='grc' dir='ltr'><strong>Καὶ</strong></span> <span class='ocrx_word' id='word_1_88' title='bbox 1663 1328 1732 1380; x_wconf 83' lang='grc' dir='ltr'>τὰ</span> <span class='ocrx_word' id='word_1_89' title='bbox 1760 1327 1926 1380; x_wconf 81' lang='grc' dir='ltr'>κατά-</span> 
     </span>
    </p>
   </div>
   <div class='ocr_carea' id='block_1_15' title="bbox 341 1418 1928 1490">
    <p class='ocr_par' dir='ltr' id='par_1_15' title="bbox 341 1418 1928 1490">
     <span class='ocr_line' id='line_1_15' title="bbox 341 1418 1928 1490; baseline 0 -18"><span class='ocrx_word' id='word_1_90' title='bbox 341 1418 509 1473; x_wconf 90' lang='grc' dir='ltr'>λοιπα</span> <span class='ocrx_word' id='word_1_91' title='bbox 533 1420 635 1489; x_wconf 83' lang='grc' dir='ltr'>τῆς</span> <span class='ocrx_word' id='word_1_92' title='bbox 657 1421 831 1490; x_wconf 78' lang='grc' dir='ltr'>νομῆς</span> <span class='ocrx_word' id='word_1_93' title='bbox 858 1422 1218 1474; x_wconf 84' lang='grc' dir='ltr'>κατεπατεῖτε</span> <span class='ocrx_word' id='word_1_94' title='bbox 1248 1422 1361 1484; x_wconf 84' lang='grc' dir='ltr'>τοῖς</span> <span class='ocrx_word' id='word_1_95' title='bbox 1388 1419 1518 1473; x_wconf 85' lang='grc' dir='ltr'><strong>ποσί</strong></span> <span class='ocrx_word' id='word_1_96' title='bbox 1547 1420 1722 1490; x_wconf 81' lang='grc' dir='ltr'>ὑμῶν,</span> <span class='ocrx_word' id='word_1_97' title='bbox 1748 1419 1841 1472; x_wconf 74' lang='grc' dir='ltr'>καὶ</span> <span class='ocrx_word' id='word_1_98' title='bbox 1866 1418 1928 1472; x_wconf 82' lang='grc' dir='ltr'>τὸ</span> 
     </span>
    </p>
   </div>
   <div class='ocr_carea' id='block_1_16' title="bbox 342 1505 1927 1578">
    <p class='ocr_par' dir='ltr' id='par_1_16' title="bbox 342 1505 1927 1578">
     <span class='ocr_line' id='line_1_16' title="bbox 342 1505 1927 1578; baseline -0.001 -18"><span class='ocrx_word' id='word_1_99' title='bbox 342 1507 691 1578; x_wconf 79' lang='grc' dir='ltr'>καθεστηκὸς</span> <span class='ocrx_word' id='word_1_100' title='bbox 723 1505 869 1578; x_wconf 78' lang='grc' dir='ltr'>ὕδωρ</span> <span class='ocrx_word' id='word_1_101' title='bbox 905 1506 1143 1570; x_wconf 79' lang='grc' dir='ltr'>ἐπίνετε,</span> <span class='ocrx_word' id='word_1_102' title='bbox 1174 1508 1271 1560; x_wconf 72' lang='grc' dir='ltr'>καὶ</span> <span class='ocrx_word' id='word_1_103' title='bbox 1312 1506 1374 1561; x_wconf 80' lang='grc' dir='ltr'><strong>τὸ</strong></span> <span class='ocrx_word' id='word_1_104' title='bbox 1400 1506 1585 1561; x_wconf 84' lang='grc' dir='ltr'>λοιπὸν</span> <span class='ocrx_word' id='word_1_105' title='bbox 1628 1509 1743 1571; x_wconf 87' lang='grc' dir='ltr'>τοῖς</span> <span class='ocrx_word' id='word_1_106' title='bbox 1770 1507 1927 1560; x_wconf 76' lang='grc' dir='ltr'>ποσὶν</span> 
     </span>
    </p>
   </div>
   <div class='ocr_carea' id='block_1_17' title="bbox 340 1597 1928 1670">
    <p class='ocr_par' dir='ltr' id='par_1_17' title="bbox 340 1597 1928 1670">
     <span class='ocr_line' id='line_1_17' title="bbox 340 1597 1928 1670; baseline -0.001 -18"><span class='ocrx_word' id='word_1_107' title='bbox 340 1597 503 1669; x_wconf 79' lang='grc' dir='ltr'>ὑμῶν</span> <span class='ocrx_word' id='word_1_108' title='bbox 526 1598 880 1669; x_wconf 80' lang='grc' dir='ltr'>ὲταράσσετε,</span> <span class='ocrx_word' id='word_1_109' title='bbox 909 1599 1006 1653; x_wconf 79' lang='grc' dir='ltr'><strong>καὶ</strong></span> <span class='ocrx_word' id='word_1_110' title='bbox 1032 1597 1102 1652; x_wconf 79' lang='grc' dir='ltr'><strong>τά</strong></span> <span class='ocrx_word' id='word_1_111' title='bbox 1126 1598 1375 1670; x_wconf 92' lang='grc' dir='ltr'>πρόϐατά</span> <span class='ocrx_word' id='word_1_112' title='bbox 1394 1615 1497 1670; x_wconf 86' lang='grc' dir='ltr'><strong>μου</strong></span> <span class='ocrx_word' id='word_1_113' title='bbox 1525 1598 1593 1652; x_wconf 85' lang='grc' dir='ltr'>τὰ</span> <span class='ocrx_word' id='word_1_114' title='bbox 1627 1600 1928 1669; x_wconf 68' lang='grc' dir='ltr'>πασήματα</span> 
     </span>
    </p>
   </div>
   <div class='ocr_carea' id='block_1_18' title="bbox 344 1685 1929 1758">
    <p class='ocr_par' dir='ltr' id='par_1_18' title="bbox 344 1685 1929 1758">
     <span class='ocr_line' id='line_1_18' title="bbox 344 1685 1929 1758; baseline -0.003 -16"><span class='ocrx_word' id='word_1_115' title='bbox 344 1689 458 1742; x_wconf 83' lang='grc' dir='ltr'><strong>τῶν</strong></span> <span class='ocrx_word' id='word_1_116' title='bbox 494 1688 672 1743; x_wconf 83' lang='grc' dir='ltr'>ποδῶν</span> <span class='ocrx_word' id='word_1_117' title='bbox 710 1686 866 1758; x_wconf 82' lang='grc' dir='ltr'>ὑμῶν</span> <span class='ocrx_word' id='word_1_118' title='bbox 936 1687 1227 1758; x_wconf 72' lang='grc' dir='ltr'>ἐνέμοντο,</span> <span class='ocrx_word' id='word_1_119' title='bbox 1283 1687 1381 1741; x_wconf 76' lang='grc' dir='ltr'>καὶ</span> <span class='ocrx_word' id='word_1_120' title='bbox 1422 1686 1483 1739; x_wconf 83' lang='grc' dir='ltr'>τὸ</span> <span class='ocrx_word' id='word_1_121' title='bbox 1521 1685 1929 1757; x_wconf 76' lang='grc' dir='ltr'>τεταραγμένον</span> 
     </span>
    </p>
   </div>
   <div class='ocr_carea' id='block_1_19' title="bbox 347 1776 1928 1852">
    <p class='ocr_par' dir='ltr' id='par_1_19' title="bbox 347 1776 1928 1852">
     <span class='ocr_line' id='line_1_19' title="bbox 347 1776 1928 1852; baseline -0.003 -17"><span class='ocrx_word' id='word_1_122' title='bbox 347 1780 500 1852; x_wconf 76' lang='grc' dir='ltr'>ὕδωρ</span> <span class='ocrx_word' id='word_1_123' title='bbox 525 1780 629 1834; x_wconf 81' lang='grc' dir='ltr'>ὑπὸ</span> <span class='ocrx_word' id='word_1_124' title='bbox 663 1779 771 1834; x_wconf 88' lang='grc' dir='ltr'><strong>τῶν</strong></span> <span class='ocrx_word' id='word_1_125' title='bbox 801 1779 979 1834; x_wconf 84' lang='grc' dir='ltr'>ποδῶν</span> <span class='ocrx_word' id='word_1_126' title='bbox 1008 1778 1161 1849; x_wconf 83' lang='grc' dir='ltr'>ὑμῶν</span> <span class='ocrx_word' id='word_1_127' title='bbox 1191 1778 1789 1849; x_wconf 76' lang='grc' dir='ltr'>ἔπινον.›Νομομαοεῖς</span> <span class='ocrx_word' id='word_1_128' title='bbox 1817 1776 1928 1848; x_wconf 80' lang='grc' dir='ltr'><strong>γάρ</strong></span> 
     </span>
    </p>
   </div>
   <div class='ocr_carea' id='block_1_20' title="bbox 2026 590 3576 659">
    <p class='ocr_par' dir='ltr' id='par_1_20' title="bbox 2026 590 3576 659">
     <span class='ocr_line' id='line_1_20' title="bbox 2026 590 3576 659; baseline 0.003 -16"><span class='ocrx_word' id='word_1_129' title='bbox 2026 590 2185 644; x_wconf 86' lang='lat' dir='ltr'><strong>idola.</strong></span> <span class='ocrx_word' id='word_1_130' title='bbox 2214 591 2392 658; x_wconf 97' lang='lat' dir='ltr'><strong>Quare</strong></span> <span class='ocrx_word' id='word_1_131' title='bbox 2421 607 2517 659; x_wconf 88' lang='lat' dir='ltr'><strong>per</strong></span> <span class='ocrx_word' id='word_1_132' title='bbox 2548 590 2886 646; x_wconf 77' lang='lat' dir='ltr'><strong>Ezechielem</strong></span> <span class='ocrx_word' id='word_1_133' title='bbox 2910 590 3283 645; x_wconf 85' lang='lat' dir='ltr'><strong>universorqu</strong></span> <span class='ocrx_word' id='word_1_134' title='bbox 3315 590 3455 649; x_wconf 88' lang='lat' dir='ltr'><strong>Deus</strong></span> <span class='ocrx_word' id='word_1_135' title='bbox 3479 609 3576 648; x_wconf 90' lang='lat' dir='ltr'><strong>rur</strong></span> 
     </span>
    </p>
   </div>
   <div class='ocr_carea' id='block_1_21' title="bbox 2025 681 3601 752">
    <p class='ocr_par' dir='ltr' id='par_1_21' title="bbox 2025 681 3601 752">
     <span class='ocr_line' id='line_1_21' title="bbox 2025 681 3601 752; baseline 0 -15"><span class='ocrx_word' id='word_1_136' title='bbox 2025 696 2144 737; x_wconf 83' lang='lat' dir='ltr'><strong>sum</strong></span> <span class='ocrx_word' id='word_1_137' title='bbox 2175 695 2268 736; x_wconf 90' lang='lat' dir='ltr'><strong>eos</strong></span> <span class='ocrx_word' id='word_1_138' title='bbox 2299 691 2521 736; x_wconf 78' lang='lat' dir='ltr'><strong>accusat</strong></span> <span class='ocrx_word' id='word_1_139' title='bbox 2563 692 2617 737; x_wconf 91' lang='lat' dir='ltr'><strong>et</strong></span> <span class='ocrx_word' id='word_1_140' title='bbox 2651 681 2813 738; x_wconf 83' lang='lat' dir='ltr'><strong>veluti</strong></span> <span class='ocrx_word' id='word_1_141' title='bbox 2856 682 3080 747; x_wconf 87' lang='lat' dir='ltr'><strong>arietes,</strong></span> <span class='ocrx_word' id='word_1_142' title='bbox 3105 690 3162 735; x_wconf 88' lang='lat' dir='ltr'><strong>et</strong></span> <span class='ocrx_word' id='word_1_143' title='bbox 3206 683 3389 752; x_wconf 81' lang='lat' dir='ltr'><strong>gregis</strong></span> <span class='ocrx_word' id='word_1_144' title='bbox 3431 682 3601 739; x_wconf 79' lang='lat' dir='ltr'><strong>duces</strong></span> 
     </span>
    </p>
   </div>
   <div class='ocr_carea' id='block_1_22' title="bbox 2026 773 3599 842">
    <p class='ocr_par' dir='ltr' id='par_1_22' title="bbox 2026 773 3599 842">
     <span class='ocr_line' id='line_1_22' title="bbox 2026 773 3599 842; baseline 0.004 -17"><span class='ocrx_word' id='word_1_145' title='bbox 2026 774 2169 827; x_wconf 84' lang='lat' dir='ltr'><strong>hunc</strong></span> <span class='ocrx_word' id='word_1_146' title='bbox 2192 774 2244 826; x_wconf 92' lang='lat' dir='ltr'><strong>in</strong></span> <span class='ocrx_word' id='word_1_147' title='bbox 2283 774 2498 827; x_wconf 88' lang='lat' dir='ltr'><strong>modum</strong></span> <span class='ocrx_word' id='word_1_148' title='bbox 2525 788 2620 827; x_wconf 92' lang='lat' dir='ltr'><strong>eos</strong></span> <span class='ocrx_word' id='word_1_149' title='bbox 2642 773 2932 842; x_wconf 73' lang='lat' dir='ltr'><strong>compellat</strong></span> <span class='ocrx_word' id='word_1_150' title='bbox 2959 791 2973 827; x_wconf 86' lang='lat'><strong>:</strong></span> <span class='ocrx_word' id='word_1_151' title='bbox 3008 793 3026 826; x_wconf 78' lang='grc' dir='ltr'>ι</span> <span class='ocrx_word' id='word_1_152' title='bbox 3068 774 3135 829; x_wconf 84' lang='lat' dir='ltr'><strong>Et</strong></span> <span class='ocrx_word' id='word_1_153' title='bbox 3162 790 3257 829; x_wconf 83' lang='lat' dir='ltr'><strong>vos</strong></span> <span class='ocrx_word' id='word_1_154' title='bbox 3287 789 3417 830; x_wconf 86' lang='lat' dir='ltr'><strong>oves</strong></span> <span class='ocrx_word' id='word_1_155' title='bbox 3444 790 3599 840; x_wconf 66' lang='lat' dir='ltr'><strong>mete,</strong></span> 
     </span>
    </p>
   </div>
   <div class='ocr_carea' id='block_1_23' title="bbox 2027 863 3602 935">
    <p class='ocr_par' dir='ltr' id='par_1_23' title="bbox 2027 863 3602 935">
     <span class='ocr_line' id='line_1_23' title="bbox 2027 863 3602 935; baseline 0.003 -19"><span class='ocrx_word' id='word_1_156' title='bbox 2027 865 2141 918; x_wconf 75' lang='lat' dir='ltr'><strong>haec</strong></span> <span class='ocrx_word' id='word_1_157' title='bbox 2170 863 2300 919; x_wconf 79' lang='lat' dir='ltr'><strong>dicit</strong></span> <span class='ocrx_word' id='word_1_158' title='bbox 2332 863 2592 919; x_wconf 77' lang='lat' dir='ltr'><strong>Dominus</strong></span> <span class='ocrx_word' id='word_1_159' title='bbox 2618 883 2632 920; x_wconf 84' lang='lat'><strong>;</strong></span> <span class='ocrx_word' id='word_1_160' title='bbox 2666 863 2807 919; x_wconf 82' lang='lat' dir='ltr'><strong>Ecce</strong></span> <span class='ocrx_word' id='word_1_161' title='bbox 2833 878 2931 934; x_wconf 78' lang='lat' dir='ltr'><strong>rgo</strong></span> <span class='ocrx_word' id='word_1_162' title='bbox 2953 865 3262 934; x_wconf 85' lang='lat' dir='ltr'><strong>dijudicabo</strong></span> <span class='ocrx_word' id='word_1_163' title='bbox 3282 866 3424 935; x_wconf 73' lang='lat' dir='ltr'><strong>inte;</strong></span> <span class='ocrx_word' id='word_1_164' title='bbox 3448 881 3602 922; x_wconf 88' lang='lat' dir='ltr'><strong>ovem</strong></span> 
     </span>
    </p>
   </div>
   <div class='ocr_carea' id='block_1_24' title="bbox 2026 954 3604 1029">
    <p class='ocr_par' dir='ltr' id='par_1_24' title="bbox 2026 954 3604 1029">
     <span class='ocr_line' id='line_1_24' title="bbox 2026 954 3604 1029; baseline 0.004 -21"><span class='ocrx_word' id='word_1_165' title='bbox 2026 964 2081 1008; x_wconf 88' lang='lat' dir='ltr'><strong>et</strong></span> <span class='ocrx_word' id='word_1_166' title='bbox 2104 968 2280 1017; x_wconf 82' lang='lat' dir='ltr'><strong>ovem,</strong></span> <span class='ocrx_word' id='word_1_167' title='bbox 2300 955 2504 1010; x_wconf 85' lang='lat' dir='ltr'><strong>arietes</strong></span> <span class='ocrx_word' id='word_1_168' title='bbox 2527 954 2684 1029; x_wconf 64' lang='lat'><strong>102</strong></span> <span class='ocrx_word' id='word_1_169' title='bbox 2708 963 2763 1008; x_wconf 91' lang='lat' dir='ltr'><strong>et</strong></span> <span class='ocrx_word' id='word_1_170' title='bbox 2790 955 2992 1010; x_wconf 80' lang='lat' dir='ltr'><strong>hircos.</strong></span> <span class='ocrx_word' id='word_1_171' title='bbox 3035 956 3098 1010; x_wconf 84' lang='lat' dir='ltr'><strong>Et</strong></span> <span class='ocrx_word' id='word_1_172' title='bbox 3124 973 3231 1012; x_wconf 89' lang='lat' dir='ltr'><strong>non</strong></span> <span class='ocrx_word' id='word_1_173' title='bbox 3267 959 3401 1015; x_wconf 85' lang='lat' dir='ltr'><strong>satis</strong></span> <span class='ocrx_word' id='word_1_174' title='bbox 3428 961 3604 1027; x_wconf 79' lang='lat' dir='ltr'><strong>vobis,</strong></span> 
     </span>
    </p>
   </div>
   <div class='ocr_carea' id='block_1_25' title="bbox 2025 1045 3605 1119">
    <p class='ocr_par' dir='ltr' id='par_1_25' title="bbox 2025 1045 3605 1119">
     <span class='ocr_line' id='line_1_25' title="bbox 2025 1045 3605 1119; baseline 0.006 -23"><span class='ocrx_word' id='word_1_175' title='bbox 2025 1045 2153 1115; x_wconf 84' lang='lat' dir='ltr'><strong>quia</strong></span> <span class='ocrx_word' id='word_1_176' title='bbox 2181 1048 2380 1100; x_wconf 90' lang='lat' dir='ltr'><strong>bonum</strong></span> <span class='ocrx_word' id='word_1_177' title='bbox 2410 1055 2623 1115; x_wconf 81' lang='lat' dir='ltr'><strong>pastum</strong></span> <span class='ocrx_word' id='word_1_178' title='bbox 2660 1047 2989 1116; x_wconf 70' lang='lat' dir='ltr'><strong>poscebatis.</strong></span> <span class='ocrx_word' id='word_1_179' title='bbox 3023 1045 3089 1100; x_wconf 86' lang='lat' dir='ltr'><strong>Et</strong></span> <span class='ocrx_word' id='word_1_180' title='bbox 3134 1048 3386 1118; x_wconf 77' lang='lat' dir='ltr'><strong>reliquias</strong></span> <span class='ocrx_word' id='word_1_181' title='bbox 3420 1064 3605 1119; x_wconf 84' lang='lat' dir='ltr'><strong>pastus</strong></span> 
     </span>
    </p>
   </div>
   <div class='ocr_carea' id='block_1_26' title="bbox 2028 1134 3605 1207">
    <p class='ocr_par' dir='ltr' id='par_1_26' title="bbox 2028 1134 3605 1207">
     <span class='ocr_line' id='line_1_26' title="bbox 2028 1134 3605 1207; baseline 0.004 -18"><span class='ocrx_word' id='word_1_182' title='bbox 2028 1135 2199 1189; x_wconf 87' lang='lat' dir='ltr'><strong>vestri</strong></span> <span class='ocrx_word' id='word_1_183' title='bbox 2231 1134 2638 1190; x_wconf 84' lang='lat' dir='ltr'><strong>conculcabatis</strong></span> <span class='ocrx_word' id='word_1_184' title='bbox 2664 1135 2898 1207; x_wconf 80' lang='lat' dir='ltr'><strong>pedibus</strong></span> <span class='ocrx_word' id='word_1_185' title='bbox 2931 1136 3151 1200; x_wconf 81' lang='lat' dir='ltr'><strong>vestris,</strong></span> <span class='ocrx_word' id='word_1_186' title='bbox 3184 1150 3238 1192; x_wconf 92' lang='lat' dir='ltr'><strong>et</strong></span> <span class='ocrx_word' id='word_1_187' title='bbox 3264 1142 3605 1205; x_wconf 80' lang='lat' dir='ltr'><strong>purissimam</strong></span> 
     </span>
    </p>
   </div>
   <div class='ocr_carea' id='block_1_27' title="bbox 2029 1222 3609 1296">
    <p class='ocr_par' dir='ltr' id='par_1_27' title="bbox 2029 1222 3609 1296">
     <span class='ocr_line' id='line_1_27' title="bbox 2029 1222 3609 1296; baseline 0.004 -18"><span class='ocrx_word' id='word_1_188' title='bbox 2029 1240 2227 1292; x_wconf 78' lang='lat' dir='ltr'><strong>aquam</strong></span> <span class='ocrx_word' id='word_1_189' title='bbox 2258 1222 2551 1291; x_wconf 87' lang='lat' dir='ltr'><strong>bibebatis,</strong></span> <span class='ocrx_word' id='word_1_190' title='bbox 2584 1234 2641 1280; x_wconf 83' lang='lat' dir='ltr'><strong>et</strong></span> <span class='ocrx_word' id='word_1_191' title='bbox 2670 1225 2936 1295; x_wconf 86' lang='lat' dir='ltr'><strong>reliquum</strong></span> <span class='ocrx_word' id='word_1_192' title='bbox 2977 1228 3177 1280; x_wconf 86' lang='lat' dir='ltr'><strong>vestris</strong></span> <span class='ocrx_word' id='word_1_193' title='bbox 3223 1227 3453 1296; x_wconf 89' lang='lat' dir='ltr'><strong>pedibus</strong></span> <span class='ocrx_word' id='word_1_194' title='bbox 3493 1240 3609 1284; x_wconf 88' lang='lat' dir='ltr'><strong>tur-</strong></span> 
     </span>
    </p>
   </div>
   <div class='ocr_carea' id='block_1_28' title="bbox 2028 1313 3611 1387">
    <p class='ocr_par' dir='ltr' id='par_1_28' title="bbox 2028 1313 3611 1387">
     <span class='ocr_line' id='line_1_28' title="bbox 2028 1313 3611 1387; baseline 0.001 -17"><span class='ocrx_word' id='word_1_195' title='bbox 2028 1313 2280 1382; x_wconf 86' lang='lat' dir='ltr'><strong>babatis;</strong></span> <span class='ocrx_word' id='word_1_196' title='bbox 2308 1326 2360 1371; x_wconf 90' lang='lat' dir='ltr'><strong>et</strong></span> <span class='ocrx_word' id='word_1_197' title='bbox 2378 1331 2508 1372; x_wconf 89' lang='lat' dir='ltr'><strong>oves</strong></span> <span class='ocrx_word' id='word_1_198' title='bbox 2533 1330 2669 1373; x_wconf 67' lang='lat' dir='ltr'><strong>meae</strong></span> <span class='ocrx_word' id='word_1_199' title='bbox 2693 1318 3139 1374; x_wconf 83' lang='lat' dir='ltr'><strong>conculcameuta</strong></span> <span class='ocrx_word' id='word_1_200' title='bbox 3173 1319 3367 1387; x_wconf 85' lang='lat' dir='ltr'><strong>pedum</strong></span> <span class='ocrx_word' id='word_1_201' title='bbox 3400 1333 3611 1374; x_wconf 83' lang='lat' dir='ltr'><strong>vestro-</strong></span> 
     </span>
    </p>
   </div>
   <div class='ocr_carea' id='block_1_29' title="bbox 2030 1409 3615 1481">
    <p class='ocr_par' dir='ltr' id='par_1_29' title="bbox 2030 1409 3615 1481">
     <span class='ocr_line' id='line_1_29' title="bbox 2030 1409 3615 1481; baseline 0.003 -19"><span class='ocrx_word' id='word_1_202' title='bbox 2030 1425 2150 1463; x_wconf 85' lang='lat' dir='ltr'><strong>rum</strong></span> <span class='ocrx_word' id='word_1_203' title='bbox 2185 1409 2573 1478; x_wconf 86' lang='lat' dir='ltr'><strong>pascebantur,</strong></span> <span class='ocrx_word' id='word_1_204' title='bbox 2622 1419 2678 1466; x_wconf 86' lang='lat' dir='ltr'><strong>et</strong></span> <span class='ocrx_word' id='word_1_205' title='bbox 2734 1412 3011 1466; x_wconf 77' lang='lat' dir='ltr'><strong>turbatam</strong></span> <span class='ocrx_word' id='word_1_206' title='bbox 3075 1426 3270 1480; x_wconf 82' lang='lat' dir='ltr'><strong>aquam</strong></span> <span class='ocrx_word' id='word_1_207' title='bbox 3306 1426 3339 1464; x_wconf 91' lang='lat' dir='ltr'><strong>a</strong></span> <span class='ocrx_word' id='word_1_208' title='bbox 3381 1412 3615 1481; x_wconf 82' lang='lat' dir='ltr'><strong>pedibus</strong></span> 
     </span>
    </p>
   </div>
   <div class='ocr_carea' id='block_1_30' title="bbox 2028 1499 3611 1567">
    <p class='ocr_par' dir='ltr' id='par_1_30' title="bbox 2028 1499 3611 1567">
     <span class='ocr_line' id='line_1_30' title="bbox 2028 1499 3611 1567; baseline 0.005 -14"><span class='ocrx_word' id='word_1_209' title='bbox 2028 1501 2232 1554; x_wconf 86' lang='lat' dir='ltr'><strong>vestris</strong></span> <span class='ocrx_word' id='word_1_210' title='bbox 2257 1499 2519 1556; x_wconf 83' lang='lat' dir='ltr'><strong>bibebant</strong></span> <span class='ocrx_word' id='word_1_211' title='bbox 2549 1500 2616 1555; x_wconf 81' lang='lat'><strong>&quot;’.</strong></span> <span class='ocrx_word' id='word_1_212' title='bbox 2654 1519 2675 1555; x_wconf 74' lang='grc' dir='ltr'><strong>ι</strong></span> <span class='ocrx_word' id='word_1_213' title='bbox 2712 1499 2939 1556; x_wconf 76' lang='lat' dir='ltr'><strong>Oriundi</strong></span> <span class='ocrx_word' id='word_1_214' title='bbox 2971 1503 3115 1556; x_wconf 89' lang='lat' dir='ltr'><strong>enim</strong></span> <span class='ocrx_word' id='word_1_215' title='bbox 3142 1504 3209 1558; x_wconf 85' lang='lat' dir='ltr'><strong>de</strong></span> <span class='ocrx_word' id='word_1_216' title='bbox 3251 1502 3415 1559; x_wconf 89' lang='lat' dir='ltr'><strong>domo</strong></span> <span class='ocrx_word' id='word_1_217' title='bbox 3453 1504 3611 1567; x_wconf 82' lang='lat' dir='ltr'><strong>Levi.</strong></span> 
     </span>
    </p>
   </div>
   <div class='ocr_carea' id='block_1_31' title="bbox 2030 1584 3616 1662">
    <p class='ocr_par' dir='ltr' id='par_1_31' title="bbox 2030 1584 3616 1662">
     <span class='ocr_line' id='line_1_31' title="bbox 2030 1584 3616 1662; baseline 0.003 -18"><span class='ocrx_word' id='word_1_218' title='bbox 2030 1604 2153 1644; x_wconf 88' lang='lat' dir='ltr'><strong>cum</strong></span> <span class='ocrx_word' id='word_1_219' title='bbox 2193 1600 2379 1644; x_wconf 88' lang='lat' dir='ltr'><strong>essent</strong></span> <span class='ocrx_word' id='word_1_220' title='bbox 2412 1584 2731 1659; x_wconf 86' lang='lat' dir='ltr'><strong>legisperiti,</strong></span> <span class='ocrx_word' id='word_1_221' title='bbox 2776 1590 3147 1660; x_wconf 86' lang='lat' dir='ltr'><strong>baberentque</strong></span> <span class='ocrx_word' id='word_1_222' title='bbox 3174 1590 3325 1646; x_wconf 88' lang='lat' dir='ltr'><strong>velut</strong></span> <span class='ocrx_word' id='word_1_223' title='bbox 3362 1591 3616 1662; x_wconf 85' lang='lat' dir='ltr'><strong>pulcher-</strong></span> 
     </span>
    </p>
   </div>
   <div class='ocr_carea' id='block_1_32' title="bbox 2032 1676 3617 1750">
    <p class='ocr_par' dir='ltr' id='par_1_32' title="bbox 2032 1676 3617 1750">
     <span class='ocr_line' id='line_1_32' title="bbox 2032 1676 3617 1750; baseline 0.003 -20"><span class='ocrx_word' id='word_1_224' title='bbox 2032 1676 2169 1730; x_wconf 88' lang='lat' dir='ltr'><strong>rima</strong></span> <span class='ocrx_word' id='word_1_225' title='bbox 2205 1692 2427 1746; x_wconf 89' lang='lat' dir='ltr'><strong>pascua,</strong></span> <span class='ocrx_word' id='word_1_226' title='bbox 2464 1688 2791 1749; x_wconf 84' lang='lat' dir='ltr'><strong>tenuemque</strong></span> <span class='ocrx_word' id='word_1_227' title='bbox 2822 1690 2873 1733; x_wconf 90' lang='lat' dir='ltr'><strong>et</strong></span> <span class='ocrx_word' id='word_1_228' title='bbox 2908 1680 3233 1748; x_wconf 88' lang='lat' dir='ltr'><strong>pellucidam</strong></span> <span class='ocrx_word' id='word_1_229' title='bbox 3263 1697 3459 1750; x_wconf 87' lang='lat' dir='ltr'><strong>aquam</strong></span> <span class='ocrx_word' id='word_1_230' title='bbox 3489 1698 3617 1737; x_wconf 89' lang='lat' dir='ltr'><strong>eru-</strong></span> 
     </span>
    </p>
   </div>
   <div class='ocr_carea' id='block_1_33' title="bbox 2031 1768 3615 1841">
    <p class='ocr_par' dir='ltr' id='par_1_33' title="bbox 2031 1768 3615 1841">
     <span class='ocr_line' id='line_1_33' title="bbox 2031 1768 3615 1841; baseline 0.003 -17"><span class='ocrx_word' id='word_1_231' title='bbox 2031 1768 2291 1824; x_wconf 83' lang='lat' dir='ltr'><strong>ditionem</strong></span> <span class='ocrx_word' id='word_1_232' title='bbox 2349 1768 2663 1837; x_wconf 80' lang='lat' dir='ltr'><strong>Mosaicnm,</strong></span> <span class='ocrx_word' id='word_1_233' title='bbox 2714 1786 2839 1841; x_wconf 69' lang='lat' dir='ltr'><strong>quae</strong></span> <span class='ocrx_word' id='word_1_234' title='bbox 2883 1772 2950 1827; x_wconf 87' lang='lat' dir='ltr'><strong>ad</strong></span> <span class='ocrx_word' id='word_1_235' title='bbox 3002 1772 3376 1828; x_wconf 87' lang='lat' dir='ltr'><strong>deducendum</strong></span> <span class='ocrx_word' id='word_1_236' title='bbox 3423 1788 3519 1831; x_wconf 88' lang='lat' dir='ltr'><strong>eos</strong></span> <span class='ocrx_word' id='word_1_237' title='bbox 3557 1776 3615 1830; x_wconf 89' lang='lat' dir='ltr'><strong>in</strong></span> 
     </span>
    </p>
   </div>
   <div class='ocr_carea' id='block_1_34' title="bbox 344 1853 1928 1944">
    <p class='ocr_par' dir='ltr' id='par_1_34' title="bbox 344 1869 1928 1944">
     <span class='ocr_line' id='line_1_34' title="bbox 344 1869 1928 1944; baseline -0.003 -16"><span class='ocrx_word' id='word_1_238' title='bbox 344 1876 502 1938; x_wconf 72' lang='grc' dir='ltr'>ὄντες</span> <span class='ocrx_word' id='word_1_239' title='bbox 534 1874 585 1927; x_wconf 85' lang='grc' dir='ltr'><strong>οἰ</strong></span> <span class='ocrx_word' id='word_1_240' title='bbox 608 1874 669 1940; x_wconf 72' lang='grc' dir='ltr'><strong>ἐξ</strong></span> <span class='ocrx_word' id='word_1_241' title='bbox 695 1872 925 1944; x_wconf 80' lang='grc' dir='ltr'>αἵματος</span> <span class='ocrx_word' id='word_1_242' title='bbox 967 1872 1118 1936; x_wconf 69' lang='lat' dir='ltr'><strong>Acut,</strong></span> <span class='ocrx_word' id='word_1_243' title='bbox 1151 1872 1248 1925; x_wconf 75' lang='grc' dir='ltr'><strong>καὶ</strong></span> <span class='ocrx_word' id='word_1_244' title='bbox 1291 1870 1582 1941; x_wconf 80' lang='grc' dir='ltr'><strong>καλλίστην</strong></span> <span class='ocrx_word' id='word_1_245' title='bbox 1626 1869 1817 1940; x_wconf 79' lang='grc' dir='ltr'>ὥσπερ</span> <span class='ocrx_word' id='word_1_246' title='bbox 1846 1887 1928 1924; x_wconf 90' lang='grc' dir='ltr'>νο-</span> 
     </span>
    </p>
   </div>
   <div class='ocr_carea' id='block_1_35' title="bbox 2034 1853 3616 1944">
    <p class='ocr_par' dir='ltr' id='par_1_35' title="bbox 2034 1860 3616 1934">
     <span class='ocr_line' id='line_1_35' title="bbox 2034 1860 3616 1934; baseline 0.003 -22"><span class='ocrx_word' id='word_1_247' title='bbox 2034 1860 2173 1915; x_wconf 72' lang='lat' dir='ltr'><strong>viam</strong></span> <span class='ocrx_word' id='word_1_248' title='bbox 2196 1860 2446 1916; x_wconf 84' lang='lat' dir='ltr'><strong>veritatis</strong></span> <span class='ocrx_word' id='word_1_249' title='bbox 2471 1861 2766 1926; x_wconf 82' lang='lat' dir='ltr'><strong>suﬁiceret,</strong></span> <span class='ocrx_word' id='word_1_250' title='bbox 2790 1862 3186 1918; x_wconf 88' lang='lat' dir='ltr'><strong>conculcabant</strong></span> <span class='ocrx_word' id='word_1_251' title='bbox 3215 1864 3616 1934; x_wconf 82' lang='lat' dir='ltr'><strong>quodammodo</strong></span> 
     </span>
    </p>
   </div>
   <div class='ocr_carea' id='block_1_36' title="bbox 348 1959 1931 2039">
    <p class='ocr_par' dir='ltr' id='par_1_36' title="bbox 348 1959 1931 2039">
     <span class='ocr_line' id='line_1_36' title="bbox 348 1959 1931 2039; baseline -0.003 -20"><span class='ocrx_word' id='word_1_252' title='bbox 348 1966 483 2039; x_wconf 79' lang='grc' dir='ltr'>μὴν,</span> <span class='ocrx_word' id='word_1_253' title='bbox 532 1965 729 2019; x_wconf 88' lang='grc' dir='ltr'>λεπτόν</span> <span class='ocrx_word' id='word_1_254' title='bbox 767 1982 829 2019; x_wconf 84' lang='grc' dir='ltr'><strong>τε</strong></span> <span class='ocrx_word' id='word_1_255' title='bbox 877 1965 970 2018; x_wconf 83' lang='grc' dir='ltr'><strong>καί</strong></span> <span class='ocrx_word' id='word_1_256' title='bbox 1019 1963 1209 2027; x_wconf 83' lang='grc' dir='ltr'>διειδὲς</span> <span class='ocrx_word' id='word_1_257' title='bbox 1253 1961 1467 2033; x_wconf 80' lang='grc' dir='ltr'>ἔχοντες</span> <span class='ocrx_word' id='word_1_258' title='bbox 1499 1960 1678 2033; x_wconf 71' lang='grc' dir='ltr'>ὕδωρ,</span> <span class='ocrx_word' id='word_1_259' title='bbox 1711 1961 1811 2032; x_wconf 87' lang='grc' dir='ltr'>τὴν</span> <span class='ocrx_word' id='word_1_260' title='bbox 1840 1959 1931 2015; x_wconf 79' lang='grc' dir='ltr'><strong>διὰ</strong></span> 
     </span>
    </p>
   </div>
   <div class='ocr_carea' id='block_1_37' title="bbox 345 2049 1932 2120">
    <p class='ocr_par' dir='ltr' id='par_1_37' title="bbox 345 2049 1932 2120">
     <span class='ocr_line' id='line_1_37' title="bbox 345 2049 1932 2120; baseline -0.005 -10"><span class='ocrx_word' id='word_1_261' title='bbox 345 2054 597 2119; x_wconf 82' lang='grc' dir='ltr'><strong>Μωσέως</strong></span> <span class='ocrx_word' id='word_1_262' title='bbox 627 2053 906 2110; x_wconf 77' lang='grc' dir='ltr'><strong>παίδευσιν</strong></span> <span class='ocrx_word' id='word_1_263' title='bbox 958 2054 1060 2107; x_wconf 80' lang='grc' dir='ltr'><strong>οὐκ</strong></span> <span class='ocrx_word' id='word_1_264' title='bbox 1104 2051 1377 2114; x_wconf 84' lang='grc' dir='ltr'>ἁνικάνως</span> <span class='ocrx_word' id='word_1_265' title='bbox 1415 2050 1642 2120; x_wconf 76' lang='grc' dir='ltr'>ἔχουσαν</span> <span class='ocrx_word' id='word_1_266' title='bbox 1677 2049 1932 2119; x_wconf 80' lang='grc' dir='ltr'>ποδηγεῖν</span> 
     </span>
    </p>
   </div>
   <div class='ocr_carea' id='block_1_38' title="bbox 346 2140 1926 2218">
    <p class='ocr_par' dir='ltr' id='par_1_38' title="bbox 346 2140 1926 2218">
     <span class='ocr_line' id='line_1_38' title="bbox 346 2140 1926 2218; baseline -0.005 -17"><span class='ocrx_word' id='word_1_267' title='bbox 346 2150 429 2210; x_wconf 85' lang='grc' dir='ltr'><strong>εἰς</strong></span> <span class='ocrx_word' id='word_1_268' title='bbox 464 2145 743 2218; x_wconf 80' lang='grc' dir='ltr'>ἀλήθειαν,</span> <span class='ocrx_word' id='word_1_269' title='bbox 797 2144 1137 2199; x_wconf 70' lang='grc' dir='ltr'>κατεπάτουν</span> <span class='ocrx_word' id='word_1_270' title='bbox 1184 2143 1383 2213; x_wconf 77' lang='grc' dir='ltr'>τρόπον</span> <span class='ocrx_word' id='word_1_271' title='bbox 1425 2140 1547 2197; x_wconf 76' lang='grc' dir='ltr'>τινὰ</span> <span class='ocrx_word' id='word_1_272' title='bbox 1591 2141 1691 2213; x_wconf 85' lang='grc' dir='ltr'>τὴν</span> <span class='ocrx_word' id='word_1_273' title='bbox 1737 2140 1926 2212; x_wconf 85' lang='grc' dir='ltr'>νομὴν,</span> 
     </span>
    </p>
   </div>
   <div class='ocr_carea' id='block_1_39' title="bbox 346 2230 1932 2306">
    <p class='ocr_par' dir='ltr' id='par_1_39' title="bbox 346 2230 1932 2306">
     <span class='ocr_line' id='line_1_39' title="bbox 346 2230 1932 2306; baseline -0.004 -18"><span class='ocrx_word' id='word_1_274' title='bbox 346 2236 747 2306; x_wconf 84' lang='grc' dir='ltr'>συνετάραττον</span> <span class='ocrx_word' id='word_1_275' title='bbox 799 2235 858 2289; x_wconf 78' lang='grc' dir='ltr'>δὲ</span> <span class='ocrx_word' id='word_1_276' title='bbox 901 2234 999 2290; x_wconf 74' lang='grc' dir='ltr'>καὶ</span> <span class='ocrx_word' id='word_1_277' title='bbox 1044 2235 1106 2288; x_wconf 84' lang='grc' dir='ltr'>τὸ</span> <span class='ocrx_word' id='word_1_278' title='bbox 1152 2232 1317 2304; x_wconf 77' lang='grc' dir='ltr'>ὕδωρ,</span> <span class='ocrx_word' id='word_1_279' title='bbox 1349 2230 1581 2303; x_wconf 84' lang='grc' dir='ltr'>παχεῖάν</span> <span class='ocrx_word' id='word_1_280' title='bbox 1624 2246 1774 2297; x_wconf 86' lang='grc' dir='ltr'>τινα,</span> <span class='ocrx_word' id='word_1_281' title='bbox 1838 2230 1932 2283; x_wconf 71' lang='grc' dir='ltr'>καὶ</span> 
     </span>
    </p>
   </div>
   <div class='ocr_carea' id='block_1_40' title="bbox 348 2322 1934 2399">
    <p class='ocr_par' dir='ltr' id='par_1_40' title="bbox 348 2322 1934 2399">
     <span class='ocr_line' id='line_1_40' title="bbox 348 2322 1934 2399; baseline -0.006 -17"><span class='ocrx_word' id='word_1_282' title='bbox 348 2327 559 2399; x_wconf 82' lang='grc' dir='ltr'>ιλιώδη,</span> <span class='ocrx_word' id='word_1_283' title='bbox 610 2327 704 2381; x_wconf 75' lang='grc' dir='ltr'>καὶ</span> <span class='ocrx_word' id='word_1_284' title='bbox 738 2326 975 2397; x_wconf 73' lang='grc' dir='ltr'>γεώδους</span> <span class='ocrx_word' id='word_1_285' title='bbox 1018 2324 1360 2396; x_wconf 79' lang='grc' dir='ltr'><strong>ἀκαθαρσίας</strong></span> <span class='ocrx_word' id='word_1_286' title='bbox 1407 2322 1657 2394; x_wconf 67' lang='grc' dir='ltr'>ἔμπλεων</span> <span class='ocrx_word' id='word_1_287' title='bbox 1701 2337 1934 2393; x_wconf 82' lang='grc' dir='ltr'>παρατι-</span> 
     </span>
    </p>
   </div>
   <div class='ocr_carea' id='block_1_41' title="bbox 341 2413 1927 2488">
    <p class='ocr_par' dir='ltr' id='par_1_41' title="bbox 341 2413 1927 2488">
     <span class='ocr_line' id='line_1_41' title="bbox 341 2413 1927 2488; baseline -0.004 -15"><span class='ocrx_word' id='word_1_288' title='bbox 341 2420 536 2486; x_wconf 80' lang='grc' dir='ltr'>θέντες</span> <span class='ocrx_word' id='word_1_289' title='bbox 573 2420 946 2483; x_wconf 87' lang='grc' dir='ltr'>διδασκαλίαν,</span> <span class='ocrx_word' id='word_1_290' title='bbox 975 2421 1092 2481; x_wconf 89' lang='grc' dir='ltr'>τοῖς</span> <span class='ocrx_word' id='word_1_291' title='bbox 1118 2419 1176 2470; x_wconf 77' lang='grc' dir='ltr'>ὲν</span> <span class='ocrx_word' id='word_1_292' title='bbox 1214 2414 1366 2482; x_wconf 80' lang='grc' dir='ltr'>τάξει</span> <span class='ocrx_word' id='word_1_293' title='bbox 1391 2414 1677 2488; x_wconf 87' lang='grc' dir='ltr'>προϐάτων</span> <span class='ocrx_word' id='word_1_294' title='bbox 1704 2413 1927 2468; x_wconf 82' lang='grc' dir='ltr'>ἀκολου-</span> 
     </span>
    </p>
   </div>
   <div class='ocr_carea' id='block_1_42' title="bbox 341 2504 1929 2580">
    <p class='ocr_par' dir='ltr' id='par_1_42' title="bbox 341 2504 1929 2580">
     <span class='ocr_line' id='line_1_42' title="bbox 341 2504 1929 2580; baseline -0.006 -15"><span class='ocrx_word' id='word_1_295' title='bbox 341 2511 532 2566; x_wconf 81' lang='grc' dir='ltr'>θοῦσιν</span> <span class='ocrx_word' id='word_1_296' title='bbox 562 2512 747 2574; x_wconf 82' lang='grc' dir='ltr'>αὐτοῖς</span> <span class='ocrx_word' id='word_1_297' title='bbox 776 2510 853 2575; x_wconf 80' lang='grc' dir='ltr'>ὡς</span> <span class='ocrx_word' id='word_1_298' title='bbox 888 2512 1081 2580; x_wconf 84' lang='grc' dir='ltr'>κριοῖς.</span> <span class='ocrx_word' id='word_1_299' title='bbox 1122 2504 1511 2577; x_wconf 80' lang='grc' dir='ltr'>Ἐγκαλοῦνται</span> <span class='ocrx_word' id='word_1_300' title='bbox 1540 2504 1719 2559; x_wconf 89' lang='grc' dir='ltr'>τοίνυν</span> <span class='ocrx_word' id='word_1_301' title='bbox 1746 2504 1796 2556; x_wconf 90' lang='grc' dir='ltr'><strong>οί</strong></span> <span class='ocrx_word' id='word_1_302' title='bbox 1828 2504 1929 2574; x_wconf 78' lang='grc' dir='ltr'><strong>τῆς</strong></span> 
     </span>
    </p>
   </div>
   <div class='ocr_carea' id='block_1_43' title="bbox 344 2596 1928 2670">
    <p class='ocr_par' dir='ltr' id='par_1_43' title="bbox 344 2596 1928 2670">
     <span class='ocr_line' id='line_1_43' title="bbox 344 2596 1928 2670; baseline -0.006 -14"><span class='ocrx_word' id='word_1_303' title='bbox 344 2603 564 2658; x_wconf 75' lang='grc' dir='ltr'>Γαλαὰδ</span> <span class='ocrx_word' id='word_1_304' title='bbox 636 2602 848 2656; x_wconf 88' lang='grc' dir='ltr'>πολῖται</span> <span class='ocrx_word' id='word_1_305' title='bbox 926 2600 1023 2655; x_wconf 73' lang='grc' dir='ltr'>καὶ</span> <span class='ocrx_word' id='word_1_306' title='bbox 1081 2600 1391 2670; x_wconf 77' lang='grc' dir='ltr'>οἰκήτορες,</span> <span class='ocrx_word' id='word_1_307' title='bbox 1437 2597 1514 2661; x_wconf 82' lang='grc' dir='ltr'>ὡς</span> <span class='ocrx_word' id='word_1_308' title='bbox 1568 2596 1928 2668; x_wconf 81' lang='grc' dir='ltr'>ταράττοντες</span> 
     </span>
    </p>
   </div>
   <div class='ocr_carea' id='block_1_44' title="bbox 2035 1953 3619 2025">
    <p class='ocr_par' dir='ltr' id='par_1_44' title="bbox 2035 1953 3619 2025">
     <span class='ocr_line' id='line_1_44' title="bbox 2035 1953 3619 2025; baseline 0.002 -20"><span class='ocrx_word' id='word_1_309' title='bbox 2035 1965 2260 2022; x_wconf 83' lang='lat' dir='ltr'><strong>pascua,</strong></span> <span class='ocrx_word' id='word_1_310' title='bbox 2310 1962 2366 2006; x_wconf 88' lang='lat' dir='ltr'><strong>et</strong></span> <span class='ocrx_word' id='word_1_311' title='bbox 2415 1966 2612 2021; x_wconf 88' lang='lat' dir='ltr'><strong>aquam</strong></span> <span class='ocrx_word' id='word_1_312' title='bbox 2674 1953 3095 2023; x_wconf 84' lang='lat' dir='ltr'><strong>conturbabant,</strong></span> <span class='ocrx_word' id='word_1_313' title='bbox 3144 1969 3386 2010; x_wconf 86' lang='lat' dir='ltr'><strong>crassam</strong></span> <span class='ocrx_word' id='word_1_314' title='bbox 3425 1970 3619 2025; x_wconf 88' lang='lat' dir='ltr'><strong>quam-</strong></span> 
     </span>
    </p>
   </div>
   <div class='ocr_carea' id='block_1_45' title="bbox 2036 2041 3618 2115">
    <p class='ocr_par' dir='ltr' id='par_1_45' title="bbox 2036 2041 3618 2115">
     <span class='ocr_line' id='line_1_45' title="bbox 2036 2041 3618 2115; baseline 0.004 -19"><span class='ocrx_word' id='word_1_315' title='bbox 2036 2042 2160 2097; x_wconf 87' lang='lat' dir='ltr'><strong>dam</strong></span> <span class='ocrx_word' id='word_1_316' title='bbox 2198 2050 2251 2097; x_wconf 88' lang='lat' dir='ltr'><strong>et</strong></span> <span class='ocrx_word' id='word_1_317' title='bbox 2280 2041 2553 2109; x_wconf 86' lang='lat' dir='ltr'><strong>limosam,</strong></span> <span class='ocrx_word' id='word_1_318' title='bbox 2602 2051 2659 2098; x_wconf 91' lang='lat' dir='ltr'><strong>et</strong></span> <span class='ocrx_word' id='word_1_319' title='bbox 2707 2052 2936 2099; x_wconf 70' lang='lat' dir='ltr'><strong>terrena:</strong></span> <span class='ocrx_word' id='word_1_320' title='bbox 2985 2044 3133 2100; x_wconf 63' lang='lat' dir='ltr'><strong>faecis</strong></span> <span class='ocrx_word' id='word_1_321' title='bbox 3158 2045 3374 2115; x_wconf 84' lang='lat' dir='ltr'><strong>plenam</strong></span> <span class='ocrx_word' id='word_1_322' title='bbox 3416 2047 3618 2102; x_wconf 85' lang='lat' dir='ltr'><strong>doctri-</strong></span> 
     </span>
    </p>
   </div>
   <div class='ocr_carea' id='block_1_46' title="bbox 2038 2134 3617 2206">
    <p class='ocr_par' dir='ltr' id='par_1_46' title="bbox 2038 2134 3617 2206">
     <span class='ocr_line' id='line_1_46' title="bbox 2038 2134 3617 2206; baseline 0.003 -18"><span class='ocrx_word' id='word_1_323' title='bbox 2038 2147 2164 2188; x_wconf 87' lang='lat' dir='ltr'><strong>nam</strong></span> <span class='ocrx_word' id='word_1_324' title='bbox 2216 2134 2559 2202; x_wconf 78' lang='lat' dir='ltr'><strong>exhibentes,</strong></span> <span class='ocrx_word' id='word_1_325' title='bbox 2617 2134 2762 2205; x_wconf 85' lang='lat' dir='ltr'><strong>ipsos</strong></span> <span class='ocrx_word' id='word_1_326' title='bbox 2800 2144 3057 2206; x_wconf 87' lang='lat' dir='ltr'><strong>tauquam</strong></span> <span class='ocrx_word' id='word_1_327' title='bbox 3107 2151 3238 2192; x_wconf 90' lang='lat' dir='ltr'><strong>oves</strong></span> <span class='ocrx_word' id='word_1_328' title='bbox 3283 2138 3486 2193; x_wconf 83' lang='lat' dir='ltr'><strong>arietes</strong></span> <span class='ocrx_word' id='word_1_329' title='bbox 3526 2151 3617 2193; x_wconf 86' lang='lat' dir='ltr'><strong>se-</strong></span> 
     </span>
    </p>
   </div>
   <div class='ocr_carea' id='block_1_47' title="bbox 2035 2220 3621 2300">
    <p class='ocr_par' dir='ltr' id='par_1_47' title="bbox 2035 2220 3621 2300">
     <span class='ocr_line' id='line_1_47' title="bbox 2035 2220 3621 2300; baseline 0.001 -18"><span class='ocrx_word' id='word_1_330' title='bbox 2035 2229 2351 2299; x_wconf 81' lang='lat' dir='ltr'><strong>quentibus.</strong></span> <span class='ocrx_word' id='word_1_331' title='bbox 2382 2226 2804 2298; x_wconf 84' lang='lat' dir='ltr'><strong>Redarguuntur</strong></span> <span class='ocrx_word' id='word_1_332' title='bbox 2832 2229 3017 2300; x_wconf 87' lang='lat' dir='ltr'><strong>itaque</strong></span> <span class='ocrx_word' id='word_1_333' title='bbox 3046 2229 3196 2285; x_wconf 86' lang='lat' dir='ltr'><strong>cives</strong></span> <span class='ocrx_word' id='word_1_334' title='bbox 3222 2239 3278 2284; x_wconf 92' lang='lat' dir='ltr'><strong>et</strong></span> <span class='ocrx_word' id='word_1_335' title='bbox 3299 2220 3621 2284; x_wconf 46' lang='lat' dir='ltr'><strong>incolar&#39;Ga-</strong></span> 
     </span>
    </p>
   </div>
   <div class='ocr_carea' id='block_1_48' title="bbox 2040 2320 3615 2393">
    <p class='ocr_par' dir='ltr' id='par_1_48' title="bbox 2040 2320 3615 2393">
     <span class='ocr_line' id='line_1_48' title="bbox 2040 2320 3615 2393; baseline -0.001 -18"><span class='ocrx_word' id='word_1_336' title='bbox 2040 2320 2164 2376; x_wconf 83' lang='lat' dir='ltr'><strong>laad</strong></span> <span class='ocrx_word' id='word_1_337' title='bbox 2210 2328 2269 2376; x_wconf 90' lang='lat' dir='ltr'><strong>ut</strong></span> <span class='ocrx_word' id='word_1_338' title='bbox 2314 2322 2596 2377; x_wconf 83' lang='lat' dir='ltr'><strong>turbantes</strong></span> <span class='ocrx_word' id='word_1_339' title='bbox 2640 2336 2880 2392; x_wconf 86' lang='lat' dir='ltr'><strong>aquam;</strong></span> <span class='ocrx_word' id='word_1_340' title='bbox 2922 2334 2977 2379; x_wconf 91' lang='lat' dir='ltr'><strong>et</strong></span> <span class='ocrx_word' id='word_1_341' title='bbox 3023 2323 3522 2393; x_wconf 79' lang='lat' dir='ltr'><strong>reprehenduntur,</strong></span> <span class='ocrx_word' id='word_1_342' title='bbox 3554 2331 3615 2374; x_wconf 83' lang='lat' dir='ltr'><strong>ut</strong></span> 
     </span>
    </p>
   </div>
   <div class='ocr_carea' id='block_1_49' title="bbox 2036 2410 3617 2483">
    <p class='ocr_par' dir='ltr' id='par_1_49' title="bbox 2036 2410 3617 2483">
     <span class='ocr_line' id='line_1_49' title="bbox 2036 2410 3617 2483; baseline -0.001 -18"><span class='ocrx_word' id='word_1_343' title='bbox 2036 2410 2414 2468; x_wconf 77' lang='lat' dir='ltr'><strong>fortitudinem</strong></span> <span class='ocrx_word' id='word_1_344' title='bbox 2444 2426 2541 2468; x_wconf 89' lang='lat' dir='ltr'><strong>seu</strong></span> <span class='ocrx_word' id='word_1_345' title='bbox 2586 2411 2753 2467; x_wconf 88' lang='lat' dir='ltr'><strong>robur</strong></span> <span class='ocrx_word' id='word_1_346' title='bbox 2783 2412 3048 2468; x_wconf 82' lang='lat' dir='ltr'><strong>habentes</strong></span> <span class='ocrx_word' id='word_1_347' title='bbox 3072 2412 3179 2468; x_wconf 85' lang='lat' dir='ltr'><strong>viri</strong></span> <span class='ocrx_word' id='word_1_348' title='bbox 3212 2413 3424 2483; x_wconf 82' lang='lat' dir='ltr'><strong>piratae.</strong></span> <span class='ocrx_word' id='word_1_349' title='bbox 3463 2412 3617 2479; x_wconf 83' lang='lat' dir='ltr'><strong>Quod</strong></span> 
     </span>
    </p>
   </div>
   <div class='ocr_carea' id='block_1_50' title="bbox 2033 2502 3623 2577">
    <p class='ocr_par' dir='ltr' id='par_1_50' title="bbox 2033 2502 3623 2577">
     <span class='ocr_line' id='line_1_50' title="bbox 2033 2502 3623 2577; baseline -0.001 -19"><span class='ocrx_word' id='word_1_350' title='bbox 2033 2519 2141 2574; x_wconf 88' lang='lat' dir='ltr'><strong>quo</strong></span> <span class='ocrx_word' id='word_1_351' title='bbox 2175 2512 2335 2574; x_wconf 89' lang='lat' dir='ltr'><strong>pacto</strong></span> <span class='ocrx_word' id='word_1_352' title='bbox 2375 2504 2533 2559; x_wconf 91' lang='lat' dir='ltr'><strong>nobis</strong></span> <span class='ocrx_word' id='word_1_353' title='bbox 2576 2502 2989 2577; x_wconf 85' lang='lat' dir='ltr'><strong>intelligendum</strong></span> <span class='ocrx_word' id='word_1_354' title='bbox 3020 2507 3112 2575; x_wconf 89' lang='lat' dir='ltr'><strong>sit,</strong></span> <span class='ocrx_word' id='word_1_355' title='bbox 3141 2506 3426 2576; x_wconf 82' lang='lat' dir='ltr'><strong>sequentia</strong></span> <span class='ocrx_word' id='word_1_356' title='bbox 3453 2506 3623 2559; x_wconf 87' lang='lat' dir='ltr'><strong>inter-</strong></span> 
     </span>
    </p>
   </div>
   <div class='ocr_carea' id='block_1_51' title="bbox 2029 2594 2754 2665">
    <p class='ocr_par' dir='ltr' id='par_1_51' title="bbox 2029 2594 2754 2665">
     <span class='ocr_line' id='line_1_51' title="bbox 2029 2594 2754 2665; baseline 0.004 -16"><span class='ocrx_word' id='word_1_357' title='bbox 2029 2604 2307 2665; x_wconf 87' lang='lat' dir='ltr'><strong>pretantes</strong></span> <span class='ocrx_word' id='word_1_358' title='bbox 2341 2594 2754 2652; x_wconf 85' lang='lat' dir='ltr'><strong>declarabimus.</strong></span> 
     </span>
    </p>
   </div>
   <div class='ocr_carea' id='block_1_52' title="bbox 345 2684 3617 2768">
    <p class='ocr_par' dir='ltr' id='par_1_52' title="bbox 345 2684 3617 2768">
     <span class='ocr_line' id='line_1_52' title="bbox 345 2684 3617 2768; baseline -0.003 -19"><span class='ocrx_word' id='word_1_359' title='bbox 345 2696 521 2768; x_wconf 76' lang='grc' dir='ltr'>ὖδωρ,</span> <span class='ocrx_word' id='word_1_360' title='bbox 556 2693 869 2765; x_wconf 71' lang='grc' dir='ltr'><strong>ἐλέγχονται</strong></span> <span class='ocrx_word' id='word_1_361' title='bbox 914 2691 972 2745; x_wconf 73' lang='grc' dir='ltr'>δὲ</span> <span class='ocrx_word' id='word_1_362' title='bbox 1021 2692 1114 2745; x_wconf 74' lang='grc' dir='ltr'>καὶ</span> <span class='ocrx_word' id='word_1_363' title='bbox 1164 2690 1243 2754; x_wconf 83' lang='grc' dir='ltr'><strong>ὡς</strong></span> <span class='ocrx_word' id='word_1_364' title='bbox 1289 2689 1443 2759; x_wconf 80' lang='grc' dir='ltr'>ἰσχὺν</span> <span class='ocrx_word' id='word_1_365' title='bbox 1487 2687 1702 2758; x_wconf 68' lang='grc' dir='ltr'>ἔχοντες</span> <span class='ocrx_word' id='word_1_366' title='bbox 1734 2684 1929 2758; x_wconf 77' lang='grc' dir='ltr'>ἀνδρὸς</span> <span class='ocrx_word' id='word_1_367' title='bbox 1968 2685 2247 2759; x_wconf 87' lang='grc' dir='ltr'>πειρατοῦ.</span> <span class='ocrx_word' id='word_1_368' title='bbox 2298 2686 2424 2751; x_wconf 85' lang='grc' dir='ltr'>Πῶς</span> <span class='ocrx_word' id='word_1_369' title='bbox 2462 2686 2506 2741; x_wconf 84' lang='grc' dir='ltr'>δ’</span> <span class='ocrx_word' id='word_1_370' title='bbox 2530 2685 2596 2741; x_wconf 84' lang='grc' dir='ltr'>ἂν</span> <span class='ocrx_word' id='word_1_371' title='bbox 2652 2687 2747 2740; x_wconf 75' lang='grc' dir='ltr'><strong>καὶ</strong></span> <span class='ocrx_word' id='word_1_372' title='bbox 2783 2686 2941 2742; x_wconf 85' lang='grc' dir='ltr'>τοῦτο</span> <span class='ocrx_word' id='word_1_373' title='bbox 2960 2688 3107 2761; x_wconf 83' lang='grc' dir='ltr'>ἡμᾶς</span> <span class='ocrx_word' id='word_1_374' title='bbox 3130 2688 3368 2742; x_wconf 78' lang='grc' dir='ltr'>συνιέναι</span> <span class='ocrx_word' id='word_1_375' title='bbox 3395 2685 3617 2760; x_wconf 80' lang='grc' dir='ltr'>πρέποι,</span> 
     </span>
    </p>
   </div>
   <div class='ocr_carea' id='block_1_53' title="bbox 348 2777 1768 2861">
    <p class='ocr_par' dir='ltr' id='par_1_53' title="bbox 348 2777 1768 2861">
     <span class='ocr_line' id='line_1_53' title="bbox 348 2777 1768 2861; baseline -0.011 -16"><span class='ocrx_word' id='word_1_376' title='bbox 348 2789 530 2861; x_wconf 76' lang='grc' dir='ltr'>σαφὲς</span> <span class='ocrx_word' id='word_1_377' title='bbox 558 2787 997 2856; x_wconf 80' lang='grc' dir='ltr'>καταστήσομεν,</span> <span class='ocrx_word' id='word_1_378' title='bbox 1032 2783 1100 2836; x_wconf 76' lang='grc' dir='ltr'><strong>τὰ</strong></span> <span class='ocrx_word' id='word_1_379' title='bbox 1125 2780 1322 2849; x_wconf 72' lang='grc' dir='ltr'>ἐφεξῆς</span> <span class='ocrx_word' id='word_1_380' title='bbox 1352 2777 1768 2850; x_wconf 76' lang='grc' dir='ltr'>ἑρμηνεύοντες.</span> 
     </span>
    </p>
   </div>
   <div class='ocr_carea' id='block_1_54' title="bbox 422 2870 1931 2949">
    <p class='ocr_par' dir='ltr' id='par_1_54' title="bbox 422 2870 1931 2949">
     <span class='ocr_line' id='line_1_54' title="bbox 422 2870 1931 2949; baseline -0.008 -14"><span class='ocrx_word' id='word_1_381' title='bbox 422 2870 741 2949; x_wconf 69' lang='grc' dir='ltr'>Ἕκρυψὶιν</span> <span class='ocrx_word' id='word_1_382' title='bbox 774 2876 949 2946; x_wconf 81' lang='grc' dir='ltr'>ιερεῖς</span> <span class='ocrx_word' id='word_1_383' title='bbox 994 2875 1158 2941; x_wconf 77' lang='grc' dir='ltr'>ὁδὸν,</span> <span class='ocrx_word' id='word_1_384' title='bbox 1198 2873 1544 2944; x_wconf 70' lang='grc' dir='ltr'><strong>ἐφόνευσαν</strong></span> <span class='ocrx_word' id='word_1_385' title='bbox 1580 2874 1814 2941; x_wconf 82' lang='grc' dir='ltr'>Σίκιμα,</span> <span class='ocrx_word' id='word_1_386' title='bbox 1840 2870 1931 2924; x_wconf 81' lang='grc' dir='ltr'>ὅτι</span> 
     </span>
    </p>
   </div>
   <div class='ocr_carea' id='block_1_55' title="bbox 342 2959 1929 3046">
    <p class='ocr_par' dir='ltr' id='par_1_55' title="bbox 342 2959 1929 3046">
     <span class='ocr_line' id='line_1_55' title="bbox 342 2959 1929 3046; baseline -0.009 -14"><span class='ocrx_word' id='word_1_387' title='bbox 342 2976 617 3046; x_wconf 78' lang='grc' dir='ltr'><strong>ἀνομίαν</strong></span> <span class='ocrx_word' id='word_1_388' title='bbox 653 2972 953 3039; x_wconf 73' lang='grc' dir='ltr'>ἐποίησαν</span> <span class='ocrx_word' id='word_1_389' title='bbox 990 2970 1062 3023; x_wconf 83' lang='grc' dir='ltr'>ἐν</span> <span class='ocrx_word' id='word_1_390' title='bbox 1090 2966 1172 3034; x_wconf 81' lang='grc' dir='ltr'>τῷ</span> <span class='ocrx_word' id='word_1_391' title='bbox 1216 2967 1362 3032; x_wconf 76' lang='grc' dir='ltr'>οἴκῳ</span> <span class='ocrx_word' id='word_1_392' title='bbox 1394 2966 1499 3020; x_wconf 84' lang='grc' dir='ltr'><strong>τοῦ</strong></span> <span class='ocrx_word' id='word_1_393' title='bbox 1540 2963 1796 3033; x_wconf 75' lang='grc' dir='ltr'>Ἰσραήλ.</span> <span class='ocrx_word' id='word_1_394' title='bbox 1827 2959 1929 3017; x_wconf 82' lang='grc' dir='ltr'><strong>Εἷ-</strong></span> 
     </span>
    </p>
   </div>
   <div class='ocr_carea' id='block_1_56' title="bbox 338 3054 1928 3137">
    <p class='ocr_par' dir='ltr' id='par_1_56' title="bbox 338 3054 1928 3137">
     <span class='ocr_line' id='line_1_56' title="bbox 338 3054 1928 3137; baseline -0.01 -13"><span class='ocrx_word' id='word_1_395' title='bbox 338 3070 458 3124; x_wconf 78' lang='grc' dir='ltr'>ὄον</span> <span class='ocrx_word' id='word_1_396' title='bbox 481 3063 752 3137; x_wconf 76' lang='grc' dir='ltr'><strong>φρικώδη</strong></span> <span class='ocrx_word' id='word_1_397' title='bbox 781 3061 925 3125; x_wconf 80' lang='grc' dir='ltr'>ἐκεῖ,</span> <span class='ocrx_word' id='word_1_398' title='bbox 943 3059 1230 3129; x_wconf 77' lang='grc' dir='ltr'>πορνείαν</span> <span class='ocrx_word' id='word_1_399' title='bbox 1256 3058 1363 3113; x_wconf 80' lang='grc' dir='ltr'><strong>τοῦ</strong></span> <span class='ocrx_word' id='word_1_400' title='bbox 1395 3057 1657 3128; x_wconf 66' lang='grc' dir='ltr'>Ἐςοραῒμ,</span> <span class='ocrx_word' id='word_1_401' title='bbox 1679 3054 1928 3125; x_wconf 77' lang='grc' dir='ltr'><strong>ἐμιάνθη</strong></span> 
     </span>
    </p>
   </div>
   <div class='ocr_carea' id='block_1_57' title="bbox 355 3151 984 3226">
    <p class='ocr_par' dir='ltr' id='par_1_57' title="bbox 355 3151 984 3226">
     <span class='ocr_line' id='line_1_57' title="bbox 355 3151 984 3226; baseline -0.016 -12"><span class='ocrx_word' id='word_1_402' title='bbox 355 3155 605 3226; x_wconf 72' lang='grc' dir='ltr'>Ἰσραὴλ</span> <span class='ocrx_word' id='word_1_403' title='bbox 628 3154 730 3209; x_wconf 85' lang='grc' dir='ltr'><strong>καί</strong></span> <span class='ocrx_word' id='word_1_404' title='bbox 771 3151 984 3206; x_wconf 81' lang='grc' dir='ltr'>Ἰούδα.</span> 
     </span>
    </p>
   </div>
   <div class='ocr_carea' id='block_1_58' title="bbox 415 3237 1928 3315">
    <p class='ocr_par' dir='ltr' id='par_1_58' title="bbox 415 3237 1928 3315">
     <span class='ocr_line' id='line_1_58' title="bbox 415 3237 1928 3315; baseline -0.011 -11"><span class='ocrx_word' id='word_1_405' title='bbox 415 3248 546 3303; x_wconf 73' lang='lat' dir='ltr'><strong>Eﬂ&#39;.</strong></span> <span class='ocrx_word' id='word_1_406' title='bbox 586 3244 858 3315; x_wconf 86' lang='grc' dir='ltr'>Ἰστοριῶν</span> <span class='ocrx_word' id='word_1_407' title='bbox 885 3242 999 3297; x_wconf 76' lang='grc' dir='ltr'>ἐσθ’</span> <span class='ocrx_word' id='word_1_408' title='bbox 1027 3242 1119 3295; x_wconf 76' lang='grc' dir='ltr'>ὅτε</span> <span class='ocrx_word' id='word_1_409' title='bbox 1163 3241 1326 3295; x_wconf 87' lang='grc' dir='ltr'>τινῶν</span> <span class='ocrx_word' id='word_1_410' title='bbox 1361 3243 1391 3293; x_wconf 81' lang='grc' dir='ltr'>ὁ</span> <span class='ocrx_word' id='word_1_411' title='bbox 1437 3238 1547 3293; x_wconf 84' lang='grc' dir='ltr'><strong>τῶν</strong></span> <span class='ocrx_word' id='word_1_412' title='bbox 1591 3237 1762 3307; x_wconf 84' lang='grc' dir='ltr'>ἁγίων</span> <span class='ocrx_word' id='word_1_413' title='bbox 1802 3254 1928 3310; x_wconf 87' lang='grc' dir='ltr'>προ-</span> 
     </span>
    </p>
   </div>
   <div class='ocr_carea' id='block_1_59' title="bbox 349 3324 1935 3410">
    <p class='ocr_par' dir='ltr' id='par_1_59' title="bbox 349 3324 1935 3410">
     <span class='ocr_line' id='line_1_59' title="bbox 349 3324 1935 3410; baseline -0.009 -17"><span class='ocrx_word' id='word_1_414' title='bbox 349 3338 542 3410; x_wconf 78' lang='grc' dir='ltr'>φητῶν</span> <span class='ocrx_word' id='word_1_415' title='bbox 579 3335 943 3406; x_wconf 76' lang='grc' dir='ltr'>διαμέμνηται</span> <span class='ocrx_word' id='word_1_416' title='bbox 982 3331 1169 3401; x_wconf 85' lang='grc' dir='ltr'>λόγος,</span> <span class='ocrx_word' id='word_1_417' title='bbox 1202 3331 1268 3395; x_wconf 76' lang='grc' dir='ltr'>ἃς</span> <span class='ocrx_word' id='word_1_418' title='bbox 1296 3329 1459 3401; x_wconf 81' lang='grc' dir='ltr'>εἴπερ</span> <span class='ocrx_word' id='word_1_419' title='bbox 1482 3345 1566 3391; x_wconf 90' lang='grc' dir='ltr'><strong>τις</strong></span> <span class='ocrx_word' id='word_1_420' title='bbox 1595 3324 1769 3381; x_wconf 81' lang='grc' dir='ltr'>ἒλοιτο</span> <span class='ocrx_word' id='word_1_421' title='bbox 1803 3344 1935 3381; x_wconf 89' lang='grc' dir='ltr'>σιω-</span> 
     </span>
    </p>
   </div>
   <div class='ocr_carea' id='block_1_60' title="bbox 359 3419 1936 3499">
    <p class='ocr_par' dir='ltr' id='par_1_60' title="bbox 359 3419 1936 3499">
     <span class='ocr_line' id='line_1_60' title="bbox 359 3419 1936 3499; baseline -0.006 -18"><span class='ocrx_word' id='word_1_422' title='bbox 359 3432 493 3499; x_wconf 70' lang='grc' dir='ltr'>πᾷν,</span> <span class='ocrx_word' id='word_1_423' title='bbox 534 3428 641 3482; x_wconf 75' lang='grc' dir='ltr'>οὐδ’</span> <span class='ocrx_word' id='word_1_424' title='bbox 668 3427 732 3483; x_wconf 74' lang='grc' dir='ltr'>ἂν</span> <span class='ocrx_word' id='word_1_425' title='bbox 780 3426 998 3481; x_wconf 87' lang='grc' dir='ltr'>δύναιτο</span> <span class='ocrx_word' id='word_1_426' title='bbox 1028 3423 1352 3496; x_wconf 85' lang='grc' dir='ltr'>διατρανοῦν</span> <span class='ocrx_word' id='word_1_427' title='bbox 1380 3421 1489 3475; x_wconf 85' lang='grc' dir='ltr'><strong>τῶν</strong></span> <span class='ocrx_word' id='word_1_428' title='bbox 1513 3420 1818 3493; x_wconf 78' lang='grc' dir='ltr'>εἰρημένων</span> <span class='ocrx_word' id='word_1_429' title='bbox 1845 3419 1936 3473; x_wconf 82' lang='grc' dir='ltr'><strong>τὸν</strong></span> 
     </span>
    </p>
   </div>
   <div class='ocr_carea' id='block_1_61' title="bbox 359 3509 1935 3591">
    <p class='ocr_par' dir='ltr' id='par_1_61' title="bbox 359 3509 1935 3591">
     <span class='ocr_line' id='line_1_61' title="bbox 359 3509 1935 3591; baseline -0.006 -18"><span class='ocrx_word' id='word_1_430' title='bbox 359 3518 507 3574; x_wconf 84' lang='grc' dir='ltr'>νοῦν.</span> <span class='ocrx_word' id='word_1_431' title='bbox 551 3520 668 3591; x_wconf 78' lang='grc' dir='ltr'>Χρὴ</span> <span class='ocrx_word' id='word_1_432' title='bbox 712 3517 1001 3589; x_wconf 82' lang='grc' dir='ltr'>τοιγαροῦν</span> <span class='ocrx_word' id='word_1_433' title='bbox 1040 3519 1199 3571; x_wconf 76' lang='grc' dir='ltr'>ϐκνου</span> <span class='ocrx_word' id='word_1_434' title='bbox 1267 3514 1370 3586; x_wconf 82' lang='grc' dir='ltr'>μὲν</span> <span class='ocrx_word' id='word_1_435' title='bbox 1427 3509 1569 3567; x_wconf 87' lang='grc' dir='ltr'>εἶναι</span> <span class='ocrx_word' id='word_1_436' title='bbox 1621 3512 1935 3583; x_wconf 83' lang='grc' dir='ltr'>κρείττονας</span> 
     </span>
    </p>
   </div>
   <div class='ocr_carea' id='block_1_62' title="bbox 360 3604 1934 3680">
    <p class='ocr_par' dir='ltr' id='par_1_62' title="bbox 360 3604 1934 3680">
     <span class='ocr_line' id='line_1_62' title="bbox 360 3604 1934 3680; baseline -0.007 -15"><span class='ocrx_word' id='word_1_437' title='bbox 360 3614 490 3676; x_wconf 83' lang='grc' dir='ltr'>τοὺς</span> <span class='ocrx_word' id='word_1_438' title='bbox 515 3612 584 3668; x_wconf 82' lang='grc' dir='ltr'>τὰ</span> <span class='ocrx_word' id='word_1_439' title='bbox 615 3611 791 3667; x_wconf 82' lang='grc' dir='ltr'>τοιάδε</span> <span class='ocrx_word' id='word_1_440' title='bbox 832 3609 1018 3680; x_wconf 80' lang='grc' dir='ltr'>σαφῶς</span> <span class='ocrx_word' id='word_1_441' title='bbox 1058 3606 1437 3680; x_wconf 73' lang='grc' dir='ltr'>διερμηνεύειν</span> <span class='ocrx_word' id='word_1_442' title='bbox 1462 3604 1768 3667; x_wconf 75' lang='grc' dir='ltr'>ἐθέλοντας,</span> <span class='ocrx_word' id='word_1_443' title='bbox 1797 3619 1934 3656; x_wconf 88' lang='grc' dir='ltr'>παν-</span> 
     </span>
    </p>
   </div>
   <div class='ocr_carea' id='block_1_63' title="bbox 354 3695 1936 3777">
    <p class='ocr_par' dir='ltr' id='par_1_63' title="bbox 354 3695 1936 3777">
     <span class='ocr_line' id='line_1_63' title="bbox 354 3695 1936 3777; baseline -0.007 -19"><span class='ocrx_word' id='word_1_444' title='bbox 354 3704 579 3775; x_wconf 87' lang='grc' dir='ltr'>ταχόθεν</span> <span class='ocrx_word' id='word_1_445' title='bbox 620 3703 678 3757; x_wconf 80' lang='grc' dir='ltr'>δὲ</span> <span class='ocrx_word' id='word_1_446' title='bbox 725 3705 837 3766; x_wconf 88' lang='grc' dir='ltr'>τοῖς</span> <span class='ocrx_word' id='word_1_447' title='bbox 877 3701 1248 3774; x_wconf 77' lang='grc' dir='ltr'>ἀκροωμένοις</span> <span class='ocrx_word' id='word_1_448' title='bbox 1284 3698 1348 3751; x_wconf 86' lang='grc' dir='ltr'>τὸ</span> <span class='ocrx_word' id='word_1_449' title='bbox 1379 3696 1570 3751; x_wconf 88' lang='grc' dir='ltr'>τελοῦν</span> <span class='ocrx_word' id='word_1_450' title='bbox 1622 3697 1704 3759; x_wconf 82' lang='grc' dir='ltr'><strong>εἰς</strong></span> <span class='ocrx_word' id='word_1_451' title='bbox 1750 3695 1936 3777; x_wconf 68' lang='grc' dir='ltr'>ϐνησιν</span> 
     </span>
    </p>
   </div>
   <div class='ocr_carea' id='block_1_64' title="bbox 309 3784 1935 3865">
    <p class='ocr_par' dir='ltr' id='par_1_64' title="bbox 309 3784 1935 3865">
     <span class='ocr_line' id='line_1_64' title="bbox 309 3784 1935 3865; baseline -0.004 -22"><span class='ocrx_word' id='word_1_452' title='bbox 309 3835 320 3843; x_wconf 91' lang='grc'><strong>.</strong></span> <span class='ocrx_word' id='word_1_453' title='bbox 344 3792 744 3865; x_wconf 71' lang='grc' dir='ltr'><strong>ἐξεργάζεσθαι</strong></span> <span class='ocrx_word' id='word_1_454' title='bbox 779 3790 972 3860; x_wconf 79' lang='grc' dir='ltr'><strong>φιλεῖν.</strong></span> <span class='ocrx_word' id='word_1_455' title='bbox 1005 3791 1274 3863; x_wconf 80' lang='grc' dir='ltr'>Ταύτῃτοι</span> <span class='ocrx_word' id='word_1_456' title='bbox 1313 3788 1408 3842; x_wconf 84' lang='grc' dir='ltr'><strong>καὶ</strong></span> <span class='ocrx_word' id='word_1_457' title='bbox 1434 3786 1529 3841; x_wconf 86' lang='grc' dir='ltr'><strong>νῦν</strong></span> <span class='ocrx_word' id='word_1_458' title='bbox 1557 3785 1651 3841; x_wconf 75' lang='grc' dir='ltr'>ὲπί</span> <span class='ocrx_word' id='word_1_459' title='bbox 1674 3803 1727 3839; x_wconf 88' lang='grc' dir='ltr'><strong>τι</strong></span> <span class='ocrx_word' id='word_1_460' title='bbox 1755 3784 1935 3839; x_wconf 84' lang='grc' dir='ltr'>τοιοῦ-</span> 
     </span>
    </p>
   </div>
   <div class='ocr_carea' id='block_1_65' title="bbox 338 3876 1935 3956">
    <p class='ocr_par' dir='ltr' id='par_1_65' title="bbox 338 3876 1935 3956">
     <span class='ocr_line' id='line_1_65' title="bbox 338 3876 1935 3956; baseline -0.006 -18"><span class='ocrx_word' id='word_1_461' title='bbox 338 3901 437 3938; x_wconf 88' lang='grc' dir='ltr'><strong>τον</strong></span> <span class='ocrx_word' id='word_1_462' title='bbox 460 3886 691 3956; x_wconf 79' lang='grc' dir='ltr'>ἥξομεν.</span> <span class='ocrx_word' id='word_1_463' title='bbox 715 3883 914 3954; x_wconf 82' lang='grc' dir='ltr'>Σίκιμα</span> <span class='ocrx_word' id='word_1_464' title='bbox 932 3882 1107 3936; x_wconf 83' lang='grc' dir='ltr'>τοίνυν</span> <span class='ocrx_word' id='word_1_465' title='bbox 1135 3880 1361 3951; x_wconf 80' lang='grc' dir='ltr'>πολίχνη</span> <span class='ocrx_word' id='word_1_466' title='bbox 1390 3879 1475 3943; x_wconf 91' lang='grc' dir='ltr'><strong>τίς</strong></span> <span class='ocrx_word' id='word_1_467' title='bbox 1507 3881 1657 3932; x_wconf 73' lang='grc' dir='ltr'>ἐστιν</span> <span class='ocrx_word' id='word_1_468' title='bbox 1677 3876 1935 3933; x_wconf 77' lang='grc' dir='ltr'>ἐπέκεινα</span> 
     </span>
    </p>
   </div>
   <div class='ocr_carea' id='block_1_66' title="bbox 335 3967 1932 4046">
    <p class='ocr_par' dir='ltr' id='par_1_66' title="bbox 335 3967 1932 4046">
     <span class='ocr_line' id='line_1_66' title="bbox 335 3967 1932 4046; baseline -0.006 -16"><span class='ocrx_word' id='word_1_469' title='bbox 335 3976 452 4030; x_wconf 86' lang='grc' dir='ltr'><strong>τῶν</strong></span> <span class='ocrx_word' id='word_1_470' title='bbox 488 3976 758 4046; x_wconf 88' lang='grc' dir='ltr'>Ἰορδάνου</span> <span class='ocrx_word' id='word_1_471' title='bbox 812 3975 1069 4044; x_wconf 81' lang='grc' dir='ltr'>ναμάτων</span> <span class='ocrx_word' id='word_1_472' title='bbox 1105 3991 1164 4025; x_wconf 86' lang='grc' dir='ltr'><strong>τε</strong></span> <span class='ocrx_word' id='word_1_473' title='bbox 1208 3974 1304 4027; x_wconf 66' lang='grc' dir='ltr'>καὶ</span> <span class='ocrx_word' id='word_1_474' title='bbox 1346 3973 1545 4042; x_wconf 86' lang='grc' dir='ltr'>ὅμορος</span> <span class='ocrx_word' id='word_1_475' title='bbox 1588 3972 1657 4040; x_wconf 81' lang='grc' dir='ltr'>τῇ</span> <span class='ocrx_word' id='word_1_476' title='bbox 1700 3967 1932 4037; x_wconf 76' lang='grc' dir='ltr'>Γαλαᾲδ,</span> 
     </span>
    </p>
   </div>
   <div class='ocr_carea' id='block_1_67' title="bbox 336 4058 1932 4136">
    <p class='ocr_par' dir='ltr' id='par_1_67' title="bbox 336 4058 1932 4136">
     <span class='ocr_line' id='line_1_67' title="bbox 336 4058 1932 4136; baseline -0.006 -16"><span class='ocrx_word' id='word_1_477' title='bbox 336 4069 410 4136; x_wconf 75' lang='grc' dir='ltr'>ἢν</span> <span class='ocrx_word' id='word_1_478' title='bbox 440 4069 566 4129; x_wconf 89' lang='grc' dir='ltr'>τοῖς</span> <span class='ocrx_word' id='word_1_479' title='bbox 613 4065 672 4132; x_wconf 74' lang='grc' dir='ltr'><strong>ἐξ</strong></span> <span class='ocrx_word' id='word_1_480' title='bbox 709 4065 942 4135; x_wconf 81' lang='grc' dir='ltr'>αἵματος</span> <span class='ocrx_word' id='word_1_481' title='bbox 969 4063 1064 4116; x_wconf 83' lang='grc' dir='ltr'><strong>τοῦ</strong></span> <span class='ocrx_word' id='word_1_482' title='bbox 1114 4062 1247 4116; x_wconf 67' lang='lat' dir='ltr'><strong>Acut</strong></span> <span class='ocrx_word' id='word_1_483' title='bbox 1291 4062 1532 4115; x_wconf 81' lang='grc' dir='ltr'>δεδόσθαι</span> <span class='ocrx_word' id='word_1_484' title='bbox 1578 4058 1932 4131; x_wconf 81' lang='grc' dir='ltr'>προείπομεν,</span> 
     </span>
    </p>
   </div>
   <div class='ocr_carea' id='block_1_68' title="bbox 335 4148 1930 4225">
    <p class='ocr_par' dir='ltr' id='par_1_68' title="bbox 335 4148 1930 4225">
     <span class='ocr_line' id='line_1_68' title="bbox 335 4148 1930 4225; baseline -0.004 -16"><span class='ocrx_word' id='word_1_485' title='bbox 335 4156 704 4225; x_wconf 73' lang='grc' dir='ltr'>διανέμοντος</span> <span class='ocrx_word' id='word_1_486' title='bbox 728 4155 828 4224; x_wconf 75' lang='grc' dir='ltr'>τῆς</span> <span class='ocrx_word' id='word_1_487' title='bbox 850 4152 1181 4222; x_wconf 76' lang='grc' dir='ltr'>ἐπαγγελίας</span> <span class='ocrx_word' id='word_1_488' title='bbox 1203 4152 1301 4222; x_wconf 77' lang='grc' dir='ltr'>τὴν</span> <span class='ocrx_word' id='word_1_489' title='bbox 1318 4154 1421 4223; x_wconf 82' lang='grc' dir='ltr'><strong>γῆν</strong></span> <span class='ocrx_word' id='word_1_490' title='bbox 1435 4149 1611 4224; x_wconf 80' lang='grc' dir='ltr'>Ἰησοῦ</span> <span class='ocrx_word' id='word_1_491' title='bbox 1631 4149 1726 4203; x_wconf 88' lang='grc' dir='ltr'><strong>τοῦ</strong></span> <span class='ocrx_word' id='word_1_492' title='bbox 1752 4148 1930 4219; x_wconf 79' lang='grc' dir='ltr'>Ναυῆ.</span> 
     </span>
    </p>
   </div>
   <div class='ocr_carea' id='block_1_69' title="bbox 337 4239 1934 4317">
    <p class='ocr_par' dir='ltr' id='par_1_69' title="bbox 337 4239 1934 4317">
     <span class='ocr_line' id='line_1_69' title="bbox 337 4239 1934 4317; baseline -0.003 -18"><span class='ocrx_word' id='word_1_493' title='bbox 337 4245 686 4317; x_wconf 81' lang='grc' dir='ltr'>Συμϐἐϐηκε</span> <span class='ocrx_word' id='word_1_494' title='bbox 732 4245 933 4308; x_wconf 87' lang='grc' dir='ltr'>τοίνυν,</span> <span class='ocrx_word' id='word_1_495' title='bbox 977 4244 1172 4314; x_wconf 79' lang='grc' dir='ltr'>ἑορτῆς</span> <span class='ocrx_word' id='word_1_496' title='bbox 1201 4242 1370 4313; x_wconf 75' lang='grc' dir='ltr'>οὔσης</span> <span class='ocrx_word' id='word_1_497' title='bbox 1421 4242 1603 4311; x_wconf 86' lang='grc' dir='ltr'>ἁγίας,</span> <span class='ocrx_word' id='word_1_498' title='bbox 1650 4240 1750 4311; x_wconf 79' lang='grc' dir='ltr'>τῆς</span> <span class='ocrx_word' id='word_1_499' title='bbox 1794 4239 1934 4294; x_wconf 83' lang='grc' dir='ltr'>κατὰ</span> 
     </span>
    </p>
   </div>
   <div class='ocr_carea' id='block_1_70' title="bbox 334 4330 1932 4411">
    <p class='ocr_par' dir='ltr' id='par_1_70' title="bbox 334 4330 1932 4411">
     <span class='ocr_line' id='line_1_70' title="bbox 334 4330 1932 4411; baseline -0.006 -18"><span class='ocrx_word' id='word_1_500' title='bbox 334 4340 519 4411; x_wconf 84' lang='grc' dir='ltr'>νόμον</span> <span class='ocrx_word' id='word_1_501' title='bbox 579 4336 976 4407; x_wconf 85' lang='grc' dir='ltr'>σκηνοπηγίας,</span> <span class='ocrx_word' id='word_1_502' title='bbox 1016 4336 1178 4407; x_wconf 80' lang='grc' dir='ltr'>φημὶ,</span> <span class='ocrx_word' id='word_1_503' title='bbox 1224 4336 1315 4388; x_wconf 84' lang='grc' dir='ltr'>ὅτε</span> <span class='ocrx_word' id='word_1_504' title='bbox 1353 4334 1563 4397; x_wconf 87' lang='grc' dir='ltr'>πάντας</span> <span class='ocrx_word' id='word_1_505' title='bbox 1590 4330 1932 4403; x_wconf 84' lang='grc' dir='ltr'>πανταχόθεν</span> 
     </span>
    </p>
   </div>
   <div class='ocr_carea' id='block_1_71' title="bbox 326 4423 1931 4501">
    <p class='ocr_par' dir='ltr' id='par_1_71' title="bbox 326 4423 1931 4501">
     <span class='ocr_line' id='line_1_71' title="bbox 326 4423 1931 4501; baseline -0.006 -14"><span class='ocrx_word' id='word_1_506' title='bbox 326 4430 669 4487; x_wconf 80' lang='grc' dir='ltr'>ἀναϐαίνειν</span> <span class='ocrx_word' id='word_1_507' title='bbox 701 4426 769 4501; x_wconf 81' lang='grc' dir='ltr'>ἦν</span> <span class='ocrx_word' id='word_1_508' title='bbox 807 4428 929 4492; x_wconf 71' lang='grc' dir='ltr'>ἔθος</span> <span class='ocrx_word' id='word_1_509' title='bbox 970 4430 1053 4492; x_wconf 84' lang='grc' dir='ltr'><strong>εἰς</strong></span> <span class='ocrx_word' id='word_1_510' title='bbox 1094 4427 1474 4499; x_wconf 85' lang='grc' dir='ltr'>Ἱεροσόλυμα,</span> <span class='ocrx_word' id='word_1_511' title='bbox 1522 4426 1613 4480; x_wconf 81' lang='grc' dir='ltr'><strong>καὶ</strong></span> <span class='ocrx_word' id='word_1_512' title='bbox 1643 4424 1802 4480; x_wconf 88' lang='grc' dir='ltr'>τοῦτο</span> <span class='ocrx_word' id='word_1_513' title='bbox 1836 4423 1931 4479; x_wconf 89' lang='grc' dir='ltr'><strong>τοῦ</strong></span> 
     </span>
    </p>
   </div>
   <div class='ocr_carea' id='block_1_72' title="bbox 2110 2867 3619 2942">
    <p class='ocr_par' dir='ltr' id='par_1_72' title="bbox 2110 2867 3619 2942">
     <span class='ocr_line' id='line_1_72' title="bbox 2110 2867 3619 2942; baseline 0.004 -19"><span class='ocrx_word' id='word_1_514' title='bbox 2110 2869 2277 2925; x_wconf 76' lang='lat' dir='ltr'><strong>Vens.</strong></span> <span class='ocrx_word' id='word_1_515' title='bbox 2303 2867 2359 2935; x_wconf 88' lang='lat'><strong>9,</strong></span> <span class='ocrx_word' id='word_1_516' title='bbox 2391 2868 2475 2923; x_wconf 77' lang='grc'>10.</span> <span class='ocrx_word' id='word_1_517' title='bbox 2513 2868 2908 2924; x_wconf 75' lang='lat' dir='ltr'><strong>Absconderunl</strong></span> <span class='ocrx_word' id='word_1_518' title='bbox 2932 2869 3229 2927; x_wconf 73' lang='lat' dir='ltr'><strong>sacerdotes</strong></span> <span class='ocrx_word' id='word_1_519' title='bbox 3264 2872 3425 2942; x_wconf 76' lang='lat' dir='ltr'><strong>uiam,</strong></span> <span class='ocrx_word' id='word_1_520' title='bbox 3452 2875 3619 2932; x_wconf 74' lang='lat' dir='ltr'><strong>inur-</strong></span> 
     </span>
    </p>
   </div>
   <div class='ocr_carea' id='block_1_73' title="bbox 2035 2959 3620 3032">
    <p class='ocr_par' dir='ltr' id='par_1_73' title="bbox 2035 2959 3620 3032">
     <span class='ocr_line' id='line_1_73' title="bbox 2035 2959 3620 3032; baseline 0.004 -17"><span class='ocrx_word' id='word_1_521' title='bbox 2035 2962 2269 3031; x_wconf 77' lang='lat' dir='ltr'><strong>fecerunt</strong></span> <span class='ocrx_word' id='word_1_522' title='bbox 2301 2959 2557 3023; x_wconf 77' lang='lat' dir='ltr'><strong>Sichima,</strong></span> <span class='ocrx_word' id='word_1_523' title='bbox 2586 2960 2714 3031; x_wconf 77' lang='lat' dir='ltr'><strong>quia</strong></span> <span class='ocrx_word' id='word_1_524' title='bbox 2744 2960 3078 3030; x_wconf 74' lang='lat' dir='ltr'><strong>iniquitatem</strong></span> <span class='ocrx_word' id='word_1_525' title='bbox 3107 2962 3343 3032; x_wconf 74' lang='lat' dir='ltr'><strong>fecerunt</strong></span> <span class='ocrx_word' id='word_1_526' title='bbox 3379 2966 3435 3018; x_wconf 82' lang='lat' dir='ltr'><strong>in</strong></span> <span class='ocrx_word' id='word_1_527' title='bbox 3464 2967 3620 3022; x_wconf 85' lang='lat' dir='ltr'><strong>domo</strong></span> 
     </span>
    </p>
   </div>
   <div class='ocr_carea' id='block_1_74' title="bbox 2036 3050 3619 3127">
    <p class='ocr_par' dir='ltr' id='par_1_74' title="bbox 2036 3050 3619 3127">
     <span class='ocr_line' id='line_1_74' title="bbox 2036 3050 3619 3127; baseline 0.004 -20"><span class='ocrx_word' id='word_1_528' title='bbox 2036 3052 2227 3107; x_wconf 80' lang='lat' dir='ltr'><strong>Israel.</strong></span> <span class='ocrx_word' id='word_1_529' title='bbox 2269 3050 2393 3106; x_wconf 85' lang='lat' dir='ltr'><strong>Vidi</strong></span> <span class='ocrx_word' id='word_1_530' title='bbox 2444 3051 2721 3105; x_wconf 80' lang='lat' dir='ltr'><strong>horribilia</strong></span> <span class='ocrx_word' id='word_1_531' title='bbox 2757 3052 2849 3120; x_wconf 82' lang='lat' dir='ltr'><strong>ibi,</strong></span> <span class='ocrx_word' id='word_1_532' title='bbox 2886 3052 3290 3121; x_wconf 77' lang='lat' dir='ltr'><strong>fornicationem</strong></span> <span class='ocrx_word' id='word_1_533' title='bbox 3323 3053 3577 3127; x_wconf 78' lang='lat' dir='ltr'><strong>Ephraim</strong></span> <span class='ocrx_word' id='word_1_534' title='bbox 3599 3074 3619 3113; x_wconf 92' lang='lat'><strong><em>:</em></strong></span> 
     </span>
    </p>
   </div>
   <div class='ocr_carea' id='block_1_75' title="bbox 2039 3137 3071 3207">
    <p class='ocr_par' dir='ltr' id='par_1_75' title="bbox 2039 3137 3071 3207">
     <span class='ocr_line' id='line_1_75' title="bbox 2039 3137 3071 3207; baseline 0.004 -14"><span class='ocrx_word' id='word_1_535' title='bbox 2039 3142 2434 3195; x_wconf 75' lang='lat' dir='ltr'><strong>contaminatus</strong></span> <span class='ocrx_word' id='word_1_536' title='bbox 2460 3150 2539 3195; x_wconf 81' lang='lat' dir='ltr'><strong>est</strong></span> <span class='ocrx_word' id='word_1_537' title='bbox 2579 3137 2775 3207; x_wconf 78' lang='lat' dir='ltr'><strong>Israel,</strong></span> <span class='ocrx_word' id='word_1_538' title='bbox 2803 3150 2851 3196; x_wconf 80' lang='lat' dir='ltr'><strong>et</strong></span> <span class='ocrx_word' id='word_1_539' title='bbox 2873 3140 3071 3197; x_wconf 74' lang='lat' dir='ltr'><strong>ludas.</strong></span> 
     </span>
    </p>
   </div>
   <div class='ocr_carea' id='block_1_76' title="bbox 2107 3229 3616 3307">
    <p class='ocr_par' dir='ltr' id='par_1_76' title="bbox 2107 3229 3616 3307">
     <span class='ocr_line' id='line_1_76' title="bbox 2107 3229 3616 3307; baseline 0.005 -21"><span class='ocrx_word' id='word_1_540' title='bbox 2107 3229 2339 3288; x_wconf 80' lang='lat' dir='ltr'><strong>LXVIII.</strong></span> <span class='ocrx_word' id='word_1_541' title='bbox 2397 3231 2796 3302; x_wconf 79' lang='lat' dir='ltr'><strong>Nonnunquam</strong></span> <span class='ocrx_word' id='word_1_542' title='bbox 2838 3234 3190 3291; x_wconf 79' lang='lat' dir='ltr'><strong>historiarum</strong></span> <span class='ocrx_word' id='word_1_543' title='bbox 3256 3240 3616 3307; x_wconf 84' lang='lat' dir='ltr'><strong>quarumdam</strong></span> 
     </span>
    </p>
   </div>
   <div class='ocr_carea' id='block_1_77' title="bbox 2039 3317 3619 3398">
    <p class='ocr_par' dir='ltr' id='par_1_77' title="bbox 2039 3317 3619 3398">
     <span class='ocr_line' id='line_1_77' title="bbox 2039 3317 3619 3398; baseline 0.007 -24"><span class='ocrx_word' id='word_1_544' title='bbox 2039 3321 2290 3375; x_wconf 87' lang='lat' dir='ltr'><strong>meminit</strong></span> <span class='ocrx_word' id='word_1_545' title='bbox 2318 3322 2671 3393; x_wconf 85' lang='lat' dir='ltr'><strong>propheticus</strong></span> <span class='ocrx_word' id='word_1_546' title='bbox 2700 3317 3067 3393; x_wconf 62' lang='lat' dir='ltr'><strong>sermo,&#39;quas</strong></span> <span class='ocrx_word' id='word_1_547' title='bbox 3097 3326 3143 3381; x_wconf 88' lang='lat' dir='ltr'><strong>si</strong></span> <span class='ocrx_word' id='word_1_548' title='bbox 3180 3330 3306 3398; x_wconf 83' lang='lat' dir='ltr'><strong>quis</strong></span> <span class='ocrx_word' id='word_1_549' title='bbox 3340 3332 3619 3398; x_wconf 74' lang='lat' dir='ltr'><strong>przcterire</strong></span> 
     </span>
    </p>
   </div>
   <div class='ocr_carea' id='block_1_78' title="bbox 2038 3414 3619 3489">
    <p class='ocr_par' dir='ltr' id='par_1_78' title="bbox 2038 3414 3619 3489">
     <span class='ocr_line' id='line_1_78' title="bbox 2038 3414 3619 3489; baseline 0.008 -22"><span class='ocrx_word' id='word_1_550' title='bbox 2038 3414 2293 3482; x_wconf 87' lang='lat' dir='ltr'><strong>voluerit,</strong></span> <span class='ocrx_word' id='word_1_551' title='bbox 2338 3416 2633 3472; x_wconf 82' lang='lat' dir='ltr'><strong>verborum</strong></span> <span class='ocrx_word' id='word_1_552' title='bbox 2682 3420 3080 3489; x_wconf 84' lang='lat' dir='ltr'><strong>propositorum</strong></span> <span class='ocrx_word' id='word_1_553' title='bbox 3116 3424 3443 3479; x_wconf 85' lang='lat' dir='ltr'><strong>sententiam</strong></span> <span class='ocrx_word' id='word_1_554' title='bbox 3487 3443 3619 3481; x_wconf 84' lang='lat' dir='ltr'><strong>enu-</strong></span> 
     </span>
    </p>
   </div>
   <div class='ocr_carea' id='block_1_79' title="bbox 2038 3506 3616 3584">
    <p class='ocr_par' dir='ltr' id='par_1_79' title="bbox 2038 3506 3616 3584">
     <span class='ocr_line' id='line_1_79' title="bbox 2038 3506 3616 3584; baseline 0.007 -24"><span class='ocrx_word' id='word_1_555' title='bbox 2038 3506 2217 3562; x_wconf 88' lang='lat' dir='ltr'><strong>cleare</strong></span> <span class='ocrx_word' id='word_1_556' title='bbox 2244 3522 2353 3563; x_wconf 91' lang='lat' dir='ltr'><strong>non</strong></span> <span class='ocrx_word' id='word_1_557' title='bbox 2394 3509 2589 3580; x_wconf 87' lang='lat' dir='ltr'><strong>possit.</strong></span> <span class='ocrx_word' id='word_1_558' title='bbox 2617 3508 2883 3576; x_wconf 85' lang='lat' dir='ltr'><strong>Quocirca</strong></span> <span class='ocrx_word' id='word_1_559' title='bbox 2918 3511 3043 3566; x_wconf 88' lang='lat' dir='ltr'><strong>talia</strong></span> <span class='ocrx_word' id='word_1_560' title='bbox 3076 3527 3350 3583; x_wconf 81' lang='lat' dir='ltr'><strong>exponere</strong></span> <span class='ocrx_word' id='word_1_561' title='bbox 3392 3518 3616 3584; x_wconf 89' lang='lat' dir='ltr'><strong>cupien-</strong></span> 
     </span>
    </p>
   </div>
   <div class='ocr_carea' id='block_1_80' title="bbox 2041 3601 3618 3675">
    <p class='ocr_par' dir='ltr' id='par_1_80' title="bbox 2041 3601 3618 3675">
     <span class='ocr_line' id='line_1_80' title="bbox 2041 3601 3618 3675; baseline 0.007 -23"><span class='ocrx_word' id='word_1_562' title='bbox 2041 3608 2145 3665; x_wconf 87' lang='lat' dir='ltr'><strong>tes,</strong></span> <span class='ocrx_word' id='word_1_563' title='bbox 2175 3601 2461 3669; x_wconf 79' lang='lat' dir='ltr'><strong>segnitiem</strong></span> <span class='ocrx_word' id='word_1_564' title='bbox 2495 3602 2565 3657; x_wconf 90' lang='lat' dir='ltr'><strong>ab</strong></span> <span class='ocrx_word' id='word_1_565' title='bbox 2607 3617 2668 3659; x_wconf 88' lang='lat' dir='ltr'><strong>se</strong></span> <span class='ocrx_word' id='word_1_566' title='bbox 2708 3613 2998 3659; x_wconf 88' lang='lat' dir='ltr'><strong>amoveant</strong></span> <span class='ocrx_word' id='word_1_567' title='bbox 3024 3614 3259 3675; x_wconf 89' lang='lat' dir='ltr'><strong>oportet,</strong></span> <span class='ocrx_word' id='word_1_568' title='bbox 3298 3616 3352 3660; x_wconf 87' lang='lat' dir='ltr'><strong>et</strong></span> <span class='ocrx_word' id='word_1_569' title='bbox 3392 3609 3537 3675; x_wconf 86' lang='lat' dir='ltr'><strong>quod</strong></span> <span class='ocrx_word' id='word_1_570' title='bbox 3565 3611 3618 3663; x_wconf 90' lang='lat' dir='ltr'><strong>in</strong></span> 
     </span>
    </p>
   </div>
   <div class='ocr_carea' id='block_1_81' title="bbox 2041 3693 3621 3768">
    <p class='ocr_par' dir='ltr' id='par_1_81' title="bbox 2041 3693 3621 3768">
     <span class='ocr_line' id='line_1_81' title="bbox 2041 3693 3621 3768; baseline 0.008 -24"><span class='ocrx_word' id='word_1_571' title='bbox 2041 3706 2153 3746; x_wconf 90' lang='lat' dir='ltr'><strong>rem</strong></span> <span class='ocrx_word' id='word_1_572' title='bbox 2194 3693 2529 3747; x_wconf 89' lang='lat' dir='ltr'><strong>audientium</strong></span> <span class='ocrx_word' id='word_1_573' title='bbox 2576 3695 2671 3758; x_wconf 87' lang='lat' dir='ltr'><strong>sit,</strong></span> <span class='ocrx_word' id='word_1_574' title='bbox 2707 3696 2849 3748; x_wconf 89' lang='lat' dir='ltr'><strong>unde</strong></span> <span class='ocrx_word' id='word_1_575' title='bbox 2889 3694 3031 3750; x_wconf 89' lang='lat' dir='ltr'><strong>unde</strong></span> <span class='ocrx_word' id='word_1_576' title='bbox 3076 3696 3260 3750; x_wconf 89' lang='lat' dir='ltr'><strong>labore</strong></span> <span class='ocrx_word' id='word_1_577' title='bbox 3289 3713 3387 3751; x_wconf 93' lang='lat' dir='ltr'><strong>suo</strong></span> <span class='ocrx_word' id='word_1_578' title='bbox 3422 3714 3621 3768; x_wconf 62' lang='lat' dir='ltr'><strong>reprae-</strong></span> 
     </span>
    </p>
   </div>
   <div class='ocr_carea' id='block_1_82' title="bbox 2038 3782 3616 3855">
    <p class='ocr_par' dir='ltr' id='par_1_82' title="bbox 2038 3782 3616 3855">
     <span class='ocr_line' id='line_1_82' title="bbox 2038 3782 3616 3855; baseline 0.007 -20"><span class='ocrx_word' id='word_1_579' title='bbox 2038 3790 2275 3836; x_wconf 86' lang='lat' dir='ltr'><strong>scntent.</strong></span> <span class='ocrx_word' id='word_1_580' title='bbox 2308 3782 2450 3839; x_wconf 85' lang='lat' dir='ltr'><strong>Hinc</strong></span> <span class='ocrx_word' id='word_1_581' title='bbox 2476 3791 2531 3839; x_wconf 92' lang='lat' dir='ltr'><strong>et</strong></span> <span class='ocrx_word' id='word_1_582' title='bbox 2572 3786 2733 3839; x_wconf 90' lang='lat' dir='ltr'><strong>modo</strong></span> <span class='ocrx_word' id='word_1_583' title='bbox 2762 3785 2828 3840; x_wconf 87' lang='lat' dir='ltr'><strong>ad</strong></span> <span class='ocrx_word' id='word_1_584' title='bbox 2862 3785 2962 3840; x_wconf 85' lang='lat' dir='ltr'><strong>tale</strong></span> <span class='ocrx_word' id='word_1_585' title='bbox 2992 3787 3250 3855; x_wconf 81' lang='lat' dir='ltr'><strong>quiddam</strong></span> <span class='ocrx_word' id='word_1_586' title='bbox 3279 3787 3616 3846; x_wconf 62' lang='lat' dir='ltr'><strong>delabuntur.</strong></span> 
     </span>
    </p>
   </div>
   <div class='ocr_carea' id='block_1_83' title="bbox 2041 3872 3619 3946">
    <p class='ocr_par' dir='ltr' id='par_1_83' title="bbox 2041 3872 3619 3946">
     <span class='ocr_line' id='line_1_83' title="bbox 2041 3872 3619 3946; baseline 0.008 -19"><span class='ocrx_word' id='word_1_587' title='bbox 2041 3872 2281 3930; x_wconf 85' lang='lat' dir='ltr'><strong>Sichima</strong></span> <span class='ocrx_word' id='word_1_588' title='bbox 2317 3875 2483 3946; x_wconf 83' lang='lat' dir='ltr'><strong>igitur</strong></span> <span class='ocrx_word' id='word_1_589' title='bbox 2520 3877 2840 3946; x_wconf 77' lang='lat' dir='ltr'><strong>oppidulum</strong></span> <span class='ocrx_word' id='word_1_590' title='bbox 2895 3887 2981 3933; x_wconf 85' lang='lat' dir='ltr'><strong>est</strong></span> <span class='ocrx_word' id='word_1_591' title='bbox 3012 3885 3162 3934; x_wconf 80' lang='lat' dir='ltr'><strong>trans</strong></span> <span class='ocrx_word' id='word_1_592' title='bbox 3195 3880 3394 3936; x_wconf 71' lang='lat' dir='ltr'><strong>ﬂuenta</strong></span> <span class='ocrx_word' id='word_1_593' title='bbox 3422 3881 3619 3939; x_wconf 83' lang='lat' dir='ltr'><strong>Jorda-</strong></span> 
     </span>
    </p>
   </div>
   <div class='ocr_carea' id='block_1_84' title="bbox 2040 3966 3618 4046">
    <p class='ocr_par' dir='ltr' id='par_1_84' title="bbox 2040 3966 3618 4046">
     <span class='ocr_line' id='line_1_84' title="bbox 2040 3966 3618 4046; baseline 0.009 -28"><span class='ocrx_word' id='word_1_594' title='bbox 2040 3966 2124 4019; x_wconf 89' lang='lat' dir='ltr'><strong>uis</strong></span> <span class='ocrx_word' id='word_1_595' title='bbox 2153 3966 2220 4031; x_wconf 80' lang='lat'><strong>&quot;&#39;,</strong></span> <span class='ocrx_word' id='word_1_596' title='bbox 2259 3968 2517 4031; x_wconf 86' lang='lat' dir='ltr'><strong>vicinum,</strong></span> <span class='ocrx_word' id='word_1_597' title='bbox 2563 3980 2616 4024; x_wconf 89' lang='lat' dir='ltr'><strong>et</strong></span> <span class='ocrx_word' id='word_1_598' title='bbox 2654 3970 2866 4026; x_wconf 90' lang='lat' dir='ltr'><strong>conﬁne</strong></span> <span class='ocrx_word' id='word_1_599' title='bbox 2904 3968 3128 4036; x_wconf 86' lang='lat' dir='ltr'><strong>Galaad,</strong></span> <span class='ocrx_word' id='word_1_600' title='bbox 3160 3990 3322 4043; x_wconf 87' lang='lat' dir='ltr'><strong>quam</strong></span> <span class='ocrx_word' id='word_1_601' title='bbox 3354 3975 3483 4031; x_wconf 90' lang='lat' dir='ltr'><strong>Levi</strong></span> <span class='ocrx_word' id='word_1_602' title='bbox 3520 3993 3618 4046; x_wconf 86' lang='lat' dir='ltr'><strong>po-</strong></span> 
     </span>
    </p>
   </div>
   <div class='ocr_carea' id='block_1_85' title="bbox 2038 4058 3619 4133">
    <p class='ocr_par' dir='ltr' id='par_1_85' title="bbox 2038 4058 3619 4133">
     <span class='ocr_line' id='line_1_85' title="bbox 2038 4058 3619 4133; baseline 0.006 -20"><span class='ocrx_word' id='word_1_603' title='bbox 2038 4058 2201 4114; x_wconf 89' lang='lat' dir='ltr'><strong>steris</strong></span> <span class='ocrx_word' id='word_1_604' title='bbox 2243 4060 2573 4131; x_wconf 79' lang='lat' dir='ltr'><strong>assignatam</strong></span> <span class='ocrx_word' id='word_1_605' title='bbox 2614 4076 2777 4133; x_wconf 85' lang='lat' dir='ltr'><strong>supra</strong></span> <span class='ocrx_word' id='word_1_606' title='bbox 2825 4064 3083 4130; x_wconf 78' lang='lat' dir='ltr'><strong>diximus,</strong></span> <span class='ocrx_word' id='word_1_607' title='bbox 3132 4063 3257 4120; x_wconf 86' lang='lat' dir='ltr'><strong>Jesu</strong></span> <span class='ocrx_word' id='word_1_608' title='bbox 3314 4066 3425 4120; x_wconf 88' lang='lat' dir='ltr'><strong>ﬁlio</strong></span> <span class='ocrx_word' id='word_1_609' title='bbox 3471 4067 3619 4123; x_wconf 82' lang='lat' dir='ltr'><strong>Nave</strong></span> 
     </span>
    </p>
   </div>
   <div class='ocr_carea' id='block_1_86' title="bbox 2040 4154 3620 4229">
    <p class='ocr_par' dir='ltr' id='par_1_86' title="bbox 2040 4154 3620 4229">
     <span class='ocr_line' id='line_1_86' title="bbox 2040 4154 3620 4229; baseline 0.006 -26"><span class='ocrx_word' id='word_1_610' title='bbox 2040 4161 2242 4207; x_wconf 89' lang='lat' dir='ltr'><strong>terram</strong></span> <span class='ocrx_word' id='word_1_611' title='bbox 2309 4154 2690 4222; x_wconf 89' lang='lat' dir='ltr'><strong>promissionis</strong></span> <span class='ocrx_word' id='word_1_612' title='bbox 2744 4154 3126 4222; x_wconf 88' lang='lat' dir='ltr'><strong>dispertiente.</strong></span> <span class='ocrx_word' id='word_1_613' title='bbox 3198 4155 3442 4226; x_wconf 78' lang='lat' dir='ltr'><strong>Contigit</strong></span> <span class='ocrx_word' id='word_1_614' title='bbox 3488 4171 3620 4229; x_wconf 85' lang='lat' dir='ltr'><strong>ergo</strong></span> 
     </span>
    </p>
   </div>
   <div class='ocr_carea' id='block_1_87' title="bbox 2036 4243 3619 4316">
    <p class='ocr_par' dir='ltr' id='par_1_87' title="bbox 2036 4243 3619 4316">
     <span class='ocr_line' id='line_1_87' title="bbox 2036 4243 3619 4316; baseline 0.003 -17"><span class='ocrx_word' id='word_1_615' title='bbox 2036 4259 2159 4299; x_wconf 90' lang='lat' dir='ltr'><strong>cum</strong></span> <span class='ocrx_word' id='word_1_616' title='bbox 2199 4244 2316 4299; x_wconf 90' lang='lat' dir='ltr'><strong>dies</strong></span> <span class='ocrx_word' id='word_1_617' title='bbox 2345 4254 2567 4300; x_wconf 88' lang='lat' dir='ltr'><strong>sanctus</strong></span> <span class='ocrx_word' id='word_1_618' title='bbox 2596 4253 2651 4299; x_wconf 88' lang='lat' dir='ltr'><strong>et</strong></span> <span class='ocrx_word' id='word_1_619' title='bbox 2680 4243 2848 4299; x_wconf 79' lang='lat' dir='ltr'><strong>festus</strong></span> <span class='ocrx_word' id='word_1_620' title='bbox 2893 4254 3149 4316; x_wconf 84' lang='lat' dir='ltr'><strong>ageretur</strong></span> <span class='ocrx_word' id='word_1_621' title='bbox 3179 4260 3247 4301; x_wconf 80' lang='lat' dir='ltr'><strong>ex</strong></span> <span class='ocrx_word' id='word_1_622' title='bbox 3289 4248 3619 4314; x_wconf 76' lang='lat' dir='ltr'><strong>auctoritate</strong></span> 
     </span>
    </p>
   </div>
   <div class='ocr_carea' id='block_1_88' title="bbox 2038 4334 3605 4407">
    <p class='ocr_par' dir='ltr' id='par_1_88' title="bbox 2038 4334 3605 4407">
     <span class='ocr_line' id='line_1_88' title="bbox 2038 4334 3605 4407; baseline 0.003 -18"><span class='ocrx_word' id='word_1_623' title='bbox 2038 4335 2191 4406; x_wconf 89' lang='lat' dir='ltr'><strong>legis,</strong></span> <span class='ocrx_word' id='word_1_624' title='bbox 2238 4334 2593 4407; x_wconf 84' lang='lat' dir='ltr'><strong>Scenopegia,</strong></span> <span class='ocrx_word' id='word_1_625' title='bbox 2617 4336 2860 4406; x_wconf 89' lang='lat' dir='ltr'><strong>inquam,</strong></span> <span class='ocrx_word' id='word_1_626' title='bbox 2887 4337 3103 4406; x_wconf 82' lang='lat' dir='ltr'><strong>quando</strong></span> <span class='ocrx_word' id='word_1_627' title='bbox 3133 4352 3199 4393; x_wconf 76' lang='lat' dir='ltr'><strong>ex</strong></span> <span class='ocrx_word' id='word_1_628' title='bbox 3232 4353 3392 4395; x_wconf 89' lang='lat' dir='ltr'><strong>more</strong></span> <span class='ocrx_word' id='word_1_629' title='bbox 3412 4355 3605 4395; x_wconf 83' lang='lat' dir='ltr'><strong>omnes</strong></span> 
     </span>
    </p>
   </div>
   <div class='ocr_carea' id='block_1_89' title="bbox 2039 4426 3619 4499">
    <p class='ocr_par' dir='ltr' id='par_1_89' title="bbox 2039 4426 3619 4499">
     <span class='ocr_line' id='line_1_89' title="bbox 2039 4426 3619 4499; baseline 0.003 -18"><span class='ocrx_word' id='word_1_630' title='bbox 2039 4428 2402 4498; x_wconf 90' lang='lat' dir='ltr'><strong>undequaque</strong></span> <span class='ocrx_word' id='word_1_631' title='bbox 2472 4426 2902 4499; x_wconf 80' lang='lat' dir='ltr'><strong>Hierosolymam</strong></span> <span class='ocrx_word' id='word_1_632' title='bbox 2979 4428 3095 4499; x_wconf 80' lang='lat' dir='ltr'><strong>lege</strong></span> <span class='ocrx_word' id='word_1_633' title='bbox 3172 4430 3254 4486; x_wconf 89' lang='lat' dir='ltr'><strong>sic</strong></span> <span class='ocrx_word' id='word_1_634' title='bbox 3328 4434 3619 4487; x_wconf 80' lang='lat' dir='ltr'><strong>mandante</strong></span> 
     </span>
    </p>
   </div>
   <div class='ocr_carea' id='block_1_90' title="bbox 328 4511 1928 4598">
    <p class='ocr_par' dir='ltr' id='par_1_90' title="bbox 328 4518 1928 4598">
     <span class='ocr_line' id='line_1_90' title="bbox 328 4518 1928 4598; baseline -0.006 -18"><span class='ocrx_word' id='word_1_635' title='bbox 328 4525 508 4598; x_wconf 85' lang='grc' dir='ltr'>νόμου</span> <span class='ocrx_word' id='word_1_636' title='bbox 565 4520 854 4594; x_wconf 85' lang='grc' dir='ltr'>τηρεῖσθαι</span> <span class='ocrx_word' id='word_1_637' title='bbox 902 4520 1331 4593; x_wconf 82' lang='grc' dir='ltr'>προστάττοντος</span> <span class='ocrx_word' id='word_1_638' title='bbox 1352 4560 1367 4583; x_wconf 93' lang='grc'><strong>,</strong></span> <span class='ocrx_word' id='word_1_639' title='bbox 1398 4518 1507 4575; x_wconf 83' lang='grc' dir='ltr'><strong>τῶν</strong></span> <span class='ocrx_word' id='word_1_640' title='bbox 1547 4518 1657 4572; x_wconf 77' lang='grc' dir='ltr'>ἀπὸ</span> <span class='ocrx_word' id='word_1_641' title='bbox 1688 4518 1928 4589; x_wconf 77' lang='grc' dir='ltr'>Σικίμων</span> 
     </span>
    </p>
   </div>
   <div class='ocr_carea' id='block_1_91' title="bbox 2034 4511 3619 4598">
    <p class='ocr_par' dir='ltr' id='par_1_91' title="bbox 2039 4517 3619 4593">
     <span class='ocr_line' id='line_1_91' title="bbox 2039 4517 3619 4593; baseline 0.003 -20"><span class='ocrx_word' id='word_1_642' title='bbox 2039 4519 2425 4582; x_wconf 87' lang='lat' dir='ltr'><strong>ascendebant,</strong></span> <span class='ocrx_word' id='word_1_643' title='bbox 2467 4518 2729 4589; x_wconf 89' lang='lat' dir='ltr'><strong>quosdam</strong></span> <span class='ocrx_word' id='word_1_644' title='bbox 2772 4517 2839 4574; x_wconf 87' lang='lat' dir='ltr'><strong>de</strong></span> <span class='ocrx_word' id='word_1_645' title='bbox 2890 4518 3192 4575; x_wconf 82' lang='lat' dir='ltr'><strong>Sicltimitis</strong></span> <span class='ocrx_word' id='word_1_646' title='bbox 3231 4529 3327 4577; x_wconf 86' lang='lat' dir='ltr'><strong>aut</strong></span> <span class='ocrx_word' id='word_1_647' title='bbox 3361 4538 3619 4593; x_wconf 87' lang='lat' dir='ltr'><strong>compun-</strong></span> 
     </span>
    </p>
   </div>
   <div class='ocr_carea' id='block_1_92' title="bbox 331 4609 1930 4687">
    <p class='ocr_par' dir='ltr' id='par_1_92' title="bbox 331 4609 1930 4687">
     <span class='ocr_line' id='line_1_92' title="bbox 331 4609 1930 4687; baseline -0.006 -15"><span class='ocrx_word' id='word_1_648' title='bbox 331 4618 515 4684; x_wconf 83' lang='grc' dir='ltr'>τινὰς,</span> <span class='ocrx_word' id='word_1_649' title='bbox 555 4615 594 4687; x_wconf 78' lang='grc' dir='ltr'>ἢ</span> <span class='ocrx_word' id='word_1_650' title='bbox 626 4612 1084 4684; x_wconf 77' lang='grc' dir='ltr'>κατανυχθέντας,</span> <span class='ocrx_word' id='word_1_651' title='bbox 1117 4611 1212 4666; x_wconf 80' lang='grc' dir='ltr'><strong>καὶ</strong></span> <span class='ocrx_word' id='word_1_652' title='bbox 1245 4613 1341 4665; x_wconf 83' lang='grc' dir='ltr'>ὲπί</span> <span class='ocrx_word' id='word_1_653' title='bbox 1362 4614 1431 4683; x_wconf 72' lang='grc' dir='ltr'>τῇ</span> <span class='ocrx_word' id='word_1_654' title='bbox 1464 4609 1728 4683; x_wconf 82' lang='grc' dir='ltr'>πλανήσει</span> <span class='ocrx_word' id='word_1_655' title='bbox 1758 4628 1930 4681; x_wconf 88' lang='grc' dir='ltr'>μετα-</span> 
     </span>
    </p>
   </div>
   <div class='ocr_carea' id='block_1_93' title="bbox 316 4702 1931 4781">
    <p class='ocr_par' dir='ltr' id='par_1_93' title="bbox 316 4702 1931 4781">
     <span class='ocr_line' id='line_1_93' title="bbox 316 4702 1931 4781; baseline -0.007 -16"><span class='ocrx_word' id='word_1_656' title='bbox 316 4726 349 4781; x_wconf 61' lang='grc' dir='ltr'><strong>η</strong></span> <span class='ocrx_word' id='word_1_657' title='bbox 367 4709 736 4774; x_wconf 81' lang='grc' dir='ltr'>ινὼσκοντας,</span> <span class='ocrx_word' id='word_1_658' title='bbox 767 4707 934 4777; x_wconf 72' lang='grc' dir='ltr'>ἤγουν</span> <span class='ocrx_word' id='word_1_659' title='bbox 968 4706 1063 4759; x_wconf 68' lang='grc' dir='ltr'><strong>καί⁵</strong></span> <span class='ocrx_word' id='word_1_660' title='bbox 1092 4706 1171 4767; x_wconf 90' lang='grc' dir='ltr'><strong>εἰς</strong></span> <span class='ocrx_word' id='word_1_661' title='bbox 1194 4702 1357 4773; x_wconf 74' lang='grc' dir='ltr'>νῆψιν</span> <span class='ocrx_word' id='word_1_662' title='bbox 1385 4703 1755 4774; x_wconf 79' lang='grc' dir='ltr'>κεκλημένους</span> <span class='ocrx_word' id='word_1_663' title='bbox 1780 4702 1931 4771; x_wconf 84' lang='grc' dir='ltr'><strong>παρὰ</strong></span> 
     </span>
    </p>
   </div>
   <div class='ocr_carea' id='block_1_94' title="bbox 320 4795 1927 4867">
    <p class='ocr_par' dir='ltr' id='par_1_94' title="bbox 320 4795 1927 4867">
     <span class='ocr_line' id='line_1_94' title="bbox 320 4795 1927 4867; baseline -0.005 -12"><span class='ocrx_word' id='word_1_664' title='bbox 320 4800 500 4864; x_wconf 82' lang='grc' dir='ltr'>Θεοῦ,</span> <span class='ocrx_word' id='word_1_665' title='bbox 555 4798 746 4853; x_wconf 81' lang='grc' dir='ltr'>λοιπὸν</span> <span class='ocrx_word' id='word_1_666' title='bbox 787 4797 1043 4867; x_wconf 74' lang='grc' dir='ltr'>ἐθελῆσαι</span> <span class='ocrx_word' id='word_1_667' title='bbox 1082 4800 1196 4859; x_wconf 88' lang='grc' dir='ltr'>τοῖς</span> <span class='ocrx_word' id='word_1_668' title='bbox 1243 4795 1406 4858; x_wconf 83' lang='grc' dir='ltr'>θείοις</span> <span class='ocrx_word' id='word_1_669' title='bbox 1438 4796 1684 4850; x_wconf 82' lang='grc' dir='ltr'>ὑπείκειν</span> <span class='ocrx_word' id='word_1_670' title='bbox 1723 4797 1927 4867; x_wconf 83' lang='grc' dir='ltr'>νόμοις,</span> 
     </span>
    </p>
   </div>
   <div class='ocr_carea' id='block_1_95' title="bbox 321 4886 1928 4959">
    <p class='ocr_par' dir='ltr' id='par_1_95' title="bbox 321 4886 1928 4959">
     <span class='ocr_line' id='line_1_95' title="bbox 321 4886 1928 4959; baseline -0.006 -11"><span class='ocrx_word' id='word_1_671' title='bbox 321 4894 427 4949; x_wconf 79' lang='grc' dir='ltr'>καὶ</span> <span class='ocrx_word' id='word_1_672' title='bbox 459 4890 744 4959; x_wconf 79' lang='grc' dir='ltr'>ἀναϐῆναι</span> <span class='ocrx_word' id='word_1_673' title='bbox 792 4890 977 4959; x_wconf 79' lang='grc' dir='ltr'>ζητεῖν</span> <span class='ocrx_word' id='word_1_674' title='bbox 1016 4891 1098 4952; x_wconf 90' lang='grc' dir='ltr'><strong>εἰς</strong></span> <span class='ocrx_word' id='word_1_675' title='bbox 1135 4886 1509 4958; x_wconf 88' lang='grc' dir='ltr'>Ἰεροσόλυμα,</span> <span class='ocrx_word' id='word_1_676' title='bbox 1544 4888 1832 4957; x_wconf 81' lang='grc' dir='ltr'>βούλεσθαί</span> <span class='ocrx_word' id='word_1_677' title='bbox 1870 4903 1928 4939; x_wconf 90' lang='grc' dir='ltr'><strong>τε</strong></span> 
     </span>
    </p>
   </div>
   <div class='ocr_carea' id='block_1_96' title="bbox 318 4978 1924 5051">
    <p class='ocr_par' dir='ltr' id='par_1_96' title="bbox 318 4978 1924 5051">
     <span class='ocr_line' id='line_1_96' title="bbox 318 4978 1924 5051; baseline -0.006 -11"><span class='ocrx_word' id='word_1_678' title='bbox 318 4985 533 5047; x_wconf 85' lang='grc' dir='ltr'>θυσίας</span> <span class='ocrx_word' id='word_1_679' title='bbox 568 4980 891 5051; x_wconf 84' lang='grc' dir='ltr'>προσάγειν,</span> <span class='ocrx_word' id='word_1_680' title='bbox 921 4984 1015 5034; x_wconf 78' lang='grc' dir='ltr'><strong>καὶ</strong></span> <span class='ocrx_word' id='word_1_681' title='bbox 1043 4979 1143 5050; x_wconf 84' lang='grc' dir='ltr'>τὴν</span> <span class='ocrx_word' id='word_1_682' title='bbox 1178 4978 1320 5033; x_wconf 81' lang='grc' dir='ltr'>κατὰ</span> <span class='ocrx_word' id='word_1_683' title='bbox 1344 4979 1544 5049; x_wconf 82' lang='grc' dir='ltr'>νόμους</span> <span class='ocrx_word' id='word_1_684' title='bbox 1571 4979 1765 5050; x_wconf 79' lang='grc' dir='ltr'>ἑορτὴν</span> <span class='ocrx_word' id='word_1_685' title='bbox 1786 4980 1924 5031; x_wconf 87' lang='grc' dir='ltr'>ἀπο-</span> 
     </span>
    </p>
   </div>
   <div class='ocr_carea' id='block_1_97' title="bbox 314 5064 1929 5151">
    <p class='ocr_par' dir='ltr' id='par_1_97' title="bbox 314 5064 1929 5151">
     <span class='ocr_line' id='line_1_97' title="bbox 314 5064 1929 5151; baseline -0.008 -17"><span class='ocrx_word' id='word_1_686' title='bbox 314 5076 631 5151; x_wconf 84' lang='grc' dir='ltr'>περαίνειν</span> <span class='ocrx_word' id='word_1_687' title='bbox 689 5072 823 5125; x_wconf 74' lang='grc' dir='ltr'>ἐκεῖ.</span> <span class='ocrx_word' id='word_1_688' title='bbox 867 5070 1041 5124; x_wconf 84' lang='grc' dir='ltr'>Τοῦτο</span> <span class='ocrx_word' id='word_1_689' title='bbox 1076 5070 1135 5123; x_wconf 79' lang='grc' dir='ltr'>δὲ</span> <span class='ocrx_word' id='word_1_690' title='bbox 1182 5064 1250 5141; x_wconf 80' lang='grc' dir='ltr'>ἦν</span> <span class='ocrx_word' id='word_1_691' title='bbox 1290 5069 1433 5140; x_wconf 81' lang='grc' dir='ltr'><strong>ἀρχή</strong></span> <span class='ocrx_word' id='word_1_692' title='bbox 1472 5086 1555 5133; x_wconf 90' lang='grc' dir='ltr'><strong>τις</strong></span> <span class='ocrx_word' id='word_1_693' title='bbox 1590 5069 1779 5139; x_wconf 84' lang='grc' dir='ltr'>ὥσπερ</span> <span class='ocrx_word' id='word_1_694' title='bbox 1809 5069 1929 5121; x_wconf 84' lang='grc' dir='ltr'><strong>ὲπι-</strong></span> 
     </span>
    </p>
   </div>
   <div class='ocr_carea' id='block_1_98' title="bbox 314 5157 1927 5241">
    <p class='ocr_par' dir='ltr' id='par_1_98' title="bbox 314 5157 1927 5241">
     <span class='ocr_line' id='line_1_98' title="bbox 314 5157 1927 5241; baseline -0.006 -23"><span class='ocrx_word' id='word_1_695' title='bbox 314 5169 607 5241; x_wconf 73' lang='grc' dir='ltr'>στροφῆς,</span> <span class='ocrx_word' id='word_1_696' title='bbox 641 5160 853 5215; x_wconf 74' lang='grc' dir='ltr'>καὶτοῦ</span> <span class='ocrx_word' id='word_1_697' title='bbox 888 5159 1224 5232; x_wconf 85' lang='grc' dir='ltr'>καταλήγειν</span> <span class='ocrx_word' id='word_1_698' title='bbox 1249 5158 1342 5212; x_wconf 86' lang='grc' dir='ltr'><strong>τοῦ</strong></span> <span class='ocrx_word' id='word_1_699' title='bbox 1369 5158 1726 5229; x_wconf 84' lang='grc' dir='ltr'>προσκεῖσθαι</span> <span class='ocrx_word' id='word_1_700' title='bbox 1750 5157 1927 5211; x_wconf 81' lang='grc' dir='ltr'>θέλειν</span> 
     </span>
    </p>
   </div>
   <div class='ocr_carea' id='block_1_99' title="bbox 310 5249 1927 5326">
    <p class='ocr_par' dir='ltr' id='par_1_99' title="bbox 310 5249 1927 5326">
     <span class='ocr_line' id='line_1_99' title="bbox 310 5249 1927 5326; baseline -0.006 -13"><span class='ocrx_word' id='word_1_701' title='bbox 310 5264 439 5326; x_wconf 82' lang='grc' dir='ltr'>ταῖς</span> <span class='ocrx_word' id='word_1_702' title='bbox 498 5257 620 5311; x_wconf 83' lang='grc' dir='ltr'><strong>τῶν</strong></span> <span class='ocrx_word' id='word_1_703' title='bbox 678 5252 916 5307; x_wconf 80' lang='grc' dir='ltr'>εἰδώλων</span> <span class='ocrx_word' id='word_1_704' title='bbox 948 5252 1241 5324; x_wconf 88' lang='grc' dir='ltr'>λατρείαις.</span> <span class='ocrx_word' id='word_1_705' title='bbox 1288 5253 1406 5305; x_wconf 86' lang='grc' dir='ltr'><strong>Ἵνα</strong></span> <span class='ocrx_word' id='word_1_706' title='bbox 1438 5250 1547 5321; x_wconf 78' lang='grc' dir='ltr'><strong>γὰρ</strong></span> <span class='ocrx_word' id='word_1_707' title='bbox 1598 5251 1673 5321; x_wconf 84' lang='grc' dir='ltr'>μὴ</span> <span class='ocrx_word' id='word_1_708' title='bbox 1724 5249 1927 5303; x_wconf 82' lang='grc' dir='ltr'>θυσιῶν</span> 
     </span>
    </p>
   </div>
   <div class='ocr_carea' id='block_1_100' title="bbox 309 5342 1925 5417">
    <p class='ocr_par' dir='ltr' id='par_1_100' title="bbox 309 5342 1925 5417">
     <span class='ocr_line' id='line_1_100' title="bbox 309 5342 1925 5417; baseline -0.006 -12"><span class='ocrx_word' id='word_1_709' title='bbox 309 5353 485 5408; x_wconf 74' lang='grc' dir='ltr'>ἕνεκά</span> <span class='ocrx_word' id='word_1_710' title='bbox 520 5367 586 5403; x_wconf 84' lang='grc' dir='ltr'><strong>τε</strong></span> <span class='ocrx_word' id='word_1_711' title='bbox 641 5348 737 5401; x_wconf 76' lang='grc' dir='ltr'><strong>καί</strong></span> <span class='ocrx_word' id='word_1_712' title='bbox 769 5344 976 5417; x_wconf 75' lang='grc' dir='ltr'>ἑορτῶν</span> <span class='ocrx_word' id='word_1_713' title='bbox 1004 5343 1111 5398; x_wconf 84' lang='grc' dir='ltr'><strong>τῶν</strong></span> <span class='ocrx_word' id='word_1_714' title='bbox 1158 5346 1298 5399; x_wconf 76' lang='grc' dir='ltr'>κατὰ</span> <span class='ocrx_word' id='word_1_715' title='bbox 1335 5345 1500 5413; x_wconf 82' lang='grc' dir='ltr'>νόμον</span> <span class='ocrx_word' id='word_1_716' title='bbox 1556 5342 1925 5396; x_wconf 81' lang='grc' dir='ltr'>ἀναϐαίνωσιν</span> 
     </span>
    </p>
   </div>
   <div class='ocr_carea' id='block_1_101' title="bbox 307 5433 1927 5516">
    <p class='ocr_par' dir='ltr' id='par_1_101' title="bbox 307 5433 1927 5516">
     <span class='ocr_line' id='line_1_101' title="bbox 307 5433 1927 5516; baseline -0.009 -16"><span class='ocrx_word' id='word_1_717' title='bbox 307 5448 377 5500; x_wconf 81' lang='grc' dir='ltr'><strong>ἐκ</strong></span> <span class='ocrx_word' id='word_1_718' title='bbox 422 5446 529 5516; x_wconf 83' lang='grc' dir='ltr'>τῆς</span> <span class='ocrx_word' id='word_1_719' title='bbox 574 5440 905 5512; x_wconf 87' lang='grc' dir='ltr'>Σαμαρείας</span> <span class='ocrx_word' id='word_1_720' title='bbox 950 5439 1030 5501; x_wconf 87' lang='grc' dir='ltr'><strong>εἰς</strong></span> <span class='ocrx_word' id='word_1_721' title='bbox 1080 5437 1424 5508; x_wconf 79' lang='grc' dir='ltr'>Ἱεροσόλυμα</span> <span class='ocrx_word' id='word_1_722' title='bbox 1472 5433 1579 5487; x_wconf 84' lang='grc' dir='ltr'><strong>τῶν</strong></span> <span class='ocrx_word' id='word_1_723' title='bbox 1609 5434 1670 5498; x_wconf 80' lang='grc' dir='ltr'><strong>ἐξ</strong></span> <span class='ocrx_word' id='word_1_724' title='bbox 1709 5435 1927 5504; x_wconf 76' lang='grc' dir='ltr'>Ἰσραήλ</span> 
     </span>
    </p>
   </div>
   <div class='ocr_carea' id='block_1_102' title="bbox 308 5519 1924 5599">
    <p class='ocr_par' dir='ltr' id='par_1_102' title="bbox 308 5519 1924 5599">
     <span class='ocr_line' id='line_1_102' title="bbox 308 5519 1924 5599; baseline -0.009 -9"><span class='ocrx_word' id='word_1_725' title='bbox 308 5552 480 5599; x_wconf 82' lang='grc' dir='ltr'>τινες,</span> <span class='ocrx_word' id='word_1_726' title='bbox 514 5531 804 5592; x_wconf 81' lang='grc' dir='ltr'>τουτέστι,</span> <span class='ocrx_word' id='word_1_727' title='bbox 852 5527 962 5581; x_wconf 85' lang='grc' dir='ltr'><strong>τῶν</strong></span> <span class='ocrx_word' id='word_1_728' title='bbox 991 5527 1121 5580; x_wconf 81' lang='grc' dir='ltr'>δέκα</span> <span class='ocrx_word' id='word_1_729' title='bbox 1163 5526 1365 5595; x_wconf 78' lang='grc' dir='ltr'>φυλῶν,</span> <span class='ocrx_word' id='word_1_730' title='bbox 1410 5519 1530 5578; x_wconf 79' lang='grc' dir='ltr'>εἶτα</span> <span class='ocrx_word' id='word_1_731' title='bbox 1573 5524 1711 5577; x_wconf 81' lang='grc' dir='ltr'>κατὰ</span> <span class='ocrx_word' id='word_1_732' title='bbox 1748 5524 1924 5593; x_wconf 54' lang='grc' dir='ltr'>βραχὺ</span> 
     </span>
    </p>
   </div>
   <div class='ocr_carea' id='block_1_103' title="bbox 312 5616 1924 5697">
    <p class='ocr_par' dir='ltr' id='par_1_103' title="bbox 312 5616 1924 5697">
     <span class='ocr_line' id='line_1_103' title="bbox 312 5616 1924 5697; baseline -0.009 -17"><span class='ocrx_word' id='word_1_733' title='bbox 312 5627 658 5697; x_wconf 80' lang='grc' dir='ltr'>μεταθοῖντο</span> <span class='ocrx_word' id='word_1_734' title='bbox 696 5622 831 5691; x_wconf 79' lang='grc' dir='ltr'>πρὸς</span> <span class='ocrx_word' id='word_1_735' title='bbox 858 5619 919 5673; x_wconf 82' lang='grc' dir='ltr'><strong>τὸ</strong></span> <span class='ocrx_word' id='word_1_736' title='bbox 948 5620 1006 5672; x_wconf 84' lang='grc' dir='ltr'>ἐν</span> <span class='ocrx_word' id='word_1_737' title='bbox 1036 5621 1254 5690; x_wconf 80' lang='grc' dir='ltr'>ἀρχαῖς,</span> <span class='ocrx_word' id='word_1_738' title='bbox 1284 5618 1377 5670; x_wconf 64' lang='grc' dir='ltr'>καὶ</span> <span class='ocrx_word' id='word_1_739' title='bbox 1414 5616 1516 5668; x_wconf 80' lang='grc' dir='ltr'><strong>ὑπό</strong></span> <span class='ocrx_word' id='word_1_740' title='bbox 1539 5633 1601 5684; x_wconf 83' lang='grc' dir='ltr'><strong>γε</strong></span> <span class='ocrx_word' id='word_1_741' title='bbox 1624 5619 1722 5687; x_wconf 75' lang='grc' dir='ltr'>τὴν</span> <span class='ocrx_word' id='word_1_742' title='bbox 1756 5616 1924 5669; x_wconf 76' lang='grc' dir='ltr'>Ἰούδα</span> 
     </span>
    </p>
   </div>
   <div class='ocr_carea' id='block_1_104' title="bbox 384 5796 1686 5866">
    <p class='ocr_par' dir='ltr' id='par_1_104' title="bbox 384 5796 1686 5866">
     <span class='ocr_line' id='line_1_104' title="bbox 384 5796 1686 5866; baseline -0.015 -5"><span class='ocrx_word' id='word_1_743' title='bbox 384 5810 431 5842; x_wconf 74' lang='grc'><strong>’⁷</strong></span> <span class='ocrx_word' id='word_1_744' title='bbox 466 5805 683 5861; x_wconf 80' lang='lat' dir='ltr'><strong>Ezech.</strong></span> <span class='ocrx_word' id='word_1_745' title='bbox 722 5817 908 5866; x_wconf 72' lang='lat' dir='ltr'><strong>xxxrv,</strong></span> <span class='ocrx_word' id='word_1_746' title='bbox 965 5799 1146 5851; x_wconf 73' lang='lat' dir='ltr'><strong>I7-Iﬁ.</strong></span> <span class='ocrx_word' id='word_1_747' title='bbox 1226 5799 1267 5827; x_wconf 65' lang='grc'><strong>⁸³</strong></span> <span class='ocrx_word' id='word_1_748' title='bbox 1298 5796 1471 5853; x_wconf 71' lang='lat' dir='ltr'><strong>Judir.</strong></span> <span class='ocrx_word' id='word_1_749' title='bbox 1502 5813 1573 5863; x_wconf 62' lang='grc' dir='ltr'><strong>ιγ,</strong></span> <span class='ocrx_word' id='word_1_750' title='bbox 1602 5796 1686 5850; x_wconf 62' lang='lat'><strong>~26,</strong></span> 
     </span>
    </p>
   </div>
   <div class='ocr_carea' id='block_1_105' title="bbox 2037 4611 3616 4683">
    <p class='ocr_par' dir='ltr' id='par_1_105' title="bbox 2037 4611 3616 4683">
     <span class='ocr_line' id='line_1_105' title="bbox 2037 4611 3616 4683; baseline 0.001 -17"><span class='ocrx_word' id='word_1_751' title='bbox 2037 4622 2180 4678; x_wconf 88' lang='lat' dir='ltr'><strong>ctos,</strong></span> <span class='ocrx_word' id='word_1_752' title='bbox 2228 4620 2283 4667; x_wconf 91' lang='lat' dir='ltr'><strong>et</strong></span> <span class='ocrx_word' id='word_1_753' title='bbox 2325 4626 2487 4681; x_wconf 87' lang='lat' dir='ltr'><strong>super</strong></span> <span class='ocrx_word' id='word_1_754' title='bbox 2533 4611 2849 4667; x_wconf 89' lang='lat' dir='ltr'><strong>seductione</strong></span> <span class='ocrx_word' id='word_1_755' title='bbox 2895 4628 2991 4667; x_wconf 84' lang='lat' dir='ltr'><strong>sua</strong></span> <span class='ocrx_word' id='word_1_756' title='bbox 3035 4614 3385 4683; x_wconf 76' lang='lat' dir='ltr'><strong>preniteutes,</strong></span> <span class='ocrx_word' id='word_1_757' title='bbox 3429 4626 3516 4668; x_wconf 88' lang='lat' dir='ltr'><strong>aut</strong></span> <span class='ocrx_word' id='word_1_758' title='bbox 3550 4618 3616 4668; x_wconf 76' lang='lat' dir='ltr'><strong>ad</strong></span> 
     </span>
    </p>
   </div>
   <div class='ocr_carea' id='block_1_106' title="bbox 2039 4704 3616 4775">
    <p class='ocr_par' dir='ltr' id='par_1_106' title="bbox 2039 4704 3616 4775">
     <span class='ocr_line' id='line_1_106' title="bbox 2039 4704 3616 4775; baseline 0.003 -18"><span class='ocrx_word' id='word_1_759' title='bbox 2039 4721 2225 4760; x_wconf 78' lang='lat' dir='ltr'><strong>sanant</strong></span> <span class='ocrx_word' id='word_1_760' title='bbox 2258 4716 2491 4759; x_wconf 89' lang='lat' dir='ltr'><strong>mentem</strong></span> <span class='ocrx_word' id='word_1_761' title='bbox 2525 4721 2555 4759; x_wconf 92' lang='lat' dir='ltr'><strong>a</strong></span> <span class='ocrx_word' id='word_1_762' title='bbox 2592 4704 2702 4760; x_wconf 91' lang='lat' dir='ltr'><strong>Deo</strong></span> <span class='ocrx_word' id='word_1_763' title='bbox 2727 4717 2950 4762; x_wconf 86' lang='lat' dir='ltr'><strong>vocatos</strong></span> <span class='ocrx_word' id='word_1_764' title='bbox 2986 4709 3213 4775; x_wconf 78' lang='lat' dir='ltr'><strong>posthac</strong></span> <span class='ocrx_word' id='word_1_765' title='bbox 3250 4708 3388 4763; x_wconf 86' lang='lat' dir='ltr'><strong>velle</strong></span> <span class='ocrx_word' id='word_1_766' title='bbox 3417 4710 3616 4764; x_wconf 65' lang='lat' dir='ltr'><strong>divinis</strong></span> 
     </span>
    </p>
   </div>
   <div class='ocr_carea' id='block_1_107' title="bbox 2041 4796 3608 4872">
    <p class='ocr_par' dir='ltr' id='par_1_107' title="bbox 2041 4796 3608 4872">
     <span class='ocr_line' id='line_1_107' title="bbox 2041 4796 3608 4872; baseline 0.004 -24"><span class='ocrx_word' id='word_1_767' title='bbox 2041 4797 2248 4866; x_wconf 80' lang='lat' dir='ltr'><strong>legibus</strong></span> <span class='ocrx_word' id='word_1_768' title='bbox 2327 4796 2607 4865; x_wconf 89' lang='lat' dir='ltr'><strong>obsequi,</strong></span> <span class='ocrx_word' id='word_1_769' title='bbox 2678 4796 3097 4868; x_wconf 86' lang='lat' dir='ltr'><strong>desiderareque</strong></span> <span class='ocrx_word' id='word_1_770' title='bbox 3172 4799 3608 4872; x_wconf 80' lang='lat' dir='ltr'><strong>Hierosolymam</strong></span> 
     </span>
    </p>
   </div>
   <div class='ocr_carea' id='block_1_108' title="bbox 2039 4888 3617 4961">
    <p class='ocr_par' dir='ltr' id='par_1_108' title="bbox 2039 4888 3617 4961">
     <span class='ocr_line' id='line_1_108' title="bbox 2039 4888 3617 4961; baseline 0.003 -21"><span class='ocrx_word' id='word_1_771' title='bbox 2039 4890 2357 4954; x_wconf 85' lang='lat' dir='ltr'><strong>ascendere,</strong></span> <span class='ocrx_word' id='word_1_772' title='bbox 2386 4900 2439 4944; x_wconf 91' lang='lat' dir='ltr'><strong>et</strong></span> <span class='ocrx_word' id='word_1_773' title='bbox 2466 4888 2803 4955; x_wconf 86' lang='lat' dir='ltr'><strong>sacriﬁcare,</strong></span> <span class='ocrx_word' id='word_1_774' title='bbox 2836 4889 3146 4958; x_wconf 80' lang='lat' dir='ltr'><strong>festumque</strong></span> <span class='ocrx_word' id='word_1_775' title='bbox 3182 4906 3215 4945; x_wconf 88' lang='lat' dir='ltr'><strong>a</strong></span> <span class='ocrx_word' id='word_1_776' title='bbox 3251 4891 3369 4961; x_wconf 81' lang='lat' dir='ltr'><strong>lege</strong></span> <span class='ocrx_word' id='word_1_777' title='bbox 3403 4894 3617 4947; x_wconf 81' lang='lat' dir='ltr'><strong>manda-</strong></span> 
     </span>
    </p>
   </div>
   <div class='ocr_carea' id='block_1_109' title="bbox 2040 4981 3614 5050">
    <p class='ocr_par' dir='ltr' id='par_1_109' title="bbox 2040 4981 3614 5050">
     <span class='ocr_line' id='line_1_109' title="bbox 2040 4981 3614 5050; baseline 0.003 -17"><span class='ocrx_word' id='word_1_778' title='bbox 2040 4991 2154 5034; x_wconf 90' lang='lat' dir='ltr'><strong>tum</strong></span> <span class='ocrx_word' id='word_1_779' title='bbox 2203 4981 2375 5035; x_wconf 89' lang='lat' dir='ltr'><strong>obire.</strong></span> <span class='ocrx_word' id='word_1_780' title='bbox 2424 4982 2600 5050; x_wconf 84' lang='lat' dir='ltr'><strong>Atque</strong></span> <span class='ocrx_word' id='word_1_781' title='bbox 2643 4981 2747 5036; x_wconf 84' lang='lat' dir='ltr'><strong>hoc</strong></span> <span class='ocrx_word' id='word_1_782' title='bbox 2793 4983 3167 5037; x_wconf 88' lang='lat' dir='ltr'><strong>conversionis</strong></span> <span class='ocrx_word' id='word_1_783' title='bbox 3192 4992 3247 5038; x_wconf 87' lang='lat' dir='ltr'><strong>et</strong></span> <span class='ocrx_word' id='word_1_784' title='bbox 3294 4984 3614 5039; x_wconf 58' lang='lat' dir='ltr'><strong>cessationis</strong></span> 
     </span>
    </p>
   </div>
   <div class='ocr_carea' id='block_1_110' title="bbox 2036 5070 3619 5145">
    <p class='ocr_par' dir='ltr' id='par_1_110' title="bbox 2036 5070 3619 5145">
     <span class='ocr_line' id='line_1_110' title="bbox 2036 5070 3619 5145; baseline 0.004 -22"><span class='ocrx_word' id='word_1_785' title='bbox 2036 5086 2065 5123; x_wconf 88' lang='lat' dir='ltr'><strong>a</strong></span> <span class='ocrx_word' id='word_1_786' title='bbox 2098 5070 2243 5125; x_wconf 88' lang='lat' dir='ltr'><strong>cultu</strong></span> <span class='ocrx_word' id='word_1_787' title='bbox 2277 5072 2569 5136; x_wconf 89' lang='lat' dir='ltr'><strong>idolorum,</strong></span> <span class='ocrx_word' id='word_1_788' title='bbox 2599 5072 2685 5126; x_wconf 90' lang='lat' dir='ltr'><strong>cui</strong></span> <span class='ocrx_word' id='word_1_789' title='bbox 2719 5087 2778 5127; x_wconf 88' lang='lat' dir='ltr'><strong>se</strong></span> <span class='ocrx_word' id='word_1_790' title='bbox 2825 5074 3177 5140; x_wconf 87' lang='lat' dir='ltr'><strong>devoverant,</strong></span> <span class='ocrx_word' id='word_1_791' title='bbox 3223 5072 3365 5128; x_wconf 87' lang='lat' dir='ltr'><strong>velut</strong></span> <span class='ocrx_word' id='word_1_792' title='bbox 3418 5076 3619 5145; x_wconf 84' lang='lat' dir='ltr'><strong>princi-</strong></span> 
     </span>
    </p>
   </div>
   <div class='ocr_carea' id='block_1_111' title="bbox 2035 5162 3613 5231">
    <p class='ocr_par' dir='ltr' id='par_1_111' title="bbox 2035 5162 3613 5231">
     <span class='ocr_line' id='line_1_111' title="bbox 2035 5162 3613 5231; baseline 0.003 -19"><span class='ocrx_word' id='word_1_793' title='bbox 2035 5162 2181 5229; x_wconf 89' lang='lat' dir='ltr'><strong>pium</strong></span> <span class='ocrx_word' id='word_1_794' title='bbox 2216 5170 2353 5219; x_wconf 87' lang='lat' dir='ltr'><strong>erat.</strong></span> <span class='ocrx_word' id='word_1_795' title='bbox 2407 5162 2485 5217; x_wconf 84' lang='lat' dir='ltr'><strong>Ne</strong></span> <span class='ocrx_word' id='word_1_796' title='bbox 2530 5165 2674 5220; x_wconf 91' lang='lat' dir='ltr'><strong>enim</strong></span> <span class='ocrx_word' id='word_1_797' title='bbox 2717 5166 3110 5221; x_wconf 89' lang='lat' dir='ltr'><strong>sacriﬁciorum</strong></span> <span class='ocrx_word' id='word_1_798' title='bbox 3164 5175 3217 5218; x_wconf 88' lang='lat' dir='ltr'><strong>et</strong></span> <span class='ocrx_word' id='word_1_799' title='bbox 3260 5164 3383 5220; x_wconf 81' lang='lat' dir='ltr'><strong>l‘esti</strong></span> <span class='ocrx_word' id='word_1_800' title='bbox 3428 5183 3613 5231; x_wconf 77' lang='lat' dir='ltr'><strong>causa,</strong></span> 
     </span>
    </p>
   </div>
   <div class='ocr_carea' id='block_1_112' title="bbox 2037 5252 3616 5329">
    <p class='ocr_par' dir='ltr' id='par_1_112' title="bbox 2037 5252 3616 5329">
     <span class='ocr_line' id='line_1_112' title="bbox 2037 5252 3616 5329; baseline 0.004 -24"><span class='ocrx_word' id='word_1_801' title='bbox 2037 5263 2091 5305; x_wconf 87' lang='lat' dir='ltr'><strong>ut</strong></span> <span class='ocrx_word' id='word_1_802' title='bbox 2127 5252 2211 5306; x_wconf 81' lang='lat' dir='ltr'><strong>lex</strong></span> <span class='ocrx_word' id='word_1_803' title='bbox 2245 5255 2616 5321; x_wconf 69' lang='lat' dir='ltr'><strong>praecipiebat.</strong></span> <span class='ocrx_word' id='word_1_804' title='bbox 2654 5256 2810 5326; x_wconf 80' lang='lat'><strong>103</strong></span> <span class='ocrx_word' id='word_1_805' title='bbox 2839 5274 2868 5312; x_wconf 90' lang='lat' dir='ltr'><strong>e</strong></span> <span class='ocrx_word' id='word_1_806' title='bbox 2894 5255 3143 5311; x_wconf 86' lang='lat' dir='ltr'><strong>Samaria</strong></span> <span class='ocrx_word' id='word_1_807' title='bbox 3187 5256 3616 5329; x_wconf 83' lang='lat' dir='ltr'><strong>Hierosolymam</strong></span> 
     </span>
    </p>
   </div>
   <div class='ocr_carea' id='block_1_113' title="bbox 2035 5343 3610 5415">
    <p class='ocr_par' dir='ltr' id='par_1_113' title="bbox 2035 5343 3610 5415">
     <span class='ocr_line' id='line_1_113' title="bbox 2035 5343 3610 5415; baseline 0.001 -18"><span class='ocrx_word' id='word_1_808' title='bbox 2035 5351 2283 5411; x_wconf 87' lang='lat' dir='ltr'><strong>peterent</strong></span> <span class='ocrx_word' id='word_1_809' title='bbox 2311 5358 2377 5398; x_wconf 80' lang='lat' dir='ltr'><strong>ex</strong></span> <span class='ocrx_word' id='word_1_810' title='bbox 2412 5343 2609 5399; x_wconf 83' lang='lat' dir='ltr'><strong>Israele</strong></span> <span class='ocrx_word' id='word_1_811' title='bbox 2638 5347 2881 5415; x_wconf 86' lang='lat' dir='ltr'><strong>quidam,</strong></span> <span class='ocrx_word' id='word_1_812' title='bbox 2928 5347 3028 5400; x_wconf 87' lang='lat' dir='ltr'><strong>hoc</strong></span> <span class='ocrx_word' id='word_1_813' title='bbox 3065 5356 3170 5411; x_wconf 87' lang='lat' dir='ltr'><strong>est,</strong></span> <span class='ocrx_word' id='word_1_814' title='bbox 3199 5362 3265 5401; x_wconf 84' lang='lat' dir='ltr'><strong>ex</strong></span> <span class='ocrx_word' id='word_1_815' title='bbox 3307 5350 3492 5403; x_wconf 81' lang='lat' dir='ltr'><strong>decem</strong></span> <span class='ocrx_word' id='word_1_816' title='bbox 3523 5349 3610 5401; x_wconf 85' lang='lat' dir='ltr'><strong>tri-</strong></span> 
     </span>
    </p>
   </div>
   <div class='ocr_carea' id='block_1_114' title="bbox 2034 5436 3614 5510">
    <p class='ocr_par' dir='ltr' id='par_1_114' title="bbox 2034 5436 3614 5510">
     <span class='ocr_line' id='line_1_114' title="bbox 2034 5436 3614 5510; baseline 0.001 -22"><span class='ocrx_word' id='word_1_817' title='bbox 2034 5436 2229 5500; x_wconf 89' lang='lat' dir='ltr'><strong>bubus,</strong></span> <span class='ocrx_word' id='word_1_818' title='bbox 2275 5451 2339 5490; x_wconf 89' lang='lat' dir='ltr'><strong>ac</strong></span> <span class='ocrx_word' id='word_1_819' title='bbox 2368 5436 2564 5491; x_wconf 88' lang='lat' dir='ltr'><strong>deinde</strong></span> <span class='ocrx_word' id='word_1_820' title='bbox 2591 5440 2851 5506; x_wconf 87' lang='lat' dir='ltr'><strong>paulatim</strong></span> <span class='ocrx_word' id='word_1_821' title='bbox 2885 5440 2951 5491; x_wconf 87' lang='lat' dir='ltr'><strong>ad</strong></span> <span class='ocrx_word' id='word_1_822' title='bbox 2984 5454 3165 5495; x_wconf 86' lang='lat' dir='ltr'><strong>mores</strong></span> <span class='ocrx_word' id='word_1_823' title='bbox 3202 5441 3455 5510; x_wconf 88' lang='lat' dir='ltr'><strong>antiquos</strong></span> <span class='ocrx_word' id='word_1_824' title='bbox 3494 5441 3614 5494; x_wconf 81' lang='lat' dir='ltr'><strong>reli-</strong></span> 
     </span>
    </p>
   </div>
   <div class='ocr_carea' id='block_1_115' title="bbox 2034 5528 3616 5599">
    <p class='ocr_par' dir='ltr' id='par_1_115' title="bbox 2034 5528 3616 5599">
     <span class='ocr_line' id='line_1_115' title="bbox 2034 5528 3616 5599; baseline 0.001 -18"><span class='ocrx_word' id='word_1_825' title='bbox 2034 5528 2358 5597; x_wconf 84' lang='lat' dir='ltr'><strong>gionemque</strong></span> <span class='ocrx_word' id='word_1_826' title='bbox 2394 5528 2656 5594; x_wconf 81' lang='lat' dir='ltr'><strong>redirent,</strong></span> <span class='ocrx_word' id='word_1_827' title='bbox 2696 5538 2750 5583; x_wconf 88' lang='lat' dir='ltr'><strong>et</strong></span> <span class='ocrx_word' id='word_1_828' title='bbox 2778 5531 2877 5584; x_wconf 88' lang='lat' dir='ltr'><strong>sub</strong></span> <span class='ocrx_word' id='word_1_829' title='bbox 2920 5544 3087 5599; x_wconf 84' lang='lat' dir='ltr'><strong>regno</strong></span> <span class='ocrx_word' id='word_1_830' title='bbox 3118 5529 3255 5587; x_wconf 87' lang='lat' dir='ltr'><strong>Juda</strong></span> <span class='ocrx_word' id='word_1_831' title='bbox 3291 5541 3494 5596; x_wconf 85' lang='lat' dir='ltr'><strong>essent,</strong></span> <span class='ocrx_word' id='word_1_832' title='bbox 3521 5545 3616 5585; x_wconf 72' lang='lat' dir='ltr'><strong>ex-</strong></span> 
     </span>
    </p>
   </div>
   <div class='ocr_carea' id='block_1_116' title="bbox 2035 5617 3614 5690">
    <p class='ocr_par' dir='ltr' id='par_1_116' title="bbox 2035 5617 3614 5690">
     <span class='ocr_line' id='line_1_116' title="bbox 2035 5617 3614 5690; baseline -0.004 -18"><span class='ocrx_word' id='word_1_833' title='bbox 2035 5619 2293 5687; x_wconf 75' lang='lat' dir='ltr'><strong>cogitavit</strong></span> <span class='ocrx_word' id='word_1_834' title='bbox 2352 5617 2506 5673; x_wconf 84' lang='lat' dir='ltr'><strong>iuitio</strong></span> <span class='ocrx_word' id='word_1_835' title='bbox 2549 5619 2745 5676; x_wconf 82' lang='lat' dir='ltr'><strong>vitulos</strong></span> <span class='ocrx_word' id='word_1_836' title='bbox 2795 5635 2994 5677; x_wconf 84' lang='lat' dir='ltr'><strong>aureos</strong></span> <span class='ocrx_word' id='word_1_837' title='bbox 3053 5622 3367 5686; x_wconf 81' lang='lat' dir='ltr'><strong>Jerubnatn,</strong></span> <span class='ocrx_word' id='word_1_838' title='bbox 3417 5622 3614 5690; x_wconf 78' lang='lat' dir='ltr'><strong>quibus</strong></span> 
     </span>
    </p>
   </div>
  </div>
