4034 6270
494 385 596 440 175

1477 386 1534 440 S.
1574 383 1848 441 CYRILLI
1895 383 2360 442 ALEXANDRINI
2401 385 2719 445 ARCHIEP.

3651 391 3753 445 ιτδ

489 507 734 562 sancitas
786 504 996 576 legibus
1035 504 1382 560 caerimonias
1429 506 1690 562 adhibere
1722 507 1906 577 jussit,
1947 509 2045 579 glo‘

2169 509 2409 576 γένοιντο
2441 509 2741 578 βασιλείαν,
2777 510 3068 579 ἐπενόησεν
3109 509 3165 562 ἐν
3201 509 3394 581 ἀρχαῖς
3428 510 3526 574 τὰς
3564 511 3747 581 δαμάο

487 597 625 651 riam
659 596 772 652 Deo
795 597 1120 652 destinatam
1154 596 1269 650 suis
1289 595 1526 653 inventis
1549 599 1714 654 miser
1738 600 2058 667 decernens,

489 698 544 742 ttt
580 689 683 744 sibi
711 701 931 759 regnum
960 701 1114 742 suum
1151 695 1266 742 tuto
1298 689 1620 758 possideret,
1652 700 1708 747 et
1753 693 1893 748 Deus
1934 708 2060 761 pro-

485 779 620 848 priis
660 777 806 832 velut
835 777 1203 834 fraudaretur.
1240 780 1383 851 Ergo
1431 783 1727 838 ascendere
1763 783 2064 854 Hierosoly-

485 885 624 924 mam
655 869 971 926 Sichimitas
1005 872 1293 928 nonnullos
1325 889 1631 944 aggressos,
1669 874 1835 930 vicini
1876 892 1906 931 e
1949 877 2060 932 Ga-

483 963 600 1016 laad
632 963 682 1016 id
713 961 893 1017 facere
933 964 1327 1032 prohibebant;
1357 981 1690 1036 quanquam,
1727 979 1785 1022 ut
1834 969 1967 1034 dixi,
1995 970 2061 1025 de

483 1053 628 1107 tribu
656 1053 787 1108 Levi
827 1064 1031 1119 essent,
1061 1070 1090 1108 a
1136 1055 1256 1125 lege
1301 1057 1368 1111 ad
1409 1058 1677 1114 sacrificia
1720 1061 1957 1114 curanda
2009 1071 2062 1116 et

456 1144 776 1224 ilactitanda
807 1147 1112 1200 constituti.
1141 1147 1408 1214 Quoniam
1456 1158 1638 1205 autem
1694 1153 2060 1220 operabantur

449 1234 619 1296 ,vana
647 1237 790 1307 (cum
818 1237 1051 1292 artiﬁcio
1079 1238 1222 1292 enim
1267 1239 1410 1294 idola
1439 1241 1871 1313 fabricabantur)
1902 1245 2056 1312 quasi

481 1339 573 1380 ars
620 1325 781 1394 paulo
813 1335 937 1394 post
991 1326 1041 1379 in
1077 1326 1305 1380 nihilum
1354 1328 1486 1396 ipsis
1517 1343 1768 1384 recasura
1812 1329 1973 1396 foret,
2009 1331 2054 1385 si

480 1417 547 1471 tle
590 1425 788 1471 caatcro
820 1415 982 1470 Israel
1025 1416 1290 1471 idolorum
1322 1419 1525 1473 cultum
1570 1430 1935 1487 aversaretur,
1974 1422 2054 1476 ira

479 1508 964 1563 exacerbabantur.
1001 1507 1064 1560 Et
1097 1509 1224 1577 quia
1257 1511 1437 1565 verbis
1477 1527 1588 1567 non
1637 1513 2053 1582 persuadebunt,

479 1599 546 1652 ad
594 1597 755 1666 impia
793 1596 1018 1652 consilia
1059 1608 1115 1652 et
1152 1598 1294 1652 facta
1343 1599 1764 1658 descendebant.
1810 1603 2056 1658 Colloca-

479 1689 609 1744 bant
632 1689 776 1743 enim
818 1688 1082 1758 quosdam
1114 1688 1169 1742 in
1207 1689 1388 1745 medio
1419 1692 1629 1760 itinere,
1661 1695 1749 1762 qui
1783 1694 2053 1750 latronum

476 1797 626 1836 more
683 1787 1063 1851 grassarentur
1096 1821 1111 1847 ,
1153 1791 1208 1835 et
1253 1781 1570 1840 Sicbimitas
1618 1784 2050 1857 Hierosolymam

477 1875 607 1944 ipsis
651 1875 835 1930 invitis
865 1878 1160 1934 ascendere
1201 1879 1554 1934 instituentes
1597 1889 1920 1935 mactarent.
1948 1880 2048 1947 Qui
2082 1860 2124 1914 Β

475 1977 654 2020 autem
689 1967 852 2023 salvis
905 1969 1227 2040 corporibus
1256 1985 1443 2026 eorum
1489 1970 2047 2040 manusell‘ugissent,

475 2059 719 2114 destituti
747 2061 854 2128 liis,
882 2077 1002 2131 quae
1034 2063 1100 2118 ad
1127 2063 1456 2118 sacriﬁcium
1503 2063 1881 2132 apportabant,
1915 2061 2052 2116 ditii-

473 2152 650 2206 cttlter
681 2153 733 2206 in
767 2155 1002 2222 patriam
1031 2154 1304 2210 redibant.
1335 2152 1705 2223 Reprehendit
1733 2153 1900 2224 igitur
1927 2154 2049 2208 uni-

477 2258 762 2298 versorum
789 2245 932 2299 Deus
958 2243 1295 2311 Galaaditas,
1330 2246 1471 2314 quod
1505 2259 1626 2300 cum
1654 2253 1712 2300 ut
1735 2243 1958 2311 Levitae,
1997 2254 2054 2300 et

471 2336 862 2402 sacerdotium,
893 2344 946 2392 et
977 2335 1098 2392 aliis
1126 2337 1401 2409 praeeundi
1448 2335 1682 2396 ollicium
1727 2337 1930 2404 sortiti,
1963 2351 2050 2392 se-

472 2428 652 2481 ductis
713 2428 855 2482 viam
921 2430 1137 2499 pietatis
1200 2428 1550 2500 conspicuam
1597 2444 1661 2484 ac
1704 2428 2048 2485 manifestam

476 2517 706 2570 reddere
734 2517 1018 2585 deberent,
1052 2519 1156 2588 ipsi
1186 2529 1380 2579 contra
1405 2533 1525 2573 eam
1556 2519 1913 2584 occultarent,
1943 2533 2048 2572 non

472 2608 713 2664 sinentes
753 2619 900 2666 recte
932 2625 1124 2681 sapere
1153 2619 1246 2666 aut
1284 2620 1478 2680 suopte
1510 2610 1758 2677 consilio,
1785 2619 1880 2665 aut
1903 2620 2050 2666 certe

471 2715 708 2770 superna
740 2703 912 2772 gratia
955 2715 1334 2773 compunctos,
1391 2705 1460 2760 ad
1508 2719 1648 2760 onus
1697 2703 2049 2760 daetnoniacae

468 2790 808 2859 deceptionis
834 2791 1096 2863 deinceps
1127 2795 1535 2850 excutiendum.
1564 2793 1825 2865 Aitergo,
1863 2812 1881 2846 ι
1921 2797 2045 2848 abs-

475 2882 781 2937 conderunt
862 2885 1177 2940 sacerdotes
1224 2885 1370 2940 viam
1426 2884 1662 2939 Domini.
1703 2903 1722 2938 ι
1763 2885 1878 2940 Hoc
1918 2885 2047 2940 item

467 2981 572 3039 est,
615 2973 758 3042 quod
810 2973 878 3028 ab
929 2974 1036 3028 alio
1083 2975 1348 3044 propheta
1404 2974 1525 3030 aliis
1575 2975 1761 3030 verbis
1807 2975 2046 3030 dicitur:

472 3083 494 3115 ο
537 3062 863 3118 Sacerdotes
911 3078 1018 3119 non
1063 3064 1336 3129 dixerunt,
1375 3062 1480 3120 Ubi
1526 3073 1610 3120 est
1653 3065 1950 3120 Dominus?
1995 3076 2049 3120 et

468 3153 790 3224 proﬁtentes
817 3153 990 3226 legem
1021 3157 1343 3212 nesciebant
1371 3170 1459 3212 me
1484 3197 1500 3225 ,
1528 3165 1584 3213 et
1608 3165 1855 3228 pastores
1884 3157 2048 3226 impie

2165 598 2278 660 λεις
2310 597 2611 669 ’1εροϐοὶμ,
2641 598 2734 651 καὶ
2762 597 3003 668 πληροῦν
3043 597 3293 651 ἐκέλευεν
3331 600 3420 651 ἐπ’
3458 601 3650 663 αὐταῖς
3676 602 3749 654 τὰ

2165 689 2553 760 νενομισμένα,
2606 690 2704 760 τὴν
2751 688 2830 759 τῷ
2883 689 3002 760 Θεῷ
3058 691 3373 762 πρέπουσαν
3418 693 3573 757 δόξαν
3630 697 3746 756 τοῖς

2166 780 2316 844 ἰδίοις
2348 781 2644 853 εὐρέμασιν
2687 783 2946 836 ἀνάπτων
2987 785 3016 836 6
3053 782 3314 846 δείλαιοςο
3361 783 3428 838 ἵν’
3480 786 3592 854 ἔχοι
3645 786 3747 855 μὲν

2162 872 2322 936 αὐτὸς
2349 873 2409 926 τὸ
2441 874 2746 944 βασιλεύειν
2777 875 3053 945 ἀσφαλῶς,
3081 877 3439 948 ἀποστεροῖτο
3470 878 3526 930 δὲ
3549 877 3743 948 ὥσπερ

2161 963 2267 1016 τῶν
2297 963 2441 1017 ἰδίων
2473 966 2621 1029 Θεός.
2669 966 2878 1020 Οὐκοῦν
2912 968 3228 1022 ἀναϐαίνειν
3272 969 3356 1032 εἰς
3391 969 3743 1039 Ἱεροσόλυμα

2159 1055 2266 1109 τῶν
2314 1057 2422 1109 ἀπὸ
2466 1057 2707 1127 Σικίμων
2780 1060 3100 1131 ἐπεχείρουν
3149 1060 3314 1124 τινὲς,
3375 1060 3638 1130 ἀπεῖργον
3685 1061 3743 1113 δὲ

2158 1147 2315 1201 τοῦτο
2364 1149 2496 1220 δρᾷν
2545 1151 2594 1202 οί
2647 1151 2756 1204 ἀπὸ
2812 1151 2914 1222 τῆς
2958 1152 3199 1220 γείτονος
3241 1150 3477 1217 Γαλαὰδ,
3535 1153 3739 1212 καίτοι,

2160 1240 2408 1311 καθάπερ
2445 1240 2602 1312 ἑφην,
2634 1241 2693 1306 ἐξ
2721 1243 2950 1312 αἵματος
2987 1243 3138 1307 ὄντες
3188 1243 3499 1308 Λευῖτικοῦ,
3546 1259 3744 1311 τεταγ-

2162 1329 2310 1399 μένοι
2356 1331 2511 1383 κατά.
2545 1332 2636 1385 τὸν
2680 1337 2842 1402 νόμον
2886 1335 2966 1395 εἰς
3011 1333 3345 1404 ἱερουργίαν.
3393 1333 3612 1404 Ἐπειδὴ
3681 1333 3740 1384 δὲ

2158 1420 2472 1492 εἰργάζοντο
2492 1422 2558 1476 τὰ
2586 1423 2789 1492 μάταια
2803 1425 3138 1496 (τεχνουργοὶ
3161 1425 3270 1496 γὰρ
3288 1420 3428 1495 ἦσαν
3457 1423 3736 1491 εἰδώλων),

2158 1515 2233 1576 ὼς
2259 1515 2382 1568 ὅσον
2413 1515 2625 1569 οὐδέπω
2675 1517 2774 1586 τῆς
2807 1517 3001 1587 τέχνης
3031 1517 3214 1578 αὐτοῖς
3254 1514 3618 1585 οἰχησομένης
3657 1515 3736 1574 εἰς

2156 1601 2218 1655 τὸ
2257 1605 2444 1675 μηδὲν,
2473 1607 2522 1658 εἰ
2563 1609 2882 1675 παραιτοῖτο
2914 1605 3099 1658 λοιπὸν
3128 1605 3366 1668 εἰδώλοις
3392 1604 3682 1674 λατρεύειν
3706 1604 3734 1654 6

2170 1693 2403 1764 Ἰσραὴλ,
2455 1696 2940 1766 κατεπικραίνοντο
2987 1695 3123 1764 πρὸς
3165 1695 3352 1764 ὀργάς.
3407 1695 3496 1757 Ὦς
3539 1693 3598 1746 δὲ
3634 1693 3734 1745 οὐκ

2157 1786 2381 1840 ἔπειθον
2408 1786 2606 1856 λόγοις,
2656 1789 2744 1840 ἐπ’
2788 1789 3033 1851 ἀνοσίους
3071 1783 3234 1858 ἦλθον
3281 1786 3482 1857 βουλάς
3526 1803 3586 1838 τε
3639 1785 3731 1838 καὶ

2154 1877 2404 1949 πράξεις.
2442 1879 2861 1950 Παρεσκεύαζον
2903 1880 3011 1950 γάρ
3049 1896 3202 1940 τινας
3245 1878 3385 1930 κατά
3433 1877 3604 1947 μέσην
3633 1876 3730 1946 τὴν

2153 1971 2271 2025 ὁδὸν
2287 1969 2608 2041 λῃστρικαῖς
2635 1971 2842 2039 ἐφόδοις
2871 1971 3192 2041 κεχρῆσθαι,
3218 1969 3314 2022 καὶ
3338 1969 3506 2039 φονᾷν
3525 1967 3730 2038 ἀγρίως

2153 2063 2296 2132 κατά
2327 2061 2646 2132 Σικιμιτῶν,
2678 2063 2726 2115 εἰ
2765 2063 3079 2116 ἀναϐαίνειν
3111 2061 3316 2113 ἑλοιντο
3343 2059 3498 2130 παρά
3534 2058 3598 2110 τὸ
3635 2059 3730 2111 αὐι

2152 2130 2266 2213 τοῖς
2294 2130 2482 2204 δοκοῦν
2529 2152 2606 2214 εἰς
2643 2152 3013 2222 Ἱεροσόλυμα.
3045 2153 3157 2205 Καὶ
3202 2150 3443 2203 πλεῖστοι
3479 2149 3579 2219 μὲν
3614 2149 3728 2202 ὅσοι

2151 2241 2489 2296 διολώλασιν.
2541 2243 2604 2294 υἰ
2663 2243 2720 2296 δὲ
2762 2243 2899 2306 ὅλως
2947 2245 3390 2313 ἀνασεσωσμένοι
3416 2282 3432 2306 ,
3486 2244 3581 2297 καὶ
3627 2243 3726 2313 τῆς

2152 2332 2376 2386 ἐκείνων
2407 2332 2588 2404 χειρὸς
2619 2333 2958 2405 ἀποδραμεῖν
3015 2334 3362 2404 ἰσχύσαντες,
3397 2334 3592 2405 ἔρημοι
3633 2350 3727 2401 γε·

2151 2427 2366 2495 γονότες
2422 2421 2497 2479 ῶν
2539 2426 2864 2496 ἐπεφέροντο
2910 2426 3046 2497 πρὸς
3092 2425 3304 2492 θυσίαν,
3348 2427 3727 2496 ἀνεκομίζοντο

2154 2518 2304 2589 μόλις
2337 2518 2416 2581 εἰς
2441 2517 2539 2587 τὴν
2566 2515 2798 2571 ἑαυτῶν.
2839 2517 3094 2586 Ἐγκαλεῖ
3136 2518 3314 2573 τοίνυν
3345 2520 3460 2581 τοῖς
3497 2517 3606 2570 ἀπὺ
3631 2519 3726 2586 τῆς

2151 2609 2363 2665 Γαλαὰδ
2390 2613 2418 2663 6
2437 2609 2544 2664 τῶν
2565 2609 2701 2664 ὅλων
2724 2610 3023 2681 Δεσπότης,
3047 2611 3127 2665 ὅτι
3158 2611 3333 2665 καίτοι
3355 2609 3556 2680 μᾶλλον
3576 2608 3724 2677 ὀφεί-

2151 2701 2330 2763 λοντες
2359 2701 2436 2764 ὡς
2471 2699 2720 2764 Λευῖται,
2764 2701 2860 2754 καὶ
2891 2701 3184 2772 ίερουργοὶ,
3224 2700 3316 2754 καὶ
3353 2701 3411 2752 τὸ
3467 2699 3726 2768 καθηγεῖ-

2153 2793 2277 2846 σθαι
2320 2791 2428 2846 τῶν
2461 2792 2636 2847 ἄλλων
2667 2791 2947 2862 λαχόντες,
2991 2792 3136 2846 κατὰ
3183 2792 3274 2844 τδν
3318 2790 3481 2861 νόμον
3521 2789 3729 2860 ἐναργῆ

2149 2887 2264 2948 τοῖς
2309 2884 2746 2955 πεπλανημένοις
2785 2883 2885 2955 τὴν
2923 2883 3026 2954 τῆς
3079 2884 3361 2948 εὐσεϐείας
3407 2884 3731 2952 ἀποφαίνειν

2149 2977 2289 3044 ὁδὸν,
2326 2978 2391 3030 ἔκ
2422 2976 2531 3030 τῶν
2554 2975 2812 3030 ἐναντίων
2839 2977 2934 3030 καὶ
2957 2975 3312 3046 κρύπτουσιν,
3343 2975 3478 3046 ὀρθά
3511 2977 3734 3046 φρονεῖν

2149 3067 2250 3120 οὐκ
2277 3065 2475 3128 ἐῶντες
2512 3065 2640 3128 τοὺς
2679 3065 2736 3131 ἐξ
2769 3065 2905 3128 ἰδίας
2936 3065 3147 3134 βουλῆς,
3181 3065 3348 3133 ἦγουν
3383 3063 3475 3116 καὶ
3513 3065 3578 3116 ἐκ
3617 3063 3729 3134 τῆς

2151 3157 2357 3212 ἀνωθεν
2392 3156 2676 3228 εὐμενείας
2724 3155 3228 3226 κατανενυγμένους
3273 3157 3352 3217 εἰς
3397 3153 3458 3206 τὸ
3502 3153 3735 3208 ἑλέσθαι

469 3245 701 3316 agebant
726 3244 781 3299 in
819 3259 908 3300 me
939 3245 1006 3300 ".
1048 3264 1067 3299 ι
1106 3245 1290 3317 Neque
1318 3261 1450 3303 vero
1480 3247 1570 3304 hic
1613 3246 1819 3304 scelera
1851 3246 2045 3302 Galaa—

2149 3248 2333 3302 λοιπὸν
2371 3248 2471 3319 τὴν
2509 3247 2618 3300 τῶν
2670 3247 2962 3318 δαιμονίων
2993 3246 3460 3317 ἀποφορτίσασθαι
3491 3245 3730 3314 πλάνην.

467 3337 703 3392 ditarum
753 3338 1094 3407 quieverunt.
1140 3338 1276 3394 Nam
1326 3348 1693 3410 praeterquam
1723 3341 1867 3410 quod
1898 3340 2042 3396 viam

469 3429 682 3484 Domini
728 3430 1146 3497 absconderem,
1187 3432 1352 3486 etiam
1407 3431 1718 3486 Sicbimitas
1752 3445 1848 3500 per
1881 3430 2046 3484 latro-

467 3521 672 3575 cinium
713 3529 994 3590 raptantes
1023 3523 1438 3578 interﬁciebant.
1468 3521 1832 3590 Quamobrem
1882 3532 1937 3578 et
1971 3523 2045 3576 ita

465 3612 668 3668 Galaad
701 3613 1100 3684 alloquebatur,
1143 3633 1162 3668 ι
1207 3613 1281 3670 Et
1316 3615 1576 3671 fortitudo
1609 3623 1699 3669 tua
1733 3621 1790 3669 ut
1828 3614 1927 3670 viri
1962 3615 2046 3684 pi-

468 3715 620 3760 ratae.
665 3725 684 3759 ι

2155 3356 2176 3392 ι
2208 3338 2494 3410 Ἐκρυψαν
2529 3357 2547 3390 ›
2578 3339 2780 3403 τοίνυν,
2809 3337 2998 3408 φησὶν,
3035 3356 3054 3388 ι
3093 3339 3260 3407 ἱερεῖς
3289 3335 3406 3388 ὁδὸν
3439 3334 3669 3405 Κυρίου.
3704 3353 3724 3386 ι

2151 3430 2321 3485 Τοῦτο
2364 3430 2525 3484 πάλιν
2569 3431 2717 3483 ἐστὶν
2762 3429 2962 3500 ἑτέρως
3013 3431 3074 3481 τὸ
3113 3429 3180 3481 δι’
3217 3427 3407 3498 ἑτέρου
3445 3429 3728 3498 προφήτου

2149 3522 2338 3592 σαφῶς
2377 3523 2697 3593 εἰρημένον·
2735 3541 2752 3572 ι
2789 3523 2851 3575 Oi
2891 3522 3052 3591 ἱερεῖς
3095 3521 3194 3573 οὐκ
3241 3516 3422 3574 εἶπαν·
3453 3519 3565 3575 Ποῦ
3611 3520 3726 3572 ἑστι

2147 3618 2386 3690 Κύριος;
2417 3617 2512 3670 καὶ
2541 3618 2589 3669 οί
2619 3617 2968 3687 ἀντεχόμενοι
2997 3613 3090 3666 τοῦ
3121 3613 3286 3685 νόμου
3310 3613 3409 3666 οὐκ
3429 3611 3728 3681 ἠπίσταντό

2147 3724 2237 3778 με,
2269 3707 2363 3760 καὶ
2388 3707 2438 3758 οἰ
2469 3705 2726 3776 ποιμένες
2758 3705 2988 3773 ἠσέϐουν
3027 3705 3105 3767 εἰς
3136 3703 3254 3773 ἐμέ.
3289 3722 3307 3754 ι
3357 3701 3500 3754 Ἀλλ’
3529 3701 3590 3752 οὐ
3625 3699 3723 3769 μέν

465 3816 558 3868 χρι
583 3799 773 3852 τούτου
800 3798 910 3854 τῶν
934 3799 1281 3854 Γαλααδιτῶν
1301 3799 1372 3854 τά
1398 3800 1734 3872 γεννήματα.
1758 3799 1903 3871 Πρὸς
1927 3798 2036 3873 γὰρ
2073 3796 2153 3869 τῷ
2198 3797 2402 3869 κρύψαι
2439 3796 2538 3866 τὴν
2602 3795 2718 3847 ὁδὸν
2747 3796 2954 3866 Κυρίου
2989 3795 3084 3848 καὶ
3135 3794 3466 3848 ἀπεκτόνασι
3499 3791 3721 3861 Σίκιμα,

469 3894 658 3966 χερσὶν
686 3896 1052 3967 ὑποφέροντες
1094 3897 1436 3968 λῃστρικαῖς.
1467 3897 1566 3950 Διά
1613 3897 1723 3968 γὰρ
1761 3897 1920 3951 τοῦτο
1959 3896 2053 3950 καὶ
2092 3896 2299 3966 ἔφασκε
2373 3894 2509 3966 πρὸς
2542 3891 2778 3958 Γαλαὰδ,
2813 3911 2831 3943 ι
2867 3893 2977 3947 Καὶ
3012 3895 3045 3963 ἡ
3108 3891 3260 3964 ἰσχύς
3299 3908 3392 3945 σου
3429 3891 3504 3953 ὼς
3533 3887 3716 3958 ἀνδρὸς

460 4005 745 4060 πειρατου.
789 4005 806 4041 ι

530 4081 787 4148 Pcrspice
829 4089 1010 4136 autem
1041 4081 1310 4148 quomodo
1355 4079 1788 4136 recordationem
1832 4079 2032 4134 veteris

458 4170 701 4228 historia
737 4171 878 4228 Deus
925 4171 1083 4228 nobis
1122 4182 1367 4239 renovat,
1404 4181 1758 4238 veterumque
1809 4170 2037 4226 delicto-

457 4279 579 4318 rum
623 4261 753 4316 Levi
783 4264 1046 4318 meminit.
1090 4262 1242 4330 Quod
1290 4263 1433 4330 dido,
1469 4272 1553 4319 est
1599 4263 1866 4334 ejusmodi
1916 4277 2037 4316 rur-

456 4367 598 4406 sum.
637 4350 772 4404 Dina
814 4350 1007 4416 Jacob,
1058 4351 1171 4407 sive
1219 4351 1434 4408 lsraelis
1484 4353 1591 4406 [ilia
1636 4353 1924 4422 (mutatum
1954 4359 2037 4406 est

454 4443 600 4498 enim
631 4444 704 4499 illi
739 4459 933 4499 nomen
961 4440 1128 4498 Jacob
1153 4443 1206 4497 in
1241 4443 1400 4514 ιοιι,
1431 4442 1595 4498 Israel
1619 4444 1678 4514 ¹)
1707 4459 1923 4513 egressa
1954 4451 2036 4498 est

2207 4073 2350 4144 Ὅρα
2393 4071 2451 4124 δέ
2494 4071 2643 4132 ὅπως
2679 4071 2760 4133 εἰς
2803 4069 3108 4139 ἀνάμνησιν
3159 4069 3259 4138 τῆς
3294 4067 3527 4138 ἀρχαίας
3576 4069 3720 4139 ἡμᾶς

2137 4163 2378 4234 ἱστορίας
2419 4161 2687 4233 ἀποφέρει
2733 4161 2886 4227 Θεὸς,
2933 4161 3028 4213 καὶ
3062 4159 3310 4212 παλαιῶν
3358 4159 3721 4230 ἐγκλημάτων

2134 4255 2502 4326 διαμέμνηται
2529 4254 2624 4308 τοῦ
2663 4254 2816 4308 Λευῖ.
2855 4254 3012 4306 Ἔστι
3045 4252 3102 4304 δέ
3135 4253 3163 4305 ὃ
3211 4269 3354 4322 φημι
3386 4252 3630 4306 τοιοῦτόν
3667 4269 3722 4304 τι

2135 4344 2319 4398 πάλιν.
2352 4343 2482 4397 Δίνα
2515 4344 2614 4413 μὲν
2644 4343 2753 4414 γὰρ
2783 4344 2816 4412 ἡ
2839 4341 2932 4394 τοῦ
2971 4339 3193 4405 Ἰακὼϐ,
3224 4342 3344 4411 ἦτοι
3373 4340 3468 4394 τοῦ
3505 4339 3722 4409 Ἰσραὴλ

2138 4434 2389 4505 θυγάτηρ
2419 4433 2864 4504 (μετωνόμασται
2893 4431 3001 4503 γὰρ
3036 4431 3230 4485 Ἰακὼϐ
3265 4434 3346 4496 εἰς
3379 4433 3439 4484 τὸ
3480 4428 3715 4498 Ἰσραὴλ)

455 4538 745 4608 aliquando
773 4551 803 4593 e
832 4536 1066 4592 tentorio
1100 4536 1291 4606 patris,
1312 4536 1454 4606 quod
1483 4536 1620 4590 ﬁlias
1649 4537 2029 4605 indigenarum

2149 4528 2324 4602 ἐξῆλθέ
2353 4543 2480 4580 ποτε
2503 4527 2602 4596 τῆς
2636 4525 2730 4579 τοῦ
2757 4527 2964 4598 πατρὸς
3003 4526 3232 4596 σκηνῆς·
3265 4527 3581 4597 ἐπεθύμησε
3608 4528 3721 4598 γὰρ

455 4631 638 4686 videre
667 4637 910 4697 cuperet.
940 4627 1074 4682 Erat
1112 4641 1276 4696 porro
1319 4627 1372 4682 in
1406 4627 1681 4683 Sicltimis.
1713 4627 1849 4681 Tum
1896 4641 2029 4681 con-

453 4733 640 4792 specta
694 4719 893 4790 puella,
924 4718 1146 4774 Emmor
1193 4717 1336 4774 ﬁlius
1387 4718 1606 4775 Sicbem
1639 4719 1704 4774 de
1738 4718 2031 4789 improviso

452 4825 820 4884 compressam
845 4807 1162 4881 virginitate
1196 4810 1364 4864 exuit.
1391 4810 1446 4865 ld
1472 4809 1816 4880 iniquissime
1845 4809 2026 4864 feren-

453 4915 536 4962 tes
581 4901 1002 4960 adolescentulzn
1049 4901 1247 4956 fratres
1298 4900 1429 4958 Levi
1465 4911 1520 4958 et
1551 4901 1797 4966 Simeon,
1851 4901 2028 4956 dolum

453 5005 694 5052 struunt.
732 4994 1052 5050 Sicbimitas
1077 4992 1361 5060 inducunt,
1393 4993 1469 5047 uti
1503 5007 1562 5048 se
1592 4992 1906 5048 circumcidi
1936 5007 2030 5062 pa-

421 5074 679 5144 'tiantur.
721 5088 839 5155 Quo
883 5087 1049 5151 facto,
1080 5085 1258 5140 adhuc
1304 5101 1335 5140 e
1383 5086 1608 5140 vulnere
1655 5087 1818 5140 etiam
1866 5095 2030 5154 atque

451 5179 614 5235 etiam
643 5181 1096 5246 vehementerque
1121 5175 1386 5240 dolentes,
1412 5176 1478 5229 ad
1520 5191 1682 5229 unum
1721 5191 1914 5231 omnes
1933 5174 2026 5244 ju-

451 5269 674 5341 gulant,
724 5269 852 5323 illud
922 5266 1106 5338 patri,
1166 5265 1516 5334 impotentem
1561 5278 1748 5318 eorum
1812 5265 2027 5319 iracun-

452 5360 595 5414 diam
660 5358 942 5429 castiganti
1018 5356 1431 5426 respondentes,
1507 5373 1524 5406 ι
1582 5353 1718 5410 Num
1759 5365 2020 5424 tanquam

451 5456 636 5504 scorto
667 5457 886 5503 utentur
936 5464 1126 5504 sorore
1171 5447 1397 5504 nostra?
1430 5465 1449 5498 ι
1486 5445 1807 5516 l-lnjusntodi
1850 5447 2024 5502 histo-

451 5543 588 5597 riam
609 5553 750 5593 nunc
782 5539 834 5592 in
866 5541 1184 5594 memoriam
1215 5540 1370 5595 nobis
1398 5539 1614 5611 redigit,
1643 5556 1766 5595 cunt
1791 5539 2023 5609 quadam

451 5634 781 5696 urbanitate,
829 5644 892 5683 ac
933 5630 1366 5686 dissimulatione
1412 5634 1617 5700 (licens,
1666 5653 1682 5684 ‹
1733 5629 2025 5686 ὶιιῑργίυςυο

510 5797 553 5828 ”
590 5813 702 5871 Jer.
734 5828 796 5882 tt,
827 5808 881 5863 8.
966 5806 1143 5875 '_Gen.
1172 5808 1452 5874 xxxn,98.

2139 4623 2266 4675 ἰδεῖν
2303 4620 2400 4683 τάς
2437 4619 2548 4672 τῶν
2587 4619 2867 4690 ἐγχωρίων
2921 4617 3246 4688 θυγατέρας.
3293 4614 3402 4671 Ἦν
3433 4618 3492 4670 δὲ
3528 4621 3585 4670 ἐν
3627 4620 3720 4670 Σι-

2136 4713 2336 4782 κίμοις.
2380 4705 2509 4762 Εἶτα
2550 4709 2646 4781 τὴν
2687 4709 2954 4780 παρθένον
2994 4708 3170 4779 εὑρὼν
3207 4708 3438 4780 Ἑμμὼρ
3474 4713 3504 4763 6
3539 4710 3722 4779 Συχὲμ

2136 4805 2284 4870 υἱὸς,
2328 4803 2604 4874 ἀδοκήτως
2671 4801 3049 4866 κατεϐιάζετο·
3107 4802 3533 4873 διεπαρθένευσε
3587 4803 3716 4872 γάρ.

2135 4894 2603 4966 Δεδυσφορηκότες
2633 4894 2812 4947 τοίνυν
2847 4893 2986 4964 πρὸς
3026 4891 3184 4946 τοῦτο
3215 4893 3336 4946 λίαν
3371 4894 3421 4946 οἰ
3452 4893 3555 4962 τῆς
3593 4896 3721 4947 νεά-

2139 4989 2277 5051 νιδος
2323 4987 2569 5055 ἀδελφοὶ,
2612 4986 2742 5040 Λευῖ
2786 5003 2846 5038 τε
2874 4986 2969 5040 καὶ
2998 4985 3232 5056 Σιμεὼν,
3262 4986 3410 5038 δόλον
3438 4985 3718 5057 ἀρτύουσι.

2137 5079 2566 5151 Περιτέμνεσθαι
2598 5079 2707 5149 γὰρ
2743 5079 3028 5134 ἀνέπειθον
3056 5079 3185 5140 τοὺς
3212 5078 3319 5132 ἀπὸ
3351 5079 3617 5149 Σικίμων.
3647 5074 3721 5130 Οὗ

2133 5169 2198 5241 δὴ
2241 5170 2542 5240 γεγονότος,
2571 5169 2869 5239 ἀλγοῦντας
2913 5169 2993 5221 ἑτι
3047 5169 3140 5223 καὶ
3176 5171 3297 5232 ταῖς
3327 5168 3546 5230 ὀδύναις
3579 5185 3717 5221 νενι-
3764 5227 3770 5240 ,

2135 5266 2408 5336 κημένους
2451 5265 2619 5336 ἄρδην
2648 5263 3034 5327 ἀπεκτόνασιν,
3068 5264 3246 5314 ἐκεῖνο
3274 5261 3527 5329 λέγοντες
3555 5263 3694 5328 ἐγκα
3767 5253 3775 5288 ί

2132 5357 2308 5410 λοῦντι
2346 5357 2422 5427 τῷ
2461 5357 2630 5426 πατρί
2655 5355 2716 5408 τὸ
2742 5355 2993 5423 ἀχάλινον
3028 5354 3108 5415 εἰς
3134 5353 3336 5422 ὀργάς·
3366 5370 3384 5402 ι
3421 5349 3724 5405 Ἀλλ’ὼσεὶ

2131 5448 2304 5518 πόρνῃ
2348 5448 2640 5517 χρήσονται
2680 5447 2747 5515 τῇ
2789 5443 2989 5511 ἀδελφῇ
3039 5441 3228 5510 ἡμῶν;
3257 5459 3275 5491 ι
3317 5440 3430 5509 Τῆς
3463 5436 3724 5506 τοιαύτης

2133 5539 2372 5610 ἱστορίας
2408 5541 2555 5608 ἡμᾶς
2605 5539 2682 5598 εἰς
2729 5535 3034 5603 ἀνάμνησιν
3089 5530 3356 5602 ἀποφέρει
3407 5529 3525 5593 νῦν,
3585 5528 3724 5598 μετά

2133 5647 2272 5693 τινος
2302 5631 2462 5700 ἤθους
2487 5631 2678 5696 λέγων,
2715 5646 2732 5678 ι
2774 5627 3098 5695 Ἐφόνευσαν
3129 5625 3353 5692 Σίκιμα,
3382 5624 3463 5678 ὅτι
3489 5621 3726 5692 ἀνομίαν
