4034 6270
285 466 391 523 I77

1198 474 1751 542 COMMENTARIUS
1786 484 1857 542 IN
1892 486 2128 551 OSEAM
2168 495 2616 558 PROPHETAM.

3445 512 3552 571 I78

280 577 542 651 ἱποίησαν
573 579 632 633 ἐν
660 579 738 653 τῷ
764 583 896 655 οἴκῳ
932 584 1165 660 Ἰσραήλ.
1190 610 1208 642 ι
1249 592 1438 663 Τοῦτο,
1476 601 1662 669 φησιν,
1698 603 1850 671 ἐγκα-

1969 622 2094 665 rnnt
2129 612 2393 683 Sichima,
2435 621 2561 688 quia
2613 622 2956 692 iniquitatem
3000 624 3245 681 fecerunt
3287 625 3342 681 in
3388 626 3550 682 domo

281 671 503 736 λοῦντες
539 673 689 740 τότε,
741 677 825 730 ὅτι
873 678 1404 755 πεπλημμελήκασιν
1447 691 1527 753 εἰς
1579 692 1669 747 τὸν
1717 691 1867 751 οἷκον

291 761 511 860 Ἰακὼϐ,
552 764 674 834 ἦτοι
720 767 816 820 τοῦ
867 769 1114 842 Ἰσραὴλ,
1159 774 1723 849 διαπαρθενεύσαντες
1770 787 1867 860 τὴν

279 849 511 917 νεάνιδα,
556 853 810 928 ταύτῃτοι
857 858 951 911 καὶ
992 862 1153 932 ἡμεῖς
1200 866 1583 941 ἀπεκτείναμεν
1633 849 1860 948 Σίκιμα.

288 944 447 999 Ἀλλά
475 943 572 999 νῦν
601 944 1010 1014 ἐϐουλεύσαντο,
1038 954 1223 1023 φησὶν,
1252 957 1583 1032 ἐπιπρέψαι
1608 966 1748 1038 πρὸς
1760 943 1864 1024 τὸν

274 1035 427 1100 θεὸν,
455 1032 738 1108 ἀγαπῆσαι
767 1039 837 1093 τὰ
873 1041 933 1093 ὲν
964 1043 1134 1115 νόμῳ,
1167 1047 1456 1121 πληρῶσαι
1501 1032 1715 1126 Θυσίας,
1732 1032 1865 1113 Ϋὲπι-

273 1124 448 1216 τελεῖν
474 1127 683 1199 ἑορτάς,
712 1129 1078 1204 ἀποφοιτῆσαι
1111 1136 1297 1194 λοιπὸν
1318 1141 1430 1197 τῶν
1457 1145 1557 1216 τῆς
1577 1124 1862 1205 εἰδωλολα-

270 1213 455 1285 τρείας
479 1217 773 1289 λογισμῶν.
801 1221 869 1273 Τί
894 1217 989 1277 οὖν
1020 1225 1069 1278 οἱ
1095 1226 1354 1297 Λευῖται;
1391 1252 1409 1285 ι
1436 1213 1721 1308 Ἐκρυψαν
1763 1242 1862 1314 τὴν

271 1303 393 1359 ὁδὸν
439 1307 671 1379 Κυρίου,
711 1310 1010 1380 ἐφόνευσαν
1051 1318 1273 1391 Σίκιμα.
1302 1341 1321 1375 ι
1352 1324 1425 1378 Ἣ
1454 1303 1596 1399 τάέα
1625 1303 1721 1385 καὶ
1764 1303 1861 1388 νέν

267 1396 521 1465 ἐγκαλεῖν
549 1399 787 1472 ἔχουσιν,
826 1405 908 1459 ὅτι
958 1407 1188 1480 ἀνομίαν
1217 1414 1482 1485 ἐποίησαν
1524 1396 1585 1473 εν
1613 1419 1693 1491 τῷ
1722 1423 1859 1495 οἴκῳ

277 1491 528 1563 Ἰσραήλ;
579 1493 718 1549 Ποία
751 1496 849 1549 καὶ
892 1496 989 1553 νῦν
1037 1500 1268 1574 ὑϐρίσθη
1313 1508 1528 1576 νεᾶνις;
1569 1512 1651 1575 είς
1696 1491 1857 1568 ποίαν

263 1579 429 1634 Δίναν
484 1579 828 1674 ὲξήμαρτονς
873 1588 1005 1642 ποῖα
1048 1591 1347 1663 Σικιμιτῶν
1395 1598 1464 1652 τὰ
1499 1601 1852 1674 ὲγκλήματας

262 1669 379 1723 τῶν
424 1673 800 1743 τετιμηκότων
844 1675 1001 1746 Θεὸν,
1043 1681 1151 1735 τῶν
1195 1685 1562 1757 ἡγαπηκότων
1608 1669 1684 1746 τά-
1718 1669 1855 1767 ὀρθά

262 1761 458 1815 λοιπὸν
485 1762 703 1853 ἑλέσθαι
734 1770 973 1837 φρονεῖν,
1004 1772 1095 1826 καὶ
1123 1774 1511 1848 ἀποπεραίνειν
1534 1761 1853 1853 ἐπείγεσθαι

258 1851 330 1902 τὰ
376 1851 435 1904 ἐν
471 1852 643 1925 νόμῳ.
682 1874 701 1908 ι
728 1856 1008 1931 Τεθέαμαι
1039 1881 1058 1915 ι
1086 1865 1288 1931 τοίνυν,
1316 1870 1483 1941 φησὶ,
1529 1890 1548 1925 ι
1579 1851 1851 1946 φρίκωδε-

261 1941 474 2033 στάτην
520 1943 621 2015 τὴν
676 1947 796 2001 ἐκεῖ
855 1952 1113 2023 πορνείαν
1166 1954 1259 2010 τοῦ
1311 1941 1635 2033 Ἐφρατμξί
1667 1967 1853 2024 Κατα-

262 2032 500 2105 πλαγείη
541 2034 650 2107 γὰρ
678 2036 743 2090 ἀν
770 2055 876 2107 τις,
919 2042 1013 2096 καὶ
1043 2045 1249 2119 σφόδρα
1292 2032 1545 2118 εἰκότως,
1587 2057 1857 2114 τοσούτων

256 2122 407 2194 δρῶν
438 2124 799 2194 ἀπονενευκδς
828 2132 929 2202 τῆς
960 2135 1041 2198 εἰς
1072 2135 1204 2192 Θεὸν
1228 2140 1453 2213 ἀγάπης
1477 2145 1538 2198 τὸ
1564 2146 1709 2219 ἱερὸν
1764 2153 1858 2206 καὶ

255 2215 565 2271 ἀπόλεκτον
602 2220 779 2288 γένος,
807 2223 884 2288 ὡς
923 2225 1001 2298 μὴ
1035 2228 1195 2296 μόνον
1237 2233 1435 2299 αὐτοὺς
1480 2236 1589 2293 τῶν
1612 2215 1856 2298 εἰδώλων

254 2309 496 2378 εὑρετὰς
536 2313 789 2380 γενέσθαι
831 2320 945 2384 τοῖς
983 2320 1200 2389 ἄλλοις,
1231 2325 1369 2381 ἀλλὰ
1407 2331 1500 2384 καὶ
1534 2332 1856 2393 διακωλύειν

254 2400 498 2501 αυτοὺς,
534 2405 584 2456 εἰ
621 2406 841 2480 ἀγαπᾷν
872 2409 1077 2467 ἕλοιντο
1112 2416 1181 2470 τὰ
1219 2418 1315 2473 τοῦ
1354 2420 1513 2480 Θεοῦ.
1553 2443 1570 2477 ι
1598 2426 1858 2501 Καταμε-

255 2489 486 2559 μίανται
527 2494 724 2561 τοίνυν,
754 2516 775 2551 ι
826 2502 1011 2573 φησὶν,
1065 2524 1084 2558 ι
1130 2506 1346 2582 Ἰσραὴλ
1408 2514 1504 2568 καὶ
1564 2489 1784 2584 Ἰούδας.
1829 2540 1849 2574 ι

252 2584 423 2638 Ὥστε
463 2588 558 2642 καὶ
590 2592 644 2643 ef
669 2608 723 2644 τι
757 2593 976 2650 πάθοιεν
1015 2597 1123 2653 τῶν
1160 2604 1647 2678 προσδοκωμένων,
1688 2613 1856 2683 ἔγκα-

249 2675 421 2730 λείτω
463 2679 652 2749 μηδεὶς
683 2682 1080 2751 ἀγανακτοῦντι
1108 2690 1249 2763 Θεῷ.

327 2854 554 2954 "Am-(0v
592 2859 820 2954 τρυγᾶν
863 2866 1098 2933 σεαυτῷ
1126 2869 1197 2924 ἐν
1228 2871 1308 2939 τῷ
1352 2875 1734 2951 ἐπιστρέφειν
1772 2902 1852 2954 με

244 2942 372 3012 τὴν
397 2947 822 3036 αἰχμαλωσίαν
856 2955 964 3010 τοῦ
989 2960 1143 3015 ,λαοῦ
1162 2978 1304 3032 μου,
1344 2966 1416 3021 ἐν
1455 2942 1541 3036 tri;
1563 2942 1852 3032 ίιίσασάιιί

239 3050 320 3101 με
350 3034 468 3087 τὸν
505 3036 766 3108 Ἰσραήλ.

316 3124 442 3179 ΞΘθ.
685 3132 848 3188 πάλιν
867 3136 896 3188 ὁ
924 3136 1085 3208 λόγος
1117 3145 1256 3216 πρὸς
1279 3148 1371 3203 τὸν
1401 3153 1501 3222 τῆς
1530 3153 1743 3211 Γαλαὰδ
1772 3162 1850 3213 oi-

245 3215 481 3315 κητρρα.
519 3218 770 3276 Διδάσκει
805 3224 882 3293 δὲ,
909 3228 992 3283 ὅτι
1033 3215 1177 3301 Ἐγῶ
1209 3236 1307 3307 μὲν
1337 3215 1591 3315 ἠρξάμην
1610 3246 1686 3311 ὡς
1716 3250 1849 3314 Θεὸς

250 3305 435 3414 tactio!
473 3325 535 3362 τε
583 3314 677 3367 καὶ
726 3315 1080 3391 ἐπιστρέφειν
1138 3305 1231 3380 τὸν
1278 3305 1521 3405 Ἰσραήλ.
1545 3305 1682 3392 ’Καί
1716 3305 1846 3409 γοῦν
1873 3360 1915 3414 α

249 3396 567 3498 ἐπεθύμουν
603 3403 882 3498 ξικιμίται
912 3411 1090 3468 λοιποὶ
1132 3396 1432 3492 ὑποφέρειν
1452 3396 1595 3498 ’Θεῷ
1622 3396 1850 3486 τὸν-αὺ-

252 3484 411 3589 γένα,
432 3488 537 3589 ,καὶ
559 3492 729 3589 τελεῖν
754 3498 972 3569 ἑορτὰς,
1004 3504 1104 3569 τὰς
1138 3484 1370 3577 μὲν-τοῦ
1409 3484 1694 3589 Ἱεροέοάμ
1721 3484 1851 3575 obic-

255 3575 360 3676 ετι,
385 3577 486 3643 τὰς
512 3583 650 3676 κατά
672 3586 838 3676 νόμον
863 3589 920 3644 δὲ
953 3575 1175 3664 μᾶλλον,
1203 3600 1298 3653 καὶ
1324 3600 1427 3672 τῆς
1451 3575 1552 3659 oin:
1580 3575 1679 3662 οἶδ’
1698 3610 1849 3676 ὅπως

248 3663 632 3767 ἐξηυρημένης
671 3675 888 3749 ἀπάτης
928 3681 1287 3757 ἀποδραμεῖν.
1447 3693 1505 3747 δὲ
1538 3663 1847 3767 αὐτοὺςίιῖί

242 3756 575 3865 Γαλααδίτα,
621 3771 904 3841 μονονουχὶ
932 3774 1026 3828 καὶ
1052 3776 1385 3854 ἀπέκειρας,
1429 3787 1549 3857 ἦτοι
1577 3756 1845 3865 τετρυγη-

234 3864 362 3953 sugg,
397 3852 499 3907 καὶ⁵
542 3854 774 3937 πλοῦτον
803 3862 989 3919 ἄδικον
1016 3852 1264 3941 ἐποιήσω
1300 3874 1369 3929 τὰ
1404 3852 1514 3932 ἀπὸ
1563 3852 1840 3953 λῃστείας.

244 3941 563 4047 Ἐπιφωνεῖ
603 3948 661 4003 δὲ
708 3952 872 4008 πάλιν
925 3957 984 4012 ὲν
1026 3960 1146 4031 ἡθει
1194 3963 1277 4030 τὸ,
1323 3984 1343 4018 t
1374 3941 1845 4048 ’Δρχουυτρυγᾷν

228 4034 492 4107 σεαυτῷ,
518 4055 538 4088 ι
590 4045 874 4113 μονονουχὶ
927 4048 1167 4105 τοιοῦτον
1211 4071 1264 4108 τι
1310 4034 1517 4126 λέγων,
1555 4034 1764 4133 μᾶλλον.

222 4124 357 4227 κᾶν.
388 4128 445 4179 εἰ
495 4128 570 4199 μὴ
600 4129 771 4227 λέγοι,
799 4134 1013 4227 λεπτῶς
1055 4124 1434 4219 ὑπεμφαίνων,
1460 4124 1751 4227 ὅτίΚάγὼ
1781 4161 1842 4216 σὲ

220 4218 699 4319 πριήσομαιιτῶν
734 4226 1117 4319 κολαζομένων
1152 4236 1250 4308 τὴν
1281 4218 1478 4313 ἀρχήν.
1516 4218 1841 4319 Ἀρχόμενος

216 4307 342 4411 γέιρ
373 4308 707 4411 ἀποκείρειν
731 4313 823 4369 τὸν
862 4318 1097 4392 Ἰσραὴλ,
1130 4307 1225 4379 καὶ
1251 4307 1565 4405 ἀπῶρυγᾷν
1582 4307 1715 4402 trgi);
1740 4307 1840 4411 τῆξ

211 4396 376 4451 οὕτω
416 4397 609 4471 δεινῆς
626 4403 986 4496 ἀνοσιότητος
1010 4396 1742 4496 ἐπιηδευτάςίπρωτόλειδν

214 4491 544 4587 ποιησομαι
733 4499 921 4569 ὀργῆς.
967 4503 1179 4560 Εἰδέναι
1226 4509 1335 4582 γὰρ
1377 4491 1701 4587 ἀναγκαῖον,
1750 4524 1834 4577 ὅτι

206 4579 441 4643 Φούλας
468 4578 730 4649 βασιλεὺς
763 4587 1087 4660 Ἀσσυρίων,
1113 4597 1142 4648 ὁ
1167 4578 1384 4670 πρῶτος
1410 4578 1593 4661 ὲλθῠὼὸ
1605 4578 1748 4666 κατά
1771 4631 1832 4667 τε

1970 702 2133 759 Israel
2165 707 2207 762 '.
2244 726 2263 758 ι
2299 707 2433 774 Hoc,
2485 711 2682 780 inquit,
2713 715 3038 784 objicientes
3068 725 3195 772 tunc
3221 734 3237 783 ;
3268 716 3393 787 quia
3421 733 3547 786 pec-

1967 804 2226 849 caverunt
2255 797 2309 850 in
2339 798 2556 853 domum
2581 800 2771 868 Iacob,
2817 806 2933 860 sive
2972 805 3161 873 Israel,
3193 808 3371 878 puella
3413 823 3547 864 eou-

1965 893 2237 955 stuprata,
2287 887 2496 945 idcirco
2539 902 2595 946 et
2643 908 2741 949 nos
2790 895 3031 952 Sichima
3075 900 3396 956 occidimus.
3439 900 3546 955 Sed

1965 994 2108 1034 nunc
2133 990 2463 1047 statuerunt,
2491 984 2687 1055 inquit,
2721 990 2961 1043 converti
2991 989 3056 1043 ad
3099 992 3289 1057 Deum,
3322 992 3548 1063 diligere

1963 1070 2157 1141 legem,
2183 1073 2496 1137 persolvere
2516 1076 2808 1145 sacriﬁcia,
2836 1093 3096 1150 peragere
3118 1082 3237 1138 dies
3262 1082 3457 1147 festos,
3487 1083 3543 1137 in

1966 1162 2202 1218 futurum
2231 1180 2261 1219 a
2289 1166 2713 1236 cogitationibus
2743 1171 3109 1240 superstitiosi
3147 1171 3373 1227 deorum
3416 1175 3537 1229 cul-

1964 1261 2049 1309 tus
2090 1252 2387 1310 discedere.
2439 1256 2580 1323 Quid
2627 1260 2691 1313 ad
2739 1259 2854 1315 haec
2888 1259 3125 1316 Levites?
3158 1278 3178 1312 ι
3224 1260 3543 1318 Absconde-

1962 1354 2087 1399 runt
2135 1345 2280 1400 viam
2333 1345 2588 1414 Domini,
2631 1350 3027 1408 interfecerunt
3078 1351 3346 1408 Sichima.
3385 1372 3406 1405 ι
3457 1354 3542 1409 An

1959 1433 2193 1491 fortasse
2235 1439 2398 1491 etiam
2448 1453 2592 1495 nunc
2637 1453 2731 1497 eos
2782 1457 3044 1498 accusare
3092 1453 3342 1513 possunt,
3396 1448 3543 1515 quod

1959 1523 2302 1597 iniquitatem
2358 1526 2589 1585 fecerint
2645 1530 2701 1585 in
2765 1533 2925 1590 domo
2968 1534 3177 1590 Israel?
3215 1535 3346 1603 Qua:
3391 1537 3539 1592 enim

1957 1614 2136 1685 puella
2169 1625 2224 1671 et
2272 1632 2415 1673 nunc
2446 1618 2719 1689 iniurioso
2749 1630 2979 1679 tractata
3020 1626 3143 1681 est?
3173 1626 3225 1680 in
3257 1642 3419 1695 quam
3452 1626 3543 1681 Di-

1956 1720 2078 1759 nam
2103 1719 2464 1775 peccaverunt
2484 1711 2775 1782 ?qua3nam
2796 1712 3210 1771 Sichimitarum
3245 1716 3487 1773 facinora
3511 1719 3536 1772 ἲ

1955 1796 2053 1864 Qui
2073 1796 2238 1853 Deum
2261 1801 2620 1871 honorarunt,
2637 1804 2728 1874 qui
2748 1805 2814 1860 de
2832 1806 3042 1876 reliquo
3071 1817 3282 1862 mutare
3300 1817 3537 1864 mentem

1955 1903 2149 1959 magna
2182 1890 2460 1949 voluntate
2486 1895 2870 1964 decreverunt,
2902 1908 2957 1953 et
3010 1898 3252 1955 studiose
3280 1909 3540 1969 praestare

1884 1990 2075 2049 Bquaa
2128 1978 2340 2052 legibus
2402 1984 2602 2042 divinis
2652 1989 3069 2059 praecipiuntur.
3119 1990 3300 2060 lnquit
3350 1991 3535 2061 igitur,

1964 2089 1983 2123 ι
2035 2069 2165 2127 Vidi
2232 2074 2307 2129 ibi
2385 2076 2685 2147 imprimis.
2722 2080 3039 2136 horribilem
3120 2081 3535 2147 fornicationem

1957 2162 2239 2235 Ephraim.
2280 2185 2299 2218 ι
2327 2165 2696 2240 Obstupescat
2727 2181 2912 2227 autem
2947 2172 3214 2255 quispiam
3247 2182 3301 2229 et
3334 2176 3536 2244 aequis-

1956 2255 2118 2321 sime,
2150 2269 2383 2314 cernens
2418 2269 2668 2316 sanctum
2695 2272 2749 2319 et
2778 2263 3012 2320 electum
3039 2281 3211 2336 genus
3243 2267 3381 2321 adeo
3404 2271 3537 2322 cha-

1958 2345 2121 2402 ritate
2166 2362 2293 2418 erga
2342 2347 2512 2404 Deum
2555 2349 2778 2418 abiisse,
2826 2363 2887 2409 ut
2917 2369 3022 2409 non
3054 2355 3226 2410 solum
3273 2356 3372 2424 ipsi
3413 2354 3537 2410 aliis

1955 2436 2096 2493 idola
2150 2439 2483 2505 invenerint,
2536 2441 2632 2498 sed
2671 2444 2889 2501 etalios
2936 2458 2967 2499 a
3008 2445 3296 2514 diligendis
3334 2446 3533 2501 divinis

1955 2526 2323 2585 cohibuerint.
2377 2547 2398 2582 ι
2447 2529 2867 2590 Contaminatus
2908 2544 2993 2590 est
3043 2535 3232 2606 igitur,
3275 2555 3293 2588 ο
3334 2536 3528 2606 inquit,

1960 2637 1979 2669 ι
2013 2616 2230 2688 Israel,
2280 2630 2336 2677 et
2388 2620 2579 2680 Judas.
2615 2642 2635 2677 ι
2676 2624 2856 2693 Quare
2905 2628 2951 2682 si
3004 2628 3131 2697 quid
3176 2628 3343 2683 etiam
3386 2630 3532 2698 passi

1957 2710 2156 2767 fuerint
2181 2728 2394 2783 eorum,
2423 2731 2544 2787 qua:
2582 2717 2915 2789 impendent,
2950 2719 3117 2776 Deum
3158 2720 3533 2793 indignantem

1953 2818 2113 2859 nemo
2141 2807 2483 2863 criminetur.

2026 2893 2189 2950 Vsus.
2225 2897 2310 2951 il.
2346 2897 2527 2972 Incipe
2555 2902 2876 2958 vindemiam
2907 2904 3004 2959 tibi
3026 2921 3147 2960 cum
3177 2905 3418 2961 sonverto
3438 2922 3533 2978 ego

1952 2988 2304 3055 captivitatem
2330 2992 2514 3060 populi
2538 2993 2663 3059 mei,
2702 3011 2822 3049 cum
2846 3013 2977 3052 sano
3003 3014 3096 3067 ego
3124 2996 3315 3055 Israel.

2020 3162 2209 3220 LXIX.
2242 3165 2434 3224 Sermo
2465 3185 2652 3227 rursus
2694 3172 2761 3229 ad
2810 3173 3169 3230 habitatorem
3209 3176 3413 3233 Galaad
3448 3180 3527 3234 di-

1951 3256 2145 3326 rigitur
2192 3259 2293 3315 hac
2330 3263 2620 3318 sententia.
2662 3264 2776 3334 Ego
2827 3267 3044 3337 quidem
3091 3270 3231 3339 carpi
3273 3281 3529 3341 tanquam

1954 3345 2093 3401 Deus
2136 3362 2357 3417 sanare,
2383 3359 2437 3407 et
2471 3361 2795 3411 convertere
2824 3355 3012 3413 Israel.
3042 3357 3281 3416 Proinde
3306 3363 3531 3433 cupiunt

1955 3436 2253 3495 Sichimitae
2278 3440 2346 3496 de
2379 3451 2583 3499 cmtero
2617 3445 2890 3515 subjicere
2919 3449 3028 3505 Deo
3059 3453 3326 3519 cervices,
3357 3464 3412 3509 et
3438 3469 3530 3510 ce-

1951 3525 2162 3583 lebrare
2189 3528 2308 3587 dies
2362 3530 2547 3600 festos,
2580 3549 2689 3592 non
2741 3538 2974 3609 amplius
3008 3543 3225 3610 quidem
3275 3544 3342 3598 ab
3375 3542 3531 3600 εἰει-ο-

1950 3617 2107 3672 boam
2133 3618 2413 3677 institutos
2450 3622 2609 3680 illos:
2641 3626 2738 3681 sed
2770 3642 2798 3680 a
2852 3627 2969 3698 lege
3012 3640 3067 3684 et
3114 3647 3142 3685 a
3184 3632 3367 3687 nescio
3392 3648 3527 3702 quo-

1949 3708 2108 3764 modo
2136 3708 2348 3765 invecta
2378 3711 2591 3767 fallacia
2616 3712 2885 3784 refugere.
2919 3717 3000 3771 'I‘u
3029 3719 3186 3789 105
3215 3729 3396 3776 autem
3422 3722 3528 3778 Ga-

1944 3798 2170 3866 Iaadita,
2238 3802 2631 3871 propemodum
2695 3812 2753 3859 et
2814 3805 3141 3877 detondisti,
3184 3813 3300 3867 sive
3334 3811 3527 3869 vinde-

1948 3889 2159 3958 miasti,
2209 3900 2265 3947 et
2305 3892 2595 3951 latrocinio
2635 3895 2855 3953 divitias
2904 3899 3135 3970 injustas
3177 3906 3524 3974 comparasti.

1943 3982 2226 4041 Acclamat
2259 4001 2427 4057 porro
2453 4003 2693 4055 rursum,
2728 3998 2783 4045 et
2824 4005 2949 4047 cum
3002 3992 3256 4053 irrisione
3286 3998 3525 4067 quadam

1943 4074 2119 4144 illud,
2178 4096 2198 4130 ι
2256 4078 2439 4150 Incipe
2474 4080 2811 4138 vindemiare
2863 4084 2997 4149 tibi;
3045 4105 3064 4138 ι
3120 4088 3224 4142 tale
3266 4089 3525 4157 quiddam

1942 4168 2099 4236 quasi
2131 4167 2342 4238 dicens,
2371 4179 2465 4225 aut
2492 4171 2682 4226 saltem
2717 4173 2993 4228 subtiliter
3015 4175 3178 4230 tacite
3213 4176 3520 4233 insinuans.

1942 4255 2008 4311 Et
2057 4272 2158 4329 ego
2203 4268 2256 4316 te
2316 4259 2509 4315 faciam
2563 4261 2842 4330 primitias
2879 4264 3210 4334 punitorum.
3255 4265 3524 4339 Incipiens

1939 4351 2084 4405 enim
2113 4352 2407 4408 detondere
2425 4352 2611 4420 Israel,
2642 4366 2698 4411 et
2726 4356 3060 4413 vlndemiare
3094 4359 3228 4416 adeo
3268 4363 3522 4418 nefandae

1942 4440 2239 4511 impietatis
2276 4451 2703 4512 consectatores,
2753 4448 3024 4517 primitias
3061 4459 3113 4504 te
3160 4450 3356 4506 faciam
3398 4455 3516 4509 iraa.

1938 4532 2229 4589 Sciendum
2288 4537 2434 4591 enim
2490 4535 2719 4593 Phulam
2776 4553 2958 4610 regem
3009 4543 3379 4613 Assyriorum,
3427 4547 3520 4614 qui

1936 4627 2143 4694 primus
2176 4626 2483 4685 Samariam
2512 4641 2567 4686 et
2594 4630 2763 4687 Israel
2792 4632 3013 4701 invasit,
3042 4636 3248 4704 primas
3273 4639 3518 4708 captivas

203 4673 311 4742 τῆς
341 4673 675 4745 Σαμαρείας
704 4684 799 4734 καὶ
826 4683 923 4736 τοῦ
979 4687 1217 4759 Ἰσραὴλ,
1252 4693 1472 4767 πρώτας
1496 4699 1832 4774 ἀπεκόμισεν

205 4765 288 4787 -ε-
347 4764 586 4787 μεμημκ.
638 4770 674 4787 κ.
829 4774 839 4787 .
992 4776 1003 4787 .
1224 4781 1248 4787 -
1312 4786 1343 4787 η

1950 4673 2142 4694 ,.._--_-
2176 4673 2483 4685 -_..._.......
2513 4673 2567 4686 ν.
2594 4673 2763 4687 ..,......
2792 4673 3013 4701 .......,..,
3042 4673 3248 4704 γυνη...
3273 4673 3518 4708 ωριτε...

1950 4720 2158 4775 luxisse
2209 4721 2385 4777 tribus
2418 4731 2567 4779 trans
2619 4722 2917 4781 Iordanem
2953 4737 3007 4782 et
3040 4743 3109 4783 ex
3141 4731 3367 4785 urbibus
3410 4731 3518 4787 illis

201 4765 288 4826 εἰς
342 4764 744 4862 αἰχμαλωσίαν
782 4774 881 4840 τὰς
937 4776 1110 4850 πέραν
1154 4781 1251 4834 τοῦ
1304 4764 1575 4855 Ἰορδάνου
1628 4764 1823 4862 φυλάς.

200 4854 385 4917 Πόλις
431 4855 499 4908 δὲ
540 4853 608 4929 ἦν
634 4862 745 4917 τῶν
776 4866 953 4921 ἐκεῖσε
988 4872 1088 4940 μία
1120 4875 1215 4927 καὶ
1256 4876 1288 4947 ἡ
1337 4853 1569 4937 Γαλαάδ.
1616 4853 1829 4941 όὺκοῖέν

195 4947 413 5049 ὥσπερ
462 4948 607 5049 ἐμοῦ
633 4954 731 5049 τὸν
761 4957 979 5049 ξισραὴλ
1019 4964 1473 5039 ἐπιστρέφοντος,
1516 4975 1826 5049 ἀρξαμένου

192 5057 259 5093 τε
317 5040 601 5140 ἰάσασθαι
633 5042 836 5112 λοιπὸν,
872 5053 936 5104 σὺ
982 5056 1363 5129 τετρύγηκας,
1406 5057 1451 5117 ὦ
1486 5040 1823 5140 rendam,

192 5130 435 5203 σεαυτῷ
491 5130 571 5184 τὰ
617 5134 727 5188 ἀπὸ
758 5136 1044 5209 λῃστείας·
1097 5146 1242 5203 οὕτω
1292 5152 1447 5223 κάγὼ
1495 5130 1826 5230 παραδιδοὺς

202 5225 556 5298 Ἀσσυρίοις
584 5227 677 5281 τδν
715 5229 950 5304 Ἰσραὴλ,
984 5239 1043 5292 σὲ
1073 5244 1369 5316 ποιήσομαι
1396 5248 1505 5302 τῶν
1537 5225 1814 5322 πεμπομέ-

191 5337 306 5372 νων
343 5320 458 5392 τὴν
487 5320 773 5393 ἀπαρχήν.

265 5411 546 5480 Συγγενῆ
587 5411 645 5465 δὲ
675 5412 746 5467 τὰ
782 5415 983 5487 ἀρχαῖα
1012 5424 1123 5487 τοῖς
1156 5428 1250 5480 ἐπὶ
1291 5429 1514 5501 Χριστῷ
1548 5432 1656 5487 τῶν
1693 5435 1820 5491 ’ῐου-
1931 5405 1934 5409 ἢ

1938 4826 2101 4866 unam
2159 4813 2325 4870 fuisse
2366 4815 2590 4871 Galaad.
2622 4816 2891 4884 Quocirca
2933 4820 3077 4876 sicut
3124 4837 3210 4876 me
3258 4821 3515 4877 lsraelem

1935 4915 2303 4972 convertente,
2337 4917 2393 4964 et
2423 4909 2715 4979 incipiente
2748 4927 2943 4967 sanare
2969 4914 3034 4967 de
3069 4923 3288 4979 caetero,
3322 4924 3374 4968 tu
3405 4915 3518 4968 vin-

1936 4998 2186 5053 demiasti
2222 4999 2342 5066 tibi,
2369 5014 2403 5055 ο
2446 4998 2755 5068 Galaadita,
2786 5018 2905 5072 quae
2947 5003 3239 5060 latrocinio
3277 5006 3524 5075 acquisi-

1935 5087 2099 5154 visti;
2145 5089 2218 5143 ita
2259 5098 2315 5145 ct
2352 5103 2476 5159 ego,
2509 5106 2632 5146 cum
2675 5095 2952 5151 tradidere
2978 5097 3220 5167 Assyriis
3254 5096 3443 5166 Israel,
3471 5108 3521 5154 te

1931 5192 2120 5234 eorum
2153 5180 2245 5248 qui
2281 5179 2621 5238 abducentur
2642 5185 2912 5254 primitias
2944 5187 3186 5243 reddam.

1997 5443 2235 5512 Antiqua
2267 5452 2444 5498 autem
2493 5444 2584 5501 illa
2626 5445 2833 5500 scelera
2865 5448 2945 5502 his
2968 5462 3090 5517 quae
3136 5449 3187 5504 in
3230 5450 3504 5509 Christum

186 5500 370 5555 δαίων
417 5501 783 5572 ἐγκλήματα.
826 5508 1039 5564 Ἐκάλει
1091 5516 1190 5584 μὲν
1238 5519 1346 5591 γὰρ
1392 5520 1684 5591 σύμπαντα
1730 5529 1819 5581 τὸν

1950 5533 2095 5588 iudici
2143 5543 2525 5603 perpetrarunt
2552 5575 2567 5600 ,
2609 5546 2839 5605 cognata
2883 5549 3027 5594 sunt.
3068 5541 3310 5599 Vocabat
3355 5548 3503 5601 enim

200 5592 439 5664 Ἰσραὴλ
483 5596 516 5648 ὁ
566 5594 701 5658 Θεὸς
728 5600 820 5651 καὶ
871 5601 1062 5676 Πατὴρ
1092 5609 1169 5672 εἰς
1200 5610 1261 5661 τὸ
1292 5612 1507 5667 ἑλέσθαι
1540 5615 1723 5672 λοιπὸν
1752 5621 1820 5673 τά

1950 5625 2239 5679 mivcrsum
2297 5623 2550 5680 lsraelem
2602 5628 2744 5683 Deus
2795 5640 2850 5684 et
2910 5632 3093 5701 Pater,
3153 5646 3208 5689 ut
3247 5638 3506 5703 deinceps

183 5683 414 5754 ἀμείνω
452 5688 709 5755 φρονεῖν,
736 5690 829 5743 καὶ
863 5695 1163 5765 καταλῆξαι
1198 5700 1297 5769 μὲν
1330 5703 1428 5773 τῆς
1457 5706 1512 5757 ἐν
1546 5709 1694 5778 νόμῳ
1724 5709 1817 5762 λα-

259 5863 281 5895 ¹
314 5862 680 5929 Gcn.xxxtv,
704 5864 792 5918 51.

1928 5716 2084 5769 aliter
2115 5717 2317 5769 sentire
2344 5724 2395 5768 et
2427 5715 2690 5773 desistere
2721 5735 2751 5773 a
2779 5722 2923 5776 cultu
2976 5727 3271 5780 secundum
3305 5724 3500 5792 lt’gcm,
