4034 6270
531 474 635 530 179
1514 492 1519 497 ·
1556 472 1614 528 S.
1653 472 1930 529 CYRILLI
1966 471 2124 526 ΔΒΕ]

2225 472 2435 530 lDRlNI
2475 473 2797 532 ARCHIEP.
3684 474 3818 530 180-

530 599 586 645 et
608 606 707 659 pro
732 605 797 645 eo
833 603 1029 643 novum
1060 597 1223 658 alque
1255 588 1631 658 evangelicum
1666 602 1954 658 capessere
1986 587 2101 643 vel-

2203 588 2407 659 τρείας,
2453 588 2772 643 ἀνθελέσθαι
2816 588 2871 641 δὲ
2934 588 3135 659 μᾶλλον
3174 587 3386 658 ἐκείνης
3418 587 3517 657 τὴν
3559 586 3687 642 νέαν
3727 604 3795 643 τε

531 681 665 736 lent.
727 680 920 736 Verum
958 680 1034 734 illi
1079 680 1519 736 convertentibus
1566 689 1621 737 et
1660 681 1982 738 vocantibus
2032 683 2101 738 ad

2206 681 2299 733 καὶ
2327 680 2706 751 εὐαγγελικὴν.
2771 679 2931 732 am
2972 683 3083 744 τοῖς
3116 679 3504 751 ἐπιστρέφουσι
3559 678 3655 732 καὶ
3688 697 3791 735 κα·-

528 773 822 827 sanitatem
845 772 1236 829 obtinebantur
1283 787 1390 831 non
1427 774 1798 830 mediocriter.
1827 774 2100 844 Scriptum

2203 770 2483 841 λουμένοις
2526 772 2606 837 είς
2662 770 2806 823 ῐασιν
2858 770 3228 839 ἀντέπραττον
3270 769 3331 823 οὐ
3375 768 3635 839 μετρίως.
3683 770 3790 822 Γέ-

529 870 614 915 est
648 861 846 931 quippe
878 876 894 915 :
933 879 953 913 ‹
992 858 1111 917 Jam
1158 862 1303 917 enim
1336 862 1785 931 conspiraverant
1820 862 2014 929 Judaei,
2044 872 2103 919 ut

2202 874 2443 929 γραπται
2471 858 2602 930 γὰρ,
2644 859 2725 913 ὅτι
2758 877 2777 911 t
2804 858 2949 928 Ἤδη
2996 857 3278 911 συνέθεντο
3316 859 3365 910 oi
3400 857 3664 923 Ἰουδαῖοι,
3698 859 3790 912 ἵνα

526 952 572 1006 si
606 953 729 1021 quis
774 952 951 1021 ipsum
1000 952 1351 1010 conﬁteretur
1391 953 1689 1018 Christum,
1723 962 1878 1010 extra
1922 954 2099 1025 Syna-

2203 948 2298 1005 ἐάν
2325 965 2409 1013 τις
2443 948 2605 1002 αὐτὸν
2634 947 2940 1019 ὁμολογήσῃ
2965 947 3056 1001 τὸν
3085 946 3319 1019 Χριστὸν
3349 941 3511 1012 εἶναι,
3544 950 3786 1003 ἀποσυνο

527 1057 718 1111 gogam
773 1042 928 1099 ﬁeret
952 1041 995 1096 ³.
1034 1060 1055 1095 ι
1091 1042 1400 1099 Audiebant
1446 1054 1629 1101 autem
1673 1060 1861 1102 eorum
1895 1046 2099 1102 duces:

2201 1038 2415 1110 ἀγωγος
2469 1038 2715 1108 γένηται.
2740 1056 2761 1090 ι
2796 1039 3032 1091 Ἤκουον
3074 1038 3131 1092 δὲ
3168 1038 3264 1091 καὶ
3317 1039 3369 1091 οί
3422 1039 3553 1113 παρ’
3597 1040 3788 1103 αὐτοῖς

529 1152 550 1186 ι
591 1135 681 1191 Vae
713 1136 888 1203 vobis,
917 1134 1125 1192 Scribaa
1151 1145 1208 1191 et
1240 1136 1499 1193 Pharisaei
1530 1138 1846 1209 hypocrita,
1874 1139 2001 1209 quia
2026 1147 2104 1193 tu-

2200 1129 2511 1201 ἡγούμενοι,
2548 1150 2566 1182 ι
2592 1130 2730 1185 Οὐαὶ
2767 1130 2930 1203 ὑμῖν,
2978 1129 3333 1201 Γραμματεῖς
3368 1131 3466 1184 κα)⁸
3500 1133 3786 1203 Φαρισαῖοι

527 1228 669 1282 listis
707 1227 914 1282 clavem
942 1227 1206 1285 scientiae.
1239 1227 1347 1283 Nec
1366 1243 1463 1286 vos
1492 1230 1858 1301 ingredimini,
1887 1245 1988 1286 nec
2016 1230 2100 1285 in-

2202 1221 2514 1293 ὐποκριταὶ,
2548 1222 2628 1276 ὅτι
2657 1222 2826 1293 ἤρατε
2851 1222 2951 1292 τὴν
2985 1220 3167 1274 κλεῖδα
3193 1221 3290 1289 τῆς
3328 1219 3607 1291 γνώσεως.
3642 1222 3783 1276 Οὔτε

525 1315 675 1383 gredi
709 1315 954 1373 volentes
1006 1316 1189 1373 sinitis
1223 1318 1432 1373 intrare
1462 1320 1505 1372 ⁵.
1540 1337 1559 1371 ι
1597 1318 1804 1374 Traditi
1842 1328 1967 1374 sunt
1996 1318 2099 1391 igi-

2201 1314 2360 1385 ὑμεῖς
2380 1314 2709 1385 εἰσέρχεσθε,
2733 1313 2857 1369 οὔτε
2879 1314 3004 1377 τοὺς
3026 1313 3437 1383 εἰσερχομένους
3458 1314 3649 1383 ἀφίετε
3673 1316 3787 1366 εἰσ-

529 1417 616 1458 lttr
638 1405 901 1472 inimicis,
930 1414 986 1459 et
1013 1421 1209 1476 graves
1237 1407 1682 1465 debacchationis
1723 1407 1776 1461 in
1821 1407 2097 1465 Christum

2198 1407 2390 1463 ελθείν.
2415 1424 2433 1458 ι
2467 1407 2717 1460 Δέδονται
2744 1406 2926 1459 τοίνυν
2949 1405 3187 1476 ἐχθροῖς,
3215 1405 3310 1458 καὶ
3340 1404 3546 1477 πικρὰς
3578 1407 3676 1477 τῆς
3702 1409 3786 1468 εἰς

528 1509 715 1563 plenas
738 1495 978 1554 luerunt.

2199 1496 2434 1569 Χριστὸν
2462 1498 2746 1570 παροινίας
2772 1495 3059 1568 ἐξῄτηνται
3089 1495 3261 1561 δίκας.

1152 1632 1304 1689 CAP.
1357 1632 1463 1689 γη.

2810 1632 3065 1687 ΚΕΦΔΔ.
3103 1632 3175 1685 Z'.

595 1746 763 1804 Vens.
814 1746 867 1800 l.
923 1744 992 1800 Et
1042 1744 1361 1803 revelabitur
1412 1746 1666 1815 iniquitas
1717 1743 1994 1815 Ephraim,
2045 1753 2097 1800 et

2271 1745 2383 1803 Kal
2424 1743 2997 1814 ἀποκαλυφθήσεται
3037 1744 3077 1814 ἠ
3123 1741 3323 1797 ἀδικία
3373 1741 3646 1811 Ἑφραῒμ,
3681 1741 3778 1795 καί

526 1837 736 1892 malitia
770 1836 1052 1901 Samaria,
1076 1839 1204 1908 quia
1235 1846 1451 1903 operata
1475 1846 1550 1891 est
1578 1838 1871 1892 mendacia.
1902 1835 1975 1891 Et
2007 1837 2098 1908 [ur

2197 1838 2237 1906 ἡ
2269 1839 2448 1893 κακία
2504 1834 2861 1905 Σαμαρείας,
2906 1833 2995 1888 ὅτι
3027 1832 3347 1903 εἰργάσατο
3392 1831 3594 1901 ψευδῆ
3616 1873 3631 1895 ,
3679 1832 3777 1886 καί

525 1931 595 1982 ad
638 1945 756 1983 eum
798 1929 1139 1999 ingredietur,
1172 1927 1467 1998 exspolians
1502 1926 1639 1982 latro
1681 1929 1735 1981 in
1783 1930 1863 1982 via
1900 1930 2087 1999 ipsius,

2189 1928 2457 1995 κλέπτης
2498 1923 2648 1994 πρὸς
2697 1924 2884 1980 αὐτὸν
2915 1924 3324 1978 εἰσελεύσεται
3346 1962 3362 1985 ,
3402 1922 3780 1977 ὲκδιδύσκων

524 2029 583 2075 ut
611 2021 883 2077 concinam
902 2022 1054 2086 quasi
1080 2029 1351 2075 cantantes
1376 2020 1533 2073 corde
1552 2020 1808 2088 ipsorum.

2195 2018 2432 2090 λῃστὴς
2467 2018 2537 2072 ἐν
2573 2014 2648 2086 τῇ
2696 2014 2815 2080 ὀδῷ
2843 2013 3049 2079 αὐτοῦ,
3096 2014 3255 2080 ὅπως
3302 2012 3660 2081 συνᾴδωσιν
3699 2013 3778 2079 ὡς

2195 2112 2444 2181 ᾄδοντες
2478 2106 2555 2179 τῇ
2589 2105 2803 2179 καρδίᾳ
2841 2105 3058 2160 αὐτῶν.

589 2216 755 2277 LXX.
785 2217 969 2274 Bonus
1006 2225 1201 2273 natura
1241 2225 1297 2273 et
1344 2235 1362 2269 ι
1398 2216 1629 2288 patiens,
1675 2216 1997 2289 longanimis
2040 2228 2091 2275 et

2265 2228 2342 2280 0'.
2394 2220 2619 2291 ’Δγαθδς
2663 2219 2761 2290 μὲν
2812 2217 2991 2287 φύσει,
3051 2218 3145 2271 καὶ
3176 2235 3211 2268 ,ι
3267 2217 3622 2282 ἀνεξίκακος,
3673 2233 3774 2287 μα-

521 2309 752 2367 multum
785 2308 1099 2365 misericors
1131 2307 1235 2359 ³-⁸»
1271 2304 1515 2375 profecto
1530 2305 1773 2362 omnium
1805 2305 2090 2371 Dominus,

2194 2311 2466 2383 κρόουμός
2497 2327 2554 2363 τε
2590 2310 2682 2363 καὶ
2723 2307 3025 2369 πολυέλεως
3076 2325 3095 2358 ι
3129 2307 3205 2370 ὡς
3245 2306 3461 2378 ἀληθῶς
3495 2308 3524 2360 ό
3558 2306 3772 2360 πάντων

521 2400 612 2467 qni
643 2399 880 2467 quandiu
921 2403 1210 2466 peccantes
1243 2394 1456 2459 tolerat,
1493 2394 1665 2449 latent
1712 2404 1767 2448 et
1815 2395 2092 2450 occultan-

2194 2398 2489 2468 Δεσπότης.
2529 2396 2670 2449 Ἀλλ’
2694 2396 2798 2458 ἐως
2834 2394 2913 2448 ἐτι
2944 2397 3056 2457 τοῖς
3096 2393 3384 2448 πταίουσιν
3426 2392 3767 2458 ἀνεξικακεῐ,

521 2498 611 2541 tur
638 2487 792 2556 quasi
825 2502 1011 2541 eorum
1047 2486 1270 2558 ﬂagitia.
1308 2485 1412 2544 Ubi
1444 2495 1624 2541 autem
1657 2486 1944 2557 ingruerit,
1977 2495 2091 2553 pa:-

2194 2487 2632 2561 κατακρύπτεταί
2671 2505 2785 2551 πως
2814 2484 2991 2540 αὐτῶν
3012 2484 3090 2538 ἐτι
3117 2485 3184 2539 τὰ
3216 2484 3557 2559 ἐγκλήματα.
3577 2481 3767 2547 Ἐπεξ-

522 2589 756 2644 namque
804 2575 1089 2638 invexerit,
1142 2584 1196 2630 et
1248 2576 1531 2643 quiescere
1595 2589 1703 2629 non
1747 2575 2086 2640 sustinuerit,

2196 2581 2364 2643 ιόντος
2400 2581 2455 2634 δὲ
2497 2580 2618 2652 ήδη,
2661 2579 2754 2632 καὶ
2803 2577 2958 2641 δίκας
3025 2577 3353 2645 ἐπάγοντος,
3400 2576 3494 2630 καὶ
3542 2576 3768 2646 ἠρεμεῖν

521 2678 634 2721 tum
663 2664 948 2722 manifesta
986 2666 1141 2729 ﬁunt,
1174 2673 1226 2720 et
1269 2664 1429 2736 106
1455 2665 1607 2733 quasi
1640 2664 1870 2721 revelari
1903 2666 2088 2721 viden-

2191 2670 2291 2721 οὐκ
2333 2667 2687 2739 ἀνεχομένου,
2719 2667 2905 2719 λοιπόν
2937 2667 3086 2720 ἐστιν
3137 2666 3378 2737 ἐναργῆ,
3422 2665 3519 2719 καὶ
3557 2666 3767 2719 ἀποκα-

521 2769 632 2826 tur,
665 2768 719 2813 et
745 2766 948 2812 tantum
989 2773 1097 2812 non
1141 2757 1194 2811 in
1236 2759 1473 2811 medium
1514 2755 1802 2824 producta,
1845 2758 2087 2813 omnium

2191 2760 2485 2813 λύπτεσθαί
2511 2777 2627 2823 πως
2651 2760 2752 2829 ἤδη
2773 2759 2937 2825 δοκεῖ,
2967 2760 3127 2831 μόνον
3149 2759 3207 2812 δέ
3233 2759 3353 2829 οὐχί
3376 2759 3470 2812 καί⁸
3494 2758 3575 2822 εἰς
3609 2757 3770 2827 μέσον

520 2850 697 2906 oculis
723 2850 1155 2920 conspiciuntur.
1191 2847 1323 2903 Tale
1349 2856 1403 2902 et
1432 2862 1576 2903 nunc
1608 2847 1863 2917 Ephraim
1903 2859 1958 2905 et
1987 2848 2088 2905 Sa-

2190 2852 2436 2922 ὴγμένα,
2489 2855 2601 2915 τοῖς
2663 2852 2915 2907 ἁπάντων
2966 2852 3265 2922 ὀφθαλμοῖς
3318 2849 3549 2922 ὁρᾶσθαι
3604 2850 3766 2919 φιλεῖ.

519 2943 705 2995 maria:
753 2942 989 2996 futurum
1037 2941 1289 2994 aﬁirmat.
1338 2938 1407 2993 Et
1443 2939 1701 3010 Ephraim
1745 2942 1960 3013 quidem
1991 2956 2087 2996 no-

2190 2944 2358 2999 Τοῦτο
2388 2946 2483 2998 καὶ
2525 2945 2620 2998 νῦν
2671 2945 2889 2998 ἐσεσθαί
2924 2963 3058 3016 φησι
3100 2943 3241 2997 κατά
3275 2944 3369 2997 τοῦ
3410 2941 3650 3014 Ἐφραῖμ
3679 2940 3772 2993 καὶ

522 3032 667 3084 mine
701 3032 803 3084 hoc
849 3030 969 3084 lnco
998 3029 1203 3099 regiam
1237 3029 1288 3081 in
1319 3027 1563 3082 Samaria
1599 3028 1794 3083 tribum
1827 3030 2082 3098 accipies,

2189 3035 2292 3105 τῆς
2320 3035 2651 3105 Σαμαρείας.
2678 3036 2789 3089 Καὶ
2816 3035 2906 3088 τὸν
2935 3035 3033 3104 μὲν
3064 3033 3302 3105 Ἐφραῖμ
3332 3032 3520 3085 ἐνθάδε
3555 3032 3771 3103 νοήσεις

518 3137 582 3175 cs
613 3136 718 3192 qua
751 3121 855 3175 orti
897 3119 1208 3183 Jeroboam,
1242 3129 1299 3174 et
1329 3134 1676 3175 successores
1713 3119 1862 3187 ejus;
1895 3120 2086 3176 Sama-

2188 3125 2287 3196 τὴν
2321 3127 2380 3178 ἐν
2412 3127 2479 3197 τῇ
2520 3124 2802 3197 Σαμαρείᾳ
2830 3125 3078 3195 βασιλίδα
3117 3124 3305 3193 φυλὴν,
3348 3122 3407 3186 ἐξ
3432 3116 3500 3193 ἧς
3543 3122 3780 3188 γέγονεν

518 3214 612 3269 ri.e
657 3221 837 3271 autem
887 3212 1153 3268 vocabulo
1198 3211 1287 3282 qui
1320 3211 1534 3265 fuerunt
1579 3211 1632 3266 in
1672 3210 1944 3280 Samaria,
1982 3213 2085 3269 hoc

2200 3215 2501 3287 Ἱεροϐοάμ,
2530 3217 2623 3269 καὶ
2648 3217 2699 3269 οἰ
2727 3216 2848 3270 καθ’
2872 3216 3017 3286 ἐξῆς
3043 3215 3344 3285 Σαμάρειαν
3369 3212 3425 3265 δέ
3455 3211 3581 3274 τοὺς
3607 3211 3667 3263 ἐν
3699 3216 3776 3284 τῇ

514 3313 637 3373 est,
680 3304 869 3360 decem
915 3304 1108 3359 tribus.
1157 3271 1476 3359 Revelatum
1525 3317 1688 3374 porro
1739 3303 1804 3358 iri
1863 3312 2088 3373 peccata

2189 3271 2501 3379 Σαξιαρείᾷ,
2519 3307 2784 3372 τουτέστι,
2816 3271 2930 3371 τὰς.
2956 3271 3086 3360 δέκα
3119 3271 3316 3374 ξουλάς.
3352 3271 3773 3374 ἰῒιτιοκιιλυιρθήΣ

515 3411 702 3451 eorum
738 3394 867 3449 dicit
915 3403 1138 3465 propter
1165 3407 1360 3449 causas
1401 3391 1819 3461 hujuscemodi;
1860 3394 1989 3463 quia
2033 3404 2090 3449 et

2191 3399 2376 3452 σεσϐαι
2408 3399 2466 3452 δέ
2507 3416 2639 3469 φησι
2688 3398 2787 3461 τὰς
2840 3395 3111 3469 ἁμαρτίας
3156 3394 3354 3460 αὐτῶν,
3412 3393 3501 3448 διὰ
3553 3394 3771 3448 τοιάσδε

517 3486 727 3557 operati
772 3496 899 3541 sunt
941 3485 1304 3549 mendacium,
1346 3483 1548 3555 algenti
1590 3492 1646 3539 et
1699 3484 1811 3552 iam
1852 3485 2090 3543 rancida:

2188 3489 2341 3553 τινὰς
2382 3490 2580 3555 αἰτίας,
2609 3492 2695 3544 ὅτι
2734 3490 2829 3544 καὶ
2869 3488 3190 3559 εἰργάσαντο
3227 3486 3418 3557 ψευδῆ,
3456 3486 3672 3556 ψυχράν
3709 3502 3766 3537 τε

516 3578 833 3635 idololatriae
904 3575 1090 3640 dediti,
1158 3583 1213 3635 et
1276 3575 1513 3633 artiﬁces
1587 3574 1712 3632 facti
1780 3575 2087 3640 idolorum,

2189 3582 2282 3635 καὶ
2325 3580 2491 3635 ἐωλον
2524 3581 2777 3652 λατρείαν
2811 3579 3283 3651 ἐπιτηδεύσαντες,
3317 3576 3770 3648 κα“ι,τεχνουργοὶ

514 3679 575 3726 ut
644 3668 777 3725 dixi.
843 3667 908 3723 Et
963 3667 1135 3723 furem
1211 3666 1364 3739 (hoc
1441 3674 1524 3722 est
1576 3667 1718 3725 enim
1778 3664 2085 3734 latronem)

2186 3668 2468 3740 γεγονότες
2496 3670 2750 3737 εἰδώλων,
2797 3669 3049 3741 καθάπερ
3077 3668 3234 3738 ἔφην,
3259 3669 3352 3722 καὶ
3388 3668 3470 3720 ὅτι
3502 3666 3764 3736 κλέπτης,

512 3759 583 3815 ad
629 3775 722 3815 eos
781 3760 1178 3831 ingressurum,
1228 3772 1327 3829 pro
1382 3758 1683 3830 ingressum
1723 3774 1868 3825 esse,
1909 3766 1966 3814 et
2003 3772 2088 3814 re-

2188 3760 2453 3826 τουτέστι,
2492 3761 2695 3834 λῃστὴς
2731 3762 2867 3833 πρὸς
2893 3761 3054 3815 αὐτὸν
3088 3759 3470 3824 εἰσελεύσεται,
3495 3758 3617 3813 ἀντὶ
3637 3756 3751 3820 τοῦ,

511 3853 805 3921 quievisse,
827 3863 881 3909 et
903 3854 1187 3909 divertisse
1216 3854 1283 3907 ad
1315 3854 1466 3910 illum
1494 3853 1670 3909 iurem
1694 3855 2084 3926 exspoliantem

2186 3853 2431 3924 εἰσῆλθε,
2476 3855 2571 3907 καὶ
2609 3855 2975 3929 ἀνεπαύσατο,
3026 3854 3121 3907 καὶ
3162 3851 3419 3908 κατέλυσε
3456 3852 3589 3925 παρ’
3620 3848 3759 3919 αὐτῷ

514 3943 568 3996 iu
603 3942 709 4008 via,
748 3951 807 3996 ut
845 3957 912 3998 ex
956 3943 1058 3998 hoc
1086 3950 1369 4012 appareat,
1399 3943 1595 4013 inquit,
1629 3959 1722 3999 eos
1752 3944 1957 4001 habere
1991 3960 2086 4000 cor

2188 3943 2447 4014 κλέπτης,
2477 3943 2805 3997 ὲκδιδὺσκων
2833 3946 2890 3997 ἐν
2918 3942 3053 4013 ὁδῷ·
3085 3943 3150 3997 ἶν’
3177 3943 3242 3997 ἐκ
3266 3943 3457 3997 τούτου
3484 3940 3743 4012 φαίνηται.

513 4048 838 4099 consonum,
865 4034 1184 4104 conspirans
1214 4034 1484 4101 videlicet,
1512 4044 1567 4090 et
1599 4035 1840 4106 ejusdem
1867 4047 2084 4091 senten-

2188 4036 2370 4106 φησὶν,
2395 4036 2476 4088 ὅτι
2508 4035 2834 4106 συνᾴδουσαν
2863 4035 3045 4107 ἔχουσι
3072 4034 3170 4103 τὴν
3199 4034 3450 4105 καρδίαν,
3477 4034 3749 4104 σύμφωνον

513 4124 619 4178 tiae.
652 4120 734 4177 llli
763 4122 908 4178 enim
931 4119 1359 4195 Hierosolymam
1393 4125 1691 4179 ascendere
1726 4123 1969 4180 volentes
1988 4139 2085 4197 per

2185 4128 2445 4198 δηλονότι,
2468 4128 2562 4181 καὶ
2584 4128 2964 4200 ὁμογνώμονα.
2984 4131 3045 4182 Οἱ
3073 4130 3171 4201 μὲν
3190 4126 3298 4198 γὰρ
3325 4126 3615 4198 ἐλῄστευον
3643 4126 3757 4188 τοὺς

508 4215 857 4270 latrocinium
906 4216 1330 4287 despoliabant:
1374 4218 1429 4274 bi
1463 4233 1585 4273 cum
1626 4218 1757 4289 ipsis
1789 4217 1965 4274 scelus
2001 4218 2085 4273 di-

2184 4217 2243 4270 ἐν
2265 4221 2374 4283 τοῖς
2399 4217 2660 4288 Ἰεροσολύ
2670 4236 2789 4290 μοις
2815 4218 3125 4273 ἀναϐαίνειν
3146 4218 3430 4281 ἐθέλοντας
3448 4234 3464 4250 ο
3481 4219 3529 4271 οἱ
3550 4217 3607 4270 δὲ
3630 4214 3758 4286 πρὸς

506 4308 807 4372 videbant,
858 4307 1193 4381 direptorum
1250 4325 1278 4365 ε
1324 4310 1627 4367 latronibus
1705 4310 1871 4381 impie
1917 4309 2084 4383 parti-

2184 4311 2381 4373 αὐτοὺς
2416 4310 2729 4382 ἐμερίζοντο
2768 4310 2838 4363 τὰ
2880 4311 3219 4381 ἐγκλήματα,
3251 4308 3359 4361 τῶν
3401 4305 3758 4379 λελῃστευμέ-

507 4400 679 4471 cipes.

2183 4419 2287 4454 νων
2317 4400 2544 4463 ἀνοσίως
2580 4399 2995 4469 μετεσχηκότες.

575 4490 896 4547 Gaudebant
934 4489 1098 4546 etiam
1151 4490 1461 4547 Judaeorum
1503 4493 1669 4549 duces
1713 4500 1770 4546 et
1813 4491 2079 4563 magistri,

2258 4490 2513 4559 Ἔχαιρον
2548 4488 2605 4540 δὲ
2635 4487 2728 4539 καὶ
2753 4489 2801 4539 οἱ
2833 4487 2940 4539 τῶν
2982 4487 3249 4541 Ἰουδαίων
3294 4481 3622 4554 καθηγηταὶ,
3653 4496 3761 4532 πο-

504 4597 628 4637 cum
655 4584 942 4638 credentes
971 4582 1023 4635 in
1054 4581 1333 4639 Christum
1369 4580 1578 4637 nefarie
1613 4590 2074 4651 oppugnarentur,

2182 4579 2532 4650 λεμουμένων
2566 4579 2811 4644 ἐκτόπως
2843 4579 2950 4633 τῶν
2984 4580 3348 4633 πιστευόντων
3384 4581 3462 4641 εἰς
3498 4572 3758 4646 Χριστὸν,

503 4673 733 4745 aliisque
771 4672 1105 4728 irruentibus
1136 4684 1193 4727 et
1231 4671 1684 4728 latrocinantibus
1727 4686 1852 4726 sese
1896 4658 2077 4726 socios

2182 4673 2277 4725 καὶ
2324 4672 2573 4729 κοινωνοὶ
2629 4671 2730 4741 τῆς
2781 4671 2982 4742 ἐτέρων
3040 4671 3227 4740 ἐφόδου
3272 4686 3332 4721 τε
3372 4669 3466 4721 καὶ
3507 4664 3761 4738 λῃστείας

502 4762 892 4834 adiungebant,
932 4776 998 4818 ex
1051 4762 1290 4817 ﬁdelium
1331 4763 1707 4833 persecutione
1748 4760 2077 4831 voluptatem

2181 4764 2438 4833 ἐγίνοντο,
2483 4764 2829 4835 διωκομένοις
2864 4764 3185 4835 ἐφηδόμενοι
3231 4765 3343 4825 τοῖς
3381 4759 3625 4823 πιστοῖς,
3665 4758 3759 4811 καὶ

502 4856 802 4925 capientes,
827 4865 882 4910 et
909 4855 1061 4924 quasi
1096 4856 1382 4925 quemdam
1429 4855 1692 4911 latronem
1728 4855 1984 4910 Satanam
2017 4857 2069 4911 in

2180 4856 2380 4931 λῃστὴν
2420 4855 2608 4929 ὥσπερ
2639 4856 2759 4909 τινὰ
2799 4857 2890 4909 τὸν
2945 4856 3189 4909 Σατανᾶν
3223 4856 3303 4918 εἰς
3331 4852 3455 4906 νοῦν
3490 4852 3588 4905 καὶ
3621 4866 3757 4920 καρ-

503 4949 745 5003 animum
782 4957 837 5005 et
866 4964 960 5006 cor
984 4948 1361 5019 suscipientes,
1396 4964 1491 5005 eos
1523 4949 1669 5003 omni
1702 4963 1862 5003 sensu
1894 4949 2069 5020 pieta-

2176 4948 2294 5003 δίαν
2330 4949 2631 5020 δεχόμενοι,
2673 4950 2762 5002 τὸν
2801 4948 3021 5019 ἀπάσης
3054 4946 3333 5009 εὐσεϐείας
3365 4944 3457 4997 τὸν
3491 4944 3549 4997 ἐν
3578 4940 3758 4995 αὐτοῖο

505 5040 573 5092 tis
609 5053 770 5110 quem
820 5039 1096 5098 habebant
1147 5043 1461 5106 undantem,
1495 5048 1554 5094 ut
1584 5046 1639 5097 et
1663 5055 1961 5095 consonum
1997 5042 2072 5096 illi

2178 5042 2625 5112 ἀπαμφιεννύντα
2656 5043 2800 5106 νοῦν,
2828 5043 2915 5094 ἵνα
2957 5041 3053 5094 καὶ
3095 5039 3384 5109 σύμφωνον
3410 5037 3588 5106 ἔχοιεν
3623 5031 3757 5104 πρὸς

502 5137 597 5176 cor
630 5125 913 5181 haberent.
958 5127 1421 5195 Quemadmodum
1456 5128 1596 5184 enim
1632 5149 1651 5182 ε
1692 5130 1781 5201 qui
1834 5131 2073 5185 adhaeret

2178 5135 2339 5190 αὑτὸν
2374 5136 2473 5204 τὴν
2507 5135 2753 5207 καρδίαν.
2780 5134 2991 5205 Ὠσπερ
3029 5135 3136 5202 γὰρ
3167 5151 3183 5181 ι
3226 5132 3283 5183 Ὀ
3313 5128 3654 5198 κολλώμενος
3679 5124 3760 5195 τῷ

503 5212 634 5279 Deo,
680 5232 817 5271 unus
862 5219 1087 5288 spiritus
1119 5226 1203 5273 est
1254 5234 1373 5272 cum
1409 5235 1474 5274 eo
1501 5220 1544 5283 ",
1583 5240 1603 5273 ι
1642 5223 1830 5276 eodem
1888 5223 2069 5283 modo,

2180 5223 2368 5295 Κυρίῳ
2398 5224 2454 5276 ἓν
2482 5224 2699 5294 πνεῦμά
2726 5226 2860 5285 ἐστι,
2889 5244 2905 5274 ι
2939 5223 3079 5275 κατά
3104 5222 3195 5275 τὸν
3225 5221 3406 5285 αὑτὸν,
3431 5212 3607 5287 οἶμαι,
3637 5216 3761 5286 τρό-

501 5306 711 5372 opinor,
741 5309 831 5377 qui
870 5309 1089 5365 Satanae
1135 5310 1395 5375 adhaeret,
1432 5328 1594 5365 unum
1639 5328 1761 5368 cum
1815 5313 1930 5383 ipso
1978 5328 2072 5369 cor

2181 5331 2280 5367 πον
2336 5316 2426 5367 καὶ
2466 5316 2494 5365 ὁ
2526 5313 2602 5385 τῷ
2638 5315 2849 5383 Σατανᾷ
2899 5312 3234 5383 κολλώμενος
3286 5311 3413 5380 μίαν
3466 5308 3578 5374 ἕξει
3621 5306 3760 5379 πρὸς

504 5397 739 5450 habebit.

2177 5406 2337 5459 αὑτὸν
2365 5408 2461 5475 τὴν
2495 5405 2740 5477 καρδίαν.

576 5485 744 5540 Vsus.
776 5488 830 5542 2.
878 5490 1069 5546 Omnes
1102 5494 1336 5549 malitias
1371 5510 1549 5549 eorum
1586 5500 1890 5547 recordatus
1935 5511 2069 5547 sunt.

2250 5496 2455 5563 Πίίσίις
2488 5497 2594 5561 τὰς
2626 5496 2838 5561 κακίας
2860 5497 3058 5550 αὐτῶν
3086 5496 3417 5565 ἐμνήσθην.
3447 5493 3580 5547 Νῦν
3616 5491 3757 5545 sxa.

503 5571 665 5629 Nunc
696 5579 1145 5638 circumdederunt
1173 5604 1257 5640 σοι
1293 5589 1630 5656 cogitationes
1664 5605 1862 5647 eorum,
1890 5599 2070 5639 multa

2180 5595 2423 5642 κρίυσίιν
2461 5591 2680 5654 αὐτοὺς
2718 5590 2786 5642 τὰ
2827 5590 3135 5643 διαϐεὐλια
3199 5589 3419 5653 αὐτῶν,
3465 5585 3760 5642 ἀπέναντι

502 5666 688 5733 faciem
716 5682 879 5719 meam
908 5670 1060 5735 factm
1082 5687 1222 5726 sunt.

2176 5699 2237 5747 ,τί
2260 5681 2497 5733 (σκοπεῖν
2528 5700 2597 5734 uc
2609 5702 2639 5734 l.‘
2672 5680 2966 5748 ayét'rrro.

570 5852 767 5909 ’Jnan.
806 5865 881 5917 ιχ,
909 5847 997 5901 22.
1074 5849 1309 5906 ‘Mattll.
1372 5865 1526 5915 unt,
1582 5850 1666 5904 15.
1743 5853 1813 5892 δ--θ
1849 5852 1959 5906 .loel
1997 5871 2049 5919 xv,
2089 5856 2152 5909 l3

1644 5876 1666 5903 ι.
1743 5853 1813 5892 ⁸-·⁶
1849 5852 1959 5906 loci
1997 5871 2049 5919 ι’,
2089 5856 2183 5919 ·ί.ἷ;
2222 5858 2359 5912 l‘snl.
2393 5875 2588 5923 ωηατ,
2629 5860 2706 5912 15,
2782 5861 2797 5888 ’
2835 5860 2847 5911 Ι
2892 5862 3014 5915 cur,
3047 5877 3118 5921 γι,
3159 5861 3237 5913 ιτ,
