4034 6270
297 356 405 412 ιω
463 403 492 420 ,

1223 349 1774 413 COMMENTARIUS
1813 354 1880 411 IN
1918 352 2148 411 OSEAM
2185 352 2637 410 PROPIIETAM.

3458 352 3567 410 182

371 462 498 520 υΑο.
531 461 676 527 Ἕως
703 460 783 518 ἔτι
813 462 1028 535 φορητά
1056 464 1152 518 καὶ
1197 469 1588 538 μεμετρημένα
1634 469 1871 539 πλημμε-

2064 466 2249 523 LXXI.
2280 467 2527 536 Quandiu
2580 465 2754 522 adhuc
2803 459 3154 518 tolerabiliter
3181 461 3570 534 moderateque

290 555 522 626 λοῦμεν,
564 553 642 616 ὡς
687 553 1002 626 ἄνθρωποι,
1054 556 1150 610 καὶ
1199 555 1476 612 εὐόλισθον
1541 559 1756 628 ἔχοντες
1803 563 1884 623 εἰς

301 648 573 722 ἁμαρτίαν
599 647 698 718 τὴν
726 647 910 718 φύσιν,
940 649 1374 721 παραπέμπεται
1400 651 1530 715 Θεὸς
1557 653 1618 717 ἐξ
1643 651 1886 723 ἐμφύτου

297 737 727 808 φιλανθρωπίας.
759 735 882 794 Οἵδε
911 739 1020 812 γὰρ
1051 739 1113 794 τὸ
1146 741 1372 813 πλάσμα
1395 743 1576 812 ήμῶν,
1610 743 1884 813 μέμνηται

295 832 360 890 ss,
403 829 485 882 ὅτι
520 829 616 882 καὶ
646 828 777 899 χοῦς
803 831 990 899 ἐσμεν,
1019 831 1164 885 κατά
1186 831 1284 902 τὴν
1311 832 1406 884 τοῦ
1443 831 1734 902 ψάλλοντος
1767 849 1884 900 φω-

293 920 410 987 λήν.
458 919 628 975 Ἐπάν
667 919 726 974 δέ
758 937 814 974 τι
854 921 1033 990 μέγα,
1067 923 1164 978 καὶ
1193 922 1450 989 ἐξαίσιον,
1482 925 1575 978 καὶ
1605 924 1886 980 δύσοιστον

289 1011 510 1080 κληθῶς
543 1013 848 1082 πράττηται
879 1015 1008 1083 παρ’
1037 1013 1222 1084 ήμῶν,
1247 1014 1276 1067 ὃ
1302 1015 1396 1068 καὶ
1437 1015 1613 1086 αὐτὴν
1646 1014 1759 1072 ἔσθ’
1792 1015 1882 1070 ὅτε

290 1100 389 1171 τὴν
417 1102 514 1156 τοῦ
540 1103 818 1174 κρίνοντος
845 1104 1116 1176 ἡπιότητα
1142 1105 1456 1176 παραθήγει
1484 1106 1692 1170 λοιπὸν,
1721 1107 1884 1177 μόνον

288 1190 344 1243 δὲ
378 1191 503 1262 οὐχὶ
529 1194 622 1246 καὶ
648 1194 748 1250 οὐκ
782 1194 1072 1250 ἐθέλουσαν
1098 1197 1492 1264 καταϐιάζεται
1523 1198 1662 1268 πρὸς
1689 1198 1880 1270 ὀργὴν,

285 1283 347 1333 τὸ
375 1284 636 1352 τηνικάδε
663 1285 847 1356 τρέχει
886 1287 1024 1358 πρὸς
1049 1288 1378 1360 ἀνάμνησιν,
1406 1289 1482 1354 ὡς
1526 1289 1656 1353 ἔπος
1685 1291 1879 1352 εἰπεῖν,

283 1373 396 1426 τῶν
423 1390 539 1427 τισι
576 1377 1151 1450 πεπλημμελημένων.
1192 1379 1462 1452 Ταύτητοί
1491 1398 1627 1452 φησι
1667 1383 1793 1454 περί
1820 1399 1882 1436 τε

283 1461 378 1514 τοῦ
417 1459 662 1536 Ἐςρραῒμ
714 1467 807 1520 καὶ
833 1467 932 1537 τῆς
961 1468 1294 1540 Σαμαρείας,
1319 1471 1400 1524 ὅτι
1431 1471 1620 1536 Πάσας
1645 1471 1744 1536 τὰς
1775 1489 1880 1526 κα-

283 1551 412 1614 κίας
461 1553 642 1607 αὐτῶν
672 1555 973 1626 ἐμνήσθην.
1018 1557 1180 1620 Εἰκὸς
1209 1557 1266 1611 δὲ
1298 1558 1460 1612 πάλιν
1489 1559 1713 1614 κάκεῖνο
1749 1559 1880 1630 ήμτν

284 1644 341 1692 ἐν
378 1641 594 1707 τούτοις
622 1644 684 1698 τὸ
710 1647 1048 1716 προφητικὸν
1074 1646 1250 1702 θέλειν
1299 1648 1598 1721 amanaon
1661 1665 1878 1722 χρησμ-

281 1733 509 1806 ᾠδημα.
551 1735 788 1806 Παρῆκα
825 1735 926 1806 μὲν
955 1735 1064 1808 γὰρ
1089 1737 1434 1806 φιλαγάθως,
1479 1737 1640 1809 φησὶ,
1667 1739 1776 1792 τῶν
1821 1739 1879 1792 ὲν

1987 574 2294 629 peccamus,
2355 567 2414 613 ut
2472 557 2722 612 homines
2781 563 2834 610 et
2885 565 3136 610 naturam
3181 553 3248 609 ad
3281 563 3566 624 peccatum

1986 648 2279 718 proclivem
2305 649 2582 712 habentes,
2603 648 2742 703 Deus
2765 663 2828 702 ex
2848 645 3084 703 naturali
3107 645 3442 718 benignitate
3468 661 3566 702 sua

1985 737 2239 801 connivet
2262 755 2280 792 :
2317 756 2338 790 ι
2372 739 2520 792 novit
2541 738 2688 793 enim
2718 739 3034 808 figmentum
3059 746 3304 794 nostrum
3346 737 3424 810 (et
3457 752 3571 792 me-

1986 825 2187 896 minit),
2227 826 2355 896 quia
2385 824 2560 895 pulvis
2585 840 2774 880 sumus
2790 825 2832 892 ',
2865 843 2885 877 ι
2925 826 3082 896 juxta
3121 839 3310 881 vocem
3339 822 3571 880 Psalmi-

1985 925 2101 970 stae.
2135 917 2193 970 Si
2224 917 2351 986 quid
2381 924 2562 972 autem
2593 929 2852 985 magnum
2879 925 2934 970 et
2962 931 3188 974 enorme
3221 929 3462 988 vereque
3493 915 3572 970 in-

1985 1006 2264 1062 tolerabile
2305 1021 2335 1062 a
2375 1006 2532 1062 nobis
2574 1008 2920 1070 admittatur,
2964 1007 3108 1075 quod
3157 1016 3212 1062 et
3253 1009 3426 1076 ipsam
3469 1005 3564 1062 ali-
3591 1011 3606 1038 ἠ

1987 1097 2210 1168 quando
2229 1095 2430 1166 iudicis
2447 1097 2722 1153 lenitatem
2737 1097 2991 1168 deinceps
3011 1106 3260 1157 exacuet.
3276 1108 3331 1152 et
3356 1105 3561 1154 tantun'
3590 1084 3596 1118 ³

1983 1203 2089 1242 non
2129 1189 2354 1244 invitam
2381 1188 2448 1243 ad
2476 1188 2612 1242 iram
2650 1187 2958 1258 compellat.
2989 1196 3137 1252 tunc,
3173 1187 3328 1242 utita
3359 1187 3537 1246 dicam
3588 1209 3598 1226 ι

1983 1280 2037 1336 in
2073 1280 2414 1343 memoriam,
2457 1293 2490 1336 a
2533 1278 2860 1350 quibusdam
2905 1279 3114 1335 nefarie
3148 1277 3574 1350 commissorum.

1982 1371 2307 1440 regreditur.
2337 1368 2546 1426 Idcirco
2574 1371 2642 1426 de
2669 1368 2928 1440 Ephraim
2972 1377 3028 1426 et
3073 1369 3324 1426 Samaria
3363 1367 3564 1438 inquit,

1981 1475 2041 1516 se
2071 1475 2260 1517 omnes
2315 1475 2505 1519 eorum
2557 1462 2798 1518 malitias
2839 1462 3183 1520 recordatum
3241 1475 3388 1520 esse.
3418 1460 3565 1517 Con-

1981 1560 2298 1607 sentaneum
2333 1562 2418 1608 est
2454 1566 2668 1622 quoque
2688 1553 3062 1624 praphetlcum
3090 1553 3373 1610 oraculum
3397 1553 3564 1608 etiam

1980 1643 2111 1698 illud
2141 1643 2299 1698 nobis
2340 1643 2500 1716 107
2527 1641 2664 1700 velle
2713 1643 3012 1702 insinuare.
3049 1645 3351 1702 Vindictam
3399 1643 3565 1701 cedis

1989 1732 2397 1792 Sichimitarum
2444 1749 2476 1788 τι
2521 1733 2674 1798 Levi,
2710 1744 2932 1806 propter
2959 1734 3156 1790 Dinam
3187 1733 3352 1790 filiam
3391 1733 3569 1790 Iacob

283 1825 542 1896 Σικίμοις
587 1825 946 1882 ἀπολωλότων
975 1828 1081 1884 ὑπὸ
1111 1829 1243 1884 Λευῒ
1281 1831 1380 1900 τὴν
1411 1830 1644 1903 σφαγὴν,
1675 1830 1767 1890 διά
1795 1847 1871 1884 τοι

1981 1824 2318 1894 petulantius
2352 1833 2638 1882 tractatam
2669 1825 2984 1883 commissa:
3033 1825 3378 1896 praetermisi.
3410 1827 3561 1894 Quo-

282 1916 548 1987 ὑϐρίσθαι
587 1917 748 1972 Δίναν
783 1919 884 1989 τὴν
935 1919 993 1987 ἐξ
1028 1921 1246 1975 Ἰακώϐ.
1286 1912 1514 1996 Ἐπειδὴ
1539 1923 1596 1977 δὲ
1644 1924 1740 1978 καὶ
1783 1922 1878 1976 νῦν

279 2007 659 2074 ἀπεκτόνασι,
715 2010 1066 2082 μεμνήσομαι
1115 2013 1211 2066 καὶ
1255 2013 1356 2084 τῆς
1404 2013 1641 2085 ἀρχαίας
1699 2013 1878 2069 αὐτῶν

279 2097 523 2166 ἀδικίας,
559 2100 656 2154 καὶ
685 2101 762 2164 ὡς
805 2103 1074 2172 φονευτὴν
1111 2104 1212 2176 ήδη
1256 2106 1352 2162 καὶ
1405 2105 1592 2178 ἀπηνῆ
1633 2107 1732 2160 καὶ
1770 2106 1879 2162 τῶν

281 2187 459 2241 πάλαι
485 2189 982 2263 πλημμελημάτων
1012 2193 1288 2267 ἐξαιτήσω
1314 2197 1491 2262 δίκας.
1521 2217 1540 2250 ι
1573 2198 1878 2270 Ἐκύκλησε

277 2279 391 2350 γὰρ
415 2281 638 2346 αὐτοὺς,
671 2283 826 2354 φησὶ,
854 2276 934 2338 τὰ
960 2284 1239 2342 διαὸούλια
1265 2290 1468 2346 αὐτῶν.
1493 2309 1513 2344 ι
1545 2291 1774 2364 Ὅμοιον
1803 2292 1879 2358 ὡς

277 2372 328 2424 εί
369 2372 554 2442 λέγοι,
598 2374 1068 2449 Πεπολιόρκηνται
1112 2379 1298 2436 λοιπὸν
1332 2381 1437 2437 ὑπὸ
1465 2381 1574 2436 τῶν
1609 2383 1756 2438 ἰδίων
1787 2385 1878 2437 ὲν-

279 2463 646 2535 θυμημάτων,
681 2467 775 2521 καὶ
818 2469 1053 2527 ἀνοσίων
1103 2473 1371 2543 σκέψεωνο
1408 2476 1742 2530 ἀπεκτόνασι
1777 2475 1878 2548 μὲν

277 2555 390 2628 γὰρ
423 2557 562 2629 δόλῳ
610 2559 706 2614 καὶ
748 2561 936 2634 ἀπάτῃ
969 2565 1095 2628 τοὺς
1119 2565 1230 2620 ἀπὸ
1273 2567 1518 2638 Σικίμων
1569 2567 1723 2633 ποτὲ,
1755 2569 1879 2622 νυνὶ

277 2648 335 2702 δὲ
361 2648 663 2722 λῃστείαις,
682 2651 860 2708 καίτοι
881 2655 1020 2726 πρὸς
1035 2655 1166 2710 Θεδν
1187 2661 1632 2730 ἐπιστρέφοντας.
1657 2659 1877 2732 Ἐπειδὴ

277 2739 340 2794 δὲ
386 2741 536 2811 πέρα
574 2741 736 2810 λόγου
786 2743 856 2798 τὰ
900 2746 1352 2823 πλημμελήματα
1394 2749 1579 2805 λοιπὸν
1613 2751 1876 2806 ἀπέναντι

279 2831 379 2884 τοῦ
401 2831 702 2902 προσώπου
726 2851 829 2906 μου
850 2837 1119 2906 ἐγένοντο,
1137 2840 1198 2892 οὐ
1221 2841 1329 2912 γάρ
1348 2841 1694 2913 περιόψομαι,
1721 2843 1874 2914 φησι,

281 2923 352 2976 τά
381 2923 567 2978 τοιάδε
609 2925 722 2979 τῶν
752 2927 962 2993 κακῶν,
991 2929 1118 2987 οὗτε
1151 2930 1259 3002 μὴν
1284 2931 1344 2998 ἐξ
1369 2933 1634 3006 ὀμμάτων
1679 2935 1760 2990 ἔτι
1791 2954 1875 2990 τι-

285 3014 420 3079 θεὶς,
457 3015 670 3088 βραδὺς
699 3017 895 3089 ἔσομαι
923 3021 1214 3094 κολαστής.

360 3107 714 3162 Ἐκύκλωσαν
757 3111 1042 3176 Ἰουδαίους
1088 3113 1156 3168 τὰ
1200 3113 1479 3170 διαθοῦλια
1525 3117 1728 3179 αὐτῶν.
1777 3118 1874 3172 καὶ

1981 1915 2124 1972 niam
2161 1926 2342 1974 autem
2373 1924 2430 1972 et
2461 1931 2607 1974 nunc
2637 1917 2812 1978 caedes
2842 1916 3181 1986 factitarunt,
3213 1916 3377 1972 etiam
3408 1925 3561 1972 vete-

1980 2007 2058 2065 ris
2107 2007 2322 2064 illorum
2355 2008 2658 2078 iniquitatis
2703 2009 3052 2076 recordabar,
3099 2017 3154 2066 et
3199 2016 3456 2080 tanquam
3492 2006 3565 2062 ab.

1979 2097 2266 2156 homicidia
2292 2107 2348 2158 et
2388 2098 2700 2158 crudelibus
2729 2101 3034 2170 priscorum
3077 2113 3296 2170 quoque
3333 2097 3561 2154 delicto-

1980 2204 2099 2246 rttm
2148 2203 2340 2261 poenas
2380 2205 2611 2246 sumam.
2650 2208 2671 2243 ι
2723 2190 3210 2248 Circumdederunt
3251 2189 3395 2248 enim
3430 2204 3558 2259 eos,

1979 2278 2182 2350 inquit,
2225 2281 2584 2354 cogitationes
2628 2283 2892 2352 ipsorum.
2933 2301 2954 2335 ι
2988 2281 3152 2350 Quasi
3193 2283 3360 2350 dicat,
3383 2285 3501 2340 Jsm
3527 2297 3559 2340 ο

1979 2372 2214 2440 propriis
2275 2373 2702 2445 cogitationibus
2755 2383 2810 2430 et
2849 2375 3033 2446 impiis
3085 2372 3561 2431 commentationi-

1978 2461 2081 2517 bus
2101 2462 2312 2520 obsessi
2357 2471 2507 2520 sunt.
2547 2463 2654 2520 Per
2678 2465 2860 2523 dolum
2893 2465 3038 2520 enim
3076 2474 3135 2522 et
3164 2464 3434 2520 fallaciam
3471 2461 3561 2518 Si-

1977 2558 2230 2617 chimitas
2291 2555 2422 2616 olim
2475 2556 2897 2626 obtruncarunt;
2954 2573 3140 2626 nunc,
3185 2567 3247 2616 ut
3293 2561 3554 2623 latrones,

1976 2646 2139 2703 etiam
2193 2645 2263 2703 ad
2328 2644 2498 2701 Deum
2545 2659 2608 2701 se
2650 2655 3030 2704 convertentes
3083 2656 3451 2719 peremerunt.
3494 2646 3562 2704 Et

1976 2736 2233 2808 quoniam
2267 2745 2491 2807 peccata
2516 2737 2769 2808 graviora
2798 2752 2962 2808 quam
2994 2737 3102 2794 dici
3130 2747 3309 2808 potest
3335 2738 3388 2792 in
3419 2753 3554 2793 con-

1977 2837 2167 2900 spectu
2222 2843 2345 2884 meo
2395 2836 2611 2898 patrata
2669 2839 2842 2895 sunt,
2903 2838 3051 2884 tanta
3098 2829 3237 2886 mala
3297 2845 3406 2886 non
3459 2845 3559 2885 ne—

1976 2921 2198 2993 gligam,
2237 2932 2414 2996 neque
2455 2934 2518 2976 ea
2561 2921 2631 2982 ab
2664 2921 2838 2977 oculis
2886 2936 3195 2988 removens,
3237 2921 3424 2978 tardus
3464 2935 3561 2978 ero

1976 3011 2214 3082 punitor.

2045 3101 2531 3158 Circumdederunt
2559 3101 2772 3162 Iudaeos
2790 3103 3151 3174 cogitationes
3170 3119 3360 3160 eorum
3385 3105 3551 3162 etiam

283 3195 370 3249 ὲ.πὶ
391 3213 453 3266 γε
493 3200 607 3262 τοῖς
620 3200 773 3252 ,κατά
803 3200 1066 3272 Χριστόν.
1107 3203 1462 3260 ’Δπεκτόνασι
1495 3205 1593 3276 μὲν
1617 3206 1725 3278 γὰρ
1745 3209 1871 3271 τοὺς

1976 3194 2028 3248 in
2061 3194 2126 3249 lis
2157 3207 2278 3264 qua
2325 3193 2588 3250 adversus
2641 3193 2920 3251 Christum
2971 3195 3353 3266 designarunt.
3399 3197 3556 3252 Occi-
3627 3259 3638 3268 ,

288 3289 592 3358 προφήτας,
621 3290 1072 3357 ἀνεξικακοῦντος
1101 3293 1180 3349 ἔτι
1219 3294 1376 3350 Θεοῦ.
1426 3297 1646 3369 Ἐπειδὴ
1689 3297 1746 3351 δὲ
1779 3316 1870 3367 γε·

291 3380 478 3444 γόνασι
527 3381 616 3437 καὶ
666 3385 1044 3456 Κυριοκτόνοι,
1100 3406 1120 3439 ι
1172 3387 1521 3444 Ἐκύκλωσαν
1560 3391 1758 3455 αὐτοὺς
1800 3392 1869 3446 τὰ

295 3466 562 3528 διαόούλια
592 3474 790 3542 αὐτῶν,
823 3477 917 3532 καὶ
945 3479 1126 3544 πάσας
1151 3479 1332 3534 αὐτῶν
1357 3481 1455 3546 τὰς
1483 3481 1682 3547 κακίας
1708 3483 1870 3556 ἐμνή-

299 3561 390 3637 σθη
418 3567 444 3620 ό
471 3567 580 3622 τῶν
605 3567 740 3622 ὅλων
769 3569 918 3634 Θεός.
959 3592 979 3624 ο

363 3742 463 3797 Ἔν
505 3741 632 3808 ταῖς
664 3745 899 3812 κακίαις
947 3745 1149 3801 αὐτῶν
1196 3747 1505 3820 εὐφρανεῖν
1548 3750 1861 3819 βασιλεῖς,

281 3829 378 3884 καὶ
403 3831 476 3884 ἐν
514 3833 639 3898 τοῖς
669 3837 962 3902 ψεύδεσιν
998 3837 1200 3894 αὐτῶν
1229 3839 1546 3910 ἄρχοντας.

349 3920 471 3974 OB'.
517 3919 665 3974 Ἔδει
693 3921 756 3994 δὴ
793 3924 990 3993 μᾶλλον
1039 3926 1536 3998 ἀγαθουργοῦντας,
1570 3933 1726 4003 φησι,
1767 3934 1863 3990 καὶ

282 4009 384 4081 ζῇν
429 4011 718 4081 ἑλομένους
761 4016 1022 4085 ὲννόμως,
1050 4018 1349 4090 ἐξημεροῦν
1398 4022 1610 4086 ἑαυτοῖς
1643 4023 1734 4077 τὸν
1768 4022 1862 4076 λυ-

283 4101 521 4170 τρωτὴν,
557 4102 650 4154 καὶ
677 4107 1092 4176 κατευφραίνειν
1118 4109 1209 4163 τὸν
1237 4109 1497 4174 σώζοντα,
1531 4113 1626 4166 καὶ
1653 4114 1863 4185 ἄμαχον

283 4189 476 4260 ἔχοντα
509 4191 645 4262 πρὸς
680 4191 836 4246 τοῦτο
870 4194 1043 4264 ἰσχύν.
1091 4193 1158 4251 Oi
1183 4197 1238 4251 δὲ
1271 4199 1428 4253 τοῦτο
1461 4201 1558 4272 μὲν
1589 4203 1648 4256 οὐ
1674 4203 1863 4274 δεδράο

281 4298 429 4346 κασι,
483 4282 718 4354 ρᾁυμοι
766 4283 821 4338 δὲ
881 4287 1166 4355 γεγονότες
1214 4289 1334 4343 λίαν
1383 4293 1512 4364 περὶ
1566 4293 1628 4347 τὸ
1681 4295 1862 4364 σφίσιν

279 4373 573 4450 ἀναγκαῖον
605 4376 686 4444 εἰς
716 4372 880 4446 ζωὴν,
919 4377 1014 4430 καὶ
1043 4380 1310 4450 χρήσιμον
1341 4384 1420 4446 είς
1448 4385 1769 4454 εὐημερίαν,
1803 4389 1860 4442 ὲν

279 4464 452 4518 οὐδενὶ
501 4465 601 4536 μὲν
655 4467 950 4537 πεποίηντο
997 4469 1139 4542 λόγῳ
1189 4473 1250 4525 τὸ
1301 4476 1660 4548 προσκρούειν
1719 4479 1856 4550 Θεῷ.

1970 3283 2169 3340 derunt
2199 3283 2346 3340 enim
2401 3285 2716 3354 prophetas,
2774 3287 3037 3342 tolerante
3066 3289 3244 3343 adhuc
3293 3286 3426 3344 Deo.
3482 3289 3558 3345 At

1970 3385 2254 3446 postquam
2275 3375 2652 3433 interfectores
2679 3375 2893 3434 Domini
2926 3389 3240 3446 evaserunt,
3274 3399 3291 3432 ι
3319 3381 3558 3437 circum-

1970 3467 2232 3524 dederunt
2283 3482 2379 3524 eos
2435 3469 2797 3540 cogitationes
2859 3487 3046 3526 eorum
3080 3513 3097 3540 ,
3152 3483 3207 3527 et
3269 3477 3557 3530 universas

1971 3559 2286 3614 eorumdem
2315 3559 2554 3616 malitias
2605 3565 2984 3616 universorum
3038 3562 3180 3618 Deus
3223 3562 3548 3619 recordatus

1970 3660 2072 3706 est.
2112 3671 2132 3705 ι
2730 3713 2739 3724 ,

2040 3743 2204 3800 Vens.
2241 3745 2294 3801 5.
2335 3743 2400 3798 1η
2433 3743 2708 3812 maleﬁciis
2735 3744 2846 3797 suis
2883 3743 3285 3812 lwtiﬁcaverunt
3311 3762 3477 3818 reges,
3501 3758 3552 3803 et

1969 3838 2024 3890 in
2051 3837 2337 3890 mendaciis
2363 3837 2473 3892 suis
2508 3837 2796 3907 principes.

2037 3926 2248 3984 LXXII.
2283 3927 2580 3999 Oportebat
2619 3927 2803 3998 potius
2843 3929 2908 3982 ad
2934 3928 3190 3984 virtutem
3226 3929 3551 3986 incumben-

1969 4031 2070 4090 tes,
2106 4030 2162 4076 et
2201 4021 2372 4077 vitam
2404 4037 2470 4078 ex
2505 4021 2716 4092 legibus
2763 4033 3153 4092 capessentes,
3195 4023 3548 4078 liberatorem

1967 4113 2067 4168 sibi
2130 4112 2400 4183 placatum
2454 4111 2712 4179 efﬁcere,
2767 4123 2821 4166 et
2847 4113 3129 4168 ltetilicare
3185 4125 3549 4178 servatorem,

1966 4202 2120 4272 cujus
2147 4203 2214 4257 ad
2252 4205 2481 4258 salutem
2513 4203 2742 4256 dandam
2769 4203 2912 4257 vires
2949 4213 3072 4257 sunt
3111 4204 3344 4262 invictae.
3373 4208 3467 4264 Ast
3491 4209 3547 4264 hi

1968 4293 2108 4346 istuc
2138 4307 2248 4359 non
2279 4292 2543 4355 fecerunt,
2586 4291 2894 4362 segnissimi
2927 4303 3109 4348 autem
3165 4293 3221 4349 in
3260 4309 3325 4351 eo
3353 4335 3368 4358 ,
3396 4299 3540 4366 quod

1967 4385 2098 4454 ipsis
2130 4384 2197 4438 ad
2234 4386 2398 4438 vitam
2426 4391 2570 4438 esset
2607 4384 3000 4450 necessarium,
3034 4394 3090 4438 et
3119 4386 3186 4439 ad
3219 4386 3538 4444 felicitatem

1969 4474 2308 4546 frugiferum,
2351 4472 2518 4528 Deum
2551 4471 2824 4529 offendere
2861 4490 2960 4545 pro
2989 4475 3157 4529 nihilo
3207 4477 3536 4534 habuerunt.

279 4555 740 4626 Συνυπεκρίνοντο
790 4558 846 4611 δὲ
880 4561 994 4623 τοῖς
1027 4563 1236 4618 ἑαυτῶν
1273 4545 1573 4634 βασιλεῦσι,
1623 4570 1720 4624 καὶ
1750 4545 1862 4636 eoi;

1976 4567 2140 4622 Simul
2190 4582 2318 4622 vero
2390 4567 2604 4636 regibus
2655 4566 2770 4622 suis
2827 4565 3027 4621 adulati
3077 4577 3242 4634 sunt,
3319 4584 3547 4626 assensu

277 4647 620 4717 ἡγουμένοις,
671 4651 740 4722 τῇ
791 4651 929 4722 πρὸς
963 4653 1071 4706 πᾶν
1117 4655 1294 4708 ότιοῦν
1341 4657 1448 4712 τῶν
1496 4659 1726 4724 ἐκείνοις
1769 4663 1857 4716 δο-

279 4741 516 4793 κούντων
537 4741 804 4814 συνδρομῇ
829 4745 1338 4816 κατευφραίνοντες,
1367 4751 1460 4803 καὶ
1489 4752 1556 4806 τὰ
1583 4753 1856 4806 λυποῦντα

277 4831 409 4886 θεὸν
439 4833 517 4897 εἰς
545 4833 736 4906 ἡδονήν
775 4852 835 4888 τε
867 4836 960 4890 καὶ
987 4839 1178 4908 τέρψιν
1226 4843 1338 4905 τοῖς
1372 4842 1619 4898 πλανῶσι
1651 4847 1847 4917 δωρούο

279 4941 450 4994 μενοι.
484 4924 727 4979 Αἰτιᾶται
752 4925 808 4980 δὲ
841 4928 1023 4992 πάλιν,
1053 4929 1130 4992 ὡς
1175 4931 1252 5002 τῷ
1296 4931 1572 5006 Ἱεροϐοὰμ
1627 4937 1722 4990 καί
1745 4941 1854 5002 τοῖς

1967 4657 2465 4728 approbationeque
2511 4657 2754 4710 omnium
2813 4671 2935 4725 quae
2980 4656 3086 4712 illis
3131 4658 3405 4728 placerent
3453 4675 3548 4716 eos

1965 4749 2284 4813 hilarantes,
2311 4758 2364 4802 et
2383 4747 2548 4801 Deum
2579 4747 3246 4804 irritantiasetlueeutium
3283 4751 3546 4822 voluptati

1965 4841 2416 4910 (lelectationique
2443 4841 2834 4910 gratificantes.
2891 4841 3171 4897 lnsimulnt
3225 4851 3406 4900 autem
3451 4860 3542 4904 eos

1965 4949 2170 5000 rursus,
2203 4942 2260 4986 ut
2308 4931 2400 5003 qui
2432 4930 2817 4988 Jeroboamum
2867 4942 2922 4988 ct
2953 4933 3230 5004 principes
3282 4935 3404 5007 ejus
3461 4937 3538 4992 ad

275 5015 368 5068 ὑπ’
400 5015 564 5070 αὐτὸν
611 5015 834 5088 ἄρχουσι
871 5021 1397 5095 συνδεδραμηκότας,
1457 5029 1551 5082 καὶ
1594 5029 1861 5100 ἀμελλητὶ

1983 5024 2224 5086 uverint,
2256 5023 2504 5096 citraque
2535 5024 3040 5094 tergiversationem
3088 5024 3373 5095 profanum
3405 5027 3546 5082 vitu-

273 5105 712 5170 κατανεύσαντας
742 5109 838 5179 τὴν
865 5111 957 5164 ἐπὶ
1004 5115 1124 5174 ταῖς
1167 5113 1431 5184 δαμάλεσι
1462 5121 1582 5182 ταῖς
1632 5123 1860 5189 χρυσαῖς

273 5198 611 5262 ἐπινοοῦντι,
639 5197 732 5250 καὶ
755 5197 888 5268 πρὸς
910 5199 1102 5270 ἑτέραν
1131 5201 1386 5274 λατρείαν
1413 5205 1642 5270 ἀνοσίως
1664 5208 1860 5271 αὐτοὺς

274 5290 626 5360 ἀποκομίζειν
673 5289 929 5344 ἐθέλοντι.
973 5294 1116 5347 Ἔδει
1149 5295 1290 5368 γὰρ,
1330 5297 1438 5350 ἔδει
1492 5301 1603 5362 τοῖς
1637 5301 1858 5354 ἐκείνων

275 5381 554 5452 σκέμμασι
607 5383 699 5435 καὶ
736 5377 984 5450 ἐκτόπως
1009 5388 1146 5456 ἄγαν
1193 5391 1618 5460 ἐπιχειρήμασιν
1665 5393 1858 5458 ἀντεξ-

278 5472 420 5539 άγειν
451 5477 682 5543 γενικῶς
715 5478 812 5548 τῆς
845 5480 923 5541 εἰς
972 5481 1100 5533 Θεὸν
1139 5481 1360 5552 ἀγάπης
1391 5483 1448 5533 τὸ
1488 5484 1728 5552 γνήσιον,
1767 5490 1858 5537 καὶ

278 5568 559 5634 “Ephesi,
593 5569 821 5624 κωλύει.)
855 5572 1244 5644 ἀφραίνοντκς,
1278 5577 1372 5644 οὐχ
1417 5577 1649 5648 ἑτοίμως
1683 5579 1857 5642 ἰόντας

280 5657 352 5717 εἰς
388 5661 685 5710 cessissem
731 5666 1144 5732 κατευφραίνειν
1177 5666 1392 5728 αὐτούς.

351 5772 488 5816 ῗῖι,
596 5801 642 5808 ,λ

403 5799 766 5826 ’.ιιι-(λιιι

403 5814 414 5826 ι
468 5807 531 5830 ιὶι,
580 5807 622 5828 [Α
663 5819 668 5824 .
721 5807 794 5826 ΙΙ.

1963 5115 2135 5170 lorum
2173 5129 2464 5170 aureorum
2491 5116 2695 5170 cultum
2727 5116 3053 5186 cxcogilanti
3082 5157 3096 5183 ,
3154 5127 3205 5170 et
3249 5119 3315 5172 ad
3345 5135 3543 5175 novum

1964 5203 2278 5274 religionem
2310 5219 2404 5259 eos
2455 5204 2620 5274 impie
2678 5207 2960 5259 traducere
3021 5207 3261 5262 molienti
3301 5225 3544 5267 assense-

1966 5299 2092 5350 rint.
2127 5295 2362 5349 Debebat
2389 5295 2553 5358 enim,
2618 5297 2847 5350 debebat
2907 5296 3120 5349 illorum
3183 5301 3442 5372 cogitatis
3483 5316 3538 5359 et

1967 5390 2188 5442 ausibus
2229 5387 2597 5442 stolidissimis
2637 5403 2896 5455 generose
2923 5386 3139 5442 Obviam
3179 5391 3256 5447 ire
3282 5410 3541 5461 germana

1965 5497 2088 5550 ergo
2125 5477 2294 5530 Deum
2354 5477 2616 5539 charitas,
2681 5487 2735 5528 et
2775 5477 2839 5528 ad
2889 5487 3115 5532 collatus
3164 5480 3536 5550 insipientium

1967 5571 2336 5640 impedieuilos
2372 5569 2528 5632 eniti,
2578 5583 2681 5622 non
2725 5581 2971 5638 prompte
3027 5573 3422 5628 subscribendo
3481 5573 3542 5625 iis

1969 5664 2189 5718 delicias
2217 5661 2412 5714 facere.
