4034 6270
245 376 352 435 185

1159 375 1706 434 COMMENTARlUS
1745 376 1815 432 IN
1853 377 2083 435 OSEAM
2123 372 2568 433 PROPHETAM.

3386 363 3493 423 186

247 493 550 566 καύματος,
577 491 687 546 ἀπὸ
714 490 815 561 τῆς
843 491 1058 561 φλογός.
1102 511 1121 544 ι
1159 495 1571 559 Διανενευκότες
1600 495 1708 566 γὰρ
1739 495 1819 557 είς

1932 495 2085 548 missa
2126 492 2406 561 coquenda
2431 495 2652 558 paratos
2699 482 3026 540 referebant.
3071 479 3312 536 Flamma
3345 482 3490 535 enim

250 583 503 656 πορνείαν
544 582 640 652 τὴν
674 582 887 652 νοητὴν,
917 584 1083 653 ήγουν
1114 584 1194 646 εἰς
1239 586 1542 640 ἀπόστασιν
1580 585 1677 656 τὴν
1707 584 1815 638 ἀπὸ

249 672 383 728 Θεοῦ
413 671 586 743 (τοῦτο
603 670 767 744 γὰρὴ
798 672 1063 741 πορνεία),
1095 672 1364 739 κλιϐάνοις
1384 676 1630 729 ἐοίκεσαν
1659 677 1814 729 ἐκκε-

252 763 532 832 καυμένοις
562 762 662 833 ήδη
687 779 822 825 πως,
854 764 949 816 καὶ
980 765 1216 835 ἑτοίμοις
1248 766 1327 830 εἰς
1365 766 1526 835 πέψιν
1548 759 1624 820 ὧν
1646 765 1710 819 ἄν
1733 782 1817 828 τις

248 853 489 923 ἐμϐάλοι.
546 853 747 921 Φλογὸς
791 853 901 924 γὰρ
946 851 1084 925 ἦσαν
1134 857 1562 927 μεμεστωμένοι,
1610 857 1818 927 θερμῆς

250 944 511 1015 δηλονότι,
546 945 640 999 καὶ
666 946 827 998 οίονε)⁵
858 944 1293 1016 διακεκαυμένης
1318 946 1635 1016 ἐπιθυμίας.
1680 945 1818 999 Ἐοί·

249 1050 414 1086 κεσαν
440 1034 498 1087 δὲ
524 1036 619 1089 καὶ
648 1035 927 1105 φυράματι
940 1038 1182 1100 στέατος,
1197 1037 1372 1106 ἔχοντι
1392 1037 1489 1107 μὲν
1505 1037 1605 1108 ἤδη
1624 1036 1719 1108 τὴν
1735 1035 1823 1100 ζύ-

252 1140 381 1194 μην,
401 1125 699 1195 ζυμωθέντι
720 1126 776 1179 δὲ
796 1125 1036 1190 τελείως,
1060 1129 1116 1195 έν
1133 1126 1314 1199 ἡμέρᾳ
1338 1126 1600 1197 βασιλέως
1620 1126 1818 1194 αὐτῶν,

246 1213 355 1278 ὅτε,
384 1216 634 1286 καθάπερ
666 1217 801 1288 ἔφην
825 1217 1044 1288 ἀρτίως,
1090 1217 1392 1286 ἀναφανδὸν
1433 1218 1709 1289 εἰρηκότος
1727 1218 1822 1272 τοῦ

257 1304 559 1377 Ἰεροϐοάμ,
591 1307 672 1360 ὅτι
702 1307 809 1379 χρὴ
843 1307 989 1361 θόειν
1020 1311 1139 1371 ταῖς
1166 1308 1452 1380 δαμάλεσι,
1488 1310 1581 1363 καὶ
1610 1309 1708 1372 τὰς
1736 1312 1822 1364 ἐπ’

245 1392 426 1456 αὐτοῖς
476 1394 646 1448 τελεῖν
700 1396 913 1465 ἑορτὰς,
964 1396 1275 1466 ἐπεφώνουν
1322 1398 1491 1451 αὐτοί·
1532 1417 1551 1449 ι
1594 1398 1743 1471 Αὕτη
1787 1400 1821 1470 ὴ

243 1480 428 1554 ἡμέρα
476 1486 570 1540 τοῦ
625 1486 910 1556 βασιλέως,
951 1506 970 1539 ι
1007 1488 1278 1562 καθάπερ,
1324 1489 1400 1555 ὡς
1444 1490 1601 1561 ἔφην,
1648 1490 1678 1543 ὁ
1720 1490 1823 1560 τῆς

244 1574 599 1644 παραδόσεως
628 1577 742 1648 ἔχει
775 1579 954 1647 λόγος.
987 1579 1121 1633 Τότε
1171 1581 1265 1634 καλ⁵
1294 1580 1547 1653 ἐζυμώθη
1580 1580 1821 1646 τελείως,

244 1666 551 1732 τουτέστιν,
577 1669 606 1721 ό
636 1669 792 1739 λόγος
821 1671 880 1737 ἐξ
911 1670 1034 1724 ὅλου
1066 1669 1255 1739 γέγονε
1281 1673 1347 1742 τῇ
1371 1671 1657 1741 δυσσεϐείᾳ
1689 1672 1822 1725 κάτ-

1920 591 2079 638 erant
2126 582 2302 651 pleni,
2348 579 2575 636 ferventi
2627 577 2879 632 videlicet
2925 582 2980 628 et
3042 574 3189 629 velut
3239 572 3491 643 ﬂagranti

1921 673 2235 743 cupiditate.
2284 671 2499 727 Similes
2545 670 2672 725 item
2727 682 2917 723 massa:
2967 666 3191 721 habenti
3225 665 3338 733 jam
3385 665 3494 719 fer-

1921 773 2195 830 mentum,
2256 762 2465 832 integre
2508 771 2687 816 autem
2734 759 3071 816 fermentata:
3116 759 3170 812 in
3219 758 3305 812 die
3353 755 3497 826 regis

1924 855 2206 925 ipsorum;
2245 862 2429 922 utpote
2456 866 2607 914 cum,
2663 859 2722 904 ut
2752 851 2912 904 modo
2949 850 3218 914 dicebant,
3263 846 3498 902 manife-

1926 945 2174 1001 stissime
2201 944 2449 1000 edicente
2470 941 2781 1007 Jeroboam,
2818 941 3235 995 sacrificandum
3262 955 3386 995 esse
3417 938 3494 992 vi-

1928 1035 2055 1090 tulis
2079 1043 2132 1090 et
2148 1034 2387 1103 agendos
2407 1033 2460 1087 in
2476 1032 2734 1087 honorem
2761 1031 2999 1100 ipsorum
3021 1031 3139 1085 dies
3162 1031 3350 1095 festos,
3380 1042 3497 1084 suc-

1930 1127 2243 1184 clamarunt
2271 1126 2347 1180 illi
2382 1143 2437 1181 :t
2461 1123 2587 1180 Haec
2611 1123 2727 1178 dies
2759 1123 2925 1192 regis,
2951 1140 2970 1173 ›
2997 1129 3056 1174 ut
3083 1120 3339 1173 traditum
3360 1120 3502 1174 litte-

1926 1216 2004 1272 ris
2024 1217 2258 1274 aiebam.
2286 1216 2440 1270 Tunc
2477 1214 2859 1269 fermentatum
2880 1219 2963 1267 est
2982 1210 3242 1281 perfecte,
3264 1210 3366 1263 hoc
3392 1218 3498 1275 est,

1927 1322 2107 1363 sermo
2134 1308 2310 1362 editus
2358 1316 2443 1363 est
2474 1320 2540 1361 ex
2564 1318 2684 1360 asse
2706 1304 2925 1373 impius.
2969 1302 3139 1373 Igitur
3164 1299 3492 1370 praeaccensi

1926 1399 2121 1452 animis
2161 1397 2495 1453 ferventibus
2531 1404 2587 1451 et
2626 1393 3015 1465 impotentibus
3059 1393 3127 1446 ad
3179 1401 3488 1460 transgres-

1925 1489 2131 1545 sionem
2167 1490 2575 1560 cupiditatibus,
2603 1496 2660 1542 et
2687 1486 2842 1557 prius
2895 1484 3202 1540 fermentati
3234 1481 3467 1553 quodam

1926 1582 2088 1636 modo
2116 1580 2412 1635 secundum
2439 1580 2582 1633 hunc
2611 1579 2787 1646 ipsum
2837 1576 3053 1630 modum
3102 1574 3156 1629 in
3188 1574 3276 1629 die
3315 1572 3457 1643 regis
3479 1610 3500 1639 ,

1929 1671 1980 1726 in
2006 1680 2303 1726 extremam
2331 1670 2678 1738 impietatem
2715 1666 2953 1722 devoluti
2986 1675 3134 1721 sunt.

247 1773 397 1826 οχος.
458 1759 687 1824 Οὐκοῦν,
749 1762 1180 1832 προκεκαυμένοι
1212 1761 1301 1816 τὸν
1362 1762 1485 1816 νοῦν
1515 1765 1633 1826 ταῖς
1665 1764 1746 1827 είς
1816 1764 2127 1834 παράϐασιν
2192 1763 2420 1833 θερμαῖς
2467 1761 2561 1815 καὶ
2608 1759 2933 1822 ἀκαθέκτοις
2990 1757 3325 1827 ἐπιθυμίαις,
3366 1774 3501 1827 προ-

248 1844 597 1918 ζυμωθέντες
625 1850 680 1904 δὲ
707 1849 892 1922 ὥσπερ
918 1850 1060 1905 κατά
1085 1849 1270 1906 τοῦτον
1301 1851 1462 1907 αὐτὸν
1485 1852 1578 1906 τὸν
1604 1852 1803 1925 τρόπον
1836 1854 1895 1907 ἑν
1929 1852 2112 1925 ἡμέρᾳ
2136 1851 2421 1924 βασιλέως,
2460 1852 2542 1914 εἰς
2569 1850 2631 1904 τὸ
2660 1849 2763 1920 τῆς
2790 1848 3128 1919 φαυλότητος
3168 1846 3503 1904 ωτώλισθον

251 1941 451 2011 πέρας.

326 2031 579 2085 Τοιοῦτόν
597 2048 648 2084 τι
669 2031 989 2103 δεδράκασιν
1021 2032 1261 2086 Ἰουδαῖοι
1290 2032 1450 2087 πάλιν
1472 2031 1564 2088 ἐπὶ
1584 2029 1823 2104 Χριστῷ.

1997 2025 2129 2082 Tale
2171 2025 2430 2096 quiddam
2476 2033 2532 2082 et
2573 2022 2748 2081 Judaei
2795 2023 2853 2079 in
2898 2022 3179 2081 Christum
3231 2024 3496 2084 fecerunt.

248 2122 734 2195 Καταψευδόμενοι
786 2123 894 2196 γὰρ
943 2124 1044 2192 τῆς
1089 2123 1246 2194 δόξης
1295 2122 1485 2191 αὑτοῦ,
1541 2123 1633 2178 καὶ
1684 2122 1827 2177 κατά

251 2212 434 2284 βραχὺ
463 2213 587 2275 τοὺς
635 2211 825 2283 ὄχλους
870 2212 1177 2278 ὲξέλκοντες
1219 2214 1320 2285 τῆς
1369 2216 1449 2279 είς
1487 2215 1647 2269 αὐτὸν
1687 2214 1824 2283 ἁγά-

249 2321 368 2375 πης
405 2305 454 2357 οί
483 2303 833 2374 Γραμματεῖς
889 2321 949 2358 τε
982 2306 1076 2359 καὶ
1103 2307 1384 2376 Φαρισαῖοι
1422 2306 1826 2378 πεπορνεύκασι

248 2395 481 2467 νοητῶς,
515 2397 921 2466 ἀποστήσαντες
966 2394 1130 2450 αὑτοῦ
1175 2397 1274 2469 τὴν
1303 2398 1565 2466 ἀγελαίαν
1594 2396 1822 2468 πληθύν.

329 2485 619 2554 Ἤρξαντο
672 2490 726 2542 οι
781 2486 1070 2557 ἄρχοντες
1122 2488 1457 2558 θυμοῦσθαι
1505 2489 1577 2554 ἐξ
1633 2491 1825 2555 οινου,

248 2576 516 2639 ἐξέτεινε
570 2575 687 2645 τὴν
739 2577 908 2647 zsi’pa
965 2577 1152 2632 αὐτοῦ
1193 2581 1345 2647 μετὰ
1403 2580 1645 2650 λοιμῶν,
1682 2580 1829 2635 διότι

249 2667 683 2734 ἀνεκαύθησαν
712 2669 792 2735 ὡς
837 2669 1121 2734 κλίϐανος
1147 2673 1207 2724 al
1243 2670 1476 2740 καρδίαι
1506 2671 1723 2728 αὐτῶν.

332 2757 450 2811 ΟΔ’.
490 2754 665 2821 Οἶνον,
693 2758 768 2822 ὡς
796 2759 991 2825 ἔοικεν,
1016 2760 1201 2815 ἐνθάδε
1228 2764 1361 2832 φησὶ
1383 2763 1475 2815 τὸν
1505 2763 1562 2828 ἐξ
1586 2761 1829 2833 ἀμπέλου

255 2848 535 2918 Σοδόμων,
568 2848 660 2902 τὸν
705 2850 1187 2920 καταμεθύσκοντα
1226 2852 1473 2923 καρδίας,
1504 2852 1597 2906 καὶ
1644 2850 1829 2905 ἐπιθο-

255 2937 461 2995 λοῦντα
502 2938 597 2991 τὸν
645 2938 787 3006 νοῦν,
838 2940 932 2995 καὶ
973 2941 1168 3012 ἀχλύος
1201 2942 1362 2996 αὐτὸν
1408 2943 1833 3012 ἀναπιμπλάντα

254 3030 361 3099 τῆς
389 3026 637 3099 ὀλεθρίου
670 3030 762 3083 καὶ
794 3029 1068 3106 βδελυρᾶς.
1104 3027 1591 3103 Δεδυσφορηκότων
1628 3032 1693 3105 δὴ
1739 3028 1833 3086 οῦν

258 3118 421 3172 ὲνίων
453 3117 547 3170 ὲπί
578 3134 637 3171 τε
663 3121 729 3190 τῇ
764 3119 872 3174 τῶν
915 3121 1199 3192 δαμάλεων
1237 3124 1574 3194 καινοτομίᾳ,
1602 3124 1695 3178 καὶ
1731 3124 1833 3195 μέν

260 3227 344 3263 τοι
388 3209 497 3263 τῶν
529 3210 753 3281 ἑορτῶν,
786 3211 1161 3283 παρεθήγοντο
1207 3215 1341 3284 πρὸς
1384 3216 1551 3286 όργάς
1579 3215 1687 3271 τῶν
1732 3216 1834 3287 ἀρ-

266 3299 464 3370 χόντων
488 3300 649 3364 τινές.
674 3300 789 3354 Ἵνα
812 3301 869 3355 δὲ
905 3301 979 3374 μὴ
1006 3302 1182 3374 ὁρῷτο
1209 3304 1315 3358 τῶν
1341 3307 1709 3376 σεσιγηκότων
1741 3307 1836 3361 καὶ

271 3368 531 3462 εὐφημεῖν
574 3392 674 3446 οὐκ
705 3368 1052 3464 ἀνεχομένων
1145 3368 1560 3468 σωφρονεστέρα
1602 3397 1830 3469 πληθὺς,
1860 3368 1903 3425 c

275 3480 429 3533 αὐτοὶ
457 3484 560 3545 τοῖς
586 3482 763 3554 ὄχλοις
793 3483 891 3548 τὰς
921 3487 1109 3555 χεῖρας
1138 3486 1587 3552 συνεκτείνοντες,
1622 3487 1836 3558 ἐπεφώ-

279 3587 402 3625 νουν
431 3574 518 3626 καὶ
549 3572 626 3628 ἔτι
676 3574 955 3644 μειζόνως,
998 3594 1017 3627 t
1056 3575 1204 3648 Αὕτη
1253 3578 1286 3649 ἠ
1331 3577 1512 3648 ἡμέρα
1545 3575 1638 3632 τοῦ
1681 3578 1837 3649 βασι-

278 3660 422 3726 λέως,
458 3681 476 3714 ι
515 3665 609 3717 καὶ
652 3666 777 3729 τοὺς
820 3666 919 3736 τῆς
951 3666 1294 3737 ἀνοσιότητος
1340 3667 1663 3741 ἀπεδέχοντο
1710 3669 1835 3741 τρό-

274 3766 425 3814 πους.
457 3754 762 3824 Ὠργίζοντο
777 3754 952 3810 τοίνυν
984 3756 1408 3828 μεμεθυσμένοι,
1429 3760 1611 3828 φησὶν,
1642 3758 1833 3829 ἀνοσία

269 3841 431 3913 μέθῃ,
466 3844 559 3896 καὶ
590 3846 703 3908 τοῖς
738 3846 814 3917 μὴ
856 3849 1202 3919 συντρέχουσι
1236 3851 1347 3911 τοῖς
1385 3847 1558 3912 οὕτως
1589 3852 1835 3920 αίσχροίς

264 3935 392 3997 τοὺς
435 3934 652 3999 ὀδόντας
683 3936 985 4008 ὲπέτριζον,
1008 3939 1216 4008 λοιμοῖς
1263 3942 1690 4004 συνεκτείνοντες
1736 3942 1837 4004 τὰς

264 4025 478 4079 ἑαυτῶν
529 4029 739 4099 χεῖρας.
774 4030 1007 4100 Λοιμοὺς
1043 4031 1100 4084 δέ
1132 4049 1265 4102 φησι
1295 4034 1421 4095 τοὺς
1453 4032 1661 4103 ὀχλους.
1708 4033 1837 4088 Ἐπ-

265 4118 526 4188 εκρότουν
547 4118 676 4187 γὰρ,
695 4120 879 4189 φησὶν,
896 4122 969 4185 ὡς
987 4122 1141 4193 ἔφην,
1169 4123 1345 4175 καίτοι
1364 4125 1727 4192 παιδαγωγεῖν
1755 4128 1834 4191 είς

267 4206 557 4260 εὐσέϐειαν
588 4208 907 4277 ὀφείλοντες,
936 4211 1028 4264 καὶ
1055 4211 1149 4282 τὴν
1178 4212 1272 4269 τοῦ
1302 4213 1667 4283 συμφέροντος
1708 4214 1837 4269 ἀνα-

266 4296 514 4365 καλύψαι
545 4298 751 4369 τρίϐον.
795 4299 933 4352 Ἀλλ’
959 4298 1098 4372 ἦσαν
1140 4299 1332 4373 θερμοὶ
1362 4303 1461 4373 τὴν
1490 4303 1715 4373 καρδίαν
1743 4306 1836 4361 καὶ⁸

261 4389 445 4457 αὐτοὶ,
482 4390 634 4459 φησὶ,
669 4390 765 4461 τῆς
797 4391 877 4455 είς
912 4390 1221 4463 παράϐασιν
1250 4393 1542 4465 ἐπιθυμίας
1575 4396 1674 4467 τὴν
1718 4396 1835 4451 ὀλε-

264 4479 427 4549 θρίαν
457 4480 536 4543 είς
562 4480 685 4533 νοῦν
713 4479 994 4559 δεξάμενοι
1028 4482 1222 4550 φλόγα.

348 4572 451 4625 Ἐν
479 4572 557 4637 τῷ
583 4573 1022 4642 καταρῤἁσσειν
1044 4574 1284 4639 αὐτοὺς,
1318 4574 1472 4642 ὅλην
1501 4578 1617 4643 τὴν
1646 4577 1836 4633 νύκτα

1924 2117 2246 2173 Ilentientes
2282 2117 2428 2173 enim
2458 2125 2647 2171 contra
2674 2114 2902 2185 gloriam
2954 2115 3125 2186 ipsius
3152 2156 3168 2181 ,
3209 2118 3501 2186 paulatim-

1923 2223 2029 2280 que
2056 2209 2243 2264 turbas
2276 2209 2344 2265 ab
2380 2208 2498 2277 ejus
2539 2207 2833 2264 dilectione
2864 2206 3245 2264 abstrahentes
3280 2209 3488 2268 Scriba:

1924 2312 1981 2356 et
2024 2300 2308 2367 Pharisaei,
2345 2300 2594 2356 fornicati
2638 2307 2766 2356 sunt
2818 2299 3175 2369 spiritualiter
3226 2302 3499 2374 plebeiam

1926 2392 2326 2449 multitudinem
2359 2393 2426 2448 ab
2458 2393 2577 2463 ipso
2601 2400 2941 2447 avertentes.

1999 2484 2163 2541 Vsus.
2213 2484 2266 2539 5.
2298 2483 2573 2552 Casperuut
2614 2484 2875 2552 principes
2913 2484 3090 2554 [urere
3136 2502 3168 2538 ο
3214 2487 3354 2551 vino,
3412 2503 3507 2542 ea:-

1926 2578 2087 2631 teudit
2114 2593 2326 2632 manum
2346 2592 2497 2631 suam
2519 2591 2636 2630 cum
2658 2575 2907 2645 pestibus,
2942 2577 3070 2646 quia
3097 2593 3344 2633 succensa
3382 2587 3504 2633 sunt

1926 2669 2079 2738 quasi
2107 2668 2346 2722 clibanus
2380 2667 2542 2721 corda
2571 2682 2777 2720 eorum.

2000 2757 2234 2813 LXXIV.
2270 2756 2488 2821 Vinum,
2515 2764 2576 2811 ut
2626 2764 2874 2825 apparet,
2922 2756 3158 2825 appellat
3200 2756 3288 2811 hic
3326 2771 3390 2811 ex
3422 2757 3506 2810 vi-

1931 2864 2029 2904 nea
2064 2848 2422 2903 Sodomorum
2454 2845 2733 2901 inebrians
2770 2844 2959 2912 corda,
2997 2854 3051 2900 et
3082 2848 3309 2901 turbans
3353 2860 3504 2900 men-

1930 2951 2038 2997 tem
2064 2982 2080 3008 ,
2123 2954 2352 3011 eamque
2411 2938 2716 3008 perniciosa
2754 2945 2808 2991 et
2860 2937 3223 2993 abominanda
3257 2937 3493 3007 caligine

1931 3031 2180 3101 implens.
2210 3029 2541 3097 Quibusdam
2578 3027 2742 3100 igitur
2780 3027 3078 3083 novitatem
3110 3027 3401 3082 vitulorum
3428 3028 3505 3081 in-

1934 3123 2327 3188 troductorum,
2364 3130 2524 3191 atque
2556 3120 2719 3175 etiam
2768 3120 2902 3176 festa
2936 3119 3211 3190 indignius
3273 3117 3496 3174 ferenti-

1933 3215 2055 3280 bus,
2087 3213 2335 3269 nonnulli
2362 3212 2633 3283 principes
2688 3211 2771 3267 ira
2817 3221 3159 3266 exarserunt.
3205 3209 3283 3265 Ne
3313 3221 3499 3266 autem

1939 3304 2255 3371 tacentium,
2281 3313 2337 3359 et
2368 3304 2589 3358 laudare
2617 3316 2723 3358 non
2758 3302 3144 3358 sustinentium
3168 3313 3342 3359 cmtus
3370 3319 3494 3374 pru-

1935 3396 2147 3452 deutior
2180 3402 2481 3466 putaretur,
2519 3393 2620 3464 ipsi
2648 3408 2770 3449 cum
2812 3394 3009 3463 populo
3062 3409 3255 3449 manus
3305 3403 3503 3448 exten-

1936 3489 2125 3544 dentes
2182 3487 2557 3543 acelamabant
2602 3486 2834 3542 validius
2885 3487 3109 3542 adhuc:
3146 3505 3164 3538 ι
3206 3486 3330 3541 llaec
3373 3487 3492 3541 dies

1936 3579 2076 3650 regis
2105 3619 2121 3643 ,
2157 3597 2176 3631 ι
2217 3579 2375 3649 ιιο
2398 3586 2454 3633 et
2486 3592 2669 3634 mores
2700 3577 2899 3647 impios
2945 3576 3335 3647 approbabunt.
3387 3574 3502 3628 Ira-

1935 3672 2225 3725 scebantur
2278 3669 2460 3737 itaque
2518 3667 2793 3733 inebriati,
2843 3667 3041 3737 inquit,
3091 3665 3356 3719 ebrietate
3381 3678 3502 3719 sce-

1936 3761 2129 3826 lerata,
2163 3769 2217 3815 et
2250 3774 2415 3828 super
2447 3760 2513 3813 iis
2556 3759 2648 3827 qui
2703 3759 2755 3811 in
2794 3766 2901 3811 tam
2948 3758 3088 3826 turpi
3124 3757 3336 3826 negotio
3389 3771 3501 3810 non

1938 3851 2252 3906 conferrent
2309 3863 2571 3918 operam,
2604 3847 2857 3903 dentibus
2917 3846 3247 3911 stridebant,
3307 3861 3501 3902 manus

1939 3956 2068 3996 snas
2116 3955 2237 3995 cum
2289 3938 2533 4010 pestibus
2602 3937 2976 3995 extendentes.
3028 3937 3215 3994 Pestes
3272 3937 3505 4009 appellat

1939 4028 2256 4098 p0pularem
2304 4025 2684 4097 frequentiam.
2747 4026 3163 4098 Applaudebant
3206 4027 3374 4090 enim,
3421 4027 3504 4080 in-

1937 4123 2073 4191 quit,
2103 4130 2161 4174 ut
2194 4120 2304 4175 dixi
2332 4159 2348 4186 ,
2387 4134 2696 4190 quanquam
2723 4118 2860 4174 alios
2909 4120 3128 4173 erudire
3157 4119 3223 4172 ad
3259 4119 3505 4172 rationes

1937 4214 2152 4282 pietatis
2204 4220 2259 4265 et
2311 4199 2565 4265 utilitatis
2611 4210 2713 4264 iter
2763 4210 3003 4278 pandere
3059 4208 3338 4262 deberent.
3396 4206 3504 4263 Sed

1937 4302 2216 4359 fervebant
2267 4301 2521 4356 cordibus
2575 4311 2625 4355 et
2686 4300 2838 4370 ipsi,
2921 4298 3137 4368 inquit,
3195 4298 3503 4368 perniciosa

1936 4397 2155 4451 ﬂamma
2210 4390 2525 4462 cupiditatis
2586 4388 2869 4446 deﬁciendi
2919 4388 2974 4444 in
3031 4389 3270 4443 animum
3333 4391 3505 4444 intro-

1936 4502 2125 4545 “11583.

2007 4577 2171 4633 Vsus.
2199 4576 2252 4631 6.
2296 4574 2430 4631 Cum
2477 4573 2577 4643 ipsi
2607 4573 3029 4642 pra’cipitarent,
3083 4581 3247 4625 lotam
3301 4579 3502 4624 noctem

261 4660 461 4714 ὕπνου
506 4661 751 4731 Ἐφραῒμ
798 4662 1181 4730 ἀνεπλήσθη.
1212 4663 1369 4732 Πρωῖ
1403 4663 1674 4734 ἐγενήθη,
1730 4667 1830 4722 ἀν-

1939 4687 2119 4729 somuo
2163 4667 2411 4736 Ephraim
2467 4666 2691 4733 repletus
2737 4674 2832 4717 est.
2872 4661 3026 4716 Mane
3076 4663 3275 4731 factum
3315 4671 3418 4727 est,
3450 4671 3501 4715 et

260 4751 487 4816 εκαύθη
525 4752 602 4817 ὠς
631 4752 820 4819 πιφὸς
852 4752 1089 4821 φέγγυς.

339 4842 460 4895 OE'.
489 4842 683 4913 Ἐφην,
705 4845 786 4897 ὅτι
814 4843 1061 4914 περιδεὴς
1086 4838 1154 4913 ἦν
1182 4842 1317 4911 ἄγαν
1340 4843 1369 4896 ὁ
1394 4843 1651 4916 θεομισὴς
1683 4845 1835 4915 Ἱερο-

261 4931 436 5000 οοάμ,
481 4930 539 4982 ὲν
583 4931 767 5000 μόναις
815 4931 890 4985 ὢν
919 4932 1000 4985 ἔτι
1042 4935 1163 4995 ταῖς
1195 4932 1416 5002 σκέψεσι
1454 4935 1562 4988 τῶν
1604 4936 1832 4989 ἀνοσίων

261 5022 864 5095 ὲγχειρημάτων.ᾯετο
887 5024 1015 5095 γὰρ,
1046 5026 1140 5078 καὶ
1174 5024 1641 5094 σφόδραξείκότως.
1671 5027 1832 5094 ἀγαν-

257 5114 528 5183 ακτήσειν
571 5112 663 5165 τὸν
718 5112 950 5183 Ἰσραὴλ,
1017 5113 1066 5165 εί
1114 5113 1423 5169 διαπύθοιτό
1470 5133 1524 5169 τι
1569 5116 1828 5182 τοιοῦτον,

256 5205 360 5261 καὶ
382 5203 490 5256 τῶν
518 5201 787 5271 πατρῴων
824 5203 959 5255 ἐθῶν
985 5204 1079 5272 τὴν
1099 5206 1409 5277 παράϐασιν
1443 5208 1544 5260 οὐκ
1566 5209 1624 5260 ἐν
1652 5207 1832 5278 μικρῷ

260 5295 587 5364 ποιήσεσθαι
619 5293 780 5363 λόγῳ.
820 5294 1031 5363 Ἐπειδὴ
1060 5296 1115 5349 δὲ
1146 5300 1576 5369 προσπεφώνηκε
1604 5299 1702 5367 μὲν
1722 5304 1835 5363 τοῖς

258 5387 442 5455 ὄχλοις
488 5385 670 5449 αὐτὸς,
727 5386 807 5438 ὅτι
857 5384 960 5455 χρὴ
1007 5389 1125 5450 ταῖς
1179 5388 1442 5456 δαμάλεσι
1490 5392 1832 5459 προσκυνεῖνο

262 5480 614 5548 προσήκαντο
642 5479 700 5531 δὲ
729 5478 978 5546 ἀσμένως
1006 5479 1103 5549 τὴν
1130 5480 1317 5548 σκέψιν
1360 5480 1538 5543 αὐτοὶ,
1569 5482 1660 5534 καὶ
1700 5485 1833 5549 ὁμοῦ

263 5571 378 5629 τοῖς
408 5569 665 5639 ἄρχουσιν
691 5572 1040 5639 ὲπεκρότουν,
1083 5571 1156 5633 ὡς
1186 5571 1321 5641 ὀρθὰ
1356 5572 1455 5624 καὶ
1491 5575 1834 5643 συμφέροντα

263 5661 485 5729 φρονεῖν
533 5677 592 5712 τε
652 5661 745 5713 καὶ
787 5660 919 5732 δρᾷν
967 5661 1253 5731 ᾑρημένον
1305 5661 1513 5732 ἀπέστη
1549 5664 1835 5733 δειμάτων,

264 5748 693 5823 ἀποκεχώρηκεν
733 5751 987 5821 ὑποψίας,
1022 5749 1260 5818 εὔθυμός
1294 5769 1350 5806 τε
1381 5752 1601 5807 διετέλει
1638 5755 1838 5824 λοιπὸν,

1937 4762 2178 4815 incensus
2225 4773 2297 4815 est
2334 4758 2464 4813 velut
2504 4758 2639 4826 ignis
2670 4757 2863 4809 lumen.

2010 4850 2218 4909 LXXV.
2263 4851 2467 4914 Monui,
2517 4849 2829 4911 Jeroboam,
2877 4862 3087 4901 summo
3135 4857 3408 4901 versatum
3448 4846 3501 4900 in

1938 4951 2107 5004 metu,
2140 4941 2263 4996 dum
2292 4942 2469 4994 adhuc
2510 4939 2575 4992 de
2624 4938 2791 5006 impio
2830 4938 3077 4992 facinore
3130 4936 3503 5005 aggrediundo

1936 5032 2276 5088 deliberaret.
2311 5031 2704 5100 Suspicabatur
2752 5029 2923 5094 enim,
2987 5039 3041 5083 et
3079 5027 3295 5095 quidem
3316 5029 3506 5084 rectis-

1937 5122 2093 5188 sime,
2149 5137 2291 5193 :cgre
2352 5121 2591 5174 laturum
2653 5117 2869 5184 Israel,
2912 5121 2955 5172 si
3007 5119 3135 5182 quid
3190 5117 3502 5187 hnjusmodi

1938 5210 2278 5281 comperiret,
2317 5209 2725 5280 patriorumque
2757 5209 2955 5262 rituum
3001 5205 3352 5260 violationem
3387 5222 3492 5261 non

1940 5303 2329 5371 neglecturum.
2390 5301 2682 5370 Postquam
2738 5311 2917 5353 autem
2971 5296 3223 5365 populum
3274 5297 3387 5366 ipse
3434 5299 3501 5353 de

1939 5392 2121 5446 vitulis
2152 5392 2440 5446 aderandis
2478 5389 2845 5458 compellavit,
2890 5397 2944 5441 ct
2998 5386 3229 5456 cogitata
3264 5389 3382 5459 ejus
3431 5388 3498 5442 li-

1941 5486 2128 5538 benter
2160 5483 2513 5545 admiserunt,
2544 5491 2598 5536 et
2628 5480 2786 5535 simul
2818 5494 2938 5531 cum
2977 5479 3309 5548 principibus
3348 5484 3499 5549 plau—

1941 5591 2056 5627 sum
2087 5589 2250 5642 super
2273 5586 2336 5625 co
2375 5573 2656 5633 dederunt,
2696 5583 2948 5637 tanquam
2980 5569 3231 5638 quijusta
3265 5583 3319 5625 et
3381 5571 3498 5624 fru-

1933 5676 2121 5721 ctuosa
2152 5678 2277 5717 eum
2316 5676 2528 5730 sapere,
2562 5671 2671 5716 tum
2703 5662 3288 5726 facereinstituissent,
3324 5671 3499 5714 terro—

1932 5772 2046 5812 rem
2079 5751 2351 5825 deposuit,
2406 5752 2770 5822 suspicionem
2818 5754 3031 5822 abjecit,
3097 5751 3498 5818 tranquilloque
