4034 6270
525 389 629 443 487

1541 392 1598 449 S.
1642 394 1917 449 CYRILLI
1957 392 2428 449 ALEXANDRINI
2468 388 2784 447 ARCHIEP.

3678 384 3792 437 {83

522 504 781 572 deinceps
827 503 1012 559 animo
1058 511 1113 559 et
1148 504 1508 572 iucunditatis
1552 509 1715 578 pleno
1774 512 2082 581 permansit.

2200 509 2295 563 καὶ
2334 507 2548 581 τρυφῆς
2592 502 2660 578 ἦν
2698 505 2898 568 πλέως.
2931 503 3138 558 Οὐκουν
3166 517 3224 554 εν
3254 500 3331 569 τῷ
3373 499 3793 570 καταρράσσειν

524 595 710 665 Itaque
737 596 864 651 dum
915 598 1014 665 ipsi
1066 598 1491 667 praecipitarent,
1529 602 1634 655 hoc
1689 613 1812 668 est,
1849 612 2092 673 tempore

524 686 636 748 illo,
663 688 875 755 quando
909 687 962 740 in
1008 688 1303 756 perniciem
1348 698 1404 745 et
1453 691 1736 747 interitum
1784 696 2093 765 praecipites

522 775 965 841 devolvebantur,
993 789 1297 835 annuentes
1330 788 1385 834 et
1434 785 1798 841 assentientes
1843 785 1940 848 illi,
1983 786 2093 840 dis-

522 866 933 936 cessionemque
968 884 998 922 a
1051 870 1347 926 dilectione
1381 888 1509 943 erga
1555 875 1721 930 Deum
1750 878 2087 946 amplecten-

523 963 621 1019 tes,
653 963 802 1019 tunc,
830 959 1026 1026 inquit,
1054 959 1457 1028 prraim,hoc
1488 976 1592 1031 est,
1620 969 1810 1021 etribu
1837 968 2089 1035 Ephraim

520 1057 814 1112 prognatus
850 1046 1162 1114 Jeroboam,
1215 1069 1235 1102 ι
1277 1061 1443 1107 totam
1495 1067 1707 1111 noctem
1749 1058 2022 1111 dormivit.
2066 1077 2085 1111 ι

518 1134 594 1185 Ae
620 1134 665 1186 si
693 1136 898 1189 diceret
926 1153 940 1189 :
966 1138 1098 1192 Cum
1118 1151 1274 1195 antea
1305 1159 1369 1198 ex
1396 1145 1677 1201 timoribus
1711 1157 1766 1202 et
1787 1151 2094 1219 suspicione

518 1225 851 1293 evigilasset,
885 1245 1013 1283 cura
1039 1231 1150 1301 jam
1182 1249 1389 1291 vacuus
1444 1238 1511 1294 de
1553 1250 1751 1294 caetero
1784 1242 2088 1312 triumpha-

519 1316 614 1370 bat
641 1320 858 1387 gaudio,
887 1330 942 1375 et
972 1323 1117 1377 molli
1154 1326 1206 1378 in
1253 1326 1450 1382 lectulo
1498 1338 1609 1385 tota
1638 1341 1808 1386 nocte
1844 1348 2090 1388 somnum

521 1408 810 1475 carpebat;
861 1419 947 1464 ast
971 1411 1061 1466 ubi
1113 1415 1273 1471 terris
1319 1419 1526 1472 reddita
1567 1421 1659 1476 lux.
1706 1431 1823 1489 est,
1878 1424 2105 1487 fervore

521 1498 657 1553 alios
685 1504 980 1569 superavit.
1019 1522 1037 1556 ι
1081 1504 1388 1564 Succensus
1423 1520 1507 1565 est
1552 1514 1697 1567 enim
1748 1517 1900 1584 quasi
1953 1517 2092 1588 ignis

519 1591 700 1647 lumen
736 1608 831 1649 seu
860 1594 1100 1664 ﬂamma,
1141 1617 1161 1651 ι
1196 1615 1413 1670 unaque
1446 1617 1569 1657 cum
1606 1605 1804 1674 populo
1833 1607 2090 1675 incaluit;

518 1697 618 1738 nec
664 1684 730 1739 ad
776 1696 1034 1756 punctum
1102 1693 1362 1761 temporis
1411 1708 1523 1749 rem
1577 1697 1949 1765 prolatandam
2001 1716 2092 1755 ra-

520 1783 644 1841 tus,
692 1777 832 1831 mira
881 1778 1163 1836 alacritate
1218 1783 1463 1841 nefandae
1508 1788 1804 1845 molitionis
1845 1805 1980 1861 opus
2024 1793 2090 1846 ad

518 1864 767 1920 eﬂ‘eetum
800 1867 974 1937 palam
1001 1871 1275 1938 perduxit.

589 1953 754 2012 Vens.
817 1959 868 2013 7.
924 1958 1115 2016 Omnes
1161 1964 1405 2034 calefacti
1456 1976 1619 2032 sunt,
1661 1971 1814 2040 quasi
1849 1969 2090 2026 clibanus

517 2048 678 2100 corda
717 2064 896 2103 eorum
923 2091 938 2116 ,
978 2063 1024 2106 et
1072 2053 1409 2110 comederunt
1434 2057 1643 2125 judice:
1691 2077 1836 2115 suos.
1895 2060 2091 2117 Omnes

516 2153 658 2207 reges
684 2154 863 2193 eorum
888 2144 1209 2210 ceciderunt,
1248 2162 1351 2200 non
1381 2159 1494 2202 erat
1524 2150 1667 2203 inter
1693 2151 1814 2206 illos
1838 2152 2088 2207 invocans

513 2232 582 2282 at!
601 2246 700 2283 me.

585 2320 823 2376 LXXVI.
860 2324 998 2378 Vera
1024 2326 1190 2395 igitur
1218 2343 1337 2398 qum
1359 2329 1491 2393 dixi,
1517 2331 2087 2389 calefactus‘cstenim

512 2411 861 2465 liClCSlalltillS
886 2412 1194 2484 Jcroboam,
1220 2426 1272 2471 ct
1294 2434 1588 2475 succensus
1613 2430 1669 2475 ut
1691 2420 1904 2476 ﬂamma
1926 2424 2084 2494 ignis.

513 2498 652 2553 Num
689 2502 851 2570 igitur
892 2504 1033 2559 illius
1071 2515 1276 2560 tantum
1320 2511 1510 2565 audaci
1543 2510 1786 2566 facinore
1837 2514 2088 2581 impietas

513 2606 573 2646 se
598 2594 900 2648 continuit?
933 2598 1086 2666 ιιι
1113 2597 1483 2669 Nequaquam,
1507 2603 1616 2667 ait;
1642 2620 1662 2654 ι
1688 2604 1932 2659 calefacti
1960 2616 2089 2661 sunt

511 2683 655 2737 enim
698 2699 921 2750 omnes,
982 2707 1000 2739 ι
1045 2689 1209 2744 etiam
1262 2704 1611 2747 successores
1652 2691 1789 2762 ejus,
1832 2702 1891 2749 et
1929 2695 2088 2750 istius

510 2773 705 2829 caloris
732 2778 998 2834 exitiosus
1047 2780 1184 2848 ignis
1227 2797 1417 2839 omnes
1464 2799 1652 2840 eorum
1698 2786 1908 2857 judices
1958 2804 2087 2843 cou-

507 2867 771 2935 sumpsit,
802 2879 855 2922 et
885 2885 1037 2937 reges
1071 2887 1195 2927 eum
1223 2884 1438 2928 secutos
1490 2877 1735 2931 sustulit.
1785 2877 1900 2934 Non
1937 2880 2083 2934 enim

508 2956 612 3011 fuit
642 2959 783 3013 inter
810 2961 949 3023 illos,
991 2965 1079 3029 qui
1117 2980 1204 3018 me
1243 2966 1474 3019 adorare
1532 2968 1715 3035 vellet,
1762 2981 1816 3025 et
1866 2972 2087 3026 univer~

508 3062 690 3103 eorum
725 3050 835 3104 Deo
873 3053 1286 3119 supplicandum
1316 3070 1599 3128 censeret,
1650 3070 1704 3115 el
1728 3062 1793 3117 de
1833 3078 1958 3117 vera
1994 3077 2086 3118 c0-

507 3144 751 3214 gnitioue
790 3144 881 3199 Dei
923 3148 1397 3205 condecoraretur.

579 3320 743 3377 Vens.
780 3322 833 3376 8.
864 3322 1122 3392 Ephraim
1149 3328 1205 3380 in
1236 3328 1441 3395 populis
1475 3331 1586 3385 suis
1622 3334 2075 3391 commiscebatur.

508 3411 766 3478 Ephraim
811 3414 983 3482 factus
1028 3430 1102 3470 est
1160 3420 1565 3490 subcinericius,
1615 3426 1707 3495 qui
1756 3443 1860 3481 non
1904 3443 2079 3482 rever-

504 3512 677 3556 satur.

575 3590 839 3648 LXXVII.
878 3593 1134 3652 Graviter
1166 3599 1641 3673 vituperat,penes
1683 3618 1818 3674 quos
1845 3618 1913 3660 ex
1939 3607 2078 3661 tribu

501 3682 759 3755 Eplnraim
810 3687 985 3743 honor
1021 3689 1203 3760 regius
1236 3699 1354 3746 erat
1393 3693 1445 3748 in
1476 3693 1748 3761 Samaria,
1779 3697 1869 3767 qui
1896 3696 2073 3754 nihilo

502 3779 697 3833 melius
753 3795 915 3849 quam
975 3767 1218 3848 subditi,
1252 3792 1307 3837 et
1363 3785 1531 3840 inlimi
1602 3788 1807 3858 quique
1850 3790 2077 3844 animati

499 3876 683 3921 essent
712 3884 728 3933 ;
778 3870 870 3923 sed
902 3870 954 3922 in
989 3871 1243 3926 omnibus
1277 3889 1400 3927 cum
1432 3875 1538 3929 illis
1584 3888 1992 3948 congruerent,
2024 3889 2079 3936 et

500 3954 603 4009 levi
642 3965 916 4011 momento
950 3974 1272 4029 quocunque
1299 3978 1403 4017 una
1437 3964 1773 4034 auferantur,
1806 3983 1930 4023 cum
1956 4009 1973 4034 ,
2019 3979 2079 4025 ut

501 4050 665 4101 duces
694 4062 758 4102 ac
790 4050 1059 4120 principes
1107 4053 1173 4107 ad
1221 4054 1475 4109 virtutem
1515 4058 1708 4125 praeire
1744 4061 1924 4129 potius
1955 4100 1971 4125 ,
2023 4072 2078 4117 et

498 4140 565 4194 ad
621 4141 848 4196 salutem
901 4141 1113 4199 illorum
1171 4147 1500 4215 pertinentia
1555 4150 1852 4220 perfectius
1907 4154 2077 4209 subli-

498 4233 747 4303 miusque
803 4237 1113 4306 perspicere
1138 4254 1233 4294 eos
1287 4251 1586 4311 Oporteret,
1641 4245 1789 4313 quod
1846 4246 2074 4302 minime

496 4326 858 4394 praestabant:
889 4342 1071 4383 verum
1101 4334 1594 4389 commiscebantur
1628 4337 1786 4407 vulgo
1808 4378 1823 4403 ,
1886 4340 2071 4393 eadem

496 4428 553 4472 et
590 4418 784 4488 aaquali
816 4421 1090 4474 dementia
1122 4437 1313 4478 onmes
1349 4437 1714 4496 mgrotanles;
1773 4432 2072 4498 pertinacia

498 4509 722 4580 insuper
757 4512 808 4566 in
847 4511 1199 4589 improbitate
1230 4524 1283 4569 el
1333 4522 1675 4572 contumacia
1729 4521 2070 4587 voluntatis;

2192 601 2408 662 αὐτοὺς,
2429 598 2696 662 τουτέστι,
2738 597 2857 649 κατ’
2881 597 3055 649 ἐκεῖνο
3080 592 3296 664 καιροῦ,
3325 592 3413 645 ὅτε
3442 591 3789 653 κατέπιπτον

2193 696 2272 757 εἰς
2316 691 2535 762 ὄλεθρον
2568 691 2664 743 καὶ
2697 688 2993 751 ἀπώλειαν,
3041 684 3537 755 συγκατανεύοντές
3591 700 3651 735 τε
3686 684 3788 737 καὶ

2194 782 2570 846 συναινοῦντες
2597 781 2762 852 αὐτῷ,
2794 781 2890 833 καὶ
2919 779 3018 849 τῆς
3048 779 3127 840 είς
3154 775 3286 830 Θεὸν
3318 775 3541 844 ἀγάπης
3577 773 3788 844 τιμῶν-

2191 892 2284 939 τες
2326 875 2425 945 τὴν
2472 873 2804 945 παράϐασιν,
2838 871 2957 923 τότε
3005 869 3189 939 φησὶν,
3227 868 3257 919 ὁ
3314 864 3578 937 Ἐφραῖμ,
3626 882 3786 918 τουτ-

2193 966 2364 1031 έστιν,
2420 967 2449 1019 ό
2499 966 2565 1018 ὲκ
2599 963 2771 1033 φυλῆς
2803 960 3039 1031 Ἐφραῖμ
3081 957 3381 1029 Ἰεροὸοάμ,
3418 972 3438 1007 ι
3474 956 3604 1026 ὅλην
3638 958 3787 1009 ἐκοι-

2196 1056 2495 1128 μήθηοτὴν
2544 1056 2730 1109 νύκτα.
2783 1073 2803 1106 ι
2861 1054 3083 1122 Ὅμοιον
3131 1049 3207 1113 ὡς
3264 1051 3313 1102 sl
3367 1047 3540 1116 λέγοι·
3583 1046 3785 1100 Καίτοι

2193 1151 2359 1204 πάλαι
2390 1149 2759 1222 διεγρηγορὼς
2787 1148 2850 1200 ὲκ
2880 1145 3152 1213 δειμάτων
3173 1143 3267 1197 καὶ
3290 1140 3549 1210 ὑποψίας,
3578 1140 3785 1208 ἄφρον-

2192 1256 2277 1302 τις
2313 1237 2389 1293 ὣν
2448 1238 2657 1308 ἐτρύφα
2705 1236 2909 1301 λοιπὸν,
2943 1235 3036 1289 καὶ
3073 1233 3143 1297 ὲν
3175 1231 3447 1303 μαλακαῖς
3484 1225 3554 1300 ἦν
3596 1229 3784 1292 εὐναῖς

2192 1330 2320 1400 ὃλην
2351 1330 2449 1400 τὴν
2478 1329 2650 1383 νύκτα
2687 1326 3048 1397 κοιμώμενος,
3091 1323 3278 1394 ἐπειδὴ
3308 1322 3365 1376 δὲ
3394 1320 3537 1393 πρωῒ
3563 1320 3783 1389 γέγονε,

2193 1420 2520 1492 θερμότερος
2551 1414 2619 1490 ἦν
2648 1417 2757 1471 τῶν
2788 1416 3021 1470 ἄλλων.ι
3044 1411 3345 1482 Ἀνεκαύθη
3372 1410 3480 1482 γὰρ
3499 1410 3576 1474 ὡς
3607 1409 3783 1480 πυρὸς

2193 1512 2412 1580 φέγγος,
2449 1530 2467 1562 ι
2504 1511 2599 1564 καὶ
2644 1512 2754 1572 τοῖς
2781 1507 2960 1579 ὄχλοις
2994 1502 3475 1576 συνεθερμαίνετο,
3506 1501 3617 1555 οὐδ’
3655 1501 3785 1553 ὅσον

2193 1602 2366 1655 εἰπεῖν
2402 1599 2712 1671 μελλησμοῦ
2752 1599 2851 1669 τὴν
2889 1596 3144 1651 ὑπόθεσιν
3171 1594 3359 1661 ἀξιῶν,
3399 1593 3515 1646 ἀλλ’
3562 1594 3644 1656 είς
3682 1592 3783 1646 πέ-

2196 1682 2295 1765 ρας
2338 1694 2511 1760 ἄγων,
2541 1692 2633 1744 καὶ
2670 1690 2813 1760 μάλα
2854 1688 3171 1760 προθύμως,
3205 1686 3315 1742 τῶν
3343 1686 3573 1741 ἀνοσίων
3604 1687 3787 1756 ἐγχει-

2198 1785 2455 1855 ρημάτων
2483 1782 2580 1852 τὴν
2606 1778 2891 1845 ἀνάδειξιν.

2266 1959 2498 2025 Πάντες
2519 1959 2989 2029 ἐθερμάνθησαν,
3013 1960 3092 2027 ὡς
3124 1962 3412 2027 κλίϐανος
3441 1964 3503 2015 al
3537 1961 3782 2031 καρδίαι

2196 2048 2414 2114 αὐτῶν,
2450 2051 2550 2105 καὶ
2579 2050 2917 2122 κατέφαγον
2952 2052 3094 2118 τοὺς
3126 2052 3329 2120 κριτὰς
3356 2041 3586 2108 ἀὺτῶν.
3620 2052 3781 2107 Πάν-

2195 2158 2294 2208 τες
2328 2146 2381 2196 οἱ
2405 2143 2689 2209 ,ϐασιλεῖς
2719 2143 2919 2197 αὐτῶν
2947 2144 3192 2211 ἕπεο-ον,
3222 2147 3333 2199 οὐκ
3359 2141 3438 2217 ἦν
3465 2145 3536 2199 ἐν
3573 2145 3783 2213 αὐτοῖς

2197 2234 2231 2285 ό
2262 2232 2740 2301 ἐπικαλούμενος
2766 2234 2914 2300 πρός
2938 2250 3036 2302 με.

2265 2325 2399 2392 Οφ.
2453 2323 2651 2395 Ἀληθῆ
2680 2324 2777 2394 μὲν
2796 2320 2887 2378 οὖν
2917 2324 3060 2397 ἆπερ
3092 2325 3252 2397 ἔφην’
3280 2325 3648 2397 τεθέρμανται
3670 2326 3782 2397 γὰρ

2193 2416 2244 2469 οἱ
2272 2416 2416 2485 ἀμφὶ
2446 2414 2536 2468 τὸν
2578 2415 2850 2487 ἐπάρατον
2899 2417 3202 2489 Ἰεροὸοάμ,
3252 2418 3347 2470 καὶ
3398 2417 3780 2489 ἀνεκαύθησαν

2193 2507 2268 2571 ὼς
2304 2508 2471 2578 πυρὸς
2502 2496 2725 2576 φέγγος.
2756 2505 2880 2580 'Ap’
2919 2505 3011 2562 οὖν
3045 2510 3207 2581 μέχρι
3237 2511 3344 2564 τῶν
3369 2512 3563 2582 ἐκείνῳ
3597 2511 3780 2564 τετολ-

2197 2601 2456 2671 μημένων
2480 2601 2548 2654 τὰ
2586 2601 2687 2671 τῆς
2716 2600 3033 2664 δυσσεϐείας
3068 2601 3447 2672 προϐέϐηκενς
3478 2602 3771 2673 Οὐδαμῶς,

2195 2687 2380 2759 φησιν·
2404 2709 2421 2740 ι
2445 2688 2857 2761 ὲθερμάνθησαν
2872 2690 2981 2763 γὰρ
3012 2690 3231 2759 πάντες,
3259 2710 3278 2743 ι
3300 2692 3396 2745 καὶ
3414 2694 3460 2747 οἱ
3485 2695 3603 2764 μετ’
3633 2693 3783 2747 ὲκεῖ-

2193 2797 2282 2834 νον
2313 2780 2413 2844 ἔτι,
2445 2781 2538 2834 καὶ
2568 2781 2667 2851 τῆς
2696 2782 2947 2852 τοιαύτης
2978 2781 3281 2853 θερμασίας
3308 2783 3371 2838 τὸ
3403 2783 3644 2853 ὀλέθριον
3664 2781 3782 2856 πῦρ

2193 2870 2409 2935 πάντας
2441 2872 2541 2941 μὲν
2574 2872 2754 2925 αὐτῶν
2791 2873 3136 2945 δεδαπάνηκε
3181 2875 3308 2939 τοὺς
3350 2874 3565 2946 κριτὰς,
3595 2875 3783 2930 ἀνεῖλε

2191 2962 2248 3014 δὲ
2296 2963 2388 3015 καὶ
2430 2962 2638 3026 πάντας
2685 2966 2811 3027 τοὺς
2857 2964 3093 3037 καθεξῆς
3146 2969 3265 3037 μετ’
3298 2967 3503 3019 ἐκεῖνον
3549 2966 3785 3037 βεϐασι-

2189 3053 2468 3117 λευκότας.
2506 3054 2580 3106 Οὐ
2616 3055 2723 3124 γὰρ
2750 3051 2817 3125 ἦν
2849 3056 2907 3109 ὲν
2938 3056 3120 3117 αὐτοῖς
3145 3059 3172 3110 ὁ
3208 3058 3526 3128 προσκυνεῖν
3565 3055 3790 3110 ἐθέλων

2191 3145 2313 3215 ἐμὲ,
2350 3146 2443 3198 καὶ
2465 3146 2555 3199 τὸν
2579 3146 2688 3199 τῶν
2719 3147 2854 3219 ὅλων
2883 3148 3015 3202 Θεὸν
3040 3148 3371 3219 ἐκλιπαρεῖν,
3399 3144 3632 3218 ἀληθοῦς
3659 3147 3794 3202 θεο-

2116 3248 2157 3305 c
2193 3236 2431 3305 γνωσίας
2466 3236 2603 3307 ἔχων
2634 3239 2721 3307 ἐφ’
2753 3239 2933 3310 ἑαυτῷ
2958 3240 3024 3294 τά
3052 3241 3361 3310 αὐχήματα.

2268 3327 2516 3396 Ἑρραῒμ
2576 3329 2648 3381 ἐν
2699 3329 2826 3396 τοῖς
2876 3330 3049 3396 λαοῖς
3094 3329 3282 3384 αὐτοῦ
3344 3328 3781 3410 συνεμίγνυτο.

2194 3421 2443 3492 Ἐρραῒμ
2475 3421 2714 3492 ἐγένετο
2751 3425 3082 3495 ἐγκρυφίας
3120 3425 3193 3479 οὐ
3235 3423 3776 3495 μετατρεφόμενος.

2252 3596 2370 3651 OZ'.
2411 3597 2727 3668 Καταψέγει
2756 3599 2877 3653 λίαν
2922 3600 3051 3663 τοὺς
3093 3598 3159 3653 ὲκ
3192 3597 3370 3670 φυλῆς
3405 3598 3649 3672 Ἐφραῒμ
3678 3601 3772 3670 τὴν

2191 3688 2440 3759 βασιλίδα
2488 3691 2652 3763 τιμὴν
2686 3691 3038 3762 ἀνημμένους
3066 3692 3160 3746 ἐπὶ
3202 3692 3294 3747 τὸν
3335 3693 3557 3765 Ἰσραὴλ
3596 3694 3657 3747 ὲν
3706 3696 3767 3769 τῇ

2180 3783 2464 3854 Σαμαρείᾳ
2492 3823 2507 3848 ,
2550 3784 2627 3848 ὡς
2682 3783 2838 3837 οὐδὲν
2887 3785 3110 3855 ἄμεινον
3159 3785 3267 3839 τῶν
3313 3785 3419 3839 ὑπὸ
3468 3788 3627 3858 χεῖρα
3683 3787 3765 3840 καὶ

2179 3874 2449 3942 ἀγελαίων
2501 3880 2722 3947 φρονεῖν
2778 3876 3070 3941 εἰωθόταςο
3110 3876 3228 3930 ἀλλ’
3266 3878 3346 3941 εἰς
3403 3878 3551 3935 ἆπαν
3592 3879 3757 3939 αὐτοῖς

2182 3966 2507 4031 συνθέοντάς
2534 3985 2595 4021 τε
2625 3969 2721 4022 καὶ
2772 3969 3320 4041 συναποφερομένους
3358 3970 3624 4038 εὐκόλως,
3647 3968 3746 4023 καί·

2177 4074 2258 4110 τοι
2292 4058 2445 4123 δέον,
2494 4059 2570 4122 ὡς
2609 4060 2980 4131 ἡγουμένους,
3021 4061 3276 4130 ποδηγεῖν
3314 4061 3394 4123 εἰς
3436 4061 3499 4114 τὸ
3544 4059 3755 4131 ἀγαθὸν,

2178 4150 2272 4200 καὶ
2296 4149 2657 4220 ὑψηλοτέραις
2687 4151 3009 4220 διασκέψεσι
3036 4152 3096 4204 τὸ
3125 4150 3311 4205 τελοῦν
3339 4152 3527 4217 αὐτοῖς
3556 4153 3640 4217 εἰς
3669 4168 3765 4204 σω·

2177 4240 2372 4311 τηρίαν
2426 4245 2579 4314 ὀρᾷν.
2644 4242 2804 4298 Ἀλλά
2846 4242 3005 4297 τοῦτο
3048 4244 3144 4314 μὲν
3187 4244 3285 4297 οὐκ
3322 4244 3527 4316 ἔδρων
3586 4260 3768 4299 συναν-

2178 4333 2449 4403 εφύροντο
2481 4335 2538 4387 δὲ
2576 4336 2688 4398 τοῖς
2724 4334 2925 4405 ὄχλοις,
2970 4334 3099 4405 μίαν
3155 4337 3204 4388 oi
3254 4335 3454 4399 πάντες
3490 4335 3587 4391 καὶ
3647 4335 3767 4405 ἴσην

2178 4424 2594 4494 ἀρρωστοῦντες
2627 4424 2726 4495 τὴν
2760 4424 3017 4478 ἀϐουλίαν
3046 4466 3061 4491 ,
3108 4426 3204 4479 καὶ
3236 4426 3366 4496 πρός
3403 4442 3469 4495 γε
3513 4425 3673 4480 τοῦτο
3708 4424 3772 4477 τὺ

2177 4514 2410 4585 ἔμμονον
2438 4518 2520 4579 εἰς
2546 4516 2883 4586 φαυλότητα,
2920 4518 3015 4572 κα)⁹
3055 4518 3458 4589 ἀμεταποίητον
3486 4519 3586 4590 τῆς
3630 4515 3772 4587 γνώ-

497 4601 711 4670 penitus
738 4616 844 4656 non
896 4602 1244 4669 dimittentis,
1298 4619 1417 4674 qua:
1444 4605 1624 4661 facere
1651 4607 1952 4670 statuisset,
1994 4619 2073 4663 ta-

2194 4625 2308 4678 ιης,
2337 4608 2397 4661 οὐ
2430 4608 2757 4680 μεθιεμένης
2806 4610 3085 4674 παντελῶς
3112 4649 3128 4675 ,
3175 4604 3250 4666 ὧν
3288 4612 3353 4665 ἂν
3398 4610 3578 4665 ἕλοιτο
3612 4612 3780 4683 δρᾷν,

495 4694 653 4750 metsi
685 4710 746 4749 ea
780 4704 986 4763 pestem
1017 4705 1073 4750 et
1102 4694 1382 4751 interitum
1405 4698 1512 4753 illis
1554 4698 1833 4754 aﬁ‘errent.
1874 4698 2070 4756 Panem

494 4786 677 4857 itaque
751 4786 1172 4841 subcinericium
1231 4804 1337 4844 non
1394 4800 1734 4845 reversatum
1803 4786 2111 4861 Ephraitn‘

494 4878 694 4933 factum
730 4893 853 4934 esse
905 4887 1175 4944 autumat,
1217 4897 1347 4937 usus
1393 4882 1632 4955 imagine
1691 4900 1783 4939 seu
1817 4888 2070 4957 exetnplo

490 4984 693 5039 panum
716 4986 883 5041 super
904 4969 1175 5040 lapidibus
1208 4983 1536 5041 assatorum,
1566 4990 1702 5043 quos
1730 4976 1832 5030 nisi
1862 4993 2067 5042 verses,

492 5062 652 5132 plane
701 5063 874 5129 exuri,
921 5063 1105 5134 etjam
1139 5065 1354 5120 inutiles
1410 5067 1622 5133 videri,
1673 5074 1728 5120 et
1777 5069 1919 5137 quod
1955 5071 2071 5124 esui

491 5165 608 5207 crat
643 5156 920 5222 idoneum,
952 5155 1241 5211 innnodica
1284 5157 1501 5212 llanuna
1542 5161 1812 5229 corrumpi
1850 5176 2070 5217 necesse

490 5260 547 5298 es
556 5253 592 5299 t.

565 5421 726 5475 Vens.
749 5424 801 5477 9.
829 5426 1177 5482 Cameria-unt
1212 5432 1373 5484 alieni
1406 5430 1536 5482 vires
1569 5448 1679 5500 ejus
1702 5473 1716 5498 ,
1751 5434 1859 5503 ipse
1894 5445 2068 5486 autem

494 5531 597 5566 non
622 5518 853 5582 cognovit
891 5534 908 5568 :
948 5530 995 5570 et
1030 5525 1145 5573 cani
1176 5524 1530 5592 efﬂoruerunt,
1583 5536 1630 5576 et
1676 5526 1783 5594 ipse
1826 5545 1927 5578 non
1975 5544 2065 5577 co-

494 5608 690 5675 gannit.

571 5696 847 5752 LXXVIII.
901 5701 1119 5755 Alienus
1157 5704 1397 5759 nomimt
1441 5707 1770 5780 alienigenas
1801 5753 1814 5775 ,
1870 5722 1923 5765 et
1970 5725 2066 5762 ex-

507 5798 671 5849 tcms,
706 5788 897 5841 l‘wsns
923 5802 1073 5855 puta,
1107 5803 1158 5845 et
1188 5796 1422 5851 conﬁnes
1481 5800 1714 5863 illorum,
1748 5802 2064 5865 vicinosque

2179 4698 2279 4753 κᾶν
2308 4701 2357 4753 εί
2390 4699 2611 4769 ὀλέθρου
2642 4700 2878 4771 πρόξενα
2907 4702 3000 4756 καὶ
3042 4702 3312 4768 ἀπωλείας
3367 4705 3552 4768 αὐτοῖς
3588 4704 3782 4778 ὑπάρ-

2177 4808 2263 4862 χει
2295 4791 2473 4848 ταυτί.
2524 4792 2860 4861 Ἐγκρυφίαν
2900 4792 2964 4865 δὴ
2999 4788 3092 4847 οὖν
3143 4793 3203 4847 οὐ
3252 4796 3781 4867 μεταστρεφόμενον

2177 4883 2503 4954 γεγενῆσθαί
2547 4901 2679 4954 φησι
2714 4883 2805 4939 τὸν
2847 4884 3108 4956 Ἐφραῒμ,
3143 4884 3218 4948 ὡς
3246 4886 3304 4952 ἐξ
3333 4886 3564 4951 εἰκόνος,
3596 4887 3670 4958 ἠγ
3684 4904 3783 4939 ουν

2178 4975 2619 5046 παραδείγματος
2658 4975 2767 5030 τῶν
2805 4975 2898 5027 ἐπὶ
2934 4975 3105 5038 λίθοις
3157 4977 3494 5046 ὀπτωμένων
3542 4975 3734 5048 ἀρτων
3766 5014 3783 5036 ,

2175 5065 2290 5130 οὓς,
2329 5067 2375 5118 εἰ
2419 5067 2493 5136 μή
2540 5085 2623 5129 τις
2657 5067 3044 5138 μεταστρέφοι,
3092 5069 3243 5121 πᾶσα
3298 5068 3487 5139 ὃήπως
3543 5067 3772 5139 ἀνάγκη

2169 5158 2643 5229 καταφρύττεσθαί
2693 5176 2754 5212 τε
2816 5161 2910 5214 καὶ
2967 5159 3224 5231 ἀχρείους
3265 5160 3497 5231 ὁρᾶσθαι
3549 5161 3769 5228 λοιπὸν,

2168 5252 2264 5305 καὶ
2327 5253 2394 5323 τῇ
2449 5252 2547 5323 τῆς
2600 5251 2796 5321 φλογὸς
2855 5251 3087 5324 ἀφθονίᾳ
3135 5251 3462 5323 ζημιοῦσθαι
3508 5255 3571 5308 τὸ
3628 5254 3773 5308 ἐδώ-

2165 5342 2339 5413 διμον.

2240 5430 2586 5499 Ιίατέρίιῖον
2623 5430 2926 5497 ἀλλότριοι
2960 5429 3072 5498 τὴν
3109 5433 3292 5501 ἷσχὺν
3323 5436 3535 5498 αὐτοῦ,
3573 5436 3775 5502 ai'n‘q

2166 5522 2363 5575 ὃὲσίυι
2409 5526 2589 5592 ἐγνω-
2642 5525 2739 5577 zeal
2791 5525 2991 5576 πολιαὶ
3044 5525 3395 5593 ἐξήνθησαν
3433 5525 3614 5590 αὐτῷ,
3654 5530 3769 5582 καὶ

2166 5614 2349 5679 αὐτὸς
2376 5618 2485 5667 civ!
2516 5616 2685 5685 ἔγνω.

2242 5710 2368 5759 ()Η’.
2429 5708 2764 5778 ’Λλλοτρίους
2822 5709 3074 5779 ὀνομάζει
3115 5711 3239 5772 τοὺς
3273 5711 3611 5777 ἀλλοφύλους
3660 5714 3770 5766 καὶ

2169 5800 2528 5869 ἑτερογενεῖς,
2574 5803 2784 5869 Πέρσας
2844 5804 2906 5867 δὴ
2959 5803 3137 5865 λέγω,
3195 5804 3286 5852 καὶ
3341 5803 3466 5855 τοὺς
3510 5803 3765 5869 ὤρινεν-ιτς
