4034 6270
225 392 331 469 189

1139 394 1693 456 COMMENTARIUS
1733 392 1801 448 IN
1840 393 2075 451 OSEAM
2115 391 2568 451 PROPHETAM.

3386 396 3490 453 190

229 524 412 586 αὐτοῖς
436 560 450 585 ,
503 519 598 573 καὶ
628 516 871 587 γείτονας
917 512 1247 576 Μωαϐίτας,
1306 512 1402 566 καὶ
1445 509 1807 580 Ἰδουμαίους,
1840 563 1845 571 ε

1947 509 2199 577 loabitas,
2263 521 2317 566 et
2362 509 2648 572 ldumeos,
2693 516 2747 563 et
2792 506 3055 580 Syrorum
3112 516 3362 578 gentem,
3396 512 3488 579 qui

235 616 328 671 καὶ
353 612 421 666 τὰ
450 609 636 681 Σύρων
673 607 842 675 ἔθνη,
881 605 932 658 οἳ
974 604 1257 675 μονονουχὶ
1294 602 1691 672 κατεδηδόκασι
1721 601 1813 656 τὸν

250 705 501 777 Ἐφρατμο
545 699 765 769 Ἐπειδὴ
789 698 899 768 γὰρ
927 697 1091 767 ἄρτον
1128 696 1291 751 αὐτὸν
1337 694 1642 765 ἐγκρυφίαν
1684 692 1812 762 ἔφη,

242 797 541 870 μεμένηκεν
574 794 634 847 ἂν
664 793 732 862 τῇ
779 790 876 844 τοῦ
903 788 1067 857 λόγου
1109 788 1310 859 τροπῇ.
1352 785 1524 856 ἰσχὺν
1548 784 1608 839 δὲ
1648 783 1817 838 αὐτοῦ

235 903 364 958 φησι
390 883 489 956 τὴν
532 880 772 954 ἀριθμοῦ
809 878 1099 951 κρείττονα
1130 875 1364 949 πληθύν.
1398 873 1819 946 Πολυανδροῦσα

236 979 340 1049 γὰρ
367 977 488 1032 λίαν
514 977 550 1047 ή
580 974 746 1045 φυλὴ,
780 972 1019 1044 μάλιστα
1045 968 1142 1024 τοῦ
1179 967 1446 1041 Ἐφραῒμ,
1475 969 1570 1023 καὶ
1610 966 1822 1036 ὑψηλὴν

237 1071 328 1124 ἐπὶ
358 1069 533 1139 τούτῳ
560 1067 661 1138 τὴν
699 1066 872 1137 ὀφρὺν
910 1062 1291 1126 ἀνατείνουσα,
1323 1060 1473 1131 δεινὴ
1506 1060 1602 1114 καὶ
1625 1061 1823 1114 ἀναντ-

237 1162 535 1230 αγώνιστος
562 1159 699 1231 ᾤετό
746 1175 850 1214 που
883 1158 979 1212 καὶ
1012 1157 1199 1219 αὐτοῖς
1228 1154 1450 1208 ἔσεσθαι
1477 1154 1591 1216 τοῖς
1638 1151 1826 1206 ’Δσσυ-

238 1253 369 1323 ρίων
406 1250 770 1320 καθηγηταῖς,
794 1248 914 1319 ἢτοι
939 1246 1286 1318 στρατηγοῖς.
1316 1241 1539 1312 Ἐπειδὴ
1563 1241 1620 1293 δὲ
1649 1255 1826 1308 παρα·

236 1345 491 1413 γεγόνασι
508 1342 601 1396 τὸν
617 1343 738 1395 κατ’
755 1340 936 1394 αὐτῶν
965 1340 1230 1409 ἀράμενοι
1247 1336 1373 1390 πόλε
1382 1350 1501 1403 μον.
1520 1331 1728 1386 ἀκονιτὶ
1749 1330 1827 1383 δε-

235 1435 559 1505 δαπάνηται,
586 1433 683 1487 καὶ
702 1432 897 1503 ἧγοντο
915 1430 1051 1503 πρὸς
1077 1426 1474 1500 αἰχμαλωσίαν.
1494 1423 1656 1489 Ἀλλ’,
1682 1423 1828 1476 τούκ

235 1527 400 1599 ἔγνω,
423 1546 443 1578 ›
470 1526 627 1597 φησι,
654 1524 961 1590 τουτέστιν,
986 1522 1087 1576 οὐκ
1124 1520 1378 1590 ἐνενόησε
1408 1517 1509 1587 τῆς
1543 1514 1829 1586 συμφορᾶς

235 1616 336 1688 τὴν
361 1618 567 1682 αἰτίαν,
598 1616 780 1670 καίτοι
800 1613 921 1669 δέον
947 1613 1112 1668 αὐτδν
1139 1611 1242 1667 κᾶν
1277 1609 1409 1679 γοῦν
1432 1608 1523 1663 διὰ
1548 1606 1657 1661 τῶν
1691 1606 1831 1676 συμ-

236 1708 554 1780 ὅεὸηκότων
589 1707 726 1763 ίέναι
758 1705 897 1778 πρὸς
922 1705 1196 1777 αἴσθησιν.
1226 1706 1295 1758 Ὃ
1325 1702 1435 1775 γάρ
1472 1702 1570 1772 οὐχ
1610 1700 1828 1771 ὁρᾶται,

239 1802 506 1865 πολλάκις
554 1802 621 1855 ὲκ
668 1797 1015 1872 προμηθείας
1061 1799 1122 1851 ὲν
1164 1794 1463 1865 ὀφθαλμοῖς
1517 1793 1725 1847 ἱστᾶσιν
1772 1790 1829 1842 αἱ

239 1897 457 1966 πεῖραι.
490 1892 603 1947 Καὶ
635 1892 858 1963 ἄμεινον
886 1889 985 1960 μὲν
1017 1888 1079 1942 τὺ
1117 1884 1592 1943 κατασκέπτεσθαι
1617 1884 1679 1938 τὺ
1701 1899 1833 1953 συμ-

238 1987 434 2058 φέρον,
468 1984 569 2057 τὴν
593 1986 793 2055 πεῖραν
830 1982 931 2036 οὐκ
958 1980 1350 2050 ἀναμένοντας.
1374 1977 1438 2030 Εἰ
1464 1976 1522 2030 δὲ
1547 1976 1609 2047 δὴ
1639 1974 1830 2029 τούτου

240 2079 460 2149 γένοιτο
511 2077 607 2130 καὶ
637 2077 1010 2147 ἀφαμαρτεῖν,
1045 2072 1159 2126 ἀλλ’
1208 2066 1301 2125 οὖν
1348 2068 1640 2122 πεπονθόσι
1672 2084 1833 2139 περι-

239 2170 405 2225 ἐσται
438 2168 625 2223 λοιπὸν
649 2168 713 2222 τὸ
739 2167 842 2221 κᾶν
868 2166 927 2233 ἐξ
950 2164 1119 2235 αὐτῆς
1147 2161 1408 2217 δύνασθαι
1430 2163 1570 2216 νοεῖν
1597 2160 1693 2231 τῆς
1724 2160 1835 2212 πεί-

243 2282 346 2339 ρας
376 2266 442 2320 τὸ
474 2262 771 2331 ἀναγκαῖον
800 2260 895 2314 καὶ
925 2257 1270 2328 ὀνησιφόρον.
1305 2255 1420 2309 Οὐκ
1473 2254 1614 2323 έγνω
1635 2252 1833 2314 τοίνυν,

242 2356 438 2429 φησὶν,
487 2359 517 2410 ὁ
549 2352 813 2423 Ἐφραῖμ,
857 2349 1037 2403 καίτοι
1076 2346 1518 2418 πεπολιωμένος,
1561 2345 1833 2410 τουτέστι,

243 2444 467 2517 μακροῦ
502 2441 876 2512 διαγεγονότος
897 2439 1112 2511 χρόνον,
1130 2436 1226 2490 καὶ
1260 2437 1360 2490 οὐκ
1377 2433 1650 2498 ἀνικάνως
1680 2433 1838 2504 ἔχον-

239 2554 336 2602 τος
384 2539 466 2601 είς
495 2537 558 2591 τὸ
603 2533 893 2589 παιδεῦσαι
926 2530 1136 2594 λοιπὸν,
1172 2529 1267 2583 καὶ
1296 2529 1590 2584 ἀναπεῖσαι
1622 2526 1835 2598 μαθεῖν,

241 2629 370 2683 τίνα
394 2629 464 2699 δὴ
499 2628 702 2700 τρόπον
724 2627 908 2688 αὐτοῖς
934 2623 1004 2676 τὰ
1036 2622 1217 2676 τοιάδε
1257 2620 1593 2691 συμϐέϐηκε.
1618 2619 1729 2673 Καὶ
1753 2620 1836 2673 ὅτι

243 2721 672 2793 προσκέκρουκε
718 2717 800 2788 τῷ
846 2715 1133 2779 διασώζειν
1192 2713 1428 2785 ἰσχύοντι
1454 2754 1469 2778 ,
1504 2714 1696 2777 δεινοῖς
1746 2714 1840 2766 καὶ

243 2814 543 2884 ἀδοκήτοις
566 2809 852 2864 ὲνὼλισθον
880 2811 1091 2869 κακοῖς.

322 2906 439 2961 Καὶ
484 2900 991 2967 ταπεινωθήσεται
1031 2898 1071 2966 ’ἡ
1106 2898 1272 2966 ὕϐρις
1308 2896 1415 2950 τοῦ
1462 2895 1699 2964 Ἰσραὴλ
1756 2896 1843 2961 εὶς

246 2997 592 3066 πρόσωπον
617 2990 827 3056 αὐτοῦ,
865 2988 966 3041 και
995 2990 1108 3042 οὐκ
1136 2987 1521 3056 ἐπέστρεψαν
1543 2985 1690 3054 πρὸς
1730 2986 1841 3039 Κύ-

244 3105 385 3160 ριον
411 3084 525 3140 τὸν
553 3084 703 3138 Θεὸν
733 3080 953 3148 αὐτῶν,
990 3080 1086 3135 καὶ
1115 3081 1228 3134 οὐκ
1256 3077 1623 3146 ἐξεζήτησαν
1658 3076 1846 3132 αὐτὸν

250 3178 323 3231 ἐν
339 3175 499 3230 πᾶσι
533 3173 789 3237 τούτοις.

325 3264 453 3320 ΟΘ’.
479 3259 824 3332 νἘρμηνεύει
875 3258 1061 3327 σαφῶς
1082 3259 1220 3329 ὅπερ
1260 3256 1385 3327 ἔφη.
1428 3257 1503 3309 Τὸ
1547 3255 1678 3328 γάρ,
1731 3256 1848 3310 Οὐκ

262 3354 440 3423 ἔγνω,
487 3353 668 3405 καίτοι
720 3349 1129 3419 πεπολιωμένος
1178 3350 1206 3400 ὁ
1252 3346 1527 3418 Ἐφραῖμ,
1572 3346 1856 3417 διατρανοῖ

268 3445 455 3500 πάλιν.
490 3444 556 3497 Ἥ
593 3442 705 3513 γὰρ
736 3440 915 3512 ὕϐρις,
944 3440 1099 3510 φησι,
1135 3439 1232 3493 τοῦ
1275 3437 1513 3509 Ἰσραὴλ,
1543 3437 1850 3498 τουτέστιν,

270 3537 306 3606 ἡ
328 3536 642 3602 ἀπόστασις,
679 3535 750 3605 ἢν
786 3532 1042 3601 νενόηκεν
1090 3530 1149 3595 ἐξ
1191 3530 1515 3601 ὑπεροψίας,
1564 3528 1629 3582 δι’
1659 3529 1727 3599 ἣν
1762 3528 1857 3582 καὶ

268 3627 626 3682 ἀπονένευκεν
650 3625 742 3678 ἐπὶ
770 3623 926 3688 θεοὺς
965 3622 1302 3695 ἀλλοτρίους,
1332 3621 1423 3675 τὸν
1469 3620 1629 3689 φύσει
1671 3637 1730 3673 τε
1764 3620 1858 3673 καὶ

262 3718 482 3791 άληθῶς
525 3717 808 3788 ἀτιμάζων
849 3717 1016 3779 Θεὸν,
1051 3715 1541 3787 ἀποστραφήσεται
1578 3714 1658 3776 είς
1688 3712 1859 3783 πρόσ-

259 3830 413 3866 ωπον
441 3812 631 3865 αὐτοῦ.
660 3812 885 3880 Ὅμοιον
917 3807 992 3872 ὡς
1020 3809 1068 3860 εί
1100 3806 1270 3875 λέγοιο
1304 3806 1556 3876 Ὕϐρεως
1584 3803 1734 3874 αὐτῷ
1763 3803 1859 3857 καὶ

257 3905 494 3975 ἀτιμίας
538 3903 894 3972 ἀναφανεῖται
945 3897 1225 3969 πρόξενος.
1274 3896 1444 3951 Τοῦτο
1503 3895 1611 3965 γὰρ
1664 3896 1726 3949 τὸ
1778 3897 1860 3959 είς

256 3998 564 4068 πρόσωπόν
592 4010 736 4057 τινος
774 3991 1214 4063 ἀποστρέφεσθαί
1245 4008 1321 4044 τι.
1364 3988 1525 4042 Ἀλλά
1571 3987 1747 4042 καίτοι
1791 3987 1862 4040 τὰ

257 4090 457 4142 τοιάδε
479 4084 788 4151 πεπονθὼς,
816 4086 978 4138 πάλιν
1003 4085 1104 4137 οὐκ
1127 4082 1267 4151 ἔγνω
1289 4083 1442 4144 Θεὸν,
1467 4080 1592 4134 οὔτε
1627 4079 1860 4158 μὴνθτῆς

262 4178 420 4251 πρὸς
453 4179 619 4230 αὺτὸν
651 4176 982 4246 ἐπιστροφῆς
1006 4173 1287 4226 ἐποιοῦντο
1318 4172 1498 4240 λόγον.
1520 4171 1757 4243 Σκληροὶ
1781 4171 1859 4235 δὲ,

260 4271 369 4325 καὶ
390 4270 671 4337 ἄτεγκτοι,
709 4267 804 4320 καὶ
833 4264 971 4318 πολὺ
1017 4262 1299 4327 νοσοῦντες
1323 4264 1384 4316 τὸ
1435 4263 1735 4332 ἁφιλόθεον,
1770 4262 1863 4317 καὶ

258 4366 324 4417 ἐν
356 4361 546 4423 αὐτοῖς
568 4357 838 4430 ὁρώμενοι
865 4358 978 4419 τοῖς
1014 4355 1226 4419 δεινοῖς,
1267 4354 1648 4425 Ἀναισθησίας
1680 4354 1736 4407 δὲ
1767 4355 1864 4425 τῆς

260 4455 512 4525 ἐσχάτης
558 4452 813 4521 ἔγκλημα
844 4447 1016 4511 τουτὶ,
1049 4448 1142 4501 καὶ
1174 4448 1270 4519 τῆς
1300 4449 1378 4512 είς
1424 4447 1579 4518 λῆξιν
1624 4445 1862 4519 ἡκούσης

260 4545 605 4617 ἁϐελτηρίας
631 4542 906 4608 ἀπόδειξις
933 4542 1190 4614 ἐναργής.

340 4638 459 4695 Καὶ
488 4634 565 4709 ἦν
587 4636 839 4706 Ἐφριιῒμ
863 4636 944 4701 ὡς
975 4632 1300 4702 περιστερὰ
1323 4632 1531 4700 ἄνους,
1549 4634 1660 4686 οὐκ
1688 4631 1865 4701 ἔχου-

261 4749 354 4786 σα
391 4729 664 4797 καρδίαν.
697 4726 1384 4798 Αἴγυπτον-ἐπεκαλεῖτο,
1405 4727 1499 4780 καὶ
1532 4727 1619 4791 είς
1650 4726 1870 4777 Ἀσσυ-

257 4825 452 4892 ρίους
495 4821 931 4889 ἐπορεύθησαν.
965 4820 1176 4886 Καθὼς
1220 4819 1297 4873 ἂν
1337 4819 1702 4887 πορεύωνται
1745 4816 1870 4869 ἑπι-

264 4911 448 4970 ϐαλῶ
488 4912 579 4965 ἐπ’
606 4912 828 4979 αὐτοὺς
867 4913 932 4967 τὸ
984 4912 1234 4967 δίκτυόν
1254 4930 1395 4983 μου.
1433 4912 1641 4977 Καθὼς
1668 4909 1740 4963 τὰ
1772 4922 1874 4962 πε-

260 5004 449 5061 τεινὰ
498 5004 606 5057 τοῦ
657 5003 914 5071 οὐρανοῦ
970 5003 1207 5069 κατάξω
1258 5004 1501 5070 αὐτούς.
1556 5005 1870 5059 Παιδεύσω

259 5095 509 5160 αὐτοὺς
546 5095 616 5148 ἐν
647 5093 801 5162 ἀκοῇ
838 5093 948 5161 τῆς
975 5097 1241 5163 θλίψεως
1275 5093 1492 5148 αὐτῶν.

340 5190 436 5243 11'.
486 5187 824 5256 Ἀναμνῆσαι
849 5185 930 5238 δεῖ
962 5186 1123 5240 πάλιν
1151 5186 1259 5240 τῶν
1283 5186 1685 5257 γεγραμμένων
1710 5186 1767 5239 ὲν
1798 5187 1866 5256 τῇ

259 5280 518 5349 τετάρτῃ
550 5276 659 5329 τῶν
690 5275 1010 5330 Βασιλειῶν·
1050 5279 1351 5350 συνήσομεν
1371 5278 1480 5347 γὰρ
1513 5277 1747 5339 εὐκόλως
1774 5276 1870 5329 ὡδὶ

260 5372 383 5425 τῶν
436 5366 817 5439 προκειμένων
849 5368 940 5420 τὸν
978 5368 1123 5423 νοῦν,
1165 5369 1327 5439 Ὠσηὲ
1365 5368 1545 5421 τοίνυν
1590 5367 1702 5430 υίὸς
1738 5366 1871 5420 Ἢλὰ

268 5460 672 5533 βεϐασίλευκεν
719 5461 775 5511 ἐν
824 5459 1106 5531 Σαμαρείᾳ
1155 5461 1248 5513 ἐπὶ
1294 5460 1382 5512 τὸν
1440 5459 1679 5530 Ἰσραήλ.
1730 5458 1872 5529 Πρὸς

267 5554 471 5608 τοῦτον
498 5553 763 5620 ἀγγέλους
788 5553 1041 5623 πέπομφε
1092 5551 1495 5624 Σαλοιμανασὰρ
1527 5551 1868 5622 όἈσσύριος,

268 5648 345 5701 τὰ
392 5645 601 5717 συνήθη
647 5645 794 5715 δῶρα
846 5644 1314 5715 τυραννικώτερον
1343 5643 1591 5709 ἐξαιτῶν,
1624 5643 1780 5714 μόνον
1816 5644 1871 5695 δὲ

351 5828 393 5861 ιι
441 5825 506 5879 ιν
535 5825 666 5894 Reg.
706 5840 841 5889 xv“,
885 5823 930 5877 1.

1918 611 2129 658 tantum
2167 618 2273 657 non
2313 603 2652 657 devoraruut
2695 601 2980 671 Ephraim.
3025 601 3294 668 Quoniam
3347 602 3492 656 enim

1918 696 2096 766 ipsum
2154 708 2351 765 panem
2409 694 2839 750 subcinericium
2888 693 3202 763 appellavit,
3246 693 3499 748 consistit

1919 791 1973 845 in
2000 789 2251 844 oratione
2274 786 2505 854 tropica,
2560 786 3135 856 innumerabilemqu
3195 784 3500 839 multitudi-

1920 897 2043 938 nem
2074 880 2244 935 robur
2287 877 2406 947 ejus
2468 884 2768 946 nuncupat.
2806 874 3107 931 Numerosa
3167 875 3311 929 enim
3370 874 3501 927 viris

1923 982 2263 1039 unaquaeque
2288 966 2485 1031 tribus,
2513 964 2815 1034 praesertim
2850 964 3265 1032 Epltraimitica,
3293 963 3423 1029 fuit,
3447 971 3503 1016 et

1921 1063 1994 1118 ob
2026 1063 2078 1116 id
2109 1059 2459 1129 supercilium
2488 1056 2706 1120 tollens,
2738 1055 3139 1109 iurmidabilcm
3165 1066 3219 1109 et
3244 1055 3500 1108 invictam

1924 1154 2010 1208 vel
2044 1154 2178 1222 ipsis
2208 1151 2557 1221 Assyriorum
2603 1148 2726 1201 belli
2772 1146 3025 1208 ducibus,
3076 1145 3192 1197 sive
3254 1145 3494 1210 impera-

1928 1248 2137 1303 toribus
2162 1261 2220 1300 se
2242 1245 2360 1299 fore
2407 1242 2798 1297 arbitrabatur.
2858 1238 2959 1305 Qui
2996 1238 3085 1291 ubi
3119 1245 3368 1303 suscepta
3405 1250 3505 1289 ex-

1928 1338 2201 1409 peditione
2229 1337 2544 1400 adfuerunt,
2592 1346 2733 1404 quas
2778 1330 2888 1385 dixi
2935 1328 3110 1383 tribus
3168 1327 3305 1379 citra
3362 1322 3505 1378 ditii-

1928 1432 2185 1488 cultatem
2228 1428 2501 1491 contritae,
2555 1434 2610 1482 et
2667 1439 2767 1495 pro
2788 1422 3019 1492 captivis
3059 1420 3306 1475 abducta!
3351 1424 3499 1472 sunt.

1931 1524 2060 1589 Sed,
2086 1540 2106 1573 ι
2135 1535 2241 1576 non
2269 1520 2545 1590 cognovit,
2569 1535 2590 1569 ι
2610 1516 2807 1585 inquit,
2832 1515 2935 1569 hoc
2964 1522 3071 1577 est,
3108 1509 3267 1581 112
3287 1521 3508 1564 causam

1931 1610 2260 1667 calamitatis
2296 1623 2403 1663 non
2440 1607 2730 1675 cogitavit;
2760 1604 2978 1659 tametsi
3014 1602 3209 1658 saltem
3245 1615 3313 1656 ex
3342 1613 3510 1655 even-

1935 1707 2004 1760 tis
2023 1703 2081 1759 in
2120 1703 2238 1773 ejus
2269 1699 2637 1771 cognitionem
2681 1695 2873 1752 venire
2916 1694 3121 1750 debuit.
3178 1691 3332 1758 Quod
3366 1690 3511 1746 enim

1936 1798 2116 1852 animo
2145 1809 2254 1850 non
2291 1792 2529 1858 videtur,
2586 1799 2961 1858 saepenumero
3005 1781 3342 1854 experientia
3385 1790 3514 1834 ante
3598 1780 3601 1783 '

1939 1890 2125 1947 oculos
2156 1885 2460 1944 constituit.
2495 1884 2565 1939 Et
2615 1888 2835 1952 prastat
2864 1893 2972 1934 non
2996 1884 3312 1945 exspectata
3349 1885 3516 1940 expe-

1942 1980 2137 2035 rientia
2183 1975 2610 2046 circumspicere
2660 1971 2791 2041 quid
2846 1967 3139 2025 conducat.
3201 1965 3244 2018 A
3308 1977 3418 2033 quo
3466 1960 3514 2015 si

1942 2072 2203 2128 aberrare
2236 2070 2540 2136 contingat,
2572 2068 2677 2122 hoc
2704 2075 2883 2120 tamen
2914 2061 3244 2130 relinquitur
3268 2099 3283 2123 ,
3312 2064 3374 2121 ut
3399 2057 3515 2125 ipsa

1942 2167 2276 2240 experientia
2312 2161 2444 2233 quid
2484 2159 2631 2215 facto
2662 2172 2802 2228 opus
2838 2154 2932 2219 sit,
2968 2152 3208 2223 quidque
3232 2147 3513 2218 expediat,

1945 2238 2249 2329 intelligere
2298 2254 2595 2327 possimus.
2647 2248 2833 2318 lnquit
2879 2246 3070 2317 igitur,
3100 2247 3223 2301 Non
3268 2238 3521 2308 cognovit

1944 2354 2227 2424 Ephraim,
2257 2348 2510 2421 quamvis
2544 2345 2697 2401 canis
2743 2355 3018 2413 aspersus,
3072 2338 3176 2392 hoc
3202 2343 3308 2401 est,
3362 2332 3522 2401 longo

1948 2455 2190 2515 tempore
2218 2442 2423 2512 elapso,
2451 2439 2595 2508 quod
2634 2451 2729 2491 eos
2776 2432 3046 2505 potuisset
3083 2437 3273 2500 postea
3309 2426 3508 2480 docere

1947 2546 2003 2593 et
2033 2534 2294 2591 credibile
2319 2532 2533 2597 facere,
2568 2541 2805 2599 quonam
2847 2525 3006 2579 modo
3029 2522 3145 2576 haec
3170 2519 3304 2590 ipsis
3339 2515 3514 2572 conti-

1949 2628 2158 2700 gerint;
2185 2635 2237 2681 et
2259 2622 2384 2695 quia
2416 2620 2747 2677 oﬂ'enderint
2775 2630 2940 2687 penes
2961 2627 3124 2684 quem
3152 2619 3238 2667 est
3275 2608 3445 2674 salus,
3470 2605 3525 2661 in

1947 2718 2153 2776 atrocia
2176 2725 2230 2772 et
2248 2717 2619 2785 inexspectata
2647 2710 2789 2765 mala
2812 2707 3093 2762 incidisse.

2020 2897 2188 2955 Vens.
2222 2894 2310 2949 10.
2349 2891 2417 2946 Ει
2438 2888 2811 2946 humiliabitur
2838 2885 3042 2955 injuria
3065 2879 3240 2937 Israel
3263 2880 3316 2932 in
3340 2876 3526 2949 {aciem

1950 2992 2084 3063 ejus,
2124 2999 2171 3045 et
2204 3004 2307 3043 non
2337 2984 2527 3040 reversi
2564 2991 2687 3037 sunt
2715 2981 2783 3033 ad
2813 2977 3098 3032 Dominum
3131 2972 3298 3027 Deum
3321 2983 3525 3035 eorum,

1949 3097 1996 3140 et
2024 3100 2126 3138 non
2153 3081 2501 3153 qua’xiverunt
2524 3090 2645 3130 eum
2672 3074 2729 3127 in
2758 3070 2998 3126 omnibus
3029 3067 3129 3121 his.

2024 3254 2264 3313 LXXIX.
2318 3252 2477 3307 Clare
2520 3248 2915 3317 interpretatur
2976 3238 3123 3312 quod
3170 3236 3331 3291 dixit.
3392 3232 3529 3288 Nam

1953 3366 2051 3407 cur
2082 3363 2191 3404 non
2219 3340 2533 3415 cognoverit
2558 3337 2840 3408 Ephraim,
2865 3334 2997 3388 licet
3027 3343 3198 3386 canus
3231 3367 3246 3391 ,
3278 3325 3534 3391 deinceps

1928 3441 2217 3497 declarat.
2251 3414 2453 3504 Iniuria
2492 3432 2637 3487 enim
2665 3426 2852 3490 Israel,
2905 3423 3100 3492 inquit,
3138 3420 3243 3473 hoc
3266 3424 3371 3481 est,
3420 3414 3528 3468 dis-

1955 3531 2152 3597 cessio,
2176 3543 2336 3599 quam
2358 3541 2427 3581 ex
2451 3521 2702 3593 superbia
2735 3517 3027 3573 meditatus
3047 3522 3152 3578 est,
3181 3519 3236 3566 et
3270 3508 3342 3563 ob
3366 3519 3531 3575 quam

1956 3625 2120 3679 etiam
2155 3623 2221 3675 ad
2252 3621 2383 3674 deos
2417 3615 2624 3669 alienos
2671 3608 2987 3674 declinavit,
3048 3611 3244 3659 natura
3293 3608 3347 3655 et
3379 3596 3527 3652 veri-

1959 3726 2069 3770 tate
2096 3714 2268 3768 Deum
2305 3715 2652 3778 aspernatus,
2694 3708 3048 3757 convertetur
3087 3696 3141 3749 in
3174 3692 3369 3746 faciem
3396 3687 3534 3756 ejus.

1958 3806 2125 3875 Quasi
2155 3804 2321 3865 dicat,
2344 3795 2599 3867 Iniuriam
2630 3802 2685 3847 et
2715 3795 3089 3857 contemptum
3118 3784 3166 3839 ei
3197 3795 3390 3853 parere
3422 3792 3539 3832 ma-

1962 3898 2157 3953 niiesie
2180 3891 2452 3949 videbitur
2489 3904 2504 3944 :
2549 3887 2652 3941 hoc
2682 3883 2826 3937 enim
2871 3888 2974 3947 est,
3016 3877 3072 3932 in
3122 3874 3316 3930 faciem
3365 3871 3536 3927 alicu-

1954 3989 2044 4061 jus
2082 3985 2323 4045 converti
2348 3979 2648 4053 quidpiam.
2680 3973 2787 4030 Sed
2823 3982 2878 4027 et
2908 3973 3011 4026 ista
3048 3982 3261 4040 passus,
3288 3966 3532 4020 nondum

1961 4059 2211 4154 cognovit
2236 4078 2440 4138 Deum;
2490 4086 2558 4127 ne
2590 4083 2723 4124 meae
2752 4066 2819 4120 ad
2864 4065 2986 4119 illos
3042 4059 3415 4118 conversionis
3448 4069 3539 4110 ra-

1964 4150 2166 4230 tionem
2189 4171 2486 4229 duxerunt,
2514 4162 2716 4231 asperi,
2752 4167 2808 4213 et
2838 4155 3167 4209 iullexibiles
3188 4191 3204 4215 ,
3248 4159 3303 4204 et
3334 4150 3386 4202 in
3422 4158 3542 4203 stu-

1964 4267 2054 4322 dio
2085 4276 2214 4331 erga
2252 4260 2422 4314 Deum
2461 4248 2796 4308 itubecillimi
2832 4247 2996 4301 etiam
3041 4244 3093 4297 in
3136 4241 3269 4313 ipsis
3310 4238 3543 4295 miseriis

1964 4362 2308 4426 apparentes,
2350 4357 2406 4403 et
2440 4345 2582 4416 quod
2619 4340 2849 4399 extremi
2905 4336 3147 4408 stuporis
3190 4333 3384 4390 vitium
3434 4339 3540 4395 est,

1966 4461 2020 4504 et
2042 4443 2354 4504 stoliditatis
2377 4439 2600 4497 evidens
2629 4440 3038 4507 argumentum.

1893 4544 1939 4599 D

2036 4640 2200 4701 Vens.
2238 4631 2439 4700 11,12.
2508 4626 2576 4682 Et
2618 4631 2732 4681 erat
2784 4620 3038 4691 Ephraim
3097 4615 3250 4688 quasi
3300 4612 3547 4668 columba

1966 4733 2244 4802 insipiens,
2282 4742 2386 4780 non
2435 4720 2632 4775 habens
2671 4732 2782 4770 cor.
2818 4713 3112 4783 JEgyptum
3142 4707 3442 4769 invocabat,
3501 4716 3548 4759 et

1969 4829 2036 4880 ad
2069 4820 2312 4893 Assyrios
2339 4817 2471 4869 ibat.
2505 4812 2655 4868 Sicut
2685 4807 2870 4863 iverint
2900 4804 3110 4857 mittam
3138 4815 3294 4866 super
3315 4814 3401 4851 eos
3433 4807 3540 4850 rete

1969 4929 2163 4967 meum.
2197 4908 2349 4965 Sicut
2378 4903 2618 4959 volatilia
2652 4898 2766 4954 caeli
2789 4894 3069 4951 detraham
3095 4906 3204 4944 eos.
3248 4886 3551 4957 Corripiam

1975 5025 2060 5062 eos
2092 5007 2144 5058 in
2173 5003 2360 5059 auditu
2385 4992 2743 5053 tribulationis
2767 4992 3024 5059 ipsorum.

2046 5181 2261 5240 LXXX.
2320 5180 2380 5233 1n
2436 5173 2753 5234 memoriam
2803 5170 2982 5223 denuo
3032 5158 3392 5218 revocandum
3443 5165 3550 5222 est,

1976 5279 2120 5350 quod
2183 5275 2445 5344 scriptum
2504 5275 2685 5324 exstat
2722 5272 2917 5334 quarto
2952 5258 3155 5326 Regum
3209 5271 3223 5307 :
3275 5250 3355 5306 sic
3406 5251 3551 5302 enim

1978 5343 2135 5423 facile
2164 5343 2516 5432 intelligimus
2557 5358 2684 5427 quid
2733 5353 2835 5409 sibi
2882 5350 3047 5404 verba
3088 5346 3319 5401 recitata
3362 5343 3554 5397 velint.

1979 5466 2115 5512 Usee
2162 5455 2327 5524 igitur
2375 5452 2517 5506 ﬁlius
2564 5450 2657 5502 Εἰ]
2711 5442 2969 5512 regnavit
3016 5439 3070 5491 in
3112 5435 3356 5492 Samaria
3395 5446 3551 5499 super

1981 5550 2145 5603 lsr.:el
2182 5548 2221 5575 “
2262 5565 2275 5598 ;
2312 5545 2375 5596 ad
2410 5556 2569 5609 quem
2594 5538 2811 5591 nuntios
2862 5530 3009 5586 misit
3055 5528 3403 5583 Salutanasar
3450 5520 3556 5572 As—

1982 5645 2182 5709 syrius,
2241 5641 2498 5690 consueta
2560 5641 2789 5683 munera
2837 5622 3164 5693 imperiosus
3214 5618 3438 5685 exigens
3495 5623 3553 5660 av
