4034 6270
217 351 314 411 Ιθό

1121 348 1674 407 COMMENTARIUS
1708 347 1775 403 IN
1808 347 2041 408 OSEAM
2080 353 2527 411 PROPHETAM.

3371 357 3476 414 1οό

224 489 242 523 ι
262 466 382 523 Ἐὰν
402 466 513 536 γὰρ
531 466 722 539 κλείσῃ
748 464 890 518 κατὰ
910 462 1198 536 ἀνθρώπου
1227 465 1380 531 Θεὸς,
1404 465 1489 529 τίς
1511 464 1743 533 ἀνοίξει;
1769 485 1786 518 ι

1897 478 2085 524 contra
2120 472 2418 538 hominem,
2444 472 2568 542 quis
2598 471 2899 543 aperiet“?
2927 491 2945 523 ι
2980 480 3039 527 ιιι
3070 471 3333 542 scriptum
3368 485 3472 531 est.

219 558 352 615 κατὰ
375 557 437 611 τὸ
462 556 864 628 γεγραμμένον.

299 686 433 755 Ἐγὼ
461 683 531 739 δὲ
562 683 1000 753 ἐλυτρωσὰμην
1026 683 1272 751 αὐτοὺς,
1311 683 1483 739 αὐτοὶ
1534 682 1605 736 δὲ
1648 699 1790 738 κατ-

218 777 523 844 ελάλησαν
560 777 689 831 κατ’
738 775 887 845 ἐμοῦ
929 773 1129 844 ψευδῆ
1149 814 1164 838 ,
1218 773 1320 828 καί
1365 775 1479 828 οὐκ
1526 773 1795 841 ἐϐόησαν

218 869 359 937 πρός
400 883 479 936 με
516 869 577 921 αι
624 865 862 936 καρδίαι
899 864 1120 928 αὐτῶν,
1143 864 1282 919 ἀλλ’
1316 863 1354 932 ἢ
1401 860 1704 922 ὠλόλυζον
1724 861 1794 916 ἐν

219 956 343 1023 ταῖς
401 957 632 1024 κοίταις
667 955 887 1023 αὐτῶν,
929 955 1030 1010 ἐπὶ
1065 954 1213 1022 σίτῳ
1255 952 1356 1008 καί
1391 953 1536 1018 οἴνῳ
1559 952 1794 1007 κατετέ-

214 1064 453 1118 prmo.

283 1180 410 1233 ΠΒ.
438 1179 559 1234 Ὀτι
578 1180 687 1242 τοῖς
710 1176 948 1233 ἑκάστου
974 1178 1446 1251 πλημμελήμασιν
1474 1178 1793 1251 ίσομέτρους

211 1270 404 1340 ἐπάγει
449 1270 551 1335 τὰς
581 1271 759 1336 δίκας,
797 1271 1129 1344 ὑπεμφαίνει
1188 1271 1372 1326 πάλιν.
1414 1272 1793 1341 Κατειρήκασι

211 1363 318 1435 γὰρ
353 1361 449 1416 τοῦ
479 1362 903 1434 λυτρωσαμένω
940 1360 1103 1427 Θεοῦ,
1143 1363 1238 1417 καὶ
1271 1362 1330 1429 ἐξ
1369 1361 1518 1416 οἴκου
1549 1361 1793 1426 δουλείας

209 1456 567 1527 ἐξαγηοχότος
602 1446 711 1510 ι’ὲν
763 1457 905 1527 χειρὶ
980 1457 1252 1527 κραταιᾷ,
1299 1454 1393 1508 καὶ
1443 1455 1502 1508 έν
1547 1453 1791 1525 βραχίονι

210 1547 456 1618 suum.
480 1545 628 1600 καθὰ
656 1546 990 1617 γέγραπται,
1011 1547 1106 1600 καὶ
1126 1547 1226 1617 τῆς
1252 1546 1564 1617 Αἰγυπτίων
1594 1545 1788 1598 πλεον-

207 1637 362 1701 εξίας
422 1635 870 1704 ὲκκεκομικὸτος.
938 1635 1328 1705 Κατελόιλησαν
1376 1634 1431 1687 δὲ
1484 1634 1582 1703 τῆς
1632 1634 1792 1703 δόξης

205 1724 401 1791 αὐτοῦ,
434 1724 532 1787 τὰς
558 1723 698 1795 ὑπὲρ
724 1718 799 1778 ὧν
838 1726 903 1778 ἂν
934 1725 1154 1779 πάθοιεν
1197 1725 1470 1795 εὐφημίας
1504 1726 1614 1789 τοῖς
1658 1725 1795 1778 ἀκα-
1844 1794 1847 1797 _

206 1818 434 1889 θάρτοις
483 1816 816 1877 ἀνάπτοντες
872 1815 1126 1888 δαίμοσι,
1171 1817 1267 1871 καὶ
1304 1818 1417 1879 τοῖς
1459 1815 1639 1885 ἔργοις
1685 1815 1793 1869 τῶν

202 1908 411 1979 χειρῶν
438 1905 547 1959 τῶν
580 1905 743 1969 ἰδίων,
765 1906 1016 1979 καθάπερ
1041 1908 1231 1978 ἀμέλει
1264 1907 1795 1978 μεμοσχοποιηκότες

202 1999 350 2053 κατὰ
384 1997 488 2066 τὴν
512 1996 736 2068 ἔρημον,
774 1999 1057 2069 μονονουχὶ
1102 2000 1192 2053 τὸν
1242 1999 1525 2070 λυτρωτὴν
1567 1999 1795 2062 ἀνοσίως

199 2086 682 2161 περιυϐρίζοντες,
714 2086 775 2152 ἐξ
825 2088 1169 2159 ἀποπληξίας
1199 2087 1441 2157 ἔφασκον
1461 2107 1472 2118 ·
1504 2107 1520 2138 ι
1554 2082 1712 2142 Οὗτοι
1746 2089 1806 2148 οί⁴

199 2182 317 2235 Θεοί
348 2197 473 2247 σου,
510 2178 748 2251 Ἰσραὴλ,
780 2180 976 2243 οἵτινες
1003 2180 1280 2252 ἁνήγαγόν
1317 2197 1377 2234 σε
1406 2182 1470 2234 ὲκ
1498 2180 1602 2251 γῆς
1626 2179 1795 2249 Αίγύ-

196 2291 360 2328 πτου.
400 2293 422 2326 ι
471 2272 667 2344 Ὕϐρις
717 2267 810 2327 οὖν
848 2273 991 2343 ἄρα,
1039 2274 1134 2328 καὶ
1185 2275 1439 2346 παροινία
1484 2262 1667 2327 λοιπον
1714 2275 1795 2337 είς

195 2365 367 2429 Θεὸν,
418 2364 516 2418 καὶ
569 2364 942 2435 ὲναργεστάτη
985 2366 1355 2437 κατάρῤησις,
1409 2365 1473 2419 τὸ
1532 2365 1795 2433 γλυπτοῖς

192 2457 292 2511 καὶ
322 2455 588 2524 δαίμοσιν
622 2453 899 2508 ἀναθεῖναι
942 2455 1004 2508 τὸ
1051 2454 1237 2522 σέϐας,
1287 2455 1381 2510 καὶ
1409 2456 1594 2520 αὐτοῖς
1622 2473 1793 2528 προσ-

191 2547 357 2615 άγειν
405 2547 483 2600 τὰ
513 2546 864 2618 χαριστήρια,
909 2547 1005 2600 καὶ
1053 2547 1155 2617 τῆς
1196 2548 1458 2602 ἀνωτάτω
1491 2548 1649 2619 δόξης
1692 2548 1794 2618 τὴν

190 2638 490 2710 ὑπεροχὴν
516 2638 904 2703 καταϐιϐάζειν
939 2641 1018 2701 είς
1048 2639 1208 2697 αὐτὰ.
1245 2636 1357 2693 Καὶ
1385 2640 1505 2709 οὐχὶ
1532 2639 1595 2711 δὴ
1634 2640 1795 2710 μόνον

189 2731 579 2800 κατειρήκασι
615 2729 708 2782 τοῦ
752 2729 913 2793 Θεοῦ,
949 2729 1200 2802 καθάπερ
1230 2730 1367 2799 ἔφην
1402 2732 1629 2802 ἀρτίως,
1658 2730 1796 2785 ἀλλὰ

187 2822 294 2876 καὶ
328 2820 653 2874 ἀπένευσαν
684 2819 961 2883 παντελῶς
1014 2820 1105 2873 τοῦ
1136 2821 1241 2875 κᾶν
1274 2822 1403 2890 γοῦν
1449 2822 1657 2875 οἴεσθαι
1693 2823 1790 2892 μό-

186 2929 313 2975 νον,
350 2910 442 2963 ὅτι
470 2908 603 2980 παρ’
637 2907 804 2963 αὑτοῦ
843 2911 954 2973 τοῖς
985 2911 1045 2963 ἐν
1076 2910 1265 2982 κόσμῳ
1299 2912 1365 2965 τὰ
1397 2910 1643 2982 ζωαρκῆ.
1668 2929 1688 2963 ι
1718 2912 1793 2966 Ub

185 3005 307 3075 γὰρ
340 3001 655 3074 βεϐοήκασι
682 3002 820 3074 πρός
850 3019 940 3072 με,
972 3004 1157 3073 φησὶν,
1201 3006 1255 3058 αί
1300 3005 1517 3077 καρδίαι
1541 3005 1739 3069 αὐτῶν,
1769 3025 1790 3058 ι

183 3094 515 3158 τουτέστιν,
547 3092 700 3147 οὐδὲν
739 3090 1072 3165 ἐξεζήτησαν
1105 3096 1235 3167 παρ’
1277 3096 1433 3168 ἐμοῦ,
1466 3096 1641 3151 καίτοι
1681 3096 1797 3151 δια-

1966 693 2130 749 Vsns.
2166 694 2256 749 14.
2294 690 2404 763 Ego
2446 709 2564 748 vero
2599 692 2795 747 redemi
2828 708 2934 760 eos,
2974 692 3074 762 ipsi
3108 700 3281 747 autem
3316 690 3478 745 locuti

1893 792 2016 839 sunt
2045 792 2226 838 contra
2257 798 2339 836 me
2370 782 2680 847 mendacia;
2707 791 2754 835 et
2787 798 2891 836 non
2925 782 3279 837 clamauerunt
3306 781 3374 834 ad
3398 796 3480 834 me

1894 876 2054 931 corda
2087 889 2300 938 eorum,
2333 872 2424 927 sed
2456 872 2733 926 ululabant
2766 873 2819 925 iu
2850 872 3111 927 cubilibus
3142 873 3273 927 suis.
3310 869 3479 941 Super

1894 967 2158 1038 frumento
2182 974 2230 1019 et
2258 965 2379 1019 uino
2407 962 2835 1018 concidebantur.

1964 1180 2234 1239 LXXXII.
2275 1180 2516 1237 lnsinuat
2541 1179 2695 1243 item,
2720 1191 2780 1233 se
2807 1176 3229 1248 uniuscujusque
3255 1187 3476 1246 peccata

1892 1275 2116 1346 paribus
2146 1273 2324 1343 pinnis
2351 1272 2558 1328 ulcisci.
2588 1269 2834 1327 Oblocuti
2866 1279 2994 1324 sunt
3022 1268 3166 1325 enim
3198 1268 3473 1322 liberatori

1894 1379 1993 1420 suo
2027 1365 2168 1431 Deo,
2211 1364 2301 1433 qui
2340 1377 2434 1418 eos
2472 1364 2539 1417 de
2577 1362 2737 1417 domo
2773 1360 3054 1415 servitutis
3093 1359 3308 1423 eduxit,
3357 1376 3376 1408 ι
3426 1359 3478 1412 in

1894 1471 2054 1512 manu
2083 1456 2310 1525 potenti,
2334 1463 2389 1509 et
2413 1454 2635 1509 brachio
2659 1454 2875 1509 excelso
2894 1454 2961 1519 ",
3000 1473 3018 1506 ι
3051 1452 3195 1508 sicut
3217 1453 3478 1520 scriptum

1893 1556 1997 1611 est,
2021 1556 2076 1602 et
2100 1561 2130 1601 e
2159 1547 2439 1601 dominatu
2462 1545 2842 1616 Egyptiorum
2872 1544 3191 1614 asportavit.
3219 1542 3481 1599 Detraxe-

1895 1647 2023 1694 runt
2057 1647 2235 1692 autem
2272 1640 2337 1692 de
2370 1637 2543 1707 gloria
2578 1637 2730 1707 ejus,
2765 1636 2954 1691 laudes
2985 1650 3085 1704 pro
3117 1638 3356 1705 acceptis
3386 1638 3480 1692 be-

1895 1729 2105 1786 neﬁciis
2147 1729 2373 1798 impuris
2416 1728 2788 1792 daemonibus,
2828 1736 2885 1782 et
2923 1727 3180 1796 operibus
3222 1742 3479 1781 manuum

1895 1835 2118 1876 suarum
2154 1820 2485 1887 tribuentes;
2513 1820 2658 1875 sicut
2684 1834 2878 1889 nempe
2904 1834 3027 1874 cum
3052 1819 3278 1873 vitulum
3310 1819 3364 1873 in
3390 1833 3481 1873 so-

1898 1912 2125 1966 litudine
2166 1910 2453 1976 fecissent,
2496 1908 2884 1980 propemodum
2928 1908 3273 1963 liberatorem
3316 1907 3480 1976 impie

1896 2016 1950 2059 et
1973 2004 2364 2059 contumeliose
2387 2002 2815 2071 proscindentes,
2837 2015 2903 2055 ex
2928 2003 3162 2055 amentia
3185 2001 3437 2055 dicebant
3462 2017 3476 2052 :

1899 2111 1917 2144 ι
1956 2092 2019 2148 Hi
2054 2103 2179 2148 sunt
2211 2094 2284 2148 dii
2322 2094 2418 2157 tui,
2456 2091 2642 2157 Israel,
2676 2091 2768 2161 qui
2801 2091 3105 2145 eduxerunt
3141 2099 3194 2144 te
3227 2091 3294 2144 de
3329 2100 3477 2143 terra

1893 2182 2112 2256 Egypti
2142 2185 2205 2238 ¹⁶.
2252 2204 2272 2237 ι
2319 2184 2517 2254 lnjuria
2559 2184 2723 2256 igitur
2758 2193 2816 2239 et
2855 2182 3176 2237 contumelia
3217 2181 3270 2235 iu
3310 2180 3478 2236 Deum

1895 2278 2118 2333 minime
2158 2276 2317 2332 dubia
2370 2276 2724 2347 opprobratip
2763 2282 2874 2342 est,
2910 2273 3252 2343 sculptilibus
3292 2283 3349 2327 et
3383 2272 3464 2326 dat

1893 2370 2142 2424 monibus
2176 2370 2379 2424 cultum
2415 2369 2653 2423 divinum
2692 2367 3028 2438 impendere,
3072 2362 3246 2434 iisque
3278 2364 3482 2434 gratias

1894 2461 2132 2527 referre,
2160 2470 2216 2515 et
2244 2476 2514 2531 supremae
2542 2461 2729 2532 gloriae
2754 2458 3135 2515 excellentiam
3167 2457 3231 2511 ad
3261 2470 3355 2511 eos
3385 2456 3481 2511 de-

1894 2554 2090 2609 rivare.
2127 2544 2236 2608 Nec
2271 2552 2446 2608 solum
2491 2552 2632 2606 male
2672 2551 2836 2606 locuti
2875 2558 3003 2606 sunt
3048 2549 3177 2614 Deo,
3216 2559 3276 2602 ut
3318 2547 3479 2602 modo

1893 2645 2036 2710 dixi;
2068 2645 2162 2700 sed
2194 2645 2355 2700 etiam
2391 2645 2565 2714 ipsam
2599 2644 2930 2713 opinionem,
2962 2641 3215 2698 omnibus
3249 2640 3301 2693 in
3343 2641 3480 2693 orbe

1894 2746 2159 2791 terrarum
2194 2735 2557 2790 animantibus
2588 2735 2712 2788 vitae
2743 2733 3051 2789 necessaria
3079 2733 3148 2788 ab
3176 2746 3242 2786 eo
3272 2731 3474 2799 imper-

1896 2828 2003 2893 tiri,
2030 2828 2243 2897 penitus
2266 2826 2598 2892 abjccerunt.
2632 2843 2652 2876 ι
2689 2824 2802 2878 Νοη
2832 2825 2977 2879 enim
3012 2824 3385 2879 clamaverunt
3407 2822 3476 2875 ad

1893 2932 2008 2986 me,
2038 2917 2245 2987 inquit,
2273 2917 2435 2972 corda
2465 2931 2652 2971 eorum
2672 2955 2685 2980 ,
2723 2934 2742 2966 ι
2780 2916 2879 2970 hoc
2908 2926 3023 2980 est,
3055 2913 3189 2971 nihil
3214 2912 3481 2983 quaesive-

1894 3019 2019 3065 runt
2043 3024 2072 3063 a
2094 3024 2180 3063 me
2201 3008 2453 3080 quamvis
2473 3009 2758 3072 sentirent,
2782 3013 2836 3060 et
2857 3007 3165 3069 crederent,
3192 3019 3278 3060 me
3301 3003 3481 3059 omnis

1892 3100 2019 3155 boni
2054 3099 2513 3169 suppeditatorem
2544 3111 2606 3150 ac
2635 3097 2980 3167 praebitorem
3010 3109 3149 3149 esse.
3183 3094 3351 3148 Deum
3379 3107 3479 3146 au-

185 3186 438 3256 κείμενοι
515 3185 609 3238 καὶ
671 3186 1133 3250 πεπιστευκότες,
1198 3187 1280 3240 ὅτι
1341 3188 1542 3253 παντὸς
1589 3187 1795 3257 ἀγαθοῦ

1899 3202 2006 3246 tem
2037 3207 2144 3246 non
2175 3204 2335 3261 egere
2366 3189 2635 3252 clamore.
2666 3188 2758 3241 sed
2787 3184 2982 3241 ali‘ectu
3017 3187 3194 3255 potius
3224 3182 3391 3237 animi
3424 3189 3481 3236 et

187 3276 459 3347 χορηγός·
498 3277 620 3345 είμι
669 3276 764 3330 καὶ
822 3276 1009 3349 δοτήρ.
1062 3278 1183 3332 Ὅτι
1228 3278 1287 3335 δὲ
1333 3278 1462 3348 βοῆς
1510 3280 1572 3332 οὐ
1624 3279 1796 3332 δεῖται

197 3364 356 3428 Θεὸς,
387 3364 692 3429 διαθέσεως
720 3365 777 3419 δὲ
817 3366 1019 3436 μᾶλλον
1050 3370 1150 3440 τῆς
1180 3369 1259 3431 είς
1287 3367 1411 3422 νοῦν
1432 3370 1524 3422 καὶ
1546 3370 1795 3440 καρδίαν,

200 3455 299 3508 καὶ
350 3456 443 3508 διὰ
479 3456 689 3511 τούτων
735 3458 1018 3528 εἰσόμεθα.
1074 3459 1286 3513 Οὐκοῦν
1336 3459 1460 3513 οὔτε
1504 3460 1798 3532 βεϐοήκασι

202 3546 347 3617 πρὸς
368 3546 533 3601 Θεόν⁸
557 3548 696 3602 ἀλλὰ
712 3547 820 3621 γὰρ
849 3550 943 3603 καὶ
970 3550 1399 3605 ἀπονενεύκασιν
1424 3552 1694 3623 ἀχαλίνως
1718 3555 1798 3617 είς

195 3639 469 3705 ἐκτύπους
490 3639 879 3713 φιλοσαρκίας,
910 3642 987 3705 ὡς
1016 3642 1112 3696 καὶ
1140 3641 1415 3707 ὀλολύζειν
1440 3646 1535 3697 ἐπὶ
1565 3645 1793 3708 κοίταις.

188 3730 455 3803 Αίσχρῶν
512 3731 574 3785 δὲ
617 3732 837 3803 τρόπων
875 3733 1149 3798 ἀπόδειξις
1188 3734 1252 3787 τὸ
1289 3734 1481 3806 χρῆμά
1521 3737 1659 3800 ἐστι,
1699 3739 1796 3791 καὶ

180 3825 284 3893 τῆς
322 3825 411 3888 εἰς
443 3824 711 3895 πορνείαν
731 3825 1087 3898 έπιπλήκτου
1117 3827 1312 3897 ῥοπῆς,
1339 3826 1436 3881 καὶ
1473 3826 1565 3881 νοῦ
1596 3828 1796 3882 κεκλαο

177 3915 394 3985 σμένου
425 3915 575 3986 πρὸς
600 3915 812 3986 ἡδονάς.
844 3916 1055 3989 Πρέποι
1080 3916 1126 3969 δ’
1150 3916 1216 3970 ἂν
1244 3916 1427 3987 μόνοις
1455 3918 1535 3981 είς
1562 3918 1796 3990 αἰσχρὰν

167 4003 329 4057 οὕτω
380 4004 493 4057 καὶ
527 4003 936 4076 βδελυρωτάτην
956 4006 1070 4074 ἓξιν
1100 4006 1435 4061 κατολισθεῖν
1460 4010 1572 4072 τοῖς
1594 4011 1661 4066 τὰ
1686 4010 1796 4067 τῶν

163 4093 411 4164 ἀνδρῶν
467 4093 752 4164 ἐξαίρετα,
808 4097 942 4166 πρὸς
977 4098 1048 4151 τὰ
1090 4098 1198 4153 τῶν
1250 4100 1492 4168 γυναίων
1541 4101 1669 4173 ἔθη,
1703 4105 1798 4158 καὶ

1902 3283 2103 3349 cordis,
2127 3284 2289 3336 etiam
2317 3281 2446 3336 hinc
2472 3292 2878 3348 cognoscemus.
2905 3276 3045 3345 Ergo
3071 3287 3245 3344 neque
3268 3272 3478 3328 clarus-

1904 3384 2096 3430 verunt
2129 3375 2196 3427 ad
2238 3374 2446 3436 Deum;
2491 3372 2600 3426 imo
2635 3370 2960 3439 impotentes
2995 3369 3062 3423 ab
3097 3381 3162 3421 eo
3197 3366 3262 3420 ad
3298 3363 3478 3420 studia

1904 3468 2083 3522 carnis
2125 3465 2337 3521 sordida
2381 3463 2747 3526 deﬂexerunt,
2793 3470 2851 3515 ut
2896 3460 3059 3515 etiam
3110 3457 3377 3512 ulularent
3423 3460 3477 3509 in

1903 3558 2168 3615 cubilibus
2197 3558 2308 3613 suis
2338 3575 2351 3612 :
2379 3571 2487 3626 qua
2516 3572 2574 3611 re
2604 3554 2731 3609 foedi
2765 3567 2945 3608 mores
2986 3560 3039 3605 et
3070 3550 3359 3620 propensio
3389 3562 3477 3602 ca-

1904 3651 2163 3724 stigabilis
2192 3652 2259 3707 ad
2288 3650 2725 3711 fornicationem,
2753 3657 2809 3701 et
2844 3645 3002 3715 115
3034 3659 3184 3698 ιιιειιε
3216 3642 3384 3695 fracta
3412 3639 3480 3693 ad

1905 3745 2207 3814 voluptates
2256 3742 2678 3795 demonstratur.
2733 3736 2814 3790 Ad
2870 3733 3175 3801 huiusmodi
3232 3742 3479 3800 turpem,

1904 3835 2248 3903 maximeque
2271 3831 2661 3889 exsecrandum
2691 3828 2931 3884 habitum
2954 3824 3131 3881 delabi
3150 3838 3244 3878 eos
3268 3832 3475 3877 tantum

1902 3926 2179 3991 convenit,
2209 3924 2301 3996 qui
2332 3939 2453 3995 qua:
2480 3923 2722 3977 virorum
2754 3918 3051 3991 peculiaria
3082 3924 3230 3984 sunt,
3259 3915 3327 3970 ad
3357 3928 3476 3968 mo-

1904 4034 2018 4084 res,
2074 4028 2129 4076 et
2179 4017 2426 4081 habitus,
2474 4024 2528 4071 et
2569 4029 2729 4070 voces
2782 4012 3106 4067 feminarum
3155 4010 3478 4077 detorquere

1902 4108 2313 4165 contenderunt.
2349 4107 2413 4161 Hi
2446 4115 2571 4161 sunt
2600 4104 2921 4166 muliebres,
2953 4110 3007 4154 et
3037 4103 3273 4152 immane
3303 4112 3477 4165 quan-

163 4187 472 4257 σχήματα
493 4223 510 4248 ,
548 4184 642 4237 καὶ
686 4184 871 4252 φωνὰς
916 4188 1343 4254 καταϐιάζεσθαι
1379 4193 1795 4265 μεμελετηκόσι.

1903 4210 2016 4257 ιιιηι
2058 4198 2373 4264 effeminati,
2419 4206 2473 4251 et
2518 4197 2767 4251 humana:
2810 4190 3165 4246 immunditize
3205 4188 3476 4258 fastigium

160 4275 498 4331 Γυναικίαι
540 4274 596 4329 δὲ
637 4267 804 4342 οὗτοι,
844 4278 940 4332 καὶ
990 4279 1126 4334 πολὺ
1171 4281 1294 4336 λίαν
1342 4282 1794 4356 ὲκτεθηλυμένοι,

1904 4301 2109 4349 tenent.
2128 4290 2281 4357 Quod
2301 4287 2501 4345 dicitur
2521 4300 2616 4341 eos
2641 4299 2804 4354 super
2826 4282 3099 4337 frumento
3120 4288 3174 4334 et
3198 4279 3324 4333 vino
3349 4293 3481 4332 con-

157 4371 266 4424 καὶ
292 4371 389 4433 είς
423 4366 597 4438 λῆξιν
633 4368 863 4440 ἥκοντες
888 4370 987 4441 τῆς
1013 4373 1073 4425 ὲν
1102 4372 1412 4445 ἀνθρώποις
1434 4376 1792 4451 ἀκαθαρσίας.

1902 4385 2009 4440 cidi
2031 4424 2047 4450 ,
2080 4383 2228 4438 illum
2249 4420 2265 4448 ,
2295 4380 2509 4450 opinor.
2544 4392 2758 4433 sensum
2796 4376 2975 4430 habet.
3010 4373 3227 4429 Gratias
3257 4382 3480 4441 agentes

157 4465 240 4517 Τό
266 4481 341 4531 γε
380 4461 507 4534 μὴν
555 4461 643 4516 ἐπ’
680 4461 811 4534 οϊνῳ
853 4464 946 4517 καὶ
974 4465 1105 4538 σίτῳ
1146 4469 1588 4540 κατατέμνεσθαι
1616 4471 1795 4540 λέγειν

1902 4477 2060 4533 idolis
2095 4474 2208 4531 suis
2241 4484 2463 4545 propter
2492 4472 2686 4526 uberes
2721 4482 2973 4540 agrorum
3012 4472 3325 4536 proventus,
3362 4463 3476 4514 fru-

153 4556 401 4619 αὐτοὺς,
423 4554 640 4619 ἐκεῖνο,
676 4551 831 4626 οἶμαι
865 4573 989 4621 που,
1025 4558 1369 4630 παραδηλοῦν
1401 4561 1593 4616 ἔοικεν.
1622 4564 1793 4634 Εὐχα-

1903 4579 2162 4633 Inentum,
2195 4568 2436 4637 inquam,
2467 4575 2523 4618 et
2550 4565 2756 4627 vinum,
2785 4575 2904 4632 quae
2934 4567 3193 4613 vocantur
3221 4556 3476 4624 mysteria

154 4646 518 4720 ριστοῦντες
568 4645 676 4718 γὰρ
723 4649 831 4712 τοίς
884 4648 1096 4703 ἑαυτῶν
1146 4650 1387 4717 είδώλοις
1437 4654 1529 4708 ἐπὶ
1572 4659 1692 4720 ταῖς
1739 4655 1796 4721 ἐξ

1898 4659 2138 4715 studiose
2167 4656 2538 4718 celebrabant,
2567 4663 2622 4709 et
2651 4653 2795 4707 velut
2827 4667 2856 4704 a
2892 4651 3003 4705 Deo
3032 4645 3216 4709 alﬂati,
3248 4656 3300 4699 et
3331 4645 3479 4698 insa-

146 4737 364 4810 ἀγρῶν
404 4734 778 4803 εὐκαρπίαις,
814 4736 947 4810 σίτῳ
967 4756 1050 4805 τε,
1077 4742 1241 4811 φημὶ,
1266 4744 1361 4795 καὶ
1386 4745 1499 4807 τοῖς
1520 4743 1579 4809 ἐξ
1611 4744 1796 4815 ἀμπέ-

1900 4751 2141 4816 nientes,
2176 4748 2322 4805 ferro
2353 4761 2571 4819 quoque
2596 4752 2819 4815 pectora
2847 4743 3144 4811 ambasque
3172 4753 3367 4794 manus
3398 4737 3481 4790 in-

146 4831 279 4894 λου,
334 4828 453 4889 τὰς
513 4825 861 4898 καλουμένας
912 4829 1134 4896 τελετὰς
1192 4834 1534 4905 ἐπιτηδεύειν
1580 4836 1794 4907 ἧθελον.

1897 4842 2173 4906 ciderunt,
2218 4848 2271 4895 et
2313 4840 2590 4910 proprium
2638 4836 2985 4907 sanguinem,
3030 4831 3224 4894 credo,
3270 4836 3478 4882 tantum

119 4917 290 5003 ίΟἷον
337 4916 761 4982 ἐνθουσιῶντες
804 4935 863 4972 τε
908 4921 1003 4974 καὶ
1051 4922 1404 4993 μαινόμενοι,
1448 4926 1542 4978 καὶ
1595 4925 1796 4997 σιδήρῳ

1898 4946 2003 4986 non
2037 4930 2380 5001 sculptilibus
2414 4927 2657 4996 improbe
2691 4927 3096 4988 sacriﬁcantes,
3131 4926 3352 4990 propter
3383 4932 3478 4971 ex-

142 5016 219 5069 τὰ
260 5013 523 5084 στέρνα,
575 5009 670 5062 καὶ
715 5011 883 5080 ἄμφω
937 5013 1014 5085 τῷ
1060 5016 1208 5086 χεῖρε
1250 5018 1650 5088 χαράττοντες,
1700 5019 1794 5072 καὶ

1900 5033 2129 5079 tremam
2180 5023 2433 5091 deinceps
2474 5036 2503 5075 a
2544 5021 2657 5075 Deo
2705 5017 3081 5073 alienationem
3129 5014 3478 5067 damnantur.

140 5110 397 5170 ἀτόπως
424 5103 596 5174 τάχα
622 5102 683 5156 τὸ
728 5103 859 5157 τδιον
907 5101 1046 5176 αἷμα
1097 5111 1381 5180 μονονουχὶ
1431 5110 1794 5175 καταθύοντες

1902 5114 2010 5169 llos
2038 5113 2263 5169 forsitan
2291 5122 2345 5168 et
2374 5112 2516 5166 alius
2542 5111 2803 5181 propheta
2834 5108 3047 5171 irridet,
3070 5104 3255 5158 dicens
3283 5119 3297 5155 :
3329 5119 3347 5151 ι
3377 5099 3479 5151 lm-

137 5205 264 5265 τοῖς
304 5196 637 5270 γλυπτοῖς,
669 5197 760 5250 ἐπ’
798 5197 1003 5270 ἐσχάτῃ
1030 5200 1212 5255 λοιπὸν
1248 5203 1531 5275 ἀφιλοθεῖᾳ
1567 5219 1790 5271 κατεγι-

1898 5202 2098 5257 molate
2133 5201 2408 5267 homines,
2444 5200 2598 5256 vituli
2635 5200 2780 5256 enim
2821 5197 3138 5254 defecerunt
3162 5193 3226 5246 ".
3268 5210 3287 5243 ι
3327 5189 3476 5243 Talia

138 5293 475 5349 νώσκοντο.
526 5286 764 5352 Τούτοις
814 5306 918 5343 που
965 5291 1102 5362 τάχα
1139 5296 1231 5346 καὶ
1270 5295 1558 5365 προφήτης
1603 5293 1788 5363 ἕτερος

1897 5297 1963 5348 ad
1998 5295 2162 5349 Deum
2190 5293 2369 5347 omnia
2402 5301 2667 5361 potestate
2692 5287 3238 5359 cumprehendentem
3267 5296 3478 5338 summe

136 5384 484 5457 ὲπιμειδιᾷ,
521 5378 733 5447 λέγων’
766 5397 785 5430 ι
821 5378 1033 5433 Θύσατε
1069 5381 1409 5453 ἀνθρώπους·
1450 5382 1641 5452 μόσχοι
1681 5383 1789 5454 γὰρ

1897 5383 2216 5438 irritandam
2261 5381 2395 5435 satis
2432 5380 2643 5447 valent,
2683 5379 2769 5433 cui
2810 5375 3016 5447 gratias
3059 5387 3219 5444 agere
3264 5373 3477 5442 potius,

135 5477 605 5533 ἐκλελοίπασιν.
641 5490 661 5523 ι
709 5471 895 5526 Ἱκανὰ
923 5471 979 5525 δὲ
1025 5474 1093 5528 τὰ
1123 5475 1300 5530 τοιάδε
1349 5475 1680 5529 καταλυπεῖν
1708 5475 1788 5528 ὅτι

1897 5490 2055 5544 quam
2079 5472 2486 5528 convenientem
2515 5472 2739 5542 gloriam
2770 5468 2927 5538 lignis
2952 5473 3008 5521 et
3031 5463 3296 5535 lapidibus
3317 5462 3480 5520 stulte

139 5571 409 5642 μάλιστα
475 5565 586 5620 τὸν
640 5563 750 5618 τῶν
796 5564 934 5619 ὅλων
986 5566 1479 5632 κατεξουσιάςοντα
1526 5565 1693 5630 Θεὸν,
1745 5560 1790 5633 ᾧ

1900 5568 2140 5622 tribuere
2169 5564 2544 5619 conveniebat.

212 5751 264 5783 ’δ
302 5751 423 5804 lsa.
470 5758 625 5805 xx".
655 5740 742 5797 22.
824 5745 863 5775 ¹⁸
895 5744 1375 5806 Ρειι1.‹;‹κκτ,·12.
1456 5745 1495 5775 ¹⁶
1535 5744 1702 5799 Exod.
1739 5760 1796 5797 xu

1900 5787 1910 5804 .
1951 5744 2001 5796 4.
2084 5744 2121 5773 ιτ
2158 5741 2282 5796 050.
2321 5754 2436 5801 xm,
2472 5737 2529 5792 ‘2.
