4034 6270
598 378 706 436 195

1619 380 1677 437 ὃ.
1719 379 1991 436 CYRILLI
2016 382 2486 444 ALEXANDRINI
2522 391 2840 449 ARCHIEP.

3757 400 3870 457 196

596 493 797 565 μᾶλλον
826 492 935 551 ἔδει
960 494 1258 567 προσάγειν
1286 496 1357 551 τὰ
1396 496 1748 568 χαριστήρια,
1781 499 1874 553 καὶ
1904 500 2026 570 οὐχὶ
2068 501 2166 572 τὴν
2204 505 2355 575 αὐτῷ
2419 510 2738 580 πρέπουσαν
2792 512 2950 577 δόξαν
2975 513 3271 585 ἀπονέμειν
3296 514 3539 581 ἀϐούλως
3570 516 3756 584 ξύλοις
3804 536 3869 571 τε

593 585 688 637 καὶ
718 583 907 648 λίθοις.

662 716 824 786 Vens.
852 716 938 771 15.
963 716 1174 771 Eruditi
1197 729 1317 773 sunt
1341 721 1394 772 in
1419 737 1521 785 me,
1542 732 1588 775 et
1610 739 1703 792 ego
1729 726 2020 795 confortaui
2046 732 2166 782 ινα-
2196 694 2238 749 Α

585 808 704 860 chio
735 822 950 870 eorum,
984 817 1032 861 et
1065 817 1251 861 contra
1289 826 1368 863 me
1400 811 1756 878 cogitaverunt
1792 815 1955 872 male.
1988 817 2170 873 Aversa"

582 907 704 951 sunt
738 899 794 953 in
821 899 988 965 nihil,
1016 900 1146 969 {acti
1175 910 1298 955 sunt
1325 903 1477 972 quasi
1508 920 1664 958 arcus
1694 915 1960 963 extensus.
2054 947 2078 958 -

651 1138 939 1196 LXXXIII.
980 1141 1136 1197 Aliud
1165 1143 1358 1213 ingrati
1387 1144 1552 1199 animi
1580 1146 1786 1202 crimen
1816 1147 1920 1203 illis
1946 1149 2163 1220 objicit,

583 1233 780 1300 impios
816 1234 1253 1305 negligentesque
1290 1237 1687 1293 demonstrans.
1722 1239 1835 1310 Ego
1871 1244 2048 1308 enim,
2087 1245 2168 1297 iu-

582 1323 734 1390 quit,
781 1337 1090 1392 quanquam
1139 1325 1265 1379 otim
1315 1325 1450 1379 nihil
1496 1341 1525 1380 a
1577 1326 1750 1383 brutis
1796 1329 2164 1385 animantibus

582 1413 917 1479 dill‘erentes,
945 1426 1000 1471 et
1025 1417 1478 1485 imperitissimus,
1508 1427 1563 1473 et
1592 1419 1707 1491 lege
1736 1420 1968 1487 institui,
1996 1433 2051 1477 et
2076 1437 2161 1479 sa-

582 1506 810 1573 pientes,
839 1517 895 1561 et
924 1508 1168 1564 utilitatis
1201 1526 1418 1579 gnaros,
1449 1521 1503 1566 et
1531 1513 1670 1567 viam
1694 1512 1936 1581 iustitiae,
1963 1524 2020 1571 et
2044 1530 2158 1571 om-

583 1612 703 1651 nem
732 1597 988 1653 decentiae
1020 1611 1222 1654 rectam
1255 1603 1781 1660 administrationem
1813 1606 2049 1663 scientes
2074 1610 2159 1665 ef-

578 1686 718 1753 feci,
754 1696 823 1741 'ut
870 1688 976 1756 iam
1020 1692 1184 1745 etiam
1232 1693 1370 1760 apud
1416 1708 1476 1748 se
1519 1695 1810 1764 gaudentes
1856 1697 2099 1751 dicerent
2143 1717 2155 1752 :

583 1795 603 1827 ι
640 1779 787 1832 Beati
817 1793 1005 1835 sumus
1032 1780 1216 1845 Israel,
1245 1783 1497 1850 quoniam
1527 1800 1645 1854 quae
1676 1786 1865 1855 placita
1899 1798 2027 1842 sunt
2057 1789 2158 1843 Do-

581 1870 749 1930 mino,
778 1879 905 1923 nota
938 1883 1065 1925 sunt
1094 1874 1246 1927 nobis
1268 1875 1364 1928 ³⁸.»
1397 1875 1579 1946 Neque
1609 1878 1694 1932 hic
1722 1878 1835 1946 ejus
1860 1894 1983 1951 erga
2016 1882 2158 1951 ipsos

579 1961 934 2016 beneﬁcentia
968 1964 1206 2032 quievit;
1241 1966 1336 2020 sed
1375 1968 1593 2037 insuper
1626 1967 1973 2036 fortissimos,
2003 1982 2057 2026 et
2089 1974 2154 2027 ad

577 2053 824 2120 quemvis
847 2054 1219 2109 adversarium
1243 2057 1617 2113 debellandum
1641 2061 1879 2117 valentes
1903 2064 2151 2119 reddidit.

575 2144 767 2199 Multas
812 2146 1011 2215 quippe
1052 2163 1383 2218 magnasque
1417 2160 1602 2217 gentes
1637 2154 1755 2206 sine
1789 2152 1971 2208 labore
2009 2156 2159 2210 devi-

572 2244 780 2291 cerunt.
805 2234 1165 2293 Nihilominus
1191 2240 1244 2293 in
1274 2255 1359 2294 me
1387 2241 1572 2297 talium
1604 2242 1863 2298 bonorum
1893 2245 2026 2316 ipsis
2056 2264 2157 2301 au-

570 2336 774 2381 ctorem
807 2328 1053 2397 perversi
1088 2331 1442 2398 exstiterunt,
1480 2343 1881 2404 contemptores
1908 2337 2158 2393 videlicet

568 2427 627 2473 et
654 2421 983 2488 desertores,
1013 2429 1067 2476 et
1094 2424 1399 2479 aversionis
1426 2426 1562 2479 ratio
1591 2426 1695 2481 illis
1721 2427 1775 2481 in
1806 2428 2033 2483 nihilum
2065 2445 2154 2485 re—

569 2508 723 2561 cidit.
750 2508 895 2563 Nihil
923 2510 1066 2564 enim
1097 2513 1313 2581 penitus
1340 2523 1424 2567 est
1450 2529 1516 2568 ex
1547 2516 1769 2569 materia
1801 2517 1902 2571 sub
1929 2532 2148 2573 sensum

569 2599 796 2655 cadente
824 2601 1188 2656 manulactum
1218 2604 1594 2661 simulacrum.
1617 2607 1696 2659 Ac
1723 2607 1768 2661 si
1795 2607 2010 2675 quidem
2038 2626 2152 2665 mc-

569 2690 702 2745 liora
740 2694 1104 2762 reperissent,
1132 2706 1319 2765 posset
1353 2699 1718 2768 transgressio
1748 2699 1989 2769 ipsorum
2022 2717 2150 2770 pm-

568 2781 821 2839 babiliter
853 2784 1087 2840 delendi.
1124 2788 1389 2853 Quoniam
1427 2797 1608 2842 autem
1649 2804 1769 2843 cum
1809 2790 1920 2847 Deo
1957 2793 2151 2848 collata

568 2877 700 2930 nihil
725 2888 872 2941 sunt,
910 2879 1073 2951 116
1094 2881 1203 2935 ista
1235 2896 1485 2950 prorsus,
1514 2882 1614 2936 nisi
1651 2883 1791 2937 risus
1820 2893 1876 2939 et
1905 2885 2149 2952 fatuitas,

563 2973 622 3018 et
650 2981 989 3035 quaecunque
1025 2970 1215 3023 horum
1252 2970 1448 3023 similia
1469 3010 1485 3033 ,
1517 2972 1816 3027 aversionis
1847 2988 1957 3030 sua:
1990 2976 2150 3030 ratio-

569 3070 692 3109 nem
738 3056 1093 3111 verisimilem
1149 3059 1350 3114 nullam
1404 3061 1621 3116 habent.
1669 3061 1854 3134 Itaque
1900 3067 1965 3120 ad
2019 3068 2149 3122 nihil

566 3145 740 3198 aversi
769 3156 916 3199 sunt.
946 3147 1023 3199 Ad
1052 3148 1167 3202 hzec
1196 3148 1319 3203 facti
1349 3158 1474 3204 sunt
1506 3169 1524 3203 r
1555 3160 1614 3206 ut
1638 3167 1798 3210 arcus
1818 3167 2092 3218 extensus,
2126 3178 2143 3209 ι

570 3252 676 3292 non
705 3252 764 3292 se
793 3240 1173 3296 subtuittentes
1203 3243 1269 3296 ad
1301 3245 1673 3311 paenitentiam
1692 3286 1705 3309 ,
1740 3263 1843 3301 non
1875 3251 2151 3304 remitten-

570 3340 649 3384 tes
676 3330 1052 3400 intentionem,
1075 3347 1181 3403 qua
1206 3336 1271 3391 ad
1301 3347 1507 3392 tantum
1536 3339 1771 3394 dedecus
1796 3340 2148 3397 dementiam-

2349 730 2832 800 Ἐπαιδεύθησαν
2882 732 2952 787 ἐν
2982 733 3111 803 ἐμοὶ
3134 775 3148 797 ,
3202 734 3301 789 καὶ
3338 733 3456 805 ἐγὼ
3509 740 3871 809 κατίσχυσα

2277 822 2421 887 τοὺς
2445 824 2783 894 βραχίονας
2831 824 3050 891 αὐτῶν,
3092 826 3191 881 καὶ
3223 829 3311 893 εἰς
3350 826 3456 897 ἐμὲ
3492 829 3871 900 ὲλογίσαντο

2278 915 2511 984 πονηρά
2576 917 3083 987 Ἀπεστράςεησαν
3109 921 3197 985 εἰς
3228 919 3429 984 οὐδὲν,
3463 920 3753 991 ἐγένοντο
3784 925 3871 991 ὡς

2274 1006 2455 1071 τόξον
2483 1007 2895 1078 ἐντεταμένον.

2345 1140 2468 1194 Ill".
2510 1139 2735 1209 Ἕτερον
2787 1140 2970 1204 αὐτοῖς
3021 1139 3347 1210 ἀχαριστίας
3393 1139 3574 1193 αὐτῶν
3626 1142 3861 1197 ἐπισυν-

2272 1229 2432 1283 άπτει
2463 1228 2702 1299 τρόπον,
2764 1229 3015 1293 ἀνοσίους
3061 1230 3220 1291 ὄντας
3275 1230 3370 1282 καὶ
3414 1230 3861 1301 ὀλιγογνὼμονας

2270 1320 2766 1390 ἀποφαίνων.δΕγὼ
2780 1321 2877 1391 μὲν
2904 1320 3035 1392 γὰρ,
3063 1322 3219 1391 φησί,
3237 1322 3415 1375 καίτοι
3441 1322 3611 1375 πάλαι
3642 1325 3858 1393 κτηνῶν

2268 1413 2480 1482 ἀλόγων
2520 1413 2895 1482 διενεγκόντας
2927 1412 3079 1466 οὐδὲν
3105 1414 3201 1467 καὶ
3238 1413 3532 1477 ἀσυνέτους
3558 1414 3723 1477 ὄντας
3766 1432 3858 1467 κο-

2273 1504 2420 1575 μιδῇ,
2460 1506 2552 1558 καὶ
2582 1506 2730 1576 νόμῳ
2761 1505 3152 1575 πεπαίδευμαι,
3185 1506 3279 1559 καί⁵
3326 1507 3523 1574 σοφοὺς
3567 1507 3850 1573 ἀπέδειξα,

2268 1595 2358 1648 καὶ
2386 1595 2446 1649 τὸ
2493 1596 2774 1667 συμφέρον
2822 1596 3049 1661 εἰδότας,
3086 1596 3179 1650 καλ¹
3220 1596 3320 1665 τὴν
3367 1599 3465 1667 τῆς
3502 1597 3853 1673 δικαιοσύνης

2264 1685 2401 1747 ὁδὸν,
2433 1686 2527 1738 καὶ
2552 1686 2771 1757 ἁπάσης
2807 1686 3106 1755 εὐκοσμίας
3138 1685 3477 1757 κατόρθωσιν
3514 1688 3616 1742 οὐκ
3649 1691 3849 1763 ἠγνοη-

2262 1777 2460 1840 κότας,
2508 1777 2584 1839 ὠς
2622 1777 2721 1847 ήδη
2771 1777 2866 1830 καὶ
2908 1776 3088 1845 λέγειν
3130 1777 3421 1849 χαίροντας
3461 1780 3549 1848 ἐφ’
3602 1781 3845 1849 ἑαυτοῖς,

2269 1884 2288 1917 ι
2331 1866 2605 1938 Μακάριοί
2658 1870 2845 1938 ἐσμεν,
2892 1868 3128 1940 Ἰσραὴλ,
3175 1869 3257 1921 ὅτι
3305 1870 3377 1923 τὰ
3420 1871 3629 1942 ἀρεστά
3658 1872 3847 1943 Κυρίῳ

2263 1958 2480 2026 γνωστὰ
2513 1961 2643 2029 ἡμῖν
2666 1959 2801 2012 ἐστι.
2832 1979 2850 2011 ι
2885 1959 2997 2013 Καὶ
3027 1961 3085 2012 ού
3114 1961 3279 2031 μέχρι
3309 1960 3513 2015 τούτων
3546 1963 3615 2016 τὰ
3639 1965 3742 2035 τῆς
3770 1966 3847 2029 εἰς

2262 2050 2462 2113 αὐτοὺς
2493 2050 2682 2119 γέγονε
2714 2050 3026 2120 φιλοτιμίας
3052 2067 3065 2082 ο
3111 2050 3246 2104 ἀλλὰ
3277 2050 3388 2122 γὰρ
3430 2052 3846 2123 ἀλκιμωτάτους

2257 2141 2550 2211 ἀπέφηνα,
2604 2142 2699 2195 καὶ¹
2755 2141 2955 2205 ἱκανῶς
3004 2141 3228 2212 ἔχοντας
3282 2143 3419 2213 πρὸς
3471 2142 3532 2196 τὸ
3583 2144 3843 2198 δύνασθαι

2259 2230 2456 2294 παντὸς
2501 2230 2788 2285 καταολεῖν
2822 2232 2915 2284 τος
2970 2233 3228 2301 πολεμεῖν
3276 2233 3551 2297 ἐθέλοντος
3585 2236 3680 2288 καὶ
3713 2236 3841 2290 ἀνθ-

2257 2322 2569 2393 εστηκότος.
2599 2323 2935 2393 Νενικὴκασι
2969 2323 3078 2393 γὰρ
3103 2323 3232 2394 ἔθνη
3269 2324 3441 2378 πολλὰ
3473 2327 3568 2379 καὶ
3608 2328 3839 2397 μεγάλα,

2257 2414 2351 2466 καὶ
2375 2413 2533 2467 τοῦτο
2555 2414 2818 2485 ἀμογητί.
2856 2414 2994 2467 Ἀλλ’
3022 2416 3103 2478 εἰς
3131 2416 3230 2485 ἐμὲ
3260 2416 3351 2469 τὸν
3373 2416 3633 2470 τοιούτων
3661 2419 3843 2481 αὐτοῖς

2255 2506 2453 2576 δοτῆρα
2489 2506 2623 2559 Θεὸν
2676 2508 2933 2575 γεγόνασι
2987 2510 3248 2578 πονηροὶ,
3293 2512 3707 2583 καταφρονηταὶ
3752 2512 3841 2582 δη-

2256 2598 2427 2651 λονότι
2458 2600 2555 2651 καὶ
2581 2599 2886 2653 ἀποστάται
2909 2615 2921 2629 ·
2947 2600 3040 2652 καὶ
3066 2600 3096 2652 ό
3113 2600 3315 2669 τρόπος
3358 2601 3540 2664 αὐτοῖς
3578 2602 3675 2672 τῆς
3710 2603 3840 2655 ἀπο-

2256 2692 2499 2761 στροφῆς
2550 2691 2772 2760 γέγονεν
2822 2694 2901 2756 εἰς
2933 2692 3106 2747 οὐδέν.
3148 2693 3315 2746 Οὐδὲν
3353 2694 3463 2765 γὰρ
3514 2693 3652 2758 δλως
3694 2695 3755 2747 τὸ
3782 2694 3841 2759 ἐξ

2255 2782 2387 2852 ὕλης
2409 2782 2671 2854 αἰσθητῆς
2704 2783 3083 2856 χειροποίητον
3109 2784 3352 2855 ἄγαλμα.
3394 2784 3532 2838 Ἀλλ’
3554 2787 3605 2838 εί
3634 2785 3737 2855 μέν
3755 2802 3842 2839 τοι

2252 2873 2312 2925 τὸ
2341 2872 2562 2942 ἄμεινον
2611 2875 2945 2945 εὑρήκασιν,
2991 2873 3105 2944 ἔχοι
3163 2874 3230 2927 ἂν
3263 2874 3487 2938 εἰκότως
3534 2877 3629 2929 καὶ
3683 2875 3845 2946 λόγον

2255 2966 2440 3031 αὐτοῖς
2484 2969 2518 3038 ἡ
2573 2967 2906 3039 παράϐασις.
2956 2966 3176 3038 Ἐπειδὴ
3208 2967 3265 3020 δὲ
3315 2968 3454 3040 πρὸς
3502 2967 3637 3021 Θεὺν
3684 2968 3846 3037 οὐδὲν

2254 3058 2531 3122 παντελῶς
2562 3057 2631 3111 τὰ
2657 3058 2857 3124 τοιάδε,
2896 3057 3176 3129 γελοιότης
3211 3059 3268 3111 δέ
3294 3059 3387 3112 καὶ
3410 3058 3716 3130 ὴλιθιότης,
3747 3063 3851 3115 καὶ

2250 3151 2351 3203 ὅσα
2378 3149 2589 3212 τούτοις
2622 3149 2809 3218 ἐγγὺς,
2834 3148 3009 3213 οὐδεὶς
3038 3150 3219 3214 αὐτοῖς
3240 3151 3355 3202 ἐστι
3382 3148 3539 3216 λόγος
3560 3149 3666 3219 τῆς
3704 3152 3850 3205 άποο

2254 3244 2515 3314 στροφῆς,
2567 3243 2801 3313 πιθανὴν
2861 3242 3001 3313 ἔχων
3056 3244 3253 3298 αἰτίαν.
3296 3239 3506 3295 Οὐκοῦν
3556 3242 3639 3304 εἰς
3685 3243 3849 3298 οὐδὲν

2250 3336 2698 3407 ἀπεστράφησαν.
2736 3336 2998 3404 Γεγόνασι
3046 3337 3102 3391 δὲ
3146 3335 3277 3407 πρὸς
3315 3334 3533 3398 τούτοις
3564 3336 3662 3388 καὶ
3716 3356 3736 3388 ι
3766 3339 3845 3400 ὡς

565 3435 674 3491 que
702 3434 1085 3490 pervenerunt.
1141 3428 1432 3483 Sciendum
1465 3444 1628 3499 porro
1667 3430 1801 3487 alios
1829 3432 2147 3504 interpretes

2256 3427 2401 3494 τόξον
2428 3429 2802 3500 ἐντεταμένον,
2832 3448 2849 3481 ι
2880 3429 2941 3481 οὐ
2973 3427 3277 3500 χαλώμενοι
3306 3428 3440 3501 πρὸς
3465 3428 3834 3499 μετάγνωσιν,

565 3513 834 3579 edidisse,
875 3533 895 3567 ι
935 3514 1063 3571 facti
1106 3530 1233 3573 sunt
1272 3527 1331 3575 ut
1370 3535 1527 3575 arcus
1569 3522 1622 3575 in
1663 3525 1995 3580 contrarium
2032 3543 2149 3582 ver-

563 3619 675 3669 sus,
705 3623 727 3658 ι
757 3619 852 3660 seu
877 3608 1141 3664 obversus
1165 3619 1223 3664 ut
1247 3619 1505 3681 praeterea
1534 3613 1809 3683 quidpiam
1838 3615 2145 3685 hujusmodi

563 3693 759 3751 iccisse
796 3696 961 3754 Israel
998 3699 1408 3771 intelligeretur.
1443 3702 1590 3769 Quos
1624 3706 1770 3759 enim
1806 3706 1985 3773 potius
2023 3723 2147 3763 cou-

563 3788 814 3842 veniebat
850 3792 1008 3859 quasi
1045 3807 1231 3848 arcum
1270 3807 1457 3849 contra
1494 3797 1679 3853 hostes
1719 3798 1957 3864 intendi,
1989 3808 2043 3855 et
2076 3805 2142 3855 ad

562 3883 976 3949 oppugnandum
1009 3893 1226 3951 paratos
1250 3886 1426 3941 valide
1456 3887 1638 3954 ferire,
1668 3903 1773 3943 non
1806 3891 2144 3945 animadver-

565 3979 779 4033 terunt,
810 3987 916 4039 quo
949 3984 1108 4042 pacto
1139 3978 1464 4047 semetipsos
1492 3979 1636 4033 velut
1666 3981 1881 4036 emissis
1911 3984 1980 4037 ab
2009 3998 2136 4038 arcu

560 4059 775 4127 sagittis
803 4062 999 4118 acerbe
1029 4064 1395 4123 vulnerarent.
1425 4067 1593 4123 Deum
1625 4071 1769 4124 enim
1798 4069 2137 4127 oﬂendentes

554 4149 705 4216 juxta
742 4152 928 4207 modos
952 4151 1064 4221 jam
1098 4154 1273 4211 dictos
1302 4158 1430 4225 quid
1458 4158 1603 4213 aliud
1633 4174 1794 4230 agere
1816 4162 2139 4216 convlncan-

560 4253 666 4306 tur,
699 4258 861 4311 quam
897 4255 1090 4301 contra
1133 4251 1453 4319 semctipsos
1490 4267 1616 4307 suas
1654 4268 1872 4310 armare
1907 4255 2141 4309 manus?

2244 3522 2305 3573 ού
2356 3520 2712 3591 καθυφιέντες
2752 3521 2968 3575 τουτουῒ
3016 3521 3109 3574 τοῦ
3144 3521 3280 3593 πρὸς
3314 3520 3590 3593 τοσαύτην
3639 3523 3838 3585 αὐτοὺς

2245 3612 2611 3682 ἀποφέροντος
2643 3611 2903 3682 αἰσχύνην
2950 3612 3045 3664 καὶ
3098 3610 3376 3665 ἀδουλίαν.
3420 3612 3617 3666 ’ἰστέον
3644 3612 3724 3678 δὲ,
3754 3615 3831 3667 ὅτι

2243 3703 2400 3755 τοῦτο
2421 3703 2871 3775 διερμηνεύοντες
2896 3703 3260 3758 ἐκδεδώκασιν
3287 3703 3487 3776 ἕτεροι,
3508 3723 3527 3755 ι
3552 3704 3829 3773 Ἐγένοντο

2241 3790 2317 3852 ὡς
2341 3790 2494 3854 τόξον
2534 3792 3032 3864 ἀπεστραμμένον,
3067 3811 3087 3845 ι
3135 3793 3223 3847 ἵνα
3253 3809 3307 3846 τι
3338 3794 3583 3848 τοιοῦτον
3626 3811 3825 3865 πεπρα·

2246 3881 2357 3950 χὼς
2381 3882 2571 3951 νοῆται
2605 3883 2766 3937 πάλιν
2795 3884 2823 3936 ὁ
2867 3884 3104 3956 Ἰσραήλ.
3140 3883 3252 3949 Οὓς
3288 3887 3398 3957 γὰρ
3442 3886 3552 3939 ἔδει
3608 3887 3808 3958 μᾶλλον.

2248 3972 2496 4045 καθάπερ
2554 3990 2607 4026 τι
2638 3973 2815 4039 τόξον,
2872 3975 3205 4029 ἐντείνεσθαι
3250 3979 3371 4030 κατ’
3423 3977 3678 4049 ἐχθρῶν,
3721 3975 3808 4028 καὶ

2249 4065 2460 4133 βάλλειν
2489 4066 2721 4129 εὐτόνως
2765 4067 2893 4131 τοὺς
2927 4067 3316 4121 ἀντανίσταθαι
3357 4069 3813 4140 μεμελετηκότας,

2244 4156 2587 4229 διαλελήθασι
2633 4160 2774 4226 σφᾶς
2816 4159 3011 4222 αὐτοὺς
3054 4159 3218 4212 οἱονεί
3242 4160 3413 4225 τόξων
3458 4161 3614 4214 ἀκίσι
3661 4158 3822 4229 πλήτ-

2245 4264 2431 4313 τοντες
2488 4246 2733 4320 πικραῖς.
2766 4250 2890 4321 Θεῷ
2922 4251 3032 4322 γὰρ
3083 4250 3535 4323 προσκρούοντες,
3571 4250 3720 4305 κατά
3762 4265 3821 4318 γε

556 4331 684 4396 τοὺς
743 4334 842 4406 ἠδη
903 4342 1338 4411 προειρημένους
1397 4345 1651 4416 τρόπους,
1701 4346 1753 4401 τί
1800 4344 2036 4417 δρῶντες
2071 4347 2256 4416 ἕτερον
2297 4343 2473 4397 ἁλοῖεν
2524 4343 2626 4405 ἂν,
2684 4342 2718 4411 ἢ
2764 4342 2885 4395 καθ’
2941 4343 3150 4398 ἐαυτῶν
3185 4342 3284 4406 τὰς
3344 4342 3478 4408 ἰδίας
3514 4343 3824 4407 ὁπλίζοντες

595 4428 748 4494 εἴρας
762 4444 778 4494 ;

595 4443 641 4479 ει
682 4445 716 4480 α
762 4444 778 4494 ;

556 4443 591 4497 κ
626 4443 834 4576 [fotirit
870 4530 1052 4578 autem
1084 4527 1226 4594 quod
1264 4530 1599 4598 propositum
1632 4540 1718 4585 est
1751 4531 1819 4585 ad
1858 4531 2135 4587 declaran-

554 4610 707 4677 dum,
740 4613 787 4669 si
816 4614 1049 4684 cuipiam
1083 4618 1337 4685 placebit.
1366 4630 1422 4676 et
1454 4622 1611 4676 aliter
1639 4623 1886 4695 intelligi.
1916 4623 2133 4679 Univer-

2306 4529 2502 4582 Νοοίτο
2531 4527 2575 4580 δ’
2619 4527 2684 4581 ἂν
2716 4528 2775 4582 τὸ
2810 4530 3190 4607 προκείμενον,
3222 4530 3381 4602 εἰπερ
3412 4547 3487 4602 τῳ
3516 4529 3685 4598 δοκεῖ,
3729 4530 3825 4586 καὶ

2238 4621 2361 4675 καθ’
2392 4621 2579 4691 ἕτερον
2609 4620 2828 4692 τρόπον.
2882 4621 2941 4674 ὐ
2985 4623 3081 4692 μὲν
3107 4622 3214 4693 γὰρ
3246 4621 3353 4675 τῶν
3380 4621 3518 4675 ὅλων
3550 4620 3685 4685 Θεὸς
3733 4623 3822 4675 ἐν-

554 4717 738 4757 sorum
782 4719 1018 4774 namque
1060 4707 1201 4763 Deus
1243 4710 1496 4767 Israelem
1541 4714 1701 4769 veluti
1746 4730 1929 4769 arcum
1970 4733 2127 4771 suum

2256 4713 2440 4765 ἔτεινεν
2466 4712 2750 4776 οἱονείπως
2777 4714 2868 4767 τὸν
2904 4714 3120 4784 Ἰσραὴλ
3142 4714 3218 4777 ὡς
3254 4714 3385 4766 ἰδιον
3414 4712 3591 4777 τόξον,
3627 4715 3692 4783 τῇ
3725 4712 3820 4766 τοῦ

552 4792 805 4858 intendit,
827 4793 1025 4850 diaboli
1051 4800 1388 4868 tyrannidem
1414 4816 1591 4872 pugna
1618 4804 1908 4870 lacessens,
1933 4817 1985 4861 et
2008 4824 2129 4862 eum

552 4883 905 4942 idololatria
935 4886 1251 4956 impostura:
1277 4908 1573 4963 opponens.
1603 4895 1762 4952 Solus
1790 4899 1932 4954 enim
1964 4901 2130 4956 Israel

548 4989 618 5030 ex
654 4977 908 5034 omnibus
944 4982 1197 5052 gentibus
1235 5000 1334 5055 per
1367 4989 1556 5042 orbem
1598 4989 1906 5046 universum
1928 5032 1944 5056 ,
1976 4994 2127 5064 juna

552 5077 786 5123 mentem
828 5069 962 5141 legis
999 5074 1213 5143 repulsa
1254 5076 1520 5134 idolorum
1560 5082 1874 5139 adoratioue
1914 5096 2124 5150 natura,

548 5169 605 5211 et
633 5175 817 5215 revera
851 5164 1221 5222 universitatis
1253 5170 1477 5226 Domino
1503 5172 1746 5230 addictus
1772 5183 1827 5231 et
1850 5192 2128 5233 consecra-

554 5259 639 5303 tus
672 5261 808 5308 erat.
848 5252 955 5311 Sed
1001 5258 1054 5311 in
1098 5262 1434 5316 contrarium
1470 5265 1612 5319 versi
1656 5277 1801 5322 sunt.
1841 5268 1939 5336 Qui
1982 5271 2124 5325 enim

551 5336 679 5390 illud
706 5337 890 5398 facere
920 5345 1207 5412 debebant,
1243 5364 1340 5419 pro
1370 5351 1535 5421 gloria
1569 5355 1832 5413 idolorum
1864 5375 1987 5413 cum
2020 5359 2125 5413 Deo

551 5439 943 5494 pugnaverunt.
980 5437 1131 5495 Facti
1170 5453 1295 5497 sunt
1335 5443 1518 5513 igitur,
1555 5456 1613 5503 ut
1646 5466 1805 5507 arcus
1840 5451 2120 5517 obversus,

547 5518 775 5587 sagittas
802 5524 854 5576 in
885 5534 1216 5589 contrarium
1249 5539 1567 5610 dirigentes.

617 5775 661 5809 ⁸⁸
687 5775 905 5832 But‘tttlt
938 5793 1011 5846 tv,
1039 5784 1091 5836 4.

2236 4803 2482 4858 διαϐόλου
2514 4805 2786 4875 τυραννίδι
2812 4805 3138 4876 μαχόμενος,
3176 4806 3271 4858 καὶ
3300 4808 3362 4876 τῇ
3396 4805 3495 4875 τῆς
3537 4803 3845 4903 εἰδωλολαη

2235 4903 2423 4972 τρείας
2449 4899 2760 4968 ἁντεξάγων
2798 4897 3004 4970 ἀπάτῃ.
3041 4897 3216 4960 Μόνος
3241 4897 3350 4965 γὰρ
3372 4900 3435 4950 ἐκ
3467 4897 3687 4950 πάντων
3715 4898 3823 4951 τῶν

2237 4994 2343 5049 ἀνὰ
2368 4996 2547 5049 πᾶσαν
2572 4992 2671 5063 τὴν
2696 4988 3025 5061 οἰκουμένην
3059 4988 3224 5041 ἐθνῶν
3253 4992 3281 5041 ό
3315 4988 3552 5058 Ἰσραὴλ,
3592 4990 3737 5043 κατά
3758 5005 3823 5056 γε

2232 5085 2310 5157 τῷ
2335 5085 2488 5156 νόμῳ
2538 5083 2752 5146 δοκοῦν,
2798 5080 3086 5135 ἀπεσείετο
3130 5081 3229 5150 μὲν
3280 5082 3378 5151 τὴν
3428 5081 3540 5136 τῶν
3580 5081 3824 5134 εἰδώλων

2233 5175 2626 5247 προσκύνησιν,
2658 5173 2979 5243 προσέκειτο
3008 5172 3065 5225 δὲ
3086 5171 3164 5241 τῷ
3192 5171 3353 5238 φύσει
3379 5188 3439 5225 τε
3480 5170 3577 5225 καὶ
3603 5170 3827 5240 ἀληθῶς

2228 5267 2338 5320 τῶν
2365 5267 2499 5320 ὅλων
2526 5265 2789 5335 Δεσπότῃ.
2822 5263 2959 5316 Ἀλλ’
2984 5263 3282 5333 ἐτράποντο
3307 5263 3443 5332 πρὸς
3466 5266 3529 5316 τὸ
3552 5264 3822 5318 ἐναντίον.

2233 5358 2294 5411 Ol
2342 5357 2451 5429 γὰρ
2484 5359 2658 5410 ἐκεῖνο
2687 5356 2949 5426 πράττειν
2997 5355 3324 5422 ὀφείλοντες,
3368 5355 3508 5422 ὑπὲρ
3557 5354 3660 5423 τῆς
3711 5354 3826 5407 τῶν

2233 5448 2465 5502 εἰδώλων
2493 5449 2648 5518 δόξης
2685 5447 3103 5516 πεπολεμήκασι
3130 5444 3207 5515 τῷ
3238 5444 3377 5514 Θεῷ.
3409 5445 3673 5514 Γεγόνασι
3708 5446 3825 5499 τοί-

2231 5558 2326 5591 νυν
2350 5540 2423 5603 ὡς
2452 5541 2604 5604 τόξον
2635 5538 3137 5609 ἀπεστραμμένον,
3177 5538 3397 5608 ἐναντίᾳ
3438 5537 3720 5610 χρώμενοι
3752 5541 3822 5610 τῇ

2230 5629 2431 5699 τοξείᾳ.
