4034 6270
284 404 314 458 ἲ
325 402 390 461 97

1210 390 1765 447 COMMENTARIUS
1806 391 1872 444 ΙΝ
1916 392 2149 446 OSISAM
2192 392 2640 446 PliOl‘llE'lAM.

3470 398 3567 453 198

360 516 698 577 Πεσοῦνται
729 513 800 565 ἐν
824 510 1098 580 ῥομφαίᾳ
1139 511 1195 562 al
1235 508 1523 579 ἄρχοντες
1553 507 1772 577 αὐτῶν,
1797 508 1869 560 δι’

2045 510 2206 565 Vens.
2241 510 2328 563 16.
2360 510 2559 561 Cadent
2600 509 2652 561 in
2689 506 2867 574 gladio
2903 506 3170 575 principes
3201 524 3412 575 eorum,
3443 529 3565 582 pro-

287 605 687 670 ἀπάιδευσίας
716 600 1009 671 γλώσσης
1036 598 1256 654 αὐτῶν.

286 708 495 765 ΠΔο,οὺ
516 703 656 761 κατὰ
684 705 845 775 μόνον
883 693 1024 766 ἡξει,
1064 694 1221 765 φησι,
1257 692 1367 748 τῶν
1404 694 1518 756 τοῖς
1547 692 1869 764 ἡγουμένοις

289 788 731 861 ὑπεστρωμένων
776 799 846 838 τα
887 783 949 849 ἐξ
991 782 1187 853 ὀργῆς,
1233 780 1608 852 καταλήψεται
1640 779 1697 832 δέ
1722 819 1736 843 ,
1778 779 1873 831 καὶ

290 887 437 957 μάλα
468 881 709 953 γοργῶς,
734 878 828 933 καὶ
860 877 988 941 τοὺς
1017 880 1140 941 ταῖς
1171 874 1432 930 ἀνωτάτω
1456 875 1646 944 τιμαῖς
1680 873 1871 943 ἐντρυ-

288 979 395 1049 φᾷν
422 974 701 1035 εἰωθότας.
738 966 1042 1024 Πεσοῦνται
1069 967 1179 1039 γὰρ
1218 967 1277 1021 ἐν
1311 963 1574 1036 ῥομφαίᾳ,
1606 964 1701 1016 καὶ
1738 962 1872 1033 πρό-

290 1085 458 1138 φασις
504 1065 655 1120 ἔσται
682 1061 776 1116 τοῦ
830 1059 1027 1115 παθεῖν
1079 1059 1299 1121 αὐτοὺς,
1361 1057 1460 1125 τῆς
1513 1052 1765 1124 γλώσσης
1812 1052 1873 1106 τὸ

289 1159 540 1228 ἀσελγές.
585 1152 936 1209 Ἀπαιδευσία
967 1151 1076 1223 γὰρ
1126 1148 1346 1219 άληθῶς
1395 1147 1459 1201 τὸ
1500 1145 1579 1217 τῷ
1612 1146 1754 1216 ξύλῳ
1786 1144 1875 1197 λέ-

288 1271 432 1324 γειν,
471 1270 492 1302 ι
524 1247 656 1312 Θεός
692 1262 799 1317 μου
834 1240 884 1297 εἴ
911 1245 1008 1297 σύ·
1042 1245 1137 1299 καὶ
1167 1243 1248 1313 τῷ
1291 1240 1446 1311 λίθῳ,
1475 1240 1549 1293 Σὺ
1575 1237 1874 1310 ἐγέννησάς

334 1363 436 1400 ε.»

286 1364 660 1508 μεζίρμόσειε
700 1433 746 1487 δ’
780 1431 846 1486 ἂν
876 1424 934 1484 εὖ
969 1429 1116 1499 μάλα
1151 1426 1247 1481 καὶ
1276 1425 1345 1480 τὰ
1373 1423 1551 1478 τοιάδε
1580 1422 1762 1491 λέγειν
1795 1420 1874 1492 τῷ

300 1515 654 1600 Ἐ’μμανουὴλ
678 1567 693 1593 ,
745 1524 866 1578 καθ’
918 1517 979 1576 οὗ
1022 1521 1121 1591 τήν
1175 1517 1500 1572 ἀπαίδευτον
1553 1515 1874 1585 κεκινήκασι

287 1621 545 1692 γλῶσσαν
608 1619 659 1672 οἱ
702 1613 1051 1688 Γραμματεῖς
1083 1627 1143 1664 τε
1199 1609 1295 1663 καὶ
1339 1609 1647 1679 Φαρισαῖοι,
1696 1604 1873 1658 καίτοι

290 1711 644 1775 παιδεύοντός
690 1727 751 1765 τε
780 1708 875 1763 καὶ
898 1704 1303 1776 κατισχύοντος,
1332 1702 1490 1773 δῆλον
1513 1700 1571 1753 δὲ
1593 1700 1675 1753 ὅτι
1706 1715 1871 1751 πνευ-

297 1804 572 1880 ματικῶς.
597 1797 699 1856 ’Ὧν
753 1800 905 1855 οὐδὲν
939 1797 1424 1866 ὑπολογισάμενοι,
1460 1793 1556 1846 καλ⁸
1596 1791 1875 1861 ἀπεστρά-

1973 612 2089 668 pter
2115 602 2438 666 imperitiam
2470 602 2667 671 lingua:
2695 616 2899 654 eorum.

2046 690 2330 745 LXXXIV.
2373 691 2491 745 Non
2531 705 2717 745 ctmtra
2761 692 2907 747 solos
2950 688 3286 761 principibus
3323 691 3569 749 subditos

1974 781 2058 834 ira
2093 780 2374 850 suppliciis
2407 781 2625 845 saeviet;
2657 781 3082 851 comprehendet
3122 781 3313 846 etiam,
3346 791 3401 836 et
3429 782 3569 837 velo-

1975 871 2212 938 cissime,
2240 872 2332 941 qui
2362 872 2413 925 in
2444 872 2677 927 summis
2710 874 3008 927 honoribus
3034 886 3164 928 suas
3196 873 3399 928 habere
3428 872 3551 928 volu

1975 976 2152 1034 ptstes
2183 976 2604 1022 consueverunt.
2628 984 2649 1018 ι
2677 966 2890 1021 Cadent
2916 969 3060 1021 enim
3082 968 3136 1020 in
3168 967 3409 1038 gladio,»
3429 969 3569 1038 quod

1972 1058 2176 1111 malum
2224 1056 2331 1112 illis
2375 1059 2557 1127 pariet
2605 1057 2802 1128 linguae
2848 1060 3200 1127 protervitas.
3242 1061 3383 1116 Vere
3426 1062 3569 1115 enim

1972 1146 2204 1201 stultitia
2245 1157 2361 1215 est,
2400 1147 2545 1219 ligno
2581 1147 2768 1203 dicere
2806 1164 2882 1203 ελ(
2926 1148 3069 1207 Deus
3106 1162 3260 1206 meus
3294 1166 3354 1207 es
3391 1160 3482 1217 tu;
3517 1160 3573 1206 et

1974 1237 2137 1309 lapidi
2172 1257 2186 1293 :
2215 1237 2297 1294 'l‘u
2330 1253 2416 1295 me
2446 1240 2681 1310 genuisti
2706 1242 2773 1294 η.
2816 1258 2836 1293 ι

2046 1418 2197 1474 Talia
2226 1430 2282 1475 et
2316 1420 2635 1476 Emmanuel
2669 1428 2793 1492 apte
2826 1421 2971 1477 dicet
2994 1461 3008 1483 ,
3049 1421 3102 1475 in
3138 1435 3299 1491 quem
3335 1420 3572 1490 linguam

1979 1512 2283 1581 imperitam
2315 1523 2599 1567 moverunt
2625 1512 2832 1568 Scriba:
2860 1522 2913 1567 et
2944 1513 3230 1579 l’harismi,
3259 1527 3572 1581 quanquam

1972 1616 2071 1655 eos
2098 1602 2433 1656 erudientem
2465 1610 2521 1657 et
2552 1601 2993 1667 conﬁrmantem,
3026 1602 3384 1672 spiritualiter
3414 1600 3575 1653 uimi-

1978 1708 2118 1746 rum.
2140 1692 2380 1757 Quorum
2412 1692 2549 1746 nihil
2578 1702 2926 1763 reputantes,
2956 1702 3013 1748 et
3040 1694 3218 1750 aversi
3248 1703 3373 1747 sunt
3399 1695 3464 1747 ad
3494 1693 3574 1746 ni-

1979 1784 2050 1836 hil
2091 1784 2368 1855 (conversi
2406 1794 2532 1840 sunt
2567 1789 2766 1857 quippe
2802 1788 2869 1842 ad
2904 1785 3183 1841 doctrinas
3221 1797 3276 1841 et
3314 1788 3570 1839 mandata

291 1876 476 1970 ιρησαν
504 1897 585 1959 είς
636 1893 811 1949 οὐδέν.
856 1892 1186 1962 Ἐτράποντο
1231 1889 1339 1957 γὰρ
1385 1888 1464 1950 είς
1505 1884 1872 1947 διδασκαλίας,

1989 1877 2255 1931 hominum
2277 1876 2369 1943 ’°),
2428 1886 2483 1933 et
2518 1879 2646 1933 facti
2683 1889 2812 1935 sunt
2847 1890 2904 1934 ut
2940 1894 3106 1934 arcus
3137 1878 3192 1932 in
3226 1879 3566 1933 contrarium

289 1989 609 2061 ἐντάλματα
637 1983 962 2058 ἀνθρώπων.
994 1985 1103 2037 Καὶ
1133 1981 1424 2051 γεγόνασιν
1453 1979 1530 2042 ὡς
1558 1977 1712 2042 τόξον
1743 1977 1876 2029 άντ-

287 2080 696 2153 εστραμμένον,
750 2076 1040 2148 βάλλοντες
1065 2073 1293 2138 ἀνοσίως
1324 2071 1414 2124 τὸν
1443 2069 1649 2126 ἑαυτῶν
1677 2067 1880 2121 Δεσπό-

288 2192 415 2243 την,
462 2164 525 2226 οὗ
580 2170 782 2243 μᾶλλον
835 2168 1006 2240 ἐχρῆν
1057 2165 1434 2239 ὐπεραθλῆσαι
1469 2160 1701 2231 γενικῶς
1725 2199 1741 2222 ,
1784 2156 1880 2211 καὶ

290 2267 453 2337 νικᾷν
481 2262 801 2333 ἐπείγεσθαι
839 2263 967 2324 τοὺς
999 2259 1506 2330 ἀντιτεταγμένους,
1536 2254 1676 2309 καθά
1711 2250 1805 2306 καὶ
1827 2251 1879 2303 oi.

290 2357 403 2413 τῶν
432 2356 846 2411 πιστευσάντων
875 2356 1089 2425 γνήσιοι
1120 2351 1379 2425 μαθηταί.

892 2489 1144 2543 ΚΕΦΑΛ.
1189 2488 1270 2542 Η’.

371 2597 558 2669 Οὗτος
586 2605 621 2657 ὁ
652 2600 1000 2672 φαυλισμύς
1023 2595 1221 2652 αὐτῶν
1248 2598 1321 2651 ἐν
1354 2594 1434 2667 τῇ
1462 2597 1762 2666 Αἰγύπτῳ,
1792 2598 1881 2663 εὶς

293 2686 533 2742 κόλπον
566 2687 782 2741 αὐτῶν.
830 2686 930 2753 Ὠς
970 2683 1069 2754 γῆ,
1098 2685 1181 2750 ὡς
1225 2685 1401 2750 ἀετὸς
1444 2684 1537 2738 ἐπ’
1571 2681 1739 2737 οἷκον
1761 2689 1879 2739 Κυ-

287 2780 455 2848 ρίου,
487 2777 619 2833 ἀνθ’
645 2771 733 2831 ὧν
768 2778 1120 2846 παρέϐησαν·
1144 2774 1259 2844 τὴν
1295 2775 1590 2845 διαθήκην
1615 2794 1755 2847 μου,
1783 2776 1882 2831 καὶ

298 2871 456 2925 κατὰ
491 2868 601 2925 τοῦ
627 2870 815 2940 νόμον
841 2868 1176 2937 ἠσέϐησαν.

384 3073 516 3127 IlE'.
597 3073 848 3140 Ἀσαφῶς
903 3073 1004 3141 μὲν
1061 3073 1181 3123 λίαν
1240 3073 1457 3141 εἴρηται
1534 3073 1725 3137 ταυτὶ,
1781 3073 1883 3140 τῆς

309 3165 602 3237 Ἐϐραίων,
635 3162 887 3234 καθάπερ
916 3155 1154 3233 ἐγῷμαι,
1186 3164 1369 3233 φωνῆς
1395 3161 1594 3233 πολλήν
1621 3163 1885 3233 ἐμποιού-

597 3069 848 3140 Ἀσαφῶς
903 3068 1004 3141 μέν
1061 3069 1181 3123 λίαν
1240 3068 1457 3141 εἴρηται
1534 3070 1725 3137 ταυτὶ,
1781 3071 1883 3140 τῆς

304 3275 403 3330 σης
423 3258 538 3320 τοῖς
565 3255 983 3326 διερμηνεύουσι
1002 3254 1101 3325 τὴν
1129 3254 1469 3324 δυσχέρειαν.
1513 3255 1802 3326 Ἐπόμενοι
1822 3256 1882 3309 δὲ
1909 3245 1951 3303 C

303 3352 460 3421 ἡμεῖς
473 3351 539 3421 τῇ
552 3347 662 3401 τῶν
673 3347 962 3419 νοημάτων
975 3346 1146 3413 τάξει,
1165 3345 1225 3400 τὸ
1238 3348 1317 3410 είς
1335 3345 1457 3400 νοῦν
1474 3341 1607 3417 ἦκον
1627 3347 1753 3416 ἐροῦ
1763 3365 1884 3418 μεν.

314 3461 335 3493 ι
363 3437 523 3506 Οὗτος
552 3441 733 3496 τοίνυν
762 3443 790 3494 6
822 3439 1132 3511 φαυλισμὺς
1165 3440 1368 3503 αὐτῶν,
1400 3458 1419 3491 ι
1459 3440 1647 3511 φησιν,
1674 3459 1693 3492 ι
1725 3443 1785 3493 ἐν
1813 3443 1884 3512 γῇ

310 3529 580 3602 Αἰγύπτῳ,
610 3549 630 3583 ι
650 3528 951 3593 τουτέστιν,
970 3529 1269 3601 ἐπειδήπερ
1286 3528 1388 3601 ἐμὲ
1408 3531 1499 3583 τὸν
1513 3529 1599 3583 ἀεὶ
1623 3529 1884 3596 σώζοντα,

310 3624 400 3677 καὶ
427 3623 770 3691 παιδεύοντα,
790 3620 886 3676 καὶ
914 3621 1361 3691 άκαταγώνιστον
1374 3621 1593 3676 τιθέντα
1618 3624 1729 3684 τοῖς
1755 3623 1887 3676 ἀνθ-

302 3716 587 3788 εστηκόσιν
637 3715 917 3787 (ἐνίσχυσα
944 3716 1056 3785 γὰρ
1107 3714 1327 3786 αὐτοὺς)
1367 3714 1745 3786 ὲξεφαύλησαν
1786 3715 1879 3767 ἀνι

298 3805 483 3870 οσίως,
517 3806 815 3877 δαιμονίοις
850 3806 945 3877 μὲν
964 3804 1331 3876 ἀπονέμοντες
1353 3803 1628 3877 λατρείας,
1658 3803 1887 3874 ἐπιθαρ-

298 3898 568 3968 σήσαντες
590 3898 646 3950 δέ
674 3897 772 3950 καὶ
804 3899 869 3968 τῇ
901 3897 1011 3951 τῶν
1044 3896 1356 3965 Αἰγυπτίων
1393 3898 1485 3967 γῇ,
1517 3897 1613 3949 καὶ
1639 3896 1885 3965 ἀποχρή-

298 4005 418 4044 σειν
450 3988 637 4050 αὺτοῖς
682 3991 764 4052 εἰς
812 3988 1111 4060 εὐημερίας
1153 3987 1253 4052 τὰς
1305 3987 1516 4041 ἐκεῖθεν
1565 3989 1886 4059 ἐπικουρίας

297 4083 560 4151 οἰόμενοι,
591 4079 847 4152 ταύτῃτοι
879 4082 971 4133 καὶ
1016 4083 1096 4144 είς
1135 4081 1335 4133 κόλπον
1382 4078 1563 4132 αὐτῶν
1606 4082 1884 4151 ἀποστραο

1984 1983 2175 2023 versus
2208 1970 2473 2025 scelerate
2509 1969 2791 2027 Dominum
2829 1987 2984 2026 suum
3017 1970 3297 2033 ferientes,
3333 1985 3432 2041 pro
3466 1984 3575 2038 quo

1986 2060 2164 2129 potius
2192 2060 2421 2117 viriliter
2454 2061 2612 2133 117
2644 2070 2882 2129 certare,
2914 2073 2969 2117 et
3001 2063 3068 2117 ad
3104 2062 3449 2118 adversarios
3483 2077 3574 2115 su-

1988 2152 2286 2221 perandos,
2332 2153 2474 2207 sicut
2518 2168 2587 2207 ex
2634 2154 2984 2210 credentibus
3028 2153 3276 2225 germani
3323 2152 3574 2223 discipuli

1987 2245 2119 2298 dare
2148 2258 2270 2300 sese
2299 2244 2625 2300 debuerunt.

2614 2488 2767 2545 CAP.
2824 2488 2958 2545 Vill.

2061 2599 2228 2657 Vsus.
2261 2600 2452 2657 LIsta
2491 2601 2838 2656 submnatio
2894 2617 3073 2656 eorum
3103 2602 3160 2655 in
3206 2609 3348 2655 terra
3400 2598 3574 2671 Αἴθῃ-

1987 2702 2100 2760 pto,
2125 2695 2180 2748 in
2199 2695 2372 2748 sinum
2403 2709 2605 2748 eorum.
2644 2693 2812 2759 Quasi
2843 2703 3005 2758 terra,
3036 2691 3189 2761 quasi
3215 2691 3394 2761 aquila
3420 2707 3575 2758 super

1989 2785 2202 2837 domum
2253 2783 2484 2849 Domini,
2536 2799 2633 2852 pro
2678 2799 2741 2836 eo
2774 2784 2915 2852 quod
2953 2784 3269 2852 transgressi
3315 2791 3438 2835 sunt
3492 2792 3573 2835 le-

1988 2883 2306 2929 uamentum
2352 2889 2542 2940 meum,
2586 2883 2637 2928 et
2705 2882 2892 2928 contra
2961 2872 3124 2942 legem
3193 2888 3358 2925 meam
3416 2871 3574 2939 impie

1989 2977 2223 3038 egerunt.

2062 3081 2328 3138 LXXXV.
2370 3082 2515 3150 Haec,
2579 3091 2640 3137 ut
2700 3097 2805 3154 ego
2866 3080 3277 3151 sentio,lingue
3348 3080 3571 3135 llebrma

1986 3175 2379 3231 obscurissime
2412 3176 2614 3246 scripta
2640 3185 2790 3242 sunt,
2829 3176 2970 3229 unde
3000 3174 3393 3245 interpretibus
3434 3174 3569 3227 mul-

1986 3276 2039 3321 ta
2077 3267 2372 3322 difﬁcultas
2416 3267 2692 3336 obiicitur.
2730 3267 2841 3324 Nos
2868 3268 3000 3322 vero
3075 3267 3362 3321 sententiae
3426 3266 3575 3319 ordi-

1986 3370 2108 3410 nem
2144 3365 2459 3426 sequentes,
2493 3358 2636 3426 quod
2668 3358 2720 3412 in
2756 3366 2989 3411 mentem
3041 3357 3269 3423 venerit,
3308 3355 3569 3410 dicemus.

1988 3449 2165 3518 lnqnit
2225 3450 2410 3520 igitur,
2451 3450 2609 3505 «Ista
2670 3449 3025 3504 subsannatio
3085 3463 3272 3504 eorum
3328 3449 3379 3503 in
3429 3457 3571 3502 terra

1986 3539 2241 3612 Egypto,
2275 3560 2295 3595 ι
2329 3541 2433 3597 hoc
2469 3551 2573 3608 est,
2613 3552 2899 3612 postquam
2944 3555 3028 3595 me
3080 3554 3297 3610 semper
3355 3554 3574 3594 servan-

1987 3642 2092 3688 tem
2144 3650 2277 3698 eos,
2336 3643 2391 3689 et
2424 3635 2764 3689 erudientem
2798 3676 2811 3699 ,
2872 3645 2932 3688 et
2990 3634 3058 3687 ab
3102 3632 3429 3686 adversariis
3497 3633 3572 3684 in-

1986 3725 2159 3779 victos
2196 3732 2539 3793 praestantem
2572 3724 2591 3792 (
2614 3723 2962 3777 corroboravi
3021 3723 3166 3774 enim
3211 3720 3353 3786 eos)
3407 3721 3571 3790 impie

1987 3818 2482 3878 subsannaverunt,
2522 3814 2793 3869 daemones
2826 3829 2923 3882 pro
2960 3812 3066 3867 diis
3117 3813 3378 3877 colentes,
3414 3823 3471 3866 et
3510 3813 3571 3866 li-

1987 3907 2182 3959 dernnt
2219 3896 2378 3959 terrm
2426 3902 2802 3974 [Egyptiorum
2827 3943 2843 3969 ,
2885 3913 2941 3958 et
2984 3903 3181 3958 auxilia
3224 3903 3434 3958 illorum
3464 3902 3568 3956 sibi

1985 3995 2051 4051 ad
2098 4009 2409 4066 prosperam
2448 3997 2576 4051 vitae
2607 3997 2973 4053 cmuditionem
3019 3994 3310 4052 sull'ectura
3356 3994 3569 4066 iudicas

1986 4098 2134 4154 runt,
2180 4088 2386 4144 ideirco
2432 4088 2488 4142 in
2525 4090 2704 4143 sinum
2758 4102 2947 4142 eorum
2998 4098 3307 4142 revertetur
3346 4097 3573 4141 conatus

302 4173 542 4241 φήσεται
567 4170 628 4222 τὸ
652 4170 976 4240 ἐγχείρημα,
1012 4171 1106 4222 καὶ
1127 4171 1224 4239 τῆς
1258 4171 1467 4223 ἑαυτῶν
1490 4170 1880 4236 εἰκαιοῦουλίας

1989 4192 2198 4243 eorum,
2234 4188 2289 4233 et
2318 4179 2646 4234 temeritatis
2690 4194 2801 4233 sum
2855 4178 3158 4232 mercedem
3221 4193 3325 4231 non
3374 4178 3570 4233 bonam

299 4263 409 4316 οὐκ
458 4261 670 4330 ἀγαθὰς
702 4262 1028 4333 εὑρήσουσιν
1072 4262 1328 4332 ἀμοιϐάς.
1389 4262 1779 4333 Ἀπολήψονται
1827 4265 1880 4318 δὲ

1989 4269 2261 4325 invenient
2288 4286 2302 4336 ;
2333 4268 2481 4323 velut
2512 4268 2726 4322 euimin
2760 4269 2936 4322 sinum
2960 4279 3151 4337 poenas
3167 4268 3445 4338 recipient.
3481 4267 3577 4325 Ve-

299 4350 561 4423 καθάπερ
589 4353 671 4415 είς
702 4350 903 4406 κόλπον
933 4351 1034 4415 τὰς
1054 4352 1231 4416 δίκας.
1269 4351 1426 4419 ’Ἥξει
1451 4352 1577 4423 γὰρ,
1609 4353 1749 4425 ἥξει,
1782 4372 1880 4428 φη-

1989 4364 2098 4415 uiet
2165 4360 2474 4431 siquidem,
2524 4358 2745 4424 veniet,
2800 4359 3005 4429 inquit,
3044 4360 3137 4430 qui
3196 4361 3432 4416 vastabit
3480 4375 3575 4417 eos

301 4444 460 4509 σὶν,ό
494 4443 858 4517 ηταδῃὼσας
894 4444 1111 4511 αὐτοὺς,
1137 4444 1245 4499 τῶν
1281 4445 1581 4519 Ἀσσυρίων
1626 4448 1656 4501 6
1683 4446 1880 4518 τύραν-

1989 4452 2331 4522 Assyriorum
2390 4461 2656 4524 tyrannus
2706 4466 2827 4506 cum
2870 4452 3256 4506 innumerabili
3306 4453 3571 4518 exercitu,

304 4553 391 4599 νος
419 4536 545 4609 άριθ
554 4536 656 4609 μοῦ
671 4537 959 4608 κρείττονα
976 4536 1075 4609 τὴν
1092 4536 1200 4591 τῶν
1222 4537 1477 4609 μαχίμων
1491 4538 1629 4610 ἔχων
1647 4539 1878 4611 πληθύν.

1989 4546 2276 4615 venietque
2319 4545 2453 4616 ipsis
2502 4555 2557 4599 ut
2593 4553 2699 4599 tota
2736 4552 2987 4611 terra,et
3044 4546 3219 4615 regio,
3264 4556 3320 4600 et
3369 4546 3571 4615 patria,

303 4629 464 4693 Ἥξει
495 4646 556 4682 τε
580 4630 765 4693 αὐτοῖς
796 4629 875 4693 ὡς
900 4630 1000 4702 ὅλη
1033 4631 1127 4701 γῆ,
1151 4632 1246 4684 καὶ
1268 4630 1417 4704 χώρα
1437 4634 1533 4686 καὶ
1558 4634 1776 4706 πατρὶς.
1798 4634 1880 4686 ἵνα

1989 4640 2048 4690 ιιι
2082 4636 2208 4705 quis
2236 4634 2524 4692 Persarum
2570 4647 2626 4692 et
2657 4633 2934 4692 Medorum
2985 4644 3150 4690 totam
3183 4651 3215 4691 e
3250 4645 3364 4691 toto
3396 4636 3574 4705 regio-

301 4737 386 4781 τις
413 4720 591 4790 οῐηται
620 4720 721 4791 τὴν
743 4721 971 4791 Περσῶν
1004 4722 1101 4775 καὶ
1124 4722 1324 4792 Μήδων
1346 4722 1474 4794 ὅλην
1490 4723 1549 4791 ἐξ
1568 4724 1690 4778 ὅλου
1721 4741 1880 4795 μετα-

1989 4742 2111 4782 nem
2143 4728 2422 4798 migrasse,
2453 4739 2509 4783 et
2536 4731 2588 4782 in
2643 4728 2983 4783 Samariam~
3018 4728 3232 4785 venisse
3278 4727 3569 4782 existimet.

305 4811 502 4881 στῆναι
530 4811 737 4882 χώραν,
764 4813 861 4867 καὶ
882 4815 962 4878 εἰς
990 4814 1306 4886 Σαμάρειαν
1341 4814 1518 4869 ἐλθεῖν
1535 4834 1548 4846 ·
1577 4816 1738 4870 τοῦτό
1771 4819 1880 4869 ἐστι

1989 4817 2100 4874 Hoc
2122 4819 2258 4885 vult,
2296 4822 2441 4888 quod
2472 4820 2688 4886 dicitur,
2727 4838 2747 4872 ι
2779 4821 2935 4890 quasi
2968 4829 3136 4875 terra.
3172 4838 3193 4871 ι
3227 4819 3419 4873 Veniet
3447 4821 3572 4873 item

304 4901 391 4963 τὸ,
431 4917 452 4951 s
487 4900 563 4963 ὡς
585 4901 676 4971 γῆ.
712 4920 730 4952 ι
767 4902 924 4968 Ἥξει
946 4904 1007 4958 δὲ
1034 4907 1128 4959 καὶ
1156 4905 1232 4969 ὡς
1255 4908 1284 4960 6
1316 4905 1475 4970 ἀετὸς
1499 4908 1577 4971 εἰς
1604 4902 1752 4960 οἷκον
1777 4909 1880 4961 Κυ-

1994 4929 2013 4961 ι
2041 4911 2194 4980 quasi
2224 4912 2402 4982 aquila
2444 4913 2496 4966 in
2534 4912 2751 4967 domum
2790 4912 3041 4979 Domini,
3099 4930 3119 4965 ι
3148 4911 3253 4968 hoc
3286 4919 3392 4979 est,
3428 4911 3576 4965 subi-

305 4991 445 5064 ρίου,
494 4991 793 5059 τουτέστιν,
839 4996 1212 5067 ἅναπτήσεται
1256 4999 1344 5051 ἐπ’
1387 4997 1550 5052 αὐτὸν
1606 4997 1733 5063 ὀξὺς
1797 5000 1880 5053 καῖ

1991 5014 2077 5058 tus
2114 5013 2169 5058 et
2202 5004 2456 5060 terribilis
2488 5005 2745 5074 templum
2786 5003 2881 5058 Dei
2926 5003 3209 5067 iuvolabit,
3251 5011 3306 5057 et
3345 5018 3570 5072 regnum

299 5082 476 5148 δεινὸς
527 5082 620 5137 τὸν
655 5084 783 5138 ναὸν
813 5083 908 5139 τοῦ
959 5087 1114 5155 Θεοῦ,
1167 5090 1260 5143 καὶ
1310 5090 1741 5162 καταδραμεῖται
1786 5091 1880 5161 τῆς

1993 5093 2164 5162 Iudae,
2198 5104 2360 5164 atque
2391 5094 2819 5168 Hierosolymam
2853 5096 3185 5161 incursabit,
3241 5094 3377 5149 citra
3427 5095 3575 5148 labo-

315 5174 487 5228 Ἰούδα
535 5174 812 5245 βασιλείας
858 5177 950 5231 καὶ
996 5179 1104 5235 τῶν
1175 5181 1581 5254 Ἱεροσολύμων,
1625 5182 1880 5255 ἁρπάζων

1998 5202 2109 5242 rem
2152 5189 2386 5256 rapiens,
2421 5199 2474 5241 et
2524 5188 2576 5242 in
2613 5204 2836 5258 regnum
2886 5204 3042 5244 suum
3090 5194 3401 5258 exportaus.
3451 5186 3573 5240 Pri-

299 5265 564 5336 ἀμογητὶ,
595 5267 690 5321 καὶ
712 5268 1063 5340 άποκομίζων
1093 5273 1171 5334 είς
1192 5273 1289 5341 τὴν
1314 5273 1530 5328 ἑαυτοῦ.
1559 5274 1759 5345 Πρώτη
1789 5275 1880 5345 μὲν

1991 5294 2138 5334 mum
2211 5281 2355 5334 enim
2422 5280 2817 5334 Samaritarum
2888 5281 3037 5351 regio
3103 5279 3572 5348 depopulationem

300 5357 470 5430 γάρή
516 5360 875 5431 Σαμαρειτῶν
919 5364 1261 5436 πεπόρθηται
1307 5366 1481 5438 χώρα,
1513 5369 1609 5420 καὶ
1650 5368 1708 5419 ἐν
1747 5370 1880 5439 αὐτῇ

1990 5372 2175 5436 subiit,
2229 5383 2283 5425 et
2310 5372 2455 5426 inea
2503 5372 2689 5440 utique
2746 5371 2930 5425 Israel.
2968 5370 3319 5425 Postmodum
3372 5377 3426 5426 et
3484 5371 3573 5425 illa

300 5465 403 5503 που
432 5449 652 5514 πάντως
684 5452 713 5502 ὁ
754 5452 991 5525 Ἰσραήλ.
1029 5455 1294 5526 Ὕστερον
1318 5458 1374 5510 δὲ
1404 5458 1498 5510 καὶ
1539 5458 1676 5529 αὐτή
1701 5459 1880 5513 λοιπὸν

1990 5462 2257 5518 celebrata
2296 5463 2425 5518 urbs
2454 5475 2607 5531 capta
2668 5473 2772 5525 est,
2813 5476 2972 5530 quam
3011 5473 3065 5517 et
3103 5464 3364 5534 propheta
3420 5461 3573 5517 Jere-

300 5541 335 5613 ή
357 5540 644 5613 διαϐόητος
667 5543 877 5616 ἐλήφθη
906 5546 1085 5611 πόλις,
1114 5549 1200 5616 ἐφ’
1313 5548 1408 5602 καὶ
1434 5551 1463 5602 6
1487 5552 1880 5621 προφήτηςἹε-

1989 5556 2125 5609 mias
2156 5553 2387 5617 deﬂevit,
2425 5554 2509 5607 his
2541 5568 2667 5605 usus
2685 5553 2861 5607 verbis
2890 5571 2902 5606 :
2934 5573 2952 5606 ι
2981 5554 3262 5622 Quomodo
3285 5558 3434 5610 sedet
3458 5554 3571 5606 sola

299 5634 495 5704 ρεμίας
529 5635 769 5708 ἐθρήνει,
798 5637 1003 5707 λέγων·
1036 5658 1055 5691 ι
1089 5639 1215 5703 Πῶς
1240 5640 1463 5694 ἐκάθισε
1509 5643 1642 5714 μόνη
1670 5645 1703 5715 ἡ
1732 5644 1880 5706 πόλις

1989 5649 2176 5702 civitas
2221 5645 2376 5716 plena
2421 5644 2678 5715 populis?
2705 5646 2953 5718 princeps
2989 5649 3391 5719 provinciarum
3428 5646 3562 5695 lttr'tr

380 5813 422 5843 ’³
454 5810 554 5867 lsa.
584 5829 645 5879 ιι,
683 5814 772 5869 27.
853 5817 897 5847 ²⁰
935 5815 1123 5870 Matth.
1158 5830 1244 5882 xv,
1277 5816 1330 5872 9.
