4034 6270
519 394 622 452 199
1502 391 1557 444 S.
1598 385 1875 442 CYIIILLI
1919 384 2394 442 ALEXANDIIINI
2434 383 2752 442 ARCIIIEP.
3670 392 3784 446 200

515 519 612 574 est
652 507 934 564 tributaria
961 507 1059 558 ".i
1093 505 1227 573 Quin
1263 505 1404 558 enim
1452 518 1554 556 una
1604 518 1730 557 enim
1789 503 1922 557 urbe
1975 518 2093 557 cre-

2197 507 2229 574 ὴ
2273 505 2700 576 πεπληθυσμένη
2742 503 2916 570 λαῶν;
2948 503 3189 574 ἄρχουσα
3215 504 3274 558 ἐν
3303 502 3507 576 χώραις
3539 506 3780 577 ἐγενήθη

517 606 719 652 matum
760 597 828 650 sit
859 594 1133 664 templnm,
1174 593 1315 646 nulla
1347 602 1431 646 est
1454 592 1742 647 dubitatio.
1779 593 1953 661 Atque
1981 596 2095 647 hazc

2195 597 2275 657 εἰς
2322 596 2506 666 φόρον.
2547 613 2566 646 ι
2601 595 2857 665 ὐτιγάρ
2908 594 3255 666 συνεπρήσθη
3300 597 3369 666 τῇ
3417 595 3572 648 πόλει
3609 598 3707 650 καὶ
3753 599 3784 650 6

516 687 621 742 illis
671 687 936 748 evenient,
967 684 1159 751 inquit,
1181 683 1308 752 quia
1339 683 1578 736 divinum
1621 681 1941 751 transgressi
1970 691 2096 735 sunt

2193 687 2342 750 ναὸς,
2373 685 2671 757 οὐδαμόθεν
2692 687 3013 756 ἀμφίλογον.
3047 684 3231 739 Ταῦτα
3264 685 3321 738 δὲ
3349 687 3534 748 αὐτοῖς
3561 687 3778 758 συμϐής

515 785 915 841 testamentum,
942 783 996 827 ct
1025 783 1214 827 contra
1249 774 1420 842 legem
1457 772 1522 826 de
1567 787 1668 840 qua
1701 772 1959 836 diximus,
1990 771 2094 824 im-

2197 791 2368 841 σεται,
2406 778 2589 846 φησὶν,
2619 777 2700 830 ὅτι
2727 776 2826 845 τὴν
2858 775 3006 829 θείαν
3037 775 3460 846 παραϐεσήκασι
3485 776 3777 845 διαθήκην,

513 869 601 937 pie
661 875 904 937 egerunt.
969 865 1204 921 Omnino
1264 865 1406 918 enim
1486 879 1582 932 per
1637 861 2094 932 sapientissimum

2193 869 2290 922 καὶ
2334 869 2609 939 ἠσέϐησαν
2652 871 2794 922 κατὰ
2834 869 2928 922 τοῦ
2969 868 3292 939 λαληθέντος
3328 868 3516 937 νόμου.
3564 867 3780 935 Ὀλίγου

510 959 730 1029 Moysen
767 959 1025 1014 divinitus
1066 956 1225 1011 eil‘ata
1288 955 1727 1026 parviducentes,
1789 953 1952 1008 vitam
1999 969 2095 1023 pro

2193 958 2302 1028 γὰρ
2333 959 2608 1022 παντελῶς
2647 959 2924 1024 ἀξιοῦντες
2948 960 3107 1028 λόγου
3150 959 3218 1013 τά
3249 959 3336 1012 διὰ
3359 958 3453 1012 τοῦ
3495 959 3778 1027 πανσόφου

509 1053 731 1108 libidine
764 1067 861 1106 sua
893 1051 1200 1120 transigere
1243 1050 1614 1114 conabantur,
1645 1055 1699 1102 et
1744 1046 1905 1117 118
1934 1048 2096 1116 quili-

2194 1049 2438 1112 Μωσέως
2466 1049 2892 1120 τεθεσπισμένα,
2918 1054 3031 1115 τοῖς
3078 1051 3227 1114 ίδίοις
3265 1049 3536 1120 θελήμασι
3584 1048 3809 1120 διαζῆν,

508 1145 600 1198 bet
648 1143 934 1197 arbitrium
989 1157 1145 1198 suum
1185 1151 1242 1196 et
1286 1141 1618 1212 religionem,
1662 1146 1718 1194 et
1757 1137 1926 1208 legem
1979 1139 2086 1195 sibi

2193 1142 2544 1205 ἐσπούδαζον,
2587 1144 2680 1196 καὶ
2723 1144 2953 1207 ἕκαστος
2981 1143 3042 1196 τὸ
3089 1141 3298 1206 δοκοῦν,
3331 1141 3429 1194 καὶ
3475 1139 3780 1211 θρητκείας

509 1237 809 1291 statuebat.

2189 1237 2392 1306 τρόπον
2423 1236 2721 1301 ἐποιοῦντο,
2749 1237 2844 1290 καὶ
2880 1237 3063 1306 νόμον.
3575 1293 3578 1298 _

583 1326 747 1380 Vens.
789 1327 844 1393 2,
875 1327 928 1383 5.
953 1325 1040 1380 Me
1077 1325 1402 1389 clamabunt,
1434 1325 1593 1390 Dens,
1617 1330 1952 1398 cognovimus
1981 1335 2030 1382 te
2068 1343 2088 1390 ;

2275 1328 2413 1396 Ἐμὲ
2435 1328 2845 1395 κεκράξονται,
2874 1331 2906 1382 ό
2943 1328 3106 1393 Θεὸς,
3155 1327 3500 1398 ὲγικὺκαμέν
3539 1341 3634 1379 σε·
3683 1325 3776 1383 ὅτι

507 1420 633 1488 quia
705 1417 876 1472 Israel
943 1419 1161 1488 projecit
1239 1419 1395 1482 bona,
1467 1418 1741 1473 inimicum
1831 1420 2091 1486 persecuti

2207 1418 2456 1488 Ἰσραὴλ
2508 1418 2930 1487 ἀπεστρέψατο
2971 1419 3184 1487 ἀγαθὰ,
3236 1417 3453 1486 ἐχθρὸν
3494 1414 3777 1470 κατεδίω-

509 1521 650 1564 ειιηι.

2193 1509 2326 1574 ξαν.

579 1600 863 1657 LXXXVI.
915 1601 1090 1670 Super
1135 1600 1409 1654 frumento
1451 1608 1505 1656 et
1567 1601 1696 1655 vino
1763 1602 1986 1666 concisi,
2037 1611 2092 1656 et

2267 1600 2409 1665 IICI'.
2447 1599 2510 1651 Οἱ
2547 1600 2639 1652 ἐπὶ
2689 1599 2821 1670 σίτῳ
2864 1600 2957 1654 καὶ
2989 1599 3118 1670 οἴνῳ
3156 1599 3648 1669 κατατεμνόμενοι,
3682 1597 3776 1650 καὶ

509 1695 802 1749 immundis
861 1693 1190 1748 dzemanibus
1248 1691 1416 1747 festos
1463 1691 1584 1746 dies
1633 1703 1970 1763 peragentes,
1999 1693 2089 1761 qui

2191 1694 2303 1754 τοῖς
2330 1691 2657 1762 ἀκαθάρτοις
2678 1693 2896 1762 δαίμοσι
2927 1692 3207 1755 τελοῦντες
3228 1691 3324 1754 τὰς
3341 1690 3555 1760 ἐορτάς,
3583 1691 3634 1742 οἱ
3656 1693 3775 1752 ταῖς

509 1787 768 1841 cordibus
806 1785 920 1839 suis
965 1783 1031 1838 ad
1080 1784 1246 1836 Deum
1317 1799 1420 1837 non
1470 1784 1858 1849 clamaverunt,
1917 1799 2089 1855 neque

2194 1781 2405 1834 ἑαυτῶν
2431 1781 2678 1852 καρδίαις
2706 1782 2766 1834 οὐ
2803 1780 3125 1853 βεϐοηκότες
3152 1779 3290 1852 πρὸς
3317 1779 3470 1844 Θεὸν,
3498 1779 3623 1832 οὐδὲ
3668 1780 3774 1849 μὴν

509 1877 688 1931 munis
733 1891 920 1930 eorum
973 1875 1348 1944 prosperitatis
1409 1874 1744 1945 largitorem,
1801 1885 1856 1930 et
1913 1887 2093 1931 custo-

2190 1872 2563 1939 ’ἐπεγνωκότες
2589 1871 2676 1924 τὸν
2706 1871 2884 1940 πάσης
2917 1871 3100 1934 αὐτοῖς
3142 1869 3396 1940 εὐθηνίας
3447 1869 3650 1938 δοτῆρα
3685 1871 3777 1922 καὶ

513 1969 635 2022 dem
686 1977 1074 2037 cognoverunt,
1107 1980 1280 2036 neque
1310 1965 1505 2022 debitis
1528 1983 1650 2022 eum
1694 1968 1882 2039 gratiis
1920 1969 2091 2024 hono-

2195 1961 2480 2032 πρύτανιν,
2523 1961 2635 2015 ἀλλ’
2671 1963 2792 2014 οὐδέ
2820 1964 2942 2026 ταῖς
2986 1961 3360 2032 καθηκούσαις
3401 1960 3776 2030 εύχαριστίαις

510 2069 718 2123 rarum,
753 2059 1006 2128 quoniam
1041 2059 1093 2112 in
1121 2073 1300 2112 rerum
1339 2059 1706 2114 secundarum
1740 2060 2093 2130 amplitudine

2193 2053 2566 2122 τετιμηκότες,
2599 2053 2898 2124 ἐπειδήπερ
2923 2055 2981 2107 ἐν
3007 2054 3084 2124 τῷ
3125 2053 3317 2106 πλάτει
3344 2055 3442 2122 τῆς
3470 2051 3774 2122 εὐημερίας

507 2165 631 2206 eum
685 2150 1010 2216 nescierunt,
1059 2149 1249 2203 saltem
1300 2151 1492 2215 scient,
1524 2150 1614 2204 ubi
1667 2166 1787 2218 qua:
1836 2166 1944 2224 eos
1981 2167 2093 2206 rna-

507 2249 636 2293 nent
661 2239 975 2309 paticntur;
1012 2247 1066 2293 et
1089 2255 1210 2293 cum
1233 2240 1284 2292 in
1312 2238 1545 2294 infelicis
1573 2239 1784 2295 consilii
1821 2241 1902 2294 sui
1941 2256 2094 2296 acer-

504 2332 632 2386 bum
685 2341 742 2386 et
791 2331 1149 2386 aversandum
1197 2330 1355 2385 linem
1387 2332 1725 2398 devenerint,
1757 2332 2093 2401 clamabunt,

503 2428 562 2475 et
590 2421 682 2474 vix
738 2420 952 2473 tandem
992 2419 1318 2475 invacabunt
1359 2436 1465 2488 me,
1506 2422 1865 2478 horribilibus
1914 2433 1970 2478 et
2016 2434 2094 2481 te-

508 2510 747 2565 terrimis
799 2511 1196 2566 calamitatibus
1231 2514 1497 2581 oppressi.
1537 2515 1616 2568 Ac
1665 2515 1811 2570 velut
1840 2516 2094 2572 consilia-

506 2601 586 2655 ria
631 2603 798 2654 ascita
843 2603 1154 2656 earumdem
1207 2602 1471 2657 malarum
1530 2605 1893 2674 experientia,
1964 2615 2091 2662 tunc

503 2691 786 2747 stultitiam
812 2707 963 2747 suam
986 2695 1336 2759 accusabunt,
1371 2693 1496 2749 illud
1536 2696 1763 2752 forsitan
1815 2697 2090 2754 dicentes:

511 2802 530 2836 ι
557 2783 723 2839 Israel
751 2784 972 2854 projecit
1018 2786 1179 2840 bona.
1207 2806 1225 2838 ο
1257 2785 1395 2842 Cum
1449 2789 1594 2842 enim
1656 2787 1844 2844 liceret
1889 2803 1953 2844 ea
1995 2790 2094 2843 ha-

507 2878 656 2941 bere,
693 2876 854 2944 idque
895 2877 1124 2943 affatim,
1167 2892 1290 2931 cum
1359 2878 1471 2932 Deo
1525 2880 1911 2947 constabilitas,
1945 2891 1996 2934 et
2041 2881 2090 2935 ei

503 2966 698 3034 placita
739 2967 792 3019 in
840 2981 976 3036 opus
1007 2968 1259 3022 conferre
1290 2970 1492 3035 enisos,
1523 2985 1542 3019 ι
1579 2969 1854 3024 inimicum
1909 2986 2090 3040 perse-

502 3057 615 3111 cuti
649 3067 815 3121 sunt,
847 3076 866 3108 ι
910 3059 1014 3112 hoc
1081 3067 1185 3122 est,
1224 3066 1432 3112 tantum
1490 3075 1597 3113 non
1657 3069 1847 3129 sponte
1882 3077 1976 3115 sua
2024 3063 2091 3117 ad

505 3149 757 3203 inimicos
821 3159 1214 3213 cucurrerunt,
1269 3157 1324 3204 et
1369 3150 1468 3204 sub
1533 3160 1856 3219 potestatem
1922 3153 2086 3207 Deum

506 3239 814 3294 adieutium
857 3238 1062 3293 redacti
1082 3249 1230 3306 sum,
1261 3254 1474 3310 semper
1503 3250 1742 3296 tuentem
1768 3243 2086 3297 etadversa-

505 3332 608 3387 riis
658 3330 990 3386 valentiores
1042 3331 1384 3395 reddentem,
1419 3347 1647 3402 quorum
1691 3333 2088 3389 defectionibus

504 3425 682 3478 fuerat
715 3424 975 3478 irritatus.
1003 3421 1470 3494 Sapientissimum
1499 3424 1663 3494 igitur
1689 3439 1919 3494 vereque
1957 3425 2087 3480 utile

504 3515 708 3571 factum
769 3515 1032 3569 malarum
1095 3515 1486 3584 experientiam
1551 3529 1658 3569 non
1721 3524 2082 3584 exspectare;

502 3607 597 3660 sed
641 3606 829 3660 adhuc.
855 3605 1135 3660 absentem
1183 3604 1466 3674 repudiare
1501 3614 1556 3658 et
1589 3606 1825 3660 aversari
1884 3607 2082 3676 potius,

501 3709 556 3754 et
591 3697 981 3754 antevertendo
1010 3697 1079 3752 ad
1113 3696 1477 3753 conducibilia
1543 3696 1916 3768 perspicienda
1951 3712 2084 3752 con-

500 3792 740 3844 tendere.

574 3878 740 3934 Vnns.
778 3879 830 3933 4.
857 3877 1213 3948 Sibimetipsis
1245 3887 1614 3951 regnaverunt,
1650 3887 1698 3932 et
1727 3895 1831 3933 non
1876 3895 1967 3945 per
2004 3895 2085 3933 me

497 3972 760 4041 principes
795 3973 1124 4034 exstiterunt,
1161 3979 1209 4023 et
1246 3986 1353 4024 non
1387 3970 1748 4023 indicaverunt
1788 3969 1937 4022 mihi.
1987 3972 2086 4023 Ar-

497 4073 711 4132 gentum
737 4080 892 4116 suum
936 4075 983 4118 et
1018 4079 1210 4117 aurum
1259 4077 1416 4117 suum
1474 4061 1704 4130 fecerunt
1753 4061 1853 4116 sibi
1915 4061 2081 4130 idola,

499 4162 558 4206 ut
611 4154 929 4215 dispereunt.

571 4243 880 4298 LXXXVII.
934 4243 1047 4298 Non
1086 4244 1334 4315 agnoscit
1385 4258 1612 4315 regnum
1641 4252 1698 4299 et
1739 4242 2078 4311 Jerobaami,

497 4346 554 4391 et
588 4337 919 4405 reliquarum
969 4337 1225 4404 deinceps
1261 4351 1448 4405 regum
1499 4337 1662 4391 Israel
1691 4337 1745 4390 in
1795 4335 2039 4391 Samaria
2064 4376 2080 4402 ,

499 4425 749 4496 quamvis
787 4425 900 4494 ipse
933 4438 1190 4494 expresse
1238 4423 1460 4488 dixerit,
1490 4442 1509 4474 ι
1537 4424 1573 4478 Α
1600 4439 1686 4478 me
1728 4423 1933 4478 factum
2000 4435 2082 4479 est

500 4521 722 4572 verbum
760 4519 863 4573 hoc
897 4519 999 4580 ³⁸,ι
1049 4526 1105 4571 et
1135 4515 1370 4570 minatus
1395 4515 1466 4569 sit
1501 4515 1780 4570 Salomoni
1817 4515 1940 4585 ipsi,
1988 4517 2078 4586 qui
2105 4548 2158 4608 Β

514 4608 838 4678 alienigenis
887 4605 1206 4660 mulieribus
1232 4605 1544 4667 obsecutus,
1573 4603 1828 4672 templum
1857 4614 1911 4659 et
1956 4621 2078 4661 aras

499 4700 716 4756 illarum
768 4698 1076 4752 numinibus
1102 4704 1498 4761 construxerat,
1551 4696 1636 4752 bis
1668 4696 1845 4752 verbis
1877 4713 1891 4751 :
1926 4716 1946 4750 ι
1981 4700 2070 4754 Di-

497 4793 740 4846 seindam
790 4803 1012 4859 regnum
1042 4799 1214 4852 tuum,
1249 4795 1303 4842 et
1327 4787 1466 4843 dabo
1504 4787 1630 4844 illud
1665 4804 1822 4845 servo
1861 4792 2069 4848 tuo“.t

497 4883 640 4952 Quid
685 4881 928 4937 dicemus
979 4879 1188 4952 igitur?
1237 4877 1578 4950 falsiloquum
1631 4895 1754 4936 esse
1796 4883 2078 4939 universo-

498 4990 618 5029 rum
649 4973 859 5028 Deum?
888 4973 1059 5028 absit!
1096 4972 1276 5042 potius
1297 4972 1363 5026 ad
1389 4981 1586 5027 rectam
1612 4973 1882 5028 dictorum
1918 4975 2076 5030 intel—

497 5067 788 5139 ligentiam,
825 5081 924 5121 nos
957 5063 1224 5130 dabimus,
1257 5064 1560 5137 cogitantes
1605 5063 1757 5119 illud.
1795 5063 2070 5135 Scriptum

469 5151 472 5154 ’
496 5171 581 5217 est
599 5161 676 5212 ’δε
705 5178 724 5212 ι
739 5159 855 5214 Non
873 5168 956 5215 est
972 5157 1172 5214 malum
1199 5159 1252 5214 in
1277 5159 1513 5223 civitate,
1534 5159 1675 5226 quod
1695 5172 1800 5212 non
1821 5157 1944 5213 fecit
1969 5158 2072 5212 Da-

496 5254 696 5307 minus.
730 5266 752 5301 ›
773 5249 970 5305 Malum
999 5249 1233 5320 appellat
1253 5245 1617 5303 atllictionem.
1646 5245 1754 5300 Res
1782 5250 1924 5301 enim
1943 5246 2076 5302 alias

495 5345 610 5412 ipse
628 5359 724 5398 sua
747 5343 1019 5398 sententia
1038 5356 1100 5396 ac
1125 5339 1405 5394 voluntate
1429 5337 1564 5392 facit
1588 5351 1603 5390 :
1635 5337 1794 5408 119
1809 5338 1942 5392 alias
1959 5337 2075 5393 ﬁeri

497 5437 782 5504 permittit,
810 5445 867 5488 ut
919 5435 1111 5504 puniat
1143 5430 1428 5503 quosdam,
1458 5432 1673 5485 tametsi
1708 5432 1842 5486 citra
1893 5429 2076 5484 volun-

497 5535 662 5580 tatem
713 5527 828 5594 ejus
862 5526 1009 5580 ﬁant.
1051 5524 1186 5591 Quia
1219 5539 1352 5579 vero
1399 5538 1520 5578 cum
1569 5525 1856 5594 prohibere
1884 5525 2074 5594 possit,

495 5614 1318 5687 sinitquidpiamdispensatarie
1346 5628 1716 5684 saepenumero
1740 5615 1878 5679 ﬁeri,
1912 5614 2076 5668 etiam

566 5800 612 5834 ιι
636 5796 835 5854 'I'Itren.
881 5811 920 5860 ι,
949 5794 999 5846 I.

2191 2143 2523 2213 ἠγνοήκασιν
2556 2143 2736 2208 αὐτὸν,
2772 2143 2886 2196 ἀλλ’
2917 2139 3008 2196 οὖν
3039 2140 3274 2195 εἴσονται
3318 2140 3581 2202 παθόντες
3603 2138 3640 2194 ἆ
3671 2139 3770 2203 δεῖ,

2193 2232 2409 2303 καὶτῆς
2441 2232 2646 2287 ἑαυτῶν
2681 2232 3001 2296 δυσϐουλίας
3028 2236 3106 2298 είς
3153 2231 3348 2302 πικρόν
3375 2248 3432 2282 τε
3463 2231 3559 2284 καὶ
3597 2229 3771 2283 ἀπευ-

2194 2323 2320 2378 κτὸν
2357 2326 2710 2396 καταίροντες
2747 2325 2920 2393 τέλος,
2967 2325 3344 2397 κεκράξονται,
3391 2325 3483 2377 καὶ
3517 2322 3772 2376 ἐπικαλέ-

2195 2433 2378 2470 σονται
2431 2417 2605 2488 μόλις,
2639 2418 2840 2482 δειναῖς
2887 2435 2945 2471 τε
2999 2419 3093 2471 καὶ
3131 2417 3452 2487 ἀνηκέστοις
3497 2414 3774 2485 ἐνολισθή-

2195 2524 2385 2571 σαντες
2422 2512 2750 2580 συμφοραῖς.
2793 2509 3101 2579 Σύμϐουλον
3136 2509 3191 2562 δὲ
3235 2507 3423 2578 ὥσπερ
3453 2506 3551 2578 τὴν
3591 2505 3774 2560 αὐτῶν

2191 2600 2299 2654 τῶν
2337 2599 2526 2652 δεινῶν
2574 2601 2860 2671 δεξάμενοι
2908 2603 3124 2671 πεῖραν,
3168 2600 3608 2671 κατηγορήσουσι
3651 2597 3773 2650 τότε

2191 2691 2290 2761 τῆς
2313 2690 2520 2744 ἑαυτῶν
2551 2691 2827 2763 εὐηθείας,
2861 2693 3036 2746 ἐκεῖνό
3063 2709 3164 2746 που
3191 2692 3462 2761 λέγοντες,
3493 2711 3511 2743 ι
3554 2687 3773 2766 Ἰσραὴλ

2193 2784 2570 2855 ἀπεστρέψατο
2613 2785 2812 2853 ἀγαθά.
2862 2803 2880 2837 ι
2933 2783 3080 2850 Ἐξὸν
3131 2784 3242 2855 γὰρ
3276 2783 3419 2854 ἔχειν
3461 2783 3620 2848 αὐτὰ,
3675 2780 3774 2834 καὶ

2191 2873 2348 2928 τοῦτο
2387 2875 2678 2940 πλουσίως,
2725 2876 3150 2948 ἐρηρεισμένους
3205 2875 3344 2946 μετά
3376 2873 3533 2940 Θεοῦ,
3566 2872 3661 2926 καὶ
3701 2873 3776 2926 τὰ

2192 2967 2339 3038 αὐτῷ
2358 2967 2618 3022 δοκοῦντα
2640 2968 3008 3039 διαπεραίνειν
3033 2962 3092 3021 εὖ
3121 2967 3266 3038 μάλα
3287 2965 3775 3034 διεσπουδακότας,

2197 3074 2216 3108 ι
2240 3057 2364 3128 Ἑχο
2375 3058 2463 3128 ρὸν
2493 3058 2875 3125 κατεδίωξαν,ι
2903 3059 3169 3125 τουτέστι,
3191 3057 3465 3130 μονονουχὶ
3493 3059 3588 3109 καὶ
3611 3058 3778 3110 ἐκόν-

2191 3165 2282 3211 τες
2313 3148 2468 3202 αὐτοὶ
2494 3149 2868 3223 δεδραμήκασι
2902 3152 3039 3223 πρὸς
3073 3139 3316 3223 ἐχθροὺς,
3345 3149 3436 3204 καὶ
3462 3149 3566 3201 ὑπὸ
3599 3151 3780 3222 χεῖρα.

2189 3243 2446 3312 γεγόνασι
2493 3245 2601 3299 τῶν
2647 3247 3053 3318 μεμισηκότων,
3091 3248 3178 3301 τὸν
3210 3248 3297 3302 ἀεὶ
3337 3245 3580 3311 σώζοντα
3607 3245 3771 3312 Θεὸν,

2187 3338 2279 3389 καὶ
2307 3337 2566 3407 ἀμείνους
2607 3338 2824 3392 τιθέντα
2850 3339 2959 3393 τῶν
3001 3339 3430 3410 ἀνθεστηκότων,
3463 3340 3587 3402 ταῖς
3633 3338 3775 3392 ἀπο·

2188 3430 2434 3492 στασίαις
2462 3430 2848 3501 λελυπηκότες.
2891 3416 3190 3502 Ἧάνσοφον
3227 3428 3320 3486 οὖν
3358 3433 3466 3504 ἄρα
3503 3432 3602 3485 καὶ
3640 3432 3766 3502 ὀνη-

2189 3519 2406 3591 σιφόρον
2424 3521 2660 3591 ἀληθῶς,
2687 3523 2746 3576 τὸ
2772 3523 2846 3594 μὴ
2865 3522 2961 3594 τὴν
2981 3524 3088 3577 τῶν
3108 3523 3297 3577 δεινῶν
3316 3521 3630 3593 ἐκδέχεσθαι
3660 3525 3768 3576 πεῖ·

2190 3628 2317 3680 ραν⁹
2345 3612 2728 3684 παραιτεῖσθαι
2773 3613 2830 3667 δέ
2877 3614 3077 3685 μᾶλλον
3120 3614 3366 3668 ἀποῦσαν
3393 3613 3498 3678 ἔτι,
3538 3613 3635 3667 καὶ
3662 3614 3766 3684 πρὸ

2185 3701 2353 3773 αὐτῆς
2389 3703 2705 3771 ἐπείγεσθαι
2743 3705 3037 3776 καταθρεῖν
3069 3705 3129 3758 τὸ
3165 3704 3464 3777 συμφέρον.

2267 3876 2537 3944 Ἐαυτοῖς
2565 3879 2991 3944 ἐϐασίλευσαν,
3025 3880 3123 3933 καὶ
3155 3882 3227 3934 οὐ
3271 3879 3344 3934 δι’
3374 3879 3522 3949 ἐμοῦ
3550 3876 3744 3950 ἦρξαν.

2185 3967 2285 4021 καὶ
2314 3970 2425 4022 οὐκ
2458 3968 2791 4038 ἐγνώρισάν
2819 3988 2943 4039 μοι.
3001 3970 3072 4024 Τὸ
3121 3970 3403 4038 ἀργύριον
3442 3969 3648 4023 αὐτῶν
3668 3967 3751 4020 καὶ

2183 4059 2250 4113 τὸ
2281 4061 2540 4130 χρυσίον
2557 4060 2756 4116 αὐτῶν
2777 4062 3074 4132 ἐποίησαν
3103 4061 3307 4126 αὐτοῖς
3336 4059 3578 4126 εἴδωλα,
3608 4061 3758 4122 ὅπως

2185 4151 2718 4220 ἐξολοθρευθῶσιν.

2254 4245 2377 4298 ΠΖν.
2425 4246 2694 4316 Ἀρνεῖται
2738 4247 2838 4319 τὴν
2886 4245 3162 4317 βασιλείαν
3214 4245 3314 4315 τήν
3355 4262 3414 4298 τε
3458 4242 3554 4296 τοῦ
3593 4243 3758 4311 Ἰερο-

2184 4334 2348 4406 6οάμ,
2366 4337 2580 4391 καὶτῶν
2597 4338 2832 4408 καθεξῆς
2847 4339 3309 4410 βεϐασιλευκότων
3325 4337 3418 4390 ἐπὶ
3430 4336 3520 4389 τὸν
3545 4337 3580 4388 Ἰ
3585 4333 3761 4404 σραήλ

2185 4428 2240 4481 ἐν
2280 4430 2346 4498 τῇ
2393 4429 2696 4501 Σαμαρείᾳ,
2751 4430 2925 4484 καίτοι
2954 4431 3247 4503 διαρρήδην
3282 4429 3444 4491 αὐτὸς
3496 4423 3755 4497 εἰρηκὼς,

2184 4517 2266 4569 ὅτι
2301 4536 2320 4569 ι
2360 4519 2498 4589 Παρ⁹
2531 4519 2664 4587 ἐμοῦ
2699 4519 2886 4588 γέγονε
2912 4522 2971 4574 τὸ
2995 4523 3145 4592 ρἧα
3173 4520 3359 4573 τοῦτο·
3401 4538 3418 4571 ι
3457 4515 3759 4585 ἀπειλήσας

2182 4606 2239 4659 δὲ
2270 4607 2366 4660 καὶ
2391 4605 2538 4675 αὐτῷ
2566 4607 2837 4678 Σολομῶνι
2867 4610 2986 4672 ταῖς
3010 4609 3119 4661 τῶν
3148 4608 3460 4676 ἀλλοφύλων
3487 4604 3758 4674 γυναικῶν

2177 4697 2603 4768 ἀκολουθήσαντι
2659 4699 2926 4770 γνώμαις,
2980 4701 3073 4754 καὶ
3124 4702 3325 4771 τεμένη
3388 4701 3482 4753 καὶ
3545 4698 3759 4768 βωμοὺς

2176 4793 2287 4854 τοῖς
2331 4790 2555 4845 ἐκείνων
2604 4791 2942 4862 σεϐάσμασιν
2989 4793 3380 4857 ἀνατεθεικότι,
3434 4791 3516 4844 ὅτι
3550 4809 3570 4841 ι
3606 4791 3760 4858 Διαρ-

2179 4881 2328 4952 ῥήξω
2369 4881 2469 4951 τὴν
2500 4882 2776 4953 βασιλείαν
2817 4901 2932 4950 σου,
2960 4888 3052 4940 καὶ
3084 4885 3242 4940 δώσω
3283 4884 3453 4954 αὐτὴν
3484 4881 3564 4953 τῷ
3591 4881 3762 4950 δούλῳ

2179 4991 2293 5028 σου.
2325 4993 2344 5027 ι
2378 4975 2443 5027 Τί
2469 4970 2560 5030 οῦν
2582 4977 2847 5049 ἐροῦμεν;
2878 4979 3150 5050 ψευδοεπῆ
3179 4979 3268 5032 τὸν
3291 4977 3398 5030 τῶν
3419 4977 3558 5029 ὅλων
3587 4973 3720 5026 Θεόν
3746 4992 3760 5036 ;

2177 5065 2269 5135 Μὴ
2299 5065 2538 5133 γένοιτο⁹
2570 5067 2950 5140 τετραψόμεθα
2983 5069 3038 5121 δὲ
3089 5068 3289 5137 μᾶλλον
3317 5067 3410 5120 ἐπὶ
3455 5065 3516 5118 τὸ
3562 5065 3763 5135 χρῆναι

2178 5160 2394 5228 φρονεῖν
2455 5158 2651 5231 ὀρθῶς,
2714 5161 3093 5232 περινοοῦντες
3150 5161 3345 5214 ἐκεῖνο.
3401 5159 3761 5227 Γέγραπται,

2180 5265 2198 5298 ι
2234 5249 2324 5319 Μή
2357 5251 2472 5302 ἐστι
2496 5252 2663 5304 κακία
2693 5253 2751 5306 ἐν
2775 5252 2948 5315 πόλει,
2981 5253 3047 5322 ἢν
3074 5250 3277 5322 Κύριος
3302 5251 3404 5303 οὐκ
3435 5249 3695 5318 ἐποίησε;
3739 5265 3758 5298 ι

2175 5341 2386 5396 Κακίαν
2401 5342 2458 5394 δὲ
2483 5344 2631 5412 λέγει
2657 5343 2753 5414 τὴν
2784 5345 3046 5399 κάκωσιν.
3074 5344 3154 5397 Τὰ
3184 5343 3282 5413 μέν
3309 5341 3418 5413 γὰρ
3443 5340 3554 5393 τῶν
3585 5356 3762 5408 πραγ·

2181 5433 2364 5504 μάτων
2394 5436 2555 5500 αὐτὸς
2590 5438 2710 5490 κατ’
2739 5436 2876 5490 ἰδίαν
2902 5436 3196 5507 ἐργάζεται
3225 5432 3473 5504 γνώμην,
3495 5432 3566 5486 τὰ
3586 5432 3643 5484 δὲ
3667 5431 3764 5482 καὶ

2177 5526 2420 5594 γίνεσθαι
2455 5531 2750 5600 συγχωρεῖ,
2783 5528 3025 5590 κολάζων
3055 5527 3229 5592 τινὰς,
3266 5525 3368 5579 κᾶν
3392 5528 3440 5578 εί
3469 5521 3766 5595 πράττοιτό

2178 5636 2294 5682 πως
2327 5619 2664 5689 ἀνεθελήτως
2698 5621 2868 5691 αὐτῷ.
2914 5620 3132 5690 Ἐπειδὴ
3171 5619 3226 5674 δὲ
3259 5619 3489 5672 κωλύειν
3527 5616 3764 5686 δυνάμε-

1076 5794 1118 5822 ²¹
1148 5792 1207 5846 ΙΙΙ
1243 5795 1374 5864 Reg.
1405 5809 1499 5858 λιι,
1531 5794 1618 5848 50.
1697 5795 1742 5826 "
1773 5794 1835 5851 Ill
1874 5795 2003 5868 Reg.
2035 5815 2138 5863 xw,
2181 5800 2231 5852 8.
2312 5801 2355 5830 "‘
2385 5800 2548 5851 Amas
2577 5815 2655 5858 m.
2693 5803 2723 5847 ις
