4034 6270
265 379 358 436 εοι

1179 374 1729 432 LOMMENTARIUS
1770 374 1834 430 IN
1861 375 2091 430 OSEAM
2130 375 2572 431 PIIOPHETAM.

3402 385 3509 442 ‘20:!

269 509 376 557 νος,
402 491 584 561 ἐφίησι
628 506 681 543 τι
732 490 826 544 καὶ
861 488 1102 559 γίνεσθαι
1149 491 1408 555 πολλάκις
1456 492 1825 562 οἰκονομικῶςἸ

1943 492 2056 545 haec
2115 493 2366 562 operari,
2425 509 2721 564 eorumque
2781 505 2967 550 auctor
3025 495 3241 550 dicitur.
3305 497 3504 553 Exem-

270 583 343 644 ὼς
365 582 522 644 αὐτὸς
550 579 809 650 ὑπάρχων
841 581 1077 652 ἐργάτης
1102 581 1196 634 καὶ
1219 580 1424 635 τούτων
1444 581 1679 650 λέγεται.
1705 576 1832 634 Οἷον

277 671 380 745 (ἐπ’
418 670 578 724 αὐτὸν
605 670 712 740 γὰρ
760 670 860 742 ἤδη
901 670 991 724 τὸν
1033 670 1323 741 Σολομῶνα
1353 671 1701 742 βαδιούμεθα)
1748 672 1834 724 δέ-

272 761 402 813 δωκε
433 759 529 827 μὲν
559 757 666 827 γάρ
680 757 830 827 αὺτῴ
870 759 961 810 τὸν
1000 761 1065 811 ὲκ
1111 759 1273 812 λίθων
1297 761 1354 814 ὲν
1390 762 1502 822 τοῖς
1541 759 1832 830 Ἱεροσολύ·

275 868 388 922 μοις
436 839 828 920 ἀναδεῖμασθαι
885 849 1030 914 ναὸν,
1083 850 1246 920 σοφὸν
1288 851 1560 914 ἀπετέλει,
1601 850 1694 902 καὶ
1742 850 1830 902 ἐπ’

267 941 576 1011 ἀσυγκρίτῳ
617 940 826 993 συνέσει
860 941 1158 1012 διαπρεπῆ.
1199 943 1397 1015 Ἔργον
1433 942 1591 994 τοῦτο
1613 942 1710 1012 τῆς
1735 943 1832 995 αύ-

268 1026 358 1080 τοῦ
386 1028 628 1098 γνώμης.
665 1028 1091 1100 Συγκεχώρηκεν
1125 1030 1290 1084 αὑτοῦ
1335 1031 1566 1102 ῥαγῆναι
1604 1031 1702 1102 τὴν
1733 1030 1831 1101 βα·

269 1118 488 1182 σιλείαν,
518 1119 614 1171 οὐκ
637 1119 795 1182 αὐτὸς
825 1121 904 1183 είς
935 1119 1092 1174 τοῦτο
1119 1121 1256 1175 κατὰ
1282 1121 1508 1192 γνώμην
1541 1122 1676 1176 ίδίαν
1697 1124 1831 1176 ἀπο-

264 1211 444 1281 φέρων
487 1211 554 1263 τά
603 1211 924 1281 πράγματα,
974 1213 1197 1266 σιωπῶν
1243 1213 1298 1267 δὲ
1341 1214 1552 1285 ὥσπερ,
1603 1216 1696 1268 καὶ
1741 1215 1832 1268 ἐπὶ

255 1306 367 1365 τοῖς
395 1302 736 1373 ἀϐουλήτοις,
769 1303 855 1358 διὰ
901 1303 1001 1375 τὴν
1053 1305 1187 1376 πρὸς
1231 1305 1393 1359 αὐτὸν
1435 1307 1828 1378 ἀγανάκτησιν.

256 1394 468 1448 Οὐκοῦν
495 1398 544 1447 εἰ
575 1395 670 1448 καὶ
699 1395 1084 1466 βεϐασίλευκεν
1122 1398 1426 1469 Ἰεροόοάμ,
1469 1399 1564 1452 καὶ
1609 1399 1658 1451 οἱ
1699 1397 1831 1450 καθ-

253 1485 400 1555 εξῆς,
426 1485 544 1538 ἀλλ’
575 1487 697 1557 οὐχὶ
732 1487 788 1540 δὲ
812 1488 1028 1552 πάντως
1055 1489 1190 1542 Θεοῦ
1225 1490 1584 1552 συννεύοντος.
1618 1489 1697 1542 Τά
1723 1489 1831 1558 γὰρ

252 1576 313 1640 ἐξ
337 1577 509 1647 ὀργῆς
535 1577 636 1647 τῆς
660 1561 797 1648 πρός
821 1595 972 1644 τινας
1019 1579 1094 1643 ὠς
1122 1581 1179 1632 ὲν
1203 1580 1420 1633 κολάσει
1442 1579 1828 1650 συμὸαίνοντα,

251 1669 457 1739 τρόπον
483 1669 671 1740 ἓτερον
699 1670 833 1740 ἔχει,
867 1671 961 1723 καὶ
984 1670 1082 1722 οὐκ
1109 1671 1172 1724 ἂν
1203 1673 1370 1724 νοοῖτο
1391 1669 1616 1724 τοιαῦτα
1643 1668 1827 1738 τυχὸν,

250 1761 417 1813 ὁποῖά
443 1776 547 1832 περ
570 1761 636 1813 ἂν
665 1760 749 1830 εῐη
777 1761 844 1814 τὰ
865 1760 1005 1814 κατά
1033 1759 1286 1830 βούλησιν
1307 1760 1544 1826 ἀληθῶς.
1587 1759 1829 1822 Ἐαυτοῖς

1935 583 2005 652 pli
2036 598 2194 638 causa
2222 584 2242 655 (
2267 595 2327 640 ut
2358 587 2424 640 ad
2456 585 2798 641 Salomonem
2835 589 3112 644 veniamus
3145 588 3334 661 )dedit
3391 591 3504 658 illi,

1933 674 1998 729 de
2018 673 2282 742 lapidibus
2298 676 2549 746 templum
2580 675 2964 748 Hierosolymis
2991 681 3266 748 excitare;
3297 681 3529 749 sapieng

1936 764 2006 816 tia
2051 759 2503 830 perfectissimum
2562 776 2617 820 et
2675 767 3081 837 incomparabili
3150 771 3501 842 intelligentia

1933 856 2276 924 conspicuum
2334 855 2584 910 reddidit.
2621 856 2766 926 Opus
2803 859 2904 913 llOC
2955 859 3056 914 fuit
3088 861 3379 917 voluntatis
3421 863 3502 932 ip-

1933 943 2065 998 sius.
2118 942 2370 999 Permisit
2411 945 2529 1016 ejus
2577 962 2799 1016 regnum
2845 949 3040 1013 scindi,
3089 967 3193 1006 non
3240 952 3353 1021 ipse
3394 952 3502 1007 huc

1933 1031 2203 1089 voluntate
2251 1050 2347 1089 sua
2379 1050 2491 1090 rem
2523 1037 2844 1106 perducens,
2868 1040 2958 1092 sed
2985 1050 3204 1116 prepter
3253 1044 3500 1113 indigna-

1931 1123 2132 1178 tionem
2182 1125 2440 1182 adversus
2474 1127 2668 1198 ipsum,
2697 1131 2852 1198 quasi
2901 1145 3062 1199 super
3127 1131 3502 1188 involuntariis

1935 1221 2136 1268 tacens.
2193 1213 2552 1280 Quamobrem
2601 1218 2700 1272 etsi
2742 1227 3052 1294 regnarunt
3105 1217 3392 1274 Jeroboam
3447 1233 3502 1276 et

1931 1317 2271 1361 successores
2308 1306 2443 1376 ejus,
2483 1323 2590 1364 non
2615 1317 2794 1370 tamen
2813 1309 2924 1365 Deo
2953 1310 3112 1381 plane
3166 1311 3501 1382 approbante

1932 1404 2239 1465 regnarunt.
2266 1395 2393 1463 Quae
2423 1399 2566 1452 enim
2605 1413 2671 1453 ex
2700 1399 2780 1455 ira
2826 1399 3114 1456 adversum
3149 1402 3359 1473 aliquos
3381 1403 3499 1459 loco

1930 1501 2103 1554 pinnae
2148 1488 2486 1557 contingunt,
2519 1489 2679 1543 aliain
2713 1491 2975 1546 rationem
3014 1492 3232 1559 habent,
3260 1509 3361 1549 nec
3384 1509 3500 1564 pos-

1931 1585 2056 1629 sunt
2109 1575 2248 1629 forte
2295 1578 2419 1629 talia
2470 1577 2714 1648 intelligi,
2751 1580 2932 1648 qualia
2985 1597 3103 1650 qua:
3135 1597 3258 1638 vere
3307 1597 3499 1638 secun-

1932 1665 2057 1719 dum
2106 1664 2428 1719 voluntatem
2477 1665 2632 1721 fiunt.
2663 1669 3024 1739 Sibimetipsis
3050 1671 3234 1740 igitur,
3263 1687 3369 1727 non
3403 1686 3502 1740 per

1932 1769 2018 1808 me
2072 1765 2381 1825 regnarunt.
2430 1754 2724 1826 Postquam
2787 1767 2968 1813 autem
3021 1761 3290 1829 principes
3332 1763 3500 1817 exsti-

249 1849 544 1919 τοιγαροῦν
578 1849 1014 1919 βεδασιλεύκασι,
1049 1851 1141 1904 καὶ
1169 1852 1228 1904 οὐ
1255 1851 1324 1904 δι’
1349 1850 1504 1921 ἐμοῦ.
1539 1849 1754 1919 Ἐπειδὴ
1773 1849 1825 1902 δὲ

1933 1851 2132 1909 terunt,
2161 1853 2364 1899 tantum
2395 1861 2502 1900 non
2526 1848 2800 1910 nesciente
2828 1848 2938 1910 Deo
2969 1855 2986 1920 (
3012 1852 3161 1920 quod
3194 1851 3338 1908 enim
3363 1868 3500 1924 prie-

254 1936 460 2010 ἦρξαν,
482 1941 764 2010 μονονουχὶ
795 1941 928 2013 μηδὲ
960 1942 1255 2010 ἐγνωκότος
1275 1941 1408 1996 Θεοῦ
1435 1942 1516 2012 (τὸ
1542 1941 1649 2012 γάρ
1681 1939 1832 2011 παρὰ

250 2029 486 2100 γνώμην
539 2030 660 2084 οὐδὲ
706 2030 903 2084 ειδέναι
948 2031 1136 2100 δοκεῖ),
1191 2032 1414 2100 γέγονεν
1456 2031 1685 2102 ἀσθενὴς
1739 2030 1833 2084 καὶ

245 2123 528 2186 εὐάλωτος
557 2125 589 2193 ὴ
627 2124 791 2195 ἀρχὴ,
845 2124 937 2178 καὶ
969 2125 1238 2188 ἀνικάνως
1272 2123 1467 2195 ἔχουσα
1514 2122 1651 2193 πρὸς
1684 2121 1830 2176 ἀντί-

247 2229 467 2277 στασιν,
503 2215 596 2267 καὶ
647 2214 932 2279 διασώζειν
969 2215 1066 2285 ούχ
1092 2211 1182 2268 οἷά
1224 2232 1283 2266 τε
1321 2214 1448 2278 τοὺς
1490 2199 1828 2282 ὑπεζευγμέ-

243 2319 394 2364 νους.
433 2320 451 2353 ι
485 2303 563 2355 Δι’
593 2304 758 2357 αὐτοῦ
794 2304 900 2376 γὰρ
936 2304 1174 2372 βασιλεῖς
1220 2304 1579 2374 βασιλεύουσι,
1616 2303 1708 2357 καὶ
1737 2302 1829 2356 τύ-

244 2411 435 2464 ραννοι
494 2394 752 2466 κρατοῦσι
795 2398 917 2465 γῆς.
957 2414 976 2448 ι
1013 2396 1130 2448 Ὀτι
1186 2395 1240 2448 δὲ
1279 2394 1476 2464 πολλὴν
1518 2396 1607 2447 ἐπὶ
1653 2397 1827 2464 τούτῳ

240 2486 497 2537 νοσοῦσιν
547 2485 924 2556 ἀναισθησίαν,
973 2487 1064 2538 καὶ
1116 2489 1226 2550 τοῖς
1253 2486 1453 2540 δοθεῖσι
1498 2486 1648 2556 παρά
1690 2485 1825 2540 Θεοῦ

241 2577 386 2646 πρὸς
433 2577 532 2646 τὴν
583 2578 706 2630 κατ’
733 2579 897 2631 αὑτοῦ
944 2579 1118 2649 λύπην
1153 2579 1472 2650 ἐχρήσαντο,
1529 2579 1728 2649 μᾶλλον
1768 2578 1827 2632 δὲ

241 2667 342 2720 καὶ
392 2669 477 2730 είς
513 2668 730 2739 ὄλεθρον
773 2669 879 2721 τῶν
935 2669 1079 2722 ἰδίων
1121 2669 1330 2739 ψυχῶν,
1372 2668 1607 2733 ἐδίδαξεν
1636 2669 1823 2723 εἰπών·

247 2777 266 2809 ι
312 2758 392 2811 Τὸ
421 2758 683 2829 ἀργύριον
706 2759 904 2824 αὐτῶν,
947 2759 1042 2812 καὶ
1070 2758 1129 2811 τὸ
1157 2759 1378 2829 χρυσίον
1414 2760 1674 2830 ἐποίησαν
1699 2762 1826 2814 ἑαυο

238 2853 361 2912 τοῖς
397 2849 617 2916 εἴδωλα,
663 2851 811 2912 ὅπως
853 2849 1322 2920 ὲξολοθρευθῶσιν.
1357 2867 1375 2901 ›
1410 2848 1573 2904 Ὅθεν
1617 2851 1724 2922 γὰρ
1757 2847 1824 2923 ἦν

239 2939 455 3000 αὐτοὺς
494 2939 798 3008 εὐδοκιμεῖν
847 2938 1124 3004 δύνασθαι,
1161 2939 1628 3011 κατοικτείροντας
1674 2940 1824 2994 ἁδελ-

237 3033 399 3099 φοὺς,
431 3030 829 3101 ἐντεῦθειθεῷ
857 3031 1273 3102 προσκρούουσι,
1307 3033 1400 3084 καὶ
1425 3031 1524 3102 τῆς
1556 3031 1825 3102 σωτηρίας

234 3122 328 3173 τὸν
360 3122 577 3190 τρόπον
597 3123 980 3189 μετανιστᾶσιν
1000 3122 1238 3184 ἀὸούλως
1275 3123 1365 3176 ἐπί
1396 3138 1458 3191 γε
1485 3122 1547 3175 τὸ
1575 3122 1634 3186 ἐξ
1658 3121 1820 3176 αὑτοῦ

235 3213 557 3266 διόλλυσθαι
581 3213 710 3264 δεῖν.

324 3304 678 3371 Ἀπότριψαι
721 3305 829 3357 τὸν
867 3305 1108 3373 μόσχον
1142 3321 1278 3369 σου,
1318 3304 1631 3373 Σαμάρεια,
1677 3319 1823 3372 παρ-

241 3395 481 3462 ωξύνθη
510 3399 544 3448 ὁ
579 3398 764 3464 θυμός
787 3413 905 3465 μου
933 3397 1026 3449 ἐπ’
1046 3395 1224 3461 αὐτῷ.
1253 3398 1400 3463 Ἕως
1436 3397 1598 3461 τίνος
1637 3399 1706 3449 οὐ
1733 3396 1820 3464 μὴ

245 3481 542 3538 δύνωνται
567 3484 992 3553 καθιερωθῆναι
1015 3487 1084 3539 ἐν
1111 3486 1190 3552 τῷ
1234 3486 1482 3554 Ἰσραήλ
1497 3503 1514 3550 ;
1541 3486 1648 3539 Καὶ
1678 3486 1823 3538 αὐτὸ

247 3570 466 3627 τέκτων
495 3574 774 3640 ἐποίησε,
807 3573 904 3626 καὶ
941 3576 1011 3628 οὺ
1041 3575 1185 3641 Θεός
1213 3575 1364 3640 ἐστι,
1395 3574 1543 3628 διότι
1576 3572 1824 3628 πλανῶν

241 3658 318 3732 ἦν
337 3667 372 3716 ό
394 3667 642 3733 μόσχος
670 3681 805 3730 σου,
845 3667 1155 3734 Σαμάρεια.

305 3755 444 3807 ﬂH'.
495 3756 587 3817 Ὠς
629 3752 755 3822 εὖγε
799 3755 862 3825 δὴ
910 3756 1029 3808 λίαν
1079 3757 1139 3808 τὸ
1173 3776 1189 3808 ι
1243 3756 1540 3828 ἀπότριῲαι
1592 3776 1610 3807 ι
1652 3757 1821 3826 φησι,

230 3843 307 3906 ὼς
335 3845 434 3897 ἐπὶ
471 3845 713 3915 κηλίδος,
741 3846 834 3898 καὶ
864 3845 1160 3915 μολυσμοῦ,
1194 3847 1285 3899 καὶ
1312 3848 1409 3916 τῆς
1436 3848 1668 3919 ἐσχάτης
1689 3848 1823 3900 ἀκει-

231 3935 516 4005 Οαρσίαςί
549 3937 716 3989 Τοῦτο
757 3936 867 4006 γὰρ
908 3937 1120 4006 ἀληθῶς
1159 3939 1256 4007 τῆς
1308 3937 1718 4009 εἰδωλολατρίας
1763 3939 1824 3990 τὸ

226 4027 340 4094 χρῆ
351 4025 732 4095 μα,βδελυράν
745 4043 804 4078 τε
839 4025 934 4078 καὶ
954 4027 1252 4097 κάκοσμον,
1271 4028 1364 4081 καὶ⁵
1385 4029 1648 4100 κατη[φη]
1657 4030 1824 4099 μένην

230 4116 398 4183 ποιρά
421 4114 550 4182 Θεῷ
579 4115 675 4183 τὴν
696 4114 789 4166 τοῦ
811 4114 1123 4182 ἀκαθάρτου
1151 4115 1328 4186 ψυχὴν
1350 4118 1664 4172 ἀποτελοῦν.
1689 4120 1825 4188 Συμ-

227 4205 500 4257 ϐουλεύει
551 4203 616 4272 δὴ
643 4200 736 4256 οῦν
774 4204 847 4266 ὡς
889 4205 1299 4274 φιλοικτίρμων,
1336 4208 1429 4259 καὶ
1470 4208 1691 4276 ἀγαθὸς,
1728 4228 1824 4280 με-

223 4295 571 4351 τατίθεσθαι
595 4294 731 4365 πρὸς
754 4295 814 4346 τὸ
835 4295 1079 4365 ἄμεινον,
1115 4297 1206 4350 καὶ
1235 4297 1702 4361 ἀποσκευάζεσθαι
1730 4302 1826 4372 τὴν

220 4389 433 4459 ὀργὴν,
474 4386 572 4439 καὶ
607 4386 704 4448 τὰς
740 4383 847 4438 τῶν
881 4385 1308 4457 συμϐησομένων
1337 4389 1514 4452 αίτίας
1557 4395 1824 4462 περιστεῖ-

1933 1944 2015 1988 ter
2046 1934 2162 2003 ejus
2195 1938 2518 1992 sententiain
2564 1937 2646 2004 fit,
2685 1954 2783 1994 nec
2812 1941 2954 1996 scire
2991 1943 3208 2012 quidem
3239 1943 3496 2016 videtur),

1930 2024 2236 2082 debilitatus
2273 2036 2329 2082 et
2361 2039 2664 2099 expugnato
2713 2029 2888 2088 facilis
2921 2034 3092 2088 evasit
3136 2035 3494 2105 principatus,

1929 2125 1984 2168 et
2008 2115 2077 2170 ad
2110 2117 2467 2173 resistendum
2502 2119 2825 2191 imbecillus,
2863 2133 2918 2178 et
2943 2123 3208 2194 impotens
3250 2127 3316 2180 ad
3341 2138 3498 2180 tuen-

1929 2204 2024 2260 dos
2074 2205 2363 2276 subjectos.
2409 2225 2428 2259 ι
2460 2207 2562 2264 Per
2617 2210 2793 2280 ipsum
2838 2212 2982 2268 enim
3043 2229 3197 2283 reges
3249 2226 3494 2286 regnant,

1927 2302 1981 2347 et
2015 2295 2224 2364 tyranni
2285 2298 2632 2354 dominantur
2667 2310 2824 2355 terrae
2853 2301 2954 2355 ⁸⁵.»
2988 2300 3139 2373 Ipsos
3165 2312 3341 2359 autem
3366 2320 3497 2375 pro-

1929 2391 2108 2452 pterea
2139 2386 2303 2442 multa
2349 2388 2617 2445 dementia
2659 2391 2929 2460 laborare,
2975 2405 3030 2450 et
3058 2394 3272 2450 donatis
3305 2412 3334 2450 a
3385 2397 3496 2451 Deo

1926 2474 1994 2529 ad
2026 2476 2200 2545 ipsum
2244 2480 2594 2548 irritandum,
2643 2483 2750 2538 imo
2811 2487 2876 2538 ad
2925 2487 3225 2540 animarum
3274 2501 3494 2542 suarum

1924 2569 2219 2638 perniciem
2255 2573 2473 2642 abusos,
2526 2577 2712 2630 docuit
2754 2578 2826 2631 ita
2859 2593 2872 2629 :
2911 2597 2929 2628 ι
2962 2580 3256 2649 Argentum
3304 2589 3360 2636 et
3393 2595 3494 2635 au-

1927 2674 2046 2714 rum
2076 2676 2230 2716 suum
2254 2662 2497 2719 fecerunt
2539 2666 2640 2722 sibi
2672 2667 2836 2736 idola,
2873 2679 2934 2723 ut
2964 2670 3288 2740 dispeream.
3328 2690 3348 2724 ι
3379 2671 3494 2727 Un-

1927 2753 1994 2808 de
2027 2753 2170 2810 enim
2210 2754 2417 2811 laudari
2472 2767 2724 2827 poterant
2761 2759 2829 2814 ab
2875 2761 3147 2827 omnibus,
3179 2777 3246 2819 ex
3276 2763 3494 2820 miseri-

1925 2845 2107 2899 cordia
2147 2845 2200 2900 in
2231 2845 2426 2904 fratres
2470 2860 2773 2919 erogantes,
2816 2852 2938 2906 inde
2982 2852 3149 2909 Deum
3194 2851 3492 2924 oﬂendunt,

1923 2941 1978 2985 et
2010 2933 2424 2990 instrumentum
2468 2938 2658 2994 salutis
2687 2941 2750 2994 ad
2779 2941 3003 2997 exitium
3028 2943 3154 2998 inde
3195 2944 3299 3000 sibi
3344 2959 3493 3000 com-

1926 3022 2224 3090 parandum
2253 3026 2397 3082 fatue
2433 3037 2771 3085 convertunt.

1996 3305 2159 3361 Vens.
2205 3309 2261 3374 5,
2299 3307 2351 3363 6.
2395 3307 2585 3366 Exiere
2629 3317 2848 3370 vitulum
2881 3327 3050 3384 tuum,
3079 3320 3348 3393 Samaria,
3375 3343 3494 3381 εοηε

1923 3397 2111 3450 citatus
2150 3408 2222 3452 est
2257 3399 2407 3468 furor
2441 3418 2586 3456 meus
2617 3421 2773 3473 super
2799 3425 2878 3462 eo.
2922 3409 3198 3483 Usquequo
3245 3433 3350 3472 non
3399 3436 3496 3486 po-

1924 3499 2096 3543 terunt
2147 3495 2420 3572 emundari
2473 3497 2528 3549 in
2570 3495 2783 3552 Israel?
2824 3497 2894 3554 Et
2924 3503 3019 3557 hoc
3051 3506 3247 3574 artifex
3276 3510 3419 3575 fecit,
3447 3521 3493 3562 et

1926 3597 2028 3634 non
2083 3580 2218 3636 Deus
2262 3593 2361 3648 est,
2397 3586 2520 3654 quia
2554 3589 2801 3643 conlucens
2837 3602 2950 3643 erat
2985 3595 3177 3648 vitulus
3219 3607 3360 3658 tuus,
3393 3598 3493 3651 Sa-

1926 3673 2115 3724 maria.

1993 3760 2323 3816 LXXXVIII.
2359 3762 2529 3829 Quam
2580 3766 2718 3820 belle
2770 3777 2823 3821 et
2867 3776 3272 3828 accommodate
3317 3775 3496 3846 inquit

1932 3870 1949 3903 ι
1973 3863 2178 3919 exiere,
2209 3871 2228 3903 ι
2261 3855 2413 3922 quasi
2441 3855 2506 3909 de
2544 3860 2751 3912 macula
2780 3865 2834 3912 et
2879 3861 3304 3929 inquinamento,
3340 3884 3403 3923 ac
3426 3870 3491 3926 de

1925 3951 2166 3996 extrema
2219 3946 2468 4021 quapiam
2499 3948 2757 4015 spurcitie
2802 3949 3148 4021 loqueretur!
3184 3954 3322 4014 Vere
3344 3960 3489 4016 enim

1925 4034 2224 4090 idololatria
2269 4019 2392 4092 ista.
2424 4019 2956 4106 abominandamaet
2988 4046 3125 4100 male
3145 4047 3401 4114 olentem,
3436 4061 3492 4106 et

1924 4124 2163 4180 odiosam
2212 4126 2353 4195 apud
2387 4126 2553 4180 Deum
2595 4131 2853 4184 immundi
2886 4133 3119 4186 animam
3160 4136 3313 4191 facit.
3353 4139 3490 4194 Sua-

1926 4216 2014 4268 det
2046 4215 2209 4284 igitur
2238 4227 2295 4268 ut
2333 4217 2644 4270 misericors
2673 4227 2726 4272 et
2779 4219 2950 4274 bonus
2990 4223 3285 4280 transferre
3316 4243 3376 4284 se
3421 4233 3488 4287 ad

1926 4306 2172 4374 meliora,
2211 4315 2266 4360 et
2307 4306 2516 4361 amoliri
2550 4307 2710 4374 iram,
2744 4319 2802 4364 et
2825 4326 3022 4369 causas
3047 4314 3348 4374 futurorum
3391 4336 3485 4378 co-

1927 4397 2110 4450 hibere
2153 4397 2220 4451 dc
2258 4406 2477 4464 caetero,
2511 4407 2564 4453 et
2593 4401 2908 4468 poenitentia
2949 4407 3244 4472 praecidere
3309 4413 3483 4480 mala,

219 4479 316 4531 λαι
341 4478 566 4539 λοιπὸν,
591 4477 684 4528 καὶ
705 4479 819 4540 ταῖς
845 4475 1248 4546 μεταγνώσεσιν
1267 4479 1532 4549 ἀνακόψαι
1554 4485 1623 4534 τὰ
1647 4481 1816 4548 δεινά,

1927 4492 2084 4562 120
2130 4508 2253 4548 sero
2307 4492 2498 4549 saltem
2570 4496 2970 4566 resipiscentes.
3020 4499 3248 4571 Propter
3311 4475 3484 4574 ipsum

219 4570 330 4623 κᾶν
369 4569 517 4637 γοῦν
547 4567 642 4637 ὀψὲ
667 4567 1082 4638 διεκνηψαντας.
1125 4569 1242 4621 Ἐπ’
1264 4570 1410 4640 αύτῷ
1445 4571 1552 4642 γὰρ
1580 4573 1818 4642 δηλονότι

214 4663 300 4730 τῷ
343 4661 549 4730 μόσχῳ
600 4658 949 4730 παρωξύνθαι
986 4661 1138 4730 φησὶ,
1183 4659 1415 4724 δεικνὺς,
1462 4663 1542 4714 ὅτι
1590 4665 1819 4735 παρίησι

218 4752 327 4820 μὲν
361 4748 486 4800 ἔσθ’
526 4748 613 4799 ὅτε
663 4748 1042 4819 φιλάνθρωπος
1087 4748 1163 4802 ὢν
1209 4750 1276 4802 τὰ
1304 4750 1360 4816 ἐξ
1404 4750 1682 4817 ἀσθενείας
1722 4756 1820 4824 τῆς

215 4837 597 4908 ἀνθρωπίνης
626 4839 960 4909 πταίσματα,
991 4839 1209 4902 κολάζει
1231 4841 1287 4893 δὲ
1321 4841 1530 4906 πάντως
1554 4845 1652 4916 τὴν
1685 4848 1821 4898 ἀπο-

216 4930 508 5002 στροψήν.
547 4927 832 4981 Δύσοιοτόν
863 4947 920 4982 τε
953 4932 1185 4983 ποιεῖται
1216 4931 1315 5002 τὴν
1357 4932 1464 4988 τῶν
1495 4935 1820 5006 ὑϐριζόντων

213 5024 568 5080 ἀπόνευσιν,
597 5020 674 5081 εἷς
718 5037 780 5086 γε
811 5019 870 5072 τὸ
911 5023 1127 5091 χρῆναι,
1162 5024 1322 5093 φημὶ,
1372 5028 1482 5088 τοῖς
1527 5027 1821 5096 δαιμονίοις

211 5109 595 5180 προσκυνεῖν.
629 5109 804 5180 Μέχρι
845 5111 954 5180 γὰρ
983 5111 1124 5174 τίνος
1156 5113 1213 5165 ἐν
1254 5113 1561 5186 ἀκαθαρσίᾳ
1598 5118 1818 5186 γεγονό-

210 5221 307 5265 τες
333 5197 757 5270 ἁμεταποίητοι
787 5203 1027 5268 μενεῖτε;
1073 5203 1230 5265 Ποῖος
1272 5205 1399 5273 ὑμῖν
1430 5207 1658 5276 ἀρκέσει
1699 5224 1818 5260 και-

214 5294 310 5365 ρος
354 5295 440 5354 εἰς
468 5289 580 5360 τὴν
604 5289 701 5358 τῆς
723 5289 972 5357 εὐηθείας
993 5292 1248 5346 ἀπόθεσιν
1273 5313 1286 5358 ;
1308 5299 1370 5348 Ὂ
1395 5297 1504 5368 γὰρ
1524 5300 1816 5367 εἰργάσατο

210 5386 462 5446 τέκτων,
493 5377 632 5432 Θεὸν
661 5375 796 5431 εἶναι
830 5382 1113 5435 πιστεύετε
1133 5401 1146 5415 ο
1174 5388 1267 5438 καὶ
1295 5388 1354 5439 τὸ
1381 5387 1624 5455 ὠφελοῦν
1646 5392 1812 5458 οὐδὲν,

210 5472 585 5537 ἀποκομίςον
607 5470 662 5522 δὲ
695 5471 894 5532 μᾶλλον
918 5471 1155 5544 ὄλεθρον,
1181 5477 1275 5529 καὶ
1296 5477 1590 5542 ἀπώλειαν,
1625 5485 1816 5535 σεπτδν

209 5565 471 5633 ἡγεῖσθε,
509 5562 614 5614 καὶ
645 5561 987 5631 ἁξιόληπτον.
1038 5566 1224 5637 Πλανᾷ
1265 5570 1370 5640 γὰρ
1401 5574 1431 5623 ό
1476 5572 1692 5644 μόσχος,
1724 5577 1817 5629 καὶ

208 5663 408 5725 ἕτερον
445 5653 634 5704 οὐδέν.

280 5772 330 5803 ³⁵
366 5771 545 5825 Prov.
589 5783 705 5830 vm,
740 5771 826 5823 15.

557 5863 827 5922 ΡΑΤιιοῐ..
882 5861 999 5923 GR.
1051 5863 1254 5926 LXXI.

1921 4587 2066 4639 enim
2103 4585 2326 4641 vitulum
2353 4586 2558 4642 scilicet
2591 4603 2651 4644 se
2703 4589 3040 4646 concitatum
3069 4595 3225 4666 dicit,
3297 4607 3486 4652 osten-

1923 4675 2055 4730 dens
2081 4691 2140 4731 se
2180 4691 2568 4746 nonnunquam
2620 4680 2811 4735 delicta
2851 4697 2918 4738 ex
2965 4684 3199 4742 humana
3247 4687 3486 4743 imbecil-

1923 4765 2072 4821 litate
2098 4769 2329 4824 admissa
2374 4784 2442 4824 ex
2486 4771 2817 4840 benignitate
2854 4775 3135 4842 praeterire
3157 4817 3173 4842 ,
3207 4777 3298 4833 sed
3331 4794 3488 4833 aver-

1923 4859 2126 4911 sionem
2185 4863 2407 4917 omnino
2468 4863 2678 4932 punire.
2727 4862 3111 4921 Protervorum
3154 4879 3332 4924 autem
3395 4873 3487 4927 de-

1922 4949 2262 5006 clinationem
2317 4955 2383 5006 ad
2431 4954 2682 5010 colendos
2752 4955 3026 5011 daemones
3095 4958 3484 5016 intolerandam

1920 5040 2086 5096 ducit.
2142 5042 2433 5111 Quousque
2483 5045 2623 5098 enim
2679 5046 2732 5098 in
2783 5045 3177 5102 immunditiam
3238 5049 3485 5119 delapsi,

1919 5128 2278 5186 immutabiles
2342 5134 2670 5190 manebitis?
2727 5135 2879 5201 Quod
2948 5138 3100 5193 vobis
3150 5148 3358 5209 tempus
3419 5146 3485 5199 ad

1916 5217 2282 5286 deponendam
2323 5220 2621 5276 fatuitatem
2656 5224 2889 5277 sufﬁcit?
2920 5223 3070 5290 Quod
3103 5229 3244 5281 enim
3290 5232 3484 5286 artifex

1923 5308 2216 5363 fabricatus
2268 5320 2370 5374 est,
2399 5312 2555 5366 deum
2610 5329 2731 5368 esse
2768 5315 3029 5379 creditis;
3066 5326 3120 5370 et
3161 5320 3302 5388 quod
3349 5323 3483 5377 nibil

1923 5409 2161 5469 prodest,
2188 5403 2294 5455 imo
2328 5412 2528 5470 pestem
2582 5415 2636 5458 et
2674 5403 2950 5459 interitum
3011 5406 3184 5476 aﬂ‘ert,
3223 5428 3485 5469 veneran-

1925 5492 2048 5543 dum
2081 5489 2616 5558 amplectendmnque
2643 5490 2898 5544 statuitis.
2927 5491 3148 5552 Seducit
3182 5498 3323 5555 enim
3358 5501 3488 5554 vitn-

1925 5583 2026 5645 lns,
2056 5581 2195 5634 aliud
2233 5580 2364 5633 lllllll
2398 5579 2536 5634 valet
