4034 6270
551 404 655 459 905

572 529 578 533 ’
624 521 791 578 Vens.
833 524 883 577 7.
922 525 1056 589 Quin
1115 531 1358 588 corrupta
1411 529 1556 573 vento
1614 522 2022 585 seminaverunt,
2069 531 2112 572 et
2151 535 2190 587 Α

551 614 816 669 subversio
855 632 1030 668 eorum
1061 613 1303 677 suscipiet
1335 629 1413 664 ea.
1453 611 1751 678 Mnnipulus
1787 628 1887 663 non
1929 612 2122 663 habens

549 706 708 766 vires,
735 715 787 757 ut
811 705 974 776 faciat
1005 703 1254 771 farinam.
1290 701 1347 756 Si
1373 712 1545 755 autem
1573 701 1770 770 fecerit,
1825 700 1984 753 alieni
2031 717 2121 754 co-

549 797 748 848 medent
776 811 915 848 eam.

623 881 911 937 LXXXIX.
947 881 1312 936 Similitudine
1345 882 1576 949 quadam
1635 879 1836 934 frustra
1878 879 1930 933 in
1985 879 2124 948 agri-

559 975 775 1028 cultura
817 973 1222 1038 laborantium,
1274 970 1504 1026 infelicis
1572 985 1756 1024 eorum
1812 968 2021 1023 consilii
2071 976 2127 1022 et

547 1067 712 1121 stulii
771 1081 1028 1119 vanorum
1071 1079 1248 1119 rerum
1296 1064 1501 1118 exitum
1539 1061 1931 1116 infructuosum
1991 1058 2123 1114 sub-

554 1157 778 1210 indicat.
840 1155 896 1209 In
944 1156 1010 1210 iis
1049 1156 1190 1209 enim
1234 1154 1370 1209 velle
1420 1152 1681 1222 quosdam
1733 1151 1972 1205 laborem
2032 1164 2125 1219 po—

555 1261 708 1312 nere,
742 1256 794 1299 et
821 1245 1219 1314 superstitionis
1251 1243 1517 1298 interdum
1549 1243 1831 1310 diligenter
1892 1241 1968 1295 uti
2025 1256 2128 1295 cae-

556 1337 819 1390 remoniis
866 1336 1356 1406 anathematisque,
1412 1344 1466 1389 et
1530 1333 1812 1401 sacrificiis
1869 1332 2122 1386 honorem

560 1429 844 1494 exhibere,
875 1427 1001 1480 nihil
1034 1426 1196 1481 fuerit
1229 1426 1393 1492 aliud,
1435 1440 1594 1495 quam
1617 1433 1775 1478 vento
1814 1430 2123 1492 corruptum

551 1533 732 1572 semen
749 1518 1030 1588 colligere;
1060 1532 1090 1571 e
1125 1531 1231 1586 quo
1261 1516 1357 1586 qui
1381 1516 1607 1579 laborat,
1630 1514 1912 1568 utilitatem
1934 1526 2125 1568 conse-

550 1611 641 1678 qui
667 1609 865 1662 nullam
892 1609 1082 1678 possit.
1104 1608 1232 1674 Quae
1255 1607 1399 1661 enim
1433 1607 1592 1660 studii
1615 1605 1929 1659 idololatrici
1957 1619 2127 1658 remu-

1582 400 1637 454 S.
1678 397 1952 454 C\'Rll.Ll
1989 396 2456 454 ALEXANDRINI
2492 397 2814 454 ARCHIEP.

3697 397 3812 449 2οἱ

2294 521 2420 572 ’Ότι
2465 521 2840 588 άνεμόροορα
2877 519 3167 587 ἕσπειραι·
3193 558 3206 582 ,
3244 519 3340 572 καὶ
3382 520 3418 584 ἡ
3472 535 3808 586 καταστρο-

2223 612 2306 679 φὴ
2333 609 2530 664 αὐτῶν
2544 611 2842 673 ἐκδέξεται
2863 609 3033 664 αὐτὰ.
3051 609 3284 678 Δρᾱγμα
3307 613 3418 663 οὐκ
3440 610 3586 678 ἔχον
3619 611 3812 679 ἰσχὺν·

2224 700 2334 753 τοῦ
2373 699 2621 767 ποιῆσαι
2661 701 2938 769 ἄλειψον.
2985 701 3119 754 Ἐὰν
3168 701 3236 753 δὲ
3269 701 3368 754 καὶ
3401 702 3651 768 ποιήσῃ,
3695 703 3780 755 ἀλ

2223 791 2442 855 ,πάτριοι
2474 791 2910 859 καταφιίγονται
2946 793 3110 845 αὐτό.

2295 882 2419 934 ΠΘ’.
2466 883 2554 944 Ὠς
2599 882 2656 948 ὲξ
2701 882 3015 951 ὁμοιότητος
3053 882 3162 934 τῶν
3211 883 3334 954 εἰκῆ
3384 884 3702 954 καμνόντων
3746 885 3808 934 ἐν

2225 972 2569 1040 γεωπονίαις,
2614 974 2714 1042 τῆς
2745 973 2968 1043 ἐνούσης
2993 974 3175 1036 αὐτοῖς
3209 973 3548 1037 δυσϐουλίας,
3577 975 3671 1027 καὶ
3703 975 3805 1042 τῆς

2225 1065 2355 1133 περὶ
2401 1063 2469 1116 τά
2501 1064 2707 1132 μάταια
2760 1064 2994 1132 σπουδῆς
3019 1063 3080 1117 τὸ
3117 1065 3364 1135 ἄκαρπον
3405 1065 3681 1134 ὑποδηλοῖ.
3731 1068 3805 1118 Τὸ

2225 1153 2334 1223 γάρ
2364 1152 2450 1205 ἐπ’
2482 1152 2663 1214 αὐτοῖς
2688 1153 2869 1204 πονεῖν
2917 1151 3129 1206 ἑλέσθαι
3159 1154 3330 1216 τινὰς,
3365 1153 3649 1222 ’ἐπιμελῶς
3690 1153 3804 1205 ἔσθ’

2224 1244 2312 1295 ὅτε
2339 1241 2685 1312 θρησκεύειν,
2731 1241 3045 1310 ἀναθήμασί
3090 1259 3149 1294 τε
3207 1243 3301 1295 καὶ
3345 1241 3560 1305 θυσίαις
3613 1244 3802 1311 τιμᾷν,

2225 1334 2309 1404 εῖη
2347 1331 2413 1385 ἂν
2457 1331 2645 1402 ἕτερον
2694 1331 2865 1396 οὐδὲν,
2910 1331 2941 1400 ἢ
2985 1331 3076 1382 τὸν
3123 1331 3310 1401 ἀνέμῳ
3356 1332 3806 1401 κατεφθαρμένον

2229 1422 2572 1494 συναγείρειν
2602 1423 2824 1494 σπόρον,
2851 1423 3003 1476 οὐδὲν
3026 1423 3216 1492 ὀνῆσαι
3245 1423 3522 1487 παντελῶς
3553 1423 3644 1476 τὸν
3678 1441 3803 1476 ποι-

2225 1509 2392 1564 οῦντα
2423 1510 2736 1582 δυνάμενον.
2766 1511 2901 1563 Ποία
2963 1510 3070 1582 γὰρ
3099 1511 3364 1574 ἀντίδοσις
3388 1511 3488 1580 τῆς
3523 1514 3605 1574 εἰς
3647 1512 3804 1565 εἰδω-

2226 1601 2511 1674 λολατρίαν
2543 1603 2810 1674 σπουδῆς;
2836 1603 2868 1674 ἢ
2895 1603 3025 1656 ποία
3049 1603 3200 1675 παρὰ
3237 1603 3491 1670 γλυπτῶν
3519 1603 3740 1675 δνησις;
3769 1605 3799 1673 ἢ

551 1702 807 1754 iteratio!
861 1712 954 1752 aut
999 1713 1117 1767 quae
1160 1697 1555 1767 esculptilibus
1601 1696 2002 1750 commoditas?
2035 1705 2122 1749 aut

2230 1694 2367 1747 κατὰ
2391 1693 2509 1747 τίνα
2541 1694 2738 1767 τρόπον
2763 1694 3088 1764 εὐφρανοῦσί
3113 1712 3266 1758 τινας
3296 1694 3332 1748 ἃ
3361 1694 3442 1748 δεῖ
3476 1697 3696 1760 πάντως
3716 1697 3801 1748 ἑλ-

548 1806 786 1861 quonam
843 1791 1004 1845 modo
1055 1789 1382 1843 recreabunt
1427 1787 1756 1858 quempiam,
1798 1803 1918 1855 quae
1955 1787 2122 1841 omni-

2230 1785 2340 1838 θεῖν
2368 1786 2448 1849 εἰς
2492 1787 2906 1857 καταστροφήνς
2950 1786 3188 1840 Ἐοίκασι
3226 1787 3404 1841 τοίνυν
3441 1789 3489 1841 οἰ
3533 1789 3603 1841 τὰ
3626 1789 3802 1842 τοιάδε

549 1898 626 1938 no
686 1882 1044 1936 subvertenda
1076 1879 1243 1934 sunt?
1291 1879 1474 1948 Itaque
1519 1879 1611 1949 qui
1639 1878 1764 1932 talia
1797 1877 1973 1932 facere
1994 1893 2122 1932 con-

2230 1880 2402 1930 ποιεῖν
2424 1877 2695 1942 εἰωθότες,
2724 1877 2817 1930 καὶ
2843 1879 2962 1941 ταῖς
2985 1877 3218 1932 εἰδώλων
3243 1882 3428 1948 τιμαῖς
3459 1879 3803 1940 ἀνατιθέντες

512 1978 516 1983 ’
548 1985 862 2037 sueverunt,
892 1981 945 2028 et
982 1973 1178 2026 seriam
1227 1985 1449 2041 operam
1501 1968 1654 2024 idolis
1708 1969 1908 2033 dicant,
1937 1983 2121 2023 eorum

549 2066 799 2120 vitientur
828 2063 1050 2126 similes,
1076 2062 1164 2131 qui
1215 2076 1245 2114 a
1279 2070 1438 2116 vento
1480 2069 1732 2129 corrupta
1765 2059 2119 2128 seminarum,

549 2158 928 2226 spicarumque
987 2152 1259 2223 manipulo
1317 2151 1639 2206 frumentum
1713 2166 1816 2205 non
1861 2149 2118 2214 babenti,

547 2261 604 2304 et
652 2249 717 2303 ad
771 2261 924 2302 usum
974 2245 1161 2299 farinae
1214 2242 1437 2297 minime
1491 2242 1638 2296 facti.
1689 2239 1843 2307 Quod
1881 2240 1926 2295 si
1993 2239 2123 2310 quid

546 2341 712 2395 etiam
765 2335 1139 2408 pnestiterint,
1176 2334 1282 2388 hoc
1305 2345 1413 2398 est,
1446 2333 1691 2402 quamvis
1720 2331 1889 2386 videri
1915 2332 2124 2401 possint

550 2433 732 2500 aliquo
769 2429 924 2483 modo
953 2428 1076 2483 boni
1117 2436 1171 2482 et
1215 2427 1411 2481 sinceri
1445 2427 1592 2480 circa
1631 2439 1792 2494 opera
1851 2423 2124 2479 seductio-

549 2527 678 2580 nis:
717 2533 772 2578 et
823 2525 922 2576 hoc
971 2522 1022 2575 in
1067 2505 1276 2574 alienos
1331 2519 1400 2573 ab
1449 2518 1578 2586 ipsis
1631 2516 1960 2582 conferetur,
2010 2515 2122 2570 Deo

547 2628 682 2668 vero
732 2612 1047 2681 neutiquam
1093 2608 1286 2678 gaudio
1314 2607 1435 2660 erit.
1469 2606 1685 2660 Alienos
1722 2605 1962 2659 nominat
1990 2603 2122 2658 falso

550 2705 768 2760 nomine
798 2701 1092 2772 appellatos
1114 2699 1264 2754 deos.
1295 2696 1457 2751 Caret
1486 2696 1653 2765 igitur
1682 2694 1827 2750 omni
1869 2692 2122 2749 mercede

548 2807 606 2853 et
674 2795 916 2867 probitas
985 2799 1168 2846 nostra
1238 2790 1290 2843 in
1351 2788 1457 2854 his,
1527 2803 1646 2855 quae
1699 2787 1839 2840 Deus
1889 2786 2123 2849 odit;et

548 2901 729 2942 mores
766 2884 891 2939 boni
923 2883 989 2936 ad
1020 2897 1209 2937 verum
1249 2880 1446 2934 bonum
1493 2893 1596 2932 non
1627 2878 1948 2941 eminentes,
1980 2891 2121 2930 serr-

546 2994 648 3049 per
686 2988 740 3032 et
781 2975 1104 3030 omnimodis
1145 2974 1212 3026 ab
1241 2987 1305 3027 eo
1347 2971 1828 3040 reprehendemur.

629 3067 790 3121 Vens.
849 3064 903 3128 8,
949 3064 1004 3118 9.
1046 3063 1335 3127 Absorptus
1389 3068 1465 3113 est
1520 3059 1704 3124 Israel,
1769 3074 1905 3128 nunc
1950 3059 2119 3128 factus

550 3165 628 3212 est
671 3156 726 3208 iu
772 3152 1008 3223 gentibus
1057 3149 1208 3218 quasi
1239 3163 1328 3200 vas
1368 3147 1574 3211 inuiiie,
1616 3149 1738 3216 quia
1784 3147 1885 3215 ipsi
1935 3163 2119 3200 ascen-

2227 1969 2290 2023 τὸ
2311 1969 2652 2040 σπούδασμα,
2673 1973 2785 2034 τοῖς
2809 1969 3124 2042 σπείρουσιν
3152 1971 3624 2042 ἀνεμόφθορα,κα“ι
3642 1973 3803 2024 ἀστα-

2228 2060 2372 2130 χύων
2403 2059 2695 2132 δράγματι,
2743 2062 2886 2113 σῖτον
2935 2060 3036 2113 οὐκ
3074 2060 3271 2129 ἔχοντι,
3306 2059 3401 2113 καὶ
3444 2062 3525 2122 εἰς
3567 2059 3801 2133 ἀλεύρου

2227 2151 2415 2223 χρείαν
2447 2150 2507 2204 οὐ
2543 2151 2916 2221 πεποιημένῳ.
2949 2151 3011 2204 Εἰ
3035 2150 3090 2203 δὲ
3113 2151 3175 2221 δή
3204 2169 3257 2204 τι
3294 2151 3392 2205 καὶ
3427 2151 3640 2220 γένοιτο
3671 2153 3802 2222 παρ’

2226 2240 2425 2306 αὐτῶν,
2455 2241 2728 2304 τουτέστι,
2750 2239 2853 2294 κᾶν
2883 2241 2934 2292 εἰ
2959 2239 3168 2305 δόξειαν
3182 2256 3300 2304 πως
3323 2235 3466 2294 εῖναι
3495 2242 3796 2304 σπουδαῖοι,

2227 2331 2323 2384 καὶ
2354 2331 2566 2401 γνήσιοι
2600 2331 2730 2400 περὶ
2759 2330 2830 2384 τὰ
2861 2333 2960 2402 τῆς
2992 2330 3201 2401 πλάνης
3230 2330 3390 2403 ἔργα,
3415 2332 3508 2386 καὶ
3536 2331 3698 2384 τοῦτο
3721 2333 3802 2394 εἰς

2227 2420 2540 2490 ἀλλοτρίους
2587 2421 2876 2490 γενήσεται
2905 2421 3037 2492 παρ’
3087 2420 3286 2483 αὐτῶν,
3339 2426 3708 2492 κατευφρανεῖ
3743 2422 3800 2474 δὲ

2227 2509 2359 2562 Θεὸν
2399 2509 2520 2561 κατ’
2548 2507 2739 2562 οὐδένα
2781 2509 3004 2576 τρόπον.
3048 2510 3386 2580 ’Λλλοτρίους
3411 2511 3473 2564 δέ
3512 2529 3646 2580 φησι
3678 2513 3802 2572 τοὺς

2225 2599 2614 2670 ψευδωνύμους
2654 2600 2832 2664 θεούς.
2871 2602 3135 2671 Ἀμιτθον
3161 2598 3253 2655 οὖν
3277 2603 3383 2670 ἄρα
3413 2603 3691 2666 παντελῶς
3709 2603 3805 2656 καὶ

2226 2691 2289 2744 τὸ
2327 2691 2611 2744 σπουδαῖον
2637 2691 2816 2762 ἡμῶν,
2867 2693 2925 2743 ὲν
2959 2694 3071 2756 τοῖς
3113 2692 3342 2746 λυποῦσι
3387 2693 3541 2758 Θεὸν,
3571 2697 3666 2746 καὶ
3703 2694 3808 2762 τῆς

2227 2785 2528 2848 ἐπιεικείας
2555 2784 2606 2837 οἰ
2641 2785 2832 2854 τρόποι
2874 2787 3126 2850 πάντοτε,
3159 2786 3255 2839 καὶ
3281 2786 3499 2850 πάντως
3520 2785 3808 2854 διαϐεϐλή-

2228 2892 2411 2929 σονται
2459 2877 2590 2947 παρ’
2634 2876 2804 2948 αὐτῷ,
2845 2877 2948 2949 τῆς
2995 2877 3088 2930 τοῦ
3133 2877 3339 2947 ἀγαθοῦ
3395 2879 3810 2941 διεκπίπτοντες

2227 2967 2421 3036 θήρας.

2296 3059 2605 3126 Κατεπόθη
2649 3059 2916 3128 Ἰσραὴλ,
2961 3061 3079 3115 νῦν
3111 3062 3346 3130 ἐγένετο
3371 3061 3440 3114 ἐν
3475 3060 3601 3125 τοῖς
3638 3062 3816 3114 ἔθνε-

2226 3163 2330 3201 σιν
2355 3149 2436 3214 ὡς
2457 3147 2680 3214 σκεῦος
2709 3148 3036 3218 ἄχρηστον,
3076 3151 3165 3205 ὅτι
3194 3153 3357 3206 αὐτοὶ
3384 3151 3697 3217 ἀνέϐησαν
3719 3156 3817 3218 είς

552 3253 738 3303 derunt
784 3247 852 3299 ad
891 3243 1150 3312 Assyrios.
1183 3239 1430 3310 Reﬂoruit
1459 3258 1549 3309 per
1577 3244 1802 3307 seipsum
1847 3239 2118 3310 Epltrat'm,

2238 3240 2606 3308 Ἀσσυρίους.
2670 3241 2979 3296 Ἁνέθαλεν
3065 3244 3193 3298 καθ’
3248 3243 3458 3295 ἑαυτὸν
3511 3242 3810 3312 Ἐφραῒμ.

552 3354 774 3392 munera
833 3335 1151 3400 dilexerunt,
1211 3342 1483 3401 prapterea
1559 3333 1834 3386 tradentur
1888 3332 1941 3385 in
2005 3319 2126 3401 gen-

553 3429 716 3484 tibus.

628 3519 782 3587 121
832 3515 942 3572 XC.
995 3517 1325 3584 Absorptum
1367 3514 1496 3569 dicit
1523 3512 1799 3580 lsraelem,
1826 3523 1884 3567 ut
1907 3512 2126 3567 misera-

553 3611 662 3665 hiie
743 3608 1083 3679 naufragium
1147 3621 1501 3676 perpessum,
1555 3606 1706 3659 etin
1775 3613 2123 3675 peccatorum

557 3716 785 3755 suorum
830 3699 1084 3754 ﬂuctibus
1121 3696 1463 3760 sntfocatnm,
1500 3710 1564 3751 ac
1604 3697 1749 3750 velut
1785 3697 1850 3751 ad
1920 3705 2124 3766 petram

551 3789 847 3859 quamdam
907 3788 1102 3843 divinae
1139 3788 1233 3842 ira;
1299 3786 1614 3855 impulsibus
1655 3786 1865 3842 allisum
1920 3787 2125 3841 contri-

552 3893 792 3952 tumque.
835 3884 942 3936 Aut
999 3891 1147 3936 certe
1198 3879 1353 3949 juxta
1416 3881 1576 3934 aliam
1626 3880 2123 3948 interpretationem

552 3975 866 4043 absorptum
947 3972 1078 4027 dicit
1121 3973 1277 4041 quasi
1330 3972 1396 4025 ab
1451 3970 1694 4031 horribili
1742 3979 1796 4024 et
1835 3969 2125 4024 insatiabili

551 4067 788 4121 dracone
849 4061 1399 4119 Nabuchodonosore.
1467 4061 1562 4116 Sic
1617 4061 1762 4115 enim
1836 4069 1919 4115 est
1984 4063 2124 4128 apud

550 4153 714 4209 alium
745 4161 1057 4208 sanctorum
1107 4151 1514 4222 prophetarum,
1550 4149 1602 4203 in
1642 4162 1868 4219 persona
1913 4149 2125 4203 lsraelis

543 4243 655 4312 jam
690 4243 908 4311 captivi,
953 4251 1011 4298 et
1040 4243 1274 4297 dominis
1303 4242 1416 4297 suis
1444 4239 1732 4296 servientis
1773 4253 1787 4292 :
1823 4257 1842 4290 ι
1877 4240 2126 4294 Comedit

551 4348 656 4395 me,
687 4333 868 4388 divisit
900 4348 1007 4397 me,
1062 4331 1590 4402 comprehenderunt
1635 4345 1720 4384 me
1776 4331 2010 4385 tenebrae
2045 4341 2125 4384 te-

547 4438 705 4480 nues.
775 4423 1272 4479 Nabuchodonosor
1343 4435 1440 4476 res
1507 4419 1796 4492 Babylonis
1845 4419 2124 4476 absorbuit

2229 3329 2386 3396 δῶρα
2419 3330 2764 3400 ἠγάπησαν,
2796 3331 2893 3386 διὰ
2945 3334 3118 3389 τοῦτο
3168 3332 3697 3401 παραδοθήσονται
3735 3335 3810 3387 ἐι·

2226 3421 2352 3487 τοῖς
2388 3425 2611 3476 ἔθνεσι.

2299 3515 2368 3578 [σι’.
2420 3510 2846 3564 Καταπεπόσθαι
2871 3510 3004 3583 φησὶ
3047 3512 3136 3566 τὸν
3187 3509 3421 3582 Ἰσραὴλ,
3455 3510 3532 3573 ὼς
3570 3510 3798 3581 οἰκτρὰν
3843 3537 3848 3540 -

2227 3605 2593 3673 ὑπομείναντα
2615 3602 2900 3671 ναυαγίαν,
2937 3603 3031 3656 καὶ
3060 3605 3171 3666 τοῖς
3199 3602 3306 3656 τῶν
3337 3601 3482 3655 ἰδίων
3518 3601 3801 3672 ἁμαρτιῶν

2227 3695 2654 3763 ὲναποπνιγέντα
2672 3693 2900 3765 κύμασι,
2925 3695 3019 3747 καὶ
3044 3693 3232 3763 ὥσπερ
3257 3693 3366 3746 τινὶ
3396 3693 3575 3764 πέτρᾳ
3599 3695 3712 3755 τοῖς
3741 3693 3797 3743 ἐκ

2228 3784 2379 3848 θείας
2430 3786 2599 3857 όργῆς
2645 3787 2911 3856 κινήμασι
2970 3785 3532 3856 περιτεθραυσμένον,
3601 3786 3794 3850 ἰιγουν

2225 3877 2322 3930 καὶ
2346 3877 2466 3931 καθ’
2494 3877 2678 3948 ἕτερον
2719 3879 2941 3948 τρόπον,
2979 3877 3396 3931 καταπεπόσθαι
3423 3877 3593 3946 φησὶν
3623 3876 3780 3932 αὑτὸν,

2225 3963 2301 4027 ὡς
2347 3965 2452 4017 ὑπὸ
2483 3965 2657 4018 δεινοῦ
2725 3969 2819 4019 καὶ
2870 3965 3147 4035 ἀπλήστου
3184 3964 3496 4035 δράκοντος,
3542 3963 3639 4016 τοῦ
3678 3961 3774 4014 Να-

2225 4057 2624 4128 ϐουχοδονόσορ.
2672 4060 2812 4130 Ἔφη
2863 4061 2970 4128 γάρ
3009 4055 3109 4111 ὧδε
3153 4060 3247 4112 καὶ
3292 4058 3477 4128 ἕτερος
3515 4059 3653 4128 ἡμῖν
3694 4055 3786 4107 τῶν

2225 4146 2394 4214 ἁγίων
2431 4147 2745 4219 προφητῶν,
2795 4149 2854 4201 τὸ
2898 4150 2990 4202 τοῦ
3051 4149 3264 4220 Ἰσραὴλ
3303 4149 3595 4220 πρόσωπον
3632 4145 3792 4214 ἑαυτῷ

2223 4236 2522 4307 περιτιθεὶς
2545 4277 2560 4301 ,
2587 4239 2904 4310 δορικτήτου
2936 4257 2994 4292 τε
3031 4238 3182 4302 ὄντος
3209 4241 3331 4310 ἤδη,
3359 4241 3452 4292 καὶ
3479 4243 3595 4301 τοῖς
3622 4237 3796 4290 ἑλοῦσι

2222 4326 2584 4394 δουλεύοντοςο
2617 4350 2634 4381 ι
2660 4331 2952 4399 Κατέφαγέ
2986 4348 3076 4400 με,
3107 4331 3397 4402 ὲμερίσατό
3419 4347 3510 4401 με,
3537 4328 3797 4384 κατέλαόἐ

2227 4435 2294 4485 με
2332 4419 2520 4482 σκότος
2550 4419 2764 4472 λεπτόν.
2809 4420 3278 4491 Ναϐουχοδονόσορ
3319 4421 3572 4491 βασιλεὺς
3621 4420 3793 4473 B161)-

547 4530 636 4571 me
669 4516 825 4584 quasi
880 4516 1068 4581 draco,
1125 4511 1368 4583 impievit
1430 4523 1675 4566 ventrem
1717 4526 1873 4565 suum
1921 4527 1951 4564 a
1992 4510 2122 4564 cibo

2230 4507 2414 4572 λῶνος,
2454 4510 2682 4562 κατέπιὲ
2731 4528 2797 4580 με
2829 4512 2902 4575 ὡς
2932 4513 3168 4583 δράκων,
3221 4513 3423 4584 ἔπλησε
3468 4513 3568 4583 τὴν
3599 4511 3801 4565 κοιλίαν

547 4619 666 4661 tneo
695 4606 795 4660 ³⁸.»
828 4604 921 4659 Est
949 4612 1005 4659 et
1040 4603 1238 4671 alioqui
1278 4615 1486 4664 verum,
1539 4601 1830 4654 draconem
1886 4599 2119 4655 multici-

545 4697 710 4767 pitem
761 4695 1028 4748 charitate
1061 4694 1113 4746 in
1145 4692 1315 4746 Deum
1366 4689 1680 4745 excidentes
1731 4689 1952 4744 sorbere
1987 4706 2119 4759 quo-

545 4786 855 4843 dammodo,
889 4793 945 4836 et
994 4797 1152 4834 suum
1213 4782 1314 4834 sibi
1369 4782 1548 4834 cibum
1600 4781 1820 4845 facere;
1871 4797 2026 4848 quem
2065 4795 2120 4836 et

546 4874 835 4930 Psalmista
870 4873 1001 4927 dicit
1042 4886 1223 4925 escam
1269 4871 1452 4924 datum
1495 4871 1704 4940 populis
1751 4870 2117 4942 lEthiopibns.

541 4967 722 5034 luquit
751 4964 894 5018 enim
929 4982 943 5017 :
977 4982 996 5014 ι
1027 4962 1106 5015 Tu
1150 4962 1463 5032 coniregisti
1505 4971 1669 5030 caput
1714 4962 1984 5028 draconis,
2017 4966 2113 5018 de-

545 5054 671 5108 disti
708 5069 830 5109 enm
879 5067 1058 5109 escam
1098 5051 1308 5121 populis
1336 5050 1681 5121 Ethiopibus
1705 5055 1802 5108 ".s
1839 5053 1938 5120 Qui
1968 5056 2112 5108 enim

546 5146 893 5216 nigerrimam
942 5154 998 5199 et
1032 5143 1168 5196 lucis
1197 5143 1385 5196 orbam
1417 5144 1470 5196 in
1502 5143 1696 5214 seipsis
1744 5153 1979 5197 mentem
2015 5145 2112 5197 ha-

543 5239 692 5301 bent,
718 5237 840 5305 jure
861 5235 1145 5304 Ethiopes
1173 5245 1226 5288 et
1260 5234 1482 5305 intelligi
1512 5247 1565 5290 et
1599 5235 1703 5290 dici
1745 5251 1773 5289 a
1795 5236 1956 5290 nobis
1983 5235 2113 5304 ipsis

543 5339 599 5383 et
621 5344 651 5382 a
681 5329 789 5383 Deo
802 5337 1044 5397 possunt.
1068 5326 1132 5380 lii
1153 5325 1526 5395 tnulticipitem
1553 5327 1837 5381 draconem
1866 5335 2112 5394 pascunt,

544 5420 755 5488 ipsique
791 5420 1028 5473 vicissim
1071 5420 1138 5472 ab
1165 5433 1231 5472 eo
1269 5427 1584 5486 pascuntur.
1631 5434 1651 5468 ι
1687 5417 1986 5485 Absorptus
2032 5425 2116 5469 est

546 5509 712 5577 igitur
756 5501 942 5572 Israel,
978 5518 1032 5562 et
1074 5507 1248 5564 factus
1293 5517 1374 5562 est
1425 5508 1566 5561 inter
1626 5519 1812 5576 gentes
1858 5516 2110 5572 tanquam

543 5614 640 5655 Vas
685 5596 927 5652 inutile.»
956 5598 1232 5653 Abductus
1281 5599 1424 5653 enim
1455 5599 1521 5653 ad
1553 5598 1808 5668 Assyrios
1835 5607 1889 5652 et
1930 5596 2110 5653 Medos

610 5786 656 5818 “
685 5781 796 5838 Jct'.
831 5793 904 5840 ιι,
941 5777 1028 5830 54.
1104 5777 1146 5808 ’⁷
1180 5775 1317 5831 Psal.
1347 5793 1536 5843 Lxxnt,
1577 5779 1656 5829 iul.

2225 4601 2388 4654 αὐτοῦ
2415 4601 2522 4654 ἀπὸ
2551 4602 2647 4672 τῆς
2667 4605 2874 4674 τροφῆς
2901 4622 3020 4676 μου,
3054 4623 3072 4656 ι
3121 4607 3341 4677 Ἄληθὲς
3369 4607 3423 4659 δὲ
3448 4607 3542 4660 καὶ
3577 4605 3806 4675 ἑτέρωςι

2225 4692 2300 4756 ὡς
2331 4695 2665 4764 καταρῤοφεῖ
2683 4697 2884 4766 τρόπον
2909 4697 3030 4750 τινὰ
3050 4699 3180 4760 τοὺς
3206 4699 3304 4769 τῆς
3320 4700 3399 4762 εἰς
3425 4699 3558 4752 Θεὸν
3583 4699 3806 4766 ἀγάπης

2226 4783 2608 4850 ἐκπίπτοντας,
2662 4786 2755 4838 καὶ⁵
2809 4786 2946 4839 ἰδίαν
2987 4791 3220 4841 ποιεῖται
3257 4790 3462 4860 τροφὴν
3504 4791 3533 4841 ό
3579 4787 3804 4840 πολυκέ-

2228 4872 2393 4941 φαλος
2429 4873 2664 4944 δράκων,
2694 4875 2751 4928 ὃν
2782 4877 2874 4928 καὶ
2902 4879 2933 4946 ή
2964 4876 3058 4930 τοῦ
3083 4878 3388 4943 Ψάλλοντος
3419 4879 3570 4949 φωνὴ
3608 4879 3807 4950 βρῶμα

2221 4963 2459 5017 διδόσθαι
2504 4968 2636 5034 φησὶ
2669 4965 2819 5028 λαοῖς
2859 4969 2974 5030 τοῖς
3021 4969 3253 5038 Αἰθίοψι.
3292 4990 3310 5021 ι
3335 4971 3406 5022 Σὺ
3425 4972 3554 5040 γὰρ,
3647 4972 3807 5040 φησι,

2225 5055 2554 5118 συνέθλασας
2619 5057 2715 5125 τὴν
2767 5057 3008 5128 κεφαλὴν
3069 5059 3161 5111 τοῦ
3210 5060 3502 5131 δράκοντος
3534 5078 3548 5090 ·
3595 5060 3811 5122 ἔδωκας

2222 5145 2384 5198 αὑτὸν
2419 5145 2612 5216 βρῶμα
2647 5145 2795 5211 λαοῖς
2841 5151 2953 5212 τοῖς
2993 5149 3260 5218 Αἰθίοψιν.
3288 5169 3306 5202 ι
3359 5152 3421 5202 Οἱ
3455 5152 3566 5221 γὰρ
3610 5150 3812 5220 μελάν-

2220 5254 2379 5290 τατον
2418 5237 2632 5306 ἔχοντες
2674 5239 2731 5292 ἐν
2768 5257 2831 5308 γε
2868 5242 2931 5311 δὴ
2982 5241 3164 5311 σφίσιν
3213 5242 3417 5306 αὐτοῖς,
3458 5243 3552 5294 καὶ
3585 5243 3814 5311 ἀφεγγῆ

2219 5327 2309 5380 τὸν
2353 5328 2497 5393 νοῦν,
2568 5329 2820 5394 Αἰθίοπες
2871 5333 3096 5395 εἰκότως
3159 5333 3251 5384 καὶ
3313 5334 3500 5384 νοοῖντ⁹
3565 5333 3652 5393 ἂν,
3713 5335 3817 5386 καὶ

2219 5416 2455 5485 λέγοιντο
2483 5420 2618 5486 πρός
2646 5435 2706 5470 τε
2739 5420 2892 5489 ἡμῶν
2916 5421 3114 5484 αὐτῶν,
3145 5421 3238 5473 καὶ
3269 5423 3419 5490 παρά
3451 5421 3610 5474 Θεοῦ.
3643 5415 3818 5476 Οὗτοι

2216 5506 2476 5578 τρέφουσι
2518 5509 2608 5562 τὸν
2656 5509 3026 5578 πολυκέφαλον
3073 5511 3360 5582 δράκοντα,
3411 5511 3507 5562 καὶ
3553 5511 3710 5563 αὐτοὶ
3756 5511 3819 5565 δὲ

2217 5599 2376 5654 αὑτὸν
2437 5599 2710 5656 σιτοῦνται
2771 5600 2954 5654 πάλιν.
3026 5602 3460 5657 «Καταπέποται
3523 5603 3712 5658 τοίνυν
3781 5601 3814 5651 ό
