4034 6270
256 395 357 450 205

1166 390 1717 448 COMMENTARIUS
1759 391 1823 446 IN
1864 391 2092 447 OSEAM
2134 393 2573 450 PRUPIIETAM.

3386 406 3495 459 εἶοη

268 505 499 577 Ἰσραὴλ,
552 505 641 559 καὶ
688 503 907 574 γέγονεν
960 506 1019 559 ἐν
1077 510 1189 571 τοῖς
1236 508 1442 562 ἔθνεσιν
1494 509 1570 571 ὡς
1633 508 1802 561 σκεῦο.

1928 510 2098 562 evasit
2141 500 2344 565 inutilis
2403 510 2638 579 penitus,
2673 525 2735 566 cx
2783 526 2965 567 eorum
3021 514 3245 570 cerebro
3306 531 3499 588 Sapere

257 598 539 668 ἄχρηστον.
586 616 605 647 ι
673 596 1140 667 ’Λπενηνεγμένος
1196 598 1303 669 γὰρ
1357 600 1436 662 είς
1500 597 1822 669 ’Λσσυρίους

260 691 348 743 καὶ
387 687 620 757 Μήδους,
666 687 939 757 ἠχρειὼθη
991 689 1288 753 παντελῶς,
1339 689 1409 742 τὰ
1457 689 1687 751 ἐκείνοις
1734 688 1822 741 δο-

260 778 444 831 κοῦντα
475 779 690 847 φρονεῖν
726 780 865 845 τάχα
915 795 1018 832 που
1063 779 1433 849 βεϐιασμένος.
1475 782 1698 848 Ἤγουν,
1740 782 1820 833 ὅτι

259 868 435 937 γέγονε
480 868 672 932 σκεῦος
712 868 985 938 ἄχρηστον
1009 909 1025 933 ,
1069 869 1328 942 ταύτῃτοι
1367 872 1461 924 καὶ¹
1520 870 1818 941 κατεπόθη,

256 961 342 1012 καὶ
368 959 463 1029 τὴν
485 960 811 1028 ’ὲνεγκοῦσαν
841 962 1022 1030 ἀφεὶς,
1058 964 1446 1033 μετεςοίτησεν
1473 965 1552 1028 είς
1578 965 1647 1018 τὰ
1668 963 1817 1034 ἔθνη.

256 1051 468 1103 Τοιοῦτό
495 1052 546 1104 τί
572 1069 733 1122 φησιν
774 1053 803 1105 ό
838 1053 1056 1107 πάντων
1075 1054 1353 1126 Δεσπότης
1378 1056 1474 1109 καὶ
1511 1055 1600 1109 διὰ
1640 1057 1821 1126 φωνῆς

264 1140 542 1209 Ἱερεμίου,
585 1141 711 1213 περί
745 1159 890 1206 τινος
923 1144 1032 1196 τῶν
1074 1147 1132 1197 ὲν
1173 1145 1457 1218 Σαμαρείᾳ
1510 1146 1820 1216 βεϐασιλευ-

245 1232 415 1282 scrith
471 1232 560 1283 ἐπὶ
604 1232 693 1285 τὸν
752 1232 987 1306 Ἰσραήλ·
1053 1253 1072 1285 ι
1110 1235 1390 1306 Ἠτιμὼοη
1453 1238 1705 1306 Ἰεχονίας
1744 1237 1820 1302 ὡς

245 1320 453 1385 σκεῦος,
484 1318 545 1376 οὗ
571 1324 670 1378 οὐκ
709 1323 824 1377 ἔστι
854 1326 1012 1396 χρεία
1040 1326 1228 1389 αὑτοῦ,
1285 1327 1366 1379 ὅτι
1400 1327 1683 1399 ἐξερρίφη,
1724 1331 1819 1381 καὶ

242 1412 501 1483 ἐξεϐλήθη
527 1416 610 1476 εἰς
640 1419 764 1486 γῆν,
792 1417 858 1487 ἣν
881 1418 983 1469 οὐκ
1021 1417 1158 1487 ᾔδει.
1207 1418 1301 1488 Γῆ,
1328 1418 1423 1486 γῆ,
1458 1418 1623 1471 ἄκουε
1662 1420 1818 1485 λόγον

239 1504 468 1574 Κυρίου,
494 1506 707 1575 γράψον
735 1506 826 1558 τὸν
847 1505 1019 1576 ἄνδρα
1046 1505 1235 1559 τοῖτον
1258 1507 1597 1577 ὲκκήρυκτον
1618 1507 1821 1579 ἄνθρω-

240 1615 360 1650 πον.
413 1615 433 1647 ›
479 1596 784 1667 Ἦχρειώθη
828 1597 1007 1649 τοίνυν
1050 1598 1079 1650 ό
1138 1597 1371 1668 Ἰσραὴλ,
1416 1598 1508 1651 καὶ
1543 1598 1815 1670 ἠτιμώθη.

235 1686 372 1739 Ποία
417 1686 527 1756 γὰρ
571 1686 732 1755 χρεία
777 1686 954 1756 ψυχῆς
998 1686 1078 1757 τῷ
1120 1686 1239 1756 Θεῷ
1284 1687 1662 1760 πλανωμένης,
1722 1690 1817 1743 καὶ

234 1777 738 1848 φιλαμαρτήμονος,
766 1777 859 1830 καὶ
892 1777 1300 1849 ἁποτρεχούσης
1332 1780 1566 1845 εὐκόλως
1595 1781 1675 1844 εἰς
1702 1781 1811 1835 πᾶν

1926 599 2148 655 forsitan
2198 602 2530 672 compulsus.
2562 603 2669 657 Aut
2698 618 2831 660 sane
2874 606 2998 675 quia
3045 607 3219 664 factus
3271 621 3355 665 est
3405 626 3500 665 vas

1927 689 2133 752 inutile,
2182 692 2381 747 idcirco
2423 702 2476 746 et
2505 695 2795 764 absorptus
2836 706 2938 761 est,
2999 707 3053 753 ct
3089 699 3271 755 relicta
3319 703 3496 769 patria

1925 782 1989 832 ad
2023 792 2211 850 gentes
2245 785 2673 855 transmigravit.
2708 785 2893 842 Simile
2924 790 3052 858 quid
3093 793 3168 845 ait
3198 792 3360 847 etiam
3396 808 3493 863 per

1922 870 2212 927 let-mnium
2234 876 2473 930 omnium
2511 877 2774 934 Dominus
2805 881 2871 935 de
2897 884 3129 949 quodam
3165 900 3290 957 rege
3319 887 3492 942 lsrae-

1929 964 1993 1037 lis
2026 964 2079 1017 in
2123 962 2365 1020 Samaria
2393 984 2447 1021 ιι
2485 967 2843 1024 lnltonoratus
2876 983 2960 1025 cst
3002 972 3308 1043 Jechonias,
3340 980 3494 1047 quasi

1924 1069 2016 1108 vas
2073 1055 2228 1123 cujus
2270 1072 2376 1112 non
2433 1069 2518 1113 est
2558 1075 2688 1114 usus
2742 1061 2879 1127 ejus,
2921 1065 3045 1131 quia
3100 1065 3369 1133 pr'ojectus
3408 1081 3494 1128 est

1922 1148 1974 1201 in
2020 1157 2220 1202 terram
2257 1165 2420 1217 quam
2453 1151 2747 1209 nesciebat.
2779 1153 2967 1220 Terra,
3004 1165 3172 1220 terra,
3212 1160 3335 1213 auii
3368 1176 3491 1216 vcr-

1921 1240 2045 1294 bum
2090 1240 2321 1296 Domini.
2354 1242 2543 1298 Scribe
2582 1244 2752 1299 virum
2806 1246 2967 1299 istum
3027 1247 3334 1303 abdicatum
3388 1252 3490 1307 lto-

1921 1329 2117 1384 minem
2141 1328 2239 1385 ".i
2279 1328 2477 1388 Factus
2504 1342 2588 1388 est
2616 1333 2781 1404 igitur
2809 1335 3014 1389 inutilis
3050 1346 3103 1391 et
3137 1337 3492 1395 inhonoratus

1922 1419 2102 1476 Israel.
2149 1423 2277 1489 Qua:
2310 1440 2541 1495 namque
2569 1426 2772 1481 utilitas
2793 1429 2861 1483 ab
2891 1429 3070 1482 anima
3103 1428 3195 1484 Dei
3224 1431 3486 1485 desertri-

1920 1528 2000 1574 ce.
2041 1524 2095 1566 et
2131 1515 2368 1583 peccatis
2399 1516 2601 1583 dedita,
2651 1527 2707 1573 et
2743 1517 2902 1575 facile
2928 1520 2983 1574 in
3027 1535 3188 1576 omne
3244 1537 3414 1592 genus
3456 1538 3490 1579 a

1922 1603 2124 1657 ratione
2160 1605 2569 1661 abhorrentium
2620 1610 3012 1678 praecipitante,
3054 1622 3111 1666 et
3138 1615 3282 1683 quod
3314 1616 3487 1670 malo-

1919 1708 2036 1747 rum
2079 1705 2240 1764 caput
2277 1704 2358 1751 est
2378 1734 2392 1757 .
2436 1711 2464 1749 a
2494 1698 2757 1760 servitute
2786 1697 2880 1752 Dei
2908 1715 3029 1755 sese
3055 1710 3362 1769 avertente,
3387 1718 3487 1759 ex-

1916 1787 2203 1853 spectanda
2238 1795 2318 1841 est
2339 1786 2361 1841 ἳ
2383 1786 2554 1854 Quam
2597 1788 2761 1858 igitur
2796 1790 2866 1846 ob
2895 1805 3115 1846 causam
3150 1793 3267 1848 haec
3295 1808 3488 1863 passus

230 1866 413 1920 ὁτιοῦν
443 1866 552 1919 τῶν
578 1867 846 1932 ἐκτόπων,
884 1868 977 1922 καὶ
996 1870 1075 1931 εἰς
1101 1869 1162 1922 τὸ
1186 1870 1403 1923 πάντων
1427 1870 1681 1926 ἐπέκεινα
1704 1870 1802 1925 τῶι

1913 1883 1997 1929 est
2038 1875 2251 1930 Israel?
2288 1895 2307 1927 «ι
2338 1876 2470 1945 Quia
2534 1878 2632 1947 ipsi
2683 1880 3063 1935 ascenderunt.
3097 1898 3115 1931 ι
3163 1880 3244 1935 Ad
3306 1882 3489 1938 hostes

228 1958 443 2022 κακῶν,
484 1958 583 2028 τῆς
611 1957 716 2011 ὑπὸ
744 1957 876 2012 Θεοῦ
912 1958 1154 2022 δουλείας
1185 1961 1287 2030 τὴν
1318 1961 1669 2032 ἀποστροφήν
1701 1978 1717 2027 ;
1749 1962 1814 2015 Τί

227 2045 325 2103 οὖν
349 2051 382 2119 ἠ
410 2049 561 2102 αίτία
592 2049 686 2102 τοῦ
714 2048 783 2102 τὰ
805 2050 983 2104 τοιάδε
1013 2051 1245 2121 πάσχειν
1265 2051 1356 2104 τὸν
1382 2051 1630 2122 Ἰσραήλς
1662 2052 1814 2105 (Ὅτι

226 2141 386 2195 αὐτοὶ
417 2140 711 2211 ἀνέδησαν.
739 2160 757 2194 ι
789 2142 1091 2212 Μονονουχὶ
1134 2141 1265 2213 γὰρ,
1304 2142 1487 2212 φησὶν,
1528 2142 1813 2213 αὐτόμολοι

224 2231 602 2303 δεδραμήκασι
631 2232 764 2303 πρὸς
793 2232 1039 2302 ἐχθρούς.
1071 2232 1263 2303 Πῶς,ἦ
1287 2233 1407 2285 τίνα
1436 2233 1673 2304 τρόπον;
1714 2236 1811 2288 Δε-

222 2321 399 2385 διότες
424 2323 535 2391 γὰρ
559 2323 659 2393 τὴν
691 2321 915 2377 ἐκείνων
951 2322 1161 2393 ἔφοδον,
1209 2325 1272 2377 οὐ
1300 2323 1400 2394 τὴν
1432 2323 1567 2377 Θεοῦ
1613 2324 1813 2395 μᾶλλον

222 2414 548 2486 ἐπικουρίαν
604 2414 849 2485 ἐζήτουν,
914 2414 1436 2485 μεταγινώσκοντες.
1494 2415 1700 2485 Δώροις
1751 2417 1811 2470 δὲ

222 2506 428 2577 μᾶλλον
482 2508 936 2576 μεταπεπείκασι,
988 2510 1375 2580 κατηρεμῆσαι
1432 2509 1629 2582 βραχὺ,
1690 2509 1811 2567 εἷτα

217 2596 319 2667 τὴν
359 2597 574 2651 τοιάνδε
603 2598 817 2668 σκέψιν,
843 2598 919 2662 ὡς
949 2600 1162 2654 εἰκαίαν
1185 2602 1370 2665 αὐτοῖς
1401 2602 1687 2676 ἐσομένην,
1716 2605 1810 2657 καὶ

216 2688 519 2758 ἄχρηστον,
548 2690 770 2762 διαγελᾷ
796 2692 1005 2762 τρόπον
1034 2692 1177 2758 τινὰ,
1208 2693 1382 2761 λέγων
1420 2695 1548 2765 περὶ
1584 2694 1695 2748 τῶν
1745 2696 1810 2749 ὲκ

217 2782 398 2852 φυλῆς
429 2783 674 2855 Ἐφραῒμ
705 2784 1190 2853 βεϐασιλευκότων,
1222 2788 1271 2840 οἳ
1305 2789 1398 2842 καὶ
1422 2788 1570 2861 δῶρα
1598 2790 1810 2861 πεπόμ-

213 2888 354 2939 φασι
410 2876 529 2937 τοῖς
580 2875 881 2946 ’Λσσυρίων
942 2878 1226 2947 τυράννοις
1257 2894 1273 2912 ο
1328 2899 1347 2931 ι
1384 2881 1630 2936 Ἀνέθαλε
1686 2884 1809 2937 καθ’

211 2963 411 3017 ἑαυτὸν
464 2965 724 3036 Ἐφραϊμ.
753 2986 772 3018 ι
835 2969 1060 3038 Ὅμοιον
1108 2969 1185 3032 ὡς
1244 2972 1294 3024 εἰ
1344 2970 1530 3040 λέγοι·
1582 2974 1807 3029 Μέλλων

207 3056 585 3111 ὲκκόπτεσθαι
612 3058 861 3129 καθάπερ
885 3078 936 3113 τι
962 3063 1207 3133 στέλεχος
1232 3065 1261 3117 ό
1285 3065 1349 3117 ἐκ
1372 3064 1541 3135 φυλῆς
1569 3066 1804 3137 Ἐφραῒμ

210 3140 646 3208 βεϐασιλευκὼς,
686 3147 779 3199 καὶ
819 3144 930 3202 οἷον
965 3150 1068 3203 ὑπὸ
1101 3152 1270 3222 πυρὸς
1303 3153 1402 3223 τῆς
1439 3152 1588 3218 θείας
1631 3156 1804 3226 ὀργῆς

210 3236 726 3306 καταμαραίνεσθαι
753 3279 768 3302 ,

209 3324 338 3395 ἐμοῦ
372 3327 521 3398 δίχα,
558 3330 652 3382 καὶ
674 3330 980 3401 σύμπνοιαν
1007 3333 1105 3405 τὴν
1136 3335 1275 3404 ἐμὴν
1303 3337 1403 3390 οὐκ
1430 3336 1587 3408 ἔχων,
1620 3338 1793 3410 ᾠήθη,

210 3417 387 3485 φησὶν,
426 3420 510 3472 ὅτι
546 3418 797 3490 ζήσεται,
852 3425 946 3477 καὶ
970 3423 1130 3477 δώσει
1157 3425 1313 3495 ῥίζαν
1350 3428 1432 3490 εἰς
1471 3427 1655 3497 βάθος,
1702 3430 1796 3484 καὶ

210 3504 315 3556 τῶν
339 3507 483 3563 ἰδίων
509 3510 617 3563 οὐκ
639 3512 1060 3583 ἀπολισθήσεται
1085 3515 1308 3586 θρόνων.
1344 3519 1660 3591 Ἐξεπρίατο
1683 3520 1793 3593 γὰρ

210 3596 543 3671 πρόσκαιρόν
608 3618 668 3654 τε
728 3606 820 3657 καὶ
871 3605 1057 3675 ὀλίγην
1108 3608 1404 3681 ἁνάϐλησιν
1444 3611 1541 3665 τοῦ
1598 3611 1793 3680 κακοῦ,

202 3682 343 3756 δῶρα
373 3690 685 3760 ἀγαπήσας
728 3692 791 3746 οὐ
837 3693 1086 3763 δέχεσθαι
1128 3697 1351 3766 μᾶλλον,
1391 3699 1528 3754 ἀλλὰ
1565 3700 1795 3765 διδόναι.⁸

194 3777 302 3831 Καὶ
332 3780 388 3834 τί
425 3784 492 3835 τὸ
536 3783 819 3851 ὲντεῧθενς
878 3787 1067 3856 ὄφελος
1110 3789 1209 3858 μὲν
1248 3790 1421 3856 οὐδὲν,
1474 3792 1787 3863 παραδοθή-

1916 1965 2067 2031 quasi
2107 1965 2247 2022 ultro
2301 1968 2727 2039 transfugerunt.
2767 1970 2870 2038 Qui
2906 1970 3168 2025 tandem?
3207 1969 3484 2029 Timentes

1916 2056 2060 2109 cnim
2085 2056 2296 2112 illorum
2325 2059 2706 2129 irruptionem,
2728 2077 2854 2128 non,
2876 2071 2937 2118 ut
2950 2074 3192 2132 parerat,
3207 2065 3302 2122 Dei
3328 2081 3485 2137 opem

1914 2147 2242 2215 paenitentes
2303 2159 2699 2219 poposcerunt;
2764 2153 2860 2208 sed
2931 2155 3244 2211 muneribus
3305 2159 3485 2229 potius

1915 2235 2020 2292 illis
2049 2239 2599 2307 persuaseruntaliud
2624 2279 2640 2307 ,
2671 2251 2730 2295 ut
2756 2243 3089 2313 aliquantum
3120 2242 3481 2317 quiescerent.

1917 2326 2117 2383 Deinde
2146 2329 2517 2401 hujuscemodi
2555 2332 2842 2388 consilium
2896 2342 2955 2389 ut
3010 2351 3205 2390 vanum
3245 2337 3377 2407 ipsis
3431 2348 3487 2395 et

1915 2417 2106 2474 inutile
2139 2418 2384 2476 futurum
2435 2422 2624 2478 irridet
2656 2424 2838 2494 aliquo
2890 2428 3067 2491 modo,
3107 2426 3265 2498 122
3295 2428 3485 2484 dicens

1914 2509 1979 2564 de
2034 2511 2251 2581 regibus
2311 2529 2376 2568 ex
2414 2514 2555 2570 tribu
2598 2515 2877 2586 Ephraim,
2904 2518 2997 2588 qui
3039 2528 3092 2574 et
3150 2519 3293 2575 dona
3319 2522 3486 2594 Assy-

1913 2600 2118 2656 riorum
2151 2605 2395 2675 tyrannis
2436 2606 2700 2662 miserunt
2729 2625 2745 2663 :
2781 2626 2799 2660 ι
2828 2608 3091 2665 Reﬂoruit
3122 2627 3219 2682 per
3246 2613 3482 2683 seipsum

1913 2692 2191 2762 Ephraim.
2227 2715 2245 2749 ι
2279 2698 2356 2752 Ac
2400 2698 2445 2754 si
2481 2699 2622 2755 dicat
2657 2717 2671 2753 :
2712 2699 3120 2759 Exscindcndus
3165 2705 3304 2759 sicut
3331 2715 3483 2760 trun~

1910 2799 2007 2841 cus
2051 2801 2145 2841 rex
2200 2784 2267 2842 de
2327 2789 2468 2845 tribu
2510 2790 2790 2860 Ephraim,
2820 2801 2875 2848 et
2931 2803 3186 2866 tanquam
3237 2795 3306 2851 ab
3360 2797 3484 2867 igne

1908 2877 2104 2933 divina:
2177 2879 2273 2934 ira:
2323 2885 2743 2950 consumendus,
2791 2886 3031 2941 reﬂoruit
3087 2902 3183 2958 per
3217 2890 3478 2959 seipsum.

1908 2968 2010 3024 hoc
2042 2978 2148 3035 est,
2185 2971 2305 3027 sine
2348 2987 2468 3040 me;
2495 2983 2551 3029 et
2600 2976 2983 3049 aspirationem
3022 2994 3193 3034 meam
3226 2996 3332 3037 non
3382 2980 3481 3036 ha-

1907 3058 2061 3128 beas,
2093 3062 2302 3131 putavit
2349 3076 2409 3118 se
2434 3065 2724 3131 victurum,
2760 3075 2816 3124 et
2867 3068 3077 3125 radices
3118 3070 3256 3126 altas
3322 3080 3480 3126 actu-

1908 3167 2049 3220 rum,
2124 3163 2180 3210 et
2232 3156 2481 3211 thronum
2548 3174 2706 3213 suum
2771 3175 2876 3215 non
2944 3162 3291 3218 amissurum.
3337 3163 3480 3219 Emit

822 3240 1049 3295 ἀνέθαλε
1083 3242 1208 3297 καθ’
1236 3244 1446 3309 ἑαυτὸν,
1498 3247 1798 3311 τουτέστιν,

1906 3244 2049 3298 enim
2076 3242 2392 3301 dilationem
2424 3247 2555 3302 mali
2587 3250 2652 3304 ad
2686 3258 2895 3319 tempus
2921 3253 3217 3320 modicum,
3256 3264 3480 3310 conten-

1910 3343 1999 3389 tus
2035 3336 2175 3390 dona
2211 3350 2317 3392 non
2363 3339 2634 3409 accipere,
2674 3342 2770 3396 sed
2798 3343 2946 3398 dare.
2979 3343 3118 3410 Quid
3150 3344 3320 3401 inde!
3357 3345 3478 3403 Uti—

1904 3426 2029 3483 litas
2064 3427 2233 3484 nulla.
2290 3429 2600 3487 Tradcntur
2664 3442 2845 3490 autem
2893 3437 3159 3508 gentibus,
3194 3446 3250 3492 et
3284 3451 3381 3507 per
3411 3452 3476 3496 ea

1902 3534 2022 3589 quin
2049 3520 2229 3577 futura
2260 3533 2387 3579 sunt
2427 3534 2778 3596 cognoscent,
2808 3528 3076 3583 neminem
3106 3531 3475 3599 regerminare

1903 3626 1999 3680 per
2048 3626 2127 3679 se,
2160 3630 2334 3685 neque
2384 3618 2642 3686 prodesse
2676 3617 2843 3673 Deum
2892 3619 3289 3677 oll‘endeutibus
3332 3621 3473 3677 dona
3500 3660 3513 3669 ο

1901 3703 2030 3758 dare
2082 3704 2368 3772 hostibus;
2424 3707 2581 3775 paulo
2608 3716 2732 3777 post
2778 3709 2924 3762 enim
2974 3710 3237 3780 supplicio
3286 3710 3474 3780 subia-

1897 3792 2115 3851 cebunt.

193 3885 379 3925 σονται
411 3873 473 3926 δὲ
504 3876 625 3937 τοῖς
648 3876 850 3943 ἔθνεσι,
891 3880 987 3933 καὶ
1026 3881 1094 3934 δι’
1135 3881 1314 3935 αὐτῶν
1343 3883 1645 3953 μαθήσουσι
1715 3886 1825 3939 τῶν
1865 3884 2316 3956 συμϐησομένων,
2344 3887 2419 3950 ὼς
2441 3887 2539 3941 οὐκ
2566 3888 2632 3943 ἄν
2694 3905 2778 3951 τις
2810 3889 3065 3947 ἀναθάλοι
3095 3893 3216 3948 καθ’
3254 3894 3469 3961 ἑαυτὸν,

184 3958 295 4012 οὐδ’
328 3962 396 4015 ἂν
443 3963 691 4042 ὀνήσειεκ
715 3968 841 4030 τοὺς
895 3968 1015 4039 Θεῷ
1061 3972 1498 4043 προσκρούοντας
1543 3975 1604 4030 τὸ
1635 3976 1787 4045 δῶρα
1820 3976 2022 4029 διδόναι
2055 3978 2170 4041 τοῖς
2224 3977 2438 4050 ἐχθροῖς
2474 3993 2490 4007 ·
2531 3980 2911 4036 ὑποκείσονται
2950 3984 3077 4055 γὰρ,
3120 3989 3211 4040 καὶ
3244 3989 3344 4042 οὐκ
3388 3990 3468 4053 εἰς

183 4053 445 4122 μακρὰν,
477 4058 552 4125 τῇ
584 4054 729 4128 δίκῃ.

254 4143 396 4197 Νῦν
412 4144 771 4214 εἰσδέξομαι
791 4151 1033 4216 αὐτοὺς,
1062 4153 1159 4205 καὶ
1183 4154 1525 4209 κοπὰσουσι
1553 4156 1788 4225 μικρὸν,

174 4234 293 4287 τοῦ
325 4236 539 4303 χρίειν
572 4236 840 4299 βασιλέα
866 4243 965 4294 καὶ
991 4242 1303 4311 ἄρχοντας.

252 4327 380 4392 μ’.
443 4326 716 4398 Ἀπάσης,
755 4329 831 4393 ὡς
870 4331 1001 4396 ἔπος
1039 4335 1233 4397 εἰπεῖν,
1294 4335 1395 4405 τῆς
1434 4335 1528 4390 τοῦ
1575 4338 1787 4410 Ἰσραὴλ
1816 4375 1865 4434 D

169 4417 546 4488 φαυλότητος
598 4420 880 4490 παραίτιοι
931 4422 1220 4490 γεγόνασιν
1261 4426 1310 4497 οί
1344 4426 1409 4478 ἐκ
1469 4426 1640 4496 φυλῆς
1692 4429 1786 4480 τοῦ

182 4510 442 4581 Ἐφραῒμ
494 4512 590 4562 ἐπ’
637 4512 834 4577 αὐτοὺς
897 4512 1364 4583 βεϐασιλευκότες.
1418 4517 1641 4588 Πρῶτος
1685 4518 1785 4587 μὲν

167 4604 282 4672 γὰρ
323 4604 354 4653 ὁ
395 4603 685 4672 ἐπάρατος
738 4602 1017 4676 Ἰεροϐοὰμ
1061 4610 1159 4676 τῆς
1187 4608 1520 4672 ἀποστασίας
1555 4610 1783 4676 γέγονεν

163 4694 440 4765 εὑρετὴς,
494 4696 764 4765 δαμάλεις
810 4699 994 4761 αὐτοῖς
1040 4700 1349 4770 ἀναστήσας
1409 4703 1634 4771 χρυσᾶς,
1687 4703 1780 4754 καὶ

157 4787 276 4839 τῶν
328 4786 701 4855 καλουμένων
750 4789 991 4862 ὑψηλῶν,
1038 4792 1308 4855 τουτέστι,
1350 4793 1458 4845 τῶν
1494 4794 1554 4845 ὲν
1601 4794 1772 4863 ὄρεσι,

158 4877 262 4929 καὶ
321 4876 557 4945 βουνοῖς
591 4880 827 4946 τεμενῶν
872 4880 1136 4943 καθιστὰς
1177 4884 1361 4952 ἱερεῖς,
1398 4884 1521 4947 τοὺς
1565 4886 1665 4938 οὐκ
1712 4886 1777 4936 ἐκ

155 4968 347 5038 φυλῆς
389 4965 556 5026 Λευῒ.
599 4966 711 5019 ἀλλ’
741 4969 853 5021 ὅσοι
877 4970 1078 5039 μᾶλλον
1105 4989 1124 5022 ι
1164 4972 1464 5044 Ἐπλήρουν
1496 4975 1593 5045 τὴν
1621 4977 1778 5045 χεῖρα

154 5058 375 5115 αὐτῶν.
407 5076 427 5108 ι
484 5055 637 5108 κατὰ
676 5056 736 5109 τὸ
769 5061 1169 5132 γεγραμμένον.
1212 5059 1345 5118 Εἶτα
1392 5065 1507 5135 μετ’
1547 5067 1776 5131 ἐκεῖνον,

151 5150 267 5204 τῶν
310 5149 644 5220 Ἀσσυρίων
674 5150 1155 5222 προσδοκωμένων,
1201 5155 1260 5208 ὲν
1284 5156 1460 5225 καιρῷ
1488 5157 1588 5226 τῆς
1626 5156 1779 5226 βασι-

152 5244 313 5307 λείας
338 5242 614 5312 Μαναῖμ,
654 5243 977 5313 πεπόμφασι
1012 5247 1290 5316 χρήματα,
1322 5247 1602 5309 πείθοντες
1640 5248 1776 5300 ἀπο-

154 5337 394 5407 σχέσθαι
438 5336 550 5404 τῆς
604 5336 726 5405 γῆς.
770 5334 1037 5407 Ταύτῃτοι
1080 5337 1303 5401 δικαίως
1333 5341 1366 5408 ἡ
1406 5338 1527 5390 θεία
1556 5338 1776 5404 γέγονεν

153 5427 362 5498 ἀπειλὴ
392 5425 552 5479 κατὰ
582 5425 687 5494 τῆς
725 5425 1025 5495 βασιλείας,
1066 5428 1165 5496 τῆς
1203 5430 1267 5480 ἐκ
1315 5428 1489 5497 φυλῆς
1537 5427 1777 5497 Ἐφραῖμ

151 5518 554 5589 γεγενημένης
609 5517 703 5568 ἐπὶ
759 5517 849 5569 τὸν
908 5518 1143 5589 Ἰσραήλ.
1208 5537 1225 5570 ι
1257 5517 1369 5571 Νῦν
1422 5519 1529 5588 γὰρ
1578 5518 1775 5581 αὐτοὺς

152 5612 505 5680 εἰσδέξομαι,
542 5627 562 5660 ι
608 5609 794 5677 φησὶν,
839 5610 936 5680 οὐχ
960 5609 1033 5673 ὡς
1068 5612 1271 5682 τρόπον
1301 5609 1518 5679 ἔχοντας
1548 5609 1773 5677 ἀγαθὸν,

219 5783 266 5811 ’⁸
306 5791 427 5848 Jer.
479 5806 624 5855 xm,
660 5790 856 5846 9.8.30.
939 5792 981 5825 ’θ
1021 5790 1082 5844 lll
1119 5790 1250 5857 Reg.
1291 5805 1407 5856 xm,
1442 5792 1528 5846 53.

1973 4151 2135 4206 Vens.
2162 4152 2250 4209 10.
2284 4151 2337 4205 Ν
2343 4171 2441 4207 unc
2459 4157 2741 4223 suscipiam
2764 4176 2872 4224 eos,
2898 4173 2943 4215 et
2967 4164 3230 4229 quiescent
3251 4182 3464 4234 parum:

1896 4258 1951 4295 ut
1980 4253 2175 4311 ungunt
2204 4260 2373 4311 regem
2400 4255 2449 4297 et
2481 4248 2763 4318 principes.

1963 4332 2096 4388 XCI.
2143 4332 2332 4390 Omnis
2358 4334 2716 4406 improbitatis
2740 4340 2926 4409 lsrael,
2967 4353 3026 4399 ut
3049 4345 3224 4402 dicam
3249 4352 3462 4419 paucis,

1892 4437 2057 4478 causa
2092 4422 2330 4490 fuerunt,
2363 4426 2451 4495 qui
2508 4427 2574 4482 de
2635 4429 2774 4485 tribu
2825 4431 3081 4501 Ephraim
3124 4452 3344 4508 regnum
3409 4446 3464 4498 in

1891 4525 1986 4567 eos
2058 4522 2372 4569 tenuerunt.
2434 4515 2646 4573 Primus
2703 4521 2847 4574 enim
2904 4530 3275 4586 exsecrandus
3319 4532 3464 4587 Jeru-

1891 4602 2049 4657 boam
2098 4607 2381 4672 apostasia:
2428 4608 2676 4663 inventor
2700 4610 2827 4677 fuit,
2859 4619 3076 4684 quando
3108 4618 3238 4687 ipsis
3289 4623 3463 4675 erexit

1888 4694 2022 4749 duos
2050 4696 2266 4763 vitulos,
2319 4707 2373 4753 et
2433 4705 2644 4754 excelsa
2697 4718 2816 4771 quas
2872 4718 3151 4775 vocantur,
3200 4719 3304 4766 hoc
3356 4720 3458 4776 est,

1887 4786 2080 4854 templa
2110 4787 2163 4841 in
2198 4790 2468 4845 montibus
2510 4802 2561 4846 et
2596 4793 2841 4857 collibus,
2872 4800 3177 4856 constitutis
3206 4805 3461 4858 sacerdo-

1887 4877 2027 4931 tibus
2077 4880 2167 4948 qui
2197 4896 2300 4937 non
2327 4895 2481 4937 erant
2528 4886 2594 4938 de
2627 4887 2768 4941 tribu
2817 4886 2967 4958 Levi,
3003 4894 3097 4947 sed
3136 4894 3225 4962 qui
3274 4895 3453 4965 potius

1893 4986 1911 5019 ι
1950 4969 2237 5039 implerent
2286 4989 2499 5029 manum
2553 4992 2704 5031 suam
2739 4980 2782 5012 ²⁹
2813 5019 2827 5043 ,
2873 5000 2891 5031 ι
2941 4992 2999 5037 ιιι
3041 4987 3300 5054 scriptum
3350 4998 3452 5042 est.

1887 5058 2089 5117 Deinde
2126 5073 2244 5131 post
2300 5064 2472 5128 illum,
2538 5082 2658 5119 cum
2706 5069 2914 5140 Assyrii
2972 5085 3450 5142 exspectarentur,

1883 5163 2145 5223 regnante
2177 5152 2440 5219 Manaim,
2474 5158 2733 5213 miserunt
2775 5163 3053 5228 pecunias,
3110 5165 3309 5234 quibus
3356 5183 3450 5223 eos

1884 5259 1913 5295 a
1945 5243 2264 5297 vastitudine
2297 5243 2576 5311 inferenda
2615 5250 2947 5305 abstinerent
2976 5254 3039 5305 ³ο.
3080 5254 3256 5320 Quare
3288 5259 3450 5313 uteri-

1884 5349 1935 5391 to
1968 5338 2125 5391 minae
2175 5347 2361 5391 contra
2412 5354 2656 5409 regnum,
2687 5355 2752 5394 ex
2791 5341 2929 5394 tribu
2988 5341 3241 5412 Ephraim
3288 5361 3450 5416 Super

1879 5427 2042 5482 Israel
2075 5426 2375 5481 institutum
2408 5430 2666 5484 divinitus
2720 5431 2994 5485 intentata:
3054 5443 3199 5487 sunt.
3240 5454 3259 5486 ι
3302 5436 3452 5493 Nunc

1878 5520 2022 5573 enim
2056 5534 2151 5574 eos
2182 5520 2471 5587 suscipiam
2498 5559 2513 5585 ,
2538 5539 2556 5572 ι
2592 5522 2782 5590 inquit,
2816 5538 2918 5576 non
2943 5533 2998 5577 ut
3018 5525 3152 5581 bene
3191 5542 3450 5597 moratos,

1880 5625 2053 5680 neque
2094 5609 2434 5680 utoptimam
2486 5610 2698 5667 vivendi
2731 5613 2871 5669 viam
2933 5617 3223 5687 ingressos,
3278 5636 3452 5690 neque

1619 5792 1661 5821 3°
1692 5790 1757 5845 ιγ
1793 5790 1922 5860 Reg.
1967 5807 2052 5854 xv,
2090 5792 2175 5845 19.
