4034 6270
579 391 682 448 9.θῖ

1611 388 1668 442 S.
1712 385 1980 442 CYRILLI
2021 384 2488 442 ALEXANDHINI
2528 384 2847 441 AliClllEP.

3715 390 3832 446 99-3

581 508 829 580 legalium
896 509 1258 562 institutorum
1292 503 1533 572 cupidos,
1567 503 1658 557 sed
1708 513 1766 557 ut.
1797 513 2073 558 corrector
2105 518 2141 557 et

2260 501 2380 554 οὐδὲ
2417 499 2492 563 ὼς
2520 501 2719 570 ἄριστα
2749 499 2896 570 βιοῦν
2922 500 3228 572 ἑλομένους,
3270 501 3396 555 οὔτε
3432 501 3540 572 μὴν
3571 503 3718 557 κατὰ
3745 505 3847 558 τὶν

579 612 768 668 ρωπος
794 597 1034 666 exigens,
1064 602 1117 648 et
1143 592 1248 660 iam
1294 591 1358 644 ad
1389 591 1652 660 judicium
1689 606 1906 646 vocans.
1935 591 2154 660 Suppli-

578 690 661 742 cia
696 687 859 749 enim,
915 699 1036 753 qua:
1070 684 1240 737 iratus
1309 681 1652 744 inveherent,
1684 681 1956 752 prmterito
2015 691 2153 734 tem-

577 791 710 847 pore
761 791 826 830 ex
878 773 1292 829 mansuetudine
1340 772 1546 828 distuli.
1611 771 1929 827 SedtNunc
1979 771 2152 827 susci-

573 870 715 936 piam
746 881 859 933 eos,
903 885 922 919 ι
953 866 1146 937 inquit,
1179 874 1236 919 ut
1271 865 1532 919 malorum
1571 863 1900 933 experientia
1945 862 2154 918 discant

573 959 788 1012 tandem
831 972 890 1011 se
945 957 1046 1011 sub
1099 955 1349 1023 Domino,
1388 970 1486 1009 nec
1521 964 1670 1008 extra
1715 967 1932 1007 manum
1980 967 2151 1006 meam

578 1065 722 1106 csse.
779 1048 895 1104 Non
937 1058 1114 1103 autem
1151 1062 1341 1118 pmnas
1375 1047 1587 1102 diutius
1619 1047 1839 1100 dilatum
1867 1045 1952 1110 iri,
2005 1055 2154 1100 certo

587 1152 840 1208 testatur,
870 1142 1068 1196 utendo
1095 1140 1358 1210 particula
1408 1155 1568 1194 nunc.
1614 1137 1859 1206 Suscepti
1904 1138 2067 1208 igitur
2098 1147 2149 1190 Ill

577 1234 962 1303 corripiantur,
999 1233 1250 1300 deinceps
1280 1245 1483 1298 ungere
1541 1245 1721 1299 regem
1775 1239 1829 1283 et
1877 1228 2149 1298 principes

588 1325 872 1379 desistent.
908 1321 1146 1390 Assyriis
1200 1334 1436 1389 namque
1464 1329 1518 1374 et
1548 1319 1715 1374 Medis
1748 1318 2152 1381 servientes,ad

573 1431 736 1484 opera
772 1415 1052 1482 apostasia:
1100 1410 1486 1479 frequentanda
1539 1409 1681 1478 quod
1745 1409 1959 1463 tandem
1983 1409 2151 1463 otium

571 1507 856 1567 baberent,
887 1501 1042 1572 123
1078 1501 1432 1554 lamentantes
1473 1499 1772 1564 assiduc,et
1813 1499 2153 1569 inexspecta-

573 1605 678 1647 tam
746 1593 1109 1648 calamitatem
1173 1589 1550 1658 deplorantes?
1611 1589 1898 1643 Sciendum
1950 1598 2150 1661 autem,

571 1694 862 1754 postquam
927 1682 1098 1754 Cyrus
1172 1681 1454 1751 ρωποι-ξω
1517 1680 1658 1735 iilius
1706 1680 1957 1735 lsraelem
2015 1681 2153 1735 libe-

2256 592 2420 662 νόμον
2452 591 2727 654 πολιτείας
2756 590 3094 661 ἐφιεμένους,
3127 592 3243 646 ἀλλ’
3280 593 3358 655 ὼς
3389 594 3706 665 παιδευτὴς,
3741 598 3847 651 καὶ

2252 682 2406 744 δίκας
2435 679 2619 743 αἰτῶν,
2657 681 2750 732 καὶ
2781 681 2884 733 ὑπὸ
2912 681 3088 751 κρίσιν
3118 683 3217 752 ἤδη
3247 682 3447 735 καλῶν.
3476 684 3713 755 Παρῆκα
3739 686 3847 754 μὲν

2253 772 2363 843 γὰρ
2387 771 2445 837 ἐξ
2473 771 2808 842 ἡμερότητος
2835 771 2915 834 είς
2953 771 3243 842 ὑπέρθεσιν
3272 773 3338 825 τὰ
3369 773 3434 825 ὲκ
3467 772 3618 836 θείας
3636 774 3840 843 ὀργῆς,

2253 861 2396 916 κατὰ
2413 862 2504 916 τὸν
2531 863 2632 933 ῆδη
2663 864 3028 934 παρῳχηκότα
3056 864 3264 934 καιρόν.
3297 864 3456 918 Ἀλλά
3490 864 3614 916 «νῦν
3638 866 3846 928 αὐτοὺς

2253 951 2583 1023 εἰσδέξομαι,
2609 973 2628 1005 ι
2669 955 2851 1024 φησὶν,
2906 955 2992 1007 ἵνα
3036 956 3101 1025 τῇ
3131 953 3239 1006 τῶν
3273 955 3461 1008 δεινῶν
3495 957 3662 1026 πείρᾳ
3698 974 3840 1026 μαν-

2253 1043 2457 1098 θάνωσι
2493 1043 2666 1114 μόλις,
2701 1045 2782 1096 ὃτι
2832 1045 2926 1096 καὶ
2974 1043 3078 1096 ὑπὸ
3123 1043 3390 1112 δεσπότην
3427 1045 3556 1106 etot,
3605 1047 3698 1098 καὶ
3737 1046 3841 1114 τῆς

2255 1135 2396 1205 ἐμῆς
2423 1135 2524 1188 οὐκ
2562 1134 2666 1201 ἔξω
2703 1135 2902 1205 χειρός.
2940 1135 3060 1188 Ὀτι
3093 1134 3172 1195 δὲ,
3205 1135 3305 1187 οὐκ
3337 1137 3416 1198 είς
3438 1135 3742 1202 ἀνάϐλησιν
3768 1138 3840 1189 τὰ

2251 1225 2312 1290 ἐξ
2352 1226 2544 1295 ὀργῆς,
2573 1227 2652 1278 ἔτι
2689 1225 3170 1296 πεπληροφορηκε,
3202 1225 3372 1294 λέγων
3419 1227 3501 1288 τὸ,
3543 1226 3658 1279 νῦν.
3713 1229 3840 1280 Εἰσ-

2250 1314 2526 1386 δεχθέντες
2581 1315 2644 1386 δὴ
2703 1311 2795 1368 οὖν
2851 1317 2936 1368 ἵνα
3001 1315 3379 1378 παιδεύωνται,
3456 1316 3836 1370 πεπαύσονται

2251 1406 2436 1460 λοιπὸν
2460 1406 2555 1460 τοῦ
2578 1407 2752 1478 χρίειν
2778 1406 3003 1476 βασιλέα
3031 1407 3125 1459 καὶ
3168 1407 3451 1475 ἄρχοντας.
3477 1406 3836 1468 Δουλεύοντες

2250 1498 2360 1567 γὰρ
2400 1499 2704 1569 Ἀσσυρίοις
2733 1500 2827 1551 καὶ
2856 1499 3077 1569 Μήδοις,
3105 1498 3261 1551 ποίαν
3285 1498 3393 1568 γάρ
3424 1499 3582 1567 ἔσχον
3636 1500 3834 1569 σχολὴν

2249 1589 2320 1642 τά
2342 1591 2441 1662 τῆς
2470 1589 2806 1652 ἀποστασίας
2835 1589 2971 1660 ἔργα
2999 1589 3260 1660 πληροῦν,
3287 1590 3402 1657 οἶγε
3432 1592 3526 1642 καὶ
3555 1591 3833 1659 κατοιμώο

2251 1680 2436 1746 ζοντες
2502 1684 2800 1748 διετέλουν,
2851 1683 2946 1736 καὶ
2992 1683 3090 1753 τὴν
3147 1682 3406 1751 ἀδόκητον
3460 1682 3830 1750 κατεθρήνουν

569 1792 691 1830 rum
716 1776 945 1840 dimisit,
970 1791 1072 1828 non
1102 1773 1264 1830 fuisse
1295 1783 1488 1828 unctos
1520 1773 1573 1827 in
1615 1771 1860 1826 Samaria
1904 1773 1971 1827 de
2007 1769 2141 1825 tribu

2255 1773 2578 1842 συμφοράν;
2636 1774 2830 1826 Ἰστέον
2875 1772 2932 1825 δὲ
2961 1773 3064 1835 ὅτι,
3100 1771 3237 1842 μετά
3300 1771 3361 1823 τὸ
3399 1772 3613 1824 ἀνεῖναι
3651 1771 3831 1842 Κῦρον

575 1865 858 1935 prraim,
896 1866 989 1919 sed
1015 1879 1210 1920 censos
1259 1865 1327 1918 ab
1356 1877 1463 1917 uno
1502 1863 1630 1934 jugo
1659 1877 1866 1929 omnes,
1900 1860 2141 1918 Hieroso«

2251 1863 2345 1918 τοῦ
2397 1862 2696 1934 Καμϐύσου
2749 1862 2848 1931 τῆς
2902 1861 3277 1932 αἰχμαλωσίας
3325 1861 3416 1916 τὸν
3470 1862 3712 1932 Ἰσραὴλ,
3770 1864 3829 1914 ού

572 1957 734 2027 lymis
763 1959 828 2011 de
864 1957 1001 2010 tribu
1045 1954 1180 2010 Juda
1227 1956 1596 2025 regnantibus.
1645 1955 1763 2011 Non
1820 1956 1964 2010 enim
2009 1953 2141 2012 ultra

2248 1952 2570 2024 κεχρίκασιν
2617 1954 2676 2006 tv
2725 1953 3011 2024 Σαμαρείᾳ
3057 1953 3183 2017 τοὺς
3223 1953 3287 2005 ἑκ
3332 1952 3508 2022 φυλῆς
3565 1952 3823 2022 Ἐφραῒμ.

567 2046 782 2100 (livisim
838 2045 1173 2109 habitabant,
1214 2045 1306 2099 sed
1338 2043 1728 2115 Hierosolymis
1771 2045 2029 2100 universi.
2064 2044 2141 2100 ln-

2245 2043 2360 2097 ἀλλ⁹
2388 2043 2476 2112 ὑφ’
2499 2043 2596 2095 ἒνα
2627 2043 2826 2106 πάντες
2850 2044 3104 2111 γεγόνασι
3131 2043 3315 2111 ζυγὸν,
3348 2043 3744 2113 βασιλευόντων
3771 2046 3827 2095 ἐν

565 2138 692 2206 cipit
726 2148 903 2192 autem
936 2137 1145 2206 primus
1175 2144 1299 2204 post
1325 2137 1694 2206 captivitatem
1725 2145 1906 2190 tenere
1927 2146 2140 2189 utrum-

2252 2134 2648 2205 Ἰεροσολύμοις
2675 2135 2782 2187 τῶν
2803 2137 2862 2202 ἐξ
2895 2134 3063 2188 Ἰούδα
3091 2135 3282 2203 φυλῆς.
3313 2135 3692 2206 Κατῳκήκασι
3720 2135 3828 2202 γὰρ

566 2239 672 2292 que
704 2239 946 2292 regnum,
993 2221 1183 2288 Israel,
1216 2228 1456 2290 inquam,
1485 2233 1534 2278 et
1568 2223 1730 2290 Iuda,
1754 2225 1868 2278 sive
1899 2225 2138 2278 omnium

2242 2227 2426 2278 οὐκέτι
2501 2227 2867 2298 διῃρημένως,
2952 2227 3066 2279 ἀλλ’
3121 2228 3179 2279 ὲν
3249 2229 3362 2289 τοῖς
3433 2226 3827 2298 Ἰεροσολύμοις

563 2314 848 2368 duodecim
912 2313 1172 2378 tribuum,
1231 2314 1531 2370 Zorobabel
1587 2315 1732 2371 illius
1787 2315 2047 2372 Salathiel
2083 2316 2141 2371 dc

2253 2316 2509 2378 ἅπαντες.
2541 2318 2802 2387 Ἀρχεται
2824 2317 2880 2369 δὲ
2923 2317 3133 2387 πρῶτος
3170 2317 3308 2386 μετά
3352 2318 3476 2380 τοὺς
3510 2317 3613 2386 τῆς
3663 2317 3824 2384 αἰχμ-

565 2405 715 2476 tribu
758 2402 893 2458 .luda
920 2405 985 2466 ³¹,
1018 2404 1144 2459 .lesu
1179 2405 1286 2459 tilio
1331 2405 1554 2462 losedec
1631 2407 1874 2476 principe
1941 2407 2141 2462 ordinis

2253 2409 2490 2472 αλωσίας
2520 2410 2743 2478 καιροὺς
2769 2409 2869 2478 τῆς
2899 2409 2986 2461 ἐπ’
3019 2410 3221 2478 ἀμφοῖν
3265 2408 3567 2478 βασιλείας,
3599 2409 3744 2478 φημὶ
3766 2407 3825 2474 δὴ

565 2493 806 2558 Levitici,
843 2504 898 2549 et
937 2497 1131 2550 sumtni
1175 2496 1458 2552 sacerdotii
1509 2497 1875 2551 ministerium
1919 2499 2141 2552 admini-

2250 2500 2350 2552 τοῦ
2389 2517 2447 2552 τε
2488 2501 2703 2572 Ἰσραὴλ
2754 2500 2848 2553 καὶ
2890 2501 2984 2552 τοῦ
3025 2500 3216 2563 Ἰούδα,
3267 2501 3386 2569 ῆτοι
3435 2499 3631 2552 πασῶν
3656 2498 3824 2560 ἅπαξ·

570 2594 800 2638 strante.
2249 2587 2435 2650 απλῶς
2461 2589 2567 2640 τῶν
2592 2588 2910 2640 δυοκαίδεκα
2947 2589 3127 2657 φυλῶν
3155 2589 3459 2659 Ζοροϐάϐελ
3489 2590 3518 2641 ὁ
3548 2587 3641 2641 τοῦ
3659 2589 3825 2640 Σαλα.

567 2679 780 2748 θιὴλὲκ
810 2679 982 2750 φυλῆς
1025 2678 1214 2744 Ἰούδα,
1247 2678 1358 2734 τῶν
1430 2682 1735 2735 Λευιτῖκῶν
1803 2679 2214 2751 καθηγουμένου
2249 2682 2566 2752 ταγμάτων,
2622 2683 2718 2735 καὶ
2770 2686 2868 2751 τὴν
2916 2682 3016 2751 τῆς
3077 2681 3490 2753 ἀρχιερωσύνης
3546 2681 3856 2751 διέποντος,

563 2774 908 2846 λειτουργίαν
969 2775 1144 2846 Ἰησοῦ
1193 2774 1288 2830 τοῦ
1349 2776 1614 2842 Ἰωσεδὲκ,
1665 2776 1758 2830 τοῦ
1810 2775 2000 2847 ἱερέως
2049 2775 2143 2829 τοῦ
2181 2776 2439 2845 μεγάλου.

638 2865 802 2921 Vens.
836 2868 924 2931 Η,
963 2868 1050 2921 19..
1083 2867 1224 2932 Quia
1255 2869 1621 2937 multiplicauit
1670 2869 1920 2937 Epirraim
1952 2871 2144 2922 altaria

562 2959 617 3010 in
643 2958 1034 3028 peccata,farta
1066 2966 1186 3010 sunt
1214 2959 1260 3010 ei
1286 2961 1481 3012 altaria
1510 2960 1723 3012 dilecta.
1754 2960 2058 3013 Describam
2097 2966 2144 3018 ei
2171 2949 2184 2960 ί

563 3051 974 3111 multitudinem,
1017 3061 1061 3105 et
1087 3050 1319 3120 legitima
1349 3066 1548 3106 eorum.
1579 3049 1644 3106 In
1679 3051 1851 3106 aliena
1890 3063 2126 3120 reputate

565 3151 686 3196 sum
716 3143 762 3195 ei
787 3141 984 3195 altaria
1013 3143 1224 3196 dilecta.

636 3316 790 3372 XCII.
821 3317 1050 3373 Causam
1084 3318 1310 3388 profert,
1347 3329 1569 3390 propter
1606 3336 1767 3391 quam
1816 3320 1959 3390 juste
1985 3334 2138 3390 pote-

565 3418 678 3462 stas
695 3409 840 3479 regia
866 3409 1084 3463 tollatur
1107 3410 1157 3463 in
1181 3410 1665 3481 posterum.Longe
1685 3413 1912 3482 plurima
1939 3414 2137 3484 quippe

562 3498 753 3552 altaria
780 3498 833 3552 in
858 3506 1210 3568 peccata,seu
1237 3499 1304 3554 ad
1337 3501 1668 3569 peccandum
1701 3502 1832 3557 fecit
1859 3503 2134 3573 prraim.

562 3589 826 3660 Taugitur
857 3591 1006 3658 prior
1032 3589 1340 3659 .leroboam,
1372 3591 1465 3662 qui
1497 3593 1563 3647 de
1590 3593 1729 3649 tribu
1763 3593 2014 3664 prraim
2043 3611 2138 3650 na-

563 3689 650 3736 tus
673 3683 935 3752 regnavit,
973 3691 1029 3736 et
1063 3683 1154 3753 qui
1186 3698 1310 3738 eum
1341 3684 1534 3739 ordine
1562 3695 1913 3755 exceperunt,
1937 3686 2136 3756 quique

562 3773 616 3824 in
652 3773 799 3826 omni
843 3781 1024 3826 monte
1049 3782 1101 3825 et
1129 3774 1268 3828 colle
1300 3788 1425 3828 aras
1458 3773 1793 3831 damonibus
1819 3784 2133 3840 erexerunt,

562 3873 616 3916 ct
669 3863 939 3918 Israelitas
968 3863 1035 3917 ad
1089 3865 1506 3919 sacriﬁcandum
1543 3865 1899 3922 induxerunt.
1932 3868 2138 3922 Deinde

565 3968 685 4006 cum
699 3967 859 4021 super
875 3955 1008 4009 adeo
1029 3956 1262 4011 infandis
1289 3955 1618 4010 facinoribus
1649 3957 1828 4011 dolere
1857 3959 2134 4023 deberent,

569 4062 587 4093 ι
612 4045 1034 4113 multiplicarunt
1074 4047 1216 4100 enim
1249 4047 1440 4100 altaria
1476 4047 1530 4101 in
1565 4057 1842 4116 peccata,»
1869 4046 2134 4114 fecerunt,

563 4137 756 4206 inquit,
777 4137 938 4191 etiam
961 4157 981 4189 ι
1010 4139 1236 4206 dilecta,
1270 4146 1324 4193 et
1356 4139 1576 4210 insuper
1601 4138 1654 4193 in
1680 4139 1853 4195 aliena
1888 4151 2136 4212 reputata

563 4225 835 4290 suntdli,»
864 4227 1048 4296 utique
1068 4227 1574 4296 Epitraim,caltaria
1601 4230 2138 4301 dilecta.xSignilicat

561 4313 721 4383 plane
751 4315 803 4369 iu
835 4316 1002 4370 veteri
1021 4316 1386 4382 tabernaculo,
1415 4319 1526 4373 sive
1548 4317 1941 4392 Hierosolymis
1975 4324 2027 4376 in
2055 4323 2138 4377 di-

560 4406 686 4459 vino
705 4405 898 4474 tempto
927 4406 1118 4474 posita.
1145 4405 1313 4460 Erant
1335 4419 1514 4463 autem
1542 4410 1667 4474 duo,
1697 4426 1859 4465 unum
1893 4412 2136 4466 victima-

561 4511 680 4550 rum
732 4499 783 4550 iu
831 4498 1008 4567 primo
1059 4513 1152 4552 seu
1192 4501 1463 4554 exteriore
1507 4501 1876 4565 tabernaculo,
1909 4502 2136 4557 alterum

554 4586 928 4657 thymiamatis
953 4600 1196 4652 aureum,
1224 4587 1277 4641 in
1309 4589 1548 4643 secundo
1573 4599 1628 4642 et
1655 4591 1849 4643 intimo
1883 4591 2130 4645 taberna-

560 4678 683 4732 culo
701 4676 766 4728 ³’.
801 4673 963 4728 Multa
1000 4677 1162 4746 igitur
1193 4691 1379 4748 regum
1405 4678 1866 4746 prraimitarum
1892 4681 2130 4737 scelera:

560 4767 795 4837 primum
829 4766 1066 4835 quidem,
1097 4767 1222 4835 quia
1247 4765 1676 4838 multiplicarunt
1705 4769 1892 4824 altaria
1927 4771 1981 4825 in
2013 4788 2134 4842 pec-

563 4868 681 4910 cata
705 4865 956 4925 :pustea,
983 4856 1108 4924 quia
1138 4866 1194 4910 et
1231 4856 1424 4910 dilecta
1445 4857 1725 4923 fecerunt,
1750 4857 1831 4912 ob
1877 4873 1995 4926 quae
2017 4863 2136 4930 jure

563 4947 848 5001 lmentari
877 4955 933 5000 et
966 4947 1150 5017 iugere
1188 4947 1518 5012 debuissent,
1552 4950 1731 5020 utqui
1766 4949 1935 5006 Deum
1967 4952 2137 5008 offen-

562 5042 796 5106 dissent;
852 5049 908 5096 et
945 5039 1090 5109 quod
1135 5039 1308 5109 majus
1347 5048 1452 5106 est,
1489 5049 1546 5094 ut
1587 5042 1677 5110 qui
1731 5042 1782 5096 in
1829 5046 2134 5100 vecordiam

563 5135 841 5201 abiissent,
889 5132 1172 5202 alienaque
1209 5133 1487 5188 duxissent
1537 5133 1728 5188 dilecta
1757 5135 1971 5202 altaria,
2016 5152 2137 5208 qua:

566 5226 697 5281 adeo
721 5227 948 5298 diligere
990 5233 1045 5280 et
1067 5223 1214 5279 omni
1244 5226 1546 5304 reverentia
1566 5227 1815 5296 prosequi
1845 5229 2135 5283 convenie-

564 5315 672 5369 bat.
705 5317 1048 5387 lnterjectum
1082 5326 1166 5372 est
1203 5326 1421 5372 autem:
1453 5336 1470 5369 ι
1496 5317 1830 5384 Describam,
1880 5334 1974 5374 seu
2002 5335 2135 5375 con-

566 5405 794 5460 scribam
828 5409 876 5461 ei
905 5409 1302 5466 multitudinem
1325 5419 1381 5463 et
1407 5409 1644 5480 legitima
1675 5411 1811 5478 ejus.
1833 5430 1853 5465 ο
1889 5410 2132 5477 Quonam

566 5498 772 5552 sensui
804 5499 962 5569 125,
987 5500 1376 5556 Multitudinem
1418 5502 1562 5556 enim
1614 5503 1866 5557 altarium
1887 5542 1903 5567 ,
1937 5503 2131 5572 inquit,

499 5671 502 5674 ἢ
567 5587 622 5642 in
662 5599 882 5658 peccata
913 5593 980 5646 ab
1023 5594 1157 5662 ipsis
1189 5604 1644 5652 constructorum.
1682 5605 1736 5652 et
1763 5595 2020 5665 legitima
2047 5610 2133 5654 e0-

636 5759 682 5795 ⁸¹
711 5758 912 5817 lEsdr.
943 5775 1022 5823 ttt,
1056 5760 1110 5817 8.
1184 5764 1228 5796 ³²
1268 5765 1437 5820 Exod.
1479 5781 1566 5830 ιι,
1596 5765 1684 5819 27.

2319 2873 2446 2924 Ὀτι
2521 2871 2864 2936 ἐπλήθυνεν
2945 2870 3193 2940 Ἑφραΐμ
3257 2868 3661 2936 θυσιαστήρια
3742 2871 3829 2933 εἰς

2245 2961 2554 3030 ἁμαρτίας,
2606 2961 2884 3030 ἐγένοντο
2929 2961 3088 3025 αὐτῷ
3137 2960 3536 3027 θυσιαστήρια
3589 2961 3828 3028 ἠγαπη-

2241 3053 2414 3120 μένα.
2448 3051 2818 3121 Κατακοάψω
2867 3051 3026 3116 αὐτῷ
3055 3051 3308 3120 πλῆθος,
3363 3051 3456 3103 καὶ
3485 3051 3559 3102 τὰ
3599 3053 3831 3118 νόμιμα

2165 3135 2208 3194 C
2241 3141 2460 3194 αὐτῶν.
2512 3144 2614 3206 Είς
2641 3144 2927 3210 ἀλλότρια
2960 3143 3364 3212 ἐλογίσθησαν
3393 3137 3551 3202 αὐτῷ
3599 3141 3831 3192 θυσια-

2238 3231 2456 3302 στήρια
2486 3234 2558 3285 τὰ
2580 3232 2953 3302 ἡγαπημένα.

2305 3327 2419 3392 ῌΥ.
2477 3326 2778 3394 Ἐξηγεῖται
2831 3323 2928 3394 τὴν
2971 3321 3170 3388 αἰτίανζ
3223 3321 3289 3376 δι’
3334 3321 3399 3391 ἢν
3445 3319 3679 3382 εἰκότως
3716 3321 3825 3380 τοῖς

2237 3415 2577 3486 βασιλεύουσι
2618 3418 2680 3468 τὸ
2728 3417 3116 3470 ἀποπεσετσθαι
3145 3417 3242 3485 τῆς
3269 3415 3440 3485 ἀρχῆς
3471 3412 3604 3474 δεῖν,
3634 3412 3821 3480 ὲπιφὲο

2239 3524 2318 3578 ρει
2341 3507 2542 3561 λοιπόν.
2572 3507 2803 3560 Πλεῖστα
2827 3507 2924 3578 μὲν
2954 3507 3062 3576 γὰρ
3087 3507 3186 3560 ὅσα
3221 3506 3606 3574 θυσιαστήρια,
3644 3502 3714 3554 τὰ
3746 3503 3818 3562 είς

2235 3600 2512 3669 ἁμαρτίας
2535 3598 2831 3667 πεποίηται
2863 3597 2939 3666 τῷ
2974 3598 3230 3667 Ἐφραῖμ.
3269 3599 3467 3648 ’Ἄπτει
3503 3594 3562 3646 δὲ
3602 3597 3633 3647 ὁ
3670 3595 3813 3660 λόγος

2235 3689 2330 3742 καὶ
2351 3689 2442 3742 ἐπὶ
2472 3689 2563 3743 τὸν
2588 3690 2801 3757 πρῶτον
2838 3689 3140 3760 Ἱεροϐοάμ,
3173 3689 3262 3742 τὸν
3290 3691 3354 3740 ἐκ
3380 3685 3557 3756 φυλῆς
3573 3684 3808 3754 Ἐφραίμ

2238 3776 2651 3847 βασιλεύσαντα,
2686 3779 2779 3831 καὶ
2811 3782 2928 3849 μετ’
2962 3783 3167 3832 ἐκεῖνον
3204 3782 3284 3841 είς
3322 3779 3448 3841 τοὺς
3497 3777 3720 3847 ἐφεξῆς,
3759 3773 3802 3825 οἶ

2237 3869 2296 3921 tv
2323 3869 2439 3940 ὄρει
2461 3868 2624 3921 παντὶ
2646 3870 2738 3922 καὶ
2773 3869 2944 3940 βουνῷ
2977 3869 3193 3940 βωμοὺς
3225 3869 3543 3931 ἀνιστάντες
3571 3864 3790 3928 1:05:61!-

2240 3975 2386 4029 μοσι,
2417 3959 2566 4012 θύειν
2598 3959 2812 4012 ἔπειθον
2839 3961 2966 4023 τοὺς
2991 3961 3049 4027 ἐξ
3099 3961 3330 4032 Ἰσραήλ.
3363 3954 3496 4012 Εἶτα
3533 3953 3787 4012 λυπεῖσθαι

2235 4045 2351 4098 δέον
2376 4048 2466 4098 ἐπὶ
2492 4049 2604 4110 τοῖς
2625 4046 2794 4112 οὕτως
2817 4049 3064 4112 ὲκτόποις
3084 4050 3332 4120 ὲπιχειρή
3342 4066 3533 4119 μασιν,
3571 4069 3588 4100 ι
3620 4043 3796 4112 Ἑτίιέπ

2237 4135 2400 4190 θυναν
2423 4136 2531 4208 γὰρ
2556 4138 2914 4210 θυσιαστήρια
2935 4140 3006 4193 τὰ
3026 4141 3104 4203 είς
3121 4141 3412 4210 ἁμαρτίας,
3427 4159 3446 4191 ›
3471 4140 3802 4208 ἐποιήσαντο.

2236 4229 2422 4300 φησὶν,
2461 4229 2598 4283 αὐτὰ
2629 4231 2724 4283 καὶ
2765 4252 2781 4282 ι
2822 4231 3201 4302 Ἠγαπημένα,
3236 4232 3328 4284 καὶ
3349 4229 3577 4300 προσέτι
3611 4227 3807 4285 τούτοις

2237 4322 2315 4382 είς
2367 4322 2624 4391 ἀλλότρια
2671 4323 3028 4393 ἐλογίσθησαν
3055 4321 3202 4391 αὐτῷ
3304 4321 3492 4391 (δῆλον
3521 4320 3580 4372 δὲ
3610 4320 3694 4371 ὅτι
3747 4315 3809 4382 τῷ

2251 4409 2533 4482 τΕφραῒμ)
2591 4410 2954 4482 θυσιαστήρια
3013 4412 3081 4464 τὰ
3135 4406 3712 4480 ἠγαπημέναδΔηλοῖ
3763 4403 3813 4454 δὲ

2243 4501 2462 4562 πάντως
2489 4500 2554 4552 τὰ
2580 4502 2636 4553 ὲν
2667 4503 2731 4570 τῇ
2764 4501 2968 4571 ἀρχαία
2993 4505 3186 4572 σκηνῇ,
3216 4501 3383 4570 ῆγουν
3410 4500 3468 4551 ὲν
3494 4501 3610 4560 τοίς
3656 4497 3812 4565 Ἰερο-

2245 4591 2519 4661 σολύμοις,
2575 4591 2632 4642 tv
2675 4590 2752 4661 τῷ
2791 4591 2918 4661 θείῳ
2960 4592 3184 4661 κείμενα
3233 4590 3364 4658 ναῷ.
3419 4589 3523 4640 Δύο
3584 4587 3640 4639 δὲ
3681 4583 3816 4655 ἦσαν

2242 4684 2421 4746 ταυτὶ,
2442 4682 2501 4734 τὸ
2527 4682 2622 4753 μὲν
2647 4683 2756 4736 τῶν
2789 4685 3194 4754 καρπωμάτων,
3230 4685 3286 4734 ἐν
3312 4683 3377 4751 τῇ
3406 4679 3597 4750 πρώτῃ
3622 4680 3814 4745 σκηνῇ,

2240 4776 2300 4827 τὸ
2331 4776 2387 4829 δὲ
2423 4776 2610 4845 ἕτερον
2641 4773 2736 4828 τοῦ
2767 4774 3110 4845 θυμιάματος
3133 4775 3192 4827 τὸ
3216 4772 3473 4844 χρυσοῦν,
3506 4773 3564 4822 tv
3593 4774 3661 4839 τῇ
3703 4769 3818 4820 δευ-

2236 4867 2391 4937 τέρᾳ,
2419 4869 2516 4920 καὶ
2537 4867 2810 4921 ἐσωτάτω.
2834 4865 3012 4919 Πολλά
3036 4865 3324 4935 τοιγαροῦν
3352 4865 3462 4915 τῶν
3491 4862 3552 4926 ἐξ
3582 4858 3820 4930 Ἐφραῖμ

2238 4958 2700 5028 βεϐασιλευκότων
2761 4957 2831 5011 τὰ
2886 4957 3226 5026 ὲγκλήματασ
3279 4953 3499 5024 πρῶτον
3569 4952 3676 5021 μὲν
3742 4951 3820 5002 δτι

2236 5050 2543 5121 ὲπλήθυναν
2584 5050 2944 5121 θυσιαστήρια
2980 5052 3059 5112 είς
3091 5048 3397 5118 ἁμαρτίας·
3445 5041 3567 5096 εἶτα
3602 5043 3692 5095 ὅτι
3734 5041 3821 5096 καὶ

2234 5141 2567 5212 ἡγαπημένα
2610 5142 2952 5212 πεποίηνται,
2987 5141 3074 5205 τά,
3106 5139 3192 5208 ἐφ’
3229 5132 3310 5201 οἷς
3332 5133 3400 5208 ῆν
3433 5135 3583 5198 εἰκὸς
3621 5133 3822 5201 ὀλοφύ-

2242 5231 2430 5303 ρεσθαι
2460 5233 2553 5285 καὶ
2591 5231 2826 5303 θρηνεῖν,
2878 5233 2955 5292 ὡς
2996 5226 3510 5300 προσκεκρουκότας
3545 5242 3559 5255 ·
3615 5225 3722 5276 καὶ
3768 5221 3823 5271 τὸ

2240 5324 2318 5377 ἔτι
2353 5324 2560 5390 μεῖζον,
2594 5324 2669 5386 ὡς
2694 5322 3114 5384 ἀπονενευκότες
3136 5322 3216 5383 εἰς
3242 5319 3520 5379 ἀπόνοιαν,
3562 5315 3823 5384 ἀλλότρια

2240 5415 2562 5486 πεποίηνται
2611 5413 2680 5467 τὰ
2734 5414 3066 5484 ἡγαπημένα
3099 5410 3500 5480 θυσιαστήρια,
3558 5406 3596 5461 ἃ
3657 5406 3822 5475 ἐχρῆν

2237 5505 2411 5569 οὕτως
2445 5506 2667 5576 ἀγαπᾷν
2710 5505 2804 5558 καὶ
2847 5506 2907 5556 tv
2946 5504 3105 5559 παντὶ
3149 5498 3417 5554 ποιεῖσθαι
3457 5497 3620 5566 λόγῳ.
3645 5497 3822 5566 Προσ-

2237 5597 2462 5668 έρῤιπτε
2495 5596 2552 5650 δὲ
2579 5595 2666 5650 διά
2703 5595 2868 5666 μέσου
2921 5595 2980 5648 τό
3006 5613 3018 5626 ·
3059 5613 3076 5643 ι
3113 5589 3470 5660 Καταγράψω
3497 5585 3655 5656 αὐτῷ
3693 5583 3822 5653 πλῆ-
