4034 6270
215 442 317 497 20‘.)
1125 439 1680 501 COMMENTARIUS
1716 444 1783 501 IN
1823 444 2059 503 OSEAM
2100 448 2551 507 PROPHETAM.
3368 444 3481 504 210

220 560 333 621 θος,
356 549 451 606 καὶ
476 549 545 603 τά
572 553 786 630 νόμιμα
803 548 991 604 αὐτοῦ.
1021 570 1038 602 ι
1084 552 1193 606 Καὶ
1216 553 1270 605 τί
1299 552 1541 608 τοιοῦτον
1584 556 1788 629 ὐποδη·

1911 575 2038 628 -υιιι,
2069 562 2173 618 hoc
2193 573 2299 632 est,
2326 574 2588 634 praetcrea
2619 563 2856 635 legitima
2905 566 3143 634 ipsorum
3186 561 3479 631 sacriﬁcia,

221 645 338 710 λοῖ;
374 641 443 694 Τὸ
497 641 604 712 γάρ
641 657 724 694 τοι
772 640 995 710 πλῆθος,
1037 643 1190 714 φησι,
1244 642 1353 698 τῶν
1396 646 1478 709 είς
1523 646 1802 719 ἁμαρτίας

1911 649 2022 706 sive
2048 652 2443 709 sacriﬁciorum
2489 662 2754 722 tempora,
2778 661 2870 707 aut
2909 654 3118 718 modos,
3151 652 3347 723 quibus
3383 652 3485 706 im-

224 734 396 794 αὐτοῖς
437 730 823 800 πεποιημένων
859 730 1285 804 θυσιαστηρίων,
1328 735 1424 789 καὶ
1461 737 1541 797 ,τά
1593 726 1801 808 νόμιμα

1911 757 2068 812 puras
2117 745 2466 801 caerimonias
2508 746 2816 802 tractabant
2845 747 3294 816 (concidebantnr
3339 748 3506 801 enim.-

223 824 412 887 αὐτῶν,
468 823 743 889 τουτέστι,
793 825 960 879 πάλιν
1007 826 1109 889 τὰς
1157 827 1343 891 αὐτοῖς
1397 830 1799 901 νενομισμένας

1911 847 2066 903 super
2108 835 2385 892 frumento
2423 847 2479 891 et
2518 837 2668 905 vino,
2690 848 2746 894 et
2794 839 2898 893 alia
2935 839 3190 894 nonnulla
3242 837 3363 894 istis
3398 851 3488 892 co-

223 916 424 980 θυσίας,
464 915 582 987 ἦτοι
628 914 754 979 τοὺς
800 915 910 969 τῶν
953 916 1157 971 θυσιῶν
1195 921 1419 985 καιροὺς
1461 920 1495 991 ἢ
1539 921 1796 994 τρόπους,

1911 935 2065 994 gnata
2097 926 2281 984 facere
2308 928 2647 998 studebant),
2678 931 2734 985 in
2775 944 2996 1001 peccata
3028 933 3157 1004 ipsis
3201 942 3257 988 et
3290 931 3485 986 delicta

222 1012 338 1065 καθ’
389 1009 483 1074 οὓς
530 1009 630 1072 τὰς
677 1008 938 1081 βεϐήλους
987 1010 1271 1082 προσῆγον
1340 1012 1566 1077 τελετὰς
1622 1012 1797 1075 (κατ-

1911 1021 2262 1076 conscribam.

218 1101 500 1170 ετέμνοντο
531 1098 640 1168 γὰρ
683 1098 776 1151 ἐπὶ
822 1097 955 1169 σίτῳ
987 1100 1084 1153 καὶ
1121 1100 1272 1170 οἴνῳ,
1316 1102 1413 1154 καὶ
1450 1102 1618 1174 lupa
1654 1104 1792 1159 ἄττα
1823 1106 2037 1173 τούτοις
2077 1111 2296 1167 ἐοικότα
2355 1113 2490 1185 δρᾷν
2516 1112 2891 1182 ἐσπούδαζον)
2936 1114 3017 1180 είς
3062 1114 3336 1186 ἁμαρτίας
3366 1113 3468 1166 αὐε-

216 1196 328 1255 τοῖς
358 1191 692 1262 καταγράψω
720 1191 789 1245 τὰ
816 1191 986 1265 ὲγκλή
996 1210 1161 1263 ματα.
3496 1195 3506 1263 ι

282 1282 488 1351 Χρῆμα
543 1281 610 1353 δή
645 1278 740 1335 οὖν
789 1284 1077 1355 σωτήρων,
1131 1284 1195 1339 τὸ
1225 1287 1338 1341 τῶν
1383 1288 1546 1343 θείων
1579 1289 1800 1361 ἔχεσθαι

1975 1292 2227 1349 Salutare
2247 1295 2431 1366 itaque
2453 1295 2654 1350 divinis
2686 1295 2951 1351 altaribus
2980 1296 3347 1360 atllttererc,et
3369 1311 3504 1364 quae.

215 1372 637 1444 θυσιαστηρίων,
681 1374 778 1427 καὶ
831 1376 1245 1445 μεταποιεῖσθαι
1293 1378 1405 1432 τῶν
1454 1379 1609 1451 παρά
1636 1379 1795 1444 Θεοῦ,

1911 1391 2033 1437 sunt
2086 1399 2115 1437 a
2167 1384 2295 1454 Deo,
2323 1401 2633 1456 capessere,
2670 1401 2771 1442 nec
2808 1386 3038 1440 aliorum
3073 1401 3339 1456 qua-rere,
3370 1402 3491 1455 quae

214 1465 306 1517 καὶ
344 1463 419 1533 μὴ
452 1463 637 1533 ζητεῖν
666 1464 736 1517 τὰ
765 1465 988 1537 ἑτέρων,
1015 1465 1054 1519 ἃ.
1081 1467 1175 1520 καὶ
1197 1466 1345 1523 ἐστιν
1376 1470 1461 1534 είς
1489 1469 1794 1542 ἁμαρτίαν.

1911 1474 1958 1529 in
1983 1486 2261 1544 peccatum
2293 1487 2440 1535 sunt.
2463 1479 2573 1534 lloc
2605 1479 2810 1534 faciunt
2832 1494 2942 1535 non
2964 1478 3488 1547 sinceriChristiani,

213 1556 380 1609 Τοῦτο
453 1556 701 1609 ποιοῦσιν
749 1557 799 1609 oi
852 1555 928 1627 μὴ
987 1557 1225 1629 γνησίως
1288 1561 1752 1632 χριστιανίζοντις
1777 1603 1805 1641 ,,

1911 1569 1991 1636 qui
2022 1577 2142 1638 post
2170 1570 2461 1625 salutarem
2497 1572 2826 1641 baptismum
2875 1572 2942 1626 ad
2991 1573 3411 1629 consuetudines
3437 1582 3494 1629 et

214 1649 580 1710 ἐκπίπτοντες
627 1647 685 1701 δὲ
732 1648 872 1718 μετά
916 1649 977 1703 τὸ
1021 1652 1288 1723 σωτήριον
1331 1653 1616 1726 βάπτισμα
1659 1656 1799 1727 πρὸς

1911 1658 2305 1715 observationes
2349 1661 2598 1715 ethnicas
2627 1659 2947 1716 delabuntur
2978 1681 2992 1717 :
3028 1663 3228 1732 quibus
3253 1679 3489 1720 consen-

213 1743 310 1812 ἒθη
357 1743 451 1795 καὶ
495 1745 912 1814 παρατηρήσεις
966 1744 1282 1816 Ἑλληνικὰς
1309 1790 1324 1813 ,
1372 1743 1455 1813 οἷς
1504 1750 1800 1806 ἀκόλουθον

1911 1757 2121 1805 laneum
2149 1760 2233 1806 cst
2261 1753 2515 1807 cecinere
2538 1752 2667 1807 illud
2702 1752 2853 1807 Pauli
2880 1772 2894 1809 :
2920 1753 3064 1809 «Non
3099 1756 3492 1824 potestistnen-

212 1836 391 1888 εἰπεῖν
424 1836 486 1888 τὸ
510 1835 599 1889 διὰ
631 1836 729 1906 τῆς
767 1836 862 1890 τοῦ
901 1836 1112 1891 Παύλου
1155 1840 1376 1910 φωνῆς’
1416 1861 1435 1893 ι
1464 1843 1541 1897 Οὐ
1576 1843 1806 1898 δύνασθε

1911 1856 1984 1897 ste
2003 1842 2212 1898 Domini
2237 1845 2530 1915 participes
2543 1859 2686 1913 esse,
2701 1854 2752 1900 et
2782 1861 2981 1902 mensze
2995 1846 3453 1903 daemoniorum".
3467 1867 3485 1900 ι

213 1924 501 1997 τραπέζης
555 1928 762 1999 Κυρίου
811 1929 1082 2001 μετέχειν,
1146 1932 1242 1984 καὶ
1281 1932 1565 2006 τραπέζης
1614 1936 1805 2006 δαιμο-

1911 1934 2213 2001 Qniuetiam
2250 1937 2341 2007 qui
2373 1935 2656 1992 sceleratis
2682 1938 2953 1994 haereticis
2985 1954 3044 1993 se
3078 1937 3405 2009 adiungunt,
3435 1950 3491 1993 ct

215 2018 369 2072 νίων.
403 2037 423 2069 ι
468 2017 580 2071 Καὶ
638 2019 747 2088 μὴν
804 2020 899 2076 καὶ
947 2021 1000 2073 οἱ
1051 2024 1166 2085 τοῖς
1215 2022 1453 2087 ἀνοσίοις
1511 2027 1806 2097 αἱρετικοῖς

216 2110 644 2181 συναπτόμενοι,
700 2110 942 2165 καὶτῶν
981 2115 1114 2184 παρ’
1162 2114 1348 2179 αὐτοῖς
1400 2114 1808 2188 θυσιαστηρίων

217 2202 563 2272 μετέχοντες,
615 2196 698 2265 οἷς
760 2203 855 2256 καὶ
911 2205 1052 2257 κατά
1101 2203 1367 2275 ἀλήθειαν
1411 2207 1494 2272 είς
1544 2207 1807 2280 ἀλλότρια

211 2293 559 2364 ἐγενήθησαν
589 2292 953 2364 θυσιαστήρια
978 2295 1047 2348 τὰ
1065 2297 1421 2369 ἡγαπημένα.
1467 2298 1808 2372 Ἐπλήθυναν

209 2386 321 2457 γὰρ
379 2387 598 2449 ὲαυτοῖς
649 2385 720 2439 τὰ
768 2387 850 2450 είς
909 2387 1208 2459 ἁμαρτίας,
1270 2389 1377 2455 ἔξω
1438 2390 1661 2455 θύοντες
1713 2392 1807 2445 τὸν

207 2476 407 2547 ἀμνὸν,
440 2476 542 2547 τῆς
578 2478 733 2549 ἱερᾶς
778 2495 836 2531 τε
863 2481 957 2533 καὶ
990 2477 1143 2544 θείας
1173 2481 1367 2551 αὐλῆς,
1400 2483 1671 2550 τουτέστι,
1706 2483 1808 2554 τῆς

222 2568 581 2638 Ἑκκλησίας.

278 2659 441 2711 Διότι
492 2658 602 2711 ἐὰν
654 2660 885 2713 θύσωσι
914 2661 1154 2727 θυσίαν,
1205 2660 1306 2715 καὶ
1354 2662 1590 2731 φάγωσι
1638 2662 1803 2732 κρέα,

207 2750 434 2816 Κύριος
466 2749 540 2803 οὺ
578 2748 974 2817 προσδέξεται
1015 2750 1186 2805 αὐτά.
1228 2753 1359 2807 Νῦν
1391 2754 1809 2824 μνησθήσεται

205 2839 323 2904 τὰς
351 2837 600 2906 ἀδικίας
634 2839 852 2908 αὐτῶν,
881 2841 981 2895 καί
1021 2841 1335 2912 ἐκδικήσει
1379 2844 1484 2911 τὰς
1515 2847 1810 2917 ἁμαρτίας

207 2945 440 2982 αυτων.

282 3020 399 3087 ιιῐν.
447 3020 574 3074 Ὅτι
620 3020 877 3091 γεγόνασι
925 3023 1023 3077 καὶ
1084 3024 1460 3096 πεπλήθυνται
1507 3027 1658 3099 παρὰ
1709 3033 1806 3081 τοῦ

218 3112 469 3183 ’ίείφραῒμ
498 3113 572 3165 τὰ
598 3113 677 3176 είς
704 3114 980 3185 ἁμαρτίας
1008 3115 1390 3189 θυσιαστήρια,
1437 3119 1532 3172 καὶ
1560 3119 1648 3173 διὰ
1678 3118 1808 3171 voti--

206 3222 313 3257 των
343 3200 407 3257 εὖ
451 3204 605 3274 μάλα
639 3205 808 3276 δηλοῖ.
853 3206 921 3259 ’Ἀ
954 3207 1063 3278 γὰρ
1110 3185 1319 3273 θύουσι,
1358 3210 1545 3281 φησὶν,
1573 3212 1633 3263 οὐ
1683 3209 1806 3280 Θεῷ
1832 3185 1876 3243 c

212 3294 434 3364 μᾶλλον,
460 3295 606 3350 ἀλλὰ
632 3298 747 3359 τοῖς
771 3297 878 3350 τῶν
910 3299 1146 3353 εἰδώλων
1179 3302 1432 3371 τεμένεσι
1463 3304 1590 3373 παρ’
1624 3304 1804 3358 αὐτῶν

211 3387 614 3457 προσφέρεται.
647 3387 767 3442 Κάν
793 3389 1123 3459 ἑορτάζωσιν
1151 3392 1246 3447 ἐπὶ
1271 3396 1392 3457 ταῖς
1415 3392 1649 3460 θυσίαις,
1677 3413 1805 3467 τρο-

213 3475 326 3540 ςῶν
351 3477 383 3544 ἢ
409 3475 603 3529 ποτῶν
624 3477 1127 3551 ἀναπιμπλάμενοι,
1174 3484 1312 3554 πρὸς
1349 3484 1482 3539 Θεὸν
1525 3486 1586 3540 τὸ
1618 3490 1809 3559 χρῆμα

216 3566 378 3619 οὶδὲν.
408 3570 486 3622 Οὐ
520 3568 636 3639 γὰρ
669 3568 818 3641 αὑτῷ
852 3570 1067 3626 τελοῦσι
1107 3574 1208 3645 τὴν
1238 3576 1565 3648 πανήγυριν,
1613 3579 1695 3631 ὅτι
1736 3578 1809 3632 τά

212 3660 289 3720 εἰς
313 3659 474 3725 δόξαν
508 3660 809 3731 δαιμονίων
834 3664 1205 3735 πραττόμενα,
1242 3669 1366 3721 κατ’
1391 3668 1583 3721 οὐδένα
1606 3670 1807 3740 τρόπον

210 3753 587 3823 παραδέξαιτο
612 3754 679 3808 ἂν
713 3756 746 3824 ή
774 3754 892 3808 Θεία
926 3773 984 3809 τε
1027 3757 1121 3810 καὶ
1148 3758 1423 3829 ἀκήρατος
1447 3760 1629 3828 φύσις.
1655 3762 1809 3833 Παρε-

201 3844 458 3908 οξύνεται
505 3846 573 3900 δὲ
624 3847 826 3916 μᾶλλον
867 3847 945 3911 ὼς
984 3847 1307 3922 ὑϐρισμένη.
1362 3851 1539 3905 Μόνον
1584 3854 1642 3907 δὲ
1684 3854 1809 3925 οὐχὶ

203 3937 301 3990 καὶ
322 3940 427 4008 οὐχ
459 3938 667 3992 ἑκοῦσα
690 3940 1080 4004 καταϐιάζεται
1109 3943 1248 4014 πρός
1275 3960 1339 4012 γε
1374 3945 1437 3998 τὸ
1475 3945 1674 4017 χρῆναι
1697 3945 1809 3999 λοι-

198 4031 306 4081 πὴν
370 4032 495 4092 τοῖς
548 4031 629 4092 είς
675 4029 834 4085 τοῦτο
892 4031 1149 4086 καλοῦσιν
1199 4034 1371 4106 ὀργῆς
1425 4036 1651 4106 ἐπάγειν
1709 4038 1810 4102 τὰς

197 4124 390 4186 δίκας,
432 4123 534 4175 καὶ
555 4122 741 4175 λοιπὸν
783 4123 916 4176 ἱέναι
944 4124 1080 4193 πρὸς
1111 4125 1414 4195 ἀνάμνησιν
1455 4128 1691 4193 πάντων,
1734 4129 1810 4193 ὡς

197 4214 341 4276 ἔπος
399 4214 605 4277 εἰπεῖν,
655 4213 764 4266 τῶν
808 4216 923 4277 τοῖς
971 4216 1369 4287 προσκρούουσι
1417 4219 1810 4291 πεπλημμελη-

203 4307 419 4375 μὲνων.
449 4300 531 4358 υῦ
555 4304 618 4374 δὴ
648 4305 957 4373 γεγονότος,
988 4306 1130 4370 ὀξεῖς
1151 4310 1200 4360 oi
1229 4307 1411 4379 θυμοὶ,
1456 4311 1605 4382 παρά
1645 4312 1811 4376 πόδας

198 4400 233 4466 ἡ
289 4396 448 4466 δίκη,
489 4395 587 4448 καὶ
620 4394 795 4461 οὐδεὶς
845 4398 874 4449 ό
922 4395 1327 4469 ἐξαιρούμενος.
1391 4418 1411 4453 ι
1439 4400 1673 4473 Φοδερὸν
1717 4399 1811 4458 οὖν

1906 2043 2028 2096 qua:
2055 2027 2195 2096 apud
2227 2027 2373 2098 ipsos
2396 2035 2545 2092 sunt,
2582 2028 2830 2083 altarium
2861 2029 3151 2099 participes
3184 2030 3335 2096 liunt,
3367 2031 3491 2100 qni-

1908 2119 2009 2173 bus
2028 2133 2157 2174 vere
2189 2119 2243 2173 in
2278 2119 2452 2174 aliena
2480 2118 2623 2174 facta
2651 2128 2782 2174 sunt
2818 2119 3010 2174 altaria
3047 2118 3276 2183 dilecta;
3307 2120 3490 2174 multi-

1908 2209 2174 2279 plicaruttt
2214 2211 2360 2266 enim
2402 2211 2506 2266 sibi
2542 2211 2733 2266 altaria
2764 2211 2819 2265 in
2858 2220 3104 2281 peccata,
3143 2211 3348 2283 Agnum
3390 2227 3488 2268 ev-

1909 2311 1992 2356 tra
2036 2317 2252 2357 sacrum
2285 2311 2340 2358 et
2386 2303 2628 2360 divinum
2676 2301 2840 2368 ovile,
2877 2302 3173 2360 Ecelesiam
3216 2304 3486 2370 videlicet,

1908 2393 2309 2451 sacrificantes.

1982 2686 2145 2740 Vnus.
2176 2684 2265 2739 15.
2318 2683 2458 2749 Quia
2486 2700 2531 2738 st
2560 2683 2943 2738 immolaveriut
2969 2685 3219 2747 hostium,
3249 2694 3296 2737 et
3321 2700 3493 2738 come-

1908 2777 2079 2831 derint
2137 2790 2358 2839 carnes,
2406 2773 2661 2829 Dominus
2730 2790 2835 2829 non
2884 2776 3133 2843 suscipiet
3187 2791 3269 2833 ea.
3334 2772 3492 2828 Nunc

1910 2867 2274 2924 recordabitur
2312 2867 2621 2937 iniquitates
2649 2883 2853 2933 eorum,
2882 2874 2933 2921 ct
2974 2866 3258 2920 ulciscatur
3280 2876 3494 2936 peccata

1909 2977 2114 3016 eorum.

1976 3050 2157 3109 XCIII.
2214 3050 2383 3106 Facta
2433 3060 2487 3106 et
2537 3049 2889 3122 multiplicata
2936 3066 3058 3108 esse
3112 3052 3183 3107 ab
3236 3048 3495 3121 Ephraim

1909 3144 2102 3200 altaria
2150 3144 2204 3198 in
2255 3154 2501 3210 peccata,
2559 3146 2723 3198 etiam
2776 3143 2865 3198 his
2908 3142 3184 3199 evidenter
3235 3142 3493 3197 ostendit.

1909 3237 2041 3304 Qua:
2068 3238 2214 3294 enim
2239 3235 2573 3301 sacriﬁcant,
2603 3237 2802 3304 inquit,
2836 3250 2943 3289 non
2976 3234 3086 3289 Deo
3114 3233 3304 3303 magis,
3331 3246 3491 3301 quam

1910 3329 2174 3384 idolorum
2206 3328 2450 3385 delubris
2483 3328 2551 3382 ab
2580 3328 2715 3399 ipsis
2754 3327 3078 3382 oﬂ'eruntur.
3107 3326 3285 3396 Atque
3327 3325 3491 3379 etiam

1908 3417 1951 3472 si
2007 3417 2148 3473 diem
2214 3417 2414 3473 festum
2465 3416 2518 3471 in
2577 3415 2860 3472 sacriﬁciis
2926 3415 3049 3469 cibo
3120 3422 3215 3468 aut
3275 3413 3495 3483 potione

1908 3509 2159 3580 completi
2202 3509 2481 3574 duxerint,
2531 3508 2665 3564 nihil
2716 3508 2820 3562 hoc
2859 3507 2925 3561 ad
2961 3505 3151 3561 Deum.
3192 3503 3312 3558 Non
3346 3504 3489 3557 enim

1912 3600 2010 3667 ipsi
2060 3601 2376 3672 panegyrim
2428 3614 2523 3655 seu
2573 3598 2950 3654 celebritatem
2999 3597 3313 3650 instituunt.
3363 3593 3493 3659 Quae

1914 3704 2148 3759 namque
2181 3688 2247 3743 ad
2274 3691 2578 3745 daemonum
2604 3687 2832 3757 gloriam
2874 3686 3029 3749 fiunt,
3060 3685 3242 3738 divina
3264 3683 3490 3735 immor-

1909 3780 2143 3850 talisque
2176 3788 2368 3834 natura
2406 3778 2552 3832 nullo
2585 3776 2744 3830 modo
2771 3774 3047 3838 admittit;
3077 3774 3209 3843 quin
3240 3774 3488 3828 irritatur

1911 3869 2111 3938 potius,
2148 3876 2206 3922 ιιι
2232 3866 2487 3939 injuriatn
2522 3879 2696 3936 passa,
2733 3872 2788 3918 et
2822 3870 3033 3916 tantum
3075 3877 3180 3916 non
3218 3861 3383 3914 invita
3425 3861 3493 3915 ad

1911 3976 2100 4032 prunas
2143 3963 2251 4016 huc
2297 3975 2416 4016 eam
2463 3957 2883 4030 provocantibus
2932 3970 3000 4009 ex
3053 3955 3131 4009 ira
3172 3953 3491 4026 iuﬂigendas

1911 4054 2167 4126 adigitur,
2212 4066 2269 4111 et
2311 4054 2379 4108 ad
2429 4050 2822 4108 recordandum
2862 4049 2930 4103 de
2975 4056 3176 4103 emtero
3220 4048 3488 4111 omnium,

1911 4153 1971 4198 ut
2000 4143 2164 4198 verbo
2189 4143 2391 4207 dicam,
2421 4156 2541 4210 quae
2569 4155 2599 4193 a
2630 4137 3067 4205 delinquentibus
3108 4139 3161 4190 in
3190 4152 3248 4191 se
3278 4144 3485 4204 patrata

1912 4246 2059 4288 sunt.
2089 4232 2243 4300 Quod
2271 4233 2362 4288 ubi
2395 4231 2598 4287 factum
2638 4228 2822 4291 fuerit,
2854 4228 3146 4281 vehemens
3176 4227 3281 4280 erit
3316 4225 3486 4290 furor,

1913 4335 2038 4379 ante
2067 4323 2235 4394 pedes
2267 4322 2525 4389 vindicta,
2554 4328 2611 4374 et
2637 4333 2797 4376 nemo
2824 4319 2917 4391 qui
2945 4317 3161 4386 eripiat.
3193 4335 3212 4366 ι
3248 4315 3488 4369 llorren-

1912 4416 2038 4470 dum
2091 4415 2255 4485 igitur
2302 4413 2544 4469 incidere
2606 4415 2660 4468 in
2714 4426 2907 4467 manus
2967 4410 3062 4464 Dei
3107 4408 3341 4463 viventis
3363 4406 3430 4462 “.
3464 4427 3483 4459 ι

195 4489 312 4560 ἄρα
373 4487 443 4540 τὸ
479 4488 747 4557 ἐμπεσεῖν
785 4489 864 4552 εἰς
894 4491 1086 4559 χεῖρας
1123 4489 1258 4544 Θεοῦ
1298 4491 1499 4558 ζῶντος
1527 4535 1540 4548 .
1568 4512 1586 4545 ι
1625 4496 1802 4566 [lpos—

1915 4510 2079 4564 llecet
2101 4507 2299 4579 magis,
2328 4517 2384 4561 et
2415 4508 2551 4562 citra
2582 4504 3042 4575 comparationem
3081 4500 3274 4555 melius
3301 4512 3405 4562 eSt,
3436 4509 3488 4553 et

194 4586 325 4650 ήκει
360 4578 423 4632 δὲ
466 4579 695 4649 μᾶλλον,
735 4578 830 4633 καὶ
855 4580 1082 4651 ἄμεινον
1112 4582 1479 4654 ἀσυγκρίτως,
1507 4586 1601 4640 καὶ
1624 4587 1807 4658 πάσης

1911 4616 2120 4656 onmem
2179 4578 2338 4656 nobis
2396 4598 2711 4654 felicitatem
2771 4595 3057 4660 conciliat,
3114 4592 3225 4646 Deo
3282 4592 3523 4644 hostias"

194 4675 334 4743 ἡμῖν
362 4671 678 4743 εὐημερίας
702 4672 980 4744 πρόξενον,
1002 4673 1084 4739 τὸ,
1116 4674 1237 4745 Θεῴ
1271 4678 1566 4746 προσάγειν
1593 4677 1805 4746 θυσίας,

194 4762 599 4832 πνευματικὰς
648 4764 913 4835 δηλονότι,
972 4766 1067 4819 καὶ
1116 4766 1266 4837 αὐτῷ
1305 4768 1545 4838 πληροῦν
1590 4771 1802 4841 ἑορτὰς,

1904 4687 2124 4754 oﬂ’erre,
2159 4686 2472 4758 spirituales
2499 4686 2776 4751 nimirum,
2802 4693 2859 4738 et
2892 4683 2992 4752 ipsi
3027 4680 3304 4736 celebrare
3328 4680 3484 4734 i't-sta.
3516 4700 3524 4711 -

1906 4783 2073 4834 vitam
2107 4790 2256 4835 recte
2287 4779 2642 4843 instituendo,
2674 4785 2728 4832 et
2755 4777 2835 4831 vel
2867 4776 3116 4830 minimas
3138 4773 3304 4828 animi
3338 4771 3454 4824 labe
3479 4782 3501 4815 δ

189 4853 458 4909 διαϐιοῦν
482 4853 665 4923 ὀρθῶς
696 4857 1028 4927 ⁴ᾑρημένους,
1062 4858 1157 4911 καὶ
1189 4858 1253 4910 τὺ
1274 4859 1414 4913 κατά
1436 4877 1489 4913 τι
1509 4860 1641 4928 γοῦν
1670 4861 1807 4925 ὅλως

1911 4889 2132 4943 prorsus
2160 4871 2494 4943 repellenda.

188 4949 215 5000 ε
222 4969 237 5002 ι
248 4965 278 5000 2
288 4946 532 4998 πίπτειν
571 4944 1095 5014 ἀποσπουδάζοντας.

258 5035 455 5092 Αὐτοὶ
508 5035 582 5087 δὲ
645 5040 732 5102 είς
776 5039 1079 5109 Αἴγυπτον
1125 5039 1536 5113 ἀπέστρεψαν,
1588 5045 1686 5099 καί
1734 5045 1803 5098 ἐν

204 5130 574 5199 Ἀσσυρίοις
594 5127 892 5196 ἀκάθαρτα
918 5130 1228 5199 φάγονται.

1911 5140 2139 5208 Assyriis
2166 5140 2437 5193 immunda
2471 5137 2759 5192 comedent.

264 5229 386 5291 ex.
424 5221 691 5274 Αίτιὲἱται
717 5220 900 5285 πάλιν,
921 5222 995 5286 ὡς
1014 5224 1318 5279 ἀνούστατά
1348 5243 1407 5279 τε
1455 5227 1548 5279 καὶ
1575 5227 1802 5291 ἀνοσίως

1979 5227 2158 5285 XClV.
2215 5229 2450 5285 Rursum
2501 5243 2599 5283 eos
2646 5226 2700 5279 in
2744 5219 3167 5293 reprehensione
3206 5215 3377 5285 ponit,
3425 5224 3480 5267 ut

190 5316 402 5387 κομιδῇ
461 5312 665 5384 διαζῇν
717 5313 1020 5381 ἐθέλοντας,
1060 5317 1153 5370 atati.
1195 5318 1426 5372 εἰσάπαν
1465 5319 1800 5389 ἠγνοηκότας

1911 5320 1995 5389 qui
2058 5317 2501 5387 insipientissitne
2553 5324 2608 5371 ct
2662 5313 2988 5383 impiissime
3051 5308 3217 5361 vitam
3277 5304 3483 5372 agitare

1981 5050 2138 5121 125
2169 5050 2282 5118 Ipsi
2316 5066 2434 5106 vero
2474 5050 2527 5102 in
2570 5046 2861 5118 [Egyplum
2900 5040 3130 5097 conversi
3160 5045 3301 5101 sunt,
3342 5047 3387 5088 et
3430 5036 3483 5087 iu

189 5408 292 5478 τὴν
317 5408 423 5460 τοῦ
458 5404 844 5476 συμφέροντος
871 5407 1076 5477 τρίϐον.
1124 5407 1266 5478 Ἐγὼ
1297 5410 1396 5480 μὲν
1442 5410 1571 5481 γάρ,
1612 5410 1798 5481 φησὶν,

190 5500 274 5563 είς
313 5497 486 5552 τοῦτο
515 5495 749 5567 γνώμης
789 5498 1185 5567 ἐνηνεγμένους
1224 5499 1431 5563 λοιπὸν,
1480 5500 1800 5570 ὑπενεγκεῖν

189 5591 482 5661 ἠπείλησα
517 5588 645 5651 ταῖς
670 5591 882 5660 ὀργαῖς,
916 5591 1011 5642 καὶ
1044 5590 1354 5661 ὲκδικήσειν
1391 5591 1487 5655 τὰς
1527 5593 1801 5664 ἁμαρτίας

189 5681 406 5745 αὐτῶν,
458 5681 562 5734 καὶ
622 5682 1139 5753 ἀναμνησθήσεσθαι
1189 5683 1368 5746 πάσας
1421 5683 1518 5748 τὰς
1573 5685 1801 5756 ἀνομίας

267 5860 363 5915 ³³1
404 5859 539 5915 Cor.
586 5874 639 5925 κ,
669 5859 756 5912 '20.
837 5860 881 5889 ³³
918 5857 1076 5913 Hebr.
1118 5875 1171 5926 κ,
1206 5858 1293 5914 SI.

1907 5410 2313 5473 constituerint,
2354 5419 2411 5462 et
2457 5407 2552 5478 qni
2600 5405 2849 5459 semitam
2886 5397 3136 5455 utilitatis
3180 5393 3483 5466 ignorarint

1906 5505 2146 5574 penitus.
2187 5501 2296 5570 Ego
2342 5500 2585 5570 quidem,
2622 5496 2819 5566 inquit,
2862 5495 2918 5547 in
2954 5507 3071 5546 eam
3112 5502 3344 5545 mentem
3369 5487 3475 5556 jam

1907 5593 2100 5650 delatis
2132 5594 2329 5648 iratum
2373 5592 2490 5647 fore
2521 5603 2605 5642 tne
2632 5588 2993 5643 comminatus
3029 5599 3171 5648 sum,
3205 5593 3260 5637 et
3300 5579 3482 5633 vindi-

1906 5695 2150 5740 eaturum
2193 5691 2414 5755 peccata
2471 5694 2680 5740 eorum,
2740 5689 2794 5735 et
2840 5677 3246 5736 recordaturnm
3293 5680 3480 5726 omnes
