4034 6270
545 414 645 469 rsil

1574 417 1632 474 S.
1674 416 1947 474 CYRILLI
1981 417 2450 480 ALEXANDRINI
2495 424 2809 487 ARClllEl‘.
3707 436 3825 492 213

551 532 870 602 iniquitates
927 548 1134 590 eorum.
1190 534 1257 591 Et
1307 535 1623 606 incipiebat,
1675 538 1819 608 quod
1879 538 2121 595 futurum

2244 542 2424 597 ιύτῶν.
2449 545 2560 597 Kal.
2588 539 2655 615 ἦν
2679 546 2738 598 ἐν
2773 546 2967 616 ἀρχαῖς
2998 546 3059 599 τὸ
3084 546 3457 618 συμϐήσεσθαι
3493 552 3822 622 προσδοκώ-

551 625 1009 693 exspectabatur,
1067 635 1308 683 terrente
1357 626 1471 695 jam
1523 626 1778 684 lsraelem
1831 629 2011 696 bello,
2068 641 2123 686 et

553 715 725 771 ferme
752 718 862 786 jam
893 718 1226 787 provinciam
1261 719 1573 775 invadente.
1612 720 1817 776 Deinde
1848 736 1972 777 cum
1997 735 2119 791 sup-

552 806 801 876 plicando
830 817 886 862 et
928 808 1299 879 resipiscendo
1346 809 1515 865 Deum
1560 810 1810 881 mitigare
1839 812 2121 877 deberent,

553 898 815 969 aliterque
848 901 914 955 ad
955 901 1071 968 ejus
1109 901 1504 971 beneplacitum
1537 903 1762 966 erudiri,
1805 912 1860 957 et
1899 918 2126 959 conver-

554 991 705 1043 sione
751 991 817 1043 ad
871 991 1094 1046 meliora
1139 992 1272 1045 iram
1305 993 1544 1060 ejusdem
1592 992 1832 1057 ﬂectere,
1872 1004 2124 1062 tanquam

553 1080 620 1134 ad
660 1080 1007 1136 utilissimum
1040 1083 1318 1151 quiddam,
1354 1096 1409 1141 et
1443 1087 1584 1140 unde
1631 1085 1858 1140 liberari
1884 1096 2127 1155 possent,

556 1172 733 1227 aversi
765 1182 895 1227 sunt
919 1172 975 1227 in
1002 1170 1316 1244 IEgyptum,
1351 1174 1624 1230 hominem
1658 1174 1993 1247 Egyptium,
2022 1193 2127 1230 non

557 1261 750 1327 Deum,
810 1265 1052 1319 subsidio
1101 1278 1375 1329 vocantes,
1427 1284 1446 1317 ι
1481 1281 1676 1321 carnes
1722 1267 2071 1336 equorum”,
2105 1286 2124 1320 ι

557 1354 711 1420 juxta
744 1353 1101 1424 Scripturam.
1141 1376 1159 1408 r
1189 1358 1348 1426 Atqui
1377 1371 1481 1412 non
1516 1357 1749 1412 salvabit
1778 1372 1876 1412 rex
1908 1368 2130 1428 prepter

564 1446 785 1501 multam
830 1448 1109 1514 virtutem,
1159 1460 1215 1505 et
1266 1452 1418 1522 gigas
1468 1468 1574 1509 non
1623 1453 1855 1509 salvabit
1913 1463 2133 1523 propter

564 1540 961 1597 multitudinem
1023 1542 1357 1600 fortitudinis
1424 1561 1569 1613 sum;
1618 1546 1781 1601 fallax
1842 1562 2013 1615 equus
2064 1546 2132 1602 ad

561 1632 791 1689 salutem
812 1633 880 1688 ".
910 1633 1118 1690 Bonum
1153 1636 1428 1692 confidere
1454 1638 1506 1692 in
1531 1637 1780 1704 Domino,
1810 1653 1972 1708 quam
2005 1653 2136 1693 con-

563 1725 730 1781 lidere
762 1726 816 1780 in
850 1726 1162 1783 hominibus
1183 1726 1251 1783 ³⁷.
1281 1746 1299 1780 ι
1333 1726 1480 1783 Nihil
1505 1738 1687 1783 autem
1722 1729 1801 1783 eis
1829 1737 1938 1783 tam
1968 1737 2136 1783 teme-

563 1817 767 1871 rarium
827 1818 1112 1873 consilium
1173 1818 1463 1888 profuisse,
1524 1820 1659 1888 ipsa,
1725 1819 1920 1889 inquit,
1975 1832 2137 1888 expe-

2226 642 2407 704 μενον,
2438 635 2873 699 καταπτοοῦντος
2900 637 2999 708 ἤδη
3033 637 3125 691 τὸν
3168 639 3389 711 Ἰσραὴλ
3418 640 3512 693 τοῦ
3542 642 3819 710 πολέμου,

2227 727 2321 778 καὶ
2361 728 2647 796 μονονουχὶ
2689 730 2756 798 τῇ
2810 729 2965 799 χώρᾳ
3008 729 3423 800 προϐάλλοντος.
3476 728 3633 796 Εἶτα,
3696 734 3824 786 δέον

2228 816 2425 879 αὐτοὺς
2470 816 2643 879 λιταῖς
2673 834 2734 870 τε
2770 817 2864 870 καὶ
2900 817 3309 887 μεταγνώσεσιν
3361 820 3821 890 ἐκμειλίσσεσθαι

2227 906 2380 971 Θεὸν,
2414 907 2509 960 καὶ
2533 910 3022 978 μεταπαιδεύεσθαι
3055 911 3154 981 μέν
3178 910 3239 964 τὸ
3273 911 3466 965 δοκοῦν
3491 913 3665 983 αὐτῷ,
3693 917 3824 976 ταῖς

2228 998 2283 1051 δὲ
2307 1000 2387 1062 είς
2411 1000 2471 1052 τὸ
2498 999 2720 1070 ἄμεινον
2750 1002 3083 1074 ἀναδρομαῖς
3096 1003 3462 1057 ἐπιδυσωπεῖν
3495 1006 3596 1073 τὴν
3620 1005 3819 1074 ὀργὴν,

2230 1091 2305 1152 ὼς
2336 1091 2428 1145 ἐπί
2455 1109 2508 1144 τι
2537 1091 2645 1145 τῶν
2677 1091 2816 1162 ἄγαν
2845 1094 3129 1165 χρησίμων
3160 1094 3439 1158 ἐξελέσθαι
3496 1095 3823 1165 δυναμένων

2232 1183 2451 1246 αὐτοὺς,
2498 1184 2847 1255 ἀπέστρεψαν
2885 1189 2965 1248 είς
3018 1186 3308 1255 Αἴγυπτον,
3385 1186 3680 1249 καλοῦντες
3736 1192 3820 1252 είς

2234 1272 2556 1345 ἐπικουρίαν
2630 1275 2916 1346 ἄνθρωπον
2989 1276 3306 1344 Αίγύπτιον,
3387 1278 3482 1330 καὶ
3539 1279 3601 1329 οὐ
3660 1278 3817 1331 Θεῦν.

2240 1381 2259 1415 ι
2287 1362 2499 1417 Ἵππων
2549 1365 2820 1435 σάρκας,ι
2859 1364 2999 1419 κατά
3044 1367 3106 1419 τὸ
3143 1367 3552 1437 γεγραμμένον.
3610 1388 3628 1417 ι
3674 1366 3818 1419 Ἀλλ’

2234 1455 2296 1508 οὗ
2331 1455 2565 1521 σώζεται
2605 1456 2860 1527 βασιλεὺς
2893 1457 2980 1511 διὰ
3013 1457 3214 1528 πολλὴν
3242 1458 3494 1529 δύναμιν,
3528 1460 3625 1512 καὶ
3653 1460 3818 1528 γίγας

2234 1548 2296 1600 ού
2328 1547 2637 1619 σωθήσεται
2666 1548 2725 1601 ἐν
2749 1547 2944 1617 πλήθει
2972 1547 3154 1618 ίσχύος
3183 1546 3374 1610 αὐτοῦ,
3408 1548 3612 1620 ψευδὴς
3651 1550 3819 1614 ἵππος

2236 1638 2315 1701 εἰς
2362 1638 2655 1709 σωτηρίαν.
2709 1639 2938 1708 Ἀγαθὸν
2990 1639 3310 1694 πεποιθέναι
3362 1641 3454 1693 ἐπὶ
3495 1643 3729 1711 Κύριον,
3778 1643 3813 1713 ἢ

2238 1729 2557 1784 πεποιθέναι
2597 1731 2683 1784 ἐπ’
2719 1730 3026 1801 ἄνθρωπον.
3051 1751 3070 1783 ι
3099 1733 3221 1786 Ὀτι
3251 1731 3307 1785 δέ
3333 1733 3416 1795 είς
3444 1732 3602 1785 οὐδὲν
3634 1734 3818 1796 αὐτοῖς

2238 1820 2347 1875 τῶν
2369 1822 2683 1890 ἀναγκαίων
2709 1822 2776 1876 τὰ
2805 1823 2903 1893 τῆς
2932 1823 3168 1887 τοιᾶσδε,
3202 1823 3389 1893 φησὶν,
3418 1823 3821 1887 εἰκαιοϐουλίας

564 1908 758 1963 ricntia
813 1910 1072 1980 magistra
1127 1921 1479 1981 cognoscent.
1532 1910 1812 1980 Deportati
1870 1911 2015 1966 enim
2067 1910 2135 1965 ad

2244 1916 2556 1987 ἐκϐέϐηκεν,
2613 1915 2674 1981 ἐξ
2714 1917 2887 1986 αὐτῆς
2933 1916 3169 1969 εἴσονται
3209 1915 3309 1986 τῆς
3353 1914 3570 1986 πείρας,
3612 1916 3818 1969 ἀποκο-

562 2000 822 2071 Assyrios
855 2012 1020 2071 atque
1060 2002 1270 2067 Medos,
1312 2022 1331 2056 ι
1363 2003 1435 2058 ibi
1469 2003 1742 2058 immunda
1774 2003 2075 2065 comedent,
2109 2020 2129 2053 ι

565 2093 667 2147 hoc
692 2102 799 2159 est,
826 2108 998 2148 aevum
1029 2098 1315 2169 traducent
1349 2095 1552 2164 rejecta
1592 2111 1710 2165 quae
1735 2096 1976 2151 restabat
2007 2112 2136 2166 erga

563 2188 734 2259 legem
768 2190 1092 2253 reverentia,
1142 2200 1198 2243 et
1229 2190 1446 2260 quidvis
1485 2189 1622 2243 citra
1667 2203 1881 2244 omnem
1912 2202 2139 2257 scrupu-

563 2281 671 2334 lum
705 2281 1071 2337 comedentes.
1110 2280 1216 2336 Sed
1267 2280 1488 2349 objiciet
1534 2280 1768 2335 fortasse
1814 2279 2080 2347 quispiam
2118 2295 2133 2333 :

560 2368 844 2438 Quomodo
901 2371 1005 2425 hoc
1056 2369 1310 2439 scrupulo
1350 2383 1473 2425 esse
1527 2368 1787 2424 lsraelitis
1833 2368 2039 2435 potuit,
2087 2368 2133 2422 si

564 2459 785 2529 quidem
817 2459 984 2516 falsos
1022 2460 1152 2517 deos
1185 2459 1440 2515 colendos
1461 2459 1855 2529 susceperant?
1884 2458 2133 2527 Respon-

566 2553 759 2606 demus
816 2551 956 2609 huic.
992 2551 1323 2620 quaestioni,
1376 2551 1431 2605 itt
1482 2563 1725 2605 errorem
1783 2564 1843 2604 se
1899 2549 2138 2603 induisse

567 2643 948 2709 concorditer;
974 2645 1071 2699 sed
1093 2644 1146 2699 in
1172 2644 1369 2699 animis
1396 2657 1584 2698 eorum
1612 2641 1787 2697 adhuc
1808 2640 2136 2709 aliquantam

565 2733 979 2791 sollicitudinem
1020 2735 1157 2806 legis
1199 2734 1555 2804 superfuisse,
1594 2742 1648 2789 ct
1691 2748 1785 2789 eos
1832 2746 1861 2786 a
1904 2730 2141 2786 Judaicis

567 2824 1051 2883 consuetudinibus
1095 2842 1200 2883 non
1247 2827 1313 2883 ad
1347 2841 1576 2896 unguem
1623 2825 1964 2891 discessisse,
2001 2831 2140 2877 tam-

566 2919 673 2973 etsi
714 2920 768 2973 in
800 2919 1065 2973 idolorum
1109 2918 1323 2986 templis
1353 2931 1543 2986 preces
1581 2918 1954 2984 conciperent.
1997 2914 2141 2979 Quo~

568 3008 720 3063 circa
747 3018 800 3064 et
828 3010 1019 3064 beatus
1053 3008 1313 3076 propheta
1345 3007 1491 3061 Elias
1524 3014 1584 3059 ut
1607 3004 1819 3060 duobus
1847 3004 2140 3073 poplitibus

571 3095 968 3160 claudicantes,
1006 3105 1062 3149 et
1112 3110 1287 3165 neque
1337 3092 1469 3148 Baal
1514 3096 1755 3162 omnino,
1807 3108 1981 3163 neque
2031 3092 2139 3147 Deo

571 3185 815 3258 perfecte
838 3187 1117 3242 adhaerere
1136 3185 1375 3240 volentes
1395 3184 1685 3255 aliquando
1708 3182 2135 3255 reprehendit”.

574 3276 774 3333 Verum
810 3278 1059 3334 redactus
1088 3280 1140 3333 in
1184 3279 1548 3349 captivitatem
1594 3276 1783 3342 Israel,
1815 3276 1948 3347 legis
1983 3290 2139 3331 reve-

574 3368 799 3425 rentiam
828 3368 1070 3425 funditus
1096 3370 1311 3441 abjecit,
1335 3386 1514 3427 mores
1541 3379 1597 3425 et
1626 3370 1770 3439 leges
1794 3366 2137 3422 dominorum

574 3475 796 3516 suorum
840 3462 1165 3518 necessitate
1213 3465 1434 3520 adactus
1467 3479 1719 3533 sequens.
1757 3462 1827 3518 Et
1856 3463 1980 3527 hoc,
2023 3459 2142 3530 opi.

576 3569 717 3620 nor,
773 3563 891 3619 est,
935 3556 1076 3624 quod
1133 3565 1189 3610 et
1246 3557 1362 3626 ipse
1409 3556 1659 3611 Christus
1700 3555 1836 3609 dixit
1884 3571 1898 3608 :
1937 3550 2141 3609 «Omni

581 3647 796 3703 habenti
833 3647 1068 3713 dabitur,
1111 3658 1167 3704 et
1213 3648 1529 3703 abundabit.
1578 3646 1661 3701 Ab
1709 3662 1775 3702 eo
1821 3655 2001 3700 autem
2051 3642 2144 3714 qui

579 3752 686 3794 non
735 3738 919 3803 habet,
961 3748 1016 3793 et
1045 3740 1186 3808 quod
1236 3740 1444 3795 videtur
1487 3739 1704 3802 habere,
1760 3736 2037 3791 auferetur
2076 3735 2144 3788 ab

579 3846 644 3886 eo
667 3831 732 3885 ³⁸.
770 3849 791 3884 ι
847 3830 964 3886 Non
1018 3840 1145 3886 sunt
1200 3831 1360 3902 igitur
1407 3832 1565 3885 nobis
1607 3828 1911 3899 spernenda
1964 3827 2147 3881 divina

581 3922 940 3989 charismata;
988 3925 1081 3977 sed
1126 3938 1246 3992 qua:
1298 3920 1644 3977 habuerimus
1683 3935 1714 3974 a
1758 3921 1887 3982 Deo.
1926 3918 2147 3973 maximi

581 4013 923 4069 aestimanda.
965 4013 1099 4067 Nam
1148 4014 1196 4068 si
1240 4012 1390 4068 cordi
1439 4010 1594 4066 nobis
1641 4010 1862 4075 ruerint,
1914 4011 2150 4065 libenter

577 4104 755 4177 gratia
803 4113 858 4160 et
903 4106 1101 4159 donum
1157 4104 1209 4158 in
1268 4103 1423 4157 nobis
1472 4101 1757 4156 habitabit.
1824 4100 1917 4155 Sin
1971 4109 2149 4153 autem

581 4198 761 4268 ignavi
809 4208 865 4252 et
913 4196 1126 4252 remissi
1192 4196 1244 4250 in
1306 4210 1371 4251 eo
1433 4192 1791 4249 custodiendo
1846 4191 2148 4256 fuerimus,

582 4290 757 4358 ipsum
793 4302 1017 4355 prorsus
1054 4287 1308 4341 avolabit.

655 4376 816 4448 126
849 4377 1008 4431 Vens.
1038 4376 1124 4430 14.
1162 4376 1223 4430 Et
1249 4378 1438 4431 oblitus
1468 4385 1545 4430 est
1570 4373 1742 4429 Israel
1770 4374 1883 4442 ejus
1910 4375 1998 4443 qui
2029 4370 2154 4441 fecit

581 4468 756 4524 illum.
790 4468 857 4521 Et
887 4467 1279 4536 a'tliﬁcat'erunt
1306 4468 1455 4535 fana.
1496 4466 1558 4518 Et
1590 4464 1761 4518 ludas
1792 4463 2156 4531 multiplicauit

2239 2006 2522 2076 μισθέντες
2563 2006 2673 2076 γὰρ
2715 2008 2797 2069 είς
2860 2006 3179 2077 Ἀσσυρίους
3213 2005 3310 2058 καὶ
3354 2005 3596 2075 Μήδους,
3659 2024 3677 2056 ι
3710 2007 3823 2059 ἐκεῖ

2236 2098 2523 2168 ἀκάθαρτα
2553 2099 2836 2166 φάγονται,
2860 2116 2879 2148 ι
2905 2096 3173 2161 τουτέστι,
3195 2094 3580 2149 διαϐιώσονται
3609 2097 3714 2165 τῆς
3743 2097 3822 2161 εἰς

2235 2188 2328 2244 τὸν
2354 2190 2515 2259 νόμον
2550 2186 2732 2250 αἰδοῦς
2758 2186 3122 2250 ἀποϐαλόντες
3154 2187 3214 2239 τὸ
3239 2185 3514 2255 λείψανον,
3554 2187 3652 2239 καὶ
3680 2188 3820 2255 apu-

2236 2282 2450 2345 λάκτως
2476 2280 2748 2344 ἐσθίοντες
2764 2280 2823 2334 τὸ
2847 2278 3180 2350 παρατυχόν.
3230 2277 3369 2331 Ἀλλ’
3403 2279 3536 2338 τσως
3567 2280 3689 2348 ἐρεῖ
3714 2293 3817 2339 τις·

2238 2373 2365 2437 Πῶς
2394 2372 2551 2427 τοῦτο
2573 2371 2877 2439 λελύπηκεν
2908 2370 2975 2424 ἂν
3000 2369 3125 2432 τοὺς
3158 2368 3216 2434 ἐξ
3266 2367 3501 2440 Ἰσραὴλ,
3534 2367 3819 2421 εἰδωλολα-

2236 2469 2386 2537 τρεῖν
2420 2465 2740 2533 ἐλομὲνους;
2771 2462 2915 2533 Πρὸς
2945 2459 3120 2515 ταῦτά
3161 2477 3362 2531 φαμεν,
3390 2460 3474 2513 ὅτι
3506 2459 3820 2529 πεπλάνην-

2236 2573 2328 2609 ται
2383 2555 2480 2626 μὲν
2528 2552 2993 2624 ὁμολογουμένως,
3041 2551 3154 2605 ἀλλ’
3187 2547 3255 2623 ἦν
3307 2569 3391 2615 τις
3442 2552 3636 2613 αὐτοῖς
3685 2552 3819 2615 κατὰ

2239 2646 2363 2702 νοῦν
2385 2646 2467 2699 ἔτι
2494 2645 2670 2718 μικρά
2687 2644 2782 2699 τοῦ
2803 2645 2969 2715 νόμου
3002 2645 3241 2715 φροντὶς,
3268 2636 3365 2696 {al
3390 2645 3500 2698 τῶν
3514 2645 3820 2699 Ἰουδαϊκῶν

2240 2740 2379 2793 ἐθῶν
2405 2738 2504 2792 οὐκ
2524 2736 2833 2792 ἀπώλισθον
2856 2734 3154 2798 παντελῶς,
3184 2735 3364 2788 καίτοι
3389 2734 3823 2806 προσκυνοῦντες

2240 2832 2297 2884 ἐν
2332 2832 2443 2895 τοῖς
2473 2830 2580 2884 τῶν
2611 2828 2845 2883 εἰδώλων
2877 2831 3041 2890 ναοῖς.
3069 2826 3338 2898 Ταύτῃτοι
3365 2827 3461 2879 καὶ
3489 2829 3519 2880 ὁ
3552 2825 3824 2896 μακάριος

2240 2922 2528 2993 προφήτης
2588 2920 2789 2985 Ἠλιοῦ,
2834 2920 2911 2982 ὡς
2957 2919 3108 2972 δυσὶν
3143 2918 3354 2986 ἰγνύαις
3388 2916 3828 2987 ἐπιχωλεύοντας

2241 3013 2535 3085 κατῃτιᾶτο
2582 3030 2711 3066 ποτε
2739 3052 2753 3076 ,
2811 3012 2906 3066 καὶ
2963 3016 3098 3083 μήτε
3142 3010 3219 3081 τῷ
3283 3009 3431 3064 Βάαλ
3488 3008 3830 3079 ὀλοτρόπως,

2243 3104 2379 3175 μήτε
2435 3102 2543 3175 μὴν
2579 3102 2698 3172 Θεῷ
2733 3102 2954 3165 τελείως
2982 3100 3338 3172 προσκεῖσθαι
3368 3097 3833 3169 βεϐουλημένους.

2242 3192 2452 3248 Οὐκοῦν
2473 3191 2714 3262 γεγονὼς
2743 3192 3083 3263 αἰχμάλωτος
3126 3192 3157 3244 ὁ
3202 3190 3429 3261 Ἰσραὴλ,
3468 3186 3836 3257 ἀποϐέϐληκε

2241 3284 2461 3348 τελείως
2486 3284 2586 3356 τὴν
2615 3284 2695 3346 είς
2724 3282 2815 3338 τὸν
2840 3282 3005 3353 νόμον
3023 3282 3173 3345 αἰδῶ,
3199 3285 3309 3345 τοῖς
3338 3280 3440 3334 τῶν
3465 3278 3836 3350 κρατούντων

2240 3375 2388 3428 ἔθεσί
2418 3392 2498 3438 τε,
2550 3372 2647 3428 καὶ
2671 3373 2877 3444 νόμοις,
2914 3372 2991 3437 ὼς
3034 3372 3093 3440 ἐξ
3122 3374 3364 3443 ἀνάγκης
3390 3370 3684 3439 ἑπόμενος.
3723 3371 3833 3424 Καὶ

2240 3464 2418 3530 τοῦτο,
2444 3460 2618 3535 οἶμαι,
2669 3463 2819 3517 ἐστὶν
2866 3462 2895 3516 ὂ
2924 3464 3018 3517 καὶ
3062 3465 3226 3528 αὐτὸς
3282 3465 3387 3535 ἔφη
3433 3462 3702 3531 Χριστὸς,
3749 3462 3830 3515 ὅτι

2250 3577 2268 3610 ι
2294 3557 2466 3611 Παντὶ
2511 3556 2588 3626 τῷ
2620 3555 2796 3626 ἔχοντι
2825 3556 3132 3626 δοθήσεται,
3174 3556 3269 3610 καὶ
3306 3554 3824 3625 περισσευθήσεται·

2258 3648 2390 3701 Ἀπὸ
2410 3648 2465 3701 δὲ
2495 3646 2590 3702 τοῦ
2617 3649 2691 3718 μὴ
2722 3647 2961 3717 ἔχοντος,
2994 3647 3090 3701 καὶ
3110 3647 3137 3700 ὃ
3161 3647 3308 3700 δοκεῖ
3337 3646 3503 3717 ἔχειν,
3529 3646 3824 3716 ἀρθήσεται

2249 3738 2343 3792 ἀπ’
2369 3737 2588 3791 αὑτοῦ.»
2616 3740 2705 3790 Δεῖ
2720 3738 2785 3809 δὴ
2818 3734 2911 3791 οὖν
2934 3739 3040 3809 ἄρα
3065 3737 3173 3792 τῶν
3202 3736 3360 3790 θείων
3380 3738 3531 3806 ἡμᾶς
3547 3733 3819 3807 χαρισμά-

2249 3847 2354 3884 των
2415 3830 2489 3899 μὴ
2536 3831 2929 3897 καταφρονεῖνο
2988 3827 3103 3881 ἀλλ’
3149 3821 3225 3882 ὧν
3276 3828 3343 3880 ἂν
3398 3827 3623 3897 ἔχοιμεν
3682 3826 3815 3894 παρὰ

2250 3920 2407 3986 Θεοῦ,
2446 3922 2693 3975 πλεῖστον
2724 3921 2847 3974 ὅσον
2891 3920 3159 3975 ποιεῖσθαι
3206 3920 3383 3989 λόγον.
3431 3914 3801 3990 Πεςρροντιιιόσι

2257 4014 2352 4084 μὲν
2379 4012 2488 4084 γάρ
2522 4013 2970 4083 ἐμφυλοχωρήσει
3007 4012 3067 4065 τὸ
3097 4011 3364 4083 χάρισμα.
3388 4011 3452 4063 El
3480 4009 3538 4063 δέ
3572 4009 3810 4081 ῥᾴθυμα,

2252 4104 2347 4156 καὶ
2393 4102 2850 4165 ἀναπεπτωκότες
2889 4102 3018 4173 περὶ
3062 4100 3195 4154 αὐτὸ
3225 4098 3510 4170 γινόμεθα,
3560 4098 3657 4153 καὶ
3701 4094 3820 4151 αὐτὸ

2253 4195 2316 4265 δὴ
2351 4194 2568 4257 πάντως
2598 4194 2813 4265 ἀποπτή
2823 4210 2991 4247 σεται.

2326 4368 2437 4423 Καὶ
2456 4368 2777 4423 ἐπελάθετο
2815 4364 3062 4433 Ἰσραὴλ
3091 4364 3197 4419 τοῦ
3223 4364 3599 4431 ποιήσαντος
3622 4361 3825 4417 αὐτόν.

2258 4459 2368 4512 Καὶ
2397 4458 2792 4525 ᾠκοδόμησαν
2827 4455 3064 4524 τεμένη.
3110 4455 3217 4508 Kal
3261 4453 3491 4518 Ἰοίὸας
3526 4451 3829 4518 ἐπλήθυνε

582 4561 733 4618 urbes
770 4572 1025 4614 muratos.
1075 4557 1145 4611 Et
1191 4560 1396 4617 mittant
1435 4558 1606 4626 ignem
1654 4556 1706 4608 in
1753 4554 1982 4606 civitates
2018 4552 2140 4620 ejus,

2258 4552 2467 4613 πόλεις
2509 4546 2972 4615 τετειχισμένας.
3010 4544 3121 4599 Kal
3149 4542 3536 4609 ἐξαποστελῶ
3575 4543 3699 4612 πῦρ
3747 4544 3832 4607 εἱς

582 4662 630 4706 et
661 4650 926 4704 devorabit
960 4647 1299 4717 fundamenta
1326 4647 1562 4699 illarum.

661 4819 817 4875 XCV.
858 4817 1030 4873 Ambo
1075 4834 1235 4889 regna
1271 4817 1540 4890 objurgat,
1587 4816 1865 4882 Samarim,
1913 4819 2153 4887 inquam,

584 4922 644 4970 ct
662 4912 823 4978 .luda,
853 4925 1045 4982 nempe
1067 4912 1208 4981 quod
1251 4920 1334 4966 est
1357 4908 1770 4980 Hierosolymis.
1803 4906 1939 4974 Quid
1975 4918 2155 4962 autem

589 5003 751 5059 ambo
774 5001 1025 5067 fecerint,
1067 5000 1352 5055 videndum
1382 5012 1437 5055 et
1469 4998 1844 5069 exponendum
1876 5009 1977 5053 est.
2021 4996 2156 5051 Cum

589 5096 791 5153 bellum
833 5102 1258 5163 exspectaretur,
1295 5101 1348 5147 et
1391 5101 1565 5145 terror
1608 5090 1993 5161 propemodum
2027 5088 2159 5156 ipsis

593 5186 800 5245 foribus
851 5186 1180 5249 immineret,
1235 5192 1619 5254 oporteretque
1678 5191 1788 5235 tum
1832 5180 2154 5243 Samaritas,

594 5288 709 5335 tum
745 5280 811 5335 de
846 5266 987 5334 tribu
1015 5277 1153 5334 Juda
1185 5285 1472 5345 regnantes
1497 5289 1526 5326 a
1553 5273 1660 5327 Deo
1692 5271 1976 5327 Salvatore
2002 5271 2159 5323 anxi-

593 5373 726 5428 liutn
775 5386 1036 5442 quaerere,
1090 5370 1137 5426 si
1186 5369 1403 5441 quidem
1430 5376 1485 5423 et
1530 5365 1744 5421 inutiles
1784 5373 1839 5419 et
1893 5363 2162 5433 improbas

595 5462 946 5531 cogitationes
996 5476 1124 5516 suas
1188 5466 1495 5524 mutarent,
1551 5464 1606 5511 et.
1659 5471 1780 5510 eum
1831 5453 2163 5523 posuitentiis

595 5552 798 5617 colere,
843 5555 1069 5621 amplius
1112 5553 1533 5623 omnipotentem
1586 5549 1868 5606 Dominum
1904 5549 2164 5601 adversus

596 5659 660 5701 se
692 5642 998 5698 irritabant.
1036 5644 1196 5697 Israel
1234 5646 1400 5709 enim,
1446 5645 1546 5698 hoc
1597 5652 1701 5710 est,
1735 5642 1918 5696 decem
1966 5638 2159 5702 tribus,

667 5809 710 5838 "
747 5818 938 5872 Leuit.
1016 5833 1161 5881 xm,
1194 5816 1281 5869 9.0.
1360 5816 1402 5848 3“
1435 5815 1577 5871 Paul.
1606 5832 1773 5878 sxw,
1804 5814 1998 5881 16,17.
2080 5815 2116 5845 ³⁷

2244 5811 2294 5865 tl.
2347 5826 2510 5876 cxvtt,
2548 5811 2598 5863 8.
2680 5809 2722 5842 "
2756 5808 2818 5864 lll
2856 5810 2982 5880 Reg.
3024 5825 3155 5882 xvty
3183 5808 3271 5865 “ll.

2256 4641 2362 4706 τὰς
2412 4641 2621 4702 πόλεις
2689 4638 2907 4705 αὑτοῦ,
2995 4636 3393 4706 καταφάγεται
3447 4636 3521 4690 τὰ
3588 4633 3835 4703 θεμέλια

2260 4731 2476 4786 αὐτῶν.

2334 4823 2445 4889 (τευ.
2464 4822 2823 4893 Ἀμφοτέραις
2852 4821 3169 4890 ἐπιπλήττει
3193 4820 3311 4884 ταῖς
3336 4816 3656 4887 βασιλείαις,
3680 4817 3749 4885 τῇ
3774 4832 3836 4867 τε

2263 4914 2320 4965 ἐν
2349 4911 2651 4981 Σαμαρείᾳ,
2692 4912 2855 4980 φημὶ,
2891 4910 2981 4962 καὶ
3007 4912 3073 4981 τῇ
3104 4908 3197 4962 τοῦ
3243 4907 3434 4969 Ἰούδα,
3462 4907 3731 4968 τουτέστι,
3770 4906 3835 4974 τῇ

2263 5000 2397 5072 οὔσῃ
2422 5002 2561 5055 κατά
2582 5000 3067 5070 τὴνἸερουσαλήμ.
3100 4999 3165 5052 Τί
3191 4998 3297 5069 γάρ
3324 4998 3490 5068 ἀμφω
3518 4996 3838 5067 δεδράκασι,

2263 5091 2599 5162 καταθρῆσαί
2644 5108 2702 5143 τε
2760 5091 2875 5160 ἀμα
2913 5091 3006 5143 καὶ
3046 5090 3220 5141 εἰπεῖν
3280 5088 3598 5155 ἀναγκαῖον.
3658 5085 3843 5155 Προσ-

2262 5182 2565 5252 δοκωμένου
2611 5179 2719 5251 γὰρ
2757 5180 2974 5233 ἔσεσθαι
3017 5178 3109 5231 τοῦ
3156 5177 3413 5247 πολέμου,
3450 5175 3734 5246 μονονουχὶ
3783 5171 3843 5225 δὲ

2264 5272 2357 5325 καὶ
2392 5271 2477 5325 ἐπ’
2509 5272 2699 5335 αὑταῖς
2741 5271 2841 5341 ἤδη
2879 5270 3161 5338 γεγονότος
3203 5271 3321 5331 ταῖς
3360 5266 3554 5338 θύραις
3601 5265 3696 5319 τοῦ
3732 5264 3846 5317 δεί-

2268 5381 2456 5432 ματος,
2491 5363 2607 5416 δέον
2630 5363 2826 5424 αὐτοὺς
2850 5362 2976 5425 τούς
3017 5379 3074 5415 τε
3122 5363 3179 5416 ἐν
3213 5361 3518 5433 Σαμαρείᾳ,
3571 5359 3666 5412 καὶ
3711 5360 3845 5420 τοὺς

2266 5450 2641 5520 βασιλεύοντας
2668 5451 2731 5503 ἐκ
2756 5450 2925 5518 φυλῆς
2965 5450 3151 5514 Ἰούδα,
3182 5449 3280 5519 τὴν
3307 5449 3458 5520 παρὰ
3481 5447 3619 5500 Θεοῦ
3646 5447 3849 5511 σώζονο

2262 5560 2353 5606 τος
2407 5542 2727 5612 ἐπικουρίαν
2758 5540 2961 5610 ζητεῖν,
2995 5543 3042 5593 εἰ
3081 5540 3364 5604 ἐκτύπους,
3400 5540 3494 5592 καὶ
3539 5539 3848 5607 ἀνωφελεῖς

2264 5636 2559 5705 ἐτράποντο
2583 5634 2824 5705 γνώμας,
2849 5635 2939 5686 καὶ
2965 5636 3081 5696 ταῖς
3112 5630 3484 5703 μεταγνώσεσι
3512 5630 3849 5703 θεραπεύειν

3360 5809 3404 5840 ³⁸
3430 5807 3560 5863 Luc.
3597 5823 3715 5877 stx,
3749 5806 3843 5862 ‘36.
