4034 6270
225 456 328 512 Ξὲὖ

1141 439 1697 498 COMMENTARIUS
1734 436 1801 493 IN
1838 436 2069 494 OSEAM
2107 435 2546 494 PROPIIET'AM.

3359 433 3464 485 ΞΗ

231 560 545 630 ὀφείλοντες,
584 553 940 626 κατηρέθιζον
966 556 1050 620 ἐφ’
1072 554 1286 615 ἑαυτοῖς
1309 552 1405 605 καὶ
1431 551 1512 603 ἐτι
1536 549 1795 621 μειζόνως

1897 560 1949 605 et
1990 551 2044 604 in
2100 564 2196 615 eas
2234 559 2483 604 tenentes
2525 546 2831 617 imperium,
2885 544 3011 610 diis,
3062 552 3120 599 ut
3165 559 3193 596 a
3248 543 3465 597 miseris

235 655 319 708 τὸν
340 649 444 705 τῶν
472 647 609 701 ὅλων
634 643 939 715 κρατοῦντα
985 643 1137 698 Θεόν.
1179 642 1237 695 ὐ
1265 640 1364 711 μὲν
1401 639 1511 710 γὰρ
1552 638 1789 709 Ἰσραὴλ,

236 741 515 804 τουτέστιν,
560 739 617 791 αἱ
647 738 778 791 δέκα
802 735 987 804 φυλαὶ,
1020 734 1113 787 καὶ
1145 732 1196 785 οἱ
1234 731 1437 786 τούτων
1481 728 1788 800 ἀνημμένοι

235 833 291 885 τὸ
325 829 537 900 κράτος,
579 827 656 891 ὡς
695 825 1090 895 λελυπημένοις
1138 823 1237 894 τὴν
1279 821 1497 886 ἅλωσιν,
1554 820 1646 872 καὶ
1688 819 1789 884 τὰς

237 921 335 975 τῶν
381 918 650 990 πολεμίων
689 917 1023 989 ἀνατρέπειν
1054 914 1360 984 φάλαγγας,
1400 913 1496 966 καὶ
1539 911 1788 974 πλείονας

236 1014 311 1066 ἔτι
349 1013 448 1072 τὰς
498 1009 788 1080 θεραπείας
838 1006 1135 1079 προσῆγον.
1194 1002 1667 1075 Ἐκμελισσόμενοι
1736 1000 1795 1055 δι

233 1102 433 1170 ῶσπερ,
464 1099 558 1153 καὶ
585 1098 937 1158 καθιστάντες
965 1096 1211 1164 εὐμενεῖς
1230 1091 1541 1163 ᾠκοδόμουν
1567 1089 1790 1160 τεμένη,

232 1190 321 1242 καὶ
348 1189 562 1258 βωμοὺς
608 1184 1006 1248 ὲναπετίθεντο,
1046 1182 1145 1235 καὶ
1186 1180 1426 1234 πλείοσιν
1463 1180 1543 1232 ἔτι
1584 1177 1795 1241 θυσίαις

226 1279 443 1348 ἐτίμων.
480 1276 540 1332 '0
566 1277 622 1330 δέ
647 1293 711 1345 γε
743 1276 945 1338 Ἰούδας
977 1272 1324 1345 ὀχυρωτέρας
1346 1270 1517 1324 ἐποίει
1539 1268 1636 1332 τὰς
1667 1269 1793 1321 έαυ-

224 1368 314 1422 τοῦ
344 1368 541 1432 πόλεις,
566 1367 735 1430 λίθοις
771 1365 971 1436 μᾶλλον
998 1363 1396 1434 ὲπιθαρσήσας,
1432 1360 1525 1414 καὶ
1552 1360 1613 1413 οὐ
1647 1358 1788 1428 Θεῷ,

1895 638 2264 707 captivitatem
2319 637 2694 706 depellerent,
2752 645 2808 690 et
2857 635 3089 690 hostium
3165 633 3469 703 phalangas

1894 738 2224 792 everterent,
2270 730 2472 793 majora
2522 728 2780 797 obsequia
2832 727 3179 789 exhibebant,
3225 735 3278 780 et
3308 727 3463 794 quasi

1893 832 1988 873 eos
2003 816 2390 878 demulcentes,
2415 831 2711 884 eorumque
2735 816 2836 869 sibi
2858 816 3288 872 benevolentiam
3318 830 3468 870 com-

1895 918 2167 978 parantes,
2201 908 2324 961 fana
2354 907 2715 969 teditleabant,
2746 915 2802 960 et
2841 922 2967 961 aras
2996 910 3048 961 in
3087 910 3153 963 iis
3181 917 3466 963 construe-

1899 998 2049 1064 bant,
2090 1007 2146 1054 et
2182 998 2425 1068 pluribus
2453 1012 2547 1052 eos
2586 997 2870 1052 sacrificiis
2916 998 3271 1053 honorabant.
3300 998 3477 1052 Iudas

1900 1092 2061 1145 urbes
2093 1105 2221 1144 suas
2259 1088 2664 1143 communiebat
2697 1088 2949 1152 validius,
2982 1088 3165 1156 potius
3196 1089 3466 1156 lapidibus

1899 1195 2062 1251 quam
2097 1181 2205 1236 Deo
2228 1181 2487 1245 conlisus,
2511 1179 2763 1251 quamvis
2788 1178 2879 1233 ille
2905 1180 2971 1232 de
3009 1176 3310 1232 Jerusalem
3341 1194 3467 1247 per-

1898 1272 2100 1340 spicnis
2143 1272 2325 1326 verbis
2369 1271 2641 1326 dixisset:
2684 1287 2707 1323 ι
2734 1268 2848 1338 Ego
2887 1283 2983 1322 ero
3009 1268 3082 1330 ei,
3118 1267 3250 1320 dicit
3287 1267 3468 1321 Domi-

1896 1378 2020 1426 nus,
2063 1377 2250 1416 murus
2282 1364 2473 1432 igneus
2522 1363 2574 1416 in
2622 1361 2878 1424 circuitu.
2908 1371 2964 1415 et
3011 1360 3063 1415 iu
3106 1360 3332 1431 gloriam
3371 1375 3471 1414 ero

227 1458 397 1510 καίτοι
448 1456 661 1525 λέγοντι
714 1453 898 1522 σαφῶς
948 1454 1077 1523 περὶ
1120 1456 1221 1523 τῆς
1273 1449 1649 1523 Ἰερουσαλὴμ,
1707 1448 1791 1501 ὅτι

1897 1456 1943 1508 in
2003 1454 2184 1508 medio
2238 1454 2444 1522 ejus“.
2486 1473 2504 1506 ι
2561 1446 2759 1508 Verum
2814 1453 2949 1507 nihil
3000 1467 3062 1507 ex
3121 1467 3188 1506 eo
3239 1450 3470 1520 profecit

228 1568 245 1598 ι
280 1547 417 1615 Ἐγὼ
460 1548 656 1617 ἔσομαι
718 1548 878 1616 αὐτῇ,
931 1545 1081 1612 λέγει
1125 1544 1348 1615 Κύριος,
1389 1544 1566 1612 τεῖχος
1621 1540 1793 1612 πυρὸς

223 1640 505 1700 κυκλόθεν,
536 1638 632 1692 καὶ
675 1640 757 1701 εἰς
805 1637 962 1702 δόξαν
1002 1637 1195 1707 ἔσομαι
1242 1637 1301 1688 ὲν
1352 1635 1500 1706 μέσῳ
1545 1634 1733 1701 αὐτῆς.
1772 1651 1791 1683 s

236 1730 371 1782 Ἀλλ’
406 1730 559 1783 οὐδὲν
595 1730 692 1799 μὲν
720 1727 898 1797 ὢνησε
926 1728 988 1780 τὸ
1024 1728 1213 1798 χρῆμα
1254 1727 1343 1779 τὸν
1388 1725 1623 1797 Ἰσραήλ.
1682 1726 1798 1797 Πῦρ

1897 1546 2087 1602 Israel.
2137 1548 2319 1615 Ignem
2371 1557 2553 1601 autem
2610 1547 2862 1613 deinceps
2911 1546 2964 1598 in
3006 1545 3168 1599 urbes
3216 1543 3353 1597 Juda
3409 1559 3471 1596 se

1894 1639 2263 1693 immissurum
2324 1638 2561 1692 minatur
2622 1639 2801 1700 Deus,
2860 1635 3168 1705 Babyloniis
3211 1636 3468 1689 nimirum

1896 1730 1992 1783 ira:
2024 1729 2221 1784 divina:
2246 1730 2583 1783 administris
2615 1743 2707 1783 eas
2739 1726 3175 1781 incendeutibus.

223 1821 279 1874 δὲ
314 1823 433 1883 ταῖς
468 1820 684 1873 πόλεσιν
722 1821 1022 1889 ἐπαφήσειν
1062 1821 1180 1882 ταῖς
1222 1819 1411 1881 Ἰούδα,
1453 1818 1636 1873 λοιπὸν
1699 1819 1987 1889 ἐπηπείλει
2041 1821 2173 1886 Θεός
2211 1837 2226 1853 ο
2265 1820 2774 1891 καταπιμπράντων
2836 1817 3007 1882 αὑτὰς
3072 1816 3316 1887 δηλονότι
3357 1815 3468 1868 τῶν

225 1911 600 1976 Βαϐυλωνίων,
654 1912 703 1964 οἶ
750 1911 849 1980 τῆς
901 1914 982 1974 είς
1033 1910 1230 1973 αὐτοὺς
1275 1911 1440 1979 ὀργῆς
1504 1910 1789 1978 γεγόνασιν
1819 1912 2105 1984 ὑπουργοί.

819 2043 1066 2096 ΚΕΦΛΛ.
1117 2041 1194 2096 θ’.

289 2151 385 2219 Μὴ
418 2151 609 2220 χαῷε,
648 2151 909 2218 Ἰσραὴλ,
954 2149 1092 2219 μηδ’
1132 2151 1460 2218 εὐφραίνου
1513 2151 1702 2217 καθὼς
1742 2153 1796 2205 οι

218 2240 374 2305 .laoi,
416 2240 506 2293 ὅτι
536 2240 911 2307 ἐπόρνευσας
953 2239 1073 2295 ἀπὸ
1109 2241 1217 2295 τοῦ
1252 2240 1399 2294 Θεοῦ
1442 2257 1577 2294 σου.
1623 2240 1794 2309 Ἠγά-

219 2347 420 2399 πησιις
463 2332 690 2401 δόματα
729 2333 827 2385 ἐπὶ
860 2332 1056 2387 πάντα
1108 2332 1310 2388 ἅλωνα
1342 2332 1537 2385 σίτου.
1583 2333 1794 2395 Ἀλων,

219 2424 315 2477 καὶ
334 2424 526 2491 ληνὸς
549 2425 660 2477 οὐκ
685 2423 837 2493 ἔγνω
862 2424 1103 2491 αὐτοὺς,
1129 2423 1226 2478 καὶ
1253 2427 1286 2478 d
1306 2424 1469 2489 οἶνος
1494 2424 1798 2492 ἐψεύσατο

217 2516 456 2579 αὐτούς.
521 2517 603 2569 Οὐ
641 2514 998 2582 κατῴκησαν
1046 2516 1117 2570 ἐν
1160 2514 1235 2585 τῇ
1276 2514 1353 2585 τῇ
1399 2516 1505 2569 τοῦ
1550 2516 1794 2583 Κιιοίου.

219 2605 586 2674 Κατῴκησεν
612 2606 858 2675 Ἐφραῒμ
879 2606 1203 2675 Αιγυπτον,
1234 2607 1331 2661 καὶ
1349 2608 1419 2661 ἐν
1455 2609 1800 2675 Ἀσσυρίοις

218 2694 531 2762 ἀκάθαρτα
589 2695 897 2765 φάγονται.
948 2699 1071 2750 οὐκ
1129 2697 1427 2751 ἔσπεισαν
1475 2696 1556 2762 τῷ
1607 2697 1802 2765 Κυρίῳ

219 2782 409 2850 οἶνον,
444 2787 543 2839 καί
569 2788 680 2854 οὐχ
717 2785 953 2853 ἣδυναν
975 2784 1158 2851 αὐτῷ,
1186 2790 1245 2840 al
1271 2788 1470 2841 θυσίαι
1497 2786 1693 2841 αὐτῶν
1722 2787 1803 2853 ὡς

219 2878 397 2946 ἄρτος
432 2878 692 2944 πένθους
721 2878 945 2943 αὐτοῖς.
983 2878 1209 2944 Πάντες
1243 2881 1300 2932 οι
1325 2879 1629 2945 ἐσθίοντες
1651 2878 1803 2933 αὐτὰ

217 2969 679 3039 ιιιανθήσονται,
715 2970 864 3025 διότι
892 2974 947 3024 οἱ
984 2972 1149 3040 ἄρτοι
1178 2971 1376 3025 αὐτῶν
1419 2971 1550 3038 ταῖς
1576 2970 1804 3041 ψυχαῖς

220 3059 424 3113 αὐτῶν
461 3061 577 3113 οὐκ
608 3062 1061 3115 εἰσελεύσονται
1106 3062 1193 3126 εις
1220 3060 1327 3113 τὸν
1362 3056 1532 3115 οἷκον
1560 3061 1802 3128 Κυρίου.

287 3175 417 3240 ιιςῖκ
450 3174 589 3236 Ταῖς
624 3171 731 3225 τῶν
774 3171 945 3225 ἐθνῶν
977 3172 1220 3241 ἀγέλαις,
1252 3174 1372 3227 ἐπεί
1420 3191 1503 3228 τοι
1540 3173 1803 3244 πλείστην

220 3264 347 3333 ὅσην
376 3262 600 3317 νοσοῦσι
621 3263 718 3333 τὴν
748 3263 1003 3317 ἀϐουλίαν
1042 3263 1436 3337 (πεπλάνηνται
1463 3264 1574 3336 γὰρ
1614 3264 1805 3335 ὁμολο-

223 3354 546 3424 γουμένωςὶ,
569 3354 689 3417 ἔθος
725 3348 794 3425 ἦν
844 3355 1171 3425 ἀρχομένοις
1215 3357 1313 3426 τῆς
1359 3356 1658 3424 γεωπόνου,
1707 3357 1803 3409 καὶ

224 3443 379 3512 ἀροῦν
401 3445 663 3515 μέλλουσι
678 3443 775 3516 τὴν
795 3444 920 3514 γῆν,
943 3443 1131 3509 θυσίας
1151 3445 1416 3499 ἐπιτελεῖν
1434 3448 1544 3510 τοῖς
1559 3445 1796 3518 δαίμοσι.

230 3534 317 3583 καὶ
346 3539 465 3607 παρ’
501 3535 691 3590 αὐτῶν
742 3537 913 3589 αἰτεῖν
963 3535 1061 3599 τὰς
1096 3536 1206 3590 τῶν
1248 3535 1435 3607 ἀγρῶν
1471 3538 1796 3609 εὐκαρπίας.

242 3626 498 3696 ’Δμῶντες
531 3630 593 3683 δὲ
625 3629 806 3697 πάλιν,
835 3630 1027 3701 καιροῦ
1059 3628 1353 3694 καλοῦντος
1384 3630 1465 3693 είς
1488 3627 1667 3694 τοῦτο,
1701 3629 1799 3682 καὶ

225 3718 325 3788 μὴν
362 3722 456 3774 καὶ
511 3721 700 3791 ληνοῖς
742 3722 1041 3786 ἐπιθέντες
1081 3721 1173 3775 τὸν
1238 3721 1455 3792 βότρυν,
1516 3719 1795 3787 ἔσπενδον,

217 3808 367 3864 ἔθυον
394 3815 518 3876 ταῖς
550 3809 740 3881 ὥραις,
763 3806 888 3885 ᾖδον
934 3812 1033 3874 τάς
1060 3811 1368 3881 ὲπιληνίους
1395 3809 1562 3881 ᾠδὰς,
1597 3809 1796 3878 ἀναφέ-

221 3913 398 3964 ροντες
421 3900 490 3952 τά
516 3902 868 3970 χαριστήρια,
898 3899 1176 3971 χαίροντές
1200 3917 1260 3953 τε
1308 3900 1402 3954 καὶ
1432 3899 1794 3970 εὐφραινόμε·

217 4004 295 4039 νοι
319 3987 619 4042 διετέλουν.
656 3990 826 4044 Τοῦτο
856 3991 1096 4062 δρῶντας
1136 3994 1259 4054 τοὺς
1281 3989 1343 4056 ἐξ
1381 3992 1597 4063 Ἰσραὴλ
1638 3993 1797 4043 ἐπαι-

213 4080 401 4131 τιᾶται
458 4079 615 4141 Θεός.
676 4081 768 4151 Μὴ
830 4081 939 4151 γὰρ
986 4082 1050 4151 δὴ
1104 4085 1302 4152 χρῆναι
1372 4083 1583 4153 χαίρειν
1634 4082 1795 4136 αὐτὸν

215 4168 618 4237 διισχυρίζεται
651 4170 858 4238 σαφῶς,
888 4169 1028 4223 καθά
1060 4174 1154 4224 καὶ
1184 4172 1253 4224 τὰ
1279 4172 1440 4225 λοιπὰ
1468 4174 1577 4226 τῶν
1606 4174 1794 4229 ἐθνῶν.

215 4260 319 4313 Διά
349 4258 513 4311 ποίαν
537 4260 743 4326 αἰτίαν,
772 4264 819 4314 οἱ
855 4261 954 4331 μὲν
991 4262 1101 4333 γὰρ
1147 4262 1478 4331 ἠγνοηκότες
1524 4265 1796 4329 παντελῶς

213 4350 308 4403 τὸν
359 4349 525 4418 φύσει
555 4368 617 4403 τε
651 4351 744 4404 καὶ
768 4351 984 4421 ἀληθῶς
1016 4353 1145 4405 ὄντα
1186 4352 1339 4415 Θεὸν,
1367 4354 1718 4424 γεννηθέντες
1739 4355 1793 4410 δὲ

217 4442 423 4509 μᾶλλον
470 4444 532 4495 έν
577 4443 772 4514 πλάνῃ,
809 4444 949 4513 τάχα
987 4460 1085 4496 που
1119 4443 1216 4513 τῆς
1256 4443 1586 4515 ἀρρωστίας,
1628 4445 1792 4515 ἤγουν

214 4532 456 4601 ἀμαθίας
471 4533 572 4586 οῦκ
590 4534 851 4587 ἀπίθανον
870 4534 1051 4605 ἔχουσι
1075 4534 1249 4602 λόγον.
1285 4536 1343 4587 ὐ
1371 4534 1427 4588 δέ
1457 4552 1519 4604 γε
1556 4536 1790 4606 Ἰσραὴλ,

213 4625 392 4679 καίτοι
426 4626 579 4696 νόμῳ
605 4626 1138 4706 παιδαγωγοῦμενος,
1169 4626 1259 4679 καὶ
1285 4626 1374 4678 τὸν
1398 4626 1505 4679 τῶν
1534 4626 1671 4679 ὅλων
1699 4628 1793 4678 Δε-

2542 2041 2692 2098 CAP.
2732 2041 2820 2095 IX.

1970 2157 2132 2212 Vsus.
2186 2158 2299 2212 1-4.
2368 2157 2450 2211 Ne
2496 2159 2748 2226 gaudeas,
2781 2155 2993 2221 Israel,
3057 2170 3218 2225 neque
3275 2153 3468 2208 lwteris

1897 2250 2030 2303 sicut
2059 2250 2258 2318 populi,
2285 2250 2408 2318 quia
2444 2249 2737 2317 fornicatus
2775 2264 2828 2301 es
2865 2263 2897 2299 a
2935 2246 3041 2299 Deo
3078 2256 3189 2298 tuo.
3229 2243 3473 2297 Dileatisti

1898 2343 2022 2393 data
2047 2357 2203 2410 super
2235 2357 2437 2395 omnem
2466 2356 2641 2393 aream
2671 2339 2937 2406 frumenti.
2990 2336 3126 2390 Area
3150 2345 3198 2390 et
3235 2334 3471 2388 torcular

1901 2448 2001 2484 non
2040 2431 2276 2499 cognovit
2313 2446 2424 2493 eos,
2449 2438 2499 2484 et
2534 2430 2708 2482 uinum
2741 2429 2933 2494 decepit
2977 2442 3084 2481 eos.
3119 2425 3237 2479 Non
3264 2425 3470 2477 habita—

1898 2532 2075 2575 verunt
2107 2522 2162 2574 in
2203 2532 2342 2574 terra
2398 2521 2635 2575 Domini.
2687 2519 2953 2572 Habitavit
2997 2517 3253 2584 Ephraim
3297 2514 3469 2584 Αἰθυ-

1898 2621 2064 2679 ptum,
2091 2623 2138 2666 et
2168 2612 2222 2666 in
2244 2612 2478 2681 Assyriis
2507 2612 2780 2665 immunda
2809 2611 3098 2664 comedent.
3132 2607 3254 2662 Non
3280 2607 3472 2661 libat-e-

1900 2712 2018 2755 runt
2038 2701 2278 2781 [Domino
2305 2704 2502 2764 viuum,
2536 2712 2584 2756 et
2618 2718 2721 2754 non
2747 2700 3053 2767 placuerunt
3087 2700 3135 2752 ei
3154 2715 3172 2762 ;
3204 2698 3473 2766 sacrificia

1900 2809 2100 2858 eorum,
2131 2794 2284 2862 quasi
2302 2793 2456 2858 panis
2490 2792 2661 2845 luctus
2695 2792 2840 2859 ipsis.
2881 2792 3073 2847 Omnes
3101 2787 3476 2844 manducantes

1900 2899 1960 2935 ea
1983 2883 2505 2945 contamiuabuutur,
2530 2883 2653 2952 quia
2675 2899 2835 2950 panes
2857 2884 3132 2937 animabus
3161 2896 3340 2935 eorum
3368 2893 3474 2934 non

1902 2973 2261 3042 ingrediantur
2291 2973 2346 3026 in
2378 2973 2589 3026 domum
2622 2971 2855 3026 Domini.

1978 3173 2135 3243 127
2169 3167 2350 3229 XCVI-
2392 3172 2642 3228 Gentium
2683 3171 2958 3241 gregibus,
3006 3179 3193 3241 utpote
3239 3170 3477 3224 stultitia

1904 3266 2194 3333 plttrimum
2230 3265 2605 3320 laborantibus
2625 3265 3040 3334 (aberraverunt
3063 3265 3341 3319 enimvero
3365 3278 3473 3315 uno

1904 3357 2217 3428 consensu),
2249 3372 2367 3413 mos
2402 3366 2520 3412 erat
2550 3356 2934 3427 agriculturam
2958 3356 3386 3426 auspicantibus,
3418 3364 3473 3408 et

1902 3457 2101 3503 terra-n
2130 3458 2313 3504 aratro
2341 3449 2718 3518 proscissuris,
2766 3449 2976 3504 hostias
3005 3458 3243 3502 mactare
3274 3449 3472 3501 dmino-

1901 3539 2094 3603 nibus,
2144 3540 2213 3594 ab
2258 3540 2432 3609 iisque
2490 3540 2708 3611 frugum
2758 3540 3058 3594 ubertatem
3110 3538 3468 3607 coniprecari.

1901 3627 2111 3683 Rursus
2154 3638 2398 3698 tempore
2429 3629 2683 3683 hortante
2727 3639 2965 3696 segetem
2996 3629 3347 3689 demetentes,
3383 3633 3471 3677 at-

1899 3732 2007 3787 que
2055 3718 2222 3773 etiam
2281 3716 2651 3771 torcularibus
2714 3731 2849 3770 uvas
2900 3714 3216 3776 inferentes,
3265 3714 3467 3765 deabus

1898 3817 2132 3878 quatuor
2193 3807 2321 3861 anni
2385 3816 2682 3877 temporum
2733 3806 3052 3876 przcsidibus
3119 3805 3356 3857 libabant
3416 3817 3471 3856 et.

1898 3896 2299 3962 sacriﬁcabant,
2332 3896 2742 3964 torcularesque
2783 3895 3082 3950 cantilenas
3128 3894 3468 3949 modulantes

1899 3988 2129 4057 gratias,
2169 3996 2223 4042 et
2254 3988 2510 4057 gaudium
2545 3987 2895 4056 lwtitiamqne
2924 3987 3269 4041 continenter
3297 3986 3464 4055 agita.

1900 4079 2051 4133 bant.
2080 4076 2192 4132 Iloe
2235 4078 2377 4133 idem
2410 4077 2671 4132 facientes
2715 4076 2991 4131 lsraelitas
3038 4087 3256 4131 accusat
3302 4076 3489 4140 Deus,

1897 4169 2168 4223 afﬁrmans
2191 4170 2358 4233 clare,
2404 4184 2511 4223 non
2558 4169 2752 4223 decere
2779 4168 2925 4236 ipsos
2961 4181 3112 4221 more
3146 4176 3465 4220 exterarum

1897 4260 2136 4327 gentium
2165 4259 2357 4312 laetari.
2388 4259 2561 4324 Quam
2592 4258 2662 4311 ob
2690 4272 2909 4312 causam
2928 4257 3067 4324 iQui
3102 4258 3245 4312 enim
3275 4268 3463 4312 natura

1896 4362 1952 4404 et
1995 4364 2122 4404 vere
2170 4348 2336 4402 Deum
2386 4363 2491 4403 non
2534 4356 2890 4418 agnoverunt,
2946 4363 3298 4416 erroremque
3341 4366 3462 4405 eum

1895 4440 2036 4495 lacte
2120 4439 2346 4495 nutricis
2419 4448 2716 4507 auxerunt,
2790 4440 3039 4495 fortassis
3118 4442 3288 4493 morbi
3352 4442 3469 4497 sive

1898 4533 2147 4588 ruditatis
2194 4549 2307 4589 suae
2354 4516 2903 4590 esensationeninou
2941 4536 3314 4590 incredibilem
3365 4539 3462 4589 lia-

1894 4624 2042 4678 beut.
2091 4625 2253 4679 Israel
2290 4635 2468 4680 autem
2508 4627 2720 4680 tametsi
2761 4627 2881 4696 lege
2929 4628 3228 4690 institutus,
3282 4637 3336 4680 et
3372 4628 3463 4680 hci

214 4715 423 4784 σπότην
482 4716 834 4785 ἐπεγνωκὼς,
890 4715 1262 4786 πεπόρνευκεν
1322 4716 1401 4778 είς
1471 4715 1789 4769 ἀπόστασιν.

1897 4716 2199 4783 cognitione
2229 4716 2485 4783 imbutus,
2528 4718 2594 4769 ad
2628 4717 2987 4772 defectionem
3017 4727 3100 4771 est
3143 4717 3461 4770 fornicatus.

212 4805 433 4857 Οὐκοῦν
456 4808 613 4858 νοοῖτ⁹
669 4807 736 4859 ἂν
784 4806 1007 4870 εἰκότως
1036 4807 1130 4859 καὶ
1169 4808 1227 4858 ἐν
1272 4805 1421 4875 αἰτίᾳ
1448 4804 1687 4873 γεγονὼς
1731 4808 1796 4875 τῇ

212 4895 620 4966 ᾳορτικωτέρᾳ,
641 4898 734 4949 καὶ
760 4897 1151 4966 δυσδιάφυκτον
1184 4896 1322 4966 ἔχων
1353 4897 1450 4966 τῆς
1480 4897 1797 4961 δυσσεϐείας

209 4986 273 5038 τὸ
303 4985 585 5054 ἔγκλημα.
618 4986 786 5049 Εἰδὼς
812 4987 918 5056 γὰρ
943 4989 1004 5040 τὸ
1030 4988 1240 5058 θέλημα
1257 4986 1349 5040 τοῦ
1374 4987 1579 5058 Κυρίου
1608 4986 1797 5050 αὐτοῦ,

214 5077 624 5147 κατημέλησεν,
656 5078 714 5129 οῦ
756 5079 1041 5148 πεποίηκε.
1096 5080 1401 5150 Δαρήσεται
1434 5080 1496 5150 δὴ
1538 5077 1629 5132 οὖν
1665 5080 1796 5132 πολ-

212 5166 337 5230 λὲις·
374 5167 472 5220 τοῦ
507 5167 585 5237 μὴ
607 5166 826 5231 εἰδότος,
868 5165 982 5221 εἶτα
1012 5169 1085 5240 μὴ
1117 5169 1457 5239 δεδρακότος,
1485 5170 1672 5236 ὀλίγας
1700 5169 1792 5223 δα-

216 5253 545 5323 ρησομένου,
581 5253 721 5305 κατὰ
742 5255 839 5323 τὴν
866 5254 958 5306 τοῦ
992 5257 1240 5327 Σωτῆρος
1272 5259 1453 5326 φωνήν
1474 5295 1488 5309 .
1519 5256 1609 5325 Μὴ
1636 5259 1791 5326 χαῖρε

212 5344 275 5413 δὴ
310 5340 404 5397 οὖν
448 5343 637 5407 καθὼς
661 5345 709 5396 οἱ
736 5343 874 5409 λαοὶ,
911 5346 1093 5416 φησίν.
1132 5350 1191 5400 (li
1224 5348 1323 5418 μὲν
1359 5349 1464 5417 γὰρ
1495 5366 1511 5398 t
1562 5347 1658 5399 Ἐκ
1690 5348 1794 5417 μή·

212 5448 346 5497 τρας
404 5434 827 5504 πεπλάνηνται·
875 5454 894 5484 ι
940 5438 1004 5488 σὺ
1037 5436 1093 5489 δὲ
1133 5438 1280 5507 νόμῳ
1334 5436 1793 5505 παιδαγωγηθεὶς,

215 5524 661 5595 ὲκπεπόρνευκας
689 5526 799 5579 ἀπὸ
842 5526 997 5580 Θεοῦ.
1028 5530 1137 5582 Καὶ
1160 5529 1243 5591 τίς
1274 5529 1452 5581 αὐτῶν
1481 5528 1669 5596 γέγονε
1697 5530 1795 5600 τῆς

214 5617 473 5679 πορνείας
509 5618 539 5667 ὁ
578 5618 809 5687 τρόποςς
877 5619 1157 5689 Ἠγάπησε
1207 5609 1434 5688 δόματα,
1490 5620 1676 5689 φησὶν,
1732 5622 1792 5673 οὐ

285 5791 328 5818 ’δ
368 5788 536 5844 Ζ.ιι·1ι.
572 5808 627 5855 ιι,
659 5794 707 5845 Γὶ.

1897 4804 2075 4871 Quare
2134 4807 2326 4860 merito
2374 4809 2640 4877 gravioris
2701 4808 2869 4875 eulpae
2924 4823 3072 4868 reus,
3134 4817 3188 4859 et
3238 4806 3467 4859 crimine

1897 4895 2190 4967 impietatis
2221 4900 2528 4968 neutiquam
2561 4900 2851 4954 excusabili
2894 4900 3192 4953 obstrictus
3243 4897 3465 4965 intelligi

1896 4997 2091 5056 potest.
2123 4987 2255 5041 Nam
2308 4991 2487 5043 sciens
2518 4990 2847 5043 voluntatem
2884 4987 3093 5041 Domini
3129 4986 3233 5051 sui,
3288 4985 3466 5038 facere

1895 5078 2150 5147 neglexit,
2176 5080 2447 5146 vapulabit
2474 5081 2635 5149 igitur
2660 5081 2840 5140 multis
2867 5096 2882 5146 ;
2907 5094 3031 5133 eum
3057 5093 3087 5131 c
3111 5078 3346 5141 diverso,
3371 5079 3461 5147 qtti

1896 5167 2142 5229 nescivit,
2186 5178 2241 5223 et
2274 5177 2452 5224 tamen
2494 5186 2598 5224 non
2642 5170 2787 5233 fecit,
2830 5169 3179 5235 vapulaturus
3228 5168 3298 5222 sit
3331 5184 3463 5237 pau-

1898 5257 1977 5312 cis
1999 5258 2066 5322 ",
2094 5259 2247 5327 juxta
2296 5275 2480 5315 vocctn
2537 5259 2852 5316 Salvatoris.
2920 5259 2996 5314 Ne
3048 5260 3222 5327 gaude
3282 5260 3460 5330 itaque

1898 5350 2040 5404 sicut
2080 5350 2283 5419 populi.
2327 5352 2520 5421 inquit.
2561 5349 2639 5405 Illi
2690 5353 2832 5406 enim
2872 5369 2890 5401 ι
2925 5351 2991 5404 ab
3037 5360 3193 5406 utero
3238 5368 3456 5409 errave-

1896 5441 2131 5494 runt":
2167 5459 2186 5491 ι
2238 5450 2295 5494 ιιι
2340 5452 2520 5495 autem
2591 5442 2723 5509 legis
2771 5442 3017 5495 doctrina
3072 5442 3386 5508 instructus,
3424 5460 3455 5496 a

1897 5530 2006 5586 Deo
2038 5531 2331 5585 fornicatus
2371 5547 2449 5585 es.
2496 5531 2739 5596 Quonam
2786 5542 2966 5585 autem
3008 5534 3165 5589 modo
3207 5533 3456 5588 fornicati

1893 5622 2049 5676 sunt?
2087 5621 2283 5677 Dilexit
2312 5622 2453 5683 data,
2502 5622 2696 5690 inquit,
2732 5637 2833 5677 non
2876 5623 3096 5692 quidem
3136 5641 3163 5679 a
3202 5626 3331 5687 Deo,
3365 5624 3464 5679 sed

790 5795 829 5823 ἰ
871 5794 997 5847 Luc.
1039 5811 1134 5859 λιι,
1174 5795 1252 5859 i7,
1292 5794 1370 5848 iS.
1452 5796 1490 5825 ⁸²
1527 5795 1666 5853 I‘sal,
1701 5813 1833 5863 LHI,
1869 5799 1910 5853 ἱ.
