4034 6270
480 410 587 468 915

1513 413 1573 468 S.
1613 410 1885 467 CYRlLlJ
1927 411 2396 506 ΑιΕΧΑιιυιιιΝι
2435 415 2754 472 ARCHIEP.

3641 417 3750 474 216

483 547 510 575 ει
553 524 738 580 vitulis
767 536 821 580 et
854 541 882 580 a
917 526 1066 589 Baal,
1101 541 1414 595 quanquam
1444 527 1582 581 nihil
1617 527 2063 596 darentpetenti-

2183 531 2319 599 ταρά
2357 530 2492 584 Θεοῦ
2542 533 2760 602 μᾶλλον,
2808 533 2943 586 ἀλλὰ
2972 535 3038 588 τά
3065 535 3128 586 ἐκ
3161 534 3270 586 τῶν
3299 533 3604 601 δαμάλεων,
3644 537 3744 589 καὶ

488 618 607 670 ιιιιε.
643 617 899 681 ριιεῐξιηῐιη
945 632 1072 685 ergo
1098 619 1220 671 data
1252 632 1347 672 seu
1380 633 1605 672 munera
1639 621 1708 674 ab
1745 620 1876 688 ipsis
1906 622 2062 673 amb-

493 705 713 757 :ebant?
757 724 774 755 ι
808 705 980 774 Super
1021 720 1238 759 onmem
1288 721 1468 760 aream
1520 706 1800 760 frumenti.
1836 727 1854 758 ι
1899 706 2064 775 impie

493 793 754 861 siquidem
809 805 863 847 ct
912 796 1232 864 insipienter
1282 796 1454 850 visum
1511 807 1596 851 est
1641 797 1721 852 eis
1774 797 1843 851 ab
1906 798 2063 852 idolis

495 883 744 938 inanibus
790 883 1006 954 frugum
1039 888 1246 954 copiam
1289 901 1357 940 ex
1393 887 1540 956 agris
1579 897 1786 956 petere,
1824 899 1882 941 ut
1927 888 2058 942 dixi.

493 972 748 1036 Quaesivit
782 974 943 1043 igitur
973 973 1139 1030 Israel
1181 977 1304 1030 data
1354 992 1450 1031 seu
1485 977 1748 1032 beneﬁcia
1783 979 1850 1034 ab
1881 979 2059 1034 idolis.

490 1069 572 1119 An
608 1083 737 1122 vero
771 1068 1061 1136 petitiones
1087 1068 1135 1121 ei
1163 1078 1465 1122 evenerunt
1499 1084 1567 1123 ex
1589 1070 1893 1124 sententia?
1919 1068 2064 1123 Nihil

493 1160 694 1215 minus.
739 1179 756 1211 ι
788 1159 926 1213 Area
959 1162 1126 1224 enim,
1168 1170 1223 1215 et
1251 1162 1486 1216 torcular
1517 1177 1622 1216 non
1659 1163 1913 1232 cognovit
1944 1177 2060 1225 eos,

387 1242 402 1246 ’
491 1261 548 1304 et
577 1251 760 1304 vinum
792 1251 1002 1319 decepit
1040 1267 1154 1305 eos.
1199 1272 1216 1302 ι
1252 1252 1328 1304 Ac
1366 1252 1634 1305 nemiuem
1673 1253 1914 1307 discendi
1945 1263 2061 1306 stu-

493 1340 782 1396 diosiorem
813 1341 978 1395 latent
1016 1341 1364 1410 pestilentiae,
1407 1341 1722 1396 sterilitates
1753 1351 1807 1396 et
1841 1343 2063 1397 siccita-

495 1444 578 1488 tes
635 1432 843 1502 longae,
904 1449 1023 1502 quae
1084 1433 1385 1486 Samariam
1439 1441 1794 1502 occuparunt.
1858 1432 2064 1500 Lapsus

493 1532 576 1578 est
615 1538 746 1594 ergo
776 1537 891 1592 spe,
921 1540 1024 1577 non
1059 1526 1284 1595 adeptus
1315 1537 1434 1590 quae
1464 1524 1707 1591 petebat.
1747 1523 1812 1576 Et
1841 1523 2065 1591 insuper

495 1613 564 1668 ab
593 1611 708 1682 ipsa
738 1623 879 1668 terra
926 1623 1116 1670 sancta
1163 1623 1528 1677 recesserunt,
1569 1623 1624 1668 et
1660 1613 1890 1683 ingressi
1939 1623 2065 1668 sunt

495 1703 812 1775 .‘Egyptum,
863 1714 923 1760 ut
969 1707 1247 1774 regionem
1308 1705 1610 1771 munitam,
1677 1703 1765 1758 ubi
1823 1702 2065 1773 pluribus

495 1796 663 1850 etiam
695 1797 798 1851 diis
835 1798 1162 1852 servierunt.
1199 1797 1342 1852 Mille
1373 1798 1519 1852 enim
1556 1796 1608 1850 in
1647 1795 1886 1866 AEgypto
1921 1795 2059 1850 idola

496 1887 834 1952 visebantur,
879 1898 934 1944 et
980 1889 1270 1944 colentium
1326 1891 1441 1958 ipsa
1489 1887 1717 1942 miriﬁca
1759 1889 1825 1942 de
1877 1901 2065 1942 eorum
2100 1873 2138 1930 Β

496 1979 736 2047 potentia
761 1979 965 2048 opinio.
995 1980 1155 2048 128
1172 1979 1392 2047 ﬂagicis
1415 1979 1618 2048 quippe
1647 1977 1855 2031 artibus
1885 1977 2067 2030 omnia

493 2067 602 2122 ‘.evi
639 2069 854 2135 negotio
881 2070 1160 2122 commode
1189 2068 1515 2124 eliicieltant.
1551 2066 1715 2122 Vetiti
1745 2076 1874 2121 sunt
1903 2067 2069 2135 igitur

497 2160 662 2215 etiam
713 2159 965 2214 habitare
997 2161 1050 2214 in
1086 2171 1227 2213 terra
1257 2177 1285 2212 a
1317 2159 1424 2215 Deo
1471 2160 1666 2223 electa,
1706 2172 1868 2228 quam
1901 2157 2070 2212 idolo-

500 2267 619 2306 rum
650 2251 872 2322 regione
897 2261 1321 2306 commutaruut.
1364 2252 1468 2307 Sed
1493 2252 1741 2320 quamvis
1785 2251 1888 2304 hoc
1927 2249 2066 2303 fece-

501 2342 633 2404 rint,
679 2340 992 2410 migrabunt
1037 2340 1104 2394 ad
1155 2341 1428 2408 Assyrios.
1467 2357 1487 2390 ‹
1521 2339 1635 2392 Non
1683 2339 1925 2394 libabant
1966 2339 2068 2392 Do-

500 2433 670 2488 mino.
706 2450 725 2484 ›
765 2433 1034 2504 Congesta
1078 2432 1222 2486 enim
1275 2433 1328 2485 in
1373 2431 1614 2486 torcular
1655 2429 1833 2485 fructu
1877 2431 2068 2493 vinem,

501 2523 767 2591 primitias
792 2523 1034 2578 libabant
1073 2523 1324 2586 diemoni,
1359 2537 1463 2576 non
1497 2521 1628 2586 Deo,
1669 2523 1812 2576 unde
1843 2535 2071 2588 accepe-

502 2623 646 2670 rant.
679 2614 1008 2668 Dedicabant
1036 2613 1196 2668 etiam
1235 2627 1423 2681 panes,
1467 2621 1528 2666 ut
1558 2613 1830 2681 primitias
1859 2613 2072 2666 messis.

501 2708 575 2760 At
613 2707 755 2767 enim
800 2707 850 2760 in
901 2705 1412 2761 contaminationem
1449 2713 1504 2759 et
1546 2704 1976 2772 profanationem
2011 2717 2072 2756 ea

502 2809 592 2849 res
622 2793 752 2864 ipsis
791 2795 964 2859 cedet,
1011 2796 1206 2864 inquit,
1243 2804 1293 2850 et
1339 2803 1395 2848 ut
1433 2809 1602 2862 panes
1649 2794 1828 2848 luctus
1859 2803 2074 2862 reputa-

504 2893 726 2950 buntur,
763 2902 881 2955 quae
928 2885 1248 2952 oﬂ'eruutur,
1303 2887 1405 2940 hoc
1447 2897 1549 2947 est,
1599 2886 1980 2950 abominanda,
2023 2893 2079 2936 et

504 2974 754 3042 profana,
781 2984 839 3029 et
879 2975 1091 3030 odiosa.
1122 2975 1232 3029 Cur
1269 2975 1380 3027 ita?
1410 2975 1519 3028 Lex
1551 2976 1694 3028 enim
1744 2976 2076 3028 immundum

506 3065 855 3130 decernebat,
902 3067 993 3133 qui
1041 3067 1500 3134 apprOpiuquaret
1535 3075 1750 3118 mortuo
1773 3064 1838 3116 ⁸⁵⁸.
1871 3065 2079 3133 Appro-

2166 623 2312 676 Βάαλ
2330 641 2343 654 ·
2375 625 2552 677 καίτοι
2580 624 2830 678 διδόντων
2854 628 2965 689 τοῖς
2997 625 3240 678 αἰτοῦσιν
3265 625 3437 679 οὐδέν.
3485 626 3605 678 Ἐπὶ
3633 627 3747 680 τίσι

2164 717 2221 770 δὲ
2253 719 2383 788 παρ’
2414 718 2592 770 αὐτῶν
2622 718 2803 788 ἐζήτει
2827 718 3074 787 δόματα;
3131 735 3150 768 ι
3190 718 3314 769 Ἐπὶ
3350 719 3526 771 πάντα
3550 717 3738 770 ἅλωνα

2167 808 2333 860 σίτου.
2389 827 2407 859 ι
2454 808 2658 861 Ἐδόκει
2709 807 2819 877 γὰρ
2867 807 3097 870 ἀνοσίως
3137 809 3322 870 αὐτοῖς
3366 809 3459 860 καὶ
3503 807 3749 870 ἀϐούλως

2163 902 2262 966 τὰς
2309 902 2368 965 ἐξ
2417 900 2604 971 ἀγρῶν
2649 901 2820 952 αίτεῖν
2875 899 3204 969 εὐκαρπίας,
3243 899 3317 963 ὼς
3352 899 3506 968 ἔφην,
3539 900 3602 951 ἐκ
3638 900 3748 953 τῶν

2162 994 2423 1048 διακενῶν
2453 992 2831 1062 σεϐασμάτων·
2876 1010 2893 1043 ι
2922 992 3047 1062 ’Ἆρ’
3094 987 3188 1045 οῦν
3219 991 3400 1062 ἐζήτει
3439 994 3536 1061 μὲν
3575 994 3603 1044 6
3641 993 3747 1044 Ἰσι-

2166 1086 2302 1158 ραὴλ
2334 1085 2485 1157 παρὰ
2524 1085 2632 1137 τῶν
2681 1083 2915 1137 εἰδώλων
2958 1083 3028 1137 τά
3069 1083 3296 1154 δόματα.
3348 1084 3647 1152 Ἐκϐέϐηκε
3691 1083 3746 1135 δέ

2164 1177 2311 1248 αὑτῷ
2350 1178 2469 1231 κατ’
2499 1176 2664 1246 εὐχὴν
2711 1175 2781 1228 τὰ
2827 1177 3138 1245 αἱτήματα;
3181 1173 3476 1244 Οὓμενουν.
3513 1194 3531 1226 ‹
3567 1174 3749 1227 Ἀλων

2165 1271 2296 1340 γὰρ,
2330 1270 2425 1324 καὶ
2453 1268 2612 1340 ληνὸς
2638 1270 2740 1321 οὐκ
2775 1267 2916 1336 ἔγνω
2948 1267 3168 1333 αὐτοὺς,
3211 1267 3307 1320 καὶ
3341 1268 3369 1318 ὁ
3403 1263 3543 1328 οἶνος
3585 1264 3749 1334 ἐψεύ-

2166 1379 2292 1415 σατο
2323 1360 2537 1424 αὐτούς.
2581 1380 2598 1412 ι
2628 1361 2785 1414 Ἔστι
2826 1361 2882 1414 δέ
2913 1361 3065 1414 οὐδὲν
3104 1359 3214 1412 τῶν
3267 1357 3750 1428 φιλομαθεστέρων

2164 1455 2482 1523 ἀμφίλογον,
2532 1454 2612 1506 ὅτι
2654 1452 2831 1522 λοιμοὶ
2887 1451 3177 1521 γεγόνασιν
3216 1453 3272 1503 ἐν
3316 1452 3380 1519 τῇ
3442 1449 3748 1518 Σαμαρείᾳ,

2165 1544 2386 1615 ἀφορίαν.
2441 1562 2496 1596 τε
2552 1546 2648 1597 καὶ
2693 1543 2943 1614 ἀϐροχίαι
3006 1541 3239 1612 μακραί.
3297 1539 3618 1609 Ἢμάρτηκε
3687 1537 3751 1608 δὴ

2163 1631 2256 1688 οὖν
2285 1632 2512 1697 ἐλπίδος,
2543 1633 2600 1685 οὑ
2625 1633 2807 1686 λαϐὼν
2825 1633 2894 1686 τὰ
2919 1632 3043 1700 αἰτή
3054 1647 3195 1700 ματα
3216 1646 3230 1662 ·
3255 1629 3351 1682 καὶ
3379 1628 3604 1696 προσέτι
3626 1627 3749 1679 τού-

2164 1743 2261 1795 τῳ.
2287 1725 2377 1777 καὶ
2401 1724 2570 1794 αὐτῆς
2592 1723 2876 1794 ἀπῲχοντο
2909 1723 3010 1791 τῆς
3047 1721 3208 1789 ἁγίας
3237 1722 3358 1789 γῆς,
3383 1720 3476 1773 καὶ
3502 1718 3752 1787 εἰσῆλθον

2167 1821 2246 1881 είς
2269 1816 2560 1884 Αἴγυπτον,
2590 1815 2666 1875 ὡς
2699 1817 2778 1876 είς
2810 1812 2994 1884 χώραν
3025 1812 3462 1883 τετειχισμένην,
3510 1812 3606 1864 καὶ
3641 1812 3753 1874 τοῖς

2169 1912 2248 1964 ἐτι
2279 1910 2486 1964 πλείοσι
2521 1909 2661 1971 θεοῖς
2691 1908 3000 1978 ἐλάτρευον.
3044 1907 3233 1977 Μυρία
3268 1904 3376 1974 γὰρ
3401 1900 3468 1975 ἦν
3493 1905 3550 1956 ἐν
3586 1901 3756 1970 Αίγύ-

2169 2020 2288 2072 πτῳ
2310 2001 2378 2055 τὰ
2401 2001 2736 2070 σεϐάσματα,
2762 1999 2856 2051 καὶ
2877 1997 2989 2051 τῶν
3019 1995 3433 2068 θεραπευόντων
3455 1993 3594 2046 αῦτά
3628 1994 3755 2046 θαυ-

2173 2093 2349 2162 μαστή
2380 2109 2463 2155 τις
2491 2089 2758 2160 ὑπόληψις
2793 2089 2888 2142 ἐπὶ
2917 2088 3281 2151 δυναστείαις,
3317 2086 3394 2149 ὡς
3433 2089 3554 2148 ταῖς
3594 2103 3757 2155 μαγι-

2169 2187 2292 2246 καῖς
2320 2182 2634 2254 ἐμπειρίαις
2664 2182 2843 2234 πάντα
2868 2179 3169 2252 κατορθοῦν
3197 2178 3436 2241 εὐκόλως
3459 2177 3757 2247 δεδυνημέ-

2169 2293 2296 2330 νων.
2328 2277 2685 2347 Ἀπειρήκασι
2710 2273 2774 2343 δὴ
2797 2270 2967 2326 οὖντὸ
2985 2274 3258 2325 κατοικεῖν
3288 2272 3345 2323 ἐν
3375 2273 3440 2340 τῇ
3470 2270 3758 2339 ἀπολέκτῳ

2171 2369 2322 2438 παρά
2349 2366 2466 2436 Θεῷ
2503 2369 2596 2435 γῇ,
2623 2365 2718 2418 καὶ
2743 2364 2843 2424 τὴν
2877 2365 2987 2418 τῶν
3035 2363 3271 2417 εἰδώλων
3306 2361 3608 2430 ἠλλάξαντο
3644 2360 3754 2431 χὼ-

2177 2475 2294 2529 ραν.
2336 2456 2472 2509 Ἀλλ’
2497 2458 2544 2509 εί
2582 2458 2678 2510 καὶ
2720 2454 2880 2509 τοῦτο
2918 2455 3232 2525 δεδράκασι,
3272 2453 3580 2521 βαδιοῦνται
3617 2453 3760 2522 πρὸς

2186 2547 2501 2618 Ἀσσυρίους
2553 2564 2569 2595 ι
2606 2546 2719 2598 Οὐκ
2765 2544 3017 2597 ἔσπενδον
3051 2543 3127 2614 τῷ
3163 2544 3373 2614 Κυρίῳ.
3429 2564 3446 2594 ι
3486 2544 3754 2609 Συνενεγ-

2175 2642 2362 2703 κόντες
2385 2639 2493 2708 γὰρ
2525 2640 2580 2691 ἐν
2611 2639 2792 2708 ληνοῖς
2819 2638 2910 2692 τὸν
2934 2637 2992 2703 ἐξ
3023 2636 3270 2707 ἀμπέλου
3301 2638 3533 2706 καρπὸν,
3565 2634 3764 2688 ἔσπεν-

2175 2732 2261 2784 δον
2288 2733 2397 2794 τοῖς
2420 2729 2637 2800 δαίμοσι
2663 2729 2760 2791 τὰς
2789 2728 3064 2799 ἀπαρχὰς,
3093 2727 3189 2780 καὶ
3216 2729 3338 2797 οὐχὶ
3369 2726 3445 2796 τῷ
3461 2727 3603 2779 δόντι
3620 2724 3760 2794 Θεῷ.

2189 2822 2474 2891 Ἀνέιρερον
2507 2820 2564 2874 δέ
2594 2821 2688 2872 καὶ
2729 2821 2948 2890 ἄρτους,
2999 2820 3073 2882 ὡς
3107 2821 3164 2870 ἐν
3202 2818 3422 2888 ἀπαρχῇ
3474 2812 3761 2884 θερισμοῦ.

2177 2911 2322 2980 Πλὴν
2362 2912 2441 2972 εἰς
2475 2908 2750 2980 μολυσμὸν
2795 2910 2889 2961 καὶ
2930 2908 3230 2977 βεϐήλωσιν
3259 2907 3318 2960 τὸ
3347 2906 3536 2976 χρῆμα
3576 2905 3767 2965 αὐτοῖς

2176 3004 2484 3072 γενήσεται,
2531 3003 2685 3070 φησι,
2723 3000 2817 3054 καὶ
2841 3000 2917 3061 ὡς
2949 2999 3148 3068 ἄρτους
3189 2998 3420 3060 πένθους
3467 2997 3768 3062 καταλογι-

2180 3094 2439 3165 σθὴσεται
2465 3091 2534 3144 τὰ
2561 3089 3066 3160 προσκομιζόμενα,
3107 3088 3377 3150 τουτέστι,
3417 3087 3652 3156 βδελυρά
3682 3101 3766 3148 τε,

504 3156 796 3224 pinquarct
846 3164 1057 3219 autem,
1118 3166 1212 3210 aut
1259 3171 1352 3224 per
1398 3156 1676 3226 sanguinis
1726 3157 2078 3211 communita-

2183 3156 2523 3253 καῖ’βέϐηλα,
2567 3156 2659 3234 καὶ
2693 3156 3076 3250 ἀπηχθημένα.
3125 3175 3224 3228 Διά
3273 3175 3432 3227 ποίαν
3485 3174 3706 3237 αίτίαν;
3741 3175 3773 3226 ὁ

507 3257 640 3311 tem,
681 3257 774 3299 aut
821 3262 915 3315 per
967 3248 1139 3315 ipsum
1190 3260 1518 3307 contactum.
1569 3250 1870 3323 Oportebat
1909 3254 2080 3324 igitur

507 3351 708 3405 genere
737 3340 1088 3408 propinquos,
1121 3353 1215 3396 aut
1252 3345 1455 3399 amicos
1493 3360 1830 3401 mortuorum
1861 3357 2082 3416 propter

511 3433 714 3486 luctum
743 3433 1124 3498 contaminari,
1156 3444 1412 3490 curantes
1455 3449 1750 3503 mortuum,
1779 3448 1832 3490 et
1855 3437 1996 3503 justa
2031 3439 2079 3491 ei

511 3522 694 3577 facere
733 3523 1028 3592 cupientes.
1085 3525 1153 3580 Et
1193 3534 1350 3579 erant
1393 3526 1666 3580 immunda
1722 3527 1925 3592 omnia,
1963 3541 2084 3594 quae

511 3614 586 3667 illi
621 3613 759 3669 forte
805 3616 1132 3686 attigissent.
1172 3617 1334 3673 Panis
1385 3619 1568 3687 itaque
1613 3619 1790 3673 luctus
1837 3629 1944 3686 est,
1989 3622 2080 3686 qui

513 3714 786 3759 mortuum
809 3704 1114 3776 lugentibus
1142 3709 1430 3776 apponitur
1460 3707 1514 3761 in
1539 3708 1885 3773 alimentum,
1919 3723 2080 3776 quem

511 3794 598 3851 vel
627 3803 847 3865 gustare
883 3796 1229 3852 durissimum
1259 3797 1564 3865 videbatur,
1609 3796 1960 3867 pollutionem
2002 3812 2086 3852 su-

517 3903 614 3953 per
659 3897 875 3944 mortuo
912 3888 1150 3956 eliugere
1203 3890 1522 3944 nitentibus.
1584 3890 1779 3944 Polluti
1832 3889 1997 3960 igitur
2032 3897 2089 3945 et

518 3976 802 4044 abiiciendi
835 3977 998 4031 etiam
1046 3977 1144 4046 ipsi
1175 3993 1360 4047 panes,
1394 3980 1587 4048 inquit,
1623 3981 1712 4049 qui
1750 3981 1867 4035 loco
1898 3981 2088 4048 primi-

519 4069 718 4122 tiarum
771 4068 964 4122 messis
1011 4067 1172 4121 oblati
1224 4066 1443 4134 inierint,
1495 4087 1514 4120 ι
1548 4079 1604 4124 et
1652 4071 1743 4140 qui
1803 4071 2092 4125 comedunt

519 4174 634 4224 eos,
663 4158 984 4227 polluuntur.
1021 4178 1041 4212 ι
1081 4158 1249 4213 Utiles
1273 4172 1453 4216 autem
1488 4161 1665 4230 potius
1690 4169 1848 4215 erunt
1881 4160 2091 4214 anima-

522 4252 620 4306 bus
655 4252 916 4320 ipsorum,
967 4251 1021 4306 id
1065 4261 1167 4316 est,
1202 4253 1266 4306 ad
1314 4268 1463 4308 csum
1511 4252 1772 4321 ipsorum.
1803 4271 1820 4302 ι
1851 4249 1966 4306 Νοιι
2008 4252 2090 4304 in—

520 4342 832 4407 gredientur
873 4342 1017 4396 enim
1063 4343 1116 4396 in
1149 4343 1364 4397 domum
1411 4344 1714 4398 Domini“.
1749 4361 1768 4393 ι
1804 4342 2090 4398 Sciendum

523 4448 687 4500 porro
721 4433 894 4504 legem
943 4447 1160 4502 quoque
1200 4435 1466 4501 primitias
1514 4435 1728 4500 messis,
1767 4435 2091 4502 manipulos-

2187 3279 2348 3347 νόμος
2396 3275 2491 3346 μέν
2516 3273 2624 3344 γὰρ
2656 3272 2967 3352 ἀκάθαρτον
3016 3271 3189 3320 ἐποίει
3233 3265 3324 3317 τὸν
3362 3263 3652 3330 ἐγγίζοντα
3680 3280 3775 3315 νε-

2187 3369 2324 3441 κρῷ·
2363 3367 2649 3434 ἐγγίζοντα
2684 3365 2761 3427 δέ,
2792 3362 2824 3431 ἢ
2850 3359 2972 3414 καθ’
2993 3360 3224 3429 αἵματος
3244 3356 3573 3426 οἰκειότητα,
3598 3355 3775 3426 ἤγουν

2188 3465 2280 3515 καὶ
2313 3460 2432 3512 κατ’
2464 3457 2631 3526 αὐτὴν
2649 3455 2747 3522 τὴν
2771 3452 2865 3505 τοῦ
2888 3450 3141 3519 σώματος
3166 3449 3330 3518 ἁφήν.
3354 3443 3464 3500 Ἦν
3484 3441 3578 3499 οὖν
3599 3446 3775 3513 ἀνάγο

2188 3570 2258 3621 κη
2290 3551 2414 3611 τοὺς
2452 3547 2590 3599 κατά
2617 3547 2772 3612 γένος
2797 3541 2983 3610 ἐγγὺς,
3013 3540 3046 3611 ἦ
3081 3539 3268 3607 φίλους
3306 3537 3414 3590 τῶν
3449 3535 3773 3604 τετελευτη-

2191 3645 2361 3697 κότων
2391 3641 2482 3692 ἐπὶ
2533 3637 2612 3707 τῷ
2657 3635 2844 3687 πένθει
2895 3632 3228 3704 μιαίνεσθαι,
3283 3629 3647 3700 περιέποντας
3682 3627 3775 3680 τὸν

2191 3733 2404 3803 νεκρὸν,
2430 3730 2524 3782 καὶ
2551 3728 2681 3798 δρᾷν
2708 3724 2991 3786 ἐθέλοντας
3005 3725 3091 3776 ἐπ’
3116 3720 3265 3792 αὑτῷ
3288 3721 3354 3774 τά
3374 3717 3772 3787 νενομισμέναο

2192 3824 2370 3877 πάντα
2396 3820 2452 3872 δέ
2476 3815 2543 3889 ἦν
2572 3817 2854 3886 ἀκάθαρτα
2887 3807 2962 3866 ὧν
3004 3813 3070 3867 ἂν
3119 3813 3318 3874 αὐτοὺς
3348 3809 3547 3880 συνέϐη
3579 3808 3774 3876 θίγειν.

2198 3912 2262 3965 Ἀ
2275 3927 2394 3982 ρτος
2418 3905 2511 3961 οὖν
2552 3905 2778 3967 πένθους
2805 3904 2831 3955 6
2861 3904 2972 3965 τοῖς
2995 3899 3252 3954 πενθοῦσι
3279 3899 3474 3968 νεκρὸν
3508 3893 3780 3966 παρακείο

2198 4019 2356 4073 μενος
2384 4004 2463 4063 εἰς
2511 3998 2745 4070 τροφήνο
2799 3987 2860 4046 οὗ
2912 3993 3008 4047 καὶ
3045 3989 3437 4060 ἀπογεύεσθαι,
3495 3987 3780 4040 πάνδεινον

2197 4094 2500 4154 ἐδόκειτοῖς
2525 4086 2911 4160 παραιτεῖσθαι
2939 4082 3338 4157 μεμελετηκόσι
3365 4080 3457 4133 τὸν
3484 4078 3578 4132 ἐπὶ
3598 4076 3782 4149 νεκρῷ

2201 4186 2497 4259 μολυσμόν.
2534 4183 2735 4254 Μιαροὶ
2776 4177 3066 4249 τοιγαροῦν
3100 4177 3193 4229 καὶ¹
3221 4174 3514 4244 ἀπόϐλητοι
3552 4173 3652 4224 καὶ
3680 4169 3780 4225 ati-

2197 4279 2300 4340 τοι,
2327 4277 2511 4347 φησὶν,
2539 4275 2588 4327 οἱ
2618 4274 2794 4344 ἄρτοι,
2827 4271 2987 4340 οἵπερ
3019 4270 3083 4322 ἂν
3115 4264 3566 4338 προσκομισθεῖεν
3603 4263 3682 4324 ὡς
3725 4261 3782 4312 ἐν

2201 4371 2422 4438 ἀπαρχῇ
2463 4365 2658 4435 θερῶν.
2701 4381 2718 4413 ι
2758 4362 2867 4415 Καὶ
2896 4364 2944 4413 οἱ
2977 4358 3248 4420 ἐσθίοντες
3284 4355 3499 4416 αὐτοὺς,
3543 4351 3781 4422 μιανθή-

2203 4474 2409 4508 σονται.
2450 4474 2466 4502 ι
2508 4452 2764 4503 Ἔσονται
2792 4449 2848 4500 δέ
2876 4449 3136 4518 χρήσιμοι
3186 4444 3384 4514 μᾶλλον
3424 4443 3542 4505 ταῖς
3578 4439 3782 4510 ψυχαῖς

522 4544 630 4593 ’ἱυθ
665 4537 722 4584 el
750 4543 942 4598 Panem
992 4529 1046 4581 ί¹¹
1080 4527 1404 4582 δεδετίίίθίυηδ
1447 4527 1630 4582 οσθπί
1664 4528 1985 4596 βτποθρίδδθ
2023 4527 2092 4578 ⁸³·
2127 4551 2174 4608 D
2200 4545 2398 4603 αὐτῶν,
2450 4541 2744 4602 τουτέστιν,
2770 4539 2848 4600 εἰς
2875 4537 3074 4607 βρῶσιν
3105 4535 3306 4597 αὐτοῖς.
3351 4552 3369 4584 ι
3400 4532 3512 4584 Οὐκ
3543 4527 3784 4582 εἰσελεύ-

519 4619 640 4674 .1.ιιιι
689 4634 819 4675 vero
853 4617 1036 4675 Israel.
1087 4632 1205 4686 qua:
1258 4616 1362 4670 sibi
1397 4616 1566 4686 gloria
1609 4615 1703 4670 Dei
1749 4614 2078 4679 vindicabat,

523 4707 830 4762 simulacris
863 4705 1149 4770 oﬂ‘erebat,
1186 4705 1295 4759 Deo
1341 4705 1469 4759 licet
1508 4703 1791 4758 manifeste
1833 4702 2049 4757 dicente
2079 4719 2092 4755 :

534 4819 550 4846 ε
582 4798 822 4854 Gloriam
871 4810 1050 4852 meam
1097 4795 1253 4849 alteri
1290 4811 1396 4848 non
1450 4795 1610 4862 dabo,
1655 4809 1830 4861 neque
1873 4794 2097 4846 virtutes

525 4905 674 4945 meas
703 4888 1006 4944 simulacris
1023 4887 1088 4942 ⁸⁸.
1117 4907 1138 4939 ι

600 5182 862 5248 Quocirca
895 5179 962 5234 ad
998 5178 1163 5232 vitam
1196 5176 1604 5230 sustentandam
1639 5175 1896 5244 requisita
1924 5188 1955 5228 a
1990 5173 2101 5230 Deo

527 5275 756 5342 petenda
809 5281 954 5337 sunt,
988 5271 1459 5337 conﬁtendumque
1486 5268 1657 5337 ipsum
1697 5281 1817 5322 esse
1856 5267 2098 5322 datorem

527 5377 583 5420 et
629 5365 936 5435 largitorem
982 5364 1162 5420 omnis
1193 5360 1458 5416 ubertatis
1494 5370 1711 5423 nostrze,
1753 5361 1867 5414 sive
1917 5359 2002 5412 illa
2037 5359 2100 5412 ad

532 5469 753 5524 corpus,
787 5457 901 5510 sive
927 5457 991 5508 ad
1032 5455 1282 5523 spiritum
1315 5451 1603 5519 pertineat.
1646 5449 1753 5504 Nec
1783 5453 1924 5504 cnim
1967 5452 2102 5504 alius

531 5557 617 5603 cst
646 5554 843 5616 praeter
875 5546 1023 5599 illum
1058 5546 1146 5614 qui
1179 5541 1408 5614 pluat",
1453 5549 1510 5594 ut
1548 5541 1808 5608 scriptum
1854 5551 1974 5605 est;
2006 5541 2100 5594 sed

533 5650 665 5693 nutu
699 5636 815 5705 ejus
850 5636 1028 5704 fruges
1060 5637 1391 5704 temporibus
1431 5634 1542 5690 suis
1573 5635 1684 5688 ruri
1728 5633 2018 5698 exsistunt,
2049 5643 2104 5688 et

603 5824 646 5857 “
680 5821 835 5876 Nutu.
873 5837 984 5884 tux,
1013 5820 1098 5874 ‘22.
1178 5822 1220 5852 “
1261 5822 1406 5876 Exod
1463 5838 1616 5887 χχιιι,
1658 5824 1736 5879 19.

1820 5822 1859 5853 ‘5
1887 5820 2057 5875 Levii.
2094 5835 2184 5885 vn,
2225 5817 2307 5881 ll,
2347 5817 2427 5870 l2.
2505 5819 2548 5850 δε
2582 5816 2682 5872 lsa.
2719 5819 2922 5879 xLIt.8.

2205 4652 2385 4689 σονται
2414 4633 2521 4702 γὰρ
2553 4632 2630 4693 είς
2669 4626 2816 4683 οἷκον
2858 4629 3082 4696 Κυρίου.
3126 4644 3144 4676 ι
3180 4625 3392 4678 Εἱδέναι
3423 4622 3479 4675 δὲ
3527 4622 3658 4692 χρὴ,
3703 4620 3782 4672 ὅτι

2202 4727 2296 4777 καὶ
2328 4725 2356 4776 6
2393 4724 2586 4792 νόμος,
2639 4719 2891 4792 ἀπαρχὴν
2927 4717 3210 4790 θερισμοῦ,
3245 4712 3533 4785 δράγματα
3567 4728 3630 4763 τε
3691 4707 3782 4762 καὶ

2205 4816 2367 4886 ἄρτον
2386 4813 2679 4882 προσάγειν
2710 4811 2956 4864 ἐκέλευεν
2981 4811 3060 4873 είς
3090 4807 3298 4861 θυσίαν.
3348 4803 3695 4873 Μετεκόμισε
3727 4797 3784 4850 δέ

2205 4911 2234 4960 6
2274 4905 2487 4976 Ἰσραὴλ
2518 4904 2585 4958 τὰ
2614 4906 2692 4967 εἰς
2720 4904 2880 4970 δόξαν
2915 4901 3052 4956 Θεοῦ
3101 4905 3214 4964 τοῖς
3265 4900 3546 4968 γλυπτοῖς.
3589 4893 3784 4949 Καίτοι

2207 4993 2342 5048 Θεοῦ
2383 4995 2630 5061 λέγοντος
2664 4991 2908 5064 ἐναργῶς
2929 5009 2942 5024 ·
2974 5012 2991 5043 ι
3027 4991 3138 5062 Τὴν
3166 4991 3322 5055 δόξαν
3365 5007 3466 5061 μου
3511 4986 3680 5056 ἐτέρῳ
3721 4980 3781 5032 οὐ

2207 5083 2514 5144 δώσω.οὐδέ
2542 5082 2639 5146 τὰς
2671 5082 2872 5153 ἀρετάς
2906 5099 3008 5151 μου
3036 5082 3148 5144 τοῖς
3175 5081 3450 5148 γλυπτοῖς.
3482 5094 3500 5127 ι

2281 5175 2488 5230 Οὐκοῦν
2520 5177 2814 5242 ἀναγκαῖον
2850 5176 3024 5226 αἰτεῖν
3059 5172 3210 5244 παρά
3240 5170 3374 5225 Θεοῦ
3414 5169 3482 5221 τά
3535 5159 3778 5234 ζωαρκῆ,

2210 5269 2302 5321 καὶ
2353 5267 2516 5321 αὐτὸν
2572 5267 2854 5336 ὁμολογεῖν
2905 5266 3108 5338 δοτῆρα
3152 5265 3247 5317 καὶ
3286 5259 3520 5333 χορηγὸν
3566 5257 3783 5322 ἀπάσης

2209 5362 2339 5428 ἡμῖν
2391 5359 2694 5430 εὐκαρπίας
2749 5359 3067 5427 σωματικῆς
3105 5356 3199 5411 καὶ
3253 5350 3631 5424 πνευματικῆς
3662 5363 3674 5375 ·
3722 5343 3783 5397 οὐ
3847 5388 3862 5400 .

2206 5453 2314 5520 γάρ
2346 5453 2492 5504 ἐστιν
2519 5452 2703 5522 ἕτερος
2739 5451 2865 5520 παρ’
2897 5449 3058 5503 αὐτὸν
3091 5446 3343 5513 ὑετίζων,
3393 5443 3535 5497 κατὰ
3588 5440 3648 5493 τὸ
3690 5454 3784 5505 γει

2207 5542 2543 5611 γραμμένον,
2571 5541 2714 5594 ἀλλά
2734 5543 2844 5602 τοῖς
2870 5539 3033 5592 αὐτοῦ
3059 5542 3314 5610 νεύμασι,
3338 5535 3430 5588 καὶ
3455 5533 3524 5586 τὰ
3551 5531 3610 5596 ἐξ
3627 5526 3787 5600 ὡρῶν

2205 5632 2412 5703 ἀνίσχει
2441 5634 2558 5684 κατ’
2599 5632 2820 5701 ἀγροὺς,
2853 5631 2946 5682 καὶ
2987 5632 3085 5700 τῆς
3114 5629 3322 5685 ἄνωθεν
3368 5621 3618 5692 εὐλογίας
3653 5621 3801 5682 ἀνα-οη

3003 5820 3042 5849 δτ
3075 5816 3184 5873 Jnr,
3224 5826 3344 5874 \‘tv,
3375 5809 3463 5863 ‘32.
