4034 6270
261 413 350 467 ΞΠ
1153 411 1706 470 COMMENTARIUS
1745 413 1816 468 IN
1853 414 2083 473 OSEAM
2123 416 2564 474 PROPIIETASI.

3387 429 3491 484 213

270 529 613 603 πιμπλάμεθα,
647 527 738 582 τδν
767 529 954 600 νοητὸν
988 531 1150 602 ἄρτον
1178 532 1521 604 τρεφόμενοι,
1554 535 1648 588 καὶ
1670 528 1810 588 οἶνον

1915 556 2146 609 superna
2205 543 2581 596 benedictione
2633 543 2921 612 repletnur,
2965 561 3104 614 pane
3150 547 3250 600 sub
3295 549 3492 601 intelli-

273 624 456 692 ἔχοντες
481 621 566 672 τὸν
596 620 654 686 ἐξ
686 621 944 692 οὐρανοῦ,
976 641 995 674 ι
1036 623 1140 676 Τὸν
1190 625 1550 696 εὐφραίνοντα
1581 626 1810 697 καρδίαν

277 711 538 783 ἀνθρώπου.
578 730 596 762 ι
633 712 818 764 Ταῦτα
851 717 1064 784 φρονεῖν
1093 716 1381 786 ᾑρημένοι,
1411 719 1811 788 κατοικήσομεν

277 805 354 874 τὴν
397 803 548 870 ἁγίαν
586 803 711 872 γῆν.
782 805 1050 874 Ἐσόμεθα
1102 811 1207 878 γὰρ
1249 807 1383 876 μετὰ
1418 808 1575 870 Θεοῦ,
1626 809 1719 862 καί
1751 811 1810 862 ὲν

284 892 557 961 Ἀσσυρίοις
589 892 873 962 ἀκάθαρτα
903 893 963 944 οὑ
1019 893 1326 963 φαγὸμεθα.
1393 896 1810 949 Καταϐόσκουσι

263 980 354 1050 γὰρ
376 981 427 1033 ἐν
452 980 808 1052 ἀκαθαρσίαις
832 982 957 1043 τοὺς
992 982 1318 1052 προσιόντας
1349 983 1530 1047 αὐτοῖς
1575 1003 1592 1035 ι
1628 986 1691 1037 Οί
1717 1003 1808 1036 κοο

261 1071 612 1142 σμοκράτορες
643 1073 735 1124 τοῦ
770 1073 963 1136 αἰῶνος
983 1073 1197 1138 τούτου,
1229 1073 1298 1126 τὰ
1336 1075 1682 1145 πνευματικὰ
1713 1076 1810 1146 τῆς

257 1163 500 1234 πῖνηρίας
533 1166 588 1215 ἐν
613 1166 720 1226 τοῖς
751 1165 1112 1236 ἐπουρανίοις.
1150 1186 1169 1218 ι

322 1254 376 1307 Τί
407 1253 690 1320 ποιήσετε
708 1254 778 1308 ἐν
803 1255 991 1324 ἡμέρᾳ
1016 1260 1421 1328 πανηγύρεως,
1455 1258 1551 1312 καί
1581 1260 1650 1313 ἐν
1672 1259 1811 1328 «ius.

247 1361 366 1410 [ηις
399 1343 607 1411 ἑορτῆς
637 1346 898 1413 Κυρίου;

313 1437 414 1500 L_Z'.
435 1436 656 1506 Ἐπειδὴ
671 1437 777 1508 γὰρ
801 1440 878 1500 εἰς
901 1436 1078 1503 τοῦτο,
1100 1439 1256 1508 φησὶ,
1281 1438 1811 1493 καθίκεσθεδυσϐου·

245 1521 353 1586 λίας
392 1524 487 1576 καὶ
531 1525 921 1596 ἀσεϐημάτων,
967 1527 1214 1599 βδελυροὶ
1261 1527 1317 1580 δὲ
1353 1526 1496 1580 οὑτω
1527 1528 1806 1597 γεγόνατε,

245 1617 335 1668 καί¹
364 1616 768 1686 ἀπηχθημένοι,
799 1621 946 1682 ποῖος
974 1620 1100 1689 ὑμῖν
1131 1619 1240 1688 ἄρα
1283 1618 1538 1692 βοηθήσει
1569 1622 1806 1691 τρόπος;

245 1707 277 1776 ἢ
303 1708 351 1759 τί
383 1710 725 1780 πεπραχότες
773 1712 866 1763 καί
915 1710 1353 1782 βουλευσάμενοι,
1401 1712 1502 1782 τῆς
1534 1713 1676 1766 οὑτω
1703 1713 1810 1766 δει-

245 1799 340 1868 νῆς
371 1801 462 1853 καὶ
500 1802 704 1872 ἀγρίας
746 1803 1028 1857 ἐκνεύσετε
1077 1808 1396 1877 συμφορᾶς,
1432 1807 1557 1859 ὅταν
1614 1809 1648 1878 ἡ
1699 1806 1807 1878 ἐμὴ

1913 632 2146 699 gentiam
2196 635 2428 686 cadente
2478 635 2690 698 nutriti,
2740 647 2793 690 et
2845 637 3028 689 vittutu
3077 638 3340 691 habentes
3374 656 3489 692 cu:-

1913 721 2066 786 Iestc,
2102 739 2120 772 ι
2152 723 2292 790 ιιιιυιί
2331 723 2569 776 Letificat
2611 740 2706 778 cor
2754 726 3069 782 bomiuis".
3098 747 3117 778 ι
3162 727 3236 780 Ita
3289 729 3487 794 affecti,

1914 820 2114 864 terram
2167 823 2412 867 sanctam
2468 813 2854 870 habitabimus.
2902 816 3118 872 Erimus
3167 822 3308 872 enim
3365 835 3502 874 cutu-

1914 901 2045 967 Deo,
2097 911 2151 956 et
2201 904 2345 958 inter
2390 904 2645 974 Assyrios
2686 905 2982 961 immundis
3031 925 3134 962 non
3182 925 3486 964 vesccmur.

1911 991 2150 1049 Pascunt
2197 995 2341 1050 enim
2404 996 2455 1048 in
2515 997 2871 1051 immunditiis
2927 1001 2994 1050 ad
3055 1014 3116 1053 se
3170 1004 3488 1056 accedentes

1917 1105 1936 1138 ι
1967 1088 2236 1156 principes
2289 1089 2469 1142 mundi
2531 1088 2712 1158 hujus,
2765 1088 3068 1158 spiritualia
3129 1094 3381 1160 nequitia:
3436 1096 3488 1147 in

1911 1177 2221 1233 caelestibus
2243 1179 2308 1232 “.
2345 1198 2365 1232 ι

1985 1266 2146 1336 129
2191 1268 2330 1333 Quid
2357 1269 2563 1336 facietis
2603 1271 2658 1325 in
2687 1271 2772 1326 die
2813 1283 3116 1338 concentus,
3148 1284 3193 1327 et
3224 1276 3276 1326 in
3311 1275 3491 1329 diebus

1910 1358 2255 1412 solemnitatis
2316 1359 2570 1415 Domini?

1980 1447 2187 1506 XCVII.
2219 1450 2482 1514 Quoniam
2514 1453 2657 1508 enim
2685 1453 2788 1508 huc
2816 1469 2987 1525 usque
3015 1456 3153 1510 male
3183 1457 3336 1511 vobis
3361 1473 3491 1510 con-

1910 1541 2136 1595 sulendo
2159 1551 2214 1596 et
2247 1541 2411 1611 impie
2437 1545 2646 1613 agendo
2698 1549 3062 1614 processistis,
3113 1550 3354 1617 adeoque
3399 1551 3492 1601 de-

1912 1632 2188 1687 testabiles
2219 1641 2275 1686 et
2306 1634 2480 1687 odiosi
2527 1635 2812 1699 evasistis,
2861 1653 3096 1706 quonam
3143 1639 3301 1692 modo
3339 1641 3489 1694 vobis

1909 1726 2290 1780 Succurrctur?
2315 1733 2406 1780 aut
2430 1725 2557 1792 quid
2590 1725 2880 1795 iucipietis,
2916 1729 3115 1797 quidve
3143 1731 3352 1784 consilii
3401 1746 3490 1786 ca-

1912 1818 2093 1885 pietis,
2122 1826 2180 1870 ttt
2209 1827 2316 1871 tam
2340 1817 2512 1872 diram
2543 1829 2595 1873 et
2623 1829 2858 1874 atrocem
2894 1820 3252 1875 calamitatem
3271 1819 3490 1888 effugia-

245 1889 458 1960 τελῆται
514 1894 840 1966 πανήγυρις,
892 1895 1234 1959 δαπανῶντος
1274 1897 1367 1950 τοῦ
1412 1897 1650 1968 πολέμου
1683 1899 1810 1961 τοὺς

1915 1909 2004 1973 tis,
2038 1909 2254 1976 quando
2284 1909 2493 1963 scilicet
2526 1909 2670 1964 bello
2705 1910 3024 1966 absumente
3053 1913 3145 1980 qui
3198 1925 3284 1964 me
3315 1911 3489 1964 oﬂ‘en-

245 1980 633 2054 λελυπηκότας;
663 1983 868 2037 Οὐκοῦν
905 1985 1096 2057 ἐορτὴν
1130 1986 1261 2039 ἰδίαν
1305 1988 1560 2057 ὀνομάζει
1598 1987 1627 2039 ὁ
1655 1987 1808 2052 Θεὸς,

243 2075 331 2126 τὶν
355 2075 542 2146 καιρὸν
567 2075 826 2146 δηλονότι,
855 2077 976 2131 καθ’
992 2076 1052 2130 ὃν
1077 2079 1104 2129 ὁ
1129 2078 1345 2150 Ἰσραὴλ
1365 2079 1632 2141 ἐξαιτοῖτο
1658 2079 1813 2142 δίκας

242 2164 346 2239 τεῶν
374 2167 454 2230 εἰς
485 2166 649 2220 αὑτὸν
676 2169 1246 2240 πεπλημμελημένων.

306 2258 423 2328 Χρὴ
448 2259 746 2330 τοιγαροῦν
778 2259 852 2330 μὴ
876 2259 1065 2323 ἁπλῶς
1093 2259 1152 2312 τὸ
1175 2258 1364 2312 δοκοῦν
1391 2258 1812 2330 ἀπερισκέπτως

238 2348 519 2412 ἐπιτελεῖν,
556 2353 648 2402 καὶ
675 2352 787 2414 τοῖς
818 2351 1084 2420 παροῦσιν
1109 2349 1428 2420 ἐφήδεσθαι,
1464 2349 1811 2420 συναρπαζο-

239 2440 430 2510 μένους
490 2445 610 2505 ταῖς
660 2441 973 2513 ἐπιθυμίαις
1019 2444 1099 2506 εἰς
1149 2443 1210 2495 τὸ
1259 2440 1625 2513 προσκρούειν
1668 2439 1810 2510 Θεῷ,

237 2534 556 2604 περιαθρείν
619 2533 675 2586 δὲ
727 2533 926 2603 μᾶλλον
956 2533 1053 2586 καὶ
1086 2533 1154 2585 τὰ
1180 2531 1439 2600 ἐσόμενα,
1481 2531 1575 2583 καὶ
1601 2529 1812 2582 διεκδύ-

233 2645 340 2680 νειν
372 2625 688 2694 ἐπείγεσθαι
718 2625 786 2678 τὰ
821 2627 886 2678 ἐκ
910 2626 1062 2687 θείας
1097 2625 1285 2696 όργῆς⁶
1318 2623 1554 2694 ἐσόμεθα
1581 2622 1692 2694 γὰρ
1720 2621 1814 2676 οὓ-

230 2736 302 2772 τω
331 2718 508 2788 σοφοὶ,
537 2717 763 2771 καὶτῶν
790 2718 1182 2788 συμφερόντων
1213 2716 1600 2786 ἐπιστήμονες.

295 2896 405 2949 Διά
423 2892 604 2948 τοῦτο
635 2891 768 2947 ἰδοὺ
790 2892 1147 2960 πορεύονται
1175 2891 1244 2944 ἐκ
1280 2891 1682 2958 ταλαιπωρίας
1717 2891 1813 2945 Al-

230 2990 487 3059 γύπτου,
514 2986 613 3040 καί
643 2984 948 3050 ἐκδέξεται
980 2982 1202 3049 αὐτοὺς
1229 2983 1480 3052 Μέμφις,
1514 2982 1612 3036 καί
1636 2981 1814 3050 θάψει

228 3080 457 3147 αὐτοὺς
509 3077 786 3148 Μαχμάς.
845 3077 915 3131 Τὸ
971 3075 1254 3145 ἀργύριον
1323 3071 1520 3127 αὐτῶν
1568 3071 1814 3138 ὄλεθρος

224 3169 713 3240 κληρονομήσει,
787 3167 1040 3222 ἄκανθαι
1105 3166 1176 3219 ἐν
1242 3164 1366 3231 τοῖς
1417 3162 1813 3234 σκηνώμασιν

220 3263 452 3317 αὐτῶν.
515 3305 518 3308 .

308 3357 434 3421 AH'.
463 3351 893 3425 Καταδῃυύντων
921 3351 1020 3424 τὴν
1057 3353 1371 3423 Σαμάρειαν
1407 3351 1516 3406 τῶν
1559 3350 1814 3404 Βαϐυλω-

220 3449 388 3512 νίων,
414 3447 464 3499 oi
493 3445 766 3515 διαφυγεῖν
800 3445 1143 3516 ἰσχύσαντες,
1197 3445 1352 3516 μόλις
1384 3444 1702 3515 ἀπέδραμον
1735 3444 1817 3504 εἰς

220 3543 339 3611 τὴν
355 3537 694 3608 Αἰγυπτίων.
708 3537 867 3591 Ἀλλὰ
882 3539 977 3592 καὶ
997 3537 1166 3609 αὑτὴν
1183 3538 1414 3591 ἑλόντων
1433 3538 1533 3609 τὴν
1549 3537 1816 3606 Ἰερουσα-

221 3626 368 3696 λὴμ,
405 3625 465 3676 ἐν
502 3621 714 3694 χρόνοις
754 3622 852 3692 τῆς
889 3621 1153 3692 Ἰερεμίου
1203 3622 1578 3693 προφητείας,
1629 3617 1815 3689 εὐαρί-

223 3718 435 3789 θμητοι
479 3716 674 3787 κομιδῇ
714 3715 1144 3788 κατελείφθησαν
1177 3717 1242 3770 ἐκ
1284 3715 1385 3786 τῆς
1429 3715 1597 3768 Ἰούδα
1642 3713 1815 3784 φυλῆς

228 3815 330 3867 καὶ
352 3810 629 3881 Βενιαμίν.
660 3803 819 3864 Οὗτοί
843 3825 904 3862 τε
930 3807 1178 3878 εἰσῆλθον
1208 3810 1287 3873 εἰς
1315 3808 1612 3876 Αἴγυπτον,
1635 3806 1813 3859 καίτοι

235 3899 661 3974 παρεγγυῶντος
688 3897 823 3953 Θεοῦ
840 3899 927 3952 διὰ
951 3900 1136 3970 φωνῆς
1147 3899 1432 3971 Ἰερεμίου,
1454 3899 1547 3951 καί
1562 3897 1813 3964 λέγοντος

233 3994 505 4066 ἐναργῶς,
541 3993 615 4064 μὴ
636 3994 833 4064 χρῆναι
865 3991 1101 4062 βαδίζειν
1144 3991 1245 4062 τὴν
1278 3991 1608 4060 ἐνεγκοῦσαν
1650 3989 1814 4058 ἀφέν-

237 4103 334 4151 τας
362 4089 442 4150 είς
473 4085 572 4155 τὴν
601 4085 940 4153 Αἰγυπτίων,
977 4082 1330 4151 ὴπειληκότος
1367 4082 1447 4146 δέ,
1494 4084 1577 4136 ὅτι
1617 4080 1724 4135 κᾶν
1762 4080 1812 4133 εἰ

239 4183 390 4237 τοῦτο
410 4181 580 4252 δρῷεν
604 4199 678 4234 πα
686 4181 752 4254 ρὰ
772 4181 833 4233 τὸ
853 4179 998 4248 αὑτῷ
1015 4176 1226 4241 δοκοῦν,
1250 4176 1672 4247 περιπεσοὺνται
1701 4176 1814 4237 τοῖς

244 4274 396 4338 ίσοις,
439 4272 472 4343 ἢ
518 4276 632 4336 τοῖς
665 4271 746 4324 ἔτι
795 4270 1235 4340 φορτικωτέροις.
1297 4268 1450 4337 Ἔχει
1486 4267 1542 4319 δὲ
1579 4266 1722 4319 οὓτω
1753 4266 1815 4319 τὸ

240 4366 618 4437 γεγραμμένον
634 4363 873 4424 ἰΟὖτως
885 4357 1006 4415 εἰπε
1035 4361 1240 4432 Κύριος
1260 4376 1276 4390 ·
1350 4359 1476 4412 Ἐὰν
1502 4359 1658 4429 ὑμεῖς
1679 4358 1813 4412 δῶτε

239 4459 296 4511 τὸ
326 4458 616 4529 πρόσωπον
641 4456 793 4526 ὑμῶν
821 4458 902 4519 εἰς
935 4453 1210 4523 Αἴγυπτον
1243 4454 1336 4507 καὶ
1384 4450 1662 4522 εἰσέλθητε
1696 4453 1814 4504 ἐκεῖ

238 4549 330 4602 τοῦ
391 4550 686 4612 κατοικεῖν,
724 4547 818 4601 καὶ
858 4547 1030 4611 ἐσται,
1067 4547 1099 4616 ἡ
1135 4545 1376 4617 ῥομφαία
1419 4547 1486 4614 ἣν
1520 4545 1677 4614 ὑμεῖς
1716 4560 1811 4610 φο-

239 4639 418 4693 ϐεῖσθε
445 4639 553 4692 ἀπὸ
579 4637 870 4709 προσώπου
899 4639 1090 4706 αὑτῆς,
1115 4639 1336 4708 εὑρήσει
1376 4637 1519 4706 ὑμᾶς
1548 4637 1604 4688 ἐν
1645 4634 1812 4702 Αίγύ-

237 4747 407 4802 πτῳ.»
455 4729 672 4800 Ἐπειδὴ
701 4730 808 4800 γὰρ
835 4732 953 4793 ταῖς
979 4730 1292 4798 Αἰγυπτίων
1325 4727 1665 4798 ἐπικουρίαις
1691 4730 1812 4780 ἐπι-

237 4822 607 4894 θαρσήσαντες
627 4822 984 4894 ἀντεφέροντο
1010 4825 1121 4884 τοίς
1151 4820 1535 4882 Βαϐυλωνίοις,
1557 4819 1811 4891 ταύτῃτοι

235 4913 600 4985 λελυπημένοι
662 4914 801 4983 μετὰ
842 4914 941 4984 τὴν
979 4913 1087 4966 τῶν
1135 4911 1526 4984 Ἱεροσολύμων
1569 4911 1664 4964 καί⁸
1711 4911 1812 4978 τῆς

239 5007 548 5076 Σαμαρείας
574 5006 795 5070 ἅλωσιν,
832 5005 1134 5074 ἐτράποντο
1178 5003 1318 5057 κατὰ
1356 5004 1466 5056 τῶν
1498 5001 1812 5069 Αἰγυπτίων

237 5100 286 5150 οἱ
330 5097 685 5160 Βαϐυλώνιοι,
729 5099 822 5151 καὶ
871 5097 1109 5169 ἀμογητὶ
1137 5097 1476 5167 νενικήκασι,
1522 5095 1641 5147 τότε
1678 5111 1815 5163 συμ-

238 5187 437 5260 ϐέϐηκε
468 5189 594 5252 τοὺς
642 5187 1084 5259 περιλειφθέντας
1117 5187 1176 5252 ἐξ
1217 5186 1483 5240 Ἰουδαίων
1514 5185 1818 5238 συνδιόλλυ-

243 5281 361 5333 σθαι
404 5283 518 5343 τοῖς
558 5280 893 5347 Αἰγυπτίοις.
931 5281 993 5332 Οἱ
1041 5280 1097 5332 δὲ
1152 5280 1216 5349 δὴ
1276 5279 1561 5344 διαφυγεῖν
1617 5277 1716 5346 τὴν
1757 5278 1816 5328 ἐν

239 5373 498 5443 Αἰγύπτῳ
554 5373 926 5442 ταλαιπωρίαν
983 5373 1318 5442 ἰσχύσαντες,
1357 5369 1507 5440 μόλις
1559 5369 1816 5422 ἐπέκεινα

241 5462 659 5535 δεδραμήκασιν,
692 5463 785 5516 ἐπὶ
815 5465 914 5534 τὴν
949 5464 1224 5534 Ἀρκάδων
1256 5463 1423 5524 ἰόντες
1458 5461 1658 5531 χώραν.
1705 5464 1814 5515 Καὶ

242 5554 314 5616 ὡς
337 5556 412 5619 εἰς
453 5556 609 5609 πόλιν
652 5557 1001 5627 ὀχυρωτάτην
1039 5556 1395 5625 κατῳκήκασι
1441 5553 1536 5622 τὴν
1567 5553 1810 5622 Μέμφιν,

242 5646 332 5696 καὶ
359 5645 456 5716 τὴν
484 5647 747 5718 Μαχμὰς,
776 5647 936 5718 ἑτέρα
961 5648 1017 5700 δὲ
1039 5647 1174 5715 αὕτη
1211 5646 1407 5713 γείτων
1436 5661 1535 5696 που
1573 5646 1808 5708 πάντως.

1915 1999 2126 2062 derant,
2150 1999 2438 2054 celebritas
2463 2015 2578 2056 mea
2611 2003 2939 2072 peragetur?
2966 2002 3148 2071 Itaque
3179 2003 3492 2057 solemnita-

1917 2099 2024 2144 tem
2061 2106 2211 2145 suatu
2239 2101 2398 2147 vocat
2433 2091 2593 2158 Dens,
2624 2103 2834 2164 tempus
2874 2095 3138 2156 videlicet,
3179 2111 3284 2164 quo
3325 2095 3488 2148 Israel

1915 2195 2138 2236 suorum
2176 2183 2228 2236 in
2261 2183 2435 2252 ipsum
2465 2195 2805 2252 peccatorum
2838 2199 3026 2253 poenas
3059 2187 3130 2240 sit
3160 2188 3400 2240 daturus.

1987 2274 2344 2340 Quamobrem
2375 2275 2515 2344 quod
2551 2275 2802 2339 Iubescit,
2829 2291 2932 2328 uon
2963 2276 3285 2344 simpliciter
3318 2285 3370 2328 ct
3409 2275 3488 2327 in-

1914 2367 2254 2421 considerate
2280 2368 2704 2435 exsequeudum,
2751 2375 2805 2419 et
2845 2367 3203 2434 prasentibns
3248 2366 3490 2433 gauden-

1913 2455 2037 2510 dum
2061 2462 2166 2519 est,
2191 2455 2236 2509 si
2267 2471 2366 2509 uos
2393 2455 2715 2523 cupiditates
2742 2466 2940 2510 nostra:
2979 2456 3045 2508 ad
3091 2455 3182 2508 Dei
3231 2454 3488 2509 oll‘cusam

1912 2548 2259 2616 pertrahunt;
2295 2546 2389 2600 sed
2419 2546 2595 2600 futura
2638 2547 2815 2614 potius
2853 2547 3358 2612 circumspicienda,
3396 2560 3492 2596 ru-

1912 2639 2248 2706 randumque
2278 2638 2487 2701 sedulo,
2524 2640 2598 2693 ttti
2630 2639 2906 2706 suppliciis
2953 2639 3020 2690 ab
3064 2639 3202 2691 irato
3242 2636 3352 2688 Deo
3393 2637 3494 2689 iut-

1913 2729 2193 2782 mittendis
2224 2728 2522 2783 elabamur.
2557 2727 2648 2784 Sic
2676 2731 2818 2783 enim
2849 2730 3124 2797 sapientes
3151 2738 3206 2782 et
3239 2729 3492 2782 utilitatis

1913 2829 2114 2874 nostrae
2141 2819 2376 2874 scientes
2403 2820 2626 2874 erimus.

1984 2909 2148 2964 Vsus.
2181 2911 2234 2975 5,
2267 2908 2321 2964 6.
2372 2909 2597 2975 Propter
2642 2912 2741 2965 hoc
2791 2927 2905 2965 ecce
2966 2912 3114 2964 ibunt
3165 2927 3230 2965 ex
3281 2910 3494 2962 miseria

1913 3001 2152 3071 Egypti,
2173 3012 2222 3055 et
2243 3003 2485 3072 suscipiet
2511 3018 2596 3055 eos
2614 3001 2892 3072 Memphis,
2911 3014 2956 3057 et
2979 3003 3186 3070 sepeliet
3207 3019 3293 3055 eos
3314 3001 3496 3054 Marh-

1913 3111 2046 3148 mas.
2091 3095 2380 3163 Argentum
2427 3095 2561 3148 enim
2611 3111 2792 3148 eorum
2841 3097 3084 3149 interitus
3136 3095 3496 3158 hwreditabit;

1914 3189 2080 3258 spina:
2105 3189 2164 3242 in
2198 3189 2548 3242 tabernaculis
2578 3204 2778 3243 eorum.

1985 3361 2215 3419 XCVIII.
2270 3363 2627 3420 Vastantibus
2678 3363 2979 3419 Samartam
3032 3364 3361 3436 Babyloniis,
3403 3361 3495 3433 quI

1916 3453 2148 3525 effugere
2190 3465 2498 3523 potuerunt,
2537 3457 2626 3510 vis
2674 3457 2728 3510 in
2776 3455 3071 3527 Egyptum
3119 3463 3495 3526 penetrarunt.

1917 3547 2015 3612 Qui
2047 3563 2166 3601 cum
2214 3558 2269 3603 et
2312 3549 2482 3616 ipsam
2523 3547 2975 3618 Hierosolymam,
3035 3545 3269 3601 Jeremia
3307 3547 3498 3600 vatici-

1917 3645 2098 3702 nante,
2133 3645 2477 3699 evertissent,
2507 3638 2818 3704 paucissimi
2851 3637 2918 3691 de
2951 3637 3092 3688 tribu
3121 3636 3254 3689 Juda
3283 3635 3496 3688 ethno

1909 3727 2080 3792 jamiu
2112 3727 2307 3790 relicti,
2346 3726 2400 3778 in
2433 3725 2726 3794 IEgyptum
2762 3741 2821 3779 se
2851 3727 3227 3790 contulerunt;
3280 3725 3496 3777 tametsi

1916 3820 2056 3873 Deus
2079 3833 2174 3887 per
2201 3816 2492 3872 Jeremiam
2551 3830 2810 3883 expresse
2853 3817 3049 3883 jubcns
3105 3817 3337 3880 dixerat,
3389 3832 3498 3870 non

1916 3925 2038 3965 esse
2080 3909 2185 3964 illis
2225 3909 2398 3977 patria
2449 3907 2664 3964 deserta
2725 3909 3130 3978 ingrediendum
3182 3909 3494 3979 Egypuuu,

1915 4002 2277 4058 comminatus
2308 4001 2545 4068 insuper,
2579 4001 2624 4055 si
2673 4000 2725 4056 id
2751 4015 2809 4054 se
2853 4001 3068 4056 nolente
3117 4001 3393 4066 fecissent,
3443 4000 3498 4054 in

1915 4093 2141 4160 similes,
2167 4102 2256 4148 aut
2281 4093 2444 4147 etiam
2475 4093 2756 4163 graviores
2787 4093 3125 4147 calamitates
3158 4093 3493 4146 incursuros.

1918 4188 2010 4242 Sic
2042 4198 2222 4240 autem
2251 4193 2336 4240 est
2362 4186 2429 4240 ad
2471 4185 2729 4240 verbum:
2766 4203 2784 4235 ι
2813 4184 2904 4238 Sic
2935 4184 3070 4237 dixit
3103 4184 3360 4238 Dominus
3391 4201 3403 4237 :
3439 4185 3494 4236 Si

1918 4294 2013 4333 vos
2054 4278 2312 4332 dederitis
2348 4277 2536 4330 faciem
2585 4284 2820 4331 vestram
2868 4277 2920 4329 in
2964 4274 3281 4346 Egyptum,
3309 4285 3362 4331 et
3417 4276 3498 4329 in-

1915 4370 2086 4440 gressi
2140 4367 2350 4422 fueritis
2399 4368 2524 4422 illuc
2567 4375 2626 4421 ut
2677 4367 2958 4433 habitetis;
3011 4379 3067 4423 et
3127 4369 3251 4436 erit,
3287 4370 3495 4439 gladius

1917 4475 2076 4527 quem
2112 4475 2205 4514 vos
2230 4459 2529 4514 formidatis
2557 4474 2586 4512 a
2626 4459 2764 4514 facie
2809 4460 2947 4530 ejus,
3002 4460 3241 4515 inveniet
3291 4476 3385 4515 vos
3443 4461 3494 4515 in

1919 4550 2152 4622 Aﬂgypto
2184 4550 2251 4605 ⁸ο.
2294 4569 2312 4602 ι
2350 4549 2646 4620 Postquam
2678 4550 2823 4605 enim
2861 4549 3240 4623 Egyptiorum
3281 4551 3496 4606 auxiliis

1918 4644 2058 4707 freti,
2094 4642 2402 4714 Babyloniis
2435 4644 2769 4710 restiterunt,
2801 4658 2974 4711 eaque
3004 4659 3060 4698 re
3094 4644 3289 4697 irritati
3323 4642 3498 4710 Baby-

1918 4733 2068 4799 lonii,
2099 4732 2468 4802 Hierosolyma
2501 4743 2554 4788 et
2583 4734 2828 4788 Samaria
2861 4735 3182 4804 subiugatis,
3236 4735 3285 4787 iu
3332 4732 3498 4802 Egy-

1919 4827 2060 4894 ptios
2089 4835 2394 4890 moverunt,
2425 4839 2490 4879 ac
2529 4825 2675 4879 nullo
2728 4827 2946 4895 negotio
2979 4828 3044 4880 de
3088 4827 3154 4880 iis
3203 4827 3499 4892 triumpha-

1924 4926 2064 4981 runt,
2114 4929 2226 4972 tum
2262 4917 2352 4985 qui
2384 4916 2664 4971 restabant
2695 4916 2860 4972 Judmi
2893 4918 3049 4972 simul
3079 4933 3199 4971 cmn
3232 4916 3498 4986 Egyptiis

1921 5010 2219 5078 perierunt.
2256 5007 2465 5074 Quibus
2497 5018 2677 5063 autem
2709 5009 2985 5063 miseriam
3021 5008 3327 5077 Egyptiam
3376 5008 3496 5077 fuga

1921 5103 2094 5154 vitare
2127 5099 2298 5164 licuit,
2348 5100 2563 5154 tandem
2605 5100 2657 5154 in
2704 5100 2971 5154 Arcadum
3020 5099 3290 5168 regionem
3337 5113 3499 5154 vene-

1922 5201 2068 5256 runt,
2100 5201 2154 5244 et
2179 5190 2469 5258 Memphim
2513 5191 2725 5256 urbem,
2775 5200 2836 5242 ttt
2878 5189 3319 5254 munitissimam,
3351 5191 3500 5244 inco-

1919 5282 2150 5348 luerunt,
2193 5283 2352 5352 130
2375 5281 2650 5337 Macltmas
2682 5284 2806 5336 item
2839 5281 2998 5332 aliam
3043 5280 3248 5345 urbem,
3284 5290 3337 5336 et
3367 5283 3500 5336 vici-

1919 5389 2041 5426 nam
2087 5372 2265 5443 plane,
2314 5382 2371 5426 et
2426 5373 2647 5441 reliquis
2691 5371 3081 5424 ﬂorentioreut.
3141 5370 3211 5424 Ibi
3261 5387 3497 5440 quoque,

1916 5462 2176 5517 confectis
2203 5461 2452 5517 videlicet
2487 5462 2660 5528 longis
2686 5460 2809 5512 vita:
2841 5457 3050 5526 spatiis,
3079 5460 3348 5525 obierunt,
3376 5477 3497 5514 cum

1916 5553 1969 5606 in
2002 5553 2238 5608 Judaaam
2271 5551 2468 5606 reverti
2513 5550 2901 5613 nequivissent.
2951 5549 3042 5603 Ait
3083 5566 3243 5620 porro
3284 5565 3497 5605 rursum

1912 5643 2284 5701 Jeremiasltis
2312 5640 2494 5696 verbis
2527 5657 2539 5693 :
2576 5658 2596 5691 ι
2636 5638 2862 5709 Pr0ptcr
2884 5639 2984 5695 hoc
3015 5642 3094 5697 sic
3136 5643 3268 5698 dicit
3315 5639 3497 5694 Domi-

315 5805 355 5838 ⁶⁸
392 5820 556 5877 Eccli.
583 5837 665 5883 ιι,
709 5821 795 5876 ιιι).
876 5823 917 5854 ἰθ
962 5819 1151 5889 Epltes.
1185 5837 1256 5888 vt,
1292 5821 1376 5875 I2.
1455 5820 1497 5850 ⁵ο
1530 5817 1636 5875 Jer.
1672 5833 1759 5885 XL,
1791 5817 1880 5883 IS,
1911 5820 1996 5872 16.
