4034 6270
463 382 570 438 219

1485 386 1542 441 S.
1584 381 1859 440 CYRILLI
1896 384 2368 443 ALEXANDRINI
2406 387 2726 444 ARCIIIEP.

3610 386 3732 443 ego

467 517 615 556 nus:
655 499 792 556 Ecce
838 518 937 571 ego
981 518 1120 572 pono
1166 503 1356 559 faciem
1399 519 1596 570 meam,
1639 515 1697 559 ut
1739 506 2043 574 disperdam

2159 489 2243 563 mit
2271 508 2380 562 τῶν
2409 508 2584 563 ἀλλων
2613 507 2986 579 ἐπισημοτέρα
3016 507 3187 570 πόλις.
3245 507 3394 560 Ἐκεῖ
3436 508 3530 561 καὶ
3567 524 3737 561 τετε-

464 609 657 648 omnes
685 595 920 662 reliquos
945 595 996 648 in
1042 595 1299 667 Egypto,
1346 606 1400 652 et
1432 598 1625 651 cadent
1664 597 1714 650 iu
1753 597 1949 667 gladio,
1987 608 2040 652 et

467 687 519 740 in
550 685 695 740 fame
727 686 979 740 deﬁcient
1029 701 1057 739 a
1098 702 1264 755 parvo
1303 705 1472 761 usque
1533 689 1600 744 ad
1653 704 1927 758 magnum,
1985 698 2041 742 et

464 787 628 829 erunt
654 777 707 830 iu
746 778 1115 847 opprobrium,
1159 790 1213 834 et
1249 781 1301 834 in
1350 781 1726 852 perditionem,
1759 781 1891 835 etin
1926 795 2041 834 ma-

463 866 830 922 lediCtioncm.
869 869 931 922 Et
981 869 1212 925 visitabo
1265 886 1429 940 super
1479 873 1732 927 sedentes
1797 871 1852 925 in
1899 881 2040 926 terra

460 955 700 1026 Egypti.
734 958 800 1012 Et
828 974 931 1013 non
961 960 1068 1014 erit
1108 960 1347 1016 salvatus
1383 961 1522 1017 ullus
1567 963 1634 1017 de
1663 962 1882 1033 reliquis
1906 961 2041 1017 Juda

463 1048 936 1117 peregrinantibus
966 1052 1017 1103 in
1061 1058 1203 1104 terra
1248 1051 1487 1122 Egypti,
1538 1063 1596 1107 ttt
1643 1060 1941 1108 revertatur
1988 1052 2040 1106 in

466 1147 665 1192 terram
695 1137 850 1205 Juda,
883 1141 947 1192 ad
987 1157 1147 1209 quam
1201 1143 1298 1211 ipsi
1341 1153 1562 1212 sperant
1608 1143 1887 1199 animabus
1932 1143 2044 1198 suis

466 1225 665 1279 reverti
699 1225 846 1281 illuc.
881 1227 996 1282 Non
1035 1241 1373 1284 revertentur
1405 1230 1472 1285 ⁸¹.
1516 1249 1536 1283 ›
1581 1232 1751 1286 Audis
1802 1241 2044 1286 mortuos

466 1319 667 1372 csse‘iu
695 1317 952 1387 Egypto,
988 1321 1149 1373 etiam
1176 1321 1284 1375 illic
1313 1323 1493 1377 divina
1531 1338 1626 1377 eos
1677 1323 1880 1377 ultione
1924 1338 2046 1391 pcr-

468 1408 769 1476 sequente?
799 1408 932 1462 Cum
969 1409 1130 1479 igitur
1162 1413 1378 1467 miseria
1412 1413 1464 1465 iu
1494 1411 1730 1483 Egypto
1756 1413 2043 1478 declinata,

469 1496 781 1565 Memphim,
812 1506 869 1552 ut
894 1499 946 1552 in
981 1500 1169 1555 urbem
1206 1501 1522 1570 praeclaram
1555 1504 1893 1566 adveneriut,
1921 1519 2043 1559 sus»

468 1590 632 1658 cipiet
663 1592 880 1659 quidem
923 1606 1051 1655 eos;
1108 1603 1478 1648 verumtamen
1518 1595 1570 1648 in
1607 1594 1884 1650 Machmas
1933 1610 2048 1650 mo-

469 1680 699 1734 rientur.
722 1681 833 1736 lloc
853 1682 994 1737 enim
1015 1683 1117 1737 sibi
1136 1682 1267 1749 vult,
1301 1683 1565 1752 «Supellet
1587 1698 1681 1739 eos
1697 1683 1994 1740 Machmas.
2020 1702 2039 1737 ι

469 1770 734 1837 Quocirca
770 1772 968 1827 infesto
1001 1773 1130 1837 Deo,
1172 1789 1331 1829 nemo
1374 1775 1633 1844 periculis
1673 1775 1932 1845 agitatum
1978 1775 2046 1830 ad

470 1862 700 1919 Salutem
731 1864 1009 1932 pristinam
1054 1866 1359 1933 revocabit;
1406 1868 1497 1920 sed
1530 1882 1853 1937 quocunque
1893 1869 2049 1923 iverit

471 1952 759 2021 quispiam,
814 1955 932 2024 ejus
971 1956 1107 2010 iram
1159 1958 1487 2027 experietur.
1546 1959 1613 2012 Et
1659 1959 1771 2014 haec
1827 1960 2043 2029 quidem

473 2044 603 2112 ipsis
630 2044 680 2096 in
710 2043 946 2114 [Egypto
978 2046 1155 2102 futura
1195 2059 1399 2102 narrat.
1435 2048 1699 2115 Quoniam
1731 2064 1856 2104 vero
1881 2051 2044 2104 etiam

472 2148 504 2188 e
533 2135 736 2190 divitiis
761 2138 875 2191 suis
912 2152 1033 2192 eum
1063 2136 1417 2205 olieuderunt,
1454 2158 1472 2192 ι
1507 2141 1802 2210 Argentum
1822 2143 1965 2194 enim
1993 2150 2048 2196 et

473 2240 664 2281 aurum
688 2243 843 2282 suum
872 2228 1118 2284 fecerunt
1149 2230 1250 2284 sibi
1281 2214 1418 2285 idola
1453 2230 1518 2295 ⁸³,
1554 2248 1574 2282 ι
1613 2231 1806 2299 inquit,
1849 2230 2053 2286 idcirco

475 2318 648 2387 ipsum
674 2319 798 2387 jure
832 2320 1081 2375 interitus
1113 2321 1471 2387 hmreditabit,
1506 2324 1606 2376 hoc
1635 2330 1738 2387 est,
1785 2336 1905 2377 sors
1948 2322 2054 2375 erit

473 2411 736 2466 vaSIatori
769 2429 783 2464 :
819 2412 1094 2467 interitum
1144 2412 1287 2467 enim
1352 2422 1511 2467 vocat
1540 2412 1844 2483 Assyrium,
1875 2420 1932 2465 ut
1962 2411 2053 2480 qui

475 2500 622 2557 ferus
649 2510 703 2556 et
730 2503 962 2557 crudelis
996 2505 1049 2556 in
1083 2503 1451 2558 exscindendo
1495 2503 1897 2572 prmliaudoque
1939 2500 2054 2557 fue-

475 2592 565 2647 rit.
601 2591 976 2647 Producentur
1004 2602 1182 2646 autem
1215 2602 1271 2647 et
1299 2611 1318 2644 ι
1353 2593 1542 2662 spinas,
1574 2593 1765 2662 inquit,
1792 2593 1844 2646 in
1872 2592 2055 2646 taber-

476 2681 683 2736 naculis
710 2697 917 2737 eorum.
950 2701 969 2734 ι
1002 2682 1082 2738 Ad
1112 2693 1315 2740 tantam
1348 2685 1545 2754 quippe
1577 2684 1926 2739 solitudinem
1969 2698 2053 2739 re.

475 2770 647 2829 «ιπιώ
679 2784 804 2828 sunt
828 2774 1010 2842 urbes,
1042 2784 1099 2829 ut
1130 2777 1299 2846 spinis
1325 2775 1688 2845 replerentur,
1714 2776 1855 2846 quod
1895 2785 2054 2831 terra:

476 2862 631 2917 invia:
659 2874 715 2919 et
748 2865 1004 2919 desolata:
1030 2865 1240 2935 signum
1276 2873 1382 2919 est.

2141 599 2460 670 λευτήκασι,
2497 600 2741 670 μακροὺς
2763 598 3006 668 δηλονότι
3036 597 3448 661 διατελέσαντες
3471 599 3733 669 χρόνους,

2143 690 2508 759 ὑπονοστῆσαί
2558 707 2618 743 τε
2673 690 2746 760 μὴ
2798 689 3117 762 δυνηθέντες
3177 690 3257 751 εἰς
3300 688 3395 758 τήν
3437 690 3733 743 Ἰουδαίαν.

2146 781 2291 850 Ἔφη
2338 780 2395 832 δὲ
2443 780 2585 833 οὕτω
2637 779 2796 833 πάλιν
2826 780 2855 832 6
2884 780 3172 850 προφήτης
3224 779 3507 850 Ἱερεμίας
3555 798 3574 830 ι
3628 779 3741 830 Διὰ

2141 870 2298 923 τοῦτο
2353 868 2525 934 οὕτως
2573 866 2694 923 εἷπε
2739 868 2977 940 Κύριος’
3028 868 3157 922 Ἰδοὺ
3198 867 3307 937 ἐγὼ
3351 868 3615 937 ἐφίστημι
3670 868 3740 920 τὸ

2144 961 2433 1032 πρόσωπόν
2466 979 2589 1031 μου,
2629 961 2724 1014 τοῦ
2767 960 3029 1014 ἀπολέσαι
3075 960 3285 1024 πάντας
3314 960 3440 1023 τοὺς
3469 959 3740 1012 καταλοί‹

2145 1067 2281 1115 πους
2327 1052 2457 1116 τοὺς
2502 1053 2559 1105 ὲν
2608 1052 2891 1123 Αἰγύπτῳ,
2927 1051 3022 1105 καὶ
3053 1052 3298 1104 πεσεῖται
3350 1051 3408 1103 ὲν
3454 1049 3735 1121 ῥομφαίᾳ,

2145 1143 2239 1195 καὶ
2268 1144 2326 1195 ἐν
2359 1142 2501 1213 λιμῷ
2531 1143 2872 1214 ἐκλείψουσιν
2910 1143 3019 1197 ἀπὸ
3066 1140 3263 1213 μικροῦ
3314 1141 3421 1204 ἓως
3460 1140 3734 1211 μεγάλου,

2145 1233 2241 1285 καὶ
2266 1232 2477 1286 ἔσονται
2508 1236 2588 1295 εἰς
2606 1233 2931 1303 ὀνειδισμὸν,
2958 1233 3055 1286 καὶ
3087 1233 3166 1296 εἰς
3191 1230 3486 1286 ἀπώλειαν.
3520 1229 3617 1282 καὶ
3649 1232 3736 1293 εἰς

2145 1322 2410 1392 κατάραν.
2457 1324 2564 1376 Καὶ
2598 1323 2965 1392 ἐπισκέψομαι
3006 1323 3097 1374 ἐπὶ
3127 1320 3255 1383 τοὺς
3292 1319 3639 1389 καθημένους
3675 1321 3737 1371 ὲν

2146 1418 2216 1486 γῇ
2248 1414 2527 1484 Αἰγύπτῳ.
2560 1414 2671 1468 Καὶ
2705 1415 2804 1468 οὐκ
2832 1413 2985 1467 ἔσται
3029 1413 3368 1484 σεσωσμένος
3402 1411 3579 1475 οὐδεὶς
3619 1410 3739 1464 τῶν

2146 1505 2441 1558 ἐπιλοίπων
2478 1506 2670 1567 Ἰούδα,
2694 1504 2802 1558 τῶν
2831 1506 3239 1576 παροικούντων
3267 1507 3323 1558 ὲν
3346 1507 3417 1575 γῇ
3440 1502 3736 1571 Αἰγύπτῳ,

2147 1594 2239 1647 τοῦ
2273 1593 2600 1664 ἐπιστρέψαι
2631 1595 2710 1658 είς
2744 1593 2847 1664 γῆν
2892 1594 3082 1662 Ἰούδα,
3134 1596 3216 1664 ἐφ’
3246 1595 3313 1665 ἢν
3365 1593 3517 1646 αὐτοὶ
3574 1591 3740 1644 ἐλπί-

2148 1684 2298 1749 ζουσι
2327 1687 2447 1746 ταῖς
2481 1683 2679 1755 ψυχαῖς
2722 1684 2901 1737 αὐτῶν
2954 1685 3048 1738 τοῦ
3096 1684 3422 1756 ἐπιστρέψαι
3462 1685 3602 1736 ἐκεῖ.
3658 1681 3737 1735 Οὐ

2153 1772 2227 1843 μὴ
2263 1772 2683 1844 ἐπιστρέψωσιν.
2729 1790 2748 1823 ι
2797 1772 3040 1837 Ἀκούεις
3074 1774 3156 1827 ὅτι
3185 1773 3646 1841 τετελευτήκασιν
3678 1770 3740 1822 ὲν

2152 1865 2433 1934 Αἰγύπτῳ,
2465 1864 2625 1916 κάκεῖ
2645 1867 2743 1934 τῆς
2767 1862 2917 1927 Θείας
2944 1864 3127 1926 αὐτοῖς
3150 1864 3319 1934 ὀργῆς
3353 1859 3738 1932 ἐπενηνεγμέ-

2155 1969 2288 2022 νης;
2318 1953 2484 2006 Ὅταν
2516 1954 2696 2007 τοίνυν
2715 1955 2815 2025 τὴν
2847 1957 2905 2007 ὲν
2935 1954 3192 2024 Αἰγύπτῳ
3221 1952 3594 2024 ταλαιπωρίαν
3632 1967 3743 2004 πα-

2154 2046 2521 2118 ραιτούμενοι,
2553 2047 2808 2120 καθάπερ
2843 2050 2921 2112 είς
2959 2049 3227 2118 ἐπίσημον
3271 2046 3422 2100 πόλιν
3452 2046 3744 2115 ἀφίκοιντο

2150 2138 2249 2209 τὴν
2280 2139 2521 2208 Μέμφιν,
2548 2138 2825 2202 ἐκδέξεται
2862 2139 2961 2210 μὲν
2987 2139 3205 2202 αὐτοὺς,
3229 2137 3369 2209 πλὴν
3399 2138 3456 2190 ἐν
3489 2134 3743 2206 Βὶαχμάς

2147 2227 2513 2298 τεθνήξονται.
2538 2227 2708 2281 Τοῦτο
2730 2229 2839 2301 γὰρ
2857 2230 2938 2295 τὸ,
2968 2250 2985 2280 ι
3014 2229 3185 2300 Θάψει
3202 2229 3399 2293 αὐτοὺς
3421 2228 3692 2297 Μαχμάς.
3716 2243 3736 2277 ι

2153 2319 2321 2372 Ὅταν
2356 2319 2536 2372 τοίνυν
2570 2318 2742 2391 διώκῃ
2768 2320 2922 2383 Θεὸς,
2967 2321 3143 2384 οὐδεὶς
3183 2319 3455 2374 ἀνασώσει
3486 2320 3578 2371 τὸν
3633 2335 3747 2372 κιν-

2150 2408 2460 2474 δυνεύοντα,
2480 2409 2595 2463 ἀλλ’
2627 2409 2864 2481 ἔνθαπερ
2886 2410 2952 2464 ἂν
2980 2410 3050 2463 τοι
3074 2429 3177 2474 τις,
3210 2412 3329 2464 ἐκεῖ
3357 2410 3744 2481 περιτεύξεται

2153 2498 2232 2570 τῷ
2261 2498 2438 2570 θυμῷ.
2472 2500 2584 2554 Καὶ
2619 2502 2777 2554 ταυτὶ
2814 2493 2913 2571 μὲν
2943 2501 3129 2564 αὐτοῖς
3154 2502 3212 2554 ὲν
3242 2500 3505 2572 Αἰγύπτῳ
3533 2501 3747 2571 συμϐή-

2157 2588 2345 2643 σεσθαι
2377 2589 2545 2658 λέγει.
2581 2590 2803 2664 Ἐπειδὴ
2841 2592 2898 2644 δὲ
2932 2593 3028 2645 καὶ
3075 2597 3186 2657 τοῖς
3244 2593 3303 2658 ἐξ
3344 2594 3472 2647 ίδίου
3504 2593 3744 2646 πλούτου

2154 2682 2521 2751 λελυπήκασι,
2561 2701 2580 2735 ι
2614 2683 2689 2736 Τὸ
2711 2683 2819 2755 γὰρ
2840 2683 3105 2755 ἀργύριον
3137 2686 3340 2752 αὐτῶν,
3386 2686 3481 2739 καὶ
3501 2684 3561 2737 τὸ
3606 2703 3747 2758 χρυ-

2158 2772 2274 2826 σίον
2304 2773 2568 2845 ἐποίησαν
2606 2776 2820 2838 ἑαυτοῖς
2865 2776 3080 2840 εἴδωλα,
3122 2796 3140 2829 ι
3189 2782 3343 2848 φησὶ,
3371 2776 3636 2848 ταύτῃτοι
3660 2775 3747 2828 δι-

2158 2865 2327 2929 καίως
2355 2865 2576 2938 ὄλεθρος
2599 2867 2761 2921 αὐτὸν
2783 2868 3205 2940 κληρονομήσει,
3231 2869 3499 2931 τουτέστι,
3531 2867 3749 2938 κλῆρος

474 2954 628 3009 ἔσται
680 2953 759 3024 τῷ
807 2956 1123 3026 ὀλοθρευτῇ.
1187 2956 1446 3026 Ὀλεθρον
1498 2958 1609 3027 γὰρ
1665 2955 1931 3009 ἀποκαλεῖ
1966 2954 2063 3009 τὸν
2096 2956 2405 3029 Ἀσσύριον,
2469 2958 2545 3022 ὡς
2582 2959 2788 3028 ἀγρίως
2817 2977 2898 3026 τε,
2962 2961 3056 3014 καὶ
3084 2962 3307 3029 ἀπηνῶς
3352 2960 3607 3029 ἀνελόντα
3648 2951 3754 3013 καὶ

477 3047 882 3120 μεμαχημένον.
926 3047 1313 3116 Ἀναφύσονται
1374 3049 1432 3102 δὲ
1458 3052 1551 3103 καὶ
1586 3068 1605 3100 ι
1648 3047 1934 3109 Ἀκανθαι,
1999 3048 2185 3119 φησὶν,
2214 3050 2274 3102 ὲν
2329 3052 2444 3111 τοῖς
2487 3050 2842 3122 σκηνώμασιν
2905 3051 3102 3106 αὐτῶν.
3140 3070 3158 3101 ι
3193 3051 3459 3123 Ἐρημίας
3494 3049 3601 3120 γὰρ
3647 3053 3740 3114 ei;

473 3138 633 3193 τοῦτο
657 3141 1064 3211 κατηντήκασιν
1092 3141 1148 3194 ai
1180 3140 1383 3208 πόλεις,
1408 3141 1482 3207 ὡς
1529 3140 1782 3196 ἀκανθῶν
1836 3139 2091 3210 γενέσθαι
2132 3140 2355 3212 μεστάς.
2385 3142 2620 3212 Σημεῖον
2674 3142 2730 3196 δὲ
2762 3143 2922 3196 τοῦτο
2952 3143 3055 3214 γῆς
3085 3141 3290 3195 ἀϐάτου
3322 3142 3416 3194 καὶ
3445 3157 3568 3210 κεχε
3581 3157 3731 3210 ρσω-
3758 3160 3771 3219 j

479 3231 667 3305 μένης.

548 3322 775 3390 Quando
790 3322 951 3393 igitur
966 3323 1124 3379 bonis
1140 3332 1231 3378 aut
1248 3324 1639 3393 corporalibus,
1659 3334 1750 3379 aut
1765 3323 2061 3395 spirituali-
2086 3329 2130 3387 c

476 3414 578 3471 bus
593 3431 622 3468 a
650 3414 759 3468 Deo
774 3416 1125 3484 suppeditatis
1142 3415 1409 3486 quispiam
1430 3431 1528 3471 uec
1549 3427 1717 3480 recte,
1730 3429 1829 3469 nec
1846 3415 1914 3469 ad
1937 3414 2056 3484 ejus

434 3486 439 3493 ’
478 3503 706 3574 gloriam
730 3503 919 3570 utitur,
957 3503 1084 3559 facit
1122 3517 1300 3557 autem
1329 3505 1466 3559 citra
1511 3504 1672 3557 ullam
1719 3503 2054 3571 religionem,

482 3590 680 3661 quibus
714 3607 836 3646 eum
860 3591 1135 3647 oﬂendere
1159 3600 1211 3645 et
1252 3591 1466 3647 irritare
1490 3593 1860 3658 convincatur,
1890 3592 2061 3646 abibit

481 3683 536 3738 in
564 3683 810 3751 exitium,
838 3685 1048 3753 eritque
1076 3685 1343 3754 peculium
1366 3685 1672 3754 diripientis
1720 3684 1957 3748 Satante,
2004 3693 2059 3738 et

482 3773 761 3841 spinarum
807 3774 1165 3842 domicilium,
1206 3776 1523 3830 immanium
1574 3775 1780 3831 scilicet
1836 3786 1891 3830 et
1934 3788 2057 3829 cum

487 3865 697 3919 ratione
744 3867 1097 3936 pugnantium
1140 3867 1518 3935 cupiditatum,
1564 3874 1622 3921 et
1661 3864 1870 3919 fructus
1904 3863 2061 3919 mites

489 3953 544 4007 in
578 3953 759 4007 animo
782 3969 880 4007 suo
904 3970 1006 4009 non
1041 3954 1276 4008 habebit.
1311 3953 1591 4022 Contiugit
1614 3954 1734 4018 hoc,
1763 3962 1819 4007 et
1842 3952 2058 4020 quidem

485 4043 754 4100 haereticis
784 4052 908 4100 ante
934 4060 1144 4109 omnes,
1173 4045 1266 4113 qui
1308 4058 1614 4100 sermonem
1652 4044 1815 4114 impie
1856 4045 1908 4098 itt
1949 4044 2060 4097 fra-

488 4136 661 4189 tribus
703 4137 1131 4204 corrumpendis,
1175 4136 1328 4207 131
1370 4145 1425 4191 et
1453 4134 1666 4190 inﬁrma
1702 4150 1889 4190 eorum
1930 4150 2063 4190 cou-

489 4228 717 4283 scientia
749 4228 1092 4296 percutienda
1130 4236 1478 4293 consumunt,
1529 4229 1776 4298 quamvis
1816 4228 2065 4283 Christus

488 4332 589 4388 pro
619 4318 771 4372 nobis
793 4330 1037 4372 mortuus
1066 4320 1157 4373 sit.

560 4406 724 4463 Vsus.
751 4408 802 4462 7.
850 4409 1110 4465 Venerunt
1142 4410 1251 4464 dies
1277 4410 1521 4473 ultionis,
1551 4418 1795 4464 venerunt
1822 4410 1934 4464 dies
1964 4410 2066 4463 tri-

490 4502 774 4557 bulationis
805 4514 930 4566 tum,
958 4510 1008 4556 et
1033 4501 1288 4572 aﬂligetur
1310 4500 1479 4555 Israel
1505 4501 1642 4555 sicut
1659 4503 1909 4571 prapheta
1932 4503 2067 4556 insa-

489 4593 655 4658 niens,
680 4591 834 4646 homo
862 4592 952 4660 qui
972 4590 1125 4645 habet
1151 4590 1415 4658 spiritum.

563 4767 751 4825 XCIX.
783 4766 1038 4824 Solebant
1060 4766 1316 4821 Israelita:
1346 4775 1654 4822 sanctorum
1679 4767 2065 4836 prophetarum

493 4876 772 4917 sermones
816 4860 1118 4928 repudiare,
1153 4872 1382 4928 quaeque
1424 4875 1456 4913 a
1491 4858 1601 4914 Deo
1650 4861 2066 4922 mandabantur,

494 4968 592 5022 pro
620 4953 790 5008 nihilo
817 4962 1028 5021 putare,
1068 4965 1378 5020 quanquam
1408 4951 1570 5005 toties
1597 4950 1703 5006 illis
1739 4950 1876 5005 mala
1907 4965 2069 5005 even-

495 5055 617 5101 tura
644 5045 1007 5114 prtedixisset.
1037 5042 1220 5112 itaque
1250 5041 1446 5097 alicubi
1477 5041 1790 5112 prophetam
1812 5042 2072 5097 Ezechie-

498 5137 606 5192 lem
647 5136 728 5191 sic
764 5134 1048 5206 compellat

496 5226 659 5281 Israel
683 5242 1041 5296 exasperans;
1071 5225 1314 5281 dicentes
1341 5223 1525 5279 dicunt
1550 5243 1564 5279 :
1601 5223 1747 5280 Visio
1778 5239 1941 5294 quam
1970 5225 2071 5280 iste

500 5315 666 5381 videt,
700 5315 754 5370 in
789 5317 904 5371 dies
936 5316 1151 5383 multos,
1182 5324 1236 5371 et
1268 5314 1322 5368 iu
1355 5324 1596 5384 tempora
1633 5314 1788 5385 longa
1815 5315 1916 5370 iste
1944 5328 2071 5384 pro-

500 5408 704 5478 pltetat.
727 5407 1016 5476 Propterea
1038 5410 1125 5465 die
1155 5411 1221 5464 ad
1252 5423 1347 5464 eos
1379 5426 1392 5463 :
1427 5406 1551 5461 Haec
1578 5407 1706 5463 dicit
1727 5407 1931 5463 Adouai
1971 5406 2071 5460 Do-

502 5496 682 5552 tuinus
713 5513 728 5549 :
756 5495 870 5549 Non
889 5498 1345 5566 prolongabuutur
1365 5497 1505 5553 ultra
1531 5498 1712 5553 omnia
1738 5497 1898 5552 verba
1929 5510 2068 5563 mea,

501 5598 837 5658 quacunque
872 5585 1079 5641 locutus
1116 5587 1287 5643 fuero.
1321 5587 1458 5654 Quia
1508 5586 1696 5657 loquar
1738 5586 1982 5650 verbum,
2017 5595 2072 5642 et

570 5754 609 5783 ’¹
650 5765 846 5824 lci-em.
883 5779 1026 5831 ιιιν,
1064 5764 1241 5819 ll-ll.
1321 5767 1364 5801 ⁵³
1394 5765 1526 5821 0.:cc
1563 5780 1677 5833 vut,
1702 5764 1752 5817 l.

2233 3315 2403 3370 Ὅταν
2435 3315 2613 3371 τοίνυν
2648 3318 2761 3381 τοῖς
2791 3317 2945 3388 παρά
2973 3315 3108 3370 Θεοῦ
3157 3316 3389 3370 δοθεῖσιν
3432 3315 3679 3383 ἀγαθοῖς,
3712 3319 3749 3388 ἢ

2158 3409 2512 3475 σωματικοῖς,
2545 3407 2578 3478 ἢ
2608 3410 2997 3476 πνευματικοῖς
3031 3408 3106 3479 μὴ
3130 3407 3194 3477 δὴ
3226 3407 3403 3478 χρῷτό
3432 3425 3516 3471 τις
3543 3408 3748 3475 ὀρθῶς,

2160 3496 2298 3566 μήτε
2331 3498 2436 3567 μὴν
2462 3497 2543 3560 είς
2564 3497 2722 3563 δόξαν
2760 3496 2949 3561 αὑτοῦ,
2978 3499 3209 3568 πράττοι
3239 3498 3296 3550 δὲ
3326 3499 3753 3569 ἀπερισκέπτως

2156 3586 2227 3639 τὰ
2249 3585 2319 3637 δι’
2353 3579 2428 3640 ὧν
2458 3587 2523 3641 ἂν
2550 3588 2905 3658 προσκρούοι,
2931 3589 3024 3640 καὶ
3046 3588 3320 3641 ἁλίσκοιτο
3335 3589 3542 3653 λυπῶν,
3562 3608 3755 3645 κατοι-

2158 3676 2388 3747 χήσεται
2420 3677 2519 3748 μὲν
2546 3679 2624 3742 εἰς
2647 3676 2889 3746 ὄλεθρον,
2915 3676 3068 3731 ἔσται
3094 3677 3151 3730 δὲ
3177 3677 3365 3749 κλῆσις
3388 3679 3482 3732 τοῦ
3508 3680 3773 3760 διαρπάί

2159 3766 2346 3830 ζοντος
2402 3768 2638 3832 Σατανᾶ,
2693 3768 2787 3821 καὶ
2836 3768 3079 3838 ἀκάνθης
3148 3768 3479 3840 ὲναύλισμα,
3533 3772 3755 3844 ἀγρίων

2159 3854 2426 3923 δηλονότι,
2444 3857 2539 3909 καὶ
2569 3856 2815 3909 ἐκτόπων
2847 3855 3155 3926 ἐπιθυμιῶν
3174 3869 3189 3883 ⁵
3230 3856 3326 3910 καὶ
3344 3860 3592 3927 καρποὺς
3609 3861 3754 3929 ἠμέ-

2164 3963 2291 4017 ρους
2315 3947 2411 4000 οὐκ
2440 3946 2505 4001 ἂν
2522 3946 2646 4018 ἔχοι
2672 3947 2811 4001 κατά
2840 3947 2931 4000 τὸν
2969 3946 3114 4001 νοῦν.
3151 3946 3383 4000 Πάθοιεν
3406 3949 3450 4000 δ’
3489 3948 3555 4003 ἂν
3586 3950 3751 4003 τοῦτο

2164 4039 2259 4092 καὶ
2282 4041 2386 4111 πρό
2409 4057 2473 4109 γε
2489 4042 2599 4095 τῶν
2620 4040 2794 4095 ἀλλων
2817 4040 3108 4111 αἱρετικοὶ,
3134 4041 3234 4111 τὴν
3256 4042 3350 4094 τοῦ
3375 4041 3536 4108 λόγου
3554 4044 3749 4113 χρείαν

2162 4130 2507 4195 δαπανῶντες
2549 4132 2824 4197 δυσσεϐῶς
2868 4135 2949 4198 είς
2995 4134 3056 4187 τὸ
3099 4133 3403 4205 παραλύειν
3448 4133 3749 4202 ἀδελφοὺς.

2166 4222 2259 4274 καὶ
2288 4221 2513 4276 τύπτειν
2535 4224 2713 4278 αὐτῶν
2740 4223 3073 4279 ἀσθενοῦσαν
3097 4225 3196 4295 τὴν
3223 4224 3547 4296 συνείδησιν,
3571 4226 3755 4278 καίτοι

2166 4314 2405 4385 Χριστοῦ
2433 4315 2701 4379 παθόντος
2737 4318 2877 4388 ὑπὲρ
2899 4319 2931 4387 ή
2941 4317 3077 4385 μῶν.

2241 4405 2507 4459 ’Ήκασιν
2539 4410 2599 4460 αἱ
2631 4408 2843 4476 ’ἡμέραι
2897 4407 3008 4476 τῆς
3060 4409 3462 4477 ἐκδικήσεως,
3524 4409 3755 4476 ἢκασιν

2164 4498 2226 4550 αἱ
2253 4498 2463 4565 ἡμέραι
2492 4496 2602 4564 τῆς
2626 4498 3085 4563 ἀνταποδόσεώς
3132 4514 3269 4561 σου,
3327 4500 3425 4551 καὶ
3478 4496 3749 4562 κακωθῆ-

2168 4598 2340 4637 σεται
2379 4585 2615 4652 Ἰσραὴλ
2653 4584 2856 4653 ὥσπερ
2908 4590 2941 4640 ό
2982 4587 3292 4654 προφήτης
3326 4590 3358 4639 ὀ
3386 4586 3753 4655 παρεξεστη-

2099 4681 2143 4736 D
2171 4677 2309 4742 κὼς,
2344 4676 2653 4744 ἄνθρωπος
2675 4680 2708 4730 ὁ
2733 4677 3239 4746 πνευματοφόρος.

2242 4766 2356 4833 non
2382 4766 2543 4831 Ἔθος
2567 4763 2636 4838 ἦν
2666 4770 2781 4831 τοῖς
2812 4768 2871 4833 ἐξ
2906 4770 3123 4840 Ἰσραὴλ
3147 4772 3273 4832 τοὺς
3298 4769 3403 4822 τῶν
3426 4768 3598 4837 ἁγίων
3619 4783 3751 4837 προ-

2173 4856 2363 4926 φητῶν
2397 4856 2751 4911 ἀποσείεσθαι
2785 4857 2999 4926 λόγους,
3061 4859 3152 4912 καὶ
3195 4858 3346 4911 οὐδὲν
3403 4857 3652 4927 ἡγεῖσθαι
3685 4853 3755 4908 τὰ

2175 4947 2327 5018 παρὰ
2353 4945 2514 5012 Θεοῦ,
2547 4949 2728 5002 καίτοι
2762 4949 3022 5013 πολλάκις
3052 4951 3132 5003 ὅτι
3171 4949 3364 5002 παθεῖν
3392 4950 3573 5011 αὐτοῖς
3613 4964 3752 5015 συμ-

2176 5036 2405 5107 6ήσεται
2438 5037 2508 5091 τὰ
2542 5038 2693 5092 δεινὰ
2742 5040 3254 5111 περιηγορευκότος
3301 5041 3393 5092 καὶ
3421 5038 3548 5106 γοῦν
3579 5039 3607 5090 6
3645 5036 3752 5088 τῶν

1103 5152 1117 5188 :
1161 5153 1179 5185 ι
1232 5132 1330 5188 Fili
1396 5132 1653 5196 hominis,
1713 5148 1839 5189 ecce
1881 5135 2055 5187 domus

2175 5132 2314 5186 ὅλων
2334 5132 2468 5195 Θεὸς
2488 5131 2925 5204 προσπεφώνηκέ
2959 5150 3060 5184 που
3094 5131 3170 5202 τῷ
3195 5132 3446 5202 προφήτῃ
3476 5126 3750 5197 Ἰεζεχιὴλ,

2168 5224 2364 5292 λέγων’
2404 5242 2423 5275 ι
2456 5223 2555 5277 Υἱὲ
2578 5222 2888 5294 ἀνθρώπου,
2925 5223 3033 5276 ἰδοὺ
3067 5223 3095 5274 ὁ
3149 5219 3295 5284 οἶκος
3337 5220 3550 5292 Ἰσραὴλ
3587 5221 3616 5272 ὁ
3647 5236 3751 5271 πα⁴

2175 5315 2569 5388 ραπικραίνων,
2600 5316 2847 5383 λέγοντες
2878 5315 3147 5382 λέγουσιν·
3185 5315 3247 5366 Ἡ
3284 5314 3469 5383 ὅρασις
3497 5312 3561 5381 ἢν
3591 5304 3750 5372 οὗτος

2170 5409 2294 5479 ὁρᾷ,
2331 5410 2410 5469 είς
2457 5406 2672 5480 ἡμέρας
2718 5407 2939 5470 πολλὰς,
2998 5407 3091 5459 καὶ
3124 5407 3205 5468 είς
3252 5404 3472 5474 καιροὺς
3507 5404 3751 5472 μακροὺς

2176 5492 2331 5563 οὗτος
2354 5499 2705 5571 προφητεύει.
2726 5501 2822 5553 Διά
2848 5498 3007 5553 τοῦτο
3036 5497 3188 5551 είπὺν
3213 5496 3348 5566 πρὸς
3369 5493 3586 5557 αὐτούς·
3616 5496 3749 5548 Τάδε

2173 5592 2324 5659 λέγει
2364 5592 2589 5647 Ἀδωναῖ
2640 5592 2840 5663 Κύριος
2878 5605 2891 5622 °
2933 5593 3009 5645 Οὐ
3073 5590 3145 5661 μὴ
3203 5586 3515 5660 μηκύνωσιν
3570 5586 3752 5640 οὐκέτι
