4034 6270
507 379 614 434 925

1525 378 1580 432 S.
1623 376 1894 433 CYRILLI
1934 376 2397 434 ALEXANDRINI
2435 375 2753 432 ARCHIEP.

3640 305 3774 424 εει-ι

502 507 566 544 ex
597 510 692 550 ore.
718 509 860 556 meo,
890 503 944 549 et
970 493 1260 549 minaberis
1305 494 1384 548 eis
1424 510 1453 548 a
1489 509 1574 550 me
1623 496 1690 550 ⁸⁷.
1729 516 1747 548 ι
1799 497 2068 554 Usitatum

2181 499 2378 571 Ξικούσῃ
2407 501 2470 551 ὲκ
2493 495 2759 567 στόματός
2791 510 2891 564 μου
2924 491 3103 559 λόγον,
3151 489 3247 542 καλ⁵
3295 487 3620 559 οιαπειλήσῃ
3647 489 3760 540 αὐ-’

509 586 650 638 enim
675 595 792 639 erat
819 585 900 638 his
924 585 1119 651 scopis,
1148 599 1248 636 non
1277 583 1447 638 solum
1469 585 1533 640 iis
1553 601 1690 654 quos
1714 586 2077 655 instituerent,

511 675 577 727 ad
612 675 1021 742 descriptionem
1053 685 1106 726 et
1135 673 1363 727 fortnam
1397 674 1632 743 virtutis,
1657 692 1759 730 una
1790 693 1910 731 cum
1946 677 2092 747 legi-,

510 765 607 818 btts
636 781 784 818 suam
815 765 1051 832 ipsorum
1086 765 1247 817 vitam
1281 780 1613 834 proponere,
1651 769 1743 822 sed
1789 769 1951 822 etiam
1979 784 2076 840 op-

511 855 636 908 tima
671 867 934 924 pnecepta
968 856 1198 921 tradere,
1222 865 1275 910 et
1307 857 1396 909 Dei
1428 857 1752 912 voluntatem
1797 859 1960 926 probe
1990 860 2076 912 in-

512 945 815 1012 terpretari.
863 944 1126 998 Czeterum
1173 945 1261 998 alii
1291 946 1507 1014 quidem
1551 949 1725 1017 scopis
1762 948 1916 1004 bonis
1945 950 2075 1004 sub-

503 1033 654 1103 jecti,
690 1036 951 1089 dit-cetum
995 1036 1094 1088 iter
1128 1034 1285 1089 olllcii
1329 1037 1666 1091 ambulantes
1699 1039 2072 1105 salvabantur;

509 1124 598 1176 alii
627 1123 804 1190 pravis
830 1132 884 1177 et
911 1124 1167 1190 improbis
1194 1123 1503 1178 hominibus
1535 1125 1836 1178 animorum
1855 1142 2073 1181 suorum

512 1223 782 1267 tuomenta
819 1215 1240 1277 committentes.
1281 1217 1541 1270 seducere
1581 1225 1632 1270 et
1667 1217 1849 1270 seduci
1894 1233 2076 1285 perse-

509 1304 786 1368 verabant,
823 1314 1000 1358 mente
1031 1306 1098 1358 ab
1119 1307 1263 1358 omni
1297 1321 1456 1374 opere
1498 1308 1640 1361 bono
1688 1317 1742 1362 et
1775 1311 2077 1379 cognitione

509 1406 632 1445 vera
669 1393 872 1447 inanes.
900 1392 1126 1461 Propter
1151 1394 1518 1464 hujuscemodi
1550 1396 1774 1452 tribules
1799 1397 2073 1466 prraim,

509 1483 623 1536 sive
648 1482 898 1536 lsraeleut
929 1494 983 1537 et
1018 1500 1158 1538 nunc
1205 1488 1454 1554 castigat.
1509 1505 1526 1537 ι
1577 1487 1771 1541 Factus
1804 1497 1886 1542 est
1930 1490 2075 1542 enim

509 1570 584 1624 illi
617 1587 829 1641 scopus,
861 1575 1053 1642 inquit,
1079 1589 1197 1627 cum
1237 1576 1345 1629 Deo
1375 1576 1685 1644 pr0pheta.»
1723 1577 1882 1644 Quasi
1914 1581 2075 1644 dicat,

512 1663 776 1731 cujusque
811 1664 902 1718 Dei
951 1664 1090 1729 falsi,
1136 1665 1300 1717 falsus
1332 1667 1609 1736 propheta.
1651 1669 1719 1722 Ut
1748 1669 1889 1721 enim
1915 1684 2078 1739 supra

510 1755 644 1820 dixi,
681 1754 736 1806 in
760 1754 1080 1823 multiplices
1101 1771 1315 1809 errores
1348 1758 1613 1824 dispertiti
1639 1758 1870 1813 fuerunt.
1909 1760 2075 1820 Etalii

2174 591 2286 651 τοῖς
2325 587 2455 657 παρ’
2494 585 2649 656 ἐμοῦ.
2684 604 2702 635 ι
2768 583 2930 645 Ἔθος
2986 581 3093 651 γάρ
3125 580 3301 632 τοῖσδε
3357 581 3597 640 σκοποῖς.
3629 579 3750 646 οὐχὶ

2179 680 2338 748 μόνον
2369 681 2480 740 τοῖς
2515 674 2921 744 παιδευομένοις
2967 672 3103 742 πρὸς
3132 669 3476 724 ὑποτύπωσιν
3507 669 3708 738 ἀρετῆς
3732 709 3758 730 ,.

2175 771 2292 840 ἦτοι
2322 768 2596 830 πολιτείας
2616 768 2710 820 σὺν
2727 767 2909 834 νόμοις
2929 764 3019 816 τὸν
3039 761 3245 816 ἑαυτῶν
3280 758 3586 828 προτιθέναι
3612 758 3747 826 βίον,

2175 857 2310 912 ἀλλά
2335 855 2444 926 γὰρ
2501 857 2595 908 καὶ
2643 852 2977 924 εἰσηγεῖσθαι
3021 851 3089 904 τά
3135 851 3399 921 χρήσιμα,
3455 849 3546 901 καὶ
3584 847 3643 898 τὸ
3672 849 3752 918 τῷ

2175 949 2294 1018 Θεῷ
2325 947 2514 1002 δοκοῦν
2567 944 2941 1017 διερμηνεύειν
2993 943 3184 1014 ὀρθῶς.
3230 942 3370 994 Ἀλλ’
3418 941 3468 993 οἱ
3518 940 3615 1010 μὲν
3646 941 3751 993 ὑπὸ

2179 1040 2415 1102 σκοποὺς
2463 1039 2613 1100 ὄντες
2657 1037 2915 1105 ἀγαθοὺς,
2971 1037 3090 1088 κατ’
3134 1035 3262 1086 εὐθὺ
3306 1035 3400 1085 τοῦ
3447 1033 3748 1103 πρέποντος

2179 1131 2368 1192 ἰόντες,
2391 1126 2671 1191 ἐσώζοντο·
2699 1128 2748 1180 οἱ
2773 1127 2829 1179 δὲ
2861 1126 3115 1195 πονηροῖς
3159 1123 3253 1176 καὶ
3281 1122 3502 1190 φαύλοις
3525 1123 3755 1194 ἀνδράσι

2175 1217 2272 1286 τῆς
2309 1215 2516 1268 ἑαυτῶν
2542 1214 2777 1276 διανοίας
2807 1213 3202 1284 προσνέμοντες
3237 1212 3335 1281 τὴν
3375 1211 3569 1282 ῥοπὴν,
3610 1213 3753 1264 πλαη

2176 1307 2374 1370 νῶντές
2415 1324 2496 1372 τε,
2544 1307 2638 1359 καὶ
2689 1304 3028 1374 πλανώμενοι
3074 1303 3358 1366 διετέλουν,
3391 1319 3486 1355 και.
3531 1303 3750 1370 ἀπάσης

2176 1395 2541 1466 ἀγαθουργίας
2599 1397 2692 1449 καὶ
2754 1394 3007 1462 γνώσεως
3073 1393 3306 1464 ἀληθοῦς
3389 1394 3749 1464 ἐξῳκισμένον

2177 1485 2387 1554 ἔχοντες
2411 1485 2500 1538 τὸν
2546 1485 2689 1538 νοῦν.
2725 1484 2878 1538 Οὕτω
2917 1483 3251 1546 πεπονθότας
3286 1484 3631 1536 καταιτιᾶται
3657 1484 3750 1534 καὶ

2177 1576 2269 1628 νῦν
2301 1577 2425 1638 τοὺς
2456 1577 2519 1627 ὲκ
2560 1575 2662 1643 τῆς
2709 1575 2880 1643 φυλῆς
2929 1573 3184 1644 Ἐφραῗμ,
3221 1575 3337 1643 ήτοι
3381 1573 3472 1626 τὸν
3511 1574 3745 1644 Ἰσραήλ.

2183 1685 2202 1717 ι
2233 1667 2428 1732 Γέγονε
2459 1665 2567 1734 γὰρ
2597 1665 2764 1734 αύτῷ,
2800 1665 2952 1734 φησὶ,
3011 1663 3211 1727 σκοπὸς
3244 1664 3384 1734 μετὰ
3433 1664 3569 1717 Θεοῦ
3618 1683 3752 1736 προ-

2179 1759 2373 1827 φήτης.
2403 1775 2419 1807 ι
2455 1757 2679 1821 Ὅμοιον
2699 1757 2775 1818 ὡς
2809 1757 2857 1808 εἱ
2879 1754 3049 1822 λέγοι,
3085 1754 3204 1808 καθ’
3229 1755 3456 1808 ἕκαστον
3486 1756 3594 1808 τῶν
3622 1756 3752 1824 ipsa-

509 1845 725 1911 quidem
756 1845 1058 1898 servierunt
1091 1846 1215 1899 Baal
1235 1887 1249 1910 ,
1286 1847 1373 1903 alii
1406 1846 1662 1911 Chamos,
1687 1850 1798 1904 sive
1822 1850 2078 1918 Beelpbe-

2182 1847 2442 1917 δωνύμων
2469 1846 2628 1909 θεῶν,
2660 1847 2754 1899 καὶ
2778 1846 3138 1916 ψευδόμαντις
3180 1846 3362 1908 ίδικός.
3404 1847 3490 1910 Ὡς
3513 1848 3622 1917 γὰρ
3651 1850 3753 1918 ήδη

508 1946 609 1999 gor
640 1933 833 2003 :133
870 1945 922 1987 et
957 1935 1006 1987 itt
1039 1936 1275 2004 quolibet
1303 1936 1426 1990 fano
1468 1937 1760 1990 formatum
1801 1947 1855 1991 et
1889 1955 2072 1992 manu-

512 2023 711 2076 factum
745 2025 1095 2080 simulacrum
1119 2027 1334 2095 aliquod
1393 2027 1702 2097 idolumque
1733 2029 2078 2096 cernebatur,

511 2115 596 2168 cui
636 2115 907 2171 assidebat
936 2119 1259 2187 assiduoth
1305 2121 1577 2174 serviebat
1615 2121 2077 2190 pseudopropheta

511 2209 777 2276 proprius,
817 2219 1041 2278 eratque
1085 2213 1222 2282 apud
1253 2226 1347 2266 eos
1398 2228 1566 2283 genus
1615 2214 1947 2268 vaticinandi
1990 2229 2080 2268 va-

511 2297 672 2350 rium.
720 2299 784 2351 Et
828 2303 1144 2356 eructabant
1188 2305 1570 2360 accedentibus
1608 2308 1749 2376 quod
1807 2308 2077 2374 volebant,

510 2387 627 2441 sine
659 2389 863 2442 ratione
911 2399 1164 2460 tauquam
1203 2396 1542 2450 conducibile
1589 2409 1644 2450 et
1693 2399 2076 2464 necessarium.

509 2477 771 2543 Quoniam
803 2479 960 2546 igitur
987 2480 1159 2535 factus
1175 2493 1257 2537 est
1285 2500 1481 2554 secpus
1509 2487 1791 2540 tribulibus
1826 2488 2077 2556 Ephraim

510 2584 632 2620 cum
661 2583 979 2638 unoquoque
1007 2571 1143 2625 falso
1173 2575 1273 2627 tleo
1303 2576 1464 2628 etiam
1509 2579 1765 2644 propheta
1809 2580 2077 2646 proprius,

510 2661 714 2714 idcirco
741 2673 922 2730 postea
959 2665 1025 2717 ad
1072 2665 1288 2732 quidvis
1337 2669 1705 2735 turpissimmn
1760 2670 2082 2739 impotenter

509 2764 570 2802 se
591 2752 872 2806 dederunt.
910 2752 1017 2808 lloc
1049 2756 1150 2810 illis
1185 2755 1386 2812 factum
1429 2769 1513 2813 est
1565 2778 1583 2811 t
1625 2769 1679 2813 et
1716 2760 1938 2829 laqueus
1971 2772 2082 2816 tor-

511 2850 718 2896 tuosns.
757 2863 775 2894 ›
799 2842 911 2896 Non
944 2847 1086 2899 enim
1115 2856 1364 2916 poterant
1399 2851 1577 2917 dirigi,
1601 2862 1654 2904 et
1683 2862 1826 2905 recta
1843 2868 2080 2921 unquam

509 2933 765 2988 incedere
793 2935 846 2987 in
894 2945 971 2989 tot
1007 2938 1228 2991 deorum
1287 2940 1486 2993 cultum
1540 2942 1798 3010 prolapsi.
1859 2955 1915 2996 ut
1957 2959 2079 2999 cum

509 3023 750 3090 quolibet
791 3025 889 3078 deo
933 3037 984 3079 et
1028 3029 1300 3096 preprium
1344 3032 1659 3100 prophetam
1709 3033 1988 3097 haberent,
2027 3046 2082 3089 et

513 3115 731 3182 insuper
751 3130 970 3182 scopum
1003 3119 1103 3171 sibi
1131 3118 1394 3184 facerent,
1428 3123 1515 3189 qui
1547 3138 1640 3177 eos
1675 3139 1702 3176 a
1729 3126 1927 3193 pietate
1953 3142 2077 3196 erga

511 3204 678 3258 Deum
707 3205 1029 3272 abducebat,
1067 3219 1117 3262 et
1149 3209 1199 3263 in
1231 3210 1439 3265 foveam
1474 3215 1789 3281 perditionis
1835 3217 2078 3284 praccipi-

511 3296 682 3351 tabat.
726 3295 975 3352 Volentes
1008 3301 1166 3369 igitur
1201 3303 1406 3371 legibus
1445 3307 1832 3360 convenienter
1880 3308 2077 3374 vivere,

511 3386 818 3442 auscultare
853 3390 1046 3444 debent
1091 3408 1193 3447 non
1236 3397 1549 3450 docentibus
1595 3398 1929 3466 simpliciter,
1984 3414 2081 3453 nec

510 3473 853 3544 loquentibus
879 3480 944 3533 de
975 3481 1135 3535 corde
1166 3499 1264 3538 suo
1305 3484 1373 3548 ⁸⁸,
1431 3485 1522 3540 sed
1561 3487 1758 3555 quibus
1803 3488 1983 3541 divina
2028 3499 2083 3542 et

511 3581 744 3635 superna
780 3571 949 3638 gratia
977 3573 1207 3628 sincera:
1251 3589 1376 3644 erga
1407 3575 1572 3630 Deum
1609 3578 1892 3631 charitatis
1927 3580 2080 3630 testi-

513 3659 750 3712 monium
795 3662 1024 3716 dederit.
1081 3663 1216 3719 Hinc
1264 3676 1318 3720 et
1359 3665 1656 3722 Chrisms:
1710 3686 1730 3719 ι
1786 3669 2079 3732 Attendite,

514 3749 706 3815 inquit.
744 3767 772 3804 a
798 3753 950 3806 falsis
981 3757 1282 3824 prophetis,
1318 3758 1408 3826 qui
1448 3761 1664 3814 veniunt
1693 3761 1758 3814 ad
1791 3775 1883 3814 vos
1911 3761 1960 3814 in
1991 3776 2081 3815 ve-

513 3839 782 3897 stimentis
819 3843 1022 3910 ovium,
1059 3848 1384 3906 intrinsecus
1417 3864 1593 3906 autem
1624 3863 1749 3907 sunt
1791 3853 1896 3921 lupi
1928 3869 2082 3922 rapa-

511 3943 603 3985 ces
633 3932 698 3984 ⁸⁹.
729 3950 750 3985 ι

579 4105 619 4159 Α
646 4107 953 4163 crudelibus
990 4119 1168 4165 autem
1219 4111 1348 4167 feris
1389 4127 1577 4182 parum
1617 4115 1928 4182 dist'repare
1973 4129 2078 4167 non

512 4193 646 4248 falso
675 4197 1002 4252 allirmamus
1045 4200 1330 4269 impiarum
1372 4203 1635 4256 hreresnm
1677 4204 1983 4258 inventores
2027 4212 2083 4258 et

512 4289 789 4348 patronos,
822 4285 912 4353 qui
941 4301 1038 4340 ore
1070 4289 1285 4343 diducto
1315 4291 1562 4344 lsraeletu
1609 4295 1891 4346 devorant.
1939 4296 2081 4360 Quo-

511 4371 798 4428 dammodo
842 4376 986 4430 enim
1040 4366 1368 4432 consumunt
1421 4383 1807 4452 simpliciorum
1845 4385 2076 4447 animas,

2183 1940 2460 2007 προεῖπον,
2498 1939 2577 2000 είς
2602 1936 2938 2007 πολύτροπον
2962 1936 3279 2009 ἐμερίζοντο
3303 1935 3530 2007 πλάνην.
3561 1939 3674 1990 Καὶ
3705 1939 3754 1990 οἱ

2184 2028 2280 2098 μὲν
2301 2026 2696 2098 λελατρεύκασι
2717 2026 2795 2094 τῷ
2813 2026 2983 2080 Βάαλ·
2999 2028 3046 2079 οἱ
3063 2027 3118 2080 δὲ
3141 2026 3218 2097 τῷ
3239 2027 3464 2096 Χαμὼς,
3483 2027 3651 2097 ἤγουν
3680 2025 3754 2096 τῷ

2181 2118 2514 2188 Βεελφεγώρ.
2544 2118 2650 2172 Καὶ
2683 2120 2738 2171 ὲν
2759 2119 2972 2186 ἑκάστῳ
3004 2119 3225 2188 τεμένει
3268 2117 3755 2187 πεπλαστούργητό

2178 2226 2233 2262 τι
2285 2209 2379 2261 καὶ
2419 2208 2776 2278 χειρόκμητωθ
2824 2208 3047 2278 ἄγαλμά
3102 2226 3160 2261 τε
3197 2209 3292 2262 καὶ⁹
3338 2207 3560 2279 βρέτας,
3589 2209 3684 2260 καὶ
3724 2209 3759 2260 ότ

2180 2296 2553 2368 προσεδρεύων
2576 2298 2790 2367 ἑκάστῳ
2820 2297 3268 2368 ψευδοπροφήτης
3308 2296 3491 2360 ίδικὸς,
3524 2299 3617 2351 καὶ
3636 2297 3752 2350 διά-

2181 2406 2343 2458 φορος
2371 2389 2498 2460 παρ’
2527 2389 2708 2452 αὐτοῖς
2745 2391 2773 2442 ό
2801 2389 2900 2458 τῆς
2925 2389 3183 2458 μαντείας
3213 2385 3278 2458 ἦν
3299 2388 3515 2459 τρόπος.
3560 2387 3758 2460 Ἦρεύ-

2180 2499 2336 2550 γοντο
2379 2481 2435 2534 δὲ
2479 2483 2590 2543 τοῖς
2627 2481 3083 2551 προσερχομένοις
3139 2481 3201 2532 τὸ
3245 2480 3434 2533 δοκοῦν
3467 2480 3647 2544 ἁπλῶς
3677 2480 3760 2545 ὡς

2181 2572 2447 2642 χρήσιμόν
2471 2590 2531 2624 τε
2591 2573 2682 2625 καὶ
2723 2573 3038 2633 ἀναγκαῖον.
3090 2553 3318 2626 Οὐκοῦν
3341 2573 3638 2642 ἐπειδήπερ
3661 2571 3754 2640 γέο

2181 2679 2303 2730 γονε
2343 2663 2538 2725 σκοπὸς
2567 2664 2674 2724 τοῖς
2709 2661 2767 2725 ἐξ
2800 2661 3036 2733 Ἐυραῖμ
3073 2663 3190 2732 μεθ’
3222 2663 3451 2716 ἑκάστου
3485 2661 3593 2714 τῶν
3620 2663 3764 2730 ψευ-’

2183 2753 2447 2824 δωνύμων
2482 2753 2638 2812 θεῶν,
2669 2755 2762 2807 καὶ
2785 2756 3068 2824 προφήτης
3095 2753 3276 2815 ἰδικὸς,
3295 2753 3548 2825 ταύτῃτοι
3569 2751 3758 2804 λοιπὸν

2184 2844 2318 2914 πρὸς
2346 2848 2450 2898 πᾶν
2491 2844 2664 2899 ὁτιοῦν
2691 2846 2796 2899 τῶν
2852 2846 3145 2914 αἰσχίστων
3175 2845 3417 2915 ἀσχέτως
3461 2842 3758 2897 ἀπονενεύα

2183 2953 2332 2989 κασι.
2371 2936 2541 2989 Τοῦτο
2586 2937 2810 3004 γέγονεν
2840 2936 2988 3005 αύτῷ
3024 2955 3042 2985 ι
3072 2935 3166 2988 καὶ
3195 2935 3357 3001 παγὶς
3383 2935 3590 2986 σκολία.
3624 2952 3642 2984 ι
3682 2933 3759 2985 Οὐ

2181 3030 2289 3100 γὰρ
2321 3027 2387 3100 ἦν
2411 3031 2860 3095 κατευθύνεσθαι,
2887 3031 2980 3082 καὶ
3002 3029 3176 3099 ὀρθῶς
3221 3027 3456 3095 βαδίζειν
3494 3022 3763 3077 δύνασθαί

2186 3139 2314 3174 ποτε
2347 3122 2472 3183 τοὺς
2505 3123 2583 3183 εἰς
2618 3121 2887 3188 τοσαύτην
2930 3117 3214 3172 πολυθεῖαν
3240 3113 3642 3180 ὼλισθηκότας,
3687 3113 3766 3175 ὡς

2183 3213 2280 3263 σὺν
2331 3211 2546 3281 ἑκάστῳ
2577 3210 2694 3280 Θεῷ
2738 3212 2832 3263 καὶ
2889 3213 3170 3279 προφήτην
3221 3205 3362 3274 ἔχειν
3418 3203 3614 3255 ἱδικόνο
3668 3207 3767 3259 καὶ

2184 3302 2432 3372 προσέτι,
2457 3301 2726 3355 ποιεῖσθαι
2757 3303 2976 3361 σκοπὸν,
3001 3298 3090 3350 τὸν
3113 3297 3210 3365 τῆς
3231 3297 3308 3358 εἰς
3323 3294 3454 3346 Θεὸν
3471 3293 3766 3358 εὐσεϐείας

2182 3393 2602 3462 ἀποκομίξοντα,
2623 3394 2714 3445 καὶ
2741 3394 2851 3454 τοῖς
2875 3391 2972 3458 τῆς
2994 3386 3263 3448 ἀπωλείας
3295 3385 3504 3438 ὲνιέντα
3526 3385 3616 3452 βόθ
3627 3402 3760 3455 ροις.

2182 3482 2516 3550 Προσεκτέον
2549 3482 2613 3551 δή
2642 3477 2734 3534 οὖν
2765 3484 2870 3543 τοῖς
2897 3479 3140 3532 ἐθέλουσι
3178 3476 3325 3546 βιοῦν
3349 3475 3608 3539 ἐννόμως,
3639 3474 3764 3544 οὐχ).

2181 3574 2291 3632 τοῖς
2322 3572 2664 3624 διδάσκουσιν
2713 3571 2920 3633 ἁπλῶς.
2981 3569 3103 3622 οὐδὲ
3138 3570 3252 3630 τοῖς
3283 3565 3503 3619 λαλοῦσι
3534 3565 3600 3618 τά
3652 3563 3764 3618 ἀπὸ

2181 3661 2407 3730 καρδίας
2436 3661 2634 3720 αὐτῶν,
2654 3661 2766 3713 ἀλλ’
2780 3655 2860 3722 οἷς
2880 3659 2946 3712 ἂν
2969 3660 3000 3729 ἠ
3023 3658 3142 3711 θεία
3166 3659 3257 3710 καὶ⁸
3285 3654 3490 3709 ἄνωθεν
3520 3657 3765 3724 ἐπιμαρο

2179 3759 2389 3821 τυρήσῃ
2413 3751 2570 3821 χάρις
2611 3751 2712 3820 τῆς
2750 3753 2828 3813 εἰς
2851 3750 2983 3802 Θεὸν
3014 3749 3234 3816 ἀγάπης
3263 3746 3323 3799 τὸ
3355 3745 3598 3814 γνήσιον.
3636 3745 3766 3797 Τοι-

2180 3843 2369 3912 γάρτοι
2396 3843 2488 3895 καὶ
2514 3845 2542 3895 ὁ
2573 3841 2828 3913 Χριστός·
2865 3860 2883 3892 ι
2922 3840 3247 3911 Προσέχετε,
3288 3836 3473 3907 φησὶν,
3507 3835 3614 3888 ἀπὸ
3653 3835 3766 3889 τῶν

2181 3932 2637 4004 ψευδοπροφητῶν
2655 3970 2668 3994 ,
2698 3932 2892 3993 οἵτινες
2915 3929 3164 4000 ἔρχονται
3197 3929 3332 3999 πρὸς
3357 3928 3498 3997 ὑμᾶς
3520 3927 3576 3978 έν
3607 3925 3762 3979 ὲνδύ-

2185 4041 2320 4095 μασι
2345 4024 2654 4095 προϐάτων,
2696 4021 2899 4075 ἔσωθεν
2918 4020 2975 4073 δέ
3009 4021 3115 4072 εἱσι
3144 4019 3296 4072 λύκοι
3327 4018 3594 4088 ἅρπαγες.
3628 4036 3649 4068 ι

2254 4113 2448 4184 Θηρῶν
2484 4112 2592 4182 γὰρ
2621 4111 2827 4180 ἀγρίων
2857 4109 3012 4177 ὀλίγα
3063 4108 3355 4176 διενεγκεῖν
3403 4123 3581 4176 φαμεν
3633 4108 3764 4176 ἀλη-

2183 4203 2450 4268 θεύοντες,
2485 4205 2611 4266 τοὺς
2639 4202 2746 4254 τῶν
2780 4201 3007 4254 ἀνοσίων
3062 4199 3325 4272 αἱρέσεων
3375 4196 3624 4268 εὑρετὰς,
3669 4199 3763 4252 καὶ

2183 4294 2604 4366 προεστηκότας,
2630 4295 2756 4356 τοὺς
2784 4291 3164 4352 κατεσθίοντας
3191 4290 3281 4342 τὸν
3310 4288 3525 4358 Ἰσραὴλ
3552 4290 3660 4358 ὅλῳ
3685 4289 3763 4358 τῷ

2185 4387 2431 4455 στόματι.
2468 4383 2757 4436 Δαπανῶσι
2789 4384 2896 4450 γὰρ
2930 4381 3119 4450 ὥσπερ
3152 4381 3250 4442 τὰς
3300 4379 3407 4433 τῶν
3460 4381 3763 4435 ἁπλουστέο

513 4462 737 4520 fallaciae
765 4465 1016 4524 dentibus
1040 4483 1134 4523 eos
1163 4470 1612 4526 comminuentes.
1657 4473 1872 4527 Dicatur
1899 4476 2078 4542 itaque

2186 4492 2294 4544 ρων
2319 4471 2518 4542 ψυχάς,
2561 4474 2672 4533 τοῖς
2727 4469 2825 4538 τῆς
2879 4470 3096 4539 ἀπάτης
3139 4469 3317 4529 διδοῦσι
3359 4467 3756 4538 συντρίϐοντες.

519 4555 723 4610 anobis
754 4558 958 4613 etiam:
996 4579 1014 4610 ι
1068 4561 1207 4616 Deus
1245 4573 1494 4618 conteret
1539 4562 1727 4618 dentes
1773 4579 1958 4618 eorum
2024 4567 2075 4616 itt

510 4661 604 4700 ore
631 4649 898 4718 ipsorum;
946 4651 1113 4706 molas
1139 4653 1350 4708 leonum
1385 4657 1651 4725 confregit
1686 4655 1965 4709 Dominus.
1996 4654 2075 4708 Ad

513 4740 738 4795 nihilum
776 4743 1082 4809 devenient,
1114 4753 1172 4799 ut
1198 4761 1335 4815 aqua
1371 4751 1687 4803 decurrens.
1728 4747 2080 4802 luteudetar—

513 4846 634 4886 cum
670 4849 824 4888 suum
849 4833 1020 4890 donec
1049 4835 1390 4892 iufirmentur
1419 4840 1484 4892 °°.
1531 4858 1548 4890 ι

586 5013 748 5068 Vens.
772 5013 826 5070 9.
859 5011 1126 5068 Insaniam
1156 5014 1211 5067 in
1254 5015 1409 5068 doma
1455 5015 1551 5070 Dei
1582 5015 1897 5084 deﬁxerant.
1947 5015 2075 5071 Cor-

516 5106 654 5171 rupti
685 5115 803 5159 sunt
830 5106 1111 5161 secundum
1137 5107 1246 5160 dies
1277 5107 1446 5162 collis.
1478 5107 1860 5162 Recordabitur
1887 5109 2084 5179 iniqui-

518 5194 642 5246 tatis
671 5212 870 5260 eorum,
903 5198 1183 5253 ulciscetur
1201 5195 1408 5263 peccata
1439 5216 1640 5254 eorum.

587 5283 694 5338 Cll.
725 5285 992 5342 Insaniam
1024 5300 1076 5344 et
1105 5289 1192 5344 hic
1224 5305 1374 5343 more
1399 5289 1558 5344 solito
1589 5289 1754 5345 falsas
1780 5289 2082 5359 pnedictio-

521 5390 617 5428 nes
643 5378 906 5443 nominat,
951 5382 1166 5435 domum
1197 5390 1373 5437 autem
1427 5383 1632 5436 Domini
1670 5381 1944 5437 lsraelent.
1997 5381 2084 5435 Di-

521 5475 667 5518 ctum
695 5476 775 5521 est
800 5469 958 5536 igitur
977 5475 1205 5540 quodam
1226 5475 1341 5529 loco
1365 5489 1458 5544 per
1475 5473 1762 5530 Jeretniatn
1782 5475 1846 5527 ad
1867 5473 2080 5528 Judazo-

519 5570 638 5610 rum
678 5554 1036 5628 Synagogam,
1079 5564 1224 5618 velut
1255 5580 1319 5619 ex
1384 5581 1612 5632 persona
1651 5566 1739 5621 Dei
1777 5583 1839 5619 ιι
1893 5562 2082 5618 Nonne

589 5735 634 5768 "
672 5732 867 5790 Ezech.
909 5749 992 5799 tu,
1034 5735 1119 5788 l7.
1198 5737 1243 5769 ”
1271 5738 1382 5794 Jer.
1409 5755 1563 5806 um,
1597 5740 1676 5794 l6.

1757 5742 1800 5772 ⁸⁸
1830 5739 2019 5795 Matth.
2053 5753 2146 5806 vn,
2179 5738 2260 5792 15.

2185 4563 2436 4634 Εἱρήσθω
2459 4563 2523 4631 δὴ
2561 4558 2654 4615 οὖν
2682 4563 2775 4615 καὶ
2805 4561 2940 4631 πρὸς
2972 4561 3150 4631 ήμῶν·
3186 4580 3204 4611 ι
3239 4561 3297 4613 '0
3315 4561 3446 4622 Θεὸς
3481 4559 3762 4628 συντρίψει

2185 4657 2310 4716 τοὺς
2335 4654 2547 4715 ὀδόντας
2577 4653 2756 4705 αὐτῶν
2785 4655 2840 4705 έν
2857 4653 2933 4722 τῷ
2967 4653 3192 4720 στόματι
3220 4650 3418 4712 αὐτῶν,
3456 4650 3554 4711 τάς
3587 4648 3760 4717 μύλας

2183 4744 2292 4796 τῶν
2322 4743 2551 4796 λεόντων
2606 4742 2926 4795 συνέθλασεν
2947 4745 2974 4795 ὁ
2999 4743 3222 4811 Κύριος.
3272 4739 3759 4810 Ἐξουδενωθήσον-

2184 4852 2272 4888 ται
2294 4835 2366 4897 ὡς
2396 4834 2537 4904 ὕδωρ
2557 4834 3028 4903 διαπορευόμενον.
3061 4834 3292 4886 Ἐντενεῖ
3319 4833 3376 4884 τὸ
3397 4830 3547 4896 τόξον
3570 4827 3754 4891 αὑτοῦ,

2183 4927 2289 4989 ἕως
2313 4921 2373 4978 οἶ)
2403 4925 2792 4994 ἀσθενήσωσιν.
2837 4943 2854 4975 ι

2247 5017 2482 5071 Μανίαν
2513 5017 2581 5068 ἐν
2614 5017 2758 5078 οἴκῳ
2795 5014 3022 5082 Κυρίου
3051 5013 3419 5080 κατέπηξαν.
3470 5007 3759 5078 Ἐφθάρη-

2180 5125 2302 5164 σαν
2356 5107 2506 5161 κατὰ
2570 5106 2793 5176 ἡμέρας
2856 5105 2962 5159 τοῦ
3017 5105 3275 5170 βουνοῦ.
3330 5101 3753 5167 [llr-nominetur

2178 5199 2412 5264 ἀδικίας
2439 5195 2656 5260 αὐτῶν,
2686 5195 2989 5262 ἐκδικήσει
3011 5197 3298 5264 ἁμαρτίας
3330 5191 3545 5247 αὐτῶν.

2259 5291 2380 5343 PB'.
2403 5288 2613 5342 Μανίαν
2645 5286 2873 5340 κάνθάδε
2905 5287 3147 5357 συνήθως
3172 5285 3302 5355 φησὶ
3339 5284 3436 5352 τὴν
3456 5281 3754 5350 ψευδομαν-

2187 5381 2358 5437 τείαν.
2394 5379 2598 5450 Κυρίου
2626 5377 2683 5430 δὲ
2734 5372 2879 5430 οἷκον
2907 5376 3161 5445 ὀνομάζει
3205 5375 3295 5426 τὸν
3362 5372 3598 5444 Ἰσραήλ.
3645 5368 3752 5424 Καὶ

2188 5470 2317 5540 γοῦν
2345 5471 2554 5542 εἴρηταί
2594 5486 2696 5522 που
2719 5468 2805 5522 διὰ
2844 5468 3027 5536 φωνῆς
3060 5465 3321 5536 Ἰερεμίου
3354 5463 3487 5532 πρὸς
3515 5463 3613 5532 τὴν
3645 5460 3752 5513 τιῖιν

2201 5562 2464 5618 Ἰουδαίων
2516 5557 2863 5628 Συναγωγὴν,
2888 5556 2962 5621 ὡς
3002 5559 3065 5610 έκ
3116 5553 3406 5626 προσώπου
3441 5553 3532 5607 τοῦ
3582 5549 3746 5605 Θεοῦ·

2341 5739 2382 5768 ⁸ο
2411 5736 2552 5792 Psal.
2584 5751 2710 5799 Lvu,
2733 5734 2782 5797 7,
2809 5733 2863 5789 8.
