4034 6270
272 408 366 463 2'25

1168 376 1714 462 communitis
1748 401 1813 458 IN
1853 402 2089 460 OSEAM
2128 405 2569 463 PROPHETAM.

3394 404 3499 461 2:6

285 543 309 577 ι
329 523 432 593 Οὐχ
457 522 532 586 ὡς
558 517 704 575 οῐκόν
727 536 797 590 με
824 521 1112 586 ὲκάλεσας,
1150 522 1242 575 καί
1289 524 1521 593 πατέρα,
1558 522 1653 589 καὶ
1697 521 1830 592 ἀρχ-

1940 530 1997 574 ιιι
2032 523 2247 575 domum
2287 537 2374 577 me
2401 521 2628 587 vocasti,
2665 528 2719 574 et
2753 528 2980 589 patrem,
3016 524 3069 572 et
3103 517 3296 571 ducem
3333 516 3496 587 virgi-

287 617 403 689 ηγὸν
444 614 541 683 τῆς
584 612 885 684 παρθενίας
918 630 1046 679 σου;
1078 633 1098 666 ι
1149 612 1597 684 Καταπλήττεται
1622 611 1687 683 δὴ
1732 608 1827 666 οὖν

288 709 366 778 τῆς
387 702 721 773 ἀποπληξίας
736 703 800 756 τὸ
821 702 1071 772 μέγεθος,
1090 703 1183 756 καὶ
1202 702 1311 755 τῶν
1330 703 1545 756 ἀτόπων
1575 704 1828 773 ἐγχειρη-

293 800 451 863 μάτων
480 797 581 868 τὴν
610 796 939 867 ὑπερϐολήν.
989 794 1315 865 Ἐληλάκασι
1350 793 1458 864 γὰρ
1508 794 1645 863 πρὸς
1672 793 1832 847 τοῦτο

284 888 444 940 λοιπὸν
475 885 842 955 ἀνοσιότητος.
879 886 1065 955 φησιν,
1103 884 1180 947 ὡς
1221 885 1416 955 μανίαν
1452 885 1511 937 ὲν
1543 882 1677 954 οἴκῳ
1714 885 1859 937 Κυο·

280 978 382 1049 ρίου
412 977 747 1048 καταπῆξαι,
793 977 1074 1038 τουτέστι,
1129 974 1579 1044 ψευδομαντείαν,
1625 975 1720 1028 καί
1760 974 1831 1029 τὰ

272 1072 375 1133 τοῖς
406 1068 573 1133 θείοις
606 1070 788 1141 νόμοις
816 1069 1245 1140 ἀπηγορευμένα
1278 1069 1640 1140 πλημμελεῖν.
1672 1065 1743 1124 Εὖ
1772 1069 1830 1122 δὲ

274 1156 328 1227 δὴ
380 1158 472 1210 καὶ
496 1159 559 1211 τὸ
610 1177 629 1209 ι
662 1156 978 1228 κατέπηξαν
1035 1176 1053 1209 ι
1109 1157 1262 1227 φησί.
1311 1154 1388 1212 Οὐ
1423 1158 1530 1230 γὰρ
1559 1158 1829 1213 πέπαυται

270 1247 522 1316 τολμηθὲν
546 1247 798 1312 εἰσάπαξ.
816 1248 931 1301 ἀλλ’
946 1249 1107 1302 οἱονεὶ
1125 1248 1338 1320 πέπηγε
1363 1250 1456 1302 καὶ
1474 1249 1826 1322 ὲνεϐοθρεύθη

270 1335 439 1392 λοιπὸν
469 1340 568 1408 τῆς
595 1340 914 1404 δυσσεϐείας
954 1340 1017 1393 τὸ
1064 1341 1272 1411 χρῆμα·
1303 1340 1364 1393 ού
1409 1341 1518 1412 γὰρ
1565 1340 1828 1412 κατέληξε

267 1427 644 1497 ψευδομάντεις
685 1430 825 1500 ἔχων
891 1431 986 1484 καὶ
1023 1429 1471 1502 ψευδοπροφήτας
1524 1432 1554 1484 6
1592 1429 1824 1502 Ἰσραήλ.

278 1519 487 1586 Ἐπειδὴ
543 1519 600 1572 δὲ
648 1520 716 1573 τὰ
763 1520 941 1574 τοιάδε
988 1520 1424 1590 τετολμήκασιν,
1477 1521 1702 1583 εἰκότως
1751 1515 1828 1574 ὧν

259 1610 489 1679 ἔδρασαν
554 1610 921 1680 ἐξαιτούμενοι
980 1609 1166 1675 δίκας,
1228 1628 1247 1661 ι
1293 1608 1637 1679 Ἐφθάρησαν
1688 1611 1828 1664 κατά

264 1703 358 1765 τάς
381 1701 597 1774 ἡμέρας
617 1703 712 1755 τοῦ
738 1702 944 1772 βουνοῦ.
965 1703 1317 1773 Μεμνήσεται
1344 1694 1451 1772 γάρ
1486 1705 1584 1773 τῆς
1617 1702 1828 1766 ἀδικίας

266 1790 469 1856 αὐτῶν,
494 1791 591 1842 καὶ
621 1789 894 1860 ἐκδικήσει
928 1790 1104 1852 πάσας
1143 1788 1241 1850 τάς
1273 1786 1547 1858 ἁμαρτίας
1567 1787 1765 1841 αὐτῶν.
1802 1805 1820 1839 ι

1932 612 2118 667 uitatis
2150 621 2255 667 tua:
2289 612 2371 665 "?
2405 630 2425 664 ›
2464 611 2830 681 Magnitudiue
2857 611 3016 681 igitur
3043 609 3290 664 amentia:
3320 617 3375 662 et
3407 622 3501 664 ne-

1931 703 2215 759 fandarum
2283 704 2622 759 molitiouum
2699 704 3079 772 exsuperantia
3144 700 3498 769 obstupescit.

1930 794 2212 865 Progressi
2247 803 2374 851 sunt
2416 796 2562 848 enim
2608 793 2745 863 jam,
2793 795 2988 864 inquit,
3022 809 3086 848 eo
3110 793 3418 863 impietatis.
3443 800 3504 845 ut

1930 886 2194 942 insaniam
2232 888 2283 939 in
2319 887 2479 940 domo
2527 885 2619 939 Dei
2667 886 2973 950 deﬁxerint,
3018 886 3119 939 hoc
3152 895 3255 949 est,
3300 882 3499 937 falsum

1930 978 2243 1033 vaticinium
2291 978 2708 1046 divinarumque
2740 975 2916 1044 legum
2949 976 3313 1031 violatiouem.
3363 976 3501 1043 Apte

1930 1081 2107 1125 autem
2138 1080 2189 1125 et
2223 1068 2351 1125 illud
2391 1071 2615 1134 dictum,
2668 1086 2687 1120 ι
2752 1069 3075 1121 delixeruut.
3124 1086 3143 1117 ι
3185 1066 3344 1139 134
3384 1066 3499 1121 Non

1930 1164 2072 1220 enim
2108 1164 2264 1218 desiit
2294 1164 2550 1217 audacter
2582 1171 2851 1231 patratum
2887 1158 3075 1221 semel,
3112 1161 3203 1213 sed
3234 1160 3500 1227 quodam-

1933 1258 2091 1311 modo
2128 1256 2231 1309 lixa
2281 1265 2365 1310 est
2424 1268 2480 1309 et
2523 1256 2577 1308 in
2629 1255 2876 1309 scrobem
2938 1236 3170 1321 impacta
3220 1251 3499 1319 impietas;

1929 1344 2054 1413 quia
2088 1361 2191 1397 non
2231 1346 2465 1398 cessavit
2511 1343 2681 1397 falsos
2720 1352 2870 1397 vates
2922 1351 2976 1396 et
3005 1340 3502 1411 pseudoprophetas

1930 1436 2131 1491 habere
2156 1436 2342 1491 Israel.
2379 1437 2515 1502 Quia
2550 1450 2678 1489 vero
2706 1436 2757 1488 in
2800 1434 2942 1489 hanc
2973 1434 3255 1488 audaciam
3306 1445 3501 1501 erupe-

1929 1535 2076 1589 runt,
2110 1526 2304 1578 merito
2334 1523 2595 1577 factorum
2626 1538 2816 1592 prensa
2843 1525 3042 1587 exacti,
3074 1540 3093 1574 t
3117 1522 3353 1590 corrupti
3377 1531 3505 1576 sunt

1928 1618 2219 1671 secundum
2255 1617 2370 1670 dies
2404 1617 2577 1670 collis.
2610 1617 3003 1671 Recordabitur
3031 1615 3175 1671 enitu
3203 1615 3503 1685 iniquitatis

1931 1707 2192 1775 ipsorum,
2222 1716 2274 1760 et
2308 1704 2592 1760 ulciscetur
2611 1706 2791 1759 omnia
2822 1715 3036 1774 peccata
3063 1721 3272 1759 eorum.
3298 1724 3317 1756 ι
3337 1705 3503 1773 Quid-
3596 1758 3605 1761 _

1932 1812 2054 1852 nam
2086 1808 2263 1852 autem
2296 1796 2389 1861 sit,
2425 1814 2445 1849 ι
2473 1797 2712 1867 corrupti
2743 1806 2868 1851 sunt
2902 1798 3196 1851 secundum
3232 1797 3346 1851 dies
3388 1795 3507 1851 col-

268 1880 378 1934 Καὶ
406 1880 462 1933 τί
500 1879 565 1950 δὴ
593 1878 753 1933 τοῦτό
804 1882 923 1934 ἐστι
968 1879 1051 1944 τὺ,
1108 1898 1127 1930 ι
1166 1879 1509 1949 Ἐφθάρησαν
1541 1878 1680 1932 κατά
1728 1878 1827 1942 τὰς

1934 1888 2017 1953 Iis,
2062 1906 2081 1939 ι
2121 1903 2239 1957 age,
2275 1891 2462 1956 paucis
2497 1901 2874 1958 suggeramus.
2920 1887 3193 1958 Scriptum
3220 1897 3304 1943 est
3341 1887 3505 1958 quid-

262 1969 479 2039 ἡμέρας
508 1969 601 2022 τοῦ
635 1968 844 2040 βουνοῦ,
872 1987 891 2022 ι
922 1970 1073 2042 φέρε,
1104 1968 1190 2023 διὰ
1220 1968 1467 2040 βραχέων
1497 1967 1826 2040 ὑπομνήσω-

268 2075 389 2127 μεν.
425 2060 732 2131 Γέγραπταί
763 2077 816 2114 τι
846 2060 1081 2115 τοιοῦτον
1102 2063 1158 2113 ὲν
1176 2063 1240 2133 τῇ
1270 2058 1436 2131 βίϐλῳ
1458 2060 1566 2114 τῶν
1587 2058 1824 2130 Κριτῶν,

260 2150 603 2219 ὲπιτομάδην
620 2150 676 2203 δὲ
707 2153 944 2215 ἅπασαν,
961 2152 1036 2215 ὡς
1058 2150 1154 2215 ενι,
1178 2152 1475 2222 ποιήσομαι
1494 2152 1593 2222 τὴν
1616 2151 1829 2222 ἀφήγη-

266 2254 372 2305 σιν,
434 2239 530 2291 καὶ
586 2239 930 2311 μακροτέραν
974 2236 1136 2294 οὖσαν
1191 2239 1450 2293 ωστελῶ.
1515 2258 1534 2292 ι
1586 2239 1677 2293 Ἐν
1707 2241 1829 2304 ταῖς

256 2330 498 2400 ἡμέραις
519 2330 771 2394 ἐκείναις,
797 2331 983 2401 φησὶν,
1010 2332 1110 2385 οὑκ
1130 2328 1196 2403 ῆν
1228 2331 1479 2401 βασιλεὺς
1500 2330 1559 2385 ὲν
1587 2330 1826 2402 Ἰσραὴλ,

259 2420 401 2491 ἀνὴρ
414 2421 476 2473 τὸ
490 2420 645 2484 εύθὲς
658 2423 715 2474 ὲν
736 2420 1032 2491 ὀφθαλμοῖς
1061 2422 1225 2476 αὐτοῦ
1246 2422 1439 2476 ἐποίει.
1454 2422 1565 2476 Καὶ
1593 2420 1828 2494 ἐγενήθη

258 2509 476 2567 νεανίας
497 2512 561 2562 ὲκ
584 2510 849 2582 Βηθλεὲμ,
867 2512 929 2583 δή
939 2528 1039 2582 μου
1069 2512 1259 2577 Ἰούδα,
1294 2513 1387 2567 καὶ
1405 2512 1565 2577 αὐτὸς
1575 2513 1826 2584 Λευίτης,

261 2605 358 2659 καὶ
387 2598 542 2667 οὗτος
576 2605 824 2677 παρῴκει
876 2609 1013 2660 εκεῖ.
1058 2606 1172 2661 Καὶ
1208 2606 1478 2679 ἰπορεύθη
1500 2608 1527 2659 6
1560 2607 1698 2677 ἀνὴρ
1722 2607 1832 2660 ἀπὸ

260 2693 510 2767 Βηθλεὲμ
560 2695 660 2767 τῆς
697 2697 905 2760 πόλεως
936 2696 1131 2762 Ἰούδα,
1187 2698 1523 2767 παροικῆσαι
1566 2699 1624 2750 ὲν
1675 2692 1720 2766 ᾧ
1766 2698 1833 2752 ἂν

257 2784 397 2857 εὕρῃ
420 2787 590 2855 τόπῳ.
623 2785 729 2838 Καὶ
774 2782 939 2856 ἦλθεν
972 2785 1076 2848 ἕως
1133 2785 1291 2857 Egon;
1324 2786 1587 2857 Ἐφραίμ,
1611 2789 1707 2841 καὶ
1730 2788 1834 2852 ἕως

254 2879 407 2932 ’δίκον
432 2877 693 2947 Μιχαίου,
728 2876 824 2930 τοῦ
882 2876 1107 2947 ποιῆσαι
1147 2877 1264 2931 ὁδὸν
1310 2878 1497 2932 αὐτοῦ.
1550 2880 1659 2933 Καὶ
1685 2875 1835 2934 εἶπεν

264 2969 412 3040 αύτῷ
434 2970 676 3039 Μιχαίας
700 2982 716 2997 ’
748 2966 920 3021 Πόθεν
958 2968 1124 3039 ἔρχῃ;
1166 2969 1276 3022 Καὶ
1328 2966 1449 3023 εἶπε
1512 2971 1647 3042 πρὸς
1678 2972 1836 3025 αὑτὸν

264 3062 532 3130 Λευῗτηςο
573 3057 713 3128 Ἐγώ
758 3061 873 3127 εἰμι
920 3058 1029 3112 ἀπὸ
1078 3060 1321 3130 Βηθλεὲμ
1368 3061 1555 3127 Ἰούδα,
1588 3062 1679 3116 καὶ
1727 3063 1837 3132 ἐγὼ

263 3152 571 3222 πορεύομαι
590 3151 918 3220 κατοικῆσαι
946 3153 1002 3205 έν
1027 3145 1071 3219 ᾧ
1098 3152 1163 3206 ἂν
1183 3151 1326 3221 εὕρω
1354 3152 1521 3223 τόπῳ.
1551 3154 1660 3207 Καὶ
1684 3149 1837 3207 εἶπεν

1927 1980 2071 2051 piam
2110 1977 2414 2047 huiusmodi
2455 1979 2507 2033 in
2535 1977 2677 2034 libro
2707 1978 2987 2046 Judicum;
3025 1989 3189 2034 totam
3234 1978 3504 2035 narratio-

1928 2086 2050 2126 nem
2074 2084 2235 2140 quam
2276 2079 2463 2138 petere
2510 2071 2831 2125 brevissime
2869 2070 3246 2139 perstringam,
3287 2079 3342 2124 et
3387 2068 3505 2124 iou-

1928 2160 2130 2230 giorem
2160 2159 2214 2214 in
2246 2174 2411 2230 pauca
2440 2158 2739 2214 conferam.
2782 2178 2800 2211 ι
2841 2161 2897 2214 In
2927 2160 3114 2215 diebus
3146 2161 3276 2223 iiiis,
3307 2160 3504 2229 inquit,

1930 2265 2035 2305 non
2067 2258 2185 2305 erat
2213 2264 2306 2304 rex
2342 2251 2394 2305 in
2425 2250 2609 2316 Israel,
2638 2260 2690 2305 et
2715 2252 2943 2321 quisque
2968 2252 3109 2321 quod
3150 2260 3355 2305 rectum
3384 2261 3506 2305 erat

1930 2340 1984 2393 in
2015 2339 2187 2394 oculis
2218 2339 2350 2404 suis,
2400 2339 2647 2395 faciebat.
2698 2339 2764 2394 Et
2796 2340 2896 2394 fuit
2931 2338 3140 2408 juvenis
3185 2340 3237 2393 iu
3288 2339 3509 2395 Bethle-

1930 2429 2074 2495 hem,
2103 2430 2276 2485 tribus
2305 2430 2462 2494 Juda,
2492 2438 2545 2486 et
2586 2432 2701 2500 ipse
2739 2430 2972 2496 Levites,
3010 2439 3063 2485 et
3097 2431 3185 2485 hic
3230 2431 3509 2488 habitabat

1932 2521 2027 2575 ibi.
2067 2519 2132 2574 Et
2166 2522 2297 2577 abiit
2324 2522 2409 2576 vir
2440 2522 2529 2577 ille
2562 2538 2590 2576 a
2637 2521 2950 2577 Bethlehem
2991 2522 3209 2577 civitate
3244 2522 3376 2577 Juda
3412 2525 3510 2577 ha-

1932 2612 2106 2666 bitare
2137 2613 2188 2666 in
2220 2611 2337 2667 loco
2363 2627 2525 2681 quem
2570 2612 2887 2674 invenisset.
2932 2623 2986 2668 et
3032 2614 3181 2669 venit
3224 2629 3396 2682 usque
3441 2614 3509 2668 ad

1935 2713 2171 2759 montem
2207 2703 2483 2771 Ephraim,
2518 2712 2573 2758 et
2604 2718 2773 2772 usque
2803 2705 2869 2757 ad
2915 2705 3133 2758 domum
3188 2703 3401 2768 Mit-Itaz,
3451 2714 3511 2757 ut

1935 2792 2141 2848 faceret
2169 2794 2272 2849 iter
2305 2808 2486 2847 suum.
2520 2793 2586 2848 Et
2623 2795 2758 2850 dixit
2784 2796 2831 2849 ei
2871 2794 3044 2849 Micba
3072 2813 3085 2849 :
3122 2793 3277 2848 Unde
3324 2795 3513 2849 venis?

1934 2881 2003 2937 Et
2038 2884 2313 2954 respondit
2338 2883 2554 2938 Levites
2592 2901 2605 2938 :
2642 2883 2752 2949 Ego
2774 2898 2895 2938 sum
2921 2887 2985 2939 de
3019 2883 3328 2938 Bcthlehcm
3350 2881 3510 2949 Juda,

1936 2985 1990 3028 et
2010 2989 2109 3041 ego
2131 2975 2269 3029 vado
2296 2975 2544 3030 habitare
2565 2974 2617 3028 in
2641 2975 2759 3029 loco
2780 2991 2939 3046 quem
2976 2977 3253 3031 invenero.
3293 2975 3358 3029 Et
3378 2976 3515 3029 dixit

1937 3067 1985 3121 ei
2018 3066 2193 3121 Micba
2228 3086 2241 3121 :
2282 3066 2425 3122 Sede
2453 3082 2685 3132 tuecum,
2721 3078 2774 3121 et
2799 3078 2917 3123 esto
2950 3067 3080 3121 mihi
3111 3068 3161 3120 iu
3206 3075 3434 3135 patrem.
3458 3075 3514 3120 et

1942 3160 1995 3213 in
2020 3159 2381 3223 sacerdotem,
2411 3167 2466 3213 et
2487 3173 2589 3230 ego
2619 3160 2757 3215 dabo
2782 3160 2875 3213 tibi
2910 3161 3095 3216 decem
3135 3170 3421 3228 argenteos
3457 3158 3514 3213 in

264 3245 418 3314 αύτῷ
456 3244 694 3313 Μιχαίας
715 3259 731 3274 ·
763 3242 948 3296 Κάθου
982 3245 1098 3313 μετ’
1124 3242 1283 3313 ἐμοῦ,
1328 3244 1423 3296 καὶ
1450 3247 1599 3312 γίνου
1631 3262 1720 3315 μοι
1758 3247 1833 3308 εἰς

1943 3252 2108 3314 diem,
2139 3261 2190 3306 et
2221 3251 2411 3306 stolam
2445 3252 2699 3313 vestium,
2736 3262 2789 3304 et
2825 3254 2957 3321 qua!
2996 3251 3062 3306 ad
3116 3251 3312 3305 victum
3363 3262 3513 3304 tuum

267 3336 486 3406 πατέρα
514 3335 608 3387 καὶ
632 3335 710 3396 εἰς
738 3335 909 3405 ἱερέα·
947 3334 1042 3386 καὶ
1068 3332 1179 3401 ἐγὼ
1205 3331 1362 3385 δώσω
1392 3348 1473 3386 σοι
1516 3332 1649 3389 δέκα
1668 3335 1840 3407 ἀργυ-

271 3424 422 3495 ρίους
449 3424 528 3484 εἰς
566 3422 798 3491 ἡμέραν,
826 3422 920 3474 καὶ
960 3421 1151 3492 στολὴν
1188 3420 1441 3491 ἱματίων,
1471 3421 1565 3474 καί
1589 3421 1659 3475 τά
1705 3422 1840 3493 πρὸς

262 3514 421 3585 ζωήν
476 3530 589 3566 σου.
646 3514 754 3567 Καὶ
803 3512 1074 3583 ἐπορεύθη
1123 3514 1152 3565 6
1204 3514 1457 3583 Λευῖτης,
1507 3515 1599 3568 καί
1642 3514 1842 3586 ήρξατο

273 3605 563 3674 παροικεῖν
605 3602 757 3672 παρὰ
800 3601 879 3672 τῷ
927 3600 1100 3673 ἀνδρί.
1159 3603 1268 3657 Καὶ
1311 3603 1543 3676 ἐγενήθη
1574 3607 1602 3658 6
1627 3605 1841 3670 νεανίας

264 3694 400 3764 παρ’
423 3692 572 3762 αύτῷ
602 3692 677 3755 ὠς
729 3687 810 3755 εἷς
841 3691 949 3746 ἀπὸ
992 3692 1123 3746 υἱῶν
1174 3692 1362 3747 αὐτοῦ.
1422 3694 1529 3749 Καὶ
1559 3696 1841 3768 ἐπλήρωσε

272 3784 513 3854 Μιχαίας
543 3783 643 3854 τὴν
678 3785 835 3855 χεῖρα
876 3781 970 3836 τοῦ
1019 3784 1268 3851 Λευΐτου,
1292 3784 1386 3838 καί
1434 3786 1667 3858 ἐγενήθη
1692 3787 1842 3858 αύτῷ

266 3877 350 3939 εἰς
376 3875 547 3945 ἱερέα,
584 3875 680 3927 καὶ
706 3874 924 3941 ἐγένετο
952 3874 1009 3926 ὲν
1034 3874 1169 3945 οἴκῳ
1191 3875 1448 3945 Μιχαίου.
1495 3897 1513 3929 ι
1545 3876 1842 3932 Εἰδωλολά-

266 3966 539 4037 τρηςσμὲν
563 3960 657 4019 οὖν
685 3967 713 4018 6
757 3964 1016 4034 Μιχαίας,
1049 3966 1444 4036 κατεμισθοῦτό
1476 3984 1541 4036 γε
1598 3968 1704 4039 μὴν
1750 3969 1843 4022 τὸν

270 4057 335 4121 ἐξ
353 4057 584 4127 αἵματος
608 4056 705 4110 τοῦ
718 4058 870 4120 Acut,
894 4058 986 4111 καὶ
1008 4057 1347 4130 θεραπευτὴν
1369 4060 1541 4113 ἐποίει
1577 4059 1840 4127 γλυπτοῦ,

1941 3342 2229 3412 pertinent.
2253 3342 2321 3396 Et
2355 3341 2489 3395 abiit
2518 3339 2756 3405 Levites,
2783 3353 2837 3396 et
2863 3344 3061 3413 incepit
3098 3342 3344 3398 habitare
3372 3340 3513 3409 apud

1940 3422 2134 3488 virum.
2159 3433 2225 3487 Et
2254 3432 2356 3487 fuit
2383 3433 2701 3488 adolescens
2727 3433 2867 3502 apud
2891 3434 3063 3500 illum,
3095 3442 3154 3489 nt
3179 3449 3317 3487 unus
3352 3431 3420 3486 de
3454 3432 3516 3485 ii-

1941 3522 2029 3578 liis
2063 3521 2200 3589 ejus.
2241 3523 2301 3577 Et
2332 3522 2780 3593 implevit'Micha
2817 3539 3036 3577 manum
3066 3520 3291 3587 Levitte,
3316 3531 3372 3574 et
3416 3520 3518 3575 fuit

1940 3615 1989 3668 ei
2015 3613 2068 3669 in
2098 3614 2456 3677 sacerdotem,
2487 3624 2541 3667 et
2573 3612 2673 3666 fuit
2701 3614 2753 3666 in
2787 3614 2945 3667 dumo
2974 3612 3158 3666 Michte
3191 3613 3255 3666 °'.
3288 3630 3307 3663 ι
3344 3612 3518 3665 idolo-

1943 3702 2078 3757 iatra
2129 3703 2292 3772 igitur
2334 3702 2434 3756 fuit
2467 3701 2695 3766 Michas,
2754 3703 3006 3757 mercede
3057 3702 3407 3757 nihilominus
3450 3703 3519 3757 de

1943 3795 2206 3862 sanguine
2234 3792 2362 3847 Levi
2414 3803 2766 3863 propagatum
2822 3794 3099 3857 conduxit,
3152 3804 3208 3848 et
3254 3793 3515 3849 cultorem

1944 3885 2074 3941 fecit
2114 3885 2396 3953 sculptilis,
2433 3885 2812 3956 idolorumque
2854 3884 3043 3941 usibus
3071 3900 3193 3940 eum
3226 3885 3514 3940 dedicavit.

1944 3975 2082 4043 Quid
2116 3974 2338 4044 postea?
2359 3974 2557 4029 Narrat
2591 3991 2803 4030 rursum
2824 3973 3099 4043 Scriptura
3123 3990 3274 4030 sacra
3296 3975 3348 4029 in
3373 3974 3519 4029 hunc

1945 4072 2159 4123 modum
2191 4085 2204 4121 :
2240 4068 2337 4122 «Et
2364 4067 2416 4120 iu
2447 4067 2636 4123 diebus
2666 4068 2773 4122 illis
2791 4068 2963 4121 tribus
2986 4065 3094 4121 Dan
3116 4068 3391 4135 quaerebat
3412 4067 3515 4119 sibi

276 4149 368 4201 καὶ
398 4150 519 4212 ταῖς
549 4147 658 4201 τῶν
688 4148 922 4201 εἰδώλων
951 4147 1190 4202 ἀνετέθει
1217 4150 1448 4220 χρείαις.
1500 4151 1608 4203 Καὶ
1634 4151 1685 4203 τί
1708 4152 1833 4220 μετὰ

1934 4159 2339 4228 possessionem
2372 4159 2441 4211 ad
2471 4157 2847 4221 habitandum,
2891 4157 3144 4224 quoniam
3180 4172 3283 4209 non
3324 4156 3520 4210 cecidit

268 4237 432 4292 τοῦτο
483 4238 737 4307 γενέσθαι
795 4237 1173 4310 συμϐέϐηκεν;
1235 4241 1381 4310 Ἔφη
1443 4240 1607 4294 πάλιν
1653 4241 1748 4295 ὡδὶ
1784 4245 1833 4296 τί

1945 4249 2216 4316 illiusque
2245 4248 2310 4299 ad
2345 4247 2484 4301 diem
2526 4246 2676 4300 illutn
2721 4247 2775 4300 in
2832 4246 3009 4299 medio
3065 4246 3298 4300 tribuum
3354 4244 3518 4301 Israel

274 4328 516 4400 Γραμμα
569 4329 631 4381 τὸ
663 4329 826 4398 ἱερόν
868 4347 886 4379 ι
911 4331 1017 4382 Καὶ
1035 4333 1092 4384 ὲν
1122 4333 1244 4394 ταῖς
1271 4331 1508 4402 ἡμέραις
1544 4333 1776 4396 ἐκείναις
1809 4338 1833 4405 ἡ

1946 4338 2239 4408 possessio.
2270 4336 2474 4391 Deinde
2503 4335 2739 4405 quinque
2782 4335 3002 4391 delectis
3044 4345 3103 4390 ut
3154 4337 3520 4405 praecederent

277 4421 417 4493 φυλὴ
443 4420 551 4474 Δάν
582 4421 764 4491 ἐζήτει
793 4422 929 4492 αὐτῇ
961 4421 1327 4493 κληρονομίαν
1351 4421 1445 4475 τοῦ
1488 4424 1833 4494 κατοικῆσαι,

1947 4435 2349 4497 persuaserunt,
2376 4435 2431 4481 et
2471 4425 2815 4495 explorarent
2859 4434 3076 4490 terram,
3120 4441 3281 4496 quam
3313 4427 3522 4494 possint

268 4512 357 4564 ὅτι
396 4512 497 4564 οὑκ
547 4512 805 4563 ἐνέπεσεν
849 4512 987 4581 αὐτῇ
1021 4512 1126 4574 ἕως
1169 4514 1269 4582 τῆς
1298 4513 1510 4584 ἡμέρας
1539 4515 1752 4586 ἐκείνης
1787 4518 1833 4570 ἐι

1947 4535 2230 4589 occupare,
2261 4534 2314 4575 et
2347 4520 2399 4574 iu
2444 4529 2645 4575 sortem
2680 4533 2830 4574 suam
2874 4529 3210 4572 convertere.
3244 4516 3320 4570 Illi
3355 4532 3517 4571 vene-

276 4601 427 4671 μέσῳ
457 4600 635 4668 φυλῶν
682 4601 896 4672 Ἰσραὴλ
949 4602 1299 4672 κληρονομία.
1345 4601 1474 4657 Εἶτα
1506 4605 1665 4658 πέντε
1693 4608 1833 4672 τινὰς

1954 4623 2073 4667 runt
2105 4627 2272 4682 usque
2311 4614 2377 4667 ad
2407 4622 2642 4667 montem
2673 4611 2950 4675 Ephraim,
2985 4610 3036 4664 iu
3064 4611 3278 4665 domum
3312 4607 3520 4671 Micha‘,

276 4688 675 4758 ἐπιλεξάμενοι,
706 4691 1048 4762 προϐαδίζειν
1110 4693 1317 4746 ἑαυτῶν
1348 4697 1719 4763 ἀναπείθουσι,
1751 4700 1833 4752 καί

1946 4716 2000 4760 et
2031 4705 2412 4774 requieverunt
2437 4703 2530 4768 ibi,
2560 4709 2614 4756 et
2640 4702 2879 4757 Levitam
2900 4709 2956 4753 ut
2980 4708 3265 4770 cognatum
3291 4714 3522 4767 agnove-

280 4784 675 4852 κατερευνῆσαι
729 4783 827 4853 τὴν
853 4784 958 4852 γῆν
1002 4784 1070 4854 ἢν
1119 4784 1185 4838 ἂν
1237 4785 1480 4840 δύναιντο
1508 4788 1715 4854 λαϐεῖν,
1748 4788 1833 4842 καί

1949 4807 2093 4857 runt,
2123 4796 2262 4864 quod
2296 4810 2481 4849 eorum
2514 4793 2689 4861 lingua
2730 4801 2985 4847 uteretur.
3022 4790 3261 4845 Hebraeis
3293 4788 3433 4842 enim
3465 4798 3523 4841 ut

276 4867 475 4919 οἰκεῖον
501 4868 774 4920 ποιεῖσθαι
801 4869 1021 4940 κλῆρον.
1053 4873 1117 4924 Oi
1143 4872 1199 4926 δὲ
1224 4873 1502 4943 ἀφίκοντο,
1536 4878 1719 4948 φησὶν,
1738 4877 1833 4940 ἕως

1945 4885 2205 4941 Hebraeus
2258 4886 2595 4954 loquebatur.
2656 4882 2962 4938 Percomati
3001 4882 3162 4949 igitur
3195 4894 3434 4941 causam,
3471 4888 3525 4933 et

277 4958 436 5027 ὅρους
474 4960 730 5031 Ἐφραῗμ,
765 4962 869 5027 ἓως
895 4966 1045 5018 οἴκου
1091 4967 1347 5035 Μιχαίου,
1383 4968 1477 5022 καὶ
1511 4969 1833 5041 ηὐλίσθησαν

1943 4977 2159 5046 cognito
2189 4977 2455 5044 quomodo
2491 4992 2554 5027 ex
2601 4975 2738 5027 tribu
2773 4973 2896 5028 Levi
2918 4983 3105 5037 natus,
3133 4988 3159 5024 a
3191 4970 3360 5023 Micha
3391 4984 3522 5023 con-

280 5052 412 5116 ἐκεῖ,
449 5053 543 5105 καί.
570 5054 662 5107 τὸν
680 5055 913 5126 Λευῖτην
951 5058 1421 5127 ἐπιγινώσκουσιν,
1444 5062 1518 5126 ὡς
1573 5063 1805 5133 ὁμογενῆ

1953 5068 2146 5120 ductus
2174 5076 2336 5130 esset,
2368 5077 2418 5119 et
2454 5067 2521 5120 ab
2546 5081 2610 5120 co
2643 5065 2921 5119 sacriﬁcus
2974 5062 3232 5115 idolorum
3272 5060 3388 5129 ejus
3438 5060 3522 5113 itt-

281 5141 366 5196 διά
389 5160 471 5195 τοι
507 5144 570 5197 τὸ
599 5144 813 5216 γλώττῃ
845 5148 1082 5218 χρῆσθαι
1111 5153 1178 5221 τῇ
1207 5155 1327 5206 κατ’
1353 5155 1542 5224 αύτῆςο
1581 5153 1833 5225 Ἑϐραίοις

1955 5157 2195 5218 stitutus,
2240 5171 2361 5209 cum
2393 5154 2642 5208 miserari
2694 5164 2750 5206 ut
2787 5155 3078 5220 captivum,
3115 5158 3171 5205 et
3219 5151 3520 5220 deceptum,

283 5231 388 5301 γὰρ
430 5229 604 5297 οὖσιν,
652 5234 728 5297 ὡς
769 5234 1020 5305 Ἑϐραῖος
1084 5238 1282 5294 ἐλάλει.
1345 5240 1624 5310 Ἐρόμενοι
1659 5240 1716 5293 δὲ
1752 5240 1833 5310 τῆς

1958 5256 2012 5300 et
2044 5260 2292 5301 erronem
2337 5246 2610 5309 deberent,
2665 5244 2821 5314 135
2873 5241 3157 5297 confestim
3210 5241 3262 5295 iu
3311 5242 3524 5295 eosdem

285 5323 479 5388 αἰτίαν,
506 5324 601 5377 καί
630 5325 1024 5396 ἀναμαθόντες,
1083 5329 1232 5394 ὅπως
1284 5335 1347 5385 ὲκ
1378 5333 1549 5403 φυλῆς
1570 5333 1697 5386 ὄντα
1720 5336 1833 5386 Λευ·

1959 5335 2293 5404 deceptiouis
2327 5335 2546 5403 laqueos
2602 5336 2925 5396 inciderunt,
2982 5341 3032 5385 et
3087 5346 3207 5385 eum
3251 5346 3316 5385 ex
3371 5332 3527 5386 idolis

286 5431 411 5468 κατε
421 5417 680 5487 μισθοῦτο
713 5419 810 5488 μὲν
830 5420 859 5472 6
889 5420 1150 5489 Μιχαίας,
1208 5423 1487 5494 ἰερουργδν
1508 5424 1564 5476 δὲ
1597 5424 1704 5479 τῶν
1724 5427 1833 5479 ὲαυ⁴

1960 5426 2296 5480 sciscitatum
2335 5425 2434 5479 sibi
2471 5425 2675 5479 referre
2703 5421 3058 5489 postularunt,
3092 5421 3135 5475 si
3171 5423 3251 5476 eis
3298 5438 3362 5476 ex
3407 5438 3531 5477 seu-

285 5506 378 5559 τοῦ
417 5510 835 5580 κεχειροτόνηκε
870 5512 1262 5593 σεϐασμάτων,
1325 5514 1653 5585 συναλγῆσαι
1701 5517 1817 5570 δέον

1964 5519 2127 5571 tentia
2171 5526 2407 5585 emptum
2451 5525 2591 5569 esset
2647 5528 3042 5584 processurum,
3096 5526 3154 5569 ut
3200 5516 3527 5575 obtinerent,

287 5597 361 5662 ὡς
407 5600 775 5672 αἰχμαλώτῳ,
824 5605 918 5657 καὶ
963 5605 1321 5675 ἢπατημένῳ,
1364 5608 1453 5658 καὶ
1502 5608 1812 5678 ἀλητεύοντι

1962 5612 2201 5680 inquam,
2237 5607 2528 5678 regionem,
2555 5622 2716 5676 quam
2750 5604 3085 5675 exploratum
3105 5606 3413 5663 veniebant.
3441 5603 3529 5656 lite

363 5778 403 5811 ⁶¹
434 5775 545 5833 Jer.
575 5795 656 5847 ιιι,
688 5779 739 5835 4.
819 5781 862 5814 ⁶²
888 5780 1065 5836 Judic.
1103 5796 1233 5847 χιιι,
1266 5783 1420 5838 6-15.
