  <div class='ocr_page' id='page_1' title='image "/cluster/home/n/w/nwhite01/storage/ocr_20150623/71/mdp.39015078384461/119.png"; bbox 0 0 4034 6270; ppageno 0'>
   <div class='ocr_carea' id='block_1_1' title="bbox 544 344 639 397">
    <p class='ocr_par' dir='ltr' id='par_1_1' title="bbox 544 344 639 397">
     <span class='ocr_line' id='line_1_1' title="bbox 544 344 639 397; baseline 0 0"><span class='ocrx_word' id='word_1_1' title='bbox 544 344 639 397; x_wconf 63' lang='lat'><strong>227</strong></span> 
     </span>
    </p>
   </div>
   <div class='ocr_carea' id='block_1_2' title="bbox 1556 330 2803 399">
    <p class='ocr_par' dir='ltr' id='par_1_2' title="bbox 1556 330 2803 399">
     <span class='ocr_line' id='line_1_2' title="bbox 1556 330 2803 399; baseline -0.005 -6"><span class='ocrx_word' id='word_1_2' title='bbox 1556 338 1617 399; x_wconf 77' lang='lat' dir='ltr'><strong>S,</strong></span> <span class='ocrx_word' id='word_1_3' title='bbox 1660 338 1934 393; x_wconf 67' lang='lat' dir='ltr'><strong>CYl‘tlLLl</strong></span> <span class='ocrx_word' id='word_1_4' title='bbox 1976 331 2448 391; x_wconf 77' lang='lat' dir='ltr'><strong>ALEXANDRlNl</strong></span> <span class='ocrx_word' id='word_1_5' title='bbox 2485 330 2803 388; x_wconf 64' lang='lat' dir='ltr'><strong>AllClilEP.</strong></span> 
     </span>
    </p>
   </div>
   <div class='ocr_carea' id='block_1_3' title="bbox 3685 331 3791 386">
    <p class='ocr_par' dir='ltr' id='par_1_3' title="bbox 3685 331 3791 386">
     <span class='ocr_line' id='line_1_3' title="bbox 3685 331 3791 386; baseline 0 -1"><span class='ocrx_word' id='word_1_6' title='bbox 3685 331 3791 386; x_wconf 65' lang='lat'><strong>$28</strong></span> 
     </span>
    </p>
   </div>
   <div class='ocr_carea' id='block_1_4' title="bbox 538 446 2111 529">
    <p class='ocr_par' dir='ltr' id='par_1_4' title="bbox 538 453 2111 529">
     <span class='ocr_line' id='line_1_4' title="bbox 538 453 2111 529; baseline -0.002 -16"><span class='ocrx_word' id='word_1_7' title='bbox 538 458 678 529; x_wconf 84' lang='lat' dir='ltr'><strong>quod</strong></span> <span class='ocrx_word' id='word_1_8' title='bbox 710 456 946 522; x_wconf 89' lang='lat' dir='ltr'><strong>lubcbat,</strong></span> <span class='ocrx_word' id='word_1_9' title='bbox 971 462 1223 524; x_wconf 88' lang='lat' dir='ltr'><strong>tanquam</strong></span> <span class='ocrx_word' id='word_1_10' title='bbox 1253 468 1281 506; x_wconf 91' lang='lat' dir='ltr'><strong>a</strong></span> <span class='ocrx_word' id='word_1_11' title='bbox 1330 453 1436 507; x_wconf 87' lang='lat' dir='ltr'><strong>Deo</strong></span> <span class='ocrx_word' id='word_1_12' title='bbox 1480 470 1796 525; x_wconf 73' lang='lat' dir='ltr'><strong>responsum</strong></span> <span class='ocrx_word' id='word_1_13' title='bbox 1824 455 2111 512; x_wconf 88' lang='lat' dir='ltr'><strong>referebat.</strong></span> 
     </span>
    </p>
   </div>
   <div class='ocr_carea' id='block_1_5' title="bbox 2212 446 3793 529">
    <p class='ocr_par' dir='ltr' id='par_1_5' title="bbox 2227 446 3793 519">
     <span class='ocr_line' id='line_1_5' title="bbox 2227 446 3793 519; baseline -0.001 -16"><span class='ocrx_word' id='word_1_14' title='bbox 2227 448 2665 518; x_wconf 81' lang='grc' dir='ltr'>συγκατώλισθον</span> <span class='ocrx_word' id='word_1_15' title='bbox 2695 447 2858 512; x_wconf 68' lang='grc' dir='ltr'>εὐθὺς</span> <span class='ocrx_word' id='word_1_16' title='bbox 2885 449 2964 511; x_wconf 84' lang='grc' dir='ltr'>εὶς</span> <span class='ocrx_word' id='word_1_17' title='bbox 2993 448 3117 504; x_wconf 75' lang='grc' dir='ltr'>τοὺς</span> <span class='ocrx_word' id='word_1_18' title='bbox 3139 449 3233 518; x_wconf 84' lang='grc' dir='ltr'><strong>τῆς</strong></span> <span class='ocrx_word' id='word_1_19' title='bbox 3263 448 3479 519; x_wconf 81' lang='grc' dir='ltr'><strong>ἀπάτης</strong></span> <span class='ocrx_word' id='word_1_20' title='bbox 3525 446 3752 519; x_wconf 83' lang='grc' dir='ltr'><strong>βρόχους</strong></span> <span class='ocrx_word' id='word_1_21' title='bbox 3773 487 3793 515; x_wconf 90' lang='grc'><strong>,</strong></span> 
     </span>
    </p>
   </div>
   <div class='ocr_carea' id='block_1_6' title="bbox 540 544 2117 617">
    <p class='ocr_par' dir='ltr' id='par_1_6' title="bbox 540 544 2117 617">
     <span class='ocr_line' id='line_1_6' title="bbox 540 544 2117 617; baseline 0.001 -13"><span class='ocrx_word' id='word_1_22' title='bbox 540 548 895 604; x_wconf 74' lang='lat' dir='ltr'><strong>Considerata</strong></span> <span class='ocrx_word' id='word_1_23' title='bbox 944 546 1111 616; x_wconf 83' lang='lat' dir='ltr'><strong>igitur</strong></span> <span class='ocrx_word' id='word_1_24' title='bbox 1142 553 1307 611; x_wconf 83' lang='lat' dir='ltr'><strong>terra,</strong></span> <span class='ocrx_word' id='word_1_25' title='bbox 1341 544 1498 611; x_wconf 81' lang='lat' dir='ltr'><strong>legali</strong></span> <span class='ocrx_word' id='word_1_26' title='bbox 1540 549 1921 603; x_wconf 89' lang='lat' dir='ltr'><strong>renuntiarunt</strong></span> <span class='ocrx_word' id='word_1_27' title='bbox 1952 550 2037 617; x_wconf 90' lang='lat' dir='ltr'><strong>iis,</strong></span> <span class='ocrx_word' id='word_1_28' title='bbox 2087 567 2117 605; x_wconf 83' lang='lat' dir='ltr'><strong>a</strong></span> 
     </span>
    </p>
   </div>
   <div class='ocr_carea' id='block_1_7' title="bbox 541 637 2120 711">
    <p class='ocr_par' dir='ltr' id='par_1_7' title="bbox 541 637 2120 711">
     <span class='ocr_line' id='line_1_7' title="bbox 541 637 2120 711; baseline 0.003 -17"><span class='ocrx_word' id='word_1_29' title='bbox 541 642 738 711; x_wconf 84' lang='lat' dir='ltr'><strong>quibus</strong></span> <span class='ocrx_word' id='word_1_30' title='bbox 767 639 918 693; x_wconf 87' lang='lat' dir='ltr'><strong>missi</strong></span> <span class='ocrx_word' id='word_1_31' title='bbox 957 646 1132 702; x_wconf 91' lang='lat' dir='ltr'><strong>erant,</strong></span> <span class='ocrx_word' id='word_1_32' title='bbox 1166 637 1362 692; x_wconf 84' lang='lat' dir='ltr'><strong>bonam</strong></span> <span class='ocrx_word' id='word_1_33' title='bbox 1395 646 1449 693; x_wconf 88' lang='lat' dir='ltr'><strong>et</strong></span> <span class='ocrx_word' id='word_1_34' title='bbox 1477 638 1728 708; x_wconf 89' lang='lat' dir='ltr'><strong>pinguem</strong></span> <span class='ocrx_word' id='word_1_35' title='bbox 1751 654 1895 708; x_wconf 89' lang='lat' dir='ltr'><strong>esse,</strong></span> <span class='ocrx_word' id='word_1_36' title='bbox 1926 656 2025 697; x_wconf 90' lang='lat' dir='ltr'><strong>nec</strong></span> <span class='ocrx_word' id='word_1_37' title='bbox 2043 642 2120 698; x_wconf 89' lang='lat' dir='ltr'><strong>ci-</strong></span> 
     </span>
    </p>
   </div>
   <div class='ocr_carea' id='block_1_8' title="bbox 540 729 2119 799">
    <p class='ocr_par' dir='ltr' id='par_1_8' title="bbox 540 729 2119 799">
     <span class='ocr_line' id='line_1_8' title="bbox 540 729 2119 799; baseline 0.002 -14"><span class='ocrx_word' id='word_1_38' title='bbox 540 743 620 785; x_wconf 91' lang='lat' dir='ltr'><strong>tra</strong></span> <span class='ocrx_word' id='word_1_39' title='bbox 652 731 903 786; x_wconf 87' lang='lat' dir='ltr'><strong>sudorem</strong></span> <span class='ocrx_word' id='word_1_40' title='bbox 939 743 1098 797; x_wconf 86' lang='lat' dir='ltr'><strong>posse</strong></span> <span class='ocrx_word' id='word_1_41' title='bbox 1133 729 1303 798; x_wconf 86' lang='lat' dir='ltr'><strong>redigi</strong></span> <span class='ocrx_word' id='word_1_42' title='bbox 1344 729 1396 783; x_wconf 91' lang='lat' dir='ltr'><strong>in</strong></span> <span class='ocrx_word' id='word_1_43' title='bbox 1429 738 1764 799; x_wconf 85' lang='lat' dir='ltr'><strong>potestatem.</strong></span> <span class='ocrx_word' id='word_1_44' title='bbox 1797 730 1893 787; x_wconf 87' lang='lat' dir='ltr'><strong>His</strong></span> <span class='ocrx_word' id='word_1_45' title='bbox 1914 746 2119 789; x_wconf 87' lang='lat' dir='ltr'><strong>sermo-</strong></span> 
     </span>
    </p>
   </div>
   <div class='ocr_carea' id='block_1_9' title="bbox 536 819 2119 901">
    <p class='ocr_par' dir='ltr' id='par_1_9' title="bbox 536 819 2119 901">
     <span class='ocr_line' id='line_1_9' title="bbox 536 819 2119 901; baseline 0.003 -26"><span class='ocrx_word' id='word_1_46' title='bbox 536 822 696 876; x_wconf 87' lang='lat' dir='ltr'><strong>nibus</strong></span> <span class='ocrx_word' id='word_1_47' title='bbox 742 821 967 885; x_wconf 81' lang='lat' dir='ltr'><strong>auditis,</strong></span> <span class='ocrx_word' id='word_1_48' title='bbox 1017 820 1242 875; x_wconf 84' lang='lat' dir='ltr'><strong>tribules</strong></span> <span class='ocrx_word' id='word_1_49' title='bbox 1287 819 1427 885; x_wconf 89' lang='lat' dir='ltr'><strong>Dan,</strong></span> <span class='ocrx_word' id='word_1_50' title='bbox 1463 822 1704 877; x_wconf 82' lang='lat' dir='ltr'><strong>sexcenti</strong></span> <span class='ocrx_word' id='word_1_51' title='bbox 1752 838 1999 901; x_wconf 83' lang='lat' dir='ltr'><strong>numero,</strong></span> <span class='ocrx_word' id='word_1_52' title='bbox 2030 840 2119 880; x_wconf 89' lang='lat' dir='ltr'><strong>ar-</strong></span> 
     </span>
    </p>
   </div>
   <div class='ocr_carea' id='block_1_10' title="bbox 538 910 2118 985">
    <p class='ocr_par' dir='ltr' id='par_1_10' title="bbox 538 910 2118 985">
     <span class='ocr_line' id='line_1_10' title="bbox 538 910 2118 985; baseline 0.003 -20"><span class='ocrx_word' id='word_1_53' title='bbox 538 913 667 967; x_wconf 89' lang='lat' dir='ltr'><strong>mati</strong></span> <span class='ocrx_word' id='word_1_54' title='bbox 703 914 1084 969; x_wconf 88' lang='lat' dir='ltr'><strong>ascenderunt.</strong></span> <span class='ocrx_word' id='word_1_55' title='bbox 1115 910 1395 968; x_wconf 79' lang='lat' dir='ltr'><strong>Venerunt</strong></span> <span class='ocrx_word' id='word_1_56' title='bbox 1437 922 1614 968; x_wconf 91' lang='lat' dir='ltr'><strong>autem</strong></span> <span class='ocrx_word' id='word_1_57' title='bbox 1662 923 1716 969; x_wconf 90' lang='lat' dir='ltr'><strong>et</strong></span> <span class='ocrx_word' id='word_1_58' title='bbox 1754 916 1856 985; x_wconf 91' lang='lat' dir='ltr'><strong>ipsi</strong></span> <span class='ocrx_word' id='word_1_59' title='bbox 1892 916 1943 970; x_wconf 91' lang='lat' dir='ltr'><strong>in</strong></span> <span class='ocrx_word' id='word_1_60' title='bbox 1976 917 2118 971; x_wconf 72' lang='lat' dir='ltr'><strong>mdes</strong></span> 
     </span>
    </p>
   </div>
   <div class='ocr_carea' id='block_1_11' title="bbox 537 1003 2121 1075">
    <p class='ocr_par' dir='ltr' id='par_1_11' title="bbox 537 1003 2121 1075">
     <span class='ocr_line' id='line_1_11' title="bbox 537 1003 2121 1075; baseline 0.004 -20"><span class='ocrx_word' id='word_1_61' title='bbox 537 1003 753 1058; x_wconf 72' lang='lat' dir='ltr'><strong>Michze.</strong></span> <span class='ocrx_word' id='word_1_62' title='bbox 790 1003 855 1056; x_wconf 87' lang='lat' dir='ltr'><strong>Et</strong></span> <span class='ocrx_word' id='word_1_63' title='bbox 904 1003 1334 1071; x_wconf 89' lang='lat' dir='ltr'><strong>responderunt,</strong></span> <span class='ocrx_word' id='word_1_64' title='bbox 1380 1004 1586 1073; x_wconf 88' lang='lat' dir='ltr'><strong>inquit,</strong></span> <span class='ocrx_word' id='word_1_65' title='bbox 1639 1004 1712 1058; x_wconf 87' lang='lat' dir='ltr'><strong>illi</strong></span> <span class='ocrx_word' id='word_1_66' title='bbox 1751 1008 1988 1075; x_wconf 85' lang='lat' dir='ltr'><strong>quinque</strong></span> <span class='ocrx_word' id='word_1_67' title='bbox 2015 1006 2121 1061; x_wconf 91' lang='lat' dir='ltr'><strong>viri</strong></span> 
     </span>
    </p>
   </div>
   <div class='ocr_carea' id='block_1_12' title="bbox 533 1094 2119 1162">
    <p class='ocr_par' dir='ltr' id='par_1_12' title="bbox 533 1094 2119 1162">
     <span class='ocr_line' id='line_1_12' title="bbox 533 1094 2119 1162; baseline 0.003 -17"><span class='ocrx_word' id='word_1_68' title='bbox 533 1095 625 1162; x_wconf 89' lang='lat' dir='ltr'><strong>qui</strong></span> <span class='ocrx_word' id='word_1_69' title='bbox 661 1096 906 1148; x_wconf 86' lang='lat' dir='ltr'><strong>abierant</strong></span> <span class='ocrx_word' id='word_1_70' title='bbox 929 1094 1333 1149; x_wconf 88' lang='lat' dir='ltr'><strong>consideratum</strong></span> <span class='ocrx_word' id='word_1_71' title='bbox 1369 1104 1564 1149; x_wconf 91' lang='lat' dir='ltr'><strong>terram</strong></span> <span class='ocrx_word' id='word_1_72' title='bbox 1585 1096 1762 1158; x_wconf 84' lang='lat' dir='ltr'><strong>Laisa,</strong></span> <span class='ocrx_word' id='word_1_73' title='bbox 1787 1108 1841 1150; x_wconf 92' lang='lat' dir='ltr'><strong>et</strong></span> <span class='ocrx_word' id='word_1_74' title='bbox 1865 1096 2119 1150; x_wconf 75' lang='lat' dir='ltr'><strong>dixerunt</strong></span> 
     </span>
    </p>
   </div>
   <div class='ocr_carea' id='block_1_13' title="bbox 533 1182 2114 1254">
    <p class='ocr_par' dir='ltr' id='par_1_13' title="bbox 533 1182 2114 1254">
     <span class='ocr_line' id='line_1_13' title="bbox 533 1182 2114 1254; baseline 0 -17"><span class='ocrx_word' id='word_1_75' title='bbox 533 1183 792 1237; x_wconf 90' lang='lat' dir='ltr'><strong>fratribus</strong></span> <span class='ocrx_word' id='word_1_76' title='bbox 817 1185 931 1238; x_wconf 91' lang='lat' dir='ltr'><strong>suis</strong></span> <span class='ocrx_word' id='word_1_77' title='bbox 960 1199 975 1237; x_wconf 92' lang='lat'><strong>:</strong></span> <span class='ocrx_word' id='word_1_78' title='bbox 1009 1182 1220 1237; x_wconf 83' lang='lat' dir='ltr'><strong>Scitote</strong></span> <span class='ocrx_word' id='word_1_79' title='bbox 1246 1187 1387 1253; x_wconf 88' lang='lat' dir='ltr'><strong>quod</strong></span> <span class='ocrx_word' id='word_1_80' title='bbox 1416 1186 1467 1238; x_wconf 92' lang='lat' dir='ltr'><strong>in</strong></span> <span class='ocrx_word' id='word_1_81' title='bbox 1496 1186 1653 1239; x_wconf 86' lang='lat' dir='ltr'><strong>domo</strong></span> <span class='ocrx_word' id='word_1_82' title='bbox 1684 1188 1782 1238; x_wconf 89' lang='lat' dir='ltr'><strong>ista</strong></span> <span class='ocrx_word' id='word_1_83' title='bbox 1800 1197 1881 1239; x_wconf 91' lang='lat' dir='ltr'><strong>est</strong></span> <span class='ocrx_word' id='word_1_84' title='bbox 1907 1187 2114 1254; x_wconf 84' lang='lat' dir='ltr'><strong>Ephod,</strong></span> 
     </span>
    </p>
   </div>
   <div class='ocr_carea' id='block_1_14' title="bbox 532 1274 2117 1343">
    <p class='ocr_par' dir='ltr' id='par_1_14' title="bbox 532 1274 2117 1343">
     <span class='ocr_line' id='line_1_14' title="bbox 532 1274 2117 1343; baseline 0.001 -16"><span class='ocrx_word' id='word_1_85' title='bbox 532 1285 587 1327; x_wconf 88' lang='lat' dir='ltr'><strong>et</strong></span> <span class='ocrx_word' id='word_1_86' title='bbox 619 1274 976 1343; x_wconf 88' lang='lat' dir='ltr'><strong>Theraphim,</strong></span> <span class='ocrx_word' id='word_1_87' title='bbox 1026 1284 1076 1327; x_wconf 91' lang='lat' dir='ltr'><strong>et</strong></span> <span class='ocrx_word' id='word_1_88' title='bbox 1112 1274 1382 1339; x_wconf 82' lang='lat' dir='ltr'><strong>Sculptile,</strong></span> <span class='ocrx_word' id='word_1_89' title='bbox 1429 1285 1484 1327; x_wconf 89' lang='lat' dir='ltr'><strong>et</strong></span> <span class='ocrx_word' id='word_1_90' title='bbox 1526 1274 1815 1329; x_wconf 86' lang='lat' dir='ltr'><strong>conflatile.</strong></span> <span class='ocrx_word' id='word_1_91' title='bbox 1862 1275 1927 1327; x_wconf 87' lang='lat' dir='ltr'><strong>Et</strong></span> <span class='ocrx_word' id='word_1_92' title='bbox 1975 1290 2117 1330; x_wconf 88' lang='lat' dir='ltr'><strong>nunc</strong></span> 
     </span>
    </p>
   </div>
   <div class='ocr_carea' id='block_1_15' title="bbox 534 1350 2112 1433">
    <p class='ocr_par' dir='ltr' id='par_1_15' title="bbox 534 1350 2112 1433">
     <span class='ocr_line' id='line_1_15' title="bbox 534 1350 2112 1433; baseline -0.002 -16"><span class='ocrx_word' id='word_1_93' title='bbox 534 1350 731 1417; x_wconf 70' lang='lat' dir='ltr'><strong>scitote</strong></span> <span class='ocrx_word' id='word_1_94' title='bbox 767 1364 895 1433; x_wconf 88' lang='lat' dir='ltr'><strong>quid</strong></span> <span class='ocrx_word' id='word_1_95' title='bbox 939 1361 1394 1431; x_wconf 64' lang='lat' dir='ltr'><strong>facietisJEphod</strong></span> <span class='ocrx_word' id='word_1_96' title='bbox 1435 1363 1596 1432; x_wconf 83' lang='lat' dir='ltr'><strong>igitur</strong></span> <span class='ocrx_word' id='word_1_97' title='bbox 1636 1373 1794 1416; x_wconf 83' lang='lat' dir='ltr'><strong>sonat</strong></span> <span class='ocrx_word' id='word_1_98' title='bbox 1844 1362 2112 1425; x_wconf 78' lang='lat' dir='ltr'><strong>liberalia,</strong></span> 
     </span>
    </p>
   </div>
   <div class='ocr_carea' id='block_1_16' title="bbox 535 1452 2111 1522">
    <p class='ocr_par' dir='ltr' id='par_1_16' title="bbox 535 1452 2111 1522">
     <span class='ocr_line' id='line_1_16' title="bbox 535 1452 2111 1522; baseline 0.001 -16"><span class='ocrx_word' id='word_1_99' title='bbox 535 1454 862 1522; x_wconf 75' lang='lat' dir='ltr'><strong>&#39;l&#39;heraphim</strong></span> <span class='ocrx_word' id='word_1_100' title='bbox 896 1453 1157 1517; x_wconf 67' lang='lat' dir='ltr'><strong>remissio,</strong></span> <span class='ocrx_word' id='word_1_101' title='bbox 1186 1464 1277 1506; x_wconf 91' lang='lat' dir='ltr'><strong>aut</strong></span> <span class='ocrx_word' id='word_1_102' title='bbox 1302 1470 1497 1507; x_wconf 83' lang='lat' dir='ltr'><strong>sanans</strong></span> <span class='ocrx_word' id='word_1_103' title='bbox 1519 1454 1679 1521; x_wconf 79' lang='lat' dir='ltr'><strong>ipsos.</strong></span> <span class='ocrx_word' id='word_1_104' title='bbox 1716 1452 1916 1507; x_wconf 85' lang='lat' dir='ltr'><strong>Idolum</strong></span> <span class='ocrx_word' id='word_1_105' title='bbox 1968 1454 2111 1508; x_wconf 90' lang='lat' dir='ltr'><strong>enim</strong></span> 
     </span>
    </p>
   </div>
   <div class='ocr_carea' id='block_1_17' title="bbox 535 1540 2108 1610">
    <p class='ocr_par' dir='ltr' id='par_1_17' title="bbox 535 1540 2108 1610">
     <span class='ocr_line' id='line_1_17' title="bbox 535 1540 2108 1610; baseline 0.001 -17"><span class='ocrx_word' id='word_1_106' title='bbox 535 1540 721 1595; x_wconf 83' lang='lat' dir='ltr'><strong>falsam</strong></span> <span class='ocrx_word' id='word_1_107' title='bbox 757 1542 1067 1610; x_wconf 89' lang='lat' dir='ltr'><strong>opinionem</strong></span> <span class='ocrx_word' id='word_1_108' title='bbox 1104 1541 1357 1604; x_wconf 89' lang='lat' dir='ltr'><strong>habebat,</strong></span> <span class='ocrx_word' id='word_1_109' title='bbox 1404 1542 1560 1610; x_wconf 90' lang='lat' dir='ltr'><strong>quasi</strong></span> <span class='ocrx_word' id='word_1_110' title='bbox 1612 1542 2108 1610; x_wconf 82' lang='lat' dir='ltr'><strong>sanare-quosdam</strong></span> 
     </span>
    </p>
   </div>
   <div class='ocr_carea' id='block_1_18' title="bbox 535 1630 2110 1701">
    <p class='ocr_par' dir='ltr' id='par_1_18' title="bbox 535 1630 2110 1701">
     <span class='ocr_line' id='line_1_18' title="bbox 535 1630 2110 1701; baseline 0.001 -19"><span class='ocrx_word' id='word_1_111' title='bbox 535 1642 735 1699; x_wconf 80' lang='lat' dir='ltr'><strong>posset.</strong></span> <span class='ocrx_word' id='word_1_112' title='bbox 764 1631 936 1686; x_wconf 68' lang='lat' dir='ltr'><strong>Graeci</strong></span> <span class='ocrx_word' id='word_1_113' title='bbox 983 1633 1126 1685; x_wconf 90' lang='lat' dir='ltr'><strong>enim</strong></span> <span class='ocrx_word' id='word_1_114' title='bbox 1175 1630 1483 1700; x_wconf 77' lang='lat' dir='ltr'><strong>huiusmodi</strong></span> <span class='ocrx_word' id='word_1_115' title='bbox 1521 1632 1585 1686; x_wconf 90' lang='lat' dir='ltr'><strong>de</strong></span> <span class='ocrx_word' id='word_1_116' title='bbox 1613 1632 1930 1701; x_wconf 85' lang='lat' dir='ltr'><strong>quibusdam</strong></span> <span class='ocrx_word' id='word_1_117' title='bbox 1968 1631 2110 1686; x_wconf 92' lang='lat' dir='ltr'><strong>scul-</strong></span> 
     </span>
    </p>
   </div>
   <div class='ocr_carea' id='block_1_19' title="bbox 535 1722 2107 1794">
    <p class='ocr_par' dir='ltr' id='par_1_19' title="bbox 535 1722 2107 1794">
     <span class='ocr_line' id='line_1_19' title="bbox 535 1722 2107 1794; baseline -0.002 -15"><span class='ocrx_word' id='word_1_118' title='bbox 535 1726 756 1794; x_wconf 87' lang='lat' dir='ltr'><strong>ptilibns</strong></span> <span class='ocrx_word' id='word_1_119' title='bbox 786 1722 1441 1779; x_wconf 60' lang='lat' dir='ltr'><strong>comminiscunturulloc</strong></span> <span class='ocrx_word' id='word_1_120' title='bbox 1470 1738 1595 1777; x_wconf 89' lang='lat' dir='ltr'><strong>cum</strong></span> <span class='ocrx_word' id='word_1_121' title='bbox 1642 1723 1958 1778; x_wconf 90' lang='lat' dir='ltr'><strong>didicissent</strong></span> <span class='ocrx_word' id='word_1_122' title='bbox 2007 1722 2107 1776; x_wconf 85' lang='lat' dir='ltr'><strong>tri-</strong></span> 
     </span>
    </p>
   </div>
   <div class='ocr_carea' id='block_1_20' title="bbox 2219 538 3792 612">
    <p class='ocr_par' dir='ltr' id='par_1_20' title="bbox 2219 538 3792 612">
     <span class='ocr_line' id='line_1_20' title="bbox 2219 538 3792 612; baseline -0.002 -18"><span class='ocrx_word' id='word_1_123' title='bbox 2219 542 2313 595; x_wconf 83' lang='grc' dir='ltr'><strong>καὶ</strong></span> <span class='ocrx_word' id='word_1_124' title='bbox 2354 539 2637 612; x_wconf 82' lang='grc' dir='ltr'>ἀγορεύειν</span> <span class='ocrx_word' id='word_1_125' title='bbox 2661 540 2823 592; x_wconf 75' lang='grc' dir='ltr'>αὑτὸν</span> <span class='ocrx_word' id='word_1_126' title='bbox 2859 538 3063 609; x_wconf 81' lang='grc' dir='ltr'>ὴξίουν,</span> <span class='ocrx_word' id='word_1_127' title='bbox 3096 539 3458 610; x_wconf 76' lang='grc' dir='ltr'><strong>ἐπερωτῶντα</strong></span> <span class='ocrx_word' id='word_1_128' title='bbox 3485 540 3545 593; x_wconf 81' lang='grc' dir='ltr'><strong>τὸ</strong></span> <span class='ocrx_word' id='word_1_129' title='bbox 3574 538 3792 592; x_wconf 83' lang='grc' dir='ltr'>εἴδωλον</span> 
     </span>
    </p>
   </div>
   <div class='ocr_carea' id='block_1_21' title="bbox 2219 627 3793 702">
    <p class='ocr_par' dir='ltr' id='par_1_21' title="bbox 2219 627 3793 702">
     <span class='ocr_line' id='line_1_21' title="bbox 2219 627 3793 702; baseline -0.004 -15"><span class='ocrx_word' id='word_1_130' title='bbox 2219 635 2267 686; x_wconf 85' lang='grc' dir='ltr'>εἰ</span> <span class='ocrx_word' id='word_1_131' title='bbox 2301 633 2443 687; x_wconf 86' lang='grc' dir='ltr'><strong>κατά</strong></span> <span class='ocrx_word' id='word_1_132' title='bbox 2468 630 2693 702; x_wconf 82' lang='grc' dir='ltr'><strong>γνώμην</strong></span> <span class='ocrx_word' id='word_1_133' title='bbox 2727 631 2910 692; x_wconf 79' lang='grc' dir='ltr'>αὐτοῖς</span> <span class='ocrx_word' id='word_1_134' title='bbox 2945 629 3237 700; x_wconf 82' lang='grc' dir='ltr'>ἐκϐήσεται</span> <span class='ocrx_word' id='word_1_135' title='bbox 3268 631 3329 682; x_wconf 84' lang='grc' dir='ltr'><strong>τὸ</strong></span> <span class='ocrx_word' id='word_1_136' title='bbox 3347 629 3687 700; x_wconf 82' lang='grc' dir='ltr'>ἐγχείρημα,</span> <span class='ocrx_word' id='word_1_137' title='bbox 3728 627 3793 680; x_wconf 84' lang='grc' dir='ltr'><strong>τὸ</strong></span> 
     </span>
    </p>
   </div>
   <div class='ocr_carea' id='block_1_22' title="bbox 2219 718 3791 793">
    <p class='ocr_par' dir='ltr' id='par_1_22' title="bbox 2219 718 3791 793">
     <span class='ocr_line' id='line_1_22' title="bbox 2219 718 3791 793; baseline -0.004 -18"><span class='ocrx_word' id='word_1_138' title='bbox 2219 722 2513 793; x_wconf 84' lang='grc' dir='ltr'>κρατῆσαι,</span> <span class='ocrx_word' id='word_1_139' title='bbox 2565 721 2729 789; x_wconf 72' lang='grc' dir='ltr'>φημὶ,</span> <span class='ocrx_word' id='word_1_140' title='bbox 2774 719 2873 788; x_wconf 84' lang='grc' dir='ltr'><strong>τῆς</strong></span> <span class='ocrx_word' id='word_1_141' title='bbox 2927 718 3133 788; x_wconf 84' lang='grc' dir='ltr'>χώρας,</span> <span class='ocrx_word' id='word_1_142' title='bbox 3197 720 3263 787; x_wconf 77' lang='grc' dir='ltr'>ἣν</span> <span class='ocrx_word' id='word_1_143' title='bbox 3323 718 3582 786; x_wconf 77' lang='grc' dir='ltr'>ἀφίκοντο</span> <span class='ocrx_word' id='word_1_144' title='bbox 3655 734 3791 770; x_wconf 87' lang='grc' dir='ltr'>κατ-</span> 
     </span>
    </p>
   </div>
   <div class='ocr_carea' id='block_1_23' title="bbox 2218 806 3790 882">
    <p class='ocr_par' dir='ltr' id='par_1_23' title="bbox 2218 806 3790 882">
     <span class='ocr_line' id='line_1_23' title="bbox 2218 806 3790 882; baseline -0.002 -19"><span class='ocrx_word' id='word_1_145' title='bbox 2218 811 2568 882; x_wconf 78' lang='grc' dir='ltr'>αθρήοοντες.</span> <span class='ocrx_word' id='word_1_146' title='bbox 2587 810 2645 862; x_wconf 85' lang='lat'><strong>&#39;0</strong></span> <span class='ocrx_word' id='word_1_147' title='bbox 2677 808 2734 862; x_wconf 78' lang='grc' dir='ltr'>δὲ</span> <span class='ocrx_word' id='word_1_148' title='bbox 2760 808 2820 861; x_wconf 86' lang='grc' dir='ltr'>τὸ</span> <span class='ocrx_word' id='word_1_149' title='bbox 2832 807 3020 861; x_wconf 81' lang='grc' dir='ltr'>δοκοῦν</span> <span class='ocrx_word' id='word_1_150' title='bbox 3041 808 3336 878; x_wconf 71' lang='grc' dir='ltr'>λελάληκεν</span> <span class='ocrx_word' id='word_1_151' title='bbox 3359 808 3432 870; x_wconf 83' lang='grc' dir='ltr'><strong>ὡς</strong></span> <span class='ocrx_word' id='word_1_152' title='bbox 3455 809 3604 880; x_wconf 80' lang='grc' dir='ltr'>παρὰ</span> <span class='ocrx_word' id='word_1_153' title='bbox 3630 806 3790 860; x_wconf 84' lang='grc' dir='ltr'>Θεοῦ.</span> 
     </span>
    </p>
   </div>
   <div class='ocr_carea' id='block_1_24' title="bbox 2219 899 3793 971">
    <p class='ocr_par' dir='ltr' id='par_1_24' title="bbox 2219 899 3793 971">
     <span class='ocr_line' id='line_1_24' title="bbox 2219 899 3793 971; baseline -0.002 -16"><span class='ocrx_word' id='word_1_154' title='bbox 2219 901 2714 971; x_wconf 78' lang='grc' dir='ltr'>Κατασκεψάμενοι</span> <span class='ocrx_word' id='word_1_155' title='bbox 2764 900 2821 953; x_wconf 86' lang='grc' dir='ltr'>δὲ</span> <span class='ocrx_word' id='word_1_156' title='bbox 2850 899 2949 970; x_wconf 82' lang='grc' dir='ltr'><strong>τὴν</strong></span> <span class='ocrx_word' id='word_1_157' title='bbox 2982 900 3084 971; x_wconf 88' lang='grc' dir='ltr'><strong>γῆν</strong></span> <span class='ocrx_word' id='word_1_158' title='bbox 3118 902 3168 953; x_wconf 91' lang='grc' dir='ltr'>οἱ</span> <span class='ocrx_word' id='word_1_159' title='bbox 3201 900 3633 970; x_wconf 79' lang='grc' dir='ltr'><strong>ἀπεσταλμένοι,</strong></span> <span class='ocrx_word' id='word_1_160' title='bbox 3676 902 3793 962; x_wconf 83' lang='grc' dir='ltr'>τοῖς</span> 
     </span>
    </p>
   </div>
   <div class='ocr_carea' id='block_1_25' title="bbox 2219 991 3789 1063">
    <p class='ocr_par' dir='ltr' id='par_1_25' title="bbox 2219 991 3789 1063">
     <span class='ocr_line' id='line_1_25' title="bbox 2219 991 3789 1063; baseline -0.002 -17"><span class='ocrx_word' id='word_1_161' title='bbox 2219 992 2565 1062; x_wconf 90' lang='grc' dir='ltr'>πεπομφόσιν</span> <span class='ocrx_word' id='word_1_162' title='bbox 2591 991 2955 1063; x_wconf 83' lang='grc' dir='ltr'>ἀπήγγελλον,</span> <span class='ocrx_word' id='word_1_163' title='bbox 2980 992 3056 1056; x_wconf 84' lang='grc' dir='ltr'><strong>ὡς</strong></span> <span class='ocrx_word' id='word_1_164' title='bbox 3084 992 3263 1062; x_wconf 83' lang='grc' dir='ltr'>ἀγαθὴ</span> <span class='ocrx_word' id='word_1_165' title='bbox 3286 992 3379 1046; x_wconf 66' lang='grc' dir='ltr'><strong>καλ⁸</strong></span> <span class='ocrx_word' id='word_1_166' title='bbox 3402 992 3561 1055; x_wconf 88' lang='grc' dir='ltr'>πίων,</span> <span class='ocrx_word' id='word_1_167' title='bbox 3600 992 3692 1045; x_wconf 81' lang='grc' dir='ltr'><strong>καὶ</strong></span> <span class='ocrx_word' id='word_1_168' title='bbox 3728 993 3789 1044; x_wconf 86' lang='grc' dir='ltr'>οὐ</span> 
     </span>
    </p>
   </div>
   <div class='ocr_carea' id='block_1_26' title="bbox 2220 1083 3792 1158">
    <p class='ocr_par' dir='ltr' id='par_1_26' title="bbox 2220 1083 3792 1158">
     <span class='ocr_line' id='line_1_26' title="bbox 2220 1083 3792 1158; baseline -0.002 -19"><span class='ocrx_word' id='word_1_169' title='bbox 2220 1087 2317 1139; x_wconf 83' lang='grc' dir='ltr'><strong>σὺν</strong></span> <span class='ocrx_word' id='word_1_170' title='bbox 2340 1086 2528 1158; x_wconf 88' lang='grc' dir='ltr'>ἱδρῶτι</span> <span class='ocrx_word' id='word_1_171' title='bbox 2560 1085 2761 1158; x_wconf 83' lang='grc' dir='ltr'>ληπτή.</span> <span class='ocrx_word' id='word_1_172' title='bbox 2794 1085 3011 1155; x_wconf 82' lang='grc' dir='ltr'><strong>Ἐπειδὴ</strong></span> <span class='ocrx_word' id='word_1_173' title='bbox 3041 1085 3096 1138; x_wconf 85' lang='grc' dir='ltr'><strong>δέ</strong></span> <span class='ocrx_word' id='word_1_174' title='bbox 3122 1085 3229 1139; x_wconf 82' lang='grc' dir='ltr'>τῶν</span> <span class='ocrx_word' id='word_1_175' title='bbox 3249 1084 3505 1138; x_wconf 82' lang='grc' dir='ltr'>τοιούτων</span> <span class='ocrx_word' id='word_1_176' title='bbox 3531 1083 3792 1137; x_wconf 87' lang='grc' dir='ltr'>ἐπύθοντο</span> 
     </span>
    </p>
   </div>
   <div class='ocr_carea' id='block_1_27' title="bbox 2217 1176 3787 1248">
    <p class='ocr_par' dir='ltr' id='par_1_27' title="bbox 2217 1176 3787 1248">
     <span class='ocr_line' id='line_1_27' title="bbox 2217 1176 3787 1248; baseline -0.002 -17"><span class='ocrx_word' id='word_1_177' title='bbox 2217 1178 2410 1244; x_wconf 80' lang='grc' dir='ltr'>λόγων,</span> <span class='ocrx_word' id='word_1_178' title='bbox 2432 1181 2481 1232; x_wconf 83' lang='grc' dir='ltr'><strong>οἱ</strong></span> <span class='ocrx_word' id='word_1_179' title='bbox 2500 1179 2609 1232; x_wconf 87' lang='grc' dir='ltr'><strong>ἀπὸ</strong></span> <span class='ocrx_word' id='word_1_180' title='bbox 2626 1178 2812 1248; x_wconf 56' lang='grc' dir='ltr'>κφυλῆς</span> <span class='ocrx_word' id='word_1_181' title='bbox 2847 1176 2942 1230; x_wconf 82' lang='grc' dir='ltr'>τοῦ</span> <span class='ocrx_word' id='word_1_182' title='bbox 2972 1178 3098 1242; x_wconf 75' lang='grc' dir='ltr'>Δάν,</span> <span class='ocrx_word' id='word_1_183' title='bbox 3135 1177 3405 1241; x_wconf 75' lang='grc' dir='ltr'>ἑξακόσιοι</span> <span class='ocrx_word' id='word_1_184' title='bbox 3425 1177 3517 1230; x_wconf 83' lang='grc' dir='ltr'><strong>τὸν</strong></span> <span class='ocrx_word' id='word_1_185' title='bbox 3538 1176 3787 1247; x_wconf 69' lang='grc' dir='ltr'>ἀριθμὸν,</span> 
     </span>
    </p>
   </div>
   <div class='ocr_carea' id='block_1_28' title="bbox 2217 1264 3791 1333">
    <p class='ocr_par' dir='ltr' id='par_1_28' title="bbox 2217 1264 3791 1333">
     <span class='ocr_line' id='line_1_28' title="bbox 2217 1264 3791 1333; baseline 0.001 -18"><span class='ocrx_word' id='word_1_186' title='bbox 2217 1264 2482 1327; x_wconf 76' lang='grc' dir='ltr'>ἐνόπλοις</span> <span class='ocrx_word' id='word_1_187' title='bbox 2531 1265 2683 1328; x_wconf 70' lang='grc' dir='ltr'>ὄντες</span> <span class='ocrx_word' id='word_1_188' title='bbox 2730 1265 3030 1319; x_wconf 84' lang='grc' dir='ltr'>ἀνέϐαινον.</span> <span class='ocrx_word' id='word_1_189' title='bbox 3085 1265 3370 1333; x_wconf 82' lang='grc' dir='ltr'>’Λφίκοντο</span> <span class='ocrx_word' id='word_1_190' title='bbox 3415 1265 3469 1318; x_wconf 83' lang='grc' dir='ltr'>δὲ</span> <span class='ocrx_word' id='word_1_191' title='bbox 3513 1266 3605 1317; x_wconf 84' lang='grc' dir='ltr'><strong>καὶ</strong></span> <span class='ocrx_word' id='word_1_192' title='bbox 3640 1265 3791 1318; x_wconf 77' lang='grc' dir='ltr'>αὐτοὶ</span> 
     </span>
    </p>
   </div>
   <div class='ocr_carea' id='block_1_29' title="bbox 2220 1354 3789 1427">
    <p class='ocr_par' dir='ltr' id='par_1_29' title="bbox 2220 1354 3789 1427">
     <span class='ocr_line' id='line_1_29' title="bbox 2220 1354 3789 1427; baseline 0.001 -20"><span class='ocrx_word' id='word_1_193' title='bbox 2220 1354 2411 1425; x_wconf 79' lang='grc' dir='ltr'>μέχρις</span> <span class='ocrx_word' id='word_1_194' title='bbox 2440 1355 2589 1408; x_wconf 82' lang='grc' dir='ltr'>οἴκου</span> <span class='ocrx_word' id='word_1_195' title='bbox 2620 1356 2877 1426; x_wconf 87' lang='grc' dir='ltr'>Μιχαίου.</span> <span class='ocrx_word' id='word_1_196' title='bbox 2929 1356 3040 1409; x_wconf 78' lang='lat' dir='ltr'><strong>Kal.</strong></span> <span class='ocrx_word' id='word_1_197' title='bbox 3073 1358 3472 1427; x_wconf 79' lang='grc' dir='ltr'>ἀπεκρίθησαν,</span> <span class='ocrx_word' id='word_1_198' title='bbox 3521 1359 3706 1426; x_wconf 75' lang='grc' dir='ltr'>φησιν,</span> <span class='ocrx_word' id='word_1_199' title='bbox 3740 1358 3789 1409; x_wconf 83' lang='grc' dir='ltr'>οἱ</span> 
     </span>
    </p>
   </div>
   <div class='ocr_carea' id='block_1_30' title="bbox 2217 1446 3790 1519">
    <p class='ocr_par' dir='ltr' id='par_1_30' title="bbox 2217 1446 3790 1519">
     <span class='ocr_line' id='line_1_30' title="bbox 2217 1446 3790 1519; baseline 0.002 -21"><span class='ocrx_word' id='word_1_200' title='bbox 2217 1446 2376 1499; x_wconf 85' lang='grc' dir='ltr'>πέντε</span> <span class='ocrx_word' id='word_1_201' title='bbox 2431 1447 2640 1517; x_wconf 81' lang='grc' dir='ltr'>ἄνδρες,</span> <span class='ocrx_word' id='word_1_202' title='bbox 2680 1449 2730 1501; x_wconf 81' lang='grc' dir='ltr'>οἱ</span> <span class='ocrx_word' id='word_1_203' title='bbox 2788 1447 3141 1519; x_wconf 86' lang='grc' dir='ltr'>πορευθέντες</span> <span class='ocrx_word' id='word_1_204' title='bbox 3193 1448 3639 1517; x_wconf 80' lang='grc' dir='ltr'><strong>κατασκέψασθαι</strong></span> <span class='ocrx_word' id='word_1_205' title='bbox 3693 1447 3790 1518; x_wconf 81' lang='grc' dir='ltr'>τὴν</span> 
     </span>
    </p>
   </div>
   <div class='ocr_carea' id='block_1_31' title="bbox 2215 1534 3785 1610">
    <p class='ocr_par' dir='ltr' id='par_1_31' title="bbox 2215 1534 3785 1610">
     <span class='ocr_line' id='line_1_31' title="bbox 2215 1534 3785 1610; baseline 0.002 -21"><span class='ocrx_word' id='word_1_206' title='bbox 2215 1538 2318 1608; x_wconf 89' lang='grc' dir='ltr'><strong>γῆν</strong></span> <span class='ocrx_word' id='word_1_207' title='bbox 2346 1537 2542 1601; x_wconf 83' lang='grc' dir='ltr'>Λαῖσὰ,</span> <span class='ocrx_word' id='word_1_208' title='bbox 2589 1538 2683 1590; x_wconf 73' lang='grc' dir='ltr'>καὶ</span> <span class='ocrx_word' id='word_1_209' title='bbox 2715 1534 2870 1592; x_wconf 85' lang='grc' dir='ltr'>εἷπον</span> <span class='ocrx_word' id='word_1_210' title='bbox 2908 1538 3044 1610; x_wconf 82' lang='grc' dir='ltr'>πρὸς</span> <span class='ocrx_word' id='word_1_211' title='bbox 3093 1541 3219 1602; x_wconf 80' lang='grc' dir='ltr'>τοὺς</span> <span class='ocrx_word' id='word_1_212' title='bbox 3279 1539 3540 1609; x_wconf 78' lang='grc' dir='ltr'>ἀδελφοὺς</span> <span class='ocrx_word' id='word_1_213' title='bbox 3587 1538 3785 1592; x_wconf 76' lang='grc' dir='ltr'>αὐτῶν.</span> 
     </span>
    </p>
   </div>
   <div class='ocr_carea' id='block_1_32' title="bbox 2219 1629 3863 1701">
    <p class='ocr_par' dir='ltr' id='par_1_32' title="bbox 2219 1629 3863 1701">
     <span class='ocr_line' id='line_1_32' title="bbox 2219 1629 3863 1701; baseline 0.001 -20"><span class='ocrx_word' id='word_1_214' title='bbox 2219 1630 2485 1696; x_wconf 87' lang='grc' dir='ltr'>Ἔγνωτε,</span> <span class='ocrx_word' id='word_1_215' title='bbox 2536 1630 2617 1682; x_wconf 84' lang='grc' dir='ltr'>ὅτι</span> <span class='ocrx_word' id='word_1_216' title='bbox 2669 1629 2816 1683; x_wconf 81' lang='grc' dir='ltr'>ἐστιν</span> <span class='ocrx_word' id='word_1_217' title='bbox 2849 1632 2907 1684; x_wconf 86' lang='grc' dir='ltr'><strong>ἐν</strong></span> <span class='ocrx_word' id='word_1_218' title='bbox 2960 1630 3039 1700; x_wconf 83' lang='grc' dir='ltr'>τῷ</span> <span class='ocrx_word' id='word_1_219' title='bbox 3067 1631 3199 1701; x_wconf 78' lang='grc' dir='ltr'>οἴκῳ</span> <span class='ocrx_word' id='word_1_220' title='bbox 3233 1630 3405 1701; x_wconf 88' lang='grc' dir='ltr'>τούτῳ</span> <span class='ocrx_word' id='word_1_221' title='bbox 3470 1630 3669 1700; x_wconf 87' lang='grc' dir='ltr'>Ἐφὼδ,</span> <span class='ocrx_word' id='word_1_222' title='bbox 3698 1631 3787 1683; x_wconf 81' lang='grc' dir='ltr'><strong>καὶ</strong></span> <span class='ocrx_word' id='word_1_223' title='bbox 3854 1684 3863 1691; x_wconf 38' lang='grc'><strong>,</strong></span> 
     </span>
    </p>
   </div>
   <div class='ocr_carea' id='block_1_33' title="bbox 2213 1719 3787 1792">
    <p class='ocr_par' dir='ltr' id='par_1_33' title="bbox 2213 1719 3787 1792">
     <span class='ocr_line' id='line_1_33' title="bbox 2213 1719 3787 1792; baseline 0.002 -20"><span class='ocrx_word' id='word_1_224' title='bbox 2213 1719 2489 1792; x_wconf 74' lang='grc' dir='ltr'>Θεραφὶμ,</span> <span class='ocrx_word' id='word_1_225' title='bbox 2511 1720 2606 1774; x_wconf 78' lang='grc' dir='ltr'><strong>καὶ</strong></span> <span class='ocrx_word' id='word_1_226' title='bbox 2638 1719 2895 1789; x_wconf 69' lang='grc' dir='ltr'>γλυπτδν,</span> <span class='ocrx_word' id='word_1_227' title='bbox 2928 1721 3022 1775; x_wconf 79' lang='grc' dir='ltr'><strong>καὶ</strong></span> <span class='ocrx_word' id='word_1_228' title='bbox 3048 1722 3332 1792; x_wconf 86' lang='grc' dir='ltr'>χωνευτόν.</span> <span class='ocrx_word' id='word_1_229' title='bbox 3360 1722 3470 1775; x_wconf 80' lang='lat' dir='ltr'><strong>Kal.</strong></span> <span class='ocrx_word' id='word_1_230' title='bbox 3492 1721 3586 1774; x_wconf 85' lang='lat' dir='ltr'><strong>v6v</strong></span> <span class='ocrx_word' id='word_1_231' title='bbox 3619 1724 3787 1790; x_wconf 80' lang='grc' dir='ltr'>γνῶτε</span> 
     </span>
    </p>
   </div>
   <div class='ocr_carea' id='block_1_34' title="bbox 534 1808 2111 1884">
    <p class='ocr_par' dir='ltr' id='par_1_34' title="bbox 534 1808 2102 1884">
     <span class='ocr_line' id='line_1_34' title="bbox 534 1808 2102 1884; baseline -0.003 -13"><span class='ocrx_word' id='word_1_232' title='bbox 534 1808 685 1871; x_wconf 90' lang='lat' dir='ltr'><strong>bules</strong></span> <span class='ocrx_word' id='word_1_233' title='bbox 741 1816 876 1881; x_wconf 90' lang='lat' dir='ltr'><strong>Dan,</strong></span> <span class='ocrx_word' id='word_1_234' title='bbox 921 1815 1109 1869; x_wconf 89' lang='lat' dir='ltr'><strong>tollunt</strong></span> <span class='ocrx_word' id='word_1_235' title='bbox 1138 1815 1403 1884; x_wconf 87' lang='lat' dir='ltr'><strong>sculptile,</strong></span> <span class='ocrx_word' id='word_1_236' title='bbox 1431 1826 1486 1870; x_wconf 91' lang='lat' dir='ltr'><strong>et</strong></span> <span class='ocrx_word' id='word_1_237' title='bbox 1534 1814 1773 1869; x_wconf 88' lang='lat' dir='ltr'><strong>Levitam</strong></span> <span class='ocrx_word' id='word_1_238' title='bbox 1825 1823 1886 1868; x_wconf 93' lang='lat' dir='ltr'><strong>ut</strong></span> <span class='ocrx_word' id='word_1_239' title='bbox 1930 1813 2102 1869; x_wconf 85' lang='lat' dir='ltr'><strong>Micba</strong></span> 
     </span>
    </p>
   </div>
   <div class='ocr_carea' id='block_1_35' title="bbox 2212 1808 3787 1884">
    <p class='ocr_par' dir='ltr' id='par_1_35' title="bbox 2212 1808 3787 1881">
     <span class='ocr_line' id='line_1_35' title="bbox 2212 1808 3787 1881; baseline 0.001 -19"><span class='ocrx_word' id='word_1_240' title='bbox 2212 1808 2257 1862; x_wconf 88' lang='grc' dir='ltr'><strong>τί</strong></span> <span class='ocrx_word' id='word_1_241' title='bbox 2286 1809 2666 1880; x_wconf 66' lang='grc' dir='ltr'>ποιήσετεδΤὸ</span> <span class='ocrx_word' id='word_1_242' title='bbox 2689 1810 2789 1880; x_wconf 84' lang='grc' dir='ltr'>μὲν</span> <span class='ocrx_word' id='word_1_243' title='bbox 2810 1808 2904 1865; x_wconf 72' lang='grc' dir='ltr'><strong>οὖν</strong></span> <span class='ocrx_word' id='word_1_244' title='bbox 2947 1809 3123 1880; x_wconf 83' lang='grc' dir='ltr'>Ἑφὼδ</span> <span class='ocrx_word' id='word_1_245' title='bbox 3162 1810 3526 1881; x_wconf 81' lang='grc' dir='ltr'>ἑρμηνεύεται</span> <span class='ocrx_word' id='word_1_246' title='bbox 3563 1811 3787 1881; x_wconf 78' lang='grc' dir='ltr'>λύτρω-</span> 
     </span>
    </p>
   </div>
   <div class='ocr_carea' id='block_1_36' title="bbox 534 1904 2111 1975">
    <p class='ocr_par' dir='ltr' id='par_1_36' title="bbox 534 1904 2111 1975">
     <span class='ocr_line' id='line_1_36' title="bbox 534 1904 2111 1975; baseline -0.003 -12"><span class='ocrx_word' id='word_1_247' title='bbox 534 1906 793 1963; x_wconf 88' lang='lat' dir='ltr'><strong>derelicto</strong></span> <span class='ocrx_word' id='word_1_248' title='bbox 832 1915 1093 1975; x_wconf 88' lang='lat' dir='ltr'><strong>sequatur</strong></span> <span class='ocrx_word' id='word_1_249' title='bbox 1147 1916 1481 1972; x_wconf 80' lang='lat' dir='ltr'><strong>permovent.</strong></span> <span class='ocrx_word' id='word_1_250' title='bbox 1510 1904 1797 1975; x_wconf 77' lang='lat' dir='ltr'><strong>Congressi</strong></span> <span class='ocrx_word' id='word_1_251' title='bbox 1824 1914 2028 1970; x_wconf 87' lang='lat' dir='ltr'><strong>autem,</strong></span> <span class='ocrx_word' id='word_1_252' title='bbox 2058 1914 2111 1959; x_wconf 91' lang='lat' dir='ltr'><strong>et</strong></span> 
     </span>
    </p>
   </div>
   <div class='ocr_carea' id='block_1_37' title="bbox 534 1994 2112 2067">
    <p class='ocr_par' dir='ltr' id='par_1_37' title="bbox 534 1994 2112 2067">
     <span class='ocr_line' id='line_1_37' title="bbox 534 1994 2112 2067; baseline -0.004 -14"><span class='ocrx_word' id='word_1_253' title='bbox 534 1999 763 2053; x_wconf 79' lang='lat' dir='ltr'><strong>victoria</strong></span> <span class='ocrx_word' id='word_1_254' title='bbox 815 1998 991 2067; x_wconf 88' lang='lat' dir='ltr'><strong>potiti,</strong></span> <span class='ocrx_word' id='word_1_255' title='bbox 1039 2003 1094 2050; x_wconf 90' lang='lat' dir='ltr'><strong>et</strong></span> <span class='ocrx_word' id='word_1_256' title='bbox 1137 1995 1356 2065; x_wconf 85' lang='lat' dir='ltr'><strong>regione</strong></span> <span class='ocrx_word' id='word_1_257' title='bbox 1397 2004 1682 2065; x_wconf 88' lang='lat' dir='ltr'><strong>occupata,</strong></span> <span class='ocrx_word' id='word_1_258' title='bbox 1715 1995 1904 2049; x_wconf 88' lang='lat' dir='ltr'><strong>urbem</strong></span> <span class='ocrx_word' id='word_1_259' title='bbox 1942 1994 2112 2049; x_wconf 66' lang='lat' dir='ltr'><strong>aedifi-</strong></span> 
     </span>
    </p>
   </div>
   <div class='ocr_carea' id='block_1_38' title="bbox 532 2085 2112 2157">
    <p class='ocr_par' dir='ltr' id='par_1_38' title="bbox 532 2085 2112 2157">
     <span class='ocr_line' id='line_1_38' title="bbox 532 2085 2112 2157; baseline -0.003 -11"><span class='ocrx_word' id='word_1_260' title='bbox 532 2098 658 2146; x_wconf 87' lang='lat' dir='ltr'><strong>cant</strong></span> <span class='ocrx_word' id='word_1_261' title='bbox 686 2087 947 2144; x_wconf 87' lang='lat' dir='ltr'><strong>vocabulo</strong></span> <span class='ocrx_word' id='word_1_262' title='bbox 977 2086 1116 2155; x_wconf 88' lang='lat' dir='ltr'><strong>Dan,</strong></span> <span class='ocrx_word' id='word_1_263' title='bbox 1147 2085 1307 2157; x_wconf 89' lang='lat' dir='ltr'><strong>primi</strong></span> <span class='ocrx_word' id='word_1_264' title='bbox 1332 2086 1577 2157; x_wconf 88' lang='lat' dir='ltr'><strong>parentis</strong></span> <span class='ocrx_word' id='word_1_265' title='bbox 1595 2086 1679 2141; x_wconf 89' lang='lat' dir='ltr'><strong>sui</strong></span> <span class='ocrx_word' id='word_1_266' title='bbox 1710 2100 1901 2141; x_wconf 89' lang='lat' dir='ltr'><strong>nomen</strong></span> <span class='ocrx_word' id='word_1_267' title='bbox 1932 2087 1982 2142; x_wconf 90' lang='lat' dir='ltr'><strong>ei</strong></span> <span class='ocrx_word' id='word_1_268' title='bbox 2018 2087 2112 2141; x_wconf 89' lang='lat' dir='ltr'><strong>de-</strong></span> 
     </span>
    </p>
   </div>
   <div class='ocr_carea' id='block_1_39' title="bbox 531 2176 2110 2244">
    <p class='ocr_par' dir='ltr' id='par_1_39' title="bbox 531 2176 2110 2244">
     <span class='ocr_line' id='line_1_39' title="bbox 531 2176 2110 2244; baseline -0.003 -8"><span class='ocrx_word' id='word_1_269' title='bbox 531 2186 819 2236; x_wconf 80' lang='lat' dir='ltr'><strong>cernentes</strong></span> <span class='ocrx_word' id='word_1_270' title='bbox 850 2196 864 2233; x_wconf 91' lang='lat'><strong>:</strong></span> <span class='ocrx_word' id='word_1_271' title='bbox 901 2188 1059 2233; x_wconf 90' lang='lat' dir='ltr'><strong>erant</strong></span> <span class='ocrx_word' id='word_1_272' title='bbox 1097 2177 1277 2244; x_wconf 91' lang='lat' dir='ltr'><strong>enim,</strong></span> <span class='ocrx_word' id='word_1_273' title='bbox 1315 2186 1371 2232; x_wconf 92' lang='lat' dir='ltr'><strong>ut</strong></span> <span class='ocrx_word' id='word_1_274' title='bbox 1411 2177 1546 2241; x_wconf 83' lang='lat' dir='ltr'><strong>dixi,</strong></span> <span class='ocrx_word' id='word_1_275' title='bbox 1585 2176 1652 2232; x_wconf 87' lang='lat' dir='ltr'><strong>de</strong></span> <span class='ocrx_word' id='word_1_276' title='bbox 1690 2176 1835 2231; x_wconf 89' lang='lat' dir='ltr'><strong>tribu</strong></span> <span class='ocrx_word' id='word_1_277' title='bbox 1883 2184 1937 2232; x_wconf 88' lang='lat' dir='ltr'><strong>et</strong></span> <span class='ocrx_word' id='word_1_278' title='bbox 1982 2192 2110 2232; x_wconf 90' lang='lat' dir='ltr'><strong>san-</strong></span> 
     </span>
    </p>
   </div>
   <div class='ocr_carea' id='block_1_40' title="bbox 531 2266 2109 2342">
    <p class='ocr_par' dir='ltr' id='par_1_40' title="bbox 531 2266 2109 2342">
     <span class='ocr_line' id='line_1_40' title="bbox 531 2266 2109 2342; baseline -0.003 -18"><span class='ocrx_word' id='word_1_279' title='bbox 531 2270 693 2342; x_wconf 83' lang='lat' dir='ltr'><strong>guine</strong></span> <span class='ocrx_word' id='word_1_280' title='bbox 721 2269 857 2323; x_wconf 91' lang='lat' dir='ltr'><strong>Dan.</strong></span> <span class='ocrx_word' id='word_1_281' title='bbox 893 2267 1172 2323; x_wconf 86' lang='lat' dir='ltr'><strong>Collocato</strong></span> <span class='ocrx_word' id='word_1_282' title='bbox 1196 2277 1375 2322; x_wconf 90' lang='lat' dir='ltr'><strong>autem</strong></span> <span class='ocrx_word' id='word_1_283' title='bbox 1419 2267 1494 2321; x_wconf 91' lang='lat' dir='ltr'><strong>ibi</strong></span> <span class='ocrx_word' id='word_1_284' title='bbox 1529 2276 1587 2321; x_wconf 90' lang='lat' dir='ltr'><strong>et</strong></span> <span class='ocrx_word' id='word_1_285' title='bbox 1618 2266 1781 2332; x_wconf 91' lang='lat' dir='ltr'><strong>idolo,</strong></span> <span class='ocrx_word' id='word_1_286' title='bbox 1831 2266 2109 2321; x_wconf 79' lang='lat' dir='ltr'><strong>sacrifica-</strong></span> 
     </span>
    </p>
   </div>
   <div class='ocr_carea' id='block_1_41' title="bbox 532 2355 2104 2426">
    <p class='ocr_par' dir='ltr' id='par_1_41' title="bbox 532 2355 2104 2426">
     <span class='ocr_line' id='line_1_41' title="bbox 532 2355 2104 2426; baseline -0.002 -13"><span class='ocrx_word' id='word_1_287' title='bbox 532 2360 664 2413; x_wconf 89' lang='lat' dir='ltr'><strong>bant</strong></span> <span class='ocrx_word' id='word_1_288' title='bbox 687 2359 885 2422; x_wconf 90' lang='lat' dir='ltr'><strong>eidem,</strong></span> <span class='ocrx_word' id='word_1_289' title='bbox 917 2366 971 2412; x_wconf 91' lang='lat' dir='ltr'><strong>et</strong></span> <span class='ocrx_word' id='word_1_290' title='bbox 996 2372 1120 2412; x_wconf 90' lang='lat' dir='ltr'><strong>cum</strong></span> <span class='ocrx_word' id='word_1_291' title='bbox 1146 2367 1293 2412; x_wconf 89' lang='lat' dir='ltr'><strong>terra</strong></span> <span class='ocrx_word' id='word_1_292' title='bbox 1321 2355 1480 2413; x_wconf 89' lang='lat' dir='ltr'><strong>deum</strong></span> <span class='ocrx_word' id='word_1_293' title='bbox 1497 2370 1713 2426; x_wconf 87' lang='lat' dir='ltr'><strong>quoque</strong></span> <span class='ocrx_word' id='word_1_294' title='bbox 1728 2356 2104 2426; x_wconf 79' lang='lat' dir='ltr'><strong>possidebant:</strong></span> 
     </span>
    </p>
   </div>
   <div class='ocr_carea' id='block_1_42' title="bbox 533 2446 2104 2517">
    <p class='ocr_par' dir='ltr' id='par_1_42' title="bbox 533 2446 2104 2517">
     <span class='ocr_line' id='line_1_42' title="bbox 533 2446 2104 2517; baseline -0.004 -13"><span class='ocrx_word' id='word_1_295' title='bbox 533 2458 680 2504; x_wconf 88' lang='lat' dir='ltr'><strong>tanta</strong></span> <span class='ocrx_word' id='word_1_296' title='bbox 726 2448 824 2503; x_wconf 88' lang='lat' dir='ltr'><strong>fuit</strong></span> <span class='ocrx_word' id='word_1_297' title='bbox 873 2449 1107 2517; x_wconf 87' lang='lat' dir='ltr'><strong>ipsorum</strong></span> <span class='ocrx_word' id='word_1_298' title='bbox 1160 2448 1407 2504; x_wconf 79' lang='lat' dir='ltr'><strong>vecordia</strong></span> <span class='ocrx_word' id='word_1_299' title='bbox 1451 2448 1550 2502; x_wconf 75' lang='grc'><strong>⁵³.»</strong></span> <span class='ocrx_word' id='word_1_300' title='bbox 1603 2446 1756 2501; x_wconf 82' lang='lat' dir='ltr'><strong>Hanc</strong></span> <span class='ocrx_word' id='word_1_301' title='bbox 1783 2447 1853 2501; x_wconf 91' lang='lat' dir='ltr'><strong>ob</strong></span> <span class='ocrx_word' id='word_1_302' title='bbox 1882 2460 2104 2501; x_wconf 85' lang='lat' dir='ltr'><strong>causam</strong></span> 
     </span>
    </p>
   </div>
   <div class='ocr_carea' id='block_1_43' title="bbox 532 2536 2108 2611">
    <p class='ocr_par' dir='ltr' id='par_1_43' title="bbox 532 2536 2108 2611">
     <span class='ocr_line' id='line_1_43' title="bbox 532 2536 2108 2611; baseline -0.001 -18"><span class='ocrx_word' id='word_1_303' title='bbox 532 2548 717 2611; x_wconf 80' lang='lat' dir='ltr'><strong>postea</strong></span> <span class='ocrx_word' id='word_1_304' title='bbox 746 2540 918 2593; x_wconf 89' lang='lat' dir='ltr'><strong>iratus</strong></span> <span class='ocrx_word' id='word_1_305' title='bbox 940 2549 1023 2595; x_wconf 87' lang='lat' dir='ltr'><strong>est</strong></span> <span class='ocrx_word' id='word_1_306' title='bbox 1050 2539 1212 2604; x_wconf 90' lang='lat' dir='ltr'><strong>Deus,</strong></span> <span class='ocrx_word' id='word_1_307' title='bbox 1242 2548 1296 2594; x_wconf 88' lang='lat' dir='ltr'><strong>et</strong></span> <span class='ocrx_word' id='word_1_308' title='bbox 1323 2538 1657 2607; x_wconf 65' lang='lat' dir='ltr'><strong>aequissime,</strong></span> <span class='ocrx_word' id='word_1_309' title='bbox 1693 2547 1750 2592; x_wconf 91' lang='lat' dir='ltr'><strong>ut</strong></span> <span class='ocrx_word' id='word_1_310' title='bbox 1773 2536 1987 2605; x_wconf 85' lang='lat' dir='ltr'><strong>indigne</strong></span> <span class='ocrx_word' id='word_1_311' title='bbox 2012 2538 2108 2591; x_wconf 84' lang='lat' dir='ltr'><strong>ha-</strong></span> 
     </span>
    </p>
   </div>
   <div class='ocr_carea' id='block_1_44' title="bbox 533 2626 2107 2685">
    <p class='ocr_par' dir='ltr' id='par_1_44' title="bbox 533 2626 2107 2685">
     <span class='ocr_line' id='line_1_44' title="bbox 533 2626 2107 2685; baseline -0.004 0"><span class='ocrx_word' id='word_1_312' title='bbox 533 2630 699 2685; x_wconf 91' lang='lat' dir='ltr'><strong>bitus.</strong></span> <span class='ocrx_word' id='word_1_313' title='bbox 733 2627 868 2683; x_wconf 88' lang='lat' dir='ltr'><strong>Cum</strong></span> <span class='ocrx_word' id='word_1_314' title='bbox 901 2638 1079 2683; x_wconf 89' lang='lat' dir='ltr'><strong>autem</strong></span> <span class='ocrx_word' id='word_1_315' title='bbox 1107 2643 1268 2683; x_wconf 91' lang='lat' dir='ltr'><strong>omne</strong></span> <span class='ocrx_word' id='word_1_316' title='bbox 1308 2642 1503 2683; x_wconf 85' lang='lat' dir='ltr'><strong>nomen</strong></span> <span class='ocrx_word' id='word_1_317' title='bbox 1534 2627 1749 2683; x_wconf 87' lang='lat' dir='ltr'><strong>lsraelis</strong></span> <span class='ocrx_word' id='word_1_318' title='bbox 1775 2626 1895 2682; x_wconf 89' lang='lat' dir='ltr'><strong>loco</strong></span> <span class='ocrx_word' id='word_1_319' title='bbox 1922 2626 2107 2681; x_wconf 88' lang='lat' dir='ltr'><strong>inimi-</strong></span> 
     </span>
    </p>
   </div>
   <div class='ocr_carea' id='block_1_45' title="bbox 533 2717 2106 2790">
    <p class='ocr_par' dir='ltr' id='par_1_45' title="bbox 533 2717 2106 2790">
     <span class='ocr_line' id='line_1_45' title="bbox 533 2717 2106 2790; baseline -0.003 -14"><span class='ocrx_word' id='word_1_320' title='bbox 533 2737 718 2776; x_wconf 80' lang='lat' dir='ltr'><strong>corum</strong></span> <span class='ocrx_word' id='word_1_321' title='bbox 777 2721 1374 2790; x_wconf 86' lang='lat' dir='ltr'><strong>infcnsissintorumque</strong></span> <span class='ocrx_word' id='word_1_322' title='bbox 1416 2719 1659 2775; x_wconf 86' lang='lat' dir='ltr'><strong>hostium</strong></span> <span class='ocrx_word' id='word_1_323' title='bbox 1716 2718 1940 2775; x_wconf 88' lang='lat' dir='ltr'><strong>tribules</strong></span> <span class='ocrx_word' id='word_1_324' title='bbox 1992 2717 2106 2773; x_wconf 87' lang='lat' dir='ltr'><strong>Dan</strong></span> 
     </span>
    </p>
   </div>
   <div class='ocr_carea' id='block_1_46' title="bbox 532 2810 2104 2881">
    <p class='ocr_par' dir='ltr' id='par_1_46' title="bbox 532 2810 2104 2881">
     <span class='ocr_line' id='line_1_46' title="bbox 532 2810 2104 2881; baseline -0.003 -13"><span class='ocrx_word' id='word_1_325' title='bbox 532 2814 752 2874; x_wconf 89' lang='lat' dir='ltr'><strong>ducere.</strong></span> <span class='ocrx_word' id='word_1_326' title='bbox 783 2820 837 2867; x_wconf 92' lang='lat' dir='ltr'><strong>et</strong></span> <span class='ocrx_word' id='word_1_327' title='bbox 867 2812 1120 2867; x_wconf 73' lang='lat' dir='ltr'><strong>admissa:</strong></span> <span class='ocrx_word' id='word_1_328' title='bbox 1167 2811 1221 2866; x_wconf 92' lang='lat' dir='ltr'><strong>in</strong></span> <span class='ocrx_word' id='word_1_329' title='bbox 1271 2810 1439 2866; x_wconf 90' lang='lat' dir='ltr'><strong>Deum</strong></span> <span class='ocrx_word' id='word_1_330' title='bbox 1497 2811 1787 2881; x_wconf 89' lang='lat' dir='ltr'><strong>impietatis</strong></span> <span class='ocrx_word' id='word_1_331' title='bbox 1843 2811 2104 2866; x_wconf 87' lang='lat' dir='ltr'><strong>rationem</strong></span> 
     </span>
    </p>
   </div>
   <div class='ocr_carea' id='block_1_47' title="bbox 530 2901 2106 2974">
    <p class='ocr_par' dir='ltr' id='par_1_47' title="bbox 530 2901 2106 2974">
     <span class='ocr_line' id='line_1_47' title="bbox 530 2901 2106 2974; baseline 0 -16"><span class='ocrx_word' id='word_1_332' title='bbox 530 2919 624 2959; x_wconf 90' lang='lat' dir='ltr'><strong>cos</strong></span> <span class='ocrx_word' id='word_1_333' title='bbox 668 2919 893 2974; x_wconf 87' lang='lat' dir='ltr'><strong>poscere</strong></span> <span class='ocrx_word' id='word_1_334' title='bbox 936 2912 1232 2973; x_wconf 84' lang='lat' dir='ltr'><strong>oporteret,</strong></span> <span class='ocrx_word' id='word_1_335' title='bbox 1282 2903 1445 2958; x_wconf 90' lang='lat' dir='ltr'><strong>etiam</strong></span> <span class='ocrx_word' id='word_1_336' title='bbox 1499 2901 1730 2957; x_wconf 90' lang='lat' dir='ltr'><strong>fortasse</strong></span> <span class='ocrx_word' id='word_1_337' title='bbox 1784 2903 1852 2957; x_wconf 91' lang='lat' dir='ltr'><strong>iis</strong></span> <span class='ocrx_word' id='word_1_338' title='bbox 1896 2903 2106 2958; x_wconf 80' lang='lat' dir='ltr'><strong>assensi</strong></span> 
     </span>
    </p>
   </div>
   <div class='ocr_carea' id='block_1_48' title="bbox 542 2993 2108 3063">
    <p class='ocr_par' dir='ltr' id='par_1_48' title="bbox 542 2993 2108 3063">
     <span class='ocr_line' id='line_1_48' title="bbox 542 2993 2108 3063; baseline 0 -14"><span class='ocrx_word' id='word_1_339' title='bbox 542 3005 690 3060; x_wconf 89' lang='lat' dir='ltr'><strong>sunt,</strong></span> <span class='ocrx_word' id='word_1_340' title='bbox 717 3005 774 3049; x_wconf 89' lang='lat' dir='ltr'><strong>et</strong></span> <span class='ocrx_word' id='word_1_341' title='bbox 802 2995 1098 3052; x_wconf 88' lang='lat' dir='ltr'><strong>laudandos</strong></span> <span class='ocrx_word' id='word_1_342' title='bbox 1127 3002 1475 3059; x_wconf 87' lang='lat' dir='ltr'><strong>censuerunt,</strong></span> <span class='ocrx_word' id='word_1_343' title='bbox 1521 3003 1579 3047; x_wconf 93' lang='lat' dir='ltr'><strong>ut</strong></span> <span class='ocrx_word' id='word_1_344' title='bbox 1631 2995 1721 3063; x_wconf 88' lang='lat' dir='ltr'><strong>qui</strong></span> <span class='ocrx_word' id='word_1_345' title='bbox 1768 2993 1901 3047; x_wconf 85' lang='lat' dir='ltr'><strong>nihil</strong></span> <span class='ocrx_word' id='word_1_346' title='bbox 1949 2993 2108 3061; x_wconf 86' lang='lat' dir='ltr'><strong>plane</strong></span> 
     </span>
    </p>
   </div>
   <div class='ocr_carea' id='block_1_49' title="bbox 532 3081 2105 3155">
    <p class='ocr_par' dir='ltr' id='par_1_49' title="bbox 532 3081 2105 3155">
     <span class='ocr_line' id='line_1_49' title="bbox 532 3081 2105 3155; baseline -0.001 -18"><span class='ocrx_word' id='word_1_347' title='bbox 532 3083 903 3155; x_wconf 84' lang='lat' dir='ltr'><strong>deiiquisseut.</strong></span> <span class='ocrx_word' id='word_1_348' title='bbox 943 3084 1060 3139; x_wconf 84' lang='lat' dir='ltr'><strong>Jam</strong></span> <span class='ocrx_word' id='word_1_349' title='bbox 1088 3098 1216 3140; x_wconf 92' lang='lat' dir='ltr'><strong>vero</strong></span> <span class='ocrx_word' id='word_1_350' title='bbox 1248 3099 1368 3154; x_wconf 78' lang='lat' dir='ltr'><strong>qua:</strong></span> <span class='ocrx_word' id='word_1_351' title='bbox 1402 3081 1561 3152; x_wconf 82' lang='lat' dir='ltr'><strong>hujus</strong></span> <span class='ocrx_word' id='word_1_352' title='bbox 1591 3082 1813 3150; x_wconf 80' lang='lat' dir='ltr'><strong>ignavi-.e</strong></span> <span class='ocrx_word' id='word_1_353' title='bbox 1840 3082 2105 3151; x_wconf 86' lang='lat' dir='ltr'><strong>stipendia</strong></span> 
     </span>
    </p>
   </div>
   <div class='ocr_carea' id='block_1_50' title="bbox 2213 1899 3781 1973">
    <p class='ocr_par' dir='ltr' id='par_1_50' title="bbox 2213 1899 3781 1973">
     <span class='ocr_line' id='line_1_50' title="bbox 2213 1899 3781 1973; baseline 0.004 -21"><span class='ocrx_word' id='word_1_354' title='bbox 2213 1913 2334 1966; x_wconf 85' lang='grc' dir='ltr'>σις,</span> <span class='ocrx_word' id='word_1_355' title='bbox 2371 1899 2627 1971; x_wconf 81' lang='grc' dir='ltr'>Θεραφὶμ</span> <span class='ocrx_word' id='word_1_356' title='bbox 2652 1900 2709 1953; x_wconf 81' lang='grc' dir='ltr'><strong>δέ</strong></span> <span class='ocrx_word' id='word_1_357' title='bbox 2760 1900 2943 1966; x_wconf 89' lang='grc' dir='ltr'>πάλιν,</span> <span class='ocrx_word' id='word_1_358' title='bbox 2982 1902 3251 1973; x_wconf 82' lang='grc' dir='ltr'><strong>ἄνεσιςῆ</strong></span> <span class='ocrx_word' id='word_1_359' title='bbox 3284 1902 3781 1972; x_wconf 71' lang='grc' dir='ltr'>ἰώμενοςαὺτούς.</span> 
     </span>
    </p>
   </div>
   <div class='ocr_carea' id='block_1_51' title="bbox 2212 1987 3788 2064">
    <p class='ocr_par' dir='ltr' id='par_1_51' title="bbox 2212 1987 3788 2064">
     <span class='ocr_line' id='line_1_51' title="bbox 2212 1987 3788 2064; baseline 0.001 -19"><span class='ocrx_word' id='word_1_360' title='bbox 2212 1990 2445 2045; x_wconf 77' lang='grc' dir='ltr'>Εἴδωλον</span> <span class='ocrx_word' id='word_1_361' title='bbox 2466 1991 2576 2064; x_wconf 84' lang='grc' dir='ltr'>γὰρ</span> <span class='ocrx_word' id='word_1_362' title='bbox 2601 1987 2669 2063; x_wconf 79' lang='grc' dir='ltr'>ἦν</span> <span class='ocrx_word' id='word_1_363' title='bbox 2694 1992 2961 2064; x_wconf 81' lang='grc' dir='ltr'>ὑπόληψιν</span> <span class='ocrx_word' id='word_1_364' title='bbox 2995 1993 3116 2064; x_wconf 84' lang='grc' dir='ltr'>ἐχον</span> <span class='ocrx_word' id='word_1_365' title='bbox 3148 1995 3232 2063; x_wconf 88' lang='grc' dir='ltr'>ἐφ’</span> <span class='ocrx_word' id='word_1_366' title='bbox 3272 1992 3451 2064; x_wconf 80' lang='grc' dir='ltr'>ἐαυτῷ</span> <span class='ocrx_word' id='word_1_367' title='bbox 3472 1993 3668 2063; x_wconf 72' lang='grc' dir='ltr'>ψευδῆ,</span> <span class='ocrx_word' id='word_1_368' title='bbox 3697 1991 3788 2046; x_wconf 77' lang='grc' dir='ltr'>τοῦ</span> 
     </span>
    </p>
   </div>
   <div class='ocr_carea' id='block_1_52' title="bbox 2213 2080 3794 2156">
    <p class='ocr_par' dir='ltr' id='par_1_52' title="bbox 2213 2080 3794 2156">
     <span class='ocr_line' id='line_1_52' title="bbox 2213 2080 3794 2156; baseline 0.002 -21"><span class='ocrx_word' id='word_1_369' title='bbox 2213 2080 2534 2153; x_wconf 80' lang='grc' dir='ltr'>θεραπεύειν</span> <span class='ocrx_word' id='word_1_370' title='bbox 2570 2080 2832 2138; x_wconf 87' lang='grc' dir='ltr'>δύνασθαί</span> <span class='ocrx_word' id='word_1_371' title='bbox 2859 2100 3031 2147; x_wconf 85' lang='grc' dir='ltr'>τινας.</span> <span class='ocrx_word' id='word_1_372' title='bbox 3066 2084 3497 2156; x_wconf 71' lang='grc' dir='ltr'>Περιπλάττουτι</span> <span class='ocrx_word' id='word_1_373' title='bbox 3526 2083 3636 2156; x_wconf 86' lang='grc' dir='ltr'>γὰρ</span> <span class='ocrx_word' id='word_1_374' title='bbox 3675 2084 3794 2138; x_wconf 84' lang='grc' dir='ltr'><strong>Ἑλ·-</strong></span> 
     </span>
    </p>
   </div>
   <div class='ocr_carea' id='block_1_53' title="bbox 2211 2171 3790 2248">
    <p class='ocr_par' dir='ltr' id='par_1_53' title="bbox 2211 2171 3790 2248">
     <span class='ocr_line' id='line_1_53' title="bbox 2211 2171 3790 2248; baseline 0.002 -23"><span class='ocrx_word' id='word_1_375' title='bbox 2211 2171 2387 2244; x_wconf 85' lang='grc' dir='ltr'>λήνων</span> <span class='ocrx_word' id='word_1_376' title='bbox 2414 2173 2597 2238; x_wconf 80' lang='grc' dir='ltr'>παῖδες</span> <span class='ocrx_word' id='word_1_377' title='bbox 2629 2172 2743 2226; x_wconf 78' lang='grc' dir='ltr'>ἐσθ’</span> <span class='ocrx_word' id='word_1_378' title='bbox 2769 2174 2857 2228; x_wconf 85' lang='grc' dir='ltr'>ὅτε</span> <span class='ocrx_word' id='word_1_379' title='bbox 2886 2177 3008 2238; x_wconf 83' lang='grc' dir='ltr'>ταῖς</span> <span class='ocrx_word' id='word_1_380' title='bbox 3032 2174 3304 2240; x_wconf 87' lang='grc' dir='ltr'>τοιαύταις</span> <span class='ocrx_word' id='word_1_381' title='bbox 3323 2176 3501 2243; x_wconf 80' lang='grc' dir='ltr'>δόξαις</span> <span class='ocrx_word' id='word_1_382' title='bbox 3529 2175 3597 2228; x_wconf 76' lang='grc' dir='ltr'>τὰ</span> <span class='ocrx_word' id='word_1_383' title='bbox 3620 2193 3790 2248; x_wconf 88' lang='grc' dir='ltr'>χειρο-</span> 
     </span>
    </p>
   </div>
   <div class='ocr_carea' id='block_1_54' title="bbox 2213 2261 3789 2338">
    <p class='ocr_par' dir='ltr' id='par_1_54' title="bbox 2213 2261 3789 2338">
     <span class='ocr_line' id='line_1_54' title="bbox 2213 2261 3789 2338; baseline 0.002 -21"><span class='ocrx_word' id='word_1_384' title='bbox 2213 2261 2636 2334; x_wconf 77' lang='grc' dir='ltr'>ποίητα.‹Τοῦτο</span> <span class='ocrx_word' id='word_1_385' title='bbox 2672 2262 3055 2335; x_wconf 82' lang='grc' dir='ltr'>μεμαθηκότες</span> <span class='ocrx_word' id='word_1_386' title='bbox 3083 2267 3133 2319; x_wconf 87' lang='grc' dir='ltr'><strong>οί</strong></span> <span class='ocrx_word' id='word_1_387' title='bbox 3182 2266 3291 2320; x_wconf 87' lang='grc' dir='ltr'><strong>άπὸ</strong></span> <span class='ocrx_word' id='word_1_388' title='bbox 3320 2266 3448 2331; x_wconf 83' lang='grc' dir='ltr'>Δάν,</span> <span class='ocrx_word' id='word_1_389' title='bbox 3471 2266 3789 2338; x_wconf 70' lang='grc' dir='ltr'>άναλαμϐάυ</span> 
     </span>
    </p>
   </div>
   <div class='ocr_carea' id='block_1_55' title="bbox 2210 2352 3789 2428">
    <p class='ocr_par' dir='ltr' id='par_1_55' title="bbox 2210 2352 3789 2428">
     <span class='ocr_line' id='line_1_55' title="bbox 2210 2352 3789 2428; baseline 0.005 -25"><span class='ocrx_word' id='word_1_390' title='bbox 2210 2368 2361 2405; x_wconf 90' lang='grc' dir='ltr'>νουσι</span> <span class='ocrx_word' id='word_1_391' title='bbox 2392 2353 2454 2406; x_wconf 86' lang='grc' dir='ltr'><strong>τὸ</strong></span> <span class='ocrx_word' id='word_1_392' title='bbox 2488 2352 2748 2420; x_wconf 82' lang='grc' dir='ltr'>γλυπτὸν,</span> <span class='ocrx_word' id='word_1_393' title='bbox 2782 2354 3141 2409; x_wconf 81' lang='grc' dir='ltr'>ἀναπείθουσι</span> <span class='ocrx_word' id='word_1_394' title='bbox 3167 2356 3224 2410; x_wconf 82' lang='grc' dir='ltr'><strong>δὲ</strong></span> <span class='ocrx_word' id='word_1_395' title='bbox 3269 2357 3364 2410; x_wconf 72' lang='grc' dir='ltr'>καὶ</span> <span class='ocrx_word' id='word_1_396' title='bbox 3392 2356 3483 2410; x_wconf 84' lang='grc' dir='ltr'><strong>τὸν</strong></span> <span class='ocrx_word' id='word_1_397' title='bbox 3529 2356 3590 2422; x_wconf 81' lang='grc' dir='ltr'><strong>ἐξ</strong></span> <span class='ocrx_word' id='word_1_398' title='bbox 3623 2358 3789 2428; x_wconf 77' lang='grc' dir='ltr'>αἵμα-</span> 
     </span>
    </p>
   </div>
   <div class='ocr_carea' id='block_1_56' title="bbox 2208 2442 3789 2517">
    <p class='ocr_par' dir='ltr' id='par_1_56' title="bbox 2208 2442 3789 2517">
     <span class='ocr_line' id='line_1_56' title="bbox 2208 2442 3789 2517; baseline 0.004 -21"><span class='ocrx_word' id='word_1_399' title='bbox 2208 2460 2300 2507; x_wconf 86' lang='grc' dir='ltr'><strong>τος</strong></span> <span class='ocrx_word' id='word_1_400' title='bbox 2327 2442 2419 2497; x_wconf 83' lang='grc' dir='ltr'>τοῦ</span> <span class='ocrx_word' id='word_1_401' title='bbox 2460 2442 2592 2497; x_wconf 78' lang='grc' dir='ltr'>Λευῒ</span> <span class='ocrx_word' id='word_1_402' title='bbox 2632 2444 3097 2515; x_wconf 87' lang='grc' dir='ltr'>κατακολουθῆσαί</span> <span class='ocrx_word' id='word_1_403' title='bbox 3152 2463 3358 2516; x_wconf 71' lang='grc' dir='ltr'>σφισιν,</span> <span class='ocrx_word' id='word_1_404' title='bbox 3410 2448 3789 2517; x_wconf 84' lang='grc' dir='ltr'>ἀποφοιτῶντα</span> 
     </span>
    </p>
   </div>
   <div class='ocr_carea' id='block_1_57' title="bbox 2208 2534 3788 2611">
    <p class='ocr_par' dir='ltr' id='par_1_57' title="bbox 2208 2534 3788 2611">
     <span class='ocr_line' id='line_1_57' title="bbox 2208 2534 3788 2611; baseline 0.003 -22"><span class='ocrx_word' id='word_1_405' title='bbox 2208 2534 2467 2606; x_wconf 84' lang='grc' dir='ltr'>Μιχαίου.</span> <span class='ocrx_word' id='word_1_406' title='bbox 2524 2536 2976 2608; x_wconf 74' lang='grc' dir='ltr'>Παραταξάμενοι</span> <span class='ocrx_word' id='word_1_407' title='bbox 3039 2537 3117 2601; x_wconf 82' lang='grc' dir='ltr'><strong>δὲ,</strong></span> <span class='ocrx_word' id='word_1_408' title='bbox 3153 2539 3248 2591; x_wconf 76' lang='grc' dir='ltr'><strong>καὶ</strong></span> <span class='ocrx_word' id='word_1_409' title='bbox 3279 2539 3644 2611; x_wconf 79' lang='grc' dir='ltr'>νενικηκότες,</span> <span class='ocrx_word' id='word_1_410' title='bbox 3696 2542 3788 2594; x_wconf 87' lang='grc' dir='ltr'><strong>καί</strong></span> 
     </span>
    </p>
   </div>
   <div class='ocr_carea' id='block_1_58' title="bbox 2211 2624 3789 2703">
    <p class='ocr_par' dir='ltr' id='par_1_58' title="bbox 2211 2624 3789 2703">
     <span class='ocr_line' id='line_1_58' title="bbox 2211 2624 3789 2703; baseline 0.004 -26"><span class='ocrx_word' id='word_1_411' title='bbox 2211 2624 2315 2678; x_wconf 81' lang='grc' dir='ltr'>ὑπὸ</span> <span class='ocrx_word' id='word_1_412' title='bbox 2343 2628 2501 2696; x_wconf 86' lang='grc' dir='ltr'>χεῖρα</span> <span class='ocrx_word' id='word_1_413' title='bbox 2525 2626 2780 2692; x_wconf 83' lang='grc' dir='ltr'>λαϐόντες</span> <span class='ocrx_word' id='word_1_414' title='bbox 2822 2628 2924 2699; x_wconf 80' lang='grc' dir='ltr'>τὴν</span> <span class='ocrx_word' id='word_1_415' title='bbox 2964 2629 3086 2700; x_wconf 91' lang='grc' dir='ltr'>γῆν,</span> <span class='ocrx_word' id='word_1_416' title='bbox 3133 2630 3484 2701; x_wconf 84' lang='grc' dir='ltr'>ἀνεδείμαντο</span> <span class='ocrx_word' id='word_1_417' title='bbox 3517 2631 3693 2695; x_wconf 89' lang='grc' dir='ltr'>πόλιν,</span> <span class='ocrx_word' id='word_1_418' title='bbox 3723 2632 3789 2703; x_wconf 76' lang='grc' dir='ltr'>ἣν</span> 
     </span>
    </p>
   </div>
   <div class='ocr_carea' id='block_1_59' title="bbox 2209 2716 3792 2793">
    <p class='ocr_par' dir='ltr' id='par_1_59' title="bbox 2209 2716 3792 2793">
     <span class='ocr_line' id='line_1_59' title="bbox 2209 2716 3792 2793; baseline 0.004 -25"><span class='ocrx_word' id='word_1_419' title='bbox 2209 2716 2575 2786; x_wconf 81' lang='grc' dir='ltr'>ἐπωνόμασαν</span> <span class='ocrx_word' id='word_1_420' title='bbox 2635 2716 2778 2786; x_wconf 79' lang='grc' dir='ltr'>Δάν,</span> <span class='ocrx_word' id='word_1_421' title='bbox 2823 2718 2884 2771; x_wconf 86' lang='grc' dir='ltr'><strong>τὸ</strong></span> <span class='ocrx_word' id='word_1_422' title='bbox 2945 2718 3040 2772; x_wconf 85' lang='grc' dir='ltr'>τοῦ</span> <span class='ocrx_word' id='word_1_423' title='bbox 3094 2721 3435 2792; x_wconf 84' lang='grc' dir='ltr'>προπάτορος</span> <span class='ocrx_word' id='word_1_424' title='bbox 3487 2723 3792 2793; x_wconf 77' lang='grc' dir='ltr'>γράφοντες</span> 
     </span>
    </p>
   </div>
   <div class='ocr_carea' id='block_1_60' title="bbox 2210 2805 3789 2884">
    <p class='ocr_par' dir='ltr' id='par_1_60' title="bbox 2210 2805 3789 2884">
     <span class='ocr_line' id='line_1_60' title="bbox 2210 2805 3789 2884; baseline 0.004 -24"><span class='ocrx_word' id='word_1_425' title='bbox 2210 2807 2370 2879; x_wconf 75' lang='grc' dir='ltr'>αὐτῇ·</span> <span class='ocrx_word' id='word_1_426' title='bbox 2412 2808 2585 2880; x_wconf 82' lang='grc' dir='ltr'>φυλῆς</span> <span class='ocrx_word' id='word_1_427' title='bbox 2612 2809 2722 2881; x_wconf 85' lang='grc' dir='ltr'><strong>γὰρ</strong></span> <span class='ocrx_word' id='word_1_428' title='bbox 2758 2805 2900 2882; x_wconf 85' lang='grc' dir='ltr'>ῆσαν</span> <span class='ocrx_word' id='word_1_429' title='bbox 2954 2810 3047 2864; x_wconf 79' lang='grc' dir='ltr'><strong>καὶ</strong></span> <span class='ocrx_word' id='word_1_430' title='bbox 3097 2811 3330 2882; x_wconf 85' lang='grc' dir='ltr'>αἵματος</span> <span class='ocrx_word' id='word_1_431' title='bbox 3376 2814 3475 2884; x_wconf 85' lang='grc' dir='ltr'><strong>τῆς</strong></span> <span class='ocrx_word' id='word_1_432' title='bbox 3520 2813 3628 2866; x_wconf 84' lang='grc' dir='ltr'><strong>ἀπὸ</strong></span> <span class='ocrx_word' id='word_1_433' title='bbox 3658 2813 3789 2876; x_wconf 80' lang='grc' dir='ltr'>Δάν,</span> 
     </span>
    </p>
   </div>
   <div class='ocr_carea' id='block_1_61' title="bbox 2209 2896 3791 2975">
    <p class='ocr_par' dir='ltr' id='par_1_61' title="bbox 2209 2896 3791 2975">
     <span class='ocr_line' id='line_1_61' title="bbox 2209 2896 3791 2975; baseline 0.006 -27"><span class='ocrx_word' id='word_1_434' title='bbox 2209 2896 2284 2959; x_wconf 85' lang='grc' dir='ltr'>ὡς</span> <span class='ocrx_word' id='word_1_435' title='bbox 2313 2897 2470 2969; x_wconf 79' lang='grc' dir='ltr'>ἔφην.</span> <span class='ocrx_word' id='word_1_436' title='bbox 2516 2899 2885 2971; x_wconf 84' lang='grc' dir='ltr'>Ἱδρυσάμενοι</span> <span class='ocrx_word' id='word_1_437' title='bbox 2927 2901 2983 2953; x_wconf 85' lang='grc' dir='ltr'>δὲ</span> <span class='ocrx_word' id='word_1_438' title='bbox 3038 2902 3132 2954; x_wconf 82' lang='grc' dir='ltr'>καὶ</span> <span class='ocrx_word' id='word_1_439' title='bbox 3167 2902 3226 2955; x_wconf 85' lang='grc' dir='ltr'><strong>τὸ</strong></span> <span class='ocrx_word' id='word_1_440' title='bbox 3276 2902 3490 2956; x_wconf 78' lang='grc' dir='ltr'>εἴδωλον</span> <span class='ocrx_word' id='word_1_441' title='bbox 3518 2904 3575 2955; x_wconf 86' lang='grc' dir='ltr'><strong>ἐν</strong></span> <span class='ocrx_word' id='word_1_442' title='bbox 3610 2905 3791 2975; x_wconf 79' lang='grc' dir='ltr'>αὐτῇ,</span> 
     </span>
    </p>
   </div>
   <div class='ocr_carea' id='block_1_62' title="bbox 2209 2984 3792 3065">
    <p class='ocr_par' dir='ltr' id='par_1_62' title="bbox 2209 2984 3792 3065">
     <span class='ocr_line' id='line_1_62' title="bbox 2209 2984 3792 3065; baseline 0.007 -27"><span class='ocrx_word' id='word_1_443' title='bbox 2209 2984 2399 3051; x_wconf 80' lang='grc' dir='ltr'>Θυσίας</span> <span class='ocrx_word' id='word_1_444' title='bbox 2417 2990 2712 3059; x_wconf 86' lang='grc' dir='ltr'>προσῆγον,</span> <span class='ocrx_word' id='word_1_445' title='bbox 2731 2992 2826 3044; x_wconf 74' lang='grc' dir='ltr'>καὶ</span> <span class='ocrx_word' id='word_1_446' title='bbox 2846 2991 2984 3062; x_wconf 76' lang='grc' dir='ltr'>ὁμοῦ</span> <span class='ocrx_word' id='word_1_447' title='bbox 3005 2995 3072 3062; x_wconf 83' lang='grc' dir='ltr'>τῇ</span> <span class='ocrx_word' id='word_1_448' title='bbox 3092 2994 3162 3061; x_wconf 82' lang='grc' dir='ltr'>γῇ</span> <span class='ocrx_word' id='word_1_449' title='bbox 3189 2993 3283 3045; x_wconf 75' lang='grc' dir='ltr'>καὶ</span> <span class='ocrx_word' id='word_1_450' title='bbox 3317 2992 3437 3044; x_wconf 85' lang='grc' dir='ltr'>θεὸν</span> <span class='ocrx_word' id='word_1_451' title='bbox 3463 2995 3792 3065; x_wconf 74' lang='grc' dir='ltr'>ἐκτήσαντοο</span> 
     </span>
    </p>
   </div>
   <div class='ocr_carea' id='block_1_63' title="bbox 2209 3076 3796 3156">
    <p class='ocr_par' dir='ltr' id='par_1_63' title="bbox 2209 3076 3796 3156">
     <span class='ocr_line' id='line_1_63' title="bbox 2209 3076 3796 3156; baseline 0.01 -28"><span class='ocrx_word' id='word_1_452' title='bbox 2209 3076 2345 3147; x_wconf 83' lang='grc' dir='ltr'>πρὸς</span> <span class='ocrx_word' id='word_1_453' title='bbox 2370 3078 2527 3131; x_wconf 84' lang='grc' dir='ltr'>τοῦτο</span> <span class='ocrx_word' id='word_1_454' title='bbox 2546 3081 2730 3144; x_wconf 83' lang='grc' dir='ltr'>αὐτοῖς</span> <span class='ocrx_word' id='word_1_455' title='bbox 2752 3081 3009 3144; x_wconf 88' lang='grc' dir='ltr'>ἀϐουλίας</span> <span class='ocrx_word' id='word_1_456' title='bbox 3034 3082 3402 3152; x_wconf 89' lang='grc' dir='ltr'>κατεκομίσθη</span> <span class='ocrx_word' id='word_1_457' title='bbox 3431 3084 3491 3136; x_wconf 84' lang='grc' dir='ltr'><strong>τὸ</strong></span> <span class='ocrx_word' id='word_1_458' title='bbox 3510 3086 3796 3156; x_wconf 83' lang='grc' dir='ltr'>φρόνημα.</span> 
     </span>
    </p>
   </div>
   <div class='ocr_carea' id='block_1_64' title="bbox 531 3141 2111 3246">
    <p class='ocr_par' dir='ltr' id='par_1_64' title="bbox 531 3168 2105 3246">
     <span class='ocr_line' id='line_1_64' title="bbox 531 3168 2105 3246; baseline -0.004 -17"><span class='ocrx_word' id='word_1_459' title='bbox 531 3176 864 3246; x_wconf 86' lang='lat' dir='ltr'><strong>acceperint,</strong></span> <span class='ocrx_word' id='word_1_460' title='bbox 899 3189 998 3245; x_wconf 82' lang='lat' dir='ltr'><strong>age</strong></span> <span class='ocrx_word' id='word_1_461' title='bbox 1031 3186 1538 3229; x_wconf 89' lang='lat' dir='ltr'><strong>commemoremus.</strong></span> <span class='ocrx_word' id='word_1_462' title='bbox 1582 3169 1740 3224; x_wconf 80' lang='lat' dir='ltr'><strong>Nullo</strong></span> <span class='ocrx_word' id='word_1_463' title='bbox 1770 3168 1944 3224; x_wconf 89' lang='lat' dir='ltr'><strong>adhuc</strong></span> <span class='ocrx_word' id='word_1_464' title='bbox 1980 3184 2105 3239; x_wconf 85' lang='lat' dir='ltr'><strong>rege</strong></span> 
     </span>
    </p>
   </div>
   <div class='ocr_carea' id='block_1_65' title="bbox 2212 3141 3797 3246">
    <p class='ocr_par' dir='ltr' id='par_1_65' title="bbox 2212 3141 3797 3246">
     <span class='ocr_line' id='line_1_65' title="bbox 2212 3141 3797 3246; baseline 0.007 -26"><span class='ocrx_word' id='word_1_465' title='bbox 2212 3141 2477 3241; x_wconf 77' lang='grc' dir='ltr'>Ταύτῃτοι</span> <span class='ocrx_word' id='word_1_466' title='bbox 2506 3169 2638 3235; x_wconf 80' lang='grc' dir='ltr'>Θεὸς</span> <span class='ocrx_word' id='word_1_467' title='bbox 2671 3141 2968 3241; x_wconf 75' lang='grc' dir='ltr'>ἠγανάκτει</span> <span class='ocrx_word' id='word_1_468' title='bbox 2989 3141 3197 3236; x_wconf 84' lang='grc' dir='ltr'>λοιπὸν,</span> <span class='ocrx_word' id='word_1_469' title='bbox 3229 3141 3323 3225; x_wconf 72' lang='grc' dir='ltr'><strong>καὶ</strong></span> <span class='ocrx_word' id='word_1_470' title='bbox 3363 3141 3797 3246; x_wconf 78' lang='grc' dir='ltr'>μάλα</span> 
     </span>
    </p>
   </div>
   <div class='ocr_carea' id='block_1_66' title="bbox 531 3259 2107 3336">
    <p class='ocr_par' dir='ltr' id='par_1_66' title="bbox 531 3259 2107 3336">
     <span class='ocr_line' id='line_1_66' title="bbox 531 3259 2107 3336; baseline -0.004 -15"><span class='ocrx_word' id='word_1_471' title='bbox 531 3264 764 3336; x_wconf 89' lang='lat' dir='ltr'><strong>Israelis,</strong></span> <span class='ocrx_word' id='word_1_472' title='bbox 814 3267 899 3320; x_wconf 90' lang='lat' dir='ltr'><strong>vir</strong></span> <span class='ocrx_word' id='word_1_473' title='bbox 951 3267 1170 3336; x_wconf 88' lang='lat' dir='ltr'><strong>quidam</strong></span> <span class='ocrx_word' id='word_1_474' title='bbox 1228 3263 1465 3328; x_wconf 85' lang='lat' dir='ltr'><strong>Levites,</strong></span> <span class='ocrx_word' id='word_1_475' title='bbox 1526 3261 1777 3316; x_wconf 88' lang='lat' dir='ltr'><strong>habitans</strong></span> <span class='ocrx_word' id='word_1_476' title='bbox 1828 3264 1882 3316; x_wconf 93' lang='lat' dir='ltr'><strong>in</strong></span> <span class='ocrx_word' id='word_1_477' title='bbox 1937 3259 2107 3315; x_wconf 88' lang='lat' dir='ltr'><strong>latere</strong></span> 
     </span>
    </p>
   </div>
   <div class='ocr_carea' id='block_1_67' title="bbox 531 3350 2104 3424">
    <p class='ocr_par' dir='ltr' id='par_1_67' title="bbox 531 3350 2104 3424">
     <span class='ocr_line' id='line_1_67' title="bbox 531 3350 2104 3424; baseline -0.004 -13"><span class='ocrx_word' id='word_1_478' title='bbox 531 3357 730 3412; x_wconf 89' lang='lat' dir='ltr'><strong>montis</strong></span> <span class='ocrx_word' id='word_1_479' title='bbox 773 3355 1052 3424; x_wconf 89' lang='lat' dir='ltr'><strong>Ephraim,</strong></span> <span class='ocrx_word' id='word_1_480' title='bbox 1102 3369 1323 3409; x_wconf 79' lang='lat' dir='ltr'><strong>uxorem</strong></span> <span class='ocrx_word' id='word_1_481' title='bbox 1375 3350 1842 3407; x_wconf 88' lang='lat' dir='ltr'><strong>Bethleemitidem</strong></span> <span class='ocrx_word' id='word_1_482' title='bbox 1929 3350 2104 3405; x_wconf 74' lang='lat' dir='ltr'><strong>duxit.</strong></span> 
     </span>
    </p>
   </div>
   <div class='ocr_carea' id='block_1_68' title="bbox 534 3444 2105 3516">
    <p class='ocr_par' dir='ltr' id='par_1_68' title="bbox 534 3444 2105 3516">
     <span class='ocr_line' id='line_1_68' title="bbox 534 3444 2105 3516; baseline -0.004 -13"><span class='ocrx_word' id='word_1_483' title='bbox 534 3448 664 3516; x_wconf 78' lang='lat' dir='ltr'><strong>Qua:</strong></span> <span class='ocrx_word' id='word_1_484' title='bbox 689 3460 812 3502; x_wconf 89' lang='lat' dir='ltr'><strong>cum</strong></span> <span class='ocrx_word' id='word_1_485' title='bbox 849 3446 1073 3515; x_wconf 74' lang='lat' dir='ltr'><strong>fugisset</strong></span> <span class='ocrx_word' id='word_1_486' title='bbox 1120 3444 1189 3498; x_wconf 87' lang='lat' dir='ltr'><strong>ad</strong></span> <span class='ocrx_word' id='word_1_487' title='bbox 1236 3450 1444 3513; x_wconf 85' lang='lat' dir='ltr'><strong>patrem</strong></span> <span class='ocrx_word' id='word_1_488' title='bbox 1494 3456 1672 3505; x_wconf 90' lang='lat' dir='ltr'><strong>suum,</strong></span> <span class='ocrx_word' id='word_1_489' title='bbox 1722 3451 1941 3496; x_wconf 88' lang='lat' dir='ltr'><strong>secutus</strong></span> <span class='ocrx_word' id='word_1_490' title='bbox 1985 3456 2105 3497; x_wconf 84' lang='lat' dir='ltr'><strong>ean:</strong></span> 
     </span>
    </p>
   </div>
   <div class='ocr_carea' id='block_1_69' title="bbox 534 3533 2107 3613">
    <p class='ocr_par' dir='ltr' id='par_1_69' title="bbox 534 3533 2107 3613">
     <span class='ocr_line' id='line_1_69' title="bbox 534 3533 2107 3613; baseline -0.004 -19"><span class='ocrx_word' id='word_1_491' title='bbox 534 3539 785 3603; x_wconf 83' lang='lat' dir='ltr'><strong>maritus,</strong></span> <span class='ocrx_word' id='word_1_492' title='bbox 815 3536 1103 3607; x_wconf 84' lang='lat' dir='ltr'><strong>persuasit,</strong></span> <span class='ocrx_word' id='word_1_493' title='bbox 1145 3542 1203 3589; x_wconf 92' lang='lat' dir='ltr'><strong>nt</strong></span> <span class='ocrx_word' id='word_1_494' title='bbox 1235 3548 1417 3589; x_wconf 88' lang='lat' dir='ltr'><strong>secum</strong></span> <span class='ocrx_word' id='word_1_495' title='bbox 1470 3533 1645 3588; x_wconf 77' lang='lat' dir='ltr'><strong>redire</strong></span> <span class='ocrx_word' id='word_1_496' title='bbox 1690 3547 1753 3588; x_wconf 85' lang='lat' dir='ltr'><strong>ac</strong></span> <span class='ocrx_word' id='word_1_497' title='bbox 1790 3533 1855 3587; x_wconf 87' lang='lat' dir='ltr'><strong>de</strong></span> <span class='ocrx_word' id='word_1_498' title='bbox 1911 3542 2107 3613; x_wconf 68' lang='lat' dir='ltr'><strong>caetero</strong></span> 
     </span>
    </p>
   </div>
   <div class='ocr_carea' id='block_1_70' title="bbox 530 3624 2105 3694">
    <p class='ocr_par' dir='ltr' id='par_1_70' title="bbox 530 3624 2105 3694">
     <span class='ocr_line' id='line_1_70' title="bbox 530 3624 2105 3694; baseline -0.004 -8"><span class='ocrx_word' id='word_1_499' title='bbox 530 3630 846 3687; x_wconf 86' lang='lat' dir='ltr'><strong>cohabitare</strong></span> <span class='ocrx_word' id='word_1_500' title='bbox 876 3627 1055 3683; x_wconf 78' lang='lat' dir='ltr'><strong>vellet.</strong></span> <span class='ocrx_word' id='word_1_501' title='bbox 1092 3625 1211 3694; x_wconf 85' lang='lat' dir='ltr'><strong>Quo</strong></span> <span class='ocrx_word' id='word_1_502' title='bbox 1243 3625 1408 3691; x_wconf 87' lang='lat' dir='ltr'><strong>facto,</strong></span> <span class='ocrx_word' id='word_1_503' title='bbox 1457 3625 1509 3679; x_wconf 91' lang='lat' dir='ltr'><strong>in</strong></span> <span class='ocrx_word' id='word_1_504' title='bbox 1541 3625 1718 3680; x_wconf 88' lang='lat' dir='ltr'><strong>medio</strong></span> <span class='ocrx_word' id='word_1_505' title='bbox 1758 3624 1953 3680; x_wconf 88' lang='lat' dir='ltr'><strong>itinere</strong></span> <span class='ocrx_word' id='word_1_506' title='bbox 1982 3639 2105 3679; x_wconf 88' lang='lat' dir='ltr'><strong>cum</strong></span> 
     </span>
    </p>
   </div>
   <div class='ocr_carea' id='block_1_71' title="bbox 531 3716 2103 3790">
    <p class='ocr_par' dir='ltr' id='par_1_71' title="bbox 531 3716 2103 3790">
     <span class='ocr_line' id='line_1_71' title="bbox 531 3716 2103 3790; baseline -0.005 -13"><span class='ocrx_word' id='word_1_507' title='bbox 531 3737 593 3777; x_wconf 85' lang='lat' dir='ltr'><strong>ea</strong></span> <span class='ocrx_word' id='word_1_508' title='bbox 625 3722 679 3776; x_wconf 92' lang='lat' dir='ltr'><strong>in</strong></span> <span class='ocrx_word' id='word_1_509' title='bbox 710 3720 895 3777; x_wconf 87' lang='lat' dir='ltr'><strong>Gabaa</strong></span> <span class='ocrx_word' id='word_1_510' title='bbox 923 3720 1200 3790; x_wconf 88' lang='lat' dir='ltr'><strong>oppidum,</strong></span> <span class='ocrx_word' id='word_1_511' title='bbox 1237 3717 1382 3788; x_wconf 85' lang='lat' dir='ltr'><strong>quod</strong></span> <span class='ocrx_word' id='word_1_512' title='bbox 1425 3717 1848 3788; x_wconf 85' lang='lat' dir='ltr'><strong>interpretantur</strong></span> <span class='ocrx_word' id='word_1_513' title='bbox 1899 3716 2103 3783; x_wconf 82' lang='lat' dir='ltr'><strong>collem,</strong></span> 
     </span>
    </p>
   </div>
   <div class='ocr_carea' id='block_1_72' title="bbox 531 3806 2105 3879">
    <p class='ocr_par' dir='ltr' id='par_1_72' title="bbox 531 3806 2105 3879">
     <span class='ocr_line' id='line_1_72' title="bbox 531 3806 2105 3879; baseline 0.001 -17"><span class='ocrx_word' id='word_1_514' title='bbox 531 3811 770 3865; x_wconf 85' lang='lat' dir='ltr'><strong>divertit.</strong></span> <span class='ocrx_word' id='word_1_515' title='bbox 795 3809 1013 3877; x_wconf 65' lang='lat' dir='ltr'><strong>Gabaze,</strong></span> <span class='ocrx_word' id='word_1_516' title='bbox 1044 3809 1155 3864; x_wconf 83' lang='lat' dir='ltr'><strong>sive</strong></span> <span class='ocrx_word' id='word_1_517' title='bbox 1179 3808 1334 3864; x_wconf 88' lang='lat' dir='ltr'><strong>collis</strong></span> <span class='ocrx_word' id='word_1_518' title='bbox 1363 3807 1553 3864; x_wconf 74' lang='lat' dir='ltr'><strong>incola:</strong></span> <span class='ocrx_word' id='word_1_519' title='bbox 1580 3817 1736 3864; x_wconf 85' lang='lat' dir='ltr'><strong>erant</strong></span> <span class='ocrx_word' id='word_1_520' title='bbox 1764 3806 2105 3879; x_wconf 80' lang='lat' dir='ltr'><strong>Benjamitte.</strong></span> 
     </span>
    </p>
   </div>
   <div class='ocr_carea' id='block_1_73' title="bbox 539 3888 2106 3971">
    <p class='ocr_par' dir='ltr' id='par_1_73' title="bbox 539 3888 2106 3971">
     <span class='ocr_line' id='line_1_73' title="bbox 539 3888 2106 3971; baseline -0.001 -17"><span class='ocrx_word' id='word_1_521' title='bbox 539 3900 701 3971; x_wconf 76' lang='lat'><strong>136</strong></span> <span class='ocrx_word' id='word_1_522' title='bbox 727 3898 794 3953; x_wconf 89' lang='lat' dir='ltr'><strong>lis</strong></span> <span class='ocrx_word' id='word_1_523' title='bbox 820 3903 961 3969; x_wconf 82' lang='lat' dir='ltr'><strong>apud</strong></span> <span class='ocrx_word' id='word_1_524' title='bbox 988 3915 1171 3954; x_wconf 88' lang='lat' dir='ltr'><strong>senem</strong></span> <span class='ocrx_word' id='word_1_525' title='bbox 1213 3888 1499 3968; x_wconf 86' lang='lat' dir='ltr'><strong>quemdam</strong></span> <span class='ocrx_word' id='word_1_526' title='bbox 1535 3898 1955 3965; x_wconf 87' lang='lat' dir='ltr'><strong>diversantibus,</strong></span> <span class='ocrx_word' id='word_1_527' title='bbox 2004 3913 2106 3954; x_wconf 54' lang='lat' dir='ltr'><strong>no.</strong></span> 
     </span>
    </p>
   </div>
   <div class='ocr_carea' id='block_1_74' title="bbox 535 3988 2110 4061">
    <p class='ocr_par' dir='ltr' id='par_1_74' title="bbox 535 3988 2110 4061">
     <span class='ocr_line' id='line_1_74' title="bbox 535 3988 2110 4061; baseline 0.001 -17"><span class='ocrx_word' id='word_1_528' title='bbox 535 4003 621 4044; x_wconf 83' lang='lat' dir='ltr'><strong>cte</strong></span> <span class='ocrx_word' id='word_1_529' title='bbox 649 3990 822 4043; x_wconf 89' lang='lat' dir='ltr'><strong>media</strong></span> <span class='ocrx_word' id='word_1_530' title='bbox 857 3990 1135 4046; x_wconf 86' lang='lat' dir='ltr'><strong>venientes</strong></span> <span class='ocrx_word' id='word_1_531' title='bbox 1168 3990 1412 4046; x_wconf 89' lang='lat' dir='ltr'><strong>nonnulli</strong></span> <span class='ocrx_word' id='word_1_532' title='bbox 1461 3989 1606 4045; x_wconf 87' lang='lat' dir='ltr'><strong>cives</strong></span> <span class='ocrx_word' id='word_1_533' title='bbox 1634 3988 1973 4061; x_wconf 74' lang='lat' dir='ltr'><strong>Benjamitze,</strong></span> <span class='ocrx_word' id='word_1_534' title='bbox 2013 3991 2110 4046; x_wconf 88' lang='lat' dir='ltr'><strong>bo-</strong></span> 
     </span>
    </p>
   </div>
   <div class='ocr_carea' id='block_1_75' title="bbox 533 4079 2110 4152">
    <p class='ocr_par' dir='ltr' id='par_1_75' title="bbox 533 4079 2110 4152">
     <span class='ocr_line' id='line_1_75' title="bbox 533 4079 2110 4152; baseline 0.001 -15"><span class='ocrx_word' id='word_1_535' title='bbox 533 4083 705 4137; x_wconf 85' lang='lat' dir='ltr'><strong>mines</strong></span> <span class='ocrx_word' id='word_1_536' title='bbox 734 4080 994 4151; x_wconf 89' lang='lat' dir='ltr'><strong>improbi,</strong></span> <span class='ocrx_word' id='word_1_537' title='bbox 1044 4090 1104 4136; x_wconf 89' lang='lat' dir='ltr'><strong>ut</strong></span> <span class='ocrx_word' id='word_1_538' title='bbox 1153 4082 1413 4152; x_wconf 88' lang='lat' dir='ltr'><strong>scriptum</strong></span> <span class='ocrx_word' id='word_1_539' title='bbox 1463 4090 1585 4149; x_wconf 88' lang='lat' dir='ltr'><strong>est,</strong></span> <span class='ocrx_word' id='word_1_540' title='bbox 1642 4079 1824 4136; x_wconf 83' lang='lat' dir='ltr'><strong>Levita</strong></span> <span class='ocrx_word' id='word_1_541' title='bbox 1883 4090 1938 4138; x_wconf 87' lang='lat' dir='ltr'><strong>et</strong></span> <span class='ocrx_word' id='word_1_542' title='bbox 1987 4081 2110 4138; x_wconf 76' lang='lat' dir='ltr'><strong>aliis</strong></span> 
     </span>
    </p>
   </div>
   <div class='ocr_carea' id='block_1_76' title="bbox 531 4168 2112 4235">
    <p class='ocr_par' dir='ltr' id='par_1_76' title="bbox 531 4168 2112 4235">
     <span class='ocr_line' id='line_1_76' title="bbox 531 4168 2112 4235; baseline -0.002 -8"><span class='ocrx_word' id='word_1_543' title='bbox 531 4172 678 4227; x_wconf 88' lang='lat' dir='ltr'><strong>abuti</strong></span> <span class='ocrx_word' id='word_1_544' title='bbox 709 4171 777 4235; x_wconf 87' lang='lat' dir='ltr'><strong>ad</strong></span> <span class='ocrx_word' id='word_1_545' title='bbox 805 4170 1081 4226; x_wconf 89' lang='lat' dir='ltr'><strong>libidinem</strong></span> <span class='ocrx_word' id='word_1_546' title='bbox 1117 4170 1421 4226; x_wconf 89' lang='lat' dir='ltr'><strong>voluerunt.</strong></span> <span class='ocrx_word' id='word_1_547' title='bbox 1454 4168 1553 4224; x_wconf 81' lang='lat' dir='ltr'><strong>Vix</strong></span> <span class='ocrx_word' id='word_1_548' title='bbox 1599 4168 1816 4224; x_wconf 86' lang='lat' dir='ltr'><strong>tandem</strong></span> <span class='ocrx_word' id='word_1_549' title='bbox 1849 4183 1909 4224; x_wconf 88' lang='lat' dir='ltr'><strong>re</strong></span> <span class='ocrx_word' id='word_1_550' title='bbox 1942 4168 2112 4224; x_wconf 84' lang='lat' dir='ltr'><strong>scele-</strong></span> 
     </span>
    </p>
   </div>
   <div class='ocr_carea' id='block_1_77' title="bbox 532 4262 2108 4334">
    <p class='ocr_par' dir='ltr' id='par_1_77' title="bbox 532 4262 2108 4334">
     <span class='ocr_line' id='line_1_77' title="bbox 532 4262 2108 4334; baseline -0.003 -15"><span class='ocrx_word' id='word_1_551' title='bbox 532 4265 769 4320; x_wconf 83' lang='lat' dir='ltr'><strong>stissima</strong></span> <span class='ocrx_word' id='word_1_552' title='bbox 834 4265 1086 4333; x_wconf 87' lang='lat' dir='ltr'><strong>precibus</strong></span> <span class='ocrx_word' id='word_1_553' title='bbox 1144 4262 1470 4329; x_wconf 87' lang='lat' dir='ltr'><strong>condonata,</strong></span> <span class='ocrx_word' id='word_1_554' title='bbox 1521 4263 1823 4334; x_wconf 88' lang='lat' dir='ltr'><strong>corripiunt</strong></span> <span class='ocrx_word' id='word_1_555' title='bbox 1884 4277 2108 4319; x_wconf 82' lang='lat' dir='ltr'><strong>uxorem</strong></span> 
     </span>
    </p>
   </div>
   <div class='ocr_carea' id='block_1_78' title="bbox 532 4351 2109 4427">
    <p class='ocr_par' dir='ltr' id='par_1_78' title="bbox 532 4351 2109 4427">
     <span class='ocr_line' id='line_1_78' title="bbox 532 4351 2109 4427; baseline -0.003 -17"><span class='ocrx_word' id='word_1_556' title='bbox 532 4355 669 4427; x_wconf 83' lang='lat' dir='ltr'><strong>ejus,</strong></span> <span class='ocrx_word' id='word_1_557' title='bbox 702 4355 1180 4423; x_wconf 85' lang='lat' dir='ltr'><strong>mulierculamque</strong></span> <span class='ocrx_word' id='word_1_558' title='bbox 1208 4369 1304 4423; x_wconf 88' lang='lat' dir='ltr'><strong>per</strong></span> <span class='ocrx_word' id='word_1_559' title='bbox 1330 4362 1497 4409; x_wconf 90' lang='lat' dir='ltr'><strong>totam</strong></span> <span class='ocrx_word' id='word_1_560' title='bbox 1531 4365 1743 4411; x_wconf 90' lang='lat' dir='ltr'><strong>noctem</strong></span> <span class='ocrx_word' id='word_1_561' title='bbox 1778 4354 1991 4423; x_wconf 84' lang='lat' dir='ltr'><strong>impura</strong></span> <span class='ocrx_word' id='word_1_562' title='bbox 2040 4351 2109 4406; x_wconf 85' lang='lat' dir='ltr'><strong>li-</strong></span> 
     </span>
    </p>
   </div>
   <div class='ocr_carea' id='block_1_79' title="bbox 532 4442 2182 4524">
    <p class='ocr_par' dir='ltr' id='par_1_79' title="bbox 532 4442 2182 4524">
     <span class='ocr_line' id='line_1_79' title="bbox 532 4442 2182 4524; baseline -0.004 -23"><span class='ocrx_word' id='word_1_563' title='bbox 532 4447 714 4501; x_wconf 90' lang='lat' dir='ltr'><strong>bidine</strong></span> <span class='ocrx_word' id='word_1_564' title='bbox 757 4455 1007 4499; x_wconf 83' lang='lat' dir='ltr'><strong>vexatam</strong></span> <span class='ocrx_word' id='word_1_565' title='bbox 1057 4443 1193 4497; x_wconf 91' lang='lat' dir='ltr'><strong>mori</strong></span> <span class='ocrx_word' id='word_1_566' title='bbox 1233 4455 1451 4515; x_wconf 85' lang='lat' dir='ltr'><strong>cogunt.</strong></span> <span class='ocrx_word' id='word_1_567' title='bbox 1490 4444 1587 4499; x_wconf 74' lang='lat' dir='ltr'><strong>Vir</strong></span> <span class='ocrx_word' id='word_1_568' title='bbox 1616 4459 1816 4513; x_wconf 89' lang='lat' dir='ltr'><strong>corpus</strong></span> <span class='ocrx_word' id='word_1_569' title='bbox 1858 4442 2108 4497; x_wconf 76' lang='lat' dir='ltr'><strong>exanime</strong></span> <span class='ocrx_word' id='word_1_570' title='bbox 2140 4470 2182 4524; x_wconf 64' lang='grc' dir='ltr'><strong>η</strong></span> 
     </span>
    </p>
   </div>
   <div class='ocr_carea' id='block_1_80' title="bbox 532 4533 2103 4608">
    <p class='ocr_par' dir='ltr' id='par_1_80' title="bbox 532 4533 2103 4608">
     <span class='ocr_line' id='line_1_80' title="bbox 532 4533 2103 4608; baseline -0.004 -16"><span class='ocrx_word' id='word_1_571' title='bbox 532 4538 585 4592; x_wconf 92' lang='lat' dir='ltr'><strong>in</strong></span> <span class='ocrx_word' id='word_1_572' title='bbox 625 4547 808 4608; x_wconf 88' lang='lat' dir='ltr'><strong>partes</strong></span> <span class='ocrx_word' id='word_1_573' title='bbox 850 4536 1151 4601; x_wconf 90' lang='lat' dir='ltr'><strong>concisum,</strong></span> <span class='ocrx_word' id='word_1_574' title='bbox 1194 4550 1289 4604; x_wconf 87' lang='lat' dir='ltr'><strong>per</strong></span> <span class='ocrx_word' id='word_1_575' title='bbox 1344 4535 1514 4589; x_wconf 84' lang='lat' dir='ltr'><strong>tribus</strong></span> <span class='ocrx_word' id='word_1_576' title='bbox 1545 4534 1870 4588; x_wconf 89' lang='lat' dir='ltr'><strong>lsraeliticas</strong></span> <span class='ocrx_word' id='word_1_577' title='bbox 1918 4533 2103 4586; x_wconf 88' lang='lat' dir='ltr'><strong>distri-</strong></span> 
     </span>
    </p>
   </div>
   <div class='ocr_carea' id='block_1_81' title="bbox 531 4623 2112 4696">
    <p class='ocr_par' dir='ltr' id='par_1_81' title="bbox 531 4623 2112 4696">
     <span class='ocr_line' id='line_1_81' title="bbox 531 4623 2112 4696; baseline -0.004 -12"><span class='ocrx_word' id='word_1_578' title='bbox 531 4630 668 4694; x_wconf 92' lang='lat' dir='ltr'><strong>buit,</strong></span> <span class='ocrx_word' id='word_1_579' title='bbox 702 4626 1235 4696; x_wconf 84' lang='lat' dir='ltr'><strong>Benjamitarumque</strong></span> <span class='ocrx_word' id='word_1_580' title='bbox 1282 4632 1336 4679; x_wconf 91' lang='lat' dir='ltr'><strong>et</strong></span> <span class='ocrx_word' id='word_1_581' title='bbox 1378 4626 1430 4678; x_wconf 92' lang='lat' dir='ltr'><strong>in</strong></span> <span class='ocrx_word' id='word_1_582' title='bbox 1481 4625 1720 4693; x_wconf 89' lang='lat' dir='ltr'><strong>hospites</strong></span> <span class='ocrx_word' id='word_1_583' title='bbox 1770 4623 2003 4687; x_wconf 86' lang='lat' dir='ltr'><strong>facinus,</strong></span> <span class='ocrx_word' id='word_1_584' title='bbox 2056 4631 2112 4678; x_wconf 87' lang='lat' dir='ltr'><strong>et</strong></span> 
     </span>
    </p>
   </div>
   <div class='ocr_carea' id='block_1_82' title="bbox 532 4712 2105 4782">
    <p class='ocr_par' dir='ltr' id='par_1_82' title="bbox 532 4712 2105 4782">
     <span class='ocr_line' id='line_1_82' title="bbox 532 4712 2105 4782; baseline -0.006 -6"><span class='ocrx_word' id='word_1_585' title='bbox 532 4720 847 4776; x_wconf 84' lang='lat' dir='ltr'><strong>effrenatam</strong></span> <span class='ocrx_word' id='word_1_586' title='bbox 877 4716 1173 4782; x_wconf 80' lang='lat' dir='ltr'><strong>lasciviam,</strong></span> <span class='ocrx_word' id='word_1_587' title='bbox 1201 4725 1253 4770; x_wconf 93' lang='lat' dir='ltr'><strong>et</strong></span> <span class='ocrx_word' id='word_1_588' title='bbox 1287 4714 1602 4771; x_wconf 88' lang='lat' dir='ltr'><strong>Sodomitici</strong></span> <span class='ocrx_word' id='word_1_589' title='bbox 1631 4712 1816 4782; x_wconf 80' lang='lat' dir='ltr'><strong>ﬂagitii</strong></span> <span class='ocrx_word' id='word_1_590' title='bbox 1846 4714 2105 4768; x_wconf 83' lang='lat' dir='ltr'><strong>imitatio-</strong></span> 
     </span>
    </p>
   </div>
   <div class='ocr_carea' id='block_1_83' title="bbox 534 4801 2109 4872">
    <p class='ocr_par' dir='ltr' id='par_1_83' title="bbox 534 4801 2109 4872">
     <span class='ocr_line' id='line_1_83' title="bbox 534 4801 2109 4872; baseline -0.006 -6"><span class='ocrx_word' id='word_1_591' title='bbox 534 4825 662 4865; x_wconf 87' lang='lat' dir='ltr'><strong>nem</strong></span> <span class='ocrx_word' id='word_1_592' title='bbox 698 4806 1007 4864; x_wconf 85' lang='lat' dir='ltr'><strong>manifestat</strong></span> <span class='ocrx_word' id='word_1_593' title='bbox 1039 4805 1105 4861; x_wconf 73' lang='lat'><strong>“.</strong></span> <span class='ocrx_word' id='word_1_594' title='bbox 1144 4806 1223 4858; x_wconf 77' lang='lat' dir='ltr'><strong>Ex</strong></span> <span class='ocrx_word' id='word_1_595' title='bbox 1275 4819 1341 4859; x_wconf 91' lang='lat' dir='ltr'><strong>eo</strong></span> <span class='ocrx_word' id='word_1_596' title='bbox 1388 4803 1697 4872; x_wconf 88' lang='lat' dir='ltr'><strong>indignatus</strong></span> <span class='ocrx_word' id='word_1_597' title='bbox 1745 4811 1890 4857; x_wconf 87' lang='lat' dir='ltr'><strong>totus</strong></span> <span class='ocrx_word' id='word_1_598' title='bbox 1940 4801 2109 4857; x_wconf 86' lang='lat' dir='ltr'><strong>Israel</strong></span> 
     </span>
    </p>
   </div>
   <div class='ocr_carea' id='block_1_84' title="bbox 535 4893 2106 4971">
    <p class='ocr_par' dir='ltr' id='par_1_84' title="bbox 535 4893 2106 4971">
     <span class='ocr_line' id='line_1_84' title="bbox 535 4893 2106 4971; baseline -0.007 -13"><span class='ocrx_word' id='word_1_599' title='bbox 535 4909 917 4971; x_wconf 73' lang='lat' dir='ltr'><strong>congregatur,</strong></span> <span class='ocrx_word' id='word_1_600' title='bbox 950 4906 1005 4953; x_wconf 91' lang='lat' dir='ltr'><strong>et</strong></span> <span class='ocrx_word' id='word_1_601' title='bbox 1035 4898 1225 4966; x_wconf 86' lang='lat' dir='ltr'><strong>copias</strong></span> <span class='ocrx_word' id='word_1_602' title='bbox 1260 4904 1450 4951; x_wconf 88' lang='lat' dir='ltr'><strong>contra</strong></span> <span class='ocrx_word' id='word_1_603' title='bbox 1486 4893 1812 4963; x_wconf 84' lang='lat' dir='ltr'><strong>Benjamitas</strong></span> <span class='ocrx_word' id='word_1_604' title='bbox 1842 4893 2106 4960; x_wconf 83' lang='lat' dir='ltr'><strong>Gabaam,</strong></span> 
     </span>
    </p>
   </div>
   <div class='ocr_carea' id='block_1_85' title="bbox 534 4982 2110 5053">
    <p class='ocr_par' dir='ltr' id='par_1_85' title="bbox 534 4982 2110 5053">
     <span class='ocr_line' id='line_1_85' title="bbox 534 4982 2110 5053; baseline -0.002 -11"><span class='ocrx_word' id='word_1_605' title='bbox 534 5002 628 5042; x_wconf 80' lang='lat' dir='ltr'><strong>seu</strong></span> <span class='ocrx_word' id='word_1_606' title='bbox 655 4987 722 5041; x_wconf 90' lang='lat' dir='ltr'><strong>ad</strong></span> <span class='ocrx_word' id='word_1_607' title='bbox 752 4984 942 5040; x_wconf 90' lang='lat' dir='ltr'><strong>collem</strong></span> <span class='ocrx_word' id='word_1_608' title='bbox 981 4985 1180 5040; x_wconf 88' lang='lat' dir='ltr'><strong>educit.</strong></span> <span class='ocrx_word' id='word_1_609' title='bbox 1217 4982 1420 5039; x_wconf 82' lang='lat' dir='ltr'><strong>Tantas</strong></span> <span class='ocrx_word' id='word_1_610' title='bbox 1452 4991 1632 5037; x_wconf 88' lang='lat' dir='ltr'><strong>autem</strong></span> <span class='ocrx_word' id='word_1_611' title='bbox 1675 4994 1885 5053; x_wconf 87' lang='lat' dir='ltr'><strong>strages</strong></span> <span class='ocrx_word' id='word_1_612' title='bbox 1924 4984 2110 5040; x_wconf 85' lang='lat' dir='ltr'><strong>edide-</strong></span> 
     </span>
    </p>
   </div>
   <div class='ocr_carea' id='block_1_86' title="bbox 536 5075 2112 5147">
    <p class='ocr_par' dir='ltr' id='par_1_86' title="bbox 536 5075 2112 5147">
     <span class='ocr_line' id='line_1_86' title="bbox 536 5075 2112 5147; baseline -0.001 -14"><span class='ocrx_word' id='word_1_613' title='bbox 536 5087 680 5146; x_wconf 90' lang='lat' dir='ltr'><strong>runt,</strong></span> <span class='ocrx_word' id='word_1_614' title='bbox 711 5085 771 5133; x_wconf 89' lang='lat' dir='ltr'><strong>ut</strong></span> <span class='ocrx_word' id='word_1_615' title='bbox 800 5077 1049 5147; x_wconf 87' lang='lat' dir='ltr'><strong>quamvis</strong></span> <span class='ocrx_word' id='word_1_616' title='bbox 1073 5076 1330 5146; x_wconf 87' lang='lat' dir='ltr'><strong>populosa</strong></span> <span class='ocrx_word' id='word_1_617' title='bbox 1358 5084 1501 5132; x_wconf 88' lang='lat' dir='ltr'><strong>esset</strong></span> <span class='ocrx_word' id='word_1_618' title='bbox 1532 5075 1842 5141; x_wconf 88' lang='lat' dir='ltr'><strong>admodum,</strong></span> <span class='ocrx_word' id='word_1_619' title='bbox 1878 5078 1964 5130; x_wconf 79' lang='lat' dir='ltr'><strong>vix</strong></span> <span class='ocrx_word' id='word_1_620' title='bbox 1990 5092 2112 5146; x_wconf 90' lang='lat' dir='ltr'><strong>per-</strong></span> 
     </span>
    </p>
   </div>
   <div class='ocr_carea' id='block_1_87' title="bbox 535 5167 2111 5239">
    <p class='ocr_par' dir='ltr' id='par_1_87' title="bbox 535 5167 2111 5239">
     <span class='ocr_line' id='line_1_87' title="bbox 535 5167 2111 5239; baseline -0.001 -15"><span class='ocrx_word' id='word_1_621' title='bbox 535 5169 688 5239; x_wconf 87' lang='lat' dir='ltr'><strong>pauci</strong></span> <span class='ocrx_word' id='word_1_622' title='bbox 717 5170 1014 5226; x_wconf 85' lang='lat' dir='ltr'><strong>incolumes</strong></span> <span class='ocrx_word' id='word_1_623' title='bbox 1041 5169 1095 5223; x_wconf 90' lang='lat' dir='ltr'><strong>in</strong></span> <span class='ocrx_word' id='word_1_624' title='bbox 1131 5168 1475 5224; x_wconf 85' lang='lat' dir='ltr'><strong>solitudinem</strong></span> <span class='ocrx_word' id='word_1_625' title='bbox 1527 5167 1651 5237; x_wconf 83' lang='lat' dir='ltr'><strong>fuga</strong></span> <span class='ocrx_word' id='word_1_626' title='bbox 1706 5184 1765 5223; x_wconf 91' lang='lat' dir='ltr'><strong>se</strong></span> <span class='ocrx_word' id='word_1_627' title='bbox 1816 5169 2111 5236; x_wconf 83' lang='lat' dir='ltr'><strong>eriperent.</strong></span> 
     </span>
    </p>
   </div>
   <div class='ocr_carea' id='block_1_88' title="bbox 538 5258 2112 5326">
    <p class='ocr_par' dir='ltr' id='par_1_88' title="bbox 538 5258 2112 5326">
     <span class='ocr_line' id='line_1_88' title="bbox 538 5258 2112 5326; baseline 0.001 -15"><span class='ocrx_word' id='word_1_628' title='bbox 538 5259 614 5312; x_wconf 78' lang='lat' dir='ltr'><strong>Ex</strong></span> <span class='ocrx_word' id='word_1_629' title='bbox 643 5260 790 5313; x_wconf 89' lang='lat' dir='ltr'><strong>omni</strong></span> <span class='ocrx_word' id='word_1_630' title='bbox 831 5260 958 5316; x_wconf 88' lang='lat' dir='ltr'><strong>item</strong></span> <span class='ocrx_word' id='word_1_631' title='bbox 982 5258 1148 5315; x_wconf 81' lang='lat' dir='ltr'><strong>Israel</strong></span> <span class='ocrx_word' id='word_1_632' title='bbox 1185 5258 1425 5315; x_wconf 90' lang='lat' dir='ltr'><strong>bellicosi</strong></span> <span class='ocrx_word' id='word_1_633' title='bbox 1470 5259 1573 5312; x_wconf 87' lang='lat' dir='ltr'><strong>viri</strong></span> <span class='ocrx_word' id='word_1_634' title='bbox 1629 5258 1830 5326; x_wconf 83' lang='lat' dir='ltr'><strong>ingenti</strong></span> <span class='ocrx_word' id='word_1_635' title='bbox 1887 5274 2112 5313; x_wconf 85' lang='lat' dir='ltr'><strong>numero</strong></span> 
     </span>
    </p>
   </div>
   <div class='ocr_carea' id='block_1_89' title="bbox 537 5349 2113 5421">
    <p class='ocr_par' dir='ltr' id='par_1_89' title="bbox 537 5349 2113 5421">
     <span class='ocr_line' id='line_1_89' title="bbox 537 5349 2113 5421; baseline 0.002 -18"><span class='ocrx_word' id='word_1_636' title='bbox 537 5349 878 5408; x_wconf 88' lang='lat' dir='ltr'><strong>interierunt.</strong></span> <span class='ocrx_word' id='word_1_637' title='bbox 907 5354 976 5407; x_wconf 83' lang='lat' dir='ltr'><strong>At</strong></span> <span class='ocrx_word' id='word_1_638' title='bbox 1005 5354 1146 5407; x_wconf 87' lang='lat' dir='ltr'><strong>enim</strong></span> <span class='ocrx_word' id='word_1_639' title='bbox 1184 5367 1287 5407; x_wconf 91' lang='lat' dir='ltr'><strong>non</strong></span> <span class='ocrx_word' id='word_1_640' title='bbox 1318 5351 1649 5421; x_wconf 77' lang='lat' dir='ltr'><strong>permisisset</strong></span> <span class='ocrx_word' id='word_1_641' title='bbox 1679 5352 1815 5407; x_wconf 86' lang='lat' dir='ltr'><strong>Deus</strong></span> <span class='ocrx_word' id='word_1_642' title='bbox 1840 5350 2113 5407; x_wconf 87' lang='lat' dir='ltr'><strong>lsraelitas</strong></span> 
     </span>
    </p>
   </div>
   <div class='ocr_carea' id='block_1_90' title="bbox 537 5443 2113 5513">
    <p class='ocr_par' dir='ltr' id='par_1_90' title="bbox 537 5443 2113 5513">
     <span class='ocr_line' id='line_1_90' title="bbox 537 5443 2113 5513; baseline 0.002 -19"><span class='ocrx_word' id='word_1_643' title='bbox 537 5455 826 5497; x_wconf 86' lang='lat' dir='ltr'><strong>conserere</strong></span> <span class='ocrx_word' id='word_1_644' title='bbox 882 5461 1106 5508; x_wconf 75' lang='lat' dir='ltr'><strong>ruamus,</strong></span> <span class='ocrx_word' id='word_1_645' title='bbox 1155 5445 1254 5500; x_wconf 88' lang='lat' dir='ltr'><strong>nisi</strong></span> <span class='ocrx_word' id='word_1_646' title='bbox 1300 5443 1547 5513; x_wconf 85' lang='lat' dir='ltr'><strong>sculptile</strong></span> <span class='ocrx_word' id='word_1_647' title='bbox 1600 5458 1664 5499; x_wconf 79' lang='lat' dir='ltr'><strong>ex</strong></span> <span class='ocrx_word' id='word_1_648' title='bbox 1708 5445 1869 5498; x_wconf 87' lang='lat' dir='ltr'><strong>domo</strong></span> <span class='ocrx_word' id='word_1_649' title='bbox 1927 5444 2113 5497; x_wconf 74' lang='lat' dir='ltr'><strong>Miclne</strong></span> 
     </span>
    </p>
   </div>
   <div class='ocr_carea' id='block_1_91' title="bbox 539 5532 2111 5602">
    <p class='ocr_par' dir='ltr' id='par_1_91' title="bbox 539 5532 2111 5602">
     <span class='ocr_line' id='line_1_91' title="bbox 539 5532 2111 5602; baseline 0.002 -17"><span class='ocrx_word' id='word_1_650' title='bbox 539 5532 805 5585; x_wconf 74' lang='lat' dir='ltr'><strong>anlilatum</strong></span> <span class='ocrx_word' id='word_1_651' title='bbox 838 5535 928 5602; x_wconf 88' lang='lat' dir='ltr'><strong>qui</strong></span> <span class='ocrx_word' id='word_1_652' title='bbox 961 5544 1115 5589; x_wconf 89' lang='lat' dir='ltr'><strong>erant</strong></span> <span class='ocrx_word' id='word_1_653' title='bbox 1146 5537 1209 5591; x_wconf 84' lang='lat' dir='ltr'><strong>de</strong></span> <span class='ocrx_word' id='word_1_654' title='bbox 1241 5536 1380 5591; x_wconf 87' lang='lat' dir='ltr'><strong>tribu</strong></span> <span class='ocrx_word' id='word_1_655' title='bbox 1417 5538 1524 5590; x_wconf 79' lang='lat' dir='ltr'><strong>han</strong></span> <span class='ocrx_word' id='word_1_656' title='bbox 1558 5535 1874 5597; x_wconf 74' lang='lat' dir='ltr'><strong>coluissent,</strong></span> <span class='ocrx_word' id='word_1_657' title='bbox 1906 5546 1960 5589; x_wconf 86' lang='lat' dir='ltr'><strong>et</strong></span> <span class='ocrx_word' id='word_1_658' title='bbox 1993 5534 2111 5588; x_wconf 69' lang='lat' dir='ltr'><strong>alite</strong></span> 
     </span>
    </p>
   </div>
   <div class='ocr_carea' id='block_1_92' title="bbox 613 5707 1958 5778">
    <p class='ocr_par' dir='ltr' id='par_1_92' title="bbox 613 5707 1958 5778">
     <span class='ocr_line' id='line_1_92' title="bbox 613 5707 1958 5778; baseline 0 -15"><span class='ocrx_word' id='word_1_659' title='bbox 613 5709 655 5740; x_wconf 77' lang='lat'><strong>&quot;</strong></span> <span class='ocrx_word' id='word_1_660' title='bbox 688 5708 861 5764; x_wconf 84' lang='lat' dir='ltr'><strong>Judic.</strong></span> <span class='ocrx_word' id='word_1_661' title='bbox 906 5725 1060 5773; x_wconf 80' lang='lat' dir='ltr'><strong>:mtt,</strong></span> <span class='ocrx_word' id='word_1_662' title='bbox 1103 5709 1243 5761; x_wconf 68' lang='lat' dir='ltr'><strong>l-Sl.</strong></span> <span class='ocrx_word' id='word_1_663' title='bbox 1322 5710 1562 5765; x_wconf 67' lang='lat' dir='ltr'><strong>“Jualic.</strong></span> <span class='ocrx_word' id='word_1_664' title='bbox 1599 5724 1709 5772; x_wconf 68' lang='lat' dir='ltr'><strong>xu,</strong></span> <span class='ocrx_word' id='word_1_665' title='bbox 1741 5707 1958 5778; x_wconf 81' lang='lat' dir='ltr'><strong>passim.</strong></span> 
     </span>
    </p>
   </div>
   <div class='ocr_carea' id='block_1_93' title="bbox 2207 3259 3795 3341">
    <p class='ocr_par' dir='ltr' id='par_1_93' title="bbox 2207 3259 3795 3341">
     <span class='ocr_line' id='line_1_93' title="bbox 2207 3259 3795 3341; baseline 0.006 -29"><span class='ocrx_word' id='word_1_666' title='bbox 2207 3260 2284 3323; x_wconf 83' lang='grc' dir='ltr'>ὡς</span> <span class='ocrx_word' id='word_1_667' title='bbox 2314 3259 2660 3331; x_wconf 82' lang='grc' dir='ltr'>ὑϐρισμένος.</span> <span class='ocrx_word' id='word_1_668' title='bbox 2714 3259 2849 3317; x_wconf 77' lang='grc' dir='ltr'>Εἶτα</span> <span class='ocrx_word' id='word_1_669' title='bbox 2892 3263 3010 3315; x_wconf 88' lang='grc' dir='ltr'>δέον</span> <span class='ocrx_word' id='word_1_670' title='bbox 3059 3263 3271 3326; x_wconf 80' lang='grc' dir='ltr'>πάντας</span> <span class='ocrx_word' id='word_1_671' title='bbox 3300 3265 3426 3328; x_wconf 82' lang='grc' dir='ltr'>τοὺς</span> <span class='ocrx_word' id='word_1_672' title='bbox 3457 3264 3515 3330; x_wconf 81' lang='grc' dir='ltr'>ἐξ</span> <span class='ocrx_word' id='word_1_673' title='bbox 3551 3266 3795 3341; x_wconf 78' lang='grc' dir='ltr'>Ἰσραὴλ,</span> 
     </span>
    </p>
   </div>
   <div class='ocr_carea' id='block_1_94' title="bbox 2208 3346 3792 3423">
    <p class='ocr_par' dir='ltr' id='par_1_94' title="bbox 2208 3346 3792 3423">
     <span class='ocr_line' id='line_1_94' title="bbox 2208 3346 3792 3423; baseline 0.008 -24"><span class='ocrx_word' id='word_1_674' title='bbox 2208 3346 2435 3419; x_wconf 85' lang='grc' dir='ltr'>ἐχθροὺς</span> <span class='ocrx_word' id='word_1_675' title='bbox 2466 3351 2721 3420; x_wconf 78' lang='grc' dir='ltr'>ἡγεῖσθαι</span> <span class='ocrx_word' id='word_1_676' title='bbox 2750 3352 2842 3405; x_wconf 77' lang='grc' dir='ltr'><strong>καὶ</strong></span> <span class='ocrx_word' id='word_1_677' title='bbox 2870 3350 3310 3421; x_wconf 76' lang='grc' dir='ltr'>πολεμιωτάτους</span> <span class='ocrx_word' id='word_1_678' title='bbox 3340 3354 3469 3417; x_wconf 73' lang='grc' dir='ltr'>τοὺς</span> <span class='ocrx_word' id='word_1_679' title='bbox 3500 3355 3609 3409; x_wconf 85' lang='grc' dir='ltr'>ἀπὸ</span> <span class='ocrx_word' id='word_1_680' title='bbox 3658 3358 3792 3423; x_wconf 69' lang='grc' dir='ltr'>Δάν,</span> 
     </span>
    </p>
   </div>
   <div class='ocr_carea' id='block_1_95' title="bbox 2208 3439 3796 3518">
    <p class='ocr_par' dir='ltr' id='par_1_95' title="bbox 2208 3439 3796 3518">
     <span class='ocr_line' id='line_1_95' title="bbox 2208 3439 3796 3518; baseline 0.008 -28"><span class='ocrx_word' id='word_1_681' title='bbox 2208 3439 2303 3491; x_wconf 79' lang='grc' dir='ltr'><strong>καὶ</strong></span> <span class='ocrx_word' id='word_1_682' title='bbox 2331 3441 2430 3510; x_wconf 84' lang='grc' dir='ltr'><strong>τῆς</strong></span> <span class='ocrx_word' id='word_1_683' title='bbox 2462 3444 2541 3505; x_wconf 89' lang='grc' dir='ltr'>εἰς</span> <span class='ocrx_word' id='word_1_684' title='bbox 2575 3441 2706 3495; x_wconf 83' lang='grc' dir='ltr'>Θεὸν</span> <span class='ocrx_word' id='word_1_685' title='bbox 2734 3440 3049 3503; x_wconf 84' lang='grc' dir='ltr'>δυσσεϐείας</span> <span class='ocrx_word' id='word_1_686' title='bbox 3078 3442 3361 3514; x_wconf 79' lang='grc' dir='ltr'>ἐξαιτῆσαι</span> <span class='ocrx_word' id='word_1_687' title='bbox 3402 3444 3610 3513; x_wconf 84' lang='grc' dir='ltr'>λόγους,</span> <span class='ocrx_word' id='word_1_688' title='bbox 3651 3449 3796 3518; x_wconf 78' lang='grc' dir='ltr'>τάχα</span> 
     </span>
    </p>
   </div>
   <div class='ocr_carea' id='block_1_96' title="bbox 2210 3532 3794 3605">
    <p class='ocr_par' dir='ltr' id='par_1_96' title="bbox 2210 3532 3794 3605">
     <span class='ocr_line' id='line_1_96' title="bbox 2210 3532 3794 3605; baseline 0.007 -24"><span class='ocrx_word' id='word_1_689' title='bbox 2210 3547 2313 3582; x_wconf 88' lang='grc' dir='ltr'><strong>που</strong></span> <span class='ocrx_word' id='word_1_690' title='bbox 2350 3532 2445 3583; x_wconf 76' lang='grc' dir='ltr'>καὶ</span> <span class='ocrx_word' id='word_1_691' title='bbox 2472 3532 2900 3604; x_wconf 83' lang='grc' dir='ltr'>συνηνέχθησαν,</span> <span class='ocrx_word' id='word_1_692' title='bbox 2930 3532 3025 3587; x_wconf 69' lang='grc' dir='ltr'><strong>καὶ</strong></span> <span class='ocrx_word' id='word_1_693' title='bbox 3049 3534 3293 3588; x_wconf 81' lang='grc' dir='ltr'>ἐπαινεῖν</span> <span class='ocrx_word' id='word_1_694' title='bbox 3316 3535 3522 3605; x_wconf 75' lang='grc' dir='ltr'>ἠξίουν,</span> <span class='ocrx_word' id='word_1_695' title='bbox 3551 3538 3626 3602; x_wconf 86' lang='grc' dir='ltr'>ὼς</span> <span class='ocrx_word' id='word_1_696' title='bbox 3669 3543 3794 3594; x_wconf 78' lang='grc' dir='ltr'>κατ’</span> 
     </span>
    </p>
   </div>
   <div class='ocr_carea' id='block_1_97' title="bbox 2208 3619 3794 3696">
    <p class='ocr_par' dir='ltr' id='par_1_97' title="bbox 2208 3619 3794 3696">
     <span class='ocr_line' id='line_1_97' title="bbox 2208 3619 3794 3696; baseline 0.008 -25"><span class='ocrx_word' id='word_1_697' title='bbox 2208 3619 2359 3672; x_wconf 79' lang='grc' dir='ltr'>οὐδὲν</span> <span class='ocrx_word' id='word_1_698' title='bbox 2412 3621 2550 3685; x_wconf 79' lang='grc' dir='ltr'>ὅλως</span> <span class='ocrx_word' id='word_1_699' title='bbox 2602 3623 3010 3694; x_wconf 82' lang='grc' dir='ltr'>ἡμαρτηκότας,</span> <span class='ocrx_word' id='word_1_700' title='bbox 3056 3625 3149 3678; x_wconf 72' lang='grc' dir='ltr'>καὶ</span> <span class='ocrx_word' id='word_1_701' title='bbox 3179 3629 3306 3678; x_wconf 90' lang='grc' dir='ltr'>ποῖα</span> <span class='ocrx_word' id='word_1_702' title='bbox 3337 3628 3560 3696; x_wconf 85' lang='grc' dir='ltr'>γέγονεν</span> <span class='ocrx_word' id='word_1_703' title='bbox 3606 3631 3794 3695; x_wconf 77' lang='grc' dir='ltr'>αὐτοῖς</span> 
     </span>
    </p>
   </div>
   <div class='ocr_carea' id='block_1_98' title="bbox 2206 3711 3796 3793">
    <p class='ocr_par' dir='ltr' id='par_1_98' title="bbox 2206 3711 3796 3793">
     <span class='ocr_line' id='line_1_98' title="bbox 2206 3711 3796 3793; baseline 0.01 -31"><span class='ocrx_word' id='word_1_704' title='bbox 2206 3711 2305 3781; x_wconf 79' lang='grc' dir='ltr'><strong>τῆς</strong></span> <span class='ocrx_word' id='word_1_705' title='bbox 2360 3712 2439 3774; x_wconf 83' lang='grc' dir='ltr'><strong>είς</strong></span> <span class='ocrx_word' id='word_1_706' title='bbox 2483 3711 2642 3766; x_wconf 80' lang='grc' dir='ltr'>τοῦτο</span> <span class='ocrx_word' id='word_1_707' title='bbox 2687 3713 2960 3785; x_wconf 78' lang='grc' dir='ltr'>ῥᾳθυμίας</span> <span class='ocrx_word' id='word_1_708' title='bbox 2990 3715 3060 3768; x_wconf 78' lang='grc' dir='ltr'><strong>τά</strong></span> <span class='ocrx_word' id='word_1_709' title='bbox 3091 3716 3317 3786; x_wconf 62' lang='grc' dir='ltr'>ὀψώνια,</span> <span class='ocrx_word' id='word_1_710' title='bbox 3368 3720 3500 3790; x_wconf 84' lang='grc' dir='ltr'>φέρε</span> <span class='ocrx_word' id='word_1_711' title='bbox 3543 3719 3796 3793; x_wconf 84' lang='grc' dir='ltr'>λέγωμεν</span> 
     </span>
    </p>
   </div>
   <div class='ocr_carea' id='block_1_99' title="bbox 2208 3798 3793 3883">
    <p class='ocr_par' dir='ltr' id='par_1_99' title="bbox 2208 3798 3793 3883">
     <span class='ocr_line' id='line_1_99' title="bbox 2208 3798 3793 3883; baseline 0.007 -32"><span class='ocrx_word' id='word_1_712' title='bbox 2208 3798 2428 3871; x_wconf 79' lang='grc' dir='ltr'>ἐφεξῆς.</span> <span class='ocrx_word' id='word_1_713' title='bbox 2499 3801 2883 3857; x_wconf 82' lang='grc' dir='ltr'>Ἀϐασιλεύτου</span> <span class='ocrx_word' id='word_1_714' title='bbox 2958 3808 3329 3877; x_wconf 80' lang='grc' dir='ltr'>μεμενηκότος</span> <span class='ocrx_word' id='word_1_715' title='bbox 3382 3809 3476 3863; x_wconf 81' lang='grc' dir='ltr'>τοῦ</span> <span class='ocrx_word' id='word_1_716' title='bbox 3552 3811 3793 3883; x_wconf 79' lang='grc' dir='ltr'>Ἰσραὴλ,</span> 
     </span>
    </p>
   </div>
   <div class='ocr_carea' id='block_1_100' title="bbox 2210 3892 3795 3974">
    <p class='ocr_par' dir='ltr' id='par_1_100' title="bbox 2210 3892 3795 3974">
     <span class='ocr_line' id='line_1_100' title="bbox 2210 3892 3795 3974; baseline 0.008 -30"><span class='ocrx_word' id='word_1_717' title='bbox 2210 3892 2348 3964; x_wconf 88' lang='grc' dir='ltr'>ἀνήρ</span> <span class='ocrx_word' id='word_1_718' title='bbox 2366 3909 2447 3958; x_wconf 90' lang='grc' dir='ltr'><strong>τις</strong></span> <span class='ocrx_word' id='word_1_719' title='bbox 2465 3894 2716 3965; x_wconf 82' lang='grc' dir='ltr'>Λευῖτης,</span> <span class='ocrx_word' id='word_1_720' title='bbox 2731 3896 3010 3967; x_wconf 84' lang='grc' dir='ltr'>παροικῶν</span> <span class='ocrx_word' id='word_1_721' title='bbox 3034 3899 3090 3950; x_wconf 87' lang='grc' dir='ltr'><strong>ἐν</strong></span> <span class='ocrx_word' id='word_1_722' title='bbox 3118 3902 3312 3970; x_wconf 85' lang='grc' dir='ltr'>μηροῖς</span> <span class='ocrx_word' id='word_1_723' title='bbox 3346 3900 3502 3972; x_wconf 76' lang='grc' dir='ltr'>ὅρους</span> <span class='ocrx_word' id='word_1_724' title='bbox 3530 3902 3795 3974; x_wconf 77' lang='grc' dir='ltr'>Ἐφραῖμ,</span> 
     </span>
    </p>
   </div>
   <div class='ocr_carea' id='block_1_101' title="bbox 2214 3982 3794 4065">
    <p class='ocr_par' dir='ltr' id='par_1_101' title="bbox 2214 3982 3794 4065">
     <span class='ocr_line' id='line_1_101' title="bbox 2214 3982 3794 4065; baseline 0.008 -29"><span class='ocrx_word' id='word_1_725' title='bbox 2214 3982 2462 4038; x_wconf 89' lang='grc' dir='ltr'>σύνοικον</span> <span class='ocrx_word' id='word_1_726' title='bbox 2494 3987 2788 4056; x_wconf 85' lang='grc' dir='ltr'>ἐποιήσατό</span> <span class='ocrx_word' id='word_1_727' title='bbox 2814 4005 2933 4041; x_wconf 92' lang='grc' dir='ltr'>τινα</span> <span class='ocrx_word' id='word_1_728' title='bbox 2974 3989 3086 4043; x_wconf 87' lang='grc' dir='ltr'>τῶν</span> <span class='ocrx_word' id='word_1_729' title='bbox 3134 3992 3200 4043; x_wconf 87' lang='grc' dir='ltr'><strong>ἐκ</strong></span> <span class='ocrx_word' id='word_1_730' title='bbox 3258 3990 3525 4063; x_wconf 82' lang='grc' dir='ltr'>Βηθλεέμ.</span> <span class='ocrx_word' id='word_1_731' title='bbox 3573 3993 3794 4065; x_wconf 80' lang='grc' dir='ltr'>Ἐπειδὴ</span> 
     </span>
    </p>
   </div>
   <div class='ocr_carea' id='block_1_102' title="bbox 2209 4075 3796 4156">
    <p class='ocr_par' dir='ltr' id='par_1_102' title="bbox 2209 4075 3796 4156">
     <span class='ocr_line' id='line_1_102' title="bbox 2209 4075 3796 4156; baseline 0.008 -28"><span class='ocrx_word' id='word_1_732' title='bbox 2209 4075 2265 4129; x_wconf 86' lang='grc' dir='ltr'>δὲ</span> <span class='ocrx_word' id='word_1_733' title='bbox 2287 4075 2509 4144; x_wconf 90' lang='grc' dir='ltr'>γύναιον</span> <span class='ocrx_word' id='word_1_734' title='bbox 2558 4079 2771 4150; x_wconf 78' lang='grc' dir='ltr'>ἀπέδρα</span> <span class='ocrx_word' id='word_1_735' title='bbox 2816 4079 2952 4151; x_wconf 78' lang='grc' dir='ltr'>πρὸς</span> <span class='ocrx_word' id='word_1_736' title='bbox 2983 4080 3075 4135; x_wconf 79' lang='grc' dir='ltr'><strong>τὸν</strong></span> <span class='ocrx_word' id='word_1_737' title='bbox 3136 4083 3369 4154; x_wconf 85' lang='grc' dir='ltr'>πατέρα,</span> <span class='ocrx_word' id='word_1_738' title='bbox 3396 4084 3580 4138; x_wconf 82' lang='grc' dir='ltr'>εἵπετο</span> <span class='ocrx_word' id='word_1_739' title='bbox 3631 4086 3737 4156; x_wconf 84' lang='grc' dir='ltr'><strong>μὲν</strong></span> <span class='ocrx_word' id='word_1_740' title='bbox 3767 4090 3796 4142; x_wconf 86' lang='grc' dir='ltr'>ὁ</span> 
     </span>
    </p>
   </div>
   <div class='ocr_carea' id='block_1_103' title="bbox 2211 4167 3791 4250">
    <p class='ocr_par' dir='ltr' id='par_1_103' title="bbox 2211 4167 3791 4250">
     <span class='ocr_line' id='line_1_103' title="bbox 2211 4167 3791 4250; baseline 0.006 -27"><span class='ocrx_word' id='word_1_741' title='bbox 2211 4170 2465 4242; x_wconf 75' lang='grc' dir='ltr'>Λευῖτης.</span> <span class='ocrx_word' id='word_1_742' title='bbox 2503 4171 2812 4224; x_wconf 81' lang='grc' dir='ltr'>Ἀναπείθει</span> <span class='ocrx_word' id='word_1_743' title='bbox 2844 4171 2900 4224; x_wconf 85' lang='grc' dir='ltr'>δὲ</span> <span class='ocrx_word' id='word_1_744' title='bbox 2928 4167 3084 4236; x_wconf 86' lang='grc' dir='ltr'>αὖθις</span> <span class='ocrx_word' id='word_1_745' title='bbox 3113 4173 3476 4244; x_wconf 82' lang='grc' dir='ltr'>ὑπονοστῆσαι</span> <span class='ocrx_word' id='word_1_746' title='bbox 3496 4175 3593 4229; x_wconf 84' lang='grc' dir='ltr'><strong>σὺν</strong></span> <span class='ocrx_word' id='word_1_747' title='bbox 3619 4178 3791 4250; x_wconf 85' lang='grc' dir='ltr'>αὐτῷ,</span> 
     </span>
    </p>
   </div>
   <div class='ocr_carea' id='block_1_104' title="bbox 2211 4257 3797 4341">
    <p class='ocr_par' dir='ltr' id='par_1_104' title="bbox 2211 4257 3797 4341">
     <span class='ocr_line' id='line_1_104' title="bbox 2211 4257 3797 4341; baseline 0.005 -26"><span class='ocrx_word' id='word_1_748' title='bbox 2211 4260 2305 4315; x_wconf 77' lang='grc' dir='ltr'>καὶ</span> <span class='ocrx_word' id='word_1_749' title='bbox 2323 4259 2462 4316; x_wconf 76' lang='grc' dir='ltr'>οἴκοι</span> <span class='ocrx_word' id='word_1_750' title='bbox 2490 4261 2741 4331; x_wconf 83' lang='grc' dir='ltr'>γενέσθαι</span> <span class='ocrx_word' id='word_1_751' title='bbox 2773 4262 2979 4316; x_wconf 89' lang='grc' dir='ltr'>λοιπόν.</span> <span class='ocrx_word' id='word_1_752' title='bbox 3013 4257 3088 4318; x_wconf 81' lang='grc' dir='ltr'>Οὗ</span> <span class='ocrx_word' id='word_1_753' title='bbox 3115 4262 3178 4334; x_wconf 80' lang='grc' dir='ltr'>δὴ</span> <span class='ocrx_word' id='word_1_754' title='bbox 3204 4266 3507 4333; x_wconf 88' lang='grc' dir='ltr'>γεγονότος,</span> <span class='ocrx_word' id='word_1_755' title='bbox 3532 4271 3672 4322; x_wconf 82' lang='grc' dir='ltr'>κατὰ</span> <span class='ocrx_word' id='word_1_756' title='bbox 3697 4271 3797 4341; x_wconf 82' lang='grc' dir='ltr'>μέ-</span> 
     </span>
    </p>
   </div>
   <div class='ocr_carea' id='block_1_105' title="bbox 2211 4350 3794 4427">
    <p class='ocr_par' dir='ltr' id='par_1_105' title="bbox 2211 4350 3794 4427">
     <span class='ocr_line' id='line_1_105' title="bbox 2211 4350 3794 4427; baseline 0.008 -23"><span class='ocrx_word' id='word_1_757' title='bbox 2211 4367 2312 4420; x_wconf 92' lang='grc' dir='ltr'><strong>σην</strong></span> <span class='ocrx_word' id='word_1_758' title='bbox 2350 4350 2445 4406; x_wconf 86' lang='grc' dir='ltr'>ίὼν</span> <span class='ocrx_word' id='word_1_759' title='bbox 2487 4352 2586 4423; x_wconf 80' lang='grc' dir='ltr'>τὴν</span> <span class='ocrx_word' id='word_1_760' title='bbox 2618 4352 2757 4417; x_wconf 79' lang='grc' dir='ltr'>ὁδὸν,</span> <span class='ocrx_word' id='word_1_761' title='bbox 2812 4352 2948 4423; x_wconf 81' lang='grc' dir='ltr'>ὁμοῦ</span> <span class='ocrx_word' id='word_1_762' title='bbox 2998 4353 3077 4425; x_wconf 83' lang='grc' dir='ltr'>τῷ</span> <span class='ocrx_word' id='word_1_763' title='bbox 3129 4356 3334 4427; x_wconf 87' lang='grc' dir='ltr'>γυναίῳ</span> <span class='ocrx_word' id='word_1_764' title='bbox 3391 4358 3687 4414; x_wconf 79' lang='grc' dir='ltr'>κατέλυσεν</span> <span class='ocrx_word' id='word_1_765' title='bbox 3737 4364 3794 4416; x_wconf 85' lang='grc' dir='ltr'><strong>ἐν</strong></span> 
     </span>
    </p>
   </div>
   <div class='ocr_carea' id='block_1_106' title="bbox 2212 4439 3794 4524">
    <p class='ocr_par' dir='ltr' id='par_1_106' title="bbox 2212 4439 3794 4524">
     <span class='ocr_line' id='line_1_106' title="bbox 2212 4439 3794 4524; baseline 0.009 -33"><span class='ocrx_word' id='word_1_766' title='bbox 2212 4439 2432 4502; x_wconf 79' lang='grc' dir='ltr'>Γαϐαά,</span> <span class='ocrx_word' id='word_1_767' title='bbox 2486 4441 2522 4511; x_wconf 70' lang='grc' dir='ltr'><strong>ἡ</strong></span> <span class='ocrx_word' id='word_1_768' title='bbox 2574 4441 2990 4511; x_wconf 85' lang='grc' dir='ltr'>διερμηνεύεται</span> <span class='ocrx_word' id='word_1_769' title='bbox 3031 4445 3284 4512; x_wconf 77' lang='grc' dir='ltr'>βουνός.</span> <span class='ocrx_word' id='word_1_770' title='bbox 3332 4449 3529 4518; x_wconf 81' lang='grc' dir='ltr'>ᾯκουν</span> <span class='ocrx_word' id='word_1_771' title='bbox 3590 4451 3648 4503; x_wconf 84' lang='grc' dir='ltr'>δὲ</span> <span class='ocrx_word' id='word_1_772' title='bbox 3693 4454 3794 4524; x_wconf 80' lang='grc' dir='ltr'>τὴν</span> 
     </span>
    </p>
   </div>
   <div class='ocr_carea' id='block_1_107' title="bbox 2213 4530 3794 4613">
    <p class='ocr_par' dir='ltr' id='par_1_107' title="bbox 2213 4530 3794 4613">
     <span class='ocr_line' id='line_1_107' title="bbox 2213 4530 3794 4613; baseline 0.009 -32"><span class='ocrx_word' id='word_1_773' title='bbox 2213 4530 2422 4596; x_wconf 84' lang='grc' dir='ltr'>Γαϐαά,</span> <span class='ocrx_word' id='word_1_774' title='bbox 2442 4531 2561 4600; x_wconf 87' lang='grc' dir='ltr'>ῆτοι</span> <span class='ocrx_word' id='word_1_775' title='bbox 2583 4531 2674 4585; x_wconf 87' lang='grc' dir='ltr'><strong>τὸν</strong></span> <span class='ocrx_word' id='word_1_776' title='bbox 2704 4531 2891 4602; x_wconf 84' lang='grc' dir='ltr'>βουνὸν</span> <span class='ocrx_word' id='word_1_777' title='bbox 2913 4535 2963 4586; x_wconf 80' lang='grc' dir='ltr'>οἰ</span> <span class='ocrx_word' id='word_1_778' title='bbox 2979 4535 3043 4588; x_wconf 87' lang='grc' dir='ltr'><strong>ἐκ</strong></span> <span class='ocrx_word' id='word_1_779' title='bbox 3064 4536 3236 4606; x_wconf 80' lang='grc' dir='ltr'>φυλῆς</span> <span class='ocrx_word' id='word_1_780' title='bbox 3263 4537 3544 4609; x_wconf 79' lang='grc' dir='ltr'>Βενιαμίν.</span> <span class='ocrx_word' id='word_1_781' title='bbox 3575 4541 3794 4613; x_wconf 82' lang='grc' dir='ltr'>Ἐπειδὴ</span> 
     </span>
    </p>
   </div>
   <div class='ocr_carea' id='block_1_108' title="bbox 2212 4620 3794 4703">
    <p class='ocr_par' dir='ltr' id='par_1_108' title="bbox 2212 4620 3794 4703">
     <span class='ocr_line' id='line_1_108' title="bbox 2212 4620 3794 4703; baseline 0.007 -29"><span class='ocrx_word' id='word_1_782' title='bbox 2212 4620 2270 4674; x_wconf 79' lang='grc' dir='ltr'><strong>δὲ</strong></span> <span class='ocrx_word' id='word_1_783' title='bbox 2302 4621 2454 4691; x_wconf 89' lang='grc' dir='ltr'>παρά</span> <span class='ocrx_word' id='word_1_784' title='bbox 2503 4638 2624 4675; x_wconf 90' lang='grc' dir='ltr'>τινα</span> <span class='ocrx_word' id='word_1_785' title='bbox 2672 4623 3029 4695; x_wconf 77' lang='grc' dir='ltr'>κατηυλίζετο</span> <span class='ocrx_word' id='word_1_786' title='bbox 3076 4626 3380 4698; x_wconf 79' lang='grc' dir='ltr'>πρεσϐύτῃ,</span> <span class='ocrx_word' id='word_1_787' title='bbox 3432 4631 3572 4684; x_wconf 86' lang='grc' dir='ltr'><strong>κατά</strong></span> <span class='ocrx_word' id='word_1_788' title='bbox 3619 4633 3794 4703; x_wconf 81' lang='grc' dir='ltr'>μέσην</span> 
     </span>
    </p>
   </div>
   <div class='ocr_carea' id='block_1_109' title="bbox 2213 4710 3792 4794">
    <p class='ocr_par' dir='ltr' id='par_1_109' title="bbox 2213 4710 3792 4794">
     <span class='ocr_line' id='line_1_109' title="bbox 2213 4710 3792 4794; baseline 0.009 -31"><span class='ocrx_word' id='word_1_789' title='bbox 2213 4710 2309 4782; x_wconf 83' lang='grc' dir='ltr'>τὴν</span> <span class='ocrx_word' id='word_1_790' title='bbox 2337 4711 2508 4765; x_wconf 87' lang='grc' dir='ltr'>νύκτα</span> <span class='ocrx_word' id='word_1_791' title='bbox 2561 4712 2804 4778; x_wconf 84' lang='grc' dir='ltr'>ἐλθόντες</span> <span class='ocrx_word' id='word_1_792' title='bbox 2842 4715 2951 4768; x_wconf 84' lang='grc' dir='ltr'><strong>τῶν</strong></span> <span class='ocrx_word' id='word_1_793' title='bbox 2992 4716 3057 4769; x_wconf 85' lang='grc' dir='ltr'><strong>ἐκ</strong></span> <span class='ocrx_word' id='word_1_794' title='bbox 3098 4718 3271 4788; x_wconf 81' lang='grc' dir='ltr'>φυλῆς</span> <span class='ocrx_word' id='word_1_795' title='bbox 3297 4719 3571 4791; x_wconf 75' lang='grc' dir='ltr'>Βενιαμὶν,</span> <span class='ocrx_word' id='word_1_796' title='bbox 3601 4722 3792 4794; x_wconf 80' lang='grc' dir='ltr'>ἄνδρες</span> 
     </span>
    </p>
   </div>
   <div class='ocr_carea' id='block_1_110' title="bbox 2214 4800 3792 4888">
    <p class='ocr_par' dir='ltr' id='par_1_110' title="bbox 2214 4800 3792 4888">
     <span class='ocr_line' id='line_1_110' title="bbox 2214 4800 3792 4888; baseline 0.011 -35"><span class='ocrx_word' id='word_1_797' title='bbox 2214 4800 2559 4873; x_wconf 86' lang='grc' dir='ltr'>παράνομοι,</span> <span class='ocrx_word' id='word_1_798' title='bbox 2613 4803 2758 4858; x_wconf 86' lang='grc' dir='ltr'>καθὰ</span> <span class='ocrx_word' id='word_1_799' title='bbox 2795 4806 3121 4877; x_wconf 85' lang='grc' dir='ltr'>γέγραπται,</span> <span class='ocrx_word' id='word_1_800' title='bbox 3174 4810 3603 4875; x_wconf 76' lang='grc' dir='ltr'>καταϐιάζεσθαι</span> <span class='ocrx_word' id='word_1_801' title='bbox 3658 4817 3792 4888; x_wconf 73' lang='grc' dir='ltr'>πρὸς</span> 
     </span>
    </p>
   </div>
   <div class='ocr_carea' id='block_1_111' title="bbox 2215 4891 3793 4973">
    <p class='ocr_par' dir='ltr' id='par_1_111' title="bbox 2215 4891 3793 4973">
     <span class='ocr_line' id='line_1_111' title="bbox 2215 4891 3793 4973; baseline 0.009 -30"><span class='ocrx_word' id='word_1_802' title='bbox 2215 4891 2505 4960; x_wconf 82' lang='grc' dir='ltr'>ἀσέλγειαν</span> <span class='ocrx_word' id='word_1_803' title='bbox 2532 4893 2624 4946; x_wconf 91' lang='grc' dir='ltr'><strong>τόν</strong></span> <span class='ocrx_word' id='word_1_804' title='bbox 2678 4909 2740 4946; x_wconf 90' lang='grc' dir='ltr'><strong>τε</strong></span> <span class='ocrx_word' id='word_1_805' title='bbox 2775 4895 3031 4965; x_wconf 80' lang='grc' dir='ltr'>Λευΐτην,</span> <span class='ocrx_word' id='word_1_806' title='bbox 3086 4898 3182 4951; x_wconf 80' lang='grc' dir='ltr'>καὶ</span> <span class='ocrx_word' id='word_1_807' title='bbox 3230 4900 3415 4967; x_wconf 81' lang='grc' dir='ltr'>αὑτὸν,</span> <span class='ocrx_word' id='word_1_808' title='bbox 3446 4903 3541 4955; x_wconf 77' lang='grc' dir='ltr'>καὶ</span> <span class='ocrx_word' id='word_1_809' title='bbox 3573 4902 3793 4973; x_wconf 78' lang='grc' dir='ltr'>ἐτέρους</span> 
     </span>
    </p>
   </div>
   <div class='ocr_carea' id='block_1_112' title="bbox 2213 4981 3792 5065">
    <p class='ocr_par' dir='ltr' id='par_1_112' title="bbox 2213 4981 3792 5065">
     <span class='ocr_line' id='line_1_112' title="bbox 2213 4981 3792 5065; baseline 0.009 -32"><span class='ocrx_word' id='word_1_810' title='bbox 2213 4981 2424 5052; x_wconf 80' lang='grc' dir='ltr'>ῆθελον.</span> <span class='ocrx_word' id='word_1_811' title='bbox 2482 4984 2906 5056; x_wconf 86' lang='grc' dir='ltr'>Δυσωπηθέντες</span> <span class='ocrx_word' id='word_1_812' title='bbox 2950 4987 3008 5039; x_wconf 80' lang='grc' dir='ltr'>δὲ</span> <span class='ocrx_word' id='word_1_813' title='bbox 3055 4988 3214 5057; x_wconf 83' lang='grc' dir='ltr'>μόλις</span> <span class='ocrx_word' id='word_1_814' title='bbox 3260 4990 3363 5061; x_wconf 90' lang='grc' dir='ltr'><strong>τῆς</strong></span> <span class='ocrx_word' id='word_1_815' title='bbox 3406 4992 3637 5056; x_wconf 85' lang='grc' dir='ltr'>ἀτοπίας</span> <span class='ocrx_word' id='word_1_816' title='bbox 3694 4995 3792 5065; x_wconf 77' lang='grc' dir='ltr'><strong>τὴν</strong></span> 
     </span>
    </p>
   </div>
   <div class='ocr_carea' id='block_1_113' title="bbox 2215 5073 3793 5152">
    <p class='ocr_par' dir='ltr' id='par_1_113' title="bbox 2215 5073 3793 5152">
     <span class='ocr_line' id='line_1_113' title="bbox 2215 5073 3793 5152; baseline 0.008 -26"><span class='ocrx_word' id='word_1_817' title='bbox 2215 5073 2540 5145; x_wconf 81' lang='grc' dir='ltr'>ὑπερϐολὴν,</span> <span class='ocrx_word' id='word_1_818' title='bbox 2588 5075 2686 5147; x_wconf 79' lang='grc' dir='ltr'>τὴν</span> <span class='ocrx_word' id='word_1_819' title='bbox 2737 5077 2832 5130; x_wconf 86' lang='grc' dir='ltr'>τοῦ</span> <span class='ocrx_word' id='word_1_820' title='bbox 2887 5080 3115 5133; x_wconf 77' lang='grc' dir='ltr'>Λευΐτου</span> <span class='ocrx_word' id='word_1_821' title='bbox 3157 5083 3593 5152; x_wconf 81' lang='grc' dir='ltr'>συλλαμϐάνουσι</span> <span class='ocrx_word' id='word_1_822' title='bbox 3655 5086 3793 5139; x_wconf 83' lang='grc' dir='ltr'>παλ-</span> 
     </span>
    </p>
   </div>
   <div class='ocr_carea' id='block_1_114' title="bbox 2216 5166 3793 5247">
    <p class='ocr_par' dir='ltr' id='par_1_114' title="bbox 2216 5166 3793 5247">
     <span class='ocr_line' id='line_1_114' title="bbox 2216 5166 3793 5247; baseline 0.008 -29"><span class='ocrx_word' id='word_1_823' title='bbox 2216 5166 2425 5220; x_wconf 86' lang='grc' dir='ltr'>λακίδα.</span> <span class='ocrx_word' id='word_1_824' title='bbox 2468 5168 2579 5221; x_wconf 82' lang='grc' dir='ltr'>Καὶ</span> <span class='ocrx_word' id='word_1_825' title='bbox 2604 5168 2668 5239; x_wconf 85' lang='grc' dir='ltr'>δὴ</span> <span class='ocrx_word' id='word_1_826' title='bbox 2699 5170 2795 5222; x_wconf 75' lang='grc' dir='ltr'><strong>καὶ</strong></span> <span class='ocrx_word' id='word_1_827' title='bbox 2825 5170 3179 5237; x_wconf 81' lang='grc' dir='ltr'>ἀπεκτόνασι,</span> <span class='ocrx_word' id='word_1_828' title='bbox 3221 5175 3289 5229; x_wconf 78' lang='grc' dir='ltr'>δι’</span> <span class='ocrx_word' id='word_1_829' title='bbox 3310 5176 3437 5247; x_wconf 83' lang='grc' dir='ltr'>ὅλης</span> <span class='ocrx_word' id='word_1_830' title='bbox 3463 5176 3566 5246; x_wconf 86' lang='grc' dir='ltr'><strong>τῆς</strong></span> <span class='ocrx_word' id='word_1_831' title='bbox 3596 5177 3793 5241; x_wconf 83' lang='grc' dir='ltr'>νυκτὸς</span> 
     </span>
    </p>
   </div>
   <div class='ocr_carea' id='block_1_115' title="bbox 2214 5258 3790 5338">
    <p class='ocr_par' dir='ltr' id='par_1_115' title="bbox 2214 5258 3790 5338">
     <span class='ocr_line' id='line_1_115' title="bbox 2214 5258 3790 5338; baseline 0.007 -28"><span class='ocrx_word' id='word_1_832' title='bbox 2214 5259 2292 5320; x_wconf 84' lang='grc' dir='ltr'>εἰς</span> <span class='ocrx_word' id='word_1_833' title='bbox 2319 5258 2378 5311; x_wconf 82' lang='grc' dir='ltr'><strong>τὸ</strong></span> <span class='ocrx_word' id='word_1_834' title='bbox 2403 5258 2624 5325; x_wconf 82' lang='grc' dir='ltr'>γύναιον</span> <span class='ocrx_word' id='word_1_835' title='bbox 2657 5259 3089 5330; x_wconf 84' lang='grc' dir='ltr'>ἀσελγαίνοντες.</span> <span class='ocrx_word' id='word_1_836' title='bbox 3126 5264 3184 5318; x_wconf 86' lang='lat'><strong>&#39;0</strong></span> <span class='ocrx_word' id='word_1_837' title='bbox 3211 5266 3269 5318; x_wconf 81' lang='grc' dir='ltr'>δὲ</span> <span class='ocrx_word' id='word_1_838' title='bbox 3317 5265 3507 5320; x_wconf 87' lang='grc' dir='ltr'>διελὼν</span> <span class='ocrx_word' id='word_1_839' title='bbox 3541 5270 3621 5330; x_wconf 79' lang='grc' dir='ltr'>εἰς</span> <span class='ocrx_word' id='word_1_840' title='bbox 3652 5267 3790 5338; x_wconf 87' lang='grc' dir='ltr'>μέλη</span> 
     </span>
    </p>
   </div>
   <div class='ocr_carea' id='block_1_116' title="bbox 2213 5350 3790 5427">
    <p class='ocr_par' dir='ltr' id='par_1_116' title="bbox 2213 5350 3790 5427">
     <span class='ocr_line' id='line_1_116' title="bbox 2213 5350 3790 5427; baseline 0.006 -25"><span class='ocrx_word' id='word_1_841' title='bbox 2213 5350 2275 5403; x_wconf 79' lang='grc' dir='ltr'>τὸ</span> <span class='ocrx_word' id='word_1_842' title='bbox 2297 5352 2453 5422; x_wconf 81' lang='grc' dir='ltr'>σῶμα</span> <span class='ocrx_word' id='word_1_843' title='bbox 2484 5353 2724 5423; x_wconf 85' lang='grc' dir='ltr'>διένειμε</span> <span class='ocrx_word' id='word_1_844' title='bbox 2769 5355 2883 5416; x_wconf 82' lang='grc' dir='ltr'>τοῖς</span> <span class='ocrx_word' id='word_1_845' title='bbox 2916 5354 2981 5406; x_wconf 86' lang='grc' dir='ltr'><strong>ἐκ</strong></span> <span class='ocrx_word' id='word_1_846' title='bbox 3029 5355 3199 5425; x_wconf 85' lang='grc' dir='ltr'>φυλῆς</span> <span class='ocrx_word' id='word_1_847' title='bbox 3245 5357 3480 5427; x_wconf 76' lang='grc' dir='ltr'>Ἰσραὴλ,</span> <span class='ocrx_word' id='word_1_848' title='bbox 3505 5358 3790 5427; x_wconf 84' lang='grc' dir='ltr'>καταφανῆ</span> 
     </span>
    </p>
   </div>
   <div class='ocr_carea' id='block_1_117' title="bbox 2215 5443 3792 5518">
    <p class='ocr_par' dir='ltr' id='par_1_117' title="bbox 2215 5443 3792 5518">
     <span class='ocr_line' id='line_1_117' title="bbox 2215 5443 3792 5518; baseline 0.006 -24"><span class='ocrx_word' id='word_1_849' title='bbox 2215 5443 2476 5507; x_wconf 72' lang='grc' dir='ltr'>καθιστὰς</span> <span class='ocrx_word' id='word_1_850' title='bbox 2537 5443 2644 5497; x_wconf 84' lang='grc' dir='ltr'>τῶν</span> <span class='ocrx_word' id='word_1_851' title='bbox 2689 5447 2753 5497; x_wconf 87' lang='grc' dir='ltr'><strong>ἐκ</strong></span> <span class='ocrx_word' id='word_1_852' title='bbox 2804 5445 2975 5515; x_wconf 85' lang='grc' dir='ltr'>φυλῆς</span> <span class='ocrx_word' id='word_1_853' title='bbox 3008 5447 3260 5518; x_wconf 78' lang='grc' dir='ltr'>Βενιαμὶν</span> <span class='ocrx_word' id='word_1_854' title='bbox 3293 5449 3393 5517; x_wconf 87' lang='grc' dir='ltr'>τήν</span> <span class='ocrx_word' id='word_1_855' title='bbox 3432 5465 3492 5500; x_wconf 88' lang='grc' dir='ltr'><strong>τε</strong></span> <span class='ocrx_word' id='word_1_856' title='bbox 3542 5451 3623 5513; x_wconf 79' lang='grc' dir='ltr'>εἰς</span> <span class='ocrx_word' id='word_1_857' title='bbox 3667 5451 3792 5511; x_wconf 75' lang='grc' dir='ltr'>τοὺς</span> 
     </span>
    </p>
   </div>
   <div class='ocr_carea' id='block_1_118' title="bbox 2215 5533 3793 5607">
    <p class='ocr_par' dir='ltr' id='par_1_118' title="bbox 2215 5533 3793 5607">
     <span class='ocr_line' id='line_1_118' title="bbox 2215 5533 3793 5607; baseline 0.006 -23"><span class='ocrx_word' id='word_1_858' title='bbox 2215 5533 2395 5599; x_wconf 69' lang='grc' dir='ltr'>ξένους</span> <span class='ocrx_word' id='word_1_859' title='bbox 2424 5535 2719 5606; x_wconf 74' lang='grc' dir='ltr'>ἁμαρτίαν,</span> <span class='ocrx_word' id='word_1_860' title='bbox 2754 5536 2846 5588; x_wconf 84' lang='grc' dir='ltr'><strong>καὶ</strong></span> <span class='ocrx_word' id='word_1_861' title='bbox 2873 5536 2928 5590; x_wconf 59' lang='grc' dir='ltr'>τὸ</span> <span class='ocrx_word' id='word_1_862' title='bbox 2956 5538 3205 5607; x_wconf 69' lang='grc' dir='ltr'>ἀχάλινον</span> <span class='ocrx_word' id='word_1_863' title='bbox 3250 5538 3329 5601; x_wconf 83' lang='grc' dir='ltr'>εἰς</span> <span class='ocrx_word' id='word_1_864' title='bbox 3361 5538 3666 5607; x_wconf 71' lang='grc' dir='ltr'>ἀσέλγειαν·</span> <span class='ocrx_word' id='word_1_865' title='bbox 3700 5539 3793 5593; x_wconf 69' lang='grc' dir='ltr'><strong>καὶ</strong></span> 
     </span>
    </p>
   </div>
  </div>
