4034 6270
242 382 339 436 229

1153 369 1705 429 COMMENTARIUS
1741 370 1807 425 IN
1848 370 2080 427 OSEAM
2116 373 2559 431 I’ROPIIETAM.

3375 378 3482 436 350

251 501 328 552 ὅτι
358 496 426 550 τὰ
469 492 770 564 Σοδομιτῶν
801 493 1150 564 μεμίμηνται
1186 489 1653 560 πλημμελήματα.
1698 489 1805 542 Ἐν-

1917 490 2086 546 tribus
2126 492 2177 544 id
2211 491 2394 561 inique
2439 488 2839 547 dissimulantes
2886 490 3231 560 quievisscut.
3294 489 3482 546 Simile

254 587 429 641 τεῦθεν
458 584 839 654 ἀγανακτήσας
866 583 1277 652 συναγήγερται
1308 582 1414 642 πᾶς
1436 578 1672 649 Ἰσραὴλ,
1712 577 1807 631 καὶ

260 677 722 744 κατεστρατεύοντο
742 673 842 742 τῆς
870 672 1040 742 φυλῆς
1058 672 1313 741 Βενιαμὶν
1337 672 1396 722 ἐν
1430 669 1666 730 Γαϐαάν,
1683 686 1806 720 του-

259 766 433 825 τέστιν.
480 764 539 815 ὲν
580 761 659 832 τῷ
693 761 887 831 βουνῷ·
936 760 1079 813 οὕτω
1131 777 1190 813 τε
1249 760 1419 830 αὐτὴν
1476 759 1803 829 ἀνῃρήκασι,

256 854 405 908 καίτοι
444 852 879 924 πολυανδροῦσαν
902 851 1044 917 λίαν,
1070 851 1146 915 ὼς
1177 850 1388 919 ὀλίγους
1427 850 1622 921 κομιδῇ
1655 867 1807 919 περιο

222 980 225 983 ι
251 942 528 1006 σωθέντας,
553 943 705 1014 μόλις
722 943 1017 1011 ἀναφυγεῖν
1039 944 1116 1005 εἰς
1134 940 1232 1011 τὴν
1262 943 1358 1012 ἓρη
1368 958 1485 1010 μον.
1514 941 1808 995 Διολώλασι

244 1032 398 1086 δὲκαὶ
419 1036 484 1086 ὲκ
502 1034 701 1097 παντὸς
728 1032 944 1105 Ἰσραὴλ
968 1033 1077 1086 τῶν
1102 1032 1358 1103 μαχίμων
1384 1032 1484 1084 οὐκ
1509 1031 1808 1102 εὐαρίθμη-

243 1140 340 1177 τοι.
376 1124 514 1179 Ἀλλ’
536 1126 636 1178 οὐκ
668 1125 732 1178 ἂν
766 1125 919 1193 ἠφίει
951 1123 1082 1184 Θεὸς
1111 1122 1363 1191 ἀλλήλοις
1405 1120 1809 1191 συμπλέκεσθαι

1909 583 2036 651 quid
2067 584 2229 638 etiam
2265 595 2482 652 propter
2528 582 2946 651 vitulos'aureos
2999 582 3104 637 Deo
3156 582 3480 637 exacerbata

1908 674 2110 727 evenit.
2142 674 2511 729 Conﬂixerunt
2541 676 2682 729 enim
2718 675 2835 729 dua:
2866 675 3035 728 tribus
3067 673 3200 728 Juda
3237 688 3357 728 cum
3385 673 3482 727 de-

1909 778 2024 819 cem
2053 764 2306 834 Epltraim
2331 782 2344 828 ;
2370 775 2423 819 et
2460 765 2685 833 perinde
2718 773 2777 818 ut
2805 766 3134 833 temporibus
3159 764 3327 827 collis,
3361 762 3480 817 mil-

1908 850 1976 904 lia
2004 851 2167 905 multa
2191 853 2581 914 occubuerunt,
2607 859 2661 904 et
2687 851 2766 904 ira
2799 850 2888 903 Dei
2922 850 3216 921 instigante
3249 865 3369 904 cum
3396 851 3478 900 vi-

1910 942 2012 996 clis
2039 942 2135 1009 ipsi
2166 944 2397 996 victores
2430 940 2537 995 dati
2562 950 2685 995 sunt
2727 941 2892 993 exitio
2916 941 2982 994 ".
3024 941 3187 995 Gesta
3217 950 3339 996 sunt
3370 939 3481 994 lucc

1908 1045 2070 1099 super
2113 1030 2304 1085 Judam
2352 1042 2607 1095 regnante
2639 1030 2876 1090 Amasia,
2927 1044 3089 1097 super
3150 1030 3312 1085 Israel
3359 1029 3476 1095 .Ioa,

1910 1123 2000 1191 qui
2035 1124 2108 1177 ita
2142 1123 2352 1192 subegit
2383 1122 2831 1192 Hierosolymam,
2863 1131 2921 1173 ut
2953 1129 3159 1189 partem
3208 1124 3345 1175 muri
3388 1138 3482 1176 cn-

241 1215 363 1277 τοὺς
384 1214 442 1278 ἐξ
472 1215 705 1286 Ἰσραὴλ,
746 1217 793 1267 εί
826 1215 902 1286 μὴ
934 1214 997 1268 τὸ
1033 1213 1093 1277 ἐξ
1124 1212 1274 1266 οἴκου
1301 1212 1539 1282 Μιχαίου
1574 1211 1805 1278 γλυπτὸν

1913 1212 2145 1267 biturum
2179 1212 2694 1281 quadringentorum
2730 1210 2967 1264 diruorct
2998 1210 3063 1263 “.

241 1305 407 1374 οἱμὲν
431 1306 540 1359 ἀπὸ
566 1307 675 1359 Δάν
711 1307 1061 1376 τετιμήκασι,
1121 1304 1511 1375 κατηρέμησαν
1548 1303 1604 1356 δὲ
1669 1302 1995 1373 παραλόγως
2043 1304 2092 1355 οἱ
2133 1304 2198 1356 ὲκ
2244 1304 2351 1357 τῶν
2416 1303 2617 1375 ἐτέρων
2678 1301 2879 1371 φυλῶν.
2919 1300 3170 1354 Τοιοῦτόν
3205 1318 3256 1353 τι
3293 1300 3481 1369 γέγονε

212 1399 328 1451 ,καὶ
380 1401 471 1452 ἐπὶ
507 1403 630 1462 ταῖς
673 1400 939 1470 δαμάλεσι
992 1402 1111 1463 ταῖς
1157 1401 1382 1469 χρυσαῖς
1434 1397 1811 1468 λελυπημένου
1847 1396 2005 1450 Θεοῦ.
2057 1398 2481 1465 Συνεπλάκησαν
2540 1398 2649 1469 γὰρ
2686 1396 2945 1465 ἀλλήλαις
2988 1395 3139 1448 αἵτε
3170 1394 3263 1448 τοῦ
3310 1393 3482 1446 Ἰούδα

240 1486 398 1555 φυλαὶ
427 1489 541 1551 δύο,
575 1490 672 1542 καὶ
698 1491 755 1541 αἰ
786 1487 919 1541 δέκα
946 1487 1041 1541 τοῦ
1072 1485 1336 1557 Ἐφραῒμ.
1372 1488 1481 1540 Καὶ
1519 1485 1594 1548 ὡς
1642 1488 1700 1538 ἐν
1722 1489 1840 1550 ταῖς
1909 1486 2144 1558 ἡμέραις
2199 1488 2293 1540 τοῦ
2356 1486 2544 1557 βουνοῦ
2602 1486 2784 1557 μυρίοι
2843 1488 2941 1556 μὲν
2981 1488 3093 1540 ὅσοι
3137 1486 3478 1548 πεπτώκασι,

239 1579 697 1651 συνωλοθρεύοντο
726 1580 784 1633 δὲ
804 1584 916 1643 τοῖς
951 1580 1176 1634 νικῶσιν
1210 1581 1260 1632 οἱ
1299 1580 1616 1649 ἡττημένοι,
1689 1580 1839 1644 θείας
1910 1582 1990 1644 είς
2037 1581 2195 1635 τοῦτο
2249 1581 2516 1648 καλούσης
2571 1582 2762 1650 ὀργῆς.
2817 1581 3136 1651 Πέπρακται
3194 1580 3252 1633 δὲ
3307 1580 3479 1633 ταῦτα

239 1666 503 1736 ’Λμασίου
564 1671 683 1740 μέν’
702 1670 1071 1740 βασιλεύοντος
1117 1671 1214 1723 ἐπὶ
1253 1670 1341 1722 τὸν
1368 1669 1592 1734 Ἰούδαν,
1622 1670 1717 1722 τοῦ
1748 1686 1813 1738 γε
1856 1669 1960 1741 μὴν
1988 1671 2140 1733 Ἰωὰς
2204 1673 2296 1725 ἐπὶ
2354 1672 2446 1725 τὸν
2472 1670 2711 1741 Ἰσραὴλ,
2752 1670 2810 1734 ὃς
2851 1666 2994 1723 εἷλεν
3020 1670 3163 1724 οὕτω
3200 1671 3268 1724 τὰ
3310 1671 3474 1742 Ἰερο-

241 1757 470 1827 σόλυμα,
500 1759 576 1823 ὡς
605 1761 698 1813 καὶ
737 1761 975 1813 καθελεῖν
1011 1760 1104 1813 τοῦ
1130 1759 1346 1828 τείχους
1378 1758 1540 1830 μέρος
1574 1760 1652 1823 εἰς
1688 1760 1883 1829 πήχεις
1905 1760 2288 1831 τετρακοσίας.

322 1850 417 1915 Ὡς
436 1851 766 1919 σταφυλὴν
805 1853 876 1906 ἐν
925 1851 1119 1920 ἐρήμῳ
1153 1848 1333 1921 εὖρον
1377 1851 1485 1905 τὸν
1529 1851 1805 1920 Ἰσραὴλ,

1986 1853 2145 1907 Vnus.
2178 1853 2264 1907 10.
2299 1851 2449 1909 Sicut
2496 1870 2648 1909 uvam
2687 1855 2741 1909 iis
2777 1855 2979 1909 deserto
3009 1854 3179 1907 inveni
3212 1852 3384 1908 Israel
3397 1864 3480 1918 ,et

236 1941 335 1994 καὶ
387 1942 471 2005 ὡς
508 1942 707 1996 σῦκον
745 1943 814 1996 ἐν
855 1941 1015 2011 συκῇ
1055 1943 1316 2013 πρώὶςμον
1354 1938 1518 1997 εἶδον
1553 1944 1805 2013 πατέρας

1915 1942 2045 1996 sicut
2095 1943 2252 2012 ficum
2303 1944 2358 1998 in
2389 1944 2492 2012 ﬁcu
2527 1945 2874 2013 tempestivam
2920 1944 3026 1998 vidi
3064 1953 3239 2011 patres
3276 1960 3478 2000 eorum.

233 2031 456 2086 αὐτῶν.
491 2032 670 2086 Αὐτοὶ
701 2033 991 2101 εἰσῆλθον
1013 2034 1159 2103 πρὸς
1191 2033 1299 2087 τὸν
1323 2032 1692 2103 Βεελφεγὰῳ,
1713 2035 1805 2089 καί

1914 2031 2029 2102 Ipsi
2058 2033 2279 2103 ingressi
2304 2042 2427 2087 sunt
2454 2035 2523 2087 ad
2556 2033 2896 2103 Beelphegor,
2938 2044 2984 2088 et
3028 2034 3311 2088 abalienati
3359 2044 3481 2088 sunt

235 2123 825 2191 ἀπηλλοτριώθησαν
856 2127 945 2190 εἰς
967 2125 1281 2193 αἰσχύνην.
1314 2125 1424 2180 Kal
1452 2110 1731 2196 mer
1757 2128 1805 2181 οὲ

1914 2125 1969 2178 in
1998 2123 2377 2194 confusionem.
2420 2124 2487 2179 Et
2529 2125 2660 2195 [acti
2699 2134 2819 2180 sunt
2847 2125 3023 2180 dilecti
3050 2126 3183 2180 sicut
3212 2127 3482 2181 abomina-

234 2211 611 2281 ἠγαπημένοι
634 2214 714 2279 ὡς
739 2216 794 2267 οί
818 2213 1247 2283 ἐὸὃελυῃιένοι.

307 2301 428 2356 Pl".
465 2302 590 2354 Ὀτι
617 2302 691 2371 μὴ
719 2303 895 2373 μάτην
932 2303 1112 2366 αὐτοῖς
1138 2303 1200 2356 τὸ
1228 2303 1641 2377 καταφθαρῆναι
1674 2323 1813 2378 συμ-

232 2389 494 2460 ϐέϐηκεν,
537 2390 653 2445 ἀλλ’
683 2394 741 2445 ὲν
787 2392 930 2463 δίκῃ,
983 2392 1168 2446 λοιπὸν
1217 2396 1472 2464 πειρᾶται
1515 2396 1807 2452 διδάσκειν.

233 2480 379 2549 Ἐγὼ
414 2481 514 2551 μὲν
573 2481 716 2551 γὰρ,
774 2484 927 2552 φησὶ,
979 2482 1326 2554 ἐπελεξάμην
1390 2485 1610 2551 αὐτοὺς,
1640 2486 1716 2550 ὡς
1751 2489 1811 2539 ὲν

228 2571 425 2641 ἐρήμῳ
449 2572 716 2643 σταφυλὴν
752 2573 949 2643 εὑρὼν,
986 2575 1080 2628 καὶ
1102 2574 1178 2638 ὡς
1228 2575 1393 2629 σῦκον
1415 2576 1674 2647 πέπειρον
1702 2578 1811 2632 ἀπὸ

229 2661 407 2731 συκῆς
451 2662 723 2731 ἀρπάσας·
767 2662 1036 2733 ἐξήγαγον
1068 2665 1179 2735 γὰρ
1217 2667 1315 2735 τῆς
1355 2667 1671 2735 Αἰγυπτίων
1698 2669 1810 2739 χὼ-

228 2768 352 2822 ρας,
389 2752 882 2823 εἰδωλολατρούσης
915 2755 1064 2821 ὅλης,
1094 2754 1189 2806 καὶ
1235 2754 1682 2826 πεπλανημένης,
1714 2757 1808 2811 καί

222 2842 432 2911 πολλὴν
471 2844 735 2914 νοσούσης
762 2845 860 2914 τὴν
887 2844 1121 2914 ἐρημίαν
1146 2844 1347 2908 παντὸς
1376 2846 1600 2915 ἀγαθοῦ.
1627 2847 1692 2900 Τί
1719 2844 1811 2902 οὖν

222 2932 284 2985 οἱ
320 2933 633 3000 ἀπόλεκτοι,
689 2934 741 2986 οἱ
782 2932 872 2985 διὰ
916 2934 1017 3003 τῆς
1049 2935 1189 3005 ὲμῆς
1218 2936 1564 3007 ήρπαγμένοι
1592 2940 1809 3008 χειρός;

224 3026 662 3097 Προσκέκλινται
691 3025 769 3096 τῷ
824 3024 1165 3095 Βεελφεγὼρ,
1206 3026 1432 3096 ἐξῆλθον
1482 3032 1808 3097 οἰκειότητος

225 3120 330 3189 τῆς
362 3120 498 3190 πρός
531 3137 598 3190 με
636 3121 720 3184 είς
748 3118 1032 3188 αἰσχύνην,
1069 3119 1226 3172 τοῦτό
1259 3121 1376 3174 ἐστι
1411 3121 1493 3186 τὸ,
1554 3143 1572 3173 ι
1608 3123 1809 3193 Ἀπηλ-

1914 2215 2061 2273 biles.

1983 2304 2111 2362 CIII.
2135 2303 2253 2362 Non
2287 2314 2507 2373 temere,
2545 2307 2639 2362 sed
2662 2307 2783 2376 iure
2809 2306 3099 2377 perniciem
3130 2305 3235 2362 illis
3278 2305 3476 2361 illatam

1911 2410 2031 2452 esse
2056 2406 2284 2452 conatur
2328 2398 2486 2452 modo
2539 2397 2844 2452 ostendere.
2897 2396 3010 2466 Ego
3066 2396 3229 2461 enim,
3284 2395 3476 2466 inquit,

1911 2487 2044 2559 elegi
2075 2502 2169 2543 eos
2195 2499 2254 2543 ut
2281 2487 2334 2543 in
2368 2487 2654 2544 solitudine
2680 2503 2835 2543 uvam
2870 2488 3164 2552 inventam,
3215 2495 3269 2541 et
3316 2496 3373 2541 ut
3417 2487 3480 2541 li—

1912 2593 2033 2633 cum
2059 2588 2322 2633 maturam
2353 2578 2420 2634 ab
2447 2580 2640 2635 arbore
2678 2579 2982 2648 decerptam
3016 2597 3029 2632 :
3055 2578 3213 2633 eduxi
3240 2578 3382 2632 enim
3409 2592 3477 2633 ex

1910 2666 2165 2740 Egypto,
2194 2684 2355 2738 quam
2385 2678 2547 2723 totam
2603 2668 2923 2734 idololatria,
2965 2677 3021 2723 et
3049 2684 3224 2732 error,
3277 2679 3330 2722 et
3364 2684 3479 2721 ma-

1910 2773 2013 2826 gna
2065 2758 2243 2815 omnis
2291 2758 2415 2813 boni
2470 2760 2690 2829 penuria
2742 2758 3079 2814 obsidebant.
3129 2758 3267 2824 Quid
3318 2758 3480 2826 igitur

1910 2848 2089 2913 electi,
2123 2849 2251 2919 quid
2301 2865 2459 2903 manu
2515 2865 2631 2904 mea
2683 2849 2889 2919 erepti?
2957 2848 3367 2903 Declinaverunt
3408 2849 3476 2903 ad

1910 2938 2265 3010 Beelpbegor,
2299 2940 2368 2995 ab
2413 2940 2647 2994 amicitia
2681 2955 2799 2995 mea
2827 2940 3170 2995 desciverunt
3200 2940 3251 2993 in
3283 2938 3474 2993 cuul'u-

1910 3029 2148 3098 sionem;
2196 3031 2300 3086 hoc
2325 3031 2467 3085 enim
2500 3042 2602 3094 est,
2634 3031 2774 3099 quod
2806 3030 2882 3084 ait
2916 3048 2931 3084 :
2976 3049 2995 3082 ι
3024 3029 3321 3085 Abalienati
3351 3039 3477 3084 sunt

1913 3123 1966 3176 in
1992 3122 2385 3179 confusionem.
2421 3143 2440 3177 ι
2479 3124 2634 3194 137
2666 3123 3049 3179 Confusionem
3099 3132 3277 3178 autem
3319 3131 3475 3177 vocat

226 3189 607 3281 λοτριῶθησαν
647 3211 727 3273 εἰς
778 3209 1068 3280 αἰσχύνην·
1100 3228 1119 3261 ›
1155 3210 1415 3282 αἰσχύνην
1460 3213 1516 3267 δὲ
1557 3189 1805 3285 ὀνομάζει

1915 3213 2245 3285 Beelphegor
2270 3234 2283 3269 :
2311 3226 2426 3270 erat
2466 3217 2608 3269 enim
2658 3217 2853 3271 idolum
2894 3216 3064 3271 forma
3094 3215 3330 3270 omnium
3365 3223 3477 3268 tur-

222 3297 324 3351 τοῦ
354 3298 701 3368 Βεελφεγώρο
740 3293 810 3367 ἦν
858 3298 968 3368 γὰρ
1020 3298 1078 3351 ὲν
1134 3299 1518 3372 ἀκαλλεστάτῳ
1572 3305 1808 3375 σχήματι

219 3388 339 3443 τῶν
362 3389 538 3442 ἄλλων
568 3388 821 3458 μάλιστα,
851 3389 944 3441 καὶ
964 3389 1199 3459 ἄσεμνον
1231 3389 1379 3444 ἰδεῖν.

301 3479 533 3543 Οὐκοῦν,
562 3477 881 3545 ἀγαπῶντες
928 3477 1027 3547 μὲν
1054 3478 1115 3531 τὸ
1156 3475 1297 3533 εἶναι
1348 3480 1490 3550 μετά
1526 3481 1682 3544 Θεοῦ,
1713 3483 1809 3537 καὶ

221 3567 499 3638 τιμῶντες
524 3566 599 3629 ὼς
620 3565 939 3631 καλέσαντα,
965 3568 1057 3620 καὶ
1073 3567 1479 3639 ἐπιλεξάμενον,
1504 3571 1597 3624 καὶ
1622 3572 1808 3641 ὥσπερ

225 3664 292 3730 ἐξ
335 3663 547 3733 ἐρήμου
598 3660 693 3714 καὶ
725 3658 1087 3714 άκανθοτόκου
1120 3660 1225 3730 γῆς
1272 3662 1594 3732 ἁρπάσαντα
1624 3664 1722 3733 τῆς
1748 3666 1808 3718 ἐν

226 3753 365 3822 τῷδε
393 3751 475 3821 τῷ
507 3752 698 3821 κόσμῳ
756 3753 1160 3817 καταστάσεως,
1186 3752 1262 3816 ὡς
1314 3754 1585 3825 σταφυλήν
1613 3773 1673 3808 τε
1710 3757 1806 3810 καὶ

231 3842 396 3897 σῦκον
426 3843 752 3912 ὴγαπηκότα
780 3841 1044 3913 πρώῖμον,
1072 3842 1425 3915 διασώσωμεν
1460 3846 1675 3918 ἀρραγῆ
1705 3848 1805 3916 τὴν

230 3934 365 4004 πρὸς
405 3934 568 3987 αὐτὸν
613 3933 827 3997 ἕνωσιν,
859 3933 1014 4005 δῆλον
1045 3934 1101 3987 δὲ
1149 3935 1233 3992 ὅτι
1269 3937 1367 4008 τὴν
1404 3939 1799 4008 πνευματικήν.

232 4026 295 4077 Εἰ
332 4025 388 4077 δὲ
421 4025 485 4094 δὴ
518 4024 722 4092 γένοιτὸ
750 4042 835 4088 τις
886 4025 1183 4089 ἀπόνευσις
1229 4027 1304 4091 εἰς
1335 4027 1395 4079 τὸ
1426 4028 1679 4091 ἀκαλλὲς,
1710 4028 1803 4081 καὶ

233 4114 311 4177 εἰς
338 4114 398 4167 τὸ
421 4114 624 4167 λυποῦν
654 4115 834 4181 αὐτὸν,
864 4115 1012 4168 οὐδὲν
1048 4115 1129 4169 ἔτι
1170 4115 1439 4185 διοίσομεν
1483 4118 1591 4170 τῶν
1613 4117 1801 4170 ἐθνῶν.

247 4198 509 4269 Ἐσόμεθα
541 4199 649 4269 γὰρ
678 4201 726 4253 οἰ
767 4202 1109 4274 ἠγαπημένοι
1138 4205 1212 4267 ὡς
1236 4205 1286 4255 οἰ
1328 4204 1726 4275 ἐϐδελυγμένοι,
1753 4207 1803 4260 οἳ

236 4291 323 4343 καὶ
355 4291 590 4358 εὐλόγως
628 4291 973 4362 μεμίσηνται.
1025 4312 1043 4345 t
1090 4297 1419 4366 Δικαιοσύνη
1469 4297 1597 4367 γάρ,
1646 4300 1801 4369 φησὶ,

233 4379 434 4433 δικαίου
480 4381 543 4433 οὐ
599 4381 673 4452 μὴ
736 4381 984 4454 ἐξέληται
1037 4386 1234 4439 αὐτόν·
1288 4389 1346 4441 ἐν
1491 4389 1557 4442 ἂν
1619 4390 1803 4461 ἡμέρα⁵

233 4469 472 4543 ἁμάρτῃ,
504 4470 872 4525 ἀποθανεῖται.
916 4492 936 4525 ›
973 4476 1083 4528 Καὶ
1109 4478 1313 4549 σφόδρα
1344 4480 1523 4548 σοφῶς
1563 4482 1592 4533 ὀ
1622 4482 1802 4549 μακά-

234 4577 342 4630 ριος
369 4561 570 4632 γράφει
598 4560 807 4626 Παῦλος
830 4579 845 4594 ’
884 4581 904 4616 ι
942 4565 1105 4619 Ὥστε
1135 4569 1164 4620 ὀ
1211 4569 1381 4625 δοκῶν
1413 4571 1655 4636 ἑστάναι,
1692 4570 1806 4641 βλε·

235 4651 375 4705 πέτω
407 4653 483 4722 μὴ
513 4652 688 4725 πέσῃ,
711 4671 729 4703 ι

310 4743 552 4812 ἰῗφραῒμ
579 4744 660 4809 ὡς
702 4743 914 4811 ὄρνεον
942 4745 1331 4816 ἐξεπετάσθη.

298 4832 570 4886 ΡΔ’.Ὂσα
594 4832 701 4886 τῶν
731 4834 930 4904 ὀρνέων
955 4836 1030 4906 μὴ
1058 4836 1171 4891 ἐστι
1199 4839 1430 4892 τίθασσά
1451 4857 1509 4893 τε
1561 4842 1653 4895 καὶ
1682 4860 1805 4897 κατ-

231 4922 444 4983 οικίδια,
498 4923 870 4993 συλληφθέντα
934 4928 1280 4994 φυλάττεται,
1332 4932 1425 4984 καὶ
1469 4934 1802 5003 κατατέρπει

232 5016 351 5079 τοὺς
364 5016 605 5087 ἔχοντας,
639 5020 703 5073 Εἰ
726 5019 783 5073 δὲ
820 5019 883 5088 δὴ
914 5020 1124 5087 γένοιτό
1153 5038 1237 5085 τις
1264 5021 1358 5074 τοῦ
1384 5021 1659 5093 διαδράναι
1686 5041 1805 5078 και-

235 5106 343 5175 ρδς,
371 5109 756 5179 ἀνυπερθέτως
781 5111 1068 5181 ἀποφοιτᾷ,
1100 5112 1193 5165 καὶ
1227 5112 1374 5183 ὀξείᾳ
1411 5114 1633 5184 φέρεται
1662 5116 1801 5183 πτή-

237 5214 313 5251 σει
362 5200 500 5271 πρὸς
558 5200 619 5253 τὸ
668 5202 850 5263 αὐτοῖς
907 5200 1135 5271 σύνηθες
1207 5202 1544 5273 ἐνδιαίτημα.
1593 5204 1802 5256 Οὐκοῦν

233 5288 521 5359 τεθήρευτο
550 5289 650 5360 μὲν
677 5291 878 5362 τρόπον
906 5291 1030 5345 τινὰ
1061 5292 1146 5347 διὰ
1172 5294 1412 5355 Μωσέως
1439 5294 1622 5363 ὀρνέου
1651 5294 1804 5364 δίκην

236 5378 264 5430 ὀ
306 5380 537 5452 Ἰσραὴλ,
584 5382 678 5437 καὶ
713 5382 1151 5454 προσκεκόμιστο
1196 5384 1271 5453 τῷ
1303 5382 1440 5453 Θεῷ,
1493 5385 1586 5437 καὶ
1633 5380 1699 5454 ἦν
1745 5386 1803 5436 ὲν

238 5468 380 5540 καλῷ
420 5472 519 5542 τῆς
563 5473 868 5542 εὐημερίας
918 5475 1066 5544 νόμῳ
1122 5474 1653 5542 παιδαγωγούμενοςι
1712 5476 1803 5527 καὶ

241 5560 504 5627 φροντίδος
558 5561 868 5630 ἀπολαύων,
901 5566 993 5617 καὶ
1025 5564 1238 5633 φειδοῦς
1276 5565 1371 5633 τῆς
1405 5564 1627 5618 ἄνωθεν.
1672 5566 1802 5616 ’Λπ-

310 5718 348 5747 1ῗῦ

381 5734 547 5793 Judic.
578 5757 667 5803 xx,
695 5740 914 5810 passim.
994 5742 1037 5771 ’³⁵
1080 5738 1140 5792 IV
1180 5739 1305 5805 Reg.
1346 5753 1448 5802 xiv,
1481 5740 1565 5792 15.

1644 5738 1685 5768 ⁸⁷
1720 5735 1916 5791 Εῑοςιι.
1948 5750 2135 5803 xxxut,

1910 3306 2132 3376 pissima
2164 3314 2216 3361 et
2240 3317 2462 3375 aspectu
2492 3306 2855 3361 inhonestum.

1922 3518 1925 3523 ι
1979 3479 2159 3548 Quare
2187 3479 2462 3551 cupientes
2490 3494 2611 3536 esse
2640 3495 2758 3534 cum
2794 3477 2922 3545 Deo,
2953 3493 3183 3551 eumque
3207 3493 3475 3536 veneran-

1910 3580 2010 3635 tes,
2037 3581 2093 3627 ut
2123 3572 2212 3641 qui
2244 3587 2342 3628 nos
2371 3573 2598 3637 vocavit,
2632 3582 2685 3627 et
2709 3572 2891 3642 elegit,
2922 3580 2975 3625 et
3004 3581 3258 3640 tauquam
3290 3586 3355 3624 ex
3385 3586 3477 3625 so-

1907 3663 2132 3718 litudine
2165 3674 2218 3718 et
2257 3676 2399 3719 terra
2436 3665 2620 3732 spinas
2654 3676 2947 3732 generante
2981 3663 3200 3731 eripuit,
3228 3676 3295 3715 ex
3330 3672 3477 3715 statu

1907 3754 2155 3809 videlicet
2185 3753 2365 3808 mundi
2396 3752 2583 3820 hujus,
2617 3762 2777 3819 atque
2807 3761 2865 3805 ut
2889 3767 3043 3805 uvam
3070 3762 3129 3811 et.
3152 3752 3309 3805 ticum
3340 3761 3477 3805 tem-

1908 3844 2169 3914 pestivam
2205 3842 2504 3906 adamavit,
2540 3843 2972 3911 conjunctionem
3005 3856 3126 3896 cum
3158 3842 3276 3912 ipso
3309 3843 3480 3899 indis-

1906 3931 2214 3997 solubilem,
2258 3932 2615 4002 spiritualem,
2656 3929 2895 4000 inquam,
2937 3930 3285 3986 retineamus.
3324 3931 3476 3999 Quod

1906 4023 1949 4076 si
1981 4021 2049 4077 ad
2081 4024 2336 4078 indecora
2383 4023 2625 4092 quaedam
2661 4022 2821 4091 eique
2851 4022 3034 4076 odiosa
3065 4021 3478 4087 deﬂexerimus,

1906 4111 2039 4166 nihil
2064 4128 2093 4166 a
2122 4114 2371 4182 gentibus
2400 4111 2727 4166 diﬂ‘eremus.
2754 4112 2969 4167 Erimus
2995 4113 3138 4165 enim
3170 4126 3267 4164 nos
3294 4112 3475 4165 dilecti

1905 4217 1970 4256 eo
1996 4202 2116 4256 loco
2145 4216 2252 4272 quo
2278 4203 2568 4265 exsecrati,
2592 4216 2727 4270 quos
2755 4216 2965 4270 aequum
2992 4210 3075 4256 εει
3103 4201 3299 4255 odisse.
3332 4220 3350 4252 ι
3381 4201 3477 4256 Ju-

1905 4295 2053 4349 stitia
2085 4295 2231 4349 enim
2259 4292 2422 4363 justi,
2454 4292 2659 4364 inquit,
2693 4309 2798 4349 non
2832 4292 3083 4347 liberabit
3114 4307 3274 4357 eum;
3311 4294 3362 4347 in
3395 4294 3480 4347 die

1905 4401 2007 4454 qua
2046 4385 2373 4455 peccaverit,
2406 4387 2666 4442 morietur
2690 4388 2755 4444 °".
2798 4406 2815 4440 ›
2850 4386 2909 4440 Et
2945 4384 3314 4454 persapienter
3339 4385 3468 4437 SCII-

1833 4509 1879 4569 υ
1905 4478 1986 4533 bit
2018 4480 2206 4533 beatus
2240 4477 2437 4533 Paulus
2466 4498 2479 4532 :
2521 4498 2539 4531 ι
2582 4480 2764 4548 Itaque
2795 4480 2883 4548 qui
2917 4494 2974 4533 se
3004 4477 3279 4531 existimat
3311 4486 3475 4537 stare.

1912 4571 2089 4625 videat
2122 4587 2187 4627 ne
2217 4573 2373 4626 cadat
2395 4572 2459 4624 ⁸⁸.
2497 4589 2516 4624 ι

1988 4744 2145 4799 Vens.
2181 4746 2266 4798 11.
2303 4745 2553 4814 Ephraim
2583 4747 2731 4815 quasi
2762 4747 2870 4797 ovis
2899 4756 3109 4798 extensa
3139 4755 3235 4800 est.

1980 4835 2115 4892 CIV.
2155 4836 2504 4904 Quaecunque
2534 4850 2660 4890 aves
2691 4850 2793 4888 nou
2827 4837 3036 4890 cicures
3063 4846 3117 4890 et
3147 4834 3476 4894 domesticze.

1906 4927 1992 4981 ubi
2040 4936 2211 4995 captaa
2258 4926 2489 4989 fuerint,
2531 4927 2929 4992 custodiuntur,
2969 4934 3023 4981 et
3067 4926 3310 4980 dominos
3350 4941 3477 4977 suos

1906 5017 2194 5071 delectant.
2236 5015 2329 5068 Sin
2369 5030 2489 5082 qua:
2530 5016 2905 5083 opportunitas
2944 5014 3153 5069 volandi
3197 5014 3473 5072 inciderit,

1907 5108 2039 5160 citra
2069 5123 2273 5159 moram
2302 5107 2585 5161 celerrime
2607 5107 2672 5159 ad
2701 5119 3015 5162 consuetum
3043 5106 3143 5159 sibi
3166 5104 3286 5157 vitae
3310 5119 3475 5172 genus

1910 5197 2143 5251 avolant.
2188 5197 2369 5263 Itaque
2415 5205 2608 5265 captus
2648 5207 2734 5251 est
2779 5196 3176 5267 quodammodo
3224 5210 3253 5248 a
3297 5195 3476 5266 Moyse.

1909 5288 2144 5341 volueris
2187 5288 2356 5339 instar
2395 5287 2585 5352 Israel,
2626 5297 2680 5342 et
2725 5290 2935 5343 oblatus
2980 5287 3107 5350 Deo,
3147 5295 3201 5340 et
3241 5287 3375 5340 bene
3412 5303 3475 5339 ac

1910 5379 2064 5432 beate
2106 5378 2370 5440 habebat,
2405 5377 2686 5446 disciplina
2722 5379 2854 5448 legis
2888 5377 3226 5442 docefactus,
3262 5387 3314 5431 et
3353 5391 3471 5430 eum

1910 5486 2035 5524 cura
2073 5468 2513 5537 indulgentiaque
2550 5477 2813 5523 tractatus
2844 5469 3092 5538 desuper.
3123 5469 3227 5526 Sed
3263 5484 3475 5523 rursum

1910 5559 1998 5616 ubi
2038 5562 2186 5631 prius
2226 5570 2337 5613 erat
2376 5556 2643 5624 avolavit,
2679 5569 2884 5615 tantum
2921 5576 3024 5617 non
3062 5578 3219 5618 manu
3256 5561 3476 5629 aucupis

2339 5737 2383 5765 ⁶⁸
2416 5733 2581 5795 ICor,
2617 5752 2666 5796 Χ,
2699 5738 2772 5788 l2.
