  <div class='ocr_page' id='page_1' title='image "/cluster/home/n/w/nwhite01/storage/ocr_20150623/71/mdp.39015078384461/121.png"; bbox 0 0 4034 6270; ppageno 0'>
   <div class='ocr_carea' id='block_1_1' title="bbox 599 349 699 406">
    <p class='ocr_par' dir='ltr' id='par_1_1' title="bbox 599 349 699 406">
     <span class='ocr_line' id='line_1_1' title="bbox 599 349 699 406; baseline 0.02 -2"><span class='ocrx_word' id='word_1_1' title='bbox 599 349 699 406; x_wconf 73' lang='grc'><strong>231</strong></span> 
     </span>
    </p>
   </div>
   <div class='ocr_carea' id='block_1_2' title="bbox 1629 353 2868 415">
    <p class='ocr_par' dir='ltr' id='par_1_2' title="bbox 1629 353 2868 415">
     <span class='ocr_line' id='line_1_2' title="bbox 1629 353 2868 415; baseline 0.006 -7"><span class='ocrx_word' id='word_1_2' title='bbox 1629 353 1687 408; x_wconf 87' lang='lat' dir='ltr'><strong>S.</strong></span> <span class='ocrx_word' id='word_1_3' title='bbox 1729 353 2008 410; x_wconf 83' lang='lat' dir='ltr'><strong>CYRILLI</strong></span> <span class='ocrx_word' id='word_1_4' title='bbox 2045 355 2513 413; x_wconf 82' lang='lat' dir='ltr'><strong>ALEXANDRINI</strong></span> <span class='ocrx_word' id='word_1_5' title='bbox 2545 358 2868 415; x_wconf 74' lang='lat' dir='ltr'><strong>ARCHIEP.</strong></span> 
     </span>
    </p>
   </div>
   <div class='ocr_carea' id='block_1_3' title="bbox 3751 362 3848 418">
    <p class='ocr_par' dir='ltr' id='par_1_3' title="bbox 3751 362 3848 418">
     <span class='ocr_line' id='line_1_3' title="bbox 3751 362 3848 418; baseline 0.021 -2"><span class='ocrx_word' id='word_1_6' title='bbox 3751 362 3848 418; x_wconf 67' lang='lat'><strong>232</strong></span> 
     </span>
    </p>
   </div>
   <div class='ocr_carea' id='block_1_4' title="bbox 601 473 2152 552">
    <p class='ocr_par' dir='ltr' id='par_1_4' title="bbox 601 473 2152 546">
     <span class='ocr_line' id='line_1_4' title="bbox 601 473 2152 546; baseline 0.002 -16"><span class='ocrx_word' id='word_1_7' title='bbox 601 474 684 530; x_wconf 87' lang='lat' dir='ltr'><strong>sui</strong></span> <span class='ocrx_word' id='word_1_8' title='bbox 731 474 966 542; x_wconf 88' lang='lat' dir='ltr'><strong>elapsus.</strong></span> <span class='ocrx_word' id='word_1_9' title='bbox 1007 473 1213 528; x_wconf 84' lang='lat' dir='ltr'><strong>Poteris</strong></span> <span class='ocrx_word' id='word_1_10' title='bbox 1249 483 1302 528; x_wconf 90' lang='lat' dir='ltr'><strong>et</strong></span> <span class='ocrx_word' id='word_1_11' title='bbox 1337 474 1444 529; x_wconf 89' lang='lat' dir='ltr'><strong>alio</strong></span> <span class='ocrx_word' id='word_1_12' title='bbox 1481 489 1645 530; x_wconf 91' lang='lat' dir='ltr'><strong>sensu</strong></span> <span class='ocrx_word' id='word_1_13' title='bbox 1681 479 1822 546; x_wconf 90' lang='lat' dir='ltr'><strong>quod</strong></span> <span class='ocrx_word' id='word_1_14' title='bbox 1865 479 2066 532; x_wconf 88' lang='lat' dir='ltr'><strong>dictum</strong></span> <span class='ocrx_word' id='word_1_15' title='bbox 2104 494 2152 533; x_wconf 79' lang='lat' dir='ltr'><strong>es</strong></span> 
     </span>
    </p>
   </div>
   <div class='ocr_carea' id='block_1_5' title="bbox 2258 473 3848 552">
    <p class='ocr_par' dir='ltr' id='par_1_5' title="bbox 2291 476 3848 552">
     <span class='ocr_line' id='line_1_5' title="bbox 2291 476 3848 552; baseline 0 -20"><span class='ocrx_word' id='word_1_16' title='bbox 2291 479 2431 550; x_wconf 84' lang='grc' dir='ltr'>ἑπτη</span> <span class='ocrx_word' id='word_1_17' title='bbox 2465 479 2520 532; x_wconf 85' lang='grc' dir='ltr'>δὲ</span> <span class='ocrx_word' id='word_1_18' title='bbox 2541 480 2822 551; x_wconf 82' lang='grc' dir='ltr'>πάλιν,ἐφ’</span> <span class='ocrx_word' id='word_1_19' title='bbox 2852 482 2986 552; x_wconf 84' lang='grc' dir='ltr'>ὅπερ</span> <span class='ocrx_word' id='word_1_20' title='bbox 3011 476 3081 552; x_wconf 86' lang='grc' dir='ltr'>ἦν</span> <span class='ocrx_word' id='word_1_21' title='bbox 3107 482 3165 534; x_wconf 87' lang='grc' dir='ltr'>ὲν</span> <span class='ocrx_word' id='word_1_22' title='bbox 3196 481 3416 552; x_wconf 80' lang='grc' dir='ltr'><strong>ἀρχαῖς,</strong></span> <span class='ocrx_word' id='word_1_23' title='bbox 3455 480 3734 550; x_wconf 75' lang='grc' dir='ltr'><strong>μονονουχὶ</strong></span> <span class='ocrx_word' id='word_1_24' title='bbox 3758 481 3848 549; x_wconf 75' lang='grc' dir='ltr'>τὴν</span> 
     </span>
    </p>
   </div>
   <div class='ocr_carea' id='block_1_6' title="bbox 602 564 2182 635">
    <p class='ocr_par' dir='ltr' id='par_1_6' title="bbox 602 564 2182 635">
     <span class='ocr_line' id='line_1_6' title="bbox 602 564 2182 635; baseline 0.004 -17"><span class='ocrx_word' id='word_1_25' title='bbox 602 565 868 635; x_wconf 88' lang='lat' dir='ltr'><strong>accipere.</strong></span> <span class='ocrx_word' id='word_1_26' title='bbox 906 565 1083 619; x_wconf 75' lang='lat' dir='ltr'><strong>Multae</strong></span> <span class='ocrx_word' id='word_1_27' title='bbox 1116 579 1242 618; x_wconf 89' lang='lat' dir='ltr'><strong>aves</strong></span> <span class='ocrx_word' id='word_1_28' title='bbox 1280 564 1513 620; x_wconf 91' lang='lat' dir='ltr'><strong>climatis</strong></span> <span class='ocrx_word' id='word_1_29' title='bbox 1559 568 1641 622; x_wconf 91' lang='lat' dir='ltr'><strong>sui</strong></span> <span class='ocrx_word' id='word_1_30' title='bbox 1680 569 1913 625; x_wconf 86' lang='lat' dir='ltr'><strong>hiemem</strong></span> <span class='ocrx_word' id='word_1_31' title='bbox 1954 585 2059 624; x_wconf 92' lang='lat' dir='ltr'><strong>non</strong></span> <span class='ocrx_word' id='word_1_32' title='bbox 2103 571 2182 624; x_wconf 87' lang='lat' dir='ltr'><strong>fe-</strong></span> 
     </span>
    </p>
   </div>
   <div class='ocr_carea' id='block_1_7' title="bbox 599 657 2181 731">
    <p class='ocr_par' dir='ltr' id='par_1_7' title="bbox 599 657 2181 731">
     <span class='ocr_line' id='line_1_7' title="bbox 599 657 2181 731; baseline 0.002 -19"><span class='ocrx_word' id='word_1_33' title='bbox 599 666 803 722; x_wconf 89' lang='lat' dir='ltr'><strong>rentes,</strong></span> <span class='ocrx_word' id='word_1_34' title='bbox 838 657 1009 710; x_wconf 89' lang='lat' dir='ltr'><strong>aliena</strong></span> <span class='ocrx_word' id='word_1_35' title='bbox 1040 666 1249 725; x_wconf 85' lang='lat' dir='ltr'><strong>petunt,</strong></span> <span class='ocrx_word' id='word_1_36' title='bbox 1281 666 1336 712; x_wconf 90' lang='lat' dir='ltr'><strong>et</strong></span> <span class='ocrx_word' id='word_1_37' title='bbox 1366 659 1486 714; x_wconf 84' lang='lat' dir='ltr'><strong>sine</strong></span> <span class='ocrx_word' id='word_1_38' title='bbox 1512 661 1769 730; x_wconf 87' lang='lat' dir='ltr'><strong>magistro</strong></span> <span class='ocrx_word' id='word_1_39' title='bbox 1795 661 1924 731; x_wconf 89' lang='lat' dir='ltr'><strong>quid</strong></span> <span class='ocrx_word' id='word_1_40' title='bbox 1956 661 2058 717; x_wconf 84' lang='lat' dir='ltr'><strong>sibi</strong></span> <span class='ocrx_word' id='word_1_41' title='bbox 2085 676 2181 717; x_wconf 82' lang='lat' dir='ltr'><strong>ex-</strong></span> 
     </span>
    </p>
   </div>
   <div class='ocr_carea' id='block_1_8' title="bbox 599 747 2179 822">
    <p class='ocr_par' dir='ltr' id='par_1_8' title="bbox 599 747 2179 822">
     <span class='ocr_line' id='line_1_8' title="bbox 599 747 2179 822; baseline 0.006 -22"><span class='ocrx_word' id='word_1_42' title='bbox 599 747 781 816; x_wconf 90' lang='lat' dir='ltr'><strong>pediat</strong></span> <span class='ocrx_word' id='word_1_43' title='bbox 836 756 1135 813; x_wconf 84' lang='lat' dir='ltr'><strong>noverunt,</strong></span> <span class='ocrx_word' id='word_1_44' title='bbox 1187 759 1347 818; x_wconf 88' lang='lat' dir='ltr'><strong>prout</strong></span> <span class='ocrx_word' id='word_1_45' title='bbox 1397 749 1674 806; x_wconf 88' lang='lat' dir='ltr'><strong>Conditori</strong></span> <span class='ocrx_word' id='word_1_46' title='bbox 1729 752 1948 822; x_wconf 85' lang='lat' dir='ltr'><strong>placuit.</strong></span> <span class='ocrx_word' id='word_1_47' title='bbox 2002 753 2179 809; x_wconf 88' lang='lat' dir='ltr'><strong>Simili</strong></span> 
     </span>
    </p>
   </div>
   <div class='ocr_carea' id='block_1_9' title="bbox 599 838 2179 916">
    <p class='ocr_par' dir='ltr' id='par_1_9' title="bbox 599 838 2179 916">
     <span class='ocr_line' id='line_1_9' title="bbox 599 838 2179 916; baseline 0.006 -26"><span class='ocrx_word' id='word_1_48' title='bbox 599 839 759 893; x_wconf 90' lang='lat' dir='ltr'><strong>modo</strong></span> <span class='ocrx_word' id='word_1_49' title='bbox 784 847 838 892; x_wconf 88' lang='lat' dir='ltr'><strong>et</strong></span> <span class='ocrx_word' id='word_1_50' title='bbox 863 838 1119 906; x_wconf 88' lang='lat' dir='ltr'><strong>Ephraim</strong></span> <span class='ocrx_word' id='word_1_51' title='bbox 1148 840 1459 895; x_wconf 89' lang='lat' dir='ltr'><strong>bellicarum</strong></span> <span class='ocrx_word' id='word_1_52' title='bbox 1485 843 1851 900; x_wconf 72' lang='lat' dir='ltr'><strong>calamitatum</strong></span> <span class='ocrx_word' id='word_1_53' title='bbox 1878 855 2024 902; x_wconf 89' lang='lat' dir='ltr'><strong>metu</strong></span> <span class='ocrx_word' id='word_1_54' title='bbox 2052 861 2179 916; x_wconf 86' lang='lat' dir='ltr'><strong>per-</strong></span> 
     </span>
    </p>
   </div>
   <div class='ocr_carea' id='block_1_10' title="bbox 597 929 1510 1000">
    <p class='ocr_par' dir='ltr' id='par_1_10' title="bbox 597 929 1510 1000">
     <span class='ocr_line' id='line_1_10' title="bbox 597 929 1510 1000; baseline 0.007 -17"><span class='ocrx_word' id='word_1_55' title='bbox 597 942 819 998; x_wconf 88' lang='lat' dir='ltr'><strong>cussus,</strong></span> <span class='ocrx_word' id='word_1_56' title='bbox 853 931 903 984; x_wconf 92' lang='lat' dir='ltr'><strong>in</strong></span> <span class='ocrx_word' id='word_1_57' title='bbox 932 929 1225 1000; x_wconf 60' lang='lat' dir='ltr'><strong>{Egyptum</strong></span> <span class='ocrx_word' id='word_1_58' title='bbox 1257 931 1510 989; x_wconf 87' lang='lat' dir='ltr'><strong>avolavit.</strong></span> 
     </span>
    </p>
   </div>
   <div class='ocr_carea' id='block_1_11' title="bbox 671 1213 2166 1292">
    <p class='ocr_par' dir='ltr' id='par_1_11' title="bbox 671 1213 2166 1292">
     <span class='ocr_line' id='line_1_11' title="bbox 671 1213 2166 1292; baseline 0.007 -26"><span class='ocrx_word' id='word_1_59' title='bbox 671 1213 833 1268; x_wconf 70' lang='lat' dir='ltr'><strong>Vsus.</strong></span> <span class='ocrx_word' id='word_1_60' title='bbox 861 1213 947 1269; x_wconf 72' lang='grc'><strong>12.</strong></span> <span class='ocrx_word' id='word_1_61' title='bbox 976 1213 1174 1269; x_wconf 73' lang='lat' dir='ltr'><strong>Gloria:</strong></span> <span class='ocrx_word' id='word_1_62' title='bbox 1200 1231 1379 1269; x_wconf 84' lang='lat' dir='ltr'><strong>eorum</strong></span> <span class='ocrx_word' id='word_1_63' title='bbox 1409 1234 1472 1270; x_wconf 79' lang='lat' dir='ltr'><strong>ea:</strong></span> <span class='ocrx_word' id='word_1_64' title='bbox 1498 1221 1772 1286; x_wconf 82' lang='lat' dir='ltr'><strong>partubus,</strong></span> <span class='ocrx_word' id='word_1_65' title='bbox 1797 1231 1843 1275; x_wconf 86' lang='lat' dir='ltr'><strong>et</strong></span> <span class='ocrx_word' id='word_1_66' title='bbox 1875 1222 2166 1292; x_wconf 76' lang='lat' dir='ltr'><strong>doloribus,</strong></span> 
     </span>
    </p>
   </div>
   <div class='ocr_carea' id='block_1_12' title="bbox 592 1303 2170 1379">
    <p class='ocr_par' dir='ltr' id='par_1_12' title="bbox 592 1303 2170 1379">
     <span class='ocr_line' id='line_1_12' title="bbox 592 1303 2170 1379; baseline 0.006 -22"><span class='ocrx_word' id='word_1_67' title='bbox 592 1314 639 1358; x_wconf 82' lang='lat' dir='ltr'><strong>et</strong></span> <span class='ocrx_word' id='word_1_68' title='bbox 679 1303 1027 1373; x_wconf 78' lang='lat' dir='ltr'><strong>conceptibus.</strong></span> <span class='ocrx_word' id='word_1_69' title='bbox 1063 1303 1241 1368; x_wconf 83' lang='lat' dir='ltr'><strong><em>Quare</em></strong></span> <span class='ocrx_word' id='word_1_70' title='bbox 1279 1307 1485 1359; x_wconf 74' lang='lat' dir='ltr'><strong>etiamsi</strong></span> <span class='ocrx_word' id='word_1_71' title='bbox 1525 1309 1807 1362; x_wconf 78' lang='lat' dir='ltr'><strong>nulrierint</strong></span> <span class='ocrx_word' id='word_1_72' title='bbox 1843 1311 1985 1378; x_wconf 78' lang='lat' dir='ltr'><strong>ﬁlios</strong></span> <span class='ocrx_word' id='word_1_73' title='bbox 2025 1329 2170 1379; x_wconf 72' lang='lat' dir='ltr'><strong>suos,</strong></span> 
     </span>
    </p>
   </div>
   <div class='ocr_carea' id='block_1_13' title="bbox 592 1395 2063 1468">
    <p class='ocr_par' dir='ltr' id='par_1_13' title="bbox 592 1395 2063 1468">
     <span class='ocr_line' id='line_1_13' title="bbox 592 1395 2063 1468; baseline 0.005 -18"><span class='ocrx_word' id='word_1_74' title='bbox 592 1397 704 1450; x_wconf 73' lang='lat' dir='ltr'><strong>sine</strong></span> <span class='ocrx_word' id='word_1_75' title='bbox 731 1396 858 1464; x_wconf 74' lang='lat' dir='ltr'><strong>ﬁliis</strong></span> <span class='ocrx_word' id='word_1_76' title='bbox 888 1405 1039 1449; x_wconf 84' lang='lat' dir='ltr'><strong>erunt</strong></span> <span class='ocrx_word' id='word_1_77' title='bbox 1071 1412 1133 1449; x_wconf 82' lang='lat' dir='ltr'><strong>ea:</strong></span> <span class='ocrx_word' id='word_1_78' title='bbox 1162 1395 1484 1461; x_wconf 80' lang='lat' dir='ltr'><strong>hominibus,</strong></span> <span class='ocrx_word' id='word_1_79' title='bbox 1513 1400 1639 1468; x_wconf 80' lang='lat' dir='ltr'><strong>quia</strong></span> <span class='ocrx_word' id='word_1_80' title='bbox 1668 1413 1714 1455; x_wconf 83' lang='lat' dir='ltr'><strong>et</strong></span> <span class='ocrx_word' id='word_1_81' title='bbox 1748 1418 1824 1455; x_wconf 74' lang='lat' dir='ltr'><strong>va:</strong></span> <span class='ocrx_word' id='word_1_82' title='bbox 1857 1403 1930 1456; x_wconf 73' lang='lat' dir='ltr'><strong>eis</strong></span> <span class='ocrx_word' id='word_1_83' title='bbox 1963 1413 2063 1458; x_wconf 78' lang='lat' dir='ltr'><strong>est.</strong></span> 
     </span>
    </p>
   </div>
   <div class='ocr_carea' id='block_1_14' title="bbox 658 1594 2168 1671">
    <p class='ocr_par' dir='ltr' id='par_1_14' title="bbox 658 1594 2168 1671">
     <span class='ocr_line' id='line_1_14' title="bbox 658 1594 2168 1671; baseline 0.009 -23"><span class='ocrx_word' id='word_1_84' title='bbox 658 1595 768 1650; x_wconf 85' lang='lat' dir='ltr'><strong>CV.</strong></span> <span class='ocrx_word' id='word_1_85' title='bbox 807 1594 1105 1665; x_wconf 86' lang='lat' dir='ltr'><strong>Aufugiens</strong></span> <span class='ocrx_word' id='word_1_86' title='bbox 1137 1596 1206 1652; x_wconf 90' lang='lat' dir='ltr'><strong>ad</strong></span> <span class='ocrx_word' id='word_1_87' title='bbox 1233 1595 1518 1669; x_wconf 66' lang='lat' dir='ltr'><strong>Egyptios</strong></span> <span class='ocrx_word' id='word_1_88' title='bbox 1550 1614 1580 1653; x_wconf 91' lang='lat' dir='ltr'><strong>a</strong></span> <span class='ocrx_word' id='word_1_89' title='bbox 1613 1603 1801 1671; x_wconf 77' lang='lat' dir='ltr'><strong>patriis</strong></span> <span class='ocrx_word' id='word_1_90' title='bbox 1836 1605 2052 1660; x_wconf 86' lang='lat' dir='ltr'><strong>sedibus</strong></span> <span class='ocrx_word' id='word_1_91' title='bbox 2087 1607 2168 1661; x_wconf 87' lang='lat' dir='ltr'><strong>ls-</strong></span> 
     </span>
    </p>
   </div>
   <div class='ocr_carea' id='block_1_15' title="bbox 588 1684 2163 1754">
    <p class='ocr_par' dir='ltr' id='par_1_15' title="bbox 588 1684 2163 1754">
     <span class='ocr_line' id='line_1_15' title="bbox 588 1684 2163 1754; baseline 0.009 -16"><span class='ocrx_word' id='word_1_92' title='bbox 588 1686 732 1750; x_wconf 85' lang='lat' dir='ltr'><strong>rael,</strong></span> <span class='ocrx_word' id='word_1_93' title='bbox 770 1684 938 1740; x_wconf 89' lang='lat' dir='ltr'><strong>Deum</strong></span> <span class='ocrx_word' id='word_1_94' title='bbox 976 1686 1123 1754; x_wconf 85' lang='lat' dir='ltr'><strong>regni</strong></span> <span class='ocrx_word' id='word_1_95' title='bbox 1160 1687 1303 1741; x_wconf 92' lang='lat' dir='ltr'><strong>illius</strong></span> <span class='ocrx_word' id='word_1_96' title='bbox 1343 1690 1621 1744; x_wconf 90' lang='lat' dir='ltr'><strong>tutelarem</strong></span> <span class='ocrx_word' id='word_1_97' title='bbox 1659 1693 1916 1748; x_wconf 80' lang='lat' dir='ltr'><strong>auxilium</strong></span> <span class='ocrx_word' id='word_1_98' title='bbox 1951 1701 2163 1752; x_wconf 85' lang='lat' dir='ltr'><strong>orabat.</strong></span> 
     </span>
    </p>
   </div>
   <div class='ocr_carea' id='block_1_16' title="bbox 585 1771 2166 1852">
    <p class='ocr_par' dir='ltr' id='par_1_16' title="bbox 585 1771 2166 1852">
     <span class='ocr_line' id='line_1_16' title="bbox 585 1771 2166 1852; baseline 0.011 -28"><span class='ocrx_word' id='word_1_99' title='bbox 585 1771 726 1826; x_wconf 87' lang='lat' dir='ltr'><strong>Num</strong></span> <span class='ocrx_word' id='word_1_100' title='bbox 771 1773 925 1841; x_wconf 89' lang='lat' dir='ltr'><strong>quasi</strong></span> <span class='ocrx_word' id='word_1_101' title='bbox 966 1772 1107 1828; x_wconf 84' lang='lat' dir='ltr'><strong>Deus</strong></span> <span class='ocrx_word' id='word_1_102' title='bbox 1151 1785 1296 1832; x_wconf 88' lang='lat' dir='ltr'><strong>esset</strong></span> <span class='ocrx_word' id='word_1_103' title='bbox 1336 1777 1668 1847; x_wconf 88' lang='lat' dir='ltr'><strong>imbecillus,</strong></span> <span class='ocrx_word' id='word_1_104' title='bbox 1705 1796 1905 1852; x_wconf 72' lang='lat' dir='ltr'><strong>eosque</strong></span> <span class='ocrx_word' id='word_1_105' title='bbox 1945 1800 2166 1842; x_wconf 86' lang='lat' dir='ltr'><strong>servare</strong></span> 
     </span>
    </p>
   </div>
   <div class='ocr_carea' id='block_1_17' title="bbox 2283 571 3849 644">
    <p class='ocr_par' dir='ltr' id='par_1_17' title="bbox 2283 571 3849 644">
     <span class='ocr_line' id='line_1_17' title="bbox 2283 571 3849 644; baseline -0.001 -20"><span class='ocrx_word' id='word_1_106' title='bbox 2283 571 2378 625; x_wconf 88' lang='grc' dir='ltr'><strong>τοῦ</strong></span> <span class='ocrx_word' id='word_1_107' title='bbox 2411 572 2664 636; x_wconf 90' lang='grc' dir='ltr'>λαϐόντος</span> <span class='ocrx_word' id='word_1_108' title='bbox 2710 578 2863 644; x_wconf 86' lang='grc' dir='ltr'>χεῖρα</span> <span class='ocrx_word' id='word_1_109' title='bbox 2897 572 3225 642; x_wconf 80' lang='grc' dir='ltr'>διεκφυγών.</span> <span class='ocrx_word' id='word_1_110' title='bbox 3268 573 3340 624; x_wconf 78' lang='grc' dir='ltr'><strong>’Ἡ</strong></span> <span class='ocrx_word' id='word_1_111' title='bbox 3388 573 3482 624; x_wconf 74' lang='grc' dir='ltr'><strong>καὶ</strong></span> <span class='ocrx_word' id='word_1_112' title='bbox 3515 571 3636 624; x_wconf 87' lang='grc' dir='ltr'>καθ’</span> <span class='ocrx_word' id='word_1_113' title='bbox 3671 571 3849 640; x_wconf 72' lang='grc' dir='ltr'>ἕτερον</span> 
     </span>
    </p>
   </div>
   <div class='ocr_carea' id='block_1_18' title="bbox 2282 662 3850 737">
    <p class='ocr_par' dir='ltr' id='par_1_18' title="bbox 2282 662 3850 737">
     <span class='ocr_line' id='line_1_18' title="bbox 2282 662 3850 737; baseline 0 -22"><span class='ocrx_word' id='word_1_114' title='bbox 2282 663 2480 732; x_wconf 84' lang='grc' dir='ltr'><strong>τρόπον</strong></span> <span class='ocrx_word' id='word_1_115' title='bbox 2534 666 2787 736; x_wconf 84' lang='grc' dir='ltr'>συνήσεις</span> <span class='ocrx_word' id='word_1_116' title='bbox 2835 665 2893 717; x_wconf 82' lang='grc' dir='ltr'><strong>τὸ</strong></span> <span class='ocrx_word' id='word_1_117' title='bbox 2946 666 3257 737; x_wconf 77' lang='grc' dir='ltr'>εἰρημένον.</span> <span class='ocrx_word' id='word_1_118' title='bbox 3290 663 3470 716; x_wconf 80' lang='grc' dir='ltr'>Πολλά</span> <span class='ocrx_word' id='word_1_119' title='bbox 3514 662 3622 715; x_wconf 85' lang='grc' dir='ltr'>τῶν</span> <span class='ocrx_word' id='word_1_120' title='bbox 3655 662 3850 732; x_wconf 84' lang='grc' dir='ltr'>ὀρνέων</span> 
     </span>
    </p>
   </div>
   <div class='ocr_carea' id='block_1_19' title="bbox 2281 752 3850 826">
    <p class='ocr_par' dir='ltr' id='par_1_19' title="bbox 2281 752 3850 826">
     <span class='ocr_line' id='line_1_19' title="bbox 2281 752 3850 826; baseline -0.001 -19"><span class='ocrx_word' id='word_1_121' title='bbox 2281 755 2405 818; x_wconf 78' lang='grc' dir='ltr'>τοὺς</span> <span class='ocrx_word' id='word_1_122' title='bbox 2435 756 2759 826; x_wconf 76' lang='grc' dir='ltr'><strong>ἐπιχωρίους</strong></span> <span class='ocrx_word' id='word_1_123' title='bbox 2790 756 3066 825; x_wconf 84' lang='grc' dir='ltr'>χειμῶνας</span> <span class='ocrx_word' id='word_1_124' title='bbox 3099 756 3160 808; x_wconf 83' lang='grc' dir='ltr'><strong>οὐ</strong></span> <span class='ocrx_word' id='word_1_125' title='bbox 3203 756 3454 826; x_wconf 81' lang='grc' dir='ltr'>φέροντα.</span> <span class='ocrx_word' id='word_1_126' title='bbox 3484 755 3616 824; x_wconf 76' lang='grc' dir='ltr'>πρὸς</span> <span class='ocrx_word' id='word_1_127' title='bbox 3659 752 3850 822; x_wconf 81' lang='grc' dir='ltr'>ἐτέρας</span> 
     </span>
    </p>
   </div>
   <div class='ocr_carea' id='block_1_20' title="bbox 2283 845 3850 918">
    <p class='ocr_par' dir='ltr' id='par_1_20' title="bbox 2283 845 3850 918">
     <span class='ocr_line' id='line_1_20' title="bbox 2283 845 3850 918; baseline -0.001 -20"><span class='ocrx_word' id='word_1_128' title='bbox 2283 846 2636 916; x_wconf 77' lang='grc' dir='ltr'>μεθίστανται</span> <span class='ocrx_word' id='word_1_129' title='bbox 2672 846 2874 918; x_wconf 89' lang='grc' dir='ltr'>χώρας,</span> <span class='ocrx_word' id='word_1_130' title='bbox 2905 848 3200 910; x_wconf 79' lang='grc' dir='ltr'><strong>ἀδιδάκτως</strong></span> <span class='ocrx_word' id='word_1_131' title='bbox 3230 847 3422 916; x_wconf 83' lang='grc' dir='ltr'>ἔχοντα</span> <span class='ocrx_word' id='word_1_132' title='bbox 3462 846 3560 916; x_wconf 88' lang='grc' dir='ltr'><strong>τὴν</strong></span> <span class='ocrx_word' id='word_1_133' title='bbox 3588 845 3681 898; x_wconf 89' lang='grc' dir='ltr'><strong>τοῦ</strong></span> <span class='ocrx_word' id='word_1_134' title='bbox 3716 861 3850 914; x_wconf 85' lang='grc' dir='ltr'>συμ-</span> 
     </span>
    </p>
   </div>
   <div class='ocr_carea' id='block_1_21' title="bbox 2279 935 3865 1009">
    <p class='ocr_par' dir='ltr' id='par_1_21' title="bbox 2279 935 3865 1009">
     <span class='ocr_line' id='line_1_21' title="bbox 2279 935 3865 1009; baseline 0 -20"><span class='ocrx_word' id='word_1_135' title='bbox 2279 937 2538 1009; x_wconf 79' lang='grc' dir='ltr'>φέροντος</span> <span class='ocrx_word' id='word_1_136' title='bbox 2581 938 2808 1006; x_wconf 87' lang='grc' dir='ltr'>γνῶσιν,</span> <span class='ocrx_word' id='word_1_137' title='bbox 2857 939 2998 990; x_wconf 86' lang='grc' dir='ltr'>κατὰ</span> <span class='ocrx_word' id='word_1_138' title='bbox 3046 937 3107 990; x_wconf 87' lang='grc' dir='ltr'><strong>τὸ</strong></span> <span class='ocrx_word' id='word_1_139' title='bbox 3147 936 3335 990; x_wconf 79' lang='grc' dir='ltr'>δοκοῦν</span> <span class='ocrx_word' id='word_1_140' title='bbox 3384 936 3462 1007; x_wconf 82' lang='grc' dir='ltr'>τῷ</span> <span class='ocrx_word' id='word_1_141' title='bbox 3509 935 3865 1004; x_wconf 63' lang='grc' dir='ltr'>πεποιηκότιυ</span> 
     </span>
    </p>
   </div>
   <div class='ocr_carea' id='block_1_22' title="bbox 2291 1025 3865 1102">
    <p class='ocr_par' dir='ltr' id='par_1_22' title="bbox 2291 1025 3865 1102">
     <span class='ocr_line' id='line_1_22' title="bbox 2291 1025 3865 1102; baseline 0 -21"><span class='ocrx_word' id='word_1_142' title='bbox 2291 1029 2430 1082; x_wconf 85' lang='grc' dir='ltr'>Ἀλλ’</span> <span class='ocrx_word' id='word_1_143' title='bbox 2476 1031 2534 1082; x_wconf 88' lang='grc' dir='ltr'><strong>ἐν</strong></span> <span class='ocrx_word' id='word_1_144' title='bbox 2569 1030 2668 1100; x_wconf 82' lang='grc' dir='ltr'><strong>ῖσῳ</strong></span> <span class='ocrx_word' id='word_1_145' title='bbox 2712 1031 2898 1101; x_wconf 86' lang='grc' dir='ltr'>τρόπῳ</span> <span class='ocrx_word' id='word_1_146' title='bbox 2931 1031 3024 1083; x_wconf 80' lang='grc' dir='ltr'><strong>καὶ</strong></span> <span class='ocrx_word' id='word_1_147' title='bbox 3054 1033 3082 1083; x_wconf 83' lang='grc' dir='ltr'>ὁ</span> <span class='ocrx_word' id='word_1_148' title='bbox 3119 1030 3358 1102; x_wconf 82' lang='grc' dir='ltr'>Ἐφραῒμ</span> <span class='ocrx_word' id='word_1_149' title='bbox 3386 1031 3486 1092; x_wconf 83' lang='grc' dir='ltr'><strong>τὰς</strong></span> <span class='ocrx_word' id='word_1_150' title='bbox 3519 1031 3584 1082; x_wconf 84' lang='grc' dir='ltr'><strong>ἐκ</strong></span> <span class='ocrx_word' id='word_1_151' title='bbox 3611 1025 3865 1098; x_wconf 40' lang='grc' dir='ltr'>πολέμου,</span> 
     </span>
    </p>
   </div>
   <div class='ocr_carea' id='block_1_23' title="bbox 2275 1118 3575 1193">
    <p class='ocr_par' dir='ltr' id='par_1_23' title="bbox 2275 1118 3575 1193">
     <span class='ocr_line' id='line_1_23' title="bbox 2275 1118 3575 1193; baseline 0.003 -21"><span class='ocrx_word' id='word_1_152' title='bbox 2275 1118 2467 1183; x_wconf 85' lang='grc' dir='ltr'>δεδιὼς</span> <span class='ocrx_word' id='word_1_153' title='bbox 2497 1122 2784 1193; x_wconf 86' lang='grc' dir='ltr'>συμφορὰς</span> <span class='ocrx_word' id='word_1_154' title='bbox 2813 1123 3031 1192; x_wconf 85' lang='grc' dir='ltr'>ἀπέπτη</span> <span class='ocrx_word' id='word_1_155' title='bbox 3059 1121 3198 1192; x_wconf 80' lang='grc' dir='ltr'>πρὸς</span> <span class='ocrx_word' id='word_1_156' title='bbox 3227 1121 3575 1190; x_wconf 83' lang='grc' dir='ltr'>Αἰγυπτίους.</span> 
     </span>
    </p>
   </div>
   <div class='ocr_carea' id='block_1_24' title="bbox 2336 1210 3862 1280">
    <p class='ocr_par' dir='ltr' id='par_1_24' title="bbox 2336 1210 3862 1280">
     <span class='ocr_line' id='line_1_24' title="bbox 2336 1210 3862 1280; baseline 0.004 -18"><span class='ocrx_word' id='word_1_157' title='bbox 2336 1212 2406 1263; x_wconf 78' lang='lat' dir='ltr'><strong>Al</strong></span> <span class='ocrx_word' id='word_1_158' title='bbox 2451 1210 2623 1274; x_wconf 78' lang='grc' dir='ltr'>δόξαι</span> <span class='ocrx_word' id='word_1_159' title='bbox 2673 1211 2872 1264; x_wconf 83' lang='grc' dir='ltr'>αὐτῶν</span> <span class='ocrx_word' id='word_1_160' title='bbox 2911 1212 2980 1266; x_wconf 78' lang='grc' dir='ltr'>ἐκ</span> <span class='ocrx_word' id='word_1_161' title='bbox 3035 1214 3244 1279; x_wconf 81' lang='grc' dir='ltr'><strong>τόκων,</strong></span> <span class='ocrx_word' id='word_1_162' title='bbox 3300 1213 3398 1267; x_wconf 81' lang='grc' dir='ltr'><strong>καί</strong></span> <span class='ocrx_word' id='word_1_163' title='bbox 3445 1212 3698 1280; x_wconf 80' lang='grc' dir='ltr'>ὠδίνων,</span> <span class='ocrx_word' id='word_1_164' title='bbox 3750 1212 3862 1268; x_wconf 73' lang='lat' dir='ltr'><strong>ml&#39;</strong></span> 
     </span>
    </p>
   </div>
   <div class='ocr_carea' id='block_1_25' title="bbox 2273 1301 3845 1372">
    <p class='ocr_par' dir='ltr' id='par_1_25' title="bbox 2273 1301 3845 1372">
     <span class='ocr_line' id='line_1_25' title="bbox 2273 1301 3845 1372; baseline 0.003 -18"><span class='ocrx_word' id='word_1_165' title='bbox 2273 1301 2660 1370; x_wconf 70' lang='grc' dir='ltr'><strong>συλλήψεων.</strong></span> <span class='ocrx_word' id='word_1_166' title='bbox 2696 1304 2848 1357; x_wconf 86' lang='grc' dir='ltr'>Διότι</span> <span class='ocrx_word' id='word_1_167' title='bbox 2894 1305 2994 1357; x_wconf 78' lang='grc' dir='ltr'>καὶ</span> <span class='ocrx_word' id='word_1_168' title='bbox 3040 1305 3148 1359; x_wconf 82' lang='grc' dir='ltr'><strong>ἐὰν</strong></span> <span class='ocrx_word' id='word_1_169' title='bbox 3193 1304 3524 1372; x_wconf 73' lang='grc' dir='ltr'>ἐκτρέψωσι</span> <span class='ocrx_word' id='word_1_170' title='bbox 3559 1306 3629 1360; x_wconf 84' lang='grc' dir='ltr'>τὰ</span> <span class='ocrx_word' id='word_1_171' title='bbox 3671 1305 3845 1359; x_wconf 81' lang='grc' dir='ltr'>τέκνα</span> 
     </span>
    </p>
   </div>
   <div class='ocr_carea' id='block_1_26' title="bbox 2272 1390 3860 1463">
    <p class='ocr_par' dir='ltr' id='par_1_26' title="bbox 2272 1390 3860 1463">
     <span class='ocr_line' id='line_1_26' title="bbox 2272 1390 3860 1463; baseline 0.004 -20"><span class='ocrx_word' id='word_1_172' title='bbox 2272 1390 2489 1455; x_wconf 81' lang='grc' dir='ltr'>αὐτῶν,</span> <span class='ocrx_word' id='word_1_173' title='bbox 2537 1393 3056 1461; x_wconf 82' lang='grc' dir='ltr'>ἀτεκνωθήσονται</span> <span class='ocrx_word' id='word_1_174' title='bbox 3091 1395 3160 1461; x_wconf 79' lang='grc' dir='ltr'>ἐξ</span> <span class='ocrx_word' id='word_1_175' title='bbox 3191 1395 3534 1463; x_wconf 77' lang='grc' dir='ltr'>ἀνθρώπων,</span> <span class='ocrx_word' id='word_1_176' title='bbox 3565 1395 3715 1450; x_wconf 82' lang='grc' dir='ltr'>διότι</span> <span class='ocrx_word' id='word_1_177' title='bbox 3749 1398 3860 1463; x_wconf 49' lang='grc' dir='ltr'>καί,</span> 
     </span>
    </p>
   </div>
   <div class='ocr_carea' id='block_1_27' title="bbox 2271 1482 3142 1549">
    <p class='ocr_par' dir='ltr' id='par_1_27' title="bbox 2271 1482 3142 1549">
     <span class='ocr_line' id='line_1_27' title="bbox 2271 1482 3142 1549; baseline 0.006 -15"><span class='ocrx_word' id='word_1_178' title='bbox 2271 1482 2402 1535; x_wconf 78' lang='grc' dir='ltr'>οὐαὶ</span> <span class='ocrx_word' id='word_1_179' title='bbox 2442 1483 2646 1549; x_wconf 83' lang='grc' dir='ltr'>αὐτοῖς</span> <span class='ocrx_word' id='word_1_180' title='bbox 2687 1486 2840 1538; x_wconf 76' lang='grc' dir='ltr'>ἐστι.</span> <span class='ocrx_word' id='word_1_181' title='bbox 3126 1492 3142 1506; x_wconf 66' lang='grc'><strong>⁵</strong></span> 
     </span>
    </p>
   </div>
   <div class='ocr_carea' id='block_1_28' title="bbox 2341 1573 3841 1651">
    <p class='ocr_par' dir='ltr' id='par_1_28' title="bbox 2341 1573 3841 1651">
     <span class='ocr_line' id='line_1_28' title="bbox 2341 1573 3841 1651; baseline 0.006 -25"><span class='ocrx_word' id='word_1_182' title='bbox 2341 1573 2460 1627; x_wconf 89' lang='lat' dir='ltr'><strong>PE&#39;.</strong></span> <span class='ocrx_word' id='word_1_183' title='bbox 2517 1575 2750 1648; x_wconf 83' lang='grc' dir='ltr'>Ἀπέδρα</span> <span class='ocrx_word' id='word_1_184' title='bbox 2804 1578 2940 1648; x_wconf 77' lang='grc' dir='ltr'>πρὸς</span> <span class='ocrx_word' id='word_1_185' title='bbox 2995 1579 3322 1647; x_wconf 73' lang='grc' dir='ltr'>Αἰγυπτίους</span> <span class='ocrx_word' id='word_1_186' title='bbox 3369 1580 3468 1651; x_wconf 81' lang='grc' dir='ltr'>τὴν</span> <span class='ocrx_word' id='word_1_187' title='bbox 3518 1580 3841 1648; x_wconf 82' lang='grc' dir='ltr'>ἐνεγκοῦσαν</span> 
     </span>
    </p>
   </div>
   <div class='ocr_carea' id='block_1_29' title="bbox 2270 1663 3837 1742">
    <p class='ocr_par' dir='ltr' id='par_1_29' title="bbox 2270 1663 3837 1742">
     <span class='ocr_line' id='line_1_29' title="bbox 2270 1663 3837 1742; baseline 0.004 -26"><span class='ocrx_word' id='word_1_188' title='bbox 2270 1663 2429 1732; x_wconf 78' lang='grc' dir='ltr'>ἀφεὶς</span> <span class='ocrx_word' id='word_1_189' title='bbox 2461 1667 2490 1718; x_wconf 87' lang='grc' dir='ltr'><strong>ό</strong></span> <span class='ocrx_word' id='word_1_190' title='bbox 2532 1666 2766 1737; x_wconf 80' lang='grc' dir='ltr'>Ἰσραὴλ,</span> <span class='ocrx_word' id='word_1_191' title='bbox 2797 1667 3071 1738; x_wconf 77' lang='grc' dir='ltr'><strong>ἐπαμῦναι</strong></span> <span class='ocrx_word' id='word_1_192' title='bbox 3102 1672 3163 1723; x_wconf 82' lang='grc' dir='ltr'><strong><em>τὲ</em></strong></span> <span class='ocrx_word' id='word_1_193' title='bbox 3191 1673 3240 1724; x_wconf 80' lang='grc' dir='ltr'>οἱ</span> <span class='ocrx_word' id='word_1_194' title='bbox 3269 1671 3568 1742; x_wconf 81' lang='grc' dir='ltr'>παρεκάλει</span> <span class='ocrx_word' id='word_1_195' title='bbox 3594 1671 3686 1725; x_wconf 74' lang='grc' dir='ltr'><strong>τὸν</strong></span> <span class='ocrx_word' id='word_1_196' title='bbox 3712 1671 3837 1724; x_wconf 76' lang='grc' dir='ltr'>Θεὸν</span> 
     </span>
    </p>
   </div>
   <div class='ocr_carea' id='block_1_30' title="bbox 2266 1747 3856 1832">
    <p class='ocr_par' dir='ltr' id='par_1_30' title="bbox 2266 1747 3856 1832">
     <span class='ocr_line' id='line_1_30' title="bbox 2266 1747 3856 1832; baseline 0.006 -27"><span class='ocrx_word' id='word_1_197' title='bbox 2266 1753 2365 1823; x_wconf 86' lang='grc' dir='ltr'><strong>τῆς</strong></span> <span class='ocrx_word' id='word_1_198' title='bbox 2393 1755 2574 1825; x_wconf 90' lang='grc' dir='ltr'>χώρας</span> <span class='ocrx_word' id='word_1_199' title='bbox 2603 1758 2924 1828; x_wconf 76' lang='grc' dir='ltr'>ἡγούμενον.</span> <span class='ocrx_word' id='word_1_200' title='bbox 2962 1755 3089 1832; x_wconf 71' lang='grc' dir='ltr'><strong>Ἆρ’</strong></span> <span class='ocrx_word' id='word_1_201' title='bbox 3117 1761 3192 1825; x_wconf 89' lang='grc' dir='ltr'><strong>ώς</strong></span> <span class='ocrx_word' id='word_1_202' title='bbox 3221 1747 3533 1825; x_wconf 50' lang='grc' dir='ltr'>ἀλιονοῦντος</span> <span class='ocrx_word' id='word_1_203' title='bbox 3563 1760 3722 1828; x_wconf 86' lang='grc' dir='ltr'>Θεοῦ,</span> <span class='ocrx_word' id='word_1_204' title='bbox 3749 1747 3856 1816; x_wconf 41' lang='grc' dir='ltr'>καὶί</span> 
     </span>
    </p>
   </div>
   <div class='ocr_carea' id='block_1_31' title="bbox 588 1840 2152 1935">
    <p class='ocr_par' dir='ltr' id='par_1_31' title="bbox 588 1840 2152 1935">
     <span class='ocr_line' id='line_1_31' title="bbox 588 1840 2152 1935; baseline 0.012 -19"><span class='ocrx_word' id='word_1_205' title='bbox 588 1877 693 1917; x_wconf 92' lang='lat' dir='ltr'><strong>non</strong></span> <span class='ocrx_word' id='word_1_206' title='bbox 732 1840 950 1933; x_wconf 84' lang='lat' dir='ltr'><strong>posset?</strong></span> <span class='ocrx_word' id='word_1_207' title='bbox 986 1864 1325 1935; x_wconf 87' lang='lat' dir='ltr'><strong>Neutiquam.</strong></span> <span class='ocrx_word' id='word_1_208' title='bbox 1363 1868 1455 1923; x_wconf 85' lang='lat' dir='ltr'><strong>Est</strong></span> <span class='ocrx_word' id='word_1_209' title='bbox 1496 1872 1639 1924; x_wconf 90' lang='lat' dir='ltr'><strong>enim</strong></span> <span class='ocrx_word' id='word_1_210' title='bbox 1677 1874 2042 1932; x_wconf 77' lang='lat' dir='ltr'><strong>valentissima</strong></span> <span class='ocrx_word' id='word_1_211' title='bbox 2070 1879 2152 1933; x_wconf 91' lang='lat' dir='ltr'><strong>Di-</strong></span> 
     </span>
    </p>
   </div>
   <div class='ocr_carea' id='block_1_32' title="bbox 2258 1840 3837 1935">
    <p class='ocr_par' dir='ltr' id='par_1_32' title="bbox 2268 1840 3837 1924">
     <span class='ocr_line' id='line_1_32' title="bbox 2268 1840 3837 1924; baseline 0.008 -31"><span class='ocrx_word' id='word_1_212' title='bbox 2268 1840 2459 1906; x_wconf 80' lang='grc' dir='ltr'>σώζειν</span> <span class='ocrx_word' id='word_1_213' title='bbox 2485 1846 2680 1908; x_wconf 83' lang='grc' dir='ltr'>αὐτοὺς</span> <span class='ocrx_word' id='word_1_214' title='bbox 2708 1846 2804 1916; x_wconf 84' lang='grc' dir='ltr'><strong>οὐχ</strong></span> <span class='ocrx_word' id='word_1_215' title='bbox 2833 1849 2944 1901; x_wconf 81' lang='grc' dir='ltr'>οἴου</span> <span class='ocrx_word' id='word_1_216' title='bbox 2968 1865 3028 1901; x_wconf 89' lang='grc' dir='ltr'><strong>τε</strong></span> <span class='ocrx_word' id='word_1_217' title='bbox 3051 1865 3068 1916; x_wconf 84' lang='grc'>;</span> <span class='ocrx_word' id='word_1_218' title='bbox 3099 1849 3394 1921; x_wconf 81' lang='grc' dir='ltr'>Οῠμενουν.</span> <span class='ocrx_word' id='word_1_219' title='bbox 3429 1851 3712 1916; x_wconf 86' lang='grc' dir='ltr'>Παναλκές</span> <span class='ocrx_word' id='word_1_220' title='bbox 3735 1853 3837 1924; x_wconf 82' lang='grc' dir='ltr'>γὰρ</span> 
     </span>
    </p>
   </div>
   <div class='ocr_carea' id='block_1_33' title="bbox 587 1955 2161 2036">
    <p class='ocr_par' dir='ltr' id='par_1_33' title="bbox 587 1955 2161 2036">
     <span class='ocr_line' id='line_1_33' title="bbox 587 1955 2161 2036; baseline 0.013 -30"><span class='ocrx_word' id='word_1_221' title='bbox 587 1955 815 2020; x_wconf 87' lang='lat' dir='ltr'><strong>vinitas,</strong></span> <span class='ocrx_word' id='word_1_222' title='bbox 847 1964 901 2011; x_wconf 90' lang='lat' dir='ltr'><strong>et</strong></span> <span class='ocrx_word' id='word_1_223' title='bbox 935 1957 1130 2011; x_wconf 90' lang='lat' dir='ltr'><strong>bellum</strong></span> <span class='ocrx_word' id='word_1_224' title='bbox 1167 1957 1236 2012; x_wconf 88' lang='lat' dir='ltr'><strong>ab</strong></span> <span class='ocrx_word' id='word_1_225' title='bbox 1265 1957 1504 2029; x_wconf 79' lang='lat' dir='ltr'><strong>Assyriis</strong></span> <span class='ocrx_word' id='word_1_226' title='bbox 1542 1961 1830 2021; x_wconf 86' lang='lat' dir='ltr'><strong>imminens</strong></span> <span class='ocrx_word' id='word_1_227' title='bbox 1864 1969 2161 2036; x_wconf 82' lang='lat' dir='ltr'><strong>reprimere</strong></span> 
     </span>
    </p>
   </div>
   <div class='ocr_carea' id='block_1_34' title="bbox 585 2044 2158 2130">
    <p class='ocr_par' dir='ltr' id='par_1_34' title="bbox 585 2044 2158 2130">
     <span class='ocr_line' id='line_1_34' title="bbox 585 2044 2158 2130; baseline 0.01 -31"><span class='ocrx_word' id='word_1_228' title='bbox 585 2044 743 2100; x_wconf 80' lang='lat' dir='ltr'><strong>facile</strong></span> <span class='ocrx_word' id='word_1_229' title='bbox 769 2057 1000 2116; x_wconf 83' lang='lat' dir='ltr'><strong>poterat.</strong></span> <span class='ocrx_word' id='word_1_230' title='bbox 1025 2047 1269 2118; x_wconf 82' lang='lat' dir='ltr'><strong>Contigit</strong></span> <span class='ocrx_word' id='word_1_231' title='bbox 1296 2060 1475 2105; x_wconf 88' lang='lat' dir='ltr'><strong>autem</strong></span> <span class='ocrx_word' id='word_1_232' title='bbox 1505 2053 1616 2108; x_wconf 84' lang='lat' dir='ltr'><strong>haec</strong></span> <span class='ocrx_word' id='word_1_233' title='bbox 1645 2057 1852 2126; x_wconf 89' lang='lat' dir='ltr'><strong>perpeti</strong></span> <span class='ocrx_word' id='word_1_234' title='bbox 1879 2057 2158 2130; x_wconf 90' lang='lat' dir='ltr'><strong>Ephraim,</strong></span> 
     </span>
    </p>
   </div>
   <div class='ocr_carea' id='block_1_35' title="bbox 585 2136 2161 2220">
    <p class='ocr_par' dir='ltr' id='par_1_35' title="bbox 585 2136 2161 2220">
     <span class='ocr_line' id='line_1_35' title="bbox 585 2136 2161 2220; baseline 0.011 -31"><span class='ocrx_word' id='word_1_235' title='bbox 585 2136 699 2190; x_wconf 85' lang='lat' dir='ltr'><strong>sive</strong></span> <span class='ocrx_word' id='word_1_236' title='bbox 729 2136 1004 2205; x_wconf 87' lang='lat' dir='ltr'><strong>lsraelem,</strong></span> <span class='ocrx_word' id='word_1_237' title='bbox 1034 2140 1156 2208; x_wconf 85' lang='lat' dir='ltr'><strong>quia</strong></span> <span class='ocrx_word' id='word_1_238' title='bbox 1191 2141 1382 2195; x_wconf 90' lang='lat' dir='ltr'><strong>relicto</strong></span> <span class='ocrx_word' id='word_1_239' title='bbox 1415 2142 1524 2196; x_wconf 91' lang='lat' dir='ltr'><strong>Deo</strong></span> <span class='ocrx_word' id='word_1_240' title='bbox 1556 2145 1845 2212; x_wconf 87' lang='lat' dir='ltr'><strong>salvatore,</strong></span> <span class='ocrx_word' id='word_1_241' title='bbox 1875 2157 1928 2202; x_wconf 94' lang='lat' dir='ltr'><strong>et</strong></span> <span class='ocrx_word' id='word_1_242' title='bbox 1959 2150 2011 2204; x_wconf 93' lang='lat' dir='ltr'><strong>in</strong></span> <span class='ocrx_word' id='word_1_243' title='bbox 2045 2152 2161 2220; x_wconf 88' lang='lat' dir='ltr'><strong>ipso</strong></span> 
     </span>
    </p>
   </div>
   <div class='ocr_carea' id='block_1_36' title="bbox 583 2225 2161 2306">
    <p class='ocr_par' dir='ltr' id='par_1_36' title="bbox 583 2225 2161 2306">
     <span class='ocr_line' id='line_1_36' title="bbox 583 2225 2161 2306; baseline 0.01 -28"><span class='ocrx_word' id='word_1_244' title='bbox 583 2239 648 2278; x_wconf 90' lang='lat' dir='ltr'><strong>ac</strong></span> <span class='ocrx_word' id='word_1_245' title='bbox 677 2225 792 2279; x_wconf 92' lang='lat' dir='ltr'><strong>solo</strong></span> <span class='ocrx_word' id='word_1_246' title='bbox 821 2225 1082 2292; x_wconf 90' lang='lat' dir='ltr'><strong>gloriandi</strong></span> <span class='ocrx_word' id='word_1_247' title='bbox 1119 2227 1280 2298; x_wconf 74' lang='lat'><strong>138</strong></span> <span class='ocrx_word' id='word_1_248' title='bbox 1308 2233 1730 2298; x_wconf 89' lang='lat' dir='ltr'><strong>perseverantia,</strong></span> <span class='ocrx_word' id='word_1_249' title='bbox 1757 2243 1816 2289; x_wconf 87' lang='lat' dir='ltr'><strong>ut</strong></span> <span class='ocrx_word' id='word_1_250' title='bbox 1847 2251 1905 2291; x_wconf 93' lang='lat' dir='ltr'><strong>re</strong></span> <span class='ocrx_word' id='word_1_251' title='bbox 1929 2236 2042 2306; x_wconf 81' lang='lat' dir='ltr'><strong>jam</strong></span> <span class='ocrx_word' id='word_1_252' title='bbox 2070 2253 2161 2294; x_wconf 89' lang='lat' dir='ltr'><strong>ve-</strong></span> 
     </span>
    </p>
   </div>
   <div class='ocr_carea' id='block_1_37' title="bbox 586 2317 2160 2399">
    <p class='ocr_par' dir='ltr' id='par_1_37' title="bbox 586 2317 2160 2399">
     <span class='ocr_line' id='line_1_37' title="bbox 586 2317 2160 2399; baseline 0.011 -29"><span class='ocrx_word' id='word_1_253' title='bbox 586 2317 684 2370; x_wconf 86' lang='lat' dir='ltr'><strong>teri</strong></span> <span class='ocrx_word' id='word_1_254' title='bbox 713 2325 874 2386; x_wconf 88' lang='lat' dir='ltr'><strong>atque</strong></span> <span class='ocrx_word' id='word_1_255' title='bbox 898 2319 1134 2373; x_wconf 89' lang='lat' dir='ltr'><strong>obsoleta</strong></span> <span class='ocrx_word' id='word_1_256' title='bbox 1157 2359 1171 2383; x_wconf 93' lang='lat'><strong>,</strong></span> <span class='ocrx_word' id='word_1_257' title='bbox 1201 2321 1507 2389; x_wconf 87' lang='lat' dir='ltr'><strong>posthabita</strong></span> <span class='ocrx_word' id='word_1_258' title='bbox 1531 2363 1546 2388; x_wconf 97' lang='lat'><strong>,</strong></span> <span class='ocrx_word' id='word_1_259' title='bbox 1573 2324 1957 2383; x_wconf 79' lang='lat' dir='ltr'><strong>existimabant</strong></span> <span class='ocrx_word' id='word_1_260' title='bbox 1983 2345 2078 2399; x_wconf 91' lang='lat' dir='ltr'><strong>per</strong></span> <span class='ocrx_word' id='word_1_261' title='bbox 2101 2347 2160 2387; x_wconf 91' lang='lat' dir='ltr'><strong>se</strong></span> 
     </span>
    </p>
   </div>
   <div class='ocr_carea' id='block_1_38' title="bbox 583 2405 2156 2489">
    <p class='ocr_par' dir='ltr' id='par_1_38' title="bbox 583 2405 2156 2489">
     <span class='ocr_line' id='line_1_38' title="bbox 583 2405 2156 2489; baseline 0.01 -29"><span class='ocrx_word' id='word_1_262' title='bbox 583 2405 829 2461; x_wconf 79' lang='lat' dir='ltr'><strong>hostibus</strong></span> <span class='ocrx_word' id='word_1_263' title='bbox 859 2407 1224 2464; x_wconf 80' lang='lat' dir='ltr'><strong>formidabiles</strong></span> <span class='ocrx_word' id='word_1_264' title='bbox 1255 2410 1404 2476; x_wconf 89' lang='lat' dir='ltr'><strong>fore,</strong></span> <span class='ocrx_word' id='word_1_265' title='bbox 1433 2427 1533 2467; x_wconf 90' lang='lat' dir='ltr'><strong>nec</strong></span> <span class='ocrx_word' id='word_1_266' title='bbox 1558 2415 1626 2469; x_wconf 91' lang='lat' dir='ltr'><strong>ab</strong></span> <span class='ocrx_word' id='word_1_267' title='bbox 1656 2416 1719 2471; x_wconf 87' lang='lat' dir='ltr'><strong>iis</strong></span> <span class='ocrx_word' id='word_1_268' title='bbox 1749 2417 2029 2474; x_wconf 81' lang='lat' dir='ltr'><strong>subacmm</strong></span> <span class='ocrx_word' id='word_1_269' title='bbox 2061 2422 2156 2489; x_wconf 93' lang='lat' dir='ltr'><strong>iri,</strong></span> 
     </span>
    </p>
   </div>
   <div class='ocr_carea' id='block_1_39' title="bbox 581 2494 2156 2572">
    <p class='ocr_par' dir='ltr' id='par_1_39' title="bbox 581 2494 2156 2572">
     <span class='ocr_line' id='line_1_39' title="bbox 581 2494 2156 2572; baseline 0.01 -24"><span class='ocrx_word' id='word_1_270' title='bbox 581 2507 702 2548; x_wconf 90' lang='lat' dir='ltr'><strong>cum</strong></span> <span class='ocrx_word' id='word_1_271' title='bbox 740 2494 793 2548; x_wconf 92' lang='lat' dir='ltr'><strong>in</strong></span> <span class='ocrx_word' id='word_1_272' title='bbox 832 2502 1039 2550; x_wconf 89' lang='lat' dir='ltr'><strong>tanlam</strong></span> <span class='ocrx_word' id='word_1_273' title='bbox 1073 2496 1433 2566; x_wconf 85' lang='lat' dir='ltr'><strong>frequentiam</strong></span> <span class='ocrx_word' id='word_1_274' title='bbox 1476 2513 1662 2555; x_wconf 88' lang='lat' dir='ltr'><strong>essent</strong></span> <span class='ocrx_word' id='word_1_275' title='bbox 1700 2505 1879 2572; x_wconf 88' lang='lat' dir='ltr'><strong>aucti,</strong></span> <span class='ocrx_word' id='word_1_276' title='bbox 1916 2506 2156 2563; x_wconf 85' lang='lat' dir='ltr'><strong>abunda-</strong></span> 
     </span>
    </p>
   </div>
   <div class='ocr_carea' id='block_1_40' title="bbox 583 2583 2157 2652">
    <p class='ocr_par' dir='ltr' id='par_1_40' title="bbox 583 2583 2157 2652">
     <span class='ocr_line' id='line_1_40' title="bbox 583 2583 2157 2652; baseline 0.011 -18"><span class='ocrx_word' id='word_1_277' title='bbox 583 2593 814 2652; x_wconf 89' lang='lat' dir='ltr'><strong>reutque</strong></span> <span class='ocrx_word' id='word_1_278' title='bbox 863 2583 1154 2639; x_wconf 88' lang='lat' dir='ltr'><strong>liberorum</strong></span> <span class='ocrx_word' id='word_1_279' title='bbox 1203 2584 1546 2642; x_wconf 86' lang='lat' dir='ltr'><strong>multitudine</strong></span> <span class='ocrx_word' id='word_1_280' title='bbox 1592 2588 1823 2646; x_wconf 82' lang='lat' dir='ltr'><strong>infinita.</strong></span> <span class='ocrx_word' id='word_1_281' title='bbox 1867 2592 2157 2651; x_wconf 86' lang='lat' dir='ltr'><strong>Pariebant</strong></span> 
     </span>
    </p>
   </div>
   <div class='ocr_carea' id='block_1_41' title="bbox 581 2675 2157 2752">
    <p class='ocr_par' dir='ltr' id='par_1_41' title="bbox 581 2675 2157 2752">
     <span class='ocr_line' id='line_1_41' title="bbox 581 2675 2157 2752; baseline 0.011 -24"><span class='ocrx_word' id='word_1_282' title='bbox 581 2675 722 2730; x_wconf 90' lang='lat' dir='ltr'><strong>enim</strong></span> <span class='ocrx_word' id='word_1_283' title='bbox 771 2675 1024 2732; x_wconf 85' lang='lat' dir='ltr'><strong>mulieres</strong></span> <span class='ocrx_word' id='word_1_284' title='bbox 1067 2692 1250 2732; x_wconf 90' lang='lat' dir='ltr'><strong>eorum</strong></span> <span class='ocrx_word' id='word_1_285' title='bbox 1300 2679 1595 2734; x_wconf 89' lang='lat' dir='ltr'><strong>secundum</strong></span> <span class='ocrx_word' id='word_1_286' title='bbox 1637 2684 2054 2752; x_wconf 88' lang='lat' dir='ltr'><strong>promissionem</strong></span> <span class='ocrx_word' id='word_1_287' title='bbox 2102 2699 2157 2745; x_wconf 83' lang='lat' dir='ltr'><strong>et</strong></span> 
     </span>
    </p>
   </div>
   <div class='ocr_carea' id='block_1_42' title="bbox 579 2767 2157 2842">
    <p class='ocr_par' dir='ltr' id='par_1_42' title="bbox 579 2767 2157 2842">
     <span class='ocr_line' id='line_1_42' title="bbox 579 2767 2157 2842; baseline 0.008 -21"><span class='ocrx_word' id='word_1_288' title='bbox 579 2767 1035 2836; x_wconf 86' lang='lat' dir='ltr'><strong>benedictionem,</strong></span> <span class='ocrx_word' id='word_1_289' title='bbox 1067 2768 1249 2842; x_wconf 84' lang='lat' dir='ltr'><strong>Moyse</strong></span> <span class='ocrx_word' id='word_1_290' title='bbox 1276 2771 1349 2825; x_wconf 89' lang='lat' dir='ltr'><strong>ita</strong></span> <span class='ocrx_word' id='word_1_291' title='bbox 1375 2772 1668 2829; x_wconf 84' lang='lat' dir='ltr'><strong>vaticinato</strong></span> <span class='ocrx_word' id='word_1_292' title='bbox 1697 2792 1708 2827; x_wconf 93' lang='lat'><strong>:</strong></span> <span class='ocrx_word' id='word_1_293' title='bbox 1746 2792 1766 2826; x_wconf 76' lang='grc' dir='ltr'><strong>ι</strong></span> <span class='ocrx_word' id='word_1_294' title='bbox 1805 2774 1916 2830; x_wconf 79' lang='lat' dir='ltr'><strong>Non</strong></span> <span class='ocrx_word' id='word_1_295' title='bbox 1945 2778 2048 2832; x_wconf 90' lang='lat' dir='ltr'><strong>erit</strong></span> <span class='ocrx_word' id='word_1_296' title='bbox 2075 2779 2157 2833; x_wconf 86' lang='lat' dir='ltr'><strong>in-</strong></span> 
     </span>
    </p>
   </div>
   <div class='ocr_carea' id='block_1_43' title="bbox 578 2855 2157 2926">
    <p class='ocr_par' dir='ltr' id='par_1_43' title="bbox 578 2855 2157 2926">
     <span class='ocr_line' id='line_1_43' title="bbox 578 2855 2157 2926; baseline 0.01 -16"><span class='ocrx_word' id='word_1_297' title='bbox 578 2855 838 2922; x_wconf 89' lang='lat' dir='ltr'><strong>feeunda,</strong></span> <span class='ocrx_word' id='word_1_298' title='bbox 880 2875 979 2914; x_wconf 89' lang='lat' dir='ltr'><strong>nec</strong></span> <span class='ocrx_word' id='word_1_299' title='bbox 1017 2860 1220 2915; x_wconf 88' lang='lat' dir='ltr'><strong>sterilis</strong></span> <span class='ocrx_word' id='word_1_300' title='bbox 1261 2861 1316 2915; x_wconf 93' lang='lat' dir='ltr'><strong>in</strong></span> <span class='ocrx_word' id='word_1_301' title='bbox 1362 2862 1484 2916; x_wconf 82' lang='lat' dir='ltr'><strong>ﬁliis</strong></span> <span class='ocrx_word' id='word_1_302' title='bbox 1518 2863 1769 2920; x_wconf 80' lang='lat' dir='ltr'><strong>lsrael“.</strong></span> <span class='ocrx_word' id='word_1_303' title='bbox 1814 2885 1833 2918; x_wconf 75' lang='grc' dir='ltr'><strong>ι</strong></span> <span class='ocrx_word' id='word_1_304' title='bbox 1877 2866 1982 2923; x_wconf 90' lang='lat' dir='ltr'><strong>Sed</strong></span> <span class='ocrx_word' id='word_1_305' title='bbox 2021 2870 2157 2926; x_wconf 91' lang='lat' dir='ltr'><strong>mire</strong></span> 
     </span>
    </p>
   </div>
   <div class='ocr_carea' id='block_1_44' title="bbox 587 2945 2156 3022">
    <p class='ocr_par' dir='ltr' id='par_1_44' title="bbox 587 2945 2156 3022">
     <span class='ocr_line' id='line_1_44' title="bbox 587 2945 2156 3022; baseline 0.008 -23"><span class='ocrx_word' id='word_1_306' title='bbox 587 2945 787 3000; x_wconf 84' lang='lat' dir='ltr'><strong>fatuum</strong></span> <span class='ocrx_word' id='word_1_307' title='bbox 808 2956 923 3002; x_wconf 90' lang='lat' dir='ltr'><strong>erat</strong></span> <span class='ocrx_word' id='word_1_308' title='bbox 945 2957 1163 3018; x_wconf 86' lang='lat' dir='ltr'><strong>propter</strong></span> <span class='ocrx_word' id='word_1_309' title='bbox 1180 2948 1574 3004; x_wconf 89' lang='lat' dir='ltr'><strong>multitudinem</strong></span> <span class='ocrx_word' id='word_1_310' title='bbox 1600 2967 1886 3022; x_wconf 85' lang='lat' dir='ltr'><strong>corporum</strong></span> <span class='ocrx_word' id='word_1_311' title='bbox 1912 2967 2156 3012; x_wconf 85' lang='lat' dir='ltr'><strong>contem-</strong></span> 
     </span>
    </p>
   </div>
   <div class='ocr_carea' id='block_1_45' title="bbox 582 3033 2154 3118">
    <p class='ocr_par' dir='ltr' id='par_1_45' title="bbox 582 3033 2154 3118">
     <span class='ocr_line' id='line_1_45' title="bbox 582 3033 2154 3118; baseline 0.009 -28"><span class='ocrx_word' id='word_1_312' title='bbox 582 3049 710 3090; x_wconf 90' lang='lat' dir='ltr'><strong>nere</strong></span> <span class='ocrx_word' id='word_1_313' title='bbox 740 3035 834 3090; x_wconf 90' lang='lat' dir='ltr'><strong>Dei</strong></span> <span class='ocrx_word' id='word_1_314' title='bbox 867 3036 1148 3091; x_wconf 80' lang='lat' dir='ltr'><strong>auxilium.</strong></span> <span class='ocrx_word' id='word_1_315' title='bbox 1179 3033 1532 3105; x_wconf 86' lang='lat' dir='ltr'><strong>Cogitandum</strong></span> <span class='ocrx_word' id='word_1_316' title='bbox 1563 3041 1666 3097; x_wconf 92' lang='lat' dir='ltr'><strong>illis</strong></span> <span class='ocrx_word' id='word_1_317' title='bbox 1693 3046 1890 3112; x_wconf 88' lang='lat' dir='ltr'><strong>potius,</strong></span> <span class='ocrx_word' id='word_1_318' title='bbox 1920 3047 1963 3102; x_wconf 85' lang='lat' dir='ltr'><strong>si</strong></span> <span class='ocrx_word' id='word_1_319' title='bbox 1995 3062 2154 3118; x_wconf 84' lang='lat' dir='ltr'><strong>sape-</strong></span> 
     </span>
    </p>
   </div>
   <div class='ocr_carea' id='block_1_46' title="bbox 581 3127 2150 3205">
    <p class='ocr_par' dir='ltr' id='par_1_46' title="bbox 581 3127 2150 3205">
     <span class='ocr_line' id='line_1_46' title="bbox 581 3127 2150 3205; baseline 0.01 -25"><span class='ocrx_word' id='word_1_320' title='bbox 581 3133 720 3192; x_wconf 86' lang='lat' dir='ltr'><strong>rent,</strong></span> <span class='ocrx_word' id='word_1_321' title='bbox 747 3141 865 3180; x_wconf 90' lang='lat' dir='ltr'><strong>cum</strong></span> <span class='ocrx_word' id='word_1_322' title='bbox 895 3127 1033 3197; x_wconf 86' lang='lat' dir='ltr'><strong>ipso,</strong></span> <span class='ocrx_word' id='word_1_323' title='bbox 1059 3136 1114 3182; x_wconf 89' lang='lat' dir='ltr'><strong>et</strong></span> <span class='ocrx_word' id='word_1_324' title='bbox 1142 3143 1235 3198; x_wconf 91' lang='lat' dir='ltr'><strong>per</strong></span> <span class='ocrx_word' id='word_1_325' title='bbox 1264 3129 1437 3198; x_wconf 92' lang='lat' dir='ltr'><strong>ipsum</strong></span> <span class='ocrx_word' id='word_1_326' title='bbox 1466 3150 1484 3182; x_wconf 76' lang='grc' dir='ltr'><strong>ι</strong></span> <span class='ocrx_word' id='word_1_327' title='bbox 1515 3137 1765 3204; x_wconf 90' lang='lat' dir='ltr'><strong>persequi</strong></span> <span class='ocrx_word' id='word_1_328' title='bbox 1795 3151 1952 3205; x_wconf 91' lang='lat' dir='ltr'><strong>posse</strong></span> <span class='ocrx_word' id='word_1_329' title='bbox 1988 3155 2150 3194; x_wconf 91' lang='lat' dir='ltr'><strong>unum</strong></span> 
     </span>
    </p>
   </div>
   <div class='ocr_carea' id='block_1_47' title="bbox 579 3213 2155 3289">
    <p class='ocr_par' dir='ltr' id='par_1_47' title="bbox 579 3213 2155 3289">
     <span class='ocr_line' id='line_1_47' title="bbox 579 3213 2155 3289; baseline 0.011 -23"><span class='ocrx_word' id='word_1_330' title='bbox 579 3213 756 3280; x_wconf 88' lang='lat' dir='ltr'><strong>mille,</strong></span> <span class='ocrx_word' id='word_1_331' title='bbox 792 3225 847 3268; x_wconf 88' lang='lat' dir='ltr'><strong>et</strong></span> <span class='ocrx_word' id='word_1_332' title='bbox 880 3216 1015 3270; x_wconf 92' lang='lat' dir='ltr'><strong>duos</strong></span> <span class='ocrx_word' id='word_1_333' title='bbox 1049 3215 1327 3289; x_wconf 82' lang='lat' dir='ltr'><strong>fugaturos</strong></span> <span class='ocrx_word' id='word_1_334' title='bbox 1360 3219 1543 3274; x_wconf 91' lang='lat' dir='ltr'><strong>decem</strong></span> <span class='ocrx_word' id='word_1_335' title='bbox 1579 3222 1742 3277; x_wconf 89' lang='lat' dir='ltr'><strong>millia</strong></span> <span class='ocrx_word' id='word_1_336' title='bbox 1769 3225 1836 3278; x_wconf 79' lang='grc' dir='ltr'><strong>⁷ο.</strong></span> <span class='ocrx_word' id='word_1_337' title='bbox 1874 3245 1894 3278; x_wconf 75' lang='grc' dir='ltr'><strong>ι</strong></span> <span class='ocrx_word' id='word_1_338' title='bbox 1934 3226 2155 3282; x_wconf 85' lang='lat' dir='ltr'><strong>Placent</strong></span> 
     </span>
    </p>
   </div>
   <div class='ocr_carea' id='block_1_48' title="bbox 579 3303 2156 3385">
    <p class='ocr_par' dir='ltr' id='par_1_48' title="bbox 579 3303 2156 3385">
     <span class='ocr_line' id='line_1_48' title="bbox 579 3303 2156 3385; baseline 0.01 -29"><span class='ocrx_word' id='word_1_339' title='bbox 579 3303 761 3373; x_wconf 88' lang='lat' dir='ltr'><strong>itaque</strong></span> <span class='ocrx_word' id='word_1_340' title='bbox 789 3303 912 3370; x_wconf 92' lang='lat' dir='ltr'><strong>sibi,</strong></span> <span class='ocrx_word' id='word_1_341' title='bbox 941 3315 994 3360; x_wconf 90' lang='lat' dir='ltr'><strong>et</strong></span> <span class='ocrx_word' id='word_1_342' title='bbox 1015 3305 1225 3376; x_wconf 86' lang='lat' dir='ltr'><strong>jactant</strong></span> <span class='ocrx_word' id='word_1_343' title='bbox 1251 3323 1332 3374; x_wconf 88' lang='lat' dir='ltr'><strong>se,</strong></span> <span class='ocrx_word' id='word_1_344' title='bbox 1361 3308 1555 3379; x_wconf 87' lang='lat' dir='ltr'><strong>inquit,</strong></span> <span class='ocrx_word' id='word_1_345' title='bbox 1587 3327 1689 3365; x_wconf 92' lang='lat' dir='ltr'><strong>non</strong></span> <span class='ocrx_word' id='word_1_346' title='bbox 1720 3312 1772 3366; x_wconf 91' lang='lat' dir='ltr'><strong>in</strong></span> <span class='ocrx_word' id='word_1_347' title='bbox 1807 3314 1912 3370; x_wconf 89' lang='lat' dir='ltr'><strong>Deo</strong></span> <span class='ocrx_word' id='word_1_348' title='bbox 1938 3318 2156 3385; x_wconf 85' lang='lat' dir='ltr'><strong>potissi-</strong></span> 
     </span>
    </p>
   </div>
   <div class='ocr_carea' id='block_1_49' title="bbox 579 3394 2148 3475">
    <p class='ocr_par' dir='ltr' id='par_1_49' title="bbox 579 3394 2148 3475">
     <span class='ocr_line' id='line_1_49' title="bbox 579 3394 2148 3475; baseline 0.011 -31"><span class='ocrx_word' id='word_1_349' title='bbox 579 3406 755 3460; x_wconf 91' lang='lat' dir='ltr'><strong>mum;</strong></span> <span class='ocrx_word' id='word_1_350' title='bbox 778 3396 872 3449; x_wconf 90' lang='lat' dir='ltr'><strong>sed</strong></span> <span class='ocrx_word' id='word_1_351' title='bbox 895 3394 1081 3466; x_wconf 66' lang='lat' dir='ltr'><strong>glorias</strong></span> <span class='ocrx_word' id='word_1_352' title='bbox 1101 3397 1202 3451; x_wconf 91' lang='lat' dir='ltr'><strong>sibi</strong></span> <span class='ocrx_word' id='word_1_353' title='bbox 1225 3399 1427 3454; x_wconf 91' lang='lat' dir='ltr'><strong>ducunt</strong></span> <span class='ocrx_word' id='word_1_354' title='bbox 1447 3409 1650 3470; x_wconf 89' lang='lat' dir='ltr'><strong>partus,</strong></span> <span class='ocrx_word' id='word_1_355' title='bbox 1675 3412 1729 3458; x_wconf 93' lang='lat' dir='ltr'><strong>et</strong></span> <span class='ocrx_word' id='word_1_356' title='bbox 1748 3407 2148 3475; x_wconf 87' lang='lat' dir='ltr'><strong>conceptiones,</strong></span> 
     </span>
    </p>
   </div>
   <div class='ocr_carea' id='block_1_50' title="bbox 573 3483 2153 3555">
    <p class='ocr_par' dir='ltr' id='par_1_50' title="bbox 573 3483 2153 3555">
     <span class='ocr_line' id='line_1_50' title="bbox 573 3483 2153 3555; baseline 0.008 -15"><span class='ocrx_word' id='word_1_357' title='bbox 573 3492 630 3540; x_wconf 84' lang='lat' dir='ltr'><strong>ct</strong></span> <span class='ocrx_word' id='word_1_358' title='bbox 658 3483 869 3540; x_wconf 90' lang='lat' dir='ltr'><strong>dolores</strong></span> <span class='ocrx_word' id='word_1_359' title='bbox 901 3487 1314 3555; x_wconf 86' lang='lat' dir='ltr'><strong>parturientium</strong></span> <span class='ocrx_word' id='word_1_360' title='bbox 1343 3488 1662 3544; x_wconf 90' lang='lat' dir='ltr'><strong>feminarum</strong></span> <span class='ocrx_word' id='word_1_361' title='bbox 1693 3506 1930 3550; x_wconf 89' lang='lat' dir='ltr'><strong>suarum.</strong></span> <span class='ocrx_word' id='word_1_362' title='bbox 1963 3496 2153 3552; x_wconf 88' lang='lat' dir='ltr'><strong>Sciant</strong></span> 
     </span>
    </p>
   </div>
   <div class='ocr_carea' id='block_1_51' title="bbox 575 3574 2152 3648">
    <p class='ocr_par' dir='ltr' id='par_1_51' title="bbox 575 3574 2152 3648">
     <span class='ocr_line' id='line_1_51' title="bbox 575 3574 2152 3648; baseline 0.011 -23"><span class='ocrx_word' id='word_1_363' title='bbox 575 3574 762 3645; x_wconf 73' lang='lat' dir='ltr'><strong>igitur,</strong></span> <span class='ocrx_word' id='word_1_364' title='bbox 803 3577 1012 3631; x_wconf 88' lang='lat' dir='ltr'><strong>etiamsi</strong></span> <span class='ocrx_word' id='word_1_365' title='bbox 1058 3579 1342 3648; x_wconf 80' lang='lat' dir='ltr'><strong>genuerint</strong></span> <span class='ocrx_word' id='word_1_366' title='bbox 1385 3579 1551 3647; x_wconf 85' lang='lat' dir='ltr'><strong>filios,</strong></span> <span class='ocrx_word' id='word_1_367' title='bbox 1598 3582 1812 3638; x_wconf 90' lang='lat' dir='ltr'><strong>etiamsi</strong></span> <span class='ocrx_word' id='word_1_368' title='bbox 1856 3584 2152 3643; x_wconf 86' lang='lat' dir='ltr'><strong>laborarint</strong></span> 
     </span>
    </p>
   </div>
   <div class='ocr_carea' id='block_1_52' title="bbox 575 3665 2148 3744">
    <p class='ocr_par' dir='ltr' id='par_1_52' title="bbox 575 3665 2148 3744">
     <span class='ocr_line' id='line_1_52' title="bbox 575 3665 2148 3744; baseline 0.004 -23"><span class='ocrx_word' id='word_1_369' title='bbox 575 3665 910 3721; x_wconf 87' lang='lat' dir='ltr'><strong>enutrientcs</strong></span> <span class='ocrx_word' id='word_1_370' title='bbox 951 3665 1170 3732; x_wconf 88' lang='lat' dir='ltr'><strong>liberos,</strong></span> <span class='ocrx_word' id='word_1_371' title='bbox 1215 3666 1328 3721; x_wconf 90' lang='lat' dir='ltr'><strong>fore</strong></span> <span class='ocrx_word' id='word_1_372' title='bbox 1369 3677 1425 3721; x_wconf 93' lang='lat' dir='ltr'><strong>ut</strong></span> <span class='ocrx_word' id='word_1_373' title='bbox 1469 3670 1805 3736; x_wconf 62' lang='lat' dir='ltr'><strong>paenitudine</strong></span> <span class='ocrx_word' id='word_1_374' title='bbox 1844 3675 2148 3744; x_wconf 88' lang='lat' dir='ltr'><strong>capiantur,</strong></span> 
     </span>
    </p>
   </div>
   <div class='ocr_carea' id='block_1_53' title="bbox 575 3756 2148 3823">
    <p class='ocr_par' dir='ltr' id='par_1_53' title="bbox 575 3756 2148 3823">
     <span class='ocr_line' id='line_1_53' title="bbox 575 3756 2148 3823; baseline 0.006 -10"><span class='ocrx_word' id='word_1_375' title='bbox 575 3774 694 3813; x_wconf 84' lang='lat' dir='ltr'><strong>cum</strong></span> <span class='ocrx_word' id='word_1_376' title='bbox 737 3772 796 3811; x_wconf 90' lang='lat' dir='ltr'><strong>se</strong></span> <span class='ocrx_word' id='word_1_377' title='bbox 837 3756 1038 3812; x_wconf 83' lang='lat' dir='ltr'><strong>frustra</strong></span> <span class='ocrx_word' id='word_1_378' title='bbox 1086 3757 1318 3811; x_wconf 73' lang='lat' dir='ltr'><strong>viderint</strong></span> <span class='ocrx_word' id='word_1_379' title='bbox 1364 3758 1658 3816; x_wconf 87' lang='lat' dir='ltr'><strong>laborasse.</strong></span> <span class='ocrx_word' id='word_1_380' title='bbox 1701 3761 1959 3819; x_wconf 83' lang='lat' dir='ltr'><strong>Filiorum</strong></span> <span class='ocrx_word' id='word_1_381' title='bbox 2004 3768 2148 3823; x_wconf 87' lang='lat' dir='ltr'><strong>enim</strong></span> 
     </span>
    </p>
   </div>
   <div class='ocr_carea' id='block_1_54' title="bbox 573 3847 2150 3927">
    <p class='ocr_par' dir='ltr' id='par_1_54' title="bbox 573 3847 2150 3927">
     <span class='ocr_line' id='line_1_54' title="bbox 573 3847 2150 3927; baseline 0.007 -27"><span class='ocrx_word' id='word_1_382' title='bbox 573 3847 860 3901; x_wconf 85' lang='lat' dir='ltr'><strong>orbitatem</strong></span> <span class='ocrx_word' id='word_1_383' title='bbox 891 3847 1214 3901; x_wconf 86' lang='lat' dir='ltr'><strong>omnimodis</strong></span> <span class='ocrx_word' id='word_1_384' title='bbox 1245 3849 1565 3916; x_wconf 89' lang='lat' dir='ltr'><strong>plorabunt,</strong></span> <span class='ocrx_word' id='word_1_385' title='bbox 1599 3859 1654 3905; x_wconf 90' lang='lat' dir='ltr'><strong>et</strong></span> <span class='ocrx_word' id='word_1_386' title='bbox 1681 3852 1889 3921; x_wconf 85' lang='lat' dir='ltr'><strong>gladius</strong></span> <span class='ocrx_word' id='word_1_387' title='bbox 1919 3855 2150 3927; x_wconf 78' lang='lat' dir='ltr'><strong>Babylo-</strong></span> 
     </span>
    </p>
   </div>
   <div class='ocr_carea' id='block_1_55' title="bbox 575 3937 2145 4008">
    <p class='ocr_par' dir='ltr' id='par_1_55' title="bbox 575 3937 2145 4008">
     <span class='ocr_line' id='line_1_55' title="bbox 575 3937 2145 4008; baseline 0.008 -18"><span class='ocrx_word' id='word_1_388' title='bbox 575 3937 729 3993; x_wconf 89' lang='lat' dir='ltr'><strong>nicus</strong></span> <span class='ocrx_word' id='word_1_389' title='bbox 770 3939 836 3992; x_wconf 90' lang='lat' dir='ltr'><strong>ad</strong></span> <span class='ocrx_word' id='word_1_390' title='bbox 879 3953 1048 4008; x_wconf 89' lang='lat' dir='ltr'><strong>genus</strong></span> <span class='ocrx_word' id='word_1_391' title='bbox 1092 3938 1328 4007; x_wconf 86' lang='lat' dir='ltr'><strong>ipsorum</strong></span> <span class='ocrx_word' id='word_1_392' title='bbox 1370 3939 1529 3998; x_wconf 81' lang='lat' dir='ltr'><strong>facile</strong></span> <span class='ocrx_word' id='word_1_393' title='bbox 1570 3943 1856 3999; x_wconf 90' lang='lat' dir='ltr'><strong>delendum</strong></span> <span class='ocrx_word' id='word_1_394' title='bbox 1897 3947 2145 4003; x_wconf 86' lang='lat' dir='ltr'><strong>suﬂiciet.</strong></span> 
     </span>
    </p>
   </div>
   <div class='ocr_carea' id='block_1_56' title="bbox 578 4027 2150 4100">
    <p class='ocr_par' dir='ltr' id='par_1_56' title="bbox 578 4027 2150 4100">
     <span class='ocr_line' id='line_1_56' title="bbox 578 4027 2150 4100; baseline 0.008 -19"><span class='ocrx_word' id='word_1_395' title='bbox 578 4047 597 4081; x_wconf 73' lang='grc' dir='ltr'><strong>ι</strong></span> <span class='ocrx_word' id='word_1_396' title='bbox 635 4027 769 4096; x_wconf 81' lang='lat' dir='ltr'><strong>Quia</strong></span> <span class='ocrx_word' id='word_1_397' title='bbox 800 4039 856 4084; x_wconf 86' lang='lat' dir='ltr'><strong>et</strong></span> <span class='ocrx_word' id='word_1_398' title='bbox 882 4044 957 4083; x_wconf 72' lang='lat' dir='ltr'><strong>va:</strong></span> <span class='ocrx_word' id='word_1_399' title='bbox 986 4029 1091 4084; x_wconf 91' lang='lat' dir='ltr'><strong>illis</strong></span> <span class='ocrx_word' id='word_1_400' title='bbox 1121 4041 1220 4084; x_wconf 90' lang='lat' dir='ltr'><strong>est.</strong></span> <span class='ocrx_word' id='word_1_401' title='bbox 1260 4048 1279 4082; x_wconf 74' lang='grc' dir='ltr'><strong>ι</strong></span> <span class='ocrx_word' id='word_1_402' title='bbox 1313 4030 1476 4098; x_wconf 88' lang='lat' dir='ltr'><strong>Quasi</strong></span> <span class='ocrx_word' id='word_1_403' title='bbox 1507 4033 1680 4100; x_wconf 90' lang='lat' dir='ltr'><strong>dicat,</strong></span> <span class='ocrx_word' id='word_1_404' title='bbox 1709 4033 1818 4088; x_wconf 90' lang='lat' dir='ltr'><strong>Deo</strong></span> <span class='ocrx_word' id='word_1_405' title='bbox 1845 4035 1896 4088; x_wconf 91' lang='lat' dir='ltr'><strong>in</strong></span> <span class='ocrx_word' id='word_1_406' title='bbox 1925 4036 2045 4092; x_wconf 89' lang='lat' dir='ltr'><strong>illos</strong></span> <span class='ocrx_word' id='word_1_407' title='bbox 2073 4052 2150 4093; x_wconf 76' lang='lat' dir='ltr'><strong>vae</strong></span> 
     </span>
    </p>
   </div>
   <div class='ocr_carea' id='block_1_57' title="bbox 573 4120 2145 4194">
    <p class='ocr_par' dir='ltr' id='par_1_57' title="bbox 573 4120 2145 4194">
     <span class='ocr_line' id='line_1_57' title="bbox 573 4120 2145 4194; baseline 0.005 -22"><span class='ocrx_word' id='word_1_408' title='bbox 573 4120 852 4185; x_wconf 87' lang='lat' dir='ltr'><strong>vibrante,</strong></span> <span class='ocrx_word' id='word_1_409' title='bbox 885 4121 1004 4189; x_wconf 88' lang='lat' dir='ltr'><strong>quis</strong></span> <span class='ocrx_word' id='word_1_410' title='bbox 1045 4120 1152 4176; x_wconf 90' lang='lat' dir='ltr'><strong>illis</strong></span> <span class='ocrx_word' id='word_1_411' title='bbox 1191 4121 1431 4176; x_wconf 79' lang='lat' dir='ltr'><strong>lzetitiam</strong></span> <span class='ocrx_word' id='word_1_412' title='bbox 1473 4124 1868 4194; x_wconf 78' lang='lat' dir='ltr'><strong>suppeditabit?</strong></span> <span class='ocrx_word' id='word_1_413' title='bbox 1904 4124 1960 4181; x_wconf 92' lang='lat' dir='ltr'><strong>Si</strong></span> <span class='ocrx_word' id='word_1_414' title='bbox 2002 4129 2145 4182; x_wconf 91' lang='lat' dir='ltr'><strong>enim</strong></span> 
     </span>
    </p>
   </div>
   <div class='ocr_carea' id='block_1_58' title="bbox 579 4208 2147 4287">
    <p class='ocr_par' dir='ltr' id='par_1_58' title="bbox 579 4208 2147 4287">
     <span class='ocr_line' id='line_1_58' title="bbox 579 4208 2147 4287; baseline 0.008 -27"><span class='ocrx_word' id='word_1_415' title='bbox 579 4227 598 4260; x_wconf 77' lang='grc' dir='ltr'><strong>ι</strong></span> <span class='ocrx_word' id='word_1_416' title='bbox 641 4208 896 4264; x_wconf 90' lang='lat' dir='ltr'><strong>clauserit</strong></span> <span class='ocrx_word' id='word_1_417' title='bbox 936 4219 1126 4267; x_wconf 89' lang='lat' dir='ltr'><strong>contra</strong></span> <span class='ocrx_word' id='word_1_418' title='bbox 1171 4211 1475 4278; x_wconf 84' lang='lat' dir='ltr'><strong>hominem,</strong></span> <span class='ocrx_word' id='word_1_419' title='bbox 1507 4214 1630 4284; x_wconf 89' lang='lat' dir='ltr'><strong>quis</strong></span> <span class='ocrx_word' id='word_1_420' title='bbox 1669 4216 1875 4287; x_wconf 88' lang='lat' dir='ltr'><strong>aperiet</strong></span> <span class='ocrx_word' id='word_1_421' title='bbox 1905 4217 1990 4271; x_wconf 71' lang='lat'><strong>7&#39;?</strong></span> <span class='ocrx_word' id='word_1_422' title='bbox 2030 4235 2049 4271; x_wconf 72' lang='grc' dir='ltr'><strong>ι</strong></span> <span class='ocrx_word' id='word_1_423' title='bbox 2090 4227 2147 4273; x_wconf 90' lang='lat' dir='ltr'><strong>ut</strong></span> 
     </span>
    </p>
   </div>
   <div class='ocr_carea' id='block_1_59' title="bbox 573 4300 1055 4367">
    <p class='ocr_par' dir='ltr' id='par_1_59' title="bbox 573 4300 1055 4367">
     <span class='ocr_line' id='line_1_59' title="bbox 573 4300 1055 4367; baseline 0 -13"><span class='ocrx_word' id='word_1_424' title='bbox 573 4300 831 4367; x_wconf 88' lang='lat' dir='ltr'><strong>scriptum</strong></span> <span class='ocrx_word' id='word_1_425' title='bbox 857 4309 1055 4354; x_wconf 79' lang='lat' dir='ltr'><strong>exstat.</strong></span> 
     </span>
    </p>
   </div>
   <div class='ocr_carea' id='block_1_60' title="bbox 639 4387 1327 4448">
    <p class='ocr_par' dir='ltr' id='par_1_60' title="bbox 639 4387 1327 4448">
     <span class='ocr_line' id='line_1_60' title="bbox 639 4387 1327 4448; baseline 0.006 -4"><span class='ocrx_word' id='word_1_426' title='bbox 639 4387 770 4444; x_wconf 80' lang='lat' dir='ltr'><strong>CVI.</strong></span> <span class='ocrx_word' id='word_1_427' title='bbox 813 4387 951 4444; x_wconf 87' lang='lat' dir='ltr'><strong>Caro</strong></span> <span class='ocrx_word' id='word_1_428' title='bbox 989 4406 1103 4444; x_wconf 88' lang='lat' dir='ltr'><strong>mea</strong></span> <span class='ocrx_word' id='word_1_429' title='bbox 1139 4408 1202 4445; x_wconf 80' lang='lat' dir='ltr'><strong>ea:</strong></span> <span class='ocrx_word' id='word_1_430' title='bbox 1233 4392 1327 4448; x_wconf 73' lang='lat' dir='ltr'><strong>eis.</strong></span> 
     </span>
    </p>
   </div>
   <div class='ocr_carea' id='block_1_61' title="bbox 2260 1932 3839 2015">
    <p class='ocr_par' dir='ltr' id='par_1_61' title="bbox 2260 1932 3839 2015">
     <span class='ocr_line' id='line_1_61' title="bbox 2260 1932 3839 2015; baseline 0.009 -31"><span class='ocrx_word' id='word_1_431' title='bbox 2260 1932 2321 1985; x_wconf 90' lang='grc' dir='ltr'><strong>τὸ</strong></span> <span class='ocrx_word' id='word_1_432' title='bbox 2352 1933 2523 2000; x_wconf 91' lang='grc' dir='ltr'>Θεῖον,</span> <span class='ocrx_word' id='word_1_433' title='bbox 2550 1935 2643 1989; x_wconf 57' lang='grc' dir='ltr'><strong>καίΙ</strong></span> <span class='ocrx_word' id='word_1_434' title='bbox 2674 1937 2771 1989; x_wconf 76' lang='grc' dir='ltr'><strong>οὐκ</strong></span> <span class='ocrx_word' id='word_1_435' title='bbox 2795 1939 3064 2003; x_wconf 84' lang='grc' dir='ltr'>ἀνικάνως</span> <span class='ocrx_word' id='word_1_436' title='bbox 3095 1940 3236 2011; x_wconf 82' lang='grc' dir='ltr'>ἔχον,</span> <span class='ocrx_word' id='word_1_437' title='bbox 3275 1943 3365 1997; x_wconf 79' lang='grc' dir='ltr'><strong>τὸν</strong></span> <span class='ocrx_word' id='word_1_438' title='bbox 3390 1942 3499 1996; x_wconf 84' lang='grc' dir='ltr'><strong>τῶν</strong></span> <span class='ocrx_word' id='word_1_439' title='bbox 3542 1944 3839 2015; x_wconf 78' lang='grc' dir='ltr'>’Δσσυρίων</span> 
     </span>
    </p>
   </div>
   <div class='ocr_carea' id='block_1_62' title="bbox 2263 2025 3839 2103">
    <p class='ocr_par' dir='ltr' id='par_1_62' title="bbox 2263 2025 3839 2103">
     <span class='ocr_line' id='line_1_62' title="bbox 2263 2025 3839 2103; baseline 0.008 -27"><span class='ocrx_word' id='word_1_440' title='bbox 2263 2025 2604 2097; x_wconf 86' lang='grc' dir='ltr'>ἀποσοϐῆσαι</span> <span class='ocrx_word' id='word_1_441' title='bbox 2635 2028 2886 2100; x_wconf 87' lang='grc' dir='ltr'>πόλεμον.</span> <span class='ocrx_word' id='word_1_442' title='bbox 2917 2032 3236 2103; x_wconf 85' lang='grc' dir='ltr'>Συμϐέϐηκε</span> <span class='ocrx_word' id='word_1_443' title='bbox 3264 2035 3320 2087; x_wconf 82' lang='grc' dir='ltr'>δὲ</span> <span class='ocrx_word' id='word_1_444' title='bbox 3358 2034 3426 2087; x_wconf 83' lang='grc' dir='ltr'><strong>τὰ</strong></span> <span class='ocrx_word' id='word_1_445' title='bbox 3449 2035 3634 2088; x_wconf 78' lang='grc' dir='ltr'>τοιάδε</span> <span class='ocrx_word' id='word_1_446' title='bbox 3654 2036 3839 2089; x_wconf 85' lang='grc' dir='ltr'>παθεῖν</span> 
     </span>
    </p>
   </div>
   <div class='ocr_carea' id='block_1_63' title="bbox 2260 2117 3840 2196">
    <p class='ocr_par' dir='ltr' id='par_1_63' title="bbox 2260 2117 3840 2196">
     <span class='ocr_line' id='line_1_63' title="bbox 2260 2117 3840 2196; baseline 0.008 -28"><span class='ocrx_word' id='word_1_447' title='bbox 2260 2117 2386 2180; x_wconf 85' lang='grc' dir='ltr'>τοὺς</span> <span class='ocrx_word' id='word_1_448' title='bbox 2414 2118 2473 2182; x_wconf 84' lang='grc' dir='ltr'><strong>ἐξ</strong></span> <span class='ocrx_word' id='word_1_449' title='bbox 2509 2118 2773 2190; x_wconf 81' lang='grc' dir='ltr'>Ἐφραῒμ,</span> <span class='ocrx_word' id='word_1_450' title='bbox 2797 2121 2916 2191; x_wconf 77' lang='grc' dir='ltr'>ἦτοι</span> <span class='ocrx_word' id='word_1_451' title='bbox 2943 2123 3034 2176; x_wconf 84' lang='grc' dir='ltr'><strong>τὸν</strong></span> <span class='ocrx_word' id='word_1_452' title='bbox 3069 2124 3296 2196; x_wconf 82' lang='grc' dir='ltr'>Ἰσραὴλ,</span> <span class='ocrx_word' id='word_1_453' title='bbox 3325 2126 3408 2178; x_wconf 87' lang='grc' dir='ltr'>ὅτι</span> <span class='ocrx_word' id='word_1_454' title='bbox 3437 2126 3568 2180; x_wconf 77' lang='grc' dir='ltr'>Θεὸν</span> <span class='ocrx_word' id='word_1_455' title='bbox 3614 2127 3840 2196; x_wconf 80' lang='grc' dir='ltr'><strong>ἀφέντες</strong></span> 
     </span>
    </p>
   </div>
   <div class='ocr_carea' id='block_1_64' title="bbox 2259 2209 3842 2289">
    <p class='ocr_par' dir='ltr' id='par_1_64' title="bbox 2259 2209 3842 2289">
     <span class='ocr_line' id='line_1_64' title="bbox 2259 2209 3842 2289; baseline 0.008 -28"><span class='ocrx_word' id='word_1_456' title='bbox 2259 2209 2352 2262; x_wconf 86' lang='grc' dir='ltr'><strong>τὸν</strong></span> <span class='ocrx_word' id='word_1_457' title='bbox 2378 2209 2638 2277; x_wconf 77' lang='grc' dir='ltr'>σώζοντα,</span> <span class='ocrx_word' id='word_1_458' title='bbox 2676 2213 2768 2266; x_wconf 77' lang='grc' dir='ltr'><strong>καὶ</strong></span> <span class='ocrx_word' id='word_1_459' title='bbox 2820 2215 2880 2268; x_wconf 84' lang='grc' dir='ltr'><strong>τὸ</strong></span> <span class='ocrx_word' id='word_1_460' title='bbox 2912 2218 2999 2268; x_wconf 85' lang='grc' dir='ltr'>ἐπ’</span> <span class='ocrx_word' id='word_1_461' title='bbox 3031 2216 3179 2287; x_wconf 85' lang='grc' dir='ltr'>αὐτῷ</span> <span class='ocrx_word' id='word_1_462' title='bbox 3211 2217 3274 2286; x_wconf 81' lang='grc' dir='ltr'>δὴ</span> <span class='ocrx_word' id='word_1_463' title='bbox 3323 2218 3418 2270; x_wconf 70' lang='grc' dir='ltr'><strong>καὶ</strong></span> <span class='ocrx_word' id='word_1_464' title='bbox 3453 2218 3598 2288; x_wconf 86' lang='grc' dir='ltr'>μόνῳ</span> <span class='ocrx_word' id='word_1_465' title='bbox 3631 2219 3842 2289; x_wconf 84' lang='grc' dir='ltr'>μεγάλα</span> 
     </span>
    </p>
   </div>
   <div class='ocr_carea' id='block_1_65' title="bbox 2260 2301 3842 2380">
    <p class='ocr_par' dir='ltr' id='par_1_65' title="bbox 2260 2301 3842 2380">
     <span class='ocr_line' id='line_1_65' title="bbox 2260 2301 3842 2380; baseline 0.008 -29"><span class='ocrx_word' id='word_1_466' title='bbox 2260 2303 2475 2369; x_wconf 84' lang='grc' dir='ltr'>φρονεῖν</span> <span class='ocrx_word' id='word_1_467' title='bbox 2504 2301 2853 2368; x_wconf 83' lang='grc' dir='ltr'>διατελῶντες</span> <span class='ocrx_word' id='word_1_468' title='bbox 2876 2305 2949 2376; x_wconf 82' lang='grc'><strong>(1)</strong></span> <span class='ocrx_word' id='word_1_469' title='bbox 2992 2306 3066 2369; x_wconf 86' lang='grc' dir='ltr'>ὡς</span> <span class='ocrx_word' id='word_1_470' title='bbox 3101 2307 3286 2373; x_wconf 74' lang='grc' dir='ltr'>ἕωλον,</span> <span class='ocrx_word' id='word_1_471' title='bbox 3317 2308 3482 2378; x_wconf 76' lang='grc' dir='ltr'>ᾤοντο</span> <span class='ocrx_word' id='word_1_472' title='bbox 3514 2309 3656 2362; x_wconf 81' lang='grc' dir='ltr'>κατά</span> <span class='ocrx_word' id='word_1_473' title='bbox 3701 2313 3842 2380; x_wconf 68' lang='grc' dir='ltr'>σφᾶς</span> 
     </span>
    </p>
   </div>
   <div class='ocr_carea' id='block_1_66' title="bbox 2257 2387 3841 2469">
    <p class='ocr_par' dir='ltr' id='par_1_66' title="bbox 2257 2387 3841 2469">
     <span class='ocr_line' id='line_1_66' title="bbox 2257 2387 3841 2469; baseline 0.009 -30"><span class='ocrx_word' id='word_1_474' title='bbox 2257 2387 2442 2454; x_wconf 79' lang='grc' dir='ltr'>δεινοὶ,</span> <span class='ocrx_word' id='word_1_475' title='bbox 2477 2391 2586 2444; x_wconf 74' lang='grc' dir='ltr'>καὶ·</span> <span class='ocrx_word' id='word_1_476' title='bbox 2599 2393 2863 2446; x_wconf 79' lang='grc' dir='ltr'>ἀνάλωτοι</span> <span class='ocrx_word' id='word_1_477' title='bbox 2890 2396 3213 2466; x_wconf 79' lang='grc' dir='ltr'>γενήσεσθαι</span> <span class='ocrx_word' id='word_1_478' title='bbox 3242 2402 3353 2461; x_wconf 85' lang='grc' dir='ltr'>τοῖς</span> <span class='ocrx_word' id='word_1_479' title='bbox 3382 2399 3615 2469; x_wconf 78' lang='grc' dir='ltr'>ἐχθροῖς,</span> <span class='ocrx_word' id='word_1_480' title='bbox 3642 2401 3730 2453; x_wconf 87' lang='grc' dir='ltr'><strong>διά</strong></span> <span class='ocrx_word' id='word_1_481' title='bbox 3757 2418 3841 2453; x_wconf 86' lang='grc' dir='ltr'><strong>τοι</strong></span> 
     </span>
    </p>
   </div>
   <div class='ocr_carea' id='block_1_67' title="bbox 2257 2480 3842 2561">
    <p class='ocr_par' dir='ltr' id='par_1_67' title="bbox 2257 2480 3842 2561">
     <span class='ocr_line' id='line_1_67' title="bbox 2257 2480 3842 2561; baseline 0.007 -29"><span class='ocrx_word' id='word_1_482' title='bbox 2257 2480 2319 2533; x_wconf 81' lang='grc' dir='ltr'><strong>τὸ</strong></span> <span class='ocrx_word' id='word_1_483' title='bbox 2363 2483 2445 2544; x_wconf 84' lang='grc' dir='ltr'><strong>είς</strong></span> <span class='ocrx_word' id='word_1_484' title='bbox 2481 2481 2690 2552; x_wconf 87' lang='grc' dir='ltr'>πληθὺν</span> <span class='ocrx_word' id='word_1_485' title='bbox 2720 2484 3042 2538; x_wconf 80' lang='grc' dir='ltr'>ἐκτετάσθαι</span> <span class='ocrx_word' id='word_1_486' title='bbox 3074 2487 3292 2558; x_wconf 78' lang='grc' dir='ltr'>πολλὴν,</span> <span class='ocrx_word' id='word_1_487' title='bbox 3342 2491 3438 2542; x_wconf 78' lang='grc' dir='ltr'><strong>καὶ</strong></span> <span class='ocrx_word' id='word_1_488' title='bbox 3468 2491 3842 2561; x_wconf 80' lang='grc' dir='ltr'>ἀναρίθμητον</span> 
     </span>
    </p>
   </div>
   <div class='ocr_carea' id='block_1_68' title="bbox 2259 2567 3840 2652">
    <p class='ocr_par' dir='ltr' id='par_1_68' title="bbox 2259 2567 3840 2652">
     <span class='ocr_line' id='line_1_68' title="bbox 2259 2567 3840 2652; baseline 0.009 -32"><span class='ocrx_word' id='word_1_489' title='bbox 2259 2567 2404 2638; x_wconf 77' lang='grc' dir='ltr'>ἔχειν</span> <span class='ocrx_word' id='word_1_490' title='bbox 2437 2572 2535 2640; x_wconf 72' lang='grc' dir='ltr'>τὴν</span> <span class='ocrx_word' id='word_1_491' title='bbox 2574 2571 2952 2628; x_wconf 79' lang='grc' dir='ltr'>πολυπαιδίαν.</span> <span class='ocrx_word' id='word_1_492' title='bbox 3003 2576 3253 2629; x_wconf 83' lang='grc' dir='ltr'>Ἔτικτον</span> <span class='ocrx_word' id='word_1_493' title='bbox 3299 2577 3399 2646; x_wconf 82' lang='grc' dir='ltr'>μὲν</span> <span class='ocrx_word' id='word_1_494' title='bbox 3451 2579 3560 2649; x_wconf 83' lang='grc' dir='ltr'><strong>γὰρ</strong></span> <span class='ocrx_word' id='word_1_495' title='bbox 3604 2581 3661 2632; x_wconf 75' lang='grc' dir='ltr'><strong>αἱ</strong></span> <span class='ocrx_word' id='word_1_496' title='bbox 3703 2580 3840 2652; x_wconf 88' lang='grc' dir='ltr'>παρ’</span> 
     </span>
    </p>
   </div>
   <div class='ocr_carea' id='block_1_69' title="bbox 2257 2662 3843 2740">
    <p class='ocr_par' dir='ltr' id='par_1_69' title="bbox 2257 2662 3843 2740">
     <span class='ocr_line' id='line_1_69' title="bbox 2257 2662 3843 2740; baseline 0.008 -26"><span class='ocrx_word' id='word_1_497' title='bbox 2257 2662 2437 2726; x_wconf 86' lang='grc' dir='ltr'>αὐτοῖς</span> <span class='ocrx_word' id='word_1_498' title='bbox 2483 2665 2737 2730; x_wconf 84' lang='grc' dir='ltr'>γυναῖκες</span> <span class='ocrx_word' id='word_1_499' title='bbox 2779 2666 2899 2717; x_wconf 86' lang='grc' dir='ltr'>κατ’</span> <span class='ocrx_word' id='word_1_500' title='bbox 2951 2667 3302 2734; x_wconf 80' lang='grc' dir='ltr'>ἐπαγγελίαν,</span> <span class='ocrx_word' id='word_1_501' title='bbox 3340 2671 3431 2722; x_wconf 76' lang='grc' dir='ltr'><strong>καὶ</strong></span> <span class='ocrx_word' id='word_1_502' title='bbox 3478 2672 3536 2723; x_wconf 84' lang='grc' dir='ltr'><strong>ἐν</strong></span> <span class='ocrx_word' id='word_1_503' title='bbox 3587 2672 3843 2740; x_wconf 79' lang='grc' dir='ltr'>εὐλογίας</span> 
     </span>
    </p>
   </div>
   <div class='ocr_carea' id='block_1_70' title="bbox 2256 2751 3845 2833">
    <p class='ocr_par' dir='ltr' id='par_1_70' title="bbox 2256 2751 3845 2833">
     <span class='ocr_line' id='line_1_70' title="bbox 2256 2751 3845 2833; baseline 0.009 -29"><span class='ocrx_word' id='word_1_504' title='bbox 2256 2751 2426 2818; x_wconf 76' lang='grc' dir='ltr'>τάξει,</span> <span class='ocrx_word' id='word_1_505' title='bbox 2472 2753 2714 2817; x_wconf 78' lang='grc' dir='ltr'>Μωσέως</span> <span class='ocrx_word' id='word_1_506' title='bbox 2769 2759 3181 2828; x_wconf 74' lang='grc' dir='ltr'>προειρηκότος,</span> <span class='ocrx_word' id='word_1_507' title='bbox 3245 2779 3262 2810; x_wconf 81' lang='lat' dir='ltr'><strong>t</strong></span> <span class='ocrx_word' id='word_1_508' title='bbox 3288 2761 3400 2814; x_wconf 87' lang='grc' dir='ltr'><strong>Οὐκ</strong></span> <span class='ocrx_word' id='word_1_509' title='bbox 3424 2761 3575 2817; x_wconf 76' lang='grc' dir='ltr'>ἐσται</span> <span class='ocrx_word' id='word_1_510' title='bbox 3620 2764 3845 2833; x_wconf 84' lang='grc' dir='ltr'>ἄγονος,</span> 
     </span>
    </p>
   </div>
   <div class='ocr_carea' id='block_1_71' title="bbox 2255 2843 3846 2924">
    <p class='ocr_par' dir='ltr' id='par_1_71' title="bbox 2255 2843 3846 2924">
     <span class='ocr_line' id='line_1_71' title="bbox 2255 2843 3846 2924; baseline 0.011 -31"><span class='ocrx_word' id='word_1_511' title='bbox 2255 2843 2375 2894; x_wconf 85' lang='grc' dir='ltr'>οὐδὲ</span> <span class='ocrx_word' id='word_1_512' title='bbox 2425 2847 2613 2915; x_wconf 80' lang='grc' dir='ltr'>στεῖρα</span> <span class='ocrx_word' id='word_1_513' title='bbox 2651 2847 2708 2899; x_wconf 85' lang='grc' dir='ltr'><strong>ἐν</strong></span> <span class='ocrx_word' id='word_1_514' title='bbox 2734 2846 2870 2910; x_wconf 72' lang='grc' dir='ltr'>υἱοῖς</span> <span class='ocrx_word' id='word_1_515' title='bbox 2913 2848 3148 2920; x_wconf 82' lang='grc' dir='ltr'>Ἰσραήλ.</span> <span class='ocrx_word' id='word_1_516' title='bbox 3188 2868 3206 2900; x_wconf 76' lang='grc' dir='ltr'><strong>ι</strong></span> <span class='ocrx_word' id='word_1_517' title='bbox 3262 2851 3399 2904; x_wconf 82' lang='grc' dir='ltr'>Ἀλλ’</span> <span class='ocrx_word' id='word_1_518' title='bbox 3426 2849 3493 2923; x_wconf 83' lang='grc' dir='ltr'>ἦν</span> <span class='ocrx_word' id='word_1_519' title='bbox 3525 2853 3720 2924; x_wconf 75' lang='grc' dir='ltr'>εὔηθες</span> <span class='ocrx_word' id='word_1_520' title='bbox 3751 2873 3846 2910; x_wconf 87' lang='grc' dir='ltr'>κο-</span> 
     </span>
    </p>
   </div>
   <div class='ocr_carea' id='block_1_72' title="bbox 2260 2933 3850 3015">
    <p class='ocr_par' dir='ltr' id='par_1_72' title="bbox 2260 2933 3850 3015">
     <span class='ocr_line' id='line_1_72' title="bbox 2260 2933 3850 3015; baseline -0.001 -31"><span class='ocrx_word' id='word_1_521' title='bbox 2260 2933 2406 3002; x_wconf 80' lang='grc' dir='ltr'>μιδῇ,</span> <span class='ocrx_word' id='word_1_522' title='bbox 2435 2933 2519 2985; x_wconf 70' lang='grc' dir='ltr'>διὰ</span> <span class='ocrx_word' id='word_1_523' title='bbox 2551 2933 2761 3003; x_wconf 82' lang='grc' dir='ltr'>πληθὺν</span> <span class='ocrx_word' id='word_1_524' title='bbox 2793 2938 3059 3006; x_wconf 85' lang='grc' dir='ltr'>σωμάτων</span> <span class='ocrx_word' id='word_1_525' title='bbox 3105 2940 3391 3010; x_wconf 74' lang='grc' dir='ltr'>άφειδῆσαι</span> <span class='ocrx_word' id='word_1_526' title='bbox 3440 2943 3690 3012; x_wconf 78' lang='grc' dir='ltr'>βοηθείας</span> <span class='ocrx_word' id='word_1_527' title='bbox 3741 2947 3850 3015; x_wconf 70' lang='grc' dir='ltr'>τῆς</span> 
     </span>
    </p>
   </div>
   <div class='ocr_carea' id='block_1_73' title="bbox 2256 3023 3852 3102">
    <p class='ocr_par' dir='ltr' id='par_1_73' title="bbox 2256 3023 3852 3102">
     <span class='ocr_line' id='line_1_73' title="bbox 2256 3023 3852 3102; baseline 0.009 -29"><span class='ocrx_word' id='word_1_528' title='bbox 2256 3024 2408 3093; x_wconf 69' lang='grc' dir='ltr'>παρὰ</span> <span class='ocrx_word' id='word_1_529' title='bbox 2435 3023 2592 3077; x_wconf 84' lang='grc' dir='ltr'>Θεοῦ.</span> <span class='ocrx_word' id='word_1_530' title='bbox 2649 3026 2927 3096; x_wconf 85' lang='grc' dir='ltr'>Ἑννοῆσαι</span> <span class='ocrx_word' id='word_1_531' title='bbox 2975 3029 3032 3081; x_wconf 85' lang='grc' dir='ltr'>δὲ</span> <span class='ocrx_word' id='word_1_532' title='bbox 3081 3029 3278 3098; x_wconf 81' lang='grc' dir='ltr'>μᾶλλον</span> <span class='ocrx_word' id='word_1_533' title='bbox 3324 3031 3456 3100; x_wconf 74' lang='grc' dir='ltr'>ὀρθά</span> <span class='ocrx_word' id='word_1_534' title='bbox 3502 3035 3852 3102; x_wconf 76' lang='grc' dir='ltr'>φρονοῦντας</span> 
     </span>
    </p>
   </div>
   <div class='ocr_carea' id='block_1_74' title="bbox 2257 3108 3855 3196">
    <p class='ocr_par' dir='ltr' id='par_1_74' title="bbox 2257 3108 3855 3196">
     <span class='ocr_line' id='line_1_74' title="bbox 2257 3108 3855 3196; baseline 0.011 -32"><span class='ocrx_word' id='word_1_535' title='bbox 2257 3113 2442 3182; x_wconf 81' lang='grc' dir='ltr'>ἐχρῆν,</span> <span class='ocrx_word' id='word_1_536' title='bbox 2469 3108 2548 3166; x_wconf 79' lang='grc' dir='ltr'>ὅτι</span> <span class='ocrx_word' id='word_1_537' title='bbox 2583 3115 2680 3168; x_wconf 85' lang='grc' dir='ltr'><strong>σὺν</strong></span> <span class='ocrx_word' id='word_1_538' title='bbox 2707 3117 2856 3186; x_wconf 76' lang='grc' dir='ltr'>αὑτῴ</span> <span class='ocrx_word' id='word_1_539' title='bbox 2883 3134 2941 3169; x_wconf 88' lang='grc' dir='ltr'><strong>τε</strong></span> <span class='ocrx_word' id='word_1_540' title='bbox 2992 3119 3085 3170; x_wconf 74' lang='grc' dir='ltr'><strong>καὶ</strong></span> <span class='ocrx_word' id='word_1_541' title='bbox 3111 3119 3178 3170; x_wconf 82' lang='grc' dir='ltr'>δι’</span> <span class='ocrx_word' id='word_1_542' title='bbox 3207 3120 3369 3173; x_wconf 72' lang='grc' dir='ltr'>αὑτοῦ</span> <span class='ocrx_word' id='word_1_543' title='bbox 3403 3140 3420 3170; x_wconf 76' lang='lat' dir='ltr'><strong>t</strong></span> <span class='ocrx_word' id='word_1_544' title='bbox 3449 3123 3718 3187; x_wconf 78' lang='grc' dir='ltr'>Διώξεται</span> <span class='ocrx_word' id='word_1_545' title='bbox 3750 3129 3855 3196; x_wconf 84' lang='grc' dir='ltr'>μὲν</span> 
     </span>
    </p>
   </div>
   <div class='ocr_carea' id='block_1_75' title="bbox 2258 3196 3856 3277">
    <p class='ocr_par' dir='ltr' id='par_1_75' title="bbox 2258 3196 3856 3277">
     <span class='ocr_line' id='line_1_75' title="bbox 2258 3196 3856 3277; baseline -0.009 -12"><span class='ocrx_word' id='word_1_546' title='bbox 2258 3196 2338 3263; x_wconf 79' lang='grc' dir='ltr'><strong>εἷς</strong></span> <span class='ocrx_word' id='word_1_547' title='bbox 2369 3201 2592 3270; x_wconf 78' lang='grc' dir='ltr'>χιλίους,</span> <span class='ocrx_word' id='word_1_548' title='bbox 2626 3204 2719 3256; x_wconf 75' lang='grc' dir='ltr'>δύο</span> <span class='ocrx_word' id='word_1_549' title='bbox 2745 3205 2801 3257; x_wconf 78' lang='grc' dir='ltr'>δὲ</span> <span class='ocrx_word' id='word_1_550' title='bbox 2832 3208 3248 3276; x_wconf 84' lang='grc' dir='ltr'>μετακινήσουσι</span> <span class='ocrx_word' id='word_1_551' title='bbox 3275 3209 3560 3277; x_wconf 83' lang='grc' dir='ltr'>μυριάδας.</span> <span class='ocrx_word' id='word_1_552' title='bbox 3607 3231 3625 3263; x_wconf 73' lang='grc' dir='ltr'><strong>ι</strong></span> <span class='ocrx_word' id='word_1_553' title='bbox 3671 3213 3856 3268; x_wconf 69' lang='lat' dir='ltr'><strong>‘Am-</strong></span> 
     </span>
    </p>
   </div>
   <div class='ocr_carea' id='block_1_76' title="bbox 2243 3293 3855 3370">
    <p class='ocr_par' dir='ltr' id='par_1_76' title="bbox 2243 3293 3855 3370">
     <span class='ocr_line' id='line_1_76' title="bbox 2243 3293 3855 3370; baseline 0.009 -24"><span class='ocrx_word' id='word_1_554' title='bbox 2243 3293 2608 3364; x_wconf 77' lang='grc' dir='ltr'>,σεμνύνονται</span> <span class='ocrx_word' id='word_1_555' title='bbox 2634 3295 2834 3360; x_wconf 81' lang='grc' dir='ltr'>τοίνυν,</span> <span class='ocrx_word' id='word_1_556' title='bbox 2863 3299 3047 3364; x_wconf 71' lang='grc' dir='ltr'>φησιν,</span> <span class='ocrx_word' id='word_1_557' title='bbox 3083 3298 3182 3348; x_wconf 78' lang='grc' dir='ltr'>οὐκ</span> <span class='ocrx_word' id='word_1_558' title='bbox 3213 3300 3305 3350; x_wconf 83' lang='grc' dir='ltr'><strong>ἐπὶ</strong></span> <span class='ocrx_word' id='word_1_559' title='bbox 3323 3298 3442 3369; x_wconf 87' lang='grc' dir='ltr'><strong>Θεῷ</strong></span> <span class='ocrx_word' id='word_1_560' title='bbox 3469 3301 3690 3370; x_wconf 82' lang='grc' dir='ltr'>μᾶλλον,</span> <span class='ocrx_word' id='word_1_561' title='bbox 3728 3323 3855 3360; x_wconf 86' lang='grc' dir='ltr'>ποι-</span> 
     </span>
    </p>
   </div>
   <div class='ocr_carea' id='block_1_77' title="bbox 2253 3387 3855 3459">
    <p class='ocr_par' dir='ltr' id='par_1_77' title="bbox 2253 3387 3855 3459">
     <span class='ocr_line' id='line_1_77' title="bbox 2253 3387 3855 3459; baseline 0.006 -20"><span class='ocrx_word' id='word_1_562' title='bbox 2253 3387 2439 3440; x_wconf 77' lang='grc' dir='ltr'>οῦνται</span> <span class='ocrx_word' id='word_1_563' title='bbox 2468 3387 2523 3440; x_wconf 86' lang='grc' dir='ltr'>δὲ</span> <span class='ocrx_word' id='word_1_564' title='bbox 2549 3387 2706 3452; x_wconf 79' lang='grc' dir='ltr'>δόξαν</span> <span class='ocrx_word' id='word_1_565' title='bbox 2748 3388 2963 3451; x_wconf 82' lang='grc' dir='ltr'>τόκους,</span> <span class='ocrx_word' id='word_1_566' title='bbox 3006 3387 3099 3438; x_wconf 67' lang='grc' dir='ltr'><strong>κα)⁵</strong></span> <span class='ocrx_word' id='word_1_567' title='bbox 3150 3388 3460 3457; x_wconf 74' lang='grc' dir='ltr'>συλλήψεις,</span> <span class='ocrx_word' id='word_1_568' title='bbox 3506 3393 3601 3444; x_wconf 71' lang='grc' dir='ltr'><strong>καὶ</strong></span> <span class='ocrx_word' id='word_1_569' title='bbox 3637 3393 3855 3459; x_wconf 84' lang='grc' dir='ltr'>ὠδῖνας</span> 
     </span>
    </p>
   </div>
   <div class='ocr_carea' id='block_1_78' title="bbox 2251 3477 3852 3550">
    <p class='ocr_par' dir='ltr' id='par_1_78' title="bbox 2251 3477 3852 3550">
     <span class='ocr_line' id='line_1_78' title="bbox 2251 3477 3852 3550; baseline 0.006 -20"><span class='ocrx_word' id='word_1_570' title='bbox 2251 3478 2358 3530; x_wconf 78' lang='grc' dir='ltr'><strong>τῶν</strong></span> <span class='ocrx_word' id='word_1_571' title='bbox 2390 3480 2518 3549; x_wconf 84' lang='grc' dir='ltr'>παρ’</span> <span class='ocrx_word' id='word_1_572' title='bbox 2551 3478 2732 3540; x_wconf 76' lang='grc' dir='ltr'>αὐτοῖς</span> <span class='ocrx_word' id='word_1_573' title='bbox 2760 3477 3054 3545; x_wconf 84' lang='grc' dir='ltr'>γυναικῶν.</span> <span class='ocrx_word' id='word_1_574' title='bbox 3094 3479 3358 3532; x_wconf 83' lang='grc' dir='ltr'>Ἴστωσαν</span> <span class='ocrx_word' id='word_1_575' title='bbox 3382 3479 3446 3550; x_wconf 85' lang='grc' dir='ltr'>δὴ</span> <span class='ocrx_word' id='word_1_576' title='bbox 3471 3479 3584 3547; x_wconf 77' lang='grc' dir='ltr'>οὖν,</span> <span class='ocrx_word' id='word_1_577' title='bbox 3613 3483 3692 3536; x_wconf 83' lang='grc' dir='ltr'><strong>ὅτι</strong></span> <span class='ocrx_word' id='word_1_578' title='bbox 3734 3487 3852 3539; x_wconf 75' lang='grc' dir='ltr'><strong>κᾶν</strong></span> 
     </span>
    </p>
   </div>
   <div class='ocr_carea' id='block_1_79' title="bbox 2251 3567 3849 3642">
    <p class='ocr_par' dir='ltr' id='par_1_79' title="bbox 2251 3567 3849 3642">
     <span class='ocr_line' id='line_1_79' title="bbox 2251 3567 3849 3642; baseline 0.007 -23"><span class='ocrx_word' id='word_1_579' title='bbox 2251 3570 2298 3620; x_wconf 91' lang='grc' dir='ltr'><strong>εί</strong></span> <span class='ocrx_word' id='word_1_580' title='bbox 2331 3569 2537 3621; x_wconf 83' lang='grc' dir='ltr'>τέκοιεν</span> <span class='ocrx_word' id='word_1_581' title='bbox 2565 3569 2733 3633; x_wconf 81' lang='grc' dir='ltr'>υἱοὺς,</span> <span class='ocrx_word' id='word_1_582' title='bbox 2782 3567 2886 3620; x_wconf 84' lang='grc' dir='ltr'><strong>κᾶν</strong></span> <span class='ocrx_word' id='word_1_583' title='bbox 2913 3569 2961 3619; x_wconf 87' lang='grc' dir='ltr'><strong>εί</strong></span> <span class='ocrx_word' id='word_1_584' title='bbox 2995 3569 3224 3637; x_wconf 78' lang='grc' dir='ltr'>κάμοιεν</span> <span class='ocrx_word' id='word_1_585' title='bbox 3255 3570 3612 3640; x_wconf 83' lang='grc' dir='ltr'>ἐκτρέφοντες</span> <span class='ocrx_word' id='word_1_586' title='bbox 3637 3575 3849 3642; x_wconf 77' lang='grc' dir='ltr'>τέκνα,</span> 
     </span>
    </p>
   </div>
   <div class='ocr_carea' id='block_1_80' title="bbox 2253 3657 3850 3738">
    <p class='ocr_par' dir='ltr' id='par_1_80' title="bbox 2253 3657 3850 3738">
     <span class='ocr_line' id='line_1_80' title="bbox 2253 3657 3850 3738; baseline 0.004 -27"><span class='ocrx_word' id='word_1_587' title='bbox 2253 3661 2688 3729; x_wconf 86' lang='grc' dir='ltr'>μεταγνώσονται</span> <span class='ocrx_word' id='word_1_588' title='bbox 2755 3657 3040 3721; x_wconf 84' lang='grc' dir='ltr'>πονοῦντες</span> <span class='ocrx_word' id='word_1_589' title='bbox 3101 3659 3246 3728; x_wconf 84' lang='grc' dir='ltr'><strong>εὶκῆ.</strong></span> <span class='ocrx_word' id='word_1_590' title='bbox 3315 3661 3654 3732; x_wconf 77' lang='grc' dir='ltr'>Θρηνήσουσι</span> <span class='ocrx_word' id='word_1_591' title='bbox 3722 3667 3850 3738; x_wconf 79' lang='grc' dir='ltr'><strong>γὰρ</strong></span> 
     </span>
    </p>
   </div>
   <div class='ocr_carea' id='block_1_81' title="bbox 2251 3749 3846 3823">
    <p class='ocr_par' dir='ltr' id='par_1_81' title="bbox 2251 3749 3846 3823">
     <span class='ocr_line' id='line_1_81' title="bbox 2251 3749 3846 3823; baseline 0.001 -21"><span class='ocrx_word' id='word_1_592' title='bbox 2251 3751 2428 3820; x_wconf 87' lang='grc' dir='ltr'>πάντη</span> <span class='ocrx_word' id='word_1_593' title='bbox 2455 3766 2516 3802; x_wconf 89' lang='grc' dir='ltr'><strong>τε</strong></span> <span class='ocrx_word' id='word_1_594' title='bbox 2544 3751 2640 3802; x_wconf 79' lang='grc' dir='ltr'><strong>καὶ</strong></span> <span class='ocrx_word' id='word_1_595' title='bbox 2675 3749 2898 3812; x_wconf 84' lang='grc' dir='ltr'>πάντως</span> <span class='ocrx_word' id='word_1_596' title='bbox 2927 3749 3025 3820; x_wconf 87' lang='grc' dir='ltr'>τὴν</span> <span class='ocrx_word' id='word_1_597' title='bbox 3067 3751 3342 3804; x_wconf 83' lang='grc' dir='ltr'>ἀπαιδίαν.</span> <span class='ocrx_word' id='word_1_598' title='bbox 3389 3752 3632 3823; x_wconf 82' lang='grc' dir='ltr'>Ἀρκέσει</span> <span class='ocrx_word' id='word_1_599' title='bbox 3656 3755 3716 3809; x_wconf 86' lang='grc' dir='ltr'>δὲ</span> <span class='ocrx_word' id='word_1_600' title='bbox 3754 3757 3846 3822; x_wconf 67' lang='lat' dir='ltr'><strong>EE-</strong></span> 
     </span>
    </p>
   </div>
   <div class='ocr_carea' id='block_1_82' title="bbox 2249 3841 3850 3919">
    <p class='ocr_par' dir='ltr' id='par_1_82' title="bbox 2249 3841 3850 3919">
     <span class='ocr_line' id='line_1_82' title="bbox 2249 3841 3850 3919; baseline 0.006 -25"><span class='ocrx_word' id='word_1_601' title='bbox 2249 3858 2348 3911; x_wconf 84' lang='grc' dir='ltr'>φος</span> <span class='ocrx_word' id='word_1_602' title='bbox 2393 3842 2574 3905; x_wconf 84' lang='grc' dir='ltr'>αὐτοῖς</span> <span class='ocrx_word' id='word_1_603' title='bbox 2601 3843 2662 3896; x_wconf 84' lang='grc' dir='ltr'><strong>τὸ</strong></span> <span class='ocrx_word' id='word_1_604' title='bbox 2693 3841 3033 3896; x_wconf 86' lang='grc' dir='ltr'>Βαϐυλώνιον</span> <span class='ocrx_word' id='word_1_605' title='bbox 3068 3845 3147 3906; x_wconf 84' lang='grc' dir='ltr'>εἰς</span> <span class='ocrx_word' id='word_1_606' title='bbox 3180 3844 3241 3896; x_wconf 86' lang='grc' dir='ltr'><strong>τὸ</strong></span> <span class='ocrx_word' id='word_1_607' title='bbox 3289 3845 3592 3916; x_wconf 83' lang='grc' dir='ltr'>δαπανῆσαι</span> <span class='ocrx_word' id='word_1_608' title='bbox 3625 3849 3850 3919; x_wconf 75' lang='grc' dir='ltr'>ῥᾳδίως</span> 
     </span>
    </p>
   </div>
   <div class='ocr_carea' id='block_1_83' title="bbox 2249 3933 3838 4003">
    <p class='ocr_par' dir='ltr' id='par_1_83' title="bbox 2249 3933 3838 4003">
     <span class='ocr_line' id='line_1_83' title="bbox 2249 3933 3838 4003; baseline 0.004 -17"><span class='ocrx_word' id='word_1_609' title='bbox 2249 3933 2357 3987; x_wconf 79' lang='grc' dir='ltr'>πᾶν</span> <span class='ocrx_word' id='word_1_610' title='bbox 2376 3933 2499 3987; x_wconf 83' lang='grc' dir='ltr'>ὅσον</span> <span class='ocrx_word' id='word_1_611' title='bbox 2518 3933 2697 3987; x_wconf 82' lang='grc' dir='ltr'>αὐτῶν</span> <span class='ocrx_word' id='word_1_612' title='bbox 2718 3934 2890 4003; x_wconf 78' lang='grc' dir='ltr'>γένος,</span> <span class='ocrx_word' id='word_1_613' title='bbox 2924 3952 2942 3984; x_wconf 77' lang='grc' dir='ltr'><strong>ι</strong></span> <span class='ocrx_word' id='word_1_614' title='bbox 2969 3934 3112 3986; x_wconf 77' lang='grc' dir='ltr'>Διότι</span> <span class='ocrx_word' id='word_1_615' title='bbox 3141 3935 3232 3987; x_wconf 69' lang='grc' dir='ltr'><strong>καὶ</strong></span> <span class='ocrx_word' id='word_1_616' title='bbox 3255 3937 3377 3988; x_wconf 74' lang='grc' dir='ltr'>οὐαὶ</span> <span class='ocrx_word' id='word_1_617' title='bbox 3400 3939 3582 4001; x_wconf 80' lang='grc' dir='ltr'>αὐτοῖς</span> <span class='ocrx_word' id='word_1_618' title='bbox 3601 3941 3781 3995; x_wconf 84' lang='grc' dir='ltr'>ἐστιν.</span> <span class='ocrx_word' id='word_1_619' title='bbox 3815 3961 3838 3993; x_wconf 71' lang='grc' dir='ltr'><strong>ι</strong></span> 
     </span>
    </p>
   </div>
   <div class='ocr_carea' id='block_1_84' title="bbox 2249 4022 3847 4098">
    <p class='ocr_par' dir='ltr' id='par_1_84' title="bbox 2249 4022 3847 4098">
     <span class='ocr_line' id='line_1_84' title="bbox 2249 4022 3847 4098; baseline 0.005 -21"><span class='ocrx_word' id='word_1_620' title='bbox 2249 4022 2471 4094; x_wconf 86' lang='grc' dir='ltr'>Ὅμοιον</span> <span class='ocrx_word' id='word_1_621' title='bbox 2502 4025 2575 4088; x_wconf 83' lang='grc' dir='ltr'>ὡς</span> <span class='ocrx_word' id='word_1_622' title='bbox 2604 4027 2652 4077; x_wconf 87' lang='grc' dir='ltr'><strong>εί</strong></span> <span class='ocrx_word' id='word_1_623' title='bbox 2685 4024 2854 4093; x_wconf 85' lang='grc' dir='ltr'>λέγοι,</span> <span class='ocrx_word' id='word_1_624' title='bbox 2881 4025 3018 4078; x_wconf 86' lang='grc' dir='ltr'>Θεοῦ</span> <span class='ocrx_word' id='word_1_625' title='bbox 3065 4027 3246 4088; x_wconf 78' lang='grc' dir='ltr'>αὐτοῖς</span> <span class='ocrx_word' id='word_1_626' title='bbox 3283 4029 3739 4098; x_wconf 78' lang='grc' dir='ltr'>ἐπιρῤιπτοῦντος</span> <span class='ocrx_word' id='word_1_627' title='bbox 3778 4032 3847 4085; x_wconf 77' lang='grc' dir='ltr'><strong>τὸ</strong></span> 
     </span>
    </p>
   </div>
   <div class='ocr_carea' id='block_1_85' title="bbox 2245 4115 3845 4194">
    <p class='ocr_par' dir='ltr' id='par_1_85' title="bbox 2245 4115 3845 4194">
     <span class='ocr_line' id='line_1_85' title="bbox 2245 4115 3845 4194; baseline 0.004 -26"><span class='ocrx_word' id='word_1_628' title='bbox 2245 4115 2387 4180; x_wconf 76' lang='grc' dir='ltr'>οὐαὶ,</span> <span class='ocrx_word' id='word_1_629' title='bbox 2426 4115 2511 4180; x_wconf 87' lang='grc' dir='ltr'><strong>τίς</strong></span> <span class='ocrx_word' id='word_1_630' title='bbox 2540 4115 2793 4169; x_wconf 89' lang='grc' dir='ltr'>ἐπιδώσει</span> <span class='ocrx_word' id='word_1_631' title='bbox 2817 4116 2916 4186; x_wconf 83' lang='grc' dir='ltr'>τὴν</span> <span class='ocrx_word' id='word_1_632' title='bbox 2944 4116 3242 4186; x_wconf 75' lang='grc' dir='ltr'>εὐθυμίαν;</span> <span class='ocrx_word' id='word_1_633' title='bbox 3279 4120 3403 4170; x_wconf 83' lang='grc' dir='ltr'>Ἐάν</span> <span class='ocrx_word' id='word_1_634' title='bbox 3433 4121 3540 4189; x_wconf 88' lang='grc' dir='ltr'>γὰρ</span> <span class='ocrx_word' id='word_1_635' title='bbox 3566 4139 3584 4171; x_wconf 81' lang='lat' dir='ltr'><strong>t</strong></span> <span class='ocrx_word' id='word_1_636' title='bbox 3617 4121 3845 4194; x_wconf 70' lang='grc' dir='ltr'>κλείσῃ</span> 
     </span>
    </p>
   </div>
   <div class='ocr_carea' id='block_1_86' title="bbox 2245 4205 3844 4283">
    <p class='ocr_par' dir='ltr' id='par_1_86' title="bbox 2245 4205 3844 4283">
     <span class='ocr_line' id='line_1_86' title="bbox 2245 4205 3844 4283; baseline 0.004 -23"><span class='ocrx_word' id='word_1_637' title='bbox 2245 4207 2386 4260; x_wconf 85' lang='grc' dir='ltr'>κατὰ</span> <span class='ocrx_word' id='word_1_638' title='bbox 2431 4205 2741 4279; x_wconf 86' lang='grc' dir='ltr'>ἀνθρώπου,</span> <span class='ocrx_word' id='word_1_639' title='bbox 2776 4208 2860 4271; x_wconf 82' lang='grc' dir='ltr'><strong>τίς</strong></span> <span class='ocrx_word' id='word_1_640' title='bbox 2911 4209 3150 4276; x_wconf 81' lang='grc' dir='ltr'>άνοίξει;</span> <span class='ocrx_word' id='word_1_641' title='bbox 3211 4227 3230 4262; x_wconf 76' lang='grc' dir='ltr'><strong>ι</strong></span> <span class='ocrx_word' id='word_1_642' title='bbox 3283 4209 3424 4263; x_wconf 86' lang='grc' dir='ltr'>κατὰ</span> <span class='ocrx_word' id='word_1_643' title='bbox 3469 4211 3530 4263; x_wconf 86' lang='grc' dir='ltr'><strong>τὸ</strong></span> <span class='ocrx_word' id='word_1_644' title='bbox 3576 4228 3844 4283; x_wconf 83' lang='grc' dir='ltr'>γεγραμ-</span> 
     </span>
    </p>
   </div>
   <div class='ocr_carea' id='block_1_87' title="bbox 2249 4298 2428 4368">
    <p class='ocr_par' dir='ltr' id='par_1_87' title="bbox 2249 4298 2428 4368">
     <span class='ocr_line' id='line_1_87' title="bbox 2249 4298 2428 4368; baseline 0 -18"><span class='ocrx_word' id='word_1_645' title='bbox 2249 4298 2428 4368; x_wconf 83' lang='grc' dir='ltr'>μένον.</span> 
     </span>
    </p>
   </div>
   <div class='ocr_carea' id='block_1_88' title="bbox 2314 4385 2963 4456">
    <p class='ocr_par' dir='ltr' id='par_1_88' title="bbox 2314 4385 2963 4456">
     <span class='ocr_line' id='line_1_88' title="bbox 2314 4385 2963 4456; baseline 0.005 -17"><span class='ocrx_word' id='word_1_646' title='bbox 2314 4385 2473 4454; x_wconf 79' lang='grc' dir='ltr'>Σάρξ</span> <span class='ocrx_word' id='word_1_647' title='bbox 2499 4403 2618 4456; x_wconf 81' lang='grc' dir='ltr'><strong>μου</strong></span> <span class='ocrx_word' id='word_1_648' title='bbox 2644 4387 2712 4451; x_wconf 78' lang='grc' dir='ltr'>ἐξ</span> <span class='ocrx_word' id='word_1_649' title='bbox 2746 4388 2963 4442; x_wconf 80' lang='grc' dir='ltr'><strong>αὐτῶν.</strong></span> 
     </span>
    </p>
   </div>
   <div class='ocr_carea' id='block_1_89' title="bbox 639 4481 2152 4564">
    <p class='ocr_par' dir='ltr' id='par_1_89' title="bbox 639 4481 2135 4556">
     <span class='ocr_line' id='line_1_89' title="bbox 639 4481 2135 4556; baseline 0.003 -21"><span class='ocrx_word' id='word_1_650' title='bbox 639 4481 878 4537; x_wconf 80' lang='lat' dir='ltr'><strong>Minante</strong></span> <span class='ocrx_word' id='word_1_651' title='bbox 923 4481 1034 4538; x_wconf 91' lang='lat' dir='ltr'><strong>Deo</strong></span> <span class='ocrx_word' id='word_1_652' title='bbox 1076 4494 1239 4554; x_wconf 87' lang='lat' dir='ltr'><strong>atque</strong></span> <span class='ocrx_word' id='word_1_653' title='bbox 1278 4486 1441 4539; x_wconf 88' lang='lat' dir='ltr'><strong>etiam</strong></span> <span class='ocrx_word' id='word_1_654' title='bbox 1485 4485 1696 4540; x_wconf 84' lang='lat' dir='ltr'><strong>dicente</strong></span> <span class='ocrx_word' id='word_1_655' title='bbox 1737 4487 1804 4541; x_wconf 87' lang='lat' dir='ltr'><strong>de</strong></span> <span class='ocrx_word' id='word_1_656' title='bbox 1845 4487 2135 4556; x_wconf 87' lang='lat' dir='ltr'><strong>Ephraim,</strong></span> 
     </span>
    </p>
   </div>
   <div class='ocr_carea' id='block_1_90' title="bbox 2258 4481 3844 4564">
    <p class='ocr_par' dir='ltr' id='par_1_90' title="bbox 2313 4481 3844 4551">
     <span class='ocr_line' id='line_1_90' title="bbox 2313 4481 3844 4551; baseline 0.002 -19"><span class='ocrx_word' id='word_1_657' title='bbox 2313 4481 2449 4546; x_wconf 60' lang='lat' dir='ltr'><strong>PCI&#39;.</strong></span> <span class='ocrx_word' id='word_1_658' title='bbox 2504 4481 2876 4545; x_wconf 83' lang='grc' dir='ltr'>Ἀπειλοῦντυς</span> <span class='ocrx_word' id='word_1_659' title='bbox 2929 4482 3084 4549; x_wconf 88' lang='grc' dir='ltr'>Θεοῦ,</span> <span class='ocrx_word' id='word_1_660' title='bbox 3127 4482 3221 4534; x_wconf 74' lang='grc' dir='ltr'>καὶ</span> <span class='ocrx_word' id='word_1_661' title='bbox 3268 4481 3331 4551; x_wconf 75' lang='grc' dir='ltr'>δὴ</span> <span class='ocrx_word' id='word_1_662' title='bbox 3377 4482 3469 4534; x_wconf 72' lang='grc' dir='ltr'>καὶ</span> <span class='ocrx_word' id='word_1_663' title='bbox 3519 4481 3844 4549; x_wconf 81' lang='grc' dir='ltr'>φάσκοντος</span> 
     </span>
    </p>
   </div>
   <div class='ocr_carea' id='block_1_91' title="bbox 569 4575 2138 4646">
    <p class='ocr_par' dir='ltr' id='par_1_91' title="bbox 569 4575 2138 4646">
     <span class='ocr_line' id='line_1_91' title="bbox 569 4575 2138 4646; baseline -0.001 -14"><span class='ocrx_word' id='word_1_664' title='bbox 569 4576 683 4632; x_wconf 89' lang='lat' dir='ltr'><strong>sive</strong></span> <span class='ocrx_word' id='word_1_665' title='bbox 717 4577 782 4630; x_wconf 89' lang='lat' dir='ltr'><strong>de</strong></span> <span class='ocrx_word' id='word_1_666' title='bbox 817 4576 960 4629; x_wconf 92' lang='lat' dir='ltr'><strong>omni</strong></span> <span class='ocrx_word' id='word_1_667' title='bbox 994 4575 1180 4641; x_wconf 88' lang='lat' dir='ltr'><strong>Israel,</strong></span> <span class='ocrx_word' id='word_1_668' title='bbox 1219 4576 1475 4630; x_wconf 85' lang='lat' dir='ltr'><strong>radicitus</strong></span> <span class='ocrx_word' id='word_1_669' title='bbox 1510 4575 1828 4644; x_wconf 86' lang='lat' dir='ltr'><strong>periturum,</strong></span> <span class='ocrx_word' id='word_1_670' title='bbox 1867 4585 1922 4631; x_wconf 90' lang='lat' dir='ltr'><strong>et</strong></span> <span class='ocrx_word' id='word_1_671' title='bbox 1955 4577 2138 4646; x_wconf 87' lang='lat' dir='ltr'><strong>deple-</strong></span> 
     </span>
    </p>
   </div>
   <div class='ocr_carea' id='block_1_92' title="bbox 569 4663 2138 4734">
    <p class='ocr_par' dir='ltr' id='par_1_92' title="bbox 569 4663 2138 4734">
     <span class='ocr_line' id='line_1_92' title="bbox 569 4663 2138 4734; baseline 0.002 -16"><span class='ocrx_word' id='word_1_672' title='bbox 569 4672 811 4718; x_wconf 87' lang='lat' dir='ltr'><strong>ralurum</strong></span> <span class='ocrx_word' id='word_1_673' title='bbox 841 4663 1154 4728; x_wconf 86' lang='lat' dir='ltr'><strong>orbitatem,</strong></span> <span class='ocrx_word' id='word_1_674' title='bbox 1187 4664 1665 4734; x_wconf 84' lang='lat' dir='ltr'><strong>laboratnrumque</strong></span> <span class='ocrx_word' id='word_1_675' title='bbox 1698 4665 1893 4719; x_wconf 88' lang='lat' dir='ltr'><strong>frustra</strong></span> <span class='ocrx_word' id='word_1_676' title='bbox 1924 4666 1977 4720; x_wconf 92' lang='lat' dir='ltr'><strong>in</strong></span> <span class='ocrx_word' id='word_1_677' title='bbox 2009 4669 2138 4722; x_wconf 85' lang='lat' dir='ltr'><strong>edu-</strong></span> 
     </span>
    </p>
   </div>
   <div class='ocr_carea' id='block_1_93' title="bbox 568 4754 2137 4824">
    <p class='ocr_par' dir='ltr' id='par_1_93' title="bbox 568 4754 2137 4824">
     <span class='ocr_line' id='line_1_93' title="bbox 568 4754 2137 4824; baseline 0.002 -15"><span class='ocrx_word' id='word_1_678' title='bbox 568 4755 782 4809; x_wconf 85' lang='lat' dir='ltr'><strong>catione</strong></span> <span class='ocrx_word' id='word_1_679' title='bbox 807 4754 1121 4818; x_wconf 85' lang='lat' dir='ltr'><strong>liberorum,</strong></span> <span class='ocrx_word' id='word_1_680' title='bbox 1149 4754 1382 4824; x_wconf 88' lang='lat' dir='ltr'><strong>seipsum</strong></span> <span class='ocrx_word' id='word_1_681' title='bbox 1407 4757 1668 4824; x_wconf 88' lang='lat' dir='ltr'><strong>propheta</strong></span> <span class='ocrx_word' id='word_1_682' title='bbox 1693 4755 1759 4811; x_wconf 92' lang='lat' dir='ltr'><strong>ab</strong></span> <span class='ocrx_word' id='word_1_683' title='bbox 1783 4754 1987 4811; x_wconf 90' lang='lat' dir='ltr'><strong>ultione</strong></span> <span class='ocrx_word' id='word_1_684' title='bbox 2012 4760 2137 4813; x_wconf 87' lang='lat' dir='ltr'><strong>sub-</strong></span> 
     </span>
    </p>
   </div>
   <div class='ocr_carea' id='block_1_94' title="bbox 567 4843 2136 4916">
    <p class='ocr_par' dir='ltr' id='par_1_94' title="bbox 567 4843 2136 4916">
     <span class='ocr_line' id='line_1_94' title="bbox 567 4843 2136 4916; baseline 0.004 -18"><span class='ocrx_word' id='word_1_685' title='bbox 567 4845 744 4910; x_wconf 90' lang='lat' dir='ltr'><strong>ducit,</strong></span> <span class='ocrx_word' id='word_1_686' title='bbox 771 4853 825 4899; x_wconf 90' lang='lat' dir='ltr'><strong>et</strong></span> <span class='ocrx_word' id='word_1_687' title='bbox 858 4843 1249 4899; x_wconf 85' lang='lat' dir='ltr'><strong>immunitatem</strong></span> <span class='ocrx_word' id='word_1_688' title='bbox 1285 4845 1353 4898; x_wconf 91' lang='lat' dir='ltr'><strong>ab</strong></span> <span class='ocrx_word' id='word_1_689' title='bbox 1389 4846 1465 4899; x_wconf 88' lang='lat' dir='ltr'><strong>ira</strong></span> <span class='ocrx_word' id='word_1_690' title='bbox 1502 4847 1580 4901; x_wconf 90' lang='lat' dir='ltr'><strong>sic</strong></span> <span class='ocrx_word' id='word_1_691' title='bbox 1616 4859 1865 4916; x_wconf 89' lang='lat' dir='ltr'><strong>precatur</strong></span> <span class='ocrx_word' id='word_1_692' title='bbox 1897 4867 1912 4905; x_wconf 91' lang='lat'><strong>:</strong></span> <span class='ocrx_word' id='word_1_693' title='bbox 1955 4867 1973 4901; x_wconf 74' lang='grc' dir='ltr'><strong>ι</strong></span> <span class='ocrx_word' id='word_1_694' title='bbox 1997 4849 2136 4905; x_wconf 80' lang='lat' dir='ltr'><strong>Caro</strong></span> 
     </span>
    </p>
   </div>
   <div class='ocr_carea' id='block_1_95' title="bbox 569 4935 2135 5007">
    <p class='ocr_par' dir='ltr' id='par_1_95' title="bbox 569 4935 2135 5007">
     <span class='ocr_line' id='line_1_95' title="bbox 569 4935 2135 5007; baseline 0.003 -18"><span class='ocrx_word' id='word_1_695' title='bbox 569 4951 684 4990; x_wconf 90' lang='lat' dir='ltr'><strong>mea</strong></span> <span class='ocrx_word' id='word_1_696' title='bbox 713 4951 776 4991; x_wconf 80' lang='lat' dir='ltr'><strong>ex</strong></span> <span class='ocrx_word' id='word_1_697' title='bbox 805 4935 904 4990; x_wconf 89' lang='lat' dir='ltr'><strong>eis.</strong></span> <span class='ocrx_word' id='word_1_698' title='bbox 940 4953 959 4986; x_wconf 72' lang='grc' dir='ltr'><strong>ι</strong></span> <span class='ocrx_word' id='word_1_699' title='bbox 993 4935 1228 5007; x_wconf 86' lang='lat' dir='ltr'><strong>lntcllige</strong></span> <span class='ocrx_word' id='word_1_700' title='bbox 1261 4953 1281 4988; x_wconf 76' lang='grc' dir='ltr'><strong>ι</strong></span> <span class='ocrx_word' id='word_1_701' title='bbox 1314 4952 1380 4991; x_wconf 81' lang='lat' dir='ltr'><strong>ex</strong></span> <span class='ocrx_word' id='word_1_702' title='bbox 1406 4936 1503 5002; x_wconf 89' lang='lat' dir='ltr'><strong>eis,</strong></span> <span class='ocrx_word' id='word_1_703' title='bbox 1541 4955 1559 4989; x_wconf 74' lang='grc' dir='ltr'><strong>ι</strong></span> <span class='ocrx_word' id='word_1_704' title='bbox 1596 4937 1779 5006; x_wconf 89' lang='lat' dir='ltr'><strong>procul</strong></span> <span class='ocrx_word' id='word_1_705' title='bbox 1809 4937 1876 4993; x_wconf 91' lang='lat' dir='ltr'><strong>ab</strong></span> <span class='ocrx_word' id='word_1_706' title='bbox 1901 4941 1997 4995; x_wconf 91' lang='lat' dir='ltr'><strong>eis.</strong></span> <span class='ocrx_word' id='word_1_707' title='bbox 2030 4940 2135 4994; x_wconf 75' lang='lat' dir='ltr'><strong>Ex-</strong></span> 
     </span>
    </p>
   </div>
   <div class='ocr_carea' id='block_1_96' title="bbox 567 5027 2131 5102">
    <p class='ocr_par' dir='ltr' id='par_1_96' title="bbox 567 5027 2131 5102">
     <span class='ocr_line' id='line_1_96' title="bbox 567 5027 2131 5102; baseline 0.001 -21"><span class='ocrx_word' id='word_1_708' title='bbox 567 5036 646 5081; x_wconf 86' lang='lat' dir='ltr'><strong>tra</strong></span> <span class='ocrx_word' id='word_1_709' title='bbox 681 5028 820 5095; x_wconf 90' lang='lat' dir='ltr'><strong>illos,</strong></span> <span class='ocrx_word' id='word_1_710' title='bbox 849 5027 1041 5097; x_wconf 88' lang='lat' dir='ltr'><strong>inquit,</strong></span> <span class='ocrx_word' id='word_1_711' title='bbox 1070 5029 1236 5096; x_wconf 89' lang='lat' dir='ltr'><strong>enim,</strong></span> <span class='ocrx_word' id='word_1_712' title='bbox 1265 5038 1320 5083; x_wconf 91' lang='lat' dir='ltr'><strong>et</strong></span> <span class='ocrx_word' id='word_1_713' title='bbox 1351 5043 1509 5098; x_wconf 90' lang='lat' dir='ltr'><strong>quam</strong></span> <span class='ocrx_word' id='word_1_714' title='bbox 1540 5028 1848 5100; x_wconf 82' lang='lat' dir='ltr'><strong>longissime</strong></span> <span class='ocrx_word' id='word_1_715' title='bbox 1880 5046 1978 5102; x_wconf 90' lang='lat' dir='ltr'><strong>ego</strong></span> <span class='ocrx_word' id='word_1_716' title='bbox 2010 5034 2131 5097; x_wconf 87' lang='lat' dir='ltr'><strong>sim,</strong></span> 
     </span>
    </p>
   </div>
   <div class='ocr_carea' id='block_1_97' title="bbox 564 5120 2134 5190">
    <p class='ocr_par' dir='ltr' id='par_1_97' title="bbox 564 5120 2134 5190">
     <span class='ocr_line' id='line_1_97' title="bbox 564 5120 2134 5190; baseline 0.005 -18"><span class='ocrx_word' id='word_1_717' title='bbox 564 5129 619 5173; x_wconf 80' lang='lat' dir='ltr'><strong>et</strong></span> <span class='ocrx_word' id='word_1_718' title='bbox 665 5135 826 5174; x_wconf 86' lang='lat' dir='ltr'><strong>omne</strong></span> <span class='ocrx_word' id='word_1_719' title='bbox 879 5133 1046 5190; x_wconf 87' lang='lat' dir='ltr'><strong>genus</strong></span> <span class='ocrx_word' id='word_1_720' title='bbox 1096 5134 1294 5174; x_wconf 89' lang='lat' dir='ltr'><strong>meum.</strong></span> <span class='ocrx_word' id='word_1_721' title='bbox 1337 5120 1607 5175; x_wconf 81' lang='lat' dir='ltr'><strong>Interdum</strong></span> <span class='ocrx_word' id='word_1_722' title='bbox 1657 5122 1799 5177; x_wconf 91' lang='lat' dir='ltr'><strong>enim</strong></span> <span class='ocrx_word' id='word_1_723' title='bbox 1846 5123 1968 5178; x_wconf 91' lang='lat' dir='ltr'><strong>huic</strong></span> <span class='ocrx_word' id='word_1_724' title='bbox 2017 5127 2134 5181; x_wconf 75' lang='lat' dir='ltr'><strong>voci</strong></span> 
     </span>
    </p>
   </div>
   <div class='ocr_carea' id='block_1_98' title="bbox 571 5212 2133 5282">
    <p class='ocr_par' dir='ltr' id='par_1_98' title="bbox 571 5212 2133 5282">
     <span class='ocr_line' id='line_1_98' title="bbox 571 5212 2133 5282; baseline 0.006 -21"><span class='ocrx_word' id='word_1_725' title='bbox 571 5229 589 5261; x_wconf 76' lang='grc' dir='ltr'><strong>ι</strong></span> <span class='ocrx_word' id='word_1_726' title='bbox 637 5226 786 5278; x_wconf 85' lang='lat' dir='ltr'><strong>caro,</strong></span> <span class='ocrx_word' id='word_1_727' title='bbox 842 5230 859 5261; x_wconf 73' lang='grc' dir='ltr'><strong>ι</strong></span> <span class='ocrx_word' id='word_1_728' title='bbox 909 5212 1120 5282; x_wconf 81' lang='lat' dir='ltr'><strong>generis</strong></span> <span class='ocrx_word' id='word_1_729' title='bbox 1162 5226 1376 5282; x_wconf 92' lang='lat' dir='ltr'><strong>quoque</strong></span> <span class='ocrx_word' id='word_1_730' title='bbox 1419 5213 1659 5282; x_wconf 85' lang='lat' dir='ltr'><strong>subjecta</strong></span> <span class='ocrx_word' id='word_1_731' title='bbox 1705 5226 1788 5268; x_wconf 90' lang='lat' dir='ltr'><strong>est</strong></span> <span class='ocrx_word' id='word_1_732' title='bbox 1831 5217 2000 5273; x_wconf 89' lang='lat' dir='ltr'><strong>notio.</strong></span> <span class='ocrx_word' id='word_1_733' title='bbox 2043 5218 2133 5271; x_wconf 79' lang='lat' dir='ltr'><strong>Sic</strong></span> 
     </span>
    </p>
   </div>
   <div class='ocr_carea' id='block_1_99' title="bbox 565 5303 2132 5372">
    <p class='ocr_par' dir='ltr' id='par_1_99' title="bbox 565 5303 2132 5372">
     <span class='ocr_line' id='line_1_99' title="bbox 565 5303 2132 5372; baseline 0.001 -16"><span class='ocrx_word' id='word_1_734' title='bbox 565 5305 708 5358; x_wconf 82' lang='lat' dir='ltr'><strong>enim</strong></span> <span class='ocrx_word' id='word_1_735' title='bbox 734 5315 788 5359; x_wconf 91' lang='lat' dir='ltr'><strong>et</strong></span> <span class='ocrx_word' id='word_1_736' title='bbox 813 5305 940 5360; x_wconf 89' lang='lat' dir='ltr'><strong>illud</strong></span> <span class='ocrx_word' id='word_1_737' title='bbox 965 5304 1138 5370; x_wconf 88' lang='lat' dir='ltr'><strong>Pauli,</strong></span> <span class='ocrx_word' id='word_1_738' title='bbox 1165 5315 1222 5358; x_wconf 94' lang='lat' dir='ltr'><strong>ut</strong></span> <span class='ocrx_word' id='word_1_739' title='bbox 1251 5313 1392 5358; x_wconf 88' lang='lat' dir='ltr'><strong>recte</strong></span> <span class='ocrx_word' id='word_1_740' title='bbox 1417 5303 1616 5357; x_wconf 82' lang='lat' dir='ltr'><strong>dietum</strong></span> <span class='ocrx_word' id='word_1_741' title='bbox 1641 5305 1984 5372; x_wconf 80' lang='lat' dir='ltr'><strong>accipiemus,</strong></span> <span class='ocrx_word' id='word_1_742' title='bbox 2011 5321 2132 5360; x_wconf 84' lang='lat' dir='ltr'><strong>cum</strong></span> 
     </span>
    </p>
   </div>
   <div class='ocr_carea' id='block_1_100' title="bbox 565 5394 2135 5466">
    <p class='ocr_par' dir='ltr' id='par_1_100' title="bbox 565 5394 2135 5466">
     <span class='ocr_line' id='line_1_100' title="bbox 565 5394 2135 5466; baseline 0.003 -22"><span class='ocrx_word' id='word_1_743' title='bbox 565 5394 753 5450; x_wconf 72' lang='lat' dir='ltr'><strong>scribit</strong></span> <span class='ocrx_word' id='word_1_744' title='bbox 789 5413 802 5449; x_wconf 90' lang='lat'>:</span> <span class='ocrx_word' id='word_1_745' title='bbox 848 5415 864 5447; x_wconf 84' lang='lat' dir='ltr'><strong>t</strong></span> <span class='ocrx_word' id='word_1_746' title='bbox 909 5397 1154 5464; x_wconf 83' lang='lat' dir='ltr'><strong>Quandiu</strong></span> <span class='ocrx_word' id='word_1_747' title='bbox 1195 5409 1294 5466; x_wconf 87' lang='lat' dir='ltr'><strong>ego</strong></span> <span class='ocrx_word' id='word_1_748' title='bbox 1329 5395 1540 5465; x_wconf 81' lang='lat' dir='ltr'><strong>quidem</strong></span> <span class='ocrx_word' id='word_1_749' title='bbox 1579 5410 1695 5449; x_wconf 91' lang='lat' dir='ltr'><strong>sum</strong></span> <span class='ocrx_word' id='word_1_750' title='bbox 1732 5396 1971 5465; x_wconf 88' lang='lat' dir='ltr'><strong>gentium</strong></span> <span class='ocrx_word' id='word_1_751' title='bbox 2007 5410 2135 5466; x_wconf 86' lang='lat' dir='ltr'><strong>apo-</strong></span> 
     </span>
    </p>
   </div>
   <div class='ocr_carea' id='block_1_101' title="bbox 2245 4569 3841 4644">
    <p class='ocr_par' dir='ltr' id='par_1_101' title="bbox 2245 4569 3841 4644">
     <span class='ocr_line' id='line_1_101' title="bbox 2245 4569 3841 4644; baseline 0.003 -23"><span class='ocrx_word' id='word_1_752' title='bbox 2245 4569 2492 4640; x_wconf 73' lang='grc' dir='ltr'>περὶτοῦ</span> <span class='ocrx_word' id='word_1_753' title='bbox 2543 4571 2798 4643; x_wconf 74' lang='grc' dir='ltr'>Ἐφραῒμ,</span> <span class='ocrx_word' id='word_1_754' title='bbox 2833 4575 2949 4644; x_wconf 79' lang='grc' dir='ltr'>ἦτοι</span> <span class='ocrx_word' id='word_1_755' title='bbox 2987 4575 3185 4637; x_wconf 85' lang='grc' dir='ltr'>παντὸς</span> <span class='ocrx_word' id='word_1_756' title='bbox 3211 4573 3303 4626; x_wconf 85' lang='grc' dir='ltr'><strong>τοῦ</strong></span> <span class='ocrx_word' id='word_1_757' title='bbox 3347 4572 3580 4643; x_wconf 84' lang='grc' dir='ltr'>Ἰσραὴλ,</span> <span class='ocrx_word' id='word_1_758' title='bbox 3612 4573 3689 4635; x_wconf 85' lang='grc' dir='ltr'>ὡς</span> <span class='ocrx_word' id='word_1_759' title='bbox 3728 4576 3841 4627; x_wconf 74' lang='grc' dir='ltr'><strong>καὶ</strong></span> 
     </span>
    </p>
   </div>
   <div class='ocr_carea' id='block_1_102' title="bbox 2241 4660 3840 4736">
    <p class='ocr_par' dir='ltr' id='par_1_102' title="bbox 2241 4660 3840 4736">
     <span class='ocr_line' id='line_1_102' title="bbox 2241 4660 3840 4736; baseline 0.005 -24"><span class='ocrx_word' id='word_1_760' title='bbox 2241 4660 2515 4732; x_wconf 78' lang='grc' dir='ltr'>όλόρριζος</span> <span class='ocrx_word' id='word_1_761' title='bbox 2545 4663 2842 4728; x_wconf 88' lang='grc' dir='ltr'>ἀπολεῖται,</span> <span class='ocrx_word' id='word_1_762' title='bbox 2873 4666 2964 4718; x_wconf 69' lang='grc' dir='ltr'><strong>καὶ</strong></span> <span class='ocrx_word' id='word_1_763' title='bbox 3006 4667 3264 4736; x_wconf 84' lang='grc' dir='ltr'>θρηνήσει</span> <span class='ocrx_word' id='word_1_764' title='bbox 3295 4665 3395 4734; x_wconf 85' lang='grc' dir='ltr'>τὴν</span> <span class='ocrx_word' id='word_1_765' title='bbox 3423 4665 3700 4729; x_wconf 83' lang='grc' dir='ltr'>ἀπαιδίαν,</span> <span class='ocrx_word' id='word_1_766' title='bbox 3723 4668 3840 4721; x_wconf 77' lang='grc' dir='ltr'><strong>καὶ</strong></span> 
     </span>
    </p>
   </div>
   <div class='ocr_carea' id='block_1_103' title="bbox 2243 4755 3834 4826">
    <p class='ocr_par' dir='ltr' id='par_1_103' title="bbox 2243 4755 3834 4826">
     <span class='ocr_line' id='line_1_103' title="bbox 2243 4755 3834 4826; baseline 0.003 -22"><span class='ocrx_word' id='word_1_767' title='bbox 2243 4756 2465 4823; x_wconf 87' lang='grc' dir='ltr'>πονήσει</span> <span class='ocrx_word' id='word_1_768' title='bbox 2514 4755 2690 4826; x_wconf 81' lang='grc' dir='ltr'>μάτην</span> <span class='ocrx_word' id='word_1_769' title='bbox 2753 4757 2844 4808; x_wconf 76' lang='grc' dir='ltr'><strong>ἐπὶ</strong></span> <span class='ocrx_word' id='word_1_770' title='bbox 2887 4759 3007 4819; x_wconf 88' lang='grc' dir='ltr'>ταῖς</span> <span class='ocrx_word' id='word_1_771' title='bbox 3059 4756 3166 4808; x_wconf 87' lang='grc' dir='ltr'><strong>τῶν</strong></span> <span class='ocrx_word' id='word_1_772' title='bbox 3225 4757 3428 4810; x_wconf 85' lang='grc' dir='ltr'>τέκνων</span> <span class='ocrx_word' id='word_1_773' title='bbox 3460 4757 3834 4826; x_wconf 67' lang='grc' dir='ltr'>ἀνατροφαῖς,</span> 
     </span>
    </p>
   </div>
   <div class='ocr_carea' id='block_1_104' title="bbox 2243 4845 3846 4919">
    <p class='ocr_par' dir='ltr' id='par_1_104' title="bbox 2243 4845 3846 4919">
     <span class='ocr_line' id='line_1_104' title="bbox 2243 4845 3846 4919; baseline 0.002 -23"><span class='ocrx_word' id='word_1_774' title='bbox 2243 4845 2430 4897; x_wconf 75' lang='grc' dir='ltr'>ἑαυτὸν</span> <span class='ocrx_word' id='word_1_775' title='bbox 2455 4847 2483 4898; x_wconf 84' lang='grc' dir='ltr'>ὁ</span> <span class='ocrx_word' id='word_1_776' title='bbox 2518 4849 2800 4918; x_wconf 81' lang='grc' dir='ltr'>προφήτης</span> <span class='ocrx_word' id='word_1_777' title='bbox 2832 4848 3092 4918; x_wconf 81' lang='grc' dir='ltr'>ὑπεξάγει</span> <span class='ocrx_word' id='word_1_778' title='bbox 3125 4848 3226 4918; x_wconf 85' lang='grc' dir='ltr'>τῆς</span> <span class='ocrx_word' id='word_1_779' title='bbox 3255 4848 3430 4919; x_wconf 82' lang='grc' dir='ltr'>δίκης,</span> <span class='ocrx_word' id='word_1_780' title='bbox 3481 4845 3586 4910; x_wconf 76' lang='grc' dir='ltr'>ἔξω</span> <span class='ocrx_word' id='word_1_781' title='bbox 3631 4863 3691 4897; x_wconf 89' lang='grc' dir='ltr'><strong>τε</strong></span> <span class='ocrx_word' id='word_1_782' title='bbox 3727 4865 3846 4914; x_wconf 86' lang='grc' dir='ltr'>γε-</span> 
     </span>
    </p>
   </div>
   <div class='ocr_carea' id='block_1_105' title="bbox 2242 4935 3844 5009">
    <p class='ocr_par' dir='ltr' id='par_1_105' title="bbox 2242 4935 3844 5009">
     <span class='ocr_line' id='line_1_105' title="bbox 2242 4935 3844 5009; baseline 0 -19"><span class='ocrx_word' id='word_1_783' title='bbox 2242 4937 2426 4991; x_wconf 84' lang='grc' dir='ltr'>νέσθαι</span> <span class='ocrx_word' id='word_1_784' title='bbox 2450 4938 2549 5008; x_wconf 83' lang='grc' dir='ltr'>τῆς</span> <span class='ocrx_word' id='word_1_785' title='bbox 2596 4939 2766 5008; x_wconf 82' lang='grc' dir='ltr'>ὀργῆς</span> <span class='ocrx_word' id='word_1_786' title='bbox 2805 4939 3186 5009; x_wconf 83' lang='grc' dir='ltr'>προσεύχεται,</span> <span class='ocrx_word' id='word_1_787' title='bbox 3221 4939 3425 5008; x_wconf 81' lang='grc' dir='ltr'>λέγων’</span> <span class='ocrx_word' id='word_1_788' title='bbox 3469 4957 3486 4988; x_wconf 77' lang='grc' dir='ltr'><strong>ι</strong></span> <span class='ocrx_word' id='word_1_789' title='bbox 3541 4935 3683 5006; x_wconf 84' lang='grc' dir='ltr'>Σάρξ</span> <span class='ocrx_word' id='word_1_790' title='bbox 3717 4955 3844 5006; x_wconf 82' lang='grc' dir='ltr'><strong>μου</strong></span> 
     </span>
    </p>
   </div>
   <div class='ocr_carea' id='block_1_106' title="bbox 2243 5027 3844 5100">
    <p class='ocr_par' dir='ltr' id='par_1_106' title="bbox 2243 5027 3844 5100">
     <span class='ocr_line' id='line_1_106' title="bbox 2243 5027 3844 5100; baseline 0.002 -20"><span class='ocrx_word' id='word_1_791' title='bbox 2243 5028 2301 5094; x_wconf 81' lang='grc' dir='ltr'><strong>ἐξ</strong></span> <span class='ocrx_word' id='word_1_792' title='bbox 2335 5029 2531 5082; x_wconf 80' lang='grc' dir='ltr'>αὐτῶν.</span> <span class='ocrx_word' id='word_1_793' title='bbox 2575 5049 2593 5081; x_wconf 75' lang='grc' dir='ltr'><strong>ι</strong></span> <span class='ocrx_word' id='word_1_794' title='bbox 2628 5027 2700 5081; x_wconf 81' lang='grc' dir='ltr'>Τὸ</span> <span class='ocrx_word' id='word_1_795' title='bbox 2732 5030 2789 5082; x_wconf 83' lang='grc' dir='ltr'>δὲ</span> <span class='ocrx_word' id='word_1_796' title='bbox 2824 5050 2841 5082; x_wconf 80' lang='lat' dir='ltr'><strong>t</strong></span> <span class='ocrx_word' id='word_1_797' title='bbox 2883 5030 2941 5096; x_wconf 79' lang='grc' dir='ltr'>ἐξ</span> <span class='ocrx_word' id='word_1_798' title='bbox 2969 5030 3146 5084; x_wconf 81' lang='grc' dir='ltr'>αὐτῶν</span> <span class='ocrx_word' id='word_1_799' title='bbox 3188 5049 3206 5081; x_wconf 73' lang='grc' dir='ltr'><strong>ι</strong></span> <span class='ocrx_word' id='word_1_800' title='bbox 3246 5032 3516 5100; x_wconf 77' lang='grc' dir='ltr'>συνήσεις,</span> <span class='ocrx_word' id='word_1_801' title='bbox 3560 5029 3681 5081; x_wconf 80' lang='grc' dir='ltr'>ἀντὶ</span> <span class='ocrx_word' id='word_1_802' title='bbox 3725 5031 3844 5083; x_wconf 83' lang='grc' dir='ltr'><strong>τοῦ</strong></span> 
     </span>
    </p>
   </div>
   <div class='ocr_carea' id='block_1_107' title="bbox 2245 5115 3843 5190">
    <p class='ocr_par' dir='ltr' id='par_1_107' title="bbox 2245 5115 3843 5190">
     <span class='ocr_line' id='line_1_107' title="bbox 2245 5115 3843 5190; baseline 0.003 -23"><span class='ocrx_word' id='word_1_803' title='bbox 2245 5115 2464 5187; x_wconf 78' lang='grc' dir='ltr'>μακράν</span> <span class='ocrx_word' id='word_1_804' title='bbox 2493 5117 2588 5169; x_wconf 82' lang='grc' dir='ltr'>ἀπ’</span> <span class='ocrx_word' id='word_1_805' title='bbox 2627 5118 2826 5174; x_wconf 81' lang='grc' dir='ltr'>αὐτῶν.</span> <span class='ocrx_word' id='word_1_806' title='bbox 2864 5118 3008 5182; x_wconf 84' lang='grc' dir='ltr'>’Ἑξω</span> <span class='ocrx_word' id='word_1_807' title='bbox 3036 5118 3143 5190; x_wconf 87' lang='grc' dir='ltr'>γὰρ</span> <span class='ocrx_word' id='word_1_808' title='bbox 3187 5120 3365 5174; x_wconf 82' lang='grc' dir='ltr'>αὐτῶν</span> <span class='ocrx_word' id='word_1_809' title='bbox 3398 5119 3492 5172; x_wconf 75' lang='grc' dir='ltr'><strong>καὶ</strong></span> <span class='ocrx_word' id='word_1_810' title='bbox 3537 5119 3843 5186; x_wconf 83' lang='grc' dir='ltr'>ἀποτάτω,</span> 
     </span>
    </p>
   </div>
   <div class='ocr_carea' id='block_1_108' title="bbox 2242 5210 3850 5282">
    <p class='ocr_par' dir='ltr' id='par_1_108' title="bbox 2242 5210 3850 5282">
     <span class='ocr_line' id='line_1_108' title="bbox 2242 5210 3850 5282; baseline 0.004 -21"><span class='ocrx_word' id='word_1_811' title='bbox 2242 5211 2426 5280; x_wconf 76' lang='grc' dir='ltr'>φησὶν,</span> <span class='ocrx_word' id='word_1_812' title='bbox 2476 5211 2636 5275; x_wconf 78' lang='grc' dir='ltr'>αὑτός</span> <span class='ocrx_word' id='word_1_813' title='bbox 2666 5229 2724 5264; x_wconf 82' lang='grc' dir='ltr'><strong>τε</strong></span> <span class='ocrx_word' id='word_1_814' title='bbox 2771 5214 3028 5282; x_wconf 75' lang='grc' dir='ltr'>γενοίμην</span> <span class='ocrx_word' id='word_1_815' title='bbox 3073 5211 3204 5281; x_wconf 87' lang='grc' dir='ltr'>ἐγὼ,</span> <span class='ocrx_word' id='word_1_816' title='bbox 3255 5214 3345 5265; x_wconf 75' lang='grc' dir='ltr'><strong>καὶ</strong></span> <span class='ocrx_word' id='word_1_817' title='bbox 3389 5213 3447 5268; x_wconf 79' lang='grc' dir='ltr'><strong>τὸ</strong></span> <span class='ocrx_word' id='word_1_818' title='bbox 3496 5211 3626 5282; x_wconf 80' lang='grc' dir='ltr'>ἐμὸν</span> <span class='ocrx_word' id='word_1_819' title='bbox 3671 5210 3850 5267; x_wconf 76' lang='grc' dir='ltr'>ἅπαν</span> 
     </span>
    </p>
   </div>
   <div class='ocr_carea' id='block_1_109' title="bbox 2241 5305 3842 5377">
    <p class='ocr_par' dir='ltr' id='par_1_109' title="bbox 2241 5305 3842 5377">
     <span class='ocr_line' id='line_1_109' title="bbox 2241 5305 3842 5377; baseline 0.002 -20"><span class='ocrx_word' id='word_1_820' title='bbox 2241 5305 2420 5372; x_wconf 72' lang='grc' dir='ltr'>γένοςσ</span> <span class='ocrx_word' id='word_1_821' title='bbox 2457 5306 2616 5375; x_wconf 89' lang='grc' dir='ltr'>Δηλοῖ</span> <span class='ocrx_word' id='word_1_822' title='bbox 2649 5305 2756 5377; x_wconf 83' lang='grc' dir='ltr'><strong>γάρ</strong></span> <span class='ocrx_word' id='word_1_823' title='bbox 2787 5307 2895 5359; x_wconf 80' lang='grc' dir='ltr'>ἔσθ’</span> <span class='ocrx_word' id='word_1_824' title='bbox 2925 5309 3012 5360; x_wconf 85' lang='grc' dir='ltr'>ὅτε</span> <span class='ocrx_word' id='word_1_825' title='bbox 3048 5306 3142 5360; x_wconf 70' lang='grc' dir='ltr'><strong>καὶ</strong></span> <span class='ocrx_word' id='word_1_826' title='bbox 3179 5307 3239 5359; x_wconf 77' lang='grc' dir='ltr'>τὸ</span> <span class='ocrx_word' id='word_1_827' title='bbox 3268 5307 3422 5374; x_wconf 79' lang='grc' dir='ltr'>γένος</span> <span class='ocrx_word' id='word_1_828' title='bbox 3458 5325 3476 5354; x_wconf 72' lang='grc' dir='ltr'><strong>ι</strong></span> <span class='ocrx_word' id='word_1_829' title='bbox 3522 5307 3554 5374; x_wconf 83' lang='grc' dir='ltr'>ἡ</span> <span class='ocrx_word' id='word_1_830' title='bbox 3589 5305 3760 5375; x_wconf 79' lang='grc' dir='ltr'>σάρξ.</span> <span class='ocrx_word' id='word_1_831' title='bbox 3819 5327 3842 5359; x_wconf 73' lang='grc' dir='ltr'><strong>ι</strong></span> 
     </span>
    </p>
   </div>
   <div class='ocr_carea' id='block_1_110' title="bbox 2254 5395 3850 5470">
    <p class='ocr_par' dir='ltr' id='par_1_110' title="bbox 2254 5395 3850 5470">
     <span class='ocr_line' id='line_1_110' title="bbox 2254 5395 3850 5470; baseline 0.003 -23"><span class='ocrx_word' id='word_1_832' title='bbox 2254 5395 2606 5466; x_wconf 83' lang='grc' dir='ltr'>Ἐκδεξόμεθα</span> <span class='ocrx_word' id='word_1_833' title='bbox 2635 5398 2742 5468; x_wconf 73' lang='grc' dir='ltr'>γὰρ</span> <span class='ocrx_word' id='word_1_834' title='bbox 2766 5397 2906 5450; x_wconf 76' lang='grc' dir='ltr'>οὕτω</span> <span class='ocrx_word' id='word_1_835' title='bbox 2929 5399 3020 5452; x_wconf 75' lang='grc' dir='ltr'><strong>καὶ</strong></span> <span class='ocrx_word' id='word_1_836' title='bbox 3040 5399 3125 5452; x_wconf 85' lang='grc' dir='ltr'>διὰ</span> <span class='ocrx_word' id='word_1_837' title='bbox 3152 5401 3247 5468; x_wconf 86' lang='grc' dir='ltr'><strong>τῆς</strong></span> <span class='ocrx_word' id='word_1_838' title='bbox 3273 5397 3364 5451; x_wconf 86' lang='grc' dir='ltr'><strong>τοῦ</strong></span> <span class='ocrx_word' id='word_1_839' title='bbox 3391 5397 3602 5451; x_wconf 83' lang='grc' dir='ltr'>Παύλου</span> <span class='ocrx_word' id='word_1_840' title='bbox 3633 5398 3850 5470; x_wconf 77' lang='grc' dir='ltr'>φωνῆς</span> 
     </span>
    </p>
   </div>
   <div class='ocr_carea' id='block_1_111' title="bbox 635 5570 2349 5644">
    <p class='ocr_par' dir='ltr' id='par_1_111' title="bbox 635 5570 2349 5644">
     <span class='ocr_line' id='line_1_111' title="bbox 635 5570 2349 5644; baseline 0.001 -19"><span class='ocrx_word' id='word_1_841' title='bbox 635 5571 679 5603; x_wconf 83' lang='grc'>⁶⁹</span> <span class='ocrx_word' id='word_1_842' title='bbox 707 5570 876 5625; x_wconf 81' lang='lat' dir='ltr'><strong>Exod.</strong></span> <span class='ocrx_word' id='word_1_843' title='bbox 910 5589 1065 5638; x_wconf 74' lang='lat' dir='ltr'><strong>nui,</strong></span> <span class='ocrx_word' id='word_1_844' title='bbox 1095 5575 1185 5630; x_wconf 76' lang='lat'><strong>26.</strong></span> <span class='ocrx_word' id='word_1_845' title='bbox 1263 5578 1307 5608; x_wconf 89' lang='lat'><strong>&quot;°</strong></span> <span class='ocrx_word' id='word_1_846' title='bbox 1334 5579 1485 5633; x_wconf 89' lang='lat' dir='ltr'><strong>Deut.</strong></span> <span class='ocrx_word' id='word_1_847' title='bbox 1518 5592 1686 5644; x_wconf 68' lang='lat' dir='ltr'><strong>mnu,</strong></span> <span class='ocrx_word' id='word_1_848' title='bbox 1711 5575 1800 5629; x_wconf 79' lang='lat'><strong>50.</strong></span> <span class='ocrx_word' id='word_1_849' title='bbox 1876 5573 1920 5604; x_wconf 87' lang='grc'><strong>⁷¹</strong></span> <span class='ocrx_word' id='word_1_850' title='bbox 1958 5571 2058 5626; x_wconf 87' lang='lat' dir='ltr'><strong>lsa.</strong></span> <span class='ocrx_word' id='word_1_851' title='bbox 2100 5586 2232 5637; x_wconf 61' lang='grc' dir='ltr'>χχιι,</span> <span class='ocrx_word' id='word_1_852' title='bbox 2261 5571 2349 5626; x_wconf 72' lang='lat'><strong>22.</strong></span> 
     </span>
    </p>
   </div>
   <div class='ocr_carea' id='block_1_112' title="bbox 633 5745 1264 5823">
    <p class='ocr_par' dir='ltr' id='par_1_112' title="bbox 633 5745 1264 5823">
     <span class='ocr_line' id='line_1_112' title="bbox 633 5745 1264 5823; baseline -0.076 3"><span class='ocrx_word' id='word_1_853' title='bbox 633 5750 707 5823; x_wconf 58' lang='grc' dir='ltr'><strong>υ)</strong></span> <span class='ocrx_word' id='word_1_854' title='bbox 734 5749 851 5803; x_wconf 79' lang='grc' dir='ltr'><strong>Ἵσ.</strong></span> <span class='ocrx_word' id='word_1_855' title='bbox 879 5745 1264 5815; x_wconf 66' lang='grc' dir='ltr'>διαπερῶντεῦ</span> 
     </span>
    </p>
   </div>
  </div>
