4034 6270
309 257 390 315 233
1182 244 1741 305 COMMENTARIUS
1780 244 1851 301 ιΝ
1890 244 2119 303 OSEAM
2163 245 2608 305 PROPHETAM.

3420 254 3526 312 εδδ

310 367 443 442 ὀρθῶς
462 364 772 439 εἰρημένον.
806 363 1060 435 Γέγραφε
1087 361 1196 432 γὰρ
1224 361 1343 414 ὡδί·
1387 379 1405 412 ι
1452 359 1568 429 Ἐφ’
1591 360 1716 414 ὅσον
1744 358 1839 429 μὲν

1945 358 2138 426 stolus,
2160 360 2523 418 ministerium
2548 374 2729 417 meum
2754 358 3142 428 honoriﬁcabo,
3168 362 3215 420 si
3238 378 3345 435 quo
3366 369 3526 423 modo

311 456 382 519 οῦν
415 456 508 526 ἐγώ
537 458 648 524 εἰμι
696 454 872 510 ἐθνῶν
918 452 1234 516 ἀπόστολος,
1267 451 1368 521 τὴν
1409 450 1687 505 διακονίαν
1738 465 1841 519 μου

313 552 484 617 δοξάζω,
507 550 559 601 εἴ
590 564 704 611 ιτως
755 545 1141 617 παραζηλώσω
1192 561 1292 615 μου
1336 543 1435 613 τὴν
1481 541 1684 612 σάρκα,
1747 540 1845 594 καὶ

315 641 426 694 σώσω
448 636 593 701 τινας
621 637 681 702 ἐξ
709 636 907 689 αὐτῶν.
943 654 962 686 ι
1006 635 1166 696 Ἐθος
1198 633 1253 686 δὲ
1284 634 1393 693 τοῖς
1421 630 1597 698 ἁγίοις
1626 631 1840 701 προφή-

311 747 409 796 ταις,
439 730 565 782 ὅταν
597 727 750 780 ἴδωσι
795 726 1059 788 πολλάκις
1090 724 1240 778 δεινά
1296 723 1391 776 καὶ
1417 722 1729 793 δυσφὸρητα
1776 720 1844 773 τά

306 837 419 873 τινων
443 819 794 889 ἐγκλήματα,
822 816 1009 870 λοιπὸν
1057 816 1124 869 τά
1156 816 1277 869 καθ’
1311 814 1536 876 ἑαυτοὺς
1566 813 1665 882 τῆς
1700 812 1842 865 ἐκεί-

302 926 379 962 νων
399 909 669 980 βδελυρίας
701 907 1036 978 ἀλλοτριοῦν.
1081 907 1191 960 Ka‘t
1220 904 1350 974 γοῦν
1377 906 1405 957 ὀ
1429 904 1715 975 προφήτης
1748 901 1843 956 Ἰε-

299 1001 458 1072 ρεμίας
515 1000 784 1065 πλείστοις
840 1001 986 1063 ὅσοις
1031 997 1354 1070 αἰτιάμασιν
1410 995 1843 1067 ἐμπεπτωκότας

295 1093 397 1156 τοὺς
439 1093 745 1157 Ἰουδαίους,
806 1093 902 1147 καὶ
944 1090 1066 1161 Θεῷ
1108 1088 1623 1163 προσκεκρουκότας
1677 1087 1841 1159 δρῶν,

300 1181 500 1253 «Κύριε,
518 1184 674 1254 φησὶ,
700 1183 1120 1255 παντοκράτωρ,
1138 1182 1238 1236 οὐκ
1268 1181 1493 1235 ἐκάθισα
1510 1182 1568 1235 ἐν
1586 1178 1844 1250 συνεδρίῳ

291 1272 435 1327 αὐτῶν
467 1273 801 1343 παιζόντων,
852 1276 969 1330 ἀλλ’
996 1275 1353 1346 ηὐλαϐούμην
1399 1274 1507 1327 ἀπὸ
1549 1270 1843 1345 προσώπου

289 1366 435 1435 χειρός
462 1383 556 1419 σου
577 1381 591 1396 ⁸
644 1369 957 1452 καταμόνας
1001 1366 1310 1437 ἐκαθήμην,
1340 1365 1422 1419 ὅτι
1457 1364 1686 1436 πικρίας
1749 1362 1843 1416 ἐν-

286 1454 553 1528 επλήσθην.
592 1476 610 1510 ι
645 1460 738 1511 Δεῖ
763 1457 827 1529 δὴ
867 1454 960 1513 οὖν
988 1457 1098 1529 ἀρα
1130 1458 1408 1526 θαυμάσαι
1454 1456 1547 1510 τὸν
1574 1454 1844 1527 μακάριον

288 1544 495 1611 Παῦλον,
527 1549 657 1603 ὅταν
681 1551 815 1619 ἡμῖν
843 1549 1153 1620 ἐπιστέλλῃ
1186 1568 1204 1600 ι
1235 1547 1434 1602 Σαυτὸν
1467 1547 1631 1614 ἁγνὸν
1662 1547 1842 1616 τήρει,

288 1637 367 1689 καὶ
393 1638 463 1709 μὴ
494 1639 741 1693 κοινώνει
768 1641 1059 1712 ἁμαρτίαις
1078 1640 1409 1709 ἀλλοτρίαις.
1450 1656 1471 1690 ι
1505 1637 1664 1692 Εἴποι
1704 1636 1748 1690 δ’
1776 1636 1845 1690 ἂν

1947 451 2013 506 ad
2045 451 2405 507 aemulandum
2438 466 2725 521 provocem
2761 467 2981 508 carnem
3015 469 3224 523 meam,
3258 465 3314 511 et
3347 456 3526 513 salvos

1946 542 2139 596 faciam
2180 542 2391 612 aliquos
2430 558 2494 598 ex
2536 543 2645 599 illis
2668 544 2737 599 ".
2783 563 2804 596 ι
2847 544 2962 600 Mos
3000 561 3160 616 porro
3197 556 3282 605 est
3320 549 3525 604 sanctis

1944 632 2258 701 prOphetis,
2297 634 2342 687 si
2383 648 2525 701 saepe
2566 636 2749 702 gravia
2787 645 2839 689 et
2883 636 3223 693 intoleranda
3266 653 3524 709 quorum-

1944 724 2065 777 dam
2104 724 2307 777 scelera
2341 725 2611 791 viderint,
2649 726 2712 779 de
2750 736 2945 782 caetero
2976 744 3035 784 se
3070 730 3138 785 ab
3173 731 3388 786 illorum
3422 732 3524 785 im-

1946 811 2180 880 puritate
2211 819 2267 865 et
2304 809 2539 880 nequitia
2577 810 2881 882 seiungere.
2919 814 3097 880 Quare
3130 815 3396 873 Jeretuias
3428 814 3523 870 Ju-

1946 904 2088 957 dacos
2119 902 2169 955 in
2201 900 2431 969 plurima
2464 900 2656 955 delicta
2689 902 2996 972 prolapsos,
3029 913 3085 960 et
3116 905 3283 962 Deum
3319 909 3524 964 laesisse

1945 1007 2192 1056 cernens,
2212 1011 2231 1043 ι
2252 992 2477 1047 Domine
2493 992 2854 1061 omnipotens,
2878 1011 2896 1046 ι
2915 995 3010 1061 ait,
3032 1013 3051 1049 ι
3073 1011 3176 1051 non
3195 1000 3306 1054 sedi
3326 1001 3376 1053 in
3395 1016 3525 1056 con-

1944 1085 2068 1140 cilio
2087 1085 2406 1147 ludentium,
2426 1083 2519 1139 sed
2539 1085 2690 1138 timui
2708 1100 2735 1137 a
2756 1082 2893 1140 facie
2913 1101 3102 1141 manus
3125 1095 3256 1154 tuae;
3276 1103 3522 1145 seorsum

1950 1174 2110 1246 139
2134 1174 2406 1239 sedebam,
2434 1172 2556 1241 quia
2586 1171 2949 1229 amaritudine
2975 1173 3208 1243 repletus
3232 1174 3466 1230 eram".
3498 1195 3518 1227 ι

1944 1265 2311 1319 Admirandus
2339 1272 2423 1318 est
2449 1262 2633 1333 itaque
2663 1263 2852 1319 beatus
2880 1262 3096 1330 Paulus,
3126 1267 3342 1336 quando
3367 1265 3525 1321 nobis

1946 1358 2018 1412 ita
2050 1355 2305 1411 mandat:
2340 1373 2359 1406 ι
2392 1353 2468 1409 Te
2498 1355 2672 1424 ipsum
2700 1363 2907 1411 castum
2934 1357 3169 1421 custodi,
3195 1365 3249 1413 et
3279 1372 3346 1414 ne
3370 1372 3522 1414 com-

1947 1450 2189 1503 munices
2226 1447 2461 1516 peccatis
2498 1445 2691 1501 alienis
2714 1447 2782 1501 ⁷⁸.
2825 1466 2845 1499 ι
2882 1447 3073 1504 Omnis
3108 1458 3289 1505 autem
3327 1450 3524 1521 impius

1900 1611 1904 1615 ρ
1947 1542 2012 1597 de
2039 1538 2433 1595 offendentibus
2463 1538 2651 1604 Deum,
2676 1546 2733 1593 et
2758 1552 2881 1593 mox
2913 1538 3199 1607 puniendis
3222 1540 3345 1611 jure
3369 1541 3524 1597 dixe-

1948 1634 2014 1688 rit
2046 1650 2060 1687 :
2098 1651 2116 1684 ι
2150 1630 2290 1687 Caro
2322 1644 2437 1684 mea
2466 1644 2531 1684 ex
2563 1629 2664 1685 eis.
2702 1648 2723 1681 ι

287 1728 493 1792 εἰκότως
544 1731 655 1794 πᾶς
706 1730 904 1803 ἀσεὸὴς
943 1732 1070 1801 περὶ
1121 1731 1231 1785 τῶν
1286 1729 1733 1802 προσκρουόντων
1765 1724 1843 1795 τῷ
1880 1723 2022 1795 Θεῷ,
2058 1724 2150 1775 καὶ
2213 1722 2335 1775 ὅσον
2398 1719 2609 1772 οὐδέπω
2642 1717 3148 1790 κολασθησομένων,
3189 1740 3207 1772 ι
3243 1719 3386 1791 Σάρξ
3420 1735 3522 1792 μου

284 1815 334 1880 ἐξ
358 1817 553 1870 αὐτῶν.
592 1836 611 1869 ι

354 1911 599 1980 Ἐφραῒμ
630 1911 704 1965 ὃν
719 1915 938 1980 τρόπον·
967 1908 1144 1977 εἶδον,
1168 1916 1256 1978 εἰς
1274 1912 1464 1982 θήραν
1493 1912 1839 1980 παρέστησε

2017 1900 2178 1954 Vens.
2211 1899 2296 1952 I3.
2330 1897 2601 1968 Epitraim,
2638 1898 2771 1952 sicut
2811 1897 2938 1962 vidi,
2970 1898 3027 1952 in
3061 1900 3348 1967 captionem
3381 1916 3521 1969 prc-

281 2000 344 2054 τὰ
372 2002 554 2056 τέκνα
584 2005 796 2067 αὐτοῦ,
838 2006 942 2061 τοῦ
972 2006 1280 2075 ἐξαγαγεῖν
1315 2008 1402 2071 εις
1432 2004 1844 2060 ἁποκέντησιν

279 2091 342 2144 τὰ
373 2091 555 2146 τέκνα
594 2096 803 2150 αὐτοῦ.

337 2184 456 2237 PZ'.
499 2186 787 2250 Ταλανίζει
824 2190 917 2241 καὶ
949 2188 1043 2243 νῦν
1070 2190 1098 2243 ό
1128 2190 1412 2261 προφήτης
1449 2190 1543 2243 τὸν
1582 2188 1840 2259 Ἐφραὶμ,

273 2269 378 2340 ἤτοι
400 2272 493 2326 τὸν
541 2275 776 2346 Ἰσραὴλ,
802 2279 962 2332 αὐτόν
983 2296 1042 2333 τε
1072 2281 1324 2349 γενέσθαι
1351 2280 1635 2353 παραίτιον
1664 2279 1843 2349 ἐαυτῷ

273 2378 393 2432 φησι
414 2364 510 2417 καὶ
530 2365 631 2435 τῆς
652 2369 927 2436 ἀπαιδίας,
953 2371 1046 2424 καὶ
1073 2372 1174 2442 τῆς
1198 2371 1501 2441 ἀνηκέστου
1526 2371 1834 2441 concepi:-

279 2452 359 2516 Ὦς
389 2455 500 2527 γὰρ
518 2457 780 2528 τεθέαμαι
812 2461 905 2514 καὶ
925 2464 989 2516 ἐκ
1016 2462 1126 2517 τῶν
1157 2463 1266 2518 σῶν
1289 2464 1485 2532 λόγων,
1502 2453 1548 2517 ὧ
1569 2463 1839 2525 Δέσποτα,

267 2545 417 2614 φησὶ,
450 2546 546 2598 καὶ
582 2547 692 2602 ἀπό
732 2567 797 2618 γε
838 2552 947 2607 τῶν
995 2555 1339 2624 πραγμάτοιν
1371 2554 1571 2622 αὐτῶν,
1604 2555 1770 2619 αὐτὸς
1814 2556 1845 2608 ό

274 2634 511 2706 Ἔφραῒμ
540 2638 621 2702 εἰς
654 2639 845 2711 θήραν,
877 2644 972 2696 καὶ
1001 2644 1362 2714 ἀποκέντησιν
1382 2644 1453 2697 τά
1480 2645 1674 2698 ἐαυτοῦ
1705 2663 1844 2717 παρα

262 2724 455 2796 ἔστησε
482 2730 664 2784 τέκνα,
700 2733 816 2786 Καὶ
859 2735 962 2785 οὐκ
998 2732 1066 2787 ἂν
1106 2735 1326 2804 ἐτέρους
1373 2735 1591 2805 αἰτιῷτο
1636 2736 1839 2803 λοιπὸν,

259 2817 366 2871 οὐδ’
390 2818 457 2873 ἂν
485 2820 584 2891 τῆς
614 2820 767 2885 θείας
799 2822 1191 2895 καταϐοήσειεν
1220 2825 1408 2897 ὀργῆς,
1457 2828 1506 2880 εί
1550 2826 1618 2880 τά
1658 2828 1842 2881 εἰκότα

259 2912 474 2979 φρονεῖν
496 2910 692 2966 ἕλοιτο.
724 2913 1039 2968 Αίτιάσεται
1064 2915 1121 2969 δὲ
1145 2918 1347 2987 μᾶλλον
1370 2917 1469 2989 τὴν
1495 2919 1690 2973 ἐαυτοῦ
1719 2920 1843 2974 δυσ-

257 2999 479 3055 δουλίαν
526 3003 621 3057 καὶ
654 3004 976 3061 ἀπόστασιν.
1024 3008 1241 3080 Ἐπειδὴ
1290 3011 1399 3082 γὰρ
1431 3010 1738 3084 λελύπηκεν
1776 3014 1838 3067 οὐ

258 3092 502 3162 μετρίως
534 3093 626 3147 τὸν
660 3096 1013 3167 ἐπαμύνοντά
1058 3117 1119 3153 τε
1151 3102 1243 3154 καὶ
1277 3102 1519 3167 σώζοντα
1563 3105 1715 3171 Θεὸν,
1744 3122 1841 3176 μο-

255 3184 477 3255 νονουχὶ
519 3187 614 3240 καὶ
661 3186 765 3259 ἰδίᾳ
798 3191 943 3261 χειρὶ
994 3194 1377 3263 παραδέδωκεν
1428 3197 1571 3251 ἐκὼν
1620 3200 1687 3269 τῇ
1732 3197 1840 3252 τῶν

248 3272 433 3328 ἐθνῶν
471 3276 757 3347 ἀγριότητι
792 3280 856 3333 τὸ
890 3280 1022 3335 ἴδιον
1064 3284 1309 3355 σπέρμα,
1356 3287 1452 3341 καὶ
1500 3288 1841 3361 παρέστησεν

241 3365 680 3440 είςάπαγωγὴν
736 3371 828 3424 καὶ
856 3373 1257 3444 αἰχμαλωσίαν.
1286 3377 1456 3431 Τοῦτο
1479 3379 1589 3450 γάρ
1621 3381 1737 3433 ἐστι
1776 3379 1838 3433 τὸ

245 3470 289 3506 ι
322 3456 401 3518 είς
436 3454 635 3527 θήραν,
671 3476 691 3511 ›
728 3460 820 3513 καὶ
864 3461 970 3533 μὴν
1018 3464 1112 3517 καὶ
1146 3483 1166 3517 s
1211 3467 1291 3530 είς
1319 3466 1708 3540 ἀποκεντησιν,
1753 3489 1774 3523 ι
1811 3471 1840 3523 ὅ

240 3547 374 3599 ἐστι
400 3549 642 3619 σφαγήν.
674 3549 812 3614 Τοὺς
835 3552 934 3622 μὲν
949 3554 1056 3626 γὰρ
1083 3555 1291 3612 ἀνεῖλον
1312 3559 1361 3611 oi
1382 3558 1712 3614 Βαόυλώνιοι
1731 3561 1839 3617 τῶν

262 3635 490 3707 Ἰσραήλ
510 3653 523 3666 ·
559 3638 685 3702 τοὺς
712 3639 770 3693 δὲ
802 3640 1149 3714 ἀπεκόμισαν
1178 3646 1260 3709 είς
1286 3647 1385 3717 τὴν
1411 3648 1643 3704 ἑαυτῶν.

330 3728 499 3782 Ὅταν
527 3729 705 3785 τοίνυν
733 3731 1142 3807 πλημμελῶμεν
1167 3739 1350 3809 ἡμεῖς,
1380 3740 1607 3805 ἑαυτοὺς
1637 3742 1838 3814 μᾶλλον

250 3820 616 3893 αίτιασόμεθα
645 3824 969 3895 φρονοῦντες
999 3829 1197 3899 ὀρθῶς,
1242 3833 1337 3887 καὶ
1376 3834 1498 3905 οὐχὶ
1537 3835 1637 3906 τὴν
1686 3835 1838 3889 θείαν

250 3911 445 3983 ὀργήν.
492 3913 1081 3989 Καταπεφρονήκαμεν
1123 3926 1230 3993 γὰρ
1265 3924 1360 3978 τοῦ
1392 3926 1717 3998 πρέποντος,
1742 3927 1838 3980 καὶ

255 4004 492 4075 ρᾴθυμοι
515 4009 863 4080 γεγενήμεθα
888 4012 1015 4083 περὶ
1039 4013 1099 4067 τὸ
1126 4015 1349 4070 ἀνδάνον
1376 4017 1454 4088 τῷ
1493 4016 1631 4088 Θεῷ.
1663 4018 1839 4075 Κολά-

252 4094 443 4157 ζεσθαι
486 4095 545 4148 δὲ
593 4098 807 4171 ἀνάγκη
858 4100 948 4154 τὸν
983 4098 1267 4177 ὑϐριστὴν,
1321 4106 1416 4159 καὶ
1462 4106 1693 4177 ἐξήνιον,
1744 4109 1838 4162 καὶ

252 4187 538 4256 μονονουχὶ
552 4187 780 4257 λέγοντα
809 4189 887 4262 τῷ
914 4191 1130 4247 πάντων
1152 4196 1452 4267 Δεσπότῃοι
1487 4196 1725 4252 Ἀπόστα
1742 4197 1835 4252 ἀπ’

140 4318 142 4323 ,
253 4274 411 4344 ἐμοῦ,
437 4268 718 4342 ὁδούςσου
752 4280 952 4337 ειδέναι
980 4283 1041 4337 οὐ
1077 4283 1360 4355 βούλομαι.
1403 4304 1422 4338 ι

319 4366 434 4433 Δὸς
466 4369 675 4436 αὐτοῖς
708 4372 907 4441 Κύριε.
962 4376 1023 4429 Τί
1055 4373 1270 4443 δώσεις
1297 4379 1538 4444 αὑτοῖς;
1586 4379 1692 4447 6“;-
1732 4384 1838 4438 αὐ-

251 4454 371 4520 τοῖς
416 4455 656 4525 μήτραν
713 4460 1097 4519 ἀτεκνοῦσαν
1141 4466 1241 4519 καὶ
1272 4469 1547 4537 μαστοὺς
1591 4470 1836 4538 ξηρούς.

320 4546 451 4598 PH'.
492 4547 557 4599 Εἰ
590 4547 654 4617 δὴ
692 4549 955 4618 μέλλοιεν,
1004 4554 1189 4624 φησὶν,
1238 4557 1338 4609 οὐκ
1380 4557 1574 4612 εἰδέναι
1623 4560 1756 4614 Θεὸν
1786 4563 1836 4615 οἱ

263 4634 513 4710 Ἰσραὴλ,
568 4639 944 4712 ἀποφέρεσθαι
992 4643 1051 4696 δὲ
1109 4644 1308 4715 μᾶλλον
1369 4647 1504 4718 πρὸς
1581 4651 1833 4722 ἀνωφελῆ

250 4726 345 4778 καὶ
385 4726 619 4796 ἀνόητον
648 4728 862 4796 ἐλπίδα,
894 4730 1102 4786 οἴεσθαί
1138 4751 1198 4786 τε
1236 4735 1317 4788 ὅτι
1355 4738 1693 4807 περιέσονται
1723 4741 1834 4795 τῶν

246 4814 483 4888 ἐχθρῶν,
506 4818 597 4871 διὰ
625 4820 828 4891 πλῆθος
857 4822 1083 4889 τέκνων,
1104 4826 1199 4879 καὶ
1224 4828 1307 4880 ὅτι
1334 4828 1468 4897 πολὺ
1501 4832 1630 4901 παρ’
1651 4833 1835 4896 αὐτοῖς

244 4908 303 4961 τὸ
322 4911 565 4981 μάχιμον
599 4911 770 4980 γένος,
801 4913 1004 4984 ταύτης
1030 4934 1088 4969 τε
1116 4916 1277 4971 ἕνεκα
1294 4918 1392 4987 τῆς
1419 4919 1598 4984 αἰτίας
1623 4923 1721 4976 οὐκ
1741 4924 1832 4976 ἀν-

243 5002 475 5067 αγκαῖον
508 5000 571 5053 τὸ
591 5002 744 5072 παρὰ
766 5005 866 5075 τῆς
908 5007 1001 5077 σῆς
1019 5008 1428 5079 ἐπικουρεῖσθαι
1454 5012 1657 5084 χειρὸς,
1696 5014 1834 5084 μηδὲ

248 5092 585 5145 τικτέτωσαν
603 5091 742 5156 ὅλως
761 5095 814 5146 αἱ
835 5097 959 5167 παρ’
973 5098 1154 5162 αὐτοῖς
1175 5102 1451 5167 γυναῖκες.
1488 5101 1659 5154 Τοῦτο
1674 5103 1781 5173 γὰρ
1799 5105 1831 5174 ή

242 5181 548 5239 ἀτεκνοῦσα
572 5185 906 5258 μήτρα.Κᾶν
931 5191 978 5241 εί
999 5190 1206 5244 τέκοιεν
1235 5192 1312 5252 δὲ,
1352 5194 1427 5264 μὴ
1462 5193 1832 5264 ἀνατρεφέτω-

244 5276 649 5342 σαν,τουτέστι,
692 5277 1124 5336 δαπανάσθωσαν
1153 5283 1261 5353 πρὸ
1283 5283 1447 5356 ὥρας,
1478 5285 1576 5337 καὶ
1606 5287 1734 5355 πρὶν
1751 5289 1832 5351 εἰς

241 5365 382 5438 ἥϐην
404 5367 583 5422 ἐλθεῖν
620 5371 871 5424 πιπτέτω
906 5371 968 5425 τὸ
1017 5374 1192 5441 γένος.
1217 5376 1696 5447 Περιτεμνομένης
1725 5380 1833 5452 γὰρ

243 5457 387 5512 οὕτω
399 5460 495 5533 τῆς
510 5461 738 5534 ἐνούσης
751 5464 931 5527 αὐτοῖς
943 5464 1190 5520 ἐντεῦθεν
1207 5467 1527 5538 ὑπεροψέας,
1542 5471 1634 5522 καὶ
1651 5470 1835 5525 λοιπὸν

1942 1992 2054 2046 buit
2080 1990 2219 2057 ﬁlios
2245 2005 2395 2052 suos,
2419 1998 2474 2043 ut
2499 1990 2737 2045 educeret
2760 1990 2827 2043 ad
2851 1990 3181 2058 punctionem
3211 1988 3350 2059 ﬁlios
3376 2007 3519 2048 suos.

2015 2160 2169 2218 CVII.
2202 2159 2371 2217 Dcﬂet
2397 2161 2558 2217 etiam
2592 2176 2733 2217 nunc
2760 2160 3038 2231 prraim,
3066 2162 3182 2219 sive
3209 2162 3374 2220 Israel
3401 2179 3525 2235 pro-

1944 2256 2128 2325 pheta,
2152 2262 2205 2309 et
2233 2253 2406 2323 ipsum
2430 2253 2529 2310 sibi
2553 2267 2771 2309 causam
2799 2252 3046 2309 attulisse
3066 2254 3327 2324 praedicat
3348 2264 3404 2311 et
3426 2271 3522 2312 or-

1944 2345 2128 2401 bitatis
2162 2344 2418 2411 ﬁliorum,
2447 2352 2503 2401 et
2534 2342 2860 2400 calamitatis
2893 2342 3242 2414 gravissimae.
3279 2342 3348 2401 Ut
3377 2346 3521 2401 enim

1942 2437 2051 2493 vidi
2078 2452 2144 2493 ex
2171 2436 2514 2492 sermonibus
2543 2436 2667 2501 tuis,
2694 2434 2941 2501 Domine,
2966 2434 3160 2505 inquit,
3185 2443 3239 2491 et
3264 2450 3331 2491 ex
3361 2436 3522 2494 rebus

1944 2529 2094 2600 ipsis,
2123 2529 2239 2597 ipse
2266 2527 2541 2597 prraim,
2567 2534 2623 2583 et
2653 2514 2949 2597 capiendos
2998 2535 3054 2583 et
3082 2527 3431 2583 trucidandos
3460 2528 3524 2583 ll-

1944 2618 2043 2673 Iios
2076 2631 2202 2673 suos
2236 2616 2485 2688 praebuit,
2520 2629 2622 2672 nec
2654 2615 2790 2672 alios
2821 2614 3081 2686 deinceps
3113 2615 3392 2671 criminari
3425 2630 3523 2687 po-

1945 2709 2087 2776 tenit,
2119 2723 2217 2764 nec
2252 2708 2447 2764 divina
2481 2708 2575 2763 ira:
2610 2707 3023 2776 reclamaverit;
3057 2710 3153 2765 sed
3188 2707 3234 2763 si
3267 2723 3335 2765 ex
3366 2724 3524 2781 aqua

1942 2809 1997 2857 et
2032 2801 2180 2870 justo
2218 2815 2332 2857 rem
2371 2799 2639 2855 mstimare
2675 2797 2930 2865 voluerit,
2966 2813 3122 2856 suam
3164 2800 3346 2869 potius
3388 2800 3523 2856 insi—

1942 2893 2200 2961 pientiam
2238 2901 2294 2947 et
2332 2892 2660 2963 apostasiam
2699 2890 2999 2947 accusabit.
3038 2891 3329 2962 Postquam
3372 2891 3520 2947 enim

1941 2985 2292 3054 opitulantem
2339 2994 2394 3040 et
2438 2991 2748 3040 servantem
2798 2981 2967 3039 Deum
3016 2997 3125 3042 non
3175 2981 3524 3039 mediocriter

1941 3076 2191 3141 odeudit,
2229 3085 2433 3131 tantum
2470 3090 2575 3131 non
2612 3075 2775 3132 etiam
2812 3088 2976 3130 manu
3012 3088 3109 3131 sua
3144 3088 3328 3130 semen
3362 3088 3522 3130 suum

1944 3166 2161 3220 saevitia:
2192 3166 2430 3235 gentium
2458 3164 2643 3220 volens
2671 3163 3032 3230 contradidit,
3062 3173 3119 3219 et
3147 3164 3201 3219 in
3233 3164 3518 3233 captivus-

1866 3261 1913 3325 c
1946 3266 2052 3312 tem
2084 3257 2453 3311 abducendum
2482 3256 2743 3312 exhibuit.
2771 3254 2884 3312 Hoc
2911 3255 3058 3311 enim
3085 3255 3218 3322 vult,
3253 3273 3274 3308 ι
3308 3255 3362 3309 iu
3423 3268 3523 3311 ca-

1945 3349 2208 3418 ptionem,
2248 3367 2268 3400 »
2303 3348 2435 3418 quin
2465 3358 2519 3404 et
2556 3366 2575 3400 ι
2614 3349 2680 3403 ad
2709 3347 3113 3419 punctionem,»
3149 3346 3201 3402 id
3231 3348 3406 3413 cst,ad
3428 3346 3520 3415 ju-

1940 3441 2284 3511 gulationem.
2332 3442 2480 3497 Alios
2526 3441 2725 3513 quippe
2774 3441 2842 3498 de
2891 3439 3154 3497 lsraelitis
3201 3440 3520 3496 occiderunt

1939 3531 2241 3603 Babylonii,
2273 3531 2409 3587 alios
2436 3547 2618 3587 secum
2651 3531 3051 3587 abstraxerunt.

2011 3714 2145 3769 Cum
2178 3713 2343 3783 igitur
2369 3710 2795 3783 peccaverimus,
2821 3710 2866 3767 si
2895 3724 3000 3766 non
3033 3710 3354 3780 desipimus,
3387 3725 3517 3768 nos-

1942 3807 2200 3876 metipsos
2239 3805 2438 3873 potius,
2476 3819 2580 3858 non
2623 3803 2756 3858 iram
2803 3802 2896 3858 Dei
2939 3802 3339 3860 damnabimus.
3370 3802 3517 3859 Con-

1942 3899 2257 3968 tetnpsimus
2298 3899 2441 3952 enim
2484 3895 2740 3963 olllcium,
2776 3905 2830 3953 et
2870 3895 2925 3951 in
2973 3894 3066 3950 Dei
3108 3896 3384 3954 voluntate
3420 3913 3515 3953 ex-

1939 3990 2208 4061 sequenda
2266 4004 2457 4062 segnes
2515 3988 2735 4044 fuimus.
2788 3987 3140 4056 Contemptor
3192 3998 3408 4053 autem,
3462 3998 3518 4045 et

1940 4094 2254 4147 contumax,
2282 4091 2335 4136 et
2365 4078 2753 4150 propemodum
2784 4079 2896 4134 Deo
2926 4078 3112 4133 dicens
3142 4096 3157 4133 :
3192 4096 3210 4129 ι
3244 4079 3455 4136 Recede
3485 4096 3516 4134 a

1942 4188 2047 4238 me,
2075 4173 2189 4227 vias
2219 4183 2338 4227 tuas
2368 4171 2506 4226 scire
2535 4170 2655 4226 nolo
2676 4167 2749 4236 ",
2783 4187 2802 4221 ι
2841 4167 3143 4239 puniendus
3172 4179 3277 4225 est.

2017 4385 2177 4440 Vens.
2208 4384 2297 4438 14.
2330 4383 2412 4437 Da
2443 4385 2541 4450 εἰς,
2575 4382 2814 4438 Domine.
2847 4381 2987 4448 Quid
3020 4382 3167 4437 dabis
3199 4382 3312 4437 eis?
3339 4386 3409 4437 da
3439 4384 3516 4438 eis

1937 4478 2145 4531 vulvam
2174 4474 2287 4530 sine
2310 4474 2438 4544 ﬁliis
2467 4484 2513 4528 et
2547 4476 2706 4528 ubera
2737 4474 2961 4528 arentia.

2011 4566 2192 4624 CVIII.
2221 4565 2277 4622 Si
2305 4581 2408 4621 non
2431 4567 2607 4621 scient
2632 4565 2913 4619 Dominum
2940 4562 3214 4629 lsraelitae,
3240 4563 3512 4632 abripien-

1944 4667 2138 4728 turque
2164 4658 2336 4726 magis
2360 4671 2458 4726 spe
2485 4656 2660 4711 inutili
2684 4664 2738 4712 et
2763 4655 3070 4725 insipienti,
3095 4656 3516 4709 existimabunt-

1944 4766 2046 4819 que
2071 4765 2132 4806 se
2155 4749 2396 4804 hostibus
2421 4758 2639 4818 propter
2664 4748 3061 4803 multitudinem
3094 4747 3322 4800 ﬁliorum
3350 4761 3515 4816 supe-

1941 4844 2116 4898 riores
2138 4842 2277 4903 fore,
2301 4850 2355 4895 et
2383 4856 2442 4896 se
2471 4841 2796 4896 militaribus
2821 4839 2951 4894 viris
2976 4838 3269 4902 abundare,
3296 4846 3349 4891 et
3377 4838 3515 4893 hanc

1942 4932 2011 4988 ob
2048 4948 2264 4986 causam
2305 4948 2497 4986 manus
2534 4940 2637 4985 tum
2673 4930 2888 4984 auxiliis
2924 4944 3029 4983 non
3064 4941 3258 4996 egere,
3293 4929 3516 4983 omnino

1943 5039 2009 5078 ne
2044 5023 2257 5092 pariant
2292 5021 2544 5077 mulieres
2578 5021 2813 5084 illorum,
2846 5021 2951 5075 hoc
2983 5018 3126 5072 enim
3160 5026 3262 5078 est,
3299 5038 3318 5069 s
3358 5020 3512 5073 vulva

1941 5114 2059 5169 sine
2087 5114 2290 5167 liberis.
2322 5131 2339 5162 ι
2370 5112 2521 5179 Quod
2553 5113 2598 5165 si
2631 5111 2959 5180 pepererint,
2987 5124 3052 5162 ne
3081 5108 3245 5172 alant,
3278 5109 3378 5163 hoc
3408 5123 3511 5172 est,

1938 5207 2292 5257 ahsumantur
2324 5213 2449 5257 ante
2488 5211 2719 5269 tempus,
2759 5209 2813 5253 et
2852 5200 3162 5268 priusquam
3208 5213 3377 5254 annos
3414 5217 3513 5265 pu-

1936 5294 2162 5349 bertatis
2190 5293 2450 5362 attingat,
2480 5292 2689 5347 occidat
2718 5305 2906 5360 genus.
2940 5289 3031 5343 Sic
3060 5290 3204 5344 enim
3238 5302 3512 5361 amputata

1938 5398 2043 5452 qua
2073 5384 2198 5437 hinc
2225 5391 2533 5437 tumescunt
2556 5379 2836 5449 superbia,
2865 5377 3024 5449 ιω
3048 5389 3101 5433 et
3126 5380 3336 5435 sublata
3359 5382 3513 5436 dein.

1939 5489 2067 5544 ceps
2094 5489 2187 5544 spe
2215 5475 2266 5528 in
2295 5472 2450 5542 copia
2481 5471 2617 5527 bello
2645 5470 2957 5526 idoneorum
2984 5472 3243 5542 reposita,
3271 5477 3336 5530 ad
3364 5483 3511 5528 tuam

262 5628 275 5635 ”
327 5633 374 5665 ⁷²
409 5636 562 5693 Rom.
595 5658 672 5702 xr,
704 5644 790 5707 15,
822 5644 909 5701 Η.
987 5647 1034 5679 ⁷³
1068 5648 1178 5702 Jer.
1215 5666 1303 5717 xv,
1337 5655 1420 5706 Π.
1499 5653 1585 5707 "’I
1613 5652 1815 5721 Tim.“

1940 5704 1941 5709 η
2020 5659 2186 5717 "Job
2225 5675 2338 5727 rm,
2370 5658 2453 5710 tl.

567 5734 837 5798 PA'nmL.
890 5739 1004 5800 Gn.
1060 5743 1274 5805 LXXI.

3086 5763 3120 5817 8
