4034 6270
300 369 399 426 9.37

1208 349 1753 407 COMMENTARlUS
1789 349 1855 404 IN
1895 349 2128 406 OSEAM
2167 344 2609 405 PROPHETAM.

3430 334 3535 391 233

310 483 356 534 οἱ
402 475 586 547 πικρὰν
632 469 727 526 καὶ
776 467 1134 538 παλίμφημον
1168 463 1256 518 ἔπ’
1286 465 1436 536 αὐτῷ
1467 465 1565 536 τὴν
1611 465 1858 534 γλῶτταν

1983 466 2079 520 ιυεί
2106 473 2254 528 sunt,
2279 463 2370 533 qui
2412 474 2654 516 amaram
2684 464 2741 512 et
2778 451 3164 512 detractoriam
3208 452 3447 521 linguam
3484 453 3538 507 ia

319 572 530 631 ἀνέντες,
567 561 892 633 ὑπομενοῦσι
939 559 996 613 δὲ
1029 559 1123 612 καὶ
1163 556 1513 627 ἀμεταθέτως
1543 557 1642 628 τὴν
1671 557 1864 628 ὀργήν.

323 663 389 715 οὐ
418 660 513 730 γὰρ
536 657 609 718 εἰς
643 655 740 707 ἕνα
771 651 882 706 τῶν
913 649 1229 722 προφητῶν,
1274 648 1390 701 ἀλλ’
1429 651 1508 711 είς
1559 648 1721 701 αὑτὸν
1771 664 1868 700 πε-

327 747 696 821 παροινηκότες,
737 744 1054 798 ἁλίσκονται
1082 741 1173 793 τὸν
1192 741 1298 794 τῶν
1331 739 1626 812 προφητῶν
1659 740 1866 791 Δεσπό-

317 861 420 912 την.
448 837 818 908 Σεσιγημένων
849 835 914 904 δὴ
945 830 1038 887 οὖν
1083 833 1192 886 τῶν
1233 833 1434 903 ὲτέρων
1463 832 1868 902 πλημμελημά-

315 952 432 996 των,
469 933 504 988 ἃ
547 929 836 1002 δεδράκασι
871 926 1009 982 κατὰ
1043 927 1184 994 σφᾶς
1214 925 1430 990 αὐτοὺς,
1472 927 1650 978 πᾶσαν
1687 923 1752 976 ἄν
1784 941 1868 986 τις

315 1024 476 1078 αὐτῶν
531 1023 621 1094 τὴν
673 1020 875 1075 κακίαν
929 1017 1026 1071 ίδοι
1079 1019 1172 1070 καὶ
1226 1015 1323 1085 τὴν
1375 1015 1474 1084 τῆς
1538 1014 1870 1084 φαυλότητος

319 1115 617 1186 ὑηρὸολὴν,
637 1113 730 1165 καὶ
754 1111 830 1173 ὡς
851 1110 907 1163 ἔν
931 1127 993 1178 γε
1021 1110 1085 1180 δὴ
1115 1109 1296 1179 μόνοις
1326 1109 1436 1170 τοῖς
1463 1107 1602 1161 κατά
1629 1103 1868 1176 Χριστοῦ

317 1206 594 1274 γεγονόσιν.

380 1340 592 1407 Πάντες
623 1342 676 1395 ol
709 1341 999 1410 ἄρχοντες
1034 1335 1232 1391 αὐτῶν
1261 1333 1666 1400 ἀπειθοῦντες.
1708 1335 1871 1389 Ἔπό-

314 1447 486 1486 rever
525 1433 766 1502 Ἐφραίμ
790 1433 898 1498 τὰς
918 1428 1087 1500 ῥίζας
1127 1428 1335 1492 αὐτοῦ,
1376 1427 1698 1494 ἐξηράνθη,
1729 1445 1868 1495 καρ-

315 1522 426 1574 πὸν
443 1524 550 1576 οὐκ
571 1524 655 1577 ἔτι
670 1521 752 1592 μὴ
773 1522 1011 1592 ἐνέγκῃ.
1032 1520 1186 1574 Διότι
1217 1519 1314 1572 καί
1332 1518 1440 1572 ἐὰν
1466 1519 1865 1588 τενγήσωσιν,

313 1611 609 1666 ἀποκτενῶ
636 1612 707 1666 τὰ
739 1609 1155 1680 ἐπιθυμήματα
1190 1607 1419 1671 κοιλίας
1470 1603 1688 1660 αὐτῶν.
1733 1605 1870 1658 Ἀπ-

315 1702 750 1770 coactat-acroi);-
772 1706 803 1756 ό
828 1701 990 1768 Θεὸς,
1012 1701 1100 1755 ὅτι
1123 1701 1234 1755 οὐκ
1262 1697 1636 1763 εἰσήκουσαν
1661 1697 1867 1762 αὐτοῦ,

317 1790 413 1844 καί
441 1792 671 1848 ἔσονται
711 1791 1006 1859 πλανῆται
1037 1792 1107 1845 ἐν
1134 1790 1258 1857 τοῖς
1288 1789 1548 1844 ἔθνεσιν.

1975 557 2149 625 ipsum
2194 563 2589 616 exscruernnt,
2627 547 2997 616 subibuntque
3041 545 3178 600 iram
3230 543 3541 598 immutabi-

1972 646 2098 700 lcm.
2158 645 2271 698 Non
2323 643 2466 696 enim
2510 643 2560 694 in
2596 639 2978 709 prophetarum
3038 634 3292 703 aliquem,
3341 631 3434 686 sed
3490 633 3543 685 in

1974 737 2148 805 ipsum
2187 735 2580 810 prophetarum
2610 732 2897 786 Dominum
2922 728 3241 785 dehaccltati
3268 725 3544 781 inveniun-

1976 838 2080 881 tur.
2130 825 2358 880 Silentia
2421 825 2581 893 igitur
2609 817 2902 891 praeteritis
2919 834 3274 890 quascumque
3298 831 3544 873 seorsum

1983 925 2244 987 praeterea
2289 915 2608 977 amiserunt,
2665 927 2881 968 omnem
2912 926 3101 966 eorum
3131 910 3460 981 nequitiam,
3492 916 3548 961 et

1987 1008 2271 1078 pravitatis
2301 1005 2723 1075 magnitudinem
2749 1003 3150 1074 quodammodo
3175 1003 3227 1056 in
3261 1003 3391 1057 solis
3413 1016 3547 1057 con-

1979 1109 2061 1154 tra
2101 1099 2377 1154 Christum
2420 1096 2688 1166 susceptis
2729 1094 3059 1150 facinoribus
3109 1095 3294 1150 videre
3346 1093 3544 1164 possis.

2049 1317 2206 1374 Vens.
2243 1319 2328 1380 16,
2355 1317 2440 1372 l7.
2469 1317 2660 1372 Omnes
2684 1317 2942 1386 principes
2975 1330 3152 1370 eorum
3179 1313 3548 1369 inobedientes.

1972 1412 2149 1466 Doluit
2183 1411 2432 1478 Ephmim
2470 1411 2670 1464 radices
2690 1426 2835 1474 suas,
2857 1410 3084 1470 exaruit,
3108 1405 3336 1475 fructum
3359 1421 3552 1473 nequa-

1971 1521 2128 1574 quam
2154 1503 2293 1557 ultra
2311 1501 2459 1571 feret.
2487 1500 2627 1566 Quia
2639 1502 2684 1553 si
2707 1501 2998 1570 genuerint,
3016 1498 3325 1569 interficiant
3351 1497 3552 1551 deside-

1972 1596 2051 1647 ria
2107 1594 2244 1647 uteri
2285 1609 2487 1646 eorum.
2522 1589 2748 1660 Repellet
2785 1608 2870 1645 eos
2906 1590 3063 1656 Deus,
3094 1591 3217 1660 quia
3241 1607 3342 1644 non
3370 1589 3552 1642 audie-

1973 1693 2090 1737 runt
2133 1699 2272 1747 eum,
2307 1693 2354 1736 et
2388 1691 2539 1735 erunt
2598 1682 2714 1750 vagi
2751 1682 2805 1736 in
2858 1683 3112 1750 gentibus.

387 1923 485 1977 Pl’.
526 1925 720 1982 Οὐδένα
762 1925 1014 1998 χρηστὸν,
1066 1927 1235 1996 ῆγουν
1265 1923 1492 1994 εὐπειθῆ
1532 1925 1626 1976 καὶ
1663 1925 1874 1995 εὐήνιον
1905 1866 1946 1921 Β
2043 1903 2470 1998 θξίημθηξίηθω
2500 1903 2721 1968 bonum»
2759 1902 2874 1958 θίνθ
2917 1909 3163 1998 Ρτοῄπδβίθ
3191 1902 3551 1972 οδθάίθηίθηιν

309 2010 367 2063 ἐν
391 2012 578 2079 αὐτοῖς
607 2015 874 2087 ηὑρῆσθαί
905 2031 1085 2084 φησιν,
1114 2014 1172 2066 οὐ
1209 2013 1422 2085 μικρὸν,
1454 2014 1514 2066 οὖ
1554 2013 1751 2082 μέγαν.
1778 2013 1876 2087 θύκ

303 2101 628 2173 ἡγούμενον,
675 2085 743 2159 οὗ
788 2105 879 2159 τὸν
917 2104 1018 2158 ὑπὸ
1071 2105 1226 2174 χεῖρα
1301 2103 1397 2156 καὶ
1451 2085 1871 2172 ὑπεζευγμένον.

312 2190 576 2266 Ταύτῃτοι
599 2196 692 2249 καὶ
724 2197 835 2250 δεῖν
859 2194 1149 2250 ἀπολέσθαι
1177 2193 1476 2256 παντελῶς.
1509 2192 1666 2265 ῥίζης
1688 2192 1878 2264 ῶσπερ

317 2286 481 2355 αὐτῆς
513 2286 998 2358 ὲκὸεὸοθρευμένον
1023 2286 1429 2357 διῖσχυρίζεται,
1469 2287 1527 2338 ὲν
1567 2284 1666 2355 ίσῳ
1693 2301 1752 2336 τε
1787 2301 1879 2352 γε·

315 2377 518 2444 γονέναι
545 2377 726 2431 λοιπὸν
759 2379 870 2442 τοῖς
901 2378 1273 2448 ἁναινομένοις
1307 2379 1398 2432 καὶ
1427 2376 1730 2448 πεπληγόσι
1769 2375 1878 2430 τῶν

315 2465 494 2529 ξύλων.
529 2468 592 2520 ’Δ
613 2466 705 2520 καὶ
737 2465 907 2536 μόνης
938 2465 1110 2518 δεῖται
1138 2467 1334 2535 τομῆς,
1362 2465 1664 2534 ἀναφανδὸν
1687 2464 1877 2538 ῶσπερ

309 2557 659 2626 ὁμολογοῦντα
705 2557 802 2628 τὴν
852 2556 1152 2628 ἀκαρπίαν.
1189 2556 1312 2610 Ὀτι
1354 2557 1410 2610 δὲ
1454 2559 1564 2622 τοῖς
1607 2557 1877 2628 ἀκάρποις

307 2643 478 2712 ξύλοις
500 2650 594 2703 καὶ
619 2648 1008 2718 ἀποκείρεσθαι
1045 2648 1272 2718 πρέπει,
1310 2650 1404 2702 καὶ
1449 2650 1609 2713 αὐτὸς
1643 2648 1878 2713 ἐδίδαξεν

308 2741 335 2788 ό
364 2739 569 2811 Σωτὴρ,
597 2741 693 2810 τὴν
727 2739 940 2808 καρπὸν
969 2738 1070 2790 οὐκ
1097 2737 1324 2807 ἔχουσαν
1349 2738 1521 2808 συκῆν
1553 2739 1627 2801 ὡς
1661 2739 1719 2790 ὲν
1751 2738 1879 2792 εῐδει

304 2829 394 2900 τῆς
429 2829 702 2883 Ἰουδαίων
759 2828 1095 2898 Συναγωγῆς
1146 2827 1508 2881 ὲκκόπτεσθαι
1558 2830 1876 2900 ἐπιτάττων.

309 2938 327 2970 r
363 2920 472 2973 Ἰνα
503 2918 558 2972 τί
582 2919 711 2989 γάρ,
742 2917 897 2988 φησι,
921 2918 1013 2970 καὶ
1035 2917 1134 2986 τὴν
1154 2917 1255 2987 γῆν
1285 2918 1586 2988 καταργεῖ;
1624 2935 1643 2969 ι
1677 2919 1881 2989 Ἀκαρ-

304 3026 395 3073 πος
422 3010 486 3064 δὴ
521 3005 616 3064 οὖν
648 3007 893 3080 εὑρεθεὶς
917 3009 945 3061 ό
986 3006 1220 3079 Ἰσραὴλ,
1257 3009 1442 3079 φησιν,
1471 3010 1788 3064 ὲκκόπτοιτο
1815 3010 1881 3064 ἂν

299 3101 546 3164 εἰκότως·
612 3099 673 3152 οὐ
719 3098 828 3169 γάρ
874 3097 1098 3151 ἐκδώσει
1150 3098 1380 3165 καρπόν.
1448 3098 1607 3153 Ἀλλά
1654 3099 1757 3153 κᾶν
1803 3102 1884 3164 εἰς

299 3192 462 3246 τοῦτο
490 3190 722 3261 γένοιτο,
744 3189 929 3259 φησιν,
950 3188 1133 3242 ἀπολῶ
1154 3189 1222 3243 τὰ
1244 3190 1302 3254 ἐξ
1331 3188 1509 3242 αὐτῶν
1543 3189 1875 3261 γεννώμενα.

295 3283 400 3337 Καὶ
453 3280 611 3335 τοῦτό
643 3282 783 3346 ἐστι,
825 3297 844 3331 ‹
877 3277 960 3331 Τὰ
990 3279 1378 3349 ἐπιθυμήματα
1407 3278 1505 3349 τῆς
1537 3277 1744 3342 κοιλίας
1791 3278 1884 3333 αὖ.

295 3375 423 3429 τῶν.
474 3393 494 3427 ι
547 3372 865 3440 Ἀναγκαῖον
893 3369 951 3424 δὲ
997 3365 1150 3440 οἶμαι
1197 3371 1418 3423 κάκεῖνο
1450 3368 1787 3441 περιαθρεῖν,
1832 3369 1884 3422 τί

296 3463 353 3517 τὸ
378 3462 584 3535 χρῆμα
612 3459 706 3513 τοῦ
735 3459 914 3528 λόγου.
946 3458 1044 3512 Διά
1068 3457 1120 3511 τί
1151 3459 1261 3530 γάρ
1295 3475 1478 3530 φησιν.
1505 3460 1588 3513 ὅτι
1622 3479 1640 3511 ι
1679 3459 1884 3524 Πάντες

297 3557 350 3610 οἱ
390 3555 664 3624 ἄρχοντες
708 3550 887 3604 αὐτῶν
935 3549 1323 3617 ἀπειθοῦντεςς
1383 3570 1403 3602 ι
1466 3551 1532 3604 Τί
1583 3552 1692 3624 γὰρ
1741 3551 1880 3617 ὅλως

298 3647 475 3700 ἐδεῖτο
503 3644 601 3714 τῆς
618 3643 727 3696 τῶν
753 3642 1026 3714 ἀρχόντων
1059 3643 1374 3713 ὑποταγῆς;
1405 3645 1708 3716 ’Δναφορὰν
1735 3641 1829 3699 οὖν
1854 3646 1883 3698 ὀ

298 3737 461 3808 λόγος
494 3735 605 3806 ἔχει
630 3733 764 3805 πρὸς
789 3733 1029 3804 ἱστορίαν
1055 3733 1177 3787 τινὰ
1207 3733 1314 3788 τῶν
1347 3735 1732 3808 ἀρχαιοτέρων.
1775 3737 1883 3790 Καὶ

303 3837 380 3894 τίς
432 3827 502 3898 δὴ
551 3825 691 3897 αὕτη
739 3825 902 3879 πάλιν
944 3825 1074 3894 ἐρῶ.
1119 3826 1570 3906 Μεμοσχοποίηκε
1602 3829 1744 3882 κατὰ
1785 3828 1884 3898 τὴν

301 3915 513 3988 ἔρημον
543 3916 574 3968 ό
614 3913 850 3986 Ἰσραὴλ,
885 3913 1117 3978 ἀπόντος
1162 3915 1427 3982 Μωσέως,
1477 3917 1884 3986 ἀναπεφοίτηκε

298 4007 416 4076 γὰρ
454 4005 511 4059 ἐν
539 4003 617 4076 τῷ
645 4003 760 4075 δρει
791 4004 940 4075 Σινᾷ,
973 4004 1063 4058 τὸν
1095 4005 1260 4075 νόμον
1295 4007 1706 4076 ὑποδεξόμενος.
1749 4000 1886 4060 Εἶτα

301 4096 605 4161 κατελθὼν,
645 4095 944 4166 λελύπηται
984 4097 1186 4168 σφόδρα
1219 4096 1356 4166 πρὸς
1381 4097 1443 4150 τὸ
1483 4095 1882 4167 πλημμέλημα,

305 4190 598 4263 συνέτριψε
630 4191 722 4244 τὸν
761 4191 982 4262 μόσχον,
1018 4191 1426 4261 ἀγανακτοῦντα
1453 4191 1588 4244 Θεὸν
1620 4189 1886 4246 ἐδυσώπει

303 4283 508 4356 τρόπον
533 4283 654 4336 τινὰ
668 4285 734 4354 τῇ
755 4283 861 4354 ἰδία
875 4283 1188 4354 γνησιότητι
1207 4284 1299 4336 καὶ
1321 4283 1512 4354 ἀρετῇ.
1538 4282 1885 4352 Προσέπιπτε

307 4374 441 4445 γάρ,
473 4374 569 4426 καὶ
597 4373 906 4443 ὲξελιπάρει
950 4373 1122 4442 λέγων
1144 4391 1157 4406 ·
1211 4392 1230 4426 ‹
1288 4375 1351 4427 Εἰ
1397 4373 1494 4444 μὲν
1527 4375 1672 4444 ἀφῇς
1705 4373 1888 4439 αὐτοῖς

309 4465 740 4536 τῆν’ἀμαρτίαν,
789 4465 948 4534 ἀφεςο
991 4467 1040 4518 εί
1087 4465 1146 4519 δὲ
1195 4464 1292 4536 μὴ,
1323 4464 1602 4534 ὲξάλειψον
1632 4465 1777 4536 κάμὲ
1824 4466 1888 4519 ὲκ

1977 2006 2032 2052 et
2077 1995 2290 2052 facilem
2317 1996 2460 2051 inter
2504 2009 2599 2051 eos
2645 2003 2920 2065 repertum
2973 1994 3070 2062 ait,
3122 2009 3228 2050 non
3275 2009 3504 2065 parvum
3533 2036 3550 2062 ,

1977 2105 2085 2146 non
2115 2103 2392 2159 magnum,
2414 2103 2517 2144 non
2548 2088 2871 2160 principem,
2900 2103 3007 2144 non
3039 2087 3322 2153 clientem,
3341 2098 3396 2144 et
3424 2091 3555 2144 sub-

1977 2183 2172 2238 ditum.
2205 2181 2470 2255 Quocirca
2515 2190 2568 2237 et
2591 2181 2831 2246 omnino,
2867 2181 3015 2238 velut
3035 2181 3299 2238 radicitus
3323 2180 3552 2239 elfossos

1977 2276 2202 2347 periisse
2239 2273 2546 2338 conﬁrmat,
2575 2283 2630 2330 et
2663 2273 2778 2343 jam
2807 2273 3011 2330 similes
3049 2287 3172 2330 esse
3217 2273 3378 2345 lignis
3435 2287 3558 2330 are-

1979 2368 2138 2424 factis
2167 2376 2220 2423 et
2255 2369 2546 2435 percussis,
2565 2369 2759 2437 quibus
2786 2366 2898 2422 sola
2936 2365 3238 2423 resectione
3289 2380 3424 2437 opus
3450 2374 3554 2428 est,

1979 2467 2162 2530 utpote
2207 2459 2546 2515 sterilitatem
2593 2475 2743 2514 suam
2787 2459 2963 2530 palam
3019 2458 3438 2515 ostentantibus.
3469 2455 3560 2512 Li-

1975 2552 2096 2623 guis
2137 2560 2314 2606 autem
2362 2551 2708 2608 infructuosis
2758 2549 3181 2622 amputationem
3229 2547 3554 2615 convenire,

1978 2645 2092 2714 ipse
2120 2659 2336 2716 quoque
2367 2643 2619 2698 Salvator
2657 2644 2860 2707 docuit,
2922 2642 3206 2699 ﬂculneam
3242 2639 3421 2697 fructu
3460 2654 3557 2696 ca-

1979 2745 2208 2800 rentem,
2259 2745 2313 2791 et
2367 2735 2676 2791 Judaaorum
2730 2735 3070 2806 Synagogam
3144 2732 3559 2789 adumbrantem

1979 2825 2222 2882 exscindi
2246 2825 2460 2895 iubens.
2491 2824 2670 2896 lnqnit
2694 2826 2835 2880 enim
2859 2826 2926 2891 ",
2961 2843 2984 2878 ιη
3016 2825 3090 2882 Ut
3111 2825 3240 2894 quid
3263 2824 3425 2880 etiam
3451 2831 3562 2880 ter-

1983 2933 2094 2974 ram
2142 2917 2437 2988 occupat?»
2465 2916 2838 2972 lnfruetuosus
2866 2917 3053 2987 itaque
3089 2917 3340 2972 inventus
3364 2913 3557 2982 Israel,

1982 3008 2174 3078 inquit,
2207 3007 2400 3065 merito
2451 3009 2814 3064 exscindatur.
2871 3005 2989 3062 Non
3019 3005 3164 3061 enim
3203 3003 3352 3061 dabit
3439 3003 3558 3068 fru-

1983 3110 2147 3155 ctum.
2185 3099 2337 3168 Quod
2375 3099 2420 3156 si
2447 3099 2612 3156 etiam
2659 3099 2924 3167 dederint,
2958 3097 3151 3168 inquit,
3179 3110 3246 3153 ex
3264 3096 3394 3166 ipsis
3434 3109 3561 3167 pro-

1984 3202 2141 3262 gnata
2177 3192 2420 3262 perdam.
2469 3190 2536 3246 Et
2595 3191 2710 3246 haec
2749 3200 2922 3246 suntr
2976 3189 3244 3246 desideria
3292 3187 3429 3244 uteri
3463 3202 3562 3244 eo-

1987 3298 2160 3336 rum.»
2199 3281 2464 3337 Existimo
2521 3282 2686 3338 etiam
2736 3283 3230 3348 considerandum,
3277 3281 3405 3350 quid
3469 3279 3562 3336 illa

1986 3375 2151 3430 verba
2199 3374 2534 3430 contineant.
2571 3373 2682 3429 Cur
2707 3373 2853 3429 enim
2893 3373 3062 3430 dicit:
3090 3390 3109 3425 ι
3165 3371 3367 3430 Omnes
3409 3371 3562 3442 prin-

1983 3463 2130 3534 cipes
2185 3478 2372 3518 eorum
2422 3461 2792 3519 lnohedientes
2829 3463 2881 3519 2»
2909 3463 3047 3531 Quid
3109 3463 3254 3518 enim
3316 3461 3561 3517 omnium

1985 3555 2286 3625 principum
2359 3554 2662 3612 obedientia
2705 3570 2841 3627 Opus
2907 3555 3072 3610 erat?
3106 3553 3327 3624 Spectat
3389 3552 3564 3607 oratio

1985 3648 2262 3703 historiam
2317 3648 2604 3717 quamdam
2632 3657 2893 3709 veterem,
2916 3660 3079 3714 quam
3121 3657 3408 3712 exponam.
3447 3643 3562 3698 Ah-

1985 3745 2138 3793 sente
2164 3735 2366 3806 Moyse,
2395 3733 2560 3788 Israel
2591 3734 2643 3788 in
2669 3732 2960 3788 solitudine
2987 3731 3144 3804 142
3170 3732 3390 3786 vitulum
3409 3730 3559 3788 fecit.

1984 3829 2318 3885 Ascenderat
2349 3826 2548 3896 quippe
2598 3824 2653 3878 in
2695 3832 2933 3880 montem
2981 3824 3115 3880 Sina
3164 3823 3334 3893 legem
3407 3838 3562 3878 acceo

1986 3929 2176 3990 pturus
2203 3917 2272 3973 ⁷⁸.
2311 3917 2412 3986 Qui
2462 3916 2561 3974 ubi
2612 3916 2914 3981 descendit,
2953 3930 3018 3974 eo
3044 3916 3248 3973 scelere
3303 3915 3562 3985 majorem

1986 4010 2039 4065 in
2077 4008 2293 4064 modum
2330 4008 2702 4075 contristatus,
2743 4009 2969 4065 vitulum
2998 4007 3337 4075 comminuit,
3370 4006 3566 4063 Deum-

1985 4116 2089 4172 que
2137 4101 2506 4172 indignantem
2545 4117 2640 4157 sua
2699 4104 2898 4158 virtute
2945 4111 3000 4158 et
3043 4099 3403 4171 germanitate
3428 4113 3566 4166 quo-

1986 4193 2269 4248 dammodo
2322 4193 2390 4248 ad
2467 4193 2852 4264 ignoscendum
2923 4193 3198 4261 compulit.
3275 4189 3567 4245 Procideus

1986 4285 2154 4349 enim,
2183 4283 2409 4354 supplex
2437 4284 2667 4354 rogavit,
2704 4283 2788 4340 his
2822 4283 3000 4339 verbis
3028 4301 3042 4339 :
3083 4301 3101 4336 ι
3136 4282 3192 4336 Si
3240 4282 3454 4352 quidem
3481 4281 3563 4337 di-

1989 4361 2160 4431 mittis
2210 4375 2317 4431 illis
2349 4385 2656 4446 peccatum,
2682 4375 2894 4431 dimitte
2925 4390 2939 4442 ;
2972 4375 3056 4430 sin
3103 4383 3309 4439 autem,
3341 4373 3458 4428 delc
3510 4385 3568 4428 et

1988 4481 2075 4522 me
2096 4468 2163 4522 de
2194 4465 2332 4522 libro
2366 4467 2468 4523 hoc
2500 4481 2663 4538 quem
2706 4466 3027 4537 scripsisti.)
3058 4464 3262 4520 Annuit
3288 4465 3566 4535 prophetae

312 4558 408 4625 τῆς
436 4555 616 4625 βίϐλου
649 4554 875 4625 ταύτης,
905 4549 972 4626 ἦς
1004 4555 1267 4627 ἔγραψας.
1311 4574 1329 4608 ι
1367 4557 1672 4612 Κατένευσε
1711 4558 1769 4611 δὲ
1809 4557 1879 4629 τῷ

1994 4557 2154 4622 Dens,
2208 4563 2266 4611 ut
2337 4557 2641 4627 ignosceret
2699 4557 2984 4622 omnibus;
3041 4554 3335 4624 quinetiam
3381 4553 3563 4614 dixit.

317 4648 570 4720 προφήτῃ
609 4645 742 4709 Θεὸς
798 4645 884 4717 τὴν
917 4647 996 4709 εἰς
1027 4647 1272 4709 ἅπαντας
1299 4649 1634 4718 ἡμερότητα,
1680 4647 1777 4702 καὶ
1822 4648 1887 4719 δὴ

317 4740 407 4791 καὶ
435 4738 887 4806 ἔφασκενθἿλεως
921 4740 1104 4801 αὐτοῖς
1143 4739 1281 4809 εἰμι,
1312 4739 1454 4792 κατά
1497 4741 1559 4794 τὸ
1589 4741 1742 4812 ῥῆμά
1772 4758 1886 4796 σου.

321 4830 486 4900 Ὀρᾷς
516 4831 638 4882 ὅσον
682 4828 860 4898 ὢνησε
892 4829 982 4883 τὸν
1038 4829 1253 4902 Ἰσραὴλ
1285 4829 1318 4900 ἡ
1363 4828 1457 4884 τοῦ
1489 4832 1889 4902 προεστηκότος

320 4919 580 4988 φιλοοεῖα.
619 4920 713 4972 καὶ
754 4914 835 4982 εἷς
864 4919 1004 4990 ὑπὲρ
1033 4919 1250 4973 πάντων
1277 4920 1515 4992 ἀρκέσας
1546 4923 1624 4984 είς
1662 4922 1724 4975 τὸ
1757 4924 1891 4975 ἀνα-

271 5078 277 5084 _
319 5015 496 5063 πεῖσαι
528 5010 682 5075 Θεὸν,
706 5011 774 5064 δι’
801 5011 1079 5081 ὑποταγὴν
1102 5029 1181 5075 τε,
1210 5013 1304 5066 καὶ
1331 5013 1672 5082 εὐπείθειαν;
1703 5015 1889 5068 Αἰτιᾶ-

316 5119 401 5154 ται
437 5101 617 5154 τοίνυν
649 5102 891 5166 εἰκότως,
938 5102 1013 5166 ὼς
1049 5102 1354 5173 όλοτρόπως
1396 5105 1752 5160 ἐκκεκλικότα
1793 5105 1886 5160 τὸν

329 5189 560 5260 Ἰσραήλ.
594 5185 728 5243 Εἶτα
759 5191 832 5261 μὴ
870 5190 1061 5260 ἔχοντά
1088 5209 1208 5245 τινα
1237 5194 1343 5246 τῶν
1372 5194 1500 5265 παρ’
1525 5195 1707 5258 αὐτοῖς
1725 5197 1886 5265 ἡγου-

325 5279 516 5347 μένων,
550 5281 642 5332 τὺν
678 5281 1016 5350 ἐπιτιμῶντα
1041 5283 1152 5345 τοῖς
1175 5283 1446 5346 πταίουσι,
1472 5284 1564 5335 τὸν
1587 5285 1890 5352 ἀφιστάντα

321 5369 415 5436 τῆς
460 5371 709 5441 πλάνης,
762 5372 931 5441 ἤγουν
993 5375 1059 5443 τῇ
1111 5373 1216 5443 ίδίᾳ
1268 5373 1610 5444 λαμπρότητι
1648 5375 1716 5446 τῇ
1751 5374 1890 5427 κατὰ

323 5461 514 5528 τρόπον
561 5463 648 5516 καὶ
683 5463 887 5532 ἀρετὴν
919 5462 1222 5531 ἀποστῆσαι
1249 5463 1543 5533 δυνάμενον
1578 5463 1676 5532 τὴν
1697 5463 1888 5534 ὀργὴν,

325 5549 452 5604 Θεοῦ
479 5553 992 5624 παραωλημέκλου.
1034 5552 1296 5624 Καθάπερ
1326 5539 1518 5623 ἀμέλει
1559 5554 1653 5606 καὶ
1684 5554 1740 5606 ὲν
1769 5571 1890 5608 και-

397 5726 438 5758 ίί
474 5725 604 5779 an.
648 5741 764 5787 xm,
802 5726 889 5780 10.
967 5728 1010 5758 ⁷⁸
1042 5728 1210 5781 Exod.
1251 5741 1397 5791 xxrv,
1423 5726 1509 5779 1‘2.

1987 4647 2251 4720 propitius
2283 4663 2402 4703 sum
2445 4648 2552 4704 illis
2594 4647 2885 4704 secundum
2915 4646 3136 4700 verbum
3171 4654 3343 4700 tuum.
3371 4643 3564 4698 Cernis

1988 4747 2252 4808 quantum
2313 4739 2670 4795 moderatoris
2749 4753 2876 4810 erga
2934 4738 3097 4793 Deum
3166 4751 3320 4790 amor
3377 4733 3565 4788 lsraeli

1990 4829 2270 4898 profuerit,
2310 4837 2364 4885 et
2413 4833 2684 4899 quomodo
2727 4845 2865 4885 unus
2909 4831 2975 4883 ad
3010 4829 3176 4882 Deum
3242 4823 3562 4880 flectendum

1990 4929 2214 4991 propter
2249 4921 2644 4990 subiectionem
2678 4929 2733 4975 et
2765 4919 3130 4977 obedientiam
3161 4933 3257 4988 pro
3313 4915 3565 4968 omnibus

1995 5011 2302 5068 sull'ecerit.
2332 5012 2564 5068 Accusat
2628 5011 2788 5082 igitur
2838 5026 2943 5066 non
2995 5009 3191 5077 injuria
3267 5006 3516 5062 lsraelem
3545 5045 3562 5072 ,

1992 5111 2052 5157 ut
2083 5103 2172 5172 qui
2217 5105 2430 5172 penitus
2468 5119 2497 5158 a
2524 5111 2672 5158 recto
2717 5103 2913 5158 itinere
2939 5098 3286 5156 declinaverit
3308 5107 3395 5164 ,et
3417 5097 3564 5167 prin-

1993 5193 2164 5261 cipem
2200 5192 2267 5246 de
2301 5192 2413 5248 suis
2444 5192 2646 5247 nullum
2687 5192 2905 5246 omnino
2933 5191 3151 5254 habeat,
3195 5187 3287 5273 qui
3336 5201 3563 5257 peccan-

1996 5292 2076 5337 tes
2111 5281 2394 5352 corripiat,
2436 5284 2531 5353 qui
2564 5283 2634 5337 ab
2681 5298 2868 5338 errore
2908 5287 3120 5344 avocet,
3161 5288 3258 5332 aut
3296 5286 3442 5332 certe
3468 5278 3562 5347 qui

1995 5387 2206 5427 morum
2241 5387 2305 5426 ac
2335 5373 2552 5428 virtutis
2615 5387 2727 5428 sum
2790 5372 3076 5442 splendore
3127 5371 3236 5424 Deo
3294 5379 3562 5432 exorato,

1996 5463 2133 5518 iram
2175 5463 2293 5533 ejus
2333 5463 2543 5518 amoliri
2600 5463 2816 5532 possit,
2848 5462 3296 5533 quemadmodum
3341 5470 3392 5515 et
3429 5470 3566 5514 tem-

1994 5554 2217 5624 poribus
2255 5554 2452 5625 Moysis
2484 5552 2684 5608 factum
2730 5553 2976 5624 legimus.
3011 5553 3371 5621 Quamobrem
3397 5547 3567 5605 etiam
