4034 6270
434 350 558 409 .953

1439 350 1497 401 S.
1541 346 1815 401 CYIIILLI
1866 342 2334 401 ALEXANDRINI
2374 346 2695 404 ARCIIIEP.

3591 336 3705 400 .240

457 487 477 520 ε
538 464 901 534 repellentur,
949 466 1163 535 inquit,
1222 472 1276 518 et
1329 473 1488 518 erunt
1555 464 1674 533 vagi
1739 464 1790 516 in
1840 464 2015 532 genti-

2126 465 2235 532 ροίς
2266 466 2453 531 γέγονε
2508 467 2616 527 τοῖς
2670 466 2809 520 κατὰ
2852 465 3078 520 Μωσέα.
3146 463 3435 532 Τοιγάρτοι
3489 462 3582 514 καὶ
3626 462 3707 526 ἐξ-

454 556 574 609 hus.
620 572 638 606 ι

522 730 637 787 I-Ioe
669 731 772 795 illis
825 730 1004 785 evenit
1030 739 1085 785 et
1112 737 1242 785 tunc
1290 731 1504 799 quidem
1551 730 1617 784 ad
1651 732 1902 802 Assyrios
1930 733 2020 787 dc-

438 823 701 891 .portatis,
722 831 778 877 et
808 837 949 876 nunc
976 822 1342 878 nihilominus
1396 831 1614 892 propter
1636 822 2019 879 debacchatioo

454 930 552 968 nes
574 928 767 967 eorum
811 913 863 967 in
898 913 1176 969 Christum
1208 914 1445 968 «exesis:
1482 914 1680 982 ubique
1723 914 1865 968 enim
1929 929 2022 968 ex-

453 1007 597 1062 sules
621 1014 675 1061 et
702 1007 972 1071 extranei,
1014 1021 1113 1062 nec
1137 1007 1409 1062 civitatem
1449 1007 1707 1062 habentes
1732 1007 1783 1060 in
1823 1008 2022 1061 mundo

449 1106 689 1163 manent,
719 1098 809 1168 qui
850 1105 976 1153 sunt
1025 1098 1090 1152 de
1123 1095 1302 1152 Israel.
1333 1117 1353 1151 ι
1390 1097 1703 1167 Dispergam
1731 1098 1876 1153 enim
1928 1112 2021 1151 eos

450 1190 503 1244 in
549 1203 765 1244 omnem
809 1197 1027 1243 ventum
1056 1189 1158 1252 ",r
1194 1189 1331 1242 dixit
1365 1203 1459 1256 per
1497 1199 1716 1243 sanctos
1785 1188 2019 1259 praphe-

449 1292 530 1335 tas
568 1279 728 1338 Deus.
773 1279 830 1333 Si
883 1294 1014 1350 ergo
1075 1280 1314 1334 amicitia
1347 1294 1468 1333 eum
1515 1279 1624 1334 Deo
1675 1278 1829 1335 nobis
1878 1294 2023 1334 curae

450 1382 581 1437 est;
624 1372 669 1427 si
738 1372 854 1441 ejus
917 1367 1191 1425 rationem
1250 1371 1516 1436 ducimus,
1569 1369 1919 1441 su‘bjiciamns
1972 1372 2018 1424 ei

452 1462 734 1524 cervicem,
760 1470 815 1513 et
849 1462 933 1529 pia
961 1476 1082 1515 cum
1122 1460 1427 1515 obedientia
1454 1461 1524 1515 ad
1552 1460 1826 1516 Christum
1860 1475 2019 1515 acce-

451 1554 640 1607 damus
672 1545 940 1605 dicentem
970 1568 983 1604 :
1018 1569 1037 1602 ι
1078 1550 1270 1605 Venite
1320 1550 1386 1605 ad
1444 1565 1549 1613 me,
1581 1565 1767 1606 omnes
1819 1551 1910 1621 qui
1945 1551 2022 1605 la-

447 1642 669 1709 boratis,
707 1652 758 1696 et
828 1641 1037 1696 onerati
1083 1642 1234 1705 estis,
1260 1649 1314 1694 et
1343 1656 1442 1711 ego
1472 1640 1717 1696 reﬁciam
1748 1657 1864 1696 vos.
1895 1642 2019 1695 Tol-

446 1735 544 1788 lite
563 1732 751 1802 jugum
800 1746 979 1786 meum
1004 1745 1165 1801 super
1195 1745 1290 1785 vos
1310 1730 1406 1784 ⁸ο.»
1453 1728 1547 1786 Sic
1581 1731 1725 1785 enim
1750 1742 1805 1786 et
1834 1732 2023 1788 fructi-

447 1826 546 1879 feri
595 1834 712 1879 eta
771 1837 1026 1892 percussu
1084 1822 1356 1877 immunes
1417 1824 1654 1890 erimus;
1715 1838 1812 1879 nec
1871 1822 2095 1879 radixB

446 1923 630 1970 nostra
669 1923 953 1969 exareseet
983 1932 998 1979 ;
1035 1928 1132 1967 nec
1165 1912 1373 1968 fructus
1407 1914 1461 1968 in
1502 1914 1727 1969 nihilum
1780 1916 2018 1982 recidet;

446 2005 589 2062 haud
640 2005 825 2061 a-Deo
871 2004 1185 2075 longissime
1244 2004 1600 2075 vagabimur;
1639 2014 1696 2060 et
1746 2020 1913 2076 prope
1940 2008 2023 2077 ip-

445 2111 586 2160 sum,
627 2104 680 2151 et
703 2094 842 2164 apud
870 2094 1043 2163 ipsum
1075 2095 1326 2158 erimus,
1353 2102 1408 2149 et
1431 2095 1701 2149 civitatem
1732 2110 2020 2165 supernam

443 2188 498 2242 in
526 2187 677 2244 cadis
711 2187 1051 2247 habebimus,
1079 2185 1563 2255 primogenitorum
1609 2195 1859 2248 matrem,
1889 2202 2022 2242 san-

400 2339 415 2348 _
444 2289 656 2335 ctorum
688 2278 933 2333 altricem
970 2276 1380 2346 coelestiamque
1402 2276 1691 2346 spirituum
1721 2291 1915 2347 purum
1933 2278 2024 2334 ha-

441 2371 758 2428 hitaculum.

693 2499 1099 2589 TUMUS
1183 2500 1759 2604 QUINTUS.

1149 2648 1301 2702 CAP.
1342 2646 1412 2703 Χ.

524 2759 674 2814 Vnus.
709 2760 760 2821 l,
791 2759 846 2813 2.
893 2758 1058 2813 Vinea
1091 2759 1343 2828 frondosa
1397 2760 1587 2816 Israel.
1629 2758 1860 2815 Fructus
1906 2761 2018 2830 ejus

439 2851 736 2916 abundans,
774 2851 1056 2904 secundum
1093 2850 1478 2906 multitudinem
1516 2852 1781 2919 fructuum
1804 2867 2018 2906 suorum

438 2939 805 3008 multiplicauit
858 2941 1073 2994 altaria.
1128 2941 1294 2993 Juxta
1338 2944 1471 2994 bona
1498 2952 1652 2996 terra:
1681 2958 1792 2995 sua:
1850 2942 2019 3010 adiﬁ-

439 3031 573 3083 cavit
598 3029 904 3092 simulacra,
934 3031 1221 3082 diviserunt
1260 3032 1422 3084 corda
1462 3046 1581 3096 sua,
1609 3047 1747 3085 nunc
1806 3033 2018 3101 disper—

2126 554 2487 625 ωσθήσονται,
2542 558 2707 627 φησὶ,
2757 559 2851 612 καὶ
2913 558 3125 610 ἔσονται
3170 554 3437 626 πλανῆται
3489 555 3549 608 ὲν
3599 558 3708 619 τοῖς

2126 646 2322 700 ἔθνεσι.

2196 738 2365 792 Τοῦτο
2396 740 2590 810 συνέϐη
2631 741 2823 795 παθεῖν
2854 742 3055 807 αὐτοῖς,
3094 741 3189 795 καὶ
3220 741 3340 794 τότε
3372 740 3470 811 μὲν
3507 742 3707 794 ἀποκο-

2129 828 2395 897 μισοεῖσιν
2433 833 2514 893 είς
2579 831 2916 902 Ἀσσυρίους,
2967 832 3062 886 καὶ
3112 829 3209 885 νῦν
3250 831 3307 885 δὲ
3351 831 3501 884 οὐδὲν
3544 827 3704 904 ἦττον

2125 919 2218 971 ἐπὶ
2271 923 2389 983 ταῖς
2441 923 2522 983 είς
2563 921 2797 993 Χριστὸν
2843 923 3149 993 παροινίαις
3182 923 3700 994 κατεστυγημένοις.

2137 1008 2398 1062 Ἀνέστιοι
2428 1009 2536 1080 γὰρ
2589 1012 2681 1064 καὶ
2713 1010 2977 1082 ἐπηλύται
3001 1011 3274 1081 πανταχῆ,
3307 1009 3401 1064 καὶ
3426 1010 3582 1063 πόλιν
3608 1010 3703 1062 οὐκ

2124 1099 2336 1169 ἔχοντες
2384 1102 2433 1153 οἱ
2474 1101 2534 1165 ἐξ
2571 1102 2788 1175 Ἰσραὴλ
2817 1102 3151 1157 διατελοῦσιν
3192 1104 3251 1156 ἑν
3292 1104 3505 1172 κόσμῳ.
3547 1119 3566 1153 ι
3610 1101 3703 1154 Λι-

2126 1192 2274 1262 κμιῶ
2308 1192 2416 1264 γὰρ
2446 1194 2641 1258 αὐτοὺς
2677 1197 2755 1258 εἰς
2787 1197 2962 1250 πάντα
2989 1197 3207 1267 ἄνεμον,
3254 1216 3272 1248 ι
3303 1195 3389 1249 διὰ
3413 1196 3704 1267 προφητῶν

2125 1283 2293 1351 ἁγίων
2332 1284 2536 1352 ἔφασκε
2567 1285 2718 1350 Θεὸς.
2755 1288 2818 1341 Ei
2847 1289 3024 1342 τοίνυν
3051 1290 3145 1342 ἐπὶ
3170 1289 3270 1359 τῆς
3295 1288 3432 1360 πρὸς
3460 1288 3594 1341 Θεὸν
3625 1288 3701 1341 ol—

2124 1374 2397 1445 κειότητος
2429 1377 2646 1447 φροντὶς
2680 1380 2810 1450 ἡμῖν
2838 1381 2930 1433 καὶ
2954 1379 3134 1448 λόγος,
3174 1380 3537 1451 ὑποφέρωμεν
3558 1378 3704 1448 αὐτῷ

2122 1467 2214 1521 τὸν
2239 1469 2464 1538 αὐχένα,
2500 1470 2594 1523 καὶ
2627 1472 2938 1543 προσίωμεν
2966 1472 3043 1535 ὡς
3075 1472 3133 1538 ἐξ
3153 1472 3365 1542 ἀγαθῆς
3395 1471 3703 1534 εὗπειθείας

2123 1560 2332 1628 λέγοντι
2379 1561 2456 1632 τῷ
2498 1563 2747 1633 Χριστῷ·
2798 1582 2815 1615 ι
2876 1564 3041 1618 Δεῦτε
3089 1564 3225 1636 πρὸς
3286 1563 3375 1634 μὲ.
3405 1564 3608 1628 πάντες
3654 1566 3702 1617 οἱ

2124 1654 2452 1741 κοπιῶντες,
2520 1656 2614 1709 καὶ
2681 1656 3128 1725 πεφορτισμένοι,
3190 1653 3347 1723 κάγὼ
3405 1655 3704 1709 ἀναπαύσω

2124 1740 2285 1816 ὑμᾶς.
2326 1747 2529 1818 ’Ἄρατε
2560 1740 2651 1800 τὸν
2683 1748 2845 1816 ζυγόν
2890 1765 2991 1818 μου
3035 1746 3119 1815 ἐφ’
3162 1747 3325 1815 ὑμᾶς.
3370 1764 3388 1797 ι
3438 1746 3704 1816 Ἐσόμεθα

2123 1838 2229 1908 γὰρ
2252 1836 2425 1902 οὕτως
2470 1838 2736 1909 ἕγκαρποί
2781 1856 2839 1892 τε
2910 1839 3003 1892 καὶ
3039 1838 3304 1909 ἀπλῆγες,
3350 1838 3449 1890 οὐκ
3494 1840 3707 1893 ἀναινο-

2126 1926 2294 1997 μένης
2350 1931 2482 1999 ἡμῖν
2533 1930 2633 1999 τῆς
2682 1929 2859 2000 ῥίζης,
2917 1930 2979 1982 οὑ
3029 1928 3242 2001 καρποῦ
3288 1928 3575 1993 πίπτοντος
3626 1932 3703 1993 εἰς

2126 2019 2312 2090 μηδὲν,
2343 2022 2402 2073 οὐ
2434 2021 2723 2092 πλανῆται,
2758 2021 2851 2075 καὶ
2896 2020 3152 2074 ἀποτάτω
3184 2020 3341 2085 Θεοῦ,
3382 2021 3498 2075 ἀλλ’
3538 2022 3705 2091 ἐγγύς

2122 2125 2181 2162 τε
2207 2109 2371 2163 αὐτοῦ
2414 2111 2509 2164 καὶ
2543 2111 2640 2164 σὺν
2669 2109 2817 2181 αὑτῷ
2885 2111 2976 2163 καὶ
3004 2110 3157 2164 πόλιν
3187 2108 3401 2180 ἔχοντες
3436 2108 3531 2178 τὴν
3569 2108 3704 2173 ἄνω,

2122 2200 2215 2254 καὶ
2253 2202 2311 2254 ὲν
2357 2202 2625 2272 οὐρανοῖς,
2660 2202 2762 2273 τὴν
2795 2202 2906 2254 τῶν
2939 2201 3301 2272 πρωτοτόκων
3337 2200 3568 2272 μητέρα,
3607 2200 3706 2272 τὴν

2120 2291 2228 2343 τῶν
2258 2291 2427 2358 ἁγίων
2455 2292 2673 2362 τροφὸν,
2721 2291 2831 2346 τῶν
2869 2292 2982 2347 ἄνω
3025 2294 3351 2363 πνευμάτων
3376 2292 3437 2347 τὸ
3465 2292 3703 2366 καθαρὸν

2121 2380 2354 2455 ὲνδιαίτη
2364 2399 2460 2453 μα.

2397 2507 2778 2596 ΤΟΜΟΣ
2853 2507 3432 2596 ΠΕΜΠΤΟΣ.

2730 2661 2985 2715 ΚΕΦΛΛ.
3023 2662 3080 2714 ι’.

2195 2765 2497 2838 "Aput-aloe
2540 2770 3009 2839 εὐκληματοῦσα
3052 2772 3319 2843 Ἰσραήλ.
3375 2773 3436 2825 ⁸0
3471 2774 3703 2841 καρπὸς

2119 2858 2310 2929 αὐτῆς
2337 2861 2629 2927 εὐθυνῶν,
2648 2862 2798 2918 κατὰ
2826 2864 2892 2917 τὸ
2923 2863 3158 2932 πλῆθος
3184 2863 3301 2917 τῶν
3330 2862 3575 2930 καρπῶν
3601 2866 3705 2917 αὐ⁸

2119 2952 2226 3006 τοῦ
2268 2953 2572 3021 ἐπλήθυνε
2606 2954 2679 3009 τὰ
2729 2955 3145 3023 θυσιαστήρια.
3196 2956 3358 3009 Κατὰ
3402 2955 3472 3009 τὰ
3508 2955 3706 3025 ἀγαθὰ

2119 3036 2231 3107 τῆς
2287 3041 2399 3109 γῆς
2435 3042 2619 3097 αὺτοξῗ
2680 3042 3032 3112 ᾠκοδόμησε
3086 3042 3352 3108 στήλας,
3414 3044 3706 3112 ἐμέρισαν

438 3122 602 3174 ibunt.
663 3119 783 3189 Ipse
812 3119 1059 3188 stt/[odiet
1091 3122 1284 3176 altaria
1310 3124 1815 3193 eorum,aﬂligentur
1844 3126 2012 3180 simu-

2120 3131 2367 3201 καρδίας
2400 3133 2618 3200 αὐτῶν,
2649 3134 2766 3188 νῦν
2790 3134 3327 3204 ἁφανισθήσονται.
3365 3136 3558 3201 Αὐτὸς
3593 3154 3705 3190 κα·-

437 3210 582 3263 lacra
617 3225 821 3265 eorum.

490 3406 670 3479 +153
704 3406 836 3463 CXI.
890 3408 1179 3479 Postquam
1228 3413 1399 3478 dixit,
1451 3413 1704 3483 Ephraim
1781 3414 2018 3472 doluisse

439 3500 650 3554 radices
679 3516 825 3564 suas,
857 3510 909 3554 et
933 3500 1324 3557 infructuosum
1357 3503 1492 3569 fore,
1520 3505 1861 3575 similemque
1897 3521 2016 3560 mu-

440 3580 575 3645 tatis'
598 3591 816 3646 sedibus
846 3591 951 3646 alio
982 3592 1196 3660 penitus
1225 3596 1717 3666 commigrantium,
1759 3598 2012 3668 Assyrio-

438 3696 555 3734 rum
610 3683 813 3736 saevitia
878 3682 1068 3739 deletis
1099 3698 1283 3740 eorum
1313 3686 1527 3755 fetibus,
1560 3706 1704 3746 nunc
1725 3693 1888 3746 etiam
1910 3693 2015 3746 uti-

438 3772 560 3825 liter
583 3773 844 3839 ostendit,
891 3775 1071 3843 qualis
1101 3776 1230 3831 olim
1262 3777 1445 3845 fuerit,
1475 3796 1735 3851 perquam
1771 3781 2015 3838 fructuo-

438 3877 533 3917 sus
586 3864 853 3928 videlicet,
883 3869 1100 3935 quando
1160 3869 1322 3924 \itam
1351 3871 1561 3942 legibus
1602 3878 2014 3943 respondentem

438 3950 714 4020 sapienter
746 3955 982 4011 vivebat.
1023 3956 1210 4023 Qualis
1257 3960 1410 4014 vinea
1463 3964 1727 4032 quaepiam
1792 3966 2012 4034 pulchra

434 4051 491 4095 et
517 4042 656 4097 bene
682 4046 984 4101 convestita
1018 4046 1351 4117 palmitibus,
1385 4062 1509 4107 ante
1536 4054 1718 4111 oculos
1750 4056 2009 4111 ﬁnitimo-

437 4148 556 4187 rum
592 4136 909 4204 populorum
961 4138 1014 4193 in
1052 4141 1409 4197 admiratione
1433 4151 1551 4198 erat
1581 4160 1683 4199 non
1713 4147 2006 4209 immerito.

435 4231 491 4275 et
512 4223 577 4277 de
593 4224 704 4292 ipsa
731 4226 922 4282 alicubi
948 4228 1135 4285 beatus
1159 4230 1324 4287 David
1353 4233 1402 4289 in
1427 4234 1566 4291 libro
1587 4235 1920 4292 Psalmorum
1948 4239 2013 4294 ad

390 4322 397 4331 '
436 4312 808 4370 universorum
847 4319 1012 4373 Deum
1042 4320 1156 4374 ait:
1190 4340 1208 4372 ι
1239 4321 1461 4380 Vineam
1485 4326 1552 4381 de
1581 4327 1814 4399 IEgypto
1839 4338 2014 4384 trans-

438 4404 626 4468 tulisti,
682 4406 890 4475 ejecisti
926 4421 1131 4480 gentes,
1160 4421 1213 4465 et
1244 4414 1496 4482 plantasti
1527 4432 1671 4473 eam.
1703 4420 1814 4474 Dux
1852 4421 2014 4476 itine-

436 4494 511 4568 ris
543 4493 689 4551 fuiSti
721 4497 773 4551 in
802 4509 1091 4568 conspectu
1118 4498 1252 4567 ejus.
1291 4501 1544 4560 Extendit
1595 4508 1843 4574 palmites
1881 4524 2009 4566 suos

438 4597 607 4653 usque
655 4588 722 4640 ad
777 4602 944 4651 mare,
975 4597 1028 4642 et
1086 4604 1256 4657 usque
1307 4593 1374 4646 ad
1432 4591 1646 4648 ﬂumina
1692 4598 2011 4667 prapagines

436 4677 686 4731 δοθείη..
735 4678 867 4732 Nata
924 4690 1008 4735 est
1062 4683 1276 4746 enim”
1323 4684 1374 4738 i‘h
1425 4700 1634 4745 cornu.
1667 4696 1721 4741 et
1786 4688 1838 4741 in
1893 4688 2011 4743 loco

436 4768 618 4838 pingui
646 4770 748 4835 ⁸¹,›
805 4770 964 4839 juxta
1019 4786 1203 4828 vocem
1260 4776 1557 4844 prophetae.
1631 4776 2007 4834 Verumtamen

434 4875 541 4915 non
573 4876 755 4925 uvam,
777 4864 869 4916 sed
897 4864 1080 4933 spinas
1107 4864 1283 4933 potius
1306 4866 1579 4936 produxit.
1619 4868 1751 4921 Nam
1782 4870 1832 4922 in
1870 4869 2008 4924 mul-

434 4954 662 5010 titudine
694 4955 957 5012 bonorum
983 4956 1428 5014 sihidonatorum
1476 4959 1622 5014 velut
1675 4962 1900 5028 sociam,
1955 4972 2010 5017 et

435 5056 618 5100 cimtra
668 5047 834 5103 Deum
892 5048 1315 5105 colluctatricem
1365 5050 1700 5121 iniquitatem
1742 5053 2005 5110 exhibuit.

436 5135 809 5208 Multiplieavit
835 5141 979 5197 enim
1012 5141 1226 5203 altaria,
1276 5151 1327 5197 et
1355 5142 1636 5199 aediﬁcavit
1673 5145 1957 5203 simulacra
1992 5166 2006 5201 :

435 5240 807 5302 quantumque
870 5235 1119 5307 supernis
1149 5234 1397 5291 amuehat
1427 5235 1650 5303 divitiis,
1689 5247 1796 5292 tam
1832 5253 2007 5308 prom-

435 5327 524 5387 pta
554 5317 655 5373 l‘uit
678 5322 742 5374 ad
764 5324 1295 5389 contaminatioucm,
1314 5323 1437 5393 quia
1469 5323 1736 5381 daemones
1765 5328 2011 5385 adoravit

434 5419 488 5461 et
562 5423 686 5464 aras
742 5414 1016 5479 excitavit,
1065 5426 1121 5471 et
1166 5416 1218 5469 in
1270 5416 1637 5472 seductionetn
1699 5418 2010 5489 multiplicis

436 5498 751 5555 idololatriae
803 5517 897 5557 eor
943 5521 1097 5561 suum
1121 5509 1520 5576 quodammodo
1567 5510 1770 5565 divisit.
1808 5511 2005 5567 Verum

435 5591 540 5645 ista
576 5603 682 5645 non
711 5590 997 5659 durabunt,
1031 5596 1230 5665 inquit.
1296 5600 1569 5666 Quinam?
1609 5621 1627 5653 ι
1691 5602 1810 5671 Ipse
1862 5603 2008 5659 enim

2116 3223 2412 3293 τασκάψει
2436 3226 2507 3279 τὰ
2535 3225 2933 3295 θυσιαστήρια
2965 3225 3185 3292 αὐτῶν,
3210 3226 3705 3298 ταλαιπωρήσου-

2115 3332 2219 3371 σιν
2247 3319 2306 3372 αι
2336 3316 2559 3386 στῆλαι
2592 3316 2813 3401 αρτῶκ.
2882 3366 2886 3381 ,

2197 3433 2348 3487 PIA'.
2403 3431 2740 3502 Ἠλγημένον
2785 3430 2885 3493 τὰς
2921 3432 3075 3501 ῥίζας
3105 3429 3272 3483 εἰπὼν
3298 3430 3389 3483 τὸν
3436 3431 3703 3503 Ἐφραῒμ,

2116 3522 2335 3577 ἔσεσθαι
2365 3523 2422 3575 δὲ
2455 3524 2548 3576 καὶ
2581 3522 2852 3594 ἄκαρπον,
2876 3522 2970 3575 καὶ
3000 3523 3057 3574 ὲν
3083 3522 3184 3592 ἴσῳ
3209 3524 3323 3585 τοῖς
3355 3523 3707 3592 μετοικοῦσιν

2116 3614 2273 3679 ὅλως,
2301 3614 2398 3684 τῆς
2443 3612 2742 3684 Ἀσσυρίων
2773 3614 3099 3683 ἀγριότητος
3130 3613 3461 3685 δαπανὼσης
3485 3614 3555 3668 τὰ
3577 3632 3706 3685 γενο

2115 3704 2351 3774 νώμενα,
2381 3704 2650 3758 δείκνυσιν
2687 3705 2999 3773 ἀναγκαίως
3030 3705 3124 3759 καὶ
3145 3700 3256 3769 οἷος
3280 3702 3349 3776 ἦν
3373 3707 3564 3774 πάλαι,
3598 3707 3703 3762 καὶ

2115 3795 2197 3847 ὅτι
2230 3794 2453 3862 γέγονεν
2481 3793 2779 3863 εὖκαρπος,
2815 3795 2905 3848 ὅτε
2949 3795 3049 3865 τῆς
3094 3796 3154 3848 ὲν
3197 3796 3347 3867 νόμῳ
3385 3796 3533 3867 ζωῆς
3566 3814 3703 3867 μετ-

2118 3887 2356 3938 εποιεῖτο
2387 3878 2586 3953 σοφῶς.
2633 3881 2735 3939 Οἴα
2765 3884 2875 3956 γάρ
2906 3903 2991 3949 τις
3020 3886 3264 3957 ἄμπελος
3291 3886 3451 3958 καλὴ,
3483 3889 3574 3942 καὶ
3605 3889 3703 3941 εὐ-

2117 3973 2475 4046 κληματοῦσα
2523 3977 2636 4039 τοῖς
2689 3975 2797 4030 τῶν
2844 3974 3012 4029 ὲθνῶν
3053 3977 3353 4047 περιοίκοις
3399 3976 3704 4048 ὁρώμενος,

2117 4068 2342 4131 εἰκότως
2381 4066 2844 4139 κατεοαυμάζετο.
2874 4069 2984 4122 Καὶ
3007 4070 3138 4140 περὶ
3168 4070 3339 4140 αὐτῆς
3379 4069 3482 4123 πού
3530 4088 3707 4141 φησιν

2114 4160 2143 4212 ὁ
2179 4157 2452 4229 μακάριος
2495 4158 2660 4212 Δαὸὶδ
2688 4159 2746 4213 ὲν
2777 4157 2946 4229 βίϐλῳ
2978 4159 3249 4230 Ψαλμῶν,
3293 4159 3429 4231 πρὸς
3459 4161 3552 4215 τὸν
3592 4164 3707 4216 τῶν

2115 4250 2251 4304 ὅλων
2294 4250 2525 4321 Σωτῆρα
2552 4249 2718 4304 Θεόν·
2760 4270 2778 4302 ι
2808 4250 3086 4322 ’Λμπελον
3127 4251 3185 4318 ἐξ
3243 4251 3521 4321 Αἰγύπτου
3572 4271 3709 4325 μετ-

2116 4345 2276 4413 ἢρας,
2308 4343 2564 4409 ἐξέϐαλες
2591 4344 2740 4415 ἔθνη,
2769 4345 2864 4397 καὶ
2902 4344 3313 4415 κατεφύτευσας
3344 4347 3536 4418 αὐτήν.
3555 4349 3703 4402 Ὠδο-

2118 4434 2350 4506 ποίησας
2411 4435 2719 4506 ἔμπροσθεν
2760 4436 2951 4508 αὐτῆς.
3015 4438 3277 4505 Ἐξέτεινε
3318 4440 3388 4494 τὰ
3443 4441 3706 4511 κλήματα

2119 4525 2287 4594 αὐτῆς
2325 4524 2433 4589 ἕως
2465 4524 2759 4595 θαλάσσης,
2817 4527 2911 4582 καὶ
2944 4529 3047 4592 ἕως
3089 4530 3352 4600 ποταμῶν
3381 4531 3481 4595 τὰς
3512 4550 3704 4605 παρα-

2119 4614 2326 4683 φυάδας
2359 4615 2547 4686 αὐτῆς.
2585 4636 2603 4668 ι
2639 4618 2859 4686 Πέφυκε
2888 4620 2991 4690 μὲν
3019 4620 3154 4693 γὰρ,
3181 4642 3200 4673 ι
3247 4623 3335 4676 Ἐν
3363 4623 3575 4695 κέρατι,
3607 4627 3706 4679 καὶ

2116 4704 2175 4755 ὲν
2221 4706 2371 4775 τόπῳ
2417 4706 2600 4771 πίονι,
2634 4726 2653 4759 ι
2697 4708 2838 4762 κατὰ
2880 4710 2979 4780 τὴν
3022 4710 3116 4764 τοῦ
3159 4714 3440 4783 προφήτου
3486 4716 3702 4787 φωνήν.

2117 4793 2266 4866 Πλὴν
2315 4795 2376 4848 οὐ
2407 4795 2594 4850 τέτοκε
2626 4799 2925 4871 σταφυλὴν,
2959 4801 3157 4871 ἤνεγκε
3190 4803 3247 4857 δὲ
3279 4804 3483 4873 μᾶλλον
3524 4804 3705 4862 ἀκάνο

2116 4885 2233 4949 θας.
2273 4886 2363 4958 Τῷ
2386 4887 2494 4959 γὰρ
2527 4889 2721 4960 πλήθει
2748 4891 2856 4946 τῶν
2879 4892 3140 4948 δοθέντων
3172 4894 3391 4963 ἀγαθῶν
3407 4896 3545 4967 αὐτῇ
3572 4896 3704 4951 σύν-

2114 4973 2315 5044 δρομον
2343 4974 2532 5048 ὥσπερ
2559 4979 2681 5032 τινὰ
2725 4981 2821 5034 καὶ
2848 4981 3078 5052 ίσοπαλῆ
3101 4982 3201 5054 τὴν
3241 4982 3456 5038 ἀδικίαν
3482 4986 3704 5040 ἐπεδεί-

2118 5064 2270 5129 ξατο·
2318 5066 2475 5137 δῆλον
2515 5069 2571 5122 δὲ
2598 5070 2679 5123 ὅτι
2724 5071 2825 5142 τὴν
2855 5072 2998 5127 κατὰ
3050 5072 3210 5129 Θεοῦ.
3254 5074 3553 5147 Ἐπλήθυνε
3587 5077 3705 5149 γὰρ

2118 5153 2522 5227 θυσιαστήρια,
2578 5159 2673 5213 καὶ
2721 5159 3038 5232 ᾠκοδόμησε
3107 5162 3343 5235 στήλας’
3417 5162 3511 5218 καὶ
3570 5167 3705 5220 ὅσον

2116 5246 2369 5301 ἐπλούτει
2392 5250 2503 5312 τοῖς
2528 5249 2735 5318 ἄνωθεν
2761 5253 3003 5321 ἀγαθοῖς,
3032 5255 3286 5309 τοσοῦτον
3313 5252 3380 5323 ἦν
3412 5257 3706 5329 πρόθυμος

2118 5339 2196 5401 είς
2228 5338 2554 5411 βεϐήλωσιν,
2578 5342 2665 5398 διὰ
2695 5343 2789 5397 τοῦ
2819 5349 3146 5417 προσκυνεῖν
3171 5351 3285 5412 τοῖς
3322 5348 3564 5419 δαίμοσι,
3600 5350 3705 5405 καὶ

2118 5429 2335 5500 βωμοὺς
2369 5432 2624 5503 ἐγείρειν,
2657 5433 2751 5489 καὶ
2781 5437 2864 5499 εἰς
2896 5437 2995 5509 τὴν
3039 5438 3300 5493 πολύθεον
3344 5439 3557 5513 πλάνην
3598 5442 3704 5514 τὴν

2118 5518 2254 5571 ἰδίαν
2276 5518 2465 5593 ὥσπερ
2486 5522 2876 5593 καταμερίζειν
2907 5526 3149 5597 καρδίαν.
3172 5528 3311 5581 Ἀλλ’
3333 5528 3478 5583 οὕτω
3495 5528 3699 5595 ταῦτα,

2116 5610 2301 5680 φησὶν,
2350 5613 2451 5665 οὐκ
2493 5614 2663 5668 ἔσται.
2699 5615 2899 5681 Πόθεν;
2938 5636 2956 5668 ι
2994 5618 3348 5688 Κατασκὰψει
3383 5620 3490 5693 γὰρ
3531 5621 3704 5687 αὐτὸς

508 5758 553 5791 ”
583 5756 748 5815 Zacb.
776 5774 835 5825 tt,
861 5758 912 5812 G.
990 5761 1033 5791 ⁸ο
1072 5758 1255 5815 Matth.
1296 5778 1369 5832 χι,
1398 5764 1487 5818 28.
1566 5766 1605 5797 ⁸⁸
1644 5765 1784 5822 Psal.
1811 5782 1998 5836 Lxxtx,

2124 5773 2193 5828 I0
2225 5788 2387 5847 seqq.
2460 5779 2503 5809 ⁸¹
2533 5778 2632 5833 lsa.
2666 5796 2709 5832 ν.
