4034 6270
371 517 472 571 2H

1289 521 1838 584 COMMENTARIUS
1875 527 1941 583 IN
1978 529 2211 586 OSEAM
2252 532 2701 592 PROPHETAM.

3531 544 3638 598 εις-ἐ

375 638 440 691 τὰ
471 637 825 709 θυσιαστήρια
877 640 1081 704 αὐτῶν,
1123 660 1140 694 ι
1198 647 1292 696 καὶ
1338 645 1851 721 ταλαιπωρήσουσιν
1892 671 1920 706 α

2055 655 2306 712 suﬂodiet
2357 658 2546 713 altaria
2583 675 2792 726 eoruut,
2827 679 2847 712 ι
2880 669 2935 716 et
2983 659 3288 732 adﬂigentur
3349 665 3635 719 simulacra

375 729 554 798 στῆλαι
595 730 796 796 αὐτῶν,
843 733 1280 805 συνθραυόμεναι
1325 736 1587 808 δηλονότι,
1639 743 1732 797 καὶ
1777 761 1945 798 κατα-

368 819 666 891 σπώμεναι.
715 823 791 876 Τὸ
811 821 891 889 δὲ,
939 826 1124 892 αὐτὸς,
1150 829 1388 894 ἀνοίσεις
1424 833 1712 903 ἐμφρόνως
1741 836 1944 898 εἰς’τὸν

362 911 468 965 τῶν
507 913 646 968 ὅλων
695 915 1186 981 κατεξουσιάζοιηα
1221 919 1378 986 Θεὸν,
1411 923 1599 992 ἤγουν,
1650 927 1729 990 είς
1757 927 1818 980 τὸ
1849 927 1943 982 τοῦ

362 1001 703 1058 Βαϐυλωνίου
729 1003 1048 1075 πρόσωπον,
1088 1008 1166 1071 ὡς
1193 1009 1296 1081 ήδη
1324 1011 1642 1078 πλειστάκις
1672 1017 1944 1086 προδεδει-

360 1093 587 1164 γμένου.
627 1097 952 1170 Συμϐέϐηκε
998 1100 1112 1170 γὰρ
1147 1104 1271 1167 ταῖς
1321 1105 1381 1156 ὲν
1424 1106 1709 1180 Σαμαρείᾳ
1753 1109 1942 1164 πόλεσι

359 1186 455 1239 καὶ
499 1189 697 1254 αὐτοὺς
758 1191 1363 1264 συγκαταπίμπρασθαι
1411 1199 1538 1260 τοὺς
1583 1200 1782 1265 ναοὺς,
1847 1203 1942 1255 καὶ

355 1277 748 1348 διαρπάζεσθαι
788 1283 857 1337 τά
899 1283 1136 1352 γλυπτά.
1171 1286 1292 1357 Χρὴ
1330 1287 1518 1343 τοίνυν
1537 1290 1704 1360 ἡμᾶς,
1739 1293 1824 1360 ἐφ’
1861 1289 1942 1357 οἷς

351 1365 418 1422 ἄν
449 1368 672 1442 ἔχοιμεν
705 1373 861 1445 παρὰ
885 1375 1022 1428 Θεοῦ
1065 1376 1358 1448 χαίροντας
1392 1379 1655 1434 ἀνάπτειν
1685 1383 1755 1438 τὰ
1786 1401 1943 1454 χαρι-

254 1454 268 1467 ’
354 1460 574 1531 στήρια,
605 1463 706 1516 καὶ
755 1465 832 1536 μὴ
875 1465 956 1536 τῷ
1001 1465 1198 1521 πλάτει
1239 1470 1339 1539 τῆς
1369 1469 1626 1540 εὐθηνίας
1664 1474 1942 1546 ὲνολισθή-

354 1567 580 1617 σαντας,
605 1554 981 1626 ἀποφέρεσθαί
1015 1575 1107 1612 ποι
1138 1559 1278 1629 πρὸς
1299 1559 1360 1612 τὸ
1387 1560 1594 1632 ἀπᾷδον
1625 1564 1774 1635 αὐτῷ
1795 1582 1806 1594 ·
1838 1565 1938 1636 ζη-

353 1643 470 1693 τεῖν
523 1641 582 1694 δὲ
635 1643 836 1713 μᾶλλον
886 1647 978 1700 καὶ
1020 1647 1412 1720 ἀποπεραίνειν
1459 1651 1799 1722 ἐπείγεσθαι,
1846 1656 1940 1709 καὶ

363 1731 508 1802 μάλα
533 1735 856 1806 προθύμως,
887 1739 956 1792 τά
983 1740 1063 1803 είς
1099 1740 1308 1812 ἀρετὴν
1331 1741 1647 1814 αὐχήματα,
1681 1745 1757 1817 μὴ
1786 1754 1958 1820 μερι-’

362 1821 626 1894 ζομένους
668 1827 804 1899 πρὸς
829 1829 896 1882 τά
921 1830 978 1884 ἐν
1007 1831 1196 1902 κόσμῳ
1228 1832 1399 1903 πάθη,
1429 1834 1526 1888 καὶ
1566 1836 1938 1908 ὑποφέροντας

359 1912 454 1968 τὸν
482 1915 686 1986 αὐχένα
717 1917 797 1989 τῷ
830 1919 1058 1991 Σατανᾷ.
1091 1923 1200 1975 Καὶ
1229 1922 1340 1993 γάρ
1366 1924 1515 1978 ἐστιν
1548 1925 1769 1997 ἀληθὲς,
1802 1929 1939 2000 ὅπερ

2047 762 2259 812 eorum,
2338 750 2614 805 confracta
2683 751 2966 817 nimirum,
3040 763 3094 808 et
3150 753 3380 810 divulsa.
3438 754 3635 812 Vocem

2048 839 2162 908 ipse
2189 855 2296 894 non
2341 841 2483 896 male
2509 841 2577 894 ad
2605 842 3028 910 omnipotentem
3084 846 3369 905 Dominum
3399 847 3601 904 referes
3621 888 3634 912 ,

2047 941 2140 985 aut
2175 932 2242 986 ad
2273 947 2562 1001 personam
2603 935 2746 1005 regis
2801 935 3080 1006 Babylonii
3108 975 3125 1002 ,
3163 937 3229 992 de
3259 955 3366 1009 quo
3389 939 3500 1010 jam
3527 956 3634 995 sat-

2045 1037 2112 1092 pe
2155 1021 2296 1078 facta
2321 1033 2406 1080 est
2430 1025 2654 1080 mentio.
2685 1025 2928 1097 Contigit
2955 1029 3128 1093 enim,
3159 1041 3219 1082 ut
3241 1047 3362 1085 cum
3409 1031 3634 1086 urbibus

2046 1115 2310 1171 Samaria:
2361 1117 2525 1172 etiam
2561 1117 2758 1189 templa
2789 1118 2904 1188 ipsa
2940 1128 3327 1187 exurerentur,
3374 1130 3431 1177 et
3487 1123 3630 1178 idola

2044 1204 2438 1274 diriperentur.
2477 1207 2703 1278 Oportet
2759 1209 2922 1280 igitur
2954 1225 3056 1265 nos
3089 1221 3310 1280 propter
3359 1229 3422 1269 ea
3449 1230 3570 1284 qua:
3602 1232 3632 1270 ιι

2045 1295 2156 1351 Deo
2190 1297 2542 1356 habuerimus
2584 1317 2706 1356 cum
2738 1302 2937 1372 gaudio
2962 1301 3172 1373 gratias
3204 1317 3392 1374 agere,
3423 1319 3528 1360 non
3579 1307 3632 1360 iu

2044 1389 2398 1458 amplitudine
2432 1407 2614 1448 rerum
2637 1397 3004 1452 secundarum
3036 1395 3400 1466 oifendentes,
3425 1397 3630 1470 aliquid

2045 1481 2154 1536 Deo
2193 1483 2484 1552 displicens
2522 1487 2740 1556 abripi;
2770 1489 2904 1558 quin
2957 1489 3142 1560 potius
3197 1491 3536 1560 desiderare,
3569 1501 3631 1548 et

2043 1573 2107 1627 ad
2135 1589 2201 1628 ea
2246 1577 2645 1646 promptissime
2689 1582 2994 1649 pratstanda
3028 1582 3362 1648 incumbere,
3391 1598 3511 1654 quae
3563 1602 3631 1638 ex

2043 1667 2240 1722 virtute
2295 1668 2522 1739 gloriam
2546 1673 2874 1740 conciliant;
2909 1690 3018 1730 non
3052 1675 3258 1732 divisos
3289 1677 3344 1730 in
3375 1677 3620 1732 aﬂ‘ectiov

2042 1773 2138 1814 nes
2201 1761 2525 1827 mundanas,
2558 1773 2612 1818 et
2663 1765 2932 1820 cervicem
2992 1764 3209 1822 Satana:
3256 1769 3624 1837 subjicientes.

2045 1850 2239 1906 Verum
2261 1863 2346 1909 cst
2375 1855 2518 1910 enim
2544 1855 2670 1910 illud
2699 1856 2903 1912 Christi
2932 1876 2944 1912 :
2983 1876 3000 1910 ι
3023 1856 3191 1914 Nemo
3218 1868 3393 1930 potest
3415 1862 3626 1917 duobus

2042 1944 2274 2001 dominis
2341 1949 2546 2012 servire
2581 1949 2648 2004 ⁸³.
2688 1967 2708 2002 ι
2778 1951 2934 2016 Quod
2975 1953 3020 2006 si
3085 1953 3399 2019 dividimur,
3459 1954 3622 2008 etiam

361 2003 465 2076 ἔφη
521 2007 843 2077 Χριστόςολι
894 2011 1080 2076 Οὐδεὶς
1125 2012 1348 2068 δύναται
1391 2016 1516 2070 δυσὶ
1561 2018 1769 2089 κυρίοις
1817 2020 1920 2075 δου⁴

2038 2033 2190 2102 juxta
2257 2051 2444 2093 vocem
2497 2038 2818 2105 Psalmistte,
2875 2057 2898 2094 ι
2940 2049 3126 2110 partes
3185 2041 3439 2113 vulpium,
3508 2045 3624 2099 eri.-

357 2092 560 2149 λεύειν.
601 2117 620 2148 ι
664 2099 725 2152 El
757 2099 814 2152 δὲ
849 2101 1203 2172 μεριζόμεθα,
1247 2106 1342 2158 καὶ
1381 2125 1400 2157 ι
1437 2107 1676 2179 Μερίδες
1718 2109 1936 2164 ἀλωπέ-

358 2198 471 2236 κων
500 2187 758 2257 ἐσόμεθα,
795 2208 816 2242 s
858 2191 996 2244 κατά
1026 2193 1124 2262 τὴν
1150 2195 1453 2267 Ψαλμῳδοῦ
1480 2200 1688 2272 φωνήν.

424 2276 579 2328 Διότι
604 2277 721 2331 νῦν
745 2278 976 2347 ἐροῦσιο
1009 2284 1130 2336 Οὐκ
1156 2283 1290 2338 ἐστι
1322 2288 1624 2355 ,ϐασιλεὺς
1643 2289 1809 2360 ἡμῖν,
1846 2293 1934 2348 ὅτι

348 2365 460 2418 οὐκ
503 2365 880 2438 ἐφοϐήθημεν
909 2373 1014 2426 τὸν
1068 2375 1312 2444 Κύριον.
1358 2378 1420 2431 '0
1451 2379 1520 2432 δὲ
1542 2381 1847 2452 ,βασιλεὺς
1878 2388 1934 2441 τί

348 2455 587 2521 ποιήσει
612 2458 789 2527 ήμῖν;
811 2464 1022 2518 ,καλῶν
1037 2466 1281 2537 ῥήματα
1311 2467 1643 2541 προφάσεις
1661 2477 1928 2548 ψευδεῖς,

346 2543 692 2614 διαϐήσεται
715 2549 1036 2624 διαθήκην.

412 2637 560 2692 PlB’.
602 2641 737 2712 Οὐχὶ
777 2645 940 2714 μόνον
999 2649 1181 2702 αὐτῶν
1219 2653 1601 2732 σεισθήσεσθαι
1634 2661 1702 2715 τὰ
1739 2661 1926 2718 θυσια-

345 2729 562 2800 στήρια,
614 2733 710 2786 καὶ
754 2735 1200 2808 ταλαιπωρήσειν
1232 2743 1337 2814 ἔφη
1369 2745 1467 2810 τὰς
1500 2729 1724 2820 στήλας,
1763 2771 1929 2826 προσ-

341 2820 532 2889 επάγει
562 2821 642 2886 δὲ,
677 2824 763 2876 ὃτι
811 2827 906 2879 καὶ
941 2829 1406 2901 μεταγνώσονται,
1439 2840 1534 2892 καὶ
1567 2841 1926 2914 θρηνήσουσιν

341 2911 430 2964 ἐπί
461 2929 526 2980 γε
561 2917 686 2978 ταῖς
717 2917 870 2986 σφῶν
920 2918 1282 2990 δυσϐουλίαις,
1329 2928 1706 3002 ἡμαρτηκότες
1727 2911 1790 2990 ’δὲ
1826 2938 1925 3009 τῆς

341 3001 573 3070 ἐλπίδος,
652 3007 746 3059 καὶ
793 3010 1135 3080 ἠπατημένοι
1169 3018 1278 3080 τοῖς
1321 3019 1386 3072 ἐκ
1436 3001 1547 3076 τῶν
1577 3001 1924 3094 κρατούντων

336 3092 842 3168 ψευδηγορήμασιν,
875 3101 972 3170 ὀψὲ
1007 3104 1102 3158 καὶ
1141 3107 1292 3176 μόλις
1323 3092 1668 3183 συνήσουσιν.
1722 3119 1786 3172 Oi
1817 3122 1923 3190 μὲν

339 3182 444 3256 γὰρ
474 3189 606 3258 παρ’
637 3189 822 3284 αὐτοῖς
860 3193 986 3256 τοὺς
1032 3195 1134 3266 τῆς
1166 3182 1450 3268 βασιλείας
1469 3206 1746 3274 διέποντες
1793 3182 1920 3284 θρόε-

335 3291 477 3341 νους,
510 3277 766 3346 ἀρκέσειν
795 3279 1038 3350 ἔφασκον
1066 3286 1250 3353 αὐτοῖς
1283 3293 1362 3355 είς
1384 3294 1706 3368 ἐπικουρίαν
1737 3277 1844 3364 τὰς’
1861 3320 1920 3355 τε

338 3369 544 3482 ἔρυςῗὶις
591 3369 872 3482 suptilis“:
921 3376 1015 3482 καὶ
1198 3381 1266 3434 ἐκ
1308 3383 1420 3436 τῶν
1465 3386 1640 3442 ἀλλων
1683 3391 1916 3447 εἰδώλων
1942 3397 1985 3456 C
2019 3369 2190 3482 legar.

337 3457 660 3525 ἀσφάλειαν,
687 3463 791 3516 κᾶν
816 3466 863 3517 εί
895 3465 973 3538 μὴ
1007 3468 1098 3521 τὸν
1127 3469 1271 3526 θεῖον
1305 3475 1478 3545 ἔχοιεν
1509 3479 1694 3551 νόμον,
1725 3483 1828 3538 κᾶν
1867 3489 1916 3542 εί

339 3548 408 3617 μὴ
436 3549 570 3621 δρᾷν
603 3551 805 3608 ἕλοιντο
829 3557 898 3610 τά
927 3558 1016 3612 διὰ
1043 3563 1309 3630 Μωσέως.
1339 3569 1404 3622 Ἠ
1424 3569 1480 3623 δὲ
1513 3548 1678 3646 πεῖρα
1711 3577 1913 3651 δέδειχε

333 3641 759 3710 ψευδοεποῦντας
789 3649 1007 3714 αὐτούς.
1033 3653 1330 3712 Τεθέανται
1355 3661 1464 3732 γὰρ
1483 3641 1619 3730 τοὺς.
1641 3669 1708 3722 τά
1731 3641 1910 3727 τοιάδε

337 3730 503 3785 πάλαι
532 3734 942 3807 διατιθεμένους
966 3744 1174 3810 αὐτοῖς,
1208 3749 1301 3803 καὶ
1322 3730 1600 3822 ἀσυνέτως
1627 3758 1905 3830 λέγοντας,

333 3823 432 3876 ὑπὸ
465 3827 623 3920 χεῖρα
655 3831 923 3896 πεσόντας
952 3835 1180 3908 ἐχθρῶν.
1223 3859 1244 3892 ι
1284 3843 1576 3918 Ταύτῃτοι,
1619 3823 1774 3920 φασὶ,
1808 3823 1910 3910 οὐκ

333 3914 442 3969 ἔστι
469 3917 720 3986 βασιλεὺς
744 3925 899 3994 ἡμῖν,
927 3926 1008 3979 ὅτι
1034 3929 1134 3982 οὐκ
1161 3914 1507 4007 ἐφοϐήθημεν
1529 3914 1869 4013 τὸν-Κύριον.
1887 3966 1902 3996 ι

342 4006 469 4098 ξγιδοὺ
515 4008 644 4081 γὰρ,
687 4015 842 4081 φασὶ,
887 4017 1185 4088 ἐπαμύνων
1221 4006 1418 4094 οὐδεὶς,
1444 4031 1615 4098 ἤγουν
1644 4006 1766 4096 ταῖς
1799 4037 1908 4090 τῶν

330 4094 686 4154 Βαϐυλωνίων
710 4104 919 4172 ἐφόδοις
950 4109 1429 4184 ἀντανιστάμενος.
1467 4094 1610 4173 SUOS
1635 4094 1905 4194 ἠτονήκα-

332 4201 408 4237 σιν
439 4187 708 4254 ἅπαντες·
748 4213 767 4244 ι
803 4195 1074 4252 Λέλυνται
1128 4203 1220 4255 καὶ
1251 4205 1606 4261 πεπτώκασιν
1641 4229 1659 4262 ι
1691 4215 1738 4264 οί
1780 4231 1903 4284 προ·

329 4280 634 4347 επηκὸτες.
679 4284 960 4354 Πρόφασις
987 4289 1046 4343 δὲ
1082 4293 1183 4362 τῆς
1229 4295 1546 4366 ἀρρωστίας
1585 4301 1765 4366 αὐτοῖς
1809 4280 1904 4358 καὶ

327 4370 472 4438 ἡμῖν,
508 4372 568 4425 τὸ
607 4393 626 4424 ι
659 4376 749 4447 Μὴ
782 4381 1123 4450 πεφοϐῆσθαι
1167 4386 1258 4438 τὸν
1302 4387 1525 4460 Κύριον.
1569 4411 1586 4444 s
1625 4394 1760 4447 Ποία
1790 4396 1903 4451 τοί-

326 4474 413 4510 νυν
461 4461 505 4528 η’
537 4461 723 4533 ὄνησις
777 4468 843 4520 ὲκ
892 4468 1003 4522 τῶν
1061 4475 1440 4546 κρατούντων;
1497 4482 1694 4551 φησίν’
1749 4487 1900 4542 οὐδὲν

322 4542 384 4616 ἦν
412 4550 519 4619 ἄρα
567 4555 632 4606 τά
674 4557 805 4628 παρ’
848 4561 1057 4628 αὐτοῖς,
1101 4542 1151 4617 εί
1199 4569 1274 4639 μὴ
1323 4542 1470 4638 λόγοι
1509 4542 1752 4644 ψευδεῖς,
1805 4581 1900 4633 καὶ

325 4644 616 4714 ματαιότης
685 4650 958 4722 διαθηκῶν
989 4695 1003 4719 ,
1074 4658 1242 4727 ἤγουν
1308 4662 1672 4734 ὑποσχέσεων.
1736 4671 1897 4736 Ἐθος

321 4731 423 4828 γὰρ
620 4737 740 4812 θείᾳ
801 4744 1030 4816 Γραφῇ,
1100 4748 1366 4821 διαθήκας
1434 4731 1728 4814 ἀποκαλεῖν
1931 4738 1972 4791 D

319 4822 665 4892 ἐπαγγελίας.

385 4916 552 4986 Σοφὸν
598 4916 692 4974 οὖν
734 4923 864 4993 ἄρα,
919 4929 1011 4981 καὶ
1062 4935 1262 4996 παντὸς
1303 4937 1522 4992 ἐπαίνου
1571 4945 1786 5011 μεστὸν,
1832 4948 1894 5000 τὸ

318 5010 630 5064 πεποιθέναι
679 5017 880 5084 μᾶλλον
916 5021 1009 5075 ἐπὶ
1039 5025 1181 5094 Θεῷ,
1213 5029 1309 5081 καὶ
1359 5031 1434 5102 μὴ
1465 5037 1576 5097 τοῖς
1607 5037 1713 5089 τῶν
1754 5039 1892 5092 πλοιο

317 5098 523 5155 νὼντων
559 5105 935 5179 ἀποφέρεσθαι
969 5113 1166 5182 λόγοις,
1199 5122 1292 5172 ἐπὶ
1313 5122 1374 5174 τὸ
1403 5129 1768 5197 προσκρούειν
1808 5132 1886 5202 τῷ

314 5189 445 5262 Θεῷ,
492 5196 780 5264 ἐμφρόνως
829 5201 886 5254 δὲ
929 5206 1125 5272 μᾶλλον
1159 5212 1264 5280 πρὸ
1314 5189 1504 5283 πείρας
1546 5189 1716 5289 αὐτῆς
1754 5189 1888 5276 ἀπό-

313 5285 493 5353 φοιτᾷν
537 5286 639 5356 τῆς
683 5289 877 5359 ὀργῆς,
920 5297 1013 5348 καὶ
1061 5299 1134 5370 μὴ
1169 5303 1265 5370 ὀψὲ
1312 5306 1581 5371 παθόντας
1624 5285 1882 5386 ὀλοφύρε-

313 5372 448 5441 σθαι,
469 5377 642 5446 ·μὸλις
679 5383 760 5443 είς
787 5384 1043 5455 ἀνόνητον
1076 5391 1251 5457 ἰόντας
1284 5398 1722 5467 ὑστεροϐουλίαν.

385 5467 684 5524 Ἀνατελεῖ
696 5473 777 5537 ὡς
795 5472 1091 5548 ι’ὶπρωστις
1113 5486 1289 5554 κρίμα
1309 5488 1407 5538 ἐπὶ
1423 5488 1649 5556 χέρσον
1668 5494 1874 5564 ἀπροῦ,

308 5553 381 5618 τῷ
409 5559 616 5630 μόσχῳ
645 5563 752 5616 τοῦ
779 5566 950 5622 οἴκου
979 5570 1082 5625 ὢν.

372 5643 510 5699 PII".
553 5648 618 5700 Ἢ
643 5650 916 5720 ἄγρωστις
951 5659 1143 5726 φύεται
1176 5665 1232 5714 ἐν
1260 5667 1466 5736 ἀγροῖς,
1507 5674 1739 5740 μάλιστα
1763 5683 1878 5743 τοῖς

307 5732 583 5806 ἀνηρὸττλις
631 5744 724 5795 καὶ
756 5753 1207 5820 κεχερσωμένοις,
1229 5761 1654 5832 καταδράττεται
1683 5769 1758 5832 δὲ,
1783 5775 1874 5825 κ.ιὶ

371 5916 412 5946 ⁸³
449 5911 633 5974 Matth.
675 5937 743 5991 ιι,
783 5923 868 5981 Ἡ.
949 5931 990 5962 θ’
1017 5932 1135 5987 Pal
1193 5950 1316 6000 ιλιι,
1354 5939 1429 5992 Η.
1583 5943 1699 5996 Γηιῖ

1668 5951 1700 5996 ’1
1756 5965 1899 6014 λιιι,
1929 5951 1976 6002 ‘2.

2042 2142 2162 2184 mus
2189 2129 2258 2182 διε
2287 2149 2308 2182 ι

2111 2309 2276 2365 Vens.
2313 2311 2366 2378 5‘,
2399 2311 2452 2370 4.
2479 2311 2682 2370 Idcirco
2714 2331 2846 2370 nunc
2873 2316 3080 2370 dicent:
3117 2315 3237 2371 Non
3271 2325 3349 2370 est
3389 2332 3478 2370 rex
3526 2334 3621 2369 no-
3702 2383 3716 2398 ο

2037 2398 2134 2465 bis,
2161 2400 2286 2468 quia
2321 2415 2424 2454 non
2455 2403 2721 2458 timuimus
2761 2403 3065 2459 Dominum.
3097 2404 3204 2459 Rea:
3255 2414 3433 2461 autem
3495 2408 3622 2478 quid

2035 2489 2192 2558 faciet
2227 2495 2418 2548 nobis?
2445 2493 2660 2564 loquens
2728 2496 2882 2552 verba
2941 2499 3238 2558 occasiones
3303 2507 3576 2555 ntemlaces
3603 2541 3617 2565 ,

2033 2581 2271 2652 disponet
2296 2594 2687 2641 testamentum.
3402 2667 3411 2674 ‘

2108 2674 2268 2748 144
2295 2677 2453 2734 CXII.
2482 2678 2596 2735 Non
2641 2681 2816 2736 solum
2854 2697 3043 2738 eorum
3091 2683 3284 2740 altaria
3350 2686 3616 2750 dirutum,

2031 2778 2085 2824 et
2111 2770 2398 2828 simulacra
2425 2788 2675 2830 eversum
2714 2777 2781 2832 iri
2824 2779 2976 2844 dicit,
3006 2781 3103 2834 sed
3141 2780 3292 2834 addit
3319 2782 3505 2847 etiam,
3540 2784 3617 2835 fu-

2031 2875 2114 2927 rc,
2165 2871 2225 2916 ut
2284 2865 2427 2921 male
2475 2869 2725 2924 consulta
2785 2885 2880 2925 sua
2913 2873 3255 2941 paenitudine
3280 2883 3334 2929 et
3366 2872 3616 2931 lamentis

2031 2967 2448 3025 prosequantur,
2484 2973 2579 3026 spe
2627 2967 2807 3016 autem
2851 2960 3094 3018 frusu-ati
3155 2973 3211 3018 et
3272 2964 3614 3022 dominorum

2029 3044 2324 3102 mendaciis
2377 3047 2610 3118 decepti,
2643 3066 2786 3115 sero,
2817 3067 2879 3107 ac
2913 3054 3002 3107 vix
3035 3054 3250 3109 tandem
3285 3054 3608 3126 intelligant.

2026 3135 2127 3202 Qui
2157 3139 2300 3193 enim
2338 3141 2479 3206 apud
2534 3143 2684 3213 ipsos
2730 3144 2986 3200 thronum
3034 3147 3212 3216 regni
3271 3148 3609 3213 obtinebant.

2026 3230 2095 3282 ad
2136 3231 2398 3286 auxilium
2425 3235 2556 3289 satis
2581 3235 2816 3290 futurum
2849 3239 3206 3294 autumabant
3240 3240 3438 3297 vitulos
3508 3257 3610 3295 au-

2026 3334 2169 3390 reos,
2205 3329 2259 3378 et
2281 3324 2504 3379 tutelam
2531 3327 2598 3382 ab
2632 3327 2793 3384 idolis
2820 3331 3058 3398 (ueteris,
3089 3333 3336 3404 quamvis
3368 3333 3608 3393 divinam

2226 3431 2333 3470 non
2359 3416 2640 3484 haberent,
2669 3423 2918 3490 quamvis
2943 3435 3212 3496 praecepta
3242 3420 3444 3498 Moysis
3497 3447 3604 3485 non

2016 3515 2319 3562 servarent.
2344 3505 2414 3562 At
2443 3510 2776 3577 experientia
2811 3515 3067 3571 mentitos
3097 3533 3216 3571 esse
3245 3519 3594 3574 demonstra-

2017 3591 2113 3646 vit.
2158 3594 2420 3652 Viderunt
2485 3599 2630 3654 enim
2686 3614 2799 3669 eos,
2853 3605 2944 3672 qui
2994 3609 3268 3674 quondam
3321 3608 3436 3664 lucc
3470 3611 3603 3678 ipsis

2015 3685 2458 3753 constituissent,
2493 3697 2548 3742 et
2583 3690 2900 3758 insipienter
2959 3695 3123 3748 locuti
3187 3696 3437 3763 fuissent,
3499 3704 3600 3757 sub

2013 3769 2250 3826 hostium
2307 3774 2563 3828 ditionem
2620 3777 2847 3832 venisse.
2891 3799 2906 3830 ι
2963 3783 3107 3846 Ideo,
3138 3783 3426 3852 inquiunt,
3490 3806 3597 3844 non

2014 3868 2098 3912 est
2128 3875 2220 3914 rex
2253 3862 2426 3927 nobis,
2452 3865 2576 3932 quia
2607 3882 2712 3920 non
2753 3868 3030 3926 timuimus
3077 3873 3423 3932 Dominuth
3459 3880 3598 3935 Ecce

2011 3950 2153 4004 enim
2193 3951 2363 4020 aiunt,
2399 3955 2692 4024 opitulator
2731 3958 2927 4026 nullus,
2981 3973 3076 4018 aut
3120 3966 3212 4036 qui
3271 3968 3596 4042 Babylonio-

2013 4057 2130 4095 rum
2161 4043 2572 4114 impressionem
2607 4053 2862 4121 excipiat.
2899 4055 3004 4110 Sed
3028 4057 3346 4114 deiecerunt.
3373 4077 3585 4126 omnes,

2013 4149 2030 4180 ι
2067 4133 2325 4190 infirmati
2395 4149 2523 4193 sunt
2553 4156 2568 4204 ;
2615 4150 2671 4195 et
2721 4143 3035 4200 ceciderunt
3064 4148 3109 4178 ⁸⁸
3133 4168 3152 4198 ι
3181 4152 3271 4218 qui
3303 4164 3590 4218 prmerant.

2007 4220 2190 4277 Causa
2226 4236 2407 4281 autem
2459 4229 2699 4296 ipsorum
2726 4273 2741 4298 ,
2767 4242 2822 4287 et
2891 4245 3090 4292 nostra:
3153 4240 3540 4299 imbecillitatis
3573 4288 3588 4312 ,

2006 4313 2148 4380 quod
2182 4333 2200 4364 ι
2238 4329 2342 4370 non
2368 4318 2649 4378 timuimus
2679 4324 3023 4383 Dominum.»
3057 4330 3186 4398 Qua:
3217 4347 3350 4402 ergo
3381 4337 3591 4394 utilitas

2004 4421 2069 4460 ex
2103 4405 2600 4482 dominis?inquit.
2641 4414 2783 4471 Nihil
2827 4418 2990 4490 igitur
3011 4430 3130 4477 erat
3157 4425 3302 4492 quod
3368 4427 3589 4485 dictita-

2003 4497 2155 4562 bant,
2197 4499 2304 4554 nisi
2336 4515 2617 4560 sermones
2664 4510 2977 4579 mendaces,
2999 4523 3054 4566 ct
3115 4523 3584 4584 testamentorum,

2001 4603 2095 4643 seu
2163 4593 2553 4660 promissorum
2633 4601 2888 4667 vanitas;
2951 4606 3236 4661 consuevit
3304 4610 3448 4663 enim
3507 4613 3588 4666 di-

2003 4680 2121 4734 vina
2193 4685 2476 4754 Scriptura
2575 4694 2964 4758 prontissiotws
3031 4699 3302 4768 appellare
3405 4712 3586 4758 testa—

2003 4786 2181 4828 11181113
2193 4819 2206 4832 .

2073 4949 2301 5019 Sapiens
2352 4955 2534 5026 itaque
2587 4960 2787 5014 factum
2839 4972 2895 5017 et
2951 4967 3099 5020 omni
3161 4968 3316 5022 laude
3364 4972 3579 5040 plenum

2000 5039 2110 5105 pati
2153 5053 2373 5112 propter
2415 5047 2602 5112 Deum,
2629 5067 2728 5107 nec
2790 5055 3164 5113 seducentium
3229 5039 3571 5121 sermonibus

1997 5131 2062 5182 ad
2107 5131 2280 5198 ipsum
2320 5136 2695 5196 oll‘endendmn
2735 5147 2962 5214 abduci;
3021 5151 3114 5204 sed
3175 5162 3299 5207 ante
3351 5160 3576 5226 experi-

1995 5225 2197 5276 entiam
2251 5224 2384 5279 iram
2426 5231 2543 5297 ejus
2588 5231 2896 5303 declinare,
2953 5255 3021 5294 ne
3065 5246 3237 5308 puniti
3279 5247 3390 5313 jam
3425 5224 3572 5306 isero

1992 5314 2600 5388 plorantes,aliquando
2666 5329 2880 5382 tandem
2919 5334 3301 5402 adposteriora
3343 5345 3570 5398 cottsilia

1993 5406 2258 5462 inutiliter
2294 5413 2708 5469 ticstemlamus.

2062 5497 2190 5552 luto.
2221 5500 2436 5554 Orictur
2459 5504 2591 5555 sicut
2617 5523 2827 5572 gramen
2841 5511 3104 5577 judicium
3131 5535 3282 5588 super
3305 5525 3567 5579 desertum

1989 5592 2125 5658 agri,
2162 5592 2320 5644 vitulo
2353 5593 2540 5646 domus
2569 5595 2664 5650 ὢν.

2057 5685 2234 5742 (ᾸΧὲίΙ.
2277 5686 2526 5754 Agt'ostis
2561 5691 2800 5746 nascitur
2832 5697 2884 5748 in
2927 5703 3089 5768 agris,
3147 5706 3372 5759 inaratis
3429 5716 3563 5768 pl‘m'

1985 5779 2169 5832 statim
2213 5791 2263 5832 et
2299 5777 2548 5845 dcsct'iis,
2590 5792 2787 5840 terram
2819 5788 3030 5846 obviam
3069 5805 3122 5849 et
3171 5797 3400 5847 vicinam
3446 5801 3564 5838 ma-
