4034 6270
481 500 587 572 245

1473 511 1532 569 S.
1574 510 1848 569 CYRILLI
1887 511 2359 568 ALEXANDRINI
2399 512 2714 569 ARClilEP.

3641 506 3743 565 ΞΗ

482 651 585 706 gua
618 635 830 693 luxurie
879 633 1197 704 corripiens.
1235 633 1420 704 Serpit
1451 634 1595 689 enim
1642 633 1695 688 in
1734 633 1924 698 latum,
1957 649 2039 688 net

2163 634 2308 705 μάλα
2334 631 2600 696 νεανικῶς
2626 631 2726 703 τῆς
2749 628 3174 702 παρατυχούσης
3224 628 3319 681 καὶ
3343 626 3588 695 γείτονος
3616 627 3739 696 γῆς.

404 742 405 747 ‘
490 726 731 783 cohiberi
785 734 962 797 potest
1009 725 1078 781 ab
1114 724 1181 780 iis
1218 724 1309 795 qui
1345 724 1460 794 ejus
1504 724 1644 779 ultra
1706 732 1876 780 metas
1928 738 2054 793 pro-

480 821 818 890 pagationem
852 832 1107 874 coercere
1130 827 1417 873 conantur.
1459 835 1478 869 ι
1501 816 1771 872 Judicium
1808 835 1827 867 ι
1856 816 2051 886 igitur,

481 910 658 981 inquit
710 911 783 982 (ε
824 910 936 966 Deo
977 911 1163 981 utique
1192 908 1277 980 ),¢
1313 907 1475 963 veluti
1526 908 1762 977 agrestis
1809 907 2053 977 quadam

478 1014 645 1071 super
669 1000 940 1056 desertum
970 999 1110 1070 agri,
1145 998 1422 1077 exorietur
1476 999 1643 1052 vituto
1674 997 1868 1053 domus
1900 998 1996 1051 ῶν.
2031 1018 2050 1050 ι

478 1089 712 1145 Perinde
754 1104 818 1145 ac
841 1089 891 1145 si
931 1090 1112 1145 dicat:
1142 1088 1419 1144 Sententia
1475 1088 1796 1158 perditionis
1860 1095 1911 1143 et
1954 1104 2056 1143 nuo

482 1191 568 1237 tus
622 1183 851 1252 puniens
894 1182 1056 1237 erita
1091 1195 1194 1236 me.
1218 1181 1648 1250 Comprehendet
1699 1188 1876 1235 autem
1940 1189 2055 1235 tan-

477 1289 642 1341 quam
681 1274 911 1344 agrestis
944 1274 1193 1338 vitulum,
1225 1274 1341 1328 sive
1379 1273 1522 1327 idola
1563 1274 1768 1343 templi,
1810 1273 2056 1342 quodest

479 1366 533 1420 in
581 1365 810 1431 Bethel;
844 1365 945 1419 hoc
1001 1364 1144 1417 enim
1212 1361 1314 1417 sibi
1365 1361 1475 1416 vult
1508 1380 1527 1414 ι
1561 1362 1752 1417 domus
1776 1361 1872 1416 ὢν.
1911 1383 1928 1416 ι
1964 1362 2055 1419 Sic

478 1470 712 1526 namque
743 1453 834 1510 alii
861 1456 1182 1524 interpretes
1225 1454 1530 1517 ediderunt,
1560 1473 1579 1506 ι
1636 1455 1788 1509 vituli
1855 1454 2052 1510 domus

479 1549 686 1604 Bethel.
734 1567 754 1600 ι
814 1530 1195 1617 δοριιιιιείιιιο’
1234 1545 1394 1619 145
1462 1562 1591 1601 vero
1654 1562 1750 1616 pro
1804 1566 1824 1599 σ
1862 1547 2054 1603 domus

476 1639 684 1705 Betltel,
717 1639 1149 1694 itraustulerunt
1175 1638 1398 1694 «domus
1445 1636 1542 1694 ὢν.
1577 1657 1595 1689 ι
1630 1638 1862 1693 Causam
1888 1653 2052 1707 supra

2165 728 2387 799 Διέρπει
2425 726 2534 798 γάρ
2564 742 2683 789 πως
2721 725 2803 787 εἰς
2834 722 2896 776 τὸ
2940 722 3096 793 εὐρὺ,
3141 720 3236 774 καὶ
3272 718 3353 773 ἔτι
3393 718 3740 787 δυσκαταγὼ-

2164 836 2342 883 νιστος
2383 822 2498 883 τοῖς
2542 817 2822 887 ἀνείργειν
2870 815 3040 884 αὐτῆς
3093 812 3338 868 ἐθέλουσι
3380 813 3473 867 τὸν
3510 812 3599 866 ἀεὶ
3636 810 3739 864 τῶν

2164 912 2588 983 παρακειμένων
2620 909 2880 963 ἐπέκεινα
2920 907 3139 978 δρόμον.
3196 923 3216 957 ι
3249 906 3441 978 Κρίμα
3474 924 3494 958 ι
3537 902 3737 969 τοίνυν,

2164 1005 2319 1076 φησί,
2344 1003 2522 1075 (δῆλον
2544 1002 2623 1069 δὲ,
2651 1003 2731 1056 ὄτι
2758 1002 2888 1072 παρ’
2925 999 3091 1054 αὐτοῦ
3119 998 3216 1052 τοῦ
3244 998 3404 1068 Θεοῦ)
3439 1016 3459 1049 ι
3487 997 3739 1066 καθάπερ

2162 1094 2439 1166 ἄγρωστις
2467 1092 2554 1144 ἐπ’
2582 1090 2755 1162 ἀγροῦ
2783 1090 2981 1162 χέρσον
3024 1087 3272 1143 ἀνατελεί
3300 1085 3378 1157 τῷ
3422 1086 3609 1157 μόσχῳ
3644 1085 3736 1139 τοῦ

2161 1183 2308 1237 οἴκου
2333 1180 2430 1237 ὥν.
2460 1199 2478 1231 ι
2512 1181 2734 1250 Ὅμοιον
2760 1178 2836 1242 ὡς
2865 1179 2914 1231 εί
2943 1177 3111 1246 λέγον
3144 1176 3337 1246 Ψῆφος
3375 1172 3622 1245 ὀλέθρου,
3648 1174 3739 1226 καὶ

2162 1276 2338 1345 νεῦμα
2366 1272 2593 1337 κολάζον
2622 1272 2776 1326 ἔσται
2809 1273 2941 1342 παρ’
2965 1268 3123 1341 ἐμοῦ.
3152 1265 3570 1340 Καταδράξεται
3590 1266 3738 1330 δὲὼς

2161 1372 2438 1441 ἀγρωστις
2470 1365 2565 1420 τοῦ
2603 1366 2830 1436 μόσχου,
2865 1351 2985 1434 ητοι
3010 1361 3120 1416 τῶν
3151 1360 3512 1432 σεϐασμάτων
3544 1357 3637 1413 τοῦ
3660 1357 3739 1412 6v-

2160 1477 2251 1525 τος
2279 1458 2409 1514 ναοῦ
2441 1457 2584 1513 κατά
2614 1456 2713 1527 τὴν
2738 1453 2965 1526 Βαιθὴλ,
3012 1452 3268 1525 σημαίνει
3299 1452 3409 1523 γὰρ
3440 1449 3599 1505 τοῦτο
3637 1469 3655 1501 ι
3677 1450 3735 1504 '0

2158 1548 2307 1615 οἰκος
2331 1548 2425 1604 τοῦ
2466 1548 2561 1602 ὢν.
2595 1567 2613 1601 υ
2634 1545 2998 1602 Ἐκδεδώκασι
3026 1545 3125 1616 μὲν
3149 1546 3258 1616 γάρ
3283 1545 3332 1598 οἰ
3361 1545 3541 1615 ἕτεροι
3574 1542 3731 1598 πάλιν

2160 1642 2517 1716 έρμηνευταί,
2541 1639 2636 1693 τοῦ
2665 1639 2869 1709 μόσχου
2899 1638 2993 1693 τοῦ
3022 1639 3172 1692 οἴκου
3203 1635 3430 1708 autem;
3474 1635 3539 1690 Οἰ
3576 1634 3635 1689 δέ
3670 1651 3731 1704 γε

474 1728 894 1799 explicavimus;
928 1736 1305 1784 verumtamen
1361 1739 1601 1797 repetere
1660 1741 1767 1781 non
1824 1726 2039 1796 pigebit.

2145 1735 2528 1805 Εὸδομήκοντα
2557 1731 2677 1785 ἀντὶ
2726 1730 2820 1784 τοῦ
2877 1749 2896 1782 ι
2932 1730 3083 1783 οἴκου
3131 1727 3358 1800 Βαιθὴλ,
3405 1727 3556 1780 οἴκου
3588 1726 3666 1780 ὢν
3709 1746 3726 1777 ι

476 1821 641 1875 Lunae
674 1821 863 1886 illium,
892 1821 1023 1876 solis
1070 1829 1317 1891 nepotem
1347 1819 1482 1889 Apin
1538 1817 1779 1889 .Egyptii
1842 1817 2039 1873 fabula~

2158 1827 2435 1897 εἰρήκασι.
2485 1824 2595 1877 Καὶ
2638 1823 2736 1894 τὴν
2785 1822 2965 1876 αἰτίαν
3005 1820 3104 1893 ἤδη
3158 1820 3494 1890 προείπομεν
3532 1818 3591 1871 ὲν
3624 1820 3732 1882 τοῖς

473 1915 698 1975 bantur,
730 1911 869 1980 apud
901 1925 1040 1980 quos
1075 1909 1158 1965 sol
1185 1915 1270 1963 est
1309 1927 1329 1959 ι
1355 1906 1451 1960 ὧν.
1483 1923 1501 1957 ι
1537 1906 1616 1959 Ad
1654 1912 2039 1973 repraesentan-

2156 1917 2432 1989 ἀνωτέρω.
2461 1914 2607 1986 Πλὴν
2634 1913 2785 1968 οὐδὲν
2815 1912 3095 1976 ὀκνοῦντες
3120 1912 3526 1983 ὑπομνήσομεν.
3568 1908 3732 1979 Σελή-

475 2005 600 2060 dum
631 2018 760 2061 vero
785 2003 923 2074 Apin
972 2012 1092 2058 erat
1124 2001 1342 2068 vitulus,
1374 2014 1533 2070 quem
1578 1997 1706 2053 fecit
1735 1996 2039 2053 Jeroboam.

2149 2027 2245 2079 νης
2274 2010 2372 2079 μὲν
2407 2007 2516 2079 γὰρ
2542 2007 2729 2060 τέκνον
2749 2047 2764 2070 ,
2792 2004 3014 2074 ἔκγονον
3047 2006 3105 2060 δὲ
3136 2004 3289 2076 ἡλίου
3316 2004 3408 2056 τὸν
3434 2002 3602 2056 Ἀπιν
3641 2001 3733 2055 Δί-

474 2096 661 2166 ltaque
685 2103 743 2150 ut
765 2092 999 2165 agrestis
1054 2092 1539 2163 comprehenderis,
1579 2092 1772 2161 inquit,
1817 2096 1873 2144 et
1926 2090 2039 2143 vin-

2156 2102 2375 2172 γύπτιοι
2410 2097 2921 2171 μυθοπλαστοῦντες
2950 2097 3156 2166 ἔλεγον.
3195 2096 3322 2150 «Ὧν
3343 2114 3361 2148 i
3388 2094 3446 2148 δέ
3467 2095 3585 2147 ἐστι
3610 2094 3731 2148 κατ’

474 2201 605 2242 cens
641 2183 900 2254 quidquid
943 2183 1228 2254 apponitur
1260 2183 1685 2246 obstarulurutn,
1727 2180 1989 2251 judicium
2024 2193 2039 2232 ι

2153 2196 2352 2258 αὐτοὺς
2400 2196 2429 2247 ὁ
2466 2191 2638 2263 ἥλιος.
2677 2191 2773 2255 Εἰς
2805 2191 2976 2244 τύπον
3021 2190 3078 2244 δὲ
3118 2187 3212 2244 τοῦ
3255 2189 3384 2259 παρ’
3415 2185 3731 2255 Αἰγυπτίοις

474 2291 562 2331 me
604 2277 945 2331 exercebitur
976 2294 996 2328 ι
1029 2275 1195 2330 vitulo
1228 2275 1420 2330 domus
1473 2273 1602 2339 6w,»
1667 2275 1783 2328 sive
1842 2270 2039 2327 Bethel.

2155 2285 2439 2351 Ἀπιδοςή
2472 2282 2707 2352 δάμαλις
2732 2277 2823 2352 ἦν,
2856 2282 2924 2352 ἥν
2950 2280 3207 2352 ἐποίησεν
3248 2277 3553 2350 Ἱεροϐοάμ.
3593 2276 3730 2332 Οὐκ-

473 2370 701 2436 Semper
730 2367 877 2421 enim
924 2366 1164 2421 divinum
1190 2381 1387 2421 numen
1420 2366 1624 2421 viribus
1661 2364 1823 2435 pollet
1881 2363 2039 2418 maxi-

2150 2376 2262 2439 οῦν,
2293 2375 2368 2438 ὡς
2388 2375 2665 2444 ἀγρωστις
2689 2373 3198 2444 καταδραττομένη,
3224 2372 3378 2443 φησι,
3410 2372 3504 2425 καὶ
3523 2369 3728 2424 νικῶσα

473 2460 598 2527 mis,
624 2468 678 2515 et
710 2459 832 2530 ejus
871 2459 1024 2515 nutui
1071 2459 1327 2514 resistere
1391 2458 1522 2512 nihil
1576 2459 1739 2511 valet.
1772 2476 1790 2507 ι
1834 2454 2047 2508 Manum

472 2552 616 2605 enim
684 2550 953 2607 excelsam
1017 2552 1141 2621 quis
1194 2560 1404 2604 avertet
1450 2550 1496 2581 ⁸⁵
1544 2551 1569 2602 ?-
1609 2567 1629 2601 ι
1686 2558 1743 2602 ιιι
1790 2547 2047 2615 scriptum

470 2649 573 2694 εει.

546 2915 707 2970 Vens.
733 2915 784 2969 5.
814 2914 1085 2985 Peregrini
1102 2924 1150 2969 et
1174 2914 1367 2968 accola:
1394 2925 1545 2968 erant
1573 2915 1869 2968 habitantes
1930 2912 2036 2968 Sa-

464 3008 721 3073 mariam,
745 3007 872 3075 quia
892 3006 1028 3060 lusit
1057 3004 1279 3074 populus
1309 3005 1422 3074 ejus
1459 3021 1614 3072 super
1647 3020 1787 3059 eum.
1817 3003 1881 3058 Et
1911 3007 2044 3060 sicut

468 3095 909 3151 exacerbarsrunt
935 3110 1077 3160 eum,
1106 3095 1404 3164 gaudebunt
1449 3112 1602 3168 super
1652 3095 1874 3166 gloriam
1907 3098 2040 3166 ejus.

536 3285 724 3342 CXIV.
765 3284 844 3340 En
907 3285 1138 3342 dilucide
1192 3285 1433 3341 declarat
1476 3286 1738 3356 judicium
1787 3301 2036 3359 compreo

2150 2468 2260 2520 πᾶν
2324 2469 2448 2521 ὅσον
2484 2467 2601 2520 ἐστί
2634 2465 3041 2535 παρακείμενον
3075 2465 3251 2536 κρίμα
3281 2464 3572 2534 γενήσεται
3601 2460 3729 2531 παρ’

2148 2557 2320 2629 ἐμοῦ,
2366 2577 2385 2608 ι
2423 2558 2500 2627 τῷ
2533 2559 2717 2629 μόσχῳ
2769 2558 2865 2610 τοῦ
2910 2555 3063 2610 οἴκου
3110 2555 3226 2619 ὢν,
3265 2573 3285 2608 ι
3336 2556 3456 2628 ητοι
3501 2551 3724 2624 Βαιθήλ.

2149 2648 2431 2713 Παναλκὲς
2460 2650 2569 2723 γὰρ
2596 2649 2657 2702 τὸ
2686 2649 2829 2702 θεῖον
2856 2649 2962 2711 ἀεὶ,
2993 2649 3087 2701 καὶ
3117 2649 3229 2710 τοῖς
3257 2646 3425 2700 αὑτοῦ
3463 2645 3726 2715 νεύμασιν

2146 2742 2299 2797 οὐδὲν
2335 2742 2489 2796 ἔσται
2527 2741 2591 2795 τὸ
2633 2739 3011 2796 ἀντιστατοῦν.
3066 2761 3081 2792 ι
3118 2739 3229 2811 Τὴν
3272 2738 3382 2808 γὰρ
3431 2741 3593 2808 χεῖρα
3628 2734 3727 2806 τὴν

2148 2834 2357 2906 ὑψηλὴν
2392 2834 2479 2898 τίς
2515 2835 2885 2905 ἀποστρέψει;
2927 2852 2944 2886 ι
2990 2833 3130 2887 κατὰ
3159 2831 3221 2884 τὸ
3246 2829 3655 2900 γεγραμμένον.

2216 2927 2707 2998 Παροικήσουσιν
2764 2931 2819 2980 οι
2866 2923 3286 2987 κατοικοῦντες
3352 2917 3724 2988 Σαμάρειαν,

2146 3022 2235 3075 ὅτι
2263 3018 2601 3088 ἐπένθησεν
2629 3017 2779 3083 λαὸς
2804 3014 2991 3070 αὑτοῦ
3027 3015 3121 3067 ἐπ’
3151 3012 3356 3068 αὐτόν.
3391 3010 3501 3064 Καὶ
3530 3007 3726 3074 καθὼς

2145 3111 2598 3181 παρεπίκραναν
2643 3109 2848 3172 αὑτὸν,
2886 3103 3312 3173 ἐπιχαροῦνται
3354 3093 3452 3153 ἐάί
3485 3099 3601 3168 τὴν
3629 3099 3727 3154 δό-

2145 3203 2262 3268 ξαν
2286 3200 2494 3257 αὐτοῦ.

2216 3296 2360 3349 ΡΙΔ¹.
2424 3293 2557 3347 Ἰδοὺ
2603 3292 2667 3362 δὴ
2720 3290 3038 3359 καθίστησιν
3086 3285 3313 3357 ἐναργὲς
3342 3285 3403 3338 τὸ
3434 3284 3611 3355 κρίμα
3663 3283 3725 3338 τὸ

467 3379 710 3435 hendens
762 3376 1009 3443 vitulum,
1040 3387 1096 3433 et
1157 3379 1332 3433 instar
1381 3378 1614 3446 agrestis
1670 3393 1729 3433 se
1778 3379 2036 3433 dilatandi

2145 3361 2663 3455 καταδραττόμενονί
2683 3378 2776 3434 τοῦ
2823 3379 3046 3450 μόσχου,
3072 3376 3168 3431 καὶ
3197 3377 3530 3447 ἀγρώστεως
3570 3373 3724 3444 δίκην

464 3469 572 3523 vim
609 3470 836 3535 habens,
868 3477 1057 3524 contra
1087 3484 1206 3539 quae
1228 3470 1338 3523 Deo
1379 3468 1551 3523 visum
1587 3468 1768 3524 fuerit.
1801 3469 2046 3524 Meminit

465 3570 645 3617 autem
690 3570 747 3617 et
786 3577 929 3616 iiunc
963 3562 1222 3628 historiae,
1253 3576 1415 3630 quam
1468 3558 1649 3616 allerri
1692 3563 1746 3617 in
1806 3562 2040 3618 medium

463 3668 555 3708 res
627 3650 893 3723 postulat,
930 3652 1088 3708 aliter
1145 3652 1292 3708 etaim
1339 3654 1618 3708 oraculum
1662 3654 1803 3709 haud
1861 3656 2038 3724 perci-

467 3743 704 3812 piemus.
759 3742 1020 3799 Solebant
1058 3754 1248 3799 ontues
1306 3745 1396 3814 qui
1430 3745 1568 3799 idola
1604 3745 1920 3815 suppliciter
1953 3761 2042 3801 ve,

464 3835 822 3902 uerebantur,
865 3837 1079 3891 miseris
1131 3837 1465 3906 temporibus
1530 3845 1585 3891 et
1649 3837 1895 3893 hostibus
1954 3837 2040 3892 inc

462 3925 802 3997 gruentibus,
833 3926 884 3982 si
928 3927 1108 3997 inopia
1167 3927 1409 3998 pecunia:
1468 3926 1930 3992 conﬂictarentur,
1964 3930 2041 3997 ip-

463 4032 524 4072 sa
568 4030 782 4087 quoque
846 4016 1166 4088 templorum
1213 4016 1555 4073 anathemata
1607 4027 1660 4072 et
1697 4017 1921 4072 donaria
1973 4019 2039 4073 ad

463 4124 621 4166 nsum
645 4123 798 4165 suum
823 4119 1160 4166 convertere.
1191 4109 1470 4166 Traditum
1496 4121 1578 4167 est
1601 4110 1779 4182 itaque
1811 4112 1862 4165 in
1886 4109 2039 4166 libris

464 4200 698 4272 Regum,
738 4217 867 4273 rege
902 4201 1074 4274 Syriae
1108 4202 1343 4259 Manaim
1371 4203 1533 4259 urbes
1569 4203 1835 4259 Samaria:-
1861 4203 2037 4259 adori-

460 4304 607 4361 ente,
656 4303 767 4348 tum
807 4307 987 4366 regem
1019 4296 1257 4363 lsraelis,
1281 4297 1422 4366 quod
1452 4312 1608 4367 pares
1659 4299 1725 4352 ad
1778 4297 2036 4353 resisten-

461 4389 588 4442 dum
640 4388 825 4457 copias
873 4400 979 4442 non
1024 4386 1267 4454 haberet,
1303 4388 1374 4443 ad
1422 4388 1652 4444 Phulam
1690 4390 2035 4460 Assyriorum

458 4493 641 4550 regem
687 4480 893 4550 legatos
935 4478 1167 4545 misisse,
1213 4495 1445 4549 eumque
1500 4482 1658 4536 donis
1712 4481 1990 4550 impulisse
2017 4521 2032 4546 ,

457 4570 536 4625 uti
574 4584 636 4626 se
691 4568 994 4638 adjuvaret,
1024 4577 1077 4622 et
1105 4565 1301 4640 Syrum
1351 4568 1666 4638 depelleret;
1700 4569 1841 4637 quod
1865 4577 1920 4624 et
1947 4566 2032 4622 Γυ-

455 4670 603 4715 ctum
659 4668 767 4719 est.
800 4657 858 4713 Vi
896 4659 1040 4712 cnim
1075 4668 1130 4713 et
1183 4659 1379 4713 virtute
1434 4658 1754 4715 Damascum
1798 4673 2034 4729 occupa-

2143 3479 2531 3551 ὲξευρύνεσθαι
2562 3475 2828 3545 πεφυκὸς,
2854 3472 2974 3526 καθ’
3005 3465 3192 3543 ὧνπερ
3219 3471 3285 3524 ἀν
3308 3469 3553 3540 βούλοιτο
3569 3468 3721 3532 Θεός.

2156 3571 2420 3643 Ἱστορίας
2457 3569 2514 3622 δὲ
2543 3567 2913 3638 διαμέμνηται
2944 3565 3038 3619 καὶ
3065 3562 3177 3625 νῦν,
3208 3564 3274 3635 ἣν
3309 3564 3610 3631 ἀναγκαῖον
3644 3563 3721 3614 εἰ·

2150 3666 2292 3716 πεῖψ
2330 3662 2651 3731 συνήσωμεν
2678 3657 2786 3727 γὰρ
2817 3657 2933 3719 ὡδὶ,
2970 3657 3062 3708 καὶ
3076 3654 3418 3724 ούχπέτέρως,
3437 3652 3500 3705 τὸ
3519 3666 3723 3722 χρησμ-

2140 3751 2461 3824 ῳδούμενον.
2500 3748 2663 3810 Ἔθος
2700 3743 2768 3818 ἦν
2811 3746 2981 3799 ἅπασι
3011 3747 3120 3808 τοῖς
3151 3743 3384 3797 εἰδώλων
3414 3758 3721 3813 προσκυνη-

2139 3846 2283 3908 ταϊς,
2315 3841 2509 3914 καιροῦ
2535 3838 2973 3899 καταθλίϐοντος,
3001 3837 3095 3889 καὶ
3118 3834 3397 3905 πολεμίων
3420 3833 3719 3903 ἐφεστηκό-

2138 3953 2268 4000 των,
2303 3935 2351 3987 εἰ
2381 3935 2440 3987 ὲν
2477 3931 2654 4001 ένδεία
2686 3929 2931 3998 γένοιντο
2968 3928 3288 3999 χρημάτων,
3320 3925 3589 3980 ἅπτεσθαι
3628 3926 3719 3978 καὶ

2140 4022 2319 4080 αὐτῶν
2352 4020 2459 4076 τῶν
2492 4021 2549 4075 ὲν
2591 4021 2705 4081 τοῖς
2736 4017 3019 4088 τεμένεσιν
3065 4015 3453 4088 ἀναθημάτων.
3510 4016 3719 4086 Γέγρα-

2141 4130 2270 4167 πται
2297 4114 2476 4166 τοίνυν
2521 4112 2580 4164 ὲν
2619 4112 2736 4174 ταῖς
2777 4109 3117 4175 Βασιλείαις,
3168 4111 3252 4163 ὅτι
3305 4107 3719 4180 πολιορκοῦντος

2137 4206 2233 4268 τὰς
2271 4206 2330 4260 ἐν
2370 4202 2656 4276 Σαμαρείᾳ
2699 4201 2881 4264 πόλεις
2921 4200 3013 4254 τοῦ
3048 4201 3310 4269 βασιλέως
3341 4201 3566 4272 Συρίας,
3602 4200 3719 4254 Μα-

2138 4299 2292 4370 ναῖμ,
2332 4299 2393 4352 τὸ
2423 4298 2679 4369 τηνικάδε
2732 4296 3031 4367 βασιλεύων
3054 4296 3146 4349 ἐπὶ
3189 4296 3279 4348 τὸν
3321 4294 3558 4366 Ἰσραὴλ,
3599 4288 3718 4346 εἶτα

2137 4394 2256 4452 ταῖς
2291 4392 2435 4454 ἰσαις
2466 4391 2762 4459 δυνάμεσιν
2786 4390 3175 4458 ἀντιφέρεσθαι
3219 4389 3354 4459 πρὸς
3379 4389 3588 4441 ἐκεῖνον
3618 4387 3718 4440 οὐκ

2134 4483 2298 4552 ἔχων,
2331 4480 2699 4551 έπρεσδεύετο
2731 4480 2866 4551 πρὸς
2898 4482 3103 4535 Φούλαν
3135 4480 3224 4533 τὸν
3262 4478 3371 4533 τῶν
3416 4478 3716 4550 Ἀσσυρίων

2139 4573 2379 4645 βασιλέα,
2413 4572 2508 4627 καὶ
2539 4570 2732 4643 δώροις
2765 4573 3047 4628 ἀνέπειθεν
3085 4571 3367 4642 ὲπαμῦναί
3392 4570 3451 4625 τέ
3479 4572 3566 4636 οἰ,
3623 4569 3717 4625 καί

2137 4666 2442 4735 ἀποστῆσαι
2467 4664 2559 4718 τὸν
2598 4663 2790 4736 Σύρον,
2819 4665 2849 4718 ὃ
2880 4664 2944 4737 δὴ
2970 4667 3063 4720 καὶ
3089 4666 3418 4720 τετέλεσται.
3452 4658 3578 4718 Εἷλε
3608 4664 3715 4733 γὰρ

458 4755 551 4819 vit,
588 4758 874 4823 ipsumque
914 4752 1060 4806 Ader
1114 4751 1408 4806 interfecit.
1450 4752 1614 4806 Aiunt
1656 4753 1837 4822 igitur,
1889 4757 2034 4823 quod

2145 4762 2347 4822 ἐκεῖνος
2380 4756 2523 4811 κατά
2565 4757 2765 4829 κράτος
2800 4756 2899 4827 τὴν
2933 4735 3250 4828 Δαμασκόν.
3271 4756 3633 4827 ’Δποσφάττει
3657 4756 3713 4809 δὲ

455 4862 576 4901 cum
610 4845 799 4917 ingens
831 4843 946 4899 auri
971 4842 1177 4914 pondus
1200 4855 1547 4913 quaereretur,
1573 4844 1623 4898 in
1651 4859 1742 4901 eus
1761 4848 2036 4915 angustias

455 4939 688 4994 Manaim
735 4938 1038 5009 conjectum
1092 4950 1237 5004 esse,
1280 4946 1335 4990 ut
1367 4951 1529 4991 unum
1560 4951 1775 5007 quoque
1808 4938 2029 4994 vitulum

457 5046 680 5087 aureum
731 5030 1095 5095 subtraheret,
1132 5039 1187 5084 et
1242 5042 1335 5098 per
1369 5028 1573 5099 legatos
1622 5030 1725 5084 illis
1755 5030 2032 5087 transmit-

453 5132 614 5178 teret.
662 5121 932 5193 Lusitque
962 5119 1147 5185 israel,
1176 5136 1321 5186 cum,
1360 5136 1520 5191 quem
1576 5123 1801 5192 putabat
1829 5123 2022 5189 Deum,

374 5282 386 5288 _
451 5215 560 5271 alio
595 5216 732 5269 mitti
772 5214 1139 5286 conspiceret,
1165 5213 1431 5270 Credebat
1464 5215 1834 5280 nihilominus,
1859 5214 2026 5271 frivo-

452 5308 518 5361 lis
596 5308 894 5365 rationibus
938 5323 996 5366 se
1060 5308 1233 5378 ipsum
1312 5308 1621 5373 consolans,
1675 5307 2025 5379 Babylonium

451 5401 599 5457 hunc
650 5401 872 5456 vitulum
912 5404 965 5457 in
1017 5403 1213 5472 templo
1278 5399 1481 5470 majore
1508 5411 1561 5456 et
1592 5403 1886 5459 illuStriore
1915 5402 2027 5459 eol-

449 5490 771 5547 locaturum.
827 5494 1089 5565 Praeterea
1120 5512 1148 5549 a
1184 5496 1426 5563 pluribus
1462 5495 1711 5565 gentibus
1740 5497 2020 5552 adoratum

448 5583 517 5639 iri
571 5562 893 5652 opinabath
920 5602 932 5638 :
960 5601 1124 5654 quam
1159 5562 1400 5655 plurimae
1427 5562 1692 5658 siquidem
1734 5585 2020 5643 Persarum

447 5685 503 5731 et
568 5673 845 5729 Medorum
895 5686 1083 5741 gentes
1151 5690 1522 5735 numerantur.
1566 5678 1799 5733 Manaim
1864 5679 2023 5750 igitur

447 5766 673 5823 vitulum
707 5775 763 5820 ut
795 5773 934 5832 erat,
973 5773 1143 5821 totum
1193 5781 1256 5821 ex
1317 5785 1446 5824 auro
1512 5785 1648 5838 puro
1706 5779 1832 5839 puto
1888 5784 2021 5826 con-

529 5950 576 5981 “
599 5947 698 6003 ιδιι.
734 5963 844 6017 stv,
873 5948 964 6005 ‘27.

2139 4853 2231 4905 καὶ
2260 4850 2422 4904 αὐτὸν
2450 4850 2541 4904 τὸν
2570 4849 2750 4920 Ἀδερ.
2780 4849 2915 4903 Φασὶ
2946 4850 3146 4916 τοίνυν,
3174 4851 3255 4903 ὅτι
3296 4848 3553 4920 πλείστης
3584 4850 3713 4918 ὅσης

2134 4942 2301 5013 ὁλκῆς
2327 4941 2665 5013 ζητουμένης
2691 4940 2935 5015 χρυσίου,
2953 4941 3216 5013 περιέστη
3242 4940 3428 4995 λοιπὸν
3458 4942 3536 5004 εἰς
3556 4939 3712 4993 τοῦτο

2135 5033 2213 5103 τῷ
2238 5030 2467 5101 Μαναῖμ
2516 5030 2763 5101 ἀνάγκης
2786 5030 2854 5084 τά
2883 5030 3209 5100 πράγματα,
3249 5030 3327 5094 ὡς
3350 5032 3444 5084 καὶ
3473 5030 3602 5101 μίαν
3627 5029 3712 5083 δά-

2139 5125 2301 5195 μαλιν
2334 5122 2627 5193 ὑφελέσθαι
2667 5120 2896 5192 χρυσῆν,
2929 5123 3022 5175 καί
3047 5123 3462 5176 συναποστεῖλαι
3490 5121 3581 5176 διὰ
3605 5121 3711 5174 τῶν

2137 5216 2438 5287 πρέσϐεων.
2471 5214 2579 5267 Καὶ
2608 5212 2908 5284 τεθρήνηκε
2942 5213 3041 5283 μὲν
3063 5213 3340 5285 ὀἸσραὴλ,
3370 5216 3437 5284 ἣν
3463 5214 3710 5284 ἐνόμιζεν

2135 5304 2272 5362 εἶναι
2302 5308 2457 5370 Θεὸν,
2498 5306 2926 5376 ὲκπεμπομένην
2954 5306 3117 5378 ὀρῶν.
3149 5307 3306 5377 ᾭετό
3343 5323 3404 5374 γε
3441 5308 3570 5376 μὴν,
3603 5305 3708 5375 ψυο

2136 5402 2285 5471 χροῖς
2315 5399 2505 5453 ἑαυτὸν
2534 5397 2813 5466 λογισμοῖς
2855 5395 3372 5467 παραμυθούμενος,
3398 5397 3475 5460 ὼς
3504 5398 3562 5449 ὲν
3592 5396 3708 5466 μεί-

2134 5492 2283 5556 ζοσιν
2320 5490 2605 5555 ἔσται,καί
2630 5487 3036 5559 λαμπροτέροις
3069 5486 3240 5558 αὐτὴν
3268 5487 3539 5559 ὲνιδρύσει
3561 5488 3707 5551 ναοῖς

2128 5587 2157 5639 ὁ
2190 5582 2548 5644 Βαϐυλώνιος.
2598 5580 2840 5634 Διέκειτο
2874 5576 2930 5633 δὲ
2958 5580 3093 5647 πρὸς
3123 5579 3335 5644 τούτοις
3360 5625 3374 5648 ,
3420 5582 3504 5635 ὅτι
3542 5596 3706 5654 προσ-

2132 5675 2497 5746 κυνηθήσεται
2544 5674 2640 5727 καί
2666 5671 2816 5744 παρά
2850 5671 3115 5726 πλειόνων
3156 5672 3347 5726 ἐθνῶν
3397 5672 3566 5744 μυρία
3597 5672 3705 5741 γὰρ

2130 5771 2229 5825 ὅσα
2262 5770 2376 5823 ἐστὶ
2411 5767 2479 5822 τὰ
2505 5766 2731 5842 Περσῶν
2757 5783 2818 5821 τε
2845 5766 2938 5823 καὶ
2972 5763 3173 5837 Μήδων
3213 5764 3359 5835 ἔθνη.
3400 5766 3457 5820 ’0
3484 5766 3583 5838 μὲν
3613 5761 3705 5819 οῦν
