4034 6270
288 505 397 560 (245

1200 496 1752 556 COMMENTARIUS
1790 499 1858 555 IN
1900 499 2133 557 OSEAM
2165 503 2605 559 PROPilETAM.

3419 505 3525 563 246

295 619 520 690 Μαναῒμ,
538 618 607 681 ὡς
633 615 764 687 δλην
792 608 960 670 οὖσαν
985 616 1162 669 διόλου
1203 619 1434 688 χρυσῆν,
1467 618 1724 689 πέπομφε
1752 619 1851 690 τὴν

1970 620 2138 677 latum
2193 622 2359 677 misit.
2400 621 2560 693 ιω
2604 622 2771 688 Quem
2823 620 3015 676 Pbulas
3069 631 3346 691 acceptum
3398 638 3530 679 con-

298 710 592 783 δάμαλιν.⁰0
638 709 696 763 δέ
732 725 800 777 γε
830 708 1039 772 Φούλας
1084 708 1377 763 συνέθλασε
1412 709 1623 764 λαϐώψ
1658 710 1847 782 ἕτερον

299 805 390 874 γὰρ
418 804 540 874 παρ’
588 801 820 865 ἐκείνοις
849 801 912 855 τὸ
948 800 1134 868 σέϐας,
1184 801 1280 856 καὶ
1307 802 1593 873 δαμάλεως
1622 803 1722 855 οὐκ
1749 802 1847 870 ἀν,-

294 897 508 964 έχονται.
552 888 684 948 Εἶτά
726 911 894 966 φησιν
951 894 1048 964 οὐχ
1099 893 1375 965 ηὑρῆσθαι
1430 894 1674 967 χρυσῆν,
1720 894 1851 948 ὑπό-

291 983 474 1054 χαλκον
501 983 555 1037 δὲ
583 982 805 1054 μᾶλλον,
830 982 1022 1053 χρυσῷ
1054 982 1531 1053 διαπεπασμένην.
1548 982 1849 1047 Ἐντεῦθεν,

291 1074 803 1147 φησὶν,όἈσσύριος
828 1075 1061 1144 ἐγέλασε
1078 1074 1171 1130 τὸν
1199 1075 1744 1148 Ἐφραῖμ,τουτέστι,
1760 1078 1852 1132 τὸν

289 1166 529 1237 Μαναῖμ,
577 1166 667 1222 τὸν
711 1169 778 1222 ἐκ
819 1167 994 1237 φυλῆς
1036 1166 1277 1239 Ἑφραῒμ
1345 1167 1720 1238 βασιλεύοντα.
1766 1171 1855 1223 Δι-

290 1257 478 1310 ἐπτυσε
520 1257 574 1311 δὲ
611 1258 746 1329 πρὸς
782 1258 958 1329 τούτῳ
993 1259 1090 1313 καὶ
1139 1258 1240 1323 τὰς
1273 1258 1366 1312 τοῦ
1409 1259 1623 1331 Ἰσραὴλ
1657 1261 1853 1314 εἰκαιο-

289 1348 519 1412 δουλίας.
556 1350 849 1421 Εἰρηκότες
874 1351 941 1422 δὴ
985 1345 1079 1404 οὖν
1116 1351 1218 1422 τῆς
1258 1350 1517 1422 ἱστορίας,
1552 1352 1719 1422 ήγουν
1758 1351 1856 1423 τῆς

300 1438 558 1511 Ἑϐραίων
592 1441 939 1512 παραδόσεως
969 1441 1062 1494 τὸν
1089 1440 1267 1509 λόγον,
1318 1441 1449 1512 φέρε
1475 1441 1659 1496 λοιπὸν
1697 1441 1858 1510 ἀναγ-

281 1531 451 1595 καίως
475 1531 851 1603 ἐπιτρέχωμεν
870 1532 967 1604 τὴν
983 1531 1148 1596 λέξιν.
1176 1532 1556 1595 Δυσκάτοπτος
1580 1532 1709 1604 γὰρ,
1734 1534 1857 1586 Ὀτι

275 1621 710 1691 παροικήσουσιν
749 1624 796 1675 οἱ
835 1620 1215 1687 κατοικοῦντες
1244 1622 1582 1695 Σαμάρειαν,
1615 1624 1677 1679 τὸ
1714 1640 1857 1697 παρ-

279 1711 608 1781 οικὴσουσιν,
671 1713 792 1766 ἀντὶ
828 1712 919 1766 τοῦ
968 1714 1406 1784 μετοικήσουσιν,
1454 1713 1573 1784 ἦτοι
1622 1730 1860 1785 μετοικι-

289 1800 588 1872 σθήσονται,
618 1804 810 1874 φησὶν,
835 1804 885 1857 οι
908 1802 999 1858 νῦν
1019 1803 1170 1868 ὄντες
1194 1805 1254 1858 ἐν
1284 1804 1586 1877 Σαμαρείᾳ.
1609 1804 1772 1873 Λέγει
1800 1804 1860 1858 δὲ

290 1894 414 1957 τοὺς
443 1891 696 1964 μόσχους,
714 1894 832 1965 ῆτοι
849 1893 945 1958 τὰς
989 1894 1248 1967 δαμάλεις
1287 1893 1706 1967 ἐξεπέμφθησαν
1728 1896 1857 1967 γὰρ,

296 1987 372 2048 ὡς
402 1985 556 2055 ἔφην,
590 1987 671 2049 εἰς
703 1966 1086 2052 Βαϐυλωνίους.
1119 2006 1140 2042 ι
1191 1988 1302 2042 Καὶ
1343 1986 1609 2059 ἐπένθησε
1639 1987 1741 2059 μὲν
1769 1988 1858 2041 ἐπ’
1890 1966 1935 2022 Β

297 2077 483 2139 αὐτοῖς
519 2079 548 2131 ὁ
576 2076 702 2141 λαὸς
729 2076 917 2132 αὐτοῦ.
955 2096 973 2130 ι
1016 2079 1170 2143 Τίνος
1194 2079 1252 2133 δὲ
1281 2078 1481 2146 αὐτοῦς
1515 2079 1551 2151 ἢ
1571 2077 1753 2150 δῆλον,
1776 2079 1858 2134 δτι

299 2170 394 2225 τοῦ
421 2169 518 2237 ὢν,
546 2170 575 2224 ὃ
596 2172 728 2238 ἐστι,
752 2170 845 2225 τοῦ
866 2171 1116 2238 ’Δπιδος;
1146 2171 1280 2244 πλὴν
1298 2172 1373 2236 ὡς
1398 2169 1677 2243 ὤφθησαν,
1696 2171 1854 2243 φησὶ,

301 2262 849 2333 παραπικραινοντες,
893 2263 984 2318 καὶ
1023 2261 1377 2333 ἀτιμάζοντες
1422 2262 1587 2319 αὑτὸν
1627 2262 1717 2317 διὰ
1760 2262 1858 2317 τοῦ

296 2352 537 2423 πέμπειν
585 2353 807 2424 ἑτέροις,
853 2353 997 2409 οὕτω
1049 2353 1375 2426 ἡσθήσονται
1407 2355 1501 2409 ἐπὶ
1552 2355 1651 2429 τὴν
1701 2353 1857 2421 δόξαν

293 2443 477 2498 αὑτοῦ.
502 2442 765 2516 Νομιοῦσι
790 2444 920 2516 γὰρ,
942 2446 1023 2500 ὅτι
1054 2446 1150 2500 καὶ
1177 2446 1313 2500 πολὺ
1335 2445 1456 2501 λίαν
1481 2445 1868 2516 εὐκλεέστερος

294 2535 462 2603 ἔσται,
510 2536 661 2607 παρὰ
693 2536 955 2591 πλειόνων
984 2537 1157 2592 ἐθνῶν
1188 2538 1687 2609 προσκυνούμενος.
1725 2536 1867 2590 Ἀλλ’

292 2627 640 2698 ἡμαρτήκασι
682 2626 784 2698 τῆς
831 2627 1069 2692 ἐλπίδος.
1105 2627 1548 2701 Συντέθραυσται
1599 2628 1732 2700 γὰρ,
1772 2627 1868 2681 καὶ

291 2716 522 2785 γέλωτος
545 2717 773 2789 ἀφορμὴ
810 2720 923 2783 τοῖς
949 2717 1313 2781 Βαϐυλωνίοις
1355 2713 1447 2788 ἦν.
1477 2716 1687 2773 Οὐκοῦν
1718 2733 1868 2772 τετα-

290 2807 641 2881 λαιπὼρηκεν
690 2812 726 2881 ἠ
771 2809 941 2881 στήλη
998 2808 1179 2863 αὐτῶν
1223 2807 1364 2863 κατὰ
1413 2807 1512 2879 τὴν
1561 2807 1725 2861 αὑτοῦ
1773 2807 1867 2861 τοῦ

291 2902 576 2972 προφήτου
611 2901 821 2972 φωνήν.
854 2900 1283 2979 Παρεπίκραναν
1313 2899 1369 2953 δὲ
1400 2898 1493 2954 τὸν
1526 2899 1751 2969 μόσχον,
1772 2899 1871 2968 οὐχ

287 2994 366 3049 ὅτι
418 2992 853 3065 παρεπικράνθη
903 2990 1047 3046 κατὰ
1087 2991 1149 3045 τὸ
1194 2990 1425 3062 ἀληθέςο
1484 2990 1601 3054 πῶς
1644 2990 1750 3063 γὰρ
1805 2987 1871 3042 ἂν

288 3086 441 3140 τοῦτο
494 3083 776 3140 πέπονθεν
823 3080 1150 3155 ἀναίσθητος
1183 3082 1315 3155 GM;
1350 3081 1467 3136 ἀλλ’
1500 3082 1582 3137 ὅτι
1621 3080 1731 3134 τῶν
1776 3081 1871 3148 ἐγ-

1950 712 2112 783 fregit
2142 730 2158 780 ;
2184 713 2328 767 aliud
2370 714 2513 768 enim
2561 728 2758 768 numen
2817 712 3026 784 Assyrii
3076 712 3279 778 colunt,
3321 729 3420 769 nec
3453 716 3529 769 vi-

1952 804 2122 856 tulum
2170 803 2472 871 patiuntur.
2507 802 2697 857 Postea
2730 817 2833 857 non
2879 804 3109 873 amplius
3138 819 3383 870 aureum,
3434 807 3528 861 sed

1950 906 2015 946 ex
2049 907 2154 946 acre
2177 905 2415 959 auroque
2446 892 2788 947 commistum
2823 894 3096 950 exstitisse
3130 907 3370 953 narrant.
3396 896 3531 952 lline

1950 983 2232 1053 Assyrium
2262 982 2497 1038 irrisisse
2543 983 2818 1053 prraim,
2859 983 2961 1039 hoc
3007 994 3111 1050 est,
3164 986 3391 1041 Manaim
3447 1003 3531 1043 re-

1951 1089 2071 1144 gem
2130 1074 2196 1130 de
2256 1073 2399 1129 tribu
2424 1073 2701 1145 Epltraim,
2745 1083 2802 1129 et
2830 1075 3116 1130 stultitiam
3151 1076 3368 1134 israelis
3396 1094 3529 1134 cou-

1957 1166 2253 1236 tempsisse.
2279 1166 2531 1237 Exposita
2558 1166 2720 1237 igitur
2750 1166 2998 1233 historia,
3021 1166 3134 1222 sive
3182 1167 3533 1226 Hebraeorum

1957 1256 2262 1322 traditione,
2299 1272 2398 1328 age
2429 1257 2681 1328 deinceps
2711 1258 2873 1313 verba
2908 1267 3193 1315 contextus
3220 1300 3236 1324 ,
3268 1270 3325 1313 ut
3370 1261 3535 1315 debo-

1957 1365 2099 1417 mus,
2138 1365 2542 1422 percurramus.
2590 1350 2806 1406 Minime
2850 1353 2994 1407 enim
3083 1353 3363 1423 perspicua
3451 1363 3537 1409 est

1957 1458 2143 1501 eorum
2203 1442 2490 1498 sententia.
2549 1440 2688 1497 Dicit
2755 1441 2918 1511 igitur
2981 1444 3192 1500 accolas
3257 1444 3372 1499 fore
3432 1444 3532 1499 ha-

1958 1532 2197 1588 bitantes
2250 1531 2574 1587 Samariam.
2625 1532 2837 1589 Accola:
2880 1544 3062 1599 erunt,
3120 1549 3241 1605 pro,
3282 1537 3539 1591 transmi-

1958 1620 2188 1687 grabunt
2243 1620 2350 1675 alio
2392 1620 2716 1688 habitatum,
2768 1638 2862 1677 seu
2921 1624 3028 1680 alio
3068 1627 3135 1679 ad
3188 1625 3534 1681 habitandum

1960 1710 2361 1766 transferentur
2392 1711 2582 1767 incola
2615 1712 2894 1768 Samarim.
2919 1712 3039 1780 Quo
3068 1716 3285 1770 nomine
3316 1718 3531 1781 vitulos,

1959 1816 2054 1863 seu
2099 1801 2320 1858 buculas
2360 1803 2646 1873 intelligit;
2678 1805 2744 1860 ad
2775 1805 3096 1878 Babylonios
3147 1807 3294 1861 enim
3351 1807 3531 1862 missa:

1961 1900 2110 1959 sunt,
2155 1904 2216 1948 ut
2260 1893 2438 1950 docui.
2467 1913 2488 1948 ι
2515 1894 2582 1951 Ει
2609 1896 2749 1951 lusit
2806 1911 2968 1967 super
3016 1898 3084 1953 iis
3108 1897 3334 1968 populus
3363 1896 3532 1967 eius.»

1962 1983 2253 2054 Cuiusnam
2308 1984 2558 2054 ejus?an
2611 1984 2712 2054 ὥν,
2768 1988 2819 2043 id
2868 1996 2971 2054 est,
3003 1989 3229 2058 Apidis?
3260 1987 3543 2044 Verumta-

1958 2089 2112 2142 men,
2167 2078 2622 2147 quemadmodum
2676 2079 2775 2135 visi
2832 2089 2981 2147 sunt,
3035 2080 3229 2152 inquit,
3269 2098 3393 2137 eum
3445 2098 3543 2136 ex-

1954 2165 2213 2224 acerbare
2240 2178 2298 2226 et
2341 2180 2690 2227 contemnere
2726 2173 2853 2227 dum
2879 2173 3000 2229 aliis
3032 2173 3279 2239 mittunt,
3317 2175 3392 2230 ita
3444 2174 3537 2229 la:-

1954 2258 2209 2317 tabuntur
2225 2274 2389 2332 super
2400 2262 2565 2332 gloria
2587 2263 2725 2335 ejus.
2747 2264 3295 2321 Existimabuntenim
3322 2283 3349 2321 a
3375 2266 3545 2336 plttt’i‘

1962 2351 2065 2410 bus
2095 2351 2346 2422 gentibus
2397 2353 2681 2411 adoratum
2710 2354 3083 2426 gloriosiorem
3124 2356 3389 2413 futurum.
3439 2360 3544 2414 Sed

1973 2443 2164 2500 fefellit
2210 2460 2305 2502 eos
2333 2461 2479 2517 spes.
2525 2446 2845 2503 Contractus
2869 2448 3037 2513 enini,
3097 2450 3322 2505 materia
3393 2450 3537 2504 risus

1972 2545 2030 2593 et
2073 2535 2180 2606 ioci
2219 2537 2535 2608 Babyloniis
2587 2538 2711 2595 fuit.
2742 2539 3008 2607 Quocirca
3051 2538 3306 2596 alllictum
3340 2550 3425 2595 est
3470 2542 3545 2597 si-

1972 2625 2272 2682 mulacrum
2304 2627 2567 2697 ipsorum,
2613 2638 2674 2683 ut
2705 2630 2793 2684 hic
2824 2630 2935 2700 ipse
2963 2631 3223 2701 propheta
3258 2630 3409 2686 dicit.
3436 2631 3540 2685 Ex-

1974 2718 2368 2775 acerbaverunt
2395 2729 2576 2775 autem
2608 2720 2852 2789 vitulum,
2888 2735 2993 2776 non
3042 2723 3167 2791 quia
3219 2736 3407 2777 revera
3444 2736 3541 2776 ex-

1975 2809 2260 2867 acerbatus
2310 2811 2380 2868 sit
2407 2810 2426 2885 (
2453 2813 2545 2883 qui
2575 2814 2719 2869 enim
2758 2815 2839 2870 sic
2886 2812 3189 2869 afﬁceretur
3242 2828 3326 2868 res
3355 2829 3545 2869 sensus

1974 2911 2170 2969 expers
2190 2899 2257 2970 ἲ),
2293 2902 2390 2956 sed
2440 2902 2565 2972 quia
2606 2902 2733 2958 facti
2792 2911 2983 2959 natura
3031 2905 3204 2973 ipsum
3258 2904 3544 2968 irritasset,

1975 2990 2020 3046 si
2063 3006 2189 3046 vere
2251 2992 2385 3048 deus
2454 2992 2686 3061 fuisset,
2721 3004 2777 3051 et
2829 3006 3019 3052 eventa
3066 3010 3164 3052 sua
3215 2996 3416 3052 sentire
3458 3012 3547 3066 po-

1978 3084 2191 3140 luisset.

284 3176 642 3249 χειρημάτων
678 3175 713 3246 ή
747 3174 979 3244 δύναμις
1038 3172 1389 3244 παρώργισεν
1425 3172 1494 3228 ἂν
1526 3171 1708 3240 αὐτὸν,
1748 3171 1903 3241 εἰπερ
1941 3165 2010 3241 ἦν
2073 3172 2245 3238 ὄντως
2283 3174 2426 3243 θεὸς,
2465 3177 2556 3230 καὶ
2588 3178 2647 3229 ὲν
2684 3176 2931 3248 αἰσθήσει
2960 3178 3055 3232 τοῦ
3085 3176 3274 3232 παθεῖν
3303 3176 3371 3231 τὰ
3406 3192 3547 3247 συμ-

284 3269 566 3341 ϐεϐηκότα

355 3366 475 3419 Ὅτι
510 3362 850 3433 μετῳκίσθαι
876 3361 978 3418 ἀπ’
1019 3360 1239 3425 αὐτοῦ,
1272 3360 1370 3413 καὶ
1404 3359 1590 3414 αὑτὸν
1619 3361 1705 3425 εὶς
1748 3360 1868 3413 Ἀσ-

2054 3352 2216 3409 Vsus.
2252 3353 2303 3408 6.
2338 3353 2476 3420 Quia
2514 3354 2803 3411 translatus
2843 3364 2918 3410 est
2972 3358 3041 3412 ab
3077 3373 3157 3423 eo,
3181 3367 3231 3411 el
3275 3375 3443 3427 ipsum
3490 3362 3548 3415 in

285 3455 543 3523 συρίους
575 3452 873 3519 δήσαντες
911 3451 1268 3519 ἀπήνεγκαν
1303 3449 1473 3514 ξένια
1513 3447 1591 3514 τῷ
1628 3447 1879 3513 βασιλεῖ

298 3546 537 3615 Ἰαρείμ.
574 3545 671 3597 Ἐν
701 3542 910 3613 δόματι
935 3542 1181 3611 Ἐφραῒμ
1214 3540 1471 3605 δέξεται,
1499 3539 1599 3595 καὶ
1630 3543 1875 3608 αἰσχυν-

290 3638 550 3703 θήσεται
589 3634 826 3706 Ὶσραὴλ
849 3635 920 3688 ἐν
954 3632 1029 3702 τῇ
1054 3632 1261 3702 ,ϐουλῇ
1287 3633 1491 3689 αὐτοῦ.

361 3729 519 3785 PIE'.
538 3727 758 3781 Ἑαυτὸν
786 3728 919 3798 ἡμῖν
951 3726 979 3778 ὁ
1008 3725 1343 3797 προφητικὸς
1370 3724 1660 3795 ἑρμηνεύει
1696 3724 1872 3793 λόγος.

295 3822 359 3874 ⁸³0
390 3821 509 3891 γὰρ
556 3821 777 3891 εἴρηκεν
823 3818 1101 3889 ἀμυδρῶς,
1148 3816 1309 3873 τοῦτο
1355 3819 1606 3889 πειρᾶται
1654 3818 1875 3888 διατρα-Δ

290 3910 439 3965 νοῦν.
490 3910 817 3981 Μετῳκίσθη
859 3908 966 3980 γὰρ
1010 3911 1038 3962 ό
1084 3908 1286 3981 μόσχος
1351 3909 1460 3963 ἀπὸ
1500 3909 1593 3963 τοῦ
1639 3908 1873 3980 Ἰσραὴλ,

290 4004 381 4056 καὶ
440 3990 702 4073 δήσαντες
747 4001 911 4055 αὐτὸν
950 4001 1371 4073 (χαριεντίζεται
1408 4001 1464 4055 δὲ
1499 4003 1528 4054 ό
1560 4000 1739 4069 λόγος)
1781 4002 1878 4054 ἀπ-

292 4095 565 4165 εκόμισαν
593 4092 741 4157 ξένια
770 4092 845 4163 τῷ
880 4092 1090 4163 βασιλεί
1130 4092 1358 4163 Ἰαρεὶμ,
1392 4091 1420 4144 ὂ
1447 4092 1614 4155 ἐστιν,
1655 4090 1874 4161 ὲκδίκῳ.

305 4186 587 4239 Ἐκαλεῖτο
624 4184 731 4255 γὰρ
766 4186 843 4247 εις
871 4184 1208 4257 ἐπικουρίαν.
1236 4183 1329 4237 καὶ
1359 4182 1519 4235 οἱονεί
1548 4200 1663 4245 πως
1691 4184 1771 4244 εις
1806 4181 1867 4235 τὸ

295 4276 587 4345 ἐκδικῆσαι
639 4275 735 4345 τὴν
783 4274 1093 4345 Σαμάρειαν
1136 4271 1564 4343 ὁλοθρευομένην
1614 4270 1719 4324 ὑπὸ
1770 4269 1877 4324 τῶν

297 4368 507 4437 Σύρων.
565 4365 728 4418 Ἀλλὰ
773 4366 984 4431 δέξεται
1022 4367 1119 4436 μὲν
1160 4368 1188 4418 ὁ
1225 4363 1431 4426 Φούλας
1472 4364 1546 4426 ὡς
1588 4363 1645 4414 ὲν
1686 4362 1877 4431 δόματι

299 4460 452 4530 παρὰ
477 4458 571 4512 τοῦ
609 4458 844 4529 Ἐφραῒμ
869 4458 967 4529 τὴν
993 4458 1244 4529 δάμαλιν,
1270 4456 1507 4529 Ἐφραϊμ
1536 4456 1593 4509 δέ
1622 4472 1757 4526 φησι
1785 4454 1877 4508 τὸν

299 4552 393 4605 τοῦ
433 4552 651 4623 Ἰσραὴλ
683 4552 923 4620 βασιλέα.
972 4550 1115 4620 Πλὴν
1155 4569 1171 4600 ι
1205 4548 1657 4618 Αἱσχυνθήσεται.
1692 4545 1876 4617 φησὶν,

300 4647 328 4697 ό
370 4643 589 4715 Ἰσραὴλ
638 4645 730 4696 ἐπὶ
761 4647 881 4707 ταῖς
912 4641 1109 4696 ἑαυτοῦ
1141 4640 1373 4710 βουλαῖς.
1414 4661 1431 4692 ι
1477 4642 1599 4693 ’Ότι
1637 4640 1765 4709 γαρ.
1803 4639 1879 4701 ὡς

298 4735 463 4805 ιφην,
500 4735 711 4804 ἀπέστη
743 4734 841 4804 μὲν
877 4733 969 4787 τοῦ
1005 4734 1186 4786 πάντα
1217 4730 1490 4801 ἰσχύοντος
1521 4730 1678 4793 Θεοῦ,
1705 4730 1878 4782 εἵλετο

303 4828 359 4881 δὲ
398 4826 598 4898 μᾶλλον
645 4826 907 4896 δαμάλεσι
958 4825 1303 4896 προσκυνεῖν,
1352 4822 1748 4890 καταγέλαστος
1785 4817 1874 4891 ἦν,

306 4918 399 4970 καὶ
424 4917 782 4987 κατεφωρᾶτο
814 4914 995 4969 πεσὼν
1026 4915 1106 4977 εἰς
1144 4912 1389 4984 γραώδη.
1411 4913 1504 4965 καὶ
1524 4911 1759 4984 ψυχρὰν,
1781 4910 1877 4964 καὶ

306 5007 561 5079 ἀνόνητον
608 5006 1016 5061 εἰκαιοϐουλίαν.
1078 5004 1353 5075 Ἀληθεύει
1386 5005 1449 5075 δὴ
1487 5000 1579 5058 οὖν
1612 5007 1639 5058 ό
1674 5004 1879 5075 προφή-

309 5117 423 5169 της.
456 5100 656 5170 μᾶλλον
681 5100 737 5153 δὲ
766 5100 896 5163 Θεὸς
918 5138 931 5161 ,
960 5102 1007 5152 εἰ
1038 5099 1183 5167 λέγοι
1210 5097 1298 5152 διὰ
1333 5098 1513 5167 φωνῆς
1540 5097 1710 5165 ἁγίων
1750 5096 1877 5164 περὶ

310 5193 411 5245 τῶν
440 5190 875 5261 λελατρευκότων
908 5194 1017 5254 τοῖς
1067 5191 1247 5261 ἔργοις
1293 5189 1398 5242 τῶν
1433 5188 1629 5258 χειρῶν
1677 5187 1874 5249 αὐτῶν,

322 5284 536 5338 «Ἴδετε
579 5284 663 5336 ὅτι
725 5276 914 5344 σποδὸς
960 5283 994 5352 ή
1042 5282 1233 5353 καρδία
1285 5280 1493 5345 αὐτῶν,
1531 5299 1548 5331 ι
1602 5280 1695 5332 καὶ
1747 5280 1879 5331 τελα-

314 5374 529 5433 νῶνται.

394 5465 676 5535 ’Λρμόσειε
719 5464 763 5516 δ’
808 5461 873 5516 ἂν
922 5464 950 5516 ὁ
991 5462 1146 5531 λόγος
1188 5464 1281 5517 καὶ
1331 5466 1439 5525 τοῖς
1499 5462 1566 5515 τὰ
1608 5460 1741 5531 ὀρθὰ
1784 5462 1879 5530 τῆς

329 5555 651 5625 Ἐκκλησίας
686 5555 1021 5628 παραλύουσι
1056 5556 1323 5626 δόγματα.
1357 5556 1566 5623 ’Ὥσπερ
1592 5553 1699 5622 γὰρ
1726 5555 1757 5623 ἡ
1784 5553 1878 5607 δά-

321 5647 474 5716 μαλις
516 5649 910 5719 συντριϐομένη
964 5649 1060 5719 τὴν
1110 5647 1206 5702 τοῦ
1255 5646 1469 5718 Ἰσραὴλ
1525 5645 1747 5716 ἤλεγξεν
1806 5647 1882 5697 εἰ·

317 5739 641 5807 καιολογίαν,
705 5738 847 5792 οὕτω
904 5741 996 5793 καὶ
1058 5738 1124 5792 τὶ
1189 5736 1410 5789 ἐκείνων
1464 5737 1703 5805 δόγματα
1766 5735 1880 5795 ταῖς

399 5914 441 5946 ⁸⁷
473 5913 598 5983 Sap.
634 5930 721 5979 xv,
757 5916 835 5967 lt).

1975 3447 2217 3517 Assyrios
2248 3447 2464 3516 ligatum
2512 3446 2838 3501 abduxerunt
2867 3464 3084 3503 munera
3123 3450 3232 3519 regi
3262 3450 3452 3505 latim.
3480 3451 3544 3507 lu

1976 3541 2111 3593 dono
2159 3537 2412 3609 Epirraim
2456 3540 2742 3608 suscipiet;
2774 3547 2823 3595 et
2867 3540 3220 3610 confundetur
3280 3541 3445 3595 Israel
3492 3544 3549 3597 in

1975 3632 2195 3687 consilio
2246 3649 2359 3687 suo.

2045 3722 2206 3779 CXV.
2271 3720 2519 3792 Seipsum
2586 3722 2744 3776 nobis
2806 3722 3151 3791 propheticus
3208 3736 3399 3777 sermo
3451 3739 3547 3779 ex»

1978 3813 2179 3881 planat.
2242 3809 2394 3877 Quod
2445 3810 2591 3866 enim
2648 3808 2786 3863 dixit
2865 3808 3192 3874 involutius,
3247 3811 3348 3867 hoc
3396 3813 3547 3867 evol-

1978 3916 2103 3957 vere
2128 3902 2337 3957 nititur.
2404 3901 2724 3957 Trauslatus
2751 3909 2836 3956 est
2886 3900 3083 3972 quippe
3118 3902 3315 3959 vitulus
3344 3906 3413 3961 ab
3468 3907 3545 3961 ls-

1979 3994 2109 4059 rael,
2141 4003 2193 4050 et
2223 3994 2443 4066 ligatum
2478 4009 2599 4050 eum
2634 3993 2889 4067 (jocatur
2910 3993 3053 4050 enim
3085 3994 3285 4053 festive
3318 4000 3551 4069 preplte-

1979 4087 2072 4156 ta)
2106 4095 2450 4155 asliortarunt
2475 4102 2572 4156 pro
2612 4101 2831 4143 munere
2870 4089 2983 4159 regi
3020 4089 3203 4154 larim,
3267 4092 3368 4145 hoc
3424 4101 3549 4155 est,

1981 4177 2160 4233 ultori.
2200 4178 2429 4234 Vocatus
2461 4178 2603 4232 enim
2636 4176 2812 4231 fuerat
2846 4179 2914 4234 ad
2966 4178 3247 4242 auxilium,
3297 4189 3352 4234 et
3387 4180 3548 4235 veluti

1980 4270 2045 4323 ad
2085 4269 2457 4323 vindicandam
2513 4269 2835 4335 Samariam,
2887 4284 3048 4340 quam
3100 4268 3222 4342 Syri
3279 4273 3549 4341 perditum

1982 4362 2287 4417 veniebant.
2348 4362 2455 4417 Sed
2518 4362 2779 4433 suscipiet
2851 4363 3065 4433 quidem
3137 4362 3333 4419 i’lmlas
3409 4366 3546 4420 vitu-

1983 4455 2091 4508 lum
2166 4463 2223 4508 ut
2288 4456 2489 4509 donum
2542 4454 2842 4525 Ephraim,
2896 4471 2925 4510 a
2997 4471 3120 4526 rege
3178 4456 3340 4512 Israel
3394 4458 3545 4512 vide-

1982 4548 2136 4615 licet;
2181 4547 2530 4603 nihilominus
2565 4566 2583 4600 ι
2622 4546 2985 4603 confundetur
3012 4547 3195 4614 Israel,
3235 4547 3429 4617 inquit,
3496 4550 3548 4603 in

1983 4640 2225 4695 consiliis
2258 4640 2389 4694 suis.
2430 4660 2449 4692 ι
2480 4639 2742 4707 Quoniam
2796 4639 2962 4706 enim,
2993 4648 3049 4693 ut
3076 4640 3205 4705 dixi,
3242 4641 3310 4695 ab
3364 4638 3553 4695 Omni-

1986 4740 2201 4799 potente
2230 4731 2477 4794 descivit,
2508 4739 2560 4784 et
2599 4730 2789 4783 vitulos
2823 4730 3050 4785 adorare
3092 4731 3301 4793 maluit,
3352 4730 3553 4785 ridicu-

1986 4825 2066 4877 ius
2098 4824 2215 4885 fuit.
2253 4822 2407 4894 147
2446 4833 2499 4875 et
2532 4823 2582 4876 in
2612 4821 2826 4887 anilem,
2860 4821 3115 4891 ineptam,
3152 4822 3395 4886 inutilem
3428 4838 3555 4877 ron-

1985 4916 2087 4970 silii
2148 4917 2438 4969 vanitatem
2489 4915 2690 4968 abiisse
2755 4913 3122 4981 deprehensus
3185 4923 3286 4969 est.
3357 4913 3552 4968 Verum

1986 5007 2147 5073 igitur
2178 5005 2305 5059 dicit
2337 5006 2619 5075 υνορῑῃιιει,
2653 5005 2758 5057 imo
2808 5004 2967 5068 υευεν
3010 5018 3130 5058 cum
3178 5018 3275 5072 νυν
3313 5019 3375 5065 0.8
3438 5020 3555 5060 8³η-

1986 5106 2192 5149 ctnrum
2225 5094 2352 5147 dit-it
2380 5096 2443 5147 de
2478 5094 2977 5162 iis,quiservierunt
3003 5094 3255 5163 operibus
3287 5110 3545 5151 manuum

1987 5201 2250 5239 suarum:
2332 5205 2349 5235 ι
2408 5184 2630 5241 Vidistis
2689 5186 2815 5253 quia
2865 5171 3001 5240 ciuis
3059 5184 3219 5239 corda
3250 5186 3547 5251 coruum,»

1986 5289 2040 5331 et
2067 5278 2413 5333 seducnutur.

2053 5451 2564 5508 Accommodabitur
2596 5450 2772 5501 oratio
2808 5448 2969 5501 etiam
3025 5447 3076 5501 in
3112 5464 3205 5505 eos
3254 5452 3346 5520 qui
3399 5463 3548 5504 recta

1987 5544 2239 5604 Ecclesia:
2254 5544 2502 5608 (iugulata
2523 5543 2838 5607 depravanl.
2861 5540 3011 5593 Sicut
3034 5543 3178 5596 enim
3200 5544 3397 5597 vitulus
3413 5558 3556 5595 cout-

1984 5642 2229 5695 minutus
2253 5633 2466 5688 lsruelis
2500 5631 2795 5686 amentiam
2824 5634 3097 5703 coarguit,
3143 5636 3212 5689 ita
3246 5644 3299 5688 et
3333 5635 3551 5686 illorum

1986 5732 2235 5798 dogmata
2263 5722 2701 5792 inquisitiouibus
2727 5726 2980 5789 cotttrita,
3006 5736 3059 5780 et
3081 5728 3127 5781 vi
3157 5722 3551 5778 veritatiscono
