4034 6270
402 466 407 479 λ
474 503 580 560 241

1460 506 1518 563 S.
1561 506 1837 563 CYRILLI
1876 502 2346 561 ALEXARDRINI
2384 500 2705 557 AllClllEP.

3628 492 3730 550 248

477 622 669 687 fracta,
712 636 899 678 eorum
933 621 1269 689 auctoribus,
1307 631 1362 678 et
1408 624 1589 693 impiis
1629 622 2004 678 inventoribus
2028 661 2043 686 ,

2165 619 2397 692 ίρεύναις
2418 616 2837 688 συντριϐόμεναι,
2868 613 2962 666 καὶ
2986 613 3051 682 τῇ
3081 612 3304 681 δυνάμει
3332 608 3434 680 τῆς
3458 607 3719 679 ἀληθείας

475 719 641 779 atque
668 711 732 765 iis
773 711 938 766 etiam
969 713 1061 781 qui
1084 726 1146 768 ea
1173 712 1634 769 inconsultissime
1661 713 1713 767 in
1746 721 1933 783 pectus
1956 713 2052 767 οὐ·-

476 801 719 869 mittunt,
756 804 1008 861 dedecori
1043 812 1098 860 et.
1127 805 1318 876 pudori
1353 814 1533 860 erunt.

546 1086 713 1145 Vens.
749 1087 802 1151 '7,
839 1086 892 1141 8.
939 1087 1173 1157 Projecit
1217 1088 1468 1145 Samaria
1507 1103 1677 1157 regem
1723 1104 1876 1142 suum
1918 1088 2053 1142 sicut

474 1185 796 1233 sarmentum
816 1194 972 1246 super
1000 1178 1188 1247 faciem
1223 1195 1396 1250 aquae.
1425 1186 1473 1232 et
1506 1179 1819 1247 auferantur
1845 1178 2043 1232 altaria

475 1267 574 1333 ὧν,
604 1278 817 1336 peccata
841 1268 1030 1325 Israel.
1061 1268 1242 1339 Spina:
1265 1278 1314 1325 et
1358 1268 1540 1323 tribuli
1573 1268 1854 1324 ascendant
1887 1284 2050 1337 super

477 1356 676 1413 altaria
707 1374 910 1413 eorum.
1452 1368 1465 1378 '

547 1531 729 1590 CXVI.
790 1534 966 1593 Mores
1020 1534 1383 1591 lsraelitarum
1417 1578 1431 1604 ,
1474 1538 1589 1594 sive
1653 1536 2053 1593 Samaritarum

478 1624 685 1681 solutos
711 1633 767 1681 et
801 1625 1097 1696 improbos,
1124 1629 1289 1683 etiam
1324 1629 1470 1684 circa
1509 1629 1677 1698 ipsos,
1704 1644 1840 1698 quos
1891 1638 2052 1698 puta-

478 1717 611 1772 bant
635 1717 786 1783 deos,
824 1718 980 1773 facile
1011 1719 1100 1773 hic
1165 1735 1380 1791 quoque
1433 1722 1586 1777 locus
1627 1723 1891 1791 arguerit.
1945 1720 2055 1778 Nec

483 1808 700 1863 mirum.
735 1808 837 1874 Qui
869 1811 1011 1864 enim
1042 1827 1232 1876 unum,
1260 1820 1315 1868 et.
1345 1827 1554 1882 verum,
1578 1822 1633 1869 et
1656 1824 1845 1868 natura
1862 1813 2054 1881 Deum,

481 1905 537 1948 et
568 1895 914 1964 discedendo,
946 1908 1000 1954 et
1023 1900 1236 1970 quidvis
1272 1903 1642 1973 turpissimum
1689 1907 2056 1973 perpetrando

483 1987 645 2056 impie
694 2002 790 2058 per
822 2002 1093 2044 summam
1149 1990 1401 2060 injuriam
1446 1992 1722 2060 lassarunt,
1765 1995 2057 2063 quomodo

482 2079 875 2148 ergamultos,
908 2087 964 2135 et
1014 2079 1203 2149 falsos,
1248 2091 1302 2137 et
1348 2097 1379 2137 e
1433 2083 1704 2152 lapidibus
1764 2094 1857 2141 aut
1895 2086 2057 2156 lignis

482 2168 806 2227 fabrefactos
862 2171 1073 2228 sincere
1129 2187 1190 2228 ac
1233 2173 1473 2244 legitime
1502 2190 1560 2231 se
1614 2178 1907 2246 gererent?
1969 2179 2058 2233 Ait

480 2260 687 2329 igitur,
733 2261 1031 2331 projectum
1070 2276 1189 2317 esse
1218 2277 1248 2317 a
1297 2261 1592 2321 Samaritis
1640 2266 1866 2321 vitulum
1896 2306 1911 2332 ,
1964 2267 2056 2337 qui

479 2356 621 2424 apud
647 2370 742 2411 eos
773 2357 938 2427 regiis
964 2366 1019 2412 et
1047 2357 1245 2414 divinis
1277 2360 1574 2416 honoribus
1605 2361 1909 2417 colebatur.
1968 2362 2058 2418 Sic

478 2453 657 2500 autem
689 2446 986 2516 projectum
1017 2463 1165 2516 esse,
1217 2451 1384 2506 veluti
1440 2452 1487 2506 si
1522 2453 1677 2523 palea
1720 2463 1813 2508 aut
1862 2454 2055 2524 stipula

482 2550 638 2603 aqua}
697 2536 997 2594 vorticibus
1043 2540 1227 2610 illapsa
1257 2582 1271 2605 ,
1298 2538 1438 2596 'mox
1485 2558 1582 2610 pro
1616 2543 1816 2613 impetu
1870 2558 2055 2600 earum

480 2626 675 2693 quovis
724 2637 990 2696 raptetur.
1026 2631 1161 2685 Cum
1213 2632 1346 2700 ipsis
1391 2640 1572 2687 autem
1622 2635 1929 2701 simulacris
1964 2635 2057 2691 de-

478 2715 630 2771 lubra
655 2719 919 2786 peritura,
995 2729 1051 2776 et
1080 2736 1203 2778 aras
1238 2725 1579 2779 destructum
1630 2725 1731 2792 iri,
1791 2735 1847 2779 et
1879 2725 2053 2781 locum

478 2808 759 2878 spinarum
787 2811 920 2880 fore,
952 2814 1201 2870 universa
1222 2830 1410 2870 eormn
1443 2817 1721 2885 provincia
1747 2817 2056 2884 devastata,

478 2901 750 2966 quomodo
793 2917 899 2957 non
954 2904 1323 2960 certissimum
1375 2907 1536 2961 erat?
1601 2906 1831 2962 Peccata
1884 2905 2054 2963 Israel

481 2990 669 3045 altaria
704 3002 881 3056 vocat,
916 2996 1218 3064 aptissime,
1249 2997 1394 3051 velut
1421 3008 1826 3054 monumentum
1861 3000 2056 3069 impie-

481 3082 607 3136 tatis
641 3097 766 3152 erga
785 3081 952 3138 Deum
967 3085 1229 3142 scelerate
1243 3088 1557 3155 excitatum,
1576 3085 1651 3140 ὢν
1676 3097 1855 3143 autem
1881 3090 2057 3145 denuo

479 3176 639 3246 Apin.
672 3191 767 3231 seu
799 3177 993 3232 vitulos
1024 3178 1075 3232 in
1108 3177 1295 3234 Bethel
1333 3186 1388 3234 et
1410 3177 1544 3246 Dan,
1584 3180 1634 3233 in
1673 3195 1903 3248 quorum
1936 3181 2051 3251 glo-

2158 711 2659 783 συντεθραυσμένα,
2711 708 2849 780 πρὸς
2911 704 3173 775 αἰσχύνης
3238 703 3455 757 ἔσονται
3504 701 3599 754 καὶ
3647 703 3733 755 ἐν·

2156 805 2363 877 τροπῆς
2428 805 2541 865 τοῖς
2605 798 3005 854 συντεθεικόσιν
3078 794 3219 849 αὐτὰ
3249 838 3263 861 ,
3339 793 3435 848 καὶ
3503 793 3732 858 ἀνοσίως

2156 900 2517 973 ὲξηυρηκόσι,
2587 898 2679 951 καὶ
2724 894 3059 951 ἀϐουλότατα
3118 889 3429 962 δεχομένοις
3475 889 3555 952 είς
3609 886 3733 942 νοῦν

2156 995 2250 1047 καὶ
2280 992 2528 1063 καρδίαν.

2239 1083 2547 1154 Ἀπέῤῥιψε
2584 1084 2882 1152 Σαμάρεια
2921 1075 3190 1144 βασιλέα
3231 1073 3422 1142 αὐτῆς
3468 1073 3549 1140 ὡς
3592 1074 3733 1143 ερρύ-

2155 1194 2342 1248 γανον
2383 1176 2482 1229 ἐπὶ
2514 1174 2841 1244 προσώπου
2893 1171 3137 1235 ὕδατος,
3168 1167 3272 1222 καί
3296 1166 3732 1236 ἐξαρθήσονται

2150 1268 2341 1337 ,ϐωμοί
2394 1264 2513 1333 ὢν,
2567 1260 2957 1333 ἁμαρτήματα
3003 1258 3110 1312 τοῦ
3162 1255 3423 1324 Ἰσραήλ.
3456 1255 3733 1308 Ἄκανθαι

2158 1360 2255 1413 καί
2287 1358 2547 1426 τρίϐολοι
2594 1351 3007 1419 ἀναϐήσονται
3059 1348 3158 1403 ἐπὶ
3205 1345 3280 1400 τὰ
3334 1343 3734 1412 θυσιαστήρια

2156 1448 2373 1505 αὐτῶν.

2228 1539 2391 1608 qu'.
2422 1540 2496 1593 Τὸ
2523 1536 2910 1607 ἀνασφαλέςατε
2943 1531 3059 1603 ἅμα
3109 1531 3203 1585 καὶ
3223 1529 3283 1582 τὸ
3311 1529 3621 1592 ἀνεπιεικὲς
3641 1526 3733 1581 τοῦ

2157 1634 2358 1706 τρόπου
2385 1631 2494 1686 τῶν
2521 1631 2580 1696 ἐξ
2616 1627 2853 1699 Ἰσραὴλ,
2889 1626 3008 1695 ἦτοι
3040 1623 3151 1677 τῶν
3187 1624 3245 1675 ὲν
3282 1619 3568 1691 Σαμαρείᾳ
3589 1660 3601 1683 ,
3642 1618 3732 1672 καὶ

2159 1726 2286 1797 περὶ
2308 1725 2507 1786 αὐτοὺς
2534 1720 2625 1785 οὓς
2653 1719 2823 1791 ᾤοντο
2854 1716 3029 1782 θεοὺς,
3055 1712 3377 1778 ἐπιδείξειεν
3404 1711 3471 1765 ἂν
3498 1709 3732 1771 εὐκόλως

2160 1821 2253 1873 καὶ
2288 1819 2406 1873 τόδε
2430 1818 2493 1888 δὴ
2525 1816 2705 1870 πάλιν.
2738 1813 2847 1866 Καὶ
2881 1807 3190 1880 θαυμαστὸν
3221 1806 3397 1860 οὐδέν.
3419 1805 3482 1859 Οἱ
3516 1804 3627 1875 γάρ
3648 1799 3735 1857 τὸν

2160 1911 2276 1976 ἕνα,
2294 1909 2388 1963 καὶ
2401 1897 2594 1978 ἀληθῆ,
2613 1904 2707 1958 καὶ
2734 1901 2893 1972 φύσει
2923 1899 3077 1964 Θεὸν,
3103 1897 3197 1951 καὶ
3218 1897 3338 1959 ταῖς
3361 1892 3731 1956 ἀποστασίαις,

2163 2005 2258 2058 καὶ
2294 2003 2414 2064 ταῖς
2439 2000 2518 2062 είς
2546 1998 2657 2051 πᾶν
2706 1984 2884 2048 ὁτιοῦν
2917 1990 3026 2044 τῶν
3070 1989 3362 2059 αἰσχίστων
3401 1985 3735 2057 ἀποδρομαῖς

2162 2093 2389 2155 ἀνοσίως
2433 2087 2921 2161 περιυϐρίσαντες,
2978 2081 3096 2142 πῶς
3130 2078 3197 2133 ἄν
3235 2077 3483 2146 ἐγένοντο
3528 2075 3735 2145 γνήσιοι

2162 2187 2291 2256 περὶ
2339 2181 2562 2243 πολλούς
2599 2196 2658 2231 τε
2731 2177 2825 2231 καὶ
2853 2170 3272 2244 ψευδωνύμους,
3309 2168 3405 2222 καὶ
3450 2165 3615 2219 λίθων
3653 2179 3738 2256 πε-

2162 2250 2491 2348 ποιημένους
2542 2272 2575 2341 ἢ
2634 2269 2805 2337 ξύλων
2854 2266 3041 2332 θεούς;
3095 2259 3458 2333 ’Λπερρίφθαι
3507 2256 3584 2348 δὴ,
3649 2250 3737 2310 οὖν

2159 2347 2325 2440 φησι,
2380 2365 2525 2435 παρά
2555 2362 2662 2416 τῶν
2697 2362 2754 2414 ὲν
2800 2355 3085 2429 Σαμαρείᾳ
3122 2354 3215 2407 τὸν
3272 2350 3492 2421 μόσχον,
3541 2347 3633 2401 τὸν
3682 2347 3738 2440 δν

2157 2438 2282 2529 δόξῃ
2321 2461 2388 2529 τῇ
2443 2456 2573 2526 παρ’
2602 2453 2784 2513 αὐτοῖς
2820 2448 2956 2503 Θεοῦ
2986 2463 3048 2500 τε
3089 2446 3184 2500 καὶ
3226 2440 3511 2514 βασιλέως.
3555 2438 3740 2509 Ἀπερ-

2163 2550 2345 2623 ῥίφθαι
2377 2550 2433 2602 δὲ
2455 2547 2647 2612 οὕτως,
2678 2542 2879 2599 ὡσανεὶ
2901 2541 2995 2595 καὶ
3024 2538 3237 2609 κάρφος
3254 2537 3376 2596 ταῖς
3404 2531 3512 2623 τῷν
3532 2530 3740 2623 ὑδάτων

2158 2619 2330 2706 δίναις
2363 2636 2725 2712 ὲμπεπτωκδς
2753 2677 2768 2700 ,
2799 2631 3130 2702 ἀποφέροιτο
3154 2626 3339 2681 λοιπὸν
3372 2621 3511 2712 πρὸς
3540 2620 3601 2675 es
3631 2619 3740 2712 τοῖς

2158 2704 2412 2790 διωθοῢσι
2441 2728 2780 2785 δοκοῦν.”οτι
2813 2723 2870 2778 δὲ
2897 2723 3082 2785 αὐτοῖς
3115 2717 3424 2788 σεϐάσμασι
3446 2704 3517 2766 τὰ
3539 2709 3740 2780 τεμένη

2161 2827 2561 2898 συνοιχήσεται,
2612 2818 2784 2891 βωμοί
2838 2833 2899 2870 τε
2947 2813 3305 2885 λυθήσονται,
3363 2805 3454 2860 καὶ
3481 2799 3743 2898 ’ἀκανθεῖς

2160 2891 2378 2974 ἔσονται.
2422 2916 2599 2979 τόποι,
2656 2905 3100 2980 καταδῃωθείσης
3151 2902 3335 2963 αὐτοῖς
3383 2894 3606 2963 ἀπάσης
3640 2891 3741 2961 τῆς

2159 3011 2362 3084 χώρας,
2409 3007 2525 3071 πῶς
2565 3001 2634 3077 ἦν
2694 3000 3035 3074 ἀμφίϐολον;
3091 2992 3492 3084 Ἀμαρτήματα
3527 2984 3610 3084 ’δὲ’
3649 2981 3744 3036 τοῦ

2172 3075 2388 3173 εἰσ-μὴ).
2416 3100 2546 3161 τοὺς
2591 3075 2817 3165 βωμοὺς
2858 3087 3120 3173 ἀποκαλεῖ
3170 3083 3262 3137 καὶ
3311 3078 3461 3173 μάλα
3492 3075 3743 3173 είκότως,
3846 3090 3861 3099 ·

2158 3165 2267 3248 οἷον
2300 3165 2602 3262 ὑπόμνημα
2632 3188 2731 3258 τῆς
2782 3186 2861 3247 είς
2894 3170 3025 3235 Θεὸν
3053 3173 3367 3235 δυσσεϐείας
3406 3165 3585 3262 αὑτων
3617 3165 3749 3262 ἀνο-

482 3268 618 3322 riam
653 3278 705 3323 et
736 3284 842 3340 ara;
867 3271 1106 3325 stabant.
1141 3270 1320 3336 Quare
1348 3272 1489 3339 quod
1525 3287 1628 3325 non
1674 3272 1961 3326 constituit
2001 3282 2055 3326 et

2165 3285 2294 3347 σὶως
2324 3254 2749 3353 ἐγηγερνμένους,
2788 3275 2864 3327 ὢν
2895 3273 2951 3325 δὲ
2991 3269 3175 3331 πάλιν,
3212 3263 3321 3358 sbv—
3334 3264 3501 3358 ‘A‘rrtv
3528 3254 3746 3358 divolsa:

482 3359 849 3425 llrtnatDcus,
883 3361 933 3414 id
970 3362 1186 3430 penitus
1220 3370 1462 3417 corruet.
1505 3362 1585 3417 Ac
1635 3362 1739 3417 tale
1778 3364 2053 3433 quidpiam

2165 3343 2557 3441 cem-ﬁrm.
2602 3365 2863 3437 δαμάλεις
2916 3360 3015 3423 τὰς
3064 3360 3122 3410 ὲν
3176 3357 3242 3425 τῇ
3287 3348 3585 3441 Βαιδήλᾷτε
3654 3343 3746 3396 καὶ

481 3465 607 3505 reor
656 3453 722 3506 ab
768 3453 876 3507 alio
934 3452 1195 3522 propheta
1246 3454 1394 3508 clare
1443 3455 1644 3508 dictum
1685 3468 1827 3520 esse,
1883 3472 1902 3506 ι
1958 3456 2054 3526 ipsi

481 3543 853 3611 aediﬁcabant,
883 3556 938 3600 et
971 3560 1073 3615 ego
1102 3554 1342 3599 evertam
1365 3545 1466 3600 ".r

2164 3462 2292 3525 Δάν,
2312 3437 2386 3514 ὧν
2416 3461 2495 3522 εἰς
2528 3456 2687 3523 δόξαν
2717 3454 2812 3509 καὶ
2839 3452 2889 3504 οἱ
2918 3447 3112 3520 βωμοί.
3142 3441 3372 3501 Οὐκοῦν,
3400 3440 3430 3494 ὃ
3459 3439 3533 3510 μὴ
3565 3437 3744 3525 ἵστησι

2165 3523 2319 3617 Θεὸς,
2357 3550 2512 3604 τοῦτο
2545 3547 2723 3616 πάντη
2755 3562 2815 3598 τε
2874 3543 2969 3596 xa‘l
3009 3539 3227 3600 πάντως
3274 3532 3591 3604 λυθήσεται.
3634 3523 3746 3580 Καί

481 3658 534 3694 τι
570 3638 810 3694 τοιοῦτον
848 3637 1040 3710 δηλοῦν
1085 3637 1449 3708 ὑπολαμϐάνω
1481 3637 1542 3690 τὸ
1592 3639 1657 3691 δι’
1725 3641 1911 3710 ἑτέρου
1952 3644 2229 3713 προφήτου
2298 3642 2484 3711 σαφῶς
2550 3637 2860 3709 εἰρημένον·
2896 3652 2915 3685 ι
2953 3631 3117 3684 Ain-oi
3178 3624 3616 3694 οἰκοδομήσουσι,
3653 3618 3745 3669 καὶ

481 3737 593 3803 ἐγὼ
621 3732 1005 3803 καταστρέφω.
1052 3751 1071 3784 ι

556 3826 622 3881 Et
662 3829 835 3883 dicent
876 3829 1137 3882 montibus
1170 3844 1185 3881 :
1225 3826 1438 3896 Operite
1490 3842 1627 3893 nos;
1681 3836 1732 3883 et
1774 3828 2000 3883 collibus
2046 3842 2061 3880 :

484 3920 675 3975 Cadite
706 3937 862 3990 super
887 3940 1002 3975 nos.

562 4013 724 4086 148
740 4014 827 4070 CX
839 4013 946 4069 νη.
974 4015 1088 4068 Non
1107 4014 1277 4069 solum
1299 4016 1352 4070 in
1369 4015 1820 4072 duabusurbibus
1839 4016 1971 4079 Dan,
1988 4016 2066 4071 in—

484 4121 645 4176 quam
668 4147 683 4170 ,
718 4112 773 4159 et
791 4105 1691 4175 Betbcl,simulacrasuperstitiose
1705 4106 2021 4162 colebantur
2045 4124 2060 4173 ;

485 4200 579 4252 sed
606 4197 804 4252 ibidem
836 4197 1191 4263 vituliaurei,
1224 4198 1276 4253 in
1309 4197 1583 4254 montibus
1617 4205 1822 4265 autem,
1872 4207 1927 4251 et
1950 4197 2063 4250 col-

484 4293 627 4347 libus
655 4290 1003 4344 ﬁnitimarum
1035 4291 1275 4359 gentium
1313 4291 1475 4357 idola,
1531 4290 1679 4357 Baal,
1708 4290 2058 4359 Beelphegor,

485 4389 726 4446 Astarte,
755 4381 1012 4436 Chamos.
1072 4380 1188 4433 Non
1223 4384 1381 4435 modo
1434 4382 1600 4452 igitur
1652 4397 1774 4435 aras
1809 4378 1906 4445 ὢν,
1963 4381 2063 4434 hoc

487 4482 569 4529 est
596 4473 805 4543 Apidis,
863 4473 981 4527 sive
1031 4472 1328 4525 vitulorum
1383 4473 1744 4526 disturbatum
1806 4471 1915 4535 iri;
1967 4470 2064 4525 sed

2237 3821 2343 3878 Kal
2389 3817 2595 3887 ἐροῦσι
2642 3814 2767 3881 τοῖς
2801 3813 2989 3881 ὄρεσι,
3035 3807 3363 3873 Καλύψατε
3410 3800 3597 3870 ἡμᾶς,
3649 3798 3747 3853 καί

2163 3916 2288 3981 τοῖς
2312 3911 2585 3978 βουνοῖς,
2627 3907 2852 3961 Πέσετε
2878 3902 2969 3973 ἐφ’
2998 3899 3178 3970 ἡμᾶς.

2235 4007 2379 4060 PIZ'.
2418 4002 2534 4057 Ούκ
2585 4003 2641 4054 ὲν
2692 3999 2882 4069 μόναις
2919 3994 3040 4055 ταῖς
3087 3990 3210 4044 δυσὶ
3252 3987 3465 4053 πόλεσι,
3515 3984 3621 4039 Δάν
3664 3999 3744 4046 τε,

2168 4095 2331 4166 φημὶ,
2361 4093 2453 4146 καὶ
2493 4088 2695 4157 Βαιθὴλ
2723 4082 3119 4158 ὲθρησκεύοντο
3154 4080 3223 4133 τά
3252 4076 3489 4147 γλυπτὰ,
3518 4073 3634 4166 ἀλλ’
3673 4072 3749 4124 ἐν·

2168 4165 2340 4243 ταῦθα
2371 4186 2470 4259 μὲν
2493 4185 2548 4238 αἱ
2577 4180 2840 4252 δαμάλεις
2866 4179 2923 4232 al
2950 4175 3169 4248 χρυσαῖ,
3188 4173 3246 4226 ὲν
3274 4169 3332 4224 δέ
3360 4185 3423 4237 γε
3446 4168 3564 4259 τοῖς
3576 4165 3744 4259 δρεσι,

2170 4284 2266 4339 καὶ
2295 4256 2410 4344 toi;
2442 4279 2671 4350 βουνοῖς,
2706 4273 2775 4327 τὰ
2804 4271 2912 4325 τῶν
2944 4266 3240 4340 περιοίκων
3274 4259 3443 4327 ἐθνῶν
3472 4256 3748 4350 σεϐάσμα-

2170 4393 2257 4439 τα,
2286 4376 2313 4426 ό
2347 4347 2520 4436 uaga,
2555 4372 2583 4421 ό
2617 4362 2962 4434 Βεελφεγὼρ,
3003 4361 3037 4430 ἡ
3080 4357 3375 4447 Ἀστάρτη,
3424 4349 3520 4404 καὶ
3565 4348 3594 4399 δ
3628 4347 3748 4447 ~xa-

2175 4463 2309 4532 μώς.
2330 4462 2452 4512 Ὅτι
2474 4458 2653 4510 τοίνυν
2678 4452 2799 4522 οὐχὶ
2825 4452 2983 4521 μόνον
3015 4442 3529 4514 κατασεισοήσονται
3561 4435 3655 4491 τοῦ
3676 4434 3747 4488 ὢν

486 4530 712 4623 omnino
767 4581 829 4621 ac
864 4567 1080 4635 penitus
1112 4565 1278 4619 etiam
1315 4566 1367 4616 in
1401 4563 1633 4618 collibus
1687 4571 1741 4616 el
1786 4563 2059 4616 montibus

2170 4530 2219 4607 οἱ
2252 4550 2450 4623 βωμοὶ,
2472 4545 2742 4609 τουτέστι,
2771 4541 2865 4597 τοῦ
2888 4539 3135 4604 Ἀπιδος,
3167 4537 3286 4607 ἦτοι
3315 4530 3747 4635 τίῦνιδαμάλεοίν,

486 4662 612 4715 fana
657 4658 956 4727 collapsum
1004 4671 1100 4725 per
1151 4656 1264 4709 huic
1315 4654 1644 4708 subindicat.
1690 4652 1766 4707 Eo
1819 4668 2059 4722 namque

485 4748 816 4804 calamitatis
851 4757 904 4799 et
933 4760 1180 4799 errorum
1216 4744 1548 4813 redigentur,
1601 4753 1658 4796 ut
1686 4743 1877 4797 malint
1905 4758 2062 4797 mon-

490 4846 636 4895 tibus
658 4837 899 4907 scpeliri,
933 4851 1095 4906 quam
1125 4835 1377 4889 viventes
1416 4849 1662 4897 cernere,
1690 4850 1811 4903 qua!
1853 4844 2066 4902 oporte-

490 4932 569 4985 bit
594 4930 705 5000 pati
754 4926 839 4981 vel
873 4926 1088 4980 invitos.
1119 4923 1414 4978 Sciendum
1437 4935 1587 4989 vero,
1625 4922 1898 4975 Christum
1940 4937 2069 4992 quo-

490 5040 595 5094 que
624 5021 1036 5079 denuntiantem
1076 5008 1417 5072 calamﬂates
1467 5024 1686 5085 propter
1737 5013 1977 5068 nefarios
2016 5016 2067 5068 in

492 5116 668 5185 ipsum
713 5127 881 5168 ausus
942 5111 1050 5166 illis
1105 5108 1520 5174 immittendus,
1566 5108 1838 5163 similibus
1889 5107 2069 5161 verbis

493 5219 649 5257 usum
679 5218 821 5258 esse.
848 5200 1026 5272 Inquit
1052 5199 1196 5254 enim
1228 5215 1241 5250 :
1277 5217 1295 5249 ι
1334 5197 1485 5252 Tunc
1520 5198 1716 5253 dicetis
1744 5197 2019 5253 montibus
2053 5213 2064 5246 :

495 5291 716 5361 Opcrite
765 5307 899 5360 nos;
943 5276 998 5346 et
1028 5291 1256 5347 collibus
1297 5306 1311 5343 :
1354 5288 1546 5343 Czulite
1593 5304 1756 5359 super
1810 5303 1909 5342 nos
1937 5287 2006 5341 δ’.
2044 5304 2062 5338 ι

496 5388 716 5438 Summa
752 5386 1017 5454 siquidem
1056 5386 1321 5440 malorum
1347 5393 1401 5438 et
1442 5382 1925 5437 incommodorum
1957 5394 2071 5434 ma-

496 5473 828 5543 gnitudines,
862 5484 1092 5528 mortem
1129 5473 1379 5543 quamvis
1434 5472 1637 5543 alioqui
1668 5486 1932 5535 amaram,
1976 5470 2069 5523 de-

495 5562 946 5619 sideratissimam
1011 5565 1283 5619 interdum
1353 5564 1540 5619 multis
1598 5563 1855 5618 eﬂiciuut.
1935 5560 2071 5630 Ipsis

496 5658 661 5727 igitur
693 5653 967 5706 montibus
1000 5664 1055 5707 et
1087 5655 1314 5710 collibus
1349 5656 1404 5710 in
1432 5657 1632 5727 quibus
1666 5654 1807 5710 idola
1840 5651 1985 5707 culta
2014 5662 2069 5706 et

494 5744 789 5818 impietatis
823 5744 1047 5799 trimina
1078 5745 1128 5796 in
1160 5744 1326 5798 Deum
1363 5747 1708 5816 impudenter
1755 5752 2069 5817 perpetrata

570 5924 817 5981 sqMalae.
857 5938 892 5988 I,
931 5922 977 5975 4.
1059 5921 1099 5949 “"
1130 5917 1256 5973 Luc.
1294 5937 1446 5989 xxm,
1480 5926 1563 5977 3b.

2173 4619 2309 4697 ἀλλά
2338 4619 2449 4710 γὰρ
2487 4635 2662 4707 πάντη
2691 4649 2751 4686 τε
2811 4628 2906 4684 καὶ
2938 4628 3156 4693 πάντως
3185 4624 3280 4678 καὶ
3321 4621 3391 4675 τά
3434 4622 3490 4674 ὲν
3524 4619 3747 4710 βουνοῖς,

2175 4736 2268 4788 καὶ
2298 4708 2449 4805 όρεσι
2479 4728 2683 4800 τεμένη
2733 4722 3020 4779 πεσοῦνται
3046 4762 3061 4786 ,
3113 4717 3203 4770 διὰ
3241 4712 3446 4769 τούτων
3476 4708 3747 4781 ὑποδηλοῖ.

2175 4799 2525 4895 Περιέστήξει
2550 4799 2660 4889 γάρ
2694 4816 2773 4879 εἰς
2796 4812 2956 4867 τοῦτο
2984 4810 3168 4871 αὐτοῖς
3194 4803 3592 4895 ἀθλιότητόςᾼτε
3655 4799 3750 4854 καὶ

2176 4893 2445 4986 δειμάτων
2476 4912 2542 4964 τὰ
2570 4909 2891 4981 πράγματα,
2920 4903 2995 4966 ὡς
3016 4900 3107 4953 ὑπ’
3142 4900 3326 4960 αὐτοῖς
3353 4893 3605 4986 γενέσθαι
3642 4894 3750 4986 τοῖς

2175 4982 2341 5077 ὄρεσι
2377 5004 2469 5056 καὶ
2500 5002 2710 5071 βουνοῖς
2736 4996 2952 5050 ἑλέσθαι
2981 4992 3196 5064 μᾶλλον,
3300 4988 3507 5053 ζῶντας
3535 4985 3684 5047 ίδεῖν,
3717 4982 3751 5036 ἃ.

2180 5098 2368 5151 παθεῖν
2396 5092 2463 5166 ἦν
2502 5094 2717 5161 ἀνάγκη
2762 5090 2853 5143 καὶ
2901 5088 2999 5157 οὐχ
3034 5072 3508 5146 ὲκόνταςάὑτούς.
3558 5076 3751 5130 Ἰστέον

2172 5190 2245 5252 δὲ,
2292 5191 2371 5242 ὅτι
2405 5187 2498 5241 καὶ
2547 5185 2707 5246 αὐτὸς
2750 5185 2777 5236 ὁ
2813 5179 3044 5253 Χριστὸς
3084 5172 3444 5243 ἀπαγγέλλων
3483 5168 3751 5229 Ἰουδαίοις

2175 5282 2273 5345 τὰς
2299 5275 2801 5349 ἐπενεχθησομὲνας
2829 5273 3012 5333 αὐτοῖς
3044 5268 3327 5339 συμφοράς
3357 5263 3447 5318 διά
3484 5279 3547 5333 γε
3576 5261 3643 5314 τά
3674 5259 3751 5319 είς

2176 5374 2337 5428 αὐτὸν
2365 5373 2712 5443 τολμήματα,
2744 5368 2856 5428 τοῖς
2880 5363 3016 5426 ἴσοις
3050 5361 3320 5431 ἐχρήσατο
3344 5356 3545 5423 λόγοις.
3581 5370 3600 5403 ι
3620 5350 3750 5443 Τότε

2177 5466 2286 5537 γὰρ
2313 5442 2509 5536 ἀρεῖτε,
2545 5481 2563 5514 ι
2605 5459 2736 5531 φησὶ
2760 5498 2775 5523 ,
2809 5474 2828 5509 ι
2860 5458 2978 5529 τοῖς
3006 5455 3158 5522 ὄρεσι
3185 5468 3198 5482 ·
3238 5446 3532 5516 Καλύψατε
3584 5442 3748 5537 ἡμᾶς,

2178 5533 2270 5611 πα).
2299 5533 2411 5618 τοῖς
2441 5556 2668 5625 βουνοῖς,
2701 5550 2902 5603 Πέσετε
2923 5548 3008 5616 ἐφ’
3042 5545 3209 5615 ἡμᾶς·
3242 5559 3262 5592 ³
3289 5538 3371 5593 Τὰ
3398 5537 3508 5607 γὰρ
3547 5537 3627 5625 εἰς

2181 5647 2260 5712 ξιν
2287 5621 2489 5715 ἥκοντα
2516 5643 2625 5696 τῶν
2655 5640 2862 5703 κακῶν,
2884 5636 2978 5691 καὶ
2998 5632 3106 5687 τῶν
3131 5628 3321 5683 δεινῶν
3351 5629 3407 5681 at
3430 5621 3750 5697 ὑπερϐολαὶ,

2181 5714 2357 5794 καίτοι
2387 5736 2581 5810 πικρὸν
2610 5734 2735 5791 ὄντα
2761 5733 2852 5788 τὸν
2884 5729 3135 5792 Θάνατον,
3167 5719 3499 5791 τοιπόθητον
3526 5715 3642 5775 ἔσθ’
3663 5714 3747 5769 δἰε
