4034 6270
324 467 434 524 Ἃθ

1249 474 1804 563 COMMENTARIUS
1843 478 1910 534 IN
1951 480 2183 539 OSEAM
2227 485 2669 545 PROPHETAM.

3482 488 3590 546 250

330 581 629 636 δεικνύουσι
690 585 803 646 τοῖς
849 582 1084 649 πολλοῖς.
1144 584 1336 652 Αύτοῖς
1391 589 1455 660 δὴ
1498 585 1595 645 οὖν
1637 592 1748 663 ἄρα
1797 596 1903 657 τοῖς

2014 606 2160 666 sunt,
2192 599 2378 657 dicent
2404 603 2816 672 propemodum,
2870 602 3064 673 inquit,
3117 620 3137 655 ι
3186 602 3378 659 Cadite
3426 618 3593 672 super

334 674 479 745 δρεσι
532 675 763 741 καὶτοῖς
799 674 1027 750 βουνοῖς,
1057 677 1117 733 ὲν
1154 675 1237 742 οἷς
1263 680 1320 733 ai
1367 679 1773 752 ψευδολατρίαι,
1813 686 1909 738 καὶ

333 765 425 835 τῆς
444 766 585 820 κατὰ
614 765 749 834 Θεοῦ
779 768 1103 834 δυσσεϐείας
1119 768 1450 839 τετόλμηται
1471 769 1541 823 τὰ
1561 771 1728 842 ὲγκλή
1737 788 1905 842 ματα,

306 856 607 927 ,μονονουχὶ
649 857 744 912 καὶ
788 860 995 932 ἐροῦσι,
1053 859 1212 930 φησὶ,
1253 878 1272 910 ι
1312 859 1511 914 Πέσετε
1559 862 1643 930 ἐφ’
1671 863 1839 932 ἡμᾶς,
1880 882 1899 916 ι

2016 700 2139 755 nos,
2176 706 2197 739 ι
2230 699 2285 746 et
2312 692 2475 761 gladii
2506 692 2825 764 Babylonici
2858 694 3240 751 crudelitatem
3288 704 3455 763 atque
3503 708 3590 749 tn-

2012 775 2268 845 gloriam,
2300 789 2354 835 et
2384 782 2787 838 intolerandam
2830 785 3110 842 miseriam
3157 786 3503 843 abductionis
3534 785 3590 841 in

2011 869 2385 937 captivitatem
2413 876 2761 930 antevertite.

323 949 417 1004 καὶ
440 947 686 1018 φθάσατε
715 950 811 1006 τοῦ
844 953 1191 1008 Βαϐυλωνίου
1227 951 1414 1023 ξίφους
1444 952 1545 1024 τὴν
1579 955 1900 1028 ἀγριότητα,
1941 959 2037 1013 καὶ
2064 960 2165 1031 τῆς
2202 965 2283 1028 είς
2350 966 2732 1038 αἰχμαλωσίαν
2771 968 3096 1039 ἀπαγωγῆς·
3138 970 3236 1041 τὴν
3262 970 3436 1026 ἀκλεᾶ
3496 970 3592 1024 καὶ

322 1039 603 1094 δύσοιστον
626 1042 938 1115 ἀθλιότητα.
1312 1107 1319 1113 ,

406 1133 524 1201 Ἆρ’
576 1130 651 1190 οὗ
704 1138 759 1189 οἱ
804 1136 1058 1203 βουνοί,
1121 1136 1391 1205 ἥμαρτεν
1441 1138 1718 1207 Ἰσραὴλ,
1785 1137 1916 1193 ἐκεῖ

324 1222 621 1290 ἔστησαν.
666 1228 749 1281 Οὐ
778 1226 866 1297 μὴ
894 1226 1202 1296 καταλάϐῃ
1239 1227 1463 1294 αὐτοὺς
1506 1230 1578 1282 ἐν
1600 1228 1681 1295 τῷ
1698 1229 1947 1295 ,βουνῷι

323 1312 617 1384 πόλεμοςζ
658 1318 759 1371 ἐπὶ
808 1319 884 1373 τὰ
933 1315 1119 1374 τέκνα
1160 1317 1272 1387 τῆς
1310 1319 1549 1385 ἀδικίας
1584 1320 1907 1376 παιδεῦσαι

322 1408 564 1474 αὐτούς.
596 1410 704 1463 Kal
743 1409 1240 1478 συναχθήσονται
1268 1410 1367 1464 ἐπὶ
1407 1411 1632 1478 αὐτοὺς
1666 1413 1801 1467 λαοὶ
1836 1412 1908 1467 ἐν

321 1494 404 1561 τῷ
441 1497 835 1555 παιδεύεσθαι
878 1500 1105 1566 αὐτοὺς
1143 1500 1216 1556 ἐν
1253 1501 1385 1569 ταῖς
1406 1502 1607 1557 δυσίν
1643 1502 1907 1571 ἀδικίαις

322 1588 543 1644 αὐτῶν.

396 1681 554 1738 Ρ1Η’.
594 1681 977 1754 Πρεσδυτέραν
1023 1678 1166 1738 εἶναί
1191 1700 1346 1756 φησι,
1377 1684 1474 1755 τῆς
1515 1685 1609 1738 ἐπὶ
1638 1688 1760 1749 ταῖς
1803 1685 1903 1741 δα·

335 1770 532 1842 μάλεσι
562 1770 792 1843 πλάνης,
814 1773 909 1845 τὴν
935 1774 995 1827 ὲν
1022 1773 1174 1846 δρεσί
1205 1791 1265 1827 τε
1313 1774 1408 1828 καὶ
1441 1774 1647 1845 βουνοῖς
1675 1792 1902 1846 γεγενη-

2081 1141 2247 1198 Vsus.
2287 1143 2340 1211 9,
2379 1142 2465 1200 ιο.
2503 1143 2586 1199 Ea:
2613 1161 2716 1214 quo
2750 1145 2930 1208 colles,
2978 1148 3210 1215 peccarit
3264 1147 3473 1216 Israel,
3520 1151 3592 1205 ibi

2007 1243 2286 1289 steterunt.
2338 1236 2460 1291 Non
2506 1239 2903 1307 comprehendet
2951 1254 3037 1291 eos
3072 1240 3127 1292 in
3178 1240 3312 1294 colle
3368 1242 3586 1306 bellum,

2007 1339 2166 1390 super
2192 1326 2330 1393 ﬁlios
2354 1328 2653 1398 iniquitatis
2677 1330 2937 1397 corripere
2985 1331 3144 1399 ipsos.
3186 1329 3252 1384 Et
3298 1346 3587 1401 congrega-

2013 1412 2207 1466 buntur
2240 1432 2398 1481 super
2423 1433 2510 1471 eos
2552 1416 2763 1485 populi,
2814 1433 2933 1473 cum
2980 1419 3332 1488 corripiantur
3381 1420 3484 1490 ipsi
3536 1421 3592 1475 in

2014 1498 2222 1553 duabus
2244 1502 2614 1567 iniquitatibus
2639 1506 2775 1560 suis.

2080 1668 2312 1726 CXVIII.
2350 1672 2548 1728 Errore
2578 1674 2630 1728 in
2681 1674 2940 1733 colendis
2990 1676 3174 1733 vitulis
3224 1678 3588 1749 antiquiorem

2009 1774 2132 1816 esse
2179 1761 2233 1815 in
2262 1764 2532 1819 montibus
2577 1773 2633 1818 et
2672 1766 2907 1821 collibus
2965 1766 3165 1823 factam
3223 1768 3586 1826 deiectionem
3673 1756 3677 1765 ’

340 1862 510 1933 μένην
535 1861 854 1917 ἀπόστασιν.
888 1864 999 1917 Kal
1029 1862 1158 1932 γοῦν
1182 1865 1272 1918 ὅτε
1295 1863 1396 1934 τὴν
1422 1865 1735 1938 Σαμάρειαν
1773 1884 1903 1921 κατ-

2010 1850 2268 1907 al‘tirmat.
2302 1852 2530 1920 Quando
2558 1855 2725 1925 igitur
2768 1858 2820 1910 in
2853 1858 3163 1913 Samariam
3188 1872 3459 1915 venerunt
3488 1863 3584 1916 de-

335 1952 627 2022 ειλήφασιν
668 1954 725 2006 αἱ
770 1953 898 2008 δέκα
940 1954 1139 2024 φυλαὶ,
1185 1954 1289 2025 τῆς
1347 1954 1580 2027 Ῥοϐοάμ
1632 1957 1910 2028 βασιλείας

337 2042 767 2110 ἀποσεισάμεναι
803 2044 895 2098 τδν
944 2043 1125 2113 ζυγὸν,
1157 2045 1275 2099 τότε
1310 2046 1412 2111 τὰς
1440 2047 1700 2117 δαμάλεις
1732 2050 1909 2103 είσκε-

337 2134 567 2205 κόμικεν
603 2134 905 2207 Ἱεροϐοάμ.
947 2136 1036 2189 Ἐν
1069 2136 1123 2189 δέ
1164 2153 1225 2205 γε
1253 2138 1363 2213 τοῖς
1399 2138 1790 2209 Ἰεροσολύμοις
1821 2139 1908 2194 ὅν-

333 2242 443 2289 τες,
472 2225 571 2296 τήν
593 2229 650 2280 ὲν
679 2227 830 2297 ὄρεσι
856 2245 913 2280 τε
956 2229 1048 2281 καὶ
1084 2227 1289 2297 βουνοῖς
1319 2231 1651 2300 ἐπετήδευον
1674 2231 1905 2303 πλάνην,

330 2318 453 2375 ταῖς
477 2315 793 2385 ἀλλοφύλοις
824 2316 1065 2385 γυναιξὶν
1087 2318 1329 2383 εἴκοντος
1389 2321 1483 2375 καὶ
1508 2321 1904 2387 κατανεύοντος

327 2405 424 2459 τοῦ
459 2405 789 2476 Σολομῶνος,
822 2407 882 2460 τὸ
910 2409 1159 2479 τηνικάδε
1190 2412 1284 2465 καὶ
1317 2410 1531 2481 βωμοὺς
1556 2413 1904 2481 ἀνιστῶντος,

330 2498 426 2549 καὶ
467 2497 670 2567 τεμένη
711 2497 894 2552 λοιπὸν
923 2503 1036 2563 τοῖς
1066 2501 1291 2555 ἐκείνων
1319 2503 1674 2575 σεϐάσμασιν.
1719 2506 1809 2572 Ἐξ
1846 2500 1908 2560 οῦ

329 2587 509 2641 τοίνυν
552 2589 923 2660 ἐπενοήθησαν
980 2591 1030 2644 οῖ
1084 2592 1285 2661 βουνοὶ,
1345 2594 1439 2647 καὶ
1491 2596 1559 2648 τά
1611 2598 1668 2649 ὲν
1724 2599 1909 2663 αὐτοῖς

330 2677 641 2751 ἀθύρματα,
695 2681 789 2735 καὶ
816 2683 873 2734 αῖ
898 2681 1301 2755 ψευδολατρίαι,
1333 2685 1392 2750 ἐξ
1424 2687 1631 2741 ἐκείνου
1661 2688 1753 2743 τοῦ
1789 2708 1910 2744 και-

334 2769 429 2839 ροῦ
452 2770 900 2842 προσκέκρουκεν
923 2774 954 2826 ό
991 2774 1232 2846 Ἰσραήλ.
1267 2775 1533 2842 Ἔνδειξις
1557 2779 1727 2834 δὲκαὶ
1753 2781 1910 2837 τοῦτο

330 2860 431 2930 ἰἦς
471 2861 620 2926 θείας
661 2862 1005 2934 ἡμερότητος
1061 2866 1258 2934 γένοιτ’
1296 2867 1363 2921 ἂν
1409 2870 1510 2923 οὐκ
1559 2873 1906 2945 ἀσυμφανὴς,

334 2951 455 3005 οὐδὲ
504 2953 564 3005 ὲν
617 2953 798 3025 χρόνῳ
850 2956 1050 3029 μακρῷ
1108 2957 1357 3023 κολάζειν
1409 2961 1743 3034 άνεχομένης
1782 2966 1910 3031 τοὺς

336 3042 695 3114 ἠσεϐηκότας,
751 3045 995 3117 ἀνιείσης
1033 3047 1090 3100 δὲ
1142 3049 1339 3120 μᾶλλον
1380 3053 1473 3105 καὶ
1511 3057 1909 3127 περιμενούσης

333 3133 473 3203 τάχα
499 3150 605 3187 που
629 3135 737 3188 τῶν
760 3135 1194 3208 πεπλανημένων
1222 3140 1321 3213 τὴν
1356 3144 1720 3213 μετάγνωσιν.
1752 3149 1815 3202 0i
1852 3149 1907 3202 δὲ

332 3217 472 3294 ἦσαν
506 3225 868 3297 ἀπηνέστεροί
894 3244 974 3295 τε,
1032 3230 1122 3283 καὶ
1175 3231 1244 3285 τὰ
1295 3232 1375 3287 ἔτι
1412 3236 1581 3307 χείρω
1627 3240 1906 3304 νοσοῦντες

331 3316 636 3386 ἡλίσκοντο.
665 3319 1011 3389 Προσέθεσαν
1034 3322 1141 3391 γὰρ
1169 3327 1283 3387 τοῖς
1327 3325 1534 3396 βουνοῖς
1576 3330 1673 3383 καὶ
1709 3330 1778 3384 τά
1813 3332 1906 3386 ἐπὶ

332 3409 450 3470 ταῖς
476 3407 777 3478 δαμάλεσιν
822 3411 1130 3481 εὑρήματα.
1164 3412 1395 3479 Θύοντες
1422 3416 1479 3469 δὲ
1511 3420 1624 3481 τοῖς
1652 3419 1906 3489 δαίμοσιν

331 3496 389 3549 ἐν
415 3496 571 3567 δρεσί
599 3514 658 3550 τε
688 3498 783 3551 καὶ
810 3498 1040 3569 βουνοῖς,
1072 3503 1166 3555 καὶ
1191 3503 1474 3570 δοκοῦντες
1498 3508 1744 3563 εὐσεϐεῖν
1774 3529 1840 3564 πε
1850 3513 1903 3584 pl

330 3587 397 3641 τὰ
438 3588 665 3658 μάταια,
695 3589 837 3660 τάχα
869 3608 971 3644 που
999 3592 1089 3644 καῖ⁵
1120 3591 1287 3665 ᾤοντο
1318 3595 1459 3649 κατὰ
1496 3599 1656 3667 σφᾶς,
1704 3601 1904 3669 μᾶλλον

329 3678 385 3732 δὲ
426 3681 523 3732 καὶ
566 3678 847 3751 ἀραρότως
879 3680 1146 3751 ἐνόμιζον,
1188 3684 1271 3737 ὅτι
1302 3687 1396 3738 καὶ
1431 3686 1490 3739 ἐν
1533 3685 1736 3759 βεϐαίῳ
1770 3693 1902 3762 στήο

330 3767 640 3837 σονταιτῆς
666 3769 985 3839 εὐημερίας,
1014 3769 1226 3826 ἔσονται
1256 3773 1313 3827 δὲ
1367 3775 1463 3829 καὶ
1503 3777 1759 3845 ἀμείνους
1794 3781 1902 3834 τῶν

328 3856 755 3929 ἀνθεστηκότων,
787 3861 882 3913 καὶ
929 3861 1193 3918 ἀνάλωτοι
1221 3867 1335 3928 τοῖς
1384 3866 1617 3939 ἐχθροῖς.
1668 3870 1902 3941 Σύνηθες

328 3947 383 4001 δὲ
430 3952 547 4012 τοῖς
586 3951 958 4024 πλανωμένοις
1008 3955 1221 4026 νόσημα
1263 3957 1441 4011 τοῦτο.
1488 3961 1597 4014 Kal
1637 3961 1768 4029 γοῦν
1810 3965 1899 4016 ὅτε

329 4042 634 4112 κατέϐησαν
677 4045 757 4108 είς
803 4044 1097 4113 Αἴγυπτον,
1130 4047 1366 4118 ἁλούσης
1398 4052 1499 4120 τῆς
1545 4051 1900 4124 Ἰερουσαλὴμ

328 4131 430 4185 ὑπὸ
451 4132 546 4185 τοῦ
577 4133 942 4200 Βαϐυλωνίου,
975 4134 1364 4189 συνεϐούλευσε
1402 4138 1501 4207 μὲν
1545 4140 1574 4191 ὁ
1616 4142 1899 4212 προφήτης

337 4223 643 4294 Ἱερεμίας,
692 4225 992 4297 ἀπέχεσθαι
1037 4227 1132 4279 τοῦ
1184 4226 1331 4280 θύειν
1382 4226 1641 4293 εἰδώλοις,
1692 4231 1778 4285 ἵνα
1815 4249 1899 4298 τις

327 4315 535 4382 γένοιτο
565 4316 731 4385 φειδῶ
758 4318 847 4369 ἐπ’
875 4317 1057 4382 αὐτοῖς
1088 4316 1237 4388 παρά
1273 4316 1366 4370 τοῦ
1395 4316 1585 4382 σώζειν
1624 4319 1897 4390 ἰσχύοντος

327 4406 479 4460 Θεοῦ.
530 4407 595 4460 Οἱ
646 4407 702 4461 δὲ
749 4407 953 4479 ταύτης
995 4408 1154 4462 ἕνεκα
1206 4408 1308 4478 τῆς
1355 4409 1535 4473 αἰτίας
1581 4416 1897 4482 περιπεσεῖν

276 4553 297 4573 ι
327 4497 561 4567 ἔφασκον
588 4500 701 4562 τοῖς
734 4499 948 4562 δεινοῖς,
980 4501 1063 4553 ὄτι
1101 4499 1165 4569 δὴ
1194 4500 1253 4552 οὐ
1282 4500 1588 4571 κατέληξαν
1625 4502 1719 4556 τοῦ
1759 4505 1896 4577 πλη·
1931 4528 1972 4584 ι)

328 4590 451 4661 ροῦν
482 4589 688 4644 ἐθέλειν
707 4589 775 4644 τὰ
797 4590 1176 4660 νενομισμένα,
1204 4592 1296 4644 καὶ
1319 4592 1709 4663 ὀλιγωροῦντες
1738 4597 1902 4667 ὴλέγ.

325 4696 480 4748 χοντο
506 4678 607 4749 τῆς
645 4680 725 4741 εἰς
754 4678 823 4732 τὰ
855 4680 1059 4749 μάταια
1083 4680 1267 4750 τιμῆς.
1295 4680 1609 4752 Γέγραπται
1628 4683 1683 4738 δὲ
1705 4686 1897 4751 οὕτως·

331 4791 349 4822 ι
384 4772 494 4825 Kal
529 4769 905 4842 ἀπεκρίθησαν
941 4771 1019 4842 τῷ
1068 4770 1309 4843 Ἱερεμίᾳ
1346 4772 1546 4836 πάντες
1600 4776 1650 4827 οἱ
1686 4776 1899 4849 ἄνδρες,

323 4865 371 4916 οἱ
404 4863 641 4932 γνῶντες
680 4865 760 4916 ὅτι
804 4862 1071 4934 θυμιῶσιν
1116 4865 1173 4918 al
1226 4867 1483 4933 γυναῖκες
1533 4866 1713 4923 αὐτῶν
1756 4871 1901 4949 θεοῖς

325 4954 554 5025 ἑτέροις,
586 4952 682 5007 καὶ
711 4955 883 5007 πᾶσαι
915 4954 971 5007 αἱ
1002 4956 1279 5022 γυναῖκες,
1325 4957 1615 5028 συναγωγὴ
1663 4960 1897 5031 μεγάλη,

326 5046 417 5098 καὶ
447 5045 558 5107 πᾶς
583 5044 613 5094 ό
638 5042 788 5107 λαὸς,
816 5045 867 5097 oi
890 5044 1187 5115 καθήμενοι
1218 5048 1276 5098 ὲν
1303 5049 1372 5117 γῇ
1406 5046 1690 5119 Αἰγύπτῳ,
1734 5053 1793 5105 ὲν
1825 5055 1895 5123 γῇ

324 5134 580 5204 Παθουρῇ
608 5173 622 5198 ,
653 5133 929 5202 λέγοντες·
960 5133 1065 5188 Τὸν
1107 5135 1266 5202 λόγον
1307 5136 1367 5190 ὃν
1409 5136 1713 5208 λελάληκας
1761 5141 1899 5211 πρὸς

321 5228 468 5298 ήμᾶς
497 5228 557 5279 ὲν
594 5225 673 5296 τῷ
704 5225 928 5295 ὀνόματι
977 5226 1206 5296 Κυρίου,
1253 5229 1352 5280 οὐκ
1393 5230 1762 5300 ἀκουσόμεθα,
1815 5234 1898 5285 ὅτι

322 5318 603 5381 ποιοῦντες
635 5318 937 5387 ποιήσομεν
965 5317 1143 5370 πάντα
1176 5319 1267 5372 τὸν
1303 5319 1459 5386 λόγον
1480 5361 1496 5386 ,
1530 5321 1586 5382 ὃς
1626 5320 1887 5386 ἐξελεύσε-

320 5428 408 5464 ται
436 5412 504 5464 ὲκ
532 5408 626 5463 τοῦ
653 5409 920 5479 στόματος
947 5407 1125 5477 ἡμῶν,
1153 5408 1354 5480 θυμιᾷ-θ
1378 5412 1445 5481 τῇ
1484 5409 1767 5483 βασιλίσσῃ
1803 5413 1897 5465 τοῦ

322 5499 576 5572 ούρανοῦ,
605 5499 697 5554 καὶ
732 5497 979 5552 σπένδειν
1013 5498 1149 5570 αὐτῇ
1180 5499 1433 5567 σπονδὰς,
1464 5500 1608 5554 καθὰ
1637 5501 1898 5572 ἐποιήσα-

328 5610 426 5662 μεν
458 5594 642 5664 ἡμεῖς,
673 5591 768 5644 καὶ
814 5590 866 5642 oi
915 5590 1148 5660 πατέρες
1191 5590 1370 5660 ἡμῶν,
1420 5593 1516 5645 καὶ
1562 5594 1611 5645 οῖ
1661 5592 1901 5662 βασιλεῖς

248 5682 253 5687 ’
322 5683 511 5754 ἡμῶν,
539 5682 634 5735 καὶ
665 5681 714 5734 οἱ
741 5680 999 5752 ἄρχοντες
1032 5680 1188 5750 ἡμῶν
1221 5683 1278 5735 ὲν
1322 5681 1535 5735 πόλεσιν
1575 5681 1765 5750 Ἰούδα,
1806 5683 1897 5735 καὶ

406 5865 452 5900 ⁸⁸
480 5866 540 5924 ιιι
572 5866 702 5934 Reg.
734 5879 832 5930 xu,
861 5865 949 5919 28.

2011 1958 2129 1999 cem
2182 1945 2377 2010 tribus,
2436 1948 2591 2016 regni
2652 1948 2916 2003 ltoboami
2964 1950 3095 2021 jugo
3150 1966 3406 2020 excusso,
3465 1964 3592 2010 tunc

2012 2034 2213 2091 vitulos
2241 2034 2529 2091 Jeroboam
2556 2037 3052 2106 introduxit“.Qui
3083 2051 3264 2096 autem
3280 2052 3437 2097 erant
3457 2044 3587 2099 Ilie-

2013 2128 2320 2199 resolymis,
2351 2129 2403 2183 in
2448 2130 2721 2184 montibus
2758 2139 2814 2185 et
2852 2132 3085 2188 collibus
3123 2147 3369 2188 errorem
3424 2151 3585 2191 suum

2011 2220 2342 2275 exercebant
2373 2220 2583 2285 sedulo,
2608 2236 2732 2277 cum
2775 2222 3098 2293 alienigenis
3138 2226 3458 2281 mulieribus
3484 2228 3588 2284 ob-

2011 2309 2320 2365 secundaus
2363 2319 2418 2366 et
2452 2312 2762 2367 assentiens
2814 2312 3112 2379 Salomon,
3157 2316 3320 2370 etiam
3352 2332 3479 2372 aras
3532 2327 3589 2373 et

2013 2401 2134 2456 fana
2163 2401 2384 2472 insuper
2438 2403 2655 2459 illarum
2706 2404 3021 2460 numinibus
3067 2405 3180 2477 jam
3230 2418 3341 2462 tum
3389 2409 3584 2465 condi-

2012 2492 2184 2548 disset
2216 2494 2285 2547 ".
2316 2493 2393 2547 Ex
2426 2509 2537 2564 quo
2591 2495 2758 2566 igitur
2789 2497 3080 2567 excogitati
3123 2507 3250 2553 sunt
3299 2500 3485 2566 colles,
3530 2512 3588 2556 et

2014 2584 2243 2650 ludicra,
2275 2587 2755 2655 etpsendolatriae,
2812 2604 2879 2645 ex
2910 2605 2977 2645 eo
3038 2598 3281 2659 tempore
3333 2592 3588 2661 peccavit

2010 2672 2064 2728 in
2094 2673 2260 2729 Deum
2291 2675 2477 2731 Israel.
2528 2674 2713 2732 Potest
2752 2686 2807 2732 et
2834 2677 2963 2733 hinc
3000 2678 3312 2747 benignitas
3344 2680 3433 2734 Dei
3469 2695 3578 2735 nou

2011 2767 2243 2823 obscure
2273 2770 2547 2838 cognosci,
2581 2785 2702 2840 (pne
2729 2785 2830 2826 nec
2865 2771 3026 2841 longo
3079 2768 3366 2827 intervallo
3416 2771 3582 2846 149

2013 2858 2304 2930 impietatis
2332 2876 2459 2917 reos
2499 2862 2695 2931 punire
2742 2863 3037 2929 sustinuit;
3080 2866 3179 2920 sed
3211 2863 3432 2919 indulsit
3486 2880 3578 2935 po-

2014 2948 2155 3014 tius,
2195 2957 2250 3003 et
2283 2950 2410 3003 dum
2444 2950 2654 3006 seducti
2706 2953 3085 3022 paenitentiam
3139 2954 3280 3009 forte
3313 2964 3578 3025 agerent,
3687 2961 3695 2966 “

2011 3041 2365 3109 exspectavit.
2406 3043 2477 3096 At
2529 3042 2603 3097 illi
2637 3053 2691 3097 et
2745 3045 3198 3110 contumaciores,
3273 3055 3329 3100 et
3378 3045 3587 3103 scelere

2012 3132 2379 3201 corruptiores
2394 3133 2602 3190 inventi
2625 3145 2769 3191 sunt.
2793 3135 3038 3192 Collibus
3052 3136 3200 3191 enim
3220 3138 3422 3195 vitulos
3450 3152 3587 3208 que-

2013 3234 2119 3290 que
2143 3219 2474 3288 adjecerunt.
2510 3222 2895 3280 Sacriﬁcantes
2942 3233 3124 3281 autem
3153 3226 3492 3283 daemonibus
3525 3229 3581 3283 iu

2015 3313 2291 3370 montibus
2316 3325 2369 3369 et
2398 3315 2646 3380 collibus,
2680 3325 2735 3372 et
2759 3331 2821 3373 se
2852 3317 2905 3373 iu
2940 3317 3042 3373 hoc
3093 3320 3239 3373 inani
3280 3319 3463 3374 studio
3497 3335 3585 3375 re-

2013 3404 2234 3477 ligiosos
2254 3408 2607 3473 arbitrantes,
2642 3407 2887 3466 fortassis
2941 3412 3108 3466 etiam
3171 3412 3314 3482 apud
3341 3412 3583 3466 animum

2011 3499 2350 3567 cogitabant,
2402 3499 2511 3554 imo
2558 3511 2926 3572 congruenter
2966 3502 3268 3571 putabant,
3320 3516 3378 3556 se
3425 3503 3587 3557 rebus

2016 3588 2275 3644 secundis
2314 3599 2636 3645 constanter
2662 3606 2879 3658 usuros,
2940 3602 2991 3645 et
3025 3591 3354 3645 adversariis
3399 3591 3584 3645 valen-

2013 3677 2198 3744 tiores,
2236 3689 2291 3731 et
2319 3694 2348 3731 a
2367 3680 2629 3733 servitute
2654 3680 2902 3735 hostibus
2926 3681 3211 3734 servienda
3244 3688 3389 3735 tutos
3416 3679 3533 3734 fore
3562 3698 3577 3733 :

2010 3770 2099 3839 qui
2135 3771 2359 3823 morbus
2385 3782 2573 3823 errore
2600 3768 2843 3838 deceptis
2879 3768 3164 3824 familiaris
3188 3776 3292 3824 est.
3334 3768 3446 3824 Iloc
3488 3769 3586 3840 igi-

2013 3870 2117 3926 tur,
2134 3860 2357 3929 quando
2380 3870 2531 3929 capta
2559 3859 2899 3931 a'Babylonio
2913 3858 3288 3932 Hierosolyma
3311 3862 3363 3916 in
3381 3859 3586 3933 Egyp—

2009 3960 2120 4006 tum
2137 3951 2554 4017 descendebant,
2573 3952 2831 4022 propheta
2844 3950 3107 4008 Jeremias
3128 3953 3323 4019 suasit,
3342 3964 3399 4008 ut
3418 3953 3587 4010 sacri-

2009 4042 2149 4097 ﬁciis
2182 4042 2449 4097 idolorum
2484 4053 2872 4114 temperarent,
2903 4059 3010 4114 quo
3040 4043 3378 4101 Salvatorem
3409 4047 3582 4101 Deum

2006 4134 2302 4203 propitium
2335 4133 2617 4204 haberent.
2649 4135 2749 4189 Ast
2786 4135 2863 4189 illi
2899 4136 3004 4190 hac
3035 4136 3103 4189 de
3138 4151 3303 4190 causa
3340 4136 3396 4190 iu
3433 4136 3580 4192 cala-

2008 4224 2225 4279 mitates
2265 4238 2324 4278 se
2364 4223 2626 4279 incidisse
2683 4225 3067 4294 praedicabant,
3109 4225 3255 4295 quod
3299 4224 3417 4295 lege
3452 4216 3584 4280 sau-

2006 4318 2131 4374 citis
2154 4331 2348 4387 parere
2407 4331 2512 4372 non
2550 4317 2845 4373 desiissent
2887 4356 2904 4384 ,
2937 4324 2993 4372 et
3040 4317 3095 4372 in
3154 4317 3301 4372 cultu
3355 4317 3580 4373 deorum

2006 4407 2506 4464 cnmmentitiorum
2546 4408 2803 4465 socordes
2855 4408 3179 4464 evasissent.
3241 4406 3333 4463 Sic
3399 4413 3581 4462 autem

2005 4501 2240 4570 legimus
2281 4514 2297 4553 :
2340 4517 2361 4552 ι
2413 4499 2478 4555 Et
2515 4501 2912 4569 responderunt
2952 4498 3202 4555 Jeremite
3240 4513 3431 4553 omnes
3476 4498 3578 4551 viri

1999 4595 2253 4657 scientes,
2285 4592 2430 4663 quod
2453 4592 2733 4648 adolerent
2764 4606 2963 4649 uxores
2995 4608 3187 4649 eorum
3219 4591 3325 4646 diis
3358 4591 3577 4658 alienis,

2000 4693 2055 4741 et
2092 4699 2282 4740 omnes
2317 4684 2606 4748 mulieres,
2667 4683 3020 4752 congregatio
3068 4696 3288 4751 magna,
3320 4690 3373 4732 et
3400 4678 3577 4733 omnis

2000 4774 2228 4844 pepulus
2275 4774 2528 4829 sedentes
2582 4772 2635 4826 in
2680 4781 2822 4827 terra
2876 4770 3094 4843 Egypti
3131 4809 3146 4836 ,
3190 4770 3241 4823 iu
3296 4777 3439 4821 terra
3482 4766 3583 4819 Pa-

2000 4865 2206 4933 thures,
2251 4866 2537 4921 dicentes:
2583 4863 2901 4919 Sermonem
2950 4878 3109 4932 quem
3144 4861 3357 4915 locutus
3397 4873 3455 4914 es
3497 4859 3565 4911 ad

2001 4970 2099 5011 nos
2129 4957 2179 5009 in
2209 4956 2425 5010 nomine
2460 4954 2693 5018 ΒΟιιιὶῐιί,
2738 4969 2844 5008 non
2880 4953 3188 5018 audiemus,
3218 4949 3342 5017 quia
3374 4947 3578 5002 facien-

2006 5056 2086 5101 tes
2142 5045 2406 5101 l‘aciemus
2437 5026 2601 5099 omne
2623 5045 2849 5099 verbum
2882 5042 3025 5112 quod
3057 5040 3368 5110 egredietur
3388 5039 3454 5093 de
3484 5052 3579 5093 ore

2005 5150 2212 5201 nostro,
2250 5137 2643 5191 utadoleamus
2673 5134 2875 5205 reginae
2929 5134 3074 5196 coeli,
3130 5141 3186 5186 et
3217 5130 3446 5185 libemus
3500 5130 3575 5184 illi

2007 5229 2286 5290 libamina,
2329 5228 2471 5281 sicut
2500 5228 2728 5281 fecimus
2767 5241 2886 5289 nos,
2948 5234 3001 5279 et
3032 5233 3213 5293 patres
3268 5223 3433 5278 nostri
3459 5262 3474 5286 ,
3525 5233 3577 5277 et

2007 5334 2164 5389 rcges
2193 5319 2389 5383 nostri,
2426 5327 2481 5371 et
2515 5318 2788 5387 principes
2822 5315 2993 5369 nostri
3037 5314 3092 5367 in
3143 5313 3367 5368 urbibus
3415 5313 3574 5377 Juda,

2009 5420 2062 5465 et
2109 5408 2241 5463 foris
2266 5407 2588 5473 Jerusalem,
2633 5418 2687 5461 et
2726 5405 2956 5459 saturati
2997 5418 3183 5458 sumus
3229 5404 3486 5472 panibus,
3524 5416 3576 5455 et-

2010 5498 2137 5554 facti
2174 5512 2361 5550 sumus
2395 5495 2539 5557 boni,
2579 5503 2632 5549 et
2664 5493 2801 5547 mala
2829 5506 2931 5544 non
2967 5492 3214 5547 vidimus.
3251 5491 3315 5546 Et
3349 5500 3407 5546 ut
3451 5504 3572 5544 ces-

2008 5590 2250 5647 savimus
2280 5585 2562 5640 adoleutes
2594 5583 2793 5651 regina:
2820 5581 2941 5637 εωιί
2962 5623 2975 5647 ,
3031 5582 3357 5653 indiguimus
3387 5592 3575 5634 omnes

2008 5694 2126 5738 nos.
2158 5688 2210 5733 ct
2238 5678 2293 5733 in
2332 5675 2472 5730 l'attic
2501 5672 2796 5730 defecimus
2821 5671 2887 5724 ⁸³.
2940 5692 2958 5726 ι
2994 5673 3186 5744 Culpat
3217 5673 3379 5741 igitur
3406 5667 3575 5722 Israe—

1028 5860 1152 5916 "IIl
1190 5864 1395 5935 Ileg.xt.
1439 5867 1488 5918 4.
1525 5864 1699 5922 “.Icr.
1736 5877 1881 5930 XLIV,
1922 5859 2094 5919 lii-IS.
