4034 6270
265 461 372 516 9.55

1188 454 1741 516 COMMENTARIUS
1779 459 1844 514 IN
1877 461 2109 520 OSEAM
2149 463 2591 523 PROPHETAM.

3414 460 3522 516 254

273 577 419 638 κὶας,
450 575 540 626 κα)⁵
576 572 736 635 αὐτὸς
764 573 822 624 ἐν
859 571 958 642 ίσῳ
995 570 1443 642 τεθαυμασμένος
1475 572 1554 643 τῷ
1589 590 1850 646 προειρη-

1958 581 2101 636 ditus
2126 589 2179 636 et
2218 581 2328 637 Deo
2375 581 2594 636 charos.
2630 578 2742 635 Hac
2773 579 2840 633 de
2889 591 3052 632 causa
3109 576 3296 632 decem
3345 575 3523 630 tribus

283 670 440 740 μένῳ,
481 664 734 736 ζηλωτὴς
778 664 874 718 καὶ
916 662 1190 732 θεοφιλής.
1223 662 1493 734 Ταύτῃτοι
1533 667 1844 736 προπεπόνο

283 759 394 812 θασι
420 757 519 828 μὲν
543 759 599 810 αἱ
630 757 763 809 δέκα
789 753 953 825 φυλαὶ⁸
981 753 1080 824 τὴν
1107 752 1503 822 αἰχμαλωσίαν.
1530 756 1848 826 Καταστραο

277 849 461 912 τεύσας
497 849 556 901 δὲ
589 847 696 902 τῶν
733 845 1124 920 Ἰεροσολύμων
1154 847 1183 898 6
1207 845 1565 912 Βαϐυλώνιος,
1592 846 1850 918 ἠδίκησεν

273 941 436 994 οὐδέν.
465 942 661 1012 ᾯχετο
689 940 748 994 δὲ
777 940 979 1010 μᾶλλον
1019 939 1102 1001 εἰς
1131 936 1228 1007 τὴν
1262 938 1481 1001 ἐαυτοῦ,
1522 938 1697 1008 φυγὰς
1750 941 1846 995 καὶ

271 1032 538 1103 περιδεὴς,
563 1033 649 1086 ὅτε
663 1033 759 1084 καὶ
783 1029 1138 1085 πεπτώκασιν
1163 1031 1221 1083 ἐν
1245 1031 1344 1100 μιᾷ
1364 1029 1539 1096 νυκτὶ,
1563 1031 1648 1085 διὰ
1671 1032 1851 1104 χειρὸς

196 1202 198 1204 ν
269 1123 518 1191 ἀγγέλου,
549 1123 658 1177 τῶν
711 1122 1011 1193 Ἀσσυρίων
1065 1120 1262 1174 ἑκατὸν
1312 1121 1644 1192 ὀγδοήκοντα
1690 1123 1849 1177 πέντε

201 1207 204 1209 λ
269 1216 522 1286 χιλιάδες.
568 1215 1042 1282 Ἀνεξικακοῦντος
1067 1214 1131 1284 δὴ
1163 1208 1258 1267 οῦν
1296 1213 1390 1267 τοῦ
1423 1213 1576 1280 Θεοῦ,
1612 1215 1707 1268 καὶ
1748 1213 1848 1284 φέ-

271 1324 453 1376 ροντος
478 1307 637 1377 ἡμῶν
669 1309 764 1371 τὰς
801 1307 1110 1371 ἀσθενείας,
1147 1304 1222 1376 μὴ
1272 1304 1606 1377 ρᾳθυμῶμεν
1629 1308 1844 1378 ἡμεῖς,

272 1399 403 1468 μηδὲ
457 1399 913 1464 ἀναπεπτωκότες
963 1396 1319 1467 ἀλισκάῳεθα
1368 1399 1495 1468 περὶ
1543 1399 1604 1452 τὸ
1654 1400 1851 1470 χρῆναι

197 1500 200 1502 ⁷
268 1489 506 1559 πληροῦν
531 1490 603 1542 τὰ
628 1489 777 1559 αὑτῷ
803 1487 1064 1543 δοκοῦντα
1091 1489 1183 1542 καὶ
1212 1489 1362 1557 φίλα.

354 1583 694 1651 Ἐνισχύσει
722 1581 880 1646 αὐτῷ
923 1580 1140 1636 Ἰακώϐ.

345 1676 470 1730 PK'.
509 1676 706 1745 Ἔφην,
736 1677 818 1729 ὅτι
855 1691 1336 1746 καταστρατευσας
1366 1675 1394 1728 6
1429 1673 1710 1746 Ἀσσύριος
1752 1675 1850 1744 τὴν

274 1765 382 1820 ὑπὸ
419 1769 577 1838 χεῖρα
612 1766 838 1838 πληθὺν,
872 1767 966 1819 καὶ
999 1767 1180 1820 πᾶσαν
1218 1765 1587 1837 ἐξαναστήσας
1621 1765 1718 1836 τὴν
1748 1765 1850 1818 Σαο

283 1857 534 1928 μάρειαν,
568 1857 667 1920 τάς
717 1873 775 1910 τε
829 1857 1008 1920 πόλεις
1046 1854 1214 1918 αὐτὰς
1255 1857 1346 1908 καὶ
1383 1857 1509 1919 τοὺς
1547 1856 1708 1920 ναοὺς
1749 1857 1848 1926 ἑμ-

284 1921 529 2018 ίπρῆσας,
551 1948 950 2020 πεπολιόρκηκε
994 1947 1128 2020 μετά
1153 1949 1309 2000 τοῦτο
1338 1947 1435 2015 τὴν
1467 1921 1846 2017 Ἰερουσαλήμ.
1881 1921 1923 1978 Β

283 2037 405 2091 Εἵλε
425 2038 482 2091 δὲ
508 2039 776 2109 οὐδαμῶς,
800 2038 935 2093 Θεοῦ
963 2039 1400 2111 προασπίζοντος·
1424 2040 1719 2111 ἀνῄρηνται
1743 2041 1852 2111 γὰρ

280 2128 349 2181 δι’
391 2130 626 2197 ἀγγέλου
657 2133 713 2184 ἐν
750 2132 848 2202 μιᾷ
887 2132 1040 2185 νυκτὶ
1085 2132 1268 2185 ἑκατὸν
1312 2132 1643 2203 ὀγδοήκοντα
1690 2132 1853 2186 πέντε

278 2217 532 2288 χιλιάδες.
576 2217 747 2272 Τοῦτό
783 2235 886 2284 τοι,
926 2219 1171 2290 καθάπερ
1207 2213 1444 2288 ἐγῷμαι,
1491 2221 1854 2292 προαγγέλλει

275 2310 389 2364 νυνὶ
417 2309 609 2378 λέγων,
645 2331 663 2363 ι
688 2311 986 2381 Ἐνισχὺσει
1015 2312 1162 2383 αὑτῷ
1193 2312 1407 2366 Ἰακώϐ.
1426 2312 1716 2383 ι-ιΑὺτῷ
1743 2332 1761 2365 ι
1789 2312 1852 2384 δὴ

271 2401 413 2466 τίνι;
442 2402 474 2472 ἦ
497 2402 675 2474 δῆλον,
703 2402 875 2476 ὅτιτῷ
892 2403 1272 2475 πολιορκήσειν
1299 2405 1544 2474 μέλλοντι
1567 2405 1850 2476 Ῥαψάκης

252 2491 509 2558 κέκληκε
545 2491 600 2544 δέ
637 2490 828 2545 Ἰακὼϐ
865 2494 992 2556 τοὺς
1027 2494 1088 2558 ἐξ
1129 2494 1360 2563 αἵματος
1397 2494 1614 2556 Ἰακὼϐ,
1651 2495 1853 2548 Ἰούδαν

269 2596 356 2646 τε,
391 2581 567 2653 φημὶ,
612 2582 705 2634 καὶ
743 2583 1021 2652 Βενιαμίν.
1065 2584 1165 2636 "Ioc
1207 2583 1251 2636 δ’
1275 2584 1362 2643 ἂν,
1379 2584 1535 2655 εἴπερ
1569 2585 1740 2638 ἐλοιτό
1769 2601 1878 2650 τις,

269 2671 369 2725 καὶ
393 2670 534 2724 κατὰ
561 2670 758 2735 παντὸς
787 2670 882 2723 τοῦ
913 2672 1131 2743 Ἰσραὴλ
1152 2675 1186 2742 ἡ
1213 2673 1379 2738 λέξις.
1409 2674 1593 2726 Ἕοικε
1614 2674 1670 2727 δὲ
1693 2675 1855 2728 πάλιν

265 2763 372 2831 τῆς
414 2761 748 2833 προφητείας
777 2762 806 2812 ὁ
843 2760 969 2823 νοῦς
1001 2763 1081 2824 είς
1129 2762 1432 2833 ἀνάμνησιν
1473 2764 1622 2836 ἡμᾶς
1652 2765 1854 2834 ἀναφέ-

268 2869 391 2923 ρειν
421 2852 779 2923 ἀρχαιοτέρου
819 2851 1168 2922 πράγματος·
1213 2853 1496 2922 μονονουχὶ
1527 2854 1856 2926 πληροῦντος

263 2941 408 2996 Θεοῦ
447 2945 544 3013 τὴν
576 2943 872 3013 ὑπόσχεσιν
902 2942 1002 3014 τὴν
1036 2941 1172 3012 πρὸς
1201 2943 1292 2994 τὸν
1319 2941 1600 2997 Θεσπέσιον
1638 2945 1850 3001 Ἰακώϐ.

276 3033 504 3104 Ἐπειδὴ
539 3035 647 3104 γὰρ
672 3033 749 3097 ὡς
780 3032 1068 3104 ἄνθρωπος
1097 3033 1214 3104 μετ’
1242 3034 1407 3086 αὐτοῦ
1439 3035 1774 3089 ππάλαικεν
1798 3038 1856 3089 ἐν

260 3125 448 3188 νυκτὶ,
490 3125 664 3196 πέραν
703 3124 794 3178 τοῦ
820 3124 1124 3195 χειμάρρου
1170 3124 1383 3195 Ἰαϐὼχ,
1418 3120 1538 3178 εἶτα
1574 3127 1858 3194 γεγονότος

1949 674 2320 743 captivitatem
2365 674 2518 743 prius
2545 673 2846 728 subierunt.
2880 672 2946 725 Et
2995 670 3323 741 Babylonius
3353 668 3524 740 copiis

1949 776 2138 820 contra
2197 764 2499 821 Jerusalem
2539 765 2806 829 adductis,
2864 765 2983 820 sine
3032 764 3300 820 maleﬁcio
3339 762 3394 817 in
3432 775 3522 817 re-

1951 873 2111 927 gnum
2143 873 2300 913 suum
2357 857 2639 926 fugitivus,
2695 865 2750 910 et
2788 856 2998 911 timoris
3032 856 3226 925 plenus
3273 851 3523 918 recessit,
3615 887 3624 896 .

1955 949 2106 1020 151
2145 949 2566 1017 cecideruntque
2595 961 2698 1001 una
2739 953 2899 1001 nocte
2941 959 3037 1013 per
3077 959 3295 998 manum
3345 943 3524 1014 angeli

1949 1052 2168 1096 centum
2197 1040 2472 1108 octoginta
2499 1038 2744 1107 quinque
2774 1034 2942 1089 millia
2970 1033 3038 1087 “.
3087 1034 3376 1090 Tolerante
3421 1035 3527 1103 igi-

1953 1143 2040 1189 tur
2077 1133 2210 1198 Deo,
2232 1141 2285 1186 et
2311 1131 2656 1185 infirmitates
2692 1139 2909 1184 nostras
2932 1124 3249 1193 suﬁ'erente,
3302 1139 3371 1180 ne
3426 1125 3521 1181 de-

1949 1226 2096 1282 sides
2119 1226 2313 1288 simus,
2347 1238 2520 1292 neque
2553 1223 2608 1276 in
2657 1222 2724 1278 iis
2754 1234 2874 1290 quae
2907 1219 2983 1273 illi
3023 1219 3217 1288 placita
3269 1228 3525 1287 acceptar-
3562 1265 3566 1272 .

1950 1331 2056 1386 que
2083 1324 2208 1371 sunt
2238 1314 2597 1385 exsequendis
2629 1313 2842 1370 remissi
2872 1311 3229 1368 inveniamur.

2024 1584 2426 1640 Irroborabitnr
2451 1583 2551 1652 ipsi
2575 1581 2764 1637 Jacob.

2022 1673 2182 1731 CXX.
2227 1673 2368 1735 Dixi,
2401 1672 2683 1740 Assyrium
2707 1669 2820 1723 suis
2850 1667 2902 1720 in
2925 1665 3324 1735 expeditionem
3388 1665 3527 1720 cdu-

1952 1769 2096 1834 ctis,
2123 1776 2178 1820 et
2222 1775 2332 1820 tota
2384 1761 2628 1816 Samaria
2656 1775 2880 1826 eversa,
2923 1758 3145 1826 ejusque
3203 1757 3426 1812 urbibus
3472 1766 3529 1812 et

1955 1858 2152 1927 templo
2199 1858 2455 1918 incenso,
2507 1853 2699 1907 deinde
2748 1850 3176 1919 Hierosolymam
3225 1847 3527 1911 obsedisse,

1953 1965 2112 2020 quam
2143 1950 2253 2003 Deo
2285 1952 2602 2017 protegente
2623 1942 2936 2011 neutiquam
2963 1939 3212 2009 subegit;
3246 1953 3351 1992 una
3381 1937 3527 2012 enim

1953 2051 2112 2098 nocte
2149 2041 2217 2095 ab
2251 2039 2444 2107 angelo
2489 2045 2705 2093 centum
2749 2035 3020 2104 octoginta
3074 2034 3314 2100 quinque
3359 2029 3526 2082 millia

1954 2133 2263 2201 interempti
2293 2140 2415 2186 sunt
2443 2131 2509 2183 °'.
2548 2127 2659 2182 lloc
2709 2142 2875 2190 nunc,
2931 2134 2990 2178 ut
3026 2138 3142 2178 mea
3181 2123 3286 2178 fert
3316 2121 3525 2190 opinio,

1955 2226 2031 2280 ita
2068 2225 2415 2295 praenuntiat,
2459 2240 2478 2275 ι
2528 2219 2934 2276 lrroborabitur
2987 2217 3086 2286 ipsi
3118 2215 3306 2270 Jacob.
3369 2235 3389 2268 ι
3427 2214 3529 2271 Cui

1959 2337 1978 2371 ι
2017 2317 2157 2386 ipsi?
2205 2335 2224 2368 ι
2260 2330 2326 2368 an
2362 2315 2650 2369 obsessuro
2682 2327 2799 2365 eam
2833 2308 3062 2362 ltabsaci
3084 2308 3105 2361 ?
3129 2306 3296 2362 Jacob
3321 2307 3532 2362 vocavit

1954 2419 2270 2482 procreatos
2298 2420 2329 2460 e
2363 2414 2650 2461 stemmate
2681 2401 2872 2466 Jacob.
2928 2398 3123 2454 Judam
3183 2399 3404 2467 inquam
3427 2437 3442 2462 ,
3476 2407 3534 2452 et

1953 2501 2258 2569 Benjamin.
2308 2498 2494 2553 Potest
2541 2496 2706 2551 etiam
2757 2508 2860 2547 vox
2899 2493 2965 2547 de
3023 2492 3281 2545 universo
3328 2488 3531 2543 lsraele

1954 2594 2148 2662 accipi.
2184 2590 2409 2646 Videtur
2431 2602 2592 2658 porro
2622 2599 2814 2640 sensus
2847 2581 3142 2654 prophetia:
3176 2594 3391 2634 rursum
3434 2583 3531 2633 ve-

1957 2687 2090 2741 teris
2139 2681 2422 2752 cujusdam
2482 2679 2557 2732 rei
2621 2675 2942 2732 memoriam
2994 2671 3155 2727 nobis
3215 2684 3527 2734 renovare,

1957 2776 2344 2847 propemodum
2378 2771 2635 2839 implente
2664 2769 2772 2822 Dco
2821 2765 3085 2835 promissa
3131 2763 3316 2815 divino
3363 2759 3532 2816 Jacob

1957 2871 2102 2923 data.
2139 2863 2208 2919 Ut
2239 2864 2382 2916 enim
2415 2860 2568 2929 quasi
2625 2859 2786 2912 homo
2834 2870 2957 2910 cum
3010 2855 3128 2921 ipso
3166 2853 3404 2906 luctatus
3446 2858 3532 2904 est

1958 2968 2122 3014 nocte
2154 2967 2306 3010 trans
2339 2961 2632 3006 torrentem
2665 2948 2856 3010 Jahoc,
2892 2945 3098 3000 factum
3136 2953 3218 2998 est
3252 2957 3432 3007 mane,
3478 2951 3534 2994 et

1958 3051 2298 3108 illucescente
2328 3046 2415 3100 die
2443 3044 2594 3097 abire
2611 3040 2803 3102 voluit,
2829 3038 3103 3107 dixitque:
3128 3054 3146 3086 ι
3173 3034 3391 3089 Dimitte
3422 3047 3529 3098 me,

1958 3140 2202 3197 ascendit
2254 3137 2399 3193 enim
2456 3134 2752 3189 diluculum
2807 3132 2874 3184 ".
2937 3149 2956 3182 ι
3017 3129 3154 3182 Tum
3207 3127 3297 3180 ille
3329 3140 3435 3179 non
3475 3139 3535 3180 se

259 3235 330 3272 τε
370 3217 567 3288 ὃρθρου
595 3217 800 3281 λοιπὸν,
830 3218 925 3270 καὶ
969 3215 1364 3286 διαυγαζούςης
1408 3218 1644 3289 ἡμέρας,
1674 3220 1703 3271 6
1755 3219 1853 3289 μέν

1958 3234 2308 3288 dimissurum
2331 3226 2670 3284 conﬁrmavit
2695 3264 2709 3290 ,
2747 3225 2800 3277 ni
2836 3223 2985 3292 prius
3020 3221 3124 3275 sibi
3158 3219 3530 3273 benedicerct.

257 3307 402 3370 Θεὸς
440 3307 691 3377 ἀπαίρειν
719 3306 897 3375 ἠθελε,
932 3305 1135 3373 λέγων’
1172 3325 1189 3358 ι
1234 3305 1527 3361 Ἀπὸλυσόν
1563 3327 1650 3378 με’
1683 3309 1853 3379 ἀνέϐη

257 3398 381 3469 γὰρ
401 3399 430 3450 6
457 3398 550 3468 δρθ
563 3415 702 3466 ρος.»
720 3398 848 3453 Ὀὃέ
863 3397 962 3450 οὐκ
984 3397 1205 3467 ἀνήσειν
1229 3395 1488 3466 ἔφασκεν,
1511 3399 1560 3452 εί
1591 3399 1666 3470 μὴ
1692 3400 1855 3454 αὐτὸν

258 3489 639 3559 εὐλογήσειεν.
671 3490 873 3541 Ἤκουε
909 3487 973 3556 δὴ
1020 3488 1162 3556 τότε,
1197 3507 1215 3540 ι
1241 3490 1365 3542 ’Ότι
1392 3490 1682 3560 ἐνίσχυσας
1715 3493 1854 3560 μετά

258 3580 432 3643 Θεοῦ,
460 3581 554 3633 καὶ
593 3579 730 3650 μετὰ
774 3579 1071 3651 ἀνθρώπων
1112 3581 1336 3643 δυνατὸς
1357 3581 1476 3652 ἔσῃ.
1503 3599 1522 3632 ι
1549 3581 1721 3634 Τοῦτό
1751 3598 1854 3634 που

157 3683 166 3690 ”
261 3675 412 3742 τάχα
451 3672 586 3741 πρὸς
613 3674 674 3725 τὸ
709 3673 881 3742 παρὸν
903 3673 930 3724 6
968 3672 1066 3742 τῆς
1096 3672 1433 3743 προφητείας
1472 3674 1605 3744 ἡμῖν
1646 3674 1855 3746 ὑποση-

270 3762 457 3833 μαίνει
496 3761 685 3829 λόγος,
740 3761 1111 3830 ἐναργέστατα
1161 3761 1332 3825 τιθεὶς
1377 3761 1460 3828 τὸ,
1496 3781 1514 3815 ι
1556 3764 1856 3834 Ἐνισχύσει

266 3853 426 3924 αὐτῷ
462 3852 675 3907 Ἰακώϐ.
702 3873 720 3906 ο
746 3853 933 3925 Ἀθρει
961 3853 1016 3906 δὲ
1040 3855 1138 3925 τῆς
1150 3855 1481 3924 ἐπαγγελίας
1513 3857 1574 3908 τὸ
1600 3856 1850 3928 ἀκριϐές·

268 3947 336 4000 οὗ
367 3947 475 4016 γὰρ
505 3945 586 3998 ὅτι
614 3943 932 4018 κατισχιζεει
959 3943 1066 3996 τῶν
1102 3943 1399 4018 Ἀσσυρίων
1427 3947 1455 3997 6
1490 3944 1706 4012 Ἰακὼϐ,
1739 3943 1855 3998 ἀλλ’

278 4057 298 4089 ι
332 4037 630 4106 ἐνιεχῦσει,
661 4054 679 4088 ι
715 4037 849 4106 φησί
870 4053 882 4064 ·
909 4036 966 4089 ἐν
996 4034 1113 4088 Θεῶ
1140 4035 1252 4103 γὰρ
1281 4035 1519 4107 ἴσχυσεν,
1545 4036 1604 4088 οὐ
1631 4037 1699 4090 δι’
1729 4036 1859 4090 ἐαυ-

270 4146 369 4184 του
378 4170 390 4182 .

628 4250 1014 4339 ΤΟΜΟΣ
1105 4249 1502 4334 ΕΚἹῸΣ.

348 4409 639 4477 Σπείρατε
676 4405 912 4472 ἑαυτοῖς
949 4407 1035 4471 είς
1061 4404 1479 4473 δικαιοσύνην,
1527 4404 1862 4474 τρυγήσατε

279 4503 362 4566 εὶς
385 4497 806 4584 καρπόνςωῆς,
830 4498 1128 4567 φωτίσατε
1145 4497 1380 4564 ἑαυτοῖς
1400 4497 1526 4568 φῶς
1557 4497 1855 4568 γνώσεως,

1958 3325 2176 3380 Audivit
2227 3323 2410 3393 igitur,
2439 3336 2459 3371 ι
2491 3316 2754 3385 Quoniam
2795 3312 3122 3383 praevaluisti
3151 3327 3274 3366 cum
3311 3310 3446 3375 Deo,
3480 3320 3536 3363 et

1959 3433 2080 3473 cum
2129 3413 2439 3471 hominibus
2483 3419 2676 3479 potens
2713 3407 2824 3462 eris
2849 3406 2918 3458 ".
2959 3423 2978 3458 ι
3011 3403 3123 3459 lloc
3171 3403 3222 3457 in
3279 3402 3530 3472 praesenti

1958 3507 2308 3580 propheticus
2339 3517 2522 3558 sermo
2559 3500 2789 3556 forsitan
2822 3499 2978 3554 nobis
3023 3497 3286 3557 insinuat,
3311 3505 3366 3548 et
3402 3493 3532 3547 illud

1965 3599 2389 3655 cirroborabitur
2417 3597 2491 3651 illi
2525 3593 2746 3657 Iacob,»
2785 3589 3227 3645 manifestissime
3270 3585 3533 3639 declarat.

1957 3689 2254 3745 Considera
2292 3696 2477 3740 autem
2510 3681 2763 3752 promissi
2805 3679 3215 3748 perfectionem.
3258 3675 3374 3729 Non
3411 3676 3534 3739 ait,

1958 3778 2304 3834 roborabitur
2330 3782 2518 3830 contra
2560 3770 2814 3840 Assyrios
2855 3766 3044 3833 Jacob,
3074 3768 3166 3822 sed
3204 3786 3222 3818 ι
3258 3765 3534 3819 irrobora-

1961 3869 2140 3934 bitur;
2190 3886 2209 3921 r
2244 3868 2297 3922 in
2332 3867 2441 3922 Deo
2479 3865 2649 3930 enim,
2686 3878 2791 3918 non
2811 3876 2907 3930 per
2939 3874 2996 3916 se
3025 3861 3198 3930 ipsum
3248 3859 3536 3914 roboratus

1959 3970 2064 4017 est.

2239 4256 2652 4349 TOMUS
2753 4253 3254 4344 SEXTUS.

2037 4408 2199 4464 Vens.
2233 4406 2322 4464 l2.
2371 4405 2638 4462 Seminale
2676 4405 2818 4461 vobis
2882 4405 2935 4458 in
2956 4403 3190 4474 justitia,
3228 4398 3538 4455 vindemiam

1965 4500 2032 4554 ad
2063 4500 2296 4570 fructum
2339 4501 2482 4565 vim,
2515 4500 2811 4556 illuminale
2863 4499 3006 4551 vobis
3064 4496 3234 4549 lumen
3271 4494 3524 4554 sciemiw;

279 4593 640 4661 ἑκζητήσατε
683 4591 790 4644 τὸν
827 4592 1046 4660 Κύριον
1074 4590 1185 4655 ἕως
1213 4587 1284 4647 οὗ
1331 4591 1478 4660 ἔλθῃ
1524 4589 1855 4662 γεννήματα

1967 4593 2186 4662 ᾳυωνὶιε
2223 4591 2504 4647 Dominum
2532 4594 2695 4647 donec
2717 4591 2924 4645 veniant
2953 4588 3128 4658 fruges
3150 4585 3401 4656 justitiw.

278 4684 669 4752 δικαιοσύνης
699 4683 859 4753 ὑμῖν.

346 4780 525 4832 PKA'.
562 4779 749 4842 Διττὸς
795 4780 1002 4842 ἀείπως
1049 4779 1200 4832 ἐστὶν
1243 4779 1272 4830 6
1325 4778 1423 4848 τῆς
1474 4777 1854 4848 παραινέσεως

278 4871 496 4940 τρόπος.
528 4873 600 4924 Ἢ
642 4870 752 4942 γάρ
781 4871 1134 4941 ἐξηγούμενοι
1168 4869 1264 4940 τὴν
1293 4871 1404 4931 τοίς
1436 4867 1649 4922 θέλουσι
1687 4869 1855 4940 ρᾳθυ-

284 4965 402 5033 μεῖν
433 4963 856 5032 ὲπικεισομένην
903 4961 1124 5015 κόλασιν
1171 4959 1490 5030 μετασοϐεἰν
1535 4958 1854 5028 εἰθίσμεθα,

280 5053 372 5106 καὶ
404 5052 551 5122 μάλα
583 5052 798 5122 γοργῶς
827 5052 920 5104 ἐπὶ
941 5050 1004 5103 τὸ
1045 5049 1194 5120 βιοῦν
1233 5049 1447 5102 ἑλέσθαι
1479 5047 1748 5119 λαμπρῶς
1768 5064 1781 5078 ·
1824 5047 1858 5117 ἢ

276 5145 375 5208 τὰς
405 5147 517 5207 τοῖς
549 5144 849 5197 ἐπιεικέσιν
890 5139 1331 5214 ηὐτρεπισμένας
1365 5140 1531 5211 τιμὰς
1574 5137 1859 5207 ἀπαγγέλο

280 5237 462 5301 λοντες
512 5236 952 5308 προθυμοτέρους
1016 5232 1385 5302 ἀποτελοῦμεν
1440 5234 1566 5294 τοὺς
1612 5230 1861 5283 παιδευοο

284 5328 476 5398 μένους
506 5327 599 5379 ἐπὶ
629 5326 691 5378 τὸ
722 5324 831 5377 δεῖν
863 5323 997 5377 ἰέναι
1024 5323 1208 5378 λοιπὸν
1237 5321 1374 5391 πρὸς
1405 5320 1501 5390 τὴν
1534 5319 1742 5389 ἀμείνω
1797 5336 1856 5372 τε

282 5421 374 5475 καὶ
410 5417 792 5488 ἐννομωτάτην
840 5414 1005 5488 ζωήν.
1032 5414 1285 5468 Τοιοῦτόν
1318 5431 1370 5466 τι
1398 5412 1493 5465 νῦν
1525 5415 1554 5463 ὁ
1590 5410 1697 5465 τῶν
1723 5412 1859 5466 ὅλων

282 5509 411 5573 Θεὸς
457 5507 771 5578 ἐργάζεται.
809 5505 1103 5576 Ἢπείλησε
1140 5505 1237 5574 μὲν
1280 5502 1388 5572 γὰρ
1440 5504 1550 5565 τοῖς
1589 5503 1860 5574 πεπλανη-

287 5601 470 5672 μένοις
502 5601 628 5664 τοὺς
670 5598 961 5669 πολέμους,
993 5598 1088 5661 τὰς
1124 5596 1431 5666 συμφορὰς,
1469 5595 1566 5665 τὴν
1597 5596 1678 5660 είς
1715 5595 1862 5650 ἀλλο-

284 5693 484 5762 φύλους
539 5692 862 5763 ἀπαγωγὴν,
904 5691 1028 5754 τοὺς
1070 5689 1177 5742 τῶν
1211 5687 1415 5740 πόλεων
1461 5687 1856 5758 ἐμπρησμοὺς,

2037 4771 2224 4827 CXXI.
2258 4769 2460 4838 Duplex
2489 4783 2704 4836 semper
2731 4766 2842 4820 fere
2861 4773 2946 4819 est
2993 4758 3375 4816 admonitionis
3412 4771 3523 4809 mo—

1967 4864 2084 4917 dus.
2121 4862 2227 4915 Aut
2260 4861 2403 4916 enim
2436 4857 2879 4914 commemoratis
2914 4871 3033 4924 quae
3064 4856 3286 4924 ignavos
3312 4857 3529 4901 manent

1963 4951 2266 5022 suppliciis,
2301 4951 2366 5006 ad
2397 4963 2463 5003 ea
2509 4949 2835 5013 amolienda,
2866 4955 2920 5001 et
2967 4947 3030 4998 ad
3058 4944 3186 4996 vita:
3236 4939 3542 5002 conspicua:

1967 5045 2210 5099 rationes
2255 5043 2542 5098 celerrime
2598 5038 2944 5109 arripiendas
2983 5032 3416 5094 assuefacimus;
3451 5042 3546 5081 aut

1965 5136 2124 5191 bouis
2175 5145 2395 5202 paratos
2467 5133 2702 5187 honores
2781 5127 3212 5186 annuntiautes,
3274 5136 3411 5191 quos
3463 5120 3545 5171 in-

1969 5228 2265 5293 stituimus,
2295 5227 2361 5284 ad
2393 5227 2556 5278 vitam
2591 5224 2764 5277 adhuc
2794 5220 3186 5290 probatiorem,
3239 5224 3294 5270 et
3335 5214 3542 5282 legibus

1969 5318 2521 5390 congruentissimam
2582 5313 2998 5385 aggrediendam
3054 5310 3344 5362 alacriores
3407 5307 3538 5360 elli-

1967 5412 2162 5466 cimus.
2203 5409 2331 5463 Tale
2359 5407 2609 5476 quiddam
2663 5413 2721 5459 et
2758 5402 2917 5458 modo
2955 5401 3098 5454 Deus
3163 5400 3537 5454 universorqu

1970 5502 2113 5556 facit.
2150 5501 2306 5570 152
2340 5499 2574 5553 Minatus
2605 5506 2689 5551 est
2719 5497 2860 5550 cnim
2893 5493 3202 5548 errantibus
3235 5493 3398 5556 bella,
3445 5505 3539 5543 ca-

1969 5595 2258 5658 lamitates,
2295 5586 2724 5658 deportationem
2779 5586 2845 5642 ad
2898 5583 3272 5656 alienigenas,
3328 5584 3543 5636 urbium

1972 5689 2460 5749 inflammationes,
2507 5681 2743 5737 hostium
2798 5680 3192 5752 grassationcs.
3249 5679 3541 5732 Verumtav

356 5876 400 5914 "
427 5872 491 5928 IV
531 5874 661 5943 Reg.
703 5885 812 5938 th,
845 5873 932 5926 35.
1011 5873 1055 5905 9°
1084 5872 1213 5928 ibid.
1292 5873 1486 5929 "‘ch.
1529 5889 1697 5942 xuii,
1733 5872 1822 5929 L3.6.
1899 5875 1940 5906 ⁹⁷
1969 5873 2092 5929 ibid.
2137 5873 2222 5932 28.
