4034 6270
529 507 639 563 255

1566 515 1623 570 S.
1668 509 1941 571 CYlilLLl
1980 504 2451 563 ALEXANDRINI
2490 510 2809 565 ARCIIIEP.

3694 509 3793 564 9.56

506 636 779 679 .meunou
808 624 897 681 hic
943 626 1365 682 admonitionem
1413 643 1566 684 suam
1617 630 1971 693 terminavit;
2012 629 2094 684 sed

2209 626 2317 680 τῶν
2350 627 2673 698 μαχομένων
2700 628 2801 698 τὴν
2835 625 3158 697 ἀγριότητα.
3195 624 3342 697 Πλὴν
3376 625 3437 679 οὐ
3473 625 3637 696 μέχρι
3678 626 3795 678 τού-

528 726 656 766 ecce
691 729 908 769 rursum
943 716 1048 770 alia
1081 718 1248 772 etiam
1291 719 1374 773 via
1427 719 1533 775 illis
1555 720 1807 776 consulit.
1847 719 1978 774 Nam
2018 720 2101 774 di-

529 801 698 856 misso
729 803 871 872 quod
896 803 1086 861 inutile
1116 816 1170 861 et
1208 807 1387 863 omnis
1423 809 1657 863 miseriae
1684 809 1789 864 illis
1811 806 1934 864 fons
1975 818 2059 864 est
2086 850 2101 876 ,

443 890 453 899 ’
525 890 668 957 quod
700 891 935 947 maxime
962 893 1221 963 prodesse
1250 900 1554 963 consuevit,
1587 907 1777 954 contra
1809 913 2103 969 capessere

527 977 796 1045 hortatur,
836 981 1150 1038 colonorum
1182 1000 1332 1042 more
1368 1006 1388 1039 ι
1418 989 1757 1044 seminantes
1788 991 2007 1059 quidem
2050 990 2104 1044 in

518 1067 732 1135 justitia
760 1108 776 1133 ,
835 1070 1230 1129 vindemiantes
1260 1086 1441 1131 autem
1483 1078 1718 1134 fructum
1754 1080 1898 1133 vitm.
1958 1098 1978 1132 ι
2036 1079 2108 1135 Ut

524 1157 670 1211 enim
726 1157 917 1213 scriblt
967 1161 1161 1217 beatus
1205 1163 1445 1232 Paulus,
1497 1184 1516 1218 ι
1564 1168 1708 1237 quod
1756 1169 2109 1225 seminaverit

525 1242 711 1327 bbmo,
739 1249 843 1304 hoc
864 1258 918 1305 et
955 1261 1118 1307 metet
1141 1253 1217 1318 ⁹⁸;
1248 1267 1268 1302 ι
1317 1267 1394 1323 et,
1423 1257 1513 1324 qui
1543 1258 1779 1312 seminat
1807 1260 1968 1327 mala,
1993 1274 2107 1315 me-
2162 1305 2168 1311 .

527 1324 602 1394 ιλιι
625 1338 762 1393 mala
792 1341 859 1407 ”,
899 1350 959 1395 ut
981 1343 1241 1414 scriptum
1268 1354 1372 1402 est.
1421 1348 1719 1417 Operarius
1752 1324 1961 1407 autem'
2002 1354 2098 1421 ju-

533 1427 706 1482 stitite
734 1428 908 1484 salute
940 1440 996 1485 et
1026 1431 1138 1486 vita
1165 1434 1479 1504 replebitur,
1501 1448 1795 1506 spectatus,
1832 1448 1887 1494 et
1922 1441 2103 1495 imita-

523 1519 670 1574 tione
691 1520 882 1589 dignus
914 1524 1211 1579 :etvinum
1242 1529 1595 1584 viudemiabit
1643 1549 1662 1582 ι
1697 1530 1982 1587 Iretiﬁcans
2011 1548 2105 1588 cor

522 1609 757 1665 hominis
793 1612 833 1664 ¹.
874 1630 893 1663 ι
945 1611 1143 1669 Adiuec
1201 1616 1292 1685 qui
1330 1616 1471 1673 bene
1519 1620 1710 1675 audire
1755 1624 1998 1691 cupiunt,
2049 1625 2104 1679 in

522 1699 762 1754 animum
838 1712 893 1756 et
953 1718 1054 1758 cor
1108 1720 1249 1761 verte
1306 1708 1551 1764 scientiae
1615 1710 1794 1767 lumen
1852 1713 2105 1770 inducere

520 1790 740 1858 debent,
770 1807 878 1862 quo
901 1804 1107 1859 carent,
1139 1797 1231 1865 qui
1268 1801 1636 1868 prmtermisso
1673 1802 1938 1883 Creatore
2007 1808 2104 1861 ad-

519 1895 685 1938 orant
731 1897 1031 1941 creaturam
1049 1894 1095 1942 ι.
1118 1889 1364 1955 Quanam
1387 1901 1565 1947 autem
1602 1896 1809 1950 ratione
1832 1912 2100 1967 pessmus

522 1974 658 2030 bene
690 1977 960 2032 seminare
999 1978 1052 2033 in
1076 1979 1289 2046 justitia
1321 2023 1336 2047 ,
1388 1992 1443 2038 et
1501 1983 1830 2045 vindeniiare
1861 1990 2095 2047 fructum
2131 1969 2172 2023 Β

520 2064 665 2132 vitae,
693 2076 746 2120 et
776 2067 1119 2136 splendidum
1156 2072 1397 2144 scientiae
1425 2074 1609 2132 lumen
1641 2080 1943 2151 suscipere,
1980 2084 2098 2153 ipse

518 2153 695 2221 docet,
731 2155 1104 2226 subjungens:
1144 2178 1163 2211 ι
1198 2160 1434 2226 Quaerite
1460 2164 1745 2225 Dominum
1792 2171 1962 2225 donec
2008 2187 2098 2227 ve.

518 2243 673 2299 niant
703 2245 860 2300 vobis
890 2246 1071 2316 fruges
1103 2247 1348 2317 iustitiae.
1404 2269 1423 2304 ι
1474 2253 1807 2319 Quaerendus
1848 2271 2030 2315 autem
2061 2277 2092 2317 a

518 2332 676 2387 nobis
701 2331 842 2389 Deus
874 2343 977 2401 est,
1011 2352 1115 2392 non
1147 2343 1444 2397 secundum
1477 2344 1678 2411 locum,
1703 2350 1847 2417 quod
1886 2349 2093 2406 fatuum

520 2419 679 2487 roret,
715 2424 1148 2494 quandoquidem
1175 2429 1413 2485 divinum
1447 2448 1645 2489 numen
1682 2436 1804 2493 loco
1832 2453 1935 2494 non
1965 2454 2094 2495 con-

518 2512 761 2592 tinetur;
802 2517 895 2570 sed
935 2527 994 2571 ut
1025 2518 1077 2573 in
1112 2517 1399 2579 aﬂ‘ectione
1443 2526 1659 2592 animae,
1717 2538 1773 2584 et
1813 2530 2095 2588 alacritate

516 2587 714 2656 méntis
743 2605 810 2656 ad
844 2605 1021 2659 omnia
1051 2606 1129 2662 illi
1173 2620 1326 2680 grata
1379 2614 1676 2682 inclinatae,
1729 2627 1785 2673 et
1809 2620 2091 2676 conscien-

511 2690 645 2744 tiam
675 2701 896 2763 rectam,
938 2706 992 2751 et
1021 2699 1266 2769 nitidam,
1295 2712 1351 2758 et
1381 2705 1449 2759 ab
1477 2708 1625 2762 omni
1657 2711 2082 2779 reprehensione

515 2783 742 2840 alienam
775 2791 1090 2858 spectantis.
1122 2792 1215 2848 Sic
1254 2795 1399 2850 enim
1446 2812 1511 2852 eo
1564 2798 1808 2868 invento,
1860 2804 2089 2861 aliorum

513 2887 727 2942 quoque
746 2877 1007 2934 bonorum
1032 2883 1395 2950 acquisitioue
1415 2886 1767 2946 ditescemus.
1798 2892 1880 2946 An
1902 2908 2088 2949 verum

515 2976 619 3015 non
648 2968 895 3032 estquod
931 2967 1008 3022 ait
1036 2970 1285 3026 Christus
1318 2990 1332 3024 :
1364 2992 1383 3025 ι
1420 2975 1550 3032 Sine
1577 2993 1663 3033 me
1700 2981 1832 3036 nihil
1864 2987 2089 3052 potestis

514 3049 694 3107 facere
717 3053 766 3108 'l
801 3072 820 3107 ι
859 3054 967 3112 Sed
994 3060 1058 3114 de
1088 3062 1190 3116 hoc
1209 3063 1355 3118 nullo
1388 3068 1548 3122 modo
1578 3049 2087 3147 dubitant,opinor,

517 3141 569 3194 in
592 3144 788 3210 quibus
807 3160 993 3202 verum
1018 3149 1154 3206 inest
1170 3152 1458 3219 judicium.
1487 3157 1613 3217 Haec
1637 3163 1778 3217 enim
1800 3141 1923 3220 cum
1950 3141 2086 3238 Deo,

514 3242 570 3287 et
619 3248 717 3302 per
748 3236 937 3305 Deum,
965 3248 1020 3294 et
1046 3256 1075 3295 a
1111 3243 1218 3300 Deo
1251 3249 1429 3304 omnis
1452 3249 1578 3307 boni
1627 3256 1897 3322 possessio
1931 3236 2086 3317 nobis

513 3332 615 3377 est.
657 3322 859 3381 Dixerit
898 3338 1075 3385 tamen
1112 3348 1217 3388 non
1272 3337 1411 3392 male
1458 3317 1730 3412 quispiam
1763 3387 1779 3413 ,
1828 3362 1932 3403 non
1990 3365 2082 3405 so-
2111 3317 2153 3376 α

514 3414 624 3466 lum
665 3414 927 3472 idolorum
965 3421 1282 3491 cultoribus,
1333 3445 1352 3478 ι
1389 3432 1658 3487 semiuate
1699 3435 1852 3491 vobis
1876 3437 1932 3492 in
1994 3439 2085 3510 ju-

512 3504 717 3569 stitia,»
747 3517 799 3562 et
820 3523 940 3577 quae
964 3524 1265 3582 sequuntur
1292 3534 1307 3583 ;
1336 3520 1432 3573 sed
1464 3522 1630 3577 etiam
1666 3538 1697 3578 a
1735 3527 1945 3583 sincera
1981 3504 2086 3589 [ide

518 3602 908 3671 refugientibus
935 3617 1059 3672 ,εει
1089 3612 1373 3681 spiritibus
1411 3602 1614 3674 erroris
1661 3623 2083 3694 attendentibus,

514 3692 568 3769 in
608 3692 878 3764 hypocrisi
913 3698 1303 3757 daemoniorum
1332 3746 1347 3770 ,
1399 3717 1453 3763 et
1492 3712 1846 3769 cauteriatam
1879 3692 2085 3773 haben?

513 3786 660 3839 tibus
714 3788 1177 3848 conscientiam‘.
1230 3812 1249 3846 ι
1313 3795 1382 3852 Ut
1439 3800 1605 3870 igitur
1653 3806 2086 3875 sapientissimus

511 3873 709 3931 Paulus
734 3880 942 3943 scribit,
994 3882 1046 3936 hi
1093 3886 1372 3943 semiuant
1401 3891 1640 3959 quidem,
1668 3873 1872 3953 sciendi
1916 3902 2083 3969 proli-

510 3965 796 4036 cicndiqne
836 3968 1113 4028 laboribus
1168 3975 1413 4045 impense
1457 3981 1666 4050 dediti;
1711 3965 2082 4047 verumtamen

510 4072 615 4110 non
648 4057 701 4113 in
724 4058 960 4127 iustitia,
1002 4066 1097 4120 scd
1134 4066 1186 4121 in
1228 4068 1518 4140 iniquitate
1546 4085 1601 4131 et
1627 4077 1902 4146 impietate
1927 4125 1944 4149 ,
1996 4098 2083 4140 se-

507 4147 767 4205 ducentcs
822 4162 876 4209 et
914 4156 1163 4223 seducti,
1218 4177 1238 4212 ι
1294 4170 1351 4216 et
1394 4166 1761 4233 percmientes
1809 4147 2078 4230 inﬁrmam

507 4241 893 4297 conscientiam
930 4246 1182 4315 fratrum,
1217 4267 1315 4321 pro
1336 4255 1531 4323 quibus
1553 4258 1807 4317 Christus
1836 4278 2082 4324 mortuus

507 4342 589 4386 cst
626 4332 668 4386 ’.
724 4352 743 4386 ι
779 4335 936 4407 153
980 4337 1325 4399 Vindemiant
1381 4346 1691 4417 igitur_uon
1731 4355 1799 4410 ad
1838 4356 2072 4415 fructum

506 4424 629 4478 vitae
663 4425 952 4495 aliquando
984 4469 999 4493 ,
1031 4433 1125 4486 sed
1172 4449 1386 4503 ptenam
1418 4448 1475 4493 et
1522 4441 1809 4510 judicium.
1876 4449 2079 4516 Quam-

1174 4496 1187 4503 _
1522 4496 1541 4510 ,
1882 4496 2045 4516 κη...

432 4496 441 4511 Χ
505 4520 703 4575 ohrcm
739 4522 955 4577 dicebat
983 4523 1233 4583 Christus
1279 4543 1293 4580 :
1332 4547 1351 4581 ι
1381 4530 1701 4604 Quicunque
1740 4541 2076 4596 scandaliza-

2207 734 2313 770 των
2354 717 2445 769 τὸν
2481 716 2581 787 τῆς
2612 716 2986 787 παραινέσεως
3016 716 3197 787 ἵστησι
3226 716 3404 785 λόγον,
3440 714 3554 770 ἀλλ’
3589 715 3700 768 ἰδοὺ
3735 714 3794 786 δὴ

2208 802 2388 867 πάλιν,
2437 802 2549 856 καὶ·
2582 804 2706 856 καθ’
2734 804 2920 874 ἕτερον
2958 804 3157 867 αὐτοὺς
3190 805 3396 877 ὀνίνησι
3430 806 3652 877 τρόπον.
3686 806 3794 858 Καὶ

2205 890 2270 962 δὴ
2307 891 2568 961 μεθέντας
2609 892 2668 945 τὸ
2702 893 2995 964 ἄχρηστον,
3024 895 3116 948 καὶ
3142 895 3363 966 ἀπάσης
3396 896 3576 959 αὐτοῖς
3611 895 3793 949 ταλαι-

2208 982 2418 1051 πωρίας
2452 982 2728 1051 πρόξενον,
2755 984 2816 1037 τὸ
2851 985 2932 1037 ὅτι
2984 985 3220 1056 μάλιστα
3264 986 3510 1055 πεφυκὸς
3539 987 3787 1058 ὠφελεῖν,

2206 1070 2521 1125 ἀνθελέσθαι
2546 1071 2779 1138 κελεύει,
2798 1073 3058 1143 γηπόνοις
3072 1077 3140 1128 -έν
3158 1074 3275 1145 ἴσῳ,
3303 1092 3322 1125 ι
3345 1076 3680 1146 Σπείροντας
3697 1079 3790 1147 μὲν

2206 1164 2285 1225 είς
2307 1161 2674 1233 δικαιοσύνην,
2698 1164 3017 1233 τρυγῶντας
3039 1166 3095 1219 δὲ
3124 1167 3218 1220 καὶ
3249 1169 3329 1231 είς
3352 1169 3563 1239 καρπὸν
3589 1171 3784 1241 ζωῆς.»

2218 1254 2306 1313 Ὦς
2340 1254 2446 1325 γὰρ
2482 1255 2511 1307 ό
2540 1256 2811 1326 μακάριος
2839 1257 3042 1327 γράφει
3072 1257 3303 1325 Παῦλος,
3337 1278 3360 1312 «ς
3394 1263 3459 1313 Ὃ
3498 1261 3564 1315 ἂν
3595 1262 3789 1336 σπείρῃ

2204 1345 2301 1400 ἀνθ
2312 1364 2512 1415 ρωπος,
2534 1345 2693 1400 τοῦτο
2718 1348 2811 1399 καὶ
2836 1347 3040 1419 θερίσει
3058 1365 3071 1379 ο
3099 1368 3118 1400 ι
3142 1351 3257 1417 καὶ,
3289 1369 3307 1402 t
3343 1353 3403 1406 Ὀ
3431 1352 3531 1422 μὲν
3555 1355 3788 1425 σπείρων

2207 1437 2406 1507 φαῦλα,
2440 1438 2649 1507 θερίσει
2676 1437 2845 1502 κακὰ,
2875 1459 2894 1490 ι
2927 1438 3071 1492 κατά
3100 1440 3164 1493 τὸ
3192 1445 3603 1513 γεγραμμένον.
3644 1445 3703 1497 '0
3734 1445 3787 1500 δὲ

2204 1529 2305 1598 τῆς
2336 1528 2681 1599 δικαιοσύνης
2708 1528 2969 1600 ἐργάτης,
3004 1532 3276 1602 σωτηρίας
3302 1532 3458 1587 ἔσται
3516 1534 3612 1587 καὶ
3647 1534 3786 1605 ζωῆς

2205 1620 2479 1692 ἔμπλεως,
2514 1620 2765 1692 λαμπρὸς
2815 1623 2910 1675 καὶ
2942 1620 3330 1691 ἀξιοζήλωτος,
3361 1625 3456 1678 καὶ
3486 1621 3631 1680 οἶνον
3661 1627 3787 1681 ἀπο-

2205 1713 2518 1783 τρυγήσει,‹
2548 1712 2650 1767 Τὸν
2679 1714 3038 1785 εὐφραίνοντα
3065 1714 3294 1786 καρδίαν
3323 1717 3669 1789 ἀνθρώπου.»
3698 1721 3785 1772 Δεῖ

2203 1802 2262 1856 δὲ
2308 1804 2442 1874 πρὸς
2474 1803 2649 1875 τούτῳ
2680 1806 2806 1868 τοὺς
2847 1806 3128 1872 ἐθέλοντας
3173 1809 3504 1880 εὐδοκιμεῖν,
3544 1812 3625 1873 εἰς
3662 1810 3782 1864 νοῦν

2206 1894 2299 1946 καὶ
2331 1893 2558 1966 καρδίαν
2589 1896 2651 1948 τὸ
2681 1895 2805 1969 τῆς,
2825 1896 3057 1968 ἀληθοῦς
3097 1897 3354 1967 γνώσεως
3395 1900 3781 1965 είσοικίζεσθαι

2201 1985 2337 2055 φῶς,
2361 1985 2461 2039 οὐκ
2492 1986 2724 2056 ἐχόντων
2752 1988 2884 2041 αὐτὸ
2906 1989 3013 2042 τῶν
3038 1990 3488 2060 προσκυνούντων
3513 1994 3582 2064 τῇ
3611 1993 3781 2046 κτίσει

2198 2077 2350 2149 παρὰ
2388 2076 2480 2130 τὸν
2513 2078 2790 2133 κτίσαντα.
2836 2079 2959 2144 Πῶς
2987 2080 3031 2132 δ’
3056 2080 3123 2134 ἂν
3152 2082 3362 2150 γένοιτο
3392 2082 3571 2146 καλῶς
3600 2083 3669 2136 τὸΔ
3693 2084 3781 2137 δύο

2195 2169 2390 2223 νασθαι
2426 2169 2683 2240 ’σπείρειν
2720 2173 2800 2234 εἰς
2828 2171 3196 2240 δικαιοσύνην,
3242 2173 3333 2227 καὶ
3372 2174 3480 2245 μὴν
3510 2175 3604 2228 καὶ
3643 2177 3779 2229 ἁπο-

2192 2263 2414 2331 τρυγεῖν
2443 2262 2523 2337 εἰς
2550 2262 2761 2331 καρπὸν
2793 2263 2957 2333 ζωῆς,
2994 2264 3088 2317 καὶ
3115 2264 3178 2319 τὸ
3218 2265 3472 2335 λαμπρὸν
3512 2265 3609 2335 τῆς
3642 2265 3765 2334 γνώ-

2195 2371 2332 2417 σεως
2369 2354 2706 2425 εἰσδέχεσθαι
2740 2354 2889 2424 φῶς,
2922 2356 3085 2419 αὐτὸς
3119 2344 3386 2421 ὑπέδειξε,
3436 2356 3775 2427 προστιθείς·

2196 2464 2216 2498 ι
2246 2448 2526 2516 Ζητήσατε
2572 2447 2661 2501 τὸν
2694 2447 2898 2519 Κύριον
2939 2450 3043 2512 ἓως
3071 2444 3133 2503 οῦ
3161 2449 3288 2521 ἔλθῃ
3335 2450 3649 2520 γεννήματα
3696 2450 3775 2503 δια

2191 2535 2485 2606 καιοσύνης
2529 2537 2676 2607 ὑμῖν.
2712 2556 2731 2587 ι
2784 2537 3011 2608 Ζητοῖτο
3040 2537 3085 2590 δ’
3124 2537 3191 2591 ἂν
3237 2538 3370 2611 πρὸς
3416 2539 3573 2609 ἡμῶν
3605 2539 3736 2603 Θεὸς
3759 2579 3774 2603 ,

2188 2627 2310 2697 οὐχὶ
2335 2628 2591 2692 τοπικῶς.
2623 2626 2792 2680 Τοῦτο
2818 2628 2928 2699 γὰρ
2949 2628 3175 2699 εὔηθες·
3204 2630 3327 2682 ἐπεὶ
3361 2629 3434 2700 μὴ
3458 2632 3515 2682 ὲν
3541 2632 3692 2699 τόπῳ
3718 2632 3778 2683 τὸ

2190 2719 2364 2772 θεῖονο
2405 2718 2520 2772 ἀλλ’
2550 2720 2626 2782 ὡς
2668 2720 2726 2772 ὲν
2767 2719 3006 2773 διαθέσει
3037 2720 3246 2791 ψυχῆς,
3293 2722 3388 2774 καὶ
3430 2720 3524 2773 νοῦ
3570 2721 3774 2791 προθυ-

2193 2809 2373 2880 μίαις,
2408 2810 2489 2873 εἰς
2520 2811 2628 2867 πᾶν
2665 2809 2846 2863 ὁτιοῦν
2875 2811 2982 2865 τῶν
3024 2812 3368 2882 ἀρεσκόντων
3411 2812 3561 2883 αὐτῷ
3601 2813 3775 2865 διανε-

2189 2901 2469 2967 νευκὸτος,
2515 2904 2606 2956 καὶ
2650 2904 2729 2966 είς
2755 2901 2960 2973 εἴδησιν
3002 2903 3287 2973 βλέποντος
3344 2904 3511 2976 ὀρθὴν
3548 2906 3644 2958 καὶ
3680 2906 3777 2959 ἀπ-

2188 2991 2505 3064 εξεσμένην,
2556 2999 2651 3048 καὶ
2696 2994 2994 3065 οὐδαμόθεν
3041 2994 3270 3065 ἔχουσαν
3309 2995 3371 3048 τὸ
3416 2996 3777 3065 ἐπιτιμᾶσθαι

2186 3085 2313 3138 δεῖν.
2342 3085 2608 3156 Εὐρόντες
2638 3085 2746 3155 γὰρ
2773 3085 2945 3149 οὓτως
2974 3086 3153 3152 αὐτὸν,
3185 3087 3279 3140 καὶ
3302 3085 3399 3156 τὴν
3425 3086 3537 3139 τῶν
3569 3087 3779 3158 ἑτέρων

2187 3173 2411 3243 ἀγαθῶν
2443 3174 2959 3246 καταπλουτήσομεν
3004 3175 3214 3244 κτῆσιν.
3256 3177 3325 3228 Ἢ
3362 3176 3462 3228 οὐκ
3514 3175 3778 3246 ἀληθεύει

2188 3265 2438 3336 Χριστὸς,
2470 3267 2596 3319 ὅταν
2621 3265 2774 3337 λέγῃ,
2814 3284 2834 3316 ι
2861 3266 3040 3336 Χωρὶς
3069 3265 3202 3336 ἐμοῦ
3236 3266 3297 3319 οὐ
3331 3265 3560 3321 δύνασθε
3598 3273 3775 3323 ποιεῖν

2186 3358 2370 3425 οὐδέν;
2395 3377 2413 3410 ι
2464 3358 2601 3410 Ἀλλ’
2629 3356 2795 3423 ἔστιν,
2826 3352 3006 3427 οἶμαι,
3040 3358 3191 3411 τουτὶ
3232 3359 3343 3422 τοῖς
3389 3358 3527 3430 ὀρθὰ
3558 3364 3773 3431 φρονεῖν

2185 3449 2434 3503 εἰωθόσιν
2458 3449 2757 3520 οὐδαμόθεν
2780 3448 3096 3519 ἀμφίϐολον.
3121 3450 3330 3520 κτῆσις
3351 3450 3460 3522 γάρ
3482 3452 3613 3521 ἡμῖν
3635 3452 3768 3522 αῦτη

2187 3540 2385 3604 παντδς
2416 3539 2622 3609 ἀγαθοῦ
2660 3540 2797 3611 μετὰ
2837 3538 2992 3605 Θεοῦ,
3037 3541 3129 3593 καὶ
3171 3540 3260 3593 διὰ
3291 3540 3447 3607 Θεοῦ,
3488 3542 3581 3595 καὶ
3622 3542 3768 3612 παρά

2185 3630 2339 3682 Θεοῦ.
2368 3630 2525 3683 Εἴποι
2553 3630 2599 3683 δ’
2623 3631 2687 3683 ἂν
2715 3646 2818 3694 τις,
2852 3628 2944 3683 καὶ
2984 3630 3128 3700 μάλα
3161 3631 3408 3697 εἰκότως,
3439 3632 3560 3702 οὐχὶ
3591 3632 3768 3714 μόνοις

2182 3725 2297 3785 τοῖς
2320 3722 2428 3775 τῶν
2459 3721 2691 3776 εἰδώλων
2720 3722 3112 3791 θεραπευταῖς,
3156 3724 3238 3789 τὸ,
3276 3742 3294 3774 t
3325 3724 3590 3793 Σπείρατε
3641 3726 3767 3777 ἑαυ-

2184 3815 2295 3876 τοῖς
2338 3814 2418 3876 εἰς
2455 3813 2821 3883 δικαιοσύνην,
2844 3832 2862 3864 ι
2902 3814 2998 3867 καὶ
3027 3814 3097 3866 τὰ
3134 3815 3341 3877 τούτοις
3376 3814 3603 3883 ἐφεξῆς,
3636 3813 3767 3866 ἀλλά

2186 3904 2292 3975 γὰρ
2318 3904 2410 3956 κα)¹
2438 3906 2550 3966 τοῖς
2580 3902 2677 3973 τῆς
2702 3902 2869 3972 ὀρθῆς
2901 3903 3137 3967 πίστεως
3165 3904 3766 3973 ἀποτρέχουσι,‹Προσρ

2185 3997 2456 4067 κειμένοις
2500 3995 2558 4049 δὲ
2601 3994 2801 4065 μᾶλλον
2830 3995 3100 4064 πνεύμασι
3145 3997 3370 4064 πλάνης,
3402 3997 3459 4047 ἐν
3487 3995 3765 4065 ὑποκρίσει

2182 4087 2494 4158 δαιμονίων,
2527 4085 3085 4156 κεκαυτηριασμένοις
3121 4085 3218 4155 τὴν
3264 4085 3586 4156 συνείδησιν.
3619 4103 3638 4135 ι
3684 4085 3765 4146 Ὠς

2183 4180 2312 4250 γοῦν
2353 4181 2383 4233 ό
2431 4178 2740 4248 σοφώτατος
2774 4179 2974 4250 γράφει
3012 4178 3253 4244 Παῦλος,
3300 4172 3444 4232 οῦτοι
3484 4178 3761 4248 σπείρουσι

2184 4272 2285 4342 μὲν
2304 4274 2413 4335 τοῖς
2438 4274 2515 4335 είς
2543 4271 2857 4340 γνῶσιν.κα“ι
2880 4269 3235 4339 φιλομάθειαν
3263 4270 3571 4340 ἐγκείμενοι
3591 4286 3602 4297 ·
3631 4267 3761 4339 πλὴν

2181 4363 2280 4416 οὐκ
2307 4364 2387 4426 εἰς
2415 4363 2551 4433 ἔργα
2592 4362 2955 4433 δικαιοσύνης,
2984 4364 3097 4416 ἀλλ’
3129 4364 3208 4425 εἰς
3240 4361 3453 4417 ἀδικίαν
3513 4362 3603 4414 καὶ
3641 4362 3762 4414 ἀσέ-

2180 4453 2351 4518 ϐειαν,
2392 4453 2699 4517 πλανῶντες
2746 4453 2839 4506 καὶ
2881 4453 3241 4524 πλανώμενοι,
3280 4473 3299 4504 σ
3328 4453 3440 4507 Καὶ
3470 4452 3761 4513 τύπτοντες

2180 4544 2509 4598 ἀσθενοῦσαν
2555 4545 2652 4617 τὴν
2697 4544 2999 4615 συνείδησιν
3045 4544 3151 4597 τῶν
3192 4544 3461 4625 ἀδελφῶν,
3502 4543 3643 4612 ὑπὲρ
3689 4536 3761 4595 ὧν

504 4612 647 4666 verit
682 4627 848 4667 unum
899 4614 966 4668 de
1022 4616 1230 4684 pusillis
1280 4619 1402 4676 istis
1452 4622 1506 4677 in
1552 4639 1638 4681 me
1684 4629 2071 4700 credentibus,

504 4702 717 4736 nvnmﬁr
762 4704 809 4736 ni
868 4712 922 4736 nl
956 4708 1320 4736 “unauana..-
1372 4711 1509 4736 ..ηιμ
1560 4715 1789 4736 --ε----.ε,
1841 4719 1853 4736 ,-
2006 4723 2038 4736 ι.

2192 4636 2415 4705 Χριστὸς
2454 4612 2711 4690 ἀπέθανε.
2733 4656 2752 4688 ι
2786 4612 3040 4705 Τρυγῶσι
3083 4635 3147 4706 δὴ
3189 4632 3283 4689 οὖν
3312 4612 3411 4688 οὐκ
3446 4637 3525 4697 εἰς
3554 4633 3762 4736 καρπύν

504 4702 722 4770 expedit
761 4704 810 4757 ei
868 4712 927 4757 ιιι
956 4708 1320 4775 suspendatur
1372 4711 1514 4767 mola
1558 4715 1796 4772 asinaria
1840 4719 1894 4774 in
1938 4723 2076 4779 collo

2192 4702 2321 4799 ζωῆς
2346 4728 2531 4791 ποθεν,
2558 4728 2672 4782 ἀλλ’
2695 4730 2776 4791 εἰς
2799 4702 3020 4781 κόλασίν
3044 4745 3103 4779 τε
3135 4702 3244 4780 ﬁxa}.
3272 4727 3469 4798 κρίσιν.
3499 4726 3607 4779 Καὶ
3633 4702 3761 4793 γοῦν

501 4792 637 4860 «jus,
665 4802 719 4848 ct
744 4794 1090 4865 demergatur
1118 4799 1169 4852 in
1203 4801 1529 4869 profundum
1563 4809 1731 4865 maris
1760 4810 1802 4864 ⁸.
1874 4832 1891 4866 ι
1945 4814 2078 4871 Dili-

502 4890 632 4950 gant
678 4882 842 4952 igitur
880 4886 1188 4954 veritatem,
1220 4888 1322 4944 hoc
1350 4899 1452 4957 est,
1505 4893 1633 4949 illud
1675 4899 1959 4967 sapientia:
1994 4904 2076 4959 lu»

503 4987 647 5028 men.
690 4972 766 5029 Ita
792 4975 1053 5044 quaeritur
1092 4978 1253 5036 Deus.
1308 4981 1445 5039 Hinc
1478 4984 1584 5041 illis
1611 4987 1822 5047 fructus
1843 4991 2076 5060 iustitia:

500 5063 749 5119 orientur
776 5066 828 5120 in
855 5067 1043 5122 vitam.
1078 5069 1702 5133 Vindemiabitur'etiam
1721 5080 1928 5153 vinum,
1964 5104 2070 5145 non

2175 4818 2413 4888 ἔφασκεν
2435 4819 2464 4871 ὁ
2492 4817 2747 4889 Χριστὸς,
2776 4818 2857 4870 δτι
2890 4835 2908 4868 t
2942 4817 3038 4880 Ὃς
3067 4817 3133 4869 ἂν
3173 4816 3504 4887 σκανδαλίσῃ
3535 4816 3631 4868 ἕνα
3656 4814 3764 4867 τῶν

2178 4908 2388 4981 μικρῶν
2423 4907 2627 4961 τούτων
2666 4908 2775 4961 τῶν
2816 4894 3180 4961 πιστευόντων
3209 4907 3290 4971 εἰς
3326 4907 3447 4977 ἐμὲ,
3491 4905 3759 4977 συμφέρει

2182 4999 2352 5070 αὐτῷ,
2379 5000 2466 5054 ἵνα
2493 4999 2778 5072 κρεμασθῇ
2806 4999 2986 5063 ὀνικὸς
3019 4999 3181 5070 μύλος
3210 4999 3337 5069 περὶ
3371 4998 3463 5051 τὸν
3493 4997 3761 5069 τράχηλον

2181 5092 2364 5157 αὐτοῦ,
2405 5092 2498 5145 καὶ
2533 5090 2934 5161 καταποντισθῇ
2968 5093 3025 5143 ὲν
3057 5090 3136 5162 τῷ
3163 5090 3388 5159 πελάγει
3434 5091 3533 5161 τῆς
3562 5089 3762 5143 θαλάσ-

501 5150 721 5218 quidem
750 5167 1097 5225 corporeum,
1132 5160 1226 5215 sed
1255 5163 1398 5229 quod
1434 5163 1790 5237 intelligentia
1806 5150 2070 5248 cernitur,

2198 5150 2557 5250 ηςοιόύκοῦν,
2595 5150 2966 5255 ἀγαπάτωσαν
2992 5150 3409 5255 τὴίάλήθείαν,
3451 5150 3612 5237 τοῦτό
3650 5184 3764 5236 ἐστι

503 5247 558 5292 et
584 5254 682 5308 per
702 5244 977 5314 spiritum,
1009 5250 1152 5319 quod
1175 5252 1338 5306 etiam
1364 5266 1473 5335 corr
1494 5266 1549 5312 et
1581 5258 1821 5318 animum
1834 5244 2073 5327 hominis

500 5328 759 5391 hetiﬁcat.

2177 5281 2239 5329 τὸ
2262 5276 2359 5345 τῆς
2393 5275 2645 5345 γνώσεως
2674 5275 2808 5343 φῶς.
2831 5273 2989 5327 Οὕτω
3026 5275 3266 5344 ζητεῖται
3297 5274 3449 5336 Θεός.
3485 5273 3763 5328 Ἐντεῦθεν

2176 5369 2356 5432 αὐτοῖς
2384 5367 2585 5439 καρποὶ
2614 5368 2711 5435 μὲν
2737 5364 3080 5436 δικαιοσύνης
3109 5364 3456 5418 άνατελοῦσιν
3482 5366 3563 5429 είς
3595 5364 3761 5433 ζωήν.

499 5421 913 5526 Τρυγηῗήσεται
955 5430 1011 5484 δὲ
1040 5434 1131 5486 καὶ
1161 5429 1320 5501 Oho“
1348 5439 1408 5492 οὐ
1440 5442 1770 5513 σωματίκδςθ
1807 5452 1996 5521 νοητὸς
2025 5455 2081 5511 δὲ
2121 5421 2354 5530 μᾶλλονξ
2388 5421 2492 5513 καὶ
2513 5421 2627 5513 διὰ·
2664 5457 2994 5527 πνεύματος,
3107 5458 3201 5511 καὶ
3228 5456 3454 5526 καρδίαν
3483 5421 3761 5527 εὐφραίνει

505 5514 597 5566 καὶ
632 5514 771 5569 νοῦν.

578 5605 737 5661 Vens.
770 5610 851 5663 l5.
897 5613 1034 5677 Quid
1065 5622 1299 5677 tacuistis
1328 5627 1662 5699 impietatem,
1697 5646 1742 5691 et
1770 5639 2065 5708 iniquitates

573 5809 616 5838 οη
643 5807 921 5901 (.jiﬂai.‘v.|;
951 5812 1018 5901 gi"
1079 5813 1121 5841 νυ
1150 5812 1304 5901 [tl-ut".
1332 5835 1461 5890 uti,
1492 5829 1541 5881 3,
1625 5830 1635 5859 ι
1666 5829 1826 5884 Em“.
1860 5846 1947 5897 xl"
1976 5833 2061 5890 20.

2192 5835 2342 5891 “Oili.
2376 5852 2415 5901 l,
2444 5838 2530 5891 ἓξ).

501 5890 618 5944 γιιι,
652 5878 732 5934 il.
829 5880 849 5912 ⁸
875 5880 1061 5933 Matth.
1090 5894 1241 5947 μιν,
1267 5884 1317 5935 6.

2247 5642 2383 5696 Ἵνα
2422 5624 2476 5694 τί
2510 5640 3009 5710 παρεσιωπήσατε
3038 5637 3340 5701 ἀσέϐειαν,
3373 5638 3472 5692 καὶ
3500 5638 3607 5706 τὰς
3634 5639 3758 5696 ἀδι-

2611 5837 2628 5866 ³
2651 5836 2800 5893 Jnan.
2846 5853 2930 5903 xv,
3098 5835 3117 5866 "
3144 5835 3163 5889 l
3190 5831 3326 5887 Tim.
3361 5848 3431 5901 tv,
3456 5833 3510 5888 2.
3593 5836 3611 5865 ³
3636 5836 3758 5893 Cor.
