4034 6270
246 297 351 353 257
1177 294 1726 355 COMMENTARIUS
1762 297 1827 353 IN
1868 298 2095 354 OSI'ZAM
2136 296 2584 356 PROPHETAM.
3410 296 3517 353 258

248 412 391 478 κὶας
422 407 608 479 αὐτῆς
633 409 1035 481 ἐτρυγήσατε;
1069 410 1346 481 Ἐφάγετε
1367 412 1600 481 καρπὸν
1618 413 1839 482 ψευδῆ,

1918 415 2059 484 pejus
2107 415 2503 469 vindemiastis?
2551 411 2863 467 Comedistis
2902 410 3135 481 fructum
3181 411 3511 475 mendacem,

257 501 347 556 ὅτι
395 501 658 569 ἤλπισας
693 501 765 556 ἐν
803 501 931 567 τοῖς
957 501 1343 572 ἁμαρτήμασι
1364 518 1503 567 σου,
1531 504 1600 557 ἐν
1626 505 1841 571 πλήθει

1942 505 2068 573 quia
2093 505 2315 572 sperasti
2344 507 2395 557 in
2424 503 2653 557 turribus
2686 504 2813 568 tuis,
2848 502 2901 557 in
2934 501 3273 555 multitudine
3301 500 3515 569 fortitu-

256 591 560 663 δυνάμεώς
580 607 719 655 σου,
741 591 842 645 καὶ
866 591 1348 662 ἐξαναστήσεται
1376 594 1642 649 ἀπώλεια
1666 597 1736 648 ἐν
1760 595 1842 661 τῷ

1941 596 2077 650 diuis
2120 606 2246 652 tum.
2290 580 2670 665 Etlconsurget
2705 594 2933 664 perditio
2980 595 3036 648 in
3077 591 3266 663 populo
3308 602 3422 660 tuo,
3464 600 3515 647 et

261 682 392 748 λαῷ
410 700 539 746 σου,
570 683 669 738 καὶ
702 682 902 738 πάντα
930 682 1002 738 τὰ
1033 684 1577 755 περιτετειχισμένα
1606 701 1724 741 σου
1752 690 1838 741 ol-

1182 684 1577 755 ιετειχισμένα
1606 701 1724 741 σου
1752 690 1838 741 ol-
1941 688 2123 741 omnia
2163 696 2374 741 murata
2407 695 2499 740 tua
2536 686 2775 755 peribunt

262 773 526 842 χήσεται.
1978 826 1983 829 _

326 864 496 917 PKB’.
536 865 788 918 Αίτιᾶται
813 864 999 929 πάλιν,
1024 863 1101 927 ὡς
1130 863 1241 918 ἀπό
1273 882 1338 934 γε
1363 865 1460 937 τῆς
1490 868 1571 930 εἰς
1599 867 1660 920 τὸ
1693 865 1853 936 φαῦέ

2008 861 2214 920 CXXII.
2266 860 2466 918 lterum
2496 876 2592 917 eos
2621 863 2870 931 castigat,
2895 874 2954 916 ut
2977 863 3069 933 qui
3099 877 3211 931 pra:
3236 861 3514 933 voluptate

254 954 342 1007 λον
376 956 569 1026 ἡδονῆς
597 956 686 1026 ἐφ’
709 950 792 1019 οἷς
832 957 1035 1026 ἥκιστα
1076 956 1247 1028 ἐχρῆν
1288 961 1621 1030 κατηρεμεῖν
1648 959 1836 1031 ἑλομέ-

1938 954 2064 1011 mali
2094 953 2400 1023 quieverint
2442 953 2494 1007 in
2522 953 2720 1022 quibus
2752 952 2976 1007 minime
3010 953 3210 1017 decuit,
3242 953 3516 1009 inconsul—

250 1064 395 1113 νους,
434 1048 776 1103 ἀϐουλότατά
801 1065 862 1101 τε
892 1048 1276 1118 σεσιγηκότας,
1301 1050 1386 1119 ἐφ’
1408 1044 1488 1113 οἷς
1513 1045 1581 1122 ἦν
1603 1052 1747 1116 είκδς
1772 1052 1834 1105 οὐ

1938 1047 2255 1115 tissimeque
2291 1043 2560 1100 tacuerint
2591 1043 2643 1096 in
2678 1042 2785 1108 his,
2820 1051 3040 1110 propter
3066 1057 3185 1109 quae
3210 1042 3379 1097 Deum
3403 1058 3512 1099 non

248 1139 489 1209 μετρίως
520 1139 807 1193 λυπεῖσθαι
838 1140 994 1193 Θεόν.
1025 1139 1155 1193 Δέον
1184 1133 1315 1209 γὰρ,
1345 1141 1498 1210 φησι,
1525 1143 1688 1195 παντὶ
1714 1141 1829 1197 σθέ-

1936 1134 2286 1192 mediocriter
2338 1134 2501 1188 irasci
2560 1142 2986 1188 consentaneum
3040 1133 3160 1187 fuit.
3212 1132 3346 1189 Nam
3389 1151 3512 1190 cum

247 1247 328 1282 νει
347 1229 745 1301 διωθουμένους
765 1231 866 1300 τὴν
890 1232 973 1294 εἰς
1001 1230 1103 1301 ἐμὲ
1130 1230 1475 1297 δυσσέϐειαν,
1506 1234 1619 1296 τοῖς
1648 1232 1716 1286 τὰ
1746 1235 1834 1287 αί-

1934 1225 2288 1296 oportuisset,
2324 1223 2521 1293 inquit,
2558 1223 2685 1278 totis
2712 1223 2920 1278 viribus
2954 1222 3242 1293 proﬂigare
3269 1225 3514 1294 impieta—

246 1320 390 1391 σχρὰ
412 1321 839 1392 συμϐουλεύουσι
865 1322 1146 1392 ἐπιτιμᾷν,
1175 1319 1336 1374 τοῦτό
1378 1339 1438 1374 τε
1486 1321 1731 1393 δρῶντας
1775 1324 1834 1377 ὲν

1938 1325 2042 1369 ιεηι
2081 1314 2375 1369 adversum
2420 1327 2528 1379 me,
2566 1319 2619 1367 et
2662 1312 2838 1383 turpia
2872 1315 3167 1369 suadentes
3210 1313 3512 1383 increpare,

243 1413 409 1465 παντὶ
443 1414 696 1481 γενέσθαι
726 1414 902 1484 καλῷ,
933 1414 1283 1483 σεσιγήκασι,
1315 1413 1678 1484 παρεδέξαντο
1708 1417 1833 1479 τοὺς

1932 1414 1987 1461 ει
2030 1406 2104 1460 ita
2154 1404 2260 1459 frui
2303 1404 2458 1459 bonis
2498 1404 2771 1468 omnibus,
2825 1411 3131 1468 tacuerunt,
3161 1404 3510 1459 seductiones

238 1503 344 1571 τῆς
392 1503 714 1574 πλανήσεως
760 1505 1015 1574 τρόπους·
1046 1506 1146 1560 οὐκ
1193 1502 1262 1578 ἦν
1309 1508 1368 1561 ὲν
1420 1509 1602 1573 αὐτοῖς
1646 1512 1674 1563 ό
1717 1512 1830 1574 τοῖς

1933 1496 2288 1561 admiserunt,
2327 1510 2433 1549 non
2464 1505 2585 1550 erat
2612 1497 2756 1551 inter
2799 1509 2917 1560 eos,
2947 1495 3040 1564 qui
3077 1495 3166 1550 illa
3211 1510 3352 1550 nova
3396 1511 3512 1550 mo-

239 1594 427 1646 ἐκεῖνα
455 1594 868 1664 καινοτομοῦσιν
899 1596 1270 1669 ἀνθεστηκὼς,
1301 1598 1401 1651 οὐκ
1434 1600 1727 1664 ἀντιτιθεὶς
1760 1601 1828 1654 τὰ
1930 1589 2186 1644 Ῑίεηῑίιδυε
2236 1588 2537 1652 Γθεῖειθνθίν
2594 1601 2699 1641 ηοη
2740 1586 2832 1657 qui
2886 1586 3059 1658 ιθεεηι
3097 1596 3417 1657 ορροηθι-ει,
3458 1596 3514 1643 εἰ

238 1683 310 1736 ὲκ
358 1679 550 1753 νόμ“ου,
580 1686 676 1737 καὶ
721 1686 800 1748 είς
848 1686 1154 1766 ἀνάμνῃσιν
1195 1688 1488 1760 ἀποφέρων
1520 1690 1628 1742 τῶν
1673 1691 1828 1745 τεθε-

1931 1681 1996 1735 ad
2029 1680 2461 1736 recordationem
2497 1679 2756 1734 divinitus
2788 1688 3180 1747 praeceptorum
3225 1679 3507 1735 excitaret.

242 1775 586 1845 σπισμένων.
613 1775 924 1846 Γέγραπται
968 1758 1099 1849 γαρ,
1143 1798 1161 1829 ι
1193 1780 1306 1833 Οὐκ
1342 1758 1555 1835 ἔσονταί
1579 1798 1682 1849 ,σοι
1713 1782 1826 1835 θεοὶ

1936 1770 2208 1841 Scriptum
2240 1771 2437 1841 quippe
2470 1778 2690 1825 exstat:
2729 1787 2749 1821 ι
2787 1768 2901 1824 Non
2937 1776 3098 1823 erunt
3145 1768 3239 1822 tibi
3290 1770 3363 1823 dii
3418 1769 3508 1823 alii

239 1868 427 1937 ἕτεροι
474 1866 613 1939 πλὴν
634 1867 791 1938 ἐμοῦ.
814 1887 833 1918 ι
859 1870 969 1923 Καὶ
996 1847 1155 1923 πάλιν
1176 1889 1188 1900 ·
1225 1891 1243 1922 ι
1270 1872 1344 1925 Οὐ
1371 1847 1613 1943 ποιήσεις
1644 1874 1825 1944 σαυτῷ

1932 1871 2128 1932 praeter
2170 1863 2332 1917 me":
2373 1880 2391 1913 ι
2426 1869 2482 1916 ει
2531 1875 2789 1916 rursum:
2824 1879 2842 1912 ι
2874 1858 2991 1913 Non
3030 1858 3197 1914 facies
3246 1859 3337 1913 tibi
3394 1860 3509 1913 ido-

246 1957 490 2013 εἴδωλον.
523 1977 541 2008 ι
575 1958 712 2011 Ἀλλ’
729 1958 906 2026 ὀλίγος
931 1960 1110 2024 αὐτοῖς
1140 1960 1417 2025 παντελῶς
1462 1964 1490 2016 ὁ
1527 1964 1657 2033 περὶ
1696 1964 1823 2017 τού-

1930 1952 2039 2006 lum
2062 1952 2103 2004 ⁸.
2143 1970 2161 2003 ι
2202 1950 2308 2006 Sed
2359 1952 2460 2006 ista
2502 1951 2980 2021 parvipendebant.
3029 1947 3309 2003 Siluerunt
3337 1949 3506 2013 enim,

244 2066 360 2102 των
399 2045 468 2120 ἦν
500 2049 672 2118 λόγος.
705 2050 1034 2121 Σεσιγήκασι
1086 2051 1211 2124 γὰρ,
1242 2053 1511 2124 τιμῶντες
1552 2054 1650 2125 τὴν
1693 2056 1824 2109 ἀσέ-

1929 2041 2100 2111 pluris
2138 2040 2399 2096 facientes
2442 2041 2796 2117 impietatem,
2848 2041 2951 2095 hoc
2988 2048 3095 2102 est,
3124 2039 3505 2095 defectionem.

242 2140 425 2204 ϐειαν,
459 2142 730 2206 τουτέστι,
796 2141 895 2212 τὴν
937 2142 1246 2198 ἀπόστασιν.
1284 2145 1516 2209 Οὐκοῦν,
1564 2165 1583 2197 ι
1617 2147 1823 2217 Τετρυ-

1930 2134 2115 2202 Itaque
2153 2151 2172 2185 ι
2204 2132 2608 2195 vindemiarum
2633 2132 2700 2185 de
2730 2140 2925 2186 cmtero
2963 2131 3171 2185 fructus
3204 2130 3509 2200 iniquitatis

238 2232 450 2300 γήκασι
492 2232 621 2295 τοὺς
661 2232 763 2302 τῆς
802 2234 884 2297 είς
917 2230 1078 2287 τοῦτο
1106 2233 1284 2289 λοιπὸν
1308 2235 1527 2300 ἀδικίας
1551 2237 1820 2308 καρπούς.

1930 2223 2065 2292 ejus.
2112 2223 2475 2279 Comederunt
2527 2223 2765 2277 fructum
2820 2223 3160 2286 mendacem,
3202 2240 3221 2274 ι
3267 2221 3369 2277 hoc
3399 2229 3508 2287 est,

234 2321 651 2391 Κατεδηδόκασι
685 2322 896 2393 καρπὸν
919 2323 1104 2396 ψευδῆ,
1133 2344 1151 2378 ι
1183 2327 1481 2394 τουτέστιν,
1507 2327 1717 2399 ἀθρανῆ
1764 2344 1823 2380 τε

1930 2314 2255 2370 imbecillam
2280 2324 2333 2369 ct
2356 2315 2600 2370 inutilem
2623 2329 2774 2385 spem
2808 2314 3134 2369 habuerunt.
3162 2312 3338 2370 Verus
3359 2315 3505 2369 enim

231 2413 335 2465 καὶ
367 2412 624 2481 ἀνόνητον
653 2413 921 2484 ἐσχήκασι
949 2416 1050 2485 τὴν
1084 2417 1295 2473 ἐλπίδα.
1328 2418 1553 2490 Καρπὸς
1585 2418 1684 2489 μὲν
1715 2419 1823 2487 γὰρ

1930 2405 2139 2461 fructus
2163 2407 2391 2460 salutem
2419 2415 2474 2460 et
2503 2405 2791 2459 utilitatem
2825 2406 3125 2469 continens,
3160 2415 3245 2460 est
3268 2406 3508 2462 cliaritas

229 2500 260 2550 ό
294 2497 566 2568 ἀληθινὸς,
600 2501 628 2551 ὀ
657 2498 850 2564 σώζειν
895 2519 954 2555 τε
1010 2505 1105 2557 καὶ
1152 2503 1381 2573 ὠφελεῖν
1429 2505 1746 2576 δυνάμενος,
1784 2509 1819 2577 ἡ

1929 2514 2055 2568 erga
2109 2499 2272 2552 Deum
2320 2509 2374 2551 et
2400 2496 2626 2567 justitiae
2673 2507 3013 2550 ornamenta.
3057 2495 3290 2551 Fructus
3324 2505 3504 2550 autem

229 2593 316 2653 είς
348 2590 478 2643 Θεὸν
506 2592 714 2664 ἀγάπη,
747 2596 841 2647 καὶ
880 2596 953 2649 τὰ
1001 2597 1100 2667 τῆς
1127 2597 1474 2670 δικαιοσύνης
1507 2601 1817 2671 αὐχήματα.

1928 2593 2179 2657 mendax,
2207 2593 2418 2648 fructus
2446 2590 2739 2659 impietatis
2766 2591 3011 2660 apposite
3033 2588 3262 2659 intelligi
3299 2596 3501 2658 potest,

230 2681 463 2751 Καρπὺς
494 2683 549 2736 δὲ
580 2684 800 2755 ψευδὴς,
833 2689 861 2739 ό
890 2687 991 2757 τῆς
1020 2690 1341 2753 δυσσεϐείας
1381 2692 1538 2744 νοοῖτ’
1566 2693 1632 2744 ἂν
1677 2691 1821 2745 εἰκό-

1928 2684 1995 2736 ad
2038 2681 2197 2736 linem
2229 2682 2372 2736 enim
2407 2696 2628 2751 prorsus
2656 2683 3050 2735 exsecrandum
3092 2680 3331 2735 devenit.
3373 2679 3506 2747 Quis

230 2788 373 2832 τως·
412 2772 657 2843 καταίρει
700 2774 813 2843 γὰρ
856 2776 1078 2840 πάντως
1118 2778 1197 2841 είς
1237 2778 1389 2842 τέλος
1430 2779 1491 2832 τὸ
1531 2779 1819 2835 ἀπευκτόν.

1928 2773 2091 2842 igitur
2128 2773 2199 2828 sit
2246 2773 2452 2827 fructus
2505 2772 2756 2838 mendax,
2806 2772 2898 2842 qui
2946 2772 3074 2839 ipsis
3114 2785 3180 2825 ex
3228 2772 3506 2840 impietate

232 2862 395 2925 Ποῖος
421 2857 513 2918 οὖν
543 2866 571 2917 ό
596 2864 800 2935 ψευδὴς
827 2866 938 2937 ἄρα
968 2867 1198 2940 καρπὺς,
1230 2870 1259 2922 ὁ
1293 2869 1359 2923 ἐκ
1385 2867 1485 2939 τῆς
1512 2870 1823 2935 δυσσεϐείας

1926 2863 2171 2928 oriatur,
2220 2865 2403 2920 statim
2454 2864 2712 2920 ostendit.
2762 2865 3022 2935 Adjungit
3067 2866 3253 2930 enim,
3322 2882 3342 2915 ι
3377 2865 3504 2935 quia

233 2955 422 3019 αὐτοῖς
467 2959 858 3028 γεγενημένος,
890 2958 1205 3029 παρέδειξεν
1251 2959 1434 3025 εὐθύς.
1479 2963 1822 3033 Προσεπάγει

1927 2957 2154 3027 sperasti
2204 2957 2257 3011 in
2284 2956 2541 3011 curribus
2570 2955 2700 3019 tuis,
2753 2955 2805 3009 in
2846 2954 3192 3010 multitudine
3231 2953 3506 3010 fortitudi-

233 3047 364 3118 γὰρ,
396 3048 477 3100 ὅτι
513 3048 825 3112 «Ἦλπισας
870 3050 929 3102 ἐν
975 3053 1087 3115 τοῖς
1133 3051 1342 3123 ἅρμασί
1392 3070 1508 3118 σου,
1540 3056 1598 3108 ὲν
1628 3054 1821 3126 πλήθει

1927 3051 2013 3105 nis
2055 3058 2179 3104 tuae.
2214 3047 2282 3103 Et
2332 3054 2630 3117 consurget
2671 3046 2910 3115 perditio
2960 3046 3014 3100 in
3068 3047 3267 3117 popqu
3307 3056 3418 3113 tuo,
3451 3054 3506 3102 et

232 3111 517 3207 δυνάμεώς
542 3156 636 3193 σου
655 3155 668 3168 ·
694 3142 790 3194 καὶ
811 3111 1239 3213 ἐξαναστησεται
1261 3111 1506 3199 ἀπώλεια
1523 3145 1582 3200 ὲν
1604 3146 1683 3217 τῷ
1702 3111 1818 3217 λαῷ

1924 3142 2106 3195 omnia
2158 3149 2368 3194 murata
2427 3148 2516 3193 tua
2551 3138 2829 3207 peribunt.
2863 3157 2883 3190 ι
2934 3137 3051 3193 Non
3105 3139 3249 3194 enim
3292 3138 3505 3195 modice

230 3246 352 3293 σου,
384 3231 479 3283 καὶ
508 3232 687 3287 πάντα
718 3232 786 3286 τὰ
814 3235 1324 3307 περιτετειχισμένα
1355 3255 1448 3291 σου
1477 3237 1812 3307 οἰχήσεται.»

1926 3232 2073 3288 fuisti
2110 3232 2331 3302 impius,
2377 3230 2575 3299 inquit,
2609 3229 2735 3284 dum
2767 3229 2910 3300 ligna
2944 3242 3000 3283 et
3040 3229 3245 3298 lapides
3271 3229 3501 3295 coleres,

228 3322 645 3393 Δεδυσσέϐηκας
678 3324 779 3395 μὲν
820 3325 929 3396 γάρ
961 3326 1021 3379 οὐ
1053 3327 1313 3399 μετρίως,
1347 3328 1501 3399 φησὶ,
1537 3328 1714 3394 ξύλοις
1758 3347 1819 3383 τε

1925 3338 2218 3392 unumque,
2252 3333 2308 3376 et
2347 3332 2562 3388 natura,
2614 3327 2669 3375 et
2700 3335 2825 3375 vere
2863 3320 3029 3375 Deum
3064 3319 3222 3393 154
3248 3335 3505 3390 asperna-

230 3411 328 3463 καί
357 3410 530 3474 λίθοις
558 3410 951 3482 λελατρευκὼς,
983 3414 1074 3467 καὶ
1115 3414 1206 3467 τὸν
1247 3413 1345 3469 ἕνα
1399 3416 1494 3470 καὶ
1535 3416 1697 3485 φύσει
1726 3420 1822 3472 καὶ

1926 3416 2081 3470 reris.
2117 3414 2319 3469 Deinde
2358 3411 2502 3468 bello
2539 3411 2924 3483 praenuntiata,
2959 3420 3014 3465 et
3040 3411 3152 3479 jam
3187 3413 3330 3466 intra
3359 3410 3503 3465 fores

234 3499 453 3568 ἀληθῶς
482 3500 756 3569 ἀτιμάσας
788 3502 941 3556 Θεόν.
967 3496 1100 3556 Εἶτα
1125 3504 1220 3558 τοῦ
1248 3505 1487 3576 πολέμου
1518 3507 1823 3578 προηγγελ-

1927 3513 2196 3572 versante,
2257 3519 2363 3561 non
2411 3518 2587 3560 meam
2636 3504 2816 3574 potius
2855 3519 3014 3573 opem
3042 3502 3358 3571 llagitastis;
3406 3502 3501 3556 sed

238 3592 424 3662 μένου,
459 3592 751 3663 βεϐηκότος
792 3593 848 3646 δὲ
895 3594 989 3646 καὶ
1026 3595 1204 3650 αὐτῶν
1236 3595 1368 3650 εἵσω
1400 3597 1604 3669 θυρῶν,
1633 3600 1693 3652 οὐ
1721 3598 1821 3670 τὴν

1928 3596 2133 3650 viribus
2162 3594 2361 3650 vestris
2395 3602 2450 3649 et
2497 3610 2723 3649 numero
2758 3609 3014 3649 curruum
3069 3594 3283 3658 confisi,
3320 3593 3504 3646 hostes

234 3688 360 3756 παρ’
388 3685 527 3756 ἐμοῦ
554 3685 755 3757 μᾶλλον
785 3685 995 3758 ἐζήτεις
1022 3688 1364 3761 ἐπικουρίαν,
1387 3691 1525 3745 ἀλλὰ
1546 3694 1665 3755 ταῖς
1687 3693 1818 3747 ἑαυ-

1925 3687 2289 3742 debellaturos
2322 3686 2700 3749 existimastis,
2737 3686 2890 3754 quasi
2924 3685 2988 3738 ad
3009 3686 3117 3739 hoc
3151 3686 3306 3739 vobis
3336 3683 3501 3737 falso-

233 3779 340 3830 τῶν
372 3778 657 3848 δυνάμεσι,
690 3779 785 3831 καὶ
830 3778 907 3847 τῷ
935 3778 1127 3848 πλήθει
1155 3780 1263 3834 τῶν
1289 3782 1552 3852 ἁρμάτων
1583 3782 1819 3856 ἐπεθαρ-

1926 3794 2045 3834 rum
2072 3781 2297 3833 deorum
2332 3774 2484 3828 favor
2510 3775 2880 3844 auxiliumque
2905 3774 3192 3829 sulliceret.
3227 3774 3326 3829 llic
3352 3774 3502 3829 vobis

236 3871 470 3940 σήσατε,
522 3869 615 3923 καὶ
663 3869 763 3940 τῆς
812 3869 920 3923 τῶν
972 3870 1245 3942 πολεμίων
1296 3873 1477 3944 ἰσχύος
1521 3854 1816 3946 κρατήσειν

1928 3869 2137 3923 fructus
2196 3865 2427 3920 mendax
2487 3867 2611 3919 erit.
2681 3864 2796 3920 Erit
2861 3864 3005 3919 enim
3060 3854 3257 3935 populo
3313 3864 3496 3935 pestis.

234 3961 667 4033 ὑπελαμϐάνετε,
719 3962 998 4033 ἀρκούσης
1046 3963 1174 4034 ὑμῖν
1223 3965 1302 4027 είς
1352 3964 1511 4018 τοῦτο
1558 3965 1657 4036 τῆς
1707 3965 1815 4019 τῶν

1925 3963 2117 4019 Omnis
2139 3967 2317 4014 autem
2355 3958 2582 4014 illustris
2604 3969 2657 4015 et
2681 3959 3105 4014 fortunatissima
3129 3959 3319 4013 civitas
3346 3972 3500 4011 ever-

234 4050 602 4123 ψευδωνύμων
657 4051 794 4106 θεῶν
838 4052 1053 4122 φειδοῦς
1101 4054 1197 4108 καὶ
1242 4056 1581 4126 ἐπικουρίας.
1647 4055 1817 4110 Τοῦτο

1925 4039 2087 4109 tetur.
2122 4050 2273 4119 Quod
2302 4048 2448 4104 enim
2492 4050 2634 4106 Deus
2670 4067 2776 4108 non
2813 4048 3037 4116 stabilit,
3084 4049 3239 4120 plane
3283 4057 3502 4104 corruat

237 4147 362 4212 ὑμῖν
400 4145 688 4215 γενήσεται
727 4144 943 4215 καρπὸς
971 4145 1193 4215 ψευδής.
1227 4146 1419 4199 Ἔσται
1459 4147 1569 4217 γὰρ
1599 4146 1818 4218 ὕλεθρος

675 4161 688 4196 ι
727 4144 943 4215 καρπὸς
971 4145 1193 4215 ψευδής.
1227 4146 1419 4199 Ἔσται
1459 4147 1569 4217 γὰρ
1599 4146 1818 4218 ὕλεθρος
1924 4160 2144 4202 necesse
2168 4155 2268 4200 est.

235 4241 375 4294 κατά
402 4239 512 4292 τῶν
546 4237 711 4292 λαῶν.
745 4239 902 4292 uasa
930 4255 989 4291 τε
1019 4238 1250 4308 λαμπρὰ
1305 4237 1396 4290 καὶ
1446 4237 1811 4308 εὐτυχεστάτο
1852 4237 2335 4307 κατασεισθήσεται
2362 4234 2537 4297 πόλις.
2583 4234 2649 4286 Ὃ
2671 4231 2779 4303 γὰρ
2834 4231 2932 4302 οὐχ
2957 4230 3138 4300 ἵστησι
3157 4229 3309 4296 Θεὸς,
3323 4229 3499 4300 πάντη

231 4346 288 4383 τε
339 4331 433 4383 καὶ
464 4331 679 4395 πάντως
704 4334 975 4384 πεσεῖται.
2714 4342 2717 4345 ’

298 4421 557 4490 Λεγέσθω
583 4422 647 4493 δὴ
676 4422 848 4477 ταῦτα
877 4423 971 4476 καὶ
1000 4422 1136 4493 πρὸς
1164 4424 1195 4493 ἠ
1206 4422 1344 4493 μῶν,
1373 4423 1573 4495 μᾶλλον
1595 4424 1648 4479 δὲ
1670 4425 1820 4498 παρὰ
1852 4430 1891 4484 D

1997 4423 2249 4478 Dicamus
2290 4435 2387 4476 nos
2430 4420 2547 4475 haec
2575 4418 2759 4486 etiam,
2783 4416 2889 4471 imo
2915 4413 3056 4470 Deus
3096 4415 3181 4469 his
3205 4414 3296 4485 qui
3348 4429 3497 4470 asse-

228 4513 387 4579 Θεοῦ,
418 4517 531 4578 τοῖς
562 4515 944 4585 προσεδρεύειν
969 4514 1213 4568 ἐθέλουσι
1258 4519 1370 4581 τοῖς
1400 4518 1633 4581 ἀνοσίοις
1662 4520 1813 4590 αἱρε-

1919 4522 2138 4570 ctantur
2186 4512 2378 4580 impios
2436 4507 2743 4571 haereticos,
2792 4514 2846 4561 et
2902 4517 2963 4559 se
3018 4504 3187 4558 teneri
3247 4503 3498 4572 cupidine

226 4606 420 4671 τικοίς,
457 4606 551 4658 καὶ
584 4606 852 4677 μαθητιᾷν
887 4606 1332 4677 ὑποκρινομένοις
1364 4608 1432 4662 τὰ
1470 4610 1551 4673 είς
1583 4609 1728 4681 ζωήν
1756 4628 1813 4662 τε

1922 4604 2159 4660 discendi
2193 4604 2259 4657 ad
2289 4603 2473 4668 vitam,
2504 4608 2561 4654 et
2593 4597 2934 4669 prudentiam
2971 4593 3293 4666 pertinentia
3327 4594 3494 4647 simu—

223 4698 322 4751 καὶ
354 4696 589 4751 σύνεσιν.
618 4692 777 4751 Οὗτοι
800 4698 1234 4769 παρασιωπῶσιν
1271 4699 1547 4754 ἀσέϐειαν.
1566 4701 1812 4772 ’Λνέχον-

1923 4694 2055 4748 lant.
2123 4691 2188 4747 lli
2247 4700 2430 4746 tacent
2492 4689 2857 4758 impietatem;
2911 4700 3066 4755 ωτιυο
3121 4687 3263 4740 enim
3316 4684 3496 4738 animo

219 4809 314 4845 ται
346 4789 457 4862 γὰρ
484 4789 910 4860 δυσφημούντων
945 4789 1254 4855 ἀκούοντες,
1300 4788 1392 4843 καί
1431 4808 1512 4844 τοι
1555 4791 1812 4864 πλείστην

1924 4784 2310 4839 maledicentes
2356 4780 2604 4846 audiunt,
2654 4793 2776 4834 cum
2821 4791 2915 4833 eos
2962 4777 3331 4846 maximopere
3366 4790 3498 4831 con-

221 4887 359 4954 ’ὅσην
402 4882 708 4952 ὀφείλοντες
737 4882 837 4952 τὴν
867 4884 987 4935 κατ’
1018 4882 1197 4936 αὐτῶν
1231 4882 1505 4936 ποιεῖσθαι
1532 4884 1814 4956 κατάρρη-

1920 4874 2182 4929 deninare
2234 4874 2485 4928 debeant.
2533 4870 2831 4938 Participes
2884 4868 3048 4939 igitur
3099 4876 3259 4922 erunt
3303 4880 3491 4920 eorum

220 4992 328 5030 σιν.
369 4973 673 5041 Μεθέξουσι
715 4972 780 5044 δὴ
824 4968 915 5026 οὖν
956 4974 1057 5042 τῆς
1099 4973 1308 5027 ἑαυτῶν
1338 4974 1689 5044 συμϐουλίας,
1723 4976 1813 5028 καὶ

1918 4967 2154 5032 consilii,
2208 4974 2261 5020 ct
2318 4963 2625 5034 iniquitatis
2673 4961 2885 5014 fructus
2923 4966 3146 5013 nictent.
3199 4957 3495 5012 Comedent

218 5062 352 5123 τοὺς
381 5061 483 5129 τῆς
524 5059 737 5121 ἀδικίας
769 5058 1074 5129 ὲκθεριοῦσι
1109 5061 1376 5130 καρπούς.
1408 5063 1678 5131 Φάγονται
1707 5064 1811 5133 γὰρ

1917 5058 2058 5111 enim
2100 5057 2412 5110 mendacem
2451 5055 2711 5116 fructum,
2743 5052 2983 5121 Spuriam
3024 5059 3080 5105 et
3106 5048 3492 5118 explodendam

218 5151 418 5221 ψευδῆ,
448 5150 610 5219 νόθην
640 5151 733 5202 καὶ
760 5150 1063 5220 ἀπόϐλητον
1116 5151 1395 5223 δεχόμενοι
1425 5152 1647 5221 γνῶσιν,
1674 5152 1811 5204 διδα-

1915 5145 2199 5199 scientiam
2256 5144 2644 5212 suscipientes,
2686 5140 3051 5205 docentesque
3100 5147 3384 5203 perversa,
3439 5141 3492 5189 et

221 5242 484 5312 σκόμενοί
518 5259 576 5294 τε
608 5241 677 5294 τὰ
702 5241 1130 5311 διεστραμμένα,
1161 5244 1256 5295 καὶ
1297 5244 1398 5296 ὅσα
1426 5243 1524 5314 τῆς
1560 5241 1814 5312 ἀληθείας

1916 5239 2110 5310 quibus
2142 5236 2388 5291 veritatis
2432 5232 2893 5303 pulchritudinem
2944 5226 3255 5283 adulterare
3292 5240 3492 5281 conan-

216 5336 282 5388 τὺ
311 5335 509 5397 κάλλος
542 5333 986 5403 παραχαράττειν
1024 5333 1445 5404 ὲπιχειρεῖ.“οτι
1488 5333 1545 5386 δὲ
1588 5334 1681 5386 καὶ
1717 5334 1809 5385 αὑ-

1918 5342 2024 5386 tur.
2070 5328 2240 5383 Porro
2275 5338 2329 5382 et
2375 5328 2586 5381 illorum
2637 5324 3007 5381 fortitudinem
3062 5319 3172 5373 Deo
3217 5327 3493 5373 evertente

218 5424 331 5477 τῶν
376 5424 529 5476 πᾶσα
584 5426 830 5474 πεσεῖται
872 5421 1119 5491 δύναμις,
1150 5423 1284 5475 Θεοῦ
1319 5422 1807 5494 καταστρέφοντος,

1917 5435 2199 5485 casuram,
2257 5429 2311 5473 et
2368 5420 2420 5473 in
2482 5428 2689 5486 pestem
2750 5423 2915 5484 atque
2964 5409 3190 5467 exitium
3249 5409 3489 5465 abituros

223 5513 539 5584 οἰχήσονται
574 5510 631 5561 δὲ
664 5510 755 5562 καὶ
779 5512 858 5572 εἰς
892 5510 1112 5580 ὄλεθρον
1169 5512 1263 5564 καὶ
1285 5510 1581 5565 ἀπώλειαν.
1607 5510 1721 5574 πῶς
1745 5511 1810 5564 ἂν

956 5510 1112 5580 εθρον
1169 5512 1263 5564 καὶ
1285 5510 1581 5565 ἀπώλειαν.
1607 5510 1721 5574 πῶς
1745 5511 1810 5564 ἂν
1920 5510 2274 5566 dubitandum
2306 5524 2408 5563 non
2445 5515 2544 5562 est.

203 5604 519 5658 ’ἐνδοιάσειέ
552 5620 635 5664 τις
657 5619 670 5663 ;

290 5700 309 5727 τ
335 5699 512 5752 Exod.
549 5712 638 5760 xx,
668 5698 720 5750 5.
797 5696 1012 5751 διιενίι.
1050 5711 1196 5764 xxvr,
1237 5697 1285 5750 l.
