4034 6270
512 326 619 384 259

1535 317 1592 373 S.
1636 316 1914 373 CYRILLI
1955 311 2423 372 ALEXANDRINI
2466 311 2787 370 ARCHIEP.

3679 314 3792 370 260

584 445 751 503 Vsus.
791 444 880 507 Η,
917 443 1002 498 15.
1056 439 1203 496 Sicut
1250 434 1487 506 princeps
1525 433 1812 490 Salmanac
1840 439 1905 491 de
1942 435 2096 490 domo

2281 434 2377 502 ’.Ως
2411 434 2616 505 ἅρχων
2660 435 2983 504 Σαλμανὰκ
3017 435 3085 489 ἐκ
3114 433 3223 490 τοῦ
3255 431 3428 490 οἶκου
3467 433 3576 490 τοῦ
3620 433 3800 504 Ἰερο-

514 538 825 605 Hierobaal,
877 539 935 590 in
974 534 1155 588 diebus
1199 529 1316 584 belli
1362 537 1584 582 matrem
1621 543 1779 596 super
1803 528 1943 596 ﬁlios
1985 528 2098 584 solo

511 631 711 696 οἰκεία
738 629 811 683 sic
844 627 1041 696 faciam
1064 624 1224 690 vobis,
1253 622 1438 675 domus
1462 619 1656 685 Israel,
1683 636 1716 673 a
1744 620 1880 690 [acie
1904 621 2099 691 iniqui-

513 724 639 778 tatis
667 721 1020 792 nequitiarum
1050 727 1367 773 vestrarum.

581 810 820 867 CXXIII.
868 808 926 864 In
978 810 1116 863 libro
1163 805 1412 862 Judicum
1466 804 1736 866 refertur.
1795 805 2097 861 declinasse

510 899 676 956 Israel
744 907 866 968 post
920 897 1123 951 Baalim
1171 895 1480 965 aliquando.
1534 894 1654 961 Quo
1710 893 1912 948 scelere
1969 910 2093 948 cum

513 991 679 1047 Deum
729 990 1101 1053 oll'endissent,
1141 986 1325 1041 traditi
1373 993 1496 1040 sunt
1550 986 1603 1041 in
1647 1000 1839 1041 manus
1884 984 2094 1040 Madian

511 1086 581 1140 ad
642 1084 980 1151 septenniqu
1029 1084 1320 1152 integrum.
1365 1082 1516 1136 Adeo
1575 1089 1753 1135 autem
1803 1077 2097 1134 inclemen-

513 1182 596 1230 tes
658 1173 912 1229 dominos
961 1179 1272 1237 senserunt,
1327 1179 1387 1225 ut
1432 1170 1596 1248 etiam
1653 1179 1807 1224 antra
1856 1176 1910 1224 et
1971 1183 2097 1237 spe—

514 1266 704 1320 luncas
748 1264 1103 1329 habitarent,
1149 1270 1205 1318 et
1248 1264 1300 1318 in
1357 1277 1451 1316 eas
1501 1277 1562 1317 se
1607 1261 1902 1326 abdentes,
1956 1274 2099 1330 aegre

514 1361 680 1414 vitam
711 1364 1016 1418 tuerentur,
1052 1354 1406 1423 locorumque
1429 1352 1774 1409 diliicultates
1800 1368 1899 1424 pro
1926 1354 2098 1408 muris

515 1467 609 1507 seu
653 1449 1073 1521 propugnaculis
1118 1447 1479 1515 obiectarent,
1525 1447 1667 1515 quod
1715 1444 1946 1501 faustam
1996 1461 2097 1515 pu-

513 1556 672 1612 gnam
700 1542 919 1595 oumino
950 1539 1366 1608 desperarent’.
1395 1537 1754 1608 Cuntingebat
1781 1537 1943 1608 igitur
1966 1552 2098 1593 con-

514 1644 803 1689 currentes
851 1646 974 1686 cum
1032 1630 1341 1685 Madianitis
1390 1629 1684 1684 crudeliter
1731 1629 1987 1694 interﬁci,
2040 1637 2099 1684 ut

513 1741 636 1777 eum
667 1723 879 1777 miseris
914 1723 1179 1775 matribus
1208 1719 1441 1775 infantes
1466 1735 1681 1791 quoque
1710 1722 1856 1776 omni
1883 1721 2094 1778 sublata

2203 526 2378 592 ϐαὰλ,
2410 523 2480 581 ἐν
2528 525 2777 596 ἡμέραις
2821 525 3090 596 πολέμου
3138 525 3361 595 μητέρα
3414 526 3515 581 ἐπὶ
3561 526 3803 595 τέκνοις

2200 619 2483 690 ὴδάφισε³
2511 620 2702 687 οὕτως
2732 618 2967 687 ποιήσω
2991 619 3154 690 ὑμῖν,
3190 620 3356 686 οἶκος
3375 619 3483 675 τοῦ
3517 619 3800 690 Ἰσραὴλ,

2201 710 2322 766 ἀπὸ
2358 710 2686 780 προσώπου
2708 710 2946 777 ἀδικίας
2973 710 3200 765 κακιῶν
3235 710 3423 782 ὑμῶν.

2271 803 2445 858 PKI".
2497 804 2588 856 Ἐν
2636 805 2701 874 τῇ
2739 802 2909 875 βίϐλῳ
2941 803 3253 876 γέγραπται
3295 803 3404 858 τῶν
3444 803 3689 875 Κριτῶν,
3725 803 3805 868 ὡς

2201 890 2441 956 ἐξέκλινε
2465 891 2564 962 μὲν
2592 894 2621 946 ὁ
2652 891 2870 966 Ἰσραὴλ
2895 892 3074 946 ὀπίσω
3099 892 3346 963 Βααλεὶμ
3376 892 3525 966 κατὰ.
3541 893 3801 964 καιρούς,

2200 982 2472 1056 Ταύτῃτοι
2502 983 2621 1054 Θεῷ
2654 962 3158 1057 προσκεκρούκασι.
3186 962 3589 1054 Παραδέδονται
3703 989 3804 1041 καὶ

2166 1122 2167 1125 η
2201 1073 2282 1136 εἰς
2310 1075 2501 1144 χεῖρας
2536 1074 2805 1145 Μαδιάμ,
2824 1074 2913 1143 ἐφ’
2937 1073 3081 1138 ὅλοις
3114 1073 3292 1128 ἔτεσιν
3318 1074 3479 1129 ἑπτά.
3497 1075 3709 1147 Ἀπηνῆ
3741 1078 3803 1133 δὲ

2199 1161 2372 1226 οὕτως
2430 1164 2886 1236 ὑπομεμενήκασι
2938 1166 3040 1235 τὴν
3088 1167 3152 1220 ἐκ
3209 1166 3320 1221 τῶν
3371 1168 3800 1239 κεκρατηκότων

2201 1253 2537 1320 πλεονεξίαν,
2567 1255 2645 1319 ὼς
2671 1255 2773 1328 ἤδη
2826 1256 2922 1311 καὶ
2955 1257 3163 1328 πέτρας
3191 1259 3362 1312 οἰκεῖν
3392 1259 3489 1313 καὶ
3524 1259 3798 1324 σώζεσθαι

2203 1346 2376 1418 μόλις,
2422 1349 2481 1400 ἐν
2532 1348 2723 1412 αὐταῖς
2768 1349 3223 1420 καταδυομένους,
3276 1352 3371 1404 καὶ
3425 1353 3798 1425 προτείχισμα

2199 1437 2469 1492 ποιεῖσθαι
2500 1438 2599 1503 τάς
2631 1437 2957 1509 δυσχωρίας,
2989 1435 3078 1493 διά
3109 1457 3193 1494 τοι
3223 1438 3284 1493 τὺ
3323 1440 3603 1506 παντελῶς
3634 1444 3799 1499 ἀπει-

2197 1528 2321 1583 πεῖν
2364 1530 2503 1602 πρὸς
2537 1532 2739 1602 μάχην.
2773 1532 3098 1603 Συμδέϐηκε
3139 1533 3319 1586 τοίνυν
3347 1532 3515 1606 ὠμῶς
3548 1536 3797 1609 ἀναιρεῖ-

2199 1619 2325 1674 σθαι
2364 1621 2491 1685 τοὺς
2528 1622 2902 1691 ἐμπίπτοντας
2946 1624 3060 1685 τοῖς
3106 1623 3482 1695 Μαδιηναίοις,
3514 1623 3660 1693 ὥστε
3698 1627 3796 1681 καὶ

2198 1712 2412 1776 ἀθλίαις
2441 1712 2683 1784 μητράσι
2733 1713 3136 1769 συνδιόλλυσθαι
3177 1714 3368 1781 τέκνα,
3402 1717 3619 1786 φειδοῦς
3658 1719 3797 1773 ἀπά-

515 1813 890 1867 misericordia
922 1813 1182 1882 perirent.
1213 1811 1414 1866 Eorum
1441 1811 1714 1880 principes
1746 1822 1904 1868 erant
1931 1812 2096 1878 Oreb,

2204 1820 2304 1875 σης
2333 1801 2918 1878 ἐξῃρημένης.Ἧρχον
2949 1806 3004 1860 δὲ
3033 1807 3214 1867 αὐτῶν
3244 1807 3411 1881 Ὠρήσ
3439 1826 3500 1864 τε
3535 1811 3633 1864 καὶ
3656 1810 3792 1880 Ζὴό,

515 1914 565 1957 et
608 1903 807 1966 Zeh“,
842 1913 897 1957 et
923 1902 1118 1963 Zebee.
1165 1911 1219 1958 et
1258 1899 1600 1957 Salmana“.
1644 1902 1966 1957 Perduravit
1999 1918 2098 1956 an-

518 2004 622 2047 tem
651 1994 954 2059 calamitas,
987 1994 1159 2049 donec
1188 2008 1555 2048 aerumnosum
1585 1991 1835 2047 lsraelem
1871 1992 2100 2047 misera-

518 2096 602 2140 tus
636 2087 796 2152 Deus,
827 2086 1087 2140 excitavit
1122 2084 1455 2151 Gedeoncm,
1495 2086 1584 2154 qui
1617 2093 1670 2139 et
1704 2101 1730 2136 a
1765 2094 1917 2154 patre
1951 2092 2006 2140 et
2033 2085 2100 2139 ab

515 2174 783 2246 indigenis
821 2174 927 2230 alio
976 2178 1196 2231 nomine
1239 2177 1413 2232 dictus
1467 2185 1550 2231 est
1602 2174 1913 2255 Hierobaal,
1941 2174 2098 2247 155

514 2269 587 2324 ob
626 2284 843 2324 causam
896 2269 1223 2325 istiusmodi.
1265 2269 1398 2325 Cum
1442 2269 1490 2324 ei
1545 2267 1689 2325 Deus
1736 2284 1835 2339 per
1878 2270 2099 2326 oracula

515 2359 759 2427 angelica
807 2362 878 2413 ita
921 2362 1295 2429 praecepisset,
1342 2374 1493 2416 aram
1534 2358 1665 2415 Baal
1713 2361 2001 2426 destruxit,
2045 2369 2100 2415 et

517 2446 695 2502 lucum
748 2447 867 2519 eius
906 2449 1157 2516 succidit,
1192 2449 1353 2518 idque
1404 2449 1544 2504 clam
1589 2459 1645 2506 et
1686 2461 1873 2507 noctu.
1904 2450 2101 2507 Incolae

401 2595 407 2599 ,
515 2538 757 2608 oppiduli
789 2537 876 2594 ubi
910 2540 1085 2610 primo
1119 2539 1355 2596 diluculo
1380 2541 1554 2597 sacris
1578 2556 1677 2611 pro
1707 2557 1863 2598 more
1896 2542 2100 2599 facien-

519 2630 602 2683 dis
629 2630 695 2685 ad
735 2644 925 2684 nemus
957 2636 1366 2693 convenerunt,
1405 2630 1587 2699 ibique
1638 2629 1768 2684 Baal
1807 2638 1861 2685 et
1905 2645 2100 2686 nemus

517 2736 679 2790 super
711 2736 834 2774 eum
886 2720 1133 2791 illapsum
1180 2728 1601 2789 conspexerunt.
1662 2721 1785 2776 inde
1829 2719 2101 2776 Gedeonis

517 2817 756 2869 studium
795 2830 923 2883 erga
961 2815 1129 2870 Deum
1170 2814 1547 2883 conjicientes,
1581 2814 1756 2870 eidem
1800 2813 1963 2885 hujus
2018 2813 2095 2868 rei

518 2920 737 2960 causam
791 2906 1187 2975 ascripserunt.
1237 2904 1443 2959 Deinde
1491 2914 1761 2959 convento
1791 2904 1910 2975 ejus
1950 2913 2103 2974 patre

520 2996 818 3051 dixerunt:
851 3015 871 3048 ι
909 2996 983 3049 Da
1025 2994 1183 3050 nobis
1230 2994 1398 3049 lilium
1460 3005 1632 3059 tuum,
1681 3003 1741 3047 ut
1791 2993 2101 3049 occidamus

520 3104 668 3147 eum.
700 3088 827 3157 quia
864 3087 1135 3142 destruxit
1168 3085 1298 3141 Baal
1322 3086 1389 3141 “.
1419 3104 1437 3137 ι
1480 3085 1561 3139 Ad
1597 3085 1714 3140 haec
1751 3084 1839 3140 llle
1867 3103 1881 3139 :
1917 3104 1936 3137 ι
1965 3081 2099 3140 Num

517 3195 639 3243 vos,
677 3178 874 3248 inquit,
909 3178 1235 3234 ulciscimiui
1278 3176 1442 3232 Baal?
1471 3179 1514 3233 si
1549 3178 1692 3233 Deus
1720 3187 1825 3240 εει,
1863 3175 2099 3232 ulcisca-
2128 3154 2170 3212 θ

520 3283 609 3327 ιιιι·
646 3287 706 3326 se
750 3272 817 3326 de
853 3286 917 3327 eo
955 3271 1045 3341 qui
1094 3271 1366 3326 destruxit
1404 3270 1553 3324 illum
1581 3269 1646 3321 ι’.
1678 3288 1698 3320 ι
1734 3268 1858 3323 lude
1903 3282 2101 3337 cogno-

521 3378 643 3418 men
672 3361 873 3416 mansit
900 3359 1139 3416 Gedconi
1183 3360 1472 3415 Hierobaal
1505 3378 1518 3414 :
1546 3361 1689 3429 quod
1739 3369 1916 3421 sonat,
1965 3376 1985 3409 ι
2017 3357 2100 3412 ul-

519 3456 757 3509 ciscatur
806 3467 865 3508 se
912 3453 1062 3508 Baal.
1092 3471 1109 3504 »
1172 3453 1325 3508 Sicut
1371 3453 1535 3524 igitur
1579 3451 1858 3514 Salmana,
1903 3451 2096 3519 inquit.

518 3546 937 3603 Madianitarum
969 3550 1098 3612 dux,
1135 3548 1204 3602 de
1243 3547 1402 3600 domo
1437 3544 1733 3608 Gedeonis,
1770 3543 1886 3597 sive
1920 3542 2102 3596 lliero-

517 3640 639 3696 baal
676 3648 907 3695 matrem
944 3655 1066 3695 cum
1100 3638 1227 3695 Iiliis
1264 3639 1467 3705 allisit;
1505 3638 1695 3693 eodem
1737 3635 1896 3690 modo
1935 3635 2102 3706 Assy-

519 3731 726 3787 riorum
751 3730 856 3786 dux
900 3728 1161 3785 atrociter
1195 3738 1251 3784 et
1292 3728 1623 3791 immaniter,
1657 3727 1904 3796 citraque
1937 3725 2098 3779 ullam

519 3824 948 3880 misericordiam
992 3821 1131 3877 bello
1167 3837 1263 3877 vos
1296 3820 1570 3887 tractabit,
1610 3828 1947 3889 matremque
1977 3832 2099 3872 cum

518 3914 735 3979 liberis~
758 3915 962 3969 allidet.
1013 3913 1278 3967 Evenient
1317 3922 1497 3966 autem
1535 3912 1688 3967 vobis
1732 3913 1832 3966 ista
1879 3921 2104 3980 propter

520 4004 792 4074 nequitias
837 3988 1068 4058 vestras.
1120 4001 1280 4056 Punit
1321 4002 1466 4057 enim
1529 4016 1635 4056 non
1685 4010 1888 4056 temere
1920 4000 2102 4068 justus

512 4094 680 4164 judex
711 4095 1088 4149 universorum
1127 4093 1308 4161 Deus;
1343 4092 1436 4149 sed
1469 4093 1513 4149 si
1555 4092 1697 4147 ultra
1730 4092 1948 4148 modum
1979 4107 2102 4147 sese

517 4186 907 4241 oﬂ'eudcntium
981 4185 1180 4241 delicta
1246 4183 1627 4252 perrexerint,
1699 4193 1826 4239 tunc
1885 4183 2099 4238 demum

521 4278 693 4332 iratus
734 4292 831 4347 pro
875 4277 1125 4344 portione
1169 4275 1495 4346 supplicium
1549 4275 1776 4346 irrogat.
1828 4275 1884 4330 Si
1937 4275 2102 4348 igitur

519 4385 838 4425 aversamur
872 4370 1031 4432 iram,
1077 4383 1177 4438 par
1220 4380 1304 4425 est
1340 4369 1546 4439 utique,
1583 4384 1682 4426 nos
1714 4370 1879 4426 etiam
1910 4384 2102 4440 pecca-

522 4469 632 4514 tum
686 4457 927 4513 aversari
1010 4464 1066 4511 et
1140 4454 1284 4510 nolle
1337 4456 1575 4513 divinam
1648 4458 2104 4528 mitissimamque

520 4563 768 4607 naturam
805 4552 872 4607 ad
906 4550 1333 4621 indignationem
1362 4553 1510 4605 velut
1544 4565 1829 4617 exacuere,
1859 4561 1911 4607 et
1940 4550 2100 4606 forsi-

521 4653 611 4699 tan
654 4645 880 4698 invitam
909 4657 1124 4715 quoque
1159 4643 1425 4700 scelerum
1458 4644 1679 4699 diritate
1710 4644 1816 4698 huc
1856 4642 2094 4713 adigere.

520 4735 816 4791 Sciendum
841 4745 1022 4789 autem
1046 4744 1485 4808 antegressorum
1508 4737 1916 4807 explanatorum
1931 4753 2097 4808 quos-

519 4827 641 4882 dam
686 4825 951 4890 scribere,
1002 4841 1108 4881 non
1164 4827 1462 4897 principem
1513 4827 1928 4883 Madianitarum
1976 4828 2098 4883 Sal-

519 4933 679 4974 mana
712 4927 942 4973 matrem
970 4932 1092 4974 cum
1128 4917 1253 4974 [iliis
1279 4918 1509 4976 allisisse
1537 4934 1568 4975 e
1596 4918 1757 4975 domo
1782 4918 2093 4987 Ilicrobaal,

516 5013 633 5068 sive
664 5011 829 5068 Israel
864 5009 918 5082 (a
974 5012 1206 5069 ducibus
1258 5013 1403 5069 enim
1462 5013 1733 5069 interdum
1773 5013 2098 5071 universitas

515 5100 901 5171 significatur).
957 5104 1051 5158 sed
1093 5113 1278 5158 contra
1327 5104 1508 5174 potius
1559 5102 1614 5158 in
1648 5103 1809 5159 domo
1844 5102 2096 5158 Salmana

515 5191 822 5249 Gedeouem
863 5194 1103 5263 allisisse
1138 5203 1366 5249 matrem
1398 5210 1522 5250 cum
1575 5194 1779 5251 liberis.
1824 5193 1929 5251 Sed
1980 5210 2100 5250 me-

519 5283 620 5338 lius
652 5295 707 5339 et
755 5286 1170 5342 convenientius
1221 5286 1405 5351 fuerit,
1454 5287 1530 5341 uti
1569 5300 1713 5354 reor,
1758 5286 1892 5342 illud
1933 5300 2095 5357 quam

519 5371 679 5427 istuc.
735 5373 891 5432 Sicut
953 5379 1098 5433 enim
1163 5387 1407 5448 tempore
1456 5379 1582 5445 illo,
1637 5394 1745 5449 quo
1806 5379 1972 5435 Israel
2028 5378 2094 5434 ad

521 5458 732 5515 Baalim
765 5465 1075 5535 declinavit,
1109 5470 1248 5538 apud
1291 5484 1385 5523 cos
1417 5468 1511 5523 11111
1541 5484 1664 5524 cum
1698 5470 1963 5525 matribus
2001 5484 2098 5540 per

522 5566 713 5606 manus
761 5555 1190 5626 alienigenarum
1250 5562 1388 5617 allisi
1436 5572 1563 5616 sunt
1612 5580 1625 5617 :
1678 5563 1757 5618 sic
1816 5572 1870 5617 et
1922 5578 2095 5629 nunc,

597 5725 808 5783 ’Jndic.
845 5746 913 5798 γι,
950 5732 996 5796 1,
1027 5733 1082 5787 2.
1165 5737 1206 5767 ¹⁰
1231 5735 1407 5793 Jndic.
1439 5754 1534 5792 vn.
1572 5738 1662 5793 23.

2199 1896 2295 1950 καὶ
2325 1894 2511 1961 Ζεϐεέ,
2536 1898 2630 1952 καὶ
2653 1898 2936 1971 Σαλμανά.
2968 1892 3328 1971 Παρετείνετο
3353 1899 3411 1954 δὲ
3440 1901 3510 1956 τὰ
3531 1903 3631 1974 τῆς
3653 1919 3796 1975 συμ-

2200 1990 2372 2061 φορᾶς
2421 1991 2583 2061 ἄχρις
2629 1991 2697 2046 ἂν
2745 1992 3126 2064 κατοικτείρας
3172 1992 3304 2059 Θεδς
3336 1992 3796 2066 ταλαιπωροῦντα

2198 2081 2290 2135 τὸν
2305 2082 2542 2155 Ἰσραὴλ,
2576 2082 2767 2156 ἧγειρε
2790 2082 2880 2140 τὸν
2900 2085 3129 2151 Γεδεὼν,
3162 2084 3220 2152 ὃς
3244 2087 3340 2141 καὶ
3371 2087 3797 2160 μετωνόμασται

2199 2178 2354 2248 παρά
2397 2196 2458 2232 τε
2504 2179 2600 2233 τοῦ
2646 2179 2851 2252 πατρὸς
2899 2180 2993 2235 καὶ
3036 2179 3146 2237 τῶν
3196 2182 3480 2256 ἐγχωρίων
3512 2182 3797 2255 Ἱεροϐάαλ

2198 2267 2266 2321 δι’
2291 2268 2472 2322 αἰτίαν
2514 2269 2791 2339 τοιαύτην.
2838 2271 3163 2342 Χρήσαντος
3212 2272 3311 2342 μὲν
3356 2273 3467 2347 γὰρ
3504 2273 3656 2346 αὐτῷ
3691 2273 3795 2329 τοῦ

2198 2357 2336 2412 Θεοῦ
2388 2359 2476 2414 διὰ
2527 2360 2713 2433 φωνῆς
2759 2361 3017 2432 ἀγγέλου,
3052 2362 3271 2418 καθεῖλε
3316 2365 3416 2435 τὴν
3460 2365 3661 2437 στήλην
3694 2365 3795 2420 τοῦ

2199 2449 2370 2514 Βάαλ,
2414 2452 2512 2506 καὶ
2538 2452 2601 2508 τὸ
2630 2453 2795 2518 ἄλσος
2819 2453 2985 2508 αὐτοῦ
3015 2453 3240 2526 ἐξέκοψε
3267 2454 3567 2529 λεληθότως
3593 2456 3689 2511 καὶ
3733 2458 3797 2511 ἐν

2199 2543 2376 2597 νυκτί.
2395 2544 2613 2616 Ἐπειδὴ
2646 2545 2705 2599 δὲ
2731 2547 2782 2600 oi
2817 2549 2917 2618 τῆς
2959 2547 3222 2619 πολίχνης
3263 2549 3548 2623 οἰκήτορες
3573 2550 3642 2605 τὰ
3666 2567 3799 2605 συν·

2180 2632 2310 2708 ’ήθη
2337 2635 2675 2708 πληροῦντες
2702 2637 2807 2692 ὑπὸ
2833 2637 2934 2711 τὴν
2975 2638 3051 2694 ἕω
3085 2640 3500 2708 σπουδάζοντες,
3536 2642 3798 2715 παρῆσαν

2201 2728 2260 2783 ἐν
2306 2728 2385 2800 τῷ
2440 2730 2679 2801 τεμένει,
2707 2730 2802 2785 καὶ
2854 2734 3300 2805 κατεῤῥιμμένον
3363 2734 3647 2790 τεθέανται
3697 2734 3800 2791 τδν

2204 2817 2375 2879 Βάαλ,
2414 2821 2509 2874 καὶ
2555 2820 2647 2874 τὸν
2692 2821 2899 2893 δρυμὸν
2931 2824 3016 2876 ἐπ’
3046 2823 3196 2896 αῦτῷ
3250 2826 3603 2893 πεπτωκότα,
3656 2846 3800 2883 κατ-

2201 2910 2557 2982 εστοχάζοντο
2580 2914 2680 2984 τῆς
2702 2910 2798 2967 τοῦ
2821 2914 3032 2970 Γεδεὼν
3064 2916 3164 2989 ἤδη
3202 2917 3500 2989 φιλοθεῖας,
3524 2920 3620 2974 καὶ
3643 2921 3803 2994 αὐτῷ

2200 2998 2296 3057 τοῦ
2341 3001 2668 3074 πράγματος
2712 3003 3031 3077 ἐπέγραφον
3063 3008 3161 3071 τὰς
3195 3008 3396 3073 αἰτίας.
3430 3006 3566 3064 Εἶτα
3617 3029 3799 3085 προσ-

2202 3091 2374 3164 ῄεσαν
2406 3093 2484 3164 τῷ
2515 3096 2704 3167 πατρὶ,
2740 3094 3029 3164 λέγοντες)
3068 3116 3088 3148 ι
3117 3098 3216 3162 Δὸς
3249 3099 3341 3153 τὸν
3394 3100 3511 3154 υίόν
3558 3119 3681 3170 σου,
3708 3103 3799 3159 ἴνα

2202 3183 2615 3257 ἀποκτείνωμεν
2661 3185 2846 3250 αὐτὸν,
2880 3187 2961 3241 ὅτι
3007 3186 3222 3243 καθεῖλε
3259 3188 3351 3243 τὸν
3389 3189 3559 3245 Βάαλ.
3595 3210 3615 3244 ι
3648 3192 3798 3266 Πρὸς

2201 3272 2374 3328 ταῦτα
2423 3276 2665 3341 ἐκεῖνος·
2726 3296 2747 3331 ι
2776 3278 2869 3350 Μὴ
2912 3279 3091 3351 ὑμεῖς,
3122 3280 3310 3353 φησιν,
3340 3282 3663 3354 ἐκδικήσετε
3703 3286 3797 3342 τὸν

2202 3364 2384 3433 Βάαλς
2434 3369 2483 3421 εἰ
2524 3370 2659 3433 Θεός
2688 3370 2828 3439 ἐστι,
2856 3371 3173 3427 δικασάσθω
3201 3375 3340 3448 πρὸς
3374 3374 3465 3430 τὸν
3491 3377 3791 3436 καθελόντα

2201 3459 2385 3515 αὐτόν.
2419 3480 2438 3513 ι
2486 3460 2799 3518 Κάντεῦθεν
2858 3463 3064 3520 Γεδεὼν
3126 3469 3545 3541 μετωνόμασται
3606 3473 3792 3530 λοιπὸν

2213 3550 2514 3622 Ἰεροδάαλ,
2547 3552 2576 3607 ὃ
2605 3552 3043 3627 διερμηνεύεται,
3086 3578 3106 3611 ι
3138 3562 3464 3617 Δικασάσθω
3502 3566 3532 3619 ό
3561 3564 3729 3622 Βάαλ.
3766 3587 3785 3621 ι

2201 3638 2419 3712 Ὠσπερ
2452 3637 2567 3707 οῦν,
2593 3644 2781 3713 φησὶν,
2809 3647 2838 3701 ὁ
2862 3645 3122 3717 Σαλμανὰ
3148 3651 3250 3721 τῆς
3278 3652 3628 3724 Μαδιηναίων
3646 3655 3785 3728 ,πλη-

2202 3730 2330 3796 θύος
2354 3735 2382 3787 ό
2409 3733 2843 3807 καθηγούμενος,
2876 3740 2941 3793 ἐκ
2974 3738 3067 3794 τοῦ
3100 3742 3251 3797 οῐκου
3287 3744 3513 3811 Γεδεὼν,
3543 3749 3665 3820 ἦτοι
3698 3748 3790 3803 τοῦ

2213 3825 2491 3897 Ἰεροδάαλ
2537 3828 2749 3901 μητέρα
2794 3831 2888 3884 ἐπὶ
2934 3833 3147 3899 τέκνοις
3187 3836 3449 3907 ὴδάφισε,
3492 3841 3586 3895 τὸν
3628 3843 3792 3899 αὐτὸν

2201 3918 2413 3974 τουτονὶ
2442 3922 2645 3992 τρόπον
2674 3921 2785 3975 τῶν
2820 3923 3119 3996 Ἀσσυρίων
3170 3929 3199 3982 ό
3251 3931 3556 4000 στρατηγὸς
3599 3932 3786 4005 ὠμῶς,

2201 4010 2297 4064 καὶ
2333 4012 2739 4084 ἀπανθρώπως,
2768 4018 2862 4070 καὶ
2893 4018 3182 4089 οἰκτιρμοῦ
3215 4022 3420 4086 παντὸς
3440 4022 3562 4095 δίχα
3591 4027 3790 4097 χρήσε-

2201 4120 2292 4159 ται
2343 4104 2565 4179 πολέμῳ
2614 4108 2693 4179 τῷ
2747 4109 2870 4163 καθ’
2898 4109 3071 4181 ὑμῶν,
3099 4112 3193 4167 καὶ
3218 4114 3432 4188 μητέρα
3459 4117 3558 4171 σὺν
3583 4119 3790 4184 τέκνοις

2202 4193 2432 4266 ἐδαφιεῖ.
2450 4200 2522 4251 Συ
2530 4198 2800 4272 μϐήσεται
2820 4200 2877 4255 δέ
2896 4205 3055 4258 ταυτὶ
3076 4204 3167 4258 διά
3184 4221 3250 4274 γε
3269 4204 3371 4271 τὰς
3390 4206 3419 4259 ὑ
3427 4207 3545 4278 μῶν
3568 4209 3787 4274 κακίας.

2202 4286 2438 4352 Κολάζέι
2463 4289 2573 4362 γὰρ
2598 4291 2659 4344 οὐ
2690 4291 2888 4364 μάτην,
2917 4293 3112 4366 κριτὴς
3134 4295 3210 4349 ὢν
3237 4296 3445 4363 δίκαιος
3472 4301 3502 4353 ό
3524 4300 3634 4353 τῶν
3656 4302 3790 4355 ὅλων

2202 4378 2354 4444 Θεός.
2372 4379 2512 4434 Ἀλλ’
2540 4383 2589 4434 εἰ
2617 4382 2918 4438 ἐκτείνοντο
2949 4384 3135 4442 λοιπὸν
3184 4388 3265 4451 εἰς
3297 4388 3359 4443 τὸ
3401 4390 3659 4445 ἐπέκεινα
3691 4392 3791 4462 μέ-

2203 4487 2332 4542 τρον
2350 4472 2419 4526 τὰ
2442 4471 2550 4526 τῶν
2580 4477 3104 4547 προσκεκρουκότων
3142 4478 3292 4552 αύτῷ
3319 4480 3789 4555 πλημμελήματα,

2205 4560 2327 4614 τότε
2371 4562 2651 4628 ἀναλόγως
2693 4565 2946 4638 ἐπιφέρει
2978 4568 3045 4624 τὰ
3087 4569 3148 4635 ἐξ
3175 4571 3362 4643 ὀργῆς.
3401 4570 3464 4628 Εἰ
3498 4574 3562 4647 δὴ
3594 4594 3796 4647 παραι-

2204 4652 2433 4723 τοίμεθα
2481 4654 2572 4710 τὸν
2618 4655 2810 4728 θυμὸν,
2861 4664 3227 4733 παραιτητέον
3277 4658 3336 4719 εὖ
3385 4665 3532 4736 μάλα
3580 4668 3676 4721 καὶ
3729 4669 3796 4723 τὸ

2208 4743 2570 4816 πλημμελεῖν,
2606 4751 2700 4802 καὶ
2728 4749 2788 4803 τὸ
2820 4753 2982 4806 οἱονεὶ
3007 4754 3341 4828 καταθήγειν
3369 4759 3453 4823 εἰς
3476 4759 3794 4833 ἀγανάκτη-

2208 4849 2293 4886 σιν
2315 4832 2414 4906 τὴν
2446 4835 2593 4890 θείαν
2612 4854 2673 4891 τε
2716 4840 2811 4893 καὶ
2838 4843 3204 4916 ἡμερωτάτην
3229 4845 3412 4915 φύσιν,
3439 4848 3584 4919 τάχα
3607 4849 3664 4902 δέ
3685 4832 3794 4904 που

2205 4925 2300 4981 καὶ
2344 4927 2444 4998 οὐχ
2488 4929 2722 4985 ἑκοῦσαν
2767 4933 2849 4997 εἰς
2878 4932 3037 4988 τοῦτο
3063 4936 3499 5003 καταϐιάζεσθαι
3533 4943 3655 5004 ταῖς
3682 4942 3798 4997 τῶν

2205 5019 2564 5090 πταισμάτων
2603 5022 3167 5095 ὑπερδολαῖς.’1στέον
3210 5030 3287 5093 δέ,
3329 5030 3411 5085 δτι
3442 5031 3554 5086 τῶν
3584 5034 3797 5105 προλα-

2205 5109 2408 5164 ϐόντων
2445 5111 2724 5185 ἐξηγητῶν
2746 5133 2911 5184 τινες,
2941 5117 3003 5170 οὐ
3035 5122 3127 5174 τὸν
3168 5120 3276 5175 τῶν
3306 5123 3660 5194 Μαδιηναίων
3689 5126 3799 5197 ἆρ-

2206 5219 2371 5273 χοντα
2396 5203 2658 5275 Σαλμανὰ
2684 5206 2897 5279 μητέρα
2943 5209 3038 5263 ἐπὶ
3081 5210 3292 5275 τέκνοις
3321 5212 3575 5282 ἐδαφίσαι
3604 5215 3799 5282 φασὶν,

2208 5294 2273 5348 ἐκ
2304 5293 2399 5349 τοῦ
2445 5294 2594 5354 οἴκου
2632 5297 2930 5369 ’1ερο6ἀαλ,
2964 5300 3085 5372 ἦτοι
3112 5301 3206 5356 τοῦ
3240 5303 3460 5374 Ἰσραὴλ
3504 5303 3656 5376 (ἀπὸ
3685 5304 3800 5377 γὰρ

2203 5385 2310 5439 τῶν
2339 5387 2662 5457 ἡγουμένων
2686 5390 2748 5443 τὸ
2780 5390 3003 5461 σύμπαν
3027 5392 3138 5447 ἔσθ’
3155 5395 3244 5448 ὅτε
3272 5396 3799 5467 κατασημαίνεταψ

2204 5477 2341 5531 ἀλλὰ
2371 5478 2573 5548 μᾶλλον
2602 5482 2660 5534 ἐν
2695 5480 2774 5552 τῷ
2797 5483 2928 5553 οἴκῳ
2958 5485 3219 5555 Σαλμανὰ
3253 5486 3345 5540 τὸν
3370 5487 3578 5541 Γεδεὼν
3603 5486 3799 5556 ἐδαφί-

2208 5584 2295 5622 σαι
2326 5570 2537 5643 μητέρα
2566 5572 2657 5625 ἐπὶ
2678 5572 2907 5637 τέκνοις.
2928 5575 3069 5628 Ἀλλ’
3093 5573 3243 5647 οἶμαι
3274 5581 3542 5649 κρεῖττον,
3572 5579 3667 5633 καὶ
3695 5578 3803 5647 τὴν

1745 5740 1782 5769 “
1813 5737 1991 5795 Judic.
2024 5757 2145 5811 vm,
2206 5744 2259 5800 5.
2338 5746 2383 5777 ¹³
2406 5744 2580 5803 Judic.
2618 5765 2692 5815 vi,
2726 5749 2815 5806 50.
2898 5753 2940 5784 ’³
2972 5753 3097 5807 ibid.
3130 5752 3216 5805 39.
