4034 6270
298 306 403 366 961
1234 309 1785 365 COMMENTARH'S
1822 309 1889 365 ΙΝ
1930 309 2165 368 OSEAM
2207 310 2627 368 PROPHETAM
3470 312 3582 371 269.

307 425 420 479 ἀπὸ
439 420 534 476 τοῦ
564 419 872 492 πρέποντος
897 420 1220 490 ἐπικουρίαν
1248 421 1371 492 ἔχον
1396 423 1460 477 ἂν
1483 425 1567 493 εἴη
1600 424 1721 493 οὐχ).
1748 424 1906 477 τοῦτο

2008 435 2290 496 postquam
2320 427 2387 481 ad
2432 423 2789 480 idololatriam
2826 423 3046 479 deflexit
3084 423 3366 495 Ephraim,
3402 426 3583 484 denuo

316 517 535 589 μᾶλλον,
573 513 714 567 ἀλλὰ
747 512 809 577 τὴ
839 511 1269 584 ἓτερον.Ὣσπερ
1300 514 1409 585 γὰρ
1453 518 1569 568 κατ’
1604 516 1778 568 ἐκεῖνο
1806 514 1901 568 τοῦ

2008 530 2110 587 per
2145 531 2341 571 manus
2384 517 2767 582 barbarorum,
2798 516 2901 570 hoc
2950 525 3037 570 est
3066 516 3441 587 Assyriorum,
3468 522 3583 574 nati

320 604 529 679 καιροῦ,
551 604 674 657 καθ’
698 605 758 657 δν
784 602 1152 674 προσκέκλιτο
1181 606 1296 667 τοῖς
1330 605 1570 676 Βαλαεὶμ
1599 608 1627 659 ὁ
1662 606 1898 677 Ἰσραὴλ,

2010 620 2133 660 cum
2169 607 2436 661 matribus
2466 607 2774 661 allideutur.
2807 606 2945 662 Puto
2990 608 3174 679 itaque
3201 610 3247 663 si
3281 610 3580 665 secundum

320 693 688 764 ἠδαφίσθησαν
741 694 872 763 παρ’
903 692 1090 755 αὐτοῖς
1137 693 1205 745 τά
1250 692 1417 747 τέκνα
1449 694 1718 764 μητράσιν
1761 696 1899 765 (ιμοῦ

2009 709 2228 771 sensum
2264 695 2429 749 verba
2477 697 2705 751 recitata
2764 698 3151 768 intelligamus,
3200 700 3341 770 quod
3386 700 3586 754 dicitur

320 784 403 837 διὰ
436 783 616 859 χειρὸς
671 782 1004 851 ἀλλοφύλων,
1046 783 1189 837 οὕτω
1223 787 1318 838 καὶ
1366 785 1463 838 νῦν
1503 786 1900 851 ἀπονεύσαντος

2008 785 2345 855 probabilius
2377 786 2512 849 fore,
2550 796 2604 839 et
2648 788 3063 844 similitudinem
3110 803 3290 846 rerum
3318 799 3581 854 veterum,

316 878 394 938 εἰς
419 876 838 946 εῑδωλολατρίαν
878 875 973 929 τοῦ
1017 877 1278 947 Ἐφραῖμ,
1320 877 1765 950 ἐδαφισθήσονται
1792 880 1900 933 πά·

2007 891 2064 933 ut
2094 895 2155 932 ex
2188 879 2441 949 imagine,
2477 881 2528 933 iit
2562 881 2961 936 recentioribus
2989 884 3162 952 magis
3190 884 3584 953 apparituram.

314 968 394 1018 λιν
427 967 514 1019 διὰ
560 968 743 1037 χειρὸς
816 967 1141 1039 Βαρῆἀρων,
1175 969 1422 1022 τουτέστι
1451 970 1562 1023 τῶν
1614 971 1936 1043 Ἀσσυρίων,
1963 970 2095 1042 ὁμοῦ
2125 973 2243 1033 ταῖς
2274 971 2574 1036 τεκούσαις
2604 973 2672 1026 τά
2699 974 3101 1043 γεγεννημένα.
3141 972 3312 1046 Οἶμαι
3360 975 3425 1046 δὴ
3463 970 3579 1041 οὖν,

313 1058 394 1110 ὅτι
420 1060 481 1110 τὸ
512 1060 742 1112 πιθανὸν
767 1061 795 1110 ὁ
821 1059 999 1126 λόγος,
1041 1060 1137 1111 καὶ
1182 1059 1279 1130 τὴν
1328 1061 1625 1132 ὁμοιότητα
1652 1063 1749 1135 τὴν
1775 1065 1849 1122 ὼς
1880 1063 1940 1127 ἐξ
1967 1064 2171 1125 εἰκόνος
2210 1063 2305 1130 τῆς
2331 1064 2568 1134 ἀρχαίας
2596 1066 2686 1116 ἐπὶ
2709 1066 2776 1117 τά
2805 1063 3045 1135 νεώτερα
3065 1063 3322 1119 διασώσει
3356 1065 3580 1136 μᾶλλον,

315 1153 364 1205 εί
395 1152 517 1222 τῇδε
548 1154 722 1204 νωῖτο
747 1152 854 1204 τῶν
883 1152 1261 1222 προκειμένων
1285 1155 1318 1222 ἠ
1352 1153 1609 1224 δύναμις.

914 1288 1164 1341 ΚΕΦΑᾹ.
1207 1289 1308 1342 IA'.

388 1401 644 1466 'Op0pov
713 1400 1150 1470 ἀπερῤἰφησιηι.
1212 1401 1523 1471 hatred/5:11
1598 1403 1896 1469 ,ϐασιλεὺς

328 1489 577 1557 Ἰσραήλ
587 1528 601 1543 .

385 1603 562 1656 ΡΚΔ’.
605 1604 669 1654 Ui
707 1602 882 1656 λοιποὶ
925 1603 1087 1657 πάλιν
1137 1604 1491 1675 έρμηνευταὶ,
1527 1606 1623 1659 καὶ
1666 1606 1772 1676 μὴν
1801 1607 1895 1660 καὶ

320 1690 709 1760 τῶνἘδραίων
728 1695 762 1762 ἡ
787 1693 1091 1764 συγγραφὴ,
1114 1693 1225 1758 vim
1268 1694 1359 1757 Ὧς
1377 1694 1569 1765 ὄρθρος
1587 1697 1897 1769 duraedira-

2564 1291 2721 1363 156
2744 1292 2895 1345 CAP.
2944 1290 3030 1345 XI.

2078 1408 2236 1458 Ὗιξιις.
2283 1408 2327 1457 l.
2371 1408 2526 1457 Mune
2574 1403 2794 1474 ιιι-(ἠιτιὶ
2847 1416 2984 1458 utut.
3046 1402 3319 1472 Projeclus
3369 1412 3442 1455 est
3488 1419 3581 1458 rex

2004 1495 2192 1550 Israel.

2070 1565 2299 1659 CXXIV.
2359 1600 2594 1655 Rursum
2628 1601 2809 1654 caeteri
2849 1602 3192 1670 interpretes,
3226 1602 3355 1672 quin
3384 1612 3437 1657 et
3476 1601 3582 1657 lle-

2005 1694 2150 1750 ιιι-ωτι
2221 1693 2492 1762 scriptura
2549 1690 2836 1744 manifeste
2890 1690 3113 1758 habent,
3181 1694 3369 1747 (sicut
3423 1708 3583 1749 mane

326 1795 448 1842 σαν,
473 1799 491 1830 ι
510 1780 794 1850 εἰρήκασιν
819 1782 1077 1851 ἐναργῶς,
1106 1782 1187 1845 τὸ,
1214 1777 1324 1836 οἷον
1343 1784 1416 1846 ὼς
1435 1786 1492 1837 ὲν
1516 1784 1682 1857 ὀλίγῳ
1712 1788 1906 1860 κομιδῇ

2011 1786 2256 1857 proiecti,
2289 1804 2305 1837 ι
2340 1799 2447 1853 quo
2488 1783 2798 1851 signiticant
2837 1785 3017 1851 quasi,
3053 1783 3250 1851 exiguo
3290 1784 3579 1839 admodum

327 1869 528 1940 καιρῷ,
552 1871 740 1941 ἧγουν,
769 1872 930 1938 ὀξέως
959 1874 1051 1926 καὶ
1074 1874 1340 1946 ἀμελλητὶ
1368 1876 1467 1946 τῆς
1494 1878 1630 1948 πρὸς
1665 1879 1796 1932 Θεὸν
1818 1881 1898 1932 oi—

330 1961 611 2032 κειότητος
657 1963 1110 2018 ἀποπεπτωκέναι
1156 1962 1245 2020 τὸν
1278 1967 1490 2038 Ἰσραὴλ
1518 2008 1532 2032 ,
1581 1968 1670 2022 διὰ
1712 1972 1900 2026 τούτου

336 2055 715 2125 σημαίνοντες.
749 2058 961 2128 Βραχὺς
1004 2059 1060 2112 δὲ
1092 2059 1230 2122 λίαν,
1256 2061 1285 2111 ὁ
1321 2060 1416 2113 τοῦ
1446 2061 1642 2133 δρθρου
1673 2064 1861 2134 καιρός
1881 2081 1896 2097 ο

330 2142 450 2212 ἅμα
477 2160 539 2197 τε
568 2146 680 2217 γὰρ
711 2147 934 2217 ἄρχεται
962 2148 1292 2220 διαυγασμοῦ
1317 2152 1416 2221 τῆς
1442 2152 1657 2222 ἡμέρας
1678 2154 1740 2207 τὸ
1765 2155 1898 2221 φῶς,

327 2236 424 2288 καὶ
451 2236 545 2289 τὸν
571 2237 768 2308 ὄρθρον
801 2240 1086 2308 ἐργάζεται
1107 2258 1121 2272 ’
1145 2241 1471 2312 ἀνασχόντος
1496 2260 1559 2311 γε
1592 2246 1701 2316 μὴν
1726 2245 1898 2314 ἡλίου,

324 2327 420 2379 καὶ
459 2327 685 2397 πρώτην
710 2329 902 2382 ἀκτῖνα
943 2332 1287 2402 προχέοντος,
1324 2334 1541 2388 λέλυται
1593 2336 1686 2389 καὶ
1726 2337 1904 2408 διελή-

321 2415 509 2470 λακεν.
553 2417 762 2472 Οὐκοῦν
808 2418 882 2482 ὡς
931 2420 1145 2491 ὄρθρος,
1175 2423 1474 2487 τουτέστιν,
1501 2427 1558 2478 ὲν
1601 2425 1766 2497 ὀλίγῳ
1806 2427 1903 2479 καὶ

322 2506 539 2575 βραχεῖ,
569 2507 664 2558 καὶ
700 2507 892 2577 κομιδῇ
926 2510 1344 2581 συνεσταλμένῳ
1371 2510 1563 2582 καιρῷ,
1588 2516 1700 2577 τοῖς
1737 2517 1902 2584 ἡγου-

321 2596 509 2665 μένοις
541 2595 678 2667 ὀμοῦ
708 2586 1297 2670 ωναπερρίφησαν.“ίῐ
1323 2604 1427 2674 γὰρ
1460 2604 1630 2668 οὕτως
1674 2607 1902 2676 συνήσο-

320 2701 446 2755 μεν,
475 2685 506 2755 ἦ
547 2685 667 2738 καθ’
691 2686 877 2756 ἕτερον
922 2688 1126 2757 τρόπον
1184 2692 1765 2762 μεταληψόμεθα.”οτε
1794 2696 1903 2768 γάρ

315 2777 433 2837 τοῖς
463 2774 823 2846 ἀνθρωπίνοις
852 2779 1184 2848 πταίσμασιν
1220 2780 1372 2835 οὔπω
1407 2784 1506 2846 τὰς
1534 2783 1684 2848 δίκας
1717 2786 1906 2854 ἐπιφέ-

319 2884 408 2939 ρει
456 2867 609 2931 Θεὸς,
642 2867 676 2937 ἢ
734 2870 1087 2940 μακροτέραν
1137 2875 1373 2926 ποιεῖται
1416 2875 1517 2943 τῆς
1561 2875 1904 2942 ἀνεξικακίας

311 2958 421 3029 τὴν
460 2958 792 3030 παράτασιν,
823 2958 882 3011 τὸ
907 2960 1134 3025 ἀπεικὸς
1160 2963 1332 3027 οὐδὲν,
1364 2967 1478 3028 τοῖς
1505 2966 1563 3019 ἐν
1591 2967 1744 3020 νυκτὶ
1775 2968 1905 3022 καθ-

312 3049 536 3103 εύδουσι
585 3051 946 3121 παρεικάζειν
991 3053 1174 3107 αὐτόν.
1222 3056 1332 3108 Καὶ
1371 3057 1501 3125 γοῦν
1548 3059 1598 3111 ei
1649 3061 1904 3130 μακάριοι

2004 1886 2268 1944 tempore,
2313 1875 2429 1927 sive
2464 1873 2739 1939 celeriter,
2794 1873 3041 1942 citraque
3086 1868 3294 1926 moram
3326 1872 3579 1929 lsraelem

2003 1968 2095 2020 Dei
2130 1966 2368 2019 amicitia
2400 1965 2670 2018 excidisse
2699 1981 2713 2017 :
2746 1971 2841 2041 est
2858 1964 3058 2031 quippe
3092 1964 3382 2018 admodum
3416 1965 3582 2019 breve

2004 2058 2327 2110 matutinum
2391 2064 2623 2123 tempus.
2680 2053 2855 2108 Simul
2908 2054 3053 2108 enim
3102 2054 3352 2108 diurnum
3399 2054 3579 2108 lumen

2004 2148 2309 2202 illuminare
2352 2147 2581 2211 incipit,
2644 2158 2803 2199 mane
2851 2153 3036 2208 creab;
3068 2144 3349 2200 exoriente
3399 2155 3580 2200 autem

2004 2238 2136 2304 sole,
2180 2245 2234 2291 et
2277 2238 2480 2307 primos
2530 2236 2710 2291 radios
2735 2235 3039 2304 iaculante,
3092 2251 3213 2290 mox
3265 2236 3485 2303 desinit,
3524 2245 3583 2292 et

2003 2330 2259 2398 praeterit.
2315 2329 2480 2399 Igitur
2531 2336 2589 2380 ut
2651 2342 2829 2393 mane,
2887 2327 2941 2380 itl
2992 2336 3100 2391 est,
3152 2328 3207 2379 in
3252 2327 3484 2392 modico,
3526 2333 3583 2382 et

2004 2421 2177 2484 brevi,
2228 2428 2282 2474 et
2338 2419 2684 2475 vehementer
2734 2426 2964 2484 angusto
3017 2426 3258 2486 tempore
3304 2430 3407 2469 una
3457 2431 3581 2470 eum

2004 2510 2338 2582 principibus
2384 2508 2608 2577 projecti
2657 2514 2804 2561 sunt.
2847 2507 2954 2559 Aut
2999 2507 3142 2560 enim
3189 2507 3268 2560 sic
3319 2504 3582 2573 intellige-

2005 2617 2155 2666 mus,
2211 2609 2305 2654 aut
2359 2599 2467 2652 alio
2519 2613 2679 2653 sensu
2737 2597 3088 2667 accipiemus.
3148 2597 3374 2663 Quando
3434 2601 3580 2652 en3m

2002 2693 2219 2763 ﬂagitiis
2257 2691 2510 2746 humanis
2559 2692 2795 2744 nondum
2846 2703 3037 2759 pinnas
3071 2688 3238 2743 infert
3280 2688 3440 2752 Deus,
3489 2699 3583 2742 aut

2006 2784 2349 2839 tolerantiam
2402 2782 2615 2851 longius
2657 2782 2925 2850 producit,
2976 2780 3110 2834 nihil
3154 2781 3315 2835 habet
3359 2780 3579 2834 absurdi

2006 2884 2171 2930 noctu
2204 2873 2597 2928 dormientibus
2626 2872 2800 2943 ipsum
2832 2871 3161 2941 comparari.
3217 2869 3580 2936 Quamobrem

2006 2966 2146 3021 beati
2178 2963 2457 3034 propheta:
2487 2962 2820 3016 multimodis
2848 2962 3243 3027 clamaverunt,
3278 2964 3379 3017 hoc
3404 2963 3579 3031 ipsum

2006 3057 2159 3112 nobis
2194 3056 2582 3125 significantes.
2621 3051 2887 3111 Jeremias
2925 3054 3067 3109 enim
3101 3054 3577 3123 sapientissimus:

236 3183 240 3186 ‹
314 3142 603 3212 προφῆται
656 3143 1056 3215 διακεκράγασι
1104 3146 1456 3219 πολυτρόπως
1489 3152 1640 3221 ἡμῖν,
1669 3152 1802 3205 αὐτὸ
1843 3152 1906 3223 δὴ

2016 3166 2034 3199 ι
2070 3145 2345 3216 Numquid
2377 3162 2482 3198 non
2515 3147 2645 3211 eris,
2690 3145 2884 3214 inquit,
2920 3145 3061 3198 sicut
3086 3147 3246 3199 homo
3280 3145 3579 3210 dormiens,

311 3230 481 3285 τοῦτο
511 3250 722 3304 καταση
732 3236 1037 3305 μαίνοντες.
1057 3237 1322 3308 Ἱερεμίας
1356 3240 1451 3307 μὲν
1475 3240 1584 3312 γὰρ
1604 3241 1635 3293 ὁ
1659 3240 1902 3311 σοφώτα-

308 3338 434 3386 τος,
470 3341 491 3375 ι
518 3316 610 3395 Μὴ
636 3324 753 3396 ἔσῃ,
784 3328 968 3396 φησὶν,
997 3326 1185 3397 ὥσπερ
1216 3329 1501 3399 ἄνθρωπος
1536 3331 1740 3396 ὑπνῶν,
1767 3333 1799 3402 ἢ
1828 3333 1902 3396 ὡς

308 3415 463 3485 ἀνὴρ
487 3415 550 3466 οὐ
581 3415 875 3486 δυνάμενος
910 3416 1131 3484 σώζειν;
1163 3438 1181 3471 ι
1203 3422 1261 3474 Ὀ
1282 3420 1338 3474 δέ
1369 3439 1433 3489 γε
1466 3422 1753 3487 θεσπέσιος
1779 3424 1905 3495 μελ-

303 3504 474 3575 ῳδὸς.
520 3507 652 3559 ποτὲ
707 3508 825 3571 μὲν,
881 3510 1067 3579 φησὶν,
1112 3512 1192 3565 ὅτι
1239 3513 1652 3585 (Ἐξεγέρθητι,
1718 3516 1808 3570 ἵνα
1853 3516 1904 3570 τί

308 3596 515 3658 ὐπνοῑς
543 3596 746 3666 Κύριε;
784 3598 1066 3671 ἀνάστηθι,
1108 3604 1203 3655 καὶ
1234 3604 1308 3674 μὴ
1340 3604 1535 3677 ἀπώσῃ
1569 3609 1649 3669 είς
1672 3608 1851 3671 τέλος·
1878 3627 1896 3658 ι

309 3688 457 3740 ποτὲ
495 3689 553 3739 δὲ
580 3684 646 3741 αὖ
672 3689 1092 3762 διεγηγερμένον
1121 3693 1332 3763 βλέπων
1360 3698 1439 3758 είς
1467 3698 1786 3770 ἐπικουρίαν
1818 3717 1901 3752 τι·

310 3778 452 3840 νῶν,
487 3796 506 3829 ι
529 3777 851 3851 Ἑξηγέρθη.
884 3799 902 3831 ι
937 3783 1123 3852 φησιν,
1152 3802 1171 3835 ι
1202 3784 1278 3847 ὡς
1305 3786 1334 3837 ὁ
1367 3786 1567 3852 ὑπνῶν,
1606 3789 1842 3860 Κύριος·
1878 3808 1895 3840 ι

313 3867 519 3938 ὄρθρον
541 3867 603 3938 δὴ
625 3865 719 3921 οὖν
743 3868 917 3922 ἔοικεν
943 3871 1262 3937 ἀποκαλεῖν,
1288 3873 1388 3943 τῆς
1420 3873 1507 3926 ἐπ’
1533 3876 1715 3937 αὐτοῖς
1741 3877 1904 3928 οἱονεὶ⁵

314 3958 709 4029 ἐγρηγόρσεως
738 3959 828 4012 τὸν
854 3961 1064 4032 καιρόν.
1092 3962 1325 4033 Ὅρθρου
1376 3966 1484 4037 γὰρ
1520 3965 1579 4031 ἐξ
1620 3965 1787 4019 ὕπνου
1822 3966 1900 4018 δι-

315 4046 685 4117 ανιστάμεθα.
728 4049 1169 4119 Ἦγρυπνηκότος
1213 4051 1276 4123 δὴ
1311 4048 1403 4105 οὖν
1449 4057 1534 4106 ἐπ’
1578 4057 1760 4119 αὐτοῖς
1806 4053 1903 4109 τοῦ

317 4130 482 4194 θεοῦ,
510 4133 604 4198 καὶ
649 4134 934 4205 μονονουχὶ
971 4135 1394 4209 διεγηγερμένου
1426 4141 1612 4195 λοιπὸν
1658 4146 1738 4207 είς
1787 4145 1906 4198 ὲπί-

320 4222 517 4292 σκεψιν
546 4220 621 4276 ὧν
652 4223 997 4293 δεδράκασιν,
1026 4226 1323 4295 ἀπόϐλητοι
1376 4231 1471 4283 καὶ
1506 4232 1913 4304 ἀπερριμμένοι.

323 4314 670 4383 γενήσονται,
715 4315 896 4368 καίτοι
944 4315 1032 4369 διὰ
1083 4317 1341 4388 πλείστην
1374 4321 1505 4391 ὅσην
1557 4324 1904 4387 ἀνεξικακίαν

326 4407 610 4476 μονονουχὶ
647 4406 740 4459 κοιλ⁵
769 4407 1124 4473 νυστάζοντος
1153 4409 1239 4461 ἐπ’
1264 4410 1469 4473 αὐτοῖς,
1502 4411 1643 4464 κατά
1669 4413 1758 4465 τὸν
1801 4414 1902 4485 ἥδη

2004 3249 2095 3305 aut
2126 3240 2208 3290 vir
2239 3254 2342 3289 non
2375 3248 2565 3303 potens
2589 3236 2801 3290 salvare
2828 3234 2954 3289 ³⁸2»
2989 3234 3216 3290 Divinos
3249 3245 3428 3289 autem
3444 3249 3578 3290 can-

2007 3339 2112 3391 tor,
2145 3343 2287 3381 nunc
2311 3329 2386 3380 ait
2412 3345 2427 3381 :
2458 3345 2479 3378 ι
2512 3326 2773 3394 Exsurge,
2799 3341 2969 3396 quare
2993 3327 3290 3389 obdormis,
3312 3324 3582 3381 Domine?

2003 3432 2254 3486 exsurge,
2298 3425 2354 3473 et
2397 3429 2463 3471 ne
2493 3416 2721 3485 repellas
2749 3416 2802 3471 in
2838 3416 3098 3485 tinem“;
3124 3435 3144 3469 ι
3181 3431 3324 3472 nunc
3362 3430 3581 3473 rursum

2003 3505 2296 3559 excitatum
2324 3507 2391 3559 ad
2416 3505 2771 3575 quorumdam
2797 3504 3057 3559 auxilium
3088 3520 3336 3569 cemens,
3371 3524 3393 3559 ι
3421 3505 3583 3560 Exci-

2007 3602 2148 3648 tatus
2186 3601 2290 3658 est,
2335 3594 2529 3664 inquit,
2563 3604 2822 3664 tanquam
2856 3595 3135 3650 dormiens
3176 3595 3436 3649 Dominus
3452 3594 3517 3648 ¹⁶.
3554 3611 3576 3648 ι

2005 3682 2167 3739 Mane
2218 3685 2383 3752 igitur
2438 3683 2706 3752 appellare
2760 3685 2974 3737 videtur
3020 3685 3169 3738 velut
3220 3684 3579 3755 evigilationis

2006 3783 2216 3844 tempus
2267 3788 2429 3842 super
2482 3773 2612 3840 ipsis
2656 3790 2670 3826 :
2713 3786 2870 3827 mane
2924 3773 3193 3840 siquidem
3248 3774 3314 3828 de
3385 3789 3579 3830 somno

2006 3865 2300 3933 surgimus.
2376 3863 2602 3929 Quando
2664 3877 2793 3932 ergo
2853 3863 3161 3932 vigilaverit
3216 3878 3380 3933 super
3434 3864 3579 3934 ipsos

2007 3955 2167 4018 Deus,
2216 3963 2267 4007 et
2321 3956 2387 4008 ad
2434 3955 2672 4024 ipsorum
2728 3963 2845 4007 acta
2889 3954 2956 4008 de
3005 3963 3198 4009 cancro
3242 3954 3577 4024 inspicienda

2003 4042 2151 4097 velut
2207 4052 2559 4111 experrectus
2612 4042 2807 4106 fuerit,
2879 4040 3122 4109 rejectitii
3175 4051 3229 4097 et
3290 4044 3578 4111 projectitii

2006 4132 2159 4197 lient,
2206 4133 2421 4185 tametsi
2459 4140 2681 4200 propter
2726 4131 2883 4200 longe
2935 4130 3222 4184 maximam
3264 4133 3575 4200 patientiam

2005 4223 2391 4292 propemodum
2427 4237 2590 4291 super
2621 4221 2752 4289 ipsis
2787 4229 3030 4289 tempore
3063 4223 3340 4290 praeterito
3374 4225 3563 4279 dormi-

2005 4315 2165 4369 verit.
2197 4314 2310 4369 Una
2357 4324 2534 4367 autem
2577 4329 2698 4368 cum
2735 4312 2934 4384 populo
2962 4315 3128 4369 etiam
3174 4329 3355 4385 regem
3400 4315 3581 4387 proje-

2008 4416 2150 4459 ctum
2211 4405 2275 4458 iri
2334 4404 2597 4472 allirmat,
2669 4413 2856 4475 utpote
2919 4404 3067 4460 brevi
3130 4420 3295 4475 regno
3361 4422 3581 4480 quoque

322 4496 700 4567 παρῳχηκότα
747 4498 956 4567 καιρόν.
990 4500 1430 4570 Συναπερῤίφθαι
1476 4503 1533 4556 δὲ
1577 4507 1688 4569 τοῖς
1729 4505 1904 4576 ὄχλοις

2013 4497 2268 4566 Ephraim
2307 4511 2339 4550 e
2380 4497 2556 4550 medio
2609 4497 2860 4553 tollendo.
2912 4497 3157 4553 Reducas
3199 4499 3342 4553 enim
3391 4499 3445 4553 in
3482 4499 3579 4554 Ju-

323 4587 423 4640 καὶ
475 4588 567 4640 τὸν
615 4586 861 4657 βασιλέα,
896 4591 1082 4659 φησὶν,
1119 4590 1193 4655 ὡς
1236 4592 1359 4645 ὅσον
1403 4595 1629 4648 ούδέπου
1680 4598 1905 4667 καὶτῆς

338 4676 583 4750 Ἐφραῖμ
628 4678 904 4747 βασιλείας
948 4681 1212 4751 ἐσομένης
1259 4685 1323 4736 ὲκ
1371 4685 1907 4759 μέσου.’Υπονοστή-

326 4783 523 4832 σαντες
555 4767 687 4839 γὰρ,
721 4768 797 4831 ὡς
827 4769 979 4841 ἔφην,
1010 4773 1090 4835 είς
1116 4772 1216 4843 τὴν
1248 4774 1507 4828 Ἰουδαίαν
1536 4777 1674 4846 μετά
1697 4778 1785 4831 τὸν
1811 4779 1909 4848 τῆς

325 4860 713 4930 αἰχμαλωσίας
739 4862 949 4933 καιρὸν,
984 4863 1073 4932 ὑφ’
1106 4864 1200 4917 ἕνα
1233 4866 1433 4931 πάντες
1468 4869 1722 4936 γεγόνασι
1754 4869 1908 4939 βασι-

324 4951 427 5004 λέα
460 4953 711 5025 καθάπερ
740 4956 954 5024 ἀμέλει,
981 4957 1073 5010 καὶ
1101 4957 1159 5010 ὲν
1185 4958 1399 5027 ἀρχαῖς,
1422 4960 1516 5012 καὶ
1544 4959 1650 5029 πρὸ
1674 4959 1782 5013 τῶν
1804 4959 1905 5028 τῆς

326 5043 585 5108 ἁλώσεως
611 5045 840 5115 χρόνων.
859 5048 1199 5102 Ἐϐασίλευον
1221 5051 1327 5121 γὰρ
1350 5053 1396 5104 οἱ
1419 5053 1482 5104 ὲκ
1509 5051 1680 5122 φυλῆς
1713 5051 1903 5118 Ἰούδα,

328 5136 472 5189 κατά
498 5135 600 5206 τὴν
634 5136 989 5207 Ἰερουσαλὴμ
1017 5139 1166 5202 ὄντος
1197 5141 1289 5193 τοῦ
1314 5139 1555 5210 Ἰσραήλ.

402 5229 557 5281 Διότι
580 5226 799 5295 νήπιος
828 5230 1096 5298 Ἰσραὴλ,
1131 5233 1226 5285 καί
1255 5231 1368 5302 ἐγὼ
1387 5232 1672 5299 ἠγάπησα
1699 5233 1903 5295 αὑτὸν,

331 5318 430 5371 καὶ
484 5320 552 5384 ἐξ
585 5320 888 5389 Αἰγύπτου
923 5323 1297 5390 μετεκὰλεοτα
1350 5324 1421 5377 τὰ
1465 5323 1645 5376 τέκνα
1703 5325 1908 5387 αὑτοῦ,

334 5410 526 5476 καθὼς
568 5411 949 5480 μετεκάλεσα
994 5414 1235 5481 αὐτοὺς,
1278 5414 1464 5478 οὕτως
1503 5413 1816 5482 ἀπῴχοντο
1843 5414 1910 5468 ἐκ

334 5495 658 5558 προσώπου
686 5515 825 5564 μου.

404 5586 578 5643 PKE’.
622 5590 837 5642 Ἔοικεν
884 5592 1012 5662 ἡμῖν
1044 5593 1099 5645 ὲν
1138 5592 1345 5655 τούτοις
1395 5594 1424 5645 ὀ
1472 5592 1625 5660 λόγος
1678 5592 1911 5646 ἀνθυποο

2002 4590 2192 4652 ἀεοηηι,
2243 4599 2301 4641 ιιι
2333 4589 2465 4651 dixi,
2504 4599 2617 4657 post
2666 4596 2874 4657 tempus
2932 4587 3286 4656 captivitatis,
3337 4588 3437 4643 sub
3467 4603 3577 4642 uno

2003 4695 2130 4749 rege
2180 4694 2368 4734 omnes
2417 4679 2584 4741 fuere,
2637 4680 2777 4733 sicut
2827 4679 2989 4732 etiam
3033 4678 3296 4748 principio
3348 4686 3402 4732 et
3453 4688 3578 4733 ante

2006 4779 2214 4839 tempus
2267 4770 2600 4839 captivitatis
2654 4770 2890 4823 fuerant.
2942 4766 3262 4839 Regnabant
3310 4768 3457 4822 enim
3508 4769 3577 4823 de

2007 4860 2147 4914 tribu
2177 4858 2312 4913 Juda
2343 4860 2626 4928 progeniti,
2660 4861 2877 4927 quando
2901 4859 3185 4913 universus
3213 4858 3380 4912 Israel
3402 4858 3580 4913 adhuc

2011 4950 2436 5023 Hierosolyumm
2478 4952 2626 5019 regni
2658 4951 2841 5004 sedem
2878 4951 3222 5019 agnoscebat.

2087 5228 2250 5282 Vens.
2282 5225 2337 5280 2.
2388 5225 2523 5291 Quia
2551 5227 2799 5292 parvulus
2826 5224 3012 5287 Israel,
3040 5234 3086 5276 et
3123 5239 3214 5292 ego
3247 5223 3408 5279 ἀξίαι
3442 5242 3580 5289 eum,

2015 5332 2060 5374 et
2104 5335 2169 5372 ea:
2210 5317 2440 5385 Aigypto
2472 5316 2649 5368 vocavi
2689 5316 2826 5382 ﬁlios
2869 5314 3001 5380 ejus.
3031 5312 3187 5382 157
3218 5312 3362 5368 Sicut
3405 5315 3583 5369 vocat-1‘

2013 5429 2125 5476 eos,
2156 5412 2227 5462 ita
2252 5408 2465 5461 abibant
2504 5423 2534 5458 a
2565 5405 2700 5473 facie
2728 5422 2857 5459 mea.

2085 5580 2294 5639 CXXV.
2357 5577 2580 5633 Videtur
2611 5576 2738 5629 mibi
2788 5578 2870 5632 bis
2915 5577 3090 5634 verbis
3120 5577 3410 5649 objectioui
3448 5592 3586 5646 quo-

432 5741 602 5799 “Jer.
634 5760 743 5813 xlv,
773 5748 823 5800 9.
913 5749 952 5779 ιθ
980 5746 1118 5801 l‘szil.
1157 5760 1308 5811 xutt,
1339 5745 1428 5799 ‘25.
1510 5747 1553 5776 ”
1576 5744 1709 5798 Psal.
1763 5758 1960 5798 txxvu.
1987 5741 2076 5797 63.
