4034 6270
518 291 624 351 265

1509 298 1566 352 S.
1607 296 1879 354 CYRILLI
1919 289 2391 348 ALEXANDRINI
2431 289 2753 346 ARCHIEP.

3654 292 3761 348 εοι

519 399 764 456 rumdam
794 416 1103 458 occurrere.
1127 402 1418 473 Fingamus
1445 406 1588 460 enim
1611 406 1918 475 quempiam
1949 403 2076 458 illud

2185 402 2324 472 φορᾷ
2369 401 2638 473 μάχεσθαι
2685 403 2752 472 τῇ
2805 402 2962 472 παρά
3006 417 3187 456 τινων.
3234 401 3481 457 Νοιίσθω
3523 405 3635 474 γάρ
3679 421 3765 467 τις

518 492 656 558 apud
707 507 767 548 se
824 495 1082 562 cogitare,
1138 505 1230 547 ant
1275 497 1436 549 etiam
1485 495 1659 564 palam
1713 496 1978 567 proloqui.
2026 494 2083 549 Si

519 580 756 636 futurum
796 593 912 638 erat
957 594 1016 637 ιιι
1065 585 1400 649 exciderent,
1450 595 1506 641 et
1552 602 1582 641 a
1629 587 1768 642 facie
1817 587 1909 642 Dei
1955 587 2110 664 olim.

520 673 873 742 rcjicerentur
903 675 1096 743 posteri
1148 675 1330 742 Israel,
1366 677 1661 746 lierentque
1699 678 2087 732 abominabiles

520 771 577 816 et
624 764 799 827 exosi,
849 779 946 817 cur
984 766 1206 820 omnino
1234 782 1262 820 a
1299 768 1565 838 principio
1596 768 1771 822 vocali
1810 767 1978 822 sunt?
2005 767 2086 821 Ad

520 854 622 907 ista
650 855 788 908 Deus
816 870 1074 925 perquam
1101 873 1337 925 congrue
1361 859 1648 927 respondet
1667 859 2082 928 quodammodo,

521 952 576 996 et
609 944 762 1010 dicit,
801 962 819 997 t
852 944 1112 1002 Parvulas
1164 948 1362 1014 Israel,
1411 957 1466 1004 et
1499 965 1599 1016 ego
1637 951 1792 1004 dilexi
1826 965 1966 1004 eum.
2005 951 2086 1005 Ex

514 1034 748 1105 IEgypto
787 1038 1046 1092 accersivi
1103 1041 1240 1095 filios
1291 1039 1424 1108 ejus.
1458 1058 1476 1092 ι
1519 1040 1688 1096 llomo
1729 1041 1990 1096 candidus
2031 1050 2088 1096 et

517 1127 635 1180 sine
668 1129 810 1196 fuco,
842 1131 1039 1199 inquit,
1067 1130 1168 1186 fuit
1197 1131 1383 1197 Jacob,
1429 1143 1633 1188 mutato
1665 1133 1880 1188 nomine
1907 1132 2085 1189 dictus

515 1216 706 1286 Israel;
748 1221 950 1277 idcirco
991 1223 1152 1278 dilexi
1184 1239 1329 1282 eum.
1363 1223 1499 1278 Nam
1537 1240 1657 1279 cum
1703 1226 1877 1280 adhuc
1903 1237 2086 1281 essent

518 1309 713 1366 fratres
744 1313 796 1367 in
831 1321 1008 1378 utero,
1046 1332 1065 1366 t
1098 1315 1263 1370 Jacob
1293 1316 1476 1381 dilexi,
1507 1317 1699 1386 inquit,
1733 1317 1872 1372 Esau
1905 1326 2083 1371 autem

517 1401 639 1456 odio
691 1403 852 1457 habui
882 1407 943 1460 ⁸⁷.
978 1425 996 1455 ι
1055 1406 1319 1472 Quoniam
1367 1408 1530 1478 igitur
1587 1409 1748 1463 dilexi
1797 1423 1960 1472 eum,
2016 1409 2086 1462 ob

516 1505 634 1545 eam
675 1509 892 1548 causam
925 1497 993 1551 de
1038 1495 1414 1565 [Egyptiorum
1452 1515 1667 1569 quoque
1714 1500 1992 1565 dominatu
2025 1498 2087 1552 li-

515 1581 617 1636 lios
672 1586 789 1650 ejus
847 1586 1039 1654 eripui.
1081 1587 1292 1640 «Facio
1352 1588 1496 1642 enim
1551 1588 1969 1642 misericordiam
2030 1587 2084 1641 in

517 1673 682 1727 millia
713 1674 1058 1744 diligentibus
1088 1677 1258 1731 me“.
1289 1698 1307 1729 ι
1345 1677 1482 1744 Quid
1522 1679 1770 1733 honorati
1817 1690 1870 1732 et
1901 1676 2081 1733 selecti

2186 493 2361 546 ἐκεῖνο
2404 492 2880 564 διενθυμοὺμενος,
2927 493 2961 564 ἢ
2997 493 3091 546 καὶ
3120 493 3294 562 λέγων
3325 494 3650 562 ἀναφανδόν.
3697 494 3766 548 Ei

2185 583 2407 655 ἔμελλον
2445 585 2857 650 άποπεσεῖσθαι,
2885 585 2979 637 καὶ
3017 585 3083 637 ὲκ
3123 585 3416 656 προσώπου
3439 585 3575 638 Θεοῦ
3607 586 3764 653 γενέ-

2187 676 2310 729 σθαι
2355 676 2496 730 κατὰ
2539 677 2762 747 καιροὺς
2803 678 2853 728 οἱ
2895 677 2953 743 ἐξ
2983 676 3213 748 αἵματος
3247 676 3482 746 Ἰσραὴλ,
3519 676 3768 746 βδελυροί

2183 783 2242 818 τε
2277 765 2495 819 ἔσεσθαι
2543 766 2638 820 καὶ
2665 766 3065 835 άπηχθημένοι,
3100 767 3152 818 τί
3180 766 3273 819 καὶ
3304 766 3438 828 ὅλως
3469 765 3764 834 κέκληνται

2183 855 2282 926 τὴν
2329 857 2538 927 ἀρχήν;
2588 855 2733 924 Πρὸς
2781 855 2954 910 ταῦτα
2984 856 3137 918 Θεὸς,
3175 857 3268 908 καὶ
3314 855 3461 924 μάλα
3511 854 3765 918 εἰκότως,

2185 947 2457 1017 ἐξηγεῖται
2483 946 2680 1017 τρόπον
2709 945 2851 1010 τινὰ,
2881 946 3074 1014 λέγων·
3113 965 3131 997 t
3161 947 3371 1017 Νήπιος
3409 945 3646 1016 Ἰσραὴλ,
3670 948 3769 1000 καὶ

2185 1036 2296 1103 ἐγὼ
2332 1038 2597 1108 ἠγάπησα
2645 1037 2937 1102 αὑτόν.⁹Εξ
2979 1037 3256 1107 Αἰγύπτου
3309 1038 3647 1106 μετεκάλεσα
3694 1037 3767 1091 τὰ

2185 1130 2350 1182 τέκνα
2373 1129 2560 1182 αὑτοῦ.
2581 1148 2600 1182 ι
2622 1129 2784 1200 Ἀνὴρ
2805 1130 3076 1193 ἄπλαστος
3104 1130 3316 1198 γέγονε,
3343 1130 3527 1199 φησὶν,
3545 1129 3762 1196 Ἰακὼϐ,

2185 1218 2240 1282 ὃς
2290 1219 2752 1291 μετεπωνομάσθη
2792 1221 3028 1293 Ἰσραήλ.
3063 1221 3331 1294 Ταύτῃτοι
3380 1222 3474 1274 καὶ
3502 1223 3763 1291 ἠγάπησα

2186 1311 2498 1365 αὑτόν.Ἔτι
2530 1313 2638 1383 γὰρ
2653 1307 2842 1367 ὄντων
2871 1314 2927 1365 ὲν
2969 1313 3172 1384 μήτρᾳ,
3208 1331 3226 1363 t
3259 1312 3362 1365 Τὸν
3385 1312 3584 1366 Ἰακὼϐ
3630 1312 3765 1381 ἠγά-

2187 1419 2355 1472 πησα,
2380 1403 2543 1474 φησί·
2576 1405 2668 1458 τὸν
2715 1403 2772 1456 δὲ
2805 1403 2973 1459 Ἡσαῦ
3004 1404 3262 1475 ἐμίσησα.
3296 1425 3314 1455 ο
3335 1403 3555 1474 Ἐπειδὴ
3585 1404 3761 1458 τοίνυν

2187 1493 2446 1563 ἠγάπησα
2478 1494 2660 1556 αὑτὸν,
2691 1495 2948 1568 ταύτῃτοι
2995 1496 3091 1548 καὶ
3139 1494 3423 1566 ἐξειλόμην
3468 1497 3566 1566 τῆς
3592 1497 3760 1562 Αἰγυ-

2187 1587 2357 1640 πτίων
2396 1585 2711 1651 πλεονεξίας
2737 1586 2806 1639 τά
2831 1586 2998 1640 τέκνα
3027 1586 3211 1640 αὑτοῦ.
3251 1605 3270 1638 ι
3301 1585 3444 1640 Ποιῶ
3472 1586 3578 1656 γὰρ
3615 1587 3758 1650 ἔλεος

2188 1678 2266 1739 εἰς
2294 1676 2532 1747 χιλιάδας
2556 1679 2666 1740 τοῖς
2697 1676 2952 1745 ἀγαπῶσι
2988 1695 3077 1747 με.
3110 1695 3128 1729 ι
3161 1677 3226 1730 Τί
3259 1673 3352 1731 οὖν
3381 1678 3430 1730 οἱ
3463 1677 3757 1746 τετιμημέ-

515 1773 734 1830 propter
751 1766 972 1833 patres?
998 1766 1260 1823 libertatis
1295 1769 1467 1824 ornati
1499 1769 1690 1837 gratia,
1721 1770 2083 1836 scrvitnteque

2185 1785 2265 1820 νοι
2313 1769 2407 1822 καὶ
2431 1768 2720 1823 ἀπόλεκτοι
2749 1769 2836 1822 διὰ
2859 1770 2984 1833 τοὺς
3021 1769 3290 1840 πατέρας;
3321 1771 3371 1822 οί
3397 1772 3460 1840 τῇ
3490 1772 3590 1840 τῆς
3617 1769 3758 1821 ἐλευ-

516 1866 567 1909 et
601 1857 1198 1931 laboribusexempti?
1247 1859 1382 1914 Num
1431 1860 1670 1914 vicissim
1715 1861 2086 1914 honorarunt?

518 1963 642 2000 num
676 1948 812 2003 bene
843 1947 1052 2005 allectis
1086 1950 1280 2004 animis
1311 1959 1671 2019 protectorem
1713 1949 1881 2005 Deum
1913 1950 2084 2004 laetifi-

517 2050 640 2088 care
675 2039 850 2091 conati
899 2027 1465 2108 sunt?Nequaquam,
1513 2039 1706 2107 inquit.
1748 2039 2085 2109 Aulugerunt

515 2126 658 2178 enim
694 2141 722 2179 a
758 2127 1010 2190 Domino;
1045 2129 1291 2183 abierunt
1325 2132 1390 2183 ab
1418 2145 1481 2183 eo
1517 2130 1608 2198 qui
1640 2145 1733 2185 eos
1759 2134 2081 2186 cohonesta-

519 2226 710 2280 verat;
773 2221 1010 2287 protervi
1061 2220 1114 2272 in
1164 2236 1285 2274 eum
1351 2221 1439 2289 qui
1489 2222 1697 2275 vocavit
1740 2222 2081 2277 exstiterunt.

515 2305 778 2359 Abicrunt
811 2316 1011 2372 autem,
1046 2323 1279 2376 quonam
1332 2309 1532 2363 modo?
1563 2323 1688 2362 num
1719 2309 1844 2378 quia
1892 2309 2082 2379 singil-

517 2393 686 2459 latim,
732 2403 786 2448 et
840 2396 1137 2450 secundum
1195 2412 1394 2466 paucos
1454 2413 1482 2450 a
1541 2409 1719 2452 mente
1784 2408 1838 2452 et
1881 2399 2084 2468 judicio

516 2485 883 2550 desciverunt,
932 2497 985 2540 et
1031 2489 1390 2555 quorumdam
1445 2488 1676 2544 fallaciis
1726 2489 1866 2558 capti
1921 2491 2085 2545 sunt?

517 2574 668 2630 Nullo
701 2578 877 2632 modo.
915 2575 1260 2633 Resiluerunt
1297 2581 1438 2633 enim
1467 2581 1567 2642 sic,
1597 2581 1866 2650 quomodo
1893 2582 2085 2637 videli-

515 2679 602 2722 cet
639 2668 812 2722 vocati
849 2679 995 2732 sunt,
1037 2667 1086 2723 id
1130 2679 1230 2732 est,
1267 2673 1564 2726 secundum
1603 2673 1911 2728 universam
1947 2673 2081 2728 mul-

516 2759 820 2822 titndinem,
855 2768 908 2814 et
940 2761 1238 2816 secundum
1287 2763 1477 2827 tribus,
1526 2771 1692 2816 totum
1738 2777 1929 2832 genus,
1963 2772 2085 2817 tota:

515 2849 751 2904 familiae.
799 2851 888 2905 Sic
928 2852 1070 2906 enim
1110 2853 1380 2920 quondam
1427 2853 1492 2907 de
1538 2852 1772 2923 Egypto
1811 2854 2081 2907 exierunt.

516 2939 858 2993 Meminimus
907 2955 1088 3008 porro,
1119 2943 1205 2994 vix
1243 2943 1454 2994 tandem
1497 2941 1778 2996 Pharaone
1807 2941 2081 2998 dimissio-

514 3043 636 3082 nem
673 3029 1039 3096 promittente,
1066 3037 1120 3082 et
1146 3031 1212 3084 de
1257 3029 1600 3084 multitudine
1632 3031 1844 3086 abitura
1882 3047 2081 3103 cogno-

513 3133 666 3173 scere
689 3119 961 3187 eupiente,
999 3128 1051 3172 et
1073 3119 1272 3188 apertis
1289 3120 1470 3174 verbis
1487 3130 1780 3190 quaerente,
1820 3141 1838 3174 ι
1861 3124 2081 3192 quinam

517 3219 568 3262 et
585 3209 675 3277 qui
697 3217 838 3273 sunt,
855 3208 1012 3277 etqui
1040 3209 1222 3262 ibunt?
1242 3228 1260 3261 ι
1285 3207 1498 3279 Moysen
1520 3211 1890 3278 respondisse:
1911 3230 1929 3264 t
1949 3212 2083 3267 Cum

512 3299 818 3368 junioribus
843 3309 897 3354 et
940 3300 1246 3356 senioribus
1274 3300 1477 3355 nostris
1512 3302 1730 3368 ibimus,
1770 3317 1892 3358 cum
1939 3304 2082 3369 filiis,

516 3399 570 3444 et
619 3389 854 3456 ﬁliabus,
895 3399 948 3443 et
995 3390 1206 3454 ovibus,
1248 3401 1300 3444 et
1341 3392 1510 3446 bobus
1563 3393 1848 3447 nostris".
1881 3413 1900 3445 ›
1945 3394 2084 3463 Ergo

515 3480 814 3533 secundum
850 3486 988 3533 totas
1029 3479 1218 3543 tribus,
1249 3488 1303 3532 et
1337 3479 1631 3532 secundum
1664 3478 2079 3545 multitudinem,

515 3569 811 3628 secundum
859 3584 1028 3638 genus
1074 3570 1409 3631 universum,
1475 3581 1531 3624 et
1578 3569 1808 3624 familias
1851 3571 2080 3626 vocavit.

516 3661 762 3716 Similem
791 3661 1006 3714 modum
1041 3661 1229 3714 habuit
1274 3661 1561 3730 apostasis,
1604 3660 1756 3728 cujus
1801 3661 2086 3729 turpitudi-

516 3767 636 3807 nem
665 3751 965 3806 clarissime
989 3751 1232 3806 ostendit
1263 3768 1382 3806 cum
1411 3752 1560 3817 dicit,
1605 3770 1624 3804 ι
1650 3753 1868 3808 abibant
1892 3768 1920 3806 a
1948 3753 2085 3809 facie

516 3856 654 3894 mea.
714 3859 734 3892 ι
803 3839 948 3906 Quos
1011 3841 1154 3894 enim
1216 3841 1395 3895 odisse
1436 3840 1666 3894 voluerit
1712 3841 2083 3896 universorum

518 3932 797 3993 Dominus,
844 3946 946 3984 non
999 3931 1249 3999 dignatur
1290 3929 1583 3997 respicere,
1627 3931 1780 3999 juxta
1811 3930 1962 3995 illud,
2003 3931 2085 3984 in-

514 4038 674 4091 quam
702 4061 715 4084 ,
778 4023 828 4075 in
893 4021 1110 4076 Psalmo
1157 4031 1476 4075 cantatum:
1514 4041 1531 4073 ι
1563 4023 1794 4090 Respice
1849 4038 1970 4085 tne,
2031 4030 2085 4075 et

515 4116 771 4169 miserere
829 4115 932 4168 mei
955 4115 1023 4170 ²⁰.
1077 4132 1095 4166 ι
1161 4113 1437 4182 Scriptum
1496 4123 1580 4169 est
1633 4114 1774 4167 enim
1819 4133 1832 4168 :
1877 4132 1896 4165 t
1933 4112 2082 4169 Oculi

517 4205 722 4258 Domini
764 4219 924 4274 super
949 4203 1211 4272 justus“.
1242 4223 1260 4255 ι
1312 4205 1377 4258 Ει
1426 4204 1542 4274 ipse
1588 4204 1782 4260 alicubi
1820 4222 1831 4258 ;
1862 4223 1880 4256 ι
1913 4206 2084 4272 Super

514 4309 672 4363 quem
708 4295 1018 4363 respiciam,
1045 4296 1170 4349 nisi
1206 4310 1370 4365 super
1401 4295 1680 4360 humilem,
1727 4305 1781 4350 et
1818 4296 2082 4365 quietum,

513 4392 569 4438 et
598 4393 912 4437 tretnentem
951 4399 1230 4438 sermones
1269 4386 1522 4439 meos"?
1549 4405 1569 4438 ι

589 4475 748 4545 158
770 4477 926 4528 Vens.
952 4476 1005 4538 5,
1033 4476 1086 4528 4.
1117 4475 1227 4543 Ipsi
1256 4477 1461 4530 Banlim
1489 4478 1847 4540 immolabant,
1869 4492 1915 4532 et
1941 4478 2082 4532 scul-

512 4569 729 4638 ptilibus
749 4566 1046 4619 adolebmu.
1073 4550 1139 4618 Et
1155 4583 1245 4635 ego
1271 4567 1504 4635 colligari
1521 4567 1790 4633 Ephraim,
1815 4577 1862 4619 et
1880 4569 2080 4634 suscepi

514 4676 628 4714 eum
653 4675 806 4726 super
833 4657 1100 4710 brachium
1139 4674 1332 4722 meum,
1363 4669 1407 4710 et
1439 4674 1538 4710 non
1570 4665 1933 4726 cognoverunt,
1959 4660 2082 4728 quia

515 4767 642 4804 sano
673 4767 758 4803 eos
812 4749 867 4800 in
905 4750 1237 4817 corruptione
1287 4749 1576 4804 hominum.
1629 4747 1853 4802 Extendi
1892 4765 1978 4802 eos
2029 4750 2084 4802 in

515 4841 730 4896 vinculis
759 4840 1030 4893 citaritatis
1057 4856 1201 4893 mew.

583 4929 816 4985 CXXVI.
890 4928 1210 4982 immensam
1267 4936 1320 4982 et
1373 4927 1648 4982 divinitate
1698 4925 1812 4994 ejus
1862 4927 2076 4998 dignam

515 5023 693 5076 inesse
748 5021 854 5074 Deo
905 5021 1369 5074 mansuetudinem
1417 5018 1769 5073 demonstrat.
1820 5018 1889 5073 lis
1935 5020 2076 5074 enim

516 5112 604 5170 ιιιιί
650 5110 1016 5173 crediderunt,
1061 5116 1115 5162 et
1162 5109 1333 5177 ipsttm
1367 5116 1754 5178 cognoverunt,
1796 5109 2078 5177 solumque

513 5203 738 5252 adorare
771 5209 1052 5268 coeperunt
1085 5200 1222 5253 bona
1257 5199 1517 5261 tribuere,
1548 5197 1716 5252 videri
1748 5199 1916 5268 possit
1948 5214 2082 5253 con-

516 5289 756 5350 veniens,
789 5299 842 5344 et
872 5291 940 5344 ab
965 5291 1218 5358 mquitate
1239 5289 1472 5342 alienum
1508 5303 1612 5341 non
1641 5299 1745 5343 est.
1776 5288 2079 5359 Unusquis-

514 5392 618 5444 que
653 5380 794 5431 enim
827 5381 1093 5438 siouidem
1123 5392 1269 5436 recte
1298 5380 1476 5435 facere
1514 5379 1661 5445 velit,
1693 5379 1803 5450 jam
1835 5381 2075 5435 deditum

609 5559 651 5586 ¹⁷
677 5557 899 5615 Malach.
961 5581 996 5626 ι,
1033 5567 1084 5620 5,

593 5630 630 5658 έε
659 5627 757 5676 ἔδει.
795 5644 933 5693 I.\vt,
966 5636 1013 5684 :2.

1236 5569 1275 5598 η
1301 5565 1466 5621 Exod.
1503 5581 1594 5632 xx,
1630 5563 1682 5620 ϐ.
1763 5565 1802 5594 ¹²⁹
1831 5564 1998 5623 Exod.
2026 5583 2078 5635 x,
2119 5570 2170 5624 8.
2236 5572 2290 5626 9.

2189 1860 2373 1931 θερίας
2399 1861 2749 1931 τετιμημένοι
2789 1861 2995 1933 χάριτι,
3027 1861 3120 1916 καὶ
3157 1861 3400 1924 δουλείας
3456 1861 3549 1914 καὶ
3587 1860 3758 1914 πόνων

2186 1949 2627 2019 ἀπηλλαγμένοι;
2656 1943 2801 2021 ’Ἃρα
2825 1951 3188 2020 τετιμήκασιν
3215 1966 3228 2016 ;
3257 1944 3367 2020 ἆρα
3388 1950 3508 2012 ταῖς
3530 1948 3757 2009 εὐνοίαις

2187 2039 2606 2108 κατευφραίνειν
2638 2039 2974 2092 ἐσπούδασαν
2997 2039 3088 2092 τὸν
3117 2039 3568 2109 ὑπερασπίσαντα
3591 2038 3753 2102 Θεόν;

2186 2127 2467 2196 Οὐδαμῶς,
2504 2128 2683 2198 φησίν.
2715 2128 3218 2200 Ἀποδεδραμήκασι
3267 2128 3376 2198 γὰρ
3411 2128 3506 2180 τοῦ
3554 2128 3755 2180 Δεσπό-

2185 2233 2299 2280 του,
2334 2218 2615 2288 ἁπῴχοντο
2641 2219 2731 2272 τοῦ
2765 2220 3141 2291 τετιμηκότος,
3178 2220 3405 2290 ὓῦρισαν
3438 2221 3528 2273 τὸν
3560 2219 3755 2290 κεκλη-

2186 2311 2338 2366 κότα.
2362 2311 2672 2378 Ἀπῲχοντο
2701 2309 2774 2373 δὲ,
2806 2311 2925 2362 τίνα
2957 2311 3188 2380 τρόπον;
3225 2307 3333 2381 ἆρα
3363 2311 3482 2364 καθ’
3509 2310 3626 2372 ἕνα,
3667 2310 3758 2363 καὶ

2185 2404 2308 2459 κατ’
2329 2403 2544 2472 ὀλίγους
2576 2401 2669 2455 τοῦ
2706 2404 2921 2473 φρονεῖν
2959 2402 3134 2470 ὀρθῶς
3167 2402 3632 2472 ἀπωλισθηκότες,
3667 2403 3756 2456 καὶ

2185 2499 2304 2562 ταῖς
2335 2515 2496 2551 τινων
2520 2496 2754 2557 ἀπάταις
2780 2493 3274 2562 ὑποκλεπτόμενοι;
3307 2493 3603 2564 Οὑμενουν.
3625 2496 3756 2547 Ἀπ-

2186 2588 2371 2658 έοορον
2415 2587 2520 2658 γὰρ
2571 2586 2780 2650 οὕτως,
2833 2585 3022 2655 ὥσπερ
3067 2585 3258 2654 ἀμέλει
3309 2585 3403 2637 καὶ
3445 2585 3756 2654 κέκληνται,

2185 2679 2449 2743 τουτέστι,
2483 2679 2624 2733 κατὰ
2670 2678 2874 2748 πληθὺν
2908 2677 3035 2748 ὃλην
3081 2679 3174 2730 καλ.
3219 2679 3358 2732 κατὰ
3389 2679 3583 2749 φυλὰς,
3619 2697 3758 2748 παγ-

2187 2762 2316 2839 γενῆ
2359 2786 2418 2820 τε
2469 2768 2562 2822 καὶ
2602 2768 2840 2821 πανοικί.
2863 2767 3116 2838 Ἐξῆλθον
3147 2768 3254 2839 γὰρ
3288 2768 3432 2822 οὕτω
3465 2772 3563 2839 τῆς
3599 2769 3762 2838 Αίγύ-

2187 2875 2318 2911 πτου
2347 2859 2484 2912 κατὰ
2512 2857 2752 2928 καιρούς.
2774 2859 3118 2929 Μεμνήμεθα
3144 2859 3220 2925 δὲ,
3251 2861 3332 2913 ὃτι
3364 2859 3516 2928 μόλις
3541 2860 3760 2931 ἀνήσειν

2185 2949 2277 3001 τὸν
2311 2948 2525 3020 Ἰσραὴλ
2559 2949 2987 3020 ὑπισχνουμένου
3023 2949 3115 3002 τοῦ
3150 2950 3366 3020 Φαραὼ,
3398 2951 3492 3004 καὶ
3523 2951 3622 3021 τὴν
3656 2952 3760 3004 άπ-

2187 3039 2446 3109 αίρουσαν
2491 3040 2654 3094 αὑτοῦ
2700 3039 2907 3110 πληθὺν
2939 3041 3240 3112 ἀναμαθεῖν
3264 3041 3552 3105 ἐθέλοντος,
3583 3042 3764 3110 λέγον-

2187 3130 2276 3193 τός
2299 3147 2359 3182 τε
2397 3130 2604 3199 σαφῶς,
2646 3150 2665 3183 t
2696 3131 2850 3194 Τίνες
2891 3133 2985 3185 καὶ
3022 3133 3167 3196 τίνες
3211 3133 3345 3186 είσὶν
3376 3134 3422 3184 οί
3459 3134 3764 3202 πορευόμε-

2185 3237 2300 3286 νοι;
2331 3238 2350 3273 ι
2373 3221 2577 3290 Μωσῆς
2601 3221 2939 3290 άπεκρίνετο’
2962 3240 2980 3272 t
3001 3222 3107 3276 Σὺν
3129 3224 3238 3284 τοῖς
3259 3222 3560 3284 νεανίσκοις
3579 3224 3612 3291 ή
3622 3223 3763 3292 μῶν,

2186 3311 2280 3366 καὶ
2325 3312 2421 3365 σὺν
2466 3315 2577 3374 τοῖς
2624 3313 3012 3383 πρεσϐυτέροις
3046 3314 3198 3384 ἡμῶν
3227 3312 3631 3383 πορευσόμεθα,
3667 3313 3764 3367 σὺν

2184 3405 2295 3465 τοῖς
2323 3404 2478 3468 υἱοῖς,
2511 3403 2603 3455 καὶ
2633 3403 2956 3473 θυγατράσι,
2987 3407 3081 3458 καὶ
3110 3405 3421 3476 προϐάτοις,
3454 3405 3549 3457 καὶ
3581 3403 3760 3474 βουσὶν

2187 3493 2362 3562 ἡμῶν.
2397 3513 2414 3544 ι
2451 3493 2658 3547 υὺκοῦν
2688 3495 2828 3549 κατὰ
2857 3496 3028 3564 φυλὰς
3051 3497 3178 3560 ὅλας
3227 3496 3320 3550 καὶ
3347 3497 3490 3549 κατὰ
3531 3497 3755 3568 πληθὺν,

2187 3583 2330 3637 κατὰ
2377 3584 2534 3652 γένος
2573 3603 2633 3638 τε
2681 3586 2774 3639 καὶ
2815 3588 3056 3657 οῖκουςή
3094 3589 3304 3658 κλῆσις.
3339 3588 3497 3642 Κατὰ
3530 3589 3621 3642 τὸν
3653 3591 3759 3642 ίσον

2186 3671 2242 3722 δὲ
2272 3672 2470 3742 τρόπον
2502 3672 2595 3726 καὶ
2628 3675 2660 3744 ὴ
2693 3673 3013 3739 ἀπόστασις,
3042 3672 3108 3744 ἦς
3134 3676 3194 3729 τὸ
3229 3677 3461 3740 ἀκαλλὲς
3493 3677 3574 3729 ὅτι
3605 3676 3759 3746 μάλι-

2188 3779 2288 3814 στα
2325 3763 2598 3832 σημαίνει,
2628 3765 2802 3833 λέγων
2834 3766 2913 3831 τὸ,
2955 3787 2973 3820 t
3006 3769 3314 3838 Ἀπῴχοντο
3356 3769 3420 3822 ὲκ
3470 3760 3758 3840 προσώπου

2189 3867 2313 3919 μου.
2340 3870 2358 3902 ›
2391 3849 2497 3914 Οὓς
2518 3853 2625 3923 γὰρ
2651 3852 2714 3907 ἂν
2739 3855 2910 3908 ἕλοιτο
2938 3860 3155 3926 μισεῖνό
3174 3857 3283 3911 τῶν
3313 3858 3448 3912 ὅλων
3463 3861 3758 3926 Δεσπότης,

2186 3941 2293 3992 οὐδ’
2317 3941 2382 3994 ἂν
2427 3941 2804 4010 ἐπισκέψαιτο,
2835 3947 2954 3996 κατ’
2980 3947 3173 4009 έκεῖνο,
3213 3947 3374 4017 φημὶ,
3406 3947 3466 3999 τὸ
3513 3949 3570 4000 ὲν
3618 3947 3761 4000 Ψαλ-

2189 4031 2308 4098 μοῖς
2338 4031 2700 4101 ὑμνούμενον·
2744 4051 2762 4084 t
2792 4034 3110 4103 Ἐπίϐλεψον
3152 4035 3239 4088 ἐπ’
3270 4037 3389 4106 ἐμὲ,
3418 4037 3512 4089 καὶ
3547 4037 3760 4108 ἐλέησόν

2189 4136 2278 4189 με.
2311 4140 2328 4173 ι
2380 4122 2690 4193 Γέγραπται
2738 4124 2866 4195 γάρ,
2915 4126 2997 4178 ὅτι
3050 4145 3066 4177 ι
3095 4127 3396 4197 Ὀφθαλμοὶ
3428 4129 3636 4199 Κυρίου
3675 4130 3758 4180 ἐπὶ

2185 4212 2427 4275 δικαίους
2448 4230 2460 4244 ο
2493 4233 2511 4265 ›
2543 4215 2638 4268 καὶ
2671 4215 2830 4279 αὐτὸς
2861 4215 2917 4268 δέ
2951 4215 3052 4268 πού
3079 4231 3263 4285 φησιν’
3301 4237 3319 4270 t
3346 4219 3473 4272 Ἐπὶ
3504 4218 3628 4272 τίνα
3649 4221 3759 4271 ὲπι-

2187 4302 2388 4373 ϐλέψω,
2426 4305 2540 4358 ἀλλ’
2564 4305 2595 4376 ἢ
2629 4307 2720 4358 ἐπὶ
2744 4306 2835 4360 τὸν
2860 4308 3112 4360 ταπεινὸν
3137 4309 3230 4361 καὶ
3252 4308 3494 4379 ἡσύχιον.
3519 4310 3614 4362 καὶ
3634 4308 3757 4380 τρέ-

2115 4425 2160 4478 D
2196 4411 2364 4465 μοντα
2393 4396 2518 4456 τοὺς
2550 4395 2740 4462 λόγους
2777 4413 2914 4465 μου;
2950 4415 2969 4448 ι

2257 4482 2434 4536 Αὐτοὶ
2484 4481 2608 4547 τοῖς
2634 4482 2896 4551 Βααλεὶμ
2938 4485 3137 4548 ἔθυον,
3171 4485 3268 4538 καὶ
3315 4486 3438 4550 τοῖς
3476 4482 3760 4553 γλυπτοῖς

2187 4569 2462 4638 ἐθυμίων.
2493 4569 2600 4622 Καὶ
2641 4570 2756 4640 ἐγὼ
2800 4574 3176 4625 συνεπόδισα
3220 4575 3324 4626 τὸν
3371 4573 3634 4643 Ἐρριιῒμ,
3664 4571 3758 4625 καὶ

2189 4659 2486 4714 ἀνέλαϐον
2520 4662 2706 4716 αὑτὸν
2737 4664 2836 4716 ἐπὶ
2874 4664 2980 4718 τὸν
3005 4665 3306 4734 βραχιόνά
3340 4683 3480 4735 μου.
3509 4665 3617 4718 Καὶ
3653 4666 3758 4718 οὐκ

2189 4751 2464 4816 ἔγνωσαν
2480 4749 2569 4804 ὅτι
2597 4752 2760 4821 [agat
2784 4754 3004 4820 αὐτοὺς
3026 4755 3094 4807 ἐν
3112 4754 3403 4823 διαφθορᾷ
3419 4755 3755 4822 ἀνθρώπων.

2205 4839 2497 4904 Ἐξέτεινα
2523 4843 2746 4909 αὐτοὺς
2774 4844 2841 4897 ἐν
2864 4843 3108 4914 δεσμοῖς
3132 4845 3491 4916 ἁγαπιὶσεώς
3515 4863 3654 4914 μου.

2257 4933 2448 4998 ΡΚ(Ῐ’⁸
2490 4932 2822 5004 ’Λμέτρητον
2861 4931 3026 4988 οὖσαν
3090 4938 3183 4989 καὶ
3227 4937 3506 5008 θεοπρεπῆ
3549 4936 3645 5007 τὴν
3675 4937 3759 4988 ὲν-

2184 5020 2347 5074 οὖσαν
2388 5021 2534 5092 αὑτῷ
2579 5023 2847 5077 δείκνυσιν
2879 5026 3212 5096 ἡμερότητα.
3243 5027 3316 5078 Τὸ
3364 5026 3460 5096 μὲν
3501 5027 3608 5096 γὰρ
3652 5028 3757 5087 τοῖς

2183 5111 2284 5180 ἤδη
2316 5114 2721 5180 πεπιστευκόσι,
2748 5117 2842 5168 καὶ
2881 5117 3250 5186 ὲπεγνωκόσιν
3279 5117 3462 5181 αὑτὸν,
3489 5118 3584 5170 καὶ
3619 5115 3758 5184 αὐτῷ

2181 5201 2246 5271 δὴ
2275 5202 2419 5273 μόνῳ
2445 5209 2769 5274 προσκυνεῖν
2803 5209 3098 5278 ᾑρημένοις
3145 5209 3439 5278 ἀπονέμειν
3465 5208 3532 5261 τὰ
3566 5205 3760 5277 ἀγαθὰ,

2184 5295 2340 5364 λόγον
2373 5299 2439 5350 ἂν
2470 5299 2579 5368 ἔχοι
2613 5300 2701 5352 τὸν
2732 5303 3032 5372 πρέποντα,
3057 5305 3150 5356 καὶ
3175 5303 3276 5355 οὐκ
3305 5303 3410 5369 ἔξω
3438 5301 3532 5354 τοῦ
3560 5301 3762 5360 εἰκότος

2181 5386 2244 5440 τδ
2275 5389 2463 5460 Χρῆμα
2497 5391 2753 5445 κείσεται.
2786 5393 2933 5464 Τιμᾷ
2975 5395 3082 5464 γάρ
3111 5412 3216 5457 τις,
3249 5395 3407 5464 εἴπερ
3441 5395 3613 5446 ἕλοιτο
3635 5392 3765 5461 δρᾷν

2478 5574 2520 5605 ⁶⁰
2547 5575 2687 5632 Psal.
2727 5592 2924 5645 LXXXV,
2961 5580 3047 5633 l6.
3124 5581 3165 5612 "
3197 5579 3335 5634 Psal.
3371 5591 3565 5642 χχχιιι,
3605 5573 3688 5628 ιϐ.
