4034 6270
218 362 333 422 ῗίῖὃ

1151 350 1704 414 COMMENTARIUS
1742 350 1807 406 ΙΝ
1849 349 2081 407 OSEAM
2124 350 2567 408 PROPHETAM.

3112 300 3141 313 ﬁ.

3381 358 3488 413 ‘Zilil

227 478 430 552 ὀρθῶς,
459 476 548 531 τὸν
579 477 780 531 οἰκεῖον
809 476 932 547 ἤδη,
965 475 1062 529 καὶ
1091 469 1635 545 προσδεδραμηκότα.
1663 468 1735 524 Τὸ
1756 467 1811 523 δὲ

1914 468 2043 533 sibi,
2084 477 2139 525 et
2189 484 2219 522 a
2263 468 2367 524 [ide
2408 484 2502 524 sua
2559 469 2698 523 ultro
2751 469 3072 539 pendentem
3124 472 3370 527 honorat.
3423 479 3491 530 At

233 572 333 624 καὶ
358 573 465 632 τοῖς
492 568 736 639 βεϐήλοις
765 568 869 632 ἔτι,
906 568 1000 621 καὶ
1041 567 1142 620 οὐκ
1171 565 1367 619 εἰδόσιν
1408 564 1591 629 αὑτὸν,
1618 564 1817 628 παντὸς

240 657 442 728 ἀγαθοῦ
470 655 752 727 φαίνεσθαι
786 654 1053 727 χορηγὸν,
1093 655 1400 727 ὑπερϐολὴν
1442 655 1508 709 ἂν
1549 655 1663 724 ἔχοι
1698 656 1817 723 φιλ-

245 746 562 817 ανθρωπίας,
598 746 694 799 καὶ
741 745 1042 816 θαύματος,
1077 744 1170 799 καὶ
1216 744 1555 817 θεοπρεποῦς
1605 745 1817 815 ἀληθῶς

242 837 502 902 ἀπόδειξιν
534 837 894 907 ἡμερότητος.
928 836 1223 909 Τοιγάρτοι
1268 836 1361 890 καὶ
1387 837 1550 901 αὐτὸς
1581 837 1817 907 ἔφασκεν

235 931 265 985 ό
289 928 496 1001 Σωτὴρ,
527 930 915 1001 κατοικτείρων
946 931 1013 984 τὰ
1047 930 1168 983 καθ’
1203 931 1370 1001 ἡμᾶς,
1421 931 1513 984 καὶ
1541 931 1631 984 τὸν
1662 932 1818 985 οὐδα-

237 1018 397 1091 μόθεν
421 1022 702 1091 πρέποντα
722 1023 835 1085 τοῖς
853 1020 1169 1092 φιλαμαρτή
1180 1038 1335 1090 μοσιν
1357 1020 1504 1074 ἔλεον
1530 1020 1817 1093 ἀπονέμων

229 1110 305 1174 ὡς
329 1111 492 1176 Θεὸς,
523 1112 654 1164 ποτὲ
690 1112 816 1183 μὲν,
843 1112 925 1166 ὅτι
956 1130 972 1163 ι
1006 1111 1079 1165 Οὐ
1106 1110 1295 1181 χρείαν
1324 1108 1537 1182 ἔχουσιν
1562 1111 1611 1164 οί
1640 1111 1819 1179 ὑγιαί-

231 1218 413 1265 νοντες
446 1204 634 1273 ίατροῦ
653 1243 667 1263 ,
698 1201 814 1256 ἀλλ’
846 1203 895 1257 οί
919 1202 1104 1267 κακῶς
1138 1201 1379 1272 ἔχοντες·
1421 1221 1439 1253 ι
1474 1203 1604 1256 ποτὲ
1629 1203 1685 1256 δὲ
1715 1202 1819 1256 πά-

231 1290 334 1359 λιν,
366 1312 387 1344 ι
417 1293 529 1346 Οὐκ
556 1289 722 1364 ἦλθον
750 1293 977 1348 καλέσαι
1007 1293 1269 1357 δικαίους,
1300 1292 1436 1348 ἀλλά
1462 1293 1817 1366 ἁμαρτωλοὺς

230 1383 309 1446 είς
343 1384 651 1452 μετάνοιαν.
685 1404 704 1436 ι
753 1385 949 1440 Καίτοι
1006 1384 1209 1452 τοίνυν,
1255 1385 1483 1456 φησιν..
1516 1386 1814 1453 τουτέστιν,

229 1473 277 1523 ai
310 1472 369 1537 ἐξ
400 1474 617 1545 Ἰσραὴλ
646 1475 957 1529 ἐπλανῶντο
998 1476 1141 1530 κατᾶ
1183 1475 1282 1547 τὴν
1332 1476 1623 1544 Αἴγυπτον,
1664 1476 1815 1531 οὔπω

229 1563 362 1617 Θεὸν
405 1565 607 1636 ᾔδεσαν
654 1567 748 1620 τὸν
788 1566 1078 1638 ἀληθινὸν,
1126 1565 1227 1637 ἐμέ
1251 1579 1265 1595 ⁸
1312 1566 1706 1636 κατεφωρῶντο
1757 1567 1814 1621 δὲ

235 1655 438 1726 μᾶλλον
470 1656 663 1720 θυσίας
694 1659 1058 1729 προσάγοντες
1099 1659 1211 1720 τοῖς
1253 1656 1516 1731 Βααλεὶμ,
1548 1658 1813 1723 τουτέστι,

230 1749 343 1810 τοῖς
374 1746 632 1810 εἰδώλοις,
654 1747 955 1820 θυμιῶντες
979 1751 1093 1813 τοῖς
1122 1748 1400 1818 γλυπτοῖς,
1427 1749 1547 1820 ἤτοι
1571 1752 1681 1815 τοῖς
1701 1751 1811 1804 τῶν

1924 574 2051 627 vero
2080 568 2133 615 et
2156 558 2396 630 profanis
2429 561 2630 643 adhuc,
2665 570 2719 616 et
2746 561 2917 630 ipsum
2945 562 3306 620 nescientibus
3328 580 3493 623 omne

1921 651 2118 705 bonum
2156 650 2331 722 palam
2365 649 2576 720 largiri,
2623 651 2975 708 excellentem
3012 654 3396 726 benignitatem
3438 669 3494 717 et

1921 744 2335 798 admirationem
2365 744 2561 808 habet,
2605 752 2658 798 et
2697 760 2883 799 revera
2927 748 3355 806 mansuetudinis
3382 750 3493 805 Deo

1920 830 2149 900 praprize
2206 831 2562 888 indubitabile
2608 840 2692 887 est
2740 833 3017 889 indicium.
3068 837 3248 909 Quare
3289 850 3344 896 et
3378 842 3494 914 ipse

1920 923 2192 991 Salvator,
2222 923 2488 980 miserans
2520 937 2605 980 res
2632 934 2867 990 nostras,
2902 936 2955 982 et
2987 933 3251 998 peccandi
3283 935 3493 1006 cupidis

1919 1018 2234 1089 neutiquam
2272 1016 2611 1073 tribuendam
2659 1017 3088 1074 misericordiam
3130 1032 3186 1076 ut
3218 1022 3360 1080 Drus
3389 1028 3493 1080 im-

1918 1111 2179 1179 pertiens,
2236 1109 2473 1174 dicebat,
2526 1108 2638 1179 iam
2690 1108 2905 1178 quidem
2948 1129 2961 1165 :
3002 1128 3020 1161 ι
3052 1110 3167 1165 Νοη
3229 1125 3313 1168 est
3359 1132 3494 1185 Opus

1919 1204 2056 1257 bene
2083 1200 2385 1257 valentibus
2415 1201 2676 1269 medicus,
2706 1202 2800 1257 sed
2842 1200 2980 1257 male
3005 1202 3328 1261 habentibus
3344 1207 3391 1238 ⁸³
3419 1224 3435 1273 ;
3468 1229 3486 1260 ο

1912 1292 2025 1363 jam
2068 1308 2280 1348 rursum
2310 1308 2325 1346 :
2355 1312 2374 1346 ι
2402 1291 2516 1349 Non
2563 1296 2911 1363 venivocare
2931 1294 3133 1364 jusros,
3175 1299 3270 1353 sed
3301 1314 3496 1370 pecca-

1919 1395 2065 1441 tores
2113 1386 2181 1441 ad
2238 1387 2607 1457 paenitentiam
2636 1390 2704 1442 “.
2738 1406 2757 1439 ι
2819 1387 2911 1444 Ait
2967 1404 3194 1461 στερη..
3236 1392 3340 1449 hoc
3386 1404 3492 1463 est,

1916 1476 2176 1532 lsraelitze
2228 1478 2280 1532 in
2326 1474 2560 1551 Egypto
2608 1495 2848 1535 errorem
2897 1496 3056 1536 suum
3104 1484 3491 1554 sequebantur,

1917 1568 2150 1621 nondum
2190 1568 2355 1623 Deum
2387 1582 2593 1635 verum,
2642 1586 2727 1624 me
2766 1571 2995 1639 scilicet,
3028 1573 3309 1642 sciebant;
3343 1590 3496 1633 com-

1916 1658 2052 1727 perti
2108 1667 2286 1713 autem
2340 1670 2467 1714 sunt
2517 1660 2688 1730 magis
2746 1661 2993 1729 Baalim,
3054 1664 3108 1719 id
3155 1675 3239 1721 est
3308 1669 3490 1738 idolis,

1916 1748 2118 1805 hostias
2152 1750 2455 1815 immolare,
2476 1760 2528 1805 et
2563 1753 2782 1807 adolere
2815 1754 2971 1808 thura
3004 1754 3334 1826 simulacris,
3379 1758 3495 1816 sive

236 1842 520 1914 ἐγχωρίων
554 1842 911 1915 σεϐάσμασιν.
929 1842 1073 1913 Ἐγὼ
1101 1842 1158 1897 δὲ
1181 1843 1413 1916 ἐπείπερ
1439 1845 1555 1916 εἰμὶ
1578 1846 1811 1918 χρηστός

1915 1843 2018 1897 diis
2047 1844 2333 1916 indigenis.
2382 1845 2495 1917 Ego
2529 1860 2676 1913 vero,
2703 1846 2958 1918 quoniam
3006 1852 3274 1921 benignus
3304 1863 3358 1909 et
3393 1857 3492 1912 be-

238 1947 298 1984 τε
350 1932 449 1986 καὶ
507 1932 740 2002 ἀγαθὸς,
775 1933 973 2006 καίπερ
1021 1931 1188 1997 οὕτως
1247 1932 1437 2005 ἔχοντα
1494 1937 1812 2009 σκαιότητος

242 2021 333 2073 τὸν
358 2023 626 2095 Ἐφραῒμ,
662 2024 783 2095 ἢτοι
804 2024 925 2079 καθ’
953 2024 1072 2080 ὅλου
1105 2025 1194 2080 τὸν
1221 2026 1457 2098 Ἰσραὴλ,
1485 2027 1559 2090 ὼς
1588 2028 1652 2081 ὲκ
1685 2031 1814 2099 μιᾶς

244 2113 434 2167 ἐνθάδε
465 2115 637 2186 φυλῆς
669 2115 1014 2187 δηλούμενον,
1040 2116 1371 2179 συνεπόδισα,
1407 2117 1591 2189 φησίν.
1622 2119 1732 2171 Καὶ
1760 2120 1814 2173 τί

240 2203 304 2274 δὴ
332 2203 494 2258 τοῦτό
527 2208 698 2269 ἐστιν,
734 2206 897 2271 αὐτὸς
923 2207 1228 2280 διεσάφησε,
1253 2207 1427 2278 λέγων
1449 2224 1460 2237 ·
1497 2210 1812 2264 ιἈνέλαϐον

234 2296 397 2349 αὐτὸν
420 2297 514 2350 ἐπὶ
544 2299 635 2351 τὸν
662 2298 922 2369 βραχίονά
952 2316 1072 2370 μου.
1107 2319 1126 2352 ι
1147 2296 1211 2353 Ἡ
1231 2300 1286 2355 δὲ
1315 2296 1407 2355 τοῦ
1431 2302 1810 2373 παραδείγμα-

230 2402 326 2448 τος
360 2387 636 2459 ὁμοιότης,
662 2389 739 2453 ὡς
771 2392 833 2442 ἐκ
862 2389 954 2444 τοῦ
980 2390 1256 2463 δρωμένου
1287 2392 1414 2463 περ)⁵
1438 2393 1506 2446 τὰ
1530 2393 1719 2464 νήπια.
1747 2395 1810 2448 0i.

229 2473 346 2545 γὰρ
366 2475 437 2528 τὰ
466 2475 637 2548 μικρὰ
667 2477 777 2531 τῶν
800 2477 1015 2549 βρεφῶν
1044 2481 1125 2544 εἰς
1171 2482 1361 2552 χεῖρας
1403 2480 1811 2553 ἀναλαμϐάνον-

224 2584 345 2631 τες,
390 2568 550 2620 οἱονεὶ
595 2569 1006 2640 συμποδίζουσιν
1037 2569 1197 2637 αὐτὰ,
1246 2572 1655 2641 συνενεγκόντες
1686 2573 1812 2640 τοὺς

224 2657 421 2719 πόδας.
466 2659 556 2709 Δεῖ
597 2657 725 2729 γὰρ,
762 2656 937 2731 οἶμαι,
970 2661 1356 2715 συστέλλεσθαι
1389 2656 1596 2736 μηρούς
1624 2681 1686 2718 τε
1714 2669 1812 2723 καὶ

220 2750 432 2819 γόνατα
468 2750 668 2815 παντὸς
698 2752 795 2805 τοῦ
832 2752 1205 2824 συνιζηκότος,
1240 2750 1508 2823 τουτέστι,
1539 2759 1602 2812 τὸ
1644 2779 1663 2812 ι
1697 2777 1813 2814 συν⁴

220 2842 479 2896 επόδισαο
514 2860 533 2894 ι
589 2841 848 2914 καθάπερ
892 2840 1085 2914 ἀμέλει
1131 2845 1226 2898 καὶ
1277 2847 1405 2917 περλ¹
1444 2848 1538 2902 τοῦ
1561 2849 1812 2923 Ἀϐραὰμ

220 2936 558 3005 γέγραπται,
582 2935 666 2988 ὅτι
698 2934 1246 2991 συνεπόδισενΊσαάκ
1265 2936 1357 2991 τὸν
1380 2939 1491 2993 υίὸν
1512 2941 1698 3005 αὑτοῦ,
1722 2944 1811 2998 ὅτε

219 3027 325 3080 καὶ
354 3026 503 3080 θύειν
530 3027 692 3081 αὐτὸν
719 3026 1086 3099 προσεδόκησε
1115 3028 1191 3100 τῷ
1223 3026 1361 3102 Θεῷ.
1402 3033 1611 3088 Είδέναι
1641 3034 1695 3089 δὲ
1719 3037 1812 3090 ἀν-

216 3120 475 3185 αγκαῖον,
515 3117 596 3171 ὅτι
635 3117 744 3171 τῶν
779 3118 1048 3192 Ἐϐραίων
1083 3118 1115 3191 ἡ
1143 3119 1373 3191 ἔκδοσις,
1399 3123 1492 3179 καὶ
1522 3126 1628 3196 μὴν
1661 3127 1809 3198 καὶὴ

213 3206 338 3260 τῶν
369 3208 597 3278 ἐτέρων,
637 3207 735 3260 οὐκ
777 3207 890 3279 ἔχει
921 3209 1004 3275 τὸ,
1040 3229 1059 3261 ι
1096 3213 1437 3270 συνεπόδισα.
1470 3233 1488 3266 ι
1521 3196 1811 3279 Τεθείκασι⁹
1838 3196 1880 3255 C

209 3299 275 3353 δὲ
312 3298 516 3369 μᾶλλον
550 3298 630 3363 τὸ,
669 3318 685 3349 ι
719 3299 949 3368 Γέγονεν
999 3300 1075 3366 ὡς
1125 3302 1343 3376 τιθηνὸς
1374 3305 1454 3377 τῷ
1492 3307 1752 3379 Ἐφραῖμ.
1785 3328 1808 3362 ι

208 3388 437 3444 Οὐκοῦν
468 3388 578 3458 ἐγὼ
614 3390 712 3460 μέν
755 3391 882 3462 περὶ
920 3391 1116 3457 αὐτοὺς
1148 3395 1411 3463 τοιοῦτος,
1438 3397 1590 3451 αὐτοὶ
1627 3396 1683 3453 δὲ
1713 3400 1813 3455 οὐκ

207 3485 492 3551 ἔγνωσαν,
517 3482 815 3549 τουτέστιν,
842 3484 901 3537 οὐ
932 3486 1190 3558 συνῆκαν,
1213 3490 1314 3542 οὐκ
1344 3489 1573 3561 ᾔσθοντο
1594 3492 1675 3546 ὅτι
1707 3509 1810 3547 κα-

210 3576 536 3647 ταφθείρων
589 3576 834 3646 ἐτέρους,
878 3578 987 3632 τῶν
1022 3582 1146 3634 κατ’
1171 3583 1369 3646 αὐτοὺς
1408 3585 1665 3656 ποιοῦμαι
1711 3585 1810 3658 τὴν

209 3666 623 3738 ἐπανόρθωσιν
651 3666 806 3720 τοῦτο
836 3668 944 3741 γὰρ
968 3670 1049 3738 τὸ,
1083 3673 1308 3742 ι’ῐαμαι
1344 3675 1541 3740 αὐτοὺς
1591 3678 1649 3731 ἐν
1694 3678 1810 3734 δια..

210 3760 401 3830 φθορᾷ
449 3757 816 3829 ἀνθρώπων.»
852 3761 1290 3835 Κατεφθάρησαν
1343 3766 1441 3837 μὲν
1485 3768 1590 3841 γὰρ
1634 3769 1806 3839 Αἰγύ-

210 3870 369 3907 πτιοι
417 3852 625 3923 πρῶτοι
672 3853 792 3915 ταῖς
833 3851 962 3906 δέκα
1016 3853 1271 3922 πληγαῖς,
1306 3857 1405 3910 οὐκ
1434 3859 1677 3924 ἀνιέντος
1709 3861 1804 3916 τοῦ

209 3943 442 4016 Φαραὼ.
479 3943 633 3998 Μετά
662 3943 718 3996 δέ
756 3961 818 4012 γε
867 3945 965 4009 τὰς
1008 3947 1320 4014 Αἰγυπτίων
1351 3950 1584 4021 πληγὰς,
1616 3952 1806 4007 διολώο

209 4030 347 4085 λασι
390 4031 634 4096 Χεταῖοι,
676 4031 863 4084 Εὑαῖοι
899 4032 993 4085 καὶ
1022 4035 1358 4107 Ἀμορραῖοι,
1394 4039 1688 4095 Χαναναῖοι
1712 4044 1807 4097 καὶ

221 4120 573 4185 Ἰεϐουσαῖοι,
624 4121 716 4185 οὓς
763 4121 1063 4193 νενικηκὼς
1116 4126 1454 4197 κατακράτος
1496 4131 1525 4184 ό
1566 4131 1804 4206 Ἰσραὴλ,

212 4214 664 4285 κεκληρονόμηκε
711 4215 811 4284 τῆς
860 4214 1191 4283 ἐπαγγελίας
1231 4218 1334 4290 τὴν
1380 4218 1502 4290 γῆν,
1530 4221 1666 4276 Θεοῦ
1700 4226 1809 4281 πᾶν

209 4309 404 4370 αὐτοῖς
454 4305 885 4377 καταφιλοῦντος
929 4307 988 4359 τὸ
1037 4307 1283 4377 ἄναντες,
1314 4312 1408 4364 καὶ
1447 4312 1508 4365 τὸ
1548 4312 1805 4370 δύνασθαι

209 4398 642 4468 κατευμεγεθεῖν
667 4397 774 4453 τῶν
801 4397 1012 4470 ἐχθρῶν
1035 4401 1419 4471 ἀπονέμοντος.
1446 4405 1675 4471 Οὐκοῦν,
1704 4409 1805 4462 οὐκ

207 4488 585 4555 αἰσθάνονται,
612 4491 798 4562 φησὶν,
827 4490 908 4543 ὅτι
935 4491 1313 4564 καταφθείρων
1333 4495 1654 4567 ἀνθρώπους
1673 4500 1801 4564 τοὺς
1835 4535 1877 4589 D

207 4581 495 4650 ὁμογενεῖς
547 4581 751 4647 αὐτοῖς,
805 4577 864 4633 εὖ
915 4578 1125 4637 ἐτίθουν
1168 4588 1237 4639 τὰ
1280 4582 1400 4639 κατ’
1433 4588 1662 4653 αὐτούς·
1706 4592 1799 4645 καὶ

206 4673 458 4739 ἐξέτεινα
490 4672 710 4736 αὐτοὺς,
741 4673 1008 4740 τουτέστι,
1046 4675 1396 4745 συνέσφιγξα,
1421 4682 1514 4733 καὶ
1540 4682 1798 4754 συνέσχον

206 4767 268 4816 ἐν
307 4764 530 4834 δεσμοῖς
576 4764 975 4835 ἀγάπης.Ἀλλ’
1008 4768 1165 4838 εἴπερ
1193 4764 1332 4841 ἦσαν
1377 4775 1549 4840 σοφοὶ,
1580 4776 1798 4839 πάντως

207 4875 317 4909 που
361 4858 457 4910 καὶ
501 4856 811 4926 ὲνενόησαν,
844 4860 938 4913 καὶ
970 4859 1273 4928 ἐλογίζοντο
1307 4863 1446 4916 κατὰ
1486 4867 1644 4934 σφᾶς,
1677 4866 1797 4920 ἀνθ’

205 4949 339 5003 ὅτου
364 4946 436 5001 τὰ
467 4947 566 5016 μὲν
602 4947 730 5019 ἔθνη
761 4948 935 5005 ταῦτα
973 4951 1292 5023 κατεφθάρη
1321 4956 1470 5026 παρά
1492 4952 1651 5023 Θεοῦ,
1673 4959 1799 5011 ἀντ-

207 5038 683 5109 εισκεκομίσμεθα
730 5038 786 5094 δὲ
832 5045 1008 5113 ἡμεῖς.
1042 5044 1298 5107 Συνέντες
1340 5045 1449 5119 γὰρ
1494 5045 1688 5112 οὕτως,
1715 5046 1799 5101 ὅτέ
1834 5045 1841 5047 “

211 5128 500 5198 μεμίσηκα
538 5128 629 5181 τὸν
671 5129 967 5203 ἀλιτήριον,
998 5133 1094 5187 καὶ
1134 5135 1233 5188 οὐκ
1271 5136 1328 5188 ἐν
1356 5135 1498 5207 λόγῳ
1537 5137 1796 5208 ποιοῦμαι

203 5216 302 5271 τὸν
346 5214 454 5270 τῶν
494 5216 787 5283 δαιμονίων
828 5219 1186 5294 θεραπευτὴν,
1221 5226 1519 5293 κατέληξαν
1566 5227 1630 5279 ἂν
1656 5228 1795 5298 τάχα

208 5324 318 5360 που
347 5307 438 5362 τοῦ
470 5308 601 5381 δρᾷν
632 5306 847 5361 ἑλέσθαι
873 5308 941 5362 τὰ
969 5316 1338 5386 παραπλήσια.
1370 5320 1460 5368 Δεῖ
1480 5318 1544 5389 δὴ
1568 5316 1661 5373 οὖν
1687 5321 1798 5391 ἄρα

207 5401 326 5463 τοῖς
356 5399 632 5453 ἐθέλουσιν
661 5401 972 5471 εὐφραίνειν
1001 5402 1133 5457 Θεὸν
1160 5409 1254 5460 καὶ
1287 5408 1549 5476 λογισμοῦ
1583 5410 1795 5480 σώφρο-

208 5507 323 5552 νος,
355 5492 448 5543 καὶ
493 5492 691 5562 φρενὸς
737 5492 966 5564 ἀγαθῆς,
1000 5496 1092 5548 καὶ
1137 5495 1235 5566 τὴν
1262 5498 1343 5564 ἐφ’
1371 5499 1574 5567 ἑτέροις
1607 5500 1796 5575 ὀργὴν,

209 5582 505 5651 ἁσψαλείας
538 5583 808 5638 ποιεῖσθαι
833 5588 1125 5657 πρόφασιν.
1152 5588 1442 5642 Ιῐάνδεινον
1468 5589 1521 5639 δὲ
1548 5591 1641 5660 τῆς
1666 5597 1796 5667 ἀχα.

214 5675 425 5747 ριστίας
474 5679 534 5728 τὸ
586 5677 797 5747 χρῆμα,
834 5678 926 5731 καὶ
975 5680 1050 5742 ὡς
1095 5682 1179 5748 ἐφ’
1209 5679 1381 5733 ἅπασι
1427 5680 1539 5741 τοῖς
1580 5681 1795 5751 ἀτόποις

290 5772 519 5830 "Matth
574 5790 648 5833 rx,
684 5772 769 5825 12.
848 5775 893 5805 "
921 5774 1054 5831 ibid.
1092 5776 1174 5829 15.
1256 5775 1301 5806 ’⁵
1326 5774 1461 5830 Gen.
1504 5790 1639 5845 xx",
1668 5778 1719 5836 θ.

573 5868 848 5930 Parnm.
891 5866 1008 5924 Gn.
1062 5866 1158 5926 LX
1178 5867 1281 5932 Χῐ.

1920 1950 2021 1990 nus
2065 1951 2208 2002 sum,
2259 1936 2539 2007 Ephraim,
2582 1940 2697 1994 sive
2747 1940 3055 1998 universum
3103 1943 3265 2000 lsrael
3300 1946 3383 2019 (ut
3424 1963 3493 2007 ex

1919 2036 2022 2078 una
2066 2026 2206 2080 tribu
2237 2027 2324 2082 hic
2370 2028 2778 2101 significatum),
2819 2047 3127 2105 quanquam
3174 2039 3309 2095 adeo
3340 2044 3493 2101 stoli-

1919 2112 2043 2169 dum
2073 2118 2344 2188 colligavi,
2370 2119 2565 2191 inquit.
2597 2120 2749 2189 Quod
2773 2126 2903 2192 quid
2936 2126 3030 2192 sit,
3060 2128 3288 2198 ipsemet
3312 2134 3493 2189 deuia»

1923 2216 2024 2272 rat,
2072 2226 2089 2259 ι
2119 2211 2333 2280 suscepi
2382 2226 2507 2269 eum
2559 2228 2722 2284 super
2750 2214 3029 2273 brachium
3081 2236 3279 2281 meum.
3306 2243 3325 2275 ι
3364 2225 3493 2295 Qua:

1920 2298 2217 2357 similitudo
2272 2303 2339 2358 ab
2385 2303 2451 2359 iis
2495 2320 2615 2376 qua:
2670 2306 2968 2366 infantibus
3018 2311 3187 2379 ﬁunt,
3251 2316 3492 2375 ducitur.

1919 2386 2018 2455 Qui
2059 2391 2204 2444 enim
2246 2392 2480 2451 infantes
2533 2397 2587 2452 in
2637 2399 2792 2456 ulnas
2833 2402 3155 2473 suscipiunt,
3202 2408 3359 2475 quasi
3395 2423 3494 2466 eos

1919 2481 2269 2547 compedibus
2328 2482 2516 2554 ligant,
2581 2488 2706 2543 dmn
2757 2504 2943 2545 eorum
2988 2494 3150 2562 pedes
3195 2498 3492 2567 stringunt.

1918 2566 2143 2640 Oportet
2206 2575 2396 2642 enim,
2433 2587 2490 2631 ut
2550 2579 2828 2646 arbitror,
2868 2585 3113 2655 contrahi
3169 2566 3376 2646 leniora
3437 2603 3494 2648 et

1919 2677 2088 2730 genua
2135 2664 2421 2737 cujuslibet
2467 2670 2816 2728 considentis.
2849 2673 3023 2744 Atque
3061 2677 3165 2733 hoc
3204 2688 3307 2747 est,
3340 2698 3361 2733 ι
3390 2686 3495 2738 cui.

1918 2753 2109 2826 ligari;
2157 2776 2177 2809 δ
2231 2759 2374 2815 sicut
2446 2760 2692 2819 videlicet
2740 2774 2819 2820 .et
2880 2767 2947 2822 de
3013 2770 3286 2828 Abraham
3352 2778 3491 2832 scri-

1916 2856 2064 2916 ptum
2118 2860 2243 2917 est,
2295 2865 2419 2906 eum
2498 2852 2784 2926 colligasse
2861 2855 3019 2914 Isaac
3063 2861 3229 2918 tiliqu
3309 2881 3490 2934 suum,

1915 2940 2343 2998 sacrificaturum
2374 2944 2570 3015 Deo",
2609 2957 2668 3002 ut
2700 2950 2942 3018 putabat.
2994 2949 3285 3015 Sciendum
3329 2971 3494 3026 porro

1916 3030 2264 3091 Hebraeorum
2308 3037 2602 3093 editionem
2658 3048 2821 3111 atque
2875 3042 3107 3100 aliorum
3160 3047 3325 3105 etiam
3380 3066 3493 3108 non

1917 3122 2137 3192 habere,
2194 3141 2216 3176 ι
2246 3126 2586 3197 (εοιιὲειινὶςι
2652 3133 2751 3188 sed
2807 3131 2941 3189 illud
3002 3137 3202 3205 potius,
3268 3139 3495 3201 «factus

1913 3229 2031 3270 sum
2069 3217 2221 3286 quasi
2264 3219 2519 3275 untritius
2540 3218 2815 3290 prraim.
2845 3245 2867 3278 ι
2903 3225 3088 3298 innima
3130 3246 3235 3300 ego
3272 3233 3492 3302 quidem

1912 3319 2041 3376 erga
2089 3306 2234 3378 ipsos
2282 3310 2406 3366 talis
2455 3310 2568 3379 fui;
2623 3331 2643 3366 ι
2672 3314 2774 3384 ipsi
2825 3328 3008 3373 autem
3063 3337 3171 3377 non
3221 3338 3491 3393 cognove-

1914 3406 2062 3461 runt,
2093 3416 2112 3450 ι
2152 3399 2252 3455 hoc
2291 3411 2396 3466 est,
2441 3417 2549 3457 non
2594 3405 2988 3475 intellexerunt,
3040 3428 3143 3467 non
3194 3427 3482 3472 senserunt

1912 3503 1999 3543 ine
2030 3487 2163 3544 alios
2194 3490 2465 3560 perdenda
2502 3491 2637 3562 ipsis
2665 3496 2974 3563 consulere,
3015 3500 3115 3556 hoc
3151 3501 3311 3574 159
3339 3507 3484 3561 enim

1910 3587 2017 3645 est,
2049 3598 2069 3632 ι
2105 3594 2242 3637 sano
2270 3581 2413 3653 ipsos
2442 3584 2499 3640 in
2523 3588 2869 3656 corruptione
2897 3589 3196 3647 limninum.
3234 3613 3253 3646 ο
3289 3595 3489 3651 Corru-

1909 3670 1985 3740 pti
2034 3672 2205 3736 enim,
2244 3688 2339 3728 seu
2394 3675 2570 3729 vexati
2627 3685 2755 3731 sunt
2812 3678 3051 3749 ,Ἐπιτριὶὶ
3095 3682 3256 3750 primi
3300 3688 3488 3744 decent

1910 3762 2105 3833 plagis,
2134 3779 2240 3816 non
2265 3763 2567 3819 dimittente
2600 3762 2902 3821 Pharaone.
2932 3767 3063 3823 Post
3097 3770 3283 3840 plagas
3309 3773 3487 3847 Egy-

1912 3854 2051 3923 ptias
2091 3854 2369 3923 perierunt
2408 3855 2671 3925 Chethzni,
2718 3857 2860 3912 Evmi
2909 3867 2965 3913 et
3014 3860 3486 3931 Amort'h:ei,(.‘.ha-

1910 3945 2084 4000 natura
2130 3955 2185 4005 et
2225 3944 2477 4013 Jebusaei,
2514 3947 2711 4018 quibus
2752 3950 3035 4009 debellatis
3073 3954 3239 4012 lsrael
3282 3968 3484 4015 terram

1909 4033 2287 4099 promissionis
2322 4036 2552 4107 adeptus
2597 4047 2701 4103 est,
2739 4038 2847 4096 Deo
2896 4057 3059 4098 oinne
3100 4048 3329 4103 arduum
3374 4051 3485 4106 illis

1909 4125 2309 4194 complanante,
2367 4128 2745 4198 tribuenteque
2789 4142 2849 4187 ut
2895 4131 3141 4190 hostibus
3174 4141 3487 4207 superiores

1908 4216 2142 4272 evadere
2174 4227 2417 4287 possent.
2467 4219 2653 4288 igitur,
2686 4236 2793 4276 non
2837 4223 3360 4297 animadverterunt,
3396 4233 3492 4288 in-'

1910 4309 2050 4377 quit,
2088 4311 2233 4380 quod
2271 4308 2521 4367 homines
2561 4321 2766 4368 natura:
2795 4314 3038 4383 ipsorum
3078 4330 3359 4377 consortes
3385 4325 3482 4379 de-

1910 4399 2068 4468 lens,
2116 4417 2304 4456 eorum
2354 4403 2519 4460 rebus
2581 4404 2983 4476 prOSpiceretn,
3034 4417 3090 4465 et
3135 4414 3480 4471 extenderent

1909 4502 2023 4554 eos,
2064 4490 2166 4547 hoc
2211 4501 2316 4556 est,
2364 4494 2817 4566 constringerem,
2853 4509 2908 4552 et
2943 4500 3255 4557 cohiberent
3303 4519 3399 4561 eos
3427 4507 3481 4561 in

1906 4581 2136 4639 vinculis
2177 4584 2684 4657 charitatis.Atqui,
2736 4589 2780 4645 si
2827 4591 3153 4661 sapuissent,
3191 4595 3375 4664 utique
3425 4611 3481 4653 et

1906 4674 2255 4742 cogitassent,
2282 4686 2339 4731 et
2363 4677 2503 4747 apud
2535 4693 2596 4734 se
2631 4681 2933 4740 ratiocinati
2960 4695 3162 4753 essent,
3198 4702 3367 4757 quare
3398 4689 3484 4743 has

1905 4779 2095 4838 gentes
2125 4787 2154 4824 a
2185 4770 2296 4827 Deo
2322 4772 2533 4840 deletae,
2566 4784 2622 4830 et
2656 4776 2755 4845 ipsi
2788 4789 2977 4833 contra
3022 4782 3311 4839 introducti
3345 4784 3482 4841 fuis-

1906 4869 2046 4915 sent.
2090 4860 2182 4917 Sic
2231 4864 2402 4933 euim,
2454 4881 2576 4925 eum
2621 4868 3016 4926 intellexissent
3059 4875 3187 4942 quia
3243 4878 3479 4933 odissem

1904 4961 2269 5022 peccatorem,
2300 4955 2715 5029 daemonnmqne
2739 4959 3005 5016 cultorem
3034 4967 3479 5033 spernerem,de-

1903 5040 2123 5096 siissent
2145 5043 2376 5103 fortasse
2399 5049 2595 5104 similia
2618 5052 2983 5107 committere.-
3014 5054 3162 5122 Opus
3182 5066 3265 5110 est
3296 5057 3480 5129 itaque

1904 5129 2069 5186 Deum
2104 5132 2379 5191 lmtificare
2418 5140 2717 5197 volentibus
2742 5153 2796 5197 et
2828 5144 3076 5212 prudenti
3124 5147 3474 5215 cogitatione.

1903 5232 1958 5279 et
1990 5231 2171 5280 mente
2207 5225 2372 5296 bona,
2403 5237 2456 5284 et
2496 5230 2634 5285 iram
2677 5232 2729 5285 in
2763 5233 2896 5289 alios
2924 5233 2979 5288 in
3027 5250 3141 5290 sua:
3168 5238 3478 5295 securitatis

1903 5316 2247 5374 occasionem
2298 5330 2635 5376 convertere.
2688 5320 3082 5379 Gravissimum
3134 5338 3314 5382 autem
3358 5345 3478 5385 esse

1903 5410 2109 5464 crimen
2142 5411 2370 5480 ingratae
2403 5412 2718 5479 voluntatis,
2758 5424 2812 5467 et
2855 5414 3006 5481 quasi
3056 5419 3233 5473 omnis
3276 5419 3478 5488 impro-

1903 5501 2088 5554 bitatis
2153 5504 2466 5559 convictum
2514 5504 2712 5560 merito
2760 5507 2936 5576 puniri
2996 5508 3087 5575 qui
3137 5512 3241 5566 hoc
3288 5511 3481 5567 morbo

1907 5604 2139 5660 tenetur,
2184 5607 2234 5650 et
2282 5596 2406 5649 hinc
2439 5597 2596 5650 facile
2645 5610 2728 5652 est
2776 5602 2976 5656 videre.
3021 5602 3266 5674 Ingratus
3308 5605 3478 5671 enim,

1907 5686 2100 5755 inquit,
2131 5697 2213 5743 cst
2234 5686 2426 5743 similis
2453 5687 2781 5758 blasphemo.

3095 5876 3127 5935 θ
