4034 6270
505 278 617 334 £127
832 268 889 289 ⁴’

1496 284 1551 337 S.
1596 280 1862 337 (LYRILLI
1901 277 2366 334 ALEXANDle
2413 278 2728 335 ARCIIIEP.

3651 272 3757 327 268

514 390 897 464 έληλεγμένοις
932 394 1209 459 κολάζοιτο
1278 393 1341 447 ἂν
1379 396 1600 458 εἰκότως
1665 398 1690 449 ὖ
1716 398 1783 466 τῇ
1826 395 1967 465 νόσῳ
2008 392 2340 467 περιπεσὼν,
2402 395 2694 449 κάντεῦθεν
2730 396 2859 465 ἡμῖν
2900 393 3119 446 εὔκολον
3159 393 3304 446 ἰδεῖν.
3337 392 3395 445 Ὀ
3426 390 3534 463 γὰρ
3560 391 3756 461 ἀχάρι-

515 503 658 551 στος.
701 488 887 558 φησὶν,
912 489 985 551 ὡς
1018 489 1350 558 βλάσφημος.

591 577 654 630 Et
684 595 774 630 ero
809 578 914 630 illis
939 579 1094 646 quasi
1119 579 1251 631 (laus
1279 578 1487 644 alapam
1525 580 1679 632 [toruo
1713 596 1867 647 super
1890 580 2083 634 maxil-

2259 573 2369 629 Καὶ
2411 574 2627 639 ἔσομαι
2660 571 2867 639 αὺτοῖς
2897 575 2977 641 ὡς
3012 572 3273 642 ίαπίζων
3302 575 3615 643 ἄνθρωπος
3659 577 3760 631 ἐπὶ

516 672 595 723 las
628 670 762 738 ejus,
795 677 843 723 et
871 670 1150 736 respiciam
1180 670 1251 723 ad
1278 669 1452 737 illum,
1483 670 1776 739 pra't'alebo
1803 671 1904 726 illi.

581 843 838 900 CXXVII.
896 845 1160 912 Quoniam
1216 846 1428 902 dicebat
1480 863 1540 902 se
1582 848 1834 903 dilexisse
1885 861 2000 907 eos.
2034 854 2089 900 et

513 937 685 991 instar
730 937 952 992 infantis
999 939 1051 991 itt
1087 938 1306 993 brachia
1351 940 1651 1010 accepisse,
1679 947 1733 993 et
1764 937 1912 992 velut
1958 953 2087 993 con-

514 1028 805 1083 strimisse
836 1027 1066 1082 vinculis
1094 1027 1382 1083 charitatis
1411 1026 1694 1098 Ephraim,
1732 1026 1859 1082 licet
1889 1027 2085 1081 etiam-

516 1137 642 1174 num
678 1119 960 1190 profanum
992 1130 1045 1174 et
1074 1120 1421 1191 ﬂagitiosum,
1463 1118 1669 1174 idcirco
1705 1130 1759 1173 et
1795 1134 2090 1173 conversu-

514 1227 636 1264 rum
666 1219 978 1279 peccantem
1014 1211 1188 1278 inquit
1218 1228 1231 1263 :
1278 1228 1297 1261 1
1334 1208 1505 1276 Quem
1536 1210 1679 1263 enint
1718 1209 1895 1277 diligit
1926 1209 2086 1271 Deus,

514 1304 762 1370 corripit,
797 1300 1028 1369 ﬂagellat
1061 1310 1238 1355 autem
1276 1315 1491 1355 omnem
1542 1299 1705 1352 lilium
1740 1315 1900 1369 quem
1951 1298 2091 1353 rcci-

514 1394 595 1463 pit
623 1395 688 1447 “.
729 1412 746 1444 ι
786 1392 915 1446 Vide
956 1404 1134 1444 autem
1175 1392 1446 1461 quomodo
1501 1391 1934 1447 mansuetudinis
1983 1390 2092 1444 Deo

514 1486 690 1554 dignm
737 1500 843 1538 non
894 1493 1171 1552 expertem
1221 1483 1386 1538 etiam
1438 1482 1800 1552 correptionis
1873 1480 2089 1535 modum

518 1578 862 1647 polliceatur.
911 1575 1131 1630 Similes
1170 1576 1313 1629 enim
1367 1573 1484 1627 fore
1528 1574 1660 1627 dicit
1707 1572 1877 1641 alapis
1930 1586 2091 1625 manu

490 1670 749 1724 ‘hutnana
776 1667 1025 1736 impactis
1055 1682 1182 1722 suos
1205 1666 1258 1720 in
1289 1680 1384 1721 eos
1409 1665 1663 1732 impetus.
1693 1663 1877 1718 Potest
1907 1673 2092 1717 autem

512 1758 823 1821 huiusmodi
864 1759 1101 1826 impetus
1140 1765 1405 1827 paternus
1451 1754 1718 1825 intelligi,
1772 1754 2093 1810 remissione

515 1858 571 1905 et
600 1850 866 1904 charitate
895 1862 1110 1918 poenam
1144 1849 1400 1913 miscens,
1437 1855 1489 1901 et
1533 1846 1678 1901 velut
1723 1844 1867 1899 lenta
1907 1860 2088 1910 manu,

2186 664 2294 731 τὰς
2321 665 2611 735 σιαγόνας
2652 665 2859 729 αὑτοῦ,
2896 664 2994 718 καί
3037 664 3435 734 ἐπιϐλέψομαι
3470 666 3623 734 πρὸς
3654 669 3763 721 αὺ-

2185 756 2313 819 τὸν,
2339 752 2675 824 δυνήσομαι
2708 752 2885 819 αὐτῷ.

2255 845 2427 900 ΡΚΖ’.
2473 847 2690 918 Ἐπειδὴ
2724 846 2832 917 γὰρ
2860 846 3096 916 ἔφασκεν
3142 848 3489 918 ἠγαπηκέναι
3535 865 3617 912 τε,
3665 849 3765 902 καὶ

2187 936 2262 997 ὡς
2292 938 2348 988 ἐν
2375 936 2525 1003 τάξει
2566 936 2797 1007 βρέφους
2830 938 2908 1001 είς
2951 937 3209 1010 βραχίονα
3252 938 3456 1004 λαϐεῖν,
3495 939 3765 993 συνδεῖναι

2187 1024 2243 1079 δὲ
2274 1025 2463 1096 ὥσπερ
2506 1026 2599 1080 καὶ
2648 1027 2705 1079 ἐν
2749 1026 2968 1095 δεσμοῖς
3009 1028 3249 1097 ἀγάπης,
3291 1029 3385 1082 καί
3420 1045 3503 1082 τοι
3538 1028 3767 1099 βέϐηλον

2189 1113 2290 1178 ἔτι,
2321 1114 2413 1166 καὶ
2442 1113 2722 1184 ἀλιτήριον
2769 1114 2897 1167 ὄντα
2935 1115 3026 1167 τὸν
3073 1113 3333 1185 Ἐφραῒμ,
3378 1117 3637 1188 ταύτῃτοι
3671 1118 3769 1170 καὶ

2186 1205 2537 1283 ἐπιστρέψειν
2565 1205 2986 1277 πλημμελοῦντα
3015 1224 3176 1276 φησιν
3203 1224 3216 1238 ·
3261 1227 3279 1260 1
3315 1210 3413 1262 ⁸ον
3440 1210 3550 1277 γὰρ
3580 1210 3766 1278 ἀγαπᾷ

2190 1294 2416 1369 Κύριος,
2454 1296 2720 1360 παιδεύει,
2755 1300 3013 1368 μαστιγοῖ
3039 1298 3096 1351 δὲ
3127 1299 3306 1352 πάντα
3349 1299 3465 1353 υἱὸν
3495 1300 3553 1354 ὃν
3583 1318 3758 1372 παραυ

2189 1386 2421 1456 δέχεται.
2451 1406 2470 1439 ι
2508 1387 2617 1441 Θέα
2645 1388 2701 1443 δὲ
2731 1389 2878 1453 ὅπως
2922 1391 3258 1462 ἡμερότητος
3299 1391 3398 1445 οὐκ
3439 1393 3767 1464 ἀμοιρήσειν

2191 1475 2288 1545 τῆς
2317 1475 2674 1549 θεοπρεποῦς,
2697 1479 2790 1532 καὶ
2820 1479 2910 1532 τὸν
2930 1479 3029 1549 τῆς
3055 1479 3399 1551 ὲπιπλήξεως
3425 1482 3767 1552 ὑπισχνεῖται

2190 1568 2410 1638 τρόπον.
2458 1569 2545 1621 Ἐν
2580 1570 2679 1640 ἴσῳ
2718 1571 2826 1640 γὰρ
2858 1571 3077 1624 ἔσεσθαί
3104 1588 3237 1643 φησι
3274 1574 3384 1636 τοῖς
3418 1574 3501 1636 είς
3545 1576 3770 1644 σιαγόνα

2195 1658 2500 1728 ραπίσμασι
2529 1658 2619 1711 διὰ
2648 1659 2746 1730 τῆς
2775 1658 3062 1731 ἀνθρώπου
3109 1659 3290 1730 χειρὸς
3334 1660 3404 1713 τὰ
3447 1661 3535 1719 ἐπ’
3573 1662 3771 1723 αὐτοὺς

2192 1751 2485 1819 κινήματα.
2516 1751 2729 1821 Πατρὸς
2766 1750 2811 1804 δ’
2840 1751 2907 1806 ἂν
2932 1754 3102 1805 νοοῖτο
3143 1751 3349 1823 κίνημα
3390 1753 3559 1815 τουτὶ,
3599 1753 3773 1821 φειδοί

2190 1841 2287 1893 καὶ
2312 1841 2500 1913 ἀγάπῃ
2528 1841 2885 1914 κεραννύντος
2904 1842 2972 1895 τὰ
3000 1840 3058 1908 ἐξ
3082 1844 3270 1914 ὀργῆς,
3298 1844 3393 1897 καὶ
3426 1838 3537 1897 οἷον
3565 1843 3771 1915 ἡρέμα,

515 1948 570 1997 et
611 1940 700 1995 vix
737 1939 1072 2008 percutiens,
1117 1952 1188 1993 ne
1233 1937 1452 2006 penitus
1488 1950 1592 1989 non
1636 1934 1944 1989 vindicasse
1972 1933 2085 1989 cnl-

2196 1931 2287 1984 καὶ
2315 1932 2459 2001 χειρὶ
2483 1932 2808 2003 πλήττοντος
2834 1933 3008 2003 μόλις,
3041 1933 3117 1997 ὡς
3156 1934 3223 1988 ἂν
3265 1935 3341 2007 μὴ
3383 1937 3773 2008 ἀνεπιτίμητος

438 2026 441 2029 ’
516 2047 639 2102 pam
685 2032 957 2086 videatur.
1006 2029 1273 2097 Quoniam
1331 2038 1514 2082 autem
1555 2026 1762 2092 dilexit,
1800 2025 1963 2081 etiam
2012 2039 2096 2079 re-

514 2134 823 2196 spect‘urunt
873 2136 1038 2192 super
1100 2120 1274 2192 ipsum
1326 2117 1582 2188 spondet.
1634 2118 1898 2188 Dignatur
1947 2116 2091 2171 cnim

517 2225 763 2285 respectu
798 2226 936 2281 quos
967 2212 1257 2267 honestare
1286 2209 1539 2276 voluerit,
1572 2216 1627 2263 et
1661 2207 1923 2278 ιιι-πνοιαί
1962 2221 2094 2262 con-

517 2319 598 2362 tra
645 2320 769 2369 nos,
804 2303 965 2374 160
1013 2301 1257 2357 doctrina
1293 2309 1349 2356 et
1387 2301 1589 2356 virtute
1635 2299 1821 2355 divina
1863 2297 2093 2354 rebelles

515 2397 620 2452 sibi
660 2394 980 2463 subiiciens.
1011 2392 1145 2448 Nam
1185 2407 1308 2448 cum
1344 2391 1399 2445 in
1448 2390 1727 2447 suadendo
1756 2390 1891 2445 nihil
1926 2390 2093 2458 pron-

516 2489 615 2552 cit,
664 2486 992 2541 necessitate
1026 2485 1090 2538 ad
1127 2484 1534 2553 complectenda
1586 2482 1816 2538 meliora
1856 2479 2093 2550 compcl-

516 2580 601 2643 lit,
651 2588 706 2633 et
737 2575 1181 2632 tribulationibus
1208 2574 1373 2646 adigit
1414 2575 1482 2629 ad
1515 2573 1567 2628 id
1611 2572 1753 2642 quod
1788 2573 1942 2628 nobis
1972 2573 2093 2642 plu-

518 2669 721 2722 rimtmt
744 2666 1019 2731 conducit,
1068 2674 1126 2720 et
1177 2665 1243 2719 ad
1289 2663 1518 2720 salutem
1558 2670 1644 2718 est
1702 2661 2089 2717 necessarium.

517 2759 716 2814 Audiat
744 2774 876 2828 ergo
903 2775 933 2812 ιι
962 2758 1117 2813 nobis
1149 2756 1531 2812 universorum
1567 2754 1735 2818 Deus,
1777 2772 1796 2806 1
1829 2752 1883 2808 in
1915 2752 2091 2808 tribuo

518 2849 716 2902 latione
764 2861 925 2917 parva
985 2845 1269 2912 castigatio
1316 2855 1406 2898 tua
1460 2843 1616 2898 nobis
1650 2842 1719 2895 ".
1764 2859 1784 2894 ι
1843 2840 1966 2896 ΙΙωο
2012 2848 2094 2896 est

518 2941 694 3006 alapa.
726 2937 795 2991 Et
829 2951 1039 2991 rursum
1073 2951 1088 2989 :
1123 2953 1143 2986 1
1178 2936 1393 3004 Castiga
1442 2948 1559 2996 nos,
1587 2933 1838 2998 Domine,
1878 2948 2092 2988 verum-

521 3039 702 3082 tamen
724 3028 777 3081 lu
813 3026 1041 3095 judicio,
1069 3032 1126 3078 ct
1156 3040 1260 3078 non
1294 3025 1347 3078 in
1395 3023 1599 3089 furore,
1632 3037 1700 3078 ne
1730 3037 1828 3078 nos
1858 3011 1925 3078 ad
1957 3038 2092 3092 pau-

519 3121 737 3174 citatem
786 3117 1008 3187 redigas
1041 3115 1111 3171 ".
1162 3132 1192 3167 τ
1239 3114 1501 3185 Castigari
1545 3114 1689 3169 enim
1748 3112 2093 3169 credentibus

521 3209 806 3264 molestum
858 3218 1023 3277 atque
1062 3206 1318 3262 acerbum
1370 3220 1477 3259 non
1525 3212 1631 3260 est.
1674 3202 1734 3259 In
1794 3203 1873 3258 ira
1913 3212 2092 3257 autem

2195 2022 2418 2095 ὑπάρχῃ
2467 2023 2768 2088 παντελῶς.
2808 2024 3026 2095 Ἐπειδὴ
3078 2025 3134 2079 δὲ
3178 2027 3452 2098 ἠγάπησε,
3498 2028 3596 2082 καὶ
3650 2030 3774 2082 ἐπι-

2194 2113 2412 2183 ϐλέψειν
2462 2115 2552 2168 ἐπ’
2606 2116 2766 2170 αὑτὸν
2806 2115 3220 2184 ἐπαγγέλλεται.
3279 2118 3445 2182 Ἀξιοῖ
3483 2118 3594 2190 γὰρ
3644 2121 3775 2173 sm-

2193 2206 2406 2271 πτείας,
2441 2206 2533 2271 οὓς
2558 2208 2624 2262 ἂν
2654 2208 2827 2262 ἕλοιτο
2852 2210 3037 2281 τιμᾷν,
3068 2211 3161 2264 καὶ
3186 2208 3409 2265 δύναται
3431 2210 3572 2282 πρὸς
3598 2213 3764 2283 ἡμᾶς.

2192 2295 2440 2366 ὲντεχνίᾳ
2517 2296 2612 2350 καὶ
2658 2296 2884 2368 δυνάμει
2939 2301 3006 2370 τῇ
3060 2299 3353 2371 θεοπρεπεῖ
3394 2300 3770 2372 χειρούμενος.

2191 2385 2318 2448 τοὺς
2350 2386 2508 2456 οἵπερ
2540 2387 2603 2441 ἂν
2640 2386 2849 2441 ἕλοιντο
2884 2390 3059 2443 νοσεῖν
3093 2388 3152 2442 τὸ
3187 2389 3416 2461 ἑξήνιον.
3463 2391 3525 2444 Ei
3560 2392 3667 2462 γὰρ
3697 2392 3774 2462 μὴ

2192 2476 2397 2530 πείθων
2422 2477 2682 2550 ὀνίνησιν,
2708 2479 2765 2547 ἐξ
2784 2479 3030 2552 ἀνάγκης
3055 2481 3374 2552 περιτρέπει
3395 2483 3534 2554 πρὸς
3555 2485 3615 2537 τὸ
3642 2484 3775 2555 δρᾷν

2193 2568 2410 2623 ἑλέσθαι
2434 2570 2496 2623 τὺ
2539 2571 2780 2641 ἄμεινον,
2816 2571 2911 2625 καὶ
2941 2571 3232 2643 μετασοὸεῖ
3258 2575 3378 2637 ταῖς
3405 2572 3617 2643 θλίψεσι
3638 2575 3776 2644 πρὲις

2191 2663 2253 2714 τὸ
2275 2661 2357 2715 ὅτι
2395 2660 2631 2732 μάλιστα
2655 2663 2933 2736 συμφέρον
2971 2681 3030 2717 τε
3057 2665 3212 2736 ἡμῖν,
3241 2665 3664 2735 καὶάναγκαῖον
3694 2669 3777 2730 εἰς

2196 2752 2491 2825 σωτηρίαν.
2534 2754 2803 2808 ’Ᾱκουέτω
2832 2749 3037 2834 δὴοοῦν
3071 2757 3208 2828 πρὸς
3245 2756 3403 2828 ήμῶν
3440 2761 3469 2813 ὁ
3500 2757 3609 2812 τῶν
3638 2759 3778 2813 ὅλων

2192 2843 2324 2908 Θεός
2343 2860 2359 2875 ο
2389 2865 2407 2895 ι
2431 2845 2519 2898 Ἐν
2549 2845 2725 2916 θλίψει
2754 2849 2927 2919 μικρᾷ
2950 2849 2983 2919 ή
3010 2848 3226 2904 παιδεία
3255 2867 3349 2904 σου
3383 2852 3534 2921 ἡμῖν,
3565 2869 3584 2904 s
3619 2850 3781 2905 τοῦτό

2193 2936 2407 2990 ἔστιτὸ
2455 2937 2730 3009 ῥάπισμα.
2785 2940 2897 2993 καὶ
2954 2941 3155 2995 πάλινθ
3211 2961 3230 2993 1
3261 2943 3555 2996 Παίδευσον
3605 2945 3779 3014 ἡμᾶς,

2193 3027 2387 3097 Κύριε,
2416 3028 2555 3099 πλὴν
2586 3030 2645 3083 ἐν
2671 3030 2871 3103 κρίσει,
2905 3032 3000 3085 καὶ.
3033 3033 3108 3103 μὴ
3136 3032 3193 3085 ὲν
3227 3033 3402 3104 θυμῷ,
3440 3034 3526 3087 ἵνα
3557 3034 3634 3105 μὴ
3666 3035 3781 3088 ὀλί-

2193 3132 2323 3185 γους
2350 3118 2497 3188 ήμᾶς
2522 3120 2775 3191 ποιήσῃς.
2808 3138 2827 3175 ι
2857 3122 2932 3176 Οὐ
2962 3123 3070 3193 γὰρ
3103 3122 3165 3176 τὸ
3193 3122 3536 3176 παιδεύεσθαι
3567 3126 3685 3188 τοῖς
3713 3122 3783 3179 εὖ

2192 3208 2449 3280 φρονοῦσι
2497 3210 2715 3280 πικρόν.
2767 3212 2841 3266 Τὸ
2895 3212 2954 3266 δὲ
3004 3213 3063 3266 ὲν
3102 3213 3234 3285 ὀργῇ
3276 3213 3643 3280 κολάζεσθαι,
3682 3218 3784 3269 καὶ⁵

521 3303 699 3370 puniri
733 3309 788 3355 et
827 3299 1106 3364 horribile,
1138 3307 1194 3355 et
1242 3296 1601 3365 intolerabile,
1640 3297 1749 3352 imo
1778 3295 1930 3352 exitii
1971 3295 2085 3365 ple-

2196 3299 2380 3367 δεινδν,
2422 3301 2517 3355 καὶ⁹
2559 3302 2837 3357 δύσοιστον
2864 3321 2875 3332 ·
2940 3304 3141 3375 μᾶλλον
3190 3305 3247 3359 δὲ
3295 3307 3392 3359 καὶ
3440 3305 3781 3377 ὀλέθρουοτδ

523 3406 650 3446 num
678 3400 783 3445 081.

595 3481 756 3537 Vens.
794 3477 851 3543 ὅ,
880 3476 932 3534 6.
970 3476 1250 3532 Habitavit
1286 3476 1539 3545 Epitraim
1565 3479 1621 3531 in
1649 3474 1902 3547 lEgypto,
1926 3485 1976 3530 et
1997 3474 2094 3529 As-

520 3588 615 3626 sur
643 3586 734 3625 rea:
770 3572 886 3638 ejus
909 3585 931 3632 ;
961 3570 1086 3640 quia
1120 3585 1224 3623 non
1254 3569 1415 3624 voluit
1441 3569 1688 3631 converti,
1717 3577 1767 3623 et
1795 3567 2094 3635 inﬁrmatus

517 3676 595 3718 est
627 3663 840 3733 gladius
871 3663 926 3716 in
966 3660 1262 3714 civitatibus
1291 3659 1428 3730 ejus,
1460 3669 1507 3714 et
1541 3660 1788 3730 requievit
1828 3658 1885 3712 in
1922 3659 2097 3712 maui-

525 3756 623 3810 bus
651 3755 818 3809 illius.
848 3751 914 3808 Et
947 3752 1216 3808 comedent
1240 3753 1305 3807 de
1332 3751 1757 3823 cogitationibus.

590 3931 871 3989 CXXVIII.
902 3932 1060 4000 Quod
1097 3931 1310 4004 sejungi
1340 3945 1371 3985 a
1424 3930 1555 3999 Deo,
1588 3928 1851 3985 effrenato
1892 3929 2093 3999 impetu

521 4022 590 4078 ad
622 4021 761 4076 mala
802 4020 1053 4078 facienda
1084 4022 1417 4091 praecipites,
1449 4027 1505 4075 et
1543 4020 1862 4076 rebellando
1892 4020 2094 4075 insole-

521 4129 679 4171 scere
707 4114 1113 4186 quodammodo
1145 4115 1408 4169 adversus
1437 4125 1584 4180 eum,
1613 4112 1864 4183 quamvis
1892 4111 1960 4167 ad
2004 4125 2093 4167 sa-

520 4207 685 4263 lutem
716 4206 1060 4272 invitantem,
1090 4205 1157 4261 ad
1185 4216 1488 4261 extremam
1530 4204 1891 4276 undequaquc
1928 4203 2096 4259 misc-

524 4299 660 4352 riam
702 4311 802 4353 nos
830 4296 1086 4364 deducat,
1116 4296 1308 4352 beatus
1343 4311 1563 4368 quoque
1613 4294 1811 4351 Paulus
1839 4296 2095 4356 ostendit.

520 4405 646 4445 cum
677 4391 802 4446 ait:
850 4405 872 4441 1
914 4388 1127 4452 Videte,
1173 4388 1412 4456 fratres,
1465 4403 1532 4444 ne
1577 4390 1838 4445 recusatis
1873 4388 2099 4458 loquen-

521 4492 656 4538 tern.
694 4499 716 4533 ι
753 4480 1114 4537 Nihilominus
1147 4489 1211 4534 et
1243 4494 1311 4534 ex
1343 4478 1631 4548 propositis
1659 4480 1838 4535 verbis
1860 4478 1916 4533 id
1946 4486 2099 4547 pate-

520 4577 622 4632 bit.
663 4572 876 4629 Relicta
908 4572 1054 4627 enim
1092 4571 1274 4643 patria
1314 4570 1505 4626 tellure
1536 4578 1656 4637 sua,
1705 4569 2101 4624 aerumnosissi-

2197 3393 2387 3464 χρῆμα
2428 3395 2646 3463 μεστόν.

2266 3483 2624 3553 Κατῴκησεν
2665 3485 2910 3555 Ἕφραῒμ
2951 3486 3021 3541 ἐν
3042 3488 3337 3558 Αἰγύπτῳ.
3383 3487 3482 3542 καὶ
3524 3489 3772 3556 Ἂσσοῖιρ

2195 3577 2377 3640 αὐτὸς
2421 3578 2722 3644 ,βασιλεὺς
2765 3578 2971 3644 αὑτοῦ,
3025 3578 3112 3632 ὅτι
3152 3583 3263 3634 οὐκ
3311 3579 3606 3647 ἐθέλησεν
3658 3581 3779 3633 ἐπι-

2197 3669 2476 3738 στρέψαι,
2503 3670 2603 3723 καὶ
2627 3671 2976 3739 ἠσθένησεν
3017 3671 3087 3724 ἐν
3121 3673 3388 3740 ῥομφαίᾳ
3417 3672 3488 3724 ἐν
3519 3671 3649 3738 ταῖς
3672 3673 3777 3725 πό-

2195 3763 2373 3814 λεσιν
2421 3761 2636 3815 αὐτοῖο
2694 3763 2792 3817 καὶ
2838 3762 3221 3818 κατέπαυσεν
3264 3763 3334 3817 ἐν
3379 3762 3509 3829 ταῖς
3571 3764 3782 3834 χερσὶν

2197 3851 2404 3906 αὐτοῦ.
2437 3852 2546 3907 Kal
2570 3851 2855 3922 φάγονται
2876 3854 2944 3908 ἑκ
2968 3853 3086 3908 τῶν
3117 3852 3476 3909 διαϐουλίων
3495 3855 3712 3912 αὐτῶν.

2269 3939 2581 4000 ΡΚΗ’.Ὀτι
2626 3944 2804 4013 πάντη
2853 3961 2912 3998 τε
2963 3947 3059 3998 καὶ
3098 3944 3319 4009 πάντως
3361 3947 3443 4009 είς
3482 3945 3637 4015 λῆξιν
3685 3947 3781 4016 τὴν

2199 4035 2460 4090 ἀνωτάτω
2486 4032 2687 4098 παντὸς
2722 4036 2870 4105 ἡμᾶς
2898 4035 3162 4106 ἀποφέρει
3193 4034 3363 4089 κακοῦ
3400 4035 3461 4090 τὸ
3488 4038 3723 4105 dtu-revocr;
3736 4038 3779 4089 ί-

2199 4122 2388 4198 ζεσ-θαι
2445 4118 2601 4188 Θεοῦ,
2658 4122 3068 4198 διανενευκότας
3120 4126 3365 4195 ἀσχέτως
3414 4126 3508 4180 ἐπὶ
3553 4128 3616 4180 τὺ
3654 4127 3781 4198 δρᾷν

2200 4196 2415 4270 ἑλέσθαι
2441 4214 2513 4268 τὰ
2538 4196 2902 4286 πονηρὰῖκαὶ
2933 4217 3054 4279 ταῖς
3074 4216 3376 4280 ἀπειθείαις
3408 4196 3782 4288 περιυϐρίζειν

2200 4302 2399 4373 τρόπον
2429 4302 2569 4365 τινὰ,
2596 4303 2773 4358 καίτοι
2809 4303 3075 4358 καλοῦντα
3107 4305 3243 4377 πρὸς
3274 4307 3545 4378 σωτηρίαν
3597 4306 3782 4372 αὐτὸν,

2203 4396 2458 4465 σαφηνιεϊ
2480 4395 2582 4465 μὲν
2608 4394 2782 4464 λέγων
2811 4397 2907 4450 καὶ
2937 4398 2964 4451 ὁ
3000 4399 3271 4470 μακάριος
3312 4398 3519 4461 Παῦλος
3539 4414 3554 4427 ο
3600 4417 3618 4450 1
3652 4399 3784 4453 Βλέ-

2204 4501 2356 4550 πετε,
2397 4485 2639 4555 ἀδελφοὶ,
2710 4485 2786 4558 μὴ
2840 4490 3251 4561 παραιτήσησθε
3299 4490 3389 4546 τὸν
3444 4488 3733 4547 καλοῦντα.
3761 4511 3779 4541 r

2204 4577 2367 4630 Οἰδὲν
2396 4576 2451 4630 δὲ
2478 4573 2640 4650 ἦττον
2669 4582 2762 4634 καλ⁸
2794 4580 2882 4635 διὰ
2902 4581 3010 4636 τῶν
3041 4585 3416 4655 προκειμένων
3462 4585 3596 4655 ἡμῖν
3625 4582 3780 4637 ἔσται

522 4682 647 4723 mus
669 4665 928 4733 Ephraim
956 4663 1251 4735 Egyptom
1278 4676 1378 4732 pro
1407 4661 1583 4730 patria
1614 4659 1823 4727 habuit,
1852 4659 1978 4713 dum
2009 4673 2095 4714 ca-

2202 4669 2535 4737 καταφανές.
2588 4670 3009 4737 Καταλελοιπὼς
3040 4675 3170 4746 γάρ,
3216 4677 3367 4748 φησὶ,
3394 4676 3495 4747 τὴν
3527 4674 3783 4745 ἐνεγκοῦο

525 4760 796 4813 Iamiqu
841 4754 1063 4811 bellicas
1104 4754 1317 4809 metuit.
1359 4752 1659 4824 Subiectus
1691 4762 1776 4809 est
1821 4753 1950 4808 item
1994 4751 2098 4824 ipsi

523 4852 718 4915 Assur,
744 4858 802 4903 et
832 4846 1118 4918 peregrino
1137 4856 1356 4915 sceptro
1385 4844 1654 4902 cervicem
1680 4844 2003 4914 supposuit;
2033 4857 2099 4899 eo

525 4956 764 5014 namque
798 4938 1128 4995 calamitatis
1176 4937 1415 4992 devenit.
1456 4935 1689 4992 Causam
1727 4936 1772 4990 si
1797 4935 1919 5006 quis
1947 4949 2097 5005 quae-

526 5048 637 5100 rat,
668 5035 737 5088 ab
802 5046 871 5089 eo
907 5030 1090 5086 audiet
1124 5028 1219 5100 qui
1259 5029 1409 5084 novit
1435 5027 1618 5084 omnia
1649 5044 1662 5081 :
1692 5043 1713 5079 1
1754 5026 1892 5093 Quia
1931 5025 2104 5082 noluit

527 5126 794 5181 converti.
831 5142 853 5177 ι
903 5122 972 5178 Et
1020 5133 1211 5191 captus
1243 5129 1335 5176 est
1381 5119 1596 5185 deinde,
1644 5129 1699 5176 et
1736 5119 1986 5175 subditus
2019 5118 2100 5172 l'a-

529 5227 649 5270 ctus
698 5225 787 5270 est
834 5215 1087 5272 osorihus
1137 5215 1275 5269 suis.
1319 5228 1341 5264 1
1384 5210 1696 5268 Inlirmatus
1740 5222 1825 5267 est
1851 5209 2103 5280 ‘namque

530 5307 746 5375 gladius
794 5309 848 5361 in
896 5306 1123 5362 urbibus
1162 5303 1301 5373 ejus,
1337 5313 1391 5359 et
1444 5304 1709 5372 requievit
1754 5303 1807 5358 in
1854 5302 2105 5358 manibus

531 5402 676 5470 ejus.
704 5414 726 5450 ι
753 5396 867 5453 IIoe
892 5408 996 5463 cst,
1031 5398 1085 5453 in
1116 5397 1263 5452 nulla
1289 5394 1498 5451 urbium
1531 5393 1788 5465 Ephrsim
1814 5395 2102 5464 quisquam

533 5500 726 5558 pugna:
770 5487 973 5555 sciens,
1004 5498 1061 5544 et
1093 5488 1184 5557 qui
1227 5495 1412 5558 posset
1460 5500 1681 5542 versare
1720 5484 1981 5556 gladium,
2018 5485 2104 5539 in-

603 5663 649 5695 "
677 5662 834 5717 Prov.
873 5678 951 5730 III,
987 5663 1071 5717 I2.
1146 5664 1187 5696 ³⁷
1211 5662 1322 5718 .Icr.
1360 5678 1487 5729 xxx,
1521 5661 1604 5718 ll.
1681 5662 1727 5693 ⁸⁸
1750 5660 1858 5716 .Icr.
1896 5675 2042 5726 λινε,
2068 5661 2158 5716 28.

2206 4773 2306 4812 σαν
2330 4758 2492 4813 αὐτὸν
2518 4760 2547 4813 ὁ
2568 4762 2868 4835 παμμόχθη
2879 4781 2968 4835 ρος
3013 4765 3253 4836 Ἐφραίμ
3287 4765 3409 4837 γῆν,
3434 4764 3627 4839 ὥσπερ
3652 4766 3784 4820 ἰδίαν

2203 4846 2303 4918 τήν
2330 4849 2641 4917 Αἰγυπτίων
2657 4852 2973 4923 ἐποιήσατο,
3001 4853 3103 4918 τὰς
3123 4856 3188 4907 ὲκ
3214 4854 3308 4907 τοῦ
3334 4853 3573 4925 πολέμου
3601 4852 3786 4916 δεδιὼς

2207 4940 2511 5012 συμφοράς.
2547 4941 2740 5012 Γέγονε
2774 4943 2831 4997 δὲ
2859 4944 2953 4998 καὶ
2980 4945 3072 4999 ὑπ’
3103 4947 3265 5001 αὐτόν
3288 4947 3379 5000 τὸν
3413 4946 3666 5019 ’Δσσοίδρ,
3696 4946 3789 4999 καὶ

2205 5029 2437 5095 ὀθνείοις
2465 5032 2764 5105 σκήπτροις
2811 5034 3085 5105 ὑπήνεγκε
3108 5037 3198 5090 τὸν
3231 5036 3453 5107 αὐχένα’
3487 5035 3788 5090 κατώλισϐε

2206 5120 2318 5192 γὰρ
2346 5122 2425 5185 είς
2447 5119 2606 5175 τοῦτο
2631 5123 3022 5197 ταλαιπωρίας.
3086 5127 3207 5182 Κᾶν
3257 5128 3312 5179 εί
3343 5144 3426 5192 τις
3472 5126 3652 5198 έροιτο
3694 5127 3792 5196 τὴν

2210 5212 2408 5280 αἰτίαν,
2457 5214 2748 5270 ἀκούσεται
2790 5216 3041 5285 λέγοντος
3093 5218 3186 5272 τοῦ
3229 5219 3297 5273 τὰ
3347 5221 3524 5275 πάντα
3566 5218 3790 5282 είδότος’

2217 5322 2237 5356 1
2266 5305 2389 5359 Ὅτι
2415 5306 2517 5361 οὐκ
2537 5306 2803 5378 ἠθέλησεν
2823 5308 3170 5383 ἐπιπρέψαι.
3198 5330 3217 5363 ι
3256 5310 3527 5385 Ταύτῃτοι
3557 5312 3655 5365 καὶ
3680 5312 3795 5382 ἥλω

2209 5392 2417 5463 λοιπὸν,
2466 5398 2561 5451 καὶ
2621 5397 2727 5452 ὑπὸ
2770 5401 2928 5472 χεῖρα
2976 5401 3165 5469 γέγονε
3217 5400 3325 5455 τῶν
3383 5402 3789 5473 μεμισηκότων.

2220 5506 2237 5538 1
2261 5488 2551 5561 Ἦσθένησε
2581 5490 2689 5563 γὰρ
2712 5493 2769 5547 ἐν
2798 5494 2919 5557 ταῖς
2947 5494 3162 5548 πόλεσιν
3202 5492 3366 5549 αὑτοῦ
3403 5495 3670 5566 ῥομφαία,
3702 5491 3794 5545 καὶ
