4034 6270
499 438 603 495 271

1485 433 1555 490 ~S.
1598 429 1878 490 CYRI'LLI
1915 432 2388 490 ALEXANDRl-‘Nl
2433 431 2752 489 ARCHIEP.

3681 436 3790 491 ΞΗ

506 553 653 609 illius
681 551 836 609 abire
871 549 1203 622 concupivit,
1258 552 1610 619 quantumvis
1646 553 1784 607 Dens
1828 569 2086 622 expresse

2196 552 2488 620 Μονονουχ¹ι
2539 552 2632 603 καὶ
2686 548 3021 620 ἐξεκρέματο
3076 547 3170 602 τοῦ
3221 549 3473 620 'Aaaoiip,
3527 529 3657 603 καῖ’
3691 547 3798 613 τὴν

506 645 944 715 prmnnntiasset,
984 643 1208 697 omnino
1254 642 1382 697 talia
1429 659 1490 699 se
1543 645 1908 712 indueturmn,
1979 646 2082 700 nisi

503 734 881 803 penitentiam
924 743 1170 800 agerent.
1209 732 1478 799 Quoniam
1533 735 1632 803 ipsi
1679 737 1744 789 ad
1777 736 1920 790 hunc
1961 752 2088 791 sco-

502 840 631 895 pum
681 825 1106 892 descenderunt,
1143 842 1162 877 ι
1199 825 1470 881 irascetur
1524 827 1667 883 Deus
1715 843 1880 898 super
1919 827 2090 883 hono-

503 926 619 970 rata
656 915 794 985 eius.
829 934 849 969 ι
880 914 1180 982 Honorata,
1208 926 1262 972 et
1299 917 1522 983 eximia,
1559 929 1613 973 et
1646 922 1962 988 pra-stantia
1996 936 2089 990 po-

503 1008 618 1076 puli
650 1023 805 1076 reges
848 1008 1105 1063 nimirum
1160 1017 1312 1077 sunt,
1357 1019 1414 1065 et
1457 1011 1646 1075 duces,
1683 1012 1774 1081 qui
1815 1028 1920 1066 una
1963 1028 2086 1068 cum

506 1100 668 1168 vulgo
711 1099 932 1156 abducti
984 1110 1111 1156 sunt
1159 1102 1368 1165 miseri,
1421 1110 1478 1157 et
1526 1103 1695 1166 servi,
1744 1113 1800 1157 et
1860 1103 2087 1171 captivi,

503 1192 630 1260 quia
673 1193 949 1263 subjectos
976 1193 1334 1258 seduxerunt,
1366 1203 1420 1246 et
1446 1191 1576 1246 facti
1609 1201 1736 1246 sunt
1769 1193 1992 1262 laqueus
2028 1193 2096 1249 iis

460 1335 473 1378 )
515 1285 632 1352 qui,
691 1287 734 1338 si
795 1285 1091 1340 voluissent
1135 1285 1259 1355 ipsi,
1301 1285 1442 1339 viam
1492 1284 1831 1340 rectitudinis
1875 1300 2097 1340 currere

506 1384 782 1442 poterant.
842 1373 1070 1445 Semper
1121 1378 1266 1429 euint
1327 1375 1495 1430 duces
1548 1375 1782 1430 subditis
1828 1385 2090 1446 prmennt.

506 1464 676 1518 Erunt
713 1466 896 1534 itaque
952 1466 1187 1521 humiles
1236 1475 1290 1521 ct
1341 1465 1560 1536 abjecti,
1620 1468 1872 1536 quamvis
1921 1467 2092 1539 gloria

504 1555 833 1611 adiunxerint.
862 1557 1029 1613 l'lane
1060 1560 1205 1614 enim
1241 1560 1388 1630 regni
1422 1561 1617 1614 solium
1649 1562 1810 1614 decus
1838 1575 2092 1630 magnum

500 1649 689 1703 habet.
747 1649 944 1702 Verum
1004 1661 1110 1702 non
1161 1650 1487 1704 exaltaverit
1546 1651 1666 1706 illos
1716 1651 1891 1718 Deus;
1935 1650 2096 1706 desiit

500 1743 668 1806 etiiin,
708 1742 758 1794 id
806 1743 946 1810 quod
983 1741 1095 1809 jam
1137 1746 1335 1813 smpins
1379 1743 1514 1810 dixi,
1549 1758 1771 1813 regnum
1810 1744 2090 1814 Ephraim.

2191 643 2518 712 ἐνεγκοῦσαν
2569 641 2749 712 ἀφεὶς,
2797 641 3064 704 τουτέστι,
3109 641 3210 712 τὴν
3254 640 3535 696 κατοικίαν
3595 643 3793 705 αὑτοῦ,

2193 734 2332 805 πρὸς
2371 733 2466 804 τὴν
2505 734 2715 786 ἐκείνου
2753 733 2991 804 βαδίζειν
3036 734 3316 798 ἀσυνέτως
3367 736 3637 808 ἐγλίχετο,
3695 737 3798 791 καί

2190 841 2274 880 τοι
2331 824 2467 878 Θεοῦ
2504 827 2680 896 πάντη
2717 843 2776 878 τε
2842 825 2936 879 καὶ
2987 825 3207 890 πάντως
3243 827 3470 894 ’ἐπάξειν
3523 827 3672 900 αὑτῷ
3718 835 3798 882 τά

2190 917 2366 972 τοιάδε
2433 918 2800 989 διειρηκότος,
2862 920 2910 971 εξ
2990 918 3065 990 μὴ
3131 918 3438 989 βούλοιντο·
3478 924 3790 991 μετανοεῖν.

2204 1011 2422 1082 Ἐπειδὴ
2478 1011 2535 1065 δὲ
2587 1011 2723 1082 πρὸς
2765 1009 2925 1064 τοῦτο
2970 1011 3122 1064 αὐτοὶ
3169 1011 3505 1065 κατὼλισθον
3555 1014 3791 1078 σκοποῦ,

2203 1121 2220 1154 ι
2251 1101 2650 1174 Θυμωθήσεται
2685 1101 2817 1166 Θεὸς
2858 1102 2950 1154 ἐπὶ
2980 1101 3046 1154 τὰ
3075 1100 3232 1172 τίμια
3269 1101 3458 1156 αὑτοῦ.
3486 1123 3503 1155 ι
3533 1105 3702 1175 Τίμια
3728 1105 3792 1157 δὲ

2195 1196 2289 1249 καὶ
2332 1195 2602 1266 ἐξαίρετα,
2656 1196 2750 1248 καὶ
2798 1192 3103 1266 προῦχοντα
3155 1193 3263 1246 τῶν
3320 1194 3488 1258 λαῶν,
3545 1196 3792 1266 βασιλεῖς

2194 1288 2453 1361 δηλονότι,
2493 1287 2586 1341 καὶ
2634 1287 2949 1359 ἡγούμενοι,
2985 1287 3033 1340 οἳ
3064 1288 3158 1340 καὶ
3189 1289 3302 1350 τοῖς
3343 1287 3619 1356 ἀγελαίοις
3663 1306 3791 1340 συν-

2187 1372 2664 1450 ἆπεκομίσθησαν,
2695 1378 2920 1432 ἐλεεινοί
2952 1395 3009 1430 τε
3056 1377 3150 1430 καὶ
3185 1376 3382 1442 δοῦλοι,
3413 1383 3508 1432 καὶ
3539 1381 3597 1432 ἐν
3633 1380 3790 1444 τάξει

2191 1467 2562 1540 δορυκτήτων,
2619 1467 2700 1520 ὅτι
2755 1469 2880 1530 τοὺς
2911 1467 3014 1520 ὑπὸ
3046 1468 3203 1537 χεῖρα
3253 1469 3663 1539 πεπλανὴκασι,
3691 1473 3789 1522 καὶ

2199 1559 2452 1628 γεγόνασι
2478 1559 2647 1628 παγίς
2671 1559 2804 1621 τοῖς,
2839 1558 2996 1630 εἴπερ
3015 1557 3205 1629 ἤθελον
3232 1558 3408 1624 αὐτοὶ,
3433 1559 3528 1611 καὶ
3551 1559 3788 1612 διάττειν

2193 1650 2512 1721 δυναμένοις
2546 1650 2645 1718 τὴν
2679 1648 2766 1702 ἐπ’
2807 1646 2957 1702 εὐθύ.
3003 1649 3342 1720 Καθηγεῖται
3381 1651 3490 1721 γάρ
3540 1651 3631 1703 ἀεὶ
3678 1651 3786 1703 τῶν

2195 1740 2632 1811 ὑπεστρωμένων
2659 1737 2720 1791 τὸ
2744 1739 3066 1810 ἡγούμενον.
3097 1741 3355 1794 Ἔσονται
3375 1741 3439 1811 δὴ
3469 1738 3564 1794 οὖν
3594 1759 3785 1794 ταπει-

499 1833 604 1897 νοὶ,
633 1833 728 1886 καὶ
755 1835 1184 1905 ἀπερριμμένοι,
1216 1835 1308 1889 καί
1341 1853 1424 1889 τοι
1472 1836 1730 1909 πλείστην
1761 1838 1894 1909 ὅσην
1921 1838 2216 1909 ἐσχηκότες
2246 1835 2343 1908 τὴν
2401 1835 2582 1901 δόξαν.
2605 1832 2874 1905 Πρόσεστι
2930 1833 3039 1906 γὰρ
3097 1835 3315 1898 πάντως
3371 1838 3481 1899 τοῖς
3509 1837 3611 1906 τῆς
3631 1836 3787 1906 βατι-

464 1991 468 1994 _
501 1925 650 1990 λείας
699 1927 896 1990 θώκοις
955 1929 1016 1982 τὸ
1077 1929 1314 1994 εὐκλεές.
1375 1929 1514 1984 Ἀλλ’
1578 1931 1678 1985 οὐκ
1740 1931 1807 1986 ἂν
1860 1931 2126 2002 ὑψώσειεν
2197 1929 2395 1994 αὐτοὺς
2426 1931 2453 1982 ὁ
2480 1926 2631 1992 Θεός.
2663 1926 2943 1982 Πέπαυται
2977 1928 3107 1999 γάρ,
3136 1927 3212 1992 ὡς
3236 1927 3374 2000 ἔφην
3402 1927 3502 2000 ἤδη
3531 1927 3787 1982 πλειστά-

503 2037 612 2084 κις,
649 2022 681 2091 ἡ
719 2020 813 2074 τοῦ
863 2020 1104 2092 Ἐφρατμ
1144 2021 1411 2092 βασιλεία.

572 2115 829 2170 Cavenda
856 2116 1022 2184 igitur
1053 2117 1212 2171 nobis
1243 2117 1571 2174 Christianis
1623 2117 1858 2173 maxime
1887 2118 1955 2174 ad
1987 2119 2086 2174 im-

2261 2109 2724 2186 Παραφυλακτέον
2756 2111 2820 2183 δὴ
2842 2109 2936 2166 οῦν
2976 2114 3108 2184 ἡμῖν
3142 2113 3378 2183 μάλιστα
3405 2117 3522 2178 τοῖς
3551 2116 3608 2168 ἐν
3647 2117 3784 2188 Χριο

501 2209 830 2281 probitatem
894 2205 1198 2263 inclinatio.
1246 2209 1401 2275 Quod
1458 2210 1561 2265 nisi
1603 2210 1936 2280 fecerimus,
1984 2214 2086 2282 ipsi

503 2299 707 2354 diaboli
737 2299 928 2369 jugum
976 2300 1134 2355 nobis
1177 2303 1421 2356 volentes
1477 2303 1839 2371 imponemus,
1880 2314 2084 2358 tantum

504 2407 614 2447 non
642 2391 710 2445 ab
751 2390 868 2458 ejus
900 2391 1192 2446 dilectione
1231 2394 1504 2462 suspensi,
1541 2403 1765 2465 totaque
1807 2394 2091 2451 alacritate

505 2485 574 2538 ad
603 2482 722 2552 ejus
764 2481 953 2553 jugum
996 2483 1248 2552 deinceps
1281 2483 1586 2550 ferendum,
1623 2494 1673 2541 et
1705 2487 1770 2540 ad
1817 2485 1990 2555 ipsius
2022 2485 2089 2540 li-

504 2575 676 2630 bidini
706 2575 1112 2644 obsequendum
1165 2577 1550 2632 concedentes.
1596 2577 1713 2645 Quo
1748 2577 1894 2633 facto
1923 2579 2091 2636 Deum

509 2666 868 2734 irritabimus,
920 2676 976 2722 et
1023 2668 1103 2722 sic
1155 2668 1208 2722 iu
1267 2678 1543 2737 posterum
1586 2671 1789 2728 erimus
1834 2670 2088 2737 humiles,

507 2760 779 2828 deiectum
843 2769 901 2816 et
935 2761 1082 2816 velut
1117 2762 1345 2830 pedibus
1371 2762 1635 2818 calcatum
1677 2774 1931 2834 gerentes
1970 2765 2091 2818 ani-

507 2866 679 2918 mum,
711 2849 824 2907 Deo
866 2850 1219 2918 debilitante,
1273 2853 1622 2924 strenuisque
1671 2854 2093 2924 cogitationibus

504 2944 574 2996 ad
619 2943 822 2996 bonum
864 2943 1295 3013 comparandum
1354 2958 1453 2999 nos
1498 2945 1714 3013 erigere
1753 2961 1860 3010 non
1915 2947 2085 3002 susti-

507 3041 692 3089 nente.

601 3124 763 3180 Vsus.
804 3121 861 3190 8,
895 3123 949 3179 9.
977 3121 1120 3190 Quid
1155 3124 1250 3177 tibi
1269 3120 1804 3196 faciam,Epl:raim?
1823 3138 2092 3200 protegam

505 3225 578 3281 te,
607 3213 802 3280 Israel,
832 3216 959 3281 quid
991 3217 1086 3269 tibi
1109 3215 1355 3285 faciam?
1395 3219 1534 3272 sicut
1573 3220 1780 3275 Adama
1809 3237 2001 3289 ponam
2023 3235 2094 3290 te,

507 3317 556 3362 et
583 3309 720 3362 sicut
763 3304 994 3363 Seboim.
1029 3304 1348 3364 Conversion
1393 3321 1470 3364 ut
1508 3325 1601 3364 cor
1641 3327 1833 3365 meum.
1877 3312 1944 3369 In
1984 3313 2094 3382 ipso

507 3398 826 3454 conturbata
877 3411 952 3454 est
996 3402 1304 3468 pamitentia
1344 3419 1498 3468 mea,
1543 3419 1647 3458 non
1701 3403 1901 3472 [ariam
1935 3406 2095 3476 juxta

506 3494 645 3545 iram
705 3489 912 3559 furoris
967 3492 1089 3545 mei.
1149 3489 1275 3545 Non
1332 3493 1692 3564 derelinquam
1757 3506 1808 3549 ut
1857 3497 2096 3551 deleatur

508 3582 792 3652 Ephrnim,
819 3583 1070 3654 quoniam
1109 3581 1252 3638 Deus
1291 3599 1386 3655 ego
1424 3601 1566 3653 sum,
1607 3596 1656 3641 et
1689 3601 1792 3641 non
1820 3589 1994 3655 homo,
2039 3591 2094 3643 in

508 3686 558 3729 te
576 3684 811 3728 sanctus.

579 3762 794 3820 CXXX.
847 3762 1109 3819 Adhibuit
1150 3765 1626 3835 reprehensiones,
1667 3765 1938 3833 indicans,
1979 3777 2096 3822 om-

509 3856 748 3912 nimodis
783 3856 850 3911 de
897 3865 1098 3913 caetero
1137 3856 1278 3912 iram
1334 3857 1734 3914 inexorabilem
1779 3845 1957 3918 in'eos
1995 3876 2092 3917 ex-

510 3947 888 4017 promendam,
935 3956 992 4002 ut
1039 3949 1092 4004 in
1127 3951 1443 4017 sceleratos,
1473 3958 1529 4005 et
1563 3965 1726 4021 supra
1778 3955 1992 4008 modum
2039 3954 2093 4010 in

508 4039 682 4093 Deum
735 4039 949 4109 impios,
994 4049 1056 4096 ut
1111 4041 1290 4096 nullus
1331 4042 1505 4098 venia:
1540 4043 1761 4100 relictus
1801 4046 1874 4101 sit
1917 4046 2092 4102 locus.

511 4131 651 4198 Quia
697 4146 826 4186 vero
855 4135 1030 4188 bonus
1059 4142 1172 4199 est,
1211 4133 1644 4191 mansuetudinis
1679 4135 1802 4191 fons
1839 4144 1895 4192 et
1918 4138 2092 4206 origo,

511 4231 717 4276 motum
767 4223 1104 4293 comprimit,
1157 4238 1263 4278 non
1310 4233 1369 4278 ut
1415 4234 1617 4294 praeter
1657 4227 1918 4281 rationem
1953 4224 2096 4281 forte

513 4315 811 4368 excitatum
839 4329 904 4369 ex
935 4315 1350 4371 rati0einatione
1381 4316 1619 4372 melioris
1645 4316 1929 4387 increpans
1961 4316 2092 4387 (non

515 4407 661 4463 enim
697 4406 988 4476 aliquando
1015 4423 1043 4462 a
1079 4409 1510 4478 cogitationibus
1539 4423 1595 4467 et
1643 4412 1949 4468 actionibus
1989 4412 2093 4467 sibi

514 4499 1104 4555 accommodatissimis
1146 4502 1329 4556 divina
1366 4511 1420 4557 et
1468 4503 1870 4573 inexplicabilis
1900 4515 2094 4564 natura

513 4589 843 4662 deflexerit).
895 4593 990 4647 sed
1020 4592 1178 4661 quasi
1228 4593 1494 4649 cohibens
1532 4595 1677 4665 quod
1721 4595 1828 4651 illis
1872 4596 2091 4665 dignum

509 4696 650 4750 erat,
688 4695 742 4737 et
777 4685 1072 4752 prohibens
1118 4683 1185 4740 ei
1235 4685 1482 4753 lenitate,
1515 4687 1658 4756 quod
1703 4687 1776 4743 illi
1829 4688 2094 4759 imprimis

511 4777 891 4842 merebantur,
933 4773 1091 4850 163
1130 4779 1233 4834 hoc
1271 4787 1378 4844 est,
1405 4790 1463 4834 ut
1503 4781 1748 4849 perirent
1775 4781 2009 4850 penitus,
2039 4791 2093 4836 et

510 4869 678 4923 veluti
715 4870 782 4923 ab
827 4870 1012 4923 radice
1068 4870 1183 4940 ipsa
1227 4870 1686 4938 exstirparentur.
1740 4867 1947 4926 Idcirco
1993 4873 2090 4937 ait,

515 4979 536 5012 ι
575 4960 726 5028 Quid
757 4958 954 5014 faciam
988 4961 1082 5015 tibi
1108 4961 1131 5016 2
1159 4981 1176 5014 ι
1205 4961 1322 5028 Qua
1349 4962 1456 5026 via,
1491 4962 1684 5031 inquit,
1718 4972 1839 5017 utar
1871 4963 1922 5018 in
1949 4979 2092 5019 com-

511 5053 774 5122 ponendis
828 5055 988 5108 rebus
1033 5053 1171 5108 tuis‘l
1223 5053 1507 5123 Protegam
1543 5064 1614 5120 te,
1665 5064 1720 5109 et
1775 5068 2088 5110 succurram

516 5159 727 5212 rursus,
775 5153 832 5198 et
880 5144 1108 5201 insidias
1161 5144 1550 5202 meditantibus
1615 5146 2088 5218 inexpugnabilem

513 5231 846 5291 ostendam?
895 5233 1003 5292 Sed
1038 5237 1310 5308 quomodo
1362 5239 1506 5294 i'stud
1554 5239 1692 5295 fiet?
1728 5239 1892 5296 Decet
1948 5240 2091 5295 enim

515 5327 698 5394 puniri
739 5328 910 5398 magis
971 5344 1131 5398 quam
1167 5329 1330 5383 rebus
1365 5332 1440 5384 uti
1466 5331 1535 5384 ad
1571 5330 1897 5384 voluntatem
1921 5328 2093 5383 ﬂuen-

518 5417 686 5484 tibus,
717 5420 842 5486 quia
889 5428 1029 5475 tetra
1085 5423 1136 5476 in
1186 5421 1354 5475 Deum
1410 5421 1650 5477 facinora
1687 5424 2092 5477 consciverunt.

517 5502 703 5573 Itaque
735 5511 976 5566 tribuens
1012 5514 1109 5567 tibi
1143 5529 1244 5583 pro
1275 5513 1562 5586 dignitate,
1601 5524 1661 5569 et-
1695 5529 1854 5584 pares
1881 5515 2094 5570 delictis

519 5598 627 5650 tuis
652 5612 840 5665 pinnas
871 5601 1192 5670 decernens,
1230 5623 1249 5657 ι
1289 5615 1349 5660 ut
1373 5609 1582 5662 Adama
1606 5622 1813 5675 ponam
1849 5615 1922 5671 te,
1950 5615 2005 5660 et
2036 5616 2094 5658 ut

519 5679 761 5739 Seboim.
791 5705 808 5736 ι
840 5685 1083 5743 Fuerunt
1113 5692 1192 5745 hat
1224 5695 1387 5748 urbes
1412 5695 1782 5759 Sodorniticm,
1803 5708 1938 5762 quas
1969 5708 2091 5746 eum

519 5774 654 5843 ipsis
697 5774 1062 5830 fundamentis
1115 5779 1254 5848 ignis
1286 5783 1425 5840 cwlo
1459 5785 1642 5854 lapsus
1684 5787 1986 5855 absumpsit
2019 5786 2084 5840 “.

586 5868 628 5900 "
656 5866 790 5926 Gen.
838 5885 950 5937 xix,
981 5867 1071 5924 9.4.

2192 2207 2324 2280 στῷ,
2357 2207 2457 2277 τὴν
2501 2206 2578 2269 είς
2617 2203 2686 2257 τά
2713 2204 2894 2274 φαῦλα
2928 2205 3122 2276 ῥοπήν.
3159 2205 3229 2257 Ἦ
3255 2204 3399 2277 εἰμὴ
3429 2208 3586 2260 τοῦτο
3612 2208 3761 2281 δρῴη

2195 2316 2294 2370 μεν
2335 2297 2576 2360 ἑκόντες,
2621 2295 2776 2350 αὐτοὶ
2805 2295 2898 2348 τὸν
2946 2294 3038 2348 τοῦ
3077 2294 3323 2349 διαϐόλου
3354 2297 3520 2366 ζυγὸν
3568 2299 3784 2363 ἐαυτοῖς

2193 2388 2548 2460 ἐπιθήσομεν,
2593 2386 2876 2461 μονονουχὶ
2917 2385 3012 2438 καὶ
3058 2385 3509 2458 ἀποκρεμάμενοι
3557 2389 3658 2460 τῆς
3701 2394 3784 2455 είς

2192 2479 2353 2535 αὐτὸν
2387 2478 2630 2548 ἀγάπης,
2671 2477 2770 2550 ὅλῃ
2794 2495 2850 2530 τε
2888 2475 3195 2547 βαδίζοντες
3227 2478 3505 2551 προθυμίᾳ
3549 2481 3685 2551 πρὸς
3720 2482 3784 2534 τὸ

2194 2575 2286 2630 ὑπ’
2331 2570 2480 2645 αὺτῷ
2518 2571 2774 2641 γενέσθαι
2823 2571 3033 2636 λοιπὸν,
3081 2572 3175 2624 καὶ
3217 2573 3284 2625 τά
3335 2573 3484 2645 σὺτῷ
3520 2574 3782 2627 δοκοῦντα

2194 2666 2457 2740 πληροῦν.
2530 2663 2668 2718 Ἀλλ’
2729 2666 2778 2717 εί
2839 2662 2999 2717 τοῦτο
3068 2663 3298 2732 γένοιτο,
3369 2666 3782 2736 παροξυνοῦμεν

2194 2763 2349 2826 Θεὸν,
2386 2760 2529 2815 οὕτω
2573 2776 2633 2812 τε
2665 2757 2852 2812 λοιπὸν
2899 2757 3136 2828 ἐσόμεθα
3185 2760 3452 2825 ταπεινοὶ,
3505 2759 3784 2830 χθαμαλὸν

2195 2854 2290 2908 καὶ
2328 2851 2714 2924 πεπατημένον
2756 2848 2988 2920 ἔχοντες·
3017 2849 3162 2916 νοῦν,
3211 2850 3346 2903 Θεοῦ
3387 2851 3782 2922 παραλύοντος,
3819 2926 3822 2928 γ

2194 2945 2290 2999 καὶ
2318 2946 2439 3008 ταῖς
2477 2945 2556 3007 εἰς
2599 2942 2662 2996 τὸ
2691 2938 2896 3010 ἀγαθὸν
2930 2937 3174 3009 ἀνδρίαις
3203 2941 3468 3012 ἀνορθοῦν
3499 2943 3648 3014 ἡμᾶς
3680 2942 3785 2995 οὐκ

2194 3037 2552 3107 ἀνεχομένου.

2273 3129 2333 3182 Τί
2356 3142 2431 3180 σε
2451 3123 2759 3196 διαθῶμαι,
2797 3125 3078 3196 Ἑφραΐμ;
3119 3121 3468 3194 ὑπερασπιῶ
3490 3139 3631 3191 σου,
3667 3125 3789 3184 ,Ὶσο

2188 3221 2376 3290 ραὴλ,
2399 3219 2456 3273 τί
2475 3234 2550 3273 σε
2575 3218 2800 3282 (hami);
2828 3219 2908 3284 ὡς
2943 3216 3152 3287 Ἁὸἀμα
3174 3214 3430 3283 θήσομαί
3448 3230 3543 3278 σε,
3575 3215 3682 3267 καί
3705 3215 3788 3280 ὡς

2195 3311 2460 3381 Σεΰοείμ.
2501 3308 2895 3378 Μετεστριίφη
2920 3310 2958 3378 ἡ
2991 3307 3203 3375 καρδία
3217 3323 3356 3374 μου.
3392 3305 3490 3357 Ἑν
3507 3302 3591 3369 τῷ
3619 3305 3789 3371 αὺτῷ

2195 3402 2619 3472 συνεταράχθη
2655 3403 2694 3471 ἡ
2734 3399 3097 3472 μεταμέλειά
3119 3416 3259 3469 μου,
3299 3399 3371 3452 οὐ
3407 3396 3494 3468 μὴ
3549 3398 3787 3463 ποιήσω

2121 3483 2164 3542 (ἶ
2196 3495 2346 3550 κατὰ
2368 3495 2486 3563 τὴν
2514 3493 2703 3564 ὀργὴν
2744 3493 2852 3547 τοῦ
2887 3492 3077 3562 θυμοῦ
3098 3509 3240 3562 μου.
3292 3492 3374 3544 Οὐ
3417 3490 3504 3560 μὴ
3536 3492 3784 3561 ἐγκατα-

2194 3590 2352 3644 λίπω
2384 3589 2491 3643 τοῦ
2531 3586 2961 3656 ἐξαλειφθῆναι
2996 3583 3104 3638 τὸν
3140 3583 3408 3653 Ἑφραῒμ,
3453 3582 3604 3636 διότι
3640 3581 3784 3649 Θεὸς

2195 3678 2309 3749 ἐγώ
2327 3681 2466 3747 εἰμι,
2491 3679 2589 3734 καί
2621 3679 2730 3732 οὐκ
2750 3677 3083 3744 ἅνθρωπος,
3115 3676 3185 3730 ἐν
3209 3675 3311 3729 σοὶ
3344 3675 3537 3744 ἅγιος.

2265 3770 2391 3826 PA’.
2442 3771 2770 3841 Προσὴγαγε
2823 3769 2924 3832 τάς
2985 3767 3244 3840 μέμψεις,
3305 3766 3652 3831 ὑποδεικνὺς,
3703 3767 3785 3820 ὅτι

2197 3862 2376 3932 πάντη
2412 3877 2472 3913 τε
2545 3860 2640 3913 καὶ
2699 3860 2918 3922 πάντως
2970 3860 3153 3921 αὐτοῖς
3207 3859 3643 3929 ἀποτομωτάτην
3680 3857 3784 3910 ἔδει

2164 3965 2173 3990 ’
2195 3955 2384 4008 λοιπὸν
2411 3953 2769 4023 ἐπιφέρεσθαι
2795 3952 2892 4022 τὴν
2920 3949 3088 4022 ὀριὴν
3113 3950 3303 4003 ἀνόσια
3328 3949 3661 4021 πεπραχόσι,
3696 3949 3785 4003 καὶ

2196 4046 2456 4102 ἐπέκεινα
2502 4045 2700 4116 μέτρου
2732 4043 2875 4098 κατά
2903 4042 3040 4096 θεοῦ
3071 4042 3544 4112 δεδυσσεὸηκόσιν,
3578 4041 3653 4104 ὡς
3681 4058 3785 4112 μη-

2194 4138 2389 4210 δεμιᾶς
2445 4135 2526 4189 ἐτι
2589 4135 2802 4205 φειδοῦς
2864 4134 3049 4197 αὑτοῖς
3101 4130 3510 4204 περιλελεῖφθαι
3561 4132 3782 4202 τρόπον.

2208 4229 2432 4300 Ἐπειδὴ
2461 4227 2521 4282 δέ
2544 4228 2692 4281 ἐστιν
2721 4225 2944 4296 ἀγαθὸς,
2977 4224 3316 4296 ἡμερότητος
3338 4223 3489 4295 πηγὴ
3514 4223 3612 4277 καὶ
3636 4223 3786 4292 γένε..

2197 4341 2304 4389 σις,
2341 4322 2639 4377 ἀνακόπτει
2669 4320 2729 4374 τὸ
2756 4318 2986 4390 κίνημα,
3021 4319 3123 4389 οὐχ
3149 4317 3224 4380 ὡς
3256 4317 3584 4387 παραλόγως
3625 4333 3788 4385 γεγου

2195 4415 2307 4470 νότι
2335 4415 2496 4484 τυχὸν
2524 4415 2589 4467 ἐκ
2616 4409 2880 4480 λογισμοῦ
2920 4409 3012 4463 τοῦ
3049 4411 3361 4481 κρείττονος
3392 4407 3686 4476 ἐπιτιμῶν,
3724 4409 3788 4461 οὐ

2196 4507 2302 4578 γὰρ
2350 4505 2416 4559 ἂν
2477 4505 2713 4575 ἁμάρτοι
2768 4502 2899 4557 ποτέ
2951 4501 3064 4556 τῶν
3117 4503 3256 4574 αὐτῇ
3316 4501 3792 4574 πρεπωδεστάτων

2194 4595 2434 4661 ἐννοιῶν,
2464 4593 2498 4667 ἢ
2529 4594 2802 4667 πράξεων,
2827 4597 2861 4665 ὴ
2901 4594 3018 4648 θεία
3049 4611 3108 4646 τε
3139 4595 3234 4647 καὶ
3265 4595 3551 4666 ἄφραστος
3585 4592 3746 4663 φύσις
3772 4611 3786 4625 ·

2195 4687 2476 4758 ἀπείργων
2506 4685 2564 4740 δὲ
2593 4685 2782 4756 ὥσπερ
2823 4686 2883 4738 τὸ
2925 4684 3046 4739 κατ’
3076 4685 3256 4750 ἀξίαν,
3285 4686 3382 4739 καὶ
3415 4685 3791 4739 κατακωλύων

2195 4779 2254 4846 ἐξ
2291 4779 2627 4852 ἡμερότητος
2663 4777 2724 4830 τὸ
2753 4779 2834 4829 ὅτι
2874 4777 3108 4846 μάλιστα
3144 4777 3356 4848 πρέπον
3387 4776 3596 4840 αὐτοῖς,
3629 4792 3792 4828 τουτ-

2197 4869 2334 4934 έστι,
2385 4870 2483 4940 τὴν
2515 4868 2749 4922 είσάπαν
2775 4867 3072 4932 ἁπιὲιλειαν,
3097 4869 3189 4920 καὶ
3224 4866 3284 4920 τὸ
3315 4868 3382 4938 ἐκ
3409 4867 3571 4938 ῥίζης
3601 4865 3793 4935 ὥσπερ

2197 4961 2369 5032 αὐτῆς
2393 4959 2857 5031 ἀναϐοθρεύεσθαι
2889 4959 3019 5012 δεῖν.
3061 4957 3334 5030 Ταύτῃτοί
3372 4974 3510 5028 φησι
3533 4974 3545 4986 ⁸
3585 4959 3682 5011 «Τί
3729 4975 3790 5010 σε

2195 5053 2395 5119 διαθῶ;
2426 5073 2442 5103 ι
2510 5053 2666 5123 Ποία,
2713 5053 2898 5122 φησὶν,
2947 5049 3051 5121 ὀδῷ
3099 5052 3373 5121 χρήσομαι
3425 5051 3495 5102 τὰ
3543 5051 3689 5103 κατὰ
3732 5050 3794 5102 σὲ

2198 5144 2498 5210 συντιθείς;
2561 5143 2918 5214 ’Υπερασπιῶ
2967 5159 3082 5204 σου,
3136 5141 3232 5194 καὶ
3287 5140 3553 5210 ἐπαμυνῶ
3602 5140 3792 5203 πάλιν,

2202 5237 2294 5290 καί
2315 5234 2802 5305 δυσκαταμάχητον
2827 5231 3096 5296 ἀποδείξω
3125 5233 3237 5293 τοῖς
3263 5229 3640 5283 ἐπιδουλευειν
3675 5231 3795 5283 ἐθεο

2199 5327 2418 5391 λουσιν;
2465 5325 2596 5380 Εἶτα
2636 5323 2754 5387 πῶς
2793 5323 2952 5376 τοῦτο
2979 5323 3309 5390 γενήσεται;
3346 5321 3558 5390 Πρέπει
3587 5320 3697 5390 γάρ
3726 5319 3797 5372 ἂν

2201 5421 2261 5474 τὸ
2297 5419 2621 5484 κολάζεσθαι
2695 5415 2896 5486 μᾶλλον
2944 5415 2977 5485 ἢ
3021 5414 3335 5483 εὐημερεῖν,
3387 5415 3504 5476 τοῖς
3543 5412 3614 5468 τὰ
3646 5413 3798 5467 δεινά

2201 5512 2346 5565 κατά
2380 5509 2516 5564 Θεοῦ
2564 5506 2900 5577 δεδρακόσιν.
2947 5503 3156 5559 Οὐκοῦν
3189 5504 3483 5574 ἀπονέμων
3532 5505 3597 5559 τὸ
3658 5505 3800 5575 πρὸς

2201 5603 2377 5667 ἀξίαν,
2409 5603 2502 5656 καὶ
2530 5597 2886 5668 ίσοστάθμους
2926 5599 3038 5659 τοῖς
3071 5593 3508 5666 πλημμελήμασι
3537 5598 3654 5660 τοῖς
3683 5597 3801 5658 σοῖς

2201 5694 2397 5764 ὁρίζων
2443 5692 2620 5753 δίκας,
2661 5707 2678 5741 ι
2705 5688 2778 5752 ὡς
2815 5686 3024 5757 Ἀδάμα
3059 5684 3296 5754 θήσομαι
3330 5701 3408 5748 σε,
3455 5686 3550 5739 καὶ
3581 5687 3658 5750 ὡς
3695 5686 3802 5738 Σε-

2197 5786 2375 5856 6οείμ,
2406 5803 2423 5837 ι
2459 5785 2648 5847 Πόλεις
2679 5781 2735 5834 δέ
2762 5777 2922 5836 αῦται
2953 5777 3322 5846 Σοδομιτικαὶ,
3365 5778 3431 5843 ἃς
3465 5779 3662 5850 μέχρις
3693 5779 3804 5831 αῦ-
