4034 6270
480 446 592 504 975

1511 447 1571 509 S.
1611 446 1886 506 CYRILLI
1925 449 2393 506 ALEXANDRlNI
2432 450 2751 511 ARCIIIEI’.

3640 443 3758 505 276'

487 573 598 616 uno
629 569 810 617 autem
846 560 1135 631 praecipue.
1168 557 1302 614 Natu
1339 574 1461 614 cum
1490 559 1631 617 Deus
1656 563 1889 618 minatus
1929 563 2060 620 fuis-

2175 583 2288 630 μους
2320 568 2446 642 παρ’
2480 566 2645 621 αὑτοῦ
2668 583 2727 618 τε
2780 566 2874 618 καὶ
2915 564 2983 618 δι’
3028 563 3192 620 αὐτοῦ
3231 561 3554 632 σωζόμενοι,
3613 577 3749 614 κατ-

492 658 596 717 set,
625 651 913 705 missurum
953 662 1013 702 se
1046 648 1176 718 ipsis
1199 649 1505 720 Assyrium,
1531 650 1622 719 qui
1646 657 1848 705 terram
1879 660 2059 707 vasta-

490 750 594 807 ret,
631 741 792 796 urbes
813 753 939 795 suas
975 739 1297 795 inetauratis
1333 741 1604 796 utoenibus
1635 744 2061 809 communiebat,

495 840 670 893 ratus,
704 831 813 885 Deo
855 831 1108 900 quamvis
1140 829 1378 895 ttolente,
1428 832 1669 886 bonitate
1707 833 1965 887 mmnium
2007 848 2065 889 se

490 920 698 980 salvum
728 931 784 976 et
815 922 884 976 ab
929 924 1357 992 oppugnantium
1394 923 1601 978 viribus
1641 922 2063 986 invictum'l’ore.

490 1014 677 1084 Itaque
714 1015 825 1069 Deo
857 1016 996 1069 bona
1030 1030 1094 1069 es
1145 1016 1563 1070 mansuetudine
1612 1017 1978 1086 promittente,
2012 1028 2067 1074 et

488 1107 847 1162 vehementer
866 1105 1231 1173 offenderunt,
1264 1117 1319 1161 et
1344 1106 1648 1161 conservati
1680 1107 1893 1172 deinde,
1931 1122 1961 1161 a
1991 1108 2065 1161 fa-

490 1196 596 1254 ctis
657 1196 819 1253 simul
869 1207 924 1251 ct
991 1197 1236 1253 consiliis
1288 1197 1550 1268 improbis
1601 1211 1723 1253 sese
1787 1199 2068 1267 quieturos

493 1291 669 1347 aiunt.
719 1289 860 1357 Quin
912 1288 1076 1344 etiam
1115 1288 1313 1344 clamet
1359 1288 1544 1355 Judas,
1583 1305 1603 1340 ι
1650 1302 1754 1343 non
1796 1288 2069 1359 ingrediar

491 1382 550 1439 in
580 1384 881 1447 civitatem,
926 1400 945 1435 ι
982 1384 1082 1438 hoc
1110 1391 1216 1447 est,
1251 1394 1465 1435 murum
1497 1380 1706 1435 habebo
1747 1378 1937 1446 Deum,
1982 1394 2068 1435 se-

495 1474 804 1538 curitatem,
835 1481 893 1529 et
934 1482 1201 1539 tutamen,
1237 1479 1291 1526 et
1338 1486 1489 1542 spem
1521 1472 1574 1526 in
1605 1470 1779 1538 ipsum
1820 1471 1950 1526 mihi
1988 1470 2070 1525 fa-

492 1564 668 1630 ciam,
704 1563 806 1619 sub
849 1562 1119 1619 servantis
1177 1559 1457 1616 dexteram
1496 1560 1781 1616 succedam
1807 1600 1823 1627 ,
1866 1562 1983 1630 ipse
2015 1569 2069 1615 et

494 1656 643 1713 solus
689 1655 756 1711 ad
813 1655 1043 1711 salutem
1080 1653 1214 1709 mihi
1268 1652 1519 1717 sutﬁciet,
1551 1653 1713 1708 inane
1767 1663 1823 1709 et
1879 1653 2070 1708 inutile

492 1763 718 1816 prorsus
743 1745 1060 1810 conlitebor,
1088 1753 1425 1814 exspectare,
1455 1743 1675 1814 quando
1711 1744 1853 1800 bello
1896 1745 2070 1814 regio-

501 1855 623 1894 nem
658 1840 986 1908 pervadcnte
1013 1839 1068 1894 in
1104 1839 1291 1893 urbem
1316 1837 1595 1908 ingressus
1620 1834 1910 1893 salvandus
1944 1837 2068 1892 sim.

2166 653 2366 725 έθηγον
2412 655 2492 719 είς
2519 653 2710 725 ὀργὰς,
2762 652 2905 707 κατὰ
2944 652 3173 715 πολλοὺς
3233 652 3330 721 μὲν
3380 649 3477 703 καὶ
3523 648 3749 721 ἐτέρους
3795 665 3831 695 η

2164 746 2416 816 τρόπους,
2459 746 2693 817 μάλιστα
2719 744 2775 799 δὲ
2802 744 2871 798 δι’
2894 744 3012 809 ἐνὸς
3034 743 3247 797 τούτου.
3288 742 3424 795 Θεοῦ
3454 741 3564 811 γὰρ
3596 742 3750 810 ἠπει-

2165 835 2389 904 ληκότος
2421 835 2751 907 ἐπιπέμψειν
2780 835 2961 898 αὐτοῖς
2984 833 3077 887 τὸν
3106 832 3388 905 Ἀσσύριον
3412 830 3746 902 ἀφανιοῢντα

2165 924 2265 997 τὴν
2289 927 2413 997 γῆν,
2444 927 2746 997 ἀνετείχιζε
2790 926 2889 990 τὰς
2926 924 3119 980 ἐαυτοῦ
3164 924 3369 989 πόλεις,
3409 923 3633 995 οἰηθεὶς,
3661 910 3764 975 ὅτι)

2168 1020 2269 1073 κᾶν
2303 1021 2351 1073 εί
2383 1020 2457 1090 μὴ
2500 1019 2741 1090 βούλοιτο
2788 1018 2940 1085 Θεὸς,
2982 1021 3049 1090 τῇ
3088 1018 3198 1072 τῶν
3250 1017 3461 1070 πόλεων
3501 1017 3749 1088 εὐτειχία

2170 1109 2494 1181 σωθήσεται,
2516 1111 2610 1166 καὶ
2637 1111 2734 1182 τῆς
2757 1109 2850 1162 τοῦ
2882 1109 3192 1180 μαχομένου
3224 1108 3511 1178 περιέσται
3541 1108 3744 1178 χειρός.

2168 1202 2375 1257 Οὐκοῦν
2392 1202 2858 1273 ἐπαγγελλομένου
2875 1201 3009 1256 Θεοῦ
3026 1201 3095 1256 τὰ
3118 1201 3177 1267 ἐξ
3189 1203 3222 1271 ή
3233 1218 3297 1271 με
3305 1200 3529 1272 ρότητος
3545 1199 3744 1267 ἀγαθὰ,

2168 1296 2261 1350 καὶ
2291 1296 2352 1349 ού
2382 1296 2621 1368 μετρίως
2647 1291 3141 1367 προσκεκρουκόσι,
3178 1292 3272 1345 καὶ
3301 1290 3456 1344 αὐτοὶ
3482 1290 3669 1343 λοιπὸν
3698 1290 3750 1343 οἱ

2169 1386 2467 1460 σωζόμενοι
2497 1388 2605 1443 τῶν
2636 1387 2854 1441 ἀτόπων
2896 1384 3315 1457 ἐγχειρημάτων
3346 1399 3406 1435 τε
3448 1381 3610 1452 ὁμοῦ,
3654 1381 3748 1433 καὶ

2172 1480 2271 1550 μέν
2306 1495 2389 1532 τοι
2422 1479 2514 1533 καὶ
2543 1479 2925 1550 βουλευμάτων
2945 1472 3369 1531 ἀποπαύσασθαί
3395 1486 3553 1542 φασι’
3573 1473 3668 1526 καὶ
3680 1470 3747 1525 δὴ

2169 1572 2263 1626 καὶ
2288 1569 2464 1641 βοάτω
2490 1569 2588 1641 μὲν
2624 1568 2823 1631 Ἰούδας
2849 1584 2864 1599 ·
2899 1585 2917 1618 t
2942 1566 3056 1619 Ούκ
3090 1561 3468 1633 εἰσελεύσομαι
3519 1564 3604 1625 εἰς
3648 1560 3748 1614 πό-

2169 1663 2273 1728 λιν,
2297 1681 2316 1714 ι
2350 1663 2617 1726 τουτέστι,
2666 1662 2858 1732 Τεῖχος
2897 1658 3008 1723 ἔξω
3048 1655 3202 1711 Θεόν·
3244 1653 3548 1723 ἀσφάλειαν
3591 1650 3750 1721 ποιήο

2172 1773 2336 1826 σομαι
2363 1755 2462 1826 τὴν
2499 1756 2579 1818 είς
2609 1753 2772 1808 αὑτὸν
2809 1752 3019 1817 ἐλπίδα,
3050 1749 3150 1821 τὴν
3177 1748 3271 1802 τοῦ
3302 1745 3568 1811 σώζοντος
3617 1744 3753 1796 ὑπο-

2169 1845 2483 1917 δραμοῦμαι
2523 1842 2726 1910 δεξιάν.
2787 1842 2959 1907 Αὐτὸς
3019 1839 3264 1911 ἀρκέσει,
3324 1838 3420 1893 καὶ
3474 1836 3636 1907 μόνος
3673 1833 3755 1897 εἰς

493 1932 683 2002 Itaque
717 1946 824 1987 non
860 1929 1134 2001 ingrediar
1164 1930 1217 1984 in
1240 1927 1540 1985 civitatem.
1567 1926 1730 1985 Israel
1769 1943 1934 1999 porro
1959 1929 2072 1985 sive

2176 1935 2452 2007 σωτηρίαν
2489 1936 2634 2005 ἐμοί.
2704 1935 2926 1988 Είκαῖον
2975 1931 3299 2002 ὁμολογήσω
3342 1929 3438 1982 καὶ
3479 1927 3758 1999 ἄχρηστον

494 2020 751 2091 Ephraim
799 2031 990 2075 contra
1026 2019 1254 2073 alterum
1308 2019 1437 2073 illud
1485 2019 1805 2089 proclamet,
1851 2032 2064 2088 nempe,

503 2132 521 2164 ι
552 2120 675 2181 post
711 2111 996 2166 Dominum
1030 2109 1339 2164 ambulabo.
1375 2127 1395 2161 ι
1431 2109 1826 2177 Supersedebo,
1869 2110 2065 2179 inquit,

493 2201 743 2271 antiquis
784 2202 1127 2267 criminibus,
1159 2202 1214 2255 in
1258 2201 1496 2256 futurum
1540 2202 1633 2256 Dei
1677 2201 1822 2273 leges
1848 2214 2067 2269 sequar,

497 2291 689 2346 ducem
718 2290 853 2346 mihi
889 2291 1265 2347 universorum
1298 2291 1466 2348 Deum
1497 2291 1746 2363 deligam.
1775 2292 1853 2347 Ac
1880 2292 1925 2347 si
1953 2291 2074 2360 quis

493 2383 892 2454 beneplacitum
918 2383 1012 2440 Dei
1043 2396 1426 2457 persequatur,
1464 2386 1622 2456 plane
1650 2394 1704 2440 et
1734 2385 1911 2455 ipsum
1938 2386 2072 2441 sciet

490 2475 689 2540 solum,
726 2484 784 2530 et
813 2476 990 2531 eidem
1023 2477 1232 2532 cultum
1263 2477 1562 2542 adhibebit,
1609 2475 1887 2544 aliumque
1927 2489 2062 2544 prae.

494 2578 641 2637 terea
678 2567 949 2622 neminem
989 2568 1256 2625 adorabit.
1934 2580 1937 2585 '

487 2660 643 2715 Θεόν.
675 2661 738 2716 El
768 2660 826 2716 δὲ
852 2662 916 2734 δή
944 2679 1026 2726 τις
1055 2662 1126 2717 τοι
1155 2661 1292 2732 πρὸς
1335 2661 1397 2715 τὸ
1439 2660 1634 2715 δοκοῦν
1678 2659 1820 2732 Θεῷ,
1872 2660 2091 2725 πάντως

2172 2023 2451 2088 παντελῶς
2484 2023 2546 2078 τὸ
2572 2023 2875 2095 προσδοκᾷ-ι
2908 2023 3011 2087 ὅτι,
3048 2020 3286 2090 πολέμου
3314 2017 3413 2090 τὴν
3442 2018 3546 2087 γῆν
3582 2032 3755 2069 κατα-

2173 2116 2409 2181 θέοντος,
2433 2112 2689 2168 εἰσελθὼν
2728 2115 2810 2177 είς
2839 2112 3015 2176 πόλιν,
3055 2109 3393 2181 σωθήσομαι.
3424 2104 3636 2161 Οὐκοῦν
3655 2102 3759 2157 οὒκ

2178 2200 2557 2272 είσελεύσομαι
2603 2202 2684 2265 είς
2725 2200 2901 2253 πόλιν.
2965 2197 3184 2271 Ἰσραὴλ
3214 2198 3272 2251 δὲ
3303 2196 3488 2259 πάλιν,
3528 2195 3698 2264 ἠγουν
3730 2194 3762 2245 ὁ

2185 2291 2445 2364 Ἑφραῒμ,
2505 2291 2859 2361 ἁναφωνείτω
2891 2290 2952 2344 τὸ
2999 2290 3210 2360 ἕτερον.
3259 2289 3334 2342 Τὸ
3380 2286 3439 2340 δέ
3488 2286 3631 2347 ἐστι,
3698 2282 3763 2336 τὲ

2179 2383 2427 2438 «Ὀπίσω
2482 2384 2691 2456 Κυρίου
2746 2382 3157 2455 πορεύσομαι.»
3241 2376 3761 2446 ’Δποπεπαύσομαι,

2173 2476 2328 2546 φησι,
2357 2475 2466 2529 τῶν
2498 2476 2742 2546 ἀρχαίων
2786 2475 3150 2546 αἰτιαμάτων.
3198 2472 3398 2527 Λοιπὸν
3434 2472 3547 2533 τοῖς
3590 2468 3763 2531 Θείοις

2171 2567 2372 2637 ἕψομαι
2406 2567 2608 2638 νόμοις.
2640 2566 2976 2638 Καθηγητὴν
3020 2566 3318 2637 ποιήσομαι
3349 2562 3441 2616 τὸν
3485 2561 3596 2615 τῶν
3621 2561 3763 2613 ὅλων

2166 2678 2299 2727 που,
2352 2663 2446 2715 καὶ
2495 2662 2656 2717 αὐτὸν
2702 2662 2908 2716 εἴσεται
2960 2662 3142 2734 μόνον.
3180 2658 3342 2730 Αὐτῷ
3380 2675 3441 2713 τε
3481 2657 3545 2712 τδ
3593 2655 3763 2720 σέϐας

489 2752 705 2824 ἀνάψει,
740 2755 1110 2827 προσκυνήσει
1141 2771 1202 2808 τε
1238 2755 1425 2827 ἕτερον
1455 2755 1586 2826 παρ’
1606 2754 1768 2809 αὑτὸν
1794 2754 2072 2818 παντελῶς
2108 2755 2317 2810 οὐδένα.

565 2871 723 2944 165
743 2871 904 2930 Vens.
926 2875 1014 2942 I0,
1031 2874 1116 2930 II.
1146 2873 1292 2929 Sicut
1305 2874 1384 2928 leo
1403 2875 1592 2944 rugiet,
1621 2874 1744 2942 quia
1758 2872 1866 2942 ipse
1883 2871 2072 2942 rugiet,

491 2973 538 3015 et
571 2965 847 3031 stupebant
868 2965 970 3034 ﬁlii
1015 2964 1613 3034 aquarum.Avolabunt
1654 2963 1807 3030 quasi
1845 2962 1955 3017 avis
2005 2976 2072 3015 ea:

2254 2876 2351 2942 Ὡς
2391 2875 2550 2931 λέων
2593 2873 2926 2945 ἐρεύξεται,
2957 2872 3046 2927 ὅτι
3089 2871 3272 2937 αὐτὸς
3304 2870 3627 2939 dimicanti,
3664 2865 3765 2921 καὶ

2168 2965 2575 3034 ἐκστήσονται
2638 2966 2821 3019 τέκνα
2877 2962 3135 3018 ὑδάτων.
3185 2960 3633 3029 Ἐκπτήσονται
3681 2958 3768 3024 ὠς

491 3051 751 3123 Αῖθῃριο,
770 3065 816 3109 et
839 3056 995 3126 quasi
1020 3055 1261 3109 columba
1285 3072 1349 3109 ea:
1374 3063 1514 3109 terra
1534 3054 1889 3125 Assyriorum.
1911 3051 1977 3108 Et
2001 3069 2072 3109 re-

2175 3059 2384 3128 ὄρνεον
2429 3058 2499 3122 ἐξ
2532 3058 2857 3129 Αἰγύπτου,
2907 3055 3007 3110 καὶ
3047 3056 3131 3121 ὠς
3175 3052 3496 3123 περιστερὰ
3528 3052 3598 3105 ἐκ
3649 3049 3767 3118 τῆς

491 3145 710 3200 stituam
735 3147 874 3216 ipsos
900 3147 954 3202 in
976 3146 1159 3202 domos
1188 3163 1336 3214 suas,
1362 3148 1486 3201 dicit
1514 3146 1793 3201 Dominus.

562 3343 826 3401 CXXXII.
883 3345 1018 3402 Cum
1069 3346 1182 3418 jam
1227 3347 1442 3404 adesset
1505 3356 1718 3419 tempus
1765 3348 2069 3417 deﬁnitum,

493 3452 607 3502 quo
660 3437 975 3509 captivitate
1021 3439 1157 3495 solvi
1206 3438 1462 3497 Israelem
1516 3440 1817 3510 oportebat,
1876 3439 2072 3511 Cyrus,

494 3528 778 3600 Cambysae
816 3530 985 3596 Illius,
1019 3530 1307 3587 Persarum
1347 3531 1734 3600 Medorumque
1787 3532 2074 3600 imperium

493 3623 742 3688 sortitus,
773 3637 897 3678 cum
928 3624 1171 3679 exercitu
1204 3623 1407 3694 ingenti
1455 3631 1508 3676 et
1545 3621 1783 3692 potentia
1824 3623 2075 3678 inexora-

495 3713 587 3771 bili
616 3715 943 3788 Babylonem
979 3716 1147 3785 ipsam
1178 3726 1233 3771 et
1267 3717 1568 3788 Assyriam,
1604 3717 1710 3771 Deo
1737 3716 1804 3770 ad
1851 3715 1954 3772 hoc
1979 3730 2075 3772 ex-

494 3806 719 3873 citante,
756 3809 969 3877 irrupit.
1005 3809 1183 3877 Quare
1211 3810 1472 3878 propheta
1503 3806 1775 3863 Jeremias
1820 3824 2076 3879 praenun-

497 3898 642 3952 tians
673 3897 1004 3972 Babylonem
1035 3901 1377 3971 capiendam,
1410 3902 1476 3956 de
1501 3900 1671 3955 Medis
1701 3909 1755 3956 et
1776 3900 1957 3957 Persis
2001 3901 2076 3956 ita

495 3988 760 4057 loquitur:
796 4007 817 4042 ι
843 3988 1101 4044 Invadent
1131 4000 1204 4054 te,
1235 3991 1574 4059 etcapieris,
1606 3990 1946 4061 Babylon,et
1969 4005 2075 4044 non

496 4081 865 4150 cognosceris.
903 4081 1123 4136 Inventa
1155 4097 1237 4145 es,
1262 4092 1317 4137 et
1359 4090 1515 4151 capta
1556 4095 1634 4146 es,
1676 4080 1803 4150 quia
1851 4081 2078 4134 Domino

494 4173 746 4230 restitisti
772 4168 841 4231 ".
881 4192 901 4226 ι
938 4173 1010 4229 At
1039 4175 1106 4230 de
1131 4173 1273 4246 Cyro
1305 4190 1318 4230 :
1358 4192 1378 4224 ‹
1414 4173 1673 4230 Ascendit
1713 4172 1796 4230 leo
1826 4172 1893 4228 de
1915 4170 2077 4227 cubili

498 4280 618 4331 suo,
654 4274 713 4320 ut
739 4276 904 4335 ponat
944 4275 1142 4322 terram
1192 4278 1338 4320 tuam
1369 4267 1420 4321 in
1451 4265 1820 4322 solitudinem.
1848 4264 1913 4319 Et
1939 4265 2079 4321 civi-

500 4365 641 4413 tates
663 4367 766 4413 tuae
786 4356 1165 4424 vastabantur,
1181 4359 1323 4428 quod
1349 4373 1453 4413 non
1483 4359 1794 4414 Itabitentur
1811 4359 1937 4427 ipsa:
1958 4357 2023 4413 ³⁸.
2051 4377 2071 4412 ι

498 4449 632 4505 Esse
659 4457 839 4505 autem
870 4450 1247 4504 universorum
1285 4451 1451 4505 Deum
1484 4451 1578 4517 qui
1622 4450 1769 4505 dedit
1808 4449 1950 4520 Cyro
1997 4450 2078 4503 vi-

496 4542 748 4608 ctoriam,
783 4541 940 4595 iidem
975 4551 1178 4595 certam
1231 4541 1392 4597 faciet
1424 4540 1591 4596 Isaias
1631 4559 1644 4596 :
1695 4561 1713 4592 ‹
1764 4539 1892 4595 Haec
1948 4541 2079 4596 dicit

2184 3152 2533 3220 Ἀσσυρίων.
2573 3149 2682 3206 Καὶ
2719 3146 3204 3216 ἀποκαταστήσω
3234 3143 3455 3210 αὐτοὺς
3490 3144 3581 3207 εἰς
3618 3140 3767 3207 τοὺς

2098 3261 2141 3319 C
2174 3241 2381 3308 οἴκους
2408 3238 2627 3308 αὐτῶν,
2657 3239 2819 3309 λέγει
2847 3238 3079 3307 Κύριος.

2242 3355 2413 3410 PAB'.
2456 3355 2720 3418 Ἤκοντος
2760 3353 2861 3424 ήδη
2901 3350 2995 3405 τοῦ
3028 3351 3241 3423 χρόνου,
3267 3346 3361 3402 καὶ
3402 3343 3769 3416 πεπερασμέο

2172 3461 2265 3499 νου
2304 3444 2398 3497 τοῦ
2432 3443 2645 3515 καιροῦ,
2673 3442 2796 3498 καθ’
2819 3442 2877 3496 ὃν
2911 3442 3017 3495 ἔδει
3045 3439 3232 3495 λοιπὸν
3258 3438 3357 3508 τῆς
3383 3435 3766 3507 αἰχμαλωσίας

2173 3535 2417 3590 ἀνεῖσθαι
2440 3536 2530 3591 τὸν
2561 3535 2794 3607 Ἰσραὴλ,
2820 3533 3005 3604 Κῦρος
3036 3535 3065 3587 6
3104 3529 3430 3602 Καμϐύσου,
3449 3527 3674 3598 Περσῶν
3700 3543 3763 3578 τε

2175 3629 2271 3682 καὶ
2309 3628 2505 3699 Μήδων
2533 3627 2846 3697 ἀνημμένος
2890 3624 2952 3679 τὸ
2983 3623 3205 3697 κράτος,
3251 3623 3349 3676 σὺν
3390 3620 3535 3691 ὄχλῳ
3576 3617 3765 3690 βαρεῖ,

2176 3721 2271 3775 καὶ
2297 3720 2602 3791 δυσαιτήτῳ
2631 3719 2706 3787 (I)
2739 3718 2987 3790 δυνάμει,
3010 3720 3107 3789 τῆς
3140 3733 3199 3770 τε
3223 3713 3543 3775 Βαϐυλῶνος
3569 3711 3766 3780 αὐτῆς,

2176 3813 2411 3884 καὶτῆς
2469 3812 2768 3886 Ἀσσυρίων
2823 3810 3285 3882 κατεστρατεύετο
3345 3805 3565 3878 χώρας,
3615 3804 3770 3857 διαν-

2187 3904 2437 3969 ιστάντος
2456 3903 2618 3958 αὑτὸν
2646 3905 2726 3967 εἰς
2742 3903 2901 3957 τοῦτο
2926 3900 3082 3956 Θεοῦ.
3114 3901 3226 3955 Καὶ.
3258 3898 3389 3969 γοῦν
3416 3901 3444 3952 6
3480 3897 3771 3966 προφήτης

2188 3997 2459 4066 Ἱερεμίας
2484 3995 2889 4066 προαναφωνῶν
2918 3995 3017 4065 τῆς
3051 3990 3368 4054 Βαϐυλῶνος
3407 3990 3507 4061 τὴν
3539 3987 3767 4051 ἅλωσιν,

2178 4089 2306 4161 περί
2337 4106 2395 4143 τε
2440 4089 2662 4159 Μήδων,
2707 4088 2875 4158 φησὶ,
2910 4087 3006 4141 καὶ
3034 4085 3281 4158 Περσῶν·
3321 4102 3340 4136 ι
3383 4079 3770 4153 Ἐπιθήσονταί

2179 4197 2298 4246 σοι,
2340 4182 2434 4235 καὶ
2462 4180 2668 4252 ἁλώσῃ,
2703 4178 2981 4242 Βαϐυλὼν,
3025 4179 3115 4233 καὶ
3152 4177 3212 4231 οὒ
3243 4174 3448 4245 γνώσῃ.
3483 4172 3767 4244 Εὑρέθης,

2179 4272 2274 4326 καὶ
2314 4272 2583 4345 ἐλήφθης,
2622 4273 2703 4325 ὃτι
2741 4270 2820 4341 τῷ
2853 4270 3041 4342 Κυρίῳ
3090 4269 3374 4338 ἀντέστης.
3403 4285 3422 4317 ι
3475 4264 3663 4335 Κύρου
3709 4262 3771 4315 δὲ

2180 4365 2308 4437 πέρι
2336 4381 2350 4396 ⁸
2383 4385 2402 4416 ι
2447 4364 2635 4435 ’Δνέϐη
2658 4364 2795 4418 λέων
2823 4365 2887 4417 ἐκ
2915 4365 3013 4435 τῆς
3047 4362 3287 4433 μάνδρας
3316 4356 3503 4420 αὑτοῦ,
3528 4356 3624 4409 τοῦ
3659 4354 3774 4408 θεῖ-

2178 4471 2267 4508 ναι
2314 4452 2411 4524 τὴν
2457 4453 2565 4522 γῆν
2614 4468 2707 4505 σου
2754 4453 2835 4516 είς
2882 4453 3183 4523 ἐρήμωσιν,
3218 4450 3311 4504 καὶ
3343 4449 3399 4503 αι
3446 4445 3629 4507 πόλεις
3666 4460 3772 4497 σου

2180 4541 2688 4613 καθαιρεθήσονται,
2718 4543 2870 4614 παρὰ
2907 4543 2966 4596 τὸ
3012 4542 3087 4613 μὴ
3117 4538 3485 4596 κατοικεῖσθαι
3522 4536 3714 4599 αὐτάς.
3745 4555 3767 4587 ι

497 4607 761 4689 Dominus
792 4633 1000 4691 christo
1031 4649 1151 4689 meo
1184 4634 1365 4703 Cyro,
1399 4632 1551 4701 cujus
1584 4632 1911 4702 apprehendi
1940 4632 2072 4688 dex-

2184 4635 2306 4687 Ὀτι
2338 4607 2395 4687 δὲ
2525 4634 2553 4687 6
2596 4634 2704 4687 τῶν
2748 4607 2885 4688 ὅλων
2927 4607 3089 4697 Θεδς,
3117 4634 3147 4686 6
3174 4633 3252 4703 τῷ
3286 4630 3456 4702 Κύρῳ
3497 4628 3675 4690 διδοὺς
3706 4627 3773 4680 τὸ

498 4733 694 4784 teram,
730 4729 790 4773 ιιι
815 4720 1098 4788 subjiciam
1143 4730 1270 4776 ante
1301 4735 1423 4775 eum
1471 4731 1683 4790 gentes,
1704 4730 1759 4776 et
1803 4719 2075 4776 fortitudi-

498 4828 621 4868 nem
654 4827 838 4883 regum
871 4812 1196 4881 dirumpunt.
1221 4812 1476 4882 Aperiam
1510 4820 1638 4867 ante
1690 4826 1812 4866 eum
1857 4812 2074 4882 januas,

498 4916 554 4961 et
577 4905 740 4962 urbes
767 4919 872 4960 non
894 4903 1234 4961 claudentur.
1267 4903 1379 4973 Ego
1407 4911 1532 4958 ante
1561 4913 1612 4958 te
1643 4902 1753 4968 ibo,
1778 4912 1833 4959 et
1867 4914 2077 4960 montes

498 4999 879 5070 complanabo.
918 4996 1109 5053 Portas
1142 5010 1312 5052 :ereas
1336 5004 1633 5058 conteram,
1665 5007 1719 5050 et
1751 5005 1929 5051 vectes
1966 4995 2077 5050 fer-

496 5106 623 5148 reos
648 5090 1010 5160 coulringam,
1040 5088 1253 5145 etdabo
1288 5088 1382 5143 tibi
1417 5089 1700 5142 thesauros
1727 5087 2075 5152 tenebrosos,

498 5185 880 5252 absconditos;
910 5182 1210 5240 invisibiles
1237 5183 1473 5251 aperiam
1504 5181 1598 5235 tibi
1623 5181 1688 5235 ³⁷.
1722 5200 1741 5233 ι
1773 5180 1952 5237 Victor
1975 5181 2078 5234 ita-

498 5292 606 5347 que
634 5277 809 5350 Cyrus
836 5278 887 5334 vi
926 5277 1151 5335 subacto
1209 5273 1624 5344 Babyloniorum
1666 5287 1854 5343 regno,
1900 5271 2076 5327 Israe-

501 5365 607 5422 lem
637 5368 870 5424 liberum
907 5367 1133 5431 dimisit,
1164 5366 1256 5436 qui
1313 5364 1537 5428 reversi,
1593 5363 1865 5435 regionem
1922 5376 2076 5417 suam

578 5542 622 5576 ⁸⁸
657 5542 768 5598 Ier.
798 5559 851 5605 ι..
881 5546 971 5598 24.
1048 5544 1094 5577 ³⁸
1131 5542 1242 5599 Jcr.
1273 5560 1345 5612 tv,
1374 5544 1426 5597 7.
1503 5541 1547 5573 ³⁷
1586 5540 1688 5596 Isa.
1721 5556 1843 5609 λιν,
1877 5542 1929 5633 ι,
1958 5540 2010 5595 5.

579 5719 656 5792 (ι)
686 5720 985 5796 Cutrlerius
1018 5722 1279 5796 (Monum.
1317 5723 1382 5796 Ε.
1427 5724 1489 5786 G,
1520 5723 1586 5790 ΙΙ,
1630 5718 2072 5796 5§9)_legeutlum

506 5791 687 5847 tnonet
720 5793 1061 5859 δυσαντήτῳ,
1088 5791 1189 5843 hoc
1212 5805 1293 5845 est
1316 5792 1739 5859 ittea'pttgptabt'lt'.
1765 5791 1856 5845 Sic
1887 5791 2076 5911 xtortis

507 5863 835 5911 δυσάντητον
864 5860 1063 5911 κράτος
1091 5861 1223 5911 dixit
1249 5863 1481 5911 (IVtilltts
1522 5863 1609 5911 lib.
1640 5877 1690 5911 Iv
1728 5862 1845 5911 (tdt'.
1925 5853 2076 5911 'csto-

507 5863 835 5936 δυσάντητον
864 5860 1063 5933 κράτος
1091 5861 1223 5913 dixit
1249 5863 1481 5933 (Iytillus
1522 5863 1609 5917 lib.
1639 5877 1690 5916 tv
1728 5862 1845 5913 ltdt‘.
1887 5860 2077 5912 Nesto-

2182 4725 2425 4795 κρατεῖν,
2458 4723 2863 4793 πληροφορήσει
2906 4723 3080 4791 λέγων
3121 4724 3149 4776 6
3180 4722 3466 4792 προφήτης
3501 4714 3769 4776 Ἡσαΐας·

2189 4835 2208 4868 ι
2237 4815 2376 4869 Τάδε
2392 4814 2538 4885 λέγει
2583 4816 2787 4886 Κύριος
2814 4814 2892 4884 τῷ
2918 4812 3122 4884 χριστῷ
3154 4828 3255 4882 μου
3287 4809 3476 4881 Κύρῳ,
3509 4800 3571 4859 οὗ
3599 4805 3775 4875 ἐκράν

2181 4923 2320 4977 τησα
2356 4907 2458 4978 τῆς
2494 4907 2693 4972 δεξιᾶς,
2725 4905 3028 4959 ἐπακοῦσαι
3058 4903 3366 4974 ἔμπροσθεν
3399 4898 3566 4956 αὐτοῦ
3604 4896 3773 4966 ἔθνη,

2173 4999 2268 5053 καὶ¹
2317 4999 2470 5068 ἰσχὺν
2525 4997 2786 5066 βασιλέων
2844 4995 3145 5067 διαῤῥήξω.
3174 4992 3405 5058 Ἀνοίξω
3456 4987 3777 5060 ἔμπροσθεν

2173 5089 2339 5143 αὐτοῦ
2377 5088 2569 5160 θύρας,
2603 5089 2698 5143 καὶ
2736 5088 2919 5152 πόλεις
2948 5089 3009 5141 οὐ
3044 5084 3580 5156 συγκλεισθήσονται.
3623 5077 3777 5145 Ἐγὼ

2171 5181 2480 5252 ἔμπροσθέν
2520 5198 2616 5234 σου
2648 5179 3010 5252 πορεύσομαι,
3040 5179 3137 5232 καὶ
3181 5177 3284 5247 ὅρη
3312 5171 3522 5246 ὁμαλιῶ
3544 5188 3556 5200 ·
3592 5169 3776 5239 θύρας

2172 5272 2379 5341 χαλκᾶς
2418 5268 2715 5340 συντρίψω,
2767 5270 2860 5323 καὶ
2896 5268 3126 5339 μοχλοὺς
3157 5264 3410 5338 σιδηροῦς
3461 5258 3777 5325 συνθλάσω,

2173 5362 2267 5417 καὶ
2309 5361 2466 5416 δώσω
2506 5378 2589 5415 σοι
2636 5359 2943 5431 θησαυροὺς
2978 5357 3289 5421 σκοτεινοὺς
3313 5397 3329 5425 ,
3377 5351 3736 5424 ἀποκρύφους
3757 5388 3777 5415 υ

2185 5716 2345 5779 rium,
2382 5729 2433 5782 p.
2473 5714 2593 5775 I07.
2619 5713 2924 5782 similiaque
2956 5711 3121 5767 multa
3146 5706 3522 5780 proferrentur
3549 5720 3617 5762 cx
3647 5703 3776 5775 ipso

2184 5788 2228 5844 si
2257 5800 2477 5844 necesse
2502 5795 2663 5841 esset.
2697 5785 2852 5840 EDIT.
