4034 6270
1283 253 1311 266 υ

261 399 349 456 281
1168 399 1724 464 COMMENTARIUS
1762 404 1832 463 IN
1871 407 2102 466 OSEAM
2145 411 2590 470 PROPIIETMI.

3403 417 3512 478 982

327 515 424 572 Καὶ
469 514 669 584 κρίσις
718 513 802 582 τῷ
835 515 1030 584 Κυρίῳ
1061 517 1210 586 πρὸς
1247 518 1490 587 Ἰούδαν,
1531 522 1636 577 τοῦ
1673 523 1834 578 ἐκδι-

2009 525 2250 581 Vens.2.
2292 527 2354 580 Et
2387 528 2648 596 judicium
2686 527 2905 582 Domino
2956 539 3137 584 contra
3186 529 3405 597 ludam,
3453 544 3509 588 ut

270 608 429 676 κῆσαι
477 606 584 660 τὸν
620 606 846 662 Ἰακώϐ.
895 607 1058 661 Κατὰ
1099 610 1206 675 τὰς
1254 609 1433 676 ὀδοὺς
1473 614 1683 678 αὑτοῦ,
1729 615 1827 668 καὶ

275 697 400 750 κατὰ
421 695 488 748 τὰ
519 695 964 766 ἐπιτηδεύματα
993 698 1182 752 αὐτοῦ
1209 701 1620 757 ἀνταποδώσω
1646 704 1828 770 αὐτῷ.

331 789 496 856 PAq”.
534 789 745 860 Ὥσπερ
786 789 1028 861 Ἐφραῖμ
1056 792 1349 862 ὀνομάσας,
1380 797 1663 867 παρέδειξε
1690 802 1830 852 νοεῖν

272 880 378 943 τοὺς
402 882 462 933 ἐκ
490 880 658 951 φυλῆς
693 879 940 952 Ἑφραῒμ
977 881 1460 950 βεϐασιλευκότας,
1507 886 1650 942 οὕτω
1696 890 1829 942 κάν·

271 971 378 1026 οάδε
407 973 528 1035 τοὺς
562 976 626 1026 ὲκ
665 974 841 1045 φυλῆς
877 976 1047 1030 ’ἰούδα
1087 976 1230 1031 κατὰ
1257 981 1483 1049 καιροὺς
1517 981 1829 1050 βασιλεύον-

268 1079 372 1127 τας,
397 1063 468 1127 ὼς
499 1064 558 1128 ἐξ
588 1065 853 1136 ὀνόματος
877 1067 980 1136 τῆς
1008 1066 1400 1140 βασιλευούσης
1430 1088 1640 1143 καταση
1651 1075 1832 1144 μαίνει

270 1154 451 1224 φυλῆςο
482 1157 813 1228 ἐπιτιμήσας
843 1158 906 1228 δὴ
939 1154 1034 1211 οὖν
1063 1158 1142 1228 τῷ
1179 1160 1438 1232 Ἐφραῖμ,
1477 1164 1594 1234 ἦτοι
1627 1169 1740 1229 τοῖς
1774 1166 1834 1232 ἐξ

281 1245 503 1317 Ἐφραῒμ
549 1249 809 1318 κρατοῦσι
840 1250 933 1304 τοῦ
969 1250 1214 1322 Ἰσραὴλ,
1266 1253 1485 1322 πνεῦμά
1524 1273 1581 1308 τε
1636 1257 1832 1322 αὐτοὺς

267 1337 521 1406 ὀνομάσας
552 1341 805 1410 πονηρὶν,
849 1343 942 1395 καὶ
995 1341 1129 1395 κενά
1179 1344 1274 1396 καὶ
1306 1345 1508 1413 μάταια
1543 1348 1834 1419 πληθύνειν

269 1427 449 1495 εἰπὼν,
475 1429 560 1484 διὰ
594 1447 656 1498 γε
682 1431 777 1486 τοῦ
821 1428 1086 1503 διαθήκας
1120 1433 1219 1504 μὲν
1257 1434 1503 1491 τίθεσθαι
1543 1440 1680 1510 πρὸς
1711 1441 1835 1494 Ἀσ-

273 1521 511 1592 συρίους,
546 1523 942 1595 ἐμπορεύεσθαι
984 1525 1041 1580 δὲ
1082 1526 1175 1578 καὶ
1213 1523 1393 1582 ἔλαιον
1425 1531 1505 1593 είς
1536 1532 1831 1599 Δῖγυπτον,

272 1614 605 1668 καταιτιᾶται
628 1614 806 1668 λοιπὸν
827 1617 952 1680 τοὺς
974 1616 1035 1682 ἐξ
1065 1617 1236 1672 Ἰούδα
1262 1620 1444 1685 πάλιν,
1475 1621 1834 1694 κριθήσεσθαι

274 1719 334 1756 τε
370 1703 503 1774 πρὸς
549 1707 736 1772 αὐτοὺς
762 1708 850 1762 τὸν
877 1710 986 1766 τῶν
1028 1711 1164 1768 ὅλων
1191 1712 1326 1766 Θεὸν
1375 1709 1434 1767 εὖ
1471 1715 1614 1786 μάλα
1646 1720 1830 1789 φησὶν,

278 1796 438 1849 οἱονεί
466 1814 578 1860 πως
607 1800 912 1854 ἐκδικοῦντα
948 1802 1038 1856 τὸν
1074 1801 1292 1870 Ἰακὼϐ,
1325 1806 1466 1876 φημὶ
1505 1806 1568 1878 δὴ
1606 1808 1696 1862 τὸν
1729 1827 1834 1862 πα-

281 1887 561 1959 τριάρχην,
595 1889 665 1955 ὼς
691 1893 752 1945 οὐ
788 1894 1017 1966 μετρίως
1056 1893 1404 1966 ἠδικημένον,
1434 1898 1603 1952 διάτοι
1646 1900 1708 1954 τὸ
1737 1895 1835 1955 ἶσα

292 1979 365 2048 μὴ
402 1980 608 2034 ἑλέσθαι
649 1988 858 2055 φρονεῖν
883 1987 1005 2051 τοὺς
1051 1987 1110 2052 ἐξ
1137 1987 1301 2042 αὑτοῦ
1345 1991 1654 2058 γεγονότας,
1699 1995 1838 2064 μήτε

286 2069 393 2140 μὴν
419 2071 516 2141 τῆς
542 2075 791 2146 πατρῴας
815 2079 1039 2132 κατόπιν
1066 2081 1194 2134 ἱέναι
1218 2081 1464 2152 γνώμης,
1488 2085 1838 2139 ἀποσείεσθαι

273 2156 331 2209 δὲ
363 2158 548 2230 ὥσπερ
578 2181 633 2217 τι
658 2165 766 2218 τῶν
796 2166 934 2233 ἄγαν
975 2169 1212 2224 ἐκτόπων
1240 2172 1299 2225 τὸ
1327 2173 1726 2243 ἀπομιμεῖσθαι
1758 2173 1842 2228 θέ-

269 2247 376 2302 λειν
405 2252 579 2308 αὐτόν.
615 2255 822 2311 οὐκοῦν
848 2258 924 2322 ὡς
947 2259 1268 2330 ἠδικημένον
1299 2265 1378 2326 εἰς
1407 2263 1566 2330 δόξαν
1601 2264 1690 2318 διὰ
1741 2267 1842 2337 τῆς

271 2339 375 2393 τῶν
399 2341 598 2398 τέκνων
635 2348 964 2420 φαυλότητος
991 2351 1083 2406 τὸν
1120 2353 1312 2407 Ἰακὼό
1340 2355 1648 2427 ὲκδικήσειν
1676 2359 1844 2425 ἐπαγ-

272 2431 510 2499 γέλλεται
530 2475 544 2500 ,
580 2441 688 2503 τοῖς
716 2440 1034 2511 ἠδικηκόσιν
1075 2443 1358 2508 ἀποδιδοὺς
1387 2445 1528 2499 κατὰ
1555 2447 1654 2510 τὰς
1688 2447 1842 2510 ὁδοὺς

270 2526 462 2592 αὐτῶν,
492 2531 582 2582 καὶ¹
610 2533 749 2586 κατά
777 2534 844 2587 τὰ
872 2536 1284 2608 ἐπιτηδεύματα
1308 2540 1506 2594 αὐτῶν.

347 2620 440 2673 Ἐν
480 2619 555 2690 τῇ
591 2627 792 2692 κοιλίᾳ
834 2627 1154 2696 excepti-tae
1190 2629 1297 2683 τόν
1335 2630 1605 2700 ἀδελφὸν
1634 2633 1838 2698 αὐτοῦ,

267 2709 360 2763 καὶ
393 2712 463 2766 ἐν
499 2715 709 2781 κόποις
743 2718 931 2771 αὑτοῦ
977 2720 1275 2788 ένίσχυσε
1323 2721 1473 2788 πρὸς
1519 2723 1686 2776 Θεόν.
1734 2723 1846 2778 Καὶ

263 2800 552 2870 ἐνίσχυσε
579 2806 730 2872 μετὰ
757 2806 1041 2874 ἀγγέλου,
1077 2808 1179 2862 καὶ
1214 2809 1550 2878 ἠδυνάσθη.

328 2895 494 2948 ΡΛΖ’.
548 2897 972 2967 Ἀπαριθμεῖται
1018 2901 1304 2970 χρησίμως
1334 2901 1434 2966 τὰς
1472 2902 1847 2974 εὐδοκιμήσεις

259 2984 349 3038 τοῦ
386 2986 619 3055 Ἰακὼϐ,
666 2990 748 3052 είς
787 2990 1014 3061 ἐλέγχου
1055 2991 1282 3062 δύναμιν
1320 2993 1640 3064 παρατιθεὶς
1678 2994 1846 3058 αὐτὰς

260 3076 362 3131 τῶν
395 3079 565 3149 ἕτερα
618 3080 756 3134 ἀττα
812 3083 1027 3151 φρονεῖν
1067 3099 1129 3134 τε
1197 3084 1291 3136 καὶ
1337 3083 1470 3155 δρᾷν
1514 3084 1839 3155 ᾑρημένων·

1933 616 2220 671 ulciscatur
2237 617 2426 672 Iacob.
2461 619 2630 673 Juxta
2656 621 2760 674 vias
2781 622 2915 688 ejus,
2949 629 2998 674 et
3013 622 3169 690 juxta
3199 624 3375 676 stmlia
3397 624 3509 692 ejus

1935 711 2184 762 retribuet
2211 711 2284 764 ei.

2003 797 2287 852 CXXXVI.
2366 797 2835 864 Quemadmodum
2907 804 3183 858 nominato
3254 805 3508 872 Epltraim

1932 890 2171 945 ostendit
2198 889 2572 959 intelligendos
2602 907 2752 960 reges
2803 894 2870 947 de
2907 897 3048 950 tribu
3093 899 3377 967 prraim,
3438 903 3509 954 ita

1932 990 1986 1032 et
2007 980 2096 1034 hic
2128 979 2219 1048 qui
2250 979 2538 1048 aliquando
2571 993 2637 1034 ex
2671 982 2814 1036 tribu
2847 982 2981 1036 Juda
3014 997 3284 1054 sceptrum
3325 998 3508 1042 tenue-

1933 1080 2081 1135 runt,
2119 1081 2176 1126 nt
2199 1086 2264 1126 ex
2295 1072 2435 1126 tribu
2471 1082 2750 1140 regnante,
2797 1074 3022 1131 indicat.
3072 1077 3364 1148 Olijnrgato
3413 1080 3512 1151 igi-

1936 1173 2022 1218 tur
2053 1163 2329 1233 Epliraim,
2352 1165 2469 1218 sive
2485 1163 2838 1232 prraimltis
2866 1165 3050 1221 Israeli
3097 1169 3507 1237 imperantibus,

1933 1265 1982 1311 et
2023 1255 2308 1325 appellatis
2335 1257 2525 1324 spiritu
2558 1255 2721 1320 malo,
2759 1257 3030 1327 dictoque,
3064 1259 3184 1314 illos
3238 1261 3413 1314 inania
3458 1273 3513 1314 et

1935 1365 2071 1404 vana
2107 1349 2483 1418 multiplicare,
2518 1351 2656 1417 quod
2687 1359 3066 1406 testamentum
3119 1366 3237 1406 eum
3273 1353 3512 1422 Assyriis

1936 1443 2198 1509 facerent,
2226 1451 2279 1496 et
2305 1441 2481 1496 oleum
2516 1441 2856 1498 vendendum
2887 1443 2938 1496 in
2970 1441 3262 1513 [Egyptnnt
3307 1444 3512 1513 impor-

1937 1543 2134 1600 tarent,
2166 1534 2418 1602 deinceps
2445 1533 2611 1586 etiam
2650 1531 2801 1587 Iuda:
2827 1548 2982 1602 reges
3013 1534 3311 1602 insimulat,
3347 1544 3400 1588 et
3425 1535 3512 1604 jn-

1935 1626 2075 1679 dicio
2104 1640 2225 1678 cum
2257 1624 2362 1678 illis
2408 1623 2782 1677 universorum
2837 1623 3005 1678 Deum
3053 1635 3385 1679 certaturum
3431 1640 3514 1679 res

1935 1717 2174 1772 ctissime
2225 1713 2421 1784 inquit,
2453 1715 2605 1784 quasi
2647 1712 2815 1768 Iacob
2860 1713 3236 1779 ulciscentem,
3280 1717 3513 1783 patriar—

1936 1811 2114 1874 ebam,
2149 1811 2390 1878 inquam,
2425 1817 2482 1864 ut
2517 1811 2857 1880 iniquissime
2886 1809 3094 1872 Iussum,
3123 1813 3411 1879 quodcum
3445 1826 3513 1866 ex

1939 1919 2004 1957 eo
2033 1903 2384 1971 prodiissent,
2413 1903 2552 1956 idem
2580 1903 2646 1956 de
2673 1902 2929 1970 religione
2960 1901 3164 1954 sentire
3214 1901 3511 1954 detrectas-

1941 2003 2090 2059 sent,
2120 2009 2293 2063 neque
2321 2004 2532 2066 patrum
2574 1993 2819 2062 vestigiis
2853 1991 3199 2057 institissent,
3241 1999 3295 2046 et
3324 1991 3516 2044 volun-

1944 2094 2108 2140 tatem
2138 2085 2280 2139 illius
2313 2084 2555 2139 imitandi
2594 2099 2692 2138 ceu
2727 2083 2983 2153 quiddam
3023 2081 3368 2136 vehementer
3417 2083 3516 2135 ab-

1942 2177 2160 2231 surdum
2197 2175 2587 2242 repudiassent.
2620 2173 2820 2241 Quare,
2851 2183 2910 2226 ut
2931 2172 3044 2240 ejus
3066 2172 3233 2242 gloria
3269 2188 3361 2243 per
3385 2171 3517 2226 lilio-

1944 2283 2062 2322 rum
2095 2266 2490 2336 improbitatem
2529 2267 2843 2329 obscurata,
2895 2261 3062 2319 Iacob
3109 2278 3169 2318 se
3216 2263 3519 2318 vindicatu-

1942 2376 2062 2415 rum
2091 2359 2392 2430 pollicetur,
2429 2358 2702 2414 reddendo
2749 2355 3023 2428 iniuriosis
3075 2355 3371 2410 secundum
3401 2353 3519 2408 vias

1942 2465 1996 2509 et
2023 2453 2197 2509 studia
2225 2453 2481 2523 ipsorum.

2015 2633 2180 2688 Vens.
2208 2634 2262 2688 5.
2292 2631 2359 2686 In
2385 2642 2531 2685 utero
2547 2629 2903 2699 supplantavit
2935 2627 3154 2696 fratrem
3185 2641 3362 2688 suum,
3392 2633 3441 2678 et
3464 2625 3520 2677 in

1945 2725 2212 2780 laboribus
2253 2725 2360 2778 suis
2390 2723 2664 2790 praevaluit
2691 2722 2747 2776 in
2772 2719 2961 2777 Deum.
2992 2720 3056 2774 Et
3090 2717 3367 2788 prazvaluit
3402 2733 3520 2770 cum

1945 2817 2150 2886 angelo,
2175 2825 2221 2870 et
2254 2818 2445 2883 potuit.

2016 2905 2324 2962 CXXXVII.
2362 2901 2578 2960 Utiliter
2607 2903 2794 2957 Iaudes
2826 2899 2993 2956 Jaeob
3015 2907 3317 2965 enumerat,
3351 2907 3410 2952 ut
3456 2897 3522 2952 iis

1946 2997 2102 3053 aliter
2130 3007 2182 3053 et
2209 2996 2511 3067 cogitantes
2560 3005 2615 3050 et
2649 2994 2910 3049 facientes
2944 2994 3262 3062 redargnat;
3311 3005 3524 3059 semper

1946 3089 2090 3143 enim
2115 3087 2241 3143 boni
2274 3086 2612 3158 appositione
2637 3083 2833 3138 malum
2869 3095 2961 3136 seu
3003 3079 3255 3136 vitiosum
3278 3078 3522 3148 coargui-

259 3168 342 3222 ἀεὶ
376 3170 485 3242 γάρ
529 3188 647 3234 πως
687 3173 1115 3244 ἀντιπαραθέσει
1153 3173 1246 3228 τοῦ
1292 3175 1498 3245 ἀγαθοῦ
1551 3175 1613 3229 τὸ
1643 3175 1844 3245 φαῦλον

1949 3190 2053 3246 tur,
2087 3189 2144 3236 et
2189 3194 2256 3234 ex
2306 3177 2593 3233 collatione
2643 3174 3014 3238 laudabilium,
3061 3172 3204 3242 quod
3255 3169 3521 3242 ejusmodi

258 3258 562 3330 ἐλέγχεται,
593 3263 688 3316 καὶ
719 3267 786 3334 τῇ
829 3264 1143 3334 παραδείξει
1186 3266 1296 3321 τῶν
1336 3267 1741 3338 ἐπαινουμένων
1782 3269 1846 3323 τὸ

260 3351 332 3422 μὴ
360 3351 546 3415 οὕτως
588 3353 710 3423 ἕχον
751 3355 1172 3426 κατηγορεῖσθαι
1204 3358 1369 3428 φιλεῖ.
1399 3360 1520 3413 Ὀτι
1549 3361 1724 3412 τοίνυν
1750 3360 1846 3413 καὶ⁹

253 3440 310 3506 ἐξ
334 3441 528 3494 αὐτῶν
555 3443 878 3512 σπαργάνων
908 3445 1109 3517 εὐφυὴς
1137 3447 1360 3515 γέγονεν
1395 3447 1610 3514 Ἰακὼϐ,
1649 3448 1844 3520 μᾶλλον

247 3529 302 3583 δὲ
328 3532 423 3584 καὶ
473 3533 582 3601 πρὸ
602 3532 810 3596 ὠδῖνος,
845 3537 1099 3605 πειρᾶται
1125 3537 1390 3591 δεικνύειν
1427 3539 1515 3592 διὰ
1538 3539 1635 3593 τοῦ
1679 3557 1842 3612 πτερ-

249 3619 387 3676 νίσαι
417 3621 531 3675 τὸν
552 3622 778 3691 ἀδελφὸν
805 3625 863 3676 ὲν
896 3628 961 3696 τῇ
989 3626 1181 3697 κοιλίᾳ.
1210 3628 1274 3680 El
1315 3630 1418 3699 γὰρ
1451 3631 1546 3683 καὶ
1581 3630 1732 3692 θείας
1758 3631 1848 3684 δυ-

253 3713 483 3785 νάμεως
525 3713 805 3784 ἐνέργημα
843 3715 904 3769 τὸ
943 3717 1216 3788 δρώμενον
1247 3714 1318 3790 ἦν
1364 3720 1446 3785 (οὐ
1491 3722 1600 3792 γάρ
1644 3740 1750 3776 που
1785 3723 1848 3776 τὸ

257 3804 466 3876 βρέφος
496 3804 559 3856 τὸ
580 3805 638 3857 ὲν
665 3805 890 3877 ἐμϐρύῳ
943 3809 1036 3861 καὶ
1071 3812 1249 3882 μήτρᾳ
1275 3814 1556 3883 πτερνίσαι
1583 3816 1765 3886 φαμὲν
1790 3816 1850 3881 ἐξ

258 3893 462 3948 ἑαυτοῦ
487 3894 578 3948 τὸν
614 3895 830 3966 Ἠσαῦ),
856 3897 970 3950 ἀλλ’
993 3895 1085 3952 οὖν
1123 3901 1265 3954 κατὰ
1295 3903 1604 3972 πρόγνωσιν
1630 3905 1705 3970 ὼς
1731 3907 1850 3959 ὲσο-

263 3987 404 4057 μένῳ
445 3985 690 4056 χρηστῷ,
726 3986 823 4058 τὴν
854 3988 950 4041 τοῦ
989 3993 1269 4060 γεγονότος
1306 3995 1641 4066 κατόρθωσιν
1676 3997 1852 4050 ἐνετί-

263 4077 339 4131 θει
367 4078 531 4142 Θεός.
563 4078 720 4132 Οὕτω
755 4079 848 4132 καὶ
876 4080 1080 4149 ἔφασκε
1107 4099 1123 4116 ο
1157 4101 1174 4134 ι
1206 4084 1311 4137 Τὸν
1350 4086 1543 4138 Ἰακὼϐ
1566 4087 1849 4159 ἠγάπησα,

263 4169 349 4222 τὸν
388 4169 458 4223 δὲ
501 4168 672 4223 Ἠσαῦ
715 4171 975 4240 ἐμίσησα.
1003 4191 1020 4223 ι
1055 4172 1225 4226 Τοῦτο
1267 4174 1323 4226 δὲ
1356 4171 1421 4246 ἦν
1459 4179 1581 4230 κατ’
1624 4178 1852 4250 ἐκλογὴν

263 4261 508 4332 χάριτος,
544 4262 797 4332 ἑλομένου
837 4262 973 4316 Θεοῦ
1005 4264 1098 4316 τὸν
1122 4265 1330 4334 ἀμείνω
1361 4284 1460 4319 που
1495 4269 1710 4332 πάντως
1737 4271 1856 4322 ὲσόο

265 4369 456 4423 μενον,
485 4352 560 4416 ὡς
603 4355 660 4406 ἐν
694 4354 1000 4424 προγνώσει
1038 4353 1101 4426 δὴ
1143 4358 1322 4410 πάλιν.
1360 4357 1521 4411 Ἀλλὰ
1568 4361 1726 4412 ταυτὶ
1758 4361 1855 4432 μὲν

263 4444 318 4497 ὲν
366 4445 570 4517 μήτρᾳ.
609 4446 826 4518 Ἐπειδὴ
851 4447 910 4500 δὲ
949 4447 1218 4518 προῆλθεν
1247 4450 1326 4510 εἰς
1364 4451 1524 4522 ἥϐην,
1559 4451 1760 4520 μᾶλλον
1799 4452 1856 4505 δὲ

1951 3286 2056 3328 non
2087 3280 2190 3336 est,
2225 3270 2544 3341 reprehendi
2578 3283 2639 3323 ac
2669 3267 2912 3323 damnari
2948 3265 3102 3319 solet.
3133 3265 3213 3317 Ab
3243 3264 3374 3332 ipsis
3419 3261 3524 3331 igi-

1951 3375 2038 3422 tur
2067 3355 2404 3421 incun'abulis
2428 3361 2594 3417 Jacob
2629 3360 2794 3415 fuisse
2831 3358 3060 3413 habilem
3102 3371 3166 3412 ac
3219 3357 3524 3414 dexterum,

1951 3461 2061 3515 imo
2088 3468 2374 3527 antequam
2405 3465 2558 3525 partu
2587 3454 2860 3517 ederetur,
2887 3467 2953 3508 ex
2981 3466 3045 3505 eo
3073 3450 3302 3522 probare
3349 3446 3526 3500 studet

1952 3552 2092 3624 quod
2126 3550 2347 3605 fratrem
2393 3548 2445 3601 in
2488 3556 2644 3601 utero
2676 3556 2922 3599 materno
2975 3541 3351 3612 supplantarit.
3413 3536 3526 3590 Etsi

1952 3645 2096 3698 enim
2132 3641 2326 3696 divinas
2355 3638 2571 3692 virtutis
2603 3652 2737 3705 opus
2765 3635 2886 3699 fuit,
2925 3634 3067 3702 quod
3112 3632 3370 3701 agebatur
3400 3627 3526 3696 (non

1953 3734 2096 3788 enim
2129 3731 2390 3786 infantem
2427 3728 2479 3778 in
2513 3725 2812 3777 visceribus
2854 3731 2909 3776 et
2949 3730 3103 3774 utero
3140 3735 3231 3787 per
3279 3732 3338 3771 se
3389 3715 3526 3769 Esau

1955 3826 2192 3894 plantam
2220 3819 2456 3875 tenuisse
2484 3815 2664 3871 dicere
2693 3811 2994 3877 audemus).
3033 3819 3208 3863 tamen
3235 3807 3526 3861 secundum

1957 3910 2375 3983 prmscientiam,
2409 3916 2470 3963 ut
2499 3907 2588 3977 qui
2618 3905 2788 3960 bonus
2815 3911 2962 3958 esset
2993 3900 3226 3964 hiturns,
3263 3900 3400 3953 Deus
3429 3897 3531 3951 hoc

1957 4005 2156 4061 factum
2178 4001 2452 4073 egregium
2478 3998 2532 4053 in
2559 4013 2623 4054 eo
2648 3995 2933 4062 excitavit;
2965 3994 3236 4064 quietiam
3260 3994 3332 4047 ita
3360 3991 3529 4045 dim:

1964 4117 1982 4150 ι
2016 4095 2183 4152 Jacob
2218 4093 2402 4156 dilexi,
2445 4089 2608 4161 169
2639 4088 2778 4142 Esau
2815 4095 2997 4140 autem
3044 4083 3168 4138 odio
3211 4082 3371 4136 habui
3401 4079 3467 4131 ".
3507 4096 3529 4130 ι

1959 4189 2073 4242 lloc
2109 4199 2271 4255 porro
2300 4191 2418 4237 erat
2455 4179 2749 4235 secundum
2790 4173 3107 4229 electionem
3147 4171 3356 4241 gratim,
3409 4183 3530 4223 cum

1959 4276 2211 4347 elegisset
2235 4272 2377 4326 Deus
2399 4269 2547 4323 omni
2577 4266 2784 4319 ratione
2809 4263 3083 4317 meliorem
3115 4260 3388 4326 futurum;
3439 4259 3533 4313 sed

1961 4375 2020 4422 ut
2043 4381 2109 4420 ex
2139 4359 2496 4434 praescientia.
2525 4358 2695 4423 Atque
2730 4355 2844 4409 haec
2874 4353 3094 4423 quidem
3133 4351 3186 4405 in
3216 4358 3391 4404 utero.
3429 4348 3531 4404 Ubi

1963 4466 2141 4512 autem
2171 4450 2464 4521 jnvenilem
2495 4456 2708 4502 aetatem
2734 4445 2939 4515 attigit,
2970 4443 3078 4497 imo
3103 4440 3286 4496 verius
3320 4441 3371 4494 in
3399 4439 3532 4493 viris

267 4537 369 4590 καὶ
405 4539 464 4590 ὲν
509 4537 737 4608 ἀνδράσι
779 4538 954 4590 ἐτέλει
1002 4537 1206 4604 λοιπὸν,
1257 4557 1274 4588 ι
1319 4541 1409 4594 Ἐν
1455 4541 1643 4605 κόποις
1688 4539 1845 4594 αὐτοί

1963 4555 2275 4603 numeratus
2308 4552 2410 4608 est,
2453 4559 2472 4592 ι
2535 4539 2588 4593 in
2642 4536 2918 4591 laboribus
2970 4534 3082 4589 suis
3144 4531 3425 4603 praevaluit
3481 4530 3534 4582 in

268 4628 524 4699 ὲνὶσχυσε
552 4630 688 4702 πρὸς
731 4630 928 4686 Θεόν.»
978 4628 1114 4683 Θεοῦ
1163 4631 1270 4702 γὰρ
1300 4631 1612 4702 πέμποντος
1657 4634 1862 4686 οἰκονοο

273 4721 454 4791 μικῶς
478 4722 558 4784 είς
597 4722 825 4794 ἱδρῶτας
856 4724 950 4776 καὶ
987 4724 1203 4788 πόνους,
1231 4725 1329 4776 οὐκ
1359 4723 1644 4794 ἠσθένησε,
1673 4724 1861 4794 φησίν.

272 4815 347 4865 ἰι
391 4812 501 4884 γὰρ
547 4814 646 4883 οὐχ
699 4814 888 4883 ἱδρὼς,
930 4817 991 4868 τὸ
1027 4819 1127 4885 τῆς
1165 4813 1428 4886 πατρῴας
1465 4817 1562 4884 μὲν
1605 4816 1862 4885 ἀπαίρειν

272 4905 479 4969 ἑστίας,
519 4905 860 4972 ἀφικνεῖσθαι
901 4908 957 4961 δὲ
995 4908 1131 4979 πρὸς
1159 4907 1363 4971 Λάϐαν,
1404 4907 1497 4960 καὶ
1533 4907 1860 4979 ἀνασχέσθαι

191 5027 197 5032 η
274 4993 534 5062 θητείας,
579 4997 674 5047 καὶ
702 4997 829 5059 τοὺς
857 4999 950 5050 ἐπὶ
991 4998 1052 5051 τὸ
1083 4997 1390 5068 ποιμαίνειν
1425 4998 1719 5068 ἀνατλῆναι
1760 4998 1859 5050 πό·

213 5095 222 5104 “
276 5101 434 5149 νους;
473 5085 796 5152 Ἀμφίὸολον
819 5088 1032 5151 οὐκοῦν,
1060 5108 1078 5140 ι
1110 5089 1199 5142 Ἐν
1225 5089 1406 5151 πόνοις
1435 5089 1682 5158 ὲνίσχυσε
1719 5087 1858 5158 πρὸς

276 5174 423 5227 Θεόν.
442 5196 460 5227 ι
491 5175 603 5244 Ούχ
633 5175 707 5238 ὡς
731 5176 849 5246 Θεῷ
879 5179 1200 5248 μαχόμενος,
1230 5179 1520 5232 ὑπακούων
1543 5179 1600 5229 δὲ
1633 5177 1853 5247 μᾶλλον,

278 5267 371 5318 καὶ
403 5267 566 5319 οἱονεὶ
596 5269 1042 5337 περιγιγνόμενος
1080 5269 1167 5322 διὰ
1195 5269 1288 5321 τοῦ
1311 5267 1552 5337 πληροῦν
1585 5267 1652 5319 τὰ
1696 5285 1856 5320 κεκε-

279 5355 567 5426 λευσμένα.
604 5358 755 5421 Ἐξὸν
792 5357 899 5432 γὰρ
943 5361 1192 5429 ἀνιδρωτὶ
1227 5360 1494 5422 πλουτεῖν,
1531 5358 1623 5411 καὶ
1662 5359 1858 5429 εὐημε-

286 5451 394 5516 ρεῖν
422 5448 562 5502 οἴκοι
591 5451 820 5520 μένοντα
845 5451 935 5503 τὸν
963 5451 1178 5516 Ἰακὼϐ,
1202 5452 1302 5504 οᾶκ
1333 5449 1680 5519 ἀγύμναστον
1707 5453 1854 5523 ἠφίει

284 5535 430 5600 Θεός.
467 5539 589 5592 Ἐπὶ
616 5543 885 5610 προφάσει
911 5541 968 5592 δὲ
1011 5540 1209 5610 μᾶλλον
1247 5541 1355 5593 τῶν
1385 5539 1442 5604 ἐξ
1474 5537 1641 5591 Ἡσαῦ
1670 5541 1854 5610 δειμά-

288 5643 388 5682 των
415 5629 499 5682 ἐπ’
530 5632 832 5702 ἀλλοδαπὴν
865 5633 1009 5687 ίόντα
1052 5631 1234 5701 χώραν
1268 5649 1325 5684 τε
1371 5630 1463 5683 καὶ
1510 5631 1682 5696 πόλιν,
1729 5632 1854 5685 δύσ-

357 5807 400 5839 ¹⁵¹
443 5807 663 5863 ΜιιΙΜΙι.
698 5824 738 5870 t,

1962 4641 2149 4694 Deum.
2188 4654 2207 4687 ι
2253 4634 2384 4688 Nam
2418 4646 2538 4687 cum
2561 4631 2698 4684 Deus
2719 4627 3061 4698 providenter
3081 4639 3203 4680 enm
3223 4623 3289 4676 ad
3313 4621 3536 4677 sudores

1957 4732 2279 4798 laboresque
2326 4725 2584 4786 misisset,
2635 4735 2741 4774 non
2797 4717 3014 4782 deiecit,
3070 4716 3264 4786 inquit.
3313 4714 3392 4765 An
3429 4727 3534 4766 non

1957 4823 2100 4876 enim
2132 4817 2349 4876 sudoris
2378 4830 2514 4888 opus
2545 4822 2646 4877 est,
2689 4827 2716 4865 a
2759 4818 2980 4880 paterna
3031 4807 3190 4862 domo
3235 4802 3532 4868 discedere,

1959 4913 2022 4967 ad
2059 4911 2237 4966 Laban
2266 4907 2538 4972 devenire,
2560 4904 2632 4959 ibi
2658 4901 3044 4956 mercenariam
3070 4897 3381 4952 servitutem
3412 4908 3534 4949 sus-

1962 5003 2167 5067 tinere,
2197 5008 2252 5055 et
2278 4996 2590 5068 pastoritios
2631 4995 2846 5048 labores
2881 4988 3160 5060 perferre?
3207 4987 3318 5041 Hoc
3368 4987 3536 5057 igitur

1963 5103 2048 5147 est
2078 5090 2409 5158 ambiguum,
2444 5105 2462 5138 ι
2497 5088 2552 5141 In
2583 5085 2859 5140 laboribus
2889 5080 3168 5151 praevaluit
3192 5081 3244 5133 in
3279 5080 3442 5133 Deum
3470 5097 3484 5133 :
3512 5098 3530 5129 ι

1965 5195 2068 5235 non
2104 5178 2260 5248 quasi
2283 5192 2405 5231 cum
2438 5176 2548 5230 Deo
2575 5188 2840 5244 pugnans,
2883 5172 2976 5225 sed
3029 5169 3290 5223 obediens
3336 5169 3534 5236 potius,

1964 5281 2017 5326 et
2052 5269 2216 5324 veluti
2251 5267 2498 5335 superior
2533 5280 2596 5318 ac
2626 5267 2822 5326 victor,
2877 5261 3018 5330 quod
3070 5260 3213 5327 Iusta
3265 5259 3534 5327 impleret.

1964 5360 2098 5414 Nam
2135 5372 2257 5412 eum
2292 5357 2484 5411 liceret
2519 5353 2684 5408 Jacob
2712 5354 2846 5408 citra
2876 5351 3126 5405 sudorem
3169 5351 3454 5412 ditescere,
3481 5357 3537 5401 et

1965 5449 2274 5505 felicitatem
2308 5445 2554 5515 adipisci,
2600 5445 2643 5498 si
2702 5442 2846 5498 domi
2897 5451 3160 5505 maneret,
3219 5439 3361 5494 Deus
3411 5453 3534 5493 eum

1963 5537 2357 5595 exercitatione
2383 5547 2580 5586 vacare
2628 5546 2733 5586 non
2784 5530 3060 5600 permisit;
3117 5532 3213 5585 sed
3252 5529 3538 5584 occasione

1964 5628 2230 5683 minarum
2257 5624 2323 5679 ab
2346 5623 2484 5678 Esau
2503 5621 2900 5687 intentatarum,
2915 5620 2966 5676 in
2985 5621 3323 5691 peregrinum
3343 5612 3539 5674 solum.
