4034 6270
459 389 567 449 es;
1452 391 1507 448 s.
1552 381 1825 447 cv‘mLLt
1867 389 2339 447 ΑιεχΑΝοιιιιιι
2376 376 2697 449 ARCIIIEP.
3607 392 3717 445 est

462 494 518 538 ct
550 487 738 540 urbem
767 484 1064 554 proiectum
1094 485 1160 548 “,
1195 483 1467 552 negotium:
1491 485 1877 552 permolestum
1909 498 2032 539 sus-

2142 499 2310 536 οιστον
2361 484 2682 550 ὑπενεγκεῖν
2725 482 3103 552 παρεσκεύαζε
3150 483 3333 545 πόνον,
3389 482 3474 534 ἵνα
3518 482 3610 535 καὶ
3656 485 3719 534 ἐν

466 575 640 630 tinere
674 574 830 641 fecit,
863 583 924 630 ut
964 575 1128 631 etiam
1168 576 1221 629 in
1260 575 1394 644 ipsis
1439 575 1656 631 casibus
1705 576 1919 631 sincere
1979 576 2033 630 iu

2142 576 2327 639 αὐταῖς
2363 577 2485 639 ταῖς
2513 574 2725 644 θλίψεσι
2759 575 2859 645 τῆς
2885 577 2965 640 είς
2991 576 3124 629 Θεὸν
3148 575 3371 643 ἀγάπης
3396 571 3724 644 τετηρηκὼς

468 667 634 721 Deum
684 666 951 721 charitale
1003 674 1241 730 servata,
1314 666 1435 736 jure
1479 674 1624 720 esset
1669 664 2033 720 admirationi.

2142 665 2197 720 τὸ
2211 666 2453 736 γνήσιον,
2479 666 2705 729 εἰκότως
2726 664 3078 736 θαυμάζοιτο.
3102 663 3333 728 Οὐκοῦν,
3363 683 3383 715 ι
3404 663 3727 731 Ἑνίσχυσεν

467 757 630 827 Igitur
666 775 685 809 ι
722 755 998 824 praevaluit
1027 755 1082 812 in
1110 756 1384 812 laboribus
1408 758 1521 812 suis
1556 757 1607 811 in
1637 758 1841 824 Deum;
1879 775 1898 809 ι
1939 757 2035 812 sed

2142 758 2193 811 iv
2222 757 2405 820 πόνοις
2436 755 2601 808 αὑτοῦ
2642 755 2778 828 πρὸς
2817 753 2911 809 τόν
2964 755 3119 810 Θεόν.
3147 773 3166 806 ι
3209 753 3349 807 Ἀλλ’
3377 772 3396 804 ι
3437 751 3719 821 Ἐνίσχυσε

470 866 489 897 ι
524 847 812 902 Praevaluit
835 849 998 904 etiam
1029 862 1153 904 eum
1198 849 1411 917 angelo,
1457 849 1656 916 inquit,
1695 858 1750 905 et
1785 849 1975 919 potuit.
2009 866 2031 902 ι

2142 847 2230 901 καὶ
2282 847 2397 917 μετ’
2423 846 2679 915 ἀγγέλου,
2709 846 2865 917 φησὶ,
2900 846 2995 900 καὶ
3034 845 3361 916 ἡδυνάοθτμ
3400 842 3716 897 Πεπάλαικε

469 938 725 995 Luctatus
742 948 828 995 est
853 940 996 995 enim
1027 954 1149 995 cunt
1177 955 1243 996 eo
1278 941 1501 1010 angelus
1526 948 1586 994 ut
1619 939 1670 994 in
1706 938 1877 994 forma
1918 938 2036 993 Dei.

467 1030 603 1083 Tum
635 1031 801 1086 etiam
834 1032 1097 1086 emarcuit
1129 1031 1303 1087 femur
1345 1032 1483 1102 ejus.
1528 1030 1907 1086 Verumtamen
1955 1029 2038 1085 di-

466 1120 626 1174 vinus
681 1118 848 1175 Jacob
890 1120 1096 1189 gratias
1157 1122 1282 1176 huic
1338 1121 1496 1176 lucta:
1549 1123 1772 1190 agebat;
1823 1121 2038 1176 dicebat

467 1212 611 1265 enim
638 1224 654 1264 :
686 1231 705 1263 ι
740 1211 873 1278 Quia
897 1211 1006 1267 vidi
1033 1213 1196 1266 Deum
1236 1210 1374 1266 faeie
1418 1211 1485 1265 ad
1524 1210 1739 1275 faciem,
1782 1220 1839 1266 et
1888 1211 2035 1267 salva

472 1302 612 1359 {acia
643 1312 723 1358 est
753 1303 928 1359 anima
954 1319 1071 1359 mea
1104 1304 1169 1357 ⁸³.
1209 1322 1229 1356 ι

539 1393 850 1464 Mysterium
884 1394 1045 1464 igitur
1071 1395 1123 1448 in
1148 1394 1365 1449 Christo
1399 1408 1493 1464 per
1535 1392 1733 1449 Iuctam
1777 1408 1900 1449 eum
1939 1410 2040 1450 an-

469 1486 589 1554 gelo
618 1493 1086 1555 pramonstratum
1114 1493 1214 1540 est.
1246 1484 1665 1540 Perseverarunt
1687 1486 1828 1540 enim
1856 1495 2038 1557 poste-

474 1576 515 1629 ri
545 1574 710 1630 Jaeob
746 1575 1018 1631 adversari
1055 1574 1295 1640 Christo,
1325 1590 1487 1644 quem
1533 1576 1808 1645 prophetae
1854 1577 2038 1648 magni

468 1655 681 1720 consilii
709 1665 967 1730 Angelum
999 1676 1194 1721 vocant
1231 1666 1299 1720 ⁸⁸.
1352 1667 1418 1721 Ει
1444 1666 1532 1721 alii
1568 1667 1784 1738 quidem
1830 1684 2040 1725 mareo-

473 1770 609 1818 rem,
639 1755 691 1809 id
725 1764 829 1818 est,
874 1755 1295 1825 redemptionem
1340 1755 1458 1823 ejus
1506 1772 1612 1812 non
1664 1758 2034 1823 admittentes;

471 1844 560 1900 alii
591 1846 752 1901 etiam
783 1860 842 1902 se
874 1846 1072 1902 vidisse
1113 1862 1208 1916 per
1240 1848 1438 1916 ipsum,
1460 1858 1515 1905 et
1562 1849 1616 1904 in
1663 1850 1779 1918 ipso
1807 1850 1944 1907 facie
1972 1851 2040 1906 ad

475 1937 666 1993 faciem
698 1953 881 2004 unum,
910 1948 963 1993 et
990 1949 1203 2004 natura,
1236 1947 1290 1993 et
1322 1953 1446 1994 vere
1478 1940 1645 1994 Deum
1675 1941 1918 1997 conﬁteri
1946 1956 2041 1995 no-

474 2030 948 2098 lcntes.lnseipso
977 2030 1118 2084 enim
1149 2030 1385 2085 ostendit
1438 2031 1594 2085 nobis
1644 2030 1857 2087 Patrem
1914 2031 2041 2094 Em-

474 2123 706 2187 manuel,
726 2123 913 2177 dicens
948 2136 963 2175 :
997 2140 1015 2173 ι
1039 2121 1140 2187 Qui
1162 2121 1291 2176 vidit
1317 2135 1420 2182 me.
1450 2121 1583 2177 vidit
1611 2132 1665 2177 et
1682 2123 1895 2177 Patrem
1919 2123 1985 2177 ⁸⁸.
2013 2141 2034 2174 ι

470 2212 827 2268 Adumbravit
852 2227 981 2282 ergo
1011 2213 1319 2282 mysterium
1355 2212 1544 2267 modus
1573 2215 1902 2271 certaminis.
1940 2214 2041 2270 Ve-

473 2317 590 2356 rum
628 2301 768 2356 Deus
795 2301 992 2356 factum
1027 2301 1168 2357 istud
1223 2300 1388 2357 Jacob
1420 2300 1563 2357 laudi
1593 2302 1833 2373 apponit.

542 2577 707 2632 Vsus.
738 2576 793 2643 ό,
820 2576 874 2631 5.
912 2574 1210 2641 Flaurum,
1245 2587 1293 2632 et
1342 2576 1606 2646 deprecati
1653 2586 1773 2632 sunt
1820 2593 1919 2632 me.
1974 2576 2041 2631 In

473 2670 627 2724 domo
647 2684 761 2724 mea
787 2650 1088 2725 invenerunt
1125 2684 1230 2731 me,
1267 2677 1313 2722 et
1348 2668 1420 2721 ibi
1446 2669 1643 2722 dictum
1684 2678 1758 2722 est
1798 2669 1867 2721 ad
1899 2684 2037 2723 eum.

476 2760 729 2816 Dominus
751 2777 871 2816 vero
889 2760 1028 2815 Deus
1050 2762 1370 2830 omnipotens
1388 2760 1489 2815 erit
1515 2759 1815 2815 memoriale
1834 2759 1968 2828 ejus.

542 2937 872 2995 CXXXVIII.
904 2938 1090 2993 Adhuc
1116 2937 1346 2992 aliarum
1392 2933 1737 2993 historiarum
1775 2937 2038 3001 meminit,

475 3030 735 3100 inclytum
783 3038 840 3085 et
887 3031 1242 3097 undequaque
1297 3028 1616 3083 laudabilem
1671 3027 1825 3084 nobis
1872 3026 2041 3084 Jaeob

472 3121 872 3175 demonstrans.
907 3118 1085 3186 Quare
1111 3119 1372 3188 scriptum
1400 3126 1481 3172 est
1524 3119 1578 3173 in
1627 3116 1848 3182 Genesi,
1903 3117 2038 3173 ﬁlios

2154 3123 2368 3179 Ἰακώϐ.
2392 3122 2701 3194 Γέγραπται
2733 3121 2910 3175 τοίνυν
2939 3122 2997 3173 ὲν
3019 3122 3087 3190 τῇ
3116 3120 3355 3184 Γενέσει,
3387 3120 3468 3173 ὅτι
3499 3118 3719 3187 Σικιμί-
3832 3176 3841 3189 1

471 3210 637 3266 Jaeob
671 3209 1006 3278 Simeonem,
1024 3218 1079 3265 et
1119 3208 1249 3265 Levi
1283 3208 1593 3265 Sicbimitas
1625 3209 1915 3265 crudeliter
1942 3209 2043 3264 im-

477 3302 814 3371 maniterque
843 3301 1159 3367 trucidasse,
1187 3314 1476 3356 succenses
1507 3300 1667 3370 170
1712 3300 1789 3355 ira
1823 3310 2042 3368 propter

474 3391 664 3444 Dinam
695 3403 959 3454 sororem,
985 3390 1072 3445 cui
1112 3389 1473 3460 virginitatem
1524 3390 1744 3444 Emmor
1786 3389 1925 3445 ﬁlius
1955 3387 2042 3444 Si-

472 3481 629 3534 ebem
655 3480 947 3534 ademerat.
979 3478 1128 3536 Unde
1176 3479 1229 3533 in
1257 3493 1507 3549 magnum
1559 3478 1803 3534 timorem
1859 3478 2042 3549 conje-

470 3582 593 3626 etus
626 3571 812 3626 beatus
840 3570 1025 3634 Jacob,
1059 3586 1286 3639 seseque
1314 3570 1583 3639 extemplo
1616 3586 1737 3627 cum
1776 3570 1960 3627 liberis
1987 3580 2042 3627 ct

472 3658 780 3714 domesticis
801 3660 1050 3715 omnibus
1091 3659 1431 3715 interfectum
1466 3661 1531 3715 iri
1567 3661 1905 3727 existimans,
1942 3677 2041 3717 au-

470 3762 650 3806 ctores
681 3752 889 3806 illarum
914 3753 1138 3807 caedium
1195 3751 1482 3824 increpuit,
1536 3770 1658 3809 cum
1692 3754 1761 3809 ita
1787 3754 1985 3810 diceret
2022 3771 2037 3809 :

476 3863 495 3896 ι
533 3842 787 3900 Odiosum
819 3860 905 3900 me
931 3844 1155 3911 fecistis,
1188 3845 1263 3900 ita
1297 3856 1355 3900 ut
1387 3846 1559 3900 malus
1589 3861 1687 3916 ego
1714 3847 1816 3901 sint
1861 3846 2040 3902 omni-

473 3938 571 3991 bus
603 3935 967 3991 habitantibus
1022 3945 1246 4001 terram,
1292 3947 1348 3991 et
1396 3937 1447 3989 in
1503 3936 1840 4003 Ultananmis,
1886 3948 1941 3991 et
1986 3939 2038 3993 in

472 4024 796 4080 Phereza-is.
833 4024 943 4096 Ego
971 4035 1147 4081 autem
1174 4025 1531 4096 paucissimus
1558 4041 1676 4081 sum
1714 4027 1765 4080 in
1791 4042 2035 4090 numero,

468 4128 523 4172 et
543 4117 848 4187 congregati
880 4132 1043 4193 super
1086 4131 1172 4172 me
1203 4118 1504 4186 percutieut
1550 4133 1657 4184 tne,
1706 4126 1760 4173 et
1816 4117 2038 4173 delebor

468 4224 587 4276 ego,
616 4220 673 4264 et
703 4210 893 4264 domus
921 4224 1035 4265 mea
1066 4208 1165 4265 ⁸⁸.»
1205 4210 1510 4280 Atjuveues
1557 4211 1620 4265 de
1660 4209 1858 4267 ferocia
1908 4209 2040 4266 nihil

472 4298 815 4355 remittebant
886 4301 1130 4365 omnino,
1193 4311 1653 4372 oceurrentcsque
1712 4302 1963 4357 dicebant
2021 4315 2037 4353 :

474 4410 492 4442 ι
528 4390 636 4445 Sed
664 4390 806 4445 sicut
833 4400 1016 4446 scorto
1045 4400 1265 4447 utentur
1296 4408 1483 4449 sorore
1510 4402 1694 4448 nostra
1727 4393 1802 4447 δτι
1837 4412 1855 4445 ι
1891 4393 2032 4459 Quo-

2135 937 2244 1009 γὰρ
2274 938 2505 1006 ἄγγελος
2537 938 2675 1010 πρὸς
2700 938 2885 1000 αὐτὸν,
2909 938 2987 1001 ὡς
3019 939 3076 990 ὲν
3103 937 3232 991 εἴδει
3260 936 3418 990 Θεοῦ.
3460 934 3596 988 Τότε
3622 934 3720 986 καὶ

2136 1027 2440 1096 ἐνάρκησεν
2471 1028 2500 1079 6
2541 1025 2715 1097 μηρὸς
2747 1026 2934 1081 αὑτοῦ.
2970 1025 3116 1094 Πλὴν
3144 1025 3174 1077 6
3203 1023 3490 1086 Θεσπέσιος
3525 1021 3721 1077 Ἰακὼϐ

2137 1116 2394 1185 πλείστην
2422 1116 2554 1186 ὅσην
2600 1115 2870 1184 ὡμολόγει
2909 1117 2975 1185 τῇ
3012 1115 3158 1185 πάλῃ
3203 1113 3303 1184 τὴν
3354 1113 3538 1182 χάριν.
3571 1112 3722 1179 Ἔφη

2135 1205 2265 1277 γὰρ,
2298 1225 2317 1256 ι
2337 1206 2459 1259 Ὅτι
2487 1202 2624 1259 εἶδον
2647 1205 2781 1259 Θεὸν
2810 1205 3103 1277 πρόσωπον
3124 1204 3259 1274 πρὸς
3286 1203 3599 1273 πρόσωπον,
3623 1201 3719 1255 καὶ

2136 1297 2313 1366 ἐσώθη
2349 1313 2449 1366 μου
2476 1298 2509 1367 ἡ
2548 1297 2714 1368 ψυχή.
2739 1316 2758 1348 ι

2205 1385 2280 1439 Τὸ
2320 1388 2418 1455 μὲν
2448 1381 2541 1439 οὖν
2581 1385 2673 1438 ἐπὶ
2723 1383 2943 1455 Χριστῷ
2979 1382 3274 1453 μυστήριον
3301 1381 3390 1434 διὰ
3431 1379 3531 1450 τῆς
3581 1378 3718 1447 πρὸς

2137 1479 2226 1534 τὸν
2259 1480 2489 1550 ἄγγελον
2522 1478 2968 1550 προανεδείκνυτο
3001 1476 3199 1546 πάλης.
3230 1474 3464 1544 Ἔμενον
3514 1473 3630 1543 γὰρ
3665 1472 3716 1524 oi

2138 1570 2199 1636 ἐξ
2231 1570 2422 1624 Ἰακὼϐ
2462 1567 2925 1638 ἀνταγωνίζεσθαι
2955 1566 3034 1638 τῷ
3077 1564 3336 1638 Χριστῷ,
3374 1564 3434 1618 ὃν
3475 1563 3716 1634 μεγάλης

2140 1662 2335 1733 βουλῆς
2358 1662 2624 1731 Ἄγγελον
2649 1660 2799 1715 ὁτῶν
2826 1658 3123 1731 προφητῶν
3147 1658 3401 1728 ὠνόμασε
3427 1655 3719 1723 >.όγος.Καὶ

2138 1758 2186 1809 οἱ
2215 1757 2313 1825 μὲν
2344 1754 2609 1827 νάρκησιν
2652 1754 2753 1824 τὴν
2782 1753 2911 1822 παρ’
2951 1750 3117 1805 αὑτοῦ
3148 1748 3416 1819 λύτρωσιν
3449 1748 3511 1801 οὐ
3554 1762 3718 1816 προσ-

2070 1827 2121 1883 B
2138 1849 2405 1918 ηκάμενοι
2423 1863 2438 1880 ο
2474 1849 2523 1901 oi
2551 1847 2610 1900 δὲ
2641 1846 2735 1901 καὶ
2762 1845 3060 1916 ὁμολογεῖν,
3087 1844 3170 1897 ὅτι
3199 1841 3486 1895 τεθέανται
3518 1839 3587 1891 δι’
3617 1838 3717 1893 αὐ-

2139 1939 2234 1992 τοῦ
2269 1956 2328 1991 τε
2376 1938 2469 1991 καὶ
2499 1939 2556 1991 ὲν
2584 1934 2734 2006 αὺτῷ
2781 1935 3070 2005 πρόσωπον
3112 1931 3250 2003 πρὸς
3299 1929 3592 2000 πρόσωπον
3628 1928 3722 1980 τὸν

2140 2030 2235 2084 ἕνα
2272 2046 2333 2083 τε
2365 2029 2461 2084 καὶ
2493 2031 2671 2096 φύσει,
2703 2027 2797 2080 καὶ
2830 2025 3043 2096 ἀληθῶς
3069 2023 3225 2077 Θεόν.
3262 2022 3350 2075 Ἐν
3402 2018 3579 2088 ἑαυτῷ
3611 2019 3723 2090 γὰρ

2140 2123 2269 2192 ἡμῖν
2296 2120 2542 2184 ὑπέδειξε
2568 2119 2657 2172 τὸν
2683 2117 2902 2187 Πατέρα
2932 2116 3106 2185 λέγων
3129 2117 3159 2169 6
3197 2111 3549 2184 Ἐμμανουήλ
3570 2126 3583 2138 ⁸
3617 2130 3638 2162 ι
3661 2111 3729 2163 '0

2140 2214 2401 2282 ἑωρακὼς
2441 2212 2563 2282 ἐμὲ,
2598 2208 2812 2280 ἑώρακε
2860 2207 2952 2262 τὸν
2992 2207 3236 2280 Πατέρα.
3263 2227 3284 2258 ι
3324 2203 3556 2266 Οὐκοῦν,
3590 2219 3720 2273 προ-

2140 2305 2408 2360 ανετύπου
2430 2303 2491 2356 τὸ
2516 2303 2813 2373 μυστήριον
2832 2300 2861 2353 6
2885 2300 2987 2368 τῆς
3008 2299 3287 2369 ἀθλήσεως
3324 2298 3544 2368 τρόπος.
3575 2295 3729 2364 Πλὴν

2140 2397 2221 2459 εἰς
2265 2392 2593 2463 κατόρθωμα
2644 2389 2722 2461 τῷ
2760 2387 2955 2443 Ἰακὼϐ
2992 2387 3336 2459 καταγράφει
3362 2386 3496 2450 θεὸς
3536 2385 3601 2439 τὸ
3627 2400 3725 2452 γει

2140 2502 2269 2555 γενη
2280 2484 2465 2554 μένον.
2510 2534 2513 2539 .

2214 2577 2588 2638 Ἔκλαυσαν,
2616 2572 2716 2626 καὶ
2760 2570 3101 2639 ἐδεήθησάν
3147 2588 3289 2641 μου.
3320 2570 3422 2624 Ἐν
3456 2568 3540 2634 τῷ
3580 2568 3723 2632 chap

2136 2684 2256 2737 μου
2284 2665 2548 2733 εῦροσὰν
2581 2681 2677 2733 με,
2708 2664 2804 2719 καί
2851 2663 2978 2718 ἐκεῖ
3023 2661 3297 2730 ἐλαλήθη
3330 2661 3482 2729 πρὸς
3512 2661 3719 2714 αὐτόν.

2152 2757 2206 2810 '0
2235 2756 2304 2810 δὲ
2336 2757 2547 2824 Κύριος
2569 2758 2602 2810 ὁ
2637 2755 2781 2823 Θεὸς
2804 2758 2837 2811 ὁ
2866 2753 3285 2824 παντοκράτωρ
3305 2753 3478 2807 ἔσται
3496 2751 3722 2821 μνημό-

2141 2864 2334 2902 συνον
2356 2845 2566 2901 αὐτοῦ.

2211 2940 2386 2992 PAH'.
2423 2936 2657 3007 Ἐτέρων
2685 2935 3055 3006 διαμέμνηται
3085 2934 3253 2989 πάλιν
3279 2933 3554 3005 ἱστοριῶν,
3580 2933 3720 3003 λαμ-

2141 3030 2279 3102 πρὸν
2329 3028 2422 3083 καὶ
2453 3029 2738 3099 εὐδόκιμον
2768 3027 3105 3099 πανταχόθεν
3128 3029 3260 3098 ἡμῖν
3287 3026 3603 3094 ἀποφαίνων
3630 3025 3731 3079 τὸν

2144 3233 2243 3279 τας
2291 3215 2390 3285 μὲν
2434 3213 2600 3284 ὠμῶς
2625 3229 2687 3265 τε
2714 3212 2809 3266 καὶ
2833 3209 3214 3282 ἀπανθρώπως
3254 3209 3612 3263 ἀπεκτόνασιν
3665 3209 3723 3261 οἱ

2145 3309 2208 3374 ἐξ
2246 3305 2441 3362 Ἰακὼϐ
2491 3306 2623 3360 Λευῖ
2647 3323 2706 3358 τε
2735 3304 2831 3358 καὶ
2862 3302 3108 3373 Συμεὼν,
3154 3301 3542 3372 ἀνακαιόμενοι
3586 3302 3725 3369 πρὸς

2145 3397 2315 3469 ὀργὰς
2343 3396 2436 3450 ἐπὶ
2461 3395 2591 3467 Δίνᾳ
2614 3396 2682 3466 τῇ
2712 3393 2938 3465 ἀδελφῇ,
2969 3393 3035 3464 ἢν
3060 3392 3512 3462 διεπαρθένευσεν
3538 3389 3729 3459 Ἐμὼρ

2145 3491 2174 3543 6
2211 3487 2393 3559 Συχὲμ
2415 3487 2546 3551 υίός.
2581 3482 2716 3540 Εἶτα
2742 3485 2996 3556 περιδεὴς
3022 3484 3273 3538 ἐντεῦθεν
3300 3486 3329 3537 6
3361 3482 3632 3553 μακάριος
3656 3476 3729 3551 ἦν.

2159 3576 2352 3630 Ἰακώϐ
2372 3593 2386 3606 ⁸
2417 3578 2512 3631 καὶ
2539 3575 2738 3631 αὐτίκα
2775 3575 2839 3646 δὴ
2884 3574 3027 3645 μάλα
3068 3572 3460 3628 συνδιολεῖσθαι
3503 3575 3615 3637 τοῖς
3641 3572 3725 3625 τέ-

2147 3685 2296 3732 κνοις
2352 3670 2448 3722 καὶ
2470 3670 2583 3731 τοῖς
2609 3668 2732 3721 κατ’
2757 3663 2904 3721 οἷκον
2936 3666 3111 3721 ἅπασι
3132 3664 3469 3737 προσδοκῶν,
3493 3665 3725 3734 ἐπετίμα

2145 3762 2257 3824 τοῖς
2293 3761 2480 3813 ἐκεῖνα
2503 3758 2839 3829 δεδρακόσιν,
2865 3757 3009 3812 οὕτω
3039 3775 3099 3811 τε
3134 3757 3236 3828 ἔφη
3265 3771 3281 3787 ·
3320 3775 3340 3807 ι
3370 3756 3619 3827 Μισητόν
3662 3771 3726 3825 με

2147 3853 2504 3925 πεποιήκατε,
2531 3852 2671 3906 ὥστε
2703 3853 2938 3924 πονηρόν
2986 3869 3052 3923 με
3091 3849 3229 3905 εἶναι
3274 3852 3387 3913 τοῖς
3415 3849 3727 3903 κατοικοῦσι

2144 3944 2243 4015 τὴν
2269 3944 2391 4014 γῆν,
2420 3942 2479 3996 ἔν
2509 3959 2569 3994 τε
2608 3945 2720 4007 τοῖς
2752 3942 3098 4008 Χαναναίοις,
3126 3942 3220 3996 καὶ
3250 3943 3362 4003 τοῖς
3392 3941 3721 4012 Φερεζαίοις.

2160 4033 2300 4102 Ἐγω
2326 4034 2383 4088 δὲ
2410 4032 2686 4102 ὀλιγοστὸς
2722 4034 2840 4103 είμι
2882 4034 2943 4086 ἐν
2987 4033 3223 4104 ἀριθμῷ,
3253 4034 3344 4086 καὶ
3370 4032 3723 4102 συναχθέντες

2147 4125 2235 4177 ἐπ’
2265 4125 2386 4193 ἐμὲ,
2421 4125 2750 4194 συγκὸψουσί
2792 4141 2880 4194 με,
2900 4126 3004 4178 ’καὶ
3033 4124 3428 4195 ἐκτριϐἠσομαι
3468 4123 3600 4192 ἐγὼ,
3636 4120 3723 4176 καὶ

2146 4215 2175 4268 6
2201 4211 2347 4280 οἶκός
2376 4233 2496 4285 μου.
2531 4236 2550 4267 ι
2579 4217 2689 4270 Καὶ
2714 4215 3013 4284 κατέληγον
3046 4216 3143 4285 μὲν
3168 4215 3419 4287 οὐδαμῶς
3458 4216 3553 4269 τοῦ
3593 4215 3722 4283 θρά-

2149 4321 2275 4365 σους
2301 4307 2350 4357 oi
2377 4305 2605 4358 νεανίαι.
2637 4305 3042 4375 Προσυπήντων
3074 4303 3181 4374 γὰρ
3206 4304 3487 4372 λέγοντες·
3523 4323 3541 4354 ι
3570 4303 3720 4354 Ἀλλ’

2146 4396 2279 4449 ὡσεὶ
2316 4396 2491 4466 πόρνῃ
2527 4396 2823 4465 χρήσονται
2856 4397 2923 4466 τῇ
2964 4394 3166 4466 ἀδελφῇ
3214 4395 3405 4464 ήμῶν;
3434 4412 3452 4443 ι
3500 4391 3717 4460 Ἐπειδὴ

468 4482 612 4535 niam
645 4494 772 4536 vero
793 4495 1116 4549 magnopere
1144 4481 1432 4564 metuebat,
1478 4483 1621 4539 sicut
1676 4482 1810 4547 dixi,
1861 4482 2038 4550 justus

2145 4486 2224 4551 δὲ,
2255 4488 2329 4551 th;
2356 4487 2512 4556 ἔφην,
2543 4486 2797 4558 περιδεὴς
2815 4482 2883 4557 ἦν
2908 4486 3048 4554 ἄγαν
3075 4489 3104 4541 6
3130 4486 3358 4552 δίκαιος,
3381 4484 3719 4557 προσέπιπτε

468 4572 579 4638 ille,
610 4572 787 4628 denuo
816 4572 1043 4628 cadebat
1067 4557 1423 4642 supplex-Deo
1465 4572 1758 4638 Servatori,
1791 4574 1879 4643 qui
1914 4588 2037 4629 eum

469 4662 769 4719 terroribus
796 4662 936 4717 haud
966 4662 1135 4718 multo
1172 4672 1293 4732 post
1342 4662 1692 4718 liberaturum
1723 4665 2036 4737 spopondit,

466 4753 540 4809 ita
568 4754 793 4824 loquens
835 4767 1020 4807 amans
1054 4752 1319 4821 iustorum
1351 4753 1493 4810 Deus
1542 4772 1556 4809 :
1596 4772 1615 4806 ι
1658 4755 1918 4825 Surgens,
1951 4772 2038 4812 as-

467 4846 639 4903 cende
667 4847 723 4903 in
754 4845 928 4902 locum
971 4844 1178 4911 Bcthel,
1214 4855 1269 4901 et
1308 4844 1488 4901 habita
1526 4845 1621 4910 ibi,
1648 4857 1703 4901 et
1731 4844 1815 4901 l‘nc
1847 4846 1918 4901 ibi
1954 4847 2035 4901 al-

468 4949 582 4995 tare
607 4940 735 5006 Deo,
767 4939 859 5009 qui
890 4939 1136 5010 apparuit
1171 4938 1289 5006 tibi,
1326 4939 1540 5010 quando
1574 4939 1814 5009 fugiebas
1842 4956 1869 4991 a
1901 4938 2038 4994 faeie

469 5029 610 5087 Esau
637 5031 821 5087 fratris
845 5030 923 5086 tui
955 5030 1023 5084 ⁸³.
1064 5047 1084 5082 ›
1139 5029 1332 5085 Postea
1386 5043 1708 5087 ascensurus
1757 5031 1808 5085 in
1849 5030 2038 5087 Betltel

467 5123 655 5178 beatus
685 5123 873 5187 Jacob,
905 5132 960 5178 et
990 5122 1222 5177 divinam
1259 5122 1477 5177 domum
1519 5122 1858 5192 ingressurus
1891 5123 2035 5195 (red-

465 5212 611 5266 ditur
632 5214 776 5269 enim
801 5213 985 5270 Bethel
1019 5232 1038 5266 ι
1092 5212 1147 5268 in
1194 5212 1410 5268 domum
1458 5211 1578 5282 Dei,
1618 5215 1687 5286 ι)
1742 5214 1812 5269 ita
1869 5225 2034 5270 totam

466 5304 686 5357 domum
715 5318 890 5370 suam,
920 5314 976 5360 et
1004 5319 1194 5360 omnes
1224 5303 1316 5374 qui
1346 5318 1470 5360 cum
1502 5318 1567 5358 eo
1594 5306 2040 5377 erant,|compel-

465 5394 640 5449 lavit:
678 5414 697 5447 ι
736 5395 928 5455 Tollite
972 5401 1101 5456 deos
1141 5398 1347 5455 alienos
1395 5400 1462 5454 de
1491 5400 1666 5455 medio
1699 5409 1955 5465 vestrum,
1985 5407 2042 5452 et

466 5486 823 5552 mundamini,
856 5496 912 5546 et
950 5500 1154 5546 mutate
1190 5490 1510 5547 vestimenta
1554 5499 1757 5556 vestra,
1806 5499 1861 5545 et
1917 5504 2040 5546 sur-

536 5685 581 5759 f‘
617 5684 958 5759 Genius“),
989 5688 1076 5741 1.1.
1153 5690 1196 5759 ⁸³
1233 5691 1364 5743 Gen.
1400 5707 1572 5753 xxx",
1600 5693 1687 5746 50.
1770 5693 1809 5723 ⁸³
1850 5692 1948 5746 lsn.
1980 5706 2029 5747 lx

2169 5690 2386 5745 SCt’IlIltl.
2418 5689 2578 5743 LXX.

491 5756 579 5812 50.
656 5757 698 5785 ⁸⁷
739 5752 870 5811 Ibid.
901 5756 987 5810 5i.
1066 5758 1109 5789 ⁸⁸
1149 5758 1281 5813 Gen.
1320 5774 1481 5821 xxxv,
1516 5763 1562 5812 l.

2143 4575 2304 4630 πάλιν
2335 4576 2413 4646 τῷ
2425 4574 2742 4639 διασώζοντι
2769 4575 2909 4648 Θεῷ.
2957 4574 3091 4629 Εἶτα
3126 4575 3237 4628 τῶν
3260 4575 3535 4646 δειμάτων
3561 4571 3723 4626 αὐτὸν

2142 4668 2504 4722 ἀπαλλάττειν
2547 4670 2877 4740 ὑπισχνεῖτο,
2907 4687 3000 4723 και
3045 4670 3145 4723 οὐκ
3185 4669 3266 4731 είς
3313 4668 3533 4738 μακρὰν
3580 4664 3723 4718 οὕτω

2141 4762 2317 4830 λέγων
2344 4760 2372 4812 ό
2395 4760 2723 4830 φιλοδίκαιος
2747 4762 2898 4825 Θεός·
2931 4780 2951 4813 ι
2979 4761 3243 4822 ’Δναστάς
3268 4758 3502 4829 ἀνάϐηθι
3530 4761 3610 4823 εἰς
3633 4757 3723 4811 τὸν

2140 4855 2304 4909 τόπον
2348 4852 2571 4923 Βαιθὴλ,
2605 4853 2702 4906 καὶ
2734 4853 2873 4908 οἴκει
2907 4855 3046 4918 ἐκεῖ,
3073 4855 3168 4908 καὶ
3199 4853 3423 4923 ποίησον
3456 4853 3586 4904 ἐκεῖ
3632 4850 3722 4903 θυ-

2145 4946 2458 5016 σιαστήριον
2487 4944 2563 5014 τῷ
2585 4943 2724 5015 Θεῷ,
2765 4944 2844 5015 τῷ
2885 4944 3104 5014 ὀφθέντι
3133 4962 3214 4998 σοι
3244 4945 3304 4998 ὲν
3340 4941 3419 5012 τῷ
3449 4960 3509 4995 σε
3537 4941 3722 4996 ἀποδι-

2140 5038 2397 5107 δράσκειν
2444 5037 2554 5090 ἀπὸ
2600 5036 2893 5108 προσώπου
2929 5036 3101 5091 Ἡσαῦ
3134 5036 3228 5090 τοῦ
3272 5034 3506 5103 ἀδελφοῦ
3547 5051 3662 5087 σου.
3698 5051 3716 5083 ι

2141 5124 2295 5191 Εἶτα,
2331 5127 2538 5198 μέλλων
2581 5127 2892 5181 ἀναϐαίνειν
2936 5128 3016 5189 είς
3042 5125 3245 5196 Βαιθὴλ
3272 5127 3301 5178 6
3332 5125 3600 5194 μακάριος
3623 5124 3721 5175 Ἰα-

2142 5219 2279 5285 κὼϐ,
2311 5219 2406 5274 καὶ
2435 5219 2515 5283 είς
2541 5219 2633 5273 τὸν
2660 5218 2800 5273 θεῖον
2832 5213 2980 5272 οἷκον
3011 5216 3186 5271 ἐλθεῖν
3211 5215 3597 5287 (ἑρμηνεύεται
3619 5215 3723 5281 γὰρ

2138 5314 2173 5382 ἡ
2201 5311 2421 5381 Βαιθὴλ,
2463 5330 2482 5363 ι
2509 5311 2589 5373 εἰς
2614 5305 2760 5363 οἶκον
2793 5308 2928 5363 Θεοῦ
2957 5327 2975 5360 ι
3005 5309 3023 5376 )
3046 5347 3062 5370 ,
3086 5305 3426 5377 προσεφώνει
3461 5305 3624 5359 παντὶ
3650 5304 3724 5370 τῷ

2139 5402 2273 5473 οἴκῳ
2301 5401 2490 5467 αὐτοῦ,
2515 5402 2606 5456 καὶ
2629 5402 2761 5455 πᾶσι
2790 5403 2901 5463 τοῖς
2934 5401 3051 5469 μετ’
3082 5399 3248 5454 αὑτοῦ
3277 5415 3289 5427 ·
3326 5400 3566 5467 ι”Αρατε
3599 5396 3720 5455 τοὺς

2141 5494 2297 5556 θεοὺς
2338 5496 2465 5557 τοὺς
2505 5492 2818 5563 ἀλλοτρίους
2857 5492 2922 5543 ἐκ
2949 5490 3115 5560 μέσου
3155 5488 3329 5557 ὑμῶν,
3367 5488 3462 5540 καὶ.
3495 5483 3721 5554 καθαρί-

2688 5692 2727 5721 ⁸⁵
2772 5689 2925 5745 .Ioan.
2959 5705 3065 5754 xw,
3124 5687 3172 5741 θ.
3277 5688 3319 5717 ⁸⁸
3360 5688 3494 5743 (ἰεέιι.
3537 5704 3711 5755 xxxiv,
