4034 6270
342 407 461 466 ἳὸξ)

1289 398 1837 456 COMMENTARIUS
1875 395 1948 454 IN
1983 396 2216 456 OSEAM
2257 395 2702 454 PROI‘HETAM.

3527 403 3636 462 290

356 520 751 598 anapaebopov
777 524 836 578 tv
862 519 1040 591 ἑαυτῷ
1067 518 1313 590 τηρήσας
1345 517 1444 589 τὴν
1474 518 1674 570 πίστιν.
1699 517 1948 572 Μεσολα-

2061 514 2312 568 servavit.
2352 513 2506 582 Saepe
2543 513 2686 566 enim
2729 521 3009 583 peccatum
3052 526 3111 568 se
3149 513 3476 584 interponit,
3513 528 3570 573 et
3603 533 3636 574 ι

363 619 448 670 δεῖ
498 615 602 683 γὰρ
644 612 908 674 πολλάκις
948 613 982 682 η
1034 609 1313 680 ἁμαρτία,
1356 609 1452 662 καὶ
1507 607 1742 677 διίστησι
1785 606 1941 661 Θεοῦ.

368 705 520 760 Κατά
558 704 648 756 τὸν
695 702 812 756 ἴσον
858 702 914 754 δὲ
965 701 1166 772 τρόπον
1201 699 1463 754 ἀποσοϐεῖ
1490 698 1651 752 πάλιν
1684 699 1783 768 τῆς
1812 699 1950 770 πρὸς

2051 604 2161 660 Deo
2197 605 2458 674 disiungit
2500 620 2564 659 ac
2606 614 2841 674 separat.
2881 603 3078 658 Eodem
3120 621 3334 676 quoque
3370 611 3531 662 modo
3567 610 3636 663 ab

2049 698 2164 764 ejus
2206 698 2584 751 familiaritate
2626 709 2778 752 arcet
2826 698 3412 768 pseudotnagistrorum
3457 701 3666 770 impiis-

369 797 522 850 αὑτὸν
543 795 875 864 οἰκειότητος
899 793 991 846 καὶ
1013 791 1076 845 τδ
1099 790 1458 860 προσκεῖσθαι
1486 793 1690 859 φωναῖς
1721 790 1949 844 ἀνοσίων

2061 788 2391 841 sermonibus
2435 787 2675 840 deditum
2725 804 2864 843 esse.
2913 787 3070 858 173
3115 788 3432 844 Volentibus
3474 791 3639 860 igitur

363 887 878 957 ψευδοδιδασκάλων.
915 883 1290 954 Παραιτητέον
1323 882 1386 954 δὴ
1411 879 1503 936 οὖν
1535 885 1648 946 τοῖς
1676 881 1950 935 ἐθέλουσιν

358 979 529 1046 ἐγγὺς
561 972 700 1029 εἶναι
730 975 886 1041 Θεοῦ,
915 974 983 1029 τὰ
1011 973 1077 1027 δι’
1109 968 1186 1028 ὧν
1220 973 1286 1026 ἂν
1311 974 1552 1042 γένοιντο
1585 974 1820 1045 μακράν.

432 1107 696 1170 Χαναὰν,
731 1108 802 1161 ἐν
844 1107 995 1176 χειρί
1040 1105 1231 1160 αὐτοῦ
1264 1104 1438 1175 ζυγὸς
1484 1107 1739 1174 ἀδικίας,
1777 1124 1954 1162 κατα-

359 1199 763 1255 δυναστεύειν
790 1199 1090 1270 ἠγάπησε.
1125 1197 1234 1252 Καὶ
1264 1195 1434 1251 εἶπεν
1466 1199 1714 1268 Ἐρρατμ
1733 1215 1746 1229 ·
1781 1201 1955 1267 Πλὴν

362 1295 777 1361 πεπλούτηκα,
816 1293 1041 1361 εὕρηκα
1081 1291 1414 1360 ἀναψυχὴν
1437 1291 1690 1360 ἐμαυτῷ.
1727 1292 1954 1358 Πάντες

360 1387 417 1437 oi
433 1365 605 1438 στόνοι
635 1384 824 1438 αὐτοῦ
845 1386 916 1438 οὐ
919 1403 957 1453 χ
979 1382 1413 1452 εὑρεθήσονται
1435 1382 1596 1450 αὐτῷ
1621 1383 1694 1438 δι’
1718 1384 1955 1452 ἀδικίας

357 1477 438 1542 ἀς
469 1478 753 1547 ἥμαρτεν.

437 1607 578 1662 PM’.
621 1607 788 1663 Ὅσον
831 1609 924 1679 μὲν
951 1608 1064 1682 γὰρ·
1099 1610 1224 1680 ἥκει
1268 1611 1349 1674 εῐς
1388 1627 1452 1680 γε
1499 1611 1560 1664 τὸ
1597 1611 1785 1665 δοκοῦν
1813 1611 1953 1680 Θεῷ,

363 1700 675 1784 τετήρηκεν
721 1699 786 1754 ἂν
831 1700 972 1764 ἔλεός
1008 1719 1068 1755 τε
1101 1703 1196 1755 καὶ
1238 1702 1433 1773 κρίμα,
1477 1703 1569 1755 καὶ
1613 1703 1672 1756 τὸ
1716 1704 1957 1772 ἐγγίζειν

371 1792 529 1861 αὺτῷ
557 1792 846 1856 διαπαντὸς
870 1795 898 1846 ό
916 1794 1172 1864 Ἐφραῖμ.
1193 1794 1411 1865 Ἐπειδὴ
1435 1795 1493 1848 δὲ
1523 1795 1718 1866 φρενὸς
1744 1795 1956 1849 ἀπώλι-

2055 878 2162 933 Deo
2193 880 2525 947 propinquos
2555 892 2700 943 esse,
2733 882 3058 934 removenda
3093 893 3218 935 sunt
3249 895 3345 951 per
3371 897 3490 951 qua:
3520 882 3637 938 lon-

2053 971 2235 1041 ginqui
2264 969 2332 1023 ab
2361 985 2425 1024 eo
2461 969 2611 1022 ﬁant.

2125 1107 2288 1161 Vens.
2332 1104 2386 1171 7,
2425 1105 2478 1160 8.
2521 1106 2800 1170 Chanaan,
2837 1107 2890 1160 in
2936 1123 3097 1160 manu
3140 1108 3253 1175 ejus
3297 1119 3493 1164 statera
3535 1112 3639 1164 ini-

2055 1199 2302 1268 quitatis,
2348 1198 2638 1265 opprimere
2680 1216 2771 1264 per
2810 1200 3095 1268 potentiam
3137 1199 3342 1253 dilexit.
3391 1201 3456 1254 Et
3502 1203 3637 1255 dixit

2060 1288 2311 1358 Epitraim
2352 1303 2370 1341 :
2425 1287 2790 1343 Verumtamen
2837 1289 2978 1343 dives
3021 1289 3234 1357 eﬂ‘ectus
3276 1306 3425 1351 sum,
3466 1291 3638 1344 iuveni

2057 1381 2284 1450 requiem
2317 1380 2466 1432 mihi.
2497 1378 2686 1433 Omnes
2721 1381 2925 1432 labores
2957 1380 3071 1448 ejus
3105 1396 3206 1434 non
3238 1381 3562 1434 invenientur
3589 1381 3639 1434 ei

2054 1483 2264 1542 propter
2291 1472 2592 1540 iniquitates
2629 1488 2760 1540 quas
2795 1474 3046 1542 peccavit.

2128 1597 2282 1656 CXL.
2324 1604 2475 1669 Quod
2516 1603 2712 1658 attinet
2753 1604 2819 1658 ad
2861 1605 3255 1673 beneplacitum
3302 1608 3417 1675 Dei,
3453 1620 3637 1663 custo—

2058 1693 2226 1750 disset
2260 1694 2686 1750 misericordiam
2721 1705 2774 1751 et
2801 1694 3107 1763 judicium,
3141 1711 3195 1754 et
3227 1701 3525 1756 studuissel
3562 1702 3637 1756 illi

2059 1786 2488 1856 apprOpinquare
2532 1799 2748 1857 semper
2790 1787 3070 1857 Ephraim.
3117 1790 3220 1843 Sed
3267 1793 3393 1859 quia
3441 1794 3636 1846 bonam

379 1883 508 1936 σθεν
534 1883 768 1953 ἀγαθῆς,
797 1885 887 1938 καὶ
908 1885 972 1938 δι’
991 1885 1205 1948 οὐδενὸς
1231 1886 1522 1956 πεποίηται
1545 1885 1704 1954 λόγου
1727 1886 1794 1940 τά
1816 1885 1956 1940 οὕτω

2062 1884 2294 1930 mentem
2325 1876 2524 1937 amisit,
2552 1884 2606 1932 et
2635 1891 2722 1932 res
2753 1879 2887 1932 adeo
2914 1880 3249 1934 venerandus
3277 1881 3639 1951 colendusque

384 1974 563 2024 σεπτά·
588 1973 684 2025 καὶ
712 1973 882 2042 τίμια,
907 1974 1125 2042 γέγονεν
1155 1976 1211 2026 tv
1240 1976 1337 2044 ίσῳ
1366 1977 1480 2038 τοῖς
1503 1975 1814 2044 ἀλλογενέσι
1838 1977 1953 2030 Χα-

382 2065 622 2126 ναναίοις
664 2066 819 2129 ἄθεός
860 2083 918 2118 τε
947 2067 1039 2119 καὶ
1089 2067 1348 2138 δυσσεϐὴς
1376 2109 1391 2133 ,
1438 2068 1532 2121 καὶ
1586 2069 1668 2122 ὅτι
1718 2068 1957 2138 μάλιστα

377 2156 589 2226 χαίρων
613 2157 702 2208 ἐπὶ
725 2159 835 2220 τοῖς
861 2160 958 2229 τῆς
973 2158 1294 2229 φαυλότητος
1313 2159 1554 2230 τρόποις,
1580 2161 1674 2214 καὶ
1698 2160 1958 2233 βαρϐάρῳ

376 2244 570 2316 γνώμῃ
601 2246 703 2315 τῆς
738 2247 1034 2319 ἀλλοτρίων
1077 2247 1368 2320 ἐπιθυμίας
1408 2249 1675 2320 ἁχαλίνως
1706 2249 1956 2321 ἡττώμε-

373 2352 482 2397 νος.
517 2337 727 2390 Οὐκοῦν
754 2337 860 2391 ἔδει
906 2339 1004 2410 μὲν
1042 2340 1134 2394 τὸν
1160 2340 1401 2412 Ἐφραῒμ
1446 2340 1692 2413 ζηλωτὴν
1725 2343 1955 2414 δρᾶσθαι

368 2427 464 2479 τοῦ
499 2430 843 2502 προπάτορος
868 2431 1085 2496 Ἰακὼϐ,
1121 2435 1216 2486 καὶ
1246 2435 1344 2503 τῆς
1379 2435 1587 2487 ἐκείνου
1614 2434 1958 2506 δικαιοσύνης

367 2519 492 2572 κατ’
546 2520 692 2590 ἴχνος
739 2523 872 2576 ίέναι
925 2524 1120 2592 φιλεῖν.
1161 2525 1325 2579 Ἀλλά
1388 2525 1580 2594 γέγονε
1631 2528 1954 2590 Χαναναῖος.

369 2607 626 2680 ῙΙῦρηται
672 2613 782 2683 γὰρ
841 2633 858 2664 ι
889 2615 1061 2682 Ζυγδς
1111 2615 1323 2678 ἀδικίας
1371 2617 1428 2668 tv
1471 2618 1658 2688 χερσὶν
1707 2617 1892 2682 αὑτοῦ,
1933 2638 1951 2669 ι

365 2703 680 2768 τουτέστιν,
710 2704 961 2776 ἀνισότης
1025 2707 1120 2758 καὶ
1148 2707 1444 2770 πλεονεξία.
1473 2707 1746 2778 Τετίμηκε
1771 2711 1878 2782 γὰρ
1902 2711 1958 2764 tv

362 2793 477 2863 ξσῳ
509 2797 621 2857 τοῖς
658 2792 835 2847 ἔθνεσι
885 2799 996 2858 τοῖς
1027 2797 1127 2849 οὐκ
1167 2797 1330 2850 είδόσι
1359 2797 1511 2861 Θεὸν,
1544 2798 1642 2868 τὴν
1687 2800 1958 2869 ἐπάρατον

369 2882 751 2936 καταδυναστε
762 2883 866 2937 ίαν.
890 2885 1000 2938 Καὶ
1021 2886 1103 2938 ὅτι
1137 2885 1237 2956 μὲν
1261 2885 1600 2958 ὲπλημμέλει
1620 2888 1777 2941 τοῦτο
1795 2889 1956 2961 δρῶν,

369 2975 576 3026 ἐννοεῖν
607 2975 710 3028 οὐκ
741 2975 914 3044 ἠξίου.
945 2976 1312 3048 Ἐπετέρπετο
1337 2978 1390 3032 δὲ
1419 2981 1567 3050 μόνῳ
1595 2981 1670 3052 τῷ
1711 2982 1958 3036 πλουτεῖν

371 3065 468 3119 καὶ
499 3068 733 3136 τρυφᾷν,
765 3066 841 3131 ὡς
877 3069 977 3121 οὐκ
1007 3069 1312 3138 ἐφορῶντος
1335 3071 1491 3136 Θεοῦ,
1527 3073 1603 3136 ὡς
1649 3075 1831 3128 οὐκέτι
1861 3092 1960 3129 κα-

371 3155 817 3226 τασκεπτομένου
849 3160 977 3222 τοὺς
1020 3159 1113 3211 ἐπὶ
1161 3160 1259 3230 τῆς
1293 3162 1413 3232 γῆς.
1457 3164 1551 3216 καὶ
1587 3165 1700 3228 τοῖς
1751 3165 1958 3220 ἀδικεῖν

2057 1967 2214 2021 nihili
2242 1965 2389 2030 fecit,
2414 1965 2742 2022 Chaunum-is
2768 1969 3090 2039 alienigenis
3118 1969 3292 2024 factus
3316 1981 3396 2026 est
3422 1973 3637 2040 similis,

2057 2057 2248 2110 atheus
2273 2066 2326 2111 et
2348 2057 2565 2125 impius,
2587 2067 2642 2112 et
2667 2059 2906 2114 moribus
2931 2071 3158 2128 nequam
3188 2061 3475 2132 plurimum
3501 2063 3645 2134 gau-'

2059 2148 2224 2212 deus,
2259 2157 2314 2201 et
2345 2147 2528 2202 animo
2561 2147 2849 2203 barbarico
2883 2151 3180 2219 cupiditate
3215 2165 3392 2205 rerum
3431 2153 3640 2207 aliena-

2061 2241 2178 2292 rum
2225 2237 2547 2308 impotenter
2585 2240 2920 2312 subiugatus.
2965 2241 3108 2313 Ergo
3153 2242 3380 2298 debebat
3421 2245 3638 2313 quidem

2059 2330 2312 2400 Ephraim
2357 2333 2514 2402 primi
2561 2333 2732 2401 patris
2771 2334 2852 2388 sui
2892 2333 3056 2390 Ja'cob
3091 2335 3314 2391 aemulus
3350 2336 3541 2401 videri,
3583 2339 3638 2391 et

2059 2431 2156 2488 per
2182 2421 2401 2492 vestigia
2429 2421 2654 2488 just-ilia;
2681 2422 2795 2490 ejus
2825 2423 3052 2480 libenter
3079 2425 3358 2492 incedere;
3389 2428 3482 2482 sed
3510 2443 3638 2483 cva-

2058 2512 2126 2566 sit
2156 2512 2512 2568 Chananmus.
2533 2512 2861 2570 inventa-cst
2884 2516 3028 2570 enim
3057 2533 3076 2567 ι
3108 2526 3308 2571 statera
3339 2518 3638 2589 iniquitatis

2060 2603 2112 2657 in
2161 2619 2322 2658 manu
2368 2605 2519 2675 ejus,
2561 2624 2582 2658 ι
2632 2603 2731 2662 hoc
2770 2617 2870 2674 est,
2912 2608 3248 2677 inaequalitas
3288 2619 3342 2665 et
3383 2612 3634 2666 araritia.

2058 2696 2192 2752 Nam
2222 2713 2370 2753 more
2395 2699 2636 2766 gentium
2664 2700 2830 2753 Deum
2859 2699 3219 2770 ignorantium
3246 2703 3635 2756 exsecrandum

2058 2788 2463 2858 oppressionem
2498 2803 2596 2857 pro
2627 2803 2823 2859 magno
2853 2790 3057 2846 habuit.
3092 2790 3156 2844 Et
3189 2804 3247 2846 sc
3282 2806 3505 2860 peccare
3538 2793 3640 2847 hoc

2059 2879 2326 2948 iaciendo,
2354 2881 2592 2950 cogitare
2618 2882 2810 2946 noluit.
2833 2881 2976 2937 Solis
2997 2881 3200 2938 divitiis
3221 2884 3564 2952 acquirendis
3585 2893 3641 2940 et

2057 2973 2422 3044 voluptatibus
2460 2973 2851 3038 delectabatur,
2893 2973 3048 3043 quasi
3096 2973 3205 3029 Deo
3249 2987 3353 3028 non
3388 2975 3637 3041 vidente,

2058 3080 2158 3121 nec
2197 3066 2423 3135 amplius
2464 3067 2710 3122 homines
2752 3067 2806 3121 in
2847 3067 3010 3122 terris
3041 3067 3312 3131 visitante,
3347 3077 3403 3121 et
3443 3066 3640 3135 injuste

2059 3167 2282 3227 agentes
2305 3160 2452 3224 just'e
2484 3157 2773 3213 inuitante.
2806 3157 2897 3213 Est
2927 3167 3106 3212 autem
3137 3169 3392 3212 extremae
3420 3159 3641 3214 demen-

373 3247 649 3303 ἐθέλουσιν
712 3249 1072 3320 ἐπιτιμῶντος
1128 3250 1371 3314 δικαίως.
1419 3252 1703 3316 Ἀπονοίας
1755 3253 1810 3306 δὲ
1858 3255 1956 3324 τῆς

2063 3249 2148 3302 tiu:
2187 3258 2559 3317 argumentum
2595 3250 2984 3317 certissimum,
3021 3249 3273 3320 Ephraim
3314 3252 3487 3306 modis
3516 3266 3638 3307 om-

369 3341 614 3411 ἐσχάτης
653 3340 738 3411 εἴη
767 3343 832 3394 ἂν
867 3343 1139 3408 ἀπόδειξις
1172 3343 1432 3414 ἐναργὴς,
1459 3344 1522 3396 τὸ
1548 3346 1612 3397 ὲκ
1634 3347 1837 3409 παντὸς
1863 3347 1958 3417 μὲν

368 3433 580 3502 τρόπου
627 3434 874 3486 πλουτεῖν
921 3434 1231 3503 ἐπείγεσθαι
1273 3436 1366 3487 τὸν
1406 3436 1667 3508 Ἐφραῒμ,
1710 3439 1860 3493 οὐδὲν
1904 3440 1960 3494 δὲ

375 3519 516 3576 εἶναι
544 3525 788 3594 νομίζειν
826 3525 893 3578 τὰ
953 3526 1011 3590 ἐξ
1051 3528 1309 3596 ἁρπαγῆς
1335 3528 1428 3581 καὶ
1461 3528 1583 3596 βίας
1615 3529 1956 3600 ἐγκλήματα,

379 3614 767 3684 σεμνολόγημα
800 3615 855 3668 δὲ
892 3614 1079 3687 ὥσπερ
1127 3619 1394 3670 ποιεῖσθαι
1427 3618 1612 3671 λοιπὸν
1649 3620 1712 3672 ἐκ
1759 3618 1960 3689 πολλῆς

376 3704 519 3772 ἄγαν
572 3704 930 3776 ἀποπληξίας,
961 3706 1027 3758 τὰ
1072 3702 1151 3768 οἷς
1204 3707 1309 3759 ἔδει
1365 3707 1563 3777 μᾶλλον
1605 3709 1955 3780 ὲπερυθριᾷν.

383 3797 528 3867 Ἔφη
580 3796 688 3867 γάρ
713 3813 726 3826 ⁸
765 3817 782 3848 ι
811 3798 954 3868 Πλὴν
1011 3797 1381 3873 πεπλούτηκα,
1411 3799 1632 3873 ηὕρηκα
1678 3802 1959 3873 ἀναψυχὴν

373 3888 625 3959 ἐμαυτῷ.
650 3906 676 3941 ι·
703 3889 770 3940 Τί
798 3886 889 3943 οὖν
923 3891 1059 3958 πρὸς
1090 3891 1263 3944 ταῦτα
1288 3891 1456 3957 Θεός;
1495 3911 1513 3946 ι
1545 3893 1753 3956 Πάντες
1779 3895 1829 3946 oi
1858 3895 1956 3946 πό·

373 3997 458 4032 νοι
509 3979 674 4032 αὑτοῦ
718 3979 816 4050 οὐχ
863 3980 1244 4052 εὑρεθήσονται
1295 3981 1463 4052 αὐτῷ,
1505 3982 1591 4034 διὰ
1633 3983 1843 4044 ἀδικίας
1895 3981 1961 4046 ἃς

373 4071 613 4142 ἥμαρτε.
646 4093 664 4123 ι
710 4072 821 4124 Καὶ
855 4072 962 4142 γάρ
994 4073 1142 4124 ἐστιν
1170 4072 1388 4142 ἀληθὲς,
1419 4075 1499 4126 ὅτι
1536 4093 1550 4124 ι
1587 4071 1820 4136 Πλοῦτος
1846 4071 1960 4125 ἀδί-

375 4180 490 4226 κως
523 4162 887 4232 συναγόμενος
911 4162 994 4228 ὲξε
1005 4162 1322 4232 μεθήσεται,
1353 4180 1370 4213 ι
1405 4165 1543 4216 κατά
1561 4164 1624 4216 τὸ
1642 4164 1963 4232 γεγραμμέίὸ

379 4272 485 4311 νον.
521 4257 630 4310 Καὶ
662 4255 724 4327 δὴ
756 4258 867 4318 τοῖς
899 4253 1171 4307 ἐθέλουσιν
1200 4256 1258 4320 ἐξ
1283 4255 1499 4319 ἀδικίας
1542 4256 1840 4325 συλλέγειν,
1870 4260 1963 4312 καὶ

2063 3340 2222 3394 nibus
2251 3343 2317 3395 ad
2349 3342 2565 3397 divitias
2595 3343 2960 3398 corradendas
2990 3344 3328 3411 incumbere,
3354 3356 3408 3400 et
3441 3343 3642 3415 rapina)

2059 3445 2125 3488 ac
2157 3434 2428 3490 violentiae
2469 3435 2697 3490 crimina
2744 3418 2893 3490 nihili
2937 3435 3153 3504 facere;
3199 3436 3292 3490 sed
3336 3452 3403 3492 ex
3449 3451 3644 3508 magno

2061 3535 2277 3595 stupore
2307 3527 2483 3580 adhuc
2513 3526 2810 3582 honoriﬁce
2834 3528 3232 3598 quodammodo
3263 3529 3329 3582 de
3361 3542 3420 3582 se
3449 3529 3643 3597 pracdi-

2062 3629 2206 3682 care,
2223 3619 2291 3670 ob
2315 3633 2435 3687 qua
2463 3627 2743 3685 praestaret
2769 3620 2973 3685 pudore
2996 3618 3250 3673 suﬂ'undi.
3271 3618 3360 3670 Ait
3383 3632 3638 3686 namque,

2067 3723 2085 3757 ι
2134 3706 2511 3760 Verumtamen
2543 3705 2692 3759 dives
2731 3705 2951 3759 ell‘ectus
2989 3721 3138 3768 sum,
3177 3704 3358 3758 inveni
3400 3705 3640 3774 requiem

2061 3798 2213 3852 Inibi.
2250 3815 2271 3849 ι
2309 3795 2447 3862 Quid
2483 3796 2647 3866 igitur
2678 3796 2744 3848 ad
2780 3797 2890 3849 lucc
2926 3794 3101 3849 Deus?
3137 3813 3155 3846 ι
3197 3793 3399 3850 Omnes
3431 3795 3643 3851 labores

2061 3887 2180 3957 ejus
2224 3901 2328 3941 non
2374 3886 2712 3940 invenientur
2753 3886 2835 3950 ei,
2885 3893 3108 3955 propter
3151 3885 3462 3955 iniquitates
3507 3901 3642 3956 quas

2063 3978 2324 4047 peccavit.
2367 3995 2388 4030 ι
2424 3975 2617 4032 Verum
2654 3985 2738 4032 est
2771 3977 2944 4042 enim,
2987 3996 3003 4028 ι
3046 3975 3247 4030 divitiae
3283 3977 3479 4046 injuste
3512 3989 3642 4032 con~

2063 4075 2296 4136 gregatae
2324 4065 2728 4130 evomentur”,
2763 4083 2781 4115 ι
2815 4074 2873 4118 ιιι
2902 4065 3163 4132 Scriptum
3191 4073 3293 4120 est.
3321 4065 3458 4131 Quin
3490 4076 3544 4119 et
3571 4080 3640 4119 ex

2063 4157 2352 4225 iniquitate
2385 4154 2709 4209 conantibus
2741 4170 2871 4223 opes
2904 4154 3188 4224 colligere,
3223 4165 3275 4209 et
3309 4170 3374 4209 ex
3411 4155 3639 4209 avaritia

2063 4248 2333 4302 ditescere
2363 4246 2488 4300 illud
2519 4246 2691 4300 sancti
2722 4246 2986 4314 quispiam
3017 4245 3306 4309 acclamet,
3345 4244 3531 4300 Melius
3559 4254 3643 4300 est

377 4349 626 4402 πλουτεῖν
665 4351 728 4400 ὲκ
761 4347 1092 4412 πλεονεξίας,
1121 4346 1462 4416 ὲπιφωνείτω
1503 4358 1587 4412 τις
1637 4348 1736 4420 ἤδη
1783 4349 1846 4401 τὸ
1877 4350 1964 4404 διὰ
2067 4351 2120 4396 te
2163 4357 2183 4391 ε
2234 4337 2412 4392 facere
2449 4337 2746 4406 judicium,
2790 4349 2845 4391 ct
2879 4337 3142 4406 justitiam
3173 4337 3239 4391 ".
3291 4357 3309 4390 ›
3359 4337 3642 4407 Proposito

379 4442 562 4510 φωνῆς
599 4441 756 4508 ἁγίου
780 4454 792 4468 ·
837 4438 1062 4492 Βέλτιον
1087 4433 1156 4509 ἦν
1191 4453 1250 4491 σε
1285 4456 1303 4489 ι
1333 4441 1505 4493 ποιεῖν
1534 4441 1728 4511 κρίμα,
1765 4441 1857 4494 καὶ
1892 4441 1956 4493 6t-

2067 4441 2304 4498 nam'que
2341 4429 2525 4483 divino
2564 4429 2817 4483 tribunali
2859 4448 2877 4482 ι
2920 4439 3026 4484 n‘on
3069 4432 3364 4500 proderunt
3400 4431 3637 4486 thesauri

378 4531 672 4600 καιοσύνην
719 4530 924 4598 καλήν·
957 4550 974 4582 ι
1010 4529 1372 4599 προκειμένου
1402 4533 1510 4604 γὰρ
1543 4533 1637 4583 τοῦ
1667 4530 1811 4584 Οείου
1861 4531 1956 4601 βή-

2066 4519 2297 4589 iniquis;
2325 4520 2534 4588 jusﬁtia
2567 4528 2745 4574 autem
2782 4520 3033 4576 liberabit
3065 4537 3092 4574 a
3128 4533 3301 4577 morte
3324 4522 3391 4577 ⁸⁷.
3429 4541 3448 4574 ι
3484 4523 3548 4578 Ει
3581 4533 3642 4577 ιιι

382 4578 570 4691 Et;
584 4578 592 4583 ’
606 4578 1278 4693 ῤ’οιὶῖὶιέρέλῆσᾷιῖέέᾷἑζ
1297 4578 1560 4692 Οησάυροὶ
1588 4622 1841 4691 ἀνόμους,
1861 4578 1956 4672 Γδὶ-

2063 4613 2138 4666 ait
2169 4607 2551 4667 Parmmia'stes
2589 4630 2602 4666 :
2644 4629 2663 4664 ι
2706 4611 2895 4668 Melior
2926 4621 3011 4668 est
3043 4629 3208 4682 parva
3246 4627 3371 4683 pars
3407 4625 3529 4669 cmn
3569 4615 3640 4668 ti-

377 4711 638 4783 καιοσύνη
665 4712 720 4764 δὲ
747 4712 966 4782 ῥύσεται
992 4713 1056 4766 ὲκ
1084 4713 1336 4768 θανάτου.
1366 4731 1384 4764 ι
1411 4705 1577 4785 Καὶῇ
1605 4726 1739 4782 φησι
1763 4715 1790 4765 ὁ
1817 4712 1956 4781 Παρ-

2063 4717 2213 4757 more
2240 4701 2479 4769 Domini,
2511 4715 2672 4773 quam
2707 4703 2941 4759 thesauri
2975 4706 3153 4775 magni
3187 4721 3307 4760 cum
3341 4705 3524 4760 animo
3554 4705 3640 4760 in-

377 4801 686 4873 οιμιαστὴς,
722 4818 743 4852 ‹
771 4803 1054 4871 Κρείσσων
1086 4801 1258 4874 μικρά
1287 4802 1442 4873 μερὶς
1477 4802 1616 4871 μετὰ
1658 4801 1825 4870 φόϐου
1855 4803 1956 4855 Κυ-

2062 4796 2270 4865 trepido
2286 4794 2353 4850 ⁵⁸.
2385 4813 2403 4847 ι
2431 4795 2498 4849 Ει
2523 4811 2712 4851 rursus
2736 4797 2874 4850 idem
2900 4815 2912 4851 :
2946 4815 2964 4850 ι
2996 4796 3184 4853 Melior
3208 4811 3375 4867 pauca
3401 4797 3638 4865 acceptio

381 4896 517 4964 ρίου,
551 4893 582 4962 ἢ
620 4892 880 4961 θησαυροὶ
910 4893 1135 4962 μεγάλοι
1165 4893 1303 4963 μετά
1333 4894 1584 4962 ἀφοϐίας.
1620 4913 1637 4944 ι
1665 4896 1775 4948 Καὶ
1804 4893 1956 4946 «ait»

2064 4897 2182 4941 cum
2204 4887 2436 4957 justitia,
2454 4903 2617 4957 quam
2639 4888 2804 4943 multa
2823 4890 3062 4959 germina
3083 4903 3205 4944 cum
3225 4889 3588 4958 iniquitate".
3616 4909 3634 4942 ι

377 4988 402 5036 ὁ
432 4983 596 5044 αὑτός
622 4999 635 5012 ·
672 4993 698 5030 ι·
719 4983 999 5050 Κρείσσων
1029 4983 1184 5052 ὀλίγη
1231 4982 1390 5052 λῆψις
1441 4987 1577 5053 μετά
1599 4984 1956 5054 δικαιοσύνης,

2064 4981 2547 5036 Verumenimvero
2572 4981 2812 5035 actiones
2841 4995 2956 5048 nos,
2991 4975 3151 5054 174
3177 4990 3232 5036 et
3255 4995 3477 5051 cperam
3509 4998 3643 5050 qua-

378 5076 409 5147 ἣ
443 5073 618 5127 πολλά
647 5075 958 5142 γεννήματα
990 5074 1127 5143 μετὰ
1153 5073 1386 5135 ἀδικίας.
1418 5093 1435 5124 ι
1467 5073 1612 5145 Πλὴν
1642 5074 1700 5127 ai
1730 5074 1956 5145 πράξεις

2066 5073 2188 5128 litos
2214 5083 2524 5130 sanctorum
2561 5073 2782 5128 Patrum
2817 5074 3099 5128 nobilitate
3134 5073 3423 5144 aliquando
3452 5076 3642 5146 dignos

379 5168 545 5236 ἡμᾶς,
581 5165 675 5217 καὶ
714 5165 745 5232 ὴ
779 5163 885 5215 τῶν
921 5164 1093 5234 ἔργων
1127 5165 1370 5234 ποιότης,
1402 5164 1584 5229 ἀξίους
1611 5165 1722 5218 ἔσθ’
1752 5167 1840 5218 ὅτε
1859 5165 1960 5235 τῆς

378 5259 484 5310 τῶν
522 5258 692 5324 ἀγίων
724 5255 980 5326 Πατέρων
1011 5257 1288 5322 εὐγενείας
1316 5256 1588 5320 ἀποτελεῖ,
1615 5256 1874 5326 ἀπονέμει
1902 5257 1959 5309 δὲ

380 5352 474 5404 καὶ
523 5349 798 5419 πατράσιν
841 5347 1204 5417 ἁμαρτωλοῖς.
1256 5348 1537 5414 Διοίσομεν
1583 5348 1691 5416 γὰρ
1725 5347 1843 5399 κατ’
1873 5347 1956 5399 οὐ-

2068 5349 2351 5419 pabimus,
2380 5351 2423 5404 si
2460 5350 2695 5418 ipsorum
2728 5364 2906 5404 mores
2939 5347 3232 5402 imitemur.
3262 5347 3464 5406 Idcirco
3495 5354 3634 5407 dici-

380 5440 500 5492 δὲνα
529 5441 730 5511 τρόπον
752 5437 860 5490 τῶν
883 5439 940 5489 tv
971 5436 1196 5506 ἀσεϐείᾳ.
1225 5436 1589 5505 βεϐιωκότων,
1616 5437 1662 5487 εί
1687 5436 1755 5488 τὰ
1783 5434 1956 5488 αὐτῶν

2069 5455 2188 5493 mus
2212 5439 2464 5506 Ephraim
2490 5448 2734 5493 vocatum
2762 5454 2879 5493 esse
2901 5438 3179 5494 Chanaan.
3201 5439 3277 5495 Eo
3295 5442 3437 5495 enim
3463 5444 3644 5495 animo

385 5529 706 5598 μ-μοίμεθα.
741 5525 1031 5597 Ταύτῃτοι,
1062 5525 1362 5595 κεκλῆσθαί
1409 5539 1594 5593 φαμεν
1621 5523 1840 5576 Χαναὰν
1873 5525 1956 5576 τὸν

2070 5530 2288 5584 luerunt
2308 5544 2414 5598 qtto
2435 5530 2775 5598 alienigenae;
2795 5528 3085 5582 Cliananzei
3105 5538 3281 5585 autem
3306 5531 3640 5600 alienigeme,

393 5621 651 5692 Ἐφραῗμ.
694 5619 1011 5689 Πεφρὸνηκε
1045 5617 1154 5687 γὰρ
1185 5617 1254 5669 τά
1286 5614 1606 5681 ἀλλογενῶν.
1635 5614 1956 5683 Ἀλλογενεῖς

2071 5632 2126 5674 ct
2164 5633 2380 5691 prOpter
2413 5621 2742 5690 impietatem
2779 5621 3028 5678 inlamcs.
3065 5622 3294 5681 Proinde
3327 5633 3384 5682 et
3420 5619 3640 5691 quidam

2066 5165 2333 5230 cilicium,
2368 5177 2422 5221 et
2457 5167 2702 5235 patribus
2737 5166 3113 5237 peccaturibus
3149 5166 3350 5221 similes
3390 5169 3636 5226 reddunt.

2067 5254 2223 5310 Nullo
2249 5258 2443 5327 quippe
2473 5258 2628 5312 modo
2655 5257 2721 5312 ab
2751 5259 2833 5312 his
2861 5257 2949 5327 qui
2981 5257 3142 5324 impie
3166 5257 3414 5312 vixerunt
3438 5259 3637 5315 discre-

455 5800 497 5832 ⁵⁵
538 5796 637 5853 Job
670 5811 760 5864 xx,
796 5795 881 5851 15.
959 5795 1004 5827 ⁵⁸
1045 5791 1156 5848 Jcr.
1186 5805 1323 5860 χχιι,
1355 5791 1407 5844 '5.
1472 5790 1515 5820 ⁵⁷
1557 5789 1708 5844 Prov.
1745 5805 1795 5855 x,
1827 5789 1883 5842 2.

2061 5790 2200 5845 .‘rov.
2234 5809 2319 5858 xv,
2357 5792 2443 5845 16.
2523 5792 2568 5823 σθ
2609 5791 2764 5846 Prov.
2798 5811 2906 5863 xw,
2937 5799 2995 5854 8.-
