4034 6270
466 331 564 387 291

1454 322 1511 378 S.
1554 321 1826 379 CYRILLI
1865 318 2335 378 ALEXANDRINI
2373 316 2695 375 ARCHIEP.

3634 314 3742 370 2?!

469 453 838 518 lnerepantur,
869 447 1187 502 facinorosm
1220 444 1458 498 audacia:
1488 458 1602 497 sua:
1635 443 2039 508 convenienter,

2159 440 2202 494 5s
2258 442 2306 493 οί
2360 439 2687 498 Χαναναῖοι,
2735 434 2829 487 καὶ
2872 431 2958 485 ἐπ’
2997 429 3250 501 ἀθεότητι
3299 428 3739 502 διαϐεϐλημένον

471 544 773 609 audientes,
809 560 827 593 ι
865 554 1048 595 semen
1080 538 1356 597 Chanaan,
1387 544 1441 592 et
1473 552 1577 589 non
1608 533 1745 589 Juda
1771 535 1835 586 3°.
1874 553 1892 585 ι

544 813 702 868 Vens.
733 811 786 878 9,
819 810 903 864 lO.
943 809 1051 880 It'go
1082 819 1257 863 autem
1287 806 1543 862 Dominus
1573 807 1714 861 Deus
1746 817 1865 861 tuus
1895 807 2053 861 eduxi

468 915 517 958 te
549 910 613 957 de
646 917 786 957 terra
814 901 1053 972 Λῖρῃριί.
1087 900 1273 954 Adhuc
1305 900 1541 952 habitare
1575 910 1622 952 le
1655 898 1849 967 [nciam
1886 900 1938 953 in
1973 909 2054 952 ta-

469 995 784 1059 bernaculis,
816 982 943 1047 sicut
979 994 1032 1045 in
1064 992 1245 1046 diebus
1275 990 1643 1045 solenmitatis.
1672 988 1741 1042 Et
1773 990 1961 1059 loquar
1984 989 2053 1042 ad

465 1086 771 1153 prophetas.
812 1081 877 1134 Et
917 1098 1011 1151 ego
1053 1082 1276 1135 visiones
1312 1080 1680 1149 multiplicari,
1716 1091 1763 1135 et
1801 1081 1856 1133 in
1897 1095 2054 1132 inanu

467 1176 839 1244 praplietarum
874 1173 1202 1226 assimilatas
1236 1187 1372 1225 sum.

537 1265 716 1320 CXLI.
758 1266 1017 1319 Chanaan
1050 1262 1338 1332 appellavit
1368 1261 1649 1331 Ephraim,
1684 1272 1742 1316 ut
1772 1262 1904 1328 dixi,
1933 1276 2053 1315 ma-

470 1355 666 1412 nifeste
692 1370 991 1425 coarguens
1015 1362 1073 1406 ut
1102 1354 1375 1407 inimicum
1406 1352 1792 1408 misericordiae
1818 1364 1871 1406 et
1891 1352 2054 1421 justi-

470 1449 586 1511 lia‘,
615 1456 668 1501 et
696 1455 990 1501 sectantem
1026 1444 1204 1513 potius
1236 1442 1654 1512 inaequalitatem
1685 1452 1737 1497 et
1769 1444 2053 1497 avaritiam

467 1550 522 1594 et
547 1537 846 1609 iniquitatis
870 1549 1033 1591 omne
1058 1550 1247 1604 genus.
1275 1524 1473 1589 Verum
1502 1550 1630 1589 ecce
1656 1545 1886 1590 c0natur
1914 1550 2054 1605 prae-

2149 532 2427 602 τοιγάρτοι
2460 529 2555 582 καὶ
2591 524 2930 590 ὠνειδίζοντό
2959 540 3125 587 τινες,
3155 524 3268 587 τοῖς
3300 523 3512 577 ἑαυτῶν
3539 523 3745 595 τολμή-

2155 639 2287 693 μασι
2338 620 2657 691 πρεπόντως
2705 616 3016 679 ἀκούοντες,
3054 634 3072 667 ι
3105 615 3335 686 Σπέρμα
3369 614 3614 680 Χαναὰν,
3647 613 3745 669 καὶ

2152 715 2253 767 οὐκ
2291 713 2482 767 Ἰούδα.
2516 731 2534 764 ι
3451 752 3457 757 .

2236 805 2377 875 Ἐγὼ
2405 803 2473 857 δὲ
2498 805 2761 872 Κύριοςδ
2783 802 2926 866 Θεός
2947 815 3064 854 σου
3096 798 3406 869 ἁνήγαγόν
3429 815 3503 852 σε
3525 798 3592 853 ἐκ
3630 797 3745 869 γῆς

2151 897 2609 967 Αἰγύπτου.“Ετι
2637 892 2913 949 κατοικιῶ
2943 908 3017 947 σε
3039 892 3109 945 ὲν
3137 891 3420 957 σκηναῖς,
3456 890 3652 955 καθὼς
3674 891 3744 942 ἐν

2157 987 2405 1056 ἡμέραις
2459 985 2691 1055 ἑορτῆς.
2728 985 2839 1039 Καὶ
2895 982 3149 1049 λαλήσω
3204 981 3354 1051 πρὸς
3406 978 3738 1049 προφήτας.

2152 1079 2264 1131 Καὶ
2297 1076 2410 1146 ἐγὼ
2441 1076 2681 1144 ὁράσεις
2709 1075 3045 1144 ὲπλήθυνα,
3072 1074 3170 1129 καὶ
3197 1075 3268 1127 ἐν
3304 1072 3477 1143 χερσί
3513 1088 3742 1141 προφη-

2155 1168 2275 1222 τῶν
2298 1168 2626 1237 ὡμοιώθην.

2226 1260 2407 1312 PMA'.
2451 1258 2674 1313 Χαναὰν
2724 1258 2980 1328 ὠνόμασε
3027 1257 3122 1310 τὸν
3160 1255 3423 1326 Ἐφραίμ,
3467 1254 3545 1319 ὡς
3583 1254 3741 1325 ἔφην,

2155 1351 2477 1422 ἀπελέγχων
2504 1350 2772 1422 ἐναργῶς,
2801 1351 2876 1414 ὠς
2914 1350 3000 1420 εἴη
3034 1348 3356 1421 μεμισηκὼς
3379 1348 3531 1411 ἔλεός
3556 1365 3617 1401 τε
3648 1349 3744 1403 καὶ

2158 1445 2351 1516 κρίμα,
2381 1443 2760 1515 ἀνθῃρημένος
2796 1443 2853 1497 δέ
2890 1442 3092 1513 μᾶλλον
3136 1442 3235 1513 τὴν
3284 1440 3619 1505 πλεονεξίαν,
3650 1443 3745 1494 καὶ

2155 1533 2253 1605 τὴν
2280 1534 2592 1606 ἀνισότητα,
2625 1537 2721 1587 καὶ
2768 1534 2876 1587 πᾶν
2922 1529 3064 1597 εἶδος
3103 1532 3338 1596 ἀδικίας.
3362 1531 3502 1586 Ἀλλ’
3533 1531 3641 1586 ἰδοὺ
3677 1533 3743 1603 δὴ

468 1643 617 1687 terea
648 1631 968 1693 ostendere,
1001 1645 1106 1682 non
1133 1629 1307 1683 solum
1338 1629 1390 1681 in
1419 1629 1581 1683 rebus
1610 1629 1862 1683 humanis
1890 1628 2055 1700 fuisse

2159 1623 2321 1678 πάλιν
2352 1625 2613 1696 πειρᾶται
2646 1622 2934 1690 δεικνύειν,
2967 1624 3043 1688 ὡς
3083 1623 3160 1695 μὴ
3190 1625 3352 1695 μόνον
3384 1623 3647 1693 γεγονότα
3675 1627 3745 1679 τὰ

470 1726 659 1789 talem,
690 1724 781 1778 sed
812 1722 975 1777 etiam
1007 1720 1443 1789 appropinquare
1473 1718 1583 1774 Deo
1613 1719 1934 1794 rebnslipsis
1967 1734 2055 1774 re-

2159 1715 2238 1779 είς
2283 1713 2605 1787 ἀνθρώπους
2653 1714 2915 1777 τοιοῦτον,
2945 1713 3082 1768 ἀλλά
3113 1714 3221 1785 γὰρ
3267 1714 3363 1769 καὶ
3406 1715 3469 1767 τὸ
3507 1714 3746 1784 ἐγγίζειν

470 1830 714 1871 cusassc.
743 1812 1023 1868 lnsimulat
1054 1812 1217 1882 igitur
1246 1821 1304 1865 ut
1339 1812 1678 1881 ignorantem
1711 1810 2053 1865 liberatorem

2159 1805 2277 1877 Θεῷ
2308 1805 2398 1859 διὰ
2428 1807 2773 1878 πραγμάτων
2804 1806 2984 1860 αὐτῶν
3014 1804 3469 1878 παραιτούμενον.
3493 1808 3746 1862 Αίτιᾶται

470 1922 653 1970 suum,
687 1917 745 1960 nt
777 1906 1058 1960 vecordem
1092 1919 1157 1959 ac
1190 1912 1501 1972 protervum
1537 1903 1796 1958 adversus
1827 1903 2054 1958 educto-

472 2018 585 2057 rem
620 2016 808 2064 suum,
845 2017 863 2050 ι
906 1999 979 2052 De
1013 1999 1172 2052 domo
1206 1997 1511 2061 servitutis,
1550 1997 1602 2050 in
1638 1996 1806 2066 signis
1837 2006 1892 2051 et
1925 2011 2055 2066 por-

471 2092 656 2156 tentis,
680 2101 733 2144 et
756 2090 806 2143 in
827 2089 1048 2144 brachio
1067 2087 1281 2143 excelso
1298 2088 1365 2142 “.
1395 2086 1639 2157 t—tEgo
1664 2088 1831 2153 enim,
1858 2088 2053 2158 inquit,

471 2182 630 2240 eduxi
653 2195 748 2236 vos
769 2195 834 2235 ex
869 2179 1123 2250 Egypto.
1147 2198 1166 2232 ι
1196 2179 1330 2233 Dum
1369 2188 1548 2234 autem
1587 2179 1738 2246 dicit,
1777 2197 1796 2231 ι
1823 2180 2006 2246 eduxi,
2030 2198 2048 2231 ι

470 2284 691 2331 revocat
727 2288 826 2329 nos
861 2273 926 2326 ad
968 2271 1284 2327 memoriam
1322 2280 1660 2341 patratorum
1697 2286 1861 2342 super
1896 2273 2049 2342 ipsis,

472 2366 651 2438 quoad
691 2367 743 2420 in
779 2372 981 2420 terram
1016 2363 1264 2436 patribus
1296 2364 1533 2433 ipsorum
1570 2364 1893 2434 promissam
1926 2379 2055 2433 pro-

475 2460 603 2515 fecti
634 2467 778 2513 sunt.
811 2457 886 2511 Ea
919 2465 1180 2512 sexcenta
1214 2466 1363 2522 sunt,
1393 2465 1450 2511 et
1482 2471 1600 2526 qua:
1633 2459 1767 2511 satis
1797 2456 2055 2512 admirari

472 2564 633 2605 nemo
662 2559 858 2618 potest.
888 2546 1097 2602 Nullam
1129 2556 1308 2602 autem
1340 2546 1582 2603 relictam
1613 2548 1717 2603 illis
1744 2549 2054 2604 excusatio-

473 2655 597 2694 nem
614 2640 680 2693 de
696 2638 963 2693 oblivione
981 2638 1170 2692 borum
1193 2637 1677 2710 docet,adjungens
1692 2655 1739 2695 ιι
1756 2637 2057 2701 Adbucha-

472 2734 647 2790 biiare
665 2743 716 2788 te
733 2733 924 2789 faciam
944 2731 957 2785 i
966 2750 995 2786 ιι
1014 2730 1395 2796 tabernaculis,
1415 2732 1559 2787 sicut
1574 2731 1625 2786 in
1641 2733 1834 2788 diebus
1859 2732 2053 2788 solem-

472 2823 681 2878 nitatis.
707 2843 725 2875 ι
752 2824 902 2890 Quod
945 2821 1074 2892 quid
1120 2821 1209 2881 sit,
1256 2820 1443 2875 audies
1466 2837 1704 2877 rursum.
1727 2821 1831 2877 Lex
1858 2822 2057 2893 Moysis

473 2914 527 2968 in
563 2928 746 2967 mense
772 2913 1021 2979 septimo,
1040 2910 1248 2965 decimo
1274 2910 1463 2978 quinto
1482 2910 1590 2975 die,
1624 2910 1819 2965 festum
1847 2910 2054 2966 Scene-

474 3005 680 3075 pcgiae,
717 3018 810 3058 seu
845 3001 1343 3067 Tabernaculornm
1384 3001 1647 3056 celebrari
1679 3002 1860 3068 jussit.
1892 3002 2055 3070 Cujus
2104 3002 2108 3006 Α

474 3111 594 3166 qua:
627 3094 792 3148 fuerit
817 3094 1054 3155 occasio,
1089 3093 1202 3160 ipse
1233 3092 1506 3161 legislator
1534 3093 1797 3159 declarat,
1825 3096 1891 3149 de
1919 3094 2052 3151 Sce-

474 3184 701 3253 nopcgia
739 3183 881 3238 hunc
917 3184 968 3236 in
1007 3184 1221 3237 modum
1261 3184 1487 3269 loquens
1521 3184 1572 3240 in
1611 3182 1854 3239 Levitico
1887 3201 1900 3238 :
1940 3203 1958 3237 ι
1996 3184 2051 3239 ln

474 3288 662 3329 mense
701 3274 933 3341 septimo
973 3273 1317 3331 celebrabitis
1362 3276 1554 3344 ipsam.
1595 3274 1650 3330 ln
1694 3275 2055 3333 tabernaculis

477 3365 787 3422 habitabitis
832 3353 1038 3436 septeni
1090 3366 1222 3421 dies.
1266 3366 1455 3422 Omnis
1501 3366 1753 3437 indigena
1796 3369 1848 3420 in
1893 3367 2054 3421 Israel

476 3457 745 3513 habitabit
790 3457 842 3511 in
888 3457 1272 3512 tabernaculis.
1313 3455 1384 3512 Ut
1422 3457 1637 3511 videant
1679 3459 2055 3527 generationes

476 3560 703 3615 vestrae,
736 3548 878 3617 quod
910 3548 962 3602 in
999 3545 1359 3603 tabernaculis
1388 3545 1632 3602 habitare
1663 3548 1882 3602 fecerim
1915 3547 2055 3604 filios

474 3638 667 3705 lsrael,
710 3653 832 3692 cum
878 3638 1161 3693 educerem
1207 3636 1329 3694 illos
1372 3637 1438 3692 de
1481 3645 1625 3692 terra
1663 3635 1902 3707 Egypti.
1941 3635 2055 3708 Ego

477 3731 737 3787 Dominus
775 3731 914 3785 Dens
944 3739 1122 3785 vester
1150 3730 1214 3782 θ’.
1255 3747 1273 3781 ι
1309 3727 1495 3799 Itaque
1526 3730 1592 3784 ad
1627 3728 2052 3784 recordationem

474 3824 651 3878 exitus
662 3826 727 3878 de
741 3822 975 3894 IEgypto
992 3821 1185 3878 festum
1211 3823 1554 3893 peragebant.
1579 3822 1779 3877 Deinde
1797 3822 1892 3886 ait,
1911 3822 2055 3890 Quo-

479 3913 637 3968 modo
667 3915 840 3984 possis
869 3915 971 3968 mei
997 3913 1278 3979 oblivisci,
1305 3914 1396 3983 qui
1426 3913 1588 3969 eduxi
1618 3923 1670 3969 te
1694 3929 1760 3969 ex
1786 3916 2053 3988 Αὲεγιιιο,

480 4005 638 4077 175
668 4005 844 4059 adhuc
876 4005 1127 4060 habitans
1156 4005 1207 4059 in
1242 4004 1631 4072 tabernaculis,
1660 4015 1716 4062 et
1746 4006 1921 4076 ipsum
1954 4009 2055 4066 hoc

476 4098 752 4167 negotium
799 4096 1158 4151 solemnitatis
1200 4097 1540 4152 occasionem
1588 4106 1644 4152 et
1693 4113 1914 4155 causam
1961 4101 2055 4155 ba-

476 4188 642 4245 bens?
675 4207 694 4241 ι
734 4189 921 4245 Adhuc
950 4191 1095 4245 enim
1132 4190 1379 4245 habitare
1407 4197 1461 4244 te
1490 4188 1685 4245 faciam
1719 4190 1772 4245 in
1805 4194 2055 4247 taberna-

476 4278 871 4344 culis,ntindie
892 4279 1446 4335 festin—illabitare
1468 4287 1520 4334 te
1538 4278 1731 4335 faciam
1762 4298 1782 4332 ι
1806 4282 1904 4346 ait,
1934 4296 2053 4351 pro,

477 4370 724 4425 habitare
755 4378 808 4424 te
843 4368 1000 4433 facio,
1033 4380 1125 4422 ant
1154 4368 1294 4424 facio
1326 4370 1571 4424 habitare
1607 4372 1657 4423 in
1695 4372 2057 4428 tabernaculis

2155 1895 2221 1968 δὴ
2266 1892 2380 1963 οὖν,
2413 1897 2488 1962 ὠς
2534 1898 2842 1969 ἡγνοηκότα
2894 1897 2985 1952 τὸν
3025 1897 3322 1970 λυτρωτὴν,
3347 1898 3423 1962 ὡς
3448 1900 3575 1961 ταῖς
3610 1900 3746 1953 ἀπο-

2155 1988 2326 2053 νοίαις
2355 1990 2786 2062 περιυϐρίσαντα
2814 1990 2904 2043 τὸν
2931 1991 2989 2055 ἐξ
3010 1990 3159 2045 οἴκου
3189 1990 3433 2054 δουλείας
3456 1993 3746 2062 ἐκκεκομι-

2155 2079 2291 2134 κότα
2324 2081 2571 2151 σημείοις
2601 2099 2660 2134 τε
2696 2082 2790 2134 καὶ
2809 2081 3022 2152 τέρασι,
3045 2082 3138 2135 καὶ
3167 2083 3224 2135 ἐν
3249 2082 3476 2153 δυνάμει
3507 2085 3743 2157 μεγάλῃ,

2155 2170 2250 2224 καὶ
2287 2170 2344 2224 ἐν
2378 2167 2623 2242 βραχίονι
2660 2170 2870 2243 ὑψηλῷ.
2920 2191 2938 2224 ι
2970 2171 3115 2240 Ἐγὼ
3156 2173 3285 2245 γὰρ,
3324 2174 3510 2243 φησὶν,
3544 2175 3747 2245 ἀνήγα-

2154 2277 2253 2331 γον
2266 2262 2410 2333 ὑμᾶς
2426 2253 2834 2332 ἐξΔίγύπτουά
2857 2264 2948 2319 Ἐν
2965 2263 3023 2317 δέ
3047 2263 3124 2334 τῷ
3151 2282 3169 2316 ι
3193 2264 3470 2335 ἀνήγαγον
3493 2284 3511 2316 ι
3544 2267 3740 2329 εἰπεῖν,

2155 2352 2420 2423 ἀποφέρει
2448 2352 2583 2425 πρὸς
2609 2354 2915 2427 ἀνάμνησιν
2944 2355 3052 2409 τῶν
3080 2356 3167 2410 ἐπ’
3199 2358 3385 2420 αὐτοῖς
3413 2359 3739 2429 γενομένων,

2156 2446 2316 2518 ἄχρις
2343 2447 2409 2501 ἂν
2437 2447 2793 2502 εἰσελάσωσιν
2821 2451 2902 2512 είς
2930 2448 3029 2520 τὴν
3049 2449 3155 2521 γῆν
3177 2449 3276 2519 τὴν
3296 2453 3420 2514 τοῖς
3447 2450 3623 2520 ἁγίοις
3648 2468 3744 2504 πα-

2154 2538 2349 2609 τράσιν
2380 2538 2819 2609 ἐπηγγελμένην.
2861 2540 3046 2612 Μυρία
3074 2540 3131 2594 δέ
3159 2541 3469 2607 ὃσιτταυτὶ,
3501 2542 3596 2596 καὶ
3620 2560 3746 2595 παν-

2153 2632 2245 2695 τὸς
2266 2628 2526 2687 ἐπέκεινα
2553 2630 2853 2702 θαύματος.
2871 2633 2992 2685 Ὅτι
3018 2632 3075 2686 δέ
3098 2633 3470 2703 προῳάσιστον
3485 2633 3669 2698 αὐτοῖς
3683 2637 3744 2688 το

2157 2725 2623 2784 ἐπιλανθάνεσθαι
2651 2723 2878 2788 τούτων,
2909 2724 3193 2796 παρέδειξε
3219 2724 3562 2795 προστιθείς
3592 2727 3746 2779 (Ἔτι

2157 2819 2425 2877 κατοικιῶ
2458 2836 2517 2872 σε
2545 2819 2604 2871 ἐν
2640 2820 2888 2888 σκηναῖς,
2923 2815 3104 2878 καθὼς
3138 2815 3194 2868 ἐν
3226 2815 3462 2886 ἡμέραις
3494 2816 3740 2886 ἑορτῆς.»

2159 2914 2269 2967 Καὶ
2316 2912 2369 2966 τί
2410 2911 2475 2982 δὴ
2508 2909 2665 2964 τοῦτό
2716 2912 2855 2971 ἐστι,
2885 2906 3061 2979 πεύσῃ
3102 2907 3169 2976 δὴ
3206 2906 3467 2961 πάλιν.’0
3497 2906 3589 2960 διὰ
3620 2909 3751 2961 Mm-

2159 3003 2299 3066 σέως
2329 3001 2666 3074 προστέταχε
2695 3001 2857 3070 νόμος
2884 2997 3032 3070 ἐντῷ
3050 2997 3264 3069 ἑϐδόμῳ
3291 2999 3441 3070 μηνὶ,
3465 3001 3529 3070 τῇ
3560 3016 3751 3053 πεντε-

2159 3094 2459 3166 καιδεκάτῃ
2504 3095 2714 3165 ήμέρᾳ,
2757 3093 2856 3162 τῆς
2910 3092 3284 3163 σκηνοπηγίας
3328 3090 3592 3173 ῖελεῖσθαι
3646 3091 3749 3162 τὴν

2157 3188 2370 3259 ἑορτήν,
2410 3185 2519 3240 Καὶ
2546 3185 2629 3249 τίς
2660 3188 2692 3254 ή
2726 3183 2880 3238 τοῦδε
2911 3182 3205 3253 πρόφασις,
3238 3183 3392 3247 αὐτὸς
3424 3185 3555 3254 ἡμῖν
3583 3184 3613 3236 ὁ
3643 3201 3752 3238 νο-

2163 3277 2398 3349 μοθέτης
2422 3277 2690 3345 διεσάφει,
2720 3276 2894 3345 λέγων
2937 3274 3067 3346 περὶ
3116 3275 3214 3346 τῆς
3260 3276 3657 3346 σκηνοπηγίας,
3688 3276 3748 3330 ἐν

2159 3369 2236 3440 τῷ
2264 3367 2535 3439 Λευῖτικῷ
2562 3384 2576 3400 ο
2615 3387 2633 3419 ι
2669 3367 2759 3421 Ἐν
2797 3365 2875 3437 τῷ
2915 3367 3046 3438 μηνὶ
3075 3365 3152 3438 τῷ
3200 3367 3415 3438 ἑϐδόμῳ
3454 3369 3736 3439 ἐορτάσετε

2160 3460 2352 3530 αὑτήν.
2371 3460 2458 3512 Ἐν
2491 3461 2719 3530 σκηναῖς
2747 3459 3100 3528 κατοικήσετε
3135 3459 3276 3512 ἑπτα
3308 3459 3546 3530 ἡμέρας.
3574 3460 3684 3522 Πᾶς
3713 3460 3742 3510 ό

2159 3553 2440 3625 αὐτόχθων
2468 3553 2687 3625 Ἰσραὴλ
2717 3552 3034 3623 κατοικήσει
3066 3554 3124 3606 ἐν
3153 3556 3382 3622 σκηναῖς
3402 3571 3416 3583 ·
3448 3557 3600 3618 ὅπως
3630 3554 3745 3608 ἴδω·

2162 3663 2246 3700 σιν
2275 3646 2332 3700 αἱ
2363 3646 2550 3714 γενεαὶ
2593 3642 2766 3714 ὑμῶν,
2795 3644 2877 3698 ὃτι
2922 3645 2982 3698 ἐν
3037 3646 3265 3716 σκηναῖς
3298 3644 3587 3716 κατῴκισα
3622 3646 3744 3709 τοὺς

2160 3737 2310 3799 υἱοὺς
2331 3734 2571 3806 Ἰσραὴλ,
2603 3736 2660 3787 ἐν
2699 3734 2778 3805 τῷ
2806 3733 3096 3804 ἐξαγαγεῖν
3124 3752 3191 3805 με
3221 3735 3421 3799 αὐτοὺς
3447 3738 3515 3789 ἐκ
3542 3739 3644 3806 γῆς
3666 3739 3748 3790 Λί-

2160 3829 2391 3897 γύπτου.
2410 3825 2551 3895 Ἐγὼ
2572 3824 2779 3896 Κύριος
2810 3829 2838 3881 ό
2863 3826 2996 3890 Θεὸς
3033 3826 3206 3897 ὑμῶν.
3226 3846 3244 3879 ι
3264 3827 3380 3880 υὺκ
3398 3827 3497 3882 οὖν
3520 3831 3603 3892 είς
3621 3828 3743 3883 ἀνά-

2163 3937 2359 3992 μνησιν
2406 3919 2507 3989 τῆς
2552 3916 2732 3983 ἐξόδου
2776 3917 2981 3988 τῆ;’ὲξ
3027 3917 3302 3986 Αἰγύπτου
3351 3921 3743 3992 γεγενημένης,

2160 4009 2377 4064 ἐτέλουν
2406 4007 2504 4079 τὴν
2524 4008 2739 4080 ἑορτήν.
2768 4003 2923 4073 Εἶτα,
2946 4006 3062 4070 πῶς
3086 4005 3151 4060 ἂν
3179 4005 3379 4073 δύναιο,
3423 4008 3614 4079 φησὶν,
3635 4011 3746 4061 ἐπι-

2160 4100 2519 4155 λανθάνεσθαι
2555 4116 2681 4170 μου,
2715 4098 2810 4152 τοῦ
2840 4098 3201 4168 ἐξαγαγόντος
3244 4116 3302 4151 σε
3343 4099 3404 4163 ἐξ
3447 4100 3742 4168 Αἰγύπτου,

2161 4176 2443 4262 γινόμενος
2475 4189 2556 4244 ἔτι
2586 4189 2679 4243 καὶ
2712 4189 2816 4243 ὑπὸ
2846 4191 3094 4260 σκηναῖς,
3127 4190 3219 4242 καὶ
3253 4189 3528 4260 πρόφασιν
3556 4189 3743 4260 ἑορτῆς

2160 4281 2220 4334 τὸ
2265 4282 2456 4353 χρῆμα
2506 4281 2864 4353 ποιούμενος;
2920 4282 3084 4337 (Ἔτι
3130 4281 3237 4351 γὰρ
3286 4282 3545 4335 κατοικιῶ
3588 4298 3647 4334 σε
3686 4282 3744 4335 ἐν

2164 4374 2416 4441 σκηναῖς,
2433 4371 2615 4435 καθὼς
2631 4373 2689 4427 ἐν
2705 4372 2889 4443 ἡμέρα
2906 4373 3120 4445 ἑορτῆς.
3138 4392 3155 4422 ι
3178 4372 3273 4437 Τὸ,
3305 4393 3324 4424 ι
3338 4372 3594 4427 κατοικιῶ
3620 4388 3703 4434 σε,
3717 4391 3735 4422 ι

477 4461 531 4516 in
556 4461 745 4516 diebus
770 4460 890 4515 festi
922 4460 1138 4515 horum.
1164 4458 1331 4527 Igitur
1351 4459 1563 4513 defendi
1589 4459 1790 4515 oblivio
1819 4461 1918 4515 ista
1950 4476 2054 4515 non

2161 4464 2325 4534 φησὶν
2365 4464 2486 4518 ἀντὶ
2523 4462 2641 4527 τοῦ,
2679 4463 2993 4529 κατοικίζω,
3038 4464 3160 4535 ἦτοι
3204 4464 3343 4518 ποιῶ
3384 4464 3656 4518 κατοικεῖν
3686 4463 3743 4515 ἐν

478 4560 674 4622 potest.
719 4547 828 4603 Sed
873 4546 1129 4617 cupiebas
1180 4548 1408 4603 forsitan
1459 4547 1762 4603 futurorum
1808 4550 2053 4619 quaedam

477 4656 656 4709 nosse,
683 4648 737 4694 et
769 4640 1043 4710 inquirere
1072 4637 1290 4692 volebas
1319 4638 1589 4693 curiosius
1617 4652 1737 4707 qua;
1769 4648 1855 4692 tua
1890 4639 2058 4694 inter-

474 4742 677 4791 essent.
718 4731 784 4789 Et
819 4746 918 4784 cur
951 4730 1133 4800 potius
1165 4730 1345 4784 adires
1382 4729 1545 4784 falsos
1582 4738 1728 4784 vates
1768 4729 1893 4783 Baal
1915 4771 1930 4797 ,
1963 4741 2058 4786 aut

475 4823 878 4883 commentitios
917 4823 1068 4887 deos,
1121 4829 1176 4876 et
1201 4822 1268 4874 ab
1308 4819 1442 4889 ipsis
1480 4820 1582 4873 ista
1619 4820 1963 4889 exquireres,
2003 4829 2056 4876 et

477 4932 582 4971 non
619 4916 789 4988 magis
843 4913 1118 4982 sapienter
1149 4912 1492 4968 meminisses
1534 4928 1619 4967 me
1653 4912 1799 4982 loqui
1834 4913 1900 4967 ad
1934 4930 2055 4985 pro-

477 5006 696 5078 phetas,
724 5018 782 5066 et
813 5004 1174 5073 multiplicare
1203 5004 1436 5060 visiones
1465 5020 1678 5074 quoque
1697 5046 1713 5070 ,
1745 5007 1847 5061 hoc
1878 5016 1994 5072 est,
2024 5022 2054 5062 a

478 5113 564 5151 Ittc
589 5112 803 5152 omnem
830 5110 1139 5154 sermonem
1172 5094 1549 5165 propheticum
1576 5108 1629 5152 et
1661 5096 2052 5169 profecturum,

476 5197 531 5241 et
568 5187 868 5256 profectum
907 5201 1052 5252 esse,
1092 5197 1148 5243 et
1186 5204 1292 5242 non
1333 5186 1401 5242 ab
1440 5188 1621 5258 aliquo
1658 5189 1795 5245 falso
1837 5191 2056 5246 nomine

478 5280 699 5334 deorum
728 5281 975 5336 tuorum?
1000 5281 1125 5337 Mihi
1151 5282 1295 5339 enim
1320 5281 1419 5336 soli
1447 5282 1501 5336 in
1529 5284 1764 5352 acceptis
1792 5283 2056 5338 referetur

478 5380 534 5423 ct
564 5369 740 5424 futura
770 5374 931 5439 scire,
965 5385 1019 5428 et
1049 5375 1320 5445 praeterita
1356 5374 1690 5431 meminisse.
1724 5373 1830 5431 Sed
1860 5374 2054 5431 imitati

479 5472 605 5514 sunt
639 5476 746 5526 me,
778 5464 970 5532 inquit,
1005 5467 1252 5523 honorati
1288 5467 1384 5523 abs
1416 5475 1464 5521 te
1495 5465 1785 5522 adulterini
1819 5478 1972 5520 vates
2001 5474 2058 5519 et

479 5553 773 5625 prophetae.
822 5550 931 5607 lloc
963 5564 1047 5610 est
1082 5558 1225 5626 quod
1263 5558 1369 5622 ait,
1407 5577 1424 5610 ι
1470 5556 1526 5613 In
1567 5574 1727 5614 manu
1763 5558 2054 5628 propheta-

2160 4558 2408 4626 σκηναῖς,
2444 4556 2501 4609 ἐν
2546 4558 2664 4619 ταῖς
2699 4556 2935 4628 ἡμέραις
2979 4558 3080 4627 τῆς
3120 4558 3216 4611 ἐπὶ
3266 4557 3479 4621 τούτοις
3531 4554 3739 4628 ἑορτῆς.

2160 4646 2370 4699 Οὐκοῦν
2420 4646 2831 4718 ἀπροφάσιστος
2877 4650 2910 4718 ή
2950 4647 3125 4720 λήθη.
3170 4648 3310 4701 Ἀλλ’
3358 4646 3577 4717 ἐζήτεις
3619 4646 3744 4709 ἴσως

2159 4735 2357 4789 εἰδέναι
2414 4735 2523 4789 τῶν
2568 4737 2843 4807 ἐσομένων
2896 4738 3020 4792 τινὰ
3042 4778 3057 4803 ,
3115 4740 3205 4793 καὶ
3269 4739 3743 4809 πολυπραγμονεῖν

2158 4826 2380 4881 ἐδούλου
2410 4828 2480 4881 τὰ
2519 4828 2662 4883 κατὰ
2689 4830 2919 4884 σαυτόν⁹
2957 4830 3050 4885 καὶ
3096 4830 3149 4885 τί
3192 4831 3394 4902 μᾶλλον
3438 4830 3545 4883 ἔδει
3580 4845 3742 4901 προσ-

2161 4916 2297 4970 ιέναι
2341 4919 2454 4980 τοῖς
2489 4916 2884 4987 ψευδομάντεσι
2930 4917 3026 4971 τοῦ
3072 4917 3240 4982 Βάαλ,
3277 4917 3442 4987 ήγουν
3487 4919 3600 4978 τοῖς
3641 4913 3746 4967 τῶν

2158 5005 2525 5076 ψευδωνύμων
2558 5006 2717 5072 θεῶν,
2746 5008 2838 5062 καὶ
2868 5008 2998 5080 παρ’
3032 5008 3213 5062 αὐτῶν
3242 5009 3310 5063 τὰ
3328 5008 3509 5062 τοιάδε
3544 5006 3742 5077 ζητεῖν,

2161 5097 2255 5150 καὶ
2275 5096 2397 5167 οὐχὶ
2419 5096 2484 5168 δὴ
2506 5098 2705 5167 μᾶλλον
2725 5099 3237 5169 ἀναμιμνήσκεσθαι
3268 5098 3470 5166 σοφῶς,
3499 5100 3581 5152 ὃτι
3604 5096 3744 5151 λαλῶ

2166 5189 2262 5260 μὲν
2302 5189 2412 5257 ἐγὼ
2440 5189 2576 5263 πρὸς
2607 5192 2913 5261 προφήτας,
2943 5190 3221 5262 ἐπλήθυνα
3267 5191 3325 5244 δὲ
3374 5191 3470 5244 καὶ
3502 5189 3742 5261 ὁράσεις,

2154 5282 2422 5346 τουτέστι,
2456 5283 2583 5355 παρ’
2605 5282 2740 5354 ἐμοῦ
2765 5285 2873 5347 πᾶς
2902 5283 3058 5337 ἐσται
3090 5283 3244 5352 λόγος
3272 5282 3632 5353 προφητείας,
3656 5280 3744 5332 καὶ

2156 5371 2259 5441 ἤδη
2306 5373 2549 5442 γέγονεν,
2594 5374 2655 5427 ού
2707 5375 2836 5444 παρ’
2868 5374 3056 5446 ἐτέρου
3099 5392 3195 5428 σου
3232 5374 3343 5428 τῶν
3380 5372 3744 5443 ψευδωνύμων

2154 5460 2312 5517 θεῶν.
2332 5462 2489 5535 Ἐμοὶ
2519 5464 2629 5536 γὰρ
2655 5465 3006 5519 ἁνακείσεται
3034 5464 3207 5535 μόνῳ,
3240 5464 3301 5518 τὸ
3336 5463 3432 5517 καὶ
3453 5463 3650 5517 εἰδέναι
3682 5460 3746 5514 τὰ

2155 5550 2426 5622 ἐσόμενα,
2477 5553 2574 5608 καὶ
2622 5554 2933 5625 μεμνῆσθαι
2977 5553 3085 5609 τῶν
3130 5554 3571 5629 παρῳχημένων.
3611 5549 3744 5605 Ἀλλ’

548 5731 593 5768 ⁸⁸
637 5733 768 5790 Dan.
800 5746 917 5799 xm,
950 5731 1039 5786 56.
1116 5733 1154 5763 “
1197 5734 1305 5789 Jer.
1343 5751 1508 5790 xxxii.
1544 5736 1634 5791 2|.
1714 5736 1758 5768 “
1801 5732 2055 5807 Levit._x:

2159 5772 2168 5801 ,
2210 5732 2391 5788 “45.
