4034 6270
244 266 343 320 9'33

1158 247 1708 335 (IOliMEl‘iTARlUS
1751 248 1815 302 IN
1857 246 2089 303 OSEAM
2130 243 2579 302 PROPIILTAM.

3392 240 3497 297 29’s

253 375 574 454 εμιμήσαντό
627 390 730 444 με,
780 370 962 442 φησὶν,
1014 370 1063 422 οἱ
1108 370 1458 439 τετιμημένοι
1513 368 1697 439 παρὰί
1726 365 1815 418 σοῦ

1941 379 2041 417 -um
2077 363 2407 418 assimilatus
2439 376 2578 415 sum.
2617 378 2633 410 ι
2669 358 2956 427 Qumrebas
2990 357 3131 413 scire
3164 357 3232 413 ab
3269 358 3375 412 illis
3415 360 3497 411 fn-

256 467 620 543 ψευδομάντεις
670 462 764 517 καὶ
809 456 1294 530 ψευδοπροφῆται.
1349 459 1519 512 Τοῦτὸ
1572 461 1686 511 ἐστι
1740 458 1821 524 τὸ,

266 561 372 616 (Ἑν
397 559 559 629 χερσὶ
588 553 888 628 προφητῶν
906 552 1214 623 ὡμοιώοην.
1248 571 1266 605 ι
1300 552 1544 622 Ἐζήτεις
1574 550 1702 622 παρ’
1724 550 1823 604 αὺ-

266 652 351 705 τῶν
387 647 584 701 εἰδέναι
621 645 688 697 τά
722 642 1009 714 μέλλοντα.
1047 637 1200 705 Εἶτα,
1236 642 1362 704 τοὺς
1392 641 1559 711 ἐμοὺς
1595 638 1825 695 πλαττό-

271 758 388 814 μενοι
422 738 639 806 λόγους,
676 735 771 789 καὶ
800 734 867 787 τὰ
902 732 1012 786 τῶν
1040 731 1189 803 ἐμῶν
1226 732 1518 804 προφητῶν
1567 731 1701 802 ἔργα
1739 748 1826 802 μι-

268 831 518 904 μούμενοι,
551 827 621 881 τὰ
661 826 769 881 ἀπὸ
798 825 1027 896 καρδίας
1058 823 1236 877 αὐτῶν
1263 822 1558 895 ὴρεύγοντό
1586 840 1688 876 σοι.
1714 821 1826 875 Καὶ

262 922 366 992 γοῦν
391 919 665 991 Ἱερεμίας
694 917 794 988 μὲν
827 916 856 969 ὁ
885 915 1195 985 προφήτης,
1230 914 1444 976 κλοιοὺς
1479 912 1648 965 ἐτίθει
1679 910 1823 976 ξυλί-

261 1031 363 1077 νους
391 1012 521 1084 περὶ
557 1010 647 1063 τὸν
675 1005 950 1080 τράχηλον
986 1003 1174 1069 αὐτοῦ,
1209 1002 1346 1057 θεοῦ
1375 1003 1437 1055 τὸ
1463 1001 1650 1073 χρῆμα
1675 1000 1827 1068 γενέ-

261 1107 367 1161 σθαι
404 1096 1354 1176 προστάττοντος.’Λντιταττόμενος
1401 1092 1458 1146 δὲ
1502 1094 1615 1154 τοῖς
1662 1087 1825 1145 αὑτοῦ

261 1198 416 1266 λόγοις
462 1198 491 1249 ὁ
520 1191 974 1266 ψευδοπροφήτης
1000 1187 1275 1249 Ἀνανίας,
1310 1182 1491 1237 λαϐὼν
1541 1179 1827 1253 συνέτριψε

257 1290 370 1352 τοὺς
399 1287 631 1348 κλοιοὺς,
654 1284 757 1355 ἔφη
780 1296 865 1335 τε·
893 1279 1112 1342 «Οῦτως
1137 1274 1257 1331 εἷπε
1279 1276 1502 1346 Κύριος·
1528 1272 1828 1344 Συνέτριψα

1929 464 2069 510 tura.
2097 454 2300 507 Deinde
2327 454 2397 506 illi
2428 466 2577 505 meos
2607 446 2883 508 seruientes
2912 449 3201 517 ﬁngentes,
3229 463 3498 503 nieorum-

1925 561 2031 616 que
2062 545 2449 614 prOplietarum
2482 557 2646 611 opera
2681 541 2976 604 imitantes,
3010 539 3075 593 de
3105 539 3358 595 cordibus
3389 539 3499 591 suis

1925 635 2251 690 eructabant
2287 634 2404 688 libi.
2442 633 2620 697 Quare
2655 632 2917 687 Jcremias
2957 632 3247 702 propheta,
3282 630 3391 684 Deo
3429 631 3500 683 ita

1926 727 2251 789 mandante,
2289 725 2530 788 vincula,
2567 740 2659 780 seu
2698 738 2917 780 catenas
2955 725 3161 797 ligneas
3194 727 3500 794 circumpo-

1926 817 2087 871 nebat
2123 814 2264 870 collo
2305 829 2405 869 Suo
2432 814 2497 866 ".
2536 814 2633 878 Qui
2673 824 2849 867 autem
2886 818 3227 870 sermonibus
3262 816 3378 886 ejus
3414 829 3501 869 re-

1926 908 2237 978 fragabatur
2263 906 2427 961 falsus
2452 905 2710 975 propheta
2737 906 2993 968 Ananias,
3023 917 3269 974 arreptas
3295 914 3499 960 contri-

1925 995 2023 1061 vit,
2050 995 2293 1065 dixitque
2320 1015 2334 1049 :
2367 1013 2385 1046 ι
2420 994 2509 1049 Sic
2528 996 2658 1049 dicit
2688 995 2945 1048 Dominus
2978 1012 2991 1046 :
3022 994 3271 1049 Cootrivi
3315 996 3503 1067 jugum

1928 1090 2069 1159 regis
2112 1087 2399 1158 Babyloais
2418 1087 2482 1141 “.
2532 1105 2550 1138 ι
2602 1087 2711 1140 Hoc
2750 1097 2833 1140 cst
2874 1087 3015 1155 quod
3061 1087 3340 1154 dicebam,
3382 1108 3401 1139 ι
3452 1091 3505 1142 iu

1928 1195 2088 1233 manu
2126 1181 2505 1250 prophetarum
2543 1179 2870 1233 assimilatus
2904 1194 3045 1231 sum.
3089 1197 3109 1229 ι
3148 1178 3365 1232 Crimen
3402 1179 3503 1247 igi-

1929 1281 2018 1325 tur
2047 1270 2300 1340 Ephraim
2337 1281 2419 1325 est
2462 1274 2627 1339 quod,
2665 1271 2912 1340 quamvis
2950 1284 2978 1321 a
3017 1271 3361 1322 solemnitate
3396 1269 3507 1323 Ta-

246 1381 342 1434 πδν
384 1378 541 1448 ζυγὸν
593 1375 857 1448 βασιλέως
907 1369 1248 1433 Βαϐυλῶνος.
1282 1388 1301 1418 ι
1334 1366 1506 1422 Τοῦτό
1549 1368 1712 1429 ἐστιν,
1753 1366 1828 1429 ὡς

259 1474 408 1542 ἔφην,
457 1470 538 1534 τὸ,
575 1469 702 1521 ιἘν
752 1465 910 1537 χερσὶ
960 1460 1257 1535 προφητῶν
1309 1458 1617 1531 ὡμοιώοην.
1652 1477 1670 1511 ι
1699 1457 1829 1524 Ἔγ-

1926 1364 2339 1419 bernaculorum
2377 1365 2656 1418 evidenter
2689 1361 2986 1417 eductionis
3028 1363 3095 1415 de
3130 1361 3363 1431 rEgypto
3408 1364 3491 1416 ad-

1932 1468 2261 1522 moneretur,
2295 1455 2713 1511 obliviscebatur
2746 1463 2922 1508 tamen
2966 1453 3093 1516 Dei;
3133 1464 3186 1507 ct
3222 1455 3364 1524 quod
3401 1470 3505 1507 non

254 1566 438 1634 φίλημα
464 1561 527 1633 δὴ
553 1556 646 1613 οῦν
679 1557 756 1629 τῷ
775 1554 1035 1627 Ἑφραῒμ,
1065 1555 1147 1607 ὅτι
1195 1549 1373 1606 καίτοι
1401 1551 1546 1621 σαφῆ
1576 1548 1674 1620 τὴν
1700 1548 1829 1602 ὑπό-

1941 1548 2107 1613 potius
2137 1547 2310 1616 ipsum
2341 1547 2635 1616 qua:rebat,
2666 1557 2724 1600 ut
2754 1546 3059 1614 loquentem
3092 1546 3157 1597 ad
3191 1548 3505 1615 prophetas,

256 1668 456 1723 μνησιν
497 1650 634 1721 ἔχων
687 1646 796 1701 ὁ.πό
816 1662 880 1714 γε
926 1645 1022 1714 τῆς
1058 1642 1250 1715 ἑορτῆς
1299 1642 1397 1712 τῆς
1432 1639 1826 1710 σκηνοπηγίας,

1941 1647 1988 1691 ut
2017 1637 2252 1693 visiones
2287 1638 2762 1706 multiplicautem;
2798 1636 2890 1690 sed
2923 1635 3093 1705 decipi
3125 1651 3183 1689 se
3213 1653 3241 1688 ιι
3277 1639 3507 1705 pseudo-

263 1743 362 1812 τῆς
387 1740 559 1808 ἐξόδου
589 1739 691 1808 τῆς
722 1735 991 1806 Αἰγύπτου
1015 1731 1412 1803 γεγενημένης,
1442 1728 1833 1782 ἐπελανθάνετο

1941 1729 2216 1799 prophetis
2245 1739 2519 1797 pateretur
2544 1729 2723 1783 verbis
2751 1740 2805 1783 et
2838 1726 2992 1781 fat-tis
3018 1741 3137 1796 qua:
3164 1726 3257 1781 Dei
3291 1729 3521 1803 propria!

267 1830 421 1897 Θεοῦ,
446 1831 534 1885 καὶ⁵
552 1830 632 1883 ὅτι
654 1828 725 1899 μὴ
754 1825 950 1897 μᾶλλον
974 1823 1135 1878 αὑτὸν
1157 1823 1437 1892 ἐζήτησεν,
1461 1819 1536 1884 ὡς
1560 1818 1831 1873 λαλοῦντα

1941 1831 2064 1876 sunt
2091 1821 2497 1877 mentientibus.

270 1922 403 1997 πρὸς
443 1906 743 1993 προφήτας,
796 1919 871 1981 ὼς
920 1916 1142 1989 ὁράσεις
1190 1913 1609 1985 πεπληθυκότα,
1662 1912 1984 1983 προσέκειτο
2044 1914 2100 1968 δὲ
2173 1915 2373 1986 μᾶλλον
2398 1917 2517 1979 ταῖς
2558 1914 2667 1969 τῶν
2730 1914 3186 1989 ψευδοπροφητῶν
3246 1913 3507 1978 ἀπάταις,

270 2014 633 2085 πλαττομένων
656 2011 724 2066 τὰ
750 2012 846 2067 τοῦ
877 2011 1014 2066 Θεοῦ
1039 2011 1128 2065 διά
1151 2027 1212 2062 τε
1240 2009 1413 2077 λόγων
1436 2009 1530 2061 καὶ
1550 2005 1824 2078 πράξεων.

329 2109 398 2162 El
417 2105 501 2175 μὴ
554 2103 800 2158 Γαλαάδ
844 2105 1035 2168 ἐστιν,
1090 2097 1204 2171 ἄρα
1247 2100 1494 2172 ψευδεῖς
1549 2096 1714 2170 ἦσαν
1762 2099 1833 2152 ἐν

2017 2100 2177 2154 Vatis.
2218 2099 2301 2153 ll.
2344 2098 2402 2155 Si
2439 2098 2643 2154 σιτίααά
2678 2116 2780 2154 non
2815 2110 2921 2164 est,
2958 2115 3079 2153 num
3117 2097 3239 2168 [nisi
3274 2109 3421 2153 erant
3456 2100 3510 2152 in

1931 2190 2122 2261 Colgal
2152 2192 2407 2261 principes
2442 2192 2796 2257 immolantes,
2834 2203 2880 2245 et
2915 2191 3107 2246 altaria
3140 2208 3320 2245 eorum
3356 2192 3510 2261 quasi

1935 2284 2217 2338 testudines
2247 2299 2403 2351 super
2430 2285 2692 2338 desertum
2727 2284 2884 2352 agri?

2007 2372 2212 2429 CXLII.
2253 2374 2510 2429 Addictos
2542 2374 2691 2429 falsis
2714 2376 2925 2429 vatibus
2951 2384 3003 2428 et
3036 2372 3184 2427 falsis
3215 2373 3512 2442 prophetis,

1937 2465 2400 2533 ascendentesque
2428 2475 2481 2518 et
2513 2466 2884 2520 sacriﬁcantes
2915 2466 2966 2518 in
2998 2464 3202 2521 Galaad
3232 2474 3285 2520 et
3317 2465 3508 2536 Galgal

1937 2555 2024 2610 his
2056 2556 2237 2610 verbis
2278 2555 2639 2625 reprehendit.
2684 2556 3169 2611 Demonstrationis
3209 2570 3338 2624 ergo
3379 2559 3516 2611 duas

1938 2650 2098 2705 hasce
2122 2650 2374 2705 civitates
2398 2650 2739 2719 potissimum
2766 2651 2980 2721 accipit,
3009 2651 3060 2704 in
3086 2650 3281 2719 quibus
3304 2650 3518 2719 vigebat

1937 2742 2183 2797 seductio
2215 2742 2521 2809 enormins,
2555 2751 2609 2796 et
2640 2742 2816 2798 omnis
2852 2743 2989 2797 ratio
3021 2742 3240 2811 pietatis
3274 2751 3519 2797 contem-

257 2198 502 2269 Γαλγὰλ
540 2196 830 2266 ἄρχοντες
885 2194 1269 2261 θυσιάζοντες
1296 2232 1311 2258 ,
1359 2193 1459 2246 καὶ
1506 2192 1579 2247 τὰ
1626 2195 1835 2246 θυσια-

238 2289 470 2359 στήρια
497 2286 696 2341 αὐτῶν
727 2288 809 2353 ὡς
832 2285 1099 2357 χελῶναι
1136 2284 1235 2338 ἐπὶ
1262 2283 1486 2354 χέρσον
1510 2279 1729 2350 ἀγροῦ;

319 2381 500 2434 PMB'.
527 2381 653 2435 Ὅτι
724 2377 1082 2449 προσέκειντο
1124 2378 1236 2438 τοῖς
1278 2374 1701 2445 ψευδομάντεσιν
1743 2372 1837 2425 καὶ

243 2472 757 2542 ψευδοπροφήταις,
795 2466 1179 2529 ἀναϐαίνοντες
1239 2482 1300 2518 τε
1351 2464 1448 2518 καὶ
1492 2462 1707 2525 θύοντες
1758 2459 1839 2525 εἷς

245 2581 310 2616 τε
344 2562 448 2634 τὴν
507 2563 720 2617 Γαλαὰδ
758 2559 855 2614 καὶ
894 2558 1129 2628 Γαλγὰλ,
1161 2556 1452 2626 ἀπελέγχει
1481 2554 1569 2607 διὰ
1601 2554 1837 2607 τούτων’

241 2654 479 2723 δέχεται
502 2652 558 2706 δὲ
588 2653 722 2720 πρὸς
761 2647 1038 2713 ἀπόδειξιν
1074 2647 1171 2709 τὰς
1201 2644 1295 2698 δύο
1339 2644 1575 2715 μάλιστα
1613 2642 1844 2697 ταυτασὶ⁵

244 2744 469 2807 πόλεις,
504 2743 563 2795 ὲν
593 2735 681 2804 αἷς
717 2735 786 2813 ἢν
830 2737 1180 2807 ὲκτοπωτέρα
1214 2734 1321 2789 τῶν
1360 2734 1534 2789 ἄλλων
1564 2734 1598 2805 ἠ
1646 2733 1842 2804 πλάνη,

231 2833 343 2894 καὶ
388 2833 547 2896 ἄπας
595 2831 695 2903 μὲν
743 2831 944 2903 τρόπος
991 2829 1092 2898 τῆς
1122 2829 1202 2891 είς
1253 2826 1385 2881 Θεὸν
1423 2825 1702 2889 εὐσεϐείας
1732 2826 1838 2879 άπ-

1941 2832 2190 2899 nehatur,
2207 2833 2495 2903 omniaque
2511 2832 2946 2902 magniﬁcahant,
2966 2847 3085 2902 quae
3105 2832 3315 2885 animos
3338 2832 3520 2886 incen-

239 2927 646 2992 εσπουδὰξετο,
666 2925 849 2979 πάντα
876 2924 933 2977 δὲ
965 2918 1034 2993 ἦν
1055 2924 1112 2975 ὲν
1141 2921 1282 2992 λόγῳ
1308 2919 1376 2972 τὰ
1411 2917 1836 2990 παροτρύνοντα,

1942 2923 2154 2985 tierent,
2174 2934 2227 2979 et
2250 2931 2493 2979 extrema
2516 2932 2697 2979 essent
2724 2924 2881 2994 plena
2910 2922 3144 2978 insania.
3172 2922 3332 2994 176
3356 2922 3521 2992 Igitur

234 3020 334 3073 καὶ
368 3018 481 3090 τῆς
536 3019 618 3081 είς
649 3017 819 3086 άκρον
872 3013 1113 3083 ἡκούσης
1144 3010 1402 3074 ἀπονοίας
1434 3009 1676 3081 ἔμπλεω.
1726 3009 1837 3063 Καὶ

1941 3029 2098 3085 supra
2123 3018 2188 3071 de
2211 3014 2412 3072 Galaad
2441 3017 2578 3071 dixit
2604 3017 2782 3073 Deus:
2813 3034 2833 3067 ι
2861 3013 2935 3070 lbi
2962 3015 3281 3085 contempsit
3308 3030 3393 3069 me
3416 3000 3523 3070 Ga-

240 3109 373 3177 γοῦν
390 3110 454 3162 ὲν
471 3109 593 3170 τοῖς
618 3105 877 3177 ἀνωτέρω
905 3104 1036 3175 περὶ
1067 3104 1163 3173 μὲν
1185 3101 1284 3173 τῆς
1307 3102 1346 3154 Γ
1349 3099 1522 3155 αλαάδ
1541 3092 1800 3170 ἐφηίθεὸς
1823 3115 1835 3127 ·

1944 3106 2083 3171 laad,
2107 3107 2299 3163 civitas
2322 3123 2553 3177 operans
2572 3122 2710 3163 vana
2733 3108 2801 3173 ⁸⁸,
2832 3125 2852 3159 ι
2884 3109 2984 3162 hoc
3008 3115 3113 3173 est,
3139 3107 3304 3161 idola.
3330 3106 3523 3161 Incolae

242 3220 261 3249 ι
298 3199 456 3252 Ἐκεῖ
485 3192 870 3267 κατεφρόνησε
908 3210 1011 3263 μου
1048 3191 1282 3254 Γαλαὰδ,
1317 3190 1467 3256 πόλις
1496 3189 1838 3261 ἐργαζομένη

1944 3198 2088 3253 enim
2117 3199 2260 3253 illius
2288 3199 2552 3253 idolorum
2583 3199 2823 3254 artiﬁces
2848 3209 3022 3255 erant.
3051 3199 3125 3256 De
3156 3200 3324 3254 altera
3347 3214 3478 3254 vero
3506 3218 3519 3253 :

230 3293 474 3362 μάταια,
509 3308 530 3340 ι
571 3285 869 3348 τουτέστιν,
898 3283 1112 3338 εἴδωλα.
1147 3282 1524 3354 Πλαστουργοὶ
1550 3280 1660 3353 γὰρ
1692 3278 1838 3332 εἰδώ-

1950 3306 1970 3340 ι
2002 3288 2204 3345 Omnes
2234 3290 2487 3359 nequitiae
2512 3304 2700 3345 eorum
2731 3291 2783 3344 iu
2813 3290 3021 3361 Galgal,
3053 3292 3177 3361 quia
3208 3292 3278 3345 ibi
3310 3292 3395 3346 odi
3428 3306 3524 3346 eos

228 3382 337 3437 λων
366 3377 523 3453 ἦσαν
566 3379 616 3431 οἱ
645 3378 703 3429 ὲν
733 3377 890 3447 αὐτῇ.
913 3376 1047 3446 Περὶ
1078 3375 1134 3428 δέ
1157 3390 1219 3443 γε
1244 3375 1345 3444 τῆς
1374 3374 1569 3447 ἐτέρας
1590 3389 1602 3402 ·
1634 3374 1838 3428 «Πᾶσαι

1943 3388 2166 3448 propter
2187 3379 2419 3434 malitias
2447 3379 2886 3434 adinventionum
2914 3395 3101 3436 eorum
3124 3381 3188 3436 “.
3223 3401 3243 3433 ι
3275 3380 3388 3434 Non
3420 3383 3523 3435 erit

232 3474 282 3527 ei
332 3472 547 3526 κακίαι
603 3468 781 3524 αὐτῶν
813 3471 892 3532 είς
926 3467 1171 3537 Γαλγάλο
1209 3468 1292 3521 ὅτι
1336 3468 1453 3520 ἐκεῖ
1486 3466 1683 3530 αὐτοὺς
1727 3465 1838 3536 ἑμί-

1948 3469 2043 3524 abs
2071 3483 2128 3524 re
2153 3470 2408 3524 nonnulla
2441 3469 2683 3540 proferre
2715 3471 2766 3523 in
2802 3472 3053 3533 medium,
3083 3485 3203 3539 qua:
3229 3471 3525 3525 Galaaditis

227 3580 367 3635 σησα
400 3562 498 3615 διὰ
558 3558 670 3622 τὰς
710 3558 912 3622 κακίας
956 3558 1065 3610 τῶν
1108 3556 1556 3627 ἐπιτηδευμάτων
1596 3556 1791 3612 αὐτῶν.
1818 3575 1838 3607 ›

1948 3559 2255 3614 acciderunt
2292 3580 2306 3616 :
2339 3560 2419 3615 sic
2453 3562 2595 3613 enim
2632 3576 2821 3616 sensus
2850 3563 3135 3615 verborum
3169 3562 3522 3615 adducturum

232 3654 537 3707 Ἐπειπεϊν
581 3649 640 3704 δὲ
674 3650 971 3718 ἀναγκαῖον
1009 3648 1116 3702 τῶν
1160 3647 1582 3718 συμϐεϐηκότων
1631 3646 1755 3701 τινὰ
1778 3649 1838 3717 τῇ

1950 3650 2196 3719 liquebit.
2224 3649 2423 3704 lelas
2447 3661 2539 3701 rex
2573 3649 2937 3718 Assyriorum,
2971 3651 3061 3717 qui
3098 3650 3304 3717 primus
3337 3649 3525 3705 Sama-

1949 3742 2086 3795 riam
2133 3741 2356 3795 adortus
2400 3750 2515 3803 est,
2557 3740 2723 3794 veluti
2765 3740 3030 3809 primitias
3069 3742 3169 3795 sibi
3218 3740 3346 3797 fecit
3391 3744 3526 3799 duas

1954 3833 2128 3887 tribus
2157 3844 2306 3888 trans
2327 3832 2638 3898 Iordanem,
2664 3847 2961 3902 omnesque
2987 3847 3172 3887 earum
3204 3835 3365 3891 urbes
3397 3838 3527 3891 sub-

1952 3924 2096 3992 egit,
2124 3933 2178 3979 et
2209 3933 2335 3979 ante
2369 3924 2502 3981 alias
2533 3923 2752 3980 Galaad.
2791 3923 2992 3979 Horum
3024 3926 3171 3981 velut
3205 3928 3257 3981 in
3298 3929 3526 3984 transitu

1953 4014 2201 4070 meminit
2224 4015 2384 4080 Deus,
2407 4017 2593 4071 dicens
2618 4032 2631 4069 :
2664 4033 2683 4066 ι
2713 4014 2767 4068 Si
2797 4014 2997 4069 Galaad
3024 4030 3127 4069 non
3153 4026 3253 4071 est.
3286 4037 3306 4070 ι
3336 4019 3395 4072 Si
3423 4035 3528 4073 non

1954 4118 2058 4171 est,
2083 4108 2277 4177 inquit,
2302 4117 2357 4162 et
2384 4122 2527 4162 nunc
2557 4108 2703 4161 salva
2734 4122 2837 4161 non
2869 4117 2950 4161 est
2985 4107 3217 4174 Galaad;
3246 4112 3289 4163 si
3320 4118 3373 4164 et
3404 4126 3529 4182 per-

1957 4201 2045 4263 iit,
2078 4215 2181 4253 nou
2209 4208 2291 4253 est
2318 4214 2382 4254 ex
2412 4212 2474 4253 ea
2505 4199 2759 4268 Ephraim
2790 4201 3113 4270 redarguere
3140 4203 3521 4269 petulantiam,

1961 4290 2087 4360 quia
2129 4303 2271 4342 nunc
2312 4303 2415 4342 non
2451 4289 2686 4357 videtur;
2724 4305 2848 4344 nam
2888 4300 2941 4345 et
2978 4291 3345 4347 sacriﬁcantes
3384 4295 3532 4362 prin-

1963 4382 2111 4450 cipes
2141 4380 2193 4435 in
2224 4379 2410 4450 Galgal
2441 4381 2726 4437 mendaces
2756 4391 2933 4446 erant,
2963 4391 3018 4437 et
3052 4398 3155 4436 non
3184 4384 3316 4436 veri.
3347 4383 3531 4453 Gatgal

227 3743 631 3802 Γαλααδιτῶν.
662 3742 992 3811 Συνήσωμεν
1022 3739 1132 3811 γὰρ
1154 3737 1297 3792 οὓτω
1336 3738 1443 3791 τῶν
1469 3739 1846 3809 προκειμένων

224 3839 320 3892 τὸν
354 3837 516 3891 νοῦν.
543 3831 765 3895 Φούλας
807 3831 1056 3902 βασιλεὺς
1089 3828 1409 3902 Ἀσσυρίων,
1440 3829 1656 3899 πρῶτος
1680 3828 1848 3881 ὲλοὼν

229 3931 378 3985 κατὰ
406 3929 519 3999 τῆς
553 3925 902 3996 Σαμαρείας,
942 3922 1269 3993 πρωτόλειον
1307 3920 1496 3991 ὥσπερ
1525 3937 1576 3972 τι
1623 3918 1719 3984 τὰς
1757 3919 1850 3973 δύο

228 4021 408 4091 φυλὰς
439 4019 770 4087 ἐποιήσατο
799 4014 898 4077 τὰς
920 4012 1094 4083 πέραν
1118 4011 1214 4064 τοῦ
1245 4011 1530 4082 Ἰορδάνου,
1554 4010 1647 4063 καὶ
1671 4009 1851 4073 πάσας

228 4114 417 4168 αὐτῶν
465 4107 596 4165 εἷλε
639 4108 743 4171 τὰς
792 4106 998 4168 πόλεις,
1032 4106 1128 4157 καὶ
1156 4103 1264 4175 πρό
1292 4118 1357 4170 γε
1394 4101 1503 4155 τῶν
1538 4100 1714 4153 ἄλλων
1755 4100 1853 4172 τὴν

222 4206 474 4260 Γαλαὰδ.
516 4182 745 4256 τούτου
797 4195 1167 4268 διαμέμνηται
1218 4192 1384 4257 Θεὸς,
1437 4193 1514 4256 ὡς
1564 4193 1622 4243 ὲν
1674 4208 1853 4263 παρα-

224 4299 432 4371 δρομῇ,
472 4295 714 4364 λέγων·
759 4309 778 4340 ί
811 4289 875 4341 Ei
910 4288 987 4359 μὴ
1020 4284 1237 4340 Γαλαάδ
1256 4286 1426 4338 ἐστιν.
1458 4303 1476 4335 ι
1512 4284 1575 4337 Εἰ
1613 4283 1687 4356 μὴ
1719 4283 1853 4347 ἑστι,

223 4393 391 4464 φησὶ,
422 4390 531 4443 καὶ
562 4384 658 4457 μὴ
692 4381 924 4447 σώζεται
949 4379 1046 4433 νῦν
1070 4380 1104 4449 ή
1134 4377 1348 4432 Γαλαάδ
1367 4393 1381 4409 ο
1407 4378 1456 4431 εί
1476 4377 1572 4430 καὶ
1592 4376 1856 4440 ἀπόλωλε,

224 4489 324 4537 καὶ
341 4482 453 4535 οὐκ
477 4480 652 4533 ἐστιν
688 4474 746 4541 ἐξ
770 4474 939 4544 αὐτῆς
956 4472 1055 4543 τὴν
1084 4471 1178 4525 τοῦ
1209 4468 1451 4543 Ἐφρατμ
1477 4469 1693 4539 ἐλέγξαι
1719 4486 1838 4541 παρ

1957 4473 2211 4544 Oppidum
2237 4484 2318 4529 est
2346 4484 2492 4529 trans
2511 4471 2821 4541 Jordauem,
2845 4473 2898 4527 in
2920 4489 3083 4542 quam
3104 4474 3254 4544 parvi
3276 4486 3327 4528 et
3355 4477 3530 4542 magni

219 4575 433 4637 οινίαν,
459 4570 561 4625 διὰ
591 4567 662 4621 τδ
695 4565 771 4636 μὴ
805 4563 1036 4634 δρᾶσθαι
1066 4561 1208 4626 νυνὶ,
1242 4566 1348 4636 ἄρα
1376 4559 1472 4613 καὶ
1503 4561 1552 4613 οἱ
1584 4558 1835 4624 Ουσιάζον

1959 4566 2291 4622 conﬂuentes
2337 4582 2456 4623 sese
2503 4566 2818 4623 idololatriae
2864 4568 3113 4621 sordibus
3160 4567 3532 4636 inquinabant.

218 4685 318 4731 τες
361 4667 665 4732 ἄρχοντες
702 4657 759 4708 ὲν
791 4657 861 4726 τῇ
894 4653 1112 4722 Γαλγὰλ
1158 4652 1372 4723 ψευδεῖς
1418 4645 1581 4719 ἦσαν.
1627 4647 1722 4701 καὶ
1763 4648 1838 4701 of):

1959 4659 2143 4730 Itaque
2179 4661 2223 4716 si
2267 4676 2390 4715 non-
2411 4670 2493 4715 est
2533 4660 2752 4731 Galgal,
2788 4676 2915 4716 num
2956 4661 3078 4729 quis
3119 4661 3298 4714 dicere
3340 4660 3534 4723 audet,

216 4760 491 4831 ἀληθεῖς.
535 4748 772 4816 ruma
802 4747 858 4800 δὲ
887 4746 1041 4810 πόλις
1070 4745 1189 4799 ἐστὶ
1217 4744 1327 4798 τῶν
1359 4743 1625 4815 Ἰορδάνου
1662 4743 1837 4814 πέραν

1965 4750 2127 4804 etiam
2155 4750 2525 4805 sacriﬁcantes
2552 4751 2820 4825 principes
2849 4752 2901 4804 iu
2930 4750 3118 4820 Galgal
3149 4748 3313 4804 falsos
3337 4763 3400 4802 ac
3430 4763 3535 4801 nou

215 4857 278 4907 ἐν
391 4847 669 4920 μάλιστα
703 4838 1084 4910 συντρέχοντες
1118 4837 1307 4909 μικροὶ
1336 4835 1430 4891 καὶ
1465 4835 1710 4907 μεγάλοι,
1745 4836 1838 4888 τοῖ.

1962 4839 3535 4899 verosl‘uisse?..............

211 4947 322 5015 τῆς
377 4931 840 5002 εἰδωλολατρίας
885 4931 1238 5002 προσέκειντο
1285 4929 1601 5001 μολυσμοῖς.
1651 4927 1838 4980 Οὐκοῦ·

1964 4968 1981 4986 .
2049 4971 2066 4987 .
2136 4969 2152 4986 .
2218 4968 2235 4985 .
2306 4970 2321 4987 .
2389 4931 2601 4988 excelsa
2644 4941 2699 4987 et
2741 4933 3034 5001 conspicua
3079 4928 3384 4985 simulacris
3425 4928 3537 4982 eri~

210 5040 263 5090 εξ
304 5034 392 5107 μὴ
431 5029 611 5082 ἐστιν
633 5023 668 5093 ἡ
690 5021 919 5087 Γαλαὰδ,
951 5018 1062 5093 ἆρα
1077 5021 1161 5085 τίς
1179 5022 1327 5074 ἔστιν
1363 5021 1392 5074 ὁ
1420 5019 1588 5090 φάναι
1620 5017 1835 5088 τολμῶν

1963 5033 2153 5094 gentes
2188 5022 2410 5087 altaria,
2443 5023 2638 5078 similia
2677 5023 3033 5078 testudinibus
3071 5022 3125 5075 in
3160 5034 3310 5088 agro.
3342 5019 3528 5074 Testu-

207 5132 300 5184 ὅτι
338 5126 452 5179 καί
500 5118 559 5172 οἱ
602 5112 956 5177 θυσιάζοντες
989 5113 1249 5184 ἄρχοντες
1287 5113 1365 5174 εἰς
1402 5109 1619 5178 Γαλγὰλ
1646 5108 1838 5178 ψευδεῖς

1965 5116 2117 5171 dines
2145 5129 2265 5170 esse
2294 5115 2456 5179 dicit,
2484 5130 2591 5170 non
2624 5115 2712 5170 illa
2743 5114 3026 5180 animalia,
3060 5126 3189 5166 cave
3224 5122 3410 5180 putes;
3441 5112 3536 5167 sed

210 5214 396 5288 ἦσαν,
450 5207 566 5262 καὶ
621 5201 729 5254 οὐκ
761 5200 1015 5271 ἁληθεῖς;
1092 5238 1109 5255 .
1187 5237 1203 5255 .
1282 5239 1295 5254 .
1378 5241 1391 5253 .
1473 5235 1488 5252 .
1566 5236 1581 5251 .
1662 5235 1675 5248 .
1755 5233 1770 5249 .

1967 5222 2189 5279 aggeres
2221 5207 2512 5266 excitatos.
2544 5221 2679 5275 quos
2709 5207 2928 5276 quidam
2960 5206 3025 5258 ad
3056 5218 3250 5272 aquam
3287 5204 3337 5258 in
3372 5205 3538 5259 colles

212 5399 419 5471 ὑψηλά
444 5437 461 5462 ,
524 5390 640 5446 καὶ
698 5386 1016 5440 ἁπόδλεπτα
1060 5387 1175 5447 τοῖς
1236 5384 1497 5453 γλυπτοῖς
1552 5379 1866 5443 ἀνιστάντες

211 5492 668 5563 θυσιαστήρια,
732 5484 991 5554 χελώναις
1040 5485 1097 5537 ὲν
1149 5482 1250 5552 ἴσῳ
1305 5481 1424 5541 ταῖς
1471 5477 1591 5530 κατ’
1640 5477 1860 5546 ἀγρούς.

1966 5300 2313 5354 derivandam
2351 5298 2555 5352 faciunt
2586 5317 2599 5353 :
2635 5299 2915 5352 innumera
2949 5297 3093 5350 enim
3130 5295 3430 5364 huiusmodi
3469 5298 3539 5353 alt

1965 5389 2217 5460 agricolis
2254 5390 2483 5443 solerter
2514 5390 2815 5456 excogitata
2856 5396 3001 5442 sunt.
3041 5386 3318 5459 Principes
3357 5400 3536 5444 autem

1969 5482 2344 5535 sacriﬁcantes
2363 5480 2623 5547 nominat,
2645 5488 2734 5533 aut
2762 5478 3019 5535 exercitui
3051 5480 3337 5551 praefectos
3360 5492 3410 5537 et
3432 5482 3539 5536 dis-

285 5683 338 5715 “
385 5677 512 5735 Jer.
556 5682 742 5737 XXVII,
770 5669 820 5723 ξ’..
903 5668 944 5699 ⁶δ
987 5667 1094 5723 Jer.
1135 5679 1324 5726 xxviii,
1361 5663 1442 5716 ll.
1522 5664 1562 5693 “
1603 5659 1723 5716 Ose.
1756 5676 1826 5726 vi,
1862 5660 1988 5724 7,8.
2026 5658 2067 5687 ⁸⁵
2108 5657 2229 5712 Osc.
2268 5655 2456 5719 H.135.
