4034 6270
483 364 591 426 295
1475 361 1534 418 S.
1576 359 1854 418 CYIIILLI
1891 360 2362 418 ALEXANDRINI
2402 358 2724 418 ARCHIEP.
3651 356 3758 416 296

484 475 698 548 ciplinze
734 473 983 530 militaris
1015 473 1213 542 duces;
1263 481 1356 527 aut
1390 482 1538 528 certe
1586 488 1652 529 ex
1686 474 1890 530 familia
1928 474 2058 531 Levi

2184 475 2422 540 Κελώνας
2457 475 2516 528 δὲ
2561 471 2702 529 εἶναί
2736 491 2925 545 φησιν,
2956 473 3078 544 οὐχὶ
3109 472 3174 545 δὴ
3201 471 3272 527 τὰ
3310 471 3445 538 ζῶα,
3481 471 3557 543 μὴ
3599 471 3761 526 τοῦτο

482 577 819 636 procreatos,
855 579 1017 636 penes
1060 579 1195 632 quos
1240 576 1358 619 erat
1403 580 1471 619 ex
1518 564 1635 636 lege
1679 567 2010 635 principatus
2047 583 2062 619 :

485 672 610 716 nam
640 665 694 710 et
723 654 847 722 ipsi,
885 667 1004 706 cum
1033 653 1154 708 aliis
1187 653 1353 721 lapsi,
1389 655 1695 708 servierunt
1731 656 2066 725 sculptilibus

484 759 588 797 non
628 743 781 813 pauci
820 757 1068 796 numero.
1113 743 1382 812 Scriptum
1425 754 1505 798 est
1553 744 1720 814 igitur
1753 747 1892 814 apud
1931 745 2065 800 Eze-

481 836 705 890 chielem
732 855 745 888 :
772 853 790 886 ι
822 833 946 890 Ideo
968 835 1086 890 haac
1107 836 1236 890 dicit
1261 835 1548 893 Dominus:
1568 837 1757 892 Omnis
1780 838 2068 892 liliusalic-

482 927 674 994 nigena
713 927 1128 982 incircumcisus
1167 928 1331 983 corde
1357 936 1413 981 et
1441 927 1856 984 incircumcisus
1881 943 2066 996 carne,

481 1031 587 1069 non
629 1016 962 1085 ingredietur
998 1017 1050 1070 in
1094 1026 1283 1071 sancta
1328 1031 1446 1070 mea
1497 1017 1549 1071 in
1594 1017 1848 1074 omnibus
1883 1018 2071 1073 alieni-

481 1108 632 1176 genis
667 1108 758 1176 qui
795 1118 920 1162 sunt
955 1108 1009 1162 in
1047 1107 1224 1162 medio
1258 1108 1450 1163 domus
1486 1107 1683 1174 Israel;
1717 1109 1809 1164 sed
1844 1107 2068 1175 Levitte,

389 1200 396 1203 “
482 1202 574 1266 qui
605 1200 937 1254 resiluerunt
967 1215 994 1252 a
1027 1214 1144 1266 me,
1176 1215 1299 1253 cum
1334 1208 1546 1254 erraret
1578 1198 1742 1255 Israel
1771 1216 1799 1254 a
1834 1216 1920 1255 me
1953 1211 2073 1270 post

481 1291 842 1357 cogitationes
863 1306 1009 1355 suas,
1034 1301 1088 1345 et
1110 1292 1376 1360 accipient
1401 1291 1746 1361 iniquitatem
1770 1308 1924 1348 suam
1945 1293 2010 1347 ⁸⁷.
2044 1311 2063 1344 ι

2171 565 2424 636 νομίσῃς,
2455 564 2594 619 ἀλλά
2627 565 2737 636 γὰρ
2785 566 2884 628 τὰς
2919 565 3027 617 τῶν
3065 564 3336 635 χωμάτων
3377 563 3651 634 ἐγέρσεις,
3693 563 3762 625 ἃς

2174 657 2411 710 ποιοῖντό
2464 673 2642 722 τινες,
2698 659 2778 722 εἰς
2827 657 3051 728 βουνοὺς
3097 655 3578 727 ἀναλαμϐάνοντες
3634 656 3764 718 τοὺς

2175 749 2544 821 ὑδραγωγούς.
2595 749 2782 820 Μυρία
2823 749 2878 802 δὲ
2933 750 3035 803 ὅσα
3081 748 3308 802 τοιαῦτα
3354 750 3463 810 τοῖς
3497 746 3764 816 γηπόνοις

2174 840 2558 895 ἐσπούδασται.
2589 840 2890 912 ’Λρχοντας
2918 840 2974 894 δέ
3006 857 3138 910 φησι
3160 839 3514 904 θυσιάζοντας
3540 839 3574 908 ἦ
3607 854 3765 906 στρα-

2173 931 2400 1000 τηγοὺς,
2425 933 2520 985 καὶ
2555 932 2662 986 τῶν
2695 933 2972 988 τακτικῶν
2997 917 3356 1004 ἡγουμένους,
3395 931 3428 1000 ἢ
3467 929 3599 1000 γοῦν
3638 928 3764 992 τοὺς

2177 1023 2237 1088 ἐξ
2273 1026 2505 1094 αἵματος
2549 1024 2702 1092 Λευῖ,
2741 1027 2843 1098 τὴν
2892 1029 2956 1080 ἐκ
2985 1026 3148 1096 νόμου
3191 1025 3524 1097 φρονοῦντας
3557 1024 3761 1092 ἡγεμο-

2171 1116 2311 1170 νίαν.
2346 1116 2765 1172 Συναπώλισθον
2794 1118 2905 1190 γὰρ
2941 1118 3036 1172 καὶ
3082 1118 3238 1171 αὐτοὶ
3276 1119 3387 1181 τοῖς
3429 1114 3633 1179 ἄλλοις.
3669 1112 3766 1164 καὶ

2172 1207 2566 1282 λελατρεύκασι
2606 1214 2717 1274 τοῖς
2745 1210 3006 1279 γλυπτοῖς
3038 1210 3140 1263 οὐκ
3181 1208 3352 1276 ὀλίγοι
3377 1207 3469 1260 τὸν
3503 1202 3741 1276 ἀριθμόν

2173 1294 2487 1366 Γέγραπται
2539 1293 2632 1352 οῦν
2658 1299 2716 1352 ἐν
2747 1297 2826 1369 τῷ
2883 1297 3186 1369 Ίεξεκιήλῇ
3231 1313 3249 1348 t
3283 1297 3382 1351 Διὰ
3430 1294 3594 1348 τοῦτο
3637 1291 3760 1344 τάδε

478 1373 630 1451 λέγει
658 1383 862 1456 Κύριος
887 1387 915 1437 ὁ
945 1384 1108 1444 Θεός·
1130 1383 1249 1448 Πᾶς
1317 1386 1431 1449 υίὸς
1463 1386 1762 1471 ἀλλογενὴς
1830 1388 2202 1461 ἀπερίτμητος
2267 1391 2486 1462 καρδίᾳ,
2519 1392 2612 1444 καὶ
2634 1391 3008 1462 ἀπερίτμητος
3048 1393 3238 1463 σαρκὶ,
3272 1391 3372 1444 οὐκ
3394 1385 3764 1442 εἰσελεύσεται

482 1477 562 1537 είς
599 1475 667 1528 τὰ
701 1476 833 1542 ἅγιά
885 1493 1010 1546 μου,
1064 1476 1122 1532 ἐν
1163 1477 1332 1529 πᾶσιν
1383 1478 1518 1541 υἱοῖς
1571 1477 1875 1546 ἀλλογενῶν
1901 1518 1916 1544 ,
1972 1479 2084 1533 τῶν
2153 1480 2322 1535 ὄντων
2353 1484 2410 1534 ἐν
2453 1482 2602 1552 μέσῳ
2633 1483 2782 1535 οἴκου
2826 1481 3078 1552 Ἰσραήλ·
3119 1480 3295 1552 ἀλλ’ἢ
3355 1481 3406 1531 οἱ
3438 1472 3683 1538 Λευῖται,
3715 1471 3769 1522 οἵ

480 1584 624 1632 τινες
645 1567 920 1639 ἀφήλαντο
951 1568 1043 1620 ἀπ’
1063 1567 1198 1638 ἐμοῦ
1223 1570 1282 1620 ἐν
1310 1569 1388 1640 τῷ
1408 1568 1714 1624 πλανᾶσθαι
1736 1569 1826 1623 τὸν
1853 1570 2074 1644 Ἰσραὴλ
2110 1572 2207 1626 ἀπ’
2235 1571 2394 1644 ἐμοῦ,
2449 1572 2777 1626 κατόπισθεν
2839 1573 2948 1626 τῶν
2977 1573 3380 1644 ἐνθυμημάτων
3429 1567 3635 1630 αὐτῶν,
3668 1561 3766 1616 καὶ

481 1657 742 1728 λήψονται
765 1656 864 1726 τὴν
887 1656 1099 1710 ἀδικίαν
1122 1657 1319 1711 αὐτῶν.
1343 1681 1361 1713 ι

555 1749 717 1802 Vens.
755 1747 841 1800 12.
877 1747 942 1799 Et
981 1749 1189 1801 recessit
1223 1747 1389 1802 Jacob
1423 1748 1478 1802 in
1515 1765 1756 1819 campum
1790 1748 1987 1820 Syria’,
2021 1762 2069 1806 et

2243 1749 2350 1803 Καὶ
2381 1749 2769 1819 ἀνεχώρησεν
2797 1744 2996 1801 Ἰακὼϐ
3028 1747 3116 1812 είς
3147 1743 3359 1798 πεδίον
3384 1745 3629 1813 Συρίας,
3663 1747 3762 1799 καί

467 1843 688 1896 servivit
721 1838 892 1893 Israel
923 1839 976 1893 in
1009 1856 1191 1907 uxore,
1224 1847 1273 1894 et
1306 1843 1360 1894 in
1396 1856 1557 1896 uxore
1589 1843 1892 1898 custodiuit.

560 2066 716 2136 177
757 2063 979 2119 CXLIII.
1021 2062 1102 2116 Ad
1135 2062 1375 2133 primmvi
1432 2061 1600 2133 patris
1652 2063 2066 2134 germanitatem

487 2160 914 2225 bonitatemque,
951 2165 1007 2208 et
1031 2169 1098 2208 ex
1136 2171 1201 2209 eo
1245 2155 1652 2225 progenitorum
1682 2154 1968 2208 stultitiam
2017 2165 2074 2210 et

487 2251 818 2320 impietatem
851 2245 1301 2302 considerandam
1334 2247 1494 2307 redit,
1520 2255 1575 2300 et
1615 2246 1756 2302 illius
1791 2248 1846 2300 in
1888 2249 2072 2316 parvis

490 2344 651 2396 rebus
717 2339 1059 2394 tolerantiam
1133 2337 1282 2392 velut
1334 2337 1659 2391 admiratur.
1706 2338 1910 2393 Deinde
1950 2352 2069 2394 eam

492 2435 662 2503 ipsam
692 2432 756 2486 ad
792 2430 1272 2500 reprehensionem
1330 2428 1557 2498 ignaviae
1603 2429 1788 2484 decem
1828 2430 2064 2484 tribuum

491 2526 544 2579 in
601 2525 761 2579 rebus
817 2523 1070 2577 maximis
1145 2522 1542 2576 accommodat.
1606 2520 1885 2587 Quomodo
1924 2522 2068 2576 enim

491 2632 596 2681 non
650 2628 795 2670 esset
827 2613 1172 2669 admirationi
1205 2613 1373 2668 Iacob
1394 2653 1408 2679 ,
1446 2614 1537 2684 qui
1570 2614 1705 2668 adeo
1733 2615 1988 2670 molestos
2017 2622 2073 2670 et

492 2708 580 2760 vix
613 2705 951 2760 sulferendos
984 2704 1192 2760 labores
1233 2704 1506 2767 exhausit,
1543 2713 1597 2759 et
1624 2717 1844 2773 propter
1877 2719 2073 2760 uxores

491 2795 766 2854 ducendas
845 2794 1168 2850 mercenarii
1256 2793 1374 2849 loco
1450 2793 1632 2850 Laban
1701 2795 1911 2849 servire
1965 2809 2072 2849 non

494 2889 767 2944 recusavit
791 2887 878 2941 “‘I
911 2886 1018 2941 Sed
1053 2886 1300 2954 quamvis
1354 2885 1512 2953 primi
1558 2886 1801 2953 parentis
1869 2899 2074 2938 merces

495 2982 691 3050 exigua
723 2979 902 3041 fuerit,
935 2978 1266 3031 connubium
1319 2976 1594 3042 videlicet,
1627 2984 1685 3030 ut
1723 2975 1854 3040 dixi,
1897 2984 2075 3030 custo-

498 3069 630 3123 divit
665 3077 858 3130 tamen,
887 3076 942 3122 et
973 3065 1207 3120 servavit
1244 3064 1425 3133 ﬁdem,
1455 3068 1544 3135 qui
1585 3065 1632 3120 ei
1671 3065 2074 3120 matrimonium

498 3161 768 3230 promisit.
825 3158 1114 3213 Laboravit
1167 3167 1344 3212 autem
1395 3173 1498 3211 non
1545 3173 1642 3227 pro
1711 3158 1921 3227 patria,
1981 3167 2075 3211 aut

502 3263 669 3317 terra,
702 3261 793 3304 aut
834 3251 992 3306 domo
1031 3264 1128 3305 sua
1171 3267 1186 3316 ;
1233 3250 1326 3304 sed
1373 3253 1601 3315 advena,
1629 3258 1685 3304 et
1717 3249 1766 3302 in
1796 3249 2079 3318 peregrina

501 3345 722 3412 regione
769 3355 1130 3397 commorans.
1179 3339 1245 3394 Et
1290 3339 1412 3394 talis
1451 3341 1672 3410 quidem
1730 3349 1847 3394 erat
1891 3338 2079 3394 Jacob.

505 3434 796 3488 Videamus
824 3448 968 3486 nunc
1000 3444 1221 3500 peccata
1255 3441 1596 3500 posterorum
1652 3429 1831 3485 Israel.
1864 3429 1978 3485 Non
2026 3430 2080 3483 in

503 3527 736 3581 alienam
791 3513 1064 3594 regionem
1123 3523 1299 3588 missi,
1331 3523 1425 3578 sed
1477 3524 1532 3578 in
1584 3537 1648 3577 ea
1701 3537 1860 3591 quam
1917 3520 2084 3576 armis

501 3625 842 3685 comparant,
866 3615 1110 3670 collocati
1148 3624 1313 3679 sunt;
1346 3623 1402 3668 et
1435 3627 1557 3668 cum
1607 3611 1875 3683 Egyptiis
1913 3610 2084 3666 servi-

505 3717 664 3773 rent,
705 3708 1069 3776 sudorumque
1109 3721 1330 3762 suorum
1389 3704 1593 3760 nullam
1634 3703 1937 3758 mercedem
1988 3717 2083 3756 ac-

503 3805 770 3873 ciperent,
809 3801 1101 3871 aliquando
1140 3803 1338 3856 virtute
1389 3799 1484 3854 Dei
1539 3813 1570 3854 e
1628 3799 1848 3869 regione
1905 3799 2086 3868 oppri-

504 3895 765 3951 mentium
791 3910 852 3949 se
879 3895 1346 3958 discesserunt,ct
1392 3891 1448 3946 in
1475 3901 1620 3946 terra
1666 3891 1909 3960 patribus
1956 3905 2084 3961 pro-

506 3987 675 4042 missa
729 3986 1113 4041 consederunt.
1160 3984 1275 4039 Non
1317 3985 1384 4038 iis
1436 3983 1635 4050 nuptiae
1693 3997 1816 4038 cum
1869 3982 2088 4036 mulier-

503 4080 664 4144 cula,
727 4087 784 4132 ut
828 4078 1068 4149 captanti
1150 4076 1365 4147 nuptias
1446 4075 1716 4130 mercedis
1779 4076 1900 4129 loco
1961 4083 2088 4128 sunt

504 4170 792 4240 proposita:
821 4185 836 4235 ;
862 4170 954 4225 sed
989 4168 1165 4224 omnis
1186 4167 1312 4222 boni
1339 4165 1491 4236 copia
1520 4163 1723 4235 potius,
1746 4171 1889 4219 terra
1910 4162 2086 4216 ﬂuens

507 4265 647 4317 lacte
687 4271 743 4316 et
804 4261 991 4328 melle,
1036 4259 1323 4314 debellatio
1383 4256 1853 4321 adversariorum,
1917 4254 2087 4324 gloria

505 4364 562 4410 et
591 4353 810 4417 divitize,
837 4361 892 4404 et
919 4351 1046 4405 hinc
1083 4349 1458 4417 promanantia
1498 4350 1715 4414 decora,
1739 4357 1792 4402 et
1817 4346 1945 4415 quid
1979 4360 2083 4398 non

508 4444 751 4507 tandem,
813 4441 956 4509 quod
995 4439 1062 4492 ad
1094 4437 1307 4493 felicem
1362 4448 1563 4492 statum
1597 4437 1929 4504 deliciasque
1961 4449 2084 4503 spe-

505 4536 728 4593 ctaret?
781 4533 888 4588 Sed
942 4546 1048 4586 non
1112 4530 1503 4585 custodierunt.
1554 4528 1899 4597 Transgressi
1958 4535 2085 4580 sunt

506 4627 678 4689 enim,
707 4623 1010 4680 custodiam
1045 4620 1202 4690 plane
1230 4621 1283 4674 in
1323 4618 1562 4673 minimis
1593 4625 1872 4686 ponentes.
1911 4615 2086 4670 Mani-

507 4719 705 4777 festum
740 4714 926 4783 igitur,
955 4709 1271 4779 longissime
1307 4723 1336 4762 a
1369 4718 1582 4776 patrum
1615 4705 1882 4773 probitate
1911 4719 2087 4758 remo-

509 4821 613 4874 tos,
665 4820 767 4860 nec
793 4802 898 4858 illis
955 4801 1241 4868 impertita:
1273 4799 1459 4868 gratia:
1527 4797 1800 4868 principes
1842 4795 2087 4862 futuros;

501 4899 684 4969 justus
735 4903 817 4951 est
849 4893 990 4948 enim
1019 4890 1207 4958 judex.

576 4989 744 5046 Vens.
780 4988 867 5042 15.
904 4983 974 5038 Ει
1024 4984 1078 5037 in
1110 4982 1360 5051 propheta
1387 4980 1565 5034 eduxit
1614 4977 1867 5033 Dominus
1905 4977 2085 5034 Israe—

507 5083 609 5143 lem
657 5097 722 5135 ea:
771 5088 910 5135 terra
944 5075 1164 5145 Egypti
1191 5113 1208 5139 ,
1242 5082 1289 5126 et
1320 5074 1376 5125 in
1421 5070 1674 5140 prop/tcta
1711 5077 1944 5123 servatus
1985 5079 2084 5123 est.

578 5171 807 5230 CXLIV.
851 5170 965 5225 IIoc
1017 5169 1136 5222 loco
1199 5180 1417 5220 causam
1484 5162 1637 5216 nobis
1689 5161 1863 5229 aperit
1919 5174 2087 5228 quare

511 5263 678 5320 Israel
704 5263 1082 5333 praescriptum
1116 5257 1218 5312 sibi
1253 5255 1567 5309 mandatum
1623 5269 1726 5307 non
1761 5251 2084 5314 servaverit,

512 5365 567 5409 et
618 5356 782 5410 Deum
813 5351 1218 5422 cmitempserit,
1267 5348 1555 5400 dicentem:
1595 5364 1612 5396 ι
1647 5343 1764 5398 Νοιι
1794 5353 1954 5397 erunt
1997 5341 2091 5394 tibi

515 5446 586 5499 dii
626 5445 716 5498 alii
763 5457 960 5514 praeter
998 5459 1083 5499 me
1112 5442 1180 5505 θ’,
1215 5460 1234 5494 ›
1292 5450 1348 5494 et
1389 5453 1556 5506 quare
1619 5436 1817 5491 eximia
1881 5439 2094 5501 patrum

517 5539 697 5594 studia
724 5537 962 5590 mmulari
1001 5537 1255 5592 noluerit.
1307 5533 1572 5602 Oltjttrgat
1635 5529 1780 5583 enim
1824 5524 2093 5581 Israelitas

518 5627 658 5697 quod
693 5639 752 5679 se
788 5623 1020 5679 humano
1070 5641 1234 5693 regno
1270 5641 1334 5678 cx
1382 5637 1504 5677 asse
1563 5619 1922 5686 subiicerent,
1971 5627 2092 5667 cum

590 5803 632 5838 "
675 5800 872 5860 Ezccb.
910 5814 1049 5864 λων,
1082 5799 1230 5855 9-10.
1310 5801 1351 5832 δι’
1395 5798 1527 5852 Gen.
1563 5811 1712 5862 XXIX,
1739 5793 1831 5845 9.0.

2171 1842 2543 1915 ἐδούλευσεν
2587 1839 2838 1910 Ἰσραὴλ
2869 1839 2940 1893 ὲν
2976 1837 3236 1909 γυναικί,
3287 1837 3386 1890 καί
3417 1837 3486 1890 ἐν
3522 1837 3763 1906 γυναικί

2171 1935 2538 2003 ἐφυλάξατο.

2241 2024 2419 2081 PMI".
2463 2026 2782 2080 ’Υπονοστεῖ
2808 2024 2873 2097 δὴ
2921 2022 3084 2077 πάλιν
3111 2023 3140 2076 ὁ
3182 2021 3342 2090 λόγος
3387 2023 3467 2085 εἰς
3523 2021 3763 2092 βάσανον

2172 2121 2272 2191 τῆς
2301 2138 2361 2172 τε
2393 2119 2487 2172 τοῦ
2517 2119 2864 2190 προπάτορος
2916 2117 3274 2188 γνησιότητος
3297 2115 3391 2169 καὶ
3429 2115 3763 2177 ἐπιεικείας,

2172 2213 2392 2283 καὶτῆς
2428 2212 2535 2266 τῶν
2566 2212 2626 2277 ἐξ
2659 2211 2822 2264 αὐτοῦ
2860 2211 3162 2279 γεγονότων
3197 2207 3522 2279 σκαιότητος
3555 2222 3616 2258 τε
3669 2206 3766 2258 καὶ

2171 2304 2510 2367 δυσσεὸείας.
2541 2303 2823 2373 Θαυμάζει
2847 2303 2903 2355 δὲ
2937 2301 3128 2372 ῶσπερ
3155 2301 3214 2354 τὸ
3243 2300 3336 2353 ἐπὶ
3370 2301 3593 2369 μικροῖς
3624 2296 3769 2348 ὲκεί-

2173 2414 2264 2450 νου
2298 2395 2595 2467 τληπαθὲς,
2630 2391 2747 2447 εἶτα
2777 2393 3087 2466 παραφέρει
3119 2392 3177 2446 τὸ
3207 2391 3398 2462 χρῆμα
3436 2391 3575 2458 πρὸς
3613 2389 3769 2455 ελεγ·

2172 2505 2267 2559 χον
2296 2491 2395 2559 τῆς
2448 2487 2542 2540 ἐπὶ
2598 2487 2875 2557 μεγίστοις
2928 2483 3198 2555 ῥᾳθυμίας
3236 2483 3344 2536 τῶν
3386 2482 3523 2534 δέκα
3557 2480 3766 2548 φυλῶν.

2175 2579 2297 2642 Πῶς
2326 2579 2434 2649 γὰρ
2463 2578 2562 2631 οὐκ
2590 2577 2656 2631 ἂν
2685 2576 2948 2645 ἀγάσαιτό
2995 2593 3078 2638 τις
3107 2575 3196 2628 τὸν
3237 2572 3452 2638 Ἰακὼϐ,
3485 2572 3582 2626 τὸν
3626 2572 3769 2625 οὕτω

2174 2670 2370 2740 πικρὸν
2436 2669 2530 2723 καὶ
2572 2667 2849 2721 δύσοιστον
2879 2665 3182 2719 ἁνατλάντα
3227 2664 3411 2726 πόνον,
3464 2662 3646 2716 καὶτὸ
3673 2661 3768 2731 θη-

2173 2761 2350 2814 τεύειν
2375 2760 2454 2831 τῷ
2481 2760 2666 2814 Λάὃαν
2691 2759 2749 2811 ού
2785 2757 3268 2828 παραιτησάμενον
3302 2757 3396 2810 ἐπὶ
3416 2756 3642 2824 γυναιξί
3676 2758 3770 2809 καὶ

2174 2852 2408 2922 γάμοις;
2451 2849 2590 2903 Ἀλλ’
2646 2851 2693 2902 εἰ
2737 2849 2830 2902 καὶ
2867 2847 3062 2918 μικρὸς
3109 2847 3304 2917 κομιδῇ
3354 2849 3711 2919 προπάτορος
3744 2849 3771 2899 ὁ

2179 2945 2370 3016 μισθὸς
2403 2945 2600 3015 (γάμος
2640 2939 2742 3014 ἦν,
2785 2943 2861 3006 ὡς
2889 2943 3070 3012 ἔφην),
3119 2942 3258 3012 πλὴν
3306 2939 3618 3009 ἐφυλάξατο
3675 2937 3770 2992 καὶ

2176 3037 2445 3106 τετήρηκε
2491 3036 2588 3106 τὴν
2639 3035 2820 3088 πίᾶτιν
2867 3033 2944 3103 τῷ
2999 3034 3090 3086 τὸν
3141 3033 3318 3103 γάμον
3366 3030 3766 3102 ὑπεσχημένῳ.

2103 3156 2144 3214 c
2179 3126 2461 3194 Πεπόνηκε
2485 3125 2542 3176 δὲ
2570 3123 2692 3177 οὐδὲ
2715 3124 2806 3176 ἐπὶ
2828 3122 3032 3185 οἰκείας
3057 3121 3264 3184 πόλεως
3285 3121 3314 3190 ἢ
3337 3120 3455 3189 γῆς,
3483 3119 3519 3189 ἢ
3547 3119 3771 3183 ἑστίας,

2179 3216 2292 3271 ἀλλ’
2327 3216 2401 3270 ῶν
2429 3214 2725 3285 ἐπηλύτης,
2749 3215 2843 3268 καὶ¹
2866 3213 3156 3285 διατρίϐων
3186 3215 3271 3266 ἐπ’
3294 3211 3628 3281 ἀλλοδαπῆς.
3658 3212 3773 3264 Καὶ

2180 3303 2248 3379 ἦν
2281 3307 2381 3377 μὲν
2418 3305 2659 3368 τοιοῦτος
2684 3307 2711 3357 ὁ
2747 3301 2962 3368 Ἰακὼϐ,
2999 3303 3194 3373 ἴδωμεν
3239 3301 3294 3355 δὲ
3341 3301 3437 3355 καὶ
3464 3301 3534 3354 τά
3563 3302 3676 3354 τῶν
3716 3302 3778 3367 ἐξ

2195 3400 2411 3472 Ἰσραὴλ
2438 3399 2775 3468 ἐγκλήματα.
2811 3398 2925 3449 Οῦκ
2953 3398 3032 3459 εἰς
3066 3396 3278 3448 ὀθνείαν
3313 3394 3602 3464 ἐπέμπετο
3637 3394 3775 3464 γῆνο

2182 3494 2295 3548 ἀλλ’
2331 3495 2387 3544 ἐν
2427 3493 2754 3564 δορυκτήτου
2792 3489 2956 3559 μοίρᾳ
2999 3487 3268 3556 κείμενος,
3317 3485 3570 3555 Θητεύων
3611 3487 3782 3554 Αἰγυ-

2183 3565 2384 3650 πῶις,
2416 3584 2508 3636 καὶ
2537 3581 2768 3652 ἄμισθον
2799 3580 3083 3649 ὑπομένων
3116 3577 3336 3647 ἱδρῶτα,
3375 3576 3512 3628 ποτέ
3547 3577 3781 3646 δυνάμει

2183 3677 2320 3731 Θεοῦ
2350 3679 2449 3746 τῆς
2477 3677 2585 3729 τῶν
2628 3673 3094 3728 πλεονεκτούντων
3142 3669 3424 3740 ἀπήλλαξε
3475 3686 3540 3722 τε
3571 3668 3780 3739 χώρας,

2185 3769 2282 3823 καὶ
2311 3767 2562 3830 ἐκάθιζεν
2592 3767 2671 3828 εἰς
2699 3766 2802 3835 γῆν
2833 3764 2930 3834 τὴν
2952 3765 3063 3824 τοῖς
3108 3759 3382 3832 πατράσιν
3421 3758 3779 3828 ἐπηγγελμέ-

2185 3879 2303 3931 νην.
2354 3860 2426 3912 Οὐ
2477 3857 2651 3926 γάμος
2688 3852 2756 3927 ἦν
2808 3853 2958 3924 αὐτῷ
3007 3853 3232 3922 γυναίου
3291 3851 3669 3922 προκείμενος
3703 3849 3775 3910 εἰς

2185 3949 2514 4012 ἀντὲκτισιν,
2553 3949 2629 4010 ὡς
2688 3944 3014 4016 τετηρηκότι
3057 3944 3149 3996 τὸν
3186 3942 3388 4012 γάμον,
3437 3942 3684 4012 χορηγία
3721 3940 3770 3990 δέ

2191 4041 2388 4112 μᾶλλον
2414 4037 2733 4111 ἀμφιλαφὴς
2763 4037 2962 4098 παντὸς
3001 4034 3227 4103 ἀγαθοῦ,
3276 4034 3348 4102 γῆ
3391 4034 3602 4104 ῥέουσα
3641 4030 3778 4098 γάλα

2187 4135 2282 4188 καὶ
2313 4132 2456 4204 μέλι,
2483 4132 2544 4185 τὸ
2585 4129 2870 4184 καταθλείν
2901 4125 3158 4181 δύνασθαι
3183 4123 3292 4177 τῶν
3328 4122 3780 4192 ἀνθεστηκότων,

2186 4224 2313 4290 δόξα
2337 4225 2432 4277 καὶ
2453 4221 2700 4287 πλοῦτος,
2736 4221 2831 4274 καὶ
2855 4218 2922 4271 τά
2955 4216 3202 4270 ἐντεῦθεν
3239 4215 3568 4285 αὐχήματα,
3603 4215 3702 4266 καὶ⁸
3731 4212 3783 4264 τί

2187 4322 2294 4388 γὰρ
2320 4316 2440 4385 οὐχὶ
2464 4314 2524 4368 τὸ
2545 4313 2653 4366 τῶν
2677 4314 2755 4376 εἰς
2788 4307 3085 4380 εὐημερίαν
3107 4310 3203 4360 καὶ
3229 4308 3469 4378 τρυφήν;
3501 4305 3649 4356 Ἀλλ’
3681 4303 3790 4355 οὐκ

2189 4406 2510 4476 ἐφυλάξατο.
2538 4401 2900 4474 Παραόἐϐηκε
2931 4401 3059 4472 γὰρ,
3091 4399 3271 4467 ὀλίγου
3300 4393 3577 4452 παντελῶς
3607 4391 3789 4457 ἀξιώ-

2117 4492 2159 4545 D
2198 4511 2293 4557 σας
2341 4494 2499 4562 λόγου
2542 4492 2638 4562 τὴν
2667 4493 2917 4562 τήρησιν.
2959 4488 3236 4559 Πρόδηλον.
3269 4481 3377 4548 οῦν,
3412 4484 3495 4535 ὅτι
3528 4482 3633 4552 τῆς
3667 4480 3794 4536 τῶν

2187 4587 2435 4658 πατέρων
2475 4583 2775 4646 ἐπιεικείας
2815 4579 3041 4634 κατόπιν
3075 4579 3266 4640 ἰόντες,
3295 4577 3386 4630 καὶ
3427 4574 3592 4627 τοῦτο
3637 4573 3788 4643 ἁμέ-

2186 4696 2352 4751 τρως,
2407 4676 2529 4730 ούδέ
2573 4677 2686 4738 τοῖς
2739 4673 2968 4734 ἐκείνοις
3015 4669 3411 4740 ἐκνεμηθείσης
3451 4663 3675 4735 φειδοῦς
3729 4665 3796 4718 ἐν

2191 4768 2404 4840 μεθέξει
2434 4768 2775 4837 γενήσονται·
2816 4763 3022 4826 δίκαιος
3056 4764 3166 4832 γάρ
3199 4763 3227 4813 ό
3265 4760 3487 4830 κριτής.

2263 4965 2375 5021 Καὶ
2422 4964 2489 5017 ἐν
2520 4960 2794 5030 προφήτῃ
2841 4955 3103 5025 ἀνήγαγε
3152 4955 3366 5021 Κύριος·
3401 4953 3512 5004 τὸν
3541 4949 3810 5017 Ἰσραὴλ

2192 5061 2262 5113 ἐκ
2293 5056 2406 5128 γῆς
2445 5055 2774 5124 Αἰγύπτου,
2810 5049 2908 5102 καὶ
2941 5049 3010 5101 ἐν
3049 5046 3327 5114 προφήτῃ
3370 5042 3809 5112 διεφυλάχθη,

2264 5151 2440 5204 ΡΜΔ’.
2482 5147 2592 5217 Τὴν
2635 5145 2813 5198 αἰτίαν
2855 5144 2984 5213 ἡμῖν
3025 5143 3080 5192 ἐν
3112 5138 3324 5199 τούτοις
3376 5137 3664 5205 διατρανοῖ
3697 5136 3818 5189 τοῦ

2200 5247 2334 5314 μήτε
2367 5239 2599 5310 φυλάξαι
2646 5238 2735 5289 τὸν
2771 5231 2984 5304 Ἰσραὴλ
3035 5232 3134 5300 τὴν
3177 5229 3495 5300 ὁρισθεῖσαν
3540 5226 3823 5298 ἐντολὴν,

2191 5331 2600 5402 καταφρονῆσαι
2630 5325 2724 5378 τοῦ
2755 5323 2898 5376 ’Θεοῦ
2935 5323 3205 5390 λέγοντος,
3244 5338 3262 5369 ι
3298 5321 3418 5371 Οὐκ
3452 5317 3676 5371 ἔσονταί
3719 5336 3827 5372 σοι

2193 5425 2306 5478 θεοὶ
2337 5423 2512 5492 ἐτεροι
2545 5419 2681 5488 πλὴν
2715 5415 2869 5486 ἐμοῦ,
2896 5433 2914 5465 ι
2944 5411 3154 5466 καὶτοῦ
3181 5413 3256 5481 μὴ
3288 5410 3503 5463 ἐθέλειν
3528 5413 3650 5472 ταῖς
3687 5411 3831 5463 τῶν

2195 5514 2446 5585 πατέρων
2467 5509 2787 5571 ἐπιεικείαις
2807 5503 3190 5574 διαμιλλᾶσθαι
3216 5501 3396 5568 φιλεῖν
3419 5517 3431 5530 ·
3460 5500 3835 5569 ἐπιπλήττει

2194 5605 2323 5673 γὰρ,
2352 5605 2434 5655 ὅτι
2465 5602 2746 5671 γεγόνασιν
2779 5597 2914 5659 ὅλως
2947 5596 2996 5647 οἰ
3053 5594 3111 5658 ἐξ
3151 5591 3367 5662 Ἰσραὴλ
3413 5593 3522 5646 ὑπὸ
3554 5591 3657 5664 τὴν
3707 5595 3839 5649 ἀν-

1943 5792 1984 5823 ⁸³
2028 5788 2198 5846 Exod.
2230 5801 2321 5853 xx,
2347 5787 2403 5840 5.
