4034 6270
219 436 315 492 991

1142 426 1689 484 COMMENTARIUS
1728 421 1796 478 IN
1836 418 2071 475 OSEAM
2114 410 2559 471 PltOPllETAM.

3374 401 3478 456 298

226 548 461 620 θρώπων
502 545 797 616 βασιλείαν,
832 542 1008 599 καίτοι
1070 544 1447 613 βασιλεύοντος
1493 541 1672 598 αὐτῶν
1712 537 1804 592 τοῦ

1935 550 2090 589 amen
2127 541 2374 602 regnaret
2437 541 2598 596 super
2639 524 2782 592 ipsos
2840 519 2980 572 Deus
3039 530 3136 587 per
3188 517 3480 586 prophetas-

229 640 364 694 Θεοῦ
393 639 480 694 διὰ
520 629 816 709 προφητῶν
857 634 1055 704 ἁγίωνο
1087 637 1181 688 καὶ
1217 635 1588 698 ἐκλελοιπότος
1620 633 1804 694 αὐτοῖς

233 733 452 796 οὐδενὸς,
475 732 554 793 είς
581 728 643 782 τὸ
672 724 810 782 εἶναι
844 728 1170 799 μακαρίους.
1202 724 1545 798 Μεμνήμεθα
1572 725 1682 794 γάρ
1721 724 1804 777 ὅτι

237 824 502 896 περιόντος
535 839 595 874 τε
659 821 754 874 καὶ
798 819 1236 890 προφητεύοντος
1273 818 1354 872 ἔτι
1390 817 1486 872 τοῦ
1533 814 1804 886 μακαρίου

233 918 494 989 Σαμουὴλ,
519 918 790 988 ἐζήτησαν
832 914 1077 986 βασιλέα.
1111 907 1222 967 Kal.
1263 913 1400 983 πρός
1443 927 1506 979 γε
1535 909 1600 979 δὴ
1648 905 1808 960 τοῦτο

229 1011 351 1075 Θεὸς
372 1009 661 1082 ὠργίζετο,
691 1009 785 1063 καὶ
814 1009 889 1071 ὡς
938 1004 1264 1077 ὑϐρισμένος
1293 1005 1355 1057 ού
1389 1001 1624 1074 μετρίως
1648 996 1808 1051 λελύ-

227 1119 389 1173 πηται
418 1102 539 1172 μὲν,
563 1100 704 1170 πλὴν
731 1098 970 1164 ἀνέδειξε
995 1097 1088 1150 τὸν
1114 1094 1306 1150 Σαούλ.
1331 1092 1541 1148 Οὐκοῦν
1571 1090 1809 1144 αίτιᾶται

227 1193 374 1257 λίαν,
410 1187 497 1246 ὅτι
540 1192 826 1260 γεγόνασιν
856 1189 993 1252 ὅλως
1025 1185 1130 1241 ὑπὸ
1168 1187 1268 1258 τὴν
1307 1183 1611 1257 ἀνθρώπων
1659 1181 1811 1252 βασι-

228 1283 390 1348 λείαν,
420 1279 520 1336 οὐκ
560 1282 920 1353 ἀνασχόμενοι
944 1280 1006 1333 τὸ
1039 1277 1194 1349 παρά
1222 1275 1356 1330 Θεοῦ
1385 1275 1473 1330 διὰ
1517 1272 1811 1345 προφητῶν

231 1374 624 1445 βασιλεύεσθαι.
674 1373 895 1426 Σέσωκε
948 1372 1047 1442 μὲν
1088 1369 1200 1441 γὰρ
1240 1371 1269 1422 6
1317 1367 1484 1433 Θεὸς,
1513 1366 1678 1437 φησὶ,
1721 1363 1812 1416 τὸν

241 1459 468 1537 Ἰσραὴλ,
487 1466 583 1519 καὶ
606 1463 666 1528 ἐξ
689 1465 838 1517 οῐκου
860 1461 1105 1525 δουλείας
1125 1460 1416 1531 ἐξήγαγεν,
1439 1456 1813 1529 μεσιτεύοντος

229 1557 528 1622 Μωῦσέως,
555 1556 614 1620 ὃς
662 1556 757 1609 καὶ
805 1553 997 1624 γέγονε
1026 1554 1337 1624 προφήτης,
1373 1551 1468 1606 καὶ
1517 1547 1814 1621 προφητῶν

230 1649 487 1722 ἀπαρχὴ·
568 1648 666 1702 καὶ
719 1648 819 1700 οὐκ
873 1645 1104 1716 ἐξήγαγε
1167 1645 1328 1715 μόνον
1397 1642 1456 1708 ἐξ
1512 1640 1810 1708 Αἰγύπτου,

234 1721 420 1812 φησιν,
465 1739 602 1792 ἀλλὰ
640 1737 750 1807 γὰρ
785 1737 878 1790 καὶ
919 1737 1209 1806 τετήρηκε.
1248 1732 1542 1803 Μεμένηκε
1581 1730 1688 1800 γὰρ
1734 1721 1816 1781 ἐνὶ

235 1833 310 1903 τῷ
341 1831 538 1900 φύσει,
572 1829 665 1883 καὶ
721 1823 933 1899 άληθῶς
976 1825 1259 1898 λατρεύειν
1304 1823 1444 1895 Θεῷ.
1490 1821 1707 1890 Ἐπειδὴ
1757 1819 1816 1872 δὲ

1907 635 2145 691 sanctos,
2175 633 2232 678 et
2266 621 2395 676 nihil
2439 619 2518 673 eis
2545 616 2608 670 ad
2642 613 3054 685 prosperitatcm
3089 608 3319 665 deesset.
3361 607 3478 662 Mc-

1909 718 2162 772 minimus
2218 712 2385 775 enim,
2447 707 2738 778 superstite
2801 705 2976 760 adhuc
3031 711 3087 757 et
3134 700 3481 771 prophetarit»

1909 807 2178 868 Samuele,
2207 818 2300 858 eos
2330 815 2510 870 regem
2545 802 2863 868 postulasse.
2898 796 3060 866 178
3088 794 3238 860 Quod
3271 794 3484 861 indigne.

1911 899 2030 954 tulit
2074 897 2237 958 Deus,
2271 902 2327 946 et
2362 907 2420 945 se
2467 897 2706 958 spretum
2737 901 2858 942 esse
2909 885 3161 951 indoluit;
3215 892 3483 939 verumta-

1911 1000 2033 1045 men
2064 979 2190 1042 Saul
2218 981 2521 1053 designavit
2550 980 2620 1032 7°.
2654 978 2888 1033 Accusat
2917 977 3080 1046 igitur
3107 991 3200 1030 eos
3230 975 3484 1045 majorem

1911 1082 1964 1134 in
2013 1078 2263 1140 modum,
2293 1084 2354 1130 ut
2412 1083 2552 1128 totos
2601 1071 2838 1125 humano
2887 1068 2996 1138 regi
3055 1067 3345 1136 subjectos,
3390 1081 3488 1120 nec

1913 1173 2006 1228 Dei
2058 1171 2340 1240 imperium
2397 1182 2493 1237 per
2525 1164 2814 1236 prophetas
2861 1162 3213 1217 sustinentes.
3249 1158 3488 1212 Salvuvit

1913 1269 2080 1333 enim,
2111 1265 2310 1334 inquit,
2341 1261 2483 1317 Deus
2515 1259 2787 1325 lsraelem,
2819 1265 2873 1312 et
2919 1257 2985 1310 de
3011 1255 3172 1310 domo
3213 1251 3488 1307 servitutis

1913 1360 2100 1416 eduxit
2157 1355 2458 1411 ministerio
2505 1353 2704 1424 Moysis
2762 1351 3032 1422 propheta:
3087 1358 3141 1402 et
3197 1346 3490 1416 propheta-

1915 1467 2035 1507 rum
2076 1446 2498 1519 antesignani".
2533 1445 2642 1500 Nec
2681 1444 2852 1500 solum
2880 1459 2948 1498 ex
2995 1440 3224 1512 Egypto
3281 1439 3486 1501 eduxit,

1916 1543 2112 1613 inquit,
2139 1542 2233 1596 sed
2265 1539 2428 1594 etiam
2473 1535 2801 1598 custodivit;
2834 1535 2885 1587 in
2924 1548 3054 1588 vero
3091 1534 3234 1586 enim
3251 1541 3306 1586 et
3333 1541 3490 1584 natu-

1916 1649 1974 1688 ra
2024 1632 2134 1687 Deo
2157 1628 2384 1685 colendo
2426 1626 2796 1696 perstiterunt.
2826 1625 3116 1694 Postquam
3163 1632 3343 1676 autem
3389 1621 3490 1675 sub

1917 1737 2080 1793 regno
2125 1719 2364 1781 fuerunt,
2395 1715 2667 1770 dilectioni
2695 1729 2822 1784 erga
2859 1713 3029 1768 Deum
3095 1713 3488 1767 valedixerunt.

1917 1814 2134 1871 Primus
2166 1809 2310 1865 enim
2355 1807 2608 1862 Salomon
2643 1813 2698 1860 et
2741 1820 2884 1870 aras,
2927 1813 2982 1859 et
3013 1803 3234 1858 delubra
3281 1801 3488 1856 Baalim

239 1895 526 1993 γεγόνασιν
553 1921 642 1974 ἐπὶ
673 1895 944 1990 βασιλέας,
961 1918 1058 1988 τῆς
1079 1895 1165 1980 είς
1188 1916 1322 1970 Θεὸν
1353 1915 1574 1983 ἀγάπης
1601 1911 1817 1976 ἐξώκει-

1931 1903 2198 1960 editicavit
2221 1902 2289 1956 τ’.
2316 1900 2446 1955 Post
2480 1913 2602 1953 eum
2644 1897 2992 1956 detestandus
3023 1895 3314 1952 Jeroboam
3353 1896 3492 1950 vitu-

237 2007 357 2064 λαν·
402 2010 619 2082 Πρῶτος
661 2010 757 2081 μὲν
780 2010 885 2080 γὰρ
927 2007 1242 2087 ᾠκοδόμησε
1282 2003 1535 2076 Σολομῶν
1581 2003 1672 2056 καὶ
1713 1999 1820 2070 βω-

247 2104 395 2173 μοὺς,
445 2101 532 2154 καὶ
578 2101 776 2171 τεμένη
819 2102 931 2164 τοῖς
982 2100 1246 2169 Βααλείμ’
1285 2093 1404 2151 εἷτα
1449 2097 1564 2167 μετ’
1592 2092 1753 2148 αὑτὸν
1789 2093 1818 2145 6

242 2189 512 2263 ἐπάρατος
572 2190 854 2263 Ἱεροϐοὰμ
903 2192 1000 2255 τὰς
1054 2191 1260 2263 χρυσᾶς
1317 2188 1492 2241 ἐποίει
1534 2184 1816 2256 δαμάλεις.

237 2284 484 2338 Αίτιᾶται
506 2284 682 2337 τοίνυν
708 2279 782 2348 ὡς
813 2283 1103 2353 παγκάλην
1139 2280 1452 2351 οἰκονομίαν
1486 2277 1548 2330 ού
1591 2290 1819 2344 τετηρη-

235 2374 418 2438 κότας,
441 2376 501 2428 τὸ
523 2373 633 2445 γὰρ
657 2373 809 2446 παρά
833 2373 990 2436 Θεοῦ,
1020 2372 1185 2443 φημὶ,
1208 2372 1298 2426 διὰ
1339 2366 1636 2442 προφητῶν
1666 2366 1820 2436 βασι-

1919 1997 2002 2053 los
2039 2009 2230 2051 aureos
2283 1993 2404 2048 fecit
2431 1991 2497 2044 ⁷⁸.
2525 1990 2886 2060 Conqueritur
2937 2004 3087 2060 ergo,
3125 1999 3185 2044 ut
3221 1988 3319 2076 qui
3371 1989 3490 2058 pul-

1923 2087 2249 2144 cherrimam
2294 2082 2651 2140 oeconomiam
2685 2097 2792 2136 non
2833 2082 3190 2148 servaverint,
3222 2090 3282 2135 ut
3319 2095 3350 2135 a
3383 2080 3492 2135 Deo

1921 2195 2020 2252 per
2045 2178 2333 2249 prophetas
2355 2185 2687 2246 regerentur,
2720 2173 2813 2229 sed
2840 2173 2940 2228 sub
2966 2171 3240 2227 hominum
3262 2181 3496 2242 potesta-

1926 2282 2031 2326 tem
2062 2285 2120 2326 se
2169 2269 2382 2324 tradere
2434 2267 2744 2333 maluerint,
2771 2265 2912 2336 quod
2945 2280 3038 2321 eos
3061 2265 3126 2319 ad
3168 2265 3494 2335 apostasiam

1924 2377 2141 2434 quoque
2171 2361 2444 2431 perduxit.

234 2467 503 2531 λεύεσθαι,
531 2469 593 2522 τὸ
611 2469 669 2522 δὲ
717 2468 825 2521 ὑπὸ
875 2469 1032 2537 χεῖρα
1098 2466 1283 2520 πεσεῖν
1337 2462 1638 2532 ἀνθρώπων
1707 2457 2142 2530 ἀνθῃρημένους,
2193 2455 2221 2508 6
2271 2454 2336 2525 δὴ
2375 2454 2469 2508 καὶ
2515 2453 2739 2522 γέγονεν
2781 2453 2961 2515 αὐτοῖς
3008 2453 3107 2522 τῆς
3160 2449 3498 2513 ἀποστάσιας

235 2563 514 2632 πρόξενον.
566 2617 574 2624 _

320 2696 658 2764 Ἐθύμωσεν
704 2694 955 2763 Ἐερραῖμ
977 2736 992 2760 ,
1045 2693 1146 2747 καὶ
1191 2685 1560 2762 παρώρτισε,
1609 2684 1708 2744 καὶ
1758 2692 1826 2746 τὸ

235 2784 386 2856 αἷμα
419 2785 612 2840 αὐτοῦ
639 2786 730 2838 ἐπ’
761 2785 950 2838 αὐτὸν
972 2774 1394 2852 ἐκχυθήσέται,
1420 2783 1521 2836 καὶ
1553 2782 1658 2836 τὸν
1681 2784 1828 2836 ὀνει-

239 2878 469 2945 δισμὸν
495 2876 678 2930 αὐτοῦ
700 2873 1120 2929 ἀνταποδώσω
1157 2873 1372 2942 Κύριος
1401 2873 1580 2938 αὐτῷ.

315 3009 499 3064 PME'.
535 3009 655 3094 Ὅτι
703 3007 931 3077 πικρὸν,
974 3007 1068 3059 καὶ
1114 3005 1448 3074 ἐπισφαλὲς,
1481 3006 1573 3059 καὶ
1604 3005 1825 3077 ὀλέθρου

240 3100 539 3170 παραίτιον
567 3093 758 3165 γέγονε
793 3098 906 3160 τοῖς
933 3095 995 3160 ἐξ
1026 3095 1262 3166 Ἰσραὴλ,
1291 3095 1352 3148 τὸ
1378 3093 1596 3150 ἑλέσθαι
1625 3095 1828 3166 μᾶλλον

238 3187 350 3244 ὑπὸ
383 3189 482 3260 τὴν
513 3189 625 3242 τῶν
662 3185 964 3258 ἀνθρώπων
999 3182 1136 3240 εἶναι
1182 3185 1488 3256 βασιλείαν,
1522 3185 1581 3238 ὲν
1613 3185 1826 3248 τούτοις

2014 2681 2177 2742 Vens.
2219 2685 2306 2740 14.
2333 2678 2416 2739 Ad
2443 2674 2778 2738 iracundiam
2799 2681 3072 2736 concitavit
3106 2698 3186 2736 me
3222 2672 3495 2751 Ephraim,

1928 2793 1974 2836 et
2002 2780 2250 2844 irritavit,
2285 2788 2332 2833 et
2375 2778 2589 2846 sanguis
2621 2775 2735 2844 ejus
2765 2791 2920 2843 super
2957 2775 3126 2841 ipsum
3177 2773 3495 2842 eﬂ'undetur.

1927 2884 1976 2928 et
2027 2871 2360 2944 opprobrium
2405 2869 2518 2938 ejus
2572 2867 2818 2922 retribuet
2851 2865 3102 2920 Dominus
3132 2866 3252 2935 ipsi.

2003 3004 2207 3062 CXLV.
2237 3003 2437 3070 Triste,
2469 3000 2832 3074 periculosum
2861 3009 2916 3056 et
2944 3001 3306 3071 perniciosum
3338 3001 3504 3058 fuisse

1933 3098 2139 3162 lsraeli,
2174 3095 2321 3166 quod
2380 3094 2483 3151 sub
2534 3094 2811 3150 hominum
2849 3105 3018 3161 regno
3060 3106 3183 3148 esse
3231 3103 3503 3163 praeopta-

1933 3192 2091 3256 verit,
2115 3190 2200 3244 bis
2221 3187 2403 3244 verbis
2428 3192 2656 3242 conatur
2687 3199 2786 3240 nos
2815 3185 3010 3240 docere
3040 3183 3372 3252 planissime.
3404 3185 3504 3241 Ec;

237 3284 377 3352 ἡμῖν
411 3276 469 3334 εὖ
503 3280 647 3352 μάλα
681 3280 937 3348 πειρᾶται
978 3278 1264 3332 δεικνύειν.
1300 3278 1434 3332 Ἰδοὺ
1470 3277 1600 3350 γὰρ,
1635 3279 1823 3349 φησὶν,

1931 3298 1992 3338 ce
2021 3283 2189 3347 enim,
2213 3280 2408 3350 inquit,
2462 3277 2739 3349 Ephraim,
2776 3277 2880 3332 hoc
2902 3284 3005 3343 est,
3043 3274 3354 3343 Jeroboam,
3412 3280 3502 3348 qui

238 3376 271 3426 6
307 3369 568 3444 Ἐφραῖμ,
593 3371 889 3434 τουτέστιν,
917 3372 945 3424 6
965 3371 1030 3424 ὲκ
1060 3369 1236 3440 φυλῆς
1264 3369 1504 3440 Ἐφραῒμ
1523 3367 1825 3440 Ἱεροϐοάμ,

247 3464 345 3535 ἐμὲ
378 3464 471 3517 τὸν
512 3462 619 3516 τῶν
653 3463 790 3516 ὅλων
815 3461 1114 3532 Δεσπότην,
1138 3479 1156 3511 ι
1202 3460 1490 3532 τεθύμωκε
1512 3501 1526 3526 ,
1557 3459 1653 3513 καὶ
1683 3476 1828 3529 παρ-

251 3551 474 3625 ὠργισε,
509 3573 527 3606 ›
565 3552 662 3608 κα)⁵
711 3555 792 3614 είς
831 3553 939 3606 πᾶν
985 3547 1124 3616 εἶδος
1163 3551 1393 3606 ἐκάλεσε
1440 3549 1828 3622 παροξυσμοῦ,

249 3645 655 3716 καινοτομήσας
684 3641 965 3714 δαμάλεις,
993 3644 1089 3696 καὶ
1117 3641 1178 3696 τὸ
1213 3644 1343 3713 ἐμὸν
1372 3643 1568 3706 αὐταῖς
1605 3640 1830 3713 αὔχημα

246 3734 519 3807 περιθείς.
547 3733 838 3804 Τοιγάρτοι
866 3733 1155 3804 παραίτιος
1181 3733 1342 3797 αὐτὸς
1377 3733 1480 3804 τῆς
1515 3731 1711 3786 ἑαυτοῦ
1740 3731 1832 3799 γέ-

243 3843 410 3896 γονεν
431 3823 727 3888 ἀπωλείας.
758 3819 877 3878 Ἐπ’
909 3823 1074 3878 αὑτὸν
1103 3825 1212 3896 γὰρ
1237 3825 1353 3896 ἥξει
1377 3824 1436 3878 τὸ
1470 3818 1610 3894 αἷμα
1637 3821 1826 3878 αὑτοῦ.

259 3913 486 3987 Ἐπειδὴ
513 3915 590 3980 δὲ,
629 3917 717 3969 ὅτε
751 3915 849 3978 τὰς
871 3915 1134 3985 δαμάλεις
1159 3915 1387 3986 ἔστησεν
1421 3916 1500 3980 είς
1524 3913 1730 3986 Βαιθήλ
1771 3930 1830 3967 τε

246 4009 349 4062 καὶ
383 4007 512 4071 Δάν,
547 4005 985 4078 προσπεφώνηκε
1013 4009 1127 4070 τοῖς
1167 4005 1228 4070 ἐξ
1263 4007 1512 4078 Ἰσραήλ·
1543 4025 1561 4058 t
1596 4005 1833 4060 Ἰκανού-

249 4099 371 4152 σθω
423 4099 549 4168 ύμῖν
598 4097 660 4149 τὸ
704 4095 1014 4150 ἀναϐαίνειν
1069 4097 1149 4159 είς
1188 4097 1552 4167 Ἱεροσόλυμα.
1609 4097 1740 4150 Ἰδοὺ
1783 4097 1833 4148 οἱ

249 4187 368 4241 θεοί
418 4204 510 4239 σου
564 4186 618 4237 οἵ
657 4202 801 4248 τινες
852 4185 1125 4255 ἀνήγαγόν
1154 4202 1213 4238 σε
1250 4187 1314 4238 ὲκ
1342 4185 1446 4254 γῆς
1481 4185 1777 4252 Αἰγύπτου,
1809 4204 1828 4237 ι

248 4278 520 4348 ταύτῃτοι
546 4271 756 4340 λοιπὸν,
783 4276 876 4329 καὶ
900 4275 1044 4346 μάλα
1072 4277 1317 4350 είκότως,
1345 4276 1616 4342 ἀποτίσει,
1650 4279 1832 4346 φησιν,

249 4366 385 4440 ἐμοὶ
429 4367 508 4439 τῷ
539 4367 778 4438 κρίνοντι
814 4367 909 4421 τοῦ
957 4369 1263 4438 ὀνειδισμοῦ
1296 4369 1395 4431 τὰς
1436 4368 1608 4432 δίκας.
1641 4368 1837 4442 ’Υϐρις

249 4461 370 4533 γὰρ
412 4461 706 4532 ἄντικρυς,
775 4460 872 4515 καὶ
929 4460 1225 4531 ὀνειδισμοὶ
1267 4459 1712 4532 ὁμολογουμένως
1758 4463 1838 4523 είς

249 4552 416 4618 Θεὸν,
438 4549 496 4605 τὸ
523 4551 675 4615 ὕλαις
701 4551 932 4622 ἀψύχοις
966 4551 1242 4605 ἀναθεῖναι
1263 4553 1465 4622 τολμᾷν
1491 4552 1558 4604 τὰ
1581 4551 1649 4604 δι’
1669 4551 1836 4605 αὑτοῦ

1939 3376 2040 3430 fuit
2069 3376 2134 3430 de
2157 3374 2300 3430 tribu
2333 3371 2612 3442 Ephraim,
2665 3383 2752 3424 me
2799 3368 3172 3425 universorum
3222 3369 3507 3426 Dominum

1942 3487 1960 3520 ι
2003 3467 2068 3522 ad
2104 3465 2434 3522 iracundiam
2462 3463 2753 3518 concitavit
2799 3470 2854 3516 et
2886 3461 3138 3529 irritavit,
3177 3479 3197 3514 ι
3243 3462 3509 3517 omnimo—

1939 3559 2022 3614 dis
2073 3556 2435 3620 exacerbavit,
2479 3553 2757 3609 fabricatis
2791 3553 2972 3608 vitulis
3027 3554 3201 3619 novis,
3235 3562 3289 3608 et
3339 3553 3510 3621 gloria

1941 3665 2058 3706 mea
2098 3650 2152 3704 in
2183 3649 2301 3704 illos
2347 3647 2560 3704 collata.
2587 3644 2815 3698 Proinde
2858 3645 2972 3713 ipse
3006 3644 3228 3698 exitium
3279 3643 3378 3697 sibi
3413 3658 3509 3712 ped

1937 3740 2098 3811 perit.
2129 3739 2302 3807 Super
2357 3738 2534 3806 ipsum
2564 3734 2706 3787 enim
2751 3733 2929 3786 veniet
2971 3733 3190 3803 sanguis
3209 3732 3346 3802 ejus.
3372 3733 3511 3800 Quia

1938 3832 2080 3888 enim
2125 3829 2311 3883 vitulis
2362 3827 2415 3881 in
2444 3823 2630 3880 Bethel
2677 3833 2731 3878 et
2771 3821 2881 3876 Dan
2924 3823 3122 3877 erectis
3179 3824 3514 3881 denuntiavit

1940 3920 2218 3984 lsraelitis,
2252 3919 2324 3973 ita
2391 3917 2646 3986 loquens:
2691 3932 2709 3966 ι
2747 3912 2990 3968 Sutiiciat
3039 3913 3189 3970 vobis
3218 3915 3511 3970 ascendere

1941 4014 1995 4068 in
2025 4011 2345 4066 Jerusalem.
2379 4009 2517 4063 Ecce
2543 4007 2613 4061 dii
2651 4006 2747 4073 ttti,
2791 4003 2973 4072 Israel,
3007 4005 3096 4074 qui
3129 4009 3432 4061 eduxerunt
3459 4017 3512 4061 te

1941 4105 2007 4157 de
2039 4113 2180 4157 terra
2215 4100 2429 4170 Egypti
2465 4098 2550 4162 τις
2589 4115 2608 4148 ι
2643 4097 2864 4162 idcirco,
2894 4096 3092 4164 inquit,
3117 4106 3168 4149 et
3203 4096 3326 4164 jure
3367 4097 3513 4165 cpti-

1944 4209 2051 4260 mo,
2083 4191 2213 4246 mihi
2243 4191 2412 4258 judici
2467 4187 2624 4256 hujus
2653 4187 2836 4256 probri
2865 4195 2921 4240 et
2951 4193 3292 4254 contemptus
3323 4199 3514 4255 poenas

1941 4282 2229 4354 persolvet.
2282 4281 2476 4350 Aperta
2522 4285 2606 4332 est
2645 4290 2880 4344 namque
2940 4274 3135 4346 injuria
3175 4284 3228 4330 et
3274 4275 3514 4330 omnium

1944 4375 2282 4433 confessione
2319 4371 2666 4441 opprobratio
2692 4370 2745 4424 in
2787 4369 2977 4435 Deum,
3000 4367 3239 4423 materia:
3266 4368 3517 4422 inanimae

1944 4468 2242 4522 attribuere
2295 4465 2495 4519 audere
2533 4477 2654 4533 qua:
2702 4460 2770 4516 ab
2824 4462 2941 4532 ipso
2975 4460 3249 4529 splendide
3285 4469 3340 4514 et
3394 4475 3516 4515 cum

1947 4558 2304 4614 admiratione
2358 4564 2568 4625 patrata
2595 4563 2724 4610 sunt
2745 4567 2910 4623 opera
2953 4551 3262 4607 laudabilia.
3317 4551 3519 4618 Quam-

251 4643 523 4714 γεγονότα
551 4639 804 4716 λαμπρὰ,
841 4643 936 4697 καὶ
975 4641 1386 4712 ἀξιοθαύμαστα
1413 4642 1825 4714 κατορθώματα.

1943 4651 2130 4705 obrem
2181 4651 2474 4704 secundum
2508 4648 2674 4718 ipsius
2699 4645 2952 4716 Ephraim
2979 4643 3259 4715 probrum,
3283 4644 3385 4698 hoc
3411 4653 3516 4707 est,

251 4734 478 4789 Οὐκοῦν
521 4734 665 4788 κατά
705 4735 796 4790 τὸν
854 4734 1018 4789 αὐτοῦ
1069 4734 1165 4788 τοῦ
1225 4732 1464 4804 Ἐφραίμ
1511 4734 1836 4805 ὀνειδισμὸν,

247 4825 568 4890 τουτέστιν,
617 4826 916 4896 ίσομέτρως
962 4827 1084 4889 ταῖς
1133 4823 1299 4878 αὑτοῦ
1347 4823 1706 4896 δυσφημίαις,
1746 4824 1842 4878 καὶ

250 4915 504 4978 ἀνοσίοις
556 4917 780 4983 φωναῖς,
829 4917 900 4969 τὰ
951 4916 1015 4981 ἐξ
1065 4918 1234 4986 ὀργῆς
1267 4915 1840 4986 ἀντεπενεχθήσονται.

250 5010 486 5077 Ὠσπερ
524 5005 632 5076 γὰρ
668 5005 788 5058 ὅσον
812 5006 934 5076 ἥκει
963 5009 1042 5070 εἰς
1069 5006 1375 5077 ἐγχείρημά
1401 5023 1472 5059 τε›
1503 5007 1596 5060 καὶ
1627 5007 1844 5076 λόγους,

248 5104 364 5170 τῆς
395 5097 549 5168 αὐτῷ
583 5098 677 5150 καὶ
713 5095 856 5168 μόνῳ
885 5099 1198 5169 πρεπούσης
1236 5099 1392 5171 δόξης
1439 5098 1645 5172 ὲξώσθη
1670 5100 1802 5163 Θεός
1825 5112 1841 5128 ο

249 5189 414 5243 οὕτω
440 5189 533 5241 καὶ
561 5186 722 5250 αύτὸς
742 5187 842 5257 τῆς
866 5182 1000 5252 ἰδίας
1025 5190 1198 5260 ἀρχῆς
1219 5187 1843 5260 ὲξωσθήσεται.Πεπαύ-

252 5296 424 5332 σεται
452 5278 560 5349 γὰρ
593 5277 733 5331 κατὰ
762 5278 984 5348 καιροὺς
1012 5279 1045 5347 ἡ
1071 5278 1314 5347 βασιλεία
1336 5279 1430 5331 τοῦ
1464 5278 1724 5348 Ἐφραῒμ.
1758 5278 1845 5339 Ὦς

249 5373 382 5440 γὰρ
421 5371 522 5440 ἤδη
551 5373 832 5440 προεῖπον,
867 5369 1002 5439 μετά
1029 5369 1126 5438 τὴν
1151 5371 1215 5423 ὲκ
1245 5369 1566 5431 Βαϐυλῶνος
1593 5369 1850 5422 ἐπάνοδον

247 5461 446 5524 οὐδεὶς
489 5461 569 5514 ἔτι
611 5456 996 5531 βεϐασίλευκεν
1026 5461 1083 5514 ἐν
1116 5459 1397 5530 Σαμαρείᾳ,
1441 5459 1548 5512 τῶν
1575 5459 1706 5512 δέκα
1753 5477 1852 5528 φυ-

247 5553 378 5605 λῶν
401 5570 416 5583 ο
451 5553 562 5605 ἀλλ’
585 5548 724 5623 ἦσαν
750 5554 807 5606 ὲν
829 5555 944 5614 τοῖς
972 5547 1364 5621 Ἱεροσολύμοις
1393 5549 1481 5617 ὑφ’
1506 5548 1602 5602 ἕνα
1633 5549 1850 5616 πάντες,

244 5644 375 5700 τῶν
407 5645 474 5698 ἐκ
495 5641 664 5714 φυλῆς
693 5644 863 5696 ’ἰούδα
893 5641 1034 5695 κατά
1066 5641 1295 5712 καιροὺς
1328 5639 1781 5709 βασιλευσάντων.

1943 4742 2291 4812 proportione
2327 4741 2445 4810 ejus
2485 4739 2938 4808 blasphemiarum
2987 4745 3043 4792 et
3075 4737 3360 4807 impiorum
3402 4751 3518 4790 ser-

1946 4847 2185 4896 monum,
2219 4833 2288 4886 ab
2314 4833 2450 4886 irato
2498 4830 2608 4885 Deo
2635 4829 2710 4884 illi
2759 4829 2994 4883 vicissim
3023 4828 3286 4898 supplicia
3319 4828 3521 4897 irroga-

1945 4925 2163 4979 buntur.
2196 4923 2654 4987 Quemadmodum
2694 4921 2837 4975 enim
2873 4936 2978 4989 qua
3021 4920 3183 4984 facto,
3216 4933 3320 4987 qua
3357 4921 3522 4972 verbo

1944 5014 2068 5081 sibi,
2091 5025 2145 5071 et
2172 5015 2271 5070 soli
2295 5012 2628 5068 convenienti
2664 5011 2830 5079 gloria
2855 5009 3037 5080 pulsus
3070 5010 3229 5079 179
3258 5019 3340 5063 est
3361 5009 3520 5073 Deus,

1951 5105 2032 5159 sic
2070 5112 2124 5158 et
2164 5103 2278 5171 ipse
2317 5116 2415 5157 suo
2472 5101 2772 5169 principatu
2822 5100 3071 5169 pelletur.
3128 5097 3344 5152 Desinet
3371 5099 3515 5152 enim

1951 5193 2239 5264 aliquando
2281 5206 2502 5260 regnum
2533 5190 2807 5259 prraim.
2835 5189 2990 5256 Nam,
3021 5197 3080 5242 ut
3143 5201 3302 5257 supra
3342 5189 3521 5254 docui,

1954 5296 2075 5353 post
2113 5283 2341 5336 reditum
2371 5296 2402 5336 e
2430 5281 2716 5350 Babylone,
2760 5295 2920 5336 nemo
2946 5279 3173 5347 amplius
3209 5293 3372 5347 super
3427 5279 3524 5334 de-

1952 5391 2070 5432 cem
2103 5375 2272 5430 tribus
2306 5375 2357 5428 in
2385 5374 2629 5428 Samaria
2680 5371 2957 5440 regnavit;
2990 5370 3082 5425 sed
3137 5368 3523 5442 Hierosolymis

1951 5479 2106 5523 erant
2151 5466 2252 5522 sub
2299 5480 2408 5520 uno
2439 5479 2647 5530 omnes,
2669 5461 2900 5518 oriundo
2942 5460 3107 5524 exiis
3140 5461 3232 5534 qui
3263 5461 3329 5517 de
3378 5462 3525 5517 tribu

1951 5555 2087 5610 Juda
2118 5565 2274 5609 antea
2323 5558 2700 5622 regnaverunt.

335 5832 388 5871 ”
435 5832 452 5887 l
483 5833 617 5902 Reg.
646 5845 724 5894 Ix,
749 5829 837 5883 Π.
911 5828 955 5858 τι
995 5827 1167 5881 Exod.
1205 5840 1326 5891 xm,
1362 5825 1446 5880 l4.
1523 5826 1567 5858 ⁷⁸
1604 5824 1669 5881 ιιι
1697 5824 1825 5896 Reg.

1931 5867 1933 5883 .
1961 5822 2028 5882 5.,
2092 5821 2137 5856 τι
2177 5823 2250 5880 ιιι
2273 5821 2406 5892 Reg.
2434 5836 2533 5889 xu,
2558 5820 2667 5878 es.
2743 5819 2791 5852 τι
2829 5819 2960 5877 lbid.

597 5926 869 5985 Ρλτιιοι..
916 5921 1034 5983 Gtt.
1086 5919 1308 5982 LXXI.

3147 5902 3219 5962 10
