  <div class='ocr_page' id='page_1' title='image "/cluster/home/n/w/nwhite01/storage/ocr_20150623/71/mdp.39015078384461/155.png"; bbox 0 0 4034 6270; ppageno 0'>
   <div class='ocr_carea' id='block_1_1' title="bbox 529 429 638 488">
    <p class='ocr_par' dir='ltr' id='par_1_1' title="bbox 529 429 638 488">
     <span class='ocr_line' id='line_1_1' title="bbox 529 429 638 488; baseline 0 0"><span class='ocrx_word' id='word_1_1' title='bbox 529 429 638 488; x_wconf 63' lang='grc' dir='ltr'><strong>ἳθῦ</strong></span> 
     </span>
    </p>
   </div>
   <div class='ocr_carea' id='block_1_2' title="bbox 1152 537 1482 597">
    <p class='ocr_par' dir='ltr' id='par_1_2' title="bbox 1152 537 1482 597">
     <span class='ocr_line' id='line_1_2' title="bbox 1152 537 1482 597; baseline 0.012 -4"><span class='ocrx_word' id='word_1_2' title='bbox 1152 537 1299 593; x_wconf 81' lang='lat' dir='ltr'><strong>CAP.</strong></span> <span class='ocrx_word' id='word_1_3' title='bbox 1341 537 1482 597; x_wconf 77' lang='lat' dir='ltr'><strong>XIII.</strong></span> 
     </span>
    </p>
   </div>
   <div class='ocr_carea' id='block_1_3' title="bbox 610 629 2101 702">
    <p class='ocr_par' dir='ltr' id='par_1_3' title="bbox 610 629 2101 702">
     <span class='ocr_line' id='line_1_3' title="bbox 610 629 2101 702; baseline -0.001 -15"><span class='ocrx_word' id='word_1_4' title='bbox 610 633 769 688; x_wconf 76' lang='lat' dir='ltr'><strong>Vens.</strong></span> <span class='ocrx_word' id='word_1_5' title='bbox 799 631 929 696; x_wconf 72' lang='lat'><strong>1,2.</strong></span> <span class='ocrx_word' id='word_1_6' title='bbox 987 629 1402 698; x_wconf 79' lang='lat' dir='ltr'><strong>Justiﬁcatioues</strong></span> <span class='ocrx_word' id='word_1_7' title='bbox 1453 630 1569 701; x_wconf 82' lang='lat' dir='ltr'><strong>ejus</strong></span> <span class='ocrx_word' id='word_1_8' title='bbox 1616 635 1812 702; x_wconf 81' lang='lat' dir='ltr'><strong>accepit</strong></span> <span class='ocrx_word' id='word_1_9' title='bbox 1878 634 1987 699; x_wconf 84' lang='lat' dir='ltr'><strong>ipse</strong></span> <span class='ocrx_word' id='word_1_10' title='bbox 2046 635 2101 686; x_wconf 86' lang='lat' dir='ltr'><strong>in</strong></span> 
     </span>
    </p>
   </div>
   <div class='ocr_carea' id='block_1_4' title="bbox 541 720 2104 793">
    <p class='ocr_par' dir='ltr' id='par_1_4' title="bbox 541 720 2104 793">
     <span class='ocr_line' id='line_1_4' title="bbox 541 720 2104 793; baseline 0.001 -15"><span class='ocrx_word' id='word_1_11' title='bbox 541 725 728 788; x_wconf 69' lang='lat' dir='ltr'><strong>Israel,</strong></span> <span class='ocrx_word' id='word_1_12' title='bbox 751 733 796 777; x_wconf 78' lang='lat' dir='ltr'><strong>et</strong></span> <span class='ocrx_word' id='word_1_13' title='bbox 827 722 998 791; x_wconf 81' lang='lat' dir='ltr'><strong>posuit</strong></span> <span class='ocrx_word' id='word_1_14' title='bbox 1037 737 1125 775; x_wconf 81' lang='lat' dir='ltr'><strong>eas</strong></span> <span class='ocrx_word' id='word_1_15' title='bbox 1148 720 1306 787; x_wconf 86' lang='lat' dir='ltr'><strong>Baal,</strong></span> <span class='ocrx_word' id='word_1_16' title='bbox 1337 730 1387 776; x_wconf 84' lang='lat' dir='ltr'><strong>et</strong></span> <span class='ocrx_word' id='word_1_17' title='bbox 1417 732 1655 776; x_wconf 84' lang='lat' dir='ltr'><strong>mortuus</strong></span> <span class='ocrx_word' id='word_1_18' title='bbox 1694 734 1792 778; x_wconf 82' lang='lat' dir='ltr'><strong>est.</strong></span> <span class='ocrx_word' id='word_1_19' title='bbox 1822 722 1890 777; x_wconf 84' lang='lat' dir='ltr'><strong>Et</strong></span> <span class='ocrx_word' id='word_1_20' title='bbox 1942 740 2104 793; x_wconf 86' lang='lat' dir='ltr'><strong>appo-</strong></span> 
     </span>
    </p>
   </div>
   <div class='ocr_carea' id='block_1_5' title="bbox 534 814 2105 883">
    <p class='ocr_par' dir='ltr' id='par_1_5' title="bbox 534 814 2105 883">
     <span class='ocr_line' id='line_1_5' title="bbox 534 814 2105 883; baseline 0.002 -16"><span class='ocrx_word' id='word_1_21' title='bbox 534 822 747 868; x_wconf 76' lang='lat' dir='ltr'><strong>sueram</strong></span> <span class='ocrx_word' id='word_1_22' title='bbox 795 821 853 866; x_wconf 81' lang='lat' dir='ltr'><strong>ut</strong></span> <span class='ocrx_word' id='word_1_23' title='bbox 906 822 1176 882; x_wconf 84' lang='lat' dir='ltr'><strong>peccarent</strong></span> <span class='ocrx_word' id='word_1_24' title='bbox 1233 814 1424 868; x_wconf 85' lang='lat' dir='ltr'><strong>adhuc.</strong></span> <span class='ocrx_word' id='word_1_25' title='bbox 1461 814 1526 867; x_wconf 84' lang='lat' dir='ltr'><strong>Et</strong></span> <span class='ocrx_word' id='word_1_26' title='bbox 1561 815 1796 883; x_wconf 82' lang='lat' dir='ltr'><strong>fecerunt</strong></span> <span class='ocrx_word' id='word_1_27' title='bbox 1829 815 1930 870; x_wconf 87' lang='lat' dir='ltr'><strong>sibi</strong></span> <span class='ocrx_word' id='word_1_28' title='bbox 1983 833 2105 870; x_wconf 84' lang='lat' dir='ltr'><strong>con-</strong></span> 
     </span>
    </p>
   </div>
   <div class='ocr_carea' id='block_1_6' title="bbox 1519 419 2754 484">
    <p class='ocr_par' dir='ltr' id='par_1_6' title="bbox 1519 419 2754 484">
     <span class='ocr_line' id='line_1_6' title="bbox 1519 419 2754 484; baseline -0.003 -4"><span class='ocrx_word' id='word_1_29' title='bbox 1519 424 1574 482; x_wconf 90' lang='lat' dir='ltr'><strong>S.</strong></span> <span class='ocrx_word' id='word_1_30' title='bbox 1617 425 1886 483; x_wconf 77' lang='lat' dir='ltr'><strong>CYRILLI</strong></span> <span class='ocrx_word' id='word_1_31' title='bbox 1925 421 2392 484; x_wconf 79' lang='lat' dir='ltr'><strong>ALEXANDRINI</strong></span> <span class='ocrx_word' id='word_1_32' title='bbox 2433 419 2754 479; x_wconf 80' lang='lat' dir='ltr'><strong>ARCHIEP.</strong></span> 
     </span>
    </p>
   </div>
   <div class='ocr_carea' id='block_1_7' title="bbox 2069 549 2189 609">
    <p class='ocr_par' dir='ltr' id='par_1_7' title="bbox 2069 549 2189 609">
     <span class='ocr_line' id='line_1_7' title="bbox 2069 549 2189 609; baseline 0 0"><span class='ocrx_word' id='word_1_33' title='bbox 2069 549 2189 609; x_wconf 59' lang='lat' dir='ltr'><strong>“A</strong></span> 
     </span>
    </p>
   </div>
   <div class='ocr_carea' id='block_1_8' title="bbox 3675 419 3784 479">
    <p class='ocr_par' dir='ltr' id='par_1_8' title="bbox 3675 419 3784 479">
     <span class='ocr_line' id='line_1_8' title="bbox 3675 419 3784 479; baseline 0.018 -3"><span class='ocrx_word' id='word_1_34' title='bbox 3675 419 3784 479; x_wconf 74' lang='lat'><strong>300</strong></span> 
     </span>
    </p>
   </div>
   <div class='ocr_carea' id='block_1_9' title="bbox 2796 536 3193 592">
    <p class='ocr_par' dir='ltr' id='par_1_9' title="bbox 2796 536 3193 592">
     <span class='ocr_line' id='line_1_9' title="bbox 2796 536 3193 592; baseline -0.008 0"><span class='ocrx_word' id='word_1_35' title='bbox 2796 536 3045 592; x_wconf 76' lang='grc' dir='ltr'><strong>ΚΕΦᾹΛ.</strong></span> <span class='ocrx_word' id='word_1_36' title='bbox 3092 537 3193 590; x_wconf 82' lang='grc' dir='ltr'><strong>1Γ¹.</strong></span> 
     </span>
    </p>
   </div>
   <div class='ocr_carea' id='block_1_10' title="bbox 2272 596 3786 701">
    <p class='ocr_par' dir='ltr' id='par_1_10' title="bbox 2272 596 3786 701">
     <span class='ocr_line' id='line_1_10' title="bbox 2272 596 3786 701; baseline -0.003 -15"><span class='ocrx_word' id='word_1_37' title='bbox 2272 629 2636 701; x_wconf 83' lang='grc' dir='ltr'><strong>Δικαιώματα</strong></span> <span class='ocrx_word' id='word_1_38' title='bbox 2654 631 2838 686; x_wconf 85' lang='grc' dir='ltr'>αὐτοῦ</span> <span class='ocrx_word' id='word_1_39' title='bbox 2862 596 3078 686; x_wconf 49' lang='grc' dir='ltr'><strong>ἕλξιϐεν</strong></span> <span class='ocrx_word' id='word_1_40' title='bbox 3097 630 3282 696; x_wconf 85' lang='grc' dir='ltr'><em>αὐτὸς</em></span> <span class='ocrx_word' id='word_1_41' title='bbox 3305 627 3376 683; x_wconf 84' lang='grc' dir='ltr'><strong>ἐν</strong></span> <span class='ocrx_word' id='word_1_42' title='bbox 3397 628 3478 694; x_wconf 85' lang='grc' dir='ltr'><strong>τῷ</strong></span> <span class='ocrx_word' id='word_1_43' title='bbox 3515 627 3786 697; x_wconf 67' lang='grc' dir='ltr'>Ἰσραὴλ,</span> 
     </span>
    </p>
   </div>
   <div class='ocr_carea' id='block_1_11' title="bbox 2202 719 3790 788">
    <p class='ocr_par' dir='ltr' id='par_1_11' title="bbox 2202 719 3790 788">
     <span class='ocr_line' id='line_1_11' title="bbox 2202 719 3790 788; baseline -0.001 -15"><span class='ocrx_word' id='word_1_44' title='bbox 2202 721 2296 774; x_wconf 72' lang='grc' dir='ltr'>τι(ιί</span> <span class='ocrx_word' id='word_1_45' title='bbox 2328 720 2493 774; x_wconf 74' lang='grc' dir='ltr'>ἔθετο</span> <span class='ocrx_word' id='word_1_46' title='bbox 2543 720 2696 774; x_wconf 85' lang='grc' dir='ltr'><em>αὐτὰ</em></span> <span class='ocrx_word' id='word_1_47' title='bbox 2726 721 2800 788; x_wconf 80' lang='grc' dir='ltr'><strong>τῇ</strong></span> <span class='ocrx_word' id='word_1_48' title='bbox 2845 720 3032 786; x_wconf 75' lang='grc' dir='ltr'><em>Βαὰλ,</em></span> <span class='ocrx_word' id='word_1_49' title='bbox 3066 719 3166 774; x_wconf 74' lang='grc' dir='ltr'><strong>καὶ</strong></span> <span class='ocrx_word' id='word_1_50' title='bbox 3197 719 3476 774; x_wconf 84' lang='grc' dir='ltr'>ἀπέθανε.</span> <span class='ocrx_word' id='word_1_51' title='bbox 3521 719 3636 772; x_wconf 80' lang='grc' dir='ltr'><strong>Καὶ</strong></span> <span class='ocrx_word' id='word_1_52' title='bbox 3667 719 3790 773; x_wconf 75' lang='grc' dir='ltr'><em>νῦν</em></span> 
     </span>
    </p>
   </div>
   <div class='ocr_carea' id='block_1_12' title="bbox 2201 810 3790 880">
    <p class='ocr_par' dir='ltr' id='par_1_12' title="bbox 2201 810 3790 880">
     <span class='ocr_line' id='line_1_12' title="bbox 2201 810 3790 880; baseline 0.002 -19"><span class='ocrx_word' id='word_1_53' title='bbox 2201 810 2525 878; x_wconf 80' lang='grc' dir='ltr'><em>προσέθετο</em></span> <span class='ocrx_word' id='word_1_54' title='bbox 2547 813 2613 864; x_wconf 89' lang='grc' dir='ltr'><strong>τὸ</strong></span> <span class='ocrx_word' id='word_1_55' title='bbox 2636 811 2996 880; x_wconf 81' lang='grc' dir='ltr'><strong>ἁμαρτάνειν</strong></span> <span class='ocrx_word' id='word_1_56' title='bbox 3029 812 3138 866; x_wconf 82' lang='grc' dir='ltr'>ἐτι.</span> <span class='ocrx_word' id='word_1_57' title='bbox 3180 810 3292 864; x_wconf 79' lang='grc' dir='ltr'><strong>Καὶ</strong></span> <span class='ocrx_word' id='word_1_58' title='bbox 3322 810 3622 878; x_wconf 80' lang='grc' dir='ltr'>ἐποίησαν</span> <span class='ocrx_word' id='word_1_59' title='bbox 3653 811 3790 864; x_wconf 61' lang='lat' dir='ltr'><strong>eav-</strong></span> 
     </span>
    </p>
   </div>
   <div class='ocr_carea' id='block_1_13' title="bbox 536 901 2111 976">
    <p class='ocr_par' dir='ltr' id='par_1_13' title="bbox 536 903 2104 976">
     <span class='ocr_line' id='line_1_13' title="bbox 536 903 2104 976; baseline 0.001 -18"><span class='ocrx_word' id='word_1_60' title='bbox 536 903 700 970; x_wconf 79' lang='lat' dir='ltr'><strong>(latile</strong></span> <span class='ocrx_word' id='word_1_61' title='bbox 749 919 813 958; x_wconf 77' lang='lat' dir='ltr'><strong>ea:</strong></span> <span class='ocrx_word' id='word_1_62' title='bbox 878 910 1094 972; x_wconf 82' lang='lat' dir='ltr'><strong>argento</strong></span> <span class='ocrx_word' id='word_1_63' title='bbox 1156 903 1412 970; x_wconf 85' lang='lat' dir='ltr'><strong>ipsorum,</strong></span> <span class='ocrx_word' id='word_1_64' title='bbox 1459 906 1742 958; x_wconf 71' lang='lat' dir='ltr'><strong>secundum</strong></span> <span class='ocrx_word' id='word_1_65' title='bbox 1825 906 2104 976; x_wconf 79' lang='lat' dir='ltr'><strong>imaginem</strong></span> 
     </span>
    </p>
   </div>
   <div class='ocr_carea' id='block_1_14' title="bbox 2212 901 3788 976">
    <p class='ocr_par' dir='ltr' id='par_1_14' title="bbox 2212 901 3788 972">
     <span class='ocr_line' id='line_1_14' title="bbox 2212 901 3788 972; baseline 0 -18"><span class='ocrx_word' id='word_1_66' title='bbox 2212 901 2324 967; x_wconf 74' lang='grc' dir='ltr'>τοῖς</span> <span class='ocrx_word' id='word_1_67' title='bbox 2347 901 2624 971; x_wconf 77' lang='grc' dir='ltr'>χώνευμα</span> <span class='ocrx_word' id='word_1_68' title='bbox 2649 901 2718 956; x_wconf 79' lang='grc' dir='ltr'>ἐκ</span> <span class='ocrx_word' id='word_1_69' title='bbox 2738 901 2842 956; x_wconf 85' lang='grc' dir='ltr'><strong>τοῦ</strong></span> <span class='ocrx_word' id='word_1_70' title='bbox 2868 902 3152 972; x_wconf 81' lang='grc' dir='ltr'><strong>ἀργυρίου</strong></span> <span class='ocrx_word' id='word_1_71' title='bbox 3177 901 3396 968; x_wconf 86' lang='grc' dir='ltr'>αὐτῶν,</span> <span class='ocrx_word' id='word_1_72' title='bbox 3423 903 3551 954; x_wconf 84' lang='grc' dir='ltr'>κατ’</span> <span class='ocrx_word' id='word_1_73' title='bbox 3577 903 3788 955; x_wconf 79' lang='grc' dir='ltr'><em>εἰκόνα</em></span> 
     </span>
    </p>
   </div>
   <div class='ocr_carea' id='block_1_15' title="bbox 537 993 1726 1064">
    <p class='ocr_par' dir='ltr' id='par_1_15' title="bbox 537 993 1726 1064">
     <span class='ocr_line' id='line_1_15' title="bbox 537 993 1726 1064; baseline 0.005 -18"><span class='ocrx_word' id='word_1_74' title='bbox 537 994 822 1059; x_wconf 80' lang='lat' dir='ltr'><strong>idolorum,</strong></span> <span class='ocrx_word' id='word_1_75' title='bbox 853 1009 1009 1062; x_wconf 84' lang='lat' dir='ltr'><strong><em>opera</em></strong></span> <span class='ocrx_word' id='word_1_76' title='bbox 1058 993 1329 1061; x_wconf 82' lang='lat' dir='ltr'><strong>artiﬁcum</strong></span> <span class='ocrx_word' id='word_1_77' title='bbox 1357 995 1592 1064; x_wconf 81' lang='lat' dir='ltr'><strong>confecta</strong></span> <span class='ocrx_word' id='word_1_78' title='bbox 1631 998 1726 1052; x_wconf 85' lang='lat' dir='ltr'><strong>eis.</strong></span> 
     </span>
    </p>
   </div>
   <div class='ocr_carea' id='block_1_16' title="bbox 605 1085 2106 1155">
    <p class='ocr_par' dir='ltr' id='par_1_16' title="bbox 605 1085 2106 1155">
     <span class='ocr_line' id='line_1_16' title="bbox 605 1085 2106 1155; baseline -0.001 -12"><span class='ocrx_word' id='word_1_79' title='bbox 605 1085 834 1143; x_wconf 74' lang='lat' dir='ltr'><strong>CXLVI.</strong></span> <span class='ocrx_word' id='word_1_80' title='bbox 878 1085 994 1140; x_wconf 89' lang='lat' dir='ltr'><strong>Non</strong></span> <span class='ocrx_word' id='word_1_81' title='bbox 1035 1087 1322 1155; x_wconf 78' lang='lat' dir='ltr'><strong>separatim</strong></span> <span class='ocrx_word' id='word_1_82' title='bbox 1381 1087 1564 1142; x_wconf 85' lang='lat' dir='ltr'><strong>decem</strong></span> <span class='ocrx_word' id='word_1_83' title='bbox 1615 1088 1805 1155; x_wconf 88' lang='lat' dir='ltr'><strong>tribus,</strong></span> <span class='ocrx_word' id='word_1_84' title='bbox 1838 1089 1933 1144; x_wconf 90' lang='lat' dir='ltr'><strong>sed</strong></span> <span class='ocrx_word' id='word_1_85' title='bbox 1989 1089 2106 1142; x_wconf 88' lang='lat' dir='ltr'><strong>nni-</strong></span> 
     </span>
    </p>
   </div>
   <div class='ocr_carea' id='block_1_17' title="bbox 527 1178 2108 1251">
    <p class='ocr_par' dir='ltr' id='par_1_17' title="bbox 527 1178 2108 1251">
     <span class='ocr_line' id='line_1_17' title="bbox 527 1178 2108 1251; baseline 0.004 -21"><span class='ocrx_word' id='word_1_86' title='bbox 527 1194 754 1235; x_wconf 62' lang='lat' dir='ltr'><strong>rersum</strong></span> <span class='ocrx_word' id='word_1_87' title='bbox 803 1178 965 1233; x_wconf 75' lang='lat' dir='ltr'><strong>Israel</strong></span> <span class='ocrx_word' id='word_1_88' title='bbox 1003 1180 1231 1242; x_wconf 90' lang='lat' dir='ltr'><strong>incusat,</strong></span> <span class='ocrx_word' id='word_1_89' title='bbox 1256 1189 1310 1233; x_wconf 87' lang='lat' dir='ltr'><strong>et</strong></span> <span class='ocrx_word' id='word_1_90' title='bbox 1331 1180 1426 1246; x_wconf 89' lang='lat' dir='ltr'><strong>ait,</strong></span> <span class='ocrx_word' id='word_1_91' title='bbox 1459 1180 1933 1249; x_wconf 85' lang='lat' dir='ltr'><strong>justiﬁcationibus</strong></span> <span class='ocrx_word' id='word_1_92' title='bbox 1977 1182 2108 1251; x_wconf 80' lang='lat' dir='ltr'><strong>ipsis</strong></span> 
     </span>
    </p>
   </div>
   <div class='ocr_carea' id='block_1_18' title="bbox 523 1269 2108 1342">
    <p class='ocr_par' dir='ltr' id='par_1_18' title="bbox 523 1269 2108 1342">
     <span class='ocr_line' id='line_1_18' title="bbox 523 1269 2108 1342; baseline 0.002 -18"><span class='ocrx_word' id='word_1_93' title='bbox 523 1285 638 1340; x_wconf 82' lang='lat' dir='ltr'><strong>per</strong></span> <span class='ocrx_word' id='word_1_94' title='bbox 671 1271 883 1342; x_wconf 81' lang='lat' dir='ltr'><strong>Moysen</strong></span> <span class='ocrx_word' id='word_1_95' title='bbox 904 1269 1136 1338; x_wconf 94' lang='lat' dir='ltr'><strong>traditis,</strong></span> <span class='ocrx_word' id='word_1_96' title='bbox 1161 1271 1354 1339; x_wconf 89' lang='lat' dir='ltr'><strong>quibus</strong></span> <span class='ocrx_word' id='word_1_97' title='bbox 1381 1272 1767 1326; x_wconf 85' lang='lat' dir='ltr'><strong>erudiebantur</strong></span> <span class='ocrx_word' id='word_1_98' title='bbox 1806 1287 1912 1342; x_wconf 90' lang='lat' dir='ltr'><strong>quo</strong></span> <span class='ocrx_word' id='word_1_99' title='bbox 1950 1284 2108 1342; x_wconf 84' lang='lat' dir='ltr'><strong>pacto</strong></span> 
     </span>
    </p>
   </div>
   <div class='ocr_carea' id='block_1_19' title="bbox 545 1361 2106 1430">
    <p class='ocr_par' dir='ltr' id='par_1_19' title="bbox 545 1361 2106 1430">
     <span class='ocr_line' id='line_1_19' title="bbox 545 1361 2106 1430; baseline 0.001 -13"><span class='ocrx_word' id='word_1_100' title='bbox 545 1365 708 1417; x_wconf 89' lang='lat' dir='ltr'><strong>Deum</strong></span> <span class='ocrx_word' id='word_1_101' title='bbox 757 1361 998 1416; x_wconf 88' lang='lat' dir='ltr'><strong>colerent</strong></span> <span class='ocrx_word' id='word_1_102' title='bbox 1045 1371 1098 1414; x_wconf 89' lang='lat' dir='ltr'><strong>et</strong></span> <span class='ocrx_word' id='word_1_103' title='bbox 1136 1363 1581 1430; x_wconf 81' lang='lat' dir='ltr'><strong>quemadmodum</strong></span> <span class='ocrx_word' id='word_1_104' title='bbox 1614 1362 1687 1416; x_wconf 87' lang='lat' dir='ltr'><strong>illi</strong></span> <span class='ocrx_word' id='word_1_105' title='bbox 1719 1364 2106 1429; x_wconf 91' lang='lat' dir='ltr'><strong>sacrilicarent,</strong></span> 
     </span>
    </p>
   </div>
   <div class='ocr_carea' id='block_1_20' title="bbox 521 1448 2110 1518">
    <p class='ocr_par' dir='ltr' id='par_1_20' title="bbox 521 1448 2110 1518">
     <span class='ocr_line' id='line_1_20' title="bbox 521 1448 2110 1518; baseline 0.003 -13"><span class='ocrx_word' id='word_1_106' title='bbox 521 1465 635 1505; x_wconf 81' lang='lat' dir='ltr'><strong>cos</strong></span> <span class='ocrx_word' id='word_1_107' title='bbox 671 1450 794 1503; x_wconf 86' lang='lat' dir='ltr'><strong>talia</strong></span> <span class='ocrx_word' id='word_1_108' title='bbox 838 1450 1221 1518; x_wconf 87' lang='lat' dir='ltr'><strong>propemodum</strong></span> <span class='ocrx_word' id='word_1_109' title='bbox 1271 1448 1420 1514; x_wconf 85' lang='lat' dir='ltr'><strong>Baal,</strong></span> <span class='ocrx_word' id='word_1_110' title='bbox 1443 1449 1560 1506; x_wconf 80' lang='lat' dir='ltr'><strong>sive</strong></span> <span class='ocrx_word' id='word_1_111' title='bbox 1609 1451 1765 1508; x_wconf 87' lang='lat' dir='ltr'><strong>idolis</strong></span> <span class='ocrx_word' id='word_1_112' title='bbox 1796 1467 2110 1509; x_wconf 83' lang='lat' dir='ltr'><strong>consecras-</strong></span> 
     </span>
    </p>
   </div>
   <div class='ocr_carea' id='block_1_21' title="bbox 541 1540 2106 1612">
    <p class='ocr_par' dir='ltr' id='par_1_21' title="bbox 541 1540 2106 1612">
     <span class='ocr_line' id='line_1_21' title="bbox 541 1540 2106 1612; baseline 0.004 -17"><span class='ocrx_word' id='word_1_113' title='bbox 541 1557 621 1599; x_wconf 87' lang='lat' dir='ltr'><strong>se.</strong></span> <span class='ocrx_word' id='word_1_114' title='bbox 654 1540 728 1594; x_wconf 76' lang='lat' dir='ltr'><strong>Ex</strong></span> <span class='ocrx_word' id='word_1_115' title='bbox 761 1549 914 1610; x_wconf 87' lang='lat' dir='ltr'><strong>parte</strong></span> <span class='ocrx_word' id='word_1_116' title='bbox 965 1540 1107 1594; x_wconf 89' lang='lat' dir='ltr'><strong>enim</strong></span> <span class='ocrx_word' id='word_1_117' title='bbox 1149 1554 1529 1609; x_wconf 88' lang='lat' dir='ltr'><strong>nonnunquam</strong></span> <span class='ocrx_word' id='word_1_118' title='bbox 1589 1549 1756 1596; x_wconf 89' lang='lat' dir='ltr'><strong>totum</strong></span> <span class='ocrx_word' id='word_1_119' title='bbox 1817 1543 2106 1612; x_wconf 79' lang='lat' dir='ltr'><strong>signiﬁcat.</strong></span> 
     </span>
    </p>
   </div>
   <div class='ocr_carea' id='block_1_22' title="bbox 545 1630 2111 1702">
    <p class='ocr_par' dir='ltr' id='par_1_22' title="bbox 545 1630 2111 1702">
     <span class='ocr_line' id='line_1_22' title="bbox 545 1630 2111 1702; baseline 0.003 -17"><span class='ocrx_word' id='word_1_120' title='bbox 545 1633 656 1687; x_wconf 80' lang='lat' dir='ltr'><strong>Non</strong></span> <span class='ocrx_word' id='word_1_121' title='bbox 685 1633 826 1686; x_wconf 91' lang='lat' dir='ltr'><strong>enim</strong></span> <span class='ocrx_word' id='word_1_122' title='bbox 888 1631 1115 1699; x_wconf 89' lang='lat' dir='ltr'><strong>amplius</strong></span> <span class='ocrx_word' id='word_1_123' title='bbox 1164 1630 1297 1696; x_wconf 87' lang='lat' dir='ltr'><strong>Deo,</strong></span> <span class='ocrx_word' id='word_1_124' title='bbox 1327 1630 1418 1684; x_wconf 91' lang='lat' dir='ltr'><strong>sed</strong></span> <span class='ocrx_word' id='word_1_125' title='bbox 1475 1633 1654 1701; x_wconf 89' lang='lat' dir='ltr'><strong>potius</strong></span> <span class='ocrx_word' id='word_1_126' title='bbox 1709 1635 1959 1702; x_wconf 80' lang='lat' dir='ltr'><strong>Operibus</strong></span> <span class='ocrx_word' id='word_1_127' title='bbox 1999 1651 2111 1689; x_wconf 87' lang='lat' dir='ltr'><strong>ma-</strong></span> 
     </span>
    </p>
   </div>
   <div class='ocr_carea' id='block_1_23' title="bbox 543 1719 2111 1792">
    <p class='ocr_par' dir='ltr' id='par_1_23' title="bbox 543 1719 2111 1792">
     <span class='ocr_line' id='line_1_23' title="bbox 543 1719 2111 1792; baseline 0.005 -18"><span class='ocrx_word' id='word_1_128' title='bbox 543 1739 709 1778; x_wconf 87' lang='lat' dir='ltr'><strong>nuum</strong></span> <span class='ocrx_word' id='word_1_129' title='bbox 740 1737 958 1776; x_wconf 89' lang='lat' dir='ltr'><strong>suarum</strong></span> <span class='ocrx_word' id='word_1_130' title='bbox 1011 1735 1165 1776; x_wconf 89' lang='lat' dir='ltr'><strong>sacra</strong></span> <span class='ocrx_word' id='word_1_131' title='bbox 1217 1719 1569 1788; x_wconf 79' lang='lat' dir='ltr'><strong>fecerunt,et</strong></span> <span class='ocrx_word' id='word_1_132' title='bbox 1618 1724 1746 1792; x_wconf 81' lang='lat' dir='ltr'><strong>ipsis</strong></span> <span class='ocrx_word' id='word_1_133' title='bbox 1787 1724 1900 1779; x_wconf 82' lang='lat' dir='ltr'><strong>dies</strong></span> <span class='ocrx_word' id='word_1_134' title='bbox 1949 1725 2111 1782; x_wconf 86' lang='lat' dir='ltr'><strong>festos</strong></span> 
     </span>
    </p>
   </div>
   <div class='ocr_carea' id='block_1_24' title="bbox 544 1813 2111 1887">
    <p class='ocr_par' dir='ltr' id='par_1_24' title="bbox 544 1813 2111 1887">
     <span class='ocr_line' id='line_1_24' title="bbox 544 1813 2111 1887; baseline 0.004 -21"><span class='ocrx_word' id='word_1_135' title='bbox 544 1821 881 1882; x_wconf 82' lang='lat' dir='ltr'><strong>peregerunt,</strong></span> <span class='ocrx_word' id='word_1_136' title='bbox 915 1813 1258 1882; x_wconf 83' lang='lat' dir='ltr'><strong>divinumque</strong></span> <span class='ocrx_word' id='word_1_137' title='bbox 1287 1813 1486 1868; x_wconf 89' lang='lat' dir='ltr'><strong>cultum</strong></span> <span class='ocrx_word' id='word_1_138' title='bbox 1516 1815 1898 1880; x_wconf 88' lang='lat' dir='ltr'><strong>adhibuerunt,</strong></span> <span class='ocrx_word' id='word_1_139' title='bbox 1922 1826 1975 1870; x_wconf 88' lang='lat' dir='ltr'><strong>et</strong></span> <span class='ocrx_word' id='word_1_140' title='bbox 1999 1819 2111 1887; x_wconf 87' lang='lat' dir='ltr'><strong>pri-</strong></span> 
     </span>
    </p>
   </div>
   <div class='ocr_carea' id='block_1_25' title="bbox 2201 993 3782 1064">
    <p class='ocr_par' dir='ltr' id='par_1_25' title="bbox 2201 993 3782 1064">
     <span class='ocr_line' id='line_1_25' title="bbox 2201 993 3782 1064; baseline 0.003 -20"><span class='ocrx_word' id='word_1_141' title='bbox 2201 993 2481 1058; x_wconf 81' lang='grc' dir='ltr'>εὶδώλων,</span> <span class='ocrx_word' id='word_1_142' title='bbox 2507 995 2652 1064; x_wconf 66' lang='grc' dir='ltr'>ἔργα</span> <span class='ocrx_word' id='word_1_143' title='bbox 2688 995 2983 1048; x_wconf 78' lang='grc' dir='ltr'><strong>τεκτόνων</strong></span> <span class='ocrx_word' id='word_1_144' title='bbox 3009 994 3533 1062; x_wconf 80' lang='grc' dir='ltr'>συντετελεσμένα</span> <span class='ocrx_word' id='word_1_145' title='bbox 3555 994 3782 1060; x_wconf 82' lang='grc' dir='ltr'>αὐτοῖς.</span> 
     </span>
    </p>
   </div>
   <div class='ocr_carea' id='block_1_26' title="bbox 2272 1084 3784 1160">
    <p class='ocr_par' dir='ltr' id='par_1_26' title="bbox 2272 1084 3784 1160">
     <span class='ocr_line' id='line_1_26' title="bbox 2272 1084 3784 1160; baseline 0.001 -23"><span class='ocrx_word' id='word_1_146' title='bbox 2272 1084 2459 1150; x_wconf 64' lang='lat' dir='ltr'><strong>PMCI’.</strong></span> <span class='ocrx_word' id='word_1_147' title='bbox 2494 1087 2608 1138; x_wconf 86' lang='grc' dir='ltr'>Οὐκ</span> <span class='ocrx_word' id='word_1_148' title='bbox 2636 1085 2738 1139; x_wconf 90' lang='grc' dir='ltr'><strong>ἀνά</strong></span> <span class='ocrx_word' id='word_1_149' title='bbox 2773 1087 2938 1160; x_wconf 83' lang='grc' dir='ltr'><strong>μέρος</strong></span> <span class='ocrx_word' id='word_1_150' title='bbox 2965 1088 3022 1139; x_wconf 83' lang='grc' dir='ltr'>ὲν</span> <span class='ocrx_word' id='word_1_151' title='bbox 3047 1086 3258 1148; x_wconf 81' lang='grc' dir='ltr'><strong>τούτοις</strong></span> <span class='ocrx_word' id='word_1_152' title='bbox 3293 1085 3392 1148; x_wconf 88' lang='grc' dir='ltr'>τὰς</span> <span class='ocrx_word' id='word_1_153' title='bbox 3422 1084 3559 1138; x_wconf 83' lang='grc' dir='ltr'><strong>δέκα</strong></span> <span class='ocrx_word' id='word_1_154' title='bbox 3589 1084 3784 1153; x_wconf 74' lang='grc' dir='ltr'>φυλὰς,</span> 
     </span>
    </p>
   </div>
   <div class='ocr_carea' id='block_1_27' title="bbox 2206 1174 3790 1248">
    <p class='ocr_par' dir='ltr' id='par_1_27' title="bbox 2206 1174 3790 1248">
     <span class='ocr_line' id='line_1_27' title="bbox 2206 1174 3790 1248; baseline 0.001 -20"><span class='ocrx_word' id='word_1_155' title='bbox 2206 1174 2317 1228; x_wconf 85' lang='grc' dir='ltr'>ἀλλ’</span> <span class='ocrx_word' id='word_1_156' title='bbox 2338 1175 2456 1228; x_wconf 84' lang='grc' dir='ltr'><strong>ὅλον</strong></span> <span class='ocrx_word' id='word_1_157' title='bbox 2481 1178 2720 1230; x_wconf 81' lang='grc' dir='ltr'>αἰτιᾶται</span> <span class='ocrx_word' id='word_1_158' title='bbox 2743 1174 2834 1230; x_wconf 81' lang='grc' dir='ltr'><strong>τὸν</strong></span> <span class='ocrx_word' id='word_1_159' title='bbox 2865 1176 3100 1248; x_wconf 82' lang='grc' dir='ltr'>Ἰσραὴλ,</span> <span class='ocrx_word' id='word_1_160' title='bbox 3133 1175 3227 1229; x_wconf 86' lang='grc' dir='ltr'><strong>καί</strong></span> <span class='ocrx_word' id='word_1_161' title='bbox 3245 1193 3428 1247; x_wconf 79' lang='grc' dir='ltr'>φησιν,</span> <span class='ocrx_word' id='word_1_162' title='bbox 3451 1177 3534 1229; x_wconf 81' lang='grc' dir='ltr'><strong>ὅτι</strong></span> <span class='ocrx_word' id='word_1_163' title='bbox 3566 1176 3790 1230; x_wconf 80' lang='grc' dir='ltr'>δικαιω-</span> 
     </span>
    </p>
   </div>
   <div class='ocr_carea' id='block_1_28' title="bbox 2209 1260 3788 1336">
    <p class='ocr_par' dir='ltr' id='par_1_28' title="bbox 2209 1260 3788 1336">
     <span class='ocr_line' id='line_1_28' title="bbox 2209 1260 3788 1336; baseline -0.001 -17"><span class='ocrx_word' id='word_1_164' title='bbox 2209 1266 2395 1336; x_wconf 83' lang='grc' dir='ltr'>μάτων</span> <span class='ocrx_word' id='word_1_165' title='bbox 2413 1267 2594 1328; x_wconf 82' lang='grc' dir='ltr'>αὐτοῖς</span> <span class='ocrx_word' id='word_1_166' title='bbox 2617 1266 2874 1321; x_wconf 82' lang='grc' dir='ltr'><strong>δοθέντων</strong></span> <span class='ocrx_word' id='word_1_167' title='bbox 2900 1266 2986 1321; x_wconf 86' lang='grc' dir='ltr'><strong>διά</strong></span> <span class='ocrx_word' id='word_1_168' title='bbox 3014 1267 3292 1331; x_wconf 84' lang='grc' dir='ltr'>Μωῦσέως</span> <span class='ocrx_word' id='word_1_169' title='bbox 3308 1307 3323 1332; x_wconf 86' lang='grc'><strong>,</strong></span> <span class='ocrx_word' id='word_1_170' title='bbox 3352 1266 3418 1319; x_wconf 79' lang='grc' dir='ltr'>δι’</span> <span class='ocrx_word' id='word_1_171' title='bbox 3438 1260 3512 1320; x_wconf 82' lang='grc' dir='ltr'>ὧν</span> <span class='ocrx_word' id='word_1_172' title='bbox 3535 1266 3788 1320; x_wconf 76' lang='grc' dir='ltr'>ἐπαιδεύ-</span> 
     </span>
    </p>
   </div>
   <div class='ocr_carea' id='block_1_29' title="bbox 2207 1357 3788 1431">
    <p class='ocr_par' dir='ltr' id='par_1_29' title="bbox 2207 1357 3788 1431">
     <span class='ocr_line' id='line_1_29' title="bbox 2207 1357 3788 1431; baseline 0 -21"><span class='ocrx_word' id='word_1_173' title='bbox 2207 1375 2346 1422; x_wconf 88' lang='grc' dir='ltr'>οντο,</span> <span class='ocrx_word' id='word_1_174' title='bbox 2368 1357 2488 1410; x_wconf 87' lang='grc' dir='ltr'>τίνα</span> <span class='ocrx_word' id='word_1_175' title='bbox 2517 1358 2622 1429; x_wconf 82' lang='grc' dir='ltr'>χρὴ</span> <span class='ocrx_word' id='word_1_176' title='bbox 2647 1358 2846 1430; x_wconf 83' lang='grc' dir='ltr'>τρόπον</span> <span class='ocrx_word' id='word_1_177' title='bbox 2877 1359 3199 1431; x_wconf 81' lang='grc' dir='ltr'>θεραπεύειν</span> <span class='ocrx_word' id='word_1_178' title='bbox 3231 1359 3321 1411; x_wconf 75' lang='grc' dir='ltr'><strong>τὸν</strong></span> <span class='ocrx_word' id='word_1_179' title='bbox 3355 1357 3511 1422; x_wconf 81' lang='grc' dir='ltr'>Θεὸν,</span> <span class='ocrx_word' id='word_1_180' title='bbox 3551 1359 3702 1420; x_wconf 79' lang='grc' dir='ltr'>ὅπως</span> <span class='ocrx_word' id='word_1_181' title='bbox 3727 1375 3788 1410; x_wconf 88' lang='grc' dir='ltr'><strong>τε</strong></span> 
     </span>
    </p>
   </div>
   <div class='ocr_carea' id='block_1_30' title="bbox 2207 1447 3792 1518">
    <p class='ocr_par' dir='ltr' id='par_1_30' title="bbox 2207 1447 3792 1518">
     <span class='ocr_line' id='line_1_30' title="bbox 2207 1447 3792 1518; baseline -0.001 -18"><span class='ocrx_word' id='word_1_182' title='bbox 2207 1447 2387 1518; x_wconf 83' lang='grc' dir='ltr'>δεήσει</span> <span class='ocrx_word' id='word_1_183' title='bbox 2435 1447 2732 1517; x_wconf 80' lang='grc' dir='ltr'><strong>προσάγειν</strong></span> <span class='ocrx_word' id='word_1_184' title='bbox 2756 1447 2965 1513; x_wconf 80' lang='grc' dir='ltr'><strong>θυσίας,</strong></span> <span class='ocrx_word' id='word_1_185' title='bbox 2999 1448 3152 1501; x_wconf 73' lang='grc' dir='ltr'>αὐτοὶ</span> <span class='ocrx_word' id='word_1_186' title='bbox 3181 1447 3251 1500; x_wconf 86' lang='grc' dir='ltr'>τὰ</span> <span class='ocrx_word' id='word_1_187' title='bbox 3293 1447 3471 1500; x_wconf 79' lang='grc' dir='ltr'>τοιάδε</span> <span class='ocrx_word' id='word_1_188' title='bbox 3506 1447 3792 1518; x_wconf 77' lang='grc' dir='ltr'>μονονουχὶ</span> 
     </span>
    </p>
   </div>
   <div class='ocr_carea' id='block_1_31' title="bbox 2207 1539 3790 1611">
    <p class='ocr_par' dir='ltr' id='par_1_31' title="bbox 2207 1539 3790 1611">
     <span class='ocr_line' id='line_1_31' title="bbox 2207 1539 3790 1611; baseline 0.001 -20"><span class='ocrx_word' id='word_1_189' title='bbox 2207 1539 2564 1594; x_wconf 77' lang='grc' dir='ltr'>τεθεσπίκασι</span> <span class='ocrx_word' id='word_1_190' title='bbox 2583 1540 2659 1611; x_wconf 85' lang='grc' dir='ltr'>τῷ</span> <span class='ocrx_word' id='word_1_191' title='bbox 2680 1539 2846 1604; x_wconf 77' lang='grc' dir='ltr'>Βάαλ,</span> <span class='ocrx_word' id='word_1_192' title='bbox 2870 1540 2986 1610; x_wconf 75' lang='grc' dir='ltr'>ἢτοι</span> <span class='ocrx_word' id='word_1_193' title='bbox 3005 1543 3116 1604; x_wconf 88' lang='grc' dir='ltr'>τοῖς</span> <span class='ocrx_word' id='word_1_194' title='bbox 3135 1539 3394 1604; x_wconf 78' lang='grc' dir='ltr'>εἰδώλοις.</span> <span class='ocrx_word' id='word_1_195' title='bbox 3425 1539 3561 1594; x_wconf 79' lang='grc' dir='ltr'>Ἀπὸ</span> <span class='ocrx_word' id='word_1_196' title='bbox 3589 1539 3790 1611; x_wconf 75' lang='grc' dir='ltr'>μέρους</span> 
     </span>
    </p>
   </div>
   <div class='ocr_carea' id='block_1_32' title="bbox 2211 1629 3791 1703">
    <p class='ocr_par' dir='ltr' id='par_1_32' title="bbox 2211 1629 3791 1703">
     <span class='ocr_line' id='line_1_32' title="bbox 2211 1629 3791 1703; baseline 0.002 -21"><span class='ocrx_word' id='word_1_197' title='bbox 2211 1630 2318 1700; x_wconf 79' lang='grc' dir='ltr'><strong>γὰρ</strong></span> <span class='ocrx_word' id='word_1_198' title='bbox 2345 1629 2456 1682; x_wconf 75' lang='grc' dir='ltr'>ἔσθ’</span> <span class='ocrx_word' id='word_1_199' title='bbox 2484 1631 2572 1684; x_wconf 82' lang='grc' dir='ltr'><strong>ὅτε</strong></span> <span class='ocrx_word' id='word_1_200' title='bbox 2599 1631 2850 1702; x_wconf 83' lang='grc' dir='ltr'><strong>σημαίνει</strong></span> <span class='ocrx_word' id='word_1_201' title='bbox 2879 1630 2936 1686; x_wconf 84' lang='grc' dir='ltr'><strong>τὸ</strong></span> <span class='ocrx_word' id='word_1_202' title='bbox 2960 1634 3085 1686; x_wconf 76' lang='grc' dir='ltr'>πᾶν.</span> <span class='ocrx_word' id='word_1_203' title='bbox 3109 1631 3379 1685; x_wconf 89' lang='grc' dir='ltr'>Τεθύκασι</span> <span class='ocrx_word' id='word_1_204' title='bbox 3400 1631 3507 1703; x_wconf 81' lang='grc' dir='ltr'>γὰρ</span> <span class='ocrx_word' id='word_1_205' title='bbox 3531 1631 3652 1703; x_wconf 82' lang='grc' dir='ltr'><strong>Θεῷ</strong></span> <span class='ocrx_word' id='word_1_206' title='bbox 3689 1632 3791 1702; x_wconf 85' lang='grc' dir='ltr'><strong>μὲν</strong></span> 
     </span>
    </p>
   </div>
   <div class='ocr_carea' id='block_1_33' title="bbox 2211 1722 3790 1796">
    <p class='ocr_par' dir='ltr' id='par_1_33' title="bbox 2211 1722 3790 1796">
     <span class='ocr_line' id='line_1_33' title="bbox 2211 1722 3790 1796; baseline 0.002 -21"><span class='ocrx_word' id='word_1_207' title='bbox 2211 1723 2392 1775; x_wconf 77' lang='grc' dir='ltr'>ούκέτι</span> <span class='ocrx_word' id='word_1_208' title='bbox 2419 1762 2434 1786; x_wconf 94' lang='grc'><strong>,</strong></span> <span class='ocrx_word' id='word_1_209' title='bbox 2470 1722 2669 1793; x_wconf 84' lang='grc' dir='ltr'>μᾶλλον</span> <span class='ocrx_word' id='word_1_210' title='bbox 2693 1723 2751 1777; x_wconf 83' lang='grc' dir='ltr'>δὲ</span> <span class='ocrx_word' id='word_1_211' title='bbox 2783 1727 2895 1788; x_wconf 84' lang='grc' dir='ltr'>τοῖς</span> <span class='ocrx_word' id='word_1_212' title='bbox 2926 1723 3106 1796; x_wconf 80' lang='grc' dir='ltr'><strong>ἔργοις</strong></span> <span class='ocrx_word' id='word_1_213' title='bbox 3132 1725 3240 1778; x_wconf 88' lang='grc' dir='ltr'><strong>τῶν</strong></span> <span class='ocrx_word' id='word_1_214' title='bbox 3271 1725 3413 1779; x_wconf 85' lang='grc' dir='ltr'>ἰδίων</span> <span class='ocrx_word' id='word_1_215' title='bbox 3457 1726 3660 1796; x_wconf 83' lang='grc' dir='ltr'>χειρῶν</span> <span class='ocrx_word' id='word_1_216' title='bbox 3695 1727 3790 1780; x_wconf 82' lang='grc' dir='ltr'>αύ-</span> 
     </span>
    </p>
   </div>
   <div class='ocr_carea' id='block_1_34' title="bbox 2212 1813 3788 1888">
    <p class='ocr_par' dir='ltr' id='par_1_34' title="bbox 2212 1813 3788 1888">
     <span class='ocr_line' id='line_1_34' title="bbox 2212 1813 3788 1888; baseline 0.001 -21"><span class='ocrx_word' id='word_1_217' title='bbox 2212 1815 2324 1876; x_wconf 85' lang='grc' dir='ltr'>τοῖς</span> <span class='ocrx_word' id='word_1_218' title='bbox 2353 1813 2568 1866; x_wconf 79' lang='grc' dir='ltr'>ὲτέλουν</span> <span class='ocrx_word' id='word_1_219' title='bbox 2605 1814 2702 1878; x_wconf 80' lang='grc' dir='ltr'>τὰς</span> <span class='ocrx_word' id='word_1_220' title='bbox 2727 1815 2937 1885; x_wconf 78' lang='grc' dir='ltr'>ἑορτὰς,</span> <span class='ocrx_word' id='word_1_221' title='bbox 2965 1817 3058 1868; x_wconf 75' lang='grc' dir='ltr'>καὶ</span> <span class='ocrx_word' id='word_1_222' title='bbox 3087 1815 3363 1886; x_wconf 75' lang='grc' dir='ltr'><strong>προσῆγον</strong></span> <span class='ocrx_word' id='word_1_223' title='bbox 3386 1813 3483 1886; x_wconf 75' lang='grc' dir='ltr'><strong>τὴν</strong></span> <span class='ocrx_word' id='word_1_224' title='bbox 3505 1816 3788 1888; x_wconf 80' lang='grc' dir='ltr'>λατρείαν,</span> 
     </span>
    </p>
   </div>
   <div class='ocr_carea' id='block_1_35' title="bbox 545 1899 2111 1982">
    <p class='ocr_par' dir='ltr' id='par_1_35' title="bbox 545 1903 2111 1978">
     <span class='ocr_line' id='line_1_35' title="bbox 545 1903 2111 1978; baseline 0.004 -21"><span class='ocrx_word' id='word_1_225' title='bbox 545 1905 747 1970; x_wconf 87' lang='lat' dir='ltr'><strong>mitias,</strong></span> <span class='ocrx_word' id='word_1_226' title='bbox 773 1904 1160 1970; x_wconf 89' lang='lat' dir='ltr'><strong>adorationem,</strong></span> <span class='ocrx_word' id='word_1_227' title='bbox 1192 1903 1330 1958; x_wconf 85' lang='lat' dir='ltr'><strong>dona</strong></span> <span class='ocrx_word' id='word_1_228' title='bbox 1361 1907 1703 1974; x_wconf 78' lang='lat' dir='ltr'><strong>gratitudinis</strong></span> <span class='ocrx_word' id='word_1_229' title='bbox 1744 1922 1874 1978; x_wconf 78' lang='lat' dir='ltr'><strong>ergo</strong></span> <span class='ocrx_word' id='word_1_230' title='bbox 1914 1910 2111 1964; x_wconf 86' lang='lat' dir='ltr'><strong>obtule-</strong></span> 
     </span>
    </p>
   </div>
   <div class='ocr_carea' id='block_1_36' title="bbox 2212 1899 3789 1982">
    <p class='ocr_par' dir='ltr' id='par_1_36' title="bbox 2216 1907 3789 1982">
     <span class='ocr_line' id='line_1_36' title="bbox 2216 1907 3789 1982; baseline 0.003 -22"><span class='ocrx_word' id='word_1_231' title='bbox 2216 1907 2313 1970; x_wconf 74' lang='grc' dir='ltr'><strong>τὰς</strong></span> <span class='ocrx_word' id='word_1_232' title='bbox 2360 1909 2635 1979; x_wconf 85' lang='grc' dir='ltr'>ἀπαρχὰς,</span> <span class='ocrx_word' id='word_1_233' title='bbox 2669 1910 2770 1980; x_wconf 80' lang='grc' dir='ltr'><strong>τὴν</strong></span> <span class='ocrx_word' id='word_1_234' title='bbox 2821 1910 3214 1981; x_wconf 74' lang='grc' dir='ltr'>προσκύνησιν,</span> <span class='ocrx_word' id='word_1_235' title='bbox 3248 1911 3314 1965; x_wconf 79' lang='grc' dir='ltr'>τὰ</span> <span class='ocrx_word' id='word_1_236' title='bbox 3343 1911 3492 1982; x_wconf 82' lang='grc' dir='ltr'>δῶρα</span> <span class='ocrx_word' id='word_1_237' title='bbox 3523 1911 3594 1964; x_wconf 82' lang='grc' dir='ltr'>τὰ</span> <span class='ocrx_word' id='word_1_238' title='bbox 3631 1929 3789 1982; x_wconf 84' lang='grc' dir='ltr'>χαρι-</span> 
     </span>
    </p>
   </div>
   <div class='ocr_carea' id='block_1_37' title="bbox 545 1995 2114 2068">
    <p class='ocr_par' dir='ltr' id='par_1_37' title="bbox 545 1995 2114 2068">
     <span class='ocr_line' id='line_1_37' title="bbox 545 1995 2114 2068; baseline 0.003 -19"><span class='ocrx_word' id='word_1_239' title='bbox 545 2004 693 2062; x_wconf 82' lang='lat' dir='ltr'><strong>runt,</strong></span> <span class='ocrx_word' id='word_1_240' title='bbox 725 2005 779 2051; x_wconf 90' lang='lat' dir='ltr'><strong>et</strong></span> <span class='ocrx_word' id='word_1_241' title='bbox 809 1996 974 2066; x_wconf 83' lang='lat' dir='ltr'><strong>gloria</strong></span> <span class='ocrx_word' id='word_1_242' title='bbox 1009 2011 1102 2051; x_wconf 88' lang='lat' dir='ltr'><strong>sua</strong></span> <span class='ocrx_word' id='word_1_243' title='bbox 1134 1996 1298 2051; x_wconf 91' lang='lat' dir='ltr'><strong>Deum</strong></span> <span class='ocrx_word' id='word_1_244' title='bbox 1328 1995 1642 2064; x_wconf 87' lang='lat' dir='ltr'><strong>spoliantes,</strong></span> <span class='ocrx_word' id='word_1_245' title='bbox 1691 2012 1808 2052; x_wconf 90' lang='lat' dir='ltr'><strong>eam</strong></span> <span class='ocrx_word' id='word_1_246' title='bbox 1855 1998 2114 2068; x_wconf 84' lang='lat' dir='ltr'><strong>sculptili-</strong></span> 
     </span>
    </p>
   </div>
   <div class='ocr_carea' id='block_1_38' title="bbox 545 2087 2110 2159">
    <p class='ocr_par' dir='ltr' id='par_1_38' title="bbox 545 2087 2110 2159">
     <span class='ocr_line' id='line_1_38' title="bbox 545 2087 2110 2159; baseline 0.003 -18"><span class='ocrx_word' id='word_1_247' title='bbox 545 2090 642 2144; x_wconf 70' lang='lat' dir='ltr'><strong>ltus</strong></span> <span class='ocrx_word' id='word_1_248' title='bbox 675 2088 1006 2144; x_wconf 87' lang='lat' dir='ltr'><strong>dicaverunt.</strong></span> <span class='ocrx_word' id='word_1_249' title='bbox 1035 2087 1140 2143; x_wconf 89' lang='lat' dir='ltr'><strong>Sed</strong></span> <span class='ocrx_word' id='word_1_250' title='bbox 1165 2089 1278 2144; x_wconf 65' lang='lat' dir='ltr'><strong>haec</strong></span> <span class='ocrx_word' id='word_1_251' title='bbox 1319 2104 1438 2144; x_wconf 92' lang='lat' dir='ltr'><strong>cum</strong></span> <span class='ocrx_word' id='word_1_252' title='bbox 1469 2088 1687 2144; x_wconf 82' lang='lat' dir='ltr'><strong>fecisset</strong></span> <span class='ocrx_word' id='word_1_253' title='bbox 1708 2088 1892 2155; x_wconf 88' lang='lat' dir='ltr'><strong>Israel,</strong></span> <span class='ocrx_word' id='word_1_254' title='bbox 1918 2089 2110 2159; x_wconf 83' lang='lat' dir='ltr'><strong>inquit,</strong></span> 
     </span>
    </p>
   </div>
   <div class='ocr_carea' id='block_1_39' title="bbox 525 2174 2112 2251">
    <p class='ocr_par' dir='ltr' id='par_1_39' title="bbox 525 2174 2112 2251">
     <span class='ocr_line' id='line_1_39' title="bbox 525 2174 2112 2251; baseline 0.002 -20"><span class='ocrx_word' id='word_1_255' title='bbox 525 2198 566 2231; x_wconf 64' lang='lat'>1</span> <span class='ocrx_word' id='word_1_256' title='bbox 608 2174 852 2236; x_wconf 81' lang='lat' dir='ltr'><strong>mortuus</strong></span> <span class='ocrx_word' id='word_1_257' title='bbox 891 2189 994 2246; x_wconf 90' lang='lat' dir='ltr'><strong>est,</strong></span> <span class='ocrx_word' id='word_1_258' title='bbox 1050 2189 1104 2234; x_wconf 92' lang='lat' dir='ltr'><strong>et</strong></span> <span class='ocrx_word' id='word_1_259' title='bbox 1143 2194 1354 2234; x_wconf 90' lang='lat' dir='ltr'><strong>rursum</strong></span> <span class='ocrx_word' id='word_1_260' title='bbox 1401 2190 1794 2249; x_wconf 82' lang='lat' dir='ltr'><strong>apposueram,</strong></span> <span class='ocrx_word' id='word_1_261' title='bbox 1819 2188 1875 2234; x_wconf 88' lang='lat' dir='ltr'><strong>ut</strong></span> <span class='ocrx_word' id='word_1_262' title='bbox 1924 2196 2112 2251; x_wconf 87' lang='lat' dir='ltr'><strong>pecca-</strong></span> 
     </span>
    </p>
   </div>
   <div class='ocr_carea' id='block_1_40' title="bbox 535 2270 2114 2341">
    <p class='ocr_par' dir='ltr' id='par_1_40' title="bbox 535 2270 2114 2341">
     <span class='ocr_line' id='line_1_40' title="bbox 535 2270 2114 2341; baseline 0.002 -17"><span class='ocrx_word' id='word_1_263' title='bbox 535 2281 717 2326; x_wconf 67' lang='lat' dir='ltr'><strong>rent.»</strong></span> <span class='ocrx_word' id='word_1_264' title='bbox 751 2272 828 2326; x_wconf 81' lang='lat' dir='ltr'><strong>Ac</strong></span> <span class='ocrx_word' id='word_1_265' title='bbox 859 2271 904 2325; x_wconf 89' lang='lat' dir='ltr'><strong>si</strong></span> <span class='ocrx_word' id='word_1_266' title='bbox 941 2272 1110 2325; x_wconf 88' lang='lat' dir='ltr'><strong>dicat:</strong></span> <span class='ocrx_word' id='word_1_267' title='bbox 1147 2270 1370 2326; x_wconf 84' lang='lat' dir='ltr'><strong>Punitus</strong></span> <span class='ocrx_word' id='word_1_268' title='bbox 1403 2279 1487 2326; x_wconf 90' lang='lat' dir='ltr'><strong>est</strong></span> <span class='ocrx_word' id='word_1_269' title='bbox 1552 2281 1672 2341; x_wconf 89' lang='lat' dir='ltr'><strong>post</strong></span> <span class='ocrx_word' id='word_1_270' title='bbox 1713 2273 1935 2338; x_wconf 82' lang='lat' dir='ltr'><strong>factum,</strong></span> <span class='ocrx_word' id='word_1_271' title='bbox 1970 2272 2114 2328; x_wconf 89' lang='lat' dir='ltr'><strong>dele-</strong></span> 
     </span>
    </p>
   </div>
   <div class='ocr_carea' id='block_1_41' title="bbox 547 2360 2112 2433">
    <p class='ocr_par' dir='ltr' id='par_1_41' title="bbox 547 2360 2112 2433">
     <span class='ocr_line' id='line_1_41' title="bbox 547 2360 2112 2433; baseline 0.003 -20"><span class='ocrx_word' id='word_1_272' title='bbox 547 2373 632 2416; x_wconf 85' lang='lat' dir='ltr'><strong>tus</strong></span> <span class='ocrx_word' id='word_1_273' title='bbox 681 2369 765 2414; x_wconf 91' lang='lat' dir='ltr'><strong>est</strong></span> <span class='ocrx_word' id='word_1_274' title='bbox 810 2368 930 2429; x_wconf 91' lang='lat' dir='ltr'><strong>post</strong></span> <span class='ocrx_word' id='word_1_275' title='bbox 968 2360 1069 2415; x_wconf 84' lang='lat' dir='ltr'><strong>hos</strong></span> <span class='ocrx_word' id='word_1_276' title='bbox 1099 2375 1278 2427; x_wconf 82' lang='lat' dir='ltr'><strong>ausus,</strong></span> <span class='ocrx_word' id='word_1_277' title='bbox 1320 2362 1491 2416; x_wconf 89' lang='lat' dir='ltr'><strong>sensit</strong></span> <span class='ocrx_word' id='word_1_278' title='bbox 1531 2363 1953 2433; x_wconf 80' lang='lat' dir='ltr'><strong>indignationem</strong></span> <span class='ocrx_word' id='word_1_279' title='bbox 1999 2365 2112 2417; x_wconf 88' lang='lat' dir='ltr'><strong>Do-</strong></span> 
     </span>
    </p>
   </div>
   <div class='ocr_carea' id='block_1_42' title="bbox 548 2451 2110 2525">
    <p class='ocr_par' dir='ltr' id='par_1_42' title="bbox 548 2451 2110 2525">
     <span class='ocr_line' id='line_1_42' title="bbox 548 2451 2110 2525; baseline 0.004 -24"><span class='ocrx_word' id='word_1_280' title='bbox 548 2451 676 2505; x_wconf 84' lang='lat' dir='ltr'><strong>mini</strong></span> <span class='ocrx_word' id='word_1_281' title='bbox 707 2464 894 2519; x_wconf 89' lang='lat' dir='ltr'><strong>poenas</strong></span> <span class='ocrx_word' id='word_1_282' title='bbox 925 2452 1144 2507; x_wconf 88' lang='lat' dir='ltr'><strong>ultionis</strong></span> <span class='ocrx_word' id='word_1_283' title='bbox 1172 2454 1469 2508; x_wconf 85' lang='lat' dir='ltr'><strong>errantium</strong></span> <span class='ocrx_word' id='word_1_284' title='bbox 1500 2454 1748 2525; x_wconf 82' lang='lat' dir='ltr'><strong>sanguini</strong></span> <span class='ocrx_word' id='word_1_285' title='bbox 1802 2453 2110 2524; x_wconf 76' lang='lat' dir='ltr'><strong>indigentis.</strong></span> 
     </span>
    </p>
   </div>
   <div class='ocr_carea' id='block_1_43' title="bbox 548 2538 2113 2612">
    <p class='ocr_par' dir='ltr' id='par_1_43' title="bbox 548 2538 2113 2612">
     <span class='ocr_line' id='line_1_43' title="bbox 548 2538 2113 2612; baseline 0.005 -21"><span class='ocrx_word' id='word_1_286' title='bbox 548 2539 613 2592; x_wconf 74' lang='lat' dir='ltr'><strong>Et</strong></span> <span class='ocrx_word' id='word_1_287' title='bbox 641 2553 673 2594; x_wconf 79' lang='grc' dir='ltr'><strong>ιι</strong></span> <span class='ocrx_word' id='word_1_288' title='bbox 709 2538 1003 2595; x_wconf 89' lang='lat' dir='ltr'><strong>stoliditate</strong></span> <span class='ocrx_word' id='word_1_289' title='bbox 1035 2554 1128 2593; x_wconf 90' lang='lat' dir='ltr'><strong>sua</strong></span> <span class='ocrx_word' id='word_1_290' title='bbox 1164 2542 1474 2610; x_wconf 88' lang='lat' dir='ltr'><strong>neutiquam</strong></span> <span class='ocrx_word' id='word_1_291' title='bbox 1540 2541 1810 2609; x_wconf 85' lang='lat' dir='ltr'><strong>cessavit;</strong></span> <span class='ocrx_word' id='word_1_292' title='bbox 1873 2543 2113 2612; x_wconf 90' lang='lat' dir='ltr'><strong>quinimo</strong></span> 
     </span>
    </p>
   </div>
   <div class='ocr_carea' id='block_1_44' title="bbox 546 2628 2111 2703">
    <p class='ocr_par' dir='ltr' id='par_1_44' title="bbox 546 2628 2111 2703">
     <span class='ocr_line' id='line_1_44' title="bbox 546 2628 2111 2703; baseline 0.004 -22"><span class='ocrx_word' id='word_1_293' title='bbox 546 2631 598 2685; x_wconf 90' lang='lat' dir='ltr'><strong>in</strong></span> <span class='ocrx_word' id='word_1_294' title='bbox 652 2628 772 2684; x_wconf 88' lang='lat' dir='ltr'><strong>aliis</strong></span> <span class='ocrx_word' id='word_1_295' title='bbox 803 2637 857 2685; x_wconf 92' lang='lat' dir='ltr'><strong>et</strong></span> <span class='ocrx_word' id='word_1_296' title='bbox 911 2630 1127 2700; x_wconf 90' lang='lat' dir='ltr'><strong>paribus</strong></span> <span class='ocrx_word' id='word_1_297' title='bbox 1176 2630 1468 2686; x_wconf 87' lang='lat' dir='ltr'><strong>sceleribus</strong></span> <span class='ocrx_word' id='word_1_298' title='bbox 1529 2631 1859 2702; x_wconf 87' lang='lat' dir='ltr'><strong>deprehendi</strong></span> <span class='ocrx_word' id='word_1_299' title='bbox 1912 2643 2111 2703; x_wconf 86' lang='lat' dir='ltr'><strong>potest.</strong></span> 
     </span>
    </p>
   </div>
   <div class='ocr_carea' id='block_1_45' title="bbox 546 2719 2111 2792">
    <p class='ocr_par' dir='ltr' id='par_1_45' title="bbox 546 2719 2111 2792">
     <span class='ocr_line' id='line_1_45' title="bbox 546 2719 2111 2792; baseline 0.001 -18"><span class='ocrx_word' id='word_1_300' title='bbox 546 2723 669 2792; x_wconf 79' lang='lat' dir='ltr'><strong>Legi</strong></span> <span class='ocrx_word' id='word_1_301' title='bbox 700 2721 840 2776; x_wconf 90' lang='lat' dir='ltr'><strong>enim</strong></span> <span class='ocrx_word' id='word_1_302' title='bbox 878 2721 928 2774; x_wconf 93' lang='lat' dir='ltr'><strong>in</strong></span> <span class='ocrx_word' id='word_1_303' title='bbox 975 2719 1224 2776; x_wconf 88' lang='lat' dir='ltr'><strong>Numeris</strong></span> <span class='ocrx_word' id='word_1_304' title='bbox 1251 2720 1541 2778; x_wconf 83' lang='lat' dir='ltr'><strong>fornicatos</strong></span> <span class='ocrx_word' id='word_1_305' title='bbox 1583 2737 1704 2778; x_wconf 90' lang='lat' dir='ltr'><strong>esse</strong></span> <span class='ocrx_word' id='word_1_306' title='bbox 1738 2721 1878 2778; x_wconf 82' lang='lat' dir='ltr'><strong>ﬁlios</strong></span> <span class='ocrx_word' id='word_1_307' title='bbox 1922 2724 2111 2791; x_wconf 87' lang='lat' dir='ltr'><strong>Israel,</strong></span> 
     </span>
    </p>
   </div>
   <div class='ocr_carea' id='block_1_46' title="bbox 523 2808 2113 2881">
    <p class='ocr_par' dir='ltr' id='par_1_46' title="bbox 523 2808 2113 2881">
     <span class='ocr_line' id='line_1_46' title="bbox 523 2808 2113 2881; baseline 0.002 -17"><span class='ocrx_word' id='word_1_308' title='bbox 523 2810 938 2878; x_wconf 65' lang='lat' dir='ltr'><strong>-ad.voluptates</strong></span> <span class='ocrx_word' id='word_1_309' title='bbox 961 2810 1262 2881; x_wconf 80' lang='lat' dir='ltr'><strong>illegitimas</strong></span> <span class='ocrx_word' id='word_1_310' title='bbox 1289 2808 1732 2881; x_wconf 82' lang='lat' dir='ltr'><strong>inﬂammatos,et</strong></span> <span class='ocrx_word' id='word_1_311' title='bbox 1760 2811 2113 2868; x_wconf 88' lang='lat' dir='ltr'><strong>Moabitarum</strong></span> 
     </span>
    </p>
   </div>
   <div class='ocr_carea' id='block_1_47' title="bbox 525 2895 2115 2961">
    <p class='ocr_par' dir='ltr' id='par_1_47' title="bbox 525 2895 2115 2961">
     <span class='ocr_line' id='line_1_47' title="bbox 525 2895 2115 2961; baseline 0.006 -15"><span class='ocrx_word' id='word_1_312' title='bbox 525 2895 759 2948; x_wconf 48' lang='lat' dir='ltr'><strong>&#39;t&#39;eminis</strong></span> <span class='ocrx_word' id='word_1_313' title='bbox 816 2896 1125 2951; x_wconf 69' lang='lat' dir='ltr'><strong>adhaesisse.</strong></span> <span class='ocrx_word' id='word_1_314' title='bbox 1169 2895 1319 2961; x_wconf 83' lang='lat' dir='ltr'><strong>Quod</strong></span> <span class='ocrx_word' id='word_1_315' title='bbox 1354 2897 1560 2952; x_wconf 83' lang='lat' dir='ltr'><strong>facinus</strong></span> <span class='ocrx_word' id='word_1_316' title='bbox 1617 2901 1954 2955; x_wconf 85' lang='lat' dir='ltr'><strong>atrocissime</strong></span> <span class='ocrx_word' id='word_1_317' title='bbox 2003 2901 2115 2956; x_wconf 88' lang='lat' dir='ltr'><strong>luc-</strong></span> 
     </span>
    </p>
   </div>
   <div class='ocr_carea' id='block_1_48' title="bbox 546 2984 2115 3053">
    <p class='ocr_par' dir='ltr' id='par_1_48' title="bbox 546 2984 2115 3053">
     <span class='ocr_line' id='line_1_48' title="bbox 546 2984 2115 3053; baseline 0.005 -17"><span class='ocrx_word' id='word_1_318' title='bbox 546 2994 696 3040; x_wconf 84' lang='lat' dir='ltr'><strong>runt.</strong></span> <span class='ocrx_word' id='word_1_319' title='bbox 730 2984 822 3040; x_wconf 92' lang='lat' dir='ltr'><strong>Sic</strong></span> <span class='ocrx_word' id='word_1_320' title='bbox 857 2986 1000 3040; x_wconf 89' lang='lat' dir='ltr'><strong>enim</strong></span> <span class='ocrx_word' id='word_1_321' title='bbox 1038 2984 1196 3039; x_wconf 86' lang='lat' dir='ltr'><strong>habet</strong></span> <span class='ocrx_word' id='word_1_322' title='bbox 1229 2985 1537 3053; x_wconf 86' lang='lat' dir='ltr'><strong>Scriptura:</strong></span> <span class='ocrx_word' id='word_1_323' title='bbox 1563 2987 1681 3042; x_wconf 53' lang='lat' dir='ltr'><strong>«Et</strong></span> <span class='ocrx_word' id='word_1_324' title='bbox 1707 2989 1924 3043; x_wconf 86' lang='lat' dir='ltr'><strong>divertit</strong></span> <span class='ocrx_word' id='word_1_325' title='bbox 1950 2988 2115 3045; x_wconf 85' lang='lat' dir='ltr'><strong>Israel</strong></span> 
     </span>
    </p>
   </div>
   <div class='ocr_carea' id='block_1_49' title="bbox 549 3073 2115 3148">
    <p class='ocr_par' dir='ltr' id='par_1_49' title="bbox 549 3073 2115 3148">
     <span class='ocr_line' id='line_1_49' title="bbox 549 3073 2115 3148; baseline 0.004 -20"><span class='ocrx_word' id='word_1_326' title='bbox 549 3077 604 3130; x_wconf 85' lang='lat' dir='ltr'><strong>in</strong></span> <span class='ocrx_word' id='word_1_327' title='bbox 652 3073 844 3140; x_wconf 87' lang='lat' dir='ltr'><strong>Setim,</strong></span> <span class='ocrx_word' id='word_1_328' title='bbox 868 3082 923 3130; x_wconf 89' lang='lat' dir='ltr'><strong>et</strong></span> <span class='ocrx_word' id='word_1_329' title='bbox 951 3075 1347 3130; x_wconf 87' lang='lat' dir='ltr'><strong>contaminatus</strong></span> <span class='ocrx_word' id='word_1_330' title='bbox 1370 3083 1451 3130; x_wconf 91' lang='lat' dir='ltr'><strong>est</strong></span> <span class='ocrx_word' id='word_1_331' title='bbox 1491 3076 1746 3148; x_wconf 90' lang='lat' dir='ltr'><strong>populus,</strong></span> <span class='ocrx_word' id='word_1_332' title='bbox 1782 3087 1842 3134; x_wconf 88' lang='lat' dir='ltr'><strong>ut</strong></span> <span class='ocrx_word' id='word_1_333' title='bbox 1885 3080 2115 3134; x_wconf 85' lang='lat' dir='ltr'><strong>fornica-</strong></span> 
     </span>
    </p>
   </div>
   <div class='ocr_carea' id='block_1_50' title="bbox 550 3165 2112 3226">
    <p class='ocr_par' dir='ltr' id='par_1_50' title="bbox 550 3165 2112 3226">
     <span class='ocr_line' id='line_1_50' title="bbox 550 3165 2112 3226; baseline 0.001 -4"><span class='ocrx_word' id='word_1_334' title='bbox 550 3176 699 3222; x_wconf 87' lang='lat' dir='ltr'><strong>retur</strong></span> <span class='ocrx_word' id='word_1_335' title='bbox 724 3168 776 3220; x_wconf 92' lang='lat' dir='ltr'><strong>in</strong></span> <span class='ocrx_word' id='word_1_336' title='bbox 811 3166 950 3222; x_wconf 88' lang='lat' dir='ltr'><strong>ﬁlias</strong></span> <span class='ocrx_word' id='word_1_337' title='bbox 986 3165 1163 3222; x_wconf 79' lang='lat' dir='ltr'><strong>Moab.</strong></span> <span class='ocrx_word' id='word_1_338' title='bbox 1199 3166 1272 3222; x_wconf 82' lang='lat' dir='ltr'><strong>Et</strong></span> <span class='ocrx_word' id='word_1_339' title='bbox 1297 3178 1631 3224; x_wconf 84' lang='lat' dir='ltr'><strong>vocaverunt</strong></span> <span class='ocrx_word' id='word_1_340' title='bbox 1667 3183 1761 3225; x_wconf 90' lang='lat' dir='ltr'><strong>eos</strong></span> <span class='ocrx_word' id='word_1_341' title='bbox 1812 3171 1877 3224; x_wconf 89' lang='lat' dir='ltr'><strong>ad</strong></span> <span class='ocrx_word' id='word_1_342' title='bbox 1937 3170 2112 3226; x_wconf 85' lang='lat' dir='ltr'><strong>sacri-</strong></span> 
     </span>
    </p>
   </div>
   <div class='ocr_carea' id='block_1_51' title="bbox 2214 1999 3790 2073">
    <p class='ocr_par' dir='ltr' id='par_1_51' title="bbox 2214 1999 3790 2073">
     <span class='ocr_line' id='line_1_51' title="bbox 2214 1999 3790 2073; baseline 0.003 -23"><span class='ocrx_word' id='word_1_343' title='bbox 2214 1999 2409 2066; x_wconf 81' lang='grc' dir='ltr'>στήρια</span> <span class='ocrx_word' id='word_1_344' title='bbox 2431 2013 2445 2029; x_wconf 74' lang='grc' dir='ltr'><strong>ο</strong></span> <span class='ocrx_word' id='word_1_345' title='bbox 2472 2000 2566 2052; x_wconf 75' lang='grc' dir='ltr'><strong>καὶ</strong></span> <span class='ocrx_word' id='word_1_346' title='bbox 2595 1999 2755 2070; x_wconf 82' lang='grc' dir='ltr'>δόξης</span> <span class='ocrx_word' id='word_1_347' title='bbox 2780 1999 2916 2064; x_wconf 89' lang='grc' dir='ltr'>ἰδίας</span> <span class='ocrx_word' id='word_1_348' title='bbox 2942 2000 3370 2073; x_wconf 81' lang='grc' dir='ltr'>ἀποστεροῦντες</span> <span class='ocrx_word' id='word_1_349' title='bbox 3405 2001 3557 2065; x_wconf 84' lang='grc' dir='ltr'>Θεὸν,</span> <span class='ocrx_word' id='word_1_350' title='bbox 3585 2002 3790 2071; x_wconf 86' lang='grc' dir='ltr'>ταύτην</span> 
     </span>
    </p>
   </div>
   <div class='ocr_carea' id='block_1_52' title="bbox 2210 2087 3786 2162">
    <p class='ocr_par' dir='ltr' id='par_1_52' title="bbox 2210 2087 3786 2162">
     <span class='ocr_line' id='line_1_52' title="bbox 2210 2087 3786 2162; baseline 0.001 -20"><span class='ocrx_word' id='word_1_351' title='bbox 2210 2087 2470 2143; x_wconf 81' lang='grc' dir='ltr'>ἀνέθεσαν</span> <span class='ocrx_word' id='word_1_352' title='bbox 2500 2092 2611 2153; x_wconf 85' lang='grc' dir='ltr'>τοῖς</span> <span class='ocrx_word' id='word_1_353' title='bbox 2637 2089 2915 2158; x_wconf 88' lang='grc' dir='ltr'>γλυπτοῖς.</span> <span class='ocrx_word' id='word_1_354' title='bbox 2965 2091 3125 2144; x_wconf 86' lang='grc' dir='ltr'><strong>Ἀλλά</strong></span> <span class='ocrx_word' id='word_1_355' title='bbox 3154 2088 3313 2145; x_wconf 81' lang='grc' dir='ltr'>τοῦτο</span> <span class='ocrx_word' id='word_1_356' title='bbox 3348 2091 3581 2162; x_wconf 82' lang='grc' dir='ltr'>ποιήσας</span> <span class='ocrx_word' id='word_1_357' title='bbox 3620 2093 3650 2144; x_wconf 99' lang='lat'><strong>6</strong></span> <span class='ocrx_word' id='word_1_358' title='bbox 3691 2092 3786 2144; x_wconf 86' lang='grc' dir='ltr'><strong>Ἰσ-</strong></span> 
     </span>
    </p>
   </div>
   <div class='ocr_carea' id='block_1_53' title="bbox 2214 2177 3792 2252">
    <p class='ocr_par' dir='ltr' id='par_1_53' title="bbox 2214 2177 3792 2252">
     <span class='ocr_line' id='line_1_53' title="bbox 2214 2177 3792 2252; baseline 0.003 -22"><span class='ocrx_word' id='word_1_359' title='bbox 2214 2177 2385 2248; x_wconf 83' lang='grc' dir='ltr'>ραὴλ,</span> <span class='ocrx_word' id='word_1_360' title='bbox 2429 2199 2447 2232; x_wconf 85' lang='grc' dir='ltr'><strong>ι</strong></span> <span class='ocrx_word' id='word_1_361' title='bbox 2495 2180 2776 2244; x_wconf 77' lang='grc' dir='ltr'>Ἀπέθανε,</span> <span class='ocrx_word' id='word_1_362' title='bbox 2821 2181 2977 2250; x_wconf 75' lang='grc' dir='ltr'>φησὶ,</span> <span class='ocrx_word' id='word_1_363' title='bbox 3021 2182 3115 2234; x_wconf 75' lang='grc' dir='ltr'>καὶ</span> <span class='ocrx_word' id='word_1_364' title='bbox 3147 2180 3307 2235; x_wconf 82' lang='grc' dir='ltr'>πάλιν</span> <span class='ocrx_word' id='word_1_365' title='bbox 3352 2181 3649 2252; x_wconf 81' lang='grc' dir='ltr'>προσέθετο</span> <span class='ocrx_word' id='word_1_366' title='bbox 3695 2182 3792 2234; x_wconf 81' lang='grc' dir='ltr'>τοῦ</span> 
     </span>
    </p>
   </div>
   <div class='ocr_carea' id='block_1_54' title="bbox 2217 2268 3792 2342">
    <p class='ocr_par' dir='ltr' id='par_1_54' title="bbox 2217 2268 3792 2342">
     <span class='ocr_line' id='line_1_54' title="bbox 2217 2268 3792 2342; baseline 0.004 -22"><span class='ocrx_word' id='word_1_367' title='bbox 2217 2268 2835 2341; x_wconf 78' lang='grc' dir='ltr'>ἀμαρτάνειν.›”ομοιον</span> <span class='ocrx_word' id='word_1_368' title='bbox 2860 2271 2936 2335; x_wconf 85' lang='grc' dir='ltr'>ὡς</span> <span class='ocrx_word' id='word_1_369' title='bbox 2964 2271 3012 2324; x_wconf 91' lang='grc' dir='ltr'><strong>εἰ</strong></span> <span class='ocrx_word' id='word_1_370' title='bbox 3042 2271 3208 2340; x_wconf 91' lang='grc' dir='ltr'>λέγοι,</span> <span class='ocrx_word' id='word_1_371' title='bbox 3243 2273 3571 2326; x_wconf 85' lang='grc' dir='ltr'>κεκόλασται</span> <span class='ocrx_word' id='word_1_372' title='bbox 3601 2273 3792 2342; x_wconf 83' lang='grc' dir='ltr'>δεδρα-</span> 
     </span>
    </p>
   </div>
   <div class='ocr_carea' id='block_1_55' title="bbox 2219 2356 3793 2430">
    <p class='ocr_par' dir='ltr' id='par_1_55' title="bbox 2219 2356 3793 2430">
     <span class='ocr_line' id='line_1_55' title="bbox 2219 2356 3793 2430; baseline 0.001 -22"><span class='ocrx_word' id='word_1_373' title='bbox 2219 2356 2348 2419; x_wconf 82' lang='grc' dir='ltr'>κὼς,</span> <span class='ocrx_word' id='word_1_374' title='bbox 2380 2356 2712 2428; x_wconf 76' lang='grc' dir='ltr'>ὠλόθρευται</span> <span class='ocrx_word' id='word_1_375' title='bbox 2753 2357 3035 2428; x_wconf 83' lang='grc' dir='ltr'>τολμήσας</span> <span class='ocrx_word' id='word_1_376' title='bbox 3057 2397 3072 2422; x_wconf 92' lang='grc'><strong>,</strong></span> <span class='ocrx_word' id='word_1_377' title='bbox 3099 2357 3240 2428; x_wconf 76' lang='grc' dir='ltr'>ἔγνω</span> <span class='ocrx_word' id='word_1_378' title='bbox 3281 2357 3376 2412; x_wconf 80' lang='grc' dir='ltr'>τοῦ</span> <span class='ocrx_word' id='word_1_379' title='bbox 3397 2358 3670 2412; x_wconf 80' lang='grc' dir='ltr'>Δεσπότου</span> <span class='ocrx_word' id='word_1_380' title='bbox 3694 2358 3793 2430; x_wconf 72' lang='grc' dir='ltr'><strong>τὴν</strong></span> 
     </span>
    </p>
   </div>
   <div class='ocr_carea' id='block_1_56' title="bbox 2211 2443 3790 2522">
    <p class='ocr_par' dir='ltr' id='par_1_56' title="bbox 2211 2443 3790 2522">
     <span class='ocr_line' id='line_1_56' title="bbox 2211 2443 3790 2522; baseline 0 -20"><span class='ocrx_word' id='word_1_381' title='bbox 2211 2449 2616 2518; x_wconf 78' lang='grc' dir='ltr'>ἀγανάκτησιν,</span> <span class='ocrx_word' id='word_1_382' title='bbox 2657 2450 2738 2513; x_wconf 87' lang='grc' dir='ltr'><strong>είς</strong></span> <span class='ocrx_word' id='word_1_383' title='bbox 2781 2443 2920 2520; x_wconf 80' lang='grc' dir='ltr'>αἷμα</span> <span class='ocrx_word' id='word_1_384' title='bbox 2958 2449 3058 2522; x_wconf 84' lang='grc' dir='ltr'><strong>τήν</strong></span> <span class='ocrx_word' id='word_1_385' title='bbox 3095 2450 3252 2521; x_wconf 85' lang='grc' dir='ltr'>δίκην</span> <span class='ocrx_word' id='word_1_386' title='bbox 3277 2451 3390 2512; x_wconf 88' lang='grc' dir='ltr'>τοῖς</span> <span class='ocrx_word' id='word_1_387' title='bbox 3415 2449 3790 2520; x_wconf 79' lang='grc' dir='ltr'>πλανωμένοις</span> 
     </span>
    </p>
   </div>
   <div class='ocr_carea' id='block_1_57' title="bbox 2211 2540 3790 2614">
    <p class='ocr_par' dir='ltr' id='par_1_57' title="bbox 2211 2540 3790 2614">
     <span class='ocr_line' id='line_1_57' title="bbox 2211 2540 3790 2614; baseline 0.002 -23"><span class='ocrx_word' id='word_1_388' title='bbox 2211 2540 2526 2608; x_wconf 74' lang='grc' dir='ltr'>ἐπάγοντος.</span> <span class='ocrx_word' id='word_1_389' title='bbox 2559 2542 2668 2596; x_wconf 75' lang='grc' dir='ltr'>Καὶ</span> <span class='ocrx_word' id='word_1_390' title='bbox 2693 2541 2794 2612; x_wconf 87' lang='grc' dir='ltr'>τῆς</span> <span class='ocrx_word' id='word_1_391' title='bbox 2822 2541 3016 2596; x_wconf 78' lang='grc' dir='ltr'>ἑαυτοῦ</span> <span class='ocrx_word' id='word_1_392' title='bbox 3045 2543 3365 2613; x_wconf 84' lang='grc' dir='ltr'>σκαιότητος</span> <span class='ocrx_word' id='word_1_393' title='bbox 3395 2543 3662 2614; x_wconf 80' lang='grc' dir='ltr'>κατέληξε</span> <span class='ocrx_word' id='word_1_394' title='bbox 3690 2542 3790 2614; x_wconf 84' lang='grc' dir='ltr'><strong>μὲν</strong></span> 
     </span>
    </p>
   </div>
   <div class='ocr_carea' id='block_1_58' title="bbox 2211 2630 3793 2704">
    <p class='ocr_par' dir='ltr' id='par_1_58' title="bbox 2211 2630 3793 2704">
     <span class='ocr_line' id='line_1_58' title="bbox 2211 2630 3793 2704; baseline 0.003 -21"><span class='ocrx_word' id='word_1_395' title='bbox 2211 2631 2478 2702; x_wconf 77' lang='grc' dir='ltr'>οὐδαμῶς.</span> <span class='ocrx_word' id='word_1_396' title='bbox 2529 2632 2707 2704; x_wconf 79' lang='grc' dir='ltr'>Ἀλοίη</span> <span class='ocrx_word' id='word_1_397' title='bbox 2745 2630 2788 2686; x_wconf 84' lang='grc' dir='ltr'>δ’</span> <span class='ocrx_word' id='word_1_398' title='bbox 2838 2631 2904 2687; x_wconf 75' lang='grc' dir='ltr'><strong>ἂν</strong></span> <span class='ocrx_word' id='word_1_399' title='bbox 2952 2632 3152 2704; x_wconf 84' lang='grc' dir='ltr'>μᾶλλον</span> <span class='ocrx_word' id='word_1_400' title='bbox 3197 2632 3282 2702; x_wconf 74' lang='grc' dir='ltr'><strong>ἐφ’</strong></span> <span class='ocrx_word' id='word_1_401' title='bbox 3322 2633 3534 2704; x_wconf 79' lang='grc' dir='ltr'>ἑτέροις</span> <span class='ocrx_word' id='word_1_402' title='bbox 3581 2651 3643 2687; x_wconf 88' lang='grc' dir='ltr'><strong>τε</strong></span> <span class='ocrx_word' id='word_1_403' title='bbox 3697 2633 3793 2687; x_wconf 75' lang='grc' dir='ltr'>καὶ</span> 
     </span>
    </p>
   </div>
   <div class='ocr_carea' id='block_1_59' title="bbox 2215 2718 3792 2796">
    <p class='ocr_par' dir='ltr' id='par_1_59' title="bbox 2215 2718 3792 2796">
     <span class='ocr_line' id='line_1_59' title="bbox 2215 2718 3792 2796; baseline 0.004 -24"><span class='ocrx_word' id='word_1_404' title='bbox 2215 2718 2348 2784; x_wconf 86' lang='grc' dir='ltr'>ῐσοις</span> <span class='ocrx_word' id='word_1_405' title='bbox 2398 2722 2759 2794; x_wconf 80' lang='grc' dir='ltr'>ἐγκλήμασιν.</span> <span class='ocrx_word' id='word_1_406' title='bbox 2817 2723 3052 2793; x_wconf 85' lang='grc' dir='ltr'>Ἀνέγνω</span> <span class='ocrx_word' id='word_1_407' title='bbox 3092 2723 3191 2794; x_wconf 86' lang='grc' dir='ltr'>μὲν</span> <span class='ocrx_word' id='word_1_408' title='bbox 3225 2723 3336 2796; x_wconf 82' lang='grc' dir='ltr'><strong>γὰρ</strong></span> <span class='ocrx_word' id='word_1_409' title='bbox 3374 2726 3433 2778; x_wconf 79' lang='grc' dir='ltr'>ὲν</span> <span class='ocrx_word' id='word_1_410' title='bbox 3459 2727 3572 2788; x_wconf 85' lang='grc' dir='ltr'>τοῖς</span> <span class='ocrx_word' id='word_1_411' title='bbox 3611 2723 3792 2796; x_wconf 82' lang='grc' dir='ltr'>Ἀριθ-</span> 
     </span>
    </p>
   </div>
   <div class='ocr_carea' id='block_1_60' title="bbox 2199 2813 3794 2887">
    <p class='ocr_par' dir='ltr' id='par_1_60' title="bbox 2199 2813 3794 2887">
     <span class='ocr_line' id='line_1_60' title="bbox 2199 2813 3794 2887; baseline 0.003 -21"><span class='ocrx_word' id='word_1_412' title='bbox 2199 2814 2370 2882; x_wconf 82' lang='grc' dir='ltr'>.μοῖς,</span> <span class='ocrx_word' id='word_1_413' title='bbox 2407 2814 2490 2866; x_wconf 83' lang='grc' dir='ltr'>ὅτι</span> <span class='ocrx_word' id='word_1_414' title='bbox 2522 2813 2959 2886; x_wconf 83' lang='grc' dir='ltr'>πεπορνεύκασιν</span> <span class='ocrx_word' id='word_1_415' title='bbox 3002 2816 3051 2868; x_wconf 81' lang='lat' dir='ltr'><strong>oi</strong></span> <span class='ocrx_word' id='word_1_416' title='bbox 3098 2816 3203 2870; x_wconf 78' lang='grc' dir='ltr'>υἱοὶ</span> <span class='ocrx_word' id='word_1_417' title='bbox 3246 2817 3486 2887; x_wconf 77' lang='grc' dir='ltr'>Ἰσραὴλ,</span> <span class='ocrx_word' id='word_1_418' title='bbox 3525 2819 3794 2871; x_wconf 73' lang='grc' dir='ltr'>ἐκκεκαυ-</span> 
     </span>
    </p>
   </div>
   <div class='ocr_carea' id='block_1_61' title="bbox 2216 2905 3795 2976">
    <p class='ocr_par' dir='ltr' id='par_1_61' title="bbox 2216 2905 3795 2976">
     <span class='ocr_line' id='line_1_61' title="bbox 2216 2905 3795 2976; baseline 0.003 -19"><span class='ocrx_word' id='word_1_419' title='bbox 2216 2905 2366 2976; x_wconf 83' lang='grc' dir='ltr'>μένοι</span> <span class='ocrx_word' id='word_1_420' title='bbox 2395 2905 2533 2975; x_wconf 83' lang='grc' dir='ltr'>πρὸς</span> <span class='ocrx_word' id='word_1_421' title='bbox 2577 2905 2839 2969; x_wconf 83' lang='grc' dir='ltr'>έκτόπους</span> <span class='ocrx_word' id='word_1_422' title='bbox 2885 2906 3078 2976; x_wconf 74' lang='grc' dir='ltr'>ἡδονὰς</span> <span class='ocrx_word' id='word_1_423' title='bbox 3098 2948 3113 2970; x_wconf 94' lang='grc'><strong>,</strong></span> <span class='ocrx_word' id='word_1_424' title='bbox 3141 2907 3234 2960; x_wconf 74' lang='grc' dir='ltr'><strong>καὶ</strong></span> <span class='ocrx_word' id='word_1_425' title='bbox 3270 2910 3393 2970; x_wconf 84' lang='grc' dir='ltr'>ταῖς</span> <span class='ocrx_word' id='word_1_426' title='bbox 3424 2907 3536 2961; x_wconf 88' lang='grc' dir='ltr'><strong>τῶν</strong></span> <span class='ocrx_word' id='word_1_427' title='bbox 3563 2909 3795 2962; x_wconf 77' lang='grc' dir='ltr'>Μωαϐι-</span> 
     </span>
    </p>
   </div>
   <div class='ocr_carea' id='block_1_62' title="bbox 2213 2992 3798 3069">
    <p class='ocr_par' dir='ltr' id='par_1_62' title="bbox 2213 2992 3798 3069">
     <span class='ocr_line' id='line_1_62' title="bbox 2213 2992 3798 3069; baseline 0.003 -21"><span class='ocrx_word' id='word_1_428' title='bbox 2213 2996 2320 3049; x_wconf 86' lang='grc' dir='ltr'>τῶν</span> <span class='ocrx_word' id='word_1_429' title='bbox 2363 2996 2710 3066; x_wconf 84' lang='grc' dir='ltr'>προσέκειντο</span> <span class='ocrx_word' id='word_1_430' title='bbox 2769 2997 3036 3066; x_wconf 83' lang='grc' dir='ltr'>γυναιξίν.</span> <span class='ocrx_word' id='word_1_431' title='bbox 3073 2992 3242 3063; x_wconf 81' lang='grc' dir='ltr'>Εἶτα,</span> <span class='ocrx_word' id='word_1_432' title='bbox 3276 2999 3430 3062; x_wconf 83' lang='grc' dir='ltr'>δίκας</span> <span class='ocrx_word' id='word_1_433' title='bbox 3476 3000 3570 3051; x_wconf 79' lang='grc' dir='ltr'>ἐπὶ</span> <span class='ocrx_word' id='word_1_434' title='bbox 3621 2999 3798 3069; x_wconf 86' lang='grc' dir='ltr'>τούτῳ</span> 
     </span>
    </p>
   </div>
   <div class='ocr_carea' id='block_1_63' title="bbox 2212 3085 3800 3160">
    <p class='ocr_par' dir='ltr' id='par_1_63' title="bbox 2212 3085 3800 3160">
     <span class='ocr_line' id='line_1_63' title="bbox 2212 3085 3800 3160; baseline 0.004 -23"><span class='ocrx_word' id='word_1_435' title='bbox 2212 3087 2313 3149; x_wconf 83' lang='grc' dir='ltr'>τὰς</span> <span class='ocrx_word' id='word_1_436' title='bbox 2353 3086 2578 3139; x_wconf 85' lang='grc' dir='ltr'>ἁπασῶν</span> <span class='ocrx_word' id='word_1_437' title='bbox 2627 3087 2860 3157; x_wconf 77' lang='grc' dir='ltr'>ἐσχάτας</span> <span class='ocrx_word' id='word_1_438' title='bbox 2901 3085 3211 3160; x_wconf 82' lang='grc' dir='ltr'>ὲξῄτηνται.</span> <span class='ocrx_word' id='word_1_439' title='bbox 3253 3091 3400 3158; x_wconf 85' lang='grc' dir='ltr'>Ἔχει</span> <span class='ocrx_word' id='word_1_440' title='bbox 3432 3089 3488 3142; x_wconf 85' lang='grc' dir='ltr'>δὲ</span> <span class='ocrx_word' id='word_1_441' title='bbox 3529 3088 3681 3144; x_wconf 77' lang='grc' dir='ltr'>οὕτω</span> <span class='ocrx_word' id='word_1_442' title='bbox 3732 3092 3800 3145; x_wconf 70' lang='grc' dir='ltr'>τὰ</span> 
     </span>
    </p>
   </div>
   <div class='ocr_carea' id='block_1_64' title="bbox 2217 3175 3800 3252">
    <p class='ocr_par' dir='ltr' id='par_1_64' title="bbox 2217 3175 3800 3252">
     <span class='ocr_line' id='line_1_64' title="bbox 2217 3175 3800 3252; baseline 0.004 -25"><span class='ocrx_word' id='word_1_443' title='bbox 2217 3175 2613 3246; x_wconf 82' lang='grc' dir='ltr'>Γεγραμμένα·</span> <span class='ocrx_word' id='word_1_444' title='bbox 2663 3194 2681 3229; x_wconf 84' lang='grc' dir='ltr'><strong>ι</strong></span> <span class='ocrx_word' id='word_1_445' title='bbox 2721 3179 2832 3230; x_wconf 81' lang='lat' dir='ltr'><strong>Kal.</strong></span> <span class='ocrx_word' id='word_1_446' title='bbox 2877 3178 3174 3232; x_wconf 81' lang='grc' dir='ltr'>κατέλυσεν</span> <span class='ocrx_word' id='word_1_447' title='bbox 3214 3178 3425 3250; x_wconf 78' lang='grc' dir='ltr'>Ἰσραὴλ</span> <span class='ocrx_word' id='word_1_448' title='bbox 3473 3182 3532 3233; x_wconf 81' lang='grc' dir='ltr'>ὲν</span> <span class='ocrx_word' id='word_1_449' title='bbox 3574 3182 3800 3252; x_wconf 72' lang='grc' dir='ltr'>Σετὶμ,</span> 
     </span>
    </p>
   </div>
   <div class='ocr_carea' id='block_1_65' title="bbox 551 3234 2111 3340">
    <p class='ocr_par' dir='ltr' id='par_1_65' title="bbox 551 3257 2110 3329">
     <span class='ocr_line' id='line_1_65' title="bbox 551 3257 2110 3329; baseline 0.003 -18"><span class='ocrx_word' id='word_1_450' title='bbox 551 3257 670 3312; x_wconf 86' lang='lat' dir='ltr'><strong>ﬁcia</strong></span> <span class='ocrx_word' id='word_1_451' title='bbox 694 3257 956 3313; x_wconf 86' lang='lat' dir='ltr'><strong>idolorum</strong></span> <span class='ocrx_word' id='word_1_452' title='bbox 985 3270 1225 3325; x_wconf 90' lang='lat' dir='ltr'><strong>suorum;</strong></span> <span class='ocrx_word' id='word_1_453' title='bbox 1261 3265 1315 3312; x_wconf 90' lang='lat' dir='ltr'><strong>ct</strong></span> <span class='ocrx_word' id='word_1_454' title='bbox 1349 3257 1581 3314; x_wconf 88' lang='lat' dir='ltr'><strong>comedit</strong></span> <span class='ocrx_word' id='word_1_455' title='bbox 1605 3260 1828 3329; x_wconf 89' lang='lat' dir='ltr'><strong>populus</strong></span> <span class='ocrx_word' id='word_1_456' title='bbox 1853 3262 1918 3316; x_wconf 92' lang='lat' dir='ltr'><strong>de</strong></span> <span class='ocrx_word' id='word_1_457' title='bbox 1941 3262 2110 3316; x_wconf 89' lang='lat' dir='ltr'><strong>sacri-</strong></span> 
     </span>
    </p>
   </div>
   <div class='ocr_carea' id='block_1_66' title="bbox 2212 3234 3799 3340">
    <p class='ocr_par' dir='ltr' id='par_1_66' title="bbox 2217 3234 3799 3340">
     <span class='ocr_line' id='line_1_66' title="bbox 2217 3234 3799 3340; baseline 0.004 -20"><span class='ocrx_word' id='word_1_458' title='bbox 2217 3234 2649 3338; x_wconf 54' lang='lat' dir='ltr'><strong>xa‘tué6eéqltbﬁ&#39;q</strong></span> <span class='ocrx_word' id='word_1_459' title='bbox 2692 3271 2719 3321; x_wconf 93' lang='lat'><strong>6</strong></span> <span class='ocrx_word' id='word_1_460' title='bbox 2747 3268 2873 3332; x_wconf 76' lang='grc' dir='ltr'>λαὸς</span> <span class='ocrx_word' id='word_1_461' title='bbox 2905 3269 3264 3339; x_wconf 81' lang='grc' dir='ltr'>ὲκπορνεῢσαι</span> <span class='ocrx_word' id='word_1_462' title='bbox 3291 3234 3393 3335; x_wconf 67' lang='grc' dir='ltr'><strong>ἐιξ</strong></span> <span class='ocrx_word' id='word_1_463' title='bbox 3434 3271 3534 3335; x_wconf 82' lang='grc' dir='ltr'><strong>τὰς</strong></span> <span class='ocrx_word' id='word_1_464' title='bbox 3565 3234 3799 3340; x_wconf 49' lang='grc' dir='ltr'><strong>θυγααῖιέΣ</strong></span> 
     </span>
    </p>
   </div>
   <div class='ocr_carea' id='block_1_67' title="bbox 555 3347 2116 3416">
    <p class='ocr_par' dir='ltr' id='par_1_67' title="bbox 555 3347 2116 3416">
     <span class='ocr_line' id='line_1_67' title="bbox 555 3347 2116 3416; baseline 0.006 -16"><span class='ocrx_word' id='word_1_465' title='bbox 555 3347 692 3402; x_wconf 88' lang='lat' dir='ltr'><strong>ﬁciis</strong></span> <span class='ocrx_word' id='word_1_466' title='bbox 739 3361 925 3401; x_wconf 88' lang='lat' dir='ltr'><strong>eorum</strong></span> <span class='ocrx_word' id='word_1_467' title='bbox 964 3357 1019 3402; x_wconf 90' lang='lat' dir='ltr'><strong>et</strong></span> <span class='ocrx_word' id='word_1_468' title='bbox 1051 3347 1292 3404; x_wconf 88' lang='lat' dir='ltr'><strong>adoravit</strong></span> <span class='ocrx_word' id='word_1_469' title='bbox 1321 3349 1462 3404; x_wconf 89' lang='lat' dir='ltr'><strong>idola</strong></span> <span class='ocrx_word' id='word_1_470' title='bbox 1513 3363 1721 3416; x_wconf 90' lang='lat' dir='ltr'><strong>eorum,</strong></span> <span class='ocrx_word' id='word_1_471' title='bbox 1765 3361 1818 3404; x_wconf 91' lang='lat' dir='ltr'><strong>et</strong></span> <span class='ocrx_word' id='word_1_472' title='bbox 1875 3353 2116 3409; x_wconf 86' lang='lat' dir='ltr'><strong>initiatus</strong></span> 
     </span>
    </p>
   </div>
   <div class='ocr_carea' id='block_1_68' title="bbox 547 3439 2115 3510">
    <p class='ocr_par' dir='ltr' id='par_1_68' title="bbox 547 3439 2115 3510">
     <span class='ocr_line' id='line_1_68' title="bbox 547 3439 2115 3510; baseline 0.003 -16"><span class='ocrx_word' id='word_1_473' title='bbox 547 3448 632 3495; x_wconf 86' lang='lat' dir='ltr'><strong>est</strong></span> <span class='ocrx_word' id='word_1_474' title='bbox 691 3439 854 3495; x_wconf 90' lang='lat' dir='ltr'><strong>Israel</strong></span> <span class='ocrx_word' id='word_1_475' title='bbox 890 3439 1238 3510; x_wconf 84' lang='lat' dir='ltr'><strong>Beelphegor,</strong></span> <span class='ocrx_word' id='word_1_476' title='bbox 1285 3451 1340 3494; x_wconf 90' lang='lat' dir='ltr'><strong>et</strong></span> <span class='ocrx_word' id='word_1_477' title='bbox 1377 3440 1547 3496; x_wconf 89' lang='lat' dir='ltr'><strong>iratus</strong></span> <span class='ocrx_word' id='word_1_478' title='bbox 1585 3450 1668 3496; x_wconf 88' lang='lat' dir='ltr'><strong>est</strong></span> <span class='ocrx_word' id='word_1_479' title='bbox 1719 3443 1899 3498; x_wconf 81' lang='lat' dir='ltr'><strong>furore</strong></span> <span class='ocrx_word' id='word_1_480' title='bbox 1937 3442 2115 3499; x_wconf 86' lang='lat' dir='ltr'><strong>Domi-</strong></span> 
     </span>
    </p>
   </div>
   <div class='ocr_carea' id='block_1_69' title="bbox 532 3529 2113 3604">
    <p class='ocr_par' dir='ltr' id='par_1_69' title="bbox 532 3529 2113 3604">
     <span class='ocr_line' id='line_1_69' title="bbox 532 3529 2113 3604; baseline 0.004 -20"><span class='ocrx_word' id='word_1_481' title='bbox 532 3546 650 3586; x_wconf 89' lang='lat' dir='ltr'><strong>-nus</strong></span> <span class='ocrx_word' id='word_1_482' title='bbox 679 3529 885 3599; x_wconf 88' lang='lat' dir='ltr'><strong>Israeli,</strong></span> <span class='ocrx_word' id='word_1_483' title='bbox 913 3540 970 3585; x_wconf 91' lang='lat' dir='ltr'><strong>et</strong></span> <span class='ocrx_word' id='word_1_484' title='bbox 995 3531 1128 3586; x_wconf 77' lang='lat' dir='ltr'><strong>dixit</strong></span> <span class='ocrx_word' id='word_1_485' title='bbox 1161 3530 1420 3586; x_wconf 90' lang='lat' dir='ltr'><strong>Dominus</strong></span> <span class='ocrx_word' id='word_1_486' title='bbox 1469 3530 1668 3603; x_wconf 80' lang='lat' dir='ltr'><strong>Moysi:</strong></span> <span class='ocrx_word' id='word_1_487' title='bbox 1698 3533 1896 3604; x_wconf 84' lang='lat' dir='ltr'><strong>Accipe</strong></span> <span class='ocrx_word' id='word_1_488' title='bbox 1927 3549 2113 3590; x_wconf 90' lang='lat' dir='ltr'><strong>omnes</strong></span> 
     </span>
    </p>
   </div>
   <div class='ocr_carea' id='block_1_70' title="bbox 546 3621 2110 3692">
    <p class='ocr_par' dir='ltr' id='par_1_70' title="bbox 546 3621 2110 3692">
     <span class='ocr_line' id='line_1_70' title="bbox 546 3621 2110 3692; baseline 0.003 -18"><span class='ocrx_word' id='word_1_489' title='bbox 546 3623 709 3676; x_wconf 88' lang='lat' dir='ltr'><strong>duces</strong></span> <span class='ocrx_word' id='word_1_490' title='bbox 742 3621 945 3690; x_wconf 87' lang='lat' dir='ltr'><strong>populi,</strong></span> <span class='ocrx_word' id='word_1_491' title='bbox 979 3630 1032 3675; x_wconf 90' lang='lat' dir='ltr'><strong>et</strong></span> <span class='ocrx_word' id='word_1_492' title='bbox 1061 3621 1250 3675; x_wconf 87' lang='lat' dir='ltr'><strong>traduc</strong></span> <span class='ocrx_word' id='word_1_493' title='bbox 1276 3633 1368 3677; x_wconf 89' lang='lat' dir='ltr'><strong>eos</strong></span> <span class='ocrx_word' id='word_1_494' title='bbox 1398 3621 1627 3678; x_wconf 92' lang='lat' dir='ltr'><strong>Domino</strong></span> <span class='ocrx_word' id='word_1_495' title='bbox 1661 3632 1848 3678; x_wconf 87' lang='lat' dir='ltr'><strong>contra</strong></span> <span class='ocrx_word' id='word_1_496' title='bbox 1901 3626 2071 3680; x_wconf 89' lang='lat' dir='ltr'><strong>solem</strong></span> <span class='ocrx_word' id='word_1_497' title='bbox 2094 3665 2110 3692; x_wconf 95' lang='lat'><strong>,</strong></span> 
     </span>
    </p>
   </div>
   <div class='ocr_carea' id='block_1_71' title="bbox 544 3710 2115 3780">
    <p class='ocr_par' dir='ltr' id='par_1_71' title="bbox 544 3710 2115 3780">
     <span class='ocr_line' id='line_1_71' title="bbox 544 3710 2115 3780; baseline 0.004 -16"><span class='ocrx_word' id='word_1_498' title='bbox 544 3719 600 3764; x_wconf 85' lang='lat' dir='ltr'><strong>et</strong></span> <span class='ocrx_word' id='word_1_499' title='bbox 634 3719 904 3766; x_wconf 88' lang='lat' dir='ltr'><strong>avertetur</strong></span> <span class='ocrx_word' id='word_1_500' title='bbox 933 3710 1093 3780; x_wconf 78' lang='lat'><strong>180</strong></span> <span class='ocrx_word' id='word_1_501' title='bbox 1127 3712 1205 3764; x_wconf 91' lang='lat' dir='ltr'><strong>ira</strong></span> <span class='ocrx_word' id='word_1_502' title='bbox 1258 3710 1457 3767; x_wconf 76' lang='lat' dir='ltr'><strong>furoris</strong></span> <span class='ocrx_word' id='word_1_503' title='bbox 1483 3711 1692 3767; x_wconf 92' lang='lat' dir='ltr'><strong>Domini</strong></span> <span class='ocrx_word' id='word_1_504' title='bbox 1731 3710 1798 3768; x_wconf 80' lang='lat' dir='ltr'><strong>ab</strong></span> <span class='ocrx_word' id='word_1_505' title='bbox 1831 3713 2017 3770; x_wconf 87' lang='lat' dir='ltr'><strong>Israel.</strong></span> <span class='ocrx_word' id='word_1_506' title='bbox 2047 3714 2115 3770; x_wconf 83' lang='lat' dir='ltr'><strong>Et</strong></span> 
     </span>
    </p>
   </div>
   <div class='ocr_carea' id='block_1_72' title="bbox 546 3801 2111 3875">
    <p class='ocr_par' dir='ltr' id='par_1_72' title="bbox 546 3801 2111 3875">
     <span class='ocr_line' id='line_1_72' title="bbox 546 3801 2111 3875; baseline 0.004 -20"><span class='ocrx_word' id='word_1_507' title='bbox 546 3802 682 3857; x_wconf 81' lang='lat' dir='ltr'><strong>dixit</strong></span> <span class='ocrx_word' id='word_1_508' title='bbox 708 3801 918 3873; x_wconf 85' lang='lat' dir='ltr'><strong>Moyses</strong></span> <span class='ocrx_word' id='word_1_509' title='bbox 964 3802 1208 3858; x_wconf 87' lang='lat' dir='ltr'><strong>tribubus</strong></span> <span class='ocrx_word' id='word_1_510' title='bbox 1243 3801 1406 3857; x_wconf 88' lang='lat' dir='ltr'><strong>Israel</strong></span> <span class='ocrx_word' id='word_1_511' title='bbox 1443 3802 1707 3859; x_wconf 88' lang='lat' dir='ltr'><strong>:Occidat</strong></span> <span class='ocrx_word' id='word_1_512' title='bbox 1735 3806 2111 3875; x_wconf 87' lang='lat' dir='ltr'><strong>unusquisque</strong></span> 
     </span>
    </p>
   </div>
   <div class='ocr_carea' id='block_1_73' title="bbox 545 3893 2108 3968">
    <p class='ocr_par' dir='ltr' id='par_1_73' title="bbox 545 3893 2108 3968">
     <span class='ocr_line' id='line_1_73' title="bbox 545 3893 2108 3968; baseline 0.006 -24"><span class='ocrx_word' id='word_1_513' title='bbox 545 3893 900 3948; x_wconf 87' lang='lat' dir='ltr'><strong>domesticum</strong></span> <span class='ocrx_word' id='word_1_514' title='bbox 926 3907 1081 3954; x_wconf 87' lang='lat' dir='ltr'><strong>suum</strong></span> <span class='ocrx_word' id='word_1_515' title='bbox 1128 3894 1218 3961; x_wconf 83' lang='lat' dir='ltr'><strong>qui</strong></span> <span class='ocrx_word' id='word_1_516' title='bbox 1249 3894 1582 3949; x_wconf 83' lang='lat' dir='ltr'><strong>sacriﬁcavit</strong></span> <span class='ocrx_word' id='word_1_517' title='bbox 1633 3895 1964 3968; x_wconf 84' lang='lat' dir='ltr'><strong>Beelpbegor</strong></span> <span class='ocrx_word' id='word_1_518' title='bbox 1995 3899 2062 3952; x_wconf 82' lang='grc'><strong>⁷⁸.</strong></span> <span class='ocrx_word' id='word_1_519' title='bbox 2089 3918 2108 3951; x_wconf 74' lang='grc' dir='ltr'><strong>ο</strong></span> 
     </span>
    </p>
   </div>
   <div class='ocr_carea' id='block_1_74' title="bbox 547 3976 2110 4052">
    <p class='ocr_par' dir='ltr' id='par_1_74' title="bbox 547 3976 2110 4052">
     <span class='ocr_line' id='line_1_74' title="bbox 547 3976 2110 4052; baseline 0.005 -16"><span class='ocrx_word' id='word_1_520' title='bbox 547 3983 658 4038; x_wconf 89' lang='lat' dir='ltr'><strong>llac</strong></span> <span class='ocrx_word' id='word_1_521' title='bbox 683 3992 862 4052; x_wconf 76' lang='lat' dir='ltr'><strong>strage</strong></span> <span class='ocrx_word' id='word_1_522' title='bbox 889 3997 995 4038; x_wconf 92' lang='lat' dir='ltr'><strong>non</strong></span> <span class='ocrx_word' id='word_1_523' title='bbox 1020 3976 1303 4039; x_wconf 85' lang='lat' dir='ltr'><strong>mediocris</strong></span> <span class='ocrx_word' id='word_1_524' title='bbox 1324 3984 1608 4040; x_wconf 90' lang='lat' dir='ltr'><strong>multitudo</strong></span> <span class='ocrx_word' id='word_1_525' title='bbox 1628 4001 1694 4040; x_wconf 83' lang='lat' dir='ltr'><strong>ex</strong></span> <span class='ocrx_word' id='word_1_526' title='bbox 1714 3987 1875 4041; x_wconf 88' lang='lat' dir='ltr'><strong>Israel</strong></span> <span class='ocrx_word' id='word_1_527' title='bbox 1899 3989 2110 4044; x_wconf 87' lang='lat' dir='ltr'><strong>cecidit.</strong></span> 
     </span>
    </p>
   </div>
   <div class='ocr_carea' id='block_1_75' title="bbox 545 4072 2116 4148">
    <p class='ocr_par' dir='ltr' id='par_1_75' title="bbox 545 4072 2116 4148">
     <span class='ocr_line' id='line_1_75' title="bbox 545 4072 2116 4148; baseline 0.003 -21"><span class='ocrx_word' id='word_1_528' title='bbox 545 4073 680 4128; x_wconf 81' lang='lat' dir='ltr'><strong>Vide</strong></span> <span class='ocrx_word' id='word_1_529' title='bbox 708 4073 872 4142; x_wconf 75' lang='lat' dir='ltr'><strong>igitur</strong></span> <span class='ocrx_word' id='word_1_530' title='bbox 917 4075 1187 4142; x_wconf 86' lang='lat' dir='ltr'><strong>quomodo</strong></span> <span class='ocrx_word' id='word_1_531' title='bbox 1215 4072 1398 4139; x_wconf 88' lang='lat' dir='ltr'><strong>Israel,</strong></span> <span class='ocrx_word' id='word_1_532' title='bbox 1429 4075 1769 4145; x_wconf 89' lang='lat' dir='ltr'><strong>temporibus</strong></span> <span class='ocrx_word' id='word_1_533' title='bbox 1800 4075 2000 4148; x_wconf 81' lang='lat' dir='ltr'><strong>Moysis</strong></span> <span class='ocrx_word' id='word_1_534' title='bbox 2025 4077 2116 4147; x_wconf 86' lang='lat' dir='ltr'><strong>ju-</strong></span> 
     </span>
    </p>
   </div>
   <div class='ocr_carea' id='block_1_76' title="bbox 541 4163 2115 4232">
    <p class='ocr_par' dir='ltr' id='par_1_76' title="bbox 541 4163 2115 4232">
     <span class='ocr_line' id='line_1_76' title="bbox 541 4163 2115 4232; baseline 0.004 -12"><span class='ocrx_word' id='word_1_535' title='bbox 541 4164 892 4221; x_wconf 84' lang='lat' dir='ltr'><strong>stiﬁcationes</strong></span> <span class='ocrx_word' id='word_1_536' title='bbox 945 4165 1041 4221; x_wconf 86' lang='lat' dir='ltr'><strong>Dei</strong></span> <span class='ocrx_word' id='word_1_537' title='bbox 1072 4164 1229 4222; x_wconf 88' lang='lat' dir='ltr'><strong>idolis</strong></span> <span class='ocrx_word' id='word_1_538' title='bbox 1291 4163 1548 4232; x_wconf 80' lang='lat' dir='ltr'><strong>oﬁ‘erens,</strong></span> <span class='ocrx_word' id='word_1_539' title='bbox 1606 4165 1990 4224; x_wconf 83' lang='lat' dir='ltr'><strong>miserabiliter</strong></span> <span class='ocrx_word' id='word_1_540' title='bbox 2042 4171 2115 4226; x_wconf 89' lang='lat' dir='ltr'><strong>sit</strong></span> 
     </span>
    </p>
   </div>
   <div class='ocr_carea' id='block_1_77' title="bbox 543 4258 2110 4330">
    <p class='ocr_par' dir='ltr' id='par_1_77' title="bbox 543 4258 2110 4330">
     <span class='ocr_line' id='line_1_77' title="bbox 543 4258 2110 4330; baseline 0.003 -18"><span class='ocrx_word' id='word_1_541' title='bbox 543 4265 822 4313; x_wconf 89' lang='lat' dir='ltr'><strong>mortuus:</strong></span> <span class='ocrx_word' id='word_1_542' title='bbox 854 4258 1106 4312; x_wconf 89' lang='lat' dir='ltr'><strong>seductus</strong></span> <span class='ocrx_word' id='word_1_543' title='bbox 1170 4258 1338 4323; x_wconf 89' lang='lat' dir='ltr'><strong>enim,</strong></span> <span class='ocrx_word' id='word_1_544' title='bbox 1394 4258 1817 4328; x_wconf 89' lang='lat' dir='ltr'><strong>propinquorum</strong></span> <span class='ocrx_word' id='word_1_545' title='bbox 1877 4259 2110 4330; x_wconf 75' lang='lat' dir='ltr'><strong>gladiis,</strong></span> 
     </span>
    </p>
   </div>
   <div class='ocr_carea' id='block_1_78' title="bbox 545 4347 2114 4421">
    <p class='ocr_par' dir='ltr' id='par_1_78' title="bbox 545 4347 2114 4421">
     <span class='ocr_line' id='line_1_78' title="bbox 545 4347 2114 4421; baseline 0.004 -20"><span class='ocrx_word' id='word_1_546' title='bbox 545 4363 650 4403; x_wconf 80' lang='lat' dir='ltr'><strong>non</strong></span> <span class='ocrx_word' id='word_1_547' title='bbox 709 4347 886 4402; x_wconf 83' lang='lat' dir='ltr'><strong>aliena</strong></span> <span class='ocrx_word' id='word_1_548' title='bbox 953 4362 1113 4401; x_wconf 89' lang='lat' dir='ltr'><strong>manu</strong></span> <span class='ocrx_word' id='word_1_549' title='bbox 1183 4348 1572 4404; x_wconf 84' lang='lat' dir='ltr'><strong>trucidabatur.</strong></span> <span class='ocrx_word' id='word_1_550' title='bbox 1625 4349 1823 4405; x_wconf 73' lang='lat' dir='ltr'><strong>Verum</strong></span> <span class='ocrx_word' id='word_1_551' title='bbox 1866 4353 2114 4421; x_wconf 85' lang='lat' dir='ltr'><strong>apposuit</strong></span> 
     </span>
    </p>
   </div>
   <div class='ocr_carea' id='block_1_79' title="bbox 544 4435 2116 4506">
    <p class='ocr_par' dir='ltr' id='par_1_79' title="bbox 544 4435 2116 4506">
     <span class='ocr_line' id='line_1_79' title="bbox 544 4435 2116 4506; baseline 0.006 -19"><span class='ocrx_word' id='word_1_552' title='bbox 544 4452 794 4506; x_wconf 75' lang='lat' dir='ltr'><strong>peccare.</strong></span> <span class='ocrx_word' id='word_1_553' title='bbox 829 4435 1096 4490; x_wconf 85' lang='lat' dir='ltr'><strong>Fecerunt</strong></span> <span class='ocrx_word' id='word_1_554' title='bbox 1147 4439 1289 4491; x_wconf 87' lang='lat' dir='ltr'><strong>enim</strong></span> <span class='ocrx_word' id='word_1_555' title='bbox 1327 4439 1430 4494; x_wconf 87' lang='lat' dir='ltr'><strong>sibi</strong></span> <span class='ocrx_word' id='word_1_556' title='bbox 1476 4439 1744 4494; x_wconf 85' lang='lat' dir='ltr'><strong>conﬂatile</strong></span> <span class='ocrx_word' id='word_1_557' title='bbox 1778 4455 2024 4506; x_wconf 86' lang='lat' dir='ltr'><strong>aureum,</strong></span> <span class='ocrx_word' id='word_1_558' title='bbox 2059 4450 2116 4496; x_wconf 92' lang='lat' dir='ltr'><strong>et</strong></span> 
     </span>
    </p>
   </div>
   <div class='ocr_carea' id='block_1_80' title="bbox 543 4527 2108 4598">
    <p class='ocr_par' dir='ltr' id='par_1_80' title="bbox 543 4527 2108 4598">
     <span class='ocr_line' id='line_1_80' title="bbox 543 4527 2108 4598; baseline 0.003 -16"><span class='ocrx_word' id='word_1_559' title='bbox 543 4542 707 4598; x_wconf 87' lang='lat' dir='ltr'><strong>opera</strong></span> <span class='ocrx_word' id='word_1_560' title='bbox 733 4527 976 4592; x_wconf 89' lang='lat' dir='ltr'><strong>artiﬁcis,</strong></span> <span class='ocrx_word' id='word_1_561' title='bbox 1008 4536 1062 4582; x_wconf 90' lang='lat' dir='ltr'><strong>et</strong></span> <span class='ocrx_word' id='word_1_562' title='bbox 1094 4527 1353 4594; x_wconf 86' lang='lat' dir='ltr'><strong>opiﬁcum</strong></span> <span class='ocrx_word' id='word_1_563' title='bbox 1383 4530 1591 4584; x_wconf 87' lang='lat' dir='ltr'><strong>artibus</strong></span> <span class='ocrx_word' id='word_1_564' title='bbox 1623 4529 1926 4586; x_wconf 85' lang='lat' dir='ltr'><strong>elaboratos</strong></span> <span class='ocrx_word' id='word_1_565' title='bbox 1953 4532 2108 4586; x_wconf 86' lang='lat' dir='ltr'><strong>deos.</strong></span> 
     </span>
    </p>
   </div>
   <div class='ocr_carea' id='block_1_81' title="bbox 549 4613 2110 4683">
    <p class='ocr_par' dir='ltr' id='par_1_81' title="bbox 549 4613 2110 4683">
     <span class='ocr_line' id='line_1_81' title="bbox 549 4613 2110 4683; baseline 0.004 -15"><span class='ocrx_word' id='word_1_566' title='bbox 549 4616 740 4671; x_wconf 87' lang='lat' dir='ltr'><strong>lrridet</strong></span> <span class='ocrx_word' id='word_1_567' title='bbox 772 4625 949 4668; x_wconf 89' lang='lat' dir='ltr'><strong>autem</strong></span> <span class='ocrx_word' id='word_1_568' title='bbox 994 4613 1174 4683; x_wconf 88' lang='lat' dir='ltr'><strong>aliquo</strong></span> <span class='ocrx_word' id='word_1_569' title='bbox 1216 4615 1375 4670; x_wconf 92' lang='lat' dir='ltr'><strong>modo</strong></span> <span class='ocrx_word' id='word_1_570' title='bbox 1399 4629 1585 4671; x_wconf 87' lang='lat' dir='ltr'><strong>eorum</strong></span> <span class='ocrx_word' id='word_1_571' title='bbox 1631 4617 1940 4672; x_wconf 86' lang='lat' dir='ltr'><strong>vanitatem.</strong></span> <span class='ocrx_word' id='word_1_572' title='bbox 1971 4619 2110 4675; x_wconf 89' lang='lat' dir='ltr'><strong>Deos</strong></span> 
     </span>
    </p>
   </div>
   <div class='ocr_carea' id='block_1_82' title="bbox 546 4704 2109 4776">
    <p class='ocr_par' dir='ltr' id='par_1_82' title="bbox 546 4704 2109 4776">
     <span class='ocr_line' id='line_1_82' title="bbox 546 4704 2109 4776; baseline 0.003 -14"><span class='ocrx_word' id='word_1_573' title='bbox 546 4708 688 4762; x_wconf 88' lang='lat' dir='ltr'><strong>enim</strong></span> <span class='ocrx_word' id='word_1_574' title='bbox 716 4704 1006 4760; x_wconf 86' lang='lat' dir='ltr'><strong>credebant</strong></span> <span class='ocrx_word' id='word_1_575' title='bbox 1027 4719 1181 4773; x_wconf 88' lang='lat' dir='ltr'><strong>esse,</strong></span> <span class='ocrx_word' id='word_1_576' title='bbox 1203 4719 1338 4774; x_wconf 86' lang='lat' dir='ltr'><strong>quos</strong></span> <span class='ocrx_word' id='word_1_577' title='bbox 1392 4706 1603 4776; x_wconf 88' lang='lat' dir='ltr'><strong>ipsimet</strong></span> <span class='ocrx_word' id='word_1_578' title='bbox 1632 4705 1879 4763; x_wconf 81' lang='lat' dir='ltr'><strong>fabricati</strong></span> <span class='ocrx_word' id='word_1_579' title='bbox 1930 4721 2109 4766; x_wconf 86' lang='lat' dir='ltr'><strong>erant.</strong></span> 
     </span>
    </p>
   </div>
   <div class='ocr_carea' id='block_1_83' title="bbox 2221 3359 3798 3428">
    <p class='ocr_par' dir='ltr' id='par_1_83' title="bbox 2221 3359 3798 3428">
     <span class='ocr_line' id='line_1_83' title="bbox 2221 3359 3798 3428; baseline 0.004 -17"><span class='ocrx_word' id='word_1_580' title='bbox 2221 3376 2318 3428; x_wconf 89' lang='grc' dir='ltr'><strong>ρας</strong></span> <span class='ocrx_word' id='word_1_581' title='bbox 2342 3359 2535 3425; x_wconf 61' lang='grc' dir='ltr'>Βίωᾶιὸ,</span> <span class='ocrx_word' id='word_1_582' title='bbox 2567 3362 2662 3414; x_wconf 82' lang='grc' dir='ltr'><strong>καὶ</strong></span> <span class='ocrx_word' id='word_1_583' title='bbox 2687 3359 2950 3415; x_wconf 81' lang='grc' dir='ltr'>ἐκάλεσαν</span> <span class='ocrx_word' id='word_1_584' title='bbox 2983 3362 3186 3424; x_wconf 79' lang='grc' dir='ltr'>αὐτοὺς</span> <span class='ocrx_word' id='word_1_585' title='bbox 3223 3363 3305 3426; x_wconf 91' lang='grc' dir='ltr'><strong>εἰς</strong></span> <span class='ocrx_word' id='word_1_586' title='bbox 3333 3363 3431 3426; x_wconf 81' lang='grc' dir='ltr'>τὰς</span> <span class='ocrx_word' id='word_1_587' title='bbox 3471 3362 3663 3427; x_wconf 84' lang='grc' dir='ltr'>Θυσίας</span> <span class='ocrx_word' id='word_1_588' title='bbox 3689 3365 3798 3417; x_wconf 87' lang='grc' dir='ltr'><strong>τῶν</strong></span> 
     </span>
    </p>
   </div>
   <div class='ocr_carea' id='block_1_84' title="bbox 2216 3451 3796 3522">
    <p class='ocr_par' dir='ltr' id='par_1_84' title="bbox 2216 3451 3796 3522">
     <span class='ocr_line' id='line_1_84' title="bbox 2216 3451 3796 3522; baseline 0.003 -19"><span class='ocrx_word' id='word_1_589' title='bbox 2216 3451 2445 3505; x_wconf 85' lang='grc' dir='ltr'>εἰδώλων</span> <span class='ocrx_word' id='word_1_590' title='bbox 2474 3452 2672 3505; x_wconf 81' lang='grc' dir='ltr'>αὐτῶν.</span> <span class='ocrx_word' id='word_1_591' title='bbox 2718 3453 2827 3506; x_wconf 79' lang='grc' dir='ltr'><strong>Καὶ</strong></span> <span class='ocrx_word' id='word_1_592' title='bbox 2863 3452 3034 3522; x_wconf 74' lang='grc' dir='ltr'>ἔφαγε</span> <span class='ocrx_word' id='word_1_593' title='bbox 3081 3455 3109 3506; x_wconf 89' lang='lat'><strong>6</strong></span> <span class='ocrx_word' id='word_1_594' title='bbox 3159 3453 3289 3516; x_wconf 75' lang='grc' dir='ltr'>λαὸς</span> <span class='ocrx_word' id='word_1_595' title='bbox 3327 3455 3438 3509; x_wconf 89' lang='grc' dir='ltr'><strong>τῶν</strong></span> <span class='ocrx_word' id='word_1_596' title='bbox 3471 3454 3668 3508; x_wconf 81' lang='grc' dir='ltr'>θυσιῶν</span> <span class='ocrx_word' id='word_1_597' title='bbox 3701 3459 3796 3508; x_wconf 84' lang='grc' dir='ltr'>αύ-</span> 
     </span>
    </p>
   </div>
   <div class='ocr_carea' id='block_1_85' title="bbox 2213 3543 3796 3614">
    <p class='ocr_par' dir='ltr' id='par_1_85' title="bbox 2213 3543 3796 3614">
     <span class='ocr_line' id='line_1_85' title="bbox 2213 3543 3796 3614; baseline 0.004 -20"><span class='ocrx_word' id='word_1_598' title='bbox 2213 3543 2344 3606; x_wconf 74' lang='grc' dir='ltr'>τῶν,</span> <span class='ocrx_word' id='word_1_599' title='bbox 2393 3543 2489 3596; x_wconf 70' lang='grc' dir='ltr'><strong>καὶ</strong></span> <span class='ocrx_word' id='word_1_600' title='bbox 2536 3544 2950 3614; x_wconf 72' lang='grc' dir='ltr'>προσεκύνησαν</span> <span class='ocrx_word' id='word_1_601' title='bbox 2997 3545 3108 3608; x_wconf 82' lang='grc' dir='ltr'>τοῖς</span> <span class='ocrx_word' id='word_1_602' title='bbox 3165 3544 3405 3610; x_wconf 74' lang='grc' dir='ltr'>εἰδώλοις</span> <span class='ocrx_word' id='word_1_603' title='bbox 3453 3546 3667 3610; x_wconf 78' lang='grc' dir='ltr'>αὐτῶν,</span> <span class='ocrx_word' id='word_1_604' title='bbox 3701 3548 3796 3600; x_wconf 73' lang='grc' dir='ltr'>καὶ</span> 
     </span>
    </p>
   </div>
   <div class='ocr_carea' id='block_1_86' title="bbox 2216 3633 3796 3709">
    <p class='ocr_par' dir='ltr' id='par_1_86' title="bbox 2216 3633 3796 3709">
     <span class='ocr_line' id='line_1_86' title="bbox 2216 3633 3796 3709; baseline 0.005 -26"><span class='ocrx_word' id='word_1_605' title='bbox 2216 3633 2468 3702; x_wconf 80' lang='grc' dir='ltr'>ἐτελέσθη</span> <span class='ocrx_word' id='word_1_606' title='bbox 2514 3635 2729 3705; x_wconf 83' lang='grc' dir='ltr'>Ἰσραὴλ</span> <span class='ocrx_word' id='word_1_607' title='bbox 2758 3635 2834 3706; x_wconf 80' lang='grc' dir='ltr'>τῷ</span> <span class='ocrx_word' id='word_1_608' title='bbox 2859 3634 3201 3707; x_wconf 85' lang='grc' dir='ltr'>Βεελφεγὼρ,</span> <span class='ocrx_word' id='word_1_609' title='bbox 3237 3636 3330 3690; x_wconf 80' lang='grc' dir='ltr'><strong>καὶ</strong></span> <span class='ocrx_word' id='word_1_610' title='bbox 3357 3637 3605 3709; x_wconf 84' lang='grc' dir='ltr'>ὠργίσθη</span> <span class='ocrx_word' id='word_1_611' title='bbox 3641 3637 3796 3709; x_wconf 81' lang='grc' dir='ltr'>θυμῷ</span> 
     </span>
    </p>
   </div>
   <div class='ocr_carea' id='block_1_87' title="bbox 2216 3724 3790 3803">
    <p class='ocr_par' dir='ltr' id='par_1_87' title="bbox 2216 3724 3790 3803">
     <span class='ocr_line' id='line_1_87' title="bbox 2216 3724 3790 3803; baseline 0.007 -28"><span class='ocrx_word' id='word_1_612' title='bbox 2216 3724 2418 3797; x_wconf 88' lang='grc' dir='ltr'>Κύριος</span> <span class='ocrx_word' id='word_1_613' title='bbox 2459 3725 2535 3795; x_wconf 89' lang='grc' dir='ltr'>τῷ</span> <span class='ocrx_word' id='word_1_614' title='bbox 2576 3728 2811 3800; x_wconf 87' lang='grc' dir='ltr'>Ἰσραήλ.</span> <span class='ocrx_word' id='word_1_615' title='bbox 2861 3728 2965 3783; x_wconf 79' lang='grc' dir='ltr'><strong>Καὶ</strong></span> <span class='ocrx_word' id='word_1_616' title='bbox 3016 3725 3136 3782; x_wconf 74' lang='grc' dir='ltr'>εἷπε</span> <span class='ocrx_word' id='word_1_617' title='bbox 3179 3729 3386 3800; x_wconf 90' lang='grc' dir='ltr'>Κύριος</span> <span class='ocrx_word' id='word_1_618' title='bbox 3436 3729 3514 3801; x_wconf 82' lang='grc' dir='ltr'>τῷ</span> <span class='ocrx_word' id='word_1_619' title='bbox 3565 3732 3790 3803; x_wconf 81' lang='grc' dir='ltr'><strong>Μωῡσῇ·</strong></span> 
     </span>
    </p>
   </div>
   <div class='ocr_carea' id='block_1_88' title="bbox 2217 3815 3786 3894">
    <p class='ocr_par' dir='ltr' id='par_1_88' title="bbox 2217 3815 3786 3894">
     <span class='ocr_line' id='line_1_88' title="bbox 2217 3815 3786 3894; baseline 0.003 -26"><span class='ocrx_word' id='word_1_620' title='bbox 2217 3815 2371 3868; x_wconf 75' lang='grc' dir='ltr'><strong>Λάϐε</strong></span> <span class='ocrx_word' id='word_1_621' title='bbox 2412 3817 2620 3880; x_wconf 79' lang='grc' dir='ltr'>πάντας</span> <span class='ocrx_word' id='word_1_622' title='bbox 2644 3821 2769 3882; x_wconf 81' lang='grc' dir='ltr'>τοὺς</span> <span class='ocrx_word' id='word_1_623' title='bbox 2799 3820 3073 3892; x_wconf 80' lang='grc' dir='ltr'>ἀρχηγοὺς</span> <span class='ocrx_word' id='word_1_624' title='bbox 3100 3819 3194 3872; x_wconf 83' lang='grc' dir='ltr'>τοῦ</span> <span class='ocrx_word' id='word_1_625' title='bbox 3227 3819 3383 3886; x_wconf 81' lang='grc' dir='ltr'>λαοῦ,</span> <span class='ocrx_word' id='word_1_626' title='bbox 3406 3823 3503 3874; x_wconf 76' lang='grc' dir='ltr'>καὶ</span> <span class='ocrx_word' id='word_1_627' title='bbox 3538 3823 3786 3894; x_wconf 78' lang='grc' dir='ltr'>παραδειο</span> 
     </span>
    </p>
   </div>
   <div class='ocr_carea' id='block_1_89' title="bbox 2226 3907 3779 3983">
    <p class='ocr_par' dir='ltr' id='par_1_89' title="bbox 2226 3907 3779 3983">
     <span class='ocr_line' id='line_1_89' title="bbox 2226 3907 3779 3983; baseline 0.001 -23"><span class='ocrx_word' id='word_1_628' title='bbox 2226 3907 2492 3976; x_wconf 86' lang='grc' dir='ltr'>γμάτισον</span> <span class='ocrx_word' id='word_1_629' title='bbox 2546 3909 2743 3973; x_wconf 77' lang='grc' dir='ltr'>αὐτοὺς</span> <span class='ocrx_word' id='word_1_630' title='bbox 2780 3910 2988 3982; x_wconf 84' lang='grc' dir='ltr'>Κυρίῳ,</span> <span class='ocrx_word' id='word_1_631' title='bbox 3020 3910 3282 3964; x_wconf 86' lang='grc' dir='ltr'>ἀπέναντι</span> <span class='ocrx_word' id='word_1_632' title='bbox 3341 3913 3438 3965; x_wconf 85' lang='grc' dir='ltr'>τοῦ</span> <span class='ocrx_word' id='word_1_633' title='bbox 3486 3913 3661 3983; x_wconf 79' lang='grc' dir='ltr'>ἡλίου,</span> <span class='ocrx_word' id='word_1_634' title='bbox 3699 3912 3779 3964; x_wconf 81' lang='grc' dir='ltr'><strong>καί</strong></span> 
     </span>
    </p>
   </div>
   <div class='ocr_carea' id='block_1_90' title="bbox 2212 4000 3787 4076">
    <p class='ocr_par' dir='ltr' id='par_1_90' title="bbox 2212 4000 3787 4076">
     <span class='ocr_line' id='line_1_90' title="bbox 2212 4000 3787 4076; baseline 0.005 -24"><span class='ocrx_word' id='word_1_635' title='bbox 2212 4000 2691 4072; x_wconf 82' lang='grc' dir='ltr'>ἀποστραφήσεται</span> <span class='ocrx_word' id='word_1_636' title='bbox 2728 4002 2872 4073; x_wconf 57' lang='grc' dir='ltr'>’ὀργὴ</span> <span class='ocrx_word' id='word_1_637' title='bbox 2928 4001 3099 4072; x_wconf 80' lang='grc' dir='ltr'>θυμοῦ</span> <span class='ocrx_word' id='word_1_638' title='bbox 3137 4003 3344 4074; x_wconf 86' lang='grc' dir='ltr'>Κυρίου</span> <span class='ocrx_word' id='word_1_639' title='bbox 3393 4005 3504 4058; x_wconf 80' lang='grc' dir='ltr'><strong>ἀπὸ</strong></span> <span class='ocrx_word' id='word_1_640' title='bbox 3559 4003 3787 4076; x_wconf 78' lang='grc' dir='ltr'>Ἰσραήλ.</span> 
     </span>
    </p>
   </div>
   <div class='ocr_carea' id='block_1_91' title="bbox 2215 4087 3790 4166">
    <p class='ocr_par' dir='ltr' id='par_1_91' title="bbox 2215 4087 3790 4166">
     <span class='ocr_line' id='line_1_91' title="bbox 2215 4087 3790 4166; baseline 0.003 -22"><span class='ocrx_word' id='word_1_641' title='bbox 2215 4091 2324 4145; x_wconf 75' lang='grc' dir='ltr'><strong>Καὶ</strong></span> <span class='ocrx_word' id='word_1_642' title='bbox 2352 4087 2468 4145; x_wconf 78' lang='grc' dir='ltr'>εἷπε</span> <span class='ocrx_word' id='word_1_643' title='bbox 2488 4091 2727 4163; x_wconf 84' lang='grc' dir='ltr'>Μωῢσῆς</span> <span class='ocrx_word' id='word_1_644' title='bbox 2755 4095 2874 4157; x_wconf 83' lang='grc' dir='ltr'>ταῖς</span> <span class='ocrx_word' id='word_1_645' title='bbox 2903 4095 3094 4164; x_wconf 84' lang='grc' dir='ltr'>φυλαῖς</span> <span class='ocrx_word' id='word_1_646' title='bbox 3131 4095 3347 4166; x_wconf 79' lang='grc' dir='ltr'>Ἰσραὴλ</span> <span class='ocrx_word' id='word_1_647' title='bbox 3365 4136 3379 4160; x_wconf 89' lang='grc'><strong>,</strong></span> <span class='ocrx_word' id='word_1_648' title='bbox 3397 4093 3790 4154; x_wconf 71' lang='grc' dir='ltr'>Ἂποκτείνατε</span> 
     </span>
    </p>
   </div>
   <div class='ocr_carea' id='block_1_92' title="bbox 2215 4183 3794 4259">
    <p class='ocr_par' dir='ltr' id='par_1_92' title="bbox 2215 4183 3794 4259">
     <span class='ocr_line' id='line_1_92' title="bbox 2215 4183 3794 4259; baseline 0.004 -24"><span class='ocrx_word' id='word_1_649' title='bbox 2215 4183 2444 4248; x_wconf 76' lang='grc' dir='ltr'>ἕκαστος</span> <span class='ocrx_word' id='word_1_650' title='bbox 2460 4184 2551 4239; x_wconf 81' lang='grc' dir='ltr'>τὸν</span> <span class='ocrx_word' id='word_1_651' title='bbox 2579 4185 2776 4239; x_wconf 83' lang='grc' dir='ltr'>οἰκεῖον</span> <span class='ocrx_word' id='word_1_652' title='bbox 2802 4185 2989 4250; x_wconf 83' lang='grc' dir='ltr'>αὐτοῦ,</span> <span class='ocrx_word' id='word_1_653' title='bbox 3011 4187 3102 4240; x_wconf 76' lang='grc' dir='ltr'><strong>τὸν</strong></span> <span class='ocrx_word' id='word_1_654' title='bbox 3128 4186 3516 4259; x_wconf 81' lang='grc' dir='ltr'>τετελεσμένον</span> <span class='ocrx_word' id='word_1_655' title='bbox 3534 4189 3614 4259; x_wconf 85' lang='grc' dir='ltr'>τῷ</span> <span class='ocrx_word' id='word_1_656' title='bbox 3635 4187 3794 4241; x_wconf 84' lang='grc' dir='ltr'>Βεελ-</span> 
     </span>
    </p>
   </div>
   <div class='ocr_carea' id='block_1_93' title="bbox 2215 4271 3797 4350">
    <p class='ocr_par' dir='ltr' id='par_1_93' title="bbox 2215 4271 3797 4350">
     <span class='ocr_line' id='line_1_93' title="bbox 2215 4271 3797 4350; baseline 0.004 -24"><span class='ocrx_word' id='word_1_657' title='bbox 2215 4274 2422 4347; x_wconf 81' lang='grc' dir='ltr'>φεγὼρ.</span> <span class='ocrx_word' id='word_1_658' title='bbox 2458 4295 2478 4329; x_wconf 78' lang='grc' dir='ltr'><strong>ι</strong></span> <span class='ocrx_word' id='word_1_659' title='bbox 2517 4271 2592 4330; x_wconf 72' lang='grc' dir='ltr'><strong>Οὔ</strong></span> <span class='ocrx_word' id='word_1_660' title='bbox 2609 4275 2675 4348; x_wconf 82' lang='grc' dir='ltr'>δὴ</span> <span class='ocrx_word' id='word_1_661' title='bbox 2701 4277 2794 4332; x_wconf 73' lang='grc' dir='ltr'><strong>καὶ</strong></span> <span class='ocrx_word' id='word_1_662' title='bbox 2826 4278 2906 4342; x_wconf 87' lang='grc' dir='ltr'><strong>εἰς</strong></span> <span class='ocrx_word' id='word_1_663' title='bbox 2935 4278 3106 4350; x_wconf 86' lang='grc' dir='ltr'>πέρας</span> <span class='ocrx_word' id='word_1_664' title='bbox 3133 4278 3514 4350; x_wconf 82' lang='grc' dir='ltr'>ὲνηνεγμένου,</span> <span class='ocrx_word' id='word_1_665' title='bbox 3536 4280 3797 4332; x_wconf 65' lang='grc' dir='ltr'>πέπαυκε</span> 
     </span>
    </p>
   </div>
   <div class='ocr_carea' id='block_1_94' title="bbox 2216 4365 3801 4441">
    <p class='ocr_par' dir='ltr' id='par_1_94' title="bbox 2216 4365 3801 4441">
     <span class='ocr_line' id='line_1_94' title="bbox 2216 4365 3801 4441; baseline 0.003 -23"><span class='ocrx_word' id='word_1_666' title='bbox 2216 4365 2513 4436; x_wconf 83' lang='grc' dir='ltr'>πληθὺςού</span> <span class='ocrx_word' id='word_1_667' title='bbox 2561 4367 2757 4438; x_wconf 86' lang='grc' dir='ltr'>μετρία</span> <span class='ocrx_word' id='word_1_668' title='bbox 2784 4368 2893 4422; x_wconf 79' lang='grc' dir='ltr'><strong>τῶν</strong></span> <span class='ocrx_word' id='word_1_669' title='bbox 2921 4369 2979 4437; x_wconf 73' lang='grc' dir='ltr'><strong>ἐξ</strong></span> <span class='ocrx_word' id='word_1_670' title='bbox 3029 4367 3267 4441; x_wconf 80' lang='grc' dir='ltr'>Ἰσραήλ.</span> <span class='ocrx_word' id='word_1_671' title='bbox 3318 4368 3500 4438; x_wconf 80' lang='grc' dir='ltr'>’Δθρει</span> <span class='ocrx_word' id='word_1_672' title='bbox 3547 4367 3613 4439; x_wconf 81' lang='grc' dir='ltr'><strong>δή</strong></span> <span class='ocrx_word' id='word_1_673' title='bbox 3668 4365 3801 4437; x_wconf 81' lang='grc' dir='ltr'>οὖν,</span> 
     </span>
    </p>
   </div>
   <div class='ocr_carea' id='block_1_95' title="bbox 2219 4453 3804 4529">
    <p class='ocr_par' dir='ltr' id='par_1_95' title="bbox 2219 4453 3804 4529">
     <span class='ocr_line' id='line_1_95' title="bbox 2219 4453 3804 4529; baseline 0.005 -24"><span class='ocrx_word' id='word_1_674' title='bbox 2219 4453 2300 4506; x_wconf 86' lang='grc' dir='ltr'>ὅτι</span> <span class='ocrx_word' id='word_1_675' title='bbox 2329 4455 2623 4525; x_wconf 85' lang='grc' dir='ltr'>προσάγων</span> <span class='ocrx_word' id='word_1_676' title='bbox 2665 4455 2736 4509; x_wconf 89' lang='grc' dir='ltr'><strong>τά</strong></span> <span class='ocrx_word' id='word_1_677' title='bbox 2779 4456 2873 4510; x_wconf 82' lang='grc' dir='ltr'>τοῦ</span> <span class='ocrx_word' id='word_1_678' title='bbox 2930 4455 3065 4511; x_wconf 82' lang='grc' dir='ltr'>Θεοῦ</span> <span class='ocrx_word' id='word_1_679' title='bbox 3095 4458 3431 4529; x_wconf 77' lang='grc' dir='ltr'>δικαιώματα</span> <span class='ocrx_word' id='word_1_680' title='bbox 3476 4457 3627 4510; x_wconf 79' lang='grc' dir='ltr'>’κατά</span> <span class='ocrx_word' id='word_1_681' title='bbox 3659 4459 3804 4523; x_wconf 78' lang='grc' dir='ltr'>τοὺς</span> 
     </span>
    </p>
   </div>
   <div class='ocr_carea' id='block_1_96' title="bbox 2142 4544 3803 4634">
    <p class='ocr_par' dir='ltr' id='par_1_96' title="bbox 2142 4544 3803 4634">
     <span class='ocr_line' id='line_1_96' title="bbox 2142 4544 3803 4634; baseline 0.002 -36"><span class='ocrx_word' id='word_1_682' title='bbox 2142 4579 2187 4634; x_wconf 79' lang='lat' dir='ltr'><strong>D</strong></span> <span class='ocrx_word' id='word_1_683' title='bbox 2215 4544 2492 4630; x_wconf 84' lang='grc' dir='ltr'>Μωῦσέως</span> <span class='ocrx_word' id='word_1_684' title='bbox 2516 4545 2738 4616; x_wconf 80' lang='grc' dir='ltr'>χρόνους</span> <span class='ocrx_word' id='word_1_685' title='bbox 2768 4550 2796 4601; x_wconf 89' lang='lat'><strong>6</strong></span> <span class='ocrx_word' id='word_1_686' title='bbox 2826 4546 3060 4621; x_wconf 83' lang='grc' dir='ltr'>Ἰσραὴλ,</span> <span class='ocrx_word' id='word_1_687' title='bbox 3088 4550 3354 4604; x_wconf 86' lang='grc' dir='ltr'>ἀπέθανεν</span> <span class='ocrx_word' id='word_1_688' title='bbox 3375 4548 3628 4621; x_wconf 86' lang='grc' dir='ltr'>οἰκτρῶς.</span> <span class='ocrx_word' id='word_1_689' title='bbox 3664 4551 3803 4602; x_wconf 82' lang='grc' dir='ltr'><strong>Ἀπ-</strong></span> 
     </span>
    </p>
   </div>
   <div class='ocr_carea' id='block_1_97' title="bbox 2215 4634 3801 4710">
    <p class='ocr_par' dir='ltr' id='par_1_97' title="bbox 2215 4634 3801 4710">
     <span class='ocr_line' id='line_1_97' title="bbox 2215 4634 3801 4710; baseline 0.004 -24"><span class='ocrx_word' id='word_1_690' title='bbox 2215 4634 2477 4702; x_wconf 81' lang='grc' dir='ltr'>εσφάζετο</span> <span class='ocrx_word' id='word_1_691' title='bbox 2492 4637 2562 4704; x_wconf 81' lang='grc' dir='ltr'><strong>γά</strong></span> <span class='ocrx_word' id='word_1_692' title='bbox 2569 4655 2600 4706; x_wconf 90' lang='grc' dir='ltr'><strong>ρ</strong></span> <span class='ocrx_word' id='word_1_693' title='bbox 2617 4638 2644 4690; x_wconf 89' lang='lat'><strong>6</strong></span> <span class='ocrx_word' id='word_1_694' title='bbox 2658 4655 2723 4690; x_wconf 90' lang='grc' dir='ltr'><strong>πε</strong></span> <span class='ocrx_word' id='word_1_695' title='bbox 2731 4638 2902 4708; x_wconf 88' lang='grc' dir='ltr'>πλανη</span> <span class='ocrx_word' id='word_1_696' title='bbox 2912 4641 3071 4710; x_wconf 86' lang='grc' dir='ltr'>μένος</span> <span class='ocrx_word' id='word_1_697' title='bbox 3087 4641 3197 4704; x_wconf 85' lang='grc' dir='ltr'>τοῖς</span> <span class='ocrx_word' id='word_1_698' title='bbox 3211 4641 3319 4694; x_wconf 88' lang='grc' dir='ltr'><strong>τῶν</strong></span> <span class='ocrx_word' id='word_1_699' title='bbox 3330 4641 3545 4694; x_wconf 76' lang='grc' dir='ltr'>οἰκείων</span> <span class='ocrx_word' id='word_1_700' title='bbox 3557 4641 3801 4710; x_wconf 74' lang='grc' dir='ltr'>ξίφεσιν,</span> 
     </span>
    </p>
   </div>
   <div class='ocr_carea' id='block_1_98' title="bbox 2213 4721 3802 4802">
    <p class='ocr_par' dir='ltr' id='par_1_98' title="bbox 2213 4721 3802 4802">
     <span class='ocr_line' id='line_1_98' title="bbox 2213 4721 3802 4802; baseline 0.008 -30"><span class='ocrx_word' id='word_1_701' title='bbox 2213 4721 2315 4774; x_wconf 91' lang='grc' dir='ltr'><strong>ούκ</strong></span> <span class='ocrx_word' id='word_1_702' title='bbox 2345 4722 2525 4795; x_wconf 66' lang='grc' dir='ltr'>ὀθὺείᾳ</span> <span class='ocrx_word' id='word_1_703' title='bbox 2579 4725 2753 4796; x_wconf 85' lang='grc' dir='ltr'>χειρί·</span> <span class='ocrx_word' id='word_1_704' title='bbox 2793 4727 2929 4782; x_wconf 72' lang='grc' dir='ltr'>ἀλλὰ</span> <span class='ocrx_word' id='word_1_705' title='bbox 2983 4729 3277 4800; x_wconf 90' lang='grc' dir='ltr'>προσέθετο</span> <span class='ocrx_word' id='word_1_706' title='bbox 3330 4729 3390 4783; x_wconf 82' lang='grc' dir='ltr'>τὸ</span> <span class='ocrx_word' id='word_1_707' title='bbox 3430 4731 3802 4802; x_wconf 78' lang='grc' dir='ltr'>ἁμαρτάνειν.</span> 
     </span>
    </p>
   </div>
   <div class='ocr_carea' id='block_1_99' title="bbox 545 4795 2111 4892">
    <p class='ocr_par' dir='ltr' id='par_1_99' title="bbox 545 4795 2111 4864">
     <span class='ocr_line' id='line_1_99' title="bbox 545 4795 2111 4864; baseline 0.005 -12"><span class='ocrx_word' id='word_1_708' title='bbox 545 4799 818 4854; x_wconf 78' lang='lat' dir='ltr'><strong>Exclamat</strong></span> <span class='ocrx_word' id='word_1_709' title='bbox 849 4795 1009 4864; x_wconf 75' lang='lat' dir='ltr'><strong>igitur</strong></span> <span class='ocrx_word' id='word_1_710' title='bbox 1037 4805 1222 4850; x_wconf 88' lang='lat' dir='ltr'><strong>contra</strong></span> <span class='ocrx_word' id='word_1_711' title='bbox 1252 4796 1348 4852; x_wconf 89' lang='lat' dir='ltr'><strong>hos</strong></span> <span class='ocrx_word' id='word_1_712' title='bbox 1369 4795 1678 4852; x_wconf 85' lang='lat' dir='ltr'><strong>Psalmista:</strong></span> <span class='ocrx_word' id='word_1_713' title='bbox 1706 4817 1726 4850; x_wconf 81' lang='grc' dir='ltr'><strong>ι</strong></span> <span class='ocrx_word' id='word_1_714' title='bbox 1758 4798 1978 4858; x_wconf 88' lang='lat' dir='ltr'><strong>Similes</strong></span> <span class='ocrx_word' id='word_1_715' title='bbox 2008 4804 2111 4861; x_wconf 87' lang='lat' dir='ltr'><strong>illis</strong></span> 
     </span>
    </p>
   </div>
   <div class='ocr_carea' id='block_1_100' title="bbox 2212 4795 3809 4892">
    <p class='ocr_par' dir='ltr' id='par_1_100' title="bbox 2218 4795 3809 4892">
     <span class='ocr_line' id='line_1_100' title="bbox 2218 4795 3809 4892; baseline 0.007 -28"><span class='ocrx_word' id='word_1_716' title='bbox 2218 4811 2557 4886; x_wconf 88' lang='grc' dir='ltr'>Πεποιήκασι</span> <span class='ocrx_word' id='word_1_717' title='bbox 2619 4795 2729 4886; x_wconf 78' lang='grc' dir='ltr'><strong>γάο</strong></span> <span class='ocrx_word' id='word_1_718' title='bbox 2799 4795 3314 4891; x_wconf 36' lang='grc' dir='ltr'>ἑαυτοῖς-χωνευμα</span> <span class='ocrx_word' id='word_1_719' title='bbox 3377 4795 3636 4892; x_wconf 66' lang='grc' dir='ltr'>χρυσούν,</span> <span class='ocrx_word' id='word_1_720' title='bbox 3697 4823 3809 4875; x_wconf 77' lang='grc' dir='ltr'>καὶ</span> 
     </span>
    </p>
   </div>
   <div class='ocr_carea' id='block_1_101' title="bbox 547 4887 2111 4984">
    <p class='ocr_par' dir='ltr' id='par_1_101' title="bbox 547 4887 2106 4960">
     <span class='ocr_line' id='line_1_101' title="bbox 547 4887 2106 4960; baseline 0.006 -19"><span class='ocrx_word' id='word_1_721' title='bbox 547 4894 677 4944; x_wconf 84' lang='lat' dir='ltr'><strong>ﬁant</strong></span> <span class='ocrx_word' id='word_1_722' title='bbox 700 4890 787 4960; x_wconf 89' lang='lat' dir='ltr'><strong>qui</strong></span> <span class='ocrx_word' id='word_1_723' title='bbox 815 4887 1016 4942; x_wconf 81' lang='lat' dir='ltr'><strong>faciunt</strong></span> <span class='ocrx_word' id='word_1_724' title='bbox 1038 4901 1122 4953; x_wconf 89' lang='lat' dir='ltr'><strong>ea,</strong></span> <span class='ocrx_word' id='word_1_725' title='bbox 1139 4896 1192 4941; x_wconf 90' lang='lat' dir='ltr'><strong>et</strong></span> <span class='ocrx_word' id='word_1_726' title='bbox 1213 4902 1400 4943; x_wconf 89' lang='lat' dir='ltr'><strong>omnes</strong></span> <span class='ocrx_word' id='word_1_727' title='bbox 1421 4888 1512 4956; x_wconf 90' lang='lat' dir='ltr'><strong>qui</strong></span> <span class='ocrx_word' id='word_1_728' title='bbox 1551 4890 1823 4946; x_wconf 91' lang='lat' dir='ltr'><strong>conﬁdunt</strong></span> <span class='ocrx_word' id='word_1_729' title='bbox 1865 4893 1918 4948; x_wconf 92' lang='lat' dir='ltr'><strong>in</strong></span> <span class='ocrx_word' id='word_1_730' title='bbox 1942 4896 2020 4951; x_wconf 90' lang='lat' dir='ltr'><strong>eis</strong></span> <span class='ocrx_word' id='word_1_731' title='bbox 2041 4897 2106 4951; x_wconf 79' lang='lat'><strong>&quot;.</strong></span> 
     </span>
    </p>
   </div>
   <div class='ocr_carea' id='block_1_102' title="bbox 2212 4887 3814 4984">
    <p class='ocr_par' dir='ltr' id='par_1_102' title="bbox 2217 4887 3814 4984">
     <span class='ocr_line' id='line_1_102' title="bbox 2217 4887 3814 4984; baseline 0.009 -30"><span class='ocrx_word' id='word_1_732' title='bbox 2217 4901 2352 4973; x_wconf 78' lang='grc' dir='ltr'>ἔργα</span> <span class='ocrx_word' id='word_1_733' title='bbox 2380 4904 2664 4975; x_wconf 84' lang='grc' dir='ltr'>τέκτονος,</span> <span class='ocrx_word' id='word_1_734' title='bbox 2717 4910 2812 4962; x_wconf 69' lang='grc' dir='ltr'>καὶ</span> <span class='ocrx_word' id='word_1_735' title='bbox 2861 4887 3201 4983; x_wconf 37' lang='grc' dir='ltr'>τεχνουρ-γῶν</span> <span class='ocrx_word' id='word_1_736' title='bbox 3239 4887 3580 4984; x_wconf 61' lang='grc' dir='ltr'><strong>⁷ἐπιστήμαις</strong></span> <span class='ocrx_word' id='word_1_737' title='bbox 3619 4914 3814 4968; x_wconf 78' lang='grc' dir='ltr'>ἐκπε-</span> 
     </span>
    </p>
   </div>
   <div class='ocr_carea' id='block_1_103' title="bbox 549 4978 3815 5074">
    <p class='ocr_par' dir='ltr' id='par_1_103' title="bbox 549 4978 3815 5074">
     <span class='ocr_line' id='line_1_103' title="bbox 549 4978 3815 5074; baseline 0.007 -42"><span class='ocrx_word' id='word_1_738' title='bbox 549 4981 877 5074; x_wconf 79' lang='grc' dir='ltr'>ποιημένους</span> <span class='ocrx_word' id='word_1_739' title='bbox 909 4978 1083 5041; x_wconf 85' lang='grc' dir='ltr'>θεούς.</span> <span class='ocrx_word' id='word_1_740' title='bbox 1127 4979 1432 5074; x_wconf 56' lang='grc' dir='ltr'>Ἐπιιιειδιᾷ</span> <span class='ocrx_word' id='word_1_741' title='bbox 1462 4980 1519 5034; x_wconf 83' lang='grc' dir='ltr'>δὲ</span> <span class='ocrx_word' id='word_1_742' title='bbox 1559 4981 1748 5054; x_wconf 84' lang='grc' dir='ltr'>ὥσπερ</span> <span class='ocrx_word' id='word_1_743' title='bbox 1807 4989 1927 5050; x_wconf 81' lang='grc' dir='ltr'>ταῖς</span> <span class='ocrx_word' id='word_1_744' title='bbox 1969 4989 2150 5044; x_wconf 83' lang='grc' dir='ltr'>αὐτῶν</span> <span class='ocrx_word' id='word_1_745' title='bbox 2185 4994 2600 5064; x_wconf 79' lang='grc' dir='ltr'>εἰκαιοδουλίαις</span> <span class='ocrx_word' id='word_1_746' title='bbox 2645 5002 2674 5052; x_wconf 95' lang='lat'><strong>6</strong></span> <span class='ocrx_word' id='word_1_747' title='bbox 2707 5002 2884 5070; x_wconf 85' lang='grc' dir='ltr'>λόγος.</span> <span class='ocrx_word' id='word_1_748' title='bbox 2925 4978 3114 5066; x_wconf 30' lang='grc' dir='ltr'>-Θεοίις</span> <span class='ocrx_word' id='word_1_749' title='bbox 3157 5003 3266 5074; x_wconf 80' lang='grc' dir='ltr'>γὰρ</span> <span class='ocrx_word' id='word_1_750' title='bbox 3302 4978 3462 5057; x_wconf 30' lang='grc' dir='ltr'>εἶναί-</span> <span class='ocrx_word' id='word_1_751' title='bbox 3492 5003 3815 5056; x_wconf 79' lang='grc' dir='ltr'>πεπιστεύ-</span> 
     </span>
    </p>
   </div>
   <div class='ocr_carea' id='block_1_104' title="bbox 547 5072 3826 5164">
    <p class='ocr_par' dir='ltr' id='par_1_104' title="bbox 547 5072 3826 5164">
     <span class='ocr_line' id='line_1_104' title="bbox 547 5072 3826 5164; baseline 0.007 -38"><span class='ocrx_word' id='word_1_752' title='bbox 547 5091 725 5138; x_wconf 75' lang='grc' dir='ltr'>κασιν,</span> <span class='ocrx_word' id='word_1_753' title='bbox 765 5072 855 5136; x_wconf 75' lang='grc' dir='ltr'><strong>οὓς</strong></span> <span class='ocrx_word' id='word_1_754' title='bbox 889 5073 1042 5125; x_wconf 86' lang='grc' dir='ltr'><strong>αὐτοί</strong></span> <span class='ocrx_word' id='word_1_755' title='bbox 1089 5072 1476 5130; x_wconf 81' lang='grc' dir='ltr'>τεκταίνουσιν.</span> <span class='ocrx_word' id='word_1_756' title='bbox 1519 5075 1888 5147; x_wconf 85' lang='grc' dir='ltr'>Ἐπιφωνείτω</span> <span class='ocrx_word' id='word_1_757' title='bbox 1931 5081 1995 5152; x_wconf 82' lang='grc' dir='ltr'>δὴ</span> <span class='ocrx_word' id='word_1_758' title='bbox 2029 5079 2121 5138; x_wconf 83' lang='grc' dir='ltr'><strong>οὖν</strong></span> <span class='ocrx_word' id='word_1_759' title='bbox 2183 5087 2276 5139; x_wconf 76' lang='grc' dir='ltr'><strong>καὶ</strong></span> <span class='ocrx_word' id='word_1_760' title='bbox 2308 5089 2515 5155; x_wconf 86' lang='grc' dir='ltr'>τούτοις</span> <span class='ocrx_word' id='word_1_761' title='bbox 2550 5095 2578 5145; x_wconf 86' lang='lat'><strong>6</strong></span> <span class='ocrx_word' id='word_1_762' title='bbox 2637 5093 2970 5164; x_wconf 78' lang='grc' dir='ltr'><strong>Ψαλμῳδός⁸</strong></span> <span class='ocrx_word' id='word_1_763' title='bbox 3023 5113 3044 5146; x_wconf 75' lang='grc' dir='ltr'><strong>ι</strong></span> <span class='ocrx_word' id='word_1_764' title='bbox 3085 5072 3300 5162; x_wconf 80' lang='grc' dir='ltr'>Ὅμοιοι</span> <span class='ocrx_word' id='word_1_765' title='bbox 3336 5095 3520 5158; x_wconf 84' lang='grc' dir='ltr'>αὐτοῖς</span> <span class='ocrx_word' id='word_1_766' title='bbox 3552 5094 3826 5163; x_wconf 86' lang='grc' dir='ltr'>γένοιντο</span> 
     </span>
    </p>
   </div>
   <div class='ocr_carea' id='block_1_105' title="bbox 547 5163 2394 5244">
    <p class='ocr_par' dir='ltr' id='par_1_105' title="bbox 547 5163 2394 5244">
     <span class='ocr_line' id='line_1_105' title="bbox 547 5163 2394 5244; baseline 0.009 -28"><span class='ocrx_word' id='word_1_767' title='bbox 547 5167 596 5217; x_wconf 86' lang='grc' dir='ltr'>οἱ</span> <span class='ocrx_word' id='word_1_768' title='bbox 644 5165 922 5227; x_wconf 76' lang='grc' dir='ltr'>ποιοῦντες</span> <span class='ocrx_word' id='word_1_769' title='bbox 973 5163 1133 5231; x_wconf 84' lang='grc' dir='ltr'>αύτά,</span> <span class='ocrx_word' id='word_1_770' title='bbox 1183 5166 1279 5218; x_wconf 75' lang='grc' dir='ltr'>καὶ</span> <span class='ocrx_word' id='word_1_771' title='bbox 1323 5165 1524 5230; x_wconf 86' lang='grc' dir='ltr'>πάντες</span> <span class='ocrx_word' id='word_1_772' title='bbox 1571 5171 1620 5222; x_wconf 86' lang='grc' dir='ltr'><strong>οἰ</strong></span> <span class='ocrx_word' id='word_1_773' title='bbox 1663 5171 1979 5237; x_wconf 81' lang='grc' dir='ltr'>πεποιθότες</span> <span class='ocrx_word' id='word_1_774' title='bbox 2027 5175 2114 5228; x_wconf 78' lang='grc' dir='ltr'><strong>ἐπ’</strong></span> <span class='ocrx_word' id='word_1_775' title='bbox 2145 5180 2345 5244; x_wconf 82' lang='grc' dir='ltr'>αὐτοῖς.</span> <span class='ocrx_word' id='word_1_776' title='bbox 2375 5199 2394 5232; x_wconf 73' lang='grc' dir='ltr'><strong>ι</strong></span> 
     </span>
    </p>
   </div>
   <div class='ocr_carea' id='block_1_106' title="bbox 621 5253 2111 5346">
    <p class='ocr_par' dir='ltr' id='par_1_106' title="bbox 621 5253 2111 5330">
     <span class='ocr_line' id='line_1_106' title="bbox 621 5253 2111 5330; baseline 0.007 -22"><span class='ocrx_word' id='word_1_777' title='bbox 621 5254 783 5310; x_wconf 74' lang='lat' dir='ltr'><strong>Vens.</strong></span> <span class='ocrx_word' id='word_1_778' title='bbox 810 5256 864 5309; x_wconf 81' lang='grc'>5.</span> <span class='ocrx_word' id='word_1_779' title='bbox 921 5253 1032 5325; x_wconf 82' lang='lat' dir='ltr'><strong>Ipsi</strong></span> <span class='ocrx_word' id='word_1_780' title='bbox 1057 5256 1232 5310; x_wconf 83' lang='lat' dir='ltr'><strong>dicunt</strong></span> <span class='ocrx_word' id='word_1_781' title='bbox 1261 5271 1280 5309; x_wconf 90' lang='lat'><strong>.&#39;</strong></span> <span class='ocrx_word' id='word_1_782' title='bbox 1317 5255 1596 5314; x_wconf 83' lang='lat' dir='ltr'><strong>lmmolate</strong></span> <span class='ocrx_word' id='word_1_783' title='bbox 1639 5260 1893 5330; x_wconf 78' lang='lat' dir='ltr'><strong>homines,</strong></span> <span class='ocrx_word' id='word_1_784' title='bbox 1965 5264 2111 5318; x_wconf 77' lang='lat' dir='ltr'><strong>uituli</strong></span> 
     </span>
    </p>
   </div>
   <div class='ocr_carea' id='block_1_107' title="bbox 2212 5253 3817 5346">
    <p class='ocr_par' dir='ltr' id='par_1_107' title="bbox 2283 5274 3817 5346">
     <span class='ocr_line' id='line_1_107' title="bbox 2283 5274 3817 5346; baseline 0.001 -20"><span class='ocrx_word' id='word_1_785' title='bbox 2283 5275 2462 5328; x_wconf 80' lang='grc' dir='ltr'><strong>Αὐτοὶ</strong></span> <span class='ocrx_word' id='word_1_786' title='bbox 2485 5274 2754 5345; x_wconf 73' lang='grc' dir='ltr'>λέγουσι·</span> <span class='ocrx_word' id='word_1_787' title='bbox 2780 5276 3008 5329; x_wconf 81' lang='grc' dir='ltr'>Θύσατε</span> <span class='ocrx_word' id='word_1_788' title='bbox 3034 5274 3402 5343; x_wconf 81' lang='grc' dir='ltr'>ἀνθρώπους,</span> <span class='ocrx_word' id='word_1_789' title='bbox 3427 5277 3651 5344; x_wconf 83' lang='grc' dir='ltr'>μόσχοι</span> <span class='ocrx_word' id='word_1_790' title='bbox 3677 5276 3817 5346; x_wconf 75' lang='grc' dir='ltr'>γὰρ</span> 
     </span>
    </p>
   </div>
   <div class='ocr_carea' id='block_1_108' title="bbox 547 5346 2111 5433">
    <p class='ocr_par' dir='ltr' id='par_1_108' title="bbox 547 5346 2108 5419">
     <span class='ocr_line' id='line_1_108' title="bbox 547 5346 2108 5419; baseline 0.008 -24"><span class='ocrx_word' id='word_1_791' title='bbox 547 5347 684 5399; x_wconf 76' lang='lat' dir='ltr'><strong>enim</strong></span> <span class='ocrx_word' id='word_1_792' title='bbox 735 5347 1054 5414; x_wconf 82' lang='lat' dir='ltr'><strong>defecerunt.</strong></span> <span class='ocrx_word' id='word_1_793' title='bbox 1097 5346 1307 5401; x_wconf 79' lang='lat' dir='ltr'><strong>Idcirco</strong></span> <span class='ocrx_word' id='word_1_794' title='bbox 1353 5358 1503 5403; x_wconf 84' lang='lat' dir='ltr'><strong>erunt</strong></span> <span class='ocrx_word' id='word_1_795' title='bbox 1541 5351 1694 5419; x_wconf 84' lang='lat' dir='ltr'><strong>quasi</strong></span> <span class='ocrx_word' id='word_1_796' title='bbox 1735 5352 1896 5408; x_wconf 78' lang='lat' dir='ltr'><strong>nubes</strong></span> <span class='ocrx_word' id='word_1_797' title='bbox 1929 5362 2108 5408; x_wconf 87' lang='lat' dir='ltr'><strong>matu-</strong></span> 
     </span>
    </p>
   </div>
   <div class='ocr_carea' id='block_1_109' title="bbox 2212 5346 3823 5433">
    <p class='ocr_par' dir='ltr' id='par_1_109' title="bbox 2214 5359 3823 5433">
     <span class='ocr_line' id='line_1_109' title="bbox 2214 5359 3823 5433; baseline 0.004 -22"><span class='ocrx_word' id='word_1_798' title='bbox 2214 5359 2625 5416; x_wconf 77' lang='grc' dir='ltr'>ἐκλελοίπασι.</span> <span class='ocrx_word' id='word_1_799' title='bbox 2653 5363 2756 5416; x_wconf 88' lang='grc' dir='ltr'>Διά</span> <span class='ocrx_word' id='word_1_800' title='bbox 2783 5364 2959 5417; x_wconf 83' lang='grc' dir='ltr'>τοῦτο</span> <span class='ocrx_word' id='word_1_801' title='bbox 2984 5364 3227 5418; x_wconf 77' lang='grc' dir='ltr'>ἔσονται</span> <span class='ocrx_word' id='word_1_802' title='bbox 3254 5365 3334 5430; x_wconf 86' lang='grc' dir='ltr'>ὠς</span> <span class='ocrx_word' id='word_1_803' title='bbox 3361 5364 3588 5433; x_wconf 72' lang='grc' dir='ltr'>νεφέλη</span> <span class='ocrx_word' id='word_1_804' title='bbox 3609 5373 3823 5432; x_wconf 63' lang='grc' dir='ltr'><strong>προί-</strong></span> 
     </span>
    </p>
   </div>
   <div class='ocr_carea' id='block_1_110' title="bbox 547 5438 2111 5521">
    <p class='ocr_par' dir='ltr' id='par_1_110' title="bbox 547 5438 2110 5510">
     <span class='ocr_line' id='line_1_110' title="bbox 547 5438 2110 5510; baseline 0.009 -26"><span class='ocrx_word' id='word_1_805' title='bbox 547 5439 677 5502; x_wconf 78' lang='lat' dir='ltr'><strong>tina,</strong></span> <span class='ocrx_word' id='word_1_806' title='bbox 715 5447 762 5490; x_wconf 77' lang='lat' dir='ltr'><strong>et</strong></span> <span class='ocrx_word' id='word_1_807' title='bbox 793 5438 922 5510; x_wconf 81' lang='lat' dir='ltr'><strong>sicut</strong></span> <span class='ocrx_word' id='word_1_808' title='bbox 957 5455 1042 5493; x_wconf 89' lang='lat' dir='ltr'><strong>ros</strong></span> <span class='ocrx_word' id='word_1_809' title='bbox 1089 5443 1375 5495; x_wconf 83' lang='lat' dir='ltr'><strong>matutinus</strong></span> <span class='ocrx_word' id='word_1_810' title='bbox 1441 5445 1812 5509; x_wconf 83' lang='lat' dir='ltr'><strong>pertransiens,</strong></span> <span class='ocrx_word' id='word_1_811' title='bbox 1871 5455 1918 5499; x_wconf 86' lang='lat' dir='ltr'><strong>et</strong></span> <span class='ocrx_word' id='word_1_812' title='bbox 1977 5447 2110 5498; x_wconf 85' lang='lat' dir='ltr'><strong>sicut</strong></span> 
     </span>
    </p>
   </div>
   <div class='ocr_carea' id='block_1_111' title="bbox 2212 5438 3834 5521">
    <p class='ocr_par' dir='ltr' id='par_1_111' title="bbox 2213 5446 3834 5521">
     <span class='ocr_line' id='line_1_111' title="bbox 2213 5446 3834 5521; baseline 0.004 -22"><span class='ocrx_word' id='word_1_813' title='bbox 2213 5446 2312 5513; x_wconf 73' lang='grc' dir='ltr'><strong>νὴ,</strong></span> <span class='ocrx_word' id='word_1_814' title='bbox 2355 5450 2451 5502; x_wconf 80' lang='grc' dir='ltr'>καὶ</span> <span class='ocrx_word' id='word_1_815' title='bbox 2491 5451 2568 5515; x_wconf 86' lang='grc' dir='ltr'>ὡς</span> <span class='ocrx_word' id='word_1_816' title='bbox 2603 5449 2819 5518; x_wconf 75' lang='grc' dir='ltr'>δρόσος</span> <span class='ocrx_word' id='word_1_817' title='bbox 2846 5452 3088 5520; x_wconf 74' lang='grc' dir='ltr'>ὀρθρινὴ</span> <span class='ocrx_word' id='word_1_818' title='bbox 3133 5452 3508 5521; x_wconf 83' lang='grc' dir='ltr'>πορευομένη</span> <span class='ocrx_word' id='word_1_819' title='bbox 3531 5491 3547 5516; x_wconf 95' lang='grc'><strong>,</strong></span> <span class='ocrx_word' id='word_1_820' title='bbox 3585 5451 3691 5505; x_wconf 74' lang='grc' dir='ltr'><strong>καὶ</strong></span> <span class='ocrx_word' id='word_1_821' title='bbox 3723 5453 3834 5520; x_wconf 83' lang='grc' dir='ltr'>ὡς</span> 
     </span>
    </p>
   </div>
   <div class='ocr_carea' id='block_1_112' title="bbox 544 5525 2111 5614">
    <p class='ocr_par' dir='ltr' id='par_1_112' title="bbox 544 5525 2109 5602">
     <span class='ocr_line' id='line_1_112' title="bbox 544 5525 2109 5602; baseline 0.012 -30"><span class='ocrx_word' id='word_1_822' title='bbox 544 5525 706 5590; x_wconf 58' lang='lat' dir='ltr'><strong>pulvis</strong></span> <span class='ocrx_word' id='word_1_823' title='bbox 735 5528 1030 5594; x_wconf 69' lang='lat' dir='ltr'><strong>exsuﬁlatus</strong></span> <span class='ocrx_word' id='word_1_824' title='bbox 1063 5531 1125 5582; x_wconf 89' lang='lat' dir='ltr'><strong>ab</strong></span> <span class='ocrx_word' id='word_1_825' title='bbox 1167 5548 1313 5596; x_wconf 83' lang='lat' dir='ltr'><strong>arca,</strong></span> <span class='ocrx_word' id='word_1_826' title='bbox 1361 5542 1412 5586; x_wconf 82' lang='lat' dir='ltr'><strong>et</strong></span> <span class='ocrx_word' id='word_1_827' title='bbox 1453 5535 1584 5587; x_wconf 83' lang='lat' dir='ltr'><strong>sicut</strong></span> <span class='ocrx_word' id='word_1_828' title='bbox 1622 5551 1781 5602; x_wconf 83' lang='lat' dir='ltr'><strong>vapor</strong></span> <span class='ocrx_word' id='word_1_829' title='bbox 1814 5552 1844 5590; x_wconf 90' lang='lat' dir='ltr'><strong><em>a</em></strong></span> <span class='ocrx_word' id='word_1_830' title='bbox 1885 5538 2109 5590; x_wconf 78' lang='lat' dir='ltr'><strong>camino.</strong></span> 
     </span>
    </p>
   </div>
   <div class='ocr_carea' id='block_1_113' title="bbox 2212 5525 3834 5614">
    <p class='ocr_par' dir='ltr' id='par_1_113' title="bbox 2216 5540 3834 5614">
     <span class='ocr_line' id='line_1_113' title="bbox 2216 5540 3834 5614; baseline 0.004 -25"><span class='ocrx_word' id='word_1_831' title='bbox 2216 5540 2402 5605; x_wconf 61' lang='grc' dir='ltr'>χοροὺς</span> <span class='ocrx_word' id='word_1_832' title='bbox 2425 5542 2898 5610; x_wconf 59' lang='grc' dir='ltr'>ἀποφυσώμενος</span> <span class='ocrx_word' id='word_1_833' title='bbox 2941 5542 3038 5609; x_wconf 64' lang='grc' dir='ltr'><strong>ἀφ’</strong></span> <span class='ocrx_word' id='word_1_834' title='bbox 3065 5542 3296 5607; x_wconf 70' lang='grc' dir='ltr'>ἅλωνος</span> <span class='ocrx_word' id='word_1_835' title='bbox 3316 5582 3330 5608; x_wconf 92' lang='grc'><strong>,</strong></span> <span class='ocrx_word' id='word_1_836' title='bbox 3365 5542 3462 5596; x_wconf 84' lang='grc' dir='ltr'><strong>καί</strong></span> <span class='ocrx_word' id='word_1_837' title='bbox 3493 5543 3575 5608; x_wconf 84' lang='grc' dir='ltr'>ὠς</span> <span class='ocrx_word' id='word_1_838' title='bbox 3619 5543 3834 5614; x_wconf 71' lang='grc' dir='ltr'><strong>ἀτμὶς</strong></span> 
     </span>
    </p>
   </div>
   <div class='ocr_carea' id='block_1_114' title="bbox 2216 5631 2768 5700">
    <p class='ocr_par' dir='ltr' id='par_1_114' title="bbox 2216 5631 2768 5700">
     <span class='ocr_line' id='line_1_114' title="bbox 2216 5631 2768 5700; baseline 0.011 -19"><span class='ocrx_word' id='word_1_839' title='bbox 2216 5631 2334 5682; x_wconf 76' lang='grc' dir='ltr'>ἀπὸ</span> <span class='ocrx_word' id='word_1_840' title='bbox 2363 5632 2768 5700; x_wconf 75' lang='grc' dir='ltr'>καπνοδόκης.</span> 
     </span>
    </p>
   </div>
   <div class='ocr_carea' id='block_1_115' title="bbox 621 5786 1736 5859">
    <p class='ocr_par' dir='ltr' id='par_1_115' title="bbox 621 5786 1736 5859">
     <span class='ocr_line' id='line_1_115' title="bbox 621 5786 1736 5859; baseline 0.01 -19"><span class='ocrx_word' id='word_1_841' title='bbox 621 5788 665 5821; x_wconf 76' lang='grc'><strong>’⁸</strong></span> <span class='ocrx_word' id='word_1_842' title='bbox 700 5786 858 5841; x_wconf 73' lang='lat' dir='ltr'><strong>Num.</strong></span> <span class='ocrx_word' id='word_1_843' title='bbox 897 5801 1018 5852; x_wconf 79' lang='lat' dir='ltr'><strong>xxv,</strong></span> <span class='ocrx_word' id='word_1_844' title='bbox 1057 5791 1170 5844; x_wconf 81' lang='grc'><strong>1-5.</strong></span> <span class='ocrx_word' id='word_1_845' title='bbox 1243 5795 1290 5826; x_wconf 81' lang='grc'>⁷⁸</span> <span class='ocrx_word' id='word_1_846' title='bbox 1326 5795 1461 5850; x_wconf 83' lang='lat' dir='ltr'><strong>Psal.</strong></span> <span class='ocrx_word' id='word_1_847' title='bbox 1498 5813 1648 5859; x_wconf 77' lang='lat' dir='ltr'><strong>cxm,</strong></span> <span class='ocrx_word' id='word_1_848' title='bbox 1684 5799 1736 5851; x_wconf 92' lang='lat'><strong>8.</strong></span> 
     </span>
    </p>
   </div>
  </div>
