4034 6270
311 433 394 493 ιιι
1210 415 1760 481 COMMENTARIUS
1794 411 1852 480 ἰι

1960 426 2140 483 SEAM
2183 416 2624 488 ιίιιοριιιῑτέιιι.

3432 441 3539 496 502

312 521 327 550 ’
370 544 792 605 ΡΜΖηΑιπᾱτω
816 542 998 606 πάλιν,
1023 542 1103 596 ὅτι
1131 543 1206 614 μὴ
1234 543 1392 613 μόνον
1411 544 1852 614 δεδυσσεϐήκασι1

2036 546 2285 603 CXLVII.
2337 550 2695 620 Conqueritur
2744 567 2974 618 rursum,
3012 552 3152 622 quod
3210 567 3314 607 non
3362 556 3536 611 solum

316 641 412 699 κατ’
441 637 628 692 είκόνα
664 633 902 688 εἰδώλων
953 633 1016 686 τὸ
1054 633 1204 704 παρὰ
1233 632 1369 686 Θεοῦ
1422 635 1574 688 δοθὲν
1603 636 1852 707 ἀργύριοι

1969 637 2387 707 ἰιῐιρὶοέειιτίιιι,
2415 642 2665 696 donatum
2686 659 2715 696 a
2743 644 2851 699 Deo
2872 657 3151 714 argentum
3174 647 3226 700 in
3245 646 3538 716 imaginem

313 729 722 792 διαπλάττοντες,
771 726 867 780 καὶ
892 728 1004 788 τοῖς
1032 725 1140 780 ἀπὸ
1162 725 1318 789 ξύλου
1342 727 1435 779 καὶ
1460 726 1622 780 λίθων
1643 743 1864 798 πεποιη-

314 824 465 895 μένοις
514 820 578 874 τὸ
630 820 730 890 τῆς
775 817 929 882 θείας
979 817 1138 888 δόξης
1192 818 1614 888 ἐπιφημίζοντες
1658 818 1859 889 ὄνομα,

305 915 417 970 ἀλλά
444 914 559 985 γάρ
586 912 684 967 καὶ
725 913 805 976 είς
836 910 997 964 τοῦτο
1045 907 1380 964 κατώλισθον
1415 909 1682 980 ἀμαθίας,
1724 909 1862 979 μᾶλο-

304 1005 378 1058 λον
403 1004 453 1057 δὲ
487 1003 832 1073 σκαιότητος,
875 1000 969 1054 καὶ
1000 999 1412 1071 ἀπανθρωπίας,
1445 1001 1539 1054 καὶ
1571 1000 1862 1071 Θηριοπρε-

303 1097 419 1158 ποῦς
437 1097 767 1166 ἀγριότητος
804 1093 839 1165 ἢ
869 1087 964 1146 καὶ
991 1091 1073 1145 ἔτι
1102 1092 1305 1146 τούτων
1329 1094 1602 1156 ἐπέκεινα,
1629 1094 1704 1156 ὼς
1730 1093 1862 1164 μηδὲ

301 1187 461 1243 αὐτῶν
512 1187 622 1240 τῶν
672 1187 817 1241 ἰδίων
852 1182 1128 1255 φείδεσθαι
1182 1184 1408 1237 τέκνων.
1466 1184 1860 1254 Ἀποσφάττειν

297 1280 348 1333 δὲ
394 1279 530 1332 αὐτά
571 1281 687 1342 τοῖς
745 1277 984 1347 δαίμοσι,
1043 1275 1221 1329 καίτοι
1275 1276 1744 1346 κατεστυγηκότος
1799 1276 1860 1329 τὸ

297 1373 466 1442 χρῆμα
486 1371 646 1435 Θεοῦ,
674 1371 766 1424 καὶ
792 1370 898 1423 οὐδ’
921 1369 988 1423 ἂν
1012 1369 1184 1440 αὐτὴν
1213 1369 1582 1440 ἀνασχομένου
1609 1371 1738 1424 ποτὲ
1758 1371 1858 1443 τὴν

297 1460 462 1530 φωνὴν
499 1460 534 1531 ἢ
570 1461 744 1514 εἰπεῖν
771 1457 1060 1531 ἑτέροις-,ἢ
1095 1457 1226 1526 γοῦν
1264 1457 1495 1514 ἀκοῦσαι
1520 1459 1671 1530 παρά
1692 1477 1855 1524 τινος.

294 1553 365 1604 Οὐ
388 1551 493 1622 γὰρ
534 1551 860 1622 φιλαίματος
891 1553 920 1605 ὁ
955 1550 1255 1622 Δεσπότης,
1304 1550 1428 1605 οὔτε
1477 1552 1583 1623 μὴν
1611 1554 1702 1606 ἐπὶ
1736 1556 1857 1618 ταῖς

296 1642 398 1697 τῶν
437 1641 736 1714 ἀνθρώπων
773 1643 957 1713 ἥδεται
987 1643 1380 1721 καταφθοραῖς.
1435 1644 1642 1698 Πολλοῦ
1671 1663 1734 1714 γε
1760 1645 1855 1700 καὶ

295 1735 392 1789 δεῖ.
445 1735 666 1788 Ἔκτισε
712 1733 818 1805 γὰρ
863 1735 942 1798 είς
966 1733 1025 1787 τὸ
1072 1729 1214 1788 εἶναι
1258 1735 1328 1789 τά
1365 1735 1575 1801 πάντα,
1613 1738 1751 1791 κατά
1793 1737 1855 1790 τὸ

301 1825 689 1897 γεγραμμένον,
716 1825 810 1879 καὶ
851 1825 1104 1897 σωτήριοι
1127 1827 1186 1879 αἱ
1227 1827 1469 1895 γενέσεις
1496 1827 1592 1882 τοῦ
1621 1829 1850 1901 κόσμου.

1967 726 2228 780 idolorum
2287 727 2754 797 transformantes;
2790 742 2844 787 et
2874 749 2904 787 e
2943 733 3089 803 ligno
3145 749 3208 790 ac
3271 736 3538 804 lapidibus

1965 815 2461 872 fabricatisdivinae
2510 820 2696 889 gloria:
2752 837 2946 877 nomen
3015 826 3382 893 ascribentes,
3443 830 3537 882 sed

1963 906 2127 959 etiam
2157 922 2222 962 eo
2254 908 2506 974 inscitiae,
2540 911 2648 964 imo
2700 914 2959 978 stultitiae,
2997 926 3050 969 et
3083 917 3452 984 immanitatis,
3484 932 3539 974 et

1964 996 2150 1052 ferinm
2205 999 2450 1067 saevitiae,
2481 1003 2642 1056 autsi
2670 1005 2798 1072 quid
2845 1005 2929 1060 his
2975 1009 3146 1076 majus
3171 1020 3274 1074 est,
3333 1011 3536 1081 delapsi

1961 1089 2091 1154 sint,
2121 1099 2180 1142 ut
2208 1104 2275 1143 ne
2300 1090 2422 1145 [iliis
2453 1092 2669 1160 quidem
2705 1093 2819 1147 suis
2865 1107 3172 1164 parcerent,
3198 1113 3384 1154 verum
3440 1115 3536 1157 eos

1961 1177 2294 1234 daemonibus
2338 1179 2702 1246 immolareut,
2740 1183 2952 1238 tametsi
2985 1184 3127 1240 Deus
3152 1185 3354 1241 factum
3385 1190 3537 1244 odis-

1960 1278 2044 1324 set
2071 1270 2228 1334 adeo,
2264 1279 2320 1325 ut
2353 1285 2421 1325 ne
2461 1271 2629 1340 ipsam
2655 1273 2870 1342 quidem
2908 1289 3092 1330 vocem
3135 1276 3250 1344 ejus
3284 1279 3368 1332 vel
3416 1279 3536 1336 aliis

1961 1362 2270 1428 dicere,,vel
2299 1363 2366 1416 ab
2385 1363 2506 1418 aliis
2526 1365 2714 1422 audire
2735 1367 3046 1424 sustineret.
3090 1368 3207 1425 Non
3235 1373 3379 1425 enim
3406 1386 3537 1440 gau-

1960 1455 2051 1509 det
2091 1455 2354 1522 sanguine
2404 1455 2697 1524 Dominus,
2763 1474 2864 1514 nec
2903 1462 3204 1530 perditione
3255 1465 3533 1519 hominum

1958 1541 2172 1597 laetatur
2200 1545 2265 1597 ⁷⁷.
2316 1543 2498 1616 Longe
2540 1549 2712 1604 abest.
2758 1549 2974 1605 Creavit
3016 1554 3160 1608 enim
3230 1555 3412 1610 omnia
3478 1570 3536 1611 ut

1956 1643 2140 1690 essent
2169 1636 2346 1708 (sicut
2371 1639 2632 1708 scriptum
2657 1649 2743 1696 est
2770 1640 2811 1714 ),
2860 1653 2916 1697 et
2941 1644 3209 1700 salutares
3260 1659 3388 1702 sunt
3445 1663 3536 1718 ge-

1956 1728 2269 1785 nerationes
2295 1730 2480 1784 mundi
2513 1728 2582 1786 ⁷⁸.
2619 1731 2725 1787 Sed
2767 1733 2931 1787 draco
2961 1745 3228 1803 apostata,
3272 1748 3330 1791 ut
3386 1753 3534 1792 rnor—

1957 1821 2028 1876 tis
2072 1821 2321 1877 inventor
2349 1830 2404 1876 et
2435 1835 2652 1890 parcns,
2689 1823 2968 1878 hominum
3001 1826 3240 1881 caedibus
3301 1828 3535 1883 delecta-

312 1909 518 1987 Ἐπειδὴ
565 1916 623 1968 δέ
655 1919 768 1970 ἐστι
801 1916 1031 1970 Θανάτου
1055 1917 1147 1969 καὶ
1176 1917 1404 1989 εὑρετὴς
1431 1919 1526 1972 καὶ
1548 1919 1806 1991 πρόξενος
1829 1923 1852 1974 ό

1961 1918 2068 1965 tur.
2096 1909 2307 1966 Nudum
2339 1913 2500 1982 igitur
2529 1928 2834 1970 sermonem
2868 1930 3084 1985 quoque
3123 1934 3285 1987 super
3331 1920 3415 1974 his
3451 1923 3535 1974 in-

299 2008 497 2079 δράκων
515 2007 543 2058 ό
571 2007 898 2077 ἀποστάτης,
919 2007 1094 2080 ταύτῃ
1112 2025 1194 2062 τοι
1212 2011 1330 2072 ταῖς
1346 2009 1443 2064 ἀνθ
1449 2011 1647 2080 ρώπων
1668 2012 1853 2082 ἥδεται

295 2099 533 2167 σφαγαῖς.
563 2098 682 2150 Ὀτι
714 2097 893 2152 τοίνυν
916 2100 1014 2153 καὶ
1040 2098 1193 2167 ψιλὸς
1220 2101 1249 2154 ό
1269 2099 1361 2152 ἐπὶ
1387 2101 1562 2172 τούτῳ
1582 2102 1738 2170 λόγος
1765 2121 1856 2174 με·

289 2190 506 2260 μίσηται
543 2191 692 2262 παρά
728 2190 879 2262 Θεῷ,
919 2191 1202 2263 διατρανοῖ
1243 2194 1453 2263 λέγων·
1508 2213 1528 2247 ι
1557 2197 1721 2250 Αὐτοὶ
1762 2179 1852 2251 λέέ

282 2289 453 2348 γουσι,
473 2281 681 2336 Θύσατε
706 2282 1050 2354 ἀνθρώπους,
1074 2284 1262 2355 μόσχοι
1277 2287 1385 2358 γὰρ
1411 2286 1804 2342 ἐκλελοίπασιν.
1831 2308 1848 2341 ι

280 2373 390 2425 Οὐκ
421 2375 568 2444 ἐμὸς,
597 2375 784 2445 φησὶν,
817 2377 846 2428 ὁ
873 2375 1044 2443 λόγος.
1077 2377 1186 2428 οὐδ’
1203 2377 1269 2431 ἂν
1290 2379 1498 2450 εἴποιμί
1527 2397 1658 2434 ποτε
1678 2381 1856 2434 τοιάν-

273 2463 328 2516 δε
367 2469 569 2538 φωνήν.
615 2467 784 2520 Αὐτοὶ
827 2466 886 2520 δέ
942 2484 1106 2536 φασιν
1143 2469 1194 2521 οἱ
1226 2469 1334 2523 τῶν
1390 2471 1660 2541 δαιμόνων
1693 2471 1854 2543 θεραδ

275 2556 496 2620 ⁸ιτευταὶ,
539 2555 601 2610 τὸ
623 2557 734 2610 δεῖν
781 2556 1106 2629 ἀνθρώπους
1139 2560 1434 2615 καταθύειν
1471 2563 1673 2627 αὐτοῖς.
1721 2560 1854 2618 Εἶτα

271 2647 498 2718 διαγελᾷ
546 2649 645 2720 τὴν
691 2648 905 2718 σκέψιν,
959 2651 1052 2703 καὶ
1098 2651 1348 2723 διασύρει
1409 2653 1471 2705 τὸ
1509 2653 1853 2724 ἐγχείρημα,

275 2738 633 2810 προστιθεὶς,
693 2740 789 2793 καὶ
832 2740 1038 2808 λέγων·
1075 2735 1324 2812 ιΜόσχοι
1371 2743 1502 2814 γὰρ,
1532 2764 1550 2796 ι
1607 2747 1748 2799 κατά
1795 2747 1856 2800 τὸ

274 2831 453 2898 είκὺς,
487 2852 505 2884 ι
527 2832 627 2885 οὐκ
653 2829 794 2903 ἦσαν
825 2833 1028 2896 αὐτοῖς.
1065 2852 1084 2886 ι
1113 2835 1211 2890 Διά
1237 2836 1395 2889 τοῦτο
1416 2839 1742 2909 τετιμήκασι
1760 2839 1854 2910 τὴν

269 2923 654 2995 ἁνδροφονίαν.
682 2923 821 2979 Ἀλλ’
845 2923 1006 2990 ἔστω,
1035 2926 1188 2996 φησὶ,
1216 2925 1582 2998 πεπλάνησθε,
1610 2929 1705 2982 καὶ
1732 2931 1856 2992 τοὺς

264 3015 547 3085 γλυπτούς
573 3034 655 3083 τε,
687 3017 780 3071 καὶ
817 3019 1122 3087 χωνευτοὺς
1161 3020 1492 3090 τετιμήκατε
1529 3020 1704 3085 θεούς.
1738 3023 1855 3074 Ἵνα

256 3109 313 3165 τί
340 3110 439 3164 καὶ
465 3110 658 3181 αἵμασι
684 3112 810 3175 τοὺς
832 3111 1060 3166 ἐκείνων
1087 3111 1302 3183 βωμοὺς
1322 3113 1679 3167 κατεδεύσατε
1695 3114 1855 3180 '(‘Av-

1959 2003 2132 2058 visum
2165 2017 2287 2058 esse
2317 2005 2425 2059 Deo
2454 2005 2712 2071 declarat,
2733 2006 2958 2062 dicens:
3000 2023 3020 2060 ι
3040 2008 3144 2078 Ipsi
3185 2011 3402 2064 dicunt:
3435 2013 3534 2066 Sa-

1955 2096 2200 2152 Crilicate
2230 2098 2498 2163 homines,
2539 2098 2688 2153 vituli
2729 2100 2872 2154 enim
2902 2100 3234 2158 defecerunt.
3260 2121 3278 2154 ι
3309 2101 3424 2158 Νοιι
3451 2115 3537 2159 est

1956 2189 2182 2243 verbum
2251 2205 2451 2254 meum,
2495 2191 2690 2259 inquit,
2732 2205 2832 2246 nec
2862 2207 3098 2262 unquam
3134 2193 3388 2263 loquerer
3433 2210 3535 2265 ego

1955 2283 2284 2352 huiusmodi.
2320 2283 2424 2354 ipsi
2459 2294 2639 2340 autem
2685 2284 2922 2340 cultores
2976 2287 3284 2342 dmmonum
3313 2288 3531 2353 dicunt,

1957 2373 2344 2429 sacriﬁcandos
2387 2376 2455 2430 ab
2486 2389 2545 2430 se
2576 2376 2841 2432 homines.
2873 2377 3075 2433 Deinde
3097 2378 3380 2433 consilium
3411 2379 3535 2435 irri-

1957 2465 2048 2518 det
2089 2473 2144 2519 et
2194 2464 2525 2519 molitionem
2588 2465 2922 2536 perstringit,
2992 2480 3112 2520 cum
3191 2467 3288 2531 ait,
3322 2483 3340 2517 ι
3377 2463 3532 2520 Vituli

1955 2554 2119 2620 enim,
2164 2573 2183 2607 ι
2214 2565 2271 2608 ιιι
2304 2565 2722 2611 consentaneum
2769 2566 2871 2620 est,
2905 2574 2924 2608 ι
2950 2571 3055 2612 non
3108 2565 3266 2612 erant
3316 2559 3466 2626 ipsis,
3506 2575 3527 2610 ι

1957 2647 2162 2702 idcirco
2194 2647 2417 2702 honoris
2439 2661 2600 2701 causa
2621 2648 2822 2702 caedem
2847 2648 3121 2702 hominum
3150 2658 3530 2718 susceperunt.

1961 2740 2116 2809 181
2155 2738 2262 2794 Sed
2316 2749 2454 2804 esto,
2492 2739 2686 2808 inquit,
2716 2739 3050 2806 erraveritis,
3089 2740 3533 2810 sculptilibusque

1957 2841 2010 2886 et
2040 2829 2404 2886 conﬂatilibus
2439 2829 2540 2885 diis
2566 2831 2971 2886 venerationem
3005 2830 3308 2886 tribueritis
3352 2871 3366 2896 ,
3396 2846 3532 2899 qua-

1959 2937 2020 2976 re
2068 2922 2232 2976 etiam
2302 2922 2540 2976 humano
2595 2921 2858 2992 sanguine
2895 2921 3106 2976 illorum
3158 2937 3280 2977 aras
3348 2922 3536 2976 imbuis

1966 3013 2108 3067 stis?
2146 3011 2403 3080 Legimus
2459 3012 2513 3066 in
2554 3012 2706 3067 libris
2762 3011 2992 3082 Regum,
3048 3013 3216 3067 filium
3299 3012 3532 3069 Joathan

1957 3102 2123 3158 fuisse
2147 3103 2348 3170 Achaz,
2381 3103 2472 3172 qui
2500 3104 2745 3173 regnavit
2777 3119 2940 3174 super
2969 3101 3200 3158 ludam:
3241 3105 3532 3162 «Ambula-

256 3199 520 3272 έγνωμεν
550 3200 604 3254 δὲ
633 3202 690 3256 έν
728 3205 848 3265 ταῖς
878 3203 1213 3267 Βασιλείαις,
1251 3203 1332 3257 ὅτι
1370 3205 1592 3273 γέγονεν
1632 3205 1852 3258 Ἰωάθαν

1956 3197 2032 3248 vit
2071 3210 2197 3248 vero
2237 3196 2290 3248 in
2333 3194 2416 3247 via
2445 3209 2631 3261 regum
2664 3194 2853 3260 lsrael,
2879 3206 2935 3250 et
2966 3196 3202 3251 adolevit
3249 3196 3530 3252 incensum

254 3291 376 3355 υίὸς
425 3291 614 3362 Ἀχάζ,
659 3291 720 3356 ὃς
778 3291 1131 3348 ἐϐασίλευσεν
1163 3295 1256 3347 ἐπὶ
1295 3294 1387 3350 τὸν
1430 3295 1651 3349 Ἰούδαν’
1691 3313 1709 3346 ι
1745 3297 1851 3348 Πε-

1957 3286 2009 3338 in
2049 3284 2301 3350 excelsis,
2327 3295 2382 3338 et
2422 3284 2696 3338 transtulit
2721 3285 2886 3340 [ilium
2917 3299 3073 3340 suum
3095 3301 3192 3355 per
3222 3287 3400 3356 ignem
3422 3288 3524 3352 τ’,ιι

253 3383 535 3456 πύρευταί
567 3402 630 3452 γε
669 3385 775 3456 μὴν
809 3385 867 3438 ὲν
905 3385 1009 3455 ὁδῷ
1038 3386 1308 3456 βασιλέων
1347 3387 1591 3458 Ἰσραὴλ,
1621 3388 1714 3440 καὶ
1738 3386 1852 3439 έθυ-

1956 3387 2010 3430 et
2035 3392 2099 3431 ex
2131 3392 2189 3432 se
2217 3387 2394 3432 ortum
2436 3392 2501 3432 ac
2527 3378 2765 3448 genitum
2809 3379 3142 3435 dmmonibus
3179 3381 3526 3436 sacriﬁcavit.

256 3477 353 3545 μία
390 3477 500 3546 μὲν
549 3478 607 3529 ὲν
640 3479 752 3540 τοῖς
803 3475 1059 3546 ὑψηλοῖς,
1099 3479 1329 3549 διήγαγε
1375 3478 1434 3532 δὲ
1467 3479 1561 3531 καὶ
1597 3478 1686 3531 τὸν
1724 3477 1850 3531 ἴδιον

1959 3465 2026 3520 Et
2053 3469 2180 3537 quia
2217 3469 2319 3525 ista
2348 3468 2617 3534 fecerunt,
2644 3479 2822 3535 erunt,
2853 3469 3048 3538 inquit,
3073 3489 3093 3523 ι
3119 3481 3178 3524 ιιι
3207 3473 3376 3526 nubes
3413 3488 3530 3527 ma-

251 3568 364 3621 υἱὸν
396 3571 460 3624 ἐν
496 3568 655 3638 πυρὶ,
695 3587 715 3621 ι
761 3569 854 3622 καὶ
886 3573 996 3634 τοῖς
1031 3571 1330 3641 δαιμονίοις
1375 3571 1642 3625 κατέθυσε
1666 3572 1757 3624 τὸν
1790 3569 1850 3635 ἐξ
1954 3558 2146 3623 “uilla:
2183 3567 2238 3613 ει
2285 3567 2342 3613 ιιι
2379 3574 2490 3624 1⁸08,
2522 3569 2578 3613 υι
2622 3559 2814 3625 Ρυινίεν
2846 3567 2903 3612 ιη
2965 3575 3134 3628 νδβοΓ
3178 3577 3242 3614 cx
3289 3561 3523 3628 οδηιίηοι

245 3656 420 3714 αὐτοῦ
478 3659 676 3728 φύντα,
730 3660 825 3716 κα)⁷
865 3662 1248 3732 γεγενημένον.
1298 3663 1513 3734 Ἐπειδὴ
1544 3663 1600 3716 δὲ
1623 3662 1848 3716 τοιαῦτα

1956 3661 2043 3703 seu
2065 3650 2368 3717 vaporario,
2395 3669 2412 3702 ι
2445 3652 2545 3703 hoc
2565 3657 2671 3713 est,
2701 3665 2823 3703 cum
2851 3651 2916 3704 ad
2941 3653 3103 3704 breve
3135 3660 3344 3720 tempus
3365 3667 3530 3721 appa-

243 3750 618 3821 δεδράκασιν,
665 3749 915 3815 ἔσονται,
945 3753 1138 3820 φησιν,
1180 3769 1198 3802 ι
1246 3752 1331 3814 Ὠς
1357 3750 1556 3822 νεφέλη
1594 3751 1808 3824 πρωῐνὴ
1832 3793 1846 3818 ,

1959 3742 2189 3806 ruerint,
2223 3742 2276 3794 in
2305 3741 2528 3794 exitium
2569 3741 2816 3807 abibunt,
2843 3750 2899 3796 et
2932 3743 2983 3795 in
3043 3743 3268 3797 nihilum
3326 3759 3526 3798 evane-

243 3840 342 3895 καὶ
373 3841 457 3904 ὡς
489 3839 681 3909 δρόσος
701 3880 716 3904 ,
740 3835 816 3904 ὡς
848 3841 1033 3911 χνοῦς,
1069 3842 1163 3894 καὶ⁵
1194 3841 1267 3905 ὡς
1293 3843 1458 3912 ἀτμὶς
1496 3844 1560 3895 ἐκ
1589 3842 1851 3896 καπνοδό-

1956 3841 2128 3887 scent.
2166 3829 2348 3886 Nubes
2394 3831 2538 3886 enim
2578 3833 2860 3899 matutina,
2902 3835 3003 3888 hoc
3033 3844 3148 3897 est,
3182 3834 3406 3899 nebula,
3439 3850 3528 3892 res

243 3951 372 4004 χης,
405 3953 424 3986 ι
476 3932 778 3996 τουτέστιν,
825 3932 1005 4000 ὀλίγον
1038 3933 1315 4002 ὀφθέντες,
1367 3936 1692 4004 οἰχήσονταε
1714 3933 1851 4004 πρὸς

1956 3929 2103 3994 item,
2139 3935 2194 3982 et
2221 3927 2414 3998 pulvis,
2439 3937 2492 3982 et
2523 3943 2687 3997 vapor
2724 3943 2788 3985 ex
2823 3929 3035 3984 camino
3097 3929 3256 3985 facile
3312 3930 3526 3986 diman-

238 4023 567 4088 ἀπώλειαν,
590 4025 687 4077 κα¹ι
715 4023 1021 4092 βαδιοῦνται
1041 4025 1180 4095 πρὸς
1198 4025 1260 4078 τὸ
1293 4024 1481 4094 μηδέν.
1507 4024 1726 4094 Νεφέλη
1745 4024 1852 4095 γὰρ

1956 4029 2059 4086 tur,
2089 4028 2142 4073 et
2172 4018 2406 4088 pauxillo
2440 4028 2700 4088 tempore,
2725 4019 2833 4076 imo
2867 4021 2998 4075 hora
3024 4035 3149 4084 una,
3172 4021 3521 4090 dissipantur.

239 4112 509 4182 πρωῖνὴ,
546 4111 854 4176 τουτέστιν,
885 4115 1076 4184 ἀχλὺς,
1107 4114 1297 4184 δρόσος
1339 4131 1399 4167 τε
1436 4113 1530 4167 καὶ
1554 4113 1732 4183 χνοὺς,
1762 4115 1852 4168 καὶ

1956 4110 2138 4178 Qualis
2189 4112 2332 4167 enim
2360 4119 2454 4165 aut
2509 4111 2767 4178 pulveris,
2801 4121 2893 4164 aut
2928 4112 3087 4177 roris,
3112 4121 3206 4166 aut
3257 4126 3325 4169 ex
3375 4113 3526 4168 fumo

233 4200 427 4274 ἀτμὶς
482 4202 550 4254 ὲκ
603 4202 957 4272 καπνοδόκης,
1015 4204 1395 4275 εύδιαρίπιστά
1453 4205 1599 4269 ἐστι,
1654 4205 1748 4258 καὶ
1793 4205 1852 4258 έν

1956 4203 2251 4259 constantis
2289 4204 2501 4270 vaporis
2539 4201 2920 4257 subsistentia?

235 4288 534 4360 ὀλιγοστῷ
569 4289 860 4361 ,παντελῶς
906 4290 1303 4346 διασκίδνανται
1345 4293 1552 4364 χρόνῳ,
1587 4291 1782 4362 μᾶλλον
1816 4292 1875 4346 δὲ
1934 4292 2028 4346 καὶ¹
2051 4293 2108 4345 ὲν
2153 4290 2273 4363 ὥρᾳ
2341 4292 2456 4362 μιᾷ.
2483 4291 2618 4345 Ποία
2658 4291 2765 4361 γὰρ
2814 4290 3108 4357 ὑπόστασις
3147 4293 3180 4364 ἢ
3249 4296 3422 4364 χνοὺς,
3485 4296 3522 4368 ἢ

232 4386 478 4458 δρόσου,
534 4382 705 4452 ἤγουν
755 4383 856 4454 τῆς
889 4385 954 4438 ἐκ
987 4384 1198 4440 καπνοῦ
1235 4387 1632 4458 συνισταμένης
1683 4387 1936 4458 ἀτμίδος;

554 4525 937 4618 ΤΟΜΟΣ
1010 4527 1558 4622 ΕΒΔΟΜΟΣ.
1877 4509 1922 4563 ο

326 4684 490 4753 Ἐγὼ
519 4682 586 4736 δὲ
610 4685 825 4754 Κύριος
846 4688 879 4740 ὁ
919 4689 1064 4753 Θεός
1097 4701 1235 4753 σου,
1269 4690 1304 4741 ὁ
1336 4687 1596 4756 στερεῶν
1616 4688 1724 4743 τὸν
1750 4691 1845 4743 οὺ-

223 4775 475 4847 ραγὸν,
526 4774 623 4826 καί
665 4774 873 4834 κτίζων
927 4775 1063 4845 γῆν,
1114 4773 1186 4833 οὗ
1223 4780 1283 4831 αἱ
1334 4779 1530 4846 χεῖρες
1590 4779 1842 4834 ἔκτισαν

229 4868 476 4923 πᾶσαν
511 4864 625 4931 τὴν
661 4872 946 4934 στρατιὰν
979 4869 1088 4923 τοῦ
1127 4871 1409 4938 οὐρανοῦ,
1459 4873 1558 4925 καὶ
1591 4874 1663 4926 οὐ
1696 4889 1846 4941 παρ-

2185 4541 2435 4634 ΤΟΜ
2460 4543 2593 4631 US
2664 4540 3302 4630 SEPTIMUS.

2022 4695 2135 4763 Ego
2153 4703 2325 4746 autem
2360 4691 2616 4745 Dominus
2642 4691 2781 4745 Deus
2810 4702 2952 4755 tuus,
2980 4690 3200 4758 ﬁrmans
3231 4689 3440 4760 caelum,
3473 4698 3521 4742 et

1949 4802 2129 4840 creans
2179 4796 2394 4848 terram,
2447 4785 2593 4847 cuius
2647 4799 2834 4837 manus
2872 4792 3175 4836 creaverunt
3225 4784 3519 4834 unieermm

1949 4877 2194 4930 militiam
2245 4876 2379 4942 coeli,
2405 4887 2452 4930 et
2488 4893 2590 4929 non
2624 4876 2826 4930 ostendi
2863 4874 2956 4928 tibi
2985 4875 3100 4943 ipsa
3127 4883 3181 4928 ut
3222 4872 3520 4926 ambulares

223 4952 466 5021 ἐδειξά
481 4972 583 5009 σοι
609 4957 781 5019 αὐτὰ,
799 4957 902 5011 τοῦ
919 4961 1279 5028 πορεύεσθαι
1307 4963 1499 5015 ὀπίσω
1527 4962 1832 5033 αὐτῶν(1).

309 5050 525 5104 PMH'.
591 5048 898 5118 Ἐλέγχεταί
956 5068 1074 5116 πως
1123 5054 1208 5106 ἀεὶ
1254 5055 1355 5124 τῆς
1406 5055 1749 5124 ψευδοδοξίας
1785 5056 1847 5108 τὸ

221 5138 497 5201 ἀκαλλὲς
525 5137 624 5207 τῆς
646 5137 875 5204 ἀληθοῦς
899 5141 1150 5207 γνώσεως
1169 5147 1246 5208 εἰς
1272 5146 1434 5215 μέσον
1460 5147 1843 5217 ἐνηνεγμένης,

225 5236 333 5288 καὶ
378 5230 556 5286 οἱονεὶ
583 5231 760 5300 φωτὸς
782 5232 1187 5302 ἀναλάμποντος
1214 5238 1288 5300 ὡς
1317 5239 1374 5289 ὲν
1398 5240 1570 5302 νυκτὶ,
1595 5239 1688 5290 καὶ
1714 5239 1839 5290 σκό-

219 5343 338 5395 τῳ,
401 5322 506 5375 τοῦ
554 5323 692 5392 πρὸς
733 5323 1002 5394 ὀρθότητα
1047 5326 1319 5397 λογισμῶν
1371 5327 1840 5395 παιδαγωγοῦντος

222 5417 437 5483 λόγου.
476 5415 595 5467 Ὅτι
632 5415 812 5469 τοίνυν
835 5418 930 5486 τῆς
953 5418 1180 5470 ἀπασῶν
1224 5419 1458 5488 ἐσχάτης
1492 5420 1840 5489 ἀναπιμπλά-

223 5527 405 5583 μενοι
474 5508 814 5572 δυσὸουλίας,
855 5509 1148 5580 ἀθλότητος
1203 5513 1282 5572 εἰς
1355 5509 1507 5579 λῆξιν
1545 5510 1709 5579 ἰόντες
1744 5512 1842 5582 τὴν

1985 4980 2060 5020 ost
2105 4985 2187 5020 ea.

1985 4987 2012 5020 0
2045 4987 2060 5020 ι
2105 4987 2187 5020 ea.

1949 4987 1979 5038 ρ
2018 4989 2294 5113 ΞΖΧΙΝΙΙΙ.
2329 5058 2591 5128 Perpetuo
2626 5059 2740 5111 fere
2772 5056 3026 5110 falsarum
3057 5055 3370 5124 opinionum
3403 5061 3520 5108 tur-

1951 5152 2139 5221 pitutlo
2160 5151 2588 5218 reprehenditur,
2606 5163 2728 5203 vera
2748 5149 2934 5202 notitia
2965 5149 3014 5200 in
3057 5146 3291 5199 medium
3320 5148 3518 5214 produ-

1946 5251 2054 5303 cta,
2097 5248 2151 5294 et
2178 5240 2330 5308 quasi
2360 5255 2479 5292 cum
2512 5239 2688 5291 lumen
2718 5238 2769 5291 in
2807 5246 2964 5291 nocte
2994 5243 3048 5288 et
3078 5235 3131 5288 in
3180 5236 3415 5290 tenebris
3441 5253 3519 5290 re-

1948 5332 2212 5400 splendet,
2231 5344 2482 5382 sermone
2502 5331 2566 5383 ad
2593 5328 2790 5396 probas
2813 5324 3162 5394 cogitationes
3181 5324 3516 5380 iustituente.

1951 5421 2221 5474 Israelitas
2265 5419 2448 5487 igitur,
2482 5429 2539 5473 ut
2587 5429 2832 5473 extrema
2899 5415 3132 5483 repletos
3172 5414 3512 5484 insipientia,

1950 5513 2015 5565 ad
2065 5521 2359 5566 extremam
2391 5523 2706 5580 progressos
2744 5507 3041 5573 miseriam,
3077 5505 3434 5562 conﬂatilibus
3463 5514 3518 5559 et

304 5687 356 5718 7"
403 5681 548 5736 Tob.
575 5699 658 5748 ιιι,
687 5682 777 5734 22.
852 5685 896 5713 ⁷⁸
926 5685 1052 5752 Sap.
1092 5698 1130 5747 ι,
1173 5684 1258 5734 id.
1337 5681 1475 5736 "1V
1509 5683 1640 5755 Reg.
1683 5701 1789 5750 ενι,
1832 5686 1882 5738 ὅ.

284 5840 401 5910 ,(1)
443 5835 570 5891 ιιι-ε
603 5846 725 5893 sunt
767 5837 915 5892 Isaiae.
945 5837 1240 5906 prophetis,
1269 5853 1385 5902 XLV,
1419 5837 1499 5891 ιδ.
