4034 6270
511 493 516 498 ·
535 464 649 521 ’505

1534 463 1591 518 ε.
1633 457 1907 518 CYRILLI
1945 453 2412 517 ΑιΕΧΑΝῡιιιΝῐ
2451 454 2770 517 ARCHIEP.

3697 453 3807 511 501

540 581 793 654 operibus
829 577 1095 634 artiﬁcum
1153 590 1280 632 vere
1323 584 1378 630 et
1428 585 1619 632 natura
1689 577 1798 632 Deo
1841 577 2102 647 prazteritr

2221 575 2480 629 ἀνωτάτω
2509 573 2680 644 χώνευ
2689 572 2767 645 μά
2786 589 2868 639 τε,
2891 569 2987 625 κο.)⁸
3002 569 3271 626 τεκτόνων
3289 567 3428 642 ἔργα
3445 569 3810 640 τετιμήκασιν

511 673 781 728 adoratis
823 672 1140 737 insectatur,
1167 668 1352 724 dicens
1405 684 1464 724 se
1487 683 1607 724 esse
1639 671 1730 739 qui
1776 669 1970 724 coelum
2023 669 2114 723 ﬁr-

513 762 789 825 maverit,
822 769 877 815 et
938 767 1138 812 terram
1211 758 1555 821 stabiliverit,
1597 769 1652 814 et
1705 771 1849 814 astra
1901 759 2105 815 fecerit.

537 849 1068 919 Exprobrat-autem,
1101 848 1244 918 quod
1279 856 1337 902 ut
1364 849 1608 918 putidum
1660 849 1914 918 quiddam
1971 864 2112 918 pra:-

536 941 922 1007 tccmittentes,
959 955 1055 1008 per
1096 953 1159 993 ea
1192 954 1310 1008 qua:
1358 937 1493 994 facta
1529 949 1654 994 sunt
1695 953 1854 1009 posse
1887 939 2114 994 factoris

510 1034 760 1103 gloriam
803 1046 1154 1105 cognoscere,
1195 1032 1260 1086 iis
1300 1031 1367 1085 ad
1427 1045 1667 1086 errorem
1742 1046 1901 1086 suum
1957 1030 2110 1085 abusi

508 1127 659 1180 sint.
701 1124 984 1190 Ait-enim,
1012 1137 1116 1176 non
1149 1123 1269 1178 ideo
1309 1121 1472 1188 facta,
1500 1130 1558 1176 ut
1594 1123 1659 1177 de
1707 1122 1886 1177 divina
1941 1122 2108 1193 gloria

533 1218 733 1288 aliquid
769 1217 1110 1280 imminuant,
1137 1229 1167 1268 a
1193 1213 1508 1269 mortalibus
1525 1213 1630 1269 diis
1649 1214 1990 1282 existimata;
2017 1215 2112 1270 sed

513 1319 612 1373 --ut,
666 1307 1115 1378 quemadmodum
1159 1306 1235 1358 ait
1267 1304 1548 1374 Scriptura
1579 1320 1766 1372 sacra,
1790 1321 1858 1360 ex
1902 1305 2111 1376 magni-

531 1403 719 1458 tudine
765 1411 819 1455 et
860 1399 1258 1470 pulchritudine
1319 1408 1719 1464 creaturarum,
1765 1402 2112 1470 proportione

530 1507 684 1547 utens
719 1489 1128 1560 intelligentiunt
1160 1504 1374 1544 sursum
1399 1491 1465 1544 ad
1500 1489 1807 1547 Conditoris
1851 1492 2109 1548 virtutem

529 1594 584 1637 et
611 1580 908 1651 opiﬁcium,
938 1588 1198 1649 quantum
1249 1579 1365 1633 ﬁeri
1398 1586 1597 1649 potest,
1624 1580 1966 1635 evehatur”.
1996 1581 2108 1636 Ita-

529 1688 634 1744 que
661 1687 765 1727 non
798 1673 1036 1727 ostendit
1061 1671 1216 1726 nobis
1239 1671 1433 1741 Opifex
1465 1681 1790 1738 creaturam,
1832 1682 1893 1727 ut
1919 1674 2110 1729 adore-

531 1774 621 1819 tur
649 1779 678 1816 a
705 1762 884 1818 nobis.
911 1760 1051 1815 Hinc
1070 1772 1123 1817 et
1148 1763 1468 1818 testiﬁcatus
1494 1772 1688 1831 estper
1705 1762 1922 1833 Moysen
1949 1777 1961 1812 :
1993 1781 2013 1815 ι
2045 1765 2110 1820 Et

529 1871 619 1921 ne,
638 1870 761 1911 cum
787 1853 1093 1923 respexeris
1122 1853 1174 1906 in
1206 1853 1424 1918 caelum,
1444 1865 1495 1908 et
1515 1854 1712 1908 videris
1741 1853 1997 1921 solem,et
2019 1855 2107 1910 iu-

2215 670 2262 721 οί
2291 668 2352 731 ’ἐξ
2395 667 2633 738 Ἰσραὴλ,
2661 675 2751 720 τόν
2778 663 2997 736 ἀληθῶς
3031 664 3126 718 καὶ
3167 663 3326 733 φύσει
3365 662 3810 735 παρατρέχοντες

2215 757 2371 820 Θεὸν,
2396 757 2712 827 ἀπελέγχει,
2736 755 2934 824 λέγων,
2956 755 3032 819 ὡς
3062 755 3145 824 εἴη
3173 755 3274 824 μὲν
3306 755 3487 818 αὐτὸς,
3511 755 3541 807 6
3567 753 3810 824 στερεῶν

2212 852 2459 923 ούρανδν,
2481 850 2967 923 διαστηριξάμενος
2986 849 3042 902 δὲ
3069 851 3163 903 καὶ
3183 849 3310 918 γῆν,
3333 847 3431 902 καὶ
3451 847 3560 900 τῶν
3583 848 3807 917 ἄστρων

2211 945 2239 996 6
2273 943 2523 1014 ποιητής.
2574 942 2939 1006 Κατονειδίζει
2973 941 3030 994 δὲ
3054 981 3068 1005 ,
3114 941 3195 994 ὅτι
3230 941 3500 1012 παρέντες
3526 939 3604 1002 ὡς
3636 939 3807 993 ἕωλον

2211 1036 2272 1088 τὸ
2299 1035 2389 1088 διὰ
2416 1034 2524 1088 τῶν
2555 1027 2856 1102 γεγονότων
2891 1033 3158 1088 δύνασθαι
3183 1034 3283 1106 τὴν
3318 1031 3414 1087 τοῦ
3442 1033 3806 1102 πεποιηκότος

2212 1125 2370 1193 δόξαν
2395 1127 2498 1179 ἀνα
2505 1125 2718 1196 μαθεῖν,
2743 1125 3019 1197 πρόφασιν
3044 1125 3183 1178 αὑτά
3201 1126 3300 1196 τῆς
3319 1125 3529 1188 οἰκείας
3547 1123 3807 1194 πεποίην-

2209 1234 2300 1271 ται
2323 1218 2552 1289 πλάνης.
2603 1217 2742 1270 Ἀλλ’
2791 1218 2851 1270 οὑ
2893 1217 2982 1270 διὰ
3020 1216 3178 1270 τοῦτο
3210 1216 3534 1286 γεγόνασιν,
3568 1217 3656 1270 ἵνα
3705 1215 3803 1288 τὴν

2212 1307 2362 1361 θείαν
2391 1307 2618 1362 ἀδικῶσι
2666 1307 2853 1372 δόξαν,
2896 1309 2953 1361 ὲν
2985 1306 3250 1378 ὑπολήψει
3311 1305 3449 1360 θεῶν
3492 1306 3804 1377 εἰλημμένα

2209 1403 2322 1464 τοῖς
2356 1401 2448 1453 ἐπὶ
2472 1401 2576 1471 γῆς
2599 1415 2612 1429 '
2649 1399 2764 1453 ἀλλ’
2797 1400 2884 1464 ἵν’,
2917 1399 2993 1463 ὡς
3020 1400 3125 1470 ἔφη
3158 1399 3218 1452 τὸ
3262 1399 3502 1470 Γράμμα
3529 1397 3593 1450 τὸ
3625 1398 3802 1468 ἱερὸν,

2210 1492 2319 1545 ἀπὸ
2379 1492 2644 1562 μεγέθους
2707 1492 2801 1546 καὶ
2849 1491 3109 1562 καλλονῆς
3163 1492 3476 1562 κτισμάτων
3528 1491 3806 1558 ἀναλόγως

2209 1583 2551 1655 ἀναθρώσκοι
2583 1583 2694 1636 τῶν
2725 1583 3019 1636 συνιέντων
3050 1585 3077 1636 ό
3106 1582 3234 1645 νοῦς
3261 1583 3339 1644 είς
3372 1581 3677 1652 κατάληψιν
3702 1581 3804 1654 τὴν

2209 1675 2561 1747 ἐνδεχομένην
2602 1677 2702 1747 τῆς
2731 1675 2824 1728 τοῦ
2869 1677 3230 1746 πεποιηκότος
3288 1673 3572 1745 δυνάμεώς
3603 1692 3668 1727 τε
3706 1677 3800 1729 καὶ

2207 1764 2422 1836 τέχνης.
2472 1766 2682 1818 Οὐκοῦν
2712 1767 2774 1818 οὐ
2817 1765 3102 1836 παρέδειξε
3132 1767 3230 1836 τὴν
3261 1765 3440 1818 κτίσιν
3467 1767 3600 1836 ἡμῖν
3637 1767 3665 1818 6
3707 1767 3802 1834 Δη-

2213 1859 2492 1928 μιουργὸς,
2521 1859 2605 1911 ἵνα
2651 1859 3022 1929 προσκυνῆται
3052 1859 3185 1930 πρὸς
3207 1858 3385 1930 ἡμῶν.
3411 1859 3520 1912 Καὶ
3549 1858 3682 1926 γοῦν
3712 1859 3802 1912 καὶ

527 1963 674 2015 nam,
702 1957 756 2002 et
781 1946 985 2012 stellas,
1025 1945 1182 2014 182
1217 1954 1271 1999 et
1291 1959 1506 2000 omnem
1546 1955 1795 1999 ornatum
1838 1947 1984 2014 coeli,
2017 1948 2102 2002 de-

2211 1927 2718 2021 προδιεμαρτύρατο
2770 1927 2944 2019 λέγων
2999 1927 3105 2004 διὰ⁷
3142 1927 3408 2013 Μωσέως·
3480 1969 3496 2002 ι
3556 1950 3667 2003 Καὶ
3731 1950 3801 2020 μὴ

527 2049 713 2110 ceptus
755 2039 948 2094 adores
977 2052 1041 2092 ea
1074 2052 1194 2105 quae
1225 2036 1498 2092 distribuit
1525 2037 1781 2093 Dominus
1815 2038 1956 2093 Deus
1987 2048 2109 2094 tuus

524 2131 774 2187 omnibus
819 2129 1066 2200 gentibus
1095 2143 1214 2199 qua:
1261 2131 1362 2184 sub
1390 2128 1526 2183 cmlo
1554 2139 1681 2184 sunt
1710 2130 1811 2185 εί.»
1849 2129 1931 2184 Illi
1976 2146 2104 2186 vero

523 2224 812 2280 distributa
843 2223 908 2278 ad
940 2221 1324 2276 iudicationem
1358 2228 1684 2289 temporum,
1714 2231 1769 2276 et
1808 2224 1874 2275 ad
1905 2224 2104 2277 illumi-

523 2317 759 2371 uaudum
807 2315 996 2370 orbem
1021 2312 1066 2345 “
1109 2313 1401 2368 constituta
1468 2313 1596 2367 deos
1659 2314 2020 2383 appellabant,
2055 2325 2109 2369 et

521 2408 771 2479 precibus
799 2421 862 2460 ea
892 2404 1071 2460 colere
1095 2419 1202 2459 non
1243 2403 1688 2462 reformidabant.
1721 2406 1860 2472 Quiu
1902 2407 1986 2462 his
2015 2408 2108 2460 ad-

521 2502 630 2556 huc
672 2496 890 2553 infanda
921 2497 1095 2566 magis
1122 2507 1423 2566 quaerentes
1451 2497 1675 2565 miseri,
1707 2497 1884 2553 l'usilia
1934 2509 1992 2554 et
2037 2498 2105 2552 li-

510 2603 632 2659 'gna
671 2589 724 2644 in
753 2589 976 2645 deorum
1026 2587 1143 2643 loco
1179 2589 1534 2654 honorabant,
1574 2587 1849 2644 fabrorum
1880 2591 2105 2645 aerario-

504 2698 665 2750 .rum,
696 2683 1030 2751 aliorumque
1083 2679 1352 2734 artificum
1393 2678 1623 2733 artiﬁcia
1675 2679 1989 2735 adorantes.

2213 2040 2520 2110 ἀναϐλέψας
2556 2043 2636 2104 είς
2665 2041 2757 2094 τὸν
2783 2040 3031 2113 οὐρανὸν,
3057 2042 3153 2095 καὶ
3196 2039 3321 2094 ἰδὼν
3351 2040 3443 2093 τὸν
3481 2041 3634 2112 ἥλιον
3659 2084 3674 2107 ,
3707 2044 3802 2095 καὶ

2212 2130 2310 2203 τὴν
2343 2131 2592 2204 σελήνην,
2619 2131 2714 2186 καὶ
2743 2133 2870 2195 τοὺς
2929 2131 3197 2201 ἀστέρας,
3226 2131 3321 2184 καὶ
3346 2129 3524 2183 πάντα
3569 2129 3664 2184 τὸν
3713 2132 3801 2184 κό-

2213 2240 2347 2294 σμον
2373 2223 2466 2277 τοῦ
2515 2221 2744 2293 ούρανοῦ
2765 2261 2780 2286 ,
2823 2222 3121 2294 πλανηθεὶς
3164 2222 3549 2294 προσκυνήσῃς
3579 2223 3765 2285 αὐτοῖς
3784 2261 3800 2283 ,

2206 2318 2302 2371 καὶ
2361 2315 2663 2387 λατρεύσῃς
2725 2315 2931 2381 αὐτοῖς,
2972 2314 3009 2368 ὃ.
3044 2314 3310 2385 ἀπένειμε
3365 2313 3567 2386 Κύριος
3603 2315 3632 2366 ό
3667 2315 3801 2377 Θεός

2206 2422 2300 2458 σου
2323 2443 2338 2468 ,
2371 2407 2507 2458 πᾶσι
2546 2407 2660 2466 τοῖς
2691 2402 2870 2457 ἔθνεσι
2909 2404 3023 2466 τοῖς
3060 2403 3320 2457 ὑποκάτω
3345 2403 3442 2456 τοῦ
3478 2404 3732 2475 ούρανοῦ.
3772 2423 3789 2454 ι

2206 2497 2272 2550 Οί
2303 2497 2360 2550 δὲ
2386 2497 2453 2550 τά
2477 2494 2851 2566 ὲκνεμηθέντα
2884 2494 3022 2566 πρὸς
3050 2494 3260 2566 καιρῶν
3294 2495 3577 2562 ἐπίδειξιν,
3608 2496 3698 2549 καὶ
3735 2499 3792 2548 ἐν

2205 2588 2510 2658 φωστήρων
2553 2574 2705 2650 τάξει
2739 2585 3124 2657 καθεσταμένα
3153 2585 3311 2650 θεοὺς
3352 2587 3634 2659 ὠνόμαζον
3656 2628 3670 2650 ,
3702 2589 3795 2641 καὶ

2208 2681 2536 2750 προσκυνεῖν
2566 2678 2920 2749 ἀπετόλμων,
2953 2678 3050 2730 xui.
3090 2678 3160 2732 τά
3190 2678 3271 2733 ἔτι
3299 2679 3506 2734 τούτων
3553 2679 3797 2750 αἰσχίονα

521 2777 812 2849 ζητοῦντες
837 2776 886 2829 oi
926 2773 1168 2842 δείλαιοι,
1198 2773 1456 2846 χώνευμά
1491 2791 1571 2840 τε,
1613 2774 1709 2828 καὶ
1747 2774 1880 2843 ξύλα
1913 2777 2268 2849 τετιμήκασιν
2299 2774 2376 2838 ὡς
2409 2774 2588 2839 θεοὺς,
2624 2775 2723 2846 τὴν
2755 2773 3112 2844 χαλκουργῶν
3179 2774 3273 2829 καὶ
3317 2775 3586 2830 τεκτόνων
3626 2791 3797 2845 προσ-

505 2871 806 2934 ·κυνοῦντες
837 2868 1051 2938 τέχνην.

591 2962 755 3016 Vsus.
798 2960 852 3024 4,
889 2960 942 3012 5.
981 2957 1049 3012 Ει
1090 2976 1181 3029 ego
1233 2961 1391 3015 eduxi
1447 2970 1495 3016 te
1545 2961 1610 3016 de
1662 2971 1804 3017 terra
1849 2962 2094 3033 ngypti,

505 3062 568 3106 -et
619 3050 785 3104 Deum
826 3059 1016 3118 praeter
1047 3065 1126 3104 me
1172 3067 1276 3104 non
1317 3068 1614 3122 cognosces,
1654 3064 1700 3108 et
1740 3053 2098 3117 salvatorpon

518 3153 594 3197 est
636 3141 827 3211 absque
851 3158 952 3196 me.
986 3141 1096 3212 Ego
1152 3143 1427 3212 pascebam
1487 3154 1534 3199 te
1579 3146 1636 3199 in
1689 3145 1990 3212 solitudine,
2045 3149 2101 3198 in

507 3246 660 3288 iterm
699 3232 1031 3288 inhabitabili
1083 3235 1367 3290 secundum
1406 3252 1600 3304 pascua
1632 3252 1832 3290 eorum.

590 3325 820 3382 CXLIX.
874 3325 1036 3379 Multa
1073 3325 1212 3380 inest
1253 3326 1304 3380 in
1331 3327 1418 3381 his
1437 3327 1675 3423 stuporis
1705 3341 1770 3382 ac
1817 3326 2099 3382 dementia?
2124 3365 2166 3423 ο

2264 2957 2374 3012 Καὶ
2415 2955 2532 3026 ἐγὼ
2585 2955 2893 3026 ἀνήταγόν
2923 2971 2999 3010 σε
3059 2955 3128 3008 ἐκ
3169 2953 3284 3023 τῆς
3313 2955 3642 3024 Αἰγύπτου,
3687 2960 3790 3012 καὶ

2199 3048 2348 3103 Θεὸν
2379 3048 2546 3116 πλὴν
2572 3047 2719 3118 ἐμοῦ
2747 3051 2819 3102 οὐ
2849 3047 3049 3118 γνώσῃ
3073 3086 3092 3113 ,
3143 3046 3242 3098 καὶ
3274 3045 3477 3105 σώζων
3500 3051 3616 3103 οὐκ
3660 3051 3800 3108 ἐστι

2197 3140 2386 3208 πάρεξ
2407 3140 2574 3209 ἐμοῦ.
2617 3137 2765 3209 Ἐγὼ
2793 3139 3145 3209 catellum-dy
3169 3152 3243 3191 σε
3277 3137 3348 3190 ἐν
3366 3135 3442 3206 τῇ
3471 3139 3696 3209 ἐρήμῳ,
3727 3145 3803 3197 ἐν

2198 3231 2276 3303 τῇ
2302 3232 2584 3300 ἀοικήτῳ,
2629 3233 2778 3287 κατὰ
2805 3235 2912 3299 τὰς
2939 3232 3125 3302 νομὰς
3152 3231 3369 3285 αὐτῶν.

2271 3325 2451 3379 ΡΜΘ’.
2483 3325 2655 3388 Πολὺς
2689 3328 2747 3380 ὲν
2771 3325 2979 3388 τούτοις
3001 3325 3096 3395 τῆς
3118 3323 3474 3396 ἀναισθησίας
3499 3327 3527 3378 ὁ
3552 3324 3791 3399 ἔλεγχος,

507 3416 854 3487 ~redargutio,
889 3425 1266 3485 pouuuturque
1293 3417 1483 3471 ordine
1506 3415 1828 3470 auxiliorum
1859 3431 2056 3486 genera
2076 3453 2092 3481 ,

2206 3419 2298 3472 καὶ
2329 3418 2596 3472 τέθεινται
2623 3419 2901 3489 στοιχηδὸν
2951 3418 3052 3484 τῆς
3106 3417 3426 3490 ἐπικουρίας
3475 3420 3527 3473 οἱ
3576 3422 3785 3492 τρόποι,

509 3509 715 3579 quibus
750 3507 1000 3562 Israelita:
1033 3507 1273 3560 omnium
1303 3504 1654 3575 ingratissimi
1679 3506 2093 3560 convincuntur.

517 3602 882 3672 Bepreheudit
905 3613 1104 3668 autem,
1139 3614 1242 3653 non
1280 3608 1337 3653 ut
1359 3600 1692 3669 ignorantes,
1717 3598 1930 3668 opinor,
1959 3602 2098 3655 unde

516 3697 572 3748 iu
611 3710 673 3749 ea
712 3694 826 3748 loca
870 3692 1184 3758 venissent;
1240 3692 1334 3746 sed
1389 3704 1444 3744 ut
1475 3707 1541 3744 ex
1580 3706 1771 3760 magna
1807 3690 2098 3746 stoliditate

516 3797 572 3839 et
603 3796 820 3854 stupore
869 3785 1023 3854 quasi
1058 3799 1245 3839 eorum
1290 3783 1561 3839 oblivione
1601 3796 1808 3854 captos,
1863 3797 2094 3854 quorum

509 3887 826 3946 perpetuam
855 3890 1177 3930 conservare
1217 3877 1534 3929 memoriam
1580 3877 1916 3931 debuissent.
1951 3877 2098 3931 Dete-

515 3967 726 4022 stabilis
758 3967 956 4035 quippe
986 3965 1296 4031 Jeroboam,
1320 3965 1500 4020 vitulis
1551 3968 1864 4035 propositis,
1883 3969 2092 4022 aiebat:

513 4077 540 4110 4
584 4058 646 4112 Hi
673 4069 798 4114 sunt
839 4059 910 4111 dii
952 4059 1048 4124 tui,
1078 4056 1264 4125 Israel,
1297 4059 1388 4126 qui
1425 4068 1477 4113 te
1509 4059 1812 4113 eduxerunt
1837 4061 1903 4114 de
1951 4071 2096 4114 terra

514 4153 738 4225 Egypti
767 4153 838 4206 ⁸³.
877 4171 896 4204 ι
925 4153 1022 4207 Ast
1051 4152 1166 4216 illi,
1194 4167 1500 4224 quanquam
1551 4163 1772 4209 nossent
1803 4153 1854 4207 id
1882 4168 1983 4206 non
2027 4154 2096 4208 ab

514 4247 694 4315 aliquo
719 4245 845 4312 alio,
879 4245 973 4300 sed
1022 4259 1052 4300 a
1079 4243 1186 4299 Deo
1209 4245 1492 4314 insigniter
1543 4253 1775 4314 gestum,
1823 4242 2096 4296 nihilomi-

513 4354 616 4394 uus
651 4338 835 4392 vitulis
868 4335 1186 4392 manufactis
1214 4338 1414 4407 gratias
1452 4337 1778 4403 referebant,
1815 4347 1867 4393 et
1896 4353 1954 4393 se
1978 4352 2096 4391 mu-

517 4441 610 4484 tuo
663 4430 844 4485 nescio
892 4429 1163 4497 quomodo
1211 4431 1278 4482 ad
1341 4431 1645 4485 divinorum
1707 4431 2092 4485 miraculorum

512 4521 887 4577 excellentiam
913 4519 1045 4590 ipsis
1074 4519 1445 4573 ascriheudam
1475 4520 1922 4577 cohortabantur.
1949 4520 2093 4587 Qua-

514 4631 575 4668 re
632 4623 888 4682 tauquam
947 4611 1071 4665 vino
1110 4611 1470 4665 Sodomorqu
1537 4610 1834 4665 inebriatos
1869 4611 1916 4644 ³⁸
1956 4627 2092 4681 peue

2198 3508 2298 3578 τῆς
2327 3510 2686 3580 ἀχαριστίας,
2729 3510 2839 3563 τῶν
2883 3507 2943 3574 ἐξ
2988 3509 3206 3580 Ἰσραὴλ
3240 3511 3686 3575 καταδεικνύντες
3725 3513 3786 3565 τὸ

2201 3600 2451 3672 μέγεθος.
2496 3601 2737 3670 Ἐλέγχει
2764 3601 2840 3664 δὲ,
2871 3601 2970 3653 οὐκ
3003 3601 3367 3672 ἠγνοηκότας,
3401 3601 3478 3666 ὦς
3507 3620 3572 3672 γε
3611 3599 3784 3674 οἶμαι,

2198 3692 2383 3756 πόθεν,
2416 3691 2530 3744 ἀλλ’
2556 3693 2631 3754 ὼς
2667 3695 2730 3745 ὲκ
2763 3691 2974 3745 πολλῶν
3004 3694 3144 3760 ἄγαν
3177 3695 3500 3764 σκαιότητος
3525 3735 3539 3759 ,
3571 3698 3666 3750 καὶ
3700 3697 3787 3750 λο-

2197 3784 2396 3854 γισμοῦ
2422 3784 2744 3847 νενευκότας
2769 3785 2848 3848 είς
2870 3785 3249 3856 ἀναισθησίαν,
3275 3789 3558 3858 μονονουχὶ
3590 3790 3684 3842 καὶ
3711 3792 3787 3854 εἰς

2197 3877 2366 3949 λήθην
2394 3877 2885 3948 ὑπενηνεγμένους,
2909 3870 2984 3930 ὧν
3004 3877 3111 3931 ἔδει
3136 3879 3448 3950 μεμνῆσθαι
3474 3881 3780 3945 διαπαντός.

2210 3971 2267 4026 '0
2299 3973 2396 4043 μὲν
2423 3971 2531 4044 γὰρ
2553 3972 2828 4043 ἐπάρατος
2859 3972 3164 4044 Ἱεροσοάμ,
3193 3975 3289 4036 τὰς
3323 3974 3588 4046 δαμάλεις
3608 3978 3784 4040 αὐτοῖς

2196 4063 2529 4134 ἀναστήσας,
2564 4061 2804 4131 ἔφασκεν
2827 4101 2843 4127 ,
2882 4082 2900 4115 ι
2936 4054 3096 4116 Οῦτοι
3138 4065 3186 4117 oi
3231 4064 3343 4118 θεοί
3379 4082 3496 4130 σου,
3540 4066 3780 4138 Ἰσραὴλ,

2195 4154 2250 4206 οἴ
2277 4171 2424 4218 τινες
2455 4154 2730 4226 ἀνήγαγόν
2759 4171 2817 4208 σε
2853 4156 2918 4209 ὲκ
2943 4157 3045 4227 γῆς
3069 4156 3370 4226 Αἰγύπτου.
3408 4177 3428 4210 ι
3462 4159 3526 4212 Οί
3552 4159 3632 4224 δὲ,
3669 4159 3784 4212 καί-

2194 4261 2277 4298 τοι
2328 4243 2686 4314 γινώσκοντες
2709 4286 2721 4310 ,
2756 4246 2838 4299 ὅτι
2898 4245 2973 4317 μὴ
3008 4246 3196 4318 ἑτέρου
3251 4247 3432 4316 τινὸς,
3467 4248 3604 4302 ἀλλὰ
3649 4248 3781 4302 Θεοῦ

2194 4335 2532 4406 κατόρθωσις
2551 4332 2618 4406 ἦν
2647 4337 2706 4390 τὸ
2732 4337 2920 4408 χρῆμα
2948 4339 3154 4402 αὐτοῖς,
3191 4340 3582 4410 χειροκμήτοις
3608 4340 3784 4410 δαμά-

2193 4426 2310 4479 λεσι
2344 4431 2624 4499 προσῆγον
2655 4428 2722 4481 τὰ
2751 4431 3099 4500 χαριστήρια,
3134 4431 3230 4484 καὶ
3261 4433 3451 4494 αὑταῖς
3489 4431 3779 4498 ἀνάπτειν,

2193 4516 2294 4569 οὐκ
2323 4512 2417 4569 οἷδ’
2448 4518 2596 4581 ὅπως
2615 4557 2630 4582 ,
2657 4517 2909 4590 ἀλλήλοις
2944 4506 3229 4575 ἀνέπειθον
3257 4522 3367 4576 τῶν
3393 4521 3551 4577 θείων
3582 4541 3783 4596 κατορ-

2195 4607 2463 4677 θωμάτων
2489 4609 2591 4680 τὴν
2633 4611 2926 4683 ὑπεροχήν.
2978 4613 3210 4677 Οὐκοῦν,
3246 4615 3321 4677 ὡς
3353 4615 3413 4680 ἐξ
3444 4615 3589 4668 οἴνου
3626 4617 3779 4669 Σοδό-

509 4702 782 4767 ιιίιιηοτοι,
813 4699 1283 4768 dicens,-seipsum
1317 4713 1453 4754 esse
1519 4700 1824 4767 mauifeste,
1854 4702 1946 4770 qui
1976 4711 2032 4756 et
2058 4716 2088 4757 e

2206 4715 2308 4764 μων
2334 4698 2804 4770 μεμεθυσμένους,
2839 4703 3122 4772 μονονουχὶ
3154 4703 3425 4757 διανύττει
3453 4704 3630 4774 λέγων
3653 4721 3669 4736 ⁸
3697 4706 3778 4758 ὃτι

428 4785 430 4787 ’
519 4814 539 4842 ι
565 4794 724 4846 domo
764 4789 1041 4844 servitutis
1064 4789 1141 4840 ⁸⁸»
1187 4803 1280 4844 eos
1309 4791 1581 4853 eduxerit,
1615 4800 1669 4843 et
1722 4805 1817 4860 per
1870 4790 2088 4862 Moysen

2206 4804 2245 4840 τε
2270 4787 2431 4852 αὐτὸς
2460 4790 2544 4862 εἴη
2576 4792 2783 4862 σαφῶς,
2832 4795 2860 4845 6
2901 4793 2994 4846 καὶ
3027 4793 3084 4859 ἐξ
3115 4811 3133 4845 ι
3173 4793 3323 4846 οἴκου
3359 4795 3608 4859 δουλείας
3635 4815 3653 4848 ι
3695 4795 3778 4860 ἐξ-

514 4885 588 4938 ita
618 4882 989 4938 mandaverit:
1031 4899 1051 4933 ι
1084 4880 1197 4937 Non
1237 4890 1396 4935 erunt
1469 4881 1564 4936 tibi
1617 4881 1690 4935 dii
1749 4881 1837 4936 alii
1897 4893 2091 4952 praeter

2206 4879 2448 4948 ενεγκὼν,
2483 4882 2574 4935 καὶ⁵
2619 4883 3002 4954 προστεταχὼς
3035 4884 3124 4938 διὰ
3161 4886 3428 4948 Μωσέως,
3458 4887 3536 4950 ὡς
3614 4907 3633 4938 ‹
3666 4889 3776 4940 Ούκ

513 4979 782 5040 utc";iet
805 4974 977 5028 solum
1005 4988 1063 5029 se
1087 4988 1208 5028 esse
1239 4973 1329 5041 qui
1369 4972 1563 5037 salvet,
1597 4981 1651 5027 et
1676 4957 1813 5028 citra
1850 4974 2088 5029 laborem

2206 4969 2404 5025 ἔσονταί
2438 4989 2520 5026 σοι
2560 4974 2672 5027 θεοὶ
2703 4974 2882 5046 ἕτεροι
2926 4975 3067 5047 πλὴν
3106 4975 3262 5046 ἐμοῦ,
3302 4995 3319 5026 ι
3371 4979 3469 5031 καὶ
3501 4983 3582 5032 ὅτι
3621 4981 3780 5049 μόνος

514 5062 864 5130 prohefaciat
902 5063 1043 5132 quod
1082 5062 1338 5129 voluerit;
1367 5077 1446 5128 se,
1485 5061 1580 5131 qui
1603 5062 1655 5116 in
1677 5061 1964 5118 solitudine
1994 5064 2091 5118 ali-

514 5155 749 5209 monium
801 5153 1109 5223 .providerit
1165 5161 1219 5209 et
1272 5154 1324 5207 in
1375 5162 1517 5207 terra
1570 5153 1803 5219 deserta,
1858 5155 2000 5210 invia
2034 5163 2090 5209 et

515 5245 776 5314 iuaquosa
802 5245 975 5300 fontes
1006 5258 1267 5314 aquarum
1288 5243 1605 5312 produxerit
1630 5243 1699 5310 ⁸⁷,
1734 5259 1930 5299 manna
1989 5247 2086 5299 de-

516 5335 799 5403 miserit”,
819 5351 1116 5408 panemque
1142 5337 1450 5407 angelorum
1467 5335 1534 5391 de
1555 5336 1693 5392 cmlo
1715 5336 1994 5396 danaverit
2010 5337 2080 5402 ⁸⁸,

516 5435 571 5479 et
611 5427 784 5482 iustar
815 5429 938 5484 boui
991 5431 1225 5499 pastoris
1277 5444 1372 5484 eos
1415 5429 1468 5483 in
1499 5429 1847 5496 abundantia,
1882 5446 2080 5485 secun~

2188 5063 2348 5127 αὐτὸς
2377 5065 2406 5116 6
2434 5065 2621 5129 σώζων
2643 5067 2780 5130 ἐστὶ,
2811 5067 2903 5121 καὶ
2921 5067 3180 5140 ἀνιδρωτὶ
3204 5068 3488 5140 κατορθῶν
3508 5073 3619 5123 πᾶν
3643 5072 3781 5142 ὅπερ

2195 5153 2458 5224 βούλοιτο,
2503 5157 2661 5220 αὑτὸς
2689 5157 2717 5210 ὁ
2745 5160 3162 5230 τροφοφορήσας
3215 5159 3358 5212 κατά
3401 5157 3498 5228 τὴν
3545 5159 3781 5228 ἔρημον,

2193 5247 2286 5300 καὶ
2323 5249 2382 5300 ὲν
2415 5251 2484 5320 γῇ
2518 5250 2708 5321 ἐρήμῳ
2731 5290 2747 5315 ,
2801 5250 2897 5303 καὶ
2930 5250 3119 5320 ἀϐάτῳ
3140 5290 3155 5313 ,
3203 5250 3298 5304 καὶ
3339 5249 3555 5318 ἀνύδρῳ
3592 5250 3783 5320 πηγὰς

2196 5339 2294 5408 μὲν
2329 5339 2538 5393 ὑδάτων
2568 5341 2735 5406 ἀνεὶς,
2786 5341 2998 5404 καθιεὶς
3025 5341 3082 5395 δὲ
3132 5341 3192 5394 τὸ
3229 5343 3440 5411 μάννα,
3481 5342 3582 5394 καὶ
3614 5342 3780 5414 ἄρτον

2189 5431 2436 5500 ἀγγέλων
2484 5432 2542 5496 ὲξ
2583 5432 2811 5504 ούρανοῦ
2857 5433 3228 5504 δωρούμενος,
3265 5434 3358 5486 καλ⁵
3390 5433 3468 5498 ὡς
3516 5435 3576 5488 ὲν
3626 5435 3778 5501 τάξει

516 5518 643 5571 dum
705 5535 898 5587 pascua
932 5536 1144 5588 eorum,
1202 5525 1314 5577 sive
1364 5523 1658 5577 secundum
1717 5522 2081 5592 profectiones

2206 5525 2442 5593 τοιμένος
2476 5526 2682 5592 ἀγαθοῦ
2723 5525 3078 5579 καταϐόσκων
3097 5525 3178 5587 είς
3203 5524 3478 5596 εὐθηνίαν,
3511 5531 3658 5583 κατά
3683 5529 3778 5592 τὰς

515 5608 746 5676 paverit.
780 5605 922 5661 Nihil
967 5609 1163 5679 quippe
1184 5615 1447 5666 bonorum
1479 5611 1722 5666 omnium
1775 5612 1826 5665 in
1865 5612 2079 5666 deserto

2206 5614 2357 5684 νομὰς
2413 5616 2610 5682 αὐτῶν,
2654 5618 2773 5687 ήτοι
2838 5615 2938 5679 τάς
2993 5615 3281 5685 ἀπάρσεις.
3328 5616 3626 5684 Ἀνενδεεῖς
3668 5619 3778 5691 γὰρ

583 5803 629 5835 ⁸⁸
668 5803 797 5868 Sap.
837 5802 1065 5872 mutii;
1102 5803 1256 5860 Rom.
1285 5820 1323 5867 ι,
1363 5805 1452 5865 20.
1563 5808 1606 5840 ⁸⁸
1650 5808 1802 5862 Deut.
1836 5825 1908 5872 tv,
1954 5812 2039 5867 l9.

2150 5817 2196 5846 "
2235 5815 2370 5869 Gen.
2413 5831 2448 5877 ι,
2485 5817 2666 5871 ι.ιι.ιτ.

2779 5819 2823 5851 ⁸³
2861 5819 2924 5875 ill
2970 5818 3099 5880 Reg.
3151 5832 3246 5880 xu,
3288 5818 3379 5872 9.3.
3491 5823 3538 5854 ⁸³
3580 5823 3733 5877 Deut.

515 5889 684 5940 nui,
725 5875 810 5926 52.
890 5873 934 5904 ⁸⁵
975 5871 1140 5926 Exod.
1184 5889 1302 5940 xm,
1343 5875 1394 5929 5.
1467 5876 1512 5906 ⁸⁸
1537 5879 1701 5930 Exod.
1747 5894 1836 5944 xx,
1873 5882 1923 5933 5.
2003 5886 2042 5913 ⁸⁷
2086 5884 2102 5936 1

2215 5931 2222 5934 .
2267 5902 2397 5951 Lm,
2430 5888 2479 5940 5.
2557 5887 2602 5919 ⁸⁸
2645 5889 2811 5943 Exod.
2854 5907 2962 5954 xu,
3006 5871 3090 5940 ii.
3165 5871 3390 5942 '9'1‘541.
3436 5907 3647 5961 Luvu,
3678 5893 3768 5950 35.
