4034 6270
263 413 375 472 505

1200 406 1751 464 COMMENTARIUS
1789 406 1854 462 IN
1897 405 2129 463 OSEAM
2169 403 2612 464 PROPIIETAM.

3425 388 3540 454 30ft

266 523 408 598 ἦσαν
442 525 648 590 παντὸς
674 523 886 594 ἀγαθοῦ
911 522 1053 578 κατά
1073 523 1172 594 τὴν
1203 521 1408 593 ἔρημον
1437 523 1486 575 οἰ
1517 523 1576 586 ἐξ
1603 523 1822 594 Ἰσραὴλ
1843 562 1857 587 ,

1977 525 2089 580 iliis
2113 522 2281 579 Israel
2315 520 2505 588 defuit,
2537 511 2881 589 quantumvis
2927 510 3106 566 locum
3148 506 3268 562 loco
3321 518 3538 572 semper.

274 619 452 673 καίτοι
478 618 679 680 τόπους
709 620 775 671 ἐκ
799 618 982 671 τόπων
1000 616 1088 670 ἀεὶ
1117 614 1559 686 μεταμείϐοντες,
1590 615 1685 667 καὶ
1707 617 1763 666 ἐν
1785 617 1855 686 γῇ

279 709 500 780 τραχείᾳ
527 709 621 761 καὶ
646 709 886 780 ἀκάρπῳ
909 705 1382 775 καταυλιζόμενοι.
1412 706 1531 776 Χρὴ
1550 705 1614 777 δὴ
1639 702 1731 760 οὖν
1753 705 1860 777 ἄρα

285 801 588 870 μεμνῆσθαι
635 799 725 853 διὰ
772 798 975 860 παντὸς
996 839 1012 862 ,
1041 789 1117 850 ὧν
1155 795 1221 849 ἂν
1253 795 1468 868 ἔχοιμεν
1499 798 1650 868 παρά
1678 796 1814 850 Θεοῦ
1841 839 1855 863 ,

281 893 370 944 καὶ
407 892 507 962 τὴν
553 893 646 945 ἐπὶ
689 890 900 952 τούτοις
929 887 1138 959 λήθην,
1168 887 1244 951 ὡς
1289 889 1544 943 άποτάτω
1590 889 1861 943 ποιεῖσθαι

280 983 456 1050 φιλεῖν
504 984 602 1052 τῆς
639 982 852 1036 ἑαυτῶν
899 979 1169 1045 διανοίας,
1207 980 1281 1042 ὡς
1309 979 1532 1050 ὀλέθρου
1580 981 1859 1052 πρόξενον,

281 1073 374 1124 καὶ
421 1071 763 1143 παροτρύνον
809 1073 888 1134 εἰς
935 1070 1312 1139 ἀγανάκτησιν
1353 1069 1444 1122 τὸν
1472 1070 1691 1139 ἀπάσης
1733 1072 1862 1140 ἡμῖν

281 1163 582 1233 εὐημερίας
609 1163 811 1233 δοτῆρα
835 1161 990 1214 Θεόν.
1007 1158 1068 1212 Ὀ
1093 1159 1201 1230 γὰρ
1224 1159 1539 1229 ἀχάριστος,
1572 1159 1666 1212 καὶ
1697 1158 1863 1228 βλάσ-

285 1275 486 1328 φημος,
520 1258 661 1311 κατά
682 1274 746 1326 γε
775 1257 837 1310 τὸ
865 1255 974 1308 ὑπό
995 1272 1089 1308 του
1121 1252 1300 1321 σοφῶς
1327 1253 1636 1323 εἰρημένον.

352 1351 460 1404 Καί
494 1349 969 1418 ἐνεπλήσθησαν
998 1348 1087 1412 εἰς
1137 1337 1527 1413 πλησμονὴν,
1564 1344 1661 1399 καί
1695 1343 1861 1413 ὑψώ-

285 1445 482 1508 θησαν
511 1444 570 1496 αἰ
607 1440 840 1509 καρδίαι
886 1437 1122 1503 αὐτῶν,
1173 1437 1354 1490 ἕνεκα
1395 1437 1609 1490 τούτου
1649 1433 1866 1488 ἐπελά-

287 1533 463 1585 θοντό
490 1549 630 1600 μου.

360 1622 487 1675 PN'.
529 1621 740 1692 Ὠσπερ
765 1621 814 1673 οἰ
843 1621 949 1674 τῶν
980 1619 1180 1691 ἰατρῶν
1216 1620 1599 1692 ἐμπειρότατοι
1629 1622 1729 1686 τὰς
1755 1621 1866 1677 τῶν

292 1711 614 1782 νοσημάτων
639 1707 697 1766 εὖ
736 1711 877 1782 μάλα
905 1711 1130 1784 περιαρθ
1141 1710 1357 1782 ροῦντες
1393 1713 1592 1778 αἰτίας,
1620 1715 1733 1777 τοῖς
1758 1713 1866 1768 άπὸ

295 1804 396 1870 τῆς
444 1803 639 1874 τέχνης
684 1806 1115 1874 ἐπικουρήμασιν
1163 1805 1491 1858 ἀνακόπτειν
1536 1806 1860 1874 ἐπάγονται·

1962 623 2256 681 mutarent,
2295 621 2348 668 et
2374 614 2424 666 in
2461 621 2604 666 terra
2629 606 2849 664 horrida
2877 610 3038 672 atque
3070 597 3404 654 infructuosa
3435 606 3532 648 ca—

1961 715 2431 764 strametarentur.
2455 702 2683 770 Semper
2734 699 2898 769 igitur
2928 703 3148 762 accepta
3177 705 3205 747 a
3237 688 3345 744 Deo
3391 687 3533 742 bona

1961 801 2016 855 in
2047 797 2306 854 memoria
2334 797 2581 850 habenda
2611 800 2758 855 sunt,
2801 787 2959 859 183
2991 797 3291 854 eorumque
3336 779 3537 836 oblivio

1960 907 2121 964 quam
2195 887 2506 957 longissime
2575 881 2880 952 repellenda
2911 880 2978 933 ab
3015 879 3217 942 animo,
3282 873 3536 943 quoniam

1959 983 2182 1039 exitium
2234 980 2396 1050 parit,
2447 986 2502 1032 et
2540 973 2707 1029 Deum
2756 973 2932 1027 omnis
3005 980 3205 1026 nostrae
3265 965 3542 1022 felicitatis

1960 1082 2236 1130 auctorem
2262 1070 2326 1124 ad
2360 1066 2781 1136 indignationem
2813 1069 3088 1128 provocat.
3127 1058 3368 1126 Ingratus
3396 1054 3541 1108 enim

1960 1165 2124 1219 etiam
2148 1171 2232 1217 est
2271 1157 2642 1228 blasphemus,
2685 1161 2804 1207 uta
2832 1148 3068 1217 quodam
3116 1145 3392 1213 sapienter
3455 1139 3540 1194 di-

1961 1266 2105 1313 ctum
2133 1262 2237 1309 est.

2036 1346 2197 1402 Vnus.
2222 1345 2275 1400 6.
2311 1341 2381 1397 Et
2414 1339 2596 1411 repleti
2617 1345 2738 1394 sunt
2765 1332 3063 1394 saturitate,
3087 1338 3135 1383 et
3164 1323 3395 1382 excitata
3420 1330 3540 1376 sunt

1964 1442 2127 1496 corda
2157 1453 2335 1494 eorum
2359 1451 2377 1488 :
2403 1441 2611 1502 propter
2641 1431 2736 1484 hoc
2781 1424 2926 1481 obliti
2945 1430 3064 1477 sunt
3103 1419 3223 1472 mei.

2033 1616 2141 1673 CL.
2185 1607 2646 1680 Quemadmodum
2693 1599 3025 1658 medicorum
3083 1585 3543 1663 experientissimi

1971 1705 2381 1780 diligentissime
2409 1694 2818 1764 circumspectis
2853 1689 3164 1745 morborum
3200 1682 3396 1745 causis,
3450 1693 3545 1733 eos

1967 1770 2182 1858 auxiliis
2243 1797 2312 1852 ab
2349 1803 2468 1848 arte
2516 1788 2700 1862 petitis
2746 1781 3013 1853 depellere
3054 1773 3414 1832 contendunt:
3471 1770 3545 1823 ita

304 1893 443 1948 κατὰ
468 1860 560 1946 τδν
583 1860 765 1960 άῦτὸν,
799 1860 974 1964 οἶμαί,
997 1860 1196 1966 τρόπον
1222 1896 1317 1949 καί
1349 1895 1378 1947 ὁ
1420 1895 1529 1948 τῶν
1561 1860 1695 1949 ὅλων
1733 1896 1865 1961 Θεὸς

1977 1907 2096 1951 sane
2124 1891 2498 1946 universorum
2555 1882 2721 1946 Deus,
2754 1883 2990 1932 mentem
3052 1877 3104 1924 et
3132 1882 3229 1924 cor
3289 1860 3546 1928 introspi-

305 1984 381 2046 εἰς
415 1981 538 2036 νοῦν
585 1984 710 2054 ἐσω,
762 1986 855 2039 καί
911 1986 1134 2057 καρδίαν
1163 1985 1324 2058 ὁρῶν,
1361 1987 1460 2050 τὰς
1505 1986 1615 2040 τῶν
1642 1989 1700 2042 ἐν
1733 1989 1864 2059 ήμίν

305 2075 489 2129 παθῶν
534 2077 711 2141 αἰτίας
756 2077 1197 2149 περιεργάζεται,
1241 2077 1382 2131 οὕτω
1423 2096 1482 2132 τε
1527 2078 1715 2132 λοιπὸν
1755 2081 1868 2144 τοῖς

301 2166 592 2238 καθήκουσι
627 2169 961 2240 περιστέλλει
987 2171 1301 2241 φαρμάκοις
1321 2170 1413 2223 τὸν
1435 2169 1870 2241 ἀρῤωστήσαντα

296 2256 436 2309 νοῦν.
473 2259 719 2312 Αἰτιᾶται
765 2259 945 2314 τοίνυν
976 2261 1103 2322 τοὺς
1144 2259 1202 2326 ἐξ
1262 2260 1498 2331 Ἰσραὴλ,
1543 2259 1618 2323 ὡς
1663 2262 1728 2314 ὲκ
1769 2262 1871 2332 τῆς

293 2349 428 2414 ἄγαν
457 2349 760 2420 εὐημερίας
783 2352 919 2422 πρὸς
953 2350 1123 2422 λήθην
1151 2351 1541 2421 ἐνηνεγμένους
1566 2350 1660 2404 τοῦ
1693 2351 1871 2405 πάντα

290 2439 468 2502 αὐτοῖς
500 2441 860 2511 χορηγοῦντος
888 2441 959 2494 τά
999 2439 1222 2511 ζωαρκῆ
1245 2459 1259 2471 ·
1306 2443 1402 2494 καὶ
1446 2441 1515 2496 τὰ
1556 2442 1768 2512 ὅσαπερ
1801 2442 1870 2496 ἂν

292 2528 562 2596 φαίνοιντο
586 2528 1070 2600 καταλαμπρῦνειν
1109 2529 1300 2582 εἰδότα·
1333 2529 1872 2602 καίῒοιπροηγορευ-

293 2618 449 2681 κότος
470 2618 568 2696 ’τοῦ
608 2619 773 2688 νόμου
817 2619 1026 2687 σαφῶς·
1061 2637 1080 2670 ι
1127 2618 1366 2689 Πρόσεχε
1395 2619 1625 2688 σεαυτῷ,
1661 2618 1735 2688 μὴ
1757 2621 1874 2671 ἐπι-

296 2708 436 2779 λάθῃ
471 2709 680 2782 Κυρίου
706 2707 801 2761 τοῦ
830 2709 968 2762 Θεοῦ
1007 2725 1122 2772 σου,
1148 2706 1240 2760 τοῦ
1272 2708 1348 2777 μὴ
1387 2707 1618 2775 φυλάξαι
1655 2707 1754 2770 τὰς
1791 2708 1875 2759 ἐν-

300 2799 459 2862 τολάς
505 2798 696 2862 αὑτοῦ,
737 2799 833 2852 καὶ
883 2799 953 2851 τά
985 2799 1248 2869 κρίματα,
1295 2797 1390 2850 καὶ
1427 2797 1494 2849 τά
1537 2795 1875 2867 δικαιώματα

301 2888 490 2952 αὐτοῦ,
519 2889 620 2942 ὅσα
649 2887 759 2957 ἐγὼ
793 2888 1105 2958 ἐντέλλομαί
1129 2905 1210 2942 σοι
1245 2889 1506 2959 σήμερον.
1538 2887 1628 2959 Μὴ
1665 2889 1872 2957 φαγὼν,

297 2981 392 3034 καὶ
420 2980 774 3051 ἐμπλησθεὶς,
805 2981 900 3033 καί
941 2980 1115 3043 οἰκίας
1157 2980 1323 3043 καλάς
1365 2979 1744 3051 οἰκοδομήσας,
1782 2981 1876 3034 καὶ

281 3073 637 3142 κατοικήσας
668 3073 726 3123 ὲν
766 3071 978 3136 αὐταῖς,
1013 3071 1238 3126 καὶτῶν
1288 3072 1574 3142 προϐάτων
1619 3089 1733 3138 σου,
1782 3070 1878 3125 καὶ

287 3165 404 3216 τῶν
445 3163 595 3234 βοῶν
645 3181 738 3217 σου
791 3163 1207 3235 πληθυνθέντων
1271 3181 1388 3231 σοι,
1437 3164 1728 3235 ἀργυρίου,
1783 3163 1876 3217 καὶ

1969 1989 2137 2050 ciens,
2161 1998 2352 2040 causas
2382 1979 2692 2034 morborum
2725 1980 3033 2028 nostrorum
3083 1969 3471 2035 perscrutatur,
3492 1964 3549 2011 et

1969 2080 2045 2135 ita
2101 2078 2312 2134 demum
2353 2078 2614 2144 aegrotum
2668 2066 2906 2121 animum
2961 2052 3369 2115 medicamentis
3417 2063 3548 2103 con—

1975 2169 2320 2226 venientibus
2383 2142 2659 2234 componit
2746 2171 2811 2212 ac
2861 2161 3038 2210 sanat.
3091 2146 3331 2216 Castigat
3386 2142 3548 2211 igitur

1970 2261 2264 2325 lsraelitas,
2303 2257 2394 2328 qui
2416 2271 2484 2311 ex
2509 2253 2668 2308 rebus
2690 2245 2978 2303 admodum
3009 2238 3324 2296 ﬂorentibus
3377 2242 3430 2287 et
3463 2245 3550 2286 se-

1972 2353 2162 2408 cundis
2182 2318 2362 2406 omnia
2395 2346 2526 2417 ipsis
2567 2344 2690 2396 vita;
2737 2335 2982 2408 praesidia
3031 2324 3442 2417 suppeditantis,
3497 2318 3570 2417 ο(

1972 2444 2383 2514 quibuscunque
2413 2433 2720 2504 conspicuis
2746 2431 2920 2484 lucem
2962 2437 3115 2480 suam
3153 2422 3280 2475 dare
3311 2412 3551 2469 °scieulis

1971 2508 2123 2592 obliti
2162 2508 2311 2597 sint;
2341 2539 2650 2598 quanquam
2693 2521 2854 2578 claris
2883 2516 3062 2572 verbis
3083 2514 3169 2567 lex
3191 2525 3284 2564 eos
3306 2508 3377 2561 ita
3396 2519 3550 2598 Ptin-

1972 2591 2288 2682 monueriti
2330 2591 2523 2674 r-Cave-
2547 2615 2662 2678 tibi,
2689 2627 2756 2667 ne
2803 2605 3140 2665 obliviscaris
3199 2596 3407 2654 Domini
3459 2591 3553 2647 Dei

1974 2718 2072 2783 tui,
2111 2723 2170 2769 ut
2204 2727 2311 2768 non
2331 2707 2607 2766 custodias
2632 2703 2882 2760 mandata
2920 2697 3058 2768 ejus,
3096 2703 3150 2749 et
3184 2690 3382 2762 judicia
3414 2685 3550 2754 ejus,

1974 2816 2028 2862 et
2050 2801 2464 2875 iustiﬁcationes
2492 2796 2630 2867 ejus,
2664 2803 2998 2863 quascunque
3017 2799 3116 2855 ego
3143 2779 3400 2852 prmcipio
3458 2774 3550 2827 tibi

1974 2867 2154 2952 hodie.
2207 2892 2284 2948 Ne
2317 2899 2602 2960 postquam
2645 2882 2964 2945 comederis,
2999 2885 3055 2934 et
3083 2877 3309 2930 satiatus
3365 2867 3551 2929 fueris,

1973 2997 2026 3043 et
2078 2987 2265 3042 domos
2306 2957 2562 3053 pulchras
2605 2972 2978 3037 acditicaveris,
3030 2977 3085 3023 et
3135 2959 3466 3021 habitaveris
3501 2957 3554 3009 in

1974 3078 2076 3142 eis,
2108 3085 2164 3130 et
2187 3047 2376 3128 ovibus
2419 3070 2526 3125 tuis
2574 3077 2628 3122 et
2656 3065 2829 3122 bobus
2854 3062 2964 3116 tuis
3017 3051 3386 3126 multiplicatis
3437 3047 3556 3112 tibi,

1978 3176 2198 3238 argento
2221 3173 2275 3220 et
2302 3177 2436 3219 auro
2456 3156 2822 3229 multiplicatis
2847 3153 2965 3218 tibi,
3002 3151 3244 3207 elevetur
3275 3159 3370 3200 cor
3402 3152 3557 3194 tuum

288 3257 527 3328 χρυσίου
582 3255 999 3327 πληθυνθέντων
1052 3273 1154 3321 σοι,
1206 3257 1298 3309 καὶ
1348 3255 1562 3310 πάντων
1605 3259 1746 3310 ὅσων
1795 3273 1875 3309 σοι

1983 3267 2036 3312 et
2050 3237 2401 3311 obliviscaris
2430 3251 2636 3309 Domini
2664 3247 2758 3304 Dei
2791 3247 2902 3314 tui;
2924 3243 3014 3313 qui
3041 3239 3225 3298 eduxit
3254 3247 3305 3291 te
3325 3237 3390 3290 de
3417 3243 3560 3288 terra

284 3350 452 3402 ἔσται
479 3348 894 3418 πληθυνθέντων
929 3365 1033 3410 σοι,
1066 3348 1283 3418 ὑψωθῇς
1322 3351 1389 3419 τῇ
1417 3347 1612 3418 καρδίᾳ
1641 3365 1757 3412 σου,
1784 3347 1878 3400 καὶ

283 3442 533 3513 ἐπιλάϐῃ
560 3442 762 3514 Κυρίου
794 3440 890 3493 τοῦ
909 3439 1044 3494 Θεοῦ
1075 3457 1189 3504 σου,
1217 3439 1312 3494 τοῦ
1343 3440 1699 3508 ἐξαγαγόντος
1726 3456 1784 3492 σε
1815 3439 1879 3491 ἐκ

282 3534 394 3602 γῆς
433 3533 730 3600 Αἰγύπτου,
774 3533 834 3597 ἐξ
861 3533 1009 3587 οἴκου
1055 3533 1296 3596 δουλείας
1319 3549 1334 3564 ·
1368 3531 1462 3585 τοῦ
1492 3532 1788 3598 ἀγαγόντος
1820 3549 1880 3585 σε

281 3625 376 3677 διὰ
402 3624 508 3692 τῆς
535 3626 765 3695 ἐρήμου,
798 3625 898 3694 τῆς
944 3625 1184 3695 μεγάλης
1212 3625 1307 3677 καὶ
1348 3623 1447 3694 τῆς
1477 3622 1712 3694 φοϐερᾶς
1741 3622 1880 3676 ἐκεί-

283 3733 388 3785 νης
457 3708 518 3768 οῦ
558 3715 677 3785 ὄφις
704 3716 934 3778 δάκνων,
963 3715 1056 3769 καί
1084 3715 1362 3786 σκορπίος,
1396 3714 1492 3767 καὶ
1511 3712 1660 3782 δίψα,
1692 3707 1751 3768 οῦ
1781 3715 1881 3783 οὐχ

286 3806 470 3876 ὕδωρ.
514 3824 532 3856 ι
569 3807 720 3876 Ἔχει
755 3806 862 3877 γὰρ
893 3806 992 3858 οὐκ
1025 3806 1293 3867 ἀνικάνως
1338 3804 1422 3858 ἀεί
1473 3822 1589 3867 πως
1616 3806 1647 3874 ή
1676 3803 1880 3875 τρυφὴ,

286 3901 389 3952 καὶ
426 3897 488 3950 τὸ
508 3898 790 3968 ἀδοκήτοις
815 3900 1003 3964 τιμαῖς
1036 3895 1450 3967 ἐναϐρύνεσθαι,
1484 3896 1578 3948 καὶ
1601 3897 1681 3958 εἰς
1714 3895 1884 3966 λήθην

287 3990 452 4060 ἡμᾶς
485 3989 780 4058 ἀποφέρειν
811 3986 966 4052 Θεοῦ,
1001 3989 1094 4039 καὶ
1131 3988 1265 4058 πρὸς
1295 3989 1403 4039 πᾶν
1441 3989 1617 4040 ὁτιοῦν
1661 3988 1770 4041 τῶν
1797 3989 1888 4040 ἐκ-

287 4085 490 4134 τόπων
551 4072 858 4131 κατασείειν
908 4077 1166 4131 δύνασθαι
1223 4079 1314 4131 τὸν
1374 4078 1709 4149 ἀνθρώπινον
1741 4079 1883 4134 νοῦν.

303 4166 573 4238 ’Δρκέσει
618 4165 697 4228 δὲ,
745 4161 921 4235 οἶμαι,
968 4165 1104 4236 πρὸς
1155 4165 1375 4235 ἔλεγχον
1420 4166 1828 4236 ἀποσκιρτήσας
1860 4166 1889 4217 ὁ

1979 3349 2218 3420 Egypti,
2251 3362 2317 3402 ex
2350 3346 2510 3400 domo
2539 3340 2843 3404 servitutis;
2868 3336 2957 3407 qui
2985 3333 3136 3389 duxit
3163 3341 3216 3385 te
3255 3342 3350 3398 per
3379 3326 3562 3379 deser-

1981 3419 2094 3496 tum
2109 3454 2382 3511 magnum,
2411 3446 2464 3490 et
2490 3431 2726 3490 terribile
2750 3430 2899 3494 illud,
2921 3427 3009 3483 ubi
3033 3437 3257 3491 serpens
3284 3419 3558 3477 mordens,

1982 3542 2036 3589 et
2083 3507 2314 3600 scorpio,
2372 3539 2426 3583 et
2475 3527 2679 3595 dipsas,
2727 3522 2816 3578 ubi
2840 3514 3347 3584 nonerataqua'°.i
3379 3507 3561 3560 Luxus

1981 3627 2146 3690 enim,
2171 3634 2227 3679 et
2253 3623 2512 3676 bonorum
2538 3619 3021 3684 inexspectatorum
3034 3605 3286 3676 splendor
3306 3599 3436 3655 satis
3451 3612 3566 3652 ma-

1982 3733 2139 3788 gnam
2155 3717 2258 3768 vim
2277 3714 2559 3774 habent,ut
2577 3709 2738 3762 nosin
2753 3704 3075 3759 oblivionem
3095 3697 3185 3751 Dei
3206 3693 3494 3751 abducant,
3511 3697 3566 3741 et

1986 3811 2050 3862 ad
2065 3807 2276 3876 quidvis
2299 3801 2630 3871 illegitimum
2648 3799 2940 3852 humanum
2957 3791 3198 3844 animum
3246 3781 3562 3838 dissolvant.

1987 3899 2066 3952 Ad
2079 3870 2447 3965 probationem
2464 3888 2711 3953 sufﬁciet,
2727 3875 3348 3947 utexistimo,lsrae|,qui
3362 3870 3568 3928 resiluit

1988 3997 2042 4044 et
2074 3986 2346 4042 felicitatis
2378 3997 2487 4039 suae
2535 3980 2743 4050 copiam
2775 3986 2882 4031 tam
2931 3972 3112 4045 gravis
3177 3967 3347 4023 morbi
3406 3979 3566 4018 occa--

1990 4085 2193 4139 sionem
2224 4080 2446 4136 invenit.
2475 4077 2765 4131 Lubricum
2811 4071 2976 4139 igitur
3033 4063 3312 4134 quiddam,
3354 4067 3410 4112 et
3453 4069 3569 4108 mo-

1992 4173 2177 4226 deratu
2234 4168 2444 4223 dillicile
2484 4181 2571 4219 res
2629 4165 2782 4227 lmtze,
2817 4167 2872 4214 ct
2923 4154 3076 4224 quasi
3133 4152 3218 4204 via
3284 4148 3439 4216 plana
3501 4143 3569 4195 ad

308 4259 562 4331 Ἰσραὴλ,
606 4259 700 4312 καὶ
728 4257 790 4311 τὸ
816 4258 914 4329 τῆς
944 4258 1241 4329 εὐημερίας
1283 4257 1480 4320 πλάτος
1508 4257 1607 4326 τῆς
1632 4257 1712 4319 εἰς
1734 4255 1875 4309 τοῦτ(

1995 4261 2400 4316 defectionema
2435 4258 2563 4310 Dco.
2607 4252 2770 4306 Multo
2811 4258 2988 4302 autem
3050 4242 3241 4298 melior
3295 4238 3567 4292 moderata

294 4351 490 4420 δεινῆς
521 4347 833 4420 ἀρρωστίας
869 4348 1172 4419 εὑράμενος
1200 4349 1474 4418 ἀφορμήν.
1503 4345 1776 4418 Σφαλερὸν
1799 4341 1891 4398 οὖν

1999 4350 2290 4414 tribulatio,
2322 4346 2464 4417 quod
2494 4352 2800 4399 sanctorum
2830 4352 2992 4396 voces
3024 4334 3177 4388 uobis
3206 4329 3565 4385 testabuntur.

297 4447 418 4512 ἄρα
468 4441 562 4493 καὶ
599 4437 974 4508 δυσδιοίκητον
1013 4437 1254 4510 ήτρυφὴ
1303 4439 1396 4492 καὶ
1427 4437 1542 4491 λεία
1589 4454 1672 4500 τις
1702 4436 1875 4507 ὥσπερ

1997 4444 2086 4498 Ait
2122 4442 2263 4495 enim
2289 4439 2503 4508 quidam
2537 4453 2551 4490 :
2593 4455 2610 4486 ι
2636 4433 2878 4496 Domine,
2909 4430 2959 4483 in
2991 4424 3336 4482 tribulatione
3368 4434 3568 4473 memo-

299 4511 429 4596 ὁδὸς
479 4535 558 4594 είς
603 4532 904 4584 ἀπόστασιν
945 4531 1042 4599 τὴν
1090 4530 1199 4584 ἀπὸ
1242 4529 1396 4583 Θεοῦ.
1450 4528 1610 4602 Παρά
1663 4527 1797 4580 πολὺ
1836 4525 1875 4578 δὲ

1998 4548 2085 4586 res
2111 4530 2307 4584 fuimus
2333 4527 2428 4581 tui.
2466 4525 2521 4578 lu
2583 4521 2925 4577 tribulatione
2961 4532 3125 4586 parva
3166 4511 3445 4581 castigatio
3480 4520 3569 4560 tua

299 4621 550 4693 ἀμείνων
586 4623 619 4691 ή
657 4620 970 4691 σύμμετρος
1000 4597 1212 4689 θλίψις.
1249 4597 1617 4674 Πιστώσονται
1653 4618 1875 4688 δὲ.πρὸς

1996 4622 2152 4676 nobis
2187 4663 2199 4677 .
2235 4639 2253 4672 ι
2315 4615 2755 4686 Sapientissimus
2794 4623 2922 4664 vero
2971 4605 3166 4661 Paulus
3216 4602 3390 4656 omnis
3445 4597 3569 4652 boni

299 4691 471 4767 τοῦτο
509 4714 654 4782 ήμᾶς
703 4713 756 4764 αἰ
794 4712 900 4766 τῶν
941 4711 1112 4780 ἁγίων
1160 4711 1356 4779 φωναί.
1423 4712 1480 4764 Ὀ
1522 4711 1620 4782 μὲν
1660 4710 1767 4780 γάρ
1811 4727 1875 4769 τις

1993 4714 2224 4768 radicem
2261 4721 2313 4766 et
2339 4709 2598 4778 originem
2631 4704 2784 4758 nobis
2834 4698 3233 4756 tribulationem
3270 4691 3566 4761 proposuit,

305 4808 563 4874 ἔφασκε·
599 4823 616 4854 ι
674 4804 868 4875 Κύριε,
919 4806 976 4856 ἐν
1027 4804 1205 4871 θλίψει
1257 4803 1605 4874 ἐμνήσθημέν
1663 4819 1792 4854 σου·
1835 4803 1875 4853 ἐ·

1995 4819 2115 4858 cum
2170 4802 2304 4855 dixit
2331 4818 2344 4854 :
2377 4796 2539 4868 184
2564 4815 2582 4847 ι
2612 4789 2910 4847 Tribulatio
2937 4785 3250 4856 patientiam
3294 4787 3568 4847 operatur,

309 4897 498 4965 θλίψει
537 4900 764 4967 μικρᾷή
799 4897 1012 4950 παιδεία
1051 4916 1143 4950 σου
1178 4899 1328 4968 ἡμῖν.
1367 4916 1386 4948 ι
1432 4896 1490 4947 '0
1521 4896 1578 4948 δέ
1610 4912 1675 4963 γε
1719 4893 1894 4962 σοφώ-

305 5005 478 5050 τατος
526 4987 754 5053 Παῦλος,
803 4990 1000 5052 παντὸς
1046 4991 1178 5058 ήμῖν
1225 4987 1432 5056 ἀγαθοῦ
1485 4986 1640 5057 ῥίζαν
1673 4980 1890 5055 οἷάπερ,

308 5084 414 5136 καὶ
460 5081 691 5148 γένεσιν,
724 5082 821 5151 τὴν
849 5083 1024 5151 θλίψιν
1052 5081 1239 5145 ἐτίθει,
1266 5081 1436 5148 λέγων
1461 5098 1476 5112 ·
1519 5098 1538 5130 ι
1606 5080 1670 5130 Ἢ
1714 5077 1892 5146 θλίψις

311 5172 596 5243 ὑπομονὴν
623 5173 1039 5242 κατεργάζεται,
1072 5175 1106 5242 ἡ
1136 5173 1192 5225 δὲ
1218 5173 1462 5242 ὑπομονὴ
1492 5168 1740 5239 δοκιμὴν,
1774 5170 1806 5238 ἡ
1835 5168 1890 5220 δὲ

1992 4893 2248 4962 patientia
2279 4900 2454 4944 autem
2493 4885 2884 4956 probationem,
2945 4876 3190 4947 probatio
3222 4887 3394 4941 spem.
3447 4881 3569 4936 spes

1995 4997 2172 5037 autem
2213 4997 2319 5034 non
2358 4976 2717 5033 confundit“.
2762 4992 2780 5024 ι
2823 4969 3007 5024 Psallit
3043 4976 3097 5020 et
3147 4963 3340 5017 alicubi
3375 4962 3563 5013 beatus

2001 5075 2194 5128 David:
2221 5089 2239 5122 ι
2267 5071 2469 5124 Bonum
2501 5069 2628 5122 mihi
2675 5065 2797 5133 quia
2828 5057 3118 5114 humiliasti
3148 5071 3252 5120 me,
3284 5063 3344 5106 ut
3367 5053 3571 5107 discnm

1991 5162 2402 5236 justilicationes
2427 5169 2543 5212 tuas
2567 5159 2633 5210 θ’.
2663 5176 2680 5207 ι

308 5263 514 5335 δοκιμῆ
553 5236 871 5334 ,ἐλπίδαξϋή
924 5265 978 5317 δὲ
1009 5236 1162 5328 ἐλπὶς
1205 5265 1266 5318 οὑ
1329 5236 1710 5330 ’καταισχύνεμ
1751 5279 1768 5310 ι
1796 5236 2014 5313 -Ψάλλει
2077 5257 2133 5308 δέ
2184 5271 2286 5307 που
2316 5251 2409 5305 καὶ
2451 5253 2479 5303 ὁ
2522 5247 2806 5309 θεσπέσιος
2845 5241 3038 5296 Δαϐίδ·
3101 5259 3121 5292 ι
3173 5236 3399 5305 Ἀγαθὸν
3472 5248 3571 5301 μου

309 5360 402 5412 ὅτι
448 5357 815 5420 ἐταπείνωσάς
862 5376 950 5428 με,
991 5358 1138 5422 ὅπως
1167 5358 1232 5412 ἂν
1267 5358 1422 5428 μάθω
1452 5356 1520 5408 τά
1547 5354 1888 5425 δικαιώματά
1911 5371 2025 5407 σου.
2066 5372 2084 5402 ι

389 5451 497 5504 Καὶ
528 5449 740 5519 ἔσομαι
772 5451 976 5516 αὐτοῖς
1013 5451 1093 5515 ὡς
1136 5449 1396 5518 πάνθηρ,
1437 5447 1536 5500 καὶ
1566 5447 1645 5512 ὡς
1674 5448 1895 5516 πάρδα-

312 5548 434 5607 λις.
467 5544 627 5596 Κατὰ
657 5541 771 5609 τὴν
793 5543 936 5596 ὁδὸν
978 5542 1320 5609 Ἀσσυρίων·
1346 5537 1766 5604 ἀπαντήσομαι
1793 5538 1897 5590 αὐ-

315 5632 440 5698 τοῖς
484 5636 562 5698 ὡς
591 5632 807 5700 ἄρκτος
840 5632 1246 5700 ἀπορουμένη,
1292 5629 1386 5682 καί
1419 5625 1715 5696 διαρῤήξω
1747 5644 1895 5695 συγ-

396 5815 446 5848 ⁹⁰
488 5817 620 5871 Deut
681 5832 792 5881 \‘lll,
843 5817 1022 5872 11-15.

2074 5443 2236 5495 Vnus.
2268 5441 2321 5505 7,
2346 5439 2399 5493 8.
2429 5438 2490 5490 Et
2515 5453 2600 5489 ero
2624 5436 2697 5488 eis
2723 5433 2875 5500 quasi
2910 5430 3181 5498 panthera,
3209 5437 3252 5479 et
3285 5427 3418 5478 sicut
3452 5439 3573 5489 par-

2002 5535 2157 5588 dalis.
2183 5531 2286 5585 Per
2324 5530 2458 5582 viam
2488 5524 2823 5592 Assyriorum
2871 5535 3138 5573 occurram
3169 5519 3239 5572 eis
3268 5519 3398 5569 sicut
3451 5528 3572 5564 urm

2004 5629 2262 5696 indigens,
2298 5632 2345 5676 et
2366 5621 2688 5685 disrumpunt
2719 5616 3100 5669 conclusionem
3148 5611 3318 5665 cordis
3370 5615 3570 5661 eorum.

1100 5815 1142 5847 θ’
1185 5813 1339 5869 Rom.
1383 5829 1435 5876 v,
1478 5812 1585 5866 5-5.
1664 5814 1705 5844 θ’
1749 5810 1885 5866 Psal.
1928 5826 2078 5875 cxul,
2123 5809 2205 5865 7i.
