4034 6270
479 421 580 479 5οἹ

1473 417 1532 473 ε.
1573 416 1851 474 CYRILLI
1892 414 2361 472 ALEXANDRINI
2401 415 2724 472 ARCHIEP.

3631 431 3688 484 3(
3704 430 3741 483 8.

481 535 550 592 Et
581 537 903 594 decorabant
933 551 1019 592 eos
1047 535 1118 592 ibi
1153 535 1313 590 catuli
1347 535 1510 603 silete,
1559 537 1736 592 bestias
1757 538 1873 607 agri
1905 537 2047 591 dila-

2172 533 2448 604 ιλεισμόν
2514 535 2762 604 καρδίας
2820 534 3038 590 αὐτῶν.
3115 537 3226 590 Kat
3294 538 3736 608 xatassdrorrm

476 629 697 684 uiabunt
738 646 849 684 eos.

545 807 673 863 CLI.
707 807 994 878 Postquam
1018 807 1161 863 enim
1205 821 1384 864 rerum
1411 809 1740 878 prosperitas
1761 809 2050 878 perniciem

476 897 580 953 illis
607 898 834 964 creavit,
868 898 1312 967 desciscendique
1345 913 1374 951 a
1403 897 1512 954 Deo
1565 899 1907 954 occasionem
1967 909 2052 954 at.-

477 991 622 1056 tulit,
677 991 799 1046 ideo
827 990 1078 1059 deinceps
1120 991 1494 1046 tribulationes
1524 991 1726 1046 morbis
1751 1005 2052 1060 congruen-

479 1090 560 1136 tes
587 1082 966 1149 importantur.
1009 1080 1250 1149 Corpora
1287 1081 1430 1136 enim
1491 1082 1732 1150 graviter
1781 1091 2052 1151 aegrotan-

477 1175 552 1229 tia
595 1183 649 1227 et
679 1173 983 1243 putrefacta
1033 1173 1246 1230 lenibus
1280 1173 1695 1230 medicamentis
1741 1174 2053 1244 neutiquam

477 1264 836 1320 curabuntur:
870 1266 962 1320 sed
987 1265 1130 1321 ferro
1185 1272 1238 1319 et
1273 1266 1379 1334 igni
1412 1280 1548 1334 opus
1567 1275 1651 1319 est
1694 1265 1884 1334 magis.
1942 1264 2054 1332 .lta-

478 1370 585 1425 que
611 1357 862 1426 quoniam
897 1357 1090 1414 divinae
1115 1357 1540 1411 mansuetudinis
1589 1357 1902 1428 magnitudo
1959 1371 2055 1426 pa-

478 1465 598 1504 rum
626 1451 763 1520 apud
783 1450 1076 1515 Israelitas,
1098 1463 1166 1505 ne
1197 1449 1372 1505 dicam
1409 1447 1541 1503 nihil
1563 1449 2054 1517 onmino,proiecit.

477 1539 667 1596 feralis
698 1543 942 1612 quaedam
963 1543 1221 1598 atrocitas
1252 1545 1305 1598 in
1335 1559 1431 1601 eos
1454 1543 1780 1600 immittitur.
1811 1542 2057 1612 Seipsum

478 1645 609 1686 vero
638 1631 831 1687 bestiis
856 1631 1016 1700 longe
1045 1634 1346 1702 acerrimis,
1375 1643 1431 1688 et
1479 1633 1790 1698 voracibus,
1837 1647 2059 1703 magna-

477 1736 583 1792 que
603 1723 941 1776 immanitate
967 1724 1190 1792 perditis
1212 1733 1511 1794 comparat.
1537 1723 1652 1778 Non
1681 1724 1807 1794 quia
1867 1725 2052 1779 divina

478 1813 943 1882 etinexplicabilis
979 1821 1169 1868 natura
1220 1814 1353 1870 tales
1393 1815 1502 1870 iras
1533 1814 1697 1885 plane
1750 1813 2056 1884 concipiat,

480 1907 574 1960 sed
621 1905 748 1960 illud
811 1904 1037 1960 fortasse
1101 1917 1360 1976 praeterea
1422 1907 1598 1972 docet,
1637 1906 1894 1978 Assyrios
1949 1915 2057 1961 tam

480 1995 803 2067 implacabili
827 1996 912 2050 ira.
942 2011 1159 2064 usuros,
1193 1997 1644 2065 inhumanosquc,
1702 1997 1938 2054 immites
1979 1997 2059 2070 (et

481 2089 609 2160 quid
641 2103 744 2143 non
791 2087 1007 2146 tandem
1043 2087 1414 2161 huiusmodi?)
1461 2091 1824 2158 apparituros.
1874 2089 2057 2145 Videri

481 2187 658 2236 autem
709 2187 875 2248 queat
923 2177 1014 2233 Dei
1053 2195 1187 2249 opus
1213 2193 1356 2243 esse,
1413 2179 1680 2250 siquidem
1707 2179 1760 2234 id
1816 2180 2059 2249 permisit

459 2269 596 2338 .ipse
629 2277 738 2323 tam
785 2280 1024 2340 agrestes
1055 2279 1108 2325 et
1148 2269 1294 2327 feros
1365 2282 1681 2341 peceatores
1732 2274 1813 2328 ira
1865 2289 2062 2330 conve-

479 2359 648 2416 nienti
688 2375 1038 2430 persequens.
1065 2360 1340 2418 Inveniam
1372 2363 1534 2434 igitur
1557 2380 1651 2420 eos
1670 2376 1728 2420 ut
1761 2366 2050 2435 panthera,

481 2458 542 2505 ut
569 2451 822 2519 pardalis.
853 2451 1289 2522 Deportabuntur
1311 2457 1456 2510 enim
1518 2457 1571 2510 in
1607 2459 1907 2526 Assyriam.
1953 2458 2060 2513 Oc-

481 2555 696 2597 curram
721 2556 884 2612 porro
920 2544 1000 2598 eis
1021 2545 1181 2598 etiam
1216 2553 1276 2600 ut
1308 2561 1433 2602 ursa
1493 2548 1762 2615 indigens,
1790 2550 1895 2604 hoc
1955 2558 2060 2614 est,

483 2633 733 2689 esuriens
772 2633 930 2701 forte,
957 2645 1048 2690 aut
1075 2638 1250 2705 captis
1295 2639 1487 2694 catulis
1511 2641 1861 2696 vehementer
1893 2643 2064 2698 tristis

483 2732 538 2777 et
563 2723 844 2780 oberrans.
876 2726 1029 2781 Tunc
1063 2727 1204 2780 enim
1241 2730 1580 2797 potissimum
1632 2733 1771 2788 hanc
1831 2732 2059 2787 belluam

483 2812 664 2868 ferunt
689 2813 908 2870 insitum
943 2815 1182 2872 furorem
1213 2819 1388 2875 solere
1411 2829 1578 2876 totum
1615 2820 1909 2879 etTundere.
1949 2842 1968 2875 ι
1998 2823 2065 2876 Et

484 2905 784 2974 dirumpam
824 2908 1229 2964 conclusionem
1288 2912 1467 2966 cordis
1501 2927 1708 2967 eorum.
1747 2931 1766 2965 ι
1827 2914 2064 2969 Conclu-

487 2998 694 3052 sionem
720 2999 952 3067 appellat
989 3011 1254 3069 tutamen,
1295 3018 1387 3058 seu
1418 3006 1762 3074 praesidium:
1826 3015 2062 3060 tutamen

487 3098 666 3146 autem
687 3093 875 3148 cordis.
895 3101 978 3148 cst
1007 3095 1253 3158 audacia,
1283 3111 1445 3166 quam
1473 3097 1593 3166 quis
1626 3096 1817 3153 afferat
1873 3107 2062 3152 contra

488 3181 714 3249 hostes;
764 3197 868 3251 qua
901 3184 1136 3252 dirupta,
1178 3186 1386 3240 timoris
1456 3185 1685 3243 affectus
1739 3189 2062 3258 ingreditur,

488 3273 730 3326 utetiam
762 3273 895 3327 citra
929 3288 1158 3346 pugnam
1192 3277 1437 3332 hostibus
1471 3277 1754 3332 victoriam
1781 3279 2062 3337 concedat.

491 3360 681 3416 Simile
716 3363 875 3432 igitur
910 3373 1012 3429 est,
1038 3380 1100 3418 ac
1116 3366 1158 3419 si
1192 3366 1336 3420 dicat
1362 3365 1592 3421 fortasse
1619 3384 1633 3421 :
1662 3367 1740 3420 Ad
1771 3374 2069 3420 extremam

489 3465 583 3504 eos
613 3450 950 3506 timiditatem
987 3453 1222 3522 adigam,
1250 3454 1580 3508 adversariis
1611 3469 1794 3508 ursam
1821 3454 2069 3508 esurien-

494 3551 597 3598 tem
639 3552 693 3598 et
740 3545 936 3602 catulis
997 3547 1242 3599 orbatam
1295 3546 1652 3600 imitantibus.
1687 3546 1850 3613 Quod
1889 3557 2070 3601 autem

491 3633 653 3686 etiam
685 3635 1016 3705 captivitatis
1044 3635 1239 3690 irretiti
1272 3636 1518 3695 vinculis.
1542 3645 1596 3692 et
1637 3637 1688 3692 in
1723 3636 2070 3706 Assyriorum

493 3726 766 3793 regionem
822 3729 1059 3793 abducti,
1112 3727 1271 3798 185
1313 3730 1620 3799 neutiquam
1681 3745 1708 3782 a
1749 3731 1953 3784 scelere
1980 3731 2072 3784 dc-

494 3815 762 3885 clinaturi,
794 3819 890 3874 sed
943 3834 1038 3874 eos
1093 3823 1256 3876 etiam
1320 3821 1447 3876 illuc
1503 3823 1796 3892 pravitates
1827 3823 2068 3893 ipsorum

495 3909 648 3974 quasi
707 3918 971 3964 secutura!
1031 3911 1160 3975 sint,
1217 3913 1477 3978 ostendit,
1529 3928 1647 3966 cum
1699 3915 1891 3969 addit:
1955 3931 1974 3964 ι
2007 3913 2073 3968 Et

496 3995 836 4050 devorabunt
881 4013 977 4054 eos
1021 4000 1096 4055 ibi
1145 4001 1308 4055 catuli
1339 4002 1508 4069 silvae,
1543 4003 1729 4058 bestize
1763 4005 1875 4074 agri
1940 4005 2077 4057 dila-

498 4086 878 4145 uiahunteos.
917 4107 936 4141 ι
984 4092 1330 4162 Assyriorum
1354 4094 1496 4148 cutim
1521 4093 1702 4164 populi
1751 4093 2071 4149 intractabi-

498 4182 598 4246 les,
631 4181 823 4237 catulis
856 4183 908 4236 in
940 4183 1089 4240 silvis
1115 4184 1230 4240 sive
1273 4185 1516 4241 saltubus
1559 4194 1778 4256 propter
1805 4186 2074 4256 insignem

501 4273 768 4329 feritatem
793 4286 1201 4344 comparantur.

2153 626 2376 690 αὐτοὺς
2406 625 2534 678 ἐκεῖ
2559 627 2822 695 σκύμνοι
2871 624 3123 695 δρυμοῦ,
3162 627 3336 695 θηρία
3383 628 3569 697 ἀῃοοῦ
3617 630 3742 685 δια.

2155 717 2379 772 σπάσει
2412 717 2655 782 αὐτούς.

2224 809 2398 861 PNA’.
2452 808 2670 877 Ἐπειδὴ
2712 807 2820 880 γάρ
2847 807 2946 877 τῆς
2975 805 3230 878 εὐθηνίας
3260 809 3320 861 τὸ
3353 810 3555 874 πλάτος
3586 812 3742 881 γέγο-

2156 915 2246 952 νεν
2314 899 2496 960 αὐτοῖς
2570 897 2794 968 ὀλέθρου
2866 895 3157 968 πρόξενον,
3232 901 3326 953 καὶ
3401 901 3741 965 ἀποστασίας

2157 991 2400 1060 ἀφορμὴ,
2430 989 2602 1060 ταύτῃ
2630 1005 2709 1042 τοι
2737 989 2919 1042 λοιπὸν
2962 989 3019 1042 αί
3063 989 3270 1059 θλίψεις
3298 991 3617 1061 ἐπάγονται,
3650 993 3742 1046 καὶ

2157 1082 2434 1149 ἀναλόγως
2473 1082 2584 1144 τοῖς
2633 1081 3054 1151 ἀρρωστήμασι.
3091 1082 3173 1136 Τὰ
3205 1082 3314 1152 γάρ
3363 1101 3445 1137 τοι
3483 1084 3619 1138 πολὺ
3653 1102 3739 1137 νε-

2157 1173 2422 1244 νοσηκότα
2445 1171 2552 1225 τῶν
2583 1172 2872 1242 σωμάτων,
2899 1172 2994 1227 καὶ
3019 1173 3294 1244 σεσηπότα
3319 1174 3525 1239 λοιπὸν,
3550 1175 3741 1240 εἴξειεν

2157 1263 2407 1335 οὐδαμῶς
2454 1264 2641 1334 ὴπίοις
2691 1263 2787 1334 μὲν
2837 1263 2920 1317 ἔτι
2973 1264 3308 1334 φαρμάκοις.
3358 1267 3544 1319 Δέοιτο
3593 1268 3637 1319 δ’
3681 1267 3742 1320 ἂν

2161 1356 2360 1427 μᾶλλον
2400 1355 2496 1408 καὶ
2539 1355 2782 1426 σιδήρου,
2819 1355 2914 1409 καὶ
2957 1357 3152 1426 πυρός.
3201 1356 3410 1411 Οὐκοῦν
3447 1359 3763 1430 ἐπειδήπερ

2157 1447 2218 1498 τὸ
2241 1446 2340 1516 τῆς
2369 1445 2519 1508 Οείας
2545 1444 2884 1515 ἡμερότητος
2932 1444 3162 1514 μέγεθος
3193 1445 3404 1515 ὤνησεν
3433 1446 3591 1515 ὀλίγα
3619 1448 3745 1510 τοὺς

2159 1537 2220 1602 ἐξ
2261 1537 2477 1608 Ἰσραὴλ
2509 1535 2619 1607 (ἵνα
2655 1535 2730 1606 μὴ
2759 1535 2976 1606 λέγοιμι
3023 1536 3306 1600 παντελῶς
3345 1537 3520 1607 οὐδὲν)
3559 1537 3745 1609 θηριο-

2160 1628 2380 1700 πρεπὴς
2423 1629 2606 1691 αὐτοῖς
2635 1626 2896 1697 ἀγριότης
2924 1627 3209 1696 ἐπάγεται.
3255 1629 3482 1683 Ἑαυτὸν
3512 1629 3569 1682 δὲ
3602 1649 3744 1702 παρ-

2163 1720 2370 1784 εικάζει
2395 1721 2506 1783 τοῖς
2531 1719 2613 1773 ὃτι
2646 1719 2882 1790 μάλιστα
2910 1719 3020 1773 τῶν
3053 1719 3256 1794 θηρίων
3287 1721 3634 1785 δεινοτάτοις,
3654 1724 3746 1776 καὶ

2168 1811 2365 1884 βοροϊς.
2395 1812 2492 1868 καὶ
2521 1811 2657 1864 πολὺ
2687 1811 2804 1865 λίαν
2831 1811 3011 1883 ἔχουσι
3035 1812 3100 1872 τὸ
3129 1815 3208 1876 εἰς
3241 1813 3502 1885 ὠμότητα
3528 1813 3758 1885 βλέπον..

2095 1882 2138 1938 Β
2322 1903 2404 1957 ὃτι
2449 1902 2668 1967 πάντως
2715 1903 2749 1974 ἡ
2793 1882 2913 1957 θεία
2959 1921 3020 1957 τε
3069 1905 3165 1957 καὶ
3223 1882 3540 1975 ἀπόρρητος
3588 1905 3747 1975 φύσις

2166 1995 2363 2064 γένοιτ’
2398 1995 2465 2049 ἂν
2495 1995 2552 2048 ἐν
2583 1994 2864 2060 τοιαύταις
2888 1995 3100 2066 ὀργαῖς,
3133 1995 3248 2049 ἀλλ’
3275 1997 3454 2050 ἐκεῖνό
3482 2011 3584 2050 που
3613 1998 3749 2067 τάχα

2165 2083 2406 2137 διδάσκει
2438 2082 2620 2150 πάλιν,
2670 2085 2752 2137 ὅτι
2800 2085 3162 2156 κεχρῆσονται
3211 2083 3311 2156 μὲν
3363 2085 3411 2139 at
3474 2085 3750 2157 Ἀσσύριοι

2166 2177 2287 2238 ταῖς
2331 2173 2502 2238 οὕτως
2545 2175 2806 2246 ἀκράτοις
2852 2175 3065 2246 ὀργαῖς,
3107 2175 3466 2248 ἅπάνθρωποί
3517 2193 3601 2244 τε,
3655 2177 3754 2230 καὶ

2167 2265 2502 2336 ἀτεράμονες
2536 2265 2653 2335 (καὶ
2701 2265 2757 2319 τί
2794 2265 2901 2336 γὰρ
2933 2265 3055 2335 οὐχὶ
3097 2265 3206 2318 τῶν
3237 2268 3495 2320 τοιούτων
3514 2265 3554 2333 ;)
3592 2283 3752 2336 γεγο-

2169 2357 2317 2420 νότες
2349 2357 2668 2412 ἁλώσονται.
2709 2356 2888 2423 Δόξειε
2915 2358 2960 2411 δ’
2985 2357 3052 2411 ἂν
3091 2353 3229 2412 εἶναι
3259 2357 3394 2412 Θεοῦ
3431 2357 3494 2412 τὺ
3519 2359 3752 2429 πραττό-

2173 2465 2352 2520 μενον,
2390 2446 2511 2504 ἐπεί
2552 2467 2633 2504 τοι
2675 2450 2926 2518 γενέσθαι
2961 2449 3382 2522 συγκεχώρηκεν
3427 2451 3612 2518 αὐτὸς,
3643 2453 3754 2516 τοῖς

2169 2541 2340 2605 οὕτως
2364 2541 2573 2611 ἀγρίως
2605 2541 2955 2613 ἡμαρτηκόσι
2989 2542 3087 2614 τὴν
3115 2543 3296 2606 αὐτοῖς
3327 2558 3644 2613 πρέπουσαν
3665 2545 3752 2613 ὀρ-

2170 2635 2273 2704 γὴν
2299 2633 2547 2703 έπαφείς.
2583 2635 2812 2705 Εὑρήσω
2832 2634 3012 2688 τοίνυν
3050 2635 3268 2700 αὐτοὺς,
3293 2635 3368 2698 ὡς
3411 2634 3653 2704 πάνθηρ,
3680 2633 3753 2696 ὡς

2172 2725 2455 2795 πάρδαλις.
2518 2723 3074 2795 ’Λποκομισθήσονται
3125 2725 3236 2795 γὰρ
3284 2726 3366 2789 εἰς
3397 2725 3498 2796 τὴν
3561 2725 3752 2778 Ἀσσυ-

2175 2819 2323 2888 ρίων.
2372 2818 2782 2888 Ἀπαντήσομαι
2812 2817 2868 2870 δὲ
2907 2818 3092 2882 αὐτοῖς
3137 2818 3232 2873 καὶ
3261 2821 3339 2882 ὡς
3375 2818 3575 2890 ἄρκτος
3624 2819 3755 2872 ἀπο-

2175 2911 2432 2982 ρουμένη,
2485 2911 2782 2978 τουτέστιν,
2834 2913 2867 2981 ἡ
2903 2911 3140 2965 πεινῶσα
3192 2912 3376 2981 τυχὸν,
3433 2913 3465 2982 ἢ
3519 2911 3759 2966 ἀλύουσα

2177 3002 2400 3071 σφόδρα,
2421 3001 2530 3054 τῶν
2554 3000 2810 3072 σκύμνων
2830 3001 2922 3071 ὲξῃ
2933 3001 3200 3072 ρημένων.
3225 3001 3357 3054 Τότε
3386 3001 3493 3071 γὰρ
3516 3003 3761 3072 μάλιστά

2175 3109 2307 3163 φασι
2357 3091 2457 3161 τῆς
2503 3089 2748 3160 ἐμφύτου
2801 3090 2997 3160 μανίας
3055 3090 3134 3153 είς
3181 3089 3345 3161 ἀκρον
3391 3090 3649 3160 ἔρχεσθαι
3697 3091 3762 3144 τὸ

2175 3180 2382 3252 θηρίου.
2443 3197 2462 3230 ι
2519 3180 2633 3232 Καὶ
2687 3179 2962 3251 διαρῥήξω
3016 3180 3374 3250 συγκλεισμὺν
3423 3179 3677 3250 καρδίας.
3732 3199 3754 3231 ι

2171 3268 2542 3340 Συγκλεισμὺν
2572 3271 2630 3324 ἐν
2653 3271 2861 3333 τούτοις
2887 3269 2986 3340 τὴν
3019 3271 3316 3340 ἀσφάλειαν
3347 3270 3516 3340 λέγει.
3560 3270 3761 3339 ’Δσφάο

2169 3363 2286 3415 λεια
2319 3362 2374 3415 δὲ
2403 3363 2629 3432 καρδίας
2662 3363 2722 3416 τὸ
2751 3361 2969 3432 ϐάρεος,
2998 3364 3135 3434 ὅπερ
3164 3365 3230 3418 ἂν
3263 3363 3373 3433 ἔχοι
3403 3381 3486 3426 τις
3518 3363 3640 3416 κατ’
3667 3365 3755 3435 ἐχ·

2170 3452 2334 3522 Ορῶν.
2370 3449 2443 3508 Οῦ
2471 3453 2534 3526 δὴ
2560 3454 2652 3507 καὶ
2674 3452 3051 3524 ὃιερῤωγότος,
3084 3452 3152 3505 τὰ
3184 3454 3248 3506 ὲκ
3279 3453 3379 3524 τῆς
3411 3452 3608 3517 δειλίας
3639 3454 3747 3506 εἱσ-

2170 3545 2412 3615 κρίνεται
2462 3544 2631 3614 πάθη,
2679 3544 2755 3606 ὡς
2799 3544 2891 3596 καὶ⁵
2937 3542 3139 3613 ἀμαχεὶ
3179 3545 3292 3607 τοῖς
3345 3543 3560 3614 ἐχθροῖς
3606 3543 3754 3613 χαρί-

2174 3635 2369 3688 σασθαι
2417 3635 2477 3688 τὸ
2519 3637 2694 3706 νικᾷν.
2747 3636 2970 3705 Ὅμοιον
3017 3629 3108 3688 οὖν
3157 3633 3233 3697 ὼς
3269 3634 3419 3703 λέγοι
3463 3634 3646 3704 τυχὸν,
3665 3635 3754 3697 Et;

2177 3729 2410 3797 ἐσχάτην
2461 3726 2660 3790 αὐτοὺς
2703 3725 2941 3779 κατοίσω
2986 3725 3209 3792 δειλίαν,
3250 3726 3361 3778 τῶν
3405 3725 3473 3779 δι’
3512 3725 3757 3788 ἐναντίας

2177 3819 2432 3876 πεινῶντι
2470 3835 2552 3882 τε,
2595 3819 2690 3871 καὶ
2737 3818 3101 3888 ὴτεκνωμένῳ
3142 3818 3627 3888 παρεικασθέντων
3661 3816 3753 3886 θη-

2180 3911 2329 3982 ρίων,
2385 3910 2529 3980 φημὶ
2575 3909 2640 3980 δὴ
2689 3910 2755 3979 τῇ
2813 3909 3020 3978 ἄρκτῳ.
3068 3908 3192 3962 Ὅτι
3238 3908 3292 3962 δὲ
3341 3911 3435 3962 καὶ
3491 3910 3608 3972 τοῖς
3663 3908 3750 3976 τῆς

2177 4001 2556 4073 αἰχμαλωσίας
2610 4000 2886 4064 ὲναλόντες
2940 3999 3194 4071 δεσμοῖς,
3243 4000 3335 4054 καὶ
3385 4002 3466 4064 είς
3509 4001 3610 4072 τὴν
3654 4001 3755 4053 τῶν

2189 4094 2490 4164 ’Λσσυρίων
2527 4093 2958 4164 ἀπενηνεγμένοι
3007 4093 3211 4162 χώραν,
3248 4091 3505 4162 οὐδεμίαν
3545 4090 3755 4156 ’ἕξουσιν

2178 4185 2465 4239 ἀπόνευσιν
2500 4184 2607 4239 τῶν
2653 4184 2864 4249 κακῶν,
2917 4185 3010 4238 καὶ
3043 4185 3262 4254 ἕψονται
3325 4184 3518 4255 ὥσπερ
3577 4185 3766 4245 αὐτοῖςΔ

2177 4278 2400 4330 κάκεῖσε
2446 4277 2517 4330 τὰ
2576 4277 2845 4349 μοχθηρὰ,
2891 4277 3232 4350 παρέδειξεν,
3296 4276 3467 4330 εἰπών
3509 4291 3526 4306 ·
3581 4295 3602 4327 ι
3647 4276 3755 4329 Καὶ

498 4367 906 4436 καταφάγονται
947 4368 1144 4432 αὐτοὺς
1185 4369 1302 4422 ἐκεῖ
1369 4371 1598 4442 σκύμνοι
1636 4373 1863 4444 δρυμοῦ,
1906 4372 2068 4442 Θηρία
2109 4368 2276 4440 ἀγροῦ
2315 4369 2607 4423 διασπάσει
2666 4370 2883 4434 αὐτούς.
2930 4389 2950 4421 ι
3007 4370 3090 4423 Tit
3137 4369 3246 4440 γὰρ
3309 4368 3418 4422 τῶν
3455 4367 3754 4437 Ἀσσυρίων

497 4459 766 4514 ἀτιθασσα
796 4459 948 4530 γένη,
981 4460 1239 4530 σκύμνοις
1260 4465 1370 4525 τοῖς
1395 4466 1451 4516 ἐν
1479 4466 1703 4534 δρυμοῖς
1733 4466 2076 4535 παρεικάζει,
2104 4462 2238 4516 πολὺ
2279 4462 2570 4516 νενευκότα
2599 4461 2733 4532 πρὸς
2774 4462 2834 4514 τὸ
2866 4463 3158 4532 ἀνήμερον.
3704 4499 3711 4508 ρ

576 4551 736 4607 Vens.
776 4552 927 4608 9-H.
960 4552 1284 4621 Dispersioni
1310 4564 1434 4618 tum,
1465 4554 1655 4621 Israel,
1700 4558 1816 4626 quis
1849 4557 2064 4610 auxiliw

2257 4554 2340 4621 Τῇ
2369 4549 2667 4620 διασπορᾷ
2698 4567 2836 4617 σου,
2877 4554 3135 4622 Ἰσραὴλ,
3162 4555 3252 4618 τίς
3279 4549 3576 4620 ,ϐοηθήσει
3598 4565 3614 4613 ;
3639 4547 3761 4602 ,ποῦ

499 4642 683 4697 bitur?
705 4643 790 4694 ubi
818 4659 906 4696 rex
931 4652 1052 4697 tuus
1084 4644 1227 4697 iste?
1254 4644 1318 4697 Et
1351 4646 1507 4699 solvet
1527 4657 1572 4699 te
1603 4647 1655 4698 in
1707 4649 1943 4700 omnibus
1991 4665 2082 4702 ur-

501 4733 649 4788 bibus
674 4733 800 4786 tuis.
833 4733 1042 4788 Judicct
1065 4744 1112 4789 te
1132 4753 1281 4806 quem
1314 4739 1496 4792 dixisti
1522 4755 1538 4793 :
1560 4737 1639 4792 Da
1662 4741 1790 4792 mihi
1817 4749 1986 4810 regem
2033 4751 2080 4796 et

2180 4649 2213 4700 ό
2253 4645 2554 4709 βασιλεύς
2602 4657 2717 4698 σου
2769 4640 2984 4708 οὗτος;
3035 4643 3133 4697 καί
3182 4641 3536 4698 διασωσιίτω
3573 4654 3648 4692 σε
3687 4639 3762 4692 ἐν

2178 4738 2402 4803 πάσαις
2444 4736 2571 4802 ταῖς
2607 4737 2826 4791 πόλεσι
2854 4751 2991 4790 σου.
3026 4735 3294 4804 Κρινὰτω
3342 4747 3416 4787 σε
3461 4733 3534 4785 ὃν
3564 4728 3763 4796 εἴπας,

500 4827 808 4895 principem.
831 4823 901 4878 Et
949 4827 1070 4880 dedi
1088 4829 1180 4882 tibi
1210 4845 1379 4900 regem
1402 4832 1455 4884 iu
1483 4833 1562 4885 ira
1592 4849 1727 4897 mea,
1750 4843 1796 4886 et
1846 4834 2006 4888 habui
2028 4836 2061 4888 it

2174 4829 2284 4895 Δός
2307 4847 2409 4899 μοι
2459 4829 2726 4892 ,βασιλέα
2777 4817 2872 4881 καὶ
2921 4827 3202 4896 ἄρχοντα.
3255 4826 3362 4881 Kal
3418 4823 3613 4879 ἔδωκά
3662 4838 3774 4877 σοι

502 4914 682 4985 furore
702 4933 814 4973 meo
836 4921 1290 4989 congregationem
1317 4922 1631 4990 iniquitatis.

573 5092 731 5148 CLII.
758 5094 874 5149 Dixi
895 5095 1007 5166 jam
1031 5106 1083 5149 et
1111 5098 1269 5166 paulo
1298 5107 1445 5161 ante,
1491 5098 1770 5155 incusasse
1797 5101 1962 5155 Deum
2012 5103 2076 5154 ii-

505 5185 606 5241 lios
631 5187 813 5252 lsracl,
839 5189 963 5257 quia
1000 5190 1354 5246 nihilominus
1389 5193 1683 5246 humanum
1735 5193 1920 5263 jugum
1962 5211 2076 5247 ma-

508 5276 727 5343 luerint,
759 5281 929 5334 etsub
960 5279 1055 5336 Dei
1098 5296 1263 5350 regno
1300 5281 1483 5335 vivere
1513 5283 1825 5349 abnuerint,
1858 5286 2069 5338 tametsi

509 5381 672 5434 super
716 5383 846 5423 avos
886 5386 1098 5435 eorum,
1172 5371 1330 5440 idque
1383 5387 1478 5440 per
1521 5374 1813 5441 prophetas
1871 5385 2085 5430 sanctos

511 5459 866 5527 regnavisset.
900 5465 1042 5518 Dixit
1080 5465 1222 5520 enim
1273 5480 1469 5532 supra:
1531 5483 1548 5516 ι
1579 5463 1644 5518 Ει
1703 5466 1756 5519 in
1823 5467 2084 5535 propheta

508 5548 697 5603 eduxit
725 5550 982 5607 Dominus
1026 5555 1191 5609 lsracl
1224 5570 1286 5610 ex
1349 5557 1604 5628 A‘ngpto,
1636 5569 1690 5612 et
1719 5559 1770 5611 in
1825 5559 2085 5627 propheta

506 5651 754 5696 servatus
779 5651 860 5694 est
892 5643 953 5695 ”.
973 5664 991 5694 ι
1038 5646 1143 5699 Vos
1171 5657 1367 5712 autem,
1406 5650 1600 5718 inquit,
1631 5651 1730 5705 sub
1761 5651 1870 5706 Dco
1929 5667 2086 5721 agerc

585 5821 629 5852 ⁸³
660 5818 765 5876 Ose
806 5833 900 5882 stt,
947 5820 1034 5880 15.

2173 4921 2438 4987 ,ϐασιλέα
2470 4922 2538 4974 ἐν
2567 4920 2712 4990 ὀργῇ
2736 4939 2876 4989 μου,
2905 4920 3000 4973 καί
3034 4921 3224 4990 ἔσχον
3250 4920 3319 4973 ἐν
3347 4917 3428 4984 τῷ
3457 4915 3625 4987 θυμῷ
3642 4932 3770 4985 μου

2183 5010 2541 5079 συστροφὴν
2569 5010 2821 5075 ἀδικίας.

2254 5103 2423 5156 ΡΝΒ’.
2468 5103 2646 5172 Ἔφην
2681 5102 2782 5172 ἤδη
2813 5101 2906 5154 καὶ
2944 5101 3002 5153 έν
3031 5101 3142 5163 τοῖς
3171 5099 3428 5169 ἀνωτέρω
3456 5096 3652 5168 βραχὺ,
3680 5095 3778 5146 ὅτι

2186 5198 2478 5266 κατῃτιᾶτο
2501 5195 2630 5258 Θεὸς
2657 5196 2783 5258 τοὺς
2817 5193 2877 5258 ἐξ
2918 5194 3152 5265 Ἰσραὴλ,
3186 5195 3280 5246 καὶ
3323 5192 3434 5246 οὐδ’
3464 5192 3613 5252 ὅπως
3645 5189 3780 5240 ἐλο-

2185 5289 2375 5357 μένους
2423 5287 2484 5340 τδ
2531 5286 2891 5356 ἀνθρωπίνοις
2939 5285 3137 5354 μᾶλλον
3183 5282 3516 5353 ὑπεζεῦχθαι
3556 5281 3782 5348 ζυγοῖς,

2182 5380 2274 5432 καὶ
2303 5378 2600 5449 ἁνῄνασϐαι
2625 5377 2724 5446 τὴν
2749 5377 2840 5430 ὑπ’
2873 5377 3021 5448 αὑτῷ
3049 5375 3323 5446 βασιλείαν
3359 5375 3436 5444 τῷ
3469 5373 3611 5442 Θεῷ,
3641 5371 3786 5424 κοιί-

2182 5487 2261 5521 τοι
2304 5468 2748 5537 βεϐασιλευκότος
2781 5467 2887 5520 τῶν
2919 5469 3307 5539 ἀρχαιοτέρων,
3359 5467 3453 5519 καὶ
3503 5465 3591 5517 διά
3630 5481 3795 5534 προ-ο

2183 5561 2366 5629 φητῶν
2395 5561 2582 5628 ἁγίων.
2615 5561 2757 5630 Ἔφη
2795 5560 2922 5630 γὰρ,
2950 5561 3031 5612 ὅτι
3069 5577 3088 5610 ι
3125 5559 3234 5612 Καὶ
3267 5561 3323 5610 ὲν
3349 5558 3604 5629 προφήτῃ
3634 5556 3797 5626 ἀνή-

2185 5670 2319 5720 γαγε
2352 5652 2550 5721 Κύριος
2581 5655 2668 5706 τὸν
2724 5652 2938 5722 Ἰσραὴλ
2983 5651 3042 5716 ἐξ
3087 5649 3383 5720 Αἰγύπτου,
3414 5650 3510 5704 καὶ
3543 5649 3603 5702 ὲν
3632 5664 3799 5719 πρυ.
