4034 6270
425 310 524 366 3H

1424 313 1483 373 S.
1525 312 1803 371 CYRILLI
1840 312 2309 370 ALEXANDNNI
2349 313 2674 370 ARCHIEP.

3602 313 3716 370 312

427 425 685 496 imperari
751 441 857 484 non
904 427 1209 495 sustinens,
1261 428 1468 500 legatos
1509 429 1576 484 ad
1612 427 1784 498 Segor
1835 443 2013 497 regem

2141 428 2273 492 κείας
2302 427 2669 500 Σαλμανασάρ
2710 427 2960 499 βασιλεὺς
3001 427 3325 500 Ἀσσυρίων.
3379 445 3398 478 ι
3441 427 3554 482 Καὶ
3597 423 3754 497 ἐμὲ

428 514 674 589 Egypti,
716 519 783 574 ab
811 533 876 574 eo
899 521 1174 588 suppetias
1203 519 1425 590 petitum
1453 520 1621 576 misit.
1655 520 1728 574 Ea
1761 536 1819 575 re
1851 520 2016 576 oﬂ‘en-

430 623 525 664 sus
571 608 937 676 Salmanasar,
969 611 1269 666 Samariam
1321 619 1432 666 toto
1489 611 1720 666 triennio
1782 612 2012 667 obsedit.

432 698 636 754 Deinde
659 699 797 755 Osee
826 701 1004 756 vivum
1051 710 1266 773 captum
1311 702 1541 758 vinculis
1571 702 1847 770 astrinxit,
1877 713 1933 759 et
1961 704 2013 758 in

431 805 559 846 suos
582 791 785 848 retulit.
813 792 1064 848 lsraelem
1109 809 1324 864 quoque
1349 795 1400 848 in
1429 803 1679 848 montana
1727 793 2016 849 Persarum

434 890 489 935 et
514 881 790 938 Medorum
823 884 1126 954 demigrare
1155 885 1346 956 coegit.
1384 884 1607 940 Videtur
1629 885 1810 955 itaque
1841 901 2018 942 sermo

434 975 790 1044 propheticus
833 977 924 1031 hic
959 977 1113 1032 nobis
1152 977 1291 1032 Osee
1339 976 1504 1031 lilium
1549 978 1644 1032 Ela
1689 980 2016 1047 exprimere,

431 1081 594 1136 quem
628 1077 682 1128 et
708 1070 1024 1146 prudentem
1052 1073 1296 1125 nominat
1325 1089 1340 1136 ;
1371 1087 1474 1126 non
1508 1073 1634 1142 quia
1678 1088 1861 1128 revera
1893 1089 2019 1143 pru-

437 1157 569 1212 dens
589 1158 768 1226 l'uerit,
794 1163 887 1215 sed
905 1161 1076 1216 ironia
1095 1162 1325 1231 quadam
1344 1164 1536 1218 uti-tur.
1553 1162 1859 1219 Habebatur
1875 1164 2018 1218 enim

439 1251 508 1305 ab
525 1249 728 1307 lsraele
771 1268 869 1323 pro
897 1254 1016 1310 viro
1037 1255 1302 1323 prudente
1318 1264 1372 1309 et
1391 1256 1480 1333 qui
1506 1257 1876 1324 persapienter
1893 1271 2022 1311 con-

439 1345 717 1411 suluisset,
740 1361 862 1400 cum
898 1363 962 1403 ex
998 1347 1229 1418 Egypto
1261 1364 1413 1419 opem
1443 1365 1539 1418 pro
1570 1349 1700 1419 ipsis
1733 1349 2018 1417 petendam

441 1438 744 1492 censuisset
773 1439 916 1510 {sed
974 1426 1166 1492 frivo‘le
1203 1450 1257 1494 et
1310 1441 1569 1497 inutiliter
1623 1439 1820 1495 fecisse
1864 1447 2022 1508 atque

441 1523 780 1589 consuluisse
831 1527 1100 1601 apparuit.
1150 1528 1308 1598 187
1359 1527 1489 1594 Quis
1545 1543 1694 1598 ergo,
1741 1528 1934 1598 inquit,
1964 1536 2024 1595 te

443 1629 473 1668 a
514 1615 848 1685 gravissimis
889 1617 1290 1672 calamitatibus
1347 1617 1682 1688 perferendis
1727 1616 2025 1672 liberabit?

450 1722 469 1756 ι
504 1703 604 1767 Hic
639 1704 780 1758 illius
809 1714 931 1763 tuus
981 1704 1068 1762 ille
1107 1707 1364 1775 prudens,
1395 1708 1518 1776 quia
1583 1721 1688 1761 non
1737 1707 2024 1762 sustinebit

2123 519 2282 590 νήθη,
2337 520 2520 590 φησὶν,
2572 520 2733 592 Ὠσηὲ
2774 519 2922 591 αὐτῷ
2975 519 3179 583 δοῦλος.
3240 537 3260 571 ι
3323 517 3604 588 Ὤργίζετο
3657 519 3720 572 δὲ

2123 611 2242 665 λίαν
2294 614 2322 665 6
2383 611 2665 683 Ἀσσύριος
2715 615 2804 666 ἐπ’
2864 612 3014 684 αὐτῷ
3067 613 3136 666 δι’
3195 613 3377 666 αἰτίαν
3430 612 3720 688 τοιαύτην.

2127 703 2376 773 Ἔπεμψε
2426 703 2525 776 μὲν
2551 702 2659 776 γὰρ
2689 703 2827 774 πρὸς
2865 705 3028 758 αὑτὸν
3074 704 3362 774 ἀγγέλους,
3407 704 3572 757 αἰτῶν
3620 723 3724 775 μα·

2124 794 2247 856 ναὰ,
2268 794 2362 848 καὶ
2383 795 2452 847 τὰ
2473 793 2699 866 συνήθη.
2731 796 2791 848 '0
2811 795 2868 848 δέ
2891 794 3324 867 προστάττεσθαι
3349 796 3479 866 παρ’
3503 797 3726 850 ἐκείνου

2128 884 2203 954 μὴ
2231 884 2618 955 ἀνασχόμενος,
2650 885 3017 958 ἐπρεσϐεύετο
3061 887 3198 957 πρὸς
3245 887 3443 957 Σηγὼρ
3491 887 3722 957 βασιλέα

2124 974 2422 1042 Αἰγύπτου,
2475 977 2572 1046 τὴν
2633 979 2762 1046 παρ’
2801 977 2963 1031 αὐτοῦ
3019 977 3273 1049 βοήθειαν
3325 979 3514 1034 αἰτῶν.
3570 981 3722 1050 Πρὸς

2125 1068 2281 1121 τοῦτο
2303 1068 2674 1140 λελυπημένος
2699 1073 2726 1126 6
2758 1071 3145 1143 Σαλμανασὰρ,
3178 1072 3581 1143 πεπολιόρκηκε
3619 1075 3720 1144 μὲν

2125 1166 2222 1234 τὴν
2257 1163 2591 1232 Σαμάρειαν,
2619 1165 2704 1231 ἐφ’
2735 1164 2874 1227 ὅλοις
2913 1163 3058 1217 ἔτεσι
3099 1164 3298 1234 τρισίν.
3333 1161 3468 1217 Εἶτα
3499 1164 3722 1237 ζωγρή-

2129 1269 2227 1314 σας
2253 1252 2344 1304 τὸν
2385 1252 2564 1324 Ὠσηὲ,
2600 1251 2886 1322 δεσμώτην
2921 1251 3115 1318 ἐποίει,
3147 1252 3241 1306 καὶ
3275 1252 3625 1322 κατέγραφεν
3658 1255 3720 1307 ὲν

2126 1345 2384 1408 οἰκέταις.
2434 1344 2705 1414 ’Λπῴκισε
2751 1343 2809 1397 δὲ
2860 1345 2955 1397 καὶ
3003 1344 3096 1396 τὸν
3153 1343 3370 1416 Ἰσραὴλ
3411 1347 3469 1397 ἐν
3518 1345 3722 1415 ὀρείοις

2129 1437 2357 1514 Περσῶν
2403 1437 2496 1491 καὶ
2532 1437 2752 1507 Μήδων.
2785 1437 3002 1490 Ἔοικεν
3028 1432 3120 1491 οὖν
3151 1439 3180 1490 6
3225 1437 3566 1508 προφητικδς
3588 1438 3724 1507 ἡμῖν

2127 1529 2284 1598 λόγος
2339 1529 2496 1600 Ὠσηὲ
2542 1529 2634 1582 τὸν
2685 1527 2818 1582 Ἦλὰ
2852 1527 3260 1582 καταδεικνύειν
3301 1529 3359 1582 ὲν
3387 1527 3620 1590 τούτοις,
3658 1525 3722 1580 ὃν

2129 1623 2225 1682 καὶ
2265 1621 2531 1695 φρόνιμον
2575 1621 2861 1676 ἀποκαλεῖ.
2907 1621 3019 1692 Οὐχ
3062 1623 3142 1674 ὅτι
3198 1621 3422 1683 συνετὸς
3467 1615 3538 1690 ἦν
3578 1618 3722 1673 κατά

2128 1711 2412 1783 ἀλήθειαν,
2460 1711 2576 1766 ἀλλ’
2607 1712 2768 1766 οἱονεί
2807 1729 2926 1776 πως
2958 1701 3324 1783 εἰρωνεύεται.
3381 1710 3587 1764 Ἐδόκει
3625 1709 3726 1781 μὲν

445 1794 500 1848 in
538 1794 863 1852 contritione
895 1795 1182 1850 ﬁliorumJ
1209 1795 1344 1850 Dum
1375 1798 1520 1851 enim
1563 1796 1656 1851 ﬁlii
1693 1799 1786 1876 tui
1841 1808 2025 1852 conte-

2141 1803 2236 1875 γὰρ
2268 1803 2419 1881 παρὰ
2443 1803 2520 1874 τῷ
2565 1803 2780 1876 Ἰσραὴλ
2814 1803 3036 1866 συνετὸς
3081 1795 3218 1856 εἷναί
3245 1820 3351 1870 τις,
3381 1803 3476 1856 καὶ
3515 1802 3722 1873 σφόδρα

447 1894 660 1951 rentur,
683 1886 887 1958 inquit,
911 1901 1010 1942 nec
1037 1887 1153 1957 ipse
1199 1889 1476 1945 subsistet.
1509 1887 1784 1958 Capietur,
1813 1904 2030 1945 servus-

446 1991 554 2046 que
582 1986 636 2032 et
665 1979 912 2047 captivus
947 1993 1053 2032 una
1079 1994 1204 2034 cum
1253 1979 1377 2034 aliis
1421 1980 1486 2034 ad
1511 1979 1762 2051 Assyrios
1829 1982 2032 2051 migra—

445 2070 548 2125 bit.
576 2071 862 2140 Sapienter
893 2069 1074 2140 itaque
1115 2071 1206 2141 qui
1237 2072 1456 2140 psallit:
1497 2091 1515 2125 ι
1559 2069 1839 2129 Fortitudo
1889 2089 2029 2140 mea,

448 2173 506 2217 et
531 2161 648 2223 laus
681 2177 798 2222 mea
829 2161 1091 2219 Dominus
1116 2163 1312 2217 ’MAb
1341 2163 1458 2234 ipso
1476 2164 1619 2218 enim
1655 2164 1826 2219 virtus
1855 2165 2034 2220 omnis

447 2265 505 2317 et
561 2254 709 2316 salus
767 2255 980 2319 omnis,
1036 2265 1090 2311 et
1138 2265 1290 2312 extra
1353 2255 1528 2326 ipsum
1580 2270 1739 2311 nemo
1808 2263 1892 2311 est
1941 2255 2030 2325 qui

448 2346 688 2409 salvet-‘.

2133 1893 2312 1964 σοφῶς
2375 1893 2794 1964 βεδουλεῦσθαι,
2843 1892 2932 1946 διά
2980 1911 3063 1948 τοι
3131 1893 3192 1946 τὸ
3241 1891 3458 1946 ἑλέσθαι
3507 1891 3607 1962 τὴν
3663 1890 3728 1962 ἐξ

2130 1983 2410 2052 Αἰγύπτου
2443 1983 2628 2038 καλεῖν
2676 1983 2997 2055 ἐπικουρίαν
3042 1983 3244 2046 αὐτοῖς.
3289 1981 3428 2034 Ἀλλ’
3473 1981 3588 2051 ἥλω
3621 1979 3725 2049 ψυ-

2128 2076 2256 2148 χρά,
2298 2077 2392 2129 καὶ
2421 2076 2692 2148 άνώνητα,
2727 2077 2822 2134 καὶ
2861 2075 3086 2147 δράσας,
3127 2074 3222 2128 καὶ
3269 2073 3721 2145 βουλευσάμενος.

2129 2170 2226 2234 Τίς
2256 2168 2322 2241 δὴ
2363 2165 2455 2223 οὖν
2483 2171 2612 2242 ἄρα,
2647 2169 2834 2241 φησὶν,
2869 2167 3132 2234 ἐξελεῖταί
3179 2185 3239 2221 σε
3283 2167 3378 2220 τοῦ
3413 2165 3488 2237 μὴ
3531 2164 3726 2218 παθεῖν

2127 2260 2229 2325 τὰς
2267 2261 2599 2331 ἀνηκέστους
2625 2260 2945 2333 συμφορὰς;
2986 2280 3005 2312 ι
3034 2253 3202 2322 Οὗτος
3225 2261 3252 2312 6
3284 2259 3400 2320 υίός
3424 2274 3517 2310 σου
3543 2256 3727 2327 φρόνι-

2132 2369 2250 2422 μος,
2280 2353 2416 2407 διότι
2453 2354 2515 2407 οὐ
2542 2353 2620 2428 μὴ,
2652 2354 2860 2430 ύποστῇ
2897 2354 2954 2406 ἐν
2987 2351 3244 2423 συντριϐῇ
3287 2350 3515 2404 τέκνων.
3558 2367 3576 2399 ι
3604 2346 3726 2401 Τῶν

449 2439 559 2510 γὰρ
590 2439 702 2498 σῶν,
722 2442 926 2496 τέκνων
957 2439 1410 2510 συντριϐομένων,
1439 2439 1593 2516 φησὶ,
1631 2437 1740 2492 οὐδ’
1773 2437 1840 2492 ἂν
1899 2437 2061 2503 αὐτὸς
2094 2441 2384 2512 ὑποσταίη.
2417 2445 2769 2516 Ληερθήσεται
2828 2444 2937 2514 γὰρ
2967 2443 3155 2507 δοῦλός
3212 2459 3272 2495 τε
3314 2441 3411 2495 καὶ
3440 2439 3726 2510 αἰχμάλω-

449 2547 561 2593 τος,
609 2530 744 2601 ὁμοῦ
799 2534 912 2595 τοῖς
953 2531 1134 2594 ἄλλοις
1183 2530 1443 2601 βαδιεῖται
1494 2530 1630 2603 πρὸς
1692 2529 2030 2600 Ἀσσυρίους.
2072 2533 2242 2604 Σοφὸς
2307 2532 2400 2592 οὖν
2427 2538 2456 2590 6
2480 2535 2738 2601 Ψάλλων,
2775 2553 2794 2587 ι
2847 2519 3052 2610 Ἰσχύς’
3083 2550 3205 2604 μου,
3234 2532 3330 2586 ml.
3361 2530 3598 2604 ὕμνησίς
3621 2545 3724 2600 μου

450 2625 480 2678 6
504 2623 724 2695 Κύριος.
765 2643 784 2675 ι
817 2625 954 2694 Παρ’
992 2622 1156 2685 αὐτοῦ
1197 2622 1309 2703 γὰρ
1335 2623 1483 2675 πᾶσα
1510 2621 1739 2692 δύναμις
1780 2621 1876 2682 καὶ
1905 2624 2149 2700 σωτηρία
2169 2643 2181 2656 ·
2216 2628 2310 2681 καὶ
2340 2625 2528 2692 σώζων
2551 2628 2651 2682 οὐκ
2681 2630 2798 2686 ἔστι
2830 2626 3007 2698 πάρεξ
3035 2623 3219 2682 αὐτοῦ.

527 2713 686 2775 Vens.
729 2715 818 2769 Η.
874 2714 950 2768 De
995 2729 1154 2766 manu
1189 2713 1382 2782 inferni
1437 2712 1662 2766 liberabo
1713 2727 1823 2776 eos,
1875 2722 1922 2765 et
1973 2711 2038 2765 de

453 2815 619 2864 morte
667 2805 924 2864 redimam
968 2804 1110 2858 illos.
1161 2801 1262 2858 Ubi
1314 2805 1533 2863 uictoria
1570 2812 1680 2867 tua,
1723 2805 1902 2866 more?
1949 2803 2040 2857 ubi

455 2897 671 2958 aculeus
707 2905 852 2958 tuus,
879 2895 1083 2964 inferne
1103 2894 1130 2947 2’

528 2984 710 3040 CLIV.
760 2984 1054 3052 Postquam
1083 2996 1150 3036 ex
1183 2982 1263 3034 ira
1293 2979 1672 3050 peccatoribus
1693 2980 1906 3036 locutus
1933 2989 2038 3049 est,

457 3088 513 3132 et
555 3092 620 3132 ex
671 3075 857 3131 dolore
905 3089 1004 3129 suo
1055 3073 1164 3127 illis
1203 3081 1465 3128 eventura
1515 3072 1920 3141 praenuntiavit,
1974 3075 2040 3128 ad

461 3166 932 3225 mansuetudinem
967 3165 1076 3220 Deo
1121 3168 1375 3218 decoram
1407 3163 1719 3237 revertitur,
1754 3174 1810 3218 et
1843 3179 1902 3220 se
1937 3179 2040 3220 non

459 3261 773 3324 universum
818 3271 986 3329 genus
1030 3259 1324 3311 humanum
1384 3263 1716 3324 aversatum,
1761 3269 1935 3326 neque
1989 3256 2042 3310 in

459 3349 707 3410 exsilium
744 3346 1101 3404 irrevocabile
1145 3345 1641 3416 sempiternumque
1681 3346 1915 3411 misisse,
1948 3347 2042 3401 sed

460 3443 646 3496 datum
701 3439 781 3496 iri.
821 3437 1110 3507 aliquando
1151 3437 1364 3492 veniam
1419 3446 1473 3493 et
1524 3440 1924 3494 revocationem
1976 3441 2044 3496 ad

462 3543 697 3591 veterem
724 3540 922 3587 statum
951 3531 1004 3585 in
1046 3529 1284 3594 Christo,
1315 3529 1537 3596 indicat,
1581 3531 1786 3586 addens
1843 3532 2042 3587 libera-

460 3639 642 3688 turum
680 3639 738 3682 se
775 3623 841 3678 de
893 3637 1053 3676 manu
1105 3621 1263 3676 inferi
1301 3629 1358 3676 et
1408 3621 1474 3677 de
1509 3630 1683 3679 morte
1736 3624 2046 3698 redemptu-

464 3727 604 3776 rum,
633 3711 786 3774 haud.
807 3709 969 3772 dubie
995 3709 1170 3770 eidem
1201 3718 1424 3780 propter
1459 3721 1679 3781 peccata
1717 3711 1770 3769 in
1798 3711 2047 3768 Condito-

465 3821 578 3860 rem
615 3804 931 3869 commissa,
972 3811 1028 3858 et
1070 3814 1292 3873 propter
1329 3805 1810 3873 transgressionem
1852 3805 2044 3860 Adami

463 3914 493 3950 a
525 3895 789 3966 principio
835 3892 1127 3962 subjectos.
1163 3893 1329 3948 Facta
1385 3904 1468 3948 est
1513 3896 1657 3950 enim
1694 3905 1880 3964 postea
1923 3896 2046 3952 talis

463 3984 756 4054 promissio
783 3998 888 4038 non
915 3983 1088 4038 solum
1120 3982 1399 4052 Ephraim,
1432 3998 1524 4038 seu
1550 3985 1828 4054 progeniei
1855 3983 2043 4053 Israel,

464 4079 559 4133 sed
605 4075 927 4133 mortalibus
960 4075 1253 4131 universis.
1295 4074 1452 4142 Nam,
1497 4087 1556 4130 ut
1593 4077 1784 4133 scribit
1831 4077 2047 4137 divinus

466 4169 692 4235 Paulus,
745 4187 770 4224 ι,
794 4167 910 4223 Non
968 4165 1276 4222 Judaeorum
1325 4167 1465 4224 Deus
1521 4177 1766 4234 tantum,
1842 4167 1936 4223 sed
1993 4177 2048 4225 et

466 4263 732 4332 gentium.
765 4259 1097 4316 Justiﬁcavit
1130 4261 1274 4315 enim
1305 4259 1771 4317 circumcisionem
1804 4276 1868 4317 ex
1917 4259 2044 4325 fide,

2227 2720 2324 2773 Ἐκ
2354 2721 2554 2790 χειρὸς
2593 2719 2744 2786 ᾅδου
2782 2719 3047 2787 ῥύσομαι
3081 2715 3338 2780 αὐτοὺς,
3378 2712 3477 2769 καί
3517 2710 3588 2767 ἐκ
3625 2715 3729 2767 θα-

2142 2811 2328 2868 νάτου
2355 2811 2736 2882 λυτρώσομαι
2763 2810 3005 2875 αὐτούς.
3034 2808 3162 2863 Ποῦ
3206 2808 3244 2876 ἡ
3287 2807 3425 2874 δίκη
3466 2820 3604 2872 σου,
3635 2804 3732 2862 0d-

2142 2919 2323 2968 raz's;
2351 2904 2468 2958 ποῦ
2495 2902 2561 2957 τὸ
2584 2902 2836 2971 κέντρον
2867 2913 3006 2964 σου,
3039 2899 3194 2968 ᾷδη;

2215 2995 2386 3049 PNA'.
2409 2994 2490 3048 Τὰ
2528 2995 2593 3047 ἐκ
2627 2992 2801 3063 θυμοῦ
2830 2991 3071 3062 λαλήσας
3099 2993 3212 3052 τοῖς
3238 2985 3608 3059 ἡμαρτηκόσι,
3631 2985 3734 3040 καὶ

2143 3083 2212 3138 τὰ
2239 3086 2303 3138 ἐκ
2328 3084 2504 3154 λύπης
2534 3083 2770 3154 ἐσόμενα
2791 3079 3285 3154 προαπηγγελκώς,
3310 3077 3731 3147 ἀναπεφοίτηκε

2143 3176 2304 3232 πάλιν
2339 3177 2419 3240 είς
2449 3175 2724 3248 θεοπρεπῆ
2753 3191 2812 3227 τε
2841 3173 3181 3245 ἡμερότητα,
3237 3169 3331 3224 καὶ
3373 3169 3457 3222 ὅτι
3505 3167 3584 3238 μὴ
3613 3168 3730 3220 elob

2144 3263 2290 3319 ἁπαν
2345 3263 2407 3317 τὸ
2462 3263 2555 3317 ἐπὶ
2610 3262 2715 3332 γῆς
2771 3262 3154 3332 ἀπέστραπται
3200 3259 3378 3328 γένος,
3429 3259 3569 3329 μήτε
3620 3257 3728 3327 μὴν

2128 3357 2344 3428 ἀνῆκεν
2372 3356 2455 3418 εἰς
2483 3350 2834 3423 καταφθορὰν
2872 3349 3123 3420 ἀχάλινόν
3160 3365 3249 3412 τι,
3297 3348 3392 3409 καὶ
3434 3345 3723 3424 ἁτελεύτης

2142 3463 2255 3511 τον,
2294 3445 2410 3498 ἀλλ’
2446 3444 2602 3497 ἔσται
2648 3460 2730 3506 τις
2779 3441 2923 3494 κατὰ
2964 3439 3191 3511 καιροὺς
3221 3437 3409 3508 φειδὼ,
3459 3438 3555 3491 καὶ
3599 3437 3725 3491 dvi-

2145 3537 2337 3609 κλησις
2377 3538 2458 3600 είς
2491 3535 2552 3588 τὸ
2582 3535 2675 3587 ἀπ’
2708 3533 2885 3604 ἀρχῆς
2915 3534 2972 3586 ἐν
2999 3530 3220 3602 Χριστῷ
3241 3572 3254 3595 ,
3291 3529 3725 3600 καταμεμήνυκε

2145 3627 2477 3707 προστιθεὶς,
2514 3627 2589 3690 ὡς
2634 3625 2856 3698 ῥύσεται
2900 3624 2998 3696 μὲν
3032 3626 3096 3677 ἐκ
3131 3622 3314 3694 χειρὸς
3343 3621 3496 3693 ᾅδου,
3525 3620 3622 3674 καὶ
3661 3622 3725 3674 ἐκ

2145 3719 2376 3773 θανάτου
2407 3716 2759 3788 λυτρώσεται.
2809 3716 2979 3786 Δῆλον
3028 3714 3104 3779 δὲ,
3154 3713 3236 3766 ὅτι
3281 3712 3408 3775 τοὺς
3444 3712 3539 3764 ὑπ’
3567 3711 3728 3766 αὑτὸν

2147 3809 2459 3886 γεγονότας,
2498 3808 2585 3868 διὰ
2623 3808 2724 3880 τὴν
2762 3809 2842 3870 εἰς
2872 3805 3100 3878 ποιητὴν
3145 3800 3444 3876 ἁμαρτίαν,
3494 3805 3593 3857 καὶ
3635 3803 3726 3882 τὴν

2145 3905 2203 3957 ἐν
2246 3905 2442 3976 ἀρχαῖς
2487 3899 2581 3954 τοῦ
2617 3900 2790 3971 Ἀδὰμ
2841 3898 3176 3974 παράϐασιν.
3208 3895 3516 3966 Πεποίηται
3551 3895 3660 3966 γάρ
3696 3895 3722 3964 ᾗ

2145 3994 2324 4048 τοιάδε
2372 3992 2533 4052 πάλιν
2578 3991 2910 4062 ὑπόσχεσις,
2953 3990 3084 4058 οὐχ).⁴
3131 3987 3274 4058 μόνῳ
3322 3987 3403 4062 τῷ
3465 3985 3723 4056 Ἐφραῖμ,

2145 4085 2311 4158 ἦγουν
2337 4087 2451 4148 τοῖς
2488 4084 2548 4157 ἐξ
2577 4083 2805 4153 αἵματος
2844 4081 3083 4152 Ἰσραὴλ,
3113 4080 3284 4134 ἅπασι
3307 4077 3366 4132 δέ
3390 4077 3593 4149 μᾶλλον
3617 4079 3725 4140 τοῖς

2146 4178 2240 4230 ἐπὶ
2275 4177 2374 4248 τῆς
2412 4176 2534 4250 γῆς.
2584 4176 2672 4239 Ὠς
2706 4173 2815 4244 γὰρ
2849 4174 2880 4225 6
2925 4171 3211 4235 θεσπέσιος
3247 4171 3450 4240 γράφει
3493 4169 3722 4233 Παῦλος,

2153 4285 2176 4318 ι
2213 4269 2328 4322 Οὐκ
2383 4267 2651 4321 Ἰουδαίων
2703 4268 2731 4319 6
2771 4265 2905 4328 Θεὸς
2955 4264 3131 4336 μόνων
3155 4304 3170 4330 ,
3222 4262 3359 4316 ἀλλὰ
3403 4262 3494 4316 καὶ
3531 4259 3720 4313 ἐθνῶν.

467 4367 524 4414 et
557 4358 877 4427 praeputium
910 4368 1006 4423 per
1039 4352 1195 4407 ﬁdem
1219 4354 1294 4407 ’.ι
1327 4353 1576 4410 Redemit
1622 4363 1799 4410 autem
1842 4368 1942 4410 nos
1981 4353 2037 4407 de

2151 4357 2478 4411 Δεδικαίωκε
2528 4357 2636 4430 γὰρ
2689 4354 2991 4426 περιτομὴν
3031 4356 3096 4407 ἐκ
3128 4353 3384 4415 πίστεως,
3419 4348 3512 4403 καὶ
3551 4348 3721 4417 ἀκρο-

469 4465 633 4510 manu
691 4447 910 4513 inferni,
967 4445 1068 4500 hoc
1122 4449 1228 4510 est,
1280 4444 1345 4498 de
1404 4446 1692 4516 tyrannide
1731 4446 1941 4499 mortis.
1982 4444 2050 4498 Et

471 4541 668 4596 modus
702 4534 1109 4607 redemptionis,
1145 4532 1346 4588 Christi
1389 4549 1534 4589 mors
1567 4535 1924 4604 intelligitur.
1959 4533 2051 4588 Li-

472 4637 607 4690 hens
652 4631 800 4687 enim
849 4643 1036 4686 necem
1092 4627 1146 4681 in
1193 4625 1338 4696 ligno
1378 4640 1474 4697 pro
1529 4625 1683 4680 nobis
1721 4627 1963 4696 pertulit,
1998 4635 2054 4682 et

473 4725 809 4798 principatus
858 4734 922 4774 ac
977 4725 1291 4789 potestates,
1346 4716 1502 4779 afﬁxo
1556 4716 1630 4770 illi
1710 4728 1899 4773 contra
1957 4733 2055 4774 nos

474 4812 1222 4887 chirographo,triumphavit
1242 4811 1284 4865 ⁸.
1319 4809 1472 4866 Tunc
1501 4811 1666 4876 enim,
1698 4819 1823 4865 tunc
1852 4810 2049 4866 etiam:

481 4931 502 4964 ι
526 4909 716 4968 Omnis
761 4907 1017 4976 iniquitas
1057 4903 1316 4974 oppilavit
1361 4918 1424 4960 os
1468 4903 1664 4958 suum‘
1694 4921 1742 4969 ι,
1775 4912 1830 4959 et
1860 4905 2050 4960 mortis

479 5002 764 5073 imperium
804 5003 1030 5070 peccato
1069 4995 1282 5053 sublato
1324 4995 1660 5051 destructum
1687 4995 1828 5050 est".
1872 4995 2048 5065 Ipsum

477 5095 624 5156 enim
666 5101 749 5149 est
777 5091 969 5146 mortis
1004 5087 1252 5156 victoria,
1287 5097 1342 5143 et
1371 5085 1625 5143 stimulus
1669 5085 1864 5142 inferni
1887 5087 1928 5144 ⁸.
1958 5087 2051 5141 Sic

479 5183 624 5239 enim
655 5191 710 5237 et
735 5181 956 5251 sapiens
978 5177 1182 5235 Paulus
1219 5176 1377 5232 nobis
1401 5183 1486 5231 est
1512 5173 1920 5245 interpretatus.
1964 5176 2056 5230 Ait

483 5289 757 5344 namque:
792 5291 812 5324 ι
842 5271 1106 5330 Stimulus
1155 5269 1348 5325 mortis
1388 5275 1668 5338 peccatum
1713 5277 1830 5335 est;
1882 5267 2058 5323 virtus

483 5375 664 5421 autem
707 5364 916 5431 peccati
956 5362 1042 5418 lex
1063 5363 1108 5417 ⁷.
1138 5381 1158 5415 ι
1199 5360 1543 5431 Quapropter
1569 5359 1809 5414 omnium
1839 5369 2060 5428 peccato

484 5455 684 5520 deleto,
731 5461 789 5508 et
835 5467 934 5508 nos
979 5453 1100 5524 jure
1141 5453 1439 5509 dixerimus
1476 5466 1500 5512 ι,
1527 5467 1546 5502 ι
1578 5447 1678 5504 Ubi
1713 5459 1798 5505 est
1836 5450 2061 5505 victoria

2147 4449 2370 4503 δυστίαν
2399 4447 2488 4500 διὰ
2515 4447 2616 4517 τῆς
2655 4444 2910 4510 πίστεως.
2947 4463 2965 4495 ι
3008 4442 3359 4514 Λελύτρωται
3396 4440 3451 4493 δέ
3478 4437 3624 4509 ἡμᾶς
3663 4436 3730 4489 ἐκ

2148 4541 2330 4612 χειρὸς
2369 4539 2517 4610 ᾇδου,
2562 4537 2862 4600 τουτέστιν,
2912 4536 2976 4589 ἐκ
3023 4535 3122 4606 τῆς
3155 4533 3250 4588 τοῦ
3293 4531 3524 4586 θανάτου
3564 4544 3728 4582 κατα-

2149 4630 2492 4694 δυναστείας,
2523 4630 2616 4683 καὶ
2646 4630 2674 4681 6
2708 4629 2808 4699 τῆς
2838 4625 3159 4698 λυτρώσεως
3183 4624 3387 4703 τρόπος
3416 4623 3447 4674 ὁ
3490 4615 3728 4692 Χριστοῦ

2151 4723 2352 4773 νοεῖται
2389 4717 2636 4781 θάνατος.
2679 4717 2899 4787 Ἀνέτλη
2932 4716 2998 4784 γᾶ
3009 4728 3041 4787 ρ
3084 4713 3225 4767 ἑκὼν
3261 4713 3361 4784 τὴν
3393 4712 3537 4783 ὑπὲρ
3571 4706 3726 4780 ἡμῶν

2157 4812 2250 4864 ἐπὶ
2298 4809 2489 4881 ξύλους
2518 4809 2750 4883 σφαγὴν,
2792 4808 2887 4862 καὶ
2939 4805 3371 4878 τεθριάμϐευκεν
3423 4802 3602 4875 ἀρχὰς
3641 4800 3733 4854 καὶ

2158 4901 2425 4968 ἐξουσίας,
2477 4899 2834 4974 προσηλώσας
2878 4897 3025 4968 αὐτῷ
3069 4897 3129 4949 τὸ
3174 4895 3298 4950 καθ’
3343 4883 3503 4964 ἡμῶν
3561 4889 3736 4964 χειρό-

2157 5010 2387 5064 γράφον.
2412 4991 2545 5044 Τότε
2569 4992 2700 5062 γὰρ,
2732 4990 2855 5044 τότε
2879 4988 2972 5043 καὶ
3004 5006 3021 5039 ι
3053 4989 3208 5041 Πᾶσα
3245 4985 3342 5056 μὲν
3372 4985 3576 5054 ἀνομία
3597 4983 3654 5036 τὸ
3679 4983 3736 5049 ἐξ

2159 5086 2332 5157 αὐτῆς
2365 5083 2630 5156 ἐνέφραξε
2675 5083 2850 5153 στόμα
2870 5099 2882 5112 ·
2912 5101 2929 5135 ι
2966 5081 3314 5151 κατήργηται
3342 5077 3399 5130 δὲ
3430 5077 3529 5130 καὶ
3552 5076 3614 5128 τὸ
3643 5074 3738 5127 τοῦ

2154 5175 2385 5230 θανάτου
2434 5175 2654 5245 κράτος,
2707 5172 3050 5244 ἐξῃρημένης
3089 5169 3189 5239 τῆς
3238 5168 3550 5238 ἁμαρτίας·
3600 5164 3738 5236 αὓτη

2155 5266 2264 5336 γάρ
2299 5267 2448 5324 ἐστιν
2477 5267 2509 5337 ἡ
2543 5265 2639 5318 τοῦ
2673 5264 2903 5317 θανάτου
2943 5261 3067 5332 νίκη
3101 5299 3116 5325 ,
3155 5260 3250 5313 καὶ⁸
3283 5259 3344 5311 τὸ
3377 5259 3610 5329 κέντρον
3646 5256 3740 5310 τοῦ

2157 5358 2307 5430 ᾅδου.
2361 5358 2518 5412 Οὕτω
2557 5358 2651 5412 καὶ
2698 5357 2726 5408 6
2772 5355 2933 5423 σοῳδς
2967 5356 3098 5424 ἡμῖν
3132 5352 3448 5424 ἡρμήνευσε
3502 5349 3741 5413 Παῦλος.

2163 5451 2306 5520 Ἔφη
2338 5449 2466 5520 γὰρ,
2497 5450 2578 5502 ὅτι
2603 5448 2719 5506 τόδε
2773 5468 2791 5498 ι
2824 5446 3065 5516 Κέντρον
3107 5443 3202 5496 τοῦ
3247 5442 3482 5496 θανάτου
3516 5442 3668 5496 ἐστὶν
3706 5442 3742 5510 ἠ

553 5655 600 5688 ⁸⁸
641 5647 784 5707 Psal.
823 5659 992 5712 cxvu,
1032 5647 1120 5701 Η.
1198 5650 1215 5680 ¹
1256 5648 1355 5705 lsa.
1395 5662 1548 5709 me,
1592 5645 1683 5703 Η.
1757 5648 1778 5680 ⁹
1817 5646 1972 5702 Rom.
2010 5663 2037 5701 ll

2141 5646 2214 5701 50.
2291 5647 2312 5680 ³
2348 5645 2557 5702 Coloss.
2600 5660 2665 5712 tl,
2690 5644 2775 5711 η,
2820 5643 2906 5702 15.
2983 5641 3004 5674 ⁸
3034 5639 3174 5696 Psal.
3207 5652 3314 5706 CVI,
3348 5637 3445 5698 42,
3523 5639 3546 5671 ⁸
3576 5636 3741 5701 Uebr.

490 5742 550 5795 ιι.
592 5723 678 5787 Η.
751 5716 972 5772 'lCor.
1013 5731 1101 5781 xv,
1137 5717 1205 5771 55
1302 5718 1322 5749 τ
1358 5717 1490 5772 Ibid.
1528 5715 1616 5769 56.
