4034 6270
307 406 405 464 τιιὸ

1208 397 1758 458 COMMENTARIUS
1798 400 1866 457 IN
1905 387 2141 459 OSEA‘M
2179 400 2628 459 PROPHETAM.

3441 405 3556 463 διι

314 513 552 592 ἁμαρτία,
602 515 636 586 ἠ
684 513 745 568 δὲ
792 511 1025 585 δύναμις
1069 513 1169 585 τῆς
1223 513 1501 586 ἁμαρτίας
1617 515 1804 585 νόμος.
1849 535 1868 568 ι

1983 527 2092 579 tua,
2132 517 2322 574 mors?
2353 517 2441 573 ubi
2481 515 2738 572 stimulus
2768 521 2918 582 tuus,
2952 513 3204 572 inferne?
3235 515 3378 572 Deus
3409 517 3555 572 enim

317 610 504 667 υύκοῦν
559 607 660 679 τῆς
726 608 987 662 ἁπάντων
1044 607 1318 678 ἁμαρτίας
1395 608 1748 681 ἀνῃρημένης
1817 612 1876 663 ὲν

1983 609 2064 678 qui
2121 607 2400 677 justiﬁcat,
2443 610 2568 678 quis
2611 617 2696 664 est
2734 609 2826 677 qui
2877 609 3242 665 condemnet?
3296 608 3553 665 Christus
3657 599 3660 602 ’

319 701 530 778 Χριστῷ,
559 701 802 770 φαίημεν
825 699 892 752 ἂν
928 698 1157 762 εἰκότως
1186 699 1282 752 καὶ
1313 700 1474 770 ἡμεῖς
1510 699 1683 753 αὐτοί·
1721 720 1739 752 ι
1762 700 1872 754 Ποῦ

1983 697 2130 756 Iesus
2157 700 2248 769 qui
2284 709 2529 756 mortuus
2559 709 2640 756 est
2663 714 2761 770 pro
2793 702 2949 758 nobis
2966 703 3009 756 ⁸.
3042 722 3060 756 ι
3097 703 3210 758 lmo
3239 720 3258 755 ι
3290 703 3380 771 qui
3407 701 3554 778 dedit

323 793 484 864 ήνίκη
511 807 626 856 σου,
653 788 884 850 θάνατε;
926 786 1032 840 ποῦ
1073 787 1134 840 τὸ
1158 787 1384 860 κέντρον
1419 805 1535 853 σου,
1573 787 1708 859 ᾇδη;
1743 788 1875 853 Θεὸς

1983 791 2320 862 semetipsum
2366 791 2792 862 redemptionem
2843 807 2944 862 pro
2987 793 3296 860 omnibus',
3329 811 3350 845 ι
3416 806 3557 844 unus

321 883 416 954 γὰρ
445 881 680 946 δικαιῶν,
712 879 796 944 τίς
834 882 863 933 6
895 878 1278 949 κατακρίνων;
1312 880 1547 951 Χριστὸς
1596 879 1801 952 Ἰησοῦς
1846 882 1876 934 6

1983 881 2190 953 dignior
2226 884 2501 948 omnibus,
2528 898 2627 953 per
2672 899 2832 952 quem
2874 894 2930 940 et
2972 886 3024 940 in
3053 902 3162 956 quo
3196 885 3391 940 divites
3424 879 3557 936 facti

321 971 582 1028 ἀποθανὼν
625 971 760 1042 ὑπὲρ
804 970 985 1041 ἡμῶν,
1025 989 1044 1021 ›
1094 970 1298 1041 μᾶλλον
1345 971 1403 1025 δὲ
1459 991 1478 1023 ι
1508 973 1633 1035 δοὺς
1683 971 1874 1026 ἑαυτὸν

1983 973 2244 1039 sumus“,
2285 982 2344 1028 ut
2367 975 2433 1029 ad
2464 975 2924 1044 incorruptionem
2953 978 3258 1032 redeamus.

322 1064 613 1134 ἀντίλυτρον
666 1062 804 1133 ὑπὲρ
839 1062 1077 1128 πάντων,
1113 1080 1132 1113 ι
1167 1057 1252 1127 είς
1305 1065 1335 1117 6
1396 1063 1616 1118 πάντων
1675 1062 1991 1135 ἀξιώτερος,
2031 1066 2101 1120 δι’
2138 1060 2200 1120 οῦ
2237 1067 2334 1121 καὶ
2373 1068 2431 1122 έν
2473 1063 2519 1138 ᾦ
2561 1067 3052 1140 πεπλουτήκαμεν,
3082 1070 3153 1138 ,τὸ
3195 1070 3557 1142 άναφοιτῆσαι

322 1158 468 1213 πάλιν
499 1159 578 1220 είς
610 1156 937 1228 ἀφθαρσίαν.

376 1249 752 1318 Παρὰκλησις
813 1249 1144 1317 κέκρυπται
1209 1247 1276 1312 ἐξ
1350 1247 1673 1318 ὀφθαλμῶν
1730 1265 1870 1319 μου,

310 1333 648 1404 διότι-οὖτος
679 1337 990 1407 ἀναμέσον
1015 1334 1300 1406 ἀδελφῶν
1324 1335 1647 1392 distendet.

370 1431 534 1485 PNE’.
595 1429 1053 1501 Ἀναγνωσόμεθα
1076 1427 1172 1483 τοῦ
1201 1429 1566 1500 προκειμένου
1594 1431 1686 1484 τὸν
1725 1427 1877 1500 πρῶ-

303 1539 392 1577 τον
423 1523 606 1594 στίχον
633 1523 762 1576 κατ’
786 1520 1148 1593 έπερώτησιν,
1185 1522 1280 1575 καὶ
1305 1519 1669 1592 ὑποστιγμὴν,
1693 1519 1787 1573 καί
1822 1538 1877 1574 τι

304 1613 538 1667 τοιοῦτον
566 1616 706 1685 ἡμῖν
736 1611 1104 1684 ὑπεμφῄνειεν
1139 1611 1227 1678 ἂν,
1279 1611 1458 1681 ὀρθῶς
1484 1614 1626 1666 νοεῖν
1667 1612 1878 1683 ᾑρημέ-

2049 1243 2213 1315 188
2235 1243 2536 1300 Consolatio
2587 1243 2896 1299 abscondita
2942 1252 3020 1300 est
3069 1243 3136 1299 ab
3182 1245 3349 1302 oculis
3405 1251 3557 1321 meis,

1973 1337 2098 1405 quia
2131 1337 2215 1390 hic
2248 1336 2384 1389 inter
2409 1335 2602 1404 fratres
2643 1338 2936 1406 separabit.

2047 1427 2202 1485 CLV.
2251 1427 2423 1498 llujus
2463 1438 2754 1486 contextus
2800 1444 3019 1486 versum
3053 1429 3290 1501 primum
3334 1446 3430 1502 per
3471 1434 3558 1488 in-

1977 1518 2402 1588 terrogationem
2443 1526 2499 1573 et
2533 1517 3044 1611 subdistinctionem
3075 1518 3337 1588 legamus,
3365 1531 3418 1576 et
3449 1522 3556 1579 tale

1982 1609 2238 1679 quiddam
2267 1608 2425 1663 nobis
2451 1608 2765 1674 insinuabit,
2799 1610 2844 1665 si
2875 1621 3022 1665 recte
3051 1611 3354 1682 intelligere
3372 1615 3561 1671 volue-

303 1720 434 1768 νοις.
467 1702 940 1776 Κατηρῤώστησε,
972 1702 1159 1774 φησὶν,
1210 1703 1245 1773 ή
1271 1700 1562 1772 ἀνθρώπου
1590 1700 1774 1771 φύσις,
1814 1701 1878 1755 τὸ

1984 1700 2173 1754 rimus.
2204 1698 2479 1752 Infirmata
2509 1705 2616 1763 est,
2647 1697 2846 1768 inquit,
2871 1706 3064 1754 natura
3107 1700 3341 1757 humana
3369 1717 3562 1772 pecca-

304 1795 584 1859 πολυειδὲς
613 1798 696 1859 είς
720 1795 1012 1867 ἁμαρτίαν,
1041 1793 1134 1847 καὶ
1161 1792 1522 1848 ἀπονένευκεν
1547 1794 1610 1847 οὐ
1640 1793 1877 1866 μετρίως

303 1883 384 1948 είς
436 1886 497 1939 τὸ
539 1884 879 1956 πλημμελές.
925 1882 1110 1958 Ταύτῃ
1142 1900 1227 1937 τοι
1259 1883 1484 1948 δικαίως
1510 1883 1877 1955 κατεδικάσθη

303 1975 531 2046 θανάτῳ.
558 1971 693 2029 Εἶτα
714 1976 796 2040 τίς
826 1975 980 2031 ἔσται
1010 1976 1114 2046 τῆς
1144 1973 1462 2046 ἐπικουρίας
1489 1976 1516 2028 6
1535 1975 1738 2046 τρόπος
1763 1977 1878 2038 τοῖς

301 2067 458 2121 τοῦτο
489 2067 773 2133 παθοῦσιν,
805 2069 839 2140 ἢ
867 2069 1017 2132 ὅπως
1049 2068 1118 2123 ἂν
1159 2067 1545 2140 διακρούσαιτο
1573 2068 1634 2121 τὸ
1673 2067 1880 2139 συμϐε-

301 2159 489 2230 ϐηκὸς,
521 2161 687 2226 αὐτὸς
721 2161 833 2230 ἐγὼ
867 2161 1249 2232 διασκέψομαι,
1307 2161 1506 2232 μᾶλλον
1549 2159 1608 2215 δὲ
1646 2161 1746 2232 ἤδη
1783 2159 1879 2213 καὶ

299 2251 490 2320 ὁρίσας
516 2252 644 2324 έχω.
675 2253 747 2307 Ἦ
773 2249 887 2325 ἆρά
906 2267 990 2318 τις
1016 2253 1165 2306 ἐστὶν
1187 2255 1244 2306 ὲν
1265 2252 1416 2324 ὑμῖν,
1449 2252 1879 2325 φρενοσλασείας

297 2343 378 2405 τίς
415 2343 573 2397 τοῦτο
601 2345 919 2418 προσήκων,
945 2343 1022 2408 ώς
1049 2343 1258 2398 οἴεσθαί
1299 2362 1382 2412 τε,
1419 2347 1523 2400 καὶ
1555 2345 1760 2414 λέγειν,
1796 2344 1880 2398 ὅτι

298 2433 702 2506 παρακλήσεως
726 2437 822 2492 καὶ⁸
854 2435 1208 2508 παραμυθίας
1248 2437 1367 2490 ὲστί
1394 2453 1480 2502 τις
1503 2439 1725 2510 τρόπος,
1755 2437 1815 2493 ὃν
1849 2439 1880 2492 6

296 2522 444 2588 θεῖός
477 2543 536 2579 τε
563 2529 665 2581 καὶ
700 2527 980 2600 ἀκήρατος
1015 2528 1115 2598 οὐχ
1154 2525 1368 2598 ἑώρακε
1409 2529 1567 2596 νοῦς;
1599 2531 1734 2601 Εἰμὶ
1768 2530 1880 2604 γὰρ

294 2611 573 2688 τεχνίτης,
600 2617 829 2681 άναλκίς
855 2635 915 2672 τε
941 2617 1078 2690 προς
1111 2620 1286 2686 οὐδὲν,
1315 2620 1431 2674 ἀλλ’
1456 2617 1514 2676 εὖ
1535 2620 1653 2679 οἶδα
1675 2622 1879 2689 πάντα,

298 2705 406 2758 καὶ
463 2706 725 2779 ἀμελλητὶ
767 2709 1018 2781 κατορθῶ
1068 2709 1130 2762 τὺ
1177 2710 1390 2765 δοκοῦν.
1438 2712 1656 2779 Καίτοι,
1697 2714 1878 2785 φησὶν,

307 2814 328 2847 ι
362 2790 520 2859 οὗτος
561 2797 836 2867 άναμέσον
889 2799 1131 2868 ἀδελφῶν
1185 2801 1477 2857 διαστελεί.
1517 2821 1538 2855 ›
1586 2806 1883 2875 Προαπαγ-

297 2885 490 2955 γέλλει
524 2887 581 2942 δὲ
612 2889 702 2944 διὰ
727 2889 934 2944 τούτων
957 2891 1089 2962 ἡμῖν
1121 2893 1214 2948 τὸν
1259 2894 1467 2966 Κύριον
1495 2895 1654 2966 ήμῶν
1677 2899 1882 2968 Ἰησοῦν

1980 1802 2158 1846 torum
2183 1789 2522 1855 diversitate,
2570 1798 2628 1845 et
2666 1790 2734 1845 ad
2769 1789 3193 1862 delinquendum
3235 1807 3341 1848 non
3371 1793 3563 1849 leviter

1979 1882 2295 1939 declinavit.
2330 1880 2599 1948 Quocirca
2641 1890 2820 1937 morte
2859 1897 2966 1938 non
3003 1882 3278 1939 immerito
3305 1883 3561 1940 damnata

1978 1985 2082 2032 est.
2117 1975 2236 2030 Jam
2268 1989 2398 2030 vero
2420 1987 2654 2042 quanam
2686 1973 2897 2029 ratione
2928 1974 3010 2029 sic
3035 1972 3243 2030 aﬂ'ectis
3276 1989 3564 2031 succurra-

1980 2081 2090 2135 tur,
2135 2078 2231 2124 aut
2261 2068 2535 2139 quomodo
2578 2081 2736 2123 casus
2785 2067 2874 2122 hic
2921 2067 3246 2136 depellatur,
3299 2069 3418 2137 ipse
3459 2083 3565 2140 ego

1978 2164 2360 2221 considerabo.
2396 2162 2506 2217 Aut
2535 2170 2619 2217 est
2646 2161 2770 2232 quis
2805 2161 2947 2216 inter
2973 2176 3070 2217 vos
3101 2162 3236 2216 adeo
3265 2160 3562 2234 desipiens,

1979 2266 2042 2311 ut
2079 2254 2360 2321 existim-et
2408 2267 2475 2308 ac
2522 2252 2688 2318 dicat,
2723 2251 2955 2320 aliquem
3005 2251 3323 2306 consolandi
3371 2267 3438 2306 ac
3466 2253 3564 2308 de-

1979 2346 2256 2404 mulcendi
2304 2345 2523 2401 modum
2567 2359 2710 2409 esse,
2742 2358 2902 2414 quem
2932 2342 3112 2397 divina
3158 2350 3214 2398 et
3250 2342 3564 2412 incorrupta

1981 2455 2136 2496 mens
2164 2453 2274 2494 non
2301 2436 2534 2492 viderit?
2562 2434 2694 2490 Sum
2740 2434 2886 2489 enim
2917 2432 3137 2498 artifex,
3173 2445 3274 2488 nec
3299 2432 3367 2486 ad
3403 2432 3564 2502 quid-

1980 2545 2142 2600 quam
2171 2528 2513 2584 eﬁlciendum
2544 2523 2878 2589 imbecillus;
2906 2522 3002 2578 sed
3027 2521 3152 2577 novi
3187 2522 3366 2577 omnia
3401 2522 3563 2588 bene,

1980 2630 2037 2678 et
2064 2621 2184 2678 sine
2221 2635 2374 2678 mora
2410 2619 2555 2690 quod
2591 2618 2770 2690 placet
2796 2617 2898 2672 rite
2934 2625 3158 2686 praesto.
3190 2613 3326 2679 Etsi,
3364 2613 3562 2684 inquit,

1986 2731 2009 2765 s
2039 2712 2130 2767 hic
2174 2711 2316 2766 inter
2375 2709 2583 2763 fratres.
2625 2708 2925 2778 separabit.
2960 2724 2980 2758 ι
3036 2704 3367 2759 Praenuntiat
3408 2704 3565 2758 nobis

1981 2820 2079 2877 per
2110 2805 2226 2860 haec
2257 2802 2544 2857 Dominum
2589 2809 2832 2854 nostrum
2869 2795 3054 2854 Jesum
3101 2795 3401 2851 Christum.
3443 2793 3566 2864 Ipse

1983 2899 2128 2953 enim
2182 2904 2266 2952 est
2315 2893 2556 2949 omnium
2610 2890 2930 2956 consolatio,
2986 2889 3186 2944 modus
3231 2887 3564 2954 curationis;

290 2977 558 3046 Χριστόν.
585 2979 762 3044 Αὐτὸς
798 2981 908 3052 γάρ
940 2983 1088 3036 ἐστιν
1118 2985 1151 3055 ή
1185 2985 1404 3039 πάντων
1449 2987 1815 3060 παράκλησις,
1853 2989 1880 3042 6

1985 2988 2159 3058 ipsum
2223 2985 2513 3042 destinavit
2567 2982 2727 3038 Pater
2795 2990 2921 3036 ante
2975 2987 3220 3050 tempora
3279 2977 3566 3033 saecularia

286 3067 400 3138 τῆς
431 3067 733 3140 θεραπείας
752 3071 974 3142 τρόπος,
1004 3053 1168 3128 αὐτὸν
1187 3078 1496 3148 προώρισεν
1563 3053 1755 3150 Πατήρ
1776 3080 1880 3152 πρὸ

1985 3053 2323 3136 salvatorem
2360 3091 2425 3132 ac
2461 3073 2872 3143 Redemptorem
2905 3073 2958 3126 in
3009 3070 3200 3126 mortis
3240 3076 3566 3140 tempestate

283 3158 505 3230 χρόνων
536 3161 775 3216 αίωνίων
802 3163 1033 3236 Σωτῆρα
1064 3166 1158 3220 καὶ
1192 3168 1490 3239 Λυτρωτὴν
1526 3172 1640 3234 τοῖς
1665 3170 1746 3241 τῷ
1783 3171 1882 3225 θα-

281 3247 439 3318 νάτῳ
475 3249 936 3322 κεκρατημένοις.
982 3253 1158 3310 Αὐτὸν
1195 3255 1300 3328 ἔφη
1325 3256 1652 3312 διαστέλλειν
1680 3259 1886 3329 ἀναμέ-

281 3357 379 3394 σον
401 3339 682 3410 ἀδελφῶν.
711 3343 823 3396 Καὶ
848 3342 901 3400 τί
931 3344 994 3416 δή
1017 3344 1176 3399 τοῦτό
1209 3348 1400 3415 tactv;
1429 3348 1594 3404 αὑτοῦ
1632 3349 1883 3417 λέγοντος

279 3429 619 3502 ἀκηκόαμεν
672 3431 768 3485 τοῦ
831 3433 1050 3490 πάντων
1105 3435 1266 3506 ἡμῶν
1320 3437 1574 3509 Σωτῆρος
1621 3439 1878 3510 Χριστοῦ·

284 3541 302 3575 ι
332 3524 434 3596 Μὴ
463 3525 735 3596 νομίσητε
766 3525 849 3580 ὅτι
867 3522 1031 3599 ἦλθον
1055 3527 1240 3598 βαλεῖν
1268 3531 1492 3602 εἰρήνην
1518 3532 1612 3584 ἐπὶ
1635 3533 1737 3604 τὴν
1755 3535 1880 3604 γῆν.

1980 3167 2404 3226 versantibus“.
2464 3164 2642 3234 lpsum
2703 3165 2780 3218 ait
2835 3176 3092 3233 separare
3136 3162 3281 3216 inter
3336 3159 3558 3214 fratres.

1983 3263 2120 3331 Quid
2146 3263 2250 3316 hoc
2275 3259 2397 3314 est?
2429 3257 2602 3326 ipsum
2639 3255 2912 3310 dicentem
2953 3253 3258 3307 audivimus
3281 3248 3566 3307 Christum

1985 3353 2317 3407 Salvatorem
2350 3347 2594 3402 omnium
2625 3353 2891 3400 nostrum.
2940 3360 2958 3394 ι
2987 3341 3163 3397 Nolite
3203 3351 3396 3412 putare
3421 3355 3563 3411 quo-

1983 3441 2130 3497 niam
2184 3438 2304 3494 veni
2360 3438 2574 3492 mittere
2630 3449 2817 3504 pacem
2876 3433 2929 3488 in
3001 3443 3231 3496 terram;
3287 3445 3394 3486 non
3438 3428 3565 3486 veni

1982 3549 2171 3605 pacem
2210 3532 2449 3595 mittere,
2505 3528 2599 3584 sed
2641 3526 2898 3597 gladium.
2937 3524 3072 3580 Veni
3119 3524 3265 3579 enim
3306 3535 3566 3591 separare

275 3615 396 3670 Οὐκ
433 3613 614 3689 ἦλθον
654 3616 838 3688 βαλεῖν
869 3619 1297 3690 είρήνην,.άλλὰ
1346 3622 1645 3694 μάχαιραν.
1678 3621 1884 3678 τΗλθον

273 3709 390 3780 γὰρ
423 3709 663 3779 διχάσαι
699 3709 984 3782 ἄνθρωπον
1030 3713 1172 3766 κατὰ
1199 3713 1295 3768 τοῦ
1326 3715 1537 3787 πατρὸς
1563 3716 1754 3782 αὐτοῦ,
1787 3717 1885 3770 καὶ

273 3800 576 3872 θυγατέρα
603 3800 746 3858 κατὰ
772 3803 872 3872 τῆς
908 3803 1114 3876 μητρὸς
1142 3805 1330 3876 αὐτῆς,
1362 3808 1459 3860 καὶ
1487 3807 1709 3878 νύμφην
1745 3807 1884 3864 κατά

268 3897 376 3968 τῆς
423 3895 713 3966 πενθερᾶς
754 3895 959 3968 αὐτῆς,
994 3897 1090 3950 καὶ
1128 3897 1316 3968 ἐχθροὶ
1354 3899 1450 3952 τοῦ
1496 3899 1790 3970 ἀνθρώπου
1833 3900 1882 3953 oi

268 3986 568 4040 οίκειακο“ι
601 3985 788 4040 αὑτοῦ.
829 4005 850 4038 ι
880 3986 993 4041 Καὶ
1023 3988 1185 4043 πάλιν
1223 3989 1294 4043 τὰ
1330 3991 1567 4059 ἐσόμενα
1594 4007 1885 4060 προαπαγ-

266 4079 507 4147 γέλλων
553 4079 666 4141 τοῖς
703 4077 884 4146 ἁγίοις
930 4078 1199 4150 μαιθηταῖς
1221 4096 1234 4110 ·
1271 4097 1292 4131 ι
1323 4080 1664 4152 Παραδώσει,
1694 4083 1884 4152 φησὶν,

266 4171 533 4241 ἀδελφὸς
587 4170 819 4240 ἀδελφὸν
867 4173 948 4234 είς
998 4172 1260 4239 θάνατον,
1310 4175 1407 4228 καὶ
1447 4175 1885 4246 ἐπαναστήσεται

264 4262 489 4334 πατὴρ
525 4261 611 4330 ἐφ’
642 4261 812 4326 υἱούς.
865 4281 886 4315 ι
926 4264 1147 4335 Ἐπειδὴ
1195 4265 1306 4336 γὰρ
1351 4264 1450 4337 τὴν
1495 4264 1590 4318 τοῦ
1635 4265 1880 4322 διαϐόλου

1985 4281 2080 4323 eos
2114 4280 2212 4335 per
2238 4262 2580 4318 dilectionem
2617 4270 2745 4328 erga
2774 4270 2834 4311 se
2877 4253 2982 4310 sibi
3019 4251 3296 4318 astrinxit,
3343 4261 3404 4307 ut
3433 4265 3560 4307 cre-

265 4356 586 4428 καθῄρηκε
643 4355 932 4427 τυραννίδα
955 4397 970 4423 ,
1030 4358 1124 4411 καὶ
1167 4358 1279 4412 τῶν
1323 4359 1425 4429 τῆς
1467 4358 1880 4431 εἰδωλολατρίας

1987 4359 2178 4416 dentes
2205 4356 2368 4412 etiam
2418 4349 2722 4407 naturalem
2771 4360 3012 4403 amorem
3058 4344 3471 4415 posthaberent,
3504 4351 3562 4397 et

265 4448 536 4515 ἐξείλετο
603 4445 817 4518 βρόχων
862 4448 991 4512 τοὺς
1038 4448 1532 4521 πεπλανημένους,
1582 4452 1880 4522 κατέδησεν

1984 4451 2226 4514 fratres,
2283 4447 2508 4510 domos,
2557 4455 2727 4512 genus
2778 4452 2887 4496 non
2941 4442 3336 4508 agnoscerent,
3387 4441 3444 4488 et
3495 4434 3562 4486 ad

264 4539 468 4602 οὕτως
503 4538 638 4608 πρὸς
671 4540 892 4611 ἀγάπην
915 4540 1018 4610 τὴν
1045 4540 1182 4611 πρὸς
1226 4543 1439 4608 ἑαυτὸν,
1479 4543 1556 4607 ὡς
1586 4544 1683 4600 καὶ
1730 4562 1880 4613 φυσι-

1983 4543 2254 4598 Christum
2281 4546 2514 4592 vocatos
2535 4547 2655 4591 esse
2699 4532 2767 4588 ad
2810 4544 3082 4588 summam
3123 4524 3562 4592 animilaetitiam

264 4631 384 4702 κῆς
413 4629 686 4702 ἀλογῆσαι
719 4631 1110 4704 φιλοστοργίας
1137 4634 1264 4697 τοὺς
1298 4637 1755 4702 πεπιστευκότας,
1785 4637 1880 4690 καὶ

1983 4633 2270 4691 sulliceret.
2313 4630 2494 4697 Quare
2538 4636 2594 4684 et
2629 4626 2835 4696 ,beatus
2875 4621 3044 4678 David
3083 4621 3135 4676 in
3170 4631 3402 4690 persona
3453 4625 3562 4670 tam

264 4721 560 4790 ἀδελφοὺς
600 4721 928 4792 ἅνῄνασθαι,
981 4724 1079 4777 καὶ
1110 4725 1378 4798 πατέρας,
1411 4728 1503 4782 καὶ
1539 4730 1744 4792 οἴκους,
1786 4728 1880 4785 καὶ

1983 4727 2297 4799 praeclarum
2346 4723 2557 4779 facinus
2593 4731 2975 4791 aggressorum
3025 4713 3208 4785 psallit
3245 4708 3463 4773 alicubi,
3508 4714 3564 4760 et

260 4813 454 4884 γένη,
488 4812 585 4872 καὶ
618 4814 954 4886 ἀποχρήσειν
977 4815 1170 4880 αὐτοῖς
1215 4818 1298 4880 είς
1338 4817 1558 4872 ἃπασαν
1587 4819 1879 4890 εὐθυμίαν,

1983 4821 2199 4890 inquit:
2236 4838 2254 4871 ι
2283 4817 2446 4872 Pater
2482 4828 2634 4870 meus
2683 4821 2738 4867 et
2782 4818 2953 4864 mater
3001 4820 3122 4861 mea
3160 4801 3565 4871 dereliquerunt

262 4903 339 4956 τὸ
388 4901 840 4972 προσηκλῆσθαι
880 4902 958 4974 τῷ
985 4905 1228 4977 Χριστῷ.
1256 4906 1366 4966 Καὶ
1402 4906 1534 4975 γοῦν
1567 4909 1665 4961 καὶ
1703 4910 1732 4961 6
1774 4925 1880 4978 μα-

1986 4925 2106 4976 me;
2133 4908 2395 4964 Dominus
2423 4913 2600 4960 autem
2628 4899 2924 4970 assumpsit
2947 4910 3034 4951 me
3052 4895 3117 4948 “.
3150 4911 3170 4944 ι

262 4993 490 5065 κάριος
515 4992 701 5057 Δαὸὶδ,
734 4994 810 5058 ὡς
868 4997 932 5052 ὲκ
998 4997 1293 5068 προσώπου
1335 4998 1444 5052 τῶν
1506 4999 1666 5057 τοῦτο
1711 4999 2141 5071 κατορθωκότων
2169 4998 2374 5068 ψάλλει
2391 5013 2516 5062 που,
2553 4994 2647 5049 καί
2685 5007 2872 5064 φησιν,
2929 4989 3013 5043 ὃτι
3051 5004 3071 5039 ι
3112 4985 3173 5038 '0
3209 4981 3393 5053 πατήρ
3434 4995 3560 5051 μου,

260 5087 380 5143 καὶ
420 5085 610 5156 μήτηρ
656 5102 757 5155 μου
802 5087 1154 5156 ἐγκατέλιπόν
1182 5107 1270 5160 με,
1309 5091 1337 5142 6
1363 5090 1421 5144 δὲ
1450 5090 1656 5161 Κύριος
1699 5092 2067 5163 προσελάϐετό
2091 5109 2182 5163 με.
2214 5108 2235 5143 ι

1983 3625 2253 3680 hominem
2285 3621 2547 3676 adversus
2577 3627 2785 3688 patrem
2817 3631 2998 3682 suum,
3028 3623 3084 3669 et
3111 3614 3273 3667 ﬁliam
3304 3613 3566 3666 adversus

1983 3726 2213 3772 matrem
2249 3727 2429 3774 suam,
2468 3720 2524 3764 et
2557 3724 2756 3763 nurum
2799 3707 3058 3760 adversus
3103 3719 3321 3760 socrum
3369 3717 3561 3772 suam;

1983 3818 2039 3863 et
2067 3805 2273 3862 inimici
2325 3801 2562 3858 hominis
2600 3797 2885 3853 domestici
2925 3795 3124 3866 eius“.
3160 3813 3180 3847 ι
3224 3793 3291 3852 Et
3323 3809 3562 3859 rursum,

1983 3899 2166 3954 futura
2213 3893 2418 3949 sanctis
2444 3889 2725 3961 discipulis
2750 3884 3142 3957 przenuntians,
3169 3901 3190 3937 ι
3218 3884 3440 3950 Tradet,
3480 3883 3565 3938 ina

1984 3991 2123 4061 quit,
2172 3987 2346 4043 frater
2375 3984 2597 4040 fratrem
2645 3981 2698 4036 in
2740 3989 2991 4045 mortem,
3034 3987 3089 4032 et
3137 3978 3377 4048 insurget
3408 3984 3564 4046 pater

1984 4093 2174 4139 contra
2206 4079 2344 4135 filios
2366 4077 2429 4131 ¹⁸.
2463 4094 2483 4128 ι
2525 4074 2593 4132 Ut
2623 4073 2769 4128 enim
2808 4069 3006 4128 diaboli
3037 4069 3373 4140 tyrannidem
3407 4081 3564 4122 ever-

1984 4177 2074 4241 tit,
2114 4183 2171 4230 et
2219 4173 2473 4242 deceptos
2520 4165 2846 4222 idololatriae
2892 4161 3102 4231 laqueis
3149 4158 3444 4227 expedivit,
3485 4157 3566 4213 sic

361 5175 612 5240 Ἐπάξει
638 5176 921 5231 καύσωνα
939 5178 1163 5248 ἄνεμον
1189 5181 1406 5249 Κύριος
1425 5180 1494 5233 ἐκ
1516 5182 1626 5247 τῆς
1648 5180 1873 5250 ἐρήμου

259 5269 372 5324 ἐπ’
427 5268 636 5333 αὐτὸν,
695 5269 796 5323 καί
847 5269 1212 5339 ἀναξηρανεῐ
1251 5270 1359 5335 τὰς
1391 5269 1620 5338 φλέϐας
1666 5271 1875 5327 αὑτοῦ.

2053 5180 2216 5236 Vens.
2261 5179 2351 5234 15.
2398 5176 2636 5231 Adducet
2665 5183 2869 5230 uentum
2911 5178 3148 5226 urentem
3194 5165 3450 5220 Dominus
3497 5181 3563 5220 ea:

1976 5275 2178 5329 deserto
2235 5285 2394 5340 super
2451 5284 2610 5332 eum,
2667 5273 2718 5320 et
2769 5261 2984 5318 siccabit
3035 5273 3190 5312 venas
3245 5257 3388 5340 ejus;
3439 5254 3566 5324 Ipso

258 5359 488 5425 Αὐτὸς
520 5360 931 5429 καταξηρανεῖ
975 5362 1091 5430 τὴν
1123 5363 1241 5434 γῆν
1279 5360 1470 5417 αὐτοῦ
1491 5403 1505 5428 ,
1547 5363 1646 5417 καὶ
1679 5362 1880 5420 πάντα

1983 5364 2252 5420 exsiccabit
2289 5374 2485 5416 terram
2532 5360 2668 5428 ejus,
2701 5353 2864 5430 189
2885 5360 2935 5407 et
2977 5348 3156 5404 omnia
3189 5364 3316 5402 vasa
3357 5345 3561 5407 deside-

261 5452 349 5508 τὰ
379 5452 580 5518 σκεύη
621 5451 695 5504 τὰ
715 5451 1050 5522 ἐπιθυμητὰ
1081 5454 1293 5508 αὑτοῦ.

346 5542 559 5612 ΡΝςν.
593 5543 898 5617 Μεθίστησι
939 5545 1040 5617 μὲν
1073 5546 1168 5601 τὸν
1206 5547 1366 5615 λόγον
1405 5547 1491 5599 ἐπ’
1523 5545 1655 5600 αὐτὸ
1683 5545 1744 5600 τὸ
1777 5545 1873 5600 τοῦ

1978 5456 2171 5511 rabilia
2197 5454 2333 5522 ejus.

2048 5544 2224 5602 CLVI.
2283 5542 2603 5598 Sermonem
2667 5533 2733 5589 ad
2788 5533 2958 5604 ipsam
3014 5543 3300 5600 personam
3366 5527 3567 5582 mortis

349 5717 576 5792 illum.
607 5736 726 5786 vm,
754 5721 846 5792 33,
874 5722 966 5778 3L.
1040 5725 1062 5756 ’
1099 5723 1300 5792 Ephes.
1334 5737 1387 5786 v,
1427 5722 1482 5777 2.
1557 5722 1601 5755 "
1639 5721 1663 5777 Ι
1697 5723 1820 5780 Cor.
1855 5738 1871 5778 t

1983 5717 2140 5777 ,ιιιι
2170 5718 2311 5776 Tim.
2351 5730 2391 5780 ι,
2420 5712 2472 5767 9.
2557 5711 2600 5742 η
2635 5705 2823 5763 Matth.
2859 5704 3122 5774 ῃδιδθ.
3206 5694 3410 5752 "Ibid.
3463 5689 3564 5753 at.

264 5791 322 5828 “
359 5789 516 5851 Psal.
560 5805 708 5857 sxw,
749 5791 845 5852 10..
