4034 6270
500 391 603 449 515
1511 375 1570 434 S.
1613 372 1882 431 CYRILLI
1919 371 2074 430 ΑΒΕ]

2182 368 2390 426 iDRlNI
2430 324 2750 426 Αιῖοῐιιει).

3655 369 3762 426 διε

497 505 775 572 transfert,
804 513 1072 572 ventoque
1108 503 1290 554 austro
1329 501 1385 550 et
1413 492 1568 548 aestui
1605 491 1883 548 Christum
1921 505 2071 546 com-

2182 487 2408 542 θανάτου
2454 487 2770 557 πρόσωπον,
2813 483 3002 555 ἀνέμῳ
3055 483 3112 536 δὲ
3154 480 3315 553 νότῳ,
3376 480 3474 536 καὶ
3523 479 3767 536 καύσωνι

496 607 677 669 parat,
722 610 882 666 quem
913 603 966 648 et
1015 593 1083 647 de
1134 587 1426 645 solitudine
1463 585 1753 654 aliquando
1782 583 2073 638 adductum

496 691 566 746 iri
606 694 872 743 autumat.
925 681 1218 740 Sciendum
1266 693 1430 748 porro
1471 688 1597 734 ante
1647 676 1752 732 alia
1795 675 1949 742 illud,
1983 673 2076 730 Juv

497 782 751 836 decorum.
786 777 1062 848 regionem
1117 773 1367 842 proxime
1412 772 1476 826 ad
1523 777 1770 826 austrum
1816 767 1979 822 latam
2024 775 2079 821 et

495 874 820 928 immensam
874 868 1076 924 habere
1133 863 1503 920 solitudinem.
1556 859 1710 928 Quod
1763 859 1810 915 si
1859 857 2075 928 quando

498 973 693 1020 ventus
728 962 854 1018 inde
893 961 1126 1031 spiraret
1155 955 1551 1022 vehementius,
1595 953 1839 1023 impense
1868 959 2077 1006 metue-

498 1057 653 1123 bant,
688 1054 840 1124 quod
871 1051 1028 1110 tellus
1069 1051 1192 1118 inde
1240 1054 1605 1105 exaresceret.
1646 1041 1876 1102 Videtur
1911 1043 2075 1100 etiam

498 1145 794 1210 nonnullis,
852 1157 977 1197 eum
1036 1141 1181 1210 ipsas
1233 1152 1496 1208 aquarum
1541 1149 1710 1191 venas
1757 1135 1858 1189 sub
1917 1133 2077 1188 terris

499 1238 826 1306 astringere,
857 1243 910 1289 et
934 1231 1156 1288 violenti
1193 1239 1354 1299 atque
1384 1228 1538 1298 igniti
1564 1227 1724 1283 ﬂatus
1756 1225 2076 1296 impulsibus

497 1329 767 1384 inhibere.
815 1327 1001 1396 Itaque
1043 1339 1116 1380 ex
1153 1323 1298 1378 notis
1334 1332 1392 1378 et
1432 1323 1670 1390 expertis
1718 1322 1886 1376 verba
1920 1320 2072 1374 facit.

495 1420 777 1476 Christum
815 1417 980 1488 igituu
1018 1417 1277 1470 adversus
1321 1421 1554 1468 mortem
1601 1427 1724 1474 sese
1776 1411 2073 1478 illaturum,

495 1523 552 1568 et
601 1513 771 1566 instar
799 1511 942 1566 venti
986 1508 1192 1563 urentis
1224 1521 1415 1562 omnes
1461 1505 1639 1561 fontes
1666 1513 1722 1559 et
1758 1517 1927 1559 venas
1959 1503 2077 1572 ejus

495 1605 895 1660 exsiccaturum
927 1601 1239 1673 prophetica
1278 1601 1443 1655 verba
1473 1597 1631 1654 nobis
1658 1596 1919 1652 indicant.
1961 1595 2077 1651 Ma-

497 1702 594 1750 net-
628 1708 758 1764 ergo
795 1692 848 1747 in
889 1689 1250 1747 translatione
1293 1697 1347 1744 et
1377 1685 1838 1750 commodissime,
1873 1693 2078 1756 myste-

497 1789 751 1856 riumque
781 1783 848 1839 ab
876 1796 942 1839 eo
969 1781 1112 1855 quod
1136 1781 1456 1852 contingere
1481 1778 1783 1845 consuevit,
1813 1777 2074 1833 declarat.

2182 576 2508 649 παρεικάζει
2554 575 2812 648 Χριστὸν,
2853 574 2913 628 ὃν
2951 573 3048 629 καὶ
3079 575 3146 627 ὲκ
3172 575 3271 645 τῆς
3309 573 3541 645 ὲρήμου,
3578 572 3772 643 φησὶν,

2181 665 2574 738 ὲνεχθήσεσθαι
2629 664 2773 719 κατά
2810 663 3059 737 καιρούς.
3107 664 3231 735 Χρὴ
3272 663 3332 718 δὲ
3390 664 3615 729 εἰδέναι,
3674 665 3774 718 καὶ

2181 757 2289 828 πρό
2321 774 2384 827 γε
2409 755 2518 810 τῶν
2550 756 2749 824 ἄλλων,
2773 756 2971 823 έκεῖνο,
2991 756 3080 809 ὅτι
3105 756 3218 810 τῶν
3255 754 3525 810 Ἰουδαίων
3553 758 3588 827 ἠ
3613 755 3777 828 χώρα

2183 848 2446 904 πλατεῖαν
2507 850 2602 904 καὶ
2637 847 3025 920 ἀκατάληπτον
3070 847 3279 920 ἔρημον
3325 848 3460 919 ἔχει,
3507 848 3778 918 κειμένην

2181 940 2242 994 ὲν
2275 940 2464 1013 μέρεσι
2499 942 2613 1005 τοῖς
2642 940 3014 1004 νοτιωτάτοις·
3039 939 3144 995 κᾶν
3180 942 3231 996 εί
3262 941 3463 1013 συνέϐη
3511 941 3643 994 ποτὲ
3679 941 3778 996 τὸν

2182 1031 2392 1085 ἐκεῖθεν
2445 1031 2645 1103 ἄνεμον
2699 1030 3096 1102 κατενεχθῆναι
3139 1032 3441 1104 ραγδαίως,
3490 1033 3778 1106 περιδεεῖς

2181 1118 2321 1194 ἦσαν
2362 1125 2422 1177 ού
2457 1126 2714 1196 μετρίως,
2756 1127 3120 1197 ἀναινομένης
3148 1125 3250 1196 τῆς
3278 1125 3483 1198 χώρας.
3513 1127 3680 1180 Δοκεῖ
3716 1126 3776 1180 δέ

2183 1232 2293 1270 τισι
2339 1217 2434 1271 καὶ
2479 1216 2650 1280 αὐτὰς
2690 1219 2801 1272 τῶν
2851 1219 3062 1273 ὑδάτων
3105 1219 3205 1282 τὰς
3236 1220 3293 1271 ὲν
3332 1221 3400 1290 τῇ
3443 1220 3515 1288 γῇ
3565 1217 3776 1287 φλέϐας

2182 1309 2553 1381 ὀκνηροτέρας
2602 1311 2877 1367 ποιεῖσθαι
2920 1312 3021 1375 τάς
3054 1310 3338 1382 χορηγίας,
3392 1311 3489 1365 καὶ
3516 1314 3638 1376 ταῖς
3675 1311 3774 1367 τοῦ

2185 1402 2358 1474 βιαίου
2405 1404 2501 1456 καὶ
2544 1402 2829 1476 πυρώδους
2881 1403 3194 1475 πνεύματος
3239 1403 3576 1476 προσϐολαῖς
3639 1404 3775 1458 ἀνα-

2184 1495 2506 1552 κόπτεσθαι.
2551 1492 2762 1550 Οὐκοῦν
2807 1496 2869 1563 ἐξ
2905 1489 2980 1553 ὧν
3024 1497 3196 1560 ῖσασι,
3247 1496 3346 1550 καὶ
3381 1496 3767 1566 πεπείρανται,

2185 1590 2420 1643 ποιεῖται
2466 1589 2595 1652 τοὺς
2648 1588 2865 1659 λόγους.
2924 1587 3416 1661 Ἐπενεχθήσεσθαι
3459 1587 3525 1660 δὴ
3560 1585 3650 1641 οὖν
3687 1587 3766 1658 τῷ

2185 1681 2406 1752 θανάτῳ
2430 1681 2666 1753 Χριστὸν
2687 1684 2718 1736 ό
2736 1680 3080 1757 προφητικδς
3110 1683 3243 1753 ἡμῖν
3271 1679 3376 1752 ἔφη
3396 1679 3556 1748 λόγος
3579 1679 3772 1750 ἀνέμῳ

2185 1773 2432 1830 καύσωνι
2461 1774 2868 1847 παραπλήσιον,
2896 1773 2956 1838 ὃς
2985 1773 3165 1838 πάσας
3195 1772 3362 1828 αὑτοῦ
3409 1773 3511 1837 τὰς
3552 1772 3770 1842 πληγὰς

499 1878 684 1934 Venas
725 1893 888 1947 porro
936 1885 993 1932 et
1035 1874 1213 1930 fontes
1260 1873 1452 1928 mortis
1487 1870 1810 1941 perditionis
1859 1883 2074 1941 genera,

2187 1865 2402 1930 καὶτὰς
2427 1864 2633 1936 φλέϐας
2657 1866 3041 1938 καταξηρανεῖ.
3059 1864 3341 1938 Ἐπιμένει
3366 1860 3460 1922 οὖν
3477 1867 3546 1936 τῇ
3571 1866 3764 1937 τροπῇς

499 1971 616 2027 sive
646 1968 913 2041 malignas
945 1975 1000 2024 et
1029 1966 1374 2025 adversarias
1404 1964 1633 2022 virtutes
1671 1977 1794 2019 esse
1823 1962 2078 2018 dicimus.

498 2062 605 2119 Per
636 2077 730 2118 eas
761 2061 906 2117 enim
939 2074 1037 2116 ceu
1079 2073 1176 2127 per
1222 2071 1389 2112 venas
1429 2069 1644 2124 semper
1671 2053 1782 2110 suis
1823 2051 2081 2123 tempori-

497 2160 599 2210 bus
628 2153 965 2226 pereuntium
991 2151 1279 2208 multitudo
1306 2151 1353 2205 ei
1380 2147 1844 2204 subministratur.
1875 2144 2079 2200 Eodem

498 2260 665 2305 sensu
715 2263 842 2301 vasa
883 2245 1000 2314 ejus
1047 2242 1430 2300 desiderabilia
1475 2240 1728 2309 accipies.
1762 2238 1904 2294 Vasa
1936 2235 2080 2292 enim

496 2339 774 2411 perdentis
819 2336 1073 2392 mortales
1124 2350 1288 2402 super
1323 2345 1547 2399 terram,
1599 2339 1656 2388 et
1711 2330 1869 2386 morti
1915 2329 2082 2386 chara

497 2448 608 2487 non
659 2433 838 2500 inepte
875 2428 1000 2499 quis
1047 2437 1140 2482 aut
1179 2427 1443 2497 malignas
1488 2434 1544 2480 et
1577 2424 1880 2479 contrarias
1927 2422 2082 2477 nobis

497 2533 818 2594 potestates,
873 2532 967 2576 aut
1017 2529 1165 2575 certe
1218 2518 1416 2589 impios
1483 2515 1745 2586 quosdam
1807 2514 2079 2578 homines,

498 2615 759 2672 daemonis
811 2611 1154 2683 pervcrsitati
1215 2611 1541 2676 servientes,
1585 2615 1642 2664 et
1685 2617 1876 2663 secum
1943 2604 2081 2659 alios

500 2709 790 2778 perdentes
825 2705 1198 2774 appellaverit.
1227 2701 1361 2758 Cum
1396 2701 1690 2772 Spiraverit
1718 2713 1852 2768 ergo
1881 2707 2078 2752 ventus

498 2814 684 2864 urens,
752 2798 947 2868 inquit,
1000 2805 1108 2851 tota
1165 2804 1311 2850 terra
1363 2792 1555 2848 mortis
1621 2799 1848 2846 arescet.
1896 2787 2082 2857 Oratio

499 2907 713 2947 rursum
771 2890 1086 2960 metaphora
1135 2893 1375 2950 constat,
1424 2894 1485 2938 ut
1535 2883 1582 2938 si
1634 2884 1782 2938 dicat
1825 2883 2079 2947 fortasse,

503 2985 646 3040 Mors
667 2983 822 3052 quasi
853 2982 1036 3037 locum
1064 2978 1350 3033 herbidum
1379 2976 1630 3031 homines
1657 2973 2078 3043 depascebatur;

498 3078 592 3131 sed
637 3081 853 3129 arescet
896 3073 1050 3127 locus
1077 3069 1190 3134 ille,
1221 3081 1324 3123 nec
1355 3081 1503 3123 mors
1527 3065 1784 3134 pabulum
1821 3064 2077 3119 inveniet.

2183 1957 2278 2010 καὶ
2319 1956 2556 2028 μάλιστα
2611 1956 2810 2029 ὀρθῶς,
2842 1958 2938 2013 καὶ
2972 1958 3048 2022 ὡς
3079 1958 3189 2014 ἀπό
3217 1976 3283 2029 γε
3323 1957 3424 2014 τοῦ,
3452 1957 3769 2030 συμϐαίνειν

2185 2049 2462 2113 εἰωθότος,
2503 2047 2603 2120 τὴν
2632 2048 2730 2104 τοῦ
2757 2050 3063 2124 μυστηρίου
3091 2054 3328 2108 ποιεῖται
3354 2050 3618 2122 δήλωσιν.
3639 2048 3768 2104 Φλέ-

2186 2141 2285 2205 ϐας
2313 2140 2391 2207 δὲ,
2423 2141 2518 2197 καὶ
2555 2142 2741 2213 πηγὰς
2783 2142 2881 2198 τοῦ
2910 2144 3164 2211 θανάτου,
3203 2145 3329 2208 τοὺς
3352 2145 3450 2215 τῆς
3491 2143 3772 2206 ἀπωλείας

2184 2234 2420 2304 τρόπους
2459 2231 2604 2290 εἶναί
2633 2253 2837 2308 φαμεν,
2869 2238 2986 2308 ἦτοι
3030 2238 3128 2302 τὰς
3173 2237 3438 2310 πονηρὰς,
3487 2239 3581 2293 καὶ
3621 2241 3773 2294 ἀντι-

2183 2329 2446 2398 κειμένας
2490 2329 2772 2401 δυνάμεις.
2820 2332 2898 2385 Δι’
2941 2330 3122 2385 αὐτῶν
3167 2328 3277 2402 γὰρ
3306 2330 3491 2399 ὥσπερ
3525 2328 3625 2398 τὴν
3660 2327 3772 2381 τῶν

2184 2418 2274 2474 ἀεὶ
2311 2421 2457 2474 κατά
2483 2421 2712 2492 καιροὺς
2756 2421 3150 2492 ἀπολλυμένων
3182 2422 3501 2494 χορηγεῐται
3534 2416 3766 2490 πληθύν.

2184 2510 2370 2576 Οὕτως
2396 2514 2620 2584 νοήσεις
2657 2513 2850 2568 καὶτὰ
2882 2513 3052 2586 σκεύη
3105 2513 3176 2568 τὰ
3223 2511 3542 2584 ἐπιθυμητὰ
3578 2509 3761 2565 αὐτοῦ.

2185 2604 2367 2675 Σκεύη
2405 2605 2513 2676 γὰρ
2545 2605 2885 2660 ἀπολλύοντα
2907 2608 3033 2671 τοὺς
3067 2607 3164 2661 ἐπὶ
3187 2607 3286 2678 τῆς
3311 2607 3435 2677 γῆς,
3468 2604 3659 2675 καὶτῷ
3681 2604 3766 2657 θα-

2185 2697 2334 2767 νάτῳ
2365 2698 2524 2768 τίμια
2551 2699 2685 2770 φαίη
2722 2716 2806 2764 τις
2829 2699 2895 2754 ἂν
2922 2700 3171 2766 εἰκότως,
3203 2700 3236 2770 ἢ
3266 2700 3366 2763 τὰς
3393 2699 3769 2772 πονηρὰς,κα“ι

2185 2788 2568 2860 ἀντικειμένας
2587 2791 2871 2862 δυνάμεις,
2901 2792 3069 2864 ήγουν
3089 2792 3340 2856 ἀνοσίους
3368 2791 3524 2855 τινὰς
3545 2791 3656 2844 τῶν
3680 2790 3770 2845 ἐπὶ

2184 2880 2318 2950 γῆς,
2346 2881 2448 2952 τῆς
2475 2881 2686 2937 ἐκείνου
2716 2883 3045 2956 δυστροπίας
3073 2883 3444 2956 θεραπευτὰς,
3473 2884 3572 2938 καὶ
3606 2901 3770 2956 προσ.

2186 2973 2524 3040 απολλύντας
2549 2978 2764 3041 ἑαυτοῖς
2791 2977 3034 3048 ἑτέρους.
3072 2977 3415 3040 Πνεύσαντος
3447 2976 3516 3047 δὴ
3553 2973 3649 3031 οὖν
3680 2976 3772 3030 τοῦ

2183 3067 2487 3132 καύσωνος,
2523 3069 2731 3133 ἅπασα,
2767 3071 2955 3140 φησὶν,
3005 3071 3038 3142 ή
3090 3069 3185 3124 τσῦ
3234 3069 3468 3124 θανάτου
3501 3067 3771 3140 ξηρανθή-

500 3166 723 3222 Sublata
749 3165 893 3218 enim
921 3172 1003 3218 est
1035 3177 1204 3228 mors,
1231 3160 1321 3216 ubi
1354 3158 1605 3216 Christus
1629 3157 1796 3212 vitam
1825 3157 2074 3213 omnibus

2187 3177 2340 3214 σεται
2378 3161 2471 3231 γῆ.
2506 3161 2813 3232 Πεποίηται
2854 3161 2911 3216 δὲ
2954 3163 3117 3218 πάλιν
3155 3161 3232 3226 ὡς
3269 3163 3334 3215 ὲκ
3378 3163 3700 3232 μεταφορᾶς
3745 3163 3772 3215 ό

501 3257 801 3326 proposuit,
830 3263 883 3310 et
906 3253 1373 3308 immortalitatem
1411 3248 1653 3305 revocari
1682 3248 1946 3317 permisit.

2182 3250 2359 3319 λόγος.
2391 3221 2624 3322 ι’ὸμοιον
2662 3221 2795 3325 γάρ,
2843 3255 2921 3318 ὡς
2970 3256 3020 3309 ει
3053 3255 3149 3308 καὶ
3195 3221 3351 3324 λέγοι
3378 3221 3768 3324 Emi-us:-

495 3346 754 3403 εϐόσκετο
797 3347 894 3416 μὲν
932 3345 1123 3416 ὥσπερ
1153 3365 1207 3399 τι
1256 3343 1454 3416 χωρίον
1485 3345 1515 3397 ὁ
1562 3343 1797 3405 θάνατος
1825 3341 1954 3406 τοὺς
2020 3342 2114 3396 ἐπὶ
2151 3343 2252 3415 τῆς
2293 3345 2419 3414 γῆς,
2463 3347 2580 3401 ἀλλ’
2627 3346 2782 3402 ἔσται
2854 3347 3042 3420 ξηρὸν,
3093 3348 3191 3419 οὐχ
3239 3347 3463 3420 εὑρήσει
3506 3347 3677 3418 νομὴν
3729 3347 3760 3398 ό

497 3447 748 3508 θάνατος.
801 3443 1096 3515 Ἀνῄρηται
1129 3443 1239 3514 γὰρ
1280 3445 1314 3514 ἡ
1378 3441 1554 3512 φθορὰ
1618 3439 1913 3512 προθέντος
1951 3439 2125 3496 ᾇπασι
2189 3441 2286 3497 τοῦ
2337 3440 2578 3515 Χριστοῦ
2623 3442 2722 3515 τὴν
2756 3443 2924 3514 ζωὴν,
2977 3445 3070 3499 καὶ
3111 3443 3506 3517 παλινάγρετον
3542 3441 3760 3513 ἐφέντος

496 3541 771 3597 ποιεῖσθαι
802 3540 904 3613 τὴν
939 3538 1272 3610 ἀφθαρσίαν.

565 3725 732 3781 Vens.
768 3725 818 3779 I.
858 3631 1509 3793 Ditperdeggpéaftlavria,
1556 3721 1681 3792 quia
1714 3721 1908 3776 restitit
1949 3737 2077 3776 con-

495 3827 578 3870 tra
615 3815 784 3870 Deum
824 3831 1000 3869 suum.
1046 3813 1114 3868 In
1141 3813 1319 3883 gladio
1354 3814 1539 3867 cadent
1571 3814 1692 3882 ipsi,
1737 3823 1784 3868 et
1824 3816 2077 3870 lactentes

494 3923 675 3962 eorum
713 3907 991 3972 elidentur,
1025 3915 1073 3959 et
1103 3907 1157 3959 in
1186 3915 1331 3959 utero
1365 3905 1610 3959 habentes
1635 3922 1818 3960 eorum
1843 3889 2075 3962 disrari;-

492 4004 614 4067 pem
622 4011 705 4050 ur.

564 4087 765 4147 CLVII.
812 4085 1279 4158 Opportunissime
1326 4085 1478 4141 linito
1511 4100 1762 4142 sermone
1807 4087 1874 4142 de
1915 4088 2077 4144 Chri-

494 4190 601 4248 sto,
645 4191 698 4236 et
733 4180 1058 4250 universalis
1089 4179 1485 4249 redemptionis
1531 4178 1793 4250 mysterio
1832 4194 2077 4250 praenun-

494 4275 664 4338 tiato,
723 4274 913 4328 beatus
968 4274 1231 4343 pr0phcta
1281 4287 1469 4326 rursus
1519 4287 1705 4328 eorum
1755 4274 1848 4342 qui
1909 4275 2076 4328 Deum

493 4363 834 4420 ollendcrant
867 4362 1201 4417 calamitates
1231 4363 1392 4433 190
1428 4365 1771 4429 lamentatur,
1799 4374 1854 4420 et
1883 4363 2078 4419 Sama-

2754 3631 3010 3690 KEMA.
3062 3634 3140 3689 Μ’
3165 3673 3180 3689 .

2262 3723 2759 3793 Ἀφανισθήσεται
2801 3723 3097 3794 Σαμάρεια
3118 3765 3133 3790 ,
3194 3724 3284 3779 ὅτι
3336 3726 3569 3795 ἀνέστη
3621 3726 3765 3795 πρὸς

2178 3809 2289 3865 τὸν
2322 3811 2474 3867 Θεὸν
2501 3814 2712 3884 αὐτῆς.
2760 3814 2857 3868 Ἑν
2894 3816 3165 3885 ῥομφαίᾳ
3203 3815 3536 3872 πεσοῦνται
3574 3819 3765 3885 αὐτοὶ,

2179 3902 2282 3956 καὶ
2309 3903 2382 3957 τὰ
2414 3906 2728 3960 ὑποτίτθια
2757 3905 2958 3962 αὐτῶν
2994 3906 3534 3977 ἐλαφισθήσονται,
3579 3909 3683 3964 καὶ
3712 3914 3764 3964 al

2178 3994 2250 4049 ἐν
2289 3995 2504 4066 γαστρί
2533 3996 2790 4066 ἔχουσαι
2821 3997 3022 4052 αὐτῶν
3057 3997 3592 4068 διαρῤατήσονται.

2246 4086 2416 4142 PNZ'.
2457 4088 2805 4159 Διαπεράνας
2839 4083 2899 4142 εὖ
2937 4087 3084 4159 μάλα
3131 4090 3224 4143 τὸν
3268 4091 3360 4144 ἐπὶ
3407 4092 3634 4164 Χριστῷ
3685 4094 3765 4147 λόο

2176 4192 2292 4244 γον,
2323 4177 2419 4231 καὶ
2450 4179 2550 4250 τῆς
2579 4179 2811 4234 καθόλου
2841 4179 3168 4252 λυτρώσεως
3197 4181 3259 4236 τὸ
3288 4185 3596 4256 μυστήριον
3631 4203 3764 4257 προ-

2177 4270 2546 4339 απηγγελκὼς
2573 4274 2601 4325 ό
2629 4273 2898 4342 μακάριος
2931 4276 3239 4348 προφήτης,
3271 4274 3574 4348 έποιμώζει
3605 4280 3766 4334 πάλιν

2178 4361 2300 4424 ταῖς
2325 4361 2432 4415 τῶν
2467 4365 2990 4434 προσκεκρουκότων
3018 4368 3349 4438 συμφοραῖς,
3379 4369 3544 4439 μόνον
3568 4370 3626 4423 δὲ
3647 4371 3768 4442 ούχὶ

494 4457 630 4513 ritas
680 4455 835 4526 quasi
887 4454 1052 4524 luget.
1111 4443 1244 4507 Cum
1293 4455 1437 4507 enim
1488 4453 1698 4519 liceret,
1759 4464 1814 4509 et
1870 4454 2072 4509 ali‘atim

2182 4449 2274 4503 καὶ
2321 4451 2752 4522 κατολοφύρεται
2805 4454 2931 4519 τοὺς
2979 4457 3038 4509 έν
3087 4458 3392 4530 Σαμαρείᾳ.
3440 4461 3623 4516 Μετὺν
3659 4441 3766 4535 γὰρ

496 4547 704 4614 liceret,
766 4545 964 4614 inquit,
1013 4542 1120 4596 frui
1177 4542 1332 4596 bonis
1387 4557 1454 4597 ex
1498 4543 1915 4598 mansuetudine
1952 4543 2068 4609 Dei,

491 4649 686 4711 sponte
718 4653 814 4694 sua
842 4638 908 4691 ad
948 4634 1207 4705 supplicia
1232 4633 1300 4689 ab
1328 4634 1468 4689 irato
1499 4635 1846 4704 perpetienda
1877 4650 2072 4692 cucur-

493 4739 722 4795 rcrunt,
761 4715 888 4798 quia
929 4725 1004 4780 illi
1050 4725 1324 4792 resistere,
1370 4734 1424 4780 et
1455 4725 1752 4781 Dominicis
1801 4728 2071 4782 mandatis

490 4837 646 4878 suam
688 4807 1016 4875 voluntatem
1046 4833 1340 4889 Opponere,
1374 4828 1429 4874 et
1465 4818 1852 4886 propemodum
1899 4818 2068 4873 videri

492 4915 610 4970 acie
648 4924 835 4969 contra
867 4911 1146 4977 dimicare,
1185 4918 1278 4964 aut
1316 4924 1439 4965 esse
1479 4909 1547 4966 de
1582 4923 1812 4964 numero
1837 4925 1964 4965 vere
1993 4910 2067 4965 illi

491 5003 870 5059 rebellantium
921 5000 1229 5056 voluerunt.
1266 4999 1498 5056 Proinde
1527 4999 1668 5056 citra
1710 5014 1925 5055 omnem
1966 5003 2070 5056 mi-

493 5093 847 5149 scricordiam
886 5091 990 5160 ipsi
1021 5090 1198 5160 gladio
1229 5089 1666 5156 trucidabuntur,
1694 5099 1749 5144 et
1793 5090 1915 5146 novi
1949 5104 2070 5146 cru.

493 5185 730 5240 delitatis
775 5183 918 5240 modi
949 5191 1139 5249 contra
1185 5181 1444 5238 mulieres
1483 5190 1539 5236 et
1585 5181 1786 5238 liberos
1824 5181 2066 5250 ipsarum

491 5276 961 5348 excogitabuntur.
998 5273 1173 5330 Simul
1211 5273 1354 5329 enim
1401 5287 1522 5328 cum
1564 5272 1683 5330 heri
1717 5273 1858 5330 natis
1893 5273 2069 5328 infan—

495 5365 640 5420 tibus
676 5367 1022 5422 immaturam
1065 5381 1252 5422 necem
1288 5366 1565 5436 perferent
1589 5367 1679 5437 qui
1721 5367 1882 5419 vitam
1934 5380 2070 5420 non-

493 5457 621 5510 dum
672 5457 835 5510 etiam
876 5471 1232 5528 acceperunt,
1284 5459 1488 5514 exitum
1541 5473 1607 5514 ex
1653 5465 1810 5514 utero
1856 5457 2068 5511 hostilis

492 5548 704 5620 gladius
727 5556 1047 5605 antevertct.
1074 5551 1458 5605 Calamitosum
1493 5549 1658 5619 igitur
1693 5557 1748 5603 et
1781 5547 2067 5601 exitiosum

493 5654 616 5697 esse
678 5640 786 5696 Duo
859 5653 1200 5708 repugnare,
1270 5642 1382 5711 ipsa
1452 5656 1668 5712 quoquc
1734 5639 2066 5709 experientia

493 5730 750 5792 cernitur.

2182 4541 2510 4606 ἀπόνασθαι,
2542 4545 2697 4613 φησὶ,
2731 4545 2827 4599 καὶ
2851 4546 3059 4617 σφόδρα
3092 4548 3385 4616 πλουσίως,
3407 4551 3519 4604 τῶν
3545 4552 3606 4616 ἐξ
3633 4554 3767 4624 ήμε-

2183 4630 2406 4702 ρότητος
2444 4631 2689 4701 ἀγαθῶν,
2721 4636 3010 4707 αὐτόμολοι
3037 4637 3412 4711 δεδραμήκασι
3438 4643 3578 4714 πρὸς
3610 4645 3678 4698 τὰ
3706 4644 3765 4711 ἐξ

2179 4724 2348 4793 ὀργῆς
2386 4725 2620 4795 ἐσόμενα
2663 4729 2786 4783 κατ’
2813 4729 3019 4797 αὐτῶν,
3063 4732 3154 4787 διά
3206 4751 3290 4788 τοι
3335 4736 3398 4788 τὸ
3443 4736 3764 4806 ἀντεξάγειν

2180 4815 2396 4870 ἑλέσθαι
2432 4815 2573 4888 Θεῷ,
2617 4819 2712 4872 καὶ
2737 4819 3079 4887 δεσποτικοῖς
3117 4827 3505 4896 προστάγμασι
3544 4828 3610 4882 τὸ
3636 4829 3765 4882 ἴδιον

2179 4906 2492 4979 ἀντεγεῖραι
2524 4909 2738 4981 θέλημα
2759 4952 2773 4977 ,
2807 4913 2968 4983 μόνον
3011 4914 3068 4968 δὲ
3100 4916 3222 4989 ούχῆ¹
3254 4919 3349 4973 καὶ
3381 4919 3764 4991 ἀντιτετάχθαι

2177 4997 2374 5062 δοκεῖν,
2404 4999 2437 5069 ἢ
2478 5000 2574 5054 καὶ
2601 5002 2660 5055 ἐν
2694 5002 2859 5077 μοίρᾳ
2895 5006 3150 5074 γενέσθαι
3189 5009 3299 5065 τῶν
3347 5011 3765 5085 ἀνθεστηκότων

2178 5088 2327 5159 αὐτῷ
2383 5092 2526 5146 κατά
2575 5093 2854 5165 ἀλήθειαν.
2915 5099 3205 5169 Τοιγάρτοι
3258 5101 3477 5171 φειδοῦς
3540 5104 3765 5175 ἀπάσης

2177 5180 2518 5254 ἐξῃρημένης
2553 5184 2712 5256 ἔργον
2750 5189 2849 5258 μὲν
2877 5189 3091 5245 ἔσονται
3129 5194 3407 5264 ῥομφαίας
3435 5195 3628 5250 αὐτοί·
3679 5197 3766 5262 ξέ-

2178 5290 2278 5326 νιοι
2332 5274 2391 5328 δὲ
2437 5275 2538 5346 τῆς
2603 5277 2999 5351 ἀπανθρωπίας
3051 5284 3505 5357 έπινοηθήσονται
3569 5289 3765 5360 τρόποι

2176 5365 2318 5419 κατά
2352 5384 2413 5435 γε
2446 5369 2686 5437 γυναίων
2718 5374 2810 5425 καὶ
2840 5374 3066 5429 τέκνων.
3127 5378 3294 5448 Ὁμοῦ
3327 5379 3437 5451 γὰρ
3462 5384 3578 5445 τοῖς
3602 5382 3764 5453 ἀρτι-

2175 5454 2356 5520 γενέσι
2389 5458 2602 5526 νηπίοις
2641 5461 2892 5532 πρόωρον
2921 5463 3255 5534 ὑπομενοῦσι
3296 5467 3531 5522 θάνατον
3565 5470 3662 5523 καὶ
3692 5470 3764 5522 τὰ

2175 5541 2327 5596 οὔπω
2362 5547 2675 5618 κεκλημένα
2718 5551 2853 5622 πρὸς
2878 5553 2938 5605 τὸ
2968 5551 3103 5608 εἶναι
3135 5556 3228 5610 καὶ
3263 5556 3379 5629 ζῇν.
3417 5559 3531 5612 Καὶ
3566 5559 3765 5628 φθάσει

2176 5633 2273 5703 τὴν
2319 5635 2385 5687 δι’
2418 5637 2601 5702 ὠδῖνος
2630 5641 2852 5709 πρόοδον
2899 5643 3006 5698 τῶν
3047 5646 3322 5718 πολεμίων
3353 5649 3413 5702 τὸ
3449 5650 3622 5718 ξίφος.
3664 5651 3764 5703 Πι-

2177 5725 2306 5793 κρδν
2358 5721 2450 5779 οὖν
2491 5728 2598 5798 ἄρα
2647 5731 2706 5782 τὸ
2752 5732 3163 5789 ἀντιτάττεσθαι
3210 5737 3346 5807 Θεῷ,
3400 5739 3494 5791 καὶ
3533 5737 3762 5812 ὀλέθρου

2181 5814 2454 5885 πρόξενον,
2488 5820 2577 5873 καὶ
2610 5822 2675 5873 δι’
2704 5823 2872 5894 αὐτῆς
2911 5827 3099 5896 όρέἰται
3137 5828 3232 5898 τῆς
3276 5829 3490 5898 πείρας.
