4034 6270
483 401 588 458 519

1472 395 1530 451 S.
1571 394 1851 452 CYRILLI
1890 393 2356 450 AbEXANDRlNl
2394 385 2714 450 ARCHIEP.

3630 389 3742 444 5‘30

481 511 1006 583 otfeuderunt,-quia
1037 517 1092 565 et
1123 507 1282 564 idolis
1319 517 1658 578 servrerunt,
1689 518 1745 565 et
1777 510 1886 564 Deo
1913 521 2056 565 sem-

2169 508 2317 562 ιΘεοὶ
2337 504 2492 580 ἡμῶν
2515 508 2627 569 τοῖς
2646 505 2828 576 ἔργοις
2849 501 2957 556 τῶν
2981 501 3177 573 χειρῶν
3203 499 3378 572 ὑμῶν.
3394 493 3604 553 ι”Ησαν
3628 502 3742 570 γὰρ

482 618 586 673 per
636 601 908 659 salvatore
954 614 1054 656 suo
1107 607 1458 669 contempto,
1519 613 1670 669 spem
1732 599 1784 654 in
1839 599 2056 657 auxiliis

484 695 740 750 humanis
771 700 1162 762 reposuerunt;
1210 699 1267 746 et
1295 691 1728 762 oppugnantibus
1765 705 1860 748 eos
1885 691 2058 762 IEgy-

483 789 612 859 ptiis
661 787 942 857 Assyrium
977 784 1371 856 implorarunt,
1403 785 1634 853 [rursum
1668 783 1909 855 Assyriis
1953 784 2059 839 Sa-

483 878 715 933 mariam
767 877 938 931 armis
983 875 1391 946 appetentibus,
1439 873 1816 944 Egyptiorum
1845 872 2094 943 equites~

482 953 819 1039 sagittarios,
851 968 969 1023 sive
1010 967 1279 1038 equestris
1327 965 1532 1020 militias
1573 979 1771 1034 gnaros
1809 965 2058 1018 mercede

483 1059 886 1114 conduxerunt.
934 1058 1142 1113 Idcirco
1173 1064 1228 1112 et
1266 1071 1296 1109 a
1331 1055 1442 1110 Deo
1493 1063 1678 1124 aperte
1721 1055 2056 1108 audierunt:

491 1169 511 1202 ι
543 1147 637 1204 Va;
666 1147 757 1216 qui
793 1147 1121 1203 descenditis
1146 1147 1198 1200 in
1235 1144 1530 1216 Egyptum
1558 1144 1623 1198 ad
1656 1142 1936 1206 auxilium,
1968 1140 2058 1210 qui

487 1239 768 1294 conﬁdunt
801 1238 853 1292 in
898 1238 1052 1307 equis
1097 1246 1152 1292 et
1199 1237 1252 1290 in
1285 1235 1533 1290 curribus
1557 1234 1622 1290 ".
1663 1252 1682 1286 ι
1723 1233 2059 1288 Ridebantur

482 1340 686 1395 porro,
743 1339 844 1380 nec
903 1325 1136 1394 injuria,
1188 1332 1492 1392 quaerentes
1543 1323 1936 1392 protectiouem
1990 1320 2059 1376 ab

485 1417 708 1474 homine
751 1415 1028 1486 Egyptio,
1072 1429 1178 1468 non
1229 1429 1259 1468 a
1297 1412 1546 1478 Domino,
1583 1431 1602 1464 ι
1630 1426 1890 1482 equorum
1932 1426 2057 1465 car-

485 1521 585 1562 nes
607 1506 675 1573 “,
709 1524 729 1559 ι
768 1514 828 1560 ut
862 1506 1122 1576 scriptum
1173 1512 1278 1560 est.
1319 1503 1459 1574 Ergo
1504 1503 1849 1572 pollicentur,
1896 1517 1955 1558 se
1992 1503 2060 1556 ab

484 1597 752 1653 idolorum
787 1595 934 1651 cultu
964 1597 1320 1660 discessuros,
1354 1609 1453 1649 nec
1485 1594 1624 1647 ultra
1657 1594 1709 1647 in
1754 1593 2061 1648 hominibus

484 1701 638 1756 spem
717 1685 1017 1741 habituros.
1089 1683 1408 1740 Emendatio
1470 1683 1576 1738 ista
1634 1689 2059 1751 perpetratorum

485 1776 806 1831 delictorum
831 1777 1211 1831 universorum
1233 1775 1480 1847 opiﬁcem
1509 1773 1574 1828 ad
1602 1773 1880 1828 lenitatem
1909 1787 2062 1828 revo-

2157 594 2302 654 οῦτοι
2342 599 2442 670 τῆς
2491 596 2829 659 ἀποστασίας
2876 597 2924 649 οἰ
2967 595 3176 665 τρόποι.
3218 592 3316 645 Διὰ
3353 591 3529 646 ταῦτα
3568 609 3745 663 προσ-

2157 690 2546 764 κεκρούκασιν,
2595 689 2677 742 ὅτι
2725 687 2820 741 καὶ
2860 685 3286 757 λελατρεύκασιν
3341 681 3604 746 εἰδώλοις,
3643 681 3749 735 καὶ⁸

2157 785 2250 838 τὸν
2294 783 2381 837 ἀεὶ
2411 780 2650 844 σώζοντα
2693 778 2825 831 Θεὸν
2861 776 3247 846 ἀτιμάσαντες,
3287 775 3408 836 ταῖς
3443 772 3503 836 ἐξ
3535 771 3748 842 ἀνθρώ-

2159 892 2276 928 πων
2325 870 2667 940 ἐπικουρίαις
2725 867 3200 940 προσνενεμήκασι
3229 865 3328 935 τὴν
3373 861 3584 916 ἐλπίδα.
3625 862 3748 916 Καὶ

2160 960 2541 1032 πολεμούντων
2563 961 2659 1031 μὲν
2686 960 2868 1022 αὐτοῖς
2887 956 2994 1011 τῶν
3013 954 3352 1025 Αἰγυπτίων,
3370 952 3749 1006 ἐπεκαλοῦντο

2158 1054 2249 1106 τὸν
2293 1051 2595 1122 Ἀσσύριον.
2649 1048 2946 1120 Ἀσσυρίων
2977 1049 3034 1102 δὲ
3082 1047 3243 1101 πάλιν
3287 1045 3430 1099 ὅπλα
3468 1043 3611 1098 κατά
3640 1043 3746 1114 τῆς

2160 1143 2474 1214 Σαμαρείας
2524 1142 2814 1213 ῂρμένων,
2858 1139 3282 1210 κατεμισθοῦντο
3326 1138 3574 1208 χρήμασι
3613 1135 3747 1197 τοὺς

2158 1235 2268 1288 τῶν
2299 1233 2612 1302 Αἰγυπτίων
2642 1232 3015 1296 ἱπποτοξότας,
3059 1230 3226 1301 ἦγουν
3253 1229 3311 1281 ἐν
3339 1230 3452 1290 τοῖς
3479 1225 3746 1295 πολέμοις

2165 1326 2398 1396 ἱππικῆς
2454 1324 2846 1394 ἐπιστήμονας.
2881 1322 3064 1392 Ταύτῃ
3103 1339 3186 1374 τοι
3231 1321 3324 1373 καὶ
3371 1319 3569 1389 ἤκουον
3603 1317 3744 1370 Θεοῦ

2160 1415 2410 1484 λέγοντος
2465 1412 2730 1482 ἐναργῶς·
2777 1431 2796 1463 ι
2841 1413 2976 1466 Ούαὶ
3003 1414 3053 1463 οί
3085 1409 3506 1471 καταϐαίνοντες
3534 1409 3613 1470 εἰς
3642 1406 3742 1460 Δί’-

2160 1522 2366 1574 γυπτον
2395 1504 2489 1557 ἐπὶ
2547 1503 2817 1575 βοήθειαν,
2849 1505 2896 1556 οἱ
2930 1503 3014 1572 ἐφ’
3045 1503 3232 1565 ἵπποις
3263 1499 3601 1563 πεποιθότες,
3643 1498 3740 1552 καί¹

2161 1597 2248 1667 ἐφ’
2301 1597 2562 1668 ἅρμασιν.
2597 1614 2615 1648 ι
2667 1595 2964 1663 Ἐγελῶντο
3007 1594 3103 1659 δὲ,
3161 1594 3257 1647 καὶ
3303 1592 3450 1662 μάλα
3494 1590 3738 1656 δικαίως,

2163 1686 2543 1758 προασπιστὴν
2573 1685 2848 1739 ποιεῖσθαι
2885 1684 3280 1748 σπουδάζοντες
3305 1681 3609 1750 Αἰγύπτιον
3657 1679 3743 1733 άν-

2163 1778 2400 1848 θρωπον,
2446 1776 2541 1830 καὶ
2590 1776 2650 1828 ού
2697 1774 2852 1840 Θεὸν,
2907 1774 3142 1826 «ἵππων
3179 1772 3408 1843 σάρκας,
3441 1789 3460 1822 ι
3507 1767 3652 1823 κατά
3683 1764 3741 1820 τδ

485 1875 576 1922 cat
617 1880 716 1936 per
753 1865 909 1937 192
951 1867 1270 1936 prophetam
1325 1865 1401 1920 ita
1447 1863 1799 1934 loquentem:
1835 1881 1858 1915 ‹
1889 1863 2059 1917 Aver-

2169 1869 2566 1938 γεγραμμένον.
2599 1865 2810 1920 οὐκοῦν
2838 1865 3138 1935 ἀποφοιτᾷν
3187 1862 3616 1932 ἐπαγγέλλονται
3650 1859 3741 1912 καὶ

487 1957 644 2014 sione
691 1959 1002 2014 avertimini
1046 1959 1115 2014 ab
1164 1958 1543 2028 iniquitatibus
1600 1957 1826 2022 Vestris,
1867 1957 2058 2011 domus

2169 1958 2259 2012 τοῦ
2283 1957 2566 2030 λατρεύειν
2593 1955 2851 2020 εἰδώλοις,
2887 1956 2982 2010 καὶ
3016 1954 3111 2008 τοῦ
3155 1954 3255 2017 τάς
3286 1953 3508 2016 ἐλπίδας
3536 1951 3625 2002 ἐπ’
3656 1950 3741 2001 ἀν-

487 2047 674 2114 Israel,
711 2057 766 2104 et
806 2065 912 2105 non
942 2057 1106 2105 erunt
1144 2047 1298 2104 vobis
1338 2049 1391 2104 in
1433 2062 1646 2118 prauam
1679 2047 2001 2118 iniquitatis.
2032 2064 2051 2099 ι

2169 2048 2406 2120 θρώποις
2444 2047 2588 2117 ἔχειν
2618 2047 2719 2102 ἔτι.
2759 2045 3163 2117 Ἐπανόρθωσις
3206 2044 3264 2097 δὲ
3307 2043 3445 2113 αῦτη
3492 2041 3603 2094 τῶν
3642 2039 3739 2110 ἤδη

484 2139 996 2211 προεπταισμένων,
1025 2141 1266 2195 καλοῦσα
1331 2141 1469 2212 πρὸς
1530 2140 1846 2228 ἡμερότητα
1885 2140 1976 2194 τὸν
2042 2139 2151 2194 τῶν
2185 2141 2322 2194 ὅλων
2369 2140 2734 2211 δημιουργὸν,
2787 2139 2880 2192 τὸν
2931 2138 3019 2191 διὰ
3082 2137 3264 2207 φωνῆς
3325 2135 3606 2205 προφήτου
3659 2131 3745 2185 λέ-

425 2301 428 2304 ,
485 2244 684 2298 γοντα·
717 2247 738 2283 ι
763 2230 1109 2302 Ἀποστροφῇ
1144 2230 1528 2302 ἀποστρέψατε
1570 2222 1680 2285 sub
1717 2230 1825 2284 τῶν
1865 2229 2106 2302 ἀνομιῶν
2146 2230 2320 2303 ὑμῶν,
2351 2227 2500 2294 οῐκος
2538 2231 2634 2283 τοῦ
2676 2229 2913 2301 Ἰσραὴλ,
2950 2229 3044 2283 καὶ
3106 2229 3208 2282 οὐκ
3244 2227 3460 2281 ἔσονται
3497 2226 3626 2296 ὑμῖν
3664 2222 3745 2286 εἰς

485 2322 710 2378 κόλασιν
739 2323 976 2388 ἀδικίας.
1022 2343 1043 2377 ι

561 2414 666 2480 Qui
695 2417 751 2468 in
783 2427 832 2470 te
854 2425 953 2482 est,
980 2416 1312 2472 miserebitur
1348 2418 1589 2487 orphani.

557 2505 740 2562 CLIX.
781 2505 1069 2576 Propheta:
1098 2522 1203 2562 vox
1231 2511 1299 2564 ad
1327 2507 1750 2579 resipiscendum
1780 2508 2072 2563 adhortan-

490 2598 586 2662 tis,
627 2605 684 2653 et
721 2596 1000 2653 lenitatem
1043 2597 1259 2655 Domini
1293 2599 1645 2670 publicantis,
1683 2607 1738 2654 et
1770 2600 2071 2654 cunctatio-

493 2702 618 2745 nem
666 2688 902 2745 volentis
941 2690 1268 2760 resipiscere
1309 2693 1673 2763 pracidentis.
1720 2691 1800 2747 Ne
1829 2690 2072 2758 dubites;

492 2784 680 2849 Israel,
712 2785 907 2854 inquit,
944 2793 997 2840 te
1038 2794 1218 2855 optata
1255 2796 1699 2850 consecuturum,
1746 2787 1792 2841 si
1843 2795 1895 2841 te
1920 2787 2068 2856 prius

493 2875 560 2929 ad
581 2875 956 2944 paenitentiam
1001 2875 1236 2932 dederis.
1276 2875 1378 2943 Qui
1408 2877 1550 2932 enim
1585 2878 1638 2932 in
1679 2887 1733 2931 te
1772 2885 1874 2941 est,
1902 2877 2070 2931 mise-

495 2966 628 3032 reri,
681 2974 738 3022 et
777 2967 1028 3023 miserari
1078 2967 1308 3038 pupillos
1359 2968 1530 3022 novit.
1602 2967 1695 3023 Sic
1748 2975 1804 3022 et
1856 2967 2066 3022 divinus

499 3057 667 3112 David
699 3078 712 3114 :
747 3075 768 3110 ‹
796 3057 1066 3128 Pupillum
1106 3069 1162 3115 et
1186 3060 1399 3114 viduam
1431 3058 1688 3128 suscipiet
1711 3058 1777 3124 ¹⁷,
1816 3076 1835 3110 ι
1865 3071 1931 3113 ex
1960 3073 2065 3112 una

496 3163 579 3214 re,
608 3149 826 3218 opinor,
859 3149 977 3205 sive
1016 3165 1082 3206 ex
1114 3150 1362 3222 personis
1403 3151 1638 3205 maxime
1669 3148 2068 3205 miserabilibus

497 3233 722 3302 divinae,
773 3243 827 3291 et
859 3236 1251 3307 inexplicabilis
1291 3248 1498 3293 natura:
1545 3238 1931 3309 benignitatem
1978 3240 2070 3295 de-

502 3334 831 3382 monstrans.
904 3327 984 3383 Ac
1037 3328 1082 3384 si
1126 3329 1248 3399 quis
1297 3329 1441 3385 volet
1483 3331 1742 3399 pupillum
1797 3340 1851 3386 et
1892 3329 2068 3400 ipsum

497 3412 752 3471 Israelem
776 3417 1040 3472 nominari
1065 3419 1472 3490 (propemodum
1500 3422 1642 3474 enim
1666 3419 1879 3474 Patrem
1900 3420 2066 3474 Deum

498 3505 703 3575 amisit,
759 3509 978 3564 tametsi
1031 3508 1121 3566 ille
1165 3511 1398 3568 dilucide
1451 3512 1871 3569 dixitHFiIius
1917 3528 2070 3570 meus

497 3597 887 3668 primogenitus
916 3597 1083 3654 Israel
1105 3600 1462 3672 “o),dixerim
1495 3618 1595 3674 ego
1631 3604 1793 3659 etiam
1821 3605 1899 3659 sic
1926 3613 2070 3661 recte

497 3686 747 3758 intelligi.
800 3687 972 3756 Igitur
1022 3687 1236 3745 Domini
1293 3691 1672 3747 universorum
1720 3693 1961 3751 bonitate
2014 3701 2070 3750 et

497 3775 759 3831 facilitate
821 3777 892 3831 ad
945 3776 1288 3832 clementiam
1347 3779 1600 3846 conlisos,
1662 3781 2069 3850 promptissime

497 3867 874 3934 paenitentiam
944 3869 1271 3938 complecti,
1341 3877 1396 3923 et
1465 3873 1934 3928 emendationibus
2008 3873 2063 3928 in

500 3955 698 4012 melius
743 3957 1066 4014 delictorum
1114 3959 1513 4030 praeteritorum
1583 3963 1823 4018 maculas
1883 3964 2069 4019 eluere

497 4058 734 4122 oportet.

2249 2415 2303 2468 '0
2327 2416 2398 2469 ἐν
2418 2415 2538 2481 σοὶ,
2571 2415 2813 2484 ἐλεήσει
2843 2415 3130 2485 ὀρφανόν.

2237 2508 2409 2561 ΡΝΘ¹.
2466 2507 2572 2560 Τοῦ
2637 2509 2914 2578 προφήτου
2981 2505 3172 2577 φωνὴ,
3214 2500 3618 2582 προτρέποντος
3663 2509 3741 2573 εἰς

2169 2596 2534 2667 μετάγνωσιν,
2570 2598 2664 2650 καὶ
2690 2595 2784 2649 τοῦ
2812 2597 3074 2653 δεσπότου
3103 2600 3200 2671 τὴν
3233 2601 3577 2671 γαληνότητα
3613 2599 3744 2652 καθ-

2170 2688 2412 2752 ιστάντος
2441 2688 2672 2760 ἐναργῆ,
2706 2688 2800 2742 καὶ
2842 2687 2934 2746 τὸν
2971 2692 3126 2746 ὄκνον
3167 2691 3613 2760 ύποτεμνομένου
3652 2689 3746 2743 τοῦ

2175 2782 2602 2853 μεταγινώσκειν
2636 2784 2931 2848 ἐθέλοντος.
2961 2783 3052 2854 Μὴ
3079 2784 3187 2854 γὰρ
3218 2782 3522 2852 ἐνδοιάσῃς,
3558 2783 3748 2854 φησὶν,

2172 2866 2218 2926 ὦ
2253 2874 2489 2944 Ἰσραὴλ,
2517 2875 2599 2928 ὃτι
2627 2875 2789 2945 τεύξῃ
2819 2875 2925 2928 τῶν
2953 2876 3070 2929 κατ’
3091 2875 3255 2946 εὐχὴν
3281 2875 3330 2926 εἰ
3357 2871 3753 2945 προνομίσειας

2169 2963 2266 3035 τὴν
2285 2965 2648 3034 μετάγνωσιν.
2687 2965 2745 3018 Ὁ
2778 2965 2886 3036 γὰρ
2917 2968 2974 3019 ἐν
3005 2965 3087 3019 σοὶ
3115 2965 3246 3026 Θεὸς
3275 2965 3441 3017 ἐλεεῖν
3470 2960 3605 3027 οἶδε,
3658 2964 3754 3018 καὶ

2169 3058 2563 3127 κατοικτείρειν
2598 3057 2890 3128 ὀρφανούς.
2937 3057 3093 3111 Οῦτω
3125 3056 3228 3111 ποῦ
3267 3074 3395 3126 φησι
3447 3056 3544 3109 καὶ
3585 3056 3616 3108 ὁ
3661 3055 3754 3108 θε-

2173 3149 2393 3212 σπέσιος
2416 3148 2609 3202 Δασίδ·
2647 3169 2667 3202 ι
2701 3151 2968 3220 Ὀρφανὸν
2998 3151 3092 3204 καὶ
3121 3152 3293 3221 χήραν
3322 3148 3691 3217 ἀναλήψεται,
3726 3166 3748 3199 ι

2169 3240 2228 3307 ἐξ
2259 3240 2395 3305 ἐνὸς,
2423 3237 2596 3312 οἶμαι,
2625 3242 2971 3314 πράγματος,
2997 3242 3166 3312 ἤγουν
3201 3242 3264 3294 ἐκ
3303 3237 3616 3308 προσώπων
3639 3238 3748 3291 τῶν

2168 3332 2249 3385 ὅτι
2295 3331 2525 3401 μάλιστα
2575 3331 2945 3386 κατελεεῖσθαι
2996 3332 3322 3401 πεφυκότων
3373 3329 3474 3400 τῆς
3504 3329 3649 3392 Θείας
3680 3344 3742 3382 τε

2171 3421 2266 3474 καὶ
2311 3423 2622 3493 ἀπορρήτου
2668 3421 2882 3490 φύσεως
2930 3421 3284 3483 καταδεικνὺς
3331 3419 3392 3473 τὸ
3438 3417 3742 3488 φιλάνθρω-

2171 3529 2291 3566 πον.
2328 3513 2392 3566 Εί
2415 3513 2473 3567 δὲ
2500 3513 2742 3584 βούλοιτό
2769 3530 2853 3576 τις
2881 3513 2981 3583 τῆς
3010 3512 3276 3583 ὀρφανίας
3307 3511 3370 3564 τὸ
3403 3510 3613 3582 χρῆμα,
3650 3509 3750 3561 καὶ

2169 3603 2317 3674 αὐτῷ
2345 3605 2720 3676 καταγράφειν
2740 3604 2818 3674 τῷ
2843 3604 3082 3676 Ἰσραὴλ,
3110 3603 3388 3657 ἀπώλισθε
3415 3602 3525 3672 γὰρ
3552 3617 3748 3671 μονον-

2168 3696 2289 3765 ουχὶ
2336 3696 2548 3766 Πατρός
2595 3695 2690 3749 τοῦ
2742 3695 2900 3760 Θεοῦ,
2963 3697 3138 3750 καίτοι
3180 3695 3435 3765 λέγοντος
3478 3695 3751 3768 ἐναργῶς,

2176 3805 2196 3839 r
2227 3787 2358 3850 Υίὸς
2400 3787 2740 3858 πρωτότοκός
2789 3805 2893 3858 μου
2934 3787 3204 3858 ’1σραὴλ,›
3260 3787 3427 3857 φαίην
3466 3787 3534 3840 ἂν
3571 3786 3753 3854 ἐγω-γε

2169 3878 2265 3931 καὶ
2303 3877 2428 3949 τῇδε
2473 3879 2612 3931 νοεῖν
2639 3876 2834 3949 ὀρθῶς.
2863 3878 2954 3930 Δεῖ
2978 3877 3041 3948 δὴ
3071 3872 3164 3930 οῦν
3193 3877 3301 3947 ἀρα
3332 3875 3754 3948 τεθαρρηκότας

2168 3967 2244 4031 ὡς
2276 3966 2480 4036 ἀγαθός
2503 3967 2565 4020 τέ
2595 3969 2732 4031 ἐστι,
2761 3967 2855 4020 καὶ
2890 3968 3179 4039 πρόχειρος
3206 3969 3286 4030 εἰς
3335 3965 3752 4037 φιλανθρωπίαν

2167 4061 2197 4113 ὁ
2220 4059 2328 4114 τῶν
2361 4058 2498 4113 ὅλων
2532 4058 2819 4128 δεσπότης,
2848 4057 3150 4111 ἀοκνότατα
3184 4058 3490 4127 μετανοεῖν,
3508 4056 3606 4109 καὶ
3631 4057 3750 4118 ταῖς

2167 4148 2248 4211 εἰς
2296 4148 2358 4202 τὸ
2401 4149 2625 4219 ἄμεινον
2675 4146 3116 4218 ἐπανορθώσεσι,
3173 4146 3273 4211 τὰς
3316 4145 3427 4199 τῶν
3466 4146 3572 4216 ἥδη
3619 4163 3750 4216 προ-

2168 4239 2546 4310 επταισμὲνων
2580 4238 2836 4292 ἀπολύειν
2865 4238 3064 4301 αἰτίας.

568 4319 735 4378 Vens.
767 4321 824 4378 5.
853 4318 1068 4377 Sanabo
1107 4324 1449 4379 habitationes
1479 4340 1680 4389 eorum,
1721 4325 1939 4394 diligam
1977 4341 2064 4380 eos

2252 4326 2509 4396 Ἰἀσομαι
2556 4327 2662 4392 τὰς
2709 4328 3013 4393 κατοικίας
3045 4326 3262 4392 αὐτῶν,
3306 4326 3605 4396 ἀγαπήσω
3637 4327 3748 4380 αὑ-

499 4414 798 4484 manifeste,
829 4415 956 4484 quia
989 4414 1156 4468 averti
1189 4415 1325 4468 iram
1356 4430 1524 4468 meam
1557 4415 1620 4468 ab
1649 4417 1740 4468 eis.

566 4596 728 4655 CLX.
773 4595 918 4661 Mox,
951 4603 1008 4650 et
1035 4594 1190 4664 quasi
1227 4609 1258 4649 a
1285 4593 1494 4649 foribus
1529 4593 1659 4664 ipsis
1689 4608 1717 4647 a
1753 4595 1862 4648 Deo
1892 4609 2070 4649 sermo

501 4689 802 4754 inducitur,
843 4685 1197 4755 promittente
1239 4691 1470 4754 aegrotos
1497 4692 1812 4738 sanaturum
1859 4693 1914 4738 et
1949 4700 2066 4737 ma-

501 4781 703 4836 nifeste
729 4777 1074 4841 dilecturum,
1105 4775 1207 4831 hoc
1246 4783 1349 4842 est,
1382 4772 1668 4828 manifeste
1703 4781 1761 4826 et
1787 4772 1962 4842 palam
2002 4774 2070 4829 de

505 4878 708 4927 cetero
750 4866 1121 4938 indulgentia,
1181 4873 1238 4920 et
1285 4864 1588 4928 charitatis,
1631 4873 1687 4919 et
1735 4863 1912 4918 omnis
1948 4864 2073 4919 boni

507 4962 901 5018 incrementum
950 4957 1290 5026 largiturum.
1344 4956 1508 5010 Docet
1548 4954 1764 5024 insuper
1813 4967 1874 5009 se
1909 4953 2074 5009 etiam

502 5053 768 5106 adversus
797 5049 944 5116 ipsos
968 5046 1309 5117 deposuisse,
1341 5054 1397 5100 et
1434 5059 1466 5100 λ
1497 5045 1664 5100 charo
1693 5045 1798 5100 sibi
1829 5045 2078 5099 Immani-

504 5151 619 5199 tate
651 5157 759 5198 non
793 5140 1180 5196 discessurum.
1237 5137 1460 5193 Videtur
1491 5145 1668 5191 autem
1713 5137 1974 5206 propheta
2020 5137 2071 5190 in

505 5231 596 5286 his
624 5246 732 5286 non
761 5230 935 5286 solum
966 5228 1283 5284 meminisse
1311 5227 1681 5283 conversionis
1725 5241 1792 5282 ex
1816 5226 2075 5296 sanguine

507 5320 680 5376 Israel
727 5329 1135 5392 prognatorum,
1177 5319 1271 5376 sed
1307 5317 1548 5388 gentium
1598 5333 1813 5388 quoque
1840 5316 2078 5371 vocatio-

507 5426 635 5469 nem
665 5413 986 5468 admiscere.
1069 5412 1338 5480 Quoniam
1363 5423 1469 5464 nou
1499 5423 1689 5465 omnes
1715 5410 1807 5478 qui
1832 5406 2078 5463 exlsrael

509 5507 662 5567 sunt,
697 5500 752 5554 hi
787 5509 913 5553 sunt
948 5500 1288 5558 Israelita".
1325 5501 1662 5569 Reputantur
1697 5511 1876 5553 autem
1903 5498 2080 5568 potius

511 5590 634 5656 lilii,
666 5588 760 5661 qui
792 5596 1068 5645 sectantur
1093 5591 1320 5662 vestigia
1363 5589 1484 5645 ﬁdei
1528 5590 1581 5644 iu
1608 5590 1870 5659 praeputio
1913 5589 2080 5656 patris

586 5764 633 5802 ⁸⁸
663 5763 765 5821 Isa.
808 5775 961 5829 xxxi,
1000 5762 1047 5815 I.
1129 5763 1171 5794 “
1197 5761 1332 5818 Ibid.
1365 5764 1418 5816 ’5.
1497 5765 1538 5794 ¹⁷
1571 5762 1711 5817 Psal.
1748 5775 1903 5826 cur,
1945 5761 1997 5814 9.

2169 5761 2316 5816 Exod.
2353 5775 2423 5823 tv,
2452 5759 2539 5812 22.

2169 4418 2312 4486 τοὺς
2340 4421 2672 4489 ὁμολόγως,
2711 4419 2802 4474 ὅτι
2829 4421 3216 4488 ἀπέστρεψεν
3255 4420 3372 4490 τὴν
3403 4422 3596 4492 ὀργήν
3627 4437 3752 4491 μου

2169 4509 2272 4562 ἀπ’
2299 4509 2520 4563 αὐτῶν.

2241 4597 2359 4653 PE’.
2400 4599 2822 4671 Εἰσκεκόμισται
2860 4601 3057 4670 γείτων
3099 4601 3284 4666 εὐθὺς,
3333 4603 3495 4672 μόνον
3522 4603 3581 4656 δέ
3629 4601 3754 4671 οὐχὶ

2171 4689 2268 4741 καὶ
2311 4688 2606 4761 ἀγχίθυρος
2644 4693 2674 4744 ό
2723 4693 2876 4763 παρὰ
2906 4692 3041 4745 Θεοῦ
3086 4693 3263 4760 λόγος,
3301 4693 3487 4747 ἰᾶσθαί
3526 4710 3587 4746 τε
3624 4693 3756 4755 τοὺς

2171 4779 2541 4849 ἠσθενηκότας
2570 4782 3020 4853 ὑπισχνουμένου,
3049 4785 3144 4838 καὶ
3184 4784 3465 4855 ὁμολόγως
3503 4785 3755 4853 ἀγαπᾷν,

2169 4869 2466 4935 τουτέστιν,
2495 4872 2942 4944 ὁμολογουμένως
2989 4875 3085 4928 καὶ
3111 4875 3405 4948 ἀκρύπτως,
3429 4876 3531 4946 ήδη
3565 4875 3760 4928 λοιπὸν

2169 4959 2498 5030 ἐνεργοῦντα
2553 4963 2623 5015 τὰ
2667 4965 2732 5016 ἐκ
2777 4963 2992 5032 φειδοῦς
3035 4965 3130 5018 καὶ
3177 4967 3401 5037 ἀγάπης
3439 4965 3758 5036 φαίνεσθαι,

2172 5048 2267 5100 καὶ
2310 5049 2408 5119 τὴν
2462 5051 2664 5114 παντὸς
2711 5053 2951 5106 ἐπίδοσιν
2998 5052 3227 5121 ἀγαθοῦ.
3283 5054 3447 5123 Δηλοῖ
3495 5053 3555 5106 δὲ
3616 5055 3761 5124 πρὸς

2171 5138 2401 5203 τούτοις,
2430 5140 2513 5194 ὅτι
2536 5140 2632 5194 καὶ
2661 5145 2761 5213 τῆς
2781 5145 2862 5206 εἰς
2888 5145 3084 5206 αὐτοὺς
3115 5143 3416 5216 κατέληξεν
3449 5144 3760 5216 ὀργῆς,καὶ

2173 5228 2275 5295 τῆς
2307 5229 2457 5300 αὺτῷ
2505 5232 2741 5302 φιλητῆς
2786 5233 2886 5285 ούκ
2927 5233 3276 5304 ἀποδημήσει
3309 5218 3756 5305 φιλανθρωπίας.

2178 5319 2363 5372 Ἔοικε
2402 5322 2459 5374 δὲ
2497 5321 2658 5376 πάλιν
2689 5322 2718 5374 ό
2755 5322 2912 5390 λόγος
2942 5326 3076 5394 ἡμῖν
3114 5326 3172 5376 ἐν
3201 5325 3435 5390 τούτοις,
3471 5326 3536 5377 οὐ
3586 5324 3761 5395 μόνης

2173 5405 2575 5478 διαμεμνῆσθαι
2623 5412 2720 5481 τῆς
2780 5409 2888 5462 τῶν
2935 5411 2994 5474 ἐξ
3046 5412 3279 5482 αἵματος
3340 5413 3566 5484 Ἰσραὴλ
3637 5415 3759 5465 ἐπι-

2178 5498 2414 5567 στροφῆς
2438 5537 2452 5561 ,
2496 5501 2925 5570 συνεισκομίζειν
2977 5502 3035 5554 δὲ
3086 5503 3288 5572 μᾶλλον
3346 5505 3445 5558 καὶ
3488 5505 3594 5577 τὴν
3646 5503 3760 5558 τῶν

2177 5586 2344 5638 ἐθνῶν
2390 5588 2612 5657 κλῆσιν·
2656 5591 2738 5645 ὅτι
2793 5591 2867 5660 μὴ
2915 5585 3117 5655 πάντες
3155 5593 3206 5644 οἰ
3252 5593 3312 5658 ἐξ
3347 5594 3570 5666 Ἰσραὴλ
3608 5588 3760 5650 οῦτοι

2623 5763 2663 5792 ¹⁹
2692 5762 2844 5818 “om.
2881 5781 2956 5832 Ix,
2988 5767 3039 5817 6.
