4034 6270
310 423 418 485 εει

321 625 740 687 ἀκολουθοῦντες
785 622 898 683 τοῖς
950 618 1121 689 ἴχνεσι
1170 616 1268 687 τῆς
1311 617 1370 669 ὲν
1426 613 1765 686 ἀκροϐυστίᾳ
1814 613 1900 665 πί.

328 734 494 780 στεως
538 713 635 766 τοῦ
701 708 911 778 πατρὸς
960 705 1121 777 ἡμῶν
1174 703 1444 775 Ἁϐραάμ.
1495 699 1705 754 Οὐκοῦν
1770 717 1898 752 συν-

1248 400 1796 462 COMMENTABlUS
1832 400 1898 458 ιΝ
1937 397 2169 456 OSEAM
2206 393 2651 454 PROPHETAM.

331 536 580 611 Ἰσραήλο
624 527 1077 598 καταλογίζονται
1127 525 1185 580 δὲ
1241 526 1441 597 μᾶλλον
1488 526 1569 588 εἰς
1618 524 1788 579 τέκνα
1843 524 1931 585 οἱ,

2036 521 2172 576 ostri
2218 520 2493 575 Abraham
2519 518 2586 570 “.

2005 615 2160 679 tium,
2186 623 2243 667 et
2287 610 2601 681 conjunctio
2631 625 2754 664 cum
2789 607 2899 662 Deo
2937 607 2991 661 in
3036 606 3254 662 Christo
3284 620 3380 674 per
3411 604 3574 658 ﬁdem

2001 715 2056 759 ct
2091 704 2575 758 sanctiﬁcationem
2613 700 2907 755 inducitur.
2957 699 3182 768 Insuper
3217 694 3574 767 spiritualium

3465 393 3572 449 δυ.

2698 515 2838 586 Ergo
2887 512 3051 570 simul
3099 519 3154 568 et
3194 511 3411 568 vocatio
3437 527 3572 582 gen-

329 809 638 879 εισφέρεται
680 803 777 857 καὶ
803 803 838 872 ἡ
868 799 978 853 τῶν
1019 796 1190 851 έθνῶν
1227 797 1440 866 κλῆσις,
1471 794 1566 848 καὶ
1601 793 1737 864 πρὸς
1765 791 1899 844 Θεὸν

2037 795 2370 864 uppeditatio
2397 803 2450 848 et
2496 792 2684 862 gratiae
2724 793 2902 862 copia,
2942 792 3060 862 ejus
3084 790 3336 846 videlicet
3371 802 3490 858 quae
3521 786 3578 840 in

327 901 598 962 οἰκείωσις
640 901 697 952 ὲν
740 892 994 966 Χριστῷ,
1037 891 1128 944 διὰ
1177 890 1414 952 πίστεως
1460 888 1555 941 καὶ
1602 883 1895 956 ἁγιασμοῦ.

2003 885 2225 939 Christo
2247 895 2351 948 est,
2387 884 2742 955 signiﬁcatur.

331 991 808 1064 Κατασημαίνεται
837 989 893 1041 δὲ
928 985 1066 1056 πρὸς
1111 983 1283 1053 τούτῳ
1327 983 1421 1037 καὶ
1453 983 1488 1054 ἡ
1550 981 1658 1037 τῶν
1688 979 2072 1052 πνευματικῶν
2103 979 2357 1052 χορηγία,
2434 978 2530 1033 καὶ
2567 981 2667 1051 τῆς
2726 977 2950 1049 χάριτος
2991 979 3053 1032 τὸ
3111 974 3444 1048 ἀμφιλαφές.
3476 974 3581 1044 Δῆ-

333 1089 424 1142 λον
454 1088 508 1141 δὲ
534 1088 613 1140 ὃτι
635 1086 731 1153 τῆς
766 1085 822 1134 ἐν
855 1078 1102 1151 Χριστῷ.

408 1185 647 1251 Ἕσομαι
675 1179 759 1246 ὡς
783 1179 1002 1247 δρόσος
1026 1173 1106 1239 τῷ
1148 1172 1406 1241 Ἰσραήλ.

399 1271 624 1332 Πάντως
649 1285 752 1321 που
772 1265 1223 1330 καταπιαίνουσα,
1251 1265 1346 1316 καὶ
1382 1260 1789 1333 καταρδεύουσα
1815 1259 1905 1314 τὸν

2081 1165 2240 1221 Vsus.
2284 1163 2338 1219 6.
2383 1164 2488 1218 Ero
2514 1162 2665 1232 quasi
2695 1177 2777 1214 ros
2809 1159 3001 1214 Israel.

2083 1258 2239 1328 193
2264 1256 2442 1312 CLXI.
2489 1254 2825 1311 Omnimodis
2875 1260 3110 1308 mentem
3159 1258 3472 1304 vocatorum
3514 1251 3582 1302 ad

324 1363 450 1419 νοῦν
480 1361 589 1414 τῶν
641 1359 996 1430 κεκλημένων
1041 1358 1124 1418 εἰς
1161 1355 1524 1426 μετάγνωσιν,
1575 1357 1642 1426 τῇ
1701 1353 1907 1408 ἄνωθεν

2036 1349 2381 1406 ιωιιὶιειιιίδιη
2414 1362 2647 1420 superna
2679 1345 3049 1402 consolatione
3077 1341 3482 1413 pinguefaciens
3531 1355 3587 1395 et

325 1452 694 1524 παρακλήσει.
747 1450 914 1520 Δῆλον
959 1448 1016 1502 δὲ
1062 1449 1146 1502 ὅτι
1174 1449 1253 1518 ,τῇ
1309 1445 1624 1517 Πνεύματος
1650 1463 1663 1477 ·
1703 1444 1909 1500 ἄνωθεν

2036 1441 2262 1510 rrigans,
2315 1442 2500 1511 utique
2545 1453 2640 1509 per
2685 1436 2966 1508 Spiritum,
3023 1450 3114 1491 ros
3167 1435 3312 1492 enim
3361 1435 3587 1506 desuper

323 1546 436 1617 γὰρ
468 1548 504 1616 ἡ
539 1544 752 1615 δρόσος.

413 1637 697 1706 Ἀνθήσει
725 1636 807 1700 ὡς
835 1635 1058 1702 κρίνον.

416 1729 696 1794 Ἐκδώσει,
753 1727 904 1797 φησὶ,
925 1726 985 1778 τὸ
1035 1725 1230 1788 εὑῶδες
1283 1724 1341 1777 ὲν
1381 1721 1625 1794 Χριστῷ,
1676 1720 1773 1775 καὶ⁷
1809 1721 1918 1790 τῆς

2014 1531 2181 1586 cadit.

2086 1621 2325 1676 Florebit
2359 1631 2414 1674 ut
2448 1619 2637 1674 lilium.

2086 1711 2291 1766 CLXII.
2325 1710 2558 1778 Eﬂlabit,
2602 1709 2795 1778 inquit,
2837 1707 2890 1762 in
2938 1706 3154 1762 Christo
3200 1722 3422 1762 suavem
3457 1707 3589 1762 odo-

331 1819 570 1890 εὐαγοῦς
593 1796 867 1881 πολιτείας
886 1817 982 1888 τὴν
1009 1816 1289 1887 εὐοσμίαν,
1314 1814 1410 1868 καὶ
1429 1814 1727 1869 άπόλεκτον
1753 1811 1914 1875 ἄνθος

2036 1817 2152 1868 'em,
2175 1814 2228 1858 et
2249 1813 2452 1857 sanctae
2491 1799 2921 1856 conversationis
2955 1797 3325 1869 fragrantiam,
3379 1806 3435 1852 et
3479 1796 3590 1851 ele-

333 1913 490 1966 εσται
529 1909 736 1964 λοιπόν.
1125 1973 1128 1975 λ

403 2005 517 2058 Καὶ
553 2001 742 2068 βαλεῖ
780 1999 889 2066 τὰς
929 1998 1094 2069 ῥίζας
1149 1999 1336 2054 αὑτοῦ
1368 1998 1448 2066 ὠς
1479 1997 1766 2064 Λίϐανος,
1812 2011 1920 2050 πο-

327 2097 653 2166 ρεύσονται
683 2096 736 2147 οὶ
761 2093 974 2147 κλάδοι
999 2109 1139 2146 σου.

407 2187 530 2239 Ὀτι
580 2183 657 2256 μὴ
700 2182 1123 2244 εὑκατάσειστος
1160 2180 1270 2234 τῶν
1317 2181 1679 2234 πιστευόντων
1714 2179 1744 2231 6
1772 2175 1916 2246 νοῦς,

333 2278 454 2331 οὐδὲ
485 2271 595 2330 οἷον
628 2276 845 2345 ἕτοιμος
868 2277 947 2338 εἰς
967 2273 1030 2326 τὸ
1047 2273 1303 2327 νικᾶσθαι
1335 2273 1608 2344 πνεύμασι
1637 2271 1917 2342 πονηροῖς,

333 2375 421 2429 διὰ
464 2374 653 2428 τούτου
687 2368 856 2443 δηλοῖ.
900 2368 1096 2420 Ἔσται
1129 2367 1238 2437 γὰρ
1281 2365 1452 2430 οὕτως
1498 2364 1777 2433 ἀσφαλὴς,
1823 2362 1921 2415 καὶ

333 2466 745 2538 ἐρηρεισμένος,
795 2463 1048 2533 καθάπερ
1077 2458 1268 2532 ἀμέλει
1315 2457 1410 2510 καὶ
1459 2456 1522 2508 τὸ
1558 2453 1652 2509 τοῦ
1685 2454 1920 2507 Λιϐάνου

337 2559 525 2628 φυτὸν,
563 2557 591 2609 δ
611 2557 833 2627 καθίησι
861 2557 958 2626 μὲν
988 2558 1066 2618 εἰς
1101 2551 1260 2624 βάθος
1296 2549 1430 2605 πολὺ
1465 2549 1565 2619 τὴν
1593 2545 1779 2619 ῥίζαν·
1810 2549 1923 2608 τοῖς

337 2665 404 2718 γε
434 2649 539 2719 μὴν
569 2647 772 2702 ἀνωθεν
803 2645 1036 2708 κλάδοις,
1071 2644 1132 2696 οὐ
1163 2641 1396 2713 μετρίως
1427 2637 1736 2710 εὐρύνεται.
1777 2637 1924 2688 Σπα-

341 2738 597 2809 ταλώσης
632 2738 740 2808 γὰρ
774 2736 876 2806 τῆς
910 2735 1084 2806 ῥίζης,
1120 2731 1281 2804 άδραί
1313 2748 1418 2784 που
1449 2730 1667 2793 πάντως
1695 2726 1803 2782 εἰσι),
1833 2726 1926 2780 καὶ

345 2832 404 2884 αἱ
433 2829 539 2884 τῶν
568 2830 827 2900 ὀρπήκων
848 2826 1112 2889 ἐκδόσεις.

417 2921 532 2974 Καὶ
564 2915 736 2973 ἕὰται
765 2917 846 2982 ὡς
871 2916 1048 2969 ἐλαία
1071 2914 1470 2982 κατάκαρπος.

430 3008 715 3079 Ἀειθαλὴς
742 3006 985 3078 δηλονότι
1013 3005 1105 3058 καὶ
1134 3002 1431 3074 εῦκαρπος,
1460 2999 1700 3055 τοιοῦτον
1731 2999 1839 3070 γὰρ
1867 2999 1926 3052 τὸ

333 3101 532 3173 φυτόν.

411 3192 523 3249 Καὶ
553 3191 888 3260 ὅσφρανσις
920 3187 1108 3243 αὑτοῦ
1133 3187 1214 3254 ὡς
1232 3184 1501 3241 λιϐάνου.

410 3283 791 3355 Εὺοσμότατον
826 3280 1021 3350 κομιδῇ
1062 3278 1155 3332 τοῦ
1194 3278 1410 3332 λιϐάνου
1434 3277 1497 3330 τὸ
1531 3273 1737 3348 χρῆμα.
1784 3275 1925 3330 Tati-

338 3392 410 3448 τῃ
435 3391 519 3426 τοι
555 3373 652 3426 καὶ
689 3371 763 3434 ὼς
795 3369 940 3440 ἱερὸν
981 3367 1059 3438 τῷ
1113 3366 1253 3438 Θεῷ,
1283 3367 1376 3420 καὶ
1422 3369 1452 3420 6
1501 3366 1746 3429 Μωσέως
1799 3365 1929 3418 αὐτὸ

345 3462 848 3535 κατεχρησμῴδησε
879 3461 1065 3531 νόμος.
1107 3459 1330 3529 Λιϐάνῳ
1371 3457 1480 3529 γὰρ
1511 3458 1622 3511 δεῖν
1651 3457 1930 3512 καταπάτ-

351 3557 537 3611 τεσθαι
601 3555 701 3625 τὴν
759 3550 1179 3622 προσαγομένην
1223 3548 1525 3625 *σεμίδαλιν
1578 3548 1659 3609 εἰς
1718 3545 1926 3611 θυσίαν,

346 3650 604 3704 διετύπου
633 3621 936 3714 πολλαχῶς.
969 3641 1189 3711 Εὺώδης
1219 3621 1313 3694 οῦν
1346 3639 1522 3702 ἔσται,
1555 3636 1741 3708 φησὶν,
1764 3637 1794 3689 6
1822 3637 1931 3690 τῶν

348 3738 701 3809 κεκλημένων
727 3734 960 3806 καρπὸς,
989 3733 1080 3786 καὶ
1105 3729 1509 3802 εὐπαράδεκτος
1528 3730 1608 3792 εἰς
1634 3725 1826 3782 θυσίαν
1853 3726 1933 3798 τῷ

349 3831 482 3900 φιλα
490 3832 625 3901 ρέτῳ
658 3827 798 3898 Θεῷ.

436 3919 927 3989 Ἐπιστρέψουσι,
967 3915 1067 3970 καί
1109 3914 1453 3970 καθιοῦνται
1481 3915 1598 3969 ὑπὸ
1632 3912 1750 3982 τὴν
1788 3909 1934 3966 σκέ-

348 4031 482 4082 πην
507 4011 715 4067 αὑτοῦ.

428 4102 610 4168 ΡΞςι.
663 4099 1117 4163 Ἀποπαύσονται,
1147 4097 1301 4168 φησὶ,
1331 4095 1442 4151 τῶν
1473 4095 1716 4167 ἀρχαίων
1763 4096 1940 4148 αἰτια-

362 4198 576 4267 μάτων,
605 4194 698 4246 καὶ
724 4193 1175 4261 ὑπονοστήσουσιν
1195 4188 1461 4251 εὐσθενῶς
1483 4191 1563 4250 εἰς
1580 4189 1640 4240 τὸ
1660 4187 1940 4257 λατρεύειν

358 4286 484 4356 Θεῷ
520 4286 680 4350 ζῶντι
741 4285 835 4338 καὶ
863 4280 1122 4354 ἀληθινῷ,
1169 4281 1265 4333 καὶ
1299 4280 1390 4332 ὑπ’
1433 4279 1582 4350 αὐτῷ
1624 4281 1942 4350 γενήσονται

362 4377 735 4451 μονοτρόπως,
778 4375 840 4428 οὑ
878 4373 1010 4444 παρ’
1059 4371 1248 4442 ἐτέρου
1285 4369 1350 4422 τὸ
1380 4368 1651 4435 σώζεσθαι
1683 4370 1790 4423 ἀπὸ
1833 4368 1943 4422 τῶν

2017 1905 2141 1952 ctus
2171 1895 2224 1949 iu
2256 1893 2496 1948 futurum
2524 1892 2622 1948 ﬂos
2653 1891 2780 1946 erit.

2089 1986 2157 2040 Et
2185 1987 2356 2040 mittet
2390 1984 2591 2038 radices
2632 1998 2756 2038 suae
2791 1981 2944 2052 quasi
2983 1980 3236 2044 Libertus,
3277 1978 3423 2034 ibunt
3459 1980 3593 2031 rami

2019 2077 2153 2148 ejus.

2091 2168 2316 2224 CLXIII.
2349 2168 2580 2224 Mentem
2605 2168 2936 2223 credentium
2967 2165 3055 2220 vix
3097 2179 3130 2219 a
3174 2177 3272 2219 suo
3312 2172 3453 2218 statu
3508 2161 3594 2216 di-

2021 2261 2251 2326 moveri,
2278 2275 2451 2330 neque
2478 2259 2620 2314 vinci
2651 2257 2804 2313 facile
2831 2271 2989 2328 posse
3027 2269 3057 2310 a
3101 2254 3350 2325 malignis
3392 2254 3596 2324 spiriti-

2023 2355 2125 2411 bus
2151 2355 2236 2408 his
2266 2352 2444 2407 verbis
2479 2351 2702 2408 indicat.
2730 2351 2880 2405 Adeo
2907 2347 3176 2419 siquidem
3207 2356 3318 2401 tuta
3345 2357 3402 2401 et
3438 2346 3593 2400 ﬁrma

2023 2456 2128 2512 est,
2163 2455 2221 2499 ut
2248 2443 2410 2498 arbor
2451 2443 2702 2498 nimirum
2727 2441 2780 2495 in
2815 2451 2998 2495 monte
3016 2437 3245 2502 Libano,
3287 2450 3406 2507 quae
3434 2438 3598 2490 mittit

2024 2537 2241 2605 quidem
2269 2534 2321 2588 in
2347 2531 2672 2604 profundum
2707 2531 2967 2596 radicem,
3006 2539 3238 2598 superne
3283 2537 3466 2582 autem
3511 2540 3598 2579 ra-

2026 2627 2130 2681 mis
2152 2624 2329 2694 ample
2351 2622 2629 2678 dilatatur.
2658 2619 2808 2675 Actis
2835 2620 2978 2674 euim
3000 2618 3108 2675 alte
3123 2614 3410 2687 radicibus,
3434 2614 3596 2671 etiam

2028 2719 2165 2775 rami
2186 2716 2407 2775 omnino
2435 2714 2595 2770 latius
2621 2721 3005 2786 prepagantur.

2099 2919 2268 2974 Vsus.
2301 2917 2352 2971 7.
2386 2917 2451 2971 Et
2479 2916 2576 2970 erit
2600 2913 2756 2985 quasi
2785 2910 2920 2966 oliva
2947 2905 3248 2978 fructifera.

2097 3005 2326 3062 CLXlV.
2377 3003 2603 3073 Semper
2659 3001 2840 3055 virens
2892 2997 3141 3052 videlicet
3185 3001 3241 3050 et
3284 2990 3599 3058 fructifera;

2031 3097 2134 3150 tale
2159 3102 2246 3150 est
2273 3093 2412 3148 enim
2438 3104 2606 3162 genus
2631 3089 2840 3144 arboris
2869 3086 3032 3142 oliva.

2097 3186 2167 3242 Et
2199 3186 2330 3240 odor
2352 3184 2465 3253 ejus
2490 3192 2545 3236 ut
2571 3182 2762 3235 thuris.

2097 3273 2305 3332 CLXV.
2339 3271 2790 3332 Odoratissimum
2817 3275 2902 3324 est
2927 3267 3071 3323 thus.
3119 3264 3387 3333 Quocirca
3429 3263 3602 3334 ipsum

2027 3379 2084 3424 et
2108 3367 2330 3424 oracula
2360 3367 2492 3437 legis
2539 3363 2790 3419 Mosaicae
2827 3357 3058 3416 Domino
3084 3366 3332 3413 sanctum
3360 3369 3480 3412 esse
3511 3369 3607 3410 vo-

2028 3463 2264 3517 luerunt.
2298 3458 2682 3529 Saepenumero
2714 3454 2858 3512 enim
2883 3451 3211 3509 offerendam
3238 3449 3351 3503 Deo
3373 3446 3603 3503 similam

2031 3557 2084 3610 in
2115 3553 2466 3617 sacriﬁcium,
2498 3550 2652 3606 thure
2685 3559 3029 3617 conspersam
3057 3539 3438 3598 sanxerunt“.
3465 3538 3609 3592 Odo-

2035 3645 2165 3701 rifer
2189 3653 2276 3700 est
2303 3646 2490 3713 igitur,
2528 3640 2725 3710 inquit,
2751 3647 3068 3691 vocatorum
3100 3633 3324 3694 fructus,
3365 3638 3422 3684 et
3449 3641 3608 3683 acce-

2035 3735 2251 3807 ptabilis
2281 3735 2336 3788 in
2366 3729 2693 3788 sacriﬁcium
2724 3727 2852 3790 Deo,
2888 3723 2982 3793 qui
3016 3722 3271 3776 virtutem
3294 3716 3493 3786 diligit.

2108 3915 2275 3970 Vsus.
2313 3913 2366 3970 8.
2424 3909 2821 3972 Convertentur,
2874 3911 2926 3960 et
2975 3900 3225 3958 sedebant
3276 3898 3372 3954 sub
3428 3898 3613 3954 umbra

2037 4027 2340 4158 ejuc’wa.
2365 4097 2553 4153 Finem
2584 4094 2882 4161 imponent,
2915 4085 3109 4155 inquit,
3137 4082 3373 4154 peccatis
3411 4079 3614 4137 veteri-

2040 4195 2160 4258 bus,
2197 4201 2252 4245 et
2296 4200 2418 4244 cum
2456 4185 2609 4241 suavi
2641 4183 2805 4238 odore
2840 4180 2908 4235 ad
2942 4177 3109 4232 Deum
3169 4176 3349 4230 vivum
3396 4188 3616 4230 verum-

2042 4300 2145 4355 que
2166 4281 2448 4339 cnlendum
2499 4279 2544 4309 ⁸³
2585 4271 2978 4344 regredientur,
3019 4265 3206 4338 illique
3249 4263 3619 4320 tantummodo

2043 4374 2421 4446 subjicientur,
2449 4383 2554 4423 non
2588 4367 2656 4421 ab
2678 4365 2807 4429 alio,
2842 4363 2934 4418 sed
2957 4360 3026 4416 ab
3060 4359 3152 4416 illo
3191 4356 3306 4415 solo
3343 4355 3619 4412 liberatio-

359 4449 592 4545 ἐχθρῶν,
620 4469 761 4525 ἀλλὰ
785 4467 916 4540 παρ’
941 4465 1104 4520 αὐτοῦ
1135 4464 1541 4537 προσδοκῶντες
1563 4463 1745 4535 μόνου.
1773 4463 1931 4517 Τοῦτέ

2046 4482 2168 4522 nem
2205 4467 2272 4520 ab
2310 4463 2556 4520 hostibus
2599 4462 2999 4529 exspectantes.
3053 4452 3167 4507 Hoc
3213 4449 3476 4522 praeclare
3518 4449 3621 4503 im-

358 4585 444 4620 τοι
477 4564 758 4638 πληροῦσα
783 4561 965 4624 καλῶς
992 4563 1024 4631 ἡ
1059 4557 1120 4625 ἐξ
1142 4559 1312 4613 ἐθνῶν
1358 4558 1673 4629 Ἐκκλησία,
1697 4559 1827 4630 περὶ
1847 4558 1942 4612 τοῦ

360 4661 580 4712 πάντων
601 4657 870 4727 Σωτῆρος,
893 4652 1080 4724 φησὶν,
1105 4653 1163 4705 ἐν
1179 4651 1256 4722 τῷ
1276 4651 1515 4722 ’ᾼσματι
1531 4651 1638 4704 τῶν
1661 4650 1949 4722 ᾀσμάτων·

241 4795 264 4814 ,
366 4770 386 4802 ι
419 4750 507 4802 Ἐν
530 4751 596 4818 τῇ
632 4749 756 4815 σκιᾷ
789 4745 954 4799 αὐτοῦ
985 4743 1326 4813 ἐπεθύμησα,
1355 4743 1448 4796 καὶ
1475 4741 1726 4796 ἐκάθισα.
1760 4760 1778 4793 ι
1822 4741 1950 4804 Τοῖς

357 4839 524 4895 τοῦτο
542 4839 676 4909 δρᾷν
702 4838 946 4892 εἰωθόσιν
984 4836 1327 4906 ὲπιφωνείτω
1362 4834 1534 4902 λέγων
1566 4834 1661 4888 καὶ
1687 4835 1716 4886 6
1748 4833 1948 4887 θεσπέ-

366 4949 486 4995 σιος
517 4930 677 4984 Δαϐίδ
697 4946 708 4958 ·
745 4947 765 4980 ι
787 4929 1026 5000 Ἡμέρας
1064 4930 1091 4981 6
1116 4927 1268 4998 ἥλιος
1303 4926 1361 4978 οὐ
1392 4923 1688 4994 συγκαύσει
1721 4940 1801 4991 σε,
1828 4923 1948 4976 οὐδὲ

364 5029 400 5098 ἡ
432 5022 626 5093 σελήνη
654 5022 752 5092 τὴν
775 5025 963 5077 νύκτα.
993 5041 1012 5074 ι
1045 5019 1215 5072 Τοῦτο
1247 5021 1358 5082 τοῖς
1394 5017 1770 5090 ἀρχαιοτέροις
1814 5018 1946 5068 ἐπε-

366 5115 578 5168 τελεῖτο
623 5111 774 5183 παρὰ
816 5112 970 5176 Θεοῦ,
1013 5112 1243 5182 νεφέλης
1287 5111 1469 5174 αὐτοῖς
1518 5108 1948 5176 ὲπισκιαζούσης

368 5207 515 5262 κατὰ
548 5205 646 5276 τὴν
675 5203 902 5274 ἔρημον,
938 5204 1031 5256 καὶ
1067 5205 1166 5273 τὴν
1213 5203 1442 5266 ἄνωθεν,
1489 5202 1586 5254 καὶ
1624 5200 1774 5269 παρὰ
1811 5196 1946 5251 Θεοῦ

370 5298 576 5368 σκηνὴν
613 5295 1014 5364 ὑποφαινούσης
1042 5295 1292 5358 ἀστείως.
1328 5292 1400 5357 Εὖ
1431 5294 1487 5346 δὲ
1519 5293 1586 5362 δὴ
1622 5291 1817 5360 σφόδρα
1857 5290 1951 5342 καὶ

368 5389 432 5442 τὸ
493 5407 510 5439 ι
540 5385 919 5448 καθιοῦνται,›
993 5385 1178 5455 φησὶν,
1230 5385 1317 5435 ἵνα
1366 5383 1425 5434 τὸ
1474 5380 1704 5451 βεϐηκὸς
1755 5380 1847 5432 καὶ
1891 5378 1952 5430 τὸ

2046 4559 2202 4631 piens
2247 4556 2470 4613 collecta
2518 4567 2586 4607 ex
2639 4548 2890 4622 gentibus
2935 4543 3200 4612 Ecclesia,
3256 4541 3322 4598 de
3380 4541 3620 4597 omnium

2048 4650 2329 4706 Salvatore
2354 4647 2407 4699 in
2439 4643 2662 4700 Cantico
2692 4639 3051 4702 canticorum,
3084 4634 3300 4704 inquit:
3337 4649 3357 4686 ι
3399 4631 3458 4686 1n
3501 4645 3623 4686 um-

2048 4743 2146 4799 bra
2181 4741 2320 4795 illius
2347 4734 2670 4798 desideravi,
2703 4741 2759 4786 et
2787 4729 2901 4786 sedi
2930 4727 2999 4782 ³³.
3033 4745 3052 4780 ι
3102 4725 3180 4781 lta
3224 4725 3402 4781 facere
3449 4721 3625 4778 solitis

2050 4835 2313 4890 acclamet
2342 4831 2531 4885 beatus
2556 4824 2728 4881 David
2759 4840 2772 4878 :
2812 4842 2830 4875 ι
2862 4821 2968 4877 Per
2997 4821 3137 4876 diem
3164 4819 3244 4876 sol
3268 4833 3374 4873 non
3405 4825 3525 4872 uret
3549 4824 3622 4880 te,

2054 4943 2226 4998 neque
2249 4926 2371 4980 luna
2398 4937 2493 4993 per
2517 4927 2733 4975 noctem
2759 4916 2824 4971 ἰ.
2862 4934 2881 4967 ι
2907 4914 3019 4970 Hoc
3042 4909 3426 4968 vetustioribus
3451 4923 3481 4961 a
3511 4901 3632 4962 Deo

2053 5018 2452 5092 praestabatur,
2506 5011 2648 5067 nube
2708 5009 2830 5063 illos
2880 5020 2977 5076 per
3027 5002 3276 5092 diem_in
3334 4999 3625 5092 solitudine

2052 5085 2411 5164 obumbrante
2437 5102 2506 5167 ",
2553 5107 2955 5167 supernumque
3011 5100 3066 5146 et
3095 5089 3335 5145 divinum
3371 5085 3624 5141 taberna-

2055 5199 2233 5254 culum
2262 5195 2496 5265 jucunde
2543 5193 2980 5244 submonstrante
3012 5183 3080 5239 “.
3128 5180 3298 5234 Recte
3334 5175 3623 5232 admodum

2047 5297 2371 5360 prwterea,r
2409 5282 2690 5345 scdebunt,
2733 5297 2754 5331 ι
2800 5275 2994 5346 inquit,
3045 5279 3102 5325 ut
3153 5270 3279 5325 hinc
3326 5265 3626 5337 constantia

2049 5357 2104 5436 et
2144 5374 2419 5431 ﬁrmitudo
2455 5371 2749 5428 voluntatis
2791 5362 3220 5423 convertentium
3255 5373 3315 5416 se
3359 5357 3627 5428 intelliga-

371 5479 654 5550 ἱδρυμένον
693 5475 949 5546 ἀσφαλῶς
978 5475 1077 5545 τῆς
1117 5475 1224 5527 τῶν
1264 5473 1702 5542 ἐπιστρεφόντων
1732 5470 1956 5542 γνώμης
2054 5480 2160 5526 tur.

368 5571 460 5624 διὰ
487 5569 676 5623 τούτου
706 5570 913 5638 νοῆται.

447 5767 494 5798 ¹⁹
531 5767 685 5820 Rom.
727 5784 800 5824 tv.
833 5770 914 5822 l2.
993 5771 1032 5800 ἰ
1070 5768 1243 5823 chil.
1275 5765 1412 5829 ",1.
1489 5766 1530 5798 “
1567 5765 1586 5816 ι
1626 5761 1818 5820 Thess.
1860 5782 1897 5830 ι,

2065 5759 2110 5792 ’³
2145 5759 2300 5814 Cant.
2336 5769 2395 5819 tt,
2430 5753 2480 5805 5.
2558 5750 2604 5782 ⁸
2632 5746 2781 5805 Psal.
2813 5762 2939 5816 cxx,
2971 5748 3025 5806 6.
3098 5745 3145 5779 “
3177 5740 3346 5800 Exod.
3386 5745 3509 5794 xm,
3532 5726 3628 5780 21.

373 5841 424 5875 ’⁸
453 5839 622 5893 Exod.
655 5854 742 5903 χι,
769 5839 854 5892 52.
