4034 6270
480 380 587 445 3‘23

1469 380 1528 438 s.
1571 372 1849 438 CYRILLI
1890 367 2358 436 AL’E‘XAN'DRINI
2400 364 2714 432 AIICHIEP.

3638 381 3749 438 324

553 505 716 580 195.
737 493 942 562 CXVII.
983 502 1187 568 Vivent,
1209 515 1258 558 et
1295 503 1694 558 inebriabuntur
1722 507 2008 575 frumento.

2234 500 2557 566 Ζήούνται,
2593 498 2693 552 καὶ
2717 494 3208 566 μεθυσθήσονται
3233 495 3400 561 σίτῳ.

550 601 680 656 Haec
704 607 832 656 sunt
863 597 1228 653 conversionis
1268 607 1323 652 ct
1364 597 1677 653 stabilitatis
1717 599 1856 654 dona
1901 613 2056 654 acce-

483 692 724 762 ptabilia.
754 688 821 743 Et
849 690 972 743 vitae
1012 697 1248 754 aeternae,
1294 689 1488 758 inquit,
1534 689 1825 761 participes
1871 700 2052 756 erunt,

480 795 536 839 et
566 785 765 837 virtute
786 781 1152 846 abundabunt,
1186 780 1477 850 spirituali,
1512 783 1754 852 inquam,
1785 784 1886 839 hoc
1912 785 2055 838 enim

482 884 610 944 puto
634 873 772 928 velle
808 872 960 938 illud,
995 890 1014 923 ι
1057 874 1471 928 inebriabuntur
1505 874 1796 930 frumento.
1836 893 1856 927 ι
1911 875 2056 930 Scri-

473 976 632 1035 ptum
667 978 830 1032 porro
882 973 1078 1028 exstat,
1133 981 1153 1016 ¢
1218 966 1372 1034 panis
1427 981 1524 1021 cor
1574 966 1808 1021 hominis
1856 966 2057 1022 conﬁr-

484 1067 596 1112 mat
629 1057 694 1111 ³⁷.
731 1074 750 1108 ι
779 1056 1018 1125 Corpora
1052 1057 1195 1110 enim
1243 1058 1663 1126 congruentibus
1716 1059 2059 1114 nutrimentis

482 1151 744 1220 gaudent;
775 1149 1014 1203 animum
1048 1161 1180 1202 vero
1218 1149 1451 1203 hominis
1477 1150 1687 1204 divinus
1719 1157 1772 1203 et
1821 1149 2058 1205 caelestis

483 1257 664 1296 sermo
688 1240 1024 1295 corroborat.
1058 1238 1194 1306 Quia
1221 1255 1453 1310 namque
1495 1254 1562 1293 ex
1593 1255 1656 1294 eo
1703 1241 1769 1294 ab
1815 1241 2057 1296 imbecil-

484 1331 634 1386 litate
666 1330 731 1384 ad
762 1328 926 1384 robur
954 1329 1183 1382 transire
1211 1336 1394 1396 queat,
1431 1343 1495 1382 ex
1524 1343 1708 1384 errore
1735 1330 1801 1384 ad
1825 1329 2059 1399 agnitio-

485 1436 608 1476 nem
639 1421 731 1474 Dei
757 1434 876 1474 sese
904 1428 1244 1485 convertens,
1288 1429 1344 1474 et
1393 1435 1424 1475 e
1479 1418 1650 1474 foveis
1698 1421 2060 1490 improbitatis

484 1509 662 1565 valide
704 1511 772 1564 ad
811 1510 1065 1565 virtutem
1116 1510 1574 1580 complectendam
1626 1511 1902 1579 exsiliens,
1953 1528 2060 1568 non

484 1611 570 1657 est
601 1617 698 1656 cur
727 1602 1021 1668 dubitetur,
1068 1602 1499 1672 quandoquidem
1549 1618 1736 1660 revera
1777 1604 2062 1660 imbecilli-

486 1691 614 1746 tatis
640 1691 794 1761 culpa
822 1699 926 1755 cst,
958 1691 1012 1744 in
1043 1693 1322 1759 segnitiem
1358 1701 1414 1747 et
1439 1694 1737 1748 mundanas
1755 1694 2061 1765 voluptates

486 1783 696 1852 prolabi
729 1791 784 1837 et
816 1782 974 1838 idolis
1003 1783 1242 1839 colendis
1275 1782 1549 1842 delectari.
1602 1784 1914 1854 Spiritualis
1965 1802 2061 1842 au-

2228 587 2397 647 Αὗται
2437 593 2536 662 τῆς
2582 589 2920 659 ἐπιστροφῆς
2951 587 3174 658 καὶτῆς
3215 586 3561 658 ἑδραιότητος
3600 589 3748 656 ἀξιό-

2155 686 2351 756 ληπτοι
2402 681 2624 754 δωρεαί.
2671 680 2784 734 Καὶ
2818 679 2964 749 ζωῆς
3007 677 3116 749 γὰρ
3156 677 3391 743 ἔσονται,
3443 680 3600 749 φησὶ,
3643 680 3750 750 τῆς

2157 778 2376 831 αἰωνίου
2420 774 2659 846 μέτοχοι,
2696 772 2790 825 καὶ
2819 772 2878 824 ἐν
2910 768 3233 840 πλεονασμῷ
3259 768 3564 839 δυνάμεως,
3587 771 3749 841 δῆλον

2157 868 2212 921 δὲ
2260 869 2341 920 ὅτι
2383 863 2786 934 πνευματικῆς.
2827 859 2999 914 Τοῦτο
3042 859 3152 931 γὰρ
3209 854 3365 930 οἶμαι
3432 859 3629 930 δηλοῦν
3661 863 3745 927 τὸ,

2165 977 2184 1009 ι
2207 954 2640 1027 μεθυσθήσονται
2685 953 2840 1022 σίτῳ.
2865 969 2884 1004 >
2941 951 3255 1022 Γέγραπται
3290 949 3369 1015 δὲ,
3405 951 3489 1003 ὅτι
3541 971 3559 1002 ι
3583 952 3749 1022 ἄρτος

2162 1047 2410 1120 στηρίξει
2451 1045 2681 1118 καρδίαν
2710 1041 3017 1116 ἀνθρώπου.
3039 1061 3057 1093 ι
3093 1040 3331 1112 Σώματα
3365 1042 3464 1112 μὲν
3486 1041 3597 1113 γὰρ
3627 1047 3747 1107 ταῖς

2160 1139 2520 1209 καταλλήλοις
2582 1137 2770 1208 ἥδεται
2825 1137 3074 1206 τροφαῖς.
3132 1135 3327 1204 Ψυχὴν
3370 1134 3429 1186 δὲ
3460 1133 3748 1205 ἀνθρώπου

2163 1229 2310 1293 θεῖός
2351 1247 2433 1293 τε,
2477 1228 2572 1282 καὶ
2605 1226 2813 1282 ἀνωθεν
2852 1227 3129 1295 διανευροῖ
3174 1224 3352 1294 λόγος.
3389 1225 3512 1278 Ὅτι
3550 1226 3657 1295 γὰρ
3690 1226 3749 1293 ἐξ

2159 1321 2442 1384 ἀσθενείας
2469 1323 2546 1383 εἰς
2575 1319 2804 1390 δύναμιν
2825 1319 3275 1389 μεταφοιτήσειεν
3297 1318 3385 1381 ἂν,
3404 1319 3749 1389 ἐπιστρέφων

2159 1416 2224 1468 ἐκ
2266 1413 2476 1482 πλάνης
2522 1411 2662 1482 πρὸς
2709 1410 3003 1478 ἐπίγνωσιν
3035 1408 3192 1471 Θεοῦ,
3245 1409 3339 1462 καὶ
3375 1409 3441 1461 ἐκ
3489 1409 3595 1461 τῶν
3647 1412 3750 1480 τῆς

2161 1505 2494 1575 φαυλότητος
2527 1502 2736 1573 βόθρων
2761 1499 3136 1571 ἀναθρώσκων
3163 1500 3436 1564 εὐσθενῶς
3457 1501 3535 1563 είς
3563 1501 3750 1569 ἔφεσιν

2160 1596 2385 1667 ἀρετῆς,
2424 1593 2542 1657 πῶς
2562 1593 2709 1646 ἐστιν
2738 1590 3068 1662 ἀμφιϐαλεῖν
3095 1607 3110 1656 ;
3154 1591 3325 1657 Εἴπερ
3360 1591 3510 1644 ἐστὶν
3538 1591 3752 1661 ἀληθῶς

2159 1686 2445 1750 ἀσθενείας
2474 1685 2573 1755 μὲν
2597 1683 2874 1754 ἔγκλημα,
2895 1682 2956 1735 τὸ
2977 1682 3306 1737 ἀναπίπτειν
3340 1682 3422 1746 είς
3455 1681 3743 1754 ῥᾳθυμίας,

2162 1780 2260 1832 καὶ
2308 1778 2391 1841 εἰς
2436 1775 2634 1846 ἡδονὰς
2689 1773 2981 1845 κοσμικὰς,
3041 1773 3134 1826 καὶ
3177 1774 3258 1837 εἰς
3290 1773 3351 1826 τὸ
3394 1774 3747 1844 προσκεῖσθαι

488 1882 596 1928 tem
627 1872 834 1928 roboris
857 1873 1067 1944 insigne
1099 1873 1308 1929 facinus
1337 1874 1686 1944 perspicitur,
1719 1875 1974 1932 alacriter
1991 1877 2060 1932 ad

2171 1869 2344 1940 φιλεῖν
2377 1871 2501 1932 ταῖς
2532 1867 2641 1921 τῶν
2686 1866 2921 1920 εἰδώλων
2963 1865 3268 1936 λατρείαις.
3311 1865 3517 1935 ’ἰσχύος
3560 1866 3620 1918 δὲ
3656 1866 3750 1936 τῆς

489 1969 627 2023 bona
656 1968 930 2037 operanda
959 1969 1293 2036 incumbere,
1317 1977 1666 2040 statuereque
1687 1971 1911 2042 insuper
1925 1972 2058 2028 cha~

486 2053 648 2108 ritate
674 2069 802 2124 erga
838 2055 1008 2110 Deum
1043 2055 1178 2112 nihil
1220 2071 1341 2114 esse
1393 2062 1755 2128 praestantius,
1813 2075 1878 2118 ac
1923 2063 2060 2118 citra

487 2147 716 2218 lapsum,
753 2155 960 2204 etcum
996 2148 1163 2205 animi
1192 2150 1538 2207 contentione
1569 2152 1809 2208 viam-eo
1860 2153 2061 2210 ducen-

489 2249 596 2295 tem
621 2238 920 2296 ambulare.

436 2473 449 2495 ι
556 2415 628 2472 Et
677 2417 882 2488 ﬂorebit
937 2422 1092 2490 quasi
1137 2422 1290 2478 uinea
1341 2422 1648 2478 memoriale
1701 2423 1834 2491 ejus,
1907 2427 2060 2495 quasi

484 2512 660 2564 vinum
689 2510 883 2565 thuris.

525 2612 530 2614 '
555 2600 834 2658 CLXVIII.
870 2603 961 2659 Ait
992 2604 1189 2661 alicubi
1223 2606 1363 2663 Deus
1387 2608 1452 2663 ad
1478 2608 1786 2665 Judaaorum
1811 2619 2059 2679 matrem,

484 2690 587 2747 hoc
614 2703 718 2758 est,
752 2691 1089 2766 Synagogam
1125 2713 1141 2750 :
1185 2713 1204 2748 ι
1233 2696 1345 2768 Ego
1381 2709 1560 2755 autem
1606 2701 1840 2771 plantavi
1879 2709 1934 2757 te
1984 2703 2063 2758 vi-

486 2797 642 2839 neam
671 2784 1033 2855 fructiferam,
1070 2803 1287 2846 omnem
1331 2805 1515 2847 veram
1553 2793 1620 2865 $8.
1658 2812 1677 2845 ›
1718 2795 1901 2850 Psallit
1929 2809 2064 2864 quo-

484 2887 590 2940 que
614 2878 682 2930 de
714 2889 777 2930 ea
811 2876 967 2931 nobis
998 2878 1212 2934 divinus
1244 2880 1416 2936 David
1449 2899 1463 2936 :
1501 2900 1523 2932 ι
1578 2882 1804 2938 Vineam
1848 2887 1916 2941 de
1958 2885 2062 2942 ΑΕ-

484 2972 650 3034 gypto
710 2967 1066 3032 transtulisti;
1137 2967 1342 3036 eiecisti
1404 2980 1625 3040 gentes,
1699 2984 1755 3030 et
1808 2979 2062 3045 plantasti

486 3068 606 3108 eam
646 3053 714 3107 ”.
750 3071 768 3105 ›
803 3053 989 3123 Itaque
1030 3057 1188 3111 vinea
1228 3058 1453 3127 pulchre
1507 3062 1817 3132 palmitibus
1868 3066 2061 3123 diIi‘usa

485 3152 603 3198 erat
628 3143 816 3198 Israel.
846 3143 1137 3216 Postquam
1195 3159 1373 3204 autem
1423 3153 1610 3209 multis
1649 3157 1824 3214 modis
1867 3158 1920 3213 in
1968 3161 2061 3217 Dei

485 3233 744 3291 offensam
771 3236 1046 3293 incurrit:
1087 3257 1107 3291 ι
1147 3240 1426 3298 Destruxit
1467 3245 2060 3308 Dominus'maceriatn
2092 3220 2135 3279 ϐ

484 3325 628 3394 ejus,
657 3333 713 3380 et
754 3326 1295 3388 vindemiarunteam
1356 3349 1543 3394 omnes
1594 3339 1686 3406 qui
1741 3352 2064 3415 praetergre-

487 3418 711 3470 uiuntur
737 3417 899 3474 viam.
925 3415 1172 3477 Vastavit
1195 3438 1315 3479 eam
1349 3440 1481 3496 aper
1511 3430 1578 3484 de
1600 3431 1756 3498 silva,
1782 3444 1838 3488 et
1883 3437 2066 3492 asinus

489 3509 720 3578 agrestis
753 3521 938 3579 pastus
973 3524 1053 3570 est
1083 3531 1202 3571 eam
1251 3519 1318 3571 “.
1360 3537 1378 3571 ι
1417 3520 1601 3578 Posita
1627 3534 1712 3580 est
1743 3527 1886 3581 enim
1922 3530 2068 3585 velut

488 3602 544 3657 in
571 3603 1036 3662 conculcationem
1081 3607 1124 3640 ³ι
1180 3624 1376 3668 nocere
1410 3615 1736 3684 volentibus,
1783 3621 1966 3688 porcis
2013 3630 2068 3675 et

487 3691 656 3747 asinis
683 3693 1045 3764 depascenda,
1077 3698 1178 3754 hoc
1201 3710 1304 3767 est,
1339 3701 1703 3773 voluptatibus
1730 3717 1784 3763 et
1799 3710 2003 3766 aversis
2035 3726 2065 3764 a

490 3784 699 3840 ratione
759 3787 1016 3844 motibus.
1073 3789 1280 3846 Idcirco
1334 3798 1618 3852 emarcuit.
1680 3798 2065 3856 Verumtamen

486 3873 733 3930 reﬂoruit
759 3877 814 3931 in
840 3879 1058 3935 Christo
1090 3883 1408 3939 memoriale
1448 3885 1584 3954 ejus,
1639 3905 1831 3960 nempe
1880 3891 2063 3948 Israel.

488 3963 801 4024 Memoriale
834 3970 987 4035 dicit,
1017 3973 1142 4038 quia
1178 3988 1284 4028 non
1321 3991 1509 4032 omnes
1559 3981 1927 4050 crediderunt,
1971 3986 2066 4040 sed

487 4056 641 4125 quasi
673 4057 726 4111 in
757 4063 1071 4117 memoriam
1093 4063 1211 4132 ejus
1257 4075 1485 4121 servatae
1521 4079 1645 4123 sunt
1674 4071 1933 4140 reliquiae.
1959 4072 2065 4126 Fa-

488 4156 579 4200 cta
604 4154 687 4202 est
721 4159 904 4205 autem
945 4150 1228 4221 Ephraim,
1268 4156 1384 4212 sive
1432 4156 1597 4213 Israel
1644 4162 1820 4231 gratia
1873 4177 1904 4216 a
1957 4165 2066 4221 Deo

488 4237 767 4307 impertita
797 4249 857 4296 ut
899 4243 1085 4299 vinum
1135 4245 1346 4314 Libani,
1405 4248 1512 4305 hoc
1570 4259 1653 4308 est
1699 4253 1969 4311 odorifera
2012 4268 2068 4312 et

487 4327 783 4400 fragrantia
814 4332 960 4388 thuri
989 4350 1178 4404 parum
1199 4373 1201 4376 ι
1226 4342 1551 4398 concedens.
1586 4344 1852 4402 Dicuntur
1882 4356 2066 4404 autem

488 4419 606 4477 haec
633 4423 700 4479 de
719 4424 963 4493 Christo,
985 4428 1065 4484 de
1093 4443 1204 4500 quo
1237 4431 1366 4486 item
1409 4435 1603 4491 beatus
1633 4435 1826 4494 Sirach
1857 4457 1870 4494 :
1907 4441 2066 4512 195

492 4530 514 4564 ς
554 4512 753 4569 Vinum
787 4515 1025 4574 laetiﬁcat
1053 4535 1148 4575 cor
1179 4521 1416 4580 hominis
1441 4526 1562 4594 ³⁸·,ι
1597 4531 1683 4583 cui
1710 4537 1769 4584 ut
1801 4546 1900 4587 nos
1944 4549 2063 4588 ωει-

2167 1960 2544 2030 πνευματικῆς
2575 1957 2829 2028 λαμπρὸν
2867 1959 3068 2010 νοεῖται
3107 1955 3461 2028 κατόρθωμα.
3494 1956 3568 2009 Τὸ
3614 1957 3752 2024 ἀγα-

2170 2050 2424 2122 θουργεῖν
2455 2048 2673 2101 ἑλέσθαι
2700 2045 3021 2117 προθύμως,
3053 2045 3304 2117 ἡγεῖσθαί
3330 2063 3390 2098 τε
3419 2044 3557 2116 πρὸς
3578 2046 3756 2117 τούτῳ

2165 2143 2265 2214 τῆς
2291 2144 2374 2206 εἰς
2413 2141 2546 2194 Θεὸν
2567 2138 2792 2209 ἀγάπης
2820 2138 2881 2192 τὸ
2903 2138 3129 2209 ἄμεινον
3149 2138 3326 2204 οὐδὲν,
3363 2139 3458 2192 καὶ
3486 2139 3760 2193 ἀδιαπτώ-

2164 2250 2276 2298 τως
2343 2233 2479 2286 ίέναι
2534 2231 2672 2302 μετὰ
2724 2229 2929 2303 γοργοῦ
2972 2229 3067 2284 τοῦ
3117 2231 3468 2302 φρονήματος
3516 2230 3619 2302 τὴν
3674 2234 3758 2296 εἰς

2166 2324 2326 2378 τοῦτο
2353 2324 2562 2396 τρίϐον.

2238 2416 2348 2470 Καὶ
2364 2415 2380 2426 ⁸
2400 2415 2724 2482 ἐξανθήσει
2787 2418 2870 2484 ὡς
2920 2418 3191 2488 ἄμπελος
3240 2417 3308 2472 τὸ
3358 2418 3757 2488 μνημόσυνον

2166 2505 2374 2571 αὐτοῦ,
2405 2507 2484 2572 ὠς
2513 2503 2676 2573 οἶνος
2693 2508 2945 2563 λιϐάνου
2979 2507 3059 2574 τῷ
3096 2509 3368 2579 Ἐερραΐμ

2237 2599 2410 2653 PEH’.
2467 2600 2612 2670 Ἔφη
2655 2616 2758 2652 που
2805 2600 2937 2663 Θεὸς
2984 2600 3124 2673 πρὸς
3161 2600 3262 2672 τὴν
3313 2600 3424 2654 τῶν
3488 2599 3761 2655 Ἰουδαίων

2171 2687 2402 2760 μητέρα,
2437 2690 2706 2756 τουτέστι,
2755 2691 2856 2762 τὴν
2885 2692 3240 2762 Συναγωγήν·
3291 2711 3312 2745 ‹
3355 2690 3500 2759 Ἐγὼ
3535 2691 3593 2744 δὲ
3626 2692 3760 2761 ἐφύ-

2166 2783 2334 2837 τευσά
2373 2800 2434 2835 σε
2476 2782 2722 2853 ἄμπελον
2761 2785 3134 2856 καρποφόρον,
3185 2786 3370 2839 πᾶσαν
3416 2783 3703 2856 ἀληθινήν.
3732 2805 3753 2838 ι

2167 2873 2375 2928 Ψάλλει
2415 2874 2474 2928 δέ
2507 2892 2611 2928 που
2651 2876 2780 2947 περὶ
2813 2877 2985 2947 αὐτῆς
3027 2878 3122 2931 καὶ
3153 2879 3181 2931 ὁ
3206 2876 3347 2940 θεῖος
3389 2879 3522 2948 ἡμῖν
3571 2877 3759 2930 Δαϐίδ·

2175 2965 2494 3036 «Ἄμπελον
2547 2965 2608 3030 ἐξ
2652 2966 2934 3035 Αἰγύπτου
2978 2971 3242 3039 μετῇρας,
3293 2966 3553 3032 ἐξέϐαλες
3603 2968 3756 3040 ἔθνη,

2169 3059 2264 3111 καὶ
2317 3059 2730 3127 κατεφύτευσας
2772 3060 2963 3131 αὑτήν.
3031 3061 3381 3131 Ὠδοποίησας
3438 3061 3756 3134 ἔμπροσθεν

2170 3150 2361 3218 αὐτῆς.
2388 3170 2406 3202 ι
2444 3149 2654 3204 Ούκοῦν
2693 3151 2937 3222 ἄμπελος
2970 3153 3068 3223 μὲν
3110 3154 3530 3224 εύκληματοῦσα
3575 3156 3752 3226 anap-

2167 3259 2261 3313 χεν
2284 3246 2312 3296 ὁ
2350 3244 2586 3314 Ἰσραήλ.
2617 3245 2834 3316 Ἐπειδὴ
2855 3245 2910 3298 δὲ
2932 3247 3346 3317 προσκέκρουκε
3375 3247 3747 3317 πολυτρόπως,

2175 3355 2194 3386 ι
2224 3336 2474 3407 Περιεῖλε
2517 3336 2724 3408 Κύριος
2768 3338 2861 3392 τὸν
2907 3339 3162 3410 φραγμὸν
3195 3341 3390 3410 αὐτῆς,
3438 3342 3524 3394 καί
3562 3357 3746 3410 τετρυ-

2167 3429 2403 3498 γήκασιν
2431 3428 2603 3500 αὐτὴν
2630 3430 2834 3494 πάντες
2865 3432 2914 3483 oi
2943 3430 3464 3501 παραπορευόμενοι
3480 3431 3574 3500 τὴν
3607 3430 3742 3485 ὁδόν.

2181 3517 2516 3589 Ἐλυμήνατο
2550 3518 2724 3590 αὐτὴν
2759 3514 2824 3590 ὗς
2858 3521 2924 3573 ἐκ
2975 3519 3207 3590 δρυμοῦ,
3265 3522 3363 3574 καὶ
3401 3523 3521 3584 ὄνος
3563 3521 3750 3592 ἄγριος

2169 3610 2587 3680 κατενεμήσατο
2645 3610 2835 3680 αύτήν.
2867 3628 2886 3661 ι
2954 3611 3203 3664 Τέθειται
3262 3611 3374 3682 γὰρ
3424 3611 3615 3681 ὥσπερ
3675 3612 3750 3673 εἰς

2167 3701 2551 3772 καταπάτησιν
2585 3703 2697 3765 τοῖς
2727 3701 3002 3756 ἐθέλουσιν
3029 3703 3258 3769 ἀδικεῖν,
3304 3703 3616 3774 χοίροις“τε
3660 3705 3754 3756 καὶ

2167 3793 2308 3856 ὄνοις
2330 3793 2489 3865 νομὴ,
2514 3795 2817 3860 τουτέστιν,
2849 3797 3065 3866 ἡδοναῖς
3093 3813 3153 3849 τε
3208 3797 3303 3850 καὶ
3323 3796 3592 3864 ἀλογτίαις.
3616 3797 3754 3852 Ταύ-

2166 3897 2233 3954 τῃ
2269 3900 2352 3936 τοι
2397 3883 2767 3954 μεμάρανται.
2823 3885 2969 3954 Πλὴν
3013 3885 3276 3940 ἁνέθαλεν
3325 3887 3384 3939 ἐν
3423 3885 3648 3958 Χριστῷ
3697 3886 3753 3941 τὺ

2169 3973 2514 4043 μνημόσυνον
2545 3973 2735 4028 αὑτοῦ.
2764 3975 2932 4046 Δῆλον
2961 3975 3040 4039 δὲ,
3067 3977 3148 4030 ὄτι
3187 3977 3282 4030 τοῦ
3325 3977 3547 4048 Ἰσραήλ
3567 3995 3582 4008 ο
3621 3995 3756 4049 μνη-

2171 4064 2404 4135 μόσυνον
2423 4064 2479 4118 δέ
2505 4083 2698 4138 φησιν,
2717 4066 2800 4120 ὅτι
2829 4066 2904 4138 μὴ
2933 4067 3137 4130 πάντες
3163 4067 3618 4135 πεπιστεύκασιν,
3642 4068 3754 4122 ἀλλ’

2167 4159 2252 4220 εἰς
2285 4159 2507 4230 μνήμην
2527 4159 2720 4230 ὥσπερ
2749 4158 2916 4212 αὐτοῦ
2953 4161 3253 4230 τετήρηται
3287 4159 3348 4213 τὸ
3378 4161 3753 4232 κατάλειμμα.

2167 4248 2362 4318 Γέγονε
2387 4249 2445 4302 δὲ
2473 4249 2553 4320 τῷ
2587 4249 2850 4323 Ἐφραῒμ,
2888 4251 3010 4322 ἦτοι
3035 4250 3114 4322 τῷ
3159 4252 3377 4324 Ἰσραὴλ
3412 4251 3568 4324 παρὰ
3616 4254 3755 4308 Θεοῦ

2167 4340 2328 4413 χάρις
2355 4341 2432 4405 ὡς
2463 4339 2607 4405 οἶνος
2647 4341 2892 4408 λιϐάνου,
2932 4342 3214 4397 τουτέστιν
3237 4383 3252 4408 ,
3303 4343 3511 4416 εὐώδης
3544 4362 3606 4398 τε
3658 4347 3758 4400 καὶ

2166 4433 2372 4504 λιϐάνῳ
2407 4434 2548 4506 πρὸς
2589 4434 2855 4505 εὐοσμίαν
2895 4434 3053 4504 ὀλίγα
3099 4437 3468 4509 παραχωρῶν.
3507 4439 3664 4492 Ἔστι
3699 4439 3757 4492 δὲ

2165 4524 2404 4588 τοιοῦτος
2435 4527 2466 4579 ὁ
2485 4525 2617 4594 περὶ
2637 4525 2875 4598 Χριστοῦ
2904 4526 3085 4596 λόγος,
3114 4529 3209 4582 καὶ
3232 4530 3362 4602 περὶ
3385 4528 3554 4583 αὐτοῦ
3586 4547 3756 4600 φησιν

489 4619 595 4675 gna
624 4619 760 4661 cum
781 4605 1065 4664 alacritate
1086 4611 1358 4682 applicare
1389 4613 1728 4687 festinemus,
1774 4635 1934 4676 sacer
1966 4639 2064 4680 nos

2171 4617 2197 4670 ὁ
2226 4585 2496 4690 μακάριος
2518 4585 2705 4672 Aemo:
2731 4636 2750 4670 ι
2775 4612 2930 4682 Οἷνος
2962 4585 3245 4690 εύςρραίνει
3279 4585 3510 4691 δίαρδίαν
3540 4585 3753 4692 ἀνθρώ-

487 4710 670 4754 sermo
694 4696 885 4752 incitat
910 4717 926 4766 ;
951 4700 1031 4755 sic
1054 4703 1200 4756 enim
1242 4703 1405 4761 habet
1437 4725 1451 4762 :
1493 4719 1512 4760 ι
1551 4709 1846 4780 Comedite,
1887 4723 1941 4769 et
1979 4717 2063 4772 bi-

2171 4725 2290 4776 που,
2325 4728 2343 4761 ι
2368 4703 2414 4778 ᾧ
2449 4712 2547 4764 καὶ
2577 4711 2783 4783 σφόδρα
2819 4711 3119 4783 προθύμως
3154 4713 3473 4783 ἐπείγεσθαι
3511 4716 3756 4785 προσϐα-

488 4785 617 4854 bite,
637 4799 694 4843 et
714 4788 1079 4856 inebriamini,
1113 4794 1416 4854 charissimi
1435 4799 1502 4854 ³³.
1532 4820 1550 4854 ι
1580 4800 1896 4859 Satietatem
1917 4807 2062 4864 enim

2171 4804 2292 4869 λεῖν,
2335 4804 2479 4876 ἰερδς
2517 4807 2667 4876 ἡμᾶς
2712 4805 3030 4876 παραθήγει
3078 4805 3271 4875 λόγος’
3313 4806 3428 4878 ἔχει
3474 4807 3585 4878 γὰρ
3625 4801 3750 4872 ὧδε,

488 4879 692 4935 sanctis
718 4879 920 4936 nullam
969 4880 1204 4939 amarunt
1252 4901 1374 4958 quae
1414 4904 1510 4959 per
1554 4891 1827 4948 Christum
1869 4911 2065 4968 suppe-

489 4968 751 5038 ditantur,
781 4978 839 5026 et
866 4982 1142 5044 assumpta
1165 4976 1238 5031 ad
1268 4977 1586 5037 ebrietatem
1617 4982 1928 5054 proﬁciunt.

558 5146 725 5206 Vitas.
757 5151 812 5208 9.
839 5152 984 5220 Quid
1003 5157 1086 5212 illi
1101 5160 1272 5216 adhuc
1302 5171 1352 5218 et
1382 5164 1536 5222 idolis
1554 5169 1580 5222 .’

554 5241 785 5298 CLXIX.
817 5243 877 5301 Si
901 5249 1046 5305 enim
1082 5259 1286 5310 tantam
1325 5259 1538 5328 copiam
1588 5260 1724 5318 adeo
1749 5245 1752 5248 ’
1774 5265 2058 5322 venerabi-

489 5325 618 5421 lium
650 5341 710 5389 et
734 5347 1089 5405 Supernorum
1132 5325 1408 5401 bonorum.
1443 5351 1867 5421 participaverit,
1905 5371 1935 5410 a
1963 5373 2057 5412 vo-

489 5415 692 5475 luntate
712 5428 923 5482 errandi
949 5431 1162 5498 penitus
1203 5415 1455 5505 recedet,
1487 5455 1589 5496 nec
1635 5415 1888 5512 operibus
1934 5463 2054 5501 ma-

487 5525 654 5564 nuum
685 5527 902 5571 suarum
937 5522 1173 5579 colendis
1218 5527 1566 5586 adhaerescet.
1616 5535 1862 5597 Quonam
1911 5541 2053 5593 enim

2167 4895 2438 4964 «Φὰγετε,
2489 4897 2582 4950 καὶ
2623 4896 2801 4961 πίετε,
2859 4896 2956 4949 καὶ
2989 4896 3295 4968 μεθύσθητε
3345 4901 3393 4951 οἰ
3449 4899 3746 4969 πλησίον.ι

2171 4987 2516 5059 ’Λπροσκορῆ
2536 4988 2644 5058 γὰρ
2664 4988 2842 5057 ἁγίοις
2860 4988 2930 5042 τὰ
2949 4990 3038 5043 διὰ
3064 4989 3326 5061 Χριστοῦ,
3350 4990 3444 5043 καὶ
3467 4992 3549 5053 εἰς
3577 4989 3755 5060 μέθην

2166 5078 2437 5149 ληφθέντα
2458 5077 2865 5150 χρησιμώτερα.

2243 5172 2304 5226 Τί
2342 5170 2503 5236 αὐτῷ
2529 5171 2616 5224 ἔτι
2644 5172 2744 5228 καί
2776 5173 3080 5246 simul“

2235 5263 2398 5320 ΡΞΘ’.
2451 5265 2514 5318 Εἰ
2565 5263 2674 5335 γὰρ
2715 5265 2947 5332 γένοιτο,
2980 5266 3166 5333 φησὶν,
3215 5263 3275 5315 ὲν
3304 5263 3614 5335 πλησμονῇ,
3653 5265 3760 5317 καὶ

2167 5357 2381 5426 μεθέξει
2409 5357 2517 5410 τῶν
2548 5356 2690 5410 οὕτω
2721 5356 2956 5419 σεπτῶν,
2982 5355 3074 5409 καὶ
3097 5353 3306 5408 ἄνωθεν
3338 5355 3580 5424 ἀγαθῶν,
3619 5355 3760 5407 ἀπο-

2164 5451 2400 5520 χωρήσει
2438 5449 2716 5512 παντελῶς
2753 5449 2846 5501 τοῦ
2882 5448 3188 5502 πλανᾶσθαι
3223 5447 3418 5514 θέλειν,
3451 5449 3545 5500 καὶ
3579 5464 3763 5518 προσ-

2164 5540 2373 5593 κεῖσθαι
2405 5543 2515 5602 τοῖς
2547 5540 2730 5612 ἔργοις
2753 5539 2860 5592 τῶν
2899 5539 3041 5592 ἰδίων
3085 5538 3301 5609 χειρῶν.
3331 5539 3490 5601 Τίνος
3518 5537 3628 5607 γὰρ
3667 5539 3765 5592 Ex:

485 5598 630 5656 bono
661 5603 890 5674 amplius
916 5622 1127 5680 carens,
1154 5615 1204 5669 id
1235 5618 1303 5672 ab
1332 5620 1456 5676 aliis
1486 5625 1728 5691 quaeret?
1758 5627 1950 5683 Annon
1982 5631 2055 5684 ita

2171 5635 2270 5686 τῶν
2301 5598 2520 5702 ἀγαθῶν
2553 5598 2814 5706 ύιπάργων
2857 5635 3062 5707 ἐνδεὴς,
3085 5598 3327 5704 ,τέτταρ’
3366 5598 3555 5705 ἑτέρου
3582 5598 3766 5704 timui;-

557 5717 601 5748 ²¹¹
643 5716 782 5772 Psal.
821 5734 936 5787 cm,
967 5723 1055 5778 I7.

488 5785 534 5816 "
557 5787 711 5842 Cant.
747 5803 798 5853 ν,
837 5790 884 5842 1.

1155 5730 1200 5760 ⁸⁸
1227 5730 1334 5785 Jcr.
1376 5750 1435 5800 ιι,
1464 5731 1564 5791 Ἣ.
1642 5740 1684 5772 ³ο
1718 5739 1856 5795 l‘sal.
1902 5759 2086 5813 LXXIX,
2128 5747 2180 5802 9.
2260 5749 2304 5780 ³⁰
2336 5749 2468 5805 Ibid.
2505 5748 2591 5817 I5,
2633 5750 2715 5804 II.

2816 5749 2856 5782 ⁸¹
2884 5747 2986 5805 Isa.
3019 5750 3146 5817 v,‘5.
3229 5749 3297 5780 ἰ’
3326 5746 3494 5804 Et-cli.
3525 5763 3616 5814 XL,
3649 5746 3766 5805 9.0.
