4034 6270
384 416 504 476 39,5
1326 416 1879 477 COMMENTARIUS
1917 417 1985 473 IN
2024 418 2258 479 ossam
2296 422 2740 482 PROPIIETAM.
3549 438 3652 496 326

398 551 521 599 oet;
553 533 621 587 Ἦ
648 532 746 587 καὶ
788 531 1050 604 ἀνόνητος
1093 533 1369 598 παντελῶς
1405 538 1514 601 τοῖς
1548 536 1980 609 πεπλανημένοις

2083 554 2328 608 qumrere
2368 534 2627 600 seductis
2657 558 2880 615 prorsus
2919 554 3001 601 est
3051 547 3272 605 inutile?
3324 549 3461 618 Quid
3507 556 3650 609 enim

398 631 433 699 η
463 626 640 680 τοιάδε
673 624 941 696 ζήτησις;
991 626 1057 679 Τί
1085 624 1197 699 γὰρ
1239 628 1272 699 ἡ
1314 627 1520 699 ἄψυχος
1560 628 1658 699 ὕλη
1707 630 1980 701 χαριεῖται

2079 632 2305 686 materia
2333 648 2497 688 sensu
2530 635 2782 690 destituta
2830 637 3150 706 quibusdam
3196 641 3488 713 largietur?
3528 649 3653 714 qui—

401 722 575 783 τισινς
605 711 687 780 οἷς
712 716 808 770 καὶ
830 715 1057 780 δικαίως
1084 716 1303 787 ἐλέγετο
1327 719 1480 790 παρά
1504 719 1661 787 Θεοῦ,
1699 739 1717 772 ι
1737 716 1810 774 Εὖ
1834 723 1980 792 ποιή-

2079 724 2176 777 bus
2209 734 2261 778 et
2284 724 2407 795 jure
2430 724 2708 783 dicebatur
2736 744 2766 783 a
2792 730 2905 785 Deo
2935 749 2948 786 :
2986 750 3007 783 ι
3052 711 3374 804 Bcuefacite,
3405 747 3458 792 et
3488 711 3651 794 male-

401 826 548 873 σατε,
574 812 670 863 καὶ
697 807 1009 874 κακώσατε,
1045 808 1142 865 καὶ
1177 809 1500 882 γνωσόμεθα
1533 812 1612 866 ὅτι
1639 812 1751 866 θεοί
1779 814 1924 867 ὲστε.
1955 831 1974 865 ι

2079 812 2259 879 facite,
2282 826 2338 869 et
2366 817 2602 874 sciemus
2624 821 2747 888 quia
2777 821 2851 876 dii
2871 823 3005 879 estis
3028 824 3097 879 ³³.
3138 844 3157 877 ›
3190 826 3351 897 Atqui
3379 844 3649 899 nunquam

411 901 550 954 Ἀλλ’
578 900 686 955 οὐδ’
729 899 795 955 ἂν
832 900 1144 954 κακώσειαν
1172 898 1494 972 ἀνθρώπους
1522 901 1592 956 τὰ
1641 902 1981 975 χειρόκμητά

392 1008 557 1047 Ἰποτε.
587 993 712 1055 Πῶς
741 990 870 1064 γάρ,
898 993 932 1062 ἢ
960 990 1156 1058 πόθεν;
1186 991 1309 1046 οὕτε
1345 993 1452 1065 μὴν
1473 995 1709 1065 χρηστὸν
1734 994 1767 1065 ἢ
1796 994 1979 1065 ὀνησι-

405 1083 571 1157 φόρον
596 1088 665 1137 ’τι
710 1083 847 1137 δοῖεν
888 1081 956 1136 ἂν
985 1084 1196 1147 αὐτοῖς.
1258 1083 1468 1139 Οὐκοῦν
1517 1085 1841 1150 ἀκουόντων,
1885 1085 1980 1139 καὶ

393 1176 550 1246 μάλα
579 1175 806 1240 εἰκότως
824 1191 839 1206 ο
870 1194 891 1227 ι
918 1175 1065 1241 Θεοὶ,
1095 1174 1147 1229 οῖ
1196 1176 1290 1229 τὸν
1340 1175 1588 1247 οὐρανὸν,
1617 1177 1711 1230 καὶ
1747 1177 1846 1246 τὴν
1873 1175 1979 1248 γῆν

392 1263 496 1316 οὐκ
520 1264 805 1334 ἐποίησαν,
840 1263 1232 1319 ἀπολέσθωσαν
1262 1261 1372 1319 ἀπὺ
1408 1265 1507 1337 τῆς
1547 1267 1672 1338 γῆς,
1715 1267 1810 1320 καὶ
1849 1267 1978 1321 ὐπο-

390 1354 642 1410 αάτωθεν
679 1356 778 1409 τοῦ
825 1354 1057 1427 οὐρανοῦ
1097 1355 1308 1410 τούτου.
1335 1375 1357 1411 r
1410 1357 1485 1411 Τὸ
1536 1357 1836 1428 πεποιηκὸς
1884 1354 1977 1413 οὖν

388 1445 523 1516 ἄρα,
556 1447 655 1500 καὶ
681 1448 889 1519 ἀραρὸς
917 1449 997 1511 είς
1026 1447 1304 1518 ἀγάπησιν
1330 1448 1432 1520 τὴν
1451 1449 1546 1503 ἐπὶ
1581 1447 1702 1521 Θεῷ
1734 1466 1980 1522 καταση-

390 1535 578 1606 μαίνει
604 1535 802 1605 λέγων,
829 1555 848 1589 ι
874 1535 939 1589 Τί
959 1536 1107 1609 αὑτῷ
1134 1536 1238 1605 ἔτι,
1268 1539 1362 1592 καὶ
1388 1536 1627 1603 εἰδώλοις
1649 1554 1664 1605 ;
1692 1558 1713 1592 ›

477 1626 624 1698 Ἐγὼ
674 1629 1049 1685 ἐταπείνωσα
1088 1629 1294 1698 αὐτὸν,
1334 1630 1436 1687 καί
1475 1630 1591 1703 ἐγὼ
1626 1632 1977 1701 κατισχύσω

395 1717 605 1773 αὐτόν.

466 1808 592 1864 Ρο’.
639 1809 800 1878 Ἐγὼ,
830 1810 982 1880 φησὶ,
1034 1810 1266 1882 δύναμαι
1299 1813 1526 1880 κακοῦν,
1565 1811 1660 1876 οὒς
1690 1813 1756 1868 ἂν
1805 1815 1971 1887 ίδοιμι

2074 903 2278 961 facient
2304 908 2443 963 male
2470 910 2705 980 cuipiam
2733 914 2988 970 manibus
3023 914 3303 973 fabricata.
3347 918 3449 986 Qui
3505 921 3649 975 enim

2075 995 2360 1055 facerent?
2391 1012 2565 1070 neque
2594 1016 2721 1059 vero
2756 1004 2881 1060 boni
2925 1007 3223 1078 quidpiam,
3268 1020 3360 1066 aut
3412 1013 3547 1069 utile
3593 1015 3651 1070 in

2076 1104 2402 1162 quemquam
2427 1094 2727 1150 conferent.
2756 1096 2994 1153 Audiant
3026 1099 3210 1169 igitur,
3238 1109 3294 1157 et
3312 1102 3648 1170 iustissime:

2046 1183 2160 1241 (Dii
2188 1185 2280 1255 qui
2313 1185 2511 1243 caelum
2536 1198 2591 1244 et
2638 1197 2836 1245 terram
2868 1205 2975 1246 non
3021 1189 3289 1257 fecerunt,
3329 1195 3649 1264 disperdan-

2076 1284 2165 1331 tur
2186 1277 2252 1332 de
2277 1286 2443 1345 terra,
2472 1286 2528 1335 et
2555 1280 2622 1336 de
2651 1280 2752 1336 sub
2776 1282 2915 1337 coelo
2953 1282 3057 1338 isto
3099 1282 3164 1336 “.
3205 1302 3224 1334 ι
3269 1282 3422 1351 Quod
3468 1296 3648 1342 autem

2076 1369 2224 1437 fecit,
2257 1379 2312 1425 et
2344 1379 2526 1442 aptum
2549 1382 2631 1427 est
2656 1373 2801 1444 diligi
2852 1375 3030 1428 divina
3086 1375 3371 1445 charitate,
3424 1377 3647 1447 iudicat,

2075 1474 2199 1515 cum
2230 1461 2307 1515 ait
2340 1478 2355 1516 :
2393 1479 2414 1513 ι
2439 1459 2591 1528 ’ρυεά
2622 1463 2719 1534 ipsi
2740 1465 2915 1561 adhuc
2941 1476 2997 1520 et
3025 1466 3213 1520 idolis?
3238 1484 3258 1518 ι

2148 1635 2259 1706 Ego
2298 1635 2573 1690 humiliari
2601 1635 2772 1703 illum,
2793 1647 2842 1692 et
2863 1655 2955 1708 ego
2988 1637 3297 1711 confortabo
3322 1657 3461 1698 eum.

2147 1811 2354 1869 CLXX.
2386 1813 2517 1884 Ego,
2546 1813 2742 1884 inquit,
2772 1813 3004 1885 allligere
3037 1830 3275 1885 possum,
3309 1830 3444 1887 quos
3466 1820 3649 1877 videro

396 1901 495 1970 τῆς
518 1902 602 1964 είς
625 1900 730 1971 ἐμὲ
762 1902 1115 1973 γνησιότητος
1149 1904 1524 1975 περιορῶντας
1554 1905 1679 1969 τοὺς
1716 1908 1969 1979 τρόπους.

2079 1906 2438 1973 sinceritatem
2473 1922 2599 1977 erga
2649 1921 2735 1962 me
2782 1908 3081 1978 despicere.
3125 1909 3430 1966 Corroboro
3469 1922 3648 1969 autem

396 1988 590 2063 Νευρῶ
608 1991 667 2044 δὲ
693 1992 758 2063 δὴ
784 1992 947 2047 πάλιν
975 1994 1103 2059 τοὺς
1127 1994 1287 2065 οἵπερ
1319 1994 1386 2050 ἂν
1424 1996 1631 2052 ἕλοιντο
1675 1998 1974 2072 κατορθοῦν

385 2080 616 2151 ἀρετὴν,
649 2081 742 2135 καὶ
774 2081 868 2135 τὸν
897 2082 1057 2151 φύσει
1085 2101 1145 2137 τε
1195 2084 1289 2138 καὶ¹
1331 2084 1545 2156 ἀληθῶς
1573 2087 1774 2142 εἰδέναι
1816 2089 1969 2143 Θεόν.

386 2169 523 2224 οῦτ’
553 2166 648 2225 οὖν
693 2173 727 2242 ἡ
762 2172 1026 2239 κάκωσις,
1057 2174 1178 2244 ἦτοι
1206 2174 1268 2228 τὸ
1300 2175 1596 2247 ἀσθενῆσαι
1621 2176 1712 2230 τὸν
1757 2178 1975 2250 Ἰσραὴλ

393 2261 452 2329 ἐξ
470 2263 696 2316 ἐκείνων
719 2258 788 2333 ἦν
809 2280 821 2293 ·
863 2262 989 2317 οὔτε
1029 2264 1136 2335 μὴν
1164 2265 1196 2337 ἡ
1231 2264 1313 2329 είς
1339 2282 1402 2335 γε
1427 2267 1489 2319 τὸ
1514 2266 1773 2322 δύνασθαι
1807 2286 1975 2340 μετα·

391 2353 564 2425 δρομὴ
587 2353 859 2425 δαιμόνων
884 2355 951 2409 ἂν
978 2358 1154 2409 νοοῖτο
1186 2356 1354 2424 δόσις,
1400 2358 1518 2412 ἀλλ’
1543 2360 1662 2414 ἔστι
1692 2359 1975 2417 θεόσδοτον

383 2442 617 2511 ἀγαθὸν,
640 2443 893 2516 καθάπερ
915 2445 1105 2514 ἀμέλει
1132 2447 1227 2501 καὶ
1243 2448 1303 2500 τὸ
1323 2449 1570 2506 ἀσθενεῖν
1589 2452 1697 2505 τῶν
1724 2453 1782 2518 ἐξ
1804 2454 1975 2525 όργῆς

388 2533 714 2603 κινημάτων
737 2534 1027 2599 ἀπότευξις
1048 2531 1141 2597 ἦν.
1173 2538 1357 2608 Σοφῶς
1385 2535 1480 2594 οῦν
1508 2541 1636 2615 ἄρα,
1684 2544 1779 2597 καὶ
1824 2546 1977 2615 φιλο-

395 2622 535 2687 θέως
577 2626 607 2677 ὁ
645 2624 819 2694 μέγας
856 2628 991 2695 ἡμῖν
1020 2624 1214 2696 ψάλλει
1243 2629 1409 2685 Δαὸίδ
1430 2648 1446 2663 ·
1485 2650 1506 2685 ι
1538 2633 1717 2705 Ἰσχύς
1749 2652 1851 2707 μου
1885 2638 1977 2690 καὶ

386 2712 642 2785 ὶῦμνησίς
665 2732 767 2785 μου
787 2717 819 2770 ὁ
838 2717 922 2770 Κύ
932 2735 1065 2788 ριος.
1093 2737 1114 2770 ι

486 2804 637 2875 Ἐγὼ
668 2805 747 2871 ὡς
778 2805 1067 2875 ἄρκευθος
1093 2808 1462 2877 πυκάζουσα,
1496 2810 1569 2878 ’ἐξ
1607 2813 1751 2885 ἐμοῦ
1778 2819 1812 2871 ό
1840 2834 1979 2888 καρ-

404 2893 523 2962 πός
549 2908 669 2950 σου
701 2896 964 2965 εὕρηται.

472 2986 645 3041 POA'.
678 2987 847 3041 Φυτὸν
874 2990 978 3061 μὲν
1011 2992 1045 3061 ἡ
1084 2990 1372 3063 ἄρκευθος,
1404 2993 1540 3049 δασύ
1574 3014 1637 3065 γε
1674 2998 1783 3069 μὴν
1814 2998 1976 3067 οὕτω,

390 3078 495 3131 ικαὶ
521 3079 602 3142 είς
644 3078 824 3151 κόμην
862 3080 1201 3151 άμφιλαφὲς,
1237 3085 1312 3149 ὡς
1337 3085 1514 3140 δοκεῖν
1540 3084 1681 3143 εῖναι
1714 3106 1833 3155 πως
1868 3110 1981 3163 χει-

2070 2008 2282 2064 contra,
2315 1999 2406 2068 qui
2435 1998 2649 2054 virtutis
2671 2010 2896 2055 munere
2934 1999 3083 2071 fnugi
3117 2017 3412 2072 verumque
3438 2014 3494 2059 et
3551 2020 3649 2058 na-

2076 2094 2192 2140 tura
2231 2085 2396 2140 Deum
2426 2101 2587 2141 nosse
2614 2088 2903 2142 voluerint.
2946 2086 3133 2159 Neque
3183 2091 3346 2159 igitur
3404 2092 3644 2159 atllictio,

2074 2192 2248 2248 neque
2276 2177 2564 2233 inﬁrmitas
2592 2178 2758 2233 Israel
2783 2194 2849 2233 ex
2880 2179 2986 2236 illis
3012 2181 3331 2250 veniebant,
3365 2199 3538 2253 neque
3580 2189 3648 2240 ad

2072 2270 2218 2324 vires
2247 2270 2626 2325 transmutatio
2651 2270 2952 2324 daemonum
2978 2287 3174 2327 munus
3204 2272 3423 2342 intelligi
3452 2286 3644 2344 queat;

2074 2359 2167 2413 sed
2192 2367 2278 2413 est
2306 2360 2504 2416 bonum
2533 2375 2563 2413 a
2596 2359 2703 2415 Deo
2729 2361 2912 2414 datum
2958 2365 3412 2431 quemadmodum
3439 2366 3649 2423 scilicet

2075 2459 2130 2506 et
2161 2451 2425 2507 inﬁrmari
2453 2466 2521 2507 ex
2551 2453 2629 2506 ira
2666 2453 2846 2507 divina
2871 2453 3328 2522 proﬁciscebatur.
3365 2457 3648 2526 Sapienter

2078 2542 2281 2611 itaque,
2314 2552 2368 2597 et
2394 2553 2452 2598 ut
2481 2542 2571 2599 Dei
2603 2546 2792 2598 amans
2815 2544 2995 2614 psallit
3021 2545 3176 2602 nobis
3204 2546 3373 2602 David
3405 2564 3421 2604 :
3453 2565 3475 2599 ι
3514 2547 3650 2604 For-

2077 2631 2274 2700 titudo,
2302 2640 2358 2687 et
2382 2633 2498 2690 laus
2525 2650 2643 2690 mea
2676 2633 2935 2691 Dominus
2961 2636 3031 2691 ³³.
3059 2655 3081 2689 ι

2148 2814 2264 2887 Ego
2321 2818 2457 2871 sicut
2506 2818 2783 2887 iuniperus
2834 2820 3153 2890 cooperiens,
3208 2836 3275 2877 ex
3323 2836 3406 2878 me
3446 2823 3649 2894 fruetus

2079 2918 2199 2962 tum
2232 2910 2467 2963 inventus
2484 2918 2581 2966 est.

2147 2997 2378 3054 CLXXI.
2411 2998 2702 3070 Juniperns
2732 3000 2896 3059 arbor
2928 3013 3031 3068 est,
3063 3012 3168 3058 tam
3205 3004 3368 3061 densa
3406 3015 3459 3061 et
3501 3005 3652 3062 fron-

2080 3090 2232 3157 dosa,
2257 3101 2314 3144 ut
2341 3090 2675 3160 contignatio
2719 3093 2961 3160 quadam
3020 3094 3326 3150 manufacta
3380 3096 3647 3164 videatur,

394 3169 677 3240 ρόκμητον
705 3170 933 3243 ὀροφὴν,
975 3170 1103 3225 οὔτε
1154 3176 1274 3237 ταῖς
1306 3176 1454 3247 ἡλίου
1500 3178 1680 3249 βολαῖς
1723 3199 1980 3254 παραχω-

2080 3194 2255 3249 neque
2277 3181 2544 3238 solaribus
2570 3182 2736 3237 radiis
2757 3185 3125 3252 penetrabilis,
3159 3199 3333 3254 neque
3382 3186 3649 3242 inebrium

398 3261 571 3332 ροῦσα
595 3261 694 3333 τὴν
718 3262 976 3328 διάδυσιν,
1001 3263 1125 3318 οὔτε
1162 3267 1269 3337 μὴν
1288 3271 1403 3333 ταῖς
1428 3270 1597 3325 ὑετῶν
1622 3279 1978 3345 καταφοραῖς’

398 3350 505 3406 κᾶν
550 3353 601 3406 ει
660 3353 901 3424 ῥαγδαῖοι
944 3355 1046 3425 τῆς
1087 3357 1190 3426 γῆς
1237 3362 1615 3430 κατακέωνται
1665 3382 1816 3419 ποτε.
1864 3367 1981 3420 ’Ότι

398 3440 578 3497 τοίνυν
603 3443 709 3496 ὑπὸ
739 3444 873 3498 Θεοῦ
897 3446 1183 3515 γεγονότες
1202 3450 1656 3508 ἀνεπιϐούλευτον
1689 3454 1867 3521 ἕξουσι
1892 3457 1983 3511 τὸν

396 3533 793 3606 έπισκιασμὸν,
869 3537 991 3607 ἦτοι
1055 3538 1156 3612 τὴν
1226 3541 1581 3613 ἐπικουρίαν,
1650 3547 1978 3618 ὑπεμφαίνει

402 3624 595 3696 λέγων’
657 3644 676 3678 ι
709 3626 849 3696 Ἐγὼ
892 3629 969 3694 ὡς
1014 3629 1277 3702 ἄρκευθος
1326 3634 1707 3701 πυκάζουσα.»
1757 3641 1878 3694 ’Ότι
1921 3641 1979 3694 δὲ

401 3716 554 3772 πᾶσα
580 3719 931 3791 καρποφορία
959 3721 1068 3777 τῶν
1097 3723 1206 3778 ὑπὸ
1234 3725 1351 3795 Θεῷ
1381 3727 1578 3795 γένοιτ’
1616 3729 1685 3785 ἂν
1724 3732 1825 3804 οὐχ
1871 3733 1985 3787 ἑτέ-

393 3811 674 3883 ρως,ἢὲν
697 3813 941 3885 Χριστῷ,
992 3816 1084 3869 καὶ⁷
1126 3817 1213 3871 διά
1261 3816 1518 3890 Χριστοῦ,
1574 3822 1982 3895 πληροφορήσει

402 3900 578 3971 λέγων
601 3903 764 3967 αὐτὸς
783 3905 1157 3974 εὐαγγελικοῖς
1180 3907 1535 3983 θεσπίσμασι·
1582 3933 1603 3966 ι
1628 3912 1816 3986 Χωρὶς
1846 3915 1981 3987 ἐμοῦ

391 3990 467 4044 οὐ
507 3991 738 4048 δύνασθε
767 3997 942 4049 ποιεῖν
974 3997 1147 4055 οὐδέν.
1177 4016 1197 4049 ι
1244 3999 1464 4069 Λεγέτω
1507 4003 1572 4075 δὴ
1619 3998 1712 4057 οῦν
1757 4007 1983 4071 εἰκότως

401 4081 633 4151 ἑκάστῳ
646 4082 757 4137 τῶν
785 4087 1254 4151 πεπιστευκότων,
1285 4089 1444 4162 είπερ
1466 4109 1551 4155 τις
1593 4094 1680 4165 εἴη
1706 4095 1980 4169 λαμπρὸς,

401 4169 504 4225 καὶ
527 4170 875 4239 ἀξιάγαστος,
901 4176 997 4229 καὶ
1016 4177 1076 4230 ὲν
1102 4177 1413 4248 αὺχιτμασιν
1445 4183 1668 4255 ἀρετῆς,
1698 4204 1717 4238 ι
1739 4185 1829 4252 Ἐξ
1848 4188 1983 4260 ἐμοῦ

400 4263 434 4315 ὁ
457 4261 671 4332 καρπός
696 4278 788 4315 σου
810 4262 1060 4336 εὓρηται.
1078 4283 1099 4318 ι

482 4352 579 4419 Τίς
607 4352 819 4422 σοφός,
843 4354 943 4409 καί
970 4356 1224 4413 συνέσει
1247 4358 1471 4426 ταῦτα;
1508 4362 1547 4431 ἣ
1579 4366 1855 4432 συνετὸς,
1883 4368 1982 4424 καὶ

396 4442 796 4514 ἐπιγνώσεται
832 4447 1025 4514 αὑτά;
1051 4448 1200 4505 διότι
1236 4452 1457 4509 εὐθεῖαι
1487 4459 1548 4511 αἱ
1576 4457 1705 4511 ὁδοὶ
1733 4459 1845 4539 τοῦ
1876 4464 1985 4516 Κυ-

2083 3272 2382 3327 deﬂuxibus
2416 3274 2622 3342 pervia,
2656 3276 2904 3343 quamvis
2953 3291 3146 3346 magno
3195 3277 3396 3348 impetu
3450 3287 3650 3334 terram

2083 3362 2444 3431 irrigaverint.
2490 3364 2601 3420 Deo
2645 3365 2806 3434 igitur
2839 3359 3114 3437 subjectos
3152 3378 3321 3423 tutam
3368 3370 3652 3425 habituros

2081 3455 2573 3525 obutubrationem,
2606 3456 2720 3512 sive
2763 3456 3017 3513 auxilium
3058 3460 3384 3523 subiudicat,
3418 3461 3601 3516 dicens
3632 3478 3649 3516 :

2087 3563 2108 3597 ι
2146 3543 2345 3616 Egout
2374 3547 2653 3618 jtrniperus
2699 3557 3011 3619 contegens.
3054 3567 3073 3599 ι
3115 3548 3433 3605 Universam
3472 3557 3651 3605 autem

2081 3638 2419 3699 fertilitatem,
2439 3640 2547 3694 Deo
2578 3639 2940 3708 subiectorum
2976 3640 3136 3710 196
3167 3656 3273 3695 non
3307 3640 3464 3693 aliter
3490 3655 3651 3709 quam

2080 3734 2137 3788 in
2172 3733 2391 3789 Christo
2446 3738 2502 3784 et
2544 3745 2641 3797 per
2677 3728 2948 3783 Christum
3002 3739 3271 3795 constare,
3333 3729 3653 3785 testificatur

2082 3825 2219 3893 ipse,
2250 3823 2304 3877 in
2327 3820 2557 3877 oraculis
2583 3819 2911 3889 evangelicis
2948 3820 3020 3873 ita
3051 3819 3275 3889 loquens
3308 3839 3321 3876 :
3358 3840 3376 3873 ι
3409 3821 3539 3878 Sine
3567 3837 3653 3879 me

2084 3912 2218 3969 nihil
2278 3912 2503 3983 potestis
2544 3910 2727 3966 facere
2780 3909 2847 3966 “.
2887 3927 2909 3963 ι
2969 3908 3188 3965 Dicatur
3234 3909 3418 3979 itaque
3460 3911 3653 3967 merito

2083 4003 2302 4059 cuilibet
2324 3998 2704 4058 credentiumiz
2736 3999 2793 4055 Si
2818 4000 2939 4069 quis
2979 3997 3226 4066 insignis,
3280 4009 3335 4054 et
3380 4001 3650 4055 admiran-

2083 4096 2203 4162 dus,
2231 4105 2286 4152 et
2315 4096 2517 4150 virtute
2546 4102 2771 4150 ornatus
2798 4092 2981 4159 fuerit,
3018 4107 3038 4142 ι
3078 4091 3153 4145 Ex
3182 4106 3267 4146 me
3299 4092 3505 4147 fructus
3527 4099 3652 4147 tuus

2085 4188 2336 4243 inventus
2357 4194 2461 4242 est.
2492 4203 2512 4236 ι

2152 4365 2316 4420 Vens.
2349 4362 2438 4417 10.
2471 4361 2602 4427 Qui:
2621 4359 2851 4429 sapiens,
2875 4371 2922 4415 et
2945 4358 3193 4429 intelliget
3214 4358 3356 4414 ista?
3380 4368 3471 4412 aut
3495 4359 3650 4413 intel-

2084 4457 2270 4527 ligens,
2302 4466 2351 4509 et
2375 4464 2641 4525 cognoscet
2673 4453 2973 4525 ipsa?qnia
2999 4463 3152 4506 recta:
3190 4453 3287 4504 via:
3319 4450 3552 4515 Domini,
3603 4462 3653 4505 et

392 4532 559 4602 ρίου,
607 4535 708 4590 καί
749 4537 967 4594 δίκαιοι
997 4542 1397 4608 πορεύσονται
1437 4547 1506 4601 ἐν
1531 4532 1744 4617 αὐταῖςί
1764 4566 1781 4583 ο
1823 4553 1878 4606 οι
1916 4550 1980 4605 δὲ

2079 4550 2215 4619 justi
2257 4545 2596 4601 ambulabunt
2634 4547 2689 4600 in
2731 4546 2840 4610 eis;
2874 4555 2927 4599 at
2961 4544 3111 4614 impii
3148 4542 3555 4612 inﬁrmabuntur
3597 4541 3653 4595 in

400 4623 640 4691 ἀσεϐεῖς
658 4626 1118 4694 ἀσθενήσουσιν
1138 4631 1209 4686 ἐν
1234 4633 1459 4702 αὐταῖς.

475 4714 641 4769 POB'.
680 4716 784 4771 Τδν
827 4719 1075 4774 συνιέντα
1128 4722 1285 4775 ταυτὶ
1341 4725 1501 4793 σοφόν
1561 4742 1623 4780 τε
1675 4722 1836 4795 εἶναι,
1891 4730 1987 4783 καὶ

408 4801 776 4859 συνετώτατον
829 4802 889 4860 εὖ
954 4809 1101 4879 μάλα
1153 4812 1338 4882 φησίν.
1388 4813 1672 4870 Ἔκκειται
1709 4818 1817 4889 γὰρ
1865 4818 1985 4888 οὐχὶ

405 4893 524 4957 τοῖς
581 4892 852 4951 ἐθέλουσιν
907 4900 1140 4970 ἑτοίμως
1182 4904 1323 4958 ἑλεῖν
1360 4905 1394 4975 ή
1440 4906 1550 4959 τῶν
1596 4907 1755 4963 θείων
1788 4908 1986 4977 λογίων

407 4984 736 5056 κατάληψις.
780 4989 918 5044 Ἀλλ’
940 4993 1049 5046 οὐδ’
1081 4993 1148 5048 ἂν
1179 4994 1398 5050 δύναιτό
1422 5013 1507 5062 τις
1534 5000 1773 5054 συνιέναι
1812 5017 1983 5072 παρα-

408 5074 593 5147 ϐολὴν,
643 5078 739 5131 καὶ
778 5085 1051 5138 σκοτεινὸν
1090 5084 1268 5155 λόγον,
1310 5089 1499 5160 ῥήσεις
1533 5106 1594 5143 τε
1632 5091 1833 5160 σοφῶν,
1888 5093 1983 5145 καὶ

406 5166 729 5237 αἰνίγματα,
751 5170 891 5224 κατά
913 5172 975 5226 τὸ
1002 5175 1407 5247 γεγραμμένον,
1425 5179 1474 5231 εί
1501 5179 1577 5249 μὴ
1602 5178 1690 5233 διὰ
1720 5180 1818 5251 τῆς
1838 5179 1981 5233 ἄνω-

407 5256 500 5312 θεν
536 5258 844 5332 δᾳδουχίας,
885 5262 1121 5334 Χριστοῦ
1152 5266 1436 5332 καθιέντος
1477 5270 1557 5331 είς
1582 5267 1707 5323 νοῦν
1731 5271 1826 5323 καὶ
1845 5288 1980 5342 καρ-

406 5350 551 5417 δίαν,
567 5348 766 5424 οἷάπερ
783 5356 980 5409 ἀκτῖνα
997 5355 1274 5429 λαμπρὰν,
1294 5360 1394 5432 τὴν
1418 5376 1496 5413 πα
1505 5359 1551 5430 ρ’
1572 5358 1764 5413 ἑαυτοῦ
1799 5361 1975 5432 χάριν.

408 5442 660 5498 Διδάσκει
701 5445 781 5510 δὲ,
830 5448 914 5500 ὅτι
951 5448 1014 5501 τὸ
1061 5450 1159 5520 μὲν
1197 5450 1456 5505 δύνασθαι
1483 5451 1717 5505 διάττειν
1749 5453 1846 5524 τὴν
1892 5455 1977 5506 ἐπ’

408 5534 561 5601 εὐθὺ,
588 5538 682 5590 καὶ
713 5538 1046 5595 άνδάνουσαν
1076 5541 1155 5613 τῷ
1202 5543 1323 5613 Θεῷ
1346 5524 1561 5613 τρίϐον,
1607 5543 1980 5616 ἀταλαίπωρον

411 5627 608 5697 κομιδῇ
645 5629 748 5698 τῆς
792 5634 1151 5703 κοσμιότητος
1189 5635 1468 5703 ἐρασταῖς.
1518 5633 1632 5687 Οὐκ
1681 5634 1887 5707 ἄτραχυ
1925 5637 1979 5690 δὲ

485 5801 532 5836 ³³
565 5804 665 5858 lsa.
692 5818 804 5871 XLI,
831 5804 921 5858 ’23.
1001 5806 1044 5838 ”
1072 5805 1185 5861 .ler.
1222 5824 1276 5872 κ,
1322 5809 1406 5863 II.
1486 5808 1530 5841 ⁸⁸
1559 5808 1694 5863 Psal.
1736 5826 1898 5877 cxvii,
1936 5815 2018 5864 tt.

2084 4655 2181 4693 ειε.

2154 4728 2407 4785 CLXXII.
2437 4728 2538 4795 Qui
2577 4729 2695 4784 haec
2749 4725 3101 4791 intellexerit,
3150 4723 3445 4794 sapientem
3493 4728 3655 4789 atque

2083 4822 2630 4892 intelligentissituum
2657 4835 2780 4877 esse
2811 4820 3094 4876 verissime
3125 4816 3399 4887 praedicat.
3428 4813 3638 4869 Divino-

2082 4931 2199 4970 rum
2233 4915 2426 4985 quippe
2454 4913 2797 4969 oraculorum
2835 4908 3246 4979 comprehensio
3279 4921 3385 4960 non
3436 4916 3518 4960 est
3559 4919 3656 4959 ex-

2081 5005 2249 5075 posita
2282 5003 2560 5074 quibusvis
2592 5015 2786 5070 capere
2811 4999 2990 5054 statim
3013 4995 3333 5050 volentibus.
3355 4991 3459 5047 Sed
3482 5004 3655 5061 neque

2080 5095 2250 5166 possit
2283 5095 2404 5165 quis
2432 5093 2734 5163 intelligere
2763 5087 3090 5160 parabolam,
3139 5094 3194 5139 et
3232 5092 3536 5142 sermonem
3571 5091 3653 5135 te-

2082 5184 2447 5248 nebricosum,
2477 5185 2726 5251 dictaque
2751 5180 3076 5249 sapientum,
3111 5183 3164 5231 et
3194 5173 3473 5244 aenigmata
3503 5173 3569 5238 ³⁷,
3594 5182 3653 5228 ιιι

2083 5277 2343 5345 scriptum
2373 5282 2477 5342 est,
2512 5273 2616 5328 nisi
2651 5274 2880 5339 desuper
2901 5267 3102 5321 lumine
3144 5262 3364 5334 praelato
3406 5261 3654 5317 Christus

2088 5368 2141 5422 in
2176 5367 2413 5421 animum
2447 5373 2502 5420 et
2538 5378 2655 5429 cor,
2705 5362 2880 5416 inStar
2930 5355 3192 5426 Splendidi
3241 5354 3397 5420 radii,
3422 5353 3650 5423 gratiam

2088 5471 2240 5512 suam
2298 5455 2593 5510 demiserit.
2639 5453 2805 5507 Docet
2852 5461 3014 5518 porro
3066 5444 3337 5501 modestiae
3386 5452 3655 5498 amatores

2089 5557 2291 5603 rectam
2329 5545 2543 5612 Deoque
2567 5541 2866 5612 placentem
2891 5536 3137 5593 semitam
3167 5535 3303 5590 citra
3334 5532 3496 5589 ullam
3536 5543 3653 5584 mo-

2094 5640 2301 5693 lestiam
2342 5650 2406 5690 ac
2429 5635 2663 5687 laborem
2699 5642 2854 5698 posse
2895 5642 3146 5693 currere;
3180 5625 3335 5681 aliter
3370 5622 3550 5676 animo
3577 5614 3658 5668 aI-

2096 5812 2137 5841 ³⁶
2174 5813 2325 5866 Joan.
2374 5823 2461 5862 xv.
2497 5806 2545 5857 ὅ.
2625 5806 2664 5834 ³⁷
2704 5802 2858 5858 Prov.
2898 5821 2937 5870 ι,
2968 5804 3017 5858 6.
