4034 6270
439 377 550 434 527
1433 374 1490 427 S.
1535 369 1804 427 CYRILLI
1847 372 2316 430 ALEXANDIHNI
2354 376 2672 434 ARCHEEP.
3585 391 3695 446 328

437 493 596 550 fectis
621 506 734 546 rem
763 504 882 547 esse
913 502 1182 559 asperam.
1212 487 1346 542 Nam
1382 487 1487 544 illis
1532 489 1598 543 ad
1642 491 1870 559 quodvis
1919 491 1970 545 bt

2074 521 2088 555 ι
2113 491 2172 544 τὸ
2196 494 2384 563 χρῆμά
2412 495 2530 548 ἐστι
2553 498 2667 559 τοῖς
2691 495 2788 568 οὐχ
2811 490 2914 551 ὦδε
2934 497 3114 569 ἔχουσι
3137 498 3382 572 γνώμης.
3417 501 3554 567 Τοὺς
3593 507 3695 577 μὲν

438 600 566 640 num
597 583 788 654 cupida
818 596 881 636 ac
906 589 1152 651 prompta
1178 595 1330 636 mens
1359 580 1498 636 vires
1517 580 2012 653 suﬁicit,utquam-

433 678 518 732 vis
548 672 887 742 rapidissimo
929 685 1088 727 cursu
1125 673 1190 726 ad
1245 673 1634 727 conliciendam
1670 673 1772 729 sibi
1814 673 2009 729 bonam

433 764 632 818 famam
668 763 947 828 feramur,
980 763 1080 817 hos
1105 773 1284 818 autem
1315 765 1601 833 propensio
1640 775 1693 820 et
1728 765 2009 821 inclinatio

433 856 499 909 ad
523 855 814 923 nequitiam
843 863 898 909 et
924 866 1226 924 peccatum,
1264 855 1476 910 timidos
1526 866 1581 910 et
1608 856 1852 911 imbelles
1880 857 2004 912 red-

435 945 532 1008 dit,
564 960 663 999 nec
692 943 950 1001 habentes
976 962 1004 1000 a
1039 947 1148 1000 Deo
1188 945 1330 1001 unde
1381 947 1598 1002 virtutis
1631 946 1804 1002 oﬂicia
1851 962 2008 1003 exse-

432 1049 688 1104 quantur,
723 1039 978 1107 quoniam
1007 1038 1174 1107 ipsam
1206 1054 1231 1091 a
1251 1039 1511 1108 principio
1557 1037 2002 1108 posthabuerunt.

431 1129 817 1196 Quamobrem,
852 1131 896 1184 si
930 1131 1156 1186 solertes
1188 1147 1375 1186 sumus
1412 1140 1466 1186 et
1509 1132 1765 1200 sapimus,
1811 1146 1840 1185 a
1896 1131 2006 1187 Deo

431 1231 697 1288 petamus,
726 1231 782 1274 ut
810 1236 926 1290 quae
949 1222 1101 1276 decet
1128 1237 1288 1292 agere
1339 1223 1623 1290 possimus.
1667 1219 1852 1277 Faciet
1891 1222 2004 1278 voti

429 1321 710 1378 compotes
739 1326 835 1380 pro
866 1323 1036 1376 certo,
1071 1327 1189 1365 cum
1225 1312 1294 1366 sit
1329 1313 1615 1382 benignus,
1647 1321 1698 1365 et
1740 1313 2005 1381 spirituali

431 1403 624 1455 robore
652 1416 744 1468 per
769 1400 1042 1455 Christum
1107 1417 1204 1454 nos
1256 1403 1516 1471 implebit.
1571 1399 1676 1456 Per
1724 1418 1882 1472 quem
1939 1412 1996 1458 et

428 1506 550 1544 cum
585 1506 691 1559 quo
723 1491 829 1545 Deo
877 1502 931 1546 et
960 1489 1105 1545 Patri
1143 1493 1334 1562 gloria,
1370 1509 1490 1549 cum
1545 1502 1733 1549 sancto
1767 1494 1996 1565 Spiritu,

426 1581 481 1637 in
511 1597 723 1636 omnem
756 1582 1138 1638 aeternitatem.
1170 1582 1364 1640 Amen.

437 1795 2390 1832 mm

2111 585 2221 656 γὰρ
2259 588 2292 657 ἡ
2341 587 2422 650 εἰς
2468 590 2576 642 πᾶν
2610 590 2790 644 ὁτιοῦν
2827 591 2936 645 τῶν
2963 592 3184 661 ἀγαθῶν
3225 594 3413 664 ἔφεσίς
3463 613 3523 649 τε
3597 601 3695 653 καὶ

2112 677 2390 747 προθυμία
2447 677 2740 750 διανευροῖ,
2785 681 2879 734 καὶ
2936 682 3151 754 ἀσχέτῳ
3202 684 3460 754 φέρεσθαι
3510 686 3694 742 πείθει

2108 769 2294 842 δρόμῳ
2321 772 2456 842 πρὸς
2477 773 2539 826 τὸ
2573 772 2747 828 θέλειν
2776 775 3098 845 εὐδοκιμεῖν.
3139 777 3276 840 Τοὺς
3305 775 3363 830 δὲ
3393 779 3554 850 ῥοπὴ,
3593 782 3694 834 καὶ

2106 862 2379 926 διάνευσις
2415 865 2448 934 ἡ
2488 866 2568 928 εἰς
2591 864 2902 936 φαυλότητά
2933 885 2993 920 τε
3035 868 3129 920 καὶ
3155 869 3454 939 ἁμαρτίαν,
3480 871 3692 936 δειλοὺς

2106 954 2203 1006 καὶ
2243 953 2542 1025 ἀνάνδρους
2572 956 2903 1028 ἀποφήνειεν
2937 959 3026 1026 ἂν,
3051 960 3144 1013 καὶ
3169 961 3268 1013 οὐκ
3298 960 3519 1032 ἔχοντας
3537 964 3688 1035 παρά

2112 1042 2247 1097 Θεοῦ
2279 1044 2341 1098 τὸ
2361 1045 2661 1115 κατορθοῦν
2689 1047 2948 1102 δύνασθαι
2991 1049 3088 1121 τὴν
3135 1051 3355 1123 ἀρετὴν,
3391 1054 3474 1106 ὅτι
3511 1054 3586 1126 μὴ
3625 1059 3686 1110 ὲν

2108 1135 2306 1204 ἀρχαῖς
2342 1138 2719 1206 τετιμήκασιν.
2763 1139 2993 1202 Οὐκοῦν,
3039 1140 3195 1212 εἰπερ
3246 1142 3415 1212 ἐσμὲν
3441 1144 3683 1213 ἀγχίνοοι

2111 1227 2206 1279 καὶ
2232 1227 2406 1296 σοφοὶ,
2440 1228 2592 1298 παρά
2633 1228 2766 1281 Θεοῦ
2794 1229 2854 1281 τὸ
2875 1229 3135 1284 δύνασθαι
3167 1233 3298 1303 δρᾷν
3333 1233 3369 1287 ἀ
3403 1235 3681 1306 προσῆκεν

2103 1319 2436 1388 αἰτήσωμεν.
2473 1320 2758 1390 Χαριεῖται
2799 1321 2854 1374 δὲ
2872 1321 3110 1386 πάντως,
3161 1321 3541 1394 φιλάνθρωπος
3578 1326 3673 1394 ὢν,

2102 1408 2198 1461 καλ⁸
2226 1413 2604 1481 πνευματικῆς
2643 1410 2822 1482 ἰσχύος
2849 1413 3112 1483 ὲκπλήσει
3158 1414 3246 1468 διὰ
3279 1417 3538 1487 Χριστοῦ.
3596 1422 3676 1473 Δι’

2099 1488 2160 1552 οὗ
2209 1500 2301 1553 καὶ
2343 1500 2461 1571 μεθ’
2484 1495 2544 1555 οὗ
2584 1501 2662 1572 τῷ
2689 1502 2807 1573 Θεῷ
2845 1504 2938 1557 καὶ
2966 1505 3140 1576 Πατρὶ
3167 1507 3198 1578 ἠ
3221 1503 3366 1574 δόξα,
3405 1509 3500 1562 σὺν
3532 1511 3672 1582 ἁγίῳ

2099 1590 2398 1663 Πνεύματι,
2431 1593 2511 1656 εἰς
2541 1593 2667 1657 τοὺς
2695 1594 2897 1659 αἰῶνας
2922 1595 3030 1650 τῶν
3050 1595 3281 1652 αἰώνων.
3326 1599 3513 1670 Ἀμήν.

2390 1807 3654 1844 mm:

1142 1978 1372 2067 ΤΟΥ
1449 1981 1596 2067 ΕΝ
1668 1982 2035 2070 ΑΓΙΟΙΣ
2107 1981 2542 2072 ΠΑΤΡΟΣ
2619 1989 2950 2081 ΗΜΩΝ

1367 2187 2721 2366 ΚΥΡΙΑΛΟΥ

734 2509 2022 2633 ΑΡΧΙΕΠΙΣΚΟΠΟΥ
2145 2503 3346 2677 ΑΛΕΞΑΝΔΡΕΙΑΣ,

1537 2749 1910 2808 ΕΞΗΓΗΣΙΣ
1953 2753 2355 2818 ΥΠΟΜΝΗΜΔ
2366 2760 2545 2815 ΤῙΚΗ

910 2831 1176 3069 ΕΙΣ
1258 2939 1606 3074 TON
1680 2944 2630 3078 ΠΡΟΦΗΤΗΝ
2698 2953 3157 3089 ΙΩΗΑ.

1082 3386 1279 3665 S.
1415 3396 1612 3568 P.
1733 3398 1930 3572 N.
2070 3401 2950 3587 CYRILLI

1494 3711 1964 3775 ALEXANDRUE
2016 3719 2572 3797 ARCHIEPISCOPI,

739 3899 863 3991 IN
937 3899 1410 3994 JOELEM
1485 3907 2215 4005 PROPHETAM
2294 3917 3318 4060 COMMENTARIUS,

1616 4125 2017 4180 CONTINENS
2070 4130 2295 4184 TOMOS
2328 4134 2410 4186 ΙΙ.

1966 4299 2040 4316 -

802 4429 1527 4527 PRO(EMIUM.
1989 4443 2042 4497 Β

457 4573 617 4645 197
665 4571 707 4630 Ι.
742 4573 996 4631 Divinum
1031 4576 1241 4634 Joelem
1269 4583 1458 4636 eadem
1510 4593 1826 4654 tempestate
1857 4605 1957 4645 va.

381 4665 668 4721 ticinatum
699 4674 948 4735 apparet,
983 4683 1089 4736 qua
1118 4671 1300 4724 caeteri
1330 4683 1458 4727 ante
1487 4674 1658 4744 ipsum
1685 4677 1954 4747 collocati,

381 4753 574 4819 Oseas,
606 4753 846 4822 inquam,
871 4764 925 4810 et
953 4759 1120 4812 Amos
1153 4759 1504 4828 proplietasse
1552 4762 1774 4836 intelligi
1832 4783 1956 4838 pos-

2519 4441 3180 4540 ΠΡΟΟΙΜΙΟΝ.

2135 4588 2470 4665 Προφητεύει
2501 4598 2600 4668 μὲν
2638 4601 2667 4653 ὁ
2693 4601 2975 4674 θεσπέσιος
3019 4606 3170 4678 Ἰωὴλ
3196 4607 3256 4662 ὲν
3285 4599 3526 4682 χρόνοις,
3552 4615 3633 4682 ὡς

2062 4682 2227 4750 ἔοικε,
2265 4685 2386 4739 καθ’
2423 4687 2516 4752 οὓς
2553 4690 2620 4743 ἂν
2650 4695 2850 4747 νοοῖντο
2887 4697 2984 4749 καὶ
3015 4699 3066 4750 οί
3095 4699 3201 4770 πρὸ
3241 4701 3409 4755 αὐτοῦ
3438 4721 3634 4774 τεταγ-

2061 4773 2233 4844 μένοι,
2254 4775 2343 4829 τὸν
2373 4777 2527 4850 Ὠσηὲ
2551 4781 2607 4835 δέ
2635 4799 2799 4855 φημι,
2820 4785 2915 4838 καὶ
2938 4789 3120 4857 μέντοι
3165 4791 3260 4844 καὶ
3284 4791 3378 4848 τὸν
3422 4773 3627 4868 Ἀμώς.

378 4853 526 4898 sunt.
563 4843 773 4899 Hebraei
799 4859 1030 4914 namque
1053 4861 1158 4900 non
1188 4856 1308 4916 post
1351 4849 1652 4918 Michaam,
1701 4856 1792 4910 sed
1834 4866 1957 4926 post

377 4931 498 4987 illos
527 4948 556 4987 a
583 4946 670 4986 me
703 4934 1006 4990 nominatos
1060 4940 1365 5006 ponendum
1417 4941 1768 5000 arbitrantur.
1800 4946 1945 5003 Con-

375 5024 642 5092 queritur,
670 5032 729 5077 ut
765 5039 880 5079 mea
908 5035 990 5081 est
1013 5030 1218 5096 opinio,
1257 5044 1418 5098 super
1441 5030 1715 5102 lsraelitis,
1747 5051 1946 5106 eosque

372 5111 692 5181 gravissime
725 5112 1043 5180 insectatur,
1080 5119 1336 5185 quoniam
1385 5134 1450 5173 eo
1499 5119 1709 5176 demum
1754 5139 1943 5194 super-

368 5202 474 5256 biae
508 5217 570 5258 ac
620 5206 855 5275 stuporis
918 5209 1182 5274 venerint,
1233 5221 1288 5264 et
1338 5211 1410 5265 ita
1466 5227 1680 5268 onmem
1727 5215 1937 5268 dolendi

368 5306 586 5345 sensum
614 5295 918 5364 amiserint,
947 5309 1004 5354 ut
1032 5299 1178 5353 nullo
1208 5301 1365 5370 plane
1403 5302 1662 5371 supplicio
1693 5321 1720 5358 a
1749 5320 1939 5376 pecca-

367 5380 442 5434 tis
474 5382 854 5450 reprimantur,
893 5404 992 5444 nec
1036 5391 1171 5445 adeo
1211 5392 1438 5457 crebris,
1482 5404 1534 5448 et
1581 5403 1789 5451 tantum
1829 5413 1935 5452 non

367 5472 634 5524 acervatis
665 5472 1060 5532 calamitatibus
1089 5491 1494 5552 expugnentur,
1534 5490 1747 5554 quando
1793 5498 1934 5542 tem-

364 5573 467 5632 pus
490 5560 666 5615 adbuc
695 5562 894 5617 nullmn
925 5569 1194 5636 inciderit,
1243 5589 1351 5642 quo
1398 5575 1480 5630 vel
1531 5577 1860 5648 aliquantum
1906 5597 1934 5633 a

365 5650 601 5706 miseriis
628 5650 970 5720 requiescere
997 5659 1226 5718 licuerit.
1261 5664 1488 5720 Constat
1532 5682 1692 5736 porro
1741 5669 1933 5724 Isaiam

365 5755 581 5812 quoque
607 5744 664 5799 in
718 5741 976 5799 eamdem
1015 5753 1338 5808 sententiam
1375 5759 1635 5817 locutum.
1679 5778 1700 5815 ι
1761 5762 1932 5819 lratus

2055 4867 2214 4919 Δοκεῖ
2260 4867 2367 4939 γὰρ
2408 4871 2674 4943 Ἑϐραίοις
2704 4876 2765 4929 οὐ
2815 4880 2956 4948 μετά
2990 4897 3054 4949 γε
3091 4882 3182 4936 τὸν
3216 4885 3480 4955 Μιχαίαν,
3510 4888 3630 4943 ἀλλ’

2053 4957 2280 5024 ἐκείνοις
2301 4961 2461 5016 αὐτὸν
2489 4968 2844 5038 συντετάχθαι
2871 4971 2997 5028 δεῖν.
3032 4975 3408 5047 Καταγορεύει
3439 4979 3518 5045 δὲ,
3547 4979 3628 5045 ὥς

2050 5047 2112 5142 γε
2146 5065 2235 5142 μοι
2274 5051 2544 5121 φαίνεται,
2571 5057 2678 5112 τῶν
2706 5059 2766 5125 ἐξ
2811 5061 3047 5135 Ἰσραὴλ,
3080 5066 3172 5118 καὶ
3203 5067 3463 5142 πλείστην
3488 5072 3625 5142 ὅσην

2047 5137 2224 5193 αὐτῶν
2246 5145 2474 5196 ποιεῖται
2503 5148 2793 5221 καταϐοὴν,
2817 5153 2892 5218 ὡς
2918 5157 2999 5218 εἰς
3017 5157 3172 5210 τοῦτο
3195 5157 3380 5213 λοιπὸν
3406 5162 3630 5231 ἀγερωι

2044 5229 2166 5297 χίας
2189 5232 2424 5302 ίγμένων
2449 5236 2786 5310 ἀποπληξίας
2827 5263 2887 5297 τε
2914 5247 3009 5300 καὶ
3031 5249 3384 5319 ἀναλγησίας,
3411 5253 3487 5315 ὡς

2047 5319 2272 5388 μηδενὸς
2299 5328 2622 5397 τοπαράπαν
2652 5332 3052 5392 ἀνακόπτεσθαι
3091 5339 3199 5394 τῶν
3229 5343 3439 5407 κακῶν,
3475 5346 3632 5415 μήτε

2047 5410 2146 5506 μὲν
2171 5416 2291 5476 ταῖς
2342 5416 2483 5471 οὕτω
2512 5423 2739 5490 συχνῶς,
2771 5431 3048 5500 μονονουχὶ
3096 5431 3153 5485 δὲ
3202 5433 3297 5486 καὶ
3332 5410 3638 5506 στοιχηδὸν

2042 5501 2492 5599 ἐπενηνεγμένοις
2532 5512 2793 5580 ἡττᾶσθαι
2830 5525 3152 5592 συμφοραῖς,
3187 5525 3367 5578 καίτοι
3417 5501 3640 5599 χρόνον

2044 5589 2268 5686 μηδενὸς
2313 5599 2807 5669 παρεισδεδυκότος,
2851 5609 2971 5661 καθ’
3008 5589 3066 5665 δν
3117 5589 3474 5684 ἀναφαίνοιτίἀ
3525 5635 3645 5686 τις

2033 5679 2356 5783 ἀνάπνευσις
2402 5687 2493 5738 τοῦ
2540 5691 2732 5757 κακοῦ,
2764 5697 2866 5749 κᾶν
2908 5699 3037 5765 γοῦν
3081 5701 3330 5774 βραχεῖα,
3378 5725 3646 5783 γεγενη-

2036 5766 2190 5836 μένη.
2235 5769 2547 5845 Εὐρήσομεν
2584 5779 2638 5834 δὲ
2685 5785 2778 5838 καὶ
2822 5785 3048 5845 Ἡσαΐαν
3073 5766 3159 5846 διὰ
3188 5766 3327 5850 ’τῶν
3354 5766 3490 5853 τέων
3515 5766 3646 5859 λέ-
