4034 6270
332 343 442 400 529

1247 344 1794 404 COMMENTARIUS
1828 347 1894 404 ΙΝ
1933 349 2197 410 ΙΟΕιΕΜ
2237 346 2681 412 ΡΒΟΡῊΕΤΑΜ.

3478 363 3586 421 37-0

340 477 453 528 γων
488 455 960 528 ἐρχόμενον.Ἔφτ;
984 457 1090 528 γάρ
1110 474 1122 487 °
1153 476 1170 508 ι
1206 460 1314 512 Καὶ
1346 460 1601 532 ἐθυμώθη
1631 463 1766 535 ὀργῇ
1801 464 1911 517 Κύ-

2019 478 2118 535 est,
2148 469 2342 539 inquit,
2373 469 2523 524 furor
2553 469 2762 525 Domini
2789 465 3027 524 Sabaoth
3049 467 3104 521 in
3125 468 3376 538 populum
3403 487 3583 538 sutnn,

346 570 460 626 ριος
493 548 718 605 Σαϐαὼθ
770 548 863 601 ἐπὶ
897 549 987 601 τὸν
1014 549 1140 602 λαὸν
1190 549 1378 615 αὑτοῦ,
1418 552 1512 606 καὶ
1551 554 1782 607 ἐπέϐαλε
1818 556 1917 627 τὴν

343 644 501 716 χεῖρα
546 639 709 699 αὑτοῦ
741 637 830 692 ἐπ’
873 636 1087 701 αὐτούς.
1131 655 1152 689 ι
1191 639 1303 692 Καὶ
1345 642 1461 710 μετ’
1506 642 1684 711 ὀλίγον
1707 661 1721 675 .
1760 663 1778 693 ε
1832 646 1917 698 Ἑν

348 736 481 787 πᾶσι
509 730 718 793 τούτοις
744 730 846 783 οὐκ
875 729 1200 801 ἀπεστράφη
1231 732 1260 783 ὁ
1282 730 1453 802 θυμὸς
1479 734 1664 796 αὐτοῦ,
1695 735 1812 788 ἀλλ’
1836 737 1917 791 ἔτι

344 826 378 895 ἡ
410 825 529 894 χεὶρ
567 820 733 876 αὐτοῦ
766 819 965 892 ὑψηλή.
1005 838 1026 872 ι
1057 820 1273 891 Συνίης,
1312 823 1461 887 ὅπως
1500 824 1659 878 τοῦτο
1696 828 1918 882 κάκεῖνο

349 914 670 978 πεπόνθασι,
716 914 809 966 καὶ
844 913 878 982 ἡ
913 910 1009 965 τοῦ
1055 912 1309 978 παίοντος
1338 916 1459 987 χεὶρ
1498 917 1918 991 ἀπομεμένηκεν

349 1004 551 1076 ὑψηλὴ,
584 1004 661 1068 ὡς
686 1004 804 1058 ὅσον
828 1001 982 1057 οὔπω
1007 1005 1101 1057 καὶ
1126 1006 1318 1075 ἐτέρας
1343 1008 1528 1071 αὐτοῖς
1549 1010 1918 1065 ὲπαπειλοῦσα

354 1097 583 1167 πληγάς.
617 1096 822 1164 Ὀνπερ
857 1095 967 1166 γὰρ
1009 1095 1210 1164 τρόπον
1234 1098 1302 1149 τά
1326 1098 1437 1151 τῶν
1477 1099 1664 1153 παθῶν
1692 1101 1918 1156 δυσίατα

344 1190 410 1241 οὐ
449 1190 573 1260 μιᾶς
612 1186 730 1241 ἔσθ’
767 1186 856 1240 ὅτε
882 1186 1055 1239 δεῖται
1098 1186 1295 1258 τομῆς,
1330 1189 1446 1243 ἀλλ’
1489 1189 1571 1243 ἑτι
1620 1192 1877 1251 πλειόνων
1900 1210 1915 1227 ο

342 1277 485 1331 οὕτω
523 1279 616 1331 καὶ
651 1280 681 1330 6
709 1277 1049 1348 ἀνθρώπινος
1086 1277 1214 1340 νοῦς
1243 1281 1325 1342 είς
1356 1279 1469 1344 ἕξιν
1497 1283 1649 1352 ἥκων
1684 1285 1920 1354 ἀναλγη-

343 1367 487 1432 σίας,
520 1367 857 1438 συχνοτέρας
874 1368 1044 1421 δεῖται
1079 1369 1315 1439 πληγῆς,
1349 1372 1783 1447 ἀνακομιζούσης
1818 1380 1916 1449 μό-

343 1460 425 1523 λις
457 1460 537 1525 εἰς
564 1476 631 1529 γε
657 1459 918 1513 δύνασθαι
958 1460 1144 1514 λοιπὸν
1175 1463 1476 1534 ἀναμαθεω
1519 1468 1843 1537 ἐπείγεσθαι.
1857 1472 1923 1525 τὺ

342 1551 533 1604 τελοῦν
553 1552 635 1613 εἰς
659 1550 867 1620 ὄνησιν.
910 1550 1093 1603 Ἐοικε
1112 1551 1292 1607 τοίνυν
1327 1553 1500 1625 Ίωὴλ,
1538 1556 1611 1620 ὼς
1641 1557 1734 1629 ξπ).
1767 1559 1920 1613 πλεί.

347 1657 505 1705 σταις
543 1641 648 1711 ἢδη
705 1641 940 1710 πληγαῖς
972 1641 1327 1714 ἀνουθετήτου
1389 1650 1761 1719 μεμενηκότος
1822 1651 1918 1705 τοῦ

359 1732 600 1802 Ἰσραὴλ,
652 1732 918 1785 ποιεῖσθαι
963 1733 1139 1803 σοφῶς
1169 1733 1272 1805 τὴν
1314 1737 1625 1810 ἐπίπληξιν.
1668 1740 1919 1812 Συμόου-

2019 570 2071 615 et
2103 563 2347 617 extendit
2378 578 2596 617 mimum
2637 577 2789 618 suam
2836 574 2997 632 super
3021 575 3146 616 eum
3193 561 3256 628 ³³,
3299 580 3319 614 ο
3357 573 3467 622 etc.
3520 566 3587 618 Et

2019 651 2181 720 paulo
2204 661 2328 720 post
2362 670 2376 706 :
2406 669 2428 702 ι
2464 652 2521 705 ln
2552 653 2637 707 bis
2660 651 2911 707 cantibus
2935 667 3040 708 non
3067 651 3228 723 193
3254 662 3337 709 est
3365 667 3589 711 aversus

2018 744 2169 795 furor
2190 742 2326 809 eius,
2357 745 2451 798 sed
2483 743 2659 797 adhuc
2689 758 2880 799 manus
2896 743 3012 813 ejus
3035 746 3247 801 excelsa
3274 744 3372 800 ³⁸.»
3402 747 3590 802 Anim.

2017 831 2256 886 advertis
2309 834 2579 901 qumuodo
2613 833 2758 886 aliud
2805 834 3057 905 aliudque
3072 835 3270 892 malum
3297 838 3586 909 perpessis,

2019 933 2211 979 rnanus
2234 920 2479 976 ferientis
2504 921 2683 977 adhuc
2724 936 2988 992 suspensa
3022 929 3400 994 permanserit,
3431 930 3586 998 quasi

2012 1010 2235 1083 jamjam
2294 1013 2482 1083 plagas
2538 1028 2706 1068 novas
2764 1012 3057 1072 inﬁictura.
3125 1017 3586 1084 Quemadmodum

2017 1100 2161 1155 enim
2191 1102 2259 1158 ad
2285 1105 2502 1159 morbos
2521 1114 2712 1159 curata
2741 1102 2991 1161 diﬁiciles
3019 1121 3124 1161 non
3166 1123 3327 1162 unam
3381 1120 3585 1165 tantum

2018 1193 2338 1258 sectionem,
2369 1194 2467 1250 sed
2507 1194 2688 1264 plures
2737 1196 3005 1251 interdum
3050 1213 3272 1254 necesse
3315 1209 3399 1254 est
3431 1202 3589 1256 adhi-

2019 1279 2177 1346 bere,
2225 1280 2299 1335 ita
2343 1296 2497 1338 mens
2531 1282 2795 1348 humana,
2832 1283 3138 1341 indolentia:
3172 1296 3390 1357 torpore
3421 1305 3585 1360 supc-

2020 1380 2176 1438 rata,
2222 1369 2574 1442 frequentiori
2609 1372 2764 1444 plaga
2813 1378 3077 1444 tangenda
3119 1387 3224 1443 est,
3267 1388 3325 1433 ut
3367 1382 3584 1436 tandem

2020 1470 2292 1526 revocata,
2327 1462 2396 1516 de
2438 1462 2651 1530 integro
2682 1464 2889 1523 discere
2947 1474 3112 1535 queat
3156 1482 3263 1538 quo
3323 1480 3481 1538 pacto
3535 1472 3585 1525 in

2019 1557 2294 1616 posterum
2323 1550 2583 1607 utilitates
2606 1566 2734 1608 suas
2779 1565 3156 1625 persequatur.
3205 1558 3427 1617 Videtur
3460 1579 3588 1631 ergo

2018 1641 2134 1697 Joel
2185 1642 2484 1709 lsraelitas,
2520 1650 2777 1711 tanquam
2827 1646 2918 1715 qui
2975 1649 3339 1716 compluribus
3410 1651 3587 1709 allecti

2019 1733 2335 1789 vulneribus
2362 1734 2718 1789 admonitioni
2764 1733 2938 1790 locum
2968 1739 3197 1797 necdum
3251 1743 3587 1813 reliquerint,

348 1821 498 1875 λεύει
514 1839 574 1876 τε
596 1821 735 1893 ἅμα,
758 1820 826 1876 τὰ
841 1823 1032 1893 αἰσχίω
1053 1824 1686 1903 μεθέντας,.μεταφοιτᾷν
1702 1833 1913 1889 ἑλέσθαι

2025 1825 2301 1894 sapienter
2351 1824 2660 1896 obiurgare.
2720 1824 2926 1883 Suadet
2972 1828 3099 1885 item
3145 1843 3211 1885 ea
3251 1830 3356 1887 illis
3389 1834 3590 1903 ample-

348 1915 487 1985 πρὸς
521 1915 583 1969 τδ
621 1915 816 1986 ήδὺνον
859 1916 1012 1973 Θεόν.
1058 1917 1401 1989 Προσεπάγει
1447 1938 1511 1991 γε
1543 1924 1650 1994 μὴν
1686 1925 1919 1981 καὶτῶν

344 2006 425 2059 ὅτι
456 2005 691 2076 μάλιστα
736 2007 1008 2077 φιλτάτων
1054 2009 1239 2074 αὐτοῖς
1274 2011 1372 2083 τὴν
1413 2014 1726 2086 ὑπόσχεσιν,
1758 2017 1918 2090 εἴπερ

344 2096 548 2151 ἕλοιντο
582 2101 887 2169 μετανοεῖν.
916 2098 1029 2154 Καὶ
1051 2101 1135 2154 ὅτι
1178 2102 1420 2174 χρηστῷ,
1447 2105 1542 2158 καὶ
1570 2109 1917 2181 ήμερωτάτῳ

343 2188 849 2261 περιτεύξονταιτῷ
867 2192 1141 2264 Δεσπότῃ,
1164 2194 1345 2248 δίδωσι
1368 2196 1608 2269 θαρρεῖν.
1625 2196 1792 2265 Οὗτος
1816 2202 1916 2273 μὲν

341 2276 436 2332 οὖν
467 2281 590 2344 ὅλος
620 2281 721 2352 τῆς
759 2282 1096 2353 προφητείας
1135 2284 1167 2336 6
1205 2286 1422 2350 σκοπός.
1456 2289 1701 2345 Ἕκαστα
1726 2292 1786 2345 δὲ
1806 2292 1917 2346 τῶν

342 2371 428 2440 ἐφ’
457 2371 586 2444 ἑξῆς
623 2373 727 2427 ἀνὰ
760 2375 924 2446 μέρος
963 2374 1217 2447 ἐροῦμεν,
1245 2379 1365 2442 ταῖς
1403 2378 1511 2433 τῶν
1542 2382 1916 2455 προκειμένων

340 2462 599 2534 θεωρίαις
622 2465 899 2536 ἑπόμενοι.

673 2589 1058 2678 ΤΟΜΟΣ
1120 2591 1588 2681 ΠΡΩΤΟΣ.

940 2746 1191 2804 ΚΕΦΑΛ.
1232 2748 1311 2801 A'.

316 2854 322 2858 ”
420 2854 616 2923 Λόγος
661 2856 901 2923 ΚιῬίου,
941 2855 1009 2922 ὃς·
1068 2857 1318 2927 ἐγενήθη
1374 2860 1523 2929 πρὸς
1568 2860 1758 2931 ’Ῐωὴλ,
1809 2862 1916 2918 τὸν

349 2942 457 2996 τοῦ
492 2944 789 3010 Βαθουήλι

417 3034 492 3086 B'.
529 3034 699 3102 Λόγον
747 3035 882 3089 Θεοῦ
923 3053 1057 3107 φησι
1111 3041 1434 3111 γεγενῆσθαι
1472 3043 1604 3114 πρὸς
1656 3044 1845 3097 ἑαυτὸν
1885 3047 1915 3099 6

340 3124 648 3193 προφήτης,
680 3124 766 3178 ἴνα
802 3129 868 3197 τῇ
901 3129 1209 3200 προφητείᾳ
1240 3131 1337 3201 τὴν
1386 3132 1565 3186 πίστιν
1592 3134 1916 3205 προσνέμω-

336 3231 464 3285 μεν,
511 3216 796 3287 ἀραρότως
832 3217 1189 3290 διακείμενοι,
1241 3222 1335 3275 καὶ
1372 3224 1791 3297 τεθαρρηκότες,
1833 3227 1915 3280 ὅτι

334 3309 558 3372 πάντως
584 3309 662 3372 είς
696 3310 870 3378 πέρας
895 3312 1190 3384 ἐκϐήσεται
1212 3315 1283 3369 τὰ
1305 3317 1742 3387 προηγγελμένα.
1771 3315 1915 3388 Πρὸς

334 3397 497 3450 τοῦτο
526 3399 674 3468 ἡμᾶς
712 3400 939 3469 ἐμπεδοί
961 3402 1136 3471 λέγων
1158 3405 1251 3458 καὶ
1280 3406 1442 3471 αὐτὸς
1463 3409 1493 3460 6
1533 3406 1721 3477 Σωτήρ
1741 3423 1755 3436 ·
1796 3425 1816 3459 ι
1849 3407 1915 3460 οι

338 3490 486 3557 λόγοι
514 3507 615 3560 μου
641 3490 702 3543 οὗ
738 3492 813 3562 μὴ
839 3494 1172 3564 παρέλθωσι.
1212 3515 1231 3548 ι
1266 3497 1471 3569 Χρῆμα
1499 3498 1610 3569 γὰρ
1641 3497 1761 3568 οὐχὶ
1786 3496 1914 3566 ψευ-

339 3580 528 3644 δὸεπὲς
557 3583 590 3652 ἡ
633 3582 880 3653 ἀλήθεια,
914 3586 1005 3638 καὶ
1030 3587 1171 3658 ὅπερ
1199 3587 1267 3641 ἂν
1296 3588 1431 3662 λέγῃ
1449 3590 1479 3643 6
1500 3587 1654 3653 Θεὸς,
1684 3588 1912 3660 ἀτρεκὲς

335 3672 489 3725 ἔσται
514 3673 749 3738 πάντως.
786 3675 958 3753 Αὐτὸς
993 3678 1103 3750 γάρ
1138 3676 1288 3734 ἐστιν
1310 3682 1339 3733 6
1366 3680 1530 3734 ἱστῶν
1569 3680 1758 3752 ῥήσεις
1788 3696 1914 3733 παι-

332 3760 425 3825 ἃδς
460 3760 647 3827 αὐτοῦ,
682 3766 777 3820 καὶ
796 3767 895 3838 τὴν
920 3766 1113 3841 βουλὴν
1137 3770 1244 3825 τῶν
1281 3770 1529 3840 ἀγγέλων
1570 3770 1736 3826 αὐτοῦ
1772 3771 1910 3843 ἀλη-

333 3854 530 3910 θεύων.
563 3858 772 3911 Οὐκοῦν
800 3860 1217 3932 εὐτεχνέστατα,
1249 3865 1340 3917 καὶ
1369 3863 1550 3933 σοφῶς
1580 3862 1783 3930 ἐξαιτεῖ
1808 3864 1911 3934 τὴν

333 3947 522 4000 πίστιν
548 3949 674 4011 τοὺς
692 3950 1097 4018 ἀκροωμένους,
1127 3954 1209 4006 ὅτι
1239 3954 1312 4024 μὴ
1331 3954 1475 4007 κατά
1492 3970 1646 4017 τινας
1673 3957 1757 4025 εῐη
1778 3953 1911 4023 ψευ-

328 4037 556 4107 δοεπὴς,
595 4037 630 4109 ἢ
664 4040 729 4091 ὲκ
759 4042 985 4112 καρδίας
1020 4043 1082 4094 τὸ
1107 4042 1297 4094 δοκοῦν
1342 4042 1660 4114 ἀναφέρων,
1699 4043 1814 4098 ἀλλ’
1843 4046 1910 4098 ἑκ

334 4128 611 4195 στόματος
638 4128 842 4200 Κυρίου
862 4129 1037 4183 λαλῶν
1059 4133 1116 4184 ὲν
1137 4130 1422 4201 πνεύματι,
1453 4132 1766 4201 σαφέστατα
1787 4133 1910 4187 διει-

336 4218 483 4275 πὼν.
516 4219 844 4290 Πρόσκειται
889 4221 946 4274 δὲ
990 4221 1302 4289 ἀναγκαίως
1337 4240 1356 4273 ι
1387 4223 1416 4275 ό
1462 4221 1725 4294 Βαθουὴλ,
1767 4241 1786 4275 ι
1823 4224 1908 4278 ἵνα

339 4310 417 4379 μή
455 4324 543 4372 τις
583 4307 771 4379 ἔτερος
807 4308 937 4379 παρ’
969 4307 1132 4362 αὐτὸν
1180 4311 1350 4362 νοοῖτο
1379 4310 1471 4363 τὸν
1517 4309 1690 4382 Ἰωήλ.
1715 4312 1908 4367 Πολλοὶ

339 4402 439 4471 μὲν
462 4399 571 4472 γὰρ
598 4401 988 4471 ἀναμφιλόγως
1025 4403 1091 4474 τῇ
1121 4399 1345 4475 τοιαύτῃ
1373 4401 1562 4474 κλήσει
1593 4403 1908 4473 κατωνομά-

336 4490 491 4555 ζοντο
510 4508 526 4524 ο
569 4491 826 4561 γεγόνασι
860 4493 918 4546 δὲ
952 4493 1015 4546 οὐ
1054 4493 1255 4555 πάντες
1304 4496 1368 4547 ὲκ
1406 4493 1666 4566 Βαθουήλ.
1703 4493 1904 4565 Ἀσφα-

334 4580 483 4646 λείας
509 4580 575 4652 δὴ
598 4578 711 4648 οὖν,
739 4583 816 4647 ὡς
839 4578 1077 4656 ἐγῷμαι,
1108 4583 1270 4655 χάριν
1293 4586 1715 4657 προσενήνεκται
1746 4586 1907 4642 πᾶλιν

331 4676 365 4727 ὀ
387 4672 650 4743 Βαθουήλ.

421 4761 744 4815 Ἀκούσατε
789 4763 998 4826 ταῦτα,
1042 4766 1097 4818 οἱ
1124 4765 1531 4832 πρεσϐύτεροι,
1561 4764 1662 4819 καί
1708 4764 1911 4820 ἐνωτί-

333 4854 555 4914 σασθε,
586 4850 807 4919 πάντες
832 4857 885 4907 ot
931 4855 1351 4921 κατοικοῦντες
1375 4856 1491 4924 τὴν
1528 4854 1645 4926 γῆν
1662 4873 1677 4888 ο
1714 4858 1770 4911 εί
1813 4856 1909 4924 γέ-

335 4957 479 5012 γονε
522 4943 762 4999 τοιαῦτα
805 4945 874 4997 ἐν
904 4946 1032 5012 ταῖς
1077 4948 1324 5015 ἡμέραις
1365 4948 1552 5017 ὑμῶν,
1582 4949 1622 5017 ἢ
1658 4950 1728 5004 ἐν
1775 4950 1906 5016 ταῖς

336 5030 587 5099 ἡμέραις
615 5029 734 5085 τῶν
775 5034 1042 5101 πατέρων
1086 5036 1269 5105 ὑμῶν.
1315 5038 1492 5105 ’Υπὲρ
1534 5037 1732 5092 αὐτῶν
1780 5038 1906 5104 τοῖς

332 5120 570 5186 τέκνοις
615 5120 780 5189 ὑμῶν
812 5123 1198 5194 διηγήσασθε,
1240 5130 1338 5183 καὶ
1389 5131 1462 5184 τὰ
1504 5128 1685 5182 τέκνα
1738 5129 1907 5199 ὑμῶν

332 5209 459 5274 τοῖς
503 5210 735 5278 τέκνοις
785 5214 999 5282 αὐτῶν,
1030 5218 1224 5273 καὶτὰ
1252 5221 1432 5273 τέκνα
1471 5219 1670 5273 αὐτῶν
1692 5224 1778 5286 εἱς
1815 5239 1906 5290 γε·

332 5299 481 5353 νεὰν
512 5300 742 5370 ἑτέραν.

429 5393 503 5447 Γ’.
554 5378 853 5466 Ἀποφέρει
906 5397 1046 5466 πρὸς
1092 5399 1427 5472 ἀρχαιότητα
1473 5399 1680 5469 καιρῶν
1722 5420 1778 5456 τε
1818 5404 1911 5457 καὶ

334 5483 558 5553 μνήμης
595 5485 721 5548 τοὺς
752 5488 1151 5557 γεγηρακότας,
1188 5492 1283 5543 καὶ
1310 5489 1709 5557 διενθυμεῖσθαι
1739 5507 1908 5563 προσ-

325 5574 548 5642 τέταχε,
581 5575 709 5629 πότε
736 5576 800 5644 δὴ
839 5576 947 5647 ἄρα
970 5579 1064 5630 καὶ
1104 5578 1198 5629 ἐπὶ
1237 5581 1347 5630 τίσι
1377 5576 1659 5628 τευέανται
1697 5579 1764 5632 τὰ
1797 5581 1907 5643 ἴσα,

406 5732 452 5763 ³⁸
491 5732 591 5786 lsn.
624 5750 677 5798 ν,
708 5734 796 5787 9.5.
876 5737 920 5765 ³⁸
963 5737 1092 5790 ibid.

661 5829 933 5889 Ριιτιιοι..
984 5828 1027 5888 G
1043 5848 1100 5887 tt.
1193 5827 1415 5888 LXXI.

2024 1917 2238 1978 ctenda,
2280 1930 2399 1985 quae
2433 1916 2600 1971 Deum
2649 1916 2882 1983 leniant,
2914 1926 2969 1972 et
3015 1933 3194 1975 rerum
3225 1923 3589 1990 optatissima-

2026 2021 2144 2060 rnm
2171 2007 2439 2075 promissa
2464 2007 2733 2079 adjungit,
2766 2008 2811 2065 si
2853 2010 2920 2065 ad
2964 2012 3341 2080 paenitentiam
3373 2015 3502 2071 dare
3529 2031 3589 2071 se

2025 2099 2311 2164 voluerint,
2344 2099 2877 2171 clementissimoquc
2922 2116 2987 2158 ac
3028 2102 3319 2160 mitissimo
3359 2105 3586 2162 Domino

2023 2202 2242 2253 usuros,
2273 2188 2523 2244 ﬁduciam
2558 2189 2750 2260 injicit.
2780 2191 2960 2262 Atque
2990 2191 3078 2247 hic
3109 2201 3254 2249 totus
3293 2197 3588 2267 prophetia:

2023 2295 2220 2349 scopus
2247 2295 2313 2335 ac
2348 2280 2471 2337 linis
2492 2290 2597 2337 est.
2630 2280 2892 2354 Deinceps
2924 2284 3156 2357 singula,
3201 2301 3267 2343 eo
3300 2302 3407 2357 quo
3459 2305 3589 2360 pro-

2023 2370 2195 2439 posita
2230 2379 2357 2426 sunt
2393 2374 2584 2427 ordine
2609 2375 3039 2446 considerantes,
3083 2379 3449 2448 particulatim
3493 2397 3581 2438 ex-

2025 2461 2254 2532 planare
2280 2464 2681 2536 aggrediemur.

2352 2591 2754 2686 TOMUS
2826 2597 3239 2728 PRIOR.

2697 2740 2848 2797 CAP.
2889 2742 2930 2798 1.

2093 2851 2258 2908 Vens.
2284 2853 2335 2907 l.
2373 2850 2598 2906 Verbum
2636 2851 2847 2908 Domini
2870 2857 3008 2926 quod
3035 2858 3234 2928 factum
3258 2870 3332 2916 est
3357 2862 3428 2917 ad
3444 2862 3585 2929 Jul,

2018 2943 2189 3015 ﬁlium
2222 2942 2467 2998 Buthuel.

2090 3033 2169 3088 Il.’
2204 3035 2432 3088 Verbum
2488 3033 2579 3090 Dei
2623 3034 2690 3090 ad
2730 3050 2791 3091 se
2837 3036 3036 3093 fartum
3082 3042 3158 3094 ait
3197 3041 3477 3111 propheta,
3529 3055 3589 3098 ut

2020 3125 2461 3197 praedictionibus
2504 3124 2621 3194 ejus
2665 3127 2822 3182 ﬁdem
2875 3132 3216 3196 tribuamus,
3264 3135 3464 3190 animis
3524 3147 3586 3191 t.t

2021 3219 2174 3272 decet
2227 3216 2425 3285 εσθαι,
2464 3229 2520 3274 et
2561 3220 2918 3287 conﬁdentes,
2948 3223 3128 3277 omnia
3167 3238 3287 3291 quae
3332 3240 3586 3296 praenun-

2024 3311 2250 3373 tiantur,
2296 3318 2579 3364 eventura.
2631 3311 2690 3366 In
2724 3312 2829 3367 hoc
2876 3328 2974 3368 nos
3018 3314 3146 3369 item
3183 3313 3435 3372 Salvator
3468 3319 3588 3388 ipse

2020 3399 2330 3466 conﬁrmat,
2382 3402 2677 3471 inquiens:
2735 3419 2756 3455 ι
2794 3401 2970 3459 Verba
3029 3420 3147 3460 mea
3199 3422 3304 3462 non
3365 3418 3584 3480 practer-

2021 3492 2175 3547 ibunt
2216 3490 2284 3548 “.
2320 3513 2339 3545 ι
2384 3492 2602 3551 Veritas
2654 3497 2856 3568 quippe
2906 3510 3012 3552 non
3049 3504 3135 3552 est
3174 3498 3492 3569 falsiloqua;
3528 3512 3588 3556 et

2019 3585 2161 3654 quod
2190 3585 2330 3642 Deus
2359 3587 2577 3652 dixerit,
2606 3588 2914 3659 certissimo
2943 3590 3065 3655 ﬁet;
3087 3590 3199 3658 ipse
3224 3590 3585 3658 estsiquidem

2023 3692 2045 3726 ι
2078 3676 2350 3732 suscitans
2375 3678 2601 3731 verbum
2635 3679 2780 3731 servi
2809 3678 2917 3742 sui,
2957 3685 3014 3733 et
3047 3678 3333 3732 consilium
3368 3680 3587 3735 nuntio~

2020 3779 2143 3819 rum
2208 3779 2431 3819 suorum
2482 3765 2773 3820 veriﬁcans
2816 3768 2884 3819 “.
2932 3783 2953 3817 ι
2987 3766 3348 3833 Quamobrem
3391 3769 3579 3827 scitis-

2020 3857 2158 3910 sime
2212 3855 2445 3924 postulat
2501 3856 2781 3911 audientes
2842 3856 3064 3913 credere
3093 3894 3110 3922 ,
3163 3872 3268 3913 non
3327 3872 3387 3915 se
3431 3874 3584 3916 more

2016 3947 2374 4016 quorumdam
2403 3946 2748 4018 vaniloquum
2781 3961 2907 4004 esse
2929 3947 2995 4011 "',
3031 3963 3131 4004 nec
3168 3949 3234 4005 de
3266 3950 3431 4006 corde
3458 3965 3582 4013 suo.

2017 4039 2162 4107 quod
2222 4038 2324 4093 sibi
2366 4039 2540 4094 visum
2600 4038 2674 4094 sit
2729 4039 3081 4108 depromere,
3131 4054 3315 4095 verum
3367 4056 3433 4096 ex
3487 4056 3584 4096 oro

2018 4130 2282 4195 Domini,
2350 4130 2403 4184 in
2452 4130 2645 4197 spiritu
2709 4129 2873 4184 verba
2931 4129 3110 4185 facere
3145 4168 3162 4193 ,
3226 4130 3584 4199 liquidissinn:

2018 4222 2359 4275 testiﬁcatur.
2424 4220 2745 4277 Necessario
2805 4226 2984 4274 autem
3028 4218 3277 4287 addidit,
3330 4239 3349 4273 ι
3410 4221 3578 4276 lilium

2013 4309 2280 4378 Bathuel,
2330 4329 2349 4363 ι
2401 4326 2468 4365 ne
2513 4310 2650 4365 alius
2685 4309 2954 4380 quispiam
3004 4326 3033 4364 a
3076 4311 3226 4367 Joele
3280 4310 3385 4367 isto
3433 4314 3579 4368 acci-

2012 4412 2253 4473 peretur.
2313 4402 2468 4457 Multi
2514 4403 2660 4457 enim
2703 4405 2822 4457 sine
2860 4404 3229 4458 controversia
3261 4442 3279 4470 ,
3336 4418 3437 4458 nec
3498 4412 3578 4457 ta-

2014 4510 2134 4549 men
2183 4508 2371 4549 omues
2418 4509 2447 4548 a
2496 4494 2755 4549 Bathuele
2794 4494 3168 4564 progenerati,
3219 4493 3324 4549 hoc
3384 4509 3578 4565 nomen

2014 4585 2298 4653 gerebant.
2337 4581 2514 4639 Certa:
2558 4583 2721 4652 igitur
2766 4583 3133 4637 distinctionis
3172 4599 3358 4651 causa,
3384 4592 3443 4638 ut
3476 4598 3579 4650 ego

2013 4675 2214 4740 sentio,
2266 4675 2505 4729 additum
2554 4674 2905 4729 nihilominus
2933 4683 3017 4729 est
3058 4673 3331 4730 Bathuelis
3361 4689 3578 4728 nomen.

2089 4764 2250 4821 Vens.
2276 4765 2330 4832 2,
2365 4766 2420 4820 5.
2456 4766 2646 4819 Audite
2694 4764 2826 4828 Itazc,
2864 4782 3032 4829 senes,
3064 4777 3112 4819 et
3144 4765 3364 4820 auribus
3397 4766 3580 4834 ’ρει-εἱ-

2012 4857 2140 4925 pits,
2164 4872 2343 4911 omnes
2371 4855 2668 4911 habitantes
2696 4863 2928 4920 terram;
2961 4856 3007 4909 si
3043 4855 3183 4923 facta
3214 4864 3335 4908 sunt
3367 4854 3497 4909 talia
3527 4856 3581 4908 in

2014 4946 2195 5001 diebus
2218 4947 2423 5012 vestris,
2456 4956 2547 4999 aut
2591 4944 2644 4999 in
2673 4945 2853 4999 diebus
2884 4954 3097 5015 patrum
3138 4954 3442 4999 uestrorum.
3478 4945 3577 4998 Su.

2013 5051 2104 5102 per
2138 5036 2202 5088 iis
2229 5034 2390 5105 199
2410 5035 2538 5103 ﬁliis
2570 5034 2753 5088 vestris
2793 5045 3024 5099 narrate,
3060 5044 3108 5088 ει
3140 5036 3239 5103 ﬁlii
3267 5037 3422 5089 vestri
3452 5035 3580 5103 ﬁliis

2014 5126 2147 5189 suis,
2178 5134 2225 5178 et
2248 5124 2350 5193 ﬁlii
2375 5141 2556 5180 eorum
2589 5126 2643 5177 in
2667 5126 3051 5193 generationem
3083 5124 3328 5181 alteram.

2055 5392 2333 5448 [ILAEtate
2365 5393 2639 5449 confectos
2663 5391 3004 5461 antiquorum
3033 5398 3327 5462 temporum
3358 5404 3410 5448 et
3432 5403 3578 5448 vrte-
3688 5466 3700 5475 ο

2011 5488 2086 5539 ris
2118 5483 2389 5539 memoria:
2411 5480 2844 5546 commonefacit,
2878 5479 3220 5552 cogitareque
3261 5498 3445 5539 secum
3488 5485 3579 5549 ju-

2010 5582 2122 5646 bet,
2159 5576 2459 5647 ecquando,
2496 5585 2557 5630 et
2589 5574 2642 5627 in
2670 5573 2864 5644 quibus
2887 5573 3090 5631 similes
3122 5577 3457 5632 calamitates
3490 5581 3584 5626 aut

1170 5735 1215 5766 ‘°
1258 5736 1445 5790 Matth.
1488 5752 1632 5801 XMV,
1668 5738 1753 5794 33.
1830 5741 1869 5773 “
1900 5740 2003 5796 lsa.
2038 5756 2180 5804 XLIV,
2213 5737 2300 5791 26.
2380 5738 2423 5770 "
2458 5736 2567 5792 Jcr.
2597 5750 2754 5800 xxttt,
2796 5740 2878 5796 lli.

3161 5825 3225 5886 11
