4034 6270
433 334 534 393 551

1442 327 1497 379 S.
1540 322 1809 380 CYRIILI
1852 319 2320 378 ALEXANDRINI
2360 318 2676 376 ARCHIEP.

3613 318 3720 375 37:2

436 452 681 523 patribus
706 463 916 516 eorum,
948 456 1038 502 aut
1068 447 1201 517 ipsis
1235 443 1467 515 posteris
1518 457 1548 496 a
1612 442 1718 497 Deo
1759 443 2025 496 irasrcnte

2135 441 2241 502 τοῖς
2267 438 2539 510 πατράσιν
2562 437 2768 502 αὐτῶν,
2798 437 2964 508 ἤγουν
2988 437 3098 500 τοῖς
3118 435 3196 489 ἔτι
3221 437 3452 490 κατόπιν
3478 435 3542 488 ὲκ
3572 435 3722 501 θείας

434 547 740 616 importata:
767 544 896 598 sint.
923 539 1300 610 Reputandum
1349 537 1515 605 igitur
1544 536 1642 599 ait,
1685 547 1866 590 utrum
1913 552 2019 588 nou

434 653 573 694 nova
597 636 946 699 etinusita-ta,
980 646 1077 686 nec
1107 630 1199 684 ulli
1231 628 1461 684 fortasse
1512 628 1812 698 priscorum
1849 627 2022 682 homi-

435 746 562 787 num
584 727 798 798 cognita
823 735 1140 780 narraturus
1157 723 1247 778 sit.
1273 723 1480 778 Debere
1508 722 1674 776 etiam
1726 721 1780 775 in
1831 719 2024 790 primis

431 835 657 878 caeteros
679 820 755 873 ait
778 815 1110 887 disquirere,
1129 832 1257 871 num
1305 816 1434 886 quid
1472 815 1842 883 hujuscemodi
1878 814 2024 881 ipso-

410 921 551 970 ‘rum
581 913 904 968 memoriam
935 911 1244 980 contigerit,
1266 919 1320 964 et
1357 909 1472 965 fore
1498 908 1780 964 materiam
1838 921 2024 960 narra-

433 1011 596 1065 tionis
619 1009 983 1077 sempiternm,
1004 1020 1125 1074 qua:
1146 1019 1250 1058 non
1288 1018 1470 1066 unam,
1502 1016 1602 1058 nee
1627 1001 1781 1067 duas,
1800 1009 1893 1054 aut
1910 1011 2022 1054 tres

429 1103 806 1171 generationes
835 1097 1114 1168 pervadat,
1147 1095 1240 1151 sed
1265 1094 1488 1148 multum
1536 1093 1716 1164 potius
1777 1093 2024 1146 excedat.

431 1196 587 1250 Sicut
615 1194 760 1250 enim
798 1191 1085 1246 illustrium
1124 1203 1330 1248 rerum.
1360 1197 1414 1242 et
1465 1186 1694 1240 fortasse
1730 1184 2025 1240 delectahio

432 1289 566 1342 lium
593 1300 810 1357 quoque
841 1282 1230 1352 expositiones,
1263 1280 1555 1333 multorum
1589 1278 1811 1332 auribus
1833 1279 2024 1346 dignas

435 1380 792 1440 afﬁrmamus;
826 1376 901 1429 ita
939 1374 1291 1428 nihilominus
1319 1371 1676 1426 memoranda
1734 1369 1852 1438 iure
1891 1385 2022 1425 cen-

431 1481 786 1538 sentur,qu:e
807 1482 927 1521 cum
948 1465 1193 1520 adversis
1243 1463 1460 1518 casibus
1514 1473 1567 1518 et
1620 1462 2025 1516 calamitatibus

432 1561 718 1630 conjuncta
745 1566 891 1614 sunt.
917 1555 1054 1612 Nam
1077 1565 1128 1612 et
1166 1558 1280 1611 hinc
1334 1564 1544 1610 tantum
1579 1570 1684 1609 non
1714 1554 2027 1623 exprimunt

432 1655 716 1711 veritatem
745 1650 1164 1722 quodammodo,
1201 1648 1585 1716 molestiasque
1636 1661 1731 1717 per
1758 1661 2024 1700 summam

434 1745 828 1819 impudentiam
853 1744 1132 1808 instantia,
1170 1741 1444 1798 recenseri
1476 1740 1754 1812 postulant
1816 1750 1872 1794 et
1901 1756 2024 1795 cum

2128 533 2298 602 ὀργῆς
2331 530 2764 603 ἐπενηνεγμένα·
2799 529 3217 598 ἀναλογίζεσθαι
3243 545 3302 582 τε
3334 528 3446 581 δεῖν
3487 528 3593 600 ἔφη
3616 528 3724 582 λοι-

2129 625 2250 688 πὸν,
2283 625 2331 676 εἰ
2363 623 2439 695 μὴ
2473 623 2600 689 ξένα
2626 623 2720 675 καὶ
2747 622 2891 694 ἀήθη
2921 623 2990 677 τᾶ
3027 621 3373 692 διηγήματα,
3405 621 3502 674 καὶ
3546 621 3726 674 οὐδενί

2130 733 2216 768 πω
2243 715 2386 785 τάχα
2416 715 2526 768 τῶν
2567 715 2734 768 πάλαι
2784 715 3182 785 διεγνωσμένα.
3216 713 3464 769 Συνιέναι
3503 731 3568 783 γε
3617 716 3728 786 μὴν

2129 803 2188 862 εὖ
2219 808 2364 879 μάλα
2387 811 2687 878 προσήκειν
2715 808 2809 862 καὶ
2831 810 2956 869 τοὺς
2979 808 3199 878 ἐτέρους
3247 808 3402 878 φησι,
3426 808 3475 860 εἰ
3500 810 3730 864 τοιαῦτα

2129 899 2352 967 γέγονεν
2398 900 2487 950 ἐπ’
2523 898 2704 951 αὐτῶν
2738 916 2751 930 ·
2799 899 3018 952 ἔσεσθαι
3067 900 3124 953 δὲ
3166 901 3259 954 καὶ
3311 900 3570 953 ὑπόθεσιν
3602 903 3733 954 ἀτε-

2129 990 2402 1059 λευτήτων
2429 989 2807 1060 διηγημάτων,
2838 991 2937 1043 οὐκ
2985 993 3064 1054 είς
3099 993 3226 1062 μίαν
3253 992 3576 1062 διήκουσαν,
3599 992 3731 1048 οὔτε

2141 1081 2249 1152 μὴν
2300 1083 2380 1146 εἰς
2425 1081 2519 1136 δύο
2566 1084 2656 1136 καὶ
2708 1085 2856 1154 τρεῖς
2915 1087 3142 1152 γενεὰς,
3193 1084 3612 1139 διεκϐαίνουσαν
3669 1089 3733 1141 δὲ

2133 1173 2356 1243 μᾶλλον,
2392 1177 2486 1228 καὶ
2516 1175 2596 1236 είς
2635 1174 2695 1228 τὸ
2734 1175 3002 1229 ἐπέκεινα
3055 1175 3212 1230 πολύ.
3245 1176 3462 1247 Ὠσπερ
3505 1177 3618 1248 γάρ
3659 1178 3739 1233 τὰ

2131 1265 2358 1338 λαμπρὰ
2404 1266 2517 1319 τῶν
2567 1267 2921 1338 διηγημάτων
2963 1267 3299 1332 ἀξιάκουστά
3338 1285 3530 1340 φαμεν
3589 1266 3732 1322 εἶναι

2131 1361 2242 1420 τοῖς
2278 1357 2514 1420 πολλοῖς,
2553 1359 2647 1411 καὶ
2673 1352 2753 1420 οἷς
2791 1358 2856 1411 ἂν
2893 1358 3078 1411 ἕποιτο
3119 1359 3282 1427 τυχὸν
3314 1361 3408 1411 καὶ
3446 1359 3508 1412 τὸ
3538 1359 3733 1430 ἐφήδεο

2134 1449 2257 1502 σθαι
2302 1449 2441 1503 δεῖν·
2496 1449 2668 1512 οὕτως
2720 1451 3196 1521 ἀξιομνημόνευτα
3245 1467 3364 1514 πως
3398 1445 3540 1504 εἶναι
3579 1451 3732 1505 δοκεῖ

2132 1543 2228 1595 καὶ
2253 1540 2321 1594 τὰ
2373 1543 2452 1605 είς
2493 1540 2644 1613 λῆξιν
2702 1542 2910 1612 ἥκοντα
2943 1541 3241 1615 συμφορῶν
3279 1560 3340 1596 τε
3382 1544 3477 1597 καὶ
3518 1544 3720 1596 παθῶν.

2132 1634 2431 1705 Μονονουχὶ
2464 1634 2572 1706 γὰρ
2605 1633 3001 1688 καταϐιάσεταί
3032 1652 3148 1700 πως
3181 1636 3276 1690 καὶ
3306 1636 3375 1690 τὰ
3411 1637 3591 1690 τοιάδε
3628 1636 3730 1708 τὴν

2133 1726 2409 1798 ἀλήθειαν,
2439 1727 2532 1780 καὶ
2557 1728 2966 1800 φορτικωτέραν
2990 1729 3090 1801 τὴν
3116 1728 3426 1800 προσϐολὴν
3446 1729 3645 1799 ἔχοντα
3666 1732 3726 1784 ὲκ

437 1818 670 1896 maxime
698 1838 1000 1910 insignibus
1028 1838 1094 1892 de
1130 1835 1298 1906 gloria
1369 1833 1725 1890 contendunt.
1745 1833 1923 1903 Atque
1963 1841 2021 1886 ut

2135 1818 2326 1890 πολλῆς
2379 1819 2520 1888 ἄγαν
2576 1820 2988 1890 ἀναισχυντίας,
3049 1819 3194 1886 ἀξιοῖ
3245 1819 3724 1890 μνημονεύεσθαι,

435 1934 574 1988 bona
612 1970 627 1995 ,
667 1931 770 1996 sic,
795 1930 1012 1999 opinor,
1038 1939 1092 1981 et
1119 1926 1355 1981 infausta
1381 1939 1443 1982 ac
1472 1925 1676 1992 tristia,
1720 1940 1825 1980 non
1858 1924 2028 1978 inuti-

435 2024 562 2079 liter
586 2030 1096 2078 commemorantur.
1128 2019 1219 2072 Illa
1249 2017 1514 2088 siquidem
1545 2020 1610 2072 ad
1633 2017 1850 2072 virtutis
1879 2032 2030 2073 amo-

436 2131 552 2172 rem
573 2114 940 2170 auscultantes
968 2121 1202 2176 acuunt;
1225 2114 1360 2175 haec,
1395 2111 1532 2166 mala
1587 2121 1874 2181 antequam
1930 2125 2028 2164 vce

438 2210 591 2262 niaut
621 2207 1062 2275 sentianturque,
1106 2204 1385 2273 deprecari
1416 2203 1648 2268 docent;
1675 2212 1729 2256 et
1784 2216 1878 2271 per
1913 2215 2031 2270 quae

439 2301 526 2352 alii
557 2312 743 2366 pinnas
767 2303 1148 2366 susceperunt,
1178 2309 1275 2364 per
1303 2294 1494 2350 eadem
1521 2294 1740 2364 paribus
1772 2308 1829 2346 se
1859 2293 2025 2347 scele-

437 2392 590 2445 ribus
617 2389 832 2444 irretire
855 2387 1134 2460 cupientes
1163 2403 1269 2442 non
1289 2387 1495 2445 sinunt.

515 2661 678 2716 Vens.
703 2661 758 2714 4.
791 2657 1019 2714 Residua
1041 2673 1210 2712 eruca:
1240 2655 1460 2710 comedit
1496 2654 1718 2716 locusta.
1752 2667 1798 2708 et
1824 2655 2036 2708 residua

440 2757 656 2809 locust
690 2753 908 2807 comedit
943 2751 1190 2815 bruchus,
1249 2758 1298 2804 et
1334 2749 1544 2802 residua
1587 2747 1770 2802 bruchi
1815 2749 2034 2803 comedit

443 2850 656 2917 rubigo.

513 3024 836 3090 lV.Semper
854 3022 1091 3077 involuta
1111 3031 1193 3075 est
1219 3019 1465 3075 nonnihil
1483 3027 1793 3073 sanctorum
1807 3015 2036 3088 prophe-

443 3123 620 3168 tarum
652 3111 851 3176 oratio,
879 3120 933 3166 et
959 3121 1180 3165 narratu
1219 3111 1532 3165 tristissima
1590 3109 1732 3164 haud
1783 3108 1918 3163 satis
1970 3107 2036 3160 li-

2131 1910 2227 1964 xat
2270 1912 2390 1974 ταῖς
2421 1909 2532 1964 τῶν
2582 1911 3062 1981 μεγίστωψδόξαις
3094 1911 3407 1982 φιλονεικεῖ.
3446 1913 3602 1982 Ἔχει
3644 1913 3726 1977 δὲ,

2132 2001 2319 2073 ὥσπερ
2349 2003 2418 2055 τὰ
2461 2003 2697 2073 χρηστὰ,
2723 2003 2821 2072 τὴν
2859 2005 3080 2074 μνήμην
3121 2004 3221 2056 οὐκ
3271 2002 3500 2076 ἀκερδῆ,
3531 2003 3725 2067 οὕτως,

2132 2091 2306 2167 οἶμαι,
2336 2095 2430 2148 καὶ
2459 2095 2526 2148 τὰ
2560 2095 2727 2149 σκαιά
2749 2112 2853 2148 που
2882 2097 2976 2149 καί⁵
3019 2097 3341 2167 σκυθρωπά.
3374 2095 3454 2148 Τά
3497 2097 3597 2167 μὲν
3619 2099 3730 2165 γὰρ

2133 2189 2214 2251 εἰς
2239 2187 2424 2256 ἔφεσιν
2455 2187 2658 2257 ἀρετῆς
2691 2186 3004 2258 παραθήγει
3035 2190 3160 2251 τοὺς
3203 2189 3589 2259 ἀκροωμένους
3612 2207 3626 2220 ·
3659 2189 3728 2241 τὰ

2133 2279 2190 2332 δὲ
2217 2279 2324 2351 πρὸ
2361 2279 2552 2348 ἐφόδου
2597 2277 2697 2348 τὴν
2727 2279 2833 2332 τῶν
2863 2279 3050 2333 κακῶν
3095 2282 3292 2350 πεῖραν
3338 2279 3730 2349 παραιτεῖσθαι

2133 2372 2375 2426 διδάσκει
2394 2389 2408 2402 ·
2433 2373 2528 2427 καὶ
2553 2372 2618 2424 δι’
2642 2367 2718 2428 ὧν
2744 2373 2922 2446 ἕτεροι
2949 2373 3376 2444 τετιμώρηνται,
3411 2373 3500 2426 διὰ
3523 2374 3728 2430 τούτων

2135 2464 2316 2518 αὐτῶν
2362 2465 2424 2518 τὸ
2476 2468 2588 2529 τοῖς
2633 2465 2772 2530 ἴσοις
2823 2467 3086 2520 ἐναλῶναι
3139 2465 3324 2536 ζητεῖν
3371 2468 3474 2520 οὐκ
3535 2467 3726 2538 ἀφίησί

2136 2574 2308 2620 τινας.

2212 2650 2286 2704 Τὰ
2314 2651 2649 2705 κατάλοιποι
2675 2651 2784 2719 τῆς
2815 2651 3057 2721 κάμπης
3097 2652 3434 2721 κατέφαγεν
3466 2649 3499 2718 ἡ
3535 2649 3724 2720 ἀκρίς,

2137 2741 2236 2795 καὶ
2262 2741 2332 2796 τὰ
2363 2743 2701 2798 κατάνίοιπα
2728 2744 2836 2813 τῆς
2861 2744 3105 2812 ἀκρίὸος
3128 2745 3464 2812 κατέφαγεν
3492 2746 3526 2796 ὁ
3546 2742 3731 2810 βροῦ-

2138 2849 2266 2900 χος,
2299 2835 2393 2888 καὶ
2427 2834 2500 2888 τὰ
2536 2835 2872 2890 κατάλοιπα
2919 2835 3026 2890 τοῦ
3072 2836 3348 2905 ﬁgo-610v
3387 2835 3732 2904 κατέφαγεν

2138 2925 2175 2991 ἡ
2209 2927 2479 2994 ἐρυσίϐη.
2629 2967 2640 2997 ,

2208 3020 2282 3074 A'.
2316 3021 2637 3092 Κέκρυπταί
2671 3040 2786 3085 πως
2825 3023 2912 3076 ἀεὶ
2938 3021 3044 3074 τῶν
3072 3017 3240 3088 ἁγίων
3268 3019 3560 3090 προφητῶν
3595 3020 3626 3071 ὁ
3653 3018 3734 3072 λό-

2138 3129 2253 3180 γος,
2277 3113 2372 3165 καὶ
2395 3111 2465 3166 τὰ
2487 3113 2695 3182 σφόδρα
2717 3112 3016 3184 σκυθρωπά
3049 3113 3158 3166 τῶν
3186 3111 3539 3182 διηγημάτων
3569 3109 3734 3180 ὀκνη-

441 3206 634 3262 benter
671 3203 998 3274 proferunt;
1037 3217 1172 3257 neve
1223 3202 1506 3258 audientes
1561 3200 1876 3256 effrenatius
1925 3201 2030 3253 ira-

2141 3203 2249 3274 ρῶς
2281 3204 2601 3276 ἐκφέρουσι,
2652 3207 2746 3258 καὶ
2779 3204 2867 3258 διὰ
2907 3205 3008 3268 τὰς
3058 3203 3166 3258 τῶν
3209 3203 3580 3274 ἀκροωμένων
3615 3204 3732 3256 ἀτι-

441 3307 686 3360 scantur,
722 3311 857 3365 quas
905 3304 1153 3365 possunt.
1212 3295 1559 3350 obscuritatis
1607 3295 1828 3348 umbras
1869 3293 2030 3347 indu-

442 3396 612 3454 cunt;
654 3387 940 3457 aenigmata
993 3388 1158 3441 etlam
1208 3394 1262 3440 et
1310 3387 1593 3456 parabolas
1661 3383 2034 3454 excogitantes

442 3496 550 3535 non
599 3479 945 3534 mediocriter
993 3487 1250 3547 prosunt;
1313 3493 1695 3546 nonnunquam
1745 3486 1802 3532 et
1849 3489 2033 3530 exem-

443 3574 528 3642 pla
610 3581 910 3644 opportuna
989 3571 1244 3626 alferunt.
1312 3567 1404 3624 Sic
1473 3570 1614 3638 apud
1696 3567 2030 3625 Ezechielcm

449 3685 471 3718 ο
508 3664 699 3735 Aquila
724 3665 970 3735 grandis,
1008 3678 1328 3735 magnarum
1369 3662 1600 3728 alarum,
1632 3679 1651 3714 ι
1691 3661 2031 3730 proponitur,

423 3776 467 3818 γι
492 3758 652 3828 longe
681 3758 1048 3813 membrorum
1072 3755 1256 3820 ductu,
1289 3766 1344 3812 et
1371 3753 1526 3825 plena
1556 3753 1773 3825 plumis,
1801 3768 1923 3823 qua:
1945 3751 2035 3806 ha-

445 3848 534 3902 bet
561 3849 781 3902 ductum
815 3849 1048 3904 intrandi
1106 3849 1173 3902 ad
1236 3848 1526 3913 Libanum,
1576 3854 1634 3900 et
1685 3847 1806 3900 tulit
1857 3843 2032 3898 electa

443 3940 970 3996 cedri.Summitates
999 3937 1382 3994 teneritudinis
1405 3938 1525 4009 ejus
1550 3938 1822 4000 avulsit,et
1851 3949 2029 3994 trans-

446 4033 684 4104 portavit
741 4047 837 4087 eas
862 4033 914 4086 in
949 4042 1151 4086 terram
1203 4032 1459 4087 Chanaan
1486 4030 1553 4084 “.
1593 4050 1612 4084 ι
1643 4029 2034 4100 Suhsigniﬁca-

441 4125 521 4180 vit
541 4124 685 4180 enim
716 4125 908 4189 Assur,
940 4123 1240 4195 principem
1289 4133 1448 4178 terrae
1509 4122 1834 4194 Babyloniae,
1866 4123 2033 4193 200

443 4217 536 4285 qui
566 4216 766 4270 eximia
795 4230 1020 4285 quaeque
1073 4231 1138 4271 ex
1183 4217 1347 4271 Israel
1397 4216 1642 4286 diripuit,
1706 4214 2034 4284 domumque

443 4307 646 4361 avexit.
677 4306 755 4360 Ac
795 4306 1112 4362 sterilitates
1168 4308 1384 4376 quidem
1440 4323 1713 4376 agrorum,
1762 4305 2032 4360 fructuum

443 4411 782 4455 maturorum
820 4398 1124 4468 penuriam,
1175 4413 1370 4452 sazvam
1445 4413 1587 4468 saepe
1629 4409 1683 4453 et
1723 4399 2032 4452 diuturnam

444 4493 645 4546 famem
677 4503 773 4562 per
800 4488 1038 4544 Iudaeam
1060 4488 1354 4550 exstitisse,
1403 4504 1557 4544 saera
1604 4489 1881 4558 Scriptura
1951 4503 2036 4542 re.

444 4586 569 4640 fert.
630 4583 935 4650 Quinetiam
962 4580 1179 4649 quidam
1213 4581 1352 4635 fame
1370 4581 1624 4634 macerati
1657 4595 1722 4634 ee
1753 4581 2030 4648 augustia-
2068 4601 2111 4655 υ

442 4692 562 4730 rum
588 4673 766 4730 adacti
802 4665 946 4735 sunt,
981 4681 1039 4726 ut
1066 4681 1224 4742 caput
1254 4671 1394 4726 asini
1442 4671 1832 4742 quinquaginta
1888 4672 2036 4728 siclis

442 4773 688 4823 emerent
721 4764 791 4818 “.
815 4761 1204 4818 Calamitosum
1237 4772 1448 4831 tempus
1468 4763 1764 4816 ostendunt
1819 4776 2035 4832 quoque

440 4871 605 4927 super
634 4853 933 4910 infantibus
975 4854 1216 4907 rixantes
1276 4853 1394 4906 duce
1448 4851 1796 4906 mulierculae.
1845 4852 2031 4907 Altero

442 4953 586 5004 enim
621 4949 928 5016 absumpto.
964 4945 1030 5001 de
1053 4945 1227 5002 altero
1259 4945 1379 5000 vivo
1398 4944 1659 5014 judicium
1689 4959 1718 4998 a
1755 4959 1880 5014 rege
1935 4960 2028 5011 pe-

448 5042 636 5097 tebant
662 5040 728 5092 “.
759 5037 941 5104 Quare
973 5038 1016 5092 si
1040 5051 1290 5107 agrorum
1327 5035 1766 5101 infecunditates,
1819 5044 1873 5090 et
1914 5034 2025 5088 fru-

444 5146 625 5189 cumm
654 5134 783 5187 vitia
817 5131 1166 5204 propheticus
1197 5143 1374 5184 sermo
1404 5129 1564 5183 nobis
1596 5143 1692 5197 per
1730 5128 1850 5182 hare
1881 5127 2028 5181 inte-

444 5237 698 5298 gumenta
734 5227 961 5291 indicat,
991 5225 1150 5281 etiam
1183 5223 1261 5280 sic
1285 5235 1371 5278 res
1397 5221 1734 5276 intoleranda
1767 5221 2027 5290 intelliga-

449 5331 554 5375 tur.
583 5318 718 5373 Nam
743 5320 1030 5391 gradatim,
1088 5318 1205 5374 sine
1243 5314 1529 5371 intervallo
1569 5313 1728 5384 longe
1777 5313 2028 5383 plurimis

444 5420 500 5466 et
525 5411 847 5466 immanibus
883 5411 1222 5467 detrimentis
1245 5405 1558 5472 deformari,
1598 5407 1868 5478 quomodo
1920 5421 2025 5458 non

447 5513 774 5570 magnopere
808 5501 1229 5569 intolerandum,
1253 5511 1309 5558 et
1361 5500 1576 5556 silentio
1632 5501 1809 5570 potius
1866 5513 2025 5565 quam

447 5588 758 5646 narratione
788 5587 1011 5657 dignum
1040 5592 1165 5646 est?
1189 5591 1339 5658 Quod
1371 5592 1415 5646 si
1444 5606 1508 5646 ex
1541 5591 1700 5645 dictis
1740 5587 2029 5642 involutio-

511 5767 562 5804 "
600 5765 798 5822 Ezech.
840 5779 974 5827 xvu,
1001 5764 1051 5815 7.
1131 5765 1175 5796 δι
1214 5764 1277 5817 IV
1321 5767 1446 5835 Reg.
1493 5781 1564 5827 τι,
1595 5765 1686 5816 ‘23.

2136 3295 2368 3360 θάσσους
2409 3297 2582 3368 ὀργὰς
2626 3299 2746 3362 ταῖς
2797 3297 3177 3368 ἐνδεχομέναις
3220 3296 3512 3366 ἀσαφείαις
3555 3313 3721 3348 xam-

2137 3387 2472 3453 σκιάξουσιν.
2507 3389 2816 3460 Αἰνίγματα
2849 3389 2903 3442 δὲ
2955 3391 3047 3443 καὶ¹
3089 3388 3412 3460 παραϐολάς
3453 3387 3714 3441 ἀναπλάτο

2134 3497 2337 3544 τοντες,
2357 3479 2658 3550 ὠφελοῦσιν
2673 3481 2733 3534 οὑ
2764 3481 3022 3551 μετρίως.
3046 3482 3207 3534 Ἐστι
3227 3481 3284 3534 δὲ
3306 3482 3491 3544 αὑτοῖς
3514 3481 3540 3532 ὁ
3557 3481 3709 3547 λόγος

2136 3572 2231 3626 καὶ
2259 3571 2349 3627 διὰ
2385 3571 2673 3644 χρησίμων
2702 3572 2814 3626 ἔσθ’
2861 3574 2948 3626 ὅτε
2984 3574 3470 3645 παραδειγμάτων.
3514 3574 3722 3626 Ὀποῖόν

2135 3661 2251 3713 ὲστι
2282 3661 2378 3715 καὶ
2415 3661 2474 3714 τὸ
2497 3662 2648 3734 παρὰ
2673 3662 2768 3716 τοῦ
2812 3662 3072 3736 Ἰεζεχιὴλ
3101 3665 3384 3736 κείμενονο
3422 3683 3442 3716 ι
3485 3665 3544 3718 '0
3571 3664 3724 3726 ἀετὸς

2136 3751 2165 3804 ὁ
2199 3750 2394 3821 μέγας,
2425 3753 2454 3805 ὁ
2501 3753 3008 3826 μεγαλοπτέρυγος,
3038 3757 3068 3809 ὁ
3114 3757 3324 3828 μακρὸς
3367 3759 3434 3828 τῇ
3483 3755 3728 3818 ἐκτάσει.

2137 3843 2231 3896 καὶ
2262 3842 2476 3916 πλήρης
2509 3843 2738 3915 ὀνύχων,
2765 3844 2822 3908 ὃς
2859 3845 2972 3916 ἔχει
3005 3847 3065 3900 τὸ
3103 3847 3296 3919 ἢγημα
3345 3848 3614 3902 εἰσελθεῖν
3650 3851 3728 3912 είς

2135 3933 2226 3988 τὸν
2268 3934 2521 3999 Λίϐανον,
2567 3935 2662 3988 καὶ
2701 3935 2858 3989 ἔλαϐε
2885 3936 2954 3990 τὰ
2989 3938 3223 3993 ἐκλεκτά
3263 3939 3363 4009 τῆς
3380 3939 3612 4010 -κέδρου,
3646 3939 3724 3992 Τὰ

2136 4025 2280 4096 ἄκρα
2310 4027 2408 4096 τῆς
2441 4026 2782 4096 ἀπαλάτητος
2821 4028 3108 4093 ἀπέκνισε,
3140 4029 3232 4082 καὶ
3261 4030 3493 4100 ἤνεγκεν
3527 4031 3728 4093 αὐτοὺς

2137 4119 2218 4182 είς
2239 4118 2338 4188 τὴν
2368 4122 2472 4190 γῆν
2515 4118 2756 4173 Χαναὰν.
2796 4141 2816 4174 ι
2857 4120 3157 4192 ’Υπεδήλου
3199 4122 3309 4194 γὰρ
3349 4121 3604 4194 Ἀσσοὺρ,
3641 4123 3729 4176 τὸν

2136 4210 2232 4276 τῆς
2264 4209 2620 4264 Βαϐυλωνίων
2663 4210 2899 4281 ἄρχοντα
2935 4211 3061 4282 γῆς,
3087 4213 3179 4266 τὸν
3224 4214 3598 4285 ἀποκείραντα
3621 4217 3728 4267 τῶν

2137 4299 2196 4364 ἐξ
2234 4301 2449 4372 Ἰσραὴλ
2475 4303 2543 4354 τὰ
2564 4301 2837 4375 ἐξαίρετα,
2872 4304 2967 4357 καὶ
2990 4305 3130 4358 οίκοι
3166 4305 3471 4375 μεταθέντα
3493 4305 3557 4359 τὸ
3576 4307 3728 4377 διηρ-

2138 4389 2438 4462 πασμένον.
2477 4395 2588 4448 Καὶ
2613 4396 2694 4448 ὅτι
2729 4397 2828 4467 μὲν
2856 4397 3141 4466 γεγόνασιν
3175 4399 3400 4470 ἀφορίαι
3421 4416 3484 4452 τε
3516 4399 3722 4470 ἀγρῶν,

2137 4481 2358 4547 ἕνδειαι,
2397 4483 2505 4536 τῶν
2549 4483 2796 4555 ὼρίμων,
2824 4489 2918 4540 καὶ
2964 4488 3112 4558 λιμοὶ
3154 4488 3475 4553 πλειστάκις
3499 4491 3724 4560 ἀπηνεῖς

2135 4591 2192 4626 τε
2225 4575 2320 4627 καὶ
2353 4575 2558 4642 κατάγε
2590 4575 2688 4648 τὴν
2727 4579 2985 4634 Ἰουδαίαν
3013 4579 3217 4652 χώραν,
3252 4580 3357 4651 ἔφη
3389 4582 3450 4634 τὸ
3478 4583 3720 4652 Γράμμα

2137 4667 2198 4719 τὸ
2258 4667 2422 4736 ἱερὸν.
2457 4668 2593 4739 Ἤδη
2653 4671 2759 4741 γάρ
2806 4689 2948 4735 τινες
2992 4671 3150 4741 λιμοῦ
3194 4674 3598 4744 κατατήκοντος
3647 4675 3726 4736 εἰς

2131 4757 2290 4812 τοῦτο
2311 4761 2559 4832 ἀνάγκης
2581 4765 2990 4834 κεχωρήκασιν,
3010 4764 3149 4819 ὥστε
3180 4766 3304 4820 ὅνου
3330 4767 3574 4837 κεφαλὴν
3599 4784 3726 4820 πεν-

2131 4851 2363 4921 τήκοντα
2395 4853 2658 4924 πρίασθαι
2679 4855 2898 4910 σίκλων.
2921 4857 3274 4927 Παραδείξειε
3305 4859 3348 4911 δ’
3379 4859 3445 4913 ἂν
3463 4859 3561 4930 τὴν
3584 4858 3725 4913 κατὰ

2131 4943 2357 5015 καιροὺς
2408 4944 2730 5015 ἀγριότητα,
2778 4949 3041 5019 περὶτῶν
3088 4951 3316 5004 παιδίων
3358 4953 3726 5021 μεμαχημένα

2134 5035 2354 5104 γύναια.
2395 5037 2551 5089 Ἐπεὶ
2585 5038 2693 5110 γάρ
2718 5041 3172 5112 κατεδηδὸκεισαν
3199 5043 3256 5095 αἱ
3281 5043 3374 5096 δύο
3396 5043 3457 5095 τὸ
3490 5045 3568 5107 ἓν,
3596 5044 3729 5113 περὶ

2133 5127 2229 5180 τοῦ
2262 5126 2464 5191 ζῶντος
2499 5128 2813 5194 δικάζεσθαι
2858 5132 3010 5203 παρά
3042 5136 3158 5197 τοῖς
3189 5134 3483 5205 κρατοῦσιν
3515 5135 3724 5204 ἠξίουν.

2133 5218 2364 5282 Οὐκοῦν,
2412 5220 2588 5290 εἰμὲν
2625 5222 2810 5292 ἀγρῶν
2844 5223 3096 5295 ἀφορίας,
3146 5226 3241 5278 καὶ
3279 5225 3510 5295 καρπῶν
3550 5242 3727 5279 κατα-

2134 5313 2341 5385 φθορὰς
2385 5317 2414 5368 ὁ
2449 5317 2784 5386 προφητικὸς
2818 5318 2948 5388 ἡμῖν
2991 5320 3047 5370 ὲν
3077 5318 3288 5382 τούτοις
3317 5319 3726 5389 κατασημαίνει

2133 5405 2312 5473 λόγος,
2347 5409 2521 5460 νοοῖτο
2569 5407 2759 5478 χρῆμα
2806 5408 2902 5461 καὶ
2946 5408 3125 5472 οὕτως
3163 5409 3473 5481 ἀφόρητον·
3505 5411 3568 5464 τὸ
3613 5411 3728 5480 γὰρ

2135 5498 2332 5569 ἐφεξῆς
2366 5499 2461 5552 καλ⁸
2492 5499 2714 5571 ἀμέσως
2738 5501 3018 5565 πλείσταις
3041 5520 3100 5555 τε
3132 5503 3286 5566 ὅσαις
3324 5503 3419 5556 καὶ
3455 5502 3727 5574 χαλεπαῖς

2137 5589 2551 5654 καταικίζεσθαι
2607 5591 2861 5664 πληγαῖς,
2894 5595 3012 5656 πῶς
3050 5595 3112 5647 οὐ
3161 5595 3444 5648 δύσοιστον
3496 5595 3723 5666 κομιδῇ,

1797 5766 1841 5795 ⁸³
1885 5765 2010 5820 ibid.
2052 5765 2251 5832 26,28.
