4034 6270
1480 169 1512 201 9

430 303 534 358 555

1419 301 1474 356 S.
1518 301 1790 358 CYRILLI
1830 299 2301 356 ΑιΕΧΑΝῡιιικι
2342 301 2660 357 AllClllEP.

3579 296 3678 354 336

433 423 572 475 modi
602 422 833 489 p~~stiunt
861 422 1228 492 depascuntur
1251 423 1648 492 quodammodo
1679 440 1801 494 qua:
1836 425 1888 478 in
1908 440 2005 477 no.-

2115 425 2316 490 κακῶν,
2351 423 2779 479 καταϐόσκονταί
2806 439 2918 485 πως
2957 421 3022 472 τὰ
3053 421 3108 472 ἐν
3138 421 3270 488 ἡμῖν
3305 416 3488 485 ἀγαθὰ
3519 433 3683 488 πονη-

430 511 513 565 bis
542 505 726 567 insunt
748 509 908 573 bona,
943 495 1093 579 pra‘vi
1123 521 1170 564 et
1199 510 1456 565 immundi
1484 512 1753 566 exercitus
1773 514 2007 566 animmn

427 601 741 667 subeuntes,
778 609 829 654 et
855 597 1236 654 insatiabiliter
1261 616 1585 655 consumere
1636 603 1812 656 omnia
1842 601 2006 655 soliti.

428 692 577 749 Bona
608 705 691 748 est
724 693 884 761 igitur
919 692 1186 748 custodia.
1225 690 1336 748 Nec
1365 710 1553 762 parum
1595 709 1691 749 nos
1722 695 1873 763 juvat
1906 694 2010 748 Pa-

430 783 763 838 rmmiastes:
800 802 816 834 ι
843 780 898 835 Si
921 781 1145 852 spiritus
1171 792 1492 851 potestatem
1517 785 1785 845 habentis,
1813 785 2006 850 inqttlt,

425 872 732 947 ascenderit
756 887 920 943 super
946 881 1016 937 te,
1039 872 1212 928 locum
1256 882 1403 927 tuum
1453 889 1520 930 ne
1569 875 1858 939 dimiseris,
1884 875 2009 943 quia

425 966 634 1021 curatio
657 963 820 1020 faciet
861 981 1078 1026 cessare
1111 975 1329 1037 peccata
1371 967 1603 1021 maxima
1639 969 1708 1022 “.
1754 986 1773 1019 ι
1808 969 2010 1038 Repre-

427 1059 608 1112 bensae
653 1059 797 1112 enim
845 1057 913 1113 ab
964 1057 1120 1112 initio
1171 1058 1376 1113 vitiosa:
1410 1057 1721 1115 aﬂectiones
1755 1061 2010 1115 sedantur

425 1160 480 1204 et
540 1150 994 1220 comprimuntur.
1051 1150 1146 1204 Sin
1226 1151 1378 1220 quasi
1461 1152 1624 1205 latum
1692 1161 1745 1206 et
1808 1153 2010 1222 absque

426 1243 796 1298 admonitione
847 1243 913 1296 ad
969 1242 1238 1298 deteriora
1287 1258 1634 1313 progressum
1693 1243 2008 1299 nactzelue-

428 1335 560 1398 rint,
612 1343 779 1390 totam
836 1334 1073 1388 animam
1119 1348 1215 1402 per
1254 1335 1434 1387 omnia
1462 1334 2008 1401 dilaniant,etratio-

428 1428 510 1482 nis
539 1426 1060 1481 animadversionem
1091 1426 1320 1494 amplius
1346 1441 1451 1481 non
1493 1427 1796 1497 patiuntur.

502 1517 662 1572 Vens.
692 1518 747 1573 5.
778 1514 1108 1586 Resipiscite,
1132 1516 1280 1582 ebrii,
1301 1533 1333 1571 a
1354 1517 1472 1572 vino
1497 1528 1692 1584 vestro,
1710 1528 1757 1572 et
1786 1518 2004 1586 piorate.

433 1609 696 1678 Plangite,
741 1626 918 1663 omnes
969 1610 1059 1680 qui
1111 1610 1286 1664 bibitis
1331 1611 1507 1664 vinum
1549 1612 1618 1664 ad
1673 1613 2006 1677 ebrietatm;

424 1702 672 1768 quoniam
712 1700 893 1754 ablata
935 1711 1008 1755 est
1051 1699 1116 1754 ab
1168 1715 1258 1754 ore
1314 1709 1485 1755 vestro
1524 1701 1712 1755 latitia
1779 1715 1825 1754 ιι
1875 1718 2007 1770 gau-

425 1795 594 1847 dium.

499 1885 563 1940 V.
585 1883 726 1940 Citra
760 1885 1030 1954 negotium
1063 1900 1272 1949 rursus,
1306 1892 1363 1938 ut
1412 1883 1670 1946 arbitror,
1691 1884 1818 1940 hinc
1840 1885 2002 1938 etiam

428 1977 709 2048 perspicue
737 1976 920 2031 videas
955 1976 1118 2029 divini
1144 1974 1293 2028 Pauli
1330 1976 1677 2044 sapientiam.
1707 1975 1811 2030 Per
1845 1975 2002 2031 [idem

430 2077 480 2124 in
521 2069 794 2125 Christum
834 2068 986 2136 quasi
1037 2082 1237 2138 sagena
1293 2067 1568 2123 conclusis
1623 2068 1756 2122 alias
1787 2069 2004 2137 quidem

427 2159 739 2214 salutariter
766 2157 1033 2212 acclamal
1063 2176 1075 2211 :
1110 2176 1127 2208 ι
1154 2153 1345 2226 Surge,
1375 2159 1465 2226 qui
1496 2157 1793 2223 dormis”;
1821 2178 1838 2209 ι
1875 2160 2007 2214 alias

431 2265 612 2306 rursus
628 2249 693 2306 ad
723 2250 966 2304 laborum
995 2249 1308 2318 patientiam
1332 2249 1493 2319 202
1531 2250 1887 2304 adamandam
1907 2251 2007 2304 im-

428 2342 654 2412 pellens,
697 2341 769 2396 ita
803 2341 1077 2411 loquitur:
1117 2360 1134 2392 ι
1203 2340 1256 2394 In
1309 2341 1588 2410 disciplina
1644 2353 2003 2410 perseveratc.

428 2435 710 2504 Tanquam
733 2434 856 2489 ﬁliis
880 2434 1034 2488 vobis
1065 2433 1220 2489 offert
1239 2451 1297 2488 se
1331 2433 1498 2489 Deus:
1525 2436 1645 2504 quis
1675 2435 1817 2488 enim
1847 2433 2004 2500 filius,

427 2542 584 2598 quem
619 2543 724 2582 non
751 2528 976 2596 corripit
1035 2537 1187 2596 pater
1218 2519 1301 2580 Μ
1335 2545 1352 2578 ι
1399 2526 1641 2580 Perculit
1686 2516 1828 2580 enim
1875 2535 2006 2594 pec-

427 2629 642 2675 catores
663 2659 678 2683 ,
711 2628 965 2688 tanquam
997 2634 1100 2672 non
1150 2617 1359 2682 volens,
1402 2621 1527 2686 quia
1570 2618 1688 2687 pius
1713 2625 1796 2672 est
1832 2617 2007 2683 Deus;

429 2711 525 2766 sed
558 2709 708 2765 velut
737 2722 983 2771 coactus,
1029 2716 1356 2763 convertens
1389 2723 1504 2772 eos,
1565 2717 1618 2761 et
1651 2709 1717 2762 de
1747 2707 2010 2776 supplicio

430 2804 531 2859 illis
555 2803 770 2858 modum
795 2802 981 2857 auxilii
1001 2800 1276 2865 eliiciens;
1313 2800 1763 2870 quemadmodum
1807 2799 2013 2854 scilicet

431 2897 553 2951 boni
581 2910 794 2967 quoque
819 2894 1010 2950 medici
1033 2892 1420 2965 aegrotantibus
1448 2906 1706 2962 perquam
1756 2892 1902 2945 acria
1959 2899 2011 2944 et

431 2988 677 3045 insuavia
729 2987 1121 3041 medicamenta
1182 2986 1510 3049 ministrant,
1549 2993 1607 3038 ut
1637 2973 1849 3039 doloris
1880 2982 2013 3037 tole-

432 3079 606 3135 rantia
641 3079 886 3134 morbum
916 3077 1168 3146 depellat.
1200 3076 1494 3133 Considera
1519 3075 1667 3131 enim
1725 3090 1833 3145 quo
1857 3085 2012 3144 pacto

432 3169 634 3240 ﬂagella
669 3169 817 3238 prius
846 3175 1149 3230 ostentans,
1175 3176 1230 3222 et
1252 3167 1380 3238 quid
1409 3167 1488 3222 ira
1509 3167 1581 3222 sit
1621 3167 1831 3220 factura
1883 3175 2010 3220 ante

433 3265 834 3325 demonstrans,
872 3267 1075 3312 tantum
1113 3273 1218 3313 non
1255 3277 1276 3312 ι
1313 3273 1466 3314 camo
1496 3267 1550 3313 et
1582 3257 1732 3312 freno
1767 3256 2011 3311 maxillas

431 3367 617 3408 corum
651 3352 720 3419 ⁸⁷,
749 3369 768 3403 ο
800 3360 859 3407 ut
886 3353 1141 3422 scriptum
1183 3358 1288 3418 est,
1324 3350 1685 3420 constringat,
1724 3359 1780 3406 et
1807 3360 2010 3404 retror-

432 3457 549 3497 sum
581 3441 980 3513 quodammodo
1033 3442 1286 3496 incedere
1339 3441 1529 3510 jubeat
1574 3441 1787 3494 animos
1846 3439 1911 3492 ad
1959 3439 2010 3492 id

433 3535 576 3605 quod
611 3539 906 3604 praestabat
932 3543 986 3590 et
1035 3533 1477 3590 decentissimum
1503 3541 1622 3586 erat
1657 3531 2008 3599 applicantes.

439 3647 457 3680 ι
507 3623 1344 3698 Expergiscimini,ebrii,avino
1380 3631 1582 3676 vestro.
1611 3641 1630 3673 ›
1687 3621 1852 3674 Audis
1880 3637 2010 3689 quo-

434 3723 594 3776 modo
637 3730 694 3774 ut
729 3719 865 3774 (ilius
932 3728 1109 3772 tuente
1141 3726 1371 3780 emotos,
1414 3724 1469 3770 et
1519 3713 1629 3784 jam
1693 3714 2013 3767 temulentos

435 3813 688 3881 deinceps
788 3811 1057 3879 objurgat.
1134 3807 1398 3874 Quoniam
1473 3807 1516 3860 si
1599 3806 1908 3875 vigilassent
1983 3819 2011 3856 a

439 3903 722 3972 principio,
752 3902 865 3956 sola
907 3913 1070 3954 eruca
1101 3900 1270 3968 puniti
1301 3899 1432 3950 satis
1461 3896 1710 3950 fuissent.
1749 3898 1852 3950 Sed
1887 3895 2010 3964 quia

438 3996 608 4063 prima
635 4007 792 4062 paena
813 3992 1047 4062 irrogata
1082 3989 1353 4045 obﬁrmati
1386 3997 1720 4052 manserunt,
1762 3987 2010 4055 adjuncta

435 4097 518 4141 est
553 4087 747 4149 altera,
773 4093 826 4140 et
854 4095 972 4153 post
999 4084 1139 4138 banc
1169 4081 1350 4147 tertia,
1391 4091 1635 4150 etusque
1665 4079 1732 4136 ad
1763 4089 2010 4150 quartam

437 4179 668 4248 denique
698 4186 915 4232 ventum
960 4185 1065 4232 est.
1129 4172 1512 4228 Verumtamen
1548 4173 1740 4228 saltem
1772 4187 1895 4227 sero
1927 4187 2014 4226 cx-

435 4270 795 4340 pergclactos,
830 4278 886 4323 et
935 4268 1334 4338 resipiscentes,
1392 4274 1448 4322 et
1503 4268 1655 4336 quasi
1694 4266 2010 4321 ebrietatem

433 4361 722 4430 quamdam
760 4359 954 4414 mentis
980 4360 1216 4414 studium
1241 4361 1308 4414 ad
1341 4359 1669 4428 voluptatem
1697 4359 2010 4414 etinsanam

2118 519 2209 588 ραὶ
2257 518 2351 570 καὶ
2382 517 2683 583 ἀκάθαρτοι
2731 513 2990 583 δυνάμεις
3021 512 3098 571 είς
3131 510 3255 562 νοῦν
3292 508 3683 578 ἐμπίπτουσαι,

2112 611 2206 664 καὶ
2247 610 2545 680 ἀπλήστοις
2571 606 2748 660 ὀδοῦσι
2783 606 3026 675 δαπανᾷν
3061 600 3382 671 εἰθισμέναι.
3417 599 3572 670 Καλή
3613 617 3689 652 τοι

2111 699 2218 770 γάρ
2281 697 2373 753 οὖν
2422 702 2454 769 ἡ
2499 698 2786 766 ἀσφάλεια.
2829 697 2940 751 Καὶ
2991 695 3073 766 δὴ.
3107 695 3200 747 καὶ
3253 693 3492 762 ὀνίνησιν
3545 693 3691 762 ἡμᾶς

2110 791 2172 842 οὐ
2205 790 2441 861 μετρίως
2468 792 2495 842 6
2530 787 2961 862 Παροιμιαστὴς,
2992 785 3198 853 λέγων·
3247 801 3265 834 ι
3305 784 3434 836 Ἐὰν
3475 781 3693 851 πνεῦμα

2112 880 2206 933 τοῦ
2238 880 2642 948 ἐξουσιάζοντος
2674 880 2847 950 ἀναϐῇ
2876 881 2970 932 ἐπὶ
3003 877 3083 940 σὲ,
3109 875 3276 928 τόπον
3301 890 3393 926 σου
3428 874 3501 944 μὴ
3526 873 3693 942 ἀφῇς,

2111 971 2191 1025 ὅτι
2227 971 2364 1041 εἀμα
2411 969 2755 1024 καταπαύσει
2806 967 3082 1040 ἁμαρτίας
3124 965 3386 1037 μεγάλας.
3425 983 3444 1015 ι
3487 965 3697 1017 Ἐπιτι-

2113 1061 2340 1133 μώμενα
2378 1063 2488 1134 γὰρ
2521 1063 2580 1116 ἐν
2626 1063 2824 1133 ἀρχαῖς
2860 1062 2928 1114 τά
2989 1061 3158 1131 πάθη,
3196 1057 3464 1112 παύονται
3500 1075 3558 1110 τε
3599 1057 3699 1110 καὶ

2109 1152 2532 1209 ἀνακόπτονται.
2567 1152 2840 1206 Πλατεῖαν
2879 1151 2934 1204 δὲ
2964 1150 3152 1221 ὥσπερ
3188 1148 3284 1202 καὶ
3329 1147 3694 1216 ἀνουθέτητον

2110 1243 2160 1295 εἰ
2201 1242 2417 1296 λάϐοιεν
2461 1241 2560 1312 τὴν
2600 1244 2679 1305 εἰς
2713 1241 2780 1294 τά
2816 1240 2983 1311 χείρω
3015 1238 3271 1310 πρόοδον,
3311 1236 3439 1305 ὅλης
3471 1235 3539 1288 δι’
3569 1235 3698 1288 ὅλου

2110 1335 2572 1408 καταδράττονται
2612 1333 2712 1402 τῆς
2749 1332 2948 1402 ψυχῆς,
2984 1330 3078 1382 καὶ
3105 1328 3365 1399 λογισμοῦ
3403 1327 3498 1381 τοῦ
3536 1325 3702 1381 κολά-

2110 1427 2292 1493 ζοντος
2320 1428 2420 1481 οὐκ
2451 1426 2755 1497 ἀνέχονται.

2192 1519 2553 1588 Ἐκνήψατε,
2578 1519 2632 1571 οἱ
2657 1518 3006 1586 μεθύοντες,
3043 1514 3110 1578 ἐξ
3135 1513 3303 1567 οἷν-ου
3343 1509 3562 1576 αὐτῶν,
3595 1511 3695 1564 και

2109 1611 2440 1664 κλαύσατε.
2470 1608 2842 1680 emt-ricam,
2893 1605 3116 1670 πάντες
3145 1607 3200 1656 οἱ
3225 1603 3506 1667 πίνοντες
3528 1597 3696 1655 οἶνον

2109 1704 2197 1768 εἰς
2227 1701 2420 1770 μέθην
2441 1718 2454 1731 ⁸
2484 1701 2572 1754 ὅτι
2598 1694 2820 1768 ἐξῆρθη
2848 1698 2917 1752 ἐκ
2957 1699 3256 1766 στόματος
3294 1692 3460 1764 ὑμῶν
3489 1697 3695 1764 εὐφρο-

2108 1794 2267 1861 σύνη
2296 1792 2394 1846 καὶ
2429 1791 2605 1862 χαρά.

2180 1885 2255 1938 E'.
2300 1885 2565 1956 Ἀμογητὶ
2605 1884 2670 1955 δὴ
2704 1882 2865 1935 πάλιν
2891 1880 3201 1946 κάντεῦθεν,
3233 1875 3405 1949 οἴμαι,
3442 1880 3528 1942 τις
3555 1895 3690 1932 κατ-

2107 1978 2336 2050 αθρήσει
2370 1977 2573 2045 σαφῶς,
2611 1977 2686 2039 ὠς
2719 1976 2880 2045 σοφὸς
2921 1969 2989 2045 ἦν
3033 1973 3172 2042 ἀγαν
3205 1975 3233 2025 6
3271 1971 3412 2034 θεῖος
3456 1971 3686 2036 Παῦλος,

2108 2071 2219 2132 τοῖς
2261 2069 2350 2122 διά
2394 2069 2632 2129 πίστεως
2666 2067 2763 2136 τῆς
2812 2068 2892 2130 εἰς
2922 2064 3156 2136 Χριστὸν
3204 2062 3692 2132 σεσαγηνευμένοις

2108 2167 2187 2229 είς
2239 2163 2514 2236 σωτηρίαν
2569 2162 2857 2231 ὲπιφωνῶν
2899 2177 2959 2212 τε
3003 2159 3101 2213 καὶ
3147 2157 3340 2226 λέγων,
3375 2157 3508 2210 ποτὲ
3560 2157 3689 2227 μέν’

2118 2258 2424 2327 «Ἕγειραι,
2458 2257 2484 2307 ό
2519 2253 2826 2308 καθεύδων·
2855 2271 2874 2304 ι
2899 2251 3028 2306 ποτὲ
3051 2251 3107 2305 δὲ
3141 2246 3206 2304 αὖ
3229 2251 3322 2303 καὶ
3346 2250 3408 2302 τὸ
3435 2251 3494 2302 ὲν
3515 2250 3693 2311 πόνοις

2109 2347 2384 2419 τληπαοὲς
2433 2347 2652 2417 ἀγαπᾷν
2690 2343 3023 2410 ἀναπείθων,
3061 2343 3320 2416 ταύτῃτοι
3353 2341 3444 2395 καὶ
3482 2341 3687 2408 λέγων’

2117 2434 2240 2500 (Εἰς
2269 2437 2516 2490 παιδείαν
2553 2437 2876 2506 ὑπομένετε,
2905 2435 2980 2498 ὡς
3005 2436 3140 2499 υἱοῖς
3171 2436 3300 2506 ὑμῖν
3327 2434 3684 2505 προσφέρεται

2111 2534 2139 2584 6
2171 2531 2306 2594 Θεός
2329 2547 2341 2561 ·
2366 2528 2450 2593 τίξ
2483 2529 2591 2601 γάρ
2624 2531 2774 2582 ἐστιν
2802 2529 2938 2595 υίὸς,
2963 2529 3022 2582 ὃν
3043 2528 3104 2582 οὐ
3131 2517 3377 2582 παιδεύει
3419 2528 3631 2597 πατήρ;
3664 2545 3681 2575 ι

2113 2619 2426 2675 Καταπαίει
2450 2620 2557 2691 γὰρ
2581 2619 2770 2691 ὥσπερ
2808 2618 2934 2683 τοὺς
2957 2618 3372 2690 ἁμαρτάνοντας
3399 2617 3498 2688 οὐχ
3537 2616 3691 2677 ἑκὼν.

2123 2709 2303 2764 καίτοι
2332 2709 2714 2781 φιλάνθρωπος
2742 2709 2840 2774 ὢν,
2870 2710 2898 2762 ὁ
2925 2708 3073 2775 Θεὸς,
3113 2708 3228 2762 ἀλλ’
3248 2709 3322 2773 ὡς
3352 2709 3412 2774 ἐξ
3434 2709 3696 2776 ἀνάγκης,

2114 2803 2479 2874 ἐπιστρέφων,
2507 2802 2604 2856 καὶ
2623 2803 2830 2872 τρόπον
2850 2801 3032 2864 αὐτοῖς
3063 2801 3384 2872 ἐπικουρίας
3409 2801 3470 2854 τὸ
3509 2801 3700 2872 χρῆμα

2126 2895 2484 2965 ποιούμενος·
2548 2893 2798 2965 καθάπερ
2846 2892 3037 2964 ἀμέλει
3082 2893 3176 2947 καὶ
3219 2894 3269 2946 οἱ
3306 2896 3405 2961 τῆς
3451 2894 3702 2965 ἰατρικῆς

2117 2987 2486 3056 ἐπιστήμονες
2530 2987 2646 3047 τοῖς
2681 2983 3030 3055 ἀρρωστοῦσι
3091 2983 3428 3054 προσάγουσι
3490 2985 3589 3037 καὶ
3628 2985 3700 3037 τὰ

2040 3102 2082 3159 η
2118 3077 2323 3148 σφόδρα
2356 3075 2764 3130 καταδάκνοντα
2794 3074 2904 3128 τῶν
2928 3075 3257 3146 φαρμάκων,
3289 3074 3477 3128 ἀκεσιν
3515 3075 3704 3139 αὐτοῖς

2119 3166 2212 3220 τοῦ
2268 3167 2476 3230 πάθους
2514 3167 2575 3220 τὺ
2624 3165 2734 3219 δεῖν
2787 3166 3022 3237 ἀλγῆσαι
3057 3165 3391 3234 ποιούμενοι.
3433 3163 3547 3218 Θέα
3593 3169 3704 3238 γὰρ

2123 3262 2271 3323 ὅπως
2309 3259 2406 3324 τάς
2439 3259 2708 3330 μάστιγας
2741 3257 3157 3329 προῦποδείξας,
3198 3258 3293 3311 καὶ
3317 3260 3702 3330 προαναφῆνας

2129 3353 2198 3406 τά
2244 3351 2301 3420 ἐξ
2352 3353 2545 3424 ὀργῆς,
2585 3348 2871 3422 μονονουχὶ
2913 3368 2932 3401 ι
2981 3349 3184 3421 χαλινῷ
3249 3351 3346 3404 καὶ
3395 3350 3553 3421 κημῷ
3598 3351 3697 3411 τάς

2120 3447 2374 3514 σιαγόνας
2403 3445 2604 3510 αὐτῶν,
2635 3463 2652 3496 ι
2685 3443 2824 3497 κατά
2867 3441 2929 3496 τδ
2971 3443 3391 3514 γεγραμμένον,
3417 3443 3571 3513 ἄγχει
3601 3441 3696 3495 καὶ

2118 3539 2309 3591 ἀνόπιν
2346 3537 2538 3608 ὥσπερ
2583 3536 2721 3591 ἰέναι
2755 3535 2989 3603 κελεύει,
3035 3535 3424 3608 μετατιθέντας
3463 3536 3555 3588 τὸν
3577 3534 3700 3588 νοῦν

2119 3630 2211 3682 ἐπὶ
2246 3628 2366 3682 τόδε
2393 3629 2702 3691 ἀνελέσθαι,
2735 3629 2874 3700 ὅπερ
2899 3624 2968 3700 ἦν
2999 3627 3225 3699 ἄμεινόν
3251 3645 3308 3680 τε
3335 3628 3432 3680 καὶ
3473 3645 3697 3699 πρεπω-

2118 3719 2390 3772 δέστατον.
2419 3739 2436 3770 ι
2458 3719 2758 3789 Ἐκνήψατε
2784 3718 2973 3790 γάρ,οί
3007 3718 3318 3789 μεθύοντες,
3337 3719 3396 3783 ἐξ
3426 3721 3571 3772 οἴνου
3602 3719 3701 3773 αὑ·

2121 3811 2250 3865 τῶν.
2283 3831 2302 3862 ι
2365 3811 2641 3876 Ἀκούεις,
2689 3813 2835 3876 ὅπως
2877 3813 2952 3874 ὡς
2999 3812 3210 3876 τέκνοις
3254 3813 3574 3883 ἐξεστηκόσι
3613 3815 3706 3866 καὶ

2120 3904 2220 3974 ἤδη
2261 3903 2657 3974 μεμεθυμένοις
2693 3903 3016 3974 ἐπιπλήττει
3053 3905 3256 3958 λοιπόν.
3301 3906 3389 3968 Ὧς
3423 3905 3582 3976 εἴπερ
3610 3908 3704 3958 ἐκ·

2121 3995 2348 4066 νήψειαν
2383 3998 2442 4050 ὲν
2488 3997 2704 4068 ἀρχαῖς,
2741 3997 2975 4067 ἤρκεσεν
3021 3996 3086 4049 ἂν
3135 3997 3256 4067 δίκη
3290 3997 3476 4060 αὐτοῖς
3518 3997 3612 4050 καὶ
3640 3997 3704 4050 τὰ

2121 4087 2184 4138 ὲκ
2211 4089 2376 4158 μόνης
2408 4088 2507 4158 τῆς
2536 4089 2766 4158 κὰμπης
2788 4105 2800 4118 ο
2827 4088 2948 4140 ἐπεὶ
2978 4087 3034 4141 δὲ
3066 4088 3328 4141 ἀνάλωτοι
3367 4091 3704 4160 μεμενήκασι

2121 4181 2219 4249 τῆς
2247 4179 2469 4250 πρώτης
2501 4180 2668 4252 ὀργῆς
2703 4181 2873 4252 αὐτῆς
2899 4182 3357 4251 ἐπενηνεγμένης,
3386 4181 3701 4252 προστέθει-

2121 4287 2209 4322 ται
2240 4270 2333 4323 καὶ
2382 4270 2633 4342 δευτέρα,
2680 4272 2774 4325 καὶ
2826 4273 2944 4342 μετ’
2978 4270 3191 4339 ἐκείνην
3231 4271 3265 4338 ὴ
3302 4272 3486 4342 τρίτη,
3516 4271 3703 4340 προδέ-

2123 4361 2257 4430 6ηκε
2295 4361 2352 4415 δὲ
2390 4361 2552 4433 μέχρι
2575 4363 2865 4433 τετάρτης.
2911 4363 3056 4434 Πλὴν
3086 4361 3219 4431 γοῦν
3262 4363 3366 4416 κᾶν
3391 4362 3486 4432 ὀψὲ
3519 4361 3698 4428 διεγη-

436 4451 696 4521 peccandi
736 4451 1014 4506 libidinem
1048 4451 1382 4518 deserentes,
1415 4455 1620 4507 sentire
1673 4453 1899 4522 posthac
1924 4467 2010 4506 ca-

2123 4453 2450 4523 γερμένους,
2489 4453 2584 4505 καὶ
2627 4454 3023 4523 ἀνανὴφοντας,
3052 4454 3146 4506 καὶ
3175 4454 3341 4507 οίονεί
3381 4469 3503 4506 τινα
3534 4451 3701 4522 μέθην

434 4557 526 4596 sus
551 4541 854 4613 praeteritos
872 4541 1044 4610 jubet,
1071 4540 1363 4612 gemitibus
1393 4550 1449 4596 et
1499 4542 1756 4613 lacrymis
1799 4553 2024 4612 prOpter

436 4631 670 4688 admissa
697 4631 1059 4701 indulgentes.

475 4855 509 4872 α

505 4899 798 4958 Sciendum
831 4913 1012 4971 porro,
1049 4896 1211 4953 etiam
1254 4895 1544 4965 unicuique
1573 4903 1814 4950 nostrum
1866 4897 2012 4950 velut

434 4995 716 5065 proprium
743 4994 1010 5064 quoddam
1033 4992 1212 5046 viuum
1243 5005 1382 5054 csse,
1423 4991 1564 5060 quod
1612 5005 1708 5043 cor
1761 4991 2014 5048 inebriat.

438 5088 742 5142 Dividimur
790 5088 968 5147 enim,
1021 5097 1077 5140 ut
1137 5085 1204 5138 ita
1245 5086 1418 5138 dicam
1447 5125 1460 5148 ,
1505 5086 1800 5137 secundum
1869 5098 2014 5140 lucr-

437 5179 535 5234 bos
572 5179 896 5232 animorum.
935 5177 1011 5231 Ex
1052 5176 1205 5231 nobis
1250 5176 1388 5230 alius
1425 5185 1620 5245 praeter
1656 5185 1848 5230 castera
1896 5181 2022 5232 vitia

435 5286 530 5324 sua
564 5270 629 5324 ad
660 5272 939 5326 avaritiam
998 5271 1241 5341 rapitur;
1301 5269 1439 5323 alter
1500 5269 1641 5338 sapit
1688 5284 1809 5338 quzc
1842 5273 2024 5327 nnnnli

439 5372 588 5424 sunt,
616 5372 670 5415 et
693 5377 820 5417 cura
850 5366 1032 5418 carnis
1063 5371 1315 5434 :egrotal,
1345 5361 1554 5416 deliciis
1581 5375 1633 5416 ct
1662 5363 2026 5431 Voluptatibus

437 5455 726 5507 immersus
753 5469 768 5518 ;
800 5454 935 5507 alius
960 5457 1262 5524 cuicunque
1294 5453 1512 5509 deruunt
1548 5453 1638 5508 alii
1693 5467 1912 5522 peccato
1966 5470 2025 5509 se

438 5543 624 5600 tradit.
650 5543 729 5598 Ad
757 5542 1018 5612 ﬂagitiosa
1048 5559 1224 5602 autem
1259 5557 1312 5601 et
1335 5548 1567 5618 impura,
1600 5548 1811 5616 Deoque
1838 5549 2020 5601 odiosa

2124 4545 2302 4607 ἱέντας
2333 4543 2424 4597 τοῦ
2457 4541 2550 4595 νοῦ
2587 4543 2688 4614 τὴν
2721 4543 3051 4616 φιληδονίαν,
3087 4545 3181 4598 καὶ
3210 4545 3269 4597 τὸ
3311 4545 3556 4607 ἐκτόπως
3594 4542 3705 4596 ἐλέ-

2119 4636 2244 4688 σθαι
2291 4635 2656 4706 πλημμελεῖν,
2708 4638 2789 4701 εἰς
2823 4637 3075 4708 αἴσθησιν
3126 4638 3234 4690 τῶν
3282 4635 3706 4706 συμϐεϐηκότων

2115 4725 2409 4794 ἀφικέσθαι
2452 4727 2664 4780 κελεύει
2717 4727 2924 4793 λοιπόν,
2967 4728 3249 4791 κλαίοντας
3289 4729 3384 4781 καὶ
3435 4725 3707 4798 κατοιμὼ-

2115 4815 2307 4880 ζοντας
2333 4817 2426 4871 ἐπὶ
2455 4822 2578 4882 ταῖς
2604 4819 2754 4889 σφῶν
2784 4819 2964 4874 αὐτῶν
2987 4820 3305 4890 ἁμαρτίαις.
3677 4887 3684 4900 ι

2209 4909 2405 4963 Ἰστέον
2435 4911 2514 4972 δὲ,
2547 4911 2628 4964 ὅτι
2666 4913 2758 4965 καὶ
2793 4912 3012 4982 ἑκάστῳ
3038 4912 3196 4982 ἡμῶν
3225 4907 3367 4974 οἶνος
3407 4911 3600 4983 ὥσπερ
3627 4927 3708 4973 τις

2125 5002 2274 5055 ἐστὶν
2314 5003 2500 5065 ίδικὸς,
2529 5005 2557 5055 6
2584 5004 3019 5074 καταμεθύσκων
3044 5003 3291 5075 καρδίαν.
3329 5004 3708 5074 Καταμεριζό-

2127 5093 2267 5165 μεθα
2295 5095 2426 5166 γὰρ,
2471 5095 2537 5147 ἵν’
2568 5094 2739 5158 οὕτως
2775 5097 2932 5161 εἴπω,
2975 5095 3046 5148 τὰ
3086 5095 3254 5166 πάθη,
3298 5097 3390 5147 καὶ
3423 5097 3450 5146 ὁ
3487 5094 3586 5164 μέν
3623 5110 3707 5153 τις

2127 5187 2284 5257 ἡμῶν
2333 5189 2692 5242 ἀπονένευκεν
2723 5189 2992 5259 ἁχαλίνως
3029 5191 3112 5252 εὶς
3158 5188 3520 5259 φιλαργυρίαν
3567 5185 3706 5255 μετὰ

2123 5277 2218 5330 τοῦ
2247 5279 2340 5332 καὶ
2370 5279 2534 5351 ἔτερα
2558 5283 2762 5333 νοσεῖν·
2791 5282 2980 5352 ἕτερος
3004 5281 3060 5334 δὲ
3085 5277 3152 5335 αὖ
3179 5281 3489 5351 πεφρόνηκε
3518 5277 3585 5330 τὰ
3613 5275 3706 5328 τοῦ

2125 5369 2356 5440 κόσμου,
2393 5371 2485 5422 καὶ
2529 5369 2960 5441 κατηρῤώστησε
3010 5372 3108 5440 τὴν
3152 5370 3534 5439 φιλοσαρκίαν,
3582 5384 3709 5436 τρυ-

2125 5462 2273 5527 φαῖς,
2308 5461 2403 5514 καὶ
2451 5462 2784 5532 φιληδονίαις
2831 5461 3141 5532 ὁλοτρόπως
3185 5461 3615 5531 προσκείμενος·
3650 5457 3709 5521 ὸς

2122 5551 2179 5604 δὲ
2235 5553 2314 5614 εἰς
2367 5552 2558 5621 ἑτέραν
2616 5553 2862 5624 ἡντινοῦν
2912 5552 3367 5624 ἀποδεδράμηκεν
3405 5551 3707 5628 ἁμαρτίαν.

514 5709 559 5739 ⁸⁵
601 5719 778 5776 Ecrlc.
815 5735 871 5786 κ,
912 5717 965 5772 ό.
1043 5720 1088 5752 ⁸⁸
1129 5719 1337 5790 prcs.
1366 5735 1418 5786 v,
1466 5721 1556 5775 14.
1632 5720 1679 5754 ³⁸
1715 5719 1878 5778 llcbr.
1921 5738 2010 5789 xu,

2180 5725 2224 5758 "
2257 5724 2401 5781 Psal.
2443 5743 2590 5794 xm,
2631 5729 2684 5783 9.
