4034 6270
361 515 451 572 557

1232 496 1789 560 COMMENTARIUS
1827 498 1892 557 IN
1932 498 2200 554 JOELEM
2241 495 2680 555 PROPHETAM.

3501 499 3604 559 338

366 633 496 701 Ἶμιν
531 627 590 682 δδ
621 625 688 696 δὴ
724 623 862 696 πρὸς
891 622 960 678 τά
991 619 1220 693 βδελυρά
1257 623 1353 676 καὶ
1389 621 1619 692 θεομισῆ
1660 619 1768 674 τῶν
1807 636 1903 673 πα-

2018 615 2223 686 piacula
2248 614 2337 668 alii
2367 615 2608 684 segnius,
2633 611 2722 667 alii
2747 619 2856 667 tota
2886 610 3213 681 appetitione
3246 609 3602 676 ruimus,cum

365 721 472 784 θῶν,
493 719 544 772 oi
567 717 668 788 μὲν
692 716 754 769 οὐ
780 715 901 768 λίαν
923 711 1394 783 ὲσπουδασμίνως,
1413 713 1532 766 οῖδὲ
1554 711 1702 775 ὅλαις
1727 712 1925 782 ὁρμαῖς

363 808 636 882 χρώμενοι,
664 805 761 860 καὶ
789 803 1156 875 ἀνουθέτητον
1186 803 1400 874 ἔχοντες
1427 803 1526 874 τῆς
1555 802 1793 866 διανοίας
1825 801 1929 872 τὴν.

365 900 541 972 ῥοπήν.
565 897 832 971 Ταύτῃτοί
877 911 1047 968 φησιν
1071 896 1102 948 6
1128 896 1417 966 προφήτης
1438 909 1451 924 ·
1483 913 1502 946 ι
1525 893 1849 964 Ἐκνήψατε,
1871 893 1921 944 oi

368 989 660 1060 μεθύοντες,
683 985 743 1052 ἐξ
759 987 904 1042 οἴνου
928 985 1137 1040 αὐτῶν.
1150 1003 1176 1038 ι
1197 984 1560 1057 Συμϐουλεύει
1581 983 1638 1037 δὲ
1656 985 1738 1038 ὅτι
1760 999 1925 1055 προσ-

365 1083 476 1153 ήκει
500 1080 970 1153 κατολοφύρεσθαι
998 1081 1126 1144 τοὺς
1159 1079 1418 1142 πίνοντας
1438 1076 1582 1133 οἶνον
1620 1079 1704 1142 εἰς
1726 1075 1917 1147 μέθην.

371 1170 448 1235 Ὧς
468 1173 572 1245 γὰρ
604 1173 740 1243 ἔφην
760 1172 986 1243 ἀρτίως,
1008 1172 1070 1225 οὐ
1098 1171 1260 1244 μέχρι
1281 1171 1442 1242 κόρου
1473 1171 1569 1225 καὶ
1589 1169 1922 1240 αὐταρκείας

356 1263 528 1318 ίστῶσι
583 1265 685 1336 τὴν
728 1263 1069 1334 φιληδονίαν,
1108 1263 1225 1318 ἀλλ’
1267 1257 1380 1318 οἷον
1428 1265 1511 1327 είς
1547 1263 1717 1334 μέθην
1757 1262 1918 1316 ἐκπί-

348 1371 508 1422 νουσι,
541 1358 638 1410 καὶ
662 1356 867 1420 παντὸς
901 1357 1162 1410 ἐπέκεινα
1194 1356 1411 1410 πίνουσι
1453 1356 1679 1428 μέτρου.
1715 1353 1917 1409 Τούτου

345 1449 445 1504 ἀπὸ
466 1450 562 1505 τοῦ
589 1451 860 1522 στόματος
884 1450 1203 1524 ἀφῃρῆσθαι
1233 1467 1366 1520 φησι
1395 1449 1572 1523 χαρὰν
1606 1449 1704 1504 καὶ
1727 1449 1920 1520 εὐφρο-

345 1543 526 1615 σύνην.
567 1544 846 1614 Ἀληθεύει
878 1543 986 1614 γὰρ
1011 1544 1041 1595 6
1066 1543 1323 1614 Χριστὸς,
1355 1543 1438 1596 ὃτι
1470 1543 1698 1605 πάντως
1733 1543 1783 1594 οῖ
1819 1540 1919 1612 μὲν

343 1635 436 1689 νῦν
486 1635 813 1699 πενθοῦντες
862 1635 1399 1708 παρακληθήσονται.
1421 1634 1652 1704 Ἐψεται
1705 1633 1764 1688 δὲ
1805 1637 1918 1698 τοῖς

345 1727 556 1782 εἰωθόσι
584 1730 795 1800 τρυφᾷν
823 1727 886 1782 τὸ
904 1729 1103 1800 χρῆναι
1141 1728 1523 1800 δακρυρῤοεῖν,
1552 1727 1633 1780 ὃτι
1657 1728 1756 1797 τῆς
1783 1726 1914 1795 ἀγε-

348 1821 544 1906 ρωχίας
575 1819 636 1873 τὸ
667 1821 842 1892 πέρας
868 1819 1066 1892 θρῆνος
1091 1819 1264 1884 ἔσται,
1297 1820 1392 1872 καὶ
1425 1818 1685 1889 οἰμωγαὶ,
1712 1819 1808 1873 καὶ
1836 1820 1916 1883 είς

339 1913 610 1983 πέταυρον
645 1912 772 1984 ᾅδου
805 1912 1162 1977 καταϐιϐάζει
1197 1911 1323 1975 τοὺς
1350 1911 1686 1979 ἀγαπῶντας
1717 1912 1909 1983 αὑτήν.

2027 716 2159 762 nutu
2191 716 2243 760 et
2262 705 2577 760 incitatione
2603 703 2800 758 mentis
2825 703 3204 772 incastigabili.
3226 703 3338 759 llac
3353 703 3420 761 de
3439 718 3601 759 causa

2025 797 2286 866 propheta
2305 794 2613 850 exclamat:
2654 813 2674 844 ι
2706 794 3175 866 Expergiscimini,
3215 795 3351 852 ebrii
3413 811 3442 852 a
3479 797 3600 851 vino

2025 902 2267 946 vestro.»
2302 888 2508 944 Suadet
2537 896 2716 942 autem
2751 888 2933 942 vinum
2964 891 3030 942 ad
3059 889 3382 944 ebrietatem
3408 889 3600 945 biben-

2026 982 2169 1038 tibus
2194 978 2658 1045 lamentationem,
2687 986 2748 1032 ut
2800 993 2913 1034 rem
2966 980 3402 1036 convenientem.
3452 980 3600 1036 Sicut

2023 1074 2166 1129 extim
2183 1073 2294 1143 jam
2329 1071 2464 1138 disi,
2499 1085 2604 1125 non
2637 1077 2900 1139 quantum
2955 1071 3092 1126 satis
3139 1081 3224 1125 est
3273 1073 3600 1142 voluptatem

2023 1175 2354 1235 sequuntur;
2385 1163 2482 1219 sed
2510 1161 2654 1216 velut
2681 1163 2747 1217 ad
2779 1161 3106 1217 ebrietatem
3142 1172 3356 1230 potant,
3385 1175 3444 1219 et
3487 1179 3604 1218 olu-

2023 1275 2120 1316 nes
2141 1259 2342 1316 lirnites
2374 1256 2607 1314 bibendo
2637 1254 3078 1326 egrediuntur.A
3108 1254 3200 1311 tali
3237 1269 3336 1310 ore
3363 1256 3601 1311 ablatum

2021 1367 2144 1408 esse
2166 1352 2243 1408 ait
2275 1351 2528 1421 gaudium
2559 1358 2613 1405 et
2643 1349 2909 1404 laetitiam.
2939 1346 3115 1403 Verax
3154 1348 3299 1404 enim
3325 1357 3410 1403 est
3444 1350 3604 1404 Chri-

2021 1447 2088 1502 sti
2143 1444 2388 1508 verbum,
2414 1444 2504 1512 qui
2565 1457 2709 1496 nunc
2753 1442 2958 1511 lugent,
3001 1441 3223 1496 omnino
3263 1439 3601 1496 consolatum

2023 1538 2089 1594 iri
2120 1537 2186 1589 ⁸⁸.
2219 1535 2378 1604 203
2404 1534 2630 1598 Contra,
2656 1544 2946 1588 consuetos
2967 1534 3150 1589 vivere
3174 1533 3227 1588 in
3249 1533 3602 1603 iucunditati-

2019 1630 2141 1695 bus,
2176 1629 2443 1697 lacrymas
2474 1624 2702 1679 fundere
2734 1625 3029 1693 oportebit,
3060 1626 3188 1694 quia
3245 1626 3510 1695 superbia!
3546 1627 3603 1681 li-

2022 1721 2104 1776 nis
2137 1729 2190 1772 et
2220 1728 2522 1774 extremum
2559 1716 2812 1786 lacrymze
2834 1723 2964 1770 sunt
2989 1725 3044 1770 et
3081 1716 3337 1786 gemitus,
3360 1730 3416 1773 et
3434 1733 3494 1774 se
3514 1719 3598 1773 di-

2019 1813 2244 1884 ligentes
2271 1810 2338 1864 ad
2365 1807 2560 1864 inferni
2586 1809 2812 1878 laqueos
2856 1814 2911 1862 et
2950 1821 3197 1866 carceres
3229 1808 3468 1864 deducit.
3493 1809 3602 1864 Ve.

2020 1921 2112 1961 rus
2133 1904 2398 1960 estetiam
2431 1901 2597 1956 David
2636 1920 2648 1954 :
2689 1919 2707 1953 ι
2746 1899 2862 1954 Non
2885 1908 2968 1955 est
3003 1900 3057 1954 in
3117 1910 3289 1956 morte
3347 1901 3439 1970 qui
3487 1915 3600 1955 rne-

351 1971 624 2076 Ἀληθεύει
644 1971 700 2060 δὲ
735 2008 830 2062 καὶ
855 2007 1042 2072 sacis,
1066 1971 1194 2062 ὅταν
1224 1971 1358 2075 λένῃ
1388 1971 1524 2075 πρὸς
1551 1971 1720 2058 θεάν·
1756 2025 1774 2058 ι
1799 1971 1903 2060 ob:

2019 2013 2138 2054 mor
2161 1997 2233 2053 sit
2289 1995 2467 2060 tui”;
2512 2012 2532 2045 ι
2575 2002 2632 2049 et
2687 1993 2884 2048 iterum
2922 2010 2936 2046 :
2979 2010 2998 2044 ι
3049 1991 3164 2047 Non
3217 1993 3361 2049 enim
3397 1995 3596 2050 mortui

337 2096 478 2152 ἔστιν
508 2101 568 2152 ἐν
606 2099 682 2171 τῷ
705 2099 924 2171 θανάτῳ
951 2104 980 2154 6
1012 2099 1368 2172 μνημονεύων
1400 2116 1495 2152 σου
1516 2117 1564 2152 ⁸)
1598 2100 1694 2154 καὶ
1725 2099 1911 2166 πάλιν,

341 2209 358 2242 ο
380 2193 453 2244 Οὐ
485 2194 592 2262 γὰρ
614 2195 666 2246 oi
692 2195 878 2266 νεκροὶ
917 2194 1194 2249 αῖνέσουσί
1233 2209 1314 2261 σε,
1347 2193 1543 2265 Κύριε,
1569 2195 1690 2248 οὐδὲ
1712 2195 1913 2258 πάντες

329 2284 377 2336 ei
407 2284 824 2350 καταϐαίνοντες
877 2287 958 2350 εἰς
1009 2285 1162 2358 ᾅδην.
1215 2287 1358 2339 Ἀλλ’
1399 2288 1562 2358 ⁴ἡμεῖς
1604 2287 1654 2339 οἱ
1709 2285 1910 2351 ζῶντες

327 2376 692 2449 εὐλογήσομέν
721 2395 803 2442 σε,
825 2378 999 2450 Κύριε
1030 2426 1051 2444 ,
1071 2398 1090 2431 ι
1123 2379 1187 2433 El
1219 2379 1278 2434 δὲ
1300 2378 1364 2451 δὴ
1391 2379 1502 2434 τῶν
1532 2380 1912 2450 προκειμένων

325 2471 358 2539 ἡ
389 2469 618 2542 δύναμις
657 2471 752 2524 καὶ
783 2472 1164 2542 γεωδεστέρως
1191 2474 1379 2526 νοοῖτο.
1417 2471 1482 2524 El
1511 2471 1910 2542 δεδαπάνηνται

323 2562 414 2615 διὰ
448 2564 546 2630 τῆς
572 2565 806 2636 κάμπης
841 2565 936 2617 καὶ
965 2564 1073 2616 τῶν
1103 2563 1304 2634 ἑτέρων
1331 2561 1401 2616 τὰ
1430 2562 1532 2633 τῆς
1572 2563 1910 2634 εὐφροσύνης

328 2653 500 2718 αἴτια,
527 2657 745 2719 πάντως
779 2673 881 2708 που
924 2658 1046 2718 ταῖς
1071 2655 1394 2726 εύκαρπίαις
1436 2653 1788 2708 συνδιολεῖται
1814 2657 1910 2708 καὶ

327 2743 364 2812 ἡ
390 2743 500 2796 τῶν
529 2745 880 2799 πεπονθότων
902 2745 1212 2815 εὐφροσύνη
1240 2745 1336 2798 καὶ
1358 2746 1528 2815 χαρά.
1551 2745 1909 2816 Ἐπιστυγνά-

329 2833 448 2898 ζειν
472 2835 579 2906 γὰρ
604 2837 902 2906 ἀναγκαῖον
945 2839 1059 2900 τοῖς
1109 2837 1347 2908 ἀνιαρῶς
1397 2836 1614 2907 ἔχουσιν
1638 2837 1716 2902 εῖς
1753 2855 1819 2908 γε
1847 2840 1908 2894 τὸ

326 2919 606 2987 δύνασθαι,
644 2924 808 2993 φημὶ,
838 2926 1011 2995 πικρᾷ
1036 2941 1094 2977 τε
1143 2925 1236 2979 καὶ
1259 2925 1525 2998 ἀφορήτῳ
1553 2926 1702 3001 λύπῃ
1733 2946 1904 2984 κατα-

321 3011 487 3082 τῆξαι
507 3015 756 3086 σαρκίον.

385 3188 511 3244 ’Ότι
540 3190 718 3256 ἔθνος
738 3189 920 3258 ἀνέϐη
957 3191 1057 3244 ἐπὶ
1091 3191 1207 3261 τὴν
1229 3190 1345 3262 γῆν
1357 3211 1480 3263 μου
1501 3197 1760 3265 ἰσχυρὸν
1802 3198 1901 3251 καὶ

2016 2089 2311 2145 laudabunt
2339 2096 2413 2153 te,
2431 2087 2676 2150 Domine,
2709 2099 2883 2154 neque
2915 2098 3108 2139 omnes
3135 2084 3226 2153 qui
3261 2084 3599 2140 descendunt

2015 2183 2070 2237 in
2107 2180 2402 2236 infernum.
2439 2180 2545 2235 Sed
2569 2193 2670 2234 nos
2697 2177 2790 2248 qui
2827 2177 3078 2262 vivimus,
3109 2176 3491 2234 benedicemus
3522 2187 3596 2243 tc,
3642 2175 3648 2190 ‘

2013 2274 2244 2331 Domine
2270 2273 2338 2326 ⁸⁸.
2382 2271 2575 2338 »ρυοᾶ
2617 2271 2664 2326 si
2702 2270 2902 2340 plemt,
2949 2268 3345 2340 propositorum
3404 2269 3598 2327 verbo-

2012 2383 2132 2424 rum
2155 2366 2422 2422 sententia
2459 2364 2632 2434 magis
2667 2372 2880 2418 terrane
2901 2361 3252 2430 intelligatur.
3276 2361 3332 2416 Si
3357 2376 3450 2431 per
3468 2375 3599 2417 eru-

2009 2476 2130 2516 cain
2148 2468 2204 2515 et
2231 2458 2334 2513 alia
2351 2458 2566 2527 frugum
2596 2455 2929 2511 inconnnoda
2955 2467 3133 2509 causae
3181 2454 3421 2523 ipsorum
3455 2455 3595 2508 lati-

2007 2552 2098 2607 tia:
2148 2561 2484 2618 consumptae
2529 2556 2676 2610 sunt,
2738 2561 2961 2617 prorsus
3020 2545 3204 2615 utique
3264 2560 3386 2601 cum
3434 2545 3595 2601 uber-

2009 2651 2120 2699 tate
2154 2644 2424 2697 fructuum
2452 2655 2638 2696 eorum
2671 2639 2765 2709 qui
2800 2647 2945 2692 tanta
2977 2637 3258 2707 voluptate
3284 2637 3594 2694 adicieban-

2007 2746 2119 2803 tur,
2141 2735 2393 2804 gaudium
2437 2743 2492 2789 et
2513 2734 2698 2789 latitia
2727 2743 3032 2789 evanescet.
3067 2731 3301 2789 Necesse
3338 2745 3424 2788 est
3445 2735 3590 2789 enim

2007 2827 2318 2885 contristari
2357 2827 2428 2882 ob
2461 2840 2522 2881 ea
2546 2840 2666 2894 qua:
2695 2825 2869 2880 tristia
2928 2826 3202 2890 accidunt,
3233 2836 3287 2881 et
3317 2825 3592 2881 tristitiam

2005 2933 2268 2992 generare
2296 2925 2718 2980 consueverunt,
2755 2932 2855 2972 nec
2887 2917 3119 2972 invalida
3167 2927 3315 2983 sunt,
3345 2919 3590 2988 inquam,

2005 3023 2061 3066 ut
2081 3013 2276 3066 acerbo
2299 3020 2354 3066 et
2385 3008 2708 3064 intolerabili
2756 3009 3001 3064 cruciatu
3029 3010 3384 3066 carunculam
3442 3011 3591 3066 labe-

2002 3105 2182 3159 facere
2201 3112 2420 3172 queant.

2072 3197 2238 3251 Vsus.
2260 3196 2316 3260 6,
2347 3194 2401 3249 7.
2436 3191 2572 3248 Gens
2591 3194 2729 3248 enim
2763 3193 2998 3247 ascendit
3023 3209 3180 3262 super
3207 3205 3594 3250 “ﬂammeam

302 3281 746 3352 ἀναρίθμητον.
773 3285 840 3336 οι
862 3283 1107 3350 ὀδόντες
1137 3285 1324 3340 αὐτοῦ
1358 3286 1600 3354 ὀδόντες
1627 3289 1899 3356 λέοντος,

2010 3287 2154 3356 {ortis
2184 3294 2231 3340 el
2249 3282 2667 3339 innumerabilis.
2692 3283 2881 3337 Demea
2912 3282 3028 3344 eius
3076 3295 3130 3339 ut
3183 3286 3362 3342 dentes
3396 3287 3591 3352 leonis,

299 3373 405 3426 καί
448 3376 513 3427 al
537 3375 729 3443 μύλαι
745 3375 946 3429 αὑτοῦ
990 3377 1290 3445 σκύμνου.
1321 3377 1529 3433 Ἕθετο
1561 3379 1678 3448 τὴν
1712 3379 1897 3449 ἀμπε-

295 3465 422 3520 λόν
457 3483 582 3535 μου
612 3468 702 3533 εις
743 3466 1108 3536 ἀφανισμὸν,
1147 3469 1247 3522 καί
1287 3469 1396 3534 τὰς
1436 3469 1634 3537 συκᾶς
1658 3489 1776 3542 μου
1813 3475 1902 3538 είς

275 3557 759 3628 examinator,
790 3558 1053 3626 ἐρευνῶν
1083 3560 1501 3630 ἐξηρεύνησεν
1545 3563 1757 3632 αὐτὴν,
1803 3563 1900 3618 καὶ

292 3646 724 3720 ἐξρρῤίζωσεν,
754 3649 1046 3705 ὲλεύκανε
1072 3653 1144 3706 τὰ
1172 3652 1448 3722 κλήματα
1471 3653 1683 3722 αὐτῆς.

373 3745 480 3810 ς’.
521 3740 878 3812 Ἀμιλλᾶσθαι
917 3743 1120 3812 τρόπον
1161 3744 1283 3797 τινὰ
1315 3748 1429 3809 τοῖς
1465 3745 1895 3816 συμϐεϐηκόσιν,

291 3834 478 3904 ἥγουν
537 3831 756 3886 ἔσεσθαι
800 3833 1309 3906 προσδοκωμένοις,
1354 3838 1448 3890 καὶ
1504 3837 1566 3890 τὸ
1631 3837 1725 3891 ἐπὶ
1775 3840 1898 3901 ταῖς

294 3922 720 3994 μεταγνώσεσιν
745 3923 948 3977 ἐθέλων
974 3925 1232 3996 δάκρυον,
1267 3926 1558 3996 ἀφηγείται
1589 3928 1805 3992 λεπτῶς
1828 3931 1898 3981 τὰ

289 4017 564 4087 ἐσόμενα,
598 4015 696 4068 καὶ
729 4013 838 4068 τῶν
871 4015 1212 4088 σκυθρωπῶν
1251 4018 1351 4084 τὴν
1387 4018 1574 4086 ἔφοδον
1612 4022 1896 4090 μονονουχὶ

291 4109 401 4163 καὶ
431 4106 630 4175 ὲνὸψει
657 4106 848 4170 τιθεὶς,
872 4107 1053 4160 δίδωσί
1077 4109 1259 4171 τιτοῖς
1283 4110 1601 4180 παιομένοις
1631 4111 1724 4164 καὶ
1756 4111 1889 4183 θρή-

293 4220 364 4272 νη
377 4217 483 4272 μα,
529 4199 624 4252 καὶ
654 4199 818 4251 οἱονεὶ
847 4198 1038 4269 γοερὸν
1073 4199 1379 4253 ἐκδιδάσκει
1413 4201 1574 4271 μέλος
1616 4204 1741 4266 τοὺς
1778 4205 1897 4260 666.-

294 4292 504 4362 ρεσθαι
540 4289 1030 4361 κεκελευσμένους,
1060 4291 1237 4344 ἐκεῖνό
1255 4308 1315 4345 τε
1348 4291 1530 4361 λέγειν
1556 4292 1738 4349 λοιπὸν
1768 4297 1896 4351 ἀναν

291 4382 512 4444 πείθει,
539 4382 623 4444 ὅτι
653 4399 670 4432 ι
695 4380 889 4444 Ἔθνος
929 4380 1100 4450 ἀνέὅη
1140 4381 1233 4434 ἐπὶ
1256 4380 1354 4452 τὴν
1384 4381 1489 4451 γῆν
1522 4399 1625 4452 μου
1675 4385 1894 4456 ἰσχυρὸν

287 4476 395 4530 καὶ
423 4475 800 4546 ἀναρίθμητον
819 4492 836 4505 ο
859 4495 877 4526 ι
910 4475 1004 4528 καὶ
1032 4475 1156 4528 ὅσον
1173 4475 1298 4544 ἥκει
1314 4477 1392 4539 εἰς
1419 4475 1648 4531 ὀδόντων
1672 4478 1878 4547 ἀκμὰς,

2005 3390 2053 3434 et
2071 3377 2296 3432 molares
2320 3377 2432 3444 ejus
2450 3385 2504 3428 ut
2529 3373 2692 3428 catuli
2718 3374 2908 3428 leonis.
2927 3373 3110 3430 Posuit
3170 3376 3371 3432 vineam
3421 3392 3592 3433 ruam

2004 3475 2060 3526 in
2101 3471 2524 3540 dissipationem,
2571 3479 2616 3520 et
2675 3467 2806 3536 ﬁcus
2852 3483 2995 3524 nicas
3033 3469 3088 3523 in
3141 3469 3587 3538 σοιιῙιάείὶοηουι,

2002 3574 2242 3618 seruiens
2265 3573 2529 3617 scrutatus
2585 3571 2658 3615 est
2718 3577 2855 3627 eam,
2901 3573 2949 3616 et
3000 3561 3588 3627 eradicavil,d¢albaoit

2003 3673 2176 3711 ramos
2196 3657 2328 3727 ejus.

2075 3747 2509 3802 VLCuntendcre
2529 3745 2710 3816 aliquo
2724 3747 2880 3798 modo
2897 3759 3020 3798 cum
3048 3743 3394 3807 eventis,sive
3411 3745 3590 3813 potius

2001 3856 2124 3894 cum
2158 3841 2242 3894 his
2273 3851 2391 3906 quae
2415 3847 2674 3892 eventura
2692 3845 3102 3903 exspectantur,
3147 3845 3202 3890 et
3227 3850 3289 3890 ex
3319 3836 3588 3905 [miniten-

2004 3934 2076 3986 tia
2098 3931 2280 3985 ﬂetum
2310 3929 2508 3986 elicere
2527 3928 2772 3999 cupiens,
2809 3917 3055 3982 minutim
3115 3927 3292 3982 futura
3344 3937 3586 3991 enarrat,

2002 4031 2054 4076 et
2079 4035 2260 4075 rerum
2309 4020 2681 4075 tristiﬁcarum
2735 4020 3011 4074 incursum
3063 4021 3448 4088 propemodum
3485 4021 3588 4074 sub

2002 4123 2276 4182 aspectum
2312 4111 2630 4179 subiiciens,
2666 4112 2732 4165 iis
2763 4110 2856 4179 qui
2910 4109 3204 4164 multantur
3291 4112 3586 4165 Iumentum

2002 4205 2327 4273 suppeditat,
2351 4211 2407 4256 et
2437 4216 2573 4271 quos
2599 4202 2665 4256 ad
2701 4200 3020 4270 plorandum
3050 4201 3325 4265 invitarat,
3372 4216 3469 4256 eos
3496 4201 3584 4256 luo

1999 4295 2168 4364 gubre
2193 4306 2414 4346 carmen
2449 4293 2628 4356 docet,
2653 4291 2795 4361 quod
2823 4291 2876 4346 in
2913 4300 3189 4361 posterum
3215 4307 3477 4362 usurpare
3491 4308 3588 4349 vo-

1999 4386 2154 4441 cibus
2177 4385 2447 4440 hortatur.
2485 4402 2506 4435 ι
2541 4383 2686 4440 Gens
2717 4384 2961 4440 ascendit
2991 4399 3156 4453 super
3179 4393 3381 4440 terram
3410 4402 3586 4442 meant

1999 4477 2156 4533 l‘ortis
2180 4484 2239 4530 et
2264 4474 2696 4543 innumerabilis,
2737 4494 2756 4529 ι
2790 4491 3020 4547 quaeque
3045 4477 3288 4532 dentium
3303 4479 3441 4542 acie,
3474 4481 3585 4535 leo-

285 4567 486 4621 λέουσί
525 4583 582 4620 τε
621 4568 716 4620 καὶ
760 4569 1024 4638 σκύμνοις
1067 4567 1226 4635 ὀλίγα
1275 4572 1616 4639 παραχωρεῖ.
1657 4569 1887 4642 Ἀληθὲς

2010 4569 2159 4622 nibus
2177 4575 2236 4623 et
2255 4567 2450 4622 catulis
2473 4566 2688 4622 leonum
2714 4582 2906 4635 parum
2935 4567 3206 4623 concedit.
3261 4567 3455 4622 Verum
3482 4569 3584 4624 hoc

291 4662 403 4732 μὲν
432 4655 526 4714 οὖν
551 4660 611 4712 τὸ
643 4659 854 4731 χρῆμα,
897 4660 1003 4713 κᾶν
1042 4661 1090 4712 εί
1119 4660 1212 4712 ἐπὶ
1251 4660 1470 4732 ἀκρξδος
1500 4662 1666 4732 τυχὸν
1692 4667 1886 4726 νοοῖτο,

2010 4665 2100 4721 2st,
2126 4658 2376 4727 quamvis
2395 4657 2462 4713 de
2487 4657 2694 4713 locusta
2714 4659 2882 4722 forte,
2912 4671 2977 4712 ec
2998 4661 3064 4714 de
3085 4658 3314 4722 brucbo,
3338 4667 3393 4712 et
3417 4673 3584 4715 eruca

288 4753 538 4825 βρούχου
586 4770 646 4805 τε
687 4753 783 4805 καὶ
833 4753 1083 4822 κάμπης.
1130 4752 1378 4821 Ἀμαχον
1429 4751 1540 4822 γὰρ
1583 4754 1646 4806 τὸ
1700 4755 1892 4825 χρῆμά

284 4847 443 4904 ἐστι,
468 4844 562 4896 καὶ
589 4843 1030 4912 ἀκαταγωνιστος
1061 4843 1258 4915 κομιδῇ
1295 4843 1404 4898 τῶν
1433 4844 1694 4900 τοιούτων
1735 4849 1768 4915 ὴ
1804 4847 1893 4914 εφ-

283 4937 445 5000 οδος,
468 4930 623 5004 ἱκανή
653 4952 713 4987 τε
738 4935 906 5006 ἄρδην
933 4937 1281 4990 ἀπολέσαιτά
1308 4937 1366 4989 ὲν
1397 4939 1606 5009 ἀγροῖς,
1639 4937 1891 5009 καρπούς

279 5048 379 5094 τε,
424 5029 604 5098 φημὶ,
663 5029 759 5080 καὶ
807 5031 978 5083 πόαν·
1037 5029 1402 5100 καταφθεῖραί
1457 5047 1516 5085 τε
1577 5034 1751 5096 συκᾶς
1799 5034 1895 5084 καὶ

281 5119 608 5190 ιιμπὲλους,
647 5119 807 5190 ψιλὴν
846 5121 900 5173 δὲ
945 5123 1039 5175 καὶ
1085 5123 1295 5193 ἀκαλλῆ
1329 5124 1427 5192 τῆς
1476 5123 1718 5194 ἀρούρας
1752 5125 1890 5177 ἀπο-

281 5212 467 5281 φῆναι
505 5212 606 5280 τὴν
630 5210 773 5273 ὄψιν.
806 5213 869 5264 Εἰ
894 5211 949 5265 δὲ
978 5213 1042 5284 δὴ
1070 5215 1454 5284 περιτρέπωτο
1478 5215 1642 5268 πάλιν
1677 5217 1706 5268 6
1729 5215 1888 5282 λόγος

286 5305 380 5366 εἰς
399 5303 499 5372 τὴν
518 5301 628 5354 τῶν
653 5301 1084 5373 πεπορθηκότων
1109 5304 1526 5375 ἀπανθρωπίαν,
1551 5306 1646 5358 καὶ
1669 5305 1887 5376 ὁλοτελῆ

282 5395 400 5464 τῆς
432 5391 617 5462 χώρας
648 5394 951 5463 ἐρήμωσιν,
981 5393 1306 5464 ὑποφήνειεν
1336 5394 1402 5446 ἂν
1441 5393 1625 5462 ἕτερον
1653 5391 1825 5458 οὐδὲν,
1853 5393 1885 5464 ἢ

281 5489 382 5540 ὅτι
409 5487 557 5540 πᾶσα
583 5487 679 5555 μὲν
704 5486 890 5548 αὐτοῖς
917 5485 1194 5539 ἀπόλωλεν
1224 5487 1258 5554 ἡ
1288 5484 1460 5553 χώρα,
1489 5481 1888 5552 δεδαπάνηνται

276 5579 346 5632 δὲ
398 5579 492 5630 καὶ
529 5581 578 5631 οἱ
633 5577 966 5648 προύχοντες
1029 5579 1160 5646 παρ’
1213 5576 1437 5637 αὐτοῖς,
1494 5573 1620 5644 δόξῃ
1670 5591 1727 5626 τε
1793 5578 1888 5629 καὶ

279 5669 518 5738 ’πλούτῳ
541 5669 599 5722 τὸ
627 5671 734 5722 τῶν
763 5671 1030 5738 ἀγελαεων
1057 5669 1416 5739 ὑπερθέοντες
1448 5668 1646 5737 μέτρον
1683 5669 1700 5736 (
1723 5667 1798 5730 ὡς
1829 5671 1887 5720 ἐν

274 5759 452 5824 τάξει
499 5760 735 5814 νοεῖσθαι
779 5761 953 5830 συκῆς
995 5779 1054 5813 τε
1101 5760 1194 5813 καὶ
1226 5758 1528 5830 ἀμπέλου),
1572 5760 1710 5829 πλὴν
1753 5759 1886 5812 ὑπο-

372 5935 418 5966 ⁸⁸
459 5935 643 5990 Mulli].
689 5953 732 6002 γ,
779 5937 831 5992 5.

909 5937 951 5966 ⁵³
989 5934 1129 5989 Psal.
1170 5952 1240 5999 vt,
1279 5937 1330 5990 6.
1360 5937 1401 5967 ⁶⁰
1426 5934 1568 5991 Psai.
1612 5951 1760 5999 exui,
1807 5936 1983 6002 l7,18.

1991 4752 2326 4820 accipiatur;
2354 4749 2649 4820 expugnari
2674 4750 2940 4818 siquidem
2973 4761 3266 4819 nequeunt,
3293 4758 3346 4803 et
3395 4764 3583 4805 eorum

1991 4842 2277 4912 impressio
2304 4859 2523 4912 prorsus
2549 4850 2634 4896 est
2667 4841 3050 4909 insuperabilis
3083 4851 3246 4911 atque
3272 4842 3551 4910 adperdeu

1993 4937 2090 4990 das
2122 4936 2263 4991 ruris
2290 4935 2718 5004 opesuniversas
2742 4934 2958 5001 sullicit,
2987 4935 3051 4986 ad
3085 4932 3301 4987 fructus
3352 4942 3406 4986 et
3457 4934 3582 4988 her-

1995 5027 2113 5092 bas,
2145 5027 2388 5096 inquam,
2409 5036 2462 5082 et
2497 5027 2563 5080 ad
2618 5027 2772 5091 licus,
2822 5027 3071 5095 vitesque
3127 5026 3578 5094 corrumpendae.

1997 5119 2064 5171 ad
2118 5118 2422 5172 nudandam
2485 5118 2716 5187 denique
2761 5127 2816 5172 et
2870 5117 3278 5172 deformandatn
3326 5129 3578 5185 agrorum

1993 5209 2207 5264 facient.
2271 5210 2424 5275 Quod
2480 5211 2525 5265 si
2581 5208 2745 5264 verba
2795 5209 3073 5276 prophetae
3117 5207 3184 5259 ad
3237 5217 3577 5261 vastatorum

1993 5300 2368 5356 crudelitatem
2402 5310 2456 5356 et
2485 5317 2752 5358 summam
2781 5300 3016 5369 regionis
3050 5299 3392 5356 solitudinem
3417 5316 3576 5357 revo—

1994 5409 2197 5456 cemus,
2242 5394 2386 5447 aliud
2419 5394 2547 5448 nihil
2585 5392 3026 5454 subindicabunt,
3094 5407 3254 5462 quam
3309 5394 3402 5458 toti
3451 5409 3578 5462 pro-

1993 5488 2185 5542 vincia:
2224 5485 2518 5555 perniciem
2556 5502 2652 5540 eos
2711 5483 2978 5549 attulisse,
3009 5494 3061 5540 et
3123 5487 3388 5555 primores
3449 5501 3576 5541 con-

1992 5590 2237 5649 sumptos
2266 5594 2408 5634 esse.
2443 5578 2544 5645 Qui
2581 5590 2887 5646 quanquam
2918 5577 3085 5646 gloria
3129 5587 3183 5633 et
3208 5579 3414 5633 divitiis
3472 5576 3575 5642 plc-

1992 5671 2235 5725 beiorum
2274 5671 2548 5725 modulum
2583 5671 2909 5726 excederent
2929 5671 3008 5742 (ut
3040 5680 3297 5739 utrosque
3320 5684 3416 5736 per
3440 5665 3570 5718 licus

1993 5771 2046 5814 et
2070 5765 2201 5817 vites
2221 5760 2626 5834 intelligamus),
2649 5755 3575 5844 niltilominuscmarceredebuisse.
