4034 6270
351 498 440 557 3M
1209 486 1711 547 COMMENTARIU
1724 486 1762 542 S
1798 485 1866 543 lN
1899 487 1914 544 J

2016 489 2167 547 1.5M
2205 483 2650 548 PROPHETAM.

3477 470 3583 535 342

353 617 542 677 νεικοῦν
572 614 669 671 καὶ
714 612 1046 686 ἁμιλλᾶσθαι
1077 612 1399 680 σπουδάζον,
1435 612 1511 674 ὡς
1545 613 1904 685 ίσοστάθμους

2016 617 2313 683 contendat,
2348 624 2403 672 et
2452 623 2667 672 certare
2698 611 2959 674 studeat,
3001 617 3063 664 ut
3092 603 3304 664 dolores
3348 596 3583 671 peccatis

352 714 452 777 ¹ιοῖς
489 706 898 782 ἡμαρτημένοις
951 704 1224 759 ποιεῖσθαι
1269 706 1398 768 τοὺς
1436 705 1651 769 πόνους.
1674 704 1823 758 Φιλεῖ
1843 705 1901 759 δέ

353 819 455 865 πως
486 799 786 872 ἀρτίγαμος
814 797 951 869 κόρη
981 795 1342 866 κατοιμώζειν
1364 795 1503 865 ἄγαν
1523 798 1601 861 είς
1629 796 1904 851 τεθνεῶτα

353 891 557 965 νυμφίον
582 931 599 957 ,
641 890 737 945 καὶ
777 886 1032 960 δριμείας
1093 886 1432 957 εἰσδέχεσθαι
1497 887 1599 951 τὰς
1640 888 1734 941 ἐπὶ
1765 886 1901 958 τῷδε

352 983 528 1047 λύπας,
559 981 637 1044 ὡς
664 976 949 1040 νουθεσίας
994 975 1256 1030 ἐπέκεινα
1292 973 1536 1031 τίθεσθαι
1571 975 1670 1047 τὴν
1709 974 1901 1047 φρένα,

354 1077 440 1130 καὶ
471 1073 664 1146 μηδένα
683 1069 885 1142 τρόπον
908 1068 1048 1140 αὐτῇ
1073 1069 1170 1123 τοῦ
1194 1069 1390 1141 χρῆναι
1424 1067 1643 1123 πενθεῖν
1668 1066 1905 1135 ἐπαξίως

352 1165 656 1237 ἀποχρῶντα
687 1158 829 1217 εἶναι
863 1163 1042 1217 δοκεῖν
1066 1179 1080 1194 ·
1113 1161 1301 1233 χρῆμα
1326 1159 1437 1233 γὰρ
1468 1160 1530 1214 τὸ
1555 1159 1784 1232 θηλειῶν
1812 1178 1904 1231 φι-

345 1257 556 1328 λᾶδακρυ
586 1256 685 1309 καὶ
715 1252 1037 1324 φιλοπενθὲς
1082 1252 1547 1324 ὁμολογουμένως,
1587 1252 1820 1324 μάλιστα
1849 1252 1908 1307 δὲ

340 1348 439 1402 τῶν
470 1347 645 1403 ἄλλων
676 1347 707 1418 ἡ
742 1345 1072 1419 παρθενικόν
1097 1362 1157 1401 τε
1188 1345 1283 1399 καὶ
1323 1343 1527 1415 ἔφηϐον
1557 1344 1741 1416 ὁρῶσα
1768 1362 1906 1417 νυμ-

342 1440 452 1509 φίον
476 1438 709 1512 οἰκτρῶς
733 1439 792 1491 ὲν
824 1438 1009 1499 εὐναῖς
1038 1437 1232 1506 νεκρόν
1264 1452 1325 1489 τε
1364 1436 1457 1490 καὶ
1486 1436 1691 1491 ἄπνουν
1718 1436 1908 1507 κείμε-

337 1546 440 1582 νον.
479 1522 557 1600 ᾞ
602 1528 671 1598 δὴ
721 1524 1151 1598 παρεικάζεσθαι
1190 1524 1305 1577 δεῖν
1336 1524 1437 1595 τὴν
1485 1524 1594 1578 τῶν
1639 1525 1909 1580 Ἰουδαίων

340 1621 539 1693 πληθὺν
561 1618 622 1674 εὖ
652 1618 797 1689 μάλα
820 1618 1001 1688 φησὶν,
1025 1615 1428 1687 ἀποκρούεσθαι
1446 1635 1505 1670 τε
1534 1617 1604 1672 τὰ
1631 1618 1691 1686 ἐξ
1716 1618 1906 1691 ὀργῆς,

344 1713 434 1765 καὶ
456 1704 563 1765 οἷον
592 1709 818 1782 ἄσχετον
846 1710 930 1762 ἐπ’
957 1710 1154 1772 αὐτοὺς
1185 1708 1371 1762 ἰοῦσαν
1408 1711 1524 1773 τοῖς
1566 1708 1783 1781 θρήνοις
1810 1711 1910 1779 τὴν

346 1802 492 1856 θείαν
520 1802 733 1872 κίνησιν
759 1800 1102 1866 ἀνακόπτειν,
1130 1799 1539 1872 τεθαρρηκότας
1562 1801 1643 1854 ὅτι
1677 1799 1911 1871 χρηστὸς

350 1897 440 1950 καὶ
479 1895 728 1965 ἐπιεικὴς
751 1895 779 1947 ὁ
825 1892 933 1948 τῶν
970 1893 1108 1946 ὅλων
1156 1892 1276 1946 ἐστὶ
1326 1892 1627 1965 Δεσπότης,
1672 1912 1690 1945 ι
1723 1893 1913 1962 φιλάν-

2007 707 2314 762 commissis
2360 705 2716 781 proportione
2755 698 3145 772 respondeant.
3196 691 3349 750 Solet
3400 695 3582 743 autem

2003 796 2177 869 puella
2208 812 2343 850 nova
2374 804 2536 864 nupta
2563 794 2821 863 majorem
2855 791 2908 845 in
2933 788 3151 847 modum
3199 782 3404 852 ejulare
3444 790 3574 869 pro-

2003 863 2124 953 pter
2160 891 2426 936 mortuum
2451 896 2707 950 sponsum
2741 893 2920 943 suum,
2949 887 3005 932 et
3041 875 3158 945 ejus
3183 884 3346 929 causa
3385 863 3584 921 acerbo

2005 970 2059 1026 in
2091 985 2324 1027 mmrore
2367 970 2594 1033 versari,
2656 977 2712 1024 ut
2759 967 2973 1022 animus
3001 978 3214 1019 onmem
3258 957 3583 1015 medicinam

2005 1070 2246 1132 respuat,
2288 1076 2387 1117 nec
2415 1060 2554 1116 ullus
2581 1062 2629 1117 ei
2666 1060 2844 1115 luctus
2873 1056 3007 1113 satis
3037 1069 3265 1124 magnus
3285 1061 3339 1107 et
3361 1050 3586 1105 idoneus

2005 1154 2271 1210 videatur.
2328 1152 2568 1208 Feminae
2622 1150 2893 1222 siquidem
2951 1146 3221 1217 lacrymas
3276 1149 3332 1195 et
3379 1140 3584 1194 luctum

2006 1254 2188 1300 amant
2233 1243 2599 1301 communiter
2632 1281 2648 1307 ,
2706 1237 3007 1311 prtesertim
3063 1249 3183 1306 quae
3222 1231 3540 1300 virgineum
3567 1268 3584 1294 ,

2008 1351 2128 1400 seu,
2162 1335 2246 1390 cui
2275 1336 2389 1407 ipsa
2425 1334 2601 1389 adhuc
2625 1336 2780 1404 virgo
2828 1330 3029 1399 nupsit,
3074 1334 3130 1383 et
3159 1321 3448 1393 ephebum,
3485 1334 3582 1373 seu

2009 1427 2403 1484 adolescentem
2444 1425 2700 1480 maritum
2727 1420 3112 1477 miserabiliter
3160 1416 3215 1470 iu
3256 1424 3376 1469 toro
3430 1425 3577 1465 mor-

2011 1530 2160 1576 tuum
2185 1531 2240 1576 et
2273 1518 2580 1575 exanimem
2624 1517 2899 1587 iacentem
2927 1512 3141 1582 aspicit.
3176 1508 3312 1564 lluic
3353 1502 3585 1562 similem

2009 1613 2125 1669 ﬁeri
2151 1611 2458 1668 Judaeorum
2490 1608 2746 1680 populum
2781 1613 3032 1678 oportere
3084 1602 3182 1670 ait,
3217 1610 3273 1658 et
3316 1599 3392 1679 ita
3436 1611 3587 1652 amo-

2011 1704 2120 1771 liri,
2159 1719 2279 1774 qua:
2305 1719 2372 1758 es
2416 1702 2497 1756 ira
2545 1699 2757 1757 caelesti
2799 1695 3088 1752 metuenda
3140 1694 3271 1760 sint,
3332 1706 3397 1746 ac
3442 1687 3590 1743 velut
3686 1724 3693 1731 .

2012 1793 2374 1852 inevitabilem
2414 1793 2762 1862 ipsorumque
2814 1786 3122 1845 cervicibus
3172 1782 3436 1838 divinitus
3482 1780 3589 1833 im-

2012 1887 2336 1958 pendentem
2364 1885 2623 1955 impetum
2650 1882 2906 1938 lamentis
2958 1876 3274 1948 reprimere,
3321 1871 3584 1937 conlisos,

350 1989 578 2058 θρωπος,
611 1952 1041 2050 καῖπολυέλεος,
1075 1985 1172 2039 καὶ
1215 1985 1492 2057 μετανοῶν
1666 1952 1786 2049 ταῖς
1821 2002 1910 2038 κα-

2017 1980 2141 2052 quia
2180 1978 2425 2035 clemens
2452 1992 2518 2033 ac
2581 1975 2730 2033 mitis
2764 1983 2849 2031 est
2889 1972 3268 2028 universorum
3305 1962 3591 2030 Dominus,

347 2077 507 2144 κίαις,
571 2076 710 2132 κατά
742 2075 803 2130 τὸ
833 2074 1045 2146 γένος..

409 2250 554 2323 Πλὴν
592 2251 655 2306 οὐ
703 2251 1044 2324 τεθρήνηκεν
1090 2253 1124 2322 ή
1161 2252 1271 2307 τῶν
1304 2251 1576 2308 Ἰουδαίων
1612 2252 1913 2326 Συναγωγὴ

332 2337 424 2391 τὸν
453 2336 514 2403 ἐξ
552 2338 783 2410 οὐρανοῦ
826 2340 1081 2410 νυμφίον,
1116 2340 1261 2394 τοῦτ’
1294 2340 1413 2395 ἔστι
1456 2342 1713 2413 Χριστόν.
1760 2343 1913 2414 Αὕτη

329 2427 440 2499 γάρ
460 2429 770 2495 ἀπέκτεινε,
794 2432 889 2484 καὶ
912 2431 1308 2505 πεπαρῴνηκεν
1328 2436 1406 2498 είς
1428 2434 1609 2490 αὐτόν.
1624 2435 1912 2507 Τοιγάρτοι

327 2520 439 2573 τῶν
470 2520 631 2578 θείων
669 2522 918 2597 εἴργεται
962 2524 1204 2587 παστῶν,
1230 2522 1335 2589 ἔξω
1366 2542 1426 2578 τε
1453 2525 1562 2579 τῶν
1605 2526 1767 2598 ίερῶν
1798 2528 1913 2582 ἐστι

330 2611 547 2682 γάμων,
566 2613 662 2667 καὶ
691 2612 794 2683 τῆς
819 2615 1014 2685 ἑορτῆς
1048 2616 1316 2688 ἀμέτοχος
1344 2617 1648 2684 παντελῶς,
1674 2618 1913 2691 ἀποκλη-

337 2704 429 2775 ρός
452 2720 514 2756 τε
546 2707 642 2758 καὶ
666 2705 1051 2779 ἀπεῤῥιμμένη
1086 2707 1305 2773 λοιπὸν,
1338 2711 1433 2763 καὶ
1464 2709 1564 2779 τῆς
1609 2711 1718 2765 τῶν
1744 2712 1913 2781 ἁγίων

338 2796 556 2859 ἐλπίδος
580 2796 656 2858 ὡς
693 2796 970 2852 άποτάτω.
1001 2799 1363 2871 Είσκὲκληται
1401 2802 1458 2856 δὲ
1487 2804 1599 2856 ἀντ’
1638 2804 1850 2877 ἐκείνης
1878 2808 1911 2877 ή

337 2889 438 2942 νέα
476 2889 571 2942 καὶ
611 2890 962 2962 ἀρυτίδωτος,
993 2892 1026 2961 ἡ
1076 2889 1369 2960 πάναγνος,
1405 2894 1500 2946 καὶ
1533 2893 1692 2966 σοφὴ,
1730 2896 1824 2949 καὶ
1851 2897 1915 2950 ὲκ

332 2982 574 3037 Λιϐάνου
606 2982 815 3053 νύμφη,
850 2983 987 3055 καλή
1020 3001 1079 3036 τε
1114 2985 1426 3056 περιστερὰ,
1461 2987 1758 3053 τουτέστιν,
1792 2990 1825 3060 ἡ
1856 2989 1916 3056 ἐξ

327 3073 510 3128 ἐθνῶν
545 3074 865 3145 Ἐκκλησία,
903 3076 935 3143 ἡ
978 3077 1073 3130 καὶ
1105 3076 1238 3130 αὐτὸ
1280 3076 1342 3130 τὸ
1383 3077 1554 3142 πάθος
1582 3077 1917 3149 ὁμολογοῦσα

323 3165 596 3235 Χριστοῦ,
629 3168 910 3239 μονονουχὶ
935 3168 992 3222 δὲ
1030 3169 1125 3223 καὶ
1152 3170 1239 3223 ἐπ’
1268 3168 1417 3240 αύτῷ
1449 3170 1709 3224 κλαίουσα
1742 3171 1830 3226 διὰ
1858 3172 1918 3227 τὸ

321 3257 678 3328 συμπάσχειν
710 3260 802 3313 καὶ
833 3259 1071 3328 πενθεῖν,
1096 3261 1274 3332 αἴρειν
1303 3280 1363 3319 τε
1386 3262 1478 3316 τὸν
1506 3263 1637 3317 ῐδιον
1677 3264 1914 3337 σταυρὸν

318 3353 419 3406 καὶ
440 3352 766 3408 ἀκολουθεῖν
794 3355 965 3427 αὐτῷ,
1001 3356 1094 3409 καὶ
1137 3356 1227 3411 διὰ
1264 3356 1373 3412 τῶν
1403 3357 1534 3412 ἴσων
1575 3358 1712 3415 ἰέναι
1742 3360 1917 3430 φιλεῖν

314 3445 410 3499 διά
433 3463 525 3500 τοι
558 3445 656 3517 τὴν
689 3447 769 3511 εἰς
796 3448 958 3502 αὑτὸν
989 3450 1236 3520 ἀγάπην.
1266 3452 1603 3523 Παρθενικὺς
1635 3452 1693 3507 δὲ
1719 3455 1749 3506 ὁ
1780 3472 1919 3526 νυμ-

317 3538 447 3606 φίος
480 3538 646 3591 νοοῖτ⁹
676 3537 742 3592 ἂν
771 3540 939 3611 αὐτῆς
970 3541 998 3592 ὁ
1033 3542 1381 3615 Ἐμμανουήλ
1409 3544 1628 3614 (καίτοι
1655 3545 1920 3617 δοκούσης

316 3628 753 3699 μεμοιχεῦσθαι,
775 3633 871 3686 καὶ
889 3631 969 3703 τῷ
986 3634 1202 3703 Σατανᾷ
1218 3637 1669 3709 πεπορνευμένης
1694 3639 1836 3694 κατά
1852 3656 1919 3707 γε

314 3718 414 3772 τὸν
443 3719 549 3774 τοῦ
590 3720 895 3778 πλανᾶσθαι
918 3725 1164 3797 τρόπον),
1193 3728 1284 3783 διὰ
1312 3727 1411 3800 τὴν
1437 3730 1648 3786 ἄνωθεν
1681 3731 1917 3800 άναγέν-

2023 2089 2042 2121 ι
2090 2069 2382 2142 benignus,
2406 2077 2463 2126 et
2493 2068 2686 2123 multa!
2718 2061 3135 2130 misericordiae,
3181 2069 3238 2118 et
3262 2052 3591 2133 praestabilis

2018 2176 2183 2233 super
2209 2160 2416 2216 malitia
2451 2168 2647 2217 natura
2683 2172 2783 2214 sna
2814 2156 2883 2211 “.
2922 2174 2943 2210 ι

2092 2253 2575 2310 Υθτυωεοὶιιινεω
2633 2264 2743 2306 non
2775 2247 2912 2305 luxit
2949 2243 3259 2305 Iudaeorum
3309 2239 3592 2312 Synagoga

2019 2358 2278 2415 sponsum
2327 2341 2627 2407 ctelestem,
2658 2339 2763 2396 hoc
2811 2345 2895 2394 est
2936 2333 3248 2397 Christum,
3284 2345 3443 2398 quem
3478 2332 3601 2397 ipsa.

2020 2435 2296 2494 interemit
2367 2443 2423 2489 et
2498 2429 2891 2490 contumeliose
2969 2426 3177 2485 habuit.
3231 2419 3592 2491 Quamobrem

2018 2544 2047 2584 a
2070 2528 2254 2583 divino
2284 2522 2524 2580 thalamo
2551 2531 2772 2579 arcetur
2793 2560 2812 2588 ,
2858 2528 2913 2576 et
2945 2518 3119 2576 sacris
3162 2514 3365 2587 nuptiis
3404 2509 3596 2567 exclu-

2020 2622 2188 2686 ditur,
2234 2627 2290 2675 et
2326 2611 2446 2673 fes'ti
2473 2630 2667 2685 expers
2689 2622 2746 2668 et
2777 2613 3025 2668 exheres
3078 2617 3181 2672 est,
3226 2604 3472 2676 projecta
3523 2599 3601 2654 de

2020 2722 2237 2778 cretero,
2276 2718 2437 2780 atque
2471 2723 2503 2763 a
2550 2714 2862 2763 sanctorum
2912 2717 3009 2774 spe
3048 2696 3442 2756 remotissima.
3486 2691 3595 2747 Vo-

2019 2814 2140 2860 cata
2161 2812 2245 2859 est
2261 2811 2442 2857 autem
2475 2799 2619 2855 intro
2635 2798 2688 2853 in
2714 2797 2891 2853 locum
2911 2797 3029 2867 eius
3057 2790 3144 2846 illa
3167 2780 3594 2848 adolescentula,

2022 2908 2197 2963 nuper
2229 2902 2376 2956 nata,
2418 2888 2508 2945 illa
2540 2886 2873 2951 castissima,
2903 2893 2960 2940 et
2980 2882 3297 2954 sapiens,et
3329 2888 3526 2949 sponsa
3562 2887 3594 2927 a

2022 2984 2252 3050 Libano,
2285 2982 2554 3048 columba,
2594 2979 2843 3050 pulchra,
2870 2989 3064 3047 nempe
3095 2969 3335 3029 Ecclesia
3359 2982 3427 3024 ex
3456 2980 3594 3038 gen-

2024 3079 2190 3144 tibus,
2219 3089 2338 3147 qum
2373 3077 2546 3145 ipsam
2585 3070 2785 3129 Christi
2840 3068 3151 3140 passionem
3188 3060 3504 3124 conﬁtetur,
3541 3064 3599 3112 et

2024 3178 2233 3224 tantum
2266 3182 2372 3221 non
2408 3164 2676 3232 deplorat,
2712 3160 2838 3229 quia
2864 3156 3211 3229 compatitur,
3253 3160 3308 3208 et
3343 3150 3508 3219 luget,
3542 3153 3598 3201 et

2025 3257 2162 3313 tollit
2199 3269 2417 3311 crucem
2446 3268 2623 3316 suam,
2669 3259 2727 3306 et
2757 3249 2936 3319 ipsum
2986 3244 3257 3313 sequitur,
3303 3247 3359 3296 et
3400 3237 3593 3292 iisdem

1943 3307 1990 3373 ο
2021 3349 2274 3405 incedere
2322 3345 2566 3414 vestigiis
2611 3307 2955 3405 delectatur,
3003 3343 3222 3406 propter
3273 3329 3596 3386 cbaritatem

2018 3440 2215 3511 quain
2263 3438 2414 3492 illum
2464 3443 2570 3489 est.
2624 3431 2912 3496 Virgineus
2961 3433 3141 3481 autem
3193 3434 3426 3493 sponsus
3480 3417 3600 3488 ejus

2024 3509 2252 3600 intelligi
2278 3533 2458 3599 potest
2495 3520 2813 3580 Emmanuel
2851 3519 3000 3593 (licet
3055 3514 3321 3572 adulterio
3367 3509 3597 3580 polluta,

2020 3632 2075 3678 et
2108 3636 2230 3677 cum
2258 3618 2458 3675 Satana
2497 3615 2765 3671 fornicata
2818 3609 3114 3667 secundum
3141 3604 3408 3659 rationem
3445 3613 3597 3653 erro-

2022 3714 2100 3770 ris
2126 3713 2209 3769 sui
2237 3712 2533 3775 videatur),
2562 3712 2786 3774 propter
2810 3713 3102 3771 supernam
3135 3692 3598 3765 regenerationem

315 3827 511 3880 νησιν,
551 3810 620 3883 ἢν
652 3810 740 3867 διὰ
768 3812 862 3867 τοῦ
908 3787 1227 3888 Πνεύματος
1273 3787 1772 3893 πεπλουτήκαμεν,
1800 3787 1914 3893 ’τὴν

2020 3824 2129 3881 qua
2159 3821 2254 3877 per
2293 3802 2559 3874 Spiritum
2587 3797 2743 3854 dilati
2794 3807 3010 3856 sumus,
3059 3787 3331 3846 carnalem
3358 3798 3592 3852 genera-

317 3899 609 3972 σαρκικὴν
633 3902 979 3974 ἀρνούμενοι.
1002 3905 1319 3975 Γέγραπται
1336 3909 1447 3979 γὰρ
1481 3909 1612 3980 περὶ
1635 3908 1876 3982 Χριστοῦ
1902 3927 1917 3942 ·

322 4010 343 4041 ι
371 3990 472 4055 Εἰς
510 3989 583 4043 τὰ
613 3992 719 4046 ῐδια
739 3989 894 4064 ἦλθε,
929 3996 1025 4049 καὶ
1053 3999 1102 4050 οῖ
1130 3999 1256 4053 ῖδιοι
1289 3999 1453 4054 αὐτὸν
1481 4001 1544 4054 οὐ
1588 4001 1917 4072 παρέλαϐον.

315 4080 495 4134 Ὅσοι
528 4081 588 4133 δὲ
616 4081 806 4137 ἔλαϐον
837 4085 1021 4151 αὑτὸν,
1050 4104 1069 4138 ι
1100 4090 1196 4142 καὶ
1227 4088 1294 4142 τὰ
1320 4089 1469 4160 ἑξῆς.

415 4257 716 4328 Ἐξῇρται
752 4259 935 4316 θυσία
964 4262 1064 4317 καί
1096 4262 1336 4332 σπονδὴ
1367 4264 1438 4329 ἐξ
1471 4264 1643 4320 οἴκου
1682 4269 1920 4336 Κυρίου.

317 4350 641 4417 Πενθεῖτε,
672 4355 725 4407 οἱ
748 4353 1240 4425 λειτουργοῦντες
1258 4357 1662 4426 θυσιαστηρίῳ
1683 4361 1921 4430 Κυρίου,

2025 3875 2227 3957 tionem
2259 3897 2616 3965 abnegantes.
2650 3887 2929 3958 Scriptum
2958 3890 3043 3938 est
3069 3880 3214 3936 enim
3244 3878 3312 3935 de
3341 3875 3597 3935 ChriSto:

2029 4011 2049 4046 ι
2091 3990 2147 4046 in
2209 3987 2432 4062 propria
2482 3984 2655 4052 venit,
2705 3992 2760 4039 et
2788 3979 2872 4036 sui
2923 3990 3047 4032 eum
3099 3988 3206 4030 non
3257 3977 3599 4041 receperunt.

2023 4082 2298 4152 Quotquot
2332 4087 2512 4135 autem
2542 4088 2666 4131 eum
2699 4076 3025 4141 receperunt
3070 4066 3137 4134 ⁸³,
3180 4083 3200 4118 ο
3249 4072 3303 4120 et
3338 4077 3458 4133 quae
3517 4075 3604 4115 se-

2024 4184 2289 4333 “gsner.
2314 4260 2479 4315 Vens.
2514 4259 2587 4324 9,
2623 4256 2712 4312 10.
2764 4254 3017 4309 Ablatum
3066 4259 3139 4304 est
3186 4246 3507 4316 sacriﬁcium
3554 4254 3623 4317 et.

2027 4355 2211 4409 libatio
2235 4353 2298 4408 de
2328 4352 2485 4407 domo
2531 4348 2767 4427 Domini.
2795 4345 3011 4418 Lugete,
3062 4341 3359 4398 sacerdotes
3388 4375 3407 4404 ,
3450 4336 3611 4392 mini-

318 4444 421 4499 ὅτι
464 4443 953 4512 τεταλαιπωρηκε
977 4445 1051 4500 τὰ
1092 4445 1288 4500 πεδία.
1315 4448 1610 4503 Πενθείτω
1633 4450 1671 4519 ἠ
1702 4449 1805 4520 γῆ,
1837 4451 1914 4506 ὅτι

2027 4454 2255 4501 strantcs
2291 4444 2452 4498 altari
2480 4441 2715 4507 Domini,
2738 4438 2992 4513 quoniam
3014 4434 3239 4490 desolati
3260 4441 3379 4487 sunt
3410 4429 3604 4497 campi.

317 4535 833 4605 τεταλαιπωρηκε
870 4536 1061 4604 σῖτος,
1098 4536 1398 4608 ἐξηράνθη
1442 4536 1629 4607 οἶνος,
1660 4540 1926 4612 ὼλιγώθη

314 4630 566 4685 ἔλαιον.
608 4629 1093 4700 Ἐξηράνθησαν.

401 4723 496 4775 H'.
530 4720 755 4791 Ὅμοιον
779 4724 856 4786 ὡς
888 4724 938 4776 εί
966 4722 1116 4791 λέγοι
1152 4723 1372 4792 σαφῶς·
1409 4724 1818 4778 Ἐκλελοίπασιν
1841 4726 1932 4778 εὑ-

320 4810 649 4882 χαριστίαι,
679 4812 773 4864 καῖ
800 4814 828 4865 ὁ
851 4811 1029 4866 θύσων
1050 4814 1131 4867 ἔτι
1166 4813 1445 4879 παντελῶς
1473 4816 1669 4880 οὐδεὶς,
1693 4817 1722 4871 ὁ
1756 4833 1928 4888 προσ-

2030 4536 2229 4609 Lugeat
2256 4545 2424 4599 terra,
2448 4534 2707 4605 quoniam
2731 4531 2994 4602 afﬂictum
3041 4537 3114 4581 est
3141 4525 3376 4579 triticum
3402 4538 3422 4589 ;
3465 4519 3608 4575 aruit

1959 4649 2001 4703 ι)
2032 4630 2207 4683 vinum
2233 4667 2249 4692 ,
2275 4626 2621 4681 imminutum
2647 4634 2721 4678 est
2748 4623 2941 4677 oleum.
2970 4617 3263 4673 Aruerunt.

2100 4717 2236 4773 Vlll.
2264 4717 2497 4773 Perinde
2544 4730 2609 4770 ac
2634 4715 2677 4770 si
2728 4714 2872 4768 dicat
2903 4707 3147 4780 apertius
3211 4722 3223 4758 :
3286 4701 3610 4758 Defeccrnnt

2026 4809 2327 4879 gratiarum
2374 4807 2644 4872 actiones,
2675 4814 2730 4861 et
2752 4804 2842 4873 qui
2867 4800 3042 4855 sacris
3064 4807 3353 4869 eperetur;
3390 4808 3613 4862 prorsus

322 4900 557 4972 κομιῶν
587 4901 864 4975 ἀνάθημα,
901 4906 997 4959 καὶ
1036 4905 1207 4978 ληῖων
1234 4907 1512 4978 ἀπαρχὰς,
1548 4908 1772 4981 δράγμα
1801 4886 1914 4961 -ποι

2026 4915 2185 4955 nemo
2212 4908 2296 4956 est
2326 4900 2589 4971 amplius,
2619 4897 2709 4967 qui
2745 4908 2903 4951 sacra
2931 4892 3071 4947 dona
3101 4888 3368 4945 oﬁeratet
3400 4886 3610 4955 frugum

322 4994 567 5055 πάντως
591 4992 652 5046 τὸ
680 4993 844 5065 ἱερὸν,
874 4998 955 5060 είς
987 4996 1244 5069 ἀπαρχὴν
1270 4997 1532 5070 θερισμοῦ
1570 4999 1760 5072 πυρῶν
1791 4999 1929 5053 ἁνα-

318 5085 631 5155 τιθέμενον
653 5084 731 5155 τῷ
761 5086 900 5156 Θεῷ,
927 5087 1069 5142 κατὰ
1094 5089 1186 5143 τὸν
1209 5090 1451 5154 Μωσέως
1486 5090 1670 5162 νόμον.
1706 5089 1928 5162 Πρωτό-

327 5177 480 5234 τοκά
518 5193 583 5230 τε
628 5175 697 5230 τὰ
732 5176 793 5242 ἐξ
820 5177 977 5249 ὡρῶν
1011 5180 1186 5243 οὐδεὶς
1221 5180 1250 5233 ὁ
1275 5180 1583 5253 καρτάλλῳ,
1619 5183 1805 5252 φησὶν,
1837 5182 1926 5234 ὲν-

2026 4994 2327 5064 primitias,
2371 4992 2709 5063 manipulum
2746 5030 2760 5055 ,
2802 4997 2952 5058 puta,
2986 5000 3085 5055 pro
3114 4981 3369 5054 primitiis
3418 4980 3612 5033 messi:-

2031 5082 2313 5148 frumenti,
2340 5084 2452 5139 Deo
2491 5082 2790 5139 secundum
2834 5078 3004 5149 legem
3050 5074 3250 5146 Moysis
3288 5086 3586 5128 consecrant

2034 5174 2182 5229 dum.
2220 5174 2331 5230 Nec
2361 5184 2445 5231 est
2475 5175 2568 5246 qui
2600 5174 2655 5229 in
2685 5172 2912 5228 cartallo
2946 5178 3133 5240 ponat,
3161 5165 3363 5235 quique
3409 5164 3585 5232 primo

319 5269 536 5334 τιθεῖς,
583 5269 678 5321 καὶ
712 5270 1077 5340 πορευόμενος
1113 5272 1193 5335 είς
1223 5268 1373 5326 οἷκον
1402 5272 1634 5342 Κυρίου,
1672 5272 1914 5326 ἀνάπτωι

2034 5265 2216 5331 genita
2253 5276 2537 5337 segreget,
2588 5274 2642 5320 et
2673 5264 2727 5318 in
2771 5264 2986 5317 domum
3017 5257 3232 5313 Domini
3265 5256 3491 5317 veniat,
3550 5267 3614 5306 ac

318 5359 385 5411 δὲ
419 5355 504 5427 τῷ
532 5356 652 5428 Θεῷ
696 5358 791 5411 καὶ
842 5357 985 5428 ᾠδάς
1022 5358 1123 5423 τὰς
1149 5360 1574 5432 χαριστηρίους,
1601 5360 1668 5424 ἃς
1708 5356 1775 5433 ἦν
1799 5364 1914 5431 ἀγο·

2016 5351 2130 5407 Deo
2159 5354 2350 5409 laudes
2378 5365 2675 5424 gratesque
2719 5348 3038 5421 persolvat,
3099 5356 3157 5399 ut
3197 5344 3425 5400 solebat.
3477 5344 3604 5397 Iden

323 5449 526 5521 ρεύειν
556 5449 737 5520 ἔργον.
770 5448 1040 5524 Ταύτῃτοι
1069 5430 1284 5505 πενθεῖν
1310 5430 1694 5505 τὸήάπόλεκτον
1722 5430 1909 5507 κελεύε

2033 5446 2218 5516 lugere
2252 5446 2408 5515 jubet
2449 5444 2685 5500 electum
2728 5455 2898 5512 genus
2923 5479 2939 5504 ,
2990 5437 3300 5495 sacerdotes
3352 5430 3559 5493 scilicet
3596 5452 3612 5497 ;

322 5541 523 5610 γένος,
554 5542 698 5613 φημὶ
720 5542 784 5614 δὴ
816 5543 943 5606 τοὺς
978 5542 1182 5613 ἱερέας,
1215 5543 1276 5596 ού
1300 5543 1604 5613 λημμάτων
1633 5544 1795 5598 ἕνεκα
1820 5545 1914 5600 δια¹

2031 5551 2138 5590 non
2171 5546 2231 5589 ut
2276 5535 2368 5604 qui
2412 5531 2730 5602 compendia
2784 5542 2880 5584 sua
2938 5527 3319 5599 perdiderint,
3370 5539 3603 5591 quorum

322 5631 741 5700 πονουμένους,
773 5613 891 5686 ἀλλ’
922 5632 997 5695 ὼς
1033 5632 1143 5685 τῶν
1182 5630 1290 5684 ὑπὸ
1321 5633 1477 5701 χεῖρα
1507 5630 1653 5686 λαῶν
1699 5632 1914 5704 ὐπερηλ

2034 5643 2200 5683 causa
2233 5623 2558 5689 laborarint,
2588 5623 2684 5680 sed
2736 5620 2926 5677 crediti
2955 5620 3136 5692 populi
3171 5620 3346 5674 vicem
3388 5613 3615 5669 nimium

323 5698 611 5792 γηκότας,
642 5720 736 5774 καὶ
773 5719 1125 5790 τεθειμένους
1170 5720 1249 5782 εἰς
1287 5698 1627 5790 λειτουργίαν
1653 5721 1751 5793 τὴν
1785 5698 1914 5795 [spat

2034 5728 2297 5788 quantum
2347 5715 2630 5782 dolentes,
2658 5722 2713 5770 ct
2757 5711 3038 5783 prmfcctos
3075 5709 3338 5767 obeundae
3375 5698 3613 5764 ῑῑιιινείλε

419 5891 473 5925 ⁸⁵
514 5890 632 5948 Jocl
691 5909 749 5960 ιι,
798 5893 882 5950 15.
961 5893 1007 5927 θ’
1063 5890 1283 5964 Joan.t,
1334 5892 1420 5963 ii,
1479 5894 1568 5949 12.
