4034 6270
380 415 487 471 365

1365 411 1423 469 S.
1464 410 1735 469 CYRILLI
1769 410 2239 468 ALEXANDRINI
2274 412 2594 471 ARCHIEP.

3518 417 3628 474 354

381 539 573 591 sacrae,
624 533 681 581 et
705 524 1051 590 admirandae,
1083 532 1140 578 ut
1193 532 1248 579 ct
1295 541 1406 595 pra:
1452 526 1574 583 aliis
1631 528 1732 599 ipsi
1774 528 1943 583 Deum

2051 546 2108 582 τε
2134 530 2229 584 καὶ
2262 526 2608 599 ἁξιάγαστον,
2645 528 2732 584 ἵνα
2760 528 2854 582 καὶ
2886 527 2993 601 πρό
3015 545 3078 598 γε
3110 528 3221 582 τῶν
3250 528 3424 583 ἀλλων
3470 529 3627 583 αὖτοὶ

382 617 751 680 reconcilient,
780 617 1061 687 ipsumque
1093 629 1371 680 sacrorum
1397 619 1695 675 antistitem
1721 618 1943 691 Moysen

382 709 660 781 imitentur
690 749 705 770 ,
740 707 830 781 qui
866 706 1120 781 lsraelem
1161 708 1321 773 rexit,
1364 721 1415 764 et
1444 710 1581 765 dixit
1619 731 1634 766 :
1684 728 1706 761 ι
1762 710 1943 766 Obse-

381 814 496 863 cro,
524 798 768 863 Domine,
803 799 1042 869 peccavit
1067 800 1155 853 hic
1180 801 1410 870 populus
1440 812 1723 870 peccatum
1774 801 1948 857 maxi-

384 904 577 956 mum;
627 898 682 942 et
712 890 756 944 si
801 889 1019 958 quidem
1052 889 1283 946 dimittis
1335 891 1444 947 illis
1496 902 1773 962 peccatum
1802 932 1819 957 ,
1861 893 1943 947 di-

381 982 532 1036 mitte
557 999 572 1049 ;
599 981 683 1035 sin
721 991 922 1049 autem,
950 981 1067 1036 dele
1102 997 1188 1037 me
1214 983 1281 1038 de
1310 983 1453 1038 libro
1482 993 1573 1039 tuo
1608 999 1772 1055 quem
1803 984 1945 1039 scri—

382 1072 533 1138 psisti
565 1073 634 1127 ".
694 1090 716 1126 ι
766 1071 1065 1143 interponit
1111 1074 1255 1129 enim
1289 1088 1348 1130 se
1395 1075 1757 1133 sacerdotium
1804 1074 1948 1129 inter

378 1164 547 1219 Deum
581 1170 636 1217 et
674 1162 968 1233 populum;
1005 1173 1058 1218 et
1088 1178 1182 1218 eos
1213 1164 1361 1235 ipsos
1415 1167 1506 1233 qui
1556 1165 1621 1217 ad
1672 1165 1939 1219 sacrificia

379 1250 624 1306 facienda
650 1252 883 1308 instituti
916 1264 1062 1317 sunt,
1099 1268 1222 1307 cum
1260 1255 1331 1309 sit
1357 1270 1550 1309 mmms
1603 1257 1736 1311 adeo
1780 1273 1944 1309 vene—

383 1341 576 1405 rabile,
602 1342 777 1406 decet,
804 1342 1019 1412 opinor,
1050 1357 1149 1398 nec
1175 1343 1372 1413 injuria
1404 1360 1537 1399 sane
1557 1385 1575 1410 ,
1608 1348 1943 1417 supplicandi

380 1431 620 1487 libertas.
662 1431 1052 1501 Propemodum
1101 1433 1243 1487 enim
1313 1449 1472 1503 supra
1530 1450 1720 1491 omnes
1779 1437 1943 1491 vitam

379 1537 531 1575 suam
568 1520 678 1577 Deo
701 1533 1044 1589 consecrant,
1093 1538 1191 1593 pro
1247 1526 1487 1595 peccatis
1540 1527 1806 1585 sacriﬁcia
1849 1546 1945 1585 eo-

380 1618 676 1672 medentes.
741 1616 831 1672 Sic
889 1618 1033 1681 enim
1085 1633 1182 1688 per
1214 1634 1277 1675 os
1340 1617 1493 1674 Osca:
1544 1615 1781 1688 loquitur
1827 1623 1947 1675 uni-

276 1708 284 1717 '
379 1704 654 1759 versitatis
692 1705 952 1761 Dominus
1005 1724 1020 1760 :
1058 1724 1075 1758 ι
1115 1705 1344 1761 Peccata
1391 1709 1573 1776 populi
1630 1709 1733 1764 mei
1774 1724 1951 1764 come-

379 1794 626 1861 clent,et
679 1795 731 1847 in
763 1794 1140 1863 iniquitatibus
1186 1810 1372 1850 eorum
1429 1797 1696 1868 accipient
1736 1800 1948 1855 animas

2052 614 2186 668 Θεὸν
2228 615 2700 686 ἐκμειλίσσωνται,
2723 617 2819 671 καὶ
2862 616 3027 670 αὑτὸν
3070 615 3127 669 δὲ
3159 617 3249 670 τὸν
3298 612 3626 691 ἱεροφάντην

2052 709 2416 778 ἀπομιμοῖντο
2448 708 2673 770 Μωσέα,
2708 708 3089 780 προεστηκότα
3108 707 3203 762 τοῦ
3257 709 3493 782 Ἰσραὴλ,
3531 712 3627 765 καὶ

2053 796 2171 868 Θεῷ
2195 799 2421 867 λέγοντα
2447 815 2460 828 ο
2510 819 2529 849 ι
2564 800 2796 871 Δέομαι,
2827 800 3034 871 Κύριε,
3065 801 3387 873 ἡμάρτηκεν
3429 803 3458 854 6
3497 802 3629 866 λαὸς

2052 881 2206 950 οὗτος
2254 888 2531 960 ἁμαρτίαν
2578 888 2843 959 μεγάλην,
2894 888 2989 943 καὶ
3038 889 3087 941 εί
3132 887 3231 959 μὲν
3264 889 3409 959 ἀφῇς
3440 888 3626 950 αὐτοῖς

2052 978 2151 1049 τὴν
2182 977 2476 1050 ἁμαρτίαν,
2520 979 2688 1048 ἄφες·
2736 981 2784 1034 εί
2815 979 2873 1034 δὲ
2903 980 3004 1052 μὴ,
3047 979 3327 1049 ἐξάλειψον
3365 977 3512 1049 κάμὲ
3561 979 3628 1032 ἐκ

1998 1078 2007 1089 ‘
2052 1069 2154 1138 τῆς
2187 1067 2368 1137 βίὸλου
2390 1068 2597 1142 ταύτης
2622 1065 2690 1143 ἧς
2721 1070 2984 1149 ἔγραψας,
3014 1090 3033 1123 ι
3068 1069 3358 1125 Μεσιτεύει
3385 1070 3498 1142 γὰρ
3525 1070 3627 1140 τῆς

2055 1157 2356 1229 ἱερωσύνης
2387 1158 2449 1211 τὸ
2501 1159 2692 1230 χρῆμα
2731 1160 2851 1231 Θεῷ
2896 1178 2956 1214 τε
3002 1160 3098 1214 καὶ
3142 1160 3329 1223 λαοῖςο
3374 1161 3469 1215 καὶ
3514 1164 3626 1224 τοῖς

2051 1250 2405 1321 τεταγμένοις
2436 1251 2515 1314 είς
2539 1250 2881 1323 λειτουργίαν
2916 1252 3016 1322 τὴν
3050 1251 3192 1307 οὕτω
3231 1251 3459 1324 creat-ripa,
3488 1251 3627 1323 πρέ-

2054 1358 2147 1397 ποι
2187 1343 2273 1396 ἀν.
2301 1339 2457 1414 οἶμαί
2495 1360 2621 1407 που,
2666 1345 2761 1397 καὶ
2791 1343 2937 1414 μάλα
2983 1344 3228 1408 εἰκότως,
3273 1346 3307 1414 ἡ
3347 1344 3407 1398 ἐν
3454 1344 3627 1408 λιταῖς

2055 1432 2357 1503 παρρησία.
2406 1433 2706 1501 Μονονουχὶ
2746 1432 2854 1502 γὰρ
2898 1434 2993 1487 καὶ
3046 1433 3183 1504 ὑπὲρ
3218 1435 3472 1488 ἁπάντων
3526 1434 3624 1504 τήν

2058 1524 2196 1577 ἰδίαν
2229 1523 2307 1594 τῷ
2339 1522 2459 1594 Θεῷ
2497 1519 2814 1593 καθιεροῦᾶι
2844 1522 3008 1594 ζωὴν,
3040 1523 3110 1575 τά
3144 1524 3284 1595 ὑπὲρ
3314 1526 3416 1587 τῆς
3446 1524 3619 1595 ἀμαρ-

2053 1616 2173 1678 τίας
2201 1614 2417 1687 θύματα
2445 1614 2737 1679 ἐσθίοντες.
2780 1614 2952 1668 Τοῦτο
2983 1615 3076 1668 καὶ
3117 1613 3205 1668 διὰ
3239 1615 3425 1686 φωνῆς
3468 1615 3624 1685 Ὠσηὲ

2054 1722 2223 1776 φησιν
2247 1708 2276 1759 ὁ
2315 1705 2426 1760 τῶν
2472 1705 2609 1760 ὅλων
2633 1705 2766 1769 Θεός
2787 1723 2801 1737 °
2829 1723 2849 1757 ι
2882 1705 3184 1777 Ἀμαρτίας
3220 1705 3351 1760 λαοῦ
3388 1723 3493 1776 μου
3528 1708 3629 1775 φά-

2054 1817 2263 1869 γονται,
2287 1800 2383 1854 καὶ
2408 1801 2464 1853 ἐν
2487 1801 2606 1863 ταῖς
2629 1798 2866 1862 ἀδικίαις
2891 1798 3071 1851 αὐτῶν
3099 1799 3360 1870 λήψονται
3388 1800 3489 1863 τὰς
3527 1798 3628 1868 ψυ-

380 1900 568 1943 eorum
599 1884 666 1940 ⁸⁸.
701 1904 720 1937 ι
761 1885 964 1940 Sensus
990 1893 1110 1951 est,
1152 1900 1273 1940 cum
1334 1888 1561 1957 populus
1602 1888 1775 1959 legem
1828 1891 1948 1946 vio-

2051 1893 2153 1963 κάς
2185 1888 2386 1958 αὖτῶν,
2419 1909 2439 1943 ι
2468 1890 2765 1956 τουτέστιν,
2796 1891 2924 1944 ὅταν
2950 1891 3198 1953 ἀδικῶσι,
3236 1891 3298 1944 τὸ
3324 1890 3520 1944 δοκοῦν
3551 1892 3628 1962 τῷ

380 1974 575 2030 laverit
621 1983 676 2030 et
722 1976 1053 2044 peccaverit,
1101 1985 1212 2030 tum
1261 1978 1402 2033 sacri
1440 1978 1753 2034 divinorum
1810 1982 1949 2035 alta-

381 2066 522 2119 rium
581 2065 818 2121 ministri
893 2065 1163 2135 accipient
1225 2068 1435 2124 animas
1493 2083 1620 2125 suas
1676 2085 1775 2140 pro
1834 2071 1944 2125 illo.

385 2173 408 2206 ι
451 2155 732 2225 Accipient
793 2174 812 2208 ι
856 2167 1085 2228 usurpat
1113 2172 1210 2225 pro
1237 2157 1487 2225 offerent,
1522 2161 1638 2216 sive
1665 2161 1945 2227 dicabunt,

2048 1985 2200 2055 νόμῳ
2250 1982 2700 2054 πλημμελοῦντες
2730 1982 2781 2034 οἱ
2826 1981 2966 2044 λαοὶ,
2999 1983 3119 2036 τότε
3151 1982 3215 2054 δὴ
3248 1984 3296 2036 oi
3325 1983 3435 2036 τῶν
3469 1983 3629 2037 θείων

2050 2076 2455 2146 θυσιαστηρίων
2497 2074 2771 2144 ἱερουργοὶ
2814 2073 3077 2144 λήψονται
3106 2072 3184 2144 τῷ
3224 2072 3343 2144 Θεῷ
3374 2073 3474 2135 τὰς
3501 2074 3627 2126 ἐαυ-

2046 2166 2157 2219 τῶν
2181 2164 2361 2235 ψυχάς
2405 2163 2546 2235 ὑπὲρ
2589 2162 2833 2217 ἐκείνων.
2867 2162 2941 2215 Τὸ
2969 2162 3026 2214 δὲ
3056 2180 3075 2212 ι
3098 2161 3357 2233 λήψονται
3386 2180 3405 2214 ι
3439 2163 3622 2232 φησὶν,

379 2255 436 2298 et
462 2246 711 2314 accipere
736 2246 872 2300 dixit
920 2260 1040 2315 pro,
1094 2247 1203 2303 Deo
1237 2262 1579 2306 consecrare.
1630 2253 1760 2319 Qua:
1788 2268 1949 2323 porro

2051 2259 2172 2327 ἀντὶ
2190 2257 2308 2321 τοῦ,
2334 2275 2353 2308 ι
2378 2253 2830 2328 προσκομιοῦσιν,
2853 2270 2871 2302 ι
2900 2253 3065 2323 ἤγουν
3093 2251 3443 2323 ἀναθήσουσι.
3473 2253 3621 2324 Λαμ-

380 2342 490 2398 illis
506 2343 721 2416 occasio
747 2342 1001 2413 lugendi?
1031 2363 1051 2397 ι
1089 2343 1321 2400 Desolati
1343 2346 1716 2414 suntcampi,i
1749 2344 1945 2415 inquit;

380 2432 508 2500 quin
532 2440 586 2486 et
616 2420 853 2487 triticum
881 2434 1134 2490 dentibus
1169 2436 1501 2491 locustarum
1562 2451 1844 2491 corrosum
1894 2446 1948 2491 et

382 2526 631 2603 rubigine
659 2529 805 2605 velut
832 2532 1100 2585 adustum.
1134 2530 1254 2587 Urit
1282 2533 1426 2587 enim
1460 2533 1673 2604 rubigo,
1705 2541 1760 2587 et
1791 2533 1942 2603 quasi

382 2618 435 2670 in
459 2617 672 2681 cineres
700 2618 895 2691 redigit
922 2636 1176 2689 agrorum
1210 2622 1411 2693 fruges.
1445 2622 1713 2692 ()portere
1742 2632 1945 2678 terram

380 2722 599 2785 quoque
628 2707 816 2782 lugere
840 2714 938 2776 ait,
964 2694 1236 2768 viduatam
1264 2716 1377 2775 suis
1398 2716 1666 2786 frugibus.
1727 2731 1749 2766 ι
1803 2713 1951 2770 Aflli-

381 2788 526 2877 c‘tnm
560 2812 643 2879 est
672 2804 815 2873 enim
855 2806 1115 2873 triticum,
1157 2808 1300 2863 aruit
1337 2809 1521 2863 vinum
1549 2850 1566 2871 .
1608 2808 1947 2862 imminutum

380 2906 464 2969 est
500 2895 697 2952 oleum.
729 2898 1036 2962 Aruerunt,
1081 2917 1101 2950 ι
1164 2900 1268 2953 hoc
1308 2906 1412 2961 est,
1466 2899 1627 2968 207
1676 2899 1954 2967 perierunt

380 2986 562 3049 omnia
596 2986 774 3053 illius,
813 2997 870 3042 et
892 3004 1119 3057 quorum
1152 3003 1316 3044 causa
1355 2999 1783 3043 consentaneum
1830 2996 1952 3043 erat

381 3094 503 3135 eam
543 3087 603 3133 ut
634 3080 896 3151 bonorum
936 3079 1205 3134 fructuum
1250 3088 1529 3151 parentem
1575 3079 1953 3155 nutricemque

2049 2349 2310 2403 ϐάνεσθαι
2340 2348 2448 2420 γὰρ
2481 2346 2700 2415 ἐλέγετο
2736 2345 2798 2398 τὸ
2830 2343 3145 2398 ἀνατιθέναι
3186 2342 3267 2413 τῷ
3304 2341 3445 2413 Θεῷ.
3477 2343 3542 2397 Τί
3568 2342 3625 2396 δὲ

2049 2440 2145 2495 καὶ
2185 2442 2220 2511 ἡ
2255 2440 2527 2512 πρόφασις
2554 2437 2649 2491 τοῦ
2694 2434 2923 2499 πένθους
2967 2435 3183 2499 αὐτοϊςς
3227 2454 3245 2485 ι
3276 2432 3627 2488 Τεταλαιπώ-

2052 2548 2187 2603 ρηκε
2224 2530 2293 2583 τὰ
2322 2530 2516 2591 πεδία,
2563 2548 2583 2582 ›
2613 2528 2777 2599 φησὶ,
2822 2529 2918 2582 καὶ
2953 2527 3136 2599 μέντοι
3174 2527 3270 2581 καὶ
3322 2529 3467 2591 σῖτος
3515 2526 3626 2590 τοῖς

2050 2616 2230 2677 ὀδοῦσι
2265 2623 2376 2676 τῶν
2409 2621 2650 2694 ἀκρίδων
2694 2619 3182 2691 καταψιλούμενος,
3221 2619 3317 2673 καὶ
3357 2613 3468 2673 οἷον
3505 2621 3627 2689 ἐρυ-

2051 2717 2177 2790 σίὸῃ
2225 2717 2756 2788 καταπιμπράμενα.
2788 2714 2981 2783 Φλέγει
3031 2713 3178 2784 γὰρ,
3225 2712 3322 2768 καὶ
3373 2711 3631 2782 ἀφανίζει

2051 2807 2240 2880 ὥσπερ
2265 2809 2335 2865 τά
2359 2810 2418 2862 ἐν
2447 2809 2657 2880 ἀγροῖς.
2675 2809 2795 2861 Δεῖν
2818 2807 2875 2862 δέ
2898 2825 3062 2880 φησιν
3082 2807 3361 2870 οἱονείπως
3377 2807 3474 2859 καὶ
3503 2821 3630 2859 κατ-

2051 2898 2410 2971 ολοφὺρεσθαι
2434 2898 2536 2970 τὴν
2558 2899 2683 2968 γῆν,
2701 2898 3057 2953 ἀπολωλότων
3077 2899 3213 2970 αὐτῇ
3237 2897 3347 2951 τῶν
3375 2896 3629 2969 καρπῶν.

2058 3011 2078 3043 ι
2110 2990 2577 3063 Τεταλαιπώρηκε
2620 2989 2730 3062 γάρ
2774 2992 2942 3054 σῖτος,
2974 2988 3241 3062 ἐξηράνθη
3284 2982 3456 3051 οἶνος,
3502 2987 3637 3042 ὠλι-

2053 3083 2208 3154 γὼθη
2260 3082 2460 3137 ἔλαιον.
2520 3081 2951 3153 Ἐξηράνθησαν,
2999 3100 3018 3133 ι
3063 3081 3340 3135 τουτέστιν
3364 3119 3385 3143 ,
3420 3078 3636 3151 οἴχεται

380 3169 664 3224 admirari.
717 3170 782 3224 Et
818 3170 932 3225 haec
981 3186 1011 3224 a
1047 3170 1203 3225 nobis
1230 3181 1289 3225 ut
1330 3170 1388 3225 in
1418 3171 1579 3226 rebus
1620 3186 1740 3242 qua:
1783 3185 1949 3226 sensu

2056 3174 2236 3227 πάντα
2263 3172 2334 3227 τὰ
2354 3171 2414 3238 ἐξ
2443 3172 2632 3241 αὐτῆς,
2655 3172 2750 3225 καὶ
2775 3170 2843 3224 τὰ
2868 3170 2951 3239 ἐφ’
2980 3166 3061 3232 οἷς
3084 3165 3152 3241 ἦν
3183 3169 3326 3233 είκδς
3354 3168 3633 3221 καταϐαυ-

387 3259 764 3331 percipiuntur
789 3262 931 3317 dicta
963 3272 1146 3317 sunto.

455 3517 869 3577 Lamentabitur
899 3537 1027 3579 vero
1056 3523 1365 3595 quicunque
1414 3532 1498 3583 est
1539 3526 1957 3595 probatissimus

383 3613 635 3668 sacerdos
669 3628 779 3683 prae
808 3614 1095 3670 immodica
1121 3616 1389 3671 dementia
1428 3617 1806 3688 purgationem
1854 3635 1954 3692 per

385 3705 544 3758 tidem
576 3705 941 3774 repudiantes,
978 3722 1079 3762 nec
1105 3718 1347 3775 amantes
1397 3724 1428 3764 ί
1474 3709 1697 3768 Christo
1743 3714 1953 3769 sancti-

382 3795 557 3850 ﬁcari.
586 3794 1031 3854 Manebuntenim
1062 3800 1129 3854 ab
1157 3798 1373 3870 frugum
1407 3802 1769 3871 spiritualium
1796 3807 1949 3875 copia

382 3887 747 3956 nndequaque
809 3899 865 3943 et
920 3890 1245 3947 omnimodis
1324 3893 1615 3957 destituti,
1701 3905 1759 3951 et
1822 3911 1951 3969 ege-

381 3977 521 4031 liunt
564 3979 711 4032 omni
775 3982 917 4048 quod
976 3996 1070 4037 eos
1124 3982 1271 4038 alere
1303 3992 1357 4038 et
1390 3984 1455 4039 ad
1490 3985 1826 4054 spiritualem
1876 3991 1956 4042 vi-

384 4067 641 4124 rilitatem
672 4072 903 4128 evehere
931 4082 1135 4143 potest,
1179 4072 1510 4129 frumentum
1541 4086 1597 4131 et
1627 4078 1812 4132 vinum
1848 4095 1953 4133 non

387 4161 668 4227 habentes,
697 4177 796 4217 usu
821 4165 924 4222 olei
952 4166 1165 4235 privati.
1231 4164 1457 4238 Mystice
1485 4167 1776 4241 loquimur:
1830 4186 1953 4223 nam

388 4250 547 4307 fidem
598 4256 1021 4323 recipientibus,
1071 4258 1307 4327 seipsum
1363 4259 1613 4314 Christus
1655 4270 1713 4315 ut
1760 4276 1954 4331 panem

385 4342 512 4399 vitae
552 4356 782 4414 apponet
827 4348 931 4418 (sic
979 4348 1119 4402 enim
1159 4349 1337 4403 aiebat
1380 4366 1444 4404 τι
1498 4349 1607 4422 Ego
1647 4366 1764 4406 sum
1802 4353 1955 4422 panis

385 4438 541 4492 vivus
570 4437 655 4511 ι).
695 4448 747 4494 et
807 4450 865 4494 ut
917 4442 1095 4495 vinum
1150 4443 1427 4498 laaliﬂcans
1474 4459 1569 4498 cor
1609 4445 1843 4499 hominis
1887 4446 1952 4498 ⁸⁸.

384 4527 623 4584 Rursum
678 4531 920 4604 intelligo
968 4534 1110 4603 quod
1172 4534 1528 4603 intelligentia
1582 4537 1948 4605 perspicitur,

384 4623 527 4691 quod
556 4623 862 4681 sanctificat
882 4623 1160 4689 nimirum,
1186 4635 1243 4680 et
1273 4625 1342 4680 de
1370 4625 1493 4693 ejus
1520 4626 1694 4696 gratia
1731 4626 1953 4696 partici-

385 4726 517 4779 pare
554 4711 905 4782 intelligitur.
940 4711 1287 4768 Volunt‘atem
1329 4722 1510 4768 autem
1538 4730 1762 4780 saevam,
1800 4731 1958 4771 acer-

383 4804 509 4858 bam
534 4813 591 4858 et
622 4818 652 4857 a
684 4805 795 4859 Deo
822 4803 1074 4869 alienam,
1109 4816 1345 4863 mentem
1372 4807 1708 4861 incredulam
1733 4818 1787 4863 et
1808 4823 1944 4863 con-

386 4903 680 4963 tumacem',
706 4912 927 4969 prorsus
968 4897 1205 4967 inopem,
1236 4908 1292 4955 et
1315 4899 1582 4956 bonorum
1626 4915 1747 4970 qua
1794 4902 1955 4957 modo

386 4988 648 5053 diximus,
688 4990 913 5047 omnino
940 5000 1213 5049 exsortem
1259 4992 1455 5049 reddit.
1501 4991 1755 5049 Sciamus
1791 4995 1955 5049 etiam

389 5077 516 5135 licet
552 5080 805 5149 Paulum,
829 5084 921 5153 qui
954 5084 1320 5140 sanetilicavit
1356 5085 1707 5163 Evangeliqu
1738 5087 1790 5142 in
1825 5103 1957 5159 gen-

386 5168 556 5239 tibus,
582 5181 790 5228 tantum
843 5189 957 5243 non.
1003 5173 1287 5232 deﬂevisse
1325 5178 1635 5233 incredulos
1668 5193 1732 5233 ex
1771 5178 1956 5245 lsracl,

389 5261 543 5331 cujus
571 5265 794 5319 verbum
823 5275 907 5322 est
936 5283 952 5325 :
988 5285 1007 5319 ι
1044 5266 1288 5324 Tristitia
1314 5279 1398 5326 est
1429 5270 1560 5325 mihi
1614 5286 1805 5342 magna
1847 5273 1953 5338 τ”,ο

389 5363 443 5408 et
480 5354 681 5423 reliqua
716 5360 987 5431 deinceps.
1048 5361 1141 5416 Est
1189 5373 1369 5418 autem
1402 5363 1668 5435 mysticus
1707 5373 1764 5419 et
1803 5378 1961 5419 arca-

394 5459 518 5510 nus,
541 5453 599 5499 ut
631 5448 764 5512 dixi,
797 5464 956 5521 super
985 5454 1098 5508 haec
1122 5470 1322 5511 sermo.

462 5813 508 5849 ⁸⁷
556 5813 728 5870 Exod.
783 5823 958 5877 χχιιι,
1009 5810 1100 5879 3|,
1144 5813 1232 5869 32.
1310 5815 1356 5848 "
1407 5816 1544 5872 Osce
1577 5830 1652 5883 Iv,
1715 5819 1768 5874 8.

1870 5820 1913 5852 "
1946 5819 2100 5879 Joan.
2141 5841 2214 5889 vr,
2254 5824 2304 5877 il
2336 5843 2348 5888 ;
2381 5825 2543 5878 Ercli.
2586 5841 2649 5879 Si.
2695 5827 2783 5880 “lii.

1978 3242 2026 3304 ε
2058 3265 2325 3337 μάζεσθαι
2348 3264 2489 3325 λίαν,
2516 3263 2591 3327 ὡς
2633 3262 2863 3332 καρπῶν
2893 3261 3112 3329 ἀγαθῶν
3151 3262 3360 3332 μητέρα
3392 3260 3487 3313 καὶ
3509 3276 3628 3329 τρο-

2055 3359 2176 3428 φόν.
2209 3356 2321 3411 Καὶ
2349 3356 2505 3410 ταυτὶ
2554 3354 2653 3426 μὲν
2700 3356 2832 3426 ἡμῖν
2872 3353 2949 3418 ὡς
2974 3356 3033 3407 ἐν
3071 3353 3360 3423 αἰσθηταῖς
3393 3349 3623 3423 εἰρήσθω

2054 3449 2308 3524 πράξεσι.

2124 3539 2621 3612 Καταθρηνήσειγε
2657 3538 2762 3611 μὴν
2781 3539 2908 3602 πᾶς,
2935 3537 3083 3601 εττίς
3112 3539 3229 3590 ἐστι
3262 3533 3629 3606 δοκιμώτατος

2055 3635 2254 3707 ἱερεὺς,
2278 3633 2403 3696 τοὺς
2434 3631 2494 3697 ἐξ
2523 3631 2763 3702 ἀμέτρου
2809 3628 3234 3702 φρενοϐλαϐείας
3284 3627 3384 3692 τὴν
3416 3626 3504 3680 διὰ
3546 3625 3629 3679 πίε

2055 3740 2226 3786 στεως
2269 3722 2538 3794 κάθαρσιν
2569 3721 2630 3775 οὐ
2672 3720 3084 3791 προσιεμένους,
3133 3720 3233 3773 οὐκ
3276 3718 3634 3790 ἠγαπηκότας

2052 3813 2111 3876 δὲ
2152 3814 2215 3868 τὸ
2249 3812 2568 3884 ἀγιάξεσθαι
2607 3813 2758 3884 παρά
2804 3812 3065 3881 Χριστοῦ.
3114 3809 3479 3881 Ἀπομενοῦσι
3528 3810 3637 3881 γὰρ

2056 3908 2255 3979 ἔρημοι
2284 3906 2462 3977 πάντη
2487 3922 2546 3958 τε
2587 3906 2682 3959 καὶ
2714 3903 2932 3968 πάντως
2952 3905 3053 3974 τῆς
3072 3904 3271 3975 νοητῆς
3304 3902 3634 3974 εὐκαρπίας,

2056 3996 2151 4054 καὶ
2175 4002 2232 4053 ἐν
2265 3996 2440 4069 ἐνδείᾳ
2457 3996 2660 4065 παντὸς
2683 3995 2895 4049 ἔσονται
2926 3996 3021 4050 τοῦ
3049 3995 3268 4066 τρέφειν
3288 3994 3515 4057 εἰδότος,
3547 3992 3637 4045 καὶ

2056 4090 2136 4152 είς
2174 4087 2425 4159 ἀνδρείαν
2476 4087 2673 4150 αὐτοὺς
2701 4086 2800 4156 τὴν
2831 4085 3209 4157 πνευματικὴν
3249 4084 3634 4155 ἀναφέροντος,

2058 4182 2202 4233 σῖτον
2232 4180 2328 4233 καὶ
2355 4174 2498 4232 οἶνον
2524 4179 2626 4232 οὐκ
2661 4178 2895 4248 ἔχοντες,
2936 4177 3032 4231 καὶ
3072 4176 3171 4246 τῆς
3213 4175 3397 4230 ἐλαίου
3439 4176 3629 4247 χρείας

2057 4272 2442 4344 ἐστερημένοι·
2474 4270 2732 4341 μυστικὸς
2772 4267 2883 4338 γὰρ
2918 4267 2948 4320 ὁ
2977 4266 3158 4335 λόγος.
3211 4265 3336 4320 Ὀτι
3369 4269 3483 4329 τοῖς
3537 4266 3636 4336 μὲν

2056 4367 2154 4438 τὴν
2191 4367 2370 4420 πίστιν
2397 4363 2795 4437 προσιεμένοις,
2825 4359 3016 4414 ἐαυτὸν
3042 4356 3352 4430 παραθήσει
3401 4357 3634 4428 Χριστὸς

2059 4458 2135 4520 ὡς
2156 4458 2320 4529 ἄρτον
2351 4454 2498 4525 ζωῆς
2527 4453 2753 4522 (ἔφασκε
2778 4452 2887 4522 γάρ
2905 4467 2920 4481 ·
2949 4469 2969 4502 ι
2991 4448 3134 4519 Ἐγώ
3160 4450 3276 4521 είμι
3298 4452 3328 4506 6
3354 4450 3513 4522 ἄρτος
3531 4448 3632 4517 τῆς

2060 4550 2206 4621 ζωῆς
2232 4548 2302 4616 ι),
2354 4547 2430 4609 ὡς
2455 4542 2596 4599 οἶνον
2638 4545 2996 4616 εὐφραίνοντα
3047 4544 3278 4615 καρδίαν
3326 4541 3633 4614 ἀνθρώπου.

2058 4641 2225 4702 Σύνες
2252 4639 2412 4692 πάλιν
2430 4639 2458 4691 ὃ
2483 4655 2647 4709 φημι.
2684 4637 3097 4708 Καταχρίσουσι
3122 4636 3179 4689 δὲ
3207 4637 3303 4689 καὶ
3332 4636 3499 4706 ἐλαίῳ
3518 4677 3531 4696 ,
3561 4633 3636 4704 τῷ

2057 4733 2233 4805 νοητῷ
2275 4732 2516 4801 δηλονότι
2560 4732 2653 4785 καὶ
2685 4731 3003 4799 ἀγιάζοντι,
3051 4729 3147 4782 καὶ
3187 4728 3263 4791 ὡς
3313 4729 3372 4781 ἐν
3414 4726 3629 4798 μεθέξει

2056 4823 2332 4894 νοουμένῳ
2363 4823 2460 4893 τῆς
2485 4820 2617 4892 παρ’
2657 4821 2822 4876 αὐτοῦ
2867 4819 3109 4891 χάριτος.
3145 4820 3285 4884 Τοὺς
3325 4818 3385 4873 δέ
3413 4818 3637 4891 γνώμην

2056 4915 2278 4986 ἔχοντας
2301 4915 2506 4986 ἀπηνῆ,
2541 4915 2738 4984 πικρόν
2763 4931 2823 4967 τε
2864 4914 2959 4966 καὶ
2995 4912 3282 4982 ἀφιλόθεον
3312 4912 3461 4978 νοῦν,
3487 4913 3637 4966 ἀπει-

2057 5006 2122 5076 θῆ
2162 5006 2258 5059 καὶ
2312 5005 2625 5074 δυσάγωγον
2648 5047 2663 5068 ,
2720 5006 2876 5060 ἐνδεᾶ
2925 5023 3029 5059 που
3079 5006 3298 5069 πάντως
3334 5005 3631 5075 ἀποφανεῖ,

2057 5097 2153 5151 κα)⁸
2178 5097 2457 5161 παντελῶς
2488 5098 2756 5171 ἀμέτοχον
2798 5098 2904 5157 τῶν
2932 5098 3138 5169 ἀρτίως
3169 5099 3302 5168 ἡμῖν
3329 5098 3634 5170 εἰρημένων

2057 5191 2299 5259 ἀγαθῶν.
2367 5190 2562 5244 ’ἰστέον
2604 5191 2682 5257 δὲ,
2722 5191 2805 5244 ὅτι
2842 5191 2937 5244 καὶ
2971 5190 3182 5255 Παῦλος
3228 5191 3527 5264 ἱερουργῶν
3556 5189 3634 5252 είς

2057 5285 2124 5334 τὶ
2149 5282 2275 5355 ἔθνη
2300 5284 2361 5337 τὸ
2388 5282 2484 5337 τοῦ
2534 5281 2773 5355 Χριστοῦ
2802 5283 3157 5352 Εὐαγγέλιον,
3185 5282 3472 5355 μονονουχὶ
3511 5298 3632 5335 κατ·

2057 5374 2275 5446 εθρήνει
2312 5377 2438 5441 τοὺς
2466 5374 2824 5439 ἀπειθοῦντας
2861 5373 2918 5443 ἐξ
2962 5376 3194 5447 Ἰσραήλ.
3224 5377 3473 5446 Ἔφασκε
3505 5377 3627 5446 γὰρ,

2063 5468 2146 5521 ὅτι
2173 5467 2360 5538 (Λύπη
2395 5468 2484 5540 μοί
2513 5469 2627 5522 ἐστι
2659 5468 2891 5540 μεγάλη,
2913 5489 2930 5520 ι
2960 5470 3053 5523 mi.
3076 5470 3146 5524 τὰ
3170 5469 3321 5538 ἐξῆς.
3356 5470 3629 5532 Μυστικδς

2067 5557 2142 5622 δὲ,
2184 5558 2259 5623 ὡς
2303 5559 2457 5631 ἔφην,
2498 5561 2591 5614 καὶ
2636 5562 3015 5631 κεκρυμμένος
3070 5564 3100 5615 6
3138 5563 3232 5615 ἐπὶ
3269 5562 3408 5633 τῷδε
3455 5562 3630 5633 λόγος,

2864 5826 2909 5857 ⁹⁰
2940 5826 3093 5883 lium.
3125 5842 3201 5892 Ix,
3225 5827 3279 5882 ΕΞ.
