4034 6270
299 427 400 489 διε

1164 400 1715 469 COMMENTARIUS
1756 410 1826 466 IN
1866 410 2128 469 JOELEM
2166 411 2608 470 PROPHETAM.

3424 410 3531 469 546

364 538 619 613 Γεωργοὶ,
656 534 930 607 θρηνεῖτε
969 530 1239 603 κτήματα
1293 534 1446 601 ὑπὲρ
1503 533 1700 602 πυροῦ
1748 535 1845 587 καὶ

2032 536 2193 590 Vnus.
2230 536 2316 597 ll,
2352 534 2439 588 12.
2488 531 2771 603 Agricola,
2820 530 2989 600 lugete
3039 529 3391 598 possessiones
3433 546 3529 597 pro

305 636 504 708 κριθῆς,
528 632 616 686 ὅτι
639 629 920 687 ἀπόλωλε
941 625 1233 695 τρυγητὸς
1251 625 1319 689 ἐξ
1348 625 1855 695 ἀγροῦ.Ἅμπελος

306 726 593 797 ἐξηράνθη,
624 720 727 775 καὶ
754 721 814 773 at
870 716 1063 773 συκαῖ
1098 716 1508 786 ὠλιγώθησαν.
1565 716 1707 771 Ῥοὰ
1757 717 1855 769 καὶ

307 816 494 890 φοῖνιξ,
516 814 613 869 καὶ
644 812 868 883 μῆλον,
900 810 1001 862 καὶ
1033 809 1230 862 πάντα
1260 808 1333 861 τὰ
1355 806 1513 873 ξύλα
1536 806 1642 861 τοῦ
1667 806 1855 876 ἀγροῦ

305 908 715 978 ἑξηράνθησαν,
759 902 850 957 ὅτι
890 901 1178 972 ᾔσχυναν
1221 900 1414 971 χαρὰν
1470 902 1523 956 οἱ
1568 900 1687 955 υἱοὶ
1738 897 1857 953 τῶν

307 1000 623 1070 ἀνθρώπων.

387 1093 457 1150 Θ’.
506 1089 705 1153 Πένθος
755 1086 1008 1159 ἀληθῶς,
1060 1083 1286 1156 ἄλγημά
1331 1101 1391 1137 τε
1454 1083 1550 1138 καὶ
1604 1083 1858 1155 θρήνημα

300 1190 403 1250 τοῖς
430 1183 634 1238 εἰωθόσι
665 1180 948 1249 γηπονεῖν,
982 1178 1093 1232 τῶν
1118 1179 1179 1231 ὲν
1208 1178 1397 1246 ἀγροῖς
1428 1176 1463 1247 ἡ
1491 1174 1852 1247 πανωλεθρία,

297 1278 382 1331 καὶ
414 1276 468 1329 τὸ
491 1274 655 1345 μηδὲν
686 1272 826 1335 ὅλως
855 1271 951 1324 ἀπ’
972 1269 1154 1324 αὐτῶν
1187 1267 1545 1339 συγκομίζειν
1568 1267 1850 1331 δύνασθαι,

293 1370 379 1423 καὶ
416 1366 543 1438 μετά
580 1364 829 1436 μακροὺς
863 1361 1093 1433 ἱδρῶτας
1127 1359 1242 1413 ἐσθ’
1287 1361 1398 1412 ὅτε.
1447 1354 1565 1412 Αὗα
1592 1358 1648 1411 δὲ
1677 1358 1746 1411 τὰ
1796 1360 1854 1410 ὲν

292 1464 473 1533 κήποις
521 1461 657 1532 όρᾷν
704 1459 815 1512 τῶν
870 1457 1042 1523 ξύλων
1086 1456 1364 1527 ἐξαίρετα,
1409 1455 1582 1525 ληῖοις
1616 1472 1677 1508 τε
1718 1453 1853 1526 ὁμοῦ

287 1550 379 1613 τὰς
423 1549 702 1620 ἀμπέλους
761 1544 1241 1616 κατεφθαρμένας,
1296 1545 1392 1598 καὶ
1431 1546 1599 1614 αὐτὴν
1642 1545 1699 1598 δὲ
1755 1544 1854 1616 τὴν

288 1640 477 1711 ἀγρίαν
500 1639 633 1710 ὓλην
653 1640 767 1700 τοῖς
794 1638 990 1708 κήποις
1028 1636 1598 1704 συγκαταφθίνουσαν.
1631 1654 1649 1687 t
1667 1635 1854 1691 Πάντα

288 1731 415 1801 γὰρ,
443 1731 595 1800 φησὶ,
631 1730 700 1783 τά
720 1728 850 1795 ξύλα
862 1727 953 1782 τοῦ
974 1728 1145 1799 ἀγροῦ
1162 1726 1560 1799 ὲξηράνθησαν,
1577 1729 1659 1781 ὃτι
1674 1728 1846 1800 ᾔσχυ-

291 1837 386 1873 ναν
418 1819 633 1895 χαρά[ν]
658 1821 763 1874 uio!
786 1819 1210 1891 τῶνάνθρώπων
1230 1861 1243 1883 ,
1270 1838 1288 1870 ι
1315 1819 1591 1874 τουτέστιν
1614 1860 1630 1883 ,
1658 1817 1847 1889 αἰσχύ-

1960 627 2226 695 frumento
2254 636 2303 679 et
2331 625 2549 687 hordeo,
2579 624 2704 693 quia
2751 622 2902 690 periit
2956 620 3216 675 vindemia
3263 636 3329 675 ea:
3377 635 3528 689 agro.

1969 717 2135 772 Vinea
2169 718 2334 780 aruit,
2369 727 2416 769 et
2457 716 2590 783 ficus
2636 715 2929 768 imminuta'
2972 721 3114 766 sunt.
3155 710 3357 766 Malum
3405 728 3530 781 gra-

1960 821 2142 863 natum
2168 849 2183 873 ,
2235 816 2280 861 et
2316 808 2514 876 palma,
2549 816 2595 858 et
2644 806 2867 863 malum,
2908 812 2959 857 et
3001 804 3177 857 omnia
3233 804 3380 871 ligna
3414 803 3529 872 agri

1958 902 2194 969 arefacta
2238 907 2382 964 sunt,
2441 897 2688 968 quoniam
2738 895 3086 964 confuderunt
3127 897 3382 966 gaudium
3431 896 3530 964 ﬁlii

1956 992 2245 1045 hominum.

2028 1082 2122 1137 IX.
2177 1081 2405 1136 Luctum
2446 1077 2565 1133 sine
2623 1075 2806 1138 dubio,
2857 1073 3098 1128 dolorem
3156 1083 3213 1128 et
3269 1074 3529 1142 eiulatum

1959 1190 2115 1235 terrae
2145 1174 2448 1232 cultoribus
2470 1169 2617 1241 parit
2645 1182 2827 1223 rerum
2855 1165 2911 1221 in
2947 1165 3092 1236 agris
3137 1179 3204 1218 ex
3236 1178 3359 1219 asse
3404 1181 3530 1234 per—

1957 1271 2148 1334 nicies,
2185 1283 2307 1324 cum
2339 1264 2475 1320 nihil
2505 1262 2723 1333 penitus
2746 1259 2871 1315 inde
2900 1257 3027 1313 licet
3064 1254 3339 1326 colligere,
3366 1256 3531 1324 idque

1957 1371 2079 1436 post
2101 1362 2287 1431 longos
2314 1358 2543 1413 sudores
2576 1352 2886 1423 aliquando.
2934 1349 3002 1403 Et
3030 1348 3217 1402 videre
3263 1347 3321 1401 in
3356 1347 3532 1400 hortis

1957 1456 2222 1510 arefactas
2252 1451 2475 1506 arbores
2502 1460 2822 1519 generosas,
2879 1449 2935 1496 et
2973 1456 3094 1496 cum
3119 1439 3251 1496 satis
3281 1442 3442 1503 vites,
3474 1448 3532 1492 et

1956 1563 2079 1603 cum
2108 1546 2282 1602 hortis
2305 1543 2469 1598 silvas
2493 1540 2719 1611 periisse
2740 1576 2755 1592 .
2794 1554 2814 1588 t
2846 1534 3039 1591 Omnia
3068 1534 3212 1595 enim
3237 1534 3380 1602 ligna
3411 1531 3529 1602 agri

1955 1638 2196 1693 arefacta
2249 1642 2376 1689 sunt
2405 1671 2421 1696 ,
2451 1631 2646 1700 inquit,
2698 1630 2955 1698 quoniam
2990 1625 3352 1681 confuderunt
3396 1638 3529 1694 gau-

1957 1731 2107 1783 dium
2139 1726 2233 1781 ﬁlii
2272 1724 2573 1787 hominum,
2608 1739 2627 1771 ι
2659 1722 2762 1777 hoc
2793 1728 2877 1774 est
2907 1757 2923 1781 ,
2974 1717 3309 1771 habitatores
3366 1725 3527 1768 terra:

1954 1818 2307 1876 reddiderunt
2335 1826 2546 1884 tempus
2573 1812 2858 1869 dedecoris
2888 1853 2905 1877 ,
2950 1809 3190 1879 pudoris,
3234 1807 3532 1877 reprehen-

293 1929 387 1982 νης
422 1930 480 1964 τε
522 1913 615 1965 καὶ
660 1910 961 1983 ἐντροπῆς,
1001 1911 1095 1963 καὶ
1140 1908 1397 1980 ἐλέγχων,
1435 1910 1629 1980 ποινῆς
1657 1927 1717 1963 τε
1751 1910 1849 1963 καὶ

1964 1913 2151 1977 sionis,
2177 1924 2353 1982 poenae
2382 1917 2437 1964 et
2468 1906 2714 1970 ultionis,
2756 1920 2862 1975 quo
2899 1913 3142 1971 tempore
3163 1914 3374 1970 aequum
3415 1907 3534 1953 erat

293 2002 441 2071 δίκης
480 2002 760 2069 ἀπέδειξαν
809 2001 1003 2074 καιρὸν
1045 2004 1094 2054 οι
1142 2002 1521 2065 κατοικοῦντες
1565 2002 1662 2072 τὴν
1720 2000 1846 2071 γῆν,

293 2091 414 2143 καθ’
433 2090 490 2143 ὃν
509 2092 649 2155 εἰκὸς
669 2087 735 2163 ἦν
766 2092 859 2146 καὶ
878 2091 1270 2163 ἀνευρύνεσθαι
1291 2096 1411 2155 ταῖς
1434 2091 1756 2163 εὐημερίαις
1780 2091 1850 2145 τὰ

286 2183 342 2247 ἐξ
366 2184 545 2254 ἀγρῶν
574 2184 947 2253 συλλέγοντας,
982 2186 1075 2239 καὶ
1102 2187 1432 2255 ἀναμετρεῖν
1469 2185 1568 2254 μὲν
1602 2172 1738 2254 σίτῳ
1752 2182 1851 2245 τὰς

282 2274 577 2343 ἀποθήκας,
632 2277 929 2346 ἐπιφωνεῖν
984 2277 1042 2331 δὲ
1092 2277 1338 2347 τρυγῶσι
1384 2276 1481 2341 τὰς
1536 2275 1851 2344 ὲπιληνίους

277 2363 436 2431 ᾠδὰς,
461 2366 551 2418 καί
583 2369 704 2431 ταῖς
723 2367 853 2420 οἰῶν
890 2367 1113 2437 ἀγέλαις
1147 2367 1465 2437 ἐφήδεσθαι,
1502 2366 1765 2436 πλείστης
1790 2382 1847 2418 τε

276 2455 402 2526 ὅσης
465 2458 880 2522 καὶ-εὐανθοῦς
948 2460 1139 2523 αὑταῖς
1204 2459 1670 2532 παρερριμμένης
1746 2458 1849 2529 τῆς

275 2548 435 2612 πόας.

378 2640 563 2693 Ἐοικε
611 2641 669 2693 δὲ
724 2643 828 2695 κάν
874 2641 1012 2711 τῷδε
1063 2642 1226 2697 πάλιν
1274 2642 1302 2695 ό
1354 2640 1513 2709 λόγος
1571 2640 1853 2711 γεωργοὺς

276 2730 567 2800 ὀνομάζειν
589 2733 998 2802 αἰνιγματωδῶς
1021 2736 1147 2796 τοὺς
1178 2734 1286 2786 τῶν
1330 2732 1601 2787 Ἰουδαίων
1637 2734 1852 2804 ταγμάο

280 2837 392 2873 των
416 2822 820 2891 προεστηκότας
845 2825 1183 2892 τοτηνικάδε,
1226 2823 1322 2887 οὓς
1358 2826 1452 2879 καὶ
1482 2825 1590 2879 δεῖν
1621 2825 1724 2894 ἔφη
1758 2833 1857 2878 δια-ξ

277 2910 592 2981 ταθρηνεῖν,
629 2912 703 2977 ὡς
756 2914 882 2967 ὅσον
927 2915 1080 2966 οὔπω
1118 2914 1483 2985 βαδιουμὲνων
1519 2917 1599 2979 είς
1632 2915 1855 2987 ὄλεθρον

275 3002 540 3055 ἁπάντων
586 3002 695 3057 τῶν
746 3005 885 3057 κατά
925 3004 1129 3076 χώραν,
1168 2998 1296 3077 ἧτοί
1316 3005 1424 3061 τῶν
1462 3005 1857 3060 κατοικούντων

265 3093 373 3163 τὴν
396 3094 525 3162 γῆν,
554 3092 605 3145 οῖ
632 3093 726 3147 καὶ
758 3095 819 3148 ὲν
853 3094 1004 3160 τάξει
1035 3097 1230 3167 πυροῦ,
1265 3099 1359 3151 καὶ
1393 3097 1605 3168 κριθῆς.
1651 3099 1745 3152 καὶ
1768 3096 1857 3163 ξύ-

264 3185 377 3237 λων
413 3184 637 3253 ὡραίων
663 3185 903 3256 νοηοεῖεν
925 3187 1008 3241 ἄν.
1057 3189 1387 3261 Ἐφαρμόσει
1414 3190 1473 3242 δὲ
1512 3189 1622 3242 τῶν
1651 3188 1859 3262 νοημά-

1956 2002 2142 2075 augeri
2205 2001 2359 2055 bonae
2414 1997 2753 2067 tempestatis
2806 1996 2920 2050 dies
2969 1992 3074 2057 his,
3107 1991 3200 2061 qui
3245 1989 3424 2060 fruges
3465 2003 3534 2044 ex

1957 2095 2105 2167 agris
2149 2099 2510 2161 comportant,
2551 2097 2606 2144 et
2646 2087 2767 2143 illos
2815 2086 3087 2141 frumento
3143 2083 3344 2152 stipare
3401 2081 3533 2135 hor-

1960 2205 2072 2252 rea,
2114 2196 2170 2243 et
2210 2184 2541 2242 messoribus
2596 2180 2895 2237 cantilenas
2945 2176 3238 2233 messorias
3264 2173 3531 2235 accinere,

1957 2279 2322 2352 mutuari
2354 2292 2515 2346 super
2559 2275 2740 2328 ovium
2793 2272 3068 2343 gregibus,
3091 2267 3247 2323 uberi
3296 2277 3353 2322 ct
3400 2265 3532 2319 viri-

1958 2372 2106 2425 danti
2148 2369 2313 2424 herba
2347 2382 2406 2423 se
2434 2365 2758 2436 subjiciente
2790 2362 3161 2434 pascentibus.

2029 2639 2256 2695 νίιιυιιιι·
2298 2641 2477 2689 autem
2512 2627 2773 2701 propheta
2820 2624 2914 2679 hic
2963 2633 3182 2676 rursum
3222 2615 3533 2671 Judaaorum

1961 2748 2059 2803 per
2093 2731 2145 2786 id
2205 2738 2421 2796 tempus
2473 2720 2732 2792 praesides
2763 2726 2817 2771 et
2844 2723 3083 2770 rectores
3118 2708 3382 2780 agricolas
3436 2719 3536 2759 no-

1962 2823 2187 2886 minare,
2218 2818 2415 2888 quibus
2441 2812 2729 2881 lugendum
2761 2808 3068 2868 continuat,
3105 2814 3166 2854 ut
3194 2813 3319 2853 mox
3353 2796 3537 2851 omni-

1961 2918 2061 2972 bus
2093 2912 2182 2983 qui
2220 2913 2271 2965 in
2296 2908 2519 2979 regione
2550 2912 2701 2967 sunt,
2739 2902 2856 2958 sive
2905 2908 3109 2953 terram
3149 2889 3535 2953 incolentibus,

1963 3022 2058 3064 seu
2095 2980 2387 3074 indigenis,
2421 2999 2645 3057 exitium
2670 2997 2725 3051 in
2758 2992 3062 3050 cervicibus
3094 2985 3365 3043 habituris
3396 3001 3411 3037 :
3440 2980 3536 3052 qui

1963 3099 2179 3171 quidem
2225 3095 2531 3165 indigenas,
2582 3085 2883 3150 frumenti,
2941 3080 3127 3137 hordei
3162 3088 3217 3134 et
3263 3076 3533 3146 lignorum

1964 3170 2329 3263 speciosorum
2352 3181 2634 3241 vocabulis
2669 3175 3002 3246 intelligendi
3033 3182 3181 3227 sunt.
3209 3170 3532 3237 Quanquam

261 3292 371 3328 των
401 3276 434 3347 ή
456 3274 691 3346 δύναμις
712 3278 1161 3350 πρεπωδέστερόν
1191 3259 1292 3334 που
1311 3281 1447 3351 τάχα
1469 3283 1580 3344 τοῖς
1604 3259 1861 3353 Γραμμαυ

1965 3259 2057 3341 hic
2083 3296 2274 3338 sensus
2304 3275 2641 3333 commodius
2668 3273 2899 3326 fortasse
2928 3269 2983 3322 in
3025 3265 3246 3321 Scribas
3293 3270 3349 3317 et
3389 3259 3538 3313 Pha-

260 3366 419 3421 τεῦσι
475 3368 578 3421 καὶ
624 3369 958 3440 Φαρισαίοις.
1016 3371 1080 3424 υῖ
1146 3371 1243 3425 καὶ
1286 3372 1540 3444 γηπόνων
1591 3373 1650 3425 ὲν
1705 3371 1855 3439 τάξει

258 3459 518 3531 κείμενοι
556 3462 1021 3532 πεπαρῳνήκασιν
1047 3463 1129 3525 είς
1149 3463 1408 3535 Χριστὸν,
1442 3464 1778 3518 ἀπεκτόνασί
1798 3480 1860 3518 τε

257 3551 353 3605 τὸν
403 3550 774 3622 κληρονόμον,
804 3552 870 3604 ἵν’
904 3551 1077 3624 ἔχοιεν
1108 3554 1262 3606 αὐτοὶ
1281 3555 1372 3608 τὸν
1395 3555 1629 3626 καρπὸν,
1657 3555 1863 3624 γένοιν-

257 3642 320 3697 τό
375 3661 444 3696 τε
490 3643 686 3696 λοιπον
722 3641 818 3696 τοῦ
875 3643 1197 3714 ἀμπελῶνος
1241 3644 1521 3710 δεσπόται,
1576 3646 1864 3716 μονονουχὶ

257 3734 437 3804 ληῖοις
463 3733 662 3804 ὥσπερ
702 3733 1150 3802 ὲπαγαλλώμενοι
1191 3737 1257 3806 τῇ
1288 3716 1606 3807 πολυάνδρῳ
1659 3736 1865 3806 πληθύῖ

255 3827 372 3881 τῶν
396 3820 852 3898 ὑποζευγμένων,
899 3829 992 3881 καὶ⁹
1032 3829 1160 3891 τοὺς
1191 3829 1250 3881 ὲν
1279 3830 1467 3893 αὐτοῖς
1500 3830 1583 3882 ὅτι
1626 3830 1866 3901 μάλιστα

256 3919 586 3990 λαμπροὺς,
610 3919 685 3983 ὡς
714 3920 866 3990 ῥοὰν,
905 3919 980 3983 ὼς
1015 3921 1185 3990 μῆλον
1214 3920 1533 3992 ἀποτρυγᾷν
1578 3922 1862 3985 εἰωθότας.

270 4011 420 4064 Ἀλλ’
443 4006 597 4062 εἷλεν
634 4011 829 4072 αὐτοὺς
853 4012 881 4063 ὁ
915 4011 1202 4080 Ῥωμαίων
1236 4010 1493 4081 πόλεμος,
1527 4010 1867 4082 δεδαπάνηκε

261 4103 453 4174 μέγαν
488 4100 587 4152 καὶ
619 4100 833 4170 μικρὸν,
872 4100 1123 4171 λαμπρόν
1154 4118 1214 4154 τε
1244 4101 1338 4156 καὶ
1377 4101 1673 4171 ἐπίσημον,
1703 4102 1780 4165 ὡς
1808 4105 1867 4163 ὲν

261 4196 478 4256 συκαῖς
530 4191 888 4260 νοουμένους,
934 4192 1185 4262 καθάπερ
1239 4191 1374 4260 ἔτην
1422 4192 1643 4261 ἀρτίως,
1693 4192 1767 4255 ὡς
1811 4195 1869 4246 ὲν

259 4285 518 4356 ἀμπέλῳ
545 4282 725 4353 τυχὸν,
759 4282 960 4352 φοίνικί
990 4301 1049 4335 τε
1083 4282 1179 4336 καὶ
1224 4283 1396 4353 μήλῳ,
1435 4282 1530 4336 καὶ
1559 4283 1617 4349 ὲν
1667 4281 1863 4349 ξύλοις,

257 4379 344 4441 ὡς
372 4378 439 4430 ὲν
468 4374 633 4445 κριθῇ
672 4375 767 4428 καὶ
791 4373 950 4445 πυρῷ
969 4389 982 4402 ⁸
1012 4373 1261 4443 διάφοροι
1288 4375 1394 4447 γὰρ
1424 4377 1475 4429 oi
1509 4374 1737 4445 τρόποι,
1776 4375 1869 4428 καὶ

258 4472 367 4542 οὐχ
413 4470 479 4522 ὲν
523 4468 694 4522 ἅπασι
721 4466 817 4520 τοῦ
864 4466 978 4538 βίου
1005 4466 1068 4520 τὸ
1104 4466 1320 4538 μέτρον.
1365 4466 1582 4539 Ἐπειδὴ
1621 4466 1678 4519 δὲ
1725 4464 1870 4531 ἅπαξ

1962 3376 2150 3432 risteos
2178 3370 2494 3433 conveniet,
2524 3365 2617 3436 qui
2648 3361 3015 3434 agricolarum
3051 3357 3233 3411 locum
3267 3359 3539 3414 tenentes,

1962 3471 2015 3526 in
2039 3468 2314 3524 Christum
2348 3478 2407 3518 se
2436 3460 2727 3531 injuriosos
2757 3454 3127 3525 pralmerunt,
3164 3457 3219 3504 et
3264 3443 3536 3501 bacredem

1963 3559 2297 3621 occiderunt,
2329 3563 2388 3608 ut
2415 3553 2516 3609 sibi
2550 3550 2785 3605 fructum
2814 3544 3183 3606 vindicarent,
3208 3554 3272 3592 ac
3324 3537 3391 3589 de
3419 3549 3528 3588 cte-

1966 3662 2081 3708 tero
2111 3650 2322 3705 vineam
2360 3644 2739 3715 possiderent,
2773 3637 2978 3705 ingenti
3014 3632 3354 3689 subditorum
3393 3624 3537 3679 mul-

1964 3742 2193 3796 titudine
2249 3746 2459 3791 tantum
2514 3745 2619 3784 non
2671 3739 2728 3781 ut
2771 3727 3046 3795 segetibus
3100 3720 3457 3780 exsultantes,
3485 3726 3543 3769 et

1924 3836 2021 3890 'in
2095 3847 2156 3886 ca
2203 3827 2400 3898 opibus
2453 3818 2841 3876 eminentiores
2891 3822 2953 3869 ut
3014 3811 3153 3867 mala
3206 3816 3429 3878 granata
3487 3816 3547 3860 et

1964 3938 2126 3997 poma
2157 3897 2451 3987 decerpere
2472 3911 2639 3969 soliti.
2672 3907 2780 3965 Sed
2810 3922 2904 3963 eos
2950 3900 3329 3975 pessumdedit
3358 3913 3385 3952 a
3428 3897 3541 3953 Ro-

1968 3993 2145 4072 manis
2196 4011 2418 4074 bellum,
2476 4019 2728 4075 magnum
2783 4011 2838 4054 et
2875 4011 3124 4070 parvum,
3183 3993 3446 4048 illustrem
3489 3995 3550 4043 et

1969 4109 2258 4163 obscurum
2292 4097 2653 4170 consumpsit,
2685 4093 2841 4163 quasi
2880 4091 3014 4146 ﬁcus
3041 4130 3058 4155 ,
3104 4096 3162 4141 ut
3194 4086 3354 4141 modo
3381 4080 3491 4137 dixi
3524 4118 3551 4145 ,_

1969 4199 2125 4269 quasi
2151 4198 2310 4257 vites,
2338 4193 2597 4263 palmam,
2630 4186 2860 4249 malum,
2884 4183 3049 4252 ligna,
3087 4178 3373 4239 hordeum,
3424 4172 3540 4226 fru-

1972 4262 2211 4343 mentum
2247 4298 2263 4338 :
2298 4262 2402 4336 non
2427 4287 2509 4337 est
2537 4277 2681 4333 enim
2711 4273 2955 4331 omnium
2988 4283 3094 4333 una
3135 4264 3352 4325 vivendi
3384 4262 3546 4328 ratio,

1970 4392 2025 4437 et
2058 4379 2386 4437 institutum.
2424 4371 2560 4439 Quia
2588 4384 2718 4424 vero
2744 4365 2908 4422 semel
2940 4363 3178 4419 Judazam
3221 4371 3353 4428 agro
3395 4369 3547 4411 com-

1971 4470 2206 4542 paravit,
2254 4475 2312 4522 et
2366 4462 2641 4534 principes
2698 4460 2844 4529 ipsos
2904 4453 3173 4526 agricolas
3218 4444 3546 4506 nominavit,

259 4562 432 4634 ἀγρῷ
468 4561 771 4632 παρείκασε
804 4560 904 4632 τὴν
943 4560 1051 4630 γῆν
1079 4556 1190 4613 τῶν
1243 4559 1527 4621 Ἰουδαίων,
1558 4559 1654 4611 καὶ
1693 4559 1861 4629 γηπό-

1975 4558 2026 4618 in
2061 4559 2422 4621 translatione
2459 4554 2680 4620 mansit,
2715 4561 2770 4609 et
2799 4549 3045 4606 subditos
3067 4560 3189 4601 cum
3226 4542 3359 4597 satis
3387 4546 3555 4607 atque.

259 4633 408 4718 νους
444 4653 697 4722 ὠνόμασε
744 4651 870 4715 τοὺς
906 4649 1334 4722 προεστηκότας,
1368 4649 1606 4704 σέσωκεν
1647 4650 1676 4703 ό
1705 4648 1861 4717 λόγος

1971 4654 2277 4715 arboribus,
2309 4651 2411 4706 alia
2443 4658 2604 4719 atque
2630 4646 2731 4701 alia
2762 4643 2829 4699 de
2877 4655 3042 4698 causa
3085 4633 3333 4692 contulit.

264 4748 451 4820 μέχρι
484 4745 680 4809 παντὸς
726 4744 824 4815 τὴν
870 4742 1208 4814 μεταφορὰν,
1251 4741 1422 4812 ληῖοις
1453 4758 1514 4794 τε
1556 4744 1651 4795 καὶ
1690 4740 1868 4805 ξύλοις

172 4836 181 4845 ’
261 4837 427 4894 κατά
448 4836 701 4905 διάφορον
725 4836 925 4906 τρόπον
948 4833 1318 4906 παραϐάλλων
1357 4835 1483 4898 τοὺς
1522 4834 1613 4885 ὑπ’
1648 4831 1867 4894 αὐτούς.

345 4930 419 4990 El
469 4928 525 4980 δὲ
564 4927 628 4997 δή
673 4944 753 4991 τις
795 4914 958 4980 οἴοιτο
984 4928 1066 4991 είς
1097 4925 1358 4997 ἐξήγησιν
1392 4921 1590 4995 ἠθικὴν
1621 4923 1780 4978 ταυτὶ
1807 4921 1872 4992 δὴ

261 5024 488 5096 χρῆναι
516 5019 920 5090 μετακομίζειν,
949 5021 1212 5091 φρονήσει
1238 5017 1438 5083 καλῶς,
1463 5016 1873 5088 Παρεικαστέον

265 5116 392 5184 γὰρ
428 5110 674 5180 ἀρεταῖς,
702 5110 797 5163 καὶ
823 5112 931 5173 τοῖς
956 5113 1036 5172 είς
1067 5110 1192 5164 νοῦν
1223 5109 1663 5181 κατορθώμασιν,
1694 5108 1874 5177 ἀμπε-

265 5207 392 5271 λον,
433 5203 531 5257 καὶ
565 5202 767 5275 συκῆν,
791 5203 884 5256 καὶ
910 5203 979 5256 τά
1003 5203 1167 5275 ἕτερα
1195 5203 1301 5257 τῶν
1329 5202 1526 5270 ξύλων,
1576 5200 1615 5254 ἃ.
1641 5201 1875 5270 καρποῖς

267 5295 517 5367 ὡραίοις
571 5290 968 5361 στεφανοῦσθαι
1016 5294 1179 5363 φιλεῖ.
1225 5293 1365 5347 Ἀλλ’
1416 5294 1465 5344 εί
1508 5291 1607 5361 μέν
1653 5307 1737 5355 τις
1788 5291 1872 5361 είη

272 5388 459 5458 σοφὸς
509 5388 604 5442 καὶ
655 5389 934 5461 ἀγχίνους,
969 5388 1066 5442 καὶ
1113 5389 1446 5458 αὐχημάτων
1495 5384 1714 5451 ἀγαθῶν
1761 5387 1879 5437 ἐπι-

275 5479 536 5553 μελητὴς
563 5520 577 5544 ,
625 5480 828 5551 εὐανθῆ
874 5497 934 5534 τε
970 5480 1064 5533 καὶ
1092 5479 1312 5547 εῦξυλον
1366 5478 1462 5529 τὸν
1505 5476 1585 5537 εἰς
1616 5475 1738 5531 νοῦν
1785 5475 1878 5529 καὶ

270 5571 525 5644 καρδίαν
562 5573 780 5642 φορέσει
800 5574 997 5643 κῆπον,
1029 5571 1281 5640 πολυειδῆ
1315 5569 1415 5637 τὴν
1439 5565 1640 5637 ἀρετὴν
1663 5567 1877 5637 τρέφων

274 5670 343 5720 ὲν
380 5662 588 5731 ἑαυτῷ,
642 5665 733 5716 καὶ
765 5664 944 5716 πάντα
987 5663 1188 5732 τρόπον
1237 5657 1557 5719 ἐπιεικείας.
1612 5657 1673 5709 Et
1716 5658 1770 5710 δὲ
1813 5656 1876 5727 δὴ

278 5754 544 5829 ῥᾴθυμος
590 5755 683 5806 καί
731 5754 1047 5824 φιλήδονος,
1097 5752 1192 5805 καὶ
1234 5749 1366 5803 πολὺ
1398 5749 1518 5801 λίαν
1550 5747 1877 5811 ἑκνενευκὼς

278 5849 391 5904 ἐπὶ
425 5845 497 5900 τὰ
527 5845 742 5918 αἰσχίω,
777 5845 1181 5914 καταθρηνήσει
1214 5842 1450 5906 πάντως,
1482 5838 1877 5907 μαραινομένης

2040 4916 2096 4970 Si
2149 4915 2272 4984 quis
2314 4912 2430 4966 haec
2464 4908 2532 4962 ad
2592 4903 2854 4961 moralem
2895 4896 3291 4967 expositionem
3330 4899 3549 4943 accom-

1972 4976 2235 5064 modanda
2272 5003 2505 5074 putabit,
2540 5008 2694 5053 reete
2718 4991 2950 5065 putabit.
3009 4980 3365 5043 Confercndte
3399 4976 3550 5074 enim

1978 5109 2105 5153 sunt
2131 5097 2388 5160 virtutes,
2418 5101 2473 5147 et
2506 5088 2779 5160 praeclarae
2807 5082 3052 5138 actiones
3093 5074 3261 5129 animi
3295 5085 3418 5126 cum
3464 5066 3547 5121 vi-

1982 5204 2106 5251 nea,
2154 5186 2362 5240 licubus
2384 5190 2439 5238 et
2486 5179 2793 5240 arboribus,
2829 5189 2949 5242 qua:
2998 5168 3262 5224 fructibus
3292 5162 3551 5234 pulcher-

1977 5279 2130 5335 rimis
2154 5278 2496 5331 decorantur.
2537 5271 2688 5337 Quod
2717 5270 2761 5323 si
2792 5267 2912 5335 quis
2946 5261 3163 5330 sapiens
3193 5296 3209 5323 ,
3265 5264 3320 5310 et
3353 5252 3547 5315 solers,

1975 5379 2030 5424 et
2070 5368 2311 5436 probata:
2364 5366 2549 5437 gloriae
2597 5362 2869 5420 studiosus
2901 5355 3104 5418 fuerit,
3154 5352 3368 5404 hortum
3407 5341 3552 5437 belle

1976 5432 2278 5521 florentem,
2309 5432 2636 5511 etvfelicibus
2678 5449 2938 5506 refertum
2979 5439 3260 5498 arboribus
3304 5437 3355 5491 in
3387 5432 3552 5491 corde

1975 5562 2025 5606 et
2070 5550 2252 5604 animo
2285 5562 2384 5603 suo
2442 5540 2721 5606 excitabit,
2747 5537 2913 5593 multa
2953 5536 3209 5589 virtutum
3259 5541 3455 5600 genera
3496 5532 3550 5576 ct

1976 5658 2164 5699 omnes
2220 5639 2478 5697 bonitatis
2528 5634 2712 5688 modos
2752 5633 2805 5687 in
2857 5643 2922 5686 eo
2960 5628 3169 5684 fovens.
3230 5624 3326 5679 Sin
3363 5626 3549 5675 contra

1986 5741 2227 5809 ignavus,
2263 5729 2522 5803 voluptati
2554 5727 2785 5793 deditus,
2849 5732 2904 5779 et
2934 5721 2999 5777 ad
3041 5719 3322 5775 inhonesta
3372 5705 3550 5804 [ποκ’

1985 5794 2123 5896 eius,
2171 5828 2316 5884 ﬂebit
2349 5794 2589 5892 largiter,
2610 5823 2881 5874 marcente
2899 5813 2998 5871 sibi
3021 5810 3261 5867 bonitate
3287 5809 3341 5856 et
3369 5794 3554 5849 animo
