4034 6270
472 400 580 459 517

1498 397 1558 454 S.
1599 396 1876 455 CYRILLI
1918 388 2384 451 ALEXANDRINI
2425 390 2745 447 ARCHIEP.

3632 385 3750 458 διε

475 520 813 574 sterilitatem
865 517 1085 573 multam
1124 516 1473 585 'eXperiente.
1537 490 1870 574 Providenda
1928 527 2051 573 sunt

2163 512 2304 585 αὐτῷ
2329 512 2429 583 τῆς
2460 510 2784 574 ἐπιεικείας,
2815 507 2909 562 καὶ
2940 505 3137 578 πολλὴν
3171 504 3432 567 παθόντος
3466 500 3753 572 ἀκαρπίαν

476 613 638 681 igitur
662 608 1012 678 prudentibus
1042 607 1274 664 sollicite
1299 610 1436 665 bona
1460 610 1661 675 cordis,
1716 623 1838 680 qua!
1898 624 2044 664 sem-

475 719 570 768 per
598 704 824 753 aderunt
874 699 1098 768 utique,
1146 700 1411 770 siquidem
1463 700 1568 755 illis
1621 701 1751 770 ipsis
1782 701 2051 756 oblectare

472 790 770 842 caelestium
803 789 1067 844 bonorum
1100 792 1560 863 suppeditatorem
1591 794 1879 848 voluerint.

554 965 710 1020 Vens.
746 967 834 1021 i3.
890 968 1241 1038 Accingimim‘
1313 979 1361 1024 et
1413 970 1685 1040 plangite,
1730 969 2046 1032 sacerdotes,

476 1058 837 1112 lamentauiini
868 1061 957 1128 qui
985 1062 1296 1114 ministratis
1322 1061 1500 1115 altari.
1525 1061 1899 1132 lngredimini,
1925 1064 2051 1115 dor-

477 1150 604 1201 utite
634 1149 688 1202 in
706 1153 875 1205 saccis
896 1152 1258 1206 ministrantes
1292 1152 1434 1218 Deo;
1455 1155 1582 1225 quia
1599 1153 1786 1223 defecit
1815 1159 1879 1209 de
1899 1155 2053 1208 domo

480 1240 576 1294 Dei
604 1241 758 1295 vestri
779 1242 1106 1310 sacriﬁcium
1133 1253 1178 1295 et
1205 1242 1410 1297 Iibatio.

550 1417 715 1487 209
745 1416 812 1471 X.
840 1417 1018 1472 Ellam
1054 1419 1139 1474 his
1170 1420 1276 1476 alte
1324 1427 1616 1490 exaggerat
1656 1421 2056 1489 quodammodo

479 1523 601 1577 qua:
627 1508 944 1574 acciderint,
986 1517 1041 1566 et
1074 1519 1274 1565 metum
1322 1511 1513 1565 incutit
1544 1510 1881 1578 horribilem,
1909 1528 2055 1568 rem-

478 1614 584 1669 que
647 1600 803 1671 longe
847 1601 1092 1670 plurimis
1135 1600 1607 1655 obsecrationibus
1662 1602 2054 1669 procurandum

480 1702 660 1745 monet
683 1706 746 1746 ex
778 1707 863 1756 eo,
892 1694 1031 1761 quod
1050 1692 1357 1747 sacerdotes
1379 1693 1521 1763 ipsos
1552 1692 1809 1763 plangere
1838 1709 2059 1749 necesse

479 1793 583 1838 est.
613 1783 987 1838 Verumtamen
1029 1784 1155 1837 latet
1185 1784 1438 1853 quiddam
1465 1784 1679 1839 artiﬁcii
1729 1785 1778 1837 in
1827 1784 1912 1840 his
1934 1801 2057 1840 ver-

2151 602 2246 655 τοῦ
2295 600 2409 658 νοῦ.
2472 597 2860 671 Ἐπιμελητέον
2889 597 2954 669 δὴ
2986 593 3080 650 οὖν
3108 597 3221 658 τοῖς
3250 594 3505 666 ὲχέφροσι
3548 590 3659 644 τῶν
3689 590 3755 642 ὲν

2152 691 2397 765 καρδίαις
2420 691 2660 761 ἀγαθῶν,
2684 689 2721 745 ἃ.
2759 689 2824 760 δὴ
2870 686 3167 760 προσέσται
3198 686 3439 748 πάντως,
3470 685 3523 737 εἰ
3553 682 3651 736 ἐπί
3681 699 3751 750 γε

2155 784 2341 853 σφίσιν
2374 783 2558 847 αὐτοῖς
2591 782 2906 853 εὐφραίνειν
2959 779 3166 833 ἕλοιντο
3193 777 3285 833 τὸν
3332 776 3439 831 τῶν
3480 774 3753 848 οὐρανίων

2154 873 2379 941 ἀγαθῶν
2414 873 2637 945 δοτῆρα.

2225 960 2632 1032 Περιζὼσασθε
2681 964 2780 1017 καί
2845 962 3140 1017 κόπτεσθε
3158 1000 3175 1025 ,
3228 961 3284 1014 οἰ
3347 955 3522 1025 ἱερεῖς
3541 973 3555 986 ·
3604 959 3753 1025 θρη-

2155 1053 2330 1118 νεῖτε,
2353 1057 2407 1108 al
2419 1053 2912 1125 λειτουργοῦντες
2940 1049 3362 1118 θυσιαστηρίῳ.
3396 1049 3737 1107 Ἐσέλθετε.

2155 1144 2477 1200 ὑπνώσατε
2550 1146 2621 1200 ἐν
2692 1144 2944 1212 σάκκοις
3012 1141 3503 1212 λειτουργοῦντες
3587 1138 3739 1205 Θεῷ’

2158 1239 2248 1293 ὅτι
2309 1238 2662 1311 ἀπέσχηκεν
2702 1238 2772 1304 ἐξ
2810 1239 2981 1293 οἴκου
3024 1236 3171 1291 Θεοῦ
3212 1234 3381 1306 ὑμῶν
3419 1233 3604 1289 θυσία
3642 1233 3741 1287 καὶ

2158 1330 2422 1395 σπονδή.

2232 1424 2290 1476 l'.
2334 1423 2486 1494 Αίρει
2516 1422 2615 1493 μὲν
2640 1420 2832 1493 ὥσπερ
2861 1422 2955 1474 καὶ
2980 1420 3067 1475 διά
3092 1417 3295 1473 τούτων
3323 1416 3418 1488 ὕψι
3450 1416 3514 1470 τά
3542 1416 3746 1486 συμϐε-

2159 1512 2389 1586 ϐηκότα,
2424 1514 2520 1569 καὶ
2551 1517 2608 1569 ὲν
2635 1514 2933 1585 ἀφορήτοις
2968 1515 3200 1565 ποιεῖται
3225 1510 3461 1580 δείμασι,
3488 1509 3744 1580 πλείστης

2163 1605 2264 1677 μὲν
2290 1607 2421 1678 ὅσης
2448 1604 2656 1660 δεῖσθαι
2685 1605 2839 1675 λιτῆς
2886 1603 2950 1658 τὸ
2993 1605 3182 1675 χρῆμα
3211 1602 3407 1674 δηλῶν,
3434 1601 3522 1655 διά
3545 1617 3612 1669 γε
3642 1600 3737 1653 τοῦ

2162 1696 2360 1767 χρῆναι
2394 1696 2490 1749 καί.
2531 1695 2730 1759 αὐτοὺς
2774 1693 3140 1765 κατοιμώζειν
3187 1692 3314 1756 τοὺς
3362 1692 3552 1763 ἱερεῖς.
3603 1689 3742 1760 Πλὴν

2165 1780 2278 1852 ἔχει
2309 1798 2362 1835 τι
2404 1782 2500 1836 καί⁹
2531 1782 2782 1855 εὐτεχνὲς
2818 1783 2846 1836 ό
2875 1782 3054 1850 λόγος.
3099 1780 3317 1852 Ἐπειδὴ
3355 1780 3465 1852 γὰρ
3500 1782 3614 1843 τοῖς
3640 1780 3739 1833 τῶν

483 1875 583 1929 bis.
616 1874 751 1940 Quia
820 1890 1051 1944 namque
1107 1875 1367 1929 idolorum
1432 1874 1669 1930 delubris
1744 1876 2058 1931 stultissime

2163 1871 2394 1924 εἰδώλων
2423 1872 2707 1942 τεμένεσιν
2735 1870 3074 1926 ἀϐουλότατα
3093 1867 3546 1943 προσιζήσαντες,
3575 1868 3745 1921 καίτοι

482 1971 824 2035 assederant,
876 1984 939 2022 ac
990 1968 1097 2023 Deo
1135 1985 1202 2024 ex
1257 1969 1334 2023 ira
1384 1972 1741 2039 percutieute,
1800 1970 2057 2026 auxilium

481 2061 603 2113 inde
642 2061 1022 2128 quasiverunt,
1063 2060 1269 2115 utiliter
1301 2063 1676 2116 universorum
1737 2062 1995 2118 Dominus
2028 2078 2057 2117 a

479 2150 850 2206 sacerdotibus
919 2150 1032 2205 suis
1081 2150 1330 2219 requirit,
1367 2160 1426 2207 ut
1479 2151 1796 2222 suppliciter
1854 2153 2059 2208 orando

478 2240 599 2292 aliis
629 2250 886 2309 praeeunt,
917 2248 969 2292 et
1009 2240 1111 2308 ipsi
1146 2238 1331 2296 amicti
1387 2242 1701 2297 ardentibus
1734 2244 2061 2312 pmnitentize

477 2331 672 2384 studiis
711 2330 949 2398 praesint,
999 2340 1057 2384 ut
1094 2343 1421 2400 cognoscant
1456 2335 1694 2402 percussi
1731 2338 1894 2404 quod,
1959 2336 2058 2390 nisi

483 2421 591 2475 Deo
645 2432 856 2491 gratum
918 2422 1098 2477 facere
1149 2425 1317 2479 velint
1361 2425 1521 2495 eique
1581 2426 1850 2494 supplices
1899 2427 2013 2481 ﬁeri
2044 2467 2059 2492 ,

481 2512 600 2575 eius
649 2510 718 2566 ab
759 2528 818 2566 se
864 2513 996 2565 iram
1028 2527 1135 2568 non
1163 2517 1407 2570 aversuri
1437 2518 1565 2571 sint.
1596 2517 1822 2586 Oportet
1875 2519 2058 2589 igitur,

481 2603 577 2667 ait,
594 2603 895 2659 sacerdotio
932 2603 1217 2675 fungentes
1242 2606 1625 2678 prepemodnm
1665 2610 1828 2665 etiam
1852 2611 2063 2665 caeteris

480 2694 825 2751 ronnnodare
871 2698 938 2753 de
1000 2698 1434 2754 obsecrationum
1487 2699 1798 2764 laboribus,
1832 2701 2059 2766 ululatu,

479 2782 735 2849 latuenlo,
772 2787 911 2842 sacci
945 2788 1168 2854 amictu,
1225 2803 1324 2859 per
1346 2803 1506 2857 quem
1546 2789 1860 2845 deliciarum
1887 2801 1937 2843 et
1962 2791 2057 2844 otii

483 2875 745 2941 depositio
816 2876 1173 2944 signiﬁcatur,
1244 2876 1431 2930 durior
1486 2877 1761 2943 tractatio,
1820 2878 2060 2931 laborum

484 2962 747 3026 molestia,
782 2971 837 3016 et
864 2964 987 3017 vita:
1016 2978 1135 3032 qum
1167 2972 1384 3019 sanctos
1413 2964 1623 3030 deceat,
1656 2965 1931 3020 sincerum
1962 2967 2048 3021 iu-

486 3053 870 3122 culpatumqne
912 3056 1173 3110 studium.
1222 3055 1425 3110 Deinde
1459 3070 1676 3111 causam
1708 3057 1910 3114 laboris
1955 3060 2059 3115 hu-

481 3147 573 3215 jus
604 3144 944 3200 manifestam
972 3162 1242 3216 promens,
1257 3148 1517 3219 defecisse
1538 3148 1756 3217 inquita
1784 3149 1944 3204 domo
1962 3152 2063 3206 Do-

489 3236 620 3289 mini
654 3236 977 3291 sacrillcium
1002 3237 1326 3292 etlibamen.
1354 3237 1534 3291 Dirum
1569 3240 1711 3294 dictu
1739 3258 1753 3294 :
1785 3256 1889 3295 non
1921 3243 2063 3296 enim

2157 1961 2293 2016 Θεοῦ
2328 1962 2721 2027 καταπαίοντος
2741 1962 2800 2027 ἐξ
2831 1963 3024 2035 ὀργῆς,
3050 1960 3152 2026 τὰς
3181 1962 3500 2034 ἐπικουρίας
3524 1959 3752 2031 ἐζήτουν

2158 2053 2393 2119 ἐκεῖθεν,
2446 2054 2711 2125 ἀπονέμει
2741 2055 3030 2126 χρησίμως
3056 2056 3085 2108 ό
3123 2053 3233 2107 τῶν
3277 2052 3414 2106 ὅλων
3460 2051 3593 2114 Θεὸς
3640 2051 3754 2113 τοῖς

2160 2146 2312 2209 ἰδίοις
2344 2146 2649 2217 ἰερουργοῖς
2676 2144 2738 2198 τὺ
2767 2144 3129 2216 καθηγεῖσθαι
3165 2144 3362 2208 λιταῖς,
3413 2142 3507 2197 καὶ
3539 2143 3754 2212 τληπα-

2158 2233 2268 2297 θῶς
2296 2234 2623 2304 προεστάναι
2658 2232 2767 2286 τῶν
2799 2234 2878 2296 εἰς
2914 2232 3253 2303 μετάγνωσιν
3285 2228 3751 2298 σπουεδασμάτων,

2161 2322 2230 2375 ἵν’
2277 2322 2466 2376 εἰδεῖεν
2522 2323 2571 2375 οἱ
2620 2321 2982 2393 πεπληγότες,
3031 2321 3107 2384 ὡς
3150 2322 3198 2373 εἰ
3252 2319 3328 2390 μὴ
3377 2318 3494 2385 Θεῷ
3549 2317 3759 2387 μᾶλλον

2161 2412 2369 2466 ἕλοιντο
2417 2413 2487 2467 τὰ
2524 2412 2652 2482 φίλα
2700 2412 2904 2484 ζητεῖν,
2942 2412 3035 2466 καί
3078 2410 3225 2480 αὑτῷ
3272 2410 3602 2481 προσάγοιεν
3648 2407 3754 2471 τὰς

2158 2503 2331 2566 λιτὰς,
2366 2504 2466 2556 οὐκ
2499 2502 2566 2557 ἀν
2615 2501 3029 2574 διακρούσαιντο
3066 2502 3166 2573 τὴν
3199 2502 3391 2573 ὀργήν.
3427 2502 3640 2572 Χρῆναι
3686 2499 3753 2570 δὴ

2160 2590 2255 2649 οὖν
2285 2594 2388 2666 ἔφη
2421 2596 2548 2658 τοὺς
2580 2595 2983 2667 ίερατεύοντας,
3028 2594 3309 2665 μονονουχὶ
3354 2595 3449 2647 καὶ
3493 2591 3758 2657 δανείζειν

2161 2690 2275 2752 τοῖς
2310 2687 2491 2752 ἄλλοις
2526 2688 2653 2752 τοὺς
2678 2689 2739 2740 ὲν
2764 2690 2885 2751 ταῖς
2930 2687 3104 2750 λιταῖς
3152 2686 3379 2750 πόνους,
3409 2684 3656 2738 κωκυτὸν
3686 2701 3743 2737 τε

2162 2779 2255 2831 καί⁵
2285 2776 2503 2847 θρῆνον,
2535 2778 2628 2831 καὶ
2669 2777 2873 2831 σάκκου
2925 2777 3243 2849 περιϐολὴν,
3275 2777 3343 2831 δι’
3377 2773 3439 2831 οὗ
3485 2776 3752 2847 σημαίνε-

2159 2883 2250 2921 ται
2276 2867 2489 2937 τρυφῆς
2552 2869 2645 2921 καὶ
2678 2868 2997 2938 ἀναπαύλης
3025 2868 3299 2932 ἀπόθεσις,
3336 2866 3751 2938 σκληραγωγία,

2162 2960 2257 3012 καὶ
2288 2959 2467 3023 πόνος,
2499 2961 2594 3013 καὶ
2624 2958 2771 3029 ζωῆς
2803 2960 3173 3032 ἀγιοπρεποῦς
3216 2958 3347 3030 ὀρθὴ
3387 2962 3482 3011 καὶ
3512 2959 3746 3029 ἀμώμη-

2162 3067 2255 3113 τος
2292 3049 2658 3119 ὲπιτήδευσις.
2708 3048 2840 3104 Εἶτα
2870 3049 2964 3104 τοῦ
2997 3051 3159 3104 πόνου
3190 3050 3284 3121 τὴν
3330 3049 3509 3103 αἰτίαν
3544 3048 3752 3121 ἐναργῆ

2165 3140 2451 3206 καθιστὰς,
2497 3140 2875 3211 ἀπεσχηκέναι
2919 3141 3084 3212 φησὶν
3116 3140 3176 3206 ἐξ
3204 3140 3353 3195 οἴκου
3403 3140 3610 3211 Κυρίου
3657 3139 3754 3192 θυ-

2091 3201 2134 3257 c
2169 3233 2286 3285 σίαν
2317 3201 2996 3305 καὶ-σπονδήν“.’Δριμὺςό
3036 3201 3193 3302 λόγος
3214 3248 3229 3263 ο
3264 3232 3326 3285 οὐ
3364 3232 3471 3302 γάρ
3496 3201 3640 3301 ’πρὸς
3688 3231 3755 3283 τὺ

488 3325 720 3380 allirmat
785 3327 1112 3383 sacriﬁcium
1172 3339 1225 3385 et
1258 3329 1566 3385 Iibationem
1616 3332 1917 3400 imminuta,
1973 3346 2058 3389 aut

2171 3325 2322 3392 μεῖον
2375 3320 2696 3391 ὲνηνὲχθαι,
2748 3323 2782 3393 ἢ
2831 3321 3178 3392 ὴλαττῶσθαί
3235 3338 3371 3392 φησι
3420 3320 3603 3373 θυσίαν
3648 3321 3756 3373 καὶ

488 3417 744 3473 inferiora
790 3418 932 3475 facta
960 3437 975 3487 ;
1012 3421 1103 3475 sed
1135 3421 1401 3478 defecisse
1427 3423 1623 3491 potius,
1679 3425 1729 3478 id
1760 3435 1864 3490 est,
1889 3428 2067 3482 omni-

488 3524 560 3565 no
606 3526 792 3566 eversa
820 3525 886 3567 ac
914 3510 1195 3583 proﬂigata
1243 3528 1384 3569 esse.
1414 3514 1519 3570 Res
1575 3516 1756 3586 gravis
1781 3525 1837 3572 et
1892 3517 2064 3573 mole-

486 3613 569 3658 m
604 3602 844 3671 profecto
868 3605 1296 3675 magistratibus,
1319 3607 1365 3664 si
1404 3607 1551 3663 nullo
1581 3606 1742 3664 modo
1786 3625 1817 3665 a
1883 3609 2067 3680 subje-

488 3693 594 3749 ctis
624 3694 830 3750 colatur
866 3695 1023 3752 Deus.

558 3867 723 3922 Vens.
781 3869 991 3934 11,15.
1041 3870 1383 3941 Sanetiﬁcate
1432 3874 1719 3944 jejunium,
1783 3879 2066 3947 praedicam

487 3960 833 4025 curationem,
882 3975 1186 4033 eongregate
1244 3965 1511 4030 seniores,
1570 3981 1747 4020 omnes
1815 3968 2062 4022 habitan-

485 4061 565 4106 tes
602 4062 792 4106 terram
826 4054 882 4107 in
911 4054 1123 4108 (lautum
1159 4054 1367 4109 Domini
1429 4056 1523 4111 Dei
1557 4059 1731 4124 vestri,
1766 4068 1818 4113 et
1858 4062 2061 4115 clama-

487 4154 537 4198 te
557 4147 627 4198 ad
666 4142 949 4199 Dominam
969 4146 1328 4202 vehementer:
1363 4146 1482 4202 Heu
1543 4150 1691 4216 milii,
1741 4152 1845 4206 heu
1911 4154 2061 4219 mihi,

486 4233 587 4287 heu
616 4235 766 4300 mihi,
801 4236 857 4288 in
900 4236 1058 4290 diem.

555 4322 647 4378 XI.
685 4324 802 4391 Quo
861 4335 1019 4395 pacto
1084 4326 1213 4393 ipsis
1257 4327 1548 4399 lugendum
1602 4332 1676 4387 sit
1708 4348 1922 4390 rursum
1968 4336 2061 4391 de-

487 4424 778 4482 monstrat,
809 4430 1034 4486 seseque
1066 4416 1173 4472 illis
1206 4417 1259 4472 in
1309 4418 1450 4472 viam
1491 4423 1827 4488 paenitentia
1878 4425 2062 4479 ducto-

2168 3412 2422 3482 σπονδὴν,
2454 3413 2823 3483 ἀπεσχηκέναι.
2851 3413 2909 3466 δὲ
2945 3411 3165 3483 μᾶλλον,
3193 3412 3333 3483 ὅπερ
3377 3411 3495 3465 ἐστὶ
3545 3427 3753 3463 παντε-

2166 3504 2272 3566 λῶς
2305 3504 2618 3574 ἀνατροπῆς
2648 3503 3000 3575 σημαντικόν.
3032 3503 3212 3556 Δεινδν
3241 3502 3298 3556 δὲ
3322 3503 3384 3555 τὸ
3416 3501 3606 3573 χρῆμα
3648 3500 3751 3554 καὶ

2164 3594 2428 3665 δυσαχθὲς
2475 3594 2693 3666 ἀληθῶς
2717 3598 2830 3659 τοῖς
2874 3594 3021 3649 λαῶν
3064 3594 3481 3668 προεστηκόσιν,
3513 3594 3563 3646 εἰ
3612 3592 3755 3646 κατά

2170 3687 2377 3758 μηδένα
2411 3685 2610 3759 τρόπον
2643 3687 2749 3741 ὑπὸ
2778 3688 2889 3741 τῶν
2929 3687 3354 3758 ὑπεζευγμένων
3391 3686 3757 3759 θεραπεύοιτο

2165 3780 2317 3843 Θεός.

2247 3871 2560 3943 Ἀτιὰσατε
2635 3870 2932 3937 νηστείαν
2952 3910 2967 3936 ,
3034 3868 3334 3937 κηρύξατε
3405 3871 3744 3940 θεραπείαν,

2166 3963 2534 4033 συναγάγετε
2593 3960 3056 4030 πρεσϐυτέρους,
3119 3960 3349 4028 πάντας
3400 3963 3751 4017 κατοικοῦν-

2162 4070 2270 4120 τας
2322 4052 2439 4125 γῆν
2481 4057 2569 4120 εἰς
2615 4050 2786 4107 οἷκον
2824 4054 2974 4109 Θεοῦ
3026 4052 3213 4123 ὑμῶν,
3266 4054 3365 4107 καὶ
3416 4054 3753 4123 κεκράξατε

2162 4142 2313 4212 πρὸς
2349 4144 2570 4213 Κύριον
2614 4143 2901 4211 ὲντενῶςο
2953 4144 3121 4215 οἴμοι
3153 4144 3378 4215 ,οίμοι,
3429 4145 3609 4215 οἶμοι,
3655 4148 3749 4212 εις

2161 4234 2411 4304 ἡμέραν.

2230 4324 2331 4381 IA'.
2373 4327 2507 4381 Τίνα
2532 4326 2596 4399 δὴ
2622 4326 2825 4397 τρόπον
2848 4327 3046 4391 αὐτοὺς
3082 4327 3352 4383 ποιεῖσθαι
3382 4329 3645 4399 προσήκει
3680 4327 3752 4382 τὸ

2161 4417 2376 4484 πένθος,
2405 4418 2686 4489 διατρανοῖ
2715 4418 2900 4485 πάλιν,
2932 4419 3027 4474 καὶ
3055 4420 3342 4494 ὑφηγητὴς
3369 4420 3526 4490 σοφὸς
3560 4421 3752 4486 αὐτοῖς

487 4524 602 4564 rem
631 4508 929 4579 sapientem
960 4519 1201 4580 praestat,
1235 4519 1291 4563 et
1319 4511 1514 4578 quibus
1542 4513 1917 4567 universorum
1946 4516 2051 4569 Do-

2163 4510 2414 4580 φαίνεται
2437 4510 2534 4581 τῆς
2564 4512 2643 4575 εἰς
2683 4513 3022 4583 μετάγνωσιν
3051 4511 3195 4577 ὁδοῦ,
3230 4514 3327 4567 καὶ
3372 4513 3440 4568 τά
3470 4512 3540 4567 δι’
3568 4506 3645 4568 ὧν
3680 4514 3753 4568 ἂν

488 4601 669 4656 minus
706 4601 855 4656 mitis
898 4616 961 4656 ac
1018 4601 1310 4656 benevolus
1336 4601 1598 4657 elﬁciatur
1650 4604 1893 4674 exponit.
1947 4604 2058 4662 Huc

484 4706 648 4764 porro
680 4700 784 4755 est,
824 4701 883 4746 ut
913 4706 1013 4759 ego
1045 4692 1325 4757 existimo,
1360 4697 1501 4751 iram
1532 4693 1763 4751 volentis
1812 4695 2059 4753 inhibere

484 4790 541 4839 et
574 4798 852 4839 removere
882 4784 1098 4854 penitus
1125 4785 1267 4853 quod
1330 4786 1635 4851 contristat,
1666 4797 1720 4842 et
1754 4802 2061 4858 compesce-

488 4891 548 4931 re
593 4878 736 4946 quod
766 4875 929 4942 laedit,
953 4886 1010 4931 et
1052 4875 1216 4931 vitam
1260 4877 1482 4949 insuper
1528 4877 1739 4934 felicem
1770 4879 2060 4935 bonorum-

486 4983 591 5036 que
627 4968 837 5036 cupiam
895 4966 1100 5038 largiri.
1136 4968 1225 5023 Ait
1271 4985 1421 5040 ergo,
1477 4988 1495 5021 ι
1539 4969 1889 5026 Sanctiﬁcate
1927 4973 2061 5045 jeju-

490 5062 701 5115 nium.»
738 5058 794 5113 ld
853 5068 959 5125 est,
990 5068 1244 5130 tanquam
1296 5061 1603 5125 anathema,
1645 5072 1700 5118 et
1725 5064 2050 5120 sacriﬁcium

489 5168 615 5209 vere
691 5153 1157 5217 sacratissimum,
1232 5163 1287 5207 et
1342 5167 1372 5206 a
1438 5155 1859 5222 reprehensione
1931 5157 2060 5212 alie-

490 5260 658 5315 num,
736 5255 995 5316 usurpate
1049 5243 1335 5316 jejunium.
1396 5243 1546 5298 Haud
1602 5246 1746 5301 enim
1805 5245 1886 5303 las
1929 5258 2059 5315 est,

489 5335 731 5390 ciborum
763 5336 1084 5392 abstinentia
1120 5335 1496 5406 corpusculum
1537 5336 1833 5404 emaciare,
1868 5348 1925 5393 et
1981 5341 2060 5393 in-

493 5437 574 5481 ter
631 5427 979 5495 jejunandum
1057 5443 1122 5485 ea
1188 5427 1410 5493 facere,
1462 5427 1661 5498 quibus
1723 5429 1789 5483 ad
1844 5429 2063 5485 iracun-

488 5516 632 5570 diam
667 5515 806 5569 Deus
836 5515 1098 5572 irritetur.
1123 5516 1255 5572 Nam
1282 5518 1351 5584 si,
1381 5531 1503 5571 cum
1530 5515 1737 5586 jejunio
1771 5531 1868 5572 nos
1897 5516 2063 5573 allici-

456 5596 461 5603 ’
493 5622 635 5672 tuus,
671 5620 702 5661 a
729 5604 960 5674 propriis
990 5607 1361 5663 voluntatibus
1399 5608 1681 5663 discedere
1720 5607 1975 5672 nolimus,
2006 5618 2061 5664 et

490 5698 790 5769 altligamus
817 5693 1079 5757 subditos,
1108 5704 1161 5750 et
1190 5697 1258 5749 ad
1298 5696 1561 5765 judicium
1624 5709 1689 5749 ac
1721 5708 1927 5765 pugnas
1981 5698 2060 5769 je-

490 5788 765 5856 iunemus,
800 5782 967 5857 210
993 5792 1049 5840 et
1090 5783 1458 5855 percutiamus
1516 5798 1695 5855 pugno
1755 5788 2060 5847 conditione

2159 4602 2365 4672 γένοιτο
2392 4603 2566 4674 πρᾶος
2595 4603 2688 4656 καὶ
2730 4603 2963 4675 εὐμενὴς
3005 4604 3035 4657 ὁ
3079 4604 3187 4657 τῶν
3214 4604 3354 4659 ὅλων
3381 4605 3536 4669 Θεὸς,
3572 4621 3745 4659 κατα-

2157 4697 2417 4751 δείκνυσι.
2453 4694 2625 4750 Τοῦτο
2659 4695 2722 4767 δὴ
2747 4692 2838 4767 ἦν,
2868 4692 3046 4766 οἶμαι,
3080 4697 3175 4749 καὶ
3203 4697 3470 4765 ἀνακόᾷαι
3500 4697 3750 4761 θέλοντος

2157 4789 2259 4859 τὴν
2284 4787 2470 4860 ὀργὴν,
2507 4787 2603 4841 καὶ
2644 4786 2903 4855 ἀφανίσαι
2929 4786 2991 4839 τὸ
3018 4786 3242 4846 λυποῦν.
3278 4789 3371 4842 καὶ
3407 4788 3748 4859 περιστεῖλαι

2158 4879 2219 4932 τὸ
2253 4878 2509 4949 βλάπτον,
2541 4875 2819 4931 ἐπιδοῦναί
2846 4893 2906 4930 τε
2940 4874 3100 4931 πάλιν
3129 4878 3313 4942 αὐτοῖς
3344 4878 3403 4933 τὸ
3429 4881 3745 4950 εὐημερεῖν,

2160 4973 2254 5025 καὶ
2282 4971 2580 5041 διαχεῖσθαι
2609 4972 2724 5034 τοῖς
2760 4970 3006 5038 ἀγαθοῖς.
3057 4973 3201 5041 Ἔφη
3236 4971 3450 5025 τοίνυν*
3483 4990 3503 5024 ι
3554 4973 3749 5040 Ἀγιά-

2162 5079 2292 5115 σατε
2318 5062 2592 5132 νηστείαν,
2630 5079 2649 5113 ι
2682 5062 2979 5129 τουτέστιν,
3009 5062 3084 5125 ὡς
3123 5064 3183 5116 ὲν
3207 5063 3555 5135 ἀναθήματος
3575 5068 3750 5118 ποιεῖ-

2161 5153 2255 5208 σθε
2285 5151 2459 5219 τάξει,
2490 5152 2585 5207 καὶ
2622 5153 2699 5216 ὡς
2731 5153 2791 5205 ὲν
2833 5153 3023 5218 θυσίας
3042 5155 3231 5226 τρόπῳ
3250 5194 3266 5220 ,
3288 5155 3386 5226 τὴν
3411 5156 3489 5220 ὡς
3527 5157 3749 5229 άληθῶς

2160 5244 2423 5314 πανάγιωι
2452 5244 2548 5299 καὶ
2576 5243 2878 5316 ἀμώμητον
2925 5247 3200 5317 νηστείαν.
3234 5247 3307 5300 Οὐ
3337 5247 3448 5319 γὰρ
3482 5247 3548 5320 δὴ
3577 5265 3748 5318 προσ-

2161 5337 2283 5406 ήκει
2308 5339 2427 5401 ταῖς
2445 5336 2544 5408 μὲν
2565 5335 2801 5399 ἀσιτίαις
2830 5337 3236 5408 κατατήκεσθαι
3267 5338 3327 5391 τὸ
3351 5339 3746 5411 σαρκίον,δρᾷν

2160 5426 2218 5481 δὲ
2245 5428 2440 5493 αὐτοὺς
2474 5426 2902 5499 νενηστευκότας
2928 5428 2998 5482 τά
3026 5429 3111 5498 ἐφ’
3141 5426 3221 5487 οἷς
3255 5429 3321 5484 ἂν
3347 5432 3745 5505 παροτρύνοιτο

2160 5517 2313 5583 Θεός.
2369 5521 2434 5573 Εἰ
2492 5520 2601 5591 γάρ
2654 5518 2941 5591 μέλλοιμεν
2998 5520 3056 5573 ὲν
3098 5521 3275 5595 καιρῷ
3316 5524 3574 5594 νηστείας
3629 5526 3744 5578 τῶν

2164 5609 2309 5664 ἰδίων
2351 5610 2451 5663 οὐκ
2489 5608 2872 5665 ἀποπαύεσθαι
2925 5609 3267 5682 θελημάτων,
3313 5612 3637 5667 ὐπονύττειν
3684 5613 3739 5666 δὲ

2159 5703 2285 5765 τοὺς
2314 5702 2653 5774 ὑποχειρίους
2700 5703 2781 5767 εἰς
2827 5701 3009 5773 κρίσιν
3038 5719 3095 5755 τε
3139 5704 3231 5756 καί
3262 5704 3473 5775 μάχας,
3514 5707 3742 5758 τύπτειν

2161 5810 2220 5848 τε
2250 5796 2490 5866 πυγμαῖς
2513 5794 2768 5849 ταπεινὸν
2804 5794 2947 5849 κατά
2974 5792 3033 5847 τὸ
3062 5793 3235 5864 γένος,
3269 5792 3420 5848 οὔπω
3450 5794 3739 5866 νενηστεύ-
