4034 6270
296 453 401 510 349

1169 447 1719 505 COMMENTARIUS
1758 452 1824 504 ΙΝ
1865 451 2130 508 JOELEM
2175 450 2623 508 PROPllETAM.

3436 448 3541 504 550

305 583 476 638 καμιν
488 565 556 629 ὡς
575 564 682 617 δεῖ⁹
709 563 888 615 πόνων
911 559 966 614 δὲ
993 560 1197 632 ζημίας
1218 563 1594 635 ὑπομενοῦμεν
1609 565 1856 631 είκότως,

1971 569 2243 635 bmnilem,
2293 568 2525 623 nondum
2564 576 2620 621 ut
2666 565 2820 622 decet
2851 563 3173 634 ieiunamus,
3202 571 3258 617 et
3294 561 3539 618 alliictio-

305 658 432 712 Θεοῦ
462 655 878 726 διακεκραγότος
902 665 930 686 ”
957 671 975 704 t
1002 654 1077 706 Οὐ
1113 653 1221 725 γὰρ
1258 655 1461 726 ταύτην
1491 655 1589 727 τὴν
1618 659 1869 726 νηστείαν

310 751 412 819 ἐγὼ
435 749 777 818 ἐξελεξάμην.
817 766 837 798 ι
872 747 966 798 Δεῖ
999 745 1063 815 δὴ
1094 741 1189 800 οὖν
1230 748 1565 818 ἀποσχέσθαι
1601 750 1870 819 φαυλότη-

307 861 412 906 τος,
445 841 667 894 ἕπεσθαί
701 857 778 904 τε,
809 840 906 893 καὶ
944 839 1404 910 μάλα’νεανικῶς,
1431 843 1544 905 τοῖς
1575 842 1666 894 τοῦ
1711 859 1870 909 νομο-

307 935 456 987 θέτου
488 934 732 1003 δόγμασι,
761 931 858 1002 τὴν
887 931 1122 1001 καρδίαν
1147 932 1546 996 ἀπευθύνοντας
1585 932 1719 1004 πρὸς
1762 935 1869 987 πᾶν

307 1025 476 1079 ὁτιοῦν
524 1023 629 1078 τῶν
665 1023 1004 1093 ἀρεσκόντων
1033 1023 1203 1095 αὐτῷ,
1259 1026 1353 1079 καὶ
1389 1026 1482 1079 τὸν
1510 1025 1608 1095 τῆς
1635 1025 1869 1089 διανοίας

308 1116 666 1182 ὑποφέροντας
720 1113 944 1184 αὐχένα,
990 1114 1294 1184 estnam;
1337 1132 1397 1168 τε
1443 1117 1540 1169 καὶ⁹
1569 1115 1824 1184 λέγοντας
1851 1133 1865 1147 ο

298 1223 315 1254 ι
330 1201 428 1260 Ἴδε
443 1205 538 1276 τὴν
554 1204 884 1257 ταπείνωσίν
908 1223 1010 1274 μου
1036 1209 1130 1260 καὶ
1154 1207 1246 1260 τὸν
1270 1207 1439 1260 κόπον
1463 1224 1586 1276 μου,
1609 1208 1704 1260 καὶ
1734 1207 1870 1277 ἄφες

296 1299 470 1356 πάσας
494 1295 592 1358 τὰς
623 1292 918 1364 ἁμαρτίας.
946 1294 1081 1348 »Καὶ
1103 1291 1211 1362 μὴν
1224 1293 1359 1362 πρὸς
1385 1293 1523 1364 τῷδε
1563 1294 1780 1348 κάκεῖνο
1808 1295 1870 1347 τὸ

293 1387 654 1456 προφητικόν·
698 1405 718 1435 ι
768 1384 899 1439 Ἰδοὺ
929 1382 1038 1436 οἶδε
1067 1382 1223 1451 ἡμεῖς
1269 1384 1506 1455 ἐσόμεθά
1545 1402 1648 1447 σοι,
1675 1386 1756 1439 ὅτι
1803 1386 1866 1438 σὺ

292 1478 490 1548 Κύριος
517 1481 545 1530 ὁ
563 1477 696 1539 Θεὸς
723 1475 882 1546 ἡμῶν
908 1469 978 1529 sl.
1020 1493 1041 1528 ι
1072 1475 1422 1546 Παράστασις
1452 1475 1562 1547 γάρ
1591 1477 1684 1546 ἥδε
1716 1494 1869 1530 πνευ-

295 1569 520 1639 ματικὴ,
550 1569 645 1622 καὶ
689 1569 982 1622 ἀνδάνουσα
1011 1567 1091 1638 τῷ
1121 1568 1239 1638 Θεῷ
1285 1568 1426 1638 ὑπὲρ
1473 1569 1673 1638 μόσχον
1719 1567 1860 1630 νέον,

294 1659 436 1728 ὑπὲρ
465 1659 634 1729 ἀμνὸν
662 1662 728 1712 ὲκ
757 1659 1040 1727 ποιμνίων,
1071 1659 1208 1730 ὑπὲρ
1231 1658 1416 1728 ἔριφον
1445 1658 1504 1726 ἐξ
1529 1659 1867 1729 αίγιῖνιώπὲρ

297 1751 572 1820 σεμίδαλιν
604 1753 698 1804 καὶ
735 1751 1044 1806 λιϐανωτόν.
1079 1753 1483 1822 Πνευματικαῖς
1520 1753 1627 1824 γὰρ
1657 1753 1866 1816 θυσίαις

297 1845 665 1914 εὐαρεστεῖται
715 1844 863 1905 Θεός.
926 1844 1270 1912 Ἀγιάζοντες
1331 1845 1388 1898 δὲ
1439 1845 1538 1916 τὴν
1590 1847 1864 1916 νηστείαν,

301 1935 620 2007 κηρύξωμεν
661 1937 975 2009 θεραπείαν,
1017 1939 1282 2001 τουτέστι,
1313 1939 1409 2010 τὴν
1439 1941 1548 1993 τῶν
1587 1940 1744 1993 θείων
1775 1940 1863 1993 θε·

298 2029 362 2098 λη
371 2028 552 2098 μάτων
575 2029 940 2101 ἐκπλήρωσιν,
1021 2031 1086 2102 δὴ
1111 2032 1204 2085 καὶ
1224 2032 1542 2102 πρεπόντως
1569 2034 1869 2104 παρέποιτο

293 2120 364 2171 ἂν
397 2119 458 2172 τὸ
494 2121 641 2188 εὐθὺ,
676 2123 737 2175 τὸ
767 2121 1046 2190 εὐάγωγον
1085 2121 1180 2175 τοῦ
1211 2122 1438 2192 τρόπου,
1480 2123 1543 2176 τὸ
1587 2123 1724 2194 πρὸς
1756 2125 1866 2176 πᾶν

288 2211 466 2266 ὁτιοῦν
511 2214 723 2283 ἕτοιμον
771 2214 880 2268 τῶν
923 2215 1006 2278 είς
1056 2215 1340 2279 εὐσεϐείας
1375 2216 1616 2286 ἡκόντων
1647 2215 1863 2282 λόγους.

299 2299 727 2372 ⁷Ἐπιτελέσωμεν
749 2302 806 2355 δὲ
830 2304 959 2366 τοὺς
985 2304 1219 2375 τρόπους
1235 2303 1334 2374 τῆς
1363 2304 1418 2358 θε
1429 2307 1675 2375 ρωπίας,
1693 2323 1870 2358 συνει-

285 2388 561 2460 λεγμένων
595 2394 665 2458 ,ὲν
724 2392 1021 2462 Ἐκκλησία
1054 2392 1163 2444 τῶν
1206 2395 1272 2446 ἐκ
1309 2394 1634 2462 γερουσίας,
1685 2394 1870 2447 συνδε-

282 2480 648 2553 δραμηκότων
680 2485 777 2537 καὶ
808 2484 1026 2538 πάντων
1054 2484 1162 2537 τῶν
1190 2485 1586 2540 κατοικούντων
1615 2485 1714 2558 τὴν
1741 2488 1866 2556 γῆν,

285 2573 583 2628 κλαιόντων
624 2591 686 2628 τε
715 2577 810 2629 καὶ
852 2575 996 2644 μάλα
1044 2577 1308 2639 συντόνως
1339 2579 1418 2641 εἰς
1461 2578 1592 2648 ὃλην
1625 2579 1863 2650 ἡμέραν,

286 2665 386 2718 καὶ
434 2665 719 2736 ἀραρότως
753 2667 1134 2736 διακειμένων,
1165 2670 1248 2721 ὅτι
1274 2669 1491 2722 πάντων
1528 2670 1667 2722 ὲλεεί
1703 2670 1834 2732 Θεός
1854 2687 1868 2700 ·

291 2758 412 2810 ἐστι
442 2757 550 2827 γὰρ
584 2776 602 2808 ι
619 2758 990 2828 μακρόθυμος,
1017 2760 1112 2811 καλ⁸
1141 2759 1442 2824 πολυέλεος,
1472 2761 1566 2814 καὶ
1598 2761 1867 2832 ἀληθινδς,

290 2847 530 2917 ἐξαίρων
559 2848 812 2917 ἀνομίας,
839 2850 934 2902 καὶ
964 2849 1304 2919 ὑπερϐαίνων
1343 2851 1574 2915 ἀδικίας,
1622 2871 1640 2904 ι
1676 2853 1769 2905 καὶ
1809 2854 1869 2905 οὐ

288 2939 535 3008 συνέχων
575 2941 658 3002 είς
699 2941 1004 3011 μαρτυρίαν
1030 2942 1199 3012 ὀργὴν
1241 2943 1404 2996 αὑτοῦ
1439 2943 1578 2997 κατὰ
1605 2945 1666 2998 τὸ
1696 2946 1868 3014 γένος,

285 3049 308 3083 ι
351 3031 480 3084 Ὀτι
509 3031 739 3102 θελητὴς
777 3031 956 3096 ἐλέους
989 3035 1122 3088 ἐστί.
1164 3053 1182 3086 ι

348 3163 476 3217 Ὅτι
502 3163 682 3234 ἐγγὺς
711 3165 750 3232 ἡ
778 3163 966 3233 ἡμέρα
996 3167 1242 3233 Κυρίου,
1266 3169 1363 3222 καὶ
1396 3170 1475 3234 ὡς
1501 3171 1872 3239 ταλαιπωρία

1973 677 2100 715 unm
2163 677 2350 731 pmnas
2373 661 2640 724 dabimus,
2664 658 2858 713 merito
2881 657 3146 713 clamante
3171 658 3278 710 Deo
3303 676 3314 710 :
3350 677 3367 708 ι
3397 654 3542 710 Nune

1971 751 2099 821 quid
2133 755 2235 806 hoc
2283 761 2367 806 est
2389 752 2672 821 jejunium,
2706 751 2849 819 quod
2896 750 3031 819 elegi
3065 748 3156 803 τί
3185 769 3203 801 ι
3253 749 3542 802 Abstinen-

1971 845 2100 897 dum
2133 843 2294 911 igitur
2325 844 2394 896 ab
2431 841 2801 912 improbitate,
2834 851 2887 896 et
2919 845 3169 896 mandata
3224 840 3544 910 legislatoris

1971 932 2338 986 exhaurienda
2367 940 2614 997 strenue,
2661 929 3108 1000 dirigeudumqne
3135 945 3233 984 cor
3269 932 3336 984 ad
3383 944 3544 984 omne

1972 1023 2064 1078 Dei
2105 1023 2521 1090 beneplacitum,
2583 1031 2636 1077 et
2675 1023 2872 1076 mentis
2943 1023 3124 1075 cervix
3185 1024 3540 1090 subjicienda,

1972 1115 2412 1185 psaltendumque
2453 1129 2516 1169 ac
2562 1114 2920 1169 dicendumzt
2977 1112 3109 1166 Vide
3183 1115 3542 1167 humilitatem

1970 1223 2147 1262 meam
2178 1222 2242 1261 ac
2275 1207 2512 1261 laborem
2565 1221 2764 1270 meum,
2790 1214 2842 1261 et
2868 1205 3075 1260 dimitte
3107 1203 3288 1258 omnia
3325 1215 3542 1272 peccata

1971 1299 2212 1354 mea".i
2249 1298 2474 1368 Insuper
2520 1296 2650 1351 illud
2673 1296 3074 1366 propheticum:
3113 1295 3282 1348 «Ecce
3311 1309 3407 1348 nos
3467 1293 3540 1347 tui

1969 1392 2195 1452 erimus.
2234 1389 2360 1460 quia
2409 1400 2462 1444 tu
2514 1389 2767 1444 Dominus
2813 1389 2951 1443 Deus
2994 1396 3180 1443 noster
3227 1402 3305 1441 es.
3350 1407 3369 1440 ι
3418 1385 3544 1440 Haec

1969 1483 2111 1538 enim
2130 1482 2426 1552 spiritualis
2454 1491 2536 1536 est
2560 1482 2782 1546 oblatio,
2799 1489 2853 1535 et
2876 1483 3049 1549 placet
3085 1482 3190 1536 Deo
3213 1496 3373 1550 super
3403 1481 3544 1534 vitu-

1969 1574 2078 1629 lum
2127 1575 2393 1630 novellum
2421 1574 2486 1638 “,
2568 1587 2728 1642 super
2772 1589 2968 1643 agnum
2996 1573 3061 1626 de
3093 1573 3363 1642 gregibus,
3385 1587 3544 1641 super

1970 1668 2182 1723 haedum
2211 1667 2276 1720 de
2298 1665 2498 1734 capris,
2523 1677 2686 1731 super
2719 1663 2842 1717 thus
2874 1674 2926 1718 et
2952 1663 3203 1717 similam.
3235 1664 3544 1732 Spiritu-ali-

1968 1759 2069 1814 bus
2092 1773 2325 1827 namque
2356 1755 2642 1811 sacrificiis
2673 1765 2972 1811 recreatur.
2995 1754 3411 1808 Sanctiticantes
3439 1771 3541 1808 an-

1974 1861 2080 1906 tem
2123 1849 2387 1919 jejunium
2454 1848 2806 1918 pracdicemus
2849 1845 3203 1910 curationem,
3264 1844 3365 1898 hoc
3420 1855 3543 1911 est,

1972 1944 2278 2000 divinarum
2322 1939 2656 1994 voluntatum
2714 1937 3096 2005 expletionem,
3130 1951 3288 2002 quam
3343 1935 3544 1989 decen-

1973 2044 2056 2089 ter
2087 2031 2434 2088 comitabitur
2483 2027 2768 2091 rectitudo,
2799 2041 3006 2080 morum
3060 2028 3446 2094 tractabilitas,
3477 2029 3544 2081 ad

1969 2124 2151 2180 omnia
2197 2131 2480 2193 promptus
2534 2135 2598 2175 ac
2651 2127 2872 2187 paratus
2921 2118 3166 2183 animus,
3209 2133 3546 2188 quacunque

1971 2214 2161 2285 pietati
2190 2223 2318 2270 sunt
2346 2212 2546 2266 atlinia.
2585 2212 2954 2281 Exsequemur
2985 2225 3114 2266 vero
3153 2212 3340 2266 modos
3393 2227 3548 2267 cura-

1973 2307 2135 2362 tionis
2164 2304 2506 2376 congregatis
2538 2305 2590 2358 iu
2621 2303 2864 2359 Ecclesia
2904 2304 3145 2370 senibus,
3177 2312 3230 2359 et
3273 2304 3547 2358 confluen-

1971 2400 2116 2454 tibus
2143 2397 2411 2453 universis
2443 2405 2644 2451 terram
2694 2396 3081 2464 habitantibus,
3107 2397 3548 2466 plorantibnsque

1969 2493 2324 2546 vehementer
2362 2498 2470 2544 tota
2499 2489 2607 2555 die,
2641 2497 2696 2544 et
2731 2490 3117 2545 convenienter
3145 2488 3377 2554 aﬂectis,
3409 2503 3544 2557 quo-

1971 2582 2116 2637 niam
2143 2580 2384 2636 omnium
2409 2582 2698 2637 miseretur
2729 2579 2871 2636 Deus
2899 2598 2914 2635 :
2946 2590 3030 2636 est
3059 2583 3202 2637 enim
3232 2598 3250 2632 ι
3302 2580 3548 2647 longani-

1973 2675 2098 2740 mis,
2128 2682 2182 2728 et
2211 2673 2394 2729 multa:
2423 2673 2804 2729 misericordia:
2833 2681 2887 2728 ct
2911 2688 3073 2728 verax
3088 2673 3156 2738 ",
3213 2678 3267 2726 et
3295 2672 3547 2726 auferens

1972 2766 2285 2834 iniquitates
2325 2766 2394 2831 ",
2412 2775 2467 2820 et
2508 2781 2775 2835 superans
2796 2764 3036 2835 justitias
3061 2765 3161 2829 ",i
3190 2777 3365 2831 neque
3414 2777 3547 2816 con-

1970 2857 2147 2912 tineus
2180 2856 2314 2910 iram
2341 2871 2494 2911 suam
2521 2857 2573 2910 in
2601 2857 2965 2911 testimonium
2992 2869 3188 2910 natura
3217 2870 3335 2922 sua,
3358 2873 3376 2906 ι
3400 2852 3550 2920 Quo-

1973 2947 2119 3001 niam
2149 2946 2333 3002 volcns
2369 2947 2792 3002 miscricordiam
2833 2957 2916 3001 est
2947 2948 3049 2999 ⁷⁸.»

2047 3173 2208 3226 Vens.
2245 3173 2333 3233 l5.
2377 3171 2462 3226 l6.
2497 3171 2756 3235 Quoniam
2783 3169 2943 3240 juxta
2966 3179 3040 3223 est
3073 3169 3182 3223 dies
3221 3168 3465 3230 Domini,
3497 3178 3548 3222 et

271 3254 341 3306 ἐκ
375 3257 787 3324 ταλαιπωρίας
824 3256 976 3324 ἣξει.
1020 3258 1345 3312 Κατένιιντι
1391 3261 1510 3312 τῶν
1547 3261 1868 3330 ὀφθαλμῶν

1973 3266 2123 3332 quasi
2161 3266 2371 3317 miseria
2413 3265 2475 3315 de
2500 3263 2711 3315 miseria
2739 3264 2922 3316 veniet.
2966 3263 3098 3314 Ante
3129 3261 3305 3314 oculos
3359 3273 3548 3314 vestros

268 3348 436 3418 ὑμῶν
479 3348 785 3418 βρώματα.
861 3349 1313 3418 Ἐξωίοθρεύθη
1365 3351 1434 3414 ἐξ
1488 3352 1660 3406 οἴκου
1723 3353 1871 3407 Θεοῦ

265 3440 434 3510 υμῶν
478 3441 848 3508 εὐφροσύνη,
869 3441 964 3494 καὶ
989 3441 1165 3510 χαρά.

336 3574 440 3627 lB'.
509 3573 753 3644 Ἦμέραν
797 3574 1002 3644 Κυρίου
1047 3575 1201 3646 φησὶ,
1240 3574 1363 3628 καθ’
1393 3575 1462 3647 ἢν
1493 3574 1602 3630 ἔδει
1630 3575 1871 3647 πληροῦ-

267 3665 390 3719 σθαι
413 3665 504 3720 ἰε-ἀ
541 3665 600 3730 ἐξ
624 3666 816 3737 ὀργῆς,
853 3666 887 3738 ἢ
916 3669 1011 3737 τῆς
1033 3669 1254 3738 ἁκρίδος
1284 3669 1468 3732 αὐτοῖς
1501 3669 1873 3740 ἐπενηνεγμέ-

265 3777 384 3831 νης,
419 3759 532 3812 καὶ
559 3759 628 3813 τὰ
659 3761 716 3812 ὲν
745 3760 900 3831 ἀγρῷ
929 3760 1275 3833 δαπανώσης,
1309 3762 1404 3814 καὶ
1441 3762 1522 3824 είς
1563 3760 1725 3832 λιμοῦ
1775 3761 1872 3814 καὶ

268 3851 494 3914 ἐνδείας
543 3851 864 3921 πεμπούσης
911 3851 1160 3922 δείματα,
1211 3853 1305 3906 κα)⁸
1345 3853 1514 3923 αὐτὴν
1566 3852 1871 3922 ἐντιθείσης

267 3943 363 3997 τοῦ
398 3942 644 3995 θανάτου
683 3944 782 4013 τὴν
816 3943 1006 4008 πτόαν,
1039 3945 1207 4014 ἧγουν
1235 3944 1343 3997 τῶν
1372 3944 1732 3998 Βαϐυλωνίων
1772 3961 1873 3998 κα-

272 4031 692 4101 ταφθειρόντων
720 4034 956 4097 ᾶπαντα,
988 4033 1178 4086 πόλεσι
1201 4051 1261 4087 τε
1294 4034 1389 4087 καὶ
1421 4033 1637 4104 κώμαις
1665 4037 1872 4104 ἐμφυο-

278 4125 494 4196 μένων,
541 4123 666 4176 ἄλλο
698 4141 757 4176 τε
803 4125 890 4177 ἐπ’
923 4125 1064 4196 ἄλλῳ
1107 4126 1635 4197 προσεργαζομένων
1679 4128 1868 4195 κακὸν,

275 4216 374 4270 καὶ
404 4213 786 4285 ταλαιπωρίαν
829 4217 894 4268 ὲκ
926 4216 1299 4290 ταλαιπωρίας
1349 4217 1872 4288 προσεπιρῤιπτούν-

271 4325 388 4361 των
421 4306 513 4359 ἀεὶ
540 4307 807 4361 ἐνοικοῦσι
839 4307 932 4378 τὴν
977 4309 1100 4378 γῆν,
1135 4309 1207 4372 ὡς
1238 4307 1360 4380 μηδ’
1392 4309 1516 4362 ὅσον
1541 4312 1714 4364 εἰπεῖν
1737 4310 1870 4364 ἀνα-

275 4401 519 4456 πνεῦσαι
547 4400 808 4454 δύνασθαι
839 4401 1035 4471 βραχὺ,
1079 4401 1171 4456 καί
1208 4419 1259 4456 τι
1287 4402 1376 4458 διὰ
1420 4404 1586 4473 μέσου
1621 4404 1871 4473 γενέσθαι

275 4493 544 4566 χρηστόν·
586 4494 672 4562 ἐφ’
705 4485 888 4562 ὧνπερ
918 4489 986 4563 ἦν
1020 4493 1188 4558 εἰκὸς,
1229 4495 1331 4548 κᾶν
1372 4496 1501 4565 γοῦν
1544 4497 1651 4550 ἀπὸ
1673 4498 1871 4570 μέρους

1975 3356 2243 3408 alimenta.
2287 3354 2506 3408 Sublata
2532 3367 2647 3408 sunt
2674 3355 2736 3408 de
2763 3355 2916 3408 domo
2967 3353 3060 3407 Dei
3088 3355 3238 3408 restri
3269 3355 3451 3408 la'titia
3499 3361 3548 3408 οι

1973 3447 2245 3516 gaudium.
3619 3437 3622 3442 ’

2042 3579 2159 3635 XII.
2193 3581 2344 3635 Diem
2389 3581 2595 3635 Domini
2634 3592 2810 3646 vocat,
2847 3597 2952 3650 qua
2986 3581 3080 3636 ira:
3129 3581 3244 3649 ejus
3289 3578 3549 3633 satisfieri

1973 3683 2202 3740 Oportet,
2237 3682 2327 3726 aut
2355 3673 2559 3726 locusta
2597 3673 2725 3740 ipsis
2753 3673 3014 3735 immissa,
3041 3681 3094 3724 et
3125 3670 3304 3736 fruges
3337 3670 3387 3722 in
3420 3684 3551 3738 agro

1973 3763 2318 3830 depasccnte,
2343 3770 2397 3816 et
2427 3761 2587 3815 famis
2625 3769 2788 3828 atque
2823 3760 3063 3830 penuriae
3095 3761 3350 3814 horrores
3394 3758 3550 3813 incu-

1977 3854 2162 3916 tiente,
2223 3851 2504 3920 ipsumque
2570 3850 2760 3905 mortis
2811 3864 3065 3920 pavorem
3114 3849 3411 3915 inferente;
3455 3860 3551 3906 aut

1975 3943 2284 4013 Babyloniis
2310 3943 2492 3998 omnia
2539 3943 2895 4005 vastantibus,
2948 3941 3277 4009 urbibusque
3323 3951 3376 3996 et
3414 3941 3550 3996 vicis

1975 4037 2434 4098 incumbentibus,
2479 4045 2532 4090 et
2560 4036 2766 4090 cladem
2801 4034 2950 4088 clade
2996 4034 3414 4098 cumulantibns,
3447 4033 3550 4088 mi-

1975 4128 2282 4196 seriamque
2310 4141 2375 4180 ex
2410 4128 2628 4181 miseria
2665 4126 2932 4195 indigenis
2981 4124 3543 4193 superadjieientibus,

1978 4231 2037 4276 ut
2071 4235 2137 4274 ne
2164 4221 2231 4272 ad
2255 4231 2508 4288 punctmu
2539 4219 2754 4288 quidem
2800 4217 3059 4285 temporis
3107 4215 3322 4284 paulum
3372 4219 3547 4285 respi-

1976 4326 2100 4366 rare
2162 4321 2382 4379 queant,
2448 4319 2503 4364 et
2544 4311 2746 4363 interea
2823 4308 3023 4376 aliquid
3084 4307 3208 4362 boui
3281 4305 3394 4364 fiat.
3481 4305 3548 4361 Et

1975 4419 2187 4472 aequum
2245 4410 2362 4458 erat
2432 4402 2623 4456 saltem
2701 4416 2766 4455 ex
2819 4411 2970 4468 parte
3019 4411 3072 4454 et
3142 4401 3402 4456 mediocri
3460 4415 3552 4454 soe

1975 4493 2104 4548 latio
2165 4491 2403 4562 perfrui,
2445 4496 2536 4562 qui
2595 4501 2674 4545 tot
2742 4493 3097 4546 incommodis
3155 4507 3276 4547 sese
3355 4507 3552 4547 conse-

278 4587 514 4658 μετρίαν
559 4586 814 4640 δύνασθαι
868 4587 1201 4658 παραψυχὴν
1233 4587 1376 4658 ἔχειν
1406 4592 1531 4653 τοὺς
1568 4594 1634 4662 τῇ
1678 4593 1868 4662 συχνό-

1975 4585 2283 4652 queutibus'
2310 4582 2706 4639 intolerandum
2760 4585 2810 4636 iu
2837 4584 3051 4636 modum
3086 4582 3263 4638 allecti
3305 4583 3550 4638 fuissent.

275 4695 407 4747 τητι
455 4677 638 4731 λοιπὸν
694 4678 803 4731 τῶν
845 4679 1034 4734 κακῶν
1080 4680 1372 4750 ἀφορήτως
1416 4681 1867 4751 ὲντετηγμένους.

290 4765 516 4836 Ἐπειδὴ
558 4767 614 4820 δὲ
661 4771 1074 4841 πεπαινομένων
1099 4770 1207 4825 τῶν
1235 4770 1460 4842 καρπῶν
1492 4771 1612 4844 ἤδη,
1647 4774 1741 4826 καὶ
1779 4775 1872 4827 τὸν

276 4856 517 4926 ἀμῶντα
558 4855 743 4912 λοιπὸν
786 4860 1098 4914 καλούντων
1142 4862 1228 4930 ἐφ’
1273 4863 1486 4925 ἑαυτοῖς
1532 4861 1638 4914 τῶν
1678 4862 1871 4932 ληῖων,

281 4949 511 5020 βότρυός
542 4965 600 5002 τε
629 4954 1157 5023 καταπερκάζοντος,
1197 4955 1290 5007 καὶ
1333 4955 1657 5026 γλιχομένου
1689 4955 1871 5008 ἐκθλί-

277 5041 501 5103 ϐεσθαι,
533 5041 722 5110 γέγονέ
753 5061 852 5097 που
879 5046 1019 5115 τάχα
1040 5047 1140 5117 τῆς
1161 5047 1431 5120 ἀκρίδοςή
1466 5048 1694 5119 ἐμϐολὴ,
1721 5047 1869 5118 Βρώ-

282 5152 458 5206 ματα,
491 5136 681 5205 φησὶν,
708 5137 1078 5210 ὲξωλοθρεύθη
1121 5139 1180 5204 ἐξ
1202 5141 1490 5211 ὀφθαλμῶν
1520 5140 1720 5203 αὐτῶν,
1763 5135 1875 5194 οἷον

279 5228 658 5298 ἠρπάσμένων
701 5229 812 5282 τῶν
846 5231 905 5284 ὲν
946 5231 1068 5300 ὄψει
1097 5232 1500 5302 γεγενημένων,
1541 5233 1876 5302 παρακειμέ-

278 5337 390 5373 νων
420 5319 607 5392 ὦσπερ
637 5321 840 5386 αὐτοῖς,
889 5321 982 5376 καὶ
1011 5322 1108 5394 τὴν
1147 5323 1448 5377 ἀπόλαυσιν
1474 5321 1707 5391 ἐχόντων
1742 5327 1875 5379 ἑτοι-

283 5411 549 5483 μοτάτην.
592 5413 916 5485 Ἐξῃρθῆναι
959 5415 1016 5468 δὲ
1061 5415 1223 5469 πάλιν
1251 5413 1656 5468 διαϐεϐαιοῦται
1690 5416 1783 5469 καὶ
1813 5419 1872 5483 ἐξ

277 5501 434 5554 οἴκου
459 5502 663 5573 Κυρίου
689 5503 788 5575 τὴν
813 5505 1156 5578 εὐφροσύνην
1182 5507 1275 5560 καὶ
1295 5506 1395 5575 τὴν
1436 5505 1625 5576 χαράν.
1661 5507 1858 5561 Ἐθυον

279 5591 418 5660 γὰρ,
437 5593 556 5656 ταῖς
590 5593 649 5659 ἐξ
689 5594 872 5664 ἀγρῶν
909 5597 1237 5667 εὐκαρπίαις
1280 5595 1728 5666 ἐπαγαλλόμενοι,
1771 5599 1862 5651 καὶ

363 5789 405 5820 ⁷²
437 5788 601 5864 Zach.
640 5809 728 5855 vn,
765 5793 816 5846 5.
894 5794 940 5825 ⁷³
976 5793 1114 5848 Ρεττι.
1160 5798 1302 5864 ς’χιν,
1339 5799 1418 5853 l8.
1497 5799 1540 5830 "
1572 5797 1711 5853 Psal.
1772 5812 1868 5850 ut

1994 5800 2082 5855 5'2.
2160 5801 2204 5832 ⁷⁸
2239 5799 2378 5854 Psal.
2408 5809 2504 5859 CII,
2545 5797 2597 5853 ὃ.

287 5872 471 5930 Lutv,
509 5863 558 5917 ὅ.
669 5865 712 5896 ⁷⁸
742 5864 876 5919 Osee
911 5881 982 5933 ιι,
1022 5867 1080 5918 6.

1975 4677 2041 4730 Et
2070 4677 2191 4744 quia
2229 4677 2474 4745 frugibus
2523 4675 2681 4743 211
2711 4676 2958 4741 maturis,
2993 4686 3046 4727 et
3076 4676 3347 4743 segetibus
3415 4689 3551 4727 mes-

1969 4782 2148 4822 sorem
2191 4767 2304 4836 jam
2355 4767 2694 4832 vocantibus,
2751 4775 2807 4818 et
2862 4780 2966 4819 uva
3013 4777 3164 4820 cocta
3234 4764 3545 4832 calcarique

1968 4859 2332 4923 desiderante,
2365 4857 2572 4912 locusta
2604 4856 2856 4912 celeriter
2895 4856 3036 4911 forte
3075 4855 3290 4925 irrupit,
3323 4855 3552 4908 alimen-

1971 4959 2020 5002 ta
2049 4951 2116 5005 ab
2154 4951 2328 5005 oculis
2357 4965 2542 5004 eorum
2584 4948 2761 5003 ablata
2811 4963 2931 5003 esse
2971 4947 3306 5018 pronuntiat,
3343 4945 3488 5000 velut
3507 4946 3552 4999 si

1971 5044 2193 5113 abrepta
2245 5042 2493 5109 fuissent,
2526 5057 2646 5112 qua:
2681 5040 2734 5095 in
2772 5049 3065 5111 conspectu
3109 5048 3164 5094 et
3212 5046 3339 5093 ante
3369 5037 3556 5092 oculos

1975 5135 2077 5190 sibi
2120 5135 2317 5204 posita,
2342 5144 2397 5191 et
2451 5137 2518 5192 ad
2562 5134 2847 5189 fruendum
2920 5132 3155 5187 maxime
3201 5131 3255 5185 in
3304 5140 3553 5202 promptu

1972 5228 2308 5285 habuissent.
2370 5232 2556 5286 Denuo
2607 5229 2839 5284 allirmat
2880 5229 2946 5283 de
2996 5229 3158 5282 domo
3202 5226 3412 5284 Domini
3452 5228 3554 5283 la:-

1972 5323 2145 5376 titiam
2205 5331 2260 5376 et
2324 5323 2582 5391 gaudium
2652 5321 2898 5392 periisse.
2961 5318 3354 5376 Sacrificabant
3405 5319 3553 5374 enim

1970 5431 2091 5470 cum
2108 5414 2463 5470 exsultatione
2500 5415 2568 5470 de
2586 5413 2738 5478 uberi
2781 5411 2993 5481 frugum
3024 5421 3305 5479 proventu,
3358 5409 3545 5464 trade-

1969 5508 2203 5575 bantque
2218 5521 2276 5561 se
2294 5503 3206 5574 hilaritatilomnimodis,gratiarqu
3225 5516 3446 5559 munera
3467 5501 3556 5554 de-

1969 5599 2378 5669 dicantes,quod
2405 5607 2560 5651 terra:
2588 5595 2743 5652 bonis
2773 5596 2977 5652 affatim
3006 5597 3315 5653 circumfusi
3349 5598 3552 5648 essent.

2675 5795 2722 5826 ⁷⁸
2754 5795 2921 5853 Exod.
2993 5809 3176 5854 xxxiv,
3215 5793 3268 5844 7.
3342 5779 3551 5835 "P531.
