4034 6270
240 351 330 410 355

1096 344 1649 403 COMMENTARIUS
1687 343 1756 400 ιΝ
1790 342 2058 400 JOELEM
2101 343 2546 401 PROPIIETAM.

3367 351 3473 408 εδι

239 458 611 518 συνδιολώλασιν
636 459 694 512 αἱ
714 457 816 529 τῆς
852 460 1061 531 ἐρήμου
1094 463 1243 529 πόαι,
1270 463 1595 533 καθίστησιν
1617 464 1779 534 ἐναρ-

1894 463 2197 520 solitudinis
2248 464 2429 519 herbae
2472 464 2771 532 perierunt,
2808 461 3029 532 subiicit
3070 463 3239 530 clare,
3286 467 3472 523 ovium

237 555 338 623 γὲς.
377 547 657 620 ἠφανίσθαι
705 549 883 618 λέγων
935 552 1032 605 καὶ
1076 552 1215 606 αὑτά
1247 554 1359 606 τῶν
1396 553 1689 623 προϐάτων
1716 553 1787 608 τὰ

239 642 452 713 ποίμνια,
478 639 623 709 λιμῷ
667 640 892 705 πάντως
932 643 1383 715 κατεφθαρμένοι.
1413 645 1508 697 καὶ
1536 645 1636 715 τῆς
1661 661 1787 699 συν-

243 735 382 806 ήθους
396 734 474 789 καὶ
494 733 822 803 φιλαιτάτης
843 735 1029 798 αὐτοῖς
1044 735 1242 806 ἔστερη
1251 734 1386 805 μένα
1400 733 1564 805 ζωῆς.
1588 737 1787 805 Ἐφαρ-

248 828 375 899 posst
399 825 447 879 δὲ
472 825 566 879 καὶ
592 823 770 879 ταῦτα
792 825 973 895 σοφῶς
997 828 1118 889 ταῖς
1161 826 1428 880 Ἰουδαίων
1452 830 1782 899 συμφοραῖς,

244 920 286 974 οἳ
310 917 744 988 πεπαρῳνήκασιν
765 916 848 979 είς
873 918 1132 987 Χριστόν.
1307 944 1340 971 .-

299 1009 436 1079 Πρὸς
451 1007 545 1073 σὲ,
572 1009 766 1077 Κύριε,
782 1007 1114 1078 βοήσομαι,
1136 1008 1226 1062 ὅτι
1253 1008 1373 1079 πῦρ
1401 1010 1685 1080 ἀνήλωσε
1715 1012 1787 1067 τὰ

239 1102 396 1172 (iouia
410 1100 510 1170 τῆς
522 1100 761 1171 ἐρήμου,
791 1100 889 1155 καὶ
906 1099 1068 1168 φλὸξ
1088 1100 1289 1169 ἀνῆψε
1315 1101 1513 1156 πάντα
1536 1102 1611 1157 τὰ
1630 1103 1787 1167 ξύλα

234 1193 329 1248 τοῦ
362 1193 554 1263 ἀγροῦ,
582 1192 682 1247 καί
731 1195 807 1247 τὰ
841 1193 1034 1261 κτήνη
1059 1193 1165 1247 τοῦ
1188 1194 1401 1249 πεδίου
1439 1195 1788 1265 ἀνέϐλεψαν

231 1283 366 1355 πρὸς
388 1284 473 1347 σὲ,
504 1284 595 1338 ὅτι
623 1283 1058 1353 ἐξηράνθησαν
1098 1284 1347 1353 ἀφέσεις
1402 1285 1657 1353 ὑδάτων,
1686 1285 1786 1341 καὶ

225 1377 332 1444 πῦρ
352 1374 635 1445 κατέφαγε
658 1376 732 1429 τὰ
755 1375 869 1443 τῆς
898 1375 1143 1445 ἐρήμου.

286 1468 376 1522 M’.
403 1468 588 1539 Ὦραῖα
615 1468 716 1538 μὲν
740 1468 838 1538 τῆς
862 1469 1072 1539 ἐρήμου
1096 1468 1232 1540 φησὶ
1251 1467 1323 1522 τὰ
1342 1470 1400 1523 ὲν
1422 1471 1627 1535 πεδίοις
1644 1473 1785 1542 τάχα

220 1578 314 1616 που
340 1563 443 1624 τοῖς
471 1559 760 1631 ἀνηρότοις
782 1560 1101 1630 αὐτομάτως
1134 1561 1488 1632 ἀναφυόμενα
1511 1579 1527 1596 ·
1554 1562 1689 1627 ξύλα
1721 1582 1785 1634 γε

222 1651 319 1723 μὴν
339 1651 430 1704 τοῦ
449 1651 647 1723 ἀγροῦ,
676 1654 748 1704 τὰ
766 1652 825 1704 ὲν
854 1652 1050 1723 κήποις
1077 1651 1175 1706 καὶ
1202 1653 1551 1725 παραδείσοις
1589 1655 1784 1726 εὐγενῆ

219 1742 580 1813 βλαστήματα,
609 1743 707 1796 καὶ
729 1745 848 1806 ταῖς
873 1741 933 1807 ἐξ
957 1742 1116 1815 ὡρῶν
1134 1743 1466 1815 εὐκαρπίαις
1497 1746 1784 1817 περιανθε-

1889 570 2079 627 greges
2129 555 2429 622 interiisse,
2462 556 2607 612 fame
2652 566 2874 612 enectos
2910 557 3168 616 funditus.
3210 571 3472 614 consueto

1888 654 1942 701 et
1983 647 2295 715 gratissimo
2346 647 2589 718 ipsorum
2627 648 2769 704 victu
2816 651 3077 719 privatos.
3139 651 3264 708 ιιωη
3307 668 3473 724 porro

1888 752 1995 793 non
2050 740 2243 795 inscite
2292 739 2359 794 ad
2405 739 2712 796 Iudaeorum
2766 743 3106 800 calamitates
3155 744 3460 800 trahentur.

1888 829 1980 900 qui
2013 828 2289 887 Christum
2322 831 2530 901 injuriis
2561 846 2912 889 vexaverant.

1958 1003 2123 1061 νεεδ.
2158 1005 2247 1072 19,
2271 1005 2360 1061 ΞΟ.
2392 1005 2476 1059 Ad
2517 1014 2586 1072 te,
2625 1006 2873 1075 Domine,
2911 1008 3173 1075 clamabo,
3223 1016 3473 1081 quoniam

1889 1098 2027 1167 ignis
2078 1100 2399 1168 consumpsit
2429 1100 2663 1164 speciosa
2691 1099 2901 1166 deserti,
2935 1111 2982 1154 et
3005 1104 3225 1168 ﬂamma
3261 1121 3474 1158 succen-

1887 1191 1963 1245 dit
1997 1191 2172 1246 omnia
2200 1190 2347 1262 ligna
2384 1193 2523 1262 agri,
2549 1202 2599 1246 et
2636 1196 2883 1264 jumenta
2920 1196 3096 1262 campi
3128 1208 3471 1263 suspexerunt

1886 1285 1955 1336 ad
1984 1291 2057 1350 te,
2085 1285 2338 1354 quoniam
2383 1284 2633 1353 arefactis
2676 1296 2795 1339 sunt
2835 1286 3137 1341 emissiones
3187 1303 3468 1358 aquarum,

1886 1386 1935 1430 et
1957 1377 2092 1446 ignis
2119 1377 2377 1432 deuorauit
2407 1378 2644 1446 speciosa
2675 1378 2887 1432 deserti.

1956 1469 2097 1523 XIV.
2131 1469 2389 1538 Speciosa
2435 1469 2637 1524 deserti
2670 1469 2905 1537 appellat
2947 1458 3197 1533 fortasse,
3244 1486 3362 1540 ηοω
3415 1472 3469 1525 in

1887 1560 2096 1630 campis
2136 1576 2242 1616 non
2287 1560 2455 1615 aratis
2492 1569 2686 1630 sponte
2735 1573 3088 1616 enascuntur.
3118 1561 3286 1634 Ligna
3341 1578 3469 1618 vero

1887 1651 2026 1719 agri,
2062 1650 2344 1704 hortorum
2373 1661 2427 1705 et
2457 1650 2840 1706 viridariorum
2868 1653 3066 1707 nobilia
3107 1654 3349 1723 germina
3372 1697 3388 1719 ,
3414 1663 3471 1709 et

1888 1742 2206 1812 tempestiva
2272 1740 2543 1797 fructuum
2620 1746 2773 1813 copia
2812 1743 3204 1798 circumornari
3287 1744 3466 1798 solita.

219 1833 398 1897 ξεσθαι
417 1834 713 1904 πεφυκότα.
747 1833 930 1889 Ταῦτα
957 1833 1015 1887 δὲ
1043 1836 1101 1889 ὲν
1129 1834 1260 1888 εῐδει
1292 1836 1465 1907 πυρὸς
1495 1836 1784 1909 κατεδηδο-

1894 1831 2013 1885 ΙΙιεο
2052 1830 2193 1884 velut
2228 1830 2406 1901 ignem
2444 1833 2735 1886 devorasse
2780 1832 3168 1901 propemodum
3203 1831 3468 1885 bruclium

218 1924 368 1979 κέναι
412 1926 573 1996 φησὶν
625 1927 905 1998 μονονουχὶ
962 1926 1191 2000 βροῦχόν
1241 1945 1302 1981 τε
1357 1929 1452 1982 καὶ
1496 1930 1777 2002 ὲρυσίὸην.

220 2018 446 2070 Ποιεῖται
477 2017 535 2070 δὲ
564 2019 846 2090 χρησίμως
893 2019 994 2091 τὴν
1027 2019 1165 2090 πρὸς
1197 2020 1328 2074 Θεὸν
1379 2021 1544 2093 εὐχὴν
1566 2023 1783 2077 ἐκτενέ-

218 2122 399 2171 στατα,
420 2106 700 2174 διδάσκων,
732 2107 807 2173 ὡς
834 2107 1037 2180 ἣκιστα
1064 2110 1164 2181 μὲν
1193 2111 1324 2183 παρ’
1362 2112 1551 2182 ἐτέρου
1597 2112 1782 2182 ζητεῖν

211 2197 386 2268 δεήσει
430 2201 529 2270 τῆς
562 2186 843 2272 συμφορᾶς
887 2199 988 2274 τὴν
1035 2202 1359 2268 ἀπόστασιν,
1394 2205 1693 2275 προσάγειν
1725 2203 1784 2257 δὲ

209 2290 352 2361 μόνῳ
377 2290 455 2361 τῷ
483 2290 674 2356 σώζειν
702 2288 940 2363 ἰσχύοντι
960 2292 1062 2359 τὰς
1097 2294 1269 2362 λιτὰς,
1298 2296 1391 2350 καὶ
1422 2295 1497 2360 ὡς
1523 2296 1581 2363 ἐξ
1610 2295 1784 2367 ὀργῆς

204 2383 542 2452 ἐπάγοντιτά
572 2386 910 2440 καταλυπεῖν
941 2386 1190 2442 εἰωθότα.
1218 2388 1311 2459 Μὴ
1341 2386 1453 2460 γὰρ
1477 2387 1543 2460 δὴ
1581 2389 1781 2460 χρῆναι

203 2474 419 2542 φρονεῖν
444 2468 503 2526 εὖ
526 2474 671 2544 μάλα
691 2475 855 2545 φησὶν
883 2475 1203 2546 αὐτομάτως
1223 2492 1286 2529 συ
1294 2476 1494 2548 μθήναι
1515 2476 1585 2530 τὰ
1602 2477 1781 2531 τοιάδε

197 2561 309 2614 τῶν
339 2562 548 2629 κακῶν,
582 2563 944 2635 δπενηνέχθαι
970 2564 1030 2618 δὲ
1066 2565 1265 2635 μᾶλλον
1289 2565 1366 2629 ὡς
1397 2567 1463 2620 ἐκ
1491 2565 1650 2620 θείων
1684 2568 1784 2621 αὐ-

198 2653 314 2714 τοῖς
348 2654 695 2723 μηνιμάτων,
746 2656 843 2709 καὶ
889 2655 1051 2710 τοῦτο
1081 2657 1244 2721 αὐτὸς
1278 2660 1411 2729 ἡμῖν
1453 2660 1483 2712 ὁ
1513 2658 1623 2712 τῶν
1649 2658 1787 2711 ὅλων

197 2743 336 2805 Θεὸς
365 2743 461 2796 διὰ
489 2745 672 2815 φωνῆς
704 2744 893 2816 ἑτέρου
921 2748 1204 2818 προφήτου
1256 2748 1452 2816 φησίνσ
1484 2767 1503 2800 t
1538 2748 1603 2800 Et
1634 2746 1787 2802 ἔσται

202 2834 378 2887 κακία
409 2834 471 2888 ὲν
498 2834 670 2900 πόλει,
702 2836 770 2907 ἢν
803 2836 1011 2908 Κύριος
1055 2837 1154 2892 οὐκ
1184 2839 1461 2907 εποίησεν.
1493 2856 1512 2889 t
1553 2839 1629 2892 Οὐ
1680 2838 1789 2910 γὰρ

200 2924 273 2978 ἂν
298 2924 518 2992 γένοιτό
537 2942 592 2979 τι
621 2926 730 2980 τῶν
755 2927 960 2981 κακοῦν
983 2927 1251 2983 εἰωθότων
1284 2929 1490 2995 πόλεις,
1523 2928 1556 2999 ή
1583 2928 1786 3001 χώρας,

193 3014 223 3068 ὃ
251 3015 556 3084 πράττοιτο
591 3016 659 3069 ἂν
683 3012 879 3088 μὴ-οὗκ
908 3020 1152 3088 ἐφιέντος
1173 3020 1328 3076 Θεοῦ.
1356 3021 1522 3086 Σώζει
1559 3024 1668 3094 γὰρ
1694 3022 1790 3087 οὓς

192 3107 259 3160 ἃν
285 3106 495 3173 ἕλοιτο,
526 3108 623 3161 καὶ
642 3108 975 3165 ἀπαλλάττει
996 3112 1201 3168 κακῶν.
1238 3114 1547 3169 Ἀναπείθει
1570 3110 1663 3171 οὖν
1677 3115 1788 3169 τῶν
1814 3165 1855 3185 ﬂ

191 3198 590 3271 λελυπηκότων
621 3202 722 3273 τὴν
750 3201 905 3256 λύσιν
933 3203 1121 3274 ζητεῖν
1153 3206 1305 3278 παρὰ
1347 3206 1504 3273 Θεοῦ,
1538 3208 1789 3279 ῥιπτοῦν-

196 3309 283 3356 τας
317 3291 558 3364 μακρὰν
581 3295 644 3347 τό
687 3311 752 3363 γε
785 3293 996 3350 οἴεσθαι
1024 3297 1138 3351 δεῖν
1168 3297 1271 3367 τῆς
1296 3298 1405 3353 τῶν
1423 3298 1793 3370 ψευδωνύμων

195 3382 337 3436 θεῶν
377 3383 599 3454 χειρὸς,
628 3384 724 3439 καὶ
749 3386 1076 3459 ἐπικουρίας
1105 3386 1393 3456 δεδεῆσθαι
1433 3388 1503 3442 τὰ
1547 3389 1666 3442 κατ’
1694 3390 1794 3444 αὑ-

181 3473 324 3536 τούς.
359 3493 378 3525 ι
416 3473 839 3544 Ἐξηράνθησαν
871 3475 961 3541 δὲ,
998 3477 1201 3547 φησὶν,
1242 3477 1468 3546 ἀφέσεις
1518 3479 1786 3534 ὑδάτων.»

192 3565 381 3620 Ὑετοῦ
412 3566 544 3637 γὰρ
558 3567 660 3620 οὐκ
677 3567 930 3639 ἀρδοντος
947 3566 1047 3639 τὴν
1066 3568 1193 3638 γῆν,
1220 3569 1325 3624 καθ
1335 3569 1555 3640 ιεμένης
1574 3570 1632 3624 δὲ
1654 3570 1792 3642 πρὸς

172 3658 354 3730 τούτῳ
392 3658 521 3729 τῆς
552 3658 832 3730 ἐρυσίϐης,
864 3659 1277 3732 ὲξωπλισμένης
1307 3661 1366 3715 δὲ
1402 3662 1498 3715 καὶ
1541 3661 1786 3733 ἀκρίδος,

173 3752 268 3805 καὶ
300 3751 561 3825 βρούχου
595 3749 894 3820 πηδῶντος,
923 3750 1020 3805 καὶ
1065 3751 1294 3823 κάμπης
1332 3753 1631 3824 ἑρπούσης,
1670 3753 1790 3817 πῶς

168 3842 237 3897 ἂν
275 3841 614 3915 ἀμφίϐολον
662 3837 731 3911 ἦν
764 3842 841 3905 ὡς
870 3843 1088 3906 πάντως
1139 3842 1339 3914 οἴχοιτο
1382 3844 1450 3898 ἂν
1503 3847 1689 3909 αὐτοῖς
1719 3845 1791 3901 τά

169 3936 411 4008 ζωαρκῆ
457 3933 612 4004 πρὸς
658 3933 720 3987 τὸ
759 3933 958 4006 μηδὲν;
1005 3935 1530 4006 Καταφθειρομένης
1579 3935 1638 3989 δὲ
1693 3937 1791 3990 καὶ

168 4026 338 4094 πόας,
376 4027 554 4081 πᾶσά
601 4041 719 4087 πως
748 4024 963 4095 ἀνάγκη
990 4023 1086 4077 καὶ
1105 4025 1276 4095 κτήνη
1308 4024 1504 4078 παθεῖν
1546 4024 1641 4079 τὸν
1673 4024 1792 4079 ὄλε-

165 4121 326 4193 θρον.

248 4226 456 4297 Φαίην
475 4222 530 4275 δ’
546 4220 636 4286 ἂν,
650 4221 733 4274 ὅτι
749 4221 890 4292 τάχα
908 4237 1011 4274 που
1032 4221 1126 4275 καὶ
1152 4221 1448 4286 Ἰουδαίοις,
1465 4223 1525 4276 ὲν
1545 4222 1794 4294 ἐσχάτοις

158 4321 259 4373 τοῦ
298 4316 531 4376 αἰῶνος
568 4314 782 4385 καιροῖς
814 4312 1205 4383 ἐπιστρέφουσι
1228 4312 1365 4383 πρὸς
1404 4312 1560 4377 Θεὸν,
1590 4314 1794 4384 πρέποι

156 4415 231 4468 ἂν
269 4412 476 4466 εισι-εἰν
513 4407 616 4470 τὰς
644 4404 861 4460 τοιάσδε
902 4403 1108 4475 φωνὰς,
1143 4407 1265 4468 ταῖς
1310 4404 1419 4459 τῶν
1459 4405 1683 4475 ἀγαθῶν
1708 4406 1796 4458 ὲν-

1882 1933 1937 1980 et
1980 1924 2278 1994 rubiginem
2317 1932 2584 1978 autumat.
2634 1923 3010 1979 lntensissime
3065 1933 3246 1978 autem
3298 1922 3468 1978 Deum

1884 2024 2158 2087 precatur,
2210 2024 2264 2069 et
2331 2015 2556 2079 utiliter,
2590 2015 2775 2070 dicens
2836 2014 3058 2068 minime
3103 2016 3241 2082 apud
3304 2013 3468 2068 alium

1883 2106 2228 2176 quaerendam
2274 2107 2642 2176 depulsionem
2679 2107 3028 2172 calamitatis,
3056 2117 3115 2161 et
3138 2105 3238 2161 soli
3265 2105 3473 2175 suppli-

1884 2196 2111 2251 candum
2171 2194 2272 2262 illi,
2297 2195 2389 2265 qui
2423 2196 2652 2250 salutem
2709 2193 2903 2249 aﬂ'erre
2937 2203 3133 2263 potest,
3177 2204 3234 2249 et
3291 2195 3469 2249 iratus

1885 2286 2167 2354 repellere,
2197 2300 2314 2354 qua:
2339 2288 2539 2343 habere
2567 2285 2865 2341 molestiam
2892 2296 3309 2342 consueverunt.
3345 2286 3467 2341 Non

1884 2378 2029 2430 enim
2069 2378 2445 2446 cogitandum,
2490 2388 2546 2432 et
2587 2386 2734 2432 recte
2775 2393 2929 2445 sane,
2992 2377 3298 2447 huiusmodi
3329 2378 3467 2431 mala

1884 2481 1983 2539 per
2022 2484 2082 2523 se
2119 2470 2454 2537 contingere,
2489 2469 2583 2524 sed
2613 2484 2680 2524 ex
2713 2469 2792 2523 ira
2827 2469 3006 2523 divina
3033 2470 3212 2539 potius
3240 2466 3468 2533 inferri;

1887 2561 1939 2616 id
1965 2560 2109 2631 quod
2141 2560 2296 2615 nobis
2331 2560 2709 2614 universorum
2737 2560 2992 2615 Dominus
3032 2576 3128 2630 per
3156 2576 3219 2617 os
3246 2562 3472 2617 alterius

1887 2652 2163 2723 propheta:
2192 2651 2354 2722 213
2375 2651 2576 2706 indicat
2599 2670 2613 2705 :
2638 2670 2656 2703 ι
2694 2651 2752 2708 Si
2781 2653 2886 2706 erit
2926 2653 3122 2707 malum
3148 2654 3201 2708 in
3225 2654 3470 2720 civitate,

1885 2743 2028 2813 quod
2059 2756 2164 2796 non
2206 2741 2335 2798 fecit
2378 2742 2638 2798 Dominus
2662 2742 2761 2796 “.i
2794 2742 2950 2798 Haud
2991 2744 3134 2799 enim
3178 2745 3473 2815 quidquam

1886 2851 2073 2891 eorum
2099 2833 2293 2904 quibus
2321 2834 2565 2890 civitates
2588 2845 2641 2889 et
2687 2837 2935 2905 regiones
2987 2834 3320 2908 alﬂiguntur,
3364 2836 3475 2893 Deo

1889 2940 1992 2979 nnn
2025 2925 2347 2979 immittente
2378 2925 2638 2980 evenerit.
2669 2922 2868 2979 Servat
2898 2925 3045 2980 enim
3068 2942 3203 2996 quos
3236 2927 3348 2981 vult
3370 2970 3388 2995 ,
3417 2938 3474 2983 et

1892 3017 2152 3073 malorum
2205 3018 2472 3071 immunes
2512 3016 2708 3071 reddit.
2741 3013 2949 3071 Suadet
2985 3017 3150 3088 igitur
3188 3019 3474 3087 propheta,

1890 3123 2073 3165 eorum
2118 3123 2239 3177 quae
2267 3117 2462 3163 nocent
2495 3105 2766 3176 repulsam
2802 3122 2833 3162 a
2858 3108 2966 3163 Deo
3009 3117 3214 3180 petere,
3255 3113 3474 3181 opinio-

1892 3214 1964 3255 ne
2039 3199 2130 3254 illa
2154 3199 2340 3269 procul
2372 3199 2569 3267 ejecta,
2603 3198 2858 3254 falsorum
2890 3199 3113 3255 deorum
3148 3217 3304 3270 opem
3357 3219 3473 3259 ma-

1892 3307 2020 3347 num
2063 3300 2119 3348 et
2153 3291 2411 3346 auxilium
2441 3291 2495 3345 in
2527 3291 2641 3347 suis
2676 3290 2837 3347 rebus
2871 3291 2973 3346 sibi
3008 3305 3129 3348 esse
3174 3294 3472 3364 imploran-

1892 3387 2069 3441 dutnu
2098 3383 2365 3440 Arefactae
2392 3392 2538 3452 sunt,
2574 3383 2772 3455 inquit,
2800 3384 3119 3440 emissiones
3145 3400 3468 3456 aquarum.»

1888 3477 2076 3534 Pluvia
2106 3477 2301 3548 quippe
2326 3489 2524 3534 terram
2549 3492 2656 3532 non
2687 3476 2971 3547 irrigante,
2995 3486 3050 3532 et
3072 3478 3311 3534 immissa
3339 3494 3480 3549 prae-

1895 3580 2038 3626 terea
2080 3569 2349 3641 rubigine,
2374 3580 2583 3625 armata
2618 3570 2746 3625 item
2778 3569 3008 3633 locusta,
3034 3576 3089 3623 et
3120 3570 3328 3623 brucbo
3366 3570 3477 3623 sal-

1892 3675 2061 3732 tante,
2090 3672 2146 3721 et
2173 3679 2334 3721 eruca
2378 3672 2619 3732 repente,
2646 3662 2868 3729 quinam
2906 3660 3126 3714 dubium
3167 3667 3309 3724 erat,
3344 3662 3474 3727 quin

1893 3759 2027 3828 ipsis
2057 3757 2184 3811 vita;
2247 3754 2613 3810 sustentandae
2675 3750 2980 3805 necessaria
3015 3750 3253 3817 perirent
3293 3748 3475 3806 fundi-

1894 3852 1980 3896 tus
1994 3842 2019 3893 ?
2053 3841 2230 3897 Herba
2259 3850 2436 3895 autem
2460 3839 2787 3905 intereunte,
2807 3851 3027 3907 prorsus
3047 3847 3099 3891 et
3117 3834 3363 3906 iumenta
3389 3840 3474 3894 in~

1896 3937 2062 3992 terire
2088 3949 2313 3992 necesse
2341 3939 2445 3993 est.

1965 4230 2201 4285 Dixerim
2240 4241 2421 4297 porro,
2451 4227 2683 4282 fortasse
2711 4241 2740 4280 a
2774 4223 2994 4290 ludatis,
3025 4224 3287 4280 extremis
3314 4239 3473 4281 mun-

1896 4325 1947 4377 di
2001 4322 2339 4390 temporibus
2363 4320 2430 4374 ad
2459 4319 2740 4373 Dominum
2773 4317 3167 4375 revertentibus
3212 4317 3476 4374 bonorum

1896 4414 2076 4484 inopia
2121 4412 2325 4483 pressis
2350 4425 2407 4466 et
2452 4409 2815 4478 ejulantihus,
2864 4420 2989 4480 apte
3024 4410 3128 4465 dici
3170 4425 3328 4480 posse
3380 4414 3478 4466 has

158 4509 352 4571 δείαις
391 4500 875 4571 ἐντεθλιμμένοις,
907 4499 1001 4552 καὶ
1028 4497 1449 4569 κατοιμώζουσι.
1478 4498 1791 4569 Aedanum-

1898 4519 2078 4562 voces.
2129 4504 2460 4572 Consumpta
2500 4510 2629 4557 sunt
2653 4501 2826 4568 enim,
2859 4502 3013 4570 quasi
3048 4502 3116 4557 ab
3144 4501 3286 4569 igne,
3336 4501 3478 4569 ipso~

156 4618 255 4654 ται
275 4596 404 4667 γὰρ
423 4594 623 4657 αὐτοῖς
647 4592 723 4656 ὡς
746 4589 851 4645 ὑπὸ
876 4589 1052 4661 πυρὸς
1071 4588 1142 4642 τὰ
1161 4591 1242 4653 είς
1266 4589 1390 4643 νοῦν
1414 4589 1615 4657 ἀγαθά,
1637 4590 1800 4660 ἀκρίς

156 4710 223 4744 τε
254 4689 419 4743 αὐτὰ
452 4684 626 4755 νοητὴ
654 4681 1005 4753 κατεδήδοκε,
1028 4681 1122 4733 καὶ
1142 4679 1520 4751 ἐξηράνθησαν
1547 4680 1796 4750 ἀφέσεις.

172 4778 558 4835 Ἐνετείλατο
585 4776 694 4844 γὰρ
724 4776 846 4837 ταῖς
880 4771 1136 4842 νεφέλαις
1174 4771 1269 4825 τοῦ
1315 4770 1390 4843 μὴ
1420 4770 1609 4842 βρέξαι
1644 4770 1800 4824 ὑετὸν

154 4877 261 4930 ἐπὶ
284 4872 409 4941 τῆς
447 4867 581 4936 γῆς,
612 4866 755 4920 κατά
789 4866 851 4920 τὺ
875 4865 1053 4934 γένος,
1101 4865 1196 4918 καὶ
1238 4863 1461 4933 γέγονεν
1497 4862 1698 4928 ἀθατός
1738 4879 1800 4916 τε

156 4965 266 5019 καὶ
326 4957 586 5028 ἄνυδρος
617 4955 690 5026 γῆ
709 4996 724 5021 ,
757 4956 881 5027 ἥτις
902 4956 964 5009 οὐ
1003 4956 1485 5026 κατοικηθήσεται.
1524 4956 1711 5026 Ἠμῶν
1736 4955 1796 5009 δὲ

151 5054 225 5122 δὴ
284 5047 447 5119 πέρι
482 5043 594 5097 τῶν
628 5044 686 5095 ὲν
715 5044 894 5097 πίστει
943 5044 1378 5115 δεδικαιωμένων
1422 5044 1797 5116 προανεφώνει

154 5142 337 5206 Θεὸς,
376 5136 499 5193 καὶ
509 5133 619 5188 τῶν
636 5133 725 5188 διὰ
745 5135 983 5205 Χριστοῦ
1004 5135 1362 5207 χαρισμάτων
1387 5135 1798 5205 ἀμφιλαφεστάς

151 5254 270 5306 την
309 5229 569 5286 ἔσεσθαι
604 5227 706 5298 τὴν
757 5227 1019 5298 χορηγίαν
1070 5228 1359 5298 ὑπεδήλου,
1407 5226 1603 5294 λέγων·
1651 5245 1671 5278 ι
1708 5226 1799 5279 Ἐν

149 5331 231 5398 τῇ
265 5324 495 5395 ἡμέρᾳ
517 5319 703 5391 ἐκείνῃ
724 5316 1093 5383 ἁποσταλάξει
1126 5318 1194 5372 τὰ
1222 5318 1324 5390 ὅρη
1344 5316 1681 5386 γλυκασμδν,
1707 5317 1803 5370 καὶ

147 5425 207 5475 οἱ
238 5416 467 5493 βουνοὶ
491 5413 779 5484 ρυήσονται
807 5410 971 5480 γάλα,
1002 5410 1094 5463 καὶ
1110 5412 1280 5466 πᾶσαι
1302 5412 1360 5465 αί
1384 5410 1611 5478 ἀφέσεις
1632 5408 1801 5461 Ἰούδα

150 5514 514 5583 [inﬂa-ovem
544 5503 711 5558 ὕδατα
735 5544 751 5570 ,
784 5504 880 5557 καὶ
907 5503 1059 5574 πηγὴ
1088 5502 1150 5568 ἐξ
1171 5504 1322 5558 οίκου
1346 5499 1558 5571 Κυρίου
1587 5498 1798 5563 ἐξελεύ-

146 5621 365 5666 σεται,
396 5596 515 5652 καὶ
544 5598 721 5650 ποτιεῖ
739 5596 835 5648 τὸν
862 5595 1200 5667 χειμάρρουν
1226 5594 1336 5647 τῶν
1364 5591 1612 5662 σχοίνων.
1643 5609 1663 5643 ι
1691 5592 1798 5645 Καὶ

233 5788 322 5822 ³³·
375 5784 568 5836 Amos
606 5795 689 5845 tn,
746 5778 802 5833 6.
879 5778 924 5809 ⁸⁵
958 5775 1062 5831 lsa.
1103 5792 1155 5843 ν,
1193 5777 1248 5831 6.
1324 5777 1368 5808 ⁸⁸
1424 5775 1562 5831 Psal.
1594 5790 1722 5846 an,
1763 5778 1814 5833 3.

1897 4612 2015 4654 rum
2064 4600 2205 4655 bona
2242 4595 2431 4664 animi,
2458 4593 2666 4650 locusta
2697 4609 2816 4664 qua:
2847 4603 3029 4649 mente
3058 4593 3361 4664 concipitur
3384 4593 3474 4647 illa

1898 4691 2201 4757 devoravit,
2228 4698 2283 4744 et
2304 4698 2636 4745 exaruerunt
2654 4688 2973 4744 emissiones
2994 4701 3285 4756 aquarum.
3318 4685 3474 4739 Man~

1899 4780 2045 4836 davit
2070 4780 2213 4835 enim
2248 4778 2484 4835 nubibus
2512 4792 2580 4834 ne
2608 4776 2854 4847 pluerent
2901 4776 3130 4831 imbrem
3172 4789 3334 4844 super
3367 4788 3476 4829 ter-

1898 4888 2038 4939 ram,
2062 4887 2158 4943 pro
2202 4886 2357 4927 more
2378 4883 2434 4927 et
2464 4879 2660 4925 natura
2699 4884 2796 4924 sua
2822 4868 2891 4935 ⁸⁸,
2947 4876 3003 4923 et
3045 4869 3187 4923 facta
3211 4876 3296 4923 est
3333 4876 3478 4921 terra

1899 4964 2043 5018 invia
2072 4973 2127 5019 et
2153 4964 2413 5032 inaquosa
2436 4961 2538 5029 ",i
2568 4975 2690 5028 qua:
2713 4974 2819 5014 non
2853 4957 3207 5013 habitabitur.
3252 4955 3327 5008 De
3380 4969 3482 5008 no-

1901 5055 1985 5109 bis
2037 5064 2218 5107 autem
2253 5054 2306 5107 in
2336 5053 2443 5107 title
2467 5051 2784 5121 justiticatis
2815 5047 3193 5118 praenuntiavit
3225 5045 3386 5110 Deus,
3420 5053 3477 5098 et

1898 5159 1998 5216 per
2027 5144 2303 5197 Christum
2331 5158 2428 5197 nos
2449 5142 2794 5197 charis‘matis
2821 5138 3194 5209 copiosissime
3219 5136 3475 5191 donatum

1902 5236 1967 5289 iri
2028 5234 2377 5303 signiﬁcavit,
2422 5232 2505 5287 bis
2557 5232 2768 5288 verbis:
2801 5231 2897 5284 tln
2934 5230 3023 5283 illa
3054 5227 3143 5282 die
3200 5224 3480 5281 stiilabunt

1902 5336 2112 5383 montes
2156 5324 2528 5388 dulcedinem,
2555 5331 2610 5378 et
2636 5323 2799 5377 colles
2826 5320 2994 5375 ﬂuent
3017 5318 3189 5383 lacte;
3212 5326 3267 5376 et
3289 5330 3481 5372 omnes

1897 5416 2220 5474 emissiones
2279 5413 2413 5469 Juda
2489 5414 2653 5467 ﬂuent
2723 5411 2901 5477 aquis,
2935 5418 2989 5463 et
3032 5407 3150 5462 fons
3195 5406 3264 5461 de
3316 5407 3478 5462 domo

1901 5507 2110 5563 Domini
2139 5505 2468 5576 egredietur,
2491 5514 2543 5557 et
2569 5499 2810 5568 irrigabit
2833 5506 3124 5553 torrentem
3157 5495 3468 5552 ίοιηὶιιιιιθτ.»

1898 5600 2037 5665 Quin
2103 5608 2157 5653 et
2186 5597 2388 5650 aliter:
2436 5610 2456 5643 ι
2502 5591 2613 5662 Ego
2656 5590 2916 5647 Dominus
2954 5591 3129 5656 Deus;
3168 5606 3266 5662 ego
3309 5602 3476 5644 exau-
3557 5618 3561 5623 -

1893 5776 1936 5807 ⁸⁷
1985 5773 2096 5829 Jocl
2153 5789 2230 5840 ιιι,
2284 5771 2369 5825 18.
