  <div class='ocr_page' id='page_1' title='image "/cluster/home/n/w/nwhite01/storage/ocr_20150623/71/mdp.39015078384461/183.png"; bbox 0 0 4034 6270; ppageno 0'>
   <div class='ocr_carea' id='block_1_1' title="bbox 523 340 631 395">
    <p class='ocr_par' dir='ltr' id='par_1_1' title="bbox 523 340 631 395">
     <span class='ocr_line' id='line_1_1' title="bbox 523 340 631 395; baseline 0.009 -1"><span class='ocrx_word' id='word_1_1' title='bbox 523 340 631 395; x_wconf 68' lang='grc' dir='ltr'>ειςις</span> 
     </span>
    </p>
   </div>
   <div class='ocr_carea' id='block_1_2' title="bbox 1523 335 2800 396">
    <p class='ocr_par' dir='ltr' id='par_1_2' title="bbox 1523 335 2800 396">
     <span class='ocr_line' id='line_1_2' title="bbox 1523 335 2800 396; baseline 0.002 -4"><span class='ocrx_word' id='word_1_2' title='bbox 1523 336 1609 392; x_wconf 74' lang='grc'><strong>’8.</strong></span> <span class='ocrx_word' id='word_1_3' title='bbox 1648 335 1928 394; x_wconf 79' lang='lat' dir='ltr'><strong>CYRILLI</strong></span> <span class='ocrx_word' id='word_1_4' title='bbox 1969 335 2438 393; x_wconf 77' lang='lat' dir='ltr'><strong>ALEXANDRINI</strong></span> <span class='ocrx_word' id='word_1_5' title='bbox 2477 337 2800 396; x_wconf 77' lang='lat' dir='ltr'><strong>ARCHIEP.</strong></span> 
     </span>
    </p>
   </div>
   <div class='ocr_carea' id='block_1_3' title="bbox 523 457 2076 533">
    <p class='ocr_par' dir='ltr' id='par_1_3' title="bbox 523 457 2076 530">
     <span class='ocr_line' id='line_1_3' title="bbox 523 457 2076 530; baseline 0 -18"><span class='ocrx_word' id='word_1_6' title='bbox 523 461 666 513; x_wconf 83' lang='lat' dir='ltr'><strong>diam</strong></span> <span class='ocrx_word' id='word_1_7' title='bbox 700 475 796 516; x_wconf 89' lang='lat' dir='ltr'><strong>eos</strong></span> <span class='ocrx_word' id='word_1_8' title='bbox 827 458 970 514; x_wconf 84' lang='lat' dir='ltr'><strong>Deus</strong></span> <span class='ocrx_word' id='word_1_9' title='bbox 997 459 1192 522; x_wconf 86' lang='lat' dir='ltr'><strong>Israel;</strong></span> <span class='ocrx_word' id='word_1_10' title='bbox 1214 473 1318 512; x_wconf 90' lang='lat' dir='ltr'><strong>non</strong></span> <span class='ocrx_word' id='word_1_11' title='bbox 1335 457 1705 527; x_wconf 84' lang='lat' dir='ltr'><strong>derelinquam</strong></span> <span class='ocrx_word' id='word_1_12' title='bbox 1729 463 1954 525; x_wconf 79' lang='lat' dir='ltr'><strong>ens-,sed</strong></span> <span class='ocrx_word' id='word_1_13' title='bbox 1976 476 2076 530; x_wconf 79' lang='lat' dir='ltr'><strong>ape.</strong></span> 
     </span>
    </p>
   </div>
   <div class='ocr_carea' id='block_1_4' title="bbox 2183 457 3802 533">
    <p class='ocr_par' dir='ltr' id='par_1_4' title="bbox 2212 459 3802 533">
     <span class='ocr_line' id='line_1_4' title="bbox 2212 459 3802 533; baseline 0.001 -16"><span class='ocrx_word' id='word_1_14' title='bbox 2212 462 2318 532; x_wconf 84' lang='grc' dir='ltr'>μὴν</span> <span class='ocrx_word' id='word_1_15' title='bbox 2351 461 2445 516; x_wconf 72' lang='grc' dir='ltr'><strong>καὶ</strong></span> <span class='ocrx_word' id='word_1_16' title='bbox 2478 463 2679 532; x_wconf 81' lang='grc' dir='ltr'><strong>ἑτέρως</strong></span> <span class='ocrx_word' id='word_1_17' title='bbox 2701 479 2714 492; x_wconf 76' lang='grc' dir='ltr'><strong>ο</strong></span> <span class='ocrx_word' id='word_1_18' title='bbox 2749 481 2769 513; x_wconf 74' lang='grc' dir='ltr'>ι</span> <span class='ocrx_word' id='word_1_19' title='bbox 2797 461 2940 530; x_wconf 84' lang='grc' dir='ltr'><strong>Ἐγὼ</strong></span> <span class='ocrx_word' id='word_1_20' title='bbox 2966 463 3170 533; x_wconf 84' lang='grc' dir='ltr'>Κύριος</span> <span class='ocrx_word' id='word_1_21' title='bbox 3191 463 3219 516; x_wconf 85' lang='grc' dir='ltr'><strong>ό</strong></span> <span class='ocrx_word' id='word_1_22' title='bbox 3239 459 3392 528; x_wconf 79' lang='grc' dir='ltr'>Θεὸς,</span> <span class='ocrx_word' id='word_1_23' title='bbox 3425 461 3537 532; x_wconf 79' lang='grc' dir='ltr'><strong>ἐγὼ</strong></span> <span class='ocrx_word' id='word_1_24' title='bbox 3561 463 3802 518; x_wconf 77' lang='grc' dir='ltr'><strong>ἐπακού-</strong></span> 
     </span>
    </p>
   </div>
   <div class='ocr_carea' id='block_1_5' title="bbox 524 551 2102 621">
    <p class='ocr_par' dir='ltr' id='par_1_5' title="bbox 524 551 2102 621">
     <span class='ocr_line' id='line_1_5' title="bbox 524 551 2102 621; baseline -0.001 -14"><span class='ocrx_word' id='word_1_25' title='bbox 524 555 658 607; x_wconf 85' lang='lat' dir='ltr'><strong>riam</strong></span> <span class='ocrx_word' id='word_1_26' title='bbox 695 556 748 607; x_wconf 90' lang='lat' dir='ltr'><strong>in</strong></span> <span class='ocrx_word' id='word_1_27' title='bbox 793 555 1066 608; x_wconf 78' lang='lat' dir='ltr'><strong>montibus</strong></span> <span class='ocrx_word' id='word_1_28' title='bbox 1114 551 1358 615; x_wconf 85' lang='lat' dir='ltr'><strong>ﬂumina,</strong></span> <span class='ocrx_word' id='word_1_29' title='bbox 1396 561 1447 604; x_wconf 92' lang='lat' dir='ltr'><strong>et</strong></span> <span class='ocrx_word' id='word_1_30' title='bbox 1489 551 1540 604; x_wconf 91' lang='lat' dir='ltr'><strong>in</strong></span> <span class='ocrx_word' id='word_1_31' title='bbox 1573 553 1752 606; x_wconf 90' lang='lat' dir='ltr'><strong>medio</strong></span> <span class='ocrx_word' id='word_1_32' title='bbox 1790 568 2102 621; x_wconf 81' lang='lat' dir='ltr'><strong>camporum</strong></span> 
     </span>
    </p>
   </div>
   <div class='ocr_carea' id='block_1_6' title="bbox 521 642 2101 712">
    <p class='ocr_par' dir='ltr' id='par_1_6' title="bbox 521 642 2101 712">
     <span class='ocr_line' id='line_1_6' title="bbox 521 642 2101 712; baseline -0.001 -14"><span class='ocrx_word' id='word_1_33' title='bbox 521 644 715 708; x_wconf 73' lang='lat' dir='ltr'><strong>futiles,</strong></span> <span class='ocrx_word' id='word_1_34' title='bbox 752 654 808 698; x_wconf 87' lang='lat' dir='ltr'><strong>et</strong></span> <span class='ocrx_word' id='word_1_35' title='bbox 841 643 1039 697; x_wconf 82' lang='lat' dir='ltr'><strong>faciam</strong></span> <span class='ocrx_word' id='word_1_36' title='bbox 1082 642 1358 698; x_wconf 84' lang='lat' dir='ltr'><strong>desertum</strong></span> <span class='ocrx_word' id='word_1_37' title='bbox 1387 644 1439 697; x_wconf 91' lang='lat' dir='ltr'><strong>in</strong></span> <span class='ocrx_word' id='word_1_38' title='bbox 1472 643 1716 712; x_wconf 85' lang='lat' dir='ltr'><strong>paludes,</strong></span> <span class='ocrx_word' id='word_1_39' title='bbox 1745 644 2101 699; x_wconf 52' lang='lat' dir='ltr'><strong>et‘sitientem</strong></span> 
     </span>
    </p>
   </div>
   <div class='ocr_carea' id='block_1_7' title="bbox 521 734 2098 804">
    <p class='ocr_par' dir='ltr' id='par_1_7' title="bbox 521 734 2098 804">
     <span class='ocr_line' id='line_1_7' title="bbox 521 734 2098 804; baseline 0.001 -16"><span class='ocrx_word' id='word_1_40' title='bbox 521 745 716 790; x_wconf 78' lang='lat' dir='ltr'><strong>terram</strong></span> <span class='ocrx_word' id='word_1_41' title='bbox 743 735 796 788; x_wconf 91' lang='lat' dir='ltr'><strong>in</strong></span> <span class='ocrx_word' id='word_1_42' title='bbox 833 735 1185 804; x_wconf 68' lang='lat' dir='ltr'><strong>aquaeductus</strong></span> <span class='ocrx_word' id='word_1_43' title='bbox 1209 734 1312 789; x_wconf 78' lang='grc'><strong>⁸⁸.»</strong></span> <span class='ocrx_word' id='word_1_44' title='bbox 1345 734 1400 788; x_wconf 92' lang='lat' dir='ltr'><strong>In</strong></span> <span class='ocrx_word' id='word_1_45' title='bbox 1437 735 1523 790; x_wconf 87' lang='lat' dir='ltr'><strong>bis</strong></span> <span class='ocrx_word' id='word_1_46' title='bbox 1553 736 1734 804; x_wconf 85' lang='lat' dir='ltr'><strong>itaque</strong></span> <span class='ocrx_word' id='word_1_47' title='bbox 1760 750 1857 789; x_wconf 87' lang='lat' dir='ltr'><strong>nos</strong></span> <span class='ocrx_word' id='word_1_48' title='bbox 1891 747 2098 789; x_wconf 85' lang='lat' dir='ltr'><strong>sumus.</strong></span> 
     </span>
    </p>
   </div>
   <div class='ocr_carea' id='block_1_8' title="bbox 516 826 2104 894">
    <p class='ocr_par' dir='ltr' id='par_1_8' title="bbox 516 826 2104 894">
     <span class='ocr_line' id='line_1_8' title="bbox 516 826 2104 894; baseline 0 -14"><span class='ocrx_word' id='word_1_49' title='bbox 516 826 669 892; x_wconf 84' lang='lat' dir='ltr'><strong>Quod</strong></span> <span class='ocrx_word' id='word_1_50' title='bbox 705 826 749 880; x_wconf 90' lang='lat' dir='ltr'><strong>si</strong></span> <span class='ocrx_word' id='word_1_51' title='bbox 785 827 850 880; x_wconf 94' lang='lat' dir='ltr'><strong>ad</strong></span> <span class='ocrx_word' id='word_1_52' title='bbox 885 827 1262 894; x_wconf 76' lang='lat' dir='ltr'><strong>pamitentiam</strong></span> <span class='ocrx_word' id='word_1_53' title='bbox 1295 842 1357 882; x_wconf 85' lang='lat' dir='ltr'><strong>se</strong></span> <span class='ocrx_word' id='word_1_54' title='bbox 1402 827 1704 891; x_wconf 82' lang='lat' dir='ltr'><strong>conferent,</strong></span> <span class='ocrx_word' id='word_1_55' title='bbox 1731 836 1784 880; x_wconf 90' lang='lat' dir='ltr'><strong>et</strong></span> <span class='ocrx_word' id='word_1_56' title='bbox 1814 827 1980 880; x_wconf 89' lang='lat' dir='ltr'><strong>Deum</strong></span> <span class='ocrx_word' id='word_1_57' title='bbox 2017 841 2104 880; x_wconf 86' lang='lat' dir='ltr'><strong>re-</strong></span> 
     </span>
    </p>
   </div>
   <div class='ocr_carea' id='block_1_9' title="bbox 513 918 2098 989">
    <p class='ocr_par' dir='ltr' id='par_1_9' title="bbox 513 918 2098 989">
     <span class='ocr_line' id='line_1_9' title="bbox 513 918 2098 989; baseline 0.003 -19"><span class='ocrx_word' id='word_1_58' title='bbox 513 918 762 987; x_wconf 88' lang='lat' dir='ltr'><strong>spicient,</strong></span> <span class='ocrx_word' id='word_1_59' title='bbox 794 928 848 973; x_wconf 92' lang='lat' dir='ltr'><strong>et</strong></span> <span class='ocrx_word' id='word_1_60' title='bbox 876 920 1057 975; x_wconf 89' lang='lat' dir='ltr'><strong>dicent</strong></span> <span class='ocrx_word' id='word_1_61' title='bbox 1086 921 1249 974; x_wconf 89' lang='lat' dir='ltr'><strong>etiam</strong></span> <span class='ocrx_word' id='word_1_62' title='bbox 1279 921 1401 989; x_wconf 83' lang='lat' dir='ltr'><strong>ipsi,</strong></span> <span class='ocrx_word' id='word_1_63' title='bbox 1436 939 1454 971; x_wconf 85' lang='grc'><strong>‹</strong></span> <span class='ocrx_word' id='word_1_64' title='bbox 1479 918 1557 974; x_wconf 79' lang='lat' dir='ltr'><strong>Ad</strong></span> <span class='ocrx_word' id='word_1_65' title='bbox 1593 929 1645 974; x_wconf 90' lang='lat' dir='ltr'><strong>te</strong></span> <span class='ocrx_word' id='word_1_66' title='bbox 1674 918 1973 985; x_wconf 66' lang='lat' dir='ltr'><strong>clamabo,»</strong></span> <span class='ocrx_word' id='word_1_67' title='bbox 2005 935 2098 974; x_wconf 91' lang='lat' dir='ltr'><strong>ac-</strong></span> 
     </span>
    </p>
   </div>
   <div class='ocr_carea' id='block_1_10' title="bbox 512 1011 2097 1081">
    <p class='ocr_par' dir='ltr' id='par_1_10' title="bbox 512 1011 2097 1081">
     <span class='ocr_line' id='line_1_10' title="bbox 512 1011 2097 1081; baseline 0.002 -19"><span class='ocrx_word' id='word_1_68' title='bbox 512 1011 714 1078; x_wconf 88' lang='lat' dir='ltr'><strong>cipient</strong></span> <span class='ocrx_word' id='word_1_69' title='bbox 745 1025 1006 1081; x_wconf 89' lang='lat' dir='ltr'><strong>aquarum</strong></span> <span class='ocrx_word' id='word_1_70' title='bbox 1050 1015 1396 1077; x_wconf 86' lang='lat' dir='ltr'><strong>emissiones,</strong></span> <span class='ocrx_word' id='word_1_71' title='bbox 1427 1022 1483 1068; x_wconf 86' lang='lat' dir='ltr'><strong>et.</strong></span> <span class='ocrx_word' id='word_1_72' title='bbox 1529 1013 1780 1068; x_wconf 82' lang='lat' dir='ltr'><strong>Itaurient</strong></span> <span class='ocrx_word' id='word_1_73' title='bbox 1821 1014 2097 1067; x_wconf 89' lang='lat' dir='ltr'><strong>nobiscum</strong></span> 
     </span>
    </p>
   </div>
   <div class='ocr_carea' id='block_1_11' title="bbox 511 1103 2099 1174">
    <p class='ocr_par' dir='ltr' id='par_1_11' title="bbox 511 1103 2099 1174">
     <span class='ocr_line' id='line_1_11' title="bbox 511 1103 2099 1174; baseline 0.001 -18"><span class='ocrx_word' id='word_1_74' title='bbox 511 1117 704 1173; x_wconf 81' lang='lat' dir='ltr'><strong>aquam</strong></span> <span class='ocrx_word' id='word_1_75' title='bbox 755 1119 874 1172; x_wconf 66' lang='lat' dir='ltr'><strong>qua!</strong></span> <span class='ocrx_word' id='word_1_76' title='bbox 937 1105 1048 1158; x_wconf 90' lang='lat' dir='ltr'><strong>sola</strong></span> <span class='ocrx_word' id='word_1_77' title='bbox 1102 1105 1452 1174; x_wconf 80' lang='lat' dir='ltr'><strong>intelligentia</strong></span> <span class='ocrx_word' id='word_1_78' title='bbox 1497 1105 1728 1171; x_wconf 80' lang='lat' dir='ltr'><strong>videtur,</strong></span> <span class='ocrx_word' id='word_1_79' title='bbox 1770 1106 1836 1158; x_wconf 88' lang='lat' dir='ltr'><strong>de</strong></span> <span class='ocrx_word' id='word_1_80' title='bbox 1862 1103 2099 1158; x_wconf 81' lang='lat' dir='ltr'><strong>fontibus</strong></span> 
     </span>
    </p>
   </div>
   <div class='ocr_carea' id='block_1_12' title="bbox 511 1194 2095 1267">
    <p class='ocr_par' dir='ltr' id='par_1_12' title="bbox 511 1194 2095 1267">
     <span class='ocr_line' id='line_1_12' title="bbox 511 1194 2095 1267; baseline 0.001 -19"><span class='ocrx_word' id='word_1_81' title='bbox 511 1194 811 1250; x_wconf 82' lang='lat' dir='ltr'><strong>Salvatoris</strong></span> <span class='ocrx_word' id='word_1_82' title='bbox 833 1197 902 1260; x_wconf 81' lang='grc'><strong>⁸³,</strong></span> <span class='ocrx_word' id='word_1_83' title='bbox 929 1198 1368 1267; x_wconf 89' lang='lat' dir='ltr'><strong>potabunturque</strong></span> <span class='ocrx_word' id='word_1_84' title='bbox 1404 1206 1648 1252; x_wconf 85' lang='lat' dir='ltr'><strong>torrente</strong></span> <span class='ocrx_word' id='word_1_85' title='bbox 1686 1197 1976 1266; x_wconf 79' lang='lat' dir='ltr'><strong>voluptatis</strong></span> <span class='ocrx_word' id='word_1_86' title='bbox 1998 1198 2042 1228; x_wconf 85' lang='lat'><strong>’°</strong></span> <span class='ocrx_word' id='word_1_87' title='bbox 2066 1212 2095 1249; x_wconf 88' lang='lat' dir='ltr'><strong>a</strong></span> 
     </span>
    </p>
   </div>
   <div class='ocr_carea' id='block_1_13' title="bbox 512 1287 2091 1352">
    <p class='ocr_par' dir='ltr' id='par_1_13' title="bbox 512 1287 2091 1352">
     <span class='ocr_line' id='line_1_13' title="bbox 512 1287 2091 1352; baseline -0.001 -12"><span class='ocrx_word' id='word_1_88' title='bbox 512 1287 621 1342; x_wconf 91' lang='lat' dir='ltr'><strong>Deo</strong></span> <span class='ocrx_word' id='word_1_89' title='bbox 667 1287 847 1352; x_wconf 83' lang='lat' dir='ltr'><strong>Patre,</strong></span> <span class='ocrx_word' id='word_1_90' title='bbox 877 1298 928 1344; x_wconf 91' lang='lat' dir='ltr'><strong>et</strong></span> <span class='ocrx_word' id='word_1_91' title='bbox 975 1289 1176 1343; x_wconf 83' lang='lat' dir='ltr'><strong>fontem</strong></span> <span class='ocrx_word' id='word_1_92' title='bbox 1213 1290 1337 1342; x_wconf 63' lang='lat' dir='ltr'><strong>vitae</strong></span> <span class='ocrx_word' id='word_1_93' title='bbox 1379 1288 1432 1341; x_wconf 89' lang='lat' dir='ltr'><strong>in</strong></span> <span class='ocrx_word' id='word_1_94' title='bbox 1491 1289 1746 1342; x_wconf 87' lang='lat' dir='ltr'><strong>cordibus</strong></span> <span class='ocrx_word' id='word_1_95' title='bbox 1801 1287 2091 1342; x_wconf 85' lang='lat' dir='ltr'><strong>habebunt.</strong></span> 
     </span>
    </p>
   </div>
   <div class='ocr_carea' id='block_1_14' title="bbox 509 1376 2091 1449">
    <p class='ocr_par' dir='ltr' id='par_1_14' title="bbox 509 1376 2091 1449">
     <span class='ocr_line' id='line_1_14' title="bbox 509 1376 2091 1449; baseline -0.003 -17"><span class='ocrx_word' id='word_1_96' title='bbox 509 1379 862 1449; x_wconf 77' lang='lat' dir='ltr'><strong>Apponentur</strong></span> <span class='ocrx_word' id='word_1_97' title='bbox 882 1379 1011 1446; x_wconf 81' lang='lat' dir='ltr'><strong>ipsis</strong></span> <span class='ocrx_word' id='word_1_98' title='bbox 1057 1379 1220 1432; x_wconf 86' lang='lat' dir='ltr'><strong>etiam</strong></span> <span class='ocrx_word' id='word_1_99' title='bbox 1259 1379 1325 1431; x_wconf 88' lang='lat' dir='ltr'><strong>ad</strong></span> <span class='ocrx_word' id='word_1_100' title='bbox 1357 1377 1577 1431; x_wconf 86' lang='lat' dir='ltr'><strong>delicias</strong></span> <span class='ocrx_word' id='word_1_101' title='bbox 1602 1377 1848 1445; x_wconf 83' lang='lat' dir='ltr'><strong>speciosa</strong></span> <span class='ocrx_word' id='word_1_102' title='bbox 1871 1376 2091 1442; x_wconf 83' lang='lat' dir='ltr'><strong>deserti,</strong></span> 
     </span>
    </p>
   </div>
   <div class='ocr_carea' id='block_1_15' title="bbox 509 1467 2092 1537">
    <p class='ocr_par' dir='ltr' id='par_1_15' title="bbox 509 1467 2092 1537">
     <span class='ocr_line' id='line_1_15' title="bbox 509 1467 2092 1537; baseline -0.001 -15"><span class='ocrx_word' id='word_1_103' title='bbox 509 1469 560 1523; x_wconf 92' lang='lat' dir='ltr'><strong>id</strong></span> <span class='ocrx_word' id='word_1_104' title='bbox 586 1481 686 1533; x_wconf 87' lang='lat' dir='ltr'><strong>est,</strong></span> <span class='ocrx_word' id='word_1_105' title='bbox 716 1485 911 1537; x_wconf 85' lang='lat' dir='ltr'><strong>pascua</strong></span> <span class='ocrx_word' id='word_1_106' title='bbox 956 1471 1092 1523; x_wconf 90' lang='lat' dir='ltr'><strong>bona</strong></span> <span class='ocrx_word' id='word_1_107' title='bbox 1137 1478 1191 1523; x_wconf 90' lang='lat' dir='ltr'><strong>et</strong></span> <span class='ocrx_word' id='word_1_108' title='bbox 1236 1467 1436 1537; x_wconf 74' lang='lat' dir='ltr'><strong>ampla,</strong></span> <span class='ocrx_word' id='word_1_109' title='bbox 1468 1469 1841 1523; x_wconf 88' lang='lat' dir='ltr'><strong>convertentia</strong></span> <span class='ocrx_word' id='word_1_110' title='bbox 1885 1484 1980 1524; x_wconf 92' lang='lat' dir='ltr'><strong>eos</strong></span> <span class='ocrx_word' id='word_1_111' title='bbox 2025 1469 2092 1521; x_wconf 90' lang='lat' dir='ltr'><strong>ad</strong></span> 
     </span>
    </p>
   </div>
   <div class='ocr_carea' id='block_1_16' title="bbox 505 1560 2094 1630">
    <p class='ocr_par' dir='ltr' id='par_1_16' title="bbox 505 1560 2094 1630">
     <span class='ocr_line' id='line_1_16' title="bbox 505 1560 2094 1630; baseline 0.001 -17"><span class='ocrx_word' id='word_1_112' title='bbox 505 1561 862 1629; x_wconf 76' lang='lat' dir='ltr'><strong>cognitionem</strong></span> <span class='ocrx_word' id='word_1_113' title='bbox 887 1562 1124 1615; x_wconf 83' lang='lat' dir='ltr'><strong>divinam</strong></span> <span class='ocrx_word' id='word_1_114' title='bbox 1153 1569 1208 1616; x_wconf 87' lang='lat' dir='ltr'><strong>et</strong></span> <span class='ocrx_word' id='word_1_115' title='bbox 1235 1560 1764 1630; x_wconf 73' lang='lat' dir='ltr'><strong>evangelicam,‘_qute</strong></span> <span class='ocrx_word' id='word_1_116' title='bbox 1792 1561 1844 1615; x_wconf 91' lang='lat' dir='ltr'><strong>in</strong></span> <span class='ocrx_word' id='word_1_117' title='bbox 1871 1560 2094 1615; x_wconf 87' lang='lat' dir='ltr'><strong>Christo</strong></span> 
     </span>
    </p>
   </div>
   <div class='ocr_carea' id='block_1_17' title="bbox 503 1651 1049 1720">
    <p class='ocr_par' dir='ltr' id='par_1_17' title="bbox 503 1651 1049 1720">
     <span class='ocr_line' id='line_1_17' title="bbox 503 1651 1049 1720; baseline -0.004 -14"><span class='ocrx_word' id='word_1_118' title='bbox 503 1661 685 1706; x_wconf 87' lang='lat' dir='ltr'><strong>mente</strong></span> <span class='ocrx_word' id='word_1_119' title='bbox 722 1651 1049 1720; x_wconf 89' lang='lat' dir='ltr'><strong>concipitur.</strong></span> 
     </span>
    </p>
   </div>
   <div class='ocr_carea' id='block_1_18' title="bbox 1091 1979 1523 2052">
    <p class='ocr_par' dir='ltr' id='par_1_18' title="bbox 1091 1979 1523 2052">
     <span class='ocr_line' id='line_1_18' title="bbox 1091 1979 1523 2052; baseline -0.002 -17"><span class='ocrx_word' id='word_1_120' title='bbox 1091 1979 1256 2052; x_wconf 72' lang='lat' dir='ltr'><strong>2m</strong></span> <span class='ocrx_word' id='word_1_121' title='bbox 1279 1979 1429 2035; x_wconf 51' lang='lat' dir='ltr'><strong>cui.</strong></span> <span class='ocrx_word' id='word_1_122' title='bbox 1461 1979 1523 2034; x_wconf 89' lang='grc' dir='ltr'><strong>ιι.</strong></span> 
     </span>
    </p>
   </div>
   <div class='ocr_carea' id='block_1_19' title="bbox 571 2091 2090 2157">
    <p class='ocr_par' dir='ltr' id='par_1_19' title="bbox 571 2091 2090 2157">
     <span class='ocr_line' id='line_1_19' title="bbox 571 2091 2090 2157; baseline 0.001 -8"><span class='ocrx_word' id='word_1_123' title='bbox 571 2094 731 2149; x_wconf 74' lang='lat' dir='ltr'><strong>Vsus.</strong></span> <span class='ocrx_word' id='word_1_124' title='bbox 771 2092 899 2157; x_wconf 71' lang='lat'><strong>1,2.</strong></span> <span class='ocrx_word' id='word_1_125' title='bbox 956 2091 1142 2148; x_wconf 81' lang='lat' dir='ltr'><strong>Canite</strong></span> <span class='ocrx_word' id='word_1_126' title='bbox 1191 2095 1316 2147; x_wconf 88' lang='lat' dir='ltr'><strong>tuba</strong></span> <span class='ocrx_word' id='word_1_127' title='bbox 1382 2094 1437 2146; x_wconf 86' lang='lat' dir='ltr'><strong>in</strong></span> <span class='ocrx_word' id='word_1_128' title='bbox 1480 2091 1634 2154; x_wconf 88' lang='lat' dir='ltr'><strong>Sion,</strong></span> <span class='ocrx_word' id='word_1_129' title='bbox 1683 2093 1965 2155; x_wconf 76' lang='lat' dir='ltr'><strong>prtcdicate</strong></span> <span class='ocrx_word' id='word_1_130' title='bbox 2035 2092 2090 2150; x_wconf 84' lang='lat' dir='ltr'><strong>in</strong></span> 
     </span>
    </p>
   </div>
   <div class='ocr_carea' id='block_1_20' title="bbox 494 2187 2085 2246">
    <p class='ocr_par' dir='ltr' id='par_1_20' title="bbox 494 2187 2085 2246">
     <span class='ocr_line' id='line_1_20' title="bbox 494 2187 2085 2246; baseline -0.001 -4"><span class='ocrx_word' id='word_1_131' title='bbox 494 2199 667 2242; x_wconf 84' lang='lat' dir='ltr'><strong>monte</strong></span> <span class='ocrx_word' id='word_1_132' title='bbox 696 2199 878 2241; x_wconf 81' lang='lat' dir='ltr'><strong>sancto</strong></span> <span class='ocrx_word' id='word_1_133' title='bbox 925 2203 1056 2246; x_wconf 82' lang='lat' dir='ltr'><strong>meo.</strong></span> <span class='ocrx_word' id='word_1_134' title='bbox 1099 2199 1145 2240; x_wconf 88' lang='lat' dir='ltr'><strong>et</strong></span> <span class='ocrx_word' id='word_1_135' title='bbox 1189 2187 1562 2240; x_wconf 74' lang='lat' dir='ltr'><strong>contui-bentur</strong></span> <span class='ocrx_word' id='word_1_136' title='bbox 1620 2200 1794 2239; x_wconf 86' lang='lat' dir='ltr'><strong>omnes</strong></span> <span class='ocrx_word' id='word_1_137' title='bbox 1836 2187 2085 2240; x_wconf 79' lang='lat' dir='ltr'><strong>habitan-</strong></span> 
     </span>
    </p>
   </div>
   <div class='ocr_carea' id='block_1_21' title="bbox 494 2276 2085 2347">
    <p class='ocr_par' dir='ltr' id='par_1_21' title="bbox 494 2276 2085 2347">
     <span class='ocr_line' id='line_1_21' title="bbox 494 2276 2085 2347; baseline -0.001 -15"><span class='ocrx_word' id='word_1_138' title='bbox 494 2292 570 2334; x_wconf 87' lang='lat' dir='ltr'><strong>tes</strong></span> <span class='ocrx_word' id='word_1_139' title='bbox 597 2290 816 2342; x_wconf 86' lang='lat' dir='ltr'><strong>terram,</strong></span> <span class='ocrx_word' id='word_1_140' title='bbox 879 2280 1127 2347; x_wconf 82' lang='lat' dir='ltr'><strong>quoniam</strong></span> <span class='ocrx_word' id='word_1_141' title='bbox 1193 2280 1337 2330; x_wconf 84' lang='lat' dir='ltr'><strong>adest</strong></span> <span class='ocrx_word' id='word_1_142' title='bbox 1385 2276 1495 2330; x_wconf 85' lang='lat' dir='ltr'><strong>dies</strong></span> <span class='ocrx_word' id='word_1_143' title='bbox 1536 2277 1791 2339; x_wconf 85' lang='lat' dir='ltr'><strong>Domini;</strong></span> <span class='ocrx_word' id='word_1_144' title='bbox 1837 2277 2085 2345; x_wconf 82' lang='lat' dir='ltr'><strong>quoniam</strong></span> 
     </span>
    </p>
   </div>
   <div class='ocr_carea' id='block_1_22' title="bbox 491 2367 2080 2439">
    <p class='ocr_par' dir='ltr' id='par_1_22' title="bbox 491 2367 2080 2439">
     <span class='ocr_line' id='line_1_22' title="bbox 491 2367 2080 2439; baseline -0.001 -18"><span class='ocrx_word' id='word_1_145' title='bbox 491 2386 650 2439; x_wconf 82' lang='lat' dir='ltr'><strong>prope</strong></span> <span class='ocrx_word' id='word_1_146' title='bbox 695 2381 767 2422; x_wconf 83' lang='lat' dir='ltr'><strong>est</strong></span> <span class='ocrx_word' id='word_1_147' title='bbox 819 2369 931 2422; x_wconf 82' lang='lat' dir='ltr'><strong>dies</strong></span> <span class='ocrx_word' id='word_1_148' title='bbox 976 2369 1309 2422; x_wconf 78' lang='lat' dir='ltr'><strong>tenebrarum</strong></span> <span class='ocrx_word' id='word_1_149' title='bbox 1345 2379 1393 2420; x_wconf 87' lang='lat' dir='ltr'><strong>et</strong></span> <span class='ocrx_word' id='word_1_150' title='bbox 1443 2367 1710 2436; x_wconf 76' lang='lat' dir='ltr'><strong>caliginis,</strong></span> <span class='ocrx_word' id='word_1_151' title='bbox 1751 2368 1860 2420; x_wconf 79' lang='lat' dir='ltr'><strong>dies</strong></span> <span class='ocrx_word' id='word_1_152' title='bbox 1924 2367 2080 2420; x_wconf 83' lang='lat' dir='ltr'><strong>nubis</strong></span> 
     </span>
    </p>
   </div>
   <div class='ocr_carea' id='block_1_23' title="bbox 491 2462 804 2516">
    <p class='ocr_par' dir='ltr' id='par_1_23' title="bbox 491 2462 804 2516">
     <span class='ocr_line' id='line_1_23' title="bbox 491 2462 804 2516; baseline 0 -1"><span class='ocrx_word' id='word_1_153' title='bbox 491 2472 541 2516; x_wconf 87' lang='lat' dir='ltr'><strong>et</strong></span> <span class='ocrx_word' id='word_1_154' title='bbox 585 2462 804 2515; x_wconf 77' lang='lat' dir='ltr'><strong>nebnlw.</strong></span> 
     </span>
    </p>
   </div>
   <div class='ocr_carea' id='block_1_24' title="bbox 561 2573 2081 2631">
    <p class='ocr_par' dir='ltr' id='par_1_24' title="bbox 561 2573 2081 2631">
     <span class='ocr_line' id='line_1_24' title="bbox 561 2573 2081 2631; baseline -0.002 -2"><span class='ocrx_word' id='word_1_155' title='bbox 561 2573 681 2630; x_wconf 82' lang='lat' dir='ltr'><strong>XV.</strong></span> <span class='ocrx_word' id='word_1_156' title='bbox 775 2574 1009 2630; x_wconf 85' lang='lat' dir='ltr'><strong>Venuste</strong></span> <span class='ocrx_word' id='word_1_157' title='bbox 1082 2591 1212 2631; x_wconf 88' lang='lat' dir='ltr'><strong>sane</strong></span> <span class='ocrx_word' id='word_1_158' title='bbox 1286 2590 1498 2630; x_wconf 85' lang='lat' dir='ltr'><strong>rursum</strong></span> <span class='ocrx_word' id='word_1_159' title='bbox 1571 2577 1724 2630; x_wconf 90' lang='lat' dir='ltr'><strong>nobis</strong></span> <span class='ocrx_word' id='word_1_160' title='bbox 1800 2575 1921 2630; x_wconf 83' lang='lat' dir='ltr'><strong>belli</strong></span> <span class='ocrx_word' id='word_1_161' title='bbox 2001 2575 2081 2628; x_wconf 82' lang='lat' dir='ltr'><strong>fa-</strong></span> 
     </span>
    </p>
   </div>
   <div class='ocr_carea' id='block_1_25' title="bbox 491 2668 2080 2736">
    <p class='ocr_par' dir='ltr' id='par_1_25' title="bbox 491 2668 2080 2736">
     <span class='ocr_line' id='line_1_25' title="bbox 491 2668 2080 2736; baseline -0.001 -14"><span class='ocrx_word' id='word_1_162' title='bbox 491 2668 604 2724; x_wconf 90' lang='lat' dir='ltr'><strong>cies</strong></span> <span class='ocrx_word' id='word_1_163' title='bbox 672 2669 1014 2734; x_wconf 82' lang='lat' dir='ltr'><strong>describitur,</strong></span> <span class='ocrx_word' id='word_1_164' title='bbox 1069 2679 1123 2723; x_wconf 91' lang='lat' dir='ltr'><strong>et</strong></span> <span class='ocrx_word' id='word_1_165' title='bbox 1179 2683 1306 2724; x_wconf 90' lang='lat' dir='ltr'><strong>vera</strong></span> <span class='ocrx_word' id='word_1_166' title='bbox 1385 2679 1468 2724; x_wconf 90' lang='lat' dir='ltr'><strong>est</strong></span> <span class='ocrx_word' id='word_1_167' title='bbox 1511 2669 1824 2736; x_wconf 83' lang='lat' dir='ltr'><strong>descriptio,</strong></span> <span class='ocrx_word' id='word_1_168' title='bbox 1867 2669 1979 2722; x_wconf 86' lang='lat' dir='ltr'><strong>sive</strong></span> <span class='ocrx_word' id='word_1_169' title='bbox 2030 2669 2080 2721; x_wconf 91' lang='lat' dir='ltr'><strong>in</strong></span> 
     </span>
    </p>
   </div>
   <div class='ocr_carea' id='block_1_26' title="bbox 489 2757 2081 2829">
    <p class='ocr_par' dir='ltr' id='par_1_26' title="bbox 489 2757 2081 2829">
     <span class='ocr_line' id='line_1_26' title="bbox 489 2757 2081 2829; baseline 0.002 -18"><span class='ocrx_word' id='word_1_170' title='bbox 489 2757 720 2824; x_wconf 86' lang='lat' dir='ltr'><strong>locusta,</strong></span> <span class='ocrx_word' id='word_1_171' title='bbox 769 2760 884 2814; x_wconf 83' lang='lat' dir='ltr'><strong>sive</strong></span> <span class='ocrx_word' id='word_1_172' title='bbox 978 2760 1030 2813; x_wconf 88' lang='lat' dir='ltr'><strong>in</strong></span> <span class='ocrx_word' id='word_1_173' title='bbox 1091 2761 1296 2813; x_wconf 81' lang='lat' dir='ltr'><strong>Ill‘UCllO</strong></span> <span class='ocrx_word' id='word_1_174' title='bbox 1346 2758 1486 2814; x_wconf 77' lang='lat' dir='ltr'><strong>forte</strong></span> <span class='ocrx_word' id='word_1_175' title='bbox 1548 2758 1900 2829; x_wconf 78' lang='lat' dir='ltr'><strong>intelligatur.</strong></span> <span class='ocrx_word' id='word_1_176' title='bbox 1971 2760 2081 2815; x_wconf 83' lang='lat' dir='ltr'><strong>sive</strong></span> 
     </span>
    </p>
   </div>
   <div class='ocr_carea' id='block_1_27' title="bbox 494 2851 2078 2922">
    <p class='ocr_par' dir='ltr' id='par_1_27' title="bbox 494 2851 2078 2922">
     <span class='ocr_line' id='line_1_27' title="bbox 494 2851 2078 2922; baseline 0 -18"><span class='ocrx_word' id='word_1_177' title='bbox 494 2853 620 2921; x_wconf 84' lang='lat' dir='ltr'><strong>quis</strong></span> <span class='ocrx_word' id='word_1_178' title='bbox 689 2853 757 2906; x_wconf 88' lang='lat' dir='ltr'><strong>de</strong></span> <span class='ocrx_word' id='word_1_179' title='bbox 837 2851 973 2921; x_wconf 86' lang='lat' dir='ltr'><strong>ipsis</strong></span> <span class='ocrx_word' id='word_1_180' title='bbox 1055 2851 1365 2922; x_wconf 81' lang='lat' dir='ltr'><strong>Babyloniis</strong></span> <span class='ocrx_word' id='word_1_181' title='bbox 1458 2853 1704 2922; x_wconf 89' lang='lat' dir='ltr'><strong>accipere</strong></span> <span class='ocrx_word' id='word_1_182' title='bbox 1805 2851 2078 2904; x_wconf 88' lang='lat' dir='ltr'><strong>maluerit.</strong></span> 
     </span>
    </p>
   </div>
   <div class='ocr_carea' id='block_1_28' title="bbox 491 2940 2082 3008">
    <p class='ocr_par' dir='ltr' id='par_1_28' title="bbox 491 2940 2082 3008">
     <span class='ocr_line' id='line_1_28' title="bbox 491 2940 2082 3008; baseline -0.003 -13"><span class='ocrx_word' id='word_1_183' title='bbox 491 2941 658 3007; x_wconf 83' lang='lat' dir='ltr'><strong>Quasi</strong></span> <span class='ocrx_word' id='word_1_184' title='bbox 719 2941 864 2994; x_wconf 89' lang='lat' dir='ltr'><strong>enim</strong></span> <span class='ocrx_word' id='word_1_185' title='bbox 916 2940 1054 2995; x_wconf 89' lang='lat' dir='ltr'><strong>bello</strong></span> <span class='ocrx_word' id='word_1_186' title='bbox 1107 2941 1216 3008; x_wconf 85' lang='lat' dir='ltr'><strong>jam</strong></span> <span class='ocrx_word' id='word_1_187' title='bbox 1273 2954 1368 3008; x_wconf 87' lang='lat' dir='ltr'><strong>per</strong></span> <span class='ocrx_word' id='word_1_188' title='bbox 1442 2949 1626 3008; x_wconf 88' lang='lat' dir='ltr'><strong>portas</strong></span> <span class='ocrx_word' id='word_1_189' title='bbox 1696 2940 1977 3008; x_wconf 84' lang='lat' dir='ltr'><strong>ingresso,</strong></span> <span class='ocrx_word' id='word_1_190' title='bbox 2027 2947 2082 2992; x_wconf 88' lang='lat' dir='ltr'><strong>et</strong></span> 
     </span>
    </p>
   </div>
   <div class='ocr_carea' id='block_1_29' title="bbox 488 3029 2076 3102">
    <p class='ocr_par' dir='ltr' id='par_1_29' title="bbox 488 3029 2076 3102">
     <span class='ocr_line' id='line_1_29' title="bbox 488 3029 2076 3102; baseline -0.003 -15"><span class='ocrx_word' id='word_1_191' title='bbox 488 3047 589 3102; x_wconf 80' lang='lat' dir='ltr'><strong>per</strong></span> <span class='ocrx_word' id='word_1_192' title='bbox 650 3043 814 3087; x_wconf 89' lang='lat' dir='ltr'><strong>totam</strong></span> <span class='ocrx_word' id='word_1_193' title='bbox 871 3033 1037 3086; x_wconf 80' lang='lat' dir='ltr'><strong>ferme</strong></span> <span class='ocrx_word' id='word_1_194' title='bbox 1083 3031 1323 3096; x_wconf 91' lang='lat' dir='ltr'><strong>Sionem,</strong></span> <span class='ocrx_word' id='word_1_195' title='bbox 1373 3045 1463 3087; x_wconf 90' lang='lat' dir='ltr'><strong>seu</strong></span> <span class='ocrx_word' id='word_1_196' title='bbox 1509 3047 1604 3099; x_wconf 89' lang='lat' dir='ltr'><strong>per</strong></span> <span class='ocrx_word' id='word_1_197' title='bbox 1642 3041 1808 3085; x_wconf 91' lang='lat' dir='ltr'><strong>totam</strong></span> <span class='ocrx_word' id='word_1_198' title='bbox 1841 3029 2076 3084; x_wconf 65' lang='lat' dir='ltr'><strong>Iudaeam</strong></span> 
     </span>
    </p>
   </div>
   <div class='ocr_carea' id='block_1_30' title="bbox 487 3124 2073 3194">
    <p class='ocr_par' dir='ltr' id='par_1_30' title="bbox 487 3124 2073 3194">
     <span class='ocr_line' id='line_1_30' title="bbox 487 3124 2073 3194; baseline 0.001 -16"><span class='ocrx_word' id='word_1_199' title='bbox 487 3125 730 3192; x_wconf 83' lang='lat' dir='ltr'><strong>vulgato,</strong></span> <span class='ocrx_word' id='word_1_200' title='bbox 777 3125 1005 3177; x_wconf 87' lang='lat' dir='ltr'><strong>tumultu</strong></span> <span class='ocrx_word' id='word_1_201' title='bbox 1062 3133 1117 3178; x_wconf 92' lang='lat' dir='ltr'><strong>et</strong></span> <span class='ocrx_word' id='word_1_202' title='bbox 1165 3125 1459 3180; x_wconf 84' lang='lat' dir='ltr'><strong>terroribus</strong></span> <span class='ocrx_word' id='word_1_203' title='bbox 1522 3124 1708 3179; x_wconf 85' lang='lat' dir='ltr'><strong>urbem</strong></span> <span class='ocrx_word' id='word_1_204' title='bbox 1753 3126 2073 3194; x_wconf 90' lang='lat' dir='ltr'><strong>completam</strong></span> 
     </span>
    </p>
   </div>
   <div class='ocr_carea' id='block_1_31' title="bbox 2207 552 3799 624">
    <p class='ocr_par' dir='ltr' id='par_1_31' title="bbox 2207 552 3799 624">
     <span class='ocr_line' id='line_1_31' title="bbox 2207 552 3799 624; baseline 0.003 -19"><span class='ocrx_word' id='word_1_205' title='bbox 2207 570 2372 623; x_wconf 88' lang='grc' dir='ltr'>σομαι</span> <span class='ocrx_word' id='word_1_206' title='bbox 2409 556 2439 606; x_wconf 90' lang='grc' dir='ltr'><strong>ό</strong></span> <span class='ocrx_word' id='word_1_207' title='bbox 2468 552 2600 617; x_wconf 82' lang='grc' dir='ltr'><strong>Θεὸς</strong></span> <span class='ocrx_word' id='word_1_208' title='bbox 2635 555 2875 624; x_wconf 79' lang='grc' dir='ltr'><strong>Ἰσραὴλ,</strong></span> <span class='ocrx_word' id='word_1_209' title='bbox 2911 555 3006 608; x_wconf 72' lang='grc' dir='ltr'><strong>καὶ</strong></span> <span class='ocrx_word' id='word_1_210' title='bbox 3035 555 3137 608; x_wconf 79' lang='grc' dir='ltr'><strong>οὐκ</strong></span> <span class='ocrx_word' id='word_1_211' title='bbox 3167 554 3547 623; x_wconf 71' lang='grc' dir='ltr'><strong>ἐγκαταλείψω</strong></span> <span class='ocrx_word' id='word_1_212' title='bbox 3576 555 3799 620; x_wconf 79' lang='grc' dir='ltr'>αὐτοὺς,</span> 
     </span>
    </p>
   </div>
   <div class='ocr_carea' id='block_1_32' title="bbox 2205 644 3803 716">
    <p class='ocr_par' dir='ltr' id='par_1_32' title="bbox 2205 644 3803 716">
     <span class='ocr_line' id='line_1_32' title="bbox 2205 644 3803 716; baseline 0 -19"><span class='ocrx_word' id='word_1_213' title='bbox 2205 645 2322 697; x_wconf 87' lang='grc' dir='ltr'>ἀλλ’</span> <span class='ocrx_word' id='word_1_214' title='bbox 2371 645 2567 712; x_wconf 80' lang='grc' dir='ltr'>ἀνοίξω</span> <span class='ocrx_word' id='word_1_215' title='bbox 2612 645 2838 698; x_wconf 77' lang='grc' dir='ltr'>ἐπὶτῶν</span> <span class='ocrx_word' id='word_1_216' title='bbox 2880 644 3052 715; x_wconf 85' lang='grc' dir='ltr'>ὀρέων</span> <span class='ocrx_word' id='word_1_217' title='bbox 3102 645 3402 714; x_wconf 80' lang='grc' dir='ltr'>ποταμοὺς,</span> <span class='ocrx_word' id='word_1_218' title='bbox 3436 644 3533 698; x_wconf 77' lang='grc' dir='ltr'><strong>καὶ</strong></span> <span class='ocrx_word' id='word_1_219' title='bbox 3557 646 3616 697; x_wconf 83' lang='grc' dir='ltr'><strong>ὲν</strong></span> <span class='ocrx_word' id='word_1_220' title='bbox 3647 649 3803 716; x_wconf 72' lang='grc' dir='ltr'>μέσῳ</span> 
     </span>
    </p>
   </div>
   <div class='ocr_carea' id='block_1_33' title="bbox 2203 733 3802 809">
    <p class='ocr_par' dir='ltr' id='par_1_33' title="bbox 2203 733 3802 809">
     <span class='ocr_line' id='line_1_33' title="bbox 2203 733 3802 809; baseline 0 -17"><span class='ocrx_word' id='word_1_221' title='bbox 2203 740 2313 792; x_wconf 87' lang='grc' dir='ltr'><strong>τῶν</strong></span> <span class='ocrx_word' id='word_1_222' title='bbox 2344 739 2541 792; x_wconf 83' lang='grc' dir='ltr'>πεδίων</span> <span class='ocrx_word' id='word_1_223' title='bbox 2568 741 2650 801; x_wconf 88' lang='grc' dir='ltr'>εἰς</span> <span class='ocrx_word' id='word_1_224' title='bbox 2671 739 2789 809; x_wconf 74' lang='grc' dir='ltr'>ἕλη,</span> <span class='ocrx_word' id='word_1_225' title='bbox 2819 738 2915 792; x_wconf 76' lang='grc' dir='ltr'><strong>καὶ</strong></span> <span class='ocrx_word' id='word_1_226' title='bbox 2937 738 3038 808; x_wconf 84' lang='grc' dir='ltr'>τὴν</span> <span class='ocrx_word' id='word_1_227' title='bbox 3066 737 3308 806; x_wconf 73' lang='grc' dir='ltr'>διψῶσαν</span> <span class='ocrx_word' id='word_1_228' title='bbox 3333 738 3436 807; x_wconf 84' lang='grc' dir='ltr'>γῆν</span> <span class='ocrx_word' id='word_1_229' title='bbox 3459 738 3517 791; x_wconf 76' lang='grc' dir='ltr'><strong>ὲν</strong></span> <span class='ocrx_word' id='word_1_230' title='bbox 3548 733 3802 809; x_wconf 71' lang='grc' dir='ltr'>ὑδραγω-</span> 
     </span>
    </p>
   </div>
   <div class='ocr_carea' id='block_1_34' title="bbox 2203 825 3802 899">
    <p class='ocr_par' dir='ltr' id='par_1_34' title="bbox 2203 825 3802 899">
     <span class='ocr_line' id='line_1_34' title="bbox 2203 825 3802 899; baseline -0.004 -15"><span class='ocrx_word' id='word_1_231' title='bbox 2203 834 2340 898; x_wconf 86' lang='grc' dir='ltr'><strong>γοῖς.</strong></span> <span class='ocrx_word' id='word_1_232' title='bbox 2382 849 2401 880; x_wconf 75' lang='grc' dir='ltr'>ι</span> <span class='ocrx_word' id='word_1_233' title='bbox 2432 829 2641 883; x_wconf 77' lang='grc' dir='ltr'>Οὐκοῦν</span> <span class='ocrx_word' id='word_1_234' title='bbox 2669 831 2832 899; x_wconf 79' lang='grc' dir='ltr'>ἡμεῖς</span> <span class='ocrx_word' id='word_1_235' title='bbox 2863 828 2961 898; x_wconf 76' lang='grc' dir='ltr'>μὲν</span> <span class='ocrx_word' id='word_1_236' title='bbox 2995 829 3054 880; x_wconf 86' lang='grc' dir='ltr'>ὲν</span> <span class='ocrx_word' id='word_1_237' title='bbox 3097 826 3330 889; x_wconf 83' lang='grc' dir='ltr'>τούτοις.</span> <span class='ocrx_word' id='word_1_238' title='bbox 3368 827 3430 878; x_wconf 77' lang='lat' dir='ltr'><strong>Ei</strong></span> <span class='ocrx_word' id='word_1_239' title='bbox 3461 825 3518 878; x_wconf 83' lang='grc' dir='ltr'>δὲ</span> <span class='ocrx_word' id='word_1_240' title='bbox 3556 825 3621 895; x_wconf 77' lang='grc' dir='ltr'>δὴ</span> <span class='ocrx_word' id='word_1_241' title='bbox 3650 825 3802 895; x_wconf 62' lang='grc' dir='ltr'>βεδε-</span> 
     </span>
    </p>
   </div>
   <div class='ocr_carea' id='block_1_35' title="bbox 2203 917 3794 992">
    <p class='ocr_par' dir='ltr' id='par_1_35' title="bbox 2203 917 3794 992">
     <span class='ocr_line' id='line_1_35' title="bbox 2203 917 3794 992; baseline -0.002 -17"><span class='ocrx_word' id='word_1_242' title='bbox 2203 922 2348 986; x_wconf 75' lang='grc' dir='ltr'>ζοιεν</span> <span class='ocrx_word' id='word_1_243' title='bbox 2384 921 2519 992; x_wconf 83' lang='grc' dir='ltr'>πρὸς</span> <span class='ocrx_word' id='word_1_244' title='bbox 2547 921 2910 991; x_wconf 80' lang='grc' dir='ltr'><strong>μετάγνωσιν,</strong></span> <span class='ocrx_word' id='word_1_245' title='bbox 2945 920 3039 972; x_wconf 62' lang='grc' dir='ltr'><strong>καὶ⁷</strong></span> <span class='ocrx_word' id='word_1_246' title='bbox 3079 917 3438 986; x_wconf 76' lang='grc' dir='ltr'>ἀναὸλέψοιεν</span> <span class='ocrx_word' id='word_1_247' title='bbox 3469 917 3606 988; x_wconf 79' lang='grc' dir='ltr'>πρὸς</span> <span class='ocrx_word' id='word_1_248' title='bbox 3636 917 3794 980; x_wconf 81' lang='grc' dir='ltr'>Θεὸν.</span> 
     </span>
    </p>
   </div>
   <div class='ocr_carea' id='block_1_36' title="bbox 2203 1010 3788 1084">
    <p class='ocr_par' dir='ltr' id='par_1_36' title="bbox 2203 1010 3788 1084">
     <span class='ocr_line' id='line_1_36' title="bbox 2203 1010 3788 1084; baseline -0.003 -18"><span class='ocrx_word' id='word_1_249' title='bbox 2203 1014 2411 1084; x_wconf 81' lang='grc' dir='ltr'>λέγοιέν</span> <span class='ocrx_word' id='word_1_250' title='bbox 2433 1031 2492 1066; x_wconf 91' lang='grc' dir='ltr'><strong>τε</strong></span> <span class='ocrx_word' id='word_1_251' title='bbox 2520 1013 2616 1067; x_wconf 68' lang='grc' dir='ltr'>καὶ</span> <span class='ocrx_word' id='word_1_252' title='bbox 2641 1012 2821 1074; x_wconf 66' lang='grc' dir='ltr'>αὐτοὶ,</span> <span class='ocrx_word' id='word_1_253' title='bbox 2849 1011 3024 1083; x_wconf 74' lang='grc' dir='ltr'>«Πρὸς</span> <span class='ocrx_word' id='word_1_254' title='bbox 3052 1011 3134 1075; x_wconf 82' lang='grc' dir='ltr'>σὲ,</span> <span class='ocrx_word' id='word_1_255' title='bbox 3157 1011 3350 1080; x_wconf 78' lang='grc' dir='ltr'>Κύριε,</span> <span class='ocrx_word' id='word_1_256' title='bbox 3374 1010 3741 1081; x_wconf 81' lang='grc' dir='ltr'>κεκράξομαι,</span> <span class='ocrx_word' id='word_1_257' title='bbox 3771 1029 3788 1061; x_wconf 77' lang='grc' dir='ltr'>ι</span> 
     </span>
    </p>
   </div>
   <div class='ocr_carea' id='block_1_37' title="bbox 2200 1100 3795 1178">
    <p class='ocr_par' dir='ltr' id='par_1_37' title="bbox 2200 1100 3795 1178">
     <span class='ocr_line' id='line_1_37' title="bbox 2200 1100 3795 1178; baseline -0.004 -19"><span class='ocrx_word' id='word_1_258' title='bbox 2200 1105 2458 1178; x_wconf 73' lang='grc' dir='ltr'>λήψονται</span> <span class='ocrx_word' id='word_1_259' title='bbox 2479 1106 2578 1167; x_wconf 82' lang='grc' dir='ltr'><strong>τὰς</strong></span> <span class='ocrx_word' id='word_1_260' title='bbox 2599 1103 2707 1156; x_wconf 83' lang='grc' dir='ltr'><strong>τῶν</strong></span> <span class='ocrx_word' id='word_1_261' title='bbox 2735 1103 2943 1156; x_wconf 83' lang='grc' dir='ltr'><strong>ὑδάτων</strong></span> <span class='ocrx_word' id='word_1_262' title='bbox 2965 1102 3213 1170; x_wconf 78' lang='grc' dir='ltr'><strong>ἀφέσεις,</strong></span> <span class='ocrx_word' id='word_1_263' title='bbox 3239 1101 3568 1171; x_wconf 83' lang='grc' dir='ltr'>ἁντλήσουσί</span> <span class='ocrx_word' id='word_1_264' title='bbox 3587 1117 3648 1153; x_wconf 85' lang='grc' dir='ltr'><strong>τε</strong></span> <span class='ocrx_word' id='word_1_265' title='bbox 3673 1100 3795 1172; x_wconf 85' lang='grc' dir='ltr'>μεθ’</span> 
     </span>
    </p>
   </div>
   <div class='ocr_carea' id='block_1_38' title="bbox 2199 1191 3792 1266">
    <p class='ocr_par' dir='ltr' id='par_1_38' title="bbox 2199 1191 3792 1266">
     <span class='ocr_line' id='line_1_38' title="bbox 2199 1191 3792 1266; baseline 0.001 -20"><span class='ocrx_word' id='word_1_266' title='bbox 2199 1195 2357 1266; x_wconf 83' lang='grc' dir='ltr'>ήμῶν</span> <span class='ocrx_word' id='word_1_267' title='bbox 2385 1195 2447 1248; x_wconf 81' lang='grc' dir='ltr'>τὸ</span> <span class='ocrx_word' id='word_1_268' title='bbox 2465 1192 2610 1264; x_wconf 76' lang='grc' dir='ltr'>ὕδωρ</span> <span class='ocrx_word' id='word_1_269' title='bbox 2631 1194 2692 1246; x_wconf 87' lang='grc' dir='ltr'><strong>τὸ</strong></span> <span class='ocrx_word' id='word_1_270' title='bbox 2725 1193 2936 1265; x_wconf 81' lang='grc' dir='ltr'>νοητὸν,</span> <span class='ocrx_word' id='word_1_271' title='bbox 2977 1193 3071 1246; x_wconf 73' lang='grc' dir='ltr'>καὶ</span> <span class='ocrx_word' id='word_1_272' title='bbox 3101 1193 3165 1244; x_wconf 82' lang='grc' dir='ltr'><strong>ὲκ</strong></span> <span class='ocrx_word' id='word_1_273' title='bbox 3195 1192 3302 1245; x_wconf 84' lang='grc' dir='ltr'>τῶν</span> <span class='ocrx_word' id='word_1_274' title='bbox 3335 1191 3530 1262; x_wconf 83' lang='grc' dir='ltr'>πηγῶν</span> <span class='ocrx_word' id='word_1_275' title='bbox 3568 1193 3664 1246; x_wconf 76' lang='grc' dir='ltr'>τοῦ</span> <span class='ocrx_word' id='word_1_276' title='bbox 3689 1211 3792 1246; x_wconf 70' lang='grc' dir='ltr'>σωο</span> 
     </span>
    </p>
   </div>
   <div class='ocr_carea' id='block_1_39' title="bbox 2196 1283 3788 1356">
    <p class='ocr_par' dir='ltr' id='par_1_39' title="bbox 2196 1283 3788 1356">
     <span class='ocr_line' id='line_1_39' title="bbox 2196 1283 3788 1356; baseline 0 -20"><span class='ocrx_word' id='word_1_277' title='bbox 2196 1284 2385 1356; x_wconf 85' lang='grc' dir='ltr'>τηρίου</span> <span class='ocrx_word' id='word_1_278' title='bbox 2417 1283 2858 1355; x_wconf 87' lang='grc' dir='ltr'>ποτισθήσονται,</span> <span class='ocrx_word' id='word_1_279' title='bbox 2895 1283 3104 1336; x_wconf 73' lang='grc' dir='ltr'>καὶτὸν</span> <span class='ocrx_word' id='word_1_280' title='bbox 3143 1283 3483 1354; x_wconf 76' lang='grc' dir='ltr'>χειμάρρουν</span> <span class='ocrx_word' id='word_1_281' title='bbox 3527 1284 3629 1352; x_wconf 78' lang='grc' dir='ltr'><strong>τῆς</strong></span> <span class='ocrx_word' id='word_1_282' title='bbox 3654 1301 3788 1354; x_wconf 84' lang='grc' dir='ltr'>τρυ-</span> 
     </span>
    </p>
   </div>
   <div class='ocr_carea' id='block_1_40' title="bbox 2198 1372 3788 1449">
    <p class='ocr_par' dir='ltr' id='par_1_40' title="bbox 2198 1372 3788 1449">
     <span class='ocr_line' id='line_1_40' title="bbox 2198 1372 3788 1449; baseline -0.013 -14"><span class='ocrx_word' id='word_1_283' title='bbox 2198 1379 2306 1449; x_wconf 83' lang='grc' dir='ltr'><strong>φῆς</strong></span> <span class='ocrx_word' id='word_1_284' title='bbox 2329 1378 2483 1449; x_wconf 77' lang='grc' dir='ltr'>παρὰ</span> <span class='ocrx_word' id='word_1_285' title='bbox 2515 1375 2610 1431; x_wconf 80' lang='grc' dir='ltr'><strong>τοῦ</strong></span> <span class='ocrx_word' id='word_1_286' title='bbox 2631 1376 2765 1430; x_wconf 88' lang='grc' dir='ltr'><strong>Θεοῦ</strong></span> <span class='ocrx_word' id='word_1_287' title='bbox 2792 1377 2885 1429; x_wconf 74' lang='grc' dir='ltr'><strong>καὶ</strong></span> <span class='ocrx_word' id='word_1_288' title='bbox 2916 1376 3148 1446; x_wconf 68' lang='grc' dir='ltr'>Πατρός,</span> <span class='ocrx_word' id='word_1_289' title='bbox 3186 1376 3281 1428; x_wconf 79' lang='grc' dir='ltr'><strong>καὶ</strong></span> <span class='ocrx_word' id='word_1_290' title='bbox 3329 1372 3427 1443; x_wconf 81' lang='grc' dir='ltr'>τὴν</span> <span class='ocrx_word' id='word_1_291' title='bbox 3466 1374 3652 1444; x_wconf 79' lang='grc' dir='ltr'>πηγὴν</span> <span class='ocrx_word' id='word_1_292' title='bbox 3689 1375 3788 1444; x_wconf 74' lang='grc' dir='ltr'>τῆς</span> 
     </span>
    </p>
   </div>
   <div class='ocr_carea' id='block_1_41' title="bbox 2197 1465 3784 1541">
    <p class='ocr_par' dir='ltr' id='par_1_41' title="bbox 2197 1465 3784 1541">
     <span class='ocr_line' id='line_1_41' title="bbox 2197 1465 3784 1541; baseline -0.004 -17"><span class='ocrx_word' id='word_1_293' title='bbox 2197 1471 2344 1541; x_wconf 80' lang='grc' dir='ltr'>ζωῆς</span> <span class='ocrx_word' id='word_1_294' title='bbox 2369 1470 2582 1535; x_wconf 76' lang='grc' dir='ltr'>ἕξουσιν</span> <span class='ocrx_word' id='word_1_295' title='bbox 2603 1471 2660 1523; x_wconf 84' lang='grc' dir='ltr'>ὲν</span> <span class='ocrx_word' id='word_1_296' title='bbox 2685 1468 2952 1540; x_wconf 81' lang='grc' dir='ltr'><strong>καρδίαις.</strong></span> <span class='ocrx_word' id='word_1_297' title='bbox 2983 1467 3389 1538; x_wconf 85' lang='grc' dir='ltr'>Παρακείσεται</span> <span class='ocrx_word' id='word_1_298' title='bbox 3411 1466 3470 1518; x_wconf 82' lang='grc' dir='ltr'>δὲ</span> <span class='ocrx_word' id='word_1_299' title='bbox 3496 1465 3675 1528; x_wconf 76' lang='grc' dir='ltr'>αὐτοῖς</span> <span class='ocrx_word' id='word_1_300' title='bbox 3704 1467 3784 1529; x_wconf 83' lang='grc' dir='ltr'>είς</span> 
     </span>
    </p>
   </div>
   <div class='ocr_carea' id='block_1_42' title="bbox 2195 1557 3780 1634">
    <p class='ocr_par' dir='ltr' id='par_1_42' title="bbox 2195 1557 3780 1634">
     <span class='ocr_line' id='line_1_42' title="bbox 2195 1557 3780 1634; baseline -0.004 -18"><span class='ocrx_word' id='word_1_301' title='bbox 2195 1561 2408 1634; x_wconf 83' lang='grc' dir='ltr'>τρυφὴν</span> <span class='ocrx_word' id='word_1_302' title='bbox 2443 1561 2537 1616; x_wconf 81' lang='grc' dir='ltr'><strong>καὶ</strong></span> <span class='ocrx_word' id='word_1_303' title='bbox 2565 1560 2634 1613; x_wconf 81' lang='grc' dir='ltr'><strong>τά</strong></span> <span class='ocrx_word' id='word_1_304' title='bbox 2662 1560 2841 1630; x_wconf 81' lang='grc' dir='ltr'>ὡραῖα</span> <span class='ocrx_word' id='word_1_305' title='bbox 2893 1560 2990 1628; x_wconf 85' lang='grc' dir='ltr'>τῆς</span> <span class='ocrx_word' id='word_1_306' title='bbox 3043 1561 3254 1630; x_wconf 81' lang='grc' dir='ltr'>ὲρήμου</span> <span class='ocrx_word' id='word_1_307' title='bbox 3281 1598 3297 1623; x_wconf 94' lang='grc'>,</span> <span class='ocrx_word' id='word_1_308' title='bbox 3330 1557 3593 1620; x_wconf 80' lang='grc' dir='ltr'><strong>τουτέστι,</strong></span> <span class='ocrx_word' id='word_1_309' title='bbox 3636 1558 3780 1629; x_wconf 82' lang='grc' dir='ltr'><strong>νομὴ</strong></span> 
     </span>
    </p>
   </div>
   <div class='ocr_carea' id='block_1_43' title="bbox 2193 1649 3778 1727">
    <p class='ocr_par' dir='ltr' id='par_1_43' title="bbox 2193 1649 3778 1727">
     <span class='ocr_line' id='line_1_43' title="bbox 2193 1649 3778 1727; baseline -0.006 -17"><span class='ocrx_word' id='word_1_310' title='bbox 2193 1655 2335 1727; x_wconf 83' lang='grc' dir='ltr'>καλὴ</span> <span class='ocrx_word' id='word_1_311' title='bbox 2384 1655 2478 1708; x_wconf 72' lang='grc' dir='ltr'><strong>καὶ</strong></span> <span class='ocrx_word' id='word_1_312' title='bbox 2516 1651 2875 1723; x_wconf 82' lang='grc' dir='ltr'>ἀμφιλαφὴς,</span> <span class='ocrx_word' id='word_1_313' title='bbox 2902 1653 2981 1715; x_wconf 85' lang='grc' dir='ltr'>είς</span> <span class='ocrx_word' id='word_1_314' title='bbox 3013 1651 3214 1719; x_wconf 82' lang='grc' dir='ltr'>γνῶσιν</span> <span class='ocrx_word' id='word_1_315' title='bbox 3257 1650 3460 1712; x_wconf 79' lang='grc' dir='ltr'>αὐτοὺς</span> <span class='ocrx_word' id='word_1_316' title='bbox 3505 1649 3778 1718; x_wconf 78' lang='grc' dir='ltr'>ἀποστρέ-</span> 
     </span>
    </p>
   </div>
   <div class='ocr_carea' id='block_1_44' title="bbox 2195 1741 3774 1818">
    <p class='ocr_par' dir='ltr' id='par_1_44' title="bbox 2195 1741 3774 1818">
     <span class='ocr_line' id='line_1_44' title="bbox 2195 1741 3774 1818; baseline -0.004 -17"><span class='ocrx_word' id='word_1_317' title='bbox 2195 1765 2370 1818; x_wconf 80' lang='grc' dir='ltr'>φουσα</span> <span class='ocrx_word' id='word_1_318' title='bbox 2404 1748 2504 1818; x_wconf 79' lang='grc' dir='ltr'><strong>τὴν</strong></span> <span class='ocrx_word' id='word_1_319' title='bbox 2550 1748 2608 1802; x_wconf 79' lang='grc' dir='ltr'>ὲν</span> <span class='ocrx_word' id='word_1_320' title='bbox 2637 1744 2858 1816; x_wconf 84' lang='grc' dir='ltr'>Χριστῷ</span> <span class='ocrx_word' id='word_1_321' title='bbox 2887 1745 3186 1816; x_wconf 79' lang='grc' dir='ltr'><strong>νοουμένην</strong></span> <span class='ocrx_word' id='word_1_322' title='bbox 3231 1743 3381 1798; x_wconf 80' lang='grc' dir='ltr'>Θείαν</span> <span class='ocrx_word' id='word_1_323' title='bbox 3403 1759 3465 1796; x_wconf 86' lang='grc' dir='ltr'><strong>τε</strong></span> <span class='ocrx_word' id='word_1_324' title='bbox 3489 1743 3586 1797; x_wconf 78' lang='grc' dir='ltr'><strong>καὶ</strong></span> <span class='ocrx_word' id='word_1_325' title='bbox 3618 1741 3774 1808; x_wconf 75' lang='grc' dir='ltr'>εὐαγ-</span> 
     </span>
    </p>
   </div>
   <div class='ocr_carea' id='block_1_45' title="bbox 2119 1825 2442 1908">
    <p class='ocr_par' dir='ltr' id='par_1_45' title="bbox 2119 1825 2442 1908">
     <span class='ocr_line' id='line_1_45' title="bbox 2119 1825 2442 1908; baseline 0 -15"><span class='ocrx_word' id='word_1_326' title='bbox 2119 1825 2162 1881; x_wconf 74' lang='lat' dir='ltr'><strong>B</strong></span> <span class='ocrx_word' id='word_1_327' title='bbox 2193 1840 2442 1908; x_wconf 62' lang='grc' dir='ltr'>γελικίην.</span> 
     </span>
    </p>
   </div>
   <div class='ocr_carea' id='block_1_46' title="bbox 2801 1969 3174 2028">
    <p class='ocr_par' dir='ltr' id='par_1_46' title="bbox 2801 1969 3174 2028">
     <span class='ocr_line' id='line_1_46' title="bbox 2801 1969 3174 2028; baseline 0 -2"><span class='ocrx_word' id='word_1_328' title='bbox 2801 1969 3056 2028; x_wconf 77' lang='grc' dir='ltr'><strong>ΚΕΦΑΛ.</strong></span> <span class='ocrx_word' id='word_1_329' title='bbox 3098 1971 3174 2026; x_wconf 87' lang='lat' dir='ltr'><strong>B&#39;.</strong></span> 
     </span>
    </p>
   </div>
   <div class='ocr_carea' id='block_1_47' title="bbox 2261 2077 3775 2157">
    <p class='ocr_par' dir='ltr' id='par_1_47' title="bbox 2261 2077 3775 2157">
     <span class='ocr_line' id='line_1_47' title="bbox 2261 2077 3775 2157; baseline -0.007 -13"><span class='ocrx_word' id='word_1_330' title='bbox 2261 2091 2604 2144; x_wconf 71' lang='grc' dir='ltr'>Σαλπίσατε</span> <span class='ocrx_word' id='word_1_331' title='bbox 2627 2087 2917 2157; x_wconf 76' lang='grc' dir='ltr'><strong>σάλπιγγι</strong></span> <span class='ocrx_word' id='word_1_332' title='bbox 2941 2086 3012 2140; x_wconf 82' lang='grc' dir='ltr'><strong>ἐν</strong></span> <span class='ocrx_word' id='word_1_333' title='bbox 3030 2084 3204 2149; x_wconf 83' lang='grc' dir='ltr'>Σιὼν,</span> <span class='ocrx_word' id='word_1_334' title='bbox 3231 2081 3534 2152; x_wconf 78' lang='grc' dir='ltr'><strong>κηρύξατε</strong></span> <span class='ocrx_word' id='word_1_335' title='bbox 3565 2079 3636 2134; x_wconf 80' lang='grc' dir='ltr'><strong>ἐν</strong></span> <span class='ocrx_word' id='word_1_336' title='bbox 3653 2077 3775 2149; x_wconf 81' lang='grc' dir='ltr'>ὄρει</span> 
     </span>
    </p>
   </div>
   <div class='ocr_carea' id='block_1_48' title="bbox 2189 2175 3777 2252">
    <p class='ocr_par' dir='ltr' id='par_1_48' title="bbox 2189 2175 3777 2252">
     <span class='ocr_line' id='line_1_48' title="bbox 2189 2175 3777 2252; baseline -0.007 -17"><span class='ocrx_word' id='word_1_337' title='bbox 2189 2183 2334 2252; x_wconf 73' lang='grc' dir='ltr'><strong>ἁγίῳ</strong></span> <span class='ocrx_word' id='word_1_338' title='bbox 2374 2198 2510 2250; x_wconf 84' lang='grc' dir='ltr'>μου,</span> <span class='ocrx_word' id='word_1_339' title='bbox 2549 2179 2647 2234; x_wconf 82' lang='grc' dir='ltr'><strong>καὶ</strong></span> <span class='ocrx_word' id='word_1_340' title='bbox 2687 2176 3174 2248; x_wconf 74' lang='grc' dir='ltr'>συγχυθήτωσαν</span> <span class='ocrx_word' id='word_1_341' title='bbox 3218 2175 3441 2239; x_wconf 79' lang='grc' dir='ltr'>πάντες</span> <span class='ocrx_word' id='word_1_342' title='bbox 3481 2175 3534 2227; x_wconf 82' lang='grc' dir='ltr'><strong>οἱ</strong></span> <span class='ocrx_word' id='word_1_343' title='bbox 3575 2188 3777 2226; x_wconf 84' lang='grc' dir='ltr'>κατοι-</span> 
     </span>
    </p>
   </div>
   <div class='ocr_carea' id='block_1_49' title="bbox 2188 2263 3776 2340">
    <p class='ocr_par' dir='ltr' id='par_1_49' title="bbox 2188 2263 3776 2340">
     <span class='ocr_line' id='line_1_49' title="bbox 2188 2263 3776 2340; baseline -0.006 -14"><span class='ocrx_word' id='word_1_344' title='bbox 2188 2274 2438 2338; x_wconf 80' lang='grc' dir='ltr'>κοῦντες</span> <span class='ocrx_word' id='word_1_345' title='bbox 2467 2275 2585 2340; x_wconf 80' lang='grc' dir='ltr'><strong>τὴν</strong></span> <span class='ocrx_word' id='word_1_346' title='bbox 2627 2268 2762 2339; x_wconf 74' lang='grc' dir='ltr'>γῆν,</span> <span class='ocrx_word' id='word_1_347' title='bbox 2815 2268 2965 2321; x_wconf 81' lang='grc' dir='ltr'>διότι</span> <span class='ocrx_word' id='word_1_348' title='bbox 2995 2265 3288 2337; x_wconf 83' lang='grc' dir='ltr'>πάρεστιν</span> <span class='ocrx_word' id='word_1_349' title='bbox 3315 2263 3505 2335; x_wconf 71' lang='grc' dir='ltr'><strong>’ἡμέρα</strong></span> <span class='ocrx_word' id='word_1_350' title='bbox 3525 2265 3776 2330; x_wconf 76' lang='grc' dir='ltr'><strong>Κυρίου.</strong></span> 
     </span>
    </p>
   </div>
   <div class='ocr_carea' id='block_1_50' title="bbox 2187 2357 3782 2432">
    <p class='ocr_par' dir='ltr' id='par_1_50' title="bbox 2187 2357 3782 2432">
     <span class='ocr_line' id='line_1_50' title="bbox 2187 2357 3782 2432; baseline -0.007 -15"><span class='ocrx_word' id='word_1_351' title='bbox 2187 2365 2276 2417; x_wconf 83' lang='grc' dir='ltr'><strong>ὅτι</strong></span> <span class='ocrx_word' id='word_1_352' title='bbox 2303 2363 2484 2432; x_wconf 73' lang='grc' dir='ltr'>ἐγγὺς</span> <span class='ocrx_word' id='word_1_353' title='bbox 2510 2361 2700 2432; x_wconf 75' lang='grc' dir='ltr'>ἡμέρα</span> <span class='ocrx_word' id='word_1_354' title='bbox 2726 2363 2988 2426; x_wconf 84' lang='grc' dir='ltr'>σκότους</span> <span class='ocrx_word' id='word_1_355' title='bbox 3026 2359 3125 2412; x_wconf 76' lang='grc' dir='ltr'><strong>καὶ</strong></span> <span class='ocrx_word' id='word_1_356' title='bbox 3158 2357 3424 2428; x_wconf 64' lang='grc' dir='ltr'>γνόφου,</span> <span class='ocrx_word' id='word_1_357' title='bbox 3455 2357 3645 2425; x_wconf 71' lang='grc' dir='ltr'>ἡμέρα</span> <span class='ocrx_word' id='word_1_358' title='bbox 3677 2370 3782 2407; x_wconf 74' lang='lat' dir='ltr'><strong>rs-</strong></span> 
     </span>
    </p>
   </div>
   <div class='ocr_carea' id='block_1_51' title="bbox 2185 2455 2814 2525">
    <p class='ocr_par' dir='ltr' id='par_1_51' title="bbox 2185 2455 2814 2525">
     <span class='ocr_line' id='line_1_51' title="bbox 2185 2455 2814 2525; baseline -0.003 -15"><span class='ocrx_word' id='word_1_359' title='bbox 2185 2457 2378 2525; x_wconf 67' lang='grc' dir='ltr'><strong>φέλης</strong></span> <span class='ocrx_word' id='word_1_360' title='bbox 2406 2455 2504 2509; x_wconf 76' lang='grc' dir='ltr'><strong>καὶ</strong></span> <span class='ocrx_word' id='word_1_361' title='bbox 2539 2455 2814 2525; x_wconf 74' lang='grc' dir='ltr'><strong>ὁμίχλης.</strong></span> 
     </span>
    </p>
   </div>
   <div class='ocr_carea' id='block_1_52' title="bbox 2257 2563 3769 2642">
    <p class='ocr_par' dir='ltr' id='par_1_52' title="bbox 2257 2563 3769 2642">
     <span class='ocr_line' id='line_1_52' title="bbox 2257 2563 3769 2642; baseline -0.007 -17"><span class='ocrx_word' id='word_1_362' title='bbox 2257 2573 2354 2626; x_wconf 86' lang='lat' dir='ltr'><strong>lE&#39;.</strong></span> <span class='ocrx_word' id='word_1_363' title='bbox 2387 2571 2662 2642; x_wconf 79' lang='grc' dir='ltr'>Γράφεται</span> <span class='ocrx_word' id='word_1_364' title='bbox 2684 2570 2747 2639; x_wconf 81' lang='grc' dir='ltr'>δὴ</span> <span class='ocrx_word' id='word_1_365' title='bbox 2787 2568 2950 2623; x_wconf 88' lang='grc' dir='ltr'>πάλιν</span> <span class='ocrx_word' id='word_1_366' title='bbox 2983 2565 3214 2631; x_wconf 81' lang='grc' dir='ltr'><strong>ἀστείως</strong></span> <span class='ocrx_word' id='word_1_367' title='bbox 3243 2568 3377 2638; x_wconf 77' lang='grc' dir='ltr'>ἡμῖν</span> <span class='ocrx_word' id='word_1_368' title='bbox 3404 2565 3500 2619; x_wconf 76' lang='grc' dir='ltr'>τοῦ</span> <span class='ocrx_word' id='word_1_369' title='bbox 3530 2563 3769 2634; x_wconf 81' lang='grc' dir='ltr'>πολέμου</span> 
     </span>
    </p>
   </div>
   <div class='ocr_carea' id='block_1_53' title="bbox 2182 2655 3770 2733">
    <p class='ocr_par' dir='ltr' id='par_1_53' title="bbox 2182 2655 3770 2733">
     <span class='ocr_line' id='line_1_53' title="bbox 2182 2655 3770 2733; baseline -0.006 -17"><span class='ocrx_word' id='word_1_370' title='bbox 2182 2663 2244 2716; x_wconf 76' lang='grc' dir='ltr'><strong>τὸ</strong></span> <span class='ocrx_word' id='word_1_371' title='bbox 2269 2663 2472 2733; x_wconf 80' lang='grc' dir='ltr'>σχῆμα.</span> <span class='ocrx_word' id='word_1_372' title='bbox 2509 2663 2608 2732; x_wconf 80' lang='grc' dir='ltr'><strong>Εῐη</strong></span> <span class='ocrx_word' id='word_1_373' title='bbox 2647 2661 2692 2714; x_wconf 82' lang='grc' dir='ltr'>δ’</span> <span class='ocrx_word' id='word_1_374' title='bbox 2733 2660 2801 2715; x_wconf 84' lang='grc' dir='ltr'>ἂν</span> <span class='ocrx_word' id='word_1_375' title='bbox 2827 2662 2922 2714; x_wconf 74' lang='grc' dir='ltr'><strong>καὶ</strong></span> <span class='ocrx_word' id='word_1_376' title='bbox 2954 2661 3041 2714; x_wconf 75' lang='grc' dir='ltr'><strong>ἐπ’</strong></span> <span class='ocrx_word' id='word_1_377' title='bbox 3065 2661 3272 2730; x_wconf 77' lang='grc' dir='ltr'>ἀμφοῖν</span> <span class='ocrx_word' id='word_1_378' title='bbox 3305 2657 3506 2726; x_wconf 70' lang='grc' dir='ltr'>ἀληθὲς</span> <span class='ocrx_word' id='word_1_379' title='bbox 3531 2695 3547 2718; x_wconf 89' lang='grc'><strong>,</strong></span> <span class='ocrx_word' id='word_1_380' title='bbox 3590 2655 3693 2708; x_wconf 78' lang='grc' dir='ltr'>κᾶν</span> <span class='ocrx_word' id='word_1_381' title='bbox 3721 2656 3770 2707; x_wconf 80' lang='grc' dir='ltr'>ει</span> 
     </span>
    </p>
   </div>
   <div class='ocr_carea' id='block_1_54' title="bbox 2183 2747 3770 2824">
    <p class='ocr_par' dir='ltr' id='par_1_54' title="bbox 2183 2747 3770 2824">
     <span class='ocr_line' id='line_1_54' title="bbox 2183 2747 3770 2824; baseline -0.006 -16"><span class='ocrx_word' id='word_1_382' title='bbox 2183 2755 2270 2809; x_wconf 79' lang='grc' dir='ltr'><strong>ἐπ’</strong></span> <span class='ocrx_word' id='word_1_383' title='bbox 2322 2753 2542 2824; x_wconf 85' lang='grc' dir='ltr'>ἀκρίδος</span> <span class='ocrx_word' id='word_1_384' title='bbox 2593 2754 2686 2806; x_wconf 78' lang='grc' dir='ltr'><strong>καὶ</strong></span> <span class='ocrx_word' id='word_1_385' title='bbox 2726 2752 2958 2823; x_wconf 86' lang='grc' dir='ltr'>βρούχου</span> <span class='ocrx_word' id='word_1_386' title='bbox 2990 2753 3150 2822; x_wconf 81' lang='grc' dir='ltr'>τυχὸν</span> <span class='ocrx_word' id='word_1_387' title='bbox 3207 2752 3399 2814; x_wconf 79' lang='grc' dir='ltr'>νοοῖτο,</span> <span class='ocrx_word' id='word_1_388' title='bbox 3433 2749 3539 2802; x_wconf 81' lang='grc' dir='ltr'>κᾶν</span> <span class='ocrx_word' id='word_1_389' title='bbox 3588 2749 3638 2800; x_wconf 82' lang='grc' dir='ltr'>εί</span> <span class='ocrx_word' id='word_1_390' title='bbox 3683 2747 3770 2799; x_wconf 75' lang='grc' dir='ltr'><strong>ἐπ’</strong></span> 
     </span>
    </p>
   </div>
   <div class='ocr_carea' id='block_1_55' title="bbox 2183 2837 3770 2912">
    <p class='ocr_par' dir='ltr' id='par_1_55' title="bbox 2183 2837 3770 2912">
     <span class='ocr_line' id='line_1_55' title="bbox 2183 2837 3770 2912; baseline -0.006 -12"><span class='ocrx_word' id='word_1_391' title='bbox 2183 2847 2364 2900; x_wconf 80' lang='grc' dir='ltr'>αὐτῶν</span> <span class='ocrx_word' id='word_1_392' title='bbox 2393 2845 2567 2900; x_wconf 76' lang='grc' dir='ltr'>ἓλοιτό</span> <span class='ocrx_word' id='word_1_393' title='bbox 2591 2863 2676 2908; x_wconf 84' lang='grc' dir='ltr'><strong>τις</strong></span> <span class='ocrx_word' id='word_1_394' title='bbox 2706 2845 2818 2899; x_wconf 79' lang='grc' dir='ltr'>τῶν</span> <span class='ocrx_word' id='word_1_395' title='bbox 2841 2845 3217 2899; x_wconf 76' lang='grc' dir='ltr'>Βαϐυλωνίων.</span> <span class='ocrx_word' id='word_1_396' title='bbox 3278 2844 3367 2906; x_wconf 84' lang='grc' dir='ltr'><strong>Ὠς</strong></span> <span class='ocrx_word' id='word_1_397' title='bbox 3405 2841 3514 2911; x_wconf 84' lang='grc' dir='ltr'><strong>γάρ</strong></span> <span class='ocrx_word' id='word_1_398' title='bbox 3546 2840 3650 2912; x_wconf 71' lang='grc' dir='ltr'><strong>ἠδη</strong></span> <span class='ocrx_word' id='word_1_399' title='bbox 3675 2837 3770 2892; x_wconf 75' lang='grc' dir='ltr'><strong>τοῦ</strong></span> 
     </span>
    </p>
   </div>
   <div class='ocr_carea' id='block_1_56' title="bbox 2183 2931 3770 3010">
    <p class='ocr_par' dir='ltr' id='par_1_56' title="bbox 2183 2931 3770 3010">
     <span class='ocr_line' id='line_1_56' title="bbox 2183 2931 3770 3010; baseline -0.007 -17"><span class='ocrx_word' id='word_1_400' title='bbox 2183 2940 2421 3010; x_wconf 80' lang='grc' dir='ltr'>πολέμου</span> <span class='ocrx_word' id='word_1_401' title='bbox 2461 2937 2756 3009; x_wconf 75' lang='grc' dir='ltr'>βεϐηκότος</span> <span class='ocrx_word' id='word_1_402' title='bbox 2801 2954 2859 2990; x_wconf 88' lang='grc' dir='ltr'><strong>τε</strong></span> <span class='ocrx_word' id='word_1_403' title='bbox 2897 2939 3026 2990; x_wconf 83' lang='grc' dir='ltr'>εῐσω</span> <span class='ocrx_word' id='word_1_404' title='bbox 3079 2935 3260 3006; x_wconf 84' lang='grc' dir='ltr'>θυρῶν</span> <span class='ocrx_word' id='word_1_405' title='bbox 3287 2975 3301 2997; x_wconf 91' lang='grc'><strong>,</strong></span> <span class='ocrx_word' id='word_1_406' title='bbox 3335 2934 3430 2986; x_wconf 80' lang='grc' dir='ltr'><strong>καὶ</strong></span> <span class='ocrx_word' id='word_1_407' title='bbox 3483 2931 3770 3003; x_wconf 74' lang='grc' dir='ltr'>μονονουχὶ</span> 
     </span>
    </p>
   </div>
   <div class='ocr_carea' id='block_1_57' title="bbox 2181 3024 3763 3102">
    <p class='ocr_par' dir='ltr' id='par_1_57' title="bbox 2181 3024 3763 3102">
     <span class='ocr_line' id='line_1_57' title="bbox 2181 3024 3763 3102; baseline -0.008 -16"><span class='ocrx_word' id='word_1_408' title='bbox 2181 3031 2324 3086; x_wconf 76' lang='grc' dir='ltr'>κατὰ</span> <span class='ocrx_word' id='word_1_409' title='bbox 2356 3032 2533 3084; x_wconf 84' lang='grc' dir='ltr'>πᾶσαν</span> <span class='ocrx_word' id='word_1_410' title='bbox 2558 3032 2656 3102; x_wconf 81' lang='grc' dir='ltr'><strong>τὴν</strong></span> <span class='ocrx_word' id='word_1_411' title='bbox 2686 3030 2843 3096; x_wconf 89' lang='grc' dir='ltr'>Σιὼν,</span> <span class='ocrx_word' id='word_1_412' title='bbox 2871 3031 3048 3100; x_wconf 73' lang='grc' dir='ltr'>ἢγουν</span> <span class='ocrx_word' id='word_1_413' title='bbox 3076 3030 3134 3082; x_wconf 83' lang='grc' dir='ltr'><strong>ὲν</strong></span> <span class='ocrx_word' id='word_1_414' title='bbox 3168 3026 3260 3097; x_wconf 81' lang='grc' dir='ltr'><strong>ὅλῃ</strong></span> <span class='ocrx_word' id='word_1_415' title='bbox 3304 3028 3370 3096; x_wconf 83' lang='grc' dir='ltr'>τῇ</span> <span class='ocrx_word' id='word_1_416' title='bbox 3414 3024 3654 3095; x_wconf 76' lang='grc' dir='ltr'>Ἰουδαίᾳ</span> <span class='ocrx_word' id='word_1_417' title='bbox 3678 3039 3763 3075; x_wconf 84' lang='grc' dir='ltr'>πε·</span> 
     </span>
    </p>
   </div>
   <div class='ocr_carea' id='block_1_58' title="bbox 2183 3117 3759 3197">
    <p class='ocr_par' dir='ltr' id='par_1_58' title="bbox 2183 3117 3759 3197">
     <span class='ocr_line' id='line_1_58' title="bbox 2183 3117 3759 3197; baseline -0.006 -19"><span class='ocrx_word' id='word_1_418' title='bbox 2183 3123 2602 3197; x_wconf 82' lang='grc' dir='ltr'>ριηγγελμένου,</span> <span class='ocrx_word' id='word_1_419' title='bbox 2637 3123 2729 3177; x_wconf 71' lang='grc' dir='ltr'><strong>καὶ</strong></span> <span class='ocrx_word' id='word_1_420' title='bbox 2776 3121 3029 3193; x_wconf 72' lang='grc' dir='ltr'>θορύϐου,</span> <span class='ocrx_word' id='word_1_421' title='bbox 3064 3121 3157 3174; x_wconf 76' lang='grc' dir='ltr'><strong>καὶ</strong></span> <span class='ocrx_word' id='word_1_422' title='bbox 3202 3118 3472 3190; x_wconf 84' lang='grc' dir='ltr'><strong>δειμάτων</strong></span> <span class='ocrx_word' id='word_1_423' title='bbox 3515 3117 3759 3186; x_wconf 80' lang='grc' dir='ltr'>ἀναπλη·</span> 
     </span>
    </p>
   </div>
   <div class='ocr_carea' id='block_1_59' title="bbox 487 3208 2076 3286">
    <p class='ocr_par' dir='ltr' id='par_1_59' title="bbox 487 3215 2072 3283">
     <span class='ocr_line' id='line_1_59' title="bbox 487 3215 2072 3283; baseline 0.002 -15"><span class='ocrx_word' id='word_1_424' title='bbox 487 3230 608 3270; x_wconf 88' lang='lat' dir='ltr'><strong>esse</strong></span> <span class='ocrx_word' id='word_1_425' title='bbox 651 3215 822 3270; x_wconf 88' lang='lat' dir='ltr'><strong>dicit:</strong></span> <span class='ocrx_word' id='word_1_426' title='bbox 861 3232 880 3266; x_wconf 82' lang='grc' dir='ltr'>ι</span> <span class='ocrx_word' id='word_1_427' title='bbox 924 3215 1090 3268; x_wconf 83' lang='lat' dir='ltr'><strong>Adest</strong></span> <span class='ocrx_word' id='word_1_428' title='bbox 1118 3216 1260 3269; x_wconf 87' lang='lat' dir='ltr'><strong>enim</strong></span> <span class='ocrx_word' id='word_1_429' title='bbox 1289 3215 1404 3270; x_wconf 86' lang='lat' dir='ltr'><strong>dies</strong></span> <span class='ocrx_word' id='word_1_430' title='bbox 1435 3215 1696 3270; x_wconf 67' lang='lat' dir='ltr'><strong>Domini.»</strong></span> <span class='ocrx_word' id='word_1_431' title='bbox 1736 3215 1888 3283; x_wconf 87' lang='lat' dir='ltr'><strong>Quod</strong></span> <span class='ocrx_word' id='word_1_432' title='bbox 1936 3217 2072 3272; x_wconf 78' lang='lat' dir='ltr'><strong>lianc</strong></span> 
     </span>
    </p>
   </div>
   <div class='ocr_carea' id='block_1_60' title="bbox 2183 3208 3767 3286">
    <p class='ocr_par' dir='ltr' id='par_1_60' title="bbox 2183 3208 3767 3286">
     <span class='ocr_line' id='line_1_60' title="bbox 2183 3208 3767 3286; baseline -0.005 -18"><span class='ocrx_word' id='word_1_433' title='bbox 2183 3215 2373 3285; x_wconf 82' lang='grc' dir='ltr'>σθῆναι</span> <span class='ocrx_word' id='word_1_434' title='bbox 2399 3212 2496 3286; x_wconf 79' lang='grc' dir='ltr'>τὴν</span> <span class='ocrx_word' id='word_1_435' title='bbox 2525 3213 2676 3267; x_wconf 82' lang='grc' dir='ltr'>πόλιν</span> <span class='ocrx_word' id='word_1_436' title='bbox 2707 3212 2893 3284; x_wconf 77' lang='grc' dir='ltr'><strong>φησίνο</strong></span> <span class='ocrx_word' id='word_1_437' title='bbox 2923 3231 2940 3264; x_wconf 81' lang='grc' dir='ltr'>ι</span> <span class='ocrx_word' id='word_1_438' title='bbox 2973 3208 3348 3282; x_wconf 78' lang='grc' dir='ltr'>Πάρεστι“γάρ</span> <span class='ocrx_word' id='word_1_439' title='bbox 3373 3211 3407 3280; x_wconf 83' lang='grc' dir='ltr'>ἠ</span> <span class='ocrx_word' id='word_1_440' title='bbox 3445 3209 3635 3280; x_wconf 77' lang='grc' dir='ltr'>ἡμέρα</span> <span class='ocrx_word' id='word_1_441' title='bbox 3656 3210 3767 3262; x_wconf 63' lang='grc' dir='ltr'><strong>Κυέ</strong></span> 
     </span>
    </p>
   </div>
   <div class='ocr_carea' id='block_1_61' title="bbox 487 3304 2068 3376">
    <p class='ocr_par' dir='ltr' id='par_1_61' title="bbox 487 3304 2068 3376">
     <span class='ocr_line' id='line_1_61' title="bbox 487 3304 2068 3376; baseline 0.001 -16"><span class='ocrx_word' id='word_1_442' title='bbox 487 3305 654 3360; x_wconf 81' lang='lat' dir='ltr'><strong>habet</strong></span> <span class='ocrx_word' id='word_1_443' title='bbox 680 3306 828 3358; x_wconf 81' lang='lat' dir='ltr'><strong>vim:</strong></span> <span class='ocrx_word' id='word_1_444' title='bbox 865 3319 950 3358; x_wconf 90' lang='lat' dir='ltr'><strong>res</strong></span> <span class='ocrx_word' id='word_1_445' title='bbox 985 3319 1089 3359; x_wconf 91' lang='lat' dir='ltr'><strong>non</strong></span> <span class='ocrx_word' id='word_1_446' title='bbox 1147 3313 1230 3358; x_wconf 92' lang='lat' dir='ltr'><strong>est</strong></span> <span class='ocrx_word' id='word_1_447' title='bbox 1281 3304 1510 3374; x_wconf 90' lang='lat' dir='ltr'><strong>amplius</strong></span> <span class='ocrx_word' id='word_1_448' title='bbox 1563 3305 1706 3359; x_wconf 88' lang='lat' dir='ltr'><strong>nuda</strong></span> <span class='ocrx_word' id='word_1_449' title='bbox 1757 3306 2068 3376; x_wconf 67' lang='lat' dir='ltr'><strong>praedictio,</strong></span> 
     </span>
    </p>
   </div>
   <div class='ocr_carea' id='block_1_62' title="bbox 486 3392 2068 3462">
    <p class='ocr_par' dir='ltr' id='par_1_62' title="bbox 486 3392 2068 3462">
     <span class='ocr_line' id='line_1_62' title="bbox 486 3392 2068 3462; baseline 0 -14"><span class='ocrx_word' id='word_1_450' title='bbox 486 3395 581 3448; x_wconf 87' lang='lat' dir='ltr'><strong>sed</strong></span> <span class='ocrx_word' id='word_1_451' title='bbox 619 3404 748 3448; x_wconf 81' lang='lat' dir='ltr'><strong>ante</strong></span> <span class='ocrx_word' id='word_1_452' title='bbox 791 3392 976 3448; x_wconf 89' lang='lat' dir='ltr'><strong>oculos</strong></span> <span class='ocrx_word' id='word_1_453' title='bbox 1021 3393 1200 3445; x_wconf 90' lang='lat' dir='ltr'><strong>omnia</strong></span> <span class='ocrx_word' id='word_1_454' title='bbox 1245 3406 1366 3462; x_wconf 69' lang='lat' dir='ltr'><strong>qua:</strong></span> <span class='ocrx_word' id='word_1_455' title='bbox 1410 3393 1768 3462; x_wconf 68' lang='lat' dir='ltr'><strong>praenuntiata</strong></span> <span class='ocrx_word' id='word_1_456' title='bbox 1813 3393 2068 3459; x_wconf 79' lang='lat' dir='ltr'><strong>luerunt,</strong></span> 
     </span>
    </p>
   </div>
   <div class='ocr_carea' id='block_1_63' title="bbox 486 3484 2071 3555">
    <p class='ocr_par' dir='ltr' id='par_1_63' title="bbox 486 3484 2071 3555">
     <span class='ocr_line' id='line_1_63' title="bbox 486 3484 2071 3555; baseline -0.001 -15"><span class='ocrx_word' id='word_1_457' title='bbox 486 3496 542 3540; x_wconf 88' lang='lat' dir='ltr'><strong>et</strong></span> <span class='ocrx_word' id='word_1_458' title='bbox 571 3486 685 3554; x_wconf 84' lang='lat' dir='ltr'><strong>ipsa</strong></span> <span class='ocrx_word' id='word_1_459' title='bbox 717 3484 1054 3555; x_wconf 78' lang='lat' dir='ltr'><strong>experientia</strong></span> <span class='ocrx_word' id='word_1_460' title='bbox 1087 3492 1236 3553; x_wconf 71' lang='lat' dir='ltr'><strong>geste</strong></span> <span class='ocrx_word' id='word_1_461' title='bbox 1270 3494 1417 3538; x_wconf 91' lang='lat' dir='ltr'><strong>sunt.</strong></span> <span class='ocrx_word' id='word_1_462' title='bbox 1450 3485 1528 3539; x_wconf 84' lang='lat' dir='ltr'><strong>Ae</strong></span> <span class='ocrx_word' id='word_1_463' title='bbox 1555 3485 1748 3540; x_wconf 87' lang='lat' dir='ltr'><strong>melius</strong></span> <span class='ocrx_word' id='word_1_464' title='bbox 1775 3497 1894 3539; x_wconf 89' lang='lat' dir='ltr'><strong>erat</strong></span> <span class='ocrx_word' id='word_1_465' title='bbox 1936 3487 2071 3539; x_wconf 84' lang='lat' dir='ltr'><strong>mul-</strong></span> 
     </span>
    </p>
   </div>
   <div class='ocr_carea' id='block_1_64' title="bbox 485 3577 2068 3648">
    <p class='ocr_par' dir='ltr' id='par_1_64' title="bbox 485 3577 2068 3648">
     <span class='ocr_line' id='line_1_64' title="bbox 485 3577 2068 3648; baseline 0.001 -16"><span class='ocrx_word' id='word_1_466' title='bbox 485 3591 544 3633; x_wconf 93' lang='lat' dir='ltr'><strong>to</strong></span> <span class='ocrx_word' id='word_1_467' title='bbox 581 3579 647 3633; x_wconf 90' lang='lat' dir='ltr'><strong>ad</strong></span> <span class='ocrx_word' id='word_1_468' title='bbox 679 3579 900 3633; x_wconf 88' lang='lat' dir='ltr'><strong>meliora</strong></span> <span class='ocrx_word' id='word_1_469' title='bbox 929 3593 988 3633; x_wconf 88' lang='lat' dir='ltr'><strong>se</strong></span> <span class='ocrx_word' id='word_1_470' title='bbox 1018 3579 1289 3648; x_wconf 87' lang='lat' dir='ltr'><strong>applicare</strong></span> <span class='ocrx_word' id='word_1_471' title='bbox 1343 3577 1600 3642; x_wconf 80' lang='lat' dir='ltr'><strong>voluisse,</strong></span> <span class='ocrx_word' id='word_1_472' title='bbox 1632 3587 1687 3633; x_wconf 89' lang='lat' dir='ltr'><strong>et</strong></span> <span class='ocrx_word' id='word_1_473' title='bbox 1719 3589 1844 3634; x_wconf 89' lang='lat' dir='ltr'><strong>ante</strong></span> <span class='ocrx_word' id='word_1_474' title='bbox 1867 3581 2068 3634; x_wconf 85' lang='lat' dir='ltr'><strong>adven-</strong></span> 
     </span>
    </p>
   </div>
   <div class='ocr_carea' id='block_1_65' title="bbox 487 3669 2072 3739">
    <p class='ocr_par' dir='ltr' id='par_1_65' title="bbox 487 3669 2072 3739">
     <span class='ocr_line' id='line_1_65' title="bbox 487 3669 2072 3739; baseline 0 -15"><span class='ocrx_word' id='word_1_475' title='bbox 487 3681 597 3724; x_wconf 89' lang='lat' dir='ltr'><strong>tum</strong></span> <span class='ocrx_word' id='word_1_476' title='bbox 655 3670 1112 3739; x_wconf 63' lang='lat' dir='ltr'><strong>prasentiamque</strong></span> <span class='ocrx_word' id='word_1_477' title='bbox 1174 3671 1438 3724; x_wconf 85' lang='lat' dir='ltr'><strong>malorum</strong></span> <span class='ocrx_word' id='word_1_478' title='bbox 1498 3669 1917 3725; x_wconf 90' lang='lat' dir='ltr'><strong>sollicitudinem</strong></span> <span class='ocrx_word' id='word_1_479' title='bbox 1974 3685 2072 3724; x_wconf 81' lang='lat' dir='ltr'><strong>ex-</strong></span> 
     </span>
    </p>
   </div>
   <div class='ocr_carea' id='block_1_66' title="bbox 483 3762 2071 3832">
    <p class='ocr_par' dir='ltr' id='par_1_66' title="bbox 483 3762 2071 3832">
     <span class='ocr_line' id='line_1_66' title="bbox 483 3762 2071 3832; baseline -0.001 -14"><span class='ocrx_word' id='word_1_480' title='bbox 483 3763 740 3818; x_wconf 88' lang='lat' dir='ltr'><strong>cussisse.</strong></span> <span class='ocrx_word' id='word_1_481' title='bbox 770 3763 954 3832; x_wconf 83' lang='lat' dir='ltr'><strong>Itaque</strong></span> <span class='ocrx_word' id='word_1_482' title='bbox 985 3764 1050 3818; x_wconf 87' lang='lat' dir='ltr'><strong>de</strong></span> <span class='ocrx_word' id='word_1_483' title='bbox 1078 3762 1395 3832; x_wconf 66' lang='lat' dir='ltr'><strong>paenitentia</strong></span> <span class='ocrx_word' id='word_1_484' title='bbox 1437 3764 1701 3817; x_wconf 82' lang='lat' dir='ltr'><strong>incertum</strong></span> <span class='ocrx_word' id='word_1_485' title='bbox 1732 3776 1854 3817; x_wconf 87' lang='lat' dir='ltr'><strong>esse</strong></span> <span class='ocrx_word' id='word_1_486' title='bbox 1889 3764 2071 3816; x_wconf 84' lang='lat' dir='ltr'><strong>consi-</strong></span> 
     </span>
    </p>
   </div>
   <div class='ocr_carea' id='block_1_67' title="bbox 484 3853 2066 3924">
    <p class='ocr_par' dir='ltr' id='par_1_67' title="bbox 484 3853 2066 3924">
     <span class='ocr_line' id='line_1_67' title="bbox 484 3853 2066 3924; baseline 0.001 -16"><span class='ocrx_word' id='word_1_487' title='bbox 484 3856 540 3908; x_wconf 92' lang='lat' dir='ltr'><strong>lii</strong></span> <span class='ocrx_word' id='word_1_488' title='bbox 569 3871 676 3908; x_wconf 87' lang='lat' dir='ltr'><strong>non</strong></span> <span class='ocrx_word' id='word_1_489' title='bbox 711 3855 862 3918; x_wconf 83' lang='lat' dir='ltr'><strong>sinit,</strong></span> <span class='ocrx_word' id='word_1_490' title='bbox 891 3856 986 3908; x_wconf 88' lang='lat' dir='ltr'><strong>sed</strong></span> <span class='ocrx_word' id='word_1_491' title='bbox 1041 3855 1284 3923; x_wconf 90' lang='lat' dir='ltr'><strong>deposito</strong></span> <span class='ocrx_word' id='word_1_492' title='bbox 1327 3854 1490 3907; x_wconf 87' lang='lat' dir='ltr'><strong>animi</strong></span> <span class='ocrx_word' id='word_1_493' title='bbox 1527 3854 1673 3907; x_wconf 86' lang='lat' dir='ltr'><strong>velut</strong></span> <span class='ocrx_word' id='word_1_494' title='bbox 1727 3853 1984 3924; x_wconf 78' lang='lat' dir='ltr'><strong>languore</strong></span> <span class='ocrx_word' id='word_1_495' title='bbox 2013 3865 2066 3909; x_wconf 90' lang='lat' dir='ltr'><strong>et</strong></span> 
     </span>
    </p>
   </div>
   <div class='ocr_carea' id='block_1_68' title="bbox 482 3944 2066 4014">
    <p class='ocr_par' dir='ltr' id='par_1_68' title="bbox 482 3944 2066 4014">
     <span class='ocr_line' id='line_1_68' title="bbox 482 3944 2066 4014; baseline 0.001 -16"><span class='ocrx_word' id='word_1_496' title='bbox 482 3945 720 4014; x_wconf 75' lang='lat' dir='ltr'><strong>ignavia,</strong></span> <span class='ocrx_word' id='word_1_497' title='bbox 757 3946 821 3998; x_wconf 90' lang='lat' dir='ltr'><strong>ad</strong></span> <span class='ocrx_word' id='word_1_498' title='bbox 853 3946 1034 4014; x_wconf 86' lang='lat' dir='ltr'><strong>Operis</strong></span> <span class='ocrx_word' id='word_1_499' title='bbox 1069 3945 1306 3998; x_wconf 84' lang='lat' dir='ltr'><strong>studium</strong></span> <span class='ocrx_word' id='word_1_500' title='bbox 1346 3945 1596 4012; x_wconf 84' lang='lat' dir='ltr'><strong>expedite</strong></span> <span class='ocrx_word' id='word_1_501' title='bbox 1646 3946 1886 4014; x_wconf 78' lang='lat' dir='ltr'><strong>aggredi,</strong></span> <span class='ocrx_word' id='word_1_502' title='bbox 1916 3955 1970 3998; x_wconf 88' lang='lat' dir='ltr'><strong>et</strong></span> <span class='ocrx_word' id='word_1_503' title='bbox 2001 3944 2066 4000; x_wconf 87' lang='lat' dir='ltr'><strong>ad</strong></span> 
     </span>
    </p>
   </div>
   <div class='ocr_carea' id='block_1_69' title="bbox 479 4033 2064 4105">
    <p class='ocr_par' dir='ltr' id='par_1_69' title="bbox 479 4033 2064 4105">
     <span class='ocr_line' id='line_1_69' title="bbox 479 4033 2064 4105; baseline 0.001 -18"><span class='ocrx_word' id='word_1_504' title='bbox 479 4037 812 4090; x_wconf 80' lang='lat' dir='ltr'><strong>voluntatem</strong></span> <span class='ocrx_word' id='word_1_505' title='bbox 843 4035 1192 4105; x_wconf 87' lang='lat' dir='ltr'><strong>sibimetipsis</strong></span> <span class='ocrx_word' id='word_1_506' title='bbox 1222 4033 1448 4089; x_wconf 84' lang='lat' dir='ltr'><strong>viriliter</strong></span> <span class='ocrx_word' id='word_1_507' title='bbox 1474 4036 1820 4090; x_wconf 87' lang='lat' dir='ltr'><strong>succurrendi</strong></span> <span class='ocrx_word' id='word_1_508' title='bbox 1855 4038 2064 4090; x_wconf 87' lang='lat' dir='ltr'><strong>incum-</strong></span> 
     </span>
    </p>
   </div>
   <div class='ocr_carea' id='block_1_70' title="bbox 478 4127 2064 4196">
    <p class='ocr_par' dir='ltr' id='par_1_70' title="bbox 478 4127 2064 4196">
     <span class='ocr_line' id='line_1_70' title="bbox 478 4127 2064 4196; baseline -0.003 -13"><span class='ocrx_word' id='word_1_509' title='bbox 478 4127 798 4194; x_wconf 83' lang='lat' dir='ltr'><strong>berejubet,</strong></span> <span class='ocrx_word' id='word_1_510' title='bbox 832 4127 898 4181; x_wconf 85' lang='lat' dir='ltr'><strong>ad</strong></span> <span class='ocrx_word' id='word_1_511' title='bbox 929 4127 1097 4182; x_wconf 90' lang='lat' dir='ltr'><strong>Deum</strong></span> <span class='ocrx_word' id='word_1_512' title='bbox 1129 4129 1468 4196; x_wconf 87' lang='lat' dir='ltr'><strong>properando</strong></span> <span class='ocrx_word' id='word_1_513' title='bbox 1490 4170 1505 4192; x_wconf 93' lang='lat'><strong>,</strong></span> <span class='ocrx_word' id='word_1_514' title='bbox 1537 4135 1891 4196; x_wconf 88' lang='lat' dir='ltr'><strong>veterumque</strong></span> <span class='ocrx_word' id='word_1_515' title='bbox 1935 4127 2064 4181; x_wconf 72' lang='lat' dir='ltr'><strong>deli-</strong></span> 
     </span>
    </p>
   </div>
   <div class='ocr_carea' id='block_1_71' title="bbox 477 4217 2064 4274">
    <p class='ocr_par' dir='ltr' id='par_1_71' title="bbox 477 4217 2064 4274">
     <span class='ocr_line' id='line_1_71' title="bbox 477 4217 2064 4274; baseline -0.001 0"><span class='ocrx_word' id='word_1_516' title='bbox 477 4230 690 4274; x_wconf 88' lang='lat' dir='ltr'><strong>ctorum</strong></span> <span class='ocrx_word' id='word_1_517' title='bbox 743 4219 983 4274; x_wconf 82' lang='lat' dir='ltr'><strong>maculas</strong></span> <span class='ocrx_word' id='word_1_518' title='bbox 1029 4218 1316 4272; x_wconf 85' lang='lat' dir='ltr'><strong>virtutibus</strong></span> <span class='ocrx_word' id='word_1_519' title='bbox 1353 4217 1679 4274; x_wconf 83' lang='lat' dir='ltr'><strong>sumcieudis</strong></span> <span class='ocrx_word' id='word_1_520' title='bbox 1702 4219 1928 4274; x_wconf 89' lang='lat' dir='ltr'><strong>delcndo</strong></span> <span class='ocrx_word' id='word_1_521' title='bbox 1984 4221 2064 4272; x_wconf 82' lang='lat' dir='ltr'><strong>vi-</strong></span> 
     </span>
    </p>
   </div>
   <div class='ocr_carea' id='block_1_72' title="bbox 479 4307 2060 4380">
    <p class='ocr_par' dir='ltr' id='par_1_72' title="bbox 479 4307 2060 4380">
     <span class='ocr_line' id='line_1_72' title="bbox 479 4307 2060 4380; baseline 0.001 -17"><span class='ocrx_word' id='word_1_522' title='bbox 479 4309 696 4364; x_wconf 82' lang='lat' dir='ltr'><strong>delicet.</strong></span> <span class='ocrx_word' id='word_1_523' title='bbox 728 4307 852 4364; x_wconf 88' lang='lat' dir='ltr'><strong>Ideo</strong></span> <span class='ocrx_word' id='word_1_524' title='bbox 891 4311 968 4364; x_wconf 89' lang='lat' dir='ltr'><strong>ait</strong></span> <span class='ocrx_word' id='word_1_525' title='bbox 1013 4324 1182 4379; x_wconf 90' lang='lat' dir='ltr'><strong>prope</strong></span> <span class='ocrx_word' id='word_1_526' title='bbox 1211 4311 1402 4366; x_wconf 78' lang='lat' dir='ltr'><strong>adesse</strong></span> <span class='ocrx_word' id='word_1_527' title='bbox 1467 4310 1612 4365; x_wconf 87' lang='lat' dir='ltr'><strong>diem</strong></span> <span class='ocrx_word' id='word_1_528' title='bbox 1662 4309 1906 4375; x_wconf 84' lang='lat' dir='ltr'><strong>Domini,</strong></span> <span class='ocrx_word' id='word_1_529' title='bbox 1956 4327 2060 4380; x_wconf 90' lang='lat' dir='ltr'><strong>qua</strong></span> 
     </span>
    </p>
   </div>
   <div class='ocr_carea' id='block_1_73' title="bbox 477 4400 2058 4470">
    <p class='ocr_par' dir='ltr' id='par_1_73' title="bbox 477 4400 2058 4470">
     <span class='ocr_line' id='line_1_73' title="bbox 477 4400 2058 4470; baseline -0.003 -12"><span class='ocrx_word' id='word_1_530' title='bbox 477 4400 650 4458; x_wconf 83' lang='lat' dir='ltr'><strong>futuri</strong></span> <span class='ocrx_word' id='word_1_531' title='bbox 680 4403 791 4458; x_wconf 89' lang='lat' dir='ltr'><strong>sint</strong></span> <span class='ocrx_word' id='word_1_532' title='bbox 826 4411 1083 4470; x_wconf 84' lang='lat' dir='ltr'><strong>tanquam</strong></span> <span class='ocrx_word' id='word_1_533' title='bbox 1115 4403 1168 4455; x_wconf 92' lang='lat' dir='ltr'><strong>in</strong></span> <span class='ocrx_word' id='word_1_534' title='bbox 1203 4402 1417 4468; x_wconf 82' lang='lat' dir='ltr'><strong>nebula,</strong></span> <span class='ocrx_word' id='word_1_535' title='bbox 1445 4411 1500 4456; x_wconf 86' lang='lat' dir='ltr'><strong>et</strong></span> <span class='ocrx_word' id='word_1_536' title='bbox 1557 4401 1813 4462; x_wconf 84' lang='lat' dir='ltr'><strong>tenebris.</strong></span> <span class='ocrx_word' id='word_1_537' title='bbox 1865 4401 2058 4456; x_wconf 76' lang='lat' dir='ltr'><strong>famem</strong></span> 
     </span>
    </p>
   </div>
   <div class='ocr_carea' id='block_1_74' title="bbox 2176 3302 3766 3380">
    <p class='ocr_par' dir='ltr' id='par_1_74' title="bbox 2176 3302 3766 3380">
     <span class='ocr_line' id='line_1_74' title="bbox 2176 3302 3766 3380; baseline -0.004 -18"><span class='ocrx_word' id='word_1_538' title='bbox 2176 3308 2291 3380; x_wconf 88' lang='grc' dir='ltr'>ρίου</span> <span class='ocrx_word' id='word_1_539' title='bbox 2321 3323 2336 3338; x_wconf 73' lang='grc' dir='ltr'><strong><em>ο</em></strong></span> <span class='ocrx_word' id='word_1_540' title='bbox 2373 3327 2392 3360; x_wconf 72' lang='grc' dir='ltr'>ι</span> <span class='ocrx_word' id='word_1_541' title='bbox 2431 3307 2731 3371; x_wconf 83' lang='grc' dir='ltr'>τουτέστιν,</span> <span class='ocrx_word' id='word_1_542' title='bbox 2772 3305 2956 3360; x_wconf 76' lang='grc' dir='ltr'>οὐκέτι</span> <span class='ocrx_word' id='word_1_543' title='bbox 3011 3304 3412 3375; x_wconf 84' lang='grc' dir='ltr'>προαγόρευσις</span> <span class='ocrx_word' id='word_1_544' title='bbox 3458 3304 3520 3355; x_wconf 86' lang='grc' dir='ltr'>τὸ</span> <span class='ocrx_word' id='word_1_545' title='bbox 3569 3302 3766 3372; x_wconf 82' lang='grc' dir='ltr'>χρῆμα</span> 
     </span>
    </p>
   </div>
   <div class='ocr_carea' id='block_1_75' title="bbox 2175 3395 3763 3470">
    <p class='ocr_par' dir='ltr' id='par_1_75' title="bbox 2175 3395 3763 3470">
     <span class='ocr_line' id='line_1_75' title="bbox 2175 3395 3763 3470; baseline -0.005 -17"><span class='ocrx_word' id='word_1_546' title='bbox 2175 3402 2355 3470; x_wconf 87' lang='grc' dir='ltr'>μόνον,</span> <span class='ocrx_word' id='word_1_547' title='bbox 2388 3399 2504 3453; x_wconf 86' lang='grc' dir='ltr'>ἀλλ’</span> <span class='ocrx_word' id='word_1_548' title='bbox 2535 3399 2612 3462; x_wconf 82' lang='grc' dir='ltr'><strong>ὡς</strong></span> <span class='ocrx_word' id='word_1_549' title='bbox 2645 3399 2704 3452; x_wconf 78' lang='grc' dir='ltr'>ὲν</span> <span class='ocrx_word' id='word_1_550' title='bbox 2731 3397 2852 3468; x_wconf 76' lang='grc' dir='ltr'>δψει</span> <span class='ocrx_word' id='word_1_551' title='bbox 2883 3397 2954 3451; x_wconf 82' lang='grc' dir='ltr'><strong>τά</strong></span> <span class='ocrx_word' id='word_1_552' title='bbox 2983 3397 3186 3460; x_wconf 85' lang='grc' dir='ltr'>πάντα,</span> <span class='ocrx_word' id='word_1_553' title='bbox 3219 3396 3314 3451; x_wconf 78' lang='grc' dir='ltr'><strong>καὶ</strong></span> <span class='ocrx_word' id='word_1_554' title='bbox 3353 3396 3411 3450; x_wconf 75' lang='grc' dir='ltr'><strong>ὲν</strong></span> <span class='ocrx_word' id='word_1_555' title='bbox 3447 3395 3638 3458; x_wconf 75' lang='grc' dir='ltr'>αὐταῖς</span> <span class='ocrx_word' id='word_1_556' title='bbox 3664 3410 3763 3461; x_wconf 77' lang='grc' dir='ltr'>γε-</span> 
     </span>
    </p>
   </div>
   <div class='ocr_carea' id='block_1_76' title="bbox 2170 3485 3756 3562">
    <p class='ocr_par' dir='ltr' id='par_1_76' title="bbox 2170 3485 3756 3562">
     <span class='ocr_line' id='line_1_76' title="bbox 2170 3485 3756 3562; baseline -0.004 -17"><span class='ocrx_word' id='word_1_557' title='bbox 2170 3493 2361 3561; x_wconf 86' lang='grc' dir='ltr'>γόνασι</span> <span class='ocrx_word' id='word_1_558' title='bbox 2387 3494 2506 3555; x_wconf 83' lang='grc' dir='ltr'>ταῖς</span> <span class='ocrx_word' id='word_1_559' title='bbox 2537 3492 2756 3562; x_wconf 81' lang='grc' dir='ltr'>πείραις</span> <span class='ocrx_word' id='word_1_560' title='bbox 2785 3491 2894 3544; x_wconf 86' lang='grc' dir='ltr'>τῶν</span> <span class='ocrx_word' id='word_1_561' title='bbox 2923 3489 3092 3544; x_wconf 85' lang='grc' dir='ltr'>πάλαι</span> <span class='ocrx_word' id='word_1_562' title='bbox 3129 3488 3609 3561; x_wconf 82' lang='grc' dir='ltr'>προηγγελμένων,</span> <span class='ocrx_word' id='word_1_563' title='bbox 3657 3485 3756 3550; x_wconf 77' lang='grc' dir='ltr'>οὓς</span> 
     </span>
    </p>
   </div>
   <div class='ocr_carea' id='block_1_77' title="bbox 2168 3578 3759 3656">
    <p class='ocr_par' dir='ltr' id='par_1_77' title="bbox 2168 3578 3759 3656">
     <span class='ocr_line' id='line_1_77' title="bbox 2168 3578 3759 3656; baseline -0.003 -20"><span class='ocrx_word' id='word_1_564' title='bbox 2168 3579 2236 3656; x_wconf 78' lang='grc' dir='ltr'><strong>ἦν</strong></span> <span class='ocrx_word' id='word_1_565' title='bbox 2261 3585 2483 3655; x_wconf 75' lang='grc' dir='ltr'>ἄμεινον</span> <span class='ocrx_word' id='word_1_566' title='bbox 2515 3584 2659 3638; x_wconf 84' lang='grc' dir='ltr'><strong>κατά</strong></span> <span class='ocrx_word' id='word_1_567' title='bbox 2701 3583 2836 3637; x_wconf 78' lang='grc' dir='ltr'>πολὺ</span> <span class='ocrx_word' id='word_1_568' title='bbox 2889 3584 3224 3653; x_wconf 68' lang='grc' dir='ltr'>μεταφοιτᾷν</span> <span class='ocrx_word' id='word_1_569' title='bbox 3261 3580 3477 3634; x_wconf 81' lang='grc' dir='ltr'><strong>ἑλέσθαι</strong></span> <span class='ocrx_word' id='word_1_570' title='bbox 3511 3579 3649 3650; x_wconf 77' lang='grc' dir='ltr'>πρὸς</span> <span class='ocrx_word' id='word_1_571' title='bbox 3686 3578 3759 3632; x_wconf 69' lang='grc' dir='ltr'><strong>τὰ.</strong></span> 
     </span>
    </p>
   </div>
   <div class='ocr_carea' id='block_1_78' title="bbox 2173 3671 3760 3746">
    <p class='ocr_par' dir='ltr' id='par_1_78' title="bbox 2173 3671 3760 3746">
     <span class='ocr_line' id='line_1_78' title="bbox 2173 3671 3760 3746; baseline -0.004 -18"><span class='ocrx_word' id='word_1_572' title='bbox 2173 3675 2385 3746; x_wconf 84' lang='grc' dir='ltr'>βελτίω,</span> <span class='ocrx_word' id='word_1_573' title='bbox 2426 3674 2517 3728; x_wconf 70' lang='grc' dir='ltr'><strong>καὶ</strong></span> <span class='ocrx_word' id='word_1_574' title='bbox 2542 3673 2650 3746; x_wconf 80' lang='grc' dir='ltr'>πρὸ</span> <span class='ocrx_word' id='word_1_575' title='bbox 2687 3674 2879 3742; x_wconf 76' lang='grc' dir='ltr'>ἐφόδου</span> <span class='ocrx_word' id='word_1_576' title='bbox 2907 3673 3002 3727; x_wconf 72' lang='grc' dir='ltr'><strong>καὶ</strong></span> <span class='ocrx_word' id='word_1_577' title='bbox 3029 3673 3359 3742; x_wconf 81' lang='grc' dir='ltr'>παρουσίας,</span> <span class='ocrx_word' id='word_1_578' title='bbox 3390 3671 3486 3743; x_wconf 79' lang='grc' dir='ltr'><strong>τὴν</strong></span> <span class='ocrx_word' id='word_1_579' title='bbox 3513 3671 3624 3724; x_wconf 85' lang='grc' dir='ltr'>τῶν</span> <span class='ocrx_word' id='word_1_580' title='bbox 3654 3687 3760 3722; x_wconf 60' lang='grc' dir='ltr'><strong>και</strong></span> 
     </span>
    </p>
   </div>
   <div class='ocr_carea' id='block_1_79' title="bbox 2172 3762 3761 3835">
    <p class='ocr_par' dir='ltr' id='par_1_79' title="bbox 2172 3762 3761 3835">
     <span class='ocr_line' id='line_1_79' title="bbox 2172 3762 3761 3835; baseline -0.003 -16"><span class='ocrx_word' id='word_1_581' title='bbox 2172 3765 2283 3820; x_wconf 85' lang='grc' dir='ltr'><strong>κῶν</strong></span> <span class='ocrx_word' id='word_1_582' title='bbox 2310 3763 2659 3818; x_wconf 83' lang='grc' dir='ltr'><strong>ἀποσείεσθαι</strong></span> <span class='ocrx_word' id='word_1_583' title='bbox 2690 3765 2970 3835; x_wconf 79' lang='grc' dir='ltr'>φροντίδα.</span> <span class='ocrx_word' id='word_1_584' title='bbox 3003 3764 3212 3818; x_wconf 83' lang='grc' dir='ltr'>Οὐκοῦν</span> <span class='ocrx_word' id='word_1_585' title='bbox 3248 3764 3384 3833; x_wconf 77' lang='grc' dir='ltr'>πρὸς</span> <span class='ocrx_word' id='word_1_586' title='bbox 3415 3762 3761 3833; x_wconf 81' lang='grc' dir='ltr'>μετάγνωσιν</span> 
     </span>
    </p>
   </div>
   <div class='ocr_carea' id='block_1_80' title="bbox 2169 3854 3752 3928">
    <p class='ocr_par' dir='ltr' id='par_1_80' title="bbox 2169 3854 3752 3928">
     <span class='ocr_line' id='line_1_80' title="bbox 2169 3854 3752 3928; baseline -0.006 -16"><span class='ocrx_word' id='word_1_587' title='bbox 2169 3855 2429 3912; x_wconf 77' lang='grc' dir='ltr'>ἀλὺεσθαι</span> <span class='ocrx_word' id='word_1_588' title='bbox 2451 3856 2551 3909; x_wconf 76' lang='grc' dir='ltr'><strong>οὐκ</strong></span> <span class='ocrx_word' id='word_1_589' title='bbox 2576 3857 2642 3926; x_wconf 77' lang='grc' dir='ltr'><strong>ἐᾷ</strong></span> <span class='ocrx_word' id='word_1_590' title='bbox 2662 3871 2676 3885; x_wconf 82' lang='lat'><strong><em>°</em></strong></span> <span class='ocrx_word' id='word_1_591' title='bbox 2713 3856 3002 3926; x_wconf 80' lang='grc' dir='ltr'>μεθιέντας</span> <span class='ocrx_word' id='word_1_592' title='bbox 3021 3856 3077 3909; x_wconf 79' lang='grc' dir='ltr'>δὲ</span> <span class='ocrx_word' id='word_1_593' title='bbox 3102 3857 3290 3928; x_wconf 82' lang='grc' dir='ltr'>ὥσπερ</span> <span class='ocrx_word' id='word_1_594' title='bbox 3319 3856 3379 3909; x_wconf 86' lang='grc' dir='ltr'><strong>τὸ</strong></span> <span class='ocrx_word' id='word_1_595' title='bbox 3404 3856 3504 3926; x_wconf 82' lang='grc' dir='ltr'>τῆς</span> <span class='ocrx_word' id='word_1_596' title='bbox 3525 3854 3752 3926; x_wconf 69' lang='grc' dir='ltr'>γνώμης</span> 
     </span>
    </p>
   </div>
   <div class='ocr_carea' id='block_1_81' title="bbox 2165 3947 3750 4018">
    <p class='ocr_par' dir='ltr' id='par_1_81' title="bbox 2165 3947 3750 4018">
     <span class='ocr_line' id='line_1_81' title="bbox 2165 3947 3750 4018; baseline -0.005 -14"><span class='ocrx_word' id='word_1_597' title='bbox 2165 3947 2560 4012; x_wconf 83' lang='grc' dir='ltr'>ἀναπεπτωκὸς</span> <span class='ocrx_word' id='word_1_598' title='bbox 2598 3948 2693 4001; x_wconf 73' lang='grc' dir='ltr'>καὶ</span> <span class='ocrx_word' id='word_1_599' title='bbox 2725 3947 2786 4001; x_wconf 86' lang='grc' dir='ltr'>τὸ</span> <span class='ocrx_word' id='word_1_600' title='bbox 2835 3947 3077 4018; x_wconf 77' lang='grc' dir='ltr'>ῥᾴθυμον</span> <span class='ocrx_word' id='word_1_601' title='bbox 3103 3987 3117 4010; x_wconf 96' lang='grc'>,</span> <span class='ocrx_word' id='word_1_602' title='bbox 3155 3950 3235 4011; x_wconf 88' lang='grc' dir='ltr'>είς</span> <span class='ocrx_word' id='word_1_603' title='bbox 3291 3947 3584 4018; x_wconf 82' lang='grc' dir='ltr'>φιλεργίας</span> <span class='ocrx_word' id='word_1_604' title='bbox 3621 3947 3750 4000; x_wconf 74' lang='grc' dir='ltr'>ἰέναι</span> 
     </span>
    </p>
   </div>
   <div class='ocr_carea' id='block_1_82' title="bbox 2166 4037 3750 4113">
    <p class='ocr_par' dir='ltr' id='par_1_82' title="bbox 2166 4037 3750 4113">
     <span class='ocr_line' id='line_1_82' title="bbox 2166 4037 3750 4113; baseline -0.004 -18"><span class='ocrx_word' id='word_1_605' title='bbox 2166 4041 2380 4096; x_wconf 81' lang='grc' dir='ltr'>κελεύει</span> <span class='ocrx_word' id='word_1_606' title='bbox 2403 4040 2639 4113; x_wconf 82' lang='grc' dir='ltr'>γοργῶς,</span> <span class='ocrx_word' id='word_1_607' title='bbox 2661 4043 2754 4094; x_wconf 78' lang='grc' dir='ltr'><strong>καὶ</strong></span> <span class='ocrx_word' id='word_1_608' title='bbox 2774 4041 2865 4092; x_wconf 84' lang='grc' dir='ltr'><strong>ὲπί</strong></span> <span class='ocrx_word' id='word_1_609' title='bbox 2885 4055 2949 4108; x_wconf 89' lang='grc' dir='ltr'><strong>γε</strong></span> <span class='ocrx_word' id='word_1_610' title='bbox 2966 4038 3026 4090; x_wconf 88' lang='grc' dir='ltr'><strong>τὸ</strong></span> <span class='ocrx_word' id='word_1_611' title='bbox 3048 4037 3330 4106; x_wconf 79' lang='grc' dir='ltr'>βούλεσθαι</span> <span class='ocrx_word' id='word_1_612' title='bbox 3357 4040 3544 4106; x_wconf 81' lang='grc' dir='ltr'>σφίσιν</span> <span class='ocrx_word' id='word_1_613' title='bbox 3569 4037 3750 4099; x_wconf 72' lang='grc' dir='ltr'>αὐτοῖς</span> 
     </span>
    </p>
   </div>
   <div class='ocr_carea' id='block_1_83' title="bbox 2167 4129 3752 4204">
    <p class='ocr_par' dir='ltr' id='par_1_83' title="bbox 2167 4129 3752 4204">
     <span class='ocr_line' id='line_1_83' title="bbox 2167 4129 3752 4204; baseline -0.004 -17"><span class='ocrx_word' id='word_1_614' title='bbox 2167 4133 2442 4204; x_wconf 81' lang='grc' dir='ltr'>ἐπαμύναι</span> <span class='ocrx_word' id='word_1_615' title='bbox 2489 4132 2744 4201; x_wconf 84' lang='grc' dir='ltr'>γενικῶς,</span> <span class='ocrx_word' id='word_1_616' title='bbox 2797 4131 2915 4201; x_wconf 79' lang='grc' dir='ltr'><strong>Θεῷ</strong></span> <span class='ocrx_word' id='word_1_617' title='bbox 2945 4131 3184 4203; x_wconf 82' lang='grc' dir='ltr'>δηλονότι</span> <span class='ocrx_word' id='word_1_618' title='bbox 3217 4131 3609 4201; x_wconf 80' lang='grc' dir='ltr'>προσθέοντας,</span> <span class='ocrx_word' id='word_1_619' title='bbox 3647 4129 3752 4182; x_wconf 74' lang='grc' dir='ltr'>τῶν</span> 
     </span>
    </p>
   </div>
   <div class='ocr_carea' id='block_1_84' title="bbox 2163 4223 3750 4296">
    <p class='ocr_par' dir='ltr' id='par_1_84' title="bbox 2163 4223 3750 4296">
     <span class='ocr_line' id='line_1_84' title="bbox 2163 4223 3750 4296; baseline -0.003 -17"><span class='ocrx_word' id='word_1_620' title='bbox 2163 4226 2410 4295; x_wconf 79' lang='grc' dir='ltr'>ἀρχαίων</span> <span class='ocrx_word' id='word_1_621' title='bbox 2441 4224 2784 4296; x_wconf 75' lang='grc' dir='ltr'>αἱτιαμάτων</span> <span class='ocrx_word' id='word_1_622' title='bbox 2805 4223 3166 4292; x_wconf 73' lang='grc' dir='ltr'>ἀφανίζοντας</span> <span class='ocrx_word' id='word_1_623' title='bbox 3185 4224 3253 4277; x_wconf 80' lang='grc' dir='ltr'>τὰ</span> <span class='ocrx_word' id='word_1_624' title='bbox 3283 4223 3610 4294; x_wconf 80' lang='grc' dir='ltr'>ἐγκλήματα</span> <span class='ocrx_word' id='word_1_625' title='bbox 3632 4223 3750 4284; x_wconf 64' lang='lat' dir='ltr'><strong>sui;</strong></span> 
     </span>
    </p>
   </div>
   <div class='ocr_carea' id='block_1_85' title="bbox 2162 4313 3750 4388">
    <p class='ocr_par' dir='ltr' id='par_1_85' title="bbox 2162 4313 3750 4388">
     <span class='ocr_line' id='line_1_85' title="bbox 2162 4313 3750 4388; baseline -0.003 -20"><span class='ocrx_word' id='word_1_626' title='bbox 2162 4315 2272 4369; x_wconf 86' lang='grc' dir='ltr'><strong>τῶν</strong></span> <span class='ocrx_word' id='word_1_627' title='bbox 2317 4318 2619 4388; x_wconf 84' lang='grc' dir='ltr'>ἀμεινόνων</span> <span class='ocrx_word' id='word_1_628' title='bbox 2667 4317 3000 4384; x_wconf 83' lang='grc' dir='ltr'>ἐπαγωγαῖς.</span> <span class='ocrx_word' id='word_1_629' title='bbox 3056 4315 3326 4386; x_wconf 78' lang='grc' dir='ltr'>Ταύτῃτοί</span> <span class='ocrx_word' id='word_1_630' title='bbox 3370 4332 3535 4384; x_wconf 82' lang='grc' dir='ltr'>φησιν</span> <span class='ocrx_word' id='word_1_631' title='bbox 3579 4313 3750 4382; x_wconf 73' lang='grc' dir='ltr'>ἐγγὺς</span> 
     </span>
    </p>
   </div>
   <div class='ocr_carea' id='block_1_86' title="bbox 2164 4403 3750 4480">
    <p class='ocr_par' dir='ltr' id='par_1_86' title="bbox 2164 4403 3750 4480">
     <span class='ocr_line' id='line_1_86' title="bbox 2164 4403 3750 4480; baseline -0.004 -20"><span class='ocrx_word' id='word_1_632' title='bbox 2164 4403 2300 4460; x_wconf 72' lang='grc' dir='ltr'>εἶναι</span> <span class='ocrx_word' id='word_1_633' title='bbox 2324 4409 2421 4479; x_wconf 82' lang='grc' dir='ltr'>τὴν</span> <span class='ocrx_word' id='word_1_634' title='bbox 2445 4408 2660 4478; x_wconf 75' lang='grc' dir='ltr'>ἡμέραν</span> <span class='ocrx_word' id='word_1_635' title='bbox 2688 4409 2918 4480; x_wconf 82' lang='grc' dir='ltr'>Κυρίου,</span> <span class='ocrx_word' id='word_1_636' title='bbox 2951 4407 3071 4462; x_wconf 80' lang='grc' dir='ltr'><strong>καθ’</strong></span> <span class='ocrx_word' id='word_1_637' title='bbox 3099 4408 3166 4478; x_wconf 75' lang='grc' dir='ltr'><strong>ἢν</strong></span> <span class='ocrx_word' id='word_1_638' title='bbox 3204 4406 3416 4460; x_wconf 76' lang='grc' dir='ltr'>ἔσονται</span> <span class='ocrx_word' id='word_1_639' title='bbox 3452 4403 3552 4475; x_wconf 83' lang='grc' dir='ltr'><strong>μὲν</strong></span> <span class='ocrx_word' id='word_1_640' title='bbox 3581 4403 3659 4466; x_wconf 85' lang='grc' dir='ltr'>ὡς</span> <span class='ocrx_word' id='word_1_641' title='bbox 3687 4404 3750 4455; x_wconf 78' lang='grc' dir='ltr'><strong>ὲν</strong></span> 
     </span>
    </p>
   </div>
   <div class='ocr_carea' id='block_1_87' title="bbox 477 4492 2076 4568">
    <p class='ocr_par' dir='ltr' id='par_1_87' title="bbox 477 4492 2056 4562">
     <span class='ocr_line' id='line_1_87' title="bbox 477 4492 2056 4562; baseline 0.001 -15"><span class='ocrx_word' id='word_1_642' title='bbox 477 4508 508 4547; x_wconf 91' lang='lat' dir='ltr'><strong>a</strong></span> <span class='ocrx_word' id='word_1_643' title='bbox 541 4493 744 4548; x_wconf 90' lang='lat' dir='ltr'><strong>locusta</strong></span> <span class='ocrx_word' id='word_1_644' title='bbox 773 4492 1150 4557; x_wconf 87' lang='lat' dir='ltr'><strong>invebendam,</strong></span> <span class='ocrx_word' id='word_1_645' title='bbox 1185 4493 1299 4546; x_wconf 78' lang='lat' dir='ltr'><strong>sive</strong></span> <span class='ocrx_word' id='word_1_646' title='bbox 1324 4507 1388 4546; x_wconf 82' lang='lat' dir='ltr'><strong>ex</strong></span> <span class='ocrx_word' id='word_1_647' title='bbox 1421 4492 1764 4561; x_wconf 83' lang='lat' dir='ltr'><strong>Assyriorum</strong></span> <span class='ocrx_word' id='word_1_648' title='bbox 1829 4493 2056 4562; x_wconf 81' lang='lat' dir='ltr'><strong>impres-</strong></span> 
     </span>
    </p>
   </div>
   <div class='ocr_carea' id='block_1_88' title="bbox 2183 4492 3748 4568">
    <p class='ocr_par' dir='ltr' id='par_1_88' title="bbox 2183 4493 3748 4568">
     <span class='ocr_line' id='line_1_88' title="bbox 2183 4493 3748 4568; baseline -0.001 -21"><span class='ocrx_word' id='word_1_649' title='bbox 2183 4496 2360 4567; x_wconf 67' lang='grc' dir='ltr'>νμίχλῃ</span> <span class='ocrx_word' id='word_1_650' title='bbox 2405 4498 2499 4549; x_wconf 74' lang='grc' dir='ltr'><strong>κα)⁸</strong></span> <span class='ocrx_word' id='word_1_651' title='bbox 2528 4497 2726 4568; x_wconf 86' lang='grc' dir='ltr'>σκότῳ,</span> <span class='ocrx_word' id='word_1_652' title='bbox 2751 4499 2840 4552; x_wconf 87' lang='grc' dir='ltr'>τὸν</span> <span class='ocrx_word' id='word_1_653' title='bbox 2862 4501 2926 4552; x_wconf 80' lang='grc' dir='ltr'><strong>ὲκ</strong></span> <span class='ocrx_word' id='word_1_654' title='bbox 2946 4498 3043 4568; x_wconf 78' lang='grc' dir='ltr'>τῆς</span> <span class='ocrx_word' id='word_1_655' title='bbox 3068 4497 3288 4568; x_wconf 86' lang='grc' dir='ltr'>ἀκρίδος</span> <span class='ocrx_word' id='word_1_656' title='bbox 3313 4495 3538 4557; x_wconf 87' lang='grc' dir='ltr'>δεδιότες</span> <span class='ocrx_word' id='word_1_657' title='bbox 3562 4493 3748 4564; x_wconf 82' lang='grc' dir='ltr'>λιμὸν,</span> 
     </span>
    </p>
   </div>
   <div class='ocr_carea' id='block_1_89' title="bbox 476 4579 2055 4650">
    <p class='ocr_par' dir='ltr' id='par_1_89' title="bbox 476 4579 2055 4650">
     <span class='ocr_line' id='line_1_89' title="bbox 476 4579 2055 4650; baseline 0 -13"><span class='ocrx_word' id='word_1_658' title='bbox 476 4584 628 4638; x_wconf 88' lang='lat' dir='ltr'><strong>sione</strong></span> <span class='ocrx_word' id='word_1_659' title='bbox 647 4597 805 4650; x_wconf 88' lang='lat' dir='ltr'><strong>supra</strong></span> <span class='ocrx_word' id='word_1_660' title='bbox 832 4588 992 4650; x_wconf 89' lang='lat' dir='ltr'><strong>caput</strong></span> <span class='ocrx_word' id='word_1_661' title='bbox 1020 4581 1151 4650; x_wconf 83' lang='lat' dir='ltr'><strong>ipsis</strong></span> <span class='ocrx_word' id='word_1_662' title='bbox 1175 4590 1440 4637; x_wconf 87' lang='lat' dir='ltr'><strong>astantem</strong></span> <span class='ocrx_word' id='word_1_663' title='bbox 1463 4579 1824 4635; x_wconf 87' lang='lat' dir='ltr'><strong>calamitatem</strong></span> <span class='ocrx_word' id='word_1_664' title='bbox 1847 4591 1902 4636; x_wconf 86' lang='lat' dir='ltr'><strong>et</strong></span> <span class='ocrx_word' id='word_1_665' title='bbox 1931 4596 2055 4650; x_wconf 87' lang='lat' dir='ltr'><strong>per-</strong></span> 
     </span>
    </p>
   </div>
   <div class='ocr_carea' id='block_1_90' title="bbox 477 4673 1031 4728">
    <p class='ocr_par' dir='ltr' id='par_1_90' title="bbox 477 4673 1031 4728">
     <span class='ocr_line' id='line_1_90' title="bbox 477 4673 1031 4728; baseline -0.002 0"><span class='ocrx_word' id='word_1_666' title='bbox 477 4673 673 4728; x_wconf 91' lang='lat' dir='ltr'><strong>niciem</strong></span> <span class='ocrx_word' id='word_1_667' title='bbox 715 4681 1031 4727; x_wconf 83' lang='lat' dir='ltr'><strong>metuentes.</strong></span> 
     </span>
    </p>
   </div>
   <div class='ocr_carea' id='block_1_91' title="bbox 552 4764 2056 4836">
    <p class='ocr_par' dir='ltr' id='par_1_91' title="bbox 552 4764 2056 4836">
     <span class='ocr_line' id='line_1_91' title="bbox 552 4764 2056 4836; baseline -0.001 -14"><span class='ocrx_word' id='word_1_668' title='bbox 552 4764 710 4822; x_wconf 73' lang='lat' dir='ltr'><strong>Vlus.</strong></span> <span class='ocrx_word' id='word_1_669' title='bbox 739 4765 794 4829; x_wconf 70' lang='grc' dir='ltr'><strong>Ξ,</strong></span> <span class='ocrx_word' id='word_1_670' title='bbox 831 4765 888 4821; x_wconf 80' lang='grc'><strong>5.</strong></span> <span class='ocrx_word' id='word_1_671' title='bbox 929 4764 1078 4820; x_wconf 81' lang='lat' dir='ltr'><strong>Sicut</strong></span> <span class='ocrx_word' id='word_1_672' title='bbox 1127 4780 1279 4820; x_wconf 83' lang='lat' dir='ltr'><strong>mane</strong></span> <span class='ocrx_word' id='word_1_673' title='bbox 1317 4765 1569 4836; x_wconf 76' lang='lat' dir='ltr'><strong>{nudetur</strong></span> <span class='ocrx_word' id='word_1_674' title='bbox 1633 4783 1790 4832; x_wconf 81' lang='lat' dir='ltr'><strong>super</strong></span> <span class='ocrx_word' id='word_1_675' title='bbox 1856 4778 2056 4822; x_wconf 78' lang='lat' dir='ltr'><strong>montes</strong></span> 
     </span>
    </p>
   </div>
   <div class='ocr_carea' id='block_1_92' title="bbox 473 4857 2055 4928">
    <p class='ocr_par' dir='ltr' id='par_1_92' title="bbox 473 4857 2055 4928">
     <span class='ocr_line' id='line_1_92' title="bbox 473 4857 2055 4928; baseline 0.002 -16"><span class='ocrx_word' id='word_1_676' title='bbox 473 4860 694 4928; x_wconf 85' lang='lat' dir='ltr'><strong>populus</strong></span> <span class='ocrx_word' id='word_1_677' title='bbox 725 4857 939 4922; x_wconf 81' lang='lat' dir='ltr'><strong>multus,</strong></span> <span class='ocrx_word' id='word_1_678' title='bbox 959 4869 1006 4912; x_wconf 87' lang='lat' dir='ltr'><strong>et</strong></span> <span class='ocrx_word' id='word_1_679' title='bbox 1037 4859 1227 4926; x_wconf 78' lang='lat' dir='ltr'><strong>fortis;</strong></span> <span class='ocrx_word' id='word_1_680' title='bbox 1256 4857 1443 4912; x_wconf 77' lang='lat' dir='ltr'><strong>similis</strong></span> <span class='ocrx_word' id='word_1_681' title='bbox 1489 4859 1538 4912; x_wconf 85' lang='lat' dir='ltr'><strong>ei</strong></span> <span class='ocrx_word' id='word_1_682' title='bbox 1587 4874 1691 4912; x_wconf 88' lang='lat' dir='ltr'><strong>non</strong></span> <span class='ocrx_word' id='word_1_683' title='bbox 1727 4859 1827 4928; x_wconf 80' lang='lat' dir='ltr'><strong>fuit</strong></span> <span class='ocrx_word' id='word_1_684' title='bbox 1886 4878 1920 4913; x_wconf 90' lang='lat' dir='ltr'><strong>a</strong></span> <span class='ocrx_word' id='word_1_685' title='bbox 1954 4877 2055 4915; x_wconf 78' lang='lat' dir='ltr'><strong>sa:-</strong></span> 
     </span>
    </p>
   </div>
   <div class='ocr_carea' id='block_1_93' title="bbox 472 4951 2057 5021">
    <p class='ocr_par' dir='ltr' id='par_1_93' title="bbox 472 4951 2057 5021">
     <span class='ocr_line' id='line_1_93' title="bbox 472 4951 2057 5021; baseline 0.001 -16"><span class='ocrx_word' id='word_1_686' title='bbox 472 4953 612 5016; x_wconf 83' lang='lat' dir='ltr'><strong>culo,</strong></span> <span class='ocrx_word' id='word_1_687' title='bbox 637 4961 686 5006; x_wconf 84' lang='lat' dir='ltr'><strong>et</strong></span> <span class='ocrx_word' id='word_1_688' title='bbox 713 4961 824 5021; x_wconf 84' lang='lat' dir='ltr'><strong>post</strong></span> <span class='ocrx_word' id='word_1_689' title='bbox 861 4967 978 5004; x_wconf 84' lang='lat' dir='ltr'><strong>eum</strong></span> <span class='ocrx_word' id='word_1_690' title='bbox 1008 4967 1109 5004; x_wconf 86' lang='lat' dir='ltr'><strong>non</strong></span> <span class='ocrx_word' id='word_1_691' title='bbox 1137 4953 1235 5003; x_wconf 86' lang='lat' dir='ltr'><strong>erit</strong></span> <span class='ocrx_word' id='word_1_692' title='bbox 1288 4966 1448 5018; x_wconf 87' lang='lat' dir='ltr'><strong>usque</strong></span> <span class='ocrx_word' id='word_1_693' title='bbox 1486 4951 1556 5004; x_wconf 89' lang='lat' dir='ltr'><strong>ad</strong></span> <span class='ocrx_word' id='word_1_694' title='bbox 1582 4966 1748 5004; x_wconf 88' lang='lat' dir='ltr'><strong>annos</strong></span> <span class='ocrx_word' id='word_1_695' title='bbox 1781 4951 1836 5006; x_wconf 81' lang='lat' dir='ltr'><strong>in</strong></span> <span class='ocrx_word' id='word_1_696' title='bbox 1902 4968 2057 5020; x_wconf 85' lang='lat' dir='ltr'><strong>gene—</strong></span> 
     </span>
    </p>
   </div>
   <div class='ocr_carea' id='block_1_94' title="bbox 473 5042 2049 5115">
    <p class='ocr_par' dir='ltr' id='par_1_94' title="bbox 473 5042 2049 5115">
     <span class='ocr_line' id='line_1_94' title="bbox 473 5042 2049 5115; baseline -0.001 -17"><span class='ocrx_word' id='word_1_697' title='bbox 473 5048 706 5100; x_wconf 81' lang='lat' dir='ltr'><strong>rationes</strong></span> <span class='ocrx_word' id='word_1_698' title='bbox 770 5046 1182 5115; x_wconf 81' lang='lat' dir='ltr'><strong>genemtionum.</strong></span> <span class='ocrx_word' id='word_1_699' title='bbox 1218 5045 1350 5096; x_wconf 81' lang='lat' dir='ltr'><strong>Ante</strong></span> <span class='ocrx_word' id='word_1_700' title='bbox 1375 5059 1492 5096; x_wconf 82' lang='lat' dir='ltr'><strong>eum</strong></span> <span class='ocrx_word' id='word_1_701' title='bbox 1535 5042 1670 5113; x_wconf 80' lang='lat' dir='ltr'><strong>ignis</strong></span> <span class='ocrx_word' id='word_1_702' title='bbox 1719 5059 2049 5104; x_wconf 85' lang='lat' dir='ltr'><strong>consumens.</strong></span> 
     </span>
    </p>
   </div>
   <div class='ocr_carea' id='block_1_95' title="bbox 471 5133 2051 5207">
    <p class='ocr_par' dir='ltr' id='par_1_95' title="bbox 471 5133 2051 5207">
     <span class='ocr_line' id='line_1_95' title="bbox 471 5133 2051 5207; baseline -0.003 -15"><span class='ocrx_word' id='word_1_703' title='bbox 471 5149 521 5192; x_wconf 86' lang='lat' dir='ltr'><strong>et</strong></span> <span class='ocrx_word' id='word_1_704' title='bbox 550 5150 663 5207; x_wconf 89' lang='lat' dir='ltr'><strong>post</strong></span> <span class='ocrx_word' id='word_1_705' title='bbox 701 5155 819 5193; x_wconf 83' lang='lat' dir='ltr'><strong>eum</strong></span> <span class='ocrx_word' id='word_1_706' title='bbox 874 5154 1122 5192; x_wconf 81' lang='lat' dir='ltr'><strong>succensa</strong></span> <span class='ocrx_word' id='word_1_707' title='bbox 1164 5138 1400 5206; x_wconf 79' lang='lat' dir='ltr'><strong>ﬂamma.</strong></span> <span class='ocrx_word' id='word_1_708' title='bbox 1435 5133 1580 5190; x_wconf 83' lang='lat' dir='ltr'><strong>Sicut</strong></span> <span class='ocrx_word' id='word_1_709' title='bbox 1629 5139 1908 5204; x_wconf 85' lang='lat' dir='ltr'><strong>paradisus</strong></span> <span class='ocrx_word' id='word_1_710' title='bbox 1964 5153 2051 5189; x_wconf 77' lang='lat' dir='ltr'><strong>vo-</strong></span> 
     </span>
    </p>
   </div>
   <div class='ocr_carea' id='block_1_96' title="bbox 472 5227 2052 5299">
    <p class='ocr_par' dir='ltr' id='par_1_96' title="bbox 472 5227 2052 5299">
     <span class='ocr_line' id='line_1_96' title="bbox 472 5227 2052 5299; baseline -0.003 -18"><span class='ocrx_word' id='word_1_711' title='bbox 472 5230 686 5299; x_wconf 86' lang='lat' dir='ltr'><strong>luptatis</strong></span> <span class='ocrx_word' id='word_1_712' title='bbox 719 5239 860 5284; x_wconf 85' lang='lat' dir='ltr'><strong>terra</strong></span> <span class='ocrx_word' id='word_1_713' title='bbox 901 5240 1022 5282; x_wconf 83' lang='lat' dir='ltr'><strong>ante</strong></span> <span class='ocrx_word' id='word_1_714' title='bbox 1088 5228 1275 5290; x_wconf 80' lang='lat' dir='ltr'><strong>[aciem</strong></span> <span class='ocrx_word' id='word_1_715' title='bbox 1339 5229 1495 5296; x_wconf 86' lang='lat' dir='ltr'><strong>ejus,</strong></span> <span class='ocrx_word' id='word_1_716' title='bbox 1551 5236 1596 5278; x_wconf 86' lang='lat' dir='ltr'><strong>et</strong></span> <span class='ocrx_word' id='word_1_717' title='bbox 1653 5228 1942 5294; x_wconf 86' lang='lat' dir='ltr'><strong>posteriora</strong></span> <span class='ocrx_word' id='word_1_718' title='bbox 1987 5227 2052 5278; x_wconf 83' lang='lat' dir='ltr'><strong>il-</strong></span> 
     </span>
    </p>
   </div>
   <div class='ocr_carea' id='block_1_97' title="bbox 471 5315 2049 5386">
    <p class='ocr_par' dir='ltr' id='par_1_97' title="bbox 471 5315 2049 5386">
     <span class='ocr_line' id='line_1_97' title="bbox 471 5315 2049 5386; baseline 0.002 -21"><span class='ocrx_word' id='word_1_719' title='bbox 471 5316 576 5370; x_wconf 84' lang='lat' dir='ltr'><strong>lius</strong></span> <span class='ocrx_word' id='word_1_720' title='bbox 637 5318 772 5371; x_wconf 84' lang='lat' dir='ltr'><strong>sicut</strong></span> <span class='ocrx_word' id='word_1_721' title='bbox 827 5318 998 5386; x_wconf 88' lang='lat' dir='ltr'><strong>campi</strong></span> <span class='ocrx_word' id='word_1_722' title='bbox 1045 5316 1387 5371; x_wconf 78' lang='lat' dir='ltr'><strong>desolationis</strong></span> <span class='ocrx_word' id='word_1_723' title='bbox 1413 5359 1428 5384; x_wconf 91' lang='lat'><strong>,</strong></span> <span class='ocrx_word' id='word_1_724' title='bbox 1460 5326 1505 5370; x_wconf 87' lang='lat' dir='ltr'><strong>et</strong></span> <span class='ocrx_word' id='word_1_725' title='bbox 1533 5315 1772 5370; x_wconf 85' lang='lat' dir='ltr'><strong>salvatus</strong></span> <span class='ocrx_word' id='word_1_726' title='bbox 1817 5333 1918 5371; x_wconf 89' lang='lat' dir='ltr'><strong>non</strong></span> <span class='ocrx_word' id='word_1_727' title='bbox 1951 5318 2049 5370; x_wconf 75' lang='lat' dir='ltr'><strong>erit</strong></span> 
     </span>
    </p>
   </div>
   <div class='ocr_carea' id='block_1_98' title="bbox 540 5498 2044 5574">
    <p class='ocr_par' dir='ltr' id='par_1_98' title="bbox 540 5498 2044 5574">
     <span class='ocr_line' id='line_1_98' title="bbox 540 5498 2044 5574; baseline -0.005 -16"><span class='ocrx_word' id='word_1_728' title='bbox 540 5498 682 5558; x_wconf 76' lang='lat' dir='ltr'><strong>XVI.</strong></span> <span class='ocrx_word' id='word_1_729' title='bbox 717 5502 871 5557; x_wconf 73' lang='lat' dir='ltr'><strong>Mane</strong></span> <span class='ocrx_word' id='word_1_730' title='bbox 901 5505 1112 5558; x_wconf 89' lang='lat' dir='ltr'><strong>videtur</strong></span> <span class='ocrx_word' id='word_1_731' title='bbox 1139 5503 1414 5574; x_wconf 88' lang='lat' dir='ltr'><strong>appellare</strong></span> <span class='ocrx_word' id='word_1_732' title='bbox 1463 5510 1556 5555; x_wconf 91' lang='lat' dir='ltr'><strong>aut</strong></span> <span class='ocrx_word' id='word_1_733' title='bbox 1593 5500 1914 5554; x_wconf 90' lang='lat' dir='ltr'><strong>matutinum</strong></span> <span class='ocrx_word' id='word_1_734' title='bbox 1955 5513 2044 5551; x_wconf 85' lang='lat' dir='ltr'><strong>ro-</strong></span> 
     </span>
    </p>
   </div>
   <div class='ocr_carea' id='block_1_99' title="bbox 2164 4586 3749 4661">
    <p class='ocr_par' dir='ltr' id='par_1_99' title="bbox 2164 4586 3749 4661">
     <span class='ocr_line' id='line_1_99' title="bbox 2164 4586 3749 4661; baseline -0.001 -21"><span class='ocrx_word' id='word_1_735' title='bbox 2164 4589 2333 4659; x_wconf 74' lang='grc' dir='ltr'>ἤγουν</span> <span class='ocrx_word' id='word_1_736' title='bbox 2378 4587 2476 4658; x_wconf 80' lang='grc' dir='ltr'><strong>τὴν</strong></span> <span class='ocrx_word' id='word_1_737' title='bbox 2507 4590 2572 4642; x_wconf 81' lang='grc' dir='ltr'><strong>ἐκ</strong></span> <span class='ocrx_word' id='word_1_738' title='bbox 2607 4591 2704 4660; x_wconf 85' lang='grc' dir='ltr'><strong>τῆς</strong></span> <span class='ocrx_word' id='word_1_739' title='bbox 2759 4591 3061 4661; x_wconf 82' lang='grc' dir='ltr'>Ἀσσυρίων</span> <span class='ocrx_word' id='word_1_740' title='bbox 3113 4591 3296 4653; x_wconf 83' lang='grc' dir='ltr'>αὐτοῖς</span> <span class='ocrx_word' id='word_1_741' title='bbox 3357 4586 3749 4659; x_wconf 77' lang='grc' dir='ltr'>ὲπηρτημένην</span> 
     </span>
    </p>
   </div>
   <div class='ocr_carea' id='block_1_100' title="bbox 2163 4680 2987 4753">
    <p class='ocr_par' dir='ltr' id='par_1_100' title="bbox 2163 4680 2987 4753">
     <span class='ocr_line' id='line_1_100' title="bbox 2163 4680 2987 4753; baseline 0.005 -21"><span class='ocrx_word' id='word_1_742' title='bbox 2163 4680 2458 4751; x_wconf 84' lang='grc' dir='ltr'>ἀθλιότητα</span> <span class='ocrx_word' id='word_1_743' title='bbox 2488 4682 2585 4734; x_wconf 71' lang='grc' dir='ltr'><strong>καὶ</strong></span> <span class='ocrx_word' id='word_1_744' title='bbox 2611 4681 2987 4753; x_wconf 74' lang='grc' dir='ltr'>καταφθοράν.</span> 
     </span>
    </p>
   </div>
   <div class='ocr_carea' id='block_1_101' title="bbox 2243 4770 3744 4843">
    <p class='ocr_par' dir='ltr' id='par_1_101' title="bbox 2243 4770 3744 4843">
     <span class='ocr_line' id='line_1_101' title="bbox 2243 4770 3744 4843; baseline 0.001 -20"><span class='ocrx_word' id='word_1_745' title='bbox 2243 4771 2335 4836; x_wconf 84' lang='grc' dir='ltr'><strong>Ὠς</strong></span> <span class='ocrx_word' id='word_1_746' title='bbox 2364 4772 2573 4840; x_wconf 82' lang='grc' dir='ltr'>ὄρθρος</span> <span class='ocrx_word' id='word_1_747' title='bbox 2609 4773 2938 4843; x_wconf 77' lang='grc' dir='ltr'>χυθήσεται</span> <span class='ocrx_word' id='word_1_748' title='bbox 2967 4774 3066 4828; x_wconf 82' lang='grc' dir='ltr'><strong>ἐπὶ</strong></span> <span class='ocrx_word' id='word_1_749' title='bbox 3097 4774 3167 4827; x_wconf 83' lang='grc' dir='ltr'>τὰ</span> <span class='ocrx_word' id='word_1_750' title='bbox 3195 4773 3301 4841; x_wconf 81' lang='grc' dir='ltr'><strong>ὄρη</strong></span> <span class='ocrx_word' id='word_1_751' title='bbox 3345 4773 3498 4838; x_wconf 79' lang='grc' dir='ltr'>λαὸς</span> <span class='ocrx_word' id='word_1_752' title='bbox 3549 4770 3744 4836; x_wconf 74' lang='grc' dir='ltr'>πολὺς</span> 
     </span>
    </p>
   </div>
   <div class='ocr_carea' id='block_1_102' title="bbox 2162 4862 3740 4936">
    <p class='ocr_par' dir='ltr' id='par_1_102' title="bbox 2162 4862 3740 4936">
     <span class='ocr_line' id='line_1_102' title="bbox 2162 4862 3740 4936; baseline -0.001 -19"><span class='ocrx_word' id='word_1_753' title='bbox 2162 4864 2258 4917; x_wconf 79' lang='grc' dir='ltr'><strong>καὶ</strong></span> <span class='ocrx_word' id='word_1_754' title='bbox 2285 4866 2566 4932; x_wconf 75' lang='grc' dir='ltr'><strong>ίιῑνχυρός⁹</strong></span> <span class='ocrx_word' id='word_1_755' title='bbox 2617 4866 2818 4934; x_wconf 83' lang='grc' dir='ltr'>ὅμοιος</span> <span class='ocrx_word' id='word_1_756' title='bbox 2861 4865 3021 4931; x_wconf 76' lang='grc' dir='ltr'>αὐτῷ</span> <span class='ocrx_word' id='word_1_757' title='bbox 3063 4868 3136 4921; x_wconf 82' lang='grc' dir='ltr'><strong>οὐ</strong></span> <span class='ocrx_word' id='word_1_758' title='bbox 3169 4865 3420 4936; x_wconf 72' lang='grc' dir='ltr'>γέγονεν</span> <span class='ocrx_word' id='word_1_759' title='bbox 3469 4865 3589 4918; x_wconf 80' lang='grc' dir='ltr'>ἀπὸ</span> <span class='ocrx_word' id='word_1_760' title='bbox 3635 4862 3740 4916; x_wconf 80' lang='grc' dir='ltr'>τοῦ</span> 
     </span>
    </p>
   </div>
   <div class='ocr_carea' id='block_1_103' title="bbox 2160 4955 3745 5026">
    <p class='ocr_par' dir='ltr' id='par_1_103' title="bbox 2160 4955 3745 5026">
     <span class='ocr_line' id='line_1_103' title="bbox 2160 4955 3745 5026; baseline 0 -18"><span class='ocrx_word' id='word_1_761' title='bbox 2160 4955 2392 5022; x_wconf 76' lang='grc' dir='ltr'>αἰῶνος,</span> <span class='ocrx_word' id='word_1_762' title='bbox 2417 4958 2513 5010; x_wconf 78' lang='grc' dir='ltr'><strong>καὶ</strong></span> <span class='ocrx_word' id='word_1_763' title='bbox 2527 4959 2654 5026; x_wconf 84' lang='grc' dir='ltr'>μετ’</span> <span class='ocrx_word' id='word_1_764' title='bbox 2677 4959 2864 5012; x_wconf 81' lang='grc' dir='ltr'>αὐτόν</span> <span class='ocrx_word' id='word_1_765' title='bbox 2881 4962 2951 5013; x_wconf 87' lang='grc' dir='ltr'><strong>οὐ</strong></span> <span class='ocrx_word' id='word_1_766' title='bbox 2972 4956 3449 5026; x_wconf 80' lang='grc' dir='ltr'>προστεθήσεται</span> <span class='ocrx_word' id='word_1_767' title='bbox 3469 4956 3576 5022; x_wconf 80' lang='grc' dir='ltr'>ἕως</span> <span class='ocrx_word' id='word_1_768' title='bbox 3593 4955 3745 5009; x_wconf 74' lang='grc' dir='ltr'><strong>ἑτῶν</strong></span> 
     </span>
    </p>
   </div>
   <div class='ocr_carea' id='block_1_104' title="bbox 2158 5047 3742 5120">
    <p class='ocr_par' dir='ltr' id='par_1_104' title="bbox 2158 5047 3742 5120">
     <span class='ocr_line' id='line_1_104' title="bbox 2158 5047 3742 5120; baseline -0.001 -19"><span class='ocrx_word' id='word_1_769' title='bbox 2158 5050 2245 5112; x_wconf 83' lang='grc' dir='ltr'>εὶς</span> <span class='ocrx_word' id='word_1_770' title='bbox 2270 5047 2481 5117; x_wconf 73' lang='grc' dir='ltr'>γενεὰς</span> <span class='ocrx_word' id='word_1_771' title='bbox 2501 5049 2740 5118; x_wconf 75' lang='grc' dir='ltr'>γενεῶν.</span> <span class='ocrx_word' id='word_1_772' title='bbox 2777 5052 2850 5104; x_wconf 82' lang='grc' dir='ltr'><em>Τὰ</em></span> <span class='ocrx_word' id='word_1_773' title='bbox 2877 5049 3222 5120; x_wconf 66' lang='grc' dir='ltr'>ἔμπροσθεν</span> <span class='ocrx_word' id='word_1_774' title='bbox 3246 5047 3434 5102; x_wconf 88' lang='grc' dir='ltr'>αὑτοῦ</span> <span class='ocrx_word' id='word_1_775' title='bbox 3456 5047 3579 5115; x_wconf 82' lang='grc' dir='ltr'>πῦρ</span> <span class='ocrx_word' id='word_1_776' title='bbox 3596 5048 3742 5101; x_wconf 78' lang='grc' dir='ltr'>ἀνα-</span> 
     </span>
    </p>
   </div>
   <div class='ocr_carea' id='block_1_105' title="bbox 2157 5137 3737 5207">
    <p class='ocr_par' dir='ltr' id='par_1_105' title="bbox 2157 5137 3737 5207">
     <span class='ocr_line' id='line_1_105' title="bbox 2157 5137 3737 5207; baseline -0.001 -15"><span class='ocrx_word' id='word_1_777' title='bbox 2157 5139 2396 5200; x_wconf 78' lang='grc' dir='ltr'><strong>λίσκον,</strong></span> <span class='ocrx_word' id='word_1_778' title='bbox 2426 5139 2523 5192; x_wconf 80' lang='grc' dir='ltr'><strong>καὶ</strong></span> <span class='ocrx_word' id='word_1_779' title='bbox 2556 5139 2627 5193; x_wconf 87' lang='grc' dir='ltr'>τὰ</span> <span class='ocrx_word' id='word_1_780' title='bbox 2656 5140 2847 5193; x_wconf 82' lang='grc' dir='ltr'>ὀπίσω</span> <span class='ocrx_word' id='word_1_781' title='bbox 2884 5141 3070 5194; x_wconf 85' lang='grc' dir='ltr'>αὐτοῦ</span> <span class='ocrx_word' id='word_1_782' title='bbox 3126 5137 3506 5207; x_wconf 78' lang='grc' dir='ltr'>ἀναπτομένη</span> <span class='ocrx_word' id='word_1_783' title='bbox 3551 5137 3737 5204; x_wconf 75' lang='grc' dir='ltr'><strong>φλόξ.</strong></span> 
     </span>
    </p>
   </div>
   <div class='ocr_carea' id='block_1_106' title="bbox 2170 5224 3748 5298">
    <p class='ocr_par' dir='ltr' id='par_1_106' title="bbox 2170 5224 3748 5298">
     <span class='ocr_line' id='line_1_106' title="bbox 2170 5224 3748 5298; baseline -0.003 -17"><span class='ocrx_word' id='word_1_784' title='bbox 2170 5228 2266 5293; x_wconf 85' lang='grc' dir='ltr'><strong>Ὠς</strong></span> <span class='ocrx_word' id='word_1_785' title='bbox 2292 5228 2656 5296; x_wconf 82' lang='grc' dir='ltr'>παράδεισος</span> <span class='ocrx_word' id='word_1_786' title='bbox 2674 5229 2904 5298; x_wconf 70' lang='grc' dir='ltr'>τρυφῆς</span> <span class='ocrx_word' id='word_1_787' title='bbox 2939 5231 2975 5296; x_wconf 72' lang='grc' dir='ltr'><strong><em>ἡ</em></strong></span> <span class='ocrx_word' id='word_1_788' title='bbox 3007 5228 3081 5298; x_wconf 77' lang='grc' dir='ltr'>γῆ</span> <span class='ocrx_word' id='word_1_789' title='bbox 3117 5230 3228 5298; x_wconf 89' lang='grc' dir='ltr'>πρὸ</span> <span class='ocrx_word' id='word_1_790' title='bbox 3270 5224 3596 5298; x_wconf 81' lang='grc' dir='ltr'>προσώπου</span> <span class='ocrx_word' id='word_1_791' title='bbox 3632 5229 3748 5279; x_wconf 71' lang='grc' dir='ltr'><strong>αὐ-</strong></span> 
     </span>
    </p>
   </div>
   <div class='ocr_carea' id='block_1_107' title="bbox 2155 5315 3741 5386">
    <p class='ocr_par' dir='ltr' id='par_1_107' title="bbox 2155 5315 3741 5386">
     <span class='ocr_line' id='line_1_107' title="bbox 2155 5315 3741 5386; baseline 0 -18"><span class='ocrx_word' id='word_1_792' title='bbox 2155 5315 2282 5378; x_wconf 84' lang='grc' dir='ltr'>τοῦ,</span> <span class='ocrx_word' id='word_1_793' title='bbox 2325 5317 2425 5370; x_wconf 81' lang='grc' dir='ltr'><strong>καὶ</strong></span> <span class='ocrx_word' id='word_1_794' title='bbox 2480 5317 2549 5370; x_wconf 85' lang='grc' dir='ltr'>τὰ</span> <span class='ocrx_word' id='word_1_795' title='bbox 2584 5317 2835 5372; x_wconf 82' lang='grc' dir='ltr'>ὄπισθεν</span> <span class='ocrx_word' id='word_1_796' title='bbox 2887 5319 3073 5372; x_wconf 85' lang='grc' dir='ltr'>αὑτοῦ</span> <span class='ocrx_word' id='word_1_797' title='bbox 3111 5318 3324 5372; x_wconf 81' lang='grc' dir='ltr'>πεδίον</span> <span class='ocrx_word' id='word_1_798' title='bbox 3367 5317 3741 5386; x_wconf 73' lang='grc' dir='ltr'>ἀφανισμοῦ,</span> 
     </span>
    </p>
   </div>
   <div class='ocr_carea' id='block_1_108' title="bbox 2157 5408 3296 5478">
    <p class='ocr_par' dir='ltr' id='par_1_108' title="bbox 2157 5408 3296 5478">
     <span class='ocr_line' id='line_1_108' title="bbox 2157 5408 3296 5478; baseline 0.004 -18"><span class='ocrx_word' id='word_1_799' title='bbox 2157 5408 2252 5460; x_wconf 77' lang='grc' dir='ltr'><strong>καὶ</strong></span> <span class='ocrx_word' id='word_1_800' title='bbox 2281 5409 2729 5478; x_wconf 78' lang='grc' dir='ltr'>ἀνασωζόμενος</span> <span class='ocrx_word' id='word_1_801' title='bbox 2765 5412 2876 5464; x_wconf 84' lang='grc' dir='ltr'><strong>οὐκ</strong></span> <span class='ocrx_word' id='word_1_802' title='bbox 2909 5411 3079 5464; x_wconf 73' lang='grc' dir='ltr'>ἔσται</span> <span class='ocrx_word' id='word_1_803' title='bbox 3117 5409 3296 5475; x_wconf 84' lang='grc' dir='ltr'>αὐτῷ.</span> 
     </span>
    </p>
   </div>
   <div class='ocr_carea' id='block_1_109' title="bbox 2227 5499 3745 5574">
    <p class='ocr_par' dir='ltr' id='par_1_109' title="bbox 2227 5499 3745 5574">
     <span class='ocr_line' id='line_1_109' title="bbox 2227 5499 3745 5574; baseline 0.004 -22"><span class='ocrx_word' id='word_1_804' title='bbox 2227 5501 2342 5566; x_wconf 71' lang='grc' dir='ltr'><strong>ις’.</strong></span> <span class='ocrx_word' id='word_1_805' title='bbox 2377 5500 2610 5572; x_wconf 86' lang='grc' dir='ltr'>Ὀρθρον</span> <span class='ocrx_word' id='word_1_806' title='bbox 2657 5503 2954 5557; x_wconf 83' lang='grc' dir='ltr'>ἀποκαλεῖν</span> <span class='ocrx_word' id='word_1_807' title='bbox 3013 5503 3186 5556; x_wconf 73' lang='grc' dir='ltr'>ἔοικεν</span> <span class='ocrx_word' id='word_1_808' title='bbox 3237 5505 3270 5574; x_wconf 81' lang='grc' dir='ltr'>ἢ</span> <span class='ocrx_word' id='word_1_809' title='bbox 3319 5503 3418 5574; x_wconf 83' lang='grc' dir='ltr'><strong>τὴν</strong></span> <span class='ocrx_word' id='word_1_810' title='bbox 3451 5506 3511 5558; x_wconf 85' lang='grc' dir='ltr'><strong>ὲν</strong></span> <span class='ocrx_word' id='word_1_811' title='bbox 3554 5499 3745 5570; x_wconf 69' lang='grc' dir='ltr'>ὄρθρῳ</span> 
     </span>
    </p>
   </div>
   <div class='ocr_carea' id='block_1_110' title="bbox 473 5576 2076 5666">
    <p class='ocr_par' dir='ltr' id='par_1_110' title="bbox 473 5589 2044 5664">
     <span class='ocr_line' id='line_1_110' title="bbox 473 5589 2044 5664; baseline -0.004 -16"><span class='ocrx_word' id='word_1_812' title='bbox 473 5609 586 5650; x_wconf 88' lang='lat' dir='ltr'><strong>rem</strong></span> <span class='ocrx_word' id='word_1_813' title='bbox 618 5593 709 5662; x_wconf 90' lang='lat' dir='ltr'><strong>qui</strong></span> <span class='ocrx_word' id='word_1_814' title='bbox 751 5593 1001 5648; x_wconf 88' lang='lat' dir='ltr'><strong>universe</strong></span> <span class='ocrx_word' id='word_1_815' title='bbox 1059 5610 1156 5664; x_wconf 89' lang='lat' dir='ltr'><strong>per</strong></span> <span class='ocrx_word' id='word_1_816' title='bbox 1191 5597 1324 5650; x_wconf 85' lang='lat' dir='ltr'><strong>lines</strong></span> <span class='ocrx_word' id='word_1_817' title='bbox 1362 5593 1597 5663; x_wconf 78' lang='lat' dir='ltr'><strong>regionis</strong></span> <span class='ocrx_word' id='word_1_818' title='bbox 1625 5591 1874 5655; x_wconf 78' lang='lat' dir='ltr'><strong>dillusus,</strong></span> <span class='ocrx_word' id='word_1_819' title='bbox 1909 5589 2044 5644; x_wconf 85' lang='lat' dir='ltr'><strong>nibil</strong></span> 
     </span>
    </p>
   </div>
   <div class='ocr_carea' id='block_1_111' title="bbox 2183 5576 3748 5666">
    <p class='ocr_par' dir='ltr' id='par_1_111' title="bbox 2185 5576 3748 5666">
     <span class='ocr_line' id='line_1_111' title="bbox 2185 5576 3748 5666; baseline 0.008 -25"><span class='ocrx_word' id='word_1_820' title='bbox 2185 5590 2362 5660; x_wconf 84' lang='grc' dir='ltr'>ρόσον,</span> <span class='ocrx_word' id='word_1_821' title='bbox 2399 5592 2432 5661; x_wconf 86' lang='grc' dir='ltr'><strong>ἢ</strong></span> <span class='ocrx_word' id='word_1_822' title='bbox 2455 5592 2674 5648; x_wconf 80' lang='grc' dir='ltr'>ἐπειδὰν</span> <span class='ocrx_word' id='word_1_823' title='bbox 2701 5593 2837 5659; x_wconf 86' lang='grc' dir='ltr'>ὃλως</span> <span class='ocrx_word' id='word_1_824' title='bbox 2855 5576 3194 5665; x_wconf 57' lang='grc' dir='ltr'>καταχέηται</span> <span class='ocrx_word' id='word_1_825' title='bbox 3215 5594 3325 5650; x_wconf 85' lang='grc' dir='ltr'>τῶν</span> <span class='ocrx_word' id='word_1_826' title='bbox 3349 5597 3517 5666; x_wconf 83' lang='grc' dir='ltr'>ὅρων,</span> <span class='ocrx_word' id='word_1_827' title='bbox 3540 5594 3748 5662; x_wconf 66' lang='grc' dir='ltr'>ἀφίησι</span> 
     </span>
    </p>
   </div>
   <div class='ocr_carea' id='block_1_112' title="bbox 535 5765 1644 5831">
    <p class='ocr_par' dir='ltr' id='par_1_112' title="bbox 535 5765 1644 5831">
     <span class='ocr_line' id='line_1_112' title="bbox 535 5765 1644 5831; baseline 0.007 -14"><span class='ocrx_word' id='word_1_828' title='bbox 535 5765 709 5825; x_wconf 69' lang='lat' dir='ltr'><strong>“15a.</strong></span> <span class='ocrx_word' id='word_1_829' title='bbox 771 5779 883 5830; x_wconf 78' lang='lat' dir='ltr'><strong>xu,</strong></span> <span class='ocrx_word' id='word_1_830' title='bbox 941 5765 1026 5831; x_wconf 84' lang='grc'><strong>17,</strong></span> <span class='ocrx_word' id='word_1_831' title='bbox 1080 5765 1168 5818; x_wconf 81' lang='grc'><strong>18.</strong></span> <span class='ocrx_word' id='word_1_832' title='bbox 1233 5767 1278 5797; x_wconf 66' lang='grc'><strong>⁸⁸³</strong></span> <span class='ocrx_word' id='word_1_833' title='bbox 1323 5765 1554 5830; x_wconf 65' lang='grc' dir='ltr'><strong>15ει.κιι,</strong></span> <span class='ocrx_word' id='word_1_834' title='bbox 1593 5765 1644 5820; x_wconf 81' lang='lat'><strong>5.</strong></span> 
     </span>
    </p>
   </div>
   <div class='ocr_carea' id='block_1_113' title="bbox 1707 5763 2233 5833">
    <p class='ocr_par' dir='ltr' id='par_1_113' title="bbox 1707 5763 2233 5833">
     <span class='ocr_line' id='line_1_113' title="bbox 1707 5763 2233 5833; baseline 0.002 -17"><span class='ocrx_word' id='word_1_835' title='bbox 1707 5767 1752 5796; x_wconf 75' lang='grc' dir='ltr'><strong><em>ὀ</em></strong></span> <span class='ocrx_word' id='word_1_836' title='bbox 1785 5763 1923 5820; x_wconf 83' lang='lat' dir='ltr'><strong>Psal.</strong></span> <span class='ocrx_word' id='word_1_837' title='bbox 1989 5780 2152 5833; x_wconf 72' lang='lat' dir='ltr'><strong>xxxv,</strong></span> <span class='ocrx_word' id='word_1_838' title='bbox 2179 5765 2233 5820; x_wconf 94' lang='lat'><strong>9.</strong></span> 
     </span>
    </p>
   </div>
  </div>
