4034 6270
288 306 384 365 357

1157 290 1711 351 COMMENTARIUS
1751 292 1819 395 IN,
1854 289 2124 350 JOELEM
2162 289 2607 348 PROPHETAM.

3419 298 3527 355 358

286 425 385 480 τῶν
400 424 454 478 ὲν
471 416 649 482 αὐτοῖς
677 415 833 471 οὐδὲν
856 413 1256 486 ἀκατάρδευτον
1274 432 1289 448 ·
1320 416 1487 486 ἤγουν
1501 414 1601 479 τὰς
1624 414 1849 488 πρώτας

1952 411 2004 468 in
2038 411 2170 483 ipsis
2214 412 2418 468 siccum
2442 410 2699 481 relinquit
2722 428 2737 478 ;
2757 417 2848 466 aut
2877 420 3026 467 certe.
3046 412 3250 483 primos
3279 413 3409 469 solis
3436 432 3525 469 ra-

285 516 424 588 ἡλίου
451 511 618 584 βολὰς,
652 507 875 562 καὶ-τοῦ
903 506 1078 575 φωτὸς
1121 507 1220 577 τῆς
1253 508 1468 581 ἡμέρας
1500 506 1598 578 τὴν
1628 505 1758 560 εὐθύ
1787 524 1847 562 τε

287 607 379 662 καὶ
396 607 451 659 ὲ)
472 603 604 673 ἀρχῇ
635 596 974 667 ἀνάλαμψιν,
1023 596 1059 668 ἢ
1096 599 1216 660 ταῖς
1248 598 1516 668 κορυφαῖς
1542 597 1650 650 τῶν
1675 595 1848 667 ὁρέων

289 697 377 754 καὶ
407 693 500 766 πρό
533 708 597 761 γε
625 687 737 741 τῶν
781 687 958 742 ἀλλων
1004 687 1289 758 μονονουχὶ
1322 687 1417 741 καὶ
1446 686 1794 758 ὲνευρύνεται
1828 728 1843 752 ,

292 789 377 843 καὶ
400 780 801 855 κατερυθραῐνει
839 778 1085 849 βουνούς.
1119 777 1303 842 Οὕτως
1337 780 1503 849 φησιν
1534 780 1627 832 ἐπὶ
1650 778 1720 832 τὰ
1743 779 1844 850 ὅρη

294 879 491 934 ἔσεσθαι
524 877 611 931 τὸν
639 875 765 930 λαὸν
791 874 886 926 τὸν
916 871 1158 944 ἰσχυρὸν,
1207 873 1434 944 ἀκρίδας
1460 873 1640 943 τυχὸν,
1677 872 1846 943 ἦγουν

289 971 343 1037 ἐξ
369 969 670 1041 ὁμοιότητος
700 964 901 1029 αὐτῶν,
935 962 1045 1017 τῶν
1089 963 1413 1035 Ἀσσυρίων,
1448 963 1524 1027 ὡς
1557 965 1616 1017 ὲν
1644 961 1848 1033 πληθύῖ

286 1060 571 1133 νοουμένων
603 1054 993 1127 ἀωραὸλήτῳ.
1020 1054 1241 1116 Λοιπὸν,
1270 1071 1288 1104 ι
1318 1055 1548 1124 Ὅμοιος
1583 1053 1712 1124 γὰρ,
1743 1069 1848 1122 φη-

285 1154 387 1215 σιν,
410 1151 549 1220 αὐτῷ
575 1150 637 1203 οὐ
661 1148 884 1217 γέγονεν
913 1146 1024 1201 ἀπὸ
1048 1144 1145 1198 τοῦ
1170 1145 1387 1211 αἰῶνος,
1408 1144 1532 1200 οὔτε
1567 1144 1673 1216 μὴν
1694 1145 1846 1198 ἔσται

281 1244 420 1298 ποτέ.
460 1261 479 1295 ι
522 1239 743 1310 Ἐπειδὴ
789 1237 848 1291 δὲ
875 1238 997 1300 ταῖς
1029 1236 1139 1291 τῶν
1163 1235 1403 1307 ἀκρίδων
1445 1234 1705 1304 ἐμϐολαῖς
1754 1233 1848 1286 δα-

275 1336 493 1389 πανᾶται
520 1333 618 1403 μὲν
642 1331 707 1384 τὸ
742 1329 1140 1400 παρεμπῖπτον
1182 1325 1345 1390 εὐθύς
1367 1342 1381 1357 ·
1415 1326 1463 1378 εὶ
1497 1325 1555 1378 δὲ
1590 1324 1762 1397 δήπου
1791 1340 1845 1376 τι

274 1427 362 1480 καὶ
397 1421 772 1497 περιλειφθείη
804 1419 984 1490 τυχὸν,
1029 1418 1190 1490 ἔργον
1222 1418 1319 1471 καὶ
1371 1417 1506 1473 αὐτὸ
1546 1416 1698 1471 ἔσται
1734 1414 1845 1469 τῶν

272 1517 540 1589 ἑπομένων
585 1517 706 1577 ταῖς
734 1511 1003 1585 πρώταις,
1034 1530 1055 1563 ι
1095 1508 1215 1580 Πῦρ
1243 1508 1552 1573 ἀναλίσκον,
1592 1527 1611 1560 ι
1647 1508 1750 1579 ἔφη
1775 1507 1847 1561 τά

273 1608 572 1681 ἔμπροσθεν
596 1606 783 1672 αὑτοῦ,
811 1603 985 1675 φλόγα
999 1603 1056 1657 δὲ
1079 1601 1467 1673 ἀναπτομένην
1499 1600 1569 1654 τὰ
1615 1601 1844 1654 κατόπιν

272 1704 364 1756 καὶ
390 1702 648 1773 ἑπόμενα.
667 1697 834 1752 Τοῦτο
856 1697 913 1750 δὲ
943 1697 1077 1751 αὐτὸ
1111 1690 1391 1767 δράσειεν,
1415 1689 1571 1766 οῖμαί
1594 1710 1719 1755 που,
1747 1694 1843 1748 καὶ

1951 502 2090 570 dios,
2144 513 2201 558 et
2247 503 2429 558 diurni
2496 500 2716 557 luminis
2750 496 3116 571 "repentinum
3169 517 3233 558 ac
3292 502 3522 573 primum

1949 593 2313 662 Splendorem,
2342 592 2433 663 qui
2474 593 2528 646 in
2552 593 2695 662 jugis
2730 592 2988 647 montium
3022 593 3171 662 prius
3198 592 3526 661 expanditur

1947 694 1999 736 et
2030 683 2190 754 215
2223 697 2495 753 purpurea
2522 683 2644 736 luce
2678 682 2840 737 colles
2884 684 3169 738 convestit.
3203 682 3295 739 Sic
3322 683 3400 737 ait
3430 699 3523 738 su-

1945 790 2043 844 per
2068 782 2278 829 montes
2306 772 2422 828 l'ore
2448 774 2697 843 populum
2749 772 2966 839 fortem,
3019 775 3277 840 locustas,
3337 776 3521 839 credo,

1946 875 2037 920 aut
2064 881 2129 920 ex
2165 864 2521 920 similitudine
2558 864 2823 932 ipsarum,
2852 866 3218 936 Assyriorum,
3250 881 3345 935 per
3389 866 3525 920 mul-

1948 958 2231 1013 titudiuem
2280 954 2760 1024 incomparabilem
2814 956 3232 1011 intellectorum.
3295 955 3527 1025 Subjicit

1943 1051 2088 1106 enim
2118 1064 2266 1116 mox,
2294 1068 2313 1101 ι
2352 1046 2557 1103 Similis
2589 1048 2638 1102 ei
2666 1062 2768 1101 nou
2822 1046 2923 1101 fuit
2952 1061 2983 1101 a
3051 1049 3276 1111 saeculo.
3301 1059 3355 1102 et
3405 1058 3525 1117 post

1943 1157 2065 1198 eum
2090 1154 2200 1196 non
2228 1139 2385 1198 erita
2413 1138 2680 1207 Quoniam
2709 1146 2887 1192 autem
2920 1137 3249 1191 locustarum
3273 1139 3527 1208 irruptio-

1943 1233 2102 1288 nibus
2146 1231 2289 1302 quod
2329 1230 2567 1287 occurrit
2624 1227 2910 1285 confestim
2953 1228 3310 1291 consumitur,
3361 1238 3417 1282 et
3478 1228 3523 1282 si

1944 1323 2139 1381 alicubi
2163 1323 2436 1393 quidpiam
2467 1322 2606 1378 forte
2630 1318 2974 1393 superfuerit,
3009 1319 3239 1390 idipsum
3268 1334 3387 1389 quae
3410 1322 3523 1388 pri-

1943 1429 2062 1470 mas
2101 1423 2401 1486 sequuntur
2433 1412 2750 1479 absumunt,
2791 1411 2964 1483 tignis
2993 1425 3339 1477 consumens,
3382 1431 3401 1464 ι
3439 1413 3519 1465 ἰη-

1944 1506 2080 1576 quit,
2110 1520 2173 1561 ea
2206 1521 2328 1576 quae
2377 1515 2507 1561 ante
2535 1505 2733 1576 ipsum,
2764 1501 2980 1557 ﬂamma
3035 1512 3213 1558 autem
3267 1518 3525 1559 succensa

1944 1598 1997 1652 in
2026 1598 2131 1663 bis,
2164 1612 2286 1667 quae
2309 1598 2429 1665 post
2457 1595 2655 1663 ipsum.
2691 1604 2746 1649 et
2769 1596 3141 1663 sequentibus.
3191 1593 3307 1650 lloc
3350 1595 3524 1664 ipsum

1945 1688 2161 1753 facient,
2192 1695 2339 1757 puto,
2370 1696 2424 1742 et
2481 1685 2701 1741 hostiles
2743 1688 2931 1753 capite.
2961 1683 3125 1738 Plane
3158 1685 3302 1739 enim
3331 1699 3528 1755 praece-

275 1763 541 1863 πολεμίων
600 1787 841 1862 στρατός.
884 1763 1158 1858 Ἔψονται-
1196 1784 1307 1855 γὰρ
1334 1763 1553 1848 πάντως
1583 1787 1702 1847 ταῖς
1733 1782 1841 1836 τῶν

1952 1779 2189 1834 dentium
2237 1778 2547 1847 superbiam
2584 1784 2638 1831 et
2690 1776 3061 1845 arrogantiam
3133 1775 3523 1841 imitabuutur,

275 1884 587 1954 φθασάντων
633 1879 964 1951 ἀγερωχίαις
1014 1876 1149 1950 ὁμοῦ
1194 1876 1290 1931 καὶ
1318 1874 1628 1940 αὐθαδείαις
1670 1874 1764 1928 καὶ
1794 1874 1844 1928 οῖ

275 1976 493 2029 κατόπιν
554 1974 724 2037 ἰόντες
770 1969 967 2044 βραχύ.
1026 1969 1352 2041 Ποιήσονται
1402 1967 1460 2021 δὲ
1497 1967 1596 2038 τὴν
1628 1966 1732 2037 γῆν
1769 1965 1847 2029 ὡς

272 2067 471 2140 τρυφῆς
498 2066 846 2140 παράδεισον,
878 2065 1049 2137 ἄρδην
1071 2061 1481 2133 ἀποκείροντες,
1513 2061 1607 2115 καὶ
1644 2062 1846 2113 ἐνοπα-

267 2160 530 2224 ταλῶντες
561 2161 678 2223 τοῖς
731 2156 1164 2230 εὑρισκομένοις.
1202 2155 1355 2224 Ἔχει
1402 2153 1460 2207 δὲ
1502 2152 1561 2206 τὺ
1597 2150 1793 2223 ἀληθὲς
1817 2150 1847 2204 ό

266 2252 447 2322 λόγος,
477 2253 573 2306 καὶ
608 2253 657 2304 si
680 2252 770 2305 ἐπ’
792 2252 961 2321 αὐτῆς
990 2249 1276 2320 ἔκφέροιτο
1304 2245 1404 2316 τῆς
1430 2245 1670 2316 ἀκρίδος.

358 2347 439 2411 Ως
472 2343 684 2413 ὅρασις
712 2344 934 2406 ἵππων,
976 2343 1014 2409 ἡ
1063 2340 1275 2408 ὅρασις
1328 2333 1561 2401 αὐτῶν,
1622 2333 1721 2386 καὶ
1766 2332 1848 2396 ὡς

480 2476 496 2499 ,
545 2435 734 2501 οὕτως
767 2430 1250 2495 καταδιώξονται.
1299 2429 1398 2491 Ὠς
1448 2422 1616 2495 φωνὴ
1657 2420 1844 2490 ἁρμά-

263 2547 381 2584 των
405 2528 505 2582 ἐπὶ
536 2526 645 2593 τὰς
675 2523 944 2593 κορυφὰς
980 2521 1098 2575 τῶν
1124 2520 1308 2589 ὀρέων
1330 2515 1711 2582 ἐξαλοῦνται,
1749 2509 1848 2565 καὶ

259 2622 344 2687 ὡς
371 2610 543 2688 φωνὴ
574 2616 802 2687 φλογὸς
831 2613 1023 2682 πυρὸς
1062 2611 1504 2675 κατεσθιούσης
1543 2605 1846 2673 καλάμην,

263 2713 369 2767 καὶ
397 2712 480 2777 ὼς
514 2708 663 2775 λαὸς
694 2706 887 2771 πολὺς
915 2705 1010 2758 καὶ
1035 2699 1283 2771 ισχυρὸς
1316 2698 1851 2768 παρατασσόμενος

266 2805 358 2870 εἰς
389 2803 682 2870 πόλεμον.

340 2897 447 2950 lZ'.
480 2894 590 2965 Τὴν
618 2890 840 2962 ἀκρίδα,
878 2889 972 2941 καὶ
1001 2887 1090 2940 τὸν
1131 2883 1378 2956 βροῦχον,
1426 2882 1473 2935 εἰ
1510 2882 1575 2952 δὴ
1604 2877 1851 2951 φέροιντο

270 2985 422 3042 κατὰ
453 2983 648 3057 χωρῶν
704 2982 798 3036 καὶ
833 2980 1060 3041 πόλεων,
1080 2976 1229 3030 οὐδὲν
1257 2977 1316 3029 ὲν
1354 2972 1530 3046 μείοσί
1550 2989 1714 3042 φησιν
1742 2971 1853 3024 Eos-

257 3075 389 3129 σθαι
420 3075 591 3128 ἵππου
624 3071 727 3141 τῆς
764 3067 1180 3140 μαχιμωτάτης.
1214 3063 1371 3118 Οὕτω
1412 3063 1519 3135 γὰρ
1551 3079 1850 3132 κατασκιρο
1877 3107 1917 3166 c

252 3166 421 3235 τὴσει
448 3162 550 3233 τῆς
583 3160 709 3231 γῆς,
745 3160 821 3222 ὡς
851 3159 994 3227 τάχα
1017 3174 1120 3209 που
1150 3155 1243 3209 καὶ
1262 3155 1524 3226 ἁρμάτων
1546 3154 1849 3224 ἀπομιμεῖ-

253 3255 385 3311 σθαι
411 3253 636 3308 κτύπον.
673 3249 941 3311 ’Δπάσαις
961 3265 1019 3302 τε
1040 3248 1150 3320 γὰρ
1170 3245 1567 3318 ὲπιθρὼσκουσι
1583 3246 1850 3316 κορυφαῖς

252 3348 456 3421 ὀρέων,
490 3344 595 3400 καθ
605 3345 857 3397 ίπτανται
886 3340 944 3394 δὲ
971 3340 1063 3393 καὶ
1086 3338 1280 3410 βουνοῦ
1300 3336 1522 3400 παντδς,
1542 3336 1636 3390 καὶ
1654 3335 1852 3406 φλογὸς

250 3441 624 3499 ἀποτελοῦσιν
662 3439 803 3511 ἠχὴν
852 3434 1328 3507 καταπιμπράσης
1391 3431 1665 3503 καλάμην.
1715 3428 1853 3482 Φασὶ

250 3538 365 3607 γὰρ
436 3535 504 3588 ού
564 3533 688 3603 δίχα
736 3529 946 3584 κτύπου
999 3525 1336 3600 πράττεσθαι
1386 3524 1516 3595 παρ’
1566 3520 1743 3577 αὐτῶν
1792 3521 1852 3572 ἐν

250 3633 454 3703 ἀγροῖς
480 3627 579 3699 τὴν
597 3625 979 3680 κατάπτωσιν’
1030 3619 1151 3692 ἠχὼ
1198 3619 1256 3673 δέ
1294 3634 1415 3673 τινα
1463 3616 1572 3671 τῶν
1625 3615 1851 3669 ὀδόντων

251 3719 646 3778 ἀποτελεῖσθαι
695 3715 964 3789 βληχρὰν,
1001 3709 1485 3785 περιθραυομάνων
1515 3708 1708 3770 αὐταῖς
1743 3704 1851 3759 τῶν

250 3812 656 3875 πεπτωκότων,
686 3809 761 3873 ὡς
796 3808 1000 3877 ἀνέμου
1042 3805 1213 3873 φλόγα
1267 3797 1724 3873 διαρῥιπῐζοντος.
1786 3793 1851 3848 Εἰ

249 3907 312 3960 δὲ
367 3906 458 3958 δεῖ
486 3900 762 3970 πολεμίων
810 3897 953 3967 δχλῳ
986 3894 1157 3964 αὐτὴν
1205 3889 1655 3964 παρεικάζεσθαι.
1688 3884 1852 3940 πάλιν

250 4000 315 4057 τὺ
348 3995 589 4057 ἀπεικὸς
617 3992 770 4046 οὐδέν
792 4008 806 4023 ·
844 3991 997 4062 ᾄττει
1022 3987 1132 4057 γὰρ
1160 3985 1303 4039 κατὰ
1333 3982 1563 4052 πληθὺν,
1582 3980 1678 4034 καὶ
1694 3977 1852 4045 όλίγα

247 4091 376 4150 τοῖς
402 4081 810 4153 ἀνδριζομένοις
842 4079 900 4130 ὲν
939 4076 1139 4146 μάχαις
1183 4071 1518 4141 παραχωρεῖ.
1548 4065 1715 4136 Βορδν
1743 4064 1852 4135 γὰρ

250 4180 321 4231 τὸ
346 4176 571 4247 χρῆμα,
590 4171 683 4224 καὶ
706 4170 793 4223 διὰ
827 4167 1034 4237 πληθὺν
1061 4162 1368 4236 ἀμέτρητον
1403 4161 1505 4212 οὐκ
1539 4153 1854 4247 εὐκαταγῴ-

252 4245 479 4330 νιστον,
527 4261 727 4334 μᾶλλον
773 4260 829 4314 δὲ
862 4258 958 4313 καὶ
997 4255 1350 4324 δυσάντητον.
1384 4250 1444 4304 ’0
1482 4247 1644 4311 αὐτὸς
1691 4246 1734 4299 δ’
1788 4245 1854 4299 ἂν

255 4362 489 4431 γένοιτο
515 4356 606 4411 καὶ
628 4354 756 4426 περὶ
787 4351 896 4405 τῶν
923 4347 1225 4420 Ἀσσυρίων
1247 4344 1431 4412 λόγος·
1461 4341 1510 4394 εἱ
1533 4340 1591 4394 δὲ
1617 4337 1855 4431 βούλοιτό

1944 1872 2036 1941 qui
2084 1885 2250 1940 parvo
2296 1867 2584 1924 intervallo
2610 1877 3029 1936 consequentur.
3075 1866 3303 1922 Facient
3342 1876 3523 1922 autem

1950 1974 2151 2019 terram
2196 1969 2256 2016 ut
2286 1960 2591 2032 paradisum
2639 1958 2948 2029 voluptatis.
2973 1958 3185 2029 penitus
3232 1957 3526 2028 spoliantes

1947 2070 2089 2122 eam,
2129 2062 2186 2109 et
2230 2050 2585 2123 voluptariam
2641 2050 2888 2106 viventes
2931 2050 3098 2105 vitam
3145 2051 3199 2105 in
3239 2051 3350 2116 his,
3405 2065 3526 2121 qua:

1948 2149 2000 2202 in
2027 2162 2091 2203 ea
2126 2145 2449 2201 invenerint.
2477 2141 2590 2199 Hoc
2629 2153 2812 2198 rerum
2842 2151 2961 2209 est,
2987 2143 3149 2199 etiam
3192 2142 3236 2198 si
3263 2143 3329 2198 de
3377 2142 3526 2198 locu-

1948 2238 2049 2295 stis
2076 2236 2475 2305 pronuntietur.

2021 2327 2183 2384 Vens.
2216 2326 2281 2392 4,
2317 2325 2370 2381 5.
2408 2324 2556 2379 Sicut
2590 2324 2719 2378 visio
2752 2337 3000 2392 equorum
3034 2333 3273 2389 aspectus
3304 2336 3484 2375 eorum
3506 2358 3523 2383 ,

1948 2432 1994 2475 et
2021 2423 2151 2475 sicut
2179 2420 2396 2489 equites,
2421 2418 2496 2470 sic
2522 2426 2916 2486 persequentur.
2936 2412 3083 2468 Sicut
3116 2428 3214 2466 rex
3238 2412 3527 2481 quadriga-

1950 2529 2064 2565 rum
2105 2526 2267 2580 τινα
2298 2511 2511 2563 vertices
2556 2507 2816 2561 montium
2854 2505 3123 2571 essitieut,
3164 2515 3213 2559 et
3255 2505 3385 2559 sicut
3429 2519 3527 2558 eoa:

1947 2604 2175 2672 ﬁammte
2213 2600 2349 2671 ignis
2390 2600 2686 2653 devorantis
2724 2596 3002 2665 stipulam,
3042 2606 3094 2652 et
3132 2597 3264 2651 sicut
3301 2594 3525 2666 populus

1946 2693 2140 2749 multus
2166 2703 2212 2747 et
2246 2692 2399 2761 fortis
2428 2700 2651 2761 paratus
2680 2692 2748 2743 ad
2778 2690 3038 2758 praelium.

2017 2868 2179 2924 XVII.
2219 2868 2503 2925 Locustam
2534 2868 2902 2934 et‘brucbum,
2932 2868 2976 2922 si
3008 2867 3061 2922 in
3092 2881 3251 2938 agros
3278 2874 3335 2921 et
3362 2866 3525 2921 urbes

1950 2962 2187 3024 irruant,
2238 2977 2347 3015 non
2407 2962 2587 3015 minus
2636 2960 2819 3014 valere
2874 2958 2954 3014 ait
3007 2973 3169 3029 quam
3229 2958 3527 3027 equitatuut

1950 3053 2439 3111 bellicosissimum.
2468 3050 2560 3105 Sic
2589 3052 2734 3106 enim
2764 3066 2796 3105 e
2826 3058 2970 3105 terra
2999 3051 3273 3114 exsilient,
3301 3061 3360 3103 ut
3393 3064 3530 3119 pene

1950 3155 2004 3204 et
2032 3146 2419 3217 quadrigarum
2448 3144 2684 3199 sonitum
2717 3143 3020 3198 imitentur.
3047 3141 3115 3197 Et
3144 3156 3308 3209 super
3331 3155 3528 3197 omnes

1952 3237 2216 3294 montium
2241 3237 2475 3293 vertices
2498 3235 2896 3302 subsultabunt,
2924 3244 2980 3289 et
3004 3234 3074 3290 de
3100 3237 3245 3289 omni
3273 3234 3409 3289 colle
3431 3236 3530 3289 de.

1952 3331 2237 3397 volabunt,
2275 3339 2332 3384 et
2366 3327 2603 3383 ﬂammat
2641 3329 2905 3398 crepitum
2951 3326 3203 3396 stipulam
3249 3329 3530 3384 exurentis

1950 3424 2133 3479 edent.
2157 3421 2362 3478 Ferunt
2385 3421 2531 3476 enim
2560 3433 2665 3475 non
2691 3419 2829 3474 citra
2856 3419 3141 3488 strepitum
3168 3433 3267 3483 eas
3288 3419 3341 3473 in
3369 3433 3530 3490 agros

1953 3515 2232 3583 decidere,
2264 3523 2321 3569 et
2352 3512 2594 3569 senitum
2630 3527 2734 3567 non
2771 3521 2990 3566 tenuem
3028 3511 3202 3565 audiri
3239 3510 3365 3564 dum
3400 3526 3529 3580 pro-

1952 3618 2152 3663 stratae
2167 3606 2351 3679 fruges
2366 3605 2617 3662 dentibus
2631 3603 2986 3668 commolunt,
3005 3617 3103 3658 ceu
3121 3600 3352 3657 ﬂammis
3370 3610 3530 3656 vento

1951 3698 2287 3755 diffundente
2325 3694 2738 3765 crepitantibus.
2773 3693 2925 3760 Quo‘d
2959 3694 3005 3747 si
3038 3708 3133 3749 eas
3164 3692 3399 3747 hostium
3433 3708 3530 3747 cu-

1957 3791 2073 3846 neis
2105 3801 2420 3859 comparare
2453 3785 2715 3850 velimus,
2751 3783 2884 3839 nihil
2918 3785 3210 3838 absurdum
3247 3783 3530 3841 faciemus.

1955 3880 2166 3936 Nocent
2197 3879 2342 3935 enim
2378 3875 2757 3941 multitudine,
2789 3884 2843 3928 et
2873 3874 3008 3930 viris
3043 3875 3096 3929 in
3133 3888 3306 3945 pugna
3340 3889 3530 3944 parum

1955 3972 2173 4028 cedunt.
2199 3971 2304 4027 Res
2329 3970 2489 4035 edas,
2513 3979 2568 4026 et
2593 3979 2812 4038 propter
2836 3968 3155 4022 immensam
3182 3965 3392 4037 copiam
3424 3982 3530 4021 non

1957 4064 2112 4120 facile
2144 4061 2548 4133 expugnabilis,
2588 4061 2672 4115 vel
2714 4060 2894 4129 potius
2932 4069 3237 4127 oppugnatu
3275 4056 3528 4110 diﬂicilis.

1958 4154 2070 4209 Hoc
2098 4154 2243 4209 idem
2275 4153 2340 4208 de
2363 4151 2606 4223 Assyriis
2633 4151 2813 4204 dicere
2843 4149 2992 4204 licet.
3023 4147 3173 4213 Quod
3204 4148 3250 4202 si
3277 4147 3362 4201 cui
3392 4146 3532 4201 forte

1956 4247 2151 4315 placet,
2183 4245 2323 4299 idem
2359 4244 2425 4297 de
2458 4242 2825 4295 Romanorum
2859 4239 3104 4294 exercitu
3138 4252 3244 4292 non
3280 4236 3417 4291 male
3449 4236 3532 4288 af-

1959 4336 2168 4401 ﬁrmet,
2219 4334 2309 4403 qui
2358 4332 2532 4387 instar
2576 4331 2798 4386 locustae
2848 4328 3101 4385 lsraelem
3154 4328 3209 4384 in
3256 4324 3530 4383 Christum

254 4423 352 4515 τις
408 4449 553 4518 τάχα
592 4423 829 4501 nouitati
877 4442 1007 4512 περὶ
1059 4436 1229 4507 αὐτῆς
1276 4434 1376 4503 τῆς
1410 4431 1519 4485 τῶν
1567 4427 1851 4500 Ῥωμαίων

1959 4425 2276 4482 sceleratqu
2309 4423 2517 4495 depasti
2549 4432 2693 4479 sunt.

260 4517 597 4601 στοατείας,
639 4535 688 4589 οἶ
739 4534 895 4603 δίκην
929 4530 1151 4603 ἀκρίδος
1186 4527 1276 4581 τὸν
1327 4523 1543 4595 Ἰσραὴλ
1576 4517 1858 4590 κατεδηδό-

259 4648 437 4686 κασιν
452 4631 532 4692 εἰς
555 4626 789 4698 Χριστὸν
806 4618 1335 4693 πεπλημμεληκότα,
1356 4612 1623 4670 οὐδὀὔτω
1649 4609 1857 4673 κακῶς.

359 4722 502 4776 Ἀπὸ
538 4719 861 4787 προσώπου
890 4712 1078 4770 αὑτοῦ
1102 4708 1604 4779 συντρισήσονται
1629 4703 1787 4758 λαοί.

347 4810 463 4865 III'.
494 4810 694 4880 Χρῆμα
716 4807 844 4878 γὰρ,
864 4806 939 4867 ὡς
962 4804 1122 4875 ἔφην,
1155 4801 1367 4872 ἄμαχον
1393 4798 1486 4851 καὶ
1508 4790 1858 4861 δυσκαταγώ-

264 4919 463 4957 νιστον
520 4898 795 4960 παντελῶς
844 4894 1189 4966 ἀνθρώποις,
1249 4889 1476 4962 βρούχου
1517 4887 1609 4940 καὶ
1642 4883 1861 4955 ἀκρξδος

264 4993 510 5067 ἐμϐολή.

352 5085 486 5141 Πᾶν
516 5082 838 5152 πρόσωπον
855 5079 934 5146 ὡς
961 5081 1318 5149 πρόσκαυμα
1351 5075 1588 5144 χύτρας.

357 5180 458 5232 ΙΘ’.
506 5173 727 5245 Ἀληθὲς
759 5171 889 5241 γὰρ,
909 5171 993 5225 ὅτι
1026 5169 1241 5241 δείμασι
1269 5185 1328 5221 τε
1376 5165 1473 5220 καὶ
1496 5163 1696 5223 λύπαις
1745 5162 1863 5221 ταῖς

275 5271 581 5343 ἀφορήτοις
602 5266 716 5319 ἐσθ’
740 5265 828 5316 ὅτε
846 5261 940 5316 καὶ¹
967 5263 1000 5332 ἡ
1026 5261 1134 5315 τῶν
1154 5256 1462 5331 προσώπων
1488 5253 1624 5343 ἀνθη
1644 5340 1655 5343 Δ
1669 5250 1862 5343 μαραί-

490 5358 585 5412 καὶ
620 5350 1082 5424 καταμελαίνεται
1122 5365 1238 5411 πως
1284 5347 1365 5409 εἰς
1394 5344 1456 5397 τὸ
1499 5339 1732 5402 ἀκαλλὲς
1753 5343 1863 5402 τοῖς

282 5452 356 5502 ὲκ
377 5448 468 5503 νοῦ
496 5444 744 5517 θορύϐοις
776 5439 1058 5512 μονονουχὶ
1089 5431 1599 5509 μεταχρωννυμένη.

377 5648 473 5712 Ὠς
495 5643 754 5715 μαχηταὶ
785 5637 1143 5715 διαδραμοῦτς
1155 5649 1266 5715 τας,
1299 5631 1395 5715 καὶ
1430 5629 1511 5693 ὡς
1536 5625 1750 5693 ἄνδρες
1768 5642 1865 5678 πο-

289 5701 1020 5786 λεμισταὶ”ἀ’ναϐήσοιῖταῖι
1049 5705 1145 5757 ἐπὶ
1186 5702 1254 5754 τὰ
1279 5701 1465 5766 τείχη.

2032 4691 2194 4745 Vnus.
2229 4688 2283 4744 6.
2319 4689 2361 4743 Α
2394 4687 2528 4757 facie
2560 4686 2673 4756 ejus
2704 4694 3040 4741 conterentur
3064 4686 3262 4754 populi.

2033 4781 2212 4836 XVIII.
2250 4780 2345 4836 Est
2384 4779 2558 4843 enim,
2597 4788 2660 4833 nt
2704 4777 2848 4841 dixi,
2887 4775 3313 4846 inexpugnabilis
3355 4783 3408 4828 et
3450 4774 3533 4826 in-

1960 4871 2278 4943 superabilis
2304 4871 2467 4941 216
2493 4869 2715 4925 omnino
2744 4867 3052 4923 hominibus
3081 4866 3269 4922 brucbi
3301 4876 3356 4919 et
3383 4864 3532 4920 locu-

1961 4978 2056 5019 sta:
2084 4962 2330 5030 irruptio.

2034 5053 2218 5107 Omnis
2247 5050 2418 5105 vultus
2446 5050 2580 5105 sicut
2613 5048 2818 5102 adustio
2848 5047 2989 5101 otlw.

2032 5143 2175 5198 XIX.
2213 5141 2414 5196 Verum
2444 5151 2527 5197 est
2554 5142 2696 5195 enim
2730 5138 3025 5193 terroribus
3050 5143 3105 5190 et
3133 5135 3367 5190 tristitiis
3394 5136 3529 5192 into-

1965 5233 2274 5291 lerabilibus
2313 5231 2600 5300 aliquando
2639 5239 2694 5284 et
2733 5229 2919 5283 ﬂorem
2958 5225 3135 5279 vultus
3173 5241 3523 5286 marcescere.

1964 5338 2017 5380 et
2042 5320 2312 5393 denigrari
2341 5319 2738 5391 quodammodo
2764 5318 2832 5372 ad
2857 5316 3252 5373 deformitatem
3271 5357 3286 5382 ,
3312 5318 3415 5373 illis
3443 5330 3525 5373 tu-

1966 5417 2218 5473 multibus
2268 5420 2477 5469 tantum
2526 5426 2630 5465 non
2686 5408 2740 5463 in
2792 5408 2953 5462 alium
3002 5407 3236 5464 colorem
3286 5423 3527 5463 commu-

1969 5519 2156 5565 talum.

2038 5599 2200 5652 Vens.
2230 5597 2284 5651 '7.
2317 5592 2465 5649 Sicut
2502 5597 2812 5659 pugnatores
2845 5590 3159 5658 discurrent,
3188 5601 3234 5646 et
3268 5589 3401 5644 sicut
3437 5587 3532 5641 uin
3596 5598 3599 5603 '

1972 5688 2240 5742 bellatores
2278 5683 2552 5738 ascendant
2590 5697 2742 5748 super
2774 5697 2967 5735 muros.
