4034 6270
457 308 560 404 εει)
1446 346 1501 399 s.
1543 344 1813 400 cmeu
1850 344 2316 403 ALEXANDBINI
2355 348 2676 407 ARCHIH’.

456 350 560 404 559
1446 350 1501 399 S.
1543 350 1813 400 CYIllLLl
1850 350 2316 403 ALEXANDBINI
2355 350 2676 407 ARCHIH’.
3602 360 3706 416 360

532 463 653 521 XX.
692 463 1043 520 Incursuliunt
1079 462 1227 517 enim.
1258 462 1427 516 instar
1460 462 1990 517 bellicosissimorum
2010 504 2024 527 ,

2204 468 2288 520 K'.
2310 466 2769 539 Καταοἐ[υ]σουσι
2795 465 2904 537 γὰρ
2926 466 2983 519 ὲν
3007 465 3105 536 ἴσῳ
3131 468 3241 529 τοῖς
3262 468 3669 539 μαχιμιιηάτοις
3694 489 3706 502 ·

458 556 761 609 terroribus
790 565 844 608 et
873 554 1084 622 pigritia
1116 552 1421 620 superiores
1443 589 1459 615 ,
1487 559 1543 606 et
1569 566 1730 619 super
1756 551 1868 621 ipsa
1897 556 2032 607 mte-

462 647 548 698 nia
595 661 653 701 se
696 647 917 708 tollent,
958 642 1109 713 quasi
1156 642 1416 697 audacem
1460 642 1812 714 irruptiouem
1860 644 2031 696 medi-

461 748 655 792 tantes.

528 848 693 901 Vens.
728 846 782 901 8.
816 847 882 899 Et
916 846 1269 915 unusquisque
1298 846 1355 898 in
1389 845 1471 899 via
1503 861 1601 898 sua
1633 844 1954 907 ambulabit,
1983 856 2029 896 et

459 955 563 992 non
588 939 922 992 declinabunt
943 955 975 991 a
998 939 1194 991 semitis
1216 937 1347 1002 suis,
1368 949 1413 991 et
1438 939 1792 1007 unusquisque
1813 953 1844 989 ιι
1868 936 2032 1003 fratre

457 1045 552 1082 suo
585 1046 689 1084 non
721 1031 946 1084 recedet.

528 1142 671 1198 XXI.
708 1144 908 1199 Carent
935 1143 1075 1197 enim
1102 1158 1231 1213 rege
1256 1130 1503 1208 locustae,
1530 1153 1585 1197 et
1608 1142 1898 1197 ordinatim
1927 1157 2032 1196 uno

459 1239 607 1293 velut
647 1240 801 1308 signo
842 1239 967 1292 dato
1010 1237 1063 1290 in
1105 1236 1495 1305 expeditionem
1539 1244 1757 1289 exeunt.
1794 1233 2034 1288 Narrant

461 1341 638 1385 autem
669 1346 763 1386 eas
795 1329 937 1383 serie
964 1328 1225 1397 quadam,
1257 1337 1310 1381 et
1340 1327 1495 1395 quasi
1527 1341 1622 1395 per
1650 1326 1795 1380 acies
1822 1325 2029 1391 volare,

460 1422 788 1490 minimeque
814 1419 1042 1489 seiungi,
1069 1427 1124 1470 et
1150 1417 1229 1472 sic
1255 1417 1492 1472 vicissim
1518 1416 1755 1471 oﬂiciose
1780 1416 2030 1486 prosequi

460 1523 515 1567 et
547 1512 836 1576 assectari,
864 1526 928 1566 ac
958 1514 1002 1566 si
1032 1524 1247 1565 sorores
1274 1517 1485 1574 essent,
1519 1517 1763 1563 mutuum
1792 1521 2031 1563 amorem

460 1615 652 1659 natura
684 1604 788 1658 illis
818 1605 1182 1673 dispensante.

528 1717 812 1788 Aggravati
846 1717 900 1769 in
932 1715 1095 1768 armis
1126 1716 1233 1769 suis
1264 1715 1432 1768 ibunt.

531 1899 696 1955 XXII.
730 1900 917 1963 Arma,
940 1905 998 1952 ut
1020 1896 1277 1959 arbitror,
1299 1892 1488 1948 dentes
1514 1890 1743 1947 fortasse
1767 1890 2032 1957 nominat,

460 1993 659 2065 quibus
686 1991 881 2045 bellum
913 1998 1126 2060 gerunt,
1157 1995 1212 2043 et
1236 1985 1387 2040 velut
1418 1985 1471 2039 in
1503 1998 1679 2055 pugna
1706 1982 1875 2075 edunt
1906 1983 2034 2039 faci—

461 2099 623 2150 nora,
654 2090 970 2151 consumpta
1007 2079 1210 2151 herba.
1243 2086 1423 2149 segete
1456 2085 1723 2147 prostrata
1753 2086 1807 2130 et
1840 2075 2036 2145 plantis

460 2177 734 2232 aretactis.

530 2291 598 2344 Et
630 2290 686 2343 in
707 2285 907 2358 jacuiis
933 2286 1044 2340 suis
1071 2284 1282 2351 cadent,
1309 2292 1357 2337 et
1388 2298 1492 2336 non
1518 2289 1914 2337 consumantur.

529 2487 717 2544 XXIII.
770 2485 1017 2542 Locustae
1052 2499 1154 2539 non
1198 2483 1413 2553 quidem
1453 2481 1682 2537 telorum
1725 2480 2035 2552 cuspidibus

460 2579 746 2635 vulnerant.
777 2592 917 2647 quos
943 2582 1277 2645 Oppuguant,
1304 2587 1404 2628 nec
1433 2586 1594 2627 arcus
1622 2573 1873 2627 alicunde
1901 2586 2034 2626 con-

462 2671 707 2728 tendunt.
738 2668 844 2725 Sed
875 2668 1003 2723 dum
1033 2676 1156 2737 apta
1187 2666 1304 2722 esui
1338 2665 1589 2734 perdunt,
1618 2664 1761 2720 t'ame
1786 2673 1840 2719 et
1868 2677 2035 2732 penu-

460 2765 558 2819 riae
594 2763 891 2819 terroribus
927 2759 1106 2829 aliquo
1146 2758 1304 2812 modo
1340 2757 1689 2812 interﬁciunt.
1729 2755 1840 2811 Nec
1876 2768 2035 2824 porro

461 2856 530 2910 ad
567 2854 725 2909 talem
761 2852 1123 2907 calamitatem
1166 2850 1404 2905 redactis
1439 2849 1719 2903 commoda
1761 2847 1874 2900 ruri
1912 2855 2035 2914 per-

462 2948 591 3003 iisse
632 2947 766 3000 satis
802 2944 956 2998 erit:
991 2943 1209 3010 insuper
1250 2942 1302 2994 in
1343 2940 1486 2993 aedes
1524 2946 1581 2992 et
1622 2939 1785 2992 urbes
1828 2941 2035 3006 ingres-

462 3054 604 3105 sum,
629 3046 684 3092 et
710 3034 969 3089 atrociter
997 3033 1301 3086 turbantem
1331 3031 1660 3085 locustarum
1684 3028 2034 3084 sustinebunt

2132 556 2292 613 ὄκνου
2330 575 2389 610 τε
2421 559 2685 628 ’ἀμείνους
2741 559 3087 629 ὑπάρχουσαι
3148 560 3243 611 καὶ
3275 560 3565 630 δειμάτων,
3621 565 3712 617 καὶ

2133 645 2311 697 αὐτῶν
2348 646 2814 716 ὑπεραρθὴσονται
2844 647 2954 699 τῶν
2986 647 3201 718 τειχῶν,
3234 648 3492 718 θρασεῖαν
3518 648 3709 723 ὥσπερ

2132 737 2253 789 τινὰ
2285 735 2585 805 μελετῶσαι
2613 740 2712 807 τὴν
2740 737 2998 808 ἐμϐολήν.

2201 848 2309 903 Καί
2342 850 2599 916 ἕκαστος
2625 851 2694 903 ἐν
2714 849 2791 920 τῇ
2820 850 2936 916 ὀδῷ
2961 851 3150 907 αὑτοῦ
3184 854 3543 921 πορεύσεται
3575 894 3590 916 ,
3618 856 3710 907 καί

2134 942 2204 993 οὺ
2232 942 2318 1010 μὴ
2350 942 2716 996 ἐκκλίνωσιν
2749 942 2857 1009 τὰς
2908 945 3147 1012 τρίϐους
3188 945 3408 1011 αὐτῶν,
3444 947 3544 1000 καὶ
3577 945 3712 1001 ἐκα-

2133 1048 2277 1099 στος
2307 1033 2426 1088 ἀπὸ
2452 1034 2560 1088 τοῦ
2591 1036 2862 1106 ἀδελφοῦ
2889 1040 3002 1092 οὐκ
3032 1037 3338 1108 ἀφέξεται.

2204 1141 2334 1200 KA'.
2378 1145 2758 1201 Ἀϐασίλευτον
2786 1149 2895 1219 γὰρ
2920 1151 2953 1219 ή
2986 1151 3181 1221 ἀκρίς·
3216 1152 3574 1223 ἐπιστρατεύει
3616 1153 3713 1225 μὲν

2133 1236 2242 1306 γὰρ
2280 1237 2339 1304 ἐξ
2374 1238 2492 1302 ὲνὺς
2528 1240 2809 1305 εὐτάκτως
2841 1241 3232 1312 κελεύσματος.
3268 1245 3407 1297 Φασὶ
3457 1245 3514 1299 δὲ
3547 1248 3713 1312 αὑτὰς

2135 1328 2410 1398 στοιχηδὸν
2440 1329 2597 1394 ἰέναι,
2619 1332 2712 1384 καὶ
2738 1331 2813 1396 ὡς
2837 1334 2895 1386 ὲν
2921 1333 3074 1400 τάξει
3103 1334 3437 1399 διίπτασθαι.
3468 1340 3563 1392 καὶ
3590 1342 3709 1411 ἤκιι

2136 1437 2233 1475 στα
2260 1421 2357 1491 μὲν
2404 1423 2886 1492 ἀπονοσφίζεσθαι,
2940 1426 3230 1496 περιέπειν
3268 1427 3327 1481 δὲ
3356 1428 3531 1493 οὕτως
3550 1431 3707 1502 ἀλλή-

2133 1511 2251 1576 λας,
2282 1512 2481 1566 ὡσανεὶ
2502 1515 2596 1568 καὶ
2616 1516 2862 1587 ἀδελφαὶ,
2890 1516 3107 1586 φύσεως
3138 1519 3312 1590 αὐτῆς
3341 1520 3705 1596 βραδευούσης

2133 1601 2194 1654 τδ
2217 1602 2555 1676 φιλάλληλον.

2204 1717 2759 1790 Καταεαρυνόμενοι
2782 1721 2853 1776 ἐν
2882 1721 3007 1788 τοῖς
3027 1721 3240 1791 ὅπλοις
3266 1724 3468 1780 αὐτῶν
3504 1728 3703 1795 πορεύ-

2063 1796 2105 1857 Β
2133 1821 2364 1864 vortat.

2209 1899 2335 1952 KB'.
2357 1897 2534 1954 Ὅπλα
2552 1901 2629 1961 δὲ,
2657 1899 2814 1974 οἶμαί
2847 1921 2973 1969 που,
2993 1906 3118 1970 τοὺς
3135 1904 3353 1971 ὀδόντας
3378 1909 3535 1979 φησι,
3555 1912 3620 1964 δι’
3642 1906 3708 1966 ὧν

2136 1988 2328 2054 αὐταῖς
2348 1991 2376 2043 ὀ
2401 1992 2658 2062 πόλεμος,
2679 1993 2771 2047 καὶ
2793 1995 2860 2049 τὰ
2886 1995 2962 2059 ὠς
2984 1998 3040 2049 ἐν
3066 1996 3267 2067 μάχαις
3294 2000 3707 2071 κατορθώματα,

2136 2077 2531 2152 δαπανωμένης
2561 2081 2659 2151 μὲν
2691 2083 2848 2148 πόας,
2878 2084 3031 2155 ληΐου
3062 2084 3118 2139 δὲ
3154 2086 3464 2153 πίπτοντος,
3492 2080 3585 2145 καί
3612 2111 3711 2163 φυ-

2135 2168 2245 2221 τῶν
2271 2171 2660 2241 ἀναινομένων.

2206 2280 2315 2335 Kal
2352 2280 2423 2335 ἐν
2444 2282 2570 2350 τοῖς
2592 2283 2846 2349 βέλεσιν
2873 2286 3072 2345 αὐτῶν
3117 2292 3459 2358 πεσοῦνται,
3494 2295 3594 2349 καὶ
3635 2299 3712 2350 οὐ

2130 2369 2217 2439 μὴ
2249 2374 2756 2432 συντελεσθῶσιν.

2210 2483 2340 2537 Kl".
2370 2484 2631 2540 Βάλλουσι
2664 2489 2762 2557 μὲν
2809 2490 3029 2561 ἀκρίδες
3074 2495 3135 2547 οὐ
3186 2493 3356 2563 βελῶν
3403 2496 3557 2550 ἀκίσι
3587 2496 3720 2561 τοὺς

2136 2574 2592 2647 πολεμουμένους,
2632 2578 2747 2632 ἀλλ’
2797 2581 2920 2636 οὐδὲ
2967 2583 3123 2650 τόξον
3174 2587 3367 2650 αὑταῖς
3419 2589 3715 2642 ἐντείνεταί

2135 2665 2323 2734 ποθεν,
2356 2669 2771 2724 κατακτείνουσι
2796 2671 2854 2724 δὲ
2883 2673 3074 2745 ὥσπερ
3107 2675 3216 2729 τῶν
3250 2678 3528 2749 ἐδωδίμων
3550 2697 3714 2734 κατα-

2137 2755 2385 2826 φθοραῖς,
2414 2759 2641 2823 καὶτοῖς
2668 2760 2866 2832 λιμοῖς,
2900 2764 2995 2817 καὶ
3039 2766 3245 2830 ἐνδείας
3279 2758 3553 2839 δείμασιν.
3596 2771 3716 2824 ’Ὁτι

2134 2844 2194 2898 δὲ
2223 2846 2318 2899 καὶ
2364 2848 2549 2914 αὐτοῖς
2593 2853 2704 2915 τοῖς
2752 2853 2857 2906 ὑπὸ
2908 2855 3119 2910 τοιάνδε
3149 2859 3378 2913 πεσοῦσι
3429 2864 3715 2934 συμφορὰν

2135 2935 2235 2989 οὐκ
2266 2935 2332 2990 ἂν
2359 2937 2673 3010 ἐξαρκέσειε
2698 2942 2760 2996 τὸ
2790 2945 3085 3001 ἀπολέσθαι
3128 2948 3194 3002 τὰ
3237 2949 3295 3004 ὲν
3324 2951 3549 3020 ἀγροῖς,
3586 2954 3718 3010 ἀλλὰ

2135 3029 2245 3102 γὰρ
2288 3032 2382 3085 καὶ
2404 3033 2579 3097 οἴκοις
2622 3037 2802 3100 αὐτοῖς
2832 3038 2926 3091 καὶ
2973 3039 3194 3094 πόλεσιν
3233 3044 3711 3116 είσπεφοιτηκότα,

463 3128 782 3184 exercitum.
809 3126 916 3178 Aut
936 3122 1098 3177 etiam
1124 3122 1299 3190 ipsum
1321 3122 1603 3191 "Assyrium
1629 3120 1713 3175 his
1737 3119 1915 3174 verbis
1937 3119 2033 3172 de-

2137 3124 2231 3175 καὶ
2260 3124 2698 3194 παρενοχλοῦντα
2713 3126 2920 3195 δεινῶς,
2937 3129 3029 3183 τὸν
3060 3132 3125 3185 ἐκ
3148 3132 3257 3184 τῶν
3279 3135 3519 3205 ἀκρίδων
3538 3135 3719 3202 ἕξουσι

463 3225 749 3284 monstrat,
776 3224 801 3268 ι
824 3215 891 3270 Et
913 3230 1016 3269 non
1042 3222 1381 3268 consument.
1408 3230 1428 3265 ι
1446 3211 1687 3267 Perinde
1707 3226 1773 3265 ac
1796 3211 1843 3265 si
1866 3209 2037 3274 dicat,

460 3325 562 3367 nec
587 3312 691 3365 iste
719 3308 841 3364 huis
863 3307 968 3363 erit
994 3307 1107 3372 ἣτε,
1133 3306 1276 3361 ultra
1300 3305 1445 3361 enim
1470 3304 1751 3374 procedet.
1780 3300 2037 3372 Sequitur

460 3417 692 3473 namque
723 3423 738 3460 :

529 3598 691 3655 Vens.
722 3596 780 3666 9,
813 3594 899 3654 ιθ.
931 3594 1124 3652 Urbem
1154 3586 1539 3665 apprehendent
1556 3631 1572 3656 ,
1602 3599 1653 3645 et
1683 3604 1835 3661 super
1858 3605 2037 3644 muros

459 3691 784 3754 discurrant,
821 3705 977 3757 super
1008 3688 1193 3741 domos
1230 3685 1540 3747 ascendant,
1577 3690 1629 3737 et
1659 3696 1754 3750 per
1783 3680 2037 3748 fenestras

459 3782 727 3837 intrabunt
766 3782 897 3835 sicut
937 3780 1101 3849 fures.
1139 3778 1274 3832 Ante
1314 3776 1502 3846 {aciem
1539 3775 1651 3844 ejus
1688 3772 2039 3842 confundetur

459 3884 598 3928 terra
616 3917 629 3937 ,
653 3882 701 3927 et
725 3873 1129 3927 commovebitur
1146 3870 1363 3934 caelum;
1387 3869 1465 3923 sol
1485 3879 1530 3921 et
1554 3868 1679 3920 tuna
1699 3864 2038 3921 contenebra-

460 3964 674 4027 suntur,
701 3974 746 4018 et
776 3965 942 4018 stellis
970 3964 1171 4016 mittent
1199 3961 1256 4016 in
1287 3975 1531 4014 occasum
1561 3958 1733 4012 lumen
1760 3972 1936 4012 suum.

528 4154 689 4229 217
722 4156 911 4214 XXIV.
948 4158 1116 4215 Audis
1154 4156 1527 4223 devolaturas,
1561 4162 1617 4210 et
1657 4160 1818 4224 super
1851 4158 2036 4209 muros

460 4252 608 4321 ipsos
640 4251 807 4315 urbis,
839 4252 894 4305 ‘et
922 4262 977 4304 ut
1008 4249 1227 4305 herbam
1259 4248 1681 4318 depraedaturas,
1712 4247 1856 4301 sicut
1883 4258 2036 4314 gras—

460 4353 667 4395 satores
691 4341 1026 4395 vestimentis
1048 4343 1286 4395 Viatores
1312 4341 1535 4397 nudant.
1564 4339 1628 4393 Et
1655 4354 1750 4409 per
1771 4339 2037 4393 fenestras

459 4433 688 4496 irruent,
713 4443 768 4487 et
794 4431 1015 4501 populos
1043 4432 1462 4496 conturbabunt,
1480 4428 1692 4485 tantum
1717 4445 1824 4485 non
1852 4430 2033 4484 omnia

461 4522 770 4585 miscentes,
799 4528 856 4573 ut.
879 4520 988 4589 iam
1015 4527 1070 4573 et
1099 4519 1271 4587 ipsum
1297 4521 1493 4575 ctelum
1520 4520 1731 4573 concuti
1760 4519 2031 4582 videatur,

458 4623 516 4668 et
538 4613 650 4677 sol,
676 4626 737 4666 ac
759 4612 881 4664 luna
897 4649 912 4676 ,
938 4619 1100 4680 atque
1119 4609 1282 4663 etiam
1310 4608 1478 4664 stellae
1501 4624 1655 4663 suum
1682 4609 1858 4663 lumen
1882 4609 2034 4678 quasi

462 4705 726 4758 inhibere.
754 4701 811 4754 In
842 4700 925 4755 his
954 4715 1116 4769 porro
1143 4714 1357 4754 rursum
1385 4699 1560 4754 oratio
1584 4701 1728 4770 quod
1757 4700 1879 4753 addi
1912 4714 2037 4769 pos-

461 4797 552 4858 sit,
587 4793 722 4849 nihil
756 4793 1033 4861 relinquit,
1068 4801 1123 4846 et
1158 4800 1317 4846 terrae
1349 4791 1743 4853 habitatoribus
1777 4791 2036 4846 intolera-

462 4885 620 4941 bilem
651 4900 716 4939 ac
742 4883 989 4938 dolorum
1021 4882 1273 4936 refertam
1302 4882 1666 4937 calamitatem
1695 4891 1819 4937 ante
1849 4882 2035 4937 oculos

461 4978 631 5047 ponit.
662 4975 758 5030 Est
791 4984 970 5029 autem
1001 4988 1150 5038 vera,
1185 4973 1432 5041 quamvis
1468 4973 1537 5028 de
1572 4974 1845 5028 hominum
1880 4988 2038 5029 exer-

460 5069 568 5121 citu
605 5066 924 5136 accipiatur,
956 5078 1080 5119 cum
1116 5064 1368 5133 regiones
1398 5072 1453 5119 et
1486 5064 1648 5119 urbes
1681 5065 2029 5120 incursarint.

462 5157 635 5212 lustar
660 5156 990 5211 locustarum
1019 5153 1161 5209 enim
1193 5153 1375 5206 omnia
1407 5154 1737 5223 aperientes,
1766 5156 1913 5225 agris
1940 5157 2034 5211 de-

462 5248 762 5304 trimentosi
785 5258 930 5315 sunt,
952 5247 1197 5303 civitates
1214 5253 1429 5311 vexant,
1452 5260 1634 5302 muros
1657 5248 2030 5310 ascendentes,

461 5344 518 5391 et
548 5336 601 5390 in
636 5337 823 5394 domos
860 5338 1173 5394 invadentes
1195 5376 1212 5404 ,
1253 5335 1576 5408 feritateque
1610 5348 1735 5395 cum
1775 5337 2031 5394 horriﬁco

465 5430 625 5482 teme
647 5436 795 5483 motu
823 5440 966 5485 081⁸ιῦ
974 5439 1089 5486 ales
1098 5467 1112 5482 .

532 5619 697 5677 Vens.
740 5618 826 5674 Η.
870 5618 936 5675 Et
978 5620 1228 5677 Dominus
1276 5623 1420 5677 dabit
1465 5640 1637 5679 uocem
1680 5635 1799 5678 ante
1840 5625 2029 5693 faciem

471 5711 962 5791 lortitudinis‘sute;
988 5713 1114 5775 quia
1143 5712 1308 5766 multa
1342 5724 1463 5768 sunt
1500 5714 1653 5769 nimis
1685 5726 1859 5770 castra
1892 5717 2026 5785 ejus,

2140 3214 2388 3283 στρατόν.
2420 3216 2624 3284 Ἤγουν
2658 3218 2751 3270 καὶ
2796 3219 2960 3275 αὑτὸν
3003 3221 3096 3274 τὸν
3136 3223 3422 3295 ’Δσσύριον
3468 3228 3720 3300 παρέδει-

2142 3303 2256 3370 ξεν,
2296 3306 2465 3359 εἰπών
2491 3324 2504 3337 ’
2544 3308 2692 3362 ἰΚαὶ
2721 3310 2783 3363 οὐ
2818 3310 2892 3382 μὴ
2926 3314 3371 3370 συντελέσωσινδ
3403 3319 3621 3387 Ὅμοιον
3635 3321 3716 3383 ὠς

2138 3397 2187 3448 εί
2220 3395 2390 3464 λέγοι.
2426 3396 2531 3451 Καὶ
2560 3400 2718 3454 τοῦτο
2754 3402 2855 3454 οὐκ
2879 3401 3034 3456 ἔσται
3086 3406 3147 3457 τὸ
3176 3406 3278 3477 τῆς
3319 3409 3483 3480 ὀργῆς
3509 3409 3706 3483 πέρας,

2138 3487 2393 3568 παρέλθοι
2413 3489 2471 3542 δὲ
2509 3491 2601 3544 καὶ
2628 3492 2904 3546 ἐπέκειναο
2929 3496 3063 3565 φησὶ
3086 3497 3216 3569 γάρ·

2213 3600 2331 3667 Τῆς
2367 3601 2598 3668 πόλεως
2627 3602 3054 3673 ἐπιλήψονται,
3072 3609 3172 3663 καί
3203 3610 3304 3663 ἐπὶ
3331 3611 3453 3667 τῶν
3474 3615 3721 3684 τειχέων-

2137 3688 2523 3760 δραμοῦνται,
2556 3693 2657 3747 καί
2693 3695 2791 3749 ἐπὶ
2817 3696 2925 3764 τὰς
2943 3698 3132 3766 οἰκίας
3165 3701 3602 3771 ἀναϐήσονται,
3622 3708 3723 3763 καὶ

2138 3781 2235 3836 διὰ
2286 3783 2542 3852 θυρίδων
2601 3787 3054 3844 εἰσελεύσονται
3122 3793 3204 3860 ὡς
3267 3796 3549 3855 κλέπται.
3599 3800 3723 3869 Πρὸ

2138 3874 2464 3942 προσώπου
2483 3877 2670 3931 αὐτοῦ
2690 3881 3142 3949 συγχυθήσεται
3168 3888 3209 3955 ἡ
3229 3886 3328 3957 τῆ,
3356 3891 3461 3945 καί
3481 3893 3722 3961 calathi.

2137 3978 2304 4016 σεται
2334 3966 2368 4017 ὁ
2400 3967 2674 4034 οὐρανός.
2731 3970 2794 4023 '0
2822 3970 2994 4038 ἣλιος
3021 3974 3120 4028 καί
3149 3977 3188 4044 ἠ
3228 3979 3465 4049 σελήνη
3492 3999 3723 4038 συσκο-

2136 4052 2415 4117 τάσουσι,
2432 4057 2532 4110 καί
2562 4060 2632 4113 τὰ
2654 4060 2845 4131 ἄστρα
2874 4062 3135 4121 δύσουσι
3160 4068 3228 4121 τὸ
3252 4070 3478 4141 φέγγος
3496 4073 3720 4131 αὐτῶν.

2209 4166 2336 4222 ΚΔ’.
2386 4168 2630 4235 Ἀκούεις
2657 4173 2738 4226 ὅτι
2786 4178 3226 4248 καταπτήσονται
3281 4184 3381 4254 μὲν
3420 4188 3517 4241 καὶ
3537 4190 3723 4243 αὐτῶν

2138 4257 2245 4311 τῶν
2269 4254 2485 4331 τειχῶν,
2515 4260 2608 4316 καὶ
2635 4258 2747 4318 οἷον
2774 4266 2944 4338 αὐτὴν
2972 4271 3339 4344 καταδῃοῦσαι
3357 4277 3459 4346 τὴν
3477 4280 3634 4342 πόαν,
3657 4285 3723 4335 ἐν

2138 4351 2240 4439 ῖσῳ
2272 4354 2384 4415 τοῖς
2416 4351 2632 4407 εἰωθόσι
2671 4355 3020 4424 λωποδυτεῖν,
3056 4365 3151 4415 καὶ
3171 4363 3262 4416 διὰ
3282 4364 3511 4437 θυρίδων
3535 4370 3723 4439 ἐμϐα-

2065 4477 2111 4532 D
2138 4438 2308 4532 105m,
2348 4440 2549 4532 δήμους
2578 4446 2923 4514 συγχέουσαι,
2960 4449 3053 4502 καὶ
3090 4456 3372 4525 μονονουχὶ
3407 4438 3723 4513 διακυκλῶο

2140 4545 2230 4583 σαι
2249 4529 2310 4582 τὸ
2339 4530 2464 4595 πᾶν,
2491 4532 2566 4597 ὡς
2587 4534 2686 4605 ἤδη
2721 4536 2897 4611 δοκεῖν
2937 4541 3029 4593 καὶ
3062 4542 3226 4596 αὐτὸν
3264 4545 3579 4617 δεὼνῆσθαι
3622 4551 3723 4604 τδν

2138 4620 2368 4691 οὐρανὸν
2393 4665 2406 4689 ,
2459 4623 2612 4692 ἥλιον
2650 4625 2705 4679 δὲ
2759 4629 2854 4681 καὶ
2915 4630 3146 4703 σελήνην
3169 4676 3184 4701 ,
3243 4637 3336 4690 καὶ
3390 4638 3578 4709 μέντοι
3620 4644 3722 4695 καὶ

2134 4712 2310 4780 ἄστρα
2330 4713 2390 4765 τὸ
2427 4716 2625 4769 οἰκεῖον
2661 4716 2849 4790 ὥσπερ
2899 4722 3167 4794 ἀνακόψαι
3208 4727 3387 4792 σέλας.
3429 4730 3624 4800 Γέγονε
3657 4734 3720 4786 δὲ

2135 4800 2299 4854 πάλιν
2332 4803 2391 4856 ὲν
2421 4803 2774 4877 τούτοιςήμῖν
2804 4809 3164 4881 ὑπερϐολικὸς
3182 4817 3210 4868 ὁ
3230 4815 3408 4884 λόγος,
3434 4818 3719 4876 δύσοιστόν

2132 4905 2191 4980 τε
2239 4891 2337 4980 και
2360 4892 2634 4966 πολυαλγῆ
2665 4899 2776 4961 τοῖς
2803 4898 2902 4970 τὴν
2927 4901 3030 4971 γῆν
3057 4904 3267 4958 οἰκοῦσι
3296 4907 3395 4976 τὴν
3425 4912 3722 4980 συμφορὰν

2134 4978 2465 5074 ἀποφαίνων.
2507 4982 2766 5074 ’ᾼτρεκὴς
2789 4988 2845 5040 δὲ
2861 4991 2890 5041 ὁ
2906 4990 3084 5059 λόγος,
3107 4994 3210 5049 κᾶν
3228 4999 3276 5051 εί
3302 5000 3387 5051 ἐπ’
3406 4978 3721 5074 ἀνθρώπων

2136 5070 2415 5135 στρατιαῖς
2443 5072 2618 5124 νοοῖτο
2653 5074 2833 5142 πάλιν,
2894 5079 2944 5131 εί
2993 5083 3249 5138 καταθεῖν
3292 5070 3720 5163 ἕλοιντονχώραν

2133 5172 2192 5208 τε
2221 5159 2315 5210 καὶ
2365 5159 2569 5225 πόλεις.
2614 5165 2700 5218 Ἐν
2733 5166 2832 5239 ίσῳ
2874 5170 2981 5242 γὰρ
3010 5175 3131 5236 ταῖς
3178 5176 3366 5247 ἀκρίσι
3406 5181 3477 5234 τὰ
3531 5159 3723 5238 πάντα

2132 5250 2545 5340 περ-ιχεόμενοι,
2596 5254 3035 5329 διαλυμαίνονται
3081 5265 3181 5334 μὲν
3245 5269 3487 5340 ἀγροὺς,
3546 5291 3725 5328 κατα-

2133 5335 2375 5429 θλίϐουσι
2409 5340 2465 5394 δὲ
2501 5342 2594 5395 καὶ
2624 5345 2830 5411 πόλεις,
2860 5351 3055 5421 τειχῶν
3116 5335 3576 5429 ὑπεραιρόμενοι,
3617 5366 3726 5417 καὶ

2131 5426 2302 5493 οἴκοις
2359 5433 2540 5497 αὐτοῖς
2592 5436 2986 5506 ὲπεισθέοντες,
3036 5444 3131 5497 καὶ
3179 5426 3451 5511 ταῖςνὰπὺ
3483 5456 3725 5525 σεισμοῦ

2130 5516 2345 5587 δείμασι
2368 5522 2794 5589 φιλονεικοῦντες
2822 5530 2901 5592 εἰς
2927 5530 3244 5604 ἀγριότητα.

2202 5633 2312 5687 Καὶ
2349 5638 2382 5688 ὁ
2434 5637 2645 5707 Κύριος
2676 5639 2854 5695 δώσει
2892 5644 3102 5713 φωνὴν
3150 5650 3341 5704 αὐτοῦ
3364 5655 3482 5721 πρὸ
3519 5672 3727 5724 προσ-

2131 5722 2295 5777 ώπου
2318 5724 2625 5796 δυνάμεως
2644 5734 2849 5788 αὐτοῦ·
2876 5734 2964 5788 ὅτι
2991 5738 3193 5817 πολλή
3232 5741 3373 5819 ἐστι,
3398 5722 3642 5817 σφὸιδγδα
3677 5751 3726 5821 ἡ
