4034 6270
287 395 381 453 τοι

1149 383 1703 444 COMMENTARIUS
1743 383 1808 440 IN
1847 385 2113 443 JOELEM
2149 382 2591 444 PROPIIETAM.

3418 397 3522 453 562

287 506 608 582 παρεμϐολὴ
631 504 846 569 αὐτοῦ,
884 504 971 558 ὅτι
1009 503 1230 573 ισχυρὰ
1253 504 1396 574 ἔργα
1423 504 1620 572 λόγων
1637 505 1844 560 αὐτοῦ’

1947 506 2194 576 quoniam
2233 507 2395 575 fortia
2432 521 2592 575 opera
2632 517 2928 561 sermonum
2967 506 3130 575 illius,
3168 510 3294 578 quia
3333 527 3525 582 magna

291 606 432 660 διότι
461 597 673 671 μεγάλη
722 597 766 665 ἠ
796 593 987 665 ἡμέρα
1013 594 1234 663 Κυρίου
1253 635 1268 661 ,
1297 593 1550 664 μεγάλη,
1581 595 1679 650 καί
1725 596 1848 650 ἐπι-

296 692 478 764 φανὴς
497 689 743 759 σφόδρα.

362 783 480 836 κε’.
510 781 678 849 Ἐφην
711 777 815 848 ἤδη
842 774 1077 845 φθάσας,
1130 776 1212 830 ὅτι
1240 777 1442 841 σκοπὸς
1465 776 1545 850 τῷ
1593 779 1848 850 προφήτῃ

298 873 461 944 δεινὴν
489 872 575 926 καὶ
612 867 1064 938 δυσδιακόμιστον
1091 869 1367 939 ἀποφῆναι
1394 869 1496 940 τὴν
1543 868 1849 940 συμφορὰν,

299 963 378 1016 ίνα
411 962 472 1032 δὴ
503 960 856 1032 μεταχωροίεν
887 958 982 1012 ἐπὶ
1008 957 1072 1011 τὸ
1103 957 1314 1011 ὲθέλειν
1341 959 1410 1012 τὰ
1433 959 1645 1029 ἀμείνω
1663 975 1724 1012 τε
1747 958 1848 1030 ἤδη

291 1054 434 1124 δρᾷν,
452 1052 538 1106 καὶ
564 1049 666 1121 μὴν
687 1049 779 1103 καὶ
806 1047 1156 1120 βουλεύεσθαι
1182 1049 1707 1121 σωφρονέστερον,οί
1726 1051 1850 1114 ταῖς

289 1145 365 1205 είς
389 1140 686 1212 φαυλότητα
703 1140 1086 1210 παρατροπαῖς
1117 1137 1483 1209 λελυπηκότες
1503 1139 1595 1194 τὸν
1625 1140 1850 1211 νομοθέ-

285 1250 399 1304 την.
428 1229 542 1285 Οἶδε
566 1231 696 1300 γὰρ,
735 1224 842 1282 οἶδε
866 1230 900 1299 ἡ
937 1228 1048 1282 τῶν
1078 1228 1414 1300 ἀλγημάτων
1445 1231 1719 1302 ὑπερϐολὴ
1753 1248 1852 1303 με·

283 1319 586 1389 τακομίζειν
619 1317 861 1380 εὐκόλως
889 1316 1041 1379 τινὰς
1090 1315 1166 1379 ὼς
1211 1316 1269 1382 ὲξ
1297 1317 1544 1388 ἀνάγκης
1581 1317 1673 1372 ἐπί
1701 1334 1763 1386 γε
1788 1317 1851 1370 τὸ

284 1409 484 1463 ἑλέσθαι
505 1409 635 1480 δρᾷν
655 1409 726 1461 τὰ
748 1408 1047 1462 ἁνδάνοντα
1092 1406 1278 1460 λοιπὸν
1309 1407 1387 1478 τῷ
1413 1406 1606 1472 σώζειν
1636 1407 1850 1462 εἰωθότι

282 1502 369 1554 καὶ
392 1499 748 1555 ἀπαλλάττειν
775 1497 1035 1569 ἰσχύοντι.
1093 1517 1111 1549 ι
1135 1495 1306 1551 Δώσει
1333 1497 1398 1570 δὴ
1449 1493 1540 1553 οὖν
1584 1501 1612 1553 ό
1644 1499 1849 1571 Κύριος

279 1591 374 1660 τὴν
400 1589 578 1660 φωνὴν
609 1587 774 1642 αὐτοῦ
802 1587 910 1658 πρὸ
939 1583 1231 1656 προσώπου
1273 1586 1557 1658 δυνάμεως
1581 1589 1748 1643 αὑτοῦ
1769 1629 1784 1654 ,
1823 1608 1842 1640 ι

281 1681 559 1752 μονονουχὶ
632 1678 954 1752 στρατηγῶν
983 1719 1000 1744 ,
1054 1679 1148 1732 καὶ
1209 1679 1549 1752 παραθήγων
1611 1681 1685 1746 ὡς,
1759 1682 1848 1736 ἐπ’

277 1772 515 1842 ἐχθρούς.
543 1773 756 1843 Πρέποι
782 1772 891 1844 γὰρ
917 1772 982 1825 ἂν
1014 1773 1114 1843 οὐχ
1137 1772 1309 1844 ἑτέρῳ
1336 1789 1414 1844 τῳ
1455 1773 1676 1844 μᾶλλον,
1708 1775 1847 1842 πλὴν

1953 598 2063 652 dies
2091 597 2323 654 Domini.
2346 609 2394 654 et
2425 597 2646 654 illustris
2673 599 2838 654 valde.

2025 771 2189 828 XXV.
2234 773 2350 828 Dixi
2379 773 2489 844 jam
2521 775 2796 844 propheta:
2825 777 3110 834 consilium
3140 792 3262 836 esse
3290 789 3528 838 atrocem

1948 872 2004 920 et
2032 864 2424 920 intolerandam
2454 864 2820 920 calamitatem
2845 871 3159 938 ostendere;
3189 879 3248 926 ut
3277 873 3528 929 nimirum

1951 955 2088 1012 bene
2117 969 2278 1026 agere
2304 955 2444 1011 velle
2474 955 2758 1024 incipiant,
2781 966 2835 1012 et
2849 959 3170 1028 prudentius
3199 963 3299 1018 sibi
3333 979 3532 1021 consu-

1949 1046 2062 1101 lant
2105 1047 2196 1117 qui
2235 1045 2302 1102 ad
2340 1046 2742 1115 improbitatem
2789 1049 3007 1117 detorti,
3046 1050 3408 1122 Iegislatorem
3447 1057 3533 1110 of-

1953 1136 2261 1192 fenderunt.
2314 1135 2462 1192 Solet
2510 1136 2688 1201 enim,
2739 1135 2877 1192 solet
2925 1137 3168 1194 dolorum
3217 1144 3534 1212 magnitudo

1952 1227 2110 1283 facile
2128 1227 2436 1296 nonnullos,
2459 1236 2514 1283 et
2536 1226 2681 1282 velut
2707 1227 3031 1284 necessitate
3053 1232 3309 1299 quadam,
3330 1245 3396 1286 eo
3411 1249 3535 1302 per.

1950 1320 2177 1384 vehere,
2216 1328 2274 1373 ut
2305 1319 2372 1374 de
2408 1327 2606 1374 caetero
2641 1319 2861 1389 cupiant
2896 1317 3077 1375 facere
3113 1320 3188 1375 illi
3244 1331 3393 1392 grata
3439 1323 3532 1393 qui

1950 1412 2162 1467 salvere
2187 1410 2494 1476 consuevit,
2515 1419 2571 1467 et
2597 1410 2828 1466 liberare
2853 1425 2881 1464 a
2912 1410 3066 1467 malis
3094 1425 3288 1482 petest.
3322 1433 3341 1466 ι
3373 1412 3534 1470 Dabit

1951 1503 2119 1572 igitur
2141 1503 2400 1558 Dominus
2420 1516 2606 1558 vacem
2629 1511 2754 1557 ante
2777 1501 2970 1557 faciem
2993 1501 3330 1560 fortitudinis
3350 1521 3482 1574 suae,
3509 1525 3528 1559 ι

1950 1603 2159 1648 tantum
2203 1608 2309 1649 non
2353 1594 2467 1662 ipse
2503 1595 2610 1648 dux
2647 1595 2920 1648 exercitus
2957 1607 3190 1663 eumque
3227 1595 3283 1650 in
3323 1596 3533 1654 hostem

1949 1699 2173 1740 acuens.
2211 1683 2328 1738 Non
2370 1684 2514 1739 enim
2557 1682 2680 1738 aliis
2735 1685 2915 1753 potius
2959 1702 3121 1756 quam
3165 1698 3535 1759 propugnato-
3571 1673 3578 1679 ’

1953 1775 2106 1830 ribus
2150 1781 2208 1828 et
2245 1772 2473 1828 aliorum
2513 1771 2741 1827 ducibus
2776 1773 2976 1830 milites
3008 1777 3075 1831 ad
3111 1789 3344 1847 pugnam
3381 1779 3535 1833 exci-

277 1863 356 1916 ὃτι
387 1866 494 1926 τοῖς
523 1862 943 1934 προασπίζουσι,
986 1861 1080 1914 καὶ
1129 1861 1238 1915 τῶν
1267 1862 1442 1916 ἄλλων
1471 1864 1844 1935 προτεταγμέ-

1953 1877 2090 1932 tare,
2119 1875 2176 1921 et
2208 1874 2386 1922 castra
2418 1881 2514 1921 sua
2548 1867 2748 1923 ducere
2780 1869 3050 1924 convenit.
3087 1869 3404 1925 Subindicat
3438 1885 3537 1939 per

276 1968 380 2015 νοις
405 1953 465 2004 τὸ
491 1951 783 2022 διεγείρειν
811 1951 871 2004 τὸ
896 1951 1160 2021 μάχιμον,
1212 1953 1306 2005 καὶ
1352 1952 1556 2007 οἰκείαν
1598 1953 1848 2024 ἡγεῖσθαι

275 2041 366 2110 τὴν
392 2041 770 2112 παρεμϐολήν.
817 2041 1183 2113 ’Υπεμφαίνει
1205 2042 1262 2095 δὲ
1288 2041 1378 2094 διὰ
1397 2043 1621 2109 τούτων,
1655 2045 1736 2098 ὄτι
1771 2045 1848 2117 μὴ

273 2131 574 2201 αὐτόματον
608 2130 722 2201 ἔχει
755 2129 854 2202 τὴν
883 2129 1071 2199 ἔφοδον
1118 2130 1190 2184 τὰ
1236 2131 1405 2195 δεινὰ,
1463 2132 1599 2203 μήτε
1643 2135 1750 2204 μὴν
1782 2137 1850 2188 ὲκ

272 2221 362 2275 τοῦ
393 2223 800 2294 παρατυχόντος
831 2221 1180 2292 συμϐέϐηκεν
1210 2221 1422 2286 ἁπλῶς,
1459 2223 1574 2276 ἀλλ’
1593 2225 1676 2278 ὅτι
1712 2226 1849 2296 μᾶλ-

269 2314 357 2368 λον
386 2316 536 2385 παρὰ
563 2314 700 2368 Θεοῦ
735 2314 1116 2386 ὲπενήνεκται,
1163 2310 1538 2388 λελυπημένου
1564 2317 1810 2388 δηλονότι
1830 2357 1847 2384 ,

268 2403 364 2457 καὶ
391 2405 552 2468 ὁσίως
584 2405 687 2476 ἤδη
717 2402 1059 2468 κολάζοντος.
1085 2406 1400 2460 Καταπτοεί
1428 2405 1484 2458 δὲ
1515 2407 1714 2477 μᾶλλον
1744 2409 1845 2461 αὐο

265 2499 413 2565 τοὺς,
455 2499 716 2570 πλείστην
744 2517 804 2552 τε
828 2500 961 2571 ὅσην
992 2496 1129 2554 εἶναι
1149 2501 1324 2570 λέγων
1345 2503 1444 2573 τὴν
1469 2505 1845 2576 παρεμϐολὴν,

265 2589 362 2642 καὶ
389 2589 474 2642 ὅτι
525 2590 722 2660 ισχυρὰ
767 2589 908 2660 ἔργα
935 2589 1109 2658 λόγων
1165 2591 1356 2646 αὑτοῦ.
1403 2592 1706 2664 Ἀμήχανον
1738 2595 1848 2666 γὰρ

270 2675 352 2746 μὴ
399 2675 617 2739 πάντως
666 2678 746 2739 είς
795 2677 970 2748 πέρας
1022 2678 1234 2744 aestv,
1288 2679 1428 2750 ὅπερ
1478 2681 1544 2734 ἂν
1593 2683 1848 2750 γενέσθαι

269 2766 585 2837 προστάττῃ
609 2767 760 2830 Θεός.
789 2767 903 2820 Καὶ
934 2767 1066 2835 γοῦν
1099 2767 1202 2838 ἔφη
1234 2769 1372 2840 πρός
1394 2787 1517 2824 τινα
1550 2771 1657 2826 τῶν
1678 2774 1848 2844 ἁγίων

271 2857 594 2928 προφητῶν,
639 2857 908 2929 Ἱερεμίας
932 2852 1085 2922 οὗτος
1133 2854 1222 2930 ἦν’
1273 2877 1292 2911 t
1329 2861 1442 2932 Οὐχ
1483 2862 1534 2915 οί
1568 2861 1716 2933 λόγοι
1745 2883 1846 2935 μου

266 2945 461 3016 ὥσπερ
515 2947 626 3018 πῦρ
679 2947 900 3016 φλέγον,
945 2947 1093 3016 λέγει
1145 2947 1374 3020 Κύριος,
1426 2951 1522 3004 καὶ
1577 2951 1653 3015 ὡς
1678 2952 1848 3020 πέλυξ

261 3035 490 3090 κόπτων
519 3037 766 3106 πέτραν;
805 3055 826 3088 ι
862 3039 1158 3092 Διῖκνεῖται
1187 3040 1295 3109 γὰρ
1331 3039 1520 3113 ὥσπερ
1555 3042 1847 3107 διαπαντὸς

1951 1959 2096 2024 hate,
2125 1973 2234 2013 non
2265 1973 2361 2027 per
2385 1972 2444 2014 se
2473 1959 2732 2014 advenire
2761 1959 2930 2025 mala,
2964 1975 3064 2015 nec
3091 1963 3296 2016 temere
3326 1977 3390 2017 ac
3421 1961 3534 2017 for-

1951 2049 2087 2104 tuito
2123 2049 2396 2113 accidere;
2437 2048 2531 2104 sed
2569 2063 2600 2103 a
2639 2047 2751 2104 Deo
2787 2049 3126 2114 potissimum
3167 2051 3367 2123 inﬂigi,
3407 2054 3536 2110 Iazso

1947 2139 2220 2205 videlicet,
2243 2146 2298 2196 et
2314 2139 2460 2209 juste
2483 2153 2671 2210 ptenas
2695 2149 3033 2209 reposcente.
3055 2141 3331 2198 Perterret
3352 2155 3534 2200 autem

1947 2243 2042 2286 eos
2069 2229 2269 2299 magis,
2303 2229 2466 2284 nimis
2496 2231 2660 2284 multa
2689 2240 2870 2285 castra
2897 2245 3017 2286 esse
3044 2231 3260 2300 dicens,
3290 2244 3344 2288 et
3375 2233 3534 2290 fortia

1947 2334 2114 2390 opera
2147 2335 2458 2375 sermonum
2491 2319 2629 2390 ejus.
2663 2321 2807 2375 Fieri
2842 2321 3111 2390 siquidem
3169 2322 3312 2377 haud
3359 2334 3538 2394 potest

1949 2423 2010 2466 ut
2047 2427 2151 2466 non
2187 2412 2402 2482 penitus
2437 2411 2599 2465 linem
2630 2421 3005 2481 consequatur
3056 2414 3199 2482 quod
3236 2413 3380 2470 Deus
3417 2417 3535 2472 lleri

1949 2505 2304 2560 mandaverit.
2331 2506 2517 2576 Itaque
2543 2505 2760 2575 quidam
2789 2516 3098 2562 sanctorum
3125 2507 3530 2577 prophetarum,

1946 2593 2246 2664 Jeremias,
2285 2597 2538 2668 inquam,
2571 2598 2648 2652 ait
2685 2616 2699 2652 :
2731 2619 2750 2649 ι
2783 2597 3034 2668 Nunquid
3073 2613 3178 2654 non
3214 2598 3378 2653 verba
3414 2611 3535 2653 mea

1948 2689 2101 2756 quasi
2144 2688 2282 2758 ignis
2322 2690 2550 2756 ardens,
2587 2691 2720 2746 dicit
2761 2689 3048 2756 Dominus,
3087 2692 3255 2764 218
3288 2701 3343 2747 et
3377 2694 3534 2762 quasi

1948 2780 2174 2836 malleus
2207 2790 2494 2838 conterens
2527 2791 2733 2853 petram
2752 2781 2843 2836 ἰτ
2878 2801 2896 2834 ι
2932 2781 3188 2838 Pervadit
3220 2785 3365 2840 enim
3401 2800 3536 2855 quo-

1947 2870 2234 2926 dummodo
2261 2872 2441 2926 omnia
2471 2873 2562 2927 Dei
2589 2875 2835 2938 verbum,
2864 2882 2919 2928 et
2947 2888 3069 2943 qum
3099 2874 3318 2931 locutus
3347 2875 3532 2940 fuerit,

1948 2961 2080 3016 nihil
2116 2962 2224 3017 illis
2263 2963 2488 3030 resistit,
2529 2962 2638 3018 imo
2679 2964 2823 3019 cedit
2862 2965 3064 3034 patius,
3104 2973 3159 3021 et
3197 2967 3328 3021 dura
3368 2976 3538 3038 atque

1947 3067 2137 3123 aspera
2168 3053 2315 3110 nullo
2346 3055 2561 3122 negotio
2588 3054 2905 3126 confringit,
2933 3066 2988 3112 et
3018 3055 3316 3114 Dominicae
3342 3057 3535 3116 volun-

256 3128 288 3180 ό
307 3125 404 3179 τοῦ
437 3125 572 3180 Θεοῦ
602 3127 778 3196 λόγος,
833 3127 926 3181 καὶ
959 3121 1041 3193 οἷς
1074 3129 1141 3184 ἂν
1167 3129 1454 3198 φθέγξαιτο
1484 3133 1546 3187 τὺ
1588 3133 1844 3190 ἀντιπα-

1953 3121 2047 3198 tati
2082 3144 2243 3198 etiam
2281 3121 2519 3200 uolentia
2554 3121 2945 3216 obsequuntur.
2988 3165 3009 3200 ι
3051 3147 3242 3219 Magna
3280 3149 3446 3221 igitur
3474 3159 3535 3208 et

257 3217 387 3272 τοῦν
420 3219 598 3283 οὐδὲν,
627 3218 766 3272 εἴκει
794 3219 851 3272 δὲ
886 3220 1110 3290 μᾶλλον,
1143 3221 1328 3278 καὶτὰ
1365 3225 1595 3298 σκληρὰ,
1622 3227 1719 3282 καὶ
1753 3229 1851 3283 ἀν-

1954 3233 2178 3289 illustris
2209 3236 2345 3302 dies,
2383 3256 2404 3288 ι
2441 3237 2636 3307 inquit,
2670 3249 2890 3309 propter
2917 3238 3117 3294 famam
3149 3253 3436 3312 vagantem
3466 3243 3534 3299 de

254 3311 462 3365 τίτυπα
513 3312 920 3386 καταθραύεται
961 3313 1219 3381 εὐκόλως,
1256 3316 1350 3369 καὶ
1375 3319 1487 3380 τοῖς
1516 3319 1844 3386 δεσποτικῶς

1954 3325 2110 3382 malis
2135 3327 2188 3382 iu
2215 3342 2404 3384 omnes
2430 3329 2676 3384 homines
2702 3329 3041 3386 invehendis.

255 3405 534 3504 θελήμασι
559 3408 774 3504 καὶ-οὐχ
797 3409 992 3504 ἑκόντα
1017 3417 1358 3484 παραχωρεῖ.
1404 3435 1422 3467 ι
1452 3418 1678 3490 Μεγάλη
1718 3419 1782 3490 δὴ
1813 3419 1906 3476 οὖν
1946 3424 2038 3479 καὶ
2077 3427 2347 3499 ἐπιφανὴς
2383 3429 2416 3500 ἡ
2451 3429 2655 3501 ἡμέρα,
2685 3449 2704 3482 ι
2738 3429 2895 3502 φησὶ,
2929 3432 3018 3486 διὰ
3047 3433 3146 3504 τὴν
3170 3434 3251 3499 είς
3285 3434 3534 3501 ἅπαντας

249 3498 584 3568 ἀνθρώπους
616 3501 723 3554 τῶν
750 3503 1212 3576 ὲπαχθησομένων
1238 3507 1429 3563 δεινῶν
1459 3510 1848 3585 διατρέχουσαν
1883 3521 2088 3593 φήμην.

314 3597 429 3650 Καὶ
470 3597 564 3660 τίς
589 3596 761 3651 ἔσται
803 3601 1010 3666 ίκανὸς
1045 3602 1200 3672 αὐτῇ
1218 3619 1238 3666 ,'

319 3687 486 3756 Κατ.
520 3688 830 3757 Τουτέστιν,
871 3691 1048 3756 οὐδεὶς
1078 3692 1145 3747 ἂν
1193 3696 1406 3764 γένοιτο
1438 3699 1548 3754 τῶν
1597 3700 1692 3755 ἐπὶ
1740 3703 1848 3774 γῆς

245 3780 554 3849 ἀτεράμων
589 3778 762 3844 οὕτως
808 3782 902 3835 καὶ
931 3783 1209 3856 εὑσθενὴς,
1232 3787 1308 3851 ὡς
1335 3789 1652 3860 ἀντεξάγειν
1681 3793 1846 3849 δύνα-

248 3871 373 3924 σθαι
401 3871 537 3933 ταῖς
566 3870 734 3935 θείαις
762 3872 972 3944 ὀργαῖς.
1011 3876 1123 3930 Καὶ
1176 3878 1340 3947 σοφὸς
1368 3875 1436 3950 ἦν
1467 3882 1607 3947 ἄγαν
1632 3885 1660 3935 ό
1683 3883 1848 3937 Δαϐὶδ

246 3962 388 4032 πρὸς
442 3961 580 4013 Θεὸν
619 3961 1036 4034 ἀνακεκραγώςο
1078 3986 1096 4017 ι
1122 3968 1193 4021 Σὺ
1219 3968 1448 4039 φοϐερὸς
1499 3961 1569 4037 εἷ,
1625 3974 1720 4027 καὶ
1764 3974 1849 4038 τίς

242 4052 644 4122 ἀντιστήσεται
668 4070 750 4106 σοι
771 4055 879 4107 ἀπὸ
899 4057 998 4126 τῆς
1030 4056 1200 4128 ὀργῆς
1231 4076 1359 4126 σου;
1398 4079 1418 4113 ι

318 4142 444 4196 Καὶ
482 4140 600 4194 νῦν
623 4142 785 4211 λέγει
811 4145 1025 4212 Κύριος
1073 4150 1104 4200 ό
1133 4149 1274 4214 Θεὸς
1300 4149 1490 4220 ήμῶνο
1531 4151 1846 4224 Ἐπιστρά-

241 4249 411 4302 senta
453 4230 606 4299 πρὸς
653 4234 733 4302 μὲ
779 4234 851 4298 ἐξ
907 4234 1055 4302 ὅλης
1099 4237 1209 4305 τῆς
1254 4241 1500 4310 καρδίας
1544 4245 1746 4314 ὑμῶν,
1775 4248 1847 4303 ἐν

240 4322 541 4392 νηστεία,
591 4324 688 4378 καὶ
723 4324 1046 4394 κλαυθμῷ,
1095 4329 1193 4382 καὶ
1231 4332 1482 4398 κοπετῷ,
1537 4337 1635 4390 καὶ
1678 4338 1843 4409 διαρ-

237 4414 488 4482 ῥήξατε
533 4415 639 4480 τὰς
689 4416 944 4484 καρδίας
1001 4418 1188 4488 ὑμῶν,
1241 4422 1338 4476 καὶ
1385 4424 1470 4494 μὴ
1531 4426 1603 4480 τὰ
1646 4428 1843 4498 ιμάτιιι

2024 3617 2093 3671 Et
2122 3621 2236 3690 quis
2267 3623 2365 3675 erit
2397 3623 2653 3692 sufﬁciens
2681 3625 2770 3676 ei?

2022 3709 2210 3766 XXVI.
2249 3711 2360 3768 lIoc
2384 3723 2492 3778 est,
2519 3727 2678 3768 nemo
2707 3715 3017 3770 mortalium
3045 3716 3180 3770 adeo
3211 3714 3534 3786 prtefractus

1950 3811 2004 3855 et
2034 3804 2286 3857 robustus
2311 3803 2495 3869 fuerit,
2522 3811 2582 3858 ut
2609 3816 2669 3859 se
2692 3804 2884 3858 divina:
2911 3805 3008 3859 ira:
3035 3806 3207 3875 possit
3232 3821 3528 3878 opponere.

1953 3889 2237 3958 Sapienter
2260 3891 2424 3946 Deum
2453 3895 2738 3964 compellat
2762 3889 2926 3950 David
2953 3911 2968 3949 :
3001 3911 3020 3946 ι
3050 3894 3131 3950 Tu
3162 3896 3422 3954 terribilis
3446 3911 3529 3962 es,
3570 3949 3573 3951 _

1951 3992 2005 4038 et
2032 3982 2155 4052 quis
2186 3983 2404 4040 resistet
2434 3985 2529 4042 tibi
2562 3987 2630 4043 ab
2661 3986 2741 4041 ira
2771 3996 2864 4042 tua
2887 3987 2972 4042 "?
3006 4007 3025 4040 ι

2022 4159 2186 4216 Vnus.
2218 4159 2401 4216 12-14.
2435 4161 2500 4217 Et
2533 4173 2670 4217 nunc
2697 4163 2822 4217 dicit
2856 4163 3105 4218 Dominus
3139 4164 3276 4219 Deus
3305 4176 3482 4220 noster
3505 4180 3528 4220 .'

1949 4250 2321 4307 Convertimini
2352 4255 2422 4307 ad
2452 4269 2534 4308 me
2563 4269 2628 4310 ea:
2660 4264 2768 4310 toto
2805 4256 2962 4310 corde
2993 4267 3182 4322 vestro,
3215 4257 3267 4310 iu
3293 4257 3521 4327 jejunio,

1947 4352 1997 4399 et
2025 4345 2176 4413 ﬂetu,
2203 4354 2250 4400 et
2279 4344 2518 4414 planctu,
2544 4353 2593 4401 et
2624 4345 2905 4414 dirumpite
2933 4348 3094 4402 corda
3125 4359 3312 4412 vestra,
3340 4359 3390 4402 et
3422 4365 3528 4403 non

1947 4434 2248 4488 vestimenta
2273 4444 2462 4491 vestra.
2487 4436 2554 4490 Et
2576 4438 2938 4492 convertimini
2959 4439 3029 4492 ad
3051 4437 3332 4492 Dominum
3359 4439 3526 4494 Deum

242 4503 444 4574 ὑμῶν.
497 4505 608 4558 Καὶ
640 4506 1043 4577 ἐπιστράφητε
1085 4508 1236 4578 πρός
1277 4493 1495 4583 Κύριον·
1546 4493 1844 4575 τὸν-Θεὸν

1946 4535 2200 4590 vestrum,
2235 4529 2356 4596 quia
2391 4529 2682 4584 misericors
2712 4537 2762 4585 et
2797 4532 3074 4585 miserator
3102 4541 3206 4597 est,
3241 4537 3446 4602 patiens
3477 4544 3526 4586 et

242 4596 444 4665 ὑμῶν,
471 4594 561 4649 ὅτι
589 4596 864 4667 ἐλεήμων
887 4600 988 4653 καί
1035 4604 1352 4674 οίκτίρμων
1375 4607 1524 4675 ἐστὶ,
1541 4612 1848 4681 μακροθυ-

239 4705 364 4756 μος
387 4727 402 4751 ,
467 4687 568 4740 καί
624 4689 956 4757 πολυέλεος
980 4731 995 4756 ,
1058 4695 1158 4747 καὶ
1205 4697 1514 4765 μετανοῶν
1567 4701 1665 4756 ἐπὶ
1715 4703 1846 4770 ταῖς

241 4779 514 4843 κακίαις.
560 4780 656 4845 Τίς
706 4777 868 4835 οἷδεν
919 4785 972 4837 εί
1010 4784 1393 4855 ἐπιστρέψει,
1449 4790 1547 4843 καί
1589 4810 1843 4860 μετανο-

240 4869 416 4936 ήσει,
468 4869 566 4920 καί
616 4872 998 4942 numquam;
1045 4877 1239 4931 ὀπίσω
1279 4880 1466 4934 αὐτοῦ
1516 4885 1839 4954 εὐλογίαν,

241 4961 355 5012 καί
389 4958 632 5023 θυσίαν,
669 4961 768 5013 καὶ
791 4965 1073 5033 σπονδὴν
1100 4969 1296 5036 Κυρίῳ
1327 4968 1407 5036 τῷ
1439 4973 1560 5038 Θεῷ
1596 4975 1800 5044 ὑμῶν-ς

325 5053 464 5104 KZ'.
496 5049 776 5105 Ἐντεῦθεν
836 5055 900 5108 ἂν
935 5057 1147 5126 μάθοις,
1183 5061 1278 5114 καὶ
1319 5063 1466 5132 μάλα
1519 5066 1727 5134 σαφῶς,
1759 5065 1837 5131 ὡς

243 5145 354 5214 οὐχ
379 5142 564 5212 ἐτέρου
594 5143 753 5213 χάριν
779 5144 924 5209 τινὸς
945 5148 1077 5218 ὑψοῦ
1099 5152 1196 5220 μὲν
1222 5154 1288 5206 τὰ
1311 5154 1619 5226 διηγημένα
1642 5158 1830 5213 ἐτίθει.

243 5235 509 5305 Σκληρὰν
568 5235 626 5288 δὲ
686 5236 868 5300 αὐτοῖς
894 5273 908 5301 ,
980 5243 1075 5295 καὶ
1130 5245 1578 5318 δυσδιακόμιστον
1633 5255 1829 5324 κομιδῇ

244 5326 632 5399 προανεφὼνει
661 5329 758 5399 τὴν
781 5333 1085 5402 συμφορὰν,
1117 5336 1150 5406 ἢ
1187 5337 1327 5391 ὥστε
1353 5339 1541 5392 λοιπὸν
1567 5347 1836 5414 μεταστῆ-

244 5435 350 5470 σαι
382 5419 607 5482 τούτους
632 5421 712 5483 είς
747 5421 1109 5490 μετάγνωσιν.
1150 5428 1576 5498 Ἀπογινὼσκειν
1605 5432 1712 5502 γὰρ
1738 5435 1835 5488 οὐκ

243 5510 783 5578 ἐᾷ.Διαϐεϐαιοῦται
835 5513 914 5582 δὲ,
970 5517 1064 5569 καὶ
1112 5519 1260 5588 μάλα
1295 5520 1504 5590 σαφῶς,
1560 5523 1635 5586 ὡς
1679 5526 1835 5598 εἴπερ

241 5599 458 5653 ἕλοιντο
489 5605 709 5672 φρονεῖν
741 5605 807 5658 τὰ
833 5605 1047 5676 βελτίω,
1091 5611 1187 5664 καὶ
1228 5611 1327 5674 τὰς
1387 5613 1523 5677 ιδίας
1558 5614 1707 5680 ὁδοὺς
1734 5618 1835 5672 κᾶν

321 5777 366 5810 θ’
406 5776 518 5832 Jer.
563 5792 720 5842 xxm,
755 5781 844 5836 29.
917 5785 962 5816 θ’
1005 5783 1148 5838 Psal.
1180 5788 1411 5853 Lxxv,8.

451 5872 728 5935 PA'I'ROL.
787 5877 899 5940 (in.
953 5880 1052 5939 LX
1068 5881 1169 5941 XI.

1942 4615 2123 4670 multa:
2155 4619 2533 4675 misericordia:
2551 4660 2566 4686 ,
2598 4630 2648 4676 et
2673 4624 2924 4692 pcenitens
2954 4639 3113 4692 super
3136 4623 3373 4680 malitiis.
3393 4623 3525 4689 Quis

1940 4705 2059 4772 scit,
2095 4707 2141 4760 si
2177 4719 2477 4775 revertetur,
2512 4719 2564 4764 et
2602 4711 2869 4780 paenitebit
2901 4727 3043 4777 eum,
3077 4721 3123 4765 et
3147 4711 3370 4764 dimittet
3408 4719 3523 4776 post

1940 4813 1994 4850 se
2025 4798 2451 4868 benedictionem,
2481 4811 2530 4856 et
2561 4803 2899 4871 sacriﬁcium,
2946 4812 2994 4858 et
3037 4802 3264 4857 libamen
3297 4801 3525 4856 Domino

1941 4890 2049 4945 Deo
2077 4896 2280 4949 vestro?

2012 5068 2224 5127 XXVII.
2256 5073 2415 5138 Hinc,
2439 5082 2494 5129 et
2514 5073 2727 5143 quidem
2753 5075 3039 5129 admodum
3062 5073 3208 5129 clare
3232 5071 3521 5143 intelliges,

1941 5180 2059 5233 qua:
2086 5179 2244 5231 supra
2277 5175 2492 5218 narrata
2521 5175 2676 5232 sunt,
2710 5180 2815 5219 non
2848 5165 2917 5219 ob
2950 5164 3095 5218 aliud
3129 5164 3293 5218 fuisse
3324 5167 3517 5235 posita.

1940 5255 2175 5320 Duram,
2219 5265 2274 5309 et
2324 5270 2444 5325 quae
2487 5257 2575 5309 vix
2624 5256 2949 5325 perferatur,
2998 5255 3364 5311 calamitatem
3415 5257 3522 5312 illis

1937 5345 2338 5415 praauuutiavit,
2375 5355 2432 5400 ut
2467 5362 2562 5401 eos
2601 5347 2808 5400 scilicet
2847 5346 3103 5415 deinceps
3143 5347 3210 5402 ad
3251 5347 3521 5416 poeniten-

1938 5435 2065 5491 tiam
2093 5436 2403 5490 adduceret.
2431 5436 2726 5505 Desperare
2749 5437 2892 5488 enim
2920 5450 3027 5490 non
3052 5435 3199 5492 sinit.
3222 5437 3522 5492 Conlirmat

1937 5538 2138 5594 autem,
2163 5528 2324 5598 idque
2347 5528 2673 5598 planissimis
2695 5528 2894 5594 verbis,
2918 5529 2964 5583 si
2990 5529 3310 5599 resipiscere
3330 5531 3518 5590 velint,

1936 5628 1990 5675 et
2026 5621 2233 5675 animas
2264 5633 2390 5675 suas
2425 5619 2816 5687 posterioribus
2851 5620 3037 5677 saltem
3075 5624 3318 5680 consiliis
3349 5619 3522 5676 corri-

3125 5900 3183 5957 12

3152 5941 3184 5955 ά
