  <div class='ocr_page' id='page_1' title='image "/cluster/home/n/w/nwhite01/storage/ocr_20150623/71/mdp.39015078384461/187.png"; bbox 0 0 4034 6270; ppageno 0'>
   <div class='ocr_carea' id='block_1_1' title="bbox 456 337 562 392">
    <p class='ocr_par' dir='ltr' id='par_1_1' title="bbox 456 337 562 392">
     <span class='ocr_line' id='line_1_1' title="bbox 456 337 562 392; baseline 0.019 -2"><span class='ocrx_word' id='word_1_1' title='bbox 456 337 562 392; x_wconf 73' lang='grc'><strong>363</strong></span> 
     </span>
    </p>
   </div>
   <div class='ocr_carea' id='block_1_2' title="bbox 1446 337 2679 396">
    <p class='ocr_par' dir='ltr' id='par_1_2' title="bbox 1446 337 2679 396">
     <span class='ocr_line' id='line_1_2' title="bbox 1446 337 2679 396; baseline 0 -2"><span class='ocrx_word' id='word_1_2' title='bbox 1446 340 1502 396; x_wconf 90' lang='lat' dir='ltr'><strong>S.</strong></span> <span class='ocrx_word' id='word_1_3' title='bbox 1543 339 1820 396; x_wconf 80' lang='lat' dir='ltr'><strong>CYRILLI</strong></span> <span class='ocrx_word' id='word_1_4' title='bbox 1859 338 2324 396; x_wconf 78' lang='lat' dir='ltr'><strong>ALEXANDRINI</strong></span> <span class='ocrx_word' id='word_1_5' title='bbox 2365 337 2679 395; x_wconf 81' lang='lat' dir='ltr'><strong>ARCHIEP.</strong></span> 
     </span>
    </p>
   </div>
   <div class='ocr_carea' id='block_1_3' title="bbox 3609 340 3718 398">
    <p class='ocr_par' dir='ltr' id='par_1_3' title="bbox 3609 340 3718 398">
     <span class='ocr_line' id='line_1_3' title="bbox 3609 340 3718 398; baseline -0.037 0"><span class='ocrx_word' id='word_1_6' title='bbox 3609 340 3718 398; x_wconf 61' lang='grc' dir='ltr'>ὅθί</span> 
     </span>
    </p>
   </div>
   <div class='ocr_carea' id='block_1_4' title="bbox 457 453 2030 528">
    <p class='ocr_par' dir='ltr' id='par_1_4' title="bbox 457 454 2030 524">
     <span class='ocr_line' id='line_1_4' title="bbox 457 454 2030 524; baseline 0.004 -20"><span class='ocrx_word' id='word_1_7' title='bbox 457 467 618 522; x_wconf 80' lang='lat' dir='ltr'><strong>gere,</strong></span> <span class='ocrx_word' id='word_1_8' title='bbox 660 461 716 507; x_wconf 90' lang='lat' dir='ltr'><strong>ut</strong></span> <span class='ocrx_word' id='word_1_9' title='bbox 759 455 867 509; x_wconf 90' lang='lat' dir='ltr'><strong>Deo</strong></span> <span class='ocrx_word' id='word_1_10' title='bbox 907 454 1182 524; x_wconf 98' lang='lat' dir='ltr'><strong>placeant,</strong></span> <span class='ocrx_word' id='word_1_11' title='bbox 1221 463 1273 510; x_wconf 91' lang='lat' dir='ltr'><strong>et</strong></span> <span class='ocrx_word' id='word_1_12' title='bbox 1315 470 1536 523; x_wconf 80' lang='lat' dir='ltr'><strong>prorsus</strong></span> <span class='ocrx_word' id='word_1_13' title='bbox 1580 457 1817 510; x_wconf 87' lang='lat' dir='ltr'><strong>desitura</strong></span> <span class='ocrx_word' id='word_1_14' title='bbox 1860 473 1889 510; x_wconf 90' lang='lat' dir='ltr'><strong>a</strong></span> <span class='ocrx_word' id='word_1_15' title='bbox 1935 457 2030 511; x_wconf 81' lang='lat' dir='ltr'><strong>Dec</strong></span> 
     </span>
    </p>
   </div>
   <div class='ocr_carea' id='block_1_5' title="bbox 2136 453 3716 528">
    <p class='ocr_par' dir='ltr' id='par_1_5' title="bbox 2144 453 3716 528">
     <span class='ocr_line' id='line_1_5' title="bbox 2144 453 3716 528; baseline -0.001 -19"><span class='ocrx_word' id='word_1_16' title='bbox 2144 457 2273 526; x_wconf 86' lang='grc' dir='ltr'>γοῦν</span> <span class='ocrx_word' id='word_1_17' title='bbox 2297 459 2406 519; x_wconf 77' lang='grc' dir='ltr'>τοῖς</span> <span class='ocrx_word' id='word_1_18' title='bbox 2433 456 2702 526; x_wconf 83' lang='grc' dir='ltr'>δευτέροις</span> <span class='ocrx_word' id='word_1_19' title='bbox 2733 453 3065 526; x_wconf 81' lang='grc' dir='ltr'><strong>ἐπανορθοῦν</strong></span> <span class='ocrx_word' id='word_1_20' title='bbox 3094 455 3171 518; x_wconf 88' lang='grc' dir='ltr'><strong>είς</strong></span> <span class='ocrx_word' id='word_1_21' title='bbox 3189 455 3251 507; x_wconf 77' lang='grc' dir='ltr'><strong>τὸ</strong></span> <span class='ocrx_word' id='word_1_22' title='bbox 3284 455 3538 528; x_wconf 76' lang='grc' dir='ltr'>ἀρέσκειν</span> <span class='ocrx_word' id='word_1_23' title='bbox 3557 455 3680 526; x_wconf 85' lang='grc' dir='ltr'><strong>Θεῷ</strong></span> <span class='ocrx_word' id='word_1_24' title='bbox 3700 498 3716 520; x_wconf 89' lang='grc'><strong>,</strong></span> 
     </span>
    </p>
   </div>
   <div class='ocr_carea' id='block_1_6' title="bbox 458 546 2032 617">
    <p class='ocr_par' dir='ltr' id='par_1_6' title="bbox 458 546 2032 617">
     <span class='ocr_line' id='line_1_6' title="bbox 458 546 2032 617; baseline 0.003 -19"><span class='ocrx_word' id='word_1_25' title='bbox 458 547 780 599; x_wconf 81' lang='lat' dir='ltr'><strong>exacerbata</strong></span> <span class='ocrx_word' id='word_1_26' title='bbox 800 546 1082 614; x_wconf 87' lang='lat' dir='ltr'><strong>supplicia,</strong></span> <span class='ocrx_word' id='word_1_27' title='bbox 1107 554 1160 600; x_wconf 90' lang='lat' dir='ltr'><strong>et</strong></span> <span class='ocrx_word' id='word_1_28' title='bbox 1179 546 1357 600; x_wconf 85' lang='lat' dir='ltr'><strong>omnia</strong></span> <span class='ocrx_word' id='word_1_29' title='bbox 1385 562 1505 601; x_wconf 81' lang='lat' dir='ltr'><strong>mox</strong></span> <span class='ocrx_word' id='word_1_30' title='bbox 1536 549 1586 600; x_wconf 93' lang='lat' dir='ltr'><strong>in</strong></span> <span class='ocrx_word' id='word_1_31' title='bbox 1614 562 1860 617; x_wconf 78' lang='lat' dir='ltr'><strong>magnam</strong></span> <span class='ocrx_word' id='word_1_32' title='bbox 1888 560 2032 602; x_wconf 85' lang='lat' dir='ltr'><strong>tran-</strong></span> 
     </span>
    </p>
   </div>
   <div class='ocr_carea' id='block_1_7' title="bbox 458 636 2032 708">
    <p class='ocr_par' dir='ltr' id='par_1_7' title="bbox 458 636 2032 708">
     <span class='ocr_line' id='line_1_7' title="bbox 458 636 2032 708; baseline 0.004 -21"><span class='ocrx_word' id='word_1_33' title='bbox 458 636 776 705; x_wconf 89' lang='lat' dir='ltr'><strong>quillitatem</strong></span> <span class='ocrx_word' id='word_1_34' title='bbox 823 650 885 689; x_wconf 86' lang='lat' dir='ltr'><strong>ac</strong></span> <span class='ocrx_word' id='word_1_35' title='bbox 929 637 1275 690; x_wconf 78' lang='lat' dir='ltr'><strong>securitatem</strong></span> <span class='ocrx_word' id='word_1_36' title='bbox 1325 647 1718 692; x_wconf 87' lang='lat' dir='ltr'><strong>commutatum</strong></span> <span class='ocrx_word' id='word_1_37' title='bbox 1769 640 1868 704; x_wconf 89' lang='lat' dir='ltr'><strong>iri;</strong></span> <span class='ocrx_word' id='word_1_38' title='bbox 1914 641 2032 708; x_wconf 87' lang='lat' dir='ltr'><strong>quis</strong></span> 
     </span>
    </p>
   </div>
   <div class='ocr_carea' id='block_1_8' title="bbox 458 726 2033 798">
    <p class='ocr_par' dir='ltr' id='par_1_8' title="bbox 458 726 2033 798">
     <span class='ocr_line' id='line_1_8' title="bbox 458 726 2033 798; baseline 0.003 -20"><span class='ocrx_word' id='word_1_39' title='bbox 458 734 636 778; x_wconf 85' lang='lat' dir='ltr'><strong>autem</strong></span> <span class='ocrx_word' id='word_1_40' title='bbox 686 732 740 778; x_wconf 90' lang='lat' dir='ltr'><strong>et</strong></span> <span class='ocrx_word' id='word_1_41' title='bbox 787 726 1154 780; x_wconf 84' lang='lat' dir='ltr'><strong>conversionis</strong></span> <span class='ocrx_word' id='word_1_42' title='bbox 1207 728 1480 796; x_wconf 84' lang='lat' dir='ltr'><strong>ipsorum,</strong></span> <span class='ocrx_word' id='word_1_43' title='bbox 1534 737 1590 782; x_wconf 89' lang='lat' dir='ltr'><strong>et</strong></span> <span class='ocrx_word' id='word_1_44' title='bbox 1639 729 2033 798; x_wconf 70' lang='lat' dir='ltr'><strong>deprecationis</strong></span> 
     </span>
    </p>
   </div>
   <div class='ocr_carea' id='block_1_9' title="bbox 461 815 2033 886">
    <p class='ocr_par' dir='ltr' id='par_1_9' title="bbox 461 815 2033 886">
     <span class='ocr_line' id='line_1_9' title="bbox 461 815 2033 886; baseline 0.004 -18"><span class='ocrx_word' id='word_1_45' title='bbox 461 816 649 870; x_wconf 87' lang='lat' dir='ltr'><strong>modus</strong></span> <span class='ocrx_word' id='word_1_46' title='bbox 680 829 798 869; x_wconf 89' lang='lat' dir='ltr'><strong>esse</strong></span> <span class='ocrx_word' id='word_1_47' title='bbox 835 815 1047 884; x_wconf 86' lang='lat' dir='ltr'><strong>debeat,</strong></span> <span class='ocrx_word' id='word_1_48' title='bbox 1090 817 1290 886; x_wconf 88' lang='lat' dir='ltr'><strong>liquido</strong></span> <span class='ocrx_word' id='word_1_49' title='bbox 1328 821 1507 874; x_wconf 90' lang='lat' dir='ltr'><strong>subdit</strong></span> <span class='ocrx_word' id='word_1_50' title='bbox 1541 819 1626 874; x_wconf 89' lang='lat' dir='ltr'><strong>his</strong></span> <span class='ocrx_word' id='word_1_51' title='bbox 1655 822 1831 874; x_wconf 80' lang='lat' dir='ltr'><strong>verbis</strong></span> <span class='ocrx_word' id='word_1_52' title='bbox 1864 838 1880 874; x_wconf 90' lang='lat'><strong>:</strong></span> <span class='ocrx_word' id='word_1_53' title='bbox 1914 840 1930 872; x_wconf 83' lang='grc' dir='ltr'><strong>ι</strong></span> <span class='ocrx_word' id='word_1_54' title='bbox 1969 822 2033 875; x_wconf 89' lang='lat' dir='ltr'><strong>Et</strong></span> 
     </span>
    </p>
   </div>
   <div class='ocr_carea' id='block_1_10' title="bbox 461 907 2033 966">
    <p class='ocr_par' dir='ltr' id='par_1_10' title="bbox 461 907 2033 966">
     <span class='ocr_line' id='line_1_10' title="bbox 461 907 2033 966; baseline 0.003 -4"><span class='ocrx_word' id='word_1_55' title='bbox 461 923 602 962; x_wconf 90' lang='lat' dir='ltr'><strong>nunc</strong></span> <span class='ocrx_word' id='word_1_56' title='bbox 635 907 766 962; x_wconf 88' lang='lat' dir='ltr'><strong>dicit</strong></span> <span class='ocrx_word' id='word_1_57' title='bbox 806 908 1065 963; x_wconf 87' lang='lat' dir='ltr'><strong>Dominus</strong></span> <span class='ocrx_word' id='word_1_58' title='bbox 1103 909 1241 964; x_wconf 89' lang='lat' dir='ltr'><strong>Deus</strong></span> <span class='ocrx_word' id='word_1_59' title='bbox 1277 920 1460 964; x_wconf 81' lang='lat' dir='ltr'><strong>noster</strong></span> <span class='ocrx_word' id='word_1_60' title='bbox 1492 928 1504 965; x_wconf 91' lang='lat'>:</span> <span class='ocrx_word' id='word_1_61' title='bbox 1541 911 1930 966; x_wconf 85' lang='lat' dir='ltr'><strong>Convertitnini</strong></span> <span class='ocrx_word' id='word_1_62' title='bbox 1966 913 2033 966; x_wconf 88' lang='lat' dir='ltr'><strong>ad</strong></span> 
     </span>
    </p>
   </div>
   <div class='ocr_carea' id='block_1_11' title="bbox 452 999 2032 1072">
    <p class='ocr_par' dir='ltr' id='par_1_11' title="bbox 452 999 2032 1072">
     <span class='ocr_line' id='line_1_11' title="bbox 452 999 2032 1072; baseline 0.001 -17"><span class='ocrx_word' id='word_1_63' title='bbox 452 1014 545 1055; x_wconf 84' lang='lat' dir='ltr'><strong>.tne</strong></span> <span class='ocrx_word' id='word_1_64' title='bbox 575 999 626 1052; x_wconf 95' lang='lat' dir='ltr'><strong>in</strong></span> <span class='ocrx_word' id='word_1_65' title='bbox 659 1009 772 1053; x_wconf 90' lang='lat' dir='ltr'><strong>toto</strong></span> <span class='ocrx_word' id='word_1_66' title='bbox 797 1000 958 1054; x_wconf 88' lang='lat' dir='ltr'><strong>corde</strong></span> <span class='ocrx_word' id='word_1_67' title='bbox 986 1011 1181 1055; x_wconf 88' lang='lat' dir='ltr'><strong>vestro.</strong></span> <span class='ocrx_word' id='word_1_68' title='bbox 1218 1020 1235 1052; x_wconf 79' lang='grc' dir='ltr'><strong>ι</strong></span> <span class='ocrx_word' id='word_1_69' title='bbox 1265 1001 1642 1071; x_wconf 88' lang='lat' dir='ltr'><strong>Projiciantur,</strong></span> <span class='ocrx_word' id='word_1_70' title='bbox 1672 1003 1864 1072; x_wconf 87' lang='lat' dir='ltr'><strong>inquit,</strong></span> <span class='ocrx_word' id='word_1_71' title='bbox 1893 1019 2032 1072; x_wconf 76' lang='lat' dir='ltr'><strong>prae-</strong></span> 
     </span>
    </p>
   </div>
   <div class='ocr_carea' id='block_1_12' title="bbox 461 1091 2032 1157">
    <p class='ocr_par' dir='ltr' id='par_1_12' title="bbox 461 1091 2032 1157">
     <span class='ocr_line' id='line_1_12' title="bbox 461 1091 2032 1157; baseline 0 -12"><span class='ocrx_word' id='word_1_72' title='bbox 461 1093 616 1147; x_wconf 83' lang='lat' dir='ltr'><strong>terita</strong></span> <span class='ocrx_word' id='word_1_73' title='bbox 636 1133 651 1155; x_wconf 89' lang='lat'><strong>,</strong></span> <span class='ocrx_word' id='word_1_74' title='bbox 683 1102 739 1146; x_wconf 92' lang='lat' dir='ltr'><strong>et</strong></span> <span class='ocrx_word' id='word_1_75' title='bbox 766 1107 888 1157; x_wconf 84' lang='lat' dir='ltr'><strong>quae</strong></span> <span class='ocrx_word' id='word_1_76' title='bbox 918 1101 1330 1146; x_wconf 88' lang='lat' dir='ltr'><strong>antecesserunt</strong></span> <span class='ocrx_word' id='word_1_77' title='bbox 1365 1092 1417 1145; x_wconf 92' lang='lat' dir='ltr'><strong>in</strong></span> <span class='ocrx_word' id='word_1_78' title='bbox 1449 1091 1772 1146; x_wconf 89' lang='lat' dir='ltr'><strong>oblivionem</strong></span> <span class='ocrx_word' id='word_1_79' title='bbox 1807 1092 2032 1154; x_wconf 86' lang='lat' dir='ltr'><strong>abeant,</strong></span> 
     </span>
    </p>
   </div>
   <div class='ocr_carea' id='block_1_13' title="bbox 459 1182 2032 1252">
    <p class='ocr_par' dir='ltr' id='par_1_13' title="bbox 459 1182 2032 1252">
     <span class='ocr_line' id='line_1_13' title="bbox 459 1182 2032 1252; baseline -0.002 -14"><span class='ocrx_word' id='word_1_80' title='bbox 459 1185 746 1252; x_wconf 87' lang='lat' dir='ltr'><strong>vobisipsis</strong></span> <span class='ocrx_word' id='word_1_81' title='bbox 807 1182 1056 1237; x_wconf 84' lang='lat' dir='ltr'><strong>meliores</strong></span> <span class='ocrx_word' id='word_1_82' title='bbox 1093 1194 1376 1252; x_wconf 87' lang='lat' dir='ltr'><strong>apparetc;</strong></span> <span class='ocrx_word' id='word_1_83' title='bbox 1416 1182 1804 1252; x_wconf 82' lang='lat' dir='ltr'><strong>posterioribus</strong></span> <span class='ocrx_word' id='word_1_84' title='bbox 1866 1183 2032 1236; x_wconf 89' lang='lat' dir='ltr'><strong>Deum</strong></span> 
     </span>
    </p>
   </div>
   <div class='ocr_carea' id='block_1_14' title="bbox 458 1274 2031 1345">
    <p class='ocr_par' dir='ltr' id='par_1_14' title="bbox 458 1274 2031 1345">
     <span class='ocr_line' id='line_1_14' title="bbox 458 1274 2031 1345; baseline -0.001 -16"><span class='ocrx_word' id='word_1_85' title='bbox 458 1277 720 1345; x_wconf 76' lang='lat' dir='ltr'><strong>mitigate,</strong></span> <span class='ocrx_word' id='word_1_86' title='bbox 746 1274 949 1344; x_wconf 87' lang='lat' dir='ltr'><strong>jejunio</strong></span> <span class='ocrx_word' id='word_1_87' title='bbox 975 1284 1030 1328; x_wconf 90' lang='lat' dir='ltr'><strong>et</strong></span> <span class='ocrx_word' id='word_1_88' title='bbox 1058 1275 1421 1337; x_wconf 80' lang='lat' dir='ltr'><strong>aﬂliclatioue,</strong></span> <span class='ocrx_word' id='word_1_89' title='bbox 1451 1274 1658 1342; x_wconf 89' lang='lat' dir='ltr'><strong>ploratu</strong></span> <span class='ocrx_word' id='word_1_90' title='bbox 1685 1281 1738 1328; x_wconf 88' lang='lat' dir='ltr'><strong>et</strong></span> <span class='ocrx_word' id='word_1_91' title='bbox 1765 1275 2031 1328; x_wconf 85' lang='lat' dir='ltr'><strong>lamentis.</strong></span> 
     </span>
    </p>
   </div>
   <div class='ocr_carea' id='block_1_15' title="bbox 458 1363 2037 1433">
    <p class='ocr_par' dir='ltr' id='par_1_15' title="bbox 458 1363 2037 1433">
     <span class='ocr_line' id='line_1_15' title="bbox 458 1363 2037 1433; baseline 0 -13"><span class='ocrx_word' id='word_1_92' title='bbox 458 1366 624 1420; x_wconf 83' lang='lat' dir='ltr'><strong>Plane</strong></span> <span class='ocrx_word' id='word_1_93' title='bbox 651 1366 792 1420; x_wconf 91' lang='lat' dir='ltr'><strong>enim</strong></span> <span class='ocrx_word' id='word_1_94' title='bbox 813 1401 830 1429; x_wconf 90' lang='lat'><strong>,</strong></span> <span class='ocrx_word' id='word_1_95' title='bbox 857 1365 946 1433; x_wconf 88' lang='lat' dir='ltr'><strong>qui</strong></span> <span class='ocrx_word' id='word_1_96' title='bbox 980 1364 1053 1417; x_wconf 89' lang='lat' dir='ltr'><strong>ita</strong></span> <span class='ocrx_word' id='word_1_97' title='bbox 1086 1364 1266 1418; x_wconf 83' lang='lat' dir='ltr'><strong>facere</strong></span> <span class='ocrx_word' id='word_1_98' title='bbox 1297 1363 1662 1430; x_wconf 90' lang='lat' dir='ltr'><strong>instituerint,</strong></span> <span class='ocrx_word' id='word_1_99' title='bbox 1692 1364 1746 1417; x_wconf 94' lang='lat' dir='ltr'><strong>in</strong></span> <span class='ocrx_word' id='word_1_100' title='bbox 1780 1363 2037 1420; x_wconf 80' lang='lat' dir='ltr'><strong>felicitate</strong></span> 
     </span>
    </p>
   </div>
   <div class='ocr_carea' id='block_1_16' title="bbox 459 1452 2032 1524">
    <p class='ocr_par' dir='ltr' id='par_1_16' title="bbox 459 1452 2032 1524">
     <span class='ocr_line' id='line_1_16' title="bbox 459 1452 2032 1524; baseline -0.002 -13"><span class='ocrx_word' id='word_1_101' title='bbox 459 1456 772 1524; x_wconf 85' lang='lat' dir='ltr'><strong>deliciisque</strong></span> <span class='ocrx_word' id='word_1_102' title='bbox 799 1455 1178 1510; x_wconf 86' lang='lat' dir='ltr'><strong>versabuntur.</strong></span> <span class='ocrx_word' id='word_1_103' title='bbox 1212 1452 1364 1507; x_wconf 92' lang='lat' dir='ltr'><strong>Sicut</strong></span> <span class='ocrx_word' id='word_1_104' title='bbox 1389 1454 1532 1507; x_wconf 88' lang='lat' dir='ltr'><strong>enim</strong></span> <span class='ocrx_word' id='word_1_105' title='bbox 1565 1453 1778 1508; x_wconf 75' lang='lat' dir='ltr'><strong>fortuna</strong></span> <span class='ocrx_word' id='word_1_106' title='bbox 1811 1455 2032 1508; x_wconf 87' lang='lat' dir='ltr'><strong>nimium</strong></span> 
     </span>
    </p>
   </div>
   <div class='ocr_carea' id='block_1_17' title="bbox 456 1545 2032 1613">
    <p class='ocr_par' dir='ltr' id='par_1_17' title="bbox 456 1545 2032 1613">
     <span class='ocr_line' id='line_1_17' title="bbox 456 1545 2032 1613; baseline -0.003 -11"><span class='ocrx_word' id='word_1_107' title='bbox 456 1549 763 1611; x_wconf 88' lang='lat' dir='ltr'><strong>blandiens,</strong></span> <span class='ocrx_word' id='word_1_108' title='bbox 791 1557 847 1602; x_wconf 90' lang='lat' dir='ltr'><strong>et</strong></span> <span class='ocrx_word' id='word_1_109' title='bbox 879 1547 985 1600; x_wconf 84' lang='lat' dir='ltr'><strong>vita</strong></span> <span class='ocrx_word' id='word_1_110' title='bbox 1015 1545 1377 1613; x_wconf 85' lang='lat' dir='ltr'><strong>voluptatibus</strong></span> <span class='ocrx_word' id='word_1_111' title='bbox 1410 1546 1462 1598; x_wconf 92' lang='lat' dir='ltr'><strong>in</strong></span> <span class='ocrx_word' id='word_1_112' title='bbox 1496 1546 1738 1602; x_wconf 89' lang='lat' dir='ltr'><strong>honestis</strong></span> <span class='ocrx_word' id='word_1_113' title='bbox 1768 1546 1946 1600; x_wconf 85' lang='lat' dir='ltr'><strong>dedita</strong></span> <span class='ocrx_word' id='word_1_114' title='bbox 1981 1547 2032 1598; x_wconf 93' lang='lat' dir='ltr'><strong>iu</strong></span> 
     </span>
    </p>
   </div>
   <div class='ocr_carea' id='block_1_18' title="bbox 455 1634 2036 1706">
    <p class='ocr_par' dir='ltr' id='par_1_18' title="bbox 455 1634 2036 1706">
     <span class='ocr_line' id='line_1_18' title="bbox 455 1634 2036 1706; baseline -0.001 -14"><span class='ocrx_word' id='word_1_115' title='bbox 455 1639 687 1706; x_wconf 74' lang='lat' dir='ltr'><strong>gemitus</strong></span> <span class='ocrx_word' id='word_1_116' title='bbox 724 1645 778 1691; x_wconf 88' lang='lat' dir='ltr'><strong>ct</strong></span> <span class='ocrx_word' id='word_1_117' title='bbox 833 1636 1092 1706; x_wconf 90' lang='lat' dir='ltr'><strong>supplicia</strong></span> <span class='ocrx_word' id='word_1_118' title='bbox 1145 1635 1358 1688; x_wconf 87' lang='lat' dir='ltr'><strong>tandem</strong></span> <span class='ocrx_word' id='word_1_119' title='bbox 1399 1634 1631 1700; x_wconf 90' lang='lat' dir='ltr'><strong>desinit,</strong></span> <span class='ocrx_word' id='word_1_120' title='bbox 1673 1637 1744 1689; x_wconf 90' lang='lat' dir='ltr'><strong>ita</strong></span> <span class='ocrx_word' id='word_1_121' title='bbox 1779 1636 2036 1691; x_wconf 85' lang='lat' dir='ltr'><strong>bonitatis</strong></span> 
     </span>
    </p>
   </div>
   <div class='ocr_carea' id='block_1_19' title="bbox 457 1726 2032 1796">
    <p class='ocr_par' dir='ltr' id='par_1_19' title="bbox 457 1726 2032 1796">
     <span class='ocr_line' id='line_1_19' title="bbox 457 1726 2032 1796; baseline -0.003 -13"><span class='ocrx_word' id='word_1_122' title='bbox 457 1738 514 1783; x_wconf 94' lang='lat' dir='ltr'><strong>ct</strong></span> <span class='ocrx_word' id='word_1_123' title='bbox 559 1729 803 1782; x_wconf 89' lang='lat' dir='ltr'><strong>laborum</strong></span> <span class='ocrx_word' id='word_1_124' title='bbox 853 1726 1300 1796; x_wconf 76' lang='lat' dir='ltr'><strong>pcnuitentialium</strong></span> <span class='ocrx_word' id='word_1_125' title='bbox 1342 1726 1520 1780; x_wconf 77' lang='lat' dir='ltr'><strong>exitus</strong></span> <span class='ocrx_word' id='word_1_126' title='bbox 1563 1736 1647 1781; x_wconf 89' lang='lat' dir='ltr'><strong>est</strong></span> <span class='ocrx_word' id='word_1_127' title='bbox 1688 1726 1864 1796; x_wconf 88' lang='lat' dir='ltr'><strong>ampla</strong></span> <span class='ocrx_word' id='word_1_128' title='bbox 1916 1726 2032 1780; x_wconf 87' lang='lat' dir='ltr'><strong>feli-</strong></span> 
     </span>
    </p>
   </div>
   <div class='ocr_carea' id='block_1_20' title="bbox 2141 545 3720 617">
    <p class='ocr_par' dir='ltr' id='par_1_20' title="bbox 2141 545 3720 617">
     <span class='ocr_line' id='line_1_20' title="bbox 2141 545 3720 617; baseline -0.002 -15"><span class='ocrx_word' id='word_1_129' title='bbox 2141 549 2356 610; x_wconf 83' lang='grc' dir='ltr'>πάντως</span> <span class='ocrx_word' id='word_1_130' title='bbox 2399 547 2734 599; x_wconf 80' lang='grc' dir='ltr'><strong>πεπαύσεται</strong></span> <span class='ocrx_word' id='word_1_131' title='bbox 2787 545 2854 598; x_wconf 84' lang='grc' dir='ltr'><strong>τὰ</strong></span> <span class='ocrx_word' id='word_1_132' title='bbox 2890 547 2949 612; x_wconf 81' lang='grc' dir='ltr'><strong>ἐξ</strong></span> <span class='ocrx_word' id='word_1_133' title='bbox 2991 545 3180 617; x_wconf 82' lang='grc' dir='ltr'>ὀργῆς,</span> <span class='ocrx_word' id='word_1_134' title='bbox 3232 546 3326 598; x_wconf 78' lang='grc' dir='ltr'>καὶ</span> <span class='ocrx_word' id='word_1_135' title='bbox 3380 547 3459 608; x_wconf 88' lang='grc' dir='ltr'><strong>είς</strong></span> <span class='ocrx_word' id='word_1_136' title='bbox 3513 545 3720 610; x_wconf 84' lang='grc' dir='ltr'><strong>πλάτος</strong></span> 
     </span>
    </p>
   </div>
   <div class='ocr_carea' id='block_1_21' title="bbox 2141 635 3719 706">
    <p class='ocr_par' dir='ltr' id='par_1_21' title="bbox 2141 635 3719 706">
     <span class='ocr_line' id='line_1_21' title="bbox 2141 635 3719 706; baseline 0 -17"><span class='ocrx_word' id='word_1_137' title='bbox 2141 638 2304 700; x_wconf 77' lang='grc' dir='ltr'>εὐθὺς</span> <span class='ocrx_word' id='word_1_138' title='bbox 2333 637 2598 706; x_wconf 79' lang='grc' dir='ltr'>εὐθυμίας</span> <span class='ocrx_word' id='word_1_139' title='bbox 2635 637 3012 706; x_wconf 88' lang='grc' dir='ltr'>μεταχωρήσει</span> <span class='ocrx_word' id='word_1_140' title='bbox 3049 635 3116 687; x_wconf 77' lang='grc' dir='ltr'>τὰ</span> <span class='ocrx_word' id='word_1_141' title='bbox 3167 637 3487 705; x_wconf 83' lang='grc' dir='ltr'>πράγματα.</span> <span class='ocrx_word' id='word_1_142' title='bbox 3525 635 3625 698; x_wconf 91' lang='grc' dir='ltr'><strong>Τίς</strong></span> <span class='ocrx_word' id='word_1_143' title='bbox 3673 637 3719 689; x_wconf 90' lang='grc' dir='ltr'>δ’</span> 
     </span>
    </p>
   </div>
   <div class='ocr_carea' id='block_1_22' title="bbox 2139 726 3722 798">
    <p class='ocr_par' dir='ltr' id='par_1_22' title="bbox 2139 726 3722 798">
     <span class='ocr_line' id='line_1_22' title="bbox 2139 726 3722 798; baseline -0.003 -15"><span class='ocrx_word' id='word_1_144' title='bbox 2139 729 2204 783; x_wconf 84' lang='grc' dir='ltr'><strong>ἂν</strong></span> <span class='ocrx_word' id='word_1_145' title='bbox 2224 729 2435 798; x_wconf 82' lang='grc' dir='ltr'>γένοιτο</span> <span class='ocrx_word' id='word_1_146' title='bbox 2465 729 2566 798; x_wconf 86' lang='grc' dir='ltr'>τῆς</span> <span class='ocrx_word' id='word_1_147' title='bbox 2589 745 2649 781; x_wconf 90' lang='grc' dir='ltr'><strong>τε</strong></span> <span class='ocrx_word' id='word_1_148' title='bbox 2689 727 3024 796; x_wconf 75' lang='grc' dir='ltr'><strong>ἐπιστροφῆς</strong></span> <span class='ocrx_word' id='word_1_149' title='bbox 3052 726 3237 790; x_wconf 88' lang='grc' dir='ltr'>αὐτοῦ,</span> <span class='ocrx_word' id='word_1_150' title='bbox 3265 727 3358 779; x_wconf 82' lang='grc' dir='ltr'><strong>καὶ</strong></span> <span class='ocrx_word' id='word_1_151' title='bbox 3381 729 3410 779; x_wconf 94' lang='lat'><strong>6</strong></span> <span class='ocrx_word' id='word_1_152' title='bbox 3433 726 3535 796; x_wconf 78' lang='grc' dir='ltr'>τῆς</span> <span class='ocrx_word' id='word_1_153' title='bbox 3563 727 3722 796; x_wconf 82' lang='grc' dir='ltr'>λιτῆς</span> 
     </span>
    </p>
   </div>
   <div class='ocr_carea' id='block_1_23' title="bbox 2140 815 3721 890">
    <p class='ocr_par' dir='ltr' id='par_1_23' title="bbox 2140 815 3721 890">
     <span class='ocr_line' id='line_1_23' title="bbox 2140 815 3721 890; baseline -0.003 -17"><span class='ocrx_word' id='word_1_154' title='bbox 2140 821 2360 888; x_wconf 83' lang='grc' dir='ltr'>τρόπος,</span> <span class='ocrx_word' id='word_1_155' title='bbox 2390 820 2709 890; x_wconf 75' lang='grc' dir='ltr'>καθίστησιν</span> <span class='ocrx_word' id='word_1_156' title='bbox 2737 819 2983 889; x_wconf 76' lang='grc' dir='ltr'>ἐναργὲς,</span> <span class='ocrx_word' id='word_1_157' title='bbox 3019 817 3162 869; x_wconf 75' lang='grc' dir='ltr'>οὕτω</span> <span class='ocrx_word' id='word_1_158' title='bbox 3193 817 3385 885; x_wconf 85' lang='grc' dir='ltr'>λέγων·</span> <span class='ocrx_word' id='word_1_159' title='bbox 3424 835 3443 866; x_wconf 72' lang='grc' dir='ltr'><strong>ι</strong></span> <span class='ocrx_word' id='word_1_160' title='bbox 3477 817 3588 868; x_wconf 67' lang='grc' dir='ltr'><strong>Καὶ</strong></span> <span class='ocrx_word' id='word_1_161' title='bbox 3622 815 3721 868; x_wconf 88' lang='grc' dir='ltr'><strong>νῦν</strong></span> 
     </span>
    </p>
   </div>
   <div class='ocr_carea' id='block_1_24' title="bbox 2141 907 3722 980">
    <p class='ocr_par' dir='ltr' id='par_1_24' title="bbox 2141 907 3722 980">
     <span class='ocr_line' id='line_1_24' title="bbox 2141 907 3722 980; baseline -0.001 -17"><span class='ocrx_word' id='word_1_162' title='bbox 2141 912 2286 979; x_wconf 85' lang='grc' dir='ltr'><strong>λέγει</strong></span> <span class='ocrx_word' id='word_1_163' title='bbox 2344 911 2549 980; x_wconf 86' lang='grc' dir='ltr'>Κύριος</span> <span class='ocrx_word' id='word_1_164' title='bbox 2576 912 2604 963; x_wconf 99' lang='lat'><strong>6</strong></span> <span class='ocrx_word' id='word_1_165' title='bbox 2636 911 2769 974; x_wconf 83' lang='grc' dir='ltr'><strong>Θεὸς</strong></span> <span class='ocrx_word' id='word_1_166' title='bbox 2815 909 2988 980; x_wconf 80' lang='grc' dir='ltr'><strong>ήμῶνο</strong></span> <span class='ocrx_word' id='word_1_167' title='bbox 3028 907 3434 979; x_wconf 82' lang='grc' dir='ltr'>Ἐπιστράφητε</span> <span class='ocrx_word' id='word_1_168' title='bbox 3477 907 3615 978; x_wconf 78' lang='grc' dir='ltr'>πρὸς</span> <span class='ocrx_word' id='word_1_169' title='bbox 3651 909 3722 978; x_wconf 76' lang='grc' dir='ltr'>μὲ</span> 
     </span>
    </p>
   </div>
   <div class='ocr_carea' id='block_1_25' title="bbox 2141 998 3721 1072">
    <p class='ocr_par' dir='ltr' id='par_1_25' title="bbox 2141 998 3721 1072">
     <span class='ocr_line' id='line_1_25' title="bbox 2141 998 3721 1072; baseline -0.001 -17"><span class='ocrx_word' id='word_1_170' title='bbox 2141 1004 2201 1066; x_wconf 75' lang='grc' dir='ltr'>ἐξ</span> <span class='ocrx_word' id='word_1_171' title='bbox 2231 1002 2358 1072; x_wconf 83' lang='grc' dir='ltr'><strong>ὅλης</strong></span> <span class='ocrx_word' id='word_1_172' title='bbox 2386 1003 2484 1070; x_wconf 83' lang='grc' dir='ltr'>τῆς</span> <span class='ocrx_word' id='word_1_173' title='bbox 2531 1001 2759 1072; x_wconf 81' lang='grc' dir='ltr'>καρδίας</span> <span class='ocrx_word' id='word_1_174' title='bbox 2801 999 2974 1070; x_wconf 84' lang='grc' dir='ltr'>ὑμῶν.</span> <span class='ocrx_word' id='word_1_175' title='bbox 3017 1017 3036 1050; x_wconf 77' lang='grc' dir='ltr'><strong>ι</strong></span> <span class='ocrx_word' id='word_1_176' title='bbox 3113 998 3411 1070; x_wconf 79' lang='grc' dir='ltr'>Ἐρρίφθω,</span> <span class='ocrx_word' id='word_1_177' title='bbox 3459 999 3616 1070; x_wconf 73' lang='grc' dir='ltr'>φησὶ,</span> <span class='ocrx_word' id='word_1_178' title='bbox 3651 1000 3721 1054; x_wconf 77' lang='grc' dir='ltr'><strong>τὰ</strong></span> 
     </span>
    </p>
   </div>
   <div class='ocr_carea' id='block_1_26' title="bbox 2143 1089 3719 1162">
    <p class='ocr_par' dir='ltr' id='par_1_26' title="bbox 2143 1089 3719 1162">
     <span class='ocr_line' id='line_1_26' title="bbox 2143 1089 3719 1162; baseline -0.001 -17"><span class='ocrx_word' id='word_1_179' title='bbox 2143 1092 2529 1162; x_wconf 87' lang='grc' dir='ltr'>παρῳχηκότα,</span> <span class='ocrx_word' id='word_1_180' title='bbox 2578 1091 2672 1144; x_wconf 70' lang='grc' dir='ltr'><strong>καὶ</strong></span> <span class='ocrx_word' id='word_1_181' title='bbox 2711 1091 3060 1160; x_wconf 82' lang='grc' dir='ltr'>ἀποδημείτω</span> <span class='ocrx_word' id='word_1_182' title='bbox 3101 1089 3238 1160; x_wconf 86' lang='grc' dir='ltr'>πρὸς</span> <span class='ocrx_word' id='word_1_183' title='bbox 3273 1089 3446 1158; x_wconf 83' lang='grc' dir='ltr'>λήθην</span> <span class='ocrx_word' id='word_1_184' title='bbox 3475 1091 3545 1144; x_wconf 84' lang='grc' dir='ltr'>τὰ</span> <span class='ocrx_word' id='word_1_185' title='bbox 3579 1091 3719 1160; x_wconf 79' lang='grc' dir='ltr'>φθά-</span> 
     </span>
    </p>
   </div>
   <div class='ocr_carea' id='block_1_27' title="bbox 2143 1180 3724 1252">
    <p class='ocr_par' dir='ltr' id='par_1_27' title="bbox 2143 1180 3724 1252">
     <span class='ocr_line' id='line_1_27' title="bbox 2143 1180 3724 1252; baseline 0.001 -17"><span class='ocrx_word' id='word_1_186' title='bbox 2143 1200 2330 1236; x_wconf 84' lang='grc' dir='ltr'>σαντα·</span> <span class='ocrx_word' id='word_1_187' title='bbox 2362 1182 2571 1236; x_wconf 83' lang='grc' dir='ltr'>έαυτῶν</span> <span class='ocrx_word' id='word_1_188' title='bbox 2613 1183 2868 1252; x_wconf 88' lang='grc' dir='ltr'>ἀμείνους</span> <span class='ocrx_word' id='word_1_189' title='bbox 2897 1180 3132 1252; x_wconf 79' lang='grc' dir='ltr'>ὅφθητε⁶</span> <span class='ocrx_word' id='word_1_190' title='bbox 3165 1183 3277 1244; x_wconf 86' lang='grc' dir='ltr'>τοῖς</span> <span class='ocrx_word' id='word_1_191' title='bbox 3318 1181 3599 1252; x_wconf 83' lang='grc' dir='ltr'>δευτέροις</span> <span class='ocrx_word' id='word_1_192' title='bbox 3635 1185 3724 1237; x_wconf 76' lang='grc' dir='ltr'><strong>ἑκ-</strong></span> 
     </span>
    </p>
   </div>
   <div class='ocr_carea' id='block_1_28' title="bbox 2145 1273 3718 1344">
    <p class='ocr_par' dir='ltr' id='par_1_28' title="bbox 2145 1273 3718 1344">
     <span class='ocr_line' id='line_1_28' title="bbox 2145 1273 3718 1344; baseline 0.001 -18"><span class='ocrx_word' id='word_1_193' title='bbox 2145 1275 2483 1344; x_wconf 86' lang='grc' dir='ltr'>μειλίσσεσθε</span> <span class='ocrx_word' id='word_1_194' title='bbox 2529 1276 2682 1338; x_wconf 75' lang='grc' dir='ltr'>Θεὸν,</span> <span class='ocrx_word' id='word_1_195' title='bbox 2723 1276 2965 1344; x_wconf 80' lang='grc' dir='ltr'>νηστείᾳ,</span> <span class='ocrx_word' id='word_1_196' title='bbox 3011 1274 3108 1326; x_wconf 67' lang='grc' dir='ltr'><strong>καὶ</strong></span> <span class='ocrx_word' id='word_1_197' title='bbox 3159 1273 3330 1338; x_wconf 84' lang='grc' dir='ltr'>πόνῳ,</span> <span class='ocrx_word' id='word_1_198' title='bbox 3384 1273 3621 1344; x_wconf 82' lang='grc' dir='ltr'>κωκυτῷ</span> <span class='ocrx_word' id='word_1_199' title='bbox 3659 1291 3718 1327; x_wconf 86' lang='grc' dir='ltr'><strong>τε</strong></span> 
     </span>
    </p>
   </div>
   <div class='ocr_carea' id='block_1_29' title="bbox 2141 1363 3720 1437">
    <p class='ocr_par' dir='ltr' id='par_1_29' title="bbox 2141 1363 3720 1437">
     <span class='ocr_line' id='line_1_29' title="bbox 2141 1363 3720 1437; baseline -0.001 -17"><span class='ocrx_word' id='word_1_200' title='bbox 2141 1369 2234 1420; x_wconf 73' lang='grc' dir='ltr'><strong>καὶ</strong></span> <span class='ocrx_word' id='word_1_201' title='bbox 2267 1366 2504 1437; x_wconf 83' lang='grc' dir='ltr'>ὀδυρμῷ.</span> <span class='ocrx_word' id='word_1_202' title='bbox 2536 1366 2765 1436; x_wconf 78' lang='grc' dir='ltr'>’Έψεται</span> <span class='ocrx_word' id='word_1_203' title='bbox 2792 1366 2900 1436; x_wconf 84' lang='grc' dir='ltr'>γὰρ</span> <span class='ocrx_word' id='word_1_204' title='bbox 2929 1365 3144 1428; x_wconf 84' lang='grc' dir='ltr'>πάντως</span> <span class='ocrx_word' id='word_1_205' title='bbox 3169 1363 3339 1417; x_wconf 87' lang='grc' dir='ltr'>ταῦτα</span> <span class='ocrx_word' id='word_1_206' title='bbox 3364 1364 3498 1434; x_wconf 84' lang='grc' dir='ltr'>δρᾷν</span> <span class='ocrx_word' id='word_1_207' title='bbox 3517 1365 3720 1437; x_wconf 70' lang='grc' dir='ltr'>ᾑρημέ-</span> 
     </span>
    </p>
   </div>
   <div class='ocr_carea' id='block_1_30' title="bbox 2141 1451 3711 1529">
    <p class='ocr_par' dir='ltr' id='par_1_30' title="bbox 2141 1451 3711 1529">
     <span class='ocr_line' id='line_1_30' title="bbox 2141 1451 3711 1529; baseline 0.003 -20"><span class='ocrx_word' id='word_1_208' title='bbox 2141 1475 2250 1521; x_wconf 87' lang='grc' dir='ltr'>νοις</span> <span class='ocrx_word' id='word_1_209' title='bbox 2271 1458 2331 1510; x_wconf 80' lang='lat'><strong>1:6</strong></span> <span class='ocrx_word' id='word_1_210' title='bbox 2358 1459 2553 1528; x_wconf 81' lang='grc' dir='ltr'>χρῆναι</span> <span class='ocrx_word' id='word_1_211' title='bbox 2571 1457 2757 1510; x_wconf 83' lang='grc' dir='ltr'>λοιπὸν</span> <span class='ocrx_word' id='word_1_212' title='bbox 2783 1457 2840 1509; x_wconf 84' lang='grc' dir='ltr'>ὲν</span> <span class='ocrx_word' id='word_1_213' title='bbox 2868 1456 3133 1526; x_wconf 79' lang='grc' dir='ltr'>εὐπαθείᾳ</span> <span class='ocrx_word' id='word_1_214' title='bbox 3179 1451 3319 1510; x_wconf 75' lang='grc' dir='ltr'>εἶναι</span> <span class='ocrx_word' id='word_1_215' title='bbox 3367 1457 3462 1510; x_wconf 78' lang='grc' dir='ltr'><strong>καὶ</strong></span> <span class='ocrx_word' id='word_1_216' title='bbox 3506 1461 3711 1529; x_wconf 77' lang='grc' dir='ltr'>τρυφῇ.</span> 
     </span>
    </p>
   </div>
   <div class='ocr_carea' id='block_1_31' title="bbox 2143 1548 3716 1620">
    <p class='ocr_par' dir='ltr' id='par_1_31' title="bbox 2143 1548 3716 1620">
     <span class='ocr_line' id='line_1_31' title="bbox 2143 1548 3716 1620; baseline 0.001 -19"><span class='ocrx_word' id='word_1_217' title='bbox 2143 1551 2354 1620; x_wconf 81' lang='grc' dir='ltr'>Ὠσπερ</span> <span class='ocrx_word' id='word_1_218' title='bbox 2381 1551 2490 1620; x_wconf 77' lang='grc' dir='ltr'>γὰρ</span> <span class='ocrx_word' id='word_1_219' title='bbox 2511 1550 2608 1620; x_wconf 80' lang='grc' dir='ltr'><strong>τῆς</strong></span> <span class='ocrx_word' id='word_1_220' title='bbox 2626 1549 2907 1620; x_wconf 76' lang='grc' dir='ltr'>ῥᾳστώνης</span> <span class='ocrx_word' id='word_1_221' title='bbox 2929 1549 2989 1601; x_wconf 84' lang='grc' dir='ltr'><strong>τδ</strong></span> <span class='ocrx_word' id='word_1_222' title='bbox 3013 1549 3186 1613; x_wconf 83' lang='grc' dir='ltr'>τέλος,</span> <span class='ocrx_word' id='word_1_223' title='bbox 3207 1548 3380 1602; x_wconf 79' lang='grc' dir='ltr'>καὶτὸ</span> <span class='ocrx_word' id='word_1_224' title='bbox 3405 1548 3716 1603; x_wconf 82' lang='grc' dir='ltr'>διαπίπτειν</span> 
     </span>
    </p>
   </div>
   <div class='ocr_carea' id='block_1_32' title="bbox 2145 1641 3710 1713">
    <p class='ocr_par' dir='ltr' id='par_1_32' title="bbox 2145 1641 3710 1713">
     <span class='ocr_line' id='line_1_32' title="bbox 2145 1641 3710 1713; baseline 0.003 -20"><span class='ocrx_word' id='word_1_225' title='bbox 2145 1643 2226 1705; x_wconf 83' lang='grc' dir='ltr'><strong>είς</strong></span> <span class='ocrx_word' id='word_1_226' title='bbox 2259 1641 2455 1712; x_wconf 81' lang='grc' dir='ltr'>ἡδονὰς</span> <span class='ocrx_word' id='word_1_227' title='bbox 2501 1642 2871 1713; x_wconf 83' lang='grc' dir='ltr'>καταστρέφει</span> <span class='ocrx_word' id='word_1_228' title='bbox 2919 1643 3134 1705; x_wconf 87' lang='grc' dir='ltr'>πάντως</span> <span class='ocrx_word' id='word_1_229' title='bbox 3193 1643 3274 1705; x_wconf 88' lang='grc' dir='ltr'><strong>είς</strong></span> <span class='ocrx_word' id='word_1_230' title='bbox 3316 1641 3566 1712; x_wconf 82' lang='grc' dir='ltr'>οίμωγὰς</span> <span class='ocrx_word' id='word_1_231' title='bbox 3618 1644 3710 1697; x_wconf 82' lang='grc' dir='ltr'>καὶ</span> 
     </span>
    </p>
   </div>
   <div class='ocr_carea' id='block_1_33' title="bbox 2143 1733 3710 1804">
    <p class='ocr_par' dir='ltr' id='par_1_33' title="bbox 2143 1733 3710 1804">
     <span class='ocr_line' id='line_1_33' title="bbox 2143 1733 3710 1804; baseline 0.001 -18"><span class='ocrx_word' id='word_1_232' title='bbox 2143 1734 2384 1787; x_wconf 73' lang='grc' dir='ltr'>κόλασινο</span> <span class='ocrx_word' id='word_1_233' title='bbox 2415 1733 2556 1786; x_wconf 75' lang='grc' dir='ltr'>οὕτω</span> <span class='ocrx_word' id='word_1_234' title='bbox 2584 1734 2684 1801; x_wconf 84' lang='grc' dir='ltr'><strong>τῆς</strong></span> <span class='ocrx_word' id='word_1_235' title='bbox 2711 1733 3032 1797; x_wconf 74' lang='grc' dir='ltr'>ἐπιεικείας,</span> <span class='ocrx_word' id='word_1_236' title='bbox 3069 1734 3161 1786; x_wconf 77' lang='grc' dir='ltr'><strong>καὶ</strong></span> <span class='ocrx_word' id='word_1_237' title='bbox 3192 1733 3302 1786; x_wconf 84' lang='grc' dir='ltr'>τῶν</span> <span class='ocrx_word' id='word_1_238' title='bbox 3343 1734 3438 1786; x_wconf 80' lang='grc' dir='ltr'>ἐπὶ</span> <span class='ocrx_word' id='word_1_239' title='bbox 3469 1736 3592 1797; x_wconf 86' lang='grc' dir='ltr'>ταῖς</span> <span class='ocrx_word' id='word_1_240' title='bbox 3621 1753 3710 1804; x_wconf 84' lang='grc' dir='ltr'>με-</span> 
     </span>
    </p>
   </div>
   <div class='ocr_carea' id='block_1_34' title="bbox 455 1815 2030 1892">
    <p class='ocr_par' dir='ltr' id='par_1_34' title="bbox 455 1815 2030 1888">
     <span class='ocr_line' id='line_1_34' title="bbox 455 1815 2030 1888; baseline -0.003 -14"><span class='ocrx_word' id='word_1_241' title='bbox 455 1821 617 1874; x_wconf 83' lang='lat' dir='ltr'><strong>citas.</strong></span> <span class='ocrx_word' id='word_1_242' title='bbox 641 1819 805 1888; x_wconf 78' lang='lat'><strong>219</strong></span> <span class='ocrx_word' id='word_1_243' title='bbox 829 1817 1088 1872; x_wconf 89' lang='lat' dir='ltr'><strong>Conducit</strong></span> <span class='ocrx_word' id='word_1_244' title='bbox 1125 1817 1287 1884; x_wconf 85' lang='lat' dir='ltr'><strong>igitur</strong></span> <span class='ocrx_word' id='word_1_245' title='bbox 1312 1815 1508 1870; x_wconf 83' lang='lat' dir='ltr'><strong>deflere</strong></span> <span class='ocrx_word' id='word_1_246' title='bbox 1539 1825 1759 1885; x_wconf 88' lang='lat' dir='ltr'><strong>peccata</strong></span> <span class='ocrx_word' id='word_1_247' title='bbox 1781 1855 1795 1879; x_wconf 93' lang='lat'><strong>,</strong></span> <span class='ocrx_word' id='word_1_248' title='bbox 1824 1826 1878 1870; x_wconf 90' lang='lat' dir='ltr'><strong>et</strong></span> <span class='ocrx_word' id='word_1_249' title='bbox 1908 1833 2030 1871; x_wconf 37' lang='lat' dir='ltr'><strong>cons</strong></span> 
     </span>
    </p>
   </div>
   <div class='ocr_carea' id='block_1_35' title="bbox 2136 1815 3712 1892">
    <p class='ocr_par' dir='ltr' id='par_1_35' title="bbox 2140 1821 3712 1892">
     <span class='ocr_line' id='line_1_35' title="bbox 2140 1821 3712 1892; baseline 0 -17"><span class='ocrx_word' id='word_1_250' title='bbox 2140 1822 2444 1890; x_wconf 87' lang='grc' dir='ltr'>ταγνώσεσι</span> <span class='ocrx_word' id='word_1_251' title='bbox 2490 1822 2727 1892; x_wconf 80' lang='grc' dir='ltr'>πόνωνή</span> <span class='ocrx_word' id='word_1_252' title='bbox 2783 1821 3007 1884; x_wconf 74' lang='grc' dir='ltr'>ἔκϐασις</span> <span class='ocrx_word' id='word_1_253' title='bbox 3055 1823 3134 1884; x_wconf 86' lang='grc' dir='ltr'><strong>είς</strong></span> <span class='ocrx_word' id='word_1_254' title='bbox 3171 1822 3233 1874; x_wconf 78' lang='grc' dir='ltr'>τὸ</span> <span class='ocrx_word' id='word_1_255' title='bbox 3264 1823 3366 1892; x_wconf 84' lang='grc' dir='ltr'>τῆς</span> <span class='ocrx_word' id='word_1_256' title='bbox 3416 1823 3712 1892; x_wconf 84' lang='grc' dir='ltr'>εὐημερίας</span> 
     </span>
    </p>
   </div>
   <div class='ocr_carea' id='block_1_36' title="bbox 459 1906 2029 1977">
    <p class='ocr_par' dir='ltr' id='par_1_36' title="bbox 459 1906 2029 1977">
     <span class='ocr_line' id='line_1_36' title="bbox 459 1906 2029 1977; baseline -0.002 -12"><span class='ocrx_word' id='word_1_257' title='bbox 459 1912 664 1965; x_wconf 89' lang='lat' dir='ltr'><strong>tristari</strong></span> <span class='ocrx_word' id='word_1_258' title='bbox 691 1907 984 1965; x_wconf 86' lang='lat' dir='ltr'><strong>secundum</strong></span> <span class='ocrx_word' id='word_1_259' title='bbox 1015 1906 1207 1961; x_wconf 87' lang='lat' dir='ltr'><strong>Deum.</strong></span> <span class='ocrx_word' id='word_1_260' title='bbox 1238 1906 1370 1960; x_wconf 87' lang='lat' dir='ltr'><strong>Nam</strong></span> <span class='ocrx_word' id='word_1_261' title='bbox 1401 1915 1458 1960; x_wconf 93' lang='lat' dir='ltr'><strong>ut</strong></span> <span class='ocrx_word' id='word_1_262' title='bbox 1486 1917 1570 1962; x_wconf 86' lang='lat' dir='ltr'><strong>est</strong></span> <span class='ocrx_word' id='word_1_263' title='bbox 1597 1909 1735 1977; x_wconf 90' lang='lat' dir='ltr'><strong>apud</strong></span> <span class='ocrx_word' id='word_1_264' title='bbox 1762 1907 1984 1962; x_wconf 86' lang='lat' dir='ltr'><strong>Paulum</strong></span> <span class='ocrx_word' id='word_1_265' title='bbox 2015 1927 2029 1962; x_wconf 92' lang='lat'>:</span> 
     </span>
    </p>
   </div>
   <div class='ocr_carea' id='block_1_37' title="bbox 459 1999 2033 2064">
    <p class='ocr_par' dir='ltr' id='par_1_37' title="bbox 459 1999 2033 2064">
     <span class='ocr_line' id='line_1_37' title="bbox 459 1999 2033 2064; baseline 0 -10"><span class='ocrx_word' id='word_1_266' title='bbox 459 2021 481 2054; x_wconf 73' lang='grc' dir='ltr'><strong><em>ο</em></strong></span> <span class='ocrx_word' id='word_1_267' title='bbox 515 2001 756 2056; x_wconf 89' lang='lat' dir='ltr'><strong>Tristitia</strong></span> <span class='ocrx_word' id='word_1_268' title='bbox 786 1999 1077 2054; x_wconf 86' lang='lat' dir='ltr'><strong>secundum</strong></span> <span class='ocrx_word' id='word_1_269' title='bbox 1105 1999 1295 2063; x_wconf 90' lang='lat' dir='ltr'><strong>Deum,</strong></span> <span class='ocrx_word' id='word_1_270' title='bbox 1322 1999 1690 2064; x_wconf 81' lang='lat' dir='ltr'><strong>paenitentiam</strong></span> <span class='ocrx_word' id='word_1_271' title='bbox 1720 2000 1771 2054; x_wconf 90' lang='lat' dir='ltr'><strong>in</strong></span> <span class='ocrx_word' id='word_1_272' title='bbox 1803 2001 2033 2054; x_wconf 86' lang='lat' dir='ltr'><strong>salutem</strong></span> 
     </span>
    </p>
   </div>
   <div class='ocr_carea' id='block_1_38' title="bbox 455 2090 2033 2162">
    <p class='ocr_par' dir='ltr' id='par_1_38' title="bbox 455 2090 2033 2162">
     <span class='ocr_line' id='line_1_38' title="bbox 455 2090 2033 2162; baseline -0.001 -15"><span class='ocrx_word' id='word_1_273' title='bbox 455 2109 559 2147; x_wconf 89' lang='lat' dir='ltr'><strong>non</strong></span> <span class='ocrx_word' id='word_1_274' title='bbox 584 2092 947 2162; x_wconf 76' lang='lat' dir='ltr'><strong>paenitentiam</strong></span> <span class='ocrx_word' id='word_1_275' title='bbox 967 2092 1298 2160; x_wconf 81' lang='lat' dir='ltr'><strong>operatur&quot;.</strong></span> <span class='ocrx_word' id='word_1_276' title='bbox 1325 2110 1345 2143; x_wconf 69' lang='grc' dir='ltr'><strong>ι</strong></span> <span class='ocrx_word' id='word_1_277' title='bbox 1368 2090 1513 2145; x_wconf 90' lang='lat' dir='ltr'><strong>Beati</strong></span> <span class='ocrx_word' id='word_1_278' title='bbox 1533 2106 1747 2161; x_wconf 91' lang='lat' dir='ltr'><strong>quoque</strong></span> <span class='ocrx_word' id='word_1_279' title='bbox 1767 2107 1795 2144; x_wconf 90' lang='lat' dir='ltr'><strong>a</strong></span> <span class='ocrx_word' id='word_1_280' title='bbox 1817 2092 2033 2146; x_wconf 88' lang='lat' dir='ltr'><strong>Christo</strong></span> 
     </span>
    </p>
   </div>
   <div class='ocr_carea' id='block_1_39' title="bbox 452 2179 2030 2254">
    <p class='ocr_par' dir='ltr' id='par_1_39' title="bbox 452 2179 2030 2254">
     <span class='ocr_line' id='line_1_39' title="bbox 452 2179 2030 2254; baseline -0.001 -19"><span class='ocrx_word' id='word_1_281' title='bbox 452 2183 887 2254; x_wconf 88' lang='lat' dir='ltr'><strong>pronuntiantur,</strong></span> <span class='ocrx_word' id='word_1_282' title='bbox 913 2199 931 2232; x_wconf 86' lang='grc' dir='ltr'><strong>ι</strong></span> <span class='ocrx_word' id='word_1_283' title='bbox 976 2182 1069 2251; x_wconf 91' lang='lat' dir='ltr'><strong>qui</strong></span> <span class='ocrx_word' id='word_1_284' title='bbox 1106 2180 1321 2249; x_wconf 83' lang='lat' dir='ltr'><strong>lugent;</strong></span> <span class='ocrx_word' id='word_1_285' title='bbox 1359 2179 1610 2250; x_wconf 85' lang='lat' dir='ltr'><strong>quoniam</strong></span> <span class='ocrx_word' id='word_1_286' title='bbox 1647 2179 1746 2249; x_wconf 91' lang='lat' dir='ltr'><strong>ipsi</strong></span> <span class='ocrx_word' id='word_1_287' title='bbox 1781 2181 2030 2236; x_wconf 86' lang='lat' dir='ltr'><strong>consola-</strong></span> 
     </span>
    </p>
   </div>
   <div class='ocr_carea' id='block_1_40' title="bbox 454 2270 2032 2341">
    <p class='ocr_par' dir='ltr' id='par_1_40' title="bbox 454 2270 2032 2341">
     <span class='ocr_line' id='line_1_40' title="bbox 454 2270 2032 2341; baseline -0.001 -14"><span class='ocrx_word' id='word_1_288' title='bbox 454 2271 732 2327; x_wconf 71' lang='lat' dir='ltr'><strong>buntur”.</strong></span> <span class='ocrx_word' id='word_1_289' title='bbox 764 2290 782 2323; x_wconf 84' lang='grc'>›</span> <span class='ocrx_word' id='word_1_290' title='bbox 806 2271 944 2337; x_wconf 82' lang='lat' dir='ltr'><strong>Quin</strong></span> <span class='ocrx_word' id='word_1_291' title='bbox 966 2279 1021 2325; x_wconf 89' lang='lat' dir='ltr'><strong>et</strong></span> <span class='ocrx_word' id='word_1_292' title='bbox 1042 2272 1258 2338; x_wconf 85' lang='lat' dir='ltr'><strong>sapiens</strong></span> <span class='ocrx_word' id='word_1_293' title='bbox 1280 2270 1533 2326; x_wconf 88' lang='lat' dir='ltr'><strong>Salomon</strong></span> <span class='ocrx_word' id='word_1_294' title='bbox 1561 2271 1666 2326; x_wconf 89' lang='lat' dir='ltr'><strong>tale</strong></span> <span class='ocrx_word' id='word_1_295' title='bbox 1686 2272 1833 2340; x_wconf 89' lang='lat' dir='ltr'><strong>quid,</strong></span> <span class='ocrx_word' id='word_1_296' title='bbox 1861 2287 2032 2341; x_wconf 88' lang='lat' dir='ltr'><strong>quan-</strong></span> 
     </span>
    </p>
   </div>
   <div class='ocr_carea' id='block_1_41' title="bbox 453 2361 2031 2432">
    <p class='ocr_par' dir='ltr' id='par_1_41' title="bbox 453 2361 2031 2432">
     <span class='ocr_line' id='line_1_41' title="bbox 453 2361 2031 2432; baseline -0.001 -16"><span class='ocrx_word' id='word_1_297' title='bbox 453 2379 614 2432; x_wconf 85' lang='lat' dir='ltr'><strong>quam</strong></span> <span class='ocrx_word' id='word_1_298' title='bbox 644 2363 745 2418; x_wconf 88' lang='lat' dir='ltr'><strong>sub</strong></span> <span class='ocrx_word' id='word_1_299' title='bbox 774 2364 1161 2432; x_wconf 77' lang='lat' dir='ltr'><strong>integumento,</strong></span> <span class='ocrx_word' id='word_1_300' title='bbox 1195 2362 1324 2417; x_wconf 92' lang='lat' dir='ltr'><strong>dicit</strong></span> <span class='ocrx_word' id='word_1_301' title='bbox 1370 2380 1384 2417; x_wconf 87' lang='lat'><strong>:</strong></span> <span class='ocrx_word' id='word_1_302' title='bbox 1431 2381 1450 2414; x_wconf 78' lang='grc' dir='ltr'><strong>ι</strong></span> <span class='ocrx_word' id='word_1_303' title='bbox 1503 2361 1691 2416; x_wconf 86' lang='lat' dir='ltr'><strong>Melius</strong></span> <span class='ocrx_word' id='word_1_304' title='bbox 1727 2370 1811 2416; x_wconf 90' lang='lat' dir='ltr'><strong>est</strong></span> <span class='ocrx_word' id='word_1_305' title='bbox 1848 2361 1927 2416; x_wconf 89' lang='lat' dir='ltr'><strong>ire</strong></span> <span class='ocrx_word' id='word_1_306' title='bbox 1965 2362 2031 2416; x_wconf 90' lang='lat' dir='ltr'><strong>ad</strong></span> 
     </span>
    </p>
   </div>
   <div class='ocr_carea' id='block_1_42' title="bbox 453 2453 2032 2523">
    <p class='ocr_par' dir='ltr' id='par_1_42' title="bbox 453 2453 2032 2523">
     <span class='ocr_line' id='line_1_42' title="bbox 453 2453 2032 2523; baseline 0.001 -17"><span class='ocrx_word' id='word_1_307' title='bbox 453 2459 670 2510; x_wconf 86' lang='lat' dir='ltr'><strong>domum</strong></span> <span class='ocrx_word' id='word_1_308' title='bbox 697 2453 901 2517; x_wconf 89' lang='lat' dir='ltr'><strong>luctus,</strong></span> <span class='ocrx_word' id='word_1_309' title='bbox 927 2469 1088 2523; x_wconf 88' lang='lat' dir='ltr'><strong>quam</strong></span> <span class='ocrx_word' id='word_1_310' title='bbox 1116 2454 1182 2508; x_wconf 89' lang='lat' dir='ltr'><strong>ad</strong></span> <span class='ocrx_word' id='word_1_311' title='bbox 1211 2455 1428 2508; x_wconf 91' lang='lat' dir='ltr'><strong>domum</strong></span> <span class='ocrx_word' id='word_1_312' title='bbox 1458 2453 1689 2509; x_wconf 86' lang='lat' dir='ltr'><strong>convivii</strong></span> <span class='ocrx_word' id='word_1_313' title='bbox 1711 2454 1776 2506; x_wconf 67' lang='grc' dir='ltr'><strong>θ’.</strong></span> <span class='ocrx_word' id='word_1_314' title='bbox 1813 2472 1832 2506; x_wconf 77' lang='grc' dir='ltr'><strong>ι</strong></span> <span class='ocrx_word' id='word_1_315' title='bbox 1863 2453 2032 2508; x_wconf 64' lang='lat' dir='ltr'><strong>Crete-</strong></span> 
     </span>
    </p>
   </div>
   <div class='ocr_carea' id='block_1_43' title="bbox 455 2544 2029 2613">
    <p class='ocr_par' dir='ltr' id='par_1_43' title="bbox 455 2544 2029 2613">
     <span class='ocr_line' id='line_1_43' title="bbox 455 2544 2029 2613; baseline -0.002 -13"><span class='ocrx_word' id='word_1_316' title='bbox 455 2563 572 2600; x_wconf 87' lang='lat' dir='ltr'><strong>rum</strong></span> <span class='ocrx_word' id='word_1_317' title='bbox 602 2545 730 2599; x_wconf 76' lang='lat' dir='ltr'><strong>illud</strong></span> <span class='ocrx_word' id='word_1_318' title='bbox 757 2545 1206 2600; x_wconf 88' lang='lat' dir='ltr'><strong>considerandum</strong></span> <span class='ocrx_word' id='word_1_319' title='bbox 1218 2544 1628 2612; x_wconf 80' lang='lat' dir='ltr'><strong>estdiligenter,</strong></span> <span class='ocrx_word' id='word_1_320' title='bbox 1651 2552 1910 2613; x_wconf 83' lang='lat' dir='ltr'><strong>quantum</strong></span> <span class='ocrx_word' id='word_1_321' title='bbox 1936 2559 2029 2597; x_wconf 90' lang='lat' dir='ltr'><strong>va-</strong></span> 
     </span>
    </p>
   </div>
   <div class='ocr_carea' id='block_1_44' title="bbox 451 2635 2028 2706">
    <p class='ocr_par' dir='ltr' id='par_1_44' title="bbox 451 2635 2028 2706">
     <span class='ocr_line' id='line_1_44' title="bbox 451 2635 2028 2706; baseline -0.003 -14"><span class='ocrx_word' id='word_1_322' title='bbox 451 2639 557 2694; x_wconf 84' lang='lat' dir='ltr'><strong>leat</strong></span> <span class='ocrx_word' id='word_1_323' title='bbox 591 2635 875 2706; x_wconf 87' lang='lat' dir='ltr'><strong>jejunium.</strong></span> <span class='ocrx_word' id='word_1_324' title='bbox 917 2636 1196 2692; x_wconf 91' lang='lat' dir='ltr'><strong>Dominum</strong></span> <span class='ocrx_word' id='word_1_325' title='bbox 1239 2637 1626 2703; x_wconf 81' lang='lat' dir='ltr'><strong>mansuefacit,</strong></span> <span class='ocrx_word' id='word_1_326' title='bbox 1671 2637 1805 2690; x_wconf 91' lang='lat' dir='ltr'><strong>iram</strong></span> <span class='ocrx_word' id='word_1_327' title='bbox 1850 2636 2028 2699; x_wconf 85' lang='lat' dir='ltr'><strong>sedat,</strong></span> 
     </span>
    </p>
   </div>
   <div class='ocr_carea' id='block_1_45' title="bbox 451 2726 2031 2800">
    <p class='ocr_par' dir='ltr' id='par_1_45' title="bbox 451 2726 2031 2800">
     <span class='ocr_line' id='line_1_45' title="bbox 451 2726 2031 2800; baseline -0.003 -15"><span class='ocrx_word' id='word_1_328' title='bbox 451 2745 666 2800; x_wconf 86' lang='lat' dir='ltr'><strong>poenam</strong></span> <span class='ocrx_word' id='word_1_329' title='bbox 710 2729 866 2783; x_wconf 89' lang='lat' dir='ltr'><strong>tollit.</strong></span> <span class='ocrx_word' id='word_1_330' title='bbox 905 2727 1272 2798; x_wconf 85' lang='lat' dir='ltr'><strong>Nosmetipsos</strong></span> <span class='ocrx_word' id='word_1_331' title='bbox 1323 2736 1527 2782; x_wconf 89' lang='lat' dir='ltr'><strong>tantum</strong></span> <span class='ocrx_word' id='word_1_332' title='bbox 1572 2742 1676 2782; x_wconf 90' lang='lat' dir='ltr'><strong>non</strong></span> <span class='ocrx_word' id='word_1_333' title='bbox 1717 2726 2031 2781; x_wconf 79' lang='lat' dir='ltr'><strong>verberibus</strong></span> 
     </span>
    </p>
   </div>
   <div class='ocr_carea' id='block_1_46' title="bbox 449 2818 2029 2891">
    <p class='ocr_par' dir='ltr' id='par_1_46' title="bbox 449 2818 2029 2891">
     <span class='ocr_line' id='line_1_46' title="bbox 449 2818 2029 2891; baseline -0.004 -15"><span class='ocrx_word' id='word_1_334' title='bbox 449 2824 653 2878; x_wconf 88' lang='lat' dir='ltr'><strong>acriter</strong></span> <span class='ocrx_word' id='word_1_335' title='bbox 678 2821 1039 2891; x_wconf 76' lang='lat' dir='ltr'><strong>accipientes,</strong></span> <span class='ocrx_word' id='word_1_336' title='bbox 1071 2819 1424 2874; x_wconf 82' lang='lat' dir='ltr'><strong>ferocientem</strong></span> <span class='ocrx_word' id='word_1_337' title='bbox 1457 2828 1512 2873; x_wconf 89' lang='lat' dir='ltr'><strong>et</strong></span> <span class='ocrx_word' id='word_1_338' title='bbox 1539 2818 1806 2873; x_wconf 87' lang='lat' dir='ltr'><strong>furentem</strong></span> <span class='ocrx_word' id='word_1_339' title='bbox 1841 2831 2029 2872; x_wconf 83' lang='lat' dir='ltr'><strong>contra</strong></span> 
     </span>
    </p>
   </div>
   <div class='ocr_carea' id='block_1_47' title="bbox 450 2909 2028 2974">
    <p class='ocr_par' dir='ltr' id='par_1_47' title="bbox 450 2909 2028 2974">
     <span class='ocr_line' id='line_1_47' title="bbox 450 2909 2028 2974; baseline -0.003 -7"><span class='ocrx_word' id='word_1_340' title='bbox 450 2928 551 2968; x_wconf 81' lang='lat' dir='ltr'><strong>nos</strong></span> <span class='ocrx_word' id='word_1_341' title='bbox 591 2914 725 2966; x_wconf 90' lang='lat' dir='ltr'><strong>iram</strong></span> <span class='ocrx_word' id='word_1_342' title='bbox 771 2912 1006 2965; x_wconf 84' lang='lat' dir='ltr'><strong>divinant</strong></span> <span class='ocrx_word' id='word_1_343' title='bbox 1048 2910 1332 2964; x_wconf 89' lang='lat' dir='ltr'><strong>commode</strong></span> <span class='ocrx_word' id='word_1_344' title='bbox 1373 2909 1672 2974; x_wconf 82' lang='lat' dir='ltr'><strong>flectimus,</strong></span> <span class='ocrx_word' id='word_1_345' title='bbox 1716 2920 1773 2965; x_wconf 90' lang='lat' dir='ltr'><strong>et</strong></span> <span class='ocrx_word' id='word_1_346' title='bbox 1812 2925 2028 2963; x_wconf 90' lang='lat' dir='ltr'><strong>manum</strong></span> 
     </span>
    </p>
   </div>
   <div class='ocr_carea' id='block_1_48' title="bbox 449 2998 2028 3071">
    <p class='ocr_par' dir='ltr' id='par_1_48' title="bbox 449 2998 2028 3071">
     <span class='ocr_line' id='line_1_48' title="bbox 449 2998 2028 3071; baseline -0.002 -13"><span class='ocrx_word' id='word_1_347' title='bbox 449 3001 804 3071; x_wconf 85' lang='lat' dir='ltr'><strong>percutientis</strong></span> <span class='ocrx_word' id='word_1_348' title='bbox 837 3016 943 3054; x_wconf 91' lang='lat' dir='ltr'><strong>non</strong></span> <span class='ocrx_word' id='word_1_349' title='bbox 981 2998 1263 3052; x_wconf 76' lang='lat' dir='ltr'><strong>difﬁculter</strong></span> <span class='ocrx_word' id='word_1_350' title='bbox 1296 3000 1632 3055; x_wconf 85' lang='lat' dir='ltr'><strong>cohibemus.</strong></span> <span class='ocrx_word' id='word_1_351' title='bbox 1665 3001 1722 3055; x_wconf 91' lang='lat' dir='ltr'><strong>Si</strong></span> <span class='ocrx_word' id='word_1_352' title='bbox 1758 3001 1900 3056; x_wconf 89' lang='lat' dir='ltr'><strong>enim</strong></span> <span class='ocrx_word' id='word_1_353' title='bbox 1934 3015 2028 3055; x_wconf 82' lang='lat' dir='ltr'><strong>ve-</strong></span> 
     </span>
    </p>
   </div>
   <div class='ocr_carea' id='block_1_49' title="bbox 449 3088 2026 3159">
    <p class='ocr_par' dir='ltr' id='par_1_49' title="bbox 449 3088 2026 3159">
     <span class='ocr_line' id='line_1_49' title="bbox 449 3088 2026 3159; baseline 0 -13"><span class='ocrx_word' id='word_1_354' title='bbox 449 3108 570 3146; x_wconf 86' lang='lat' dir='ltr'><strong>rum</strong></span> <span class='ocrx_word' id='word_1_355' title='bbox 611 3100 726 3155; x_wconf 89' lang='lat' dir='ltr'><strong>est,</strong></span> <span class='ocrx_word' id='word_1_356' title='bbox 771 3104 868 3144; x_wconf 91' lang='lat' dir='ltr'><strong>nos</strong></span> <span class='ocrx_word' id='word_1_357' title='bbox 905 3088 1078 3145; x_wconf 90' lang='lat' dir='ltr'><strong>solum</strong></span> <span class='ocrx_word' id='word_1_358' title='bbox 1121 3099 1337 3158; x_wconf 88' lang='lat' dir='ltr'><strong>peccata</strong></span> <span class='ocrx_word' id='word_1_359' title='bbox 1380 3099 1564 3145; x_wconf 91' lang='lat' dir='ltr'><strong>nostra</strong></span> <span class='ocrx_word' id='word_1_360' title='bbox 1605 3090 1924 3146; x_wconf 83' lang='lat' dir='ltr'><strong>confitentes</strong></span> <span class='ocrx_word' id='word_1_361' title='bbox 1959 3093 2026 3159; x_wconf 77' lang='lat'><strong>“,</strong></span> 
     </span>
    </p>
   </div>
   <div class='ocr_carea' id='block_1_50' title="bbox 450 3176 2095 3276">
    <p class='ocr_par' dir='ltr' id='par_1_50' title="bbox 450 3176 2095 3276">
     <span class='ocr_line' id='line_1_50' title="bbox 450 3176 2095 3276; baseline 0 -41"><span class='ocrx_word' id='word_1_362' title='bbox 450 3183 742 3235; x_wconf 88' lang='lat' dir='ltr'><strong>miserante</strong></span> <span class='ocrx_word' id='word_1_363' title='bbox 781 3177 920 3244; x_wconf 89' lang='lat' dir='ltr'><strong>Deo,</strong></span> <span class='ocrx_word' id='word_1_364' title='bbox 949 3176 1266 3246; x_wconf 87' lang='lat' dir='ltr'><strong>justilicari,</strong></span> <span class='ocrx_word' id='word_1_365' title='bbox 1304 3179 1526 3248; x_wconf 89' lang='lat' dir='ltr'><strong>quinam</strong></span> <span class='ocrx_word' id='word_1_366' title='bbox 1566 3180 1841 3235; x_wconf 90' lang='lat' dir='ltr'><strong>dubitetur</strong></span> <span class='ocrx_word' id='word_1_367' title='bbox 1872 3183 2022 3250; x_wconf 89' lang='lat' dir='ltr'><strong>quin,</strong></span> <span class='ocrx_word' id='word_1_368' title='bbox 2054 3218 2095 3276; x_wconf 63' lang='grc' dir='ltr'>ο</span> 
     </span>
    </p>
   </div>
   <div class='ocr_carea' id='block_1_51' title="bbox 449 3271 2024 3341">
    <p class='ocr_par' dir='ltr' id='par_1_51' title="bbox 449 3271 2024 3341">
     <span class='ocr_line' id='line_1_51' title="bbox 449 3271 2024 3341; baseline -0.001 -12"><span class='ocrx_word' id='word_1_369' title='bbox 449 3273 701 3329; x_wconf 84' lang='lat' dir='ltr'><strong>asceticis</strong></span> <span class='ocrx_word' id='word_1_370' title='bbox 729 3271 1008 3326; x_wconf 73' lang='lat' dir='ltr'><strong>laboribus</strong></span> <span class='ocrx_word' id='word_1_371' title='bbox 1037 3287 1134 3326; x_wconf 91' lang='lat' dir='ltr'><strong>nos</strong></span> <span class='ocrx_word' id='word_1_372' title='bbox 1160 3281 1521 3338; x_wconf 80' lang='lat' dir='ltr'><strong>macerantes,</strong></span> <span class='ocrx_word' id='word_1_373' title='bbox 1547 3280 1600 3326; x_wconf 92' lang='lat' dir='ltr'><strong>et</strong></span> <span class='ocrx_word' id='word_1_374' title='bbox 1627 3281 1881 3341; x_wconf 88' lang='lat' dir='ltr'><strong>tanquam</strong></span> <span class='ocrx_word' id='word_1_375' title='bbox 1911 3287 2024 3341; x_wconf 75' lang='lat' dir='ltr'><strong>pte-</strong></span> 
     </span>
    </p>
   </div>
   <div class='ocr_carea' id='block_1_52' title="bbox 449 3361 2028 3432">
    <p class='ocr_par' dir='ltr' id='par_1_52' title="bbox 449 3361 2028 3432">
     <span class='ocr_line' id='line_1_52' title="bbox 449 3361 2028 3432; baseline -0.003 -12"><span class='ocrx_word' id='word_1_376' title='bbox 449 3381 548 3422; x_wconf 86' lang='lat' dir='ltr'><strong>nas</strong></span> <span class='ocrx_word' id='word_1_377' title='bbox 577 3381 605 3418; x_wconf 88' lang='lat' dir='ltr'><strong>a</strong></span> <span class='ocrx_word' id='word_1_378' title='bbox 633 3363 900 3432; x_wconf 84' lang='lat' dir='ltr'><strong>nobismet</strong></span> <span class='ocrx_word' id='word_1_379' title='bbox 928 3362 1224 3431; x_wconf 75' lang='lat' dir='ltr'><strong>exigentes,</strong></span> <span class='ocrx_word' id='word_1_380' title='bbox 1250 3371 1592 3432; x_wconf 87' lang='lat' dir='ltr'><strong>peccatorum</strong></span> <span class='ocrx_word' id='word_1_381' title='bbox 1619 3363 1830 3416; x_wconf 87' lang='lat' dir='ltr'><strong>veniam</strong></span> <span class='ocrx_word' id='word_1_382' title='bbox 1858 3376 1888 3415; x_wconf 88' lang='lat' dir='ltr'><strong>a</strong></span> <span class='ocrx_word' id='word_1_383' title='bbox 1919 3361 2028 3415; x_wconf 91' lang='lat' dir='ltr'><strong>Deo</strong></span> 
     </span>
    </p>
   </div>
   <div class='ocr_carea' id='block_1_53' title="bbox 450 3453 2024 3527">
    <p class='ocr_par' dir='ltr' id='par_1_53' title="bbox 450 3453 2024 3527">
     <span class='ocr_line' id='line_1_53' title="bbox 450 3453 2024 3527; baseline -0.004 -15"><span class='ocrx_word' id='word_1_384' title='bbox 450 3455 842 3527; x_wconf 85' lang='lat' dir='ltr'><strong>impetremus?</strong></span> <span class='ocrx_word' id='word_1_385' title='bbox 885 3453 1095 3522; x_wconf 74' lang='lat' dir='ltr'><strong>Lugere</strong></span> <span class='ocrx_word' id='word_1_386' title='bbox 1140 3454 1305 3523; x_wconf 80' lang='lat' dir='ltr'><strong>igitur</strong></span> <span class='ocrx_word' id='word_1_387' title='bbox 1345 3453 1530 3524; x_wconf 87' lang='lat' dir='ltr'><strong>jubet,</strong></span> <span class='ocrx_word' id='word_1_388' title='bbox 1575 3463 1629 3507; x_wconf 91' lang='lat' dir='ltr'><strong>et</strong></span> <span class='ocrx_word' id='word_1_389' title='bbox 1679 3453 2024 3507; x_wconf 84' lang='lat' dir='ltr'><strong>discindenda</strong></span> 
     </span>
    </p>
   </div>
   <div class='ocr_carea' id='block_1_54' title="bbox 456 3541 2031 3614">
    <p class='ocr_par' dir='ltr' id='par_1_54' title="bbox 456 3541 2031 3614">
     <span class='ocr_line' id='line_1_54' title="bbox 456 3541 2031 3614; baseline -0.005 -13"><span class='ocrx_word' id='word_1_390' title='bbox 456 3548 673 3614; x_wconf 82' lang='lat' dir='ltr'><strong>quidem</strong></span> <span class='ocrx_word' id='word_1_391' title='bbox 697 3545 1020 3600; x_wconf 83' lang='lat' dir='ltr'><strong>vestimenta</strong></span> <span class='ocrx_word' id='word_1_392' title='bbox 1049 3543 1296 3608; x_wconf 89' lang='lat' dir='ltr'><strong>minime;</strong></span> <span class='ocrx_word' id='word_1_393' title='bbox 1326 3541 1501 3610; x_wconf 87' lang='lat' dir='ltr'><strong>potius</strong></span> <span class='ocrx_word' id='word_1_394' title='bbox 1530 3551 1710 3595; x_wconf 86' lang='lat' dir='ltr'><strong>autem</strong></span> <span class='ocrx_word' id='word_1_395' title='bbox 1738 3541 1878 3610; x_wconf 89' lang='lat' dir='ltr'><strong>quod</strong></span> <span class='ocrx_word' id='word_1_396' title='bbox 1909 3556 2031 3608; x_wconf 89' lang='lat' dir='ltr'><strong>per-</strong></span> 
     </span>
    </p>
   </div>
   <div class='ocr_carea' id='block_1_55' title="bbox 449 3634 2024 3711">
    <p class='ocr_par' dir='ltr' id='par_1_55' title="bbox 449 3634 2024 3711">
     <span class='ocr_line' id='line_1_55' title="bbox 449 3634 2024 3711; baseline -0.004 -19"><span class='ocrx_word' id='word_1_397' title='bbox 449 3641 550 3711; x_wconf 81' lang='lat' dir='ltr'><strong>ripi</strong></span> <span class='ocrx_word' id='word_1_398' title='bbox 582 3639 766 3694; x_wconf 87' lang='lat' dir='ltr'><strong>animo</strong></span> <span class='ocrx_word' id='word_1_399' title='bbox 793 3648 847 3692; x_wconf 87' lang='lat' dir='ltr'><strong>et</strong></span> <span class='ocrx_word' id='word_1_400' title='bbox 879 3635 1203 3706; x_wconf 80' lang='lat' dir='ltr'><strong>cegitatioue</strong></span> <span class='ocrx_word' id='word_1_401' title='bbox 1229 3644 1406 3703; x_wconf 79' lang='lat' dir='ltr'><strong>putest</strong></span> <span class='ocrx_word' id='word_1_402' title='bbox 1425 3675 1440 3699; x_wconf 89' lang='lat'><strong>,</strong></span> <span class='ocrx_word' id='word_1_403' title='bbox 1470 3634 1676 3688; x_wconf 88' lang='lat' dir='ltr'><strong>immite</strong></span> <span class='ocrx_word' id='word_1_404' title='bbox 1703 3648 1767 3688; x_wconf 83' lang='lat' dir='ltr'><strong>ac</strong></span> <span class='ocrx_word' id='word_1_405' title='bbox 1794 3649 1991 3688; x_wconf 61' lang='lat' dir='ltr'><strong>saevum</strong></span> <span class='ocrx_word' id='word_1_406' title='bbox 2010 3673 2024 3699; x_wconf 91' lang='lat'><strong>,</strong></span> 
     </span>
    </p>
   </div>
   <div class='ocr_carea' id='block_1_56' title="bbox 444 3724 2026 3790">
    <p class='ocr_par' dir='ltr' id='par_1_56' title="bbox 444 3724 2026 3790">
     <span class='ocr_line' id='line_1_56' title="bbox 444 3724 2026 3790; baseline -0.008 0"><span class='ocrx_word' id='word_1_407' title='bbox 444 3744 498 3790; x_wconf 85' lang='lat' dir='ltr'><strong>et</strong></span> <span class='ocrx_word' id='word_1_408' title='bbox 545 3739 933 3788; x_wconf 89' lang='lat' dir='ltr'><strong>commutatum</strong></span> <span class='ocrx_word' id='word_1_409' title='bbox 988 3744 1081 3782; x_wconf 90' lang='lat' dir='ltr'><strong>seu</strong></span> <span class='ocrx_word' id='word_1_410' title='bbox 1137 3727 1443 3780; x_wconf 86' lang='lat' dir='ltr'><strong>induratum</strong></span> <span class='ocrx_word' id='word_1_411' title='bbox 1490 3741 1585 3778; x_wconf 87' lang='lat' dir='ltr'><strong>cor</strong></span> <span class='ocrx_word' id='word_1_412' title='bbox 1630 3724 2026 3779; x_wconf 86' lang='lat' dir='ltr'><strong>dissolvendum</strong></span> 
     </span>
    </p>
   </div>
   <div class='ocr_carea' id='block_1_57' title="bbox 446 3816 2026 3894">
    <p class='ocr_par' dir='ltr' id='par_1_57' title="bbox 446 3816 2026 3894">
     <span class='ocr_line' id='line_1_57' title="bbox 446 3816 2026 3894; baseline -0.004 -19"><span class='ocrx_word' id='word_1_413' title='bbox 446 3835 607 3894; x_wconf 77' lang='lat' dir='ltr'><strong>atque</strong></span> <span class='ocrx_word' id='word_1_414' title='bbox 629 3821 1035 3892; x_wconf 78' lang='lat' dir='ltr'><strong>explicandum,</strong></span> <span class='ocrx_word' id='word_1_415' title='bbox 1061 3834 1171 3888; x_wconf 89' lang='lat' dir='ltr'><strong>quo</strong></span> <span class='ocrx_word' id='word_1_416' title='bbox 1201 3817 1291 3871; x_wconf 87' lang='lat' dir='ltr'><strong>Dei</strong></span> <span class='ocrx_word' id='word_1_417' title='bbox 1325 3819 1486 3871; x_wconf 89' lang='lat' dir='ltr'><strong>timor</strong></span> <span class='ocrx_word' id='word_1_418' title='bbox 1511 3818 1862 3887; x_wconf 79' lang='lat' dir='ltr'><strong>ingrediatur.</strong></span> <span class='ocrx_word' id='word_1_419' title='bbox 1883 3816 2026 3871; x_wconf 87' lang='lat' dir='ltr'><strong>Scri-</strong></span> 
     </span>
    </p>
   </div>
   <div class='ocr_carea' id='block_1_58' title="bbox 451 3908 2023 3982">
    <p class='ocr_par' dir='ltr' id='par_1_58' title="bbox 451 3908 2023 3982">
     <span class='ocr_line' id='line_1_58' title="bbox 451 3908 2023 3982; baseline -0.005 -12"><span class='ocrx_word' id='word_1_420' title='bbox 451 3916 759 3982; x_wconf 81' lang='lat' dir='ltr'><strong>beusigitur</strong></span> <span class='ocrx_word' id='word_1_421' title='bbox 782 3915 845 3968; x_wconf 85' lang='lat' dir='ltr'><strong>ad</strong></span> <span class='ocrx_word' id='word_1_422' title='bbox 861 3912 1176 3967; x_wconf 84' lang='lat' dir='ltr'><strong>Corinthios</strong></span> <span class='ocrx_word' id='word_1_423' title='bbox 1193 3909 1426 3963; x_wconf 83' lang='lat' dir='ltr'><strong>Paulus:</strong></span> <span class='ocrx_word' id='word_1_424' title='bbox 1455 3926 1474 3959; x_wconf 79' lang='grc' dir='ltr'><strong>ι</strong></span> <span class='ocrx_word' id='word_1_425' title='bbox 1509 3908 1624 3963; x_wconf 83' lang='grc' dir='ltr'>Νοιι</span> <span class='ocrx_word' id='word_1_426' title='bbox 1643 3908 2023 3977; x_wconf 78' lang='lat' dir='ltr'><strong>angustiamiui</strong></span> 
     </span>
    </p>
   </div>
   <div class='ocr_carea' id='block_1_59' title="bbox 443 4000 2027 4073">
    <p class='ocr_par' dir='ltr' id='par_1_59' title="bbox 443 4000 2027 4073">
     <span class='ocr_line' id='line_1_59' title="bbox 443 4000 2027 4073; baseline -0.006 -12"><span class='ocrx_word' id='word_1_427' title='bbox 443 4007 500 4061; x_wconf 86' lang='lat' dir='ltr'><strong>in</strong></span> <span class='ocrx_word' id='word_1_428' title='bbox 522 4007 694 4068; x_wconf 87' lang='lat' dir='ltr'><strong>nobis,</strong></span> <span class='ocrx_word' id='word_1_429' title='bbox 723 4024 741 4056; x_wconf 75' lang='grc' dir='ltr'><strong>ι</strong></span> <span class='ocrx_word' id='word_1_430' title='bbox 763 4006 967 4073; x_wconf 85' lang='lat' dir='ltr'><strong>inquit;</strong></span> <span class='ocrx_word' id='word_1_431' title='bbox 994 4022 1011 4053; x_wconf 85' lang='grc' dir='ltr'><strong>ι</strong></span> <span class='ocrx_word' id='word_1_432' title='bbox 1035 4001 1410 4068; x_wconf 77' lang='lat' dir='ltr'><strong>angustiamini</strong></span> <span class='ocrx_word' id='word_1_433' title='bbox 1430 4012 1607 4053; x_wconf 88' lang='lat' dir='ltr'><strong>autem</strong></span> <span class='ocrx_word' id='word_1_434' title='bbox 1645 4000 1695 4052; x_wconf 93' lang='lat' dir='ltr'><strong>in</strong></span> <span class='ocrx_word' id='word_1_435' title='bbox 1728 4000 2027 4053; x_wconf 86' lang='lat' dir='ltr'><strong>visceribus</strong></span> 
     </span>
    </p>
   </div>
   <div class='ocr_carea' id='block_1_60' title="bbox 448 4092 2025 4157">
    <p class='ocr_par' dir='ltr' id='par_1_60' title="bbox 448 4092 2025 4157">
     <span class='ocr_line' id='line_1_60' title="bbox 448 4092 2025 4157; baseline -0.006 -6"><span class='ocrx_word' id='word_1_436' title='bbox 448 4098 660 4154; x_wconf 82' lang='lat' dir='ltr'><strong>vestris.</strong></span> <span class='ocrx_word' id='word_1_437' title='bbox 698 4097 950 4152; x_wconf 85' lang='lat' dir='ltr'><strong>Eamdern</strong></span> <span class='ocrx_word' id='word_1_438' title='bbox 987 4105 1165 4150; x_wconf 89' lang='lat' dir='ltr'><strong>autem</strong></span> <span class='ocrx_word' id='word_1_439' title='bbox 1204 4095 1466 4148; x_wconf 87' lang='lat' dir='ltr'><strong>habentes</strong></span> <span class='ocrx_word' id='word_1_440' title='bbox 1500 4092 2025 4157; x_wconf 85' lang='lat' dir='ltr'><strong>remunerationem,</strong></span> 
     </span>
    </p>
   </div>
   <div class='ocr_carea' id='block_1_61' title="bbox 452 4180 2030 4256">
    <p class='ocr_par' dir='ltr' id='par_1_61' title="bbox 452 4180 2030 4256">
     <span class='ocr_line' id='line_1_61' title="bbox 452 4180 2030 4256; baseline -0.005 -14"><span class='ocrx_word' id='word_1_441' title='bbox 452 4197 702 4256; x_wconf 87' lang='lat' dir='ltr'><strong>tanquam</strong></span> <span class='ocrx_word' id='word_1_442' title='bbox 742 4188 864 4242; x_wconf 85' lang='lat' dir='ltr'><strong>filiis</strong></span> <span class='ocrx_word' id='word_1_443' title='bbox 899 4187 1040 4248; x_wconf 87' lang='lat' dir='ltr'><strong>dico,</strong></span> <span class='ocrx_word' id='word_1_444' title='bbox 1078 4184 1377 4238; x_wconf 82' lang='lat' dir='ltr'><strong>dilatamini</strong></span> <span class='ocrx_word' id='word_1_445' title='bbox 1418 4194 1471 4236; x_wconf 89' lang='lat' dir='ltr'><strong>et</strong></span> <span class='ocrx_word' id='word_1_446' title='bbox 1506 4196 1601 4235; x_wconf 88' lang='lat' dir='ltr'><strong>vos</strong></span> <span class='ocrx_word' id='word_1_447' title='bbox 1624 4182 1690 4234; x_wconf 71' lang='grc'><strong>⁸⁷.</strong></span> <span class='ocrx_word' id='word_1_448' title='bbox 1734 4199 1751 4232; x_wconf 76' lang='grc' dir='ltr'><strong>ι</strong></span> <span class='ocrx_word' id='word_1_449' title='bbox 1793 4180 2030 4235; x_wconf 86' lang='lat' dir='ltr'><strong>Dilatare</strong></span> 
     </span>
    </p>
   </div>
   <div class='ocr_carea' id='block_1_62' title="bbox 449 4264 2028 4350">
    <p class='ocr_par' dir='ltr' id='par_1_62' title="bbox 449 4264 2028 4350">
     <span class='ocr_line' id='line_1_62' title="bbox 449 4264 2028 4350; baseline -0.008 -16"><span class='ocrx_word' id='word_1_450' title='bbox 449 4264 576 4350; x_wconf 76' lang='lat' dir='ltr'><strong>ergo</strong></span> <span class='ocrx_word' id='word_1_451' title='bbox 613 4292 710 4334; x_wconf 91' lang='lat' dir='ltr'><strong>cor</strong></span> <span class='ocrx_word' id='word_1_452' title='bbox 741 4287 987 4344; x_wconf 88' lang='lat' dir='ltr'><strong>oportet,</strong></span> <span class='ocrx_word' id='word_1_453' title='bbox 1027 4284 1282 4343; x_wconf 78' lang='lat' dir='ltr'><strong>tanquam</strong></span> <span class='ocrx_word' id='word_1_454' title='bbox 1323 4273 1462 4328; x_wconf 88' lang='lat' dir='ltr'><strong>Deo.</strong></span> <span class='ocrx_word' id='word_1_455' title='bbox 1498 4281 1548 4326; x_wconf 92' lang='lat' dir='ltr'><strong>et</strong></span> <span class='ocrx_word' id='word_1_456' title='bbox 1591 4269 1754 4340; x_wconf 85' lang='lat' dir='ltr'><strong>prope</strong></span> <span class='ocrx_word' id='word_1_457' title='bbox 1790 4279 2028 4324; x_wconf 90' lang='lat' dir='ltr'><strong>mentem</strong></span> 
     </span>
    </p>
   </div>
   <div class='ocr_carea' id='block_1_63' title="bbox 449 4361 2027 4441">
    <p class='ocr_par' dir='ltr' id='par_1_63' title="bbox 449 4361 2027 4441">
     <span class='ocr_line' id='line_1_63' title="bbox 449 4361 2027 4441; baseline -0.005 -19"><span class='ocrx_word' id='word_1_458' title='bbox 449 4374 808 4441; x_wconf 68' lang='lat' dir='ltr'><strong>disrumpere,</strong></span> <span class='ocrx_word' id='word_1_459' title='bbox 839 4379 895 4420; x_wconf 89' lang='lat' dir='ltr'><strong>ut</strong></span> <span class='ocrx_word' id='word_1_460' title='bbox 930 4365 1072 4435; x_wconf 87' lang='lat' dir='ltr'><strong>quod</strong></span> <span class='ocrx_word' id='word_1_461' title='bbox 1102 4366 1215 4432; x_wconf 76' lang='lat' dir='ltr'><strong>ejus</strong></span> <span class='ocrx_word' id='word_1_462' title='bbox 1245 4375 1346 4428; x_wconf 88' lang='lat' dir='ltr'><strong>est,</strong></span> <span class='ocrx_word' id='word_1_463' title='bbox 1378 4365 1625 4433; x_wconf 83' lang='lat' dir='ltr'><strong>recipiat.</strong></span> <span class='ocrx_word' id='word_1_464' title='bbox 1653 4361 1785 4415; x_wconf 85' lang='lat' dir='ltr'><strong>Nam</strong></span> <span class='ocrx_word' id='word_1_465' title='bbox 1820 4362 2027 4415; x_wconf 79' lang='lat' dir='ltr'><strong>moesti-</strong></span> 
     </span>
    </p>
   </div>
   <div class='ocr_carea' id='block_1_64' title="bbox 451 4455 2027 4531">
    <p class='ocr_par' dir='ltr' id='par_1_64' title="bbox 451 4455 2027 4531">
     <span class='ocr_line' id='line_1_64' title="bbox 451 4455 2027 4531; baseline -0.006 -16"><span class='ocrx_word' id='word_1_466' title='bbox 451 4465 582 4517; x_wconf 84' lang='lat' dir='ltr'><strong>tiam</strong></span> <span class='ocrx_word' id='word_1_467' title='bbox 618 4462 851 4531; x_wconf 80' lang='lat' dir='ltr'><strong>fingere,</strong></span> <span class='ocrx_word' id='word_1_468' title='bbox 890 4459 1060 4526; x_wconf 88' lang='lat' dir='ltr'><strong>ruptis</strong></span> <span class='ocrx_word' id='word_1_469' title='bbox 1094 4456 1291 4510; x_wconf 79' lang='lat' dir='ltr'><strong>frustra</strong></span> <span class='ocrx_word' id='word_1_470' title='bbox 1330 4473 1392 4509; x_wconf 91' lang='lat' dir='ltr'><strong>ac</strong></span> <span class='ocrx_word' id='word_1_471' title='bbox 1431 4467 1631 4509; x_wconf 86' lang='lat' dir='ltr'><strong>temere</strong></span> <span class='ocrx_word' id='word_1_472' title='bbox 1661 4455 2027 4516; x_wconf 90' lang='lat' dir='ltr'><strong>vestimentis,</strong></span> 
     </span>
    </p>
   </div>
   <div class='ocr_carea' id='block_1_65' title="bbox 2136 1906 3711 1981">
    <p class='ocr_par' dir='ltr' id='par_1_65' title="bbox 2136 1906 3711 1981">
     <span class='ocr_line' id='line_1_65' title="bbox 2136 1906 3711 1981; baseline 0 -16"><span class='ocrx_word' id='word_1_473' title='bbox 2136 1911 2337 1974; x_wconf 83' lang='grc' dir='ltr'>πλάτος</span> <span class='ocrx_word' id='word_1_474' title='bbox 2369 1911 2604 1981; x_wconf 74' lang='grc' dir='ltr'>ἔρχεται.</span> <span class='ocrx_word' id='word_1_475' title='bbox 2661 1911 2946 1980; x_wconf 80' lang='grc' dir='ltr'>Χρήσιμον</span> <span class='ocrx_word' id='word_1_476' title='bbox 2987 1906 3081 1964; x_wconf 84' lang='grc' dir='ltr'><strong>οὖν</strong></span> <span class='ocrx_word' id='word_1_477' title='bbox 3118 1908 3227 1981; x_wconf 78' lang='grc' dir='ltr'>ἄρα</span> <span class='ocrx_word' id='word_1_478' title='bbox 3271 1911 3334 1964; x_wconf 81' lang='grc' dir='ltr'>τὸ</span> <span class='ocrx_word' id='word_1_479' title='bbox 3385 1912 3591 1966; x_wconf 82' lang='grc' dir='ltr'>κλαίειν</span> <span class='ocrx_word' id='word_1_480' title='bbox 3632 1912 3711 1980; x_wconf 67' lang='grc' dir='ltr'><strong>ἔφ’</strong></span> 
     </span>
    </p>
   </div>
   <div class='ocr_carea' id='block_1_66' title="bbox 2136 2001 3717 2074">
    <p class='ocr_par' dir='ltr' id='par_1_66' title="bbox 2136 2001 3717 2074">
     <span class='ocr_line' id='line_1_66' title="bbox 2136 2001 3717 2074; baseline 0.001 -18"><span class='ocrx_word' id='word_1_481' title='bbox 2136 2002 2460 2074; x_wconf 86' lang='grc' dir='ltr'>ἁμαρτίαις,</span> <span class='ocrx_word' id='word_1_482' title='bbox 2489 2003 2581 2055; x_wconf 76' lang='grc' dir='ltr'><strong>καὶ</strong></span> <span class='ocrx_word' id='word_1_483' title='bbox 2606 2001 2896 2056; x_wconf 87' lang='grc' dir='ltr'>λυπεῖσθαι</span> <span class='ocrx_word' id='word_1_484' title='bbox 2923 2003 3080 2056; x_wconf 76' lang='grc' dir='ltr'>»κατά</span> <span class='ocrx_word' id='word_1_485' title='bbox 3109 2002 3262 2056; x_wconf 89' lang='grc' dir='ltr'>Θεόν.</span> <span class='ocrx_word' id='word_1_486' title='bbox 3303 2003 3392 2065; x_wconf 80' lang='grc' dir='ltr'>Ὠς</span> <span class='ocrx_word' id='word_1_487' title='bbox 3425 2003 3536 2072; x_wconf 81' lang='grc' dir='ltr'>γὰρ</span> <span class='ocrx_word' id='word_1_488' title='bbox 3565 2003 3717 2057; x_wconf 82' lang='grc' dir='ltr'>Παῦ-</span> 
     </span>
    </p>
   </div>
   <div class='ocr_carea' id='block_1_67' title="bbox 2133 2092 3722 2164">
    <p class='ocr_par' dir='ltr' id='par_1_67' title="bbox 2133 2092 3722 2164">
     <span class='ocr_line' id='line_1_67' title="bbox 2133 2092 3722 2164; baseline 0.003 -21"><span class='ocrx_word' id='word_1_489' title='bbox 2133 2092 2222 2156; x_wconf 84' lang='grc' dir='ltr'><strong>λος</strong></span> <span class='ocrx_word' id='word_1_490' title='bbox 2265 2094 2504 2164; x_wconf 78' lang='grc' dir='ltr'>γράφει,</span> <span class='ocrx_word' id='word_1_491' title='bbox 2536 2111 2556 2144; x_wconf 72' lang='grc' dir='ltr'><strong>ι</strong></span> <span class='ocrx_word' id='word_1_492' title='bbox 2598 2093 2663 2147; x_wconf 86' lang='grc' dir='ltr'><strong><em>Ἡ</em></strong></span> <span class='ocrx_word' id='word_1_493' title='bbox 2721 2093 2864 2147; x_wconf 88' lang='grc' dir='ltr'><strong>κατά</strong></span> <span class='ocrx_word' id='word_1_494' title='bbox 2901 2093 3035 2146; x_wconf 85' lang='grc' dir='ltr'>Θεὸν</span> <span class='ocrx_word' id='word_1_495' title='bbox 3095 2093 3239 2163; x_wconf 88' lang='grc' dir='ltr'>λύπη</span> <span class='ocrx_word' id='word_1_496' title='bbox 3294 2095 3583 2164; x_wconf 81' lang='grc' dir='ltr'>μετάνοιαν</span> <span class='ocrx_word' id='word_1_497' title='bbox 3637 2095 3722 2156; x_wconf 85' lang='grc' dir='ltr'><strong>είς</strong></span> 
     </span>
    </p>
   </div>
   <div class='ocr_carea' id='block_1_68' title="bbox 2135 2183 3724 2256">
    <p class='ocr_par' dir='ltr' id='par_1_68' title="bbox 2135 2183 3724 2256">
     <span class='ocr_line' id='line_1_68' title="bbox 2135 2183 3724 2256; baseline 0.001 -21"><span class='ocrx_word' id='word_1_498' title='bbox 2135 2183 2404 2254; x_wconf 84' lang='grc' dir='ltr'>σωτηρίαν</span> <span class='ocrx_word' id='word_1_499' title='bbox 2439 2184 2924 2255; x_wconf 83' lang='grc' dir='ltr'>ἁναμεταμέλητον</span> <span class='ocrx_word' id='word_1_500' title='bbox 2961 2184 3379 2254; x_wconf 79' lang='grc' dir='ltr'>κατεργάζεται.</span> <span class='ocrx_word' id='word_1_501' title='bbox 3422 2204 3440 2236; x_wconf 79' lang='grc' dir='ltr'><strong>ι</strong></span> <span class='ocrx_word' id='word_1_502' title='bbox 3469 2185 3724 2256; x_wconf 83' lang='grc' dir='ltr'>Μακαρί-</span> 
     </span>
    </p>
   </div>
   <div class='ocr_carea' id='block_1_69' title="bbox 2133 2264 3721 2344">
    <p class='ocr_par' dir='ltr' id='par_1_69' title="bbox 2133 2264 3721 2344">
     <span class='ocr_line' id='line_1_69' title="bbox 2133 2264 3721 2344; baseline 0.002 -18"><span class='ocrx_word' id='word_1_503' title='bbox 2133 2273 2214 2337; x_wconf 77' lang='grc' dir='ltr'>ζει</span> <span class='ocrx_word' id='word_1_504' title='bbox 2243 2274 2300 2326; x_wconf 85' lang='grc' dir='ltr'>δὲ</span> <span class='ocrx_word' id='word_1_505' title='bbox 2330 2274 2424 2327; x_wconf 74' lang='grc' dir='ltr'><strong>καὶ</strong></span> <span class='ocrx_word' id='word_1_506' title='bbox 2450 2264 2613 2336; x_wconf 77' lang='grc' dir='ltr'>αὐτὸς</span> <span class='ocrx_word' id='word_1_507' title='bbox 2643 2277 2670 2328; x_wconf 91' lang='lat'><strong>6</strong></span> <span class='ocrx_word' id='word_1_508' title='bbox 2723 2275 2958 2344; x_wconf 79' lang='grc' dir='ltr'>Χριστὸς</span> <span class='ocrx_word' id='word_1_509' title='bbox 3005 2293 3024 2325; x_wconf 76' lang='grc' dir='ltr'><strong>ι</strong></span> <span class='ocrx_word' id='word_1_510' title='bbox 3057 2275 3185 2338; x_wconf 81' lang='grc' dir='ltr'>τοὺς</span> <span class='ocrx_word' id='word_1_511' title='bbox 3225 2275 3581 2339; x_wconf 88' lang='grc' dir='ltr'>πενθοῦντας,</span> <span class='ocrx_word' id='word_1_512' title='bbox 3629 2277 3721 2329; x_wconf 78' lang='grc' dir='ltr'>ὅτι</span> 
     </span>
    </p>
   </div>
   <div class='ocr_carea' id='block_1_70' title="bbox 2135 2367 3725 2439">
    <p class='ocr_par' dir='ltr' id='par_1_70' title="bbox 2135 2367 3725 2439">
     <span class='ocr_line' id='line_1_70' title="bbox 2135 2367 3725 2439; baseline 0.002 -20"><span class='ocrx_word' id='word_1_513' title='bbox 2135 2368 2288 2420; x_wconf 73' lang='grc' dir='ltr'>αὐτοὶ</span> <span class='ocrx_word' id='word_1_514' title='bbox 2321 2368 2856 2438; x_wconf 83' lang='grc' dir='ltr'>παρακληθήσονται.</span> <span class='ocrx_word' id='word_1_515' title='bbox 2897 2387 2916 2418; x_wconf 75' lang='grc' dir='ltr'><strong>ι</strong></span> <span class='ocrx_word' id='word_1_516' title='bbox 2951 2369 3061 2421; x_wconf 76' lang='grc' dir='ltr'>Καὶ</span> <span class='ocrx_word' id='word_1_517' title='bbox 3086 2368 3190 2439; x_wconf 83' lang='grc' dir='ltr'>μὴν</span> <span class='ocrx_word' id='word_1_518' title='bbox 3213 2371 3309 2421; x_wconf 72' lang='grc' dir='ltr'>καὶ</span> <span class='ocrx_word' id='word_1_519' title='bbox 3332 2367 3361 2420; x_wconf 84' lang='lat'><strong>6</strong></span> <span class='ocrx_word' id='word_1_520' title='bbox 3389 2369 3550 2436; x_wconf 81' lang='grc' dir='ltr'>σοφὸς</span> <span class='ocrx_word' id='word_1_521' title='bbox 3582 2370 3725 2439; x_wconf 74' lang='grc' dir='ltr'>ἡμῖν</span> 
     </span>
    </p>
   </div>
   <div class='ocr_carea' id='block_1_71' title="bbox 2132 2457 3722 2528">
    <p class='ocr_par' dir='ltr' id='par_1_71' title="bbox 2132 2457 3722 2528">
     <span class='ocr_line' id='line_1_71' title="bbox 2132 2457 3722 2528; baseline 0.004 -21"><span class='ocrx_word' id='word_1_522' title='bbox 2132 2457 2384 2526; x_wconf 85' lang='grc' dir='ltr'>Σολομῶν</span> <span class='ocrx_word' id='word_1_523' title='bbox 2405 2457 2645 2511; x_wconf 90' lang='grc' dir='ltr'>τοιοῦτόν</span> <span class='ocrx_word' id='word_1_524' title='bbox 2677 2458 2730 2510; x_wconf 89' lang='grc' dir='ltr'><strong>τί</strong></span> <span class='ocrx_word' id='word_1_525' title='bbox 2763 2474 2926 2528; x_wconf 85' lang='grc' dir='ltr'>φησιν</span> <span class='ocrx_word' id='word_1_526' title='bbox 2956 2459 3390 2528; x_wconf 60' lang='grc' dir='ltr'>αἰνιγματωδῶς</span> <span class='ocrx_word' id='word_1_527' title='bbox 3425 2477 3444 2510; x_wconf 76' lang='grc' dir='ltr'><strong>ι</strong></span> <span class='ocrx_word' id='word_1_528' title='bbox 3488 2459 3722 2528; x_wconf 82' lang='grc' dir='ltr'>Ἀγαθὸν</span> 
     </span>
    </p>
   </div>
   <div class='ocr_carea' id='block_1_72' title="bbox 2131 2546 3720 2622">
    <p class='ocr_par' dir='ltr' id='par_1_72' title="bbox 2131 2546 3720 2622">
     <span class='ocr_line' id='line_1_72' title="bbox 2131 2546 3720 2622; baseline 0.003 -22"><span class='ocrx_word' id='word_1_529' title='bbox 2131 2549 2192 2600; x_wconf 82' lang='grc' dir='ltr'><strong>τὸ</strong></span> <span class='ocrx_word' id='word_1_530' title='bbox 2225 2548 2555 2619; x_wconf 83' lang='grc' dir='ltr'>πορευθῆναι</span> <span class='ocrx_word' id='word_1_531' title='bbox 2581 2551 2662 2613; x_wconf 82' lang='grc' dir='ltr'><strong>είς</strong></span> <span class='ocrx_word' id='word_1_532' title='bbox 2686 2546 2833 2604; x_wconf 75' lang='grc' dir='ltr'>οἷκον</span> <span class='ocrx_word' id='word_1_533' title='bbox 2853 2550 3102 2614; x_wconf 84' lang='grc' dir='ltr'>πένθους,</span> <span class='ocrx_word' id='word_1_534' title='bbox 3132 2551 3164 2621; x_wconf 83' lang='grc' dir='ltr'><strong>ἢ</strong></span> <span class='ocrx_word' id='word_1_535' title='bbox 3198 2551 3258 2603; x_wconf 84' lang='grc' dir='ltr'>τὺ</span> <span class='ocrx_word' id='word_1_536' title='bbox 3279 2549 3614 2622; x_wconf 82' lang='grc' dir='ltr'>πορευθῆναι</span> <span class='ocrx_word' id='word_1_537' title='bbox 3638 2553 3720 2616; x_wconf 82' lang='grc' dir='ltr'><strong>είς</strong></span> 
     </span>
    </p>
   </div>
   <div class='ocr_carea' id='block_1_73' title="bbox 2133 2635 3719 2712">
    <p class='ocr_par' dir='ltr' id='par_1_73' title="bbox 2133 2635 3719 2712">
     <span class='ocr_line' id='line_1_73' title="bbox 2133 2635 3719 2712; baseline 0.002 -20"><span class='ocrx_word' id='word_1_538' title='bbox 2133 2635 2281 2692; x_wconf 76' lang='grc' dir='ltr'>οἶκον</span> <span class='ocrx_word' id='word_1_539' title='bbox 2319 2639 2504 2692; x_wconf 88' lang='grc' dir='ltr'>πότου.</span> <span class='ocrx_word' id='word_1_540' title='bbox 2549 2658 2568 2690; x_wconf 75' lang='grc' dir='ltr'><strong>ι</strong></span> <span class='ocrx_word' id='word_1_541' title='bbox 2599 2640 2746 2710; x_wconf 78' lang='grc' dir='ltr'>Πλὴν</span> <span class='ocrx_word' id='word_1_542' title='bbox 2799 2641 2974 2696; x_wconf 77' lang='grc' dir='ltr'>έκεῖνο</span> <span class='ocrx_word' id='word_1_543' title='bbox 3023 2643 3337 2712; x_wconf 85' lang='grc' dir='ltr'>περιαθρεῖν</span> <span class='ocrx_word' id='word_1_544' title='bbox 3381 2642 3719 2710; x_wconf 83' lang='grc' dir='ltr'>ἀναγκαῖον,</span> 
     </span>
    </p>
   </div>
   <div class='ocr_carea' id='block_1_74' title="bbox 2133 2731 3722 2803">
    <p class='ocr_par' dir='ltr' id='par_1_74' title="bbox 2133 2731 3722 2803">
     <span class='ocr_line' id='line_1_74' title="bbox 2133 2731 3722 2803; baseline 0.002 -20"><span class='ocrx_word' id='word_1_545' title='bbox 2133 2731 2233 2799; x_wconf 80' lang='grc' dir='ltr'>ὅση</span> <span class='ocrx_word' id='word_1_546' title='bbox 2263 2747 2346 2793; x_wconf 89' lang='grc' dir='ltr'><strong>τις</strong></span> <span class='ocrx_word' id='word_1_547' title='bbox 2368 2731 2486 2782; x_wconf 77' lang='grc' dir='ltr'>ἐστὶ</span> <span class='ocrx_word' id='word_1_548' title='bbox 2514 2731 2612 2800; x_wconf 80' lang='grc' dir='ltr'>τῆς</span> <span class='ocrx_word' id='word_1_549' title='bbox 2637 2732 2889 2801; x_wconf 88' lang='grc' dir='ltr'>νηστείας</span> <span class='ocrx_word' id='word_1_550' title='bbox 2937 2735 2969 2802; x_wconf 84' lang='grc' dir='ltr'><strong>ή</strong></span> <span class='ocrx_word' id='word_1_551' title='bbox 3017 2731 3270 2803; x_wconf 85' lang='grc' dir='ltr'>δύναμις.</span> <span class='ocrx_word' id='word_1_552' title='bbox 3307 2733 3605 2803; x_wconf 80' lang='grc' dir='ltr'>Ἐξημεροῖ</span> <span class='ocrx_word' id='word_1_553' title='bbox 3628 2733 3722 2786; x_wconf 71' lang='grc' dir='ltr'><strong>τὸν</strong></span> 
     </span>
    </p>
   </div>
   <div class='ocr_carea' id='block_1_75' title="bbox 2132 2822 3723 2895">
    <p class='ocr_par' dir='ltr' id='par_1_75' title="bbox 2132 2822 3723 2895">
     <span class='ocr_line' id='line_1_75' title="bbox 2132 2822 3723 2895; baseline 0.003 -22"><span class='ocrx_word' id='word_1_554' title='bbox 2132 2822 2428 2891; x_wconf 88' lang='grc' dir='ltr'>Δεσπότην,</span> <span class='ocrx_word' id='word_1_555' title='bbox 2460 2822 2776 2886; x_wconf 82' lang='grc' dir='ltr'>κατευνάζει</span> <span class='ocrx_word' id='word_1_556' title='bbox 2809 2823 2908 2893; x_wconf 80' lang='grc' dir='ltr'><strong>τὴν</strong></span> <span class='ocrx_word' id='word_1_557' title='bbox 2958 2824 3146 2894; x_wconf 79' lang='grc' dir='ltr'>ὀργὴν,</span> <span class='ocrx_word' id='word_1_558' title='bbox 3189 2825 3485 2895; x_wconf 82' lang='grc' dir='ltr'>ἀνατρέπει</span> <span class='ocrx_word' id='word_1_559' title='bbox 3511 2826 3611 2894; x_wconf 86' lang='grc' dir='ltr'>τὴν</span> <span class='ocrx_word' id='word_1_560' title='bbox 3639 2825 3723 2877; x_wconf 86' lang='grc' dir='ltr'>κό-</span> 
     </span>
    </p>
   </div>
   <div class='ocr_carea' id='block_1_76' title="bbox 2131 2911 3720 2984">
    <p class='ocr_par' dir='ltr' id='par_1_76' title="bbox 2131 2911 3720 2984">
     <span class='ocr_line' id='line_1_76' title="bbox 2131 2911 3720 2984; baseline 0.001 -20"><span class='ocrx_word' id='word_1_561' title='bbox 2131 2911 2306 2966; x_wconf 89' lang='grc' dir='ltr'>λασιν.</span> <span class='ocrx_word' id='word_1_562' title='bbox 2350 2912 2606 2975; x_wconf 76' lang='grc' dir='ltr'>Ἑαυτοὺς</span> <span class='ocrx_word' id='word_1_563' title='bbox 2633 2912 2742 2983; x_wconf 86' lang='grc' dir='ltr'>γὰρ</span> <span class='ocrx_word' id='word_1_564' title='bbox 2772 2911 3126 2982; x_wconf 78' lang='grc' dir='ltr'>αίκιζόμενοι,</span> <span class='ocrx_word' id='word_1_565' title='bbox 3164 2915 3444 2983; x_wconf 71' lang='grc' dir='ltr'>μονονουχὶ</span> <span class='ocrx_word' id='word_1_566' title='bbox 3467 2914 3720 2984; x_wconf 84' lang='grc' dir='ltr'>ἀγριαίν-</span> 
     </span>
    </p>
   </div>
   <div class='ocr_carea' id='block_1_77' title="bbox 2131 3000 3714 3074">
    <p class='ocr_par' dir='ltr' id='par_1_77' title="bbox 2131 3000 3714 3074">
     <span class='ocr_line' id='line_1_77' title="bbox 2131 3000 3714 3074; baseline 0.002 -19"><span class='ocrx_word' id='word_1_567' title='bbox 2131 3019 2280 3067; x_wconf 85' lang='grc' dir='ltr'>οντα,</span> <span class='ocrx_word' id='word_1_568' title='bbox 2327 3001 2423 3055; x_wconf 69' lang='grc' dir='ltr'>κα¹ι</span> <span class='ocrx_word' id='word_1_569' title='bbox 2447 3002 2810 3073; x_wconf 88' lang='grc' dir='ltr'>λελυττηκότα</span> <span class='ocrx_word' id='word_1_570' title='bbox 2839 3003 2929 3056; x_wconf 82' lang='grc' dir='ltr'><strong>τὸν</strong></span> <span class='ocrx_word' id='word_1_571' title='bbox 2954 3003 3094 3056; x_wconf 85' lang='grc' dir='ltr'>θεῖον</span> <span class='ocrx_word' id='word_1_572' title='bbox 3126 3003 3248 3056; x_wconf 88' lang='grc' dir='ltr'>καθ’</span> <span class='ocrx_word' id='word_1_573' title='bbox 3275 3005 3434 3073; x_wconf 78' lang='grc' dir='ltr'>ἡμῶν</span> <span class='ocrx_word' id='word_1_574' title='bbox 3475 3000 3536 3057; x_wconf 82' lang='grc' dir='ltr'>εὖ</span> <span class='ocrx_word' id='word_1_575' title='bbox 3576 3005 3714 3074; x_wconf 81' lang='grc' dir='ltr'>μάλα</span> 
     </span>
    </p>
   </div>
   <div class='ocr_carea' id='block_1_78' title="bbox 2130 3092 3715 3165">
    <p class='ocr_par' dir='ltr' id='par_1_78' title="bbox 2130 3092 3715 3165">
     <span class='ocr_line' id='line_1_78' title="bbox 2130 3092 3715 3165; baseline 0.002 -20"><span class='ocrx_word' id='word_1_576' title='bbox 2130 3093 2489 3163; x_wconf 86' lang='grc' dir='ltr'>δυσωποῦμεν</span> <span class='ocrx_word' id='word_1_577' title='bbox 2517 3093 2708 3162; x_wconf 81' lang='grc' dir='ltr'>θυμὸν,</span> <span class='ocrx_word' id='word_1_578' title='bbox 2742 3093 2836 3146; x_wconf 76' lang='grc' dir='ltr'>καὶ</span> <span class='ocrx_word' id='word_1_579' title='bbox 2864 3092 2961 3165; x_wconf 79' lang='grc' dir='ltr'>τὴν</span> <span class='ocrx_word' id='word_1_580' title='bbox 2989 3097 3146 3165; x_wconf 87' lang='grc' dir='ltr'>χεῖρα</span> <span class='ocrx_word' id='word_1_581' title='bbox 3187 3093 3282 3148; x_wconf 87' lang='grc' dir='ltr'><strong>τοῦ</strong></span> <span class='ocrx_word' id='word_1_582' title='bbox 3314 3095 3715 3159; x_wconf 87' lang='grc' dir='ltr'>καταπαίοντος</span> 
     </span>
    </p>
   </div>
   <div class='ocr_carea' id='block_1_79' title="bbox 2130 3182 3721 3257">
    <p class='ocr_par' dir='ltr' id='par_1_79' title="bbox 2130 3182 3721 3257">
     <span class='ocr_line' id='line_1_79' title="bbox 2130 3182 3721 3257; baseline 0.003 -23"><span class='ocrx_word' id='word_1_583' title='bbox 2130 3183 2366 3246; x_wconf 82' lang='grc' dir='ltr'>εὐκόλως</span> <span class='ocrx_word' id='word_1_584' title='bbox 2398 3182 2777 3251; x_wconf 78' lang='grc' dir='ltr'>συστέλλομεν.</span> <span class='ocrx_word' id='word_1_585' title='bbox 2814 3183 2876 3235; x_wconf 77' lang='lat' dir='ltr'><strong>Ei</strong></span> <span class='ocrx_word' id='word_1_586' title='bbox 2919 3185 3029 3252; x_wconf 85' lang='grc' dir='ltr'><strong>γάρ</strong></span> <span class='ocrx_word' id='word_1_587' title='bbox 3075 3185 3223 3238; x_wconf 73' lang='grc' dir='ltr'>ἐστιν</span> <span class='ocrx_word' id='word_1_588' title='bbox 3252 3185 3476 3257; x_wconf 86' lang='grc' dir='ltr'>ἀληθὲς,</span> <span class='ocrx_word' id='word_1_589' title='bbox 3512 3189 3598 3240; x_wconf 83' lang='grc' dir='ltr'><strong>ὅτι</strong></span> <span class='ocrx_word' id='word_1_590' title='bbox 3629 3188 3721 3240; x_wconf 68' lang='grc' dir='ltr'>καὶ</span> 
     </span>
    </p>
   </div>
   <div class='ocr_carea' id='block_1_80' title="bbox 2134 3272 3720 3346">
    <p class='ocr_par' dir='ltr' id='par_1_80' title="bbox 2134 3272 3720 3346">
     <span class='ocr_line' id='line_1_80' title="bbox 2134 3272 3720 3346; baseline 0.003 -21"><span class='ocrx_word' id='word_1_591' title='bbox 2134 3274 2291 3343; x_wconf 85' lang='grc' dir='ltr'>μόνον</span> <span class='ocrx_word' id='word_1_592' title='bbox 2329 3272 2719 3343; x_wconf 84' lang='grc' dir='ltr'>ὁμολογοῦντες</span> <span class='ocrx_word' id='word_1_593' title='bbox 2770 3273 2871 3336; x_wconf 80' lang='grc' dir='ltr'>τὰς</span> <span class='ocrx_word' id='word_1_594' title='bbox 2921 3274 3196 3343; x_wconf 85' lang='grc' dir='ltr'>ἁμαρτίας</span> <span class='ocrx_word' id='word_1_595' title='bbox 3248 3277 3720 3346; x_wconf 84' lang='grc' dir='ltr'>κατοικτείροντος</span> 
     </span>
    </p>
   </div>
   <div class='ocr_carea' id='block_1_81' title="bbox 2129 3360 3714 3432">
    <p class='ocr_par' dir='ltr' id='par_1_81' title="bbox 2129 3360 3714 3432">
     <span class='ocr_line' id='line_1_81' title="bbox 2129 3360 3714 3432; baseline 0.004 -19"><span class='ocrx_word' id='word_1_596' title='bbox 2129 3360 2263 3414; x_wconf 85' lang='grc' dir='ltr'>Θεοῦ</span> <span class='ocrx_word' id='word_1_597' title='bbox 2301 3361 2686 3432; x_wconf 70' lang='grc' dir='ltr'>δικαιούμεθα,</span> <span class='ocrx_word' id='word_1_598' title='bbox 2709 3362 2825 3425; x_wconf 85' lang='grc' dir='ltr'><strong>πῶς</strong></span> <span class='ocrx_word' id='word_1_599' title='bbox 2857 3360 2922 3415; x_wconf 81' lang='grc' dir='ltr'>ἂν</span> <span class='ocrx_word' id='word_1_600' title='bbox 2958 3363 3250 3417; x_wconf 80' lang='grc' dir='ltr'>ἑνδοιάσειέ</span> <span class='ocrx_word' id='word_1_601' title='bbox 3285 3381 3370 3428; x_wconf 90' lang='grc' dir='ltr'><strong>τις</strong></span> <span class='ocrx_word' id='word_1_602' title='bbox 3410 3366 3490 3418; x_wconf 84' lang='grc' dir='ltr'>ὅτι</span> <span class='ocrx_word' id='word_1_603' title='bbox 3515 3369 3624 3428; x_wconf 82' lang='grc' dir='ltr'>τοῖς</span> <span class='ocrx_word' id='word_1_604' title='bbox 3652 3365 3714 3430; x_wconf 79' lang='grc' dir='ltr'><strong>ἐξ</strong></span> 
     </span>
    </p>
   </div>
   <div class='ocr_carea' id='block_1_82' title="bbox 2131 3452 3716 3526">
    <p class='ocr_par' dir='ltr' id='par_1_82' title="bbox 2131 3452 3716 3526">
     <span class='ocr_line' id='line_1_82' title="bbox 2131 3452 3716 3526; baseline 0.003 -21"><span class='ocrx_word' id='word_1_605' title='bbox 2131 3454 2412 3524; x_wconf 82' lang='grc' dir='ltr'>ἀσκήσεως</span> <span class='ocrx_word' id='word_1_606' title='bbox 2470 3456 2651 3516; x_wconf 80' lang='grc' dir='ltr'>πόνοις</span> <span class='ocrx_word' id='word_1_607' title='bbox 2690 3454 2918 3517; x_wconf 79' lang='grc' dir='ltr'>ἑαυτοὺς</span> <span class='ocrx_word' id='word_1_608' title='bbox 2974 3456 3406 3526; x_wconf 87' lang='grc' dir='ltr'>κατατήκοντες,</span> <span class='ocrx_word' id='word_1_609' title='bbox 3452 3457 3545 3509; x_wconf 69' lang='grc' dir='ltr'><strong>καὶ</strong></span> <span class='ocrx_word' id='word_1_610' title='bbox 3600 3452 3716 3510; x_wconf 78' lang='grc' dir='ltr'>οἷον</span> 
     </span>
    </p>
   </div>
   <div class='ocr_carea' id='block_1_83' title="bbox 2129 3544 3718 3620">
    <p class='ocr_par' dir='ltr' id='par_1_83' title="bbox 2129 3544 3718 3620">
     <span class='ocr_line' id='line_1_83' title="bbox 2129 3544 3718 3620; baseline 0.003 -23"><span class='ocrx_word' id='word_1_611' title='bbox 2129 3544 2404 3607; x_wconf 77' lang='grc' dir='ltr'>αἰτοῦντες</span> <span class='ocrx_word' id='word_1_612' title='bbox 2430 3544 2604 3610; x_wconf 88' lang='grc' dir='ltr'>δίκας,</span> <span class='ocrx_word' id='word_1_613' title='bbox 2637 3544 2790 3615; x_wconf 81' lang='grc' dir='ltr'>παρὰ</span> <span class='ocrx_word' id='word_1_614' title='bbox 2821 3544 2955 3598; x_wconf 87' lang='grc' dir='ltr'>Θεοῦ</span> <span class='ocrx_word' id='word_1_615' title='bbox 3002 3545 3109 3598; x_wconf 83' lang='grc' dir='ltr'>τῶν</span> <span class='ocrx_word' id='word_1_616' title='bbox 3145 3548 3554 3618; x_wconf 80' lang='grc' dir='ltr'>ἡμαρτημένων</span> <span class='ocrx_word' id='word_1_617' title='bbox 3591 3565 3718 3620; x_wconf 87' lang='grc' dir='ltr'>κερ-</span> 
     </span>
    </p>
   </div>
   <div class='ocr_carea' id='block_1_84' title="bbox 2128 3634 3720 3708">
    <p class='ocr_par' dir='ltr' id='par_1_84' title="bbox 2128 3634 3720 3708">
     <span class='ocr_line' id='line_1_84' title="bbox 2128 3634 3720 3708; baseline 0.002 -19"><span class='ocrx_word' id='word_1_618' title='bbox 2128 3636 2390 3705; x_wconf 86' lang='grc' dir='ltr'>δανοῦμεν</span> <span class='ocrx_word' id='word_1_619' title='bbox 2423 3636 2520 3706; x_wconf 86' lang='grc' dir='ltr'>τὴν</span> <span class='ocrx_word' id='word_1_620' title='bbox 2561 3637 2787 3705; x_wconf 76' lang='grc' dir='ltr'>ἄφεσιν;</span> <span class='ocrx_word' id='word_1_621' title='bbox 2830 3637 3053 3690; x_wconf 87' lang='grc' dir='ltr'>Πενθεῖν</span> <span class='ocrx_word' id='word_1_622' title='bbox 3075 3634 3167 3691; x_wconf 83' lang='grc' dir='ltr'><strong>οῦν</strong></span> <span class='ocrx_word' id='word_1_623' title='bbox 3188 3639 3296 3708; x_wconf 66' lang='grc' dir='ltr'>ἄρα</span> <span class='ocrx_word' id='word_1_624' title='bbox 3330 3639 3569 3705; x_wconf 83' lang='grc' dir='ltr'>κελεύει,</span> <span class='ocrx_word' id='word_1_625' title='bbox 3625 3640 3720 3693; x_wconf 69' lang='grc' dir='ltr'><strong>καὶ</strong></span> 
     </span>
    </p>
   </div>
   <div class='ocr_carea' id='block_1_85' title="bbox 2127 3727 3722 3800">
    <p class='ocr_par' dir='ltr' id='par_1_85' title="bbox 2127 3727 3722 3800">
     <span class='ocr_line' id='line_1_85' title="bbox 2127 3727 3722 3800; baseline 0.003 -21"><span class='ocrx_word' id='word_1_626' title='bbox 2127 3727 2518 3798; x_wconf 76' lang='grc' dir='ltr'>διαρρηγνῦναι</span> <span class='ocrx_word' id='word_1_627' title='bbox 2561 3731 2722 3797; x_wconf 73' lang='grc' dir='ltr'>σφᾶς,</span> <span class='ocrx_word' id='word_1_628' title='bbox 2759 3730 2961 3800; x_wconf 73' lang='grc' dir='ltr'>ἥκιστα</span> <span class='ocrx_word' id='word_1_629' title='bbox 2991 3728 3091 3799; x_wconf 86' lang='grc' dir='ltr'><strong>μὲν</strong></span> <span class='ocrx_word' id='word_1_630' title='bbox 3113 3729 3182 3783; x_wconf 82' lang='grc' dir='ltr'>τὰ</span> <span class='ocrx_word' id='word_1_631' title='bbox 3217 3730 3417 3800; x_wconf 83' lang='grc' dir='ltr'>ἄμφια,</span> <span class='ocrx_word' id='word_1_632' title='bbox 3450 3730 3722 3784; x_wconf 85' lang='grc' dir='ltr'>διαπτύσ-</span> 
     </span>
    </p>
   </div>
   <div class='ocr_carea' id='block_1_86' title="bbox 2133 3818 3723 3893">
    <p class='ocr_par' dir='ltr' id='par_1_86' title="bbox 2133 3818 3723 3893">
     <span class='ocr_line' id='line_1_86' title="bbox 2133 3818 3723 3893; baseline 0.003 -23"><span class='ocrx_word' id='word_1_633' title='bbox 2133 3835 2244 3872; x_wconf 89' lang='grc' dir='ltr'>σειν</span> <span class='ocrx_word' id='word_1_634' title='bbox 2273 3819 2328 3871; x_wconf 86' lang='grc' dir='ltr'>δὲ</span> <span class='ocrx_word' id='word_1_635' title='bbox 2361 3818 2560 3889; x_wconf 82' lang='grc' dir='ltr'>μᾶλλον</span> <span class='ocrx_word' id='word_1_636' title='bbox 2603 3819 2809 3888; x_wconf 87' lang='grc' dir='ltr'>νοητῶς</span> <span class='ocrx_word' id='word_1_637' title='bbox 2859 3821 2958 3891; x_wconf 82' lang='grc' dir='ltr'>τὴν</span> <span class='ocrx_word' id='word_1_638' title='bbox 3011 3821 3234 3890; x_wconf 87' lang='grc' dir='ltr'>καρδίαν</span> <span class='ocrx_word' id='word_1_639' title='bbox 3283 3821 3382 3891; x_wconf 85' lang='grc' dir='ltr'>τὴν</span> <span class='ocrx_word' id='word_1_640' title='bbox 3414 3823 3602 3893; x_wconf 85' lang='grc' dir='ltr'>ἀπηνῆ</span> <span class='ocrx_word' id='word_1_641' title='bbox 3627 3823 3723 3875; x_wconf 80' lang='grc' dir='ltr'><strong>καὶ</strong></span> 
     </span>
    </p>
   </div>
   <div class='ocr_carea' id='block_1_87' title="bbox 2137 3909 3718 3980">
    <p class='ocr_par' dir='ltr' id='par_1_87' title="bbox 2137 3909 3718 3980">
     <span class='ocr_line' id='line_1_87' title="bbox 2137 3909 3718 3980; baseline 0.003 -20"><span class='ocrx_word' id='word_1_642' title='bbox 2137 3909 2515 3979; x_wconf 83' lang='grc' dir='ltr'>πεπιλημένην</span> <span class='ocrx_word' id='word_1_643' title='bbox 2571 3912 2650 3973; x_wconf 83' lang='grc' dir='ltr'><strong>είς</strong></span> <span class='ocrx_word' id='word_1_644' title='bbox 2701 3909 2765 3979; x_wconf 85' lang='grc' dir='ltr'>ἢν</span> <span class='ocrx_word' id='word_1_645' title='bbox 2823 3911 2851 3962; x_wconf 92' lang='lat'><strong>6</strong></span> <span class='ocrx_word' id='word_1_646' title='bbox 2909 3911 3049 3973; x_wconf 83' lang='grc' dir='ltr'>θεῖος</span> <span class='ocrx_word' id='word_1_647' title='bbox 3080 3910 3179 3962; x_wconf 90' lang='grc' dir='ltr'><strong>οὐκ</strong></span> <span class='ocrx_word' id='word_1_648' title='bbox 3207 3910 3474 3964; x_wconf 75' lang='grc' dir='ltr'>εἰσδύεται</span> <span class='ocrx_word' id='word_1_649' title='bbox 3532 3911 3718 3980; x_wconf 78' lang='grc' dir='ltr'>φόὸος.</span> 
     </span>
    </p>
   </div>
   <div class='ocr_carea' id='block_1_88' title="bbox 2144 3995 3721 4069">
    <p class='ocr_par' dir='ltr' id='par_1_88' title="bbox 2144 3995 3721 4069">
     <span class='ocr_line' id='line_1_88' title="bbox 2144 3995 3721 4069; baseline 0.002 -17"><span class='ocrx_word' id='word_1_650' title='bbox 2144 3999 2476 4052; x_wconf 82' lang='grc' dir='ltr'>Ἐπιστέλλει</span> <span class='ocrx_word' id='word_1_651' title='bbox 2534 3995 2626 4052; x_wconf 78' lang='grc' dir='ltr'><strong>οὖν</strong></span> <span class='ocrx_word' id='word_1_652' title='bbox 2682 4000 2989 4069; x_wconf 83' lang='grc' dir='ltr'>Κορινθίοις</span> <span class='ocrx_word' id='word_1_653' title='bbox 3039 4002 3068 4052; x_wconf 89' lang='lat'><strong>6</strong></span> <span class='ocrx_word' id='word_1_654' title='bbox 3107 3999 3348 4062; x_wconf 84' lang='grc' dir='ltr'>Παῦλος·</span> <span class='ocrx_word' id='word_1_655' title='bbox 3403 4020 3423 4052; x_wconf 71' lang='grc' dir='ltr'><strong>ι</strong></span> <span class='ocrx_word' id='word_1_656' title='bbox 3456 4002 3534 4055; x_wconf 92' lang='grc' dir='ltr'>Οὐ</span> <span class='ocrx_word' id='word_1_657' title='bbox 3593 4019 3721 4054; x_wconf 84' lang='grc' dir='ltr'>στε-</span> 
     </span>
    </p>
   </div>
   <div class='ocr_carea' id='block_1_89' title="bbox 2131 4093 3719 4163">
    <p class='ocr_par' dir='ltr' id='par_1_89' title="bbox 2131 4093 3719 4163">
     <span class='ocr_line' id='line_1_89' title="bbox 2131 4093 3719 4163; baseline 0.003 -19"><span class='ocrx_word' id='word_1_658' title='bbox 2131 4093 2456 4163; x_wconf 86' lang='grc' dir='ltr'>νοχωρεῖσθε</span> <span class='ocrx_word' id='word_1_659' title='bbox 2493 4095 2548 4144; x_wconf 76' lang='grc' dir='ltr'><strong>ὲν</strong></span> <span class='ocrx_word' id='word_1_660' title='bbox 2576 4095 2734 4162; x_wconf 83' lang='grc' dir='ltr'>ἡμῖν,</span> <span class='ocrx_word' id='word_1_661' title='bbox 2757 4093 3178 4163; x_wconf 80' lang='grc' dir='ltr'>στενοχωρεῖσθε</span> <span class='ocrx_word' id='word_1_662' title='bbox 3210 4093 3265 4146; x_wconf 83' lang='grc' dir='ltr'>δὲ</span> <span class='ocrx_word' id='word_1_663' title='bbox 3289 4096 3348 4145; x_wconf 84' lang='grc' dir='ltr'>ὲν</span> <span class='ocrx_word' id='word_1_664' title='bbox 3372 4096 3488 4157; x_wconf 84' lang='grc' dir='ltr'>τοίς</span> <span class='ocrx_word' id='word_1_665' title='bbox 3511 4095 3719 4163; x_wconf 84' lang='grc' dir='ltr'>σπλάγ-</span> 
     </span>
    </p>
   </div>
   <div class='ocr_carea' id='block_1_90' title="bbox 2132 4182 3721 4254">
    <p class='ocr_par' dir='ltr' id='par_1_90' title="bbox 2132 4182 3721 4254">
     <span class='ocr_line' id='line_1_90' title="bbox 2132 4182 3721 4254; baseline 0.003 -20"><span class='ocrx_word' id='word_1_666' title='bbox 2132 4200 2276 4252; x_wconf 83' lang='grc' dir='ltr'>χνοις</span> <span class='ocrx_word' id='word_1_667' title='bbox 2331 4182 2503 4252; x_wconf 84' lang='grc' dir='ltr'>ὑμῶν.</span> <span class='ocrx_word' id='word_1_668' title='bbox 2544 4183 2654 4254; x_wconf 82' lang='grc' dir='ltr'>Τὴν</span> <span class='ocrx_word' id='word_1_669' title='bbox 2689 4183 2744 4236; x_wconf 86' lang='grc' dir='ltr'>δὲ</span> <span class='ocrx_word' id='word_1_670' title='bbox 2795 4184 2965 4253; x_wconf 83' lang='grc' dir='ltr'>αὐτὴν</span> <span class='ocrx_word' id='word_1_671' title='bbox 3016 4183 3361 4252; x_wconf 81' lang='grc' dir='ltr'>ἀντιμισθίαν</span> <span class='ocrx_word' id='word_1_672' title='bbox 3397 4185 3474 4247; x_wconf 85' lang='grc' dir='ltr'>ὼς</span> <span class='ocrx_word' id='word_1_673' title='bbox 3505 4186 3721 4249; x_wconf 83' lang='grc' dir='ltr'>τέκνοις</span> 
     </span>
    </p>
   </div>
   <div class='ocr_carea' id='block_1_91' title="bbox 2131 4271 3722 4346">
    <p class='ocr_par' dir='ltr' id='par_1_91' title="bbox 2131 4271 3722 4346">
     <span class='ocr_line' id='line_1_91' title="bbox 2131 4271 3722 4346; baseline 0.003 -21"><span class='ocrx_word' id='word_1_674' title='bbox 2131 4273 2292 4340; x_wconf 82' lang='grc' dir='ltr'>λέγω,</span> <span class='ocrx_word' id='word_1_675' title='bbox 2309 4274 2649 4342; x_wconf 78' lang='grc' dir='ltr'>πλατύνθητε</span> <span class='ocrx_word' id='word_1_676' title='bbox 2667 4275 2759 4327; x_wconf 76' lang='grc' dir='ltr'><strong>καὶ</strong></span> <span class='ocrx_word' id='word_1_677' title='bbox 2775 4275 2949 4344; x_wconf 84' lang='grc' dir='ltr'>ὑμεῖς.</span> <span class='ocrx_word' id='word_1_678' title='bbox 2965 4293 2981 4325; x_wconf 81' lang='grc' dir='ltr'><strong>ι</strong></span> <span class='ocrx_word' id='word_1_679' title='bbox 3001 4274 3121 4346; x_wconf 83' lang='grc' dir='ltr'>Χρὴ</span> <span class='ocrx_word' id='word_1_680' title='bbox 3133 4271 3223 4329; x_wconf 79' lang='grc' dir='ltr'><strong>οῦν</strong></span> <span class='ocrx_word' id='word_1_681' title='bbox 3245 4275 3352 4345; x_wconf 83' lang='grc' dir='ltr'>ἄρα</span> <span class='ocrx_word' id='word_1_682' title='bbox 3364 4276 3722 4345; x_wconf 83' lang='grc' dir='ltr'>κατευρύνειν</span> 
     </span>
    </p>
   </div>
   <div class='ocr_carea' id='block_1_92' title="bbox 2137 4363 3720 4436">
    <p class='ocr_par' dir='ltr' id='par_1_92' title="bbox 2137 4363 3720 4436">
     <span class='ocr_line' id='line_1_92' title="bbox 2137 4363 3720 4436; baseline 0.003 -22"><span class='ocrx_word' id='word_1_683' title='bbox 2137 4363 2236 4432; x_wconf 82' lang='grc' dir='ltr'><strong>μὲν</strong></span> <span class='ocrx_word' id='word_1_684' title='bbox 2266 4364 2455 4431; x_wconf 79' lang='grc' dir='ltr'>ὥσπερ</span> <span class='ocrx_word' id='word_1_685' title='bbox 2479 4363 2597 4432; x_wconf 80' lang='grc' dir='ltr'><strong>Θεῷ</strong></span> <span class='ocrx_word' id='word_1_686' title='bbox 2628 4364 2725 4434; x_wconf 82' lang='grc' dir='ltr'>τὴν</span> <span class='ocrx_word' id='word_1_687' title='bbox 2761 4365 3006 4436; x_wconf 84' lang='grc' dir='ltr'>καρδίαν,</span> <span class='ocrx_word' id='word_1_688' title='bbox 3034 4367 3128 4418; x_wconf 77' lang='grc' dir='ltr'>καὶ</span> <span class='ocrx_word' id='word_1_689' title='bbox 3161 4367 3440 4436; x_wconf 73' lang='grc' dir='ltr'>μονονουχὶ</span> <span class='ocrx_word' id='word_1_690' title='bbox 3468 4366 3561 4418; x_wconf 82' lang='grc' dir='ltr'><strong>τὸν</strong></span> <span class='ocrx_word' id='word_1_691' title='bbox 3584 4365 3720 4419; x_wconf 90' lang='grc' dir='ltr'>νοῦν</span> 
     </span>
    </p>
   </div>
   <div class='ocr_carea' id='block_1_93' title="bbox 2134 4452 3723 4526">
    <p class='ocr_par' dir='ltr' id='par_1_93' title="bbox 2134 4452 3723 4526">
     <span class='ocr_line' id='line_1_93' title="bbox 2134 4452 3723 4526; baseline 0.003 -22"><span class='ocrx_word' id='word_1_692' title='bbox 2134 4452 2585 4524; x_wconf 67' lang='grc' dir='ltr'>περιρρηγνῦναι,</span> <span class='ocrx_word' id='word_1_693' title='bbox 2648 4454 2713 4506; x_wconf 82' lang='grc' dir='ltr'>ἵν’</span> <span class='ocrx_word' id='word_1_694' title='bbox 2740 4455 3036 4521; x_wconf 79' lang='grc' dir='ltr'>είσδέξαιτο</span> <span class='ocrx_word' id='word_1_695' title='bbox 3083 4455 3144 4507; x_wconf 78' lang='grc' dir='ltr'>τὸ</span> <span class='ocrx_word' id='word_1_696' title='bbox 3197 4455 3384 4510; x_wconf 90' lang='grc' dir='ltr'>αὐτοῦ.</span> <span class='ocrx_word' id='word_1_697' title='bbox 3422 4455 3723 4526; x_wconf 84' lang='grc' dir='ltr'>Τοιγάρτοι</span> 
     </span>
    </p>
   </div>
   <div class='ocr_carea' id='block_1_94' title="bbox 451 4544 2030 4620">
    <p class='ocr_par' dir='ltr' id='par_1_94' title="bbox 451 4544 2028 4620">
     <span class='ocr_line' id='line_1_94' title="bbox 451 4544 2028 4620; baseline -0.01 -13"><span class='ocrx_word' id='word_1_698' title='bbox 451 4555 585 4609; x_wconf 83' lang='lat' dir='ltr'><strong>nihil</strong></span> <span class='ocrx_word' id='word_1_699' title='bbox 619 4553 724 4607; x_wconf 87' lang='lat' dir='ltr'><strong>illis</strong></span> <span class='ocrx_word' id='word_1_700' title='bbox 784 4549 1047 4620; x_wconf 86' lang='lat' dir='ltr'><strong>profuerit</strong></span> <span class='ocrx_word' id='word_1_701' title='bbox 1087 4547 1178 4615; x_wconf 86' lang='lat' dir='ltr'><strong>qui</strong></span> <span class='ocrx_word' id='word_1_702' title='bbox 1214 4547 1262 4599; x_wconf 89' lang='lat' dir='ltr'><strong>id</strong></span> <span class='ocrx_word' id='word_1_703' title='bbox 1301 4545 1543 4599; x_wconf 87' lang='lat' dir='ltr'><strong>fecerint.</strong></span> <span class='ocrx_word' id='word_1_704' title='bbox 1574 4545 1687 4596; x_wconf 82' lang='lat' dir='ltr'><strong>Non</strong></span> <span class='ocrx_word' id='word_1_705' title='bbox 1719 4544 1822 4596; x_wconf 88' lang='lat' dir='ltr'><strong>vile</strong></span> <span class='ocrx_word' id='word_1_706' title='bbox 1851 4551 2028 4595; x_wconf 91' lang='lat' dir='ltr'><strong>autem</strong></span> 
     </span>
    </p>
   </div>
   <div class='ocr_carea' id='block_1_95' title="bbox 2136 4544 3722 4620">
    <p class='ocr_par' dir='ltr' id='par_1_95' title="bbox 2140 4545 3722 4618">
     <span class='ocr_line' id='line_1_95' title="bbox 2140 4545 3722 4618; baseline 0.003 -22"><span class='ocrx_word' id='word_1_707' title='bbox 2140 4545 2469 4598; x_wconf 82' lang='grc' dir='ltr'>πλάττεσθαι</span> <span class='ocrx_word' id='word_1_708' title='bbox 2507 4545 2701 4614; x_wconf 87' lang='grc' dir='ltr'>λύπην,</span> <span class='ocrx_word' id='word_1_709' title='bbox 2739 4547 3277 4616; x_wconf 80' lang='grc' dir='ltr'>καταρῤηγνυμένων</span> <span class='ocrx_word' id='word_1_710' title='bbox 3311 4549 3434 4618; x_wconf 84' lang='grc' dir='ltr'>είκῇ</span> <span class='ocrx_word' id='word_1_711' title='bbox 3473 4548 3569 4601; x_wconf 69' lang='grc' dir='ltr'>καὶ</span> <span class='ocrx_word' id='word_1_712' title='bbox 3612 4549 3722 4618; x_wconf 86' lang='grc' dir='ltr'>μά-</span> 
     </span>
    </p>
   </div>
   <div class='ocr_carea' id='block_1_96' title="bbox 449 4633 2026 4712">
    <p class='ocr_par' dir='ltr' id='par_1_96' title="bbox 449 4633 2026 4712">
     <span class='ocr_line' id='line_1_96' title="bbox 449 4633 2026 4712; baseline -0.009 -12"><span class='ocrx_word' id='word_1_713' title='bbox 449 4647 659 4701; x_wconf 89' lang='lat' dir='ltr'><strong>lucrum</strong></span> <span class='ocrx_word' id='word_1_714' title='bbox 700 4641 1024 4712; x_wconf 85' lang='lat' dir='ltr'><strong>apportabit,</strong></span> <span class='ocrx_word' id='word_1_715' title='bbox 1066 4638 1279 4706; x_wconf 86' lang='lat' dir='ltr'><strong>aperire</strong></span> <span class='ocrx_word' id='word_1_716' title='bbox 1319 4651 1414 4690; x_wconf 86' lang='lat' dir='ltr'><strong>cor</strong></span> <span class='ocrx_word' id='word_1_717' title='bbox 1457 4635 1588 4701; x_wconf 87' lang='lat' dir='ltr'><strong>Deo,</strong></span> <span class='ocrx_word' id='word_1_718' title='bbox 1627 4643 1681 4688; x_wconf 90' lang='lat' dir='ltr'><strong>et</strong></span> <span class='ocrx_word' id='word_1_719' title='bbox 1721 4633 1829 4687; x_wconf 91' lang='lat' dir='ltr'><strong>illic</strong></span> <span class='ocrx_word' id='word_1_720' title='bbox 1871 4648 2026 4701; x_wconf 83' lang='lat' dir='ltr'><strong>repo-</strong></span> 
     </span>
    </p>
   </div>
   <div class='ocr_carea' id='block_1_97' title="bbox 451 4722 2025 4806">
    <p class='ocr_par' dir='ltr' id='par_1_97' title="bbox 451 4722 2025 4806">
     <span class='ocr_line' id='line_1_97' title="bbox 451 4722 2025 4806; baseline -0.01 -14"><span class='ocrx_word' id='word_1_721' title='bbox 451 4753 580 4792; x_wconf 85' lang='lat' dir='ltr'><strong>nere</strong></span> <span class='ocrx_word' id='word_1_722' title='bbox 607 4733 752 4806; x_wconf 87' lang='lat' dir='ltr'><strong>quod</strong></span> <span class='ocrx_word' id='word_1_723' title='bbox 775 4733 848 4786; x_wconf 91' lang='lat' dir='ltr'><strong>illi</strong></span> <span class='ocrx_word' id='word_1_724' title='bbox 875 4731 1076 4800; x_wconf 81' lang='lat' dir='ltr'><strong>placet;</strong></span> <span class='ocrx_word' id='word_1_725' title='bbox 1102 4730 1366 4783; x_wconf 89' lang='lat' dir='ltr'><strong>conducet</strong></span> <span class='ocrx_word' id='word_1_726' title='bbox 1411 4727 1554 4779; x_wconf 91' lang='lat' dir='ltr'><strong>enim</strong></span> <span class='ocrx_word' id='word_1_727' title='bbox 1582 4740 1664 4779; x_wconf 90' lang='lat' dir='ltr'><strong>res</strong></span> <span class='ocrx_word' id='word_1_728' title='bbox 1686 4725 1749 4778; x_wconf 83' lang='lat' dir='ltr'><strong>ad</strong></span> <span class='ocrx_word' id='word_1_729' title='bbox 1775 4722 2025 4777; x_wconf 89' lang='lat' dir='ltr'><strong>salutem.</strong></span> 
     </span>
    </p>
   </div>
   <div class='ocr_carea' id='block_1_98' title="bbox 451 4817 2025 4892">
    <p class='ocr_par' dir='ltr' id='par_1_98' title="bbox 451 4817 2025 4892">
     <span class='ocr_line' id='line_1_98' title="bbox 451 4817 2025 4892; baseline -0.01 -9"><span class='ocrx_word' id='word_1_730' title='bbox 451 4829 567 4883; x_wconf 81' lang='lat' dir='ltr'><strong>Non</strong></span> <span class='ocrx_word' id='word_1_731' title='bbox 609 4838 786 4881; x_wconf 87' lang='lat' dir='ltr'><strong>autem</strong></span> <span class='ocrx_word' id='word_1_732' title='bbox 834 4838 930 4892; x_wconf 89' lang='lat' dir='ltr'><strong>spe</strong></span> <span class='ocrx_word' id='word_1_733' title='bbox 971 4837 1067 4876; x_wconf 89' lang='lat' dir='ltr'><strong>sua</strong></span> <span class='ocrx_word' id='word_1_734' title='bbox 1108 4823 1357 4888; x_wconf 82' lang='lat' dir='ltr'><strong>lapsuros</strong></span> <span class='ocrx_word' id='word_1_735' title='bbox 1402 4817 1713 4884; x_wconf 89' lang='lat' dir='ltr'><strong>suppliciter</strong></span> <span class='ocrx_word' id='word_1_736' title='bbox 1754 4823 2025 4884; x_wconf 81' lang='lat' dir='ltr'><strong>rogantes,</strong></span> 
     </span>
    </p>
   </div>
   <div class='ocr_carea' id='block_1_99' title="bbox 450 4905 2027 4988">
    <p class='ocr_par' dir='ltr' id='par_1_99' title="bbox 450 4905 2027 4988">
     <span class='ocr_line' id='line_1_99' title="bbox 450 4905 2027 4988; baseline -0.011 -13"><span class='ocrx_word' id='word_1_737' title='bbox 450 4919 714 4988; x_wconf 82' lang='lat' dir='ltr'><strong>propheta</strong></span> <span class='ocrx_word' id='word_1_738' title='bbox 774 4915 1088 4976; x_wconf 89' lang='lat' dir='ltr'><strong>confirmat,</strong></span> <span class='ocrx_word' id='word_1_739' title='bbox 1126 4910 1379 4979; x_wconf 88' lang='lat' dir='ltr'><strong>inquiens</strong></span> <span class='ocrx_word' id='word_1_740' title='bbox 1424 4906 1704 4959; x_wconf 84' lang='lat' dir='ltr'><strong>Dominum</strong></span> <span class='ocrx_word' id='word_1_741' title='bbox 1747 4905 2027 4958; x_wconf 85' lang='lat' dir='ltr'><strong>universo-</strong></span> 
     </span>
    </p>
   </div>
   <div class='ocr_carea' id='block_1_100' title="bbox 452 4996 2026 5076">
    <p class='ocr_par' dir='ltr' id='par_1_100' title="bbox 452 4996 2026 5076">
     <span class='ocr_line' id='line_1_100' title="bbox 452 4996 2026 5076; baseline -0.011 -12"><span class='ocrx_word' id='word_1_742' title='bbox 452 5026 571 5065; x_wconf 83' lang='lat' dir='ltr'><strong>rum</strong></span> <span class='ocrx_word' id='word_1_743' title='bbox 602 5024 724 5066; x_wconf 83' lang='lat' dir='ltr'><strong>esse</strong></span> <span class='ocrx_word' id='word_1_744' title='bbox 752 5007 1066 5076; x_wconf 77' lang='lat' dir='ltr'><strong>benignum,</strong></span> <span class='ocrx_word' id='word_1_745' title='bbox 1097 5012 1154 5058; x_wconf 91' lang='lat' dir='ltr'><strong>et</strong></span> <span class='ocrx_word' id='word_1_746' title='bbox 1183 5001 1363 5054; x_wconf 59' lang='lat' dir='ltr'><strong>multae</strong></span> <span class='ocrx_word' id='word_1_747' title='bbox 1394 4997 1808 5061; x_wconf 66' lang='lat' dir='ltr'><strong>misericordiae,</strong></span> <span class='ocrx_word' id='word_1_748' title='bbox 1839 5006 1892 5050; x_wconf 92' lang='lat' dir='ltr'><strong>et</strong></span> <span class='ocrx_word' id='word_1_749' title='bbox 1921 4996 2026 5048; x_wconf 82' lang='lat' dir='ltr'><strong>mi-</strong></span> 
     </span>
    </p>
   </div>
   <div class='ocr_carea' id='block_1_101' title="bbox 453 5087 2025 5164">
    <p class='ocr_par' dir='ltr' id='par_1_101' title="bbox 453 5087 2025 5164">
     <span class='ocr_line' id='line_1_101' title="bbox 453 5087 2025 5164; baseline -0.01 -10"><span class='ocrx_word' id='word_1_750' title='bbox 453 5111 770 5164; x_wconf 86' lang='lat' dir='ltr'><strong>seratorem,</strong></span> <span class='ocrx_word' id='word_1_751' title='bbox 797 5109 850 5154; x_wconf 91' lang='lat' dir='ltr'><strong>et</strong></span> <span class='ocrx_word' id='word_1_752' title='bbox 879 5099 1102 5159; x_wconf 85' lang='lat' dir='ltr'><strong>bonum,</strong></span> <span class='ocrx_word' id='word_1_753' title='bbox 1130 5101 1180 5146; x_wconf 92' lang='lat' dir='ltr'><strong>et</strong></span> <span class='ocrx_word' id='word_1_754' title='bbox 1211 5091 1562 5160; x_wconf 70' lang='lat' dir='ltr'><strong>pmnitentetn</strong></span> <span class='ocrx_word' id='word_1_755' title='bbox 1593 5102 1754 5157; x_wconf 90' lang='lat' dir='ltr'><strong>super</strong></span> <span class='ocrx_word' id='word_1_756' title='bbox 1782 5087 2025 5140; x_wconf 88' lang='lat' dir='ltr'><strong>malitiis.</strong></span> 
     </span>
    </p>
   </div>
   <div class='ocr_carea' id='block_1_102' title="bbox 452 5178 2027 5259">
    <p class='ocr_par' dir='ltr' id='par_1_102' title="bbox 452 5178 2027 5259">
     <span class='ocr_line' id='line_1_102' title="bbox 452 5178 2027 5259; baseline -0.011 -15"><span class='ocrx_word' id='word_1_757' title='bbox 452 5191 586 5244; x_wconf 86' lang='lat' dir='ltr'><strong>Nam</strong></span> <span class='ocrx_word' id='word_1_758' title='bbox 629 5191 730 5246; x_wconf 90' lang='lat' dir='ltr'><strong>etsi</strong></span> <span class='ocrx_word' id='word_1_759' title='bbox 776 5195 1093 5259; x_wconf 86' lang='lat' dir='ltr'><strong>peccatores</strong></span> <span class='ocrx_word' id='word_1_760' title='bbox 1136 5179 1373 5249; x_wconf 75' lang='lat' dir='ltr'><strong>afﬂigere</strong></span> <span class='ocrx_word' id='word_1_761' title='bbox 1411 5178 1658 5247; x_wconf 61' lang='lat' dir='ltr'><strong>coeperit,</strong></span> <span class='ocrx_word' id='word_1_762' title='bbox 1703 5187 1879 5230; x_wconf 87' lang='lat' dir='ltr'><strong>tamen</strong></span> <span class='ocrx_word' id='word_1_763' title='bbox 1924 5190 2027 5228; x_wconf 92' lang='lat' dir='ltr'><strong>non</strong></span> 
     </span>
    </p>
   </div>
   <div class='ocr_carea' id='block_1_103' title="bbox 455 5267 2032 5347">
    <p class='ocr_par' dir='ltr' id='par_1_103' title="bbox 455 5267 2032 5347">
     <span class='ocr_line' id='line_1_103' title="bbox 455 5267 2032 5347; baseline -0.011 -14"><span class='ocrx_word' id='word_1_764' title='bbox 455 5280 545 5334; x_wconf 87' lang='lat' dir='ltr'><strong>diu</strong></span> <span class='ocrx_word' id='word_1_765' title='bbox 591 5290 710 5347; x_wconf 87' lang='lat' dir='ltr'><strong>post</strong></span> <span class='ocrx_word' id='word_1_766' title='bbox 759 5277 1008 5340; x_wconf 86' lang='lat' dir='ltr'><strong>lenietur,</strong></span> <span class='ocrx_word' id='word_1_767' title='bbox 1052 5270 1314 5338; x_wconf 84' lang='lat' dir='ltr'><strong>facileque</strong></span> <span class='ocrx_word' id='word_1_768' title='bbox 1362 5267 1427 5321; x_wconf 92' lang='lat' dir='ltr'><strong>ad</strong></span> <span class='ocrx_word' id='word_1_769' title='bbox 1477 5267 1862 5335; x_wconf 75' lang='lat' dir='ltr'><strong>benignitatem</strong></span> <span class='ocrx_word' id='word_1_770' title='bbox 1911 5278 2032 5317; x_wconf 87' lang='lat' dir='ltr'><strong>sese</strong></span> 
     </span>
    </p>
   </div>
   <div class='ocr_carea' id='block_1_104' title="bbox 458 5353 2029 5434">
    <p class='ocr_par' dir='ltr' id='par_1_104' title="bbox 458 5353 2029 5434">
     <span class='ocr_line' id='line_1_104' title="bbox 458 5353 2029 5434; baseline -0.011 -14"><span class='ocrx_word' id='word_1_771' title='bbox 458 5366 770 5421; x_wconf 88' lang='lat' dir='ltr'><strong>transferet.</strong></span> <span class='ocrx_word' id='word_1_772' title='bbox 816 5365 926 5419; x_wconf 82' lang='lat' dir='ltr'><strong>lloc</strong></span> <span class='ocrx_word' id='word_1_773' title='bbox 965 5371 1093 5434; x_wconf 89' lang='lat' dir='ltr'><strong>puto</strong></span> <span class='ocrx_word' id='word_1_774' title='bbox 1137 5374 1255 5413; x_wconf 88' lang='lat' dir='ltr'><strong>esse</strong></span> <span class='ocrx_word' id='word_1_775' title='bbox 1297 5375 1318 5408; x_wconf 74' lang='grc' dir='ltr'><strong>ι</strong></span> <span class='ocrx_word' id='word_1_776' title='bbox 1365 5357 1632 5426; x_wconf 77' lang='lat' dir='ltr'><strong>ptenitere</strong></span> <span class='ocrx_word' id='word_1_777' title='bbox 1668 5370 1835 5423; x_wconf 88' lang='lat' dir='ltr'><strong>super</strong></span> <span class='ocrx_word' id='word_1_778' title='bbox 1875 5353 2029 5406; x_wconf 87' lang='lat' dir='ltr'><strong>mali-</strong></span> 
     </span>
    </p>
   </div>
   <div class='ocr_carea' id='block_1_105' title="bbox 457 5443 2029 5525">
    <p class='ocr_par' dir='ltr' id='par_1_105' title="bbox 457 5443 2029 5525">
     <span class='ocr_line' id='line_1_105' title="bbox 457 5443 2029 5525; baseline -0.01 -13"><span class='ocrx_word' id='word_1_779' title='bbox 457 5460 568 5514; x_wconf 73' lang='lat' dir='ltr'><strong>tiis.</strong></span> <span class='ocrx_word' id='word_1_780' title='bbox 605 5476 624 5509; x_wconf 73' lang='grc' dir='ltr'><strong>ι</strong></span> <span class='ocrx_word' id='word_1_781' title='bbox 661 5458 898 5510; x_wconf 77' lang='lat' dir='ltr'><strong>Salutem</strong></span> <span class='ocrx_word' id='word_1_782' title='bbox 929 5468 1090 5525; x_wconf 86' lang='lat' dir='ltr'><strong>porro</strong></span> <span class='ocrx_word' id='word_1_783' title='bbox 1120 5449 1551 5522; x_wconf 83' lang='lat' dir='ltr'><strong>desperantibus,</strong></span> <span class='ocrx_word' id='word_1_784' title='bbox 1586 5447 1843 5516; x_wconf 85' lang='lat' dir='ltr'><strong>propheta</strong></span> <span class='ocrx_word' id='word_1_785' title='bbox 1882 5443 2029 5498; x_wconf 84' lang='lat' dir='ltr'><strong>utili—</strong></span> 
     </span>
    </p>
   </div>
   <div class='ocr_carea' id='block_1_106' title="bbox 458 5535 2030 5616">
    <p class='ocr_par' dir='ltr' id='par_1_106' title="bbox 458 5535 2030 5616">
     <span class='ocr_line' id='line_1_106' title="bbox 458 5535 2030 5616; baseline -0.01 -12"><span class='ocrx_word' id='word_1_786' title='bbox 458 5562 539 5604; x_wconf 84' lang='lat' dir='ltr'><strong>ter</strong></span> <span class='ocrx_word' id='word_1_787' title='bbox 561 5545 916 5616; x_wconf 80' lang='lat' dir='ltr'><strong>cogitationes</strong></span> <span class='ocrx_word' id='word_1_788' title='bbox 937 5555 989 5599; x_wconf 80' lang='lat' dir='ltr'><strong>et</strong></span> <span class='ocrx_word' id='word_1_789' title='bbox 1012 5544 1236 5600; x_wconf 87' lang='lat' dir='ltr'><strong>consilia</strong></span> <span class='ocrx_word' id='word_1_790' title='bbox 1263 5541 1476 5610; x_wconf 86' lang='lat' dir='ltr'><strong>pr0pria</strong></span> <span class='ocrx_word' id='word_1_791' title='bbox 1505 5537 1824 5608; x_wconf 71' lang='lat' dir='ltr'><strong>prmcidens,</strong></span> <span class='ocrx_word' id='word_1_792' title='bbox 1849 5554 1866 5586; x_wconf 79' lang='grc' dir='ltr'><strong>ι</strong></span> <span class='ocrx_word' id='word_1_793' title='bbox 1899 5535 2030 5602; x_wconf 80' lang='lat' dir='ltr'><strong>Quis</strong></span> 
     </span>
    </p>
   </div>
   <div class='ocr_carea' id='block_1_107' title="bbox 527 5717 2209 5788">
    <p class='ocr_par' dir='ltr' id='par_1_107' title="bbox 527 5717 2209 5788">
     <span class='ocr_line' id='line_1_107' title="bbox 527 5717 2209 5788; baseline -0.003 -8"><span class='ocrx_word' id='word_1_794' title='bbox 527 5725 572 5757; x_wconf 77' lang='grc'><strong>’³</strong></span> <span class='ocrx_word' id='word_1_795' title='bbox 629 5725 672 5779; x_wconf 92' lang='lat' dir='ltr'><strong>Il</strong></span> <span class='ocrx_word' id='word_1_796' title='bbox 727 5725 849 5780; x_wconf 83' lang='lat' dir='ltr'><strong>Cor.</strong></span> <span class='ocrx_word' id='word_1_797' title='bbox 889 5738 985 5788; x_wconf 82' lang='lat' dir='ltr'><strong>vn,</strong></span> <span class='ocrx_word' id='word_1_798' title='bbox 1016 5721 1103 5775; x_wconf 76' lang='grc'><strong>10.</strong></span> <span class='ocrx_word' id='word_1_799' title='bbox 1158 5721 1204 5751; x_wconf 74' lang='lat'><strong>”</strong></span> <span class='ocrx_word' id='word_1_800' title='bbox 1233 5721 1421 5774; x_wconf 86' lang='lat' dir='ltr'><strong>Matth.</strong></span> <span class='ocrx_word' id='word_1_801' title='bbox 1475 5737 1525 5787; x_wconf 90' lang='lat' dir='ltr'><strong>v,</strong></span> <span class='ocrx_word' id='word_1_802' title='bbox 1575 5720 1624 5773; x_wconf 82' lang='lat'><strong>5.</strong></span> <span class='ocrx_word' id='word_1_803' title='bbox 1703 5720 1748 5752; x_wconf 70' lang='lat'><strong>9‘</strong></span> <span class='ocrx_word' id='word_1_804' title='bbox 1786 5717 1960 5774; x_wconf 83' lang='lat' dir='ltr'><strong>Ecclc.</strong></span> <span class='ocrx_word' id='word_1_805' title='bbox 2029 5733 2124 5786; x_wconf 76' lang='lat' dir='ltr'><strong>vn,</strong></span> <span class='ocrx_word' id='word_1_806' title='bbox 2158 5723 2209 5777; x_wconf 83' lang='grc'>5.</span> 
     </span>
    </p>
   </div>
   <div class='ocr_carea' id='block_1_108' title="bbox 2145 4634 3718 4709">
    <p class='ocr_par' dir='ltr' id='par_1_108' title="bbox 2145 4634 3718 4709">
     <span class='ocr_line' id='line_1_108' title="bbox 2145 4634 3718 4709; baseline 0.004 -25"><span class='ocrx_word' id='word_1_807' title='bbox 2145 4650 2265 4702; x_wconf 83' lang='grc' dir='ltr'>την,</span> <span class='ocrx_word' id='word_1_808' title='bbox 2305 4636 2548 4704; x_wconf 80' lang='grc' dir='ltr'>ὀνήσειεν</span> <span class='ocrx_word' id='word_1_809' title='bbox 2588 4634 2654 4688; x_wconf 85' lang='grc' dir='ltr'><strong>ἂν</strong></span> <span class='ocrx_word' id='word_1_810' title='bbox 2688 4636 2839 4688; x_wconf 82' lang='grc' dir='ltr'>οὐδὲν</span> <span class='ocrx_word' id='word_1_811' title='bbox 2875 4637 3002 4699; x_wconf 82' lang='grc' dir='ltr'>τοὺς</span> <span class='ocrx_word' id='word_1_812' title='bbox 3034 4637 3193 4690; x_wconf 90' lang='grc' dir='ltr'>τοῦτο</span> <span class='ocrx_word' id='word_1_813' title='bbox 3224 4638 3358 4709; x_wconf 87' lang='grc' dir='ltr'>δρᾷν</span> <span class='ocrx_word' id='word_1_814' title='bbox 3382 4638 3718 4709; x_wconf 76' lang='grc' dir='ltr'>ᾑρημένους.</span> 
     </span>
    </p>
   </div>
   <div class='ocr_carea' id='block_1_109' title="bbox 2150 4725 3722 4800">
    <p class='ocr_par' dir='ltr' id='par_1_109' title="bbox 2150 4725 3722 4800">
     <span class='ocr_line' id='line_1_109' title="bbox 2150 4725 3722 4800; baseline 0.006 -25"><span class='ocrx_word' id='word_1_815' title='bbox 2150 4725 2456 4797; x_wconf 79' lang='grc' dir='ltr'>Ἐμποιήσῃ</span> <span class='ocrx_word' id='word_1_816' title='bbox 2492 4726 2534 4778; x_wconf 86' lang='grc' dir='ltr'>δ’</span> <span class='ocrx_word' id='word_1_817' title='bbox 2587 4725 2652 4779; x_wconf 82' lang='grc' dir='ltr'><strong>ἂν</strong></span> <span class='ocrx_word' id='word_1_818' title='bbox 2699 4728 2759 4779; x_wconf 89' lang='grc' dir='ltr'><strong>οὐ</strong></span> <span class='ocrx_word' id='word_1_819' title='bbox 2804 4726 2976 4798; x_wconf 78' lang='grc' dir='ltr'>βραχὺ</span> <span class='ocrx_word' id='word_1_820' title='bbox 3004 4728 3064 4780; x_wconf 82' lang='grc' dir='ltr'><strong>τὸ</strong></span> <span class='ocrx_word' id='word_1_821' title='bbox 3094 4729 3282 4800; x_wconf 85' lang='grc' dir='ltr'>κέρδος</span> <span class='ocrx_word' id='word_1_822' title='bbox 3309 4730 3370 4782; x_wconf 86' lang='grc' dir='ltr'><strong>τὸ</strong></span> <span class='ocrx_word' id='word_1_823' title='bbox 3402 4730 3722 4799; x_wconf 81' lang='grc' dir='ltr'>ἀνοιγνύναι</span> 
     </span>
    </p>
   </div>
   <div class='ocr_carea' id='block_1_110' title="bbox 2135 4817 3725 4891">
    <p class='ocr_par' dir='ltr' id='par_1_110' title="bbox 2135 4817 3725 4891">
     <span class='ocr_line' id='line_1_110' title="bbox 2135 4817 3725 4891; baseline 0.004 -22"><span class='ocrx_word' id='word_1_824' title='bbox 2135 4817 2385 4887; x_wconf 83' lang='grc' dir='ltr'>καρδίαν,</span> <span class='ocrx_word' id='word_1_825' title='bbox 2409 4819 2502 4870; x_wconf 69' lang='grc' dir='ltr'>καὶ</span> <span class='ocrx_word' id='word_1_826' title='bbox 2531 4818 2946 4871; x_wconf 83' lang='grc' dir='ltr'>ὲναποτίθεσθαι</span> <span class='ocrx_word' id='word_1_827' title='bbox 2974 4819 3034 4871; x_wconf 86' lang='grc' dir='ltr'><strong>τὸ</strong></span> <span class='ocrx_word' id='word_1_828' title='bbox 3055 4818 3243 4872; x_wconf 80' lang='grc' dir='ltr'>δοκοῦν</span> <span class='ocrx_word' id='word_1_829' title='bbox 3265 4819 3341 4888; x_wconf 85' lang='grc' dir='ltr'>τῷ</span> <span class='ocrx_word' id='word_1_830' title='bbox 3375 4820 3520 4891; x_wconf 81' lang='grc' dir='ltr'>Θεῷ.</span> <span class='ocrx_word' id='word_1_831' title='bbox 3568 4823 3725 4875; x_wconf 77' lang='grc' dir='ltr'>Ἀπο·</span> 
     </span>
    </p>
   </div>
   <div class='ocr_carea' id='block_1_111' title="bbox 2137 4910 3724 4982">
    <p class='ocr_par' dir='ltr' id='par_1_111' title="bbox 2137 4910 3724 4982">
     <span class='ocr_line' id='line_1_111' title="bbox 2137 4910 3724 4982; baseline 0.001 -19"><span class='ocrx_word' id='word_1_832' title='bbox 2137 4911 2317 4979; x_wconf 73' lang='grc' dir='ltr'>κομιεῖ</span> <span class='ocrx_word' id='word_1_833' title='bbox 2344 4910 2450 4980; x_wconf 80' lang='grc' dir='ltr'>γὰρ</span> <span class='ocrx_word' id='word_1_834' title='bbox 2492 4910 2552 4962; x_wconf 86' lang='grc' dir='ltr'><strong>τὸ</strong></span> <span class='ocrx_word' id='word_1_835' title='bbox 2599 4911 2785 4980; x_wconf 82' lang='grc' dir='ltr'>χρῆμα</span> <span class='ocrx_word' id='word_1_836' title='bbox 2837 4911 2972 4980; x_wconf 84' lang='grc' dir='ltr'>πρὸς</span> <span class='ocrx_word' id='word_1_837' title='bbox 3005 4911 3300 4982; x_wconf 84' lang='grc' dir='ltr'>σωτηρίαν,</span> <span class='ocrx_word' id='word_1_838' title='bbox 3345 4913 3469 4966; x_wconf 88' lang='grc' dir='ltr'>Ὅτι</span> <span class='ocrx_word' id='word_1_839' title='bbox 3519 4914 3576 4968; x_wconf 78' lang='grc' dir='ltr'>δὲ</span> <span class='ocrx_word' id='word_1_840' title='bbox 3614 4915 3724 4966; x_wconf 84' lang='grc' dir='ltr'><strong>οὐκ</strong></span> 
     </span>
    </p>
   </div>
   <div class='ocr_carea' id='block_1_112' title="bbox 2136 4999 3720 5072">
    <p class='ocr_par' dir='ltr' id='par_1_112' title="bbox 2136 4999 3720 5072">
     <span class='ocr_line' id='line_1_112' title="bbox 2136 4999 3720 5072; baseline 0.003 -20"><span class='ocrx_word' id='word_1_841' title='bbox 2136 4999 2521 5064; x_wconf 77' lang='grc' dir='ltr'>ἀποτεύξονται</span> <span class='ocrx_word' id='word_1_842' title='bbox 2586 5000 2682 5052; x_wconf 90' lang='grc' dir='ltr'><strong>τοῦ</strong></span> <span class='ocrx_word' id='word_1_843' title='bbox 2746 5001 2952 5053; x_wconf 86' lang='grc' dir='ltr'>σκοποῦ</span> <span class='ocrx_word' id='word_1_844' title='bbox 3011 5003 3323 5072; x_wconf 87' lang='grc' dir='ltr'>ποιούμενοι</span> <span class='ocrx_word' id='word_1_845' title='bbox 3368 5004 3468 5066; x_wconf 79' lang='grc' dir='ltr'>τὰς</span> <span class='ocrx_word' id='word_1_846' title='bbox 3533 5004 3720 5067; x_wconf 74' lang='grc' dir='ltr'>λιτὰς,</span> 
     </span>
    </p>
   </div>
   <div class='ocr_carea' id='block_1_113' title="bbox 2135 5091 3724 5167">
    <p class='ocr_par' dir='ltr' id='par_1_113' title="bbox 2135 5091 3724 5167">
     <span class='ocr_line' id='line_1_113' title="bbox 2135 5091 3724 5167; baseline 0.005 -26"><span class='ocrx_word' id='word_1_847' title='bbox 2135 5091 2361 5160; x_wconf 82' lang='grc' dir='ltr'>ὲμπεδοί</span> <span class='ocrx_word' id='word_1_848' title='bbox 2413 5093 2607 5160; x_wconf 85' lang='grc' dir='ltr'>λέγων,</span> <span class='ocrx_word' id='word_1_849' title='bbox 2662 5092 2737 5156; x_wconf 85' lang='grc' dir='ltr'><strong>ὡς</strong></span> <span class='ocrx_word' id='word_1_850' title='bbox 2789 5093 2874 5164; x_wconf 84' lang='grc' dir='ltr'><strong>εἴη</strong></span> <span class='ocrx_word' id='word_1_851' title='bbox 2908 5094 3004 5162; x_wconf 84' lang='grc' dir='ltr'><strong>μὲν</strong></span> <span class='ocrx_word' id='word_1_852' title='bbox 3033 5093 3192 5146; x_wconf 80' lang='grc' dir='ltr'>ὁτῶν</span> <span class='ocrx_word' id='word_1_853' title='bbox 3244 5094 3382 5148; x_wconf 82' lang='grc' dir='ltr'>ὅλων</span> <span class='ocrx_word' id='word_1_854' title='bbox 3438 5097 3724 5167; x_wconf 73' lang='grc' dir='ltr'>Δεσπότης</span> 
     </span>
    </p>
   </div>
   <div class='ocr_carea' id='block_1_114' title="bbox 2134 5181 3722 5256">
    <p class='ocr_par' dir='ltr' id='par_1_114' title="bbox 2134 5181 3722 5256">
     <span class='ocr_line' id='line_1_114' title="bbox 2134 5181 3722 5256; baseline 0.006 -25"><span class='ocrx_word' id='word_1_855' title='bbox 2134 5181 2512 5253; x_wconf 78' lang='grc' dir='ltr'>φιλάνθρωπός</span> <span class='ocrx_word' id='word_1_856' title='bbox 2533 5200 2612 5248; x_wconf 88' lang='grc' dir='ltr'><strong>τε,</strong></span> <span class='ocrx_word' id='word_1_857' title='bbox 2635 5183 2726 5236; x_wconf 75' lang='grc' dir='ltr'><strong>καὶ</strong></span> <span class='ocrx_word' id='word_1_858' title='bbox 2749 5183 3010 5252; x_wconf 78' lang='grc' dir='ltr'>φιλέλεος,</span> <span class='ocrx_word' id='word_1_859' title='bbox 3029 5184 3348 5255; x_wconf 85' lang='grc' dir='ltr'>οἰκτίρμων,</span> <span class='ocrx_word' id='word_1_860' title='bbox 3371 5187 3467 5240; x_wconf 75' lang='grc' dir='ltr'><strong>καὶ</strong></span> <span class='ocrx_word' id='word_1_861' title='bbox 3492 5187 3722 5256; x_wconf 79' lang='grc' dir='ltr'>ἀγαθὸς,</span> 
     </span>
    </p>
   </div>
   <div class='ocr_carea' id='block_1_115' title="bbox 2137 5267 3726 5346">
    <p class='ocr_par' dir='ltr' id='par_1_115' title="bbox 2137 5267 3726 5346">
     <span class='ocr_line' id='line_1_115' title="bbox 2137 5267 3726 5346; baseline 0.007 -27"><span class='ocrx_word' id='word_1_862' title='bbox 2137 5267 2231 5320; x_wconf 73' lang='grc' dir='ltr'>καὶ</span> <span class='ocrx_word' id='word_1_863' title='bbox 2262 5271 2536 5339; x_wconf 86' lang='grc' dir='ltr'>μετανοῶν</span> <span class='ocrx_word' id='word_1_864' title='bbox 2559 5271 2651 5324; x_wconf 71' lang='grc' dir='ltr'><strong>ἐπὶ</strong></span> <span class='ocrx_word' id='word_1_865' title='bbox 2684 5274 2803 5335; x_wconf 86' lang='grc' dir='ltr'>ταῖς</span> <span class='ocrx_word' id='word_1_866' title='bbox 2837 5273 3078 5336; x_wconf 84' lang='grc' dir='ltr'>κακίαις.</span> <span class='ocrx_word' id='word_1_867' title='bbox 3105 5273 3168 5326; x_wconf 76' lang='grc' dir='ltr'><strong>Εἰ</strong></span> <span class='ocrx_word' id='word_1_868' title='bbox 3191 5275 3301 5346; x_wconf 86' lang='grc' dir='ltr'>γὰρ</span> <span class='ocrx_word' id='word_1_869' title='bbox 3332 5275 3397 5346; x_wconf 83' lang='grc' dir='ltr'><strong>δὴ</strong></span> <span class='ocrx_word' id='word_1_870' title='bbox 3423 5277 3518 5329; x_wconf 74' lang='grc' dir='ltr'><strong>καὶ</strong></span> <span class='ocrx_word' id='word_1_871' title='bbox 3545 5277 3726 5330; x_wconf 73' lang='grc' dir='ltr'>ἕλοιτο</span> 
     </span>
    </p>
   </div>
   <div class='ocr_carea' id='block_1_116' title="bbox 2139 5361 3726 5438">
    <p class='ocr_par' dir='ltr' id='par_1_116' title="bbox 2139 5361 3726 5438">
     <span class='ocr_line' id='line_1_116' title="bbox 2139 5361 3726 5438; baseline 0.005 -26"><span class='ocrx_word' id='word_1_872' title='bbox 2139 5361 2338 5414; x_wconf 78' lang='grc' dir='ltr'>κακοῦν</span> <span class='ocrx_word' id='word_1_873' title='bbox 2360 5365 2480 5424; x_wconf 81' lang='grc' dir='ltr'>τοὺς</span> <span class='ocrx_word' id='word_1_874' title='bbox 2502 5363 2911 5434; x_wconf 78' lang='grc' dir='ltr'>ἡμαρτηκότας,</span> <span class='ocrx_word' id='word_1_875' title='bbox 2938 5365 3050 5417; x_wconf 85' lang='grc' dir='ltr'>ἀλλ’</span> <span class='ocrx_word' id='word_1_876' title='bbox 3089 5362 3182 5419; x_wconf 80' lang='grc' dir='ltr'><strong>οὖν</strong></span> <span class='ocrx_word' id='word_1_877' title='bbox 3215 5365 3368 5419; x_wconf 78' lang='grc' dir='ltr'>ἔσται</span> <span class='ocrx_word' id='word_1_878' title='bbox 3395 5370 3595 5438; x_wconf 84' lang='grc' dir='ltr'>πρᾶος,</span> <span class='ocrx_word' id='word_1_879' title='bbox 3627 5369 3726 5423; x_wconf 75' lang='grc' dir='ltr'><strong>καὶ</strong></span> 
     </span>
    </p>
   </div>
   <div class='ocr_carea' id='block_1_117' title="bbox 2137 5451 3728 5529">
    <p class='ocr_par' dir='ltr' id='par_1_117' title="bbox 2137 5451 3728 5529">
     <span class='ocr_line' id='line_1_117' title="bbox 2137 5451 3728 5529; baseline 0.007 -28"><span class='ocrx_word' id='word_1_880' title='bbox 2137 5451 2236 5503; x_wconf 88' lang='grc' dir='ltr'><strong>οὐκ</strong></span> <span class='ocrx_word' id='word_1_881' title='bbox 2256 5453 2312 5515; x_wconf 82' lang='grc' dir='ltr'><strong>ἐς</strong></span> <span class='ocrx_word' id='word_1_882' title='bbox 2347 5455 2583 5525; x_wconf 83' lang='grc' dir='ltr'>μακράν.</span> <span class='ocrx_word' id='word_1_883' title='bbox 2625 5457 2947 5525; x_wconf 83' lang='grc' dir='ltr'>Μεταχωρεῐ</span> <span class='ocrx_word' id='word_1_884' title='bbox 2971 5458 3080 5528; x_wconf 87' lang='grc' dir='ltr'><strong>γάρ</strong></span> <span class='ocrx_word' id='word_1_885' title='bbox 3115 5457 3354 5520; x_wconf 85' lang='grc' dir='ltr'>εὐκόλως</span> <span class='ocrx_word' id='word_1_886' title='bbox 3395 5461 3491 5512; x_wconf 73' lang='grc' dir='ltr'><strong>ἐπὶ</strong></span> <span class='ocrx_word' id='word_1_887' title='bbox 3513 5460 3575 5512; x_wconf 81' lang='grc' dir='ltr'><strong>τὸ</strong></span> <span class='ocrx_word' id='word_1_888' title='bbox 3599 5459 3728 5529; x_wconf 80' lang='grc' dir='ltr'>βου-</span> 
     </span>
    </p>
   </div>
   <div class='ocr_carea' id='block_1_118' title="bbox 2137 5540 3726 5620">
    <p class='ocr_par' dir='ltr' id='par_1_118' title="bbox 2137 5540 3726 5620">
     <span class='ocr_line' id='line_1_118' title="bbox 2137 5540 3726 5620; baseline 0.006 -28"><span class='ocrx_word' id='word_1_889' title='bbox 2137 5540 2386 5596; x_wconf 83' lang='grc' dir='ltr'>λεύεσθαι</span> <span class='ocrx_word' id='word_1_890' title='bbox 2409 5545 2475 5598; x_wconf 79' lang='grc' dir='ltr'>τὰ</span> <span class='ocrx_word' id='word_1_891' title='bbox 2503 5547 2733 5617; x_wconf 84' lang='grc' dir='ltr'>χρηστά.</span> <span class='ocrx_word' id='word_1_892' title='bbox 2763 5545 2932 5599; x_wconf 86' lang='grc' dir='ltr'>Τοῦτο</span> <span class='ocrx_word' id='word_1_893' title='bbox 2956 5544 3095 5600; x_wconf 79' lang='grc' dir='ltr'>εἷναί</span> <span class='ocrx_word' id='word_1_894' title='bbox 3127 5565 3267 5617; x_wconf 81' lang='grc' dir='ltr'>φημι</span> <span class='ocrx_word' id='word_1_895' title='bbox 3289 5549 3350 5600; x_wconf 80' lang='grc' dir='ltr'><strong>τὸ</strong></span> <span class='ocrx_word' id='word_1_896' title='bbox 3390 5568 3408 5601; x_wconf 81' lang='grc' dir='ltr'><strong>ι</strong></span> <span class='ocrx_word' id='word_1_897' title='bbox 3437 5552 3726 5620; x_wconf 83' lang='grc' dir='ltr'>μετανοεῖν</span> 
     </span>
    </p>
   </div>
   <div class='ocr_carea' id='block_1_119' title="bbox 2285 5725 3592 5795">
    <p class='ocr_par' dir='ltr' id='par_1_119' title="bbox 2285 5725 3592 5795">
     <span class='ocr_line' id='line_1_119' title="bbox 2285 5725 3592 5795; baseline 0.006 -16"><span class='ocrx_word' id='word_1_898' title='bbox 2285 5726 2330 5758; x_wconf 73' lang='grc'><strong>³⁸</strong></span> <span class='ocrx_word' id='word_1_899' title='bbox 2395 5725 2607 5780; x_wconf 78' lang='lat' dir='ltr'><strong>lJoan.</strong></span> <span class='ocrx_word' id='word_1_900' title='bbox 2660 5743 2696 5795; x_wconf 83' lang='grc' dir='ltr'><strong>ι,</strong></span> <span class='ocrx_word' id='word_1_901' title='bbox 2745 5727 2796 5782; x_wconf 83' lang='grc'>9.</span> <span class='ocrx_word' id='word_1_902' title='bbox 2872 5727 2915 5759; x_wconf 77' lang='grc'><strong>⁸⁷</strong></span> <span class='ocrx_word' id='word_1_903' title='bbox 2955 5727 2995 5781; x_wconf 85' lang='grc' dir='ltr'><strong>ΙΙ</strong></span> <span class='ocrx_word' id='word_1_904' title='bbox 3054 5729 3176 5784; x_wconf 88' lang='lat' dir='ltr'><strong>Cor.</strong></span> <span class='ocrx_word' id='word_1_905' title='bbox 3214 5744 3292 5794; x_wconf 77' lang='lat' dir='ltr'><strong>Vt,</strong></span> <span class='ocrx_word' id='word_1_906' title='bbox 3357 5729 3443 5795; x_wconf 73' lang='grc'><strong>12,</strong></span> <span class='ocrx_word' id='word_1_907' title='bbox 3501 5731 3592 5787; x_wconf 72' lang='grc'><strong>13.</strong></span> 
     </span>
    </p>
   </div>
  </div>
