4034 6270
323 438 420 494 565

326 554 414 607 ἐπὶ
446 551 551 613 ταῖς
605 547 848 610 κακίαις.
878 567 896 600 ι
954 547 1421 618 ’Υποτεμνόμενος
1445 545 1502 600 δὲ
1533 546 1817 616 χρησίμως
1845 547 1872 598 ό
1902 582 1948 635 Α

331 644 587 714 προφήτης
615 639 724 692 τῶν
746 643 845 710 τὴν
869 639 1139 711 σωτηρίαν
1161 639 1558 706 ἀπεγνωκότων
1579 638 1640 690 τὸ
1672 637 1874 690 εἰκαιό-

333 733 518 796 6ουλον,
537 749 555 782 ι
591 730 684 794 Τίς
706 725 868 795 οἶδε,»
889 731 1075 798 φησὶν,
1106 750 1123 782 ι
1150 732 1199 783 εἰ
1231 730 1572 800 μετανοήσει,
1608 728 1701 781 καὶ
1749 729 1874 779 ὐπο-

332 825 536 894 λήψεται
562 821 732 875 ὀπίσω
758 821 918 874 αὐτοῦ
942 822 1192 890 εὐλογίαν
1219 838 1233 886 ;
1274 841 1291 873 ι
1319 821 1411 875 καὶ
1444 820 1512 873 τὰ
1533 820 1679 890 ἑξῆς.
1707 820 1872 871 Τουτ-

329 916 456 971 em.
482 913 632 968 δώσει
653 916 759 977 τοῖς
785 913 1170 984 ἐπιστρέφουσι
1200 914 1260 966 τὺ
1291 914 1579 984 μετασχεῖν
1602 911 1870 980 εὐλογίαν,

1185 425 1730 482 COMMERTARIL‘S
1770 424 1834 478 IN
1881 424 2144 480 JOELEM
2187 426 2626 484 PROPHETAM.

3443 426 3548 480 566

1977 547 2176 614 novit,»
2199 547 2426 618 inquim
2443 549 2488 603 si
2519 548 2798 617 paenitebit
2827 561 2969 612 eum,
3000 556 3051 601 et
3081 546 3312 600 dimittet
3341 554 3460 613 post
3486 560 3545 600 se

1976 638 2477 694 benedictionem?»
2496 648 2628 705 etc.;
2653 639 2703 693 id
2731 647 2830 702 cst,
2859 637 3002 692 dabit
3028 633 3463 691 convertentibus
3489 647 3545 688 se

1977 728 2361 784 benedictionis
2394 729 2509 784 ﬁeri
2548 730 2869 798 participes,
2903 739 2958 782 ut
2991 728 3220 783 libamen
3251 736 3306 781 et
3336 724 3548 779 sacriﬁ-

1977 817 2116 871 cium
2148 818 2340 872 iterum
2371 818 2466 888 ipsi
2497 817 2693 872 oﬂ'erre
2718 827 2936 884 queant,
2963 817 3264 887 gaudioque
3288 825 3341 872 et
3367 815 3547 871 laetitia

1983 909 2320 963 exsultantes
2349 908 2642 978 gratiarum
2673 910 2912 962 actiones
2940 908 3245 964 decantent.

326 1005 456 1060 ῶστε
487 1009 574 1061 καὶ
596 1007 817 1078 σπονδὴν
861 1008 956 1061 καί
986 1007 1178 1062 Θυσίαν
1201 1007 1479 1062 ἀναθεῖναι
1506 1005 1666 1060 πάλιν
1722 1005 1870 1075 αὐτῴ
1890 1049 1902 1070 ,
1941 1003 2228 1076 χαίροντας
2262 1020 2320 1056 τε
2355 1003 2448 1056 καὶ
2507 1001 2966 1072 εὐφραινομένους
2990 1002 3300 1072 ἀναμέλψαι
3337 1001 3406 1056 τὰ
3453 1019 3550 1070 χα-

361 1117 580 1153 ιστηοια.

361 1117 440 1152 ιστ
511 1119 580 1153 ια.
1325 1121 1336 1130 ⁹

323 1117 354 1170 ρ
385 1101 722 1243 Σιῗέπίσατε
755 1190 1046 1260 σάλπιγγι
1088 1192 1156 1245 ἐν
1201 1191 1388 1258 Σιὼν,
1441 1191 1728 1260 ἁγιάσατε
1771 1207 1877 1257 νηο

313 1282 528 1344 στείαν,
557 1281 857 1351 κηρύξατε
905 1283 1248 1352 θεραπείαν,
1287 1283 1658 1351 συναγάγετε
1699 1283 1876 1344 λαὸν,

311 1372 584 1441 ἁγιάσατε
632 1375 1023 1442 Ἐκκλησίαν,
1053 1373 1386 1437 ἐκλέξασθε
1415 1372 1876 1441 πρεσϐυτέρους,

311 1463 592 1532 συνάγετε
626 1464 816 1531 νήπια
861 1464 1194 1532 θηλάζοντα
1235 1467 1522 1534 μαστούς.
1561 1464 1881 1528 Ἐξελθέτω

308 1555 558 1622 νυμφίος
608 1555 678 1608 ἐκ
723 1555 830 1609 τοῦ
886 1555 1190 1620 κοιτῶνος,
1247 1557 1343 1609 καί
1392 1557 1597 1624 νύμφη
1644 1556 1712 1608 ἐκ
1767 1553 1872 1608 τοῦ

308 1646 538 1700 παστοῦ
561 1645 768 1714 αὐτῆς.
815 1647 1137 1715 Ἁναμέσον
1175 1645 1283 1714 τῆς
1313 1646 1601 1714 κρηπίδος
1645 1644 1871 1699 καὶτοῦ

307 1736 734 1804 θυσιαστηρίου
783 1738 1154 1792 κλαύσονται
1201 1741 1254 1790 οἱ
1305 1737 1496 1804 Ιερεῖς,
1523 1741 1575 1792 οἱ
1606 1741 1874 1804 λειτουρ-

2045 1180 2210 1250 220
2257 1177 2418 1233 Vatis.
2447 1176 2630 1231 lii-l7.
2664 1175 2901 1246 Clangite
2929 1177 3053 1231 tuba
3085 1178 3139 1230 in
3173 1175 3323 1245 Sion,
3350 1186 3547 1236 sancti-

1977 1272 2128 1340 [icale
2145 1269 2426 1340 jejunium,
2451 1267 2730 1336 prwdicate
2754 1267 3097 1333 curationem,
3121 1279 3426 1338 congregate
3449 1288 3548 1336 pa-

1975 1362 2174 1430 pulum,
2195 1360 2518 1427 sanctiﬁcate
2539 1359 2846 1423 Ecclesium,
2865 1359 3038 1430 eligite
3058 1362 3308 1423 seniores,
3325 1375 3543 1428 congre-

1977 1463 2095 1522 gate
2127 1449 2370 1521 parvulos
2403 1459 2638 1519 sugentes
2673 1450 2853 1504 ubera.
2886 1449 3204 1520 Egrediatur
3230 1466 3448 1518 sponsus
3482 1450 3545 1502 de

1980 1544 2140 1597 cubili
2175 1560 2290 1608 suo,
2325 1553 2371 1596 et
2408 1559 2599 1611 sponsa
2633 1545 2696 1598 de
2729 1546 2959 1599 thalamo
2991 1562 3105 1600 suo.
3145 1543 3291 1600 Inter
3321 1547 3547 1614 crepidi-

1979 1651 2092 1688 nem
2127 1643 2176 1689 et
2210 1635 2377 1688 altare
2408 1635 2685 1704 plorabant
2721 1638 3019 1690 sacerdotes
3057 1637 3408 1691 ministrantes
3443 1637 3549 1690 Do-

1978 1727 2141 1792 mino,
2175 1735 2222 1778 et
2260 1726 2430 1780 dicent
2465 1742 2482 1779 :
2517 1725 2706 1791 Parce,
2741 1726 2983 1790 Domine,
3018 1728 3210 1795 populo
3253 1739 3364 1792 tuo,
3397 1737 3446 1781 et
3488 1744 3550 1782 ne

306 1825 550 1892 γοῦντες
592 1828 804 1896 Κυρίῳ,
837 1828 933 1882 καί
968 1829 1234 1894 ἐροῦσιν·
1276 1829 1504 1894 Φεῐσαι,
1533 1829 1728 1896 Κύριε,
1769 1827 1870 1882 τοῦ

1978 1816 2066 1870 ιίεε
2095 1814 2451 1869 [nereditatem
2483 1825 2626 1869 tuam
2659 1817 2710 1869 in
2741 1814 3097 1883 opprobrium,
3130 1825 3186 1869 ut
3217 1819 3550 1870 dominentur

304 1916 450 1970 λαοῦ
482 1933 600 1970 σου
627 1957 642 1981 ,
701 1918 798 1972 καί
840 1919 926 1987 μὴ
975 1918 1093 1984 δῷς
1150 1919 1265 1986 τὴν
1304 1921 1710 1988 κληρονομίαν
1757 1931 1874 1972 σου

316 2011 398 2073 εἰς
453 2008 683 2074 ὄνειδος
731 2009 837 2063 τοῦ
906 2009 1196 2077 κατάρξαι
1235 2009 1433 2063 αὐτῶν
1480 2010 1655 2077 ἔθνη,
1715 2009 1875 2074 ὅπως

298 2095 379 2164 μὴ
411 2098 664 2152 εἴπωσιν
705 2099 774 2152 ἐν
815 2098 940 2163 τοῖς
984 2098 1210 2162 ἔθνεσι,
1253 2099 1376 2152 Ποῦ
1425 2099 1596 2152 ἐστιν
1644 2101 1676 2151 ὀ
1730 2097 1875 2162 Θεὸς

303 2189 493 2244 αὐτῶν
509 2207 527 2252 ;

371 2280 641 2334 Kll'—K8’.
666 2283 1009 2352 Διανίστησιν
1053 2277 1110 2335 εὖ
1141 2282 1286 2352 μάλα
1311 2283 1404 2336 καὶ
1437 2279 1525 2334 διὰ
1543 2281 1746 2334 τούτων
1777 2281 1873 2332 αὐ·-

301 2371 424 2434 τοὺς
456 2374 533 2434 είς
589 2373 951 2441 μετάγνωσιν,
1005 2374 1100 2426 καὶ
1159 2371 1359 2443 τρόπον
1412 2372 1598 2425 οὐδένα
1658 2371 1758 2441 τῆς
1793 2372 1874 2434 είς

305 2463 458 2515 τοῦτο
493 2463 724 2532 σπουδῆς
775 2465 1214 2534 ἀνεπιτήδευτον,
1253 2466 1348 2534 ea»
1380 2464 1656 2517 ἐπιτάττει
1682 2463 1870 2533 χρησί-

304 2570 440 2623 μως.
463 2557 580 2607 Δεῖν
597 2554 702 2624 γὰρ
740 2554 842 2624 ἔφη
865 2555 1101 2626 λαμπρῷ
1129 2557 1219 2609 καὶ
1244 2555 1532 2626 διαπρεπεῖ
1556 2555 1872 2626 κηρύγματι

303 2644 704 2714 κεχρημένους,
734 2646 980 2712 ἀγιάζειν
1010 2649 1107 2716 μὲν
1141 2647 1414 2718 νηστείαν,
1445 2647 1679 2718 κηρύξαι
1706 2648 1762 2700 δὲ
1788 2646 1873 2699 θε-

309 2735 562 2801 ραπείαν,
611 2737 704 2786 καὶ
765 2737 1104 2805 συναγείρειν
1133 2738 1188 2789 ὲν
1232 2738 1533 2807 Ἐκκλησία
1560 2739 1684 2800 τοὺς
1717 2737 1872 2808 θερα-

307 2825 497 2878 πεύειν
526 2826 855 2894 ὀφείλοντας,
891 2827 1047 2897 δῆλον
1078 2827 1134 2879 δὲ
1157 2829 1238 2880 ὅτι
1259 2826 1634 2897 λελυπημένον
1656 2827 1746 2881 τὸν
1767 2827 1872 2881 τῶν

305 2916 446 2968 ὅλων
486 2916 636 2970 Θεόν.
671 2913 793 2970 Εἶεν
829 2918 872 2970 δ’
897 2918 962 2971 ἂν
999 2913 1141 2971 οὗτοι
1167 2917 1456 2982 νεανίσκοι,
1478 2920 1568 2971 καὶ
1596 2919 1870 2990 παρθένοι,

301 3007 667 3078 πρεσϐύτεροι
705 3009 844 3078 μετὰ
873 3009 1175 3080 νεωτέρων,
1213 3011 1381 3080 νήπιά
1411 3029 1467 3063 τε
1505 3011 1639 3080 πρὸς
1666 3011 1874 3075 τούτοις

292 3096 583 3167 άρτιγενῆ,
626 3098 717 3151 καὶ
744 3099 1026 3165 ὑπότιτθα,
1075 3100 1301 3171 καὶμὴν
1334 3101 1425 3154 καὶ
1470 3102 1723 3170 νυμφίοι,
1777 3101 1874 3155 καὶ

290 3186 594 3258 ἀρτίγαμοι
644 3189 820 3260 κόραι,
853 3190 998 3260 τάχα
1031 3208 1132 3244 που
1165 3191 1612 3260 κατεστεμμένων
1658 3191 1736 3244 ἔτι
1767 3207 1869 3244 πα-

289 3277 436 3330 στῶν
462 3279 771 3345 ὲκθέουσαι,
822 3281 917 3334 κα)⁸
963 3281 1270 3350 γαμηλίους
1308 3281 1466 3344 εὐνὰς
1503 3280 1830 3351 ἀρνούμενοιι
1853 3322 1868 3345 ,

284 3370 506 3441 τρυφῆς
536 3388 617 3436 τε,
648 3372 744 3424 καὶ
770 3371 932 3424 πότου
960 3371 1330 3443 ὑπερορῶσαι,
1361 3372 1456 3424 καὶ
1475 3370 1872 3440 ἀλλασσόμεναι

283 3458 385 3530 τὴν
445 3459 874 3531 σκληραγωγίαν
942 3462 1170 3533 (κρότου
1232 3461 1729 3533 περιεσταλμένου,
1780 3461 1872 3514 καὶ¹

279 3549 559 3620 ᾀσμάτων
595 3552 966 3622 ἠρεμούντων,
1011 3555 1103 3606 καὶ
1132 3553 1438 3624 εὐφημιῶν,
1467 3552 1533 3615 ἃς
1583 3550 1702 3614 ἔθος
1731 3553 1871 3604 τισὶν

275 3641 556 3694 ἀνάπτειν
577 3641 784 3696 ἐσθ’ὃτε
803 3647 914 3707 τοῖς
931 3646 1318 3715 γεγαμηκόσι),
1333 3645 1429 3698 καὶ
1456 3643 1592 3713 όμοῦ
1615 3644 1869 3714 νυμφίοις

274 3731 439 3800 ὀλοφυ
461 3731 708 3802 ρόμεναι.
756 3734 866 3786 Kal
902 3736 1010 3805 γάρ
1038 3736 1190 3788 ἐστιν’
1229 3735 1428 3806 ἀληθὲς
1476 3735 1612 3806 ὅπερ
1642 3732 1746 3805 ἔφη
1784 3752 1871 3796 τις

271 3820 384 3873 τῶν
424 3822 568 3891 ’παρ’
608 3823 738 3891 ἡμῖν
776 3824 972 3892 σοφῶνο
1012 3825 1297 3878 «Μουσικὰ
1318 3827 1376 3878 ὲν
1401 3825 1606 3889 πένθει,
1641 3824 1869 3895 ἄκαιρος

272 3911 441 3982 διήγη
458 3914 1027 3984 (τις-»Ἐπηρτημένης
1056 3915 1120 3986 δὴ
1167 3913 1258 3968 οὖν
1310 3918 1441 3986 ἡμῖν
1479 3916 1627 3978 θείας
1658 3915 1828 3986 ὀργῆς
1851 3953 1865 3979 ,

272 4003 511 4056 πενθεῖν
559 4003 889 4069 ἀναγκαῖον,
937 4005 1059 4073 οὐχὶ
1119 4006 1302 4068 πότοις
1359 4022 1417 4057 τε
1486 4007 1580 4058 καὶ
1637 4007 1868 4075 τρυφαῖς

269 4091 678 4162 ὲνευρύνεσθαι
713 4093 908 4160 φιλεῖν.
937 4095 1059 4146 Ὅτι
1099 4094 1206 4164 γὰρ
1258 4095 1357 4147 οὐκ
1412 4096 1761 4165 ἀμοιρήσειεν
1802 4096 1866 4148 ἂν

275 4183 524 4252 μομφῆς
553 4199 634 4246 τε,
672 4185 765 4237 καὶ
793 4183 948 4253 δίκης
977 4183 1037 4235 τὸ
1059 4186 1158 4237 οὐκ
1204 4187 1260 4237 ἐν
1291 4185 1466 4256 καιρῴ
1502 4188 1733 4256 τρυφᾷν,
1775 4203 1867 4239 σα-

270 4273 483 4345 φηνιεῖ
510 4289 593 4336 τις
615 4272 723 4326 τῶν
761 4274 932 4341 ἁγίων
965 4275 1277 4345 προφητῶν,
1308 4275 1480 4342 λέγων
1520 4275 1779 4345 περὶτῶν
1811 4277 1870 4342 ἐξ

282 4361 546 4435 Ἰσραήλ·
592 4381 608 4412 ι
632 4364 741 4417 Καὶ
773 4364 998 4417 ἐκάλεσε
1023 4365 1221 4434 Κύριος
1243 4365 1469 4419 Σαὸαὼθ
1501 4368 1558 4418 ὲν
1591 4369 1654 4437 τῇ
1684 4367 1867 4440 ἡμέρᾳ

1976 1921 2154 1959 eorum
2190 1915 2382 1976 gentes,
2418 1915 2473 1959 ut
2511 1923 2613 1959 non
2648 1907 2824 1960 dicant
2863 1908 2916 1960 in
2954 1907 3251 1962 nationibus
3284 1924 3300 1961 :
3336 1906 3436 1960 Ubi
3471 1916 3548 1961 est

1981 1996 2114 2050 Deus
2149 2013 2325 2049 eorum
2342 1998 2366 2048 .’

2044 2276 2480 2334 XXVIII-XXIX.
2526 2280 2697 2335 Etiam
2737 2281 2820 2335 his
2841 2295 2934 2337 eos
2956 2281 3020 2334 ad
3043 2280 3413 2348 paenitentiam
3465 2295 3550 2334 rc-

1975 2366 2213 2422 CIissime
2229 2370 2596 2430 exsuscitat,et
2617 2372 2800 2424 modos
2815 2385 3001 2426 omnes
3019 2370 3068 2424 in
3080 2369 3183 2424 hoc
3198 2371 3374 2425 studio
3389 2385 3553 2440 expe-

1977 2457 2070 2510 riri
2093 2457 2380 2514 salubriter
2406 2461 2664 2528 ιιι-πείνη.
2681 2459 2939 2530 Oportere
2957 2461 3124 2526 enim,
3141 2461 3334 2528 inquit,
3355 2461 3549 2532 insigni

1973 2559 2029 2602 et
2055 2550 2334 2604 excellenti
2357 2551 2759 2606 denuntiatione
2780 2552 3016 2620 adhibita
3048 2552 3386 2608 sanctilicare
3405 2551 3548 2621 jeju-

1973 2641 2143 2706 nium,
2170 2642 2461 2710 prmdicare
2488 2644 2846 2708 curationem,
2865 2651 3257 2714 etcongrcgare
3283 2644 3336 2698 in
3367 2642 3551 2698 Eccle-

1974 2732 2130 2797 siam,
2149 2735 2239 2800 qui
2264 2734 2427 2788 Deum
2447 2731 2706 2790 offensum
2732 2735 3042 2804 propitient,
3064 2749 3255 2805 nempe
3321 2734 3550 2803 juvenes

1973 2833 2024 2880 et
2059 2826 2326 2895 virgines,
2360 2841 2517 2880 senes
2552 2841 2672 2880 cum
2701 2827 3006 2895 junioribus
3030 2828 3100 2892 ”,
3196 2826 3430 2880 infantes
3465 2826 3550 2879 in-

1973 2933 2134 2988 super
2159 2919 2316 2973 modo
2345 2920 2553 2988 genitos
2579 2921 2620 2981 ‘,
2648 2928 2698 2972 et
2731 2920 2906 2973 adhuc
2936 2920 3036 2974 sub
3067 2920 3251 2984 ubere,
3285 2928 3547 2988 praetcrea

1973 3026 2198 3080 sponsos
2224 3020 2278 3066 et
2306 3027 2471 3066 novas
2502 3021 2714 3082 nuptas,
2747 3013 2995 3067 nimirum
3022 3028 3052 3067 e
3085 3013 3335 3068 thalamis
3366 3013 3546 3068 adhuc

1975 3099 2245 3154 coronatis
2285 3111 2655 3165 excurrentes,
2693 3109 2750 3154 et
2792 3101 3044 3156 lectulum
3090 3102 3356 3171 genialem
3398 3103 3551 3158 dese-

1926 3183 1944 3207 ⁴
1978 3199 2178 3252 rentes,
2209 3191 2641 3258 voluptatemque
2665 3199 2718 3243 et
2746 3191 2931 3259 epulas
2956 3191 3332 3261 deSpicientes,
3359 3199 3414 3245 et
3439 3191 3548 3245 vita

1977 3282 2270 3336 austeriore
2299 3291 2688 3336 commutantes
2719 3282 2940 3352 (plausu
2975 3297 3307 3351 compresso,
3339 3282 3550 3351 epitha-

1976 3369 2152 3424 lamiis
2192 3370 2493 3435 silentibus,
2530 3381 2583 3425 et
2624 3372 2778 3426 bonis
2819 3372 3109 3438 ominibus,
3148 3373 3344 3441 quibus
3385 3388 3550 3427 novos

1974 3461 2230 3531 conjnges
2253 3462 2469 3532 quidam
2500 3462 2752 3531 prosequi
2779 3464 3000 3533 solent),
3027 3470 3081 3517 et
3105 3478 3206 3516 una
3234 3479 3354 3518 cum
3381 3477 3535 3532 spon-

1974 3554 2050 3608 sis
2093 3555 2466 3609 lamentantes.
2507 3553 2704 3608 Verum
2769 3555 3032 3623 siquidem
3083 3570 3221 3606 unus
3267 3569 3297 3607 e
3347 3553 3546 3607 nostris

1973 3643 2310 3712 sapientibus
2340 3644 2472 3696 dixit
2502 3660 2518 3697 :
2556 3661 2574 3693 ι
2614 3641 2814 3695 llusica
2847 3643 2898 3695 in
2931 3643 3096 3704 luctu,
3126 3651 3208 3695 est
3240 3642 3510 3707 importun

1975 3734 2268 3787 narratio'.
2297 3751 2314 3782 ι
2341 3731 2691 3800 Opprimente
2715 3730 2875 3798 igitur
2893 3743 2991 3784 nos
3015 3731 3091 3783 ira
3113 3729 3310 3789 divina,
3337 3727 3542 3796 lugere,

1974 3838 2078 3876 non
2107 3821 2368 3876 conviviis
2390 3830 2443 3874 et
2467 3819 2676 3874 deliciis
2699 3820 2875 3874 soluto
2903 3819 3083 3872 animo
3110 3833 3302 3871 vacare
3328 3833 3546 3873 necesse

1971 3924 2072 3968 est.
2098 3912 2231 3966 Nam
2263 3912 2637 3981 intempestive
2665 3911 2794 3965 dare
2822 3924 3041 3980 operam
3067 3909 3345 3980 voluptati,
3372 3919 3425 3965 et
3458 3926 3544 3965 re-

1973 4006 2384 4075 prehensionem
2415 4016 2470 4061 et
2500 4021 2712 4075 pcenam
2745 4005 2964 4069 mereri,
2995 4006 3213 4074 quidam
3246 4010 3310 4060 de
3338 4009 3543 4062 sanctis

1972 4098 2248 4166 prophetis
2276 4098 2532 4160 ostendit,
2562 4097 2647 4151 his
2673 4097 2850 4150 verbis
2879 4097 2944 4149 de
2974 4095 3242 4148 lsraelitis
3271 4096 3494 4164 loquens
3525 4116 3540 4152 :

1977 4209 1994 4242 ι
2036 4190 2100 4242 Et
2127 4190 2338 4243 vocavit
2373 4189 2630 4242 Dominus
2659 4185 2898 4241 Sabaoth
2927 4185 2980 4238 in
3009 4183 3095 4239 die
3127 4185 3213 4237 illa
3246 4183 3462 4251 ﬂetum,
3489 4198 3545 4241 et

1969 4277 2265 4348 planctum,
2290 4286 2343 4332 et
2372 4277 2666 4342 calvitium,
2695 4285 2748 4330 et
2778 4275 3076 4330 cincturam
3108 4288 3411 4341 saccorum;
3443 4277 3544 4344 ipsi

1970 4380 2147 4424 autem
2175 4372 2414 4424 fecerunt
2437 4367 2698 4432 lmtitiam,
2726 4365 3068 4421 immolantes
3088 4365 3280 4420 vitulos
3303 4377 3355 4421 et
3378 4368 3545 4421 sacri—

269 4455 472 4523 ὲκείνῃ
524 4452 822 4525 κλαυθμὸν,
857 4457 947 4508 καὶ
994 4456 1257 4520 κοπετὸν,
1317 4457 1410 4510 καὶ
1463 4457 1719 4528 ξύρησιν,
1770 4459 1863 4512 καὶ

1974 4463 2196 4516 ﬁcantes
2220 4474 2376 4524 oves;
2410 4459 2480 4512 ita
2509 4471 2564 4512 nt
2599 4457 2943 4512 comederent
2971 4472 3182 4520 carnes,
3213 4468 3266 4512 et
3297 4458 3544 4512 biberent

268 4548 451 4612 ζῶσιν
488 4547 727 4614 σάκκων,
743 4551 897 4603 αὐτοὶ
919 4551 975 4603 δὲ
999 4552 1324 4623 ἐποιήσαντο
1353 4551 1708 4623 εὐφροσύνας,
1726 4553 1860 4621 σφά-

266 4639 472 4703 ζοντες
509 4641 755 4712 μόσχους
773 4682 788 4705 ,
815 4643 903 4695 καὶ
928 4642 1146 4705 θύοντες
1181 4643 1446 4715 πρόϐατα,
1471 4645 1563 4697 καὶ
1591 4643 1863 4712 λέγοντες·

265 4732 577 4800 Φάγωμεν,
610 4733 703 4785 καὶ
737 4733 972 4808 πίωμεν,
1015 4733 1204 4806 αὔριον
1233 4734 1342 4803 γὰρ
1373 4734 1809 4806 ἀποθνήσκομεν.
1841 4753 1860 4786 s

266 4821 562 4891 Ζητητέον
610 4818 702 4876 οῦν
761 4823 1011 4895 θρήνους,
1071 4826 1164 4879 καὶ
1220 4825 1427 4895 δάκρυα
1481 4825 1866 4896 ὲπηρτημένης

264 4911 478 4992 ὀργῆς.
509 4911 619 4963 Καὶ
658 4911 953 4983 διερῤίφθω
997 4915 1176 4979 πότος.
1218 4919 1336 4968 Δεῖν
1382 4916 1437 4969 δέ
1471 4933 1632 4986 φησιν
1674 4919 1702 4970 ό
1730 4932 1866 4986 προ-

266 5003 464 5071 φὴτης
493 5000 586 5051 καὶ
614 5003 742 5054 αὐτὸ
766 5007 874 5068 τοῖς
899 5006 1152 5059 πενθοῦσι
1187 5007 1247 5058 τὸ
1291 5007 1434 5078 ἱερὸν
1460 5007 1858 5061 ἀναπλέκεσθαι

267 5093 374 5145 καὶ
398 5091 699 5144 ἀπόλεκτον
749 5095 926 5162 γένος,
981 5100 1074 5151 καὶ
1099 5099 1161 5168 δὴ
1195 5101 1326 5170 πρὸς
1384 5101 1575 5163 αὐταῖς
1625 5102 1858 5170 κρηπῖσι

262 5181 370 5235 τοῦ
407 5181 558 5246 ναοῦ,
590 5183 683 5235 καὶ
704 5185 974 5254 ἀναμέσον
1013 5187 1106 5241 τοῦ
1145 5188 1529 5260 θυσιαστηρίου
1576 5189 1858 5243 κατολολύ-

267 5273 394 5336 ζειν
427 5274 662 5338 ἐκτενῶς
699 5275 1132 5344 ἀνακωκύοντας,
1158 5281 1250 5332 καὶ
1286 5281 1565 5348 λέγοντας
1604 5298 1622 5330 ι
1651 5281 1857 5345 Φεῖσαι,

268 5363 474 5433 Κύριε,
501 5365 595 5417 τοῦ
631 5364 762 5419 λαοῦ
801 5384 918 5433 σου,
956 5369 1050 5422 καὶ
1099 5371 1174 5441 μὴ
1220 5370 1323 5440 δῷς
1352 5369 1450 5439 τὴν
1501 5368 1862 5438 κληρονομίαν

269 5473 376 5508 σου
414 5459 492 5520 εἰς
523 5457 747 5523 ὄνειδος,
799 5460 894 5512 τοῦ
929 5461 1196 5532 κατάρξαι
1246 5461 1426 5514 αὐτῶν
1453 5458 1598 5530 ἔθνη,
1657 5461 1864 5530 μήποτε

263 5542 475 5598 εἴπωσι
512 5547 579 5600 τὰ
620 5548 770 5618 ἔθνη,
818 5550 928 5603 Ποῦ
981 5551 1175 5604 ἔστινό
1219 5551 1348 5612 Θεὸς
1406 5548 1618 5614 αὐτῶν;
1646 5567 1665 5600 ι
1724 5550 1863 5604 Ἀλλ’

264 5634 439 5702 εἴπερ
481 5637 640 5706 μόνον
670 5640 818 5710 αὐτῷ
861 5643 961 5712 τῆς
1003 5643 1221 5712 ἀκρίδος
1268 5640 1426 5708 λόγος
1473 5637 1558 5710 ἦν,
1603 5640 1718 5702 πῶς
1747 5641 1866 5710 οὐχὶ

347 5815 397 5845 ⁹⁹
455 5812 598 5870 Psal.
635 5829 852 5879 chvm,
909 5816 990 5868 1‘2.

1074 5815 1088 5844 ¹
1146 5814 1162 5868 l
1221 5813 1365 5870 Pctr.
1431 5830 1486 5880 ιι,
1527 5813 1580 5868 Ξ.
1660 5815 1680 5845 ²
1729 5814 1891 5871 Eccli.

1968 4557 2188 4620 vinum,
2238 4553 2481 4606 dicentes
2527 4569 2539 4604 :
2593 4549 2952 4605 Comedamus
2997 4558 3051 4605 et
3099 4549 3372 4615 bibamus,
3420 4563 3543 4604 cras

1962 4645 2106 4698 enim
2156 4642 2474 4697 moriniur‘.
2521 4661 2540 4694 ι
2585 4641 2664 4696 Ad
2698 4641 2932 4695 lamenta
2977 4640 3140 4710 igitur
3180 4650 3233 4695 et
3274 4639 3542 4711 lacrymas

1962 4734 2376 4802 confugiendum
2404 4742 2488 4788 est
2519 4733 2604 4786 his
2658 4733 2710 4785 in
2741 4747 2876 4799 quos
2903 4731 3143 4786 caelestis
3170 4731 3249 4785 ira
3281 4732 3539 4786 incubue-

1964 4827 2054 4879 rit.
2077 4825 2260 4894 Apage
2288 4839 2407 4879 cum
2436 4824 2719 4879 conviviis.
2747 4823 3074 4894 Lugentibus
3101 4837 3261 4892 porro
3287 4833 3532 4877 sanctum

1963 4924 2017 4970 et
2043 4915 2270 4970 electum
2297 4930 2465 4985 genus
2489 4916 2821 4969 miscendum
2850 4917 2946 4979 ait,
2972 4923 3026 4968 et
3053 4914 3174 4968 ideo
3205 4913 3344 4968 inter
3365 4913 3534 4968 vesti-

1964 5007 2146 5061 bulum
2194 5006 2372 5074 templi
2417 5015 2470 5060 et
2513 5005 2680 5060 altare
2725 5005 3028 5075 ploraturos
3074 5005 3312 5070 impense
3351 5017 3534 5058 sacer-

1967 5099 2146 5164 dotes,
2181 5107 2235 5152 et
2269 5114 2388 5152 cum
2426 5099 2628 5152 ululatu
2665 5099 2901 5152 dicturos
2937 5115 2948 5152 :
2988 5115 3006 5148 ι
3047 5095 3245 5161 Parce,
3278 5095 3528 5162 Domine,

1967 5189 2162 5258 p0pnlo
2193 5199 2304 5253 tuo,
2338 5197 2392 5244 et
2425 5205 2492 5244 ne
2530 5191 2623 5244 des
2659 5190 3028 5244 haereditatcm
3065 5198 3209 5240 tuam
3249 5188 3302 5240 in
3339 5203 3533 5257 oppro-

1966 5279 2177 5342 brium,
2220 5291 2276 5332 ιιι
2321 5281 2667 5334 dominentur
2707 5295 2892 5334 eorum
2939 5277 3217 5342 nationes,
3260 5277 3418 5347 221
3468 5293 3534 5333 ne

1962 5371 2098 5424 forte
2123 5370 2302 5424 dicunt
2329 5381 2515 5439 gentes
2547 5389 2559 5424 :
2593 5371 2692 5424 Ubi
2723 5380 2804 5424 est
2833 5369 2975 5422 Deus
3003 5369 3223 5423 eorum?
3253 5390 3272 5422 ρ
3303 5369 3454 5437 Quod
3488 5372 3531 5426 si

1965 5472 2169 5517 tantum
2205 5465 2273 5518 de
2308 5463 2512 5517 locusta
2551 5462 2805 5529 loquitur,
2844 5461 3112 5530 quomodo
3148 5477 3253 5517 non
3289 5465 3468 5532 potius
3503 5481 3531 5516 a

1962 5554 2100 5608 fame
2143 5565 2196 5609 et
2246 5554 2424 5623 inopia
2470 5553 2684 5606 liberari
2732 5552 2952 5622 petunt?
2995 5550 3212 5608 Timent
3255 5566 3434 5609 autem
3477 5554 3530 5604 in

1964 5661 2153 5702 manus
2176 5647 2410 5700 hostium
2439 5641 2694 5709 incidere,
2715 5651 2767 5698 et
2791 5642 3092 5700 irrisionem
3117 5657 3278 5716 atque
3301 5645 3532 5701 dedecus

1938 5829 2070 5878 xx”,
2099 5816 2149 5868 6.
2227 5817 2246 5847 ³
2299 5813 2408 5868 lsa.
2479 5826 2612 5876 χχιι,
2651 5813 2732 5880 19.,
2769 5815 2850 5869 l3.
