4054 6274
502 380 606 436 εὸῗ

1495 374 1550 428 S.
1593 371 1865 427 CYRILLI
1905 369 2370 427 ALEXANDRINI
2408 367 2726 427 ARCHIEP.

3645 367 3754 424 568

503 495 882 562 deprecantur.
935 489 1220 544 Probabile
1263 495 1346 542 est
1395 500 1550 554 ergo,
1600 487 1742 554 quod
1793 494 1847 540 et
1884 499 2064 540 verum

2178 481 2704 562 panouhpoﬁmal
2735 479 2938 544 ἐνδείας
2960 479 3201 534 αἰτοῦσιν
3232 480 3587 554 ἀπαλλαγήν;
3625 483 3753 536 Ἐκ-

503 583 768 646 dixerint,
809 581 908 636 sub
948 581 1167 633 locusta:
1205 579 1421 632 nomine
1456 577 1793 646 reuigmatice
1831 586 1886 631 et
1924 587 2073 631 recte

507 671 751 725 hostilem
796 668 1136 736 Assyriorum
1187 667 1476 721 adventum
1527 666 1782 722 describi.
1827 665 1981 732 Quod
2026 668 2071 721 si

503 757 626 822 quis
659 755 820 807 etiam
861 753 926 807 de
959 754 1091 824 ipsis
1129 753 1352 809 locustis
1387 754 1502 809 haec
1536 754 1879 824 interpretari
1913 755 2068 818 velit,

505 844 697 897 merito
733 843 1168 912 propheticorum
1207 845 1548 899 oraculorum
1587 847 1941 900 oeconomiam
1977 847 2072 900 ad-

505 937 748 992 miretur.
785 935 903 1006 lpse
940 954 1174 1008 namque
1213 940 1460 1009 supplicii
1499 941 1686 994 modus
1724 948 1928 993 tantum
1965 955 2070 993 non

501 1027 760 1084 adversus
800 1029 1162 1084 lsraelitarum
1205 1033 1526 1086 dementiam
1563 1040 1619 1085 et
1652 1031 2071 1085 imbecillitatem

501 1119 790 1174 exclamat.
822 1118 1099 1174 Mutabant
1125 1121 1269 1175 enim
1300 1128 1354 1174 et
1381 1120 1775 1174 venerabantur
1801 1118 1930 1173 deos
1977 1121 2069 1187 qui

499 1225 606 1262 non
641 1220 768 1263 sunt
803 1209 898 1275 dii,
927 1209 1407 1278 universorumque
1440 1209 1545 1262 Deo
1577 1210 1783 1276 relicto,
1813 1209 1938 1263 Baal
1970 1209 2069 1262 ad-

497 1301 746 1354 orabant.
783 1300 885 1355 Sed
920 1315 1049 1354 ecce
1084 1302 1300 1355 locustae
1333 1317 1453 1355 cum
1489 1300 1828 1356 intolerando
1859 1300 2071 1370 agtniue

497 1402 858 1445 castrametan
870 1403 972 1456 tur,
1001 1392 1238 1446 bruchus
1270 1401 1530 1454 armatur,
1555 1401 1608 1448 et
1631 1407 1658 1444 a
1682 1391 2070 1447 commentitiis

500 1483 812 1536 numinibus
834 1483 949 1537 suis
975 1482 1119 1535 nullo
1145 1482 1258 1536 fulti
1285 1481 1486 1538 auxilio
1514 1491 1848 1536 sternuntur.
1873 1481 2067 1536 Brucbi

491 1585 678 1649 [autem
718 1584 774 1628 et
811 1575 1033 1629 locusta:
1062 1576 1246 1639 victis,
1280 1585 1334 1629 et
1369 1575 1498 1630 deos
1533 1575 1865 1638 colentibus,
1896 1589 2068 1642 quan-

487 1674 829 1732 tumcunque
863 1665 1038 1717 adhuc
1074 1662 1430 1732 profuissent,
1464 1664 1509 1718 si
1548 1673 1738 1717 contra
1772 1663 1954 1717 hostes
1987 1661 2068 1715 di-

499 1754 817 1821 micassent,
844 1763 898 1809 et
927 1769 956 1808 a
999 1754 1352 1824 phalangibus
1391 1753 1819 1808 adversariorum
1861 1751 2067 1810 obsessi

499 1842 750 1899 fuissent.

2171 555 2398 630 δεδίασιχ
2421 575 2478 628 δὲ
2514 574 2574 628 τὸ
2625 576 2811 627 πεσεῖν
2849 575 2928 637 εἰς
2977 572 3163 643 χεῖρας
3194 570 3425 644 ἐχθρῶν,
3472 575 3570 628 καὶ
3602 593 3752 646 παρ..

2171 669 2443 721 αιτοῦνται
2485 666 2728 735 γέλωτα,
2774 665 2866 718 καὶ
2921 665 3245 733 ὀνειδισμόν.
3288 665 3449 728 Εἰκὸς
3502 661 3618 732 οὖν,
3665 668 3754 721 ὅτι

2173 759 2337 829 φαίην
2355 757 2421 811 ἂν
2450 758 2544 811 καὶ
2566 755 2784 827 ἀληθὲς,
2817 755 2893 818 ὡς
2935 757 2992 807 ἐν
3019 755 3131 815 τοῖς
3159 753 3442 824 αἰνίγμασι
3479 757 3591 817 τοῖς
3620 755 3756 826 περὶ

2169 847 2270 917 τῆς
2316 847 2535 918 ἀκρίδος
2585 849 2618 916 ἡ
2681 845 2790 898 τῶν
2863 844 3162 915 Ἀσσυρίων
3215 843 3400 911 ἔφοδος
3445 844 3753 914 λεληθότως

2170 938 2459 1008 ἐγράφετο.
2495 937 2558 989 Εἰ
2606 936 2663 988 δὲ
2709 935 2772 1006 δὴ
2828 934 3069 1006 βούλοιτό
3093 953 3178 999 τις
3203 936 3298 988 καὶ
3343 936 3431 988 ἐπ’
3453 935 3622 1005 αὐτῆς
3648 939 3752 1007 τῆς

2169 1024 2390 1096 ἀκρίδος
2437 1022 2509 1076 τὰ
2556 1024 2782 1077 τοιαῦτα
2827 1025 2992 1091 νοεῖν,
3040 1023 3518 1094 καταθαυμὰσειεν
3549 1025 3616 1078 ἂν
3641 1025 3749 1078 τῶν

2171 1114 2522 1186 προφητικῶν
2555 1113 2939 1184 θεσπισμάτων
2993 1116 3217 1179 εἰκότως
3262 1115 3362 1186 τὴν
3409 1116 3746 1185 οἰκονομίαν.

2169 1209 2339 1272 Αὐτὸς
2377 1207 2486 1277 γὰρ
2529 1208 2558 1260 ό
2604 1207 2702 1277 τῆς
2731 1206 3003 1270 κολάσεως
3030 1207 3230 1277 τρόπος
3260 1207 3544 1278 μονονουχὶ
3575 1224 3748 1261 κατα-

2169 1299 2410 1368 κέκραγε
2435 1298 2534 1367 τῆς
2559 1296 2653 1350 τοῦ
2695 1297 2912 1368 Ἰσραὴλ
2959 1297 3238 1362 ἀϐουλίας,
3267 1299 3361 1352 καὶ
3387 1298 3617 1369 προσέτι
3647 1299 3746 1369 τῆς

2170 1390 2394 1462 ἐνούσης
2435 1390 2615 1452 αὐτοῖς
2669 1389 2976 1454 ἀσθενείας.
3019 1389 3350 1456 Ἠλλάξαντο
3382 1391 3492 1461 γὰρ
3515 1390 3667 1455 θεοὺς
3691 1392 3742 1444 οῖ

2168 1481 2269 1535 οὒκ
2310 1483 2415 1534 εἰσι
2449 1480 2581 1544 θεοὶ,
2607 1481 2817 1534 καὶτὸν
2867 1479 2975 1535 τῶν
3019 1480 3155 1535 ὅλων
3199 1481 3331 1535 Θεὸν
3382 1482 3625 1550 ἀφέντες,
3659 1483 3740 1553 τῷ

2169 1571 2318 1626 Βάαλ
2339 1573 2865 1642 προσκεκυνήκασιν.
2897 1570 3036 1624 Ἀλλ’
3059 1571 3166 1624 ἰδοὺ
3198 1573 3255 1624 αἰ
3288 1571 3507 1641 ἀκρίδες
3534 1573 3738 1642 ἀφόρη-

2168 1679 2261 1716 τον
2282 1661 2561 1716 ποιοῦνται
2609 1663 2708 1733 τὴν
2747 1662 3118 1734 παρεμϐολὴν,
3159 1662 3386 1734 βροῦχος
3429 1663 3738 1728 όπλίζεται,

2169 1753 2265 1804 καὶ
2296 1751 2648 1806 πεπτώκασιν
2675 1751 2928 1822 οὐδεμίαν
2959 1752 3172 1822 ἔχοντες
3190 1755 3514 1824 ἐπικουρίαν
3548 1756 3612 1807 ἐκ
3637 1753 3736 1807 τῶν

2097 1834 2139 1888 Β
2167 1843 2531 1914 ψευδωνύμων
2571 1843 2752 1898 αὐτῶν
2807 1843 2965 1898 θεῶν.
3031 1846 3096 1898 Oi.
3151 1844 3209 1898 δὲ
3267 1845 3332 1915 δὴ
3380 1845 3602 1916 βροῦχοι
3649 1843 3733 1898 καὶ

495 1939 717 2008 ἀκρίδες
747 1938 1079 2009 ἡττωμένοις
1111 1939 1271 1993 ποίαν
1295 1938 1374 1993 ἔτι
1397 1941 1510 2002 τοῖς
1544 1939 1942 2010 προσκυνοῦσιν
1989 1937 2172 2002 αὐτοῖς
2230 1939 2462 1994 ἐπιδοῖεν
2495 1935 2596 2007 τὴν
2665 1940 2854 1994 ἄκεσιν
2901 1941 2949 1993 εἰ
2980 1940 3236 2010 μάχοιντο
3298 1941 3436 2012 πρὸς
3491 1940 3736 2012 ἐχθροὺς,

496 2030 590 2085 καὶ
619 2031 738 2092 ταῖς
761 2027 870 2081 τῶν
896 2027 1149 2081 ἐναντίων
1181 2027 1550 2098 πολιορκοῖντο
1572 2029 1856 2097 φάλαγξιν.

671 2158 920 2250 TOM
948 2161 1079 2248 US
1169 2157 1890 2250 POSTERIOR.

544 2305 730 2363 ‘Vsns.
757 2307 844 2372 18,
876 2307 963 2362 19.
992 2304 1062 2360 Et
1105 2309 1285 2362 zeiavit
1320 2307 1573 2362 Dominus
1602 2319 1793 2364 terram
1822 2327 1994 2376 suam,
2018 2321 2069 2366 et

481 2397 720 2466 Lpepercit
750 2397 939 2464 populo
964 2413 1080 2451 suo.
1103 2397 1170 2450 Et
1204 2400 1465 2466 respondit
1518 2400 1792 2466 Dominus,
1830 2411 1876 2455 et
1930 2403 2067 2456 dixit

2413 2151 2796 2237 ΤΟΜΟΣ
2873 2149 3461 2238 ΔΕΥΤΕΡΟΣ.

2238 2301 2347 2356 Καὶ
2378 2301 2681 2373 ἐζήλωσεν
2727 2306 2762 2358 ὁ
2808 2305 3026 2374 Κύριος
3057 2304 3174 2373 τὴν
3220 2304 3337 2375 γῆν
3363 2306 3572 2374 αὐτοῦ,
3633 2308 3738 2363 καί

2167 2391 2447 2460 ἐφείσατο
2474 2393 2582 2446 τοῦ
2619 2393 2774 2447 λαοῦ
2811 2394 3018 2449 αὐτοῦ.
3077 2394 3186 2448 Καὶ
3215 2397 3499 2464 ἀπεκρίθη
3534 2400 3568 2450 d
3615 2399 3741 2451 Κύ-

494 2487 689 2555 populo
724 2503 859 2544 suo:
895 2487 1026 2541 Ecce
1077 2505 1169 2557 ego
1211 2491 1416 2543 mittam
1457 2492 1598 2546 vobis
1653 2493 1994 2560 frumentum,
2017 2504 2064 2548 et

2164 2499 2312 2550 ριος,
2341 2483 2440 2536 καὶ
2477 2479 2607 2536 εἶπε
2658 2484 2738 2550 τῷ
2783 2483 2910 2549 λαῷ
2958 2487 3142 2541 αὐτοῦ
3168 2503 3182 2516 ·
3235 2487 3388 2542 Ἰδοὺ
3439 2487 3556 2558 ἐγὼ
3600 2489 3744 2543 ἀπο-

496 2577 691 2640 vinum,
723 2585 774 2628 et
807 2575 1000 2638 oleum,
1041 2584 1088 2628 et
1115 2576 1590 2644 implebiminieis;
1611 2587 1656 2630 et
1681 2595 1782 2631 non
1827 2579 1961 2631 dabo
1983 2595 2065 2632 vos

497 2667 639 2720 ultra
652 2665 706 2720 in
723 2665 1052 2734 opprobrium
1083 2667 1133 2720 in
1147 2667 1403 2736 gentibus.
1420 2666 1487 2720 Et
1502 2684 1616 2722 eum
1632 2671 1722 2738 qui
1745 2668 1808 2722 ab
1828 2669 2068 2738 aquilone

474 2757 736 2826 repellam
757 2772 791 2810 a
815 2756 978 2814 vobis.

567 2955 736 3010 XXX.
764 2954 901 3010 Vide
927 2965 1238 3010 currentem
1293 2967 1324 3008 e
1350 2955 1580 3024 vestigio
1609 2954 2060 3010 misericordiam.

485 3047 780 3105 'Praevertit
808 3047 976 3108 enim,
1031 3046 1245 3114 Opinor,
1299 3044 1504 3098 luctum
1561 3046 1849 3110 serenitas,
1879 3054 1934 3099 et
1989 3044 2066 3098 la-

483 3155 710 3210 .crymas
741 3137 1092 3208 poenitentia),
1132 3139 1305 3208 gratia
1334 3141 1668 3196 miserantis.
1717 3138 1923 3208 Quippe
1955 3156 2061 3195 non

494 3227 672 3283 solum
698 3226 1065 3280 misericordia
1084 3237 1452 3283 commovetur
1481 3244 1608 3299 erga
1656 3229 1918 3294 miseros;
1969 3231 2062 3285 sed

488 3313 661 3367 etiam
693 3313 809 3366 zelo
827 3312 1058 3378 ducitur,
1092 3322 1150 3366 ut
1188 3315 1270 3368 his
1306 3326 1621 3372 succenseat
1655 3318 1748 3386 qui
1787 3333 1881 3374 eos
1911 3319 2063 3373 laese-

2167 2574 2406 2627 στέλλω
2457 2575 2602 2643 ὑμῖν
2628 2575 2736 2630 τὸν
2783 2577 2977 2640 σῖτον,
3019 2579 3117 2632 καί
3153 2579 3261 2633 τὸν
3295 2577 3484 2644 οἶνον,
3547 2582 3740 2635 καὶτὸ

2166 2664 2393 2727 ἔλαιον,
2427 2666 2524 2718 καὶ
2550 2667 3062 2735 ἐμπλησθήσεσθε
3092 2669 3309 2735 αὐτῶν,
3335 2671 3435 2724 καὶ
3470 2673 3542 2725 οὐ
3571 2671 3743 2725 δώσω

2166 2754 2323 2823 ὑμᾶς
2346 2759 2457 2810 οὐκ
2487 2755 2573 2809 ἔτι
2607 2758 2695 2822 εἰς
2726 2757 3072 2828 ὀνειδισμὸν
3091 2761 3160 2815 ἐν
3191 2761 3313 2828 τοῖς
3344 2762 3610 2817 ἔθνεσιν.
3633 2764 3741 2817 Kal.

2169 2845 2275 2901 τὸν
2295 2847 2411 2901 ἀπὸ
2433 2847 2626 2916 ,ϐορῤᾶ
2665 2847 2922 2914 ὲκδιὼξω
2950 2851 3050 2919 ἀφ’
3074 2851 3262 2920 ὑμῶν.

2239 2960 2318 3012 A'.
2368 2959 2557 3031 Ἀθρει
2610 2959 2675 3031 δὴ
2726 2962 2988 3032 τρέχοντα
3032 2963 3173 3017 κατὰ
3213 2964 3377 3028 πόδας
3427 2965 3521 3019 τὸν
3573 2965 3741 3022 ἔλεον.

2167 3051 2360 3105 Φθάνει
2382 3051 2511 3120 γὰρ,
2533 3047 2706 3122 οἶμαι,
2731 3052 2794 3105 τὸ
2817 3053 3008 3116 πένθος
3033 3056 3068 3124 ἡ
3095 3056 3419 3126 γαληνότης,
3450 3060 3547 3112 καὶ
3566 3060 3629 3113 τὸ
3651 3061 3744 3114 ἐπὶ

2165 3143 2285 3204 ταῖς
2319 3141 2694 3210 μεταγνώσεσι
2715 3142 2950 3214 δάκρυον
2971 3147 3005 3214 ἡ
3027 3145 3186 3216 χάρις
3212 3145 3307 3199 τοῦ
3336 3151 3744 3221 κατοικτείραν-

2165 3250 2278 3296 τος.
2324 3235 2398 3287 Οὐ
2441 3234 2551 3305 γὰρ
2591 3233 2750 3304 μόνον
2779 3236 2922 3288 ἐλεεῖ
2965 3238 3091 3300 τοὺς
3129 3240 3480 3310 πεπραχότας
3511 3241 3738 3308 ἀθλίως,

2168 3323 2322 3396 ζηλοῖ
2339 3325 2395 3378 δὲ
2421 3325 2644 3395 μᾶλλον,
2667 3327 2742 3390 ὡς
2764 3326 2857 3379 καὶ
2877 3329 2966 3380 ἐπι
2975 3328 3200 3398 μηνίσαι
3225 3333 3338 3394 τοῖς
3357 3331 3734 3404 λελυπηκόσιν,

498 3410 646 3467 runt,
683 3413 740 3458 et
765 3418 870 3473 per
901 3418 1037 3472 quos
1075 3403 1126 3456 in
1173 3405 1533 3461 calamitatem
1593 3409 1918 3464 inciderunt.
1955 3407 2062 3464 Re-

2164 3415 2212 3467 οἳ
2250 3416 2344 3469 καὶ
2368 3416 2466 3485 τῆς
2491 3416 2930 3487 ἐπενηνεγμένης
2962 3418 3141 3480 αὐτοῖς
3171 3420 3486 3493 ἀθλιότητος
3514 3403 3735 3492 γεγόνα-

497 3494 777 3564 prehendit
813 3503 993 3548 autem
1021 3494 1344 3566 Babylonios
1374 3497 1747 3553 universorum
1780 3499 2060 3564 Dominus,

441 3655 445 3659 ι
495 3582 640 3653 quod
675 3583 950 3638 crudelius
1007 3585 1282 3652 aliquanto
1339 3600 1499 3654 quam
1553 3589 1811 3656 oportuit,
1875 3591 1926 3645 iu
1967 3605 2062 3647 eos

495 3673 693 3741 quibus
731 3673 846 3742 ipse
881 3675 1228 3741 irasceretur,
1259 3676 1570 3730 debacchati
1598 3678 1727 3731 sint.
1758 3679 1847 3733 Ait
1875 3681 2019 3734 enim
2045 3699 2058 3736 :

501 3785 520 3818 ‹
562 3767 674 3836 Ego
703 3766 822 3820 illos
852 3766 974 3820 dedi
1009 3767 1062 3820 in
1098 3781 1290 3821 manus
1317 3775 1555 3835 vestras;
1586 3785 1682 3824 vos
1713 3770 1817 3826 illis
1852 3772 2066 3826 miseri—

496 3857 736 3912 cordiam
771 3873 878 3911 non
923 3858 1150 3913 dedistis
1179 3857 1222 3913 ".
1267 3877 1286 3911 ι
1321 3857 1639 3914 Zachariam
1669 3861 1796 3916 item
1833 3863 1912 3918 sic
1931 3864 2064 3919 allo-

499 3948 725 4017 quitur:
768 3966 787 3999 ι
833 3947 956 4003 Haec
989 3949 1125 4002 dicit
1179 3948 1434 4005 Dominus
1470 3967 1482 4002 :
1529 3951 1706 4006 Zelavi
1765 3953 2060 4010 Jerusalem

495 4047 551 4092 et
575 4039 705 4094 Sion
738 4039 852 4092 zelo
881 4054 1098 4108 magno,
1128 4048 1182 4094 et
1209 4040 1286 4094 ira
1321 4056 1513 4111 magna
1549 4057 1650 4111 ego
1676 4043 1878 4099 irascor
1902 4061 2066 4115 super

480 4139 685 4200 ,gentes
713 4145 832 4200 qua:
855 4143 1064 4184 mecum
1088 4133 1514 4201 superimpositae
1539 4143 1683 4199 sunt;
1714 4149 1812 4204 pro
1831 4149 1895 4190 eo
1921 4138 2064 4206 quod

495 4237 595 4291 ego
617 4224 834 4292 quidem
876 4225 1045 4277 iratus
1070 4238 1210 4286 sum,
1242 4223 1336 4278 sed
1365 4225 1654 4290 modicum,
1688 4226 1788 4295 ipsi
1812 4241 1939 4282 vero
1991 4227 2064 4283 si-

499 4313 607 4365 mul
640 4315 1040 4383 superimpositi
1073 4323 1201 4368 sunt
1225 4315 1276 4368 in
1308 4315 1506 4370 malum
1534 4317 1577 4371 ⁵.
1613 4337 1631 4369 ι
1665 4317 1860 4374 Zelaus
1886 4319 2065 4387 itaque

483 4403 745 4472 populqu
787 4419 966 4468 suum,
1000 4406 1067 4456 ad
1090 4405 1252 4456 vitam
1279 4406 1576 4474 degendam
1609 4408 1864 4476 requisita
1893 4407 2066 4462 abun-

496 4494 690 4546 danter
713 4493 1177 4562 suppeditaturum
1201 4507 1280 4558 se,
1313 4501 1368 4546 et
1410 4493 1618 4548 cladem
1668 4497 2062 4563 praecedentem

495 4581 678 4637 laetitia
695 4593 1187 4652 compensaturum,
1204 4581 1589 4649 esculentaque
1669 4584 1735 4636 ad
1761 4585 2062 4638 satietatem

495 4674 810 4744 largiturum
838 4671 1144 4741 pollicetur.
1169 4671 1332 4740 222
1360 4671 1580 4741 Insuper
1602 4672 1970 4737 securitatem,
2007 4683 2065 4727 ut

2166 3521 2250 3557 σιν
2278 3506 2562 3576 ὑπουργοί.
2600 3507 2960 3577 Ἑπισκήπτει
2997 3509 3053 3562 δέ
3086 3526 3190 3562 που
3212 3513 3327 3574 τοῖς
3379 3513 3736 3576 Βαϐυλωνίοις

2164 3598 2318 3651 ὁτῶν
2366 3599 2501 3652 ὅλων
2549 3599 2700 3663 Θεὸς,
2734 3599 2809 3664 ὡς
2838 3600 3206 3672 ἀπηνέστερον
3233 3621 3352 3666 πως
3391 3603 3426 3675 ἦ
3480 3605 3589 3675 χρὴ
3628 3608 3738 3668 τοῖς

2165 3690 2272 3742 ὑπὸ
2321 3689 2470 3742 θείαν
2518 3690 2687 3761 ὀργὴν
2729 3692 3202 3763 ἐπενηνεγμένοις.
3257 3695 3404 3764 Ἔφη
3454 3696 3602 3767 γὰρ,
3658 3698 3739 3749 ὅτι

2170 3799 2189 3830 ί
2226 3780 2441 3833 Δέδωκα
2484 3781 2681 3844 αὐτοὺς
2725 3782 2806 3845 είς
2856 3781 2955 3845 τὰς
3011 3785 3200 3853 χεῖράς
3261 3801 3377 3848 σου,
3432 3787 3497 3840 σὺ
3551 3787 3610 3839 δὲ
3641 3788 3742 3840 ούκ

2163 3870 2371 3933 ἔδωκας
2392 3870 2574 3933 αὐτοῖς
2603 3869 2772 3934 ἔλεος.
2805 3890 2825 3924 ι
2868 3872 2978 3924 Καὶ
3009 3873 3114 3944 μὴν
3143 3875 3236 3927 καὶ
3270 3875 3407 3946 πρὸς
3437 3876 3739 3946 Ζαχαρίαν*

2169 3979 2188 4011 ι
2228 3958 2363 4012 Τάδε
2409 3959 2554 4028 λέγει
2608 3959 2830 4030 Κύριοςο
2888 3961 3166 4031 Ἐζήλωσα
3235 3963 3333 4033 τὴν
3387 3963 3744 4035 Ἰερουσαλὴμ

2164 4049 2258 4101 καὶ
2297 4048 2396 4117 τὴν
2438 4047 2576 4100 Σιὼν
2606 4049 2764 4118 ζῆλον
2800 4048 2991 4119 μέγαν,
3027 4051 3120 4102 καὶ
3153 4049 3311 4120 θυμῷ
3367 4052 3591 4123 μεγάλῳ
3628 4054 3741 4121 ἐγω

2163 4138 2454 4208 ὀργίζομαι
2481 4139 2574 4190 ἐπὶ
2605 4138 2672 4191 τὰ
2705 4138 2830 4210 ἔθνη
2852 4139 2922 4191 τὰ
2945 4139 3419 4209 συνεπιτεθειμένα
3453 4159 3566 4211 μοι.
3599 4143 3739 4197 Ἀνθ’

2165 4223 2240 4284 ὧν
2276 4231 2376 4301 μὲν
2407 4229 2518 4298 ἐγὼ
2564 4229 2842 4300 ὠργίσθην
2888 4228 3064 4297 ὀλίγα,
3089 4229 3245 4282 αὐτοὶ
3286 4230 3344 4282 δὲ
3381 4232 3742 4286 συνεπέθεντο

2163 4322 2243 4384 εἰς
2267 4321 2484 4375 κακίαν.
2515 4341 2534 4372 ι
2563 4319 2820 4390 Ζηλώσας
2844 4318 2908 4390 δὴ
2930 4316 3022 4372 οὖν
3048 4320 3138 4374 τὸν
3157 4318 3282 4373 λαὸν
3316 4319 3504 4385 αὑτοῦ,
3537 4339 3742 4375 κατεπ-

2164 4414 2488 4482 αγγέλλεται
2537 4414 2634 4484 μὲν
2683 4413 2932 4482 ἀφθόνως
2985 4414 3314 4485 χορηγήσειν
3364 4413 3436 4466 τὰ
3475 4413 3737 4486 ζωαρκῆ,

2165 4504 2384 4574 καὶτῆς
2415 4502 2792 4573 προλαϐούσης
2843 4505 3127 4573 συμφορᾶς
3167 4503 3397 4574 ἰσοπαλῆ
3442 4503 3545 4574 τὴν
3581 4505 3742 4558 εὐθυ-

2169 4594 2318 4664 μίαν,
2352 4594 2446 4647 καὶ
2501 4595 2580 4656 εἰς
2633 4594 2793 4664 κόρον
2837 4594 2906 4646 τὰ
2964 4593 3220 4664 ἐδώδιμαο
3253 4594 3390 4665 πρὸς
3442 4595 3654 4658 τούτοις
3681 4596 3741 4649 δὲ

2165 4684 2462 4753 ἀσφάλειαν
2489 4683 2582 4737 τοῦ
2605 4684 2680 4754 μὴ
2711 4685 2790 4748 εἰς
2815 4686 3003 4755 χεῖρας
3026 4684 3344 4754 δοθήσεσθαι
3365 4685 3472 4739 τῶν
3499 4686 3734 4757 ἐχθρῶν,

485 4765 547 4820 in
581 4778 769 4818 manus
799 4763 1033 4818 hostium
1065 4777 1173 4818 non
1214 4763 1511 4825 tradantur,
1543 4777 1644 4815 nec
1667 4763 1831 4816 vitam
1858 4764 1909 4818 in
1939 4777 2058 4819 ser-

2164 4779 2301 4845 μήτε
2321 4777 2426 4846 μὴν
2448 4776 2818 4840 ὑποπεσόντας
2844 4775 3056 4846 δουλείᾳ
3083 4777 3148 4846 τῇ
3173 4775 3468 4838 ὲπάύτοὺς
3497 4775 3732 4845 οἰκτρὸν,

493 4857 663 4911 vitute
693 4856 942 4911 miseram
981 4863 1036 4910 et
1065 4867 1420 4909 aerumnosam
1455 4854 1654 4908 vivant.
1681 4856 1762 4907 Ad
1797 4854 1912 4909 hazc
1941 4871 2058 4926 pro-

494 4946 664 5000 mittit
695 4944 998 5014 rogaturum
1021 4959 1145 5000 eum
1175 4943 1265 5012 qui
1298 4943 1365 4997 ab
1378 4943 1649 5013 aquilone,
1681 4944 1780 4998 hoc
1806 4956 1910 5011 est,
1937 4961 2057 5000 eum

493 5037 586 5108 qui
609 5037 818 5092 vicinus
847 5044 931 5091 est
949 5035 1235 5106 aquiloni;
1266 5035 1449 5106 potius
1477 5035 1620 5089 enim
1671 5036 1738 5091 ad
1797 5037 2058 5093 orientem

492 5129 584 5183 siti
610 5137 736 5182 sunt
761 5127 990 5197 Assyrii.
1038 5127 1189 5193 Quod
1225 5127 1269 5182 si
1305 5126 1426 5196 quis
1452 5127 1750 5189 existimat,
1775 5129 1936 5183 etiam
1991 5143 2058 5183 ex

493 5218 666 5288 magis
721 5219 1134 5288 aquilonaribus
1185 5218 1383 5274 Judaeae
1435 5219 1674 5288 partibus
1725 5219 2057 5275 locustarum

491 5308 902 5378 impressionem
933 5307 1152 5374 factam,
1216 5307 1351 5362 nihil
1409 5309 1716 5378 prohibebit
1771 5312 2060 5381 quominus

493 5399 783 5469 esplicatio
807 5402 908 5455 ista
941 5399 1220 5469 probetur.

561 5485 683 5542 Jam
722 5488 768 5541 si
803 5489 888 5542 cui
916 5500 1333 5558 corrumpuntur
1353 5491 1515 5544 etiam
1566 5490 1704 5545 bona
1736 5492 1913 5548 cordis
1947 5493 2057 5560 sui,

487 5591 550 5640 et
575 5596 695 5653 qua:
709 5580 1030 5648 cogitatione
1054 5593 1347 5640 cernuntur
1365 5584 1635 5637 fructuum
1664 5583 2055 5639 uberrimorum

575 5763 602 5797 δ
639 5760 743 5817 lsa.
783 5771 946 5823 vau,
976 5757 1030 5812 6.
1103 5761 1123 5792 '
1160 5757 1326 5812 Zach.
1357 5773 1398 5824 ι,
1433 5759 1513 5826 14,
1548 5759 1632 5814 15.

2159 4867 2251 4922 καὶ
2281 4869 2339 4922 ἐν
2368 4867 2642 4938 ἀθλιότητι
2695 4869 2856 4938 ζῆσαι
2904 4867 3036 4938 βίον.
3079 4867 3457 4936 Ὑπισχνεῖται
3505 4866 3563 4919 δὲ
3599 4867 3734 4939 πρὸς

2157 4953 2364 5018 τούτοις
2415 4955 2662 5023 ἀφανιεῖν
2717 4955 2806 5010 τὸν
2866 4955 2972 5009 ἀπὸ
3035 4954 3242 5026 saepe,
3297 4954 3580 5020 τουτέστι,
3635 4955 3734 5008 τὸν

2160 5043 2518 5115 βορειότερον,
2549 5045 2685 5115 πρὸς
2706 5047 2898 5100 ἀκτῖνα
2925 5045 3032 5116 γὰρ
3061 5047 3244 5109 αὐτοῖς
3272 5045 3473 5116 μᾶλλον
3494 5047 3528 5116 ἡ
3554 5046 3728 5117 χώρα.

2158 5134 2222 5187 Εἰ
2249 5134 2304 5186 δέ
2332 5133 2396 5204 δή
2430 5151 2513 5198 τις
2549 5134 2713 5187 οίοιτο
2743 5134 2838 5188 καὶ
2888 5135 2952 5187 ἐκ
2996 5135 3104 5187 τῶν
3150 5133 3503 5207 βορειοτέρων
3547 5134 3731 5206 μερῶν

2157 5225 2258 5295 τῆς
2294 5224 2575 5287 Ἰουδαίας,
2620 5227 2718 5296 τῆς
2762 5225 2979 5295 ἀκρίδος
2997 5224 3249 5294 γενέσθαι
3276 5225 3376 5296 τὴν
3417 5225 3634 5294 ἔφοδον,
3670 5226 3734 5279 τὸ

2160 5311 2370 5366 κωλύον
2421 5312 2573 5367 οὐδὲν
2614 5312 2790 5384 ὀρθῶς
2841 5312 2986 5383 ἔχειν
3039 5312 3245 5368 οίεσθαι
3298 5314 3394 5368 καὶ
3442 5314 3586 5368 οὕτω
3638 5315 3734 5368 τὸν

2158 5401 2334 5470 λόγον.

2229 5493 2293 5545 Εἰ
2322 5492 2379 5546 δὲ
2417 5492 2480 5564 δή
2513 5509 2620 5546 τισι
2672 5493 3086 5562 καταφθείροιτο
3135 5494 3228 5547 καὶ
3274 5494 3342 5546 τά
3390 5497 3471 5557 εἰς
3505 5493 3736 5563 καρδίαν

2159 5581 2360 5650 ἀγαθὰ,
2401 5583 2614 5656 καὶτῆς
2639 5582 2832 5654 νοητῆς
2879 5583 3181 5651 εὐκαρπίας
3211 5587 3240 5638 ὁ
3275 5584 3506 5650 πλοῦτος
3533 5577 3736 5655 οἷάπερ
