4054 6274
519 395 616 451 371

1529 391 1586 446 S.
1631 388 1898 446 CYRlLLl
1939 386 2408 444 ALEXANDRINI
2447 389 2772 447 ARCHIEP.

3679 399 3789 455 372

519 525 616 566 eos
643 510 1002 582 demergerct.
1032 508 1488 564 Ascenditautem
1526 518 1710 576 postea
1755 519 1912 576 putor
1937 517 2100 563 etso-

2208 505 2368 558 οἱονεί
2389 523 2504 571 πως
2534 507 2615 570 είς
2647 507 2715 560 τὰ
2741 505 2881 578 βάθη
2916 508 3014 576 τῆς
3045 507 3342 577 θαλάσσης.
3383 508 3576 582 Ἀνέϐη
3609 511 3667 566 δέ
3692 513 3797 568 λοι-

524 601 669 656 uitus
699 614 907 664 eorum,
943 610 995 652 et
1019 598 1170 652 nobis
1211 596 1393 666 gravis
1439 607 1602 667 atque
1641 595 1866 652 odiosus
1932 595 2106 651 factus

520 699 623 754 est.
649 705 952 760 quanquam
977 688 1106 746 olim
1143 688 1266 743 talis
1298 688 1454 743 nobis
1503 687 1644 742 haud
1672 687 1963 752 videretur;
2000 686 2101 743 Sa-

521 792 702 835 tanam
770 781 1034 850 siquidem
1070 780 1240 836 fetere
1275 795 1380 834 non
1425 779 1799 834 credebamus.
1839 779 1908 832 At
1936 793 2102 843 nunc,

521 883 576 927 et
610 873 697 926 vi).
743 875 957 928 tandem
985 873 1145 927 talem
1181 888 1304 928 esse
1359 871 1731 942 cognovimus.
1775 869 2105 925 Putabamus

519 964 662 1018 enim
690 964 872 1018 miseri
905 965 1040 1018 bene
1073 963 1239 1028 olere,
1269 970 1323 1015 ct
1344 960 1629 1016 amabilem
1683 975 1832 1025 esse,
1864 960 2103 1030 quando,

519 1054 750 1108 vinculis
786 1055 1073 1124 pravitatis
1098 1053 1397 1118 constricti,
1417 1051 1534 1121 ejus
1565 1059 1836 1121 potestate
1861 1052 2105 1107 contine-

521 1147 736 1203 bantur.
775 1147 882 1205 Sed
918 1155 1201 1217 postquam
1222 1144 1538 1200 Emmanuel
1579 1145 1733 1200 nobis
1766 1143 2034 1214 apparuit,
2053 1151 2107 1196 et

521 1235 624 1291 hoc
653 1237 874 1292 verbum
902 1237 1104 1291 edidit:
1139 1255 1157 1288 ι
1194 1237 1302 1305 Ego
1327 1226 1426 1290 ί]οέ
1449 1235 1645 1304 campi,
1679 1244 1732 1288 et
1779 1233 1945 1287 lilium
1972 1247 2104 1287 con—

521 1329 738 1382 vallium
767 1329 864 1393 ¹¹,›
895 1338 1028 1392 tum,
1061 1343 1182 1382 sero
1208 1327 1331 1380 licet
1355 1327 1471 1396 ejus
1493 1325 1842 1394 fragrantiam
1863 1323 2102 1378 sentien-

525 1431 627 1486 tes,
665 1419 808 1473 illius
862 1418 1166 1489 (daemonis)
1215 1417 1639 1487 graveolentiam
1699 1413 1950 1470 detestati
2011 1427 2102 1466 su-

522 1526 661 1565 “IIIS.

598 1603 757 1660 Vens.
793 1601 984 1657 21-24.
1028 1602 1266 1671 Conﬁde,
1297 1612 1458 1666 terra,
1492 1601 1660 1669 gaude
1684 1607 1731 1653 et
1761 1600 1961 1663 uetare,
1979 1599 2102 1666 quia

522 1694 875 1765 magniﬁcavit
919 1693 1173 1747 Dominus
1218 1704 1273 1746 ιιι
1319 1693 1531 1762 faceret.
1558 1691 1840 1759 Conﬂdite,
1863 1692 2104 1759 jumenta

524 1784 974 1854 campi,quoniam
995 1784 1409 1852 germinaverunt
1441 1783 1610 1848 campi
1639 1782 2106 1851 solitudinis,quia

2206 597 2308 652 πὺν
2343 600 2375 671 η
2403 598 2630 670 σαπρία,
2653 599 2746 654 καὶ
2769 601 2796 652 ό
2824 598 3026 671 βρόμος
3049 599 3252 668 αὐτῶν,
3281 600 3375 654 καὶ
3415 601 3637 670 γέγονεν
3661 605 3795 674 ἡμῖν

2205 691 2459 761 φορτικός
2491 708 2574 758 τε,
2615 690 2710 744 καὶ
2755 690 3254 762 κατεστυγημένος,
3300 691 3475 746 καίτοι
3513 693 3685 746 πάλαι
3717 694 3796 765 μὴ

2203 780 2443 844 τοιοῦτος
2469 776 2605 834 εἶναι
2626 779 2820 834 δοκῶν*
2859 779 3070 850 δυσώδη
3091 779 3202 851 γὰρ
3225 781 3358 836 ὄντα
3387 781 3480 836 τὸν
3507 784 3787 849 Σατανᾶν,

2205 869 2302 924 νῦν
2353 871 2434 936 δὲ,
2485 872 2580 925 καὶ
2621 873 2775 942 μόλις
2815 872 2899 925 ὅτι
2949 871 3190 936 τοιοῦτός
3233 873 3381 928 ἐστιν
3429 874 3788 946 ἐγνώκαμεν.

2218 959 2447 1030 ᾮόμεθα
2485 959 2593 1031 γὰρ
2616 962 2664 1014 oi
2701 962 2931 1026 τάλανες
2969 961 3144 1032 εὐώδη
3166 979 3224 1015 τε
3263 959 3423 1029 εἶναι,
3449 965 3547 1018 καὶ
3580 966 3794 1036 ἀξιέρα-

2207 1068 2350 1115 στον,
2382 1053 2471 1106 ὅτε
2495 1055 2609 1117 τοῖς
2639 1054 2856 1122 δεσμοῖς
2893 1053 3290 1124 ὑπειλημμένοι
3321 1054 3423 1125 τῆς
3457 1055 3793 1126 φαυλότητος

2207 1143 2311 1196 ὑπὸ
2349 1145 2509 1215 χεῖρα
2548 1143 2647 1214 τὴν
2693 1144 2903 1197 ἐκείνου
2941 1143 3333 1216 πεπτώκαμεν.
3395 1147 3616 1220 Ἐπειδὴ
3665 1149 3722 1202 δὲ
3763 1152 3793 1203 ὁ

2219 1234 2565 1305 Ἐμμανουὴλ
2613 1234 2880 1304 ἐπέφανεν
2927 1238 3080 1306 ἡμῖν,
3127 1238 3527 1310 ἀνακεκραγώς
3570 1257 3650 1307 τε,
3695 1241 3792 1297 καὶ

2205 1324 2379 1392 λέγων
2405 1341 2418 1354 ·
2455 1344 2472 1376 ι
2521 1325 2660 1393 Ἐγὼ
2699 1325 2858 1389 ἄνθος
2878 1326 2973 1380 τοῦ
3005 1327 3215 1394 πεδίου,
3249 1329 3432 1400 κρίνον
3467 1330 3577 1384 τῶν
3603 1332 3789 1387 κοιλά-

2205 1415 2328 1479 δων,
2362 1435 2380 1466 ι
2410 1415 2530 1468 τότε
2559 1416 2623 1488 δὴ
2668 1416 2821 1485 μόλις
2847 1417 3212 1490 ἐπῃσθόμενοι
3253 1421 3356 1491 τῆς
3396 1421 3620 1494 ἐνούσης
3641 1425 3785 1478 εὐω-

2205 1507 2324 1571 δίας
2352 1509 2519 1579 αὺτῷ,
2544 1509 2642 1578 τῆς
2667 1510 2874 1562 ἐκείνου
2906 1511 3332 1583 κατεγνώκαμεν
3365 1512 3638 1578 δυσωδίας.

2279 1599 2517 1667 Θάρσει,
2546 1599 2640 1670 γῆ,
2683 1601 2852 1670 χαῖρε
2879 1603 2976 1656 καὶ
2999 1604 3346 1672 εὐφραίνου,
3385 1604 3477 1658 ὅτι
3500 1606 3783 1674 ducrde

2205 1707 2313 1745 νεν
2333 1693 2544 1760 Κύριος
2566 1692 2672 1746 τοῦ
2705 1693 2975 1761 ποιῆσαν
3006 1695 3298 1762 θαρσεῖτε,
3325 1695 3519 1763 κτήνη
3542 1696 3651 1750 τοῦ
3683 1713 3786 1752 πε-

2207 1782 2359 1846 δίου,
2412 1782 2502 1836 ὅτι
2542 1782 2969 1851 ,βεϐλάστηκεν
3019 1784 3195 1838 πεδία
3245 1784 3358 1853 τῆς
3409 1784 3656 1856 ἐρήμου,
3693 1785 3778 1840 ὅτι

524 1875 723 1944 lignum
762 1874 942 1928 attulit
972 1875 1200 1944 fructum
1233 1891 1408 1936 suum,
1439 1875 1588 1927 vinea
1620 1884 1668 1928 et
1696 1873 1828 1941 ﬁcus
1851 1875 2104 1929 dederunt

2208 1871 2397 1936 ξύλον
2447 1870 2705 1940 ἤνεγκεν
2765 1869 3001 1938 καρπὸν
3074 1872 3296 1937 αὑτοῦ,
3348 1872 3622 1940 ἄμπελος
3683 1873 3774 1926 καὶ

525 1965 886 2032 fortitudinem
907 1981 1077 2019 suam.
1107 1965 1193 2030 Et,
1215 1965 1319 2033 ﬁlii
1345 1966 1816 2034 Sion,gaudete,et
1843 1965 2102 2019 ltetamini

523 2060 578 2112 in
607 2057 832 2111 Domino
866 2056 974 2111 Deo
1004 2068 1193 2122 vestro,
1217 2058 1467 2124 quoniam
1495 2056 1634 2110 dedit
1675 2057 1816 2110 vobis
1844 2071 2016 2111 escam
2045 2058 2101 2110 in

516 2150 870 2220 justitiam,et
900 2149 1040 2218 pluet
1072 2150 1216 2203 vobis
1255 2149 1471 2201 imbrem
1511 2158 1900 2217 temporaneum
1944 2157 1992 2200 et
2016 2164 2098 2201 se-

523 2241 778 2304 rotinum,
801 2242 936 2294 sicut
965 2249 1141 2293 antea.
1177 2239 1243 2292 Et
1274 2240 1607 2308 replebuntur
1657 2254 1797 2293 areae
1832 2240 2027 2304 tritico,
2052 2248 2100 2292 et

523 2331 886 2385 redundabant
905 2329 1189 2384 toreularia
1221 2331 1334 2384 vino
1353 2339 1399 2383 et
1418 2329 1548 2383 oleo.

595 2591 819 2648 XXXII.
855 2592 967 2648 Mos
996 2604 1080 2648 est
1111 2594 1314 2648 sanctis
1347 2595 1627 2664 praphetis
1664 2611 1692 2647 a
1735 2594 1890 2648 bonis
1929 2595 2100 2660 parti-

529 2687 804 2742 cularibus
840 2687 976 2742 etin
1013 2702 1214 2756 paucos
1243 2687 1459 2742 collatis
1496 2687 1562 2741 ad
1599 2687 2000 2741 universitatem
2048 2694 2101 2740 et

523 2793 692 2849 genus
714 2779 892 2848 ipsum
928 2781 1091 2834 verba
1112 2780 1368 2850 dirigere,
1385 2789 1579 2836 utsunt
1606 2797 1669 2836 ea
1687 2795 1806 2850 quae
1829 2778 2098 2850 perChri-

523 2879 666 2922 stum
695 2870 972 2926 consecuti
1003 2885 1207 2924 sumus.
1237 2869 1462 2926 llorsum
1494 2873 1656 2940 igitur
1681 2871 1858 2928 denuo
1905 2884 2098 2939 proce-

525 2959 772 3015 ditnobis
797 2963 992 3016 oratio.
1027 2962 1252 3029 Quando
1304 2963 1446 3016 enim
1480 2963 1662 3016 datum
1706 2972 1788 3018 est
1835 2971 1992 3017 terra:
2043 2973 2102 3016 ut

525 3048 858 3105 conﬁderet?
889 3051 1147 3116 Rursum,
1174 3053 1388 3123 quando
1431 3053 1794 3123 magniﬁcavit
1843 3055 2100 3110 Dominus

523 3141 708 3196 facere
725 3141 748 3195 ?
767 3141 931 3214 224
969 3143 1070 3198 nisi
1103 3145 1318 3211 quando
1337 3143 1599 3210 Verbum,
1623 3149 1766 3214 quod
1788 3155 1906 3202 erat
1934 3145 2097 3215 Deus,

2209 1959 2371 2030 συκῆ
2412 1960 2644 2015 ἔδωκαν
2675 1961 2861 2031 ἰσχὺν
2889 1961 3107 2016 αὐτῶν.
3133 1963 3242 2016 Kal
3280 1963 3355 2016 τὰ
3388 1963 3573 2016 τέκνα
3607 1963 3775 2029 Σιὼν,

2209 2056 2462 2126 χαίρετε,
2509 2054 2607 2107 καὶ
2651 2054 3047 2122 εὐφραίνεσθε
3085 2054 3183 2107 ἐπὶ
3214 2054 3408 2122 Κυρίῳ
3441 2053 3566 2120 Θεῷ
3598 2053 3780 2124 ὑμῶν,

2207 2148 2356 2200 διότι
2401 2145 2585 2198 ἔδωκε
2613 2145 2755 2214 ὑμῖν
2791 2145 2863 2198 τὰ
2897 2146 3184 2215 βρώματα
3228 2149 3314 2212 είς
3364 2145 3783 2215 δικαιοσύνην,

2207 2237 2306 2290 καὶ
2344 2235 2551 2304 ,ϐρέξει
2606 2234 2748 2304 ὑμῖν
2805 2236 2982 2290 ὑετὸν
3038 2235 3302 2305 πρὼἵμον
3371 2235 3470 2290 καί
3522 2235 3782 2303 ὄψιμον,

2208 2325 2400 2391 καθὼς
2437 2325 2798 2394 ἔμπροσθεν.
2828 2322 2940 2376 Καὶ
2964 2323 3419 2392 πλησθήσονται
3455 2325 3517 2375 at
3541 2321 3785 2386 auarae:

2207 2415 2411 2476 σίτου,
2458 2412 2557 2466 καὶ
2599 2411 3192 2480 ὑπεωκχυθήσονται
3240 2415 3302 2467 αι
3357 2410 3532 2479 ληνοὶ
3585 2411 3784 2473 οἴνου,

2207 2505 2305 2558 καί
2333 2504 2563 2558 ἐλαίου.

2277 2597 2399 2650 AB’.
2445 2596 2604 2662 Ἔθος
2651 2600 2762 2662 τοῖς
2813 2597 2989 2666 ἀγίοις
3032 2597 3353 2668 προφήταις.
3387 2597 3456 2648 ἐκ
3497 2594 3607 2648 τῶν
3644 2593 3786 2648 κατά

2210 2690 2395 2761 μέρος,
2429 2691 2524 2743 καὶ
2555 2690 2692 2760 πρὸς
2725 2689 2940 2758 ὀλίγους
2971 2687 3214 2757 ἀγαθῶν,
3236 2687 3484 2755 κομίζειν
3511 2685 3602 2739 τὸν
3630 2685 3784 2752 λόγον

2207 2783 2298 2836 ἐπὶ
2325 2780 2394 2834 τὰ
2423 2781 2649 2835 καθόλου
2671 2797 2733 2834 τε
2763 2780 2858 2834 καί⁵
2886 2779 3242 2850 γενικώτερα.
3272 2777 3461 2833 Ταῦτα
3487 2777 3546 2831 δέ
3572 2777 3688 2832 ἐστι
3719 2776 3785 2829 τὰ

2206 2875 2294 2928 διά
2339 2872 2597 2945 Χριστοῦ.
2653 2873 2876 2944 Πρόεισι
2913 2872 2976 2943 δὴ
3005 2866 3100 2925 οὖν
3137 2873 3217 2932 είς
3248 2869 3406 2923 τοῦτο
3455 2869 3624 2923 πάλιν
3657 2870 3785 2938 ἡμῖν

2205 2967 2233 3018 ὁ
2259 2965 2433 3032 λόγος.
2471 2963 2608 3017 Πότε
2641 2963 2748 3035 γὰρ
2778 2962 2986 3015 δέδοται
3014 2961 3074 3013 τὸ
3105 2961 3299 3032 χρῆναι
3334 2959 3556 3032 θαρσεῖν
3581 2960 3654 3028 τῇ
3680 2959 3784 3027 ﬁ];

2206 3057 2342 3110 Πότε
2389 3054 2433 3107 δ’
2468 3050 2536 3107 αὖ
2586 3053 2890 3122 ἐμεγάλυνε
2921 3053 3129 3122 Κύριος
3174 3051 3269 3104 τοῦ
3317 3053 3574 3120 ποιῆσαι;
3624 3049 3676 3100 εί.
3712 3048 3784 3117 μὴ

2205 3149 2314 3212 ὅτε,
2361 3146 2494 3210 Θεὸς
2527 3145 2622 3210 ὢν,
2654 3148 2682 3198 ὁ
2727 3145 2902 3214 Λόγος
2931 3145 3153 3213 γέγονεν
3200 3141 3508 3214 ἄνθρωπος,
3543 3141 3632 3194 ἵνα
3675 3141 3788 3201 τοῖς

523 3234 816 3288 humanam
853 3235 1313 3301 uaturaminduit,
1343 3244 1401 3289 ut
1429 3235 1588 3291 bonis
1615 3237 1864 3307 supernis
1901 3249 2099 3294 terram

2208 3239 2406 3294 ἀνωθεν
2454 3237 2761 3301 ἐπικλύζων
2804 3236 3030 3306 ἀγαθοῖς
3073 3236 3178 3306 τὴν
3223 3235 3317 3288 ὑπ’
3359 3234 3612 3305 οὐρανὸν,
3639 3231 3788 3302 εὑρί-

528 3325 816 3390 inundans,
864 3324 1198 3380 inveniretur
1222 3326 1281 3380 in
1310 3341 1368 3382 se
1403 3327 1754 3382 credentibus
1803 3337 1858 3383 ut
1910 3330 2102 3384 ﬂuvius

526 3417 701 3485 pacis.
729 3424 792 3498 ut
818 3427 1031 3472 torrens
1060 3417 1372 3484 voluptatis,
1402 3427 1460 3472 ut
1487 3426 1863 3488 temporaneus
1905 3429 1961 3474 et
2012 3435 2100 3475 se-

528 3505 739 3562 rotinus
776 3504 971 3570 imber,
994 3515 1047 3561 et
1099 3508 1268 3560 totius
1320 3507 1585 3562 ubertatis
1637 3507 1881 3579 largitor.
1954 3509 2106 3565 Tunc

527 3595 671 3652 cnim
703 3597 786 3652 vel
822 3597 1414 3667 insipientissimis(qui
1443 3599 1690 3667 jumenta
1713 3600 1888 3670 campi
1912 3601 2103 3656 dicun-

527 3686 636 3758 tur)
668 3687 1044 3744 intellectualis
1077 3687 1240 3744 herba
1273 3689 1616 3758 semiinavit,
1655 3704 1848 3759 nempe
1896 3690 2101 3746 docen-

527 3779 661 3836 tium
693 3794 894 3836 sermo.
927 3779 1079 3837 Tunc
1108 3781 1394 3838 viruerunt
1421 3782 1601 3853 campi
1649 3782 1982 3840 solitudinis.
2038 3784 2105 3839 Et

526 3871 871 3928 solitudinem
907 3873 1124 3942 quidem
1186 3883 1342 3928 vocat
1403 3873 1719 3940 Ecclesiam,
1740 3874 1895 3944 juxta
1931 3877 2102 3933 illud:

532 3981 552 4014 ι
583 3961 816 4027 Laetare,
840 3963 1114 4020 desertum
1138 3965 1350 4030 sitiens,
1373 3966 1609 4020 exsultet
1637 3967 1895 4032 solitudo,
1923 3979 1981 4023 et
2003 3969 2126 4024 ﬂo-.

529 4063 645 4108 reat
667 4053 822 4122 quasi
850 4052 1020 4109 lilium
1045 4055 1155 4109 ¹³.›
1206 4055 1392 4126 Campi
1445 4057 1564 4127 ejus
1627 4068 1754 4113 sunt
1787 4061 2106 4129 populorum

527 4154 769 4200 rectores
827 4156 882 4201 et
950 4147 1219 4213 doctores,
1286 4147 1377 4216 qui
1453 4158 1510 4204 et
1589 4149 1785 4206 divinis
1875 4167 1907 4208 e
1967 4155 2108 4210 creto

527 4235 872 4292 charismatis
938 4238 1176 4293 animum
1258 4239 1408 4296 velut
1490 4251 1787 4296 scatentem
1868 4254 1924 4300 et
1990 4245 2109 4313 pul-

527 4328 799 4384 cherrime
857 4329 1098 4400 .undique
1150 4329 1428 4386 ﬂorentem
1506 4343 1718 4402 gerunt,
1766 4342 1823 4390 et
1883 4335 2108 4405 dogma-

531 4431 644 4476 tum
671 4420 896 4476 ﬂoribus
921 4421 1218 4490 spirantem
1277 4425 1532 4488 suaviter,
1565 4434 1624 4481 et
1673 4426 1876 4480 recenti
1936 4427 2106 4482 herba

531 4511 769 4581 undique
791 4513 1196 4580 pubescentem.
1228 4513 1288 4567 Hi
1317 4515 1610 4570 bestiarum
1639 4526 1886 4570 naturam
1927 4525 1982 4572 et
2026 4517 2108 4570 in-

2204 3349 2385 3385 σκοιτο
2422 3334 2536 3394 τοῖς
2568 3329 2914 3383 πιστεύουσιν
2942 3331 3023 3392 εἰς
3055 3328 3215 3382 αὑτὸν
3238 3327 3314 3390 ὡς
3357 3323 3604 3394 ποταμὸς
3633 3324 3788 3393 εἰρή-

2201 3440 2318 3492 νης,
2355 3422 2432 3485 ὡς
2461 3421 2793 3492 χειμάρρους
2822 3419 3055 3490 τρυφῆς,
3087 3419 3163 3480 ὼς
3191 3418 3443 3489 πρὼῖμός
3463 3435 3523 3469 τε
3554 3417 3648 3470 καὶ
3676 3415 3788 3483 ὄψι-

2206 3532 2304 3585 μος
2356 3514 2530 3575 ὑετὸς,
2579 3513 2672 3566 καὶ
2719 3512 2937 3583 ἀπάσης
2985 3509 3184 3579 νοητῆς
3237 3508 3544 3580 εὐκαρπίας
3596 3507 3786 3576 δοτήρ.

2203 3604 2336 3658 Τότε
2367 3604 2476 3675 γὰρ
2503 3604 2728 3665 καὶτοῖς
2758 3603 2896 3670 ἀγαν
2921 3598 3352 3662 ἀσυνετωτάτοις
3379 3597 3451 3670 (οἳ
3485 3597 3581 3650 καὶ
3613 3596 3786 3666 κτήνη

2203 3695 2450 3762 λέγονται
2478 3694 2572 3748 τοῦ
2604 3693 2810 3760 πεδίου)
2841 3691 3004 3760 νοητή
3033 3707 3118 3752 τις
3149 3689 3322 3757 ἀνέφυ
3356 3689 3482 3754 πόα,
3511 3687 3620 3740 τῶν
3643 3687 3793 3740 διδα-

2205 3787 2442 3839 σκόντων
2497 3788 2527 3838 ὁ
2568 3784 2746 3852 λόγος.
2797 3783 2930 3837 Τότε
2989 3781 3323 3852 βεϐλάστηκε
3370 3779 3440 3832 τὰ
3487 3778 3644 3831 πεδία
3689 3780 3791 3848 τῆς

2207 3878 2439 3948 ἐρήμου,
2476 3876 2569 3930 καὶ
2615 3875 2820 3946 ἔρημον
2856 3875 2955 3944 μὲν
2999 3870 3256 3942 ὀνομάζει
3303 3871 3401 3940 τὴν
3459 3867 3789 3936 Ἐκκλησίαν

2207 3964 2349 4018 κατά
2397 3963 2476 4028 τὸ,
2510 3981 2528 4014 ι
2565 3963 2938 4033 Εὐφράνθητι,
2982 3962 3188 4032 ἔρημος
3225 3959 3458 4028 διψῶσα.
3499 3957 3790 4026 Ἀγαλλιά-

2208 4056 2320 4110 σθω
2351 4058 2384 4126 ή
2424 4055 2652 4126 ἔρημος,
2697 4055 2794 4108 καὶ
2820 4053 3050 4106 άνθείτω
3094 4052 3171 4115 ὡς
3203 4053 3407 4122 κρῖνον.
3451 4068 3470 4101 ι
3522 4048 3692 4102 Πεδία
3733 4047 3792 4101 δὲ

2206 4148 2385 4201 αὐτῶν
2433 4148 2569 4201 εἰσιν
2619 4149 2667 4200 oi
2711 4145 2855 4199 λαῶν
2908 4143 3221 4216 ἡγούμενοι,
3267 4144 3363 4196 καὶ
3415 4141 3791 4208 παιδαγωγεῖν

2209 4238 2432 4304 εἰδότες,
2475 4240 2524 4293 οἳ
2573 4239 2669 4292 καὶ
2714 4241 2829 4300 τοῖς
2876 4237 3042 4298 θείοις
3082 4235 3145 4298 ἐξ
3175 4229 3406 4305 οὐρανοῦ
3453 4233 3791 4304 χαρίσμασιν

2206 4329 2368 4382 οἱονεὶ
2412 4328 2646 4398 βρύοντά
2685 4344 2767 4390 τε,
2799 4325 2893 4380 καὶ
2923 4321 2982 4378 εὖ
3016 4323 3158 4394 μάλα
3197 4321 3657 4395 περιηνθισμένον
3691 4318 3791 4388 φέ-

2211 4436 2365 4490 ρουσι
2391 4419 2484 4472 τὸν
2516 4418 2638 4471 νοῦν
2668 4419 2761 4470 καὶ
2791 4418 2910 4479 ταῖς
2953 4415 3062 4468 τῶν
3103 4415 3392 4484 δογμάτων
3422 4411 3612 4474 ἄνθαις
3656 4409 3793 4463 πνέ-

2208 4509 2338 4562 οντά
2365 4525 2425 4561 τε
2470 4509 2592 4579 ἡδὺ,
2631 4510 2725 4562 καὶ
2756 4509 3046 4578 ἀρτιφανεῖ
3073 4509 3138 4577 τῇ
3171 4506 3279 4576 πόα
3325 4502 3789 4573 κατεστεμμένσν.

531 4601 688 4671 genia
726 4600 998 4656 imitantes
1019 4600 1354 4667 exhilarant,
1373 4612 1431 4656 ut
1451 4604 1614 4659 etiam
1640 4605 1705 4658 ad
1769 4606 2104 4674 prudentiam

2216 4594 2373 4654 Οὗτοι
2403 4599 2511 4652 τῶν
2542 4597 3038 4668 ἀποκτηνωθέντων
3065 4597 3153 4650 τὸν
3189 4596 3315 4649 γοῦν
3356 4592 3795 4663 κατευφραίνου-

531 4693 751 4748 homine
772 4693 987 4762 dignam
1012 4707 1108 4749 eos
1149 4693 1442 4750 adducant.
1482 4695 1572 4750 Ait
1595 4707 1797 4762 autem,
1822 4705 1877 4750 et
1902 4697 2105 4766 lignum

537 4781 728 4837 tulisse
758 4781 995 4836 fructum
1041 4797 1222 4842 suum.
1257 4791 1312 4838 et
1344 4783 1555 4838 vineam
1591 4793 1754 4853 atque
1798 4785 1957 4840 ﬁcum
1982 4803 2108 4854 pro-

534 4873 707 4945 priam
737 4873 953 4929 dedisse
987 4874 1267 4940 virtutem,
1300 4873 1512 4926 ﬁrmum
1542 4889 1608 4927 ac
1635 4874 2107 4944 solidum,opinor,

534 4966 842 5022 docentium
879 4978 1213 5030 sermonem,
1247 4967 1330 5020 cui
1359 4965 1524 5022 mista
1553 4976 1638 5021 est
1664 4967 1912 5032 dulcedo,
1941 4979 1994 5022 et
2021 4983 2107 5022 ra-

535 5057 950 5123 tiodclectandi,
980 5057 1246 5111 fructibus
1298 5057 1382 5110 fici
1427 5065 1482 5111 et
1538 5057 1709 5113 viuere
1762 5074 2106 5129 comparans.

532 5148 858 5203 Convenerit
890 5157 1095 5210 autem,
1128 5162 1226 5200 nec
1259 5147 1449 5216 injuria
1505 5161 1656 5213 sane,
1685 5149 1859 5202 adhuc
1905 5150 2110 5202 crassis

534 5248 587 5293 et
619 5238 1076 5308 pecuduminstar
1100 5237 1353 5306 stupidis,
1408 5248 1462 5292 et
1506 5237 1847 5293 humiliorem
1901 5239 2106 5293 doctri-

534 5343 681 5392 nam,
707 5330 871 5384 veluti
930 5329 1153 5384 herbam
1206 5329 1257 5383 in
1311 5343 1474 5397 parva
1520 5329 1839 5384 docentibus
1885 5342 2104 5384 enatam

537 5418 820 5487 impertiri,
856 5422 1112 5490 perfectis
1157 5437 1287 5478 vero
1333 5422 1582 5478 sublimis
1620 5423 2004 5493 intelligentim,
2054 5434 2108 5477 et

537 5519 789 5579 tanquam
823 5527 854 5566 e
896 5513 1054 5581 lignis
1089 5514 1348 5581 speciosis
1397 5513 1820 5568 cmoresccntem
1849 5513 2104 5581 fructum,

538 5614 730 5670 nempe
757 5602 823 5655 de
855 5611 1045 5656 sancta
1079 5612 1132 5657 ct
1163 5605 1610 5659 consubstantiali
1652 5604 1935 5669 Trinitate,
1995 5607 2106 5662 sive

612 5775 652 5806 "
691 5775 845 5832 Cant.
883 5789 944 5839 tt,
983 5775 1028 5826 l.
1111 5774 1150 5803 ⁸³
1189 5775 1287 5827 lsa.
1326 5792 1488 5838 xxxv,
1519 5779 1566 5828 ι.

2211 4707 2316 4753 σιν,
2352 4691 2440 4742 ἵνα
2485 4689 2578 4742 καί
2625 4690 2706 4751 είς
2750 4688 2963 4740 σύνεσιν
3015 4687 3290 4754 ἀνάγωσιν
3321 4681 3789 4755 ἀνθρωποπρεπῆ.

2213 4782 2354 4851 Ἔφη
2386 4781 2443 4833 δέ
2471 4782 2554 4834 ὅτι
2598 4781 2691 4834 καὶ
2735 4779 2890 4844 ξύλον
2929 4779 3189 4848 ἐξήνεγκε
3235 4777 3325 4836 τὸν
3355 4775 3570 4845 καρπὸν
3599 4770 3792 4834 αὑτοῦ,

2208 4872 2453 4942 ἀμπελός
2483 4890 2564 4937 τε,
2610 4873 2702 4926 καὶ
2747 4870 2886 4940 συκῆ
2917 4870 3015 4940 τὴν
3049 4870 3185 4923 ἰδίαν
3222 4867 3490 4922 ἐκδέδωκε
3533 4866 3794 4934 δύναμιν,

2205 4967 2298 5021 τὸν
2324 4969 2564 5038 στερεὸν,
2595 4963 2769 5036 οἶμαι,
2798 4964 2909 5018 τῶν
2940 4963 3296 5016 διδασκόντων
3355 4961 3533 5028 λόγον,
3578 4950 3623 5024 ᾧ
3657 4957 3796 5027 μέτ-

2215 5077 2334 5114 εστι
2385 5059 2489 5129 μέν
2519 5059 2582 5112 τὸ
2627 5058 2822 5128 γλυκὺ,
2869 5057 3089 5124 μέτεστι
3135 5055 3192 5108 δὲ
3225 5055 3361 5125 πρὸς
3408 5052 3583 5119 τούτῳ
3613 5043 3710 5102 καὶ
3733 5047 3798 5100 τὸ

2213 5153 2629 5222 κατευφραίνειν
2681 5152 2840 5217 είδὸς,
2889 5151 2988 5219 τῆς
3025 5148 3133 5201 ἀπὸ
3178 5146 3367 5215 συκῆς,
3403 5143 3498 5197 καὶ
3543 5138 3799 5209 ἀμπέλου

2213 5249 2446 5313 καρποῖς
2490 5243 2861 5316 παρεικάζων.
2929 5239 3213 5310 ’Δρμόσειε
3265 5235 3311 5288 δ’
3365 5235 3451 5297 ἄν,
3502 5232 3597 5286 καὶ
3647 5229 3801 5300 μάλα

2213 5337 2460 5399 εἰκότως,
2496 5337 2610 5397 τοῖς
2641 5333 2739 5403 μὲν
2770 5333 2849 5384 ἔτι
2886 5329 3209 5399 παχυτέροις
3237 5327 3327 5378 τὸν
3367 5323 3514 5384 νοῦν,
3551 5321 3646 5375 καὶ
3687 5337 3802 5373 νω-

2214 5429 2362 5483 θείαν
2392 5429 2572 5498 ἕχουσι
2600 5425 2697 5496 τὴν
2726 5422 3077 5495 κτηνοπρεπῆ
3113 5415 3518 5485 κατανέμεσθαι
3546 5413 3638 5466 καὶ
3662 5410 3805 5479 χθα-

2218 5517 2533 5586 μαλωτὲραν
2575 5514 2830 5585 μάθησιν.
2877 5511 2976 5580 τὴν
3020 5509 3094 5569 ὼς
3140 5509 3198 5560 ἐν
3240 5504 3372 5556 εἴδει
3416 5504 3513 5555 καὶ
3565 5501 3806 5569 δυνάμει

2213 5607 2351 5669 πόας
2379 5607 2436 5659 ἐν
2464 5609 2574 5670 τοῖς
2601 5605 2669 5659 τὰ
2711 5603 2881 5674 μικρά
2909 5599 3214 5654 διδάσκουσι
3245 5593 3546 5664 φυομένην,
3576 5592 3691 5653 τοῖς
3738 5587 3807 5643 δι
