4054 6274
281 389 376 445 373

1138 384 1693 444 COMMENTARIUS
1733 384 1798 443 ΙΝ
1839 385 2109 443 JOELEM
2152 387 2593 446 PROPIIETAM.

3409 389 3511 445 δτι

282 501 488 566 τελείαις
525 499 619 572 ἤδη
648 500 743 555 τὸν
769 500 905 572 ὑψοῦ
939 519 998 556 τε
1032 504 1342 578 νοούμενον,
1381 506 1477 561 καί⁹
1503 500 1616 560 οἷον
1659 505 1836 574 ξύλοις

1940 509 2006 564 de
2025 509 2312 578 disciplina
2369 510 2579 576 morali,
2616 523 2775 580 quam
2819 510 2969 579 quasi
3018 508 3071 563 in
3124 506 3232 562 alto
3281 505 3512 576 positam

285 597 484 669 ὡραίοις
521 592 863 669 ὲπηνθηκότα
907 597 1121 668 καρπόν
1149 638 1164 662 ,
1214 597 1306 651 τὸν
1350 599 1479 669 περὶ
1526 594 1637 667 τῆς
1672 597 1833 666 άγίας

291 688 376 742 καὶ
403 684 668 757 όμοουσίου
713 685 963 758 Τριάδος,
1009 688 1180 758 ἤγουν
1222 688 1562 753 παιδεύσεως
1612 689 1829 760 ἠθικῆς,

290 778 379 847 τῆς
403 776 470 840 ὠς
495 777 552 829 ἐν
582 774 707 845 ὕψει
746 775 1150 850 θεωρουμένης.
1177 776 1466 849 Τοιγάρτοι
1513 779 1685 849 κτήνη
1733 777 1834 847 μὲν

289 868 501 932 ἐκείνους
524 866 799 938 ὀνομάζει,
828 866 968 921 Σιὼν
994 868 1050 923 δὲ
1078 869 1179 941 ἤδη
1209 870 1374 924 τέκνα
1410 871 1538 934 τοὺς
1570 868 1834 923 τελειοτέ-

287 974 422 1028 ρους,
453 954 526 1021 οἷς
567 957 659 1010 καλ⁵
704 958 1094 1026 ἐπιγάννυσθαι
1137 960 1349 1014 κελεύει
1381 961 1574 1032 Κυρίῳ
1605 960 1684 1032 τῷ
1714 959 1833 1030 Θεῷ

280 1046 443 1117 ἡμῶν.
485 1048 547 1100 Ἡ
596 1049 742 1100 πᾶσα
789 1046 898 1119 γάρ
944 1048 1184 1119 θυμηδία
1228 1050 1388 1119 ἡμῶν
1417 1050 1672 1122 Χριστὸς,
1702 1050 1833 1120 παρ’

275 1131 331 1191 οὗ
363 1137 452 1191 καὶ
484 1136 552 1191 δι’
578 1131 640 1192 οὗ
688 1140 837 1192 πᾶσα
868 1139 1148 1210 πλήρωσις
1176 1139 1419 1208 ἀγαθῶν,
1452 1141 1545 1193 καὶ
1583 1140 1693 1193 τῶν
1741 1140 1833 1192 οὐ·

274 1226 458 1297 ρανίων
486 1226 843 1298 χαρισμάτων
884 1229 1119 1299 χορηγία
1160 1232 1273 1293 τοῖς
1320 1229 1610 1297 ἀγαπῶσιν
1648 1230 1830 1295 αὐτὸν,

269 1314 337 1377 ὡς
358 1317 412 1368 ἐν
442 1317 712 1386 πρωΐμοις
737 1334 820 1381 τε,
850 1319 944 1370 καὶ
979 1317 1195 1387 ὀψίμοις
1225 1320 1405 1382 ὑετοῖς
1432 1319 1719 1391 νοουμένη,
1738 1319 1834 1373 καὶ

267 1404 334 1469 ὡς
363 1407 417 1458 ἐν
447 1406 578 1478 σίτῳ
605 1407 743 1478 ἅλῳ,
773 1409 870 1461 καὶ
910 1410 1038 1480 οῐνῳ
1081 1410 1261 1479 ληνοῖς
1294 1411 1704 1483 ὐπερχεομένῳ,
1741 1412 1834 1465 καὶ

265 1497 417 1568 ἐλαίῳ
460 1499 874 1573 ὑπερϐλύζοντι.
941 1501 1135 1556 ’ἰστέον
1182 1503 1262 1568 δὲ,
1317 1504 1398 1557 ὅτι
1443 1504 1711 1558 καὶκατὰ
1742 1504 1833 1557 τὸν

265 1588 453 1657 τρόπον
476 1592 575 1661 τῆς
624 1592 893 1665 μυστικῆς
924 1592 1258 1664 πληρώσεως
1295 1594 1503 1667 ἀληθὴς
1536 1596 1569 1666 ἠ
1598 1596 1833 1666 ὑπόσχεο

268 1693 368 1739 σις.
397 1677 611 1732 Δέδοται
640 1680 747 1753 γάρ
773 1683 909 1753 ἡμῖν
952 1683 1029 1747 ὡς
1076 1685 1134 1737 ἐν
1177 1684 1317 1753 ὗετῷ
1356 1684 1416 1737 τὸ
1446 1684 1590 1752 ὕδωρ
1631 1685 1694 1738 τὸ
1722 1685 1832 1750 ζῶν

265 1766 356 1819 τοῦ
406 1769 559 1837 ἁγίου
609 1769 1000 1844 βαπτίσματος,
1032 1773 1110 1837 ὼς
1136 1773 1183 1828 δ’
1212 1776 1271 1827 ἐν
1312 1776 1444 1845 σίτῳ
1476 1776 1506 1828 ό
1542 1775 1704 1847 ἄρτος
1731 1776 1832 1845 τῆς

1934 600 2386 669 contemplemur.
2413 600 2644 656 Proinde
2668 601 2789 654 illos
2812 598 3056 667 iumenta
3089 598 3356 668 appellat;
3388 596 3514 651 Sio-

1935 688 2018 742 nis
2037 697 2216 743 autem
2241 689 2353 758 jam
2403 690 2565 756 ﬁlios,
2594 690 2968 760 perfectiores,
3001 706 3139 760 quos
3171 698 3227 744 et
3279 689 3515 757 gaudere

1926 778 2078 846 jubet
2099 780 2151 834 in
2173 780 2403 836 Domino
2434 783 2541 837 Deo
2562 793 2769 837 nostro.
2802 782 2975 838 Omne
3001 784 3146 837 enim
3176 781 3341 836 animi
3368 780 3516 835 oble-

1932 877 2258 926 ctamentum
2288 872 2539 929 Christus
2565 880 2670 937 est,
2704 889 2733 926 a
2755 888 2861 942 quo
2898 883 2954 927 et
2979 887 3075 942 per
3100 887 3261 944 quem
3289 879 3374 928 est
3392 887 3514 926 om-

1934 962 2019 1015 nis
2045 963 2305 1016 honorum
2335 961 2629 1032 plenitudo,
2679 970 2736 1017 et
2785 962 3177 1017 charismatum
3212 962 3513 1017 caelestium

1933 1054 2153 1108 donatio
2183 1052 2530 1124 diligentibus
2556 1069 2703 1119 eum,
2738 1053 2890 1123 quasi
2930 1053 2982 1105 in
3031 1053 3393 1120 temporaneis
3459 1059 3516 1106 et

1934 1144 2187 1200 serotinis
2210 1145 2477 1199 imbribus
2511 1143 2806 1210 intellecta,
2834 1150 2890 1197 et
2911 1140 3068 1212 quasi
3123 1142 3177 1194 in
3225 1140 3504 1197 frumento

1933 1251 2040 1306 quo
2067 1249 2213 1297 area,
2241 1245 2296 1289 et
2324 1235 2379 1289 in
2416 1236 2543 1290 vino
2572 1250 2679 1305 quo
2703 1233 2991 1290 toreularia
3030 1231 3421 1295 redundarunt,
3458 1243 3518 1286 et

1933 1328 1987 1382 in
2048 1330 2381 1383 exuberante
2426 1328 2567 1382 oleo.
2607 1326 2897 1382 Sciendum
2937 1332 3197 1395 praeterea
3230 1324 3394 1379 etiam
3424 1337 3514 1377 se-

1933 1420 2165 1474 cundum
2213 1420 2503 1490 mysticum
2551 1429 2808 1473 eventum
2861 1418 3278 1487 promissionem
3327 1430 3511 1468 veram

1932 1524 2074 1565 esse.
2102 1510 2235 1564 Data
2265 1519 2349 1564 est
2375 1508 2530 1564 nobis
2554 1523 2649 1563 ceu
2684 1510 2736 1563 in
2767 1510 2945 1577 pluvia
2975 1523 3114 1576 aqua
3141 1510 3328 1562 vivens
3369 1507 3512 1561 sacri

1935 1596 2294 1671 baptismatis,
2324 1610 2377 1654 et
2412 1609 2668 1670 tanquam
2710 1600 2763 1653 in
2814 1599 3085 1653 frumento
3122 1597 3278 1667 panis
3335 1597 3510 1661 vivus,

1933 1701 1987 1745 et
2041 1701 2297 1760 tanquam
2334 1691 2388 1745 in
2438 1690 2564 1745 vino
2609 1690 2850 1761 sanguis.
2899 1689 3141 1744 Accessit
3196 1689 3326 1742 item
3385 1701 3515 1741 usus

1932 1783 2060 1847 olei,
2090 1783 2181 1853 qui
2238 1796 2334 1851 per
2358 1797 2573 1836 sacrum
2608 1782 2877 1852 baptisma
2923 1782 2976 1836 in
3003 1780 3225 1836 Christo
3251 1777 3515 1849 iustiﬁca-

266 1857 408 1929 ζωῆς
434 1862 521 1913 καὶ
548 1862 621 1924 ὡς
641 1865 699 1915 ἐν
731 1865 858 1933 οῖνῳ
882 1864 944 1917 τὸ
967 1859 1127 1935 αἷμα.
1161 1866 1631 1937 Προεπενήνεκται
1657 1867 1714 1920 δὲ
1739 1867 1831 1920 καὶ

1940 1876 2006 1928 tis
2030 1873 2096 1928 ad
2124 1874 2648 1928 consummationem
2685 1873 2977 1928 conferret.

266 1953 410 2020 ητοῦ
441 1955 621 2008 ἐλαίου
661 1957 839 2027 χρεία,
874 1957 1205 2012 συντελοῦσα
1243 1960 1380 2030 πρὸς
1406 1959 1683 2013 τελείωσιν
1721 1962 1832 2023 τοῖς

265 2041 653 2116 δικαιουμένοις
681 2049 741 2101 ἐν
766 2048 990 2120 Χριστῷ
1016 2050 1104 2103 διὰ
1121 2049 1217 2104 τοῦ
1245 2050 1402 2117 ἁγίου
1431 2049 1828 2121 βαπτίσματος.

327 2135 432 2188 Καί
460 2137 866 2194 ἀνταποδώσω
888 2141 1030 2210 ὑμῖν
1061 2141 1194 2196 ἀντί
1234 2139 1353 2194 τῶν
1382 2140 1533 2195 ἐτῶν
1567 2135 1655 2195 ὧν
1689 2159 1830 2195 κατ-

255 2224 473 2295 έφαγεν
499 2228 536 2296 ἡ
570 2229 764 2298 ἀκρίς,
804 2231 904 2285 καί
940 2235 973 2287 d
1011 2232 1306 2303 βροῦχος,
1356 2233 1455 2286 καί
1512 2235 1552 2302 ἡ
1600 2233 1832 2303 κάμπη.

253 2317 350 2369 καὶ
412 2319 451 2387 ἡ
517 2320 788 2391 ἐρυσίϐη,
835 2325 876 2392 ἡ
906 2323 1160 2394 δύναμίς
1188 2342 1309 2395 μου
1358 2327 1397 2395 ἠ
1438 2325 1695 2396 μεγάλη,
1754 2325 1836 2394 ἢν

250 2404 653 2469 ἑξαπέστειλα
693 2415 779 2478 είς
820 2411 996 2483 ὑμᾶς,
1031 2415 1131 2467 καὶ
1168 2415 1432 2484 subeatis
1455 2417 1704 2485 βρώσει,
1734 2418 1833 2471 καί

247 2496 785 2567 ἐμπλησθήσεσθε,
837 2504 936 2557 καί
979 2506 1249 2559 αίνέσετε
1283 2507 1351 2559 τὸ
1386 2507 1574 2576 ὄνομα
1612 2510 1834 2576 Κυρίου

248 2588 359 2641 τοῦ
419 2589 571 2643 Θεοῦ
608 2591 799 2660 ὑμῶν,
851 2594 919 2659 ὃς
973 2595 1263 2664 ἐποίησεν
1302 2598 1428 2666 μεθ’
1476 2596 1645 2666 ὑμῶν
1694 2602 1834 2654 θαυ-

241 2675 470 2745 prima.

324 2767 455 2821 Al".
498 2769 662 2823 Ὅσον
694 2771 791 2840 μὲν
826 2773 953 2842 ἥκει
993 2774 1073 2838 είς
1114 2775 1205 2829 τδν
1247 2776 1348 2847 τῆς
1391 2779 1632 2848 ίστορίας
1660 2778 1834 2847 λόγον,

246 2858 380 2920 ταῖς
401 2858 806 2930 προλαϐούσαις
825 2862 923 2933 τῆς
947 2863 1161 2934 ἀκρίδος
1179 2864 1428 2930 ἐκϐολαῖς
1459 2866 1557 2939 τὴν
1595 2867 1836 2941 ίσοσθενῆ

244 2948 346 3000 καὶ
397 2949 763 3020 ίσομεροῦσαν
812 2952 1045 3006 είσάπαν
1109 2956 1449 3026 ὑπισχνεῖται
1507 2959 1836 3029 φιλοτιμίαν,

239 3037 340 3090 καὶ
383 3038 491 3109 τῆς
517 3040 615 3111 ἤδη
649 3041 938 3113 συμϐάσης
965 3044 1171 3109 ἐνδείας
1198 3049 1379 3112 αὐτοῖς
1404 3049 1704 3121 εὐρυτέραν
1732 3068 1837 3122 φη-

239 3135 328 3187 σὶν
350 3134 583 3190 ἔσεσθαι
610 3138 709 3209 τὴν
738 3140 845 3193 τῶν
878 3140 1155 3213 ἐδωδίμων
1182 3144 1502 3216 παράθεσιν.

303 3225 373 3278 El
409 3226 472 3279 δὲ
508 3228 573 3301 δὴ
613 3231 787 3283 νοοῖτο
820 3234 1195 3303 πνευματικὸς
1237 3238 1265 3289 ὁ
1297 3236 1453 3305 λόγος
1485 3237 1582 3308 τῆς
1624 3253 1838 3309 προφη-

230 3313 410 3378 τείας,
470 3316 673 3389 φαμέν,
719 3320 801 3372 δτι
852 3321 1269 3393 κατεδηδοκότος
1317 3326 1465 3396 ἡμᾶς
1510 3326 1699 3396 ῶσπερ
1741 3329 1836 3381 τοῦ

224 3404 485 3473 Σατανᾶ,
517 3408 615 3461 καὶ
665 3409 741 3472 ὡς
771 3411 829 3463 ἐν
868 3410 1019 3475 τάξει
1065 3412 1295 3484 κάμπης
1354 3432 1407 3468 τε
1452 3415 1545 3469 καὶ
1594 3418 1835 3489 ἀκρίδος,

225 3499 323 3549 καὶ
354 3499 466 3568 μέν
513 3516 594 3552 τοι
626 3501 721 3555 καὶ
764 3502 1024 3574 ἐρυσίϐης
1064 3505 1525 3578 κατεφθαρκότων
1566 3507 1626 3560 οὐ
1668 3525 1839 3579 φορη-

217 3587 333 3651 τῶ;
364 3589 499 3643 τῶν
527 3590 823 3663 ἀλιτηρίων
858 3597 1184 3666 πνευμάτων
1218 3598 1311 3650 ἐπὶ
1351 3597 1693 3673 πολυτρόπου
1728 3617 1836 3654 πα-

218 3676 333 3731 θῶν
366 3679 557 3744 ίδέοις,
589 3677 742 3752 ξηροὶ
802 3683 896 3736 καὶ
923 3683 1161 3755 ἄκαρποι
1190 3689 1601 3759 μεμενήκαμεν,
1641 3688 1839 3757 ἐψιλω-

219 3769 383 3838 μένοι
438 3771 549 3823 καὶ
576 3774 772 3843 γυμνοὶ
797 3775 996 3839 παντὸς
1019 3777 1248 3845 ἀγαθοῦ,
1268 3780 1369 3833 οὐκ
1398 3780 1596 3853 ἠθικὴν
1619 3782 1837 3853 ἔχοντες

215 3864 301 3927 είς
330 3864 489 3917 νοῦν
516 3864 732 3937 ἀρετὴν,
760 3866 903 3939 λιμῷ
934 3869 991 3922 δὲ
1033 3869 1221 3942 ὥσπερ
1252 3874 1711 3947 κατεφθαρμένοι,
1743 3877 1838 3930 καὶ

220 3952 417 4024 πάσης
479 3954 814 4019 ἁπαξαπλῶς
858 3959 1163 4029 εὐκαρπίας
1197 3962 1574 4033 ἐστερημένοι.
1615 3967 1838 4039 Ἐπειδὴ

212 4043 272 4097 δὲ
304 4045 800 4115 πεπλουτήκαμεν
836 4049 986 4118 παρὰ
1023 4051 1260 4120 Χριστοῦ
1290 4053 1350 4104 τὸ
1395 4055 1592 4127 χρῆναι
1618 4056 1837 4127 θαρσεῖν

214 4137 648 4205 (νενικήκαμεν
672 4134 781 4205 γὰρ
805 4135 902 4188 σὺν
928 4137 1077 4207 αύτῷ
1104 4139 1195 4192 τὸν
1223 4140 1448 4211 κόσμον,
1486 4163 1504 4194 ι
1536 4146 1647 4197 Καὶ
1678 4146 1838 4199 δέδω-

210 4246 321 4281 κεν
356 4227 520 4297 ἡμῖν
550 4228 734 4280 πατεῖν
761 4228 945 4281 ἐπάνω
977 4230 1154 4298 ὄφεων
1193 4234 1288 4285 καὶ
1323 4236 1597 4304 σκορπίων
1627 4237 1698 4307 ι),
1716 4240 1837 4294 τότε

211 4319 286 4390 δὴ
319 4317 431 4372 καὶ
461 4317 656 4381 ὑετοὺς
676 4318 992 4389 ἐσχήκαμεν
1016 4322 1142 4384 τοὺς
1164 4324 1567 4393 πνευματικοὺς
1589 4328 1837 4397 πρώῖμόν

208 4428 279 4463 τε
336 4409 449 4464 καὶ
486 4407 699 4479 ὄψιμον,
730 4409 978 4482 νομικὴν,
1008 4414 1169 4484 φημὶ,
1203 4415 1508 4480 παίδευσιν,
1543 4418 1638 4471 καὶ
1659 4420 1839 4490 παρά-

212 4502 440 4571 κλησιν
476 4498 860 4572 εὐαγγελικήν.
906 4501 1039 4555 Τότε
1072 4502 1168 4556 καὶ
1207 4506 1469 4573 φαγόντες
1516 4510 1837 4582 ἐμπεπλήσ-
1867 4532 1912 4586 ι)

212 4592 407 4660 μεθα,
464 4590 562 4642 καὶ
613 4590 1004 4665 δοξολογοῢμεν
1051 4595 1127 4658 ὡς
1171 4597 1448 4669 Δεσπότην
1494 4602 1585 4654 τὸν
1627 4603 1839 4657 ἑαυτῶν

213 4684 487 4755 Σωτῆρα
506 4683 760 4752 Χριστὸν,
789 4685 1260 4757 ἁνακηρύττοντες
1291 4688 1366 4752 ὡς
1400 4688 1837 4766 θαυματουργὺν,

210 4780 324 4829 καὶ
363 4776 450 4829 τὰ
482 4774 576 4826 τοῦ
626 4775 805 4843 λόγου,
859 4778 953 4830 καὶ
991 4777 1205 4842 ἐλπίδος
1251 4780 1509 4834 ἐπέκεινα
1544 4787 1656 4849 τοῖς
1702 4788 1843 4852 ἀγα-

210 4866 427 4918 πῶσιν
462 4862 624 4915 αὑτὸν
660 4863 1017 4935 δωρούμενον.
1061 4868 1415 4940 Ἐγνώκαμεν
1440 4871 1496 4924 δὲ
1518 4874 1655 4943 πρὸς
1676 4876 1840 4929 αὑτὸν

208 4954 237 5008 ἔ
250 4971 314 5007 τε
327 4968 445 5024 ρον
490 4949 766 5015 παντελῶς
806 4952 1016 5007 οὒδένα.
1058 4954 1424 5025 Δεδιδόιγμεθα
1466 4956 1524 5009 δὲ
1562 4956 1741 5027 λέγειν
1780 4958 1841 5024 ἐξ

210 5042 472 5113 ἀγαθῆς
514 5040 770 5104 διανοίας.
813 5043 1034 5114 Κύριος,
1067 5045 1223 5108 ἐκτός
1253 5063 1345 5098 σου
1383 5046 1539 5101 ἄλλον
1565 5049 1667 5102 οὐκ
1695 5050 1839 5103 οῖδα-

212 5152 364 5206 μεν.
418 5131 612 5201 Ἀθρει
651 5130 709 5183 δὲ
735 5132 851 5196 πῶς
892 5135 920 5185 ὁ
954 5134 1063 5187 τῶν
1090 5136 1226 5188 ὅλων
1262 5136 1393 5200 Θεὸς
1426 5140 1705 5209 μονονουχὶ
1743 5141 1838 5193 καὶ

209 5223 559 5294 καταγελᾷ,
591 5224 685 5277 καὶ
724 5225 1176 5295 κατειρωνεύεται
1206 5229 1273 5282 τά
1300 5228 1638 5299 ἀνθρώπινα,
1682 5231 1841 5285 δύνα-

215 5336 333 5388 μιν
371 5313 579 5370 ἑαυτθῦ
614 5314 859 5386 μεγάλην
890 5317 1118 5388 κάμπην
1149 5321 1464 5385 ἀποκαλῶν,
1509 5321 1576 5390 ἣν
1623 5322 1719 5373 καὶ
1764 5326 1842 5389 εἰς

211 5407 459 5469 αὐτοὺς
504 5407 852 5476 πεπομφέναι
896 5407 1055 5477 φησὶ,
1101 5410 1194 5462 καὶ
1236 5409 1449 5462 οὐδέπω
1512 5410 1722 5477 φαμὲν,
1760 5412 1841 5466 ὅτι

214 5500 493 5566 δύναμις
519 5498 654 5551 Θεοῦ
687 5500 720 5568 ἡ
764 5499 981 5569 κάμπη.
1024 5499 1162 5551 Ἀλλ’
1188 5496 1299 5552 οἷον
1342 5500 1520 5552 ἐκεῖνό
1562 5517 1692 5569 φησι
1733 5507 1843 5569 τοῖς

210 5594 339 5663 τὴν
386 5589 461 5642 δι’
489 5589 663 5658 αὐτῆς
690 5589 790 5641 οὐκ
824 5589 1108 5658 ἐνεγκοῦσι
1141 5590 1361 5642 κόλασιν
1381 5604 1396 5620 ⁸
1428 5584 1494 5643 Ὦ
1526 5588 1703 5657 δεινοὶ,
1754 5595 1843 5648 καὶ

311 5764 370 5800 te
424 5760 576 5816 Joan.
608 5778 716 5830 xvi,
758 5763 844 5814 35.
924 5764 968 5794 ¹⁵
1002 5762 1131 5816 Luc.
1168 5777 1220 5826 κ,
1269 5763 1348 5817 l9.

1516 5872 1548 5890 Χ

2008 2137 2170 2209 225
2203 2137 2364 2194 Vens.
2395 2137 2487 2204 25,
2553 2137 2643 2193 26.
2680 2136 2746 2194 Et
2784 2138 3001 2191 redeam
3050 2138 3189 2192 vobis
3228 2153 3324 2208 pro
3361 2139 3517 2191 annis

1935 2247 2061 2300 quos
2080 2231 2299 2283 comedit
2325 2230 2549 2292 locusta,
2570 2239 2619 2283 et
2651 2230 2898 2297 bruchus,
2928 2239 2976 2283 et
3006 2245 3185 2292 eruca,
3230 2239 3277 2283 et
3311 2230 3515 2298 rubigo.

1937 2319 2194 2387 fortitudo
2209 2334 2320 2371 mea
2344 2334 2555 2388 magna,
2577 2335 2735 2387 quam
2770 2319 2891 2373 misi
2913 2320 2968 2372 in
2990 2335 3097 2373 vos.
3138 2317 3205 2372 Et
3235 2318 3516 2373 comedetis

1938 2409 2275 2470 comestione,
2294 2419 2341 2461 et
2368 2409 2759 2474 saturabimiui,
2786 2419 2835 2461 et
2871 2408 3158 2462 laudabitis
3211 2424 3395 2462 nomen
3422 2406 3520 2462 Do—

1938 2504 2067 2555 mini
2094 2500 2190 2555 Dei
2220 2503 2397 2567 vestri,
2419 2502 2509 2571 qui
2535 2500 2656 2570 fecit
2690 2503 2947 2557 vobiscum
2985 2502 3270 2556 mirabilia.

2012 2769 2251 2824 XXXIII.
2278 2770 2429 2836 Quod
2464 2769 2531 2823 ad
2573 2768 2856 2824 historiam
2911 2768 3167 2838 pertinet,
3188 2763 3521 2834 antegressis

1939 2861 2269 2915 locustarum
2330 2859 2723 2931 irruptionibus
2780 2876 2887 2916 non
2950 2861 3132 2914 minus
3186 2856 3415 2911 validam
3462 2868 3521 2911 et

1938 2950 2200 3019 aequalem
2233 2950 2450 3020 penitus
2483 2948 2915 3005 muniﬁcentiam
2973 2952 3222 3019 spondet,
3252 2958 3310 3003 et
3356 2962 3517 3018 quam

1940 3042 2147 3110 experti
2178 3043 2286 3096 sint
2312 3042 2612 3111 penuriam,
2642 3056 2705 3095 ea
2739 3041 3043 3097 uberiorem
3067 3040 3197 3111 ipsis
3227 3039 3344 3097 fore
3387 3054 3519 3111 pro-

1940 3142 2158 3186 ventum
2188 3132 2586 3187 eseulentorum
2612 3132 2917 3187 conﬁrmat.

2011 3223 2083 3275 At
2106 3223 2151 3278 si
2187 3223 2297 3276 haec
2330 3223 2605 3291 propheta
2636 3223 2799 3278 verba
2851 3223 3206 3293 spiritualiter
3251 3223 3520 3291 interpre-
3586 3242 3591 3247 α

1944 3324 2142 3379 temur,
2170 3313 2454 3367 dicendum
2490 3323 2573 3367 est
2615 3328 2713 3367 nos
2746 3328 2775 3366 a
2805 3313 3008 3369 Satana
3035 3315 3189 3384 quasi
3214 3315 3518 3379 devoratos,

1943 3405 2091 3459 etab
2122 3419 2283 3459 eruca
2314 3415 2369 3460 et
2418 3404 2623 3459 locusta
2669 3418 2768 3474 per
2813 3407 2961 3459 varia
3018 3407 3272 3461 vitiorum
3323 3418 3521 3476 genera

1943 3497 2235 3553 crudeliter
2259 3499 2518 3569 perditos,
2543 3498 2808 3553 mansisse
2841 3497 3024 3554 aridos
3052 3513 3117 3552 ac
3142 3496 3378 3559 steriles,
3401 3512 3521 3549 om-

1945 3588 2104 3645 nibus
2134 3589 2292 3645 bonis
2323 3591 2562 3659 privatos
2590 3604 2655 3642 ac
2681 3590 2932 3651 nudatos,
2957 3589 3095 3641 nihil
3126 3588 3267 3655 quod
3298 3586 3366 3640 ad
3403 3602 3520 3640 mo-

1943 3694 2063 3735 rum
2099 3681 2356 3734 virtutem
2389 3678 2606 3741 attinet,
2630 3677 2826 3732 animis
2858 3677 3215 3745 possidentes.
3277 3678 3377 3731 Ast
3431 3676 3523 3731 ubi

1945 3770 2137 3825 ﬁducia
2170 3769 2222 3823 in
2259 3768 2532 3823 Christum
2557 3766 2865 3835 locupletati
2898 3782 3087 3821 sumus
3108 3766 3359 3837 (vicimus
3378 3767 3522 3821 enim

1944 3876 2070 3916 eum
2096 3862 2213 3930 ipso
2238 3861 2496 3915 mundum
2531 3861 2597 3925 ιι,
2638 3879 2666 3912 ι.
2686 3869 2744 3916 et
2806 3858 2953 3915 dedit
3014 3859 3169 3916 nobis
3199 3868 3521 3928 potestatem

1943 3954 2189 4009 calcandi
2236 3969 2398 4024 supra
2448 3963 2730 4024 serpentes
2762 3961 2819 4008 et
2853 3952 3171 4019 scorpiones
3199 3952 3244 3984 ιδ
3289 3952 3359 4020 ι),
3394 3963 3522 4006 tunc

1944 4060 2157 4115 quoque
2184 4044 2386 4100 imbres
2413 4044 2719 4114 Spiritu-ales
2751 4045 3079 4112 accepimus,
3107 4051 3521 4112 temporaneum

1943 4146 1998 4191 et
2027 4136 2346 4200 serotinum,
2377 4134 2765 4189 institutionem
2792 4134 2994 4204 legunt,
3021 4134 3262 4202 inquam,
3295 4142 3351 4187 et
3390 4148 3524 4187 eon-

1944 4227 2260 4281 solationem
2317 4225 2703 4295 evangelieam.
2753 4223 2905 4279 Tunc
2974 4224 3119 4279 enim
3179 4225 3525 4279 eomedentes

1944 4314 2131 4385 repleti
2162 4328 2370 4380 sumus,
2404 4323 2460 4369 et
2514 4324 2573 4369 ut
2604 4314 2890 4370 Dominum
2939 4314 3306 4386 gloriﬁcamus
3358 4314 3521 4369 Chri-

1943 4419 2085 4463 stum
2113 4406 2445 4462 Salvatorem
2470 4414 2737 4472 nostrum,
2797 4406 3044 4462 eumdem
3092 4416 3153 4461 ut
3198 4406 3524 4461 mirabiliora

1943 4499 2273 4568 eﬂeetorem,
2305 4484 2358 4553 et
2379 4500 2581 4571 majora
2611 4515 2772 4570 quam
2804 4498 2909 4554 diei
2939 4499 3259 4567 autsperari
3294 4501 3523 4566 possint,

1941 4592 2287 4663 diligentibus
2312 4607 2369 4647 se
2393 4593 2682 4649 donautem
2713 4593 3089 4662 praedicantes.
3119 4591 3318 4646 Sumus
3341 4602 3522 4645 auten;

1942 4685 2084 4739 docti
2115 4686 2253 4740 bona
2278 4686 2610 4741 conscientia
2663 4685 2883 4742 dicere:
2951 4685 3176 4741 Domine
3201 4724 3216 4750 ,
3263 4692 3417 4739 extra
3475 4692 3528 4735 te

1942 4777 2106 4830 alium
2158 4778 2299 4831 haud
2351 4777 2618 4831 novimus.
2670 4774 2951 4845 Perpende
3002 4775 3194 4831 deinde
3255 4774 3525 4841 quomodo

1941 4866 2310 4920 universorum
2335 4864 2594 4920 Dominus
2619 4875 2823 4920 tantum
2873 4880 2976 4919 non
3008 4865 3250 4929 irrideat,
3276 4873 3330 4918 et
3358 4862 3527 4916 simu-

1946 4953 2145 5010 latione
2169 4955 2400 5025 quadam
2427 4954 2646 5010 deludat
2694 4969 2781 5009 res
2844 4954 3143 5017 hominum,
3170 4966 3388 5006 erueam
3421 4964 3523 5004 voc

1946 5061 2078 5101 cans
2131 5061 2379 5115 magnam
2430 5061 2580 5101 suam
2637 5046 3034 5105 fortitudinem,
3068 5059 3229 5115 quam
3261 5051 3318 5099 et
3341 5058 3400 5097 se
3429 5042 3525 5096 ad-

1947 5152 2137 5191 versus
2169 5138 2312 5206 ipsos
2340 5137 2551 5192 misisse
2596 5146 2857 5192 autumat.
2887 5135 2998 5191 Nos
3046 5135 3263 5204 quidem
3322 5148 3526 5202 nequa-

1938 5245 2099 5299 quam
2136 5228 2365 5284 dicimus
2413 5229 2506 5285 Dei
2556 5229 2927 5285 fortitudinem
2969 5242 3089 5282 esse
3139 5240 3381 5281 erucam.
3415 5226 3522 5282 Sed

1942 5322 2012 5375 ita
2039 5319 2434 5387 quodammodo
2466 5334 2559 5373 eos
2613 5319 2705 5388 qui
2739 5319 3005 5372 invectam
3041 5318 3106 5371 ab
3161 5317 3255 5370 illa
3317 5316 3524 5372 cladem

1941 5411 2184 5483 perferre
2212 5410 2593 5480 nequiverunt,
2636 5409 2945 5477 compellat.
2982 5408 3027 5464 Ο
3056 5417 3424 5472 contumaces,
3457 5422 3525 5464 ac

1941 5505 2176 5574 superbi,
2208 5513 2263 5559 et
2291 5519 2387 5572 pro
2416 5503 2582 5558 nihilo
2625 5503 2883 5555 ducentes
2943 5517 3028 5556 me
3051 5501 3362 5558 offendere!
3411 5515 3519 5555 non

1944 5595 2120 5665 ignem
2145 5595 2211 5650 de
2244 5592 2386 5649 coelo
2410 5594 2462 5646 in
2491 5606 2586 5647 vos
2620 5588 2762 5654 misi,
2783 5604 2887 5646 non
2922 5593 3156 5649 tonitrua
3222 5607 3326 5648 non
3357 5603 3524 5660 gran-
