4054 6274
553 352 661 409 375

1539 361 1597 414 Β.
1639 359 1915 416 CYRILLI
1954 357 2422 419 ALEXANDRINI
2458 365 2776 423 ARCHIEP.

3691 363 3788 418 376

553 465 760 532 dinem,
786 481 892 523 non
935 467 1079 522 aliud
1112 466 1388 537 quidpiam
1414 477 1685 540 sumptum
1724 482 1781 528 et
1840 472 1974 528 locis
2034 488 2095 526 su

2225 473 2515 545 ἀγέρωχοι,
2563 475 2656 528 καὶ
2707 477 2766 529 ἐν
2808 475 2985 528 οὐδενί
3029 470 3332 543 γράφοντες
3363 471 3508 542 λόγῳ
3541 470 3601 525 τδ
3631 489 3788 545 προσ-

556 553 721 620 peris,
749 561 804 607 et
832 553 1024 606 divinae
1053 552 1237 623 gloria:
1287 555 1727 615 honestissimum
1769 560 1966 628 innixi;
2001 575 2122 616 ver-

553 643 722 699 mium
752 642 960 711 ahjecta
988 649 1140 701 turba
1164 648 1217 703 in
1253 650 1522 720 regionem
1571 651 1884 719 insurrexit,
1913 661 1969 706 et
1991 667 2122 707 con-

2222 565 2438 637 κρούειν
2471 567 2628 639 ἐμοίί
2657 569 2720 619 οὐ
2747 566 2858 636 πῦρ
2882 564 2968 634 ἐφ’
2997 565 3142 635 ὑμᾶς
3174 564 3466 635 οὐρανόθεν
3497 563 3694 633 ἀνῆκα,
3731 565 3788 619 οὒ

2221 656 2466 728 βροντὴν,
2491 659 2552 712 ού
2585 656 2840 728 χάλαζαν,
2869 658 2967 727 οὐχ
3001 655 3186 726 ἐτερόν
3212 671 3265 708 τι
3291 654 3400 708 τῶν
3428 654 3563 723 ὑψοῦ
3599 673 3664 709 τε
3698 658 3791 729 ἠρ-

555 732 755 788 turbati
790 733 944 798 estis,
982 744 1038 791 et
1060 738 1297 805 periistis
1321 740 1589 798 celeriter.
1625 741 1863 801 Robusta
1913 742 2097 798 scilice

2223 747 2418 816 μένων,
2462 748 2556 802 καί
2583 747 2665 800 ὅτι
2708 746 2942 817 μάλιστα
2969 748 3034 816 τῇ
3062 744 3154 798 τοῦ
3181 743 3314 798 Θεοῦ
3350 743 3475 815 δόξῃ
3515 746 3788 814 πρεπωδε-

554 823 901 885 vehementer
929 835 1016 881 est
1056 841 1218 885 eruca
1254 846 1268 882 :
1311 845 1484 886 meam
1529 842 1678 890 certe
1725 847 1972 904 magnam
2006 835 2117 890 for-

555 913 835 972 titudinem
892 917 1039 974 illam
1090 928 1298 990 reputo.
1330 921 1495 993 226
1533 921 1709 978 Mores
1750 923 1912 994 igitur
1939 938 2119 980 sermo

549 1006 826 1075 exprimit,
859 1015 914 1064 et
963 1019 1048 1065 est
1113 1010 1260 1066 velut
1316 1011 1615 1078 irridentis,
1647 1025 1710 1068 ac
1735 1015 2116 1084 propemodum

549 1096 910 1155 conviciantis
937 1100 1032 1156 Dei
1062 1102 1112 1156 in
1137 1116 1232 1156 eos
1277 1102 1368 1170 qui
1403 1116 1627 1171 peccare
1658 1104 1797 1158 nihil
1830 1105 1981 1174 pensi
2023 1106 2118 1160 ha-

547 1188 700 1242 bent.
729 1186 894 1245 Posse
922 1204 1015 1246 eos
1046 1207 1238 1261 nempe
1263 1192 1478 1248 allicere
1506 1207 1684 1262 paena,
1717 1194 1762 1249 si
1790 1195 1941 1260 velit,
1997 1195 2114 1250 sui-

547 1279 766 1336 llciente
797 1282 864 1335 ad
894 1281 997 1337 hoc
1021 1297 1205 1350 eruca,
1240 1300 1338 1355 pro
1363 1285 1570 1354 magnis
1609 1294 1666 1340 et
1693 1285 1908 1340 invictis
1964 1286 2117 1342 dein-

545 1385 674 1441 ceps
699 1373 924 1429 viribus.
953 1373 1068 1429 Non
1100 1376 1263 1444 igitur
1290 1375 1457 1434 eﬂ‘use
1486 1377 1694 1432 rideant
1727 1377 1988 1442 haeretici,
2017 1392 2117 1432 nec

543 1464 804 1520 adversus
830 1465 1105 1536 Unigeniti
1162 1466 1386 1536 gloriam
1438 1475 1726 1539 nugentur,
1772 1475 1957 1538 utpote
1993 1482 2114 1522 cum

540 1567 705 1615 eruca
760 1571 952 1627 magna
999 1555 1259 1613 fortitudo
1316 1559 1587 1614 nominata
1635 1559 1723 1620 sit.
1789 1556 1901 1613 Nec
1925 1559 2113 1614 eodem

540 1645 662 1705 loco
700 1662 810 1718 quo
831 1649 1031 1708 vermis
1051 1649 1254 1720 pollens
1287 1650 1493 1711 viribus
1518 1650 1814 1717 habeatur;
1843 1648 1960 1705 ausi
1983 1659 2110 1705 sunt

537 1739 684 1800 enim
711 1741 894 1799 miseri
929 1741 1090 1798 etiam
1129 1741 1182 1795 in
1213 1739 1352 1796 hanc
1381 1742 1651 1811 opinionis
1679 1755 1738 1797 se
1772 1743 2113 1814 praecipitare

538 1843 705 1886 miser
709 1847 834 1887 tam.

607 2011 774 2067 Vens.
808 2011 899 2066 27.
920 2011 986 2066 Et
1005 2029 1105 2066 non
1118 2013 1469 2084 confundetur
1482 2014 1706 2083 papulus
1723 2030 1867 2068 meus
1889 2014 1943 2068 in
1965 2025 2112 2070 teter-

535 2096 766 2151 num.Et
788 2099 962 2153 scietis
979 2100 1102 2170 quia
1125 2101 1179 2154 in
1217 2101 1387 2157 medio
1419 2101 1593 2157 Israel
1647 2119 1762 2158 sum
1782 2120 1896 2174 ego.
1921 2103 1986 2158 Et
2017 2120 2110 2174 ego

534 2187 790 2247 Dominus
827 2189 968 2244 Deus
1009 2199 1190 2256 vester,
1219 2200 1268 2246 et
1295 2209 1398 2246 non
1449 2202 1526 2247 est
1569 2205 1760 2263 pra'ter
1798 2204 1982 2259 me;et
2008 2211 2110 2249 non

531 2279 888 2347 confundetur
930 2280 1072 2338 ultra
1128 2284 1299 2340 omnis
1355 2284 1579 2354 populus
1642 2301 1786 2340 meus
1840 2286 1896 2340 in
1959 2295 2111 2344 teter-

533 2383 682 2428 num.

600 2459 842 2518 XXXIV.
875 2462 1154 2521 Manifeste
1184 2466 1400 2521 modum
1435 2470 1752 2524 mcenomia:
1773 2470 2096 2525 incarnatio-

530 2552 638 2622 nis,
665 2562 718 2608 et
745 2568 865 2610 sese
893 2555 1366 2622 exinaniturum“,
1383 2568 1438 2613 et
1465 2573 1584 2614 cum
1610 2560 1872 2616 terriculis
1902 2561 2108 2615 habita-

531 2655 710 2702 turum
737 2647 1006 2718 promittit
1031 2647 1098 2713 ",
1119 2649 1285 2703 nostri
1306 2649 1564 2716 similem,
1597 2651 1648 2705 id
1677 2660 1780 2718 est,
1833 2652 2100 2707 hominem

526 2738 755 2796 factum.
789 2739 940 2797 Tunc
967 2743 1110 2799 enim
1144 2746 1197 2799 in
1234 2745 1411 2802 medio
1440 2741 1604 2800 Israel
1632 2745 1811 2812 l'uit,et
1840 2759 1941 2800 nos
1959 2746 2105 2814 igno-

527 2831 754 2888 niiuiam
805 2833 1114 2905 eﬂugimus,
1171 2844 1229 2892 et
1284 2850 1317 2891 e
1357 2836 1676 2891 confusione
1729 2837 1962 2906 exempti
2019 2851 2105 2891 su-

525 2933 668 2984 mus,
701 2930 877 2976 morte
897 2923 1162 2977 nimirum
1211 2931 1512 2991 prostrata,
1545 2932 1774 2994 peccato
1814 2923 2103 2982 interfecto

523 3015 582 3061 et
606 3009 914 3079 cognitione
945 3011 1189 3066 veritatis
1223 3013 1548 3069 introducta.
1589 3011 1744 3071 Haud
1790 3017 1934 3072 enim
1986 3031 2100 3072 am-

522 3097 666 3165 plius
698 3107 1006 3154 creaturam
1037 3101 1331 3156 adoramus
1361 3108 1560 3170 prseter
1600 3101 1912 3162 Creatorem
1946 3106 2012 3173 ⁸⁸,
2045 3116 2096 3163 et
2127 3123 2172 3186 ο

521 3187 686 3243 alium
717 3189 884 3244 Deum
918 3201 1115 3260 praeter
1165 3192 1314 3247 illum
1346 3192 1615 3247 neminem
1653 3210 1876 3264 prorsus
1912 3213 2096 3254 susce-

521 3279 720 3349 pimus.
763 3278 998 3338 Proinde
1029 3283 1193 3339 etiam
1237 3285 1436 3342 divites
1482 3281 1778 3355 evasimus,
1821 3290 1965 3344 utin
1999 3305 2095 3360 spe

520 3370 677 3424 lirma
701 3370 966 3438 viventes,
1015 3386 1071 3430 et
1102 3379 1508 3447 exspectatione
1560 3381 1685 3436 vitae
1739 3380 1989 3450 longazvze
2038 3382 2092 3437 in

517 3460 949 3518 sanctiﬁcatione
969 3474 1024 3519 et
1045 3465 1350 3522 innocentia
1379 3469 1522 3525 vitae.

591 3548 752 3606 Vens.
786 3552 876 3618 28,
899 3554 990 3610 ‘29.
1019 3553 1087 3609 Et
1105 3558 1205 3611 erit
1221 3560 1468 3628 posthwc,
1496 3572 1545 3615 et
1575 3562 1844 3631 e/fundam
1873 3564 1936 3618 de
1966 3565 2090 3634 Spi-

515 3643 622 3696 ritu
646 3660 758 3698 meo
775 3660 932 3714 super
970 3662 1173 3703 onmem
1212 3665 1442 3717 carnem,
1461 3661 1508 3706 et
1554 3654 1930 3722 prophetabunt
1990 3657 2094 3724 ﬁlii

514 3737 673 3790 uestri
695 3745 744 3790 et
775 3737 902 3806 ﬁlia:
926 3751 1143 3808 vestrm,-
1183 3752 1231 3797 et
1263 3746 1495 3800 seniores
1515 3748 1666 3800 vestri
1700 3749 1906 3803 somnia
1952 3766 2092 3804 som-

515 3825 761 3894 niabunt,
790 3837 841 3883 et
871 3829 1092 3898 juvenes
1143 3835 1299 3888 vestri
1331 3836 1552 3890 risiones
1599 3838 1869 3894 videbunt.
1923 3842 2093 3912 Atque

514 3917 678 3971 etiam
728 3934 884 3988 super
917 3937 1091 3978 servos
1135 3939 1278 3978 meos
1317 3935 1365 3979 et
1399 3926 1628 3982 ancillas
1675 3929 1731 3988 in
1761 3929 1944 3986 diebus
1983 3933 2090 3989 illis

510 4007 778 4076 effundam
801 4009 865 4068 de
889 4009 1090 4080 Spiritu
1117 4029 1249 4076 meo.

581 4273 803 4332 XXXV.
835 4274 914 4331 En
948 4278 1233 4348 perspicue
1277 4281 1448 4336 sancti
1481 4281 1720 4352 Spiritus
1772 4285 2000 4354 gratiam
2029 4303 2090 4345 se

511 4365 838 4422 donaturum
864 4368 1153 4436 promittit,
1189 4369 1243 4423 id
1265 4379 1368 4434 est,
1393 4372 1738 4428 donationem
1764 4374 2087 4444 largiﬂnam,

2221 838 2430 891 στάτων
2457 838 2755 908 ἐπήνεγκα.
2788 837 3095 908 Σκωλήκων
3145 834 3305 890 ἀθλία
3337 833 3550 904 πληθὺς
3609 836 3790 901 κατεξ-

2218 929 2417 998 ανέστη
2447 928 2550 998 τῆς
2572 927 2776 1000 χώρας,
2808 929 2906 982 καὶ
2936 926 3335 1000 τεθορύὸησθε,
3371 926 3468 983 καὶ
3507 926 3789 980 διολώλατε

2216 1021 2356 1089 τάχα
2381 1033 2506 1071 που⁸
2533 1019 2743 1090 μεγάλη
2772 1019 2890 1073 λίαν
2917 1021 2952 1091 ἡ
2981 1020 3197 1090 κάμπη.
3215 1017 3517 1087 Λογιοῦμαι
3545 1016 3604 1070 δὲ
3631 1018 3790 1088 αὐτὴν

2216 1111 2312 1170 καὶ
2355 1109 2582 1180 δύναμιν
2617 1109 2854 1181 ἐμαυτοῦ
2897 1110 3159 1182 μεγάλην.
3207 1111 3294 1166 Ἐν
3345 1107 3468 1179 ἤθει
3513 1108 3581 1180 δὴ
3624 1103 3716 1162 οὖν
3763 1110 3790 1163 ὁ

2215 1200 2390 1269 λόγος,
2429 1202 2524 1254 καὶ
2550 1201 2716 1255 οἱονεί
2746 1218 2862 1264 πως
2901 1203 2960 1256 ἐν
3002 1202 3218 1270 γέλωτι,
3260 1199 3544 1270 μονονουχὶ
3570 1200 3668 1258 καὶ
3685 1201 3792 1252 ἐπι-

2214 1288 2550 1354 τωθάζοντος
2598 1290 2734 1344 Θεοῦ
2771 1294 2884 1357 τοῖς
2932 1290 3294 1361 καταφρονεῖν
3338 1287 3612 1352 εἰωθόσιν,
3656 1287 3788 1343 ὥστε

2215 1378 2373 1451 εἴπερ
2409 1381 2582 1436 ἐλοιτο
2620 1382 2870 1447 κολάζειν
2914 1382 3159 1446 ἑαυτοὺς,
3204 1378 3483 1448 ἀρκούσης
3520 1380 3601 1443 εἰς
3636 1379 3789 1434 τοῦτο

2215 1471 2441 1544 κάμπης
2459 1474 2579 1533 ἀντὶ
2609 1475 2809 1546 πολλῆς
2834 1474 2929 1529 καὶ
2956 1473 3169 1544 ἀμάχου
3197 1471 3384 1525 λοιπὸν
3416 1471 3611 1541 ἰσχύος.
3636 1471 3785 1541 Μηδὲ

2215 1559 2390 1614 πλατὺ
2413 1560 2696 1631 γελώντων
2719 1561 3033 1634 αἰρετικῶν,
3063 1560 3197 1631 μηδὲ
3218 1563 3318 1630 τῆς
3339 1557 3438 1612 τοῦ
3456 1557 3784 1627 Μονογενοῦς

2214 1651 2744 1725 καταφλυαρούντων
2784 1654 2964 1726 δόξηςν
2999 1653 3134 1724 μηδὲ
3177 1653 3254 1715 ὡς
3297 1650 3363 1720 δὴ
3413 1649 3510 1704 καὶ
3552 1650 3787 1721 μεγάλης

2214 1740 2498 1812 δυνάμεως
2535 1744 2594 1796 ἐν
2631 1744 2731 1814 ίσῳ
2770 1744 3065 1815 γραφέσθω
3092 1745 3159 1814 τῇ
3205 1741 3483 1814 σκώληκι·
3526 1741 3781 1814 τετολμή-

2143 1804 2188 1860 B
2217 1804 2366 1884 XGO’I‘
2394 1804 2502 1901 γὰρ
2543 1833 2594 1884 οί
2630 1804 2854 1886 δείλαιοι
2892 1804 2986 1887 καὶ
3023 1833 3104 1896 εἰς
3132 1804 3291 1884 ’τοῦτ’
3335 1804 3574 1884 ὀλισθεῖν
3618 1804 3776 1883 ἀθλιό-

2213 1938 2372 1993 τητος
2401 1922 2642 1980 ἐννοιῶν.

2281 2014 2391 2069 Καὶ
2429 2016 2502 2069 οὐ
2535 2014 2623 2084 μὴ
2670 2013 3086 2084 καταισχυνθῇ
3127 2016 3161 2068 ό
3202 2014 3353 2078 ,1αός
3389 2029 3511 2082 μου
3558 2012 3649 2076 είς
3686 2008 3786 2066 τὸν

2210 2103 2415 2160 αίῶνα.
2453 2106 2564 2161 Kal
2588 2105 2994 2176 ἐπιγνώσεσθε
3020 2105 3108 2158 ὅτι
3129 2105 3200 2159 ἐν
3216 2104 3383 2173 μέσῳ
3412 2102 3518 2157 τοῦ
3554 2099 3789 2169 Ἰσραήλ

2209 2197 2325 2264 εἰμι
2365 2197 2496 2266 ἐγώ.
2531 2196 2641 2251 Kal
2673 2197 2788 2266 ἐγὼ
2821 2197 3034 2266 Κύριος
3066 2198 3099 2250 ό
3131 2195 3274 2260 Θεὸς
3313 2192 3498 2262 ὑμῶν,
3529 2192 3633 2245 καὶ
3675 2193 3790 2248 οὐκ

2208 2288 2379 2343 ἐστιν
2405 2285 2494 2339 ἔτι
2515 2287 2682 2354 πλὴν
2710 2286 2856 2356 ἐμοῦ
2875 2304 2889 2318 ο
2922 2287 3022 2341 καὶ
3051 2289 3122 2341 οὐ
3156 2285 3243 2356 μὴ
3273 2282 3792 2352 καταισχυνθήσε-

2207 2394 2302 2432 ται
2333 2376 2422 2431 ἔτι
2454 2376 2574 2443 πᾶς
2606 2380 2641 2431 ό
2672 2379 2821 2444 λαός
2847 2395 2962 2447 μου
2989 2379 3077 2443 εἰς
3109 2378 3217 2430 τὸν
3244 2375 3446 2430 αἰῶνα.

2277 2469 2398 2525 ΛΔ’.
2452 2468 2872 2540 Ἐπαγγέλλεται
2901 2469 3088 2538 σαφῶς
3113 2468 3212 2538 τῆς
3246 2467 3385 2538 μετά
3414 2465 3616 2536 σαρκὸς
3647 2467 3789 2520 οἰκο-

2208 2558 2401 2629 νομίας
2431 2559 2522 2613 τὸν
2549 2561 2771 2630 τρόπον,
2804 2559 2899 2613 καὶ
2921 2560 3003 2612 ὅτι
3031 2561 3144 2622 τοῖς
3167 2559 3260 2611 ἐπὶ
3282 2559 3388 2627 γῆς
3419 2557 3790 2628 συνδιαιτήσε-

2204 2664 2296 2700 ται
2351 2647 2595 2712 κενώσας
2649 2649 2873 2712 ἑαυτὸν,
2937 2649 3033 2701 καὶ
3086 2648 3379 2717 γενόμενος
3437 2648 3559 2701 καθ’
3623 2648 3788 2718 ὑμᾶς,

2205 2735 2504 2802 τουτέστιν,
2531 2737 2836 2810 ἄνθρωπος.
2874 2737 3007 2794 Τότε
3037 2737 3143 2806 γάρ
3178 2737 3400 2805 γέγονεν
3426 2737 3484 2791 ἐν
3519 2736 3674 2808 μέσῳ
3692 2734 3788 2789 τοῦ

2217 2827 2451 2902 Ἰσραὴλ,
2506 2827 2601 2887 καὶ
2643 2811 2976 2897 ’διεφύγομεν
3030 2825 3318 2897 ἐντροπὴν,
3372 2827 3468 2880 καὶ
3523 2826 3789 2897 αἰσχύνης

2203 2916 2620 2988 ἀπηλλάγμεθα,
2669 2916 2899 2976 θανάτου
2943 2916 3221 2983 πεσόντος,
3257 2916 3535 2988 ἁμαρτιας
3582 2918 3790 2989 avum.

2206 3007 2398 3078 μένης,
2430 3006 2686 3076 γνώσεως
2730 3005 2963 3079 ἀληθοῦς
3001 2996 3515 3080 εἰσκεκομισμένης.
3561 3009 3680 3062 Οὐκ
3707 3007 3785 3064 ἔτι

2201 3097 2311 3168 γάρ
2336 3098 2405 3167 τῇ
2438 3095 2612 3150 κτίσει
2645 3094 3058 3166 προσκυνοῦμεν
3087 3096 3240 3165 παρὰ
3265 3095 3358 3148 τὸν
3383 3095 3674 3162 κτίσαντα,
3695 3095 3789 3148 καὶ

2202 3186 2335 3240 Θεὸν
2375 3188 2560 3259 ἕτερον
2589 3188 2676 3240 ἐπ’
2706 3187 2853 3256 αὐτῷ
2888 3185 3164 3250 παντελῶς
3205 3185 3394 3238 οὐδένα
3444 3187 3788 3257 παραδεδέγ-

2205 3277 2363 3348 μεθα.
2414 3277 2701 3349 Τοιγάρτοι
2745 3278 2841 3332 καὶ
2873 3277 3353 3347 πεπλουτὴκαμεν,
3395 3276 3474 3344 ὡς
3505 3279 3566 3330 ἐν
3609 3275 3789 3330 ἐλπίδι

2203 3369 2398 3441 βεϐαίᾳ
2425 3368 2646 3434 ζῶντες,
2676 3369 2772 3422 καὶ
2800 3367 2924 3439 δόξῃ
2967 3369 3032 3438 τῇ
3067 3368 3146 3430 εἰς
3192 3365 3516 3437 μακραίωνα
3553 3365 3689 3436 βίον,
3721 3367 3788 3422 ἐν

2201 3459 2457 3531 ἁγιασμῷ
2491 3461 2586 3513 καί
2623 3460 2863 3527 ὁσιότητι
2895 3457 3189 3520 πολιτείας.

2269 3551 2380 3605 Kal
2404 3551 2576 3604 ἔσται
2590 3552 2740 3619 μετὰ
2763 3550 2967 3612 ταῦτα,
2994 3549 3090 3602 καὶ
3111 3547 3298 3616 ἐκχεῶ
3324 3547 3444 3602 ἀπὸ
3471 3547 3580 3602 τοῦ
3603 3547 3792 3601 Πνεύ-

2197 3643 2383 3711 ματόευ
2429 3659 2549 3710 μου
2602 3640 2701 3694 ἐπὶ
2736 3640 2945 3694 πᾶσαν
3001 3638 3232 3707 σάρκα,
3296 3638 3394 3691 καί
3445 3639 3793 3706 προφητεύ-

2199 3748 2420 3788 σουσιν
2455 3734 2507 3785 ol
2534 3731 2650 3785 υἱοί
2677 3729 2864 3799 ὑμῶν,
2899 3729 2996 3782 καί
3023 3733 3082 3783 al
3112 3728 3430 3797 θυγατέρες
3456 3727 3647 3797 ὑμῶν.
3675 3728 3793 3788 Kal

2198 3826 2251 3879 οἰ
2300 3823 2689 3891 πρεσϐύτεροι
2740 3819 2907 3890 ὑμῶν
2945 3821 3200 3874 ἐνύπνια
3253 3819 3794 3891 ἐνυπνιασθήσονο

2195 3932 2314 3979 ται,
2345 3915 2444 3970 καί
2471 3917 2527 3967 οι
2557 3912 2866 3968 νεανίσκοι
2898 3910 3066 3980 ὑμῶν
3089 3910 3329 3980 ὁράσεις
3355 3911 3634 3980 ὄψονται.
3667 3913 3792 3966 Καὶ

2195 4025 2263 4077 γε
2287 4007 2386 4061 ἐπὶ
2413 4005 2556 4072 τοὺς
2584 4003 2843 4068 δούλους
2865 4019 3006 4072 μου,
3033 4001 3132 4055 καί
3177 4002 3275 4055 ἐπὶ
3306 4003 3412 4070 τὰς
3447 4001 3680 4069 δούλας
3711 4003 3795 4057 ἐν

2196 4097 2325 4164 ταῖς
2353 4096 2601 4168 ἡμέραις
2637 4093 2894 4162 ἐκείναις
2930 4091 3118 4160 ἐκχεῶ
3141 4092 3260 4147 ἀπὸ
3293 4092 3401 4152 τοῦ
3429 4093 3793 4165 Πνεύματός

2238 4208 2330 4245 Ου.

2190 4209 2391 4333 μοιῖεο.
2445 4277 2575 4330 Ἰδοὺ
2615 4275 2680 4346 δὴ
2717 4275 2906 4345 σαφῶς
2937 4273 3246 4347 χαριεῖσθαι
3277 4273 3794 4343 κατεπαγγέλλεται

2194 4367 2292 4445 τὴν
2331 4366 2422 4420 τοῦ
2463 4367 2617 4435 ἁγίου
2663 4365 2976 4438 Πνεύματος
3023 4367 3203 4438 χάριν,
3251 4364 3553 4428 τουτέστιν,
3602 4364 3793 4440 ἀμφι-

509 4473 621 4520 non
643 4466 704 4514 nt
733 4458 835 4514 sibi
864 4459 1154 4530 prophetas
1180 4475 1345 4515 unum
1367 4471 1463 4517 aut
1488 4462 1740 4528 alterum,
1779 4465 1826 4520 si
1853 4467 1924 4519 ita
1947 4466 2085 4522 ferat

2201 4458 2335 4528 λαφῆ
2365 4457 2464 4528 τὴν
2495 4455 2782 4528 χορηγίαν,
2814 4457 2915 4510 οὐκ
2947 4459 3027 4520 εἰς
3060 4457 3347 4526 προφήτην
3379 4454 3794 4524 ἐξειλεγμένως

508 4565 622 4617 res,
661 4549 900 4621 deligat;
952 4549 1048 4606 sed
1101 4548 1344 4605 absolute
1397 4551 1451 4606 in
1501 4567 1689 4609 omnes
1714 4553 1805 4621 qui
1837 4555 2082 4623 accipere

506 4642 878 4698 merebuntur.
916 4639 971 4695 Id
997 4641 1140 4710 quod
1162 4640 1381 4700 Christo
1428 4643 1686 4705 redivivo,
1719 4651 1777 4698 et
1808 4643 2083 4707 destructo

505 4735 696 4790 mortis
723 4733 970 4804 imperio,
987 4733 1185 4788 factum
1207 4748 1328 4789 esse
1355 4734 1744 4789 confitemur".
1773 4733 1907 4792 Nam
1939 4735 2085 4791 velut

501 4828 574 4881 de
605 4826 817 4894 integro
847 4824 982 4880 adeo
1013 4823 1376 4880 venerandam
1416 4832 1472 4879 et
1529 4823 1898 4878 admirabilem
1961 4841 2083 4897 gra-

502 4920 636 4974 tiam
666 4918 872 4976 sanctis
894 4917 1171 4987 discipulis
1201 4917 1445 4985 imniisit,
1472 4915 1748 4972 insulilans
1783 4928 1837 4972 et
1856 4916 2077 4973 dicens:

503 5031 528 5064 ε
565 5012 808 5082 Accipite
835 5008 1096 5080 Spiritum
1126 5021 1373 5067 sanctum
1404 5010 1471 5064 ’°.
1511 5028 1531 5063 ι
1571 5007 1867 5078 Oportebat
1908 5010 2074 5079 enim,

498 5105 784 5177 oportebat
829 5103 1083 5159 Ecclesia:
1137 5113 1478 5175 mystagogns
1529 5111 1584 5157 et
1635 5103 1785 5158 orbis
1813 5112 2076 5157 terrarum

499 5195 792 5261 magistros
853 5193 1068 5250 futuros
1118 5193 1281 5250 etiam
1336 5203 1462 5250 ante
1507 5193 1641 5253 alios
1669 5194 1812 5249 dono
1842 5192 2076 5262 Spiritus

499 5287 670 5340 sancti
701 5286 1068 5352 cohonestari,
1102 5295 1156 5341 et
1191 5286 1350 5342 veluti
1377 5288 1645 5358 quoddam
1698 5295 2074 5342 ornamentum

500 5391 599 5444 per
625 5377 784 5432 ﬁdem
822 5394 874 5432 In
907 5378 1391 5435 sanctiﬁcationem
1441 5379 1510 5433 ab
1559 5379 1714 5434 initio
1766 5379 1955 5446 factos,
1997 5379 2078 5432 di-

502 5468 629 5521 vina
663 5477 716 5520 ct
749 5467 956 5522 cmlesti
991 5471 1153 5539 227
1191 5471 1365 5539 gratia
1408 5471 1667 5525 inaurari.
1706 5470 1902 5524 Diebus
1950 5483 2077 5523 vero

495 5573 670 5618 sacrae
697 5559 1040 5618 Pentecostes
1063 5564 1401 5633 congregatis
1431 5563 1482 5618 in
1541 5577 1699 5618 unam
1732 5560 1947 5625 domum
1993 5561 2076 5614 «Ιί-

583 5737 626 5784 1‘
653 5735 886 5818 Philipp.
921 5752 980 5803 ll,
1009 5737 1060 5790 ‘7.
1133 5740 1174 5770 ¹⁷
1205 5739 1434 5794 Baruch.
1469 5755 1548 5806 tn,
1591 5741 1678 5795 38.

1783 5743 1825 5774 ³⁸
1864 5742 2019 5800 Rom.
2050 5759 2088 5813 ι,
2120 5743 2212 5799 25.

2186 4551 2280 4604 ἕνα
2317 4548 2499 4619 τυχὸν,
2529 4547 2562 4617 ἢ
2593 4547 2705 4612 δύο,
2733 4546 2832 4600 ἀλλ
2849 4548 2862 4567 ⁹
2885 4549 2964 4609 εἰς
2991 4546 3237 4608 ἅπαντας
3262 4545 3447 4608 ἁπλῶς
3473 4545 3599 4607 τοὺς
3635 4545 3793 4598 ἐλεῖν

2185 4640 2389 4706 ἀξίους.
2443 4641 2507 4692 Ὃ
2549 4639 2610 4710 δή
2662 4656 2842 4708 φαμεν
2888 4639 2983 4692 καὶ
3021 4635 3358 4708 πεπεράνθαι
3394 4635 3793 4707 ἐγηγερμένον

2185 4730 2446 4801 Χριστοῦ,
2474 4732 2568 4785 καὶ
2600 4731 2662 4784 τὸ
2689 4732 2782 4794 τοῦ
2826 4729 3058 4785 θανάτου
3094 4728 3499 4790 καταλύσαντος
3545 4727 3790 4798 κράτος.

2198 4824 2317 4878 Ἀπ’
2348 4823 2522 4894 ἀρχῆς
2551 4823 2660 4894 γὰρ
2689 4823 2878 4892 ὥσπερ
2921 4839 2974 4876 τι
3022 4815 3124 4876 ὦδε
3157 4821 3380 4889 σεπτὴν,
3416 4820 3510 4877 καὶ
3544 4818 3796 4885 ἀξιάγα-

2187 4936 2311 4973 στον
2346 4918 2504 4987 χάριν
2537 4917 2650 4978 τοῖς
2681 4914 2856 4981 ἁγίοις
2907 4911 3135 4972 ἐνετίθει
3184 4912 3475 4983 μαθηταῖς,
3507 4908 3794 4979 ἐμφυσῶν

2185 5029 2244 5065 τε
2271 5011 2364 5064 καὶ
2402 5009 2596 5074 λέγων’
2625 5026 2642 5057 t
2675 5007 2881 5066 Λάϐετε
2911 5004 3137 5074 Πνεῦμα
3169 5004 3347 5072 ἆγιον.
3393 5022 3411 5054 ι
3451 5001 3604 5058 Ἔδει
3636 5001 3790 5072 γὰρ,

2187 5103 2292 5156 ἐδει
2317 5101 2443 5164 τοὺς
2473 5100 2572 5169 τῆς
2615 5097 2940 5166 Ἐκκλησίας
2972 5096 3391 5167 μυσταγωγοὺς,
3430 5091 3650 5161 καὶτῆς
3682 5092 3795 5160 ὑφ’

2177 5197 2328 5268 ἣλιον
2362 5189 2650 5252 παιδευτὰς
2683 5189 2992 5259 ἐσομένους,
3025 5189 3118 5241 καὶ
3149 5188 3253 5258 πρό
3273 5203 3338 5256 γε
3363 5184 3470 5237 τῶν
3498 5181 3681 5238 ἄλλων
3713 5186 3796 5254 τῇ

2179 5285 2272 5341 τοῦ
2303 5285 2457 5354 ἁγίου
2486 5280 2796 5351 Πνεύματος
2823 5281 2966 5333 δόσει
2987 5277 3510 5337 κατακαλλύνεσθαι,
3537 5274 3633 5327 καὶ
3661 5269 3798 5327 οἶόν

2179 5395 2232 5431 τι
2267 5372 2674 5443 κεκοσμημένον
2701 5371 2790 5423 διὰ
2831 5372 3063 5433 πίστεως
3097 5371 3176 5432 εἰς
3219 5367 3492 5437 ἁγιασμὸν
3533 5365 3631 5417 ἀπ’
3667 5365 3800 5434 ἀρ-

2181 5466 2284 5537 χῆς
2318 5464 2626 5533 γεγονότας,
2654 5465 2719 5532 τῇ
2753 5462 2873 5532 θείᾳ
2903 5479 2964 5529 γε
2995 5461 3088 5514 xei.
3127 5460 3364 5530 οὐρανίῳ
3393 5455 3800 5525 καταχρυσοῦ-

2181 5557 2306 5622 σθαι
2337 5557 2535 5627 χάριτι.
2573 5554 2728 5607 Κατὰ
2754 5553 2810 5606 δέ
2838 5570 2900 5622 γε
2933 5553 3031 5616 τὰς
3060 5552 3272 5624 ἡμέρας
3300 5551 3398 5619 τῆς
3431 5547 3598 5615 ἁγίας
3633 5547 3800 5598 [lev-

2307 5745 2349 5776 ¹⁹
2390 5743 2431 5797 ll
2469 5741 2607 5796 Tim.
2657 5731 2692 5807 ι,
2737 5742 2819 5795 ll).
2900 5741 2944 5772 ²⁰
2975 5739 3131 5800 Jnan.
3176 5754 3265 5804 xx,
3299 5736 3388 5792 Ἡ.
