4054 6274
330 397 429 454 377

1199 387 1751 446 COMMENTARIUS
1787 387 1854 445 ΙΝ
1893 387 2158 446 JOELEM
2194 385 2637 445 PROPHETAM.

3471 383 3576 439 378

334 509 587 584 τηκοστῆς
621 506 698 569 είς
739 497 889 559 οἶκον
916 504 1012 560 ἕνα
1048 503 1541 575 συναγηγερμένων
1569 503 1678 557 τῶν
1715 504 1892 574 μαθη-
1921 538 1934 568 Α

2010 504 2241 575 scipulis,
2295 513 2351 560 et
2388 503 2669 560 consuetis
2723 499 3120 568 precationibus
3198 495 3310 551 Deo
3359 495 3572 558 oblatis,

338 603 458 667 τῶν,
485 599 570 653 καὶ
607 597 706 660 τὰς
753 597 1006 666 συνήθεις
1045 594 1164 664 Θεῷ
1210 593 1664 666 προσαγαγόντων
1710 593 1895 661 λιτὰς,

341 695 542 762 γέγονεν
570 690 753 758 ἄμφω,
797 682 932 758 ἦχος
981 687 1218 754 ἐγένετο,
1260 687 1354 739 καὶ
1397 684 1640 754 γλῶσσαι
1691 684 1776 754 ἐφ’
1802 684 1899 738 ἕνα

341 783 552 836 ἕκαστον
581 778 860 842 ἐκάθισαν,
913 794 932 828 t
962 777 1068 830 Καὶ
1107 775 1341 848 ἤρξαντο
1373 775 1553 828 λαλεῖν
1591 777 1650 828 ὲν
1683 776 1899 845 ἑτέραις

342 872 616 943 γλώσσαις,
650 868 832 932 καθὼς
862 867 924 921 τὸ
957 866 1183 937 Πνεῦμα
1211 867 1383 920 ἐδίδου
1412 867 1594 929 αὐτοῖς
1623 865 1901 934 ἀποφθέγ-

340 961 522 1030 γεσθαι
547 957 1012 1026 »Ἀπεφθέγγοντο
1038 955 1095 1009 δὲ
1123 955 1555 1026 προφητεύοντες
1582 955 1748 1026 ήγουν
1778 971 1902 1008 συν-

341 1049 503 1112 ιέντες
529 1064 608 1110 τε,
633 1047 724 1102 καὶ
759 1047 1008 1115 λέγοντες
1032 1045 1102 1098 τὰ
1133 1044 1220 1096 διὰ
1251 1044 1360 1097 τῶν
1394 1043 1564 1112 ἁγίων
1607 1042 1901 1114 προφητῶν

335 1140 391 1193 ὲν
415 1139 487 1209 τῷ
513 1137 729 1208 Χριστῷ
768 1138 1061 1208 μυστήρια,
1089 1136 1185 1189 καὶ
1212 1136 1280 1190 τά
1307 1135 1372 1188 δι’
1399 1128 1475 1189 ὧν
1499 1134 1644 1199 εἰκὸς
1671 1131 1739 1206 ἦν
1767 1135 1902 1206 πρὸς

333 1229 628 1283 εὐπείθειαν
664 1229 900 1298 ἑτοίμως
941 1227 1080 1280 ἰέναι
1117 1226 1623 1297 ἀναπεπεισμένους
1659 1221 1718 1280 εὗ
1760 1227 1902 1297 μάλα

333 1322 450 1384 τοὺς
473 1319 875 1390 ἀκροωμένους,
893 1318 965 1382 ὡς
984 1319 1242 1390 ἐνέστηκε
1267 1318 1452 1372 λοιπὸν
1473 1320 1502 1372 6
1529 1319 1628 1388 τῆς
1657 1318 1902 1384 εὐδοκίας

332 1412 530 1484 καιρὸς,
557 1413 655 1466 καὶ
687 1411 757 1466 τὰ
790 1411 957 1466 πάλαι
989 1409 1410 1484 προηγγελμένα
1439 1410 1533 1462 ἐπὶ
1561 1409 1782 1480 Χριστῷ
1824 1411 1904 1474 είς

334 1500 496 1571 πέρας
552 1495 658 1572 ἧκε
727 1498 934 1552 λοιπόν.
1003 1497 1210 1552 Οὐκοῦν
1267 1498 1660 1569 προεφήτευον,
1715 1497 1904 1568 ἁπάσῃ

334 1591 542 1662 γλώσσῃ
574 1589 886 1654 λαλοῦντες,
914 1589 1001 1643 διὰ
1054 1589 1235 1659 φωνῆς
1279 1588 1452 1657 ἁγίων
1484 1587 1620 1642 Θεοῦ
1660 1604 1901 1658 προανα-

336 1681 632 1752 φωνοῦντος
666 1683 759 1736 καὶ
790 1680 966 1735 τοῦτο.
995 1680 1303 1752 Γέγραπται
1346 1679 1490 1752 γάρ·
1531 1699 1553 1732 s
1593 1681 1682 1734 ’Ev
1724 1682 1904 1751 ἑτερο-

339 1771 626 1840 γλώσσοις,
658 1771 750 1824 καὶ
785 1771 842 1825 ὲν
879 1769 1112 1841 χείλεσιν
1155 1770 1363 1842 ἑτέροις
1408 1769 1626 1840 λαλήσω
1665 1769 1744 1839 τῷ
1789 1768 1904 1838 λαῷ

341 1863 528 1935 τούτῳ,
558 1864 651 1917 καὶ
689 1862 793 1916 οὐδ’
816 1862 987 1925 οὕτως
1015 1861 1419 1931 πεισθήσονται.
1447 1879 1466 1912 ι
1502 1860 1671 1914 Τοῦτό
1702 1877 1784 1913 τοι
1814 1861 1910 1914 καὶ

344 1953 542 2018 Παῦλος
583 1955 778 2022 συνεὶς,
812 1956 892 2017 είς
929 1954 1153 2024 σημεῖον
1188 1951 1463 2014 Ἰουδαίοις
1492 1951 1738 2005 δεδόσθαι
1772 1951 1909 2021 φησὶ

340 2041 434 2113 τὴν
470 2043 894 2112 πολυγλωσσίαν.
923 2041 1047 2096 Ὅτι
1076 2042 1134 2096 δὲ
1176 2041 1550 2104 καταπτάντες
1587 2041 1646 2107 ἐξ
1677 2040 1908 2112 οὐρανοῦ

338 2129 426 2183 τοῦ
457 2130 609 2200 ἁγίου
649 2130 969 2202 Πνεύματος
1002 2130 1189 2184 πολλοὶ
1229 2130 1348 2185 λίαν
1379 2125 1518 2202 ἦσαν
1548 2132 1597 2183 οἱ
1629 2134 1697 2202 τῇ
1727 2131 1911 2200 χάριτι

336 2219 434 2289 τῆς
470 2222 808 2294 προφητείας
843 2221 1296 2291 ἁναμεσούμενοι,
1327 2224 1581 2292 σαφηνιεί
1621 2223 1851 2294 γράφων
1882 2224 1912 2274 6

337 2312 538 2379 Παῦλος
557 2331 572 2346 ο
603 2315 914 2386 «Προφῆται
941 2314 997 2368 δὲ
1013 2314 1104 2368 δύο
1128 2314 1161 2384 ἢ
1183 2317 1330 2386 τρεῖς
1349 2313 1701 2369 λαλείτωσαν,
1717 2312 1900 2368 »Εἶταο

339 2419 357 2453 ι
385 2403 620 2458 Δύνασθε
643 2405 752 2475 γὰρ
779 2405 901 2458 καθ’
925 2405 1020 2458 ἕνα
1047 2405 1243 2469 πάντες
1272 2403 1656 2478 προφητεύειν.
1686 2425 1704 2456 ι
1733 2406 1910 2460 Πάλαι

336 2493 434 2564 μὲν
477 2496 586 2566 γάρ
630 2496 714 2550 διὰ
747 2495 945 2568 πολλὴν
983 2495 1312 2566 δυστροπίαν
1342 2497 1771 2568 προσκρούοντες
1815 2496 1910 2550 τοῦ

344 2583 582 2656 Ἰσραὴλ,
608 2585 815 2654 ἔφασκε
847 2586 976 2650 Θεός
997 2602 1011 2617 °
1050 2604 1069 2638 ι
1109 2587 1241 2640 Ἰδοὺ
1271 2586 1382 2655 ἐγὼ
1411 2587 1568 2659 λιμὸν
1598 2587 1788 2655 ἐπάγω
1817 2587 1910 2640 ἐπὶ

334 2673 436 2739 τὴν
465 2675 570 2744 γῆν
597 2675 690 2728 τοῦ
729 2675 957 2730 ἀκοῦσαι
993 2675 1150 2744 λόγον
1180 2676 1408 2747 Κυρίου,
1446 2679 1543 2730 καὶ
1580 2677 1687 2730 ἀπὸ
1723 2677 1913 2730 ἁνατο-

336 2763 449 2815 λῶν
475 2763 578 2828 ἕως
601 2764 819 2835 δυσμῶν
848 2783 913 2818 πε
922 2766 1307 2837 ριδραμοῦνται
1336 2766 1624 2838 ζητοῦντες
1646 2767 1735 2820 τὸν
1758 2767 1912 2836 λόγον

342 2852 570 2923 Κυρίου,
606 2855 698 2910 καὶ⁵
736 2856 798 2909 οὐ
853 2856 928 2927 μὴ
977 2856 1200 2928 εὕρωσι.
1229 2876 1250 2911 ι
1292 2858 1404 2912 Καὶ
1450 2858 1588 2930 πρὸς
1620 2859 1910 2930 Ἰεζεχιήλ⁸

348 2963 368 2994 ι
395 2945 507 2998 Καὶ
530 2945 630 3014 τὴν
656 2945 905 3014 γλῶσσάν
933 2963 1024 3000 σου
1054 2948 1317 3018 συνδήσω,
1347 2949 1441 3002 καὶ
1470 2949 1912 3022 ἁποκωφωθήσῃ,

336 3034 433 3088 καὶ
474 3035 574 3088 οὐκ
616 3035 715 3107 ἔσῃ
744 3037 927 3100 αὐτοῖς
955 3039 1036 3102 είς
1068 3039 1237 3109 ἄνδρα
1287 3039 1606 3110 ἐλέγχοντα,
1649 3041 1732 3093 ὅτι
1769 3036 1915 3102 οἶκος

333 3127 795 3195 παραπικραίνων
831 3129 966 3182 ἐστί.
993 3147 1012 3180 ι
1055 3128 1272 3200 Ἐπειδὴ
1305 3130 1397 3195 δὲ,
1429 3130 1570 3184 κατὰ
1595 3130 1696 3202 τὴν
1732 3131 1914 3201 φωνὴν

330 3215 427 3269 τοῦ
464 3217 795 3283 Ψάλλοντος,
834 3237 852 3271 ι
883 3220 1014 3283 Θεὸς
1042 3220 1264 3290 Κύριος,
1298 3220 1395 3274 καὶ
1423 3222 1688 3290 ὲπέφανεν
1711 3222 1861 3291 ὑμῖν·
1891 3241 1909 3272 ι

332 3308 598 3376 (ἐπέφανε
626 3309 736 3381 γὰρ
765 3312 897 3380 ἡμῖν
918 3313 946 3364 6
979 3311 1234 3381 Χριστὸς,
1261 3311 1430 3374 ἀνιεὶς
1455 3312 1793 3382 ἐγκλήματα,
1825 3313 1917 3365 καὶ

327 3400 393 3451 τὸ
427 3401 532 3470 τῆς
555 3400 826 3472 ἁμαρτίας
852 3403 1179 3474 ὲμφράττων
1212 3403 1407 3474 στόμα)
1443 3403 1650 3456 δέδοται
1679 3403 1917 3473 λοιπὸνή

330 3491 491 3562 χύσις
535 3490 630 3544 τοῦ
672 3492 829 3560 ἁγίου
869 3491 1204 3564 Πνεῦματος,
1248 3494 1383 3546 Θεοῦ
1427 3493 1920 3564 κατευφραίνοντος

330 3583 430 3653 τὴν
478 3581 592 3634 τῶν
631 3581 932 3652 ἀνθρώπων
978 3583 1162 3651 φύσιν,
1209 3584 1306 3638 καὶ
1348 3586 1414 3655 τῇ
1467 3583 1696 3649 ἄνωθεν,
1732 3584 1826 3637 καὶ
1863 3584 1921 3636 ἐν

330 3673 474 3743 ἀρχῇ
514 3669 904 3740 στεφανοῦντος
941 3672 1088 3743 δόξῃ,
1119 3673 1214 3726 καὶ
1242 3675 1323 3736 είς
1353 3675 1530 3728 ἐκεῖνο
1567 3675 1727 3728 πάλιν
1750 3675 1921 3742 αὐτὴν

333 3760 656 3831 φιλαγάθως
703 3761 1153 3832 ἀνακομίζοντος,
1203 3763 1284 3825 είς
1317 3762 1345 3816 ὃ
1395 3766 1592 3835 προῆν,
1635 3764 1790 3818 οῦεπω
1821 3763 1924 3834 τῆς

329 3852 616 3924 ἁμαρτίας
641 3853 1078 3924 είσκεκριμένης.
1108 3854 1182 3907 Οὐ
1210 3856 1319 3926 γὰρ
1350 3855 1553 3926 ἔρημον
1580 3853 1922 3926 προφητικοῦ

325 3946 660 4016 Πνεῦματος
699 3947 1002 4016 εὑρήσομεν
1050 3945 1142 3999 τὸν
1178 3946 1380 4016 Ἀδάμ,
1424 3948 1576 4000 οὔπω
1626 3948 1724 4017 τὴν
1776 3947 1924 4000 θείαν

319 4038 565 4108 ἐντειλὴν
597 4037 1046 4108 παραϐεϐηκότα·
1080 4038 1364 4106 πεπηγότα
1393 4037 1448 4089 δὲ
1477 4037 1666 4106 ὥσπερ
1695 4037 1796 4102 ἔτι,
1829 4038 1925 4092 καὶ

323 4132 459 4192 τοῖς
482 4129 581 4197 τῆς
610 4127 820 4195 φύσεως
851 4131 1104 4197 χρηστοῖς
1132 4127 1504 4196 ἐμπρέποντα.
1535 4128 1648 4180 Καὶ
1680 4129 1809 4196 γοῦν
1833 4131 1923 4183 ὅτε

322 4221 448 4292 τὴν
486 4219 718 4286 γυναῖκα
751 4218 1200 4288 πλαστουργήσας
1228 4222 1258 4273 6
1288 4218 1420 4282 Θεὸς
1450 4219 1625 4288 ήγαγε
1665 4220 1799 4288 πρὸς
1830 4222 1928 4274 αὑ-

325 4311 460 4372 τὸν,
506 4308 684 4361 καίτοι
718 4309 963 4380 μήποθεν
1009 4309 1249 4373 ἀκούσας
1295 4310 1376 4375 τίς
1415 4329 1475 4364 τε
1519 4312 1640 4383 εῐη,
1685 4313 1776 4366 καὶ
1807 4314 1924 4368 τίνα

1999 603 2288 663 utrumque
2317 593 2587 661 contigit:
2651 590 2870 644 auditus
2911 597 2998 642 est
3049 584 3279 646 sonitus,
3306 591 3361 637 ει
3384 581 3578 652 linguae

1998 683 2226 753 singulis
2251 682 2580 737 insederunt.
2603 699 2622 733 ι
2655 680 2721 734 Ει
2743 687 3023 748 creperum
3044 677 3187 746 loqui
3214 675 3334 728 aliis
3358 672 3575 741 linguis,

1999 782 2158 842 prout
2187 770 2424 840 Spiritus
2453 779 2679 824 sanctus
2725 769 2884 822 dabat
2915 768 3093 837 eloqui
3143 766 3248 820 illis
3276 764 3371 816 ¹⁰·.
3419 781 3439 814 ι
3469 761 3577 816 Lo-

1998 862 2302 930 quebantur
2353 870 2533 913 autem
2599 859 3006 926 prophetautes,
3059 857 3176 910 sive
3237 869 3333 924 per
3360 862 3578 908 sanctos

2000 952 2288 1022 prophetas
2330 950 2396 1005 de
2429 948 2646 1003 Christo
2673 947 3031 1017 praenuntiata
3094 945 3348 1015 mysteria
3381 941 3580 998 intelli—

2000 1054 2186 1115 gentes
2233 1051 2289 1098 et
2333 1042 2734 1111 proloquentes,
2767 1048 2822 1093 et
2863 1051 2927 1092 ea
2980 1051 3078 1107 per
3126 1052 3244 1104 quae
3293 1043 3580 1090 consenta-

2001 1150 2163 1190 neum
2191 1133 2399 1189 eratad
2430 1131 2796 1188 obedientiam
2832 1137 3079 1199 prompte
3121 1127 3311 1180 venire
3355 1126 3580 1178 audien-

2006 1235 2114 1293 tes;
2145 1235 2330 1295 utpote
2385 1237 2671 1293 persuasos
2723 1221 2882 1291 plane
2938 1221 3130 1274 adesse
3193 1217 3306 1284 jam
3368 1227 3580 1286 tempus

2003 1318 2218 1388 gratiae,
2247 1325 2302 1369 et
2328 1315 2457 1370 olim
2487 1313 2557 1370 de
2582 1313 2801 1369 Christo
2828 1310 3374 1382 praedicta,deiuceps
3403 1309 3580 1375 reipsa

2003 1409 2282 1480 compleri.
2339 1407 2744 1476 Prophetabant
2808 1403 2974 1474 igitur
3033 1400 3227 1470 quavis
3284 1398 3462 1467 lingua
3509 1395 3584 1449 lo-

2004 1508 2257 1569 quentes,
2285 1497 2426 1567 quod
2450 1497 2626 1566 ipsum
2651 1507 2864 1564 quoque
2894 1506 2923 1545 a
2967 1491 3078 1546 Deo
3099 1499 3408 1545 sanctorum
3448 1500 3584 1542 voce

2004 1587 2318 1657 pradictum
2360 1585 2559 1640 fuerat.
2591 1582 2863 1652 Scriptum
2921 1590 3008 1637 est
3053 1581 3198 1635 enim
3232 1596 3246 1634 :
3286 1598 3305 1631 ε
3347 1579 3406 1632 in
3461 1577 3583 1632 aliis

2007 1678 2210 1748 linguis
2259 1676 2390 1732 etin
2417 1675 2538 1730 aliis
2571 1672 2730 1727 labiis
2754 1672 2945 1740 loquar
2995 1669 3189 1738 populo
3242 1669 3391 1731 huic,
3420 1674 3474 1721 et
3515 1679 3584 1720 ne

2005 1770 2086 1825 sic
2121 1767 2338 1839 quidem
2368 1769 2590 1822 credent
2619 1765 2688 1818 ἰ.
2722 1781 2742 1815 ι
2783 1761 2893 1816 Ηοε
2923 1769 2978 1816 ει
3020 1759 3216 1814 Paulus
3263 1773 3368 1812 non
3422 1759 3580 1826 igno-

1940 1861 1982 1916 B
2013 1877 2156 1926 rans,
2177 1861 2387 1931 linguas
2410 1861 2464 1913 in
2487 1857 2700 1927 signum
2751 1853 2909 1909 datas
2962 1855 3079 1907 ait:
3130 1849 3247 1905 Non
3316 1849 3582 1910 ﬁdelibus,

2009 1953 2102 2009 sed
2135 1951 2444 2006 inﬁdelibus
2475 1950 2545 2003 ²².
2583 1947 2722 2014 Quia
2753 1961 2884 2000 vero
2919 1953 3200 2014 postquam
3227 1939 3492 1996 devolavit
3517 1939 3585 1994 de

2010 2043 2149 2100 cudo
2174 2042 2410 2112 Spiritus
2461 2048 2704 2105 sanctus,
2745 2037 2897 2091 multi
2957 2035 3242 2088 admodum
3298 2041 3452 2086 erant
3491 2031 3584 2099 qui

2009 2135 2236 2206 gratiam
2287 2134 2582 2204 prophetia:
2629 2131 2684 2185 in
2733 2129 2968 2182 medium
3005 2127 3334 2194 prodeuntes
3366 2136 3588 2191 usurpa-

2013 2234 2152 2291 rent,
2179 2223 2398 2288 Paulus,
2449 2223 2578 2293 quid
2616 2218 2922 2275 faciendum
2983 2217 3074 2281 sit,
3107 2215 3368 2271 declarat.
3395 2233 3414 2264 ‹
3450 2211 3586 2265 Pro-

2010 2317 2187 2386 pheta:
2217 2326 2418 2382 autem,
2446 2334 2464 2366 ι
2496 2315 2690 2384 inquit,
2713 2331 2733 2364 ‹
2758 2313 2861 2368 duo
2881 2319 2975 2365 aut
3013 2320 3122 2362 tres
3147 2307 3435 2377 loquantur
3459 2305 3525 2357 ”.
3561 2322 3584 2357 ι

2011 2407 2078 2462 Ει
2115 2423 2279 2464 mox:
2326 2425 2347 2459 ι
2381 2407 2616 2461 Potestis
2642 2405 2786 2461 enim
2816 2415 3005 2459 omnes
3048 2414 3144 2470 per
3201 2397 3440 2468 singulos
3467 2409 3586 2465 pro-

2011 2501 2234 2572 phetare
2263 2499 2328 2554 ".
2367 2516 2386 2551 ι
2425 2497 2566 2553 Olim
2596 2496 2838 2565 quidem,
2869 2507 2993 2547 cum
3033 2492 3202 2546 multa
3227 2503 3439 2545 morum
3454 2501 3586 2556 per-

2011 2589 2455 2646 versitatelsrael
2517 2589 2682 2642 Deum
2763 2587 3081 2648 offenderet,
3131 2580 3346 2636 dicebat
3401 2579 3586 2632 Deus:

2017 2698 2037 2731 ι
2071 2679 2207 2734 Ecce
2235 2692 2334 2746 ego
2356 2677 2606 2732 inducam
2632 2677 2828 2730 famem
2855 2689 3018 2744 super
3059 2681 3259 2728 terram
3327 2666 3588 2722 audiendi

2014 2769 2236 2826 verbum
2265 2769 2378 2836 Dei,
2407 2778 2464 2824 et
2491 2769 2559 2822 ab
2585 2769 2796 2822 oriente
2821 2780 2992 2835 usque
3014 2764 3070 2819 in
3095 2761 3434 2818 occidentem
3484 2757 3588 2809 cir-

2014 2859 2775 2930 cumcursabunt,qua3rentes
2803 2858 3024 2912 verbum
3081 2853 3312 2917 Domini,
3363 2858 3421 2905 et
3485 2863 3593 2903 non

2015 2954 2292 3010 invenient
2321 2953 2389 3007 ".
2423 2971 2442 3003 ι
2483 2950 2548 3004 Ει
2605 2951 2671 3004 ad
2709 2947 3046 3003 Ezechielem
3083 2964 3097 3000 :
3153 2962 3174 2996 ι
3237 2943 3304 2996 Ει
3354 2941 3594 3010 linguam

2017 3057 2160 3101 tuam
2213 3045 2477 3115 colligabo
2529 3042 2731 3112 gutturi
2771 3048 2884 3102 tuo,
2943 3047 2994 3092 et
3024 3038 3134 3092 eris
3184 3044 3387 3097 mutus,
3411 3038 3464 3086 et
3489 3043 3594 3082 non

2017 3139 2126 3194 eris
2153 3138 2256 3193 illis
2301 3138 2353 3192 in
2403 3136 2577 3189 virum
2611 3133 3020 3203 objurgantem,
3049 3127 3176 3197 quia
3223 3126 3416 3181 domus
3467 3136 3599 3176 exa-

2023 3242 2249 3298 speratis
2269 3236 2352 3282 est
2385 3228 2452 3279 ’⁸.
2500 3244 2520 3278 ι
2551 3224 2656 3280 Sed
2687 3223 2813 3292 quia
2839 3222 2993 3291 juxta
3026 3232 3212 3274 vocem
3269 3213 3593 3270 l’sallentis:

2027 3339 2048 3372 ι
2086 3321 2224 3374 Deus
2261 3318 2540 3382 Dominus,
2567 3325 2620 3371 et
2673 3316 2845 3369 illuxit
2889 3313 3046 3368 nobis
3077 3309 3150 3362 ’τε
3176 3307 3412 3382 ι(ἰΙΙιιχίι
3447 3305 3592 3359 enim

2021 3411 2179 3467 nobis
2211 3410 2455 3466 Christus
2482 3409 2761 3462 remittens
2786 3405 3035 3470 crimina,
3061 3413 3115 3457 et
3162 3417 3224 3456 os
3245 3399 3448 3471 peccati
3496 3397 3598 3452 ob-

2021 3500 2270 3568 turans:)
2291 3501 2491 3556 eﬂusus
2519 3500 2690 3554 est'de
2714 3507 2912 3554 cetero
2947 3495 2999 3548 in
3032 3509 3132 3548 nos
3183 3493 3420 3561 Spiritus
3464 3502 3593 3542 san-

2021 3605 2162 3658 ctus,
2196 3593 2305 3648 Deo
2342 3591 2648 3646 laztilicante
2671 3599 2916 3644 naturam
2941 3590 3251 3648 humanam,
3287 3590 3342 3635 ει
3367 3590 3599 3646 superna

2021 3701 2086 3742 ac
2113 3685 2363 3754 primaeva
2400 3681 2569 3751 gloria
2600 3687 2915 3740 coronante,
2942 3686 2996 3731 et
3045 3675 3112 3726 ad
3159 3672 3287 3724 illud
3324 3671 3501 3722 denuo
3533 3682 3600 3720 ex

2022 3775 2260 3830 bonitate
2310 3787 2405 3826 sua
2470 3770 2781 3830 revehente,
2821 3766 2909 3818 ubi
2964 3775 3089 3816 ante
3147 3761 3341 3821 iuerat,
3379 3766 3601 3826 peccato

2025 3867 2262 3920 nondum
2293 3863 2562 3931 ingresso.
2595 3857 2710 3912 Non
2736 3857 2879 3910 enim
2931 3851 3197 3924 spirituali
3252 3851 3424 3921 gratia
3474 3861 3601 3918 pro-

2025 3954 2218 4025 phetiae
2242 3952 2461 4008 carebat
2492 3952 2662 4004 Adam
2713 3947 3024 4017 priusquam
3079 3942 3315 3997 divinum
3376 3939 3602 3993 manda—

2028 4057 2138 4102 tum
2167 4043 2668 4114 transgrederetur;
2695 4039 2790 4095 sed
2815 4038 2952 4093 ﬁxus
2982 4034 3137 4104 quasi
3161 4048 3226 4088 ac
3257 4030 3471 4087 stabilis
3515 4029 3602 4082 ad-

2028 4141 2131 4194 huc
2165 4138 2435 4199 manebat,
2466 4143 2520 4190 et
2546 4142 2753 4187 naturae
2779 4130 2936 4185 bonis
2954 4135 3216 4196 praestans
3267 4133 3321 4178 et
3346 4119 3598 4188 insignis.

2023 4231 2209 4297 Itaque
2233 4242 2355 4283 cum
2393 4239 2613 4280 uxorem
2639 4239 2669 4277 a
2699 4236 2757 4277 se
2812 4220 3131 4274 fabricatam
3184 4214 3253 4269 ad
3276 4226 3398 4267 eum
3441 4210 3605 4267 addu.

2025 4325 2174 4373 ceret
2207 4313 2602 4381 Deus,tametsi
2637 4326 2742 4366 non
2770 4309 3028 4371 audisset,
3065 4304 3223 4371 unde,
3243 4311 3336 4356 aut
3357 4313 3602 4371 quaenam

326 4400 546 4473 τρὸπον
573 4399 766 4468 ἀνέφυ,
796 4399 957 4464 εὐθὺς
999 4399 1296 4470 ἐπεφώνει·
1346 4421 1364 4454 ι
1396 4401 1565 4456 Τοῦτο
1606 4403 1701 4458 καὶ
1737 4405 1925 4460 ὀστοῦν

2026 4413 2297 4470 esset,aut
2317 4417 2421 4472 qua
2453 4402 2660 4456 ratione
2683 4397 2998 4457 exstitisset,
3025 4392 3208 4448 statim
3246 4387 3600 4444 acclamavit:

329 4493 398 4545 ἐκ
445 4490 555 4543 τῶν
599 4490 771 4544 ὀστῶν
817 4507 941 4560 μου,
983 4492 1078 4546 καὶ
1113 4491 1249 4561 σὰρξ
1295 4494 1358 4546 ὲκ
1400 4495 1498 4564 τῆς
1546 4496 1746 4563 σαρκός
1787 4514 1921 4566 μου⁹

2035 4517 2052 4550 ι
2097 4495 2210 4551 Ηοε
2263 4509 2407 4550 nunc
2459 4507 2519 4547 os
2572 4505 2634 4546 ex
2662 4491 2875 4547 ossibus
2906 4488 3061 4550 meis,
3086 4496 3143 4540 et
3174 4497 3302 4538 caro
3327 4481 3394 4535 de
3442 4492 3607 4534 carne

332 4581 483 4651 αὕτη
530 4581 664 4652 γυνὴ
707 4581 1068 4652 κληθήσεται,
1103 4584 1222 4654 ήτοι
1255 4586 1396 4638 κατὰ
1425 4585 1680 4656 Ἐϐραῖδα
1714 4590 1919 4658 φωνὴν,

2027 4605 2166 4646 mea.
2195 4586 2322 4643 Haec
2359 4584 2551 4641 mulier
2575 4582 2884 4647 vocabitur,
2927 4580 3041 4634 sive
3064 4575 3379 4650 (secundum
3407 4572 3607 4626 idioma

331 4671 575 4740 ἀνδρὶς,
600 4673 681 4725 ὅτι
709 4675 772 4726 ἐκ
797 4672 891 4726 τοῦ
914 4674 1106 4745 ἀνδρὸς
1125 4675 1353 4745 ἐλήφθη.
1369 4693 1388 4726 ι
1421 4677 1556 4730 Ἀλλ’
1581 4680 1790 4748 ήργησε
1825 4681 1925 4749 μὲν

2032 4677 2373 4748 l-lebraicum)
2425 4676 2590 4746 228
2643 4676 2846 4743 virago,
2900 4670 3026 4741 quia
3077 4668 3144 4723 de
3215 4665 3336 4721 viro
3390 4668 3606 4730 sumpta

334 4767 374 4834 ἡ
392 4760 669 4832 ἀνθρώπῳ
687 4763 900 4816 δοθεῖσα
920 4766 1098 4836 χάρις.
1129 4766 1502 4838 Ἀνεκαινίσθη
1521 4769 1578 4822 δὲ
1599 4770 1658 4822 ὲν
1681 4771 1925 4841 Χριστῷ,

2029 4779 2118 4826 εει
2148 4770 2212 4824 ³⁸.
2234 4787 2254 4820 ι
2290 4768 2489 4823 Verum
2516 4768 2688 4823 otiosa
2720 4765 2822 4819 fuit
2850 4763 3025 4834 gratia
3052 4760 3283 4828 desuper
3317 4767 3604 4818 concessa;

336 4855 399 4917 ὃς
450 4852 547 4906 καὶ
589 4851 702 4904 ἐστι
741 4854 990 4926 δεύτερος
1043 4857 1231 4926 Ἀδάμ.
1290 4858 1659 4930 Ἀνεκαινίσθη
1708 4860 1766 4914 δὲ
1807 4860 1932 4914 τίνα

2037 4869 2291 4916 renovata
2349 4865 2434 4913 est
2489 4867 2670 4912 autem
2726 4857 2782 4910 in
2825 4855 3061 4917 Christo,
3093 4852 3185 4920 qui
3231 4857 3287 4902 et
3333 4844 3607 4899 secundus

339 4943 584 5015 τρόπον;
686 4945 789 5012 μὲν
820 4947 927 5016 γάρ
972 4949 1086 5000 ἐστι
1132 4949 1296 5012 Θεὸς,
1344 4950 1437 5003 καὶ
1484 4952 1549 5004 ἐκ
1592 4951 1728 5004 Θεοῦ
1778 4951 1920 5008 κατὰ

2015 4952 2186 5006 Adam
2214 4958 2299 5006 est
2325 4952 2389 5004 ”.
2423 4949 2538 5016 Quo
2565 4957 2744 5003 autem
2769 4945 2928 5000 modo
2971 4939 3270 4999 renovata?
3325 4937 3608 5004 Quatenus

344 5035 515 5105 φύσιν
553 5035 581 5086 ὁ
611 5034 736 5097 Υἱὸς
763 5037 1079 5110 (γεγένηται
1107 5040 1217 5111 γὰρ
1260 5042 1325 5095 ὲκ
1354 5042 1488 5095 Θεοῦ
1528 5043 1623 5096 καὶ
1660 5043 1919 5114 Πατρὸς),

2017 5044 2160 5098 enim
2185 5051 2266 5096 est
2295 5043 2457 5106 Deus,
2484 5050 2542 5095 et
2590 5055 2656 5094 ex
2711 5038 2818 5091 Deo
2857 5034 3154 5092 secundum
3210 5038 3457 5085 naturam
3513 5026 3597 5080 Fi-

345 5124 484 5181 ἴδιον
509 5123 674 5177 αὑτοῦ
705 5142 782 5187 τε,
815 5127 904 5179 καὶ
932 5130 988 5181 ἐν
1015 5130 1183 5200 αὐτῷ,
1215 5137 1308 5184 καὶ
1331 5131 1390 5196 ἐξ
1420 5133 1583 5185 αὐτοῦ
1608 5135 1668 5186 τὸ
1698 5133 1924 5204 Πνεῦμά

2019 5129 2122 5187 lius
2151 5132 2240 5201 (ex
2270 5130 2380 5185 Deo
2408 5131 2550 5185 enim
2581 5139 2635 5185 et
2692 5128 2852 5182 Patre
2901 5137 3060 5180 natus
3087 5122 3192 5191 est)
3223 5120 3472 5190 proprius
3523 5117 3606 5184 ip-

347 5219 488 5270 ἐστι.
521 5215 775 5286 καθάπερ
795 5218 986 5286 ἀμέλει
1012 5224 1104 5275 καὶ
1131 5225 1216 5275 ἐπ’
1245 5226 1407 5278 αὐτοῦ
1435 5227 1637 5278 νοεῖται
1658 5227 1752 5278 τοῦ
1787 5225 1921 5278 Θεοῦ

2020 5223 2152 5286 sius,
2181 5231 2236 5276 et
2270 5223 2322 5275 in
2349 5221 2487 5290 ipso,
2512 5230 2562 5275 ct
2590 5236 2655 5274 ex
2693 5220 2808 5288 ipso
2867 5216 3101 5286 Spiritus
3126 5222 3226 5276 est,
3260 5209 3607 5279 quemadmo.

349 5307 443 5358 καὶ
470 5307 701 5378 Πατρός.
729 5302 804 5378 ’ᾞ
827 5309 881 5360 δὲ
905 5309 1120 5376 γέγονεν
1141 5313 1445 5383 ἄνθρωπος,
1471 5315 1564 5366 καὶ
1587 5315 1775 5381 γέγονε
1802 5315 1924 5368 καθ’

2030 5313 2155 5365 dum
2186 5325 2375 5380 nempe
2405 5311 2543 5364 idem
2585 5310 2837 5377 Spiritus,
2891 5315 2946 5359 et
2996 5305 3048 5356 in
3112 5303 3226 5370 ipso
3255 5301 3362 5356 Deo
3413 5315 3475 5353 ac
3503 5297 3609 5351 Pa—

352 5398 532 5466 ἡμᾶς,
579 5399 813 5451 ἐπακτὸν
846 5399 989 5469 ἔχειν
1020 5402 1080 5454 τὸ
1113 5404 1335 5473 Πνεῦμα
1378 5405 1617 5471 λέγεται.
1667 5405 1924 5457 Καταπε-

2035 5412 2114 5455 tre
2145 5401 2478 5468 intelligitur.
2510 5400 2785 5466 Quatenus
2833 5406 3012 5448 autem
3073 5394 3245 5447 factus
3289 5401 3372 5446 est
3419 5390 3606 5448 homo,

353 5486 576 5556 φοίτηκε
609 5489 740 5556 γοῦν
774 5489 859 5548 ἐπ’
883 5489 1043 5544 αὑτὸν
1070 5491 1127 5544 ὲν
1156 5491 1286 5546 εῖδει
1321 5490 1670 5559 περιστερᾶς,
1695 5490 1777 5542 ὅτι
1804 5488 1925 5544 καθ’

2033 5490 2186 5546 nobis
2219 5489 2433 5556 similis,
2469 5488 2800 5556 impertitum
2832 5485 3032 5539 habere
3064 5481 3326 5553 Spiritum
3385 5478 3606 5534 dicitur.

428 5683 498 5713 ²⁰⁶
529 5683 646 5736 Act.
687 5698 746 5745 ιι,
772 5683 824 5734 2.
856 5683 909 5737 4.
1015 5685 1058 5715 ’ί
1100 5683 1204 5736 lsa.
1240 5698 1426 5749 xxvm,
1472 5684 1556 5736 il.

683 5683 909 5765 μβ·λέ-
1015 5685 1058 5715 "
1089 5683 1204 5765 L713.
1240 5684 1556 5765 πεξνξμηιι.
1648 5685 2167 5765 "j_Cor.x1v,2‘2.
2250 5683 2616 5765 ἐιυῑιιη-εῖ.
2693 5681 3074 5746 “lbiti.,’51.

363 5752 448 5821 il,
491 5751 572 5806 1‘2.
649 5753 694 5784 '°
725 5754 923 5806 Ezech.
968 5767 1048 5816 ιιι,
1089 5753 1180 5806 ‘26.

1257 5754 1300 5783 ’⁷
1339 5754 1482 5808 Ρείιί.
1523 5769 1683 5820 cxvu,
1713 5757 1801 5810 9.7.
1880 5759 1923 5788 ³⁸
1964 5759 2098 5817 Ceu.
2141 5772 2200 5822 ιι,
2235 5757 2324 5808 25.
2406 5753 2448 5783 ²⁹
2487 5753 2503 5804 l
2541 5752 2663 5808 Cor.
2710 5767 2798 5823 xv,
2843 5752 2930 5806 45.

3167 5682 3212 5715 ³⁵
3251 5679 3438 5741 Αιιιοε,
3483 5679 3609 5730 “ut.
