4054 6274
457 333 561 392 579

1486 340 1545 397 S.
1585 341 1863 398 (ΣΥΜΠδί
1902 344 2372 402 ALEXANDRINI
2414 346 2734 405 ARCHIEP.

3613 360 3718 414 580

460 451 746 508 Descendit
769 456 949 524 itaque
969 469 1131 524 super
1155 454 1330 526 ipsum
1365 457 1419 512 in
1449 459 1631 527 specie
1676 460 1940 518 columba:
1957 464 2027 533 “,

2146 467 2160 535 ᾗ
2171 467 2277 536 μᾶς
2310 466 2570 535 γεγονὼς,
2599 467 2674 531 ὡς
2711 463 2792 532 εἷς
2823 467 2880 534 ἐξ
2915 469 3072 539 ἡμῶν
3100 472 3457 545 οἰκονομικῶς
3491 474 3715 528 ἐϐαπτί-

461 544 720 608 quoniam
752 556 933 601 nostra
963 547 1275 602 conditione
1305 560 1574 620 suscepta,
1611 561 1864 622 tanquam
1893 569 2033 609 unus

461 631 530 686 de
555 635 730 698 nobis,
760 645 814 689 et
862 637 1218 706 οἰκονομικῶς
1273 641 1573 709 baptizatus
1621 653 1725 699 est.
1779 645 1931 700 Tunc
1978 655 2035 702 et

458 727 711 793 proprius
737 725 852 793 ejus
887 727 1124 794 Spiritus
1159 731 1263 799 ipsi
1315 735 1548 802 desuper
1600 736 1758 791 datus
1815 736 2031 804 dicitur,

457 827 674 885 pr0pter
700 827 947 872 naturam
991 820 1287 878 humanam
1346 824 1616 880 videlicet.
1645 826 1715 880 Et
1769 829 1886 882 haec
1949 837 2034 885 est
2081 849 2089 858 -

455 907 772 963 exinanitio.

526 996 638 1062 Sic,
675 1015 773 1054 nec
799 1001 958 1056 aliter
987 1003 1207 1075 intelligi
1235 1006 1392 1061 debet
1424 1021 1440 1060 :
1474 1026 1493 1058 ι
1526 1007 1752 1078 Propter
1783 1025 1880 1066 nos
1909 1025 2036 1080 ege-

456 1104 560 1144 nus
589 1089 780 1152 factus,
819 1108 940 1148 cum
993 1105 1137 1150 esset
1201 1096 1372 1161 dives,
1416 1107 1474 1151 ut
1527 1115 1626 1153 nos
1675 1099 1791 1166 ejus
1851 1101 2033 1170 inopia

458 1179 656 1236 divites
685 1183 937 1239 lieremus
973 1185 1040 1238 “.
1071 1205 1090 1237 ι
1129 1185 1291 1241 Datus
1319 1197 1401 1241 est
1429 1191 1574 1242 enim
1605 1190 1842 1257 Spiritus
1898 1191 2034 1244 Ada-

459 1286 568 1336 mo,
594 1273 803 1339 utdixi,
865 1275 916 1329 in
972 1276 1258 1345 principio,
1313 1278 1406 1330 sed
1461 1296 1564 1333 non
1605 1281 2035 1335 mansitnatum

459 1359 748 1428 humanas;
787 1367 1215 1434 quandoquidem
1247 1368 1536 1421 declinavit
1569 1370 1620 1422 in
1675 1369 1951 1434 delictum,
1979 1376 2035 1424 et

460 1453 710 1518 prolapsa
739 1457 897 1509 estin
925 1466 1226 1523 peccatum.
1277 1457 1566 1528 Postquam
1623 1469 1801 1514 autem
1860 1460 2035 1516 factus

459 1555 542 1598 est
567 1561 785 1615 pauper,
817 1549 906 1618 qui
940 1560 1057 1604 erat
1078 1551 1248 1617 dives,
1294 1551 1637 1622 Unigenitus,
1688 1555 1931 1624 inquam,
1981 1564 2036 1610 et

459 1634 742 1688 nobiscum
789 1646 844 1690 ut
903 1638 1064 1693 homo
1116 1655 1237 1697 esse
1293 1643 1481 1712 cmpit,
1510 1653 1566 1698 et
1622 1647 1898 1714 proprium
1930 1645 2034 1700 sibi

463 1721 746 1793 Spiritum,
799 1737 858 1782 ut
901 1732 1252 1786 adventitium
1307 1735 1539 1802 accepit,
1624 1737 1824 1790 mansit
1874 1751 2036 1803 super

2139 557 2280 621 ζετο,
2324 559 2445 612 τότε
2500 559 2592 611 καὶ
2633 559 2695 612 τὸ
2733 559 2860 613 ἴδιον
2903 561 3068 616 αὐτοῦ
3104 564 3328 636 Πνεῦμα
3371 564 3523 620 δοτδν
3567 565 3714 638 αὐτῷ

2138 652 2343 705 ἄνωθεν
2385 652 2636 720 γενέσθαι
2685 652 2930 721 λέγεται,
2971 654 3062 710 διὰ
3111 656 3174 710 τὸ
3204 657 3562 728 ἀνθρώπινον.
3605 659 3714 713 Καὶ

2137 743 2295 797 τοῦτό
2317 747 2464 798 ἐστιν
2487 745 2520 814 ἡ
2551 744 2795 808 κένωσις.

2209 1004 2397 1058 Νοοττο
2431 1003 2475 1056 δ’
2514 1004 2582 1058 ἂν
2622 1004 2783 1065 οῦτω.
2831 1007 2926 1059 καὶ
2969 1008 3067 1076 οὐχ
3103 1008 3341 1079 ἑτέρως,
3389 1028 3409 1060 ι
3439 1009 3519 1064 Δι’
3569 1013 3714 1082 ἡμᾶς

2142 1095 2450 1166 πτωχεῦσαι
2489 1095 2741 1161 πλούσιος
2771 1097 2866 1157 ὣν.
2897 1098 2963 1151 ἵν’
2985 1102 3148 1170 ἡμεῖς
3177 1103 3243 1171 τῇ
3277 1101 3444 1154 αὑτοῦ
3476 1105 3718 1174 πτωχείᾳ

2140 1185 2546 1254 πλουτήσωμεν.
2572 1204 2592 1238 ι
2619 1187 2836 1241 Δέδοται
2866 1187 2964 1257 μὲν
2985 1190 3113 1260 γὰρ,
3139 1190 3213 1252 ὡς
3235 1189 3396 1260 ἔφην,
3415 1191 3475 1244 τὸ
3497 1193 3716 1263 Πνεῦμα

2139 1275 2217 1345 τῷ
2263 1274 2432 1345 Ἀδὰμ
2457 1275 2514 1328 ἐν
2543 1277 2706 1346 ἀρχῇ,
2739 1277 2876 1348 πλὴν
2895 1279 2956 1331 οὐ
2987 1279 3298 1350 μεμένηκεν
3322 1283 3389 1350 τῇ
3429 1279 3715 1351 ἀνθρώπου

2141 1365 2321 1435 φύσει.
2346 1366 2664 1420 Διανένευκε
2689 1367 2798 1438 γὰρ
2851 1370 2934 1433 εις
2964 1371 3026 1422 τὸ
3074 1370 3415 1440 πλημμελὲς,
3449 1373 3538 1424 καὶ
3575 1389 3713 1443 παρ-

2139 1454 2366 1508 ώλισθεν
2385 1458 2466 1518 είς
2483 1456 2775 1527 ἁμαρτίαν.
2795 1457 3011 1528 Ἐπειδὴ
3037 1458 3093 1511 δὲ
3105 1455 3435 1529 ὶπτὼχευσε
3465 1459 3711 1522 πλούσιος

2140 1545 2215 1600 ὢν
2255 1547 2286 1599 ὁ
2320 1548 2653 1618 Μονογενὴς,
2705 1549 2800 1602 καὶ
2853 1548 2972 1619 μεθ’
3020 1550 3053 1618 ἡ
3065 1548 3180 1618 μῶν
3222 1548 3298 1613 ὡς
3335 1549 3618 1621 ἄνθρωπος
3654 1551 3712 1602 τδ

2143 1636 2271 1690 ἴδιον
2310 1639 2385 1699 ὡς
2433 1637 2671 1690 ἐπακτὸν
2717 1638 2934 1704 ἐδέξατο
2974 1636 3235 1708 Πνεῦμα,
3287 1639 3597 1710 μεμένηκεν
3634 1641 3717 1693 ἐπ’

2141 1729 2322 1783 αὐτόν’
2359 1729 2462 1798 ἔφη
2493 1729 2600 1799 γὰρ
2636 1728 2809 1792 οὕτως
2846 1731 3102 1800 Ἰωάννης
3127 1731 3156 1783 ὁ
3185 1729 3603 1802 εὐαγγελιστὴς,
3635 1730 3720 1784 ἶνα

462 1831 586 1870 eum
621 1817 687 1882 ³³,
717 1829 773 1871 ut
801 1819 1036 1876 Joannes
1067 1824 1394 1893 evangelista
1422 1827 1632 1892 scribit,
1685 1836 1743 1880 ut
1799 1828 1851 1880 in
1880 1827 2036 1881 nobis

2146 1819 2233 1871 καὶ
2262 1820 2318 1870 ὲν
2353 1819 2484 1888 ἡμῖν
2518 1821 2818 1890 κατοικήσῃ
2845 1819 3054 1884 λοιπὸν,
3081 1822 3156 1885 ὡς
3189 1822 3288 1892 ἢδη
3324 1821 3642 1892 μεμενηκὺς
3665 1821 3717 1874 ὲν

462 1920 681 1975 quoque
712 1911 763 1961 in
790 1919 1066 1978 posterum
1106 1912 1343 1977 habitet;
1371 1915 1587 1981 quando
1617 1914 1729 1982 jam
1759 1915 1955 1967 mansit
1982 1914 2034 1967 in

462 1998 675 2063 generis
700 1999 866 2053 nostri
905 2001 1158 2068 primitiis
1191 2005 1464 2068 secundis,
1501 2005 1550 2058 id
1581 2013 1688 2070 est,
1717 2005 1770 2058 in
1801 2005 2037 2061 Christo.

462 2086 543 2142 0b
567 2088 667 2142 huc
688 2090 883 2158 quippe
908 2093 1177 2146 secundus
1203 2094 1373 2147 Adam
1401 2097 1807 2165 cognominatus
1829 2106 1930 2152 est.
1965 2097 2042 2152 ld-

461 2179 611 2232 circo
638 2179 705 2231 ad
728 2180 1224 2248 incomparabiliter
1271 2184 1490 2238 meliora
1549 2187 1614 2239 de
1667 2187 1879 2252 integro
1935 2187 2040 2241 for-

463 2283 698 2335 mamur,
723 2279 779 2324 et
805 2273 1268 2339 regenerationem
1301 2289 1396 2342 per
1420 2273 1682 2344 Spiritum
1715 2277 1856 2331 felici
1888 2278 2041 2334 lucro

463 2363 839 2430 adipiscimur,
873 2379 975 2417 non
1007 2365 1235 2434 amplius
1267 2367 1496 2434 primam
1535 2369 1816 2434 habentes,
1859 2385 2045 2425 secun-

464 2453 591 2504 dum
641 2467 884 2517 carnem,
949 2455 1192 2522 inquam,
1240 2471 1360 2523 quae
1413 2469 1630 2525 peccato
1685 2468 1742 2513 et
1801 2460 2043 2513 interitui

465 2541 699 2596 obnoxia
765 2553 849 2598 est
920 2543 1257 2612 (Prudentia
1305 2548 1448 2600 enim
1504 2550 1686 2603 carnis
1743 2566 1888 2604 mors
1915 2551 1979 2616 ³³,

465 2641 658 2687 natura
704 2635 847 2704 sua),
873 2636 966 2690 sed
1019 2651 1141 2705 qua:
1177 2652 1408 2704 superna
1436 2645 1538 2703 est,
1568 2640 1880 2703 secundam,
1920 2655 2043 2710 qua:

464 2739 563 2793 per
602 2725 850 2793 spiritum
904 2742 968 2780 ex
1031 2728 1142 2782 Deo
1197 2738 1314 2789 est;
1377 2729 1646 2800 siquidem
1687 2745 1872 2785 verum
1909 2742 2040 2786 est:

469 2834 490 2867 ι
523 2815 624 2882 Qui
656 2832 762 2870 non
798 2832 862 2872 ex
891 2819 1266 2887 sanguinibus,
1297 2834 1396 2873 nec
1429 2835 1494 2874 ex
1532 2820 1808 2876 volunla1e
1835 2825 2040 2887 carnis,

465 2906 560 2960 sed
583 2919 648 2960 ex
671 2905 780 2958 Deo
807 2907 916 2960 nati
948 2909 1152 2962 sunt".
1193 2927 1213 2959 ι
1245 2907 1539 2976 Oportebat
1601 2909 1763 2975 igitur
1819 2911 1871 2964 in
1921 2912 2044 2967 [iliis

465 2995 560 3048 Dei
597 3007 910 3050 numeratos
965 2996 1203 3064 Spiritus
1269 2999 1442 3051 sancti
1499 3000 1674 3066 gratia
1703 2999 2040 3070 locupletari.

2136 1913 2202 1982 τῇ
2247 1909 2337 1962 τοῦ
2383 1911 2570 1978 γένους
2613 1913 2834 1982 ἀπαρχῇ
2874 1913 3127 1985 δευτέρᾳ,
3167 1914 3416 1967 τουτέστι
3464 1914 3716 1984 Χριστῷ·

2137 2000 2555 2069 κατωνόμασται
2593 2003 2703 2071 γὰρ
2733 2002 2821 2055 διὰ
2865 2000 3024 2054 τοῦτο
3083 2003 3178 2055 καὶ
3242 2001 3497 2073 δεύτερος
3521 2001 3717 2071 Ἀδάμ.

2138 2088 2228 2141 Διὸ
2271 2089 2406 2161 πρὸς
2449 2089 2510 2141 τὸ
2550 2089 2772 2158 ἄμεινον
2815 2089 3161 2160 ἀσυγκρίτως
3193 2089 3718 2160 ἀναστοιχειὼμεθα,

2139 2181 2234 2232 καὶ
2279 2181 2377 2249 τὴν
2419 2181 2507 2233 διὰ
2553 2179 2646 2234 τοῦ
2700 2180 3018 2250 Πνεῦματος
3068 2181 3428 2250 ἁναγέννησιν
3463 2176 3524 2233 εὖ
3572 2179 3723 2250 μάλα

2140 2270 2515 2340 κερδαίνομεν,
2541 2272 2639 2323 οὐκ
2677 2270 2756 2323 ἔτι
2783 2270 2881 2341 τὴν
2917 2270 3140 2342 πρώτην
3177 2270 3410 2342 ἔχοντες,
3439 2271 3541 2339 τὴν
3569 2270 3717 2323 κατά

2141 2364 2348 2433 σάρκα,
2380 2362 2558 2432 φημὶ,
2596 2365 2694 2432 τὴν
2726 2365 2807 2426 είς
2844 2362 3049 2433 φθοράν
3090 2381 3171 2428 τε,
3216 2364 3310 2416 καὶ
3337 2363 3607 2433 ἁμαρτίαν
3637 2361 3720 2431 (τὸ

2141 2456 2248 2527 γὰρ
2279 2455 2529 2525 φρόνημα
2555 2455 2654 2524 τῆς
2691 2454 2892 2525 σαρκὸς
2929 2455 3191 2520 θάνατος,
3223 2453 3367 2507 κατά
3402 2454 3462 2506 τὸ
3499 2452 3716 2521 γένος),

2141 2547 2278 2600 ἀλλὰ
2324 2546 2422 2617 τὴν
2463 2545 2668 2598 ἀνωθεν
2699 2545 2982 2615 δευτέραν,
3016 2546 3115 2614 τὴν
3154 2548 3218 2598 ὲκ
3248 2545 3384 2598 Θεοῦ
3417 2545 3506 2598 διὰ
3552 2544 3720 2598 Πνεῦ-

2145 2653 2332 2706 ματος,
2361 2638 2518 2706 ετπερ
2540 2637 2689 2689 ἐστὶν
2710 2636 2928 2707 ἀληθὲς,
2963 2654 2981 2687 ι
3010 2637 3074 2689 Οἳ
3102 2637 3201 2688 οὐκ
3221 2635 3280 2702 ἐξ
3306 2635 3578 2704 αἱμάτων,
3606 2634 3724 2688 οὐδὲ

2142 2731 2205 2781 ὲκ
2234 2728 2538 2798 θελήματος
2579 2729 2778 2798 σαρκὸς
2798 2769 2812 2791 ,
2856 2729 2971 2781 ἀλλ’
3016 2730 3080 2782 ὲκ
3108 2729 3242 2782 Θεοῦ
3276 2727 3668 2797 ἐγεννήθησαν.
3701 2747 3719 2778 ι

2145 2821 2292 2874 Ἔδει
2323 2817 2416 2873 οὖν
2445 2820 2569 2882 τοὺς
2601 2823 2658 2872 ὲν
2691 2821 2900 2882 τέκνοις
2926 2820 3060 2873 Θεοῦ
3094 2819 3461 2890 τεταγμένους
3498 2820 3601 2890 τὴν
3633 2817 3726 2873 τοῦ

2142 2910 2298 2976 ἁγίου
2339 2909 2653 2977 Πνεῦματος
2702 2909 3144 2980 καταπλουτῆσαι
3189 2909 3372 2979 χάριν.
3422 2909 3726 2979 Ἐνήργησε

2143 3001 2198 3053 δὲ
2241 3001 2337 3054 καὶ
2381 2999 2542 3053 τοῦτο
2574 3000 2806 3070 Χριστὸς
2851 3003 2932 3064 είς
2980 3002 3148 3070 ἡμᾶς,
3185 3001 3278 3053 καὶ
3309 3000 3486 3068 λέγων
3520 2999 3726 3052 πιστώ-

467 3088 733 3152 Operatus
765 3094 849 3138 est
886 3095 1068 3142 autem
1100 3097 1150 3140 et
1191 3089 1292 3142 hoc
1337 3087 1391 3140 in
1457 3088 1611 3142 nobis
1633 3089 1899 3158 Christus,
1956 3094 2041 3146 cui

2147 3108 2296 3144 σεται
2329 3091 2531 3160 Πέτρος
2558 3107 2571 3120 ο
2610 3110 2628 3141 ‹
2658 3091 2736 3161 Τῇ
2769 3091 2920 3161 δεξιᾷ
2947 3088 3039 3144 οὖν
3077 3091 3172 3144 τοῦ
3203 3091 3418 3163 Πατρὸς
3468 3091 3724 3160 ὑψωθεὶς,

468 3175 628 3228 ﬁdem
662 3174 820 3229 faciet
847 3174 1043 3231 Petrus
1075 3193 1089 3230 ι
1126 3195 1146 3228 ι
1182 3177 1410 3231 Dextera
1447 3179 1610 3247 igitur
1633 3179 1813 3235 Patris
1838 3183 2043 3237 exalta-

2147 3179 2247 3248 τήν
2277 3195 2336 3230 τε
2371 3178 2703 3245 ἐπαγγελίαν
2732 3177 2825 3229 τοῦ
2863 3179 3178 3248 Πνεύματος
3218 3161 3335 3232 τοῦ.
3360 3178 3519 3246 ἁγίου
3552 3177 3730 3232 λαϐὼν

473 3273 613 3329 tus,»
641 3264 836 3332 inquit,
868 3282 888 3314 ι
919 3268 1345 3332 etpromissione
1367 3267 1604 3337 Spiritus
1629 3272 1799 3326 sancti
1828 3283 2046 3342 accepta

468 3369 500 3408 a
532 3354 711 3418 Patre,
742 3353 932 3409 effudit
980 3357 1143 3418 hunc,
1175 3374 1334 3427 quem
1367 3375 1461 3415 vos
1527 3361 1726 3416 videtis
1773 3371 1827 3416 et
1890 3363 2046 3416 audi-

471 3445 541 3498 tis
568 3445 634 3500 ³⁸.
674 3462 693 3496 ι
719 3445 940 3514 Accepit
967 3449 1181 3514 quidem
1218 3465 1244 3502 a
1283 3449 1442 3504 Patre
1472 3450 1756 3520 Spiritum,
1794 3453 1885 3520 qui
1909 3452 2048 3508 inest

469 3537 549 3591 illi
579 3537 927 3593 naturaliter:
964 3557 983 3590 ι
1016 3539 1214 3595 Ell‘udit
1245 3550 1426 3596 autem
1449 3543 1502 3597 in
1539 3558 1638 3598 nos
1667 3544 1880 3599 abunde
1911 3544 1976 3609 ³⁸,
2025 3563 2044 3597 ι

470 3629 595 3698 quia
622 3630 760 3684 Deus
798 3631 1093 3684 secundum
1133 3642 1378 3686 naturam
1432 3642 1534 3699 est,
1577 3641 1632 3687 et
1683 3649 1812 3689 caro
1877 3635 2052 3690 factus

471 3731 574 3776 est.
611 3720 808 3775 Eﬂ'udit
835 3736 996 3790 porro
1013 3735 1178 3790 super
1205 3737 1418 3777 omnem
1441 3738 1657 3778 carnem
1682 3741 1698 3790 ;
1731 3726 1915 3794 utique
1948 3741 2052 3782 non

473 3814 644 3868 solum
691 3827 854 3881 super
881 3828 975 3867 eos
1009 3814 1099 3882 qui
1125 3830 1193 3868 ex
1238 3817 1652 3870 circumcisione
1678 3819 2050 3883 crediderunt,

471 3906 569 3959 sed
600 3920 763 3972 super
787 3919 978 3959 omnes
1012 3906 1330 3974 simpliciter
1351 3922 1448 3975 per
1475 3907 1632 3962 ﬁdem
1678 3918 1924 3974 vocatos,
1957 3923 2050 3963 seu

473 4010 692 4063 parvos,
725 4010 817 4050 seu
843 4011 1088 4066 magnos,
1122 4012 1312 4051 servos
1335 4008 1390 4052 et
1421 3997 1643 4060 liberos,
1697 3999 1962 4053 barbaros
1995 4009 2052 4053 et

472 4088 730 4156 Scythas.
767 4087 1048 4158 Proposita
1077 4098 1162 4144 est
1191 4090 1336 4143 enim
1365 4091 1534 4160 gratia
1566 4091 1759 4146 salutis
1793 4091 1846 4146 in
1889 4091 2053 4146 Chri-

475 4187 560 4232 sto
583 4179 748 4248 229
798 4181 1114 4235 mortalibus
1157 4181 1450 4245 universis,
1483 4184 1574 4250 qui
1635 4201 1653 4234 ι
1708 4193 1763 4238 et
1809 4185 1924 4252 ipse
1971 4192 2056 4238 est

476 4271 814 4336 exspectatio
859 4273 1103 4339 gentium
1131 4274 1196 4325 ³⁷.
1244 4274 1444 4340 )Quod
1499 4275 1547 4328 si
1601 4277 1818 4344 quidam
1872 4277 2055 4346 lingua

471 4361 779 4428 petulantes
831 4371 885 4414 et
920 4362 1214 4418 delirantes
1265 4364 1448 4416 dicant
1501 4379 1719 4419 carnem
1755 4366 1858 4420 dici
1891 4367 2054 4420 etiam

469 4451 734 4520 jumeuta,
765 4449 987 4503 audiant
1021 4451 1293 4518 prephetm
1325 4451 1486 4520 hujus
1509 4467 1729 4522 scopmn
1790 4459 1856 4506 ad
1887 4469 2056 4522 genus

475 4545 737 4595 dtlomxat
764 4543 1056 4595 humanum
1086 4542 1356 4608 pertinere
1383 4558 1397 4594 :
1429 4562 1448 4594 ι
1485 4543 1593 4597 Nec
1628 4545 1693 4598 de
1727 4545 1898 4597 bobus
1927 4559 2055 4598 cura

471 4640 558 4686 est
579 4633 689 4686 Deo
717 4632 783 4697 ³⁸,
823 4651 840 4684 ι
866 4633 1006 4698 quod
1035 4633 1250 4700 sapiens
1291 4633 1495 4689 Paulus
1557 4637 1655 4688 ait.
1707 4634 2058 4703 PrOphetatu-

475 4739 569 4780 ros
600 4734 781 4780 autem
817 4724 948 4778 dicit
982 4724 1120 4780 ﬁlios
1163 4735 1218 4780 et
1260 4727 1419 4788 ﬁlias,
1449 4728 1636 4795 gratiae
1669 4727 2054 4798 plenitudinem

474 4815 530 4869 in
561 4815 681 4880 hoc,
705 4825 760 4869 et
792 4815 1032 4868 omnium
1071 4815 1122 4868 in
1161 4830 1226 4870 eo
1268 4816 1624 4886 aequalitatem
1687 4817 2052 4873 subindicans.

474 4907 586 4962 Nec
609 4907 752 4961 enim
788 4917 1108 4975 aspernatur
1137 4907 1278 4962 Deus
1303 4906 1560 4961 muliebre
1590 4922 1783 4976 genus,
1816 4909 1883 4973 si,
1927 4923 2049 4978 qua:

473 4998 576 5067 ipsi
611 4999 847 5068 placent,
880 5007 1126 5067 prompte
1154 4998 1534 5069 praestiteritet
1565 5014 1754 5068 sapere
1798 4999 2048 5056 voluerit.

477 5089 590 5146 Nec
652 5093 1125 5154 irremuneratnm,
1181 5099 1276 5144 aut
1325 5090 1774 5146 sanctiﬁcationis
1856 5107 2051 5163 expers

477 5185 603 5247 erit,
642 5185 688 5238 si
722 5200 819 5253 per
848 5184 1007 5238 fidem
1030 5193 1082 5239 et
1109 5199 1332 5252 operum
1369 5184 1666 5238 bonitatem
1700 5185 1946 5241 alicunde
1974 5187 2056 5240 in-

479 5274 755 5329 claruerit.
800 5275 932 5330 Nam
968 5287 1023 5330 et
1069 5278 1242 5344 ipsum
1287 5275 1460 5344 gratia
1495 5286 1549 5329 et
1587 5277 1931 5332 miseratione
1977 5278 2059 5330 di-

479 5375 698 5435 gnatum
719 5379 819 5430 est,
841 5379 892 5424 et
921 5369 1115 5439 pignus
1147 5370 1383 5437 Spiritus
1414 5385 1441 5422 a
1472 5369 1580 5424 Deo
1599 5369 1887 5440 accepit,et
1918 5369 1967 5422 in
1995 5367 2056 5421 ii-

481 5455 569 5509 liis
598 5454 666 5509 ab
693 5473 756 5510 eo
784 5469 1078 5525 reputatur.
1115 5461 1370 5516 Seniores
1396 5462 1606 5515 somnia
1666 5462 2053 5524 sonmiaturos,

2148 3271 2301 3341 παρά
2339 3271 2432 3324 τοῦ
2467 3271 2711 3340 Πατρὸς,
2750 3269 2932 3339 ἐξέχεε
2985 3269 3145 3322 τοῦτο
3190 3269 3219 3321 ὃ
3265 3269 3424 3338 ὑμεῖς
3475 3270 3725 3340 βλέπετε,

2151 3364 2242 3414 καὶ
2271 3363 2518 3415 ἀκούετε.
2546 3381 2564 3413 ι
2595 3363 2816 3431 Δέχεται
2850 3361 2947 3429 μὲν
2992 3359 3101 3430 γὰρ
3131 3360 3206 3423 ὡς
3247 3360 3535 3431 ἄνθρωπος
3578 3361 3726 3432 παρὰ

2149 3451 2242 3504 τοῦ
2271 3453 2480 3522 Πατρδς
2505 3453 2564 3504 τὸ
2592 3452 2709 3504 ὲνὸν
2739 3449 2888 3519 αὐτῷ
2917 3450 3159 3518 φυσικῶς
3178 3465 3193 3480 ’
3231 3467 3248 3499 ι
3282 3451 3466 3520 Ἐκχεῖ
3491 3451 3550 3504 δὲ
3579 3451 3731 3503 πλου-

2153 3543 2284 3604 σίως
2318 3543 2402 3604 εἰς
2433 3543 2598 3612 ἡμᾶς,
2631 3561 2648 3592 ι
2687 3542 2766 3593 ὅτι
2806 3540 2938 3602 Θεὸς
2971 3540 3113 3594 κατὰ
3139 3540 3298 3608 φύσιν
3329 3541 3466 3606 ἐστὶ,
3503 3541 3600 3593 καὶ
3642 3541 3733 3609 γέ-

2151 3649 2272 3700 γονε
2298 3631 2452 3702 σάρξ.
2491 3633 2748 3702 Ἐκχεῖδὲ
2775 3632 2871 3685 καὶ
2891 3633 2982 3684 ἐπὶ
3007 3634 3186 3685 πᾶσαν
3219 3633 3416 3702 σάρκα.
3443 3633 3555 3685 Καὶ
3579 3630 3734 3686 τοῦτο

2151 3723 2329 3793 δῆλον,
2357 3722 2432 3784 ὡς
2461 3723 2562 3774 οὐκ
2596 3722 2688 3776 ἐπὶ
2721 3721 2916 3790 μόνους
2963 3722 3090 3784 τοὺς
3130 3722 3196 3774 ὲκ
3238 3721 3542 3792 περιτομῆς
3563 3762 3578 3787 ,
3619 3722 3734 3775 ἀλλ’

2153 3817 2237 3884 ἐφ’
2267 3816 2511 3876 ἅπαντας
2545 3813 2733 3876 ἁπλῶς
2772 3814 2897 3875 τοὺς
2934 3811 3022 3865 διὰ
3067 3812 3299 3874 πίστεως
3344 3811 3730 3882 καλουμένους,

2154 3906 2256 3959 κᾶν
2296 3904 2405 3957 εἴτε
2440 3904 2626 3975 μικροὶ
2654 3903 2748 3957 καὶ
2793 3902 3044 3972 μεγάλοι,
3091 3902 3267 3956 δοῦλοι
3299 3905 3394 3958 καὶ
3435 3905 3732 3976 ἐλεύθεροι,

2163 3997 2428 4069 βάρὸαροί
2474 4013 2532 4048 τε
2586 3997 2680 4048 καὶ
2735 3995 2958 4048 Σκύθαι.
3011 3995 3302 4066 Πρόκειται
3357 3995 3468 4067 γὰρ
3527 3997 3629 4066 τῆς
3681 4000 3736 4050 ὲν

2155 4089 2376 4162 Χριστῷ
2419 4088 2750 4159 σωτηρίαςή
2789 4088 2947 4158 χάρις
2987 4089 3099 4149 τοῖς
3139 4087 3243 4140 ἀνά
3278 4089 3459 4141 πᾶσαν
3501 4088 3605 4158 τὴν
3645 4089 3735 4141 ὑπ’

2154 4181 2402 4251 οὐρανὸν,
2433 4181 2513 4233 ὅτι
2547 4197 2564 4229 ι
2593 4179 2704 4232 Καὶ
2737 4178 2900 4240 αὑτός
2930 4179 3046 4232 ὲστι
3075 4178 3374 4248 προσδοκία
3401 4179 3594 4237 ἐθνῶν.
3621 4200 3639 4232 ι
3673 4181 3736 4234 Εἰ

2155 4272 2210 4325 δὲ
2235 4272 2298 4342 δὴ
2325 4270 2533 4338 λέγοιέν
2559 4287 2703 4332 τινες
2729 4269 3248 4340 ἀθυροστομοῦντες,
3279 4272 3456 4342 σάρκα
3481 4272 3736 4339 λέγεσθαι

2157 4362 2252 4415 καὶ
2283 4363 2349 4414 τὰ
2390 4361 2582 4431 κτήνη,
2615 4359 3086 4430 παραληροῦντες,
3116 4362 3216 4433 ήδη
3255 4380 3373 4426 πως
3409 4361 3732 4427 ἀκουόντων,

2086 4487 2134 4545 D
2159 4453 2241 4504 ὅτι
2271 4451 2369 4518 τῆς
2394 4450 2727 4520 προφητείας
2753 4452 2782 4501 ὁ
2812 4450 3012 4512 σκοπὸς
3045 4452 3183 4503 κατά
3215 4453 3374 4520 μόνου
3408 4452 3740 4507 συντείνεται

2159 4543 2252 4596 τοῦ
2290 4539 2626 4611 ἀνθρωπείου
2665 4541 2873 4608 γένους,
2902 4542 2996 4594 καὶ
3027 4543 3148 4610 οὐχὶ
3174 4542 3279 4595 τῶν
3311 4542 3452 4610 βοῶν
3483 4544 3635 4612 μέλει
3666 4543 3743 4614 τῷ

2152 4632 2292 4703 Θεῷ,
2321 4629 2504 4694 καθὼς
2534 4632 2629 4683 καὶ
2663 4631 2691 4682 ὁ
2724 4633 2885 4700 σοφὸς
2916 4631 3018 4701 ἔφη
3055 4631 3279 4694 Παῦλος.
3332 4633 3744 4702 Προφητεύσειν

2152 4725 2212 4778 δέ
2279 4739 2442 4794 φησιν
2482 4722 2632 4784 υἱοὺς
2663 4723 2760 4775 καὶ
2799 4722 3123 4793 θυγατέρας,
3153 4723 3214 4774 τὸ
3244 4723 3340 4793 τῆς
3373 4723 3598 4794 χάριτος
3641 4724 3745 4793 ἀμ-

2155 4812 2385 4882 φιλαφὲς
2410 4812 2496 4866 διὰ
2525 4811 2684 4865 τοῦτο
2709 4812 3011 4883 ὑποδηλῶν,
3042 4813 3136 4867 καὶ
3165 4813 3226 4866 τὸ
3253 4813 3346 4865 ἐπὶ
3372 4813 3584 4877 πάντας
3609 4813 3742 4866 ἴσον.

2155 4907 2254 4977 Εῐη
2305 4906 2414 4976 γὰρ
2443 4905 2511 4958 ἂν
2544 4905 2645 4958 οὐκ
2695 4905 3000 4974 ἀπόϐλητον
3034 4904 3184 4975 παρά
3214 4905 3293 4976 τῷ
3334 4904 3456 4974 Θεῷ
3494 4906 3556 4958 τὸ
3609 4905 3743 4973 θῆλυ

2153 4997 2329 5064 γένος,
2363 4998 2411 5049 εἰ
2437 4997 2506 5049 τὰ
2538 4995 2687 5066 αὐτῷ
2711 4995 2968 5051 δοκοῦντα
2998 4995 3147 5067 δρῴη
3193 5013 3251 5048 τε
3298 4995 3617 5068 προθύμως,
3649 4995 3744 5048 καὶ

2161 5088 2267 5157 μὴν
2311 5089 2406 5141 καὶ
2466 5087 2640 5140 ’ἐλοιτο
2699 5090 2937 5158 φρονεῖν.
2984 5087 3122 5140 Οὔτε
3177 5088 3285 5156 μὴν
3341 5087 3664 5156 ἀγέραστον,
3709 5085 3742 5153 ἢ

2151 5180 2420 5250 ἀμέτοχον
2458 5179 2751 5249 ἁγιασμοῦ,
2793 5182 2841 5232 εἰ
2885 5179 2976 5232 διὰ
3007 5197 3067 5232 τε
3117 5179 3373 5242 πίστεως,
3411 5179 3502 5231 καὶ
3540 5177 3641 5244 τῆς
3683 5177 3743 5227 ἐν

2155 5271 2336 5342 ἔργοις
2375 5271 2675 5333 ἐπιεικείας
2718 5269 3037 5340 εὐδοκιμοῦν
3068 5271 3220 5323 ἔσται
3259 5269 3444 5322 ποθέν.
3488 5265 3745 5330 Ὴξίωται

2155 5365 2263 5433 γὰρ
2299 5364 2394 5416 καὶ
2440 5361 2572 5416 αὐτὸ
2617 5361 2838 5430 χάριτός
2875 5378 2970 5424 τε,
3018 5362 3113 5414 καὶ
3167 5359 3476 5430 οἰκτιρμοῦ,
3526 5355 3742 5410 καὶτὸν

2155 5453 2452 5524 ἀρραϐῶνα
2493 5453 2590 5506 τοῦ
2641 5452 2956 5522 Πνεύματος
3003 5451 3218 5521 δέχεται
3261 5449 3414 5518 παρὰ
3451 5447 3608 5500 Θεοῦ.
3642 5445 3742 5498 Λευ

555 5656 599 5689 ⁸ο
640 5654 830 5710 Matth.
870 5671 950 5720 tu,
991 5655 1102 5726 l6:
1157 5656 1195 5687 ³⁸
1229 5657 1267 5710 ll
1307 5658 1430 5713 Cor.
1474 5675 1594 5724 vm,
1638 5658 1688 5720 8,
1717 5658 1769 5710 9.
1849 5658 1891 5688 "
1925 5654 2080 5712 Joan.
2115 5673 2152 5725 ι,
2185 5659 2272 5714 52.
2354 5660 2395 5691 ³³
2416 5659 2569 5714 Rom.
2599 5658 2791 5726 ιἰιι,6.
2871 5658 3136 5724 M.loan.t,
3170 5657 3253 5712 l3.
3331 5656 3373 5687 ³⁸
3407 5654 3611 5718 Art.u,
3647 5650 3733 5706 35.

489 5727 534 5762 “
575 5727 684 5784 Tit.
727 5741 808 5792 ιιι,
850 5726 902 5779 ϐ.
982 5725 1023 5756 ³⁷
1066 5724 1198 5780 Gen.
1233 5742 1381 5788 xm,
1429 5728 1508 5779 l0.
1589 5728 1632 5759 ³⁸
1665 5728 1680 5779 l
1711 5725 1834 5780 Cor.
1872 5743 1945 5791 ιχ,
1973 5727 2023 5778 9.
