4054 6274
303 419 398 479 581

1173 403 1721 466 COMMENTARIUS
1758 404 1824 461 IN
1861 400 2128 461 JOELEM
2168 393 2617 455 PROPHETAM.

3426 374 3537 432 582

308 537 538 605 λὸγισται
560 529 613 583 δὲ
636 528 729 582 καὶ
752 525 813 580 ὲν
841 523 1071 590 τέκνοις.
1096 525 1507 597 Πρεσῶτέροος
1534 524 1633 595 μὲν
1658 517 1752 577 οὖν
1778 524 1864 577 ὲν-
1892 580 1898 593 ί

1999 534 2186 577 ivenes
2220 517 2460 573 visiones
2486 511 2697 566 visuros
2719 502 2869 560 dicit.
2898 495 3135 554 Senilem
3164 498 3376 547 aetatem
3437 502 3530 556 ap-

312 625 509 684 υπνίοις
545 617 700 688 φησὶν
728 614 1272 685 ὲνυπνιασθήσεσθαι,
1307 612 1533 683 ὄψεσθαι
1564 611 1622 666 δὲ
1648 612 1869 682 ὁράσεις

274 793 280 801 Ι
313 718 435 779 τοὺς
473 710 797 801 νεανίσκους,
830 705 1199 777 πρεσὸυτικὴν
1232 706 1448 776 ἠλικίαν
1492 704 1688 772 λέγων,
1736 701 1868 756 καθ-

317 807 492 877 ώσπερ
528 798 759 873 ἐγῷμαι,
802 800 900 871 τὴν
940 799 1184 868 ποιότητι
1222 799 1323 867 τῆς
1364 796 1569 868 ἀρετῆς
1604 793 1871 867 προῦχουο

318 898 412 951 σάν
438 913 516 962 τε,
544 895 634 948 καὶ
675 890 1101 963 ὑπερκειμένην,
1134 890 1229 943 καὶ
1257 883 1370 943 οἷον
1400 888 1670 959 λαμπροῖς
1704 902 1873 939 πεπο-

312 988 573 1059 λιωμένην
608 982 1014 1056 κατορθώμασι,
1044 981 1138 1035 καὶ
1167 982 1428 1052 φρονήσει
1463 982 1528 1050 τῇ
1567 976 1871 1048 τελεωτάτη

310 1078 725 1150 διαπρέπουσαν,
776 1075 872 1128 καὶ
917 1072 1397 1143 τεθαυμασμένην,
1451 1069 1633 1134 ὁποῖός
1683 1084 1766 1132 τις
1806 1064 1873 1136 ἦν

311 1172 400 1225 καὶ
440 1169 667 1231 Παῦλος,
703 1166 763 1229 ὃς
792 1164 1044 1218 τεθέαται
1075 1163 1194 1216 καθ’
1221 1162 1389 1216 ὕπνον
1427 1162 1597 1233 ἄνδρα
1616 1160 1735 1214 τινὰ
1768 1159 1876 1213 τῶν

309 1262 370 1313 ὲκ
399 1256 740 1318 Μακεδόνων,
764 1252 1182 1324 ἐκλιπαροῦντα,
1210 1253 1303 1307 κα)⁵
1331 1252 1557 1320 λέγοντα
1577 1268 1591 1281 ·
1628 1268 1649 1302 ι
1678 1248 1875 1311 Διαϐὰς

308 1350 385 1412 είς
412 1346 752 1402 Μακεδονίαν
780 1344 1044 1414 βοήθησον
1081 1345 1233 1414 ἡμῖν.
1256 1361 1280 1394 -›
1321 1343 1567 1405 Ἀνανίας
1594 1342 1651 1394 δὲ
1679 1340 1787 1395 τῶν
1818 1340 1878 1392 ὲν

310 1440 482 1495 πίστει
523 1437 998 1508 δεδοκιμασμένων
1032 1437 1226 1508 ὅρασιν
1263 1434 1352 1489 ἐπ’
1376 1434 1528 1505 αὐτῷ
1560 1432 1759 1503 Παύλῳ
1790 1449 1880 1485 τε-

311 1530 509 1585 θέαται.
533 1528 758 1599 Ἐπειδὴ
800 1528 908 1598 γάρ
942 1523 1077 1597 ἦκεν
1104 1528 1184 1589 είς
1215 1526 1526 1596 Δαμασκὸν,
1558 1522 1706 1594 αὐτῷ
1738 1522 1882 1577 κατὰ

311 1622 406 1692 τὴν
452 1621 565 1676 ὁδὸν
622 1619 880 1689 ὀφθέντος
933 1617 1202 1688 Χριστοῦ,
1249 1613 1366 1670 εἶτα
1427 1618 1494 1686 τῇ
1544 1614 1639 1669 τοῦ
1706 1612 1881 1682 φωτὸς

316 1714 559 1783 ἀστραπῇ
602 1711 701 1782 τὴν
729 1710 851 1779 Gal/tv
891 1710 1169 1780 ἠδίκηται,
1194 1707 1590 1779 τεθεράπευται
1620 1704 1711 1757 διὰ
1742 1705 1881 1771 Χρι-

322 1803 465 1858 στοῦ.
507 1803 814 1872 Γέγραπται
852 1800 911 1854 δὲ
957 1799 1133 1861 οὕτως
1174 1798 1372 1852 πάλιν·
1405 1816 1425 1849 ι
1455 1792 1564 1849 Ἦν
1605 1794 1664 1847 δέ
1705 1811 1791 1856 τις
1823 1796 1882 1846 ὲν

1967 578 2130 685 pellat
2161 611 2243 681 (ut
2267 606 2399 662 mihi
2458 602 2675 674 quidem
2728 591 2926 667 placet)
2970 584 3185 643 virtutis
3228 578 3537 653 praestantia

1969 667 2382 773 prominentem,
2408 704 2461 750 et
2491 701 2830 762 progressam
2859 685 2911 738 in
2942 696 3005 736 ea
3042 678 3271 747 longius,
3302 679 3357 724 et
3383 667 3540 738 quasi

1970 759 2268 847 illustribus
2293 786 2453 842 factis
2484 759 2698 845 canam,
2733 785 2788 832 et
2808 768 3210 829 absolutissima
3255 759 3541 831 prudentia

1969 884 2296 941 eximiamet
2316 871 2692 938 admirandam
2724 884 2737 918 :
2773 864 2949 936 qualis
2974 870 3092 917 erat
3119 855 3335 918 Paulus,
3367 851 3455 920 qui
3487 849 3542 902 iu

1971 970 2177 1028 somnis
2210 966 2345 1020 vidit
2375 963 2549 1016 virum
2579 954 2933 1011 Macedonem
2987 956 3232 1002 orantem
3269 956 3332 996 ac
3364 940 3543 993 dicen-

1974 1072 2083 1118 tem
2130 1057 2279 1113 sibi:
2345 1072 2363 1106 ι
2397 1048 2691 1108 Transiens
2776 1041 2831 1095 in
2908 1034 3300 1097 Macedoniam,
3355 1029 3544 1097 adjuva

1975 1168 2073 1210 nos
2102 1152 2167 1204 ".
2199 1168 2218 1200 ι
2247 1144 2483 1200 Ananias
2511 1148 2689 1193 autent
2718 1133 2772 1187 in
2802 1129 2906 1185 [ide
2945 1126 3224 1196 probatus,
3285 1120 3546 1174 visionem

1975 1255 2136 1312 super
2158 1241 2273 1308 ipso
2297 1232 2465 1289 Paulo
2487 1228 2641 1291 vidit.
2679 1238 2801 1279 cum
2831 1220 3151 1274 Damascum
3174 1212 3265 1267 ille
3309 1210 3473 1274 venit,
3494 1215 3550 1261 et

1976 1301 2228 1389 Christus
2258 1327 2308 1381 ei
2335 1326 2386 1379 in
2413 1323 2498 1377 via
2522 1316 2792 1390 apparuit,
2831 1328 2894 1367 ac
2933 1311 3140 1380 fulgore
3167 1303 3393 1359 luminis
3426 1301 3547 1354 visu

1978 1420 2229 1494 privavit,
2261 1416 2348 1471 ubi
2379 1429 2473 1484 per
2532 1409 2811 1465 Christum
2851 1410 3078 1459 curatus
3134 1406 3238 1452 est.
3276 1392 3551 1461 Scriptum

1980 1479 2064 1569 est
2088 1512 2175 1566 bis
2205 1479 2395 1562 verbis
2430 1522 2443 1557 :
2481 1520 2499 1553 t
2529 1500 2658 1555 Erat
2683 1506 2863 1551 autem
2891 1492 3109 1563 quidam
3132 1482 3423 1554 discipulus
3451 1479 3554 1533 Da.

1981 1598 2172 1663 masci,
2205 1595 2423 1652 nomine
2449 1588 2707 1643 Ananias.
2737 1585 2801 1637 Et
2833 1582 2966 1636 dixit
2993 1580 3059 1633 ad
3131 1576 3279 1630 illum
3332 1573 3386 1625 in
3435 1570 3554 1623 visu

1982 1658 2240 1753 Dominus
2270 1702 2285 1737 :
2317 1682 2507 1749 Surge,
2527 1686 2581 1733 et
2610 1675 2745 1728 vade
2775 1674 2825 1726 in
2855 1672 3032 1725 vicum
3071 1668 3163 1737 qui
3219 1664 3415 1719 dicitur
3449 1658 3557 1714 Re-

1983 1750 2122 1842 ctus,
2143 1785 2200 1831 et
2228 1786 2410 1844 quaere
2435 1771 2489 1827 in
2518 1770 2678 1823 domo
2698 1764 2847 1819 Iudae
2889 1758 3108 1815 Saulum
3162 1756 3379 1809 nomine
3416 1750 3557 1805 Tar—

321 1835 864 1964 Δαμασκῷῐῖιαθητὴς
900 1835 1129 1960 ὀνόματι
1154 1889 1423 1951 Ἀνανίας.
1448 1886 1560 1941 Καὶ
1598 1880 1719 1938 εἷπε

1999 1880 2196 1925 sensem
2226 1864 2293 1917 ‘°.
2334 1880 2352 1914 ›
2391 1858 2557 1913 Audis
2610 1862 2668 1908 ut
2713 1852 2830 1905 visu
2913 1847 3217 1914 alloquatur
3266 1835 3555 1892 Ananiam.

1999 1959 2027 1964 ““
2338 1960 2348 1964 -
2448 1948 2514 1964 η·
2572 1944 2717 1964 ιι-ιε-
2798 1940 2981 1964 ιηικει..
3039 1944 3290 1964 alno-aliut:
3381 1926 3555 1964 ειηῖηιη

322 1985 476 2039 αὐτὸν
501 1987 531 2038 ὁ
559 1983 760 2054 Κύριος
799 1984 857 2035 ὲν
883 1982 1146 2052 ὁράματι·
1164 1977 1422 2041 Ἀναστὰς
1454 1975 1752 2046 πορεύθητι
1792 1973 1886 2025 ἐπὶ

320 2073 412 2145 τήν
457 2074 655 2144 ῥύμην,
699 2071 800 2142 τήν
838 2068 1178 2139 καλουμένην
1214 2065 1382 2136 Εύθῆ,
1433 2065 1526 2118 καὶ
1566 2061 1800 2132 ζήτησον
1828 2062 1886 2114 ὲν

315 2163 456 2232 οίκίᾳ
487 2162 656 2215 Ἰούδα
683 2159 856 2215 Σαοὺλ
882 2159 1128 2229 ὀνόματι,
1153 2154 1389 2226 Ταρσέα.
1418 2172 1437 2205 ι
1464 2150 1708 2212 Ἀκούεις
1740 2149 1889 2208 ὅπως

314 2254 371 2309 ἂν
398 2253 634 2326 ὁράματι
684 2252 946 2321 λελάληκε
994 2249 1133 2320 πρὸς
1163 2246 1446 2309 ’Δνανίανς
1477 2240 1586 2296 Ἦν
1627 2241 1737 2311 γάρ
1785 2255 1888 2291 που

312 2345 448 2415 τάχα
474 2346 574 2417 τὴν
606 2346 791 2399 πίστιν
827 2344 1095 2415 ἀνδρεῖος,
1125 2340 1220 2393 καὶ
1247 2336 1463 2398 νεανίας
1504 2335 1604 2404 τὴν
1631 2332 1768 2397 ἕξιν,
1798 2329 1892 2382 καὶ

312 2434 625 2508 σφριγῶσαν
658 2434 796 2504 ἔχων
827 2435 905 2496 είς
937 2431 997 2483 τὸ
1036 2428 1241 2497 ἀγαθὸν
1274 2424 1374 2496 τὴν
1402 2423 1648 2492 γνώμην,
1684 2419 1890 2489 ἄθραυ-

313 2506 437 2590 στος
472 2528 553 2587 είς
590 2525 749 2594 ἀκὴν,
786 2522 945 2592 δῆλον
976 2521 1034 2574 δὲ
1062 2520 1148 2571 ὅτι
1176 2516 1273 2586 τὴν
1308 2511 1704 2580 πνευματικήν.
1750 2506 1890 2562 Καθ’

312 2616 480 2671 ὕπνον
522 2616 580 2668 δὲ
609 2614 805 2683 Παύλῳ
837 2611 937 2675 τὰς
965 2608 1117 2672 λιτὰς
1154 2607 1328 2661 ἐδόκει
1365 2603 1691 2676 προσφέρειν
1717 2602 1745 2653 ὁ
1773 2599 1893 2651 Μα-

313 2706 511 2768 κεδὼν,
549 2699 615 2775 ἦν
640 2704 750 2775 γὰρ
792 2704 888 2772 τὴν
935 2700 1106 2769 φρένα
1130 2696 1469 2768 πρεσϐύτης,
1510 2691 1601 2745 τὸν
1634 2688 1756 2743 νοῦν
1789 2704 1892 2757 γη-

322 2796 500 2867 ραιὸς,
528 2797 621 2849 καὶ
648 2795 747 2864 τῆς
781 2792 986 2849 ἄνωθεν
1019 2789 1209 2857 σοφίας
1247 2786 1518 2856 ἔμπλεως.
1548 2777 1893 2851 Προσεφώνει

318 2885 378 2940 δέ
410 2903 514 2939 που
560 2886 654 2939 καὶ
696 2888 724 2938 ὁ
777 2883 935 2951 σοφὸς
980 2880 1234 2948 Ἰωάννης
1276 2878 1389 2938 τοῖς
1430 2871 1788 2944 ἡγιασμένοις
1836 2871 1894 2923 ὲν

315 2972 541 3044 Χριστῷ
569 2972 659 3027 διὰ
709 2970 945 3032 πίστεως
970 2987 984 3000 ’
1028 2987 1047 3020 ι
1078 2966 1284 3035 Γράφω
1312 2963 1462 3032 ύμῖν,
1511 2960 1744 3029 πατέρες
1763 2999 1778 3025 ,
1814 2959 1895 3011 ὅτι

312 3062 591 3133 ἐγνώκατε
619 3062 712 3115 τὸν
735 3061 831 3115 ἀπ’
856 3061 1052 3130 ἀρχῆς.
1092 3055 1293 3127 Γράφω
1316 3053 1463 3122 ὑμῖν,
1499 3049 1792 3109 νεανίσκοι,
1815 3048 1897 3102 ὅτι

312 3153 528 3224 ἰσχυροί
558 3154 701 3215 ἐστε,
745 3150 841 3203 καὶ
869 3146 1189 3216 νενικήκατε
1219 3142 1310 3195 τὸν
1346 3139 1601 3210 πονηρόν.
1630 3156 1650 3190 ι
1693 3139 1895 3204 Ἐπαγ-

308 3246 566 3316 γέλλεται
592 3245 655 3316 δὴ
684 3239 778 3297 οῦν
808 3241 906 3312 τὴν
938 3239 1097 3309 χύσιν
1134 3234 1228 3289 τοῦ
1269 3233 1584 3304 Πνεύματος
1632 3233 1745 3293 τοῖς
1781 3230 1901 3282 δου-

1987 1959 2138 2021 Erat,
2175 1964 2233 2009 ut
2256 1960 2411 2022 puto,
2445 1948 2548 2002 ﬁde
2572 1944 2745 2009 fortis,
2798 1940 2983 1995 habitu
3038 1944 3315 1994 strenuus,
3380 1926 3561 1979 animo

1989 2051 2053 2106 ad
2087 2048 2339 2102 virtutem
2376 2041 2616 2103 incitato,
2640 2031 2905 2105 spirituali
2959 2026 3158 2082 robore
3190 2020 3474 2075 infractus.
3501 2010 3563 2068 In

1989 2137 2194 2195 somnis
2225 2143 2403 2188 autem
2436 2129 2653 2183 Macedo
2715 2121 2939 2177 Paulum
2997 2128 3190 2186 rogare
3236 2109 3559 2169 videbatur;

1988 2235 2107 2281 erat
2132 2224 2275 2279 enim
2301 2220 2497 2274 Paulus
2526 2224 2704 2270 mente
2725 2226 2912 2274 senex,
2944 2206 3124 2261 animo
3150 2199 3468 2271 grandaevus
3510 2202 3566 2247 et

1990 2317 2195 2375 caelesti
2229 2311 2489 2381 sapientia
2538 2308 2746 2377 plenus.
2781 2299 3079 2370 Compellat
3097 2308 3228 2349 vero
3264 2300 3320 2346 et
3351 2286 3568 2357 sapiens

1989 2409 2225 2464 Joannes
2250 2379 2616 2460 sanctiﬁcatos
2646 2399 2700 2452 in
2733 2394 2950 2450 Christo
3005 2403 3101 2459 per
3135 2385 3317 2446 Iidem,
3350 2380 3405 2434 in
3451 2379 3569 2432 haec

1991 2504 2155 2557 verba
2194 2516 2208 2553 :
2243 2516 2261 2549 ι
2292 2495 2481 2551 Scribo
2515 2492 2684 2553 vobis,
2717 2497 2925 2558 patres,
2965 2480 3220 2552 quoniam
3237 2466 3568 2544 cognovistis

1993 2608 2114 2648 eum
2147 2590 2236 2658 qui
2267 2588 2333 2641 ab
2360 2586 2513 2639 initio
2534 2590 2639 2636 est.
2689 2577 2883 2632 Scribo
2920 2573 3093 2635 vobis,
3124 2570 3378 2639 juvenes.
3434 2572 3571 2629 quo-

1993 2684 2135 2737 niam
2170 2679 2336 2733 fortes
2362 2675 2518 2737 estis,
2548 2681 2601 2726 et
2624 2668 2832 2724 vicistis
2856 2663 3147 2734 malignum
3169 2653 3573 2711 “.iPollicetur

1995 2773 2174 2840 itaque
2195 2768 2453 2837 Spiritqu
2482 2772 2730 2818 sanctum
2768 2758 2821 2811 in
2872 2755 3174 2810 servientes
3233 2744 3337 2801 sibi
3369 2740 3572 2796 effusu-

1995 2834 2134 2916 m}.
2169 2834 2349 2926 arqui
2381 2848 2505 2908 sunt
2532 2852 2622 2906 isti
2660 2847 2919 2903 tandem?
2944 2843 3108 2913 230
3136 2841 3218 2893 An
3250 2834 3325 2891 illi
3351 2840 3573 2904 prorsus

1995 2952 2085 3023 qui
2107 2947 2343 3006 oraculis
2403 2940 2730 3012 evangelicis
2781 2936 3046 2992 cervicem
3095 2928 3277 2986 cordis
3342 2920 3576 2979 submit-

1998 3013 2137 3109 tunt,
2191 3057 2222 3095 a
2274 3038 2420 3093 cultu
2478 3036 2533 3091 in
2592 3034 2758 3103 ﬁgura
2800 3028 3160 3089 discedentes,
3186 3031 3242 3077 et
3296 3033 3325 3072 a
3372 3013 3576 3069 Graeca

1999 3106 2399 3205 superstitionis
2443 3126 2762 3197 deceptione
2812 3121 3171 3181 desistentes,
3229 3120 3289 3166 ut
3343 3106 3567 3179 quidam

1925 3194 1972 3254 (ἶ
2002 3194 2121 3279 ait?

306 3289 555 3391 λεύουσιν
581 3289 750 3405 αύτῷ.
776 3289 998 3395 Tim-:4}
1112 3329 1158 3380 οἱ
1189 3324 1380 3379 τοιοίδε
1410 3289 1604 3389 ;
1636 3321 1671 3391 ἦ
1700 3289 1896 3373 ἐκεῖνοι
1936 3317 2150 3379 πάντως
2201 3313 2250 3367 οἳ
2307 3314 2422 3374 τοῖς
2450 3307 2822 3376 εὐαγγελικοῖς
2852 3299 3217 3369 θεσπίσμασιν
3245 3289 3580 3359 ὑποφέρουσι

2484 3401 2582 3405 γε--
2734 3400 2757 3405 ..
2832 3396 2870 3405 -.
2921 3396 2933 3405 .
3004 3393 3016 3405 1
3192 3376 3548 3405 νᾉ-,-....-...ὶ

306 3430 398 3484 τὸν
428 3427 636 3498 αὐχένα
660 3376 757 3495 τξς
784 3376 1043 3487 διανοίας,
1073 3419 1173 3489 τῆς
1225 3418 1325 3488 μὲν
1381 3418 1441 3469 ὲν
1480 3376 1637 3482 τύπίρ
1660 3376 1926 3482 ’λατρείας
1958 3376 2444 3479 ἀποφογιτήσαντες,
2479 3400 2796 3473 Ἑλληνικῆς
2828 3396 2883 3449 δὲ
2910 3393 3126 3462 ἀπάτης
3182 3376 3579 3451 ἁποπεπαυμι-

308 3536 410 3581 νοι,
437 3516 586 3573 κατὰ
608 3514 700 3568 τὸν
724 3512 978 3581 λέγοντα;

377 3607 489 3664 Καὶ
533 3605 708 3659 δώσω
742 3602 954 3672 τέρατα
986 3600 1055 3653 ἐν
1085 3598 1165 3664 τῷ
1205 3594 1440 3666 οὐρανῷ
1472 3594 1615 3658 ἅνω,
1644 3590 1745 3646 καὶ
1772 3604 1893 3658 cn-

303 3701 441 3772 μεῖα
465 3697 575 3754 ἐπὶ
597 3696 707 3764 τῆς
734 3693 845 3764 τῆς
876 3691 1053 3756 κάτω,
1079 3686 1243 3760 αἷμα,
1264 3688 1364 3742 καὶ
1398 3685 1539 3754 πῦρ,
1563 3684 1661 3737 καὶ
1681 3682 1898 3752 ἀτμίδα

310 3787 576 3845 καπνοῦ.
612 3786 666 3839 Ὁ
704 3784 878 3852 ἣλιος
917 3777 1481 3852 μεταστραφήσεται
1524 3775 1613 3838 εἰς
1657 3774 1900 3836 σκότος,

311 3881 406 3934 καὶ
436 3880 476 3947 ἡ
513 3874 749 3942 σελήνη
781 3874 868 3937 εὶς
905 3865 1069 3939 αἷμα,
1107 3867 1250 3936 πρὶν
1285 3866 1487 3920 ἐλθεῖν
1528 3861 1645 3930 τὴν
1675 3860 1904 3930 ἡμέραν

313 3970 543 4039 Κυρίου
570 3965 687 4032 τὴν
711 3963 982 4033 μεγάλην
1011 3958 1110 4013 καὶ
1140 3955 1426 4025 ἐπιφανῆ.

381 4062 540 4126 ΔΕΓ.
581 4055 706 4108 Ἐπὶ
756 4054 878 4113 ταῖς
930 4047 1262 4110 δυσσεϐείαις
1311 4045 1418 4099 τῶν
1453 4042 1742 4107 Ἰουδαίων,
1784 4041 1904 4103 ταῖς

315 4155 395 4217 εἰς
450 4146 702 4219 Χριστὸν
742 4141 1157 4213 γεγενημέναις,
1186 4138 1281 4192 καὶ
1314 4137 1452 4207 αὑτὴ
1486 4135 1593 4188 τῶν
1628 4134 1908 4203 στοιχείων

314 4239 730 4309 δεδυσφόρηκεν
762 4236 796 4305 ἡ
846 4232 1025 4301 φύσις.
1080 4227 1514 4297 Κατωλοφύρετο
1553 4224 1609 4278 δὲ
1646 4224 1831 4294 ὥσπερ
1876 4224 1910 4293 ή

319 4335 527 4396 κτίσις,
554 4325 987 4398 καθυῦρισμένον
1011 4321 1192 4394 ὁρῶσα
1212 4321 1306 4374 τὸν
1334 4318 1615 4380 κτίσαντα,
1644 4316 1737 4369 καὶ
1760 4317 1788 4367 ὁ
1813 4315 1912 4383 μὲν

323 4426 473 4487 θεῖος
511 4420 659 4484 ναὸς,
693 4418 769 4480 ὼς
796 4419 910 4478 τοῖς
942 4411 1232 4467 πενθοῦσιν
1263 4408 1544 4482 ἀσχάλλων
1572 4410 1630 4460 ὲν
1669 4405 1787 4475 ἴσῳ,
1815 4421 1913 4458 πε-

321 4516 711 4590 ριερρήγνυτο.
737 4510 1050 4581 Γέγραπται
1084 4507 1219 4577 γὰρ,
1248 4505 1329 4558 ὅτι
1364 4521 1383 4554 ι
1415 4503 1487 4555 Τὸ
1516 4499 1612 4554 τοῦ
1646 4497 1776 4552 ναοῦ
1809 4514 1907 4550 κα-
1945 4531 1990 4584 D

316 4588 655 4673 ταπέτασμα
679 4601 787 4655 ἀπὸ
812 4598 1023 4653 ἄνωθεν
1047 4598 1150 4660 ἕως
1174 4595 1324 4650 κάτω
1350 4592 1592 4663 ἐσχίσθη.
1619 4609 1639 4642 ι
1681 4590 1739 4641 Ὀ
1767 4588 1915 4659 ἣλιος

321 4700 378 4755 δὲ
410 4698 481 4752 τὸ
509 4697 708 4749 οἰκεῖον
738 4689 1017 4761 ἀνακύψας
1058 4687 1215 4749 σέλας
1247 4685 1345 4738 οὐκ
1387 4682 1538 4753 ἠξίου
1581 4680 1792 4748 φαίνειν
1834 4678 1914 4728 ἔτι

323 4792 442 4852 τοῖς
467 4787 559 4838 ἐπὶ
584 4786 679 4854 τῆς
708 4784 828 4853 γῆς.
858 4780 1061 4834 Ἐποίει
1086 4777 1194 4847 γὰρ
1230 4774 1418 4835 σκότος
1447 4771 1555 4826 ἀπὸ
1581 4770 1728 4838 ὥρας
1754 4768 1916 4835 ἕκτης

327 4880 436 4941 ἓως
483 4874 729 4942 ὲννάτης,
771 4870 1044 4941 ἐσχίζοντο
1081 4867 1140 4920 δὲ
1167 4866 1261 4919 καὶ
1300 4862 1515 4933 πέτραι,
1550 4860 1690 4929 τάχα
1720 4857 1779 4911 δέ
1811 4872 1913 4909 που

332 4970 433 5023 καὶ
472 4965 602 5034 περὶ
631 4965 721 5018 τὸν
757 4964 854 5033 τῆς
889 4961 1115 5032 σελήνης
1152 4957 1349 5012 κύκλον
1400 4951 1697 5026 ἐπράττετό
1729 4967 1781 5002 τι
1810 4947 1919 5001 τῶν

333 5054 646 5127 ἀσυνήθων,
671 5053 745 5116 ὼς
765 5053 937 5105 δοκεῖν
960 5052 1040 5114 είς
1064 5044 1202 5119 αἷμα
1231 5042 1701 5118 μεταπεποιῆσθαι
1727 5037 1920 5106 αὑτήν.

335 5149 633 5217 Σεσίγηται
674 5144 771 5215 μὲν
803 5139 895 5197 οὖν
929 5143 991 5196 τὸ
1033 5141 1236 5194 τοιόνδε
1276 5140 1388 5202 τοῖς
1425 5137 1605 5206 ἁγίοις
1645 5129 1925 5199 εὐαγγελι-

338 5246 512 5303 σταῖς.
549 5232 870 5304 Ἀξιόχρεώς
894 5250 958 5302 γε
988 5233 1090 5303 μὴν
1115 5234 1149 5302 ή
1173 5233 1352 5293 πίστις
1373 5231 1439 5282 ὲκ
1463 5224 1817 5297 προφητείας,
1843 5223 1924 5274 ὅτι

343 5333 441 5402 μὲν
486 5335 600 5392 τοῖς
650 5327 745 5381 τοῦ
817 5324 1162 5395 Δημιουργοῦ
1241 5323 1504 5390 νεύμασιν
1550 5317 1650 5368 οὐκ
1697 5318 1753 5366 ὲν
1791 5314 1924 5382 ήλίῳ

344 5423 502 5493 μόνον
550 5421 621 5475 τὰ
664 5421 866 5490 σημεῖα
909 5416 1153 5484 γέγονεν,
1202 5414 1316 5467 ἀλλ’
1357 5407 1469 5464 οἷον
1527 5407 1622 5474 ὅλη
1670 5405 1804 5474 πρὸς
1861 5403 1924 5455 τὸ

345 5513 593 5575 ἀκαλλὲς,
625 5511 722 5563 καὶ
742 5507 1010 5577 ἀσύνηθες
1032 5504 1171 5575 αὐτὴ
1200 5500 1657 5574 μετακεχώρηκεν
1684 5498 1717 5567 ἡ
1742 5496 1921 5565 φύσις,

356 5601 512 5668 σαφὲς
550 5600 615 5654 ἂν
646 5599 852 5668 γένοιτο
883 5595 1017 5651 Θεοῦ
1053 5595 1304 5663 λέγοντος
1333 5590 1418 5643 διὰ
1452 5586 1634 5656 φωνῆς
1669 5585 1920 5638 Ἡσαΐου·

2074 3581 2241 3635 Vzns.
2273 3581 2362 3643 '50,
2400 3577 2491 3634 31.
2536 3574 2604 3629 Et
2646 3572 2781 3627 dabo
2808 3569 3052 3640 prodigia
3095 3567 3151 3618 in
3184 3564 3310 3617 caelo
3340 3578 3575 3626 sursum,

2003 3681 2050 3725 et
2100 3678 2344 3739 portenta
2393 3681 2546 3733 super
2594 3674 2788 3716 terram
2844 3664 3108 3719 deorsum,
3152 3654 3479 3720 sanguinem,
3533 3662 3584 3706 et

2003 3764 2196 3830 ignem,
2226 3770 2279 3813 et
2318 3771 2559 3824 vaporem
2607 3752 2761 3820 fumi.
2823 3748 2919 3803 Sol
2979 3752 3306 3799 convertatur
3342 3744 3396 3796 in
3447 3752 3586 3798 tene-

2008 3851 2151 3915 bras,
2194 3861 2241 3902 et
2282 3847 2410 3899 luna
2454 3845 2507 3897 in
2554 3840 2884 3911 sanguinem,
2933 3844 3213 3901 antequam
3262 3832 3434 3886 veniat
3473 3834 3585 3886 dies

2009 3939 2220 3994 Domini
2254 3952 2474 4007 magnus
2510 3944 2557 3989 et
2582 3931 2823 3986 illustris.

2083 4028 2328 4085 XXXVI.
2357 4028 2402 4082 A
2429 4024 2629 4082 Judzeis
2656 4023 2819 4087 impie
2870 4022 2922 4076 in
2968 4016 3243 4072 Christum
3287 4015 3585 4086 designata,
3646 4060 3647 4067 η

2010 4127 2123 4197 ipsa
2160 4136 2374 4192 quoque
2423 4118 2814 4173 elementorum
2861 4119 3053 4165 natura
3101 4106 3313 4175 indigne
3346 4104 3490 4166 tulit,
3535 4111 3591 4155 et

2012 4226 2259 4275 Crealura
2295 4222 2401 4267 tam
2430 4204 2819 4263 contumeliose
2849 4200 3092 4255 habitqu
3126 4199 3341 4250 intuens
3365 4194 3592 4247 Creato-

2012 4321 2152 4371 rem,
2193 4300 2590 4374 quodantmodo
2648 4296 2806 4361 luxit,
2838 4307 2902 4347 ac
2941 4291 3181 4346 divinum
3219 4285 3471 4352 templum
3512 4280 3593 4354 (ut

2015 4411 2169 4464 aeque
2200 4408 2323 4449 cum
2370 4390 2477 4444 illis
2524 4386 2711 4442 dolens
2752 4398 2817 4439 ac
2867 4378 3144 4448 mmstum)
3179 4377 3450 4446 diruptum
3482 4381 3587 4429 est.

2020 4490 2289 4559 Scriptum
2334 4485 2530 4561 quippe
2581 4486 2798 4536 exstat:
2833 4496 2852 4529 ι
2886 4476 2952 4530 Ει
2999 4473 3173 4527 velum
3218 4467 3399 4540 templi
3449 4468 3587 4523 scis-

2024 4599 2142 4640 sum
2188 4590 2272 4637 est
2305 4595 2334 4634 ο
2379 4559 2591 4633 summo
2628 4588 2796 4643 usque
2840 4571 3092 4625 deorsum
3109 4564 3175 4629 δ’,
3212 4580 3231 4613 ›
3274 4570 3328 4616 et
3376 4559 3456 4615 sol
3502 4572 3591 4612 re-

2022 4686 2206 4743 presso
2257 4668 2544 4737 splendore
2594 4678 2713 4729 suo,
2767 4658 3087 4715 mortalibus
3132 4654 3314 4707 lucere
3365 4648 3595 4718 amplius

2025 4761 2212 4824 noluit,
2244 4735 2495 4812 tenebras
2525 4756 2669 4808 enim
2703 4752 2863 4806 rebus
2886 4746 2952 4801 ab
2981 4747 3111 4800 hora
3145 4752 3292 4799 sexta
3332 4752 3501 4807 usque
3527 4735 3595 4789 ad

2023 4867 2217 4907 nouam
2252 4847 2480 4903 induxit.
2529 4844 2725 4899 Scissa:
2762 4849 2886 4895 sunt
2936 4839 3061 4892 item
3108 4844 3293 4905 petrae.
3323 4825 3597 4883 Fortassis

2018 4943 2182 4998 etiam
2233 4949 2288 4994 et
2334 4939 2482 4992 circa
2530 4934 2671 4989 lunae
2727 4931 2931 4985 orbem
2973 4925 3291 4980 inusitatum
3339 4916 3602 4989 quiddam-

2020 5030 2236 5091 accidit,
2266 5037 2328 5081 ut
2364 5037 2624 5080 conversa
2670 5021 2723 5075 in
2773 5017 3087 5087 sanguinem
3120 5012 3420 5067 videretur.
3459 5007 3607 5061 Tale

2021 5119 2276 5188 quiddam
2308 5115 2473 5185 igitur
2499 5112 2638 5168 sacri
2673 5108 3016 5176 evangelista:
3043 5102 3367 5157 diuiserunt.
3401 5097 3609 5153 Verum"

2022 5226 2086 5267 ex
2112 5208 2392 5279 prophetia
2427 5206 2559 5260 satis
2590 5203 2651 5256 ﬁt
2680 5198 2958 5263 credibile,
2992 5205 3121 5249 nutu
3159 5191 3464 5246 Conditoris
3491 5205 3604 5244 non

2023 5302 2180 5356 modo
2230 5300 2284 5353 in
2338 5296 2452 5352 sole
2499 5296 2655 5363 signa
2713 5293 2876 5352 facta,
2944 5287 3040 5341 sed
3086 5283 3240 5353 quasi
3288 5281 3606 5337 universam

2025 5407 2203 5449 rerum
2239 5399 2485 5444 naturam
2531 5385 2927 5439 deformitatem
2976 5388 3031 5432 et
3071 5377 3272 5430 vultum
3311 5375 3603 5442 quemdam

2024 5488 2395 5542 inconsuetum
2432 5478 2691 5533 induisse.
2723 5473 2834 5526 Hoc
2863 5469 3106 5538 liquebit,
3137 5468 3245 5522 Deo
3277 5480 3374 5534 per
3400 5462 3600 5520 Isaiam

2025 5577 2106 5631 sic
2154 5576 2449 5643 loquente:
2489 5585 2507 5618 ι
2537 5566 2754 5619 luduam
2803 5561 3000 5617 coelum
3048 5558 3305 5625 tenebris,
3354 5564 3411 5612 et
3441 5548 3604 5623 quasi.

421 5772 464 5805 ’θ
503 5778 622 5831 Act.
655 5788 765 5840 xvr,
800 5776 852 5829 9.
930 5772 975 5804 ‘°
1015 5771 1134 5823 Act.
1170 5784 1243 5827 Ix.
1288 5768 1372 5831 10,
1417 5769 1503 5822 Il.
1582 5762 1846 5819 “lJoan.
1889 5779 1898 5817 1

2011 5760 2061 5813 5.
2140 5758 2180 5787 δ’
2220 5751 2412 5810 Matllt.
2445 5759 2610 5809 xxvzt,
2650 5743 2738 5796 δι.
