4054 6274
485 380 591 435 583

1472 378 1532 433 S.
1572 375 1848 433 CYRILLI
1885 373 2352 431 ALEXANDRINI
2388 374 2710 434 ARCHIEP.

3635 379 3744 435 584

485 499 714 554 cilicium
742 515 934 570 ponam
968 499 1360 570 operimentum
1391 496 1510 564 ejus
1533 497 1600 551 ”.
1633 515 1654 549 ι
1688 495 1820 550 Cum
1853 496 2047 551 cmlum

2158 518 2176 550 ‹
2202 499 2312 552 Καὶ
2333 497 2540 552 ἐνδύσω
2558 497 2650 551 τὸν
2670 495 2899 566 οὐρανὸν
2919 496 3127 560 σκότος,
3155 494 3250 550 xui
3269 495 3420 566 θήσω
3438 494 3515 559 ὡς
3537 496 3746 551 σάκκον

484 591 744 654 nominat,
789 591 967 645 omnia
1009 588 1240 657 quaain
1299 587 1438 642 caelo
1489 597 1636 654 sunt,
1693 587 1836 642 velut
1877 587 2052 643 cilicio

483 681 722 736 tenebris
742 690 926 750 operta
958 681 1108 746 dicit,
1139 679 1398 750 lugentia,
1428 688 1484 733 et
1510 679 1766 743 dolentia,
1790 688 1846 733 et
1867 680 2052 734 habitu

483 773 574 826 illo
612 772 763 841 quasi
799 771 1078 840 ejulantia.
1109 770 1274 842 Signa
1325 771 1489 838 igitur
1520 769 1572 823 in
1612 769 1750 824 caelo
1776 770 1891 825 haec
1933 784 2053 825 esse

481 860 732 914 dixerim.
768 859 825 913 In
884 869 1028 915 terra
1075 869 1258 912 autem
1302 857 1545 926 sanguis,
1594 857 1734 924 ignis
1781 866 1838 912 et
1887 871 2054 926 vapor

481 952 611 1006 fumi
654 954 1059 1022 signiﬁcaverit,
1100 953 1311 1021 opinor,
1339 951 1646 1006 .ludzeorum
1691 951 2048 1018 calamitates,

478 1042 675 1110 quibus
698 1057 790 1097 eos
823 1043 1018 1097 bellum
1054 1040 1452 1096 atrocissimum
1495 1056 1524 1095 a
1557 1038 1815 1095 Romanis
1847 1040 2050 1094 illatum

479 1131 803 1196 cumulavit;
840 1132 1100 1200 sanguine
1132 1130 1276 1186 enim
1316 1139 1427 1184 tota
1459 1145 1646 1184 eorum
1681 1131 1832 1200 regio
1866 1145 2053 1185 mana-

477 1219 576 1272 vit.
613 1219 807 1274 Debuit
841 1221 1005 1275 etiam
1043 1236 1166 1275 cum
1203 1221 1424 1276 urbibus
1458 1221 1637 1289 .ipsum
1669 1219 1808 1274 fama
1841 1220 2053 1276 celebre

480 1310 736 1379 templum
769 1314 1129 1384 conflagrare,
1159 1311 1369 1366 fumare
1397 1314 1587 1366 domus
1613 1325 1680 1365 ex
1710 1312 1960 1366 incendio
1996 1320 2052 1367 et

479 1399 638 1456 dirui.
669 1402 939 1457 Eventura
977 1413 1154 1457 autem
1183 1402 1492 1470 huiusmodi
1522 1401 1722 1458 Judaeis
1752 1411 1878 1457 ante
1908 1403 2048 1457 diem

479 1507 731 1562 magnum
766 1503 820 1548 et
852 1493 1219 1558 manifestum,
1272 1508 1379 1563 qua
1417 1493 1672 1547 omnibus
1721 1501 2052 1560 proponetur

479 1582 722 1639 divinum
769 1585 968 1640 Christi
1013 1584 1270 1649 tribunal,
1303 1583 1483 1639 dantis
1513 1584 1706 1652 cuique
1751 1583 2050 1640 secundum

477 1689 640 1743 opera
682 1689 778 1730 sua
801 1674 868 1739 “,
896 1675 1132 1730 oetendit
1171 1689 1292 1729 cum
1341 1674 1512 1729 dicit:
1543 1691 1562 1725 ι
1590 1673 1911 1743 Priusquam
1954 1687 2045 1728 ve-

479 1765 591 1816 niat
623 1765 736 1818 dies
767 1765 976 1820 Domini
1016 1781 1243 1836 magnus
1272 1775 1326 1820 et
1352 1765 1667 1821 manifestus
1690 1765 1788 1818 ".i
1828 1766 1907 1819 Ad
1935 1765 2050 1820 haec

2151 589 2213 642 τὸ
2246 589 2590 660 περιϐόλαιον
2613 587 2799 641 αὑτοῦ.
2822 607 2842 638 ι
2873 585 3116 658 Οὐρανὸν
3144 585 3202 639 δὲ
3222 586 3349 640 ὅταν
3381 584 3534 655 λέγῃ,
3564 588 3747 642 πάντα

2153 681 2285 750 φησὶ
2316 679 2384 733 τά
2414 681 2470 732 ἐν
2503 677 2718 749 ούρανῷ
2746 670 2857 730 οἷον
2890 677 3078 747 σάκκῳ
3107 676 3187 747 τῷ
3216 676 3398 730 σκότει
3432 678 3749 749 καταμεριέ-

2153 787 2263 834 σαι,
2297 769 2624 832 πενθοῦντα,
2651 769 2747 823 xui
2783 767 3072 836 ἀλγοῦντα,
3117 767 3214 820 xui
3238 765 3428 838 ὥσπερ
3454 767 3751 840 διακεκρα⁹

2150 859 2286 928 γότα
2312 858 2390 929 τῷ
2421 860 2679 930 σχήματι.
2720 858 2932 928 Σημεῖα
2976 857 3074 927 μὲν
3105 853 3200 910 οὗν
3229 856 3288 908 ἐν
3328 856 3543 927 οὐρανῷ
3582 861 3747 912 ταυτὶ

2152 949 2336 1020 φαίην.
2367 948 2448 1002 Τὰ
2475 949 2532 1002 δὲ
2561 951 2642 1012 είς
2673 949 2777 1020 γῆν
2808 943 2948 1019 αἷμά
2983 965 3042 1000 τε
3068 948 3164 1001 xui
3202 945 3335 1018 πῦρ,
3377 949 3472 1000 καὶ
3508 948 3678 1018 ἀτμὶς
3711 949 3746 1020 ή

2151 1035 2362 1091 καπνοῦ
2421 1035 2875 1106 καταδηλώσειεν,
2925 1031 3078 1106 οἶμαι
3101 1073 3115 1098 ,
3165 1034 3267 1098 τὰς
3311 1034 3420 1088 τῶν
3471 1036 3748 1090 Ἰουδαίων

2153 1126 2458 1197 συμφορὰς,
2489 1126 2557 1189 ἃς
2591 1129 2620 1180 ό
2658 1127 3008 1196 παγχάλεπος
3035 1125 3220 1186 αὐτοῖς
3262 1123 3497 1193 πόλεμος
3536 1124 3748 1178 ἐπετώ-

2155 1232 2363 1286 ρευσεν,
2392 1216 2420 1268 ό
2446 1217 2545 1286 τῆς
2572 1213 2661 1267 διὰ
2696 1213 2804 1268 τῶν
2849 1212 3135 1283 Ῥωμαίων
3171 1212 3376 1282 χειρός.
3401 1213 3606 1283 Δῖματι
3631 1213 3745 1283 γὰρ

2150 1308 2186 1376 ή
2213 1308 2362 1359 πᾶσα
2414 1306 2512 1375 μὲν
2554 1304 2735 1358 αὐτῶν
2783 1305 3172 1375 κατερῤαίνετο
3212 1301 3386 1374 χώρα.
3414 1303 3652 1373 Ἔμελλε
3683 1303 3742 1357 δὲ

2149 1397 2284 1466 ὁμοῦ
2322 1398 2444 1458 ταῖς
2487 1395 2676 1449 πόλεσι
2721 1395 2817 1449 καὶ
2859 1395 3022 1458 αὐτὸς
3064 1397 3094 1448 ό
3133 1393 3418 1463 διαϐόητος
3463 1393 3742 1464 καταπίμ-

2149 1485 2391 1554 πρασθαι
2411 1484 2566 1548 νεὼς,
2589 1480 2728 1538 οἶκοί
2753 1501 2812 1536 τε
2839 1482 3202 1546 καπνίζεσθαι
3228 1483 3729 1552 κατασεσεισμένοι.

2151 1574 2275 1631 Ὅτι
2312 1576 2368 1629 δὲ
2399 1576 2494 1630 xui
2529 1576 2635 1646 πρὸ
2687 1575 2786 1646 τῆς
2824 1575 3039 1646 ἡμέρας
3085 1575 3184 1646 τῆς
3216 1573 3459 1645 μεγάλης
3497 1574 3591 1626 xui
3618 1574 3728 1627 ἐπι-

2150 1665 2374 1734 φανοῦς,
2405 1665 2526 1718 καθ’
2570 1667 2637 1736 ἢν
2671 1665 2844 1718 ἅπασι
2886 1665 3242 1735 προκείσεται
3274 1663 3334 1717 τὸ
3367 1663 3510 1716 θεῖον
3561 1663 3736 1733 βῆμα,

2150 1755 2387 1827 Χριστυῦ
2431 1755 2662 1818 διδόντος
2709 1755 2928 1825 ἐκάστῳ
2965 1754 3108 1809 κατὰ
3147 1755 3216 1809 τά
3259 1753 3397 1826 ἔργα
3442 1753 3634 1820 αὐτοῦ,
3674 1755 3737 1806 τὰ

477 1850 772 1904 notandum
821 1853 993 1919 ipsum
1047 1851 1378 1907 Salvatorem
1434 1862 1677 1908 nostrum
1743 1854 2048 1922 interroga-

2149 1849 2325 1903 τοιάδε
2351 1849 2464 1911 τοῖς
2505 1846 2779 1910 Ἰουδαίοις
2817 1846 3158 1917 συμϐήσεται
3176 1887 3192 1913 ,
3227 1845 3637 1916 διαμεμήνυκεν
3665 1845 3734 1898 εί-

476 1949 590 1993 tum
614 1955 643 1994 a
667 1943 867 1997 sanctis
893 1942 1148 2012 apostolis
1183 1943 1248 1997 de
1275 1943 1740 2011 consummatione
1765 1944 1921 2015 231
1946 1959 2048 2000 sa:-

375 2026 397 2031 "
476 2031 582 2085 culi
633 2041 688 2086 et
715 2035 994 2089 eversione
1018 2034 1537 2106 Hierosolymorum,
1563 2037 1844 2092 miscuisse
1869 2036 2044 2106 signa,

475 2131 536 2176 ut
565 2123 828 2180 incertum
872 2127 945 2181 ita
975 2127 1178 2184 faceret
1204 2127 1454 2195 forsitan,
1488 2143 1609 2197 quae
1644 2128 1861 2197 quando
1887 2141 2049 2183 even-

476 2222 592 2269 tura
619 2213 813 2272 forent.

2149 1939 2266 1992 πὼν
2295 1955 2310 1970 ·
2348 1956 2366 1990 ι
2396 1939 2533 2010 Πρὶν
2580 1936 2755 1990 ἐλθεῖν
2802 1937 2901 2006 τὴν
2943 1935 3157 2008 ἡμέραν
3201 1937 3301 2006 τὴν
3357 1934 3604 2006 μεγάλην
3651 1933 3739 1988 xui

2150 2029 2441 2099 ἐπιφανῆ.»
2471 2027 2812 2100 Σημειωτέον
2835 2027 2892 2080 δέ
2923 2027 3061 2098 πρὸς
3087 2027 3319 2094 τούτοις,
3336 2029 3421 2081 ὅτι
3451 2029 3546 2082 καὶ
3577 2026 3739 2091 αὐτὸς

2149 2121 2180 2173 ὁ
2205 2118 2410 2190 Κύριος
2433 2117 2590 2189 ἡμῶν
2615 2117 2966 2188 ἐρωτώμενος
2995 2117 3148 2188 παρὰ
3175 2117 3285 2172 τῶν
3310 2118 3483 2186 ἁγίων
3508 2117 3738 2172 ἀποστό-

2154 2212 2259 2264 λων
2287 2210 2356 2264 τὰ
2389 2210 2518 2280 περὶ
2546 2210 2647 2281 τῆς
2674 2210 2986 2274 συντελείας
3012 2209 3107 2264 τοῦ
3138 2210 3357 2275 αίῶνος,
3383 2212 3474 2266 καὶ
3503 2212 3574 2266 τὰ
3605 2215 3738 2282 περ)⁸

471 2303 571 2373 τῆς
604 2305 712 2360 τῶν
759 2308 1145 2379 Ἰεροσολύμων
1213 2311 1626 2384 καταστροφῆς,
1676 2308 1828 2382 ἔμιξε
1870 2307 1938 2362 τὰ
1985 2307 2206 2378 σημεῖα,
2261 2304 2336 2368 ὡς
2375 2303 2518 2373 τάχα
2557 2319 2662 2356 που
2703 2302 2799 2356 xui
2861 2302 3172 2371 ἀγνοεῖσθαι
3213 2301 3417 2370 λοιπὸν,
3493 2305 3626 2358 ποῖα
3669 2301 3766 2370 δή-

474 2409 606 2448 ποτε
636 2397 997 2467 συμϐήσεται.

549 2487 716 2541 Vsns.
760 2489 848 2544 5’2.
897 2487 963 2542 Et
1002 2491 1147 2546 erit:
1183 2491 1368 2548 Omnis
1394 2493 1688 2563 quicunque
1737 2489 2052 2547 invocarerit

473 2594 662 2631 nomen
699 2577 932 2644 Domini,
976 2583 1151 2635 salvus
1174 2584 1306 2645 erit;
1343 2584 1467 2653 quia
1506 2584 1562 2636 in
1592 2593 1766 2638 monte
1812 2583 1964 2648 Sion,
2002 2593 2054 2636 et

473 2667 528 2720 in
569 2665 867 2722 Jerusalem
900 2670 1003 2724 erit
1048 2673 1306 2736 salvatus,
1344 2673 1478 2727 sicut
1513 2673 1648 2728 dixit
1673 2673 1966 2738 Dominus;
2003 2682 2052 2728 et

470 2761 890 2830 cvangelizantes
921 2777 1051 2832 quos
1075 2761 1328 2820 Dominus
1346 2767 1574 2843 pacavit.

542 2931 804 2988 XXXVII.
851 2935 1082 2990 Omnino
1118 2939 1283 3007 igitur
1310 2946 1365 2992 et
1399 2939 1558 3008 plane
1588 2946 1811 3009 propter
1831 2936 2046 2995 Iudaeo-

471 3035 592 3073 rum
635 3021 842 3075 nefaria
877 3023 1116 3077 facinora
1163 3026 1217 3078 in
1268 3025 1408 3080 ccelo
1446 3034 1502 3081 et
1530 3027 1585 3081 in
1617 3035 1760 3084 terra
1789 3028 1944 3099 signa
1989 3037 2046 3084 et

471 3112 719 3183 prodigia
750 3113 864 3168 fore
899 3115 1000 3170 ait.
1039 3115 1402 3175 Nihilominus
1435 3121 1598 3174 etiam
1649 3121 1732 3175 sic
1777 3087 1907 3191 ipsis
1951 3123 2044 3179 Dei
2072 3087 2115 3147 ο

473 3203 891 3272 placabilitatem
947 3219 1068 3260 esse
1117 3209 1472 3277 propositam,
1525 3211 1753 3266 salutem
1798 3212 2047 3269 videlicet

472 3307 571 3362 per
604 3293 783 3356 ﬁdem,
822 3294 874 3346 in
915 3293 1129 3349 Christo
1152 3296 1616 3366 justiticationem,
1647 3302 1841 3373 pignus
1873 3302 2047 3372 Spiri-

477 3393 583 3446 tus,
621 3383 1124 3450 sanctiﬁcationem,
1164 3401 1313 3455 spem
1353 3389 1500 3458 regni
1531 3389 1812 3457 cmlorum,
1853 3392 2045 3446 remit-

473 3481 622 3528 tente
681 3472 790 3529 Deo
843 3483 899 3529 et
948 3475 1298 3533 obliviscente
1357 3480 1409 3533 in
1466 3481 1741 3536 Christum
1789 3483 1858 3538 ab
1914 3483 2045 3552 ipsis

473 3561 764 3616 commissa
819 3563 1047 3619 scelera.
1097 3564 1292 3620 Petrus
1344 3568 1528 3637 itaque
1571 3580 1793 3626 accusat
1845 3573 2048 3628 acriter

472 3650 777 3706 Judaeorum
814 3655 1087 3723 populum,
1144 3666 1328 3725 aperte
1381 3659 1714 3726 exclamans,
1765 3663 2048 3719 universo-

475 3754 592 3792 rum
622 3739 956 3795 Salvatorem
1002 3758 1066 3797 ac
1095 3743 1508 3815 Redemptorem
1553 3763 1648 3803 eos
1673 3751 1956 3817 occidisse,
1990 3752 2044 3808 in

472 3829 620 3900 ligno
655 3831 1066 3900 suspendentes,
1101 3845 1154 3888 et
1187 3850 1411 3904 negasse
1440 3837 1700 3893 Sanctum
1733 3849 1787 3895 et
1808 3840 2043 3908 Justum,

473 3930 530 3974 et
558 3921 779 3988 petiisse
810 3923 1134 3978 homicidam
1166 3924 1354 3979 donari
1384 3926 1485 3981 sibi
1506 3927 1656 3984 ""7.
1676 3931 1932 4002 Adjungit
1961 3933 2047 3989 his

474 4011 670 4064 deinde
700 4027 716 4064 :
749 4028 769 4062 ι
804 4011 871 4064 Ει
913 4028 1057 4068 nunc
1086 4015 1221 4080 scio,
1260 4013 1479 4084 fratres,
1504 4019 1630 4086 quia
1669 4035 1763 4088 per
1792 4023 2049 4090 ignoran-

476 4101 604 4154 tiam
649 4100 877 4167 fecistis,
911 4102 1050 4158 sicut
1076 4112 1131 4158 et
1172 4106 1444 4176 principes
1477 4107 1663 4162 vestri.
1697 4107 2045 4166 Prenitemini

474 4190 665 4259 igitur,
694 4200 749 4245 et
780 4195 1242 4260 convertimini“,
1266 4206 1320 4252 et
1347 4198 1652 4267 baptizetur
1676 4201 2049 4271 unusquisque

473 4290 712 4334 vestrum
761 4280 814 4335 in
843 4283 1063 4336 nomine
1095 4284 1305 4340 Domini
1339 4284 1486 4352 Jesu,
1517 4296 1572 4342 et
1604 4290 1881 4359 accipietis
1925 4306 2048 4360 gra-

475 4369 605 4422 tiam
639 4369 875 4439 Spiritus
900 4373 1096 4426 sancti.
1129 4373 1298 4430 Vobis
1325 4378 1469 4432 enim
1501 4386 1584 4434 est
1607 4381 1976 4449 repromissio,
1993 4389 2048 4437 et

476 4460 602 4514 ﬁliis
646 4462 924 4517 vestris".
957 4482 976 4514 ι
1026 4464 1312 4530 Quocirca,
1355 4471 1625 4537 quamvis,
1672 4472 1868 4542 inquit,
1904 4474 2042 4530 facta

475 4550 584 4604 sint
615 4552 766 4620 signa
797 4562 852 4606 et
893 4553 1157 4622 prodigia,
1193 4557 1492 4612 salvabitur
1528 4567 1705 4615 tamen
1739 4564 2047 4634 quicunque

476 4637 760 4693 Dominum
805 4655 870 4695 ac
910 4642 1034 4696 caeli
1087 4652 1350 4713 terraique
1383 4653 1654 4714 potentem
1691 4648 2042 4707 invocaverit.

475 4727 712 4784 Verbum
773 4745 900 4785 vero
957 4732 1150 4788 salutis
1206 4734 1258 4788 in
1307 4735 1418 4804 ipsa
1477 4736 1872 4810 Hierosolyma,
1928 4758 2047 4812 quae

475 4821 647 4890 prima
697 4822 898 4877 occidit
948 4823 1256 4890 Dominum,
1297 4829 1714 4898 promulgatum,
1747 4841 1802 4886 et
1845 4834 1918 4887 ita
1950 4849 2048 4905 per

474 4923 666 4966 omnes
707 4920 892 4982 gentes
925 4915 1302 4971 circumlatum
1352 4918 1416 4972 iri
1453 4933 1550 4986 per
1583 4929 1802 4977 sanctos
1828 4933 2048 4994 aposto-

477 4999 580 5067 los,
627 5003 774 5058 clare
821 5005 1053 5075 perspici
1105 5021 1170 5060 ex
1223 5007 1325 5062 hoc
1371 5009 1645 5079 propheta:
1690 5015 1904 5083 possit:
1942 5035 1960 5069 ‹
1988 5015 2046 5072 In

476 5102 659 5149 monte
686 5093 814 5150 Sion
840 5105 892 5148 et
922 5097 974 5150 in
1007 5096 1301 5152 Jerusalem
1328 5100 1434 5153 erit
1460 5100 1713 5169 salvatus,
1745 5113 1800 5159 et
1827 5119 2042 5162 annun-

479 5182 677 5238 tiantes
729 5199 866 5254 quos
912 5185 1170 5243 Dominus
1211 5189 1440 5243 vocavit.
1473 5208 1491 5241 ι
1529 5189 1662 5246 Nam
1715 5203 1773 5248 ut
1812 5211 1842 5249 a
1878 5196 2044 5252 Paulo

478 5271 680 5325 dictum
729 5286 852 5331 est:
887 5295 908 5328 ‹
936 5277 1105 5332 Nemo
1135 5279 1302 5334 sumit
1342 5280 1444 5334 sibi
1485 5281 1771 5349 honorem,
1820 5287 1916 5340 sed
1953 5289 2046 5356 qui

479 5369 701 5414 vocatur
740 5379 769 5416 a
814 5365 922 5420 Deo
943 5368 1011 5420 ³⁸.
1045 5384 1063 5419 ι
1103 5368 1287 5423 Vocati
1323 5380 1449 5424 sunt
1496 5371 1658 5440 igitur
1685 5388 1806 5428 cum
1838 5376 2046 5431 delectu

478 5463 549 5506 ex
595 5454 845 5511 omnibus
903 5459 1044 5513 beati
1102 5460 1383 5530 discipuli,
1446 5477 1544 5518 nec
1593 5474 1783 5534 sponte
1837 5481 1933 5521 sua
1980 5468 2047 5522 ad

2219 2479 2329 2534 Καὶ
2373 2477 2546 2533 ἔσται
2569 2494 2585 2509 ο
2621 2478 2747 2543 Πᾶς
2774 2478 2843 2545 ὃς
2875 2479 2955 2533 ἂν
2982 2479 3416 2547 ἐπικαλέσηται
3451 2481 3522 2536 τὸ
3550 2483 3740 2553 ὄνομα

2145 2570 2388 2638 Κυρίου,
2416 2569 2754 2636 σωθήσεται
2777 2585 2792 2600 °
2816 2569 2908 2624 ὅτι
2940 2570 3012 2624 ἐν
3053 2570 3135 2636 τῷ
3175 2570 3299 2640 ὄρει
3337 2571 3511 2638 Σιὼν,
3542 2573 3644 2628 καὶ
3669 2574 3740 2628 ἐν

2156 2659 2555 2730 Ἰερουσαλὴμ
2573 2661 2747 2715 ἔσται
2774 2662 3246 2733 ἀνασωζόμενος,
3272 2667 3480 2720 καθότι
3509 2662 3683 2723 εἶπεν
3705 2672 3739 2725 ό

2147 2753 2385 2821 Κύριος,
2419 2751 2518 2806 καί
2557 2750 3074 2822 εὐαγγελιζόμενοι
3110 2753 3219 2821 οὓς
3248 2757 3283 2810 ὁ
3308 2756 3532 2825 Κύριος
3552 2771 3738 2828 προσ-

2147 2842 2457 2910 κέκληται.

2216 2935 2340 2989 AZ'.
2384 2934 2644 2988 Ἔσεσθαι
2681 2935 2780 3006 μὲν
2825 2928 2922 2990 οῦν
2969 2935 3150 3007 πάντη
3175 2954 3236 2990 τε
3265 2939 3362 2992 xui
3389 2940 3615 3004 πάντως
3647 2941 3737 2994 ἐπὶ

2147 3027 2268 3090 ταῖς
2308 3025 2418 3080 τῶν
2450 3027 2720 3081 Ἰουδαίων
2765 3028 3134 3099 άνοσιεργίαις
3170 3031 3230 3083 ἐν
3269 3031 3507 3103 οὐρανῷ,
3537 3033 3636 3087 xui
3667 3037 3734 3106 γῇ

2147 3117 2214 3170 τὰ
2245 3119 2446 3188 σημεῖά
2483 3135 2639 3190 φησι,
2673 3119 2767 3173 xui
2797 3121 2867 3174 τὰ
2898 3120 3122 3191 τέρατα.
3166 3123 3502 3192 Προκεῖσθαί
3533 3141 3598 3194 γε
3634 3126 3738 3197 μὴν

2147 3211 2242 3263 xui
2292 3209 2465 3274 οὕτως
2512 3211 2698 3275 αὐτοῖς
2744 3211 2814 3264 τὰ
2859 3211 2919 3277 ἐξ
2970 3213 3310 3285 ἡμερότητος
3335 3215 3494 3281 Θεοῦ,
3524 3217 3628 3288 τὴν
3652 3218 3737 3272 διὰ

2146 3301 2384 3365 πίστεως
2426 3301 2668 3372 δηλονότι
2705 3303 3002 3374 σωτηρίαν,
3029 3303 3128 3375 τὴν
3173 3304 3232 3358 ἐν
3260 3306 3486 3378 Χριστῷ
3516 3308 3732 3362 δικαίω-

2148 3408 2254 3454 σιν,
2281 3391 2372 3444 τὸν
2399 3393 2699 3464 ἀρραϐῶνα
2725 3394 2820 3446 τοῦ
2842 3395 2984 3448 Πνεύ
2993 3411 3184 3464 ματος,
3205 3395 3299 3449 τὸν
3323 3398 3616 3470 ἁγιασμόν,
3635 3399 3732 3469 τήν

2145 3481 2338 3535 ἐλπίδα
2387 3483 2488 3552 τῆς
2543 3483 2652 3537 τῶν
2698 3484 2944 3555 οὐρανῶν
2994 3484 3291 3554 βασιλείας,
3341 3488 3731 3558 ἀμνησικάκως

2146 3572 2330 3636 αὐτοῖς
2357 3573 2576 3637 ἀνέντος
2601 3574 2737 3627 Θεοῦ
2767 3576 2862 3629 xui
2903 3575 2974 3629 τὰ
3019 3579 3101 3640 είς
3124 3578 3360 3648 Χριστὸν
3390 3580 3732 3652 ἐγκλήματα.

2146 3663 2351 3734 Πέτρος
2382 3665 2513 3732 γοῦν
2549 3668 2848 3738 κατῃτιᾶτο
2892 3668 2993 3738 μὲν
3041 3671 3248 3742 σφόδρα
3299 3671 3429 3735 τοὺς
3473 3673 3583 3728 τῶν
3607 3673 3736 3728 Ἰου-

2143 3752 2308 3807 δαίων
2350 3754 2576 3836 δήμους,
2605 3756 2904 3828 διαρῤήδην
2933 3761 3348 3832 άνακεκραγὼς,
3385 3765 3462 3828 ὡς
3498 3765 3734 3820 ἀπεκτό-

2144 3861 2268 3898 νασι
2299 3845 2396 3915 μὲν
2429 3845 2810 3917 κρεμάσαντες
2847 3851 2940 3902 ἐπὶ
2983 3851 3142 3917 ξύλου
3171 3852 3262 3906 τὸν
3291 3853 3401 3907 τῶν
3435 3855 3577 3909 ὅλων
3622 3858 3734 3910 Σω-

2143 3935 2411 4006 τῆραλκαὶ
2447 3937 2764 4009 Λυτρωτὴν,
2794 3939 2890 3992 xui
2921 3942 3230 4012 ἠρνήσαντο
3282 3944 3380 4015 μὲν
3420 3945 3513 4000 τὸν
3561 3947 3732 4016 ἆγιον,

2144 4026 2239 4080 καὶ
2291 4025 2518 4093 δίκαιον,
2559 4027 2832 4099 ἐζήτησαν
2871 4029 2930 4083 δὲ
2972 4032 3141 4102 ἄνδρα
3189 4034 3356 4102 φονέα
3407 4038 3734 4109 χαρισθῆναι

2146 4117 2350 4180 αὐτοῖς.
2386 4119 2704 4190 Προσετίθει
2753 4121 2810 4175 δὲ
2853 4122 3064 4186 τούτοις
3085 4142 3099 4155 ο
3156 4143 3175 4176 ι
3205 4127 3316 4180 Καὶ
3341 4127 3459 4193 νῦν,
3491 4130 3730 4199 ἀδελφοὶ,

2145 4203 2260 4262 οῖδα
2309 4210 2392 4264 ὅτι
2424 4210 2568 4264 κατὰ
2594 4211 2817 4280 ἄγνοιαν
2848 4208 3123 4285 ἐπράξατε
3163 4216 3354 4289 ὥσπερ
3402 4220 3499 4273 xui
3549 4224 3597 4274 οί
3639 4223 3733 4292 ἄρ-

2145 4317 2332 4368 χοντες
2392 4301 2567 4372 ὑμῶν.
2618 4303 3004 4375 Μετανοήσατε
3051 4301 3145 4360 οὖν
3172 4346 3188 4369 ,
3239 4309 3334 4361 xui
3380 4310 3731 4382 βαπτισθήτω

2078 4428 2122 4482 D
2148 4389 2377 4454 ἕκαστος
2407 4391 2562 4460 ὑμῶν
2593 4392 2675 4452 είς
2713 4391 2776 4445 τὸ
2807 4393 2978 4464 ὄνομα
3020 4394 3113 4448 τοῦ
3164 4396 3373 4467 Κυρίου
3405 4397 3598 4470 Ἰησοῦ,
3634 4401 3730 4453 καὶ

2149 4479 2383 4550 λήψεσθε
2416 4478 2514 4552 τὴν
2540 4479 2748 4550 δωρεὰν
2777 4483 2871 4536 τοῦ
2893 4484 3051 4553 άγίου
3081 4485 3400 4557 Πνεύματος
3417 4505 3433 4519 ·
3469 4489 3598 4560 ὑμῖν
3623 4489 3732 4561 γάρ

2152 4571 2288 4623 είσιν
2321 4571 2377 4622 ui
2416 4570 2757 4638 ἐπαγγελίαι,
2791 4574 2886 4627 καὶ
2925 4577 3039 4639 τοῖς
3082 4576 3291 4639 τέκνοις
3323 4577 3498 4647 ὑμῶν.
3525 4597 3546 4631 ι
3595 4581 3732 4633 (lux-

2149 4660 2244 4713 οῦν
2275 4659 2378 4714 κᾶν
2411 4662 2460 4714 εί
2484 4661 2712 4728 γένοιτο,
2747 4664 2902 4734 φησὶ,
2937 4667 3159 4735 σημεῖα,
3181 4668 3276 4720 καὶ
3304 4668 3532 4739 τέρατα,
3561 4670 3730 4741 σωθή-

2152 4768 2304 4804 σεται
2336 4752 2443 4814 πᾶς
2473 4751 2532 4814 ὃς
2565 4753 2632 4806 ἂν
2668 4754 3060 4826 ἐπικαλέσηται
3081 4757 3348 4830 δεσπότην
3379 4760 3470 4814 τὸν
3499 4761 3728 4832 ούρανοῦ

2148 4861 2210 4896 τε
2237 4844 2331 4897 xui
2358 4844 2461 4914 γῆς
2493 4845 2848 4913 Κύριον.Ὄτι
2879 4847 2935 4900 δέ
2963 4847 3185 4918 ἔμελλεν
3214 4851 3242 4903 ό
3274 4851 3447 4919 Λόγος
3482 4851 3588 4921 τῆς
3629 4869 3732 4905 σω-

2149 4931 2346 5002 τηρίας
2391 4934 2449 4984 ἐν
2495 4933 2632 5003 αὐτῇ
2682 4933 2776 4988 καὶ
2806 4935 2995 5008 πρώτῃ
3020 4937 3420 5008 λαληθήσεσθαι
3443 4943 3510 5012 τῇ
3543 4959 3728 5012 κυριο-

2151 5021 2324 5092 κτόνῳ
2359 5021 2732 5094 Ἰερουσαλὴμ,
2769 5025 3282 5098 περιενεχθήσεσθαι
3329 5029 3387 5082 δὲ
3438 5028 3588 5083 οὕτω
3637 5028 3729 5083 xui

2139 5112 2220 5174 είς
2245 5111 2421 5165 πάντα
2449 5111 2519 5165 τὰ
2541 5111 2668 5184 ἔθνη
2706 5113 2794 5166 διὰ
2834 5114 2940 5167 τῶν
2978 5116 3147 5184 ἁγίων
3195 5117 3531 5181 ἀποστόλων,
3562 5119 3728 5187 σαφὲς

2141 5203 2207 5256 ἂν
2254 5204 2483 5271 γένοιτο,
2509 5204 2603 5256 τοῦ
2659 5207 2944 5277 Προφήτου
2989 5209 3268 5276 λέγοντος·
3321 5228 3338 5261 ι
3361 5210 3452 5261 Ἐν
3492 5210 3572 5279 τῷ
3612 5210 3726 5280 ὄρει

2143 5293 2302 5359 Σιὼν,
2339 5296 2432 5348 καὶ
2471 5299 2528 5350 ἐν
2572 5295 2928 5367 Ἰερουσαλὴμ
2970 5297 3123 5352 ἔσται
3160 5298 3598 5368 ἀνασωζόμενος,
3633 5299 3725 5352 xui

2143 5381 2615 5455 εὐαγγελιζόμενοι
2643 5424 2656 5448 ,
2699 5383 2793 5447 οὒς
2846 5387 3050 5456 Κύριος
3101 5386 3550 5457 προσκέκληκεψ
3583 5407 3602 5440 ι
3649 5388 3724 5451 ὡς

2144 5470 2253 5540 γὰρ
2280 5472 2490 5538 Παῦλος
2522 5475 2744 5546 γράφει,
2786 5493 2805 5526 ‹
2833 5475 2944 5546 Οὐχ
2988 5476 3178 5529 ἑαυτοῦ
3211 5493 3294 5540 τις
3329 5477 3600 5547 λαμϐάνει
3627 5476 3725 5548 τήν

551 5647 598 5740 2
758 5666 811 5740 τί,
975 5652 1021 5686 ⁸⁸
1049 5652 1238 5711 Matth.
1271 5673 1379 5726 XVI,
1407 5660 1498 5714 57.
1575 5662 1620 5694 ⁸⁵
1644 5661 1764 5716 Act.
1800 5676 1859 5727 it,
1887 5661 1957 5716 20

2149 5664 2287 5721 Ἀρι.
2318 5665 2623 5733 ιιι,15,14.
2699 5668 2742 5700 ⁸⁸
2768 5667 2925 5738 lbiil.,
2960 5670 3045 5738 17,
3073 5672 3158 5729 19.
3235 5671 3277 5704 ⁵³
3300 5671 3421 5727 Act.
3447 5688 3510 5740 ii,
3541 5673 3715 5731 58-59.

485 5719 530 5751 ⁸⁰
555 5717 718 5774 llcbr.
759 5737 792 5774 ν
809 5761 825 5788 ,
860 5721 914 5775 4.
