4054 6274
310 387 409 444 585

1165 387 1719 449 COMMENTARIUS
1760 393 1826 449 IN
1861 393 2127 454 JOELEM
2166 397 2615 460 PROPHETAM.

3423 417 3528 473 386

312 501 484 573 τιμὴν,
522 499 628 554 ἀλλ’
648 500 676 555 ὀ
701 499 1030 572 καλούμενος
1063 503 1168 558 ὑπὸ
1199 505 1294 559 τοῦ
1317 507 1474 562 Θεοῦ.
1502 528 1522 560 s
1552 510 1838 582 Κέκληντα

1962 519 2318 586 apostolatum
2361 530 2746 577 accesserunt:
2795 522 2933 578 sicut
2964 524 3190 582 stolidus
3219 524 3527 583 Pharisazus

311 593 479 646 τοίνυν
520 590 810 660 άπολέγδην
857 593 924 645 ἐκ
975 593 1191 648 πάντων
1219 596 1270 648 οἱ
1300 597 1559 667 μακάριοι
1590 600 1851 670 μαθηταὶ,

313 683 401 736 καὶ
427 683 517 736 οὐκ
542 681 820 752 αὐτόμολοι
842 683 1118 754 παρῆλθον
1149 683 1229 749 είς
1255 687 1579 758 ἀποστολὴν,
1601 688 1854 763 καθάπερ

313 775 341 828 ὀ
362 775 680 845 ἀπόπληκτος
716 777 1006 846 Φαρισαῖος
1056 779 1286 845 ἐκεῖνος,
1318 780 1483 850 ήγουν
1528 782 1767 853 νομικὸς,
1794 784 1854 848 ὃς

313 868 416 928 τοῖς
433 866 525 935 τῆς
549 865 837 937 μαθητείας
855 868 1169 938 αὐχήμασιν
1190 870 1380 924 ἐαυτὸν
1397 871 1578 938 ἐνιεὶς,
1597 873 1851 944 προσέθει

308 954 474 1022 λέγων
493 972 506 986 ο
530 974 547 1005 ι
574 955 761 1024 Κύριε,
803 956 1155 1026 ἀκολουθήσω
1180 974 1261 1010 σοι
1290 960 1423 1012 ὅπου
1447 959 1544 1015 ἐὰν
1563 962 1799 1032 ἀπέρχῃ.
1830 980 1850 1014 ι

305 1044 556 1117 Ταύτῃτοι
582 1045 672 1098 καὶ
691 1045 719 1096 ὀ
733 1044 924 1116 Σωτὴρ
942 1045 1381 1116 παρενοχλοῦντά
1395 1067 1453 1102 τε
1473 1051 1617 1120 είκῆ,
1636 1052 1729 1104 καὶ
1748 1051 1858 1105 τῶν

297 1134 648 1203 εὐαγγελικῶν
675 1135 1121 1205 ἐπιτηδευμάτων
1166 1139 1277 1192 οὐδ’
1303 1141 1427 1193 ὅσον
1473 1141 1645 1195 είπεῖν
1691 1143 1858 1210 ἐγγὺς

294 1221 558 1289 γεγονότα,
595 1223 904 1293 παρωθεῖτο
947 1224 1119 1293 λέγων
1141 1242 1155 1256 ·
1215 1244 1233 1278 ι
1263 1228 1330 1279 Δί
1369 1227 1673 1294 ἀλώπεκες,
1705 1249 1724 1280 ι
1765 1232 1858 1283 καὶ

293 1311 356 1366 τά
383 1313 520 1382 ἑξῆς.
549 1313 675 1376 Τοῖς
699 1329 761 1381 γε
794 1314 900 1385 μὴν
929 1314 1244 1384 ἐπιτηδείως
1272 1315 1486 1386 ἔχουσιν
1513 1319 1592 1380 είς
1621 1319 1852 1371 ἀποστο-

293 1400 382 1472 λὴν
417 1401 682 1470 ἐπεφώνει
707 1402 900 1471 λέγων’
932 1422 952 1456 ‹
978 1404 1139 1458 Δεῦτε
1163 1404 1340 1458 ὀπίσω
1365 1422 1492 1476 μου,
1525 1407 1620 1460 καὶ
1643 1409 1853 1478 ποιήσω

292 1493 424 1562 ὑμᾶς
449 1493 702 1563 γενέσθαι
733 1495 904 1559 ἁλιεῖς
935 1495 1256 1566 ἀνθρώπων.
1289 1515 1308 1548 ι
1341 1497 1616 1552 Ματθαῖόν
1656 1515 1716 1566 γε
1747 1499 1852 1570 μήν

288 1582 344 1647 ἐξ
369 1585 536 1639 αὐτῶν
563 1585 816 1656 ἀνίστησι
841 1586 948 1640 τῶν
973 1590 1071 1658 τῆς
1099 1586 1414 1654 πλεονεξίας
1449 1591 1848 1663 ἐργαστηρίων,

1960 607 2072 672 ille,
2112 609 2224 664 sive
2266 609 2626 680 legisperitus,
2663 613 2755 683 qui
2789 627 2848 668 se
2883 614 3199 686 discipulum
3242 632 3361 673 esse
3389 618 3526 672 velle

1958 697 2216 764 gloriatus
2249 715 2263 751 :
2303 714 2322 748 ι
2354 691 2570 767 Sequar
2602 711 2676 764 te,
2726 719 2746 754 ι
2781 701 2971 771 inquit,
3009 722 3027 754 ι
3068 719 3387 774 quocunque
3416 704 3526 759 ive-

1957 786 2032 842 ris
2051 786 2119 838 ".
2153 806 2172 839 ι
2208 785 2385 852 Quare
2415 797 2469 842 et
2496 789 2744 845 Salvator
2784 792 2984 847 frustra
3022 795 3419 858 obturbantem,
3470 802 3526 848 et

1957 892 1986 931 a
2015 878 2207 933 studiis
2233 879 2558 949 evangelicis
2585 882 3003 938 remotissimum
3032 887 3260 954 repellit,
3293 887 3481 941 dicens
3505 902 3519 939 :

1958 983 1978 1016 ι
2016 965 2233 1035 Vulpes,
2269 984 2288 1015 ι
2315 975 2420 1022 etc.
2449 966 2670 1034 Contra,
2696 971 2762 1024 ad
2785 972 3149 1039 apostolatum
3179 975 3386 1029 idoneis
3412 973 3518 1029 ait:

1953 1055 2114 1125 232
2146 1073 2165 1107 s
2198 1055 2389 1112 Venite
2423 1066 2544 1126 post
2579 1073 2686 1124 me,
2717 1069 2767 1113 et
2796 1058 2992 1115 faciam
3040 1077 3138 1116 vos
3182 1064 3297 1118 ﬁeri
3344 1065 3520 1134 pisca-

1956 1155 2098 1200 tores
2147 1143 2427 1201 hominum
2451 1148 2519 1202 ".
2557 1165 2578 1201 ι
2642 1147 2950 1203 Matthasum
3012 1153 3227 1220 quidem
3279 1155 3346 1208 ab
3407 1155 3519 1222 ipsa

1952 1236 2194 1292 avaritiae
2250 1237 2461 1293 olIicina
2507 1240 2744 1303 excitat,
2795 1243 2945 1309 sequi
2992 1241 3272 1312 jubens".
3331 1243 3522 1298 Vocati

1955 1334 2081 1378 sunt
2109 1336 2312 1392 autem,
2338 1328 2610 1386 voluntate
2638 1330 2798 1396 illius,
2845 1342 2901 1386 ut
2923 1342 3041 1388 erat
3072 1343 3519 1402 consentaneum,

1952 1413 2312 1483 potentissimi
2364 1415 2532 1472 futuri
2595 1420 2661 1472 ad
2710 1421 3084 1474 strenuissime
3137 1422 3519 1492 perliciendum

1953 1504 2097 1572 quod
2147 1504 2231 1559 illi
2275 1506 2546 1574 placeret:
2593 1510 2804 1563 tametsi
2846 1511 3145 1580 iniquitatis
3185 1523 3425 1583 repertor
3465 1525 3521 1569 et

1953 1606 2151 1660 parens
2179 1594 2504 1660 proditorem
2537 1609 2603 1649 ex
2631 1611 2696 1650 eo
2725 1597 2948 1666 collegio
2971 1601 3168 1667 rapuit.

289 1676 582 1731 ἀκολουθεῖν
612 1679 948 1733 ἐπιτάττων·
1001 1681 1436 1752 προσκέκληνται
1463 1682 1542 1747 δὲ,
1571 1685 1691 1737 κατ’
1744 1685 1878 1738 ίδίαν
1916 1683 2188 1754 βούλησιν,
2216 1683 2404 1756 ῶσπερ
2461 1680 2530 1758 ἦν
2573 1687 2737 1753 εἰκὸς,
2770 1687 2990 1742 ἔσεσθαι
3031 1689 3391 1744 δυνατώτατοι
3441 1690 3520 1754 είς

286 1783 346 1835 γε
377 1766 434 1820 τὸ
455 1769 844 1840 ἀποπεραίνειν
867 1769 1142 1837 δύνασθαι,
1183 1773 1277 1826 καὶ
1311 1772 1455 1844 μάλα
1482 1773 1747 1836 νεανικῶς
1773 1774 1835 1828 τὺ
1863 1773 2012 1845 αὐτῷ
2044 1774 2256 1841 δοκοῦν,
2288 1776 2337 1828 εἰ
2404 1777 2496 1830 καὶ
2526 1777 2741 1849 ἥρπασε
2773 1779 2867 1833 τὸν
2913 1778 3175 1852 προδότην
3197 1781 3227 1834 ὀ
3247 1781 3346 1851 τῆς
3380 1781 3509 1835 ἀνο-

289 1854 410 1924 μίας
440 1856 688 1928 εὑρετὴς,
717 1857 812 1912 καὶ
845 1860 1047 1931 πατήρ.

881 1989 1132 2043 ΚΕΦΛΛ.
1163 1991 1241 2046 Γ.

348 2097 466 2154 Ὅτι
493 2099 624 2154 ίδοὺ
661 2099 776 2172 ἐγὼ
808 2101 878 2156 ἐν
905 2103 1035 2170 ταῖς
1077 2105 1320 2174 ἡμέραις
1345 2105 1625 2172 ἐκείναις,
1653 2104 1750 2159 καί
1777 2104 1848 2158 ἐν

282 2187 357 2253 τῷ
381 2189 560 2259 καιρῷ
587 2192 814 2258 ἐκείνῳ,
844 2192 990 2247 ὅταν
1031 2194 1371 2271 ἐπιστρέψω
1408 2196 1522 2266 τὴν
1549 2199 1848 2266 αἰχμαλω-

281 2281 420 2334 σίαν
443 2282 658 2350 Ἰούδα,
688 2285 786 2339 καὶ
815 2285 1228 2356 Ἰερουσαλὴμ,
1260 2289 1356 2343 καί
1386 2289 1630 2354 συνάξω
1648 2289 1848 2342 πάντα

278 2369 347 2421 τὰ
371 2368 535 2438 ἔθνη,
572 2372 669 2426 καὶ
712 2374 945 2439 κατάξω
973 2375 1126 2430 αὐτὰ
1157 2379 1242 2443 είς
1272 2378 1387 2447 τὴν
1431 2379 1686 2434 κοιλάδα
1724 2381 1846 2434 Ἰω-

275 2459 492 2526 σαφὰτ,
511 2461 608 2514 καὶ
627 2462 1078 2533 διακριθήσομαι
1104 2467 1254 2533 πρὸς
1275 2467 1497 2534 αὐτοὺς
1519 2467 1662 2532 ἐκεῖ,
1689 2465 1845 2537 ὑπὲρ

273 2549 379 2602 τοῦ
402 2551 554 2605 λαοῦ
574 2570 716 2620 μου,
741 2553 837 2607 καὶ
861 2553 972 2622 τῆς
997 2558 1398 2627 κληρονομίας
1419 2575 1540 2627 μου
1569 2559 1838 2628 Ἰσραὴλ,

273 2638 332 2692 οἳ
352 2640 770 2710 διεσπάρησαν
808 2646 877 2698 ἐν
905 2647 1029 2712 τοῖς
1058 2647 1280 2712 ἔθνεσι,
1310 2649 1408 2702 καὶ
1444 2651 1560 2716 τὴν
1588 2649 1705 2719 γῆν
1723 2668 1842 2719 μου

270 2731 736 2799 κατεδιείλαντο,
765 2737 860 2788 καί
885 2737 984 2789 ἐπὶ
1011 2738 1119 2791 τὸν
1143 2739 1298 2792 λαόν
1313 2757 1429 2808 μου
1454 2739 1676 2794 ἔϐαλον
1689 2741 1839 2810 κλή-

259 2837 432 2888 ρους,
454 2825 559 2879 καί
611 2825 840 2881 ἔδωκαν
886 2828 960 2882 τὰ
999 2829 1281 2898 παιδάρια
1318 2833 1587 2899 πόρναις,
1623 2833 1722 2886 καί
1772 2833 1843 2888 τὰ

265 2910 530 2978 κοράσια
560 2914 836 2969 ἐπώλουν
863 2916 992 2970 ἀντὶ
1020 2918 1128 2972 τοῦ
1153 2920 1343 2984 οἴνου,
1373 2921 1473 2975 καὶ
1504 2921 1697 2978 ἔπιον.

331 3025 463 3080 ΑΠ’.
506 3027 608 3082 Ἐκ
631 3029 729 3098 τῆς
745 3029 977 3101 Ῥοόοάμ
1000 3029 1274 3099 βασιλείας
1295 3033 1711 3105 ἀπορραγεισῶν
1729 3035 1842 3091 τῶν

258 3115 390 3170 δέκα
434 3117 642 3183 φυλῶν,
694 3118 788 3172 καὶ
814 3121 1158 3192 διῃρημένων
1201 3121 1368 3194 αὐτῷ,
1392 3126 1488 3178 καὶ
1508 3125 1710 3190 παντὸς
1738 3127 1837 3181 τοῦ

261 3207 479 3278 Ἰσραὴλ
499 3207 582 3272 εἷς
601 3225 663 3261 τε
693 3209 784 3262 τὸν
807 3210 1066 3282 Ἐφραῖμ,
1085 3211 1283 3266 καὶτὸν
1310 3211 1496 3277 Ἰούδα.
1510 3217 1556 3268 οἱ
1577 3217 1839 3288 μακάριοι

2585 1994 2739 2052 CAP.
2776 1995 2864 2051 ΙΙΙ.

2025 2103 2186 2159 Vens.
2232 2104 2348 2159 1-5.
2391 2105 2529 2172 Quia
2573 2123 2688 2161 ecce
2723 2125 2816 2178 ego
2864 2109 2919 2164 in
2968 2111 3148 2165 diebus
3191 2113 3316 2180 illis,
3365 2126 3415 2170 et
3463 2117 3518 2172 in

1950 2199 2178 2260 tempore
2229 2194 2340 2263 illo,
2378 2197 2586 2265 quando
2632 2206 2931 2253 convertero
2973 2203 3324 2269 captivitate»:
3371 2205 3518 2262 Juda

1947 2292 2000 2337 et
2033 2282 2363 2350 Jerusalem;
2402 2297 2448 2340 et
2479 2289 2803 2358 congregabo
2830 2306 3007 2345 omnes
3041 2305 3236 2362 gentes,
3274 2307 3324 2350 et
3349 2299 3519 2352 dedu-

1948 2388 2066 2427 cam
2090 2390 2177 2427 eas
2201 2376 2254 2428 in
2281 2375 2467 2429 vallem
2494 2376 2777 2447 Iosophat,
2800 2390 2849 2435 et
2878 2383 3176 2450 disceptabo
3209 2401 3328 2440 cum
3350 2390 3423 2442 eis
3445 2389 3516 2442 ibi

1948 2479 2043 2533 pro
2072 2465 2265 2534 populo
2291 2482 2424 2528 meo,
2453 2478 2502 2521 et
2534 2467 2840 2525 Irrereditate
2873 2489 2987 2527 mea
3026 2474 3215 2541 Israel,
3246 2494 3373 2547 quos
3402 2480 3517 2534 dis-

1945 2568 2214 2623 perserunt
2254 2557 2308 2610 in
2345 2559 2602 2627 gentibus,
2641 2570 2688 2613 et
2719 2571 2910 2615 terram
2945 2581 3112 2619 meam
3135 2567 3443 2634 diviserunt,
3465 2581 3514 2625 et

1945 2661 2103 2713 super
2129 2648 2375 2714 populum
2406 2665 2576 2702 meum
2605 2651 2856 2706 miserunt
2896 2667 3082 2723 sortes,
3111 2666 3161 2712 et
3201 2675 3388 2726 pueros
3419 2662 3515 2716 de-

1945 2735 2138 2789 derunt
2183 2739 2562 2805 meretricibus,
2601 2751 2649 2797 et
2685 2742 2890 2812 puellas
2932 2747 3216 2802 vendebant
3254 2765 3350 2820 pro
3373 2752 3512 2817 vino,

1943 2835 1994 2882 ct
2022 2827 2280 2882 bibebant.

2015 3027 2299 3085 XXXVIII.
2350 3030 2397 3086 A
2427 3047 2594 3104 regno
2631 3031 2872 3090 Roboam
2905 3037 3110 3093 avulsis
3139 3043 3513 3114 separatisque

1943 3117 2128 3173 decem
2161 3119 2430 3184 tribubus,
2463 3132 2517 3176 et
2546 3123 2794 3192 universo
2832 3123 3033 3181 lsraele
3080 3126 3134 3182 in
3166 3127 3424 3198 Ephraim
3455 3143 3512 3188 et

1942 3203 2077 3262 Juda
2124 3207 2383 3275 diviso“,
2420 3211 2561 3266 beati
2611 3213 2884 3283 propheta:
2931 3217 3277 3274 exstiterunt.
3317 3217 3510 3277 Locuti

261 3300 515 3368 γεγόνασι
529 3302 824 3372 προφῆται.
838 3302 1180 3374 Λελαλήκασι
1195 3305 1251 3358 δέ
1271 3305 1338 3359 τὰ
1355 3307 1484 3378 παρ’
1505 3306 1840 3376 ἀμφοῖν,τῆς

1942 3307 2067 3353 sunt
2116 3307 2294 3355 autem
2358 3314 2480 3368 quae
2535 3302 2602 3356 ad
2663 3311 2921 3374 utrosque
2976 3307 3348 3375 pertinerent,
3393 3319 3508 3367 tota

260 3390 384 3462 ὅλης
401 3391 593 3456 αὐτοῖς
624 3393 960 3464 προφητείας
981 3397 1414 3468 παρατεινούσης
1445 3398 1606 3469 μέχρι
1631 3397 1841 3469 καιρῶν

256 3482 352 3553 τῆς
383 3483 785 3554 αἰχμαλωσίας.
826 3486 981 3540 Μετὰ
1017 3485 1074 3538 δέ
1118 3505 1182 3556 γε
1225 3487 1326 3558 τὴν
1355 3490 1414 3542 ἐν
1447 3488 1842 3560 Ἱεροσολύμοις

258 3574 464 3627 ἐκεῖθεν
493 3575 864 3646 ὑποστροφὴν,
896 3579 992 3630 καὶ
1022 3577 1123 3644 τὴν
1153 3578 1530 3650 γεγενημένην
1550 3580 1690 3634 κατά
1713 3597 1840 3634 και-

256 3666 380 3735 ροὺς
428 3665 713 3730 ἐπάνοδον,
747 3668 1158 3738 προεφήτευσαν
1189 3669 1283 3723 ἐπὶ
1325 3670 1418 3724 τὸν
1454 3670 1671 3742 Ἰσραὴλ
1709 3670 1838 3740 ’Δγ-

253 3757 401 3822 γαῖός
445 3775 513 3811 τε
565 3758 659 3810 καὶ
704 3759 999 3829 Ζαχαρίας,
1028 3759 1122 3812 καὶ
1156 3759 1254 3830 μέν
1285 3778 1367 3814 τοι
1398 3761 1493 3816 καὶ
1526 3761 1832 3832 Μαλαχίας.

248 3847 500 3904 Φαίνεται
533 3848 590 3902 δέ
617 3849 710 3902 καὶ
736 3851 764 3903 ὁ
790 3851 1025 3920 Ἔσδρας
1047 3852 1201 3920 ὀλίγα
1229 3853 1364 3906 ἄττα
1392 3853 1499 3907 τῶν
1519 3855 1640 3907 κατ’
1659 3855 1837 3907 ἐκεῖνο

248 3941 473 4009 καιρῶν,
518 3940 616 3992 καὶ
644 3940 702 3994 ἐν
723 3942 837 4004 τοῖς
869 3941 1034 3994 αὐτοῦ
1067 3943 1278 4013 χρόνοις
1298 3944 1682 4013 γεγενημένων
1702 3962 1837 4014 προ-

247 4032 580 4103 αγορεύσεις.
615 4031 900 4101 Μέμνηται
927 4031 1106 4085 τοίνυν
1144 4033 1252 4086 τῶν
1275 4034 1656 4102 προκειμένων
1685 4037 1712 4087 ὀ
1743 4034 1834 4087 λό-

244 4137 336 4188 γος
367 4121 710 4192 πράγματος
745 4121 845 4173 οὐκ
890 4121 948 4172 ἐν
997 4124 1209 4192 καιροῖς
1254 4122 1550 4194 προφητῶν
1585 4123 1694 4177 τῶν
1731 4124 1833 4195 ἀρ-

242 4210 412 4280 χαίων
464 4207 865 4277 γεγενημένου,
909 4208 1020 4261 ἀλλ’
1067 4211 1152 4262 ὅτι
1199 4211 1264 4282 δὴ
1311 4211 1461 4282 μόλις
1503 4212 1688 4282 Κύρου
1741 4213 1833 4267 τὸν

254 4299 473 4372 Ἰσραὴλ
508 4298 730 4360 ἀνέντος
757 4298 1130 4370 ὑπενόστησαν
1160 4301 1239 4366 είς
1283 4301 1384 4371 τὴν
1407 4301 1685 4356 Ἰουδαίαν.
1720 4303 1832 4356 Καὶ

1939 3403 2124 3443 eorum
2171 3392 2451 3460 prophetia
2500 3405 2559 3448 se
2589 3396 2915 3450 extendente
2943 3411 3114 3466 usque
3158 3400 3226 3454 ad
3266 3408 3508 3470 tempora

1938 3479 2283 3548 captivitatis.
2308 3480 2433 3536 Post
2457 3483 2817 3539 reversionem
2841 3487 3033 3542 deinde
3057 3487 3508 3560 Hierosolymam,

1937 3578 1994 3622 et
2025 3580 2335 3637 susceptura
2381 3573 2604 3628 definito
2640 3583 2880 3644 tempore
2911 3577 3163 3641 reditum,
3210 3580 3506 3648 prepheta-

1938 3670 2066 3715 runt
2100 3665 2166 3717 ad
2195 3661 2358 3717 Israel
2399 3663 2650 3731 Aggaaus,
2675 3673 2730 3717 et
2761 3664 3072 3732 Zacharias,
3106 3667 3508 3739 Malachiasque

1937 3751 2208 3806 similiter.
2243 3750 2465 3804 Videtur
2494 3751 2620 3804 item
2658 3749 2858 3807 Esdras
2893 3769 3064 3822 pauca
3099 3757 3343 3824 quaedam
3377 3759 3504 3826 illis,

1936 3849 2100 3908 atque
2143 3840 2279 3892 adeo
2333 3837 2446 3893 suis
2497 3839 2831 3910 temporibus
2874 3843 3109 3911 gerenda
3157 3846 3502 3914 praedixisse.

1935 3929 2179 3984 Meminit
2210 3943 2340 3998 ergo
2367 3930 2674 3999 propositus
2714 3945 2896 3988 sermo
2935 3934 3010 3988 rei
3056 3950 3176 4005 quas
3213 3951 3316 3993 non
3343 3947 3503 3996 aetate

1932 4031 2176 4076 veterum
2231 4022 2612 4090 prophetarum
2659 4024 2906 4091 contigit,
2956 4026 3052 4081 sed
3103 4031 3316 4097 quando
3360 4031 3504 4102 Cyro

1936 4111 2148 4165 tandem
2197 4109 2522 4176 dimittente,
2565 4105 2617 4165 in
2651 4109 2887 4167 Iudaeam
2916 4113 3172 4172 Israelita:
3203 4118 3499 4176 redierunt.

1934 4201 2008 4254 De
2031 4214 2092 4253 re
2118 4199 2209 4254 illa
2233 4201 2416 4254 auditu
2445 4201 2628 4270 digna,
2654 4209 2709 4255 et
2731 4202 2859 4271 quid
2882 4202 3080 4258 factum
3109 4205 3201 4270 sit,
3233 4209 3500 4277 dicemus,

1931 4291 2073 4360 quod
2111 4291 2245 4345 satis
2279 4291 2403 4356 erit,
2436 4300 2492 4345 et
2530 4307 2595 4347 ex
2626 4292 2852 4347 bi5toria
2879 4294 2948 4349 ab
2982 4293 3154 4351 Esdra
3182 4301 3498 4370 conscripta

240 4388 293 4440 τί
319 4389 381 4442 τὸ
415 4387 614 4458 χρῆμα
647 4387 708 4439 τὸ
732 4385 1108 4453 ἀξιάκουστον,
1139 4389 1191 4442 τί
1228 4388 1285 4442 δὲ
1317 4389 1382 4461 δή
1410 4390 1664 4458 γενέσθαι
1690 4408 1831 4463 συμ-

1942 4382 2297 4436 narrationem
2348 4391 2613 4452 petemus.
2672 4381 2858 4452 Itaque
2902 4387 3126 4443 reduces
3164 4403 3195 4444 e
3239 4391 3500 4448 servitute

242 4479 502 4549 ϐέϐηκεν,
539 4476 771 4549 ἐροῦμεν
807 4480 883 4543 ὠς
915 4479 1015 4545 ένι,
1037 4480 1136 4552 τὴν
1160 4480 1254 4533 τοῦ
1275 4481 1478 4553 Ἔσδρα
1508 4483 1830 4554 συγγραφὴν

1942 4487 2104 4541 nuper
2138 4473 2190 4526 in
2219 4471 2456 4528 Judzeam
2492 4473 2766 4539 Israelitze,
2790 4477 3126 4548 vectigalium
3163 4494 3226 4534 ac
3259 4483 3495 4537 servitu-

244 4569 572 4640 κομίζοντες
596 4569 674 4632 είς
701 4570 995 4638 ἀπόδειξιν.
1037 4571 1247 4626 Οὐκοῦν
1291 4573 1587 4645 ἐπειδήπερ
1621 4574 1700 4638 είς
1729 4576 1830 4646 τὴν

1942 4563 2002 4616 tis
2034 4563 2288 4618 oneribus
2318 4563 2687 4634 molestiisque
2714 4567 2946 4632 liberati,
2983 4570 3203 4626 desidiae
3231 4587 3290 4629 se
3323 4575 3494 4630 tradi-

253 4630 521 4711 Ἰουδαίαν
546 4630 844 4730 ἐπανῆλθον
869 4630 1014 4733 ἄρτι,
1047 4663 1139 4716 καὶ
1166 4663 1409 4734 δασμῶν,
1439 4630 1532 4717 καὶ
1556 4630 1696 4718 ,τῶντ
1723 4630 1828 4738 της

1942 4654 2146 4720 derunt,
2186 4669 2284 4709 nec
2329 4654 2439 4724 jam
2487 4669 2584 4724 per
2627 4655 2843 4727 Moysen
2883 4661 3088 4714 sancita
3133 4663 3319 4720 sedqu
3366 4681 3496 4721 con-

240 4750 487 4814 δουλείας
522 4751 958 4819 ἀναπνεύσαντες
991 4756 1169 4810 πόνων
1208 4757 1258 4809 οἱ
1296 4755 1356 4820 ἐξ
1377 4755 1613 4827 Ἰσραὴλ,
1643 4758 1736 4812 ἐπὶ
1766 4759 1826 4812 τὸ

1942 4751 2241 4814 stanterque
2268 4745 2519 4800 colebant
2549 4755 2602 4800 et
2630 4751 3045 4806 conservabant.
3081 4753 3213 4807 Cum
3236 4756 3379 4810 enim
3409 4757 3495 4813 lex

242 4840 493 4910 ῥᾴθυμον
542 4841 857 4909 ἐτράποντο,
889 4844 983 4896 καὶ
1010 4840 1150 4916 ἦσαν
1179 4845 1280 4899 οὐκ
1307 4845 1568 4914 ἀσφαλεῖς
1600 4846 1706 4902 τῶν
1735 4847 1824 4902 διά

1942 4843 2133 4890 vetaret
2148 4836 2566 4906 alienigenarum
2584 4836 2744 4907 233
2763 4838 2898 4895 tilias
2913 4841 3112 4897 ducere
3133 4883 3148 4909 ,
3167 4844 3239 4897 illi
3256 4845 3496 4902 divinum

239 4933 492 4993 Μωσέως
537 4931 973 5004 τεθεσπισμένων
1022 4936 1389 5007 ἐπιτηδευταὶ,
1423 4937 1513 4991 καὶ
1555 4937 1816 5006 φύλακες.

1942 4928 2197 4983 iraculum
2254 4929 2657 4997 posthabentes,
2709 4945 2830 4984 cum
2877 4933 3136 4988 uxoribus
3179 4935 3496 5008 alienigenis

249 5022 690 5090 Ἀποφόισκοντος
720 5024 828 5094 γὰρ
853 5025 945 5078 τοῦ
973 5027 1160 5098 νόμου,
1193 5029 1390 5100 χρῆναί
1410 5047 1561 5093 τινας
1583 5033 1703 5094 ταῖς
1729 5030 1825 5082 θυ-

1942 5019 2379 5074 consuescebant.
2435 5017 2490 5072 ld
2531 5020 2811 5086 aegerrime
2859 5020 3038 5078 ferens
3086 5023 3307 5090 Esdras,
3346 5038 3496 5084 veste

235 5110 482 5182 γατράσι
533 5107 640 5161 τῶν
691 5110 998 5180 ἀλλοφύλων
1050 5117 1578 5183 συγκατευνάζεσθαι
1606 5157 1622 5183 ,
1667 5119 1823 5188 ὀλίγα

1942 5110 2202 5166 :onscissa
2233 5107 2510 5165 lsraelitas
2545 5109 2760 5180 lugebat
2782 5112 2848 5176 ⁵⁸,
2874 5123 2928 5166 et
2961 5123 3021 5167 ut
3061 5115 3130 5168 ab
3175 5115 3494 5188 alienigenis

237 5199 632 5270 φροντίσαντες
667 5200 776 5254 τῶν
816 5200 997 5256 θεόθεν
1028 5205 1211 5269 αὐτοῖς
1251 5207 1821 5277 κεχρησμῳδημένων,

236 5289 552 5360 ἀλλοτρίαις
567 5289 814 5358 γυναιξὶν
841 5292 1218 5363 ἐπεμίσγοντο.
1236 5297 1347 5349 Καὶ
1372 5296 1507 5368 πρὸς
1526 5295 1683 5348 τοῦτο
1705 5296 1825 5350 λίαν

234 5379 662 5453 δεδυσφορηκὼς
685 5382 942 5454 Ἔσδρας,
967 5387 1396 5457 περιερῤήγνυτο
1425 5387 1523 5456 μὲν
1543 5385 1642 5455 τὴν
1664 5386 1826 5458 ἐσθῆ-

233 5489 326 5537 τα,
361 5471 785 5544 κατωλοφύρετο
817 5473 873 5526 δὲ
904 5475 1028 5537 τοὺς
1059 5477 1114 5542 ἐξ
1135 5476 1374 5546 Ἰσραὴλ,
1407 5475 1502 5528 καὶ
1536 5475 1645 5528 τῶν
1670 5476 1822 5531 ἀλλο-

235 5563 426 5632 φύλων
470 5564 748 5632 γυναικῶν
794 5565 1230 5622 ἀπαλλάττεσθαι
1280 5565 1598 5636 παρεκάλει.
1648 5569 1712 5621 Ol
1761 5571 1820 5626 δὲ

311 5680 360 5711 ³⁸
405 5677 595 5732 Matth.
638 5692 768 5744 vm,
813 5680 898 5735 19.
1010 5681 1054 5713 ⁵²
1091 5680 1283 5737 Matth.
1325 5695 1396 5746 tv,
1442 5679 1530 5735 l9.

237 5749 284 5781 ⁸⁸
321 5747 524 5803 lEsdr.
568 5764 622 5811 κ,
649 5747 736 5802 11.

1635 5679 1680 5711 ⁸³
1717 5682 1906 5739 Matth.
1949 5699 2002 5737 rx
2043 5723 2058 5748 ,
2090 5683 2123 5737 9

1926 5207 2311 5267 separarentur
2348 5199 2672 5254 obsecrabat
2691 5199 2759 5255 ".
2805 5199 2957 5266 Quod
3004 5202 3112 5257 illis
3145 5213 3228 5258 est
3270 5219 3492 5273 persua-

1921 5305 2069 5355 sum,
2101 5289 2443 5353 timentibus,
2473 5290 2658 5355 credo,
2708 5291 2844 5344 iram
2881 5291 3118 5346 divinam
3155 5303 3210 5348 et
3253 5296 3490 5352 futuram

1920 5381 2309 5447 calamitatem,
2376 5382 2480 5436 nisi
2533 5381 2796 5435 honorem
2848 5380 2951 5451 legi
3001 5384 3298 5453 haberent,
3361 5404 3486 5444 cum

1919 5473 2217 5542 praesertim
2265 5471 2599 5541 experientia
2653 5470 2915 5539 majorum
2961 5472 3042 5527 eis
3080 5489 3178 5544 pro
3231 5480 3486 5549 magistra

1919 5573 2083 5620 esset.
2111 5563 2401 5632 Postquam
2425 5561 2702 5629 repudiata
2741 5561 3171 5620 muliercularum
3205 5569 3491 5623 multitudo

2267 5680 2315 5712 "
2354 5677 2418 5732 Ill
2462 5677 2598 5746 Reg.
2631 5692 2707 5744 XI,
2744 5677 2832 5733 51.
2974 5681 3019 5713 ⁵⁸
3057 5681 3078 5736 ι
3121 5685 3273 5740 Esdr.
3316 5701 3390 5748 Ix,
3429 5687 3488 5747 5,
