4054 6274
507 425 608 484 587

1501 419 1562 476 S.
1605 415 1882 474 CYRILLI
1923 410 2395 470 ALEXANDRINI
2434 408 2754 467 ARClIlEP.

3656 393 3764 449 583

512 543 883 617 Hierosolyma
934 544 1206 611 discessit,
1276 551 1388 596 tum
1438 540 1681 596 ﬁnitimae
1730 550 1915 609 gentes
1978 552 2085 591 non

2195 533 2344 588 τοῦτο
2376 533 2507 603 δρᾷν
2539 528 2905 591 ἀνεπείθοντο,
2935 524 3165 590 δεδιότες
3192 522 3460 617 τάχακπου
3488 516 3557 571 τὰ
3592 514 3652 583 ἐξ
3679 515 3772 616 ὀρ-

511 637 785 692 immerito
838 636 1177 689 exacerbata:
1219 640 1381 696 sunt,
1435 640 1491 686 et
1544 631 1673 701 ipsa:
1712 644 1924 699 quoque
1976 643 2081 682 non

512 723 772 778 mediocri
827 721 1035 776 aﬂ‘ecta:
1085 719 1304 788 injuria.
1353 717 1419 773 Et
1472 718 1601 772 illud
1648 719 1865 786 insuper
1900 728 2083 771 secum

511 812 741 867 fortasse
790 812 1123 881 cogitabant.
1185 809 1452 878 Quoniam
1503 810 1646 865 enim
1704 808 2086 878 Hierosolyma:

511 917 697 957 muros
745 902 1006 957 lsraelitae
1044 902 1441 967 instaurabant,
1478 911 1533 955 et
1561 900 1799 955 divinum
1830 900 2084 967 templum

511 988 846 1046 rewdiﬁcare
883 991 1221 1053 nitebantur,
1244 992 1460 1045 invidia:
1490 990 1610 1045 telis
1646 988 1837 1054 saucii,
1867 998 1921 1043 et
1964 988 2086 1042 irati

511 1080 719 1147 hostes,
752 1095 887 1150 opus
944 1080 1207 1148 impedire
1261 1079 1713 1150 aggrediebantur
1732 1075 1800 1143 ⁸⁷,
1846 1077 1998 1143 illud,
2030 1090 2088 1133 ut

512 1177 599 1224 est
643 1170 967 1236 verisimile,
1017 1172 1217 1226 animis
1257 1170 1554 1236 volventes,
1603 1172 1646 1224 si
1687 1170 1851 1226 Israel
1900 1170 2087 1238 pristi-

516 1275 643 1313 nam
681 1261 976 1329 p0tentiam
1010 1271 1381 1329 recuperaret,
1426 1261 1693 1329 urbesque
1731 1260 1902 1314 muris
1942 1275 2091 1313 com-

519 1350 756 1403 munitas
803 1349 1130 1417 possideret,
1184 1358 1238 1403 et
1272 1350 1650 1404 universorum
1697 1352 1860 1405 Deum
1905 1350 2091 1405 defen-

520 1454 703 1493 sorem
762 1439 1019 1504 haberet,
1081 1440 1173 1507 qui
1233 1441 1285 1493 in
1337 1441 1573 1510 templo,
1634 1450 1694 1495 ut
1758 1442 2087 1509 antiquitus,

522 1523 826 1586 coleretur,
884 1538 1097 1578 rursum
1156 1524 1592 1592 dominaturum,
1642 1536 1699 1582 et
1743 1528 1860 1597 ejus
1906 1530 2091 1598 iugum

522 1613 777 1666 omnibus
813 1612 1212 1667 intolerandum
1264 1614 1398 1681 fore,
1430 1625 1484 1670 et
1528 1618 1722 1673 vicinis
1754 1619 1950 1673 tributa
1988 1620 2091 1673 im-

524 1701 850 1769 positurum,
908 1717 1002 1757 eos
1043 1704 1094 1756 in
1137 1706 1448 1760 servitutem
1497 1706 1862 1773 redacturum,
1907 1725 2093 1764 eorum

526 1791 673 1860 agris
719 1791 935 1859 penitus
983 1791 1312 1856 devastatis,
1359 1796 1401 1849 si
1450 1798 1543 1865 qui
1606 1796 1794 1871 velint,
1850 1799 2095 1867 quamvis

2184 624 2287 695 γῆς
2328 602 2421 677 καί
2464 621 2572 674 τῶν
2601 619 2876 690 ἐσομένων
2911 615 3114 678 αὐτοῖς,
3144 613 3192 665 εί
3236 611 3309 681 μὴ
3343 607 3549 661 ἕλοιντο
3593 602 3769 695 τιῗμᾷν

2183 694 2274 768 τὸν
2304 715 2487 786 νόμον,
2513 713 2622 765 τῶν
2652 708 3057 783 προγεγονότων
3103 705 3203 775 τὴν
3248 702 3444 771 πεῖραν
3484 694 3775 786 ἐποιοῦντο

2185 783 2753 868 διδάσκαλον.Ἐπειδὴ
2796 794 3159 863 ἀπεϐέϐλητο,
3195 792 3293 844 καὶ
3340 785 3611 856 ἀπεφοίτα
3656 783 3777 836 τῶν

2198 891 2459 965 Ἱεροσολύ
2468 907 2584 961 μων
2613 892 2646 960 ἡ
2672 888 2781 942 τῶν
2810 884 3120 954 ἀλλοφύλων
3143 882 3380 951 γυναίων
3403 877 3634 948 πληθὺς,
3655 874 3780 965 λοι-

2186 963 2288 1036 πὸν
2318 980 2631 1049 ἀναγκαίως
2662 977 3145 1050 κατεπικραίνοντο
3171 974 3304 1045 πρὸς
3333 968 3501 1041 ὀργὰς
3527 968 3577 1020 οἱ
3609 963 3779 1035 περί-

2187 1089 2326 1125 οικοι
2351 1069 2461 1123 τῶν
2485 1068 2672 1133 ὲθνῶν,
2710 1068 2805 1122 ἆτε
2836 1066 2900 1131 δὴ
2932 1065 3024 1119 καὶ
3064 1064 3155 1116 διὰ
3193 1061 3396 1115 τούτων
3434 1059 3495 1110 οὐ
3533 1054 3780 1127 μετρίως

2188 1158 2584 1231 ὲξυϐρισμένοι.
2617 1158 2726 1210 Καὶ
2772 1157 2906 1226 πρός
2952 1172 3016 1223 γε
3068 1154 3132 1223 δὴ
3169 1153 3342 1229 τούτω
3392 1147 3614 1203 κάκεῖνό
3665 1162 3777 1198 που

2188 1252 2328 1322 τάχα
2356 1249 2713 1318 διελογίζοντο
2740 1247 2882 1299 κατὰ
2908 1248 3043 1316 σφᾶς
3067 1244 3284 1307 αύτούς.
3302 1240 3519 1311 Ἐπειδὴ
3539 1240 3650 1309 γάρ
3673 1238 3778 1308 τὴν

2201 1341 2554 1413 Ἰερουσαλὴμ
2594 1336 2922 1409 άνετείχιζον
2957 1338 3076 1408 μὲν,
3105 1334 3432 1399 ἐσπούδαζον
3464 1331 3523 1384 δὲ
3551 1331 3647 1383 καὶ
3675 1328 3777 1382 αύ-

2191 1433 2280 1486 τὸν
2307 1432 2396 1485 τὸν
2438 1430 2580 1484 θεῖον
2628 1429 2861 1499 ἐγείρειν
2889 1427 3037 1490 ναὸν,
3066 1429 3180 1489 τοῖς
3209 1423 3301 1477 τοῦ
3333 1423 3530 1491 φθόνου
3562 1420 3777 1490 βέλεσιν

2192 1520 2504 1575 ἁνεκαίοντο
2548 1517 2684 1590 πρὸς
2728 1517 2917 1588 ὀργὰς,
2947 1516 3042 1569 καὶ
3081 1512 3398 1568 διακωλύειν
3429 1509 3771 1580 ἐπεχείρουν,

2193 1613 2368 1665 ἐκεῖνο
2388 1609 2674 1680 διενθυμού
2685 1625 2855 1679 μενοι,
2875 1607 3016 1660 κατά
3038 1624 3100 1674 γε
3120 1605 3180 1658 τὸ
3201 1604 3370 1667 είκὸς,
3394 1602 3469 1665 ώς
3492 1602 3541 1653 εί
3564 1601 3773 1668 γένοιτο

2194 1702 2356 1757 πάλιν
2383 1704 2411 1756 ό
2436 1700 2653 1772 Ἰσραὴλ
2687 1703 2744 1753 ὲν
2768 1697 3105 1759 δυναστείαις
3144 1697 3264 1757 ταῖς
3306 1692 3519 1765 πρώην,
3551 1692 3647 1744 καὶ
3688 1705 3774 1742 τε·

2194 1793 2540 1863 τειχισμένας
2590 1792 2686 1861 μὲν
2712 1791 2823 1861 ἔχοι
2869 1790 2968 1853 τὰς
2998 1789 3198 1852 πόλεις,
3226 1785 3575 1856 ὲπαμύνοντα
3600 1783 3658 1836 δὲ
3685 1782 3770 1833 τὸν

526 1879 686 1950 longo
715 1888 837 1947 post
874 1888 1112 1949 tempore
1144 1892 1350 1937 tantum
1379 1899 1475 1939 eos
1518 1898 1702 1940 contra
1733 1889 1947 1941 intueri.
1987 1888 2094 1943 liae

2195 1883 2305 1936 τῶν
2330 1883 2466 1936 ὅλων
2498 1881 2649 1946 Θεὸν,
2678 1880 2773 1933 ἆτε
2799 1880 2861 1948 δὴ
2891 1882 3004 1943 τοῖς
3028 1879 3273 1950 ἀρχαίοις
3294 1875 3441 1928 ἔθεσι
3471 1871 3769 1945 θεραπευό-

524 1970 592 2024 de
626 1984 788 2023 causa
836 1970 1206 2025 subornarunt
1237 1974 1519 2043 quosdam,
1564 1978 1651 2044 qui
1685 1990 1777 2031 eos
1824 1991 1923 2032 nec
1959 1986 2096 2032 tem-

524 2061 635 2131 plo,
667 2075 766 2115 nec
794 2059 1063 2119 moenibus
1088 2065 1361 2119 struendis
1393 2081 1608 2120 manum
1639 2067 1926 2122 admovere
1951 2078 2099 2137 pate-

526 2162 735 2209 rentur.
770 2154 907 2211 Cum
953 2158 1151 2213 frustra
1203 2156 1533 2221 laborarent,
1581 2159 1688 2212 Deo
1736 2158 2094 2214 lsraelitarum

526 2244 704 2299 studia
771 2259 1148 2317 prosperante,
1197 2249 1368 2302 armis
1415 2249 1612 2304 deinde
1665 2251 1953 2319 correptis,
2002 2266 2097 2306 eos

527 2335 839 2402 opprimere
883 2338 1190 2393 voluerunt.
1224 2336 1444 2404 Verum,
1472 2339 1761 2407 adiuvante
1796 2341 1925 2408 Deo,
1972 2342 2097 2397 victi

524 2423 598 2479 ab
631 2426 762 2495 ipsis
805 2427 1178 2499 interfectique
1210 2440 1354 2484 sunt.
1382 2430 1461 2483 Ad
1493 2432 1593 2486 hoc
1628 2440 1811 2486 autem
1848 2433 2097 2503 proelium

528 2509 583 2569 in
615 2515 808 2570 vallem
833 2517 1091 2588 losaphat
1118 2520 1407 2574 multitudo
1426 2536 1545 2576 sese
1563 2522 1803 2593 collegit,
1827 2524 1919 2593 qui
1946 2523 2100 2579 locus

528 2619 632 2660 non
666 2605 846 2661 multis
875 2607 944 2661 ab
967 2608 1337 2680 Hierosolyma
1374 2611 1567 2666 stadiis
1603 2627 1794 2668 versus
1828 2613 2095 2667 orientem

527 2696 714 2752 distat.
778 2698 948 2755 Aiunt
998 2701 1199 2756 nudum
1242 2709 1299 2755 et
1334 2703 1654 2770 equitationi
1715 2713 1902 2773 aptum
1953 2718 2097 2758 esse.

526 2788 795 2844 Caeterum
848 2792 1183 2860 potentiores
1229 2793 1491 2861 quosdam
1543 2792 1798 2848 lsraelitis
1859 2793 2097 2847 divinum

529 2882 788 2951 templum
834 2884 1241 2938 exstruentibus
1292 2884 1575 2946 invidisse,
1624 2894 1681 2937 et
1738 2884 1869 2937 nihil
1921 2894 2100 2937 tamen

526 2972 845 3043 profecisse,
884 2975 1097 3028 docebit
1137 2975 1325 3029 beatus
1351 2974 1550 3028 Esdras
1570 2976 1643 3027 ita
1670 2975 1918 3029 scribens
1948 2993 1962 3029 :
1995 2994 2013 3027 ι
2042 2975 2099 3029 In

527 3062 849 3116 Artaxerxis
879 3068 1060 3115 autem
1089 3061 1232 3130 regis
1263 3059 1551 3116 Persarum
1585 3063 1936 3132 temporibus,
1963 3065 2102 3119 scri‘

528 3161 755 3221 pserunt
788 3153 837 3206 ei
868 3153 933 3208 de
971 3152 1055 3207 his
1086 3153 1178 3221 qui
1214 3151 1529 3206 habitabant
1555 3154 1610 3206 in
1639 3151 1822 3207 Judtea
1855 3164 1910 3208 et
1947 3153 2101 3209 Jeru-

2197 1990 2357 2045 μενον
2399 1974 2458 2027 ὲν
2505 1971 2637 2042 ναῷ,
2674 1971 2836 2024 πάλιν
2882 1969 3312 2040 κατακρατήσει,
3360 1966 3458 2019 καὶ
3500 1964 3773 2035 ἀφόρητος

2195 2066 2348 2120 ἔσται
2398 2067 2510 2127 τοῖς
2559 2062 2897 2135 ἁπανταχοῦ,
2947 2063 3043 2117 καὶ
3085 2061 3325 2132 δασμοὺς
3371 2058 3623 2112 ὲπιϐαλεϊ
3664 2055 3777 2110 τῶν

2194 2158 2408 2228 ὁμόρων
2440 2160 2571 2226 τισὶ,
2604 2158 2696 2213 καὶ
2722 2157 3015 2213 ἁλώσονται
3048 2156 3285 2221 πάντως,
3319 2152 3779 2227 καταδῃουμένων

2194 2252 2376 2313 αὐτοῖς
2411 2250 2518 2303 τῶν
2555 2251 2768 2320 χωρῶν,
2801 2252 2850 2303 εἰ
2887 2249 2949 2320 δή
2980 2265 3122 2313 τινες
3153 2247 3354 2301 ἕλοιντο
3380 2246 3480 2298 κᾶν
3515 2244 3648 2312 γοῦν
3671 2242 3778 2310 ὀψὲ

2197 2339 2513 2407 ἀντιϐλέψαι
2562 2339 2743 2409 μόνον.
2794 2337 3008 2408 Ταύτης
3054 2336 3218 2390 ἓνεκα
3261 2335 3357 2405 τῆς
3395 2331 3569 2396 αἰτίας
3615 2347 3770 2399 παρ-

2194 2429 2492 2495 εσκεύαζον
2543 2430 2642 2501 μέν
2692 2447 2843 2494 τινας
2891 2429 3178 2500 ἀπείργειν
3222 2427 3413 2489 αὐτοὺς
3444 2424 3552 2476 τῶν
3582 2440 3646 2475 τε
3676 2422 3771 2474 ἐπ’

2195 2522 2345 2593 αὐτῷ
2391 2522 2467 2593 τῷ
2499 2522 2632 2593 ναῷ,
2665 2522 2757 2576 καὶ
2803 2524 2915 2586 τοῖς
2963 2521 3166 2591 τείχεσι
3214 2515 3775 2590 παρεσκευασμένων.

2174 2618 2183 2623 ⁵
2208 2613 2427 2683 Ἐπειδὴ
2455 2613 2514 2666 δὲ
2545 2614 2728 2675 αὐτοῖς
2768 2611 3024 2682 ἀνόνητος
3050 2607 3117 2682 ἦν
3145 2613 3177 2681 ή
3206 2607 3434 2679 σπουδὴ,
3468 2606 3606 2660 Θεοῦ
3645 2622 3780 2658 κατ-

2196 2704 2509 2774 ευρύνοντος
2541 2707 2654 2768 τοῖς
2684 2704 2744 2770 ἐξ
2765 2702 2983 2774 Ἰσραὴλ
3025 2703 3125 2773 τὴν
3173 2701 3281 2754 τῶν
3331 2698 3779 2767 ἐπιτηδευμάτων

2196 2797 2334 2860 ὁδὸν,
2366 2797 2693 2862 ώπλίζοντοκ
2706 2796 2909 2860 λοιπὸν,
2939 2795 3033 2849 καὶ
3066 2790 3531 2863 καταστρατεύειν
3564 2789 3776 2860 ἤθελον.

2212 2886 2350 2940 Ἀλλ’
2384 2888 2624 2958 ἥλωσαν,
2650 2887 2746 2940 καὶ
2793 2885 3117 2940 πεπτώκασι
3169 2883 3544 2953 ἐπαμύνοντος
3596 2880 3779 2941 αὐτοῖς

2199 2976 2355 3029 Θεοῦ.
2383 2976 2578 3045 Γέγονε
2628 2976 2687 3030 δὲ
2729 2974 2838 3028 τῶν
2881 2977 2961 3039 είς
3002 2973 3161 3027 τοῦτο
3205 2970 3700 3043 συναγηγερμένων
3743 2968 3781 3038 ἡ

2200 3066 2440 3139 ἄθροισις
2488 3069 2546 3120 ὲν
2582 3069 2648 3136 τῇ
2680 3066 2883 3120 κοιλάδι
2907 3064 3196 3133 Ἰωσαφὰτ,
3230 3064 3408 3135 χῶρος
3439 3063 3496 3115 δὲ
3525 3056 3681 3124 οὗτος
3718 3059 3780 3113 οὐ

2203 3156 2417 3220 πολλοῖς
2463 3157 2699 3219 σταδίοις
2740 3157 2959 3228 ἀπέχων
3003 3159 3102 3227 τῆς
3140 3154 3518 3225 Ἰερουσαλὴμ,
3566 3154 3627 3206 ὲν
3667 3154 3782 3215 τοῖς

528 3244 718 3309 salem,
762 3243 1061 3309 Balsamus,
1098 3254 1152 3300 et
1196 3242 1558 3307 Mithridates,
1610 3253 1665 3299 et
1709 3244 1998 3308 Sabellius,
2042 3256 2094 3300 et

2198 3246 2332 3319 πρὸς
2359 3246 2441 3316 ὴῶ
2472 3247 2680 3318 μέρεσι.
2699 3247 2869 3300 Ψιλὸν
2897 3246 2955 3300 δὲ
2978 3240 3117 3300 εἷναί
3154 3262 3306 3314 φασι,
3325 3246 3420 3298 καὶ
3453 3242 3779 3313 ἱππήλατον.

528 3333 830 3399 Reatimus,
870 3344 925 3389 et
960 3334 1320 3401 Belthetmus,
1365 3345 1418 3389 et
1461 3333 1852 3391 Geentetbmus
1897 3337 2095 3401 scriba,

528 3435 583 3478 et
614 3424 803 3496 reliqui
845 3424 962 3492 ejus
988 3426 1193 3481 ordinis
1224 3426 1279 3480 in
1316 3424 1562 3480 Samaria
1609 3426 1930 3494 exterisque
1967 3427 2099 3482 locis

529 3516 838 3571 habitantes
862 3516 942 3581 ⁸⁸,
972 3534 993 3568 ι
1052 3517 1103 3571 in
1160 3517 1300 3571 hanc
1369 3521 1691 3572 sententiam
1736 3536 1751 3572 :
1803 3516 2096 3573 Jerusalem

530 3606 646 3661 fore
673 3607 945 3662 civitatem
987 3607 1483 3678 inexpugnabilem,
1515 3606 1683 3680 234
1714 3624 1815 3664 nec
1858 3609 1965 3663 ulla
2007 3625 2099 3663 ra-

531 3700 680 3754 tione
719 3699 842 3754 aliis
869 3700 1086 3770 regibus
1117 3699 1449 3766 subiectam;
1498 3701 1592 3755 sed
1624 3701 1971 3755 rebellantem
2002 3717 2098 3756 au-

528 3792 840 3858 dacissime,
874 3801 954 3857 et,
1005 3792 1052 3846 si
1108 3792 1391 3863 antiquum
1437 3801 1639 3847 statum
1671 3806 1737 3846 ac
1779 3793 2097 3861 dignitatem

531 3882 780 3950 recipiat,
810 3878 1233 3954 Babyloniorum
1280 3882 1638 3952 principibus,
1679 3882 1773 3952 qui
1815 3892 1927 3936 tum
1977 3881 2099 3937 fuc-

530 3974 662 4035 rint,
712 3988 967 4029 curarum
1028 3973 1229 4029 ﬂuctus
1275 3974 1660 4028 excitaturam.
1708 3975 1779 4029 At
1823 3976 1966 4028 enim
2014 3976 2101 4029 his

530 4064 748 4134 scriptis
808 4065 936 4120 nihil
997 4066 1220 4121 omnino
1284 4064 1560 4119 consecuti
1621 4073 1770 4120 sunt.
1822 4064 2101 4132 Rogabant

528 4170 690 4224 porro
734 4155 952 4224 quidam
1006 4170 1039 4210 e
1082 4155 1352 4221 Samaria,
1402 4164 1464 4210 ut
1508 4154 1639 4224 ipsis
1687 4169 1808 4210 eum
1857 4155 1943 4210 his
2007 4156 2098 4225 qui

534 4246 806 4316 Babylone
846 4257 1191 4312 revenerant,
1234 4247 1485 4303 laborare
1512 4256 1568 4301 et
1586 4245 1856 4302 aedificare
1886 4247 2095 4302 liceret.

530 4335 817 4405 Repulsam
855 4335 1113 4391 tulerunt.
1146 4336 1505 4401 Quamobrem
1543 4338 1670 4391 dum
1700 4339 1957 4392 adversus
1981 4338 2100 4393 illo-

531 4440 647 4480 rum
679 4435 865 4495 postea
894 4426 1325 4481 machinationes
1347 4442 1405 4481 se
1437 4436 1653 4481 tuentur
1687 4427 1963 4492 Israelita,
1988 4442 2096 4482 non

525 4530 716 4585 parum
758 4523 883 4569 sntit
912 4514 1216 4584 defatigati.

2202 3336 2322 3390 ’Ότι
2364 3337 2420 3390 δὲ
2466 3336 2850 3407 διεφθονήκασι
2907 3335 3004 3406 μέν
3055 3352 3199 3397 τινες
3241 3333 3350 3387 τῶν
3396 3333 3781 3400 δυνατωτέρων

2198 3430 2309 3490 τοῖς
2346 3426 2408 3492 ἐξ
2438 3427 2653 3499 Ἰσραὴλ
2685 3427 2776 3480 τὸν
2819 3427 2962 3479 θεῖον
2992 3427 3266 3496 ἐγείρουσι
3296 3424 3451 3488 ναὸν,
3476 3422 3685 3493 ὤνησαν
3715 3422 3777 3474 δὲ

2197 3516 2368 3584 οὐδὲν,
2410 3516 2608 3581 διδάξει
2658 3516 2830 3585 λέγων
2878 3517 2906 3569 ό
2950 3516 3215 3587 μακάριος
3246 3514 3483 3586 Ἔσδρας
3508 3531 3522 3544 ·
3555 3513 3681 3566 «Ἐν
3718 3510 3782 3567 δὲ

2196 3608 2309 3668 τοῖς
2335 3605 2426 3657 ἐπὶ
2449 3604 2808 3677 Ἀρταξέρξου
2856 3604 2948 3658 τοῦ
2988 3602 3214 3675 Περσῶν
3248 3603 3510 3675 βασιλέως
3542 3601 3780 3673 χρόνοις,

2198 3696 2549 3766 κατέγραψαν
2588 3699 2730 3749 κατᾶ
2772 3696 2881 3749 τῶν
2911 3695 3305 3750 κατοικούντων
3333 3697 3394 3749 ἐν
3422 3697 3490 3765 τῇ
3520 3692 3780 3764 Ἰουδαίᾳ,

2198 3790 2291 3842 καὶ
2334 3789 2393 3841 ὲν
2426 3788 2777 3859 Ἰερουσαλὴμ
2827 3788 3091 3860 Βήλεμος,
3132 3789 3227 3842 καὶ
3276 3786 3640 3858 Μιθριδάτης,
3686 3787 3782 3841 καὶ

2196 3878 2501 3944 Σαϐέλλιος,
2537 3880 2632 3932 καὶ
2664 3878 2940 3950 Ῥάθιμος,
2974 3880 3068 3932 καὶ
3115 3879 3437 3950 Βέλτεθμος,
3484 3879 3581 3932 καὶ
3623 3877 3781 3931 Γεέν·

2195 3970 2392 4041 τεθμος
2420 3973 2449 4024 ὁ
2480 3972 2862 4040 γραμματεὺς,
2895 3971 2990 4024 καὶ
3018 3970 3067 4023 οί
3092 3969 3269 4023 λοιποὶ
3312 3972 3361 4023 οἱ
3412 3969 3624 4033 τούτοις
3650 3966 3783 4021 συν·

2196 4065 2541 4132 τασσόμενοι,
2577 4058 2852 4124 οἰκοῦντες
2888 4060 2947 4115 δὲ
2990 4064 3047 4115 ὲν
3076 4062 3379 4134 Σαμαρείᾳ,
3416 4061 3654 4124 καὶτοῖς
3683 4062 3780 4114 ἄλ-

2196 4153 2307 4218 λοις
2335 4153 2541 4216 τόποις.
2566 4173 2584 4204 ι
2609 4147 2717 4206 ’Ἦν
2748 4151 2805 4206 δὲ
2835 4153 2933 4223 τῆς
2968 4152 3188 4224 γραφῆς
3217 4151 3392 4207 τοιάδε
3431 4169 3517 4216 τις
3548 4154 3581 4223 ή
3619 4152 3781 4206 δύνα-

2201 4263 2312 4316 μις,
2343 4245 2420 4308 ὡς
2466 4242 2549 4316 εἴη
2602 4244 2700 4314 μὲν
2748 4242 2901 4307 πόλις
2947 4243 3249 4315 ἄθραυστον
3298 4243 3501 4315 ἔχουσα
3550 4244 3783 4313 δύναμιν

2209 4333 2583 4406 Ἰερουσαλὴμ,
2617 4336 2825 4405 ἥκουσα
2877 4335 2934 4388 δὲ
2977 4335 3224 4406 οὐδαμῶς
3268 4337 3380 4398 τοῖς
3425 4333 3531 4387 τῶν
3574 4335 3785 4403 ἑτέρων

2198 4426 2389 4499 χωρῶν
2429 4426 2764 4496 βασιλεῦσιν·
2801 4428 3226 4498 ἀντεγειρομένη
3262 4428 3319 4482 δὲ
3349 4426 3540 4498 μᾶλλον
3568 4426 3789 4497 σφόδρα

2198 4517 2481 4581 νεανικῶς,
2514 4518 2579 4572 ἵν’
2606 4521 2655 4572 εί
2702 4519 2912 4588 γένοιτο
2959 4519 3120 4574 πάλιν
3154 4520 3517 4589 ύπονοστῆσαι
3548 4518 3685 4588 πρὸς
3721 4518 3786 4570 τὸ

523 4605 775 4677 ἀρχαῖον,
809 4605 905 4657 καὶ⁹
932 4604 1114 4667 αὐτοῖς
1142 4603 1391 4658 σαλεύσιι
1421 4605 1704 4678 φροντίδας
1730 4607 1843 4670 τοῖς
1872 4605 1972 4674 τῆς
2021 4605 2341 4672 Βαϐυλῶνος
2401 4607 2542 4662 κατά
2596 4611 2821 4679 καιροὺς
2859 4609 3353 4681 ήγουμένοις.Ἀλλ’
3417 4610 3636 4679 ὤνησαν
3680 4608 3783 4680 μὲν

523 4698 594 4751 τὰ
630 4694 809 4749 τοιάδε
853 4695 1191 4764 γεγραφότες
1228 4696 1502 4761 παντελῶς
1548 4696 1720 4752 οὐδέν.
1753 4695 2102 4767 Παρεκάλουν
2139 4698 2197 4751 δέ
2228 4716 2370 4763 τινες
2416 4699 2526 4752 τῶν
2571 4703 2630 4754 ὲν
2677 4701 2982 4772 Σαμαρείᾳ,
3043 4699 3152 4752 τῶν
3183 4701 3248 4753 ὲκ
3282 4700 3605 4764 Βαϐυλῶνος
3652 4717 3784 4770 μετ-

522 4787 873 4843 οικισθέντων
900 4785 1326 4858 συνεργάζεσθαι
1352 4804 1434 4853 τε,
1462 4788 1555 4841 καὶ
1614 4787 2014 4858 συνοικοδομεῖν
2070 4789 2276 4852 αὐτοῖς.
2305 4790 2372 4842 Ol
2399 4787 2457 4842 δὲ
2494 4791 2594 4845 οὐκ
2625 4790 2837 4862 ἤθελον,
2870 4791 2964 4844 καὶ
3008 4791 3208 4862 ταύτης
3237 4790 3399 4844 ἕνεκα
3430 4790 3529 4862 τῆς
3598 4790 3785 4858 αἰτίας

524 4881 872 4953 κεκμήκασιν
918 4879 979 4933 οὐ
1032 4878 1302 4952 μετρίως,
1350 4881 1471 4944 ταῖς
1520 4879 1742 4933 ἐκείνων
1789 4879 2103 4945 ἐπιϐουλαῖς
2136 4880 2544 4947 ἀντεξάγοντες.

596 4972 695 5029 Est
741 4985 907 5043 porro
952 4972 1094 5040 apud
1132 4970 1359 5025 Esdram
1411 4970 1466 5024 in
1518 4971 1663 5025 hunc
1699 4970 1914 5026 modum
1943 4987 1958 5025 :
1987 4988 2006 5021 ι
2041 4971 2094 5025 ΕΙ

2277 4971 2593 5043 Γέγραπται
2647 4970 2704 5025 δὲ
2768 4970 2943 5035 οὕτως
3017 4974 3074 5025 ὲν
3148 4968 3227 5040 τῷ
3291 4969 3499 5041 Ἔσδρᾳ
3579 4968 3780 5023 πάλιν·

525 5065 816 5121 audierunt
880 5062 1202 5119 tribulantes
1241 5061 1434 5118 Judam
1492 5071 1550 5117 et
1596 5061 1901 5132 Benjamin,
1954 5062 2097 5132 quod

526 5154 624 5210 filii
656 5153 1150 5228 transmigrationis
1177 5154 1448 5209 aediﬁcant
1477 5154 1697 5209 domum
1727 5155 1953 5209 Domino
1984 5155 2096 5209 Deo

526 5246 715 5301 Israel.
755 5246 824 5302 Et
843 5254 1196 5304 accesserunt
1225 5244 1291 5299 ad
1321 5244 1708 5301 Zorobabelem
1741 5254 1796 5300 et
1824 5246 2096 5316 principes

527 5335 883 5401 familiarum,
911 5347 968 5394 et
989 5338 1247 5394 dixerunt
1267 5337 1349 5393 eis
1373 5354 1388 5391 :
1414 5334 1771 5391 Ediﬁeemus
1794 5336 2093 5401 vobiscum,

525 5426 654 5496 quia
702 5427 845 5482 sicut
881 5443 978 5485 vos
1020 5430 1315 5500 quarimus
1357 5428 1525 5484 Deum
1574 5436 1835 5495 vestrum,
1885 5435 1942 5483 et
1989 5426 2091 5497 ipsi

525 5530 629 5572 nos
658 5517 1029 5573 sacrificamus
1058 5533 1090 5574 a
1134 5520 1325 5575 diebus
1362 5519 1681 5583 Asaradam,
1722 5516 1866 5586 regis
1894 5518 2088 5581 Assur,

524 5607 618 5679 qui
653 5606 805 5662 dux'it
826 5622 928 5663 nos
960 5608 1087 5663 huc.
1119 5608 1416 5666 Zorobabel
1445 5616 1628 5663 autem
1654 5624 1776 5663 cum
1804 5606 2094 5663 comitibus

2204 5077 2223 5113 ι
2256 5061 2367 5115 Καὶ
2408 5062 2648 5132 ⁴ἥκουσαν
2697 5063 2746 5115 οἱ
2778 5060 3052 5126 θλίϐοντες
3096 5061 3319 5124 Ἰούδαν,
3348 5060 3444 5113 καὶ
3494 5059 3783 5129 Βενιαμὶν,

2197 5152 2280 5206 δτι
2337 5154 2386 5205 οί
2432 5151 2538 5205 υἱοὶ
2588 5151 2688 5223 τῆς
2722 5152 3030 5217 κάποικίας-
3057 5149 3429 5221 οἰκοδομοῦσιν
3491 5144 3640 5201 οἶκον
3699 5145 3785 5217 τῷ

2197 5242 2386 5315 Κυρίῳ
2428 5242 2812 5315 Θεῷ’ῐσραήλ’
2849 5244 2944 5297 καὶ
2989 5244 3221 5314 ῆγγισαν
3270 5241 3408 5312 πρὸς
3450 5236 3782 5311 Ζοροϐάϐελ,

2201 5334 2297 5387 καὶ
2327 5334 2463 5405 πρὸς
2491 5336 2615 5397 τοὺς
2641 5335 2906 5405 ἄρχοντας
2932 5333 3039 5387 τῶν
3065 5333 3327 5404 πατριῶν,
3358 5331 3453 5385 καὶ
3492 5322 3647 5383 εἶπον
3674 5326 3783 5379 αύ-

2193 5427 2302 5489 τοῖς
2323 5445 2336 5457 ·
2367 5426 2819 5496 Οίκοδομήσωμεν
2847 5426 2966 5496 μεθ’
3000 5424 3172 5495 ὑμῶν,
3200 5426 3283 5478 ὅτι
3321 5423 3396 5485 ὼς
3429 5422 3588 5491 ὑμεῖς
3614 5418 3787 5487 ἐκζη-

2194 5518 2393 5589 τοῦμεν
2423 5519 2516 5572 τὸν
2545 5518 2675 5572 Θεὸν
2706 5517 2876 5587 ὑμῶν,
2911 5517 3006 5570 καὶ
3049 5514 3198 5586 αὐτῷ
3239 5516 3398 5585 ἡμεῖς
3446 5511 3785 5579 θυσιάζομεν

2198 5606 2305 5660 ἀπὸ
2354 5607 2574 5678 ἡμερῶν
2600 5605 2903 5678 Ἀσαραδὰν
2953 5606 3215 5677 βασιλέως
3237 5603 3472 5673 Ἀσσοῦρ
3498 5600 3592 5655 τοῦ
3622 5598 3782 5665 ἐνέγ-

594 5789 641 5824 ⁵τ
677 5785 719 5843 ll
751 5781 908 5840 Esdr.
948 5796 1031 5851 ut,
1066 5783 1262 5853 passim
1292 5800 1307 5849 ;
1348 5782 1390 5835 ll
1423 5783 1580 5840 Esdr.
1617 5797 1689 5847 tv,
1722 5781 1810 5836 l7.
1885 5780 1931 5813 ⁸⁸
1960 5779 2021 5835 Ill
2053 5779 2093 5833 E

2195 5817 2208 5834 .
2242 5796 2298 5841 ιι,
2343 5779 2425 5834 16.
