4054 6274
299 323 408 384 589

1190 321 1736 381 COMMENTARIUS
1777 321 1845 379 IN
1883 318 2148 378 JOELEM
2185 315 2629 376 PROPIIETAM.

3460 324 3566 381 390

302 456 500 505 καντος
549 441 696 510 ἡμᾶς
743 432 870 495 ὧδε.
900 442 966 494 Οἱ
1008 442 1063 496 δὲ
1100 445 1229 514 περὶ
1253 445 1345 497 τὸν
1377 444 1682 516 Ζοροϐάϐελ
1717 438 1889 498 εἷπον·

1999 443 2110 498 suis
2152 443 2470 512 respondit:
2506 439 2621 496 Non
2655 441 2805 498 vobis
2836 453 2888 496 et
2931 440 3107 506 nobis,
3143 450 3198 495 ut
3237 438 3570 498 aedificemus

305 532 425 601 Οὐχ
465 533 592 602 ὑμῖν
623 533 717 585 καὶ
766 534 902 602 ἡμῖν
950 532 1044 586 τοῦ
1079 535 1429 605 οἰκοδομῆσαι
1457 532 1605 590 οἷκον
1652 536 1732 607 τῷ
1774 535 1893 606 Θεῷ

307 625 488 695 ἡμῶν,
521 625 601 678 ὅτι
645 626 810 694 ἡμεῖς
849 625 1006 679 αὐτοὶ
1047 627 1140 678 ἐπὶ
1184 627 1246 679 τὸ
1291 627 1424 680 αὐτὸ
1466 628 1894 699 οἰκοδομήσομεν

311 714 501 786 Κυρίῳ
549 715 630 788 τῷ
667 715 788 786 Θεῷ
835 718 1013 788 ἡμῶν,
1047 717 1122 781 ὡς
1153 719 1456 772 ἐνετείλατο
1484 722 1614 789 ἡμῖν
1652 719 1835 790 Κῦρος
1865 721 1893 771 ό

313 807 567 876 βασιλεὺς
596 808 838 879 Περσῶν.
871 810 983 862 Καὶ
1011 806 1080 880 ἦν
1106 812 1134 863 ό
1161 810 1287 873 λαὸς
1310 810 1411 879 τῆς
1442 811 1545 880 γῆς
1564 809 1772 864 ὲκλύων
1794 809 1893 874 τὰς

309 899 502 967 χεῖρας
549 898 641 952 τοῦ
686 897 814 951 λαοῦ
838 897 1031 961 Ἰούδα,
1065 899 1162 953 καλ⁵
1206 898 1514 962 ἐνεπόδιζον
1558 901 1752 962 αὐτοὺς
1798 895 1891 952 τοῦ

307 989 635 1057 οἰκοδομεῖν,
663 991 758 1042 καὶ
789 988 1142 1059 μισθούμενοι
1185 990 1272 1042 ἐπ’
1299 992 1517 1054 αὐτοὺς,
1547 990 1830 1043 ὲϐουλεύον
1843 1005 1894 1042 το

305 1079 405 1133 τοῦ
447 1079 796 1134 διασκεδάσαι
845 1078 1042 1150 βουλὴν
1084 1079 1286 1132 αὐτῶν.
1317 1098 1336 1131 ι
1371 1079 1511 1132 Ἀλλ’
1536 1080 1892 1134 ἐπεϐούλευον

310 1173 433 1243 μὲν,
477 1173 758 1243 ἄπρακτος
790 1171 847 1224 δὲ
885 1171 980 1224 καὶ
1012 1170 1220 1234 τούτοις
1246 1174 1278 1242 ή
1311 1172 1652 1244 ἐπιχείρησις
1675 1168 1892 1243 ἦν.⁰’οτι

307 1263 362 1318 δὲ
391 1264 491 1335 τῆς
524 1263 783 1334 λαθραίου
812 1261 997 1315 λοιπὸν
1027 1263 1324 1334 ἀτονούσης
1355 1264 1651 1334 ἑπιϐουλῆς
1678 1264 1768 1317 τὸν
1794 1281 1891 1316 πο-

307 1355 476 1424 λέμου
507 1355 670 1425 νόμον
698 1354 868 1424 ᾔεσαν
894 1355 1311 1426 στρατευόμενοι
1335 1357 1534 1420 πάντες
1555 1359 1602 1409 oi
1628 1357 1893 1428 περίοικοι

309 1447 420 1500 τῶν
466 1445 657 1508 ἐθνῶν,
703 1445 920 1514 ἦλωσάν
961 1461 1045 1506 τε,
1080 1448 1174 1498 καὶ
1224 1446 1568 1511 πεπτώκασι,
1597 1446 1893 1501 κάντεῦθεν

313 1539 379 1592 ἂν
409 1537 617 1608 μάθοις.
641 1538 851 1608 Γράφει
880 1538 986 1608 γὰρ
1011 1532 1113 1593 ὦδε
1143 1538 1304 1592 πάλιν
1335 1541 1396 1592 ὲν
1429 1538 1508 1609 τῷ
1539 1540 1776 1611 δευτέρῳ
1812 1540 1894 1610 βι-

311 1631 448 1700 ϐλίῳ
467 1649 482 1663 ο
521 1650 540 1681 ι
574 1631 684 1684 Καὶ
719 1631 934 1699 ἐγένετο
961 1632 1038 1694 ὡς
1063 1632 1262 1703 ήκουσε
1291 1632 1628 1697 Σαναϐαλὰτ,
1659 1633 1751 1685 καὶ
1777 1633 1892 1685 Τω-

311 1720 457 1787 ϐίας,
481 1722 576 1775 καὶ
619 1723 668 1775 οἱ
695 1722 952 1792 ΙἌραϐες,
983 1723 1078 1775 καὶ
1107 1725 1154 1775 oi
1180 1724 1507 1795 Ἀμμανῖται
1533 1725 1614 1778 ὅτι
1648 1724 1818 1793 ἀνέϐη
1853 1726 1886 1793 ή

312 1781 581 1885 φυὴητοίς
613 1781 848 1884 τείχεσιν
885 1781 1259 1886 Ἰερουσαλὴμ,
1290 1781 1387 1869 καὶ
1430 1818 1512 1869 ὅτι
1558 1781 1818 1888 ήρξαντα
1838 1781 1894 1869 ai.
1928 1781 1969 1834 Β

314 1904 610 1975 διασφαγαὶ
637 1906 1104 1976 άναφράσσεσθαι,
1130 1907 1223 1959 καὶ
1252 1907 1488 1978 πονηρὸν
1516 1909 1698 1971 αὐτοῖς
1722 1908 1896 1979 ἐφάνη

320 1996 540 2067 σφόδρα.
568 1995 680 2050 Καὶ
723 1998 1068 2068 συνήχθησαν
1107 1999 1313 2062 πάντες
1346 2000 1438 2051 ἐπὶ
1485 2000 1546 2052 τὸ
1591 1999 1722 2053 αὐτὸ
1751 1999 1898 2063 ἐξελ-

314 2087 445 2152 θεῖν,
488 2089 584 2142 καὶ
628 2086 1048 2160 παρατάξασθαι
1095 2092 1153 2143 ὲν
1185 2090 1558 2164 Ἰερουσαλήμ.
1609 2091 1717 2143 Καὶ
1762 2090 1898 2162 πρὸς

313 2180 516 2251 Κύριον
563 2180 656 2234 τὸν
701 2181 832 2234 Θεὸν
873 2181 1053 2253 ἡμῶν,
1102 2185 1256 2254 φησὶ,
1303 2182 1754 2255 προσηυξάμεθα,
1803 2183 1898 2236 καὶ

311 2273 622 2344 ἐστήσαμεν
666 2273 1024 2344 προφύλακας
1064 2277 1151 2328 ἐπ’
1181 2276 1398 2340 αὐτοὺς,
1439 2277 1655 2347 ἡμέρας
1683 2276 1775 2329 καὶ
1806 2292 1898 2328 νυ-

310 2360 439 2426 κτὸς
464 2362 572 2414 ἀπὸ
597 2361 890 2431 προσώπου
923 2363 1122 2418 αὐτῶν.
1155 2366 1266 2418 Καὶ
1307 2361 1460 2419 εἶπεν
1491 2366 1726 2430 Ἰούδας’
1758 2369 1898 2419 Συν-

309 2452 503 2523 ετρίϐη
533 2455 568 2524 ἡ
605 2454 758 2523 ἰσχὺς
786 2454 894 2508 τῶν
924 2456 1154 2526 ἐχθρῶν,
1188 2457 1282 2510 καὶ
1307 2457 1464 2527 ὄχλος
1497 2457 1681 2522 πολύς.
1715 2477 1736 2509 ›
1788 2458 1898 2512 Καὶ

313 2543 600 2613 σεσίγηται
632 2544 729 2614 μὲν
758 2547 817 2597 ὲν
843 2546 1052 2609 τούτοις
1088 2548 1186 2616 τῆς
1209 2547 1455 2611 κοιλάδος
1483 2550 1516 2618 ἡ
1551 2551 1762 2620 μνήμη.
1796 2549 1896 2600 Φέ-

316 2650 400 2705 ρει
427 2633 486 2686 es
515 2632 672 2687 τοῦτο
705 2634 870 2688 πάλιν
898 2638 976 2699 είς
1010 2638 1202 2707 ἡμᾶςό
1220 2641 1320 2709 τῆς
1341 2640 1691 2710 παραδόσεως
1719 2640 1893 2708 λόγος.

327 2722 654 2793 ’Λξιόχρεως
694 2725 752 2778 δὲ
797 2729 874 2790 είς
928 2728 1112 2782 πίστιν
1162 2731 1195 2800 ἠ
1243 2732 1546 2800 προφητεία
1600 2731 1690 2785 καὶ
1739 2733 1900 2788 αὐτὸν

319 2813 453 2883 ἡμῖν
477 2812 567 2866 τὸν
590 2812 681 2866 τοῦ
704 2815 940 2886 πολέμου
969 2819 1144 2890 χῶρον
1177 2821 1638 2892 κατονομάζουσα.
1658 2824 1900 2895 Ταυτησὶ

314 2906 419 2973 τῆς
466 2905 705 2976 ἱστορίας
765 2910 1078 2980 μεμνῆσθαί
1124 2930 1336 2984 φαμεν,
1390 2913 1635 2980 συνάξειν
1674 2917 1900 2985 λέγοντα

311 2997 494 3051 πάντα
520 2997 588 3050 τά
625 2997 752 3068 ἔθνη
780 3002 859 3062 είς
895 3004 994 3072 τὴν
1026 3004 1247 3058 κοιλάδα
1275 3007 1368 3060 τοῦ
1393 3008 1681 3078 Ἰωσαφάτ.
1731 3009 1898 3080 Δῆλον

1994 535 2216 588 domum
2247 533 2355 587 Deo
2387 543 2596 597 nostro,
2628 533 2880 602 quoniam
2908 547 3009 588 nos
3043 533 3143 604 ipsi
3185 533 3412 602 idipsum
3441 534 3572 588 tedi-

1995 625 2278 681 flcabimus
2320 625 2548 680 Domino
2594 626 2704 680 Deo
2745 636 2951 693 nostro,
2995 627 3133 682 sicut
3178 629 3434 696 praecepit
3475 642 3572 680 no-

1991 717 2078 772 bis
2120 716 2296 785 Cyrus
2337 731 2427 771 rex
2491 717 2800 771 Persarum.
2858 719 2926 772 Et
2970 720 3068 772 fuit
3109 720 3338 789 populus
3415 731 3572 775 terra

1992 807 2294 862 dissolvens
2337 821 2531 861 manus
2556 805 2714 871 Juda,
2749 816 2803 861 et
2829 808 3195 877 impediebant
3239 811 3367 879 ipsis
3399 810 3572 864 aedifi-

1992 898 2286 963 cationem,
2317 904 2371 951 et
2413 896 3086 951 conducebantadversus
3125 911 3221 952 eos
3263 901 3573 954 consiliato-

1994 973 2100 1056 res,
2156 997 2214 1042 ut
2261 989 2606 1042 destruerent
2643 987 2930 1041 consilium
2979 1002 3168 1041 eorum
3191 990 3260 1041 ".
3289 1008 3308 1040 ι
3345 991 3450 1044 Sed
3488 1006 3575 1046 eo-

1992 1097 2114 1137 rum
2149 1081 2357 1136 insidia:
2393 1089 2448 1134 et
2496 1078 2804 1134 molitloues
2845 1080 2912 1132 ad
2957 1080 3184 1134 nihilum
3234 1082 3569 1138 reciderunt.

1998 1172 2092 1228 Ubi
2127 1173 2466 1242 postmodum
2499 1171 2714 1226 omissis
2752 1170 3034 1226 fraudibus
3065 1171 3414 1226 clandestinis
3438 1211 3454 1237 ,
3487 1174 3574 1226 vi-

1994 1264 2130 1318 cinae
2189 1273 2378 1333 gentes
2425 1278 2616 1318 omnes
2683 1263 2735 1316 in
2795 1273 3035 1331 apertam
3089 1264 3196 1317 vim
3247 1278 3312 1319 ac
3373 1265 3572 1320 bellum

1991 1365 2306 1423 eruperunt,
2340 1369 2492 1410 caesa:
2523 1354 2824 1424 fugataeque
2850 1362 2998 1408 sunt.
3024 1353 3176 1420 Quod
3215 1355 3336 1411 inde
3375 1370 3575 1425 cogno-

1994 1463 2136 1502 scas.
2201 1445 2408 1502 Rursus
2462 1447 2604 1500 enim
2668 1446 2805 1501 libro
2851 1447 3090 1501 secundo
3144 1447 3223 1502 sic
3273 1458 3358 1502 est
3400 1465 3413 1502 :
3454 1467 3474 1499 ι
3508 1447 3576 1503 Ει

1994 1539 2196 1593 factum
2240 1545 2343 1603 est,
2383 1551 2504 1590 cum
2550 1537 2790 1591 audisset
2833 1537 3153 1602 Sanabalat,
3191 1538 3482 1606 etTobias,
3519 1550 3576 1594 et

1993 1629 2222 1690 Arabes,
2267 1635 2323 1680 et
2355 1627 2641 1691 Amanitm,
2683 1629 2825 1696 quod
2860 1627 3103 1681 ascendit
3141 1643 3361 1697 germen
3404 1631 3576 1686 muris

1996 1717 2323 1784 Jerusalem,
2356 1718 2614 1788 quoniam
2658 1717 3002 1785 incoepcrunt
3034 1720 3320 1776 cicatrices
3353 1723 3572 1787 obduci,

1997 1819 2052 1864 et
2091 1811 2377 1865 molestum
2428 1811 2508 1864 eis
2553 1809 2729 1864 visum
2779 1809 2881 1864 fuit
2927 1809 3100 1867 valde.
3155 1812 3221 1867 Et
3257 1818 3573 1886 congregati

1999 1910 2120 1956 sunt
2149 1915 2338 1956 omnes
2368 1901 2419 1954 in
2449 1916 2638 1966 unum,
2669 1911 2727 1955 ut
2752 1901 3024 1967 venirent,
3052 1912 3106 1958 et
3139 1914 3488 1974 percuterent
3519 1907 3574 1962 in

1997 1992 2322 2059 Jerusalem,
2385 2001 2439 2047 et
2493 1991 2737 2048 facerent
2778 1993 3154 2064 direptionem.
3196 1995 3264 2052 Et
3301 2000 3579 2056 oravimus

1999 2087 2064 2140 ad
2111 2087 2276 2139 Deum
2329 2093 2599 2149 nostrum,
2643 2086 2839 2154 inquit,
2895 2095 2951 2140 et
2994 2089 3285 2144 statuimus
3326 2094 3578 2148 custodes

2000 2190 2163 2244 super
2215 2189 2308 2229 eos
2359 2175 2445 2230 die
2481 2190 2543 2229 ac
2594 2184 2752 2230 nocte
2805 2175 2998 2230 afacie
3053 2192 3263 2234 eorum.
3323 2179 3388 2234 Et
3438 2183 3578 2236 dixit

1998 2267 2161 2322 Judas
2188 2285 2200 2321 :
2231 2267 2474 2322 Contrita
2512 2277 2594 2322 est
2626 2266 2886 2322 fortitudo
2920 2267 3263 2324 inimicormn
3300 2281 3353 2325 et
3389 2275 3579 2329 multi-

2000 2362 2130 2416 tudo
2158 2377 2349 2432 magna
2372 2361 2438 2416 '°.
2473 2379 2491 2413 ›
2520 2360 2575 2414 In
2600 2360 2686 2415 his
2715 2359 2858 2414 nulla
2881 2362 3086 2417 mentio
3117 2363 3269 2419 vallis
3293 2364 3574 2435 Josaphat.

1999 2450 2112 2507 Hoc
2165 2461 2344 2506 autem
2394 2453 2460 2506 ad
2509 2466 2609 2506 nos
2670 2452 2960 2508 traditione
3017 2455 3280 2524 pervenit.
3339 2455 3575 2511 Meretur

1999 2560 2214 2614 quoque
2265 2545 2422 2599 tidem
2475 2545 2780 2613 prophetia,
2839 2546 3013 2616 ipsum
3077 2547 3234 2603 nobis
3296 2547 3579 2604 conflictus

1999 2638 2175 2691 locum
2217 2636 2525 2692 nominans.
2560 2634 2628 2690 Et
2652 2635 2812 2705 hujus
2837 2638 3080 2693 historia:
3108 2631 3419 2695 meminisse
3455 2655 3580 2710 pro-

1999 2732 2218 2799 phetam
2251 2731 2504 2792 dicimus,
2543 2730 2670 2784 dum
2709 2730 3035 2786 vaticinatur
3080 2732 3248 2788 Deum
3278 2747 3578 2805 congrega~

2003 2833 2184 2876 turum
2215 2823 2266 2874 in
2299 2821 2497 2874 vallem
2536 2820 2794 2890 Josapbat
2825 2836 3014 2876 omnes
3047 2833 3270 2893 gentes:
3300 2839 3406 2879 non
3441 2823 3580 2878 invi-

1999 2921 2083 2967 tas
2121 2911 2239 2966 sine
2275 2909 2440 2965 dubio
2482 2910 2857 2980 congregabit,
2892 2913 2985 2965 sed
3012 2927 3078 2966 eo
3112 2912 3355 2967 volentes
3384 2929 3582 2969 conve-

1999 3005 2117 3059 nire.
2149 3019 2255 3058 non
2287 3001 2622 3071 prohibebit,
2660 3013 2720 3055 ut
2756 3017 2876 3056 cum
2911 3003 3015 3058 illis
3045 3003 3308 3074 disceptet
3332 3001 3492 3076 235
3514 3004 3582 3060 de

308 3085 366 3138 δὲ
401 3086 482 3139 ὅτι
511 3089 609 3140 οὐκ
632 3089 836 3141 ἄκοντα
867 3089 1006 3155 ἄξει,
1035 3093 1151 3146 ἀλλ’
1178 3097 1258 3148 ὅτι
1290 3096 1585 3168 βουλόμενα
1628 3099 1803 3153 ἐλθεῖν
1836 3099 1896 3152 ού

2002 3091 2166 3149 Israel
2213 3102 2268 3148 et
2310 3092 2630 3147 haereditate
2665 3108 2782 3160 sua,
2816 3109 2980 3162 quam
3011 3093 3318 3162 diviserint,
3352 3097 3581 3167 Babylo-

310 3175 568 3230 κωλύσει.
613 3180 1071 3253 Διακριθήσεσθαι
1120 3186 1176 3239 δὲ
1223 3189 1358 3259 πρὸς
1405 3189 1580 3244 ταῦτα
1629 3193 1758 3262 περὶ
1802 3189 1896 3242 τοῦ

322 3267 560 3340 Ἰσραὴλ,
596 3271 690 3323 καὶ
721 3272 821 3342 τῆς
853 3275 1048 3328 ἑαυτοῦ
1092 3277 1478 3350 κληρονομίας,
1516 3281 1584 3350 ἢν
1630 3283 1898 3335 καταδιεί-

310 3358 472 3414 λαντο
519 3362 912 3435 διαρπάζοντες
963 3386 1066 3421 που
1116 3369 1257 3440 τάχα
1289 3371 1358 3426 τά
1405 3373 1514 3426 τῶν
1545 3373 1899 3429 Βαϐυλωνίων

311 3447 558 3520 λείψανα,
595 3456 690 3507 καὶ
735 3458 794 3509 ὲν
822 3457 999 3528 καιρῷ
1028 3458 1128 3528 τῆς
1152 3460 1530 3532 ταλαιπωρίας
1563 3464 1898 3517 συνεπιτιθέ-

316 3559 499 3625 μενρι,
536 3548 630 3600 καὶ
675 3551 903 3619 πόρναις
954 3551 1054 3620 μὲν
1095 3553 1165 3606 τὰ
1213 3555 1475 3624 παιδάρια
1525 3557 1897 3627 χαριζόμενοι,

311 3637 604 3708 προθέντες
641 3640 698 3694 δὲ
742 3641 811 3694 τὰ
853 3641 1014 3711 κόρια
1049 3644 1186 3714 πρὸς
1218 3645 1462 3718 ἀσυνήθη
1500 3648 1772 3718 πορνείαν,
1805 3648 1900 3701 καὶ

2007 3187 2217 3240 uiorum
2254 3185 2511 3253 reliquias
2555 3184 2896 3252 diripientes,
2933 3187 3118 3250 credo,
3153 3198 3207 3241 et
3249 3191 3583 3256 temporibus

2005 3276 2217 3330 miseris
2277 3289 2369 3330 eos
2431 3274 2776 3339 adorientes,
2837 3283 2890 3328 et
2947 3291 3141 3346 pueros
3205 3279 3582 3336 meretricibus

1999 3367 2287 3431 donantes,
2326 3374 2619 3434 partesque
2654 3364 2901 3434 corporis
2943 3368 3282 3422 verecundas
3307 3369 3580 3425 inusitatis

1997 3457 2199 3526 stupris
2247 3456 2601 3526 objicicntes,
2644 3464 2698 3508 et
2741 3464 2995 3526 tanquam
3047 3461 3303 3513 nundinis
3346 3461 3577 3516 aliorum

1997 3548 2207 3604 libidini
2241 3548 2562 3610 vendentes,
2606 3546 2835 3615 indeque
2877 3548 2928 3601 in
2959 3551 3146 3618 epulas
3183 3559 3237 3605 et
3281 3551 3582 3607 ebrietates

1998 3651 2275 3711 sumptum
2304 3637 2639 3702 colligentes.

310 3725 422 3782 οἷον
497 3732 963 3804 ὲκκαπηλεύοντες
1038 3739 1157 3800 ταῖς
1217 3738 1421 3808 ἐτέρων
1491 3739 1815 3809 ἀσελγίαις,
1892 3736 2012 3794 εἶτα
2069 3735 2194 3796 τοὺς
2255 3729 2504 3782 ἐντεῦθεν
2571 3725 2798 3798 μισθοὺς
2845 3729 2925 3791 εἷς
2969 3728 3174 3800 τροφὰς
3239 3732 3332 3785 καὶ
3406 3732 3580 3803 μέθας

313 3821 679 3892 συλλέγοντες.

379 3914 560 3984 Φαμὲν
607 3913 663 3966 δέ
706 3930 758 3968 τι
791 3917 886 3969 καὶ
923 3917 1007 3986 ἐφ’
1038 3917 1194 3988 ήμῶν
1226 3921 1466 3972 τοιοῦτον
1497 3921 1769 3989 γενέσθαι,
1801 3922 1902 3994 τὴν

310 4003 398 4058 διὰ
418 4004 655 4076 Χριστοῦ
675 4005 942 4076 λύτρωσιν
967 4009 1359 4078 ἐννενοηκότες.
1379 4011 1435 4062 Ἐ
1443 4009 1496 4073 ξε
1505 4011 1644 4063 ίλετο
1671 4012 1769 4080 μὲν
1791 4012 1900 4081 γὰρ

309 4092 459 4166 sea;
487 4095 868 4164 αἰχμαλώτους
895 4098 1076 4163 ὄντας,
1109 4102 1202 4153 καὶ
1233 4101 1336 4153 ὑπὸ
1359 4101 1608 4172 τυράννῳ
1634 4103 1901 4172 πράττον-

307 4201 429 4250 τας,
446 4185 651 4256 πικρῷ,
675 4187 836 4256 φημὶ,
869 4187 932 4258 δὴ
957 4189 1034 4258 τῷ
1059 4191 1292 4262 Σατανᾷ,
1323 4192 1618 4262 ἀνεκόμισε
1637 4193 1692 4245 δὲ
1710 4193 1898 4266 ὥσπερ

309 4279 390 4339 είς
437 4277 542 4346 γῆν
583 4275 766 4345 ἁγίαν,
798 4278 878 4342 εἰς
923 4278 1198 4333 πολιτείαν
1244 4280 1627 4353 εύαγγελικὴν,
1655 4283 1734 4346 είς
1781 4282 1892 4347 ἕξιν

2068 3906 2186 3964 Νοη
2229 3903 2493 3961 dissimile
2521 3903 2776 3975 quiddam
2814 3914 2868 3960 et
2899 3905 2951 3959 in
2987 3905 3142 3964 nobis
3183 3909 3384 3970 factum
3421 3917 3573 3973 affir-

1997 4015 2148 4058 mare
2177 4013 2493 4070 possumus,
2529 4012 2653 4051 cum
2699 3999 3128 4067 redemptionem
3175 3997 3378 4061 Christi
3432 4012 3579 4080 cogi—

1996 4104 2192 4148 tamus.
2219 4091 2472 4160 Captivos
2502 4089 2644 4142 enim
2682 4103 2801 4155 nos,
2863 4098 2916 4142 et
2941 4098 3201 4160 tyranno,
3237 4095 3572 4166 importuno,

1993 4185 2245 4253 inquam,
2276 4179 2492 4236 Satanat
2515 4179 2757 4234 subditos
2785 4181 3005 4250 eripuit,
3026 4192 3079 4237 et
3105 4185 3260 4253 quasi
3289 4188 3342 4241 in
3376 4199 3573 4246 terram

1999 4283 2241 4330 sanctam
2272 4271 2508 4336 reduxit,
2545 4271 2611 4325 ad
2644 4271 2809 4325 vitam
2862 4275 3250 4345 evangelicam,
3295 4280 3362 4334 ad
3416 4282 3576 4347 babi-

310 4369 749 4440 εὐμαθεστάτην,
779 4371 858 4433 είς
890 4369 1047 4423 πόλιν
1088 4373 1498 4445 τετειχισμένην
1545 4372 1648 4444 τὴν
1695 4373 1890 4445 νοητὴν

2000 4371 2110 4416 tum
2142 4371 2198 4418 et
2228 4375 2425 4425 mores,
2467 4375 2696 4429 quorum
2741 4359 2997 4419 facillima
3051 4377 3136 4423 est
3184 4371 3460 4439 cognitio,
3506 4375 3574 4429 ad

323 4457 715 4530 Ἰερουσαλὴμ,
758 4459 879 4530 ἥτις
943 4462 1091 4514 ἐστὶν
1142 4463 1442 4534 Ἐκκλησία
1489 4462 1624 4517 Θεοῦ
1674 4463 1896 4531 ζῶντος,

316 4567 337 4600 ι
361 4549 770 4621 Οἰκοδομεῖσθαι
799 4555 1246 4624 παρασκευάσας,
1269 4555 1344 4617 ὡς
1371 4554 1551 4620 λίθους
1579 4557 1792 4627 τιμίους
1817 4557 1898 4619 είς

309 4638 438 4692 ναὸν
485 4640 660 4708 ἅγιον,
693 4643 774 4706 είς
820 4646 1242 4716 κατοικητήριον
1289 4644 1424 4698 Θεοῦ
1455 4647 1512 4698 ἐν
1545 4646 1836 4716 πνεύματι.
1867 4664 1891 4700 ι

322 4731 486 4785 Ἀλλά
532 4736 643 4796 τοῖς
692 4735 755 4787 ὲκ
807 4734 1104 4805 βασκανίας
1153 4737 1335 4800 πόνοις
1379 4739 1410 4808 ὴ
1454 4737 1563 4790 τῶν
1603 4738 1894 4810 δαιμονίων

308 4822 617 4892 ἀνεφλέχθη
660 4824 849 4877 ἀνοσία
891 4826 1119 4898 πληθὺς,
1155 4829 1249 4883 καὶ
1284 4828 1465 4898 μέντοι
1517 4828 1652 4898 πρὸς
1681 4828 1893 4893 τούτοις

306 4917 361 4968 oi
392 4917 506 4976 τοῖς
533 4914 763 4983 δόγμασι
794 4917 891 4986 τῆς
927 4917 1182 4990 ἀληθείας
1221 4921 1540 4990 μαχόμενοι,
1572 4920 1756 4974 πολλοὶ
1792 4920 1892 4991 μὲν

304 5003 411 5065 τὰς
443 5001 584 5055 κατὰ
622 5002 730 5054 τῶν
780 5005 946 5072 ἀγίων
992 5008 1214 5075 ἐφόδους
1246 5009 1588 5080 πεποίηνται,
1625 5009 1893 5080 ἠδίκησαν

303 5093 366 5146 δὲ
416 5093 573 5146 οὐδὲν
623 5094 1050 5162 προασπίζοντος
1085 5097 1244 5163 Θεοῦ,
1286 5099 1794 5171 παραθαρσύνοντος
1835 5099 1892 5152 δὲ

303 5183 572 5254 Χριστοῦ,
607 5186 701 5238 καὶ
746 5184 1016 5253 λέγοντος,
1051 5186 1229 5258 θλίψιν
1277 5190 1429 5256 ἕξετε
1468 5193 1526 5242 ἐν
1565 5189 1642 5259 τῷ
1682 5189 1891 5259 κόσμῳ,

303 5275 449 5330 ἀλλὰ
487 5294 504 5327 ι
533 5277 816 5348 Θαρσεῖτε,
845 5275 960 5346 ἐγὼ
989 5280 1249 5351 νενίκηκα
1279 5283 1368 5334 τὸν
1398 5282 1624 5352 κόσμον.
1656 5299 1673 5332 ι
1697 5279 1895 5343 ’Ύθλος

305 5367 414 5440 μὲν
457 5370 609 5440 παρά
653 5371 766 5433 τοῖς
795 5370 1074 5434 Ἰουδαίοις
1121 5372 1340 5444 σαθρὸς,
1369 5375 1464 5426 καὶ
1511 5370 1784 5442 γραώδης,
1819 5371 1895 5436 ὡς

300 5459 461 5513 ἔσται
510 5460 652 5515 κατὰ
696 5463 924 5532 καιροὺς
973 5464 1031 5516 ἐν
1083 5467 1148 5535 τῇ
1203 5463 1407 5516 κοιλάδι
1440 5463 1535 5514 τοῦ
1557 5462 1892 5534 Ἰωσαφάτή

300 5550 462 5623 παρά
490 5551 626 5603 Θεοῦ
669 5554 810 5607 κατὰ
851 5554 1069 5608 πάντων
1103 5555 1308 5626 κρίσις,
1341 5553 1479 5622 μετὰ
1507 5552 1568 5604 τὸ
1601 5552 1894 5608 ἀναϐιῶναι

2000 4455 2187 4508 urbem
2225 4468 2385 4507 muro
2410 4453 2678 4517 cinctam,
2719 4465 2912 4508 novam
2947 4456 3285 4524 Jerusalem,
3338 4477 3456 4531 quae
3490 4475 3575 4520 est

1996 4543 2240 4601 Ecclesia
2274 4545 2367 4600 Dei
2405 4546 2637 4603 viventis
2667 4587 2683 4614 ,
2732 4559 2887 4620 aptos
2945 4553 3175 4608 reddens
3224 4564 3282 4609 ut
3318 4565 3574 4627 tanquam

1993 4633 2200 4704 lapides
2235 4635 2458 4706 pretiosi
2508 4637 2576 4707 ‘1,
2608 4660 2627 4692 ι
2656 4639 3166 4708 Supertedtficemur
3215 4644 3268 4699 in
3315 4648 3574 4715 templum

1993 4737 2264 4793 sanctum,
2296 4729 2349 4782 in
2386 4728 2758 4784 habitaculum
2793 4731 2907 4794 Dei,
2948 4733 3000 4786 in
3047 4735 3242 4803 spiritu
3269 4736 3336 4790 ⁶².
3387 4757 3405 4788 ι
3464 4739 3574 4794 Sed

1994 4819 2211 4873 invidia:
2243 4819 2516 4875 doloribus
2543 4821 2772 4878 nefanda
2803 4823 3106 4879 daemonum
3144 4827 3298 4881 turba
3328 4829 3573 4896 incensa,

1997 4917 2159 4979 atque
2185 4910 2407 4980 insuper
2453 4913 2765 4982 dogmatum
2807 4915 3052 4970 veritatis
3097 4917 3400 4973 adversarii
3445 4936 3568 4977 cre-

1997 5000 2122 5057 bras
2155 5002 2208 5056 in
2240 5012 2460 5058 sanctos
2496 5004 2836 5061 incursiones
2870 5007 3156 5076 fecerunt;
3211 5010 3346 5065 nihil
3383 5021 3568 5070 tamen

1997 5092 2066 5146 iis
2106 5102 2433 5159 nocuerunt,
2458 5093 2568 5149 Deo
2613 5105 2935 5168 protegente
2974 5107 3029 5154 et
3061 5100 3282 5156 Christo
3310 5103 3570 5162 ﬁduciam

1991 5179 2274 5247 afferente,
2319 5183 2423 5239 illis
2468 5187 2692 5242 verbis:
2730 5207 2747 5239 ι
2807 5189 3094 5256 Coniidite,
3124 5193 3256 5262 quia
3317 5210 3418 5266 ego
3457 5197 3567 5254 vici

1992 5278 2252 5331 mundum
2300 5277 2365 5332 ⁸³.
2409 5295 2428 5328 ι
2491 5277 2707 5333 Frivola
2749 5290 2803 5333 et
2849 5281 3011 5335 anilia
3067 5293 3194 5338 sunt
3240 5300 3360 5354 qum
3422 5290 3568 5359 apud

1993 5367 2214 5423 Judazos
2245 5369 2706 5424 circumferuntur
2735 5410 2750 5433 ,
2802 5371 2931 5425 olim
2979 5374 3032 5427 in
3087 5374 3223 5429 valle
3260 5377 3518 5449 Josaphat
3545 5418 3567 5446 ,

1991 5462 2081 5513 ubi
2123 5462 2315 5516 mortui
2352 5462 2402 5514 in
2441 5461 2608 5514 vitam
2663 5462 2944 5528 redierint,
2999 5465 3160 5521 Deum
3211 5471 3276 5524 de
3307 5475 3564 5528 omnibus

1987 5549 2252 5620 judicium
2285 5552 2632 5618 habiturum,
2693 5562 2746 5606 et
2770 5563 3038 5626 quotquot
3083 5559 3184 5614 sub
3225 5564 3365 5617 coelo
3407 5569 3558 5626 sunt,

387 5727 434 5760 ⁸³
466 5727 485 5778 l
517 5723 676 5779 Esdr.
715 5740 790 5793 tv,
821 5726 935 5782 1—5.
1009 5728 1053 5760 °°
1080 5727 1124 5783 ll
1156 5725 1312 5781 Esdr.
1343 5739 1414 5790 tv,
1444 5724 1595 5779 7J0.
1671 5727 1712 5760 “
1749 5728 1933 5787 lPetr.
1966 5746 2025 5798 ιι,
2061 5731 2114 5784 5.
2190 5731 2234 5762 ⁶²
2269 5733 2468 5804 Ephcs.
2503 5747 2560 5797 li,
2591 5730 2681 5796 ‘21,
2711 5733 2799 5789 22.
2876 5738 2918 5770 ⁸⁸
2955 5738 3108 5795 Joan.
3147 5755 3259 5808 xvr,
3316 5741 3404 5792 33.
