4054 6274
491 393 593 451 591
1072 418 1079 423 -
1467 383 1528 440 S.
1571 375 1846 438 CYRILLI
1884 367 2352 429 ALEXANDRINI
2389 365 2711 423 ARCHIEP.
3633 363 3744 420 393

498 516 566 572 de
611 510 696 568 bis
732 523 852 580 qum
885 507 1169 562 adversum
1211 504 1357 575 ipsos
1386 497 1847 574 perpetraverint,
1884 495 2050 551 ratio-

2172 488 2277 551 τοὺς
2323 484 2570 556 νεκρούς.
2599 484 2816 539 Οῐονται
2858 483 2915 537 δέ
2963 485 3046 538 ὅτι
3091 482 3206 536 τῶν
3235 482 3315 546 εἰς
3345 481 3541 547 αὐτοὺς
3574 483 3747 538 ἐνεκα.

487 618 612 660 nem
651 600 953 655 reddituros
983 595 1048 649 “.
1081 593 1209 659 Quae
1253 592 1504 663 cogitatio
1551 589 1665 646 ﬁeri
1710 588 1897 658 nequit
1927 587 2056 655 quin

492 690 718 748 ridicula
751 689 839 750 sit,
869 683 1299 756 quandoquidem
1334 682 1593 737 divinitus
1614 679 1874 749 inspirata
1911 675 2059 730 Scri-

491 795 649 855 ptura
708 777 1048 849 prophetiam
1105 775 1424 844 completam
1451 789 1572 830 esse
1597 773 1747 838 dicit,
1781 781 1836 826 et
1880 782 2058 839 pugna

491 869 775 926 commissa
799 869 852 920 in
879 865 1016 920 valle
1043 862 1328 935 Josaphat,
1366 879 1396 918 a
1430 862 1626 918 vicinis
1657 859 1907 931 gentibus
1938 870 2056 926 poe-

493 975 591 1015 nas
624 967 863 1014 exactas.
895 954 1176 1010 lrruerunt
1204 954 1375 1018 enim,
1427 961 1486 1007 ut
1511 951 1646 1016 dixi,
1691 951 1746 1004 in
1801 947 2058 1018 reliquias

491 1051 729 1114 lsraelis,
777 1048 1026 1119 quamvis
1047 1045 1240 1115 iactati
1273 1044 1530 1100 aerumnis
1571 1043 1727 1113 longe
1766 1037 2054 1110 plurimis;

491 1141 800 1210 Babyloniis
845 1136 1108 1194 siouidem
1141 1146 1194 1191 In
1230 1135 1550 1192 servitutem
1598 1131 1829 1188 traditus
1855 1131 2058 1186 fuerat.

563 1399 730 1455 Vens.
769 1397 891 1453 4-6.
930 1394 996 1449 Et
1019 1393 1232 1464 quidem
1263 1392 1386 1463 quid
1417 1392 1546 1446 mihi
1566 1400 1616 1446 et
1653 1391 1817 1456 vobis,
1864 1390 2057 1461 Tyrus,

494 1503 542 1548 et
567 1490 752 1554 Sidon,
771 1500 819 1543 et
841 1487 1008 1542 omnis
1034 1484 1263 1540 Galtltza
1303 1483 1722 1552 alienigenarum
1746 1483 1771 1536 Ρ
1803 1481 2059 1552 Nunquid

495 1581 884 1638 retributionem
911 1595 998 1632 uos
1019 1576 1307 1630 retribuitis
1331 1573 1458 1626 mihi
1469 1613 1485 1639 ,
1513 1583 1603 1626 aut
1642 1573 1782 1626 iram
1806 1573 1862 1626 in
1902 1573 2061 1627 corde

494 1673 726 1729 retinetis
751 1669 920 1723 mihi?
963 1665 1220 1721 Velociter
1239 1674 1285 1718 et
1307 1665 1410 1718 cito
1433 1662 1648 1717 reddam
1668 1662 2060 1718 retributionem

494 1747 719 1820 vestram
758 1761 816 1814 in
880 1759 1055 1825 capita
1104 1765 1298 1810 uestra.
1348 1752 1456 1807 Pro
1501 1770 1561 1808 eo
1605 1753 1746 1823 quod
1785 1763 2060 1822 argentum

495 1871 668 1908 meum
699 1861 748 1907 et
778 1867 964 1904 aurum
995 1864 1166 1902 meum
1196 1846 1414 1908 tulistis,
1438 1855 1487 1898 et
1510 1844 1674 1898 electa
1695 1860 1831 1908 mea,
1855 1853 1904 1898 et
1927 1843 2062 1897 bona
2093 1828 2136 1882 Β

495 1945 748 2000 intulistis
775 1943 830 1996 in
849 1939 1043 2007 templa
1080 1946 1272 1992 vestra.
1301 1934 1471 1988 Filios
1499 1933 1667 1998 Juda,
1706 1941 1756 1986 et
1797 1932 1936 2000 ﬁlios
1978 1932 2064 1987 Je-

497 2035 724 2091 rusalem
749 2030 1055 2087 vendidistis
1093 2029 1217 2095 ﬁliis
1249 2026 1412 2098 236
1452 2022 1776 2090 Graecorum,
1803 2031 1861 2076 ut
1905 2022 2065 2087 εἰὶσε-

500 2127 628 2182 retis
665 2140 751 2178 eos
780 2139 844 2177 ex
869 2121 1065 2190 ﬁnibus
1100 2119 1232 2172 suis.

568 2297 810 2354 XXXIX.
862 2295 1066 2352 Omnes
1100 2293 1282 2363 itaque
1327 2300 1518 2363 gentes
1569 2298 1756 2346 contra
1808 2284 2065 2342 lsraelem

497 2391 811 2463 congregati
842 2398 984 2453 sunt,
1016 2386 1283 2450 Moabitae,
1319 2382 1538 2439 Idumaei
1567 2392 1621 2438 et
1644 2380 1902 2445 Jebusaei,
1937 2378 2067 2432 Am-

500 2484 718 2541 manitae
747 2489 802 2535 et
830 2479 1068 2548 reliquae.
1093 2477 1264 2547 Hujus
1299 2474 1515 2532 consilii
1551 2483 1607 2529 et
1627 2470 1890 2527 facinoris
1911 2478 2064 2523 ante-

501 2573 759 2643 signanos
819 2570 982 2625 fuisse
1033 2582 1156 2624 reor
1198 2569 1587 2631 Damascenos,
1624 2562 1839 2634 Tyrios,
1886 2569 1941 2613 et
1974 2557 2069 2627 qui

503 2661 916 2734 appellabantur
953 2659 1269 2724 Philistiim,
1297 2665 1352 2711 et
1375 2668 1549 2725 usque
1598 2653 1665 2707 ad
1698 2653 1869 2722 ipsam
1903 2647 2068 2714 Getb,

503 2769 624 2825 quae
652 2752 1077 2822 alienigenarum
1136 2750 1356 2805 dicitur.
1393 2745 1661 2814 Quocirca
1715 2744 1796 2798 sic
1824 2757 1918 2797 eos
1943 2739 2069 2794 uni-

503 2858 784 2899 versorum
818 2842 960 2898 Deus
978 2841 1174 2894 aﬁatur
1208 2855 1224 2893 :
1260 2857 1280 2890 ι
1338 2837 1477 2904 Quid
1519 2834 1654 2890 mihi
1683 2843 1740 2888 et
1760 2831 1934 2896 vobis,
1963 2828 2070 2899 Ty-

505 2949 622 3000 rus,
653 2943 708 2989 et
732 2933 923 2996 Sidon,
949 2940 1006 2986 et
1049 2929 1226 2986 omnis
1253 2927 1478 2984 Galilaea
1525 2923 1952 2992 alienigenarum
1979 2919 2003 2974 ?
2045 2937 2065 2971 ο

508 3025 655 3093 Quas
692 3025 837 3080 enim
889 3021 1206 3077 occasiones
1251 3016 1505 3082 feritatis,
1549 3013 1740 3081 inquit,
1787 3011 2070 3079 habentes,

506 3130 746 3173 :erumna
797 3125 1042 3184 pressum
1098 3109 1380 3173 Israelem,
1435 3117 1492 3162 et
1527 3119 1558 3160 a
1608 3101 1916 3172 Babyloniis
1962 3117 2068 3158 non

507 3205 822 3277 vulgaribus
853 3201 1208 3258 incommodis
1240 3206 1520 3254 oneratum
1573 3196 1838 3252 scelerate
1884 3195 2068 3263 oppri-

508 3299 677 3361 mitis,
706 3306 762 3352 et
785 3297 982 3351 acerbe
1021 3293 1099 3348 illi
1137 3290 1482 3356 insultantes,
1531 3297 1588 3343 et
1635 3300 1723 3341 me
1775 3285 1914 3340 forte
1951 3284 2076 3339 irri-

2098 3161 2142 3220 C

511 3389 701 3444 dentes
740 3385 1137 3457 quodammodo
1157 3424 1172 3449 ,
1199 3384 1287 3452 qui
1316 3395 1440 3435 eum
1487 3379 1708 3435 servavi
1753 3387 1810 3433 et
1837 3377 2072 3443 defendi,

511 3494 578 3534 ac
603 3477 815 3546 probris
847 3488 950 3529 non
973 3473 1282 3528 dubitantes
1311 3470 1573 3530 lacerare,
1599 3467 1709 3521 imo
1731 3480 1863 3520 vero
1895 3466 2074 3534 reipsa

512 3567 759 3624 allicere?
795 3564 972 3631 Quare
999 3562 1151 3618 brevi
1183 3560 1441 3616 ultionem
1489 3555 1787 3626 recipietis,
1814 3563 1868 3610 et
1895 3555 2076 3610 veniet

513 3659 664 3716 vobis
701 3659 754 3713 in
780 3663 942 3726 caput
982 3652 1218 3709 ves'trum
1255 3669 1270 3719 ;
1318 3663 1507 3721 poenas
1536 3648 1681 3703 enim
1713 3646 1846 3701 mihi
1885 3645 2072 3701 vobis-

513 3766 637 3807 cum
677 3750 732 3804 in
765 3747 906 3803 valle
936 3744 1200 3816 Josapbat
1234 3743 1600 3812 disceptaturo
1641 3736 1910 3808 pendetis.
1963 3734 2078 3791 Ac-

513 3845 668 3895 cusat
700 3844 879 3892 autem
917 3849 1027 3899 eos,
1061 3841 1120 3887 ut
1154 3833 1244 3901 qui
1299 3829 1470 3884 electa
1519 3827 1700 3897 templi
1733 3827 2074 3896 diripuerint,

515 3934 574 3980 et
602 3935 764 3976 aurea
782 3935 912 3975 vasa
939 3918 1299 3989 compilarint,
1330 3926 1492 3986 atque
1512 3917 1580 3970 ad
1601 3930 1820 3970 suorum
1851 3916 2078 3970 deorum

514 4015 778 4069 honorem
813 4010 1201 4067 dedicaverint.
1227 4006 1627 4063 lntolerandum
1679 4020 1864 4076 porro,
1911 4013 1967 4061 et
1996 4006 2080 4060 di-

515 4119 638 4160 rum
685 4100 955 4171 negatlum
979 4140 995 4165 ,
1051 4109 1106 4156 et
1146 4099 1288 4170 quod
1321 4099 1453 4154 satis
1497 4098 1568 4153 sit
1593 4096 1660 4152 ad
1701 4096 2077 4153 offendendum

515 4195 707 4262 Deum,
743 4192 897 4262 cuius
924 4193 1014 4247 illa
1048 4207 1192 4248 vox:
1228 4211 1247 4244 ι
1285 4189 1526 4247 Gloriam
1553 4204 1730 4245 meam
1773 4189 1929 4246 alteri
1966 4204 2076 4244 non

516 4285 676 4350 dabo,
724 4299 900 4354 neque
946 4282 1160 4339 laudem
1219 4296 1393 4336 meam
1437 4280 1593 4336 idolis
1613 4280 1681 4336 ⁸⁵.
1712 4299 1732 4333 ι
1764 4280 1902 4348 Quid
1931 4279 2078 4336 enim

514 4375 660 4431 aliud
687 4375 848 4430 fuerit
878 4374 1241 4428 sacrosanctis
1262 4374 1628 4428 anathematts
1646 4372 1911 4428 idolorqu
1948 4370 2077 4426 fana

2159 578 2461 647 γεγονότων
2504 577 2788 630 ἀππιοῦσι
2814 575 3027 645 λόγους,
3053 577 3102 630 οί
3133 574 3270 629 κατά
3302 576 3481 627 πᾶσαν
3511 575 3611 646 τὴν
3645 575 3750 628 ὑπ’

2157 667 2406 739 οὐρανόν.
2426 666 2740 737 ’Δμοιρήσει
2762 665 2806 718 δ’
2837 665 2902 719 ἂν
2929 664 3180 735 οὐδαμῶς
3199 664 3291 718 τοῦ
3319 663 3581 732 γελᾶσθαι
3607 665 3750 736 πρέ-

2157 775 2282 811 πειν
2307 757 2369 810 τὸ
2394 756 2684 827 ἐνθύμημα
2718 757 2924 820 αὐτοῖς,
2958 757 3058 823 τῆς
3105 754 3462 808 θεοπνεύστου
3510 754 3750 825 Γραφῆς

2156 849 2226 903 τὰ
2267 849 2364 919 τῆς
2407 847 2744 918 προφητείας
2773 846 3176 918 ἐκπεπεράνθαι
3207 845 3495 916 λεγούσης,
3525 848 3623 898 καὶΙ
3655 847 3750 900 ὃτι

2157 938 2312 1001 δίκας
2345 937 2632 1008 ἐξῄτηνται
2677 937 2828 1008 παρὰ
2869 937 3004 991 Θεοῦ
3037 937 3104 990 τὰ
3134 936 3384 1008 περίοικα
3407 937 3518 990 τῶν
3543 937 3749 1002 ἐθνῶν,

2157 1028 2252 1082 τοῦ
2301 1028 2540 1099 πολέμόυ
2585 1028 2866 1096 γεγονότος
2894 1030 2952 1081 ἐν
2989 1031 3054 1100 τῇ
3092 1028 3295 1082 κοιλάδι
3326 1026 3420 1081 τοῦ
3443 1029 3750 1093 Ἰωσαφάτ,

2173 1119 2332 1174 Ἐπέθ
2341 1136 2549 1191 ρωσκεν
2567 1120 2695 1191 γὰρ,
2713 1120 2787 1184 ὡς
2800 1119 2955 1190 ἔφην,
2974 1122 3087 1182 τοῖς
3099 1119 3370 1190 λειψάνοις
3384 1119 3480 1172 τοῦ
3501 1120 3746 1192 Ἰσραὴλ,

2158 1211 2334 1265 καίτοι
2377 1211 2634 1281 πλείστην
2679 1211 2809 1279 ὅσην
2857 1209 3183 1273 ἀνατλάντος
3228 1208 3628 1277 ταλαιπωρίαν,
3653 1210 3748 1263 δέο

2160 1305 2341 1357 δονται
2371 1303 2479 1374 γὰρ
2506 1303 2618 1365 τοῖς
2644 1301 3032 1364 Βαϐυλωνίοις.

2228 1394 2342 1449 Καί
2365 1411 2433 1461 τε
2466 1393 2522 1446 τί
2547 1393 2678 1462 ἐμοὶ
2718 1391 2818 1445 καὶ
2844 1391 3006 1461 ὑμῖν,
3035 1392 3233 1460 Τύρος,
3266 1391 3365 1445 καὶ
3397 1391 3610 1457 Σιδὼν,
3642 1394 3744 1448 καί

2159 1486 2328 1543 πᾶσα
2393 1485 2692 1539 Γαλιλαία
2754 1484 3164 1552 ἀλλοφύλων;
3214 1483 3302 1552 μὴ
3355 1485 3742 1554 ἀνταπόδομα

2159 1579 2327 1648 ὑμεῖς
2355 1574 2784 1632 ἀνταποδιδοτέ
2818 1593 2940 1644 μοι,
2971 1575 3010 1643 ἣ
3041 1575 3507 1644 μνησικακεῆω
3537 1575 3736 1642 Ὀξέως

2161 1671 2260 1726 καὶ
2289 1668 2513 1738 ταχέως
2537 1666 2940 1723 ἀνταποδώσω
2965 1666 3030 1720 τὸ
3055 1665 3440 1736 ἀνταπόδομα
3465 1665 3631 1736 ὑμῶν·
3649 1669 3735 1733 εὶς

2162 1759 2429 1828 κεφαλὰς
2473 1757 2820 1828 ὑμῶ.Ἀνθ’
2849 1752 2938 1812 ὧν
2962 1755 3031 1810 τὸ
3060 1757 3343 1826 ἀργύριόν
3368 1775 3511 1826 μου,
3543 1758 3640 1810 καὶ
3671 1758 3737 1811 τὸ

2162 1850 2421 1920 χρυσίον
2451 1867 2572 1918 μου
2616 1848 2876 1914 ἐλάϐετε,
2916 1848 3017 1902 καὶ
3047 1849 3120 1902 τὰ
3146 1847 3431 1901 ἐπίλεκτοί
3464 1865 3608 1916 μου,
3645 1847 3741 1901 καὶ

2162 1943 2236 1995 τὰ
2261 1940 2418 1994 καλὰ
2445 1938 2817 2009 είσενέγκατε
2855 1942 2942 2004 είς
2971 1939 3113 2005 τοὺς
3140 1938 3326 2004 ναοὺς
3357 1938 3542 2007 ὑμῶν.
3591 1939 3745 2003 Τοὺς

2163 2030 2331 2097 υἱοὺς
2364 2029 2568 2094 Ἰούδα,
2599 2029 2695 2083 καὶ
2725 2029 2867 2094 τοὺς
2895 2028 3065 2096 υἱοὺς
3094 2027 3480 2095 Ἰερουσαλὴμ
3522 2026 3749 2082 ἀπέδο-

2164 2125 2275 2176 σθε
2301 2121 2424 2186 τοῖς
2450 2120 2600 2186 υἱοῖς
2633 2119 2752 2173 τῶν
2795 2119 3122 2187 Ἑλλήνων,
3152 2118 3310 2186 ὅπως
3340 2118 3611 2188 ἐξώσητε
3642 2121 3755 2173 σὺ·

2165 2212 2306 2278 τοὺς
2329 2212 2397 2265 ἐκ
2431 2211 2549 2264 τῶν
2575 2211 2754 2278 ὁρίων
2784 2210 3002 2264 αὐτῶν.

2234 2302 2356 2358 ΛΘ’.
2398 2301 2587 2365 Ἔθνος
2630 2303 2729 2371 μὲν
2771 2296 2865 2355 οὖν
2903 2302 3047 2356 ἆπαν
3076 2300 3219 2355 κατὰ
3249 2299 3344 2354 τοῦ
3366 2298 3587 2371 Ἰσραὴλ
3615 2316 3753 2353 συν-

2166 2397 2468 2468 αγήγερται
2487 2432 2502 2458 ,
2529 2393 2833 2458 Μωαϐῖται,
2851 2393 3156 2464 Ἰδουμαῖοι,
3177 2393 3507 2454 Ἰεϐουσαίοι,
3526 2394 3588 2445 Ἀ
3595 2410 3635 2462 μ
3642 2409 3755 2462 μα·-

2166 2493 2328 2554 νῖται,
2356 2485 2454 2541 καὶ
2480 2486 2530 2539 οἱ
2557 2485 2753 2539 λοιποί.
2790 2484 3072 2555 Κατάρξαι
3103 2484 3180 2547 δὲ,
3201 2479 3375 2554 οἶμαι.
3405 2483 3625 2553 βουλῆς,
3655 2483 3756 2536 καὶ

2167 2577 2579 2650 ἐγχειρημάτων
2624 2576 3039 2646 Δαμασκηνοὺς,
3064 2575 3160 2628 καὶ
3189 2574 3444 2645 Τυρίους,
3476 2573 3577 2625 καὶ
3624 2571 3756 2635 τοὺς

2167 2668 2535 2740 καλουμένους
2564 2667 2890 2736 Φιλιστιεὶμ,
2915 2665 3009 2719 καὶ
3037 2664 3228 2736 μέχρις
3253 2662 3423 2732 αὐτῆς
3470 2663 3578 2732 τῆς
3621 2663 3755 2728 Γέτ,

2165 2760 2286 2831 ἥτις
2331 2759 2574 2813 καλεῖται
2624 2759 2720 2811 καὶ
2772 2755 3103 2825 ἀλλοφύλων.
3139 2755 3426 2825 Τοιγάρτοι
3469 2753 3568 2807 καὶ
3615 2753 3759 2825 πρὸς

2168 2849 2364 2912 αὐτοὺς
2410 2851 2438 2903 ὁ
2486 2848 2592 2902 τῶν
2650 2849 2788 2903 ὅλων
2826 2846 2985 2910 Θεός·
3023 2864 3043 2898 ι
3073 2847 3183 2898 Καὶ
3226 2845 3279 2898 τί
3315 2843 3441 2915 ἐμοὶ
3484 2845 3581 2897 καὶ
3624 2844 3783 2914 ὑμῖν,

2169 2938 2363 3012 Τύρος,
2387 2941 2482 2994 καὶ
2510 2938 2698 3005 Σιδὼν,
2729 2939 2824 2992 καὶ
2861 2940 3010 2992 πᾶσα
3035 2935 3295 2990 Γαλιλαία
3330 2933 3685 3002 ἀλλοφύλων;
3729 2951 3752 2987 s

2173 3029 2341 3095 Ποίας
2371 3029 2501 3101 γὰρ,
2533 3030 2687 3101 φησὶ,
2713 3029 2810 3094 τὰς
2844 3028 3094 3098 ἀφορμὰς
3121 3027 3220 3097 τῆς
3249 3026 3579 3096 ἀγριότητος
3604 3025 3762 3096 ἕχον-ν

2173 3137 2287 3185 τες,
2317 3118 2743 3192 ταλαιποροῦντα
2780 3119 2871 3173 τὸν
2900 3117 3135 3188 Ἰσραὴλ,
3169 3117 3265 3168 καὶ
3294 3118 3416 3178 ταῖς
3463 3116 3532 3168 ἐκ
3577 3113 3760 3168 Βαϐυ-

2173 3210 2380 3265 λωνίων
2403 3212 2707 3282 συμφοραῖς
2733 3210 2793 3263 οὑ
2818 3208 3054 3280 μετρίως
3077 3205 3491 3277 κατηχθημένον
3519 3205 3764 3270 ἀνοσίως

2175 3300 2570 3373 ἐπιφορτίζετε,
2606 3300 2818 3371 πικρῶς
2844 3297 3236 3361 ἐπιϐαίνοντες,
3268 3297 3364 3348 καὶ
3386 3289 3494 3347 οἷον
3522 3293 3627 3364 ἐμὲ
3657 3311 3764 3362 γε-

2175 3391 2376 3452 λῶντες
2413 3392 2506 3446 τὸν
2545 3391 2785 3456 σώζοντα
2817 3391 2959 3460 τάχα
2991 3405 3114 3453 που,
3142 3387 3238 3443 καὶ
3266 3387 3620 3458 ἀμυνόμενον,
3653 3385 3762 3438 καὶ

2175 3482 2245 3540 τὰ
2274 3483 2484 3554 ἐχθρῶν
2513 3485 2592 3546 είς
2621 3482 2722 3552 ἐμὲ
2763 3480 3070 3550 τολμῶντες
3111 3478 3310 3546 λέγειν,
3349 3476 3544 3548 μᾶλλον
3571 3475 3615 3528 δ’
3644 3475 3758 3548 ἤδη

2177 3572 2274 3626 καὶ
2298 3572 2528 3642 δρᾶσαι;
2559 3571 2672 3623 Οὐκ
2700 3564 2792 3623 οὖν
2821 3571 2900 3632 εἰς
2929 3566 3144 3638 μακρὰν
3172 3565 3519 3637 ἀπολήψεσθε
3540 3564 3602 3618 τὸ
3629 3565 3766 3618 ἀντ-

2175 3661 2442 3732 απόδομα.
2500 3661 2657 3727 Ἥξει
2705 3660 2763 3713 δέ
2807 3661 2937 3730 ὑμῖν
2983 3659 3064 3720 είς
3107 3655 3383 3727 κεφαλήνο
3432 3655 3596 3716 δίκας

2177 3752 2448 3807 ἀποτιεῖτε
2477 3751 2600 3821 ἐμοὶ
2628 3750 2704 3820 τῷ
2733 3747 3203 3821 διακριθησομένῳ
3232 3745 3369 3817 πρὸς
3397 3746 3545 3815 ὑμᾶς
3589 3745 3650 3797 ἐν
3694 3746 3763 3815 τῇ

2177 3841 2384 3897 κοιλάδι
2413 3840 2506 3895 τοῦ
2531 3841 2821 3911 Ἰωσαφάτ.
2881 3841 3134 3908 Ἐγκαλεῐ
3149 3839 3206 3891 δέ
3229 3837 3412 3901 αὐτοῖς
3441 3837 3519 3899 ὡς
3535 3837 3763 3907 διηρπα-

2177 3932 2298 3986 κὸσι
2335 3931 2435 4002 μὲν
2463 3930 2532 3984 τὰ
2553 3930 2812 3985 ἐπίλεκτα
2846 3929 2941 3993 τοῦ
2986 3929 3138 3996 ναοῦ,
3165 3928 3260 3981 κα)⁸
3283 3926 3354 3980 τὰ.
3376 3929 3561 3998 χρυσᾶ
3593 3925 3759 3995 σκεύη

2180 4021 2521 4093 σεσυληκὸσι,
2551 4021 2646 4075 καὶ
2690 4024 2811 4084 ταῖς
2858 4020 2966 4073 τῶν
3010 4019 3169 4092 ἰδίων,
3187 4017 3337 4070 Θεῶν
3376 4016 3764 4072 ἀνατεθεικόσι

2176 4112 2694 4184 τιμαῖς.’Δφόρητον
2731 4111 2788 4164 δέ
2828 4111 2889 4164 τὸ
2921 4110 3129 4181 χρῆμα,
3166 4107 3260 4162 κα)⁸
3286 4107 3504 4178 πικρὸν,
3539 4107 3636 4160 καὶ
3659 4107 3762 4160 οὐκ

2179 4200 2449 4264 ἀνικάνως
2481 4199 2604 4270 ἔχον
2632 4198 2714 4262 εῐς
2737 4215 2800 4267 γε
2821 4198 2884 4251 τὸ
2911 4196 3169 4251 δύνασθαι
3193 4194 3581 4265 καταλυπῆσαι
3601 4194 3759 4248 Θεόν.

2181 4295 2326 4364 Ἔφη
2355 4293 2485 4364 γὰρ,
2509 4293 2591 4346 ὅτι
2630 4309 2649 4342 ι
2675 4291 2785 4359 Τὴν
2817 4289 2975 4353 δόξαν
3017 4304 3117 4358 μου
3147 4286 3318 4357 ἑτέρῳ
3342 4286 3402 4338 οὐ
3437 4284 3611 4350 δώσω,
3635 4283 3766 4338 οὐδὲ

2177 4383 2277 4448 τὰς
2299 4383 2497 4455 ἀρετάς
2523 4400 2622 4453 μου
2653 4385 2763 4445 τοῖς
2788 4380 3066 4450 γλυπτοῖς.
3100 4397 3120 4430 s
3147 4378 3214 4430 Τί
3239 4377 3349 4446 γὰρ
3375 4376 3555 4444 ἕτερον
3575 4373 3646 4426 ἂν
3668 4374 3772 4446 εἴη

516 4465 920 4530 condecorare,
975 4472 1135 4530 quam
1196 4462 1580 4530 propemodum
1631 4460 1970 4530 proclamare
2012 4473 2072 4514 ac

2178 4475 2240 4526 τὸ
2264 4476 2377 4537 τοῖς
2413 4473 2576 4536 θείοις
2605 4472 2922 4543 ἀναθήμασι
2948 4470 3074 4533 τοὺς
3096 4469 3203 4522 τῶν
3227 4466 3454 4520 εἰδώλων
3475 4463 3772 4517 κατακαλ-

517 4557 722 4619 dicere,
758 4550 1127 4608 universitatis
1159 4549 1316 4619 huius
1352 4549 1521 4604 Deum
1552 4550 1817 4604 secundas
1853 4559 2071 4613 tenere,

518 4647 606 4701 illa
636 4653 815 4701 autem
853 4643 1074 4713 primas,
1108 4649 1165 4694 et
1200 4639 1428 4696 salutem
1455 4641 1584 4694 dare
1616 4654 1797 4708 posse,
1824 4653 1854 4693 a
1877 4639 2078 4708 quibus

517 4732 853 4793 adorentur?
885 4731 995 4788 Nec
1025 4729 1223 4786 suﬂicit
1265 4729 1441 4795 vobis,
1491 4726 1685 4799 inquit,
1727 4729 1793 4784 ad
1829 4729 2078 4798 impieta-

517 4837 625 4884 tem
653 4867 670 4892 ,
705 4823 905 4880 divinis
960 4821 1200 4876 donariis
1249 4820 1510 4890 spoliasse
1558 4818 1816 4886 templum
1871 4834 2078 4884 meum,

515 4921 739 4990 insuper
768 4916 908 4972 ﬁlios
940 4914 1076 4969 Juda
1109 4923 1164 4968 et
1227 4911 1365 4967 ﬁlios
1414 4909 1713 4966 Jerusalem
1758 4909 2078 4967 vendidistis
2147 4911 2152 4915 ’

515 5010 824 5066 Graecorum
867 5006 1013 5061 ﬁliis.
1041 5004 1270 5061 Factum
1311 5002 1457 5060 istud
1478 5001 1773 5057 verisimile
1832 5010 1964 5068 est,
2019 5010 2079 5056 ut

518 5101 684 5172 aliqui
712 5112 905 5170 nempe
932 5111 998 5152 ex
1025 5093 1191 5152 Israel
1226 5095 1279 5148 in
1331 5103 1502 5148 terras
1540 5091 1777 5163 gentium
1824 5093 2080 5162 deporta-

517 5203 723 5258 rentur,
752 5189 1056 5247 ementibus
1080 5197 1135 5243 et
1164 5185 1557 5241 abducentibus
1603 5193 1698 5238 aut
1731 5182 1916 5254 Tyriis
1963 5183 2088 5260 for-V

520 5291 684 5350 tasse,
711 5292 804 5338 aut
833 5283 954 5337 aliis
981 5287 1342 5335 mercaturam
1379 5275 1722 5342 facientibus,
1762 5285 1816 5331 et
1849 5274 2077 5345 quaestui

520 5372 878 5442 comparando
904 5371 1114 5427 deditis.

593 5736 642 5770 “
669 5731 854 5790 lPetr.
904 5745 978 5797 tv,
1016 5730 1070 5785 5.
1143 5731 1188 5762 “
1215 5729 1320 5784 lsa.
1361 5726 1560 5793 xut,8.

2186 4563 2364 4619 λύνειν
2389 4563 2571 4626 ναοὺς,
2597 4563 2632 4634 ἢ
2664 4562 2948 4633 μονονουχὶ
2977 4558 3420 4631 διακεκραγέναι,
3441 4557 3536 4610 καὶ
3552 4554 3768 4623 λέγειν,

2187 4653 2261 4716 ὡς
2290 4653 2373 4723 εἴη
2405 4651 2503 4722 μὲν
2539 4654 2569 4706 ὁ
2612 4652 2720 4706 τῶν
2761 4653 2897 4708 ὅλων
2923 4649 3053 4714 Θεὸς
3087 4652 3146 4702 ἐν
3169 4649 3465 4720 δευτέροις,
3497 4645 3567 4700 τὰ
3611 4646 3670 4698 δέ
3700 4647 3772 4698 ἐν

2185 4742 2364 4812 λόγοις
2388 4744 2481 4797 τοῦ
2512 4743 2859 4816 προύχοντος,
2881 4744 2974 4797 καὶ
3000 4741 3192 4807 σώζειν
3217 4740 3427 4801 εἰδότας
3448 4739 3571 4800 τοὺς
3599 4737 3772 4800 ἰδίους

2185 4836 2589 4908 προσκυνητάς;
2613 4836 2722 4890 Καὶ
2746 4837 2848 4889 οὐκ
2866 4834 3106 4906 ἀπόχρη,
3129 4832 3294 4904 φημὶ,
3316 4833 3397 4894 είς
3420 4828 3771 4893 δυσσέϐειαν,

2187 4928 2314 4999 ὑμῖν
2356 4927 2418 4980 τὸ
2451 4927 2556 4980 τῶν
2582 4926 2739 4982 θείων
2771 4927 3134 4998 ἀναθημάτων
3179 4924 3271 4978 τὸν
3317 4923 3449 4994 ἐμὸν
3477 4920 3773 4991 γυμνῶσαι

2186 5017 2341 5081 νεὼν,
2375 5016 2508 5070 ἀλλὰ
2535 5017 2643 5086 γὰρ
2670 5018 2764 5069 καὶ
2789 5018 2915 5079 τοὺς
2943 5017 3091 5078 υἱοὺς
3117 5013 3306 5078 Ἰούδα,
3340 5012 3435 5065 καὶ
3459 5011 3586 5074 τοὺς
3614 5011 3775 5074 υἱοὺς

2194 5095 2550 5176 Ἰερουσαλὴμ
2578 5104 2842 5158 ἀπέδοσθε
2870 5105 2984 5167 τοῖς
3024 5105 3158 5166 υἱοῖς
3191 5101 3302 5154 τῶν
3337 5099 3625 5170 Ἑλλήνων.
3667 5098 3779 5150 Γε-

2185 5193 2368 5249 νέσθαι
2400 5191 2458 5248 δέ
2489 5213 2542 5248 τι
2576 5194 2816 5248 τοιοῦτον
2857 5195 3024 5258 εἰκὸς,
3051 5193 3124 5257 ὡς
3175 5195 3232 5247 ἐν
3271 5195 3391 5254 ταῖς
3421 5190 3630 5262 χώραις
3654 5190 3779 5244 τῶν

2187 5285 2352 5339 ἐθνῶν
2376 5302 2528 5348 τινας
2557 5286 2992 5356 ἀποκομισθῆναι
3026 5283 3135 5336 τῶν
3163 5283 3221 5349 ἐξ
3242 5281 3480 5352 Ἰσραὴλ,
3509 5282 3782 5351 ἀπεμπο-

2187 5375 2420 5428 λούντων
2468 5377 2663 5440 αὐτοὺς
2695 5376 2728 5446 ἣ
2758 5375 2971 5445 Τυρίων
3005 5374 3184 5445 τυχὸν,
3211 5373 3245 5444 ἦ
3293 5373 3385 5425 καὶ
3424 5369 3651 5443 ἐτέρων,
3686 5367 3783 5435 οἷς

2191 5465 2427 5535 ἐμπορία
2466 5465 2528 5520 τὺ
2574 5465 3021 5536 σπουδαζόμενον,
3051 5465 3143 5519 καὶ
3189 5462 3526 5534 φιλοκερδεῖν
3557 5460 3619 5516 τὸ
3649 5463 3787 5516 ἐπι-

2191 5554 2430 5627 τηδευμα
2441 5597 2452 5612 .
