4054 6274
254 318 360 387 ἐῦὸ

1132 306 1679 376 COMMENTARIUS
1719 314 1784 371 l.\'
1823 299 2085 370 torium
2127 293 2565 364 l’ltOPtlt-lT.t.\l.

3401 302 3504 356 ΞΜ

324 434 533 514 ’Πρέπει
561 439 605 493 δ’
632 438 698 493 ἂν
727 440 757 491 ὁ
784 437 960 506 λόγος,
986 436 1061 500 ὥς
1090 435 1153 504 γέ
1188 452 1279 507 μοι
1302 436 1572 505 φαίνεται,
1595 435 1691 487 καὶ
1717 435 1829 494 τοῖς
1861 443 1874 490 Α

2007 429 2103 482 llic
2128 442 2327 485 sermo.
2368 425 2412 477 si
2442 432 2586 476 rcctc
2644 419 2955 482 ratiocinor,
2992 419 3158 471 etiam
3226 417 3277 470 in
3320 420 3509 474 nefan-

268 533 369 588 τῶν
410 531 638 586 ἀνοσίων
673 528 1070 601 προεστηκόσιν
1117 526 1399 597 αἱρέσεων,
1434 525 1483 579 οἳ
1522 525 1650 588 τοὺς
1684 524 1837 586 υἱοὺς

1978 534 2127 573 arum
2159 520 2424 572 Ini-restim
2455 506 2710 584 prmsidcs
2735 511 3022 581 quadrahit
3055 549 3069 573 ,
3113 508 3203 579 qui
3253 508 3509 563 Ecclesia:

269 626 363 694 τῆς
389 621 712 693 Ἐκκλησίας
752 618 1034 689 μονονουχὶ
1057 615 1447 686 διαρπάζοντες
1475 616 1541 685 τῇ
1580 613 1690 666 τῶν
1722 611 1839 664 Ἓλ-

1941 610 2085 665 lilios
2117 618 2322 662 tantum
2359 620 2461 659 non
2495 604 2828 673 abripicntes
2854 642 2869 667 ,
2909 586 3109 656 (limi-aa
3156 600 3510 670 philosophiae

273 716 437 788 λήνων
482 709 869 767 καταπωλοῦσι
901 708 1082 780 σοφία,
1108 709 1194 760 ἴνα
1218 705 1577 761 πολυπλόκων
1619 703 1839 758 ἐννοιῶν

1978 702 2198 763 endunt,
2248 707 2304 751 nt
2340 697 2612 764 impeditis
2648 696 3018 763 intelligentiis
3048 693 3258 763 repleti,
3294 692 3510 749 molesti

276 786 764 877 ἀναπιμπλάμενοι,
809 799 997 869 πικροὶ
1043 798 1305 869 γένωνται
1349 797 1598 866 ζητηταὶ,
1642 795 1841 865 μᾶλλον

1981 793 2327 861 isputatores,
2356 789 2439 842 vel
2464 790 2641 857 potius
2671 787 2929 842 increduli
2957 795 3009 840 et
3037 786 3358 855 pestilentes
3387 799 3518 839 eva-

274 899 326 953 δὲ
358 898 599 958 ἀπειθεῖς
637 912 695 947 τε
746 894 841 946 καὶ
871 892 1161 964 ἀλιτήριοι,
1190 891 1281 944 καὶ
1318 890 1389 943 τὰ
1431 889 1566 960 ὀρθὰ
1598 886 1845 959 διαστρέ-

1943 884 2092 948 dant,
2131 891 2273 937 recta
2306 889 2702 951 pervertentes,
2734 894 2858 934 cum
2889 879 3183 934 secundum
3216 878 3515 949 simplicem

272 1006 481 1059 φοντες,
513 987 687 1040 καίτοι
729 984 846 1038 δέον
883 983 1028 1054 ἀπλῇ
1070 981 1355 1036 διαϐιῶναι
1386 981 1608 1052 φράσει,
1636 980 1728 1033 καὶ
1756 978 1845 1032 τὸν

1978 977 2273 1029 )cutioiiem
2334 976 2543 1045 vivere,
2599 983 2655 1027 et
2709 978 3018 1027 sermonem
3075 964 3321 1028 veritatis
3372 973 3519 1027 nulla

272 1077 647 1149 ἀκαπήλευτον
682 1076 838 1142 λόγον
885 1073 985 1143 τῆς
1028 1069 1282 1141 ἀληθείας
1336 1068 1740 1141 μελετᾷν.Ἕξω
1782 1069 1846 1139 δὴ

1978 1066 2136 1120 raude
2190 1073 2508 1135 "corruptum
2564 1062 2812 1118 meditari
2874 1070 3142 1132 oporteat.
3209 1060 3251 1116 E
3324 1063 3549 1118 finibns’

271 1166 361 1224 οὖν
388 1168 496 1221 τῶν
522 1167 668 1221 ἰδίων
695 1165 859 1237 ὁρίων
886 1162 1140 1233 γενέσθαι
1179 1162 1304 1226 τοὺς
1333 1154 1719 1233 ἠπατημένους
1746 1178 1850 1215 πα-

277 1255 887 1336 ρασκευάζουσιν.⁶οροι
916 1259 971 1312 δὲ
1000 1256 1189 1330 ὥσπερ
1216 1259 1311 1311 καὶ
1340 1256 1492 1329 χώρα
1514 1256 1623 1310 τῶν
1646 1252 1850 1311 τέκνων

272 1354 722 1425 τῆςῈκκλησίας
763 1352 865 1422 τῆς
899 1349 1156 1421 ἀληθείας
1197 1352 1231 1417 ἡ
1276 1348 1501 1418 γνῶσις,
1534 1348 1625 1402 καὶ
1670 1348 1731 1402 τὸ
1772 1350 1853 1413 εἰς

277 1448 381 1501 πᾶν
426 1446 605 1499 ὁτιοῦν
648 1444 758 1497 τῶν
796 1442 1039 1514 ἀκριϐῶς
1072 1440 1456 1512 ἐξητασμένων
1480 1442 1560 1504 εἰς
1587 1428 1854 1512 ὀρθότητα

276 1536 541 1599 νενευκός.
574 1535 804 1604 Λέγοιτο
853 1532 898 1586 δ’
923 1531 990 1586 ἀν
1036 1532 1261 1596 εἰκότως
1306 1533 1482 1604 χρυσᾶ
1529 1531 1723 1602 σκεύη,
1762 1530 1855 1585 καὶ

278 1628 511 1698 ἀργυρᾶ,
550 1626 645 1681 καὶ
678 1625 939 1678 ὲπίλεκτα
972 1620 1130 1686 Θεοῦ,
1164 1624 1259 1677 καὶ
1305 1623 1448 1675 κατά
1478 1623 1540 1676 τὸ
1574 1620 1774 1693 ἀληθὲς
1805 1622 1856 1675 οἰ

282 1718 461 1772 πίστει
514 1716 995 1789 κατηγλαῖσμένοι,
1026 1715 1123 1769 καὶ
1160 1718 1273 1779 τοῖς
1317 1715 1374 1782 ἐξ
1424 1714 1599 1787 ἔργων
1631 1714 1857 1783 ἀγαθοῖς

282 1808 557 1879 αὐχήμασι
594 1807 1026 1878 κεχρυσωμένοι,
1059 1807 1154 1860 καὶ
1188 1806 1267 1874 τῷ
1298 1806 1399 1876 τῆς
1427 1803 1707 1869 εὐσεϐείας
1735 1806 1853 1859 δια-

288 1899 582 1963 στίλϐοντες
611 1899 815 1953 κάλλει.
833 1897 974 1951 Ἀλλ’
998 1899 1047 1951 εἰ
1076 1897 1284 1967 γένοιτό
1310 1915 1432 1951 τινα
1456 1888 1563 1953 τῶν
1589 1891 1691 1953 ὧδε
1715 1897 1858 1969 λαμ-

289 1991 436 2063 πρῶν
458 1994 573 2055 τοῖς
605 1990 705 2062 τῆς
748 1991 965 2061 ἀπάτης
1012 1988 1215 2044 ἀλῶναι
1261 1989 1499 2062 βρόχοις,
1534 1990 1857 2044 ἀκούσονται

285 2084 499 2146 πάντως
522 2084 571 2135 οἱ
601 2082 703 2152 τῆς
744 2081 961 2153 ἀπάτης
999 2082 1238 2153 εὑρεταὶ,
1279 2101 1297 2134 ι
1328 2081 1401 2135 Τὸ
1433 2081 1698 2153 ἀργύριόν
1728 2098 1857 2153 μου,

284 2174 379 2228 καὶ
416 2174 478 2227 τὸ
511 2166 735 2245 χρυσίον
784 2191 887 2244 μου
928 2172 1170 2240 ἐλάϐετε,
1204 2173 1299 2228 καὶ
1345 2173 1415 2227 τὰ
1451 2174 1716 2228 ἐπίλεκτά
1756 2191 1860 2246 μου

285 2265 640 2337 εἰσηνέγκατε
690 2265 768 2329 εἰς
819 2265 947 2329 τοὺς
992 2265 1155 2329 ναοὺς
1207 2264 1378 2336 ὑμῶν.
1417 2284 1437 2317 ι
1462 2264 1755 2337 Ἐγκλημα
1803 2254 1862 2319 δὲ

283 2357 442 2411 τοῦτο
458 2356 630 2411 δεινόν
655 2373 715 2409 τε
754 2356 848 2410 καὶ
868 2356 1281 2424 δυσδιάφυκτον.
1299 2356 1732 2429 Ἀμαρτάνοντες
1754 2356 1864 2428 γὰρ

286 2450 368 2512 εἱς
392 2448 522 2512 τοὺς
550 2447 813 2521 ἀδελφοὺς
840 2447 1019 2518 ήμῶν,
1052 2447 1191 2519 ὑπὲρ
1209 2440 1283 2500 ὧν
1312 2447 1542 2518 Χριστὸς
1571 2449 1864 2517 ἀπέθανεν,

287 2538 453 2594 αὐτὸν
485 2537 728 2592 ἀδικοῦσι
756 2534 1012 2609 Χριστὸν,
1044 2526 1088 2607 ᾧ
1117 2540 1289 2609 πάντη
1316 2556 1375 2592 τε
1400 2539 1495 2594 καὶ
1530 2540 1743 2604 πάντως
1768 2539 1867 2604 τὰς

290 2629 401 2684 τῶν
428 2630 508 2693 εἰς
533 2629 694 2682 αὐτὸν
727 2629 1273 2701 πεπλημμελημένων
1297 2631 1449 2694 δίκας
1478 2631 1811 2685 ἀππιοῦσιν.

372 2720 483 2773 Καὶ
514 2718 641 2773 ἰδοὺ
664 2719 779 2790 ἐγὼ
809 2719 1080 2788 ἐξετείρω
1107 2722 1329 2788 αὐτοὺς
1349 2722 1417 2775 ἐκ
1436 2721 1544 2776 τοῦ
1569 2723 1777 2786 τόπου,
1796 2717 1869 2779 οὗ

301 2808 603 2865 ἀπέδοσθε
634 2808 854 2876 αὐτοὺς
874 2809 1026 2863 ἐκεῖ·
1055 2811 1151 2864 καὶ
1183 2808 1586 2865 ἀνταποδώσω
1613 2810 1872 2866 ἀνταπό-

300 2900 457 2970 δομα
482 2899 650 2970 ὑμῶν
685 2903 772 2968 εἰς
815 2902 1084 2971 κεφαλὰς
1117 2902 1305 2973 ὑμῶν.
1347 2904 1458 2957 Kal
1496 2896 1876 2974 ἀποδώσομαι

214 3006 219 3011 ‘
298 2992 445 3059 τοὺς
495 2991 662 3059 υἱοὺς
703 2992 892 3062 ὑμῶν,
925 2992 1026 3047 καὶ
1068 2993 1175 3059 τὰς
1212 2994 1538 3064 θυγατέρας
1578 2993 1744 3063 ὑμῶν
1790 2998 1877 3062 εἰς

1953 1158 2117 1227 igitur
2149 1166 2206 1211 ut
2231 1158 2519 1225 ejiciuntur
2544 1157 2611 1210 ab
2638 1156 2770 1225 ipsis
2810 1155 3017 1224 decepti
3044 1192 3058 1217 ,
3098 1154 3149 1208 in
3184 1169 3347 1208 causa
3373 1166 3522 1210 sunt.

1952 1247 2113 1318 237
2154 1248 2303 1301 Finis
2334 1263 2484 1312 vero,
2524 1249 2664 1302 sicut
2692 1258 2747 1301 et
2778 1248 2926 1317 regio
2960 1248 3192 1300 liliorum
3222 1244 3482 1301 Ecclesiae
3508 1286 3523 1309 ,

1954 1339 2190 1409 cognitio
2223 1340 2470 1393 veritatis
2517 1348 2623 1406 est,
2670 1338 2899 1408 etquod
2945 1339 3011 1391 ad
3061 1352 3222 1391 omne
3262 1337 3525 1407 quidquid

1955 1440 2207 1486 accurate
2262 1433 2327 1486 ad
2383 1431 2765 1486 rectitudinetn
2802 1425 3139 1499 exploratum
3181 1431 3298 1493 est,
3330 1429 3528 1500 vergit.

1956 1523 2033 1576 Ac
2063 1523 2257 1576 merito
2306 1536 2457 1587 sane,
2502 1530 2559 1576 et
2584 1529 2712 1577 vere
2752 1535 2881 1575 vasa
2914 1528 3098 1585 aurea,
3144 1529 3200 1576 et
3247 1530 3529 1591 argentea,

1957 1621 2010 1667 et
2044 1612 2215 1699 electa
2245 1611 2337 1665 Dei
2364 1611 2546 1665 vocari
2571 1620 2799 1680 possunt
2827 1610 2932 1663 fide
2962 1609 3235 1675 exornati,
3280 1618 3336 1664 et
3404 1623 3536 1679 ope-

1958 1702 2284 1785 ruu'aloria
2319 1704 2554 1759 inaurati
2600 1718 2667 1758 ac
2694 1702 2914 1773 pietatis
2963 1700 3251 1769 splendore
3296 1702 3533 1757 corusci.

1963 1796 2096 1878 ()0re
2122 1795 2528 1878 ⁸³,πλευιιιὶειξι-ἱι
2556 1794 2861 1864 quempiam
2901 1793 3095 1848 horum
3127 1791 3201 1846 ita
3231 1790 3437 1846 clarum
3473 1805 3538 1844 ac

1963 1906 2095 1981 ιῬω
2115 1926 2195 1981 pr.
2224 1885 2448 1941 fallaciae
2484 1884 2693 1956 laqueis
2708 1884 2943 1981 irretiri,
2986 1884 3213 1938 audient
3239 1882 3404 1952 plane
3436 1882 3538 1937 fal-

1966 1972 2084 2059 LL.m
2109 1972 2228 2058 gum
2253 1978 2564 2033 inventores
2594 1993 2607 2028 :
2648 1994 2668 2029 ι
2700 1972 2997 2044 Argentum
3024 1990 3215 2059 meum,
3239 1981 3296 2029 et
3343 1988 3536 2028 aurum

1967 2069 2391 2137 nqh_tu|istis,
2440 2077 2495 2125 et
2527 2066 2703 2124 electa
2743 2082 2863 2122 mea
2915 2066 3178 2121 intulistis
3216 2065 3269 2119 in
3314 2062 3539 2119 delubra

1969 2110 2035 2137 ...τ
2102 2110 2391 2133 -.υηυηη
2442 2110 2495 2125 ν.
2528 2110 2703 2124 νην...
2743 2110 2863 2122 ...η
2915 2110 3178 2121 ...-....,-.-
3317 2110 3533 2119 ..ν---τ

1969 2110 2170 2213 νθέἰιιο.
2215 2176 2234 2210 i
2273 2157 2490 2213 Crimen
2527 2158 2668 2213 istud
2696 2155 2956 2214 horribile
2980 2166 3084 2222 est,
3119 2165 3175 2213 et
3208 2155 3533 2225 supplicium

1971 2247 2267 2303 difficulter
2315 2246 2553 2318 effugiet.
2597 2246 2900 2303 Peccantes
2958 2252 3192 2316 namque
3240 2247 3299 2300 in
3346 2243 3543 2298 fratres

1972 2349 2186 2396 nostros
2219 2381 2235 2407 ,
2264 2355 2364 2410 pro
2405 2340 2601 2410 quibus
2656 2341 2908 2396 Christus
2954 2345 3202 2394 mortuus
3244 2349 3330 2394 est
3363 2328 3434 2405 δ’,
3480 2337 3535 2391 in

1954 2430 2249 2486 'Cbrlstum
2293 2431 2470 2500 ipsum
2526 2440 2654 2485 sunt
2696 2424 2994 2500 iniuriosi,
3051 2422 3140 2486 cui
3182 2429 3444 2493 omnino,
3486 2436 3541 2484 ει

1974 2524 2214 2580 omnium
2258 2534 2377 2593 quae
2420 2524 2475 2579 in
2516 2531 2639 2579 eum
2681 2523 3057 2593 peccaverint,
3100 2526 3292 2593 ptbuas
3338 2508 3544 2591 persol-

2046 2625 2126 2671 nt.

2046 2631 2126 2671 nt.

1974 2631 2214 2763 veVirus.
2249 2706 2301 2772 7,
2343 2707 2395 2761 8.
2429 2705 2575 2796 Ecce.
2589 2722 2682 2776 ego
2702 2705 2898 2788 suscita
2921 2721 3007 2760 eos
3033 2696 3258 2768 deloco,
3297 2702 3387 2757 ubi
3424 2717 3556 2757 ven-

1978 2799 2191 2856 didietis
2210 2816 2298 2854 eos
2323 2799 2476 2866 illic;
2506 2810 2553 2854 et
2568 2795 2797 2855 reddam
2815 2798 3210 2854 retributionem
3233 2809 3458 2855 aestuat
3490 2795 3548 2847 in

1980 2894 2159 2962 capita
2184 2901 2376 2947 vestra.
2422 2890 2492 2945 Et
2531 2892 2758 2947 vendam
2805 2890 2945 2960 ﬁlios
2973 2902 3170 2948 vestros
3208 2899 3260 2946 et
3300 2890 3443 2960 filias
3475 2905 3555 2945 oe-

1980 2995 2119 3040 strus
2145 2985 2203 3039 in
2234 3001 2422 3041 manus
2445 2984 2683 3055 ﬁliorum
2706 2984 2942 3050 Iuda,“
2971 2982 3342 3039 renuntiabant
3377 2998 3465 3037 eos
3498 2983 3559 3037 in

296 3084 503 3153 χεῖρας
542 3083 688 3139 υιῶν
726 3085 932 3149 Ἰούδα,
963 3082 1063 3140 καὶ
1105 3079 1518 3141 ἀποδώσονται
1542 3086 1765 3155 αὐτοὺς
1790 3088 1874 3152 εἰς

1983 3078 2358 3147 captivitatem,
2386 3078 2445 3131 in
2474 3085 2674 3147 gentem
2694 3092 2810 3146 quae
2843 3074 3051 3146 procul,
3081 3077 3331 3147 quoniam
3368 3074 3557 3129 Domi-

296 3176 716 3245 αἰχμαλωσίαν
749 3178 838 3242 εὶς
867 3177 1045 3246 ἔθνος
1080 3179 1319 3249 μακρὰν
1354 3179 1602 3249 ἀπέχον,
1646 3169 1736 3235 ὅτι
1767 3172 1883 3236 Κύ-

293 3283 427 3337 ριος
450 3267 781 3336 ἐλάλησεν.

370 3361 465 3416 Μ’.
489 3361 784 3432 Ἀπρακτα
817 3361 915 3432 μὲν
939 3362 1008 3415 τά
1030 3359 1245 3434 Τυρίων
1260 3354 1477 3416 ἔσεσθαι
1495 3356 1883 3437 μηχανήματα,

303 3453 399 3507 καὶ
437 3451 508 3506 τὰ
546 3454 609 3506 ὲκ
657 3452 758 3523 τῆς
801 3452 1131 3526 δυστροπίας
1185 3448 1467 3526 εὑρέματα
1510 3456 1652 3511 κατά
1691 3457 1800 3510 τῶν
1826 3457 1886 3524 ἐξ

318 3540 575 3614 Ἰσραὴλ,
635 3542 1006 3614 ὲναργέστατά
1043 3561 1230 3616 φησιν,
1289 3545 1351 3611 ἐξ
1410 3546 1767 3619 ἀντιστρόφου
1830 3546 1888 3601 δὲ

308 3628 500 3705 ὥσπερ
544 3632 795 3701 γενέσθαι
827 3636 941 3699 τοῖς
966 3630 1253 3709 ἠδικηκόσι
1288 3634 1386 3708 τὴν
1435 3637 1744 3709 συμφορὰν,
1794 3637 1889 3692 καὶ

305 3722 422 3784 τοῖς
446 3720 581 3785 ῐσοις
608 3720 869 3776 ἐναλῶναι
895 3727 1104 3789 κακοῖς,
1147 3727 1428 3797 μονονουχὶ
1454 3726 1761 3799 πιπτούσης
1808 3729 1890 3792 εἰς

309 3812 552 3882 κεφαλὰς
583 3812 692 3866 τῶν
715 3813 906 3867 ἀνόσια
933 3814 1477 3886 πεπλημμεληκότων
1505 3819 1604 3887 τῆς
1639 3815 1891 3871 ἰσοστάθ-

314 3914 419 3975 μου
459 3903 636 3974 δίκης.
683 3903 895 3975 Ὠσπερ
942 3904 1051 3976 γὰρ
1096 3905 1248 3964 αὐτοὶ
1297 3900 1359 3960 τδ
1414 3906 1474 3973 ἐξ
1518 3907 1686 3962 Ἰούδα
1735 3909 1893 3978 γένος

312 3990 482 4063 εἷλον,
514 3991 634 4048 εἶτα
666 3997 781 4059 τοῖς
813 3995 1264 4066 ἀνδραποδισταῖς
1282 3996 1596 4062 δεδώκασιν,
1622 3991 1893 4069 ἀποκομί-

312 4088 432 4152 ζειν
475 4086 721 4149 εἰπόντες
774 4087 854 4149 εἰς
905 4086 1057 4150 ἔθνος
1108 4088 1344 4160 μακρὰν,
1401 4089 1543 4143 οὕτω
1585 4089 1655 4143 τὰ
1716 4084 1896 4144 αὐτῶν

312 4174 917 4247 ἀπεμπολησθήσεσθαι
964 4176 1131 4231 τέκνα
1167 4179 1322 4246 φησὶ,
1363 4179 1453 4233 διὰ
1494 4176 1674 4253 χειρδς
1708 4170 1893 4236 Ἰούδα.

315 4270 432 4322 Καὶ
471 4268 554 4322 ὅτι
609 4267 826 4332 πάντως
876 4267 1053 4321 τοιάδε
1105 4270 1463 4342 συμϐήσεται,
1527 4264 1898 4343 προσεμπεδοῖ

317 4359 517 4429 λέγων,
596 4376 615 4410 t
648 4359 769 4413 Ὅτι
834 4356 1040 4431 Κύριος
1091 4358 1372 4431 ἐλάλησεν.
1404 4380 1423 4412 ι
1496 4360 1782 4433 Ἀνήνυτον
1840 4357 1899 4415 δὲ

1984 3187 2083 3226 nus
2105 3171 2307 3226 locutus
2327 3182 2425 3226 est.

2057 3344 2170 3407 XL.
2200 3342 2464 3424 Tyrorum
2493 3350 2922 3407 machinationes
2944 3357 2998 3405 et
3038 3363 3299 3420 perversa
3339 3348 3560 3406 inventa

1987 3457 2176 3501 contra
2211 3440 2378 3500 Israel
2407 3443 2588 3498 inania
2635 3441 2772 3511 fore,
2820 3456 3079 3511 perquam
3118 3441 3356 3497 dilucide
3400 3439 3556 3494 afﬂr-

1988 3544 2120 3601 mat,
2154 3544 2209 3590 et
2237 3534 2303 3591 iis
2341 3535 2435 3604 qui
2481 3534 2755 3598 laeserunt,
2790 3533 2944 3600 quasi
2971 3546 3039 3585 ex
3069 3531 3301 3586 adverso
3338 3528 3562 3585 calami-

1990 3637 2155 3683 tatem
2182 3625 2570 3682 remetiendam
2597 3662 2612 3688 ,
2649 3624 2981 3691 paribusque
3018 3621 3175 3677 malis
3204 3621 3373 3691 probe
3404 3620 3563 3677 invo-

1992 3713 2162 3773 lutum
2218 3718 2321 3780 iri,
2374 3723 2580 3770 tantum
2623 3728 2728 3769 non
2778 3713 2941 3768 simili
2972 3725 3132 3781 paena
3189 3713 3465 3770 recidente
3508 3716 3565 3771 in

1993 3809 2172 3879 capita
2204 3815 2431 3873 eorum,
2484 3806 2575 3876 qui
2649 3805 2812 3875 impie
2859 3803 3222 3874 deliquerunt.
3286 3806 3568 3874 Quomodo

1996 3907 2232 3969 namqtte
2261 3898 2364 3970 ipsi
2396 3912 2567 3970 genus
2595 3887 2736 3954 Juda
2766 3896 3045 3967 captivum
3072 3895 3344 3967 fecerunt,
3370 3899 3569 3956 deinde

1994 4006 2093 4062 pro
2128 3981 2418 4061 mancipiis
2455 3991 2753 4057 'veuditum,
2788 3991 2855 4043 ad
2897 3997 3135 4045 remotas
3169 4002 3362 4060 gentes
3399 3992 3571 4047 abdu-

1996 4084 2224 4139 cendum
2256 4084 2563 4137 dederunt:
2602 4083 2683 4137 sic
2740 4096 2929 4136 eorum
2979 4080 3181 4135 liberos
3226 4097 3325 4150 per
3378 4097 3572 4137 manus

1997 4168 2138 4231 Juda
2168 4174 2391 4230 venales
2433 4173 2646 4228 futuros
2683 4180 2935 4238 testatur,
2978 4179 3032 4225 et
3060 4171 3127 4225 ad
3164 4187 3396 4242 unguem
3428 4174 3571 4229 idem

2000 4280 2257 4337 passuros
2281 4264 2603 4329 testificans,
2651 4264 2750 4329 ait,
2804 4277 2824 4316 ι
2861 4262 2997 4330 Quia
3053 4262 3313 4320 Dominus
3359 4265 3572 4320 locutus

1999 4367 2104 4414 est.
2145 4377 2167 4413 ι
2199 4343 2344 4412 Nihil
2375 4366 2557 4412 autem
2585 4356 2827 4413 omnium
2873 4370 2995 4426 qua:
3039 4355 3181 4411 Deus
3213 4356 3473 4427 loquitur,
3504 4356 3574 4411 ad

319 4454 544 4516 πάντως
570 4450 722 4505 οὐδὲν
751 4449 780 4503 δ
812 4447 1108 4518 φθέγγεται
1142 4449 1292 4515 Θεός.
1323 4448 1432 4505 Καὶ
1459 4450 1588 4520 γοῦν
1632 4449 1733 4522 ἔφη
1768 4450 1874 4523 Χρι

2003 4465 2119 4505 rem
2145 4464 2253 4507 non
2285 4448 2583 4506 confertur.
2608 4447 2796 4518 Itaque
2820 4447 3070 4503 Christus
3101 4449 3312 4518 inquit:
3338 4467 3357 4503 ι
3396 4448 3574 4502 Verba

321 4543 471 4607 στόςδ
508 4561 526 4593 ι
554 4543 618 4595 Oi
657 4541 805 4612 λόγοι
844 4557 946 4612 μου
977 4541 1039 4594 οὐ
1069 4541 1143 4613 μή
1177 4542 1505 4614 παρέλθωσι.
1536 4562 1555 4596 ι
1601 4541 1711 4597 Καὶ
1748 4536 1905 4596 ταυτὶ

324 4636 429 4707 μὲν
454 4634 757 4705 ίστορικῶς.

398 4727 465 4779 Εἰ
491 4725 548 4778 δὲ
571 4725 633 4796 δή
652 4738 737 4789 τις
754 4725 928 4779 ἕλοιτο
964 4722 1278 4794 περιαθρεῖν
1321 4721 1389 4777 τά
1419 4723 1780 4794 πνευματικὰ,
1808 4717 1904 4777 καὶ

321 4813 437 4870 τῶν
468 4814 869 4885 κεκρυμμένων
905 4812 1360 4885 ἀναπίμπλασθαι
1390 4812 1696 4884 νοημάτων,
1728 4813 1905 4885 ἐννοή-

324 4924 416 4961 σει
449 4905 632 4970 πάλιν,
656 4906 735 4958 ὅτι
768 4905 863 4959 καὶ
887 4906 1154 4976 Ἑλλήνων
1180 4906 1367 4969 παῖδες
1392 4906 1440 4958 οἰ
1472 4908 1591 4970 ταῖς
1620 4906 1903 4978 δοκησισο-

324 4998 489 5068 φίαις
533 4996 971 5070 ἐξωφρυωμένοι,
1022 5002 1117 5055 καὶ
1157 5000 1263 5072 μὴν
1296 4997 1388 5054 καί
1427 5002 1691 5074 αἱρετικοί¹
1737 5001 1903 5058 πολυ-

324 5087 560 5150 πλόκοις
594 5088 810 5159 ἀπάτης
839 5090 1111 5171 εὑρῄμασι
1134 5092 1195 5145 τὸ
1221 5091 1396 5147 δοκεῖν
1430 5093 1485 5146 τί
1510 5101 1692 5161 σφισιν
1721 5094 1904 5157 αὐτοῖς

2006 4558 2129 4599 mea
2171 4558 2279 4601 non
2334 4541 2636 4600 interibunt
2677 4542 2744 4597 ".
2801 4561 2824 4595 δ
2885 4542 3093 4597 Etbaec
3141 4541 3359 4612 quidem
3397 4541 3573 4596 bisto‘

2005 4624 2141 4692 rice.

2077 4725 2232 4793 Quod
2247 4725 2291 4781 si
2306 4726 2391 4781 cui
2409 4725 2584 4797 placet
2599 4725 2946 4783 considerare
2961 4724 3284 4795 spiritualia,
3303 4731 3358 4778 et
3375 4722 3578 4778 abditis

2006 4815 2378 4887 intelligentiis
2424 4832 2485 4874 se
2541 4817 2779 4887 explere,
2827 4817 3089 4886 cogitabit
3131 4817 3295 4872 etiam
3330 4814 3576 4879 Graecos,

2009 4907 2145 4964 falsa
2182 4909 2438 4980 opinione
2468 4910 2748 4979 sapientia:
2788 4909 3133 4978 supercilium
3170 4906 3421 4971 tollentes
3444 4944 3461 4970 ,
3508 4920 3577 4961 ac

2009 5010 2276 5070 praeterea
2328 5001 2649 5065 haereticos,
2705 5001 2774 5055 ob
2818 5000 3059 5055 involuta
3116 4998 3450 5053 fallaciarum
3490 4998 3581 5052 in.

2011 5102 2173 5147 venta
2226 5093 2598 5148 existimantes
2649 5106 2710 5147 se
2748 5106 2872 5148 esse
2922 5091 3148 5160 aliquid,
3188 5089 3579 5159 simpliciorum

325 5180 723 5250 ἀπονέμοντες,
744 5180 1077 5251 ἀποφέρουσι
1100 5184 1207 5237 τῶν
1236 5179 1617 5256 ἁπλουστέρων
1643 5184 1794 5250 τινὰς
1811 5187 1874 5256 τῆ

2014 5183 2277 5252 quosdam
2337 5198 2367 5236 a
2407 5192 2554 5238 recta
2584 5192 2639 5239 et
2689 5183 2961 5253 inculpata
3009 5183 3134 5246 fide,
3186 5194 3349 5250 quam
3403 5195 3434 5234 a
3473 5180 3583 5236 Deo

325 5271 504 5342 ὀρθῆς
535 5289 594 5325 τε
626 5273 720 5325 καὶ
753 5273 1055 5343 ἀμωμήτου
1086 5275 1341 5341 πίστεως,
1370 5272 1440 5349 ἧς
1470 5276 1535 5330 ἂν
1562 5274 1732 5345 ἔχοιεν
1759 5293 1872 5349 παρ

2016 5275 2223 5330 habere
2280 5275 2508 5344 possint,
2564 5284 2852 5339 avertere,
2907 5283 2962 5328 et
3004 5275 3323 5343 imposturte
3377 5272 3584 5343 laqueis

328 5361 496 5430 Θεοῦ,
527 5361 623 5416 καὶ
653 5365 768 5425 τοῖς
808 5361 1023 5433 βρόχοις
1045 5363 1143 5434 τῆς
1173 5364 1389 5435 ἀπάτης
1426 5363 1695 5426 ἐνδέοντες
1730 5381 1916 5434 μονον-

2016 5364 2280 5433 irretitos,
2315 5368 2701 5435 propemodum
2735 5380 3017 5420 servorum
3060 5366 3225 5438 238
3271 5367 3413 5431 loco,
3445 5380 3584 5436 quos

324 5454 490 5525 ουχὶ,
518 5454 614 5507 καὶ
657 5455 715 5507 ὲν
744 5453 1087 5524 δορυκτήτων
1133 5454 1299 5526 μοίρᾳ
1329 5454 1603 5517 λαϐόντες,
1649 5453 1874 5525 ἀποκομέ

2019 5458 2188 5514 armis
2230 5459 2495 5530 ceperint,
2537 5473 2567 5513 a
2605 5460 2802 5513 finibus
2846 5457 3095 5514 veritatis
3138 5461 3386 5532 abripere
3422 5466 3586 5528 quam

326 5544 492 5611 ζουσι
522 5544 630 5599 τῶν
660 5546 758 5616 τῆς
786 5544 1042 5616 ἀληθείας
1063 5546 1205 5617 ὅρων
1239 5546 1314 5609 ὡς
1345 5545 1622 5600 ἀποτάτω.
1665 5544 1799 5601 Ἀλλ’
1823 5548 1874 5618 ὃγ

2022 5548 2354 5621 longissime.
2384 5547 2653 5604 Craterum
2683 5547 3060 5626 universorum
3080 5550 3226 5607 Deus
3258 5564 3446 5607 eorum
3486 5546 3590 5597 im:

380 5713 472 5772 q“
494 5718 512 5773 Ι
538 5720 661 5776 Cor.
694 5734 807 5783 \‘Ill,
841 5720 929 5773 il.
1001 5720 1045 5754 ⁸⁷
1077 5719 1267 5772 Matth.
1312 5733 1461 5784 xxiv,
1494 5720 1588 5775 25.

664 5814 912 5874 ΡΑΤΒΟΙ.
978 5815 1094 5875 Gn.
1147 5815 1346 5874 LXXI.

3182 5813 3252 5875 13
