4054 6274
431 412 534 470 593

1423 406 1484 462 S.
1525 401 1798 460 CYRILLI
1836 395 2307 454 ALEXANDRINI
2347 389 2663 453 ARClllEP.

3582 396 3689 455 396

431 531 755 600 probitatem
808 527 1098 597 infringit,
1144 534 1199 580 et
1249 524 1503 594 deceptos
1538 523 1756 593 quidem
1811 520 2010 575 liberos

2125 507 2219 571 tam
2272 516 2409 571 ὅλων
2469 515 2601 578 Θεὸς
2654 514 2935 584 ἄπρακτον
3003 509 3180 565 αὐτῶν
3233 511 3528 582 ἀποφαίνει
3591 511 3696 584 τὴν

431 625 732 687 dimittens,
759 621 897 676 filios
928 631 1219 688 pravorum
1274 616 1558 671 doctorqu
1594 617 1661 670 ad
1693 614 1885 670 Judam
1916 615 2009 669 ad-

431 715 598 769 ducit.
635 713 738 767 Per
783 711 881 766 hos
917 709 1269 765 nihilominus
1309 707 1536 776 intelligi
1582 709 1795 776 possint
1839 710 2007 766 divini

431 805 700 872 discipuli,
735 811 790 858 et
817 809 1082 873 quotquot
1102 800 1312 857 Christi
1340 801 1657 870 mysterium
1687 800 2003 870 loquuntur,

431 896 632 963 quique
653 893 720 948 ab
745 893 959 948 illorum
984 892 1272 948 fraudibus
1310 892 1604 958 liberatos,
1655 893 1723 946 ad
1772 891 2001 961 prmela—

434 1001 548 1038 ram
579 993 634 1040 et
657 984 944 1040 amabilem
967 983 1084 1053 ejus
1119 984 1436 1040 servitutem
1484 983 1770 1049 reducunt,
1817 992 1872 1037 et
1898 998 2008 1036 non

434 1087 591 1128 secus
622 1083 786 1144 atque
812 1073 1056 1143 captivos
1085 1075 1328 1143 rapiunt,
1365 1071 1430 1127 ad
1459 1087 1614 1128 suum
1643 1087 1737 1128 eos
1762 1073 2009 1127 habitum

435 1167 874 1236 sententiamque
899 1165 1291 1220 transferentes
1312 1207 1326 1233 ,
1350 1179 1470 1235 qua:
1493 1165 1560 1219 ab
1588 1165 1802 1220 illorum
1826 1165 2010 1220 multis

435 1259 673 1313 millibus
687 1259 870 1314 distat.
891 1259 1142 1331 Magnum
1162 1259 1359 1329 quippe
1376 1259 1714 1314 intervallum
1733 1260 1875 1314 inter
1892 1274 2012 1314 san-

434 1360 647 1404 ctorum
681 1359 736 1405 et
765 1352 985 1406 istorum
1007 1351 1308 1405 doctrinam
1337 1353 1600 1406 cernitur.
1621 1351 1827 1405 Dicitur
1847 1351 2010 1405 etiam

433 1442 687 1498 Christus
701 1459 765 1498 ex
783 1442 971 1499 Graeca
985 1443 1372 1515 superstitione
1395 1443 1461 1498 ad
1477 1443 1846 1512 cognitionem
1869 1442 2010 1512 ejus,

436 1534 529 1601 qui
580 1544 774 1588 natura
815 1545 901 1590 est
933 1535 1097 1602 Deus,
1142 1549 1435 1589 conversos
1479 1543 1538 1588 ut
1586 1535 1832 1604 captivos
1869 1534 2013 1588 acci-

439 1641 588 1695 pere.
631 1625 725 1680 Sic
764 1627 907 1680 enim
949 1626 1160 1681 David:
1193 1643 1212 1676 ι
1249 1624 1877 1715 Ascendens;"g.‘gprn=.
1915 1639 2010 1715 ξιι-

439 1717 639 1784 ptivam
695 1717 847 1770 duxit
901 1715 1299 1785 captivitatem,
1366 1713 1514 1767 dedit
1743 1699 2012 1807 asina}-

438 1768 628 1859 lius“.
671 1768 710 1857 »⁷
787 1768 818 1770 ⁷⁷
913 1768 920 1770 ⁷
967 1768 984 1785 ³
1197 1768 1206 1770 ⁷
1287 1768 1298 1778 ’
1563 1773 1602 1814 ⁵⁸
1656 1768 1694 1854 ἓ
1746 1768 1956 1859 Ξ⁵ῗ⁷ῗ¹²⁴

512 1983 674 2038 Vens.
717 1982 868 2037 9-12.
907 1980 1207 2037 Praedicate
1239 1982 1356 2036 licet:
1405 1984 1461 2037 in
1506 1933 2000 2087 qentibusflfoziiii

440 2076 594 2145 [icate
619 2075 839 2140 bellum,
874 2075 1126 2129 suscitate
1160 2086 1476 2144 pugnatores
1500 2117 1514 2140 ,
1545 2076 1800 2142 accedite,
1847 2075 2016 2162 με

440 2168 662 2232 tendite,
689 2183 863 2220 omnes
887 2167 987 2220 viri
1014 2165 1312 2220 bellatores.
1334 2163 1605 2221 Concidite
1635 2179 1817 2222 aratra
1848 2180 2017 2224 vestra

438 2259 495 2311 in
529 2259 733 2327 gladios
763 2265 811 2310 et
856 2256 1031 2326 falces
1088 2267 1282 2310 vestras
1308 2257 1361 2311 in
1401 2257 1632 2313 lanceas.
1687 2258 1812 2315 Non
1862 2260 2019 2330 fortis

441 2351 641 2404 dicat:
671 2347 837 2401 Valeo
882 2364 997 2418 ego.
1042 2346 1468 2418 Congregamini,
1503 2358 1549 2403 et
1595 2350 1792 2404 intrate
1841 2367 2018 2405 omnes

441 2451 616 2506 gentes
644 2455 736 2508 per
774 2440 1075 2505 circuitum,
1121 2449 1170 2493 et
1223 2441 1616 2510 congregantini
1657 2441 1807 2508 illuc,
1865 2459 2018 2497 man-

445 2537 621 2583 suetus
648 2529 717 2583 sit
750 2539 1034 2599 pugnator.
1071 2529 1433 2602 Consurgunt,
1458 2541 1504 2585 et
1529 2533 1815 2586 ascendant
1847 2543 2021 2603 gentes

443 2623 499 2674 in
547 2621 730 2675 vallem
789 2620 1074 2690 Josaphat,
1119 2622 1248 2693 quia
1304 2623 1375 2677 ibi
1441 2623 1628 2679 sedebo
1675 2633 1733 2677 ut
1784 2623 2023 2693 judicem

447 2728 623 2765 omnes
657 2721 833 2782 gentes
856 2712 910 2765 in
929 2712 1179 2767 circuitu.

521 2971 656 3026 XLI.
715 2972 1091 3028 Comminatus
1155 2975 1430 3044 gentibus,
1489 2991 1743 3045 passurus
1824 2980 2022 3036 malum

397 3063 403 3082 ’
452 3064 594 3130 quod
620 3061 740 3115 aliis
785 3061 1072 3127 fecerant,
1122 3071 1178 3116 et
1211 3063 1415 3116 scelera
1466 3078 1561 3115 sua
1620 3078 1718 3134 pro
1759 3065 2022 3135 dignitate

451 3153 705 3216 luiturus,
738 3151 848 3222 jam
880 3152 1183 3208 orationem
1213 3151 1280 3205 ad
1305 3151 1538 3206 cultores
1573 3165 1703 3207 suos
1727 3155 2022 3224 convertit,

451 3259 590 3314 quos
615 3244 836 3300 minime
863 3245 1080 3300 timidos
1098 3242 1522 3309 etcll'eminatos,
1551 3246 1678 3314 quin
1707 3247 1884 3316 potius
1908 3249 2026 3302 ani-

455 3351 636 3390 mosos
667 3351 730 3390 ac
763 3345 1012 3392 strenuos
1068 3350 1193 3392 esse
1241 3327 1492 3390 hortatur
1518 3375 1534 3402 ,
1599 3345 1655 3391 et
1681 3347 1889 3393 tantum
1923 3355 2028 3394 non

455 3429 715 3484 adhibere
759 3428 1090 3498 praeconium
1121 3467 1135 3491 ,
1198 3429 1340 3496 quod
1383 3425 1449 3480 ab
1482 3427 1737 3484 omnibus
1770 3429 2029 3484 exaudia-

455 3530 562 3586 tur,
592 3529 647 3573 et
682 3520 748 3574 ad
781 3534 1016 3589 pugnam
1049 3525 1236 3587 gentes
1267 3517 1461 3572 dehinc
1501 3517 1777 3588 colligere,
1826 3535 2029 3590 easque

458 3613 830 3675 inflammare,
881 3621 940 3665 ut
1001 3610 1106 3664 huc
1165 3610 1389 3678 gradum
1438 3612 1763 3679 accelerent,
1820 3614 2028 3669 tametsi

459 3706 691 3761 fortasse
752 3705 915 3756 vitam
965 3701 1199 3769 quietam
1249 3711 1305 3757 et
1359 3715 1388 3756 a
1449 3702 1590 3759 bello
1646 3704 2032 3760 abhorrentem

459 3809 618 3864 agere
670 3794 880 3848 malint.
959 3791 1072 3848 Hoc
1134 3802 1311 3848 autem
1347 3804 1431 3850 est
1483 3795 1709 3850 reddere
1757 3796 2035 3851 audentis-

459 3887 648 3949 simos,
695 3893 750 3939 et
794 3883 1141 3953 persuadere,
1201 3886 1275 3938 uti
1311 3885 1608 3952 confidant,
1655 3887 1772 3955 ipso
1823 3891 2033 3956 ἰη-ορα-

461 3983 684 4038 tutante.
721 3974 956 4028 hostium
989 3989 1108 4028 sese
1137 3975 1426 4045 petituros.
1467 3974 1652 4046 itaque
1677 4015 1693 4040 ,
1749 3995 1775 4026 λ(
1817 3977 1870 4030 in
1913 3993 2037 4046 gen-

461 4063 607 4115 tibus
642 4061 757 4116 haec
787 4062 1078 4130 przmlicate
1107 4101 1123 4128 ,
1176 4063 1375 4132 inquit,
1411 4074 1466 4118 et
1522 4064 1860 4120 sanctiﬁcata
1918 4066 2036 4120 bel-

461 4150 593 4204 lum.
634 4167 654 4202 s
687 4148 805 4205 iam
834 4150 957 4216 hoc,
996 4169 1016 4204 ι
1075 4153 1431 4220 sanetillcate,
1471 4171 1492 4206 ι
1528 4169 1742 4210 rursum
1777 4155 1910 4211 nihil
1951 4165 2036 4213 est

461 4242 608 4297 aliud
648 4256 835 4311 quam,
868 4243 1000 4298 mihi
1025 4244 1172 4298 velut
1200 4254 1551 4311 consecrate;
1586 4260 1684 4317 ego
1725 4249 1872 4302 enim
1920 4248 2034 4303 bel-

464 4333 587 4388 labo
638 4343 693 4387 et
733 4335 801 4387 ad
847 4333 1073 4403 gloriam
1117 4351 1292 4391 meam
1324 4352 1416 4393 res
1459 4348 1670 4408 agetur.
1702 4337 2037 4395 Occumbeut

462 4425 631 4491 enim,
661 4427 754 4494 qui
809 4425 1070 4480 honorem
1122 4443 1298 4482 meum
1333 4428 1492 4498 lignis
1521 4439 1576 4486 et
1625 4430 1894 4502 lapidibus
1939 4433 2039 4487 tri-

1748 1841 1798 1911 ἵ,
1817 1854 1864 1900 et
1889 1844 1974 1896 bo.
2039 1857 2088 1917 ,Β

2107 606 2464 678 κακουργίαν,
2495 605 2592 658 καὶ
2626 604 2806 673 ἀνίησι
2849 601 2948 671 μὲν
2977 602 3104 664 τοὺς
3129 601 3536 671 ἠπατημένους,
3561 603 3696 666 τοὺς

2107 698 2164 752 δέ
2195 698 2302 752 τῶν
2336 695 2729 766 ἀπατησάντων
2763 691 2904 746 κατὰ
2945 691 3182 764 μάθησιν
3227 688 3377 756 υἱοὺς
3423 693 3697 764 προσάγει

2107 792 2221 854 τοῖς
2251 791 2312 854 ἐξ
2346 788 2535 844 Ἰούδα.
2579 785 2838 857 Νοηθεῖεν
2876 785 2919 838 δ’
2947 785 3012 838 ἂν
3037 777 3181 838 οὗτοι
3211 784 3372 839 πάλιν
3408 786 3458 838 oi
3496 785 3698 839 θεσπέ-

2112 894 2217 930 σιοι
2246 875 2505 948 μαθηταὶ,
2537 875 2631 928 καὶ
2652 875 2764 926 ὅσοι
2787 873 2846 926 τὸ
2870 872 3104 944 Χριστοῦ
3125 872 3344 926 λαλοῦσι
3373 876 3696 947 μυστήριον,

2109 972 2158 1023 oi
2187 969 2243 1022 δὲ
2273 973 2374 1040 τῆς
2397 970 2620 1022 ἐκείνων
2649 967 2858 1038 πλάνης
2897 966 3348 1032 ἀπαλλάττοντες,
3393 968 3475 1030 είς
3524 967 3699 1038 καλήν

2108 1079 2170 1115 τε
2226 1062 2320 1114 καὶ
2359 1059 2678 1132 ἀξιέραστον
2732 1055 3069 1128 ἀποφέρουσι
3116 1057 3379 1122 δουλείαν,
3439 1057 3540 1128 τὴν
3593 1057 3702 1112 ὑπὸ

2109 1149 2329 1222 Χριστῷ
2368 1149 2631 1220 δηλονότι,
2675 1149 2771 1201 καὶ
2810 1142 2920 1201 οἷον
2951 1146 3330 1218 αἰχμαλώτους
3357 1149 3698 1218 ἁρπάζουσι,

2115 1239 2498 1312 μετατιθέντες
2531 1239 2611 1302 είς
2655 1237 2752 1309 τὴν
2801 1236 3008 1291 ἑαυτῶν
3046 1235 3160 1302 ἑξιν
3207 1253 3268 1290 τε
3309 1237 3403 1290 καὶ
3443 1236 3697 1308 γνώμην,

2080 1331 2238 1403 ’ἥτις
2277 1333 2503 1386 ἐκείνων
2528 1331 2674 1385 ἐστὶν
2706 1331 2979 1386 άποτάτω.
3026 1329 3168 1383 Πολὺ
3218 1329 3328 1402 γάρ
3380 1329 3442 1383 τὸ
3492 1330 3699 1400 μεταξὺ

2109 1423 2211 1496 τῆς
2255 1423 2480 1495 γνώμης
2517 1437 2578 1476 τε
2628 1422 2736 1476 τῶν
2771 1423 2963 1490 ἀγίων,
3018 1422 3112 1475 καὶ
3151 1423 3251 1492 τῆς
3289 1420 3398 1474 τῶν
3438 1421 3698 1476 τοιούτων

2100 1516 2331 1588 δρᾶται.
2362 1515 2594 1582 Λέγεται
2624 1514 2683 1568 δὲ
2710 1514 2804 1568 καὶ
2827 1514 2855 1566 6
2881 1513 3114 1580 Χριστὸς
3135 1513 3261 1575 τοὺς
3289 1513 3356 1565 ἐκ
3381 1514 3482 1582 τῆς
3521 1513 3699 1582 Ἕλλη.

2112 1605 2271 1676 νικῆς
2322 1605 2538 1675 ἀπάτης
2583 1606 2662 1668 είς
2708 1603 3002 1672 ἐπίγνωσιν
3029 1603 3124 1656 τοῦ
3159 1602 3302 1656 κατά
3351 1603 3517 1673 φύσιν
3559 1603 3696 1656 Θεοῦ

2103 1694 2615 1765 ,μετενηνεγμένους
2641 1694 2716 1757 ὡς
2755 1692 3129 1764 αἰχμαλώτους
3161 1693 3319 1746 ἑλεῖν.
3354 1694 3500 1764 Ἔφη
3533 1693 3640 1764 γὰρ
3665 1694 3693 1745 6

2115 1785 2298 1850 Aa6‘t6,
2333 1803 2351 1836 ι
2394 1783 2628 1847 ’Δναϐὰς
2651 1785 2730 1847 είς
2759 1783 2912 1853 ὕψος,
2957 1783 3378 1854 ᾐχμαλώτευσεν
3413 1783 3684 1855 αίχμαλωι

2119 1877 2264 1943 σίαν,
2297 1875 2498 1929 δέδωκε
2529 1874 2735 1945 δόματα
2765 1877 2876 1938 τοῖς
2907 1875 3234 1946 ἀνθρώποις.
3263 1894 3281 1927 ι

2189 1969 2500 2038 Κηρύξατε
2519 1967 2706 2020 ταῦτα
2725 1967 2794 2020 ἐν
2831 1966 2954 2031 τοῖς
2982 1966 3224 2022 ἔθνεσιν
3241 1983 3254 1997 °
3279 1965 3568 2037 ἁγιάσατε
3587 1968 3697 2022 πόε-

2118 2062 2324 2128 λεμον,
2379 2057 2713 2127 ἐξεγείρατε
2748 2055 2889 2122 τοὺς
2931 2055 3228 2125 μαχητὰς,
3267 2056 3702 2126 προσαγάγετε,

2119 2150 2217 2204 καὶ
2237 2151 2588 2205 ἀναϐαίνετε
2605 2147 2829 2214 πάντες
2848 2147 3062 2216 ἀνδρες
3082 2148 3457 2216 πολεμισταί.
3475 2148 3705 2217 Συγκό-

2119 2247 2274 2312 ἐβάτε
2301 2242 2374 2296 τὰ
2411 2241 2631 2310 ἄροτρα
2659 2239 2825 2311 ὑμῶν
2852 2241 2938 2306 είς
2964 2239 3278 2308 ῥομφαίας,
3312 2238 3409 2292 καὶ
3448 2238 3526 2292 τὰ
3561 2237 3703 2306 δρέ-

2121 2350 2282 2387 πανα
2300 2332 2470 2403 ὑμῶν
2490 2335 2578 2398 εἰς
2601 2329 3024 2400 σειρομάστας.
3041 2330 3096 2382 Ὁ
3126 2329 3412 2394 ἀδύνατος
3443 2329 3696 2398 λεγέτωο

2133 2427 2342 2493 Ἰσχύω
2392 2425 2525 2496 ἐγώ.
2589 2422 3054 2492 Συναθροίζεσθε
3076 2461 3092 2488 ,
3135 2422 3229 2477 καὶ
3278 2425 3702 2492 εἰσ-πορεύεσθε

2121 2512 2318 2566 πάντα
2356 2513 2429 2567 τὰ
2462 2513 2605 2581 ἔθνη
2663 2513 2979 2577 κυκλόθεν,
3020 2513 3119 2567 καὶ
3165 2513 3508 2582 συνάχθητε
3551 2511 3702 2578 ἐκεῖ,

2123 2605 2317 2672 πραῢς
2355 2603 2511 2658 ἔστω
2558 2603 2952 2674 πολεμιστής.
3013 2602 3570 2672 Ἐξεγειρέσθωσαν,
3601 2603 3707 2656 καί

2123 2694 2610 2750 ἁναϐαινέτωσαν
2627 2695 2704 2750 τὰ
2736 2695 2880 2764 ἔθνη
2906 2698 2994 2763 εὶς
3036 2695 3151 2765 τὴν
3189 2695 3442 2750 κοιλάδα
3495 2695 3704 2750 Ἰωσα-

2111 2786 2262 2858 φὰτ,
2289 2789 2378 2841 ὅτι
2413 2786 2542 2841 ἐκεῖ
2567 2785 2748 2843 καθιῶ
2768 2787 2880 2842 ατοῦ
2907 2786 3202 2857 διακρῖναι
3225 2785 3424 2842 πάντα
3454 2785 3530 2841 τὰ
3561 2788 3706 2854 ἔθνη

2117 2881 2439 2935 ⁵κυκλόθεν.

2194 2973 2330 3026 MA'.
2389 2970 2717 3040 Ἀπειλὴσας
2748 2971 2860 3034 τοῖς
2903 2969 3082 3024 ἔθνεσι
3117 2970 3216 3034 τὰς
3249 2969 3309 3036 ἐξ
3346 2969 3710 3042 ἀντιστρόφου

2127 3063 2432 3134 συμφορὰς,
2489 3063 2584 3115 καὶ
2631 3059 2740 3114 τῶν
2786 3061 3015 3116 ἀνοσίων
3078 3061 3253 3134 ἔργων
3309 3061 3550 3132 ίσοπαλῆ
3605 3061 3708 3132 τὴν

2126 3155 2298 3226 δίκην,
2327 3152 2616 3223 καθίστησι
2637 3152 2727 3206 τὸν
2757 3152 2914 3222 λόγον
2943 3151 3033 3206 ἐπὶ
3059 3153 3186 3217 τοὺς
3217 3152 3378 3215 ἰδίους
3405 3153 3507 3223 ἠδη
3540 3168 3716 3224 προσ-

2131 3244 2387 3316 κυνητάς,
2431 3243 2524 3307 οὓς
2563 3245 2764 3315 ἥκιστα
2819 3244 2918 3315 μὲν
2969 3243 3199 3308 δειλοὺς,
3252 3245 3348 3298 καὶ
3394 3243 3711 3314 ἀνάνδρους,

2129 3333 2268 3390 εἶναι
2316 3336 2372 3390 δέ
2417 3335 2617 3407 μᾶλλον
2665 3334 2876 3387 κελεύει
2929 3335 3230 3399 νεανικοὺς,
3283 3333 3378 3386 καὶ⁵
3427 3326 3708 3404 μονονουχὶ

2130 3426 2433 3498 διαπρυσίῳ
2464 3425 2767 3498 κεχρῆσθαι
2810 3424 3147 3496 κηρύγματι,
3201 3424 3479 3492 συλλέγειν
3503 3439 3563 3476 τε
3600 3421 3704 3492 ήδη

2131 3518 2270 3588 πρὸς
2304 3518 2483 3590 μάχην
2510 3517 2578 3570 τά
2607 3517 2754 3587 ἔθνη,
2803 3519 2894 3571 καὶ
2925 3517 3186 3570 ἀνάπτειν
3234 3515 3550 3585 ἐπείγεσθαι
3576 3513 3712 3583 πρὸς

2130 3610 2289 3663 τοῦτο
2332 3609 2494 3675 αὐτὰ,
2541 3608 2644 3662 κᾶν
2672 3610 2720 3661 εί
2758 3608 2958 3663 ἕλοιντο
2994 3607 3154 3678 τυχὸν
3198 3606 3296 3678 τὴν
3335 3605 3608 3678 ἡρεμαίαν
3651 3615 3714 3656 τε.

2133 3703 2227 3756 καὶ
2256 3701 2592 3772 ἀφιλόμαχον
2619 3701 2833 3754 ἑλέσθαι
2867 3703 3032 3773 ζωήν.
3065 3701 3236 3757 Τοῦτο
3255 3703 3313 3757 δὲ
3355 3698 3425 3773 ἦν
3455 3700 3720 3770 εὐτολμο-

2133 3794 2329 3858 τάτους
2358 3793 2768 3862 ἀποφαίνοντος,
2806 3795 2900 3846 καὶ
2935 3794 3020 3846 ἐπ’
3052 3795 3201 3865 αὐτῷ
3231 3795 3454 3867 θαρρεῖν
3487 3793 3716 3847 ἀναπεί-

2135 3885 2339 3950 θοντος,
2366 3887 2448 3940 ὅτι
2475 3889 2568 3939 καὶ
2595 3885 2703 3938 τῶν
2738 3883 2946 3956 ἐχθρῶν
2990 3887 3246 3956 ἀμείνους
3287 3886 3507 3938 ἔσονται
3553 3881 3716 3938 αὑτοῦ

2135 3978 2588 4051 προασπίζοντος.
2626 3996 2644 4029 ι
2677 3975 2862 4030 Ταῦτα
2888 3976 2951 4049 δὴ
2973 3974 3072 4046 ,οὖν
3103 3979 3159 4034 ἐν
3185 3981 3295 4042 τοῖς
3338 3977 3519 4031 ἑθνεσι
3550 3976 3718 4046 κηρύ-

2137 4069 2282 4134 ξατε,
2308 4071 2468 4141 φησι,
2487 4072 2581 4123 καὶ
2607 4069 2868 4138 ἁγιάσατε
2894 4070 3148 4140 πόλεμον.
3165 4089 3182 4122 ι
3203 4069 3314 4123 Καὶ
3329 4069 3388 4123 τὸ
3415 4068 3720 4140 Ἇτιάσατε

2137 4161 2296 4215 πάλιν
2323 4160 2491 4228 ἐστὶν,
2533 4161 2686 4232 Ἐμοὶ
2715 4159 3088 4231 καθιερώσατε
3113 4161 3311 4232 τρόπον
3354 4160 3497 4225 τινά,
3525 4159 3718 4228 ἔσομαι

2136 4251 2248 4322 γὰρ
2282 4252 2312 4304 6
2347 4250 2595 4322 μαχητὴς
2639 4249 2772 4319 ἐγὼ,
2819 4251 2912 4304 καὶ
2961 4253 3040 4314 εἰς
3077 4250 3215 4321 ἐμὴν
3256 4247 3414 4314 δόξαν
3459 4248 3612 4301 ἔσται
3659 4246 3721 4298 τὸ

2137 4344 2435 4415 δρώμενον.
2473 4343 2834 4414 Τεθνήξονται
2872 4345 2980 4414 γάρ
3026 4346 3073 4397 οί
3113 4344 3211 4414 τὴν
3245 4343 3385 4414 ἐμὴν
3424 4342 3579 4406 δόξαν
3614 4342 3717 4391 ἀν-

2138 4435 2371 4504 άψαντες
2391 4434 2568 4502 ξύλοις
2595 4453 2654 4488 τε
2682 4437 2777 4489 καὶ
2806 4436 3190 4500 λίθοις.”Απαν
3217 4434 3274 4489 δέ
3303 4436 3364 4488 τὸ
3391 4431 3715 4501 ἀγιάζεσθαι

465 4516 718 4570 buerunt.
781 4515 957 4571 Omne
991 4526 1170 4571 autem
1224 4520 1366 4586 quod
1429 4519 1760 4575 sanctificari
1814 4520 2024 4586 dicitur,

2143 4527 2456 4598 λεγόμενον,
2477 4529 2558 4590 είς
2589 4526 2744 4594 δόξαν
2768 4528 2855 4582 ἀεὶ
2890 4529 3222 4598 προσάγεται
3250 4528 3405 4580 Θεοῦ.
3435 4525 3534 4579 Διά
3562 4523 3721 4577 τοῦτό

465 4621 682 4676 semper
710 4621 832 4662 cum
875 4607 1052 4662 divina
1103 4608 1271 4678 gloria
1332 4607 1498 4678 239
1543 4611 1886 4678 coniunctum
1935 4623 2038 4669 est.

465 4693 589 4748 ltleo
628 4696 703 4748 ait
737 4711 750 4750 :
788 4714 805 4745 ‹
840 4694 1184 4750 Sanctificate
1214 4697 1434 4764 bellmu,
1467 4699 1725 4755 suscitato
1772 4711 2037 4772 pugnato-

468 4800 575 4838 rcs.
616 4803 634 4836 ι
669 4784 734 4838 Ει
761 4783 940 4839 adhuc
983 4785 1280 4856 subiungit,
1342 4805 1362 4838 ι
1401 4788 1679 4852 Accedite,
1718 4803 1908 4846 omnes
1938 4794 2038 4850 viri

467 4870 788 4926 bellatores.
829 4889 849 4923 ι
877 4870 1052 4926 Ponat
1077 4875 1310 4943 agricola
1337 4891 1496 4930 curas
1557 4887 1612 4931 et
1642 4879 1878 4933 studium
1935 4883 2038 4938 sibi

468 4961 880 5029 charissimam;
939 4977 1008 5016 ex
1056 4970 1241 5018 aratro
1272 4964 1660 5036 rhomphteam,
1709 4977 1765 5024 et
1817 4986 1848 5026 e
1902 4971 2039 5028 falce

465 5051 711 5106 lanceam
768 5051 872 5108 sibi
923 5049 1195 5119 fabricet;
1228 5068 1334 5109 non
1388 5054 1534 5109 enim
1581 5063 1782 5112 terram
1823 5057 2036 5115 colendi

467 5152 680 5212 tempus
708 5153 814 5212 est,
839 5145 933 5200 sed
960 5145 1071 5201 Deo
1102 5155 1415 5216 contempto
1451 5148 1612 5204 dandi
1641 5164 1850 5220 paruas.
1886 5151 2038 5220 Quod

468 5237 513 5290 si
567 5237 689 5304 quis
744 5237 990 5293 infirmus
1043 5237 1248 5307 fuerit,
1302 5251 1370 5294 ne
1417 5239 1842 5298 imbecillitatem
1897 5259 2030 5313 pra:-

468 5335 658 5392 tcxat;
709 5331 998 5386 mentiatur
1051 5332 1250 5401 potius,
1298 5331 1344 5387 si
1397 5332 1574 5400 lubet,
1628 5344 1684 5390 et
1739 5336 1842 5391 sibi
1890 5337 2034 5392 vires

469 5432 575 5469 non
609 5417 796 5474 deesse
825 5432 1084 5480 autumet.
1139 5425 1295 5480 Absit
1345 5424 1488 5478 enim
1524 5435 1580 5480 ut
1609 5427 1677 5481 ab
1733 5428 1817 5483 his
1867 5433 2032 5485 armis

469 5522 528 5560 se
555 5521 828 5563 removeat
858 5513 872 5564 ί
903 5513 1312 5584 Cungregamini
1349 5518 1529 5589 igitur,
1563 5534 1774 5584 omnes,
1837 5522 2030 5590 inquit,

470 5596 562 5665 qui
595 5595 798 5650 circum
827 5597 1064 5656 Judteam
1090 5607 1367 5676 habitatis,
1397 5619 1450 5664 et
1490 5611 1634 5667 mitis
1663 5625 1880 5680 quoque
1921 5628 2024 5681 pu-

545 5775 592 5809 ⁸³
618 5775 759 5829 Ριίιι.
801 5788 969 5839 LXVII,
1001 5776 1084 5829 l9.

2143 4631 2307 4688 φησιν
2359 4637 2377 4668 ι
2418 4616 2708 4685 Ἀγιάσατε
2741 4618 2996 4689 πόλεμον,
3041 4618 3351 4688 ὲξεγείρατε
3378 4617 3504 4679 τοὺς
3541 4634 3720 4686 μαχη-

2141 4711 2257 4774 τάς.
2279 4729 2297 4762 ι
2333 4711 2442 4763 Καὶ
2461 4709 2522 4780 δὴ
2545 4710 2640 4762 καὶ
2669 4713 2948 4779 ἐπιφωνεῖ,
2978 4711 3070 4764 καί
3091 4727 3244 4780 φησι,
3286 4729 3303 4760 ι
3333 4710 3742 4780 Προσαγάγετε,

2142 4801 2343 4865 πάντες
2373 4801 2563 4874 ἄνδρες
2590 4801 2929 4872 πολεμισταί.
2962 4821 2980 4854 ›
3011 4801 3382 4872 Καταληγέτω
3411 4801 3508 4871 μὲν
3547 4801 3578 4852 6
3621 4815 3724 4867 γηο

2141 4891 2301 4954 πόνος
2326 4890 2433 4944 τῶν
2463 4892 2612 4963 αὐτῷ
2631 4891 2962 4960 φιλαιτάτων
2987 4891 3304 4962 φροντίδων,
3332 4890 3427 4943 καὶ
3453 4887 3722 4942 σπουδασ-

2145 4981 2348 5051 μάτων.
2388 4982 2856 5052 Μεταχαλκευέτω
2883 4983 2940 5036 δὲ
2971 4982 3032 5036 τὸ
3079 4984 3177 5054 μὲν
3217 4982 3448 5053 ἄροτρον
3473 4982 3554 5043 είς
3580 4981 3717 5050 ῥομ-

2144 5070 2328 5138 φαίαν,
2362 5071 2460 5142 τὴν
2500 5071 2556 5125 δὲ
2595 5071 2866 5144 δρεπάνην
2906 5074 2988 5136 είς
3035 5071 3418 5143 σειρομάστας.
3476 5070 3553 5123 Οὐ
3607 5069 3719 5138 γάρ

2145 5162 2263 5213 ἐστι
2290 5161 2384 5214 τοῦ
2414 5167 2670 5232 γηπονείν
2714 5163 2742 5216 6
2775 5163 2986 5236 καιρὸς,
3029 5164 3164 5218 ἀλλὰ
3202 5163 3296 5218 τοῦ
3326 5162 3525 5216 διδόναι
3561 5161 3721 5225 δίκας

2143 5253 2499 5324 ὴτιμασμὲνῳ
2517 5252 2652 5323 Θεῷ.
2679 5253 2740 5307 Εἰ
2762 5254 2818 5306 δὲ
2837 5255 2900 5325 δή
2917 5272 3000 5316 τις
3023 5257 3104 5326 είη
3138 5257 3231 5309 καὶ
3251 5255 3531 5317 ἀδύνατος,
3562 5253 3722 5322 φησὶ,

2147 5340 2220 5410 μὴ
2251 5342 2450 5412 σκῆψιν
2477 5344 2645 5413 ἐχέτω
2673 5343 2732 5396 τὸ
2749 5345 2996 5410 άναλκὲς,
3029 5345 3307 5414 ψευδέσθω
3329 5345 3385 5397 δὲ
3409 5347 3504 5399 καὶ
3536 5343 3730 5411 αὐτὸς,

2144 5433 2192 5482 εί
2211 5431 2480 5500 βούλεται,
2517 5435 2606 5487 mi.
2636 5434 2844 5501 λεγέτω
2871 5436 2930 5488 τὸ
2957 5437 3233 5490 δύνασθαι.
3269 5436 3361 5507 Μὴ
3382 5436 3491 5507 γὰρ
3617 5433 3736 5488 τῶν

2141 5523 2318 5576 ὃπλων
2359 5527 2474 5595 ἤτω
2514 5527 2750 5600 μακράν.
2787 5529 3178 5598 Συναγείρεσθε
3221 5529 3284 5600 δὴ
3323 5525 3415 5583 οὖν
3460 5529 3740 5593 ἅπαντες,

2807 5621 2995 5642 9I_,.§_,!

2142 5619 2323 5687 φησὶν,
2363 5621 2410 5670 οί
2451 5621 2634 5691 κύκλῳ
2668 5622 2765 5692 τῆς
2807 5621 3086 5689 Ἰουδαίας,
3140 5623 3233 5676 καὶ
3277 5623 3306 5674 6
3349 5621 3536 5690 πραῢς
3570 5621 3742 5673 ἔσται
