4054 6274
323 435 421 493 597

1188 412 1736 481 COMMENTARIUS
1777 416 1841 472 lN
1883 411 2142 472 JOELEM
2183 404 2622 472 PROPIIETAM.

3433 413 3539 469 398

327 539 573 617 μαχητὴς,
615 536 884 601 τουτέστι,
936 537 1030 588 καὶ
1081 534 1242 599 εἴτις
1281 536 1388 587 τῶν
1436 534 1724 602 άοργήτων
1764 532 1870 598 εἰη,

1977 542 2093 594 gnte
2120 543 2178 582 se
2206 529 2426 589 credat,
2461 529 2564 581 hoc
2586 535 2667 580 est
2693 568 2706 590 ,
2777 524 2878 578 etsi
2928 523 3191 593 quispiam
3235 523 3395 580 irasci
3439 543 3538 582 ne-

325 635 452 685 Eow
481 629 568 682 καὶ
599 623 754 690 οὗτος
785 628 1054 697 μαχητής.
1089 626 1313 695 Ὅμοιον
1343 625 1418 686 ὼς
1443 625 1491 675 εί
1521 623 1688 690 λέγει,
1715 622 1869 674 οὐδε-

323 723 401 786 νὸς
424 722 479 774 τὸ
502 719 719 788 σύμπαν
759 716 1242 786 ὑπολελειμμένου·
1278 716 1400 770 Κᾶν
1427 717 1476 767 εί
1507 713 1742 783 γηπόνος
1787 730 1872 774 τις

323 818 420 884 ein,
464 812 561 867 κᾶν
605 814 653 866 εἰ
694 810 863 873 δειλός
920 826 979 862 τε
1020 809 1114 861 καὶ
1155 809 1414 878 ἄνανδρος
1464 801 1654 878 (οὗτος
1692 804 1801 872 γὰρ
1843 805 1872 856 ὁ

321 904 636 973 ἀδύνατος),
654 902 753 956 κᾶν
779 903 828 954 εί
849 901 1041 970 πρᾶος,
1068 899 1163 953 καὶ
1193 894 1873 968 ἁφιλοπόλεμος,παραθη-

316 997 483 1066 γέσθω
510 998 644 1066 πρὸς
675 993 873 1065 μάχην.
902 992 1323 1062 Ηαραιτήσομαι
1352 989 1463 1058 γὰρ
1487 988 1695 1042 οὐδένα.
1745 989 1872 1039 Δια-

314 1087 477 1157 κρινῶ
506 1088 563 1140 δὲ
609 1087 854 1149 ἅπαντας
876 1073 941 1138 ’ὲν
972 1087 1038 1154 τῇ
1075 1083 1283 1138 κοιλάδι
1320 1081 1415 1135 τοῦ
1461 1079 1750 1150 Ἰωσαφάτ.
1798 1079 1874 1132 Τὸ

309 1179 628 1249 δὲΔιακρινῶ
655 1179 928 1249 σημαίνει,
954 1178 1033 1230 ὄτι
1059 1177 1266 1248 Κριτὴς
1291 1176 1485 1244 εσομαι
1506 1173 1872 1240 δυνατὸς,ποι-

306 1272 414 1332 ναῖς
470 1287 532 1322 τε
575 1269 670 1323 καὶ
712 1270 892 1332 δίκαις
935 1268 1100 1330 ἐνιεὶς
1150 1268 1278 1330 τοὺς
1322 1265 1730 1336 διαρπάσαντας
1775 1263 1871 1333 μὲν

303 1364 398 1430 γῆν
440 1360 539 1430 τὴν
569 1361 731 1432 ἐμὴν,
785 1360 974 1431 κλήρῳ
1005 1359 1064 1412 δὲ
1095 1357 1452 1428 διαλαχόντας
1487 1357 1580 1409 τὸν
1633 1353 1868 1425 Ἰσραὴλ,

303 1452 388 1505 καὶ
440 1452 670 1522 πόρναις
723 1451 823 1521 μὲν
881 1450 1176 1514 δεδωκότας
1233 1449 1303 1502 τά
1354 1449 1637 1519 παιδάρια,
1703 1462 1873 1500 κατα-

301 1543 648 1614 πεπρακότας
708 1543 765 1597 δὲ
796 1541 864 1596 τά
910 1543 1157 1613 κοράσια,
1201 1540 1295 1594 καὶ
1329 1539 1406 1604 ὡς
1446 1535 1588 1594 οἶνον
1616 1541 1874 1593 ἐκπεπω-

301 1636 475 1700 κότας.

380 1728 742 1798 Ἐπιφωνήσει
771 1721 816 1780 δ⁶
853 1726 918 1780 ἂν
955 1725 1024 1779 τὰ
1059 1720 1236 1778 τοιάδε
1267 1725 1428 1778 πάλιν
1455 1724 1570 1786 τοῖς
1600 1724 1700 1792 τῆς
1743 1723 1869 1775 Ἕκα

300 1819 525 1888 κλησῐας
571 1819 784 1888 ἐχθροῖς
825 1820 854 1871 δ
886 1816 1110 1886 Κύριος,
1163 1815 1212 1868 οἳ
1244 1813 1349 1868 κᾶν
1394 1813 1738 1883 παμπληθεὶ,
1773 1813 1870 1866 καὶ

1975 619 2131 679 sciat,
2173 619 2520 673 nihilominus
2561 620 2699 672 idem
2730 631 2878 670 arma
2910 617 3184 683 corripiat.
3217 616 3446 672 Perinde
3477 633 3542 673 ac

1973 708 2018 760 si
2041 709 2204 773 dicat,
2230 709 2380 762 nullo
2402 724 2625 775 prorsus
2662 709 2851 762 relicto
2885 724 2900 760 :
2934 707 3059 762 Sive
3091 723 3227 777 Opus
3275 710 3539 764 rusticum

1973 796 2136 850 faciat
2165 800 2308 864 quis,
2369 799 2483 852 sive
2523 799 2743 851 timidus
2777 808 2831 850 et
2881 799 3112 852 imbellis
3149 799 3218 869 (is
3262 801 3404 853 enim
3459 810 3545 855 est

1974 887 2278 956 ἀδύνατος),
2302 889 2418 943 sive
2443 891 2708 944 mansueti
2736 891 2936 958 ingenii
2960 900 3014 942 et
3041 906 3070 943 a
3099 892 3290 945 bellico
3314 893 3541 960 strepitu

1973 979 2201 1046 alienus,
2245 981 2310 1033 ad
2346 995 2578 1050 pugnam
2605 990 2777 1035 semet
2817 993 3043 1034 cxacnat
3078 1013 3092 1044 ,
3140 984 3343 1036 nnllinn
3379 999 3541 1037 recn-

1971 1067 2123 1122 sabo.
2155 1067 2416 1123 iudicabo
2443 1085 2631 1124 omnes
2661 1071 2713 1123 in
2736 1071 2873 1124 valle
2898 1069 3157 1140 Josaphat
3188 1091 3201 1126 :
3231 1078 3374 1142 quod
3411 1089 3538 1130 ver-

1973 1159 2101 1213 bum
2131 1159 2417 1228 signiﬁcat,
2447 1159 2616 1216 iudex
2648 1177 2742 1217 ero
2768 1172 2990 1231 potens,
3048 1165 3228 1231 pmuis
3258 1175 3313 1218 et
3339 1167 3544 1235 suppli-

1974 1249 2074 1304 ciis
2106 1264 2435 1320 prosequens
2455 1293 2472 1319 ,
2506 1252 2596 1320 qui
2637 1252 2936 1308 diviserunt
2967 1262 3172 1308 terram
3221 1269 3394 1310 meam
3420 1294 3436 1319 ,
3490 1266 3546 1311 et

1974 1349 2120 1395 sorte
2160 1341 2555 1398 distribuerunt
2586 1343 2787 1409 lsrael,
2847 1345 3293 1416 tradideruntque
3338 1361 3536 1416 pueros

1976 1433 2369 1499 meretricibus,
2411 1443 2466 1490 et
2492 1435 2698 1505 puellas
2724 1437 3102 1503 vendiderunt,
3151 1447 3313 1507 atque
3363 1448 3421 1492 ut
3462 1439 3544 1493 vi-

1975 1537 2102 1576 num
2132 1523 2404 1580 biberunt.

2046 1692 2195 1756 Talia
2230 1715 2441 1758 rursum
2473 1703 2727 1760 Ecclesia
2763 1706 3010 1762 hostibus
3059 1707 3319 1762 Dominus
3364 1711 3543 1765 accla-

1975 1794 2206 1847 maverit
2242 1810 2256 1846 :
2296 1795 2388 1864 qui
2438 1809 2745 1865 quanquam
2782 1797 2915 1852 totis
2947 1800 3120 1868 copiis
3160 1807 3217 1852 et
3259 1803 3407 1854 omni
3453 1817 3544 1855 ro-

302 1910 388 1980 ὃλῃ
413 1910 645 1980 δυνάμει
680 1909 949 1980 χρώμενοι
974 1906 1082 1959 τῶν
1113 1905 1282 1975 ἁγίων
1304 1904 1860 1976 καταστρατεύονται,

1974 1886 2096 1940 bore
2123 1894 2343 1940 sanctos
2379 1888 2764 1957 oppugnariut,
2795 1891 2990 1945 cadent
3031 1889 3272 1958 profecto
3316 1906 3530 1956 omnes,

306 2001 587 2054 πεσοῦνται
610 2000 674 2070 δὴ
703 1999 900 2061 πάντες
923 1996 1087 2054 αὑτοῦ
1117 1995 1565 2067 προασπίζοντος,
1584 1993 1872 2057 κάκείνους

303 2093 394 2162 μὲν
428 2092 922 2163 καταστρέφοντος,
970 2087 1400 2158 ἀνατειχίζοντος
1439 2087 1495 2140 δὲ
1531 2087 1660 2150 τοὺς
1708 2085 1872 2147 ίδίους

299 2180 680 2253 προσκυνητὰς
703 2181 909 2244 πίστει,
936 2179 1032 2232 καὶ
1061 2178 1256 2246 ἐλπίδι,
1281 2179 1376 2232 καὶ
1411 2178 1623 2250 ἀγάπῃ,
1657 2176 1873 2247 καὶτῆς

298 2273 429 2337 ἰδίας
455 2273 795 2345 ἡμερότητος
821 2271 1065 2340 ἀγαθοῖς.

375 2365 873 2428 Ἐξαποστείλατε
899 2362 1184 2432 δρέπανα,
1209 2357 1298 2416 ὅτι
1323 2364 1703 2430 παρέστηκεν
1731 2378 1873 2428 τρυ-

296 2454 497 2522 γητὸς,
547 2456 992 2525 εὶσπορεύεσθε,
1044 2455 1316 2519 πατεῖτε,
1361 2444 1510 2509 διδτι
1551 2454 1791 2523 πλήρης
1833 2451 1872 2519 ή

293 2547 516 2612 ληνός·
556 2547 899 2614 ὑπερχεῖται
931 2547 1004 2600 τὰ
1036 2545 1359 2614 ὑπολήνια,
1400 2545 1488 2598 ὅτι
1521 2546 1871 2612 ἐπληθύνθη

293 2634 370 2686 τιὰ
409 2637 564 2689 κακὰ
593 2636 810 2691 αὐτῶν.
832 2633 1011 2705 *Ηχοι
1031 2637 1427 2704 ήκούσθησαν
1446 2637 1514 2690 ὲν
1541 2635 1617 2704 τῇ
1642 2634 1874 2689 κοιλάδι

295 2725 414 2791 τῆς
442 2727 634 2794 δίκης,
668 2727 756 2780 ὅτι
781 2727 959 2796 ἐγγὺς
997 2729 1036 2796 ἡ
1063 2728 1252 2796 ἡμέρα
1289 2727 1509 2795 Κυρίου
1543 2727 1614 2780 ἐν
1643 2725 1718 2795 τῇ
1750 2743 1873 2780 κοι-

301 2815 446 2870 λάδι
477 2815 583 2884 τῆς
604 2817 797 2884 δίκης.
839 2817 892 2869 Ὁ
926 2817 1098 2884 ἥλιος
1124 2817 1224 2870 καί
1249 2817 1288 2885 ἡ
1317 2816 1550 2884 σελήνη
1572 2817 1874 2872 συσκοτά-

300 2918 549 2972 σουσιν,
595 2909 692 2961 καί
731 2909 805 2961 τὰ
845 2907 1037 2975 ἄστρα
1078 2906 1377 2962 δύσουσιν
1418 2908 1486 2961 τὸ
1520 2907 1738 2978 φέγγος
1767 2912 1876 2964 αὺ-

297 2998 440 3053 τῶν.
479 2999 530 3051 '0
559 2999 628 3052 δὲ
665 3001 879 3070 Κύριος
897 3001 965 3054 ἐκ
993 2998 1145 3054 Σιὼν
1163 2998 1644 3069 ἀνακεκράεεται,
1688 3002 1785 3056 καὶ
1806 3003 1876 3066 ἐξ

306 3089 697 3161 Ἰερουσαλὴμ
727 3091 907 3146 δώσει
943 3091 1154 3162 φωνὴν
1195 3091 1399 3158 αὐτοῦ,
1433 3093 1530 3148 καὶ
1557 3093 1878 3162 σεισθήσε-

291 3198 388 3236 ται
418 3185 456 3237 d
475 3182 752 3250 οὐρανὸς,
784 3183 882 3238 καὶ
910 3185 949 3253 ἠ
970 3184 1070 3254 τῆ.

1975 1974 2094 2042 ipso
2115 1984 2429 2046 protegente
2467 1987 2524 2031 et
2548 1975 2669 2032 illos
2700 1979 2916 2048 quidem
2941 1991 3242 2046 evertente,
3277 1997 3403 2038 suos
3438 1998 3538 2038 su-

1975 2075 2081 2119 tem
2108 2066 2340 2122 cultores
2371 2068 2493 2134 ﬁde,
2519 2085 2633 2138 spe,
2667 2071 2930 2126 clisritate
2959 2083 3010 2128 et
3043 2072 3394 2144 benignitatis
3420 2091 3535 2131 sua:

1976 2157 2313 2222 muneribus,
2354 2175 2626 2215 murorum
2657 2163 2847 2228 instar,
2875 2165 3290 2222 corroborante.

2048 2329 2209 2386 Vens.
2243 2333 2431 2388 l5-l6.
2459 2332 2700 2389 Emittite
2726 2337 2908 2404 falces,
2949 2339 3197 2408 quoniam
3237 2340 3386 2393 adest
3426 2331 3556 2394 vin:

1975 2425 2428 2489 demia;introite
2459 2467 2475 2494 ,
2527 2429 2754 2492 calcate,
2805 2432 2932 2499 quia
2988 2431 3195 2497 plenam
3255 2431 3531 2494 torcular;

1976 2519 2270 2570 redundant
2312 2518 2626 2581 toreularia,
2671 2520 2795 2588 quia
2834 2521 3189 2588 Multiplicata
3232 2532 3353 2576 sunt
3397 2523 3544 2576 mala

1974 2621 2174 2660 eorum.
2226 2604 2442 2661 Sonitus
2483 2609 2656 2662 auditi
2697 2621 2819 2664 sunt
2862 2612 2918 2664 in
2952 2611 3086 2666 ualle
3131 2612 3325 2680 judicii
3354 2652 3372 2679 ,
3419 2613 3544 2678 quia

1969 2695 2127 2762 juxta
2167 2708 2240 2751 est
2284 2699 2392 2752 dies
2449 2698 2662 2754 Domini
2697 2703 2752 2754 in
2787 2703 2919 2756 valle
2939 2702 3154 2772 judicii.
3208 2701 3301 2758 Sol
3337 2713 3382 2757 et
3418 2704 3546 2758 luna

1977 2787 2476 2855 obtenebrabuntur,
2498 2801 2546 2845 “et
2573 2793 2738 2856 stella:
2755 2795 2987 2848 occidere
3010 2794 3200 2863 facient
3217 2795 3544 2861 splendorem

1975 2893 2149 2933 suum.
2180 2878 2252 2933 Et
2279 2881 2533 2937 Dominus
2569 2884 2634 2938 iis
2657 2883 2787 2940 Sion
2825 2885 3074 2940 clamabit
3100 2917 3117 2950 -,
3173 2897 3222 2940 et
3251 2885 3546 2942 Jerusalem

1977 2966 2120 3021 dabit
2141 2983 2314 3023 vocem
2336 2986 2509 3037 suam,
2545 2982 2591 3027 et
2616 2973 2908 3030 movebitur
2947 2979 3132 3031 mlum
3167 2985 3218 3031 st
3244 2985 3406 3032 terra.

360 3274 503 3328 ΜΒ.
541 3225 621 3327 id;
651 3225 752 3343 μέν
795 3225 1066 3345 πρόσρίκίι
1096 3273 1206 3328 τῶν
1253 3274 1420 3329 ἐθνῶν
1459 3278 1558 3347 τῆς
1609 3275 1872 3339 Ἰουδαίας

2051 3263 2210 3322 XLII.
2239 3263 2523 3326 Fiuitimos
2550 3262 2747 3326 Judaaae
2765 3273 3012 3342 populos,
3043 3273 3272 3341 Arabas,
3300 3276 3540 3346 inquam,

286 3364 673 3434 γῆς,Ἀρα6άς
712 3382 772 3418 τε
819 3367 962 3436 φημὶ
1004 3367 1098 3421 καὶ
1149 3366 1404 3438 Τυρίους,
1433 3366 1741 3432 Γετθαίους,
1779 3368 1873 3422 καὶ

284 3456 622 3526 Φιλιστιεὶμ,
653 3455 968 3522 Μωαϐίτας,
1003 3457 1099 3510 καὶ
1139 3457 1492 3528 Ἰδουμαίους,
1512 3457 1868 3528 Ἀμμανίτας,

285 3549 380 3601 καὶ
417 3547 820 3618 Γεργεσαίους,
849 3547 1012 3601 οἱονεὶ
1043 3548 1303 3617 σάλπιγγι
1341 3549 1712 3619 κεχρημένους
1750 3567 1868 3604 συν-

281 3641 541 3712 αγείρειν
584 3639 866 3693 ἐκέλευσεν
903 3639 984 3703 είς
1024 3639 1121 3709 τὴν
1169 3639 1392 3694 κοιλάδα
1431 3639 1525 3693 τοῦ
1583 3642 1868 3712 Ἰωσαφὰτ,

279 3729 356 3793 ὡς
380 3729 594 3782 αὐτίκα
615 3729 678 3799 δὴ
712 3729 856 3798 μάλα
880 3729 1317 3800 τεθνηξομένους,
1353 3731 1448 3784 καὶ
1480 3730 1685 3802 πικρὰς
1711 3732 1874 3800 ὑφέξ-

280 3835 443 3882 οντας
477 3818 563 3887 τῷ
591 3817 827 3888 κρίνοντι
861 3817 1036 3881 δίκας.
1072 3819 1388 3890 Παραθήγει
1417 3820 1473 3872 δὲ
1509 3824 1624 3874 νυνὶ
1652 3823 1779 3884 τοὺς
1810 3822 1872 3884 ἐξ

290 3908 524 3982 Ἰσραὴλ
555 3910 633 3971 εἰς
655 3909 862 3979 ἄμαχόν
891 3925 1013 3963 τινα
1036 3908 1362 3979 προθυμίαν,
1408 3909 1504 3962 καὶ
1543 3910 1871 3979 δυσάντητον

278 3999 484 4070 ἀλκὴν,
520 3998 612 4050 καὶ
638 3997 702 4067 δὴ
746 3999 1238 4068 συναγηγερμένοις
1276 3997 1638 4068 ὲπιθρώσκειν
1683 3999 1871 4070 ὥσπερ

276 4088 692 4154 διακελεύεται,
729 4089 840 4142 δεῖν
871 4089 928 4142 δὲ
969 4089 1206 4158 πολέμου
1230 4088 1448 4158 δείμασι
1489 4091 1870 4159 κατεπτοημέι-

277 4199 438 4245 νους,
473 4177 602 4231 οὕτε
633 4179 738 4250 μὴν
772 4181 852 4242 εἰς
884 4179 1062 4250 μάχην
1113 4179 1289 4242 ἰόντας
1331 4179 1488 4244 ὅλως,
1537 4181 1870 4250 ἡγουμένους

273 4274 336 4326 δὲ
377 4271 592 4342 μᾶλλον
621 4270 681 4323 τὸ
714 4271 899 4341 χρῆμα
940 4270 1171 4342 τρυφὴν,
1221 4270 1316 4324 καὶ
1359 4271 1420 4322 έν
1465 4271 1701 4342 θυμηδίᾳ
1741 4272 1872 4326 αὐτὸ

276 4362 776 4433 καταγράφοντας,
823 4363 916 4416 καὶ
956 4361 1263 4434 γεγηθότας
1311 4365 1370 4417 έν
1405 4365 1505 4434 ἴσῳ
1535 4367 1647 4427 τοῖς
1679 4365 1776 4428 τὰς
1811 4366 1871 4430 ἐξ

275 4456 558 4526 ἀμπέλων
607 4455 913 4526 εὐκαρπίας
960 4454 1293 4524 συλλέγουσι.
1343 4455 1614 4528 Ταύτῃτοί
1666 4473 1866 4528 φησιν’

283 4567 303 4598 s
327 4547 790 4612 Ἐξαποστείλατε
819 4547 1078 4618 δρέπανα,
1105 4547 1186 4599 ὄτι
1213 4547 1523 4619 παρέστηκε
1544 4549 1812 4619 τρυγητὸς
1847 4567 1865 4599 ι
1902 4575 1951 4634 D

278 4639 366 4707 (τὸ
387 4639 866 4702 ἐξαποστείλατε
885 4637 1074 4705 τιθεὶς,
1106 4638 1227 4691 ἀντὶ
1251 4637 1368 4703 τοῦ,
1398 4639 1759 4709 ἐκπέμψατε),
1779 4642 1873 4693 καὶ

277 4731 596 4794 ὲκτείνατε,
630 4730 879 4802 καθάπερ
905 4731 1097 4800 ἀμέλει
1133 4731 1228 4783 καί¹
1256 4732 1305 4782 oi
1349 4733 1555 4802 τρυγᾷν
1599 4731 1870 4794 εἰωθότες.

277 4822 588 4875 Κείσονται
616 4823 723 4894 γὰρ
754 4823 961 4893 ἕτοιμοι
989 4822 1126 4893 πρὸς
1153 4822 1456 4893 ἀναίρεσιν,
1483 4824 1768 4894 εὐτρεπεῖς
1794 4826 1874 4885 είς

276 4913 636 4980 κατατομήν.
696 4913 1116 4986 Ἀποκειρέσθω,
1163 4913 1350 4984 φησὶν,
1392 4915 1422 4966 ὁ
1465 4914 1743 4985 πολέμιος,
1795 4915 1872 4977 ὡς

275 5002 342 5069 ἐξ
369 5001 625 5071 ἀμπέλου
660 5001 868 5073 βότρυς·
914 5005 1191 5058 πατείσθω
1242 5004 1298 5056 δὲ
1337 5004 1525 5078 ὥσπερ
1568 5009 1626 5059 ὲν
1668 5007 1868 5077 ληνοῖς.

277 5090 542 5160 σωρηδὸν
585 5091 689 5143 ὑπὸ
732 5092 894 5153 πόδας
928 5093 1198 5162 κείμενος.
1239 5111 1257 5144 ι
1307 5095 1702 5166 Είσπορεύεσθε
1735 5097 1865 5165 γὰρ,

276 5183 454 5252 φησὶ,
510 5185 751 5244 πατείτε,
791 5182 924 5236 διότι
970 5185 1186 5255 πλήρης
1232 5187 1264 5255 ἡ
1313 5186 1492 5257 ληνὸς,
1519 5205 1537 5237 ι
1600 5187 1865 5252 τουτέστι,

280 5272 732 5344 συγκεκόμισται
763 5275 897 5344 πρὸς
937 5275 1154 5345 δλεθρον
1203 5276 1309 5331 τῶν
1348 5277 1518 5329 ἐθνῶν
1556 5277 1589 5345 ἡ
1641 5277 1867 5346 πληθὺς,

277 5363 447 5418 οὐδὲν
471 5363 530 5417 τὸ
559 5363 764 5417 κωλύον
780 5363 886 5416 ὑπὸ
915 5365 1079 5428 πόδας
1108 5361 1248 5419 εἶναι
1285 5367 1408 5428 τοὺς
1437 5364 1584 5426 σούς.
1619 5383 1637 5416 ι
1667 5366 1866 5437 ’Υπερ-

275 5454 474 5526 χεϊται
513 5454 580 5507 τὰ
609 5453 896 5525 ὑπολήνια.
925 5474 943 5506 ι
997 5456 1228 5524 Σημεϊον
1280 5457 1336 5509 δὲ
1389 5456 1477 5508 διὰ
1516 5454 1719 5509 τούτων
1756 5453 1870 5512 οἷον

275 5544 608 5615 ἀμφιλαφές
649 5547 758 5598 τῶν
788 5548 867 5610 είς
901 5546 1286 5616 καταπάτησιν
1323 5548 1862 5617 συγκεκομισμένων.

288 5631 394 5687 Ἐν
429 5634 533 5702 γάρ
565 5652 644 5687 τοι
676 5638 794 5698 ταῖς
821 5636 929 5691 τῶν
962 5635 1204 5705 βοτρύων
1233 5635 1536 5702 ἀφθονίαις,
1572 5637 1664 5690 καὶ
1697 5639 1867 5703 αὐτὰς

274 5726 308 5774 ὁ
338 5718 494 5782 οἶνος
533 5723 789 5786 πολλάκις
829 5725 1118 5792 ὑπεραίρει
1161 5723 1258 5785 τὰς
1290 5724 1500 5792 ληνούς.
1548 5727 1619 5778 Τὸ
1665 5728 1866 5797 πλῆθος

273 5813 349 5882 δὴ
377 5806 476 5862 οὖν
496 5812 598 5864 τῶν
621 5813 723 5864 ὑπὸ
748 5813 907 5875 πόδας
936 5812 1198 5881 κειμένων
1221 5811 1384 5881 δηλοῖ,
1410 5813 1602 5881 λέγων,
1627 5834 1642 5866 ι
1668 5817 1862 5888 ’Υπερ-

1977 3368 2032 3415 et
2059 3358 2272 3430 Tyrios,
2307 3359 2560 3417 Getbaaos
2596 3373 2651 3418 et
2700 3365 3013 3430 Philistiim,
3059 3365 3319 3421 Moabitae
3355 3377 3410 3422 et
3432 3362 3553 3421 ldu-

1977 3454 2522 3517 maaos,Ammonitas
2548 3465 2604 3511 et
2647 3455 2964 3526 Gergesaeos
3004 3459 3154 3514 velut
3204 3460 3345 3514 tubae
3387 3460 3539 3516 cian-

1978 3544 2199 3612 goribus
2247 3546 2300 3600 in
2329 3547 2521 3602 vallem
2571 3546 2832 3618 Josaphat
2883 3565 3214 3619 congregare
3242 3553 3447 3621 jussit,
3487 3562 3547 3606 ut

1977 3637 2371 3705 quamprimum
2426 3639 2718 3693 morituros
2780 3639 2943 3710 2&0
2996 3649 3050 3695 et
3111 3643 3336 3696 acerbas
3378 3643 3544 3710 judici

1977 3740 2165 3794 poenas
2195 3728 2584 3795 persoluturos.
2619 3729 2770 3783 Nunc
2799 3731 3071 3785 lsraelitas
3097 3733 3162 3786 ad
3201 3733 3540 3790 alacritatem

1978 3815 2268 3882 quamdam
2325 3815 2796 3886 inexpugnabilem
2858 3819 3222 3890 invictamque
3271 3821 3544 3879 fortitudi-

1979 3918 2100 3958 nem
2129 3906 2448 3971 exsuscitat,
2495 3907 2735 3978 adeoque
2771 3910 2824 3963 in
2889 3921 3243 3981 congregatos
3286 3915 3498 3973 lnsilire
3525 3961 3542 3986 ,

1978 3998 2132 4064 quasi
2157 3999 2331 4066 jubet,
2363 4010 2415 4054 et
2439 4001 2538 4064 ait,
2568 4014 2660 4056 eos
2686 4016 2847 4071 quam
2873 4005 3102 4059 maxime
3147 4008 3415 4065 audentes
3469 4012 3545 4065 vi-

1978 4087 2090 4142 deri
2114 4097 2389 4158 oportere,
2421 4090 2708 4160 virilesqne
2747 4105 2810 4144 ac
2853 4101 3140 4159 strenuos,
3201 4098 3364 4151 etiam
3418 4098 3542 4154 belli

1981 4182 2281 4236 terroribus
2340 4192 2738 4247 consternatos,
2765 4192 2818 4237 et
2846 4199 3080 4254 pugnam
3109 4201 3400 4245 conserere
3432 4191 3543 4245 for-

1977 4273 2288 4337 midantes;
2343 4273 2472 4340 quin
2505 4274 2683 4343 potius
2722 4274 2772 4327 id
2823 4275 3023 4331 habere
3079 4293 3179 4347 pro
3228 4281 3434 4338 deliciis
3491 4293 3545 4338 et

1977 4364 2176 4418 ducere
2203 4363 2466 4432 voluptati
2499 4405 2514 4429 ,
2561 4379 2660 4421 nec
2713 4368 2874 4422 aliter
2915 4369 3150 4437 gaudere
3175 4410 3190 4436 ,
3232 4387 3398 4441 quam
3450 4377 3539 4442 qui

1978 4455 2198 4509 uberem
2247 4455 2578 4510 vindemiam
2619 4456 2846 4514 faciunt.
2891 4459 3160 4530 Proinde,
3219 4483 3238 4516 ‹
3273 4465 3537 4534 Emittite,

1978 4545 2170 4615 inquit,
2197 4546 2378 4613 falces,
2403 4550 2654 4618 quoniam
2685 4551 2836 4606 adest
2864 4553 3150 4608 vindemia.
3167 4575 3185 4607 ι
3208 4555 3543 4621 Ἑξαποστεί-

1977 4635 2105 4690 λατε
2135 4637 2314 4706 posuit
2343 4651 2440 4707 pro
2480 4639 2823 4710 ἐκπέμψατε,
2871 4644 3101 4698 emittite
3143 4657 3196 4700 et
3242 4649 3538 4714 cxtendite,

1975 4727 2233 4782 nimirum
2289 4738 2346 4784 ut
2386 4729 2780 4787 vindemiantes
2813 4747 3228 4791 consueverunt.
3276 4737 3542 4793 Jacebunt

1972 4825 2114 4877 enim
2139 4825 2312 4893 parati
2346 4833 2404 4879 ut
2436 4826 2855 4895 interﬁciantur,
2881 4829 3054 4898 parati
3079 4839 3136 4883 ut
3165 4839 3535 4896 amputentur.

1972 4915 2356 4980 Abscindatur,
2381 4917 2598 4986 inquit,
2649 4919 2840 4984 hostis,
2896 4929 3020 4972 uta
3071 4920 3178 4973 vite
3232 4920 3442 4983 botrus,
3486 4929 3542 4973 et

1974 5006 2200 5071 pedibus
2247 5005 2522 5072 subiectus
2551 5045 2568 5072 ,
2629 5007 2766 5061 sicut
2809 5007 2861 5058 in
2937 5005 3193 5059 torculari
3247 5005 3538 5059 acervatim

1973 5093 2339 5147 conculcetur.
2374 5096 2462 5148 Alt
2483 5095 2626 5149 enim
2654 5134 2669 5159 ,
2718 5094 2746 5146 ἰ
2793 5095 3039 5157 lntroite,
3071 5102 3124 5148 et
3155 5094 3379 5157 calcate,
3411 5093 3536 5162 quia

1972 5184 2189 5254 plenum
2210 5193 2291 5240 est
2327 5186 2583 5251 torcular,
2632 5203 2649 5236 ι
2682 5187 2784 5240 hoc
2821 5194 2943 5248 est,
2995 5191 3331 5252 comportata
3363 5185 3535 5238 estad

1971 5275 2396 5330 internecionem
2441 5277 2728 5332 iuttltitudo
2779 5277 3019 5344 gentium
3053 5317 3068 5340 ,
3126 5275 3260 5328 nihil
3307 5274 3533 5339 obstat,

1971 5365 2264 5434 quominus
2312 5367 2673 5434 subiiciantur
2695 5364 2921 5434 pedibus
2973 5364 3114 5417 luis.—
3159 5382 3176 5414 ι
3210 5363 3535 5420 Redundant

1973 5455 2284 5510 toreularia.
2321 5475 2338 5507 ι
2400 5455 2627 5524 Signum
2685 5453 2986 5520 perlectum
3055 5453 3344 5509 calcandos
3411 5469 3533 5508 esse

1971 5555 2359 5616 comportatos.
2391 5546 2602 5600 Etenim
2652 5546 2705 5599 in
2739 5559 2966 5598 uvarum
2999 5545 3328 5600 abundantia
3368 5545 3532 5599 etiam

1971 5638 2084 5704 ipsa
2136 5635 2424 5690 toreularia
2473 5633 2656 5686 viuum
2690 5647 2832 5700 saepe
2873 5634 3102 5689 excedit.
3149 5633 3533 5702 Frequentiam

1970 5729 2136 5796 igitur
2187 5726 2285 5781 sub
2336 5724 2562 5795 pedibus
2610 5723 2908 5791 jacenlium
2952 5727 3056 5780 hoc
3088 5727 3253 5780 verbo
3313 5725 3535 5777 demowI

1971 5829 2125 5886 strat,
2162 5839 2178 5871 ι
2225 5818 2551 5874 Redundant
2617 5813 2924 5872 toreularia.
2969 5838 2986 5871 ι
3021 5818 3276 5886 Sequitur
3309 5830 3322 5864 :
3368 5828 3386 5860 ι
3423 5807 3520 5855 ειν
