4054 6274
448 389 550 440 399

1437 377 1495 432 S.
1545 373 1817 432 CYlllLLl
1857 373 2324 430 ALEXANDRINI
2365 373 2679 430 ABCllll‘JP.

3604 377 3708 435 180

451 506 596 556 nitus
637 498 804 555 auditi
833 505 957 554 sunt
990 496 1043 550 in
1070 493 1208 548 valle
1233 491 1444 562 iudicii.
1492 512 1510 545 ι
1547 492 1609 546 Et
1650 492 1908 561 quidnam
1946 492 2020 546 is-

2140 496 2297 562 (εἷται
2331 494 2398 547 τὰ
2432 493 2713 564 ὑπολήνια.
2743 512 2759 543 ι
2819 511 2836 543 ι
2861 488 3024 561 Ἶιχοι
3065 491 3338 562 ἐξήχησαν
3387 493 3443 544 ἐν
3485 495 3552 563 τῇ
3591 511 3710 547 κε-ι-

451 594 547 648 tud
575 591 700 648 est?
728 589 922 646 Solem
962 585 1132 641 sancti
1165 585 1439 654 propheta:
1471 593 1728 638 eventura
1773 597 2024 652 prtenun-

453 686 631 747 tiare,
683 689 737 735 et
787 693 1174 746 nonnunquam
1237 692 1416 732 rerum
1478 677 1715 744 ipsarmn
1768 675 2026 744 imagines

451 774 634 828 animo
668 770 978 840 concipere,
1012 779 1072 824 ut
1093 769 1206 836 jam
1244 777 1356 823 tum
1391 777 1446 821 et
1474 767 1660 820 videre
1691 766 1791 820 sibi
1820 765 2022 831 futura,

449 873 505 920 et
543 877 702 919 voces
732 861 880 932 ipsas
904 861 1094 915 audire
1121 861 1425 914 videantur.
1465 857 1530 911 Et
1565 856 1689 926 quia
1717 869 1909 909 omnes
1955 855 2024 908 ad

451 969 613 1009 unum
645 952 957 1023 perditurus
996 961 1115 1005 erat
1146 962 1468 1018 progressus
1512 948 1577 1000 ad
1622 945 2025 1000 dimicationem

450 1045 970 1106 Nabuchodonosor,
993 1043 1058 1096 ad
1083 1041 1256 1110 ipsum
1277 1039 1477 1095 fmdum
1502 1037 1624 1092 belli
1655 1035 2023 1106 spectaculum

402 1203 408 1211 ,
453 1139 631 1192 animo
677 1145 731 1192 et
782 1135 1104 1206 cogitatione
1153 1132 1413 1202 abreptus
1491 1140 1576 1184 est
1623 1127 1888 1183 Jeremias
1920 1144 1934 1192 ;
1967 1135 2026 1180 ot

454 1239 663 1283 tantum
694 1242 799 1281 non
843 1225 973 1296 ipsis
1027 1223 1196 1278 oculis
1242 1221 1666 1276 innumerabiles
1718 1220 2024 1274 occisorum

453 1326 699 1371 catervas
733 1311 1148 1382 contemplatus,
1176 1310 1354 1366 aiebat
1387 1326 1400 1362 ε
1444 1326 1462 1358 ι
1514 1308 1624 1360 ileu
1671 1307 1800 1360 mihi
1835 1346 1849 1370 ,
1893 1307 2020 1374 quia

454 1408 636 1463 deﬁcit
664 1407 842 1460 anima
875 1419 992 1458 mea
1019 1413 1240 1472 propter
1281 1400 1596 1456 interfectos
1655 1401 1702 1432 ⁸⁸
1735 1401 1747 1453 !
1787 1419 1805 1452 ι
1840 1397 2027 1453 Simile

453 1500 732 1568 quiddam,
762 1507 819 1551 ut
844 1506 994 1567 puto,
1042 1510 1163 1550 cum
1193 1506 1247 1550 et
1280 1492 1414 1549 Joeli
1466 1493 1753 1548 accidisset
1785 1501 1837 1546 et
1887 1489 2027 1544 forte

457 1588 742 1642 tumultum
780 1588 1028 1643 bellicum
1074 1586 1294 1640 auribus
1322 1584 1645 1652 accepisset,
1682 1582 1800 1635 ideo
1832 1581 1972 1634 dixit
2009 1593 2023 1630 :

461 1700 480 1732 ι
515 1681 744 1734 Sonitus
774 1680 1098 1734 auditi-sunt
1137 1677 1191 1731 in
1234 1676 1372 1730 valle
1410 1674 1618 1745 judicii.
1665 1692 1682 1724 ι
1730 1673 1797 1726 Et
1832 1671 2027 1727 vallem

457 1774 672 1843 quidem
713 1771 901 1842 iudicii
957 1771 1188 1842 appellat
1241 1767 1555 1824 certaminis
1619 1767 1814 1829 locum,
1874 1767 2027 1835 quasi

459 1881 568 1919 non
625 1865 786 1919 aliam
835 1865 904 1918 ob
945 1847 1182 1918 causam
1225 1862 1474 1932 gentibus
1522 1874 1588 1913 eo
1638 1860 1978 1930 congregatis
2009 1900 2024 1927 ,

460 1972 624 2025 qnam
662 1964 717 2012 ut
744 1958 981 2026 graviter
1016 1953 1354 2024 punirentur.
1393 1969 1412 2004 ι
1456 1952 1678 2006 Sonitus
1712 1962 1892 2004 autem
1928 1965 2027 2002 au-

460 2053 621 2115 ditos,
658 2069 677 2102 ι
713 2060 804 2103 aut
841 2048 1208 2118 oppeteutium
1239 2046 1470 2117 gemitus
1495 2084 1510 2109 ,
1564 2052 1659 2098 aut
1695 2043 2026 2098 vincentium

457 2142 733 2197 lmtisonas
762 2155 922 2197 voces
951 2142 1053 2197 hoc
1081 2141 1201 2194 loco
1234 2138 1494 2193 nominat.
1534 2136 1646 2192 ltlos
1680 2136 1824 2190 enim
1865 2144 1948 2189 est
1976 2135 2030 2188 in

459 2235 578 2289 acie
606 2235 925 2290 cadentibus
965 2233 1195 2305 gemitus
1219 2231 1448 2287 fundere
1476 2273 1490 2296 ,
1543 2241 1597 2285 et
1628 2229 1827 2298 potitos
1856 2227 2031 2281 victo-

459 2325 566 2389 ria,
594 2324 903 2393 iacentibus
943 2322 1385 2393 (necimmerito)
1423 2320 1701 2391 gloriando
1748 2317 2030 2372 insultare.

463 2415 646 2470 Solem
681 2428 844 2483 porro
870 2423 923 2468 et
961 2413 1142 2468 lunam
1176 2411 1586 2468 obtenebratum
1614 2409 1679 2462 iri
1717 2409 1813 2473 ait,
1862 2408 2036 2475 ipsas-

463 2520 568 2575 que
605 2504 790 2560 stellas
815 2506 1016 2559 lumine
1052 2505 1361 2566 carituras;
1396 2516 1500 2556 non
1531 2500 1676 2570 quod
1730 2500 1830 2553 hoc
1860 2497 2034 2566 ipsum

469 2609 598 2650 tunc
638 2610 858 2663 passura
887 2595 996 2650 sint
1032 2595 1296 2650 elementa
1327 2593 1437 2648 ullo
1489 2591 1668 2654 modo,
1725 2589 1817 2643 sed
1855 2586 2036 2656 praelio

474 2687 632 2760 241
675 2689 826 2755 quasi
862 2685 1114 2742 tenebras
1150 2684 1478 2751 oli‘undente,
1513 2693 1567 2737 et
1618 2692 1874 2750 tanquam
1905 2677 2037 2732 cali-

464 2781 643 2850 ginem
705 2795 894 2835 eorum
952 2779 1044 2848 qui
1083 2779 1371 2833 vincuntur
1431 2775 1606 2832 oculis
1661 2779 2035 2845 prastexente;

467 2885 684 2939 semper
745 2871 889 2924 enim
931 2879 1107 2923 terror
1153 2867 1350 2921 mortis
1391 2867 1647 2920 tenebras
1703 2863 1936 2930 ingerit,
1985 2867 2039 2911 et

465 2963 775 3033 improvisae
809 2961 1137 3016 ealamitatis
1169 2956 1479 3026 magnitudo
1512 2963 1747 3008 mentem
1797 2953 2037 3012 hebetat,

465 3052 798 3125 perindeque
832 3060 890 3103 ut
938 3048 1104 3103 solem
1153 3045 1521 3100 immensitate
1574 3041 2037 3113 perturbationum

2127 587 2245 640 λάδι
2275 587 2373 655 τῆς
2399 586 2574 656 δίκης.
2606 604 2624 637 ι
2680 584 2788 637 Kal
2819 583 2870 636 τί
2892 583 2956 654 δὴ
2989 583 3148 636 τοῦτό
3174 586 3356 647 ἐστιν;
3393 584 3555 648 Ἔθος
3598 590 3711 647 τοῖς

2125 678 2301 746 ἁγίοις
2322 679 2630 748 προφήταις
2655 676 2723 729 τὰ
2745 677 2976 746 ἐσόμενα
3007 676 3424 746 προαπαγγέλλε
3435 693 3500 741 ιν,
3532 677 3628 730 καὶ
3653 678 3712 731 ἐν

2126 770 2316 832 αὑταῖς
2351 767 2462 821 ἐσθ’
2491 769 2580 822 ὅτε
2613 767 2858 836 γίνεσθαι
2902 770 3020 830 ταῖς
3063 766 3174 819 τῶν
3211 767 3463 838 πράξεων
3502 785 3712 836 φαντα-

2129 859 2293 924 σίαις,
2324 859 2465 912 ὥστε
2510 858 2605 910 καὶ
2657 859 2789 928 ὁρᾷν
2841 857 2943 928 ήδη
2982 857 3158 910 δοκεῖν
3203 857 3272 910 τὰ
3323 857 3575 928 δρώμενα
3614 860 3712 912 καὶ

2127 950 2429 1023 ἀκροᾶσθαι
2461 950 2676 1019 φωνῶν.
2725 951 2834 1002 Καὶ
2880 950 2962 1002 ὅτι
2993 949 3201 1011 πάντας
3240 948 3410 1020 ἄρδην
3455 949 3712 1002 ἀπολέσει

2127 1043 2485 1114 κεκινημένος
2513 1043 2594 1104 είς
2632 1041 2814 1112 μάχην
2862 1043 2891 1094 ὁ
2940 1041 3436 1112 Ναϐουχοδονόσορ,
3489 1042 3587 1094 καὶ
3631 1042 3716 1106 είς

2128 1137 2294 1208 αὑτήν
2342 1135 2438 1188 τοῦ
2497 1135 2736 1204 πολέμου
2798 1133 2894 1204 τὴν
2950 1133 3172 1203 ἀπρεπῆ
3225 1131 3356 1186 θέαν
3415 1130 3715 1204 εἱρπάζετο

2132 1227 2412 1300 μονονουχὶ
2443 1227 2536 1280 καὶ
2555 1225 2764 1297 πληθὺν
2787 1225 3095 1296 ἀμέτρητον
3122 1224 3448 1293 τεθεαμένος
3479 1224 3710 1295 νεκρῶν,

2129 1322 2386 1390 ἔφασκεν,
2425 1339 2442 1368 ι
2467 1318 2624 1388 Οἶμοι
2649 1317 2780 1385 ἐγὼ,
2821 1319 2904 1370 ὅτι
2945 1317 3182 1369 ἐκλείπει
3223 1319 3256 1386 ἡ
3301 1316 3446 1388 ψυχή
3486 1334 3588 1386 μου
3625 1318 3717 1369 ἐπὶ

2127 1414 2240 1474 τοῖς
2273 1410 2659 1483 ἀνῃρημένοις.
2694 1428 2712 1460 ι
2766 1406 3018 1460 Τοιοῦτόν
3061 1425 3133 1473 τι,
3184 1407 3436 1478 καθάπερ
3478 1400 3712 1477 ἐγῷμαι,

2129 1503 2226 1557 καὶ
2269 1501 2422 1573 Ἰωὴλ
2460 1500 2766 1565 πεπονθὼς,
2798 1500 2937 1569 τάχα
2992 1516 3094 1552 που
3129 1499 3221 1552 τὸν
3267 1501 3325 1553 ἐν
3381 1498 3458 1569 τῷ
3495 1499 3715 1570 πολέμῳ

2135 1594 2364 1666 θόρυϐον
2411 1595 2490 1656 εἰς
2515 1590 2608 1655 οὖς
2643 1591 2876 1661 ἐδέχετο,
2899 1593 3151 1662 ταύτῃτοί
3177 1609 3365 1660 φησιν,
3399 1611 3417 1644 ι
3440 1587 3611 1662 Ἷῖχοι
3633 1592 3716 1656 ἐξ·

2131 1687 2346 1756 ήχησαν
2375 1685 2433 1736 ἐν
2461 1686 2527 1754 τῇ
2557 1683 2762 1736 κοιλάδι
2793 1684 2892 1753 τῆς
2930 1685 3102 1752 δίκης.
3145 1703 3162 1734 ι
3197 1685 3304 1737 Καὶ
3357 1684 3580 1738 κοιλάδα
3623 1686 3712 1755 μὲν

2129 1776 2284 1847 δίκης
2321 1774 2574 1844 ὀνομάζει
2614 1772 2707 1826 τοῦ
2750 1773 2985 1843 πολέμου
3021 1775 3112 1826 τὸν
3139 1773 3340 1844 χῶρον,
3383 1775 3460 1838 ὡς
3501 1776 3608 1828 οὑκ
3633 1777 3706 1842 ἐφ’

2130 1869 2301 1940 ἐτὲρῳ
2329 1865 2435 1920 τινὶ
2461 1865 2568 1918 τῶν
2596 1863 2765 1917 ἐθνῶν
2796 1864 2880 1917 ἐπ’
2926 1864 3076 1934 αύτῷ
3125 1865 3503 1934 συνηγμένων,
3537 1865 3572 1935 ἢ
3613 1866 3706 1918 ’ἵνα

2131 1959 2336 2031 πικρὰς
2362 1960 2616 2013 ἐκτίσωσι
2640 1957 2814 2019 δίκας.
2868 1973 2886 2006 ι
2931 1955 3289 2026 Ἐξηχοῦντας
3317 1957 3374 2010 δέ
3397 1959 3584 2028 ἤχους,
3614 1976 3633 2008 ι
3681 1958 3714 2027 ἦ

2133 2051 2230 2114 τὰς
2254 2051 2364 2104 τῶν
2401 2050 2709 2104 πιπτόντων
2739 2047 3001 2116 ὀλολυγὰς
3035 2046 3220 2101 ἐνθάδε
3255 2048 3449 2118 φησὶν,
3500 2048 3534 2119 ἢ
3588 2048 3714 2112 τοὺς

2133 2143 2241 2200 τῶν
2273 2141 2546 2196 νικώντων
2588 2140 2956 2210 ἀλαλαγμούς.
2994 2140 3287 2210 Συμὸαίνει
3319 2141 3426 2211 γὰρ
3457 2142 3515 2194 ἐν
3555 2140 3714 2193 πολέ-

2137 2252 2260 2304 μοις
2299 2233 2651 2287 καταστένειν
2695 2231 2792 2302 μέν
2820 2232 2944 2292 τοὺς
2966 2236 3289 2294 πίπτοντας,
3311 2230 3714 2298 ἐπαγάλλεσοαι

2135 2326 2193 2379 δὲ
2235 2327 2347 2387 τοῖς
2383 2325 2657 2394 κειμένοις
2697 2323 2826 2384 τοὺς
2876 2322 3307 2392 κεκρατηκότας,
3347 2322 3437 2374 καὶ
3465 2317 3524 2374 εὖ
3561 2321 3711 2389 μάλα

2136 2416 2557 2486 ἐπικαυχᾶσθαι.
2583 2415 2771 2467 ’Ἥλιον
2788 2415 2866 2476 δέ,
2886 2414 2980 2466 καὶ
3011 2413 3239 2484 σελήνην
3263 2411 3711 2484 σκοτισθήσεσθαὶ

2137 2527 2292 2579 φησι,
2323 2510 2417 2561 καὶ
2454 2507 2653 2569 αὐτοὺς
2685 2507 2740 2559 δὲ
2768 2507 3029 2575 ἀφεγγεῖς
3060 2505 3276 2558 ἔσεσθαι
3299 2507 3422 2566 τοὺς
3455 2502 3713 2572 ἀστέρας,

2136 2602 2232 2655 καὶ
2264 2600 2385 2670 οὐχὶ
2417 2598 2480 2669 δὴ
2512 2597 2729 2661 πάντως
2767 2599 2844 2662 ὡς
2879 2596 3040 2650 τοῦτο
3076 2596 3210 2650 αὐτὸ
3235 2595 3576 2665 πεισομένων
3609 2595 3717 2646 τῶν

2139 2691 2418 2761 στοιχείων
2455 2688 2797 2759 τοτηνικάδε,
2846 2688 2960 2742 ἀλλ’
3007 2689 3082 2750 ὼς
3130 2687 3320 2750 σκότος
3365 2684 3719 2756 ἐμποιοῦντος

2135 2783 2230 2838 τοῦ
2265 2782 2526 2850 πολέμου,
2577 2780 2671 2834 καὶ
2716 2777 2824 2833 οἷον
2856 2778 3025 2850 ἀχλὺν
3055 2781 3173 2842 ταῖς
3224 2779 3332 2832 τῶν
3389 2775 3720 2848 ἡττωμένων

2139 2876 2371 2936 ἐνιέντος
2407 2872 2583 2943 ὕψεσι.
2615 2872 2814 2935 Σκότος
2842 2872 2952 2943 γὰρ
2973 2873 3060 2925 ἀεὶ
3074 2871 3166 2924 τοῦ
3191 2870 3422 2924 θανάτου
3452 2869 3513 2922 τὸ
3539 2869 3720 2938 δεῖμα,

2139 2966 2233 3022 κα)⁸
2260 2964 2602 3034 ἀπαμϐλύνει
2648 2964 2739 3018 τὸν
2777 2962 2902 3018 νοῦν
2951 2965 3233 3034 συμφορᾶς
3267 2963 3535 3033 ἀδοκήτου
3565 2960 3725 3031 μέγε-

2139 3058 2252 3123 θος,
2280 3057 2378 3110 καὶ
2410 3055 2599 3126 ῶσπερ
2626 3055 2777 3126 ήλιον
2809 3055 3200 3126 καταμελαίνει
3229 3055 3327 3126 τήν
3355 3053 3589 3124 καρδίαν
3613 3055 3722 3115 τοῖς

467 3142 808 3200 obscuritate
836 3138 1028 3194 inlicit.
1078 3136 1356 3192 Clamasse
1402 3145 1580 3189 autem
1618 3134 1905 3188 Dominum
1951 3132 2034 3188 di-

2143 3149 2281 3218 ὑπέρ
2305 3147 2500 3219 μέτρον
2527 3147 2635 3200 τῶν
2669 3145 2878 3202 παθῶν.
2927 3145 3309 3216 Κεκράξεσθαι
3357 3145 3414 3198 δέ
3447 3162 3584 3216 φησι
3633 3144 3725 3200 τὸν

468 3237 564 3300 cit,
597 3244 655 3287 ut
689 3239 1008 3302 pmsentem
1043 3267 1060 3294 ,
1095 3237 1151 3283 et
1199 3243 1304 3282 una
1341 3226 1663 3282 militantem
1704 3263 1719 3290 ,
1769 3235 1931 3294 atque
1980 3223 2034 3278 in

471 3340 680 3380 morem
720 3322 872 3378 ducis
924 3320 1200 3375 lsraelitas
1250 3319 1302 3372 in
1368 3319 1710 3374 adversarios
1758 3318 2034 3372 incitasse.

478 3415 536 3470 ιιι
591 3413 781 3484 primis
831 3426 958 3466 vero
1005 3410 1059 3465 in
1108 3410 1506 3466 resurrectione
1547 3407 1766 3465 humani
1823 3407 2038 3478 generis

468 3505 746 3559 Christum
806 3501 952 3557 velut
998 3515 1067 3556 ex
1102 3498 1231 3555 Sion
1280 3499 1636 3553 clamaturum
1687 3499 1868 3552 dicere
1909 3512 2039 3551 cun-

468 3594 638 3652 venit.
686 3593 866 3660 Nam,
901 3599 959 3647 ut
1002 3590 1209 3646 Paulus
1254 3591 1334 3644 ait
1386 3607 1400 3644 :
1444 3607 1463 3641 ι
1518 3587 1636 3660 lpse
1677 3587 1938 3643 Dominus
1987 3588 2038 3642 in

469 3689 650 3759 jussu,
677 3694 734 3742 et
767 3685 821 3739 in
872 3697 1004 3740 voce
1053 3681 1390 3751 archangeli,
1442 3690 1497 3736 et
1544 3681 1596 3736 in
1639 3681 1762 3735 tuba
1817 3680 1906 3736 Dei
1945 3679 2040 3734 de-

475 3780 700 3837 scendet
731 3778 798 3834 de
819 3776 979 3844 cutio,
1009 3785 1063 3832 et
1092 3775 1291 3830 mortui
1349 3774 1443 3843 qui
1494 3773 1550 3828 in
1602 3772 1820 3828 Christo
1873 3784 2038 3836 sunt,

473 3879 759 3938 resurgent
813 3869 1129 3939 incorrupti.
1164 3867 1231 3924 "°.
1298 3884 1317 3918 ι
1364 3865 1478 3920 Hoc
1543 3874 1605 3920 et
1678 3865 1763 3921 lex
1844 3863 2044 3934 Moysis

475 3960 838 4016 adumbravit.
873 3959 1043 4015 iussit
1069 3961 1216 4014 enim
1243 3959 1296 4012 in
1334 3957 1617 4012 neomenia
1668 3957 1794 4011 tuba
1839 3971 2042 4011 canere

471 4052 836 4108 lsraelitas".
913 4050 979 4105 Et
1050 4049 1334 4106 neomenia
1384 4048 1602 4118 quidem
1658 4047 1826 4117 ﬁgura
1875 4045 2042 4100 futuri

473 4162 540 4202 ac
587 4146 711 4201 novi
757 4143 938 4200 saeculi
996 4143 1280 4198 evidenter
1348 4149 1529 4210 potest
1580 4138 1827 4208 intelligi.
1891 4137 2042 4192 Tuba

472 4248 658 4291 autem
725 4237 879 4293 vocis
929 4234 1273 4305 penetrantis
1303 4232 1485 4288 omnia
1517 4269 1536 4297 ,
1582 4229 1918 4301 archangeli,
1963 4229 2044 4284 in-

475 4345 658 4398 quam,
683 4344 842 4399 quem
877 4327 1019 4382 Deus
1066 4327 1242 4380 mittet
1296 4340 1419 4380 cum
1475 4325 1626 4389 tuba,
1675 4339 1795 4393 qua:
1837 4322 2043 4394 ingenti

471 4419 685 4473 sonitus
709 4416 961 4473 claritate
1024 4414 1429 4468 universitatem
1487 4422 1820 4469 mortuorum
1869 4413 1921 4466 in
1967 4412 2046 4468 vi-

476 4521 586 4564 tant
619 4507 912 4562 revocabit.
952 4504 1216 4559 Prazterea
1249 4506 1364 4573 ipse
1416 4503 1676 4557 Dominus
1723 4503 2034 4557 miraculum

2152 4503 2458 4572 κειμένους,
2515 4502 2750 4566 ἐξαίσιόν
2801 4521 2852 4556 τι

475 4601 544 4655 in~
592 4598 859 4652 Lazarum
912 4594 1079 4649 edens
1105 4635 1121 4659 ,
1153 4594 1230 4647 ad
1282 4601 1691 4647 monumentum
1725 4593 1909 4656 venit,
1951 4601 2043 4657 et,

474 4698 536 4746 ut
566 4696 753 4743 narrat
775 4685 1129 4755 evangelista,
1156 4699 1285 4738 voce
1322 4698 1515 4754 magna
1545 4683 1800 4737 clamavit
1830 4701 1844 4738 :
1881 4703 1899 4735 ι
1947 4683 2046 4738 La-

479 4797 636 4847 zare,
670 4779 794 4836 veni
825 4779 971 4834 foras
1005 4780 1068 4832 ⁷⁸.
1118 4796 1137 4830 ι
1175 4779 1494 4846 Quanquam
1522 4777 1632 4846 ipse
1675 4792 1774 4846 per
1805 4777 2048 4848 prophe-

479 4885 587 4927 tam
633 4872 818 4930 dicat:
875 4889 894 4923 ι
923 4868 1048 4924 .Non
1088 4869 1398 4932 contendet,
1447 4883 1547 4924 nec
1600 4868 1890 4935 clamabit,
1949 4885 2048 4924 nec

479 4965 734 5021 audietur
774 4961 909 5018 foris
955 4976 1056 5014 vox
1105 4961 1222 5029 ejus
1252 4959 1320 5014 ⁷³.
1367 4979 1386 5011 ι
1423 4959 1650 5028 Signum
1695 4961 1857 5030 igitur
1884 4974 2048 5029 pene-

478 5057 690 5114 trabilis
713 5057 876 5123 tubae,
925 5065 980 5112 et
1027 5055 1239 5109 sonitus
1271 5053 1389 5122 ejus
1432 5067 1603 5122 usque
1657 5053 1724 5107 ad
1772 5063 2048 5108 extremos

483 5159 750 5204 terrarum
784 5145 924 5203 lines
948 5185 967 5215 ,
1025 5144 1242 5212 inquam
1265 5181 1282 5208 ,
1329 5153 1385 5199 et
1438 5144 1504 5198 de
1534 5143 1700 5207 caelo,
1763 5152 1868 5207 est,
1903 5144 2046 5213 quod

479 5238 731 5294 Salvator
771 5239 880 5294 alta
903 5250 1037 5296 voce
1060 5234 1333 5292 Lazarum
1372 5233 1440 5288 ab
1479 5221 1672 5290 inferis
1693 5235 1971 5289 excitavit.

555 5496 718 5552 Vsus.
766 5500 852 5552 l7.
885 5501 948 5554 At
985 5500 1240 5555 Dominus
1265 5509 1443 5569 parcet
1472 5499 1663 5568 populo
1693 5515 1810 5563 tuo,
1841 5510 1886 5554 et
1923 5516 2049 5553 con-

481 5589 698 5660 fortabit
750 5590 885 5656 ﬁlios
918 5590 1110 5655 Israel,
1163 5602 1212 5647 et
1245 5592 1441 5657 scietis,
1479 5593 1605 5662 quia
1646 5607 1740 5662 ego
1792 5591 2044 5646 Dominus

2144 3239 2370 3310 Κύριον,
2402 3237 2479 3301 ὠς
2506 3236 2818 3290 συνόντα-τε
2868 3237 2963 3291 καὶ
2994 3237 3415 3301 συνασπίζοντα,
3446 3236 3539 3290 καὶ
3563 3252 3721 3305 στρα-

2144 3328 2314 3399 τηγοῦ
2380 3327 2535 3396 δίκην
2585 3329 2697 3391 τοῖς
2737 3327 2998 3390 ἐναντίοις
3055 3327 3420 3398 ἐποτρύνοντα
3479 3327 3601 3388 τοὺς
3656 3325 3717 3390 ἐξ

2158 3419 2393 3491 Ἰσραήλ.
2442 3418 2648 3486 Πρέποι
2689 3418 2734 3470 δ’
2763 3417 2829 3471 ἂν
2865 3418 3096 3489 μάλιστα
3128 3417 3206 3487 τῷ
3246 3419 3343 3489 τῆς
3372 3416 3712 3477 ἀναστάσεως

2148 3509 2322 3580 καιρῷ
2347 3510 2407 3562 τὸ
2435 3510 2600 3579 φάναι
2618 3509 2709 3562 τὸν
2739 3509 2961 3578 Κύριον,
2985 3508 3064 3571 ὼς
3092 3508 3157 3560 ἐκ
3187 3507 3327 3562 Σιὼν
3350 3507 3719 3578 ἀνακεκράξε-

2146 3615 2258 3655 ται.
2291 3598 2414 3652 Ὅτι
2443 3596 2622 3662 καθώς
2652 3613 2784 3667 φησι
2830 3596 3064 3660 Παῦλος,
3113 3614 3133 3647 ι
3155 3595 3329 3659 Αὐτὸς
3360 3597 3388 3650 ὀ
3433 3596 3639 3667 Κύριος
3669 3597 3726 3650 ἐν

2148 3685 2498 3757 κελεύσματι,
2523 3688 2616 3740 καὶ
2636 3689 2693 3740 ἐν
2716 3688 2864 3757 φωνῇ
2891 3686 3251 3757 ἀρχαγγέλου,
3275 3686 3368 3739 καὶ
3386 3686 3444 3739 ἐν
3467 3686 3728 3754 σάλπιγγι

2149 3777 2284 3831 Θεοῦ
2331 3777 2698 3848 καταϐήσεται
2746 3781 2840 3833 ἀπ’
2884 3778 3140 3851 ούρανοῦ,
3198 3777 3292 3830 καὶ
3337 3778 3387 3830 ol
3433 3778 3626 3847 νεκροὶ
3674 3778 3728 3831 ἐν

2149 3865 2369 3938 Χριστῷ
2395 3867 2779 3938 ἐγερθήσονται
2809 3868 3098 3940 ἄφθαρτοι.
3125 3886 3144 3918 ι
3186 3867 3358 3920 Τοῦτο
3403 3868 3501 3921 καὶ
3533 3870 3564 3921 ὁ
3595 3869 3726 3922 Mm-

2152 3956 2289 4020 σέως
2321 3957 2481 4026 νόμος
2512 3957 2906 4028 προανετύπου.
2950 3959 3198 4012 Ἐκέλευε
3223 3957 3332 4030 γὰρ
3372 3960 3431 4011 ἐν
3466 3959 3730 4030 νεομηνία

2151 4046 2433 4111 σαλπίζειν
2465 4047 2591 4112 τοὺς
2622 4049 2682 4112 ἐξ
2719 4050 2956 4120 Ἰσραήλ.
3003 4049 3113 4102 Kal
3146 4050 3408 4120 νεομηνία
3435 4050 3540 4119 μὲν
3565 4051 3730 4112 τύπος

2151 4138 2218 4192 ἂν
2245 4142 2436 4204 νοοῖτο,
2488 4141 2582 4194 καὶ
2614 4140 2760 4210 μάλα
2803 4141 3000 4212 σαφὴς,
3049 4139 3246 4202 αἰῶνος
3276 4139 3371 4194 τοῦ
3415 4141 3725 4211 μέλλοντος,

2151 4232 2246 4285 καὶ
2283 4231 2403 4284 νέου
2435 4233 2578 4286 κατά
2611 4232 2700 4285 τὸν
2731 4233 2966 4302 πρῶτον.
3012 4232 3076 4285 Ἦ
3123 4233 3179 4286 δέ
3221 4248 3285 4301 γε
3333 4232 3592 4299 σάλπιγξ,
3633 4231 3731 4302 τῆς

2149 4322 2474 4393 διαπρυσίας
2519 4322 2702 4392 φωνῆς
2741 4323 2841 4393 τῆς
2887 4322 2982 4376 τοῦ
3028 4324 3394 4394 ἀρχαγγέλου,
3440 4323 3536 4392 τῆς
3575 4323 3727 4390 παρά
3803 4341 3808 4344 ·

2151 4413 2287 4466 Θεοῦ
2339 4413 2659 4481 σάλπιγγος,
2701 4412 2735 4482 ἢ
2783 4413 2988 4475 πάντας
3034 4416 3214 4485 ἐγερεῖ
3263 4414 3389 4477 τοὺς
3427 4414 3482 4465 ἐν
3529 4413 3597 4482 τῇ
3649 4413 3721 4481 γῇ

2961 4504 3056 4558 καὶ
3128 4503 3434 4575 φωνητικὸν
3497 4501 3723 4573 ἠχοῦσα.

2163 4595 2356 4649 Ίστέον
2404 4594 2457 4646 δέ
2496 4594 2578 4646 ὅτι
2620 4593 2711 4646 καὶ
2745 4595 2908 4659 αὐτὸς
2951 4597 2977 4648 ὁ
3019 4595 3222 4664 Κύριος
3257 4595 3316 4649 τὸ
3363 4595 3456 4648 ἐπὶ
3495 4595 3730 4665 Λαζάρῳ

2151 4685 2338 4757 θαῦμα
2371 4685 2616 4756 πληρῶν,
2663 4687 2892 4754 ἀφίκετο
2954 4686 3056 4757 μὲν
3110 4690 3188 4752 εἰς
3225 4689 3285 4740 τὸ
3327 4690 3612 4756 μνημεῖον,
3657 4685 3730 4747 ὡς

2147 4777 2210 4832 δέ
2245 4795 2408 4848 φησιν
2466 4778 2494 4830 ὁ
2545 4778 2957 4849 εύαγγελιστὴς,
3006 4781 3156 4849 φωνῇ
3205 4779 3419 4851 μεγάλῃ
3464 4778 3730 4846 ἐφώνησε,

2155 4885 2176 4921 ι
2201 4869 2442 4938 Λάζαρε,
2473 4868 2633 4938 δεῦρο
2678 4869 2801 4934 ἐξω,
2837 4887 2855 4919 ι
2923 4868 3098 4923 καίτοι
3143 4869 3393 4937 λέγοντος
3429 4869 3598 4922 αὐτοῦ
3647 4867 3739 4921 διὰ

2150 4957 2244 5013 τοῦ
2287 4960 2590 5030 προφήτου,
2641 4979 2658 5010 ι
2686 4961 2798 5014 Οὐκ
2833 4961 3026 5033 ἐρίσει,
3079 4961 3200 5015 οὺδέ
3239 4962 3563 5032 κραυγάσει,
3613 4960 3736 5013 οὐδὲ

2146 5051 2545 5120 ἀκουσθήσεται
2573 5049 2676 5114 ἔξω
2704 5052 2736 5120 ἡ
2768 5050 2919 5122 φωνὴ
2953 5050 3140 5104 αὐτοῦ.
3169 5069 3189 5103 ι
3230 5051 3463 5121 Σημείον
3503 5046 3598 5103 οὖν
3628 5049 3741 5120 ἄρα.

2146 5141 2246 5210 τῆς
2272 5139 2598 5211 διαπρυσίας
2629 5141 2947 5210 σάλπιγγος,
2993 5142 3090 5196 καὶ
3116 5145 3215 5213 τῆς
3247 5142 3342 5194 ἀπ’
3381 5140 3554 5211 αὐτῆς
3593 5139 3743 5210 ήχῆς

2148 5231 2251 5302 τῆς
2303 5233 2390 5286 ἐπ’
2430 5232 2704 5302 ἐσχάτοις,
2748 5234 2910 5304 φημὶ,
2962 5233 3057 5287 καὶ
3093 5233 3154 5298 ἐξ
3190 5230 3423 5304 ούρανοῦ
3466 5231 3529 5284 τὸ
3566 5230 3747 5302 μεγά-

2151 5321 2217 5392 λῃ
2246 5322 2334 5376 τὸν
2367 5323 2598 5395 Σωτῆρα
2646 5324 2954 5394 χρήσασθαι
3011 5327 3185 5396 φωνῇ,
3238 5322 3589 5378 διανιστάντα
3641 5319 3747 5376 τὸν

2148 5413 2416 5484 Λάζαρον.

2231 5505 2294 5558 '0
2338 5505 2406 5558 δὲ
2449 5507 2666 5575 Κύριος
2708 5507 2978 5576 φείσεται
3019 5507 3126 5561 τοῦ
3171 5507 3327 5561 λαοῦ
3372 5504 3595 5572 αὐτοῦ,
3628 5500 3745 5553 καὶ

2154 5595 2465 5666 ὲνισχύσει
2489 5598 2618 5669 τοῖς
2647 5599 2800 5665 υἱοῖς
2833 5598 3099 5667 Ἰσραήλ.
3139 5599 3252 5653 Kal
3276 5598 3609 5668 γνώσεσθε,
3645 5596 3750 5651 ὅτι

553 5771 596 5803 ⁸⁸
623 5766 823 5824 Jerem.
859 5783 933 5836 tv,
971 5766 1059 5820 3|.
1134 5768 1236 5837 τ’]
1263 5767 1453 5824 Thess.
1495 5784 1568 5832 tv,
1601 5769 1684 5823 l5.
1765 5771 1806 5802 ⁷⁸
1846 5769 1982 5825 Psal.
2019 5785 2034 5824 ι

2140 5785 2179 5835 ι,
2229 5771 2281 5826 4.
2355 5769 2396 5804 ῖ²
2423 5771 2578 5830 Joan.
2619 5791 2693 5844 χι,
2729 5777 2816 5830 45.
2899 5777 2942 5808 ⁷³
2972 5777 3074 5832 lsa.
3112 5789 3239 5839 χιιι,
3274 5770 3326 5824 2.
