4054 6274
1593 286 1654 306 μιν·

352 402 449 461 θοι

1224 402 1776 462 COMMENTARIUS
1814 402 1880 458 IN
1918 399 2186 460 JOELEM
2225 394 2665 459 PROPHETMI.

3477 390 3581 447 402

354 515 467 585 ἐγὼ
491 515 696 583 Κύριος
734 516 770 569 δ
815 516 960 583 Θεὸς
986 515 1152 587 ὑμῶν
1168 555 1185 582 ,
1218 519 1616 589 κατασκηνῶν
1653 520 1724 575 ἐν
1759 519 1913 576 Σιιῖη

2020 518 2159 575 Deus
2185 527 2374 583 vester,
2405 517 2652 572 habitans
2690 516 2746 569 in
2775 513 2906 571 Sion
2937 518 3109 568 monte
3142 522 3325 566 sancto
3357 525 3492 574 meo,
3532 520 3582 563 et

359 607 475 672 ὄρει
499 605 640 674 ἁγίῳ
668 623 808 675 μου.
841 608 950 661 Καὶ
990 607 1166 663 ἔσται
1203 607 1598 681 ἰερουσαιιθψ
1627 610 1787 681 ἁγία,
1813 613 1913 666 καὶ

359 694 692 765 ἀλλοῖον-εἴς
714 697 789 751 οὐ
814 697 1226 755 διελεύσονται
1263 701 1337 754 δι’
1361 701 1552 770 αὐτῆς
1573 700 1680 755 ἔτι.

423 784 547 838 MI".
572 784 700 838 Ὅτε
735 786 805 838 τά
830 786 1153 860 ἐγκλήματα
1195 789 1296 860 τῆς
1334 789 1669 855 ἀποστασίας
1708 792 1820 855 τοῖς
1851 791 1914 858 ἐξ

371 873 576 945 Ἰσραὴλ
604 874 999 947 ἐπεγράφοντο,
1043 879 1142 933 καὶ
1181 879 1448 951 δαμάλεσι
1499 880 1600 953 μὲν
1641 882 1913 954 προσεκύ-

355 981 475 1017 νουν
494 966 611 1027 ταῖς
639 968 889 1037 χρυσαῖς,
915 966 1159 1038 ἔφασκον
1179 969 1239 1023 δὲ
1268 970 1521 1036 ἀνοσίως,
1539 962 1699 1025 οὗτοι
1724 971 1776 1026 oi
1798 970 1912 1026 Osci

356 1072 471 1121 σου,
483 1056 718 1128 Ἰσραὴλ,
736 1058 957 1124 οἵτινες
987 1060 1266 1132 ἀνήγατόν
1296 1077 1357 1115 σε
1382 1063 1448 1117 ὲκ
1478 1063 1582 1135 γῆς
1608 1063 1910 1132 Αἰγύπτου,

348 1145 468 1199 τότε
491 1147 582 1201 καὶ
611 1147 889 1215 ἀσθενεῖς,
920 1150 1017 1205 καὶ
1045 1150 1331 1217 εύάλωτοι,
1360 1153 1457 1207 καὶ
1486 1155 1601 1217 τοῖς
1634 1154 1914 1226 πολεμίοις

346 1236 666 1309 ἑτοιμοτάτη
731 1238 1053 1311 προῦκειντο
1119 1241 1286 1314 θήρα.
1348 1242 1618 1317 Ταύτῃτοι
1679 1244 1775 1299 καὶ
1832 1246 1913 1310 τίς

344 1327 724 1398 αἰχμαλωσίαν
753 1330 1081 1403 ἐπέμποντο.
1119 1334 1339 1406 Ἐπειδὴ
1383 1333 1441 1389 δὶ
1488 1335 1746 1407 ηλέηνται
1764 1376 1780 1402 ,
1819 1336 1913 1391 καὶ

343 1418 441 1489 τὴν
475 1418 694 1473 ἑαυτῶν
731 1424 1111 1493 κατῳκήκασι,
1139 1423 1414 1495 χαλῶντος
1436 1424 1573 1480 Θεοῦ
1598 1426 1698 1490 τάς
1720 1427 1910 1499 όργὰς,

342 1512 539 1582 ἄμαχοι
589 1512 799 1577 λοιπὸν,
844 1515 940 1569 καὶ
988 1515 1446 1585 ἀνανταγώνιστοι
1493 1518 1751 1587 γεγόνασι
1799 1522 1914 1584 τοῖς

342 1602 573 1674 ἐχθροῖς,
620 1604 859 1676 ἀμογητὶ
901 1606 1299 1679 κεκρατήκασι,
1339 1607 1517 1661 καίτοι
1549 1608 1767 1664 πάντων
1803 1610 1913 1664 τῶν

343 1692 506 1746 ἐθνῶν
537 1695 975 1768 συνειλεγμένων
1011 1698 1093 1761 είς
1135 1697 1337 1769 μάχην.
1382 1694 1690 1755 Γνώσεσθαι
1717 1700 1782 1774 δὴ
1819 1696 1913 1758 οὖν

338 1782 496 1853 φησὶν
530 1784 732 1850 αὐτοὺς
753 1785 862 1840 ἀπό
876 1802 941 1856 γε
958 1785 1053 1840 τοῦ
1078 1787 1401 1858 κατισχύσαι
1421 1786 1532 1841 τῶν
1543 1788 1612 1841 δι’
1638 1791 1909 1857 ἐναντίας,

2012 608 2113 664 erit
2151 607 2453 663 Jerusalem
2474 616 2683 676 sancta,
2717 615 2766 662 et
2798 604 3110 676 alienigene
3138 619 3241 657 non
3280 598 3582 655 transibunt

2007 715 2103 769 per
2121 715 2238 754 eam
2261 697 2511 768 umidius.

2084 787 2267 843 XLIII.
2300 786 2533 854 Quando
2566 787 2799 844 crimina
2836 788 3067 843 desertae
3100 795 3314 857 patrum
3360 785 3583 857 religio-

2025 880 2114 937 nis
2171 879 2596 935 intendebantur
2637 878 2916 943 Israelitis,
2956 888 3010 935 et
3043 879 3238 935 vitulos
3285 879 3585 934 adorabaut

2012 983 2232 1036 aureos,
2281 967 2492 1024 nefarie
2538 957 2951 1024 acclamante“
3007 985 3027 1019 ι
3072 967 3134 1022 Ili
3173 978 3300 1023 sunt
3349 968 3424 1023 dii
3481 967 3581 1030 tui,

2010 1059 2199 1127 Israel,
2226 1060 2318 1131 qui
2343 1059 2649 1116 eduxerunt
2686 1069 2740 1116 te
2770 1060 2837 1115 de
2872 1066 3014 1114 terra
3050 1058 3266 1130 Egypti
3295 1059 3367 1124 τι,
3402 1077 3422 1110 ι
3454 1067 3585 1112 tunc

2011 1152 2211 1208 inﬁmi
2244 1159 2421 1221 erant,
2453 1159 2509 1208 et
2541 1152 2642 1207 levi
2675 1149 2893 1221 negotio
2910 1150 3361 1219 subjugabantur,
3395 1163 3584 1206 crant-

2012 1259 2121 1315 «με
2146 1242 2402 1299 hostibus
2426 1242 2623 1313 praedae
2650 1241 3091 1312 expeditissimm.
3127 1239 3253 1295 Ideo
3295 1249 3352 1296 et
3396 1242 3448 1295 in
3488 1257 3584 1297 ca-

2012 1333 2311 1406 ptivitatem
2359 1334 2784 1390 abducebantur.
2831 1332 2901 1389 At
2948 1340 3233 1404 postquam
3277 1332 3587 1387 misericor-

2012 1424 2158 1482 diam
2209 1426 2414 1496 adepti,
2465 1424 2743 1497 regionem
2788 1439 2939 1480 suam
2993 1423 3328 1492 postliminio
3375 1423 3587 1479 habita-

2014 1525 2161 1582 runt,
2203 1516 2315 1573 Deo
2338 1517 2448 1572 iras
2475 1517 2802 1586 deponente,
2830 1517 2897 1573 de
2938 1525 3138 1572 caetero
3166 1517 3353 1571 invicti
3394 1525 3451 1571 et
3489 1516 3579 1571 in-

2013 1610 2351 1680 superabiles
2393 1608 2645 1664 hostibus
2672 1607 2912 1675 fuerunt,
2943 1608 3188 1679 citraque
3233 1610 3473 1667 laborem
3503 1611 3585 1663 vi-

2012 1708 2228 1766 cerunt,
2273 1699 2376 1755 etsi
2406 1713 2598 1755 omnes
2642 1709 2831 1771 gentes
2856 1699 3143 1754 adversum
3185 1715 3279 1756 eos
3319 1699 3489 1772 25.2
3531 1701 3583 1753 in

2011 1790 2257 1863 praelium
2301 1789 2535 1846 coirent.
2593 1788 2671 1845 Ea
2736 1803 2803 1845 eo
2841 1788 3005 1859 igitur
3072 1790 3216 1860 quod
3262 1792 3587 1845 adversariis

335 1875 410 1928 ὅτι
433 1875 542 1929 καὶ
571 1876 631 1930 ὲν
657 1877 841 1943 αὐτοῖς
870 1879 1010 1945 ἑστι,
1043 1878 1140 1932 καὶ
1175 1879 1588 1935 ὲπαναπαύεται
1619 1881 1804 1937 λοιπδν
1840 1884 1908 1954 τῇ

2017 1884 2403 1955 praevalebunt,
2450 1883 2767 1955 cognituros
2807 1881 2961 1949 dicit,
2989 1897 3112 1939 eum
3154 1891 3210 1939 et
3253 1883 3395 1938 inter
3444 1884 3588 1952 ipsos

341 1965 465 2020 Σιὼν
494 1966 584 2032 ὡς
627 1968 763 2041 ἁγίᾳ
794 1970 967 2026 πόλει.
1007 1973 1279 2047 Ταύτῃ-τοί
1338 1992 1504 2048 φησιν
1542 1977 1626 2031 ὅτι
1663 1976 1913 2047 φείσεται

347 2056 437 2125 μὲν
473 2058 591 2112 τῶν
642 2060 788 2114 ίδίων
826 2060 994 2128 λαῶν,
1040 2065 1138 2119 καὶ
1168 2065 1582 2135 ἀλκιμωτάτους
1620 2069 1910 2137 ἀποφανεῖ,

345 2148 687 2219 μαθήσεσθαι
726 2151 786 2205 δὲ
828 2154 1044 2221 αὐτοὺς,
1076 2155 1158 2210 ὅτι
1186 2156 1304 2227 μετ’
1345 2157 1528 2213 αὐτῶν
1550 2160 1720 2213 ἐστιν.
1749 2160 1913 2213 Ἐσε-

342 2237 464 2292 σθαι
507 2240 568 2293 δέ
610 2257 744 2312 φησι
770 2242 870 2314 τὴν
910 2244 1262 2319 Ἰερουσαλὴμ
1302 2248 1488 2318 άγίαν,
1534 2249 1636 2322 τὴν
1678 2250 1913 2321 ἀρχαίαν

342 2331 559 2397 πάντως
586 2333 775 2390 ἀθεῖαν
803 2333 1202 2405 ἀποσαλοῦσαν,
1230 2339 1333 2394 οὒκ
1362 2339 1443 2393 ἐτι
1463 2339 1911 2412 ψευδομαντείας,

342 2423 434 2477 καὶ
486 2425 739 2498 γοητείας
797 2430 927 2498 παρ’
973 2430 1110 2502 αὐτῇ
1162 2430 1512 2504 τιμωμένης,
1559 2432 1618 2485 ὲν
1662 2431 1812 2502 νόμῳ
1854 2430 1915 2484 δὲ

344 2512 546 2583 μᾶλλον
576 2515 883 2587 κρατούσης
925 2517 1107 2590 ζωῆς,
1148 2520 1243 2574 καὶ
1272 2521 1511 2592 ἀρίστων
1551 2520 1916 2593 ἐπιτηδευμά-

342 2620 452 2656 των
476 2604 678 2676 σπουδῇ
708 2607 1007 2675 γεγονότων
1039 2610 1242 2674 αὐτοῖς.
1260 2612 1517 2684 Ἐχούσης
1540 2611 1598 2666 δὲ
1630 2610 1793 2677 οὕτω,
1817 2611 1915 2664 καὶ

344 2692 538 2763 διαζῇν
558 2696 862 2770 ᾑρημένης,
889 2699 1083 2754 οὐδένα
1112 2702 1249 2772 φησὶ
1281 2702 1389 2755 τῶν
1419 2702 1628 2773 ἐχθρῶν
1652 2701 1719 2755 δι’
1744 2702 1914 2772 αὐτῆς

346 2784 797 2855 παρελεύσεσθαι,
824 2783 935 2843 οἷον
964 2791 1067 2845 οὐκ
1103 2790 1568 2861 εὐκαταγώνιστος
1591 2790 1743 2845 ἔσται
1770 2791 1913 2845 τισὶν

343 2877 468 2931 οὐδὲ
520 2879 579 2934 ὲν
629 2880 849 2952 παρόδῳ
894 2885 1009 2947 τοῖς
1065 2884 1341 2938 ἐθέλουσιν
1394 2883 1780 2956 ἁρπαζομένη,
1838 2884 1915 2948 ὡς

344 2969 634 3044 πρότερον,
683 2973 883 3044 μᾶλλον
924 2974 980 3029 δὲ
1025 2975 1289 3047 ἀσφαλὴς,
1335 2976 1430 3031 καὶ
1469 2979 1590 3041 ταῖς
1622 2977 1750 3049 παρ’
1780 2974 1914 3049 ἐμοῦ

340 3061 626 3132 δυνάμεσι,
660 3066 755 3118 καὶ
779 3066 1119 3137 ἐπικουρίαις
1150 3064 1211 3122 εὖ
1244 3066 1388 3138 μάλα
1412 3068 1806 3139 τετειχισμένη.

425 3153 648 3226 ’Δληθὲς
672 3156 730 3209 δὲ
760 3156 821 3209 τὸ
850 3158 1041 3229 χρῆμα
1072 3158 1178 3212 κᾶν
1204 3160 1253 3212 εί
1282 3161 1370 3213 ἐπ’
1403 3160 1575 3230 αὐτῆς
1603 3162 1774 3213 νοοῖτο
1812 3160 1914 3231 τῆς

349 3245 679 3319 Ἑκκλησίας
701 3249 961 3319 Χριστοῦ.
1010 3249 1251 3320 Κήδεται
1278 3251 1388 3323 γὰρ
1428 3251 1535 3307 τῶν
1569 3252 1711 3305 ἰδίων
1738 3268 1909 3323 προσο
1939 3233 1984 3292 C

335 3336 609 3409 κυνητῶν,
638 3338 864 3393 καὶτῶν
888 3340 1166 3411 πολεμίων
1207 3342 1468 3413 ἀμείνους
1510 3342 1784 3408 ἀποτελεῖ,
1823 3343 1917 3397 εὐ-

335 3427 573 3493 σθενεῖς,
594 3428 689 3481 καὶ
718 3428 1154 3499 ἀλκιμωτάτους,
1190 3431 1496 3501 εὐρωστίας
1521 3432 1790 3504 γέμοντας
1817 3433 1927 3505 τῆς

332 3522 741 3591 πνευματικῆς,
799 3520 1007 3586 εἰδότας
1035 3539 1097 3575 τε
1142 3524 1237 3577 καὶ
1286 3524 1721 3589 πεπιστευκότας
1764 3525 1845 3580 δτι
1888 3526 1918 3579 ό

328 3610 463 3674 Θεὸς
496 3611 559 3663 ὲν
588 3610 770 3674 αὐτοῖς
795 3611 884 3666 διὰ
910 3611 1005 3666 τοῦ
1035 3613 1372 3685 Πνεύματος.
1405 3634 1424 3667 ι
1448 3617 1710 3671 Κατοικεῖ
1729 3615 1837 3688 γὰρ
1859 3618 1918 3671 ἐν

328 3704 449 3767 ταῖς
481 3703 736 3772 καρδίαις
766 3704 921 3776 ἡμῶν
949 3705 1037 3760 διὰ
1082 3708 1178 3779 τῆς
1205 3709 1463 3772 πίστεως.
1504 3728 1524 3762 s
1550 3709 1662 3762 Καὶ
1696 3709 1725 3761 ό
1756 3708 1921 3777 εὐαγο

292 3807 300 3814 ’
328 3796 596 3866 γελιστὴς
620 3797 873 3867 Ἰωάννης
896 3800 1080 3869 φησὶν,
1104 3819 1122 3851 ι
1147 3802 1239 3853 Ἐκ
1265 3800 1455 3855 τούτου
1476 3800 1820 3871 γινώσκομεν
1837 3799 1918 3854 ὃτι

328 3888 386 3937 ὲν
416 3886 564 3956 ἡμῖν
584 3886 751 3950 ἐστιν,
783 3888 848 3939 ἐκ
866 3888 959 3940 τοῦ
997 3889 1333 3961 Πνεύματος,
1374 3887 1436 3946 οὗ
1464 3892 1664 3945 ἔδωκεν
1698 3891 1856 3961 ἡμῖν.
1894 3909 1913 3943 ι

342 3976 513 4043 ’Λγία
564 3976 620 4028 δὲ
648 3977 790 4029 κατά
826 3976 888 4029 τὸ
930 3978 1127 4050 ἀληθὲς
1160 3982 1194 4050 ἡ
1237 3985 1400 4052 νοητή
1439 3999 1541 4036 που
1570 3982 1792 4048 πάντως
1830 3982 1922 4034 Ἰε-

331 4065 668 4137 ρουσαλὴμ,
701 4069 1009 4133 τουτέστιν,
1048 4072 1082 4140 ἡ
1121 4072 1452 4142 Ἐκκλησία,
1490 4075 1560 4128 τὰ
1600 4074 1710 4128 τῶν
1748 4075 1919 4144 ἁγίων

329 4159 619 4225 τάγματα.
659 4158 734 4208 Οὺ
759 4158 868 4227 γάρ
894 4161 1009 4212 ἐστι
1040 4161 1271 4232 πάροδος
1301 4164 1622 4232 ἀλλογενῶν.
1668 4185 1687 4216 ι
1721 4168 1783 4221 Οί
1810 4167 1919 4239 γὰρ

331 4246 431 4298 τοῦ
460 4245 704 4315 Χριστοῦ
733 4248 833 4317 τὴν
871 4249 1048 4319 σάρκα
1076 4251 1448 4325 ἐσταύρωσαν.
1484 4273 1502 4304 ι
1534 4253 1834 4326 Μέμνημαι
1861 4256 1919 4309 δὲ

331 4340 597 4406 λέγοντος
626 4339 720 4392 καί
762 4357 909 4403 τινος
940 4341 1048 4393 τῶν
1093 4342 1303 4411 σοφῶν,
1338 4364 1355 4395 ι
1401 4344 1526 4398 Ἐὰν
1560 4346 1781 4416 Πνεῦμα
1821 4346 1915 4400 τοῦ

332 4431 748 4498 ἐξουσιάζοντος
773 4433 947 4504 ἀναϐῇ
982 4435 1073 4487 ἐπὶ
1101 4435 1180 4498 σὲ,
1212 4436 1373 4490 τόπον
1409 4454 1503 4490 σου
1539 4438 1613 4511 μὴ
1640 4440 1804 4510 ἀφῇς,
1835 4440 1918 4493 ὅτι

336 4524 479 4597 ἴαμα
509 4526 850 4580 καταπαύσει
877 4529 1153 4599 ἁμαρτίας
1191 4530 1449 4599 μεγάλας.
1487 4550 1505 4583 ι
1540 4532 1780 4604 Ἀσφαλῆ
1810 4534 1918 4603 γὰρ

333 4618 525 4689 ἔχουσι
575 4620 672 4690 τὴν
730 4621 993 4692 καρδίαν,
1048 4622 1105 4674 οὐ
1153 4621 1413 4691 βάσιμον,
1455 4623 1565 4677 οὐδ’
1617 4624 1920 4695 ἱππήλατον

333 4715 449 4772 τοῖς
484 4711 816 4782 ἀκαθάρτοις
847 4712 1120 4782 πνεύμασι
1150 4713 1567 4783 σεσαλευμένην·
1601 4715 1919 4786 ἑδραίανδὲ

337 4801 710 4871 μᾶλλον,καὶ
756 4804 868 4863 τοῖς
916 4803 1015 4872 τῆς
1064 4800 1323 4871 ἀληθείας
1365 4800 1627 4872 δόγμασιν
1670 4797 1728 4855 εὖ
1773 4800 1919 4872 μάλα

338 4889 800 4959 πεπυργωμένην.

414 4979 526 5033 Καὶ
570 4980 739 5034 ἔσται
768 4981 840 5035 ἐν
886 4981 959 5049 τῇ
989 4983 1181 5053 ἡμέρᾳ
1225 4983 1425 5052 ἐκείνῃ
1450 5000 1465 5016 ⁸
1505 4981 1917 5048 ἀετοσταιιάξει

337 5074 413 5125 τὰ
464 5070 570 5138 ὅρη
633 5075 1007 5143 γλυκασμὸν,
1060 5077 1156 5129 καὶ
1209 5078 1265 5130 οἱ
1316 5076 1535 5141 ,βουνοί
1576 5075 1915 5144 ρυήσονται

340 5165 523 5229 πτίλα,
574 5165 675 5218 καὶ
722 5163 911 5219 πᾶσαι
952 5169 1010 5220 αἱ
1056 5166 1302 5236 ἀφέσεις
1338 5166 1533 5221 Ἰούδα
1577 5166 1916 5233 ῥυήσοντιιι

337 5256 554 5319 ὺδατα,
590 5252 690 5307 καὶ
732 5253 894 5324 πηγὴ
923 5255 992 5319 ἐξ
1020 5258 1190 5312 οἴκου
1237 5256 1459 5325 Κυρίου
1509 5253 1919 5321 ἐξελεύσεται,

340 5344 443 5397 καὶ
470 5345 665 5400 ποτιεῖ
687 5346 795 5400 τὸν
820 5345 1183 5415 χειμάῤῥουν
1219 5345 1337 5401 τῶν
1369 5344 1677 5414 σχοινίων.

415 5438 543 5492 MA'.
581 5438 1046 5509 ’Δναδειμαμένης
1080 5438 1239 5508 ἁγίας
1267 5439 1370 5508 τῆς
1406 5436 1782 5508 Ἰερουσαλὴμ,
1823 5439 1918 5492 καὶ

340 5530 446 5581 οὐκ
493 5528 659 5600 οὔσης
707 5530 788 5583 ἔτι
837 5529 1010 5601 βατῆς
1053 5532 1165 5594 τοῖς
1216 5528 1563 5597 ἁλλογενέσι,
1618 5527 1707 5581 διά
1752 5546 1811 5582 τε
1861 5531 1921 5584 τὸ

343 5621 767 5674 κατασκηνῶσαι
798 5622 856 5674 ἐν
886 5623 1023 5693 αὐτῇ
1057 5622 1149 5675 τὸν
1171 5621 1284 5674 τῶν
1312 5620 1450 5673 ὅλων
1479 5618 1701 5687 Κύριον,
1722 5622 1913 5690 φείσα-

418 5788 464 5823 ⁷“
500 5791 664 5846 Exod.
703 5809 871 5861 “sit,
905 5794 956 5848 4.
1036 5793 1081 5823 ”
1117 5792 1307 5861 Epltes.
1334 5811 1391 5863 ιι,
1424 5793 1507 5847 I7.

1587 5794 1629 5821 7"
1668 5794 1682 5847 Ι
1716 5794 1868 5849 Ιυίιη.
1914 5811 1983 5862 IV,
2058 5796 2139 5849 ιδ.

2018 1989 2165 2041 esse,
2213 1982 2269 2031 et
2318 1976 2371 2030 in
2416 1985 2691 2043 posterum
2743 1990 2905 2046 super
2947 1985 3132 2033 sancta
3180 1975 3400 2031 civitate
3445 1975 3574 2029 Sion

2010 2067 2345 2137 quieturum.
2382 2066 2517 2122 Iline
2553 2067 2786 2123 afﬁrmat
2841 2083 3130 2139 parsurum
3160 2067 3357 2138 popqu
3382 2081 3504 2131 suo,
3531 2078 3588 2120 et

2014 2159 2429 2214 strenuissimos
2477 2159 2850 2225 redditurum,
2899 2170 2949 2216 et
3001 2169 3413 2230 perspecturus,
3460 2174 3586 2214 eum

2015 2265 2139 2306 cum
2203 2250 2339 2317 ipsis
2385 2264 2545 2319 esse;
2593 2248 2709 2307 fore
2752 2260 2933 2306 autem
2980 2251 3278 2307 Jerusalem
3321 2259 3587 2315 sanctam,

2015 2341 2298 2410 repudiato
2327 2356 2554 2412 prorsus
2577 2343 2847 2399 atheismo
2871 2342 3060 2408 venari,
3097 2340 3248 2397 falsis
3275 2342 3584 2413 praedictio-

2016 2435 2179 2491 nibus
2201 2443 2257 2489 et
2306 2434 2764 2491 incantationibus
2806 2435 3098 2506 despectis,
3146 2434 3199 2489 in
3244 2434 3361 2505 lege
3408 2442 3588 2489 autem

2015 2525 2144 2581 vitae
2175 2533 2451 2595 potentem
2498 2536 2554 2581 et
2602 2526 2972 2582 institutormn
3008 2526 3336 2597 optimorum
3373 2525 3586 2580 studio-

2014 2631 2153 2673 sam.
2202 2615 2337 2673 Cum
2387 2617 2470 2674 sic
2521 2631 2581 2674 se
2625 2618 2899 2685 habuerit,
2930 2626 2988 2673 et
3036 2617 3109 2672 ita
3155 2617 3319 2674 vitam
3367 2617 3588 2687 exigere

2015 2710 2383 2776 constituerit,
2433 2709 2639 2765 nullum
2683 2711 2892 2769 hostem
2923 2728 3022 2784 per
3058 2726 3179 2767 eam
3207 2711 3583 2775 transiturum,

2015 2799 2069 2854 id
2099 2808 2205 2866 est,
2230 2815 2260 2854 a
2289 2799 2509 2856 nemine
2538 2800 2698 2857 facile
2724 2804 3141 2874 expugnabitur.
3168 2816 3269 2857 nec
3298 2801 3352 2855 in
3403 2809 3582 2856 trans-

2016 2892 2095 2946 itu
2132 2905 2163 2945 a
2194 2892 2501 2947 volentibus
2534 2900 2595 2948 ut
2632 2902 2792 2948 antea
2840 2893 3082 2965 rapietur
3105 2932 3122 2961 ,
3163 2892 3296 2963 quin
3331 2901 3443 2948 tuta
3481 2892 3589 2947 erit

2014 2983 2187 3055 copiis
2236 2983 2560 3055 auxiliisque
2604 2984 2739 3043 meis
2783 2993 2843 3042 ut
2904 2999 3060 3042 muro
3100 2986 3306 3056 optime
3350 2984 3585 3040 circum-

2016 3083 2189 3146 septa.
2619 3138 2622 3142 λ

2086 3165 2233 3220 Istud
2266 3179 2431 3235 porro
2453 3165 2618 3221 etiam
2646 3166 2713 3222 de
2737 3165 2937 3222 Christi
2974 3164 3218 3223 Ecclesia
3249 3179 3437 3221 verum
3474 3174 3579 3220 est.

2017 3252 2252 3309 Suorum
2285 3256 2429 3309 enim
2469 3255 2738 3312 cultorum
2783 3270 2971 3311 curam
3010 3257 3183 3326 gerit,
3234 3264 3288 3311 et
3340 3255 3587 3309 hostibus

2017 3347 2328 3415 superiores
2360 3347 2508 3412 facit,
2543 3348 2819 3415 robustos,
2856 3347 3286 3411 strenuissimos,
3320 3345 3585 3417 spirituali

2018 3437 2337 3494 fortitudine
2381 3438 2756 3510 plcnos,,cum
2804 3439 2980 3495 sciant
3020 3447 3077 3494 et
3111 3440 3371 3500 credant,
3422 3438 3586 3491 Deum

2018 3544 2116 3601 per
2144 3530 2406 3600 Spiritum
2434 3532 2486 3586 in
2514 3532 2646 3602 ipsis
2663 3545 2820 3599 esse;
2859 3549 2879 3583 ι
2916 3530 3125 3587 habitat
3147 3529 3291 3585 enim
3321 3528 3374 3582 in
3405 3526 3587 3582 cordi-

2022 3621 2125 3676 bus
2157 3625 2362 3678 nostris
2396 3639 2492 3692 per
2526 3624 2683 3678 [idem
2710 3623 2781 3675 ".
2816 3641 2837 3675 ι
2871 3622 2940 3676 Et
2985 3627 3044 3675 ut
3076 3620 3312 3675 Joannes
3354 3631 3587 3685 evange-

2019 3713 2145 3768 lista
2179 3714 2372 3769 scribit
2404 3729 2418 3765 :
2458 3731 2476 3763 ι
2517 3713 2572 3766 In
2604 3713 2706 3766 hoc
2732 3712 3136 3780 cognoscimus,
3173 3708 3298 3777 quia
3341 3708 3392 3761 in
3434 3708 3588 3762 nobis

2019 3813 2122 3866 est,
2147 3804 2271 3872 quia
2313 3801 2381 3857 de
2425 3800 2631 3870 Spiritu
2686 3815 2785 3855 suo
2834 3799 2985 3854 dedit
3029 3800 3185 3855 nobis
3217 3798 3284 3852 ⁷⁸.
3327 3817 3346 3849 ι
3394 3798 3590 3851 Sancta

2020 3904 2200 3948 autem
2234 3902 2315 3948 est
2361 3907 2547 3949 revera
2591 3890 2973 3946 intellectualis
3020 3889 3343 3955 Jerusalem,
3398 3889 3450 3947 id
3485 3899 3591 3954 est,

2022 3982 2281 4049 Ecclesia,
2310 3993 2621 4038 sanctorum
2646 3982 2885 4059 ordines.
2913 3978 3028 4035 Non
3054 3980 3199 4035 enim
3218 3990 3303 4036 est
3334 3981 3593 4035 transitus

2019 4089 2116 4146 per
2159 4089 2279 4130 eam
2336 4073 2674 4144 alienigenis.
2714 4092 2733 4125 ι
2785 4071 2889 4138 Qui
2934 4085 3165 4141 namque
3204 4083 3331 4128 sunt
3364 4072 3591 4134 Christi,

2018 4180 2237 4222 carnem
2273 4179 2426 4219 suam
2468 4162 2959 4218 crucifixcrunt".
3012 4180 3029 4212 ι
3070 4161 3229 4217 Venit
3265 4163 3319 4215 in
3355 4170 3593 4216 mentem

2020 4257 2281 4326 sapientis
2322 4255 2601 4326 cujusdam
2630 4253 2874 4321 effatum,
2902 4253 3299 4323 praecipientis:
3328 4272 3346 4305 ι
3386 4251 3443 4308 Si
3471 4254 3593 4320 Spi-

2021 4349 2154 4404 ritus
2183 4356 2504 4418 potestatem
2530 4344 2782 4401 habentis
2797 4345 3106 4400 ascenderit
3129 4358 3291 4415 super
3310 4354 3381 4410 te,
3416 4346 3592 4399 locum

2021 4448 2169 4493 tuum
2199 4436 2568 4501 uedimiscris,
2590 4434 2715 4505 quia
2733 4435 2942 4490 curatio
2961 4433 3354 4490 facietcessare
3374 4443 3592 4503 peccata

2024 4545 2218 4600 magna
2244 4530 2312 4582 ’⁸.
2346 4548 2364 4581 ι
2413 4528 2608 4583 Tutum
2636 4528 2833 4598 quippe
2869 4528 3109 4583 retinent
3139 4541 3255 4592 cor,
3301 4542 3405 4582 non
3447 4526 3590 4596 pedi-

2025 4624 2189 4689 tibus,
2222 4638 2327 4678 nou
2362 4623 2636 4692 equitibus
2664 4622 2929 4691 pervium,
2968 4630 3026 4675 ut
3058 4622 3126 4676 ab
3158 4621 3451 4675 immundis
3485 4620 3566 4688 spi

2025 4712 2221 4769 ritibus
2249 4715 2546 4783 agitatum;
2585 4712 2679 4767 sed
2725 4711 2918 4765 stabile
2960 4711 3138 4781 potius
3168 4719 3222 4765 et
3252 4702 3596 4780 dogmatibus

2022 4807 2267 4861 veritatis
2300 4806 2459 4877 quasi
2493 4806 2733 4860 turribus
2771 4805 3007 4875 perbene
3035 4806 3448 4860 connunnitum.

2094 4981 2257 5038 Vsus.
2293 4982 2378 5036 18.
2426 4978 2489 5033 Et
2536 4980 2635 5034 erit
2681 4981 2736 5034 in
2781 4981 2865 5033 die
2903 4978 3029 5033 illa.
3078 4987 3277 5032 montes
3322 4978 3591 5032 stillabant

2022 5072 2383 5137 dulcedinem,
2418 5081 2468 5123 et
2500 5070 2658 5125 colles
2697 5072 2861 5139 ﬂuent
2884 5070 3042 5133 lacte,
3077 5080 3123 5122 et
3145 5085 3321 5122 omnes
3349 5069 3591 5122 emissio-

2025 5180 2114 5216 nes
2134 5160 2168 5215 .l
2176 5162 2284 5214 uda
2312 5162 2474 5231 ﬂuent
2501 5162 2676 5231 aquis,
2704 5172 2749 5215 et
2780 5161 2900 5230 fons
2926 5161 2990 5213 de
3015 5161 3169 5213 domo
3206 5159 3418 5215 Domini
3449 5177 3590 5230 egre-

2022 5252 2218 5318 dietur,
2255 5260 2304 5307 et
2337 5252 2581 5320 irrigabit
2620 5260 2900 5306 torrentem
2933 5249 3309 5319 (anicularum.

2101 5427 2282 5485 XLIV.
2317 5430 2622 5486 lnslaurata
2655 5440 2841 5486 sancta
2869 5427 3191 5497 Jerusalem,
3224 5442 3323 5483 nec
3362 5427 3590 5498 amplius

2024 5522 2344 5591 alienigenis
2374 5522 2583 5591 pervia,
2626 5522 2768 5591 quod
2814 5537 2932 5575 cam
2969 5519 3168 5575 incolat
3214 5521 3589 5574 universorum

2027 5613 2306 5679 Dominus,
2347 5611 2469 5666 data
2509 5612 2663 5666 venia
2698 5612 2894 5682 p0pulo
2921 5610 3079 5676 Juda,
3117 5625 3291 5681 eoque
3331 5608 3589 5664 corrobo-

2218 5794 2258 5824 ⁷⁷
2292 5791 2467 5848 Galat.
2494 5791 2651 5857 νηοί.
2728 5794 2773 5825 ⁷⁸
2805 5791 2981 5848 Eccle.
3022 5810 3074 5858 χ,
3108 5793 3159 5846 ὁ.
