4054 6274
539 441 641 501 587
1532 437 1593 496 S.
1636 434 1915 493 CYRILLI
1955 429 2425 489 ALEXANDRINI
2466 428 2785 486 ARCIIIEP.
3688 413 3798 470 383

543 560 915 633 Hierosolyma
966 561 1238 628 discessit,
1307 568 1418 614 tum
1470 558 1712 614 ﬁnitimae
1761 568 1947 627 gentes
2010 570 2116 609 non

2224 552 2376 606 τοῦτο
2407 552 2538 622 δρᾷν
2570 549 2936 611 ἀνεπείθοντο,
2966 544 3197 610 δεδιότες
3224 543 3492 633 τάχα-που
3520 536 3589 591 τά
3625 534 3685 602 ἐξ
3712 536 3801 633 ὁρ-

542 623 817 709 immerito
869 653 1208 707 cxace‘rbatze
1250 659 1411 713 sunt,
1466 658 1522 704 et
1576 649 1705 719 ipsa:
1743 662 1956 717 quoque
2006 662 2112 701 non

2224 642 2319 713 γῆς
2360 643 2453 695 καὶ
2495 640 2603 693 τῶν
2633 639 2907 709 ἐσομένων
2942 635 3145 697 αὐτοῖς,
3175 633 3223 685 εἰ
3266 631 3340 701 μὴ
3374 627 3581 719 ἕλοιντο
3626 623 3799 719 τιῌμᾷν

544 740 803 795 mediocri
858 737 1066 793 affectae
1116 737 1334 805 iniuria.
1383 734 1450 790 Et
1504 714 1632 790 illud
1679 714 1896 804 insuper
1932 747 2114 790 secum

2224 734 2305 787 τὸν
2335 734 2517 804 νόμον,
2544 732 2653 784 τῶν
2683 727 3088 803 προγεγονότων
3135 725 3233 795 τὴν
3278 723 3475 792 πεῖραν
3515 714 3802 805 ἐποιοῦντο

542 829 773 883 fortasse
821 803 1181 899 cogitabant;
1215 827 1483 895 Quoniam
1534 828 1677 883 enim
1735 803 2117 897 Hierosolymis

2224 803 2784 887 ΒιδὰσκναλονΗΕπειδὴ
2827 815 3189 883 ἀπεόέὸλητο,
3226 812 3323 864 καὶ
3370 806 3644 899 ἀπεφοίτα
3689 803 3802 899 τῶν

542 934 728 974 muros
776 918 1037 974 Israelitte
1075 920 1472 984 instaurabant,
1509 929 1563 972 et
1592 918 1831 973 divinum
1862 918 2115 985 templum

543 1005 876 1063 reaediﬁcare
914 1008 1250 1070 nitebantur,
1275 1009 1490 1062 invidiae
1521 1007 1641 1062 telis
1677 1007 1869 1073 saucii,
1898 1016 1952 1062 et
1996 1007 2116 1060 irati

542 1096 750 1164 hostes,
783 1113 918 1167 opus
975 1098 1237 1166 impedire
1292 1097 1744 1167 aggrediebantur
1763 1092 1830 1161 ⁸⁷,
1877 1096 2029 1162 illud,
2061 1109 2119 1152 ut

542 1193 630 1240 est
675 1187 999 1254 verisimile,
1048 1188 1247 1243 animis
1289 1189 1585 1254 volventes,
1634 1190 1676 1243 si
1718 1188 1881 1243 Israel
1931 1188 2117 1257 pristi-

547 1291 674 1330 nam
712 1276 1007 1346 potentiam
1040 1289 1411 1347 recuperaret,
1456 1279 1724 1348 urbesque
1761 1278 1933 1333 muris
1972 1294 2121 1332 com-

550 1367 787 1420 munitas
833 1366 1160 1434 possideret,
1214 1376 1269 1421 et
1303 1369 1680 1422 universorum
1727 1371 1890 1423 Deum
1936 1369 2122 1424 defen-

551 1470 734 1509 sorem
792 1456 1049 1522 haberet,
1111 1457 1203 1525 qui
1263 1459 1315 1511 iu
1367 1459 1603 1528 templo,
1664 1469 1725 1513 ut
1788 1461 2117 1528 antiquitus,

552 1539 856 1604 coleretur,
914 1555 1127 1595 rursum
1186 1542 1622 1610 dominaturum,
1673 1555 1729 1600 et
1772 1547 1891 1616 eius
1936 1548 2121 1617 iugum

552 1630 808 1683 omnibus
843 1628 1242 1684 intolerandum
1293 1632 1428 1699 fore,
1461 1643 1513 1688 et
1559 1637 1752 1691 vicinis
1783 1638 1980 1691 tributa
2018 1639 2121 1691 im-

554 1718 880 1786 positurum,
939 1734 1032 1774 eos
1072 1721 1124 1774 in
1167 1723 1479 1778 servitutem
1527 1724 1892 1792 redacturum,
1937 1743 2123 1783 eorum

556 1808 702 1876 agris
749 1807 965 1876 penitus
1012 1809 1342 1874 devastatis,
1388 1814 1431 1867 si
1480 1816 1571 1883 qui
1636 1815 1823 1891 velint,
1880 1819 2124 1886 quamvis

2229 910 2490 983 Ίεροσολύ
2499 927 2614 980 μων
2643 911 2676 980 ὴ
2702 908 2812 961 τῶν
2841 904 3151 975 ἀλλοφύλων
3174 901 3411 972 γυναίων
3434 897 3667 968 πληθὺς,
3689 895 3804 947 λοι-

2218 1002 2319 1055 πὸν
2349 999 2661 1067 ἀναγκαίως
2692 997 3176 1070 κατεπικραίνοντο
3202 994 3335 1065 πρὸς
3364 990 3533 1061 ὀργὰς
3558 989 3609 1040 οἱ
3642 984 3802 1056 περί-

2218 1107 2357 1144 οικοι
2381 1088 2492 1142 τῶν
2515 1087 2702 1152 ἐθνῶν,
2740 1087 2836 1141 ἆτε
2867 1085 2931 1151 δὴ
2963 1085 3055 1139 καὶ
3095 1084 3185 1136 διὰ
3223 1081 3427 1134 τούτων
3465 1079 3526 1131 οὐ
3565 1076 3803 1147 μετρίως

2219 1177 2615 1250 ἐξυϐρισμένοι.
2647 1177 2757 1230 Καὶ
2802 1177 2936 1246 πρός
2983 1192 3046 1243 γε
3098 1174 3163 1244 δὴ
3199 1173 3373 1249 τούτω
3422 1168 3646 1223 κάκεῖνό
3699 1182 3801 1219 που

2219 1272 2358 1341 τάχα
2386 1268 2743 1337 διελογίζοντο
2770 1266 2912 1320 κατά
2938 1268 3074 1334 σφᾶς
3097 1264 3315 1327 αὐτούς.
3332 1260 3551 1331 Ἐπειδὴ
3571 1261 3684 1329 γὰρ
3706 1258 3802 1328 τὴν

2231 1361 2584 1432 Ἰερουσαλὴμ
2624 1356 2952 1429 ἀνετείχιζον
2987 1358 3106 1428 μὲν,
3135 1354 3463 1419 ἐσπούδαζον
3495 1351 3555 1404 δὲ
3582 1351 3681 1404 καὶ
3708 1348 3801 1402 αὐ-

2221 1452 2310 1504 τὸν
2337 1451 2427 1504 τὸν
2468 1450 2609 1503 θεῖον
2657 1448 2892 1519 ἐγείρειν
2919 1446 3067 1509 ναόν,
3096 1449 3210 1509 τοῖς
3238 1443 3331 1497 τοῦ
3363 1442 3562 1511 φθόνου
3593 1440 3799 1511 βέλεσιν

2222 1540 2534 1594 ἀνεκαίοντο
2578 1537 2713 1610 πρὸς
2758 1537 2947 1608 ὀργὰς,
2976 1536 3072 1589 καὶ
3111 1532 3427 1587 διακωλύειν
3460 1530 3793 1601 ἐπεχείρουν.

2223 1631 2398 1684 ἐκεῖνο
2417 1629 2704 1699 διενθυμού
2714 1644 2885 1699 μενοι,
2905 1627 3046 1680 κατά
3068 1643 3130 1694 γε
3150 1625 3209 1677 τὸ
3231 1624 3398 1687 εἰκὸς,
3424 1622 3499 1685 ὼς
3523 1623 3572 1673 εἰ
3594 1621 3797 1687 γένοιτο

2224 1721 2386 1776 πάλιν
2414 1724 2441 1775 6
2467 1720 2683 1792 Ἰσραὴλ
2717 1721 2774 1772 ἐν
2797 1716 3135 1779 δυναστείαις
3174 1717 3294 1777 ταῖς
3336 1712 3550 1785 πρώην,
3583 1712 3680 1764 καὶ
3719 1725 3795 1762 τε-

2224 1811 2570 1882 τειχισμένας
2620 1811 2716 1880 μέν
2742 1810 2852 1881 ἔχοι
2898 1809 2998 1872 τὰς
3028 1809 3228 1872 πόλεις,
3255 1805 3607 1875 ἐπαμύνοντα
3633 1803 3689 1855 δὲ
3713 1802 3789 1853 τὸν

555 1895 715 1967 longo
746 1906 867 1965 post
904 1905 1142 1966 tempore
1174 1910 1379 1955 tantum
1409 1917 1504 1957 eos
1547 1916 1732 1959 contra
1763 1907 1977 1960 intueri.
2017 1907 2123 1960 llac

2225 1901 2334 1956 τῶν
2360 1903 2495 1955 ὅλων
2527 1900 2678 1965 θεὸν,
2708 1900 2803 1952 am
2828 1899 2891 1968 δὴ
2920 1901 3035 1963 τοῖς
3057 1898 3302 1970 ἀρχαίοις
3324 1895 3470 1948 ἔθεσι
3502 1891 3787 1965 θεραπευό-

555 1987 622 2040 de
656 2001 817 2040 causa
865 1986 1235 2043 subornarunt
1267 1992 1548 2060 quosdam,
1594 1996 1681 2063 qui
1714 2008 1807 2049 eos
1854 2009 1953 2051 nec
1988 2004 2125 2050 tem-

554 2077 665 2147 plo,
697 2092 796 2132 nec
824 2076 1093 2137 mamilius
1117 2083 1391 2137 struendis
1422 2100 1638 2138 manum
1669 2086 1956 2141 admovere
1980 2096 2129 2156 pate-

555 2179 765 2226 rentur.
799 2171 936 2228 Cum
982 2175 1181 2231 frustra
1232 2174 1561 2240 laborarent,
1611 2178 1718 2230 Deo
1765 2176 2124 2233 lsraelitarum

555 2261 734 2316 studia
800 2276 1177 2334 prosperante,
1226 2267 1398 2320 armis
1444 2268 1642 2322 deinde
1695 2270 1982 2338 correptis,
2032 2284 2126 2325 eos

557 2352 869 2419 opprimere
912 2355 1219 2410 voluerunt.
1253 2354 1474 2422 Verum,
1501 2357 1790 2426 adiuvante
1826 2359 1954 2426 Deo,
2000 2360 2127 2416 victi

553 2440 628 2496 ab
660 2443 790 2512 ipsis
835 2444 1208 2516 interfectique
1239 2457 1384 2502 sunt.
1410 2449 1491 2501 Ad
1522 2450 1623 2504 hoc
1657 2458 1839 2505 autem
1876 2452 2127 2522 praelium

557 2525 612 2585 in
644 2532 837 2587 vallem
861 2534 1120 2605 Josaphat
1147 2537 1435 2593 multitudo
1454 2554 1574 2593 sese
1592 2541 1832 2611 collegit,
1856 2542 1946 2611 qui
1976 2541 2128 2598 locus

556 2635 661 2676 non
694 2622 875 2677 multis
904 2623 972 2678 ab
996 2624 1366 2697 Hierosolyma
1403 2628 1596 2684 stadiis
1632 2644 1823 2686 versus
1856 2631 2123 2685 orientem

555 2713 743 2769 distat.
808 2714 978 2770 Aiunt
1027 2718 1228 2772 nudum
1271 2726 1327 2772 et
1363 2721 1683 2787 equitationi
1744 2731 1931 2791 aptum
1983 2736 2125 2776 esse.

554 2804 824 2861 Caeterum
877 2810 1212 2877 potentiores
1258 2810 1519 2878 quosdam
1572 2810 1827 2865 lsraelitis
1887 2812 2125 2865 divinum

558 2899 816 2968 templum
862 2901 1270 2955 exstruentibus
1321 2902 1603 2964 invidisse,
1652 2911 1709 2954 et
1766 2902 1897 2955 nihil
1949 2912 2129 2956 tamen

556 2989 873 3059 profecisse,
913 2991 1125 3046 docebit
1165 2992 1353 3046 beatus
1379 2991 1579 3046 Esdras
1598 2993 1670 3045 ita
1699 2993 1946 3047 scribens
1976 3010 1990 3047 :
2023 3012 2041 3044 ι
2070 2992 2127 3047 In

555 3079 878 3134 Artaxerxis
908 3085 1087 3132 autem
1117 3078 1260 3147 regis
1291 3076 1578 3134 Persarum
1613 3081 1963 3149 temporibus,
1991 3082 2129 3136 serio

555 3177 783 3238 pserunt
816 3169 864 3223 ei
896 3169 961 3225 de
999 3170 1082 3224 bis
1114 3171 1205 3238 qui
1242 3169 1556 3224 habitabant
1582 3170 1637 3225 in
1666 3169 1849 3225 Iudaea
1883 3182 1938 3225 et
1974 3170 2129 3226 Jeru-

2227 2009 2386 2064 μενον
2429 1992 2487 2045 ἐν
2534 1990 2666 2061 ναῷ,
2704 1990 2866 2043 πάλιν
2912 1989 3341 2060 κατακρατήσει,
3389 1986 3487 2039 καὶ
3531 1983 3792 2054 ἀφόρητος

2224 2084 2378 2139 ἐσται
2428 2085 2539 2146 τοῖς
2588 2081 2927 2154 ἁπανταχοῦ,
2977 2083 3072 2137 καὶ
3114 2080 3354 2152 δασμοὺς
3400 2078 3654 2132 ἐπιὸαλεῖ
3696 2074 3797 2129 τῶν

2223 2177 2437 2247 ὁμόρων
2469 2179 2603 2245 τισὶ,
2632 2178 2725 2232 καὶ
2751 2177 3044 2232 ἁλώσονται
3076 2175 3313 2241 πάντως,
3346 2173 3618 2247 καταδῃου
3626 2171 3799 2242 μένων

2224 2271 2404 2331 αὐτοῖς
2440 2269 2547 2322 τῶν
2584 2270 2797 2340 χωρῶν,
2830 2272 2879 2322 εἰ
2915 2268 2978 2339 δή
3009 2285 3151 2332 τινες
3182 2267 3386 2321 ἕλοιντο
3410 2265 3512 2319 κᾶν
3547 2264 3681 2332 γοῦν
3702 2261 3800 2330 ὀψὲ

2225 2357 2541 2427 ἀντιϐλέψαι
2590 2358 2770 2428 μόνον.
2823 2356 3037 2427 Ταύτης
3083 2356 3248 2409 ἕνεκα
3291 2355 3389 2425 τῆς
3427 2352 3601 2415 αἰτίας
3648 2368 3796 2419 παρ-

2223 2448 2521 2514 εσκεύαζον
2572 2449 2671 2520 μέν
2720 2466 2872 2512 τινας
2919 2448 3207 2519 ἀπείργειν
3251 2447 3446 2509 αὐτοὺς
3476 2444 3586 2497 τῶν
3616 2460 3680 2496 τε
3709 2443 3799 2495 ἐπ’

2224 2540 2373 2611 αὐτῷ
2419 2541 2496 2612 τῷ
2527 2540 2660 2611 ναῷ,
2693 2542 2786 2594 καὶ
2831 2544 2943 2604 τοῖς
2991 2540 3194 2610 τείχεσι
3243 2535 3796 2609 παρεσκευασμένων.

2204 2638 2209 2642 ’
2237 2631 2455 2701 Ἐπειδὴ
2484 2632 2541 2685 δὲ
2573 2632 2757 2694 αὐτοῖς
2797 2630 3052 2701 ἀνόνητος
3079 2626 3144 2702 ἦν
3173 2632 3207 2701 ὴ
3234 2628 3463 2698 σπουδὴ,
3498 2626 3635 2679 Θεοῦ
3674 2642 3802 2678 κατ-

2225 2723 2537 2791 ευρύνοντος
2569 2724 2683 2786 τοῖς
2713 2723 2772 2788 ἐξ
2794 2721 3012 2794 Ἰσραὴλ
3053 2722 3153 2792 τὴν
3201 2720 3310 2774 τῶν
3359 2718 3801 2787 ἐπιτηδευμάτων

2224 2815 2362 2878 ὁδὸν,
2394 2816 2721 2880 ὡπλίζοντοκ
2734 2814 2938 2878 λοιπὸν,
2967 2814 3061 2867 καὶ
3095 2810 3559 2883 καταστρατεύειν
3592 2808 3799 2880 ἤθελον.

2239 2905 2378 2958 Ἀλλ’
2412 2906 2652 2976 ἥλωσαν,
2678 2907 2774 2959 καὶ
2821 2904 3144 2958 πεπτώκασι
3198 2903 3571 2972 ἐπαμύνοντος
3622 2900 3801 2961 αὐτοῖς

2226 2994 2382 3047 Θεοῦ.
2411 2995 2606 3063 Γέγονε
2657 2994 2715 3049 δὲ
2757 2993 2866 3047 τῶν
2909 2996 2989 3058 εἰς
3030 2991 3189 3046 τοῦτο
3234 2989 3726 3063 συναγηγερμένων
3769 2987 3803 3058 ή

2227 3084 2468 3156 ἄθροισις
2517 3088 2575 3138 ἐν
2610 3088 2676 3155 τῇ
2708 3085 2911 3139 κοιλάδι
2934 3084 3224 3153 Ἰωσαφὰτ,
3258 3083 3436 3154 χῶρος
3467 3082 3524 3135 δὲ
3552 3077 3706 3144 οὗτος
3745 3079 3803 3132 ού

2231 3175 2444 3239 πολλοῖς
2491 3176 2727 3237 σταδίοις
2767 3176 2987 3247 ἀπέχων
3031 3178 3131 3246 τῆς
3167 3173 3545 3245 Ἰερουσαλὴμ,
3594 3175 3653 3226 ἐν
3694 3175 3805 3236 τοῖς

556 3261 746 3327 salem,
790 3261 1089 3326 Balsamus,
1126 3271 1180 3317 et
1222 3260 1585 3324 Mithridates,
1636 3271 1691 3316 et
1737 3262 2025 3327 Sabellius,
2070 3273 2123 3318 et

2226 3265 2361 3337 πρὸς
2387 3264 2469 3334 ὴῶ
2500 3265 2708 3337 μέρεσι.
2728 3266 2897 3319 Ψιλὸν
2926 3264 2982 3319 δὲ
3007 3260 3145 3319 εἶναί
3183 3282 3334 3334 φασι,
3352 3265 3447 3317 καὶ
3482 3262 3803 3334 ἱππήλατον.

555 3349 858 3416 Reatimus,
898 3361 953 3406 et
987 3351 1348 3418 Bclthetmus,
1392 3361 1446 3406 et
1489 3351 1880 3409 Geentethmus
1924 3355 2122 3418 scriba,

555 3451 610 3495 et
641 3441 830 3513 reliqui
872 3441 990 3509 eius
1015 3443 1221 3498 ordinis
1251 3443 1305 3496 in
1343 3441 1589 3497 Samaria
1636 3444 1956 3511 czeterisque
1994 3444 2126 3500 locis

557 3533 864 3588 habitantes
889 3532 969 3598 ⁸⁸,
1000 3551 1020 3585 ι
1079 3534 1130 3587 in
1186 3535 1327 3587 hanc
1397 3538 1719 3589 sententiam
1764 3553 1778 3589 :
1829 3533 2123 3591 Jerusalem

557 3622 673 3678 fore
699 3625 972 3679 civitatem
1013 3623 1511 3694 inexpugnabilem,
1543 3623 1711 3696 234
1742 3641 1842 3681 nec
1885 3626 1991 3680 ulla
2035 3643 2126 3680 ra-

558 3716 707 3770 tione
745 3716 869 3771 aliis
896 3717 1114 3786 regibus
1144 3716 1476 3783 subiectam;
1525 3718 1620 3773 sed
1650 3718 1998 3773 rebellantem
2029 3735 2126 3773 au-

554 3808 867 3874 dacissime,
901 3818 981 3873 et,
1032 3808 1080 3863 si
1134 3808 1418 3880 antiquum
1464 3817 1666 3864 statum
1698 3823 1763 3863 ac
1806 3810 2124 3879 dignitatem

558 3898 807 3967 recipiat,
836 3897 1260 3970 Babyloniorum
1307 3899 1665 3969 principibus,
1707 3899 1800 3969 qui
1842 3909 1955 3952 tum
2005 3898 2127 3954 fuc-

556 3990 688 4052 rint,
738 4004 993 4045 curarum
1056 3989 1256 4046 ﬂuctus
1301 3990 1686 4045 excitaturam.
1735 3991 1805 4045 At
1850 3992 1993 4046 enim
2042 3993 2128 4046 his

555 4080 774 4150 scriptis
834 4081 963 4136 nihil
1024 4082 1246 4138 omnino
1310 4081 1587 4137 consecuti
1648 4091 1795 4138 sunt.
1848 4081 2129 4150 Rogabant

555 4185 716 4240 porro
760 4172 978 4240 quidam
1033 4186 1064 4226 e
1108 4171 1379 4238 Samaria,
1429 4181 1491 4228 ut
1534 4171 1665 4241 ipsis
1713 4187 1835 4228 cum
1884 4173 1970 4228 bis
2034 4174 2126 4243 qui

560 4261 832 4332 Babylone
872 4273 1218 4328 revenerant,
1260 4264 1511 4320 laborare
1539 4273 1594 4318 et
1613 4263 1881 4320 mdificare
1913 4265 2123 4320 liceret.

556 4351 843 4420 Repulsam
881 4351 1139 4406 tulerunt.
1172 4353 1532 4418 Quamobrem
1570 4355 1697 4408 dum
1727 4357 1983 4410 adversus
2008 4356 2127 4411 illo-

556 4456 672 4497 rum
705 4451 892 4512 postea
921 4442 1352 4497 machinationes
1374 4458 1432 4497 se
1464 4453 1680 4498 tuentur
1712 4445 1989 4509 lsraelitzc,
2014 4460 2123 4500 non

551 4546 742 4601 parum
783 4540 908 4586 sunt
938 4530 1243 4601 defatigati.

2230 3354 2351 3409 Ὅτι
2391 3355 2448 3408 δὲ
2494 3355 2878 3426 διεφθονήκασι
2934 3354 3031 3424 μέν
3083 3371 3226 3417 τινες
3268 3352 3378 3407 τῶν
3423 3353 3806 3420 δυνατωτέρων

2225 3449 2337 3509 τοῖς
2374 3444 2436 3510 ἐξ
2466 3444 2681 3517 Ἰσραὴλ
2713 3446 2804 3500 τὸν
2847 3446 2990 3498 θεῖον
3019 3446 3294 3515 ἐγείρουσι
3323 3445 3478 3509 ναὸν,
3504 3443 3715 3515 ὤνησαν
3744 3442 3804 3495 δὲ

2224 3534 2396 3602 οὐδὲν,
2437 3535 2636 3599 διδάξει
2685 3534 2858 3603 λέγων
2906 3537 2934 3587 6
2979 3536 3243 3606 μακάριος
3274 3533 3509 3606 Ἔσδρας
3535 3551 3550 3565 ο
3583 3534 3709 3586 «Ἐν
3747 3531 3805 3586 δὶ

2224 3626 2337 3686 τοῖς
2362 3623 2454 3676 ἐπὶ
2477 3623 2835 3695 Ἀρταξέρξου
2884 3623 2975 3677 τοῦ
3015 3622 3241 3694 Περσῶν
3276 3623 3536 3694 βασιλέως
3571 3622 3802 3695 χρόνοις,

2224 3715 2576 3784 κατέγραψαν
2617 3717 2758 3768 κατᾶ
2800 3714 2908 3768 τῶν
2938 3715 3333 3769 κατοικούντων
3361 3716 3421 3769 ἐν
3450 3717 3516 3786 τῇ
3548 3713 3801 3785 Ἰουδαίᾳ,

2225 3808 2318 3861 καὶ
2362 3807 2420 3860 ἐν
2454 3807 2805 3877 Ἰερουσαλὴμ
2855 3807 3118 3879 Βήλεμος,
3160 3808 3255 3862 καὶ
3303 3805 3665 3878 Μιθριδάτης,
3710 3807 3803 3860 καὶ

2224 3896 2529 3962 Σαϐέλλιος,
2564 3898 2659 3951 καὶ
2692 3897 2966 3969 Ῥάθιμος,
3001 3899 3096 3951 καὶ
3142 3899 3464 3969 Βέλτεθμος,
3511 3900 3605 3952 καί
3648 3898 3802 3952 Γεένο

2222 3988 2420 4060 τεθμος
2448 3991 2476 4042 ὁ
2508 3990 2889 4058 γραμματεὺς,
2922 3990 3017 4042 καὶ
3045 3991 3094 4042 οἰ
3119 3988 3296 4043 λοιποὶ
3339 3992 3389 4043 οἰ
3439 3989 3649 4052 τούτοις
3678 3984 3804 4042 ’συν-

2223 4082 2568 4151 τασσόμενοι,
2604 4076 2879 4143 οἰκοῦντες
2915 4080 2974 4133 δὲ
3017 4082 3074 4134 ἐν
3103 4082 3407 4153 Σαμαρείᾳ,
3443 4081 3680 4144 καὶτοῖς
3708 4082 3800 4134 ἆλ-

2224 4171 2335 4236 λοις
2363 4172 2568 4233 τόποις.
2592 4190 2611 4223 ι
2636 4167 2744 4224 τΗν
2776 4170 2831 4224 δέ
2862 4171 2960 4242 τῆς
2995 4171 3215 4243 γραφῆς
3244 4171 3419 4226 τοιάδε
3457 4189 3543 4236 τις
3574 4174 3606 4243 ἡ
3644 4171 3799 4225 δύναο

2228 4281 2340 4335 μις,
2370 4263 2447 4326 ὡς
2492 4260 2576 4334 εἴη
2629 4262 2727 4333 μὲν
2774 4262 2928 4326 πόλις
2974 4262 3275 4334 ἄθραυστον
3325 4263 3526 4335 ἔχουσα
3575 4264 3801 4333 δύναμιν

2236 4352 2609 4424 Ἰερουσαλὴμ,
2644 4354 2852 4424 ἤκουσα
2903 4354 2961 4407 δὲ
3003 4352 3251 4425 οὐδαμῶς
3294 4356 3406 4418 τοῖς
3451 4352 3558 4407 τῶν
3600 4355 3801 4423 ἐτέρων

2224 4444 2415 4518 χωρῶν
2455 4444 2790 4514 βασιλεῦσιν·
2827 4446 3252 4517 ἀντεγειρομένη
3288 4448 3346 4501 δέ
3376 4445 3567 4518 μᾶλλον
3594 4445 3802 4516 σφόδρα

2223 4535 2506 4599 νεανικῶς,
2541 4536 2605 4588 ἵν’
2632 4538 2681 4590 εἰ
2729 4537 2938 4606 γένοιτο
2985 4539 3146 4593 πάλιν
3180 4539 3543 4609 ὑπονοστῆσαι
3573 4538 3708 4608 πρὸς
3742 4537 3801 4590 τὸ

549 4622 800 4694 ἀρχαῖον,
835 4622 930 4675 καὶ
957 4621 1139 4684 αὐτοῖς
1168 4620 1417 4676 σαλεύσιι
1447 4622 1730 4694 φροντίδας
1756 4625 1869 4687 τοῖς
1898 4622 1998 4692 τῆς
2046 4623 2367 4689 Βαϐυλῶνος
2427 4625 2568 4679 κατά
2622 4628 2847 4697 καιροὺς
2886 4628 3380 4699 ἡγουμένοις.Ἀλλ’
3443 4630 3660 4699 ὤνησαν
3703 4627 3798 4700 μὲν

548 4714 620 4768 τὰ
656 4711 835 4766 τοιάδε
879 4713 1217 4782 γεγραφότες
1254 4713 1529 4777 παντελῶς
1574 4713 1745 4769 οὐδέν.
1779 4713 2127 4784 Παρεκάλουν
2165 4716 2222 4768 δέ
2253 4734 2396 4780 τινες
2443 4717 2552 4770 τῶν
2597 4720 2656 4771 ἐν
2703 4720 3008 4790 Σαμαρείᾳ,
3069 4719 3178 4772 τῶν
3209 4720 3273 4773 ἐκ
3308 4719 3629 4784 Βαϐυλῶνος
3676 4736 3798 4789 μετ-

548 4804 898 4860 οικισθέντων
926 4803 1352 4874 συνεργάζεσθαι
1378 4821 1460 4870 τε,
1487 4805 1582 4858 κα)⁸
1640 4804 2039 4876 συνοικοδομεῖν
2095 4806 2301 4870 αὐτοῖς.
2331 4808 2397 4861 Ui.
2425 4805 2482 4860 δέ
2520 4808 2620 4863 οὐκ
2651 4809 2863 4880 ἤθελον,
2897 4809 2990 4863 καὶ
3034 4810 3234 4881 ταύτης
3262 4809 3425 4864 ἕνεκα
3456 4810 3554 4881 τῆς
3622 4808 3799 4875 αἰτίας

550 4897 897 4969 κεκμήκασιν
943 4896 1004 4950 οὺ
1057 4896 1327 4969 μετρίως,
1374 4899 1496 4961 ταῖς
1545 4896 1768 4951 ἐκείνων
1815 4896 2127 4963 ἐπιϐουλαῖς
2161 4898 2570 4966 ἀντεξάγοντες.

620 4989 720 5045 Est
765 5002 932 5059 porro
977 4989 1120 5057 apud
1157 4987 1384 5042 Esdram
1435 4987 1491 5042 in
1543 4988 1687 5043 hunc
1725 4988 1983 5044 modum:
2012 5006 2031 5039 ι
2065 4989 2123 5043 ΕΙ

2303 4990 2619 5062 Γέγραπται
2672 4989 2729 5044 δὲ
2794 4989 2968 5054 οὕτως
3042 4993 3100 5044 ἐν
3174 4988 3252 5060 τῷ
3317 4989 3524 5061 Ἔσδρᾳ
3603 4988 3794 5043 πάλιν

550 5081 841 5137 audierunt
905 5079 1227 5136 tribulantes
1266 5078 1459 5134 Judam
1517 5089 1575 5134 et
1620 5078 1927 5150 Beniamin,
1979 5081 2122 5149 quod

550 5170 650 5226 lilii
681 5170 1175 5243 transmigrationis
1202 5171 1472 5227 aediﬁcant
1502 5171 1722 5227 domum
1752 5173 1979 5227 Domino
2009 5172 2121 5227 Deo

551 5262 740 5318 Israel.
780 5262 849 5318 Et
869 5270 1220 5320 accesserunt
1249 5262 1316 5317 ad
1345 5261 1733 5319 Zorobabelem
1766 5272 1822 5318 et
1850 5264 2121 5334 principes

551 5351 908 5419 familiarum,
936 5364 993 5412 et
1014 5355 1272 5411 dixerunt
1290 5355 1374 5411 eis
1397 5372 1413 5409 :
1438 5352 1796 5410 Ediﬁcemus
1818 5354 2118 5420 vobiscum,

2229 5096 2249 5131 ι
2282 5080 2392 5133 Καὶ
2433 5080 2674 5151 ἥκουσαν
2723 5082 2771 5134 οἱ
2803 5079 3077 5145 θλίϐοντες
3121 5080 3344 5143 Ἰούδαν,
3374 5080 3469 5133 καὶ
3519 5078 3796 5149 Βενιαμὶν,

2222 5171 2305 5225 δτι
2362 5172 2411 5224 οι
2457 5170 2563 5224 υἱοί
2613 5169 2714 5242 τῆς
2748 5170 3055 5235 ἀποικίας·
3082 5169 3455 5240 οἰκοδομοῦσιν
3516 5164 3665 5221 οἷκον
3722 5164 3798 5236 τῷ

2222 5261 2411 5333 Κυρίῳ
2454 5261 2838 5335 Θεῷ’1σραήλ’
2874 5262 2969 5315 καὶ
3013 5263 3246 5334 ἤγγισαν
3295 5260 3433 5332 πρὸς
3476 5255 3796 5331 Ζοροϐάϐελ,

2226 5352 2323 5405 καὶ
2352 5352 2488 5423 πρὸς
2516 5354 2641 5416 τοὺς
2666 5353 2931 5424 ἄρχοντας
2957 5353 3064 5405 τῶν
3090 5352 3352 5423 πατριῶν,
3384 5350 3478 5404 καί⁵
3518 5343 3672 5402 εἷπον
3698 5345 3797 5399 αύ-

550 5442 678 5513 quia
726 5444 870 5501 sicut
906 5460 1004 5502 vos
1046 5447 1340 5517 quaerimus
1382 5446 1550 5502 Deum
1600 5455 1860 5513 vestrum,
1909 5454 1967 5501 et
2014 5445 2116 5515 ipsi

2224 5446 2328 5507 τοῖς
2347 5463 2361 5476 ·
2392 5444 2845 5515 Οἰκοδομήσωμεν
2872 5445 2991 5516 μεθ’
3025 5444 3197 5514 ὑμῶν,
3226 5444 3308 5497 ὅτι
3346 5443 3422 5505 ὡς
3453 5442 3613 5510 ὑμεῖς
3640 5438 3801 5505 ἐκζη-

550 5546 653 5587 nos
682 5535 1054 5591 sacriﬁcamus
1083 5550 1116 5590 a
1159 5537 1349 5592 diebus
1387 5537 1704 5602 Asaradam,
1747 5535 1891 5604 regis
1919 5536 2112 5599 Assur,

549 5621 642 5693 qui
677 5622 828 5677 duxit
849 5638 952 5680 nos
984 5624 1111 5680 huc.
1143 5624 1441 5683 Zorobabel
1471 5635 1652 5682 autem
1678 5642 1801 5682 cum
1828 5625 2118 5681 comitibus

2218 5537 2419 5609 τοῦμεν
2449 5537 2541 5591 τὸν
2570 5537 2700 5591 Θεὸν
2730 5535 2902 5606 ὑμῶν,
2936 5537 3031 5589 καὶ
3074 5535 3223 5606 αύτῷ
3265 5536 3424 5605 ἡμεῖς
3470 5530 3802 5598 θυσιάζομεν

2222 5626 2329 5680 ἀπὸ
2378 5626 2599 5697 ἡμερῶν
2625 5625 2927 5697 ’Ᾱσαραδὰν
2978 5625 3241 5696 βασιλέως
3262 5622 3496 5692 Ἀσσοὺρ
3522 5620 3617 5674 τοῦ
3647 5617 3798 5685 ἐνέγ-

618 5803 665 5838 ⁶⁷
700 5800 743 5858 ιι
775 5798 932 5857 Esdr.
972 5813 1055 5868 ιιι,
1089 5800 1287 5871 passim
1316 5819 1332 5866 ;
1373 5800 1415 5853 11
1447 5800 1604 5858 Esdr.
1641 5815 1713 5865 tv,
1746 5800 1833 5855 l7.
1908 5799 1955 5832 ⁸⁸
1984 5798 2045 5854 lll
2075 5799 2123 5853 Et

2224 5815 2322 5861 .u,
2367 5797 2448 5853 l6.
