4054 6274
544 407 644 466 391

1520 405 1581 462 S.
1623 397 1899 460 CYRlLLl
1937 394 2406 453 ALEXANDRINI
2443 393 2764 452 ARCHIEP.

3687 400 3792 456 ζ’)θὲ

550 530 618 586 de
663 525 748 582 his
783 540 904 596 quae
938 525 1222 580 adversum
1263 523 1409 594 ipsos
1437 521 1899 594 perpetraverint,
1936 519 2102 574 ratio-

2205 513 2329 576 τοὺς
2376 513 2622 584 νεκρούς.
2651 513 2868 568 Οῐονται
2911 513 2968 568 δὲ
3017 515 3099 568 ὃτι
3145 514 3260 569 τῶν
3289 515 3370 579 είς
3398 515 3596 581 αὐτοὺς
3629 517 3792 574 ἕνεκα

538 633 664 674 nem
701 615 1004 670 reddituros
1034 613 1100 667 “.
1133 612 1260 678 Quae
1305 613 1556 683 cogitatio
1603 611 1716 668 ﬁeri
1761 611 1948 681 nequit
1979 611 2108 679 quin

542 706 768 762 ridicula
799 705 889 767 sit,
919 702 1350 772 quandoquidem
1385 703 1643 758 divinitus
1665 701 1925 772 inspirata
1961 699 2110 754 Scri-

541 809 699 869 ptura
758 794 1098 865 prophetiam
1155 795 1474 864 completam
1500 811 1622 851 esse
1647 795 1797 860 dicit,
1830 804 1885 850 et
1930 806 2108 862 pugna

540 885 824 941 commissa
848 885 902 937 iu
929 883 1066 938 valle
1092 881 1376 954 Josaphat,
1415 898 1445 938 a
1479 884 1675 939 vicinis
1706 882 1956 953 gentibus
1987 895 2106 950 pce-

541 989 640 1030 nas
673 983 912 1029 exactas.
945 971 1224 1027 lrruerunt
1253 973 1423 1039 enim,
1477 982 1534 1028 ut
1559 973 1695 1039 dixi,
1740 973 1794 1027 in
1850 971 2107 1042 reliquias

539 1066 776 1129 lsraelis,
825 1065 1073 1135 quamvis
1095 1063 1287 1133 iactati
1321 1064 1578 1120 aerumnis
1619 1064 1775 1135 longe
1813 1062 2102 1133 plurimis;

539 1156 848 1225 Babyloniis
892 1153 1156 1210 siouidem
1188 1165 1241 1209 tn
1277 1155 1597 1211 servitutem
1644 1153 1876 1210 traditus
1902 1154 2105 1210 fuerat.

608 1413 774 1471 Vens.
815 1413 936 1470 4-6.
975 1411 1041 1466 Et
1064 1411 1277 1482 quidem
1308 1412 1432 1483 quid
1462 1413 1591 1466 mihi
1611 1421 1662 1467 et
1698 1413 1862 1479 vobis,
1910 1414 2103 1485 Tyrus,

538 1517 588 1561 et
611 1503 796 1569 Sidon,
816 1517 864 1560 et
886 1504 1052 1558 omnis
1079 1502 1308 1558 Gattlwa
1347 1504 1767 1573 alienigenarum
1790 1505 1816 1558 ?
1847 1503 2104 1576 Nunquid

538 1596 928 1651 retributionem
955 1611 1042 1648 vos
1064 1595 1351 1648 retribuitis
1375 1593 1530 1659 mihi,
1557 1604 1647 1646 aut
1687 1594 1827 1648 iram
1851 1597 1907 1650 in
1946 1598 2105 1651 corde

538 1688 769 1742 retinetis
795 1686 964 1739 mihi?
1007 1683 1264 1738 Velociter
1282 1693 1329 1738 et
1351 1685 1454 1738 cito
1477 1684 1691 1738 reddam
1712 1685 2105 1742 retributionem

537 1788 762 1833 vestram
801 1776 858 1829 in
923 1775 1098 1843 capita
1147 1785 1339 1829 vestra.
1391 1772 1500 1827 Pro
1545 1791 1604 1829 eo
1648 1775 1789 1845 quod
1829 1787 2103 1846 argentum

537 1886 710 1923 nteum
741 1877 789 1922 et
820 1883 1007 1921 aurum
1037 1883 1208 1920 meum
1237 1865 1456 1929 tulistis,
1481 1875 1529 1919 et
1553 1865 1716 1920 electa
1738 1883 1874 1932 mea,
1897 1877 1946 1921 et
1969 1867 2105 1922 bona
2136 1853 2178 1908 Β

535 1961 789 2015 intulistis
817 1959 871 2013 in
891 1957 1084 2026 templa
1122 1966 1313 2010 vestra.
1343 1954 1512 2009 Filios
1541 1954 1709 2020 Juda,
1748 1963 1798 2009 et
1837 1955 1978 2024 ﬁlios
2019 1957 2106 2012 Je—

538 2051 766 2106 rusalem
790 2048 1096 2104 vendidistis
1133 2047 1258 2113 ﬁliis
1289 2046 1452 2118 236
1493 2043 1818 2112 Graecorum,
1844 2054 1901 2099 ut
1945 2046 2106 2112 εἰὶσε-

540 2142 668 2196 retis
704 2157 791 2194 eos
820 2156 884 2194 ea:
909 2139 1106 2207 ﬁnibus
1140 2139 1272 2191 suis.

607 2313 850 2370 XXXIX.
902 2312 1105 2370 Omnes
1139 2313 1321 2383 itaque
1365 2321 1558 2384 gentes
1609 2321 1795 2367 contra
1848 2309 2104 2366 lsraelem

536 2407 850 2478 congregati
880 2415 1023 2470 sunt,
1055 2405 1322 2470 Moabitae,
1357 2402 1575 2460 Idumaei
1606 2414 1659 2460 et
1683 2402 1940 2469 Jebuszei,
1975 2403 2106 2457 Am-

538 2499 756 2554 tuonitae
785 2504 840 2551 et
868 2496 1105 2565 reliquae.
1131 2496 1302 2566 Hujus
1337 2496 1553 2552 consilii
1589 2505 1644 2550 et
1665 2493 1928 2549 facinoris
1949 2501 2101 2548 ante-

538 2587 797 2657 signanos
856 2586 1020 2642 fuisse
1071 2600 1192 2642 reor
1235 2588 1624 2654 Damascenos,
1661 2585 1876 2656 Tyrios,
1923 2593 1978 2637 et
2011 2582 2106 2652 qui

539 2677 952 2747 appellabantur
989 2676 1305 2742 Philisliim,
1333 2685 1388 2730 et
1412 2689 1585 2746 usque
1634 2676 1701 2730 ad
1735 2675 1906 2744 ipsam
1940 2671 2104 2738 Gcth,

539 2783 660 2839 quas
687 2767 1113 2838 alienigenarum
1171 2768 1391 2823 dicitur.
1429 2766 1697 2834 Quocirca
1751 2766 1832 2821 sic
1860 2779 1954 2820 eos
1979 2765 2105 2818 uni-

539 2871 818 2914 versorum
854 2857 996 2914 Deus
1013 2858 1210 2912 all‘atur
1243 2874 1259 2912 :
1295 2876 1314 2909 c
1373 2857 1512 2924 Quid
1554 2856 1689 2911 mihi
1719 2866 1775 2911 et
1795 2855 1969 2920 vobis,
1999 2853 2106 2924 Ty-

539 2963 656 3015 rus,
688 2957 742 3004 et
767 2949 957 3012 Sidon,
984 2958 1040 3003 et
1083 2947 1260 3004 omnis
1289 2947 1513 3002 Galilaea
1559 2945 1986 3014 alienigenarum
2013 2943 2038 2998 ?
2080 2961 2100 2996 ι

541 3039 688 3107 Quas
726 3041 870 3096 enim
923 3039 1240 3094 occasiones
1285 3037 1539 3102 feritatis,
1583 3035 1775 3104 inquit,
1821 3034 2104 3104 habentes,

539 3145 780 3187 aerumna
830 3143 1076 3200 pressum
1131 3127 1413 3192 Israelem,
1468 3137 1525 3182 et
1560 3141 1591 3181 a
1642 3124 1950 3195 Babyloniis
1996 3141 2102 3182 non

539 3219 854 3292 vulgaribus
886 3219 1240 3275 incommodis
1272 3227 1553 3274 oneratum
1606 3218 1871 3273 scelerate
1917 3219 2102 3287 oppri-

540 3314 708 3376 mitis,
738 3322 794 3368 et
817 3313 1014 3368 acerbe
1053 3311 1131 3366 illi
1169 3309 1514 3376 insultantes,
1563 3318 1620 3364 et
1666 3323 1754 3364 me
1806 3309 1946 3364 forte
1983 3308 2109 3364 irri-

541 3403 732 3459 dentes
771 3403 1203 3473 quodammodo,
1230 3403 1319 3472 qui
1348 3414 1471 3455 eum
1518 3401 1739 3456 servavi
1784 3410 1840 3455 et
1869 3401 2104 3468 defendi,

541 3509 608 3549 ac
634 3493 845 3562 probris
877 3505 980 3546 non
1003 3492 1314 3546 dubitantes
1342 3490 1604 3551 lacerare,
1629 3489 1739 3542 imo
1762 3503 1893 3544 vero
1926 3490 2105 3559 reipsa

542 3581 789 3639 allicere?
825 3580 1002 3648 Quare
1029 3580 1181 3636 brevi
1214 3579 1470 3634 ultionem
1519 3577 1816 3648 recipietis,
1844 3587 1899 3634 et
1926 3579 2106 3634 veniet

543 3674 693 3730 vobis
731 3675 782 3728 in
809 3681 971 3742 caput
1011 3670 1248 3727 ves'trum
1284 3689 1299 3738 ;
1348 3683 1537 3741 poenas
1565 3669 1710 3724 enim
1743 3669 1875 3724 mihi
1915 3669 2102 3725 vobis-

541 3781 666 3822 cum
705 3765 760 3819 in
793 3763 935 3819 valle
964 3761 1228 3833 Josaphat
1263 3762 1628 3832 disceptaturo
1671 3760 1939 3830 pendetis.
1993 3758 2107 3816 Ac-

541 3860 696 3909 cusat
727 3860 906 3907 autem
945 3866 1055 3916 eos,
1090 3859 1149 3905 ut
1183 3852 1272 3920 qui
1327 3849 1498 3904 electa
1548 3849 1728 3919 templi
1761 3850 2102 3920 diripuerint,

542 3948 600 3994 et
629 3951 791 3992 aurea
809 3951 939 3992 vasa
966 3937 1327 4006 compilarint,
1358 3946 1520 4006 atque
1541 3939 1608 3991 ad
1629 3952 1848 3992 suorum
1879 3939 2106 3994 deorum

541 4029 804 4084 honorem
839 4028 1228 4084 dedicaverint.
1255 4026 1654 4083 lntolerandum
1707 4043 1890 4098 porro,
1939 4037 1994 4085 et
2023 4030 2107 4085 di-

543 4133 664 4174 rum
711 4115 981 4187 negotium
1005 4157 1022 4183 ,
1077 4126 1133 4173 et
1173 4118 1315 4188 quod
1348 4119 1480 4174 satis
1524 4119 1596 4174 sit
1619 4119 1686 4175 ad
1728 4118 2104 4176 oﬂ‘endendum

540 4209 732 4277 Deum,
769 4208 922 4278 cuius
949 4209 1040 4265 illa
1074 4225 1176 4266 vox
1205 4226 1219 4263 :
1254 4229 1273 4263 ι
1311 4209 1552 4267 Gloriam
1579 4227 1755 4267 meam
1799 4212 1954 4269 alteri
1992 4228 2101 4268 non

541 4301 701 4364 dabo,
749 4315 924 4370 neque
971 4301 1185 4358 laudem
1244 4315 1418 4356 meam
1463 4301 1618 4358 idolis
1639 4302 1705 4358 ⁸³.
1737 4322 1757 4355 ι
1789 4303 1928 4370 Quid
1956 4304 2102 4360 enim

538 4391 684 4446 aliud
711 4391 872 4446 fuerit
902 4393 1265 4447 sacrosanctis
1286 4395 1652 4449 anathematls
1670 4394 1935 4450 idolorum
1973 4394 2102 4451 fana

540 4479 942 4548 condecorare,
997 4491 1158 4550 quam
1219 4483 1604 4551 propemodum
1656 4483 1994 4552 proclamare
2036 4498 2100 4540 ac

541 4571 744 4635 dicere,
780 4571 1149 4626 universitatis
1181 4570 1339 4640 huius
1376 4570 1545 4626 Deum
1575 4573 1841 4627 secundas
1877 4583 2094 4638 tenere,

541 4661 628 4715 illa
658 4670 836 4716 autem
875 4663 1096 4730 primas,
1130 4670 1186 4714 et
1222 4659 1450 4715 salutem
1477 4661 1607 4714 dare
1638 4676 1820 4730 posse,
1847 4677 1877 4716 a
1900 4663 2102 4732 quibus

540 4749 875 4807 adorentur?
906 4749 1016 4805 Nec
1047 4748 1244 4804 sullicit
1286 4749 1462 4815 vobis,
1513 4748 1706 4820 inquit,
1748 4751 1816 4806 ad
1851 4751 2100 4822 impieta-

541 4851 647 4897 tem
675 4881 690 4906 ,
727 4839 926 4895 divinis
981 4840 1220 4895 donariis
1269 4839 1531 4910 spoliasse
1579 4840 1838 4910 templum
1893 4857 2099 4909 meum,

537 4935 759 5004 insuper
789 4932 927 4988 lilios
960 4931 1095 4986 Juda
1129 4941 1184 4987 et
1247 4931 1385 4987 ﬁlios
1434 4929 1733 4987 Jerusalem
1779 4933 2099 4992 vendidistis
2168 4935 2172 4940 ’

536 5024 844 5081 Grecorum
886 5023 1032 5078 llliis.
1061 5022 1289 5080 Factum
1331 5023 1476 5080 istud
1499 5023 1792 5080 verisimile
1852 5033 1936 5080 est
1967 5063 1984 5091 ,
2039 5035 2099 5081 ut

537 5115 703 5187 aliqui
730 5129 924 5186 nempe
951 5128 1017 5169 ex
1045 5111 1210 5169 Israel
1245 5115 1298 5168 in
1350 5123 1521 5169 terras
1558 5114 1796 5184 gentium
1843 5116 2100 5187 deporta-

535 5219 742 5274 rentur,
771 5206 1074 5263 cmentibus
1097 5216 1153 5261 et
1182 5205 1576 5261 abducentibus
1622 5215 1716 5261 aut
1750 5205 1935 5278 Tyriis
1981 5207 2097 5264 for-

537 5304 701 5366 tasse,
729 5308 821 5354 aut
850 5299 972 5353 aliis
999 5305 1360 5353 mercaturam
1396 5296 1740 5366 facientibus,
1779 5308 1834 5354 et
1867 5299 2096 5369 quaastui

537 5387 896 5458 comparando
921 5388 1132 5445 deditis.

607 5749 657 5782 “
684 5745 869 5804 lPelr.
919 5762 993 5813 tv,
1031 5748 1084 5803 5.
1158 5750 1202 5781 "
1229 5748 1334 5804 lsa.
1375 5749 1574 5815 xut,8.

2210 604 2512 672 γεγονότων
2555 605 2840 658 ἀππιοῦσι
2867 605 3080 674 λόγους,
3106 608 3155 660 oi
3186 607 3324 662 κατά
3355 609 3535 661 πᾶσαν
3565 609 3664 681 τὴν
3699 611 3792 664 ὑπ’

2208 693 2458 764 οὐρανόν.
2477 695 2791 766 ’Δμοιρήσει
2813 694 2858 748 δ’
2888 695 2954 749 ἂν
2981 695 3232 765 οὐδαμῶς
3252 697 3344 750 τοῦ
3372 696 3633 766 γελᾶσθαι
3660 701 3792 772 πρέ-

2208 800 2332 836 πειν
2358 783 2419 836 τὸ
2444 783 2734 854 ἐνθύμημα
2769 786 2974 850 αὐτοῖς,
3009 787 3110 854 τῆς
3157 787 3514 840 θεοπνεύστου
3561 789 3789 861 Γραφῆς

2206 875 2276 928 τὰ
2317 875 2414 946 τῆς
2457 876 2794 946 προφητείας
2823 878 3228 950 ὲκπεπεράνθαι
3259 877 3547 950 λεγούσης,
3577 883 3672 934 καὶ
3705 883 3790 937 ὃτι

2206 963 2361 1028 δίκας
2394 963 2680 1035 ὲξῄτηνται
2727 968 2877 1038 παρὰ
2919 968 3054 1022 Θεοῦ
3087 969 3154 1022 τά
3183 969 3434 1040 περίοικα
3457 971 3570 1025 τῶν
3593 972 3788 1038 ἐθνῶν,

2205 1055 2300 1108 τοῦ
2349 1055 2588 1126 πολέμου
2633 1057 2915 1125 γεγονότος
2943 1061 3002 1112 ὲν
3038 1063 3104 1131 τῇ
3142 1060 3346 1114 κοιλάδι
3376 1061 3470 1115 τοῦ
3494 1064 3786 1129 Ἰωσαφάτ.

2220 1146 2380 1200 Ἐπέο
2389 1164 2597 1218 ρωσκεν
2615 1149 2743 1220 γὰρ,
2761 1149 2836 1214 ὡς
2848 1150 3002 1220 ἔφην,
3023 1153 3135 1213 τοῖς
3147 1151 3419 1222 λειψάνοις
3433 1153 3528 1207 τοῦ
3549 1155 3784 1227 Ἰσραὴλ,

2205 1238 2381 1292 καίτοι
2425 1239 2682 1310 πλείστην
2726 1241 2857 1309 ὅσην
2905 1241 3230 1305 ἀνατλάντος
3277 1242 3674 1312 ταλαιπωρίαν,
3698 1246 3784 1299 δέ-

2206 1331 2388 1383 δονται
2417 1331 2526 1402 γὰρ
2552 1331 2664 1394 τοῖς
2690 1331 3079 1396 Βαϐυλωνίοις.

2273 1421 2388 1476 Kal
2411 1437 2479 1488 τε
2511 1421 2568 1474 τί
2593 1421 2722 1490 ἐμοὶ
2763 1421 2863 1475 καὶ
2890 1422 3052 1491 ὑμῖν,
3080 1423 3280 1493 Τύρος,
3313 1424 3411 1479 καὶ
3443 1425 3654 1493 Σιδὼν,
3685 1429 3784 1484 καί

2204 1512 2374 1568 πᾶσα
2439 1513 2737 1567 Γαλιλαία
2799 1513 3210 1584 denegantur;
3259 1517 3349 1585 μὴ
3402 1519 3785 1590 ἀνταπόδομα

2203 1605 2372 1674 ὑμεῖς
2399 1603 2829 1660 ἀνταποδίδοτέ
2861 1623 2985 1674 μοι,
3016 1606 3056 1674 ἢ
3086 1609 3551 1676 praemunire;
3581 1611 3784 1678 Ὀξέως

2205 1697 2304 1752 καὶ
2333 1695 2557 1765 ταχέως
2580 1695 2984 1752 ἀνταποδώσω
3009 1697 3074 1751 τὸ
3098 1698 3485 1770 ἀνταπόδομα
3509 1701 3679 1770 ὑμῶν
3697 1705 3786 1770 εὶς

2205 1786 2472 1854 κεφαλὰς
2515 1787 2701 1856 ὑμῶν.
2719 1787 2863 1841 Ἆγίν
2891 1783 2981 1842 ὧν
3005 1787 3074 1842 τὸ
3103 1789 3387 1858 ἀργύριόν
3411 1809 3556 1860 μου,
3587 1793 3685 1846 καὶ
3717 1794 3782 1848 τὸ

2204 1877 2464 1946 χρυσίον
2493 1895 2615 1946 μου
2659 1877 2919 1945 ἐλάϐετε,
2959 1879 3058 1933 καί
3089 1881 3163 1934 τὰ
3189 1880 3475 1935 ἑπίλεκτά
3508 1900 3652 1950 μου,
3686 1883 3777 1937 καί

2204 1969 2278 2021 τὰ
2303 1967 2460 2021 καλὰ
2486 1966 2858 2038 είσενέγνιατε
2896 1973 2984 2035 εις
3014 1972 3155 2037 τοὺς
3182 1971 3368 2038 ναοὺς
3399 1972 3586 2041 ὑμῶν.
3635 1974 3779 2040 Τοὺς

2204 2057 2372 2124 υἱοὺς
2405 2057 2610 2124 Ἰούδα,
2639 2059 2736 2111 καὶ
2766 2059 2908 2124 τοὺς
2937 2061 3106 2128 υἱοὺς
3136 2061 3522 2130 Ἰερουσαλὴμ
3565 2062 3782 2117 ἀπέδο-

2205 2151 2316 2202 σθε
2342 2147 2466 2214 τοῖς
2491 2149 2640 2214 υἱοῖς
2674 2149 2792 2203 τῶν
2835 2150 3163 2220 Ἑλλήνων,
3192 2151 3351 2219 ὅπως
3382 2152 3652 2223 ἐξώσητε
3679 2156 3788 2208 ai:-

2205 2238 2346 2304 τοὺς
2369 2239 2438 2292 ἐκ
2471 2239 2589 2292 τῶν
2615 2241 2795 2307 ὁρίων
2824 2241 3041 2296 αὐτῶν.

2273 2329 2396 2386 ΛΘ’.
2438 2329 2626 2394 Ἐθνος
2669 2331 2768 2400 μὲν
2810 2327 2904 2386 οὖν
2942 2333 3086 2388 ἀπαν
3115 2333 3259 2387 κατά
3289 2333 3382 2388 τοῦ
3404 2333 3616 2405 Ἰσραὴλ
3647 2351 3784 2388 συν-

2204 2423 2507 2494 αγήγερται
2526 2461 2541 2487 ,
2568 2423 2871 2489 Μωαϐῖται,
2889 2424 3195 2496 Ἰδουμαῖοι,
3215 2426 3541 2490 ’Ῑεϐουσαῖοι,
3557 2428 3786 2496 Ἄμμα-

2204 2518 2366 2580 νῖται,
2395 2513 2492 2568 καὶ
2518 2515 2567 2567 el
2595 2514 2790 2569 λοιποί.
2828 2515 3110 2586 Κατάρξαι
3141 2517 3218 2580 δὲ,
3239 2513 3414 2587 οἶμαι,
3443 2517 3660 2586 βουλῆς,
3689 2517 3787 2570 καὶ

2203 2605 2616 2677 ἐγχειρημάτων
2661 2607 3076 2678 Δαμασκηνοὺς,
3101 2607 3198 2661 καὶ
3227 2607 3482 2678 Τυρίους,
3513 2607 3612 2659 καὶ
3659 2606 3786 2670 τοὺς

2204 2695 2572 2767 καλουμένους
2601 2695 2925 2766 Φιλιστιεὶμ,
2951 2697 3045 2750 καὶ
3074 2697 3266 2768 μέχρις
3291 2697 3461 2766 αὐτῆς
3507 2697 3613 2766 τῆς
3657 2697 3782 2762 rec,

2201 2786 2322 2858 ἥτις
2367 2786 2610 2840 καλεῖται
2659 2789 2755 2840 καὶ
2807 2787 3139 2856 ἀλλοφύλων.
3175 2789 3464 2860 Τοιγάρτοι
3507 2787 3602 2841 καὶ
3649 2787 3786 2860 πρὸς

2203 2875 2400 2940 αὐτοὺς
2445 2879 2474 2931 ὁ
2521 2877 2627 2931 τῶν
2685 2878 2823 2932 ὅλων
2861 2877 3020 2942 Θεός’
3058 2897 3078 2930 ι
3108 2879 3219 2932 Καὶ
3262 2879 3316 2931 τί
3351 2877 3477 2948 ἐμοὶ
3519 2880 3615 2931 καὶ
3658 2879 3808 2948 ὑμῖν,

2204 2965 2398 3039 Τύρος,
2422 2968 2517 3022 καὶ
2545 2966 2732 3034 Σιδὼν,
2765 2969 2858 3022 καὶ
2895 2971 3045 3023 πᾶσα
3070 2967 3330 3024 Γαλιλαία
3366 2967 3716 3037 ἀλλοφύλων;
3759 2986 3780 3022 s

2207 3055 2376 3122 Ποίας
2405 3057 2535 3129 γὰρ,
2567 3060 2720 3129 φησιν
2747 3059 2844 3124 τὰς
2878 3059 3128 3130 ἀφορμὰς
3155 3060 3254 3130 τῆς
3283 3059 3611 3130 ἀγριότητος
3636 3059 3790 3130 ἔχον-

2207 3163 2320 3212 τες,
2350 3147 2776 3220 ταλαιποροῦντα
2813 3149 2904 3203 τὸν
2933 3149 3168 3220 Ἰσραὴλ,
3203 3149 3299 3202 καὶ
3327 3152 3450 3212 ταῖς
3497 3149 3564 3202 ὲκ
3609 3148 3789 3202 Βαϐυ-

2206 3236 2413 3292 λωνίων
2435 3241 2739 3311 συμφοραῖς
2765 3240 2825 3293 οὐ
2850 3239 3086 3312 μετρίως
3109 3239 3526 3310 κατηχθημένον
3555 3239 3790 3304 ἀνοσίους

2207 3327 2601 3400 ὲπιφορτίζετε,
2638 3330 2849 3401 πικρῶς
2876 3329 3268 3394 ἐπιϐαίνοντες,
3301 3330 3396 3382 καὶ
3420 3324 3532 3383 οἷον
3560 3329 3664 3399 ἐμὲ
3691 3345 3789 3398 γε-

2207 3417 2407 3479 λῶντες
2445 3420 2537 3474 τὸν
2576 3419 2816 3485 σώζοντα
2848 3421 2990 3491 τάχα
3022 3438 3146 3487 που,
3173 3421 3270 3476 καὶ
3297 3421 3656 3492 ἀμυνόμενον,
3688 3420 3788 3474 καὶ

2206 3508 2276 3567 τὰ
2305 3510 2514 3581 ἐχθρῶν
2543 3513 2622 3574 είς
2651 3511 2753 3580 ἐμὲ
2793 3510 3101 3581 τολμῶντες
3142 3511 3341 3580 λέγειν,
3380 3511 3580 3582 μᾶλλον
3605 3510 3651 3564 δ’
3679 3511 3786 3583 ἠδη

2207 3598 2304 3652 καὶ
2328 3598 2558 3669 epam;
2589 3599 2702 3653 υύκ
2730 3594 2821 3653 οὖν
2851 3601 2930 3663 είς
2958 3599 3175 3670 μακρὰν
3202 3600 3548 3670 ἀπολήψεσθε
3570 3600 3632 3653 τὸ
3659 3601 3789 3654 ἀντ·

2205 3687 2471 3758 απόδομα.
2529 3689 2686 3756 Ἥξει
2733 3689 2792 3743 δὲ
2836 3691 2966 3761 ὑμῖν
3013 3691 3093 3752 είς
3136 3689 3412 3761 κεφαλήνο
3462 3689 3624 3752 δίκας

2206 3779 2477 3833 ἀποτιεῖτε
2505 3779 2629 3850 ἐμοὶ
2657 3779 2732 3850 τῷ
2761 3780 3232 3852 διακριθησομένῳ
3262 3779 3398 3852 πρὸς
3426 3780 3572 3850 ὑμᾶς
3616 3780 3678 3833 ὲν
3721 3782 3786 3850 τῇ

2205 3867 2411 3924 κοιλάδι
2441 3868 2534 3923 τοῦ
2559 3870 2848 3941 Ἰωσαφάτ.
2909 3872 3162 3940 Ἐγκαλεῖ
3177 3872 3235 3925 δὲ
3257 3872 3441 3935 αὐτοῖς
3469 3871 3546 3935 ὡς
3561 3872 3788 3943 διηρπα-

2205 3959 2325 4012 κόσι
2362 3958 2462 4030 μὲν
2490 3958 2559 4012 τὰ
2580 3960 2839 4014 ἐπίλεκτα
2873 3961 2968 4025 τοῦ
3013 3961 3166 4029 ναοῦ,
3193 3962 3288 4015 καὶ
3311 3960 3382 4014 τὰ
3404 3964 3585 4033 χρυσᾶ
3617 3961 3784 4032 σκεύη

2207 4048 2547 4120 σεσυληκόσι,
2578 4051 2672 4104 καὶ
2717 4055 2837 4115 ταῖς
2884 4052 2992 4104 τῶν
3037 4052 3196 4126 ἰδίων,
3214 4051 3364 4106 Θεῶν
3403 4051 3784 4107 ἀνατεθεικόσι

2202 4142 2408 4210 τιμαῖς.
2426 4141 2720 4212 ’Δφόρητον
2757 4141 2813 4194 δὲ
2854 4143 2915 4195 τὸ
2947 4143 3156 4213 χρῆμα,
3192 4141 3286 4196 καὶ
3313 4142 3529 4214 πικρὸν,
3565 4143 3664 4196 καὶ
3687 4143 3784 4196 ούκ

2203 4227 2475 4292 ἀνικάνως
2506 4227 2628 4299 έχον
2657 4228 2738 4292 εῐς
2761 4246 2824 4298 γε
2847 4229 2908 4282 τὸ
2936 4229 3195 4284 δύνασθαι
3219 4229 3607 4300 καταλυπῆσαι
3629 4231 3779 4285 Θεόν.

2207 4321 2350 4392 Ἔφη
2379 4320 2510 4392 γὰρ,
2534 4322 2616 4374 ὃτι
2655 4339 2674 4372 ι
2700 4322 2810 4390 Τὴν
2841 4321 3000 4386 δόξαν
3041 4339 3142 4391 μου
3171 4320 3344 4392 ἑτέρῳ
3367 4321 3428 4374 ού
3461 4321 3639 4387 δώσω,
3661 4321 3782 4374 οὐδὲ

2201 4410 2302 4475 τὰς
2323 4411 2521 4482 ἀρετάς
2547 4429 2646 4482 μου
2676 4416 2787 4475 τοῖς
2813 4412 3090 4481 γλυπτοῖς.
3124 4431 3144 4463 ι
3171 4413 3238 4465 Τί
3264 4412 3374 4481 γὰρ
3399 4412 3581 4482 ἕτερον
3603 4410 3673 4464 ἂν
3695 4410 3785 4482 εἴη

2201 4500 2263 4553 τὺ
2288 4503 2401 4564 τοῖς
2437 4501 2600 4565 θείοις
2629 4501 2945 4573 ἀναθήμασι
2971 4503 3097 4566 τοὺς
3119 4502 3226 4556 τῶν
3250 4501 3479 4555 εἰδώλων
3501 4500 3786 4554 κατακαλο

2209 4589 2386 4646 λύνειν
2412 4591 2594 4656 ναοὺς,
2619 4592 2654 4663 ἢ
2687 4594 2970 4664 μονονουχὶ
2999 4593 3443 4664 διακεκραγέναι,
3465 4594 3560 4647 καὶ
3577 4592 3781 4661 λέγειν,

2208 4679 2283 4743 ὡς
2311 4681 2395 4751 είη
2427 4680 2526 4751 μὲν
2562 4683 2591 4735 ὁ
2634 4682 2742 4735 τῶν
2783 4684 2919 4738 ὅλων
2945 4683 3076 4748 Θεὸς
3109 4685 3168 4736 ἐν
3192 4683 3487 4755 δευτέροις,
3520 4682 3591 4737 τὰ
3638 4684 3695 4736 δὲ
3724 4684 3786 4736 ὲν

2207 4769 2384 4840 λόγοις
2409 4772 2503 4825 τοῦ
2534 4773 2880 4845 προύχοντος,
2903 4776 2995 4829 καὶ
3021 4774 3214 4840 σώζειν
3238 4775 3450 4837 εἰδότας
3469 4777 3596 4836 τοὺς
3625 4774 3785 4836 ἰδίους

2207 4865 2610 4934 προσκυνητάς;
2634 4866 2742 4920 Καὶ
2767 4867 2868 4920 οὐκ
2887 4867 3126 4939 ἀπόχρη,
3150 4867 3315 4937 φημὶ,
3338 4868 3419 4929 είς
3442 4866 3784 4929 δυσσέϐειαν,

2208 4954 2335 5025 ὑμῖν
2376 4955 2438 5008 τὸ
2471 4955 2576 5010 τῶν
2601 4955 2758 5012 θείων
2791 4959 3154 5030 ἀναθημάτων
3199 4959 3292 5012 τὸν
3339 4958 3470 5029 ἐμὸν
3499 4958 3784 5028 γυμνῶσαι

2206 5042 2360 5108 νεὼν,
2395 5044 2528 5098 ἀλλὰ
2555 5046 2662 5116 γὰρ
2689 5049 2783 5100 καὶ
2808 5050 2934 5112 τοὺς
2963 5049 3111 5112 υἱοὺς
3137 5048 3327 5114 Ἰούδα,
3361 5048 3456 5101 καὶ
3481 5048 3611 5111 τοὺς
3639 5047 3788 5110 υἱοὺς

2213 5121 2570 5203 Ἰερουσαλὴμ
2597 5134 2860 5188 ἀπέδοσθε
2889 5139 3003 5200 τοῖς
3043 5139 3177 5200 υἱοῖς
3210 5137 3321 5190 τῶν
3357 5135 3649 5206 Ἑλλήνων.
3687 5135 3790 5187 Fs-

2204 5219 2387 5276 νέσθαι
2418 5219 2476 5276 δέ
2507 5241 2561 5276 τι
2594 5225 2834 5280 τοιοῦτον
2875 5228 3042 5291 εἰκὸς,
3070 5225 3143 5292 ὡς
3193 5230 3251 5282 ὲν
3290 5231 3410 5291 ταῖς
3441 5227 3652 5299 χώραις
3674 5227 3789 5280 τῶν

2204 5311 2370 5365 ἐθνῶν
2394 5329 2546 5377 τινας
2575 5315 3010 5388 ἀποκομισθῆναι
3044 5317 3152 5371 τῶν
3181 5318 3239 5385 ἐξ
3261 5318 3500 5390 Ἰσραὴλ,
3529 5319 3791 5389 ἀπεμπο-

2205 5401 2438 5456 λούντων
2485 5406 2680 5469 αὐτοὺς
2712 5406 2744 5477 ἦ
2775 5407 2988 5476 Τυρίων
3022 5409 3262 5479 τυχὸν,ἣ
3311 5409 3404 5462 καὶ
3443 5407 3666 5481 ἑτέρων,
3701 5404 3791 5471 οἷς

2207 5491 2444 5562 ἐμπορία
2483 5494 2544 5549 τὸ
2591 5496 3037 5568 σπουδαζόμενον,
3067 5499 3160 5553 καὶ
3205 5499 3545 5570 φιλοκερδεῖν
3575 5499 3634 5554 τὸ
3662 5500 3794 5552 επι-

2205 5581 2468 5655 τηδευμα.
