4054 6274
298 294 410 361 €93

1187 282 1729 353 COMMENTARIUS
1769 290 1834 347 lN
1874 274 2135 346 JOEl.E.\l
2177 269 2615 339 l’ltOPitli‘l‘atll.

3451 280 3555 333 31H

370 409 588 490 ’Πρέπει
616 417 659 471 δ’
684 415 749 470 ἂν
777 416 806 468 ὁ
833 414 1010 483 λόγος,
1036 413 1111 476 ὥς
1140 412 1204 480 γέ
1239 429 1330 483 μοι
1353 412 1622 481 φαίνεται,
1645 411 1741 463 καὶ
1766 410 1880 470 τοῖς
1911 418 1925 466 Α

2056 404 2153 457 llic
2177 416 2376 459 sermo,
2417 399 2461 451 si
2491 406 2636 450 recte
2694 394 3007 457 ratiocinor,
3043 394 3208 447 etiam
3276 393 3327 446 iu
3370 396 3559 449 nefan-

307 509 417 563 τῶν
461 507 690 562 ἀνοσίων
724 504 1119 577 προεστηκόσιν
1167 503 1448 573 αἱρέσεων,
1483 500 1532 554 οἳ
1571 501 1700 564 τοὺς
1733 500 1887 562 υἱοὺς

305 601 408 668 τῆς
436 598 762 669 Ἐκκλησίας
801 595 1083 665 μονονουχὶ
1106 590 1497 662 διαρπάζοντες
1524 592 1591 661 τῇ
1629 588 1739 641 τῶν
1771 587 1889 640 Ἑλ-

307 691 485 762 λήνων
531 685 918 743 καταπωλοῦσι
949 685 1131 756 σοφίᾳ,
1157 684 1243 736 ἵνα
1273 681 1626 737 πολυπλόκων
1668 679 1889 734 ἐννοιῶν

309 781 814 852 ἀναπιμπλάμενοι,
858 776 1046 846 πικροὶ
1091 775 1355 845 γένωνται
1398 773 1647 842 ζητηταὶ,
1692 770 1891 840 μᾶλλον

310 874 368 928 δὲ
400 872 647 933 ἀπειθεῖς
686 888 746 924 τε
797 871 890 923 καὶ
919 869 1209 939 ἀλιτήριοι,
1238 867 1330 920 καὶ
1367 865 1437 918 τά
1479 864 1615 935 ὀρθά
1646 861 1894 934 διαστρέ-

311 981 529 1034 φοντες,
560 963 737 1016 καίτοι
780 961 895 1015 δέον
932 960 1076 1030 ἀπλῇ
1118 957 1404 1012 διαϐιῶναι
1434 956 1655 1027 φράσει,
1684 955 1777 1008 καὶ
1805 954 1895 1007 τὸν

313 1053 696 1125 ἀκαπήλευτον
732 1052 886 1118 λόγον
933 1050 1033 1118 τῆς
1076 1046 1329 1117 ἀληθείας
1383 1043 1788 1116 μελετᾷν.”Εξω
1831 1044 1895 1115 δὴ

314 1141 408 1200 οὖν
437 1144 545 1197 τῶν
573 1142 717 1196 ίδίων
744 1142 908 1212 ὁρίων
935 1139 1188 1210 γενέσθαι
1227 1138 1352 1202 τοὺς
1382 1136 1767 1208 ἠπατημένους
1795 1152 1899 1190 πα-

321 1232 937 1313 ρασκευάζουσιν.⁶οροι
966 1236 1022 1288 δὲ
1051 1233 1239 1306 ὥσπερ
1265 1234 1360 1288 καὶ
1389 1231 1542 1304 χώρα
1563 1232 1671 1286 τῶν
1694 1226 1900 1287 τέκνων

318 1330 772 1400 τῆςἙκκλησίας
813 1328 916 1397 τῆς
949 1325 1207 1396 ἀληθείας
1248 1328 1281 1393 ἠ
1326 1323 1550 1393 γνῶσις,
1583 1323 1675 1378 καὶ
1719 1323 1780 1377 τὸ
1821 1325 1902 1388 είς

322 1425 433 1478 πᾶν
477 1421 655 1475 ὁτιοῦν
699 1420 808 1473 τῶν
847 1418 1090 1490 ἀκριϐῶς
1124 1416 1507 1488 ἐξητασμένων
1531 1417 1611 1478 είς
1637 1402 1903 1487 ὀρθότητα

322 1512 591 1576 νενευκός.
625 1511 856 1580 Λέγοιτο
905 1508 950 1562 δ’
975 1508 1042 1562 ἂν
1088 1508 1313 1571 εἰκότως
1357 1508 1534 1578 χρυσᾶ
1581 1506 1773 1578 σκεύη,
1812 1506 1905 1560 καὶ⁵

324 1604 562 1673 ἀργυρᾶ,
600 1601 696 1656 καὶ
730 1600 991 1654 ὲπίλεκτα
1024 1597 1182 1661 Θεοῦ,
1217 1600 1311 1653 καὶ
1357 1597 1501 1650 κατά
1530 1598 1593 1650 τὸ
1626 1596 1824 1669 ἀληθὲς
1855 1597 1905 1650 oi

328 1694 510 1747 πίστει
565 1692 1047 1764 κατηγλαῖσμένοι,
1079 1690 1176 1744 καὶ
1212 1693 1325 1755 τοῖς
1368 1691 1427 1757 ἐξ
1476 1689 1651 1762 ἔργων
1683 1690 1907 1759 ἀγαθοῖς

326 1785 607 1855 αὐχήμασι
644 1783 1078 1854 κεχρυσωμένοι,
1111 1782 1206 1835 καὶ
1240 1781 1318 1850 τῷ
1350 1781 1451 1852 τῆς
1480 1779 1758 1844 εὐσεϐείας
1786 1782 1903 1835 δια-

330 1875 633 1938 στίλϐοντες
661 1874 867 1929 κάλλει.
885 1872 1026 1927 Ἀλλ’
1050 1875 1099 1927 εί
1127 1873 1336 1943 γένοιτό
1362 1890 1485 1926 τινα
1509 1864 1617 1928 τῶν
1642 1866 1743 1928 ὧδε
1767 1873 1909 1944 λαμ-

330 1967 486 2039 πρῶν
509 1970 624 2031 τοῖς
654 1966 755 2038 τῆς
799 1966 1017 2036 ἀπάτης
1064 1965 1268 2020 ἀλῶναι
1315 1964 1553 2037 βρόχοις,
1588 1965 1909 2019 ἀκούσονται

330 2060 548 2122 πάντως
572 2060 621 2111 oi
650 2057 753 2128 τῆς
794 2057 1013 2129 ἀπάτης
1051 2057 1292 2128 εὑρεταὶ,
1332 2075 1351 2109 ‹
1382 2057 1455 2110 Τὸ
1487 2056 1752 2128 ἀργύριόν
1785 2073 1909 2128 μοι),

330 2151 428 2204 καὶ
466 2149 529 2202 τὸ
560 2148 784 2221 χρυσίον
834 2166 938 2220 μου
978 2148 1223 2215 ἐλάϐετε,
1257 2148 1353 2203 καὶ
1399 2147 1469 2201 τά
1507 2148 1769 2202 ἐπίλεκτά
1810 2166 1912 2220 μου

332 2240 689 2313 είσηνὲγκατε
739 2242 818 2304 είς
869 2241 998 2304 τοὺς
1042 2239 1207 2303 ναοὺς
1259 2238 1432 2311 ὑμῶν.
1471 2260 1491 2292 ι
1516 2238 1808 2311 Ἕγκλημα
1856 2230 1915 2294 δὲ

331 2333 491 2387 τοῦτο
508 2332 680 2387 δεινόν
704 2348 766 2386 τε
804 2330 898 2386 καὶ
918 2330 1333 2400 δυσδιάφυκτον.
1352 2330 1409 2383 Ἀ
1418 2331 1786 2402 μαρτάνοντες
1806 2330 1917 2403 γὰρ

335 2426 418 2488 εἰς
443 2423 573 2487 τοὺς
601 2423 863 2497 ἀδελφοὺς
889 2423 1068 2494 ήμῶν,
1101 2423 1241 2494 ὑπὲρ
1258 2415 1333 2475 ὧν
1362 2421 1596 2493 Χριστὸς
1624 2423 1915 2491 ἀπέθανεν,

336 2514 503 2569 αὐτὸν
536 2513 780 2568 ἀδικοῦσι
806 2513 1061 2585 Χριστὸν,
1093 2502 1137 2582 ᾧ
1165 2515 1337 2585 πάντη
1365 2531 1424 2567 τε
1450 2512 1546 2568 καὶ
1582 2513 1795 2578 πάντως
1819 2514 1918 2578 τὰς

339 2605 453 2660 τῶν
477 2606 559 2670 είς
583 2605 747 2659 αὑτὸν
779 2605 1320 2678 πεπλημμελημένων
1343 2606 1498 2670 δίκας
1526 2606 1861 2660 ἀποτιοῦσιν.

422 2696 534 2750 Kal
565 2695 693 2750 ίδοὺ
717 2694 832 2766 ἐγὼ
861 2695 1129 2765 ἐξεγεῴω
1156 2698 1375 2765 αὐτοὺς
1394 2698 1464 2752 ἐκ
1482 2697 1591 2752 τοῦ
1616 2699 1825 2761 τόπου,
1845 2684 1919 2754 οὗ

350 2784 656 2842 ἀπέδοσθε
687 2784 906 2852 αὐτοὺς
926 2785 1076 2839 sui“
1106 2787 1201 2841 καί
1232 2785 1631 2842 ἀνταποδώσω
1659 2788 1921 2842 ἀνταπό-

349 2876 508 2947 δομα
533 2875 703 2946 ὑμῶν
738 2879 826 2944 εις
868 2878 1135 2947 κεφαλὰς
1167 2878 1352 2949 ὑμῶν.
1393 2880 1502 2934 Kal
1540 2872 1925 2949 ἀποδώσομαι

266 2982 271 2985 ·
345 2967 495 3035 τοὺς
545 2967 714 3035 υἱοὺς
754 2968 942 3037 ὑμῶν,
975 2968 1075 3023 καὶ
1117 2969 1223 3036 τὰς
1260 2970 1585 3040 θυγατέρας
1625 2968 1793 3039 ὑμῶν
1839 2973 1927 3037 εἰς

1988 497 2176 548 darum
2208 494 2472 546 Incresum
2504 486 2760 558 prmsides
2785 486 3073 565 quadraltit
3106 525 3120 549 ,
3163 484 3253 554 qui
3302 474 3559 539 Ecclesiae

1990 586 2134 640 lllios
2166 593 2372 637 tantum
2408 594 2510 634 non
2544 578 2878 646 abripientes
2904 616 2919 642 ,
2959 576 3159 631 Caroea:
3206 575 3560 646 pltilosopltim

1989 676 2247 737 vendunt,
2297 682 2353 725 ut
2390 671 2660 740 impeditis
2697 670 3068 736 intelligentiis
3099 668 3309 737 repleti,
3344 668 3560 725 molesti

1991 769 2376 836 disputatores,
2405 764 2489 818 vel
2512 764 2690 833 potius
2719 761 2979 816 increduli
3006 770 3059 815 et
3087 762 3409 830 pestilentes
3437 775 3567 815 eva-

1992 860 2141 923 dant,
2180 866 2321 913 l-eeta
2355 864 2749 927 pervertentes,
2782 869 2906 909 cum
2938 854 3233 909 secundum
3266 853 3565 924 simplicem

1995 951 2322 1005 locutidnem
2382 952 2591 1021 vivere,
2648 959 2703 1003 et
2757 954 3067 1003 sermonem
3124 948 3371 1003 veritatis
3422 948 3569 1001 nulla

1997 1041 2184 1096 fraude
2241 1049 2556 1111 corruptum
2612 1038 2860 1094 meditari
2921 1046 3191 1108 oporteat.
3258 1037 3300 1092 E
3374 1038 3601 1092 finibus’

2002 1134 2165 1202 igitur
2197 1142 2253 1186 ut
2279 1133 2567 1200 ejiciuntur
2592 1132 2659 1186 ab
2686 1132 2818 1201 ipsis
2858 1131 3065 1200 decepti
3092 1169 3106 1193 ,
3146 1131 3197 1183 in
3232 1144 3395 1185 causa
3422 1141 3570 1184 sunt.

2001 1223 2162 1293 237
2203 1223 2352 1277 Finis
2384 1239 2533 1288 vero,
2573 1225 2713 1278 sicut
2740 1234 2796 1277 et
2826 1223 2974 1293 regio
3008 1224 3241 1276 liliorutn
3270 1220 3530 1277 Ecclesia!
3557 1261 3571 1284 ,

2003 1315 2240 1384 cognitio
2272 1315 2519 1368 veritatis
2566 1322 2672 1381 est,
2720 1323 2774 1368 ct
2802 1314 2948 1383 quod
2994 1314 3060 1367 ad
3110 1328 3271 1366 omne
3310 1313 3573 1382 quidquid

2004 1415 2256 1462 accurate
2311 1408 2377 1461 ad
2433 1407 2814 1461 rectitudinem
2852 1400 3189 1475 exploratum
3230 1414 3347 1469 est,
3379 1405 3577 1475 vergit.

2004 1498 2082 1552 Ac
2112 1498 2306 1552 merito
2355 1512 2505 1564 sane,
2551 1506 2608 1553 et
2633 1506 2761 1553 vere
2800 1502 2930 1551 vasa
2963 1511 3148 1561 aurea,
3193 1505 3249 1552 et
3297 1505 3578 1567 argentea,

2005 1596 2060 1644 et
2077 1589 2264 1657 λίθοιο
2293 1589 2385 1643 Dei
2412 1587 2595 1643 vocari
2619 1597 2847 1657 possunt
2874 1586 2980 1641 lide
3010 1585 3284 1651 exornati,
3329 1593 3386 1640 et
3453 1599 3585 1654 ope-

2197 1682 2333 1750 loria
2367 1681 2602 1736 inaurati
2649 1695 2714 1735 ac
2742 1679 2962 1750 pietatis
3012 1677 3299 1747 splendore
3344 1678 3581 1733 corusci.

2288 1772 2577 1841 contigerit
2605 1772 2910 1841 quempiam
2950 1770 3143 1825 horum
3175 1769 3249 1823 ita
3279 1767 3484 1823 clarum
3521 1782 3587 1821 ac

2008 1596 2060 1644 et
2128 1589 2264 1643 lecta

2012 1772 2057 1823 0

2013 1859 2497 1931 t-fallaciae
2533 1861 2743 1931 laqueis
2766 1861 2992 1926 irretiri,
3035 1861 3261 1915 audient
3288 1860 3452 1928 plane
3484 1859 3586 1914 fal-

2225 1967 2278 2008 m
2304 1954 2613 2009 inventOres
2644 1968 2658 2004 :
2698 1970 2718 2005 ι
2750 1945 3048 2019 Argentum
3074 1965 3254 2005 meum
3288 1958 3344 2005 et
3392 1964 3584 2004 aurum

2019 2034 2208 2113 ne:
2224 2045 2441 2110 tulistis,
2491 2054 2545 2100 et
2577 2042 2753 2100 electa
2793 2054 2914 2098 mea
2965 2034 3229 2097 intulistis
3265 2041 3319 2095 in
3363 2039 3588 2095 delubra

2020 2086 2086 2113 ...τ
2153 2086 2441 2110 ...υηυηη
2492 2086 2545 2100 ν.
2578 2086 2753 2100 νην...
2793 2086 2914 2098 ..η-
2965 2086 3228 2097 ...-....,-.-
3367 2086 3583 2095 _-.__-_

2020 2086 2221 2188 vezlra.
2265 2153 2283 2185 ι
2324 2133 2540 2189 Crimen
2577 2134 2717 2189 istud
2744 2132 3005 2190 horribile
3030 2142 3134 2197 est,
3169 2140 3225 2188 et
3258 2130 3583 2200 supplicium

2022 2223 2318 2278 difﬁculter
2366 2223 2603 2293 effugiet.
2648 2222 2950 2279 Peccantes
3008 2228 3241 2292 namque
3290 2221 3348 2276 in
3395 2219 3593 2274 fratres

2024 2324 2238 2371 nostros
2270 2356 2287 2382 ,
2314 2330 2415 2385 pro
2456 2315 2650 2386 quibus
2705 2317 2959 2371 Christus
3004 2322 3250 2370 mortuus
3293 2325 3379 2370 est
3412 2304 3483 2381 δ’,
3530 2313 3584 2367 itt

2003 2405 2300 2461 'Cbristum
2344 2406 2520 2476 ipsum
2576 2416 2704 2461 sunt
2746 2406 2997 2476 iniuriosi
3027 2447 3044 2472 ,
3100 2400 3189 2462 cui
3232 2405 3493 2469 omnino,
3536 2413 3590 2460 e'.

2024 2499 2266 2555 omnium
2308 2510 2428 2569 quae
2470 2499 2525 2554 in
2565 2506 2689 2554 eum
2732 2499 3106 2568 peccaverint,
3149 2502 3341 2570 pmnaa
3387 2495 3593 2568 persol-

2024 2600 2176 2647 νοω.

2100 2682 2265 2738 Vens.
2299 2682 2351 2748 7,
2392 2682 2445 2736 8.
2479 2680 2614 2736 Ecce
2639 2698 2733 2752 ego
2753 2682 2948 2736 suscita
2972 2697 3057 2736 eos
3083 2672 3308 2744 deloco,
3348 2678 3438 2733 ubi
3475 2693 3606 2732 vett-

2028 2774 2241 2831 didiatia
2261 2792 2348 2830 eos
2372 2775 2526 2841 illic;
2556 2785 2603 2830 et
2616 2758 2848 2830 reddam
2866 2774 3260 2830 retributionem
3284 2784 3508 2830 vestram
3541 2770 3598 2823 in

2029 2868 2208 2937 capita
2233 2876 2425 2922 vestra.
2471 2865 2542 2920 Et
2580 2868 2808 2922 vendam
2854 2866 2996 2936 ﬁlios
3024 2877 3221 2923 vestros
3259 2874 3311 2920 et
3350 2865 3494 2935 ﬁlius
3525 2881 3606 2920 oe-

2030 2970 2169 3015 strtu
2194 2960 2251 3014 in
2282 2976 2472 3016 manus
2494 2959 2733 3031 ﬁliorum
2756 2959 2924 3025 Juda,
2943 2969 2992 3014 et
3021 2957 3392 3015 venundabat
3426 2973 3516 3012 eos
3547 2959 3609 3013 in

345 3059 553 3130 χεῷας
592 3059 739 3114 υἱῶν
777 3060 981 3125 Ἰούδα,
1011 3058 1111 3115 καί
1152 3056 1568 3117 ἀποδώσονται
1591 3061 1814 3130 αὐτοὺς
1841 3063 1925 3127 είς

2033 3052 2407 3122 captivitatem,
2434 3053 2494 3106 in
2523 3060 2723 3123 gentem
2743 3066 2860 3122 qua
2893 3049 3101 3120 procul,
3130 3051 3381 3121 quoniam
3418 3048 3608 3105 Domi-

346 3151 765 3221 ᾱίχμαλωσίαν
799 3154 887 3219 εις
916 3153 1093 3222 ἔθνος
1126 3155 1367 3225 μακρὰν
1402 3154 1653 3225 ἀπέχον,
1697 3145 1786 3210 ὅτι
1817 3148 1933 3211 Κύ-

344 3259 477 3312 ριος
500 3242 831 3311 ἐλάλησεν.

420 3337 516 3391 M'.
540 3336 835 3407 Ἀπρακτα
868 3336 966 3407 μὲν
990 3338 1059 3391 τά
1079 3334 1295 3409 Τυρίων
1310 3328 1528 3391 ἔσεσθαι
1546 3330 1933 3412 μηχανήματα,

353 3427 451 3482 καὶ
488 3425 559 3481 τά
597 3428 661 3481 ὲκ
709 3427 810 3498 τῆς
853 3428 1183 3500 δυστροπίας
1237 3423 1519 3501 εὑρέματα
1561 3431 1702 3485 κατά
1742 3432 1850 3485 τῶν
1876 3432 1936 3499 ἐξ

369 3515 627 3589 Ἰσραὴλ,
686 3517 1059 3589 ἐναργέστατά
1097 3536 1283 3591 φησιν,
1342 3519 1403 3586 ἐξ
1461 3520 1817 3594 ἀντιστρόφου
1879 3522 1937 3577 δὲ

359 3601 552 3679 ὥσπερ
595 3607 846 3675 γενέσθαι
878 3610 993 3673 τοῖς
1018 3604 1305 3683 ἠδικηκόσι
1339 3608 1438 3683 τήν
1486 3612 1793 3685 συμφορὰν,
1843 3614 1938 3667 καὶ

357 3697 473 3758 τοῖς
497 3694 633 3759 ῐσοις
658 3695 919 3750 ὲναλῶναι
946 3701 1155 3765 κακοῖς,
1197 3702 1479 3773 μονονουχὶ
1505 3702 1810 3775 πιπτούσης
1857 3705 1940 3765 είς

362 3786 603 3856 κεφαλὰς
635 3786 743 3839 τῶν
768 3788 957 3841 ἀνόσια
983 3790 1528 3862 πεπλημμεληκότων
1556 3795 1655 3863 τῆς
1690 3789 1943 3845 ίσοστάθ-

367 3890 469 3949 μου
510 3876 691 3946 δίκης.
736 3877 947 3949 Ὠσπερ
993 3878 1102 3951 γὰρ
1146 3881 1300 3939 αὐτοὶ
1348 3876 1410 3935 τὺ
1465 3881 1525 3947 ἐξ
1569 3882 1738 3936 Ἰούδα
1787 3880 1946 3948 γένος

367 3964 533 4037 εἷλον,
565 3964 687 4022 εἷτα
719 3969 835 4031 τοῖς
866 3968 1314 4039 ἀνδραποδισταῖς
1333 3972 1649 4035 δεδώκασιν,
1674 3959 1946 4038 ἀποκομί-

368 4062 482 4127 ζειν
524 4060 773 4123 εἰπόντες
826 4059 906 4123 είς
957 4059 1108 4123 ἔθνος
1158 4063 1395 4133 μα’κράν,
1452 4063 1595 4116 οὕτω
1637 4061 1708 4115 τὰ
1769 4052 1949 4114 αὐτῶν

369 4148 968 4223 ἀπεμπολησθήσεσθαι
1015 4150 1182 4205 τέκνα
1218 4153 1373 4219 φησὶ,
1414 4152 1505 4207 διὰ
1546 4147 1726 4225 χειρὸς
1760 4141 1945 4206 Ἰοῦδα.

373 4244 484 4296 Καὶ
521 4243 603 4297 ὅτι
656 4242 877 4306 πάντως
926 4241 1104 4295 τοιάδε
1156 4243 1516 4315 συμϐήσεται,
1580 4235 1951 4315 προσεμπεδοῖ

374 4333 569 4403 λέγων,
647 4350 666 4385 ι
698 4334 819 4388 Ὅτι
884 4331 1091 4404 Κύριος
1142 4333 1475 4404 ἐλάλησεν.»
1548 4332 1833 4405 Ἀνήνυτον
1893 4329 1950 4387 δὲ

2034 3162 2133 3201 nus
2156 3146 2356 3201 locutus
2376 3157 2474 3202 est.

2106 3319 2219 3382 XL.
2250 3317 2513 3399 Tyrorum
2542 3312 2971 3381 machinationes
2993 3331 3047 3379 et
3087 3338 3348 3394 perversa
3389 3323 3609 3380 inventa

2036 3432 2225 3476 contra
2261 3416 2427 3475 Israel
2456 3418 2636 3473 inania
2684 3415 2820 3485 fore,
2868 3430 3128 3487 perquam
3167 3416 3405 3472 dilucide
3449 3414 3606 3470 affir-

2037 3520 2169 3578 mat,
2202 3519 2258 3566 et
2285 3510 2351 3567 iis
2389 3511 2481 3581 qui
2528 3509 2804 3574 laeserunt,
2838 3508 2993 3577 quasi
3019 3521 3087 3562 ex
3118 3506 3350 3563 adverso
3387 3505 3612 3562 calami-

2039 3613 2203 3659 tatem
2230 3602 2618 3658 remetiendam
2645 3639 2661 3665 ,
2697 3599 3030 3669 paribusque
3066 3600 3224 3655 malis
3253 3599 3422 3670 probe
3453 3599 3613 3655 invo—

2041 3690 2211 3748 lutum
2267 3694 2370 3756 iri,
2422 3702 2629 3747 tantum
2671 3706 2776 3747 non
2826 3691 2989 3746 simili
3021 3704 3182 3759 paena
3238 3691 3514 3749 recldente
3558 3694 3614 3748 in

2044 3782 2223 3849 capita
2254 3790 2480 3849 eorum,
2533 3782 2624 3852 qui
2697 3782 2861 3851 impie
2907 3781 3272 3851 deliquerunt.
3336 3784 3617 3851 Quomodo

2048 3878 2283 3937 namque
2312 3870 2414 3957 ipsi
2446 3887 2616 3943 genus
2645 3863 2784 3929 Juda
2815 3874 3096 3944 captivum
3123 3872 3394 3943 fecerunt,
3420 3875 3619 3932 deinde

2046 3975 2146 4031 pro
2181 3961 2468 4030 mancipiis
2505 3964 2803 4031 venditum,
2839 3966 2905 4018 ad
2947 3972 3187 4020 remotas
3220 3977 3413 4034 gentes
3449 3967 3621 4021 abdu-

2048 4053 2277 4109 cendum
2308 4051 2615 4106 dederunt:
2653 4055 2734 4109 sic
2792 4069 2980 4108 eorum
3030 4055 3233 4108 liberos
3278 4070 3377 4122 per
3430 4071 3622 4112 manus

2048 4138 2190 4201 Juda
2220 4130 2444 4199 venales
2485 4141 2697 4199 futuros
2735 4152 2987 4211 testatur,
3030 4152 3085 4197 et
3112 4142 3179 4198 ad
3217 4159 3447 4214 unguem
3480 4146 3622 4202 idem

2052 4250 2309 4308 passuros
2333 4233 2655 4300 testificans,
2704 4235 2803 4301 ait,
2856 4252 2877 4288 ι
2914 4234 3048 4303 Quia
3105 4234 3366 4291 Dominus
3412 4237 3623 4293 locutus

2051 4338 2156 4386 est.
2197 4348 2218 4384 ι
2251 4314 2395 4384 Nihil
2427 4334 2610 4383 autem
2637 4327 2879 4384 omnium
2924 4343 3047 4399 qua:
3091 4328 3234 4384 Deus
3266 4327 3525 4398 loquitur,
3556 4330 3625 4385 ad

377 4428 596 4489 πάντως
623 4425 773 4479 οὐδὲν
802 4424 832 4478 ὃ
864 4422 1161 4493 φθέγγεται
1194 4422 1342 4488 Θεός.
1376 4420 1484 4479 Καὶ
1511 4423 1641 4493 γοῦν
1684 4423 1786 4495 ἔφη
1821 4422 1925 4495 Χρι

2054 4436 2171 4477 rem
2197 4436 2305 4478 non
2336 4418 2635 4477 confertur.
2662 4418 2848 4488 Itaque
2872 4420 3122 4476 Christus
3153 4420 3365 4489 inquit:
3390 4439 3410 4475 ι
3448 4420 3625 4476 Verba

380 4517 524 4581 στύςδ
561 4535 580 4568 ι
608 4518 672 4569 Οί
710 4515 858 4586 λόγοι
897 4531 998 4586 μου
1029 4515 1090 4569 οὐ
1121 4515 1196 4587 μή
1228 4515 1558 4587 παρέλθωσι,
1589 4536 1608 4569 ι
1654 4514 1764 4570 Καὶ
1801 4509 1956 4568 ταυτὶ

382 4610 482 4682 μὲν
507 4607 811 4679 ίστορικῶς.

450 4702 518 4754 Ei
545 4700 602 4753 δὲ
625 4698 687 4769 δή
707 4712 791 4763 τις
808 4699 981 4753 ἕλοιτο
1016 4695 1331 4768 περιαθρεῖν
1374 4695 1442 4750 τὰ
1472 4696 1833 4767 πνευματικὰ,
1861 4689 1956 4750 καὶ

381 4788 489 4845 τῶν
520 4789 922 4861 κεκρυμμένων
959 4785 1412 4860 ἀναπίμπλασθαι
1443 4786 1751 4857 νοημάτων,
1781 4786 1956 4857 ἐννοή-

385 4899 467 4936 σει
500 4881 684 4945 πάλιν,
707 4882 788 4933 ὅτι
821 4879 917 4934 καὶ
941 4881 1207 4951 Ἑλλήνων
1232 4880 1419 4943 παῖδες
1444 4879 1494 4932 οῖ
1525 4880 1644 4944 ταῖς
1674 4880 1956 4951 δοκησισο⁴

386 4974 540 5042 φίαις
585 4971 1025 5044 ὲξωφρυωμένοι,
1075 4977 1169 5029 καὶ
1210 4974 1317 5046 μὴν
1348 4972 1441 5029 καὶ
1481 4977 1745 5048 αίρετικοὶ
1790 4974 1956 5031 πολυ-

386 5063 613 5125 πλόκοις
647 5062 864 5133 ἀπάτης
893 5064 1164 5145 εὑρήμασι
1187 5066 1249 5120 τὸ
1274 5066 1450 5121 δοκεῖν
1484 5067 1538 5120 τί
1564 5075 1745 5136 σφισιν
1773 5067 1958 5130 αὐτοῖς

387 5154 777 5225 ἀπονέμοντες,
799 5154 1131 5224 ἀποφέρουσι
1153 5158 1262 5211 τῶν
1290 5158 1670 5230 ἁπλουστέρων
1696 5158 1847 5224 τινὰς
1864 5160 1964 5229 τῆς

388 5246 559 5317 ὀρθῆς
589 5263 649 5300 τε
680 5246 774 5300 καὶ
808 5247 1110 5316 ἀμωμήτου
1140 5249 1396 5315 πίστεως,
1424 5246 1494 5322 ἧς
1524 5250 1589 5303 ἂν
1615 5249 1785 5320 ἔχοιεν
1812 5249 1966 5321 παρὰ

391 5336 551 5404 Θεοῦ,
582 5336 678 5390 καὶ
708 5339 823 5399 τοῖς
864 5334 1078 5406 βρόχοις
1100 5337 1198 5407 τῆς
1228 5339 1444 5408 ἀπάτης
1480 5337 1748 5401 ἐνδέοντες
1783 5354 1970 5407 μονον-

390 5428 546 5499 ουχὶ,
574 5428 670 5482 καὶ
712 5430 771 5482 ὲν
798 5426 1143 5497 δορυκτήτων
1188 5428 1354 5499 μοίρᾳ
1384 5427 1656 5492 λαϐόντες,
1701 5427 1971 5496 ἀποκομί-

392 5518 549 5584 ζουσι
577 5519 685 5575 τῶν
715 5520 813 5591 τῆς
840 5517 1098 5589 ἀληθείας
1120 5519 1260 5590 ὅρων
1294 5520 1369 5583 ὡς
1400 5519 1674 5574 ἀποτάτω.
1717 5512 1854 5573 ’Λλλδ
1878 5520 1970 5589 ὅγε

443 5687 715 5752 vt“lCor.
746 5710 861 5760 vm,
896 5694 985 5747 il.
1057 5694 1101 5728 ⁸⁷
1133 5693 1321 5745 Matth.
1366 5706 1516 5757 XXIV,
1550 5693 1640 5750 25.

716 5791 967 5851 PATROL
1035 5789 1150 5848 Gn.
1202 5788 1401 5847 LXXI.

2058 4529 2180 4571 mea
2222 4529 2330 4572 non
2385 4512 2689 4571 interibunt
2730 4512 2796 4568 ".
2854 4532 2877 4567 ο
2938 4514 3005 4570 Et
3031 4515 3146 4569 haec
3193 4512 3412 4583 quidem
3450 4514 3625 4569 bistm

2056 4596 2193 4664 rice.

2129 4697 2284 4765 Quod
2298 4696 2342 4753 si
2357 4698 2442 4753 cui
2461 4696 2636 4769 placet
2651 4697 2998 4755 considerare
3013 4696 3336 4768 spiritualia,
3356 4705 3410 4752 et
3428 4696 3630 4753 abditis

2059 4787 2430 4860 intelligentiis
2475 4805 2536 4846 se
2592 4789 2832 4860 explere,
2879 4790 3142 4860 cogitabit
3183 4791 3347 4845 etiam
3383 4788 3629 4854 Grmcos,

2061 4879 2197 4937 falsa
2234 4881 2489 4953 opinione
2519 4883 2800 4953 sapientia:
2840 4883 3186 4953 supercilium
3222 4881 3473 4936 tollentes
3496 4919 3514 4945 ,
3562 4890 3629 4935 ac

2061 4983 2329 5043 praeterea
2381 4974 2702 5040 haereticos,
2757 4976 2827 5030 ob
2870 4975 3112 5030 involuta
3169 4971 3502 5027 fallaciarum
3543 4972 3634 5027 in-

2064 5074 2226 5119 venta
2278 5066 2651 5122 existimantes
2702 5080 2762 5122 se
2801 5081 2925 5123 esse
2974 5065 3201 5134 aliquid,
3241 5063 3632 5132 simplicior-unt

2067 5155 2331 5224 quosdam
2390 5171 2420 5210 a
2459 5165 2607 5213 recta
2637 5166 2693 5212 et
2741 5157 3013 5227 inculpata
3061 5157 3187 5221 ﬁde,
3239 5167 3402 5224 quam
3456 5168 3487 5206 a
3526 5153 3635 5208 Deo

2070 5247 2276 5301 habere
2334 5250 2561 5317 possint,
2617 5258 2905 5313 avertere,
2960 5258 3015 5304 et
3057 5249 3376 5317 impostura:
3430 5244 3637 5315 laqueis

2070 5336 2335 5406 irretitos,
2369 5340 2755 5409 prepemodum
2788 5355 3070 5394 servorum
3113 5340 3279 5411 238
3325 5339 3467 5402 loco,
3500 5352 3638 5407 quos

2074 5430 2242 5485 armis
2284 5433 2549 5503 ceperint,
2591 5446 2621 5485 a
2659 5432 2856 5486 ﬁnibus
2899 5431 3148 5486 veritatis
3192 5434 3441 5502 abripere
3476 5438 3639 5498 quam

2076 5520 2408 5591 longissime.
2438 5521 2707 5577 Caeterum
2737 5519 3115 5595 universorum
3134 5520 3281 5576 Deus
3314 5533 3500 5576 eorum
3540 5516 3645 5567 ima

3232 5779 3303 5842 13
