4054 6274
477 411 580 471 535
1469 410 1531 467 S.
1572 405 1845 466 CYRILLI
1882 401 2354 462 ALEXANDRINI
2392 397 2710 461 ARCHIEP.
3627 408 3733 468 596

475 531 799 601 probitatem
851 530 1145 601 infringit,
1189 537 1246 585 et
1276 520 1550 600 deceptos
1584 528 1803 600 quidem
1857 526 2057 582 liberos

2158 513 2265 577 τῶν
2318 522 2455 579 ὅλων
2514 522 2647 587 Θεὸς
2699 523 2981 593 ἄπρακτον
3048 520 3226 576 αὐτῶν
3277 522 3574 593 ἀποφαίνει
3634 522 3738 598 τὴν

474 624 777 689 dimittens,
802 622 943 678 lilios
973 636 1266 691 pravorum
1320 621 1604 678 doctorum
1639 622 1707 676 ad
1738 620 1931 676 Judam
1961 621 2055 675 ad-

2158 613 2509 685 κακουργίαν,
2540 613 2637 667 καὶ
2671 613 2852 682 ἀνίησι
2893 610 2994 682 μὲν
3022 612 3149 675 τοὺς
3174 611 3580 683 ἠπατημένους,
3606 616 3737 679 τοὺς

474 714 642 769 ducit.
667 713 783 769 'Per
828 713 928 769 hos
964 713 1316 770 nihilominus
1341 712 1582 782 intelligi
1627 714 1841 782 possint
1884 715 2052 772 divini

2158 704 2209 758 δὲ
2240 703 2347 759 τῶν
2380 704 2774 774 ἀπατησάντων
2807 700 2949 756 κατά
2988 701 3227 773 μάθησιν
3271 698 3422 767 υίοὺς
3466 706 3737 777 προσάγει

474 805 746 873 discipuli,
781 815 837 861 et
862 813 1128 878 quotquot
1146 804 1357 862 Christi
1385 804 1702 875 mysterium
1730 805 2048 875 loquuntur,

474 896 678 966 quique
699 895 766 951 ab
790 896 1004 953 illorum
1028 896 1316 952 fraudibus
1353 896 1647 963 liberatos,
1699 897 1766 951 ad
1815 896 2045 966 praecla-

477 1002 595 1041 ram
623 994 679 1042 et
701 986 1479 1056 amabilem‘ejus‘servitutem
1526 987 1814 1055 reducunt,
1860 996 2051 1043 etnon

477 1088 636 1130 secus
665 1084 829 1146 atque
854 1075 1098 1145 captivos
1126 1076 1370 1145 rapiunt,
1407 1074 1473 1130 ad
1501 1092 1658 1133 suum
1676 1091 1781 1134 eos
1805 1077 2052 1133 habitum

477 1168 915 1237 sententiamque
940 1165 1333 1223 transferentes
1353 1209 1368 1236 ,
1391 1183 1513 1239 quae
1534 1169 1602 1224 ab
1630 1169 1844 1225 illorum
1869 1170 2053 1226 multis

475 1259 715 1314 millibus
727 1259 912 1315 distat.
930 1260 1184 1333 Magnum
1203 1261 1402 1332 quippe
1418 1262 1757 1317 intervallum
1775 1265 1918 1318 inter
1934 1279 2055 1320 san-

475 1359 688 1405 ctorum
721 1359 776 1406 et
805 1352 1027 1407 istorum
1048 1353 1351 1408 doctrinam
1379 1356 1642 1409 cernitur.
1662 1355 1870 1410 Dicitur
1889 1356 2052 1410 etiam

474 1441 729 1498 Christus
742 1459 808 1499 ex
825 1443 1014 1501 Graeca
1027 1446 1415 1517 superstitione
1436 1446 1503 1502 ad
1519 1447 1889 1517 cognitionem
1912 1447 2052 1518 ejus,

476 1533 571 1601 qui
621 1544 817 1590 natura
857 1546 943 1591 est
970 1536 1139 1604 Deus,
1183 1551 1477 1593 conversos
1520 1546 1580 1591 ut
1628 1538 1874 1609 captivos
1911 1539 2054 1593 acci-

480 1641 630 1695 pere.
670 1624 767 1681 Sic
804 1628 948 1682 enim
989 1627 1201 1683 David:
1233 1645 1253 1679 ι
1289 1627 1744 1711 Αδεοηάοιιεέκε.
1766 1629 1919 1711 'gm;
1945 1643 2051 1711 ea-

480 1716 679 1784 ptivam
736 1717 886 1771 duxit
940 1717 1338 1788 captivitatem,
1405 1716 1554 1772 dedit
1783 1714 2023 1802 Ξ,ᾋὶ

476 1807 579 1859 lius
603 1805 667 1858 ⁸⁸.
710 1825 729 1858 ι
1609 1805 1642 1819 ’⁸
1698 1810 1733 1859 τΞ

1601 1691 1655 1736 ΞΞ.

1602 1742 1640 1770 ιθ

1602 1777 1642 1819 '2

1784 1695 1819 1710 μ

1783 1718 1821 1748 o

1784 1754 1838 1785 ε..

1786 1812 1838 1857 '13.

1875 1688 1915 1738 Ξ

1783 1702 1838 1785 ἒ.
1876 1702 1915 1738 ⁵
2006 1720 2052 1774 i—

1786 1812 1825 1857 τε

1803 2029 1820 2057 9

1782 2096 1839 2147 ‘e,
1989 2101 2052 2159 at

1783 1696 1915 1785 ΞΒ
2006 1720 2052 1774 i—

1786 1812 1825 1857 L’.’

1782 1702 2045 2094 ‘

1870 2094 1987 2168 ε

548 1984 713 2039 Vsus.
754 1983 907 2039 9-12.
945 1982 1247 2040 Prwdicate
1278 1985 1396 2041 'ltazc
1435 1988 1501 2042 in
1545 1986 1820 2057 gentibus,

478 2076 634 2144 ficate
658 2076 879 2143 bellum,
914 2078 1166 2132 suscitate
1199 2090 1516 2149 pugnatores
1538 2121 1553 2145 ,
1584 2081 1839 2147 accedite,
1870 2076 2056 2159 (ut

479 2167 701 2234 tendite,
729 2185 903 2222 omnes
926 2169 1027 2223 viri
1053 2168 1352 2223 bellatores.
1373 2167 1644 2225 Concidile
1673 2184 1857 2228 aratra
1886 2185 2056 2230 vestra

477 2259 534 2311 in
567 2259 772 2327 gladios
802 2266 851 2312 et
893 2258 1069 2328 {alces
1126 2269 1320 2313 vestras
1345 2260 1399 2315 in
1439 2261 1671 2317 lanceas.
1725 2262 1851 2318 Non
1900 2264 2058 2335 fortis

479 2350 679 2405 dicat:
708 2346 875 2402 Valeo
919 2365 1035 2419 ego.
1079 2348 1506 2422 Congregamini,
1541 2362 1588 2406 et
1633 2354 1832 2408 intrate
1879 2371 2056 2410 omnes

478 2451 653 2506 gentes
681 2455 772 2509 per
810 2441 1113 2507 circuitum,
1159 2451 1208 2496 et
1260 2445 1654 2514 congregamini
1694 2444 1846 2513 illuc,
1903 2463 2057 2503 man-

480 2537 657 2584 suetus
684 2530 753 2584 sit
785 2540 1071 2601 pugnator.
1108 2531 1471 2605 Consurgunt,
1495 2545 1543 2589 et
1566 2538 1852 2591 ascendant
1883 2548 2058 2608 gentes

479 2622 535 2674 in
582 2620 767 2676 vellent
824 2621 1110 2693 Josapltat,
1156 2624 1285 2696 quia
1342 2626 1413 2681 ibi
1478 2627 1665 2683 sedebo
1711 2637 1771 2682 ut
1818 2628 2060 2698 judicem

482 2727 659 2765 omnes
692 2721 869 2783 gentes
892 2713 947 2768 in
965 2714 1216 2771 circuitu.

557 2970 692 3026 XLI.
751 2973 1126 3030 Comminatus
1190 2977 1466 3046 gentibus,
1524 2994 1778 3047 passuros
1858 2984 2057 3041 malum

428 3061 439 3089 η³
487 3063 628 3129 quod
653 3061 774 3115 aliis
818 3060 1107 3127 fecerant,
1157 3072 1214 3118 et
1246 3064 1450 3118 scelera
1500 3079 1596 3119 sua
1654 3081 1752 3137 pro
1794 3068 2058 3140 dignitate

2150 799 2266 860 τοῖς
2295 797 2356 861 ἐξ
2390 796 2579 853 Ἰούδα.
2623 794 2883 866 Νοηθεῖεν
2920 794 2964 848 δ’
2990 795 3056 848 ἂν
3080 787 3225 848 οὗτοι
3254 794 3417 850 πάλιν
3451 798 3502 849 οί
3538 796 3737 852 θεσπέ-

2156 900 2262 937 σιοι
2289 883 2550 955 μαθηταὶ,
2581 883 2676 937 καὶ
2696 883 2808 936 ὅσοι
2831 882 2891 936 τὸ
2913 882 3148 953 Χριστοῦ
3169 882 3388 938 λαλοῦσι
3417 887 3736 959 μυστήριον,

2153 978 2202 1030 οἱ
2231 975 2288 1029 δὲ
2317 979 2417 1048 τῆς
2440 977 2664 1030 ἐκείνων
2688 975 2901 1047 πλάνης
2940 975 3391 1044 ἀπαλλάττοντες,
3432 979 3520 1041 ἐίς
3567 979 3738 1050 καλήν

2144 1082 2213 1121 τε
2270 1068 2364 1122 καὶ
2403 1067 2722 1140 ἀξιέραστον
2775 1064 3113 1138 ἀποφέρουσι
3158 1067 3423 1134 δουλείαν,
3480 1068 3583 1140 τὴν
3635 1069 3740 1125 ὑπὸ

2152 1155 2372 1228 Χριστῷ
2411 1156 2675 1228 δηλονότι,
2717 1157 2814 1210 καὶ
2852 1151 2962 1210 οἷον
2993 1156 3374 1228 αίχμαλώτους
3393 1159 3735 1230 ἁρπάζουσι,

2157 1245 2540 1318 μετατιθέντες
2572 1247 2654 1311 εἰς
2697 1245 2794 1318 τὴν
2842 1245 3050 1301 ἑαυτῶν
3087 1245 3203 1313 ἕξιν
3249 1262 3310 1300 τε
3351 1248 3445 1301 καὶ
3485 1246 3734 1320 γνώμην,

2122 1336 2281 1410 ¹ἥτις
2318 1340 2545 1394 ἐκείνων
2569 1340 2716 1394 ἐστὶν
2747 1341 3020 1395 ἀποτάτω.
3067 1339 3210 1394 Πολὺ
3259 1339 3371 1413 γὰρ
3421 1340 3485 1394 τὸ
3532 1341 3735 1412 μεταξὺ

2151 1430 2253 1502 τῆς
2297 1429 2521 1502 γνώμης
2558 1444 2619 1485 τε
2669 1430 2778 1486 τῶν
2812 1431 3005 1500 ἁγίων,
3059 1432 3153 1485 καὶ
3193 1432 3293 1503 τῆς
3330 1431 3440 1486 τῶν
3478 1433 3732 1488 τοιούτων

2141 1521 2372 1594 δρᾶται.
2402 1522 2634 1590 Λέγεται
2664 1521 2724 1576 δὲ
2751 1522 2845 1577 καὶ
2868 1523 2896 1575 6
2921 1522 3157 1590 Χριστὸς
3176 1522 3303 1586 τοὺς
3330 1523 3396 1576 ὲκ
3422 1524 3520 1595 τῆς
3555 1524 3732 1593 Ἑλληι

2140 1611 2312 1682 Δνικῆς
2362 1612 2579 1683 ἀπάτης
2623 1614 2705 1676 είς
2748 1612 3044 1682 ἐπίγνωσιν
3069 1612 3165 1666 τοῦ
3200 1612 3343 1666 κατά
3390 1613 3555 1684 φύσιν
3596 1613 3731 1668 Θεοῦ

2143 1700 2656 1773 ,μετενηνεγμένους
2680 1702 2756 1766 ὡς
2795 1701 3170 1773 αἰχμαλώτους
3200 1703 3360 1757 ἑλεῖν.
3393 1704 3538 1774 Ἔφη
3571 1704 3677 1774 γὰρ
3702 1704 3731 1756 6

2141 1791 2338 1856 γΔαόὶδ,
2372 1809 2391 1844 ι
2434 1789 2668 1855 Ἀναϐὰς
2691 1793 2770 1856 είς
2798 1791 2951 1862 Mog,
2996 1793 3418 1864 ᾐχμαλώτευσεν
3450 1793 3723 1866 αἱχμιιλωι

2076 1863 2129 1923 ’Β
2156 1883 2302 1950 σίαν,
2335 1881 2538 1936 δέδωκε
2568 1882 2775 1954 δόματα
2804 1885 2916 1947 τοῖς
2946 1863 3274 1956 ἀνθρώποις.
3301 1904 3321 1938 ι

2228 1975 2539 2045 Κηρύξατε
2557 1974 2745 2029 ταῦτα
2763 1975 2834 2030 ἐν
2870 1975 2994 2041 τοῖς
3021 1976 3263 2032 ἔθνεσιν
3279 1992 3293 2008 ’
3318 1975 3608 2048 ἁγιάσατε
3625 1978 3732 2033 πόει

2157 2068 2364 2136 lepor,
2417 2063 2752 2135 ἐξετείρατε
2786 2064 2928 2131 τοὺς
2970 2064 3267 2135 μαχητὰς,
3303 2066 3736 2137 προσαγύγπε,

2158 2156 2256 2211 καὶ
2275 2157 2626 2211 ἀναϐαίνετε
2643 2155 2868 2223 πάντες
2885 2155 3102 2225 ἄνδρες
3120 2157 3498 2227 πολεμισταί.
3515 2159 3737 2228 Emped-

2157 2252 2313 2319 ’φατε
2336 2248 2413 2302 τὰ
2440 2248 2669 2317 ἄροτρα
2696 2247 2863 2319 ὑμῶν
2888 2250 2976 2314 εἰς
3001 2249 3320 2318 ῥομφαίας,
3355 2247 3454 2302 καί
3490 2248 3569 2303 τὰ
3601 2248 3734 2318 δρέ-

2158 2356 2320 2394 πανα
2336 2339 2508 2409 ὑμῶν
2527 2341 2615 2406 εὶς
2638 2337 3062 2409 σειρομάστας.
3078 2339 3134 2392 '0
3162 2338 3461 2406 ἀδύνατος
3490 2339 3730 2410 λετέτωδ

2170 2432 2379 2499 Ἰσχύω
2428 2432 2561 2502 ἐγώ.
2625 2429 3091 2500 Συναθροίζεσθε
3111 2470 3129 2497 ,
3171 2431 3267 2487 καὶ
3316 2435 3738 2503 εὶσπορεύεσθε

2157 2517 2355 2572 πάντα
2392 2519 2466 2574 τὰ
2498 2519 2642 2589 ἔθνη
2699 2521 3016 2587 κυκλόθεν,
3055 2522 3156 2577 καὶ
3201 2522 3549 2594 συνάχθητε
3591 2522 3736 2590 ἐκεῖ,

2159 2610 2353 2677 πραῢς
2391 2609 2547 2665 ἔστω
2594 2610 2988 2682 πολεμιστής.
3049 2611 3608 2683 Ἐξεγειρέσθωσαγ,
3638 2614 3741 2669 καὶ

2158 2699 2646 2756 ἀναθαινέτωσαν
2665 2702 2740 2758 τὰ
2771 2701 2915 2772 ἔθνη
2941 2706 3030 2772 εἰς
3071 2703 3188 2775 τὴν
3224 2705 3478 2761 κοιλάδα
3531 2706 3739 2763 Ἰωσαο

2145 2791 2298 2863 φὰτ,
2325 2794 2415 2847 ὅτι
2448 2792 2580 2847 ἐκεῖ
2602 2793 2784 2850 καθιῶ
2804 2794 2916 2850 τοῦ
2942 2792 3238 2865 διακρῖναι
3260 2794 3459 2853 πάντα
3488 2796 3564 2854 τὰ
3595 2799 3740 2869 ἔθνη

2151 2885 2474 2941 κυκλόθεν.

2229 2978 2366 3032 MA'.
2425 2977 2753 3048 Ἀπιιλήσας
2783 2978 2896 3042 τοῖς
2937 2977 3116 3034 ἔθνεσι
3151 2979 3252 3045 τάς
3282 2978 3343 3047 ἐξ
3379 2980 3744 3054 ἀντιστρόφου

2162 3068 2468 3140 συμφορὰς,
2524 3068 2619 3122 καὶ
2665 3066 2776 3122 τῶν
2820 3068 3050 3125 ἀνοσίων
3111 3069 3288 3143 ἔργων
3342 3071 3583 3144 ἰσοπαλῆ
3638 3073 3741 3145 τὴν

413 3148 416 3151 “
484 3151 739 3215 iuituras,
771 3150 885 3221 jam
915 3151 1217 3207 orationem
1248 3152 1315 3206 ad
1339 3152 1573 3209 cultores
1606 3168 1737 3211 suos
1760 3160 2057 3228 convertit,

2160 3160 2334 3232 δίκην,
2362 3158 2651 3230 καθίστησι
2671 3159 2762 3214 τὸν
2792 3159 2949 3230 λόγον
2977 3160 3068 3215 ἐπὶ
3092 3161 3221 3226 τοὺς
3251 3161 3411 3226 ἰδίους
3438 3163 3541 3235 ήδη
3572 3180 3749 3237 προσ-

485 3257 622 3312 quos
647 3242 870 3298 minime
898 3243 1114 3300 timidos
1132 3254 1186 3300 et
1203 3243 1555 3312 effeminatos,
1584 3249 1713 3318 quin
1740 3251 1919 3320 potius
1942 3253 2060 3307 ani-

488 3350 669 3389 mosos
700 3350 763 3389 ac
796 3342 1046 3391 strenuos
1101 3350 1227 3392 esse
1274 3329 1525 3393 hortatur
1551 3378 1568 3405 ,
1632 3349 1689 3396 et
1715 3351 1923 3398 tantum
1956 3360 2062 3400 non

488 3427 749 3482 adhibere
792 3427 1124 3497 praeconium
1153 3468 1168 3494 ,
1231 3431 1374 3499 quod
1415 3427 1482 3484 ab
1514 3432 1771 3489 omnibus
1803 3434 2062 3490 exaudia-

487 3528 595 3585 tur,
624 3526 680 3572 et
714 3510 780 3574 ad
813 3532 1049 3590 pugnam
1080 3528 1268 3590 gentes
1299 3521 1494 3577 dehinc
1533 3522 1810 3593 colligere,
1858 3540 2062 3596 easque

489 3611 862 3678 inﬂammare,
913 3621 973 3668 ut
1032 3612 1138 3669 huc
1197 3614 1421 3683 gradum
1470 3617 1796 3685 accelerent,
1853 3620 2062 3676 tametsi

489 3704 723 3761 fortasse
782 3706 947 3759 vitam
995 3705 1231 3773 quietam
1281 3715 1337 3763 et
1391 3720 1421 3761 a
1481 3708 1625 3765 bello
1678 3709 2065 3766 abhorrentem

489 3809 649 3866 agere
700 3796 910 3853 malint.
989 3795 1104 3853 Hoc
1166 3807 1344 3854 autem
1379 3808 1464 3856 est
1516 3801 1742 3856 reddere
1789 3801 2067 3858 audentis-

488 3887 677 3952 simas,
723 3894 779 3942 et
822 3887 1173 3957 persuadere,
1232 3890 1307 3942 uti
1343 3889 1640 3955 conﬁdant,
1686 3891 1804 3958 ipso
1854 3894 2065 3961 'propu-

489 3985 712 4039 guaute,
749 3976 986 4031 hostium
1019 3992 1139 4032 sese
1168 3977 1457 4047 potituros.
1497 3976 1682 4046 itaque
1707 4015 1723 4041 ,
1780 3996 1805 4028 ι
1847 3978 1901 4032 in
1943 3996 2068 4048 gen-

490 4063 639 4117 tibus
671 4061 786 4116 htec
816 4064 1110 4132 praedicare
1137 4103 1153 4130 ,
1206 4063 1405 4132 inquit,
1441 4072 1496 4118 et
1551 4063 1889 4120 sanctiﬁcata
1947 4068 2066 4122 hel-

490 4150 623 4205 lum.
663 4168 685 4204 ι
717 4149 836 4208 iam
864 4152 988 4219 hoc,
1026 4172 1047 4206 ι
1106 4152 1461 4217 sanetlticate,
1500 4168 1521 4203 ι
1557 4166 1772 4208 rursum
1806 4154 1940 4211 nihil
1980 4165 2065 4214 est

490 4241 639 4298 aliud
678 4256 865 4312 quam,
899 4244 1031 4298 mihi
1056 4243 1202 4298 velut
1230 4250 1581 4309 consecrate;
1616 4256 1715 4316 ego
1754 4246 1901 4301 enim
1948 4248 2063 4304 bel-

492 4332 617 4388 labo
667 4343 723 4388 et
762 4335 831 4388 ad
876 4322 1103 4403 gleriam
1147 4346 1325 4387 meam
1352 4348 1445 4390 res
1488 4345 1700 4406 agetur.
1731 4336 2066 4397 O‘ccumheut

490 4425 661 4491 enim,
689 4426 783 4495 qui
838 4424 1099 4480 honorem
1150 4438 1327 4479 meum
1362 4424 1522 4496 lignis
1549 4436 1605 4484 et
1653 4428 1922 4502 lapidibus
1967 4433 2067 4489 tri.

2165 3250 2422 3321 κυνητάς,
2465 3249 2559 3314 οὓς
2597 3251 2798 3322 ἥκιστα
2853 3251 2952 3323 μὲν
3003 3252 3232 3317 δειλοὺς,
3285 3254 3381 3309 καὶ
3426 3253 3745 3326 ἀνάνδρους,

2163 3338 2303 3397 εἶναι
2350 3342 2407 3395 δὲ
2451 3341 2652 3414 μᾶλλον
2698 3340 2910 3395 κελεύει
2963 3343 3263 3408 νεανικοὺς,
3315 3343 3411 3396 καὶ
3459 3339 3744 3415 μονονουχὶ

2163 3431 2468 3505 διαπρυσίῳ
2498 3431 2801 3505 κεχρῆσθαι
2843 3432 3181 3505 κηρύγματι,
3233 3433 3514 3503 συλλέγειν
3539 3450 3598 3488 τε
3628 3433 3740 3506 ἠδη

2165 3524 2304 3594 πρὸς
2337 3524 2517 3596 μάχην
2544 3524 2612 3578 τὰ
2640 3524 2789 3595 ἔθνη,
2836 3527 2929 3579 καὶ
2958 3524 3220 3579 ἀνάπτειν
3266 3525 3583 3595 ἐπείγεσθαι
3609 3525 3745 3596 πρὸς

2164 3616 2323 3669 τοῦτο
2366 3616 2528 3682 αὐτὰ,
2575 3615 2679 3670 κᾶν
2706 3617 2754 3670 εί
2791 3615 2993 3671 ἕλοιντο
3027 3615 3187 3687 τυχὸν
3230 3616 3329 3688 τὴν
3366 3617 3641 3689 ὴρεμαίαν
3681 3627 3743 3670 τε

2165 3709 2261 3763 καὶ
2289 3709 2626 3780 ἀφιλόμαχον
2652 3708 2867 3762 ἑλέσθαι
2899 3711 3065 3783 ζωήν.
3099 3710 3269 3767 Τοῦτο
3288 3712 3346 3767 δὲ
3386 3708 3456 3783 ἦν
3485 3712 3746 3783 εὐτολμο-

2164 3800 2362 3864 τάτους
2390 3799 2801 3869 ἀποφαίνοντος,
2839 3801 2933 3853 καὶ
2967 3802 3053 3855 ἐπ’
3084 3803 3234 3875 αὐτῷ
3263 3804 3484 3878 θαρρεῖν
3515 3803 3744 3859 ἀναπεί-

2167 3888 2371 3954 θοντος,
2398 3891 2480 3943 ὅτι
2506 3893 2601 3943 καῖΙ
2626 3889 2735 3943 τῶν
2768 3888 2978 3963 ἐχθρῶν
3021 3893 3279 3965 ἀμείνους
3319 3895 3536 3958 ἔσονται
3580 3893 3745 3949 αὐτοῦ

2165 3981 2618 4054 προασπίζοντος.
2655 3999 2675 4033 ι
2707 3980 2894 4036 Ταῦτα
2918 3982 2982 4057 δὴ
3003 3980 3104 4053 ,οὖν
3134 3987 3190 4043 ἐν
3216 3989 3327 4052 τοῖς
3367 3987 3547 4041 ἔθνεσι
3576 3987 3745 4058 κηρύ-

2166 4070 2313 4137 ξατε,
2338 4072 2498 4143 φησι,
2517 4075 2611 4127 καὶ
2637 4073 2899 4143 ἁγιάσατε
2924 4077 3178 4149 πόλεμον.
3194 4098 3213 4131 ι
3234 4079 3344 4133 Καὶ
3359 4079 3419 4133 τὸ
3443 4079 3746 4151 Ἀτιάσατε

2165 4162 2326 4217 πάλιν
2352 4162 2521 4232 ἐστὶν,
2562 4164 2716 4237 Ἐμοὶ
2743 4165 3119 4239 καθιερώσατε
3142 4169 3342 4241 τρόπον
3382 4169 3526 4236 τινὰ,
3552 4171 3745 4240 ἔσομαι

2164 4252 2278 4324 γὰρ
2311 4253 2341 4307 6
2376 4254 2624 4327 μαχητὴς
2668 4254 2801 4326 ἐγὼ,
2847 4258 2942 4312 καὶ
2990 4260 3071 4322 εἰς
3106 4258 3244 4329 ἐμὴν
3285 4256 3442 4323 δόξαν
3487 4257 3641 4312 ἔσται
3686 4257 3746 4311 τὸ

2164 4345 2464 4419 δρώμενον.
2501 4347 2863 4420 Τεθνήξονται
2900 4352 3010 4422 γὰρ
3054 4354 3102 4405 οί
3142 4352 3240 4424 τὴν
3273 4351 3414 4424 ἐμὴν
3453 4352 3609 4418 δόξαν
3642 4352 3742 4404 ἀν-

2165 4436 2400 4507 άψαντες
2419 4438 2596 4506 ξύλοις
2622 4458 2682 4495 τε
2709 4443 2806 4497 καὶ
2834 4442 3021 4508 λίθοις.
3036 4443 3219 4498 Ἂπαν
3244 4441 3302 4497 δὲ
3330 4445 3392 4498 τὸ
3421 4441 3740 4512 ἀγιάζεσθαι

492 4514 747 4570 buerunt.
808 4514 985 4570 Omne
1019 4523 1199 4570 autem
1252 4517 1395 4585 quod
1457 4518 1789 4576 sanetillcari
1842 4519 2057 4588 dicitur,

2170 4529 2483 4604 λεγόμενον,
2504 4533 2585 4597 είς
2615 4533 2772 4602 δόξαν
2794 4536 2883 4591 ἀεὶ
2917 4536 3249 4607 προσάγεται
3276 4536 3433 4591 Θεοῦ.
3461 4535 3563 4591 Διά
3590 4534 3745 4589 τοῦτό

493 4619 711 4675 semper
737 4620 861 4660 cum
902 4604 1080 4660 divina
1130 4604 1300 4676 gloria
1358 4604 1526 4680 239
1570 4610 1913 4679 coniunctum
1961 4623 2066 4672 est.

492 4690 617 4747 Ideo
655 4693 730 4746 ait
763 4708 778 4747 :
814 4710 833 4742 ι
867 4691 1211 4749 Sanctiﬁcate
1240 4696 1462 4766 bellum,
1493 4700 1752 4757 suscitata
1797 4712 2063 4774 pugnato-

496 4796 603 4835 rcs.
643 4798 662 4831 ι
694 4779 762 4834 Ει
787 4779 968 4837 adhuc
1009 4783 1307 4857 subiungit,
1368 4805 1389 4840 ι
1427 4788 1705 4854 Accedite,
1744 4804 1934 4848 omnes
1963 4795 2065 4853 viri

494 4865 815 4921 bellatores.
855 4884 876 4921 ι
902 4867 1080 4925 Ponat
1103 4874 1336 4944 agricola
1362 4890 1522 4932 curas
1582 4888 1638 4933 et
1666 4880 1904 4936 studium
1960 4885 2063 4942 sibi

494 4953 906 5027 charissimam;
965 4975 1035 5016 ex
1081 4970 1267 5019 aratro
1297 4964 1685 5037 rhompheam,
1733 4979 1789 5027 et
1841 4987 1873 5029 e
1925 4972 2064 5033 l‘alce

491 5045 738 5101 lanceam
792 5049 899 5106 sibi
948 5048 1220 5119 fabricet;
1252 5068 1360 5110 non
1412 5054 1559 5111 enim
1604 5064 1806 5115 terram
1847 5060 2063 5119 colendi

491 5146 705 5209 tempus
732 5150 838 5210 est,
862 5144 959 5200 sed
984 5143 1097 5201 Deo
1126 5154 1440 5217 contempto
1474 5149 1636 5206 dandi
1664 5166 1874 5223 pmnas.
1910 5154 2062 5223 Quod

492 5232 537 5287 si
590 5233 712 5302 quis
766 5235 1015 5293 inﬁrmus
1066 5236 1272 5308 fuerit,
1325 5252 1394 5295 ne
1440 5240 1866 5301 imbecillitatem
1920 5260 2054 5315 pra:-

491 5332 681 5392 tcxat;
729 5329 1022 5386 mentiatur
1074 5332 1274 5401 potius,
1320 5332 1367 5387 si
1419 5333 1598 5401 lubet,
1650 5346 1708 5392 et
1761 5337 1867 5393 sibi
1912 5339 2057 5395 vires

490 5430 597 5469 non
629 5417 817 5475 deesse
845 5432 1108 5479 autumet.
1161 5423 1319 5479 Absit
1368 5424 1512 5479 enim
1545 5436 1603 5480 ut
1631 5428 1699 5481 ab
1755 5429 1840 5484 his
1888 5434 2055 5487 armis

489 5520 550 5561 se
575 5522 849 5565 removeat
879 5513 893 5567 l
924 5514 1335 5585 (ἔσθει-θησαιὶθί
1371 5516 1553 5587 igitur,
1584 5533 1796 5586 omnes,
1858 5523 2053 5592 inquit,

490 5597 581 5665 qui
613 5598 817 5654 circum
846 5599 1085 5657 Judaaam
1111 5605 1391 5673 habitatis,
1420 5616 1473 5662 et
1512 5609 1657 5665 mitis
1684 5624 1902 5681 quoque
1942 5629 2046 5683 pu-

566 5772 613 5805 ⁶³
636 5773 779 5826 Pelii.
819 5788 987 5841 van,
1018 5777 1104 5831 l9.

2169 4636 2334 4692 φησιν
2385 4641 2404 4674 ι
2445 4621 2735 4692 ’Δγιάσατε
2767 4625 3022 4697 πόλεμον,
3068 4626 3377 4697 ἐξεγείρατε
3404 4626 3529 4690 τοὺς
3565 4644 3745 4697 μαχη-

2166 4715 2283 4780 τάς.
2305 4733 2324 4767 ι
2359 4715 2469 4769 Καὶ
2487 4715 2550 4786 δὴ
2572 4716 2668 4769 καὶ
2696 4719 2974 4786 ἐπιφωνεῑ,
3003 4718 3097 4772 καί
3116 4735 3270 4789 φησι,
3312 4739 3331 4770 ι
3358 4719 3769 4790 Προσαγάγετε,

2167 4805 2369 4870 πάντες
2399 4807 2590 4880 ἄνδρες
2616 4806 2955 4879 πολεμισταί.
2987 4827 3006 4861 ι
3036 4809 3408 4881 Καταληγέτω
3435 4810 3532 4881 μὲν
3570 4812 3601 4862 6
3644 4826 3749 4879 γηο

2165 4896 2328 4959 πόνος
2351 4894 2459 4950 τῶν
2488 4897 2638 4968 αὐτῷ
2656 4897 2987 4966 φιλαιτάτων
3011 4900 3329 4970 φροντίδων,
3357 4899 3451 4954 καὶ
3477 4898 3747 4952 σπουδασο

2169 4985 2373 5055 μάτων.
2413 4987 2881 5057 Μεταχαλκευέτω
2907 4988 2965 5042 δὲ
2995 4988 3057 5043 τὸ
3104 4991 3202 5062 μὲν
3242 4990 3472 5063 ἄροτρον
3496 4991 3577 5053 εις
3603 4992 3742 5061 ῥομο

2166 5074 2352 5142 φαίαν,
2385 5073 2485 5146 τὴν
2524 5074 2581 5128 δὲ
2618 5074 2891 5149 δρεπάνην
2931 5080 3012 5143 εἰς
3059 5079 3443 5151 σειρομάστας.
3499 5080 3576 5133 Οὐ
3630 5079 3745 5149 γάρ

2168 5165 2286 5216 ἐστι
2312 5163 2408 5217 τοῦ
2438 5164 2694 5236 γηπονεϊν
2738 5168 2766 5222 6
2799 5169 3010 5243 καιρὸς,
3053 5172 3189 5227 ἀλλά
3225 5171 3320 5227 τοῦ
3350 5171 3547 5226 διδόναι
3583 5170 3746 5237 δίκας

2165 5254 2523 5328 ὴτιμασμένῳ
2540 5255 2676 5329 Θεῷ.
2702 5257 2765 5313 Εἰ
2785 5258 2842 5313 δὲ
2861 5262 2923 5333 δή
2940 5278 3024 5325 τις
3046 5264 3128 5334 εἴη
3161 5265 3255 5317 καὶ
3273 5264 3552 5328 ἀδύνατος,
3583 5264 3747 5333 φησὶ,

2168 5342 2243 5413 μὴ
2274 5345 2473 5416 σκῆψιν
2499 5348 2669 5419 ἐχέτω
2696 5349 2756 5403 τὸ
2772 5350 3019 5418 ἀναλκὲς,
3051 5353 3330 5423 ψευδέσθω
3351 5354 3409 5407 δὲ
3431 5356 3525 5408 καὶ
3556 5353 3751 5423 αὐτὸς,

2166 5436 2215 5486 εἰ
2233 5433 2503 5504 βούλεται,
2538 5441 2629 5493 καὶ
2658 5440 2867 5508 λεγέτω
2893 5443 2954 5496 τὸ
2980 5444 3256 5499 δύνασθαι.
3291 5445 3384 5517 Μὴ
3404 5444 3513 5517 γὰρ
3544 5446 3610 5517 δὴ
3635 5444 3754 5500 τῶν

2162 5524 2341 5581 ὃπλων
2380 5531 2497 5600 ἦτω
2536 5534 2772 5606 μακράν.
2810 5536 3200 5607 Συναγείρεσθε
3242 5537 3306 5611 δὴ
3345 5533 3437 5592 οὖν
3480 5537 3755 5605 ἅπαντες,

2163 5622 2345 5691 φησὶν,
2384 5625 2431 5675 oi
2471 5626 2656 5697 κύκλῳ
2689 5626 2787 5699 τῆς
2828 5628 3109 5699 Ἰουδαίας,
3161 5631 3255 5686 καὶ
3299 5633 3328 5685 6
3370 5629 3554 5701 πραῢς
3588 5630 3756 5685 ἔσται
