4054 6274
335 411 442 470 597

1219 408 1767 467 COMMENTARIUS
1808 407 1873 464 IN
1914 403 2174 466 JOELEM
2216 401 2654 468 PROPlIETAM.

3465 419 3572 474 598

337 520 604 592 μαχητὴς,
647 519 915 585 τουτέστι,
967 522 1060 572 καὶ
1111 520 1165 572 εἴ
1190 539 1272 584 τις
1311 523 1419 575 τῶν
1467 523 1754 591 ἀοργήτως)
1794 524 1878 590 εἴη

2008 536 2124 588 gnae
2151 537 2209 578 se
2238 525 2458 585 credat,
2493 526 2596 578 hoc
2617 532 2698 578 est
2723 567 2738 590 ,
2808 525 2910 578 etsi
2959 525 3223 595 quispiam
3267 527 3427 584 irasci
3469 548 3570 587 ne-

330 611 472 661 ἔστω
505 609 598 662 καὶ
629 604 783 672 οὗτος
815 613 1084 681 μαχητής.
1119 612 1343 680 Ὅμοιον
1373 612 1448 673 ὡς
1472 613 1520 664 εί
1551 613 1718 680 λέγει,
1745 613 1899 666 οὐδε-

327 700 412 762 νὸς
439 700 501 752 τὸ
528 699 748 768 σύμπαν
789 700 1270 771 ὑπολελειμμένου·
1307 703 1429 756 Κᾶν
1455 705 1504 756 εἰ
1536 703 1772 772 γηπόνος
1816 721 1902 767 τις

327 794 431 861 εἴη,
483 792 587 846 κᾶν
632 795 681 846 εἰ
721 793 891 856 δειλός
948 810 1007 846 τε
1048 793 1143 846 καὶ
1183 795 1442 866 ἄνανδρος
1493 790 1683 866 (οὗτος
1721 795 1830 863 γὰρ
1872 797 1901 848 ὁ

325 883 661 953 ἀδύνατος),
681 885 782 938 κᾶν
807 885 856 937 si
877 885 1069 954 arpiog,
1095 885 1190 938 καὶ
1221 885 1901 956 ἁφιλοπόλεμος,παραθη-

321 974 502 1042 γέσθω
531 978 669 1045 πρὸς
701 975 901 1047 μάχην.
929 977 1350 1047 Παραιτήσομαι
1379 977 1490 1047 γὰρ
1514 977 1722 1031 οὐδένα.
1772 980 1901 1030 Δια-

321 1066 498 1134 κρινῶ
529 1067 586 1119 δὲ
633 1067 880 1132 ἅπαντας
903 1057 967 1122 ’ὲν
998 1073 1064 1140 τῇ
1103 1069 1310 1124 κοιλάδι
1346 1069 1442 1123 τοῦ
1488 1070 1776 1140 Ἰωσαφάτ.
1825 1071 1900 1123 Τὸ

318 1156 654 1228 δὲΔιακρινῶ
682 1161 953 1231 σημαίνει,
979 1163 1058 1216 ὅτι
1084 1163 1292 1234 Κριτὴς
1316 1164 1510 1232 ἔσομαι
1531 1164 1898 1231 δυνατὸς,ποι-

317 1250 438 1310 ναῖς
498 1267 558 1302 τε
602 1251 696 1304 καὶ
738 1252 917 1317 δίκαις
960 1254 1126 1317 ἐνιεὶς
1175 1256 1304 1318 τοὺς
1347 1254 1755 1324 διαρπάσαντας
1799 1255 1896 1324 μὲν

316 1343 423 1408 γῆν
468 1340 564 1410 τὴν
595 1343 755 1414 ἐμὴν,
810 1344 999 1415 κλήρῳ
1030 1345 1088 1397 δὲ
1120 1344 1476 1415 διαλαχόντας
1512 1347 1605 1399 τὸν
1658 1345 1892 1416 Ἰσραὴλ,

316 1431 412 1484 καὶ
469 1432 694 1503 πόρναις
747 1433 847 1504 μὲν
905 1435 1200 1500 δεδωκότας
1257 1436 1326 1490 τὰ
1378 1438 1661 1508 παιδάρια,
1726 1455 1896 1492 κατα-

315 1525 671 1594 πεπρακότας
731 1526 788 1579 δὲ
819 1525 888 1580 τὰ
933 1528 1180 1598 κοράσια,
1225 1527 1318 1581 καὶ
1352 1527 1429 1592 ὡς
1469 1525 1611 1583 οἶνον
1639 1532 1896 1584 emam.

315 1632 506 1680 κοτας.

403 1708 765 1780 Ἐπιφωνήσει
793 1705 837 1763 δ’
874 1709 940 1764 ἂν
977 1711 1044 1764 τὰ
1081 1706 1258 1764 τοιάδε
1289 1712 1450 1765 πάλιν
1477 1713 1592 1775 τοῖς
1622 1714 1721 1782 τῆς
1765 1715 1890 1767 Ἐκ·

314 1798 547 1868 κλησίας
593 1800 805 1870 ἐχθροῖς
846 1803 874 1854 ό
907 1800 1131 1870 Κύριος,
1183 1801 1232 1853 οἳ
1265 1801 1370 1855 κᾶν
1415 1802 1758 1872 παμπληθεὶ,
1793 1805 1890 1858 καὶ

2005 612 2162 674 sciat,
2204 615 2550 670 nihilominus
2591 617 2729 670 idem
2761 631 2908 669 arma
2940 619 3215 685 corripiat.
3247 619 3476 677 Perinde
3509 639 3573 678 ac

2003 701 2047 753 si
2071 703 2234 768 dicat,
2261 704 2410 757 nullo
2432 720 2655 771 prorsus
2692 708 2880 761 relicm
2915 725 2929 762 :
2963 708 3088 763 Sive
3121 725 3257 779 opus
3305 715 3569 768 rusticum

2003 789 2165 843 faciat
2195 795 2337 858 quis,
2398 795 2512 848 sive
2553 795 2772 850 timidus
2806 808 2860 850 et
2909 800 3141 854 imbellis
3177 801 3246 872 (is
3291 805 3433 858 enim
3489 815 3574 860 est

2002 880 2306 952 ἀδύνατος),
2330 884 2446 938 sive
2471 889 2738 940 mansueti
2765 889 2963 956 ingenii
2988 901 3042 943 et
3070 908 3098 944 a
3127 894 3318 948 bellico
3342 899 3569 965 strepitu

2001 973 2229 1041 alienus,
2272 976 2337 1028 ad
2373 990 2606 1046 pugnam
2633 988 2805 1032 semet
2844 994 3071 1035 exacttat
3106 1014 3120 1046 ,
3167 987 3370 1040 nullum
3407 1004 3568 1042 recu-

1999 1061 2150 1115 sabo.
2181 1061 2444 1119 Jndicabo
2469 1081 2658 1121 omnes
2688 1068 2740 1122 in
2763 1070 2900 1124 valle
2925 1069 3184 1141 Josaphat
3214 1083 3227 1128 ':
3258 1083 3399 1144 quod
3437 1095 3564 1135 ver-

2000 1152 2127 1206 bum
2157 1154 2442 1224 signiﬁcat,
2473 1156 2642 1213 Judex
2673 1174 2769 1216 ero
2794 1171 3017 1231 potens,
3074 1167 3254 1232 pmttls
3284 1179 3339 1221 et
3365 1173 3571 1240 suppli-

1999 1242 2099 1298 ciis
2131 1258 2460 1315 prosequens
2481 1289 2496 1316 ,
2531 1249 2621 1318 qui
2661 1250 2962 1308 diviserunt
2992 1263 3196 1310 terram
3247 1270 3419 1313 meam
3445 1299 3461 1323 ,
3516 1272 3571 1316 et

1998 1344 2145 1389 sorte
2185 1336 2579 1396 distribuerunt
2611 1341 2812 1409 Israel,
2873 1347 3317 1419 tradideruntque
3363 1367 3561 1421 pueros

2000 1427 2392 1494 meretricibus,
2434 1439 2488 1487 et
2516 1433 2722 1502 puellas
2748 1437 3126 1506 vendiderunt,
3174 1449 3336 1510 atque
3387 1453 3444 1497 ut
3486 1444 3568 1498 vi-

1998 1529 2124 1570 num
2154 1518 2427 1576 biberunt.

2067 1686 2216 1752 Talia
2252 1709 2463 1754 rursum
2494 1700 2748 1759 Ecclesia:
2785 1705 3032 1763 hostibus
3081 1709 3340 1766 Dominus
3385 1716 3564 1770 accla-

1995 1788 2227 1841 moverit
2263 1805 2277 1842 :
2317 1791 2408 1860 qui
2459 1807 2766 1864 quanquam
2802 1797 2936 1852 totis
2967 1801 3140 1869 copiis
3181 1810 3238 1856 et
3279 1807 3427 1859 omni
3474 1823 3564 1861 ro-

313 1889 409 1961 ὃλῃ
438 1889 666 1960 δυνάμει
700 1891 968 1962 χρώμενοι
993 1891 1102 1945 τῶν
1133 1892 1300 1961 ἁγίων
1325 1894 1878 1965 καταστρατεύονται,

1985 1877 2116 1933 bore
2143 1889 2362 1936 sanctos
2400 1887 2784 1954 Oppugnarint,
2816 1891 3010 1945 cadent
3051 1891 3292 1959 profecto
3336 1910 3549 1962 omnes,

315 1980 607 2034 πεσοῦνται
629 1981 694 2052 δὴ
723 1981 920 2044 πάντες
943 1981 1105 2038 αὐτοῦ
1136 1983 1584 2052 προασπίζοντος,
1604 1984 1890 2049 κάκείνους

315 2073 415 2142 μὲν
451 2074 940 2145 καταστρέφοντος,
988 2073 1419 2143 ἅνατειχίζοντος
1457 2075 1514 2128 δὲ
1551 2076 1679 2139 τοὺς
1726 2077 1892 2139 ἰδίους

312 2161 699 2233 προσκυνητὰς
723 2164 926 2228 πίστει,
953 2163 1049 2216 καὶ
1079 2163 1274 2232 ἐλπίδι,
1299 2166 1394 2219 καὶ
1429 2167 1641 2239 ἀγάπῃ,
1676 2167 1770 2221 καὶ
1792 2167 1891 2240 τῆς

312 2252 449 2316 ἰδίας
475 2254 812 2326 ἡμερότητος
839 2254 1080 2323 ἀγαθοῖς.

392 2344 889 2408 Ἐξαποστείλοτε
914 2345 1200 2415 δρέπανα,
1225 2343 1314 2402 ὅτι
1340 2351 1720 2419 παρέστηκεν
1748 2368 1889 2419 τρυ-

310 2433 512 2502 τηε-ὸς,
563 2438 1007 2506 διαπορεύεσθε,
1059 2440 1330 2505 πατεῖτε,
1377 2432 1525 2497 erat;
1567 2443 1807 2512 πλήρης
1849 2443 1888 2509 ἡ

309 2527 531 2592 ληνός·
571 2528 913 2596 ὑπερχεῖται
945 2530 1018 2584 τὰ
1051 2531 1374 2600 orm/trina,
1415 2533 1503 2586 ὅτι
1537 2534 1888 2602 ἐπληθύνθη

309 2614 384 2668 ea
423 2617 578 2670 κακὰ
607 2618 824 2673 αὐτῶν.
847 2615 1024 2688 *Ηχοι
1045 2621 1442 2690 ήκούσθησαν
1460 2625 1529 2676 ἐν
1555 2623 1631 2692 τῇ
1656 2625 1889 2679 κοιλάδι

311 2705 426 2772 τῆς
453 2708 647 2776 δίκης,
681 2709 768 2762 ὅτι
793 2710 972 2778 ἐγγὺς
1010 2713 1049 2780 ἡ
1075 2713 1264 2782 ἡμέρα
1301 2715 1522 2782 Κυρίου
1557 2715 1626 2768 ἐν
1656 2715 1731 2784 τῇ
1763 2732 1887 2771 κοι-

317 2797 457 2850 λάδι
487 2796 596 2866 τῆς
617 2799 808 2866 δίκης.
851 2800 903 2852 '0
937 2799 1110 2868 ἥλιος
1136 2803 1236 2856 και
1260 2804 1300 2872 ἠ
1329 2803 1562 2873 σελήνη
1584 2808 1887 2863 συσκοτάά

316 2896 561 2953 σουσιν,
607 2891 704 2943 καὶ
742 2892 815 2944 τὰ
855 2891 1048 2959 ἄστρα
1089 2891 1388 2948 δύσουσιν
1429 2896 1497 2949 τὸ
1532 2897 1750 2968 φέγγος
1779 2903 1888 2956 αὺ-

311 2978 450 3033 τῶν.
489 2979 540 3032 '0
571 2980 638 3034 δὲ
676 2984 890 3052 Κύριος
906 2985 976 3039 ἐκ
1003 2983 1156 3039 Σιὼν
1174 2979 1654 3060 ἁνακεκράεεται,
1698 2993 1798 3047 καὶ
1818 2995 1888 3059 ἐξ

321 3068 708 3143 Ἰερουσαλὴμ
737 3075 916 3129 δώσει
952 3077 1164 3148 φωνὴν
1206 3080 1410 3146 αὑτοῦ,
1444 3083 1542 3137 καὶ
1568 3085 1889 3153 σεισθήσε-

303 3178 403 3216 ται
431 3165 466 3217 ό
486 3165 761 3232 οὐρανὸς,
793 3167 891 3220 καὶ
919 3169 959 3237 ἡ
979 3168 1080 3240 τῆ.

1994 1967 2113 2034 ipso
2134 1979 2448 2041 protegente
2487 1984 2544 2029 et
2567 1973 2688 2030 illos
2720 1978 2935 2046 quidem
2961 1992 3262 2049 evertente,
3296 2001 3421 2042 suos
3457 2003 3558 2043 au-

1993 2067 2100 2112 tem
2127 2061 2359 2118 cultores
2390 2064 2512 2131 ﬁde,
2538 2083 2652 2136 spe,
2685 2070 2950 2126 cliaritate
2978 2084 3028 2128 et
3061 2073 3413 2146 benignitatis
3438 2095 3553 2136 suae

1993 2152 2331 2218 muneribus,
2373 2172 2645 2212 murorum
2675 2161 2865 2228 instar,
2893 2167 3308 2226 corroborante.

2065 2323 2226 2381 Vens.
2260 2328 2448 2383 15-16.
2475 2329 2716 2388 Emittite
2742 2335 2924 2404 falces,
2965 2341 3212 2408 quoniam
3253 2343 3402 2397 adest
3442 2335 3572 2398 vin:

1991 2417 2444 2483 demia;introite
2475 2465 2491 2491 ,
2543 2427 2770 2491 calcate,
2821 2433 2947 2499 quia
3003 2433 3210 2498 plenum
3270 2435 3546 2499 torcular;

1992 2511 2286 2563 redundant
2328 2515 2642 2580 toreularia,
2687 2519 2810 2587 quia
2850 2521 3204 2588 Multiplicata
3246 2536 3368 2578 sunt
3411 2529 3558 2581 mala

1989 2613 2188 2653 eorum.
2241 2599 2456 2658 Sonitus
2498 2607 2670 2661 auditi
2711 2620 2832 2664 sunt
2877 2612 2932 2664 in
2967 2612 3100 2667 valle
3145 2614 3339 2682 judicii
3368 2656 3385 2683 ,
3432 2619 3558 2683 quia

1983 2687 2142 2754 juxta
2182 2701 2255 2745 est
2298 2693 2407 2747 dies
2463 2695 2676 2751 Domini
2711 2703 2765 2753 in
2801 2702 2932 2756 valle
2953 2703 3167 2771 judicii.
3221 2705 3314 2762 Sol
3350 2717 3395 2761 et
3430 2708 3558 2762 (una

1991 2781 2489 2851 obtenebrabuntur,
2511 2798 2559 2842 et
2587 2791 2751 2852 υειιω
2767 2794 3000 2848 occidere
3023 2795 3212 2863 facient
3231 2798 3556 2864 splendorem

1988 2886 2162 2927 suum.
2193 2872 2265 2928 Et
2292 2876 2545 2934 Dominus
2581 2881 2646 2936 tle
2669 2881 2798 2938 Sion
2837 2884 3086 2940 clamabit
3113 2926 3129 2951 ,
3185 2899 3234 2942 et
3263 2888 3558 2945 Jerusalem

1989 2959 2132 3015 dabit
2154 2978 2326 3018 vocem
2347 2982 2520 3034 suam,
2557 2979 2603 3024 et
2627 2972 2918 3029 movebitur
2957 2979 3144 3032 emtum
3178 2987 3230 3033 st
3255 2988 3417 3036 terra.

803 3213 1075 3330 πρόσοίκα
1105 3261 1214 3315 τῶν
1261 3262 1430 3318 ἐθνῶν
1469 3268 1568 3336 τῆς
1619 3265 1878 3331 Ἰουδαίας

2060 3254 2218 3317 XLII.
2248 3258 2531 3323 Finitimos
2559 3258 2756 3324 Iudaea!
2774 3273 3021 3343 papulas,
3052 3275 3280 3344 Arabas,
3308 3280 3549 3351 inquam,

297 3345 681 3414 γῆς,”Αρα6άς
721 3365 780 3401 τε
828 3352 970 3420 φημὶ
1013 3353 1106 3406 καὶ
1158 3353 1413 3425 Τυρίους,
1441 3355 1749 3424 Γετθαίους,
1787 3360 1880 3413 καὶ

295 3435 628 3508 Φιλιστιεὶμ,
661 3439 975 3508 Μωαϐίτας,
1011 3443 1106 3496 καὶ
1147 3445 1500 3515 Ἰδουμαίους,
1519 3446 1876 3518 Ἀμμανίτας,

296 3528 400 3580 καὶ
433 3529 826 3599 Γεργεσαίους,
857 3533 1020 3586 οἱονεὶ
1050 3534 1309 3604 σάλπιγγι
1347 3539 1718 3608 κεχρημένους
1757 3557 1875 3595 συν-

294 3619 548 3690 αγείρειν
591 3621 872 3676 ἐκέλευσεν
909 3625 989 3688 εις
1030 3625 1127 3695 τὴν
1176 3626 1398 3682 κοιλάδα
1437 3628 1531 3682 τοῦ
1588 3631 1873 3703 Ἰωσαφὰτ,

291 3709 377 3771 ὡς
400 3709 599 3763 αὐτίκα
622 3711 684 3781 δὴ
719 3713 861 3780 μάλα
885 3714 1322 3786 τεθνηξομένους,
1358 3719 1453 3771 καὶ
1485 3720 1690 3791 πικρὰς
1717 3723 1879 3791 ὑφέξ-

292 3814 459 3860 οντας
489 3799 568 3867 τῷ
597 3799 832 3869 κρίνοντι
866 3801 1041 3866 δίκας.
1075 3805 1392 3877 Παραθήγει
1421 3808 1476 3860 δὲ
1513 3813 1628 3863 νυνὶ
1657 3813 1784 3875 τοὺς
1814 3814 1877 3876 ἐξ

303 3887 528 3959 Ἰσραὴλ
559 3891 636 3952 εἰς
659 3891 866 3961 ἄμαχόν
895 3910 1016 3947 τινα
1039 3895 1365 3965 προθυμίαν,
1411 3898 1507 3950 xal.
1547 3899 1875 3970 δυσάντητον

289 3977 492 4047 ἀλκὴν,
523 3979 614 4031 καὶ
641 3979 704 4049 δὴ
749 3984 1239 4053 συναγηγερμένοις
1278 3985 1640 4057 ὲπιθρώσκειν
1685 3989 1874 4062 ὥσπερ

289 4068 693 4138 διακελεύεται,
730 4073 842 4126 δεῖν
872 4073 929 4126 δὲ
970 4074 1207 4144 πολέμου
1231 4075 1449 4146 δείμασι
1491 4082 1872 4150 κατεπτοημέι-

289 4176 447 4224 νους,
477 4159 599 4215 οὐτε
631 4163 737 4234 μὴν
771 4166 850 4227 εἰς
883 4165 1062 4235 μάχην
1113 4166 1289 4230 ἰόντας
1331 4169 1488 4233 ὅλως,
1538 4171 1871 4240 ἡγουμένους

287 4251 352 4303 δὲ
391 4253 589 4321 μᾶλλον
618 4254 678 4307 τὸ
712 4257 898 4326 χρῆμα
939 4256 1170 4328 τρυφὴν,
1221 4258 1316 4311 καὶ
1358 4260 1418 4311 ὲν
1464 4260 1701 4332 θυμηδίᾳ
1741 4264 1872 4316 αὐτὸ

289 4345 774 4414 καταγράφοντας,
821 4348 914 4402 καὶ
955 4349 1262 4421 γεγηθότας
1309 4353 1368 4405 ὲν
1403 4353 1504 4424 ἴσῳ
1534 4356 1646 4417 τοῖς
1679 4355 1776 4420 τὰς
1811 4357 1870 4422 ἐξ

287 4436 558 4505 ἀμπέλων
607 4439 911 4510 εὐκαρπίας
958 4441 1292 4511 συλλέγουσι.
1341 4444 1612 4518 Ταύτῃτοί
1665 4465 1865 4519 φησιν’

294 4545 312 4577 ι
336 4526 788 4592 Ἐξαποστείλατε
817 4533 1076 4602 δρέπανα,
1102 4535 1183 4586 ὅτι
1210 4536 1520 4608 παρέστηκε
1542 4541 1811 4610 τρυγητὺς
1845 4559 1863 4591 ι

290 4618 379 4686 (τὸ
397 4618 864 4682 ἐξαποστείλατε
883 4623 1071 4691 τιθεὶς,
1103 4626 1223 4678 ἀντὶ
1249 4626 1365 4691 τοῦ,
1395 4629 1756 4700 ἐκπέμψατε),
1777 4634 1870 4686 καὶ

287 4710 595 4777 ὲκτείνατε,
629 4714 877 4787 καθάπερ
903 4717 1094 4786 ἀμέλει
1130 4718 1225 4770 καὶ
1253 4720 1302 4771 οί
1347 4723 1552 4792 τρυγᾷν
1595 4723 1867 4786 είωθότες.

289 4801 585 4858 Κείσονται
613 4806 720 4878 γὰρ
752 4808 958 4878 ἕτοιμοι
986 4809 1124 4880 πρὸς
1150 4809 1451 4881 ἀναίρεσιν,
1481 4814 1765 4884 εὐτρεπεῖς
1790 4819 1870 4879 εἰς

289 4896 633 4965 κατατομήν.
693 4899 1112 4972 Ἀποκειρέσθω,
1159 4901 1346 4972 φησὶν,
1388 4903 1418 4955 ό
1461 4904 1738 4975 πολέμιος,
1791 4907 1868 4970 ὡς

289 4982 350 5050 ἐξ
375 4984 622 5054 ἀμπέλου
657 4985 865 5057 βότρυςο
911 4992 1186 5045 πατείσθω
1238 4992 1294 5044 δὲ
1332 4992 1520 5068 ὥσπερ
1563 4998 1622 5050 ἐν
1664 4997 1862 5068 ληνοῖς,

290 5073 538 5142 σωρηδὸν
582 5074 685 5127 ὐπὸ
727 5077 890 5138 πόδας
924 5078 1193 5148 κείμενος.
1234 5098 1253 5131 ι
1303 5083 1698 5155 Είσπορεύεσθε
1730 5089 1858 5158 γάρ,

290 5165 448 5232 φησὶ,
505 5168 746 5228 πατείτε,
787 5166 920 5220 διότι
965 5170 1180 5242 πλήρης
1227 5173 1259 5241 ή
1309 5173 1487 5244 ληνὸς,
1514 5196 1532 5226 ι
1595 5179 1858 5245 τουτέστι,

293 5255 726 5327 συγκεκόμισται
758 5259 892 5329 πρὸς
931 5259 1148 5331 ὄλεθρον
1196 5263 1304 5319 τῶν
1342 5265 1512 5319 ἐθνῶν
1549 5268 1582 5335 ἡ
1635 5268 1859 5337 πληθὺς,

291 5343 439 5399 οὐδὲν
465 5346 524 5400 τὸ
553 5347 879 5401 κωλύονὺπὸ
909 5349 1072 5414 πόδας
1101 5347 1240 5407 εἶναι
1277 5355 1401 5417 τοὺς
1429 5354 1576 5416 σούς.
1611 5371 1631 5406 ι
1659 5356 1858 5429 ’Υπερο

291 5435 466 5505 χεῖται
506 5436 573 5489 τὰ
603 5437 889 5509 ὑπολήνια.
918 5459 937 5492 ι
991 5442 1221 5510 Σημεῖόν
1272 5445 1328 5497 δὲ
1381 5444 1469 5498 διὰ
1507 5444 1712 5500 τούτων
1749 5445 1862 5503 οἷον

290 5523 601 5597 ἀμφιλαφὲς
642 5529 752 5582 τῶν
782 5532 860 5595 είς
893 5532 1278 5603 καταπάτησιν
1315 5539 1853 5608 συγκεκομισμένων.

303 5609 392 5666 Ἔν
419 5617 524 5686 γάρ
557 5635 635 5670 τοι
668 5622 787 5682 ταῖς
813 5621 922 5676 τῶν
955 5621 1194 5691 βοτρύων
1223 5623 1526 5689 ἀφθονίαις,
1563 5628 1655 5680 καὶ
1689 5630 1857 5694 αὐτάς

290 5704 320 5752 ὁ
346 5699 481 5768 οἶνος
521 5709 780 5771 πολλάκις
821 5711 1108 5778 ὑπεραίρει
1151 5711 1248 5772 τὰς
1280 5711 1489 5779 ληνούς.
1538 5716 1610 5768 Τὸ
1655 5718 1855 5787 πλῆθος

290 5791 355 5862 δὴ
376 5792 462 5850 οὖν
481 5797 586 5850 τῶν
609 5799 712 5850 ὑπὸ
737 5799 898 5860 πόδας
927 5798 1187 5866 κειμένων
1210 5798 1374 5868 δηλοῖ,
1400 5801 1592 5870 λέγων,
1616 5824 1632 5855 ι
1658 5807 1852 5878 ’Υπερ-

1986 3360 2039 3407 et
2067 3351 2280 3423 Tyrios,
2315 3354 2568 3414 Getbzeos
2605 3371 2660 3416 et
2708 3363 3021 3432 Philistiim,
3068 3366 3327 3425 Moabitas
3363 3381 3418 3426 et
3439 3366 3561 3426 ldu-

1985 3448 2529 3510 maeos,Ammonitas
2556 3462 2611 3508 et
2655 3454 2970 3526 Gergesaeos
3012 3461 3161 3516 velut
3212 3463 3352 3517 tuba:
3394 3465 3546 3520 cian-

1985 3537 2206 3604 goribus
2255 3540 2308 3594 in
2337 3543 2528 3599 vallem
2579 3543 2839 3617 Josaphat
2889 3567 3220 3620 congregare
3248 3556 3453 3624 jussit,
3493 3567 3552 3612 ut

1983 3631 2377 3699 quamprimum
2433 3637 2723 3691 morituros
2786 3639 2949 3710 250
3001 3650 3055 3696 et
3116 3645 3342 3698 acerbas
3383 3647 3549 3714 judici

1982 3733 2170 3788 poenas
2200 3723 2589 3789 persoluturos.
2624 3727 2776 3782 Nunc
2805 3731 3075 3786 Israelitas
3101 3735 3167 3787 ad
3206 3737 3545 3795 alacritatem

1983 3809 2272 3874 quamdam
2331 3810 2801 3882 inexpugnabilem
2863 3818 3226 3892 invictamque
3275 3825 3548 3883 fortitudi-

1983 3911 2104 3951 nem
2133 3902 2451 3967 exsuscitat,
2498 3903 2739 3976 adeoque
2776 3909 2828 3962 in
2893 3923 3247 3982 congregatos
3289 3919 3501 3977 insilire
3528 3965 3545 3990 ,

1981 3992 2136 4057 quasi
2160 3993 2334 4060 jubet,
2365 4005 2417 4050 et
2442 3996 2541 4061 ait,
2571 4012 2662 4053 eos
2689 4014 2850 4069 quam
2876 4005 3106 4059 maxime
3150 4011 3418 4068 audentes
3471 4017 3547 4070 vi-

1980 4080 2092 4135 deri
2117 4092 2391 4151 oportere,
2423 4086 2711 4157 virilesque
2749 4104 2812 4144 ac
2856 4100 3142 4160 strenuos,
3203 4101 3366 4154 etiam
3421 4103 3544 4158 belli

1983 4176 2282 4230 terroribus
2341 4189 2740 4245 consternatos,
2766 4192 2819 4236 et
2848 4199 3082 4253 pugnam
3111 4202 3401 4247 conserere
3432 4195 3545 4249 for-

1977 4265 2289 4332 midantes;
2345 4269 2472 4336 quin
2505 4271 2684 4339 potius
2723 4273 2773 4326 id
2823 4274 3024 4331 habere
3082 4293 3180 4348 pro
3229 4283 3435 4340 deliciis
3491 4297 3546 4342 et

1977 4357 2176 4412 ducere
2203 4358 2466 4427 voluptati
2499 4401 2514 4426 ,
2561 4377 2660 4418 nec
2713 4366 2874 4422 aliter
2916 4370 3190 4438 gaudere,
3231 4388 3398 4443 quam
3450 4381 3539 4446 qui

1976 4448 2198 4502 uberem
2247 4451 2577 4508 vindemiam
2619 4454 2844 4512 faciunt.
2891 4458 3158 4530 Proinde,
3218 4485 3237 4518 ι
3272 4467 3536 4538 Emittite,

1900 4567 1949 4627 ο
1976 4538 2169 4608 inquit,
2196 4540 2377 4608 falces,
2401 4548 2653 4614 quoniam
2684 4550 2834 4605 adest
2863 4552 3183 4609 vindemia.»
3205 4557 3542 4623 Ἐξαποστεί-

1975 4628 2103 4683 λατε
2133 4633 2312 4701 posuit
2341 4648 2438 4702 pro
2479 4637 2820 4708 ἐκπέμψατε,
2869 4644 3099 4699 emittite
3140 4658 3193 4701 et
3238 4653 3534 4719 cxtendite,

1971 4721 2230 4777 nimirum
2287 4734 2343 4779 ut
2383 4726 2777 4787 vindemiantes
2809 4747 3225 4793 consueverunt.
3273 4740 3539 4798 Jacebunt

1968 4818 2111 4870 enim
2135 4821 2309 4888 parati
2343 4829 2400 4874 ut
2433 4823 2851 4895 interﬁciantur,
2877 4831 3050 4898 parati
3074 4840 3132 4884 ut
3161 4841 3530 4898 amputentur.

1967 4909 2352 4976 Abscindatur,
2377 4913 2594 4982 inquit,
2645 4917 2835 4983 hostis,
2892 4929 3016 4974 uta
3065 4921 3174 4975 vite
3227 4921 3437 4987 botrus,
3481 4933 3536 4977 et

1969 4999 2195 5064 pedibus
2243 5001 2516 5068 subiectus
2547 5042 2563 5070 ,
2624 5005 2761 5059 sicut
2804 5006 2856 5058 in
2932 5007 3188 5060 torculari
3241 5008 3531 5062 acervatim

1967 5088 2333 5142 conculcetur.
2368 5091 2456 5144 Ait
2479 5092 2621 5145 enim
2648 5131 2663 5156 ,
2712 5092 2740 5144 ἰ
2786 5094 3032 5158 lntroite,
3064 5103 3117 5150 et
3148 5096 3372 5160 calcate,
3405 5097 3530 5165 quia

1965 5177 2181 5247 plenum
2202 5188 2284 5234 est
2320 5182 2577 5248 torcular,
2625 5201 2643 5234 ι
2675 5184 2777 5238 hoc
2813 5194 2936 5249 est,
2988 5195 3324 5254 comportata
3356 5189 3528 5242 estad

1964 5269 2388 5325 internecionem
2435 5274 2720 5329 multitudo
2772 5278 3012 5343 gentium
3045 5319 3060 5342 ,
3118 5277 3252 5331 nihil
3299 5278 3525 5344 obstat,

1963 5360 2254 5426 quominus
2303 5364 2665 5430 subiiciantur
2687 5363 2913 5432 pedibus
2965 5366 3106 5420 tuis.«
3150 5385 3168 5417 ι
3201 5366 3527 5423 Redundant

1964 5449 2274 5503 toreularia.
2311 5470 2330 5503 ι
2392 5452 2619 5521 Signum
2676 5452 2976 5519 perfectum
3046 5456 3335 5512 calcandos
3402 5473 3524 5513 esse

1961 5549 2349 5609 comportatos.
2381 5543 2592 5597 Etenim
2643 5544 2695 5597 in
2729 5557 2956 5599 uvarum
2989 5547 3319 5603 abundantia
3359 5550 3522 5604 etiam

1959 5630 2074 5696 ipsa
2125 5631 2413 5685 toreularia
2463 5631 2647 5684 vinum
2680 5646 2822 5698 saepe
2863 5637 3092 5691 excedit.
3139 5637 3522 5705 Frequentiam

1959 5721 2125 5789 igitur
2175 5722 2275 5775 sub
2324 5723 2551 5792 pedibus
2599 5721 2897 5789 jacentium
2942 5728 3045 5782 hoc
3077 5731 3242 5783 verbo
3303 5728 3523 5780 denth

1959 5822 2114 5877 Strat,
2151 5833 2167 5864 ι
2214 5815 2539 5872 Redundant
2605 5812 2916 5873 toreularia.
2959 5840 2976 5873 ι
3010 5821 3265 5890 Sequitur
3298 5833 3312 5866 :
3356 5832 3375 5864 ι
3411 5812 3507 5861 50’
