4054 6274
465 409 568 461 399

1455 399 1513 453 S.
1562 395 1834 453 CYlilLLl
1874 395 2341 452 ALEXANDRINI
2382 395 2697 452 ARCHIEP.

3621 401 3724 459 έθθ

469 526 614 577 uitus
655 519 822 575 auditi
850 525 975 574 sunt
1008 517 1061 571 in
1087 513 1226 569 valle
1251 513 1461 584 judicii.
1510 533 1527 566 ι
1564 514 1626 567 Et
1667 515 1926 583 quidnam
1963 515 2038 569 is-

2155 519 2314 585 (εἶται
2348 516 2415 570 τά
2449 516 2730 587 ύπολήνια.
2760 535 2776 566 ι
2836 511 3041 584 ιἾΙχοι
3083 513 3356 586 ἐξήχησαν
3405 517 3460 568 ἐν
3504 519 3568 586 τῇ
3609 535 3728 571 κει-

469 615 564 668 tud
592 611 718 668 est?
746 609 940 666 Solem
979 607 1149 662 sancti
1182 606 1456 675 propheta:
1488 614 1745 660 eventura
1789 619 2042 674 przemtn~

471 707 649 767 tiare,
700 711 754 756 et
804 715 1192 768 nonnunquam
1255 714 1434 753 rerum
1496 699 1732 765 ipsarum
1785 697 2044 766 imagines

469 795 651 849 animo
685 792 996 861 concipere,
1030 800 1089 845 ιιι
1110 790 1224 857 jam
1262 798 1374 844 tum
1409 799 1463 842 et
1492 789 1676 841 videre
1708 789 1808 842 sibi
1837 787 2039 852 futura,

467 894 522 940 ct
560 898 719 940 voces
749 883 897 952 ipsas
921 882 1112 937 audire
1137 882 1442 936 videantur.
1481 878 1548 932 Et
1583 878 1706 948 quia
1735 891 1926 931 omnes
1972 877 2041 930 ad

468 990 631 1030 unum
663 973 974 1044 perditurus
1013 982 1132 1026 erat
1163 983 1484 1040 progressus
1529 970 1594 1021 ad
1639 967 2042 1022 dimicationem

468 1066 986 1128 Nabuchodonosor,
1009 1064 1075 1117 ad
1099 1063 1273 1131 ipsum
1295 1061 1495 1116 {uadum
1519 1059 1641 1112 belli
1673 1057 2040 1128 spectaculum

419 1225 425 1231 _
470 1160 649 1214 animo
695 1166 748 1213 et
799 1157 1120 1227 cogitatione
1170 1153 1430 1224 abreptus
1509 1162 1593 1206 est
1641 1149 1904 1205 Jeremias
1937 1165 1952 1212 ;
1985 1157 2042 1202 et

471 1260 680 1304 tantum
711 1263 816 1302 non
859 1247 990 1317 ipsis
1043 1245 1212 1299 oculis
1259 1242 1683 1298 innumerabiles
1735 1241 2041 1295 occisorum

470 1347 716 1392 catervas
750 1333 1165 1403 contemplatus,
1193 1332 1371 1388 aiebat
1403 1348 1417 1384 :
1461 1348 1479 1380 ι
1531 1330 1640 1383 llen
1687 1330 1816 1382 mihi
1852 1369 1866 1392 ,
1910 1329 2038 1397 quia

471 1429 653 1484 delicit
681 1428 859 1482 anima
891 1441 1009 1480 mea
1036 1434 1256 1494 propter
1297 1423 1613 1478 interfectos
1671 1423 1718 1454 ⁶⁹
1751 1423 1763 1476 ι
1803 1441 1822 1474 ι
1856 1420 2044 1475 Simile

470 1521 748 1590 quiddam,
779 1529 836 1572 ut
859 1527 1010 1589 puto,
1058 1532 1179 1571 cum
1209 1527 1264 1572 et
1297 1514 1430 1571 Joeli
1482 1515 1769 1569 accidisset
1801 1524 1854 1569 et
1903 1512 2044 1567 forte

474 1609 760 1664 tumultum
796 1609 1044 1664 bellicum
1090 1608 1312 1663 auribus
1339 1605 1660 1675 accepisset,
1697 1605 1816 1657 ideo
1848 1603 1988 1656 divit
2026 1616 2039 1652 :

477 1721 496 1754 ι
531 1701 760 1756 Sonitus
790 1701 956 1754 auditi
988 1708 1115 1755 sunt
1153 1699 1207 1752 in
1250 1697 1388 1752 valle
1426 1696 1634 1766 judicii.
1680 1714 1698 1746 ι
1748 1695 1812 1748 Ει
1849 1694 2043 1748 vallem

473 1795 688 1864 quidem
729 1793 918 1863 judieii
973 1793 1204 1862 appellat
1257 1789 1571 1846 certaminis
1635 1789 1830 1851 locum,
1891 1789 2044 1856 quasi

475 1902 586 1940 non
641 1887 803 1940 aliam
852 1887 920 1940 ob
963 1869 1198 1940 causam
1241 1884 1490 1954 gentibus
1537 1896 1603 1934 eo
1654 1882 1994 1952 congregatis
2025 1923 2040 1949 ,

476 1993 641 2046 quam
678 1985 733 2032 ut
760 1979 997 2047 graviter
1031 1975 1370 2045 punirentur.
1409 1991 1428 2025 ι
1471 1974 1693 2028 Sonitus
1728 1984 1908 2027 autem
1944 1986 2043 2025 au-

476 2074 638 2135 ditos,
674 2089 694 2123 ι
729 2081 820 2124 aut
857 2070 1224 2139 oppeteutium
1255 2069 1486 2138 gemitus
1511 2106 1525 2130 ,
1579 2073 1674 2120 aut
1711 2066 2042 2120 vincentium

474 2163 750 2218 laztisonas
778 2176 938 2218 voces
967 2163 1069 2217 hoc
1098 2162 1217 2216 loco
1250 2161 1509 2214 nominat.
1549 2157 1661 2214 illos
1695 2158 1838 2212 enim
1881 2165 1964 2211 est
1991 2157 2046 2209 in

475 2256 593 2310 acie
622 2256 942 2311 cadentibus
982 2254 1211 2325 gemitus
1235 2252 1463 2308 fundere
1491 2295 1505 2317 ,
1558 2263 1612 2307 et
1643 2252 1843 2320 potitos
1873 2248 2046 2302 victo-

475 2345 582 2410 ria,
610 2345 920 2414 jacentibus
959 2343 1400 2414 (necimmerilo)
1437 2342 1716 2412 gloriando
1763 2339 2046 2394 insultare.

479 2435 662 2490 Solem
697 2449 860 2504 porro
885 2444 940 2489 et
978 2434 1158 2488 lunam
1192 2433 1601 2488 obtenebratuut
1630 2431 1694 2483 iri
1733 2431 1828 2494 ait,
1877 2430 2051 2498 ipsas-

479 2541 582 2596 que
621 2525 806 2580 stellas
831 2527 1033 2580 lumine
1068 2525 1376 2588 carituras;
1411 2537 1516 2576 non
1546 2521 1691 2592 quod
1745 2521 1846 2574 hoc
1876 2520 2049 2588 ipsum

485 2630 614 2671 tunc
653 2631 874 2684 passura
903 2616 1010 2670 sint
1048 2615 1311 2670 elementa
1342 2614 1452 2669 ullo
1504 2613 1684 2675 tnodo,
1741 2611 1832 2664 sed
1871 2609 2052 2678 praelia

489 2708 648 2781 24],
690 2709 842 2776 quasi
877 2707 1129 2762 tenebras
1166 2705 1493 2771 oﬂ‘undente,
1528 2714 1582 2758 et
1633 2713 1890 2772 tauquam
1921 2699 2052 2754 cali-

479 2803 659 2871 ginem
721 2816 909 2856 eorum
967 2799 1060 2868 qui
1099 2799 1386 2853 vincuntur
1445 2797 1621 2853 oculis
1677 2801 2050 2866 praetexente;

482 2906 700 2960 semper
759 2892 904 2944 enim
946 2899 1123 2944 terror
1169 2888 1365 2942 mortis
1405 2887 1662 2940 tenebras
1719 2884 1952 2952 ingerit,
2001 2889 2054 2933 et

481 2984 790 3054 improvisa:
823 2981 1152 3036 calamitatis
1184 2977 1494 3048 magnitudo
1529 2985 1763 3030 mentem
1812 2974 2052 3034 hebetat.

479 3073 813 3146 perindeque
847 3081 905 3124 ut
953 3069 1120 3125 solem
1167 3066 1537 3122 immensitate
1589 3063 2052 3136 perturbationum

2143 609 2262 662 λάδι
2292 610 2390 678 τῆς
2416 608 2592 679 δίκης.
2623 627 2641 660 ι
2697 607 2805 660 Kui
2836 607 2886 660 τί
2909 607 2974 678 δή
3006 607 3166 660 τοῦτό
3191 610 3374 672 ἐστιν;
3410 608 3571 672 Ἒθος
3615 613 3726 672 τοῖς

2143 700 2318 768 ἁγίοις
2339 701 2646 770 προφήταις
2672 699 2740 753 τά
2762 700 2994 770 ἐσόμενα
3023 699 3518 769 προαπαγγέλλειν,
3549 701 3644 754 xui
3669 701 3727 755 ἐν

2144 792 2335 856 αὑταῖς
2368 790 2479 844 ἐσθ’
2508 792 2597 844 ὅτε
2630 790 2875 860 γίνεσθαι
2918 794 3036 855 ταῖς
3081 790 3191 843 τῶν
3228 791 3480 862 πράξεων
3520 809 3728 860 φανταε

2146 881 2311 947 σίαις,
2341 881 2482 934 ὥστε
2527 881 2622 934 xui
2674 883 2805 952 ὁρᾷν
2857 881 2960 952 ήδη
2999 881 3176 934 δοκεῖν
3220 882 3289 934 τά
3340 881 3592 953 δρώμενα
3631 885 3729 936 xui

2144 973 2446 1046 ἀκροᾶσθαι
2477 973 2694 1042 φωνῶν.
2742 974 2851 1026 Καὶ
2896 974 2980 1026 ὃτι
3010 973 3218 1036 πάντας
3257 972 3427 1044 ἄρδην
3472 973 3728 1026 ἀπολέσει

2145 1065 2503 1136 κεκινημένος
2530 1067 2611 1128 είς
2649 1065 2831 1135 μάχην
2879 1067 2908 1118 ὁ
2956 1065 3452 1136 Ναϐουχοδονόσορ,
3505 1067 3602 1118 xui
3647 1067 3732 1130 είς

2145 1159 2312 1230 αὐτὴν
2359 1158 2455 1211 τοῦ
2514 1157 2753 1227 πολέμου
2814 1157 2912 1227 τὴν
2967 1157 3189 1227 ἀπρεπῆ
3242 1156 3372 1210 θέαν
3432 1154 3731 1228 είρπάζετο

2149 1251 2429 1323 μονονουχὶ
2460 1250 2552 1302 xui
2571 1248 2780 1320 πληθῦν
2804 1249 3111 1320 ἀμέτρητον
3138 1248 3464 1317 τεθεαμένος
3496 1249 3726 1319 νεκρῶν,

2146 1345 2404 1413 ἔφασκεν,
2441 1362 2458 1391 ι
2483 1340 2640 1411 Οἴμοι
2666 1339 2796 1408 ἐγὼ,
2837 1342 2920 1392 ὅτι
2961 1341 3198 1393 ἐκλείπει
3241 1343 3272 1410 ἡ
3317 1340 3462 1411 ψυχή
3501 1358 3604 1410 μου
3640 1341 3733 1394 ἐπὶ

2143 1437 2256 1496 τοῖς
2290 1433 2675 1505 ἀνῃρημένοις.
2711 1451 2728 1483 ι
2782 1429 3035 1483 Τοιοῦτόν
3078 1449 3150 1497 τι,
3200 1431 3452 1502 καθάπερ
3493 1424 3727 1501 ἐγῷμαι,

2147 1526 2243 1580 xui
2286 1525 2439 1595 Ἰωήλ
2477 1523 2782 1588 πεπονθὼς,
2814 1523 2953 1592 τάχα
3008 1539 3110 1575 που
3145 1523 3236 1576 τὸν
3282 1525 3340 1576 ἐν
3398 1521 3474 1593 τῷ
3509 1523 3731 1594 πολέμῳ

2152 1617 2381 1688 θόρυϐον
2428 1617 2507 1678 είς
2532 1613 2624 1678 οῦς
2659 1614 2892 1684 ἐδέχετο,
2915 1616 3167 1685 ταύτῃτοί
3193 1633 3380 1685 φησιν,
3414 1634 3432 1668 ι
3456 1611 3625 1686 Ἦχοι
3649 1615 3732 1679 ἐξ-

2148 1709 2362 1778 ήχησαν
2391 1707 2449 1759 ἐν
2477 1709 2544 1777 τῇ
2574 1707 2778 1759 κοιλάδι
2809 1707 2908 1776 τῆς
2946 1707 3119 1776 δίκης.
3161 1725 3178 1758 ι
3211 1709 3320 1760 Καὶ
3372 1708 3593 1762 κοιλάδα
3637 1709 3730 1778 μὲν

2145 1798 2300 1870 δίκης
2337 1797 2590 1866 ὀνομάζει
2630 1795 2723 1850 τοῦ
2766 1796 3000 1866 πολέμου
3037 1797 3128 1850 τὸν
3155 1797 3356 1867 χῶρον,
3398 1798 3475 1861 ὡς
3516 1799 3620 1851 οὐκ
3648 1800 3727 1866 ἐφ’

2146 1891 2317 1962 ἑτέρῳ
2345 1887 2451 1943 τινὶ
2477 1887 2584 1941 τῶν
2612 1886 2781 1940 ἐθνῶν
2811 1887 2896 1940 ἐπ’
2941 1887 3092 1957 αύτῷ
3140 1889 3517 1958 συνηγμένων,
3552 1889 3586 1958 ἢ
3635 1890 3722 1942 ἵνα

2148 1983 2351 2054 πικρὰς
2377 1982 2632 2036 ἐκτίσωσι
2655 1979 2830 2042 δίκας.
2883 1997 2901 2029 ι
2946 1978 3304 2050 Ἐξηχοῦντας
3333 1979 3389 2033 δὲ
3413 1981 3598 2050 ήχους,
3629 1999 3648 2032 ι
3695 1981 3728 2050 ἢ

2149 2073 2246 2137 τὰς
2270 2074 2380 2127 τῶν
2417 2073 2724 2127 πιπτόντων
2755 2070 3016 2139 ὀλολυγάς
3050 2070 3235 2124 ἐνθάδε
3269 2071 3465 2142 φησὶν,
3516 2072 3549 2143 ἢ
3603 2073 3729 2135 τοὺς

2149 2165 2257 2221 τῶν
2289 2163 2562 2218 νικώντων
2603 2163 2971 2232 ἁλαλαγμούς.
3009 2163 3302 2233 Συμϐαίνει
3334 2164 3442 2234 γὰρ
3473 2165 3530 2218 ἐν
3570 2163 3729 2216 πολέο

2152 2274 2276 2326 μοις
2315 2255 2666 2309 καταστένειν
2710 2254 2807 2324 μὲν
2835 2255 2959 2314 τοὺς
2981 2260 3304 2317 πίπτοντας,
3326 2253 3725 2321 ὲπαγάλλεσθαι

2150 2349 2208 2401 δὲ
2251 2350 2363 2409 τοῖς
2399 2347 2672 2416 κειμένοις
2712 2346 2840 2406 τοὺς
2891 2345 3324 2414 κεκρατηκότας,
3363 2345 3454 2397 καὶ
3482 2340 3540 2397 εὖ
3576 2343 3723 2413 μάλα

2151 2438 2572 2509 ἐπικαυχᾶσθαι.
2599 2437 2786 2490 ’Ἥλιον
2803 2437 2880 2499 δὲ,
2901 2437 2995 2489 xui
3025 2436 3254 2507 σελήνην
3279 2435 3725 2507 σκοτισθήσεσθαί

2152 2549 2307 2602 φησι,
2338 2532 2432 2584 xui
2470 2529 2668 2591 αὐτοὺς
2700 2529 2754 2582 δὲ
2782 2529 3044 2598 ἀφεγγεῖς
3074 2528 3291 2581 ἔσεσθαι
3314 2530 3438 2590 τοὺς
3471 2525 3727 2596 ἀστέρας,

2151 2625 2247 2678 xui
2279 2623 2400 2692 οὐχὶ
2432 2621 2496 2692 δὴ
2527 2620 2744 2684 πάντως
2781 2622 2859 2684 ὼς
2894 2619 3054 2673 τοῦτο
3090 2620 3224 2673 αὐτὸ
3249 2618 3592 2688 πεισομένων
3624 2617 3732 2670 τῶν

2153 2713 2433 2784 στοιχείων
2470 2711 2812 2782 τοτηνικάδε,
2861 2711 2975 2765 ἀλλ’
3021 2711 3097 2774 ὼς
3145 2711 3335 2774 σκότος
3380 2707 3734 2780 ἐμποιοῦντος

2151 2805 2245 2860 τοῦ
2280 2804 2540 2872 πολέμου,
2591 2803 2686 2856 xui
2731 2799 2839 2856 οἷον
2870 2801 3040 2873 ἀχλὺν
3069 2805 3187 2865 ταῖς
3238 2802 3346 2854 τῶν
3403 2798 3736 2871 ἡττωμένων

2153 2899 2386 2959 ἐνιέντος
2422 2895 2598 2965 ὄψεσι,
2630 2894 2829 2958 Σκότος
2857 2895 2967 2965 γὰρ
2988 2895 3074 2948 ἀεὶ
3088 2894 3182 2947 τοῦ
3205 2893 3436 2948 θανάτου
3466 2893 3527 2946 τὸ
3553 2893 3736 2962 δεῖμα,

2155 2989 2248 3044 xui
2275 2986 2617 3057 ἀπαμϐλύνει
2662 2986 2754 3040 τὸν
2793 2985 2918 3040 νοῦν
2965 2988 3248 3057 συμφορᾶς
3281 2986 3549 3056 ἀδοκήτου
3579 2983 3741 3055 μέγε-

2155 3080 2268 3144 θος,
2295 3079 2393 3132 καὶ
2425 3077 2614 3148 ὥσπερ
2641 3077 2791 3148 ἥλιον
2824 3077 3214 3148 καταμελαίνει
3242 3077 3340 3149 τὴν
3368 3075 3604 3147 καρδίαν
3628 3078 3738 3139 τοῖς

483 3163 822 3222 obscuritate
851 3160 1044 3216 inlicit.
1093 3157 1370 3214 Clamasse
1417 3167 1595 3211 autem
1633 3155 1920 3210 Dominum
1966 3154 2050 3210 di-

2157 3171 2296 3240 ὑπὲρ
2320 3169 2514 3241 μέτρον
2542 3169 2650 3222 τῶν
2684 3168 2893 3224 παθῶν.
2943 3168 3322 3239 Κεκράξεσθαι
3369 3168 3426 3220 δέ
3461 3185 3599 3238 φησι
3648 3167 3741 3222 τὸν

483 3259 579 3321 cit,
611 3266 669 3309 ut
703 3260 1023 3324 praisentem
1057 3289 1074 3316 ,
1110 3259 1166 3305 et
1213 3265 1318 3304 una
1355 3248 1678 3304 militantem
1719 3285 1734 3312 ,
1784 3257 1946 3316 atque
1995 3246 2049 3300 in

486 3361 695 3400 morem
735 3343 888 3398 ducis
939 3341 1214 3398 lsraelitas
1265 3341 1316 3394 in
1383 3341 1726 3396 adversarios
1773 3339 2049 3393 incitasse.

493 3436 550 3490 in
606 3435 796 3505 primis
845 3447 974 3488 vero
1021 3432 1074 3487 in
1123 3432 1520 3487 resurrectione
1562 3430 1782 3488 humani
1838 3429 2054 3500 generis

482 3526 761 3580 Christum
820 3522 967 3578 velut
1013 3536 1081 3577 ex
1117 3520 1246 3577 Sion
1294 3521 1650 3575 clamaturum
1701 3520 1882 3574 dicere
1923 3533 2054 3573 con-

483 3615 653 3672 venit.
702 3615 835 3670 Nam
853 3653 881 3681 .,
917 3621 974 3669 ut
1017 3612 1224 3668 Paulus
1268 3613 1349 3666 ait
1401 3629 1414 3666 :
1459 3629 1478 3662 ι
1533 3609 1650 3682 Ipse
1691 3609 1953 3666 Dominus
2002 3610 2054 3664 in

483 3709 749 3780 jussu,et
782 3707 836 3761 in
887 3719 1019 3761 voce
1068 3703 1406 3774 archangeli,
1457 3712 1512 3758 et
1559 3703 1611 3758 in
1653 3703 1776 3758 tuba
1831 3702 1921 3758 Dei
1959 3701 2054 3756 de-

489 3801 716 3858 scendet
745 3800 812 3856 de
834 3797 994 3865 coelo,
1024 3807 1078 3853 et
1108 3797 1306 3852 mortui
1363 3796 1458 3865 qui
1509 3795 1565 3850 in
1617 3794 1835 3850 Christo
1887 3806 2054 3859 sunt,

489 3900 774 3960 resurgent
827 3890 1144 3961 incorrupti.
1179 3887 1246 3946 '°.
1312 3906 1332 3940 ι
1379 3887 1492 3942 Hoc
1557 3896 1620 3942 et
1693 3887 1778 3943 lex
1859 3885 2058 3957 Moysis

490 3981 852 4039 adumbravit.
888 3980 1058 4037 Jussit
1084 3982 1230 4036 enim
1258 3980 1310 4034 in
1348 3979 1631 4034 neomenia
1683 3979 1808 4033 tuba
1854 3993 2056 4034 canere

486 4074 850 4130 lsraelitas".
927 4072 994 4127 Et
1065 4071 1348 4127 neomenia
1399 4069 1616 4139 quidem
1673 4068 1840 4139 ﬁgura
1889 4067 2056 4122 futuri

487 4184 554 4224 ac
601 4168 725 4223 novi
770 4165 952 4222 saaculi
1011 4165 1295 4220 evidenter
1362 4170 1543 4232 potest
1594 4159 1841 4230 iutelligL
1906 4159 2056 4214 Tuba

486 4270 672 4332 autem
740 4259 893 4316 vocis
944 4256 1287 4327 penetrantis
1317 4254 1500 4310 omnia
1533 4291 1550 4318 ,
1597 4251 1933 4322 archangeli,
1977 4251 2059 4306 in-

489 4367 672 4420 quam,
696 4365 856 4422 quem
891 4349 1033 4404 Deus
1081 4349 1256 4402 mittet
1311 4361 1434 4401 cum
1489 4346 1640 4411 tuba,
1689 4359 1810 4414 qua:
1853 4343 2058 4415 ingenti

485 4442 699 4496 sonitus
723 4439 974 4494 claritate
1038 4436 1444 4490 universitatem
1501 4444 1834 4490 mortuorum
1883 4434 1935 4488 in
1981 4433 2060 4490 vi-

2159 3261 2386 3332 Κύριον,
2417 3259 2494 3324 ὠς
2521 3259 2749 3313 συνόντα
2772 3276 2832 3312 τε
2883 3259 2978 3313 xui
3008 3259 3428 3324 συνασπίζοντα,
3459 3259 3553 3312 xui
3578 3275 3737 3328 στραι

2159 3349 2328 3421 τηγοῦ
2395 3350 2550 3418 δίκην
2599 3352 2712 3412 τοῖς
2753 3349 3012 3412 ἐναντίοις
3069 3349 3433 3420 ἐποτρύνοντα
3492 3349 3617 3410 τοὺς
3673 3349 3734 3413 ἐξ

2174 3441 2408 3513 Ἰσραήλ.
2457 3441 2663 3508 Πρέποι
2704 3440 2749 3492 δ’
2777 3439 2844 3493 ἂν
2879 3440 3110 3510 μάλιστα
3141 3439 3220 3509 τῷ
3259 3441 3357 3511 τῆς
3385 3439 3730 3501 ἀναστάσεως

2163 3531 2338 3602 καιρῷ
2362 3532 2422 3584 τὸ
2449 3532 2615 3602 φάναι
2633 3531 2724 3584 τὸν
2753 3530 2975 3600 Κύριον,
3000 3529 3077 3592 ὡς
3106 3530 3171 3582 ἐκ
3199 3529 3340 3584 Σιὼν
3363 3530 3734 3601 ἀνακεκράξε-

2161 3637 2273 3677 ται.
2307 3620 2428 3674 Ὅτι
2457 3618 2636 3684 καθώς
2667 3635 2798 3689 φησι
2845 3617 3078 3681 Παῦλος,
3127 3635 3146 3668 ι
3169 3617 3343 3682 Αὐτὸς
3373 3620 3402 3672 ὀ
3447 3618 3652 3690 Κύριος
3682 3619 3740 3673 ἐν

2163 3707 2513 3779 κελεύσματι,
2538 3710 2631 3762 xui
2650 3712 2707 3762 ἐν
2730 3710 2878 3778 φωνῇ
2905 3707 3265 3778 ἀρχαγγέλου,
3289 3708 3382 3761 xui
3399 3709 3458 3761 ἐν
3479 3709 3741 3777 σάλπιγγι

2164 3799 2298 3853 Θεοῦ
2345 3799 2712 3870 καταὸήσεται
2760 3803 2854 3855 ἀπ’
2897 3800 3155 3872 ούρανοῦ,
3213 3799 3306 3852 xui
3350 3800 3400 3852 oi
3447 3801 3637 3870 νεκροὶ
3685 3801 3741 3854 ἐν

2164 3887 2384 3960 Χριστῷ
2409 3889 2792 3960 ἐγερθήσονται
2823 3890 3112 3961 ἄφθαρτοι.
3140 3908 3158 3940 ι
3200 3888 3372 3943 Τοῦτο
3416 3891 3514 3944 xui
3545 3893 3576 3944 ὁ
3615 3891 3740 3946 Μω-

2167 3977 2303 4043 σέως
2335 3979 2496 4048 νόμος
2527 3979 2920 4050 προανετύπου.
2964 3981 3212 4034 Ἐκέλευε
3238 3980 3346 4052 γάρ
3386 3982 3445 4034 ἐν
3480 3982 3741 4053 νεομηνία

2166 4068 2448 4132 σαλπίζειν
2480 4069 2605 4133 τοὺς
2637 4071 2696 4134 ἐξ
2733 4073 2970 4142 Ἰσραήλ.
3017 4071 3127 4125 Καὶ
3161 4073 3422 4142 νεομηνία
3449 4073 3552 4142 μὲν
3577 4074 3742 4136 τύπος

2166 4160 2232 4214 ἂν
2259 4164 2451 4226 νοοῖτο,
2503 4162 2597 4216 καὶ
2629 4162 2774 4232 μάλα
2817 4164 3014 4234 σαφὴς,
3064 4163 3260 4224 αίῶνος
3291 4162 3385 4216 τοῦ
3429 4165 3737 4234 μέλλοντος.

2165 4254 2260 4307 xui
2297 4254 2418 4306 νέου
2449 4255 2592 4308 κατά
2626 4254 2714 4307 τὸν
2746 4254 2980 4324 πρῶτον.
3026 4254 3090 4307 Ἦ
3137 4256 3194 4308 δέ
3235 4270 3298 4323 γε
3346 4254 3605 4322 σάλπιγξ,
3645 4254 3743 4325 τῆς

2164 4344 2488 4415 διαπρυσίας
2533 4344 2716 4414 φωνῆς
2756 4345 2856 4414 τῆς
2901 4344 2996 4398 τοῦ
3042 4346 3408 4416 ἀρχαγγέλου,
3454 4346 3550 4414 τῆς
3590 4345 3742 4412 παρά

2165 4434 2301 4488 Θεοῦ
2353 4435 2672 4502 σάλπιγγος,
2715 4434 2749 4503 ἢ
2797 4435 3001 4497 πάντας
3048 4437 3228 4507 ἐγερεῖ
3277 4436 3402 4499 τοὺς
3441 4436 3498 4487 ἐν
3545 4436 3612 4504 τῇ
3665 4436 3738 4504 γῇ

490 4543 599 4586 tam
632 4529 926 4584 revocabit.
966 4526 1230 4581 Praeterea
1263 4528 1378 4594 ipse
1431 4525 1689 4580 Dominus
1737 4525 2050 4579 miraculum

2167 4525 2472 4594 κειμένους,
2529 4523 2764 4587 ἐξαίσιόν
2815 4541 2866 4577 τι
2975 4525 3070 4578 xui
3142 4525 3448 4596 φωνητικὸν
3512 4523 3740 4595 ἡχοῦσα.

488 4623 558 4677 in.
606 4619 872 4675 Lazarum
925 4615 1092 4671 edens
1119 4657 1134 4681 ,
1167 4616 1244 4669 ad
1297 4624 1705 4668 monumentum
1737 4615 1923 4678 venit,
1966 4623 2057 4679 et,

487 4720 550 4767 ut
580 4719 766 4765 narrat
788 4708 1142 4777 evangelista,
1170 4721 1299 4761 voce
1336 4721 1529 4775 magna
1559 4705 1813 4759 clamavit
1843 4723 1858 4760 :
1895 4725 1913 4758 ‹
1960 4705 2060 4760 La-

493 4819 648 4869 zare,
683 4802 807 4858 veni
837 4802 984 4856 foras
1018 4802 1082 4854 ⁷⁸.
1131 4819 1150 4852 ι
1187 4801 1508 4868 Quanquam
1537 4799 1646 4869 ipse
1689 4814 1788 4868 per
1820 4800 2062 4870 ,prOphe-

492 4907 600 4949 tam
646 4893 831 4950 dicat:
888 4911 906 4944 ι
937 4890 1060 4945 .Nou
1101 4891 1412 4954 centendet,
1461 4905 1561 4945 nec
1614 4890 1904 4957 clamabit,
1963 4907 2063 4947 nec

492 4986 747 5042 audietur
786 4983 922 5040 loris
968 4998 1068 5036 vox
1119 4983 1236 5050 ejus
1266 4981 1334 5036 ’³.
1381 5001 1400 5032 ι
1437 4982 1664 5051 Signum
1709 4981 1872 5052 igitur
1898 4996 2061 5051 pene-

491 5078 889 5143 trabilistubae,
938 5087 993 5133 et
1041 5077 1252 5130 sonitus
1284 5075 1403 5144 ejus
1445 5089 1617 5144 usque
1671 5075 1739 5129 ad
1786 5085 2062 5130 extremos

496 5181 762 5226 terrarum
797 5166 936 5224 [lues
961 5206 980 5236 ,
1038 5165 1256 5234 inquam
1279 5203 1295 5230 ,
1343 5175 1399 5220 et
1451 5165 1518 5220 de
1548 5165 1714 5229 coelo,
1778 5174 1882 5230 est,
1917 5166 2060 5236 quod

492 5259 744 5315 Salvator
784 5261 894 5315 alta
916 5272 1051 5316 voce
1074 5256 1346 5313 Lasarum
1385 5255 1455 5310 ab
1493 5243 1686 5312 inferis
1708 5257 1985 5311 excitavit.

566 5518 729 5575 Vnus.
778 5522 865 5575 Π.
898 5523 962 5576 At
999 5521 1254 5577 Dominus
1279 5533 1458 5592 parcet
1486 5521 1678 5590 populo
1707 5538 1825 5585 suo,
1855 5532 1900 5576 et
1937 5538 2062 5575 con-

494 5611 709 5682 forlabit
762 5614 898 5680 ﬁlios
932 5611 1124 5678 Israel,
1177 5624 1226 5669 st
1259 5615 1456 5679 scietis,
1493 5616 1619 5684 quia
1661 5631 1754 5684 ego
1807 5613 2058 5668 Dominus

565 5794 608 5825 ⁶⁹
636 5789 835 5846 δοιτειιι.
872 5806 946 5858 tv,
984 5789 1072 5842 51.
1147 5790 1194 5822 ⁷⁸
1218 5791 1250 5859 ,Ι
1277 5790 1466 5846 Thess.
1510 5807 1582 5855 Iv,
1614 5791 1698 5845 15.
1778 5793 1820 5826 ⁷⁸
1861 5791 1996 5846 Psal.
2033 5807 2192 5857 Lux,
2243 5793 2294 5849 4.

2178 4615 2370 4670 Ἰστέον
2418 4615 2471 4668 δὲ
2510 4615 2592 4667 ὅτι
2633 4615 2725 4668 xui
2759 4616 2922 4680 αὐτὸς
2965 4619 2991 4670 ὁ
3034 4617 3235 4686 Κύριος
3270 4616 3330 4670 τὸ
3377 4617 3469 4670 ἐπὶ
3509 4616 3746 4687 Λαζάρῳ

2165 4706 2352 4778 θαῦμα
2385 4707 2630 4778 πληρῶν,
2676 4708 2906 4776 ἀφίκετο
2969 4708 3070 4778 μὲν
3124 4711 3203 4773 είς
3239 4711 3299 4762 τὸ
3341 4712 3625 4779 μνημεῖον,
3671 4708 3745 4770 ὼς

2161 4798 2224 4854 δέ
2259 4816 2422 4870 φησιν
2479 4800 2508 4851 ὁ
2559 4800 2970 4870 εύαγγελιστὴς,
3020 4803 3170 4872 φωνῇ
3219 4801 3434 4873 μεγάλῃ
3477 4800 3742 4868 ἐφώνησε,

2169 4908 2190 4944 s
2214 4890 2456 4960 Λάζαρε,
2487 4889 2647 4960 δεῦρο
2692 4890 2814 4957 ἐξω,
2850 4909 2868 4941 ι
2937 4891 3112 4945 καίτοι
3157 4891 3406 4959 λέγοντος
3443 4891 3611 4944 αύτοῦ
3660 4889 3749 4943 διὰ

2163 4980 2258 5036 τοῦ
2301 4983 2604 5052 προφήτου,
2655 5002 2672 5032 ι
2699 4983 2811 5036 Ούκ
2846 4983 3040 5054 ἐρίσει,
3093 4984 3214 5037 οὐδὲ
3252 4985 3576 5054 κραυγάσει,
3625 4982 3745 5036 οὐδέ

2160 5073 2558 5144 ἀκουσθήσεται
2587 5071 2690 5136 ἔξω
2718 5073 2750 5143 ή
2782 5072 2932 5144 φωνὴ
2967 5072 3154 5126 αὑτοῦ.
3183 5093 3202 5126 ι
3243 5074 3477 5144 Σημεῖον
3516 5068 3610 5125 οὖν
3640 5071 3748 5142 ἄρα

2159 5163 2260 5232 τῆς
2285 5161 2612 5233 διαπρυσίας
2643 5163 2960 5232 σάλπιγγος,
3007 5165 3104 5219 xui
3129 5168 3229 5235 τῆς
3261 5165 3356 5218 ἀπ’
3395 5163 3568 5234 αὐτῆς
3605 5161 3748 5233 ἠχῆς

2161 5254 2264 5324 τῆς
2317 5256 2404 5309 ἐπ’
2444 5255 2717 5324 ἐσχάτοις,
2762 5256 2924 5326 φημὶ,
2975 5257 3071 5310 xui
3107 5255 3168 5320 ἐξ
3203 5253 3438 5327 ούρανοῦ
3480 5254 3542 5307 τὸ
3579 5253 3749 5326 μεγά-

2164 5344 2230 5415 λῃ
2259 5344 2348 5399 τὸν
2381 5346 2612 5418 Σωτῆρα
2660 5347 2968 5416 χρήσασθαι
3025 5351 3198 5419 φωνῇ,
3251 5345 3601 5402 διανιστάντα
3653 5342 3746 5397 τὸν

2161 5436 2312 5500 Λάζα
2321 5453 2430 5506 ρον.

2245 5527 2306 5581 '0
2352 5527 2420 5581 δὲ
2462 5529 2680 5597 Κύριος
2722 5529 2992 5598 φείσεται
3033 5529 3140 5584 τοῦ
3184 5530 3340 5583 λαοῦ
3386 5527 3606 5595 αὐτοῦ,
3639 5521 3740 5576 καὶ

2167 5617 2479 5688 ἐνισχύσει
2504 5621 2632 5687 τοῖς
2662 5621 2814 5688 υἱοῖς
2847 5620 3113 5690 Ἰσραήλ.
3152 5621 3265 5676 Καὶ
3291 5621 3619 5691 γνώσεσθε,
3655 5618 3742 5672 ὅτι

2369 5792 2410 5827 τ’
2437 5794 2593 5853 Joan.
2633 5813 2708 5866 xl,
2743 5798 2831 5852 45.
2913 5798 2956 5830 ⁷³
2986 5798 3088 5853 laa.
3125 5811 3253 5863 sui,
3289 5795 3342 5849 Ξ.
