4054 6274
1618 277 1681 298 μ’

370 385 465 444 401

1248 393 1801 454 COMMENTARIUS
1839 395 1904 451 IN
1942 394 2210 455 JOELEM
2249 391 2690 455 PROPHETAM.

3502 392 3606 449 40⁸2

371 498 485 569 ἁγὼ
509 500 721 568 Κύριος
758 503 795 556 δ
839 504 984 571 Θεὸς
1010 504 1176 576 ὑμῶν
1191 544 1208 571 ,
1243 511 1640 580 κατασκηνῶν
1677 512 1749 566 ἐν
1782 512 1926 568 Σιὼν

2044 513 2183 570 Deus
2209 522 2399 579 vester,
2428 514 2676 569 habitans
2714 513 2769 567 in
2799 511 2931 569 Sion
2962 518 3134 567 monte
3167 522 3350 566 saneto
3382 527 3517 576 meo,
3556 522 3606 566 et

375 590 492 656 ὄρει
517 590 664 659 ἀτίῳ
692 609 832 661 μου.
864 596 974 649 Καὶ
1014 595 1190 651 ἔσται
1226 597 1621 672 Ἰερουσαλὴμ
1651 602 1811 673 ἁγία,
1837 606 1936 659 καί

372 680 715 749 duca-arsi";-
737 684 813 738 οὐ
837 684 1249 744 (itala-250mm
1286 691 1361 744 δι’
1384 692 1575 762 αὐτῆς
1596 692 1702 747 ἔτι.

433 769 564 823 ΜΓ.
593 769 723 824 Ὅτε
758 772 829 826 τά
853 773 1175 848 ἐγκλήματα
1218 778 1317 850 τῆς
1355 780 1691 846 ἀποστασίας
1730 784 1843 848 τοῖς
1874 784 1937 850 ἐξ

378 855 595 929 Ἰσραὴλ
625 861 1021 933 ἐπεγράφοντο,
1066 868 1164 921 καὶ
1203 869 1469 940 δαμάλεσι
1521 872 1622 944 μὲν
1662 876 1935 946 προσεκύ-

361 964 488 1001 νουν
507 952 632 1013 ταῖς
661 955 911 1023 χρυσαῖς,
937 954 1183 1026 ἔφασκον
1200 958 1260 1013 δὲ
1290 960 1542 1027 ἀνοσίως,
1560 954 1721 1016 Οὗτοι
1745 964 1796 1018 οἰ
1819 963 1934 1019 θεοί

363 1041 739 1114 σου,Ἰσραὴλ,
758 1045 979 1111 οἵτινες
1009 1048 1286 1120 ἀνήγαγόν
1317 1066 1378 1105 σε
1403 1053 1469 1107 ὲκ
1498 1054 1603 1126 γῆς
1628 1055 1930 1124 Αἰγύπτου,

358 1129 488 1183 τότε
511 1133 605 1187 καὶ
632 1133 910 1202 ἀσθενεῑς,
942 1138 1037 1192 καὶ
1065 1139 1352 1207 εὐάλωτοι,
1380 1143 1477 1198 καὶ
1505 1147 1620 1209 τοῖς
1654 1147 1934 1219 πολεμίοις

357 1221 687 1295 ἑτοιμοτάτη
752 1225 1073 1298 προῦκειντο
1140 1229 1306 1304 θήρα.
1368 1233 1638 1309 Tati-mro:
1699 1236 1795 1291 καὶ
1851 1239 1933 1303 εἰς

357 1313 744 1385 αἰχμαλωσίαν
772 1317 1101 1390 ἐπέμποντο.
1139 1323 1359 1397 Ἐπειδὴ
1402 1324 1459 1380 δὲ
1508 1327 1765 1399 ὴλέηνται
1783 1369 1799 1394 ,
1838 1330 1932 1384 καὶ

354 1404 466 1475 τὴν
501 1405 713 1460 ἑαυτῶν
750 1411 1131 1482 κατῳκήκασι,
1159 1413 1433 1485 χαλῶντος
1456 1416 1592 1471 Θεοῦ
1617 1419 1717 1482 τὰς
1738 1420 1928 1492 ὀργάς,

353 1498 565 1568 ἄμαχοι
612 1499 817 1564 λοιπὸν,
862 1503 958 1556 καὶ
1006 1504 1465 1575 ἀνανταγώνιστοι
1512 1509 1768 1579 γεγόνασι
1816 1516 1932 1577 τοῖς

354 1587 596 1660 ἐχθροῖς,
638 1590 877 1663 ἀμογητὶ
919 1596 1317 1666 κεκρατήκασι,
1357 1598 1534 1651 καίτοι
1566 1599 1785 1656 πάντων
1820 1602 1931 1657 τῶν

356 1678 532 1733 ἐθνῶν
563 1682 992 1754 συνειλεγμένων
1029 1686 1111 1750 εἰς
1153 1687 1353 1758 μάχην.
1399 1685 1708 1746 Γνώσεσθαι
1734 1693 1800 1766 δὴ
1836 1690 1930 1752 οὖν

354 1769 525 1839 φησὶν
552 1770 750 1836 αὐτοὺς
771 1773 879 1827 ἀπό
893 1790 957 1843 γε
976 1773 1070 1828 τοῦ
1095 1777 1418 1848 κατισχύσαι
1438 1778 1548 1832 τῶν
1561 1780 1630 1833 δι’
1655 1783 1926 1851 ἐναντίας,

2035 602 2136 658 erit
2174 603 2477 658 Jerusalem
2497 613 2706 673 saneta,
2741 613 2789 659 et
2822 603 3134 675 alienigena
3162 618 3265 657 non
3305 600 3606 657 transibunt

2030 708 2125 763 per
2144 709 2261 749 eum
2284 693 2533 764 amplius.

2107 782 2289 838 XLIII.
2323 783 2556 850 Quando
2589 784 2821 842 crimina
2858 786 3089 842 desertae
3122 795 3337 857 patrum
3382 787 3607 859 religio-

2047 874 2136 931 nis
2193 874 2618 931 intendebantur
2659 876 2938 942 Israelitis,
2977 888 3032 934 et
3065 879 3260 935 vitulos
3307 880 3607 935 adorabant

2033 978 2254 1031 aureos,
2302 964 2513 1019 nefarie
2560 955 2972 1023 acclamantes:
3028 985 3049 1018 ι
3094 968 3156 1022 Ili
3195 979 3321 1024 sunt
3370 969 3445 1024 dii
3503 970 3602 1033 tui,

2031 1054 2220 1122 Israel,
2247 1056 2339 1126 qui
2364 1055 2670 1113 eduxerunt
2708 1067 2761 1114 te
2792 1058 2858 1113 de
2893 1065 3035 1113 terra
3071 1058 3286 1130 Egypti
3316 1061 3387 1126 τι,
3423 1079 3443 1112 ι
3475 1068 3606 1114 tunc

2032 1147 2231 1202 inﬁrmi
2265 1156 2441 1217 erant,
2473 1156 2530 1205 et
2562 1149 2662 1204 levi
2696 1148 2913 1219 negotio
2930 1149 3382 1219 subjugabantur,
3415 1165 3604 1208 erant-

2033 1253 2140 1309 que
2166 1238 2422 1295 hostibus
2447 1239 2643 1310 praeda:
2670 1239 3111 1310 expeditissimm.
3148 1240 3273 1296 Ideo
3315 1250 3371 1297 et
3417 1243 3467 1297 in
3508 1259 3604 1298 ca-

2031 1328 2331 1400 ptivitatem
2379 1330 2803 1387 abducebantur.
2850 1330 2920 1387 At
2968 1340 3252 1403 postquam
3296 1332 3606 1389 misericor-

2031 1419 2177 1476 diam
2228 1421 2432 1492 sdepti,
2484 1422 2761 1493 regionem
2806 1437 2957 1478 suam
3012 1424 3347 1492 postliminio
3394 1424 3606 1481 habita-

2032 1520 2179 1577 runt,
2222 1512 2333 1569 Deo
2356 1513 2466 1568 iras
2494 1513 2819 1583 deponente,
2848 1515 2915 1571 de
2955 1524 3156 1572 caetero
3185 1518 3371 1572 invicti
3413 1527 3469 1573 et
3508 1518 3597 1573 in-

2030 1605 2369 1674 superahiIes
2412 1605 2662 1661 hostibus
2690 1606 2930 1673 fuerunt,
2961 1608 3206 1679 citraque
3251 1610 3491 1668 laborem
3521 1612 3603 1665 vi-

2029 1704 2244 1762 cerunt,
2291 1695 2394 1751 etsi
2423 1710 2616 1752 omnes
2659 1706 2848 1769 gentes
2872 1698 3159 1753 adversum
3201 1716 3296 1756 eos
3336 1701 3507 1773 252
3549 1702 3601 1755 in

2028 1785 2274 1856 prndium
2318 1786 2552 1843 coirent.
2610 1787 2687 1843 Ex
2752 1801 2819 1844 eo
2857 1787 3022 1858 igitur
3088 1791 3232 1860 quod
3278 1794 3603 1847 adversariis

353 1862 439 1913 ὃτι
464 1860 559 1914 καὶ
588 1862 648 1916 ὲν
673 1864 858 1929 αὐτοῖς
886 1866 1026 1933 ἐστι,
1060 1867 1156 1921 καὶ
1192 1869 1604 1927 ὲπαναπαύεται
1635 1873 1820 1929 λοιπὸν
1856 1878 1925 1947 τῇ

2032 1878 2420 1949 praevalebunt,
2466 1881 2782 1953 cognituros
2823 1880 2977 1947 dicit,
3005 1897 3127 1939 eum
3170 1892 3227 1940 et
3269 1884 3412 1939 inter
3460 1885 3604 1954 ipsus

358 1950 495 2004 Σιὼν
524 1952 602 2018 ὡς
643 1954 778 2027 ἀγίᾳ
810 1957 983 2014 πόλει.
1023 1960 1295 2036 Ταύτῃτοί
1355 1983 1521 2039 φησιν
1558 1967 1642 2021 ὅτι
1679 1968 1928 2039 φείσεται

358 2042 459 2111 μὲν
498 2043 608 2097 τῶν
657 2046 802 2100 ίδίων
842 2048 1009 2115 λαῶν,
1056 2053 1153 2108 καὶ
1184 2055 1596 2125 ἀλκιμωτάτους
1636 2061 1925 2129 ἀποφανεῖ,

357 2133 701 2204 μαθήσεσθαι
741 2137 800 2192 δὲ
841 2141 1059 2208 αὐτοὺς,
1090 2144 1172 2199 ὅτι
1201 2146 1320 2217 μετ’
1361 2148 1543 2203 αὐτῶν
1564 2152 1735 2205 ἐστιν.
1763 2152 1928 2205 Ἔσε-

355 2222 482 2278 σθαι
525 2225 584 2279 δέ
624 2244 758 2298 φησι
784 2229 884 2301 τὴν
924 2232 1276 2309 Ἰερουσαλὴμ
1317 2238 1502 2308 ἁγίαν,
1548 2240 1650 2313 τὴν
1692 2242 1928 2313 ἀρχαίαν

354 2316 574 2382 πάντως
600 2318 788 2377 ἀθεῖαν
816 2321 1216 2395 ἀποόαλοῧσαν,
1244 2329 1346 2383 οὐκ
1377 2330 1456 2384 ἔτι
1477 2330 1926 2404 ψευδομαντείας,

354 2409 449 2463 καὶ
500 2412 752 2484 γοητείας
810 2418 941 2486 παρ’
987 2417 1124 2491 αὐτῇ
1175 2421 1525 2495 τιμωμένης,
1572 2424 1631 2476 ὲν
1675 2422 1826 2494 νόμῳ
1867 2422 1928 2477 δὲ

356 2497 558 2568 μᾶλλον
588 2503 895 2575 κρατούσης
939 2505 1120 2578 ζωῆς,
1161 2510 1255 2563 καὶ
1285 2511 1523 2582 ἀρίστων
1563 2514 1929 2585 ἐπιτηδευμά-

353 2605 463 2642 των
486 2591 690 2662 σπουδῇ
720 2595 1019 2663 γεγονότων
1051 2599 1254 2664 αὐτοῖς.
1272 2601 1529 2674 Ἔχούσης
1552 2603 1611 2657 δὲ
1641 2603 1805 2670 οὕτω,
1829 2605 1927 2657 καὶ

355 2679 548 2750 διαζῇν
569 2682 874 2757 ᾑρημένης,
902 2687 1094 2743 οὐδένα
1123 2691 1260 2762 φησί
1292 2692 1400 2746 τῶν
1430 2693 1639 2764 ἐχθρῶν
1664 2694 1730 2747 δι’
1755 2695 1926 2766 αὐτῆς

360 2770 809 2842 παρελεύσεσθαι,
836 2771 947 2831 οἷον
976 2779 1077 2833 οὐκ
1113 2781 1579 2851 εὐκαταγώνιστος
1601 2782 1754 2837 ἔσται
1782 2785 1925 2838 τισὶν

360 2863 482 2916 οὐδὲ
531 2865 590 2919 ἐν
639 2868 859 2940 παρόδῳ
905 2874 1020 2936 τοῖς
1075 2873 1351 2928 ἐθέλουσιν
1405 2874 1791 2948 ἁρπαζομένη,
1849 2877 1927 2941 ὡς

358 2955 644 3030 πρότερον,
693 2961 893 3030 μᾶλλον
934 2963 990 3017 δὲ
1034 2964 1299 3036 ἀσφαλὴς,
1345 2967 1439 3021 καὶ
1479 2971 1600 3032 ταῖς
1631 2970 1760 3041 παρ’
1790 2968 1923 3042 ἐμοῦ

352 3045 636 3117 δυνάμεσι,
670 3052 765 3105 καὶ
788 3053 1129 3126 ἐπικουρίαις
1160 3053 1220 3111 εὖ
1253 3057 1397 3128 μάλα
1421 3059 1815 3132 τετειχισμένη.

436 3138 658 3212 ’Δληθὲς
682 3142 740 3196 δὲ
771 3144 830 3197 τὸ
859 3146 1049 3219 χρῆμα
1080 3147 1187 3201 κᾶν
1213 3149 1262 3202 εἰ
1291 3151 1379 3204 ἐπ’
1412 3151 1584 3221 αὐτῆς
1611 3154 1784 3205 νοοῖτο
1821 3153 1923 3224 τῆς

2034 1983 2182 2035 esse,
2229 1977 2285 2026 et
2334 1972 2387 2025 in
2433 1982 2707 2039 posterum
2758 1988 2920 2044 super
2962 1985 3147 2032 sancta
3195 1976 3416 2032 civitate
3461 1978 3590 2032 Sion

2026 2060 2360 2131 quieturum.
2397 2062 2532 2119 llinc
2568 2065 2801 2121 aﬂirmat
2855 2083 3145 2138 parsurum
3175 2068 3371 2139 pepulo
3397 2084 3519 2133 suo,
3547 2080 3603 2123 et

2029 2153 2443 2210 strenuissimos
2491 2156 2864 2223 redditurum,
2912 2170 2963 2215 et
3014 2170 3427 2230 perspecturus,
3475 2177 3600 2217 eum

2029 2259 2153 2300 cunt
2218 2244 2353 2312 ipsis
2398 2260 2559 2315 esse;
2606 2245 2723 2304 fore
2766 2259 2947 2304 autem
2994 2251 3292 2306 Jerusalem
3335 2262 3602 2318 sanctam,

2029 2336 2311 2404 repudiato
2342 2351 2567 2407 prorsus
2590 2340 2859 2397 atheismo
2885 2342 3073 2407 veteri,
3110 2341 3261 2398 falsis
3289 2344 3597 2413 prae-dictio-

2029 2430 2192 2486 nibus
2215 2438 2271 2484 et
2318 2429 2777 2489 incantationibus
2820 2436 3111 2505 despectis,
3159 2434 3212 2489 in
3257 2434 3375 2506 lege
3421 2444 3601 2491 autem

2028 2520 2157 2575 vitae
2188 2530 2464 2591 potentem
2510 2532 2566 2578 et
2614 2523 2984 2580 institutorum
3020 2526 3348 2597 optimorum
3386 2527 3599 2582 studio-

2026 2625 2164 2667 sam.
2213 2610 2349 2668 Cum
2399 2613 2482 2670 sic
2533 2628 2593 2671 se
2636 2614 2911 2684 habuerit,
2943 2625 3000 2672 et
3048 2617 3122 2672 ita
3168 2619 3331 2675 vitam
3379 2619 3599 2690 exigere

2027 2706 2394 2772 constituerit,
2445 2706 2650 2762 nullum
2694 2709 2903 2767 hostem
2935 2727 3033 2783 per
3070 2726 3191 2767 eam
3218 2712 3595 2779 transiturum,

2026 2793 2080 2849 id
2110 2803 2216 2861 est,
2242 2810 2271 2849 a
2300 2796 2520 2852 nemine
2549 2797 2708 2855 facile
2735 2803 3151 2872 expugnabitur.
3180 2817 3279 2859 nec
3310 2803 3364 2857 in
3415 2811 3594 2858 trans-

2028 2886 2105 2941 itu
2142 2901 2173 2940 a
2204 2887 2511 2944 volentibus
2544 2898 2605 2945 ut
2642 2899 2802 2947 antea
2850 2892 3091 2963 rapietur
3115 2932 3132 2961 ,
3174 2892 3307 2964 quin
3341 2902 3454 2949 tuta
3493 2894 3600 2949 erit

2024 2978 2197 3050 copiis
2246 2980 2569 3052 auxiliisque
2613 2982 2748 3041 meis
2793 2992 2853 3040 ut
2914 2999 3070 3041 muro
3111 2986 3316 3057 optime
3361 2986 3596 3041 circum-

2127 3084 2141 3123 ι
2181 3110 2198 3128 .

2026 3084 2242 3215 εθῗεῗυᾱ
2275 3175 2439 3230 porro
2462 3136 2629 3218 etiam
2654 3163 2722 3219 de
2746 3163 2946 3221 Christi
2983 3163 3227 3223 Ecclesia
3258 3180 3447 3222 verum
3484 3176 3588 3222 est.

361 3230 690 3305 Ἑκκλησίας
710 3236 970 3307 Χριστοῦ.
1018 3238 1261 3309 Κήδεται
1286 3242 1396 3313 γὰρ
1437 3242 1544 3297 τῶν
1577 3243 1720 3297 ἰδίων
1747 3260 1918 3316 προσ-

2027 3226 2438 3305 Suarum-enim
2477 3253 2747 3309 cultorum
2791 3268 2979 3310 curam
3018 3256 3192 3325 gerit,
3242 3265 3297 3312 et
3351 3256 3596 3311 hostibus

346 3322 619 3395 κυνητῶν,
648 3325 873 3381 καὶτῶν
896 3328 1174 3399 πολεμίων
1215 3332 1476 3403 ἀμείνους
1518 3334 1793 3400 ἀποτελεῖ,
1831 3336 1926 3389 εὐ-

348 3411 582 3479 σθενεϊς,
604 3414 699 3467 καὶ
727 3415 1162 3487 ἀλκιμωτάτους,
1197 3421 1504 3490 εὐρωστίας
1529 3424 1798 3495 γέμοντας
1825 3426 1935 3499 τῆς

345 3508 749 3578 πνευματικῆς,
808 3508 1015 3574 εἰδότας
1043 3528 1105 3564 τε
1150 3512 1245 3566 καὶ
1293 3516 1729 3582 πεπιστευκότας
1771 3519 1852 3573 ὅτι
1896 3519 1925 3572 ό

343 3594 481 3658 Θεὸς
510 3596 567 3649 ὲν
596 3597 778 3661 αὐτοῖς
803 3598 891 3653 διά
917 3600 1012 3654 τοῦ
1042 3602 1378 3674 Πνεύματος.
1411 3625 1431 3658 ι
1455 3608 1717 3662 Κατοικεί
1736 3608 1844 3681 γὰρ
1866 3612 1925 3665 ὲν

342 3688 467 3750 ταῖς
498 3689 743 3757 καρδίαις
773 3691 928 3762 ἡμῶν
955 3693 1044 3748 διὰ
1088 3696 1185 3767 τῆς
1212 3698 1469 3763 πίστεως.
1510 3719 1530 3753 ι
1556 3700 1668 3753 Καὶ
1702 3702 1732 3753 ό
1763 3701 1927 3771 εὐαγ-

301 3791 309 3799 ·
342 3779 603 3851 γελιστὴς
628 3782 879 3854 Ἰωάννης
902 3789 1086 3857 φησιν,
1110 3808 1128 3840 ι
1153 3791 1245 3843 Ἐκ
1271 3790 1462 3845 τούτου
1482 3791 1825 3863 γινώσκομεν
1842 3793 1923 3847 ὅτι

344 3870 406 3920 ἐν
436 3871 569 3939 ἡμῖν
591 3872 758 3937 ἐστιν,
790 3875 854 3927 ἐκ
871 3876 964 3928 τοῦ
1004 3879 1338 3949 Πνεύματος,
1381 3878 1442 3937 οὗ
1469 3883 1670 3937 ἔδωκεν
1704 3884 1861 3953 ἡμῖν.
1899 3903 1918 3936 ι

359 3959 519 4026 ’Λγία
569 3962 626 4014 δὲ
653 3963 796 4016 κατά
832 3964 892 4017 τὸ
935 3966 1133 4038 ἀληθὲς
1166 3971 1199 4039 ἡ
1242 3976 1405 4042 νοητή
1445 3990 1546 4027 που
1575 3975 1797 4040 πάντως
1836 3974 1926 4028 Ἰεο

350 4051 635 4123 ρουσαλὴμ
658 4092 672 4117 ,
706 4056 1013 4121 τουτέστιν,
1052 4061 1086 4129 ἡ
1126 4061 1457 4132 Ἐκκλησία,
1495 4066 1565 4120 τά
1605 4066 1714 4120 τῶν
1753 4068 1924 4136 ἁγίων

347 4141 623 4232 τάγματα.
664 4144 738 4195 Οὐ
763 4145 871 4215 γάρ
898 4148 1012 4201 ἐστι
1044 4150 1276 4222 πάροδος
1306 4154 1626 4223 ἀλλογενῶν.
1672 4176 1691 4208 ι
1725 4160 1787 4213 Oi
1814 4160 1922 4232 γάρ

347 4230 442 4283 τοῦ
470 4231 708 4302 Χριστοῦ
737 4236 837 4305 τὴν
874 4237 1052 4307 σάρκα
1078 4240 1451 4315 ἐσταύρωσαν.
1487 4264 1505 4296 ι
1537 4245 1838 4319 Μέμνημαι
1865 4230 1922 4303 δὲ

2025 3342 2335 3409 superiores
2368 3343 2515 3409 facit,
2551 3344 2826 3413 robustos,
2864 3347 3294 3412 strenuissimos,
3327 3347 3593 3418 spirituali

2024 3432 2344 3490 fortitudine
2388 3435 2763 3506 plenos,,cum
2811 3437 2987 3494 sciant
3027 3446 3084 3494 et
3119 3441 3379 3502 credant,
3430 3439 3594 3493 Deum

2025 3538 2122 3595 per
2152 3525 2412 3596 Spiritum
2441 3529 2493 3583 in
2521 3530 2652 3599 ipsis
2670 3542 2826 3598 esse;
2866 3548 2886 3582 ι
2923 3530 3132 3586 habitat
3153 3530 3299 3586 enim
3328 3530 3381 3584 in
3413 3528 3594 3585 cordi-

2028 3615 2132 3671 bus
2163 3620 2368 3674 nostris
2402 3635 2499 3688 per
2532 3621 2690 3675 (idem
2717 3621 2788 3673 ".
2822 3640 2843 3673 ι
2878 3621 2946 3675 Ει
2991 3627 3050 3675 ut
3082 3620 3319 3676 Joannes
3361 3634 3594 3689 evange-

2026 3707 2151 3763 lista
2185 3710 2378 3764 scribit
2410 3727 2424 3761 :
2463 3728 2482 3760 ι
2523 3710 2577 3763 In
2610 3710 2713 3764 hoc
2738 3711 3142 3779 cognoscimus,
3178 3709 3304 3778 quia
3347 3710 3399 3762 in
3439 3711 3594 3765 nobis

2025 3807 2127 3861 est,
2153 3799 2277 3867 quia
2318 3798 2386 3853 de
2430 3798 2637 3866 Spiritu
2692 3814 2791 3854 suo
2840 3798 2990 3853 dedit
3035 3800 3191 3855 nobis
3222 3800 3290 3853 ".
3333 3819 3351 3850 ι
3399 3800 3595 3854 Sancta

2026 3900 2205 3943 autem
2238 3898 2321 3944 est
2365 3905 2552 3946 revera
2596 3888 2977 3945 intellectualis
3024 3889 3349 3956 Jerusalem,
3404 3892 3454 3948 id
3490 3902 3595 3957 est,

2027 3977 2286 4045 Ecclesia,
2314 3990 2625 4035 sanctorum
2651 3980 2889 4035 ordines.
2918 3977 3032 4034 Non
3058 3981 3204 4036 enim
3224 3991 3307 4037 est
3338 3984 3597 4037 transitus

2024 4084 2121 4140 per
2164 4085 2284 4126 eam
2340 4070 2678 4141 alienigenis.
2718 4090 2738 4124 ι
2789 4070 2892 4137 Qui
2938 4086 3169 4141 namque
3208 4083 3335 4128 sunt
3369 4074 3595 4137 Christi,

2022 4175 2241 4216 carnem
2277 4175 2429 4215 suam
2472 4160 2962 4217 crucifixcrunt".
3015 4180 3032 4212 ι
3074 4161 3232 4216 Venit
3269 4164 3322 4215 in
3358 4172 3595 4219 mentem

2023 4252 2283 4320 sapientis
2325 4252 2604 4323 cujusdam
2633 4252 2877 4320 eiiatum,
2906 4252 3302 4322 praecipientis:
3330 4273 3349 4305 ι
3389 4253 3446 4309 Si
3474 4256 3595 4322 Spi-

346 4323 600 4391 λέγοντος
629 4326 723 4379 καί
765 4345 912 4391 τινος
943 4329 1051 4383 τῶν
1096 4333 1306 4402 σοφῶν,
1340 4355 1358 4386 ι
1405 4335 1528 4389 Ἐάν
1562 4338 1784 4409 Πνεῦμα
1824 4340 1919 4394 τοῦ

2027 4344 2157 4399 ritus
2186 4352 2507 4413 potestatem
2532 4343 2784 4399 habentis
2799 4344 3108 4399 ascenderit
3131 4359 3294 4415 super
3313 4354 3383 4411 te,
3419 4346 3595 4401 locum

347 4416 751 4484 ἑξουσιάξοντος
777 4420 950 4493 ἀναϐῇ
984 4424 1076 4476 ἐπὶ
1103 4425 1182 4489 σὲ,
1214 4426 1377 4480 τόπον
1412 4446 1505 4482 σου
1541 4430 1615 4503 μὴ
1642 4432 1806 4503 ἀφῇς,
1838 4433 1920 4487 ὅτι

2027 4442 2172 4487 tuum
2201 4448 2269 4487 ne
2280 4432 2570 4498 dimiseris,
2593 4432 2717 4502 quia
2735 4433 2943 4489 curatio
2962 4433 3356 4490 faeietcessare
3375 4445 3594 4504 peccata

350 4507 484 4582 ἴαμα
512 4515 852 4569 καταπαύσει
880 4518 1155 4589 ἁμαρτίας
1193 4521 1451 4590 μεγάλας.
1488 4542 1507 4574 ι
1542 4525 1782 4597 Ἀσφαλῆ
1812 4527 1919 4596 γάρ

2027 4540 2220 4595 magna
2247 4526 2314 4578 ’⁸.
2347 4544 2366 4577 ι
2415 4524 2610 4580 Tutum
2637 4526 2833 4596 quippe
2871 4526 3110 4582 retinent
3140 4542 3257 4593 cor,
3302 4544 3407 4583 non
3449 4528 3592 4598 pedi-

345 4602 528 4673 ἔχουσι
578 4608 675 4677 τὴν
733 4609 995 4681 καρδίαν,
1050 4612 1108 4663 οὐ
1155 4610 1415 4682 βάσιμον,
1457 4615 1567 4669 οὐδ’
1618 4617 1921 4688 ἱππήλατον

2027 4618 2191 4683 tibus,
2223 4634 2328 4673 non
2363 4619 2638 4688 equitibus
2665 4620 2930 4688 pervium,
2969 4630 3026 4674 ut
3059 4622 3127 4675 ab
3159 4622 3453 4676 immundis
3485 4623 3567 4690 spi

343 4699 456 4757 τοῖς
488 4698 819 4769 ἀκαθάρτοις
849 4701 1122 4772 πνεύμασι
1152 4703 1569 4774 σεσαλευμένηνο
1601 4707 1824 4779 ἑδραίαν
1862 4709 1920 4761 δὲ

2027 4707 2221 4764 ritibus
2250 4710 2547 4778 agitatum;
2586 4709 2680 4764 sed
2725 4709 2919 4763 stabile
2961 4711 3138 4780 potius
3168 4719 3223 4766 et
3252 4703 3597 4781 dogmatibus

346 4786 712 4855 μᾶλλον,καὶ
759 4792 870 4851 τοῖς
918 4793 1017 4861 τῆς
1065 4790 1324 4861 ἀληθείας
1366 4791 1629 4863 δόγμασιν
1671 4789 1729 4848 εὖ
1774 4794 1919 4864 μάλα

2027 4802 2267 4857 veritatis
2300 4802 2459 4872 quasi
2493 4803 2733 4857 turribus
2771 4804 3007 4874 perbene
3035 4806 3447 4859 connmtnitum.

346 4876 802 4947 πεπυργωμένην.
3362 4896 3369 4899 ’

418 4966 527 5020 Καὶ
572 4967 740 5021 ἔσται
771 4969 841 5023 ἐν
886 4970 959 5039 τῇ
990 4972 1181 5042 ἡμέρᾳ
1225 4973 1425 5043 ἐκείνῃ
1451 4991 1465 5007 ·
1505 4975 1917 5041 ἀποσταλάξει

345 5059 417 5111 τὰ
465 5057 571 5126 ὄρη
634 5062 1007 5131 τλυκασμὸν,
1059 5067 1156 5118 καί
1209 5068 1265 5120 οὶ
1317 5067 1534 5130 ,ϐουνοί
1575 5067 1914 5137 ρυήσονται

347 5152 524 5216 πτίλα,
575 5152 676 5205 καὶ
723 5151 911 5207 πᾶσαι
952 5158 1010 5209 αἰ
1055 5156 1301 5226 ἀφέσεις
1338 5157 1532 5212 Ἰούδα
1576 5159 1914 5226 ρυήσοντιιι

343 5242 554 5307 ὕδατα,
589 5241 691 5295 καὶ
732 5241 894 5312 πηγὴ
922 5244 992 5308 ἐξ
1019 5247 1188 5302 οἴκου
1236 5247 1458 5315 Κυρίου
1507 5245 1916 5315 ἐξελεύσεται,

346 5332 441 5384 καὶ
468 5333 665 5387 ποτιεῐ
686 5333 795 5388 τὸν
819 5333 1181 5404 χειμάῤῥουν
1217 5335 1336 5391 τῶν
1367 5337 1675 5405 σχοινίων.

414 5426 542 5480 MA'.
580 5426 1044 5499 ’Λναδειμαμένης
1077 5428 1237 5497 ἀγίας
1264 5428 1367 5498 τῆς
1404 5428 1779 5500 Ἰερουσαλὴμ,
1821 5432 1915 5485 καὶ

343 5518 442 5569 οὐκ
491 5516 658 5588 οὔσης
706 5518 786 5572 ἔτι
834 5518 1008 5589 βατῆς
1050 5522 1162 5584 τοῖς
1213 5519 1558 5588 ἀλλογενέσι,
1615 5519 1704 5574 διά
1749 5539 1808 5575 τε
1858 5525 1916 5577 τὸ

346 5609 765 5663 κατασκηνῶσαι
794 5611 853 5662 ἐν
884 5611 1021 5681 αὐτῇ
1054 5611 1145 5665 τὸν
1168 5611 1280 5664 τῶν
1309 5610 1446 5663 ὅλων
1474 5609 1697 5680 Κύριον,
1719 5615 1910 5682 φείσα-

2095 4976 2256 5033 Vsns.
2291 4978 2378 5032 18.
2425 4974 2489 5029 Et
2535 4977 2634 5031 erit
2680 4977 2735 5031 in
2780 4978 2865 5031 die
2902 4977 3028 5031 illa.
3077 4987 3276 5032 montes
3321 4979 3591 5034 stillabant

2021 5066 2381 5134 dulcedinem,
2417 5077 2467 5120 et
2498 5067 2657 5122 colles
2696 5069 2860 5137 ﬂuent
2884 5068 3041 5132 lacte,
3076 5079 3121 5121 et
3144 5085 3319 5123 omnes
3348 5071 3590 5124 emissio-

2024 5174 2112 5211 nes
2132 5157 2167 5210 J
2174 5157 2281 5210 uda
2310 5158 2473 5227 ﬂuent
2499 5160 2674 5228 aquis,
2702 5170 2749 5212 et
2779 5160 2899 5228 fons
2924 5160 2989 5212 de
3014 5159 3168 5212 domo
3204 5158 3417 5215 Domini
3448 5179 3589 5232 egre-

2021 5246 2215 5313 dietur,
2251 5257 2303 5303 et
2334 5248 2579 5318 irrigabit
2618 5258 2898 5304 torrentem
2931 5248 3307 5318 ftmicrtlorum.

2098 5423 2278 5480 XLIV.
2314 5425 2618 5483 Instaurata
2652 5438 2837 5484 sancta
2865 5427 3187 5497 Jerusalem,
3221 5442 3320 5483 nec
3359 5429 3587 5499 amplius

2021 5517 2341 5587 alienigenis
2370 5519 2578 5588 pervia,
2622 5520 2764 5588 quod
2811 5535 2928 5573 eam
2965 5519 3164 5575 incolat
3210 5522 3585 5575 universorum

2023 5608 2302 5676 Dominus,
2343 5609 2465 5664 data
2504 5610 2659 5663 venia
2693 5610 2890 5679 populo
2916 5609 3075 5675 Juda,
3113 5626 3287 5682 eoque
3327 5609 3586 5664 corrobo-

413 5779 459 5813 7‘
495 5779 659 5835 Exod.
698 5797 867 5848 xxx”,
903 5781 954 5835 4.
1033 5781 1077 5812 ⁷⁸
1112 5782 1386 5852 Ephesii,
1419 5783 1501 5838 I7.
1582 5786 1623 5817 τί
1663 5787 1676 5841 l
1709 5787 1863 5843 Juuu.
1908 5806 1920 5842 t

2056 5788 2134 5841 ιτ».
2213 5789 2253 5818 ⁷⁷
2287 5789 2460 5844 GalaI.
2488 5788 2645 5855 Vﬂl.
2722 5791 2766 5822 ⁷⁸
2799 5789 2975 5847 Eccle.
3016 5809 3068 5859 κ,
3102 5793 3154 5846 σί.
