4054 6274
491 359 595 414 4θῦ

1474 355 1531 407 5.
1573 353 1850 410 CYRILLI
1886 353 2350 411 ALEXANDlliNl
2389 357 2706 416 ARClllEl‘.

3624 364 3730 422 ιθι

494 485 636 541 rato,
666 481 722 532 et
747 472 1029 544 superiore
1050 470 1374 525 adversariis
1408 469 1621 538 ell'ecto,
1652 483 1780 530 tunc
1805 475 2056 530 nimirum

2170 479 2287 533 σθαι
2322 500 2381 535 τε
2424 482 2517 536 τοῦ
2553 483 2683 538 ίδίου
2716 483 2869 548 λαοῦ,
2901 483 2993 537 καὶ
3036 485 3360 554 κατισχύσαι
3408 484 3508 556 μὲν
3543 486 3728 546 αὐτὸν.

497 576 709 624 montes
756 585 776 619 ι
815 565 1095 620 stillabunt
1146 561 1308 633 243
1349 563 1685 622 dulcedinem
1715 607 1732 634 ,
1791 560 1845 622 et
1893 568 2058 624 col-les

494 661 660 716 liuent
703 659 861 721 lacte,
907 664 963 710 et
1003 653 1325 709 emissiones
1375 653 1510 710 Juda
1544 675 1570 710 ι.
1608 657 1862 722 ﬂuentum
1896 675 2056 724 suum

499 753 722 808 dabnt.
759 746 1090 810 Etnissiones
1119 745 1225 800 dici
1255 747 1448 814 opinor
1488 747 1717 804 fontium
1756 753 2058 814 entanatio-

495 858 616 908 nes,
671 848 765 893 aut
805 838 896 906 q_ui
926 836 1126 904 alioqui
1167 838 1348 892 vocari
1398 839 1607 905 possint
1650 855 1914 910 aquarum
1957 842 2059 898 du-

497 943 637 988 ctus.
671 930 930 986 Montium
974 927 1188 994 quidem
1230 929 1449 984 nomine
1495 930 1740 1000 accipere
1784 931 1932 998 licet,
1968 932 2060 1000 qui

494 1023 716 1078 virtutis
736 1021 948 1076 culmen
977 1019 1430 1088 conscenderunt,
1463 1030 1518 1076 et
1543 1019 1794 1080 laudibus
1821 1023 1944 1080 vita:
1972 1037 2060 1090 se—

496 1113 733 1168 cundum
763 1112 1016 1165 virtutem
1051 1116 1186 1163 acta:
1217 1109 1340 1164 aliis
1366 1114 2062 1182 antestantes,conspicuos

495 1213 549 1259 et
582 1203 820 1259 illustres
855 1221 868 1258 :
899 1202 1088 1272 quales
1111 1210 1270 1257 erant
1306 1201 1554 1269 discipuli
1589 1202 1814 1270 Christi,
1863 1215 1916 1259 et
1951 1221 2061 1274 prae

497 1294 708 1349 caneris
736 1293 996 1360 Baptista,
1029 1293 1096 1347 de
1125 1306 1234 1361 quo
1260 1299 1344 1346 est
1376 1291 1504 1344 illud
1525 1291 1822 1348 Salvatoris
1847 1313 1860 1348 :
1897 1314 1918 1349 (
1947 1293 2061 1354 Non

499 1385 738 1440 surrexit
780 1383 950 1450 major
981 1382 1184 1438 Joanne
1215 1383 1282 1434 ⁷³.
1329 1400 1350 1434 ›
1383 1380 1725 1439 Excellentes
1755 1383 1922 1451 igitur
1950 1386 2061 1452 isti,

497 1485 554 1530 ct
596 1475 851 1534 omnibus
885 1473 1174 1536 notissimi,
1207 1473 1412 1528 stillant
1445 1472 1802 1542 dulcedinem,
1847 1486 1901 1530 et
1937 1487 2062 1542 tan-

498 1579 659 1635 quam
691 1564 850 1619 melle
875 1564 1007 1618 illita
1039 1563 1104 1618 de
1128 1562 1346 1620 Christo
1379 1564 1543 1619 verba
1575 1563 1794 1632 facient,
1822 1576 1880 1622 ut
1914 1568 2062 1638 quis-

498 1656 621 1725 quis
679 1655 914 1710 audierit
963 1653 1161 1708 eximia
1221 1652 1468 1723 perfusus
1509 1654 1697 1712 laetitia
1749 1657 2060 1715 exclamet:

503 1766 521 1802 ι
541 1747 713 1814 Quam
736 1746 910 1802 dulcia
931 1745 1178 1802 faucibus
1205 1744 1338 1800 meis
1363 1745 1740 1816 eloquiatua“0
1758 1751 1779 1804 ί·
1801 1769 1820 1804 ι
1850 1751 1916 1806 Et
1945 1767 2064 1824 qum

2159 570 2437 641 ἀποφῆναι
2459 573 2517 626 δὲ
2541 572 2635 628 καὶ
2664 573 2775 626 τῶν
2805 573 3210 644 ἀνθεστηκότων
3243 576 3470 645 ἀμείνω,
3505 576 3628 629 τότε
3663 580 3728 649 δη

2158 659 2227 713 τά
2259 662 2359 731 μὲν
2385 663 2485 733 ὅρη
2521 679 2540 714 ‹
2570 662 2927 727 Σταλάξονται
2964 663 3306 734 γλυκασμὸν,
3345 666 3634 734 ρυήσονται
3672 667 3729 721 δὲ

2160 753 2254 804 καὶ
2279 754 2327 804 oi
2365 751 2545 824 βουνοίΙ
2573 753 2634 806 τὸ
2661 753 2824 822 γάλα,
2845 753 2939 814 καὶ
2963 755 3018 807 αί
3047 753 3141 808 τοῦ
3180 754 3348 808 ’ἰούδα
3373 755 3598 824 ἀφέσεις
3622 776 3639 807 ι
3671 757 3732 810 τὸ

2160 842 2357 895 οἰκεῖον
2387 841 2680 906 ἐκδώσουσι
2712 844 2879 914 νάμα.
2926 843 3174 913 Ἀφέσεις
3204 844 3260 896 δὲ
3297 840 3449 914 οἶμαι
3477 845 3731 912 λέγεσθαι

2160 932 2260 996 τὰς
2305 933 2413 986 τῶν
2451 933 2645 1004 πηγῶν
2681 935 2973 1007 ἐκδρομὰς,
3025 935 3059 1005 ἢ
3107 935 3228 990 καθ’
3280 936 3464 1007 ἕτερον
3504 938 3729 1008 τρόπον,

2161 1022 2320 1092 οἷπερ
2345 1022 2411 1074 ἂν
2438 1019 2574 1075 εἶναι
2603 1023 2848 1091 λέγοιντο
2875 1025 2984 1078 τῶν
3013 1024 3219 1080 ὑδάτων
3247 1026 3445 1095 ὀχετοί.
3485 1027 3592 1080 Καὶ
3629 1029 3733 1101 δρη-

2166 1111 2266 1183 μὲν
2292 1111 2534 1182 νοηθεῖεν
2567 1113 2633 1166 ἂν
2657 1113 2711 1165 οἱ
2751 1113 2889 1182 πρὸς
2917 1113 3050 1183 ὕψος
3088 1115 3290 1186 ἀρετῆς
3336 1115 3564 1186 ἠρμένοι
3584 1157 3599 1181 ,
3639 1120 3730 1171 καὶ

2162 1207 2276 1270 τοῖς
2315 1204 2593 1276 αὐχήμασι
2637 1205 2737 1274 τῆς
2783 1205 2842 1272 ἐξ
2890 1206 3092 1276 ἀρετῆς
3128 1205 3274 1274 ζωῆς
3310 1206 3370 1258 τὸ
3403 1207 3513 1260 τῶν
3555 1208 3731 1262 ἄλλων

2164 1292 2566 1364 ὑπερφέροντες
2593 1295 2810 1370 μέτρον,
2841 1296 2890 1348 οἱ
2925 1296 3228 1365 περίοπτοι,
3262 1297 3357 1354 καὶ
3392 1301 3741 1366 περιφανεῖς,

2165 1383 2338 1437 ὁποῖοι
2364 1378 2507 1453 ἦσαν
2538 1385 2593 1444 οἱ
2621 1384 2884 1454 μαθηταὶ,
2917 1385 3011 1438 καὶ
3035 1385 3204 1454 πρόγε
3229 1384 3337 1446 τῶν
3369 1385 3544 1440 ἀλλων
3571 1388 3599 1438 6
3629 1387 3731 1438 Βα-

2164 1475 2396 1544 πτιστὴς
2419 1513 2432 1536 ,
2471 1475 2599 1546 περὶ
2632 1469 2693 1529 οὗ
2729 1477 2758 1529 6
2789 1477 2978 1547 Σωτήρ
3014 1492 3198 1547 φησιν,
3255 1493 3275 1528 ι
3309 1478 3423 1530 Οὐκ
3461 1478 3731 1548 ἐγείρεται
3768 1483 3772 1487 ”

2169 1563 2371 1634 μείζων
2409 1561 2677 1618 Ἰωάννου.
2718 1581 2736 1614 ι
2781 1557 2947 1616 Οὗτοι
2984 1562 3049 1634 δὴ
3094 1558 3185 1616 οὖν
3227 1564 3276 1615 oi
3329 1562 3588 1634 μεγάλοι,
3639 1567 3738 1616 καὶ-

2164 1655 2578 1726 γνωριμώτατοι
2621 1654 2944 1717 σταλάζουσι
2975 1653 3287 1723 γλυκασμὺν
3307 1691 3324 1720 ,
3365 1655 3460 1720 καὶ
3495 1649 3610 1708 οἷον
3644 1655 3742 1724 μέ-.

2165 1745 2272 1799 λιτι
2298 1745 2685 1817 καταχρίοντες
2708 1746 2799 1800 τὸν
2827 1746 2954 1814 περὶ
3001 1747 3092 1800 τοῦ
3130 1746 3383 1818 Σωτῆρος
3421 1746 3734 1816 ποιήσονται

499 1846 827 1906 sequuntur.
852 1837 1134 1907 Nunquam
1161 1836 1302 1892 enim
1326 1850 1430 1891 non
1455 1837 1625 1896 dulcis
1649 1851 1726 1898 est
1755 1856 2063 1910 sanctorum

2170 1834 2342 1904 λόγον,
2369 1834 2444 1898 ὼς
2471 1835 2579 1890 τῶν
2612 1837 3025 1914 μετεσχηκότων
3059 1835 3287 1890 ἕκαστον
3317 1838 3381 1888 ἐκ
3409 1836 3728 1907 περιχαρίας

499 1942 678 1990 sermo
699 1929 763 1984 iis
791 1928 880 1999 qui
915 1928 1266 2000 Deolplacere
1294 1929 1534 2000 cupiunt.
1585 1930 1744 1990 Tales
1775 1935 1982 2006 itaque,
2014 1946 2068 1991 et

500 2019 772 2088 aptissime
801 2018 1038 2088 quidem,
1067 2033 1160 2086 per
1185 2027 1395 2077 montes
1432 2023 1824 2092 mtelliguntur.
1890 2025 2067 2084 Colles

497 2123 615 2163 esse
633 2117 988 2169 autumamus.
1006 2107 1216 2168 illorum
1234 2115 1554 2182 praestantiae
1567 2115 1782 2182 paulum
1796 2115 2064 2184 cedentes,

495 2211 552 2258 et
582 2211 704 2258 vute
752 2201 1053 2258 rationibus
1097 2201 1382 2258 inferiores
1414 2220 1428 2258 :
1463 2205 1555 2273 qui
1591 2213 1763 2261 tamen
1799 2214 1854 2260 et.
1884 2207 1982 2276 ipsi
2009 2223 2067 2263 se

497 2293 828 2360 extulerunt,
860 2302 916 2346 et
954 2307 1112 2363 supra
1145 2293 1279 2349 alios
1311 2295 1542 2352 multum
1574 2297 1838 2360 eminent.
1871 2297 1935 2354 lli
1973 2314 2063 2353 re-

497 2397 629 2438 cens
673 2382 777 2440 fide
806 2383 1140 2438 initiatorum
1181 2386 1377 2442 animis
1418 2404 1437 2438 ι
1475 2387 1818 2454 rationabile,
1851 2399 1908 2450 et
1949 2391 2067 2456 sine

499 2475 622 2531 dolo
669 2475 750 2528 lac
789 2474 832 2506 ⁸³
879 2491 899 2525 ι
935 2474 1248 2539 infundunt,
1295 2477 1721 2548 alimenlumque
1767 2480 2067 2538 infantibus

498 2565 826 2630 conveniens
872 2568 1152 2644 prazbent;
1194 2567 1555 2636 perfecturum
1604 2571 1747 2630 enim
1788 2584 1870 2626 est
1913 2574 2066 2631 cibus

497 2660 726 2725 solidus,
752 2659 836 2713 lac
857 2669 1037 2716 autem
1063 2660 1362 2719 infantibus
1394 2663 1932 2737 opportunissimum.
1957 2665 2068 2721 Nec

500 2767 630 2808 vero
664 2751 916 2822 quoniam
957 2751 1254 2810 infantibus
1289 2754 1372 2810 lac
1406 2755 1690 2811 infundere
1715 2765 1933 2826 norunt,
1965 2758 2068 2822 hoc

497 2844 617 2900 solo
645 2859 835 2899 eorum
879 2845 1134 2902 virtutem
1173 2847 1696 2906 circumscribimus.
1740 2849 1877 2904 Cum
1921 2851 2066 2906 enim

497 2934 610 2991 sint
641 2933 841 2994 idonei.
876 2949 1038 3005 atque
1087 2938 1220 2992 adeo
1253 2937 1491 3005 quidem.
1525 2950 1606 3000 ut,
1651 2940 1697 2994 si
1733 2942 1921 3006 velint,
1968 2943 2069 3002 im-

502 3026 688 3096 pertiri
726 3029 936 3094 possint
991 3027 1176 3081 habitu
1221 3029 1714 3084 confirmatioribus
1752 3032 1899 3087 cibos
1939 3033 2068 3087 soli-

500 3115 713 3184 diores,
741 3131 837 3185 per
868 3117 1134 3178 dicentem
1179 3128 1365 3191 aperte
1395 3137 1409 3172 :
1447 3138 1466 3171 ι
1502 3118 1810 3192 Cognosces
1857 3122 2066 3186 animas

501 3206 682 3276 gregis
729 3207 805 3262 tui
833 3207 902 3262 θ’.
939 3226 960 3260 ι
989 3206 1177 3279 itaque
1208 3210 1372 3266 divini
1406 3210 1676 3280 discipuli,
1719 3216 2066 3284 quantumvis

501 3297 775 3352 sexcentis
815 3299 1106 3364 mandatis,
1151 3315 1182 3356 a
1223 3299 1442 3360 Christo
1471 3306 1633 3372 datis,
1663 3307 1820 3362 nobis
1858 3309 1948 3376 qui
1999 3323 2065 3362 ex

503 3387 756 3457 gentibus
788 3387 1116 3446 credidimus
1134 3406 1234 3461 pro
1263 3407 1357 3448 sua
1382 3397 1707 3452 auctoritate
1729 3399 2065 3467 praecipiunt,

502 3479 803 3535 cavendum
833 3495 862 3534 a
890 3480 1269 3548 fornicatione,
1300 3494 1353 3538 et
1389 3483 1675 3552 suﬂ‘ocato,
1700 3495 1755 3542 et
1783 3488 2066 3558 sanguine.

507 3593 527 3626 ι
561 3575 748 3630 Visum
781 3586 868 3632 est
893 3577 1056 3645 enim,
1093 3577 1360 3646 inquiunt,
1388 3577 1614 3648 Spiritui
1645 3591 1833 3637 sancto
1877 3591 1932 3636 et
1969 3598 2068 3638 no-

504 3665 606 3730 bis,
641 3665 782 3720 nihil.
811 3669 1045 3738 amplius
1080 3667 1357 3738 imponere
1391 3671 1544 3730 vobis
1583 3673 1765 3734 oneris
1796 3673 1864 3728 ⁸³.
1906 3691 1926 3725 ι
1959 3675 2068 3729 Au.

503 3755 588 3812 dis
637 3772 798 3826 quam
847 3759 919 3813 sit
964 3758 1259 3818 infantibus
1297 3775 1601 3831 congruens
1637 3774 1981 3832 praeceptum,
2017 3772 2072 3818 et

501 3849 657 3917 quasi
691 3849 1088 3912 infirmioribus.
1127 3851 1266 3910 lacte
1299 3855 1462 3908 robur
1497 3854 1890 3922 suppeditans?
1916 3859 2069 3924 Aqua

503 3938 666 3994 etiam
711 3939 1056 4002 intellectuali
1103 3943 1479 4002 circumfluere
1521 3944 1788 4014 plantatos
1828 3948 1879 4002 in
1912 3948 2070 4002 dumo

507 4029 746 4095 Domini,
778 4031 920 4086 utin
965 4032 1119 4088 atriis
1143 4033 1238 4092 Dei
1282 4036 1624 4094 elllorescant
1653 4037 1721 4099 π’,
1770 4039 1965 4092 divinis
1998 4040 2072 4094 ir-

503 4118 664 4190 rigati
693 4119 946 4192 lymphis.
998 4131 1052 4182 et
1081 4124 1340 4194 supernis
1355 4125 1774 4196 cmlestibusque
1805 4129 2072 4182 sermoni-

506 4210 604 4264 bus
664 4212 1010 4281 pinguefacti,
1071 4216 1410 4272 subostendit
1469 4233 1566 4287 per
1619 4220 1768 4286 illud,
1815 4240 1835 4274 ι
1886 4235 2072 4278 omnes

505 4301 824 4356 emissiones
860 4301 994 4360 Iuda
1028 4303 1193 4360 fluent
1227 4309 1404 4378 aquis.
1445 4327 1464 4361 ι
1496 4309 1905 4366 Confitebantur
1925 4312 2068 4366 enim

505 4404 538 4445 a
574 4391 682 4447 Deo
731 4408 789 4450 se
843 4395 1022 4450 vocari
1053 4397 1212 4450 etiam
1254 4399 1399 4456 beati
1442 4403 1690 4470 apostoli.
1739 4402 1843 4458 Sed
1878 4402 2067 4472 prima:

505 4483 722 4551 quidem
753 4484 1171 4555 intelligibilium
1202 4503 1465 4556 aquarum
1483 4491 1827 4553 emissiones.
1847 4495 2070 4548 omnino
2104 4507 2144 4561 ι)

505 4575 712 4628 sanctis
749 4590 778 4628 a
822 4574 930 4630 Deo
975 4591 1072 4644 per
1111 4577 1275 4650 ια
1303 4579 1566 4648 Spiritum
1606 4599 1830 4638 munera
1873 4586 2071 4640 (lunata

508 4663 731 4718 fuerint.
763 4663 1026 4721 Secunda:
1054 4677 1233 4722 autem
1267 4669 1410 4724 velut
1435 4672 1757 4729 emissiones
1789 4690 2070 4744 aquarum,

511 4752 578 4807 ab
605 4752 736 4821 ipsis
766 4751 831 4806 ad
873 4768 970 4808 nos
1008 4755 1282 4822 profectus
1310 4771 1510 4826 sermo,
1551 4759 1920 4829 spiritualibus
1945 4765 2072 4818 cha-

512 4843 826 4898 rismatibus
855 4859 954 4899 nos
988 4846 1215 4916 replens.
1238 4847 1466 4906 Fontem
1481 4859 1658 4904 autem
1696 4852 1761 4918 de
1781 4852 1941 4909 domo
1973 4856 2075 4909 Do-

511 4933 640 4986 mini
688 4933 1074 5002 egredientem,
1127 4949 1284 5003 quem
1343 4951 1502 5005 porro
1550 4947 1748 5007 praeter
1797 4939 2071 4996 Christum

510 5022 975 5078 existimabimus?
1001 5024 1090 5080 Sic
1123 5025 1265 5080 enim
1300 5025 1506 5083 Psaltes
1531 5041 1653 5082 eum
1679 5029 1930 5099 appellat,
1968 5031 2072 5084 Pu-

513 5125 643 5168 trem
662 5124 717 5170 et
745 5115 911 5170 Deum
941 5116 992 5171 in
1021 5115 1173 5173 caelis
1226 5116 1504 5186 alloquens
1531 5136 1543 5172 :
1579 5136 1598 5169 ι
1623 5118 1883 5176 Torrente
1925 5120 2074 5173 volu-

513 5207 672 5270 ptatis
723 5217 825 5264 tuae
870 5209 1081 5279 potabis
1130 5223 1257 5274 eos;
1299 5209 1422 5277 quia
1461 5210 1598 5278 apud
1628 5220 1678 5265 te
1725 5221 1807 5266 est
1839 5211 1959 5266 fons
1989 5212 2072 5264 vi-

517 5309 579 5350 tae
607 5297 673 5350 ⁸⁵.
715 5317 734 5350 ι
769 5299 952 5369 itaque
1007 5310 1220 5356 torrens
1252 5309 1304 5355 et
1339 5301 1456 5355 fons
1489 5301 1613 5354 vita:
1642 5302 1908 5356 Christus.
1941 5301 2074 5356 Tor-

516 5387 682 5442 t‘eutis
709 5399 886 5446 autem
915 5392 1203 5461 juncorum
1229 5392 1478 5446 meminit
1504 5392 1786 5462 propheta,
1821 5393 2074 5448 torrentis

513 5475 738 5543 alicujus
775 5480 1018 5549 scilicet,
1061 5486 1147 5538 cui
1202 5483 1527 5539 adnascatur
1572 5483 1723 5552 copia
1765 5483 2071 5553 juncorum.

583 5679 629 5752 ξ’
658 5676 845 5752 Matth.
881 5682 1061 5752 τμη.
1125 5683 1169 5714 ⁸⁰
1199 5685 1338 5740 Psal.
1366 5701 1552 5752 cxvm,
1588 5686 1708 5742 105.

543 5747 626 5811 Μ.
704 5749 751 5788 “'-
784 5748 922 5809 Psal.
958 5765 1117 5816 xxxv,
1142 5753 1197 5810 9.

2168 1926 2522 1998 ἀνακραγεῖν,
2556 1946 2575 1979 ι
2597 1927 2684 1990 Ὡς
2716 1927 2921 1995 γλυκέα
2952 1926 3032 1999 τῷ
3063 1927 3296 2005 λάρυγγί
3343 1944 3442 1997 μου
3471 1927 3540 1980 τά
3581 1926 3735 1994 λόγια

2168 2034 2294 2085 seu;
2339 2037 2356 2070 ι
2392 2019 2486 2072 καὶ
2527 2017 2597 2072 τὰ
2644 2018 2788 2088 ἐξῆς.
2821 2020 3032 2082 Γλυκὺς,
3074 2019 3183 2090 γὰρ
3221 2018 3312 2072 ἀεὶ
3350 2019 3455 2071 τῶν
3497 2017 3670 2086 ἀγίων
3707 2019 3736 2068 ὁ

2167 2104 2343 2175 λόγος,
2378 2108 2530 2177 παρά
2552 2125 2615 2177 γε
2640 2111 2751 2172 τοῖς
2781 2108 3035 2177 ἀγαπῶσι
3058 2109 3121 2161 τὸ
3154 2108 3466 2179 εὐαρεστεῖν
3490 2107 3568 2177 τῷ
3594 2106 3735 2176 Θεῷ.

2172 2201 2311 2272 ’Ὁρη
2348 2200 2447 2270 μὲν
2475 2195 2567 2254 οὖν
2601 2200 2650 2253 oi
2679 2199 2908 2253 τοιοῦτοι
2943 2200 3183 2268 νοηθείεν
3211 2198 3298 2262 ἂν,
3341 2199 3433 2252 καὶ
3479 2199 3626 2268 μάλα
3659 2199 3742 2251 εἰς.

2167 2289 2358 2352 κότως.
2411 2289 2643 2352 Βουνοὺς
2690 2287 2748 2342 δὲ
2787 2283 2923 2342 εἷναί
2965 2304 3146 2358 φαμεν
3199 2288 3322 2350 τοὺς
3365 2288 3463 2357 τῆς
3503 2287 3741 2346 ἐκείνων,

2169 2381 2443 2451 ὑπεροχῆς
2481 2379 2656 2450 βραχὺ
2713 2379 2808 2451 μὲν
2858 2380 3250 2450 ἡττωμένους,
3299 2379 3388 2433 καὶ
3435 2379 3566 2431 πολὺ
3621 2379 3733 2432 τῶν

2167 2471 2340 2528 ἄλλων
2362 2471 2804 2541 ὑπερτέλλοντας.
2831 2466 2991 2526 Οὗτοι
3011 2474 3132 2534 ταῖς
3156 2471 3265 2524 τῶν
3285 2472 3408 2541 ἄρτι
3441 2487 3740 2523 πεπιστευ-

2167 2563 2340 2614 κότων
2360 2561 2559 2634 ψυχαῖς
2591 2580 2610 2615 ί
2644 2560 2704 2614 τὸ
2735 2561 2984 2628 λογικὸν,
3013 2564 3107 2618 καὶ
3153 2562 3340 2624 ἄδολον
3372 2563 3739 2633 παρεγχέουσι

2166 2655 2326 2722 γάλα,
2359 2672 2378 2706 ι
2419 2659 2771 2726 νηπιοπρεπῆ
2817 2656 3182 2727 χορηγοῦντες
3222 2657 3454 2727 τροφὴν,
3518 2657 3738 2709 τελείων

2167 2747 2274 2816 γάρ
2310 2749 2458 2800 ἐστιν
2491 2750 2524 2818 ή
2557 2748 2771 2818 στερεὰ,
2805 2731 2947 2819 γάλα
2984 2749 3308 2824 δὴ“νηπίοις
3354 2749 3416 2802 τὸ
3464 2748 3742 2820 πρεπωδέ-

2169 2857 2381 2899 στατον.
2409 2840 2519 2896 Καὶ
2549 2841 2609 2893 οὑ
2639 2841 2812 2912 δήπου
2847 2841 3029 2912 φαμὲν
3051 2842 3124 2905 ὡς
3167 2841 3223 2893 ἐν
3273 2857 3338 2910 γε
3377 2840 3455 2909 τῷ
3481 2839 3739 2893 δύνασθαι

2171 2931 2330 3001 μόνον
2372 2933 2552 3002 ἐγχεῖν
2602 2934 2715 2996 τοῖς
2761 2933 2976 3002 νηπίοις
3022 2932 3084 2986 τὸ
3129 2932 3305 3003 γάλα,
3368 2932 3469 3002 τῆς
3519 2932 3740 2984 ἐκείνων

2167 3024 2447 3094 δυνάμεως
2471 3024 2532 3076 τὸ
2563 3023 2759 3094 μέτρον
2803 3024 2950 3078 ἐστίν
2978 3042 2992 3057 ο
3027 3024 3243 3095 ἔχοντες
3286 3023 3417 3096 γὰρ,
3471 3025 3568 3078 καὶ
3599 3023 3740 3094 μάλα

2169 3111 2504 3183 ἐπιτηδείως,
2536 3114 2618 3178 είς
2644 3114 2724 3179 τὸ,
2752 3115 2908 3184 εἰπερ
2934 3115 3156 3178 ἕλοιντο,
3179 3114 3456 3186 διανέμειν
3480 3115 3752 3173 δύνασθαι⁴

2168 3206 2282 3267 τοῖς
2302 3205 2401 3276 τὴν
2429 3202 2540 3270 ἕξιν
2568 3203 2954 3274 στερεωτέροις
2982 3204 3047 3257 τά
3072 3203 3178 3260 τῶν
3210 3205 3426 3276 τροφῶν
3447 3205 3734 3275 ἀδρότερα,

2168 3293 2257 3347 διά
2290 3311 2351 3347 τε
2397 3293 2677 3364 λέγοντος,
2715 3311 2736 3346 ι
2769 3294 3031 3357 Γνωστῶς
3083 3293 3367 3370 ὲπιγνώσῃ
3398 3294 3576 3366 ψυχὰς
3617 3312 3739 3348 ποι-

2171 3381 2325 3457 μνίου
2357 3399 2472 3436 σου.
2516 3402 2536 3435 ι
2573 3383 2685 3436 Καὶ
2729 3383 2858 3452 γοῦν
2887 3383 2937 3436 οἱ
2969 3383 3246 3436 θεσπέσιοι
3281 3385 3523 3454 μαθηταὶ
3560 3383 3734 3434 καίτοι

2173 3473 2372 3547 μυρίας
2409 3475 2539 3538 ὅσας
2595 3473 2813 3537 ἐντολὰς
2856 3474 3148 3538 δεδωκότος
3207 3476 3337 3546 ἡμῖν
3391 3473 3625 3545 Χριστοῦ
3675 3473 3736 3540 ἐξ

2169 3564 2337 3620 ἐθνῶν
2364 3565 2734 3630 πιστεύσασιν,
2765 3566 3122 3636 οἰκονομικῶς
3149 3565 3541 3631 ἐπιστέλλουσι,
3581 3565 3744 3635 φυλά-

2172 3655 2362 3720 ξασθαι
2385 3656 2493 3709 δεῖν
2517 3655 2625 3709 ἀπό
2653 3674 2712 3708 τε
2745 3657 3026 3727 πορνείας,
3059 3656 3154 3711 καὶ
3183 3657 3543 3724 πνικτοῦ,καὶ
3573 3658 3742 3728 αἷμα.

2168 3763 2280 3809 τος.
2314 3763 2334 3804 ι
2364 3745 2549 3812 Ἔδοξε
2599 3746 2726 3817 γὰρ,
2773 3747 2966 3818 φησιν,
2993 3747 3071 3819 τῷ
3094 3749 3234 3820 ἁγίῳ
3290 3749 3604 3821 Πνεύματι,
3653 3750 3745 3807 καὶ

2169 3839 2322 3908 ἡμῖν,
2349 3837 2513 3906 μηδὲν
2544 3837 2705 3890 πλέον
2734 3838 3070 3900 ἐπιτίθεσθαι
3091 3840 3218 3910 ὑμῖν
3250 3839 3435 3912 βάρος.
3460 3860 3480 3893 ›
3501 3842 3744 3904 Ἀκούεις

2172 3929 2320 3992 ὅπως
2345 3927 2718 3999 νηπιοπρεπές
2751 3930 2867 3990 ἐστι
2898 3929 2961 3984 τὸ
2997 3930 3385 4004 παράγγελμα,
3417 3931 3510 3985 καὶ
3549 3926 3661 3985 οἷον
3688 3934 3744 3985 ἑν

2177 4019 2275 4090 ἴσῳ
2319 4020 2553 4087 γάλακτι
2587 4023 2699 4084 τοῖς
2739 4007 3146 4091 ἀσθενεστέροις
3176 4022 3275 4093 τὴν
3318 4022 3431 4089 ’έξιν
3477 4021 3744 4093 χορηγού-

2176 4127 2367 4180 μενον;
2390 4112 2510 4164 ’Ότι
2539 4110 2596 4164 δὲ
2624 4111 2718 4164 καὶ
2747 4111 2889 4184 ὕδωρ
2917 4111 2978 4165 τὸ
3003 4112 3189 4186 νοητὸν
3218 4112 3530 4184 ἀμφιλαφές
3557 4131 3618 4167 τε
3636 4114 3743 4176 τοῖς

2171 4206 2230 4259 ὲν
2272 4206 2403 4276 οἴκῳ
2437 4206 2644 4274 Κυρίου
2691 4208 3124 4278 πεφυτευμένοις
3147 4247 3163 4271 ,
3197 4208 3261 4267 ἵν’
3296 4211 3354 4261 ἐν
3386 4211 3508 4272 ταῖς
3555 4208 3746 4270 αὐλαῖς

2171 4295 2261 4348 τοῦ
2282 4294 2414 4348 Θεοῦ
2442 4295 2788 4366 ἐξανθήσειεν
2815 4297 2980 4360 θείοις
3006 4315 3106 4350 που
3138 4298 3491 4368 ἀρδευόμενοι
3516 4298 3744 4366 νάμασι,

2173 4387 2267 4448 καὶ
2293 4388 2349 4440 ἐν
2377 4388 2488 4449 τοῖς
2524 4387 2751 4453 ἄνωθεν,
2795 4389 2890 4444 καὶ
2924 4389 2984 4453 ἐξ
3007 4389 3237 4459 οὐρανοῦ
3266 4388 3748 4456 καταπιαινόμενοι

2173 4479 2353 4546 λόγοις
2376 4521 2390 4544 ,
2427 4481 2761 4549 ὑπεμφαίνει
2806 4481 3014 4548 λέγων,
3048 4481 3127 4535 ὅτι
3162 4501 3180 4534 t
3217 4483 3397 4535 Πᾶσαι
3438 4482 3492 4534 αἱ
3521 4480 3750 4548 ἀφέσεις

2191 4570 2362 4625 Ἰουδα
2411 4570 2703 4641 ρυἡσονται
2732 4569 2916 4624 ὕδατα.
2950 4587 2970 4620 ι
3011 4569 3332 4640 Ὣμολὸγουν
3361 4569 3468 4642 γὰρ
3497 4585 3756 4636 παρακα-

2179 4661 2386 4720 λεῖσθαι
2415 4660 2568 4730 παρά
2589 4659 2724 4712 Θεοῦ
2753 4662 2846 4713 καὶ
2877 4663 2924 4716 οἱ
2954 4661 3212 4732 μακάριοι
3248 4661 3506 4731 μαθηταί.
3526 4659 3665 4712 Ἀλλ’
3693 4659 3764 4711 αι

2179 4753 2392 4822 πρῶται
2443 4754 2544 4822 μὲν
2583 4751 2694 4811 τῶν
2730 4751 2934 4821 νοητῶν
2980 4751 3186 4806 ὑδάτων
3227 4751 3452 4820 ἀφέσεις
3477 4794 3491 4816 ,
3525 4751 3760 4820 ἀφέσεις

2179 4839 2337 4898 αὗται
2369 4845 2584 4909 πάντως
2620 4844 2688 4897 ἂν
2715 4838 2823 4895 εἷεν
2856 4844 2914 4896 αί
2953 4845 3065 4906 τοῖς
3106 4843 3281 4912 ἁγίοις
3311 4843 3463 4913 παρά
3491 4842 3628 4896 Θεοῦ
3665 4841 3764 4896 διὰ

2179 4937 2272 4991 τοῦ
2319 4935 2634 5007 Πνεύματος
2673 4935 2782 4990 τῶν
2811 4935 3032 5004 ἀγαθῶν
3075 4936 3352 5005 χορηγίαι.
3398 4935 3663 5006 Δεύτεραι
3699 4933 3769 4987 δὲ

2181 5025 2370 5093 ὥσπερ
2400 5025 2623 5094 ἀφέσεις
2655 5025 2863 5080 ὑδάτων
2903 5027 2954 5078 οἱ
2997 5024 3126 5094 παρ’
3155 5023 3336 5080 αὐτῶν
3367 5027 3446 5088 είς
3479 5025 3628 5095 ἡμᾶς
3668 5025 3771 5076 εὑ-

2184 5117 2456 5189 ρίσκοιντο
2503 5116 2676 5184 λόγοι,
2729 5117 3062 5187 χαρίσμασιν
3113 5119 3261 5187 ἡμᾶς
3310 5115 3785 5187 ἀναπιμπλάντες,

2182 5212 2588 5282 πνευματικοῖς.
2631 5211 2694 5262 Ἡ
2736 5209 2793 5263 δὲ
2823 5211 2882 5275 ἐξ
2923 5210 3071 5263 οἴκου
3104 5210 3309 5281 Κυρίου
3343 5208 3776 5282 ἐκπορευομένη

2186 5301 2336 5372 πηγὴ
2369 5302 2453 5365 τίς
2483 5301 2548 5354 ἂν
2573 5302 2658 5372 εἴη
2687 5301 2869 5366 πάλιν,
2907 5301 3044 5370 πλὴν
3065 5301 3146 5355 ὅτι
3179 5302 3449 5371 Χριστόςς
3477 5299 3620 5354 οὕτω
3648 5301 3782 5373 γὰρ

2184 5394 2346 5452 αὐτὸν
2370 5394 2508 5446 καὶὸ
2527 5392 2775 5460 Μελῳδὸς
2802 5393 3050 5464 ὠνόμαζε
3081 5393 3252 5461 λέγων
3282 5392 3420 5462 πρὸς
3451 5394 3543 5446 τὸν
3566 5394 3624 5445 ἐν
3646 5396 3780 5458 τοῖς

2185 5486 2432 5554 οὐρανοῖς
2483 5485 2703 5556 Πατέρα
2763 5483 2858 5537 καὶ
2894 5484 3045 5550 Θεὸν,
3081 5504 3098 5536 ι
3129 5484 3232 5544 Τὸν
3272 5483 3608 5556 χειμάρρουν
3659 5484 3783 5555 τῆς

1786 5687 1827 5719 ⁸¹
1853 5687 1870 5741 l
1893 5687 2068 5742 Pctr.t

2170 5694 2196 5744 ε.
2276 5692 2320 5723 δ’
2354 5690 2508 5750 Prov.
2543 5707 2712 5758 xxvtt,
2737 5690 2828 5752 23.
2905 5687 2952 5721 ⁸³
2973 5687 3094 5746 Act.
3122 5705 3210 5756 xv,
3240 5688 3330 5749 28.
3408 5688 3619 5749 lu'l’sal.
3645 5704 3786 5761 xc],
