4054 6274
1628 208 1698 225 Ἀ

331 322 538 383 405’

336 446 556 520 τρυφῆς
582 461 675 500 σου
696 444 904 509 ποι-τιεῖς
919 443 1138 510 αὐτοὺς,
1153 444 1234 499 ὅτι
1260 447 1410 521 παρὰ
1434 449 1517 501 σοὶ
1539 449 1688 519 πηγὴ
1713 450 1913 522 ζωῆς.»

343 535 558 592 Οὐκοῦν
589 536 738 609 πηγὴ
772 537 941 606 ζωῆς,
970 538 1064 592 καὶ
1089 539 1424 611 χειμάρρους
1458 541 1486 594 ό
1511 540 1764 610 Χριστός.
1789 543 1921 596 Χει-

347 629 558 701 μάρρου
583 628 640 683 δέ
668 629 897 698 σχοίνων
941 630 1215 701 μέμνηται
1245 631 1350 700 μὲν
1389 633 1418 684 ὁ
1447 633 1764 704 προφήτης,
1805 652 1920 704 χει-

347 721 556 790 μάρρου
580 719 724 784 τινὸς
751 712 796 788 ᾧ
824 720 1259 792 παραπεφύκασι
1291 725 1490 793 σχοῖνοι
1538 723 1754 782 πολλαί.
1781 727 1919 780 Φασὶ

1227 323 1780 385 COMMENTARIUS
1820 327 1888 385 ΙΝ
1925 329 2195 390 JOELEM
2227 335 2679 398 PROPHETAM.

3491 337 3596 394 406

2025 456 2225 514 Volunt
2257 462 2506 518 eumdem
2560 477 2705 528 esse,
2730 461 2819 532 qui
2853 470 3068 516 torrens
3091 457 3418 520 Cedrorum,
3459 459 3596 524 apud

2026 561 2186 616 quem
2219 550 2592 620 indignissime
2627 560 2918 605 tractatum
2953 547 3234 602 Dominum
3266 542 3596 611 evangelista

2027 648 2236 703 narrat,
2270 641 2487 709 quando
2516 658 2641 698 eum
2670 657 2796 696 cum
2827 642 3054 697 cohorte
3095 636 3314 692 militari
3353 633 3599 705 proditor

2025 729 2319 799 discipulus
2348 733 2602 802 quaesivit
2630 733 2696 787 ⁸⁸.

341 811 400 862 δὲ
434 805 576 864 εἶναι
602 812 694 866 τὸν
713 811 890 890 ἀὐτὸν
927 811 1005 883 τῷ
1041 815 1326 886 χειμάρρῳ
1357 816 1465 869 τῶν
1492 815 1736 886 Κέδρων,
1768 818 1906 890 πρὸς
1941 818 2001 874 ὃν
2061 820 2315 893 ὑϐρίσθαι
2354 824 2520 894 φησὶν
2557 827 2585 879 ὀ
2613 822 3002 893 εύαγγελιστὴς
3060 822 3151 878 τὸν
3205 819 3431 891 Κύριον,
3463 812 3600 887 ὁμοῦ

339 905 408 975 τῇ
435 903 636 975 σπείρᾳ
656 902 945 974 ζητοῦντος
967 905 1132 959 αὐτὸν
1159 905 1254 960 τοῦ
1284 907 1542 978 προδότου
1579 909 1844 981 μαθητοῦ.

414 995 574 1049 Ἐστι
615 995 672 1048 δὲ
711 995 812 1048 οὐκ
854 997 1097 1068 ἁκαλλὴς
1132 999 1161 1052 ὁ
1198 997 1376 1066 λόγος,
1421 1000 1470 1052 εί
1515 999 1593 1070 τῷ
1639 1001 1924 1073 χειμάῤῥῳ

338 1087 454 1139 τῶν
491 1085 720 1156 σχοίνων
763 1086 1175 1160 παρεικάζομεν
1206 1089 1306 1159 τὴν
1349 1090 1699 1162 Ἐκκλησίαν,
1739 1093 1820 1156 εἰς
1859 1093 1925 1163 ἣν

339 1179 664 1234 ἐκκέκλικεν
713 1179 789 1244 ῶς
825 1182 1071 1252 ποταμὸς
1106 1182 1334 1254 εἰρήνης
1363 1185 1390 1237 ὁ
1417 1182 1620 1254 Κύριος
1646 1181 1825 1255 ήμῶν,
1855 1183 1923 1254 ἢν

340 1271 515 1324 οἱονεί
543 1288 658 1334 πως
691 1271 778 1325 ἀεὶ
801 1274 1079 1345 παραρρεῖ
1099 1272 1200 1337 τὰς
1225 1272 1494 1338 ἀειθαλεῖς
1518 1274 1752 1339 ποτίζων
1775 1274 1924 1347 σχοί-

342 1377 493 1427 νους,
520 1360 790 1428 τουτέστι,
830 1363 929 1426 τὰς
962 1363 1072 1417 τῶν
1100 1363 1273 1432 ἁγίων
1298 1364 1496 1436 ψυχάς.
1529 1367 1788 1437 Φίλυδρος
1814 1365 1924 1436 γὰρ

343 1449 433 1503 ἀεί
467 1469 584 1515 πως
610 1451 746 1517 ἐστὶ,
771 1451 865 1505 καί¹
892 1452 1152 1526 ἀειθαλὴς
1198 1456 1232 1527 ἡ
1279 1458 1506 1527 σχοῖνος.
1539 1458 1602 1511 Εἰ
1641 1457 1698 1511 δὲ
1729 1457 1794 1529 δὴ
1831 1457 1927 1512 καὶ

344 1542 522 1614 ὁρῷτο
554 1545 956 1617 κεντρουμένη,
989 1546 1174 1612 καλῶς
1215 1547 1282 1603 ἂν
1330 1548 1444 1618 ἔχοι
1483 1550 1580 1603 καὶ
1619 1549 1810 1613 οὕτως.
1852 1550 1926 1604 Οὐ

2163 943 2176 952 ι

2096 1001 2206 1057 Nec
2241 1001 2555 1056 indecorum
2583 998 2707 1061 erit,
2741 997 2787 1053 si
2828 995 3055 1052 torrenti
3081 995 3367 1065 juncorum
3418 993 3600 1048 Eccle-

2026 1094 2166 1150 siam
2190 1107 2593 1163 comparemus,
2624 1091 2678 1146 in
2711 1104 2871 1159 quam
2904 1087 3165 1144 Dominus
3195 1097 3380 1142 noster
3411 1095 3470 1140 ut
3502 1084 3601 1138 ilu-

2024 1186 2147 1241 vius
2170 1186 2317 1255 pacis
2345 1198 2562 1240 cursum
2596 1181 2817 1237 deflexit
2839 1180 2884 1212 ⁸⁷
2917 1199 2932 1235 :
2968 1193 3131 1249 quam
3159 1177 3315 1248 quasi
3340 1186 3600 1245 perpetuo

2025 1275 2378 1343 circumﬂuit,
2409 1277 2603 1346 iuncos
2635 1288 2849 1344 semper
2871 1272 3109 1327 virentes
3151 1269 3426 1340 irrigans;
3459 1282 3598 1322 sem-

2026 1384 2128 1440 per
2154 1369 2297 1424 enim
2325 1382 2520 1438 aquam
2558 1374 2728 1431 amat,
2768 1379 2868 1420 nec
2911 1365 3094 1418 vivere
3145 1360 3348 1417 desinit
3378 1357 3598 1426 juncus.

2033 1460 2104 1516 Et
2132 1458 2383 1530 quamvis
2418 1457 2471 1512 in
2496 1455 2774 1526 cuspidem
2802 1463 2978 1520 exeat,
3013 1452 3179 1509 etiam
3210 1450 3288 1505 sic
3327 1449 3467 1503 bene
3499 1447 3598 1501 ha-

2033 1549 2150 1606 bet.
2197 1549 2313 1605 Non
2354 1549 2497 1604 enim
2547 1562 2772 1618 prorsus
2809 1546 3036 1617 cuspide
3077 1552 3240 1600 vacat
3286 1550 3600 1598 sanctorum

345 1636 457 1707 γὰρ
498 1635 758 1707 ἄκεντρος
801 1638 1082 1702 παντελῶς
1126 1639 1238 1694 τῶν
1277 1639 1447 1710 ἁγίων
1484 1641 1518 1711 ή
1571 1640 1740 1712 ἀρετή
1764 1657 1780 1672 ο
1819 1639 1926 1694 εἰσί

2032 1641 2224 1704 virtus.
2268 1639 2408 1702 sunt
2448 1639 2668 1709 quidem
2722 1636 3173 1702 mansuetissimi,
3219 1641 3599 1705 verumtamen

354 1725 455 1798 μὲν
498 1725 606 1796 γὰρ
649 1727 950 1797 πραότατοι
980 1729 1229 1800 ἐρασταὶ,
1265 1729 1403 1801 πλὴν
1435 1730 1572 1802 μετὰ
1602 1729 1793 1784 τούτου
1832 1730 1928 1785 καὶ

351 1820 614 1890 μαχηταί.

417 1911 718 1977 Αἴγυπτος
761 1913 849 1985 εἰς
883 1909 1231 1980 ἀφανισμὸν
1271 1911 1479 1976 ἔσται,
1519 1913 1618 1967 καὶ
1661 1915 1700 1982 ἡ
1745 1913 1930 1970 Ἰδου-

346 1998 488 2066 μαιά
524 2001 612 2065 εἰς
649 1999 859 2054 πεδίον
895 2003 985 2067 είς
1021 2002 1368 2072 ἀφανισμὸν
1396 2003 1467 2068 ἐξ
1508 2003 1752 2059 ἀδικιῶν
1779 2003 1931 2059 υἱῶν

361 2086 575 2153 Ἰούδα,
603 2087 734 2144 ἀνθ’
777 2083 866 2144 ὧν
909 2089 1161 2160 ἐξέχεαν
1194 2087 1338 2162 αἷμα
1377 2093 1611 2156 δίκαιον
1641 2096 1711 2148 ἐν
1746 2094 1820 2166 τῇ
1851 2094 1930 2165 γῇ

342 2176 564 2231 αὐτῶν.
611 2178 672 2234 Ἠ
693 2177 761 2232 δὲ
799 2179 1062 2237 Ἰουδαία
1089 2183 1179 2248 εἰς
1200 2179 1309 2235 τὸν
1353 2182 1539 2238 αἰῶνα
1574 2182 1930 2250 κατοικηθή-

345 2283 550 2335 σεται,
596 2269 694 2324 καὶ
728 2271 1126 2342 Ἰερουσαλὴμ
1165 2274 1254 2339 εἰς
1291 2274 1500 2343 γενεὰς
1538 2273 1781 2344 γενεῶν.
1819 2273 1930 2329 Καὶ

346 2359 654 2429 ἐκζητήσω
683 2363 752 2417 τὸ
798 2359 944 2433 αἷμα
988 2364 1208 2428 αὐτῶν,
1257 2364 1359 2418 καί
1411 2367 1483 2422 οὐ
1522 2365 1610 2438 μὴ
1643 2364 1926 2430 ἀθωώσω,

343 2447 447 2502 καί
475 2449 690 2517 Κύριος
726 2451 1184 2518 κατασκηνώσει
1210 2452 1280 2506 ἐν
1305 2453 1476 2508 Σιών.

415 2535 551 2588 ME’.
577 2535 742 2590 Ὅσον
771 2537 869 2608 μὲν
897 2539 1020 2609 ἥκει
1051 2541 1134 2604 εἰς
1163 2540 1225 2594 τὺ
1258 2542 1320 2594 ἐκ
1349 2542 1449 2615 τῆς
1477 2542 1719 2614 ἱστορίας
1747 2559 1928 2614 παρα-

346 2622 698 2694 δηλούμενον,
726 2628 974 2686 ἐκτέτικε
1024 2629 1252 2702 δίκας-ἠ
1298 2633 1592 2700 Αἴγυπτος,
1636 2635 1929 2706 ἐστέρηται

351 2712 464 2784 γὰρ
513 2715 616 2784 τῆς
669 2715 945 2786 βασιλείας
973 2757 988 2782 ,
1018 2718 1319 2788 Καμϐύσου
1353 2720 1558 2790 ταύτην
1606 2721 1700 2775 τοῦ
1743 2722 1927 2795 Κύρου

354 2803 544 2866 παιδὸς
572 2805 992 2871 καταλύσαντος,
1033 2809 1131 2861 καὶ
1167 2807 1439 2879 Ἰδουμαία
1464 2810 1522 2863 δὲ
1557 2811 1654 2881 τὴν
1689 2813 1928 2883 ἐρημίαν

355 2892 667 2964 ὑπέμεινεν,
695 2894 774 2958 ὡς
808 2895 901 2949 καὶ
932 2897 1070 2952 αὐτὰ
1097 2901 1366 2971 μαρτυρεῖ
1392 2899 1462 2954 τὰ
1497 2902 1816 2973 πράγματα.

2028 1748 2152 1791 cum
2181 1735 2287 1789 hoc
2315 1733 2479 1790 etiam
2505 1746 2662 1788 acres
2690 1740 2747 1787 et
2774 1729 3088 1787 bellatores.

2097 1907 2262 1968 Vens.
2305 1903 2774 1978 lQ~2LEgyptus
2802 1905 2858 1958 in
2885 1904 3230 1974 perditionem
3247 1901 3367 1963 erit,
3392 1908 3442 1953 et
3468 1898 3601 1953 ldu-

2027 2019 2163 2056 mwa
2188 2002 2243 2056 in
2270 2017 2510 2070 campum
2531 1999 2875 2055 desolationit
2899 2014 2964 2052 ea;
2979 1994 3343 2064 iniquitatibus
3365 1994 3602 2062 ﬁliorum

2027 2091 2194 2160 Iuda,
2221 2108 2318 2166 pro
2363 2109 2422 2146 eo
2455 2093 2594 2162 quod
2623 2091 2922 2162 eﬂ'uglerunt
2962 2088 3267 2160 sanguinem
3293 2087 3499 2156 justum
3544 2086 3601 2139 in

2029 2195 2172 2240 terra
2199 2201 2318 2252 sua.
2349 2184 2415 2240 At
2441 2181 2638 2240 ludam
2678 2181 2734 2236 in
2769 2191 3022 2248 internum
3053 2179 3396 2244 habitabitur,
3425 2186 3474 2232 et
3510 2175 3601 2230 Je-

2030 2276 2257 2331 rusalem
2300 2278 2356 2330 in
2404 2274 2762 2347 generationes
2800 2273 3217 2344 generationum.
3269 2269 3332 2323 Et
3374 2267 3604 2321 ulciscar

2027 2367 2334 2436 sanguine":
2371 2381 2576 2432 eorum,
2601 2375 2648 2419 et
2681 2379 2783 2418 non
2809 2361 3094 2428 mandabo,
3124 2369 3173 2415 et
3208 2358 3470 2414 Dominus
3502 2356 3609 2409 lia—.

2030 2457 2210 2510 bilabit
2245 2458 2302 2511 in
2340 2455 2489 2511 Sion.

2109 2547 2270 2603 XLV.
2297 2548 2450 2616 Quod
2471 2549 2539 2606 ad
2566 2562 2786 2608 sensum
2821 2545 3138 2604 historicum
3169 2543 3383 2606 attinet,
3412 2540 3600 2610 punita

2027 2647 2122 2696 est
2158 2638 2448 2710 Egyptus,
2477 2639 2692 2707 quando
2719 2635 3017 2706 Cambyses
3040 2633 3162 2706 Cyri
3182 2632 3336 2686 'filius
3376 2646 3598 2699 regnum

2028 2731 2261 2800 subegit.
2312 2731 2377 2783 Et
2429 2729 2656 2784 ldumaea
2698 2727 2915 2782 redacta
2976 2733 3060 2780 est
3110 2725 3168 2779 in
3229 2721 3598 2783 solitudinem,

2029 2822 2174 2892 quod
2215 2836 2302 2877 res
2334 2822 2452 2890 ipsa
2491 2821 2748 2892 loquitur.

420 2984 571 3054 Πλὴν
611 2985 668 3038 ἐν
708 2985 922 3051 τούτοις
965 2988 1142 3044 ἔοικεν
1179 2989 1209 3046 6
1253 2992 1591 3062 προφητικὸς
1633 2993 1764 3068 ἡμῖν
1803 2995 1926 3054 ὕπο-

2102 2998 2370 3058 Caeterum
2400 2996 2654 3058 videatur
2685 2993 2998 3066 prophetica
3050 2993 3207 3047 verba
3239 2998 3456 3061 pactum
3510 3002 3601 3042 oc-

349 3077 567 3148 φαίνειν
596 3077 754 3148 λόγος
787 3080 1182 3155 κεκρυμμένην
1205 3081 1520 3152 ὁμολογίαν,
1551 3079 1620 3158 ἢν
1645 3085 1734 3138 ὅτε
1762 3085 1924 3154 γέγο-

346 3188 438 3226 νεν
469 3171 756 3243 ἄνθρωπος
814 3173 1177 3245 πεπλήρωκεν
1215 3175 1245 3229 ὁ
1289 3175 1623 3246 Μονογενής.
1656 3175 1772 3228 Ἀεὶ
1816 3175 1927 3244 γάρ

345 3279 465 3326 πως
491 3263 525 3333 ή
556 3263 678 3318 θεία
704 3263 894 3335 Γραφὴ
927 3265 1303 3335 μεμελέτηκεν
1333 3264 1616 3337 ἐξομοιοῦν
1640 3269 1753 3331 τοῖς
1780 3267 1921 3336 ἄγαν

345 3353 784 3425 εἰδωλολάτραις,
829 3356 923 3410 καὶ
961 3358 1040 3420 εἰς
1065 3354 1222 3410 τοῦτο
1255 3357 1374 3410 λίαν
1401 3357 1792 3411 ἀπονενευκόσι
1829 3357 1929 3421 τὰς

347 3444 554 3513 ἀγέλας
584 3445 693 3500 τῶν
723 3446 1035 3516 δαιμονίων,
1079 3449 1174 3502 καὶ
1206 3449 1403 3511 αὐτοὺς
1437 3448 1494 3502 δὲ
1534 3450 1660 3513 τοὺς
1690 3449 1777 3504 ἀεὶ
1815 3451 1928 3514 τοῖς

346 3537 525 3604 ἁγίοις
589 3537 1014 3609 ἀνθεστηκότας.
1064 3539 1250 3594 Πάντα
1295 3539 1361 3611 δὴ
1417 3534 1512 3594 οὖν
1554 3537 1748 3611 ἐχθρὸν
1800 3541 1932 3593 ἀποο

353 3628 568 3683 λεῖσθαι
597 3631 782 3702 φησὶν,
811 3631 1128 3701 Αἰγυπτίοις
1170 3649 1231 3685 τε
1271 3631 1367 3684 καὶ
1430 3631 1752 3702 Ἰδουμαίοις
1785 3632 1928 3696 ἐξει-

351 3723 650 3793 κασμένον.
687 3723 959 3794 Ἀσφαλὴς
989 3723 1099 3795 γὰρ
1150 3725 1184 3796 ἡ
1221 3724 1513 3796 ὑπόσχεσις
1534 3724 1627 3778 τοῦ
1664 3723 1926 3796 Χριστοῦ,

348 3811 599 3881 λέγοντος
648 3812 906 3884 περὶτῆς
943 3814 1291 3885 Ἐκκλησίας,
1325 3816 1407 3868 ὅτι
1443 3833 1461 3866 ι
1494 3813 1668 3867 Πύλαι
1698 3814 1826 3884 ᾅδου
1865 3813 1926 3867 οὐ

351 3905 769 3976 κατισχύσουσιν
820 3905 1016 3976 αὐτῆς.
1053 3925 1070 3958 ι
1103 3907 1226 3959 Ὅτι
1254 3905 1310 3958 δὲ
1342 3906 1562 3968 παντως
1594 3905 1818 3976 ἔμελλον
1847 3905 1928 3958 δίο

351 4015 452 4062 κας
479 3998 810 4063 ἐξαιτεῖσθαι
843 3997 952 4051 τῶν
991 3999 1070 4061 εἰς
1113 3996 1431 4070 ἀνθρώπους
1459 3997 1931 4067 πεπλημμελημέο

352 4107 458 4142 νων
501 4091 563 4144 αἴ
607 4107 668 4143 τε
727 4089 965 4160 πονηραὶ
1012 4089 1302 4159 δυνάμεις,
1351 4087 1447 4140 καὶ
1497 4087 1610 4140 ὅσοι
1655 4088 1932 4158 τολμῶσιν

350 4180 586 4246 ἐκείναις
619 4180 686 4234 τὰ
720 4181 1104 4251 παραπλήσια,
1137 4180 1170 4251 ἢ
1197 4179 1332 4250 πρὸς
1365 4177 1687 4249 Ἑλληνικὴν
1710 4179 1929 4250 ἀπάτην

350 4273 716 4344 ἀποφέροντες
758 4288 932 4338 τινας,
986 4271 1152 4342 ἤγουν
1194 4272 1274 4335 εἰς
1319 4269 1578 4340 ἀδόκιμον
1625 4271 1928 4342 καταστρέ-

350 4342 546 4432 φοντες
583 4365 728 4430 νοῦν,
770 4364 860 4418 διά
901 4381 965 4432 γε
1010 4361 1105 4416 τοῦ
1153 4361 1426 4416 διδάσκειν
1478 4362 1799 4432 ἐπείγεσθαι
1856 4363 1926 4416 τὰ
1958 4342 2002 4397 D

348 4457 790 4529 διεστραμμένα,
839 4455 1162 4525 καθίστησιν
1210 4455 1458 4527 ἐναργὲς,
1507 4455 1713 4525 ταύτης
1761 4455 1929 4510 ἕνεκα

346 4549 443 4620 τῆς
469 4549 648 4613 αἰτίας
677 4547 1144 4619 ἀφανισθήσεσθαι
1188 4547 1364 4614 λέγων
1403 4547 1531 4611 τοὺς
1553 4550 1621 4619 τῇ
1652 4546 1792 4600 Σιὼν
1830 4563 1928 4600 πε-

349 4641 762 4711 πολεμηκότας,
800 4641 916 4694 ἀνθ’
955 4634 1030 4694 ὧν
1062 4639 1285 4709 ἐξέχεαν
1328 4636 1467 4710 αἷμα
1499 4638 1697 4703 ἀθῶον,
1734 4638 1927 4709 ἠδική-

346 4732 476 4785 κασί
503 4749 562 4784 τε
590 4733 650 4785 ού
680 4731 930 4805 φορητῶς
955 4733 1081 4796 τοὺς
1105 4731 1456 4797 υἰοὺςἸούδα,
1482 4731 1754 4795 τουτέστι,
1797 4731 1926 4794 τοὺς

347 4821 537 4888 ἁγίους
587 4820 1028 4895 ἐξομολογήσεως
1069 4823 1230 4886 ὄντας
1265 4821 1451 4875 τέκνα.
1493 4821 1918 4892 Διερμηνεύεται

344 4912 456 4980 γὰρ
483 4909 684 4973 Ἰούδας
718 4929 736 4962 ι
757 4913 1160 4984 ἐξομολόγησις.
1186 4932 1206 4966 ι
1247 4914 1392 4985 Ἔφη
1421 4913 1480 4967 δέ
1503 4930 1605 4968 που
1632 4913 1727 4967 καί⁵
1748 4914 1777 4964 ὁ
1805 4912 1923 4965 θεό-

343 5001 554 5071 ληπτος
588 5002 748 5054 Δαὸὶδ
774 5005 902 5075 περῖ⁹
928 5005 1036 5059 τῶν
1070 5005 1298 5068 ἀνοσίως
1330 5007 1708 5077 ἀνῃρημένωψ
1745 5022 1765 5055 ι
1797 5004 1921 5056 ’Ότι

345 5093 597 5164 ἐκζητῶν
627 5095 694 5146 τὰ
728 5095 932 5164 αἵματα
975 5097 1154 5150 αὐτῶν
1204 5097 1470 5169 ἐμνήσθη.
1503 5117 1523 5150 ι
1579 5097 1723 5168 Πρὸς
1759 5094 1818 5149 δέ
1856 5111 1920 5162 γε

346 5185 437 5236 τὸν
465 5185 710 5238 Σατανᾶν
751 5185 825 5250 ὡς
855 5188 913 5239 ἐν
941 5190 1104 5242 εἰκόνι
1140 5192 1486 5262 γραφόμενον
1526 5192 1620 5244 τοῦ
1660 5192 1916 5261 Ἀσσοὺρ,

351 5293 370 5327 ι
387 5278 482 5328 “Ov
511 5276 716 5346 τρόπον
737 5276 952 5348 ἱμάτιον
978 5279 1035 5330 ἐν
1058 5279 1250 5350 αἵματι
1273 5280 1620 5351 πεφυρμένον
1649 5279 1749 5332 οὐκ
1764 5280 1919 5333 ἔσται

282 5390 290 5414 ι
346 5365 609 5437 καθαρὸν,
640 5367 815 5431 οὕτως
839 5367 960 5421 οὐδὲ
992 5370 1055 5422 σὺ
1085 5369 1180 5441 ἐσῃ
1214 5371 1475 5444 καθαρὸς,
1516 5369 1650 5423 διότι
1681 5370 1782 5441 τὴν
1812 5371 1920 5442 γῆν

347 5474 449 5527 μου
496 5458 750 5528 ἐμίανας,
798 5461 894 5514 καὶ
938 5461 1028 5514 τὸν
1069 5461 1197 5515 λαόν
1236 5478 1336 5532 μου
1380 5458 1688 5524 ἀπώλεσας.
1724 5462 1798 5515 Οὐ
1843 5461 1917 5533 μὴ

349 5548 536 5623 μείνῃς
567 5554 646 5616 εἰς
681 5552 771 5605 τὸν
807 5552 981 5608 αἰῶνα
1019 5554 1231 5626 χρόνον.
1274 5572 1292 5605 ι
1333 5551 1545 5606 Οὐκοῦν
1598 5554 1917 5625 κατοιχήσε-

416 5723 632 5780 “Joan.
659 5741 813 5786 xvm.
848 5726 933 5780 l2.
1010 5726 1055 5759 ⁸⁷
1084 5727 1184 5782 lsa.
1214 5743 1358 5791 mi,
1398 5727 1478 5781 1'2.
1578 5730 1618 5761 ⁸³
1654 5731 1838 5786 Matth.
1868 5747 1977 5796 xw,
2023 5729 2103 5782 18.

2031 3089 2234 3154 cultum
2269 3097 2472 3159 tegete,
2510 3085 2654 3158 quod
2689 3083 3009 3155 Unigenitus
3073 3083 3233 3137 homo
3279 3080 3453 3134 factus
3502 3079 3603 3132 im-

2030 3181 2218 3252 plevit.
2249 3180 2475 3250 Semper
2497 3177 2643 3233 enim
2675 3175 2855 3231 divina
2884 3173 3168 3244 Scriptura
3199 3170 3410 3241 magnis
3434 3168 3604 3223 idolo-

2031 3274 2206 3339 latris,
2245 3282 2302 3334 et
2337 3285 2402 3330 eo
2443 3269 2796 3324 vehementer
2839 3266 3140 3337 propensis,
3203 3272 3447 3319 catervas
3493 3262 3601 3314 daa-

2031 3379 2247 3420 monum
2318 3371 2374 3419 et
2444 3371 2756 3418 sanctorum
2824 3370 3224 3430 oppugnatores
3301 3355 3622 3412 assimilare

2031 3457 2335 3514 consuevit.
2379 3455 2582 3514 Omnes
2627 3453 2793 3525 igitur
2822 3453 3074 3508 inimicos
3104 3451 3374 3522 perituros
3414 3446 3605 3501 vatici-

2031 3559 2194 3606 natur
2216 3543 2486 3617 Egypliis
2525 3543 2686 3616 245
2725 3551 2780 3599 et
2807 3541 3055 3598 ldumzeis
3083 3548 3441 3609 comparatos.
3480 3537 3603 3590 Fir-

2031 3655 2115 3694 ma
2144 3647 2228 3695 est
2257 3640 2399 3694 enim
2429 3636 2629 3690 Christi
2658 3635 2944 3703 promissio
2971 3634 3036 3686 de
3063 3631 3299 3685 Ecclesia
3334 3647 3344 3681 :
3381 3647 3397 3680 ι
3430 3627 3609 3682 Portae

2031 3733 2188 3790 inferi
2218 3746 2327 3788 non
2356 3725 2723 3796 przevalebunt
2753 3725 3013 3779 adversus
3041 3736 3159 3776 eam
3193 3721 3261 3774 ⁸⁸.
3308 3737 3327 3770 ›
3364 3719 3601 3774 Omnino

2032 3834 2210 3878 autem
2242 3834 2432 3890 pinnas
2473 3823 2747 3887 sumptum
2779 3815 2844 3870 iri
2881 3814 3242 3868 admissorum
3276 3813 3328 3866 in
3360 3811 3606 3866 homines

2032 3923 2085 3970 et
2115 3915 2378 3986 malignas
2403 3919 2722 3982 potestates,
2757 3915 2813 3964 et
2858 3915 3125 3977 quotquot
3168 3905 3272 3962 illis
3308 3905 3456 3974 paria
3489 3906 3606 3959 ausi

2030 4015 2176 4070 sunt,
2207 4017 2296 4060 aut
2323 4005 2390 4059 ad
2425 4003 2735 4059 Graecorum
2785 4012 3002 4054 errores
3032 3998 3294 4066 quosdam
3335 3995 3606 4051 abducen-

2035 4103 2134 4158 tes,
2183 4101 2280 4147 aut
2328 4095 2381 4146 in
2427 4093 2712 4162 reprobum
2759 4101 2978 4143 sensum
3013 4086 3434 4157 praecipitantes,
3477 4085 3603 4139 dum

2030 4197 2286 4255 perversa
2323 4182 2628 4238 consectari
2672 4180 2890 4244 docent,
2933 4175 3219 4231 manifeste
3250 4176 3432 4240 tradit,
3481 4190 3607 4244 pro-

2032 4284 2219 4344 pterea
2250 4273 2604 4346 disperditum
2640 4271 2705 4325 iri
2742 4269 2954 4334 dicens,
3000 4268 3092 4338 qui
3143 4267 3274 4322 Sion
3322 4281 3600 4337 oppugna-

2031 4375 2177 4434 runt,
2207 4357 2680 4436 quia'sanguinem
2718 4363 3062 4418 innocentem
3089 4359 3401 4422 effuderint,
3428 4368 3484 4414 et
3523 4359 3604 4413 in-

2033 4459 2388 4515 tolerabiliter
2437 4457 2577 4512 lllios
2616 4455 2754 4511 Juda
2802 4455 3139 4519 vexaverint,
3185 4453 3290 4507 hoc
3343 4460 3447 4515 est,
3478 4466 3606 4504 san-

2029 4560 2168 4615 ctos,
2209 4549 2344 4605 ﬁlios
2375 4548 2748 4613 confessionis,
2781 4547 3024 4602 redditur
3058 4545 3203 4601 enim
3221 4540 3414 4604 ludas,
3434 4561 3453 4593 ι
3483 4555 3607 4595 con-

2030 4641 2220 4697 fessio.
2264 4659 2284 4695 ι
2319 4641 2590 4696 Caeterum
2623 4639 2820 4695 alicubi
2851 4639 3014 4694 etiam
3041 4650 3071 4690 a
3101 4635 3210 4691 Deo
3245 4633 3458 4689 adlatus
3504 4632 3603 4686 Da-

2030 4735 2117 4789 vid
2145 4733 2209 4789 de
2241 4734 2423 4804 impiis
2450 4741 2625 4790 morte
2647 4732 2840 4788 deletis
2865 4749 2880 4786 :
2916 4750 2934 4783 ι
2963 4729 3252 4797 Quoniam,
3286 4727 3486 4795 inquit,
3517 4741 3603 4779 re-

2026 4827 2247 4896 quirens
2297 4826 2614 4894 sanguinem
2653 4840 2840 4880 eorum
2880 4825 3194 4879 recordatus
3243 4830 3329 4876 est
3361 4820 3427 4872 ³³.
3465 4837 3484 4869 ι
3519 4818 3600 4871 Ad

2027 4917 2283 4973 Satanam
2328 4927 2529 4982 autem,
2563 4925 2622 4972 ut
2668 4919 2720 4970 in
2766 4931 2996 4986 persona
3029 4916 3199 4969 Assur
3244 4920 3596 4967 accusatum:

2031 5027 2049 5061 ι
2097 5011 2560 5077 Quemadmodum
2610 5009 2995 5064 vestimentum
3051 5005 3316 5075 sanguine
3377 5003 3597 5057 mistum

2028 5117 2137 5157 non
2167 5102 2273 5157 erit
2304 5102 2584 5166 mundum,
2614 5100 2692 5156 sic
2721 5114 2820 5154 nec
2851 5108 2905 5152 tu
2942 5099 3173 5153 mundus
3196 5095 3326 5152 eris.
3376 5095 3441 5151 Et
3471 5096 3601 5166 quia

2031 5201 2232 5246 terram
2280 5207 2454 5246 meam
2494 5191 2749 5262 polluisti,
2791 5198 2844 5245 et
2885 5189 3138 5258 populum
3181 5203 3358 5242 meum
3417 5187 3597 5260 perdi-

2029 5281 2180 5346 disti,
2223 5297 2331 5336 non
2383 5282 2628 5336 manebis
2683 5280 2740 5334 in
2788 5280 3175 5346 sempiternum
3226 5279 3294 5334 ⁹⁰.
3351 5297 3371 5330 ι
3414 5277 3596 5348 Itaque

2029 5373 2273 5427 abituros
2302 5371 2356 5425 in
2396 5372 2624 5426 exitium
2658 5371 2836 5426 Sionis
2864 5369 3204 5425 adversarios
3232 5371 3386 5435 dicit,
3418 5379 3473 5424 et
3496 5371 3589 5424 Ju-

2028 5461 2197 5517 dazam
2225 5462 2528 5515 habitatum
2558 5461 2622 5515 iri
2665 5461 2716 5514 in
2747 5459 3158 5528 sempiternum,
3188 5471 3242 5515 et
3290 5459 3590 5516 Jerusalem

2027 5554 2080 5608 in
2115 5554 2497 5623 generationes
2527 5551 2938 5621 generationem
2967 5568 2981 5618 ;
3011 5567 3116 5607 non
3152 5554 3295 5608 illam
3328 5561 3595 5608 vastatam

2184 5728 2224 5757 ⁸³
2258 5725 2394 5780 Ρδ-ιιο
2435 5741 2506 5788 IX.
2546 5725 2625 5777 ιῦο
2702 5726 2746 5756 ⁹⁰
2785 5725 2885 5780 lsa.
2926 5742 3032 5788 τιν,
3072 5729 3151 5786 l9.
3186 5729 3277 5780 ἓξ).
