4054 6274
490 351 592 405 ΗΠ

1490 349 1550 406 S.
1590 349 1864 408 CYRILLI
1901 347 2362 405 ALEXANDRINI
2403 349 2720 406 ARCHIEP.

3544 407 3546 409 ς
3634 347 3739 401 108

487 476 542 518 rt
583 472 829 521 exustam
873 466 1161 539 (siquidem
1219 467 1478 524 Dominus
1529 482 1595 523 ac
1653 468 1796 525 Deus
1847 477 1906 523 ut
1941 469 2054 540 ipsa

2166 467 2284 520 σθαι
2322 469 2420 538 μὲν
2475 468 2562 532 είς
2587 467 2808 540 ὄλεθρον
2837 467 2963 530 τοὺς
2994 469 3059 537 τῇ
3102 464 3240 519 Σιὼν
3285 465 3740 537 πεπολεμηκὸτσς

486 557 709 626 veritas,
741 557 936 614 falsum
977 559 1160 613 dicere
1197 572 1302 613 non
1351 557 1574 630 poteSI),
1624 561 1718 615 sed
1767 575 1890 615 eam
1934 575 2054 629 quae

487 657 670 703 mente
695 648 1174 718 comprehenditur
1195 650 1396 718 potius,
1425 651 1702 707 ctelestem
1729 649 2051 716 Jerusalem,

486 752 775 807 supernam
806 750 861 794 et
881 738 1117 794 divinam
1145 739 1296 806 Sion,
1328 741 1620 812 gloriosam
1653 751 1709 798 et
1738 742 2054 814 praeclaram

486 827 776 895 civitatem,
808 828 962 898 cuius
1001 828 1222 895 artifex,
1265 838 1322 886 et
1369 829 1685 902 fabricator,
1717 841 1772 889 et
1813 832 2056 888 archite-

485 929 604 974 ctus
653 920 766 989 ipse
797 921 964 986 Deus,
992 921 1046 980 in
1076 936 1237 997 quam
1269 931 1325 982 et
1365 937 1467 984 nos
1501 924 1708 979 utinam
1753 939 1854 1000 per
1896 923 2058 989 Chri—

482 1022 626 1074 stum
657 1015 1061 1083 perveniamus.
1571 1005 1573 1007 ’

2158 558 2328 627 φησί’
2373 558 2868 630 κατοικηθήσεσθαι
2913 558 2970 612 δὲ
3026 557 3128 629 τὴν
3186 553 3446 610 Ἰουδαίαν
3506 558 3585 619 είς
3651 558 3742 610 τὸν

2159 649 2357 712 αἰῶνα,
2392 651 2488 712 καὶ
2524 653 2606 714 εἰς
2641 651 2835 720 γενεὰς
2886 649 3088 719 γενεῶν
3133 649 3236 720 τὴν
3285 647 3642 719 Ἰερουσαλὴμ
3679 650 3739 701 οὗ

2159 741 2257 812 τὴν
2282 740 2758 812 πεπορθουμένην.
2775 742 2870 795 καὶ
2896 739 3391 812 ἐμπεπρησμένην,
3409 741 3568 809 εἴπερ
3592 741 3743 791 ἐστὶν

2161 817 2590 904 ἀναμαρτοεπὴς
2621 833 2650 886 ὁ
2682 831 2886 903 Κύριος
2926 833 3020 886 καὶ
3062 831 3196 895 Θεὸς
3224 833 3300 894 ὡς
3341 829 3602 900 ἀλήθεια,
3644 829 3741 899 τὴν

2163 923 2363 990 νοητὴν
2404 920 2461 973 δὲ
2495 919 2718 990 μᾶλλον,
2745 921 2845 993 τὴν
2875 921 3202 992 ἐπουράνιον
3240 919 3603 991 Ἰερουσαλὴμ
3640 920 3739 991 τὴν

2162 1013 2296 1076 ἄνω,
2321 1011 2416 1066 καὶ
2447 1011 2601 1064 θείαν
2624 1009 2784 1076 Σιὼν,
2825 1011 2925 1082 τὴν
2951 1011 3150 1065 εὐκλεᾶ
3182 1009 3517 1074 καλλίπολιν,
3559 1006 3627 1081 ἦς
3656 1029 3739 1064 τε-

2162 1105 2374 1175 χνίτης,
2417 1104 2509 1159 καὶ
2537 1103 2866 1176 δημιουργὸς
2885 1144 2900 1169 ,
2933 1105 3030 1158 καὶ
3060 1105 3268 1156 τέκτων
3297 1104 3325 1156 ὁ
3354 1102 3489 1167 Θεὸς
3509 1143 3522 1166 ,
3555 1105 3636 1168 εἰς
3673 1106 3738 1175 ἣν

2163 1196 2257 1259 καὶ
2286 1197 2434 1266 ἡμᾶς
2459 1197 2750 1266 ἀφικέσθαι
2778 1197 2988 1267 γένοιτο
3017 1196 3106 1251 διὰ
3130 1194 3389 1266 Χριστοῦ.

1223 1597 1451 1685 ΤΟΥ
1520 1600 1667 1686 ΕΝ
1738 1594 2105 1690 ΑΓΙΟ-ΙΣ
2178 1607 2612 1695 ΠΑἹῬΟΣ
2690 1608 3016 1696 ΗΜΩΝ

831 2119 2134 2243 ΑΡΧΙΕΠΙΣΚΟΠΟΥ
2216 2119 3374 2249 ΑΛΕΞΑΝΔΡΕΙΑΣ

1614 2364 2003 2437 ΕΞΗΓΗΣΙΣ,
2047 2367 2446 2428 mammam
2458 2369 2622 2424 mm

955 2553 1216 2681 ΕΙΣ
1290 2550 1636 2688 ΤΟΝ
1710 2553 2657 2688 ΠΡΟΦΗΤΗΝ
2752 2553 3256 2695 ΑΜΩΣ.

1179 2965 1350 3146 S.
1489 2972 1688 3142 P.
1828 2972 2028 3145 N.
2173 2972 3049 3150 CYBILLI

1619 3289 2088 3355 ALEXANDle
2126 3290 2649 3350 ARCHIEPISCOPI

879 3509 1008 3604 I’N
1105 3506 1424 3600 AMOS
1509 3505 2246 3602 PROPHETAM
2335 3509 3345 3643 COMMENTARIUS,

1729 3727 2126 3781 CONTINBNS
2163 3728 2390 3779 TOMOS
2423 3729 2515 3777 ιν.

909 4061 1684 4158 PROCE‘MIUM‘..

559 4233 599 4288 I.
627 4231 799 4305 246.
830 4234 996 4290 Amos
1037 4235 1154 4291 fuit-
1185 4235 1351 4306 opilio
1383 4237 1685 4307 pastoritiis
1722 4237 1965 4296 moribus
2008 4250 2064 4295 et

488 4327 754 4382 institutis
785 4326 1070 4385 educatus.
1108 4327 1257 4383 Vixit
1289 4331 1341 4384 in
1367 4329 1656 4386 solitudine
1692 4329 1913 4396 Judazze,
1945 4348 2064 4402 quae

486 4434 682 4475 vorsus
713 4427 958 4474 austrum
992 4419 1118 4484 sita,
1164 4435 1336 4488 usque
1387 4422 1455 4475 ad
1513 4422 1651 4477 ﬁnes
1694 4424 1861 4478 maris
1895 4421 2061 4478 Indici

485 4510 747 4578 pertinet,
782 4519 838 4565 et
883 4510 954 4564 ad
987 4509 1262 4566 Persidem
1291 4527 1465 4581 usque
1511 4513 1830 4581 porrigitur,
1866 4515 1918 4569 in
1958 4529 2062 4582 qua

486 4611 684 4669 gentes
732 4616 894 4669 quam
935 4601 1183 4670 plurimae
1239 4613 1512 4672 pascunt:
1551 4613 1637 4657 est
1670 4604 1812 4658 enim
1845 4616 2065 4674 propter

488 4690 924 4759 amplitudinem,
958 4691 1350 4761 irrigationem,
1397 4691 1799 4761 bet-harumque
1835 4695 2064 4750 diversi-

489 4793 654 4839 tatem
684 4783 750 4837 ad
781 4782 964 4838 ovium
996 4798 1186 4853 greges
1216 4783 1436 4840 alendos
1463 4786 1866 4855 percommode.
1891 4787 2063 4844 Natus

488 4885 572 4930 est
602 4874 656 4929 in
685 4875 805 4929 vico
829 4873 1068 4938 Tliecua,
1103 4876 1168 4929 ad
1220 4875 1382 4932 imam
1419 4876 1787 4936 solitudinem.
1823 4878 1888 4933 Et
1925 4894 2060 4948 quo-

490 4968 634 5021 niam
665 4977 786 5023 erat
813 4968 898 5021 vit-
925 4969 1097 5023 bonus
1129 4978 1182 5022 et
1205 4969 1382 5023 omnis
1403 4970 1674 5038 aequitatis
1703 4985 1912 5039 amans,
1933 4987 2060 5042 pro-

489 5059 685 5127 phetiae
731 5059 922 5130 spiritu
978 5060 1104 5116 inde
1148 5059 1454 5114 cumulatus
1487 5103 1502 5128 ,
1563 5063 1906 5132 prophetavit
1953 5080 2058 5118 non

489 5151 900 5224 Hierosolymis,
965 5152 1062 5208 sed
1100 5152 1240 5206 inter
1266 5165 1358 5206 eos
1392 5151 1484 5220 qui
1534 5155 1839 5222 pecuariam
1891 5155 2060 5211 facie-

489 5245 639 5311 bant,
673 5245 945 5314 principio.
964 5243 1243 5299 hominum
1280 5259 1390 5298 sua:
1414 5244 1590 5315 gentis
1624 5255 1677 5298 et
1708 5245 2061 5314 professionis

488 5351 677 5391 curam
721 5353 1033 5407 capessens.
1069 5336 1277 5394 Deinde
1339 5337 1391 5390 in
1449 5336 1618 5405 ipsam
1666 5338 1854 5396 Bctbel
1889 5341 2056 5396 venit.

2096 4062 2148 4115 B

2092 3905 2164 3916 —

2615 4057 3272 4145 ΠΡΟΟΙΜΙΟΝ.

2240 4239 2320 4290 A'.
2369 4236 2548 4306 Ἀμὼς
2579 4234 2800 4305 γέγονεν
2833 4233 3053 4298 αἰπόλος
3089 4234 3249 4304 ἀνὴρ,
3276 4232 3372 4288 καὶ
3403 4235 3739 4304 ποιμενικοῐς

2171 4328 2317 4383 ἔθεσί
2344 4347 2404 4383 τε
2435 4329 2532 4382 καὶ
2583 4329 2770 4399 νόμοις
2793 4325 3248 4400 ἐντεθραμμένος.
3266 4327 3531 4379 Ἐποιεῖτο
3551 4325 3605 4378 δὲ
3640 4325 3738 4385 τὰς

2170 4420 2450 4492 διατριϐὰς
2488 4423 2545 4474 ἐν
2577 4420 2800 4490 ἐρήμῳ,
2843 4423 2909 4491 τῇ
2950 4419 3085 4489 πρὸς
3133 4418 3283 4472 νότον
3324 4418 3424 4489 τῆς
3473 4414 3736 4471 Ἰουδαίων

2170 4513 2373 4585 χώρας,
2401 4514 2434 4581 ἦ
2467 4511 2658 4583 μέχρις
2695 4511 2836 4581 ὅρων
2869 4511 3043 4582 διήκει
3071 4509 3345 4581 θαλάσσης
3375 4509 3473 4579 τῆς
3497 4506 3738 4576 Ἰνδικῆς,

2170 4607 2266 4661 καὶ
2303 4609 2380 4669 είς
2421 4605 2517 4676 τὴν
2566 4604 2792 4676 Περσῶν
2842 4605 3138 4657 ἐκτείνεται
3178 4603 3304 4672 γῆν,
3348 4599 3518 4672 μυρία
3550 4599 3607 4653 δὲ
3645 4599 3742 4651 ὅσα

2172 4695 2460 4767 βαρϐάρων
2503 4695 2634 4766 γένη
2691 4693 2861 4765 αὐτὴν
2897 4693 3337 4758 καταϐόσκεται,
3381 4692 3493 4762 ἔχει
3532 4690 3590 4742 δὲ
3625 4688 3742 4749 λίαν

2170 4787 2489 4858 ἐπιτηδείως
2518 4787 2596 4848 είς
2625 4787 2686 4838 τὸ
2713 4785 2934 4856 τρέφειν
2955 4783 3214 4845 δύνασθαι
3244 4781 3342 4845 τὰς
3372 4779 3499 4833 οἰῶν
3523 4780 3741 4849 ἀγέλας.

2173 4880 2480 4950 ’Ἐμϐροχος
2509 4877 2639 4949 γὰρ,
2670 4879 2766 4933 καὶ
2815 4877 3064 4938 πλατεῖα,
3101 4875 3196 4928 καὶ
3237 4873 3508 4927 πολυειδεῖ
3536 4873 3601 4941 τῇ
3640 4869 3746 4939 πόᾳ

2169 4967 2608 5038 κατεστεμμένη.
2637 4963 2745 5021 Ἦν
2772 4967 2828 5020 δὲ
2880 4968 2908 5020 ὁ
2960 4964 3140 5036 Ἀμὼς
3174 4966 3235 5017 ἐκ
3279 4963 3481 5016 Θεκουὲ
3531 4959 3742 5031 κώμης,

2169 5061 2305 5133 πρὸς
2332 5061 2514 5123 αὐτοῖς
2543 5059 2801 5130 κειμένης
2824 5061 2934 5122 τοῖς
2967 5058 3066 5128 τῆς
3093 5058 3302 5128 ἐρήμου
3337 5050 3745 5120 ποσίν.Ἐπειδὴ

2167 5155 2224 5208 δὲ
2250 5151 2318 5224 ἦν
2350 5152 2488 5223 ἀνὴρ
2516 5153 2720 5221 ἀγαθὸς
2743 5192 2756 5216 ,
2793 5153 2888 5204 καὶ
2928 5151 3110 5221 πάσης
3150 5148 3452 5212 ἐπιεικείας
3481 5147 3743 5219 ἐργάτης,

2167 5245 2230 5299 τὸ
2272 5247 2370 5316 τῆς
2412 5245 2749 5317 προφητείας
2779 5245 2940 5308 εὐθὺς
2984 5243 3343 5297 κατεπλούτει
3378 5241 3618 5312 πνεῦμα,
3653 5238 3747 5299 καὶ

2168 5340 2542 5412 προεφήτευεν
2576 5339 2674 5392 οὐκ
2704 5341 2760 5391 ἐν
2799 5341 2909 5401 τοῖς
2953 5337 3380 5410 Ἰεροσολύμοις,
3411 5335 3528 5390 ἀλλ’
3563 5337 3621 5387 ἐν
3649 5332 3748 5386 αὒ-

489 5428 626 5481 Nam
661 5427 876 5484 Thecue
908 5445 1010 5485 non
1044 5429 1202 5495 Juda,
1254 5428 1350 5484 sed
1381 5444 1544 5498 regno
1585 5429 1842 5498 Epliraim
1886 5432 2059 5486 conti-

2166 5434 2278 5495 τοῖς
2306 5433 2396 5484 ἐπὶ
2433 5435 2546 5496 τοῖς
2575 5432 2872 5502 ποιμνίοις,
2908 5434 2965 5482 ἐν
2997 5431 3194 5501 ἀρχαῖς
3217 5430 3328 5483 τῶν
3366 5429 3426 5495 ἐξ
3456 5427 3646 5490 ἔθνους
3685 5441 3747 5478 τε

489 5519 746 5577 nobatur.
782 5516 858 5572 lta
885 5534 1008 5576 esse
1031 5519 1174 5574 facili
1215 5521 1434 5590 negotio
1456 5521 1620 5574 etiam
1643 5536 1706 5577 ex
1746 5521 1916 5591 ipsius
1946 5539 2065 5578 ver-

492 5609 577 5664 bis
615 5605 930 5678 planissime
978 5623 1290 5678 cognosces.
1330 5611 1498 5682 247
1530 5611 1878 5682 Prophetavit
1919 5616 2063 5668 enim

492 5703 546 5760 in
574 5698 780 5762 Betliel,
807 5708 862 5750 ut
896 5699 1031 5764 dixi,
1057 5699 1376 5766 dissipatum
1422 5703 1486 5755 iri
1523 5717 1648 5759 aras
1684 5705 1852 5766 risus,
1887 5715 1941 5758 et
1963 5704 2063 5760 de-

396 5844 408 5857 ,
494 5795 729 5857 lecturas
757 5790 1100 5846 caerimonias
1132 5789 1314 5845 Israel.
1350 5791 1546 5865 Adjicit
1573 5794 1657 5848 his
1694 5814 1703 5847 :
1746 5815 1763 5847 (
1802 5795 1863 5849 Et
1912 5798 2060 5851 exci-

2163 5520 2348 5583 αὑτοῦ,
2397 5522 2490 5574 καί
2544 5520 2774 5591 μελέτης
2817 5520 3074 5590 ἐχόμενος
3128 5519 3568 5590 φροντισμάτων.
3610 5513 3746 5575 Εἶτα

2165 5617 2254 5670 καὶ
2282 5619 2360 5680 είς
2392 5617 2561 5686 αὐτὴν
2597 5615 2931 5686 ἀφικόμενος
2963 5613 3060 5686 τὴν
3091 5613 3314 5684 Βαιθήλ.
3355 5615 3463 5666 Καὶ
3487 5611 3596 5683 γὰρ
3623 5607 3690 5680 ἧν
3718 5611 3747 5664 ὀ

2164 5707 2394 5772 Θεκουὲ,
2427 5709 2526 5778 οὐχ
2555 5707 2659 5767 ὑπὸ
2682 5707 2784 5779 τὴν,
2817 5706 3074 5766 Ἰουδαίαν
3107 5706 3329 5776 μᾶλλον,
3359 5703 3473 5758 ἀλλ’
3508 5703 3618 5766 ὑπὸ
3643 5701 3746 5773 τὴν

2177 5798 2416 5867 Ἐφραῖμ
2460 5799 2760 5867 βασιλείαν.
2813 5799 2937 5852 "Oti.
2974 5798 3030 5852 δὲ
3075 5797 3293 5872 ἀληθεῖς
3338 5796 3472 5865 ἡμῖν
3511 5795 3562 5848 οί
3614 5792 3744 5867 περὶ
