4054 6274
337 366 454 427 sos

1286 371 1835 431 COMMENTARIUS
1872 375 1936 430 IN
1976 375 2164 432 ΔΜοὸ
2198 375 2640 433 PROI‘IIETAM.

3477 382 3584 440 410

341 462 552 517 τούτων
575 461 830 531 γεγόνασι
858 462 1025 532 λόγοι,
1053 465 1418 537 καταθρήσεις
1455 470 1684 535 ἀκονιτὶ,
1705 473 1800 525 καὶ
1821 472 1891 526 διὲ

2013 472 2136 527 tabo
2157 487 2320 542 super
2346 473 2562 528 domum
2607 469 2895 527 Jeroboam
2937 467 3174 542 gladiuin
3201 473 3268 524 ".
3299 470 3341 523 ἰ
3387 471 3584 530 Sacer-

344 556 458 609 τῶν
488 553 648 610 αὑτοῦ
682 555 1146 628 πληροφορηθήσῃ
1183 557 1374 628 λόγων.
1421 561 1768 632 Προεφήτευε
1811 563 1911 634 μὲν

347 646 458 718 γὰρ
478 647 536 700 ὲν
557 645 783 715 Βαιθὴλ,
808 646 884 709 ὡς
909 648 1066 716 ἔφην,
1091 649 1559 722 ἀφανισθήσεσθαι
1581 652 1756 720 λέγων
1785 655 1910 719 τοὺς

346 733 566 806 βωμοὺς
593 733 688 788 τοῦ
715 735 973 803 γέλωτος,
1001 737 1458 810 ὲρημωθήσεσθαι
1485 739 1542 794 δὲ
1575 742 1790 806 καὶτὰς
1821 761 1911 796 τε·

340 825 503 887 λιτὰς
525 824 622 878 τοῦ
660 826 908 898 Ἰσραήλο
933 826 1028 880 καὶ
1056 827 1120 899 δὴ
1155 829 1364 892 τούτοις
1400 831 1729 902 προστιθεὶς,
1770 833 1912 888 «Καὶ

337 917 716 988 ἀναστήσομαι
745 917 838 970 ἐπὶ
865 917 956 970 τὸν
983 913 1131 972 οἶκον
1172 919 1454 992 Ίεροὸοὰμ
1487 923 1546 974 ὲν
1577 924 1840 994 ῥομφαίᾳ.
1883 943 1904 978 ›

349 1009 410 1062 '0
464 1008 523 1061 δέ
555 1024 620 1076 γε
662 1008 764 1078 τῆς
813 1007 1011 1080 Βαιθὴλ
1057 1009 1237 1079 ἱερεὺς
1278 1010 1561 1081 Ἀμασίας.
1611 1009 1777 1078 Οὗτος
1812 1012 1908 1068 οὖν

335 1097 594 1168 ἑπέτριζε
638 1096 717 1167 τῷ
762 1097 1020 1170 προφήτῃ
1063 1100 1190 1161 τοὺς
1229 1099 1467 1164 ὀδόντας.
1521 1097 1654 1156 Εἶτα
1700 1103 1908 1175 πέμπει

335 1187 478 1258 πρὸς
511 1186 795 1258 Ἰεροῦοὰμ
834 1187 1061 1257 βασιλέα
1109 1189 1344 1262 Ἰσραὴλ,
1381 1190 1585 1259 λέγων’
1625 1212 1644 1244 ι
1672 1194 1908 1266 Συστροο

336 1279 447 1348 φὰς
471 1281 706 1333 ποιεῖται
733 1281 874 1333 κατά
900 1277 994 1333 σοῦ
1041 1279 1221 1356 Ἀμδς
1247 1283 1307 1336 ὲν
1339 1284 1486 1356 μέσῳ
1511 1285 1647 1356 οῐκῳ
1672 1287 1904 1358 Ἰσραὴλ,

334 1371 402 1425 οὐ
425 1371 502 1442 μὴ
529 1369 756 1441 δύνηται
782 1373 816 1442 ἡ
843 1370 916 1440 γῆ
948 1370 1267 1441 ὑπενεγκεῖν
1299 1374 1548 1441 ἅπαντας
1567 1379 1693 1442 τοὺς
1715 1378 1906 1447 λόγους

335 1463 505 1516 αὐτοῦ
524 1479 538 1494 ⁸
568 1463 704 1516 διότι
737 1463 864 1517 τάδε
894 1463 1042 1534 λέγει
1082 1463 1292 1535 ’Δμὼςιο
1321 1467 1410 1520 Ἐν
1443 1468 1690 1540 ῥομφαίᾳ
1721 1469 1906 1528 τελευ-

334 1553 494 1624 τήσει
531 1552 832 1625 Ἰεροὸοὰμ,
855 1557 883 1609 ὁ
918 1557 1204 1628 δέ’ῐσραὴλ
1235 1560 1578 1630 αἰχμάλωτος
1607 1561 1906 1634 ἀχθήσεται

336 1647 447 1701 ἀπὸ
476 1648 575 1716 τῆς
603 1647 705 1716 γῆς
729 1647 912 1702 αὑτοῦ.
939 1649 1048 1702 Καὶ
1077 1644 1228 1702 εἶπεν
1252 1651 1515 1720 Ἀμασίας
1539 1651 1676 1722 πρὸς
1701 1654 1900 1725 Ἀμώςο

348 1737 408 1790 '0
432 1737 573 1806 ὀρῶν
611 1737 796 1806 βάδιζε
826 1739 892 1790 ὲκ
929 1737 1113 1808 χώρας
1147 1739 1227 1802 είς
1268 1740 1372 1809 γῆν
1415 1739 1607 1807 Ἰοῦδα,
1646 1745 1742 1796 καὶ
1787 1744 1906 1796 ἐκεῖ

2013 567 2110 621 dos
2135 576 2312 620 autem
2343 565 2529 620 Bethel
2559 565 2803 619 Amasias
2864 564 3138 634 propheta:
3163 563 3354 618 dentes
3379 568 3581 620 cont-ri-

2012 657 2112 722 vit,
2142 671 2302 725 quem
2336 665 2518 724 postea
2549 657 2614 708 ad
2643 653 2928 710 Jeroboam
2977 670 3158 726 regem
3198 655 3364 711 Israel
3411 656 3578 722 misit,

2010 761 2132 802 cum
2179 749 2284 802 hoc
2327 748 2557 801 nuntio:
2599 765 2619 798 ι
2659 747 3074 817 Conjurationes
3128 746 3259 804 facit
3295 757 3482 804 contra
3529 759 3583 804 te

2011 838 2177 893 Amos
2225 839 2278 892 in
2325 838 2504 893 medio
2555 839 2748 892 domus
2801 838 2994 904 Israel,
3042 853 3151 894 non
3199 841 3398 910 poterit
3437 849 3582 894 terra

2008 927 2234 984 suﬂ'erre
2286 943 2476 984 omnes
2529 942 2808 984 sermones
2861 929 2998 996 ejus.
3075 931 3209 999 Quia
3272 933 3385 987 haec
3449 931 3582 986 dicit

2007 1021 2175 1076 Amos
2205 1038 2219 1074 :
2255 1020 2312 1075 In
2341 1021 2519 1092 gladio
2552 1021 2817 1074 morietur
2847 1019 3156 1085 Jeroboam,
3189 1033 3245 1077 et
3287 1022 3450 1077 Israel
3496 1037 3580 1077 ca-

2007 1112 2185 1179 ptivus
2233 1111 2459 1166 ducetur
2499 1115 2566 1167 de
2611 1121 2756 1166 terra
2790 1127 2908 1168 sua.
2944 1113 3012 1168 Et
3059 1115 3195 1168 dixit
3231 1115 3481 1170 Amasias
3509 1117 3580 1171 ad

2007 1203 2173 1256 Amos
2205 1219 2220 1257 :
2257 1200 2482 1267 Videns,
2527 1201 2686 1267 vade,
2735 1203 2957 1258 discede
2998 1215 3054 1258 tu
3105 1205 3158 1258 in
3189 1213 3385 1266 terram
3415 1205 3575 1274 Juda,

2007 1299 2062 1347 et
2093 1291 2201 1346 illic
2234 1291 2374 1358 vive,
2410 1301 2466 1346 et
2503 1292 2611 1348 illic
2656 1293 3030 1362 prophetabis;
3064 1293 3119 1348 in
3174 1291 3361 1347 Bethel
3396 1302 3576 1347 autem

2010 1399 2115 1439 non
2173 1384 2313 1438 ultra
2362 1383 2584 1452 adjicies
2641 1385 2986 1454 prephetare,
3037 1384 3163 1453 quia
3221 1383 3577 1441 sanctiﬁcatio

2008 1476 2150 1544 regis
2189 1483 2290 1539 est,
2319 1484 2375 1529 et
2403 1475 2595 1529 domus
2635 1474 2782 1544 regni
2808 1483 2911 1528 est.
2945 1473 3012 1528 Et
3053 1473 3384 1542 respondens
3410 1473 3578 1527 Amos

2007 1567 2142 1621 dixit
2171 1565 2238 1620 ad
2266 1566 2542 1620 Amasiam
2573 1583 2587 1620 :
2620 1565 2736 1619 Non
2774 1580 2924 1619 eram
2954 1566 3222 1634 propheta
3247 1579 3370 1634 ego,
3401 1579 3576 1637 neque

2007 1655 2149 1710 ﬁlius
2177 1655 2453 1725 prophetae
2478 1669 2494 1719 ;
2524 1654 2617 1708 sed
2645 1653 2810 1721 epilio
2835 1669 3006 1719 erant,
3040 1655 3296 1709 vellicans
3321 1669 3574 1724 sycomo-

2006 1759 2127 1812 ros;
2155 1752 2210 1800 et
2249 1743 2540 1814 assumpsit
2579 1759 2666 1797 me
2695 1742 2952 1798 Dominus
2992 1745 3060 1798 ab
3089 1745 3300 1798 ovibus.
3341 1745 3407 1798 Et
3436 1747 3574 1799 dixit

337 1827 625 1892 καταόίου,
677 1828 771 1881 καὶ
820 1830 935 1881 ἐκεῖ
985 1829 1402 1900 προφητεύσεις.
1452 1833 1546 1894 Εἰς
1597 1833 1654 1886 δὲ
1702 1832 1891 1905 Βαιθὴ)

2007 1833 2270 1888 Dominus
2292 1836 2358 1888 ad
2395 1847 2521 1888 me:
2553 1831 2706 1888 Vade
2739 1842 2793 1886 et
2821 1834 3078 1903 propheta
3127 1848 3288 1902 super
3320 1835 3572 1903 populum

339 1917 524 1972 οὐκέτι
560 1918 636 1989 μὴ
682 1917 927 1988 προσθῇς
957 1918 1053 1970 τοῦ
1092 1918 1502 1990 προφητεῦσαι,
1539 1923 1620 1975 ὅτι
1659 1923 1904 1994 ἁγίασμα

345 2009 608 2079 βασιλέως
637 2011 775 2074 ἐστὶ,
805 2010 898 2064 καὶ
925 2004 1072 2073 οἷκος
1098 2009 1361 2080 βασιλέως
1383 2012 1498 2064 ἐστι
1552 2013 1648 2066 καὶ
1675 2013 1906 2086 ἀπεκρί-

341 2099 408 2168 θη
446 2098 648 2170 Ἀμὼς,
680 2099 776 2153 καὶ
813 2095 934 2152 εἷπε
973 2099 1109 2171 πρὸς
1147 2099 1432 2172 Ἀμασίαν,
1461 2095 1576 2154 Οὐκ
1601 2102 1744 2175 ήμην
1774 2121 1906 2175 προ-

336 2191 516 2262 φήτης
535 2190 668 2260 ἐγὼ,
696 2190 818 2243 οὐδὲ
847 2191 963 2254 υἱὸς
995 2192 1299 2263 προφήτου,
1323 2193 1439 2246 ἀλλ’
1471 2193 1694 2248 αἰπόλος
1731 2194 1901 2266 ἥμην,

329 2280 529 2344 κνίςων
559 2280 855 2351 συκάμινα,
894 2281 986 2334 καὶ
1025 2279 1254 2334 ἀνέλαϐε
1295 2283 1499 2353 Κύριος
1527 2287 1592 2338 ἐκ
1628 2283 1737 2337 τῶν
1775 2302 1900 2357 προ-

327 2369 528 2425 ϐάτων.
576 2373 686 2425 Καὶ
717 2367 840 2425 εἷπε
895 2373 1098 2444 Κύριος
1133 2373 1271 2444 πρός
1303 2389 1392 2444 με,
1418 2374 1631 2441 Βάδιζε,
1684 2377 1900 2447 προφή-

325 2477 520 2514 τευσον
547 2461 642 2514 ἐπὶ
669 2461 760 2514 τὸν
780 2460 908 2516 λαόν
945 2478 1048 2531 μου
1081 2463 1173 2516 τὸν
1210 2462 1444 2534 Ἰσραήλ.
1487 2481 1507 2514 ι
1549 2463 1794 2534 Ετληπτο
1827 2465 1895 2536 δὴ

2006 1939 2185 1980 meum
2219 1925 2384 1980 Israel
2407 1925 2475 1978 θ’.
2514 1943 2534 1976 ι
2565 1925 2888 1993 Assumptus
2921 1935 3003 1979 est
3031 1925 3194 1994 igitur
3217 1926 3283 1978 de
3313 1925 3574 1994 gregibus

2003 2015 2208 2079 ovium,
2244 2025 2300 2070 et
2339 2016 2682 2084 prophetavit
2723 2015 2776 2069 in
2816 2014 3022 2081 Bethel,
3075 2015 3164 2068 ubi
3212 2016 3462 2084 deposuit
3499 2017 3574 2068 vi-

2005 2105 2195 2160 tulum-
2230 2118 2456 2160 aureum
2495 2105 2701 2176 primus
2741 2103 3050 2170 Jcroboam,
3107 2105 3249 2159 titius
3286 2105 3459 2160 Nabat
3501 2107 3571 2163 ”.

2004 2196 2144 2252 Puto
2174 2197 2277 2252 hoc
2308 2197 2473 2252 etiam
2507 2211 2685 2267 opera
2720 2198 2949 2265 pretium
2991 2196 3154 2258 scire,
3183 2196 3346 2250 alium
3405 2195 3574 2250 fuisse

2004 2287 2194 2351 Amos,
2221 2297 2430 2357 patrem
2469 2287 2642 2344 Isaiae.
2677 2287 2819 2355 Quid
2859 2296 3054 2341 autem.
3087 2295 3142 2340 et
3182 2299 3346 2356 super
3374 2287 3576 2355 quibus

2005 2386 2122 2434 toto
2151 2378 2294 2434 libro
2314 2381 2672 2450 prophetarit,
2699 2380 2764 2434 ad
2801 2377 3138 2449 propositum
3174 2379 3441 2449 aggressi,
3472 2392 3572 2446 pro

2005 2468 2259 2526 facultate
2280 2471 2798 2526 demonstrabimus.

325 2546 421 2603 οὖν
451 2553 514 2603 ὲκ
546 2551 831 2620 ποιμνίων,
870 2552 966 2604 καὶ
1000 2554 1372 2624 προεφήτευεν
1407 2554 1468 2606 ὲν
1507 2553 1735 2624 Βαιθὴλ,
1763 2555 1823 2608 ὲν
1860 2550 1896 2629 ᾖ
1930 2556 2027 2611 καὶ
2089 2558 2325 2630 δάμαλιν
2376 2560 2610 2614 ἀπέθετο
2649 2564 2857 2633 χρυσῆν
2901 2563 2929 2616 ό
2963 2561 3184 2634 πρῶτος
3220 2557 3505 2631 Ἱεροϐοὰμ
3539 2560 3570 2611 ό

327 2642 518 2696 Ναὸάτ
552 2644 685 2705 υἱός.
731 2645 1204 2716 Ἐπισημήνασθαι
1265 2647 1321 2700 δὲ
1367 2648 1590 2700 κάκεῖνο
1632 2643 1787 2717 οἶμαι
1821 2665 1927 2704 που
2000 2654 2290 2725 χρήσιμον,
2336 2655 2412 2719 ὡς
2454 2655 2644 2728 ἔτερος
2686 2654 2756 2725 ἦν
2807 2656 2989 2726 Ἀμὼς
3024 2658 3054 2710 ό
3098 2656 3320 2710 Ἡσαΐου
3359 2655 3566 2723 πατήρ.

327 2734 489 2795 Τίνες
523 2749 587 2801 γε
624 2734 730 2803 μὴν
758 2734 854 2786 καὶ
885 2737 977 2788 επὶ
1004 2735 1147 2789 τισιν
1208 2735 1346 2796 ὅλως
1375 2736 1426 2788 oi.
1489 2735 1622 2809 παρ’
1658 2737 1824 2792 αὑτοῦ
1897 2742 2152 2810 γεγόνασι
2189 2744 2358 2814 λόγοι,
2383 2745 2491 2799 τῶν
2563 2747 2940 2817 προκειμένων
2984 2747 3253 2819 ἁψάμενοι
3287 2745 3568 2816 σαφηνιοῦ-

334 2842 436 2897 μεν
474 2824 548 2888 ὼς
583 2825 681 2878 ενι.
738 2831 748 2840 “

645 2948 1025 3037 ΤΟΜΟΣ
1098 2950 1565 3038 ΠΡΩΤΟΣ.

931 3085 1182 3157 ΚΕΦΛᾸ.
1209 3106 1288 3159 Αν.

388 3215 568 3284 Λόγοι
627 3215 840 3284 Ἀμὼς,
895 3216 954 3269 οἳ
1002 3217 1282 3286 ἐγένοντο
1327 3219 1397 3273 ἐν
1455 3220 1761 3290 Ἀκκαρεὶμ
1818 3219 1888 3274 ἐκ

317 3305 560 3370 Θεκουὲ,
584 3304 690 3371 οὒς
720 3306 848 3359 ιδεν
875 3308 1027 3374 ὑπὲρ
1089 3309 1496 3380 Ἰερουσαλὴμ,
1535 3312 1605 3365 ἐν
1644 3311 1890 3382 ἡμέραις

327 3393 518 3455 Ὄζῖου
535 3395 843 3464 ,ϐασιλέως
866 3398 1073 3462 Ἰούδα,
1095 3400 1191 3453 καὶ
1211 3401 1282 3454 ἐν
1299 3401 1546 3471 ἡμέραις
1578 3402 1886 3472 Ἱεροϐοὰμ,

313 3485 450 3540 υἱοῦ
487 3486 644 3552 ἰωὰς
659 3487 963 3555 ,ϐασιλέως
983 3489 1090 3544 τοῦ
1125 3490 1391 3560 Ἰσραὴλ,
1437 3492 1554 3560 πρὸ
1593 3492 1890 3548 δύοἿξτῶν

313 3577 419 3631 τοῦ
451 3578 728 3646 σεισμοῦ.

384 3657 460 3722 B'.
496 3687 515 3720 ‹
543 3669 707 3738 Λόγοι
772 3671 968 3740 ’Δμὼς,
1002 3672 1051 3724 οἳ
1085 3674 1331 3741 ἐγένοντο
1361 3676 1420 3728 ὲν
1469 3676 1776 3748 Ἀκκαρεὶμ
1821 3675 1887 3730 ἐκ

313 3762 536 3826 Θεκουὲ,
571 3761 664 3826 οὓς
698 3758 834 3816 εἶδεν
883 3765 1027 3832 ὑπὲρ
1067 3765 1441 3837 Ἰερουσαλήμ.
1470 3767 1677 3837 meret,
1707 3770 1892 3842 φησὶν,

326 3852 504 3922 Ἀμὼς
531 3852 622 3905 τοῦ
655 3853 720 3906 ὲκ
763 3854 964 3908 Θεκουὲ
1014 3855 1113 3925 τῆς
1147 3858 1484 3929 προφητείας
1529 3860 1580 3910 oi
1611 3857 1797 3927 λόγοι,
1833 3858 1882 3910 οἳ

313 3940 564 4010 γεγόνασι
595 3945 653 3998 ὲν
696 3945 1018 4016 Ἀκκαρείμ.
1072 3945 1262 4000 Ἰστέον
1303 3948 1379 4009 δὲ,
1410 3949 1491 4000 ὅτι
1548 3948 1644 4019 τὴν
1674 3949 1882 4002 τοιάνδε

311 4030 474 4096 λέξιν,
521 4034 640 4102 ἢτοι
671 4034 732 4086 τὸ
763 4053 780 4084 ι
811 4035 868 4088 ὲν
897 4036 1222 4106 Ἀκκαρεὶμ,
1244 4055 1262 4087 ›
1301 4037 1402 4089 οὐκ
1435 4032 1574 4090 οἶδεν
1605 4039 1741 4101 ὅλως
1777 4039 1883 4092 τῶν

321 4118 585 4193 Ἐϐραίων
611 4125 643 4194 ἡ
672 4123 900 4186 ἔκδοσις.
928 4124 1102 4178 Μόνον
1125 4127 1234 4197 γὰρ
1275 4128 1530 4196 εἰρήκασι
1562 4129 1644 4189 τὸ,
1692 4147 1711 4180 ι
1733 4129 1882 4197 λόγοι

322 4212 502 4283 Ἀμὼς
527 4215 589 4267 ὲκ
616 4214 837 4267 Θεκουέ.
866 4234 883 4266 ι
908 4215 973 4267 Οἵ
987 4231 1049 4282 γε
1079 4215 1184 4285 μὴν
1213 4215 1388 4286 ἕτεροι
1427 4217 1535 4270 τῶν
1558 4218 1883 4288 ἐρμηνευόν-

309 4319 418 4358 των
461 4305 582 4358 ἀντὶ
629 4305 738 4358 τῶν
771 4324 787 4357 ι
809 4307 866 4358 ὲν
907 4307 1211 4377 Ἀκκαρεὶμ
1236 4327 1253 4359 ι
1286 4308 1592 4362 τεθείκασιν
1614 4350 1628 4373 ,
1659 4312 1728 4363 ἐν
1757 4311 1880 4378 τοῖς

306 4393 969 4466 κτηνοτροφειοιςθῦτοι
986 4397 1161 4450 τοίνυν
1172 4401 1218 4450 οἱ
1231 4397 1375 4466 λόγοι
1391 4399 1447 4453 Ἀ
1458 4398 1573 4470 μὼς
1587 4401 1649 4454 ἐκ
1659 4401 1879 4468 Θεκουὲ,

307 4484 526 4550 οἵτινες
551 4487 838 4556 γεγόνασιν
874 4491 930 4540 ὲν
965 4487 1142 4559 καιρῷ
1171 4488 1266 4542 τοῦ
1298 4490 1630 4560 ποιμαίνειν,
1669 4492 1761 4545 ἐπὶ
1786 4493 1882 4546 καὶ

305 4577 496 4640 αὐταῖς
520 4579 625 4631 τῶν
674 4579 964 4649 προϐάτων
1005 4579 1215 4642 αὐλαῖς.
1260 4580 1429 4652 ’Υπὲρ
1475 4581 1531 4634 δὲ
1573 4583 1742 4654 αὐτῆς
1782 4585 1881 4654 τῆς

315 4669 482 4741 Ἱερου
493 4671 625 4741 σαλὴ
635 4690 672 4741 μ
691 4675 790 4725 οὐκ
822 4671 1052 4725 ἀκοῦσαι
1086 4673 1268 4742 μόνον,
1292 4673 1405 4726 ἀλλ’
1424 4675 1725 4744 ἑωρακέναι
1747 4678 1880 4746 φησὶ

301 4761 430 4824 τοὺς
449 4762 658 4829 λόγους.
685 4764 928 4835 Ἐμφανῆ
949 4764 1058 4836 γὰρ
1080 4766 1190 4827 τοῖς
1217 4765 1523 4835 προφήταις
1545 4768 1878 4837 κατέστησεν

301 4856 331 4906 ὁ
363 4853 496 4916 Θεὸς
529 4852 660 4922 ὀμοῦ
697 4857 813 4918 ταῖς
860 4855 1236 4925 ἀποκαλύψεσι
1293 4859 1574 4926 μονονουχὶ
1617 4858 1710 4911 καὶ
1738 4857 1877 4911 αὐτὰ

301 4944 549 5016 παρόντα
571 4943 640 4996 τὰ
667 4946 982 5015 πράγματα,
1015 4946 1154 4999 ὥστε
1186 4947 1360 4999 δοκεῖν
1393 4947 1486 5000 καὶ
1515 4949 1645 5018 ὁρᾷν
1660 4948 1726 5000 αὐ
1749 4948 1874 5011 τοὺς

301 5034 401 5104 ἥδη
433 5033 563 5103 πρὶν
583 5033 832 5100 γενέσθαι
862 5037 986 5098 τοὺς
1003 5035 1213 5103 λόγους,
1241 5035 1567 5107 συνθεούσης
1602 5037 1744 5107 τάχα
1769 5052 1872 5090 που

300 5127 402 5194 τῆς
433 5125 544 5178 τῶν
581 5125 963 5196 ἐκϐησομένων
989 5127 1137 5191 θέας,
1171 5127 1252 5191 οἷς
1283 5127 1349 5181 ἂν
1381 5128 1512 5198 λέγῃ
1544 5128 1697 5192 Θεός.
1727 5129 1873 5199 Πλὴν

301 5218 478 5270 ἐκεῖνο
508 5217 788 5286 ζητήσεως
819 5216 986 5282 ἄξιον,
1019 5219 1132 5282 πῶς
1155 5219 1263 5289 γάρ
1285 5218 1348 5271 ἄν
1373 5235 1456 5280 τις
1485 5217 1689 5289 οἰηθείη
1715 5219 1870 5286 γενέ-

304 5312 425 5361 σθαι
457 5310 582 5371 τοὺς
615 5308 806 5375 λόγους
835 5309 975 5378 ὑπέρ
1009 5326 1072 5377 γε
1121 5311 1222 5380 τῆς
1270 5309 1620 5382 Ἰερουσαλὴμ
1672 5311 1830 5380 μόνον
1854 5351 1868 5374 ,

301 5400 476 5453 mito:
515 5401 602 5454 διὰ
632 5401 728 5470 τῆς
762 5398 927 5454 αὑτοῦ
959 5399 1048 5452 τοῦ
1085 5402 1359 5471 προφήτου
1380 5400 1566 5468 φωνῆς
1587 5404 1868 5456 καταιτιᾶ-

296 5510 390 5545 ται
420 5493 549 5555 Θεὸς
583 5493 672 5546 τόν
697 5510 757 5544 τε
801 5491 1004 5544 Ἰούδαν
1029 5493 1119 5544 καὶ¹
1147 5492 1238 5544 τὸν
1295 5491 1541 5560 Ἰσραήλ;
1598 5491 1740 5563 Ἔφη
1762 5493 1868 5564 γὰρ

298 5585 492 5646 mihi»:
546 5585 627 5637 ὅτι
676 5603 694 5634 σ
735 5583 876 5636 Τάδε
909 5582 1055 5650 λέγει
1112 5583 1337 5652 Κύριος·
1378 5580 1500 5633 Ἐπὶ
1528 5584 1647 5646 ταῖς
1693 5586 1870 5654 τρισὶν

367 5749 408 5778 ⁹¹
443 5761 606 5814 Amos
633 5775 727 5826 \u,
771 5762 822 5816 9.

2293 2959 2698 3054 TOMUS
2782 2963 3272 3053 PRIMUS.

2246 3119 2255 3129 ‘
2665 3110 2817 3165 CAP.
2859 3110 2897 3168 I.

2067 3220 2228 3277 Vsus.
2262 3222 2315 3276 I.
2347 3221 2619 3278 Sermones
2650 3224 2831 3291 Amos,
2861 3225 2950 3296 qui
2981 3225 3108 3291 facti
3145 3233 3264 3278 sunt
3315 3241 3366 3278 ιη
3395 3225 3561 3280 Acca-

1995 3313 2094 3365 rim
2120 3329 2184 3367 ea:
2212 3312 2430 3379 Thecue,
2460 3330 2589 3384 quos
2612 3315 2740 3368 vidit
2770 3332 2924 3386 super
2939 3314 3232 3371 Ierusalem
3281 3316 3335 3370 in
3383 3317 3564 3371 diebus

1998 3401 2142 3458 Oziw
2173 3405 2304 3474 regis
2322 3402 2488 3469 Iuda,
2513 3417 2560 3460 et
2588 3407 2641 3459 in
2675 3406 2856 3460 diebus
2885 3406 3164 3463 Jeroboam
3185 3408 3284 3476 ﬁlii
3309 3407 3440 3462 Joas
3483 3423 3566 3464 rs-

1991 3497 2070 3564 gis
2109 3494 2296 3562 Israel,
2333 3506 2453 3552 ante
2477 3499 2608 3552 duos
2636 3513 2799 3552 annos
2821 3509 2972 3553 terra
3005 3506 3196 3555 motus.

2062 3672 2123 3728 II.
2159 3693 2176 3725 ι
2201 3672 2489 3728 Sermones
2518 3675 2704 3738 Amos,
2724 3674 2812 3740 qui
2840 3673 2965 3726 facti
2997 3682 3119 3728 sunt
3142 3673 3195 3726 in
3221 3673 3467 3725 Accarim
3494 3687 3560 3726 ex

1992 3761 2228 3826 Thecue,
2264 3775 2398 3828 quos
2447 3759 2577 3813 vidit
2608 3773 2766 3827 super
2791 3758 3111 3814 Jerusalem.
3149 3777 3167 3809 ι
3199 3758 3263 3811 Hi
3291 3768 3434 3825 sunt,
3478 3760 3561 3813 in—

1991 3852 2130 3920 quit,
2161 3865 2440 3906 sermones
2492 3851 2790 3921 prophetici
2836 3851 3000 3906 Amos
3065 3849 3416 3916 Thecuensis,
3467 3852 3560 3920 qui

1991 3944 2118 3997 facti
2165 3953 2290 3998 sunt
2339 3944 2390 3998 in
2445 3946 2713 3998 Accarim.
2775 3941 3064 3998 Sciendum
3108 3950 3191 3996 est
3252 3939 3562 4010 liujusmodi

1991 4049 2194 4097 vocem,
2234 4052 2252 4085 ι
2297 4037 2350 4090 in
2401 4035 2672 4101 Accarim,
2741 4053 2760 4087 ι
2800 4035 2868 4088 ab
2927 4032 3271 4089 Hebraeorum
3325 4034 3560 4088 editione

1989 4141 2212 4197 prorsus
2237 4127 2446 4194 abesse,
2489 4129 2540 4181 in
2563 4135 2889 4196 quatantum
2920 4133 3002 4179 est
3041 4125 3126 4179 bis
3161 4123 3360 4188 verbis,
3387 4143 3406 4174 ‹
3439 4138 3559 4178 ser-

1990 4232 2177 4272 mones
2205 4219 2369 4272 Amos
2412 4232 2478 4272 ex
2518 4216 2756 4272 'I‘hecue.
2786 4235 2804 4269 ›
2840 4215 3289 4284 Aliiinterpretes
3312 4229 3460 4283 pro,«
3505 4214 3556 4267 in

1989 4309 2258 4374 Accarim,
2297 4327 2316 4360 ι
2378 4318 2690 4378 posuerunt,
2751 4310 2809 4362 ἐν
2859 4305 3315 4378 κτηνοτροφείοις,
3366 4306 3415 4359 id
3452 4315 3554 4367 est,

1989 4399 2122 4455 locis
2181 4399 2272 4455 ubi
2323 4407 2563 4453 armenta
2615 4414 2706 4454 seu
2755 4397 3002 4466 jumeuta
3056 4404 3370 4466 pascuntur.
3419 4393 3558 4448 Sunt

1986 4491 2152 4561 igitur
2173 4493 2224 4546 hi
2254 4505 2532 4545 sermones
2571 4491 2736 4546 Amos
2769 4505 2835 4544 ex
2865 4491 3098 4553 Thecue,
3134 4502 3225 4542 seu
3271 4485 3554 4541 Tliecuen-

1978 4583 2079 4649 sis,
2102 4583 2191 4653 qui
2222 4583 2348 4637 facti
2381 4591 2526 4648 sunt,
2547 4597 2653 4652 quo
2679 4592 2918 4651 tempore
2939 4581 3112 4635 adhuc
3135 4589 3403 4648 pastorem
3434 4590 3556 4645 age-

1977 4676 2088 4741 bat,
2122 4684 2173 4730 et
2206 4675 2262 4729 in
2298 4675 2430 4744 ipsis
2473 4675 2655 4728 ovium
2692 4673 2916 4729 stabulis
2962 4673 3075 4726 sive
3130 4670 3320 4739 septis.
3380 4668 3554 4736 Super

1977 4768 2094 4836 ipsa
2131 4777 2311 4821 autem
2340 4764 2642 4821 Jerusalem
2671 4781 2774 4820 non
2835 4764 3049 4818 audisse
3082 4771 3285 4816 tantum
3341 4772 3550 4814 sermo-

1975 4872 2093 4926 nes,
2118 4859 2212 4912 sed
2234 4856 2398 4928 248
2417 4866 2472 4912 et
2489 4856 2687 4911 vidisse
2715 4870 2773 4910 se
2804 4854 2952 4910 dicit.
3009 4853 3149 4909 Deus
3199 4851 3394 4920 quippe
3425 4862 3550 4918 pro-

1987 4949 2162 5018 phetis
2190 4966 2294 5003 una
2338 4965 2458 5004 cum
2506 4948 2925 5004 revelationibus
2975 4961 3062 5002 res
3111 4943 3448 5006 manifesms,
3497 4948 3553 4994 et

1981 5049 2188 5093 tantum
2213 5055 2318 5094 non
2353 5049 2646 5109 praesentes
2670 5039 2818 5106 facit,
2850 5047 2908 5093 ut
2929 5038 3114 5092 videre
3139 5035 3241 5091 sibi
3267 5033 3551 5087 videantur

1979 5145 2277 5195 sermones,
2336 5140 2622 5199 antequam
2680 5130 2829 5194 ﬁant,
2884 5133 3241 5184 concurrente
3302 5122 3550 5178 fortassis

1979 5229 2266 5276 eventuum
2308 5220 2609 5274 futurorum
2637 5220 2753 5273 visu
2794 5233 2916 5273 eum
2955 5219 3041 5273 his
3075 5229 3194 5284 quae
3226 5214 3368 5269 Deus
3392 5211 3545 5266 dixe~

1978 5312 2072 5366 rit.
2100 5310 2365 5365 Caeterum
2389 5311 2518 5366 Illud
2542 5311 3089 5380 qumstionediguum,
3115 5304 3384 5377 quomodo
3432 5304 3547 5359 exi-

1979 5403 2304 5457 stimandum
2341 5403 2510 5456 factos
2568 5416 2692 5456 esse
2719 5415 2994 5456 sermones
3027 5412 3186 5468 super
3250 5394 3544 5451 Jerusalem

1979 5495 2175 5558 solum,
2207 5509 2328 5548 cum
2363 5504 2543 5547 tamen
2563 5507 2698 5546 voce
2731 5491 2898 5560 ipsius
2944 5491 3216 5560 propheta:
3256 5486 3447 5542 Judam
3491 5493 3545 5538 et

1979 5584 2142 5642 Israel
2214 5586 2353 5644 Deus
2406 5583 2657 5641 accuset?
2715 5583 2803 5638 Ait
2836 5583 2976 5640 enim
3016 5581 3343 5650 infrazQuia
3381 5597 3398 5630 ι
3433 5578 3549 5633 haec

932 5760 977 5790 "
1011 5759 1142 5813 Ibid.
1181 5758 1357 5813 IO-IEi.
1434 5759 1481 5790 ’³
1531 5759 1592 5816 Ill
1624 5761 1753 5832 Reg.
1787 5780 1882 5830 xu,
1922 5764 2012 5823 29.
