4054 6274
359 321 468 395 us

1310 322 1854 384 COMMENTARIUS
1895 323 1962 378 IN
1999 321 2184 382 AMOS
2222 321 2668 380 I’ROPIIE’I’AM.

3518 333 3630 386 414

363 442 629 524 βασιλέως
649 439 890 511 Ἰσραὴλ,
910 433 1015 510 πρὸ
1040 436 1129 492 δύο
1157 437 1292 491 ἐτῶν
1323 437 1415 489 τοῦ
1444 433 1688 505 σεισμοῦ.
1728 454 1746 486 ι
1772 434 1924 497 Ἀλλ’,

2033 439 2147 510 jam
2174 435 2605 490 nominatorum‘
2637 445 2881 507 tempora
2933 435 3332 507 indagaverint,
3359 437 3506 497 Ozias
3540 446 3624 498 vi.

359 523 539 606 οἶμαι,
563 531 644 600 τὶς
695 531 829 600 ἐρεῖ,
861 529 974 582 Καὶ
1002 526 1056 580 τί
1094 526 1154 580 τὸ
1183 525 1367 578 τελοῦν
1396 525 1476 588 είς
1508 523 1694 594 ὄνησιν
1720 525 1831 586 τοῖς
1847 523 1936 576 ὲν-

361 623 700 694 τευξομένοις
721 621 782 674 τὸ
816 619 1014 692 χρῆναι
1052 617 1528 689 περιεργάζεσθαι,
1582 615 1676 668 καὶ
1729 613 1937 686 σφόδρα

362 717 570 779 λεπτῶς
591 716 689 785 τῆς
721 713 992 784 βασιλείας
1023 713 1146 776 τοὺς
1168 712 1391 780 χρόνους
1424 708 1535 762 τῶν
1566 707 1767 779 ἀρτίως
1799 707 1936 760 ὠνο-

360 807 678 880 μασμένων,
722 805 899 870 Ὀζίου
956 821 1038 869 τε,
1091 803 1253 873 φημὶ,
1305 801 1400 856 καὶ
1430 800 1609 871 μέντοι
1641 798 1738 855 καὶ.Δ
1774 798 1936 867 Ἰερο-

355 899 538 970 6οάμ;
565 898 679 952 Καὶ
701 896 838 968 πρός
875 912 939 963 γε
986 895 1053 964 δὴ
1093 892 1250 947 τοῦτό
1297 908 1495 961 φαμεν,
1530 887 1696 943 ὅτιτὸ
1743 888 1936 959 χρῆμά

355 993 508 1044 ἐστιν
550 991 868 1057 ἀναγκαῖον,
902 987 1030 1058 ὅλην
1068 984 1256 1055 ὥσπερ
1285 984 1473 1038 ὠδῖνον
1511 983 1595 1052 ἐφ’
1633 981 1810 1051 ἐαυτῷ
1834 982 1935 1050 τῆς

353 1080 698 1155 προφητείας
731 1078 891 1132 οἱονεὶ
911 1078 1009 1148 τὴν
1047 1076 1385 1148 περίστασιν.
1409 1073 1578 1144 Συρίᾳ
1598 1091 1656 1126 τε
1677 1073 1807 1146 γὰρ,
1842 1072 1935 1125 καὶ

351 1171 654 1244 Δαμασκῷ,
685 1170 777 1229 καὶ
822 1171 934 1233 τοῖς
979 1165 1333 1240 προσοικοῦσι
1374 1165 1472 1237 τὴν
1509 1164 1766 1219 Ἰουδαίαν
1791 1165 1934 1233 Βαρι-

351 1262 546 1333 ϐἁροις
575 1259 794 1330 ὀλεθρον
847 1257 1081 1320 ἀπειλεῖ,
1113 1256 1206 1312 καὶ
1234 1255 1652 1324 ἐπαναστάσεις,
1692 1255 1787 1308 καὶ
1830 1255 1934 1324 ἐμ-

352 1351 665 1423 πρησμοὺς,
689 1349 782 1405 καὶ
810 1347 919 1400 τῶν
949 1347 1112 1400 ὁσίων
1156 1345 1648 1418 χρησμῳδημάτων
1687 1343 1936 1398 ἐντεῦθεν

354 1441 506 1513 αὐτῷ
552 1441 774 1508 γέγονεν
824 1439 858 1510 ή
920 1438 1084 1512 ἀρχή.
1120 1438 1214 1490 Δεῖ
1242 1437 1306 1508 δὴ
1355 1432 1446 1490 οὖν
1477 1437 1586 1508 ἄρα
1625 1435 1727 1499 τὰς
1753 1435 1934 1498 αἰτίας

349 1532 653 1606 ᾁναμαθεῖν
712 1531 806 1592 τοῦ
861 1527 1275 1600 προστεθεῖσθαι
1333 1529 1434 1599 τῆς
1490 1527 1768 1598 βασιλείας
1808 1527 1935 1590 τοὺς

351 1626 597 1698 χρόνους,
627 1622 748 1678 τίνα
771 1639 852 1690 τε,
884 1622 977 1676 καὶ
1005 1623 1104 1677 ὅσα
1121 1621 1191 1675 τὰ
1209 1621 1456 1692 ἐκατέρῳ
1482 1618 1892 1692 κατωρθωμένα
1916 1657 1934 1684 ,

349 1719 536 1776 διεϐίω
553 1736 611 1771 τε
637 1718 805 1782 ὅπως,
830 1716 924 1772 καὶΙ
942 1715 998 1770 τί
1021 1715 1083 1770 τὸ
1113 1717 1170 1770 ἐν
1201 1716 1403 1788 ἀμφοῖν
1425 1711 1924 1782 ὰξιάκουστον.Ἒκο

2038 527 2232 582 delicet
2260 537 2319 582 et-
2334 525 2622 583 Jeroboam
2641 527 2667 581 ?
2694 529 3099 599 Respondemus
3127 547 3140 585 :
3175 529 3321 586 Istud
3373 546 3620 590 necessa-

2037 617 2178 672 rium
2203 632 2344 682 esse,
2378 627 2435 673 et
2467 620 2618 688 quasi
2646 622 2825 675 omnia
2857 621 3237 690 ailjuncta,seu
3261 624 3622 681 circumstan-

2039 707 2142 762 tias
2165 710 2462 778 prophetia:
2483 712 2782 766 continere.
2809 710 2980 782 Syria:
3001 714 3170 779 enim,
3224 723 3280 770 et
3321 715 3610 782 Damasco,

2037 811 2092 859 et
2117 803 2480 873 circumjectis
2501 801 2698 859 Iudaeae
2739 805 2987 860 barbaris
3028 808 3348 876 perniciem,
3382 820 3435 866 et
3476 811 3620 866 inva-

2036 893 2234 960 siones,
2265 903 2317 948 et
2347 894 2662 950 exustiones
2709 895 2968 960 minatur,
3013 908 3435 971 sanctorumque
3485 905 3621 958 vati-

2036 984 2443 1041 cinioruminde
2475 985 2802 1056 principium
2836 987 3020 1040 sumit.
3049 988 3456 1057 Cognoscentlte
3489 1006 3618 1049 sunt

2037 1076 2208 1146 igitur
2236 1089 2434 1143 causae,
2458 1090 2562 1131 cur
2587 1077 2738 1145 regni
2767 1086 3006 1144 tempora
3033 1083 3365 1148 apposuerit,
3399 1095 3454 1139 et
3476 1101 3619 1153 qna:-

2034 1181 2160 1220 nam
2215 1174 2269 1221 et
2292 1173 2421 1235 quot
2456 1167 2672 1237 utrique
2711 1177 2858 1223 recte
2889 1167 3051 1231 facta,
3081 1179 3132 1224 ct
3155 1175 3424 1239 quomodo
3455 1179 3616 1232 vitam

2035 1257 2334 1323 exegerint,
2353 1267 2406 1313 et
2421 1258 2464 1313 si
2483 1259 2610 1327 quid
2625 1257 2688 1314 de
2712 1260 2974 1314 ambobus
2995 1260 3326 1316 auditionem
3355 1276 3614 1322 meretur.

2036 1346 2326 1419 Postquam
2362 1348 2528 1418 igitur
2547 1349 2614 1403 ad
2637 1351 2962 1417 apostasiam
2999 1351 3340 1410 deﬂuxerunt
3364 1355 3527 1412 Israel
3557 1369 3616 1414 et

2035 1435 2218 1504 ludas,
2251 1437 2433 1495 multis
2460 1440 2636 1495 modis
2669 1440 2723 1495 in
2757 1454 2854 1496 eos
2903 1442 3336 1500 animadversum
3375 1457 3475 1503 est.
3504 1449 3616 1504 Ali-

2035 1527 2250 1598 quando
2273 1531 2418 1584 enim
2447 1530 2698 1587 Damasci
2719 1540 2773 1587 et
2815 1531 2988 1604 Syrias
3031 1535 3305 1606 principes
3353 1539 3470 1596 illos
3538 1543 3617 1596 in-

1997 1628 2346 1687 -cursarunt,
2369 1634 2664 1693 eorumque
2711 1623 2876 1678 urbes
2923 1624 3251 1681 obsederunt
3306 1639 3360 1685 et
3406 1632 3629 1702 praedas.

2034 1718 2276 1778 egerunt.
2330 1710 2636 1780 Aliquando
2682 1710 2952 1778 Moabitae,
3021 1722 3077 1769 et
3141 1715 3385 1781 ldumaai,
3465 1720 3615 1776 Ger-

351 1807 667 1870 κεκλικότες
705 1807 770 1878 δή
814 1801 908 1864 οῦν
953 1807 1034 1868 είς
1084 1806 1384 1860 ἀπόστασιν
1420 1806 1448 1859 δ
1481 1823 1539 1859 τε
1585 1805 1800 1877 Ἰσραὴλ
1829 1803 1924 1857 καὶ

2027 1800 2208 1871 geseni
2230 1809 2284 1856 et
2333 1800 2598 1868 Elamitaa,
2673 1803 2852 1859 Azotii
2903 1813 2960 1860 et
3020 1806 3368 1862 Accaronitas
3418 1808 3615 1866 Sama-

364 1897 564 1961 Ἰούδας
594 1896 736 1952 κατὰ
757 1895 985 1960 πολλοὺς
1004 1896 1352 1950 ἐπαιδεύοντο
1381 1895 1632 1968 τρόπους.
1655 1893 1795 1954 Ποτὲ
1829 1893 1928 1964 μὲν

355 1988 456 2059 γὰρ
477 1988 528 2041 οἱ
556 1985 870 2058 Δαμασκοῦ,
895 1986 990 2040 καὶ
1021 1984 1208 2056 Σύρων
1231 1985 1366 2058 ήγού
1375 2004 1548 2057 μενοι,
1573 1986 1924 2056 κατέτρεχον,

351 2081 441 2139 καί
469 2079 821 2151 ἐπολιόρκουν
857 2077 957 2142 τὰς
1005 2079 1136 2150 παρ’
1165 2078 1346 2142 αὐτοῖς
1366 2119 1381 2144 ,
1415 2079 1509 2130 καὶ
1547 2073 1928 2147 κατεληΐζοντο

345 2169 566 2241 χώρας·
630 2169 764 2224 ποτὲ
821 2169 879 2223 δὲ
935 2165 1002 2224 αὗ
1057 2169 1376 2234 Μωαϐῖται,
1439 2168 1534 2222 καὶ
1601 2167 1923 2238 Ἰδουμαῖοι,

346 2261 676 2333 Γεργέσηνοί
712 2278 774 2314 τε
826 2261 921 2314 καὶ
988 2260 1290 2332 Ἐλαμῖται,
1342 2257 1590 2325 Ἀζώτιοί
1628 2276 1688 2312 τε
1724 2260 1820 2312 καὶ
1874 2258 1924 2310 οἱ

344 2355 443 2423 τῆς
487 2353 732 2426 ’Δκαρὼν
755 2355 1036 2427 οἰκήτορες
1064 2355 1419 2428 κατῃκίζοντο
1444 2353 1541 2424 τὴν
1568 2353 1883 2424 Σαμάρειαν
1903 2389 1923 2416 ,

345 2449 440 2502 καὶ
476 2447 573 2518 μέν
623 2465 705 2500 τοι
760 2448 854 2500 καὶ
905 2447 1002 2519 τὴν
1046 2447 1218 2502 Ἰούδα
1276 2445 1586 2517 βασιλείαν,
1646 2444 1923 2515 ἀχαλίνοις

345 2541 566 2612 ὁρμαῖς,
626 2540 719 2595 καὶ
775 2539 1037 2611 ἀπλήστῳ
1084 2539 1276 2611 γνώμῃ
1329 2539 1636 2612 χρώμενοι,
1698 2539 1792 2592 καὶ
1839 2538 1922 2602 εἰς

344 2629 582 2699 ἐσχάτας
629 2629 797 2698 ὀργὰς
826 2630 1035 2684 ἁποταυ
1046 2629 1312 2700 ρούμενοι.
1337 2631 1449 2685 Καὶ
1476 2629 1607 2699 γοῦν
1630 2628 1772 2683 κατὰ
1801 2628 1922 2682 δια-

349 2719 550 2790 φόρους
602 2721 803 2783 τόπους
839 2721 995 2773 τοῦτο
1046 2719 1372 2792 δεδρακότας
1423 2721 1762 2792 εὑρήσομεν·
1811 2712 1922 2775 οἷον

353 2811 730 2882 βασιλεύοντος
769 2811 970 2882 Ἀχαὰό
1017 2813 1116 2882 τῆς
1149 2812 1484 2883 Σαμαρείας,
1543 2811 1639 2866 καὶ
1687 2811 1781 2866 ἐπὶ
1831 2811 1921 2867 τὸν

361 2903 602 2974 Ἰσραήλ.
666 2903 977 2976 Γέγραπται
1022 2903 1197 2969 οὕτως
1243 2907 1300 2958 ἐν
1324 2909 1388 2978 τῇ
1425 2905 1582 2978 τρίτῃ
1609 2903 1715 2960 τῶν
1758 2906 1924 2961 Bact—

343 2995 525 3051 λειῶν·
572 3016 591 3048 ι
625 2995 736 3050 Καὶ
797 2995 1146 3068 συνήθροισεν
1203 2995 1317 3060 υίὸς
1385 2996 1537 3066 Ἀδὲρ
1593 2997 1772 3050 πᾶσαν
1821 2996 1921 3069 τήν

342 3087 573 3158 δύναμιν
589 3086 780 3155 αὑτοῦ,
795 3087 1086 3157 καὶάνέϐη,
1106 3087 1201 3142 καὶ
1217 3086 1566 3159 περιεκάθισε
1584 3088 1918 3160 Σαμάρειαν,

343 3179 443 3233 καὶ
473 3178 768 3250 τριάκοντα
797 3178 892 3232 καὶ
921 3178 1014 3232 δύο
1042 3178 1281 3248 βασιλεῖς
1315 3180 1431 3250 μετ’
1461 3178 1649 3233 αὐτοῦ.
1679 3197 1699 3232 ι
1730 3179 1922 3250 Ι’Λθρει

342 3271 406 3344 δὴ
446 3267 560 3340 οῦν,
589 3272 672 3325 ὅτι
701 3270 1075 3334 συνασπιστὰς
1105 3271 1342 3324 ἐποιεῖτο
1366 3270 1507 3325 κατὰ
1533 3269 1628 3324 τοῦ
1661 3270 1924 3344 Ἰσραὴλὸ

341 3362 444 3433 τῆς
473 3361 768 3434 Δαμασκοῦ
799 3362 1069 3433 βασιλεὺς,
1101 3363 1400 3426 τουτέστιν,
1427 3365 1455 3417 ὁ
1494 3362 1669 3434 Ἀδέρ,
1705 3363 1924 3433 ἐτέρους

344 3452 643 3523 τριάκοντα
674 3451 766 3505 δύο
824 3452 932 3506 τῶν
986 3453 1294 3525 προσοίκων
1335 3453 1506 3506 ἐθνῶν
1549 3453 1920 3525 ἡγουμένους,

347 3541 797 3614 πεπολεμηκότας
833 3542 975 3598 οὕτω
1016 3545 1116 3616 τήν
1148 3545 1274 3615 γῆν.
1314 3544 1477 3598 Ἀλλὰ
1517 3545 1613 3598 καὶ
1643 3546 1700 3597 ἐν
1744 3544 1922 3616 χρόνῳ

360 3633 514 3698 Ἰωὰς
544 3633 808 3704 βασιλέως
840 3634 1012 3689 Ἰούδα
1049 3635 1397 3706 πεπολέμηκε
1426 3635 1526 3707 τὴν
1567 3636 1921 3708 Ἰερουσαλὴμ

355 3725 557 3797 Ἃζαὴλ
603 3726 632 3778 ὁ
671 3724 858 3796 Σύρος,
901 3726 976 3790 ὡς
1023 3728 1081 3780 ἐν
1118 3729 1184 3798 τῇ
1212 3727 1449 3799 τετάρτῃ
1479 3726 1586 3780 τῶν
1621 3725 1920 3781 Βασιλειῶν

343 3817 677 3887 γέγραπται,
711 3835 730 3870 ι
761 3819 849 3871 ὅτε
871 3818 967 3871 καὶ
994 3817 1182 3871 ἐλαϐεν
1217 3819 1244 3871 ὁ
1286 3818 1439 3882 Ἰωὰς
1477 3808 1737 3873 πάντατὰ
1766 3820 1918 3888 ἅγια,

341 3911 441 3962 καὶ
463 3910 570 3962 πᾶν
598 3908 658 3962 τὸ
681 3909 738 3962 ἐν
764 3911 876 3972 τοῖς
914 3908 1206 3979 θησαυροῖς
1235 3911 1476 3980 χρυσίον,
1505 3912 1598 3965 καὶ
1633 3911 1919 3964 ἀπέστειλε

341 4001 422 4071 τῷ
461 3999 687 4098 Ἀζαήλ,
724 3999 818 4054 καὶ
864 3999 1044 4069 ἀπέϐη
1095 4000 1203 4054 ἀπὸ
1254 4001 1627 4073 Ἰερουσαλήμ.
1658 4021 1677 4054 ι
1710 4003 1919 4074 Ἔδρων

347 4093 445 4163 μὲν
470 4092 578 4161 γὰρ
595 4091 665 4145 τὰ
694 4091 873 4146 τοιάδε
905 4091 1046 4146 κατὰ
1079 4091 1228 4144 Θείαν
1254 4093 1444 4164 ὀργὴν,
1485 4094 1920 4166 προσκεκρουκό-

341 4202 432 4248 τος
474 4184 567 4238 τοῦ
632 4182 869 4256 Ἰσραὴλ,
918 4183 1008 4238 διά
1054 4200 1135 4236 τοι
1190 4183 1251 4236 τὸ
1295 4184 1592 4238 ἀπονεῦσαι
1645 4184 1788 4248 λίαν,
1824 4185 1920 4240 καὶ

341 4276 706 4346 ἁνεπτοῆσθαι
758 4275 948 4342 δεινῶς
985 4277 1064 4340 είς
1097 4275 1195 4340 τὰς
1233 4275 1340 4331 τῶν
1367 4277 1600 4332 εἰδώλων
1639 4277 1914 4351 λατρείας.

341 4367 490 4438 Πλὴν
522 4367 779 4432 νικῶντες
814 4368 862 4421 οἱ
887 4367 1172 4436 ἀλλόφυλοι
1199 4371 1266 4442 τῇ
1305 4368 1399 4422 τοῦ
1420 4368 1556 4429 Θεοῦ
1588 4369 1724 4446 δόξῃ
1745 4370 1918 4425 διελυ-

2035 1891 2194 1956 riam,
2259 1891 2556 1962 quinetiam
2627 1908 2857 1965 regnum
2939 1895 3103 1964 Iuda,
3200 1897 3462 1955 eﬂrenato
3515 1901 3627 1956 imo.

2033 1990 2159 2052 petu
2184 1983 2543 2039 etinsatiabili
2571 1984 2889 2054 cupiditate,
2915 1995 3159 2042 extrema
3210 1989 3491 2046 iracundia
3559 1992 3614 2048 in

2033 2089 2238 2130 morem
2275 2082 2553 2131 taurorum
2599 2075 2826 2144 eﬂ’erati,
2860 2077 3003 2134 fmde
3048 2079 3380 2138 lacerarunt.
3442 2082 3628 2141 Variis.

2032 2165 2198 2237 igitur
2247 2165 2380 2222 locis
2425 2180 2520 2222 eos
2578 2169 2798 2224 saevisse
2847 2179 3059 2225 certum
3093 2182 3221 2228 est:
3270 2182 3329 2228 ut
3355 2184 3628 2241 regnante;

2030 2259 2220 2314 Achab
2247 2274 2406 2330 super
2447 2259 2696 2317 Samaria
2727 2273 2783 2318 et
2811 2263 2998 2319 Israel.
3027 2263 3300 2321 Scribitur
3353 2268 3496 2324 enim
3547 2269 3612 2324 ii-

2030 2351 2130 2404 bro
2161 2348 2369 2418 Regum
2402 2351 2562 2407 tertio
2597 2369 2610 2405 :
2651 2371 2669 2404 ι
2712 2352 2776 2407 Et
2804 2356 3149 2426 congregavit
3180 2355 3321 2413 ﬁlius
3341 2359 3485 2414 Ader
3517 2376 3612 2416 rex

2031 2436 2202 2509 Syria:
2228 2454 2442 2495 omnem
2473 2441 2795 2505 exercitum,
2829 2442 2994 2517 250
3022 2454 3078 2500 et
3125 2446 3387 2509 ascendit,
3430 2458 3482 2503 et
3517 2450 3610 2503 ob-

2031 2531 2168 2585 sedit
2193 2529 2514 2588 Samariam.
2544 2531 2612 2587 Et
2630 2535 2845 2604 triginta
2871 2537 2976 2590 duo
3008 2551 3160 2608 reges
3184 2553 3304 2594 cum
3339 2541 3453 2609 ipso
3477 2541 3545 2595 ⁹⁸.
3582 2561 3612 2596 ι.

2028 2621 2322 2678 Considera
2351 2639 2482 2695 ergo
2510 2633 2570 2680 ut
2594 2625 2838 2683 Damasci
2872 2643 2965 2683 rex
3016 2629 3193 2685 socios
3250 2633 3609 2699 expeditionis

2027 2722 2220 2768 contra
2245 2715 2410 2771 lsrael
2431 2716 2532 2771 sibi
2557 2717 2834 2784 asciverit,
2862 2719 2965 2775 hoc
2996 2729 3100 2786 est,
3145 2721 3285 2777 ﬁlius
3308 2722 3452 2779 Ader
3479 2724 3612 2779 alios

2027 2803 2248 2874 triginta
2277 2805 2411 2861 duos
2451 2805 2801 2863 ﬁnitimarum
2853 2812 3088 2877 gentium
3120 2811 3308 2878 duces,
3373 2813 3465 2883 qui
3533 2815 3609 2870 sic

2025 2896 2301 2965 regionem
2327 2907 2613 2953 vexarunt.
2635 2899 2776 2966 Quin
2803 2909 2856 2956 et
2884 2899 3016 2956 Joas
3066 2916 3200 2972 rege
3252 2901 3409 2970 Juda,
3448 2907 3609 2959 Azacl

2027 2985 2196 3058 Syrus
2219 2985 2519 3044 Jerusalem
2554 2990 2828 3048 hostiliter
2855 2993 3081 3050 adortus
3105 3005 3208 3059 est,
3249 3005 3308 3052 ut
3337 2997 3390 3050 in
3418 3005 3610 3068 quarto

2024 3079 2232 3150 Regum
2255 3087 2340 3136 est
2370 3081 2572 3138 litteris
2597 3082 2868 3152 proditum
2900 3100 2915 3138 :
2947 3102 2966 3136 ι
3009 3084 3238 3152 Quando
3287 3085 3410 3140 tulit
3485 3085 3610 3141 Joas

1951 3147 1992 3206 (ἶ
2026 3172 2207 3228 omnia
2243 3173 2676 3235 sanetiiicata.et
2703 3189 2863 3230 omne
2890 3189 3080 3230 aurum
3106 3176 3160 3231 in
3217 3177 3485 3232 thesauris
3527 3178 3606 3232 in-

1985 3265 1991 3271 ’
2023 3271 2270 3327 ventum,
2301 3271 2357 3318 et
2377 3263 2525 3320 misit
2549 3264 2766 3328 Azaeli,
2794 3273 2850 3320 et
2879 3266 3149 3321 recessita
3175 3263 3476 3323 Jerusalem
3502 3265 3601 3324 ".-

2025 3353 2323 3409 Faciebant
2347 3355 2490 3410 enim
2519 3355 2637 3411 haec
2680 3359 2975 3414 secundum
3009 3357 3248 3412 divinam
3281 3358 3438 3425 iram,
3465 3359 3600 3430 quod

2022 3444 2186 3499 Israel
2209 3445 2375 3502 Deum
2407 3445 2763 3513 offendisset;
2823 3463 3152 3518 magnopere
3175 3450 3319 3505 enim
3380 3464 3409 3503 a
3456 3461 3608 3506 recto

2024 3537 2410 3605 declinaverat,
2435 3548 2489 3594 et
2529 3539 2674 3594 cultu
2712 3540 2980 3595 idolorum
3014 3542 3152 3596 mira
3185 3541 3451 3612 religione
3472 3557 3601 3612 per-

2023 3629 2205 3685 culsus
2235 3644 2294 3685 se
2321 3630 2644 3685 involverat.
2669 3629 3067 3686 Verumtamen
3117 3633 3354 3686 victores
3414 3631 3608 3687 alieni-

2022 3734 2174 3790 gena:
2213 3722 2280 3776 de
2333 3721 2515 3775 divina
2593 3721 2764 3790 gloria
2824 3719 3226 3777 detrahebant.‘
3277 3721 3606 3779 Statucbant

2023 3811 2164 3865 enim
2191 3811 2370 3866 miseri
2400 3827 2608 3878 secum,
2642 3810 2993 3866 auxiliantem
3026 3811 3158 3880 ipsis
3185 3828 3400 3868 manum
3452 3815 3604 3870 inva-

2020 3901 2182 3956 lidam
2200 3901 2612 3974 factam,etejus
2626 3905 2814 3961 honori
2829 3903 3147 3960 insolentius
3167 3905 3429 3961 insultare
3443 3907 3604 3960 audc-

2019 3993 2169 4050 bant.
2202 3995 2382 4052 Fracti
2403 3998 2567 4066 igitur
2592 3997 2735 4071 Syri,
2783 4000 3086 4072 postquam'
3114 3999 3413 4054 Samariam
3453 4001 3601 4056 obsi-

2021 4087 2181 4143 dione
2205 4104 2331 4144 mox
2352 4089 2525 4146 soluta
2557 4091 2695 4146 illius
2711 4090 2856 4144 Ader
2870 4090 3135 4155 cinxerat,
3163 4090 3429 4159 ignaviam
3446 4107 3599 4146 snam

2019 4177 2159 4230 male
2196 4187 2547 4245 excusarunt,
2598 4179 2841 4234 dicentes
2871 4195 2884 4231 :
2927 4199 2946 4232 ι
2987 4179 3128 4234 Deus
3162 4183 3424 4234 montium
3461 4183 3601 4237 Deus

2019 4265 2205 4333 Israel,
2230 4276 2284 4322 et
2313 4283 2418 4323 non
2447 4269 2586 4325 Deus
2620 4270 2840 4325 vallium
2870 4269 2912 4325 ί.
2940 4289 2961 4323 ι
3001 4270 3307 4328 Credebant
3337 4273 3600 4342 siquidem

2018 4356 2289 4415 Israelitas
2315 4359 2536 4427 vicisse,
2559 4361 2686 4432 quia
2714 4361 2852 4418 Deus
2867 4376 3054 4419 eorum
3087 4363 3140 4418 in
3169 4365 3438 4420 montibus
3467 4365 3604 4421 dun-

343 4457 616 4528 μαίνοντο.
670 4457 860 4528 ’ῼοντο
911 4458 1021 4529 γὰρ
1070 4458 1213 4514 κατὰ
1245 4461 1387 4530 σφᾶς
1429 4462 1478 4514 oi
1528 4460 1771 4528 δείλαιοι,
1812 4463 1912 4535 τήν

2024 4458 2170 4513 taxat
2207 4463 2297 4508 aut
2324 4453 2553 4511 collibus
2582 4455 2797 4512 salvare
2821 4455 3175 4527 posset.Yicti
3207 4457 3372 4528 igitur
3394 4473 3600 4522 sumus,

341 4547 728 4618 ἐπαμύνουσαν
769 4549 949 4612 αὐτοῖς
1001 4550 1261 4620 ἀτονῆσαι
1318 4554 1494 4622 χεῖρα,
1544 4555 1638 4608 καὶ
1691 4555 1792 4625 τῆς
1821 4557 1916 4612 τοῦ

340 4634 478 4690 Θεοῦ
505 4636 661 4707 δόξης
692 4638 1204 4693 κατανεανιεύεσθαι
1233 4640 1621 4714 τεθαρσήκασι.
1651 4646 1765 4700 Καὶ
1790 4647 1920 4715 γοῦν

338 4728 700 4798 ἡσθενηκότες
718 4730 765 4782 οἱ
779 4729 966 4801 Σύροι,
975 4730 1148 4802 βραχὺ
1179 4731 1591 4804 πολιορκοῦντος
1606 4738 1921 4809 Σαμάρειαν

337 4817 437 4870 τοῦ
485 4817 658 4887 Ἀδέρ,
690 4819 961 4890 πρόφασιν
1006 4821 1285 4876 ἐποιοῦντο
1323 4823 1423 4892 τῆς
1451 4826 1786 4898 κακανδρίας
1816 4828 1918 4885 οὐκ

337 4907 542 4976 ἀληθῆ,
571 4906 838 4975 λέγοντες,
866 4927 885 4962 t
911 4910 1038 4974 Θεὸς
1063 4911 1233 4982 ὁρέων
1253 4911 1386 4980 Θεὸς
1414 4913 1648 4986 Ἰσραὴλ,
1681 4917 1773 4968 καὶ
1799 4917 1918 4988 οὐχὶ

338 4998 482 5060 Θεὸς
525 4996 804 5054 κοιλάδων.
844 5018 863 5052 ι
905 5002 1092 5073 ᾯοντο
1149 5003 1256 5076 γὰρ
1306 5005 1387 5058 ὅτι
1444 5006 1706 5078 ἐνίκησαν
1758 5009 1809 5061 οῑ
1855 5010 1916 5076 ἐξ

353 5088 596 5162 Ἰσραὴλ,
639 5089 697 5142 ἐν
741 5089 922 5158 μόνοις
980 5095 1091 5158 τοῖς
1127 5093 1328 5165 ὄρεσιν,
1455 5097 1514 5150 ἐν
1540 5100 1652 5162 τοῖς
1710 5097 1920 5170 βουνοῖς

339 5178 643 5249 δυναμένου
693 5177 883 5243 σώζειν
916 5181 1069 5236 Θεοῦ.
1123 5184 1434 5256 Ἠττήμεθα
1460 5186 1523 5257 δὴ
1554 5183 1670 5250 οὖν,
1715 5189 1880 5258 φασὶν
1902 5228 1918 5252 ,

345 5289 372 5321 ι
400 5271 481 5323 ὅτι
515 5270 579 5341 δὴ
609 5269 742 5333 Θεὸς
779 5270 952 5342 ὀρέων
987 5272 1015 5323 ὁ
1046 5272 1176 5338 Θεὸς
1217 5276 1450 5347 Ἰσραήλ.
1489 5296 1507 5328 ι
1547 5278 1608 5330 Εἰ
1637 5277 1694 5330 δέ
1743 5278 1806 5348 δὴ
1832 5280 1923 5348 γέ-

341 5377 489 5414 νοιτο
536 5359 810 5413 συνελθεῖν
858 5361 939 5424 είς
982 5361 1160 5432 μάχην
1191 5365 1248 5417 ἐν
1279 5363 1483 5427 πεδίοις
1530 5364 1918 5436 ἐψιλωμένοις,

343 5450 730 5521 περιεσόμεθα,
765 5449 983 5514 πάντως
1017 5452 1330 5517 ἁτονοῦντος
1353 5455 1411 5507 ἐν
1439 5452 1647 5507 κοιλάσι
1678 5453 1770 5507 τοῦ
1787 5456 1919 5512 Θεοῦ

283 5537 295 5545 ”
357 5543 594 5614 Ἰσραήλ.
647 5543 965 5615 Ἑλληνικῆς
999 5542 1056 5597 δὲ
1079 5544 1247 5598 ταῦτα
1279 5543 1703 5614 φρενοϐλαϐείας
1725 5547 1922 5621 ἐγκλή-

2019 4546 2192 4610 aiunt,
2231 4563 2251 4599 ‹
2288 4545 2413 4616 quia
2444 4545 2584 4602 Deus
2614 4548 2879 4606 montium
2906 4549 3048 4605 Deus
3069 4547 3254 4604 Israel.
3288 4567 3308 4600 ι
3345 4547 3400 4604 Si
3422 4556 3601 4603 autem

2018 4621 2315 4708 pugnemus
2338 4653 2458 4693 cum
2493 4637 2558 4694 iis
2581 4639 2634 4692 in
2664 4641 3080 4710 campestribus,
3101 4647 3152 4694 et
3221 4637 3462 4709 profecto
3505 4655 3600 4694 su-

2018 4727 2350 4796 perabimus,
2383 4743 2504 4783 cum
2538 4729 2591 4783 in
2630 4730 2860 4786 vallibus
2888 4731 3174 4787 imbecillis
3231 4733 3303 4787 sit
3357 4732 3498 4787 Deus
3525 4731 3601 4786 ls-

2019 4819 2149 4874 rael.
2185 4819 2292 4874 Sed
2318 4821 2398 4874 ha:
2416 4820 2616 4876 Graecae
2640 4821 2925 4878 dementiae
2991 4822 3400 4878 criminationes
3449 4831 3594 4888 sunt,

2017 4919 2070 4964 et
2101 4927 2285 4966 verum
2316 4927 2381 4967 ac
2408 4923 2600 4967 natura
2632 4914 2798 4970 Deum
2833 4917 3190 4972 nescientium
3219 4916 3418 4986 linguae
3468 4929 3597 4985 pro-

2024 5003 2266 5059 tervitas.
2308 5003 2572 5070 Quocirca
2605 5005 2989 5079 indignabatur
3017 5012 3304 5066 adversum
3333 5008 3596 5079 alienige-

2025 5108 2124 5148 nas
2145 5093 2486 5164 omnipotens
2518 5097 2680 5164 Deus,
2707 5108 2762 5153 et
2783 5102 3150 5168 meritissimo,
3184 5101 3461 5172 quoniam,
3499 5102 3595 5156 de-

2025 5184 2168 5240 victo
2190 5186 2256 5242 ab
2287 5201 2346 5240 se
2368 5187 2582 5256 israele,
2612 5190 2820 5256 utdixi,
2848 5192 2951 5247 diis
2980 5193 3094 5247 suis
3124 5194 3330 5262 gratias
3389 5193 3601 5249 refere-.

2018 5276 2168 5342 bant,
2211 5277 2606 5350 delirantesque
2645 5282 2808 5336 etiam
2863 5284 3030 5338 Deum
3085 5282 3262 5353 ipsum
3312 5297 3371 5338 se
3399 5283 3607 5339 vicisse

2018 5361 2437 5424 arbitrabantur.
2454 5370 2583 5427 Post
2613 5371 2924 5428 defunctum
2952 5373 3163 5439 Achab,
3181 5383 3236 5428 et
3268 5390 3426 5444 reges
3448 5377 3592 5432 dein-

2017 5474 2143 5528 ceps
2171 5460 2324 5527 alios,
2350 5459 2470 5530 ejus
2493 5477 2858 5528 successores,
2893 5479 2990 5518 rex
3017 5463 3181 5522 Israel
3228 5467 3281 5520 in
3344 5465 3599 5521 Samaria.

2015 5556 2234 5604 creatur
2264 5548 2549 5608 Jeroboam
2575 5550 2716 5607 ﬁlius
2737 5550 2886 5623 Joas,
2927 5553 3064 5612 alius
3090 5570 3117 5611 a
3145 5554 3321 5625 primo
3346 5555 3441 5626 qui
3490 5554 3601 5614 luis

411 5717 459 5748 ’⁸
490 5716 554 5776 lll
589 5717 721 5788 Reg.
765 5734 855 5785 xx,
891 5718 917 5776 1
1020 5719 1064 5749 ἐδ
1101 5717 1164 5770 IV
1209 5717 1337 5787 Reg.
1384 5733 1478 5776 xu.
1530 5718 1612 5775 18.
1698 5719 1713 5749 ¹
1744 5717 1812 5772 Ill
1846 5715 1979 5791 Reg.
2015 5736 2106 5785 xx,
2130 5721 2218 5778 28.
