4054 6274
447 375 476 430 ἂ
493 373 555 430 15
1471 375 1529 430 S.
1571 374 1844 432 CYRILLI
1883 375 2015 431 ΑΒΕ

2120 375 2353 434 nomen
2392 363 2712 436 meumr.
3597 377 3708 434 tis

449 485 592 544 [ilius
621 485 820 560 Nabat,
855 503 1159 560 quanquam
1185 489 1424 559 nomine,
1453 491 1633 547 animo
1657 503 1710 549 et
1749 493 2015 565 impietate

2127 511 2300 565 ματα,
2320 495 2540 550 καὶτῶν
2566 496 2666 551 οὐκ
2698 495 2915 550 εἰδότων
2938 496 3030 549 τὸν
3059 491 3366 566 ἀληθῆ,καῖ
3396 491 3558 564 φύσει
3570 491 3708 546 Θεὸν

450 575 524 632 illi
552 579 764 636 similis.

2121 585 2494 658 ἀθυροστομία
2523 589 2692 658 δεινή.
2723 586 2933 642 Οὐκοῦν
2965 586 3264 657 ἠγανάκτει
3288 583 3429 637 κατά
3461 587 3572 636 των
3604 583 3706 637 ἀλ-

451 673 716 741 Αοφύλων,
741 673 835 726 καὶ
869 673 1069 744 σφόδρα
1098 673 1338 740 εἰκότως,
1370 676 1398 730 ό
1420 676 1596 732 πάντα
1631 677 1829 748 ἰσχύων
1862 677 2016 745 Θεὸς,
2056 679 2139 734 ὅτι
2196 683 2291 736 καὶ
2322 682 2601 749 νικῶντες,
2666 683 2741 746 ὡς
2771 681 2930 754 ἔφην,
2973 679 3064 734 τὸν
3115 676 3350 749 Ἰσραὴλ,
3397 677 3512 740 τοῖς
3553 675 3709 738 ἰδίοις

450 761 590 826 θεοῖς
614 763 851 833 ἀνῆπτον
899 765 967 818 τὰ
1011 767 1364 839 χαριστήρια,
1399 769 1492 822 zeal.
1521 768 1813 840 ληροῦντες
1851 771 2018 841 ᾤοντο
2053 775 2149 828 καὶ
2209 775 2374 830 αὑτοῦ
2409 776 2681 848 κρατῆσαι
2721 775 2878 839 Θεοῦ,
2908 772 3193 846 προϊόντος
3231 771 3288 826 δὲ
3360 770 3454 823 τοῦ
3507 768 3710 840 καιροῦ

449 854 588 923 μετά
620 857 720 926 τὴν
747 853 840 908 τοῦ
892 855 1096 927 Ἀχαάϐ
1150 857 1458 928 βασιλείαν,
1519 863 1613 917 καὶ
1659 863 1860 935 ἐτέρων
1897 866 2058 922 τινῶν
2124 868 2212 923 διά
2252 868 2443 939 μέσου,
2490 870 2586 923 καὶ
2625 866 2882 938 καθεξῆς,
2913 864 3290 921 ἀναδείκνυται
3328 862 3585 934 βασιλεὺς
3613 864 3709 917 ἐπὶ

448 946 537 999 τὸν
567 947 786 1019 Ἰσραὴλ
819 949 878 1002 ἐν
899 951 965 1020 τῇ
1000 951 1282 1023 Σαμαρείᾳ
1320 953 1648 1026 Ἰεροϐοάμό
1683 958 1778 1011 τοῦ
1831 961 2016 1030 Ἰωάς,
2055 962 2244 1036 ἕτερος
2303 963 2456 1036 παρά
2527 963 2620 1018 τὸν
2668 962 2906 1035 πρῶτον,
2951 961 3010 1025 ὃς
3053 955 3123 1031 ἦν
3154 957 3250 1013 τοῦ
3306 957 3522 1023 Nam":
3563 957 3708 1028 πλὴν

331 1107 340 1119 ἢ.
447 1037 732 1110 ὁμώνυμος
778 1039 991 1110 ἐκείνῳ,
1030 1041 1127 1094 καὶ
1172 1043 1530 1116 ὁμογνώμων,
1555 1049 1649 1102 καὶ
1705 1049 1988 1123 δυσσεϐὴς.

333 1130 340 1190 ‘J
518 1129 628 1186 Sed
655 1129 772 1199 ejus
810 1131 1143 1200 temporibus
1173 1133 1335 1202 Deus,
1369 1137 1457 1191 cui
1481 1139 1675 1210 volupe
1723 1151 1809 1198 est
1863 1144 2019 1200 mise-

449 1223 579 1289 reri,
614 1223 864 1278 lsraelem
913 1224 1249 1281 intoleranda
1330 1227 1616 1287 alllictione
1681 1231 2018 1292 laborantem

449 1315 762 1375 miseratus.
793 1330 915 1370 eum
944 1330 1180 1369 aerumna
1201 1316 1394 1373 levavit
1451 1335 1545 1390 per
1594 1323 1903 1392 Jeroboam,
1935 1336 2016 1382 ta-

450 1405 610 1459 metsi
655 1405 960 1475 improbum
1012 1416 1068 1460 et
1117 1414 1578 1477 transgressorem
1623 1415 1804 1470 nimis.
1867 1418 2018 1474 Adeo

451 1496 594 1551 enim
625 1498 830 1555 viribus
879 1500 1195 1573 alienigenis
1253 1504 1698 1572 antecelluerunt,
1749 1517 1810 1563 ut
1853 1508 2019 1566 urbes

449 1603 665 1660 quoque
686 1599 1086 1648 antecessorum
1117 1609 1304 1665 regum
1331 1597 1663 1667 temporibus
1689 1608 1902 1670 ereptas
1933 1615 2036 1656 τε.

450 1693 776 1752 cuperarent
801 1685 1158 1755 potestatique
1185 1701 1294 1742 suae
1318 1687 1672 1755 subiicerent,
1712 1698 1767 1745 et
1805 1691 2020 1747 vincere

2136 1140 2273 1195 Ἀλλ’
2331 1142 2390 1195 ἐν
2430 1142 2542 1205 τοῖς
2588 1140 2800 1214 χρόνοις
2847 1139 2950 1210 τῆς
3004 1136 3168 1193 αὐτοῦ
3223 1135 3502 1207 βασιλείας
3558 1137 3709 1206 ἠλέει

2123 1230 2311 1286 λοιπόν
2357 1233 2385 1285 ὁ
2449 1230 2841 1301 φιλοικτίρμων
2882 1227 3016 1291 Θεὸς
3052 1225 3306 1298 ἀφορήτῳ
3353 1225 3705 1299 ταλαιπωρίᾳ

2125 1323 2539 1395 κατηχθημένον
2579 1322 2671 1376 τὸν
2700 1320 2936 1392 Ἰσραὴλ,
2975 1317 3272 1388 ἠλευθέρου
3298 1334 3358 1370 τε
3383 1317 3494 1370 τῶν
3527 1318 3705 1372 πόνων

2125 1415 2215 1470 διὰ
2242 1415 2424 1487 χειρὸς
2460 1413 2767 1485 Ἱεροϐοάμ,
2793 1413 2969 1466 καίτοι
2997 1409 3233 1481 πονηροῦ
3263 1410 3359 1463 καὶ
3393 1409 3704 1464 ἀποστάτου

2122 1507 2244 1562 λίαν
2271 1507 2626 1580 ὑπάρχοντος.
2659 1503 3098 1575 Κατηνδρίσαντο
3141 1500 3253 1570 γὰρ
3286 1501 3433 1555 οὓτω
3474 1501 3584 1554 τῶν
3613 1501 3706 1554 ἀλ-

2123 1597 2389 1668 λοφύλων,
2421 1597 2496 1662 ὡς
2524 1597 2619 1651 καὶ
2656 1595 2840 1660 πόλεις
2861 1595 2991 1666 παρ’
3015 1593 3238 1648 ἐκείνων
3270 1592 3701 1662 ἀπεσπασμένας

2126 1693 2184 1745 ὲν
2211 1691 2421 1762 καιροῖς
2469 1688 2733 1760 βασιλέων
2769 1686 2878 1740 τῶν
2919 1685 3328 1758 παρῳχηκότων
3365 1684 3695 1752 ἀνακομίσα-

451 1772 578 1828 olim
619 1772 828 1838 solitos,
859 1775 1214 1830 incommodis
1251 1777 1406 1847 longe
1438 1779 1684 1849 plurimis
1729 1779 2015 1840 allicerent.

2127 1781 2251 1836 σθαι
2280 1781 2461 1848 πάλιν,
2498 1781 2594 1836 καὶ
2639 1781 2752 1844 τοῖς
2799 1779 2948 1841 ίδίοις
3003 1776 3326 1844 ὑποτεθῆναι
3379 1776 3688 1846 σκήπτροις,

451 1865 508 1918 In
540 1878 733 1934 quarto
758 1866 918 1934 igitur
951 1868 1152 1937 [legum
1176 1869 1332 1938 251
1361 1871 1442 1926 sic
1475 1874 1648 1934 est,in
1698 1882 1844 1928 tanta
1875 1875 2020 1929 cala-

453 1958 641 2012 mitate
672 1958 837 2012 fuisse
871 1959 1010 2014 ﬁlios
1035 1960 1219 2028 Israel,
1248 1971 1508 2018 utessent
1568 1967 1900 2032 paucissimi,
1953 1976 2009 2023 et

451 2044 706 2115 dispersi,
745 2061 846 2102 nec
887 2049 1221 2103 inveniretur
1276 2052 1566 2108 auxiliator
1598 2071 1612 2109 :
1645 2054 1881 2111 salvatos
1934 2066 2014 2112 ta-

457 2151 580 2190 men
621 2149 743 2190 esse
781 2150 812 2190 ε
843 2153 1003 2192 manu
1032 2137 1382 2196 Jcroboam’.
1421 2159 1440 2193 ι
1493 2143 1534 2196 Ε
1571 2159 1752 2212 manu,
1806 2164 1824 2197 z
1864 2147 2019 2212 dixit,

454 2241 573 2293 pro,
607 2245 626 2279 ι
678 2242 774 2296 per
807 2243 1046 2283 manum.
1077 2248 1095 2282 »
1127 2230 1238 2286 Νεε
1267 2233 1409 2287 enim
1456 2234 1572 2303 ipse
1635 2237 1905 2292 atterebat
1940 2237 2021 2290 ls-

454 2316 586 2384 rael,
629 2317 724 2371 sed
755 2317 1024 2386 pugnabat
1046 2321 1222 2388 potius
1252 2336 1484 2392 eumque
1505 2323 2024 2382 defendebat.Resti-

459 2409 563 2462 tuit
603 2421 731 2464 vero
773 2407 1115 2478 Damascum,
1151 2421 1204 2466 et
1242 2414 1444 2482 recepit
1497 2414 1784 2469 terminum
1835 2415 2018 2480 Israel,

452 2507 750 2566 auctusque
770 2507 853 2554 est
873 2499 1168 2555 ditionibus
1197 2501 1401 2556 multis.
1431 2501 1710 2572 ltegnante
1734 2501 2019 2558 Jeroboam

453 2603 548 2643 rex
577 2602 740 2657 super
762 2586 1309 2660 Judallierosolymis
1358 2591 1580 2662 ungitur
1629 2593 1873 2658 Azarias,
1930 2593 2021 2662 qui

448 2688 505 2734 ct
532 2676 714 2745 Ozias,
740 2693 893 2748 aeque
920 2680 1170 2750 gentibus
1231 2680 1632 2743 infestissimus,
1675 2691 1730 2736 et
1787 2684 1853 2736 ad
1930 2697 2024 2738 eos

449 2770 803 2840 exagilaudos
841 2771 1067 2825 viriliter
1095 2771 1428 2837 incumbens,
1457 2773 1547 2842 qui
1603 2771 1798 2829 ludam
1857 2774 2024 2829 vasti-

449 2872 616 2918 tatem
634 2862 966 2918 intulissent.
996 2862 1119 2918 Fuit
1146 2865 1290 2918 enim
1325 2865 1408 2919 vir
1440 2867 1561 2934 pius
1590 2873 1644 2920 et
1670 2867 1884 2922 virtutis
1911 2879 2025 2922 stu-

449 2955 655 3009 diosus.
688 2953 789 3009 Ubi
809 2954 920 3023 jam
957 2956 1158 3017 hostes,
1193 2955 1302 3008 Deo
1359 2964 1652 3016 annuente.
1683 2958 1912 3022 domuit,
1968 2957 2022 3012 in

447 3045 714 3115 superbia:
739 3045 984 3100 morbum
1019 3045 1224 3108 incidit,
1249 3060 1312 3098 ac
1343 3054 1532 3117 su0pte
1586 3057 1718 3101 nutu
1769 3047 2022 3118 imposte-

449 3147 570 3188 rum
594 3132 698 3187 sibi
733 3131 1040 3186 sacerdotio
1062 3131 1384 3200 {ungendum
1437 3133 1698 3202 decrevit,
1751 3147 1804 3191 et
1857 3152 2021 3194 ausus

447 3233 532 3280 est
562 3225 628 3279 ad
651 3223 824 3293 ipsum
849 3224 1018 3278 altare
1049 3225 1360 3289 ascendere,
1404 3224 1590 3295 illique
1625 3227 1915 3296 thymiama
1936 3228 2020 3282 ol-

447 3316 611 3371 ferre.
639 3313 836 3372 Verum
860 3317 999 3371 Deus
1023 3315 1166 3372 illico
1210 3316 1478 3372 hominem
1525 3319 1785 3373 coercuit.
1849 3318 2020 3390 Lepra

447 3408 588 3464 enim
615 3422 870 3477 aspersus
896 3418 1000 3472 est,
1029 3409 1217 3463 morbo
1248 3407 1467 3463 infando
1495 3417 1550 3462 et
1593 3409 1905 3475 insanabili,
1961 3421 2021 3465 ut

451 3501 614 3556 etiam
636 3499 781 3554 velut
804 3497 1111 3553 immundus
1147 3499 1439 3553 secundum
1501 3500 1670 3569 legem
1711 3499 2019 3572 Hierosoly-

452 3589 556 3644 mis
602 3587 1005 3652 amandaretur,
1059 3589 1152 3658 qui
1205 3588 1426 3658 posthac
1485 3589 1772 3643 sacerdotii
1830 3607 2021 3646 munus

447 3682 621 3747 obire,
650 3691 705 3735 et
730 3695 842 3735 rem
873 3679 1111 3735 divinam
1134 3680 1460 3736 omnimodis
1483 3681 1619 3736 velle
1656 3697 1939 3753 peragere,
1966 3694 2021 3739 et

449 3773 710 3844 templum
732 3783 1142 3828 sacrosanctum
1170 3774 1543 3828 contaminare
1594 3774 1884 3831 desineret.
1941 3778 2019 3832 Ita

445 3867 625 3936 legere
654 3874 738 3922 est
769 3865 1115 3933 libroquarto
1168 3863 1436 3934 Regum'.
1505 3865 1562 3918 ln
1611 3867 1782 3922 altero
1840 3877 2016 3923 tamen

447 3954 892 4023 Paralipomenon
915 3955 1156 4008 narratio
1189 3955 1348 4021 hujus
1370 3954 1608 4010 historiae
1662 3967 1745 4012 est
1773 3959 2015 4015 luculen-

444 4047 549 4101 tior
574 4045 618 4100 ⁸.
657 4045 731 4099 De
753 4044 881 4100 Ozia
909 4045 1056 4114 lepra
1083 4043 1280 4099 infecto
1310 4046 1446 4104 satis
1475 4045 1678 4100 dictum
1701 4057 1802 4103 est.
1828 4049 2017 4106 Fuisse

441 4147 624 4194 autem
656 4145 953 4206 potentem,
992 4145 1048 4191 et
1103 4136 1156 4190 in
1223 4135 1649 4208 alienigenarum
1707 4140 2016 4208 provincias

444 4229 728 4300 irrupisse,
761 4229 1002 4299 adeoque
1040 4228 1233 4283 fortem
1258 4243 1323 4284 ac
1355 4239 1659 4296 strenuum,
1695 4241 1756 4286 ut
1814 4234 2013 4304 oppida

445 4335 660 4393 quoque
687 4321 827 4390 apud
859 4334 953 4376 eos
981 4319 1292 4386 aedificaret,
1329 4331 1385 4376 et
1441 4323 1644 4378 tributa
1691 4325 2010 4394 imponeret,

2124 1871 2356 1926 πλεῖστά
2389 1888 2449 1924 τε
2507 1872 2606 1923 ὅσα
2655 1869 2783 1930 τοὺς
2833 1867 3000 1921 πάλαι
3047 1864 3314 1926 νικῶντας
3361 1861 3694 1932 ἐργάσασθαι

2124 1962 2290 2016 κακά.
2319 1961 2408 2014 Ἑν
2426 1959 2556 2030 γοῦν
2573 1963 2638 2031 τῇ
2668 1958 2902 2029 τετάρτῃ
2921 1957 3028 2010 τῶν
3041 1954 3335 2010 Βασιλειῶν
3366 1955 3700 2024 γέγραπται,

2125 2052 2547 2122 κατατεθλϊφθαι
2601 2052 2698 2123 μὲν
2743 2051 2869 2114 τοὺς
2904 2048 2963 2116 ἐξ
3006 2046 3245 2119 Ἰσραὴλ,
3302 2045 3402 2099 οὐκ
3430 2045 3584 2106 ὄντος
3609 2042 3704 2095 τοῦ

2125 2144 2406 2210 σώζοντος,
2435 2143 2510 2208 ὡς
2549 2143 2854 2211 ὀλιγοστοὺς
2888 2137 3050 2206 εἶναι,
3101 2139 3196 2192 καὶ
3232 2135 3666 2206 διεσπασμένους
3687 2151 3705 2164 ·

2125 2236 2398 2291 σεσῶσθαι
2427 2251 2490 2304 γε
2527 2235 2635 2305 μὴν
2683 2235 2748 2287 ἐκ
2797 2231 2979 2303 χειρὸς
3023 2228 3322 2300 Ἱεροϐοάμ.
3371 2227 3444 2280 Τὸ
3496 2225 3553 2278 δὲ
3593 2225 3708 2276 (ὲκ

2123 2328 2345 2399 χειρὸς»
2390 2325 2651 2394 τέθεικεν,
2703 2326 2824 2380 ἀντὶ
2869 2323 3006 2378 τοῦ(
3062 2323 3152 2376 διὰ
3193 2321 3384 2393 χειρός.
3412 2339 3430 2369 z
3475 2319 3550 2371 Ού
3585 2318 3708 2385 γὰρ

2121 2413 2190 2488 ἦν
2217 2418 2378 2482 αὐτὸς
2400 2419 2428 2471 ὁ
2449 2416 2744 2489 συντρίϐων
2764 2417 2854 2471 τὸν
2895 2414 3132 2485 Ἰσραὴλ,
3159 2413 3457 2484 μαχόμενος
3478 2409 3537 2463 δέ
3571 2409 3709 2477 μᾶλα

2122 2507 2247 2573 λον,
2303 2508 2396 2560 καὶ
2450 2505 2802 2578 προασπίζων
2866 2506 3050 2558 αὐτοῦ.
3101 2501 3436 2572 Ἐπέστρεψε
3489 2499 3550 2552 δέ
3601 2497 3709 2568 τὴν

2122 2594 2436 2666 Δαμασκὸν,
2474 2595 2568 2648 καὶ
2611 2593 2898 2648 ἀπέσπασε
2923 2593 2983 2646 τὸ
3025 2593 3172 2664 ὄριον
3221 2589 3464 2660 Ἰσραὴλ,
3493 2587 3591 2641 καὶ
3614 2587 3708 2640 δυ-

2123 2681 2375 2745 ναστείας
2413 2682 2699 2754 εἴργασται
2739 2681 2959 2745 πολλάς.
3008 2679 3395 2742 Βασιλεύοντος
3434 2677 3494 2730 δὲ
3535 2677 3703 2748 Ἱερο-

2124 2772 2270 2843 ϐοάμ
2291 2775 2506 2845 χρίεται
2533 2773 2815 2844 Ἀζαρίας,
2862 2773 2890 2826 ὁ
2945 2771 3039 2826 καὶ
3083 2769 3290 2835 Ὀζίας,
3326 2769 3586 2841 βασιλεὺς
3610 2770 3705 2822 ἐπὶ

2125 2865 2214 2918 τὸν
2247 2864 2452 2918 Ἰούδαν
2485 2865 2542 2918 ἐν
2600 2867 2712 2928 τοῖς
2751 2862 3164 2936 Ἰεροσολύμοις.
3209 2863 3306 2924 ’ος
3357 2861 3514 2913 οὐδὲν
3541 2853 3704 2930 ἧττον

2121 2953 2188 3029 ἦν
2217 2959 2328 3021 τοῖς
2365 2957 2540 3012 ἔθνεσι
2576 2955 2998 3027 φορτικώτατος,
3026 2955 3118 3008 καὶ
3147 2952 3414 3016 νεανικῶς
3450 2952 3702 3021 ἐγκείμε·

2123 3066 2212 3114 νος
2235 3052 2343 3113 τοῖς
2384 3049 2756 3120 πεπορθηκόσι
2788 3047 2886 3119 τὴν
2910 3047 3191 3101 Ἰουδαίαν.
3229 3045 3430 3113 Γέγονε
3471 3045 3575 3114 μὲν
3598 3044 3692 3114 γὰρ

2125 3140 2373 3212 εὐσεϐὴς,
2411 3141 2505 3193 καὶ
2557 3139 2854 3209 φιλάγαθος
2892 3139 3050 3210 ἀνήρ.
3088 3137 3245 3190 Ἐπεὶ
3281 3137 3340 3190 δὲ
3390 3136 3698 3207 κεκράτηκε

2124 3232 2232 3286 τῶν
2259 3231 2466 3303 ἐχθρῶν
2483 3230 2576 3286 τοῦ
2599 3231 2734 3285 Θεοῦ
2752 3231 2810 3284 τὸ
2837 3231 2992 3302 νικᾷν
3013 3229 3419 3301 ἐπιτρέποντος,
3441 3229 3703 3297 νενόσηκε

2123 3321 2220 3393 τὴν
2255 3323 2572 3394 ὑπεροψίαν,
2606 3323 2699 3375 καὶ
2729 3319 3174 3384 αὐτοκελεύστοις
3225 3319 3313 3391 ᾔει
3357 3319 3574 3391 βουλαῖς
3605 3319 3702 3372 ἐπὶ

2123 3410 2184 3463 τὸ
2233 3411 2433 3484 χρῆναι
2477 3411 2661 3464 λοιπὸν
2709 3412 2802 3465 καὶ
2841 3409 3141 3482 ἱερατεύειν
3185 3409 3325 3480 Θεῷ,
3377 3409 3466 3461 καὶ
3493 3407 3559 3478 δὴ
3597 3415 3698 3461 καὶ

2122 3502 2456 3576 τετόλμηκεν
2482 3503 2567 3554 ἐπ’
2589 3501 2721 3556 αὐτὸ
2749 3501 2810 3554 τὸ
2839 3501 2980 3554 θεῖον
3005 3499 3269 3571 ἀναϐῆναι
3292 3499 3699 3568 θυσιαστήριον,

2122 3595 2216 3647 καὶ
2240 3595 2606 3663 προσαγαγεῖν
2631 3591 2778 3663 αὐτῴ
2824 3592 2883 3644 τὸ
2923 3590 3193 3661 θυμίαμα.
3229 3589 3371 3642 Ἀλλ’
3398 3589 3564 3652 εὐθὺς
3605 3589 3706 3643 at)-

2122 3683 2212 3736 τὸν
2243 3681 2436 3753 ἡλεγξε
2469 3683 2620 3746 Θεός.
2672 3683 2863 3754 Λέπρᾳ
2912 3681 3018 3752 γάρ
3053 3679 3603 3750 κατεστίζετο,δεινῷ
3643 3697 3706 3733 τε

2124 3773 2218 3825 καὶ
2244 3773 2448 3843 ἀνιὰτῳ
2483 3772 2662 3837 πάθει,
2690 3772 2776 3825 ἵνα
2806 3773 2900 3826 καὶ
2928 3771 3002 3836 ὡς
3029 3771 3336 3842 ἀκάθαρτος
3359 3771 3510 3824 κατά
3539 3771 3700 3840 νόμον

2121 3865 2473 3936 ἐκπέμπηται
2503 3865 2984 3936 τῆςῚερουσαλὴμ,
3016 3865 3398 3919 ἀποπαύσαιτό
3420 3883 3484 3918 τε
3519 3865 3692 3918 λοιπὸν

2120 3959 2213 4012 καὶ
2244 3958 2542 4029 ἱερατεύειν
2565 3953 2704 4030 Θεῷ,
2729 3959 2821 4012 καὶ
2851 3960 2950 4030 τῆς
2985 3960 3314 4030 παρανόμως
3345 3958 3693 4029 ἐπιτετηδευ-

2121 4048 2292 4120 μένης
2325 4049 2633 4121 ἱερουργίας
2660 4048 2825 4120 αὐτῷ,
2867 4047 3071 4102 καὶτοῦ
3109 4048 3198 4100 τὸν
3225 4046 3370 4100 θεῖον
3403 4047 3699 4117 καταμιαί-

2117 4157 2228 4194 νειν
2258 4139 2404 4194 ναόν.
2439 4140 2621 4194 Ταῦτα
2651 4141 2709 4194 δέ
2754 4158 2885 4210 φησι
2917 4140 2978 4193 τὸ
3015 4141 3253 4211 Γράμμα
3283 4140 3345 4192 τὸ
3368 4139 3520 4210 ἱερὸν
3549 4141 3603 4191 ἐν
3629 4142 3696 4209 τῇ

2115 4234 2349 4304 τετάρτῃ
2381 4232 2488 4288 τῶν
2514 4233 2829 4288 Βασιλειῶν.
2879 4234 2969 4286 Ἐν
3010 4233 3067 4287 δὲ
3092 4236 3158 4304 τῇ
3184 4233 3416 4304 δευτέρα
3446 4233 3558 4286 τῶν
3586 4233 3700 4285 Πα-

2120 4325 2522 4396 ραλειπομένων
2589 4327 2873 4397 ίσχνοτέρα
2932 4327 3107 4379 κεῖται
3171 4329 3204 4395 ἡ
3289 4326 3412 4394 περὶ
3486 4324 3698 4376 τούτων

444 4429 507 4469 ac
525 4422 741 4481 sceptro
765 4410 886 4466 illos
909 4409 1183 4492 subderet,
1210 4415 1552 4480 quantumvis
1578 4415 1704 4470 olim
1733 4416 1836 4472 sibi
1861 4419 2013 4474 valde

2120 4416 2413 4488 ἀφήγησις.
2453 4418 2590 4488 Περὶ
2620 4418 2719 4488 μὲν
2750 4413 2842 4471 οὗν
2865 4416 2959 4470 τοῦ
2989 4414 3358 4485 λελεπρῶσθαι
3386 4413 3475 4465 τὸν
3504 4412 3696 4477 Ὀζίαν

441 4505 731 4574 placentes,
765 4502 922 4573 plene
972 4491 1166 4557 do'cent
1221 4517 1392 4558 sacrae
1437 4504 1675 4562 Litterae.
1736 4506 2004 4574 Quoniam

438 4612 568 4668 ergo
594 4593 939 4667 propheticus
959 4605 1138 4647 sermo
1156 4591 1208 4646 in
1238 4594 1461 4649 exordio
1505 4596 1700 4651 futurae
1753 4599 2009 4669 alienige-

438 4702 628 4742 narum
660 4682 974 4740 vastationis
995 4683 1256 4751 meminit,
1285 4699 1370 4739 res
1394 4686 1703 4753 postulavit,
1741 4697 1800 4742 ut
1823 4704 2004 4760 regum

437 4777 580 4834 Oziaa
609 4787 665 4836 et
699 4777 984 4836 Jeroboarn
1018 4779 1347 4835 mentionem
1378 4778 1700 4844 faceremus,
1724 4794 1819 4844 per
1869 4796 2004 4851 quos

436 4872 510 4926 illi
543 4871 668 4927 victi
687 4879 829 4934 sunt,
869 4879 928 4925 ut
955 4869 1066 4939 jam
1099 4869 1348 4924 diximus.
1395 4868 1652 4927 Novimus
1693 4871 1854 4926 etiam
1910 4890 2006 4944 per

437 4963 693 5035 Assyrios
715 4961 1035 5018 Damascum
1065 4961 1337 5018 incensam
1359 5000 1375 5026 ,
1429 4962 1518 5032 qui
1568 4962 1788 5033 insuper
1816 4965 2002 5020 alieni-

436 5069 690 5126 genarum
719 5052 940 5124 populos
965 5052 1109 5108 ferro
1137 5051 1353 5124 ignique
1375 5060 1650 5108 vastarunt
1676 5053 1719 5119 ’ς
1754 5054 1848 5110 sed
1881 5069 2003 5110 cum

2113 4507 2327 4579 ἀπόχρη
2357 4507 2532 4560 ταυτί.
2571 4508 2690 4562 Ὅτι
2746 4508 2804 4562 δέ
2856 4508 3078 4578 γέγονεν
3115 4508 3254 4578 ἀνὴρ
3309 4504 3529 4569 δυνατὸς
3551 4543 3566 4572 ,
3595 4507 3702 4559 καὶ

2113 4599 2233 4659 ταῖς
2290 4597 2397 4648 τῶν
2461 4596 2770 4665 ἀλλοφύλων
2835 4597 3239 4668 ἐπεστράτευσε
3295 4596 3539 4666 χώραις,
3599 4597 3708 4649 καὶ

2112 4685 2363 4749 τοσοῦτος
2404 4685 2626 4756 γέγονεν
2679 4689 2759 4751 είς
2787 4682 2979 4758 ἀλκὴν,
3019 4687 3094 4752 ὡς
3141 4688 3234 4741 καὶ
3297 4684 3708 4756 ἀναδείμασθαι

2113 4777 2298 4842 πόλεις
2323 4780 2449 4853 παρ’
2483 4779 2684 4843 αὐτοῖς,
2716 4781 2812 4833 καὶ
2851 4779 3215 4850 δασμολογίαν
3260 4779 3556 4844 ἐπιθεῖναι,
3599 4779 3716 4833 καὶ

2113 4869 2412 4939 σκήπτροις
2459 4868 2606 4932 ίδίοις
2649 4869 2987 4936 ὑπενεγκεῖν,
3024 4869 3200 4922 καίτοι
3229 4868 3444 4939 μεγάλα
3483 4867 3720 4936 φυσῶν-

2108 4960 2208 5024 τάς
2241 4976 2392 5025 ποτε,
2431 4959 2701 5032 δεδίδαχεν
2735 4961 3047 5034 ἀρκούντως
3077 4961 3138 5014 τὸ
3165 4961 3406 5031 Γράμμα
3441 4961 3504 5014 τὸ
3527 4960 3720 5030 ἱερόν.

2113 5049 2343 5117 Οὐκοῦν,
2374 5051 2672 5122 ἐπειδήπερ
2694 5051 2722 5103 ό
2755 5051 3091 5122 προφητικὸς
3110 5051 3241 5121 ἡμῖν
3259 5051 3415 5119 λόγος
3442 5052 3727 5104 είσκεκό-

2118 5159 2277 5213 μικεν
2311 5144 2369 5195 ἐν
2396 5142 2592 5214 ἀρχαῖς
2626 5141 2724 5213 τὴν
2761 5142 3027 5214 ἐσομένην
3063 5144 3204 5196 κατὰ
3233 5145 3343 5195 τῶν
3374 5141 3733 5210 ἀλλοφύλων

2109 5231 2406 5303 ἐρήμωσιν,
2433 5233 2700 5302 ἀναγκαία
2727 5233 2950 5302 γέγονεν
2979 5235 3012 5303 ἡ
3043 5235 3233 5305 μνήμη
3277 5235 3378 5304 τῆς
3408 5233 3734 5302 βασιλείας

439 5345 542 5398 que
570 5329 909 5400 Assyriorum
925 5327 1152 5385 ducibus
1173 5326 1534 5398 contigerunt.
1584 5327 1720 5395 Quia
1749 5343 1878 5383 vero
1905 5345 1999 5397 ap-

2125 5324 2286 5388 Οζίου
2315 5343 2375 5379 τε
2429 5327 2523 5380 καὶ
2567 5325 2868 5396 Ἱεροϐοάμ,
2926 5326 3233 5396 νενίκηνται
3262 5326 3373 5397 γὰρ
3411 5325 3481 5378 δι’
3504 5327 3735 5384 αὐτῶν

440 5422 616 5489 posuit
638 5423 914 5489 propheta,
946 5439 964 5474 ι
986 5421 1195 5476 duobus
1219 5418 1376 5474 annis
1399 5429 1526 5474 ante
1558 5428 1718 5475 terrae
1743 5429 1999 5484 motum,»

2120 5415 2175 5479 ὓς
2208 5417 2569 5488 προλαϐόντες
2589 5418 2913 5489 εἰρήκαμεν.
2959 5412 3091 5472 Οῖδα
3117 5418 3213 5487 μὲν
3233 5412 3324 5470 οὖν
3348 5418 3431 5470 ὅτι
3467 5418 3564 5470 καὶ
3603 5419 3740 5476 διὰ

440 5524 658 5567 necesse
684 5511 783 5565 fuit
812 5514 972 5567 etiam
1024 5513 1090 5568 de
1134 5511 1278 5580 lepra
1336 5509 1481 5568 Otia:
1530 5527 1852 5577 memorare,
1903 5525 2006 5580 qua

2120 5509 2286 5579 (ειρδς
2303 5509 2604 5582 Ἀσσυρίων
2631 5509 3020 5580 ἐμπέπρησται
3052 5510 3366 5579 Δαμασκδς,
3386 5507 3740 5576 δεδῄωνται

441 5608 722 5657 contactus
747 5615 847 5660 est.
882 5603 1132 5670 puniente
1154 5603 1285 5668 Deo,
1321 5613 1602 5674 postquam
1643 5602 1810 5658 sacris
1856 5600 2007 5670 fungi

2120 5598 2164 5651 53-:
2194 5601 2345 5655 οὐδὲν
2373 5596 2534 5670 ἦττον
2567 5604 2660 5656 καὶ
2681 5602 2748 5656 τά
2781 5602 2890 5654 τῶν
2922 5600 3234 5670 ἀλλοφύλων
3268 5601 3422 5671 γένη.
3459 5600 3752 5684 Ἐπειδὴ

438 5148 488 5204 id
523 5154 706 5215 postea
732 5142 931 5200 factum
953 5142 1362 5209 sit,necessario
1384 5143 1656 5214 attigimus
1681 5159 1799 5214 qua:
1822 5146 1889 5202 ab
1916 5143 2006 5202 Je-

439 5242 678 5306 roboam,
707 5247 761 5294 et
780 5238 896 5310 ejus
917 5235 1268 5308 temporibus,
1294 5235 1608 5307 alienigenis
1623 5247 1678 5292 et
1710 5239 1838 5308 ipsis
1866 5253 2004 5309 quo-

508 5779 614 5837 ‘IV
648 5777 794 5846 Ἡρα.
827 5794 932 5843 xw,
985 5780 1073 5846 36,
1103 5779 1192 5832 9.7.
1276 5783 1293 5812 ³
1326 5783 1386 5836 ιν
1421 5783 1551 5851 Reg.
1586 5797 1673 5846 xv,
1704 5782 1754 5836 5.
1833 5782 1853 5815 ⁸
1894 5783 1930 5838 ll
1963 5782 2015 5838 P:

2124 5823 2136 5835 .
2173 5799 2312 5850 χλιι,
2355 5785 2432 5836 19.
2513 5783 2623 5836 υιγ
2675 5782 2806 5852 Reg.
2859 5799 2963 5846 xvi,
3001 5784 3050 5837 9.
