4054 6274
267 405 371 462 417
1217 397 1765 455 COMMENTARIUS
1803 396 1869 451 ΙΝ
1911 396 2096 452 AMOS
2133 395 2574 453 PROPHETAM.
3411 405 3517 459 MS

269 522 326 574 δὲ
368 519 546 588 τούτῳ
575 519 722 571 ἐστὶν
756 517 942 569 ἐκεῖνα
983 518 1444 588 μεταγενέστεροι,
1489 516 1834 589 προσάψομεν

1946 525 2131 570 contra
2154 515 2322 586 legem
2351 529 2456 568 non
2481 515 2759 570 dubitavit.
2793 513 3125 570 Contremuit
3157 517 3300 571 enim
3329 515 3520 574 Hiero-

275 609 585 678 ἀναγκαίως
605 607 684 677 τῷ
710 623 770 659 τε
810 607 1110 678 Ὶεροόοάμ,
1141 607 1235 660 καὶ
1256 609 1369 669 τοῖς
1395 607 1604 660 ἐκείνου
1629 609 1834 676 καιροῖς

1948 608 2174 678 solyma,
2199 592 2396 662 iniolis
2427 609 2560 661 iram
2585 623 2735 661 suam
2763 606 2873 661 Deo
2901 609 3232 663 ostendente.

277 702 345 756 τά
369 703 478 764 τοῖς
507 697 825 768 ἀλλοφύλοις
859 697 1262 768 συμϐεϐηκότα.
1293 700 1386 752 καὶ
1415 699 1595 760 αὐτοῖς
1656 698 1713 750 δὲ
1764 696 1916 750 οὐδὲν
1953 692 2115 767 ἦττον
2140 699 2252 759 τοῖς
2301 695 2408 749 τῶν
2462 697 2762 767 Ἀσσυρίων
2818 698 3171 768 καθηγηταῖς.
3205 700 3420 772 Ἐπειδὴ
3463 701 3521 754 δὲ

277 796 660 865 προστέθεικεν
677 796 704 847 ὁ
721 793 1004 864 προφήτης
1033 811 1050 842 ί
1075 793 1176 863 πρὸ
1193 793 1286 846 δύο
1304 792 1440 846 ὲτῶν
1455 793 1549 846 τοῦ
1569 791 1814 862 σεισμοῦ,
1857 809 1877 843 ι
1921 793 2142 862 μνήμην
2184 790 2499 858 ἀναγκαίως
2526 793 2621 845 καὶ
2667 791 2761 845 τοῦ
2819 793 3188 864 λελεπρῶσθαι
3222 796 3312 849 τὸν
3335 798 3427 861 ’οζ
3435 799 3520 852 ίαν

275 886 643 957 πεποιήμεθα.
708 884 928 954 Ἐπειδὴ
991 883 1100 954 γάρ
1175 885 1482 956 ίερατεῦσαι
1545 885 1846 956 τετόλμηκε
1907 883 2261 956 παρανόμως,
2303 883 2644 954 λελέπρωται
2697 885 2796 953 μὲν
2838 885 3154 956 ἐλέγχοντος
3189 889 3348 956 Θεοῦ,
3381 909 3517 946 κατ-

269 980 499 1052 εδονήθη
524 980 582 1033 δὲ
618 978 826 1049 σεισμῷ
855 978 924 1032 τά
967 979 1314 1050 Ἰεροσόλυμα
1351 983 1462 1042 τοῖς
1511 980 1571 1033 τὸ
1614 980 1865 1051 τηνικάδε
1902 978 2038 1032 Θεοῦ
2093 979 2193 1048 τὴν
2233 977 2370 1032 ἰδίαν
2389 977 2558 1049 ὀργὴν
2594 979 3047 1048 ὑπεμφαίνοντος.

339 1075 454 1130 Καὶ
483 1071 640 1138 εἷπε,
666 1075 878 1141 Κύριος
913 1073 980 1125 ἐκ
1024 1073 1176 1128 Σιὼν
1223 1072 1572 1142 ἐφθέγξατο,
1620 1075 1717 1129 καί
1775 1074 1843 1136 ἐξ

280 1167 672 1236 Ἰερουσαλὴμ
691 1164 874 1219 ἔδωκε
901 1164 1113 1234 φωνὴν
1139 1165 1347 1230 αὐτοῦ,
1373 1165 1470 1219 καί
1497 1165 1842 1232 ἐπένθησαν

265 1265 327 1314 αι
362 1260 540 1328 νομαί
578 1257 696 1311 τῶν
739 1256 1066 1327 ποιμένων,
1108 1259 1208 1314 καί
1260 1258 1560 1327 ἐξηράνθη
1599 1258 1834 1327 κορυφὴ

268 1349 379 1402 τοῦ
423 1347 764 1415 Καρμήλου.

341 1444 417 1495 Γ’.
447 1443 603 1505 ’Ὀλος
641 1445 771 1514 ἡμῖν
801 1443 859 1496 ἐν
888 1443 1097 1506 τούτοις
1137 1445 1166 1497 ὁ
1197 1445 1296 1513 τῆς
1328 1445 1664 1515 προφητείας
1720 1444 1837 1498 διοι-

266 1535 522 1601 φαίνεται
574 1533 791 1597 σκοπὸς,
845 1536 938 1587 καὶ
995 1535 1089 1587 τοῦ
1136 1535 1336 1598 παντὸς
1369 1537 1839 1606 χρησμῳδήματος

265 1629 394 1694 ὅρος
426 1625 612 1695 ὥσπερ
646 1643 745 1688 τις,
777 1627 870 1678 καὶ
901 1627 1304 1696 προαφήγησις,
1365 1626 1605 1696 ἀσαφείᾳ
1668 1627 1834 1697 πολλῇ

267 1719 710 1788 κατεσκιασμένη
741 1719 897 1771 νοοῖτ’
927 1717 992 1772 ἂν
1016 1719 1292 1789 εἰκότωςή
1324 1718 1416 1771 τοῦ
1472 1709 1835 1789 προκειμένου
1871 1750 1914 1806 Β

265 1811 515 1880 δύναμιςο
547 1810 837 1879 πεποίηται
861 1811 958 1879 μὲν
988 1810 1095 1879 γὰρ
1125 1810 1197 1872 ὡς
1222 1808 1281 1874 ἐξ
1301 1808 1613 1879 ὁμοιότητός
1641 1825 1698 1860 τε
1749 1808 1842 1860 καὶ

271 1901 583 1970 μεταφορᾶς
619 1903 646 1953 ό
677 1901 854 1968 λόγος,
894 1900 989 1952 καὶ
1021 1899 1096 1961 ὡς
1138 1901 1201 1951 ὲκ
1226 1900 1320 1952 τοῦ
1351 1899 1654 1968 πεφυκότος
1704 1915 1841 1968 συμ-

275 1990 473 2042 ϐαίνειν
508 1993 627 2051 ταῖς
666 1990 992 2060 εύπρέμνοις
1024 1988 1132 2042 τῶν
1167 1989 1307 2059 ὀρῶν
1349 1991 1631 2058 κορυφαῖς,
1662 1989 1694 2059 ἢ
1729 1992 1842 2052 τοῖς

272 2081 621 2152 ἐύιλωμένοις
645 2080 753 2133 τῶν
788 2079 982 2132 πεδίων
1006 2078 1116 2131 ἔσθ’
1154 2081 1264 2133 ὅτε.
1288 2081 1426 2150 Ὀρη
1454 2079 1554 2148 μὲν
1586 2078 1694 2149 γὰρ
1721 2078 1842 2131 καί-

267 2191 347 2225 τοι
375 2173 600 2243 δρυμοῖς
625 2171 900 2240 κομῶντα,
927 2172 1020 2224 καὶ
1049 2171 1246 2237 ξύλοις,
1291 2168 1480 2232 πεδιὰς
1518 2169 1576 2222 δὲ
1608 2165 1676 2222 αὖ
1711 2169 1839 2222 πολ-

265 2264 330 2335 λῇ
360 2263 453 2316 καὶ
480 2261 785 2332 ἀμφιλαφεῖ
806 2264 870 2331 τῇ
904 2261 1009 2332 πόᾳ
1053 2261 1490 2349 κατεστεμμένῃ,
1545 2260 1840 2328 καταφθεί-

269 2353 453 2422 ροντός
479 2367 622 2413 τινος
647 2350 680 2419 ἢ
707 2347 896 2419 λοιμοῦ
947 2350 1108 2419 τυχὸν
1126 2392 1140 2416 ,
1175 2351 1344 2420 ήγουν
1387 2347 1574 2418 ἐτέρου
1606 2365 1700 2400 του
1728 2349 1838 2401 τῶν

263 2443 326 2507 ἐξ
349 2443 507 2514 ἀέρος
538 2441 1008 2512 ἀρρωστημάτων,
1055 2443 1331 2510 ἀδοκήτως
1371 2442 1669 2495 αὐαίνεται.
1708 2443 1837 2494 Δια-

261 2534 458 2588 πίπτει
484 2533 539 2585 δὲ
563 2531 706 2586 οὕτω
727 2535 820 2586 καὶ
844 2533 914 2586 τὰ
938 2532 1276 2604 ἀνθρώπινα,
1308 2532 1402 2586 καὶ
1426 2534 1838 2610 κατασκήπτους

264 2643 352 2678 σιν
376 2624 488 2678 ἐσθ’
509 2626 597 2677 ὅτε
625 2624 833 2678 πόλεων
861 2626 954 2678 καὶ
980 2624 1173 2696 χωρῶν
1197 2626 1414 2694 πικραὶ,
1449 2627 1541 2678 καὶ
1568 2625 1838 2678 δύσοιστοι

266 2715 571 2784 συμφοραὶ,
597 2713 954 2778 διολλύουσαι,
989 2715 1088 2766 καὶ
1129 2713 1586 2783 καταφθείρουσαι
1647 2713 1840 2784 μικρόν

265 2821 330 2856 τε
362 2803 457 2856 καὶ
481 2803 671 2872 μέγαν.
709 2803 862 2866 Τίνος
881 2803 988 2871 γὰρ
1016 2802 1082 2855 ἂν
1106 2803 1350 2871 φείσαιτο
1375 2803 1647 2874 πολεμίων
1665 2804 1833 2873 ξίφος,

267 2893 329 2962 ἤ,
361 2892 492 2962 φέρε
515 2893 708 2955 εἰπεῖν,
731 2892 954 2962 λοιμός;
985 2893 1190 2963 ’Δρδην
1227 2894 1506 2966 ἀποκείρει
1536 2896 1628 2948 καὶ
1653 2897 1745 2948 τὸν
1779 2898 1836 2949 ὲν

260 2984 506 3055 πλούτῳ,
555 2987 648 3039 καὶ
703 2986 903 3052 δόξαις,
953 2987 1047 3040 καὶ
1075 2987 1411 3050 δυναστείαις
1447 2987 1701 3058 διαφανῆ,
1742 2990 1836 3042 καὶ

2021 1071 2184 1141 252
2228 1072 2389 1128 Vsus.
2419 1072 2472 1127 2.
2506 1071 2570 1124 Et
2599 1073 2728 1126 dixit
2762 1087 2781 1125 :
2809 1071 3068 1126 Dominus
3096 1075 3160 1128 de
3199 1075 3326 1130 Sion
3369 1080 3516 1131 locu-

1945 1172 2028 1216 tus
2053 1175 2150 1227 est,
2175 1173 2220 1216 et
2261 1163 2324 1215 de
2345 1163 2640 1217 Jerusalem
2664 1165 2803 1217 dedit
2833 1181 3007 1218 vocent
3060 1181 3233 1229 suam,
3279 1177 3328 1220 et
3365 1168 3518 1222 lure-

1943 1264 2063 1306 runt
2096 1270 2290 1321 pascua
2311 1264 2601 1323 pastorum,
2635 1268 2681 1310 et
2723 1258 3013 1312 exsiccata:
3055 1266 3130 1311 εει
3182 1269 3354 1313 vertex
3397 1260 3519 1315 Car-

1943 1346 2083 1399 meti.

2013 1435 2098 1489 Ill.
2123 1437 2176 1490 lu
2201 1437 2287 1492 his
2309 1437 2487 1492 verbis
2511 1447 2650 1492 totus
2675 1440 2965 1508 pr0phetiae
2989 1455 3182 1510 scopus
3211 1440 3366 1496 nobis
3397 1443 3514 1496 elu-

1943 1529 2126 1592 cescit,
2157 1538 2211 1582 et
2239 1528 2476 1582 vaticinii
2505 1529 2739 1583 universi
2775 1531 2929 1597 quasi
2993 1531 3278 1601 terminus,
3319 1548 3517 1602 propo-

1941 1618 2276 1688 sitorumqne
2298 1620 2578 1674 verborum
2599 1622 2888 1683 sententia,
2910 1623 3104 1676 merito
3163 1634 3220 1676 ιιι
3267 1625 3513 1692 quaedam

1943 1709 2298 1777 prtegrediens
2323 1709 2581 1774 nnrratio,
2621 1709 2953 1764 obscuritate
2975 1711 3141 1764 multa
3197 1713 3515 1766 obumbrata

1943 1799 2258 1868 accipiatur.
2332 1802 2553 1854 Constat
2595 1801 2736 1854 enim
2791 1801 3141 1856 similitudine
3181 1805 3409 1870 quadam
3462 1813 3517 1857 et

1941 1891 2255 1958 metaphora
2275 1892 2472 1956 oratio,
2501 1906 2598 1946 ceu
2627 1907 2692 1945 ex
2713 1906 2777 1946 eo
2797 1895 2936 1960 quod
2967 1907 3347 1961 nonnunquam
3372 1892 3518 1961 jugis

1942 1983 2460 2036 montiumarbustis
2523 1982 2859 2048 ﬂorentibus,
2910 1993 3004 2038 aut
3048 1985 3253 2054 campis
3302 1985 3515 2039 nudatis

1942 2072 2077 2126 solet
2099 2071 2333 2127 evenire.
2362 2071 2566 2128 Montes
2595 2075 2760 2138 enim,
2790 2074 3037 2142 quamvis
3084 2075 3235 2130 silvis
3280 2087 3336 2130 et
3364 2077 3518 2132 orbo.

1940 2160 2088 2214 ribus
2116 2162 2334 2225 comati,
2366 2171 2419 2215 et
2447 2162 2698 2230 planities
2734 2163 2900 2217 multo
2951 2173 3006 2218 et
3053 2165 3220 2218 denso
3270 2166 3516 2234 gramine

1939 2256 2259 2320 convestita,
2291 2266 2670 2324 corrumpente
2696 2266 2789 2310 aut
2838 2268 2983 2326 peste
3029 2257 3277 2322 fortasse,
3299 2259 3514 2313 autalia

1939 2339 2061 2393 coeli
2083 2339 2187 2406 lue,
2209 2352 2427 2411 repente
2457 2352 2798 2397 exarescunt.
2828 2344 2917 2398 Sic
2947 2343 3108 2398 etiam
3150 2359 3240 2398 res
3266 2346 3516 2400 humanm

1939 2431 2268 2500 dilabuntur,
2294 2443 2347 2488 et
2400 2435 2665 2488 interdum
2719 2437 2882 2491 urbes
2937 2453 2999 2492 ac
3033 2439 3276 2505 regiones
3306 2439 3516 2493 acerba:

1938 2522 2274 2578 calamitates
2302 2535 2354 2579 et
2392 2527 2477 2580 vix
2503 2528 2806 2582 tolerabiles
2832 2530 3158 2597 opprimunt,
3181 2545 3299 2596 qum
3323 2546 3514 2598 magna

1933 2613 2082 2683 juxta
2114 2629 2177 2668 ac
2200 2631 2361 2684 parva
2393 2621 2638 2684 perdunt,
2667 2629 2827 2687 atque
2856 2634 2886 2674 e
2931 2621 3105 2675 medio
3156 2621 3368 2675 tollunt.
3415 2620 3513 2676 Cui

1941 2705 2085 2757 enim
2114 2714 2204 2758 aut
2230 2705 2442 2761 hostilis
2464 2708 2690 2777 gladius,
2714 2725 2916 2778 quaeso,
2940 2721 3033 2764 aut
3060 2712 3236 2780 potius
3266 2714 3516 2780 pestilen-

1938 2795 2009 2849 tia
2036 2797 2548 2864 parcat?Funditus
2569 2799 2791 2854 demetit
2837 2810 2943 2854 tam
2995 2803 3214 2868 divitiis,
3248 2804 3412 2871 gloria
3461 2813 3517 2859 et

1938 2889 2176 2954 potentia
2211 2889 2624 2956 przecellentem,
2649 2905 2808 2958 quam
2854 2893 3140 2946 obscurum
3189 2906 3353 2963 atque
3409 2896 3508 2950 ab-

1932 2979 2156 3048 jectum.
2191 2980 2454 3048 Propheta
2483 2980 2646 3048 igitur
2668 2997 2810 3036 nunc
2857 2997 3016 3051 quam
3060 2986 3508 3042 accommodatis-

254 3074 354 3127 τὸν
390 3075 602 3146 ἄσημόν
657 3094 715 3130 τε
769 3078 862 3131 καὶ
899 3077 1350 3150 κατεῤῥιμμένον.
1408 3079 1602 3148 Γέγονε
1656 3082 1834 3134 τοίνυν

1936 3071 2073 3125 sime
2100 3081 2354 3126 consueta
2390 3071 2490 3126 sibi
2527 3071 2735 3126 loeutus
2763 3082 2865 3126 est.
2898 3075 3316 3133 Pascebatenim
3343 3095 3499 3143 oves,

253 3165 339 3236 τῷ
365 3168 619 3238 προφήτῃ
644 3168 760 3221 νυνὶ
785 3167 1009 3239 πρέπων
1029 3170 1112 3222 ὅτι
1140 3168 1372 3238 μάλιστα
1397 3171 1510 3233 τοῖς
1535 3171 1682 3242 αύτῷ
1702 3189 1834 3225 κατι-

252 3256 588 3328 ειθισμένοις
629 3258 858 3326 ὀλόγος.
900 3254 1009 3314 Ἦν
1056 3259 1185 3331 γὰρ,
1237 3261 1312 3324 ὡς
1365 3261 1521 3332 ἔφην,
1576 3264 1828 3330 αἰπόλος,

253 3348 353 3401 καὶ
385 3349 680 3420 πεποίηται
703 3349 803 3421 τὴν
823 3350 1028 3421 τροπὴν
1051 3351 1127 3414 ὠς
1160 3351 1224 3404 ὲκ
1250 3350 1342 3404 τοῦ
1373 3352 1833 3423 καταφθείρεσθαι

258 3441 520 3504 πολλάκις
545 3440 643 3506 τὰς
660 3441 767 3495 τῶν
796 3441 1129 3514 θρεμμάτων
1158 3443 1348 3514 νομάς.
1391 3444 1488 3507 Τίς
1515 3441 1610 3498 οὖν
1648 3444 1676 3496 ὁ
1726 3444 1832 3500 τῶν

268 3530 568 3602 εἰρημένων
621 3531 986 3604 ἀληθέστερος
1041 3532 1198 3599 νοῦς;
1240 3535 1590 3604 Ἐφθέγξατο,
1633 3537 1829 3606 φησὶν,

258 3621 322 3673 ἐκ
352 3619 495 3675 Σιὼν
529 3623 558 3675 δ
584 3622 806 3694 Κύριος,
835 3625 911 3688 ὼς
939 3623 1001 3690 εξ
1034 3624 1166 3679 ίδίου
1192 3625 1380 3689 τόπου.
1412 3626 1513 3680 καὶ
1542 3627 1602 3694 ὲξ
1637 3628 1832 3698 Ἰερου-

254 3713 463 3785 σαλὴμ,
497 3713 574 3777 ὡς
611 3714 676 3768 ὲκ
705 3715 1036 3787 νεμηθείσης
1084 3716 1255 3787 αὐτῷ,
1285 3717 1401 3770 ἐστι
1433 3719 1535 3790 μὲν
1581 3718 1690 3792 γὰρ
1730 3722 1832 3774 οὐκ

250 3804 314 3856 ἑν
341 3805 496 3875 τόπῳ
516 3805 577 3858 τὺ
599 3805 905 3876 ἀσώματον.
933 3807 1155 3878 Ἐπειδὴ
1178 3808 1234 3862 δὲ
1259 3803 1326 3880 ἦν
1352 3810 1411 3863 ὲν
1441 3811 1556 3874 τοῖς
1598 3812 1830 3882 Ἱεροσο-

249 3893 450 3964 λύμοις
474 3896 503 3948 δ
541 3893 823 3965 διαϐόητος
854 3897 1060 3960 ἐκεῖνος
1111 3898 1266 3962 ναὸς,
1323 3897 1496 3949 ἐδόκει
1547 3915 1662 3961 πως
1702 3898 1832 3962 ίδιος

249 3983 526 4054 ὑπάρχειν
554 3986 582 4036 ὁ
610 3983 786 4055 χῶρος
815 3984 1002 4050 αὐτοῦ,
1040 3984 1182 4038 κατά
1207 4000 1272 4052 γε
1285 3985 1384 4055 τὴν
1411 3984 1520 4038 τῶν
1548 3986 1832 4056 ἀρχαιοτέ-

247 4090 369 4144 ρων
407 4073 698 4144 ὑπόληψιν,
733 4075 908 4144 μικρά
962 4074 1304 4145 φρονούντων
1362 4074 1443 4127 ἔτι
1496 4076 1624 4145 περὶ¹
1671 4074 1829 4129 Θεοῦ.

1935 3171 1992 3215 ιιι
2020 3163 2276 3226 diximus,
2307 3173 2361 3218 et
2388 3164 2638 3231 quoniam
2662 3179 2859 3232 pascua
2885 3180 3137 3234 pecorum
3191 3185 3335 3239 sape
3381 3185 3508 3225 cor-

1934 3264 2270 3322 rumpuntur,
2307 3254 2428 3308 inde
2455 3254 2858 3309 similitudinem
2893 3267 2976 3311 est
3000 3271 3318 3328 aucupatus.
3372 3262 3504 3328 Quis

1933 3359 2060 3412 ergo
2087 3345 2191 3399 erit
2221 3344 2503 3399 verborum
2529 3346 2704 3400 verior
2726 3349 2954 3404 sensus?
2992 3349 3228 3406 Locutus
3273 3363 3376 3417 est,
3432 3355 3513 3408 iu~

1931 3439 2068 3507 quit,
2107 3454 2171 3492 ex
2205 3437 2332 3493 Sion
2363 3439 2639 3504 Dominus,
2673 3452 2729 3494 ut
2764 3456 2830 3495 ex
2866 3442 2980 3496 loco
3014 3446 3227 3515 proprio
3251 3455 3305 3499 et
3333 3463 3395 3500 ex
3421 3445 3513 3500 Je-

1932 3530 2188 3594 rusalem,
2221 3540 2277 3583 ut
2305 3531 2403 3584 sibi
2434 3532 2729 3601 attribute;
2768 3551 2870 3589 non
2903 3536 3044 3588 enim
3094 3539 3235 3605 quod
3288 3553 3511 3605 corpore

1931 3627 2107 3686 vacat,
2143 3620 2258 3675 loco
2287 3621 2616 3674 continetur.
2649 3624 2783 3687 Quia
2812 3639 2940 3678 vero
2985 3625 3368 3694 Hierosolymis
3393 3640 3512 3680 erat

1933 3708 2190 3778 templum
2220 3709 2346 3762 illud
2381 3707 2614 3773 celebre,
2647 3710 3343 3778 videbaturquodammodo
3361 3715 3510 3770 locus

1933 3801 2080 3855 illius
2113 3799 2383 3869 proprius,
2411 3799 2552 3867 quod
2589 3809 2800 3854 veteres
2830 3801 3211 3869 opinabantur,
3257 3805 3383 3872 quia
3408 3807 3508 3859 huc

1934 3888 2078 3942 milia
2112 3887 2287 3941 adhuc
2311 3887 2376 3940 de
2404 3885 2514 3942 Deo
2542 3888 2866 3942 sentiebant.
2895 3888 3018 3955 Pro,
3055 3908 3074 3942 ι
3107 3890 3316 3948 loeutus
3359 3905 3462 3960 εει,
3484 3915 3502 3947 ι

1934 3979 2154 4036 llebraaa
2183 3979 2347 4034 editio
2370 3980 2533 4034 habet
2563 3999 2582 4031 ι
2609 3979 2850 4047 ululavit,
2883 3999 2901 4031 ι
2930 3982 3062 4047 sive,
3097 3999 3116 4033 ι
3145 3985 3324 4054 rugiit,
3354 4004 3372 4038 ι
3398 3986 3509 4041 leo-

1933 4087 2060 4126 num
2094 4086 2243 4126 more
2263 4071 2532 4126 videlicet.
2565 4070 2680 4137 Quo
2706 4069 2868 4138 facto,
2910 4090 2928 4122 ι
2991 4071 3290 4142 Luxerunt,
3312 4076 3505 4145 inquit,

246 4163 404 4215 Ἀντὶ
428 4162 487 4216 δὲ
511 4163 605 4216 τοῦ
665 4181 684 4213 ι
724 4162 1043 4232 ἐφθέγξατο,
1085 4183 1103 4215 ι
1162 4163 1374 4218 τέθεικε
1419 4164 1530 4218 τῶν
1568 4164 1832 4235 Ἑϐραίων

1935 4179 2128 4233 pascua
2161 4172 2460 4232 pastorum.
2501 4180 2519 4213 ι
2557 4161 2906 4226 Quonomine
2929 4162 3346 4232 alienigenarum
3373 4182 3506 4233 gen—

245 4257 288 4324 ἡ
322 4253 536 4316 ἔκδοσις
567 4273 585 4305 ι
621 4254 896 4324 ὠρύσατο,
923 4273 940 4304 ι
966 4255 1084 4324 ἦτοι
1106 4254 1574 4324 ὲ6ρυχήσατο,τὸν
1602 4255 1832 4309 λεόντων

1939 4263 2018 4308 tes
2046 4253 2321 4323 intelligit,
2365 4253 2700 4320 principibus
2747 4253 2858 4306 suis
2909 4261 3164 4320 tanquam
3199 4257 3507 4323 pastoribus

247 4345 438 4415 νόμον.
463 4340 535 4399 Οῦ
553 4346 616 4415 δὴ
635 4346 938 4414 γεγονότος,
963 4363 980 4396 ι
1007 4345 1360 4415 Ἐπένθησαν,
1379 4347 1564 4417 φησὶν,
1595 4348 1649 4399 αἱ
1671 4348 1832 4416 νομαὶ

1935 4345 2256 4414 quibusdam
2281 4342 2570 4412 subjectas,
2590 4343 2679 4411 qui
2710 4343 2772 4396 ad
2796 4345 2971 4397 omnia
3008 4346 3136 4414 ipsis
3159 4346 3391 4400 collibita
3415 4363 3507 4417 po-

246 4412 364 4490 miiv
390 4412 681 4507 ποιμένων.
770 4435 962 4507 Νομάς
1012 4435 1069 4489 δὲ
1102 4412 1487 4507 ποιμένωντά
1531 4437 1638 4492 τῶν
1670 4412 1827 4493 ἀλλο-

1936 4412 2088 4505 pulos
2113 4432 2614 4503 subjectosxapiunt
2637 4443 2926 4503 aguntque.
2955 4412 3292 4490 «Lnxeruntt
3323 4412 3504 4507 igitur,

249 4524 439 4592 φύλων
473 4523 598 4595 ἔθνη
628 4525 781 4594 φησὶ,
811 4524 1062 4594 καθάπερ
1097 4525 1209 4577 τισὶ
1258 4525 1478 4595 ποιμέσι
1511 4527 1622 4589 τοῖς
1650 4525 1829 4582 αὐτῶν

245 4615 551 4686 κρατοῦσιν
590 4603 1007 4687 ὑπεστρωμένα,
1052 4617 1104 4670 οἳ
1162 4616 1297 4688 πρὸς
1349 4618 1456 4671 πᾶν
1503 4617 1682 4671 ὁτιοῦν
1721 4617 1828 4671 τῶν

244 4707 398 4760 κατά
417 4699 641 4778 γνώμην
672 4709 854 4770 αὐτοῖς
878 4708 1069 4776 ἄγουσί
1091 4725 1150 4761 τε
1185 4708 1280 4761 καὶ
1314 4708 1538 4780 φέρουσι
1569 4711 1695 4773 τοὺς
1725 4709 1830 4762 ὑπὸ

241 4798 446 4867 χεῖρας
490 4795 674 4858 λαούς.
715 4814 734 4847 ι
770 4797 1102 4870 Ἐπένθησαν
1135 4819 1154 4850 ι
1183 4799 1395 4867 τοίνυν,
1426 4800 1700 4854 τουτέστιν
1720 4839 1736 4864 ,
1771 4803 1829 4854 ἐν

249 4886 609 4956 κατηφείαις,
633 4887 726 4939 καὶ
750 4889 807 4942 ὲν
827 4889 989 4943 παντὶ
1013 4890 1268 4959 γεγόνασι
1283 4890 1458 4962 κακῷ.
1478 4892 1694 4946 Γίνεται
1717 4893 1827 4964 γὰρ

241 4974 455 5036 πένθος
495 4975 587 5027 ἐπὶ
610 4980 866 5046 νεκροῖς..
896 4979 1076 5033 Αἴτιον
1107 4979 1164 5034 δὲ
1185 4982 1284 5052 τῆς
1318 4984 1602 5054 συμφορᾶς
1640 4984 1826 5047 αὐτοῖς

240 5067 313 5120 τὸ
340 5066 860 5137 καταδρυχήσασθαι
919 5070 1010 5124 τδν
1055 5071 1207 5139 Θεὸν,
1251 5073 1346 5127 καὶ
1384 5071 1494 5128 οἷον
1532 5075 1828 5144 ἀπειλῆσαι

243 5156 345 5208 τὸν
380 5153 623 5226 ὀλεθρον.
661 5173 679 5206 ι
703 5156 854 5209 Λέων
875 5157 982 5229 γὰρ
1015 5159 1313 5231 ὲρεύξεται,
1335 5163 1429 5215 καὶ
1453 5162 1538 5225 τίς
1564 5162 1624 5215 οὐ
1659 5162 1829 5232 φοϐη-

249 5245 514 5316 θήσεται;
539 5265 558 5297 ι
593 5243 738 5316 Πλὴν
759 5245 820 5298 οὺ
853 5246 1012 5316 μόνον
1044 5251 1344 5322 ἐπένθησαν
1393 5253 1447 5304 αἱ
1505 5253 1669 5321 νομαὶ
1717 5252 1826 5304 τῶν

248 5335 536 5404 ποιμνίων,
570 5335 844 5407 ἐξηράνθη
876 5336 932 5390 δὲ
992 5339 1125 5408 πρὸς
1172 5340 1346 5410 τούτῳ
1381 5341 1474 5394 καὶ
1529 5343 1563 5410 ὴ
1613 5342 1824 5414 κορυφὴ

248 5423 345 5478 τοῦ
368 5426 687 5496 Καρμήλου,
727 5427 994 5490 τουτέστι,
1027 5428 1092 5481 τὰ
1125 5429 1492 5500 Ἰεροσόλυμα.
1523 5431 1822 5501 Κάρμηλος

252 5513 356 5583 μὲν
391 5515 497 5586 γὰρ
529 5516 651 5588 δρος
698 5519 846 5572 ἐστὶν
899 5519 958 5572 ὲν
989 5521 1054 5591 τῇ
1100 5520 1208 5574 τῶν
1237 5521 1508 5573 Ἰουδαίων
1566 5521 1818 5591 κείμενον

258 5605 433 5677 χώρᾳ,
466 5609 522 5658 ὲν
546 5600 591 5674 ᾧ
621 5607 715 5662 καὶ
757 5609 1076 5678 κατῴκησεν
1101 5610 1128 5662 ὁ
1163 5609 1428 5681 Θεσϐίτης
1469 5610 1673 5676 Ἠλίας.
1709 5613 1825 5668 Κα-

330 5785 352 5817 ⁶
385 5785 550 5840 Autos
580 5798 664 5845 tn.
690 5785 742 5841 8.

1937 4527 2039 4581 hoc
2064 4535 2170 4590 est,
2198 4525 2249 4579 in
2269 4523 2592 4579 maeroribus
2614 4524 2833 4579 etmalis
2851 4527 3103 4581 omnibus
3132 4528 3328 4582 versati
3358 4539 3504 4582 sunt.

1936 4615 2135 4671 Luctus
2159 4615 2301 4668 enim
2335 4627 2498 4684 super
2523 4615 2749 4668 mortuis
2767 4616 3079 4684 suscipitur.
3134 4616 3304 4670 Causa
3325 4626 3504 4672 autem

1937 4707 2274 4762 miseriarum
2311 4706 2464 4776 ipsis,
2489 4707 2630 4776 quod
2660 4708 2800 4762 Deus
2823 4710 3096 4778 rugiisset,
3125 4720 3179 4764 et
3211 4711 3504 4781 perniciem

1920 4797 2026 4852 illis
2054 4798 2209 4867 quasi
2233 4797 2468 4852 minatus
2490 4808 2660 4853 esset.
2687 4818 2705 4850 ι
2748 4798 2856 4854 Leo
2884 4802 3079 4868 rugiet,
3114 4802 3236 4872 quis
3283 4818 3390 4856 non
3437 4802 3505 4855 ti-

1931 4889 2097 4943 mebit
2129 4889 2194 4942 °?
2223 4909 2240 4940 ι
2278 4887 2756 4946 Verumenimvero
2788 4908 2894 4946 non
2928 4894 3085 4948 modo
3138 4892 3503 4962 luxeruntpa-

1929 4994 2078 5044 seua,
2103 4978 2264 5048 253
2293 4980 2511 5048 insuper
2533 4989 2586 5032 et
2606 4989 2792 5035 vertex
2824 4980 3056 5036 Carmeli
3083 4981 3384 5037 exsiccatos
3398 4992 3502 5048 est,

1931 5078 2078 5140 puta,
2105 5069 2494 5138 Hierosolyma.
2527 5069 2809 5126 Carmelus
2832 5072 2974 5126 enim
3002 5087 3157 5127 mons
3185 5071 3505 5139 estJudazte,

1932 5163 1983 5212 in
2014 5173 2123 5229 quo
2152 5165 2206 5213 et
2235 5157 2380 5213 Elias
2404 5158 2688 5215 Thesbites
2720 5161 3004 5217 habitavit.
3048 5163 3384 5232 Frequenter
3405 5178 3503 5217 au-

1937 5261 2048 5305 tem
2083 5249 2242 5304 tellus
2267 5248 2573 5306 Judznorum
2605 5253 2838 5308 Carmeli
2887 5255 3148 5310 vocabulo
3202 5257 3498 5311 indicatur:

1932 5342 2090 5412 quale
2119 5351 2222 5404 est,
2257 5343 2396 5409 quod
2421 5358 2548 5398 voce
2574 5345 2795 5398 alterius
2812 5346 3086 5414 propheta:
3121 5347 3187 5401 ad
3251 5347 3388 5401 filios
3421 5348 3501 5401 ls-

1934 5433 2041 5487 rael
2063 5449 2090 5486 a
2119 5433 2224 5487 Deo
2250 5433 2446 5488 dicitur
2479 5449 2492 5485 :
2531 5453 2550 5486 ι
2583 5435 2650 5489 Et
2682 5434 2868 5488 induxi
2899 5451 2993 5491 vos
3015 5437 3066 5491 in
3089 5436 3416 5504 Carmelom,
3443 5449 3501 5492 ut

1932 5523 2289 5578 comederetis
2318 5522 2454 5577 bona
2490 5524 2607 5592 ejus
2627 5533 2679 5577 et
2709 5522 2919 5580 fructus
2974 5526 3111 5594 ejus.
3158 5528 3222 5582 Et
3264 5528 3498 5598 ingrcssi

1932 5617 2084 5682 estis,
2119 5625 2172 5671 et
2209 5614 2617 5672 contaminastis
2651 5623 2848 5672 terram
2875 5632 3065 5685 meam,
3099 5632 3153 5678 et
3214 5619 3501 5675 lueredita-
