4054 6274
499 414 610 471 419

1487 404 1549 464 s.
1591 401 1866 461 manu
1905 395 2374 455 ALEXANDRIN!
2412 395 2730 456 metuar.
2817 480 2821 484 γ

3657 400 3767 457 4⁵2³)

501 537 610 582 tem
637 540 809 581 meam
837 522 1094 593 posuistis
1125 521 1178 574 in
1207 519 1666 574 abominationem
1702 516 1745 592 ζ.
1781 536 1799 570 ι
1831 518 2075 583 Quando-

2187 519 2582 588 τασημαίνεται
2607 517 2662 569 δὲ
2694 515 2954 578 πολλάκις
3008 515 3042 585 ἡ
3094 513 3199 567 τῶν
3228 511 3499 566 Ἰουδαίων
3543 513 3619 582 ’γῆ
3677 513 3768 569 διὰ

501 618 716 687 quidem
753 616 916 683 igitur
949 613 1089 665 inter
1111 609 1307 664 Judaea:
1329 610 1579 664 civitates
1603 609 1834 663 nobilior
1853 617 1908 663 et
1961 608 2086 661 illn-

499 708 662 763 strior
685 702 1055 773 Hierosolyma
1089 702 1228 755 dicta
1254 710 1359 765 est,
1412 701 1585 770 ipsam
1634 699 1868 755 Carmeli
1916 699 2082 753 verti-

499 811 617 850 cem
666 794 915 865 appellat,
966 803 1025 846 ut
1069 792 1238 862 gloria
1288 791 1606 854 exaltatam,
1647 799 1706 844 ut
1755 790 2079 846 excellentia

499 885 865 952 priestantem,
898 894 959 936 ut
988 890 1190 951 praeter
1220 881 1354 935 alias
1383 880 1736 950 conspicuam
1797 888 1905 934 tum
1954 894 2080 947 pro-

498 981 617 1041 pter
676 973 915 1026 divinum
973 970 1259 1039 templum,
1309 978 1421 1023 tum
1453 978 1678 1038 prOpter
1743 983 1840 1024 eos
1889 969 2077 1039 qniex

512 1062 655 1117 tribu
685 1061 821 1118 Juda
844 1063 972 1118 olim
991 1062 1062 1116 ibi
1089 1070 1468 1130 regnaverunt.
1493 1059 1683 1116 Solent
1738 1069 1916 1116 autem
1946 1074 2076 1115 san-

498 1155 571 1209 cti
589 1155 862 1223 propheta:
885 1154 1045 1208 verba
1079 1169 1174 1210 sua
1196 1153 1618 1208 obscuritatibus
1647 1152 1938 1217 involvere,
1960 1165 2081 1221 pro-

498 1257 621 1316 pter
650 1246 1058 1301 immoderatam
1100 1245 1435 1298 audientium
1460 1243 1629 1310 iran'i;
1663 1258 1770 1298 non
1793 1243 1934 1297 enim
1963 1243 2080 1296 sine

499 1337 886 1407 integumentis
912 1351 1005 1390 eos
1042 1335 1189 1406 loqui
1240 1345 1576 1405 paterentur,
1641 1335 1865 1387 nimium
1907 1347 2082 1402 quan-

499 1437 610 1481 tum
645 1427 870 1480 audacia
901 1426 1166 1489 furentes,
1199 1437 1252 1480 et
1276 1425 1395 1482 illos
1442 1426 1787 1494 increparent
1835 1437 1900 1478 ac
1931 1423 2079 1477 dice-

498 1529 664 1573 rent:
714 1518 832 1573 Alia
875 1518 1032 1573 nobis
1091 1517 1396 1588 loquimini,
1445 1525 1501 1573 et
1561 1515 1880 1570 annuntiate
1921 1512 2075 1569 nobis

494 1608 654 1662 aliam
679 1608 942 1662 fabulam.
1541 1627 1544 1631 ·

495 1698 768 1762 λεύοντας.
825 1698 986 1760 Ἐθος
1078 1697 1136 1750 δὲ
1194 1699 1310 1760 τοῖς

496 1791 750 1860 ἀχάλινον
817 1793 898 1855 είς
965 1791 1136 1862 ὀργὴν
1193 1791 1304 1865 τῶν
1395 1792 1784 1862 ἀκροωμένων.
1845 1791 1918 1844 Οὐ
1987 1789 2095 1859 γὰρ
2168 1786 2232 1840 ἂν

496 1881 895 1952 ἀνεπτοημένοι
942 1880 1080 1952 πρὸς
1144 1880 1386 1952 θράσος,
1453 1884 1548 1934 καὶ
1639 1884 1755 1945 τοῖς
1805 1881 1981 1949 ἁγίοις
2059 1878 2367 1951 προφήταις
2421 1876 2824 1948 ἐπιτιμῶντες,

495 1971 738 2036 λαλεῖτε,
791 1972 886 2024 καὶ
917 1970 1278 2039 ἀναγγέλλετε
1309 1970 1501 2042 ἑτέραν
1530 1970 1816 2040 πλάνησιν.

1391 1698 1573 1766 ἁγίοις
1616 1697 1929 1769 προφήταις
1991 1691 2403 1763 κατακρύπτειν
2469 1693 2593 1752 ταῖς

2185 608 2286 677 τῆς
2323 607 2417 660 τοῦ
2446 607 2739 678 Καρμήλου
2771 605 3161 677 προσηγορίας.
3215 603 3428 656 Ὀπτιῑόν
3453 605 3571 656 ἐστι
3592 603 3655 656 τὸ
3679 605 3768 658 διὰ.

2185 698 2370 766 φωνῆς
2418 695 2604 766 ἐτέρου
2659 696 2940 766 προφήτου
2995 693 3131 764 πρὸς
3184 694 3311 755 τοὺς
3358 692 3507 756 υἱοὺς
3547 692 3771 765 Ἰσραὴλ

2182 787 2474 859 εἰρημένον
2509 787 2662 858 παρὰ
2687 786 2846 838 Θεοῦ⁶
2882 807 2899 838 ι
2931 786 3040 839 Kal.
3071 785 3364 855 εἰσήγαγον
3389 785 3536 854 ἡμᾶς
3559 785 3642 848 είς
3673 784 3769 840 τὸν

2180 877 2478 948 Κάρμηλον
2528 875 2620 929 τοῦ
2669 877 2864 945 φαγεῖν
2914 875 2985 929 τὰ
3035 873 3216 943 ἀγαθὰ
3264 873 3454 939 αὑτοῦ,
3494 873 3590 927 καὶ
3641 875 3771 938 τοὺς

2179 967 2428 1038 καρποὺς
2455 966 2642 1028 αὑτοῦ,
2679 969 2772 1019 καὶ
2795 966 3094 1036 είσήλθετε,
3134 967 3228 1018 καὶ
3255 966 3509 1037 ὲμιάνετε
3533 967 3634 1038 τὴν
3665 968 3770 1038 γῆν

2190 1074 2314 1128 μου,
2345 1056 2441 1108 καὶ
2463 1055 2562 1126 τὴν
2586 1055 2950 1126 κληρονομίαν
2984 1072 3084 1126 μου
3108 1055 3294 1110 ἔθεσθε
3321 1059 3406 1119 εἰς’
3433 1055 3765 1126 βδέλυγμα.»

2185 1146 2409 1218 Ἐπειδὴ
2442 1147 2622 1200 τοίνυν
2681 1146 2789 1199 τῶν
2836 1147 3014 1200 ἄλλων
3065 1149 3275 1202 πόλεων
3323 1149 3433 1202 τῶν
3493 1150 3641 1203 κατὰ
3673 1150 3771 1221 τὴν

2185 1238 2452 1290 Ἰουδαίαν
2489 1237 2881 1307 ὲπισημοτέρα,
2916 1238 3011 1290 καὶ
3039 1237 3304 1308 διαφανὴς
3337 1238 3658 1308 ὠνόμασται
3701 1239 3771 1293 τὰ

2198 1327 2568 1398 Ἱεροσόλυμα,
2598 1327 2844 1397 κορυφὴν
2891 1328 3032 1382 αύτά
3083 1328 3178 1381 τοῦ
3235 1329 3540 1401 Καρμήλου
3583 1331 3767 1402 φησὶν,

2186 1419 2264 1483 ὡς
2293 1419 2613 1490 ἐπηρμένην
2637 1421 2696 1472 ὲν
2721 1419 2868 1489 δόξῃ,
2902 1420 2980 1484 ὼς
3004 1421 3349 1492 προύχουσαν
3400 1425 3460 1476 ὲν
3489 1424 3768 1494 ὑπεροχῇ,
3877 1437 3896 1486 αξ

2184 1509 2260 1572 ὡς
2316 1508 2613 1580 περίοπτον
2661 1509 2812 1580 παρὰ
2871 1509 2969 1573 τὰς
3015 1510 3204 1574 ἄλλας,
3259 1511 3350 1566 διά
3405 1529 3465 1564 τε
3498 1511 3593 1565 τὸν
3629 1513 3772 1565 θεῖον

2183 1600 2328 1665 ναὸν,
2361 1598 2606 1661 καὶτοὺς
2663 1601 2728 1652 ὲκ
2769 1601 2944 1670 φυλῆς
2970 1600 3140 1654 Ἰούδα
3185 1603 3325 1656 κατὰ
3366 1603 3562 1674 καιρὸν
3615 1603 3770 1674 βασι-

2689 1691 2980 1759 ἀσαφείαις
3047 1693 3174 1756 τοὺς
3257 1696 3452 1765 λόγους
3476 1736 3492 1758 ,
3559 1697 3645 1750 διὰ
3703 1695 3764 1748 τὸ

2318 1786 2611 1857 ἠνέσχοντο
2685 1785 2990 1840 λαλούντων
3068 1789 3368 1858 ἀναςανδὸν
3442 1791 3581 1845 πολὺ
3644 1791 3760 1844 λίαν

2905 1879 2996 1935 καὶ
3067 1879 3318 1949 λέγοντες
3341 1898 3354 1912 ⁸
3413 1885 3585 1938 Ἀλλα
3641 1886 3766 1954 ἡμῖν

565 2065 730 2120 Vens.
777 2064 897 2117 5-5.
942 2062 1006 2116 Et
1037 2064 1176 2117 dixit
1229 2062 1727 2134 Dominus:Super
1763 2065 1930 2117 tribus
1976 2063 2075 2116 im-

2244 2056 2356 2112 Καὶ
2377 2055 2508 2112 εἷπε
2536 2055 3053 2128 Κύριος·Ἐπὶταῖς
3083 2059 3282 2129 τρισίν
3321 2063 3630 2133 ἀσεϐείαις
3660 2069 3772 2121 Δα-

495 2145 779 2224 pietatibus
813 2154 1091 2223 Damasci,
1117 2167 1164 2210 et
1195 2171 1352 2225 super
1381 2170 1608 2224 quatuor
1635 2173 1739 2211 non
1782 2164 2075 2210 convertam

2178 2149 2439 2220 μασκοῦ,
2474 2151 2574 2205 καί
2615 2152 2716 2205 ἐπί
2755 2152 2887 2219 ταῖς
2925 2152 3264 2222 τέσσαρσιν
3307 2157 3416 2210 οὐκ
3457 2159 3777 2228 ἀποστρα-

492 2263 634 2307 cum,
665 2261 726 2298 co
756 2245 893 2314 quod
925 2247 1186 2299 secuerint
1224 2247 1386 2301 terris
1410 2248 1592 2316 ferreis
1626 2249 1680 2301 in
1710 2257 1857 2301 utero
1881 2247 2078 2301 haben-

2177 2241 2447 2311 φήσομαι
2491 2242 2697 2324 agitor,
2728 2229 2859 2297 ἀνθί
2885 2237 2973 2301 ὧν
3019 2244 3256 2312 ἐπριζον
3290 2248 3534 2316 πρίοσιν
3593 2250 3781 2321 σιδη-

494 2347 570 2390 tcs
619 2337 673 2387 in
725 2333 953 2387 Galaad.
1009 2334 1077 2388 Et
1113 2337 1242 2389 oriri
1291 2337 1484 2405 faciam
1539 2339 1711 2408 ignem
1760 2340 1816 2394 in
1863 2339 2075 2394 domum

2178 2333 2302 2401 ροῖς
2332 2333 2440 2397 τὰς
2463 2333 2533 2386 ἐν
2563 2334 2776 2402 γαστρὶ
2811 2335 3078 2404 ἐχούσας
3107 2336 3224 2391 τῶν
3251 2337 3317 2390 ἐν
3341 2340 3593 2393 Γαλαάδ
3613 2357 3627 2370 ·
3661 2343 3777 2397 καὶ

495 2424 678 2491 Azael,
709 2433 757 2478 et
784 2425 1053 2478 devorabit
1084 2425 1433 2496 fundamenta
1481 2429 1581 2496 ﬁlii
1608 2429 1771 2484 Ader.
1804 2429 1875 2484 Et
1902 2441 2078 2485 conte-

495 2531 610 2567 ram
659 2524 827 2568 vectes
884 2515 1152 2580 Damasci,
1214 2530 1261 2572 et
1311 2518 1612 2587 disperdam
1663 2519 1960 2574 habitantes
2013 2535 2078 2575 ea:

494 2621 678 2674 campo
707 2601 832 2670 Ὧν,
871 2615 918 2659 et
943 2609 1220 2662 concidam
1254 2612 1447 2663 tribuat
1480 2626 1546 2664 ea:
1581 2612 1704 2666 viris
1735 2610 2003 2677 ϐήσεται,
2028 2623 2075 2667 et

493 2695 847 2762 captioabitur
893 2698 1118 2767 populus
1169 2697 1344 2770 Syria:
1398 2700 1664 2771 inclytus,
1714 2702 1842 2757 dicit
1887 2705 2074 2758 Domi-

570 2977 662 3035 iV.
690 2978 908 3036 Divinos
948 2980 1159 3054 Moyses
1195 2984 1358 3039 Deum
1377 2994 1436 3039 ut
1467 2986 1666 3041 bonum
1702 2994 1756 3043 et
1779 2986 2076 3057 patientem

495 3067 816 3137 admiratur,
855 3072 1018 3141 idque
1053 3075 1371 3130 rectissime.
1405 3077 1697 3147 Postquam
1742 3078 1886 3132 enim
1911 3077 2076 3132 israei

496 3159 722 3212 vitulum
749 3160 1003 3216 conﬂavit
1029 3162 1080 3216 in
1115 3165 1425 3231 salitudine,
1450 3179 1512 3220 ac
1549 3166 1712 3222 stulte
1741 3167 1878 3222 dixit
1908 3184 1923 3221 :
1955 3185 1975 3219 ‹
2009 3167 2075 3223 ill

493 3260 619 3305 sunt
653 3251 725 3305 dii
750 3253 848 3319 tui,
876 3253 1068 3322 israel,
1100 3256 1190 3325 qui
1228 3265 1280 3310 te
1307 3257 1612 3312 eduxerunt
1636 3257 1700 3314 de
1729 3267 1874 3314 terra
1905 3258 2073 3331 IEgy-

495 3340 569 3407 pti
592 3340 635 3407 8,
667 3358 686 3392 ι
719 3356 823 3395 non
857 3342 1030 3412 potuit
1061 3343 1113 3397 in
1146 3345 1238 3399 Dei
1263 3343 1611 3400 offensionem
1639 3363 1744 3404 non
1773 3349 2071 3404 incurrere.

2177 2423 2521 2488 ἐξανατελῶ
2557 2425 2679 2492 πῦρ
2717 2429 2804 2492 εἰς
2842 2425 2950 2481 τὸν
2979 2428 3151 2480 οἷκον
3191 2427 3413 2496 Ἀζαὴλ,
3450 2430 3552 2483 καὶ
3587 2444 3779 2485 κατα-

2176 2513 2423 2587 φάγεται
2463 2515 2706 2582 θεμέλια
2747 2514 2881 2570 υίοῦ
2916 2517 3098 2584 Ἀδέρ.
3138 2519 3248 2572 Καὶ
3293 2521 3608 2589 συντρίψω
3646 2539 3776 2590 μοά

2177 2604 2368 2674 110i);-
2400 2606 2742 2674 Δαμασκοῦ,
2772 2606 2871 2661 καί
2899 2607 3310 2677 ἐξολοθρεύσω
3337 2611 3776 2678 κατοικοῦντας

2175 2697 2246 2750 ἐκ
2281 2697 2490 2751 πεδίου
2516 2691 2652 2762 Ὧν,
2693 2697 2791 2753 καὶ
2820 2701 3138 2768 κατακόψω
3176 2699 3387 2770 φυλὴν
3422 2702 3493 2767 ἐξ
3535 2702 3777 2772 ἀνδμῦν

2175 2788 2441 2856 Χαρῤὰν,
2489 2790 2588 2843 καί
2654 2791 3277 2858 αἱχμαλωτισθήσεται
3341 2792 3494 2859 Mdg
3550 2795 3774 2864 Συρίας

2175 2878 2521 2948 ἐπίκλητος,
2543 2879 2706 2950 λέγει
2730 2881 2967 2950 Κύριος.

2247 2971 2321 3024 Δ’.
2371 2970 2428 3024 ’0
2470 2970 2751 3035 θεσπέσιος
2780 2971 2988 3043 Μωσῆς
3022 2973 3100 3037 ’ὡς
3124 2974 3328 3043 ἀγαθόν
3357 2991 3419 3029 τε
3465 2977 3565 3030 καὶ
3593 2977 3764 3042 ἀνεξί-

2175 3078 2344 3114 κακον
2366 3062 2779 3132 καταθαυμάςει
2798 3062 2950 3130 Θεὸν,
2978 3065 3072 3118 καλ⁸
3095 3065 3243 3136 μάλα
3263 3066 3514 3130 εἰκότως.
3553 3065 3761 3138 Ἐπειόη

2175 3151 2287 3223 γὰρ
2318 3152 2755 3226 μεμοσχοποίηκε
2789 3153 2931 3208 κατὰ
2956 3155 3055 3225 τὴν
3091 3155 3298 3230 ἔρημον
3324 3160 3354 3210 ὀ
3387 3157 3632 3229 Ἰσραὴλ,
3666 3158 3767 3230 ἔφη

2173 3263 2236 3300 τε
2279 3246 2593 3317 φληνάφως,
2627 3263 2648 3298 t
2676 3238 2836 3300 Οὗτοι
2867 3248 2917 3299 oi
2961 3247 3075 3300 θεοί
3117 3265 3235 3314 σου,
3272 3249 3511 3321 Ἰσραὴλ,
3543 3251 3772 3314 οἵτινες

2175 3335 2452 3406 ἀνήγαγόν
2485 3351 2546 3388 σε
2592 3337 2658 3389 ὲκ
2687 3336 2794 3405 γῆς
2821 3336 3122 3405 Αἰγύπτου,
3148 3355 3168 3391 ι
3216 3343 3626 3416 προσκέκρουκε
3659 3345 3770 3413 μὲν

495 3431 601 3484 Sed
663 3433 753 3485 ubi
811 3433 1035 3487 exitium
1086 3435 1218 3504 ipsis
1272 3439 1508 3492 minatus
1558 3447 1643 3492 est
1701 3439 1907 3506 semel,
1965 3451 2075 3495 tum

2179 3427 2494 3495 ἀναγκαίως
2519 3441 2533 3455 ·
2587 3427 2774 3498 ἐπειδὴ
2817 3427 2874 3481 δὲ
2916 3429 3260 3502 ὀλοθρεύσειν
3305 3435 3495 3497 αὐτοὺς
3529 3435 3766 3503 εἰσάπαξ

492 3519 716 3588 supplex
763 3521 1016 3576 accidens
1051 3522 1262 3592 Moyses
1297 3526 1530 3595 rogavit,
1561 3536 1724 3597 atque
1761 3529 1924 3583 etiam
1959 3544 2081 3598 per-

491 3613 665 3667 suasit
704 3612 921 3682 Opiﬁci,
954 3623 1014 3668 ut
1051 3615 1158 3670 rcis
1195 3616 1518 3685 ignosceret,
1547 3627 1601 3672 et
1633 3633 1847 3674 carmen
1877 3621 2080 3690 gratia-

491 3716 611 3754 rum
680 3703 913 3757 actionis
965 3703 1186 3771 obtulit,
1241 3706 1293 3760 in
1349 3706 1464 3762 haec
1522 3708 1684 3762 verba
1734 3723 1749 3764 :
1799 3728 1818 3761 ι
1856 3710 2081 3766 Domine

495 3791 638 3844 Deus
691 3791 931 3849 cicinens
981 3804 1037 3849 et
1097 3797 1444 3864 misericors,
1509 3801 1721 3870 patiens
1783 3813 1838 3857 et
1895 3803 2078 3858 multa:

495 3879 880 3942 miserationis,
917 3893 970 3935 et
993 3883 1265 3952 justitiam
1299 3898 1540 3952 servans,
1572 3899 1628 3944 et
1648 3891 2077 3947 misericordiam

496 3967 701 4022 iaciens
728 3969 782 4023 in
813 3971 1002 4034 millia,
1037 3971 1294 4029 auferens
1322 3975 1659 4046 iniquitates,
1683 3989 1737 4034 et
1767 3981 2076 4050 injustitias,

493 4066 550 4112 et
579 4069 824 4127 peccata.
860 4061 927 4115 Et
959 4073 1112 4116 reum
1141 4078 1245 4120 non
1281 4066 1610 4136 pnriﬁcabit,
1631 4069 1794 4143 25‘
1822 4073 2079 4131 inducens

495 4158 718 4217 peccata
749 4159 960 4219 patrum
990 4167 1153 4224 super
1185 4155 1346 4222 ﬁlios,
1380 4167 1435 4214 et
1481 4171 1643 4230 super
1675 4162 1813 4218 lllios
1844 4163 2076 4220 ﬁliorum

493 4240 551 4292 in
582 4241 796 4297 tertiam
844 4252 900 4298 et
924 4255 1170 4314 quartam
1200 4249 1672 4318 generationem’.
1709 4269 1729 4305 ι
1769 4251 1883 4309 Hoc
1909 4269 2078 4327 popu-

491 4331 576 4386 lus
605 4331 916 4388 'Judaeorum
969 4351 1076 4390 non
1109 4338 1248 4394 bene
1277 4339 1565 4397 intellexit.
1617 4341 1887 4400 Putabant
1927 4347 2074 4401 enim

493 4423 658 4478 Deum
699 4440 820 4481 esse
869 4427 1004 4481 adeo
1049 4429 1264 4496 durum,
1317 4440 1372 4486 et
1425 4433 1836 4502 inexorabilem,
1876 4446 1931 4492 et
1981 4439 2077 4494 ira:

493 4515 842 4582 retinentem,
898 4527 957 4571 ut
994 4517 1117 4574 ﬁliis
1155 4518 1385 4574 ﬁliorum
1421 4524 1616 4577 delicta
1651 4533 1862 4593 patrum
1905 4527 2078 4598 impo-

493 4615 668 4660 neret.
713 4606 1074 4672 Quamobrem
1119 4609 1220 4678 ipsi
1255 4611 1307 4664 in
1349 4615 1691 4668 sermonibus
1724 4615 1825 4670 hoc
1864 4617 2075 4672 dictita-

489 4696 644 4759 bant,
675 4699 884 4752 aientes
911 4715 924 4751 :
959 4716 978 4749 ι
1011 4697 1201 4753 Patres
1228 4703 1581 4757 comederunt
1608 4718 1765 4756 uvam
1801 4707 2072 4773 acerbam,

2181 3519 2394 3587 ἠπείλει
2427 3518 2577 3584 Θεὸς,
2607 3515 2726 3574 εἷτα
2759 3520 3099 3591 προσέπιπτὲ
3125 3539 3186 3575 τε
3237 3525 3333 3578 καὶ
3355 3525 3606 3596 ἐλιπάρει
3635 3527 3774 3580 Μω-

2182 3609 2304 3680 σῆς,
2319 3611 2413 3663 καὶ
2432 3611 2537 3682 μὴν
2553 3614 2648 3665 καὶ
2659 3613 2867 3667 ἀνεῖναι
2882 3615 2993 3676 τοῖς
3005 3615 3386 3686 ἡμαρτηκόσιν
3399 3616 3655 3671 ἀνέπειθε
3672 3618 3775 3689 τὴν

2179 3700 2337 3771 δίκην
2356 3701 2446 3756 τὸν
2461 3703 2823 3773 Δημιουργὸν,
2846 3704 2942 3756 καὶ
2956 3706 3341 3777 χαριστηρίους
3356 3707 3770 3778 ᾠδὰςάνετίθει,

2179 3790 2384 3859 λέγων’
2421 3811 2439 3843 ι
2474 3791 2680 3861 Κύριος
2723 3794 2751 3845 ὁ
2792 3792 2927 3858 Θεὸς
2973 3796 3293 3867 οἰκτίρμων,
3348 3798 3444 3850 καὶ
3496 3799 3759 3868 ἐλεήμων,

2183 3883 2568 3955 μακρόθυμος,
2615 3884 2708 3938 καὶ
2758 3884 3072 3952 πολυέλεος,
3114 3888 3209 3941 καὶ
3241 3883 3520 3960 ἀληθινὸς,
3554 3891 3646 3943 καὶ
3683 3890 3757 3942 διδ

2179 3973 2470 4043 καιοσύνην
2493 3973 2786 4044 διατηρῶν,
2819 3976 2912 4028 καὶ
2943 3974 3091 4039 ἔλεος
3114 3977 3196 4040 είς
3222 3977 3491 4047 χιλιάδας,
3520 3977 3762 4049 ἀφαιρῶν

2177 4066 2426 4135 ἀνομίας,
2454 4064 2550 4118 καὶ
2575 4065 2807 4131 ἀδικίας,
2837 4067 2931 4119 καὶ
2961 4066 3254 4137 ἁμαρτίας.
3279 4067 3390 4120 Καὶ
3416 4069 3479 4121 οὐ
3515 4069 3768 4142 καθαριεῖ

2177 4155 2268 4209 τὸν
2295 4156 2500 4228 ἔνοχον,
2532 4156 2755 4225 ἐπάγων
2786 4157 3015 4227 ἀνομίας
3044 4159 3296 4228 πατέρων
3326 4161 3420 4214 ἐπὶ
3453 4161 3639 4227 τέκνα,
3671 4161 3770 4215 καὶ

2177 4248 2270 4300 ἐπὶ
2295 4248 2464 4303 τέκνα
2493 4249 2717 4314 τέκνων,
2737 4249 2832 4302 ἐπὶ
2864 4249 3056 4321 τρίτην
3073 4252 3166 4305 καὶ
3202 4253 3470 4325 τετάρτην
3496 4255 3714 4322 γενεάν.
3744 4273 3763 4306 ι

2176 4339 2348 4394 Τοῦτο
2375 4342 2692 4412 νενοήκασιν
2721 4341 2820 4394 οὐκ
2847 4341 3023 4412 ὀρθῶς
3051 4342 3158 4397 τῶν
3190 4342 3453 4398 Ἰουδαίων
3490 4346 3540 4397 oi
3571 4345 3762 4416 δῆμοι.

2180 4431 2368 4501 ᾭοντο
2388 4432 2496 4502 γὰρ
2527 4429 2667 4485 εῖναι
2697 4432 2830 4486 Θεὸν
2847 4432 3078 4504 σκληρὸν
3103 4432 3266 4501 οὕτω,
3299 4434 3387 4488 καὶ
3417 4435 3768 4505 ἀτεράμονα,

2176 4526 2267 4579 καὶ
2298 4527 2504 4597 μακρὸν
2532 4529 2610 4591 είς
2645 4529 2835 4601 ὀργὰς,
2877 4531 2953 4595 ὠς
2995 4531 3205 4595 τέκνοις
3246 4533 3448 4586 τέκνων
3480 4533 3774 4604 ἐπιφέρειν

2174 4617 2242 4669 τὰ
2272 4617 2381 4670 τῶν
2415 4619 2666 4691 πατέρων
2707 4621 3049 4693 ἐγκλήματα.
3095 4624 3206 4678 Kal.
3249 4623 3381 4692 γοῦν
3427 4623 3562 4676 αὐτὸ
3604 4624 3778 4679 τοῦτο

2175 4709 2578 4777 διαγγέλλοντες
2606 4711 2861 4780 ἔφασκον,
2892 4731 2909 4764 t
2934 4715 2996 4766 Oi
3024 4714 3258 4786 πατέρες
3288 4713 3492 4784 ἔφαγον
3514 4715 3776 4786 ὕμφακα,

488 4797 544 4839 et
591 4787 780 4841 dentes
818 4788 1051 4842 illioram
1098 4789 1586 4861 obstupuerunt“.
1619 4811 1639 4846 ι
1679 4794 1886 4852 idcirco
1929 4798 2069 4853 Deus

2178 4802 2268 4855 καὶ
2310 4803 2358 4855 οἱ
2393 4801 2604 4867 ὀδόντες
2647 4805 2758 4858 τῶν
2802 4805 3006 4859 τέκνων
3042 4781 3450 4876 ὲγομφίασανξ»
3491 4781 3779 4880 Ταύντῃτοε

490 4877 556 4930 ad
603 4878 943 4933 Ezechielcm
1003 4883 1369 4951 prophetam:
1406 4901 1426 4935 ι
1458 4883 1563 4939 Fili
1619 4885 1890 4949 hominis,
1943 4891 2070 4957 quid

487 4967 646 5024 vobis
696 4969 951 5040 parabola
984 4973 1102 5027 inec
1149 4975 1202 5026 in
1236 4981 1377 5028 terra
1414 4974 1623 5032 israel?
1653 4977 1896 5033 dicentes
1925 4997 1937 5032 :
1969 4979 2070 5033 Pa-

490 5069 604 5115 tres
639 5063 992 5117 comederunt
1033 5079 1191 5118 uva-m
1228 5066 1503 5132 acerbam,
1541 5074 1595 5122 et
1625 5067 1811 5124 dentes
1843 5068 2070 5124 ﬁliorum

487 5151 934 5220 obstupuerunt?
989 5155 1121 5210 Vivo
1153 5169 1276 5226 ego,
1326 5159 1458 5212 dicit
1505 5159 1782 5227 Dominus,
1817 5162 2070 5228 quoniam

487 5254 596 5294 non
623 5242 832 5298 dicetur
853 5245 991 5301 ultra
1021 5247 1134 5302 haec
1158 5249 1410 5316 parabola
1436 5250 1486 5304 in
1513 5249 1699 5305 Israel.
1725 5251 1859 5316 Quia
1884 5268 2072 5307 omnes

487 5332 682 5387 animat
714 5349 844 5391 mea:
876 5348 1023 5404 sunt,
1057 5339 1514 5409 quemadmodum
1548 5344 1728 5395 anima
1762 5343 1955 5411 patris,
1990 5343 2069 5398 sic

486 5431 544 5477 et
575 5423 756 5479 anima
789 5428 908 5484 ﬁlii.
948 5432 1146 5487 Anima
1173 5447 1296 5502 quin
1335 5433 1661 5502 peccaverit,
1711 5434 1822 5504 ipsa
1869 5435 2067 5489 morie-

487 5523 595 5569 tur.
625 5513 792 5570 l-‘ilius
827 5535 934 5575 non
970 5525 1208 5591 portabit
1244 5525 1579 5595 iniquitatem
1607 5527 1779 5595 patris
1824 5527 1930 5592 sui,
1963 5541 2064 5582 nec

2170 4893 2300 4955 Θεὸς
2335 4893 2411 4964 τῷ
2443 4895 2696 4968 προφήτῃ
2743 4897 2906 4966 φησὶν
2942 4897 3230 4968 Ἰεζεχιήλ·
3271 4918 3290 4949 ι
3320 4897 3416 4951 Υίὲ
3444 4897 3780 4968 ἀνθρώπου,

2171 4984 2222 5038 τί
2255 4986 2282 5036 ὖ
2293 4989 2382 5056 μίν
2409 4988 2442 5056 ἡ
2489 4987 2770 5059 παραϐολὴ
2803 4989 2944 5060 αὕτη
2976 4991 3032 5043 ἐν
3061 4990 3139 5061 τῷ
3168 4989 3403 5063 Ἰσραὴλ,
3433 5010 3451 5042 ›
3483 4991 3784 5060 λέγοντες,

2179 5095 2196 5126 ι
2225 5079 2287 5128 Oi
2318 5079 2552 5150 πατέρες
2577 5080 2777 5150 ἔφαγον
2812 5081 3058 5153 ὄμφακα,
3089 5083 3183 5137 xal.
3215 5084 3264 5136 οί
3293 5083 3504 5147 ὀδόντες
3533 5083 3644 5136 τῶν
3675 5085 3791 5138 τέο

2172 5185 2313 5221 κνων
2339 5169 2715 5239 ὲγομφίασαν;
2751 5173 2836 5226 Ζῶ
2867 5173 2996 5242 ἐγὼ,
3033 5173 3182 5242 λέγει
3212 5174 3434 5245 Κύριος,
3468 5173 3549 5226 ὅτι
3585 5174 3645 5226 ού
3689 5176 3793 5249 μὴ

2172 5259 2394 5330 γένηται
2430 5260 2508 5313 ἔτι
2539 5261 2802 5333 λεγομένη
2851 5267 2883 5334 ἡ
2927 5265 3211 5337 παραϐολὴ
3251 5265 3390 5336 αὕτη
3433 5267 3492 5319 ὲν
3537 5265 3615 5334 τῷ
3657 5266 3794 5321 ἰσο

2173 5350 2330 5421 ραήλ.
2362 5351 2482 5404 Ὅτι
2513 5353 2686 5405 πᾶσαι
2715 5353 2768 5406 ai
2815 5353 2983 5423 ψυχαὶ
3029 5354 3158 5425 ἐμαί
3204 5355 3359 5418 εἰσιν,
3389 5353 3449 5407 ὃν
3483 5353 3696 5424 τρόπον
3743 5359 3795 5430 ἡ

2167 5439 2312 5509 ψυχὴ
2342 5439 2435 5491 τοῦ
2471 5439 2701 5510 Πατρὸς,
2746 5439 2890 5493 οὕτω
2932 5442 3026 5495 καὶ
3058 5440 3151 5495 τοῦ
3195 5440 3334 5495 υἱοῦ.
3363 5441 3528 5511 Ψυχὴ
3575 5441 3798 5514 ἁμαρ-

2166 5531 2431 5594 τὰνουσα,
2466 5531 2604 5602 αὑτὴ
2645 5531 3014 5587 ἀποθανεῖται.
3052 5533 3110 5585 '0
3143 5533 3200 5585 δὲ
3239 5532 3353 5594 υἱὸς
3383 5532 3444 5584 ού
3481 5533 3558 5602 μὴ
3599 5530 3807 5602 λήψεο

485 5615 643 5676 pater
695 5605 876 5663 lilii“.
912 5628 931 5661 ι
987 5612 1270 5678 Quomodo
1315 5618 1458 5670 enim
1518 5617 1698 5671 adhuc
1752 5617 1963 5685 patiens
2008 5625 2062 5672 ct

2178 5639 2251 5675 tat
2282 5623 2382 5694 τὴν
2427 5625 2698 5695 ἁμαρτίαν
2727 5623 2818 5677 τοῦ
2857 5625 3060 5697 πατρὸς
3111 5626 3298 5693 αὑτοῦ,
3347 5624 3471 5679 οὐδὲ
3513 5627 3541 5680 ὀ
3575 5626 3805 5700 πατὴρ

560 5775 719 5836 'Jer.
750 5794 806 5848 ll,
843 5781 892 5836 7.
967 5782 990 5814 ⁸
1028 5783 1195 5839 Exod.
1232 5803 1400 5855 χχχιι,
1443 5791 1496 5844 4.
1570 5795 1591 5824 ⁹
1617 5794 1786 5847 Exod.
1826 5811 2006 5864 xxxiv,
2036 5802 2067 5850 6

2178 5842 2182 5854 ,
2264 5803 2304 5833 ¹⁰
2339 5801 2538 5856 Ezevll.
2568 5817 2717 5873 Xt’ttl,
2747 5804 2800 5858 2.
2881 5805 2919 5836 ¹¹
2949 5804 3078 5859 Ibid.
3116 5807 3168 5870 ὅ,
3198 5804 3250 5865 Ii,
3282 5803 3370 5856 20.
