4054 6274
269 388 363 451 κεί

1221 384 1776 450 COMMENTARIUS
1813 387 1880 447 lN
1921 392 2109 453 AMOS
2145 391 2584 456 PROPIlE'l‘AM.

3424 410 3527 466 dei

264 507 357 561 τοῦ
383 504 523 560 υἱοῦ.
551 523 570 558 ι
604 504 728 571 Πῶς
755 506 865 578 γὰρ
901 506 981 562 ἔτι
1011 509 1383 581 μακρόθυμος,
1415 510 1512 564 καὶ
1551 511 1838 576 πολυέλεος

1943 513 2166 568 multum
2197 515 2510 572 misericors
2537 519 2912 574 universorum
2938 519 3213 586 Dominus,
3239 523 3286 578 si
3308 536 3526 593 peccata

263 597 292 649 ὀ
316 594 425 647 τῶν
455 593 594 648 ὅλων
637 596 936 667 Δεσπότης,
977 599 1026 650 εί
1068 597 1142 668 μὴ
1175 598 1387 668 ἀνίησιν
1419 600 1715 670 ἁμαρτίας,
1751 600 1848 654 καὶ

267 682 546 754 καθαρίζει
569 683 662 738 τὸν
693 684 896 755 ἔνοχον,
923 687 1238 757 παρατείνει
1259 687 1317 740 δὲ
1355 687 1556 756 μᾶλλον
1576 688 1676 759 τὴν
1716 689 1846 757 ἀγα-

267 775 522 843 νάκτησιν
560 773 651 826 ἐπὶ
678 775 890 846 τρίτην,
921 777 1015 830 καὶ
1043 777 1310 849 τετάρτην
1343 777 1565 846 γενεάν;
1611 779 1707 842 Τίς
1747 774 1842 833 οὖν

256 867 288 918 ό
318 865 504 933 λόγος;
544 865 698 918 Ἔστι
744 865 843 936 μὲν
892 862 985 920 οὖν
1029 867 1387 932 ἁνεξίκακος,
1431 869 1507 934 ὡς
1551 869 1712 940 ἔφην,
1745 870 1841 924 καὶ

253 952 608 1023 ἀσυγκρίτως
626 952 848 1020 ἀγαθὸς,
876 955 971 1008 καὶ
1007 956 1108 1009 οὐκ
1131 955 1292 1020 εὐθὺς
1323 959 1435 1022 τοῖς
1464 960 1842 1032 ἡμαρτηκόσιν

252 1044 456 1112 ἐπάγει
478 1045 578 1115 τὴν
610 1044 850 1099 κόλασιν.
879 1046 1226 1101 Ὑποτίθεται
1251 1048 1330 1115 δὲ,
1353 1049 1451 1104 καὶ
1480 1051 1562 1114 είς
1586 1049 1842 1120 δευτέραν

257 1134 473 1202 γενεὰν,
497 1137 546 1188 εί
577 1134 718 1205 τάχα
761 1153 845 1200 τις
874 1137 1315 1208 παρεισῦαλοῦσα
1351 1141 1688 1211 μετάγνωσις
1723 1143 1847 1196 ἀνα-

253 1224 447 1294 «atate
488 1223 586 1295 τὴν
619 1225 806 1295 ὀργήν.
849 1225 990 1279 Ἀλλ’
1023 1229 1072 1280 εί
1100 1227 1179 1300 μὴ
1217 1221 1376 1282 τοῦτο
1409 1229 1622 1298 γένοιτο
1659 1231 1844 1300 τυχὸν,

255 1315 380 1370 orae
403 1317 468 1368 ὲκ
489 1314 584 1368 τοῦ
609 1313 823 1387 πρώτου
843 1317 1016 1386 τρίτοι
1043 1335 1100 1372 τε
1158 1319 1252 1372 καὶ
1277 1319 1526 1392 τέταρτοι
1552 1325 1664 1385 τοῖς
1689 1322 1842 1388 ἴσοις,

253 1407 289 1476 ἢ
323 1406 420 1459 καὶ
458 1407 570 1468 τοῖς
594 1404 674 1459 ἔτι
705 1407 946 1478 χείροσιν
984 1410 1224 1463 ὲναλοίεν
1261 1416 1475 1476 κακοῖς,
1509 1413 1605 1466 καὶ
1639 1430 1842 1484 προγο-

253 1499 414 1567 νικῆς
456 1495 770 1559 δυσσεϐείας
801 1497 1136 1568 εὑρίσκοιντο
1167 1503 1423 1572 μιμηταὶ,
1466 1501 1589 1556 τότε
1627 1503 1691 1574 δὴ
1723 1504 1843 1558 τότε

249 1585 442 1638 ’λοιπὸν
463 1585 656 1652 ἐπάγει
677 1585 774 1648 τὰς
794 1586 969 1653 δίκας,
996 1589 1327 1661 ἀποχρῶσαν
1354 1591 1433 1661 τῷ
1459 1593 1604 1660 γένει
1625 1593 1725 1663 τὴν
1751 1594 1844 1648 ἐπὶ

252 1679 372 1739 τοῖς
413 1676 512 1747 ἤδη
557 1678 945 1748 παρῳχηκόσιν
991 1681 1344 1748 ἀνεξικακίαν
1373 1683 1659 1751 ὶπιδιδοὺς,
1686 1701 1844 1740 τουτι

1949 618 2060 658 non
2091 605 2335 670 dimittit,
2371 623 2470 662 nec
2510 622 2664 664 reum
2703 621 2927 681 purgat;
2975 615 3068 668 sed
3104 613 3526 684 indignationem

1948 693 2130 763 potius
2166 695 2218 748 in
2249 698 2466 751 tertiam
2507 707 2561 753 et
2617 711 2865 769 quartam
2903 703 3306 771 generationem
3339 709 3528 760 exten-

1947 783 2070 840 dit?
2096 784 2229 852 Quae
2279 789 2417 842 ratio
2459 800 2544 844 est
2588 791 2792 858 igitur?
2816 791 3035 849 Patiens
3061 805 3168 861 est,
3201 805 3262 850 ut
3308 797 3440 862 dixi,
3474 807 3528 854 et

1950 875 2124 931 bonus
2149 878 2391 932 bonitate
2419 879 2850 950 incomparabili,
2882 898 2982 939 nee
3007 897 3297 953 peccantes
3343 890 3527 944 statim

1949 968 2140 1036 punit;
2187 969 2366 1024 diﬂert
2413 981 2592 1025 autem
2642 974 2804 1027 etiam
2861 976 2914 1029 in
2964 975 3188 1032 alteram
3221 981 3526 1049 generatio-

1948 1070 2091 1121 nem,
2125 1059 2172 1113 si
2206 1073 2312 1129 qua
2361 1059 2504 1138 forte
2549 1063 2928 1132 resipiscentia
2958 1067 3338 1137 'subingressa,
3382 1073 3521 1127 iram

1947 1149 2183 1204 divinam
2207 1151 2518 1208 inbibuerit.
2553 1151 2608 1208 Id
2630 1155 2672 1209 si
2701 1171 2807 1210 non
2832 1157 3143 1226 contigerit,
3167 1162 3260 1212 sed
3284 1176 3314 1214 a
3339 1164 3527 1230 primis

1943 1241 2093 1294 tertii
2137 1251 2191 1296 et
2241 1244 2420 1312 quarti
2473 1247 2694 1314 paribus
2745 1257 2837 1301 aut
2912 1248 3074 1302 etiam
3130 1246 3424 1317 majoribus
3469 1253 3522 1307 in

1944 1330 2239 1388 sceleribus
2272 1333 2616 1402 deprehensi,
2663 1346 2718 1390 et
2754 1339 2914 1393 avita:
2957 1338 3252 1410 impietatis
3287 1341 3524 1396 imitato-

1947 1436 2035 1477 res
2059 1422 2283 1488 fuerint,
2315 1433 2441 1480 tunc
2464 1426 2714 1482 nimirum
2737 1429 2847 1498 iam
2875 1444 3066 1498 poenas
3093 1430 3277 1497 infert,
3307 1441 3524 1502 postea-

1944 1528 2103 1582 quam
2135 1515 2319 1583 generi
2361 1515 2713 1572 sufficientem
2758 1531 2980 1589 propter
3009 1523 3282 1591 praeterita
3311 1523 3521 1594 patien-

1944 1606 2071 1660 tiam
2110 1606 2351 1660 indulsit.
2387 1604 2502 1662 Hoc
2537 1616 2622 1662 est
2670 1611 2925 1666 inducere
2958 1623 3180 1681 peccata
3210 1625 3426 1684 patrum
3466 1617 3521 1673 in

1946 1697 2161 1751 tertiam
2203 1705 2256 1751 et
2287 1707 2536 1766 quartam
2585 1700 3012 1767 generationem.
3052 1702 3144 1756 Ait
3182 1704 3362 1772 igitur,
3395 1722 3518 1761 cum

249 1767 392 1835 ἐστι,
423 1769 484 1823 τὸ
503 1770 782 1841 ἐπιφέρειν
804 1773 1080 1844 ἁμαρτίας
1111 1777 1362 1848 πατέρων
1390 1778 1483 1830 ἐπὶ
1504 1777 1714 1848 τρίτην,
1745 1780 1839 1833 καὶ

1949 1781 2266 1836 Damascum
2295 1792 2608 1852 peccantem
2640 1800 3010 1856 saepenumero
3045 1789 3151 1845 leui
3182 1767 3364 1848 animo
3395 1811 3519 1863 pas-

254 1861 524 1954 τετάρτην
559 1863 773 1930 γενεάν.
799 1860 1060 1936 *Δρόῦν,
1097 1870 1263 1940 φησὶ,
1311 1869 1742 1943 μακροθυμήσας
1777 1875 1839 1944 τῇ

1946 1887 2038 1927 sus
2082 1873 2207 1936 sim,
2261 1848 2442 1928 nonne
2478 1848 2781 1943 iustissime
2823 1877 2879 1932 in
2935 1889 3212 1948 posterum
3270 1848 3522 1954 indigner

259 1953 532 2023 Δαμασκῷ
558 1955 898 2021 πλειστάκις,
923 1957 1021 2011 οὐκ
1047 1959 1490 2032 ἀγανακτήσαιμι
1518 1962 1722 2026 λοιπὸν,
1750 1962 1846 2017 καὶ

263 2047 462 2116 σφόδρα
489 2047 736 2113 εἰκότως,
764 2050 857 2101 ἐπὶ
885 2051 1030 2120 τρισὶ
1055 2052 1148 2104 καὶ
1181 2053 1478 2124 τέσσαρσιν
1508 2054 1841 2125 άμαρτίαις;

255 2138 318 2190 Τί
361 2139 471 2209 γὰρ
499 2139 826 2212 δεδράκασι;
868 2142 1044 2197 Πολλὰ
1083 2145 1179 2214 μὲν
1210 2144 1306 2199 καὶ
1348 2145 1529 2216 ἕτερα.
1564 2146 1710 2217 Πλὴν
1745 2146 1845 2216 τῆς

250 2230 392 2298 ἄγαν
429 2229 710 2302 ὠμότητος
740 2230 1020 2285 άπυτιοῦσι
1057 2234 1248 2299 δίκας·
1287 2253 1307 2288 ι
1337 2236 1452 2288 Οὐκ
1489 2237 1846 2306 ἀποστραφήο

249 2339 418 2393 σομαι
445 2321 552 2395 γάρ
592 2323 819 2387 αὐτοὺς,
855 2323 972 2380 ἀνθ’
1006 2317 1080 2380 ὧν
1109 2326 1331 2398 ἔπριζον
1369 2325 1562 2397 ’πρίοσι
1600 2326 1842 2398 σιδηροῖς

245 2415 352 2477 τὰς
379 2417 435 2469 ὲν
473 2415 672 2488 γαστρὶ
714 2416 946 2486 ἐχούσας
985 2417 1094 2472 τῶν
1135 2420 1193 2471 ὲν
1239 2417 1470 2472 Γαλαὰδ.
1494 2442 1514 2469 ο
1551 2419 1706 2472 Ἔστι
1743 2419 1842 2488 μὲν

237 2502 344 2560 ὀὖν
370 2508 403 2576 ὴ
429 2504 643 2560 Γαλαὰδ
675 2507 905 2579 πολίχνη
938 2509 1035 2578 τῆς
1075 2509 1356 2572 Ἰουδαίας,
1382 2510 1440 2561 ἐν
1480 2509 1711 2580 μεθορίῳ
1740 2510 1841 2578 τῆς

246 2597 629 2653 Παλαιστινῶν
663 2600 912 2670 κειμένη.
950 2600 1167 2670 Ταύτην
1204 2601 1254 2653 oi
1299 2602 1458 2671 Σύροι
1501 2600 1839 2671 προκατελά-

245 2685 434 2748 ϐοντο,
463 2687 557 2738 καὶ
587 2686 930 2757 πανωλεθρίᾳ
971 2688 1303 2758 διέφθειραν,
1334 2690 1520 2759 πρίοσι
1555 2689 1842 2759 τέμνοντες

251 2774 502 2844 σιδηροῖς
547 2776 643 2838 τὰς
684 2777 742 2829 ὲν
770 2779 972 2845 γαστρὶ
1013 2780 1273 2849 ἐχούσας,
1315 2781 1410 2833 καὶ
1442 2779 1575 2849 ὁμοῦ
1625 2781 1838 2850 νηπίοις

245 2865 388 2933 ’ὠμὰ
419 2865 688 2932 γυναικῶν
728 2867 1027 2932 κτείνοντες
1070 2869 1301 2940 ἔμϐρυα.
1349 2869 1584 2941 Πρίονας
1615 2871 1672 2924 δὲ
1701 2871 1842 2943 σιδη-

242 2955 389 3024 ροῦς
431 2957 555 3020 τοὺς
594 2957 700 3011 τῶν
729 2958 954 3029 ἁμαξῶν
983 2960 1238 3030 ὀνομάζει
1271 2961 1525 3030 τροχοὺς,
1556 2956 1638 3025 οἷς
1676 2979 1841 3015 κατα-

241 3045 540 3101 λεπτύνειν
562 3047 682 3114 ἔθος
699 3049 799 3120 τὴν
828 3051 941 3105 am
967 3054 1081 3115 τοῖς
1103 3051 1315 3122 Σύροις.
1345 3053 1456 3107 Καὶ
1477 3053 1608 3121 γοῦν
1635 3054 1726 3107 καὶ
1751 3055 1838 3110 διὰ

238 3139 436 3209 φωνῆς
465 3141 685 3195 Ἡσαΐου
711 3142 846 3212 φησί
871 3157 972 3197 που
995 3143 1126 3207 Θεὸς
1155 3145 1292 3215 πρὸς
1314 3145 1413 3215 τὴν
1435 3143 1542 3198 τῶν
1568 3145 1836 3200 Ἰουδαίων
1863 3175 1905 3233 c

237 3233 603 3300 Συναγωγήνσ
636 3251 654 3284 ι
695 3231 826 3288 Ἰδοὺ
855 3235 1086 3306 ἐποίησά
1122 3251 1181 3288 σε
1223 3237 1299 3300 ὡς
1330 3237 1557 3308 τροχοὺς
1597 3236 1832 3308 ἁμάξης,

231 3322 546 3388 ’ἀλοῶνταῇ
593 3327 814 3390 καινοὺς
834 3368 848 3392 ,
904 3329 1355 3400 πριστηροειδετς.
1376 3346 1397 3382 ι
1427 3331 1651 3400 Ὅμοιον
1677 3329 1752 3393 ὡς
1787 3331 1836 3383 εί

237 3411 395 3482 λέγοι
423 3415 587 3485 τυχὸν
611 3417 747 3486 πρὸς
777 3416 875 3488 τὴν
904 3419 1221 3490 Δαμασκόνο
1248 3419 1587 3490 Καταλοήσω
1616 3437 1709 3473 σου
1736 3421 1836 3491 τὴν

237 3504 422 3575 δίκην,
452 3507 588 3560 καθὸ
617 3505 982 3580 κατηλόησας,
1008 3511 1104 3564 καὶ
1137 3509 1462 3581 συνέτριψας
1492 3511 1618 3573 τοὺς
1647 3512 1703 3564 ὲν
1730 3512 1836 3564 Γαο

238 3595 411 3661 λαὰδ,
449 3599 527 3662 ὡς
569 3600 704 3669 μηδὲ
737 3601 914 3653 αὐτῶν
953 3600 1242 3671 φείσασθαι
1285 3601 1392 3655 τῶν
1431 3587 1510 3655 ἔτι
1543 3601 1688 3656 κατὰ
1733 3619 1835 3671 γα-

232 3690 432 3760 στρὸς,
460 3687 540 3754 οἷς
568 3694 596 3744 ὀ
633 3692 784 3763 παρὰ
813 3693 1027 3747 πάντων
1057 3693 1206 3758 ἔλεος
1230 3693 1534 3759 ἀκολουθεῖ,
1565 3695 1658 3748 καὶ
1683 3695 1835 3765 ὀφεί-

230 3777 418 3833 λεται.
447 3781 569 3833 ’Ότι
618 3781 673 3834 δὲ
717 3781 916 3851 ὠμῶς,
963 3783 1057 3834 καὶ
1093 3783 1299 3853 ἀγρίως
1327 3785 1440 3845 τοῖς
1481 3781 1540 3847 ἐξ
1585 3781 1834 3853 Ἰσραὴλ,

227 3872 656 3941 κατεχρήσαντο
681 3872 788 3924 τῶν
821 3875 886 3925 ὲκ
917 3871 1210 3942 Δαμασκοῦ
1243 3889 1405 3936 τινες,
1439 3873 1740 3943 ἀναμάοοις
1767 3873 1834 3925 ἂν

225 3963 458 4016 ἀκονιτὶ
515 3964 628 4023 τοῖς
660 3960 930 4015 Ἐλισσαιὲ
973 3963 1067 4016 τοῦ
1112 3966 1390 4032 προφήτου
1441 3963 1620 4032 λόγοις
1669 3979 1836 4033 προσο

224 4053 517 4125 εσχηκώςι
546 4053 796 4124 Ἀφίκετο
824 4053 921 4123 μὲν
944 4053 1052 4124 γὰρ
1075 4055 1153 4116 εἰς
1174 4052 1264 4106 τὸν
1285 4053 1590 4122 Δαμασκόν.
1620 4051 1834 4122 Ἐπειδὴ

222 4141 288 4198 δὲ
318 4146 626 4215 συνήντησε
648 4145 725 4215 τῷ
755 4143 974 4214 ’Λζαὴλ,
1002 4141 1412 4214 ἁρῥωστοῦντος
1435 4143 1516 4196 ἔτι
1539 4142 1633 4196 τοῦ
1658 4143 1833 4213 Ἀδὲρ,

228 4257 252 4290 ε
290 4235 598 4300 Ἐκλαυσε,
641 4236 826 4306 φησὶν,
865 4237 894 4287 ὁ
919 4234 1204 4306 ἄνθρωπος
1235 4233 1329 4286 τοῦ
1361 4233 1522 4287 Θεοῦ.
1543 4233 1654 4286 Καὶ
1685 4230 1836 4287 εἶπεν

236 4326 480 4396 Ἀζαὴλ,
510 4327 573 4379 Τί
597 4328 678 4380 ὅτι
707 4329 734 4379 ὁ
765 4326 953 4396 κύριός
985 4341 1086 4394 μου
1116 4324 1328 4391 κλαίει;
1360 4325 1470 4378 Καὶ
1497 4320 1671 4390 εἶπεν,
1705 4320 1834 4378 Οἶδα

224 4415 344 4470 ὅσα.
373 4418 620 4486 ποιήσεις
649 4418 763 4478 τοῖς
792 4417 931 4478 υίοῖς
966 4412 1183 4485 Ἰσραὴλ
1207 4413 1370 4467 κακά.
1397 4412 1476 4466 Τὰ
1505 4411 1835 4483 ὀχυρώματα

1944 1978 2106 2034 super
2137 1965 2317 2020 tribus
2343 1973 2399 2021 et
2446 1976 2678 2036 quatuor
2706 1971 2984 2038 peccatis?
3010 1970 3150 2038 Quid
3189 1988 3350 2043 porro
3376 1974 3519 2032 fece-

1944 2056 2108 2110 runt?
2152 2055 2315 2111 Multa
2351 2059 2566 2127 quidem
2615 2069 2671 2114 et
2713 2061 2851 2129 alia;
2900 2075 3271 2119 verumtamen
3311 2081 3518 2136 magna

1943 2145 2222 2213 cujsdam
2260 2148 2485 2203 saevitiae
2531 2162 2721 2219 poenas
2752 2152 3116 2208 sustinebunt.
3155 2171 3174 2206 ι
3212 2152 3328 2210 Non
3372 2159 3516 2211 enim

1942 2246 2252 2292 convertam
2307 2251 2421 2303 eos,
2471 2241 2725 2308 quoniam
2772 2252 3068 2296 secuerunt
3116 2244 3282 2298 serris
3327 2243 3518 2302 ferreis

1943 2337 2280 2396 prtegnantes
2327 2328 2552 2384 Galaad.
2589 2347 2609 2382 ι
2669 2327 2991 2401 Oppidulum
3048 2343 3131 2388 est
3194 2333 3396 2390 Galaad
3457 2336 3514 2390 in

1941 2419 2244 2475 confinibus
2291 2421 2587 2478 Palaestina:
2645 2424 2828 2480 situm.
2859 2424 2973 2481 Hoc
3028 2426 3148 2498 Syri
3203 2442 3514 2498 occupave-

1943 2521 2085 2573 rant,
2115 2511 2463 2581 funditusque
2490 2513 2859 2582 perdiderant,
2896 2517 3041 2585 ipsas
3067 2518 3227 2572 etiam
3264 2519 3516 2589 gravidas

1940 2599 2191 2655 mulieres
2221 2602 2387 2656 serris
2411 2601 2766 2669 dissecantes,
2796 2614 2851 2658 et
2874 2620 2993 2658 eum
3024 2605 3324 2662 infantibus
3349 2608 3513 2662 etiam

1939 2688 2082 2746 fetus
2119 2691 2293 2746 adhuc
2338 2693 2684 2762 imperfectos
2718 2696 3112 2753 interimentes.
3167 2697 3360 2752 Serras
3399 2697 3514 2752 fer.

1939 2796 2058 2836 reas
2088 2797 2338 2836 curruum
2384 2793 2531 2838 rotas
2575 2784 2837 2850 nominat,
2881 2787 3080 2854 quibus
3113 2801 3298 2840 aream
3339 2796 3515 2842 terere

1940 2871 2090 2944 Syris
2135 2888 2253 2928 mus
2297 2882 2401 2929 est.
2451 2874 2638 2943 Itaque
2693 2883 2748 2930 et
2795 2890 2890 2930 ore
2931 2875 3081 2930 Isaize
3127 2875 3324 2930 alicubi
3370 2877 3513 2934 Deus

1936 2961 2240 3018 Iudaeorum
2268 2962 2614 3034 Synagogam
2642 2965 2720 3020 sic
2747 2964 3079 3033 alloquitur:
3111 2964 3273 3034 255
3309 2983 3328 3016 ι
3369 2965 3510 3021 Ecce

1939 3053 2042 3109 feci
2089 3065 2142 3108 te
2183 3056 2340 3125 quasi
2391 3065 2542 3110 rotas
2596 3055 2820 3125 plaustri
2867 3055 3185 3110 triturantes
3224 3069 3412 3122 novas,
3455 3059 3510 3111 in

1939 3160 2212 3202 serrarum
2243 3147 2456 3201 modum
2483 3149 2551 3202 ".
2592 3166 2613 3201 ›
2658 3146 2822 3214 Quasi
2871 3147 3192 3201 Damascum
3239 3146 3311 3200 ita
3358 3161 3511 3202 com-

1939 3232 2443 3302 pellet:Triturabo
2471 3247 2688 3304 pmnam
2724 3247 2868 3290 tuam
2900 3236 3040 3289 sicut
3067 3245 3123 3288 tu
3160 3235 3422 3290 triturasti
3455 3245 3512 3291 et

1935 3323 2240 3378 contrivisti
2286 3323 2490 3378 incolas
2538 3323 2761 3390 Galaad,
2815 3334 2871 3378 ut
2919 3339 3023 3378 nec
3056 3327 3108 3379 iu
3147 3336 3302 3380 utero
3336 3325 3512 3380 adhuc

1936 3415 2226 3472 latentibus
2255 3429 2528 3484 parceres,
2575 3417 2772 3485 quibus
2812 3418 2881 3470 ab
2907 3415 3158 3472 omnibus
3193 3417 3504 3472 misericor-

1935 3509 2021 3562 dia
2071 3507 2324 3562 tribuitur
2366 3516 2422 3564 et
2461 3508 2704 3563 debetur.
2752 3507 3062 3564 Crudeliter
3106 3517 3285 3562 autem
3317 3515 3372 3560 et
3403 3508 3509 3561 im-

1937 3600 2170 3653 mauiter
2217 3615 2245 3652 a
2307 3600 2657 3654 Damascenis
2704 3599 3024 3666 quibusdam
3078 3608 3339 3652 tractatos
3388 3610 3510 3651 esse

1936 3689 2207 3746 lsraelitas
2256 3689 2415 3745 facile
2461 3691 2661 3753 discas,
2713 3689 2757 3741 si
2814 3689 2974 3742 Elisei
3011 3689 3288 3757 propheta:
3330 3686 3511 3742 verbis

1935 3780 2203 3832 attendas.
2242 3777 2398 3833 Venit
2420 3780 2562 3832 enim
2587 3775 2933 3830 Damascum.
2960 3777 3030 3831 Ut
3062 3786 3243 3830 autem
3267 3775 3504 3831 occurrit

1936 3866 2144 3930 Azaeli,
2177 3867 2352 3922 adhuc
2369 3876 2667 3934 aegrotante
2696 3865 2810 3921 (ilio
2831 3867 2977 3920 Adet
2999 3865 3320 3936 (Benadab),
3350 3884 3371 3919 ι
3394 3865 3511 3921 Flo-

1937 3959 2012 4012 vit
2068 3958 2231 4011 homo
2288 3959 2394 4024 dei,
2429 3976 2449 4010 ι
2511 3967 2568 4012 ut
2623 3958 2902 4026 Scriptura
2963 3958 3160 4026 inquit.
3207 3957 3322 4012 «Et
3373 3956 3508 4013 dixit

1934 4049 2139 4113 Azael,
2193 4063 2360 4116 quare
2406 4049 2664 4103 Dominus
2702 4061 2854 4102 meus
2899 4046 3021 4102 ﬂet?
3070 4047 3136 4101 Et
3185 4051 3502 4119 respondit,

1936 4140 2073 4206 Quia
2118 4141 2235 4195 scio
2263 4154 2600 4208 quaecunque
2633 4139 2878 4193 facturus
2905 4154 2966 4193 es
2998 4139 3121 4192 filiis
3151 4140 3313 4194 Israel
3342 4139 3502 4194 maia.

1937 4233 2016 4288 Tu
2072 4233 2324 4288 civitates
2379 4245 2566 4284 eorum
2625 4231 2862 4284 munitas
2918 4231 3215 4284 suceendes
3260 4231 3400 4301 igne,
3451 4234 3507 4286 et

1936 4325 2138 4379 electos
2161 4337 2350 4378 eorum
2384 4321 2680 4376 interficies
2709 4321 2908 4390 gladio,
2945 4331 2995 4376 et
3024 4321 3278 4391 parvulos
3316 4337 3505 4376 eorum

1937 4416 2148 4478 allides,
2179 4427 2234 4468 et
2281 4423 2621 4483 prmgnantes
2648 4426 2834 4468 eorum
2864 4411 3152 4467 divides“.
3184 4430 3202 4464 ι
3239 4412 3504 4478 Quoniam

227 4505 428 4559 αὐτῶν
461 4503 832 4568 ὲξαποστελεῖς
862 4503 920 4556 ὲν
953 4501 1109 4573 πυρὶ,
1139 4501 1233 4554 καὶ
1260 4503 1386 4565 τοὺς
1417 4501 1705 4565 ἐκλεκτοὺς
1734 4503 1831 4554 αὐ-

1939 4509 2100 4578 igitur
2149 4505 2351 4562 Galaad
2401 4507 2545 4560 hune
2596 4506 2648 4560 in
2710 4506 2928 4560 modum
2975 4502 3154 4560 aliecit
3188 4504 3503 4569 Damascus,

225 4598 357 4651 τῶν
385 4598 444 4650 ἐν
477 4596 722 4668 ῥομφαίᾳ
745 4594 1086 4657 ἀποκτενεῖς,
1119 4591 1214 4645 καὶ
1244 4591 1314 4646 τὰ
1342 4593 1507 4662 νήπια
1539 4591 1717 4646 αὐτῶν
1743 4593 1831 4645 ἐν·

229 4691 474 4752 σείει-εις,
513 4689 731 4751 καὶτὰς
774 4688 831 4740 ἐν
865 4685 1064 4756 γαστρὶ
1105 4682 1337 4754 ἐχούσας
1377 4685 1552 4737 αὐτῶν
1590 4685 1831 4754 ἀναρρή-

228 4780 378 4847 ξεις.
406 4799 426 4830 ι
462 4779 678 4850 Ἐπειδὴ
705 4778 761 4832 δὲ
788 4777 959 4830 ταῦτα
987 4776 1211 4847 δέδρακε
1235 4774 1376 4828 κατὰ
1415 4776 1514 4844 τῆς
1555 4775 1765 4828 Γαλαὰδ
1797 4778 1828 4846 ὴ

226 4869 562 4940 Δαμασκὺς,
599 4867 794 4936 μᾶλλον
823 4868 880 4920 δὲ
905 4870 1000 4920 καὶ
1027 4867 1172 4921 κατὰ
1203 4867 1385 4936 πάσης
1423 4863 1521 4935 τῆς
1557 4865 1664 4918 τῶν
1705 4866 1833 4918 Ἰου-

225 4962 420 5014 δαίων
453 4957 656 5027 χώρας,
680 4958 1032 5026 καταφλέξειν
1061 4957 1276 5012 ἀπειλεῖ
1302 4956 1394 5009 τὸν
1425 4951 1572 5008 οἷκον
1610 4955 1827 5026 Ἀζαὴλ,

228 5053 348 5106 καὶ
390 5049 565 5118 Ἄδερ.
600 5048 693 5100 καὶ
742 5049 1045 5119 συντρίψειν
1095 5049 1326 5119 μοχλοὺς
1381 5048 1692 5117 Δαμασκοῦ.
1722 5048 1829 5102 Πέ-

232 5158 501 5215 πρακται
555 5138 655 5209 μὲν
699 5138 868 5191 ταῦτα
909 5139 997 5193 διὰ
1039 5141 1138 5210 μὲν
1179 5139 1376 5206 Ὀζίου,
1421 5142 1516 5193 καὶ
1551 5139 1832 5210 Ἰεροὸοὰμ

232 5233 550 5304 ἀναμέρος,
579 5231 672 5285 καὶ
699 5230 842 5284 κατὰ
869 5231 1090 5302 καιρούς
1117 5249 1130 5264 ο
1161 5227 1304 5285 εἷλόν
1330 5249 1389 5283 τε
1418 5231 1524 5299 γὰρ
1555 5231 1650 5283 καὶ
1681 5232 1834 5284 αὐτοὶ

234 5327 353 5395 τὴν
394 5324 616 5394 Συρίαν,
663 5323 754 5376 καὶ
792 5324 1102 5391 νενικήκασι
1131 5322 1502 5392 κατακράτος·
1555 5321 1747 5391 χρόνου
1777 5322 1833 5374 δὲ

238 5418 556 5488 προϊόντος,
586 5416 676 5468 καὶ
704 5412 856 5484 παρὰ
879 5411 1141 5481 βασιλέως
1165 5411 1484 5480 Ἀσσυρίων.
1514 5405 1647 5460 Εἶτά
1679 5426 1829 5478 φησι,

243 5525 273 5562 α
315 5507 423 5559 Καὶ
450 5504 811 5576 ἐξολοορεύσω
839 5499 1222 5562 κατοικοῦντας
1257 5503 1320 5552 ὲκ
1352 5498 1532 5550 πεδίου
1565 5493 1684 5550 Ὧν.
1709 5490 1832 5551 »Ὧν

237 5599 302 5651 οἱ
355 5597 626 5667 προφῆται
664 5597 761 5665 τὴν
791 5592 993 5662 Βαιοὴλ
1033 5591 1409 5661 ὀνομάζουσιν,
1447 5590 1506 5642 ὲν
1613 5587 1710 5658 τὴν
1743 5589 1832 5644 δά-

849 5770 892 5800 ”
925 5767 985 5819 ιγ
1030 5765 1160 5834 Reg.
1192 5778 1307 5830 vm,
1341 5763 1422 5819 1‘2.

342 5774 380 5804 "
410 5774 510 5829 lsa.
547 5773 767 5839 xt.t,15.

1935 4615 2028 4654 seu
2082 4608 2247 4653 totam
2280 4597 2585 4653 Judaaorum
2628 4598 2898 4668 regionem
2949 4598 3149 4667 potius,
3183 4605 3500 4651 exusturum

1935 4691 2172 4744 minatur
2231 4690 2448 4743 domum
2488 4691 2654 4742 Azael
2697 4698 2752 4742 et
2794 4688 2976 4754 Ader,
3034 4697 3089 4742 et
3139 4686 3498 4742 contriturum

1933 4792 2114 4837 vectes
2154 4780 2439 4836 Damasci:
2469 4796 2589 4849 qua:
2628 4779 2767 4832 facta
2814 4787 2940 4834 sunt
2981 4793 3077 4847 per
3108 4778 3295 4832 Oziam
3325 4786 3380 4830 et
3412 4773 3502 4829 Je-

1934 4871 2155 4924 roboam
2203 4885 2446 4925 seorsum
2495 4878 2548 4923 et
2593 4869 2824 4923 diversis
2877 4867 3230 4936 temporibus.
3274 4864 3409 4918 Nam
3447 4871 3502 4917 et

1935 4957 2036 5026 ipsi
2083 4956 2292 5027 Syriam
2332 4957 2664 5020 invaserunt,
2697 4967 2751 5011 et
2783 4957 2949 5010 armis
2993 4957 3326 5016 devicerunt,
3357 4952 3500 5021 quod

1931 5056 1989 5104 et
2019 5064 2304 5117 progressu
2335 5049 2595 5118 temporis
2621 5049 2967 5119 Assyriorum
3002 5062 3094 5102 rex
3129 5044 3273 5100 fecit.
3302 5044 3500 5099 Deinde

1935 5143 2050 5194 ait:
2091 5157 2110 5190 ι
2141 5139 2208 5193 Ει
2261 5140 2566 5208 disperdam
2616 5141 2932 5194 habitantes
2991 5152 3059 5194 ex
3122 5150 3312 5204 campo
3347 5132 3441 5188 ὢν.
3473 5153 3494 5187 ο

1933 5229 2215 5298 Propheta:
2251 5229 2352 5284 hoc
2397 5230 2613 5284 nomine
2641 5229 2830 5284 Bethcl
2860 5227 3187 5297 significant,
3222 5226 3310 5282 ubi
3343 5239 3498 5280 exse-

1932 5325 2165 5376 crandus
2211 5320 2498 5375 Jeroboam
2550 5321 2774 5374 vitulum
2820 5334 3040 5373 aureum
3084 5317 3349 5386 deposuit.
3393 5315 3496 5371 Sed

1932 5411 2055 5479 quia
2087 5426 2152 5464 ex
2184 5426 2249 5465 eo
2284 5421 2390 5465 tota
2429 5411 2576 5479 regio
2604 5412 2856 5478 deinceps
2882 5408 3020 5463 idola
3045 5407 3231 5471 coluit,
3263 5409 3342 5462 sic
3377 5420 3496 5461 eam

1933 5502 2213 5555 nominare
2254 5508 2675 5555 consueverunt.
2715 5498 3031 5552 ilabitautes
3063 5499 3224 5569 igitur
3266 5497 3319 5552 in
3356 5506 3497 5550 terra

1932 5601 1985 5646 et
2009 5605 2197 5661 campo
2230 5590 2325 5656 ὢν,
2351 5589 2466 5644 sive
2493 5587 2759 5656 ματαίων,
2801 5602 3081 5655 vanorum,
3119 5590 3222 5645 hoc
3251 5593 3358 5649 est,
3392 5584 3498 5638 ido-
