4054 6274
176 5894 205 5936 ἒ
272 5941 280 5949 .

213 384 306 442 325

1155 372 1707 434 COMMENTARIUS
1743 372 1809 430 IN
1848 368 2034 427 ΑΜοὸ
2073 363 2519 425 ΡΒΟΡΙΙΕΤΑΜ.

3359 368 3464 427 I20

214 498 422 575 Fpacpiiv
452 496 894 571 αίχμαλωτεῦσαι
930 492 1160 565 λέγομεν
1187 494 1387 559 αὐτοὺς
1435 492 1786 565 αἰχμαλωσίᾳ

1902 503 2013 543 non
2060 503 2152 544 rex
2202 487 2405 544 viribus
2433 494 2736 558 praepotens
2778 485 2901 553 fuit,
2951 496 3008 545 et
3045 488 3215 561 copiis
3246 489 3465 545 invictis

212 591 295 648 τοῦ
331 590 603 663 Σολομὼν,
632 590 811 645 ὲκεῖνό
844 605 948 643 που
982 585 1201 650 πάντως
1232 586 1433 640 έννοεῖν
1459 586 1778 654 ἀναγκαῖον.

213 686 394 754 Γέγονε
429 685 528 755 μὲν
578 684 688 756 γὰρ
730 679 1146 743 εὖσθενὲστατος
1183 679 1279 732 καὶ
1317 678 1599 749 παναλκὴς
1632 677 1783 749 βασι-

214 778 324 840 λεὺς
346 777 375 829 ὁ
399 773 672 846 Σολομὼν,
702 772 1080 843 κατεκράτησε
1107 768 1163 824 δὲ
1188 767 1331 822 οὕτω
1356 768 1464 821 τῶν
1490 768 1785 840 περιοίκων

214 867 393 931 ἐθνῶν,
445 867 523 930 ὡς
580 865 676 919 καὶ⁸
728 862 930 925 πολλὰς
973 859 1107 931 παρ’
1150 860 1341 923 αὐτοῖς
1389 856 1786 929 ἀναδείμασθαι

214 960 416 1024 πόλεις,
457 959 553 1012 καὶ
592 958 651 1013 έν
697 956 889 1019 αύταῖς
930 951 1146 1025 ίδρύσαι
1180 950 1272 1004 τὸν
1323 946 1574 1023 Ἰσραὴλ,
1606 949 1786 1013 δόντος

216 1040 348 1122 αὐτῷ
376 1047 471 1103 τοῦ
499 1047 708 1120 Χιράμ.
740 1045 1057 1116 Γέγραπται
1080 1043 1137 1096 δὲ
1165 1038 1310 1096 οὕτω
1341 1043 1401 1096 ὲν
1427 1040 1654 1113 δευτέρα
1678 1041 1789 1095 τῶν

216 1139 721 1214 Παραλειπομένωνο
761 1155 783 1190 ι
815 1137 927 1191 Kal.
973 1134 1191 1205 ἐγένετο
1243 1132 1381 1205 μετά
1412 1133 1617 1187 εἴκοσιν
1659 1132 1787 1205 ἔτη,

216 1236 267 1289 ὲν
290 1231 369 1298 οἷς
396 1231 713 1305 ᾠκοδόμησε
741 1228 995 1300 Σολομὼν
1027 1216 1120 1280 τὸν
1151 1220 1298 1279 οἶκον
1322 1222 1552 1296 Κυρίου,
1578 1225 1671 1279 καὶ
1695 1225 1789 1279 τὸν

214 1325 350 1383 οἷκον
375 1323 592 1385 ἑαυτοῦ,
621 1322 715 1377 καὶ
751 1319 850 1385 τὰς
883 1320 1068 1380 πόλεις
1105 1317 1274 1373 ἔδωκε
1304 1316 1494 1390 Χιράμ
1522 1315 1601 1389 τῷ
1629 1317 1786 1372 Σολο-

218 1419 346 1491 μὼν,
389 1414 741 1489 ᾠκοδόμησεν
785 1411 954 1475 αὐτὰς
1017 1407 1293 1481 Σολομὼν,
1341 1408 1437 1462 καὶ
1483 1406 1790 1481 κατῴκισεν

216 1515 324 1567 ἐκεῖ
348 1511 475 1574 τοὺς
501 1509 650 1572 υἱοὺς
670 1505 911 1579 Ἰσραὴλ,
941 1504 1035 1559 καὶ
1060 1498 1193 1576 ἦλθε
1220 1501 1474 1575 Σολομὼν
1506 1502 1587 1567 εἰς
1611 1498 1788 1575 Δίμάθ

217 1603 390 1658 Σωϐἀ.
443 1600 551 1656 Kal.
594 1596 899 1668 κατῴκισεν
951 1596 1141 1669 αὐτὴν,
1188 1593 1285 1649 καὶ
1334 1593 1651 1667 ᾠκοδόμησε
1693 1595 1793 1666 τήν

216 1693 421 1764 Θεδμὺρ
462 1692 519 1747 έν
555 1693 623 1763 τῇ
674 1691 904 1762 ἐρήμῳ,
949 1688 1046 1743 καὶ
1094 1687 1280 1751 πάσας
1316 1687 1415 1752 τὰς
1464 1686 1651 1751 πόλεις
1693 1686 1794 1750 τὰς

216 1787 409 1861 ὀχυρὰς
436 1783 785 1858 ᾠκοδόμησεν
806 1784 864 1835 ἐν
880 1780 1116 1853 Αίμάθ.»
1134 1780 1247 1837 Kal.
1268 1779 1386 1852 μεθ’
1410 1779 1575 1852 ἕτερα
1605 1778 1793 1833 πάλιν*

1885 580 2085 643 raluit,
2137 580 2451 649 vicinasque
2499 589 2688 650 gentes
2738 579 2811 635 ita
2852 580 3179 654 subiugavit,
3211 583 3373 656 257
3405 591 3467 639 ut

1883 670 2044 724 etiam
2075 669 2237 725 urbes
2265 672 2404 741 apud
2450 683 2545 724 eas
2575 671 2883 741 complures
2912 674 3283 741 tcdillcaverit,
3326 685 3380 732 et
3409 675 3466 731 iu

1886 761 1949 816 iis
1977 758 2247 814 lsraelitns
2284 760 2591 827 collocarit,
2639 763 2860 817 Chiram
2908 765 2960 820 id
2996 764 3071 821 illi
3112 768 3465 822 concedente.

1886 851 1978 906 Sic
2019 851 2169 905 enim
2218 850 2382 906 habet
2439 853 2711 909 secundus
2777 852 2915 909 liber
2965 855 3463 927 Paralipomenon:

1892 962 1909 995 ι
1946 943 2009 998 Et
2036 943 2238 999 factum
2267 951 2355 998 est
2382 952 2504 1013 post
2527 943 2718 1014 viginti
2752 958 2949 1008 annos,
2990 946 3043 1000 in
3072 949 3270 1017 quibus
3294 950 3467 1005 (ediﬁ-

1886 1037 2032 1090 cavit
2067 1036 2325 1091 Salomon
2359 1035 2579 1091 domum
2613 1034 2848 1101 Domini,
2872 1046 2929 1091 et
2960 1037 3177 1093 domum
3210 1055 3383 1102 suam,
3415 1053 3471 1095 et

1888 1126 2141 1182 civitates
2174 1141 2313 1197 quas
2353 1126 2505 1182 dedit
2552 1126 2772 1182 Cbiram
2827 1125 3128 1192 Salomoni,
3182 1129 3471 1183 aediﬁcavit
3588 1124 3592 1128 ’

1888 1219 2035 1289 ipsas
2060 1218 2340 1286 Salomon,
2381 1228 2435 1273 et
2468 1218 2712 1274 habitare
2752 1217 2879 1274 fecit
2912 1220 2982 1275 ibi
3012 1220 3150 1274 lilios
3180 1217 3364 1275 Israel.
3404 1219 3473 1274 Et

1888 1310 2040 1365 venit
2070 1309 2326 1366 Salomon
2368 1311 2420 1366 in
2451 1310 2642 1366 Ematb
2691 1308 2857 1376 Suba,
2888 1321 2942 1366 et
2974 1310 3253 1381 prmvaluit
3282 1321 3468 1365 contra

1890 1413 2037 1465 eam,
2085 1408 2141 1456 et
2178 1400 2467 1477 aedificavit
2495 1399 2769 1455 Thedmor
2814 1401 2867 1454 in
2899 1400 3135 1465 deserto,
3186 1409 3237 1456 et
3283 1416 3472 1457 omnes

1892 1494 2141 1550 civitates
2170 1493 2407 1548 munitas
2441 1504 2579 1561 quas
2620 1491 2909 1547 aediﬁcavit
2953 1491 3006 1545 in
3044 1491 3236 1547 Ematb
3259 1489 3323 1546 “.
3355 1509 3372 1543 ι
3408 1490 3476 1545 Et

1894 1584 2056 1655 paulo
2108 1593 2271 1655 post:
2307 1601 2326 1636 ι
2361 1582 2426 1638 Et
2454 1596 2796 1653 quaecunque
2844 1583 3172 1638 desideravit
3215 1582 3473 1638 Salomon

1893 1676 2189 1731 secundum
2218 1674 2546 1731 desiderium
2593 1685 2774 1738 suum,
2808 1680 2868 1726 ut
2906 1671 3203 1728 aediﬁcaret
3234 1676 3286 1727 in
3315 1670 3476 1727 Jeru-

1896 1767 2084 1832 salem,
2113 1774 2169 1821 et
2199 1767 2252 1821 in
2299 1765 2527 1832 Libano,
2551 1776 2604 1821 et
2630 1763 2685 1819 in
2718 1764 2865 1819 omni
2894 1778 3063 1835 regno
3092 1776 3212 1819 suo.
3245 1761 3473 1820 Omnem

389 1839 490 1931 δσα
512 1839 824 1946 ἔπεδύιμησε
844 1839 1098 1945 Σολομὼν
1112 1871 1254 1927 κατά
1264 1839 1363 1944 ¹τὴν
1385 1839 1677 1943 ἐπιθυμίαν
1697 1869 1792 1924 τοῦ

1902 1859 2148 1929 populum
2177 1857 2269 1927 qui
2290 1857 2582 1914 derelictus
2610 1856 2793 1913 fuerat
2818 1858 2883 1912 de
2910 1854 3172 1921 Hetbais,
3199 1864 3256 1912 et
3282 1855 3477 1912 Amor-

223 1963 557 2034 οίκοδομῆσαι
586 1963 645 2016 ὲν
682 1960 1059 2033 Ἰερουσαλὴμ,
1092 1961 1185 2014 καὶ
1213 1961 1273 2014 ὲν
1300 1960 1379 2032 τῷ
1411 1960 1663 2032 Λιϐάνῳ.
1699 1958 1796 2013 καὶ

224 2056 359 2129 πάση
388 2056 458 2127 τῇ
491 2051 738 2125 βασιλείᾳ
767 2050 953 2106 αὐτοῦ.
994 2051 1112 2115 Πᾶς
1136 2050 1164 2104 ὁ
1188 2050 1315 2117 λαὸς
1343 2053 1372 2105 ὁ
1414 2049 1797 2119 καταλειφθεὶς

216 2144 321 2198 ἀπὸ
342 2143 440 2197 τοῦ
479 2141 766 2205 Χετταίου,
805 2142 899 2194 καὶ
934 2140 1029 2195 τοῦ
1065 2139 1417 2214 Ἀμορραίου,
1444 2140 1539 2194 καὶ
1567 2137 1798 2223 106.4%-

219 2234 453 2307 ρεζαίου,
482 2233 578 2288 καὶ
604 2230 701 2287 τοῦ
740 2230 962 2294 Εὐαίου,
996 2230 1090 2286 καὶ
1119 2230 1215 2286 τοῦ
1240 2230 1589 2296 Ἰεϐουσαίου,
1615 2229 1666 2283 οἳ
1696 2231 1799 2285 οὐκ

214 2326 349 2381 εἰσὶν
379 2326 446 2379 ὲκ
473 2321 568 2379 τοῦ
589 2322 830 2398 Ἰσραήλ,
860 2317 1002 2394 ἦσαν
1031 2322 1095 2376 ὲκ
1120 2320 1232 2376 τῶν
1260 2321 1393 2377 υἱῶν
1419 2320 1602 2376 αὐτῶν
1635 2338 1800 2377 κατα-

211 2415 527 2487 λειφθέντες
557 2414 679 2487 μιτ’
718 2413 913 2477 αὐτοὺς
953 2412 1014 2468 ἐν
1055 2411 1122 2484 τῇ
1177 2414 1280 2485 γῇ,
1324 2411 1419 2477 οὒς
1465 2413 1568 2468 οὐκ
1612 2412 1797 2480 temo

213 2511 452 2582 θρευσαν
477 2506 587 2561 υἱοὶ
617 2504 855 2575 Ἰσραήλ.
878 2505 992 2557 Καὶ
1017 2502 1293 2577 ἀνήγαγεν
1322 2504 1522 2570 αὐτοὺς
1547 2504 1800 2577 Σολομὼν

210 2605 293 2667 εἰς
323 2600 513 2672 φόρον,
538 2597 642 2660 ἕως
665 2596 766 2667 τῆς
790 2594 1004 2666 ἡμέρας
1033 2594 1253 2666 ταύτης.
1276 2613 1295 2647 ι
1333 2595 1799 2667 Συμφραξάμενοι

209 2693 398 2748 τοίνυν
438 2690 553 2752 τοῖς
585 2690 650 2742 ὲκ
684 2688 784 2759 τῆς
811 2687 1115 2758 Ἰδουμαίας
1150 2686 1373 2751 Γαζαῖοι
1405 2703 1466 2740 τε
1502 2686 1597 2742 καὶ
1633 2686 1806 2755 Ἀζώ-

214 2802 352 2849 τιοι,
381 2783 477 2837 καὶ
499 2782 549 2837 oi
571 2781 748 2835 λοιποὶ
771 2779 976 2844 ταύτας
1007 2796 1111 2832 που
1134 2778 1233 2841 τὰς
1262 2779 1445 2843 πόλεις
1474 2779 1803 2852 ἀνῃρήκασι,

214 2875 322 2939 τὰς
349 2872 747 2945 ὠνομασμένας
766 2870 861 2925 τοῦ
889 2869 1161 2939 Σολομὼν,
1185 2869 1260 2933 ὡς
1287 2869 1486 2941 μηκέτι
1513 2870 1614 2940 μὲν
1634 2866 1806 2935 αὐτὰς

211 2967 326 3024 ὑπὸ
360 2966 460 3037 τὴν
487 2964 656 3019 Ἰούδα
695 2962 908 3018 κεῖσθαι
949 2962 1251 3034 βασιλείαν,
1282 2962 1724 3035 ἀπνενεμῆσθαι
1748 2961 1806 3017 δὲ

1896 1951 2080 2020 rbteis,
2128 1960 2185 2007 et
2217 1949 2543 2013 Pherezmis,
2583 1958 2640 2004 et
2687 1945 2919 2016 lIevaeis,
2962 1956 3018 2002 et
3057 1947 3338 2015 Jebusaeis,
3381 1949 3475 2018 qui

1897 2064 2003 2104 non
2036 2055 2191 2101 erant
2240 2047 2307 2101 de
2352 2046 2522 2116 stirpe
2568 2039 2755 2110 Israel,
2788 2043 2857 2100 de
2899 2041 3026 2098 ﬁliis
3059 2057 3273 2108 eorum,
3313 2053 3367 2098 et
3410 2044 3478 2098 de

1898 2137 2158 2213 posteris,
2192 2151 2331 2209 quos
2365 2150 2471 2193 non
2505 2133 2895 2193 interiecerant
2941 2134 3035 2190 lilii
3066 2132 3251 2202 Israel,
3292 2136 3478 2204 subju-

1897 2233 2045 2304 gavit
2061 2230 2317 2289 Salomon
2343 2230 2398 2284 in
2419 2228 2759 2293 tributarios,
2781 2243 2951 2299 usque
2972 2230 3025 2286 in
3044 2231 3185 2286 diem
3212 2230 3349 2285 hanc
3364 2229 3429 2283 ¹⁶.
3451 2247 3470 2280 ι

1899 2322 2109 2395 Itaque,
2138 2317 2467 2380 eonsociatis
2499 2322 2689 2389 armis,
2720 2319 2921 2391 (ἱππεῖ,
2949 2320 3148 2391 Azotii,
3196 2331 3252 2378 et
3285 2320 3478 2391 reliqui

1896 2431 2021 2473 cum
2049 2412 2322 2481 Idumreis,
2345 2414 2507 2471 hasce
2528 2414 2691 2470 urbes
2711 2423 3026 2471 everterunt
3052 2432 3067 2470 :
3093 2430 3215 2486 quae
3240 2413 3480 2470 Salomo-

1899 2508 1986 2566 nis
2020 2506 2382 2581 appellantur,
2411 2506 2554 2576 quod
2585 2521 2692 2563 non
2743 2506 2977 2576 amplius
3011 2507 3113 2563 sub
3138 2521 3307 2577 regno
3338 2503 3479 2561 Iuda

1900 2608 2103 2664 essent,
2145 2598 2242 2654 sed
2276 2597 2455 2669 impiis
2484 2593 2845 2653 Moabitarum
2881 2596 3108 2654 ducibus
3134 2598 3280 2653 velut
3320 2601 3481 2654 nttri-
3516 2584 3521 2589 ’

1903 2691 2065 2746 butm.
2090 2686 2437 2760 Quapropter
2467 2684 2668 2746 Gazam
2714 2704 2822 2745 una
2872 2703 2996 2745 cum
3041 2688 3164 2744 aliis
3197 2688 3306 2759 igni
3351 2703 3484 2743 con-

1903 2791 2177 2851 sumptum
2213 2781 2278 2837 iri
2308 2778 2460 2849 dicit,
2489 2790 2545 2837 et
2569 2781 2814 2838 funditus
2837 2782 3109 2853 perituros
3132 2782 3407 2846 Azoticos,
3429 2791 3486 2836 ct

1902 2872 2264 2941 Ascalonitas,
2288 2881 2343 2929 et
2363 2872 2612 2931 Acearon
2643 2875 2743 2932 sub
2769 2888 2934 2929 mauu
2955 2873 3315 2943 percutientis
3344 2873 3485 2930 fore.

1904 2964 2136 3021 Prorsus
2164 2976 2348 3023 autem
2374 2981 2498 3024 eum
2544 2966 2677 3034 ipsis
2721 2968 2886 3023 etiam
2917 2966 3157 3037 reliquos
3197 2967 3266 3022 de
3296 2966 3488 3022 eadem

210 3059 410 3128 ὥσπερ
431 3059 546 3120 τοῖς
568 3054 873 3111 Μωαϐιτῶν
893 3054 1127 3118 ἀνοσίοις
1152 3054 1511 3127 καθηγηταῖς.
1535 3053 1801 3129 Ταύτῃ-τοι

1908 3066 2068 3127 gente
2102 3058 2455 3114 barbarorum
2480 3059 2810 3114 exstinctum
2853 3058 2943 3112 iri.
2977 3056 3138 3123 Nam,
3175 3065 3232 3112 ut
3254 3072 3489 3114 consen-

214 3151 355 3222 πυρὶ
406 3145 883 3218 δαπανηθήσεσοαι
931 3144 1053 3209 ταῖς
1102 3145 1288 3210 ἄλλαις
1316 3143 1453 3218 όμού
1498 3145 1598 3218 τὴν
1623 3146 1807 3212 Γάζαν

214 3239 406 3313 φησίνο
428 3236 609 3302 ἐξολοθ
619 3234 977 3308 ρευθήσεσθαι
995 3232 1053 3287 δὲ
1075 3235 1170 3288 καὶ
1194 3232 1504 3299 Ἀζωτίους,
1523 3236 1619 3291 καὶ
1638 3235 1812 3307 φυλὴν

236 3330 584 3394 Δσκάλωνος,
599 3328 693 3382 καὶ
706 3326 810 3381 ὑπδ
821 3328 980 3398 χεῖρα
994 3325 1367 3400 γεν[ήσ]έσθαι
1383 3323 1474 3381 τοῦ
1489 3328 1814 3400 πλήττοντος

225 3423 315 3494 τὴν
350 3418 661 3491 Ἀκκαρὼν.
703 3417 1101 3472 Συνδιολεῖσθαι
1133 3417 1192 3472 δὲ
1237 3419 1458 3484 πάντως
1496 3419 1690 3484 αὐταῖς
1719 3420 1816 3475 καὶ

230 3515 345 3579 τοὺς
382 3510 753 3574 καταλοίπους
795 3508 905 3563 τῶν
941 3509 1249 3580 ὁμοφύλων.
1283 3509 1814 3585 Μεμισθοφορήκασι

224 3605 355 3677 γὰρ,
388 3602 534 3659 κατά
578 3601 640 3656 τὺ
670 3602 838 3667 εἰκὸς,
870 3601 965 3656 καὶ
991 3602 1284 3673 κέκληνται
1326 3602 1465 3676 πρὸς
1494 3603 1816 3677 ἐπικουρίαν

217 3697 330 3751 τῶν
364 3694 605 3750 ἐποίκων
650 3692 939 3765 βαρϐάρων
971 3692 1135 3758 τινές.
1165 3692 1415 3749 Χαλεπὸν
1442 3690 1538 3749 οὖν
1562 3695 1691 3768 ἄρα,
1721 3696 1816 3751 καὶ

219 3787 473 3842 κινδύνου
508 3785 710 3850 παντὸς
740 3784 1047 3857 ἀνάμεστον
1085 3785 1279 3856 ὁρᾶται
1323 3787 1531 3855 λοιπὸν,
1568 3788 1630 3842 τὸ
1673 3804 1817 3859 συμ-

216 3878 566 3953 φράττεσθαι
609 3878 886 3949 πονηροῖς,
919 3877 1015 3930 καὶ
1045 3875 1467 3941 καθοπλίζεσθαι
1502 3878 1679 3948 φιλεῖν
1707 3875 1817 3932 τῶν

216 3969 603 4043 ήγαπημένων
637 3967 789 4039 παρά
814 3965 968 4032 Θεδν,
995 3966 1090 4020 καὶ
1115 3964 1332 4019 διώκειν
1364 3965 1576 4035 ἀγίους.
1605 3968 1671 4021 Ei
1709 3966 1819 4039 γὰρ

216 4063 324 4117 καὶ
355 4061 664 4132 πάσχοιμεν
700 4057 813 4111 ἐσθ’
835 4058 926 4111 ὅτε
955 4056 1315 4129 πταισμάτων
1348 4057 1533 4119 ἕνεκα,
1566 4057 1821 4111 παιδευό-

218 4153 378 4227 μεθα
413 4152 565 4223 παρά
593 4148 752 4215 Θεοῦ,
783 4149 899 4203 ἀλλ’
942 4148 1043 4202 οὐκ
1088 4147 1348 4220 ἀλογήσει
1383 4148 1664 4213 παντελῶς
1710 4148 1820 4205 τῶν

215 4243 625 4299 οἰκειωθὲντων
652 4239 822 4311 αὐτῷ.
850 4238 1156 4302 Παιδεύσας
1176 4238 1235 4292 δὲ
1278 4239 1587 4310 χρησίμως,
1616 4237 1822 4313 ὀλέθρῳ

219 4336 523 4409 -περισαλεῖ
549 4334 618 4389 τά
646 4333 744 4405 τῆς
771 4332 942 4404 ὀργῆς
973 4330 1166 4404 σκεύη,
1194 4330 1340 4385 τοῦτ’
1366 4330 1504 4398 ἔστι,
1534 4333 1660 4397 τοὺς
1687 4334 1822 4405 ἀχα-

1914 3157 2135 3204 laneum
2179 3158 2284 3215 est,
2325 3150 2393 3206 ad
2438 3150 2703 3207 auxilium
2750 3150 3011 3222 quosdam
3047 3149 3268 3207 aliunde
3300 3163 3486 3205 accer-

1913 3239 2122 3296 sierant
2164 3249 2220 3298 et
2262 3242 2515 3299 mercede
2549 3244 2945 3299 conduxerant.
2992 3244 3194 3298 Durum
3236 3243 3401 3313 igitur
3434 3252 3496 3298 et

1913 3333 2140 3402 periculi
2176 3335 2391 3405 plenum
2432 3335 2666 3401 videtur,
2700 3351 2851 3391 arma
2888 3350 3086 3406 capere
3123 3350 3246 3392 cum
3292 3336 3496 3407 impro-

1916 3425 2021 3489 bis,
2059 3435 2110 3482 et
2141 3437 2510 3499 oppugnatum
2556 3428 2637 3484 ire
2666 3427 2802 3484 velle
2832 3429 2941 3484 Deo
2971 3429 3188 3495 charos,
3227 3436 3284 3482 et
3311 3442 3496 3496 perse-

1915 3515 2007 3585 qui
2049 3528 2287 3574 sanctos.
2332 3518 2469 3574 Nam
2507 3521 2608 3575 etsi
2641 3523 2911 3589 patiamur
2946 3521 3217 3576 interdum
3265 3519 3494 3589 aliquid,

1917 3615 2141 3676 propter
2163 3606 2347 3677 lapsus
2386 3617 2607 3662 nostros
2637 3607 2929 3662 multamur
2960 3621 2991 3661 a
3030 3607 3161 3670 Deo,
3194 3607 3285 3674 qui
3317 3615 3494 3660 tamen

1917 3698 2022 3752 sibi
2061 3706 2414 3754 consecratos
2448 3710 2554 3751 non
2601 3703 2915 3752 contemnet
2956 3696 3212 3765 penitus;
3242 3694 3337 3750 sed
3370 3709 3496 3751 cum

1919 3788 2128 3844 utiliter
2169 3789 2349 3859 poenis
2377 3784 2684 3859 castigarit,
2717 3789 2812 3844 ira:
2853 3801 2978 3844 vasa
3007 3788 3175 3844 exitio
3214 3789 3496 3853 mactabit,

1920 3879 2023 3935 hoc
2046 3885 2153 3946 est,
2174 3878 2265 3951 qui
2292 3877 2474 3936 furore
2513 3879 2775 3936 indomito
2812 3879 2866 3935 in
2894 3892 2990 3935 eos
3017 3878 3314 3945 Il‘l‘lleﬂlnl,
3339 3879 3498 3950 plane

1919 3970 2217 4027 secundum
2261 3971 2390 4027 illud
2419 3972 2563 4041 quod
2609 3972 2677 4026 ad
2707 3969 3033 4040 Babylonem
3066 3970 3134 4024 de
3180 3970 3306 4025 ﬁliis
3334 3971 3499 4026 Israel

1921 4062 2179 4133 praeclare
2209 4063 2412 4119 dictum
2433 4071 2551 4118 est:
2582 4082 2601 4115 ι
2631 4060 2745 4133 Ego
2770 4062 2891 4118 dedi
2921 4076 3016 4115 eos
3057 4061 3108 4114 in
3135 4076 3328 4116 manus
3356 4070 3500 4127 tuas,

1922 4165 1977 4209 tu
2012 4164 2192 4211 autem
2221 4158 2301 4210 eis
2330 4154 2763 4212 misericordiam
2810 4168 2917 4208 non
2956 4152 3151 4208 dedisti
3175 4152 3238 4207 ".
3272 4170 3290 4205 ι
3330 4152 3506 4206 Aver-

1923 4257 2076 4304 satur
2097 4246 2240 4304 enim
2271 4249 2650 4311 vehementer,
2697 4257 2751 4303 et
2795 4247 3111 4318 indignatur
3144 4245 3286 4302 Deus
3312 4258 3504 4299 eorum

1923 4338 2289 4404 insolentiam,
2344 4337 2510 4394 etiam
2560 4352 2733 4407 usque
2787 4338 2855 4393 ad
2896 4336 3146 4408 iujuriam
3198 4334 3504 4407 plagarum,

217 4431 366 4501 λίνῳ
393 4427 551 4500 θυμῷ
582 4427 703 4481 κατ’
731 4424 912 4478 αὐτῶν
937 4423 1310 4494 ὁρμήσαντας,
1338 4425 1458 4478 κατ’
1487 4425 1664 4479 έκεῖνο
1694 4427 1801 4481 πάν

1925 4431 2124 4501 quibus
2146 4444 2269 4486 esse
2297 4430 2709 4500 castigationem
2742 4428 3113 4485 mandaverat.

220 4538 343 4584 τως
380 4519 443 4573 τὸ
486 4518 621 4589 πρὸς
652 4515 946 4570 Βαϐυλῶνα
1014 4512 1193 4579 καλῶς
1247 4513 1537 4586 εἰρημένον
1583 4518 1713 4589 περὶ
1777 4520 1888 4575 τῶν
1924 4523 2055 4576 υἱῶν
2096 4520 2311 4595 Ἰσραήλ
2334 4539 2347 4552 ·
2373 4541 2393 4575 ‹
2434 4519 2574 4592 Ἐγὼ
2611 4518 2786 4576 έδωκα
2826 4521 3024 4585 αὐτοὺς
3056 4520 3135 4583 είς
3176 4517 3277 4582 τὰς
3318 4515 3509 4589 χεῖράς

220 4636 355 4682 σου,
393 4617 459 4670 σὺ
504 4614 563 4669 δὲ
591 4614 692 4667 οὐκ
733 4612 942 4675 ἔδωκας
978 4609 1164 4674 αὐτοῖς
1208 4609 1375 4675 ἔλεος.
1408 4629 1428 4662 ι
1469 4612 1691 4685 Ἀπᾴδει
1725 4614 1833 4687 γάρ
1871 4616 1991 4672 λίαν
2019 4620 2111 4673 καὶ
2150 4616 2546 4689 ἀγανακτοῦντι
2574 4616 2653 4688 τῷ
2711 4615 2830 4688 Θεῷ
2853 4616 2915 4670 τὸ
2940 4612 3196 4688 φορτικὸν
3222 4614 3302 4676 εἰς
3326 4609 3511 4671 αἰκίας

218 4711 346 4767 τῶν
379 4708 540 4762 τοῦτο
566 4706 697 4778 δρᾷν
723 4704 1188 4776 ἐπιτεταγμένων.

313 4804 464 4860 Τάδε
491 4804 656 4869 λέγει
683 4801 915 4869 Κύριος⁸
966 4799 1097 4853 Ἐπί
1136 4797 1267 4866 ταῖς
1292 4798 1495 4868 τρισὶν
1520 4801 1827 4868 ἀσεϐείαις

227 4898 462 4966 Τύρου,
487 4891 585 4945 καί
613 4889 711 4944 ἐπὶ
740 4891 871 4957 ταῖς
905 4890 1264 4959 τέσσαρσιν,
1298 4891 1411 4945 οὐκ
1438 4891 1801 4964 ἁποστραφή

1928 4892 2282 4959 impietatibus
2325 4890 2472 4961 Tyri,
2515 4899 2564 4943 et
2609 4903 2767 4957 super
2809 4899 3037 4957 quatuor
3066 4903 3170 4940 non
3193 4885 3359 4957 258
3382 4903 3511 4940 con-

222 5005 430 5060 σομαι
468 4983 685 5053 αὐτὴν,
723 4985 851 5040 ἀνθ’
897 4977 985 5039 ὧν
1031 4984 1444 5040 συνέκλεισαν
1497 4985 1614 5056 τὴν
1658 4990 1801 5056 αίχμ

1929 4991 2126 5035 vertam
2171 4997 2308 5046 eam,
2350 4997 2445 5049 pro
2468 4995 2528 5035 eo
2573 4980 2710 5048 quod
2758 4979 3123 5032 concluserunt
3158 4978 3513 5045 captivitatem

220 5078 522 5137 a.1w0'[ar
576 5074 860 5144 Σοιῑομὼν
894 5078 980 5143 εις
1016 5076 1130 5144 τὴν
1183 5076 1534 5143 Ἰδουμαίαν,
1592 5077 1690 5131 καί
1723 5079 1801 5131 οὺς

1936 5071 2238 5126 Salomonis
2272 5072 2323 5124 in
2351 5071 2667 5135 ldumteam,
2707 5079 2755 5123 et
2786 5084 2891 5123 non
2919 5067 3178 5123 recordati
3207 5077 3325 5120 sunt
3356 5077 3516 5122 testa-

224 5170 647 5244 ἐμνήσθησαν
687 5166 977 5235 διαθήκης
1016 5165 1312 5236 ἀδελφῶν.
1366 5168 1478 5222 Καὶ
1514 5168 1801 5221 ἀποστελέ

1936 5165 2101 5239 menti.
2140 5164 2384 5232 fratrum.
2421 5161 2491 5215 Et
2523 5164 2728 5216 mittam
2775 5163 2946 5231 ignem
2989 5161 3043 5212 in
3079 5174 3259 5212 muros
3290 5156 3439 5229 Tyri,
3466 5168 3515 5213 et

228 5268 371 5334 πῦρ
428 5264 527 5318 ἐπὶ
572 5263 646 5317 τὰ
686 5262 856 5330 τείχη
913 5260 1128 5328 Τύρου,
1169 5262 1268 5316 καὶ
1317 5259 1718 5331 καταφάγεται
1762 5277 1801 5311 τι

1938 5251 2203 5306 devorabit
2234 5251 2577 5321 fundamenta
2600 5250 2736 5319 ejus.

230 5358 494 5430 θεμέλια
512 5353 723 5423 αὐτῆς.
741 5409 750 5417 ,

321 5453 417 5519 ς’.
462 5447 649 5520 Τύριοι
679 5447 735 5501 δὲ
761 5447 923 5502 πάλιν
959 5445 1095 5518 πρὸς
1121 5447 1231 5508 τοῖς
1268 5443 1376 5499 ἀπὸ
1401 5443 1503 5513 τῆς
1525 5441 1801 5512 Δαμασκοῐ

2013 5434 2100 5489 VI.
2149 5434 2294 5506 Tyrii
2332 5449 2569 5503 quoque,
2605 5434 2695 5504 qui
2728 5448 2848 5487 cum
2879 5432 3252 5497 Damascenis,
3284 5433 3516 5497 Azotiis,

233 5544 344 5600 καὶ
392 5540 576 5613 μέντοι
619 5541 713 5594 καὶ
753 5540 1065 5603 Ἀζωτίοις,
1128 5536 1381 5600 Γαζαίοις
1424 5551 1483 5587 τε
1516 5533 1611 5587 καὶ
1650 5534 1801 5588 Ἀσκο

1940 5528 2170 5592 Gazaris,
2204 5527 2533 5583 Ascalonitis
2560 5539 2615 5580 et
2643 5526 2986 5581 Accaronitis
3023 5526 3261 5583 divinam
3310 5526 3520 5597 patien-

232 5634 530 5699 λωνίταις,
576 5631 670 5684 καὶ
715 5633 828 5693 τοῖς
881 5629 1171 5700 ’Δκκαρὼν
1215 5629 1313 5698 τὴν
1366 5626 1485 5697 Θεῷ
1527 5620 1801 5697 πρέπουσα

1944 5624 2071 5676 liam
2107 5621 2314 5676 scelere
2360 5629 2737 5685 excesserunt,
2767 5627 2823 5674 et
2872 5618 3213 5688 itnpictatmn
3247 5617 3521 5686 magnitu-

2000 4799 2162 4859 Veus.
2210 4800 2267 4866 9,
2303 4800 2393 4856 I0.
2447 4799 2580 4855 licet:
2623 4800 2755 4853 dicit
2802 4799 3059 4853 Dominus
3086 4798 3296 4866 :Super
3340 4797 3511 4851 tribus

323 5811 372 5847 "
407 5809 450 5865 II
491 5807 665 5864 Paral.
711 5820 827 5867 vm,
867 5802 975 5857 I-d.
1057 5802 1099 5833 ¹⁶
1143 5799 1275 5853 Ibid.
1321 5799 1372 5866 6,
1415 5802 1468 5855 8.
1551 5801 1591 5831 ¹⁷
1630 5798 1730 5855 Isa.
1769 5817 1933 5867 van,
1972 5801 2026 5852 (ἱ.

581 5902 850 5961 ΡΛΤΒΟΓ..
896 5898 1011 5956 (In.
1067 5896 1163 5953 L.\'
1181 5896 1285 5956 XI.

3172 5890 3243 5948 ii
