4054 6274
510 370 525 379 ‘
569 417 676 477 1'27
1592 412 1648 467 S.
1689 410 1960 467 CYRILLI
2000 408 2470 467 ALEXANDRINI
2508 407 2831 465 ARCHIEP.
3711 406 3820 462 ᾆὲὃ

567 540 692 595 dine
723 547 927 593 tantum
973 550 1079 591 non
1129 535 1546 602 exsuperaruht,
1576 529 1733 594 juxta
1767 529 1971 585 oraculi
2009 543 2137 584 sen-
2166 581 2168 588 λ

2240 526 2593 592 ἀνεξικακίαν
2614 524 3065 615 ὑπερϐαλόμενοι,
3100 526 3195 579 καὶ
3231 526 3431 595 τρόπον
3455 525 3579 581 τινὰ
3601 542 3836 615 νενικηη

567 619 788 684 tentiam
822 641 1011 696 poenas
1049 626 1328 688 sutferent,
1380 631 1437 678 et
1466 622 1787 692 supplicium
1829 620 2135 691 expendent

2235 618 2391 681 κότες
2431 619 2552 679 ταῖς
2583 616 2693 669 τῶν
2726 613 3091 687 ἀσεϐημάτων
3123 616 3472 687 ὑπερϐολαῖς,
3516 617 3823 689 ὑπενεχθή-

564 719 805 774 on'mium
850 716 1161 771 maximum.
1195 715 1411 771 Crimen
1443 729 1652 778 eorum,
1677 713 1818 783 quod
1851 711 2134 782 captivita-

2238 725 2421 762 σονται
2450 708 2688 772 ποιναῖς,
2708 706 2849 761 κατά
2866 723 2929 774 γε
2946 706 3038 760 τὸν
3056 704 3149 759 τοῦ
3168 707 3466 778 χρησμῳδή
3476 723 3648 776 ματος
3672 707 3820 773 νοῦν,

572 821 677 864 tem
718 810 1023 864 Salomonis
1054 808 1107 862 in
1138 807 1420 861 ldumaaam
1462 804 1845 866 concluserint,
1880 812 1934 857 et
1961 810 2133 856 testa-

2235 799 2330 852 κα“ι
2357 798 2549 867 ποινὴν
2601 796 2933 868 ὑπομενοῦσι
2966 797 3065 867 τὴν
3101 798 3327 852 ἁπασῶν
3369 798 3627 869 ἐσχάτην.
3671 798 3823 852 Ἐπί-

567 898 733 954 menti
773 898 997 953 fratrum
1047 901 1391 953 immemores
1421 896 1639 952 fuerint.
1672 894 1803 961 Quae
1833 895 1946 963 ipsa
1979 892 2134 947 Salo-

2235 889 2495 960 κλημαδέ
2529 889 2733 952 αὐτοῖς,
2767 888 2846 942 ὄτι
2880 888 2978 958 τὴν
3017 888 3392 960 αἰχμαλωσίαν
3438 889 3534 943 τοῦ
3567 891 3823 961 Σολομὼν

564 990 742 1046 monis
769 989 1051 1060 captivitas
1084 988 1263 1054 fuerit,
1303 988 1550 1058 superius
1585 984 1911 1041 sufﬁcienter
1948 992 2129 1039 osten-

2240 980 2587 1034 συνέκλεισαν
2614 981 2694 1042 είς
2723 980 2823 1051 τὴν
2865 980 3188 1051 Ἰδουμαίαν,
3206 982 3695 1053 ἀμνημονήσαντες
3724 984 3820 1054 τῆς

569 1096 686 1134 sum
729 1087 832 1134 est.
869 1079 1151 1145 Quomodo
1179 1087 1359 1133 autem
1387 1089 1441 1133 et
1475 1093 1502 1131 a
1528 1078 1711 1148 Tyriis
1748 1076 1800 1130 in
1847 1076 2131 1130 Idumaeam

2237 1071 2345 1124 τῶν
2383 1069 2633 1138 ἀδελφῶν
2659 1070 2943 1143 διαθήκης.
2994 1071 3090 1135 Τίς
3125 1072 3224 1143 μὲν
3256 1069 3348 1127 οὖν
3402 1076 3436 1145 ἡ
3470 1074 3819 1145 αίχμαλωσία

562 1169 822 1226 ronclusa
877 1171 949 1224 sit
1003 1170 1185 1224 dicere
1216 1184 1442 1224 necesse
1491 1178 1591 1223 est.
1641 1168 1776 1221 Cum
1811 1182 1875 1221 ex
1918 1166 2051 1220 Juda
2082 1174 2137 1219 et

2236 1159 2330 1216 τοῦ
2359 1159 2631 1229 Σολομὼν,
2656 1160 3021 1231 ἀποχρώντως
3050 1162 3183 1232 ἡμῖν
3215 1160 3438 1227 διέδειξε
3467 1162 3651 1232 λόγος.
3690 1166 3819 1218 Συν-

3829 684 3835 715 ι

464 1250 475 1259 ’
567 1259 734 1316 Israel
780 1260 1222 1315 innumerabilem
1277 1259 1672 1313 multitudinem
1707 1258 1968 1312 servitute
2007 1254 2065 1309 all

2235 1250 2487 1321 εκλείσθη
2514 1252 2569 1305 δέ
2592 1252 2738 1316 ὅπως
2767 1254 2848 1316 είς
2874 1251 2973 1324 τὴν
3011 1252 3314 1323 Ἰδουμαίαν
3340 1256 3435 1309 καὶ
3459 1257 3597 1325 πρός
3626 1274 3693 1325 γε
3726 1259 3817 1311 Τυ-

571 1352 808 1414 cisseut,
862 1350 1106 1405 Idumaais
1164 1349 1540 1403 vendiderunt.
1589 1347 1687 1413 Qui
1749 1350 1814 1402 de
1878 1346 2136 1415 sanguine

2239 1341 2391 1411 ρίων,
2449 1345 2622 1396 εἰπεῖν
2662 1345 2978 1413 ἀναγκαῖον.
3037 1345 3654 1418 Ἐξανδραποδισὰμενοι
3712 1350 3815 1422 γὰρ

570 1442 794 1496 fratrum
840 1448 1150 1510 prognatos,
1196 1447 1250 1493 et
1300 1452 1469 1508 nuper
1521 1437 1741 1504 liberos,
1783 1438 1971 1492 eodem
2018 1437 2136 1492 loco

2235 1435 2337 1488 οὐκ
2364 1433 2728 1507 εὐαρίθμητον
2762 1436 2969 1507 πληθὺν
3000 1436 3108 1490 τῶν
3153 1437 3214 1502 ἐξ
3252 1437 3426 1492 Ἰούδα
3477 1440 3576 1493 καλ⁵
3620 1440 3814 1510 Ἰερου-

569 1547 677 1601 quo
727 1529 868 1587 bello
901 1538 1091 1600 captos
1138 1530 1417 1596 habentes,
1471 1528 1666 1583 acerbo
1710 1529 1986 1583 sen'itutis
2007 1527 2137 1597 jugo

2239 1525 2440 1597 σαλὴμ,
2483 1526 2978 1595 καταπεπράκασιν
3012 1525 3344 1599 Ἰδουμαίοις.
3398 1530 3460 1584 Oi
3501 1530 3559 1584 δέ
3593 1534 3722 1595 τοὺς
3757 1534 3809 1600 ἐξ

567 1631 905 1693 presserunt,
949 1631 1002 1676 et
1027 1620 1334 1676 Graecorum
1365 1619 1576 1690 legibus
1609 1621 1791 1674 vivere
1820 1629 2135 1690 coegerunt,

2238 1619 2468 1689 αἵματος
2487 1617 2754 1687 ἀδελφῶν,
2778 1620 2871 1672 καὶ
2895 1618 3099 1673 ἄνωθεν
3129 1620 3445 1692 ἐλευθέρους
3470 1625 3529 1677 ἐν
3552 1624 3808 1696 δορυκτή-

569 1714 795 1784 gloriam
846 1713 940 1766 Dei
977 1726 1114 1782 pene
1157 1710 1418 1766 conviciis
1462 1711 1787 1776 lacerantes,
1836 1713 1926 1779 qui
1965 1725 2138 1781 neque

2236 1727 2345 1764 των
2379 1710 2545 1783 μοίρᾳ
2576 1709 2953 1781 πεποιημένοι,
2998 1710 3180 1784 πικρῷ
3208 1712 3453 1779 δουλείας
3498 1716 3803 1770 κατέθλιΰον

564 1806 800 1873 patriam
853 1804 982 1873 ipsis
1035 1803 1340 1858 libertatem
1402 1812 1795 1868 conservasset,
1854 1818 2027 1872 neque
2080 1804 2132 1858 in

2198 1872 2203 1876 _
2240 1799 2411 1871 ζυγῷ,
2442 1800 2539 1854 καὶ
2576 1802 2690 1863 τοῖς
2734 1800 3005 1871 Ἑλλήνων
3045 1801 3230 1872 νόμοις
3265 1802 3655 1868 κατεϐιάξοντο
3696 1804 3799 1876 ζῇν,

569 1870 783 1950 florenti
815 1870 957 1948 statu
989 1907 1082 1947 eos
1123 1892 1258 1946 tueri
1290 1891 1572 1962 potuisset.
1603 1890 1834 1947 Proinde
1870 1870 2140 1948 universo-

2202 1875 2212 1922 ί
2245 1892 2526 1963 μονονουχὶ
2555 1870 3093 1965 κατακερτομοῦντες
3113 1870 3163 1947 οἱ
3186 1893 3404 1949 δείλαιοι
3432 1895 3534 1967 τὴν
3562 1895 3661 1949 τοῦ
3686 1870 3803 1950 9an

571 2000 690 2038 rum
722 1983 863 2037 Deus
904 1982 1126 2035 alterius
1152 1995 1282 2035 voce
1315 1979 1508 2048 inquit,
1536 1994 1629 2035 eos
1654 1982 1742 2050 qui
1773 1980 2137 2050 captivitatem

2238 1982 2417 2050 δόξαν,
2448 1984 2524 2047 ὼς
2554 1984 2692 2054 μήτε
2732 1983 2830 2055 τὴν
2874 1986 2937 2038 ἐκ
2982 1983 3234 2052 πατέρων
3282 1986 3466 2050 αὐτοῖς
3503 1987 3810 2059 ἐλευθερίαν

564 2075 875 2131 Salomonis
926 2074 979 2127 in
1040 2071 1274 2127 ldumaea
1326 2073 1727 2135 concluserunt,
1780 2088 1886 2127 non
1949 2072 2140 2127 leviter

2238 2074 2599 2145 τηρήσαντος,
2644 2075 2781 2146 μήτε
2827 2074 2934 2146 μὴν
2972 2073 3290 2146 ἰσχύσαντος
3324 2081 3635 2149 παρασχεῖν
3678 2081 3811 2134 τὸέν

570 2177 830 2219 accusans
855 2181 869 2216 :
897 2181 916 2213 ι
943 2161 1081 2229 Quid
1110 2161 1239 2216 mibi
1273 2168 1327 2216 et
1348 2162 1522 2226 vobis,
1554 2160 1748 2232 Tyrus,
1782 2171 1835 2218 et
1866 2160 2058 2228 Sidon,
2083 2172 2139 2219 et

2239 2164 2390 2237 καλῷ
2418 2166 2630 2220 κεῖσθαι
2662 2167 2761 2235 τῆς
2795 2167 3112 2238 εὐημερίας.
3159 2167 3269 2221 Καὶ
3310 2168 3440 2237 γοῦν
3468 2171 3498 2224 ὁ
3534 2170 3649 2224 τῶν
3682 2171 3811 2226 ὅλων

567 2254 745 2309 omnis
795 2253 1016 2308 Galilaca
1070 2250 1536 2321 alienigenarum?
1587 2250 1837 2322 Nunquid
1882 2250 2136 2308 ultionem

2239 2257 2372 2321 Θεὸς
2394 2255 2484 2311 διὰ
2509 2256 2692 2328 φωνῆς
2723 2257 2909 2328 ἐτέρου
2940 2258 3092 2329 φησὶ,
3124 2259 3246 2323 τοὺς
3276 2260 3714 2330 συγκλείσαντας
3737 2265 3812 2327 είς

566 2362 664 2402 vos
715 2345 951 2403 reddetis
1006 2343 1171 2409 mihi,
1239 2351 1331 2398 aut
1391 2343 1526 2397 iram
1594 2343 1646 2399 in
1707 2344 1868 2399 corde
1932 2344 2136 2399 retine-

2238 2346 2335 2419 τὴν
2389 2348 2694 2419 Ἰδουμαίαν
2734 2349 2834 2418 τὴν
2884 2348 3259 2420 αἰχμαλωσίαν
3297 2350 3393 2405 τοῦ
3430 2350 3711 2422 Σολομὼν,
3752 2355 3812 2408 οὐ

569 2437 637 2490 tis
686 2434 860 2488 mihi?
902 2432 1169 2489 Velociter
1209 2442 1263 2489 et
1294 2433 1403 2488 cito
1454 2433 1675 2488 reddam
1727 2434 2133 2489 retributionem

2242 2439 2475 2510 μετρίως
2532 2438 2987 2506 καταιτιώμενος
3039 2441 3191 2494 (Καὶ
3239 2441 3292 2495 τί
3339 2441 3464 2513 ἐμοὶ
3511 2444 3611 2498 καὶ
3665 2445 3813 2515 ὑμῖν,

565 2533 801 2581 vestram
847 2525 898 2579 in
934 2524 1121 2594 capita
1165 2534 1367 2587 vestra,
1421 2538 1517 2593 pro
1560 2537 1625 2578 eo
1668 2525 1809 2593 quod
1858 2534 2135 2592 argentum

2239 2528 2437 2600 Τύρος,
2471 2529 2566 2583 καὶ
2601 2529 2786 2595 Σιδὼν,
2830 2531 2923 2585 καὶ
2963 2532 3115 2586 πᾶσα
3160 2533 3418 2588 Γαλιλαία
3456 2534 3812 2607 meum;

566 2632 745 2673 meum
796 2627 851 2672 et
884 2632 1074 2671 aurum
1115 2632 1293 2672 meum
1353 2615 1571 2683 tulistis,
1606 2624 1659 2670 et
1693 2615 1861 2670 electa
1899 2630 2038 2681 mea,
2084 2625 2138 2671 et

2238 2619 2331 2690 Μὴ
2357 2619 2699 2690 ἀνταπόδομα
2721 2620 2878 2690 ὑμεῖς
2921 2621 3299 2677 ἀνταποδίδοτέ
3335 2644 3446 2696 μοι,
3475 2626 3509 2697 ἢ
3543 2644 3812 2699 μνησικα-

563 2710 706 2763 bona
756 2706 1013 2763 intulistis
1056 2708 1108 2760 in
1158 2705 1353 2776 templa
1387 2716 1587 2771 vestra,
1627 2713 1677 2761 et
1730 2705 1868 2760 filios
1898 2703 2056 2769 Juda,
2085 2714 2141 2760 et

2238 2713 2383 2763 κεῖτε
2416 2710 2574 2780 ὑμεῖς
2621 2712 2706 2764 ἐπ’
2739 2711 2895 2781 ἐμοί;
2947 2713 3145 2778 Ὀξέως
3178 2715 3272 2768 καὶ
3323 2717 3536 2787 ταχέως
3580 2720 3814 2775 ἀνταπο-

564 2800 705 2854 tilios
737 2799 897 2854 Israel
929 2797 1244 2852 vendidistis
1275 2796 1397 2851 filiis
1422 2794 1755 2864 Graecorum,
1789 2805 1846 2851 ut
1871 2796 2138 2867 ejiceretis

2237 2801 2392 2880 δώσω
2416 2802 2476 2856 τὸ
2497 2802 2845 2874 ἀνταπόδομα
2875 2805 3029 2875 ὑμῶν
3056 2808 3136 2869 είς
3174 2807 3418 2877 κεφαλὰς
3449 2809 3631 2880 ὑμῶν.
3676 2812 3810 2866 me

566 2904 660 2943 eos
708 2903 775 2942 ex
832 2889 1028 2943 finibus
1085 2888 1194 2941 suis
1216 2887 1277 2940 ⁸⁸.
1313 2905 1331 2938 ι
1372 2887 1649 2957 Tanquam
1702 2888 1846 2942 enim
1899 2886 2023 2941 ﬁnis
2073 2901 2137 2940 ac

2236 2879 2311 2940 ὧν
2343 2888 2403 2940 τὸ
2442 2886 2706 2958 ἀργύριόν
2748 2906 2851 2958 μου
2912 2891 3008 2945 καὶ
3048 2892 3110 2945 τὸ
3156 2894 3376 2964 χρυσίον
3427 2879 3531 2967 μου
3570 2900 3808 2966 ἐλάϐετε,

567 2979 834 3033 terminus
858 2979 1230 3034 lsraelitarum
1260 2992 1550 3048 corporeus
1579 2978 1794 3047 quidem
1823 2986 1905 3031 est
1928 2975 2133 3043 Judzea,

2237 2979 2330 3033 mi
2359 2980 2427 3032 τὰ
2458 2979 2718 3035 ἐπίλεκτά
2748 2998 2871 3051 μου,
2901 2983 2996 3036 καὶ
3022 2984 3090 3039 τὰ
3119 2985 3259 3040 καλὰ
3286 2988 3558 3057 ἠνέγκατε
3587 2994 3672 3058 είς
3693 2997 3809 3059 τοὺς

568 3068 867 3135 spiritualis
887 3079 1063 3122 autem
1085 3067 1188 3129 lex,
1215 3067 1407 3136 quibus
1434 3068 1610 3123 exacti
1645 3073 1794 3131 sunt,
1822 3063 2131 3121 Graecorum

2237 3069 2398 3132 ναοὺς
2431 3068 2606 3139 ὑμῶν,
2656 3069 2904 3133 καὶτοὺς
2937 3072 3087 3135 υἱοὺς
3140 3072 3311 3127 Ἰούδα
3342 3076 3436 3129 καὶ
3469 3077 3696 3151 Ἰσραὴλ
3715 3081 3805 3132 ἀπ-

567 3156 694 3212 liiiis
735 3157 951 3225 indigne
991 3158 1214 3212 venditi.
1267 3157 1532 3212 Fecerunt
1572 3167 1747 3213 autem
1800 3156 1940 3212 istud
1982 3155 2129 3229 Tyrii

2236 3158 2419 3211 έδοσθε
2446 3159 2559 3220 τοῖς
2586 3158 2720 3222 υἱοῖς
2754 3158 2861 3237 τῶν
2875 3159 3162 3231 Ἑλλήνων,
3182 3160 3332 3226 ὅπως
3356 3162 3597 3237 ἐξώσητε
3618 3169 3809 3233 αὐτοὺς

567 3249 875 3303 testamenti
936 3247 1162 3301 fratrum
1216 3249 1580 3305 immemores.
1638 3248 1751 3305 Hoc
1795 3247 2056 3305 trifariam
2103 3236 2168 3302 a‘

2239 3250 2304 3304 ἐκ
2349 3248 2457 3305 τῶν
2504 3249 2669 3322 ὁρίων
2724 3234 2927 3305 αὐτῶν.
2955 3270 2976 3304 ι
3021 3222 3222 3323 ’Ὅριον
3263 3222 3326 3309 δέ
3365 3222 3557 3329 ῶσπερ
3599 3258 3710 3313 τῶν
3754 3222 3811 3324 :é

564 3338 722 3393 nobis
751 3348 929 3407 potest
956 3340 1198 3410 intelligi.

2254 3339 2492 3412 Ἰσραὴλ,
2553 3341 2861 3412 σωματικὸν
2919 3342 3018 3412 μὲν
3081 3342 3335 3412 Ἰουδαία,
3378 3347 3602 3419 ψυχικὸν
3664 3350 3723 3402 δὲ
3778 3352 3807 3402 ὁ

563 3434 747 3503 νόμος,
778 3428 854 3488 ὧν
892 3434 998 3500 ἔξω
1043 3436 1296 3505 γεγόνασι
1349 3441 1460 3501 τοῖς
1515 3438 1623 3490 τῶν
1687 3438 1955 3509 Ἐλλήνων
2001 3437 2135 3499 υἱοῖς
2171 3435 2418 3499 ἐκτόπως
2476 3435 2980 3507 καταπωλούμενοι.
3007 3436 3309 3508 Δεδρὰκασι
3365 3440 3419 3493 δὲ
3445 3438 3596 3494 τοῦτο
3612 3440 3799 3512 Τύριοι

558 3531 1046 3601 ἀμνημονήσαντες
1074 3530 1171 3600 τῆς
1207 3529 1316 3583 τῶν
1342 3529 1584 3599 ἀδελφῶν
1613 3529 1895 3601 διαθήκης.
1942 3529 2131 3582 Νοοῖτο
2166 3528 2207 3581 δ’
2241 3528 2306 3582 ἂν
2372 3526 2507 3599 πρὸς
2533 3530 2566 3598 ἡ
2576 3527 2689 3599 μῶν
2714 3528 2810 3581 καὶ
2838 3527 2996 3581 τοῦτο
3022 3532 3201 3601 τριχῇ.

635 3623 737 3691 Qui
767 3625 908 3677 cnim
951 3624 1061 3678 sint
1112 3625 1200 3678 isti
1242 3623 1458 3689 fratres,
1489 3623 1633 3693 quod
1688 3625 1790 3680 hoc
1842 3633 2134 3680 teStamen-

2305 3620 2462 3685 Τίνες
2488 3621 2597 3691 γὰρ
2624 3623 2672 3675 οἱ
2705 3621 2942 3690 ἀδελφοὶ,
2973 3622 3055 3686 τίς
3081 3624 3135 3678 δὲ
3163 3626 3194 3695 ἠ
3226 3625 3483 3698 διαθήκη,
3529 3629 3687 3700 φέρε,
3716 3628 3804 3682 λέ-

562 3726 698 3780 tum,
722 3730 841 3785 age,
876 3716 1138 3781 dicamus,
1167 3716 1335 3770 sacris
1372 3716 1534 3770 etiam
1586 3713 1807 3771 Litteris
1833 3718 1898 3772 ad
1938 3715 2129 3771 borum

2234 3727 2443 3782 γωμεν,
2474 3711 2566 3765 καὶ
2597 3711 2747 3784 [ὑπὸ]
2777 3712 2884 3764 τῶν
2920 3712 3080 3782 ἱερῶν
3114 3716 3460 3787 Γραμμάτων
3493 3719 3575 3782 εἰς
3595 3719 3693 3784 τὰς
3716 3719 3805 3774 ἐπὶ

561 3823 780 3862 sensum
827 3815 881 3862 et
925 3806 1328 3878 intelligentiam
1360 3810 1515 3878 quasi
1565 3825 1726 3865 manu
1789 3809 2127 3865 ducentibus.

2231 3803 2390 3856 τοῦτο
2443 3803 2651 3867 ἐννοίας
2709 3804 3227 3876 χειραγωγούμενοι.
3282 3806 3471 3880 Χιράμ
3512 3811 3541 3865 ὁ
3596 3811 3799 3883 Τυρίων

561 3899 782 3954 Cltiram
824 3899 1090 3967 quondam
1121 3897 1403 3970 Tyriorum
1429 3914 1524 3956 rex
1579 3902 1676 3957 fuit
1705 3901 1888 3957 divino
1944 3899 2131 3955 Davitli

2233 3893 2373 3949 κατά
2397 3895 2620 3965 καιροὺς
2649 3893 3069 3963 βεϐασιλευκὼς,
3100 3898 3208 3951 τῶν
3234 3900 3315 3952 ὅτι
3352 3901 3593 3971 μάλιστα
3626 3902 3792 3974 φιλτά·

558 3990 731 4045 multo
761 3992 1111 4046 charissimus
1140 3992 1202 4046 η.
1231 3990 1394 4063 259
1409 3991 1605 4048 Deinde
1622 3994 1688 4047 ab
1713 3992 1827 4061 ejus
1851 3992 1960 4049 filio
1981 3993 2132 4049 Salo-

2231 4004 2339 4042 των
2382 3982 2450 4057 ἦν
2476 3985 2553 4057 τῷ
2585 3985 2855 4058 θεσπεσίῳ
2894 3988 3079 4043 Δαϐίδ.
3126 3985 3261 4045 Εἶτα
3304 3993 3422 4062 μετ’
3474 3994 3683 4049 ἐκεῖνον
3724 3993 3792 4064 τῷ

562 4100 719 4140 unone
752 4084 981 4139 dilectus
1031 4093 1115 4141 est
1177 4086 1279 4153 sic,
1334 4096 1391 4140 ut
1441 4088 1742 4144 concordire
1779 4099 1837 4145 et
1880 4089 2131 4145 amicitiae

2228 4078 2479 4151 Σολομὼν
2508 4080 2701 4149 γέγονε
2734 4080 3045 4151 ἀγαπητὸς,
3095 4082 3171 4145 ὡς
3203 4083 3474 4154 συνθήκας
3502 4088 3798 4157 ὁμοψυχίας

558 4176 737 4231 foedus
789 4191 910 4229 cum
958 4191 1021 4231 eo
1056 4176 1429 4247 paciscerclur
1465 4177 1535 4244 ³⁸,
1587 4187 1642 4234 et
1683 4180 1962 4251 adiuvaret
2006 4196 2126 4235 eum

2230 4173 2556 4244 ποιήσασθαι
2587 4174 2724 4245 πρὸς
2753 4175 2935 4241 αὐτὸν,
2976 4178 3294 4249 συμπρᾶξαι
3324 4196 3383 4232 τε
3414 4181 3553 4252 πρὸς
3590 4182 3803 4235 ἅπαντα

556 4271 612 4321 in
668 4266 940 4333 omnibus,
990 4275 1043 4322 et
1093 4268 1391 4338 symbolam
1461 4268 1513 4323 ei
1565 4270 1805 4325 divinum
1873 4271 2125 4341 templum

2227 4262 2397 4335 αὐτῷ,
2450 4265 2546 4318 καὶ
2602 4267 2857 4337 φροντίδα
2909 4268 3009 4338 τὴν
3047 4269 3269 4323 δέουσαν
3315 4275 3661 4339 συνενεγκεῖν
3711 4272 3800 4325 τὸν

554 4358 849 4413 wtlifit-anti
882 4373 981 4428 pro
1014 4356 1189 4413 oﬂicio
1230 4357 1502 4415 conferret
1523 4360 1591 4432 ιε,
1615 4369 1669 4416 et
1698 4376 1922 4416 munera
1972 4363 2129 4429 longe

2226 4354 2367 4409 θεῖον
2403 4355 2753 4410 ἀποτελοῦντι
2797 4360 2938 4412 ναόν.
2982 4361 3091 4413 Καὶ
3135 4361 3360 4415 πλεῖστα
3389 4362 3486 4432 μὲν
3510 4364 3610 4416 ὅσα
3632 4379 3800 4432 προσ-

558 4452 787 4520 ιιιιιὶιιιιι
825 4449 897 4503 illi
950 4450 1203 4517 mitteret,
1261 4452 1459 4519 quibus
1496 4427 1608 4521 ipse
1648 4454 1848 4523 majora
1880 4462 1933 4507 et
1996 4427 2159 4542 opu:

2198 4447 2493 4531 Ικεκόμικε
2547 4447 2717 4517 δῶρα,
2774 4450 3072 4522 κεκέρδακε
3127 4450 3183 4504 δὲ
3235 4452 3329 4506 καὶ
3380 4427 3537 4515 αὐτὸς
3590 4427 3799 4506 ’τὰ-ἐτι

560 4543 787 4597 lentiora
826 4541 1025 4595 retulit.
1061 4541 1166 4594 Aut
1205 4540 1369 4610 igitur
1408 4543 1508 4596 hoc
1545 4543 1695 4605 dicit,
1739 4542 1929 4613 Tyrios
1985 4535 2161 4599 bello.

2232 4535 2401 4605 μείζω
2453 4536 2549 4590 καὶ
2603 4536 2997 4610 πλουσιώτεροι.
3058 4540 3129 4593 Ἢ
3180 4540 3359 4594 τοίνυν
3404 4542 3575 4597 ἐκεῖνό
3608 4560 3795 4614 φησιν,

557 4647 782 4688 vexasse
810 4630 1106 4695 lsraelitas,
1130 4631 1325 4685 oblitos
1360 4634 1663 4686 testamenti
1693 4648 1879 4688 eorum
1908 4636 1996 4702 qui
2032 4637 2122 4704 ip-

2225 4627 2306 4680 ὅτι
2364 4629 2550 4696 Τύριοι
2602 4631 3015 4703 πεπολεμήκασι
3052 4633 3144 4687 τὸν
3198 4633 3435 4704 Ἰσραὴλ,
3482 4636 3799 4705 ἀμνημονή-

555 4739 651 4781 sos
681 4733 737 4777 ut
758 4723 951 4775 fratres
972 4721 1242 4785 amabant,
1261 4721 1459 4790 quique
1482 4720 1672 4775 affectu
1691 4709 1745 4777 et
1764 4723 2028 4777 cbaritate
2049 4725 2119 4778 ita

2227 4736 2418 4783 σαντες
2440 4720 2702 4791 διαθήκης
2729 4725 2837 4777 τῶν
2868 4724 2928 4789 ἐξ
2954 4725 3174 4795 ἀγάπης
3199 4725 3273 4788 ὡς
3303 4726 3571 4796 ἀδελφῶν,
3599 4730 3689 4782 καὶ
3714 4729 3797 4791 είς

551 4813 979 4876 consentiebant,
1038 4812 1288 4866 utetiam
1345 4812 1724 4883 consanguinei
1775 4813 2120 4879 viderentur;

2224 4811 2384 4864 τοῦτο
2416 4811 2606 4865 λοιπὸν
2662 4814 2955 4879 διαθέσεως
3000 4817 3096 4869 καὶ
3147 4818 3530 4890 φιλοστοργίας
3573 4836 3797 4889 συνενη-

553 4906 686 4966 sive,
729 4902 853 4971 quia
895 4901 961 4954 ab
1001 4900 1139 4953 Esau
1178 4915 1348 4968 genus
1372 4901 1628 4955 ducentes
1659 4901 1894 4968 Idumaei,
1927 4903 2120 4959 fratres

2225 4903 2521 4973 νεγμένων,
2550 4903 2625 4969 ὡς
2650 4906 2825 4959 δοκεῖν
2853 4903 2997 4960 εἶναι
3026 4908 3122 4960 καὶ
3147 4908 3451 4979 ὁμαίμονας
3476 4926 3489 4939 ·
3528 4910 3694 4980 ἤγουν
3716 4910 3800 4963 ὅτι

548 5003 709 5048 erant
755 4992 1139 5054 lsraelitarutn,
1191 5006 1327 5061 quos
1374 5001 1571 5059 tamen,
1599 5003 1902 5063 contempto
1954 5004 2119 5048 testa-

2222 4995 2508 5062 γεγονότες
2553 4996 2612 5062 ἐξ
2654 4996 2824 5050 Ἢσαῦ
2873 4998 3185 5067 Ἰδουμαῖοι,
3242 5000 3463 5068 ἀδελφοὶ
3506 5000 3606 5070 μὲν
3657 4996 3801 5071 ἦσαν

556 5096 758 5150 mento,
804 5084 971 5138 armis
1011 5083 1398 5152 appetiverunt.
1431 5083 1551 5137 Fuit
1588 5085 1729 5138 enim
1781 5086 1961 5139 animo
2016 5100 2119 5139 non

2220 5088 2333 5149 τοῖς
2363 5086 2423 5151 ἐξ
2457 5087 2692 5158 Ἰσραὴλ,
2725 5088 3134 5153 πεπολεμήκασι
3171 5089 3248 5157 δὲ,
3295 5092 3393 5160 τῆς
3418 5089 3525 5144 τῶν
3553 5089 3803 5159 ἀδελφῶν

554 5178 696 5231 bono
719 5189 774 5231 et
801 5174 977 5229 hostili
1034 5173 1174 5228 Esau
1225 5174 1276 5226 in
1305 5170 1493 5238 Jacob,
1524 5174 1874 5243 primogenita
1938 5172 2122 5227 dolens

2221 5177 2490 5249 διαθήκης
2542 5178 2918 5249 ἡφειδηκότες.
2973 5181 3291 5252 Πεφρόνηκε
3345 5182 3443 5252 μὲν
3480 5180 3590 5251 γάρ
3625 5180 3803 5251 ἐχθρὰ

554 5268 835 5337 principio.
870 5267 1061 5322 Verum
1097 5264 1306 5320 edomo
1334 5262 1513 5319 Laban
1554 5265 1845 5320 discedenti
1879 5265 2124 5333 aliquan-

2221 5268 2318 5322 καὶ
2364 5267 2433 5321 τὰ
2482 5268 2756 5340 πολεμίων
2790 5272 2818 5323 ὁ
2865 5269 3037 5322 Ἡσαῦ
3084 5271 3222 5324 κατά
3273 5270 3367 5324 τοῦ
3429 5270 3643 5334 Ἰακὼὸ,
3689 5271 3806 5323 τῶν

554 5359 654 5424 tlo,
690 5366 745 5411 et
782 5360 994 5414 domum
1057 5359 1251 5414 reverti
1291 5356 1524 5426 cupienti
1578 5372 1696 5411 cum
1764 5357 2019 5411 uxoribus
2064 5363 2117 5409 et

2221 5358 2585 5430 πρωτοτόκων
2611 5360 2773 5412 ’ἑνεκα
2817 5359 3190 5432 λελυπημένος
3213 5364 3270 5414 ἐν
3301 5363 3517 5433 ἀρχαῖς.
3555 5361 3695 5415 Ἀλλ’
3732 5363 3803 5415 ἐκ

554 5436 830 5512 1ἱῡειίε,ἰιί
862 5461 918 5505 ιιι
946 5452 1113 5508 frater
1140 5451 1409 5515 occurrit;
1440 5448 1701 5516 complexi
1724 5450 1939 5503 enimet
1961 5463 2117 5502 oscu-

2215 5450 2314 5519 τῆς
2335 5449 2521 5504 Λάὅαν
2555 5451 2740 5513 ἐστίας
2772 5450 3058 5522 ἀπαίροντι
3090 5451 3229 5505 κατά
3263 5454 3512 5524 καιροὺς,
3537 5453 3632 5506 καὶ
3656 5452 3807 5506 οἴκοι

553 5537 645 5591 lati
686 5547 808 5591 sunt
838 5540 975 5594 inter
1000 5557 1079 5606 se,
1107 5552 1163 5596 et
1200 5542 1497 5596 amicorum
1541 5536 1712 5593 olllcia
1756 5547 1941 5592 mutuo
1974 5551 2114 5606 prmo-

2218 5540 2380 5592 πόιλιν
2439 5542 2755 5596 ὑπονοστεῖν
2815 5542 3052 5595 ἐθέλοντι
3119 5542 3335 5611 γυναιξί
3381 5561 3442 5597 τε
3509 5542 3647 5615 ὁμοῦ
3703 5544 3808 5597 καὶ

550 5630 824 5697 stiterunt,
859 5633 1132 5701 veterique
1180 5633 1398 5688 dissidio
1438 5632 1765 5703 posthabito,
1804 5629 2116 5703 concordia:

2218 5631 2446 5696 τέκνοις,
2485 5634 2816 5705 συνήντησεν
2841 5631 2916 5697 ὡς
2949 5632 3193 5702 ἀδελφός.
3230 5634 3668 5706 Κατησπάσαντο
3687 5633 3809 5703 γὰρ

622 5820 669 5856 εκ
704 5819 816 5877 ιοιει
852 5834 934 5887 ιιι,
973 5819 1094 5873 4-6.
1176 5820 1216 5852 ιο
1251 5818 1336 5873 ιιι.
1383 5819 1510 5887 Reg.
1556 5836 1604 5885 ν,
1643 5823 1691 5876 ι,
1767 5820 1810 5854 ὀ
1844 5818 1974 5877 tam.
2024 5822 2107 5877 ιε.
2185 5825 2223 5855 ἰ

875 5834 934 5887 tt,
973 5819 1094 5873 4-6.
1176 5820 1216 5852 ¹⁹
1251 5818 1336 5873 Ill.
1383 5819 1510 5887 Reg.
1556 5836 1604 5885 ν,
1643 5823 1691 5876 1.
1767 5820 1810 5854 ²⁰
1844 5818 1974 5877 Ibid.
2024 5822 2107 5877 19..
2185 5825 2227 5855 ¹¹
2273 5823 2402 5879 Ibid.
2439 5825 2473 5879 5
