4054 6274
271 361 377 422 1.29

1138 374 1143 375 ⁷
1232 362 1787 425 COMMENTARIUS
1826 366 1894 422 IN
1933 366 2123 424 AileS
2164 365 2604 425 PROPIIETAM.

3444 369 3547 424 650

163 517 167 520 .
273 476 556 547 ἀλλήλους,
596 476 690 529 καὶ
744 475 1101 548 περιέφυσαν,
1132 477 1227 531 καὶ
1258 479 1328 532 τά
1363 480 1538 549 φίλοις
1578 481 1851 553 πρέποντα

1961 490 2018 537 et
2050 482 2197 552 pacis
2227 483 2402 538 foedus
2434 483 2770 554 pepigerunt.
2807 481 2872 538 Et
2897 482 3010 539 haec
3035 482 3252 554 quidem
3276 481 3375 538 illi.
3397 479 3545 554 Tyrii

272 568 623 639 λελαλήκασι,
668 567 764 620 καὶ
791 568 892 638 τὴν
934 568 1167 640 ἀρχαίαν
1212 570 1511 634 πατοῦντες
1564 571 1851 642 διαφορὰν,

270 659 523 731 ὁμονοίας
578 659 673 711 καὶ
728 658 955 730 εἰρήνης
993 659 1318 731 πεποίηνται
1364 660 1655 732 διαθήκας.
1714 663 1853 716 Ἀλλ’

268 752 443 803 ἐκεῖνο
470 749 569 819 μὲν
608 750 668 801 ὲν
705 748 935 810 τούτοις.
987 733 1177 821 Τύριοι
1227 751 1286 804 δὲ
1327 755 1426 825 τῆς
1463 752 1572 806 τῶν
1608 753 1853 823 ἀδελφῶν

265 840 533 911 διαθήκης
568 840 1081 911 ἀμνημονήσαντες,
1119 840 1191 894 τὰ
1228 844 1361 913 γένη
1410 844 1726 911 συνέϐαλον,
1756 848 1854 900 καὶ

264 932 484 995 δούλους
527 931 594 985 ἂν
638 931 781 1003 ἔχειν
828 931 1045 988 ἔπειθον
1092 934 1219 997 τοὺς
1264 934 1323 1001 ἐξ
1378 935 1609 1006 αῖματός
1653 953 1714 990 τε
1757 937 1855 991 καὶ

265 1021 551 1089 ἀδελφοὺς,
598 1025 717 1085 ταῖς
756 1022 908 1094 παρὰ
958 1023 1111 1091 σφῶν
1163 1028 1487 1097 συμπονίαις
1545 1029 1682 1082 πολὺ
1732 1027 1855 1084 λίαν

265 1111 720 1183 εὐσθενεστέρους
806 1114 915 1168 τῶν
984 1117 1407 1189 κεκρατηκότων
1473 1118 1856 1190 ἀποφήναντες

274 1200 627 1270 Ἰδουμαίους.
662 1202 798 1274 Ἤδη
825 1203 882 1257 δέ
915 1221 1000 1268 τις
1025 1204 1122 1257 καὶ
1172 1206 1260 1260 ἐπ’
1303 1207 1485 1261 αὐτῶν
1517 1208 1677 1262 τοῦτο
1718 1210 1855 1281 λέγῃ

258 1290 371 1343 τῶν
405 1291 734 1358 Μωαϐιτῶν,
766 1294 817 1346 οἳ
844 1294 902 1359 ἐξ
931 1295 1163 1364 αἵματος
1191 1296 1287 1349 τοῦ
1316 1295 1463 1367 Λὼτ,
1505 1300 1588 1353 ὅτι
1621 1299 1854 1371 λελυπήά

260 1401 392 1437 κασι
443 1384 634 1455 Τύριοι
660 1385 927 1457 διαθήκην
970 1387 1240 1458 ἀδελφῶν,
1284 1389 1443 1461 δῆλον
1468 1391 1525 1445 δὲ
1549 1393 1633 1446 ὅτι
1663 1393 1764 1464 τὴν
1794 1391 1854 1457 ἐξ

273 1475 529 1546 Ἁϐραάμ
562 1476 698 1547 πρὸς
724 1477 816 1531 τὸν
842 1480 987 1533 Λώτ.
1021 1480 1243 1549 Ἐπειδὴ
1270 1482 1379 1554 γὰρ
1402 1484 1453 1537 oi
1485 1484 1689 1553 ἀμφοῖν
1722 1486 1854 1556 epa-

258 1567 493 1641 χέσαντο
550 1570 843 1640 ποιμένες,
896 1590 915 1624 ι
980 1566 1138 1640 Eine,
1175 1574 1341 1647 φησὶν
1388 1576 1423 1646 ἡ
1470 1575 1589 1630 θεία
1619 1576 1849 1649 Γραφὴν

274 1660 491 1731 Ἀϐράμ
548 1660 627 1733 τῷ
651 1661 805 1715 Λώτ·
830 1662 924 1735 Μὴ
955 1663 1095 1718 ἔστω
1122 1665 1270 1737 μάχη
1304 1666 1577 1737 ἀναμέσσν
1603 1666 1738 1737 ἐμοῦ
1761 1668 1854 1722 καὶ

264 1752 383 1817 σοῦ,
403 1754 496 1806 καὶ
534 1754 807 1824 ἀναμέσον
834 1755 942 1809 τῶν
978 1757 1253 1828 ποιμένων
1280 1775 1402 1828 μου,
1437 1759 1530 1813 καὶ
1575 1759 1850 1829 ἀναμέσον

1960 582 2162 639 autem,
2200 574 2425 629 fmderis
2463 574 2622 643 hujus
2647 573 2869 630 fraterni
2904 590 3011 629 non
3059 573 3351 651 recordati,
3392 587 3542 630 com-

1958 662 2222 718 miserunt
2293 663 2549 727 familias,
2588 674 3087 736 persuaseruntque
3160 665 3430 731 ldumzeis,
3483 675 3545 720 ut

1956 755 2385 824 consanguineos
2408 763 2462 808 et
2489 755 2687 811 fratres
2716 757 2914 812 habere
2941 771 3130 812 servos
3164 756 3384 822 vellent,
3405 770 3545 827 quos

1956 842 2175 898 auxiliis
2212 845 2327 899 suis
2361 846 2554 914 seipsis
2600 847 2692 915 qui
2734 847 2975 901 vicerant
3002 847 3163 918 longe
3201 848 3541 917 potentiores

1953 932 2264 990 eﬂ‘ecerunt.
2279 934 2397 991 1am
2413 951 2542 992 vero
2558 937 2697 991 idem
2724 937 2829 991 hoc
2851 937 3117 1006 quispiam
3135 948 3191 992 et
3206 940 3273 994 de
3293 940 3542 995 Moabitis

1956 1025 2213 1095 accipiat,
2242 1027 2381 1096 quia
2425 1025 2528 1081 Lot
2566 1026 2992 1091 descendebant,
3041 1027 3236 1097 Tyrios
3292 1030 3541 1084 videlicet

1955 1114 2183 1171 fratrum
2219 1125 2601 1173 testamentum
2627 1117 3000 1183 conturbasse,
3021 1132 3219 1186 nempe
3242 1119 3538 1175 Abrahami

1954 1221 2074 1262 cum
2101 1206 2223 1263 Lot.
2251 1208 2385 1263 Cum
2413 1209 2555 1264 enim
2590 1208 2868 1263 amborum
2895 1218 3139 1277 pastores
3166 1208 3536 1281 jurgarentur,

1960 1318 1979 1351 ι
2012 1300 2174 1365 Dixit,
2226 1299 2399 1368 inquit
2452 1299 2757 1369 Scriptura,
2808 1301 3079 1355 Abraham
3152 1301 3295 1358 Lot:
3350 1301 3429 1359 Ne
3468 1305 3539 1358 sit

1948 1392 2185 1463 jurgium
2223 1392 2367 1448 inter
2411 1408 2498 1448 me
2533 1402 2587 1448 et
2615 1404 2687 1458 te,
2717 1403 2773 1449 et
2810 1392 2951 1450 inter
2974 1403 3217 1463 pastores
3261 1410 3413 1452 meos
3470 1411 3535 1451 ac

1954 1494 2204 1555 pastores
2230 1493 2372 1552 tuos,
2394 1485 2519 1551 quia
2546 1486 2744 1542 fratres
2766 1502 2956 1543 sumus
2983 1489 3084 1544 "J
3119 1487 3353 1544 Proinde
3383 1489 3539 1543 meri-

1955 1583 2010 1629 to
2038 1585 2308 1641 exustum,
2349 1584 2404 1631 et
2433 1577 2503 1631 ab
2538 1577 2668 1645 ipsis
2724 1576 3091 1633 fundamentis
3156 1592 3411 1634 eversum
3466 1578 3535 1633 iri

1953 1666 2048 1721 ait.
2078 1663 2216 1720 Nam
2267 1665 2422 1733 iilud,
2447 1665 2562 1722 Non
2609 1669 2721 1725 eris
2763 1683 2885 1724 cum
2917 1669 3183 1738 pluribus,
3228 1672 3429 1740 ubique
3481 1671 3535 1725 in

1953 1760 2227 1830 intprobos
2250 1759 2415 1816 valet.

262 1843 372 1897 τῶν
412 1846 686 1916 ποιμένων
721 1864 815 1900 σου
841 1886 857 1911 ,
896 1847 979 1900 ὅτι
1024 1848 1304 1919 ἄνθρωποι
1336 1849 1556 1919 ἀδελφοὶ
1580 1851 1742 1921 ἡμεῖς
1768 1852 1993 1922 ἐσμεν.»
2045 1851 2567 1923 Ἐμπρησθήσεσθαι
2589 1851 2654 1921 δὴ
2678 1848 2773 1906 οῦν
2793 1853 3049 1927 ταύτῃτοι
3097 1854 3323 1919 δικαίως
3370 1854 3536 1925 φησιν

259 1939 450 2013 αὐτὴν,
476 1944 571 1996 καὶ
605 1943 664 2009 ἐξ
698 1944 876 1998 αὐτῶν
922 1945 1453 2020 κατασεισθήσεσθαι
1490 1947 1737 2020 βάθρων.-
1769 1947 1848 2002 Τὸ
1881 1949 2008 2022 γὰρ,
2041 1950 2159 2004 Οὐκ
2212 1949 2313 2023 ἔσῃ
2350 1951 2491 2022 μετά
2518 1950 2802 2021 πλειόνων,
2829 1953 2925 2007 ἐπὶ
2947 1953 3149 2017 κακίας
3185 1953 3537 2024 χρησάμενον

262 2037 565 2109 πανταχοῦ.

328 2130 483 2186 me
518 2132 680 2202 λέγει
711 2134 929 2204 Κύριος
948 2150 960 2163 ·
1009 2134 1134 2189 Ἐπί
1158 2135 1287 2203 ταῖς
1313 2136 1509 2205 τρισὶν
1536 2136 1837 2204 ἀσεϐείαις

2011 2134 2175 2189 Vens.
2225 2132 2315 2187 11.
2395 2130 2522 2188 Hinc
2579 2133 2708 2188 dicit
2756 2131 3054 2189 Dominus:
3127 2134 3299 2204 Super
3365 2138 3535 2193 tribus

256 2223 366 2293 τῆς
430 2225 787 2295 Ἰδουμαίας,
840 2229 940 2282 καὶ
997 2228 1098 2282 ἐπὶ
1149 2228 1282 2295 ταῖς
1336 2229 1695 2300 τέσσαρσιν,
1731 2231 1845 2284 οὐκ

257 2318 803 2389 ἀποστραφήσομαι
830 2320 1074 2388 αὐτοὺς,
1102 2320 1309 2377 ἕνεκεν
1341 2323 1452 2377 τοῦ
1482 2319 1845 2386 καταόιῶξαι

256 2409 485 2476 αὐτοὺς
511 2410 582 2463 ἐν
605 2412 871 2481 ῥομφαίᾳ
894 2413 1004 2467 τὸν
1027 2412 1296 2481 ἀδελφὸν
1334 2412 1553 2468 αὐτῶν.

328 2504 402 2555 Ζ’.
445 2501 703 2555 Μέτεισιν
723 2504 752 2555 ό
779 2503 934 2570 λόγος
964 2505 1051 2557 ἐπ’
1086 2504 1245 2557 αὐτὸν
1271 2503 1372 2575 ήδη
1404 2503 1495 2557 τὸν
1523 2504 1843 2573 Ἰδουμαϊον,

256 2589 417 2661 δῆλον
448 2591 505 2643 δὲ
537 2592 621 2643 ὅτι
650 2592 775 2654 τοὺς
810 2592 868 2658 ἐξ
901 2591 1096 2646 Ἠσαῦ.
1138 2593 1639 2664 ’Υπενεχθήσεσθαι
1671 2594 1728 2647 δὲ
1750 2595 1846 2645 καὶ

258 2684 462 2744 αὐτοὺς
512 2684 623 2745 τοῖς
653 2682 712 2747 ἐξ
737 2683 907 2754 ὀργῆς
960 2684 1350 2755 συμϐαίνουσιν
1401 2681 1460 2739 εὖ
1508 2685 1653 2755 μάλα
1690 2685 1842 2754 φησί.

260 2773 692 2843 Πεπολεμήκασι
747 2775 854 2845 γὰρ
893 2774 1122 2843 ἀδελφὸν
1166 2775 1296 2829 ὄντα
1337 2776 1429 2830 τὸν
1466 2775 1700 2847 Ἰσραὴλ,
1752 2777 1847 2831 καὶ

263 2865 381 2925 τοῖς
418 2865 589 2931 ἐγγὺς
642 2865 736 2917 καὶ
775 2865 835 2929 ἐξ
861 2865 1095 2935 αἵματος
1140 2866 1205 2919 τὺ
1237 2866 1413 2938 θρασὺ
1446 2867 1541 2921 καὶ
1575 2868 1849 2939 ἀνήμερον

258 2955 324 3006 οὐ
353 2954 672 3008 κατέδεισαν
708 2957 1058 3011 ὲπανατεῑναι
1088 2956 1263 3027 ξίφος,
1309 2958 1369 3011 οὐ
1420 2958 1587 3028 νόμου
1631 2959 1846 3028 φύσεως

254 3047 708 3115 πεφροντικότες,
766 3048 828 3100 ού
890 3049 1315 3121 πεφροντικότες
1364 3066 1418 3103 τι
1476 3050 1585 3107 τῶν
1633 3052 1847 3124 ἀνθρω-

253 3139 454 3203 πίνων,
500 3138 639 3192 ἀλλά
686 3140 813 3203 τοὺς
845 3139 951 3205 ἔξω
1012 3141 1107 3194 καὶ
1140 3140 1578 3211 πολεμιωτάτους
1614 3146 1735 3207 ταῖς
1766 3146 1847 3207 εἰς

250 3229 520 3299 ἀδελφοὺς
553 3231 894 3302 δυσμενείαις
923 3235 1081 3303 νικᾷν
1107 3233 1420 3304 εἰθισμένοι,
1462 3235 1559 3288 καὶ
1583 3252 1850 3306 πεφρονη-

247 3323 415 3387 κότες
449 3340 553 3376 που
583 3324 723 3394 τάχα
753 3324 846 3377 καὶ
868 3325 960 3377 ἐπὶ
997 3323 1174 3395 τούτῳ
1202 3325 1362 3395 μέγα.
1396 3325 1607 3379 Οὐκοῦν
1632 3326 1848 3380 ἀκουόν-

241 3430 365 3468 ςων
396 3414 493 3467 καὶ
517 3415 655 3486 πρὸς
685 3416 861 3487 ἡμῶν
901 3433 921 3466 ι
946 3415 1012 3469 Τί
1054 3417 1305 3486 έγκαυχᾷ
1328 3417 1387 3469 ὲν
1412 3418 1641 3487 κακίᾳ,ό
1681 3417 1844 3470 δυνα-

1947 2223 2298 2293 ἰπψὲειαιιόιισ
2333 2221 2610 2285 Idumam.
2646 2233 2696 2278 rt
2729 2239 2885 2292 super
2915 2233 3144 2296 quatuor
3181 2242 3285 2281 non
3313 2239 3529 2283 conuer—

1949 2327 2058 2370 lam
2085 2332 2195 2381 eos,
2253 2332 2315 2372 eo
2360 2317 2501 2388 quod
2546 2318 2801 2387 persecuti
2852 2327 2971 2372 sunt
3002 2318 3061 2371 in
3092 2316 3270 2387 gladio
3312 2318 3531 2389 fratrem

1946 2423 2119 2462 suum.

2021 2498 2127 2554 νυ.
2165 2498 2317 2554 Nunc
2355 2512 2537 2554 sermo
2561 2501 2627 2556 ad
2656 2499 2825 2570 ipsam
2860 2499 3146 2556 Idumam
3188 2503 3419 2569 transit,
3445 2503 3527 2556 ni-

1946 2591 2145 2645 mirum
2189 2592 2256 2646 ad
2283 2590 2422 2646 Esau
2450 2598 2715 2661 posteros.
2757 2593 2865 2648 Eos
2896 2608 3112 2663 quoque
3137 2594 3420 2664 suppliciis
3455 2608 3524 2649 ex

1947 2682 2026 2736 ira
2051 2680 2233 2736 divina
2282 2681 2587 2753 inﬁigendis
2637 2681 2937 2750 subjectum
2965 2684 3032 2737 iri
3059 2683 3336 2753 prmdieat.
3393 2683 3529 2737 Fra-

1955 2785 2065 2827 tres
2095 2773 2241 2829 onim
2268 2788 2398 2828 suos
2433 2772 2704 2829 lsraelitas
2730 2784 3129 2844 oppugnarunt,
3166 2774 3517 2844 propinquis~

1945 2877 2052 2931 que
2102 2873 2157 2918 et
2216 2866 2478 2935 sanguine
2534 2864 2841 2933 conjunctis
2893 2864 3135 2936 gladium
3166 2867 3425 2922 audacem
3474 2876 3529 2921 et

1948 2954 2217 3010 crudelem
2272 2955 2545 3010 intentare
2580 2971 2685 3009 non
2743 2954 3185 3020 reformidarnnt,
3221 2958 3386 3029 πω
3420 2973 3527 3013 non

1896 3064 1907 3076 ί
1948 3056 2154 3102 natura
2204 3046 2397 3117 legem,
2425 3062 2532 3100 non
2569 3047 2694 3116 jura
2748 3048 3100 3104 humanitatis
3148 3051 3382 3115 reveriti,
3433 3051 3527 3104 sed

1948 3147 2231 3193 exteroset
2250 3138 2644 3194 infensissimos
2660 3140 2798 3194 odiis
2826 3140 3040 3194 vincere
3060 3140 3226 3205 soliti,
3250 3150 3306 3195 et
3334 3142 3405 3195 ob
3427 3143 3528 3196 hoc

1949 3227 2116 3281 etiam
2153 3228 2333 3283 forsan
2368 3231 2591 3299 Spitiltts
2609 3245 2833 3300 magnos
2860 3238 3132 3301 gerentes.
3164 3233 3401 3287 Audiant
3431 3234 3529 3303 igi-

1950 3327 2038 3372 tur
2068 3333 2098 3372 a
2119 3320 2309 3375 nobis:
2332 3339 2350 3371 ι
2391 3320 2526 3387 Quid
2557 3322 2822 3390 gloriaris,
2856 3314 3048 3391 potens
3092 3324 3143 3379 iu
3177 3325 3476 3380 malitia”?
3504 3346 3524 3378 ι

1947 3408 2024 3461 Ac
2060 3409 2127 3463 de
2176 3408 2245 3463 iis
2291 3412 2571 3477 aptissime
2629 3410 2874 3465 dicatur:
2903 3430 2921 3463 ι
2959 3413 3199 3479 Quorum
3256 3412 3425 3482 gloria
3473 3414 3527 3466 in

241 3506 377 3572 ⁴εό.;;
406 3526 425 3556 ι
482 3508 594 3560 Καὶ
620 3508 748 3577 περὶ
779 3506 959 3561 αὐτῶν
997 3508 1065 3562 ἂν
1094 3507 1327 3577 λέγοιτο,
1368 3508 1463 3561 καὶ
1510 3508 1657 3579 μάλα
1701 3509 1838 3561 είκό-

1951 3499 2257 3556 confusione
2284 3500 2521 3569 ipsorum
2548 3501 2651 3555 ν’.»
2681 3501 2813 3568 Quae
2834 3503 2977 3557 enim
3021 3503 3367 3570 praestitisset
3391 3503 3528 3557 velte

240 3608 388 3661 σιςςως⁸
424 3617 444 3649 ι
474 3593 574 3650 ’Ὧν
599 3598 633 3668 ἡ
659 3596 786 3664 δόξα
810 3599 870 3650 ἐν
901 3601 974 3670 τῇ.
992 3599 1224 3670 αἰσχύνῃ
1253 3597 1454 3653 αὐτῶν.
1482 3616 1501 3650 ι
1550 3601 1616 3653 Ἀ
1638 3600 1745 3669 γὰρ
1773 3593 1843 3669 ἦν

1951 3602 2154 3648 remota
2180 3607 2339 3662 quam
2370 3593 2700 3663 longissime,
2727 3594 2840 3647 haec
2856 3594 3247 3649 honestissimo
3271 3592 3528 3659 suffragio

241 3691 485 3762 ἄμεινον
533 3693 613 3755 ὡς
662 3693 919 3747 ἀπατάτω
979 3692 1255 3746 ποιεῖσθαι
1319 3691 1517 3761 φιλεῖν,
1567 3692 1728 3745 ταυτὶ
1776 3691 1842 3761 δὴ

1951 3681 2295 3749 honorantes,
2327 3684 2506 3737 denuo
2532 3685 2785 3737 audient:
2815 3701 2839 3753 ς
2868 3682 2960 3736 Vae
2988 3684 3079 3752 qui
3117 3684 3296 3738 dicitis
3328 3684 3525 3738 malum

244 3784 521 3855 παγκάλῃ
549 3784 819 3855 τιμῶντες
843 3784 1033 3855 ψήφῳ,
1064 3784 1228 3838 πάλιν
1258 3785 1606 3838 ἀκούσονται·
1659 3801 1677 3833 ι
1708 3783 1845 3836 Οὐαὶ

240 3874 312 3928 oi
338 3874 588 3943 λέγοντες
604 3875 666 3945 τὸ
695 3877 929 3946 πονηρὸν
965 3877 1148 3940 καλὸν,
1179 3896 1198 3929 ι
1228 3877 1321 3930 καὶ
1345 3876 1490 3947 ἑξῆς.

331 3966 443 4019 Καὶ
474 3965 817 4034 ἐλυμήνατο
841 3966 1079 4034 μήτραν
1102 3966 1201 4019 ἐπὶ
1224 3966 1337 4033 τῆς
1371 3964 1503 4033 γῆς.

334 4058 420 4110 Ην.
485 4056 906 4129 Ἀπαριθμεῖται
964 4057 1256 4128 χρησίμως
1315 4055 1384 4108 τὰ
1419 4055 1529 4109 τῶν
1579 4053 1847 4108 Ἰουδαίων

248 4149 434 4218 ὲγκλή
445 4165 611 4218 ματα,
637 4149 733 4201 καὶ
753 4148 839 4200 ἐπ’
867 4147 1031 4200 αὑτὸν
1053 4148 1236 4217 ἀνίησι
1257 4144 1555 4209 τδνἮσαῦ,
1572 4143 1847 4211 δυσγενεῖς

246 4243 428 4305 δντας
477 4243 569 4295 καὶ
596 4240 656 4306 ἐξ
683 4239 898 4294 ἀνοσίου
934 4238 1137 4307 φύντας
1167 4237 1374 4309 πατρὸς
1410 4235 1750 4304 ἀποφαίνων,
1783 4235 1846 4288 ἵν’

251 4335 440 4390 ἐκεῖνό
467 4351 568 4387 που
598 4334 743 4404 τάχα
774 4332 1009 4402 νοῶμεν,
1039 4330 1102 4383 τὸ
1124 4330 1212 4383 διὰ
1243 4329 1428 4399 φωνῆς
1455 4327 1680 4381 Ἡσαΐου
1712 4327 1849 4380 πλα-

255 4428 398 4497 γίως
453 4425 906 4497 ὑποδηλούμενονυ
963 4442 984 4474 ‹
1022 4410 1128 4475 Ἐκ
1160 4421 1270 4492 γάρ
1310 4420 1625 4491 σπέρματος
1671 4418 1848 4487 ὄφεων

257 4519 641 4586 ἐξελεύσονται
669 4518 886 4586 ἔγγονοι
925 4515 1195 4569 ἀσπίδων.
1228 4533 1247 4566 ι
1299 4513 1617 4585 Ἀφηγεῖται
1642 4511 1708 4582 δὴ
1731 4507 1846 4576 οὗν,

1951 3773 2148 3828 bonum
2180 3774 2251 3835 ",
2279 3791 2296 3823 ι
2340 3782 2396 3826 et
2425 3772 2631 3841 reliqua
2655 3771 2935 3840 deinceps.

2023 3947 2092 4003 Et
2128 3948 2335 4004 uiolauit
2370 3949 2572 4005 uuluam
2598 3951 2651 4006 in
2687 3959 2849 4006 terra.

2028 4040 2156 4096 \‘lll.
2201 4040 2419 4098 Utiliter
2442 4040 2750 4097 Judaeorum
2794 4044 3001 4098 scelera
3052 4057 3314 4112 recenset,
3356 4064 3529 4119 eaque

1957 4134 2024 4186 ad
2065 4134 2236 4202 ipsum
2275 4132 2415 4188 Esau
2452 4133 2637 4199 refert,
2664 4136 3023 4203 pronuntians
3063 4137 3347 4206 ignobiles,
3378 4150 3433 4194 et
3459 4156 3527 4194 ex

1954 4232 2109 4293 patre
2138 4224 2303 4293 impio
2332 4227 2671 4294 progenitos,
2703 4237 2763 4279 ut
2789 4225 2921 4280 illud
2949 4225 3089 4281 forte
3138 4228 3523 4299 intelligamus,

1954 4316 2096 4385 quod
2129 4329 2224 4382 per
2256 4316 2405 4369 Isaiae
2434 4329 2617 4370 vocem
2639 4316 2942 4371 insinuatur
2966 4335 2980 4371 :
3000 4334 3020 4369 ι
3051 4317 3128 4372 Ex
3154 4318 3361 4373 semine
3383 4321 3528 4374 enim

1955 4416 2268 4475 serpentum
2328 4407 2556 4461 exsistet
2612 4408 2896 4477 progenies
2980 4410 3282 4478 aspidum.»
3328 4409 3528 4465 Narrat

1956 4499 2141 4567 igitur,
2159 4497 2320 4552 etiam
2356 4497 2584 4567 primum
2611 4509 2887 4568 parentem
2911 4508 3258 4555 etauctorem
3288 4501 3528 4570 ipsorum

1954 4591 2094 4645 bona
2129 4590 2198 4644 ab
2230 4600 2383 4645 utero
2423 4599 2668 4646 materno
2696 4600 2751 4645 et
2775 4592 2889 4661 ipso
2918 4602 3040 4647 ortu
3068 4592 3170 4646 sibi
3193 4603 3386 4661 agnata
3413 4606 3530 4648 tau-

1959 4690 2067 4736 tum
2103 4697 2211 4736 non
2236 4682 2566 4752 corrupisse,
2595 4692 2650 4736 et
2682 4683 2737 4736 in
2775 4693 2974 4737 terram
3017 4685 3309 4753 projecisse
3353 4684 3528 4754 digni-

254 4612 343 4665 ὄτι
388 4610 484 4663 καὶ
520 4610 549 4661 ὁ
590 4609 893 4680 προπάτωρ
923 4607 1108 4669 αὐτοῖς
1130 4603 1369 4672 γεγονὼς
1418 4602 1588 4656 Ἠσαῦ
1636 4604 1750 4665 τοῖς
1782 4604 1849 4656 ἐκ

260 4704 484 4774 μήτρας
531 4700 628 4753 καὶ
658 4700 927 4767 γενέσεως
970 4696 1195 4766 ἀγαθοῖς
1247 4693 1668 4764 προσγεγονόσιν
1696 4691 1848 4761 αὑτῷ
1959 4691 2067 4736 lum
2103 4697 2211 4736 non
2230 4691 2566 4784 corrupisse,
2595 4692 2650 4736 et
2682 4691 2737 4783 in
2763 4693 2850 4784 ‘ter

260 4793 553 4864 μονονουχὶ
579 4792 671 4843 καὶ
697 4791 1077 4861 διελυμήνατο,
1115 4789 1211 4843 καὶ
1252 4786 1581 4857 κατέρριψεν
1622 4787 1702 4848 εἰς
1740 4783 1846 4852 γῆν

1959 4781 2122 4827 tatem
2163 4773 2615 4841 primogenitum,
2647 4773 2852 4826 minimi
2881 4787 2992 4826 rem
3047 4775 3355 4839 facientem,
3406 4792 3532 4845 pro-

257 4862 323 4938 τὸ
351 4885 419 4936 ὲκ
450 4882 557 4933 τῶν
594 4883 954 4951 πρωτοτόκων
1002 4880 1223 4949 ἀξίωμα
1247 4917 1263 4941 ,
1312 4876 1511 4949 μικροῦ
1567 4873 1845 4937 παντελῶς

1953 4869 2073 4930 pter
2124 4876 2441 4931 corpoream
2492 4862 2841 4931 voluptatem.
2881 4862 3129 4916 Edulium
3182 4866 3326 4918 enim
3372 4864 3532 4918 lentis

259 4972 509 5040 ἀξιώσας
542 4971 601 5023 τὺ
637 4971 824 5041 χρῆμα
859 4971 1016 5039 λόγου
1041 4974 1254 5042 τρυφῆς
1280 4968 1442 5021 ἓνεκα
1483 4965 1806 5037 σωματικῆς
1826 4980 1839 4992 '

1951 4953 2229 5020 quaesivit:
2278 4968 2384 5021 quo
2437 4962 2697 5020 accepto,
2745 4952 2891 5006 dedit
2950 4954 3248 5008 nativitatis
3306 4957 3529 5009 donum.

263 5065 459 5134 ἕψημα
492 5060 601 5131 γὰρ
632 5059 812 5130 ἐζήτει
841 5059 1039 5128 φακοῦ,
1084 5061 1181 5113 καλ⁵
1211 5057 1392 5112 λαϐὼν
1440 5056 1612 5110 ἐδίδου
1651 5055 1713 5108 τὸ
1748 5054 1847 5123 τῆς

1959 5063 1977 5095 ι
2027 5044 2255 5111 Propter
2324 5044 2443 5109 hoc,
2499 5043 2690 5112 inquit,
2751 5053 2999 5097 vocatum
3057 5055 3142 5097 est
3186 5060 3380 5099 nomen
3416 5046 3532 5113 ejus

268 5156 485 5225 φύσεως
531 5153 723 5223 δῶρον.
781 5172 800 5203 ι
824 5153 1027 5206 Ἕνεκα
1052 5153 1263 5213 τούτου,
1300 5152 1485 5221 φησὶν,
1514 5148 1720 5217 ἐκλήθη
1777 5146 1836 5199 τὸ

1954 5138 2120 5192 ΕιΙοιιι
2141 5139 2206 5189 ’⁸.
2236 5155 2253 5186 ι
2288 5136 2440 5192 Unde
2470 5139 2704 5192 arbitror
2733 5147 2786 5191 et
2812 5137 3072 5191 Idumaeos
3103 5144 3288 5204 postea
3322 5151 3389 5190 ex
3418 5137 3533 5207 ipso

267 5250 440 5319 ὄνομα
485 5245 652 5300 αὑτοῦ
700 5243 953 5314 Ἐδώμ’›
1009 5244 1152 5307 ὅθεν,
1201 5240 1377 5312 οἶμαι,
1412 5242 1506 5294 καὶ
1560 5240 1851 5307 Ἰδουμαῖοι

1955 5228 2280 5284 nominatos.
2314 5228 2563 5292 Violavit,
2597 5230 2788 5297 inquit,
2808 5227 3143 5298 dignitatem,
3167 5239 3325 5295 quam
3352 5241 3383 5280 e
3408 5240 3533 5295 par-

272 5313 564 5412 κέκληνται
610 5337 798 5393 λοιπὸν
844 5313 907 5389 οἱ
958 5335 1016 5401 ἐξ
1064 5335 1229 5388 αὑτοῦ
1280 5332 1585 5402 γεγονότες.
1642 5328 1851 5382 Οὐκοῦν

1957 5325 2011 5368 ιιι
2031 5324 2085 5368 et
2115 5323 2295 5369 ventre
2326 5325 2568 5368 materno
2593 5327 2915 5371 consecutus
2939 5313 3145 5379 erat,in
3171 5322 3338 5382 terra,
3355 5329 3452 5385 pro
3473 5328 3532 5370 re

269 5434 335 5486 τὸ
368 5406 441 5486 ὲκ.
472 5433 566 5485 τοῦ
610 5432 771 5486 τόκου
844 5427 943 5481 καὶ
1000 5427 1211 5496 μήτρας
1260 5424 1481 5492 ἀξίωμα
1542 5420 1849 5489 κατελυμή·

1962 5418 2171 5463 terrena
2199 5406 2574 5461 commutavit.

273 5540 401 5579 νατο
448 5526 633 5594 φησιν,
662 5524 742 5585 εἰς
796 5520 925 5590 γῆν,
960 5518 1082 5570 ἀντὶ
1124 5516 1239 5580 τοῦ,
1286 5515 1479 5584 γηῒνου
1529 5511 1848 5581 πράγματος

271 5615 556 5685 ἠλλάξατο.

2014 5774 2057 5807 ²⁵
2096 5772 2196 5827 lsa.
2235 5788 2285 5840 ν,
2328 5771 2417 5826 20.
2498 5768 2539 5798 ’⁵
2576 5768 2711 5823 Gen.
2754 5785 2879 5839 xxv,
2923 5774 3010 5830 50.

343 5797 389 5830 ⁸³
419 5792 551 5848 Gen.
582 5806 699 5859 xm,
740 5791 792 5843 8.
872 5786 917 5817 ’³
950 5782 1091 5836 Psal.
1134 5796 1211 5849 LI,
1250 5780 1301 5831 5.
1380 5778 1424 5808 "‘
1457 5775 1685 5847 Philipp.
1725 5794 1805 5846 ιιι,
1852 5777 1930 5832 l9.
