4054 6274
517 402 616 459 ιδι

589 514 761 571 Simili
828 514 1032 569 scelere
1090 510 1330 567 obstricti
1387 518 1676 576 tenentur,
1713 508 1802 579 qui
1850 507 2093 563 carnales
2122 513 2167 573 Α

515 605 903 660 oblectationes
941 600 1307 670 spiritualibus
1342 606 1701 667 anteponunt,
1746 607 2089 666 tcmporanea

516 711 626 766 pra:
653 692 1123 761 aeterniscligunt,
1165 698 1218 745 et
1236 689 1378 744 fluxa
1409 705 1507 760 pro
1534 690 1839 746 stabilibus.
1872 688 1937 743 Et
1984 688 2094 758 glo-

512 788 649 841 riam
716 798 835 855 qua:
864 798 895 838 a
932 781 1040 836 Deo
1074 790 1158 836 est
1191 791 1620 847 contemnentes,
1651 796 1770 850 quae
1805 780 1945 849 apud
1999 781 2093 834 ho-

513 876 686 930 mines
718 874 895 945 magni
930 874 1087 942 fiunt,
1135 870 1580 941 insipientissime
1635 869 1945 940 praeferunt,
1975 882 2093 938 quae

514 979 573 1023 ut
610 969 814 1023 umbra:
840 966 1100 1022 habentes
1141 972 1491 1037 praetereunt.
1515 962 1663 1019 Bene
1707 963 1998 1019 admodum
2037 970 2092 1016 et

512 1057 728 1112 divinus
755 1055 990 1111 Paulus:
1019 1073 1038 1106 σ
1075 1053 1153 1109 Νε
1203 1053 1325 1124 quis
1355 1052 1649 1108 fornicator
1682 1060 1770 1106 aut
1814 1050 2089 1122 profanus,

513 1149 709 1217 inquit,
743 1156 800 1202 ut
827 1147 992 1214 Esau,
1019 1146 1110 1217 qui
1139 1159 1237 1216 pro
1267 1159 1372 1201 una
1390 1159 1514 1202 esca
1542 1143 1786 1199 vendidit
1813 1143 2088 1213 primoge-

514 1241 622 1296 nita
657 1256 751 1296 sua
781 1241 848 1294 ’7.
863 1259 882 1294 ι

586 1420 652 1473 Et
704 1420 878 1487 rapuit
911 1419 965 1471 in
996 1414 1349 1472 testimonium
1388 1415 1657 1468 horrorem
1696 1428 1875 1468 suum.

581 1509 671 1564 IX.
705 1508 940 1564 Alterius
964 1508 1138 1563 adhuc
1164 1506 1290 1562 facti
1320 1503 1587 1567 meminit,
1608 1500 1926 1557 insimulans
1951 1515 2089 1571 qua-

510 1606 555 1661 si
594 1603 905 1666 ldumacum,
938 1609 999 1657 ttt
1038 1599 1127 1669 qui
1164 1612 1377 1668 semper
1420 1594 1581 1649 fuerit
1618 1593 1845 1648 stolidus
1880 1600 1935 1648 et
1982 1593 2087 1647 im-

509 1695 735 1766 probus,
774 1701 828 1746 et
861 1687 1278 1758 consanguineis
1302 1686 1462 1742 etiam
1515 1694 1677 1755 atque
1709 1683 1869 1738 etiam
1916 1682 2088 1739 male-

510 1788 661 1844 volus
701 1796 862 1857 atque
890 1783 1307 1839 infestissimus.
1344 1779 1532 1836 Exstat
1561 1779 1723 1851 igitur
1752 1778 1803 1833 in
1839 1776 2089 1833 Numeris

1542 396 1601 451 S.
1644 392 1925 449 CYRILLI
1964 389 2438 447 ALEXANDRINI
2477 389 2799 445 ARCHIEP.

3674 382 3778 448 632

2280 503 2614 575 Ἐνσχεθεῖεν
2662 503 2709 557 δ’
2748 503 2815 556 ἂν
2845 501 2958 565 τοῖς
3003 500 3138 565 ἴσοις
3183 499 3525 573 ἐγκλήμασιν
3567 502 3619 554 0’.
3668 502 3778 556 τῶν

2192 595 2473 668 σαρκικῶν
2504 595 2602 667 τήν
2627 596 2927 649 ἀπόλαυσιν
2950 594 3344 667 προτάττοντες
3380 596 3491 649 τῶν
3536 612 3776 667 πνευμα-

2191 688 2378 750 τικῶν,
2398 688 2494 743 καὶ
2518 689 2674 742 ἀνθαι
2683 687 2777 758 ρού
2786 702 2939 757 μενοι
2955 687 3066 742 τῶν
3088 688 3323 742 αἰωνίων
3349 688 3417 742 τὰ
3442 689 3778 761 πρόσκαιρα,

2192 781 2287 835 καὶ
2314 780 2422 833 τῶν
2457 781 2531 852 μὴ
2574 779 2953 851 σαλευομένων
2983 780 3050 834 τὰ
3082 780 3439 851 σαλευόμενα.
3469 782 3580 835 Kal
3610 800 3779 836 κατα-

2193 874 2513 946 φρονοῦντες
2548 872 2644 943 μέν
2672 871 2831 941 δόξης
2850 870 2952 941 τῆς
2981 870 3133 942 παρὰ
3159 870 3317 933 Θεοῦ,
3353 870 3690 925 ἀϐουλότατά
3719 889 3776 926 τε

2193 962 2659 1036 προτετιμηκότες
2691 962 2760 1015 τὰ
2796 962 2855 1015 ἐν
2892 961 3202 1033 ἀνθρώποις
3234 961 3484 1033 λαμπρὰ,
3523 962 3560 1015 ἃ
3595 963 3690 1016 καὶ
3720 964 3776 1015 ἐν

2193 1054 2293 1123 ἴσῳ
2328 1054 2508 1115 σκιαῖς
2535 1049 2870 1122 παρελαύνει
2909 1052 3037 1114 τοὺς
3080 1050 3329 1121 ἔχοντας.
3375 1050 3682 1121 Χρησίμως
3722 1052 3776 1105 δέ

2189 1144 2310 1197 λίαν
2338 1144 2433 1197 καὶ
2461 1143 2489 1196 ό
2523 1142 2813 1205 θεσπέσιος
2841 1141 3081 1205 Παῦλος,
3122 1160 3141 1193 ι
3165 1142 3256 1212 Μή
3291 1158 3377 1204 τις
3416 1140 3637 1212 πόρνος,
3673 1160 3774 1212 φη-

2192 1233 2355 1305 σὶν,ῆ
2388 1233 2614 1305 βέϐηλος
2642 1232 2922 1297 ὼςἨσαῦ,
2948 1231 3008 1296 ὃς
3050 1231 3172 1286 ἀντὶ
3219 1230 3473 1305 βρώσεως
3509 1233 3639 1303 μιᾶς
3674 1234 3775 1287 ἀπ-

2189 1327 2339 1380 έδοτο
2367 1327 2436 1380 τά
2458 1325 2779 1397 πρωτότοκα
2808 1323 2994 1379 αὑτοῦ.
3012 1348 3030 1382 ι

2265 1416 2376 1473 Kal
2412 1418 2694 1487 ἣρπασεν
2725 1417 3174 1487 είςιμαρτύριον
3209 1418 3432 1486 φρίκην
3459 1418 3669 1472 αὑτοῦ.

2259 1512 2339 1565 Θ’.
2383 1510 2611 1582 Ἐτέρας
2640 1510 2805 1565 πάλιν
2834 1508 3205 1582 διαμέμνηται
3236 1509 3512 1581 πράξεως,
3558 1510 3771 1566 διαϐἁλσ

2193 1603 2303 1657 λων
2333 1597 2444 1655 οἷον
2486 1603 2578 1656 τὸν
2616 1602 2934 1671 Ἴδουμαῖον,
2956 1601 3033 1665 ὡς
3072 1603 3160 1655 ἀεὶ
3197 1601 3459 1669 γεγονότα
3497 1603 3686 1656 σκαιόν
3717 1618 3771 1656 τε

2189 1691 2285 1746 καὶ
2325 1690 2583 1763 πονηρὸν,
2605 1691 2701 1744 καὶ
2735 1693 2845 1755 τοῖς
2876 1691 2935 1755 ἐξ
2969 1690 3203 1761 αἵματος
3245 1692 3326 1744 ὅτι
3371 1689 3611 1761 μάλιστα
3650 1692 3770 1744 δυσ-

2193 1782 2326 1853 μενῆ
2386 1783 2483 1837 καὶ⁵
2523 1780 2948 1852 πολεμιώτατον.
2992 1781 3306 1854 Γέγραπται
3344 1781 3526 1836 τοίνυν
3566 1783 3628 1835 ἐν
3666 1785 3767 1846 τοῖς

508 1880 663 1935 siczc
702 1878 770 1933 Et
818 1877 965 1933 misit
995 1874 1207 1945 Moyses
1243 1872 1459 1928 nuntios
1479 1886 1545 1926 ex
1578 1869 1753 1926 Gades
1796 1869 1861 1924 ad
1907 1882 2086 1939 regem

2204 1873 2355 1945 ’Δριθ
2363 1875 2504 1944 μοῖς·
2517 1892 2537 1926 t
2549 1874 2660 1928 Kal
2682 1873 2969 1928 ἀπέστειλε
2994 1874 3201 1945 Μωσῆς
3232 1873 3499 1942 ἀγγέλους
3514 1874 3579 1927 ἐκ
3592 1875 3771 1944 Κάδης

508 1968 702 2033 ΕιΙοηι,
744 1967 957 2023 dicens:
980 1965 1103 2019 Haec
1132 1962 1291 2035 261
1327 1961 1459 2017 dicit
1494 1961 1662 2018 frater
1700 1970 1824 2017 tuus
1869 1960 2035 2016 Israel
2064 1978 2079 2016 :

507 2061 587 2115 'l‘u
627 2060 734 2115 scis
761 2071 973 2113 omnem
1012 2054 1250 2109 laborem
1277 2053 1370 2123 qui
1398 2051 1603 2109 invenit
1626 2066 1744 2110 nos.
1773 2051 1840 2107 Et
1861 2052 2087 2108 descen-

506 2154 700 2205 derunt
722 2157 905 2219 patres
937 2145 1108 2201 nostri
1138 2144 1191 2199 in
1215 2143 1533 2215 ABgyptum,
1558 2158 1615 2200 et
1639 2142 2002 2200 habitavimus
2030 2142 2083 2197 in

504 2240 738 2313 Egypto
774 2240 890 2295 dies
935 2236 1138 2308 plures,
1166 2244 1221 2291 et
1250 2234 1555 2290 afﬂixerunt
1605 2248 1705 2289 nos
1752 2231 1991 2305 Egyptii
2030 2243 2087 2289 et

505 2318 688 2402 patres
711 2340 947 2395 nostros,
977 2335 1033 2384 et
1055 2325 1409 2383 clamavimus
1438 2327 1504 2381 ad
1539 2326 1845 2392 Dominum,
1869 2334 1923 2380 et
1949 2325 2084 2381 edu-

506 2424 585 2478 xit
612 2436 732 2489 nos,
750 2429 805 2477 et
828 2434 969 2475 nunc
995 2418 1389 2488 praeteribimus
1413 2432 1509 2488 per
1542 2425 1739 2472 terram
1765 2426 1932 2471 tuam.
1965 2416 2084 2472 Non

508 2514 858 2571 transibimus
882 2524 979 2583 per
1026 2525 1205 2581 agros,
1242 2523 1417 2579 neque
1438 2522 1534 2579 per
1557 2510 1766 2575 vineas,
1795 2522 1969 2576 neque
1999 2507 2085 2563 bi-

502 2608 694 2661 bemus
734 2617 928 2675 aquam
962 2616 993 2657 e
1021 2602 1140 2656 lacu
1199 2609 1311 2655 tuo.
1352 2599 1419 2655 Et
1446 2599 1580 2654 dixit
1616 2601 1682 2654 ad
1713 2614 1837 2653 eum
1872 2598 2036 2653 Edom
2067 2615 2081 2653 :

503 2695 621 2751 Non
672 2692 925 2751 transibis
958 2705 1056 2762 per
1101 2704 1206 2756 me,
1259 2688 1460 2759 alioqui
1503 2696 1742 2743 armatus
1800 2700 2083 2743 occurram

504 2784 623 2839 tibi.
651 2783 719 2838 Et
740 2783 872 2840 exiit
904 2782 957 2837 in
989 2780 1147 2834 turba
1172 2779 1346 2847 gravi.
1384 2776 1453 2831 Et
1484 2776 1775 2832 declinavit
1806 2775 1972 2831 Israel
2010 2777 2078 2830 ab

499 2890 567 2932 eo
601 2876 702 2929 ⁸⁸.»
733 2874 968 2930 Rursum
1002 2873 1089 2928 his
1117 2871 1298 2928 verbis
1321 2883 1575 2940 expressa
1606 2870 1818 2924 intuere
1856 2868 2081 2932 atrocia,

499 2976 556 3023 ει
581 2981 741 3036 supra
758 2980 917 3035 quam
943 2964 1045 3019 dici
1074 2972 1246 3034 potest
1279 2961 1684 3017 inbumanitatis
1713 2960 1869 3029 plena
1902 2960 2085 3014 crimi-

501 3074 590 3112 na.
635 3057 802 3112 Israel
836 3071 968 3113 non.
994 3055 1211 3126 petebat
1245 3054 1524 3125 aquautab
1558 3053 1723 3108 Edom
1769 3052 1958 3123 gratis.
1984 3052 2085 3107 Ast

502 3147 613 3215 ille,
646 3147 820 3202 armis
849 3147 1097 3215 sumptis,
1124 3147 1292 3200 aciem
1344 3156 1528 3199 contra
1563 3158 1658 3200 eos
1704 3142 1997 3214 dirigebat,
2029 3152 2084 3197 et

2194 1964 2331 2036 πρὸς
2362 1964 2456 2019 τὸν
2487 1964 2714 2035 βασιλέα
2756 1964 2951 2036 Ἐδὼμ,
2982 1964 3176 2035 λέγων’
3212 1965 3351 2019 Τάδε
3382 1965 3531 2034 λέγει
3554 1968 3586 2020 ό
3624 1966 3777 2021 ἀδελο

2192 2056 2291 2125 φός
2333 2072 2429 2109 σου
2472 2056 2723 2128 ’1σραήλ’
2758 2056 2831 2110 Σὺ
2870 2056 3068 2127 ἐπίστῃ
3111 2056 3204 2109 ἐπὶ
3244 2057 3423 2111 πάντα
3452 2057 3545 2112 τὸν
3575 2058 3779 2129 μόχθον

2190 2144 2283 2199 τὸν
2307 2144 2537 2215 εὑρόντα
2575 2146 2746 2216 ἡμᾶς.
2779 2145 2889 2200 Kal
2914 2144 3224 2215 κατέϐησαν
3250 2147 3301 2199 οί
3335 2147 3574 2220 πατέρες
3614 2148 3777 2219 ’ἡμῶν

2191 2232 2273 2297 είς
2303 2234 2601 2302 Αἴγυπτον,
2630 2236 2725 2289 καὶ
2750 2235 3169 2307 παρῳκήσαμεν
3202 2236 3262 2289 ἐν
3281 2236 3539 2307 Αἰγύπτῳ
3559 2239 3779 2309 ήμέρας

2192 2324 2428 2390 πλείους.
2462 2327 2571 2381 Καὶ
2598 2328 2888 2383 ἐκάκωσαν
2919 2331 3068 2401 ἡμᾶς
3095 2330 3145 2382 oi
3170 2328 3452 2399 Αἰγύπτιοι
3498 2331 3595 2385 καὶ
3642 2333 3777 2394 τοὺς

2191 2417 2436 2488 πατέρας
2466 2418 2643 2490 ἡμῶν.
2681 2419 2789 2473 Kal
2818 2419 3197 2492 ἀνεϐοήσαμεν
3230 2420 3365 2492 πρὸς
3399 2420 3626 2490 Κύριον,
3676 2422 3779 2476 καὶ

2193 2506 2469 2579 ἐξήγαγεν
2495 2509 2662 2580 ἡμᾶς.
2698 2511 2811 2565 Kal
2828 2509 2925 2565 νῦν
2952 2510 3401 2583 παρελευσόμεθα
3424 2511 3513 2566 διὰ
3541 2511 3644 2583 τῆς
3670 2512 3775 2582 γῆς

2193 2617 2307 2654 σου.
2345 2602 2420 2655 Οὐ
2450 2602 2835 2675 διελευσόμεθα
2854 2602 2922 2657 δι’
2946 2603 3151 2675 ἀγρῶν,
3176 2604 3300 2657 ούδέ
3319 2604 3387 2657 δι’
3410 2603 3773 2675 ἀμπελώνων,

2190 2690 2311 2745 οὐδὲ
2340 2692 2583 2763 πιόμεθα
2609 2692 2753 2765 ’ύδωρ
2788 2694 2852 2747 ἐκ
2885 2694 3088 2747 λάκκου
3134 2711 3249 2747 σου.
3296 2694 3406 2747 Καὶ
3442 2690 3596 2747 εἶπεν
3627 2694 3775 2764 αὐτῷ

2203 2784 2399 2855 Ἐδώμ·
2432 2787 2507 2839 Ού
2551 2785 2797 2859 διελεύσῃ
2836 2787 2908 2841 δι’
2939 2786 3099 2859 ἐμοῦ,
3150 2788 3201 2840 εἰ
3236 2787 3293 2841 δέ
3324 2787 3424 2858 μὴ,
3464 2787 3524 2841 ἐν
3554 2787 3775 2858 πολέμῳ

2190 2874 2545 2948 ἐξελεύσομαι
2600 2879 2682 2943 είς
2734 2878 3057 2949 συνάντησίν
3116 2895 3232 2931 σου.
3293 2878 3405 2932 Kal
3450 2876 3677 2950 ἐξῆλθεν
3717 2881 3773 2932 ἐν

2189 2965 2333 3038 ὄχλῳ
2364 2966 2540 3039 βαρεῖ.
2607 2968 2667 3022 '0
2722 2969 2779 3022 δὲ
2834 2968 3053 3040 Ἰσραὴλ
3079 2968 3351 3036 ἐξέκλινεν
3395 2969 3492 3023 ἀπ’
3532 2969 3722 3025 αὐτοῦ.
3748 2988 3767 3022 ι

2152 3076 2153 3079 η
2192 3058 2386 3130 ’Λθρει
2429 3059 2493 3131 δὴ
2544 3059 2707 3114 πάλιν
2763 3060 2822 3113 ἐν
2866 3060 3099 3128 τούτοις,
3145 3060 3223 3125 ὡς
3268 3060 3416 3115 δεινά
3488 3063 3588 3116 καὶ
3633 3061 3770 3133 πέρα

2189 3149 2349 3220 λόγου
2394 3152 2597 3215 παντὸς
2636 3152 2707 3205 τά
2743 3152 2844 3223 τῆς
2881 3153 3303 3225 ἀφιλοστοργίας
3328 3154 3676 3227 ἐγκλήματα.
3716 3157 3769 3210 '0

488 3240 674 3297 solum
711 3240 997 3297 transitum
1045 3239 1291 3308 improbe
1320 3238 1611 3303 invidebat,
1651 3250 1823 3307 eoque
1875 3235 2086 3290 stolidi-

2191 3243 2290 3313 μὲν
2333 3244 2442 3315 γὰρ
2490 3244 2724 3317 Ἰσραὴλ,
2774 3247 2874 3299 οὐκ
2912 3246 3223 3318 ἀνάργυρον
3264 3247 3409 3318 ὕδωρ
3450 3248 3636 3320 ἐζήτει
3681 3250 3772 3304 τὸν

502 3333 627 3389 tatis
644 3345 983 3402 progressum
1002 3330 1318 3399 apparebat,
1336 3338 1393 3383 ut
1421 3328 1523 3384 nisi
1549 3328 1869 3383 declinassct
1897 3326 2081 3390 Israel,

490 3439 602 3480 nec
640 3422 886 3491 sanguini
925 3436 1111 3477 eorum
1142 3435 1402 3491 parsurus
1431 3421 1613 3475 fuerit.
1643 3438 1660 3471 ι
1699 3419 1895 3489 Rapuit
1923 3419 2087 3488 igitur

491 3514 554 3568 ‘in
589 3512 957 3568 testimonium
1014 3510 1292 3565 horrorem
1333 3524 1508 3565 suum.
1533 3528 1551 3562 ι
1588 3508 1665 3563 Illi
1716 3510 1859 3563 enim
1899 3523 2085 3577 preca-

492 3607 698 3661 bantur
722 3612 779 3659 et
797 3600 1258 3658 contrahebantur
1282 3600 1480 3654 animis
1502 3599 1853 3655 formidantes
1895 3611 2085 3651 manus

499 3708 807 3760 conserere,
860 3708 927 3748 ne
977 3692 1296 3749 charitatem
1349 3692 1401 3745 in
1457 3692 1654 3746 fratres
1693 3690 2086 3760 ﬂoccipendere

498 3786 831 3843 viderentur.
854 3787 923 3840 At
958 3784 1062 3840 iste
1092 3785 1515 3840 contractionem
1558 3782 1724 3849 illam,
1765 3783 1879 3837 sive
1928 3781 2086 3850 hujus

500 3879 578 3935 rei
618 3873 1178 3948 fortnidinem(quam
1206 3875 1448 3931 horroris
1489 3874 1753 3930 vocabulo
1790 3875 2082 3944 signiﬁcat)

502 3971 654 4024 durae
700 3969 853 4038 quasi
881 3967 1275 4025 testificationis
1316 3968 1369 4021 in
1400 3966 1521 4021 illos
1539 3968 1877 4020 occasionem
1908 3966 2082 4020 facie-

501 4060 612 4116 bat.
647 4058 879 4116 Minatus
907 4068 994 4117 est
1038 4060 1182 4115 enim
1236 4058 1494 4128 graviter,
1534 4057 1634 4111 nisi
1666 4054 1831 4112 Israel
1871 4056 1938 4109 ab
1967 4056 2084 4126 ejus

504 4149 699 4207 finibus
726 4152 1021 4218 recederet,
1062 4165 1120 4207 se
1151 4150 1317 4205 armis
1362 4150 1537 4220 ipsum
1579 4147 1951 4218 depulsurum.
1995 4146 2079 4201 Ab

500 4264 685 4306 amore
716 4250 879 4320 igitur
900 4259 1088 4306 mutuo
1120 4250 1327 4306 alienus
1357 4248 1551 4315 Edom,
1576 4258 1631 4304 et
1658 4248 1764 4304 odii
1796 4248 1849 4302 in
1881 4246 2083 4302 fratres

501 4360 758 4416 perquam
788 4360 913 4400 reus
927 4344 1055 4410 fuit,
1078 4343 1309 4414 ideoque
1349 4358 1456 4398 non
1487 4340 1681 4411 injuria
1710 4342 1820 4397 Deo
1850 4341 2079 4395 invisus.

507 4435 696 4492 (Deus
737 4436 882 4492 enitn
929 4435 1169 4491 cbaritas
1204 4444 1307 4499 est,
1340 4453 1359 4487 ι
1380 4434 1534 4504 juxta
1569 4434 1792 4489 verbum
1834 4431 2079 4499 Joannis,

504 4546 525 4579 ‹
554 4538 609 4582 ει
640 4527 733 4597 qui
773 4535 956 4583 manet
989 4528 1048 4581 in
1089 4526 1377 4591 charitatc,
1410 4526 1462 4579 in
1494 4525 1605 4580 Deo
1646 4531 1827 4577 manet
1849 4522 1949 4577 ²⁹.›
1977 4522 2078 4590 Qui

2200 3334 2402 3407 Ἐδώμ⁹
2440 3336 2469 3389 ό
2518 3332 2677 3408 δὲῆν
2722 3338 2781 3392 ἐν
2828 3337 3033 3406 ὅπλοις,
3084 3339 3180 3392 καὶ
3236 3341 3619 3411 παρετάττετο,
3671 3341 3768 3394 καὶ

2190 3427 2358 3498 μόνης
2411 3428 2645 3499 παρόδου
2701 3428 2968 3498 διεφθόνει
3030 3431 3251 3497 κακῶς,
3329 3434 3428 3486 καὶ
3475 3434 3551 3496 είς
3604 3433 3762 3487 τοῦτο

2189 3518 2507 3588 σκαιότητος
2541 3519 2742 3583 ἐλάσας
2768 3520 3103 3591 διηλέγχετο,
3134 3522 3210 3587 ὡς
3240 3523 3288 3576 εί
3327 3523 3402 3593 μὴ
3448 3523 3762 3578 ἐκκέκλικεν

2186 3607 2215 3660 ὁ
2250 3607 2484 3679 Ἰσραὴλ,
2510 3608 2620 3662 οὐδ’
2656 3610 2723 3664 ἂν
2748 3610 2934 3665 αὐτῶν
2958 3611 3209 3683 αἱμάτων
3247 3614 3527 3682 ἐφείσατο.
3582 3633 3601 3667 ι
3632 3617 3770 3689 Ἦρ-

2187 3716 2326 3752 πασε
2355 3700 2534 3753 τοίνυν
2564 3702 2645 3764 είς
2679 3703 2987 3774 μαρτυρίαν
3016 3705 3221 3776 φρίκην
3260 3706 3447 3760 αὑτοῦ.
3480 3727 3501 3761 ι
3558 3710 3625 3761 Ol
3674 3709 3769 3780 μὲν

2185 3789 2294 3860 γὰρ
2370 3791 2716 3864 παρῃτοῦντο
2777 3794 2871 3847 καὶ
2927 3795 3352 3863 ύπεστέλλοντο,
3396 3797 3459 3851 τὸ
3513 3799 3767 3871 πολεμεῖν

2184 3880 2436 3945 δεδιότες,
2488 3882 2576 3935 ἵνα
2608 3882 2684 3953 μὴ
2729 3885 2828 3954 τῆς
2864 3887 2945 3951 είς
2988 3887 3253 3958 ἀδελφοὺς
3294 3888 3505 3943 δοκοῖεν
3554 3890 3758 3958 ἀλογείν

2184 3971 2424 4043 ἀγάπης.
2471 3972 2529 4026 '0
2568 3972 2627 4026 δέ
2670 3974 2768 4045 τὴν
2808 3975 3129 4049 ὑποστολὴν,
3170 3980 3290 4050 ἦτοι
3334 3978 3433 4050 τὴν
3481 3981 3566 4045 είς
3614 3981 3762 4035 τοῦτο

2183 4063 2404 4129 δειλίαν,
2442 4066 2509 4137 ἢν
2556 4067 2653 4120 καὶ
2681 4065 2757 4137 τῷ
2800 4067 2900 4137 τῆς
2944 4071 3147 4141 φρίκης
3190 4072 3410 4140 ὀνόματι
3453 4072 3765 4144 καταδηλοί⁹

2185 4156 2460 4227 πρόφασιν
2511 4156 2750 4209 ἐποιεῖτο
2818 4156 3061 4229 σκληρᾶς
3117 4160 3307 4233 ὥσπερ
3367 4162 3769 4233 διαμαρτυρίας

2184 4247 2387 4309 αὐτοῖς.
2434 4240 2726 4319 Ἠπείλησε
2759 4248 2866 4318 γάρ
2887 4250 3155 4321 ἐναργῶς,
3189 4251 3264 4315 ὠς
3298 4252 3347 4303 εἰ
3385 4252 3460 4323 μὴ
3497 4252 3772 4323 βούλοιντο

2182 4337 2291 4392 τῶν
2324 4337 2472 4408 αύτῷ
2507 4338 2894 4410 προσηκόντων
2930 4341 3094 4411 ὁρίων
3134 4342 3455 4413 ἀποφοιτᾷν,
3485 4342 3770 4407 ἐξελεύσε-

2182 4448 2271 4485 ται
2310 4431 2429 4485 κατ’
2477 4432 2668 4487 αὑτοῦ.
2706 4433 2916 4487 Ούκοῦν
2952 4434 3315 4506 ἀφιλάλληλος
3343 4436 3370 4489 ό
3407 4433 3619 4504 Ἐδὼμ,
3668 4434 3769 4488 καὶ

2182 4525 2296 4586 τοῖς
2323 4523 2423 4593 τῆς
2450 4524 2811 4595 μισαδελφίας
2834 4526 3179 4598 ἐγκλήμασιν
3201 4528 3263 4581 οὐ
3296 4526 3531 4599 μετρίως
3556 4526 3767 4597 ἔνοχος.

495 4633 629 4692 ergo
656 4620 939 4677 charitatis
972 4633 1166 4689 expers
1209 4619 1374 4671 vitam
1427 4615 1623 4686 degere
1666 4613 1917 4678 instituit,
1971 4629 2075 4669 non

2188 4584 2464 4685 Ταύτῃτοί
2483 4584 2708 4681 δικαίως
2733 4584 2829 4670 καὶ
2855 4584 2975 4688 Θεῷ
2992 4584 3494 4691 κατεστυγημένος.
3512 4584 3549 4669 ⁷ι
3573 4619 3634 4671 Ὀ

500 4712 553 4766 in
608 4713 716 4767 Deo
769 4710 1025 4776 confidit,
1084 4709 1176 4765 sed
1224 4708 1402 4779 potius
1444 4714 1597 4761 extra
1638 4702 1731 4759 Dei
1780 4702 2075 4759 amicitiam

497 4807 634 4859 situs
665 4811 771 4861 est.

2182 4704 2314 4770 Θεὸς
2344 4707 2534 4778 ἀγάπη
2563 4708 2700 4773 ἐστὶ,
2726 4728 2745 4761 ι
2790 4710 2931 4763 κατά
2957 4711 3055 4783 τὴν
3087 4712 3335 4765 Ἰωάννου
3365 4712 3574 4783 φωνὴν,
3612 4728 3632 4761 ι
3664 4711 3768 4763 καὶ

2180 4798 2208 4850 ὁ
2244 4796 2421 4868 μένων
2454 4801 2513 4852 ἐν
2540 4803 2606 4872 τῇ
2646 4801 2854 4873 ἀγάπῃ,
2884 4804 2942 4855 ἐν
2966 4802 3043 4874 τῷ
3072 4802 3190 4875 Θεῷ
3228 4804 3399 4875 μένει.
3431 4821 3451 4856 ι
3490 4802 3704 4858 υύκοῦν
3738 4803 3772 4856 ὁ

494 4898 719 4970 ἀγάπης
749 4895 872 4967 δίχα
930 4895 1121 4965 διαζῇν
1170 4892 1466 4966 ᾑρημένος,
1509 4890 1610 4945 οὐκ
1659 4890 1717 4942 ἐν
1752 4887 1830 4959 τῷ
1895 4886 2018 4959 Θεῷ
2086 4889 2368 4956 πέποιθεν,
2422 4894 2541 4948 ἀλλ’
2589 4894 2696 4960 ἔξω
2744 4896 2981 4952 κείσεται
3034 4898 3235 4969 μᾶλλον
3288 4899 3388 4971 τῆς
3445 4899 3585 4970 πρὸς
3634 4898 3775 4953 Θεὸν

494 4991 851 5062 οἰκειότητος.

570 5086 636 5141 Et
665 5088 918 5156 impetum
955 5099 1107 5138 suum
1134 5081 1355 5137 servavit
1394 5082 1445 5133 in
1479 5080 1886 5134 contentionem.

570 5178 640 5235 Χ.
672 5179 914 5235 Tertium
959 5179 1059 5232 hoc
1095 5185 1179 5232 cst
1227 5175 1568 5228 Esauitarum
1605 5182 1909 5243 peccatum.
1971 5169 2078 5225 Iut-

497 5279 677 5339 petum
731 5272 874 5326 enim
909 5270 1074 5339 ipsius
1114 5267 1276 5331 Esau,
1312 5263 1379 5318 ad
1416 5263 1598 5320 odium
1631 5260 1876 5317 videlicet
1900 5269 1955 5314 et
1981 5259 2082 5315 im-

496 5359 747 5425 pietatem
788 5366 1093 5423 servarunt,
1126 5368 1294 5425 usque
1333 5352 1459 5408 dum
1510 5352 1805 5417 vincerent,
1843 5360 2076 5419 semper.

497 5446 817 5515 Neutiquam
862 5450 1006 5504 enim
1064 5447 1270 5503 scelera
1325 5452 1544 5512 patrare
1579 5440 1877 5505 desierunt,
1906 5454 2083 5509 quan-

498 5550 660 5604 quam
690 5536 833 5590 Esau
866 5547 1101 5594 veterem
1149 5536 1295 5593 illam
1348 5533 1678 5603 impietatem
1715 5544 1866 5586 suam
1917 5529 2083 5599 depo-

499 5629 689 5697 suerit,
722 5636 777 5684 ct
821 5627 990 5684 Jacob
1028 5629 1152 5685 odio
1199 5626 1451 5698 prosequi
1516 5623 1760 5691 desierit,
1794 5621 2082 5693 potiusque

573 5805 616 5838 ⁸⁷
660 5802 821 5860 Hebr.
856 5816 951 5869 xu,
990 5799 1075 5854 I6.
1153 5801 1197 5833 ’⁸
1224 5799 1379 5856 Num.
1424 5814 1514 5867 xx,
1559 5799 1743 5853 ιιι-ει.

2254 5076 2365 5131 Καὶ
2389 5076 2455 5130 τό
2484 5076 2721 5147 ὅρμημα
2746 5080 2933 5134 αὐτοῦ
2966 5080 3274 5149 ἐφύλαξεν
3304 5085 3393 5149 είς
3412 5083 3638 5152 νεῖκος.

2256 5166 2313 5220 I'.
2355 5165 2551 5237 Τρίτον
2588 5167 2652 5236 δὴ
2691 5167 2850 5221 τοῦτο
2900 5170 3010 5223 τῶν
3061 5170 3120 5235 ἐξ
3162 5170 3334 5226 Ἠσαῦ
3366 5173 3778 5247 πλημμέλημα.

2179 5253 2253 5307 Τὸ
2282 5253 2391 5325 γὰρ
2424 5255 2655 5325 ὅρμημα
2688 5255 2877 5320 αὐτοῦ,
2906 5259 2966 5311 τὸ
2999 5259 3134 5329 πρὸς
3155 5260 3358 5332 ἔχθραν
3398 5262 3643 5333 δηλονότι
3679 5266 3783 5320 καὶ

2178 5347 2522 5417 ἀνοσιότητα,
2558 5345 2831 5415 ἐφύλαξαν
2864 5351 2944 5414 είς
2968 5352 3268 5421 ἐκνίκησιν,
3307 5352 3401 5404 καὶ
3446 5353 3612 5425 μέχρι
3637 5371 3783 5409 παν-

2178 5434 2291 5498 τός.
2322 5435 2642 5508 Κατέληξαν
2672 5438 2780 5509 γὰρ
2819 5439 3072 5511 οὐδαμῶς
3095 5441 3205 5494 τῶν
3237 5440 3469 5495 ἀνοσίων
3512 5443 3783 5513 ἐγχειρηο

2184 5526 2390 5596 μάτων,
2436 5527 2614 5581 καίτοι
2653 5528 3122 5600 ἀποφοιτήσαντος
3162 5531 3264 5603 ήδη
3318 5531 3411 5585 τοῦ
3454 5532 3634 5587 Ἠσαῦ
3681 5536 3785 5605 τῆς

2180 5618 2413 5689 ἀρχαίας
2446 5620 2662 5693 ἐκείνης
2690 5622 3055 5695 ἀνοσιότητος,
3096 5624 3190 5679 καὶ
3224 5624 3496 5695 φονῶντος
3532 5625 3641 5695 μὲν
3680 5626 3786 5682 οὐκ

1857 5801 1900 5834 ’³
1936 5800 1951 5853 I
1983 5797 2139 5855 Joan.
2172 5812 2246 5865 tv,
2290 5796 2374 5851 16.
