4054 6274
287 432 398 494 ῶὸ

1250 426 1795 486 COMMENTARIUS
1834 430 1899 486 IN
1937 431 2122 488 ΑΜΟὸ
2161 433 2599 491 ΡΒΟΡΗΕΤΑΜ.

3435 443 3543 500 ιδι

292 550 376 606 ἐτι
395 547 538 605 κατά
563 545 657 601 τοῦ
673 543 888 609 Ἰακὼϐ,
920 540 1370 616 μετατεθειμένου
1399 543 1456 596 δὲ
1485 543 1684 615 μᾶλλον
1704 546 1783 609 είς
1807 547 1868 615 ἠ-

1977 548 2038 602 ad
2071 549 2342 606 lenitatem
2370 564 2688 616 conversus,
2719 556 2912 604 mutuo
2948 550 3094 606 illum
3131 550 3402 606 dilexerit.
3438 553 3544 609 lle-

295 642 590 716 μερότητα,
629 638 723 692 καὶ
743 632 1166 706 φιλαλλ[ηλ]ίαν.
1197 633 1620 705 Ἐπιστρέφοντα
1651 633 1760 705 γὰρ
1780 635 1870 686 ’ὲκ

291 735 391 804 τῆς
416 731 603 786 Λάόαν
625 728 834 793 ἑστίας,
848 727 1239 799 κατησπάσατο
1262 725 1398 796 μετά
1411 725 1709 796 κλαυθμοῦ.
1725 725 1873 778 Φιλεῖ

290 821 350 876 δέ
368 838 472 874 που
503 819 598 874 καὶ
619 819 740 881 ταῖς
762 817 901 886 ἀγαν
929 815 1214 887 εὐθυμίαις
1237 815 1590 886 ἐκχεῖσθαιτὺ
1614 814 1866 887 δάκρυον.

292 911 530 983 Σκληροὶ
569 910 626 964 δὲ
659 908 778 963 λίαν
801 909 850 961 οἱ
879 907 939 972 ἐξ
971 906 1158 969 αὑτοῦ,
1205 909 1274 978 τῇ
1308 907 1415 960 τῶν
1440 906 1656 978 τρόπων
1688 905 1872 960 σκαιό-

290 1019 416 1074 τητι
472 1001 566 1054 καὶ
611 996 783 1068 αὐτὴν
823 995 1255 1067 ὑπερϐαλόμενοι
1298 996 1398 1066 τὴν
1450 995 1545 1049 τοῦ
1603 994 1869 1066 προγόνου

295 1092 630 1164 φαυλότηταο
685 1088 800 1144 ἀλλ’
851 1087 999 1141 ἐστιν
1048 1086 1269 1156 ἀληθὲς,
1321 1087 1405 1141 ὅτι
1447 1087 1632 1158 Πάντη
1659 1104 1720 1140 τε
1774 1087 1871 1141 καὶ

293 1185 518 1248 πάντως
570 1181 680 1237 ὁδοὶ
729 1179 1082 1252 μνησικάκων
1149 1179 1230 1244 είς
1295 1177 1542 1236 θάνατον.
1601 1178 1868 1251 Ταύτῃτοί

295 1295 465 1349 φησιν
484 1293 499 1309 ⁹
1543 1265 1601 1343 ’.ν

290 1370 295 1376 “
361 1369 477 1422 Καὶ
513 1364 900 1431 ἐξαποστελῶ
925 1365 1047 1435 πῦρ
1077 1366 1166 1431 εις
1197 1361 1444 1434 Θαιμᾶν,
1479 1361 1582 1418 και
1609 1361 1871 1435 καταφά-

293 1477 462 1531 γεται
487 1458 728 1528 θεμέλια
755 1457 1004 1529 τειχέων
1024 1456 1237 1526 αὐτῆς.

363 1551 467 1606 IA'.
510 1549 858 1622 Μητρόπολις
890 1549 948 1603 δὲ
989 1548 1091 1620 τῆς
1149 1547 1453 1620 Ἰδουμαίας
1492 1545 1659 1620 αὖττγ
1699 1547 1872 1620 ἐμπέ-

298 1659 535 1716 πρησται
565 1641 671 1713 γὰρ
705 1640 976 1712 πολεμίων
1007 1638 1445 1711 κεκρατηκότων,
1473 1637 1568 1692 καὶ
1589 1638 1725 1710 όμοῦ
1750 1642 1887 1716 ταῖς,

297 1736 490 1798 ἄλλαις
543 1732 794 1787 διόλωλεν
842 1731 876 1802 ή
919 1731 1155 1802 Θαιμάν.
1221 1729 1629 1800 Ἐκτελευτήσει
1671 1729 1735 1793 δὴ
1775 1725 1870 1785 οὖν

295 1826 379 1888 εἰς
417 1822 525 1895 πῦρ
571 1839 632 1875 τε
682 1821 777 1875 καὶ
826 1820 1032 1890 φλόγας
1081 1819 1140 1874 τὺ
1187 1822 1364 1888 μισεῖν
1407 1819 1707 1888 ἀδελφοὺς,
1774 1821 1868 1874 καὶ

295 1913 787 1981 κατεξανίστασθαι
833 1911 940 1964 τῶν
997 1911 1056 1977 ἐξ
1104 1911 1357 1981 αἵματος,
1415 1910 1448 1982 ἢ
1509 1910 1600 1964 καὶ
1652 1909 1763 1964 τῶν
1809 1910 1871 1976 ἐξ

299 2007 626 2078 οἰκειότητος
664 2003 1041 2074 πνευματικῆς
1083 2001 1512 2072 συνειλεγμένων
1565 2003 1644 2065 εἰς
1677 2001 1872 2055 ἕνωσιν

299 2097 391 2151 καὶ
418 2096 742 2167 ὁμοψυχίαν.
785 2093 1158 2164 Ἀπήλλακται
1181 2091 1238 2145 δὲ
1269 2090 1378 2146 τῶν
1401 2092 1658 2146 τοιούτων
1684 2092 1754 2146 τὰ
1774 2092 1873 2169 τῆς

295 2188 519 2256 ἀγάπης
545 2185 860 2256 αὐχήματα.

376 2277 521 2331 Τάδε
541 2276 700 2345 λέγει
727 2277 939 2344 Κύριος
964 2291 979 2308 ο
1026 2275 1150 2329 Ἐπὶ
1182 2273 1314 2340 ταῖς
1349 2272 1548 2343 τρισὶν
1573 2273 1874 2342 ἀσεϐείαις

296 2371 444 2426 υἱῶν
483 2369 736 2438 Ἀμμὼν,
767 2368 866 2422 καὶ
905 2366 1005 2422 ἐπὶ
1046 2366 1177 2433 ταῖς
1209 2366 1545 2434 τέσσαρσιν
1581 2367 1693 2421 οὐκ
1725 2367 1875 2421 ἀπο-

295 2459 720 2530 στραφήσομαι
752 2460 994 2524 αὐτοὺς,
1027 2459 1157 2514 ἀνθ’
1190 2454 1274 2512 ὧν
1312 2449 1630 2527 ἀνέσχιζὸν
1665 2462 1774 2524 τὰς
1804 2457 1876 2512 ἐν

295 2552 509 2624 γαστρὶ
545 2552 808 2622 ἐχούσας
850 2551 969 2606 τῶν
1005 2551 1423 2617 Γαλααδιτῶν,
1455 2550 1616 2618 ὅπως
1641 2550 1873 2620 ἐμπλα-

295 2645 562 2698 τύνωσιν
591 2643 662 2697 τὰ
694 2643 826 2711 ὅρια
853 2643 1068 2697 αὐτῶν.
1114 2643 1224 2698 Kal
1256 2643 1471 2711 ἀνάψω
1499 2642 1620 2710 πῦρ
1652 2642 1751 2696 ἐπὶ
1801 2643 1876 2696 τὰ

298 2735 468 2801 τείχη
503 2731 748 2787 Ῥαϐϐὰθ
773 2771 787 2796 ,
828 2732 929 2784 καὶ
978 2732 1375 2801 καταφάγεται
1408 2729 1652 2800 θεμέλια
1689 2729 1876 2798 αὐτῆς

298 2823 461 2894 μετὰ,
487 2821 775 2891 κραυγῆς.
805 2823 874 2875 ἐν
895 2823 1084 2891 ᾑμέρᾳ
1106 2822 1399 2891 πολέμου,
1429 2822 1530 2876 καὶ
1562 2823 1878 2891 σεισθήσε-

303 2931 403 2971 ται
447 2914 518 2967 ἐν
551 2912 741 2981 ἡμέρᾳ
775 2913 1192 2980 συντελέσεως
1233 2912 1442 2980 αὐτῆς.
1503 2912 1614 2967 Kal
1660 2915 1876 2982 πορεύ-

300 3019 473 3058 σεται
513 2995 548 3056 ό
572 3000 876 3067 βασιλεὺς
897 3000 1088 3071 αὐτῆς
1106 3001 1176 3055 ἐν
1195 3003 1586 3071 αἰχμαλωσίᾳ,
1620 3005 1677 3057 οι
1704 3003 1878 3071 ἱερεῖς

297 3093 499 3153 αὐτῶν
544 3093 642 3148 καὶ
670 3097 724 3148 οι
748 3093 1038 3163 ἄρχοντες
1069 3091 1266 3149 αὐτῶν
1291 3093 1388 3148 ἐπὶ
1417 3094 1484 3149 τὸ
1509 3094 1677 3162 αὐτὸ,
1717 3096 1878 3166 λέγει

297 3185 536 3250 Κύριος.

1973 647 2283 694 vertentem
2343 640 2538 710 quippe
2589 655 2620 696 e
2670 639 3052 708 Mesopotamia
3082 655 3112 696 e
3157 641 3315 696 domo
3360 641 3540 700 Lahan

1970 740 2091 780 cum
2128 727 2382 798 lacrymis
2403 731 2674 786 osculatus
2698 741 2782 786 est
2812 733 2892 800 ³⁰;
2929 735 3102 790 solent
3154 735 3298 791 enim
3336 738 3388 792 in
3431 754 3542 792 ma-

1970 833 2072 887 gna
2101 834 2315 890 quoque
2349 821 2532 876 laetitia
2560 823 2811 891 profundi
2844 824 3123 897 lacrymaz.
3170 827 3295 897 Ejus
3337 831 3538 899 posteri

1971 907 2212 966 dimciles
2239 919 2293 965 et
2316 913 2492 980 asperi
2524 911 2761 978 fuerunt,
2804 921 2860 968 et
2884 930 3093 970 morum
3145 920 3543 976 inhumanitate

1971 999 2141 1069 ipsam
2172 1002 2331 1072 primi
2381 1003 2619 1072 parentis
2649 1007 2728 1058 sui
2757 1009 3159 1072 perversitatem
3187 1023 3537 1082 superarunt;

1970 1092 2131 1164 263
2157 1093 2251 1148 sed
2284 1107 2466 1148 verum
2485 1103 2568 1149 est
2591 1093 2740 1158 illud,
2765 1093 3026 1152 Omnibus
3056 1100 3227 1156 modis
3257 1103 3356 1158 vias
3389 1105 3542 1158 utali-

1970 1185 2250 1258 gnantium
2289 1185 2356 1241 ad
2383 1195 2632 1242 mortem.
2669 1186 2794 1244 Ideo
2839 1188 2942 1244 ait:

2042 1357 2206 1415 Vens.
2245 1359 2334 1416 12.
2363 1357 2433 1416 Et
2463 1362 2666 1416 mittam
2703 1362 2870 1432 ignem
2901 1363 2955 1417 in
2981 1359 3230 1432 Thernnn,
3252 1376 3299 1420 et
3321 1366 3541 1423 devora-

1972 1451 2044 1505 bit
2081 1451 2422 1520 fundamenta
2450 1469 2717 1508 murorum
2745 1456 2879 1523 ejus.

2041 1533 2132 1591 XI.
2191 1537 2315 1592 llaec
2371 1548 2452 1593 est
2490 1541 2805 1609 metropolis
2859 1541 3138 1612 Idumam;
3187 1545 3405 1602 incensa
3457 1555 3540 1608 est

1971 1628 2134 1691 enim,
2173 1629 2241 1682 ab
2272 1629 2512 1683 hostibus
2542 1630 2779 1697 devicta,
2812 1643 2870 1687 et
2907 1649 3012 1697 una
3043 1650 3164 1689 cum
3208 1635 3328 1692 aliis
3360 1638 3550 1706 periit.

1973 1717 2228 1772 Desinent
2276 1718 2440 1787 igitur
2490 1721 2716 1780 tandem
2755 1722 2807 1775 in
2844 1722 3019 1792 ignem
3052 1733 3106 1780 et
3135 1724 3403 1792 ﬂammas,
3446 1731 3540 1800 qui

1973 1805 2168 1862 fratres
2216 1809 2468 1877 oderunt,
2505 1818 2561 1865 et
2615 1811 2668 1865 in
2709 1815 3140 1884 consanguineos
3210 1817 3496 1890 insurgunt
3519 1859 3544 1886 ,,

1971 1907 2063 1952 aut
2107 1898 2163 1953 in
2199 1913 2296 1955 eos
2354 1900 2453 1970 qui
2485 1915 2554 1956 ex
2589 1901 2953 1960 familiaritate
2997 1905 3265 1980 spirituali
3311 1923 3539 1964 concor-

1971 1989 2166 2060 diaque
2197 1990 2406 2046 collecti
2429 2001 2552 2048 sunt
2571 2008 2717 2062 ;-nec
2750 1995 2884 2053 tales
2915 1997 3086 2054 honor
3114 2005 3170 2054 et
3194 1999 3360 2056 decus
3402 2000 3528 2056 cha-

1970 2082 2148 2138 ritatis
2179 2082 2485 2140 comitatur.

2039 2259 2208 2317 Vens.
2248 2260 2430 2316 1545.
2469 2259 2598 2317 Ηατ
2650 2262 2775 2318 dicit
2814 2262 3070 2318 Dominus
3104 2279 3124 2318 :
3168 2263 3341 2332 Super
3377 2266 3540 2322 tribus

1970 2353 2253 2408 sceleribus
2283 2353 2518 2422 ﬁliorum
2587 2355 2835 2420 Ammon,
2870 2365 2918 2410 et
2957 2371 3113 2424 super
3148 2364 3376 2426 quatuor
3436 2373 3541 2412 non

1971 2456 2267 2500 convertam
2320 2462 2430 2513 eos,
2459 2461 2518 2500 eo
2564 2447 2704 2516 quod
2758 2447 3084 2502 dissecabant
3120 2448 3175 2501 in
3223 2456 3397 2502 centre
3440 2449 3540 2501 Ita.

1973 2536 2144 2590 bentes
2181 2553 2247 2591 ea:
2278 2535 2592 2604 Galaaditt's,
2628 2545 2685 2592 ut
2721 2537 3004 2593 dilatarent
3067 2539 3317 2593 terminos
3392 2554 3538 2593 suos.

1974 2625 2044 2680 Et
2071 2629 2380 2682 succendunt
2402 2627 2574 2698 ignem
2605 2628 2661 2683 in
2709 2645 2888 2684 muros
2917 2628 3176 2695 Rabbatlt,
3201 2639 3248 2683 et
3274 2629 3542 2684 devorabit

1973 2717 2314 2789 fundamenta
2346 2720 2458 2788 ejus
2496 2737 2615 2775 cum
2650 2720 2877 2776 clamore
2924 2722 2980 2774 in
3029 2721 3112 2774 die
3158 2721 3299 2784 belli,
3329 2729 3375 2774 et
3399 2734 3540 2772 com.

1971 2811 2260 2865 movebitur
2308 2811 2364 2866 in
2393 2811 2480 2866 die
2514 2813 2980 2866 consummationis
3011 2813 3147 2881 ejus.
3182 2809 3250 2864 Et
3299 2811 3395 2864 ibit
3450 2825 3543 2863 res

1972 2917 2153 2957 eorum
2193 2903 2250 2955 in
2281 2903 2652 2971 captivitatem,
2690 2903 2986 2958 sacerdotes
3025 2918 3205 2957 eorum
3251 2911 3300 2958 et
3341 2900 3543 2973 princi»

1973 3007 2061 3062 pes
2103 3007 2284 3048 eorum
2318 2994 2374 3049 in
2411 2995 2796 3064 idipsum,dicit
2834 2992 3112 3050 Dominus.

368 3273 469 3327 ιε’.
519 3273 955 3346 Καταγράφεται
987 3275 1082 3326 καὶ⁵
1113 3273 1460 3343 Ἀμμανιτῶν
1487 3273 1562 3337 ὡς
1588 3276 1876 3344 Δαμασκη-

2047 3276 2159 3332 XII.
2199 3277 2526 3333 Describitur
2565 3279 2728 3333 etiam
2762 3278 3192 3333 Ammonitarum
3237 3287 3293 3332 ut
3343 3277 3539 3331 Dama-

296 3363 403 3419 νῶν
440 3365 722 3436 ἀγριότης.
769 3363 1126 3418 Ἀπεκτόνασι
1152 3365 1246 3418 καὶ
1275 3365 1431 3418 αὐτοὶ
1450 3365 1550 3430 τάς
1584 3367 1642 3419 ὲν
1679 3365 1879 3435 γαστρὶ.

296 3455 528 3525 ἐχούσας
556 3453 666 3509 τῶν
704 3455 1066 3520 Γαλααδιτῶν,
1110 3457 1209 3527 οὐχ
1243 3456 1451 3527 ἑτέροις
1490 3457 1634 3511 τισὶν
1665 3457 1880 3527 ἐπαμύ-

295 3564 498 3612 νοντες,
521 3545 646 3600 οῦτε
675 3547 782 3617 μὴν
821 3545 1046 3610 ὀθνείοις
1075 3546 1405 3611 δανείζοντες
1425 3546 1526 3609 τάς
1551 3547 1738 3618 ὀργὰς,
1762 3547 1877 3600 ἀλλ’

300 3637 443 3709 ὑπέρ
465 3654 531 3707 γε
557 3637 710 3707 σφῶν
739 3637 937 3700 αὐτῶν,
963 3637 1029 3690 ἵν’
1047 3638 1346 3709 εὐρυτέραν
1373 3636 1538 3708 ἔχωσι
1563 3639 1875 3710 τὴνάρχὴν,

298 3729 393 3782 καὶ
449 3727 610 3799 μέχρι
677 3727 874 3782 πολλοῦ
931 3727 1216 3799 διήκοντας
1267 3731 1366 3800 τῆς
1421 3727 1698 3798 βασιλείας
1751 3727 1880 3792 τοὺς

294 3821 474 3891 ὅρους,
504 3819 950 3891 καταδῃωθείσης
982 3818 1198 3891 ἀπάσης
1218 3823 1320 3891 τῆς
1357 3819 1616 3884 Ἰουδαίας
1643 3820 1766 3890 γῆς,
1785 3819 1881 3873 κα)⁸

295 3911 786 3983 ἀνατετραμμὲνων
812 3911 1045 3965 είσάπαν
1080 3913 1191 3966 τῶν
1214 3912 1272 3978 ἐξ
1301 3913 1540 3984 Ἰσραὴλ,
1569 3911 1647 3976 ὡς
1672 3929 1879 3966 πεπον-

296 4001 449 4067 θότος
484 4001 621 4055 Θεοῦ
651 4002 713 4055 τὸ
745 4001 961 4066 ἀναλκι,
995 4002 1089 4056 καὶ
1128 4000 1492 4071 ῆσθενηκότος
1523 4000 1741 4072 ἀληθῶς
1781 4003 1876 4056 τοῦ

293 4092 584 4156 διασώζειν
600 4091 1031 4162 ἐπηγγελμένον,
1053 4092 1148 4145 καὶ
1180 4093 1294 4154 τοῖς
1321 4091 1578 4162 πολεμεῖν
1603 4091 1878 4146 ἐθέλουσιν

292 4187 572 4239 ἀνάλωτον
603 4183 1012 4251 ἀποφαίνοντος.
1055 4183 1302 4247 Ἑλόντες
1339 4183 1406 4254 δὴ
1457 4178 1550 4236 οὖν
1591 4183 1689 4236 καὶ
1732 4174 1878 4238 οὗτοι

290 4275 395 4340 τάς
450 4275 654 4339 πόλεις,
711 4275 1066 4346 καταμειδιᾷν
1112 4275 1437 4344 ἀπετόλμων
1471 4273 1566 4327 τοῦ
1607 4274 1876 4345 προασπί-

293 4367 481 4433 ζοντος
512 4365 667 4432 Θεοῦ,
703 4365 931 4429 καὶτοῖς
959 4364 1329 4436 ψευδωνύμοις
1368 4363 1507 4430 Θεοῖς
1536 4364 1778 4436 ἀνῆπτον
1809 4365 1878 4420 τά

295 4457 629 4530 χαριστήρια
679 4457 775 4511 καὶ
817 4456 960 4528 ᾠδὰς
1022 4456 1346 4521 ἐπινικίους.
1403 4455 1673 4528 Ταύτῃτοί
1714 4473 1877 4528 φησιν

295 4549 783 4621 ἐμπρησθήσεσθαι
811 4548 912 4620 τὴν
955 4547 1217 4602 Ῥαόσὰο.
1250 4549 1598 4621 Μητρόπολις
1639 4549 1696 4603 δὲ
1733 4548 1874 4622 αῦτη

292 4611 392 4712 τῆς
415 4611 544 4695 ’τῶν
575 4611 932 4712 "Appthth
967 4643 1086 4694 ἐστι
1131 4611 1342 4712 χώρας..
1379 4611 1770 4713 ίᾹπολέίησθαι
1814 4611 1874 4694 δέ
1905 4611 1950 4667 D

295 4733 466 4804 αὐτὴν
525 4733 663 4804 μετὰ
713 4733 980 4804 κραυγῆς,
1041 4733 1323 4799 τουτέστι,
1391 4732 1874 4797 καταλαλαζόντων

298 4826 468 4895 αὐτῆς
517 4824 609 4877 τὸν
666 4824 760 4878 τοῦ
825 4825 1064 4896 πολέμου
1119 4827 1284 4896 νόμον
1333 4825 1444 4879 τῶν
1494 4825 1869 4881 Βαϐυλωνίων.

309 4918 582 4989 ᾘρὴκασι
611 4915 718 4986 γὰρ
765 4917 920 4970 αὐτοὶ
957 4919 1325 4988 πανστρατιᾷ,
1365 4917 1722 4980 καταθέοντος
1765 4917 1873 4972 τῶν

311 5005 660 5077 Ἀμμανιτῶν
703 5007 796 5060 τοῦ
830 5008 1316 5080 Ναϐουχοδονόσορ.
1359 5009 1671 5063 Βαδιοῦνται
1694 5008 1751 5062 δὲ
1781 5009 1876 5063 καὶ

298 5097 657 5170 αἰχμάλωτοι,
682 5098 862 5167 φησὶν,
892 5099 1027 5169 ὁμοῦ
1051 5102 1163 5165 τοῖς
1191 5101 1479 5172 κρατοῦσιν
1493 5103 1542 5154 οἱ
1561 5100 1666 5154 ὑπὸ
1692 5101 1869 5172 χεῖρα,

300 5194 393 5246 καὶ
432 5193 545 5254 τοῖς
575 5190 723 5252 ἰδίοις
751 5191 891 5254 Θεοῖς
916 5194 964 5244 οἱ
992 5195 1238 5264 ἱερᾶσθαι
1262 5195 1536 5266 λαχόντες,
1607 5194 1759 5248 οὐδὲν
1821 5195 1951 5265 παρ’

299 5285 566 5355 δράσειεν,
601 5282 634 5353 ἢ
665 5281 781 5345 πῶς
808 5282 872 5335 ἂν
903 5283 1148 5352 όνήσοιτό
1194 5304 1346 5350 τινας
1385 5288 1604 5358 ἄγαλμα
1637 5285 1875 5355 κοῦφον;

384 5377 624 5429 Ἐοίκασι
678 5374 735 5428 δὲ
773 5375 865 5426 καὶ
907 5376 957 5426 οἱ
1001 5374 1110 5428 τῶν
1163 5379 1427 5449 αἱρέσεων
1476 5379 1874 5448 προεστηκότες

298 5451 412 5529 τόῖς
452 5466 811 5536 ἁνατέμνουσι
843 5468 944 5531 τὰς
978 5469 1207 5538 ἐχούσας
1237 5471 1293 5522 ἐν
1327 5469 1548 5538 γαστρὶ,
1590 5469 1736 5530 ὅπως
1772 5470 1873 5538 ὲμι

303 5557 698 5610 πλατύνωσιτά
727 5559 851 5628 ὅρια
886 5557 1087 5611 αὐτῶν.
1127 5558 1244 5611 Ἵνα
1279 5558 1389 5626 γὰρ
1415 5557 1710 5624 φαίνωνται
1748 5558 1876 5610 πολ-

301 5645 409 5701 λῶν
463 5647 784 5716 ἡγούμενοι,
842 5647 1263 5712 καταδιάζονται
1308 5647 1485 5716 ψυχὰς
1529 5648 1740 5714 ἀθλίας,
1783 5649 1875 5702 καὶ

373 5820 420 5854 ⁸ο
459 5820 590 5875 Gen.
618 5834 809 5884 χχχιιι,
849 5818 900 5873 4.

1978 3384 2262 3426 scenorum
2297 3371 2622 3426 immanitas.
2659 3369 2790 3425 Nam
2816 3381 2871 3426 et
2901 3371 3000 3441 ipsi
3049 3381 3261 3426 uterum
3309 3369 3544 3426 ferentes

1976 3459 2380 3517 Galaaditarum
2414 3461 2807 3528 dissecuerunt,
2845 3476 2948 3516 non
2977 3470 3035 3516 ut
3062 3462 3182 3516 aliis
3212 3459 3545 3530 Opitularen-

1979 3557 2086 3616 tur,
2121 3566 2294 3620 neque
2331 3561 2390 3606 ut
2432 3552 2635 3608 exteris
2673 3551 2780 3606 iras
2819 3568 2944 3608 suas
2990 3552 3419 3613 commodarent,
3452 3552 3546 3603 sed

1978 3656 2075 3696 sua
2110 3642 2344 3711 ipsorum
2377 3656 2564 3707 causa,
2595 3651 2654 3696 ut
2692 3641 2949 3696 ditionem
2978 3641 3238 3695 haberent
3278 3637 3542 3703 latiorem,

1979 3741 2034 3787 et
2084 3733 2234 3804 regni
2274 3733 2355 3787 sui
2394 3731 2528 3787 lines
2577 3732 2786 3802 longius
2836 3731 3154 3801 proferrent.
3195 3737 3303 3784 tota
3361 3727 3545 3784 Iudaea

1979 3831 2205 3886 vastata,
2236 3829 2291 3876 et
2323 3820 2530 3876 eversis
2551 3819 2807 3876 lsraelitis
2835 3819 3101 3884 omnibus,
3126 3826 3183 3872 ut
3213 3815 3321 3872 Deo
3369 3815 3545 3870 imbe-

1979 3911 2089 3967 cilli
2121 3919 2178 3967 et
2211 3911 2504 3982 impotente
2536 3925 2622 3979 eo,
2667 3910 2758 3982 qui
2789 3911 2997 3980 seipsos
3025 3917 3364 3964 servaturum
3419 3919 3546 3976 pro-

1978 4004 2224 4070 miserat,
2252 4019 2318 4060 ac
2337 4019 2399 4061 se
2423 4005 2668 4060 hostibus
2697 4003 2809 4059 suis
2831 4001 3096 4071 captivum
3135 4002 3403 4056 tradente.
3435 3997 3544 4053 Ca-

1975 4095 2085 4165 ptis
2111 4095 2272 4166 igitur
2302 4103 2357 4150 et
2388 4096 2474 4152 bis
2503 4093 2832 4159 civitatibus,
2869 4091 3034 4146 Deum
3093 4098 3545 4160 propugnatorem

1977 4185 2206 4242 irridere
2250 4185 2370 4241 ausi
2409 4196 2553 4253 sunt,
2582 4185 2685 4240 diis
2717 4183 2867 4239 falsis
2893 4181 3096 4253 gratias
3121 4189 3359 4250 agentes,
3395 4189 3450 4234 et
3475 4177 3549 4232 vi-

1977 4276 2201 4333 ctoralia
2265 4277 2507 4332 carmina
2545 4276 2873 4332 accinentes.
2931 4273 3287 4340 Quamobrem
3338 4271 3542 4332 conﬂa-

1977 4376 2250 4440 graturam
2287 4367 2420 4424 dicit
2459 4366 2702 4422 Rabbatb
2753 4363 3086 4435 metropolim
3131 4361 3365 4431 regionis
3415 4363 3544 4414 Am-

1979 4459 2267 4525 moniticat,
2300 4466 2356 4514 et
2378 4473 2500 4513 cum
2531 4458 2766 4513 clamore
2792 4455 3082 4526 perituram
3109 4470 3122 4507 :
3159 4465 3350 4521 nempe
3374 4449 3545 4520 Baby-

1979 4551 2137 4608 loniis
2166 4564 2316 4604 more
2345 4548 2565 4603 militari
2595 4546 2772 4607 latum,
2805 4549 2860 4601 in
2905 4544 3130 4600 victoria
3203 4540 3544 4597 vociferanti-

1980 4646 2098 4698 bus.
2150 4640 2368 4698 Subacti
2425 4649 2554 4699 sunt
2604 4635 3357 4708 enirn,,Nabucltodonosore
3419 4631 3544 4684 totis

1981 4733 2150 4804 copiis
2184 4732 2522 4793 Ammonitas
2560 4732 2889 4793 incursante.
2915 4725 3070 4781 Ibunt
3118 4724 3280 4779 etiam
3324 4720 3542 4789 captivi,

1982 4825 2192 4894 inquit,_
2221 4839 2344 4879 cum
2381 4822 2714 4894 principibus
2749 4818 2970 4884 subditi,
3008 4825 3062 4870 et
3115 4831 3236 4870 cum
3273 4811 3375 4866 diis
3432 4811 3545 4864 suis

1980 4912 2479 4979 sacriﬁci,nulloab
2517 4909 2810 4967 iisauxilio
2856 4906 3045 4978 adiuti.
3069 4903 3206 4971 Quid
3260 4902 3403 4956 enim
3465 4899 3548 4952 fa-

1981 5007 2110 5070 ciat,
2143 5015 2236 5060 aut
2265 5004 2532 5076 quomodo
2598 5001 2829 5071 cuipiam
2859 4998 3030 5071 prosit
3058 4997 3278 5052 surdum
3327 4992 3546 5048 simula-

1979 5113 2131 5156 crum
2154 5098 2178 5151 ἳ

1987 5193 2210 5247 ἐκείνων
2257 5190 2470 5261 ἔχοντες
2520 5189 2600 5252 εἰς
2653 5185 2992 5256 ἐπικουρίαν.
3056 5181 3123 5234 Τί
3176 5179 3285 5250 γὰρ
3346 5178 3414 5231 ἂν
3459 5177 3546 5230 καὶ

2039 5371 2199 5443 263
2214 5369 2428 5425 Similes
2446 5381 2606 5437 porro
2619 5374 2745 5421 sunt
2763 5364 3028 5418 baresum
3041 5360 3270 5430 patroni,
3281 5375 3562 5430 praegnati-

1977 5474 2058 5519 tes
2086 5463 2152 5515 ad
2184 5461 2315 5513 lines
2337 5455 2636 5511 dilatandos
2661 5449 3070 5507 dissecantibus.
3107 5445 3176 5503 Ut
3196 5448 3336 5502 enim
3369 5448 3548 5501 multis

1975 5565 2209 5625 praeesse
2262 5549 2566 5608 videantur,
2608 5543 2836 5598 miseras
2886 5541 3093 5596 animas
3124 5540 3171 5594 vi
3205 5541 3446 5610 adigunt,
3494 5545 3544 5590 et

1977 5647 2263 5702 verborum
2292 5635 2501 5694 fallacia
2530 5633 2682 5703 quasi
2709 5631 2927 5687 crudam
2961 5641 3012 5688 et
3037 5632 3376 5688 immaturam
3408 5630 3545 5696 ipsos
