4054 6274
272 335 372 391 457

1207 337 1758 413 COMMENTARIUS
1794 342 1862 399 1N
1899 345 2090 402 AMOS
2124 345 2563 406 PROI‘HETAM.

3412 355 3512 409 433

347 431 485 502 Τάδε
518 448 673 516 λέγει
698 451 914 517 Κύριος
933 467 946 480 ’
997 449 1125 505 Ἐπί
1156 452 1285 520 ταῖς
1315 456 1514 522 τρισίν
1536 458 1836 527 ἀσεϐείαις

2012 463 2178 521 Vens.
2216 467 2270 530 ό,
2307 467 2358 523 5.
2417 465 2545 522 [huc
2600 468 2725 521 dicit
2786 466 3079 522 Dominus:
3118 467 3285 537 Super
3348 472 3512 523 tril'us

271 537 413 594 υἱῶν
440 539 641 601 Ἰούδα,
659 538 759 592 καί
773 541 871 595 ἐπὶ
885 542 1016 607 ταῖς
1032 542 1387 612 τέσσαρσιν,
1407 549 1517 602 οὐκ
1534 549 1835 618 ἀποστρα-

269 632 529 701 φήσομαι
555 631 797 698 αὐτοὺς,
837 632 1047 689 ἕνεκεν
1084 635 1188 691 τοῦ
1226 637 1582 696 ἀπώσασθαι
1612 642 1836 708 αὐτοὺς

268 722 369 777 τὸν
390 725 573 792 νόμον
595 725 838 792 Κυρίου,
859 726 1043 784 καὶτὰ
1073 730 1500 800 προστάγματα
1514 734 1700 788 αὐτοῦ
1720 736 1835 789 οὐκ

267 814 657 884 ἐφυλάξαντο,
674 818 774 871 καὶ
789 817 1149 887 ἐπλάνησαν
1162 822 1385 889 αὐτοὺς
1407 823 1479 877 τὰ
1485 824 1706 893 μάταια
1725 828 1833 880 αὐ-

266 908 393 971 τῶν,
428 907 465 963 d
495 908 812 977 ἐποίησαν,
844 908 934 977 οἷς
960 910 1458 981 ἐξηκολούθησαν
1488 917 1543 969 οἱ
1582 916 1836 983 πατέρες

264 1001 452 1055 αὐτῶν
487 1002 686 1056 ὀπίσω
723 1002 944 1058 αὐτῶν.
986 1004 1097 1059 Καί
1145 1004 1535 1069 ἐξαποστελῶ
1585 1008 1702 1077 πῦρ
1734 1010 1833 1065 ἐπὶ

275 1091 471 1159 Ἰούδα,
514 1093 620 1149 καὶ
661 1094 1060 1165 καταφάγεται
1118 1097 1363 1167 θεμέλια
1416 1098 1832 1171 Ἰερουσαλήμ.

326 1231 419 1284 1Δ’.
456 1229 971 1301 Προσεπενήνεκται
1010 1235 1123 1296 τοῖς
1172 1233 1396 1303 ἀνόμοις
1433 1232 1610 1288 ἔθνεσι
1662 1236 1757 1289 καὶ
1807 1237 1837 1289 ό

262 1323 402 1394 νόμῳ
457 1322 979 1395 παιδαγωγούμενος
1040 1323 1239 1389 Ἰούδας
1261 1341 1277 1357 ⁸
1330 1327 1837 1399 ἀπροσωπόληπτος

261 1413 361 1483 γὰρ
390 1414 418 1466 ὁ
442 1415 660 1484 κριτής.
704 1414 828 1468 Ὀτι
857 1415 915 1467 δὲ
958 1414 1384 1486 πλημμελοῦντα
1414 1418 1694 1488 ἠνέσχετο,
1741 1418 1835 1472 καὶ

259 1503 642 1574 διεκαρτέρησε
676 1506 883 1575 μακρά,
912 1505 993 1576 τῷ
1027 1507 1120 1559 ἐπὶ
1163 1506 1325 1579 τρίτῃ
1372 1507 1528 1578 μόλις
1589 1508 1837 1579 ἁμαρτίᾳ

262 1596 348 1649 καί⁵
376 1594 476 1666 μὴν
497 1597 601 1648 καὶ
625 1596 861 1670 τετάρτῃ
882 1598 1203 1669 κεκινῆσθαι
1236 1599 1402 1668 δηλοῖ.
1448 1600 1639 1654 Καίτοι
1665 1600 1837 1671 ἐχρῆν

260 1691 441 1761 δήπου,
468 1688 620 1743 κατά
646 1706 709 1759 γε
740 1690 800 1743 τὸ
826 1690 994 1757 είκδς,
1016 1694 1129 1755 τοῖς
1152 1692 1251 1762 μὲν
1266 1693 1446 1756 ἄλλοις
1475 1691 1705 1757 ἔθνεσιν,
1741 1693 1837 1747 ἆτε

260 1783 318 1854 δὴ
348 1783 433 1836 τὸν
461 1782 614 1836 θεῖον
640 1782 742 1835 οὐκ
767 1781 949 1852 ἔχουσι
975 1783 1161 1854 νόμον,
1190 1783 1674 1857 ἀμφιλαφεστέραν
1701 1784 1836 1839 em.

262 1875 429 1944 νέμειν
454 1874 556 1945 τὴν
589 1874 925 1945 ἡμερότητα,
947 1874 1044 1926 καὶ
1073 1873 1135 1926 τὸ
1160 1873 1258 1944 τῆς
1287 1874 1616 1947 συγγνώμης
1642 1875 1831 1929 ἐπιδα-

268 1965 564 2033 ψιλεύεσθαι
625 1965 823 2036 μῆκος,
877 1964 1111 2030 ἐξαιτεῖν
1158 1966 1217 2019 δὲ
1261 1967 1363 2036 τῆς
1414 1965 1686 2038 ῥᾳθυμίας
1730 1966 1829 2032 τὰς

266 2059 401 2121 δίκας
451 2059 801 2132 παραχρῆμα
845 2058 940 2113 τὸν
979 2057 1217 2130 Ἰσραὴλ,
1265 2058 1361 2112 ἂτε
1410 2058 1475 2131 δὴ
1520 2059 1616 2112 καὶ
1678 2060 1829 2112 ἐντε-

263 2150 565 2222 θραμμένον
591 2140 705 2216 τοῖς
736 2152 900 2216 θείοις
934 2152 1254 2222 ὲντάλμασι,
1290 2150 1391 2204 καῖ
1419 2151 1517 2224 τὴν
1566 2150 1660 2205 τοῦ
1697 2169 1833 2222 συμ-

261 2244 506 2314 φέροντος
538 2245 641 2298 οὑκ
666 2246 971 2315 ὴγνοηκότα
1010 2245 1217 2317 τρίσον.
1267 2245 1415 2323 Ἀλλζ
1437 2245 1695 2316 ἠνέσχετο
1739 2244 1834 2297 καὶ

259 2336 358 2389 τῶν
388 2337 604 2390 εἰδότων
630 2337 723 2390 τὸν
755 2337 937 2408 νόμον,
969 2337 1046 2401 ὡς
1097 2337 1172 2409 μὴ
1218 2337 1556 2407 ἐγνωκότων.
1610 2334 1832 2405 Ἐπειδὴ

256 2427 309 2481 δὲ
352 2431 430 2492 είς
466 2428 623 2499 λῆξιν
670 2429 769 2501 ήδη
811 2429 1144 2499 φαυλότητος
1195 2428 1290 2481 καὶ
1320 2427 1597 2499 λογισμῶν
1642 2426 1833 2481 σκαιό-

255 2535 416 2589 τητος
468 2520 942 2589 ἀπενηνεγμένους
993 2520 1287 2574 κατεθεᾶτο
1327 2518 1535 2583 λοιπὸν,
1569 2517 1689 2572 τότε
1738 2517 1833 2570 καὶ

257 2611 441 2673 αὐτοῖς
473 2612 583 2675 τοῖς
627 2610 1017 2683 Ἱεροσολύμοις
1055 2612 1217 2683 φησὶν
1258 2613 1566 2684 ἐπαφήσειν
1610 2610 1668 2663 τδ
1700 2609 1832 2680 πῦρ,

260 2703 357 2755 καὶ
394 2701 589 2773 μέχρις
621 2701 799 2756 αὐτῶν
829 2703 1131 2775 δαπανῆσαι
1159 2702 1373 2775 βάθρων
1410 2703 1509 2774 τὴν
1538 2702 1679 2756 οὕτω
1700 2701 1839 2772 λαμ-

263 2791 411 2860 πράν
426 2809 487 2844 τε
504 2793 596 2845 καὶ
630 2792 968 2864 περιώνυμον
998 2794 1172 2847 πόλιν.
1207 2794 1319 2847 Καὶ
1350 2793 1577 2846 πλεῖστα
1613 2793 1710 2863 μὲν
1737 2793 1838 2847 ὅσα

262 2885 374 2939 τῶν
408 2882 469 2949 ἐξ
525 2883 737 2955 Ἰσραὴλ
776 2885 846 2937 τὰ
878 2883 1215 2955 ἐγκλήματα,
1254 2884 1488 2955 μάλιστα
1530 2883 1588 2936 δὲ
1622 2883 1841 2937 πάντων

259 2974 577 3027 ἐπαιτιᾶται
608 2973 741 3037 Θεὸς
780 2973 841 3028 τὸ
882 2977 1002 3039 ταῖς
1035 2974 1145 3027 τῶν
1181 2975 1433 3047 πατέρων
1474 2975 1838 3045 ἐπακολουθῆ-

261 3082 351 3121 σαι
387 3065 639 3129 πλάναις.
669 3066 731 3120 Oi
764 3067 863 3136 μὲν
896 3065 1005 3136 γάρ
1032 3065 1110 3120 ἔτι
1142 3069 1261 3130 ταῖς
1293 3067 1605 3136 Αἰγυπτίων
1644 3067 1839 3120 πλεον-

258 3158 432 3224 εξίαις
467 3158 883 3230 ὑπεζευγμένοι,
916 3159 1012 3213 καὶ
1057 3161 1167 3223 τοῖς
1201 3160 1424 3215 ἐκείνων
1463 3159 1608 3213 ἔθεσί
1638 3175 1697 3212 τε
1739 3158 1834 3213 καὶ

256 3251 447 3321 νόμοις
477 3247 925 3320 ἐντεθραμμένοι,
960 3248 1147 3320 μόσχῳ
1183 3249 1244 3302 τὸ
1289 3247 1450 3311 σέϐας
1483 3249 1758 3318 ἀνῆπτον
1782 3248 1834 3300 οι

256 3342 311 3395 δὲ
364 3343 463 3413 τὴν
507 3342 907 3415 παμμόχθηρον
934 3343 1152 3414 ἐκείνην
1183 3341 1539 3412 διαφυγόντες
1574 3338 1840 3404 δουλείαν,

256 3435 349 3488 καὶ
381 3437 497 3497 τοῖς
530 3433 694 3498 θείοις
728 3434 1024 3506 ὲντάλμασι
1067 3433 1424 3506 πολυτρόπως
1463 3429 1844 3501 παιδαγωγοῦ-

260 3544 413 3598 μενοι
444 3526 588 3597 πρὸς
615 3524 676 3579 τὸ
716 3526 913 3581 εἰδέναι
956 3526 1142 3598 σαφῶς
1170 3527 1231 3579 τὸ
1259 3524 1380 3595 Θεῷ
1413 3522 1625 3587 δοκοῦν,
1652 3523 1845 3576 ἀνόπιν

260 3618 435 3680 ἰόντες
465 3617 774 3689 ἡλίσκοντο,
809 3619 902 3672 καὶ
933 3621 1012 3683 είς
1041 3618 1138 3690 τὴν
1170 3618 1279 3672 τῶν
1326 3616 1577 3687 πατέρων
1606 3630 1846 3669 κατασυ-

260 3711 482 3782 ρόμενοι
521 3710 813 3781 πλάνησιν,
848 3712 1027 3765 καίτοι
1069 3712 1142 3783 μὴ
1194 3713 1251 3765 ὲν
1299 3712 1435 3774 ίσοις
1465 3709 1695 3781 δρᾶσθαι
1738 3724 1842 3761 κα-

259 3806 378 3867 κοῖς
407 3804 558 3875 τάχα
599 3821 700 3857 που
735 3804 828 3858 καὶ
855 3802 1085 3867 δεδιότες
1126 3804 1202 3868 ὡς
1229 3802 1486 3867 ἀκαλλὲς.
1522 3804 1845 3874 Προσκεκυ-

258 3895 458 3964 νήκασι
498 3894 612 3966 γὰρ
655 3897 749 3949 καὶ
780 3896 931 3949 αὐτοὶ
965 3899 1083 3959 ταῖς
1121 3896 1385 3964 δαμάλεσι
1428 3897 1548 3957 ταῖς
1594 3895 1846 3965 χρυσαῖς.

1900 553 2293 623 'impielatibus
2340 557 2571 625 ﬁliorum
2610 557 2780 624 Juda,
2830 568 2879 614 et
2927 576 3084 629 super
3129 568 3356 630 quatuor
3413 577 3513 616 non

1937 660 2228 702 convertam
2263 666 2372 713 eos.
2401 667 2460 703 eo
2484 651 2622 720 quod
2656 654 2953 723 abjeccrunt
2990 656 3089 723 ipst
3132 654 3295 722 legem
3331 652 3502 706 Domi-

1938 739 2097 802 ni,et
2155 751 2407 808 praecepta
2461 742 2574 809 ejus
2638 758 2739 796 non
2790 748 3170 811 custodierunt,
3215 754 3264 799 et
3309 746 3517 807 decepe-

1938 840 2057 882 ruut
2100 846 2186 883 eos
2221 847 2353 883 vana
2390 848 2569 885 eorum
2600 850 2718 902 qua:
2748 835 3007 903 fecerunt,
3038 854 3156 908 qua:
3204 838 3366 891 secuti
3393 848 3517 891 sunt

1936 930 2108 991 patres
2154 938 2333 975 eorum
2375 933 2572 990 postea.
2619 924 2688 977 Et
2717 927 2925 980 mittant
2954 930 3123 996 ignem
3172 930 3227 984 in
3264 930 3432 997 Iuda,
3467 942 3513 985 et

1937 1014 2202 1068 deuorabit
2239 1014 2584 1084 fundamenta
2604 1015 2919 1074 Jerusatem.

2008 1235 2147 1294 XIV.
2180 1236 2533 1309 Snbjuugitur
2567 1239 2817 1306 gentibus
2843 1239 2958 1294 sine
2988 1239 3123 1309 lege,
3157 1237 3363 1308 legibus
3390 1254 3519 1293 cru-

1938 1329 2081 1383 ditus
2140 1327 2295 1394 Juda,
2349 1344 2454 1384 non
2521 1331 2666 1384 enim
2722 1331 2942 1401 respicit
2997 1344 3280 1400 personam
3331 1328 3515 1398 judex.

1939 1418 2272 1474 Sustinuisse
2298 1430 2477 1475 autem
2503 1429 2836 1489 peccantem,
2864 1432 2918 1477 et
2953 1422 3041 1477 diu
3070 1421 3327 1477 tolerasse
3353 1420 3521 1493 signi—

1940 1509 2086 1577 ﬁcat,
2114 1511 2255 1579 quod
2292 1510 2378 1566 vix
2406 1512 2618 1565 tandem
2648 1512 2831 1576 tertio,
2855 1523 2948 1567 aut
2981 1513 3142 1568 etiam
3171 1519 3364 1580 quarto
3403 1523 3520 1565 sce-

1938 1600 2052 1657 lere
2110 1610 2412 1657 commotus
2439 1611 2539 1657 est.
2582 1603 2751 1672 Atqui
2803 1603 3111 1672 postulabat
3166 1602 3416 1673 aquilas,
3465 1608 3522 1655 ut

1939 1691 2207 1759 gentibus,
2232 1707 2351 1760 qua:
2376 1692 2545 1761 legem
2579 1693 2816 1747 divinam
2864 1710 2970 1749 non
3016 1694 3309 1759 habebant,
3368 1693 3521 1748 beni-

1865 1780 2197 1873 Bguitatem
2260 1782 2576 1849 ampliorem
2652 1783 2932 1847 tribueret,
2989 1783 3266 1851 multoque
3323 1783 3523 1836 diutius

1939 1876 2277 1946 ignosceret;
2316 1874 2386 1929 ab
2424 1875 2586 1930 Israel
2629 1885 2808 1931 autem
2840 1875 3103 1931 socordia:
3154 1889 3343 1945 poenas
3400 1890 3520 1928 mox

1941 1973 2275 2037 reposceret,
2307 1974 2366 2021 ut
2424 1968 2514 2036 qui
2544 1966 2596 2022 in
2633 1966 2832 2022 divinis
2897 1967 3167 2021 mandatis
3220 1966 3518 2032 educatus,

1942 2057 2031 2112 ubi
2068 2057 2170 2113 sita
2198 2070 2342 2113 esset
2389 2059 2593 2114 utilitas
2636 2074 2739 2113 non
2798 2060 3089 2129 ignoraret.
3141 2057 3247 2113 Sed
3289 2058 3525 2112 scientes

1940 2150 2113 2220 legem
2169 2164 2322 2219 asque
2409 2159 2467 2205 ut
2523 2152 2828 2205 nescientes
2890 2151 3167 2205 sustinuit.
3234 2148 3524 2217 Postquam

1942 2256 2072 2297 vero
2138 2242 2190 2297 in
2250 2258 2517 2298 summam
2591 2244 2991 2314 improbitatem
3064 2243 3526 2312 cogitationesque

1941 2334 2292 2392 stultissimus
2314 2336 2747 2406 praecipitesjam
2773 2336 2973 2392 abiisse
3003 2336 3154 2403 vidit,
3173 2343 3285 2390 tum
3316 2335 3369 2389 in
3394 2332 3524 2388 Hie-

1942 2429 2273 2500 rosolymam
2304 2429 2476 2499 ipsam
2518 2430 2692 2500 ignem
2736 2430 3024 2484 missurum
3071 2429 3223 2492 dicit,
3250 2437 3306 2482 et
3340 2427 3523 2481 urbem

1944 2520 2078 2576 adeo
2110 2520 2378 2590 insignem
2409 2528 2464 2575 et
2509 2520 2839 2575 nominatam
2866 2533 3035 2588 usque
3067 2518 3132 2572 ad
3166 2517 3524 2572 fundamenta

1942 2612 2175 2669 ﬂammis
2193 2622 2656 2683 consumpturum.
2674 2611 2740 2667 Et
2757 2613 2920 2667 multa
2939 2613 3153 2682 quidem
3179 2612 3332 2665 valde
3349 2608 3527 2664 Israe-

1941 2706 2159 2760 litarum
2195 2704 2397 2761 scelera
2442 2703 2819 2775 reprehendit;
2870 2703 2964 2760 sed
3014 2703 3248 2757 maxime
3288 2701 3527 2757 omnium

1945 2797 2097 2863 illud,
2116 2797 2256 2866 quod
2274 2805 2486 2866 patrum
2509 2810 2718 2851 errores
2739 2796 2904 2849 secuti
2938 2794 3063 2850 sint.
3082 2794 3159 2848 illi
3187 2794 3328 2849 enim
3356 2794 3530 2846 adhuc

1943 2887 2323 2959 Egyptiorum
2358 2884 2521 2959 265
2572 2886 2865 2941 dominatui
2912 2885 3159 2954 subjecti,
3212 2885 3531 2951 illorumque

1944 2981 2190 3036 moribus
2210 2990 2266 3035 et
2282 2979 2490 3051 legibus
2510 2976 2823 3045 assuefacti,
2856 2976 3028 3032 vitulo
3057 2976 3271 3031 divinos
3300 2975 3533 3029 honores

1947 3070 2325 3135 adhibuerunt.
2342 3073 2438 3125 Ast
2454 3069 2531 3134 hi,
2545 3084 2665 3122 cum
2682 3069 2995 3124 servitutem
3044 3066 3188 3120 illam
3214 3064 3532 3120 nel'andissi-

1951 3179 2090 3219 mam
2112 3163 2513 3232 eli‘ugissent,et
2535 3162 2835 3217 divinorum
2859 3161 3234 3215 mandatorum
3253 3157 3533 3227 disciplina

1943 3255 2273 3311 multimodis
2297 3255 2525 3310 instituti
2545 3262 2745 3318 essent,
2768 3264 2825 3309 nt
2844 3253 3131 3324 perspicue
3162 3250 3253 3305 Dei
3276 3248 3497 3319 benepla
3514 3276 3531 3287 -

1941 3345 2107 3400 citum
2148 3345 2371 3411 scirent,
2407 3353 2553 3399 retro
2591 3344 2857 3408 conversi,
2889 3354 2944 3399 et
2979 3345 3031 3399 in
3068 3352 3279 3414 patrum
3312 3355 3530 3396 suorum

1940 3450 2181 3493 errorem
2208 3436 2466 3505 pertracti
2498 3446 2625 3491 esse
2656 3434 2971 3504 deprehensi
3019 3443 3177 3500 sunt;
3214 3445 3529 3503 quanquam

1945 3527 2171 3584 fortasse
2202 3536 2421 3599 propter
2453 3525 2840 3596 turpitudinem
2869 3528 2921 3580 in
2943 3525 3084 3580 idem
3124 3524 3323 3579 malum
3349 3522 3527 3576 videri

1947 3619 2205 3674 incidisse
2235 3628 2556 3674 metuerent.
2578 3617 2712 3671 Nam
2743 3624 2798 3671 et
2821 3617 2919 3684 ipsi
2956 3617 3151 3670 vitulos
3202 3628 3393 3667 aureos
3443 3614 3535 3665 at!-

1952 3719 2197 3765 orarunt.
2227 3708 2405 3764 Causa
2436 3716 2614 3760 autem
2645 3706 2937 3775 impietatis
2966 3707 3124 3773 hujus
3154 3703 3429 3772 fuit,quod
3452 3704 3526 3755 le-

1954 3814 2074 3870 gem
2102 3799 2197 3855 Dei
2249 3799 2561 3868 repulerunt
2609 3807 2664 3852 et
2698 3796 2948 3850 mandata
2998 3796 3118 3865 ejus
3170 3808 3391 3849 servare
3436 3810 3535 3847 no-

1956 3894 2195 3947 luerunt.

258 3988 443 4045 Αἴτιον
472 3992 535 4045 δὲ
566 3990 666 4061 τῆς
696 3990 949 4061 τοιαύτης
980 3993 1160 4056 αὐτοῖς
1232 3993 1423 4061 γέγονε
1455 3991 1794 4058 δυσσεϐείας,
1823 3991 1884 4045 τὸ
1921 3989 2250 4045 ἀπώσασθαι
2310 3988 2401 4045 τὸν
2444 3988 2610 4061 νόμον
2650 3987 2882 4058 Κυρίου,
2912 3987 3006 4039 καὶ
3038 3985 3107 4040 τὰ
3136 3985 3536 4058 προστάγματα

256 4086 432 4143 αὐτοῦ
466 4085 546 4157 μὴ
580 4084 834 4154 ἐθελῆσαι
861 4090 1070 4157 τηρεῖν.

330 4202 555 4259 οὐκοῦν
578 4200 683 4265 ἕως
710 4202 877 4272 ἐσμὲν
915 4203 1306 4273 νομοφύλακες,
1339 4204 1433 4257 καὶ
1463 4202 1721 4273 φιλόθεοι,
1752 4204 1846 4257 καὶ

2025 4202 2367 4269 Quapropter
2396 4193 2636 4266 quandiu
2680 4193 2828 4263 leges
2883 4189 3236 4253 custodimus,
3274 4198 3331 4244 et
3372 4196 3537 4244 Deum

258 4298 455 4368 τηρεῖν
505 4292 898 4357 σπουδάζοντες
938 4293 1008 4346 τά
1042 4293 1512 4366 προστεταγμένα,
1552 4293 1708 4364 σοφοὶ
1754 4293 1839 4346 καὶ

1955 4290 2251 4361 diligimus,
2281 4296 2334 4340 et
2365 4300 2482 4355 qua:
2508 4290 2773 4355 praecepta
2801 4287 2926 4335 sunt
2954 4278 3130 4343 nobis,
3164 4293 3227 4333 ea
3267 4278 3538 4334 conﬁcere

259 4388 503 4458 ἀγχίνοι,
539 4385 632 4438 καὶ
663 4385 842 4455 πάσης
875 4382 1074 4456 ἀρετῆς
1102 4385 1485 4455 ἐπιστήμονες,
1519 4384 1616 4438 καὶ
1645 4383 1697 4436 τί
1742 4381 1839 4452 γὰρ

1958 4386 2258 4446 studemus,
2282 4380 2578 4449 sapientes,
2612 4377 2859 4439 solertes,
2890 4373 3072 4429 omnis
3099 4373 3314 4428 virtutis
3355 4372 3532 4451 gnari,

262 4482 385 4551 οὐχὶ
433 4477 550 4531 τῶν
612 4475 872 4530 τοιούτων
922 4475 1356 4544 πεπλουτηκότες
1417 4472 1847 4547 εὑρεθησόμεθα.

1958 4484 2012 4531 et
2039 4472 2294 4530 omnibus
2321 4446 2623 4539 huiusmodi
2647 4465 2816 4536 copiis
2848 4464 3001 4519 dilati
3050 4462 3402 4533 reperiemur.
3440 4446 3536 4515 Sin

262 4540 604 4632 Νενευκότες
640 4567 697 4621 δὲ
730 4567 867 4637 πρὸς
897 4566 958 4619 τὸ
995 4540 1256 4637 ῥᾴθυμον,
1290 4567 1385 4619 καὶ
1409 4540 1517 4618 τῶν
1549 4540 1709 4618 θείων
1738 4564 1839 4618 ato

1958 4568 2023 4622 ad
2054 4565 2321 4637 ignaviam
2351 4560 2748 4625 deﬂexerimus,
2803 4567 2858 4612 et
2903 4557 3114 4611 divinas
3171 4555 3315 4625 leges
3356 4553 3538 4609 ﬂocci-

264 4661 541 4730 γήσαντες
591 4658 792 4729 νόμιον,
847 4657 1382 4729 περιενεχθησόμεθα
1434 4657 1619 4711 λοιπὸν
1666 4657 1839 4727 dwqu

1959 4658 2329 4731 penderimus,
2352 4652 2795 4711 circumferemur
2819 4652 2884 4705 de
2905 4659 3100 4705 extero
3119 4649 3264 4703 omni
3293 4656 3453 4701 vento
3469 4644 3537 4713 ³⁸,

265 4753 456 4815 παντὶ,
487 4748 604 4808 νοῦ,
634 4751 727 4804 καὶ
749 4751 944 4822 φρενὸς
976 4751 1072 4820 τῆς
1098 4750 1327 4821 ἀρίστης
1346 4748 1668 4820 τητώμενοι.
1713 4748 1856 4801 Ἐσὸ-

1961 4765 2123 4806 sensu
2153 4758 2202 4805 et
2236 4757 2413 4802 mente
2436 4746 2640 4816 optima
2677 4743 2873 4799 orbati.
2928 4741 3142 4796 Erimus
3178 4739 3305 4794 item
3358 4747 3539 4807 partes

270 4844 414 4914 μεθα
460 4842 520 4895 δὲ
574 4843 667 4895 καὶ
704 4843 919 4914 μερίδες
967 4843 1289 4906 ἀλωπέκων,
1342 4842 1469 4913 τῇδέ
1520 4859 1581 4895 τε
1632 4842 1839 4895 κάκεῖσε

1961 4843 2200 4913 vulpium
2228 4840 2295 4906 ³⁵,
2324 4841 2429 4893 huc
2459 4838 2584 4892 illuc
2615 4834 3040 4889 distrahentibus
3080 4846 3179 4887 nos
3244 4829 3538 4913 immundis

267 4951 338 4987 πε
350 4931 676 5003 ριελκόντων
697 4932 842 5002 ἡμᾶς
866 4933 975 4985 τῶν
1000 4932 1325 5002 ἀκαθάρτων
1355 4935 1701 5001 πνευμάτων.
1742 4931 1857 5001 Ὀρ-

270 5023 383 5085 θῶς
418 5016 514 5074 οὖν
560 5020 665 5090 ἄρα
720 5023 815 5075 καὶ
845 5022 1022 5091 σοφῶς
1051 5024 1179 5094 περὶ
1211 5022 1419 5076 δικαίου
1447 5023 1646 5086 παντὸς
1675 5025 1703 5076 ὁ
1730 5021 1855 5075 θεσ-

1964 4908 2262 5001 spiritibus.
2285 4929 2455 4983 Probe
2478 4928 2640 4995 igitur
2662 4941 2726 4981 ac
2747 4926 3019 4994 sapienter
3067 4921 3133 4977 de
3187 4919 3377 4989 quovis
3393 4908 3542 4990 justo

1962 5024 2176 5078 divinus
2218 5020 2384 5074 David
2431 5020 2626 5074 cauit:
2693 5036 2711 5068 ι
2776 5017 2881 5070 Lex
2962 5014 3054 5068 Dei
3116 5012 3232 5080 ejus
3269 5012 3322 5063 in
3377 5011 3542 5065 corde

272 5120 466 5179 πέσιος
505 5114 697 5184 ψάλλει
727 5116 921 5170 Δαϐίδ·
953 5137 971 5169 ‹
1021 5118 1079 5172 ’0
1123 5120 1285 5189 νόμος
1312 5119 1405 5173 τοῦ
1431 5118 1567 5172 Θεοῦ
1601 5118 1767 5172 αὐτοῦ
1795 5120 1839 5172 ἐκ

1964 5114 2154 5182 ipsius,
2181 5120 2235 5165 et
2263 5126 2367 5165 non
2402 5109 2895 5179 supplantabuu.ur
2921 5119 3141 5176 gressus
3162 5102 3278 5171 ejus
3303 5101 3368 5153 ³⁸.
3411 5120 3430 5152 ι

275 5209 475 5280 καρδίᾳ
500 5206 690 5273 αὑτοῦ,
721 5208 814 5261 καὶ
856 5210 953 5280 οὐχ
994 5211 1518 5282 ὐποσκελισθήσεται
1550 5211 1621 5264 τὰ
1667 5210 1856 5281 διαϐή-

279 5317 428 5370 ματα
456 5298 644 5353 αὑτοῦ.
663 5318 683 5351 ι

352 5411 498 5467 Τάδε
531 5413 692 5484 λέγει
724 5414 972 5482 Kzﬁptoc'
1019 5415 1148 5468 Ἐπὶ
1180 5414 1309 5479 ταῖς
1337 5412 1534 5482 τρισίν
1561 5414 1858 5483 ἀσεϐείαις

290 5501 541 5569 Ἰσραὴλ
587 5504 684 5557 καὶ
714 5503 813 5557 ἐπί
844 5503 977 5569 ταῖς
1002 5503 1298 5570 τέσσαρσι
1336 5504 1447 5555 οὐκ
1473 5502 1860 5575 ἀποστραφή-

277 5605 463 5662 σομαι
482 5596 689 5661 αὑτὸν,
716 5596 845 5651 ἀνθ’
862 5590 950 5651 ὧν
974 5590 1271 5652 ἀπέδοντο
1293 5593 1578 5663 ἀργυρίου
1605 5594 1852 5662 δίκαιον,

2040 5414 2207 5470 Vens.
2243 5414 2295 5468 6.
2328 5412 2457 5468 Ηαό
2481 5412 2604 5465 dicit
2639 5411 2894 5465 Dominus
2924 5424 2942 5463 :
2974 5407 3141 5476 Super
3162 5406 3328 5460 tribus
3356 5405 3548 5471 impie—

1972 5507 2165 5561 tatibus
2195 5505 2389 5569 Israel,
2418 5514 2465 5558 et
2489 5520 2643 5572 super
2672 5512 2900 5573 quatuor
2927 5517 3027 5555 non
3067 5509 3360 5553 convertam
3405 5512 3544 5559 eum,

1968 5615 2027 5652 co
2078 5600 2216 5667 quod
2269 5595 2614 5652 vendiderunt
2657 5604 2871 5665 argento
2912 5595 3205 5665 justum,ct
3264 5600 3548 5661 pauperem

362 5757 407 5809 ³³
444 5778 636 5848 Epiros.
678 5794 750 5847 IV,
796 5780 878 5836 14.
959 5781 1001 5812 ³⁵
1043 5779 1181 5833 Psal.
1218 5792 1345 5843 LXII,
1387 5779 1469 5833 ll.
1549 5780 1590 5811 ³⁸
1626 5779 1745 5836 Psal
1809 5795 1989 5846 xxxvi,
2032 5780 2120 5834 51.
