4054 6274
490 341 595 396 452)

1529 333 1586 388 S.
1626 329 1900 386 CYRILLI
1940 324 2408 386 ALEXANDRINI
2446 323 2770 382 ARCHIEP.

3671 322 3772 380 μθ

490 477 586 532 pro
631 459 992 517 calceamentis
1033 457 1424 513 conculcanlem
1466 471 1621 524 super
1659 454 1918 524 pulverem
1975 462 2080 506 ter-

2191 450 2279 504 ιιίιί
2301 448 2527 517 πένητα
2543 447 2753 500 ἕνεκεν
2768 443 3164 515 ὑποδημάτων
3188 440 3648 497 adamato-{trra
3674 443 3775 496 ἐπὶ

490 567 588 604 τω.

567 638 685 695 XV.
709 639 826 694 Non
863 637 1121 704 relinquit
1147 637 1497 708 impunitum,
1531 636 1627 691 sed
1653 635 1917 705 supplicio
1939 634 2074 688 sub-

489 730 814 800 jicitlsrael,
851 731 953 784 hoc
975 739 1078 794 est,
1115 730 1288 784 tribus
1321 730 1373 782 in
1402 727 1671 782 Samaria.
1691 725 1810 780 Jam
1835 742 1928 780 eos
1951 738 2080 793 quo-

493 835 602 888 que
639 833 895 890 peccasse
923 816 1114 882 libere,
1136 832 1200 872 ac
1227 817 1538 886 prodegisse
1565 814 1947 884 propemodum
1995 815 2077 868 iu-

495 909 670 966 tirmis
725 909 962 965 debitam
1013 924 1043 963 a
1093 907 1204 963 Deo
1251 923 1441 978 pacem
1483 918 1538 961 et
1607 907 2074 976 tranquillitatem,

493 1000 780 1058 ostendere
833 1008 1016 1070 potest
1068 1015 1231 1070 super
1280 1001 1454 1056 tribus
1497 1008 1552 1054 et
1599 1009 1830 1070 quatuor
1847 999 2080 1068 peccatis

493 1092 751 1148 aversio:
784 1106 946 1161 quam
981 1092 1072 1160 qui
1111 1091 1320 1161 experti
1360 1100 1510 1157 sunt,
1558 1105 1650 1146 eos
1679 1089 2079 1145 calamitatibus

493 1184 709 1254 subjici,
760 1192 816 1239 et
854 1183 908 1238 in
953 1183 1102 1238 omni
1155 1183 1374 1238 miseria
1421 1182 1652 1238 volutari
1706 1196 1930 1238 necesse
1973 1191 2076 1238 est.

494 1273 730 1330 Proinde
774 1283 829 1330 et
874 1272 1064 1340 David,
1098 1274 1203 1328 hoc
1243 1272 1564 1337 formidans,
1593 1287 1691 1328 nec
1740 1273 1995 1341 ignorans
2015 1286 2080 1326 eo

493 1366 794 1436 perniciem
826 1366 1332 1435 apportari,orabat
1370 1364 1456 1420 his
1475 1364 1654 1420 verbis
1687 1379 1703 1418 :
1742 1381 1762 1415 ε
1802 1363 1876 1419 Ne
1921 1379 2080 1420 aver-

495 1468 580 1513 tas
613 1456 807 1512 faciem
835 1466 982 1511 tuam
1003 1472 1032 1511 a
1057 1470 1164 1522 me,
1197 1464 1338 1512 etne
1372 1455 1612 1512 declines
1660 1455 1714 1510 in
1771 1456 1848 1509 ira
1873 1468 2080 1510 aservo

497 1561 592 1603 tuo
612 1548 680 1604 ³⁷.
717 1569 737 1602 ι
773 1549 856 1604 Ira
888 1549 1037 1604 enim
1077 1549 1394 1604 aversiones
1443 1547 1688 1617 sequitur
1734 1547 1976 1612 omnino,
2027 1554 2083 1601 et

496 1641 896 1712 quodammodo
913 1641 1221 1696 comitatur.
1253 1640 1387 1706 Quae
1425 1649 1604 1694 autem
1629 1640 1736 1695 sint
1773 1638 1979 1694 scelera
2003 1637 2083 1693 ls-o

499 1733 635 1796 rael,
666 1731 815 1787 clare
853 1730 1074 1786 indicat.
1110 1747 1129 1782 ι
1163 1728 1532 1785 Vendiderunt
1571 1729 1718 1785 enim
1743 1729 2079 1800 argentoju-

2181 540 2290 595 τὸν
2317 539 2470 608 χοῦν
2502 538 2612 608 τῆς
2642 536 2774 608 γῆς.

2252 634 2351 687 lE'.
2394 633 2508 685 Οὐκ
2550 629 2841 684 ἀνεύθυνον
2883 629 2968 700 ἐᾷ,
3005 628 3204 699 μᾶλλον
3247 626 3304 681 δὲ
3339 624 3608 696 ὑποφέρει
3656 628 3778 689 ταῖς

2179 725 2356 789 δίκαις
2389 723 2480 777 τὸν
2540 722 2776 793 Ἰσραὴλ,
2814 721 3080 786 τουτέστι,
3110 719 3207 783 τὰς
3246 720 3306 774 ὲν
3347 718 3638 790 Σαμαρείᾳ
3680 736 3779 788 φυ-

2180 815 2310 878 λάς·
2355 815 2437 867 ὅτι
2480 812 2538 866 δὲ
2584 813 2678 865 καὶ
2726 813 2881 866 αὐτοὶ
2927 811 3378 884 πλημμελοῦντες
3423 810 3774 880 ἀφυλάκτως,

2184 905 2469 976 μονονουχὶ
2519 905 2615 958 καὶ
2664 903 3071 976 δεδαπανήκασι
3130 902 3229 974 τὴν
3278 905 3395 966 τοῖς
3455 900 3776 956 ἀσθενοῦσιν

2179 995 2537 1066 ὀφειλομένην
2586 995 2734 1065 παρά
2785 993 2922 1048 Θεοῦ
2975 994 3342 1066 γαληνότητα,
3393 993 3777 1065 παραδείξειεν

2180 1088 2246 1141 ἂν
2273 1089 2306 1158 ἡ
2334 1087 2427 1140 ἐπὶ
2461 1087 2610 1158 τρισὶ⁴
2648 1087 2736 1140 καὶ
2781 1088 3074 1160 τέτταρσιν
3105 1087 3403 1159 ἁμαρτίαις
3428 1087 3775 1157 ἀποστροφὴ,

2182 1179 2248 1250 ἢν
2276 1178 2490 1249 ἀνάγκη
2521 1177 2849 1232 πεπονθόσιν
2877 1178 3250 1251 ὑποφέρεσθαι
3275 1181 3388 1242 τοῖς
3428 1179 3649 1241 δεινοῖς,
3684 1178 3776 1232 καὶ

2182 1272 2240 1324 ὲν
2271 1269 2434 1324 παντὶ
2465 1269 2720 1339 γενέσθαι
2747 1269 2923 1342 κακῷ.
2953 1269 3246 1342 Τοιγάρτοι
3272 1269 3368 1324 καὶ
3396 1270 3564 1324 Δαϐὶδ
3592 1269 3774 1334 δεδιὼς

2180 1362 2242 1416 τὸ
2267 1361 2478 1433 χρῆμα,
2518 1361 2613 1415 καὶ
2640 1360 2865 1434 ὀλέθρου
2901 1362 3163 1434 πρόξενον
3194 1360 3372 1428 εἰδὼς,
3402 1362 3661 1433 ἐλιπάρει
3689 1362 3775 1415 λέ-

2181 1471 2327 1523 γων’
2372 1471 2391 1506 ι
2431 1454 2522 1526 Μὴ
2548 1453 2901 1528 ἀποστρέψεις
2933 1454 2994 1509 τὸ
3023 1454 3317 1526 πρόσωπόν
3357 1471 3452 1508 σου
3496 1453 3594 1508 ἀπ’
3617 1452 3768 1524 ἐμοῦ,

2181 1546 2278 1600 καὶ
2331 1545 2407 1618 μὴ
2453 1545 2708 1616 ἐκκλίνῃς
2752 1547 2811 1599 ὲν
2857 1547 2995 1617 ὀργῇ
3043 1545 3155 1599 ἀπὸ
3198 1545 3293 1598 τοῦ
3335 1543 3528 1598 δούλου
3579 1561 3692 1598 σου.
3744 1563 3763 1598 ι

2183 1636 2416 1691 Ἔπεται
2446 1636 2558 1708 γὰρ
2583 1635 2828 1700 πάντως,
2858 1637 2954 1691 καὶ
2982 1635 3265 1700 οίονείπως
3300 1637 3634 1707 συνομαρτεῖ
3656 1637 3767 1699 ταῖς

2183 1730 2558 1800 ἀποστροφαῖς
2574 1731 2608 1801 ἡ
2628 1729 2785 1802 ὀργή.
2804 1729 2940 1785 Τίνα
2959 1730 3018 1784 δὲ
3034 1729 3100 1801 δὴ
3123 1728 3233 1783 τῶν
3265 1727 3328 1793 ἐξ
3360 1727 3583 1800 Ἰσραὴλ
3595 1727 3662 1780 τὰ
3679 1729 3758 1795 ὲγ-

499 1832 644 1878 stum
679 1833 732 1877 et
751 1836 1039 1892 pauperem
1069 1835 1167 1892 pro
1190 1821 1592 1888 calceamentis,
1629 1841 1649 1875 ι
1681 1822 1734 1876 id
1782 1831 1886 1886 est,
1928 1832 2075 1876 recta

2191 1820 2279 1891 ιλή
2289 1838 2458 1892 ματα,
2474 1820 2781 1895 διαγορεύει
2804 1819 3013 1891 σαφῶς.
3026 1839 3045 1875 ι
3056 1821 3385 1893 Πεπράκασι
3399 1819 3510 1892 γάρ
3526 1820 3770 1891 ἀργυρίῳ

498 1912 708 1981 etjusta
730 1913 878 1984 loqui
931 1912 1097 1984 266
1143 1927 1251 1968 non
1289 1912 1684 1980 sustinuerunt,
1711 1924 1767 1968 et
1819 1912 1922 1983 legi
1949 1927 2082 1968 cou-

499 2012 758 2074 gruenter
782 2003 1113 2059 exercerein
1135 2001 1363 2074 singulis
1386 2002 1675 2072 judicium.
1708 2003 1815 2060 Sed
1867 2003 1914 2059 si
1940 2005 2082 2060 forte

498 2095 816 2166 contigisset
844 2095 1018 2150 virum
1047 2093 1276 2164 justum,
1309 2095 1632 2163 modestum,
1656 2097 1863 2164 mitem,
1892 2099 2082 2153 mode-

500 2196 675 2241 ratum
717 2196 773 2242 et
829 2201 859 2241 a
903 2186 1163 2258 iactantia
1231 2187 1470 2244 alienum
1519 2189 1666 2256 (talis
1684 2189 1830 2245 enim
1857 2189 1993 2260 justi
2027 2200 2085 2246 et

498 2280 778 2349 pauperis,
804 2278 854 2335 id
884 2287 990 2346 est,
1038 2281 1291 2352 pauperis
1333 2280 1547 2351 spiritu,
1591 2281 1811 2339 nomine
1856 2281 2080 2354 intelligi

499 2367 722 2436 potest),
760 2364 814 2420 in
869 2364 1134 2436 judicium
1181 2383 1212 2423 a
1257 2369 1654 2440 potentioribus
1703 2371 1908 2436 vocari,
1937 2371 2085 2428 hunc

500 2458 861 2514 vendiderunt
882 2459 1120 2517 inimicis
1144 2500 1162 2524 ,
1191 2476 1503 2534 quanquam
1531 2463 1586 2518 id
1613 2462 1730 2534 lege
1751 2471 1938 2534 aperte
1960 2479 2087 2534 pro.

501 2549 744 2616 ltibcnte,
773 2564 896 2606 cum
930 2552 1048 2606 ait:
1086 2570 1106 2606 ι
1135 2551 1252 2609 Νοιι
1280 2555 1517 2626 accipies
1551 2571 1838 2625 personam
1898 2558 1950 2612 in
1994 2557 2083 2628 ju-

500 2641 645 2696 dicio
670 2640 735 2696 ³⁸.
775 2659 798 2696 ι
823 2641 895 2700 Ει,
921 2643 1150 2700 iterum:
1205 2663 1224 2698 ι
1266 2645 1616 2704 lnnocentem
1646 2657 1703 2704 et
1723 2647 1932 2718 justum
1975 2663 2081 2703 non

500 2725 887 2788 interﬁcies".
928 2749 949 2784 ι
1000 2729 1212 2788 Etenim
1257 2734 1347 2790 cui
1405 2733 1642 2792 officium
1687 2735 1884 2805 iudicis
1931 2751 2083 2791 man-

499 2818 683 2875 datum
705 2830 811 2888 est,
841 2821 1018 2879 locum
1050 2824 1144 2880 Dei
1176 2824 1334 2896 plane
1362 2827 1586 2891 obtinet,
1610 2827 1697 2882 cui
1726 2837 1782 2882 et
1818 2827 1918 2883 soli
1961 2842 2082 2897 pro-

498 2910 678 2979 prium
711 2922 796 2968 est
821 2913 1086 2985 judicare.
1107 2934 1127 2968 ι
1164 2901 1316 2971 Unus
1347 2925 1434 2972 est
1465 2918 1610 2972 enim
1630 2917 1975 2986 legislatoret
1995 2919 2086 2986 ju-

500 3001 603 3056 tlex
636 3000 706 3070 ιθ,
745 3021 764 3056 ι
799 3014 1097 3062 ulsanctus
1113 3007 1332 3076 quidam
1359 3007 1457 3062 ait.
1516 3007 1619 3075 Qui
1657 3009 1824 3078 igitur
1860 3010 2086 3080 justitite

499 3093 769 3149 rationem
801 3095 1070 3151 adulterat
1097 3105 1150 3153 et
1173 3112 1461 3168 personam
1495 3099 1810 3169 respicit,in
1845 3101 2082 3156 divinam

2186 1911 2415 1978 δίκαιον,
2447 1913 2544 1967 καὶ
2572 1913 2783 1985 πένητα
2810 1912 2996 1967 ἕνεκεν
3018 1913 3406 1984 ὑποδημάτων,
3424 1932 3442 1965 ι
3473 1911 3774 1977 τουτέστιν,

2187 2002 2326 2073 ὀρθὰ
2370 2004 2466 2059 καὶ
2492 2004 2680 2059 δίκαια
2713 2004 2895 2060 λαλεῖν
2929 2006 3032 2060 οὐκ
3059 2005 3374 2076 ἠνέσχοντο,
3418 2005 3511 2060 καὶ
3537 2003 3775 2075 συμΰαί-

2186 2111 2384 2148 νουσαν
2427 2094 2506 2166 τῷ
2551 2095 2703 2166 νόμῳ
2751 2095 2852 2167 τὴν
2897 2098 2982 2164 ἐφ’
3025 2095 3243 2168 ἑκάστῳ
3286 2095 3399 2150 τῶν
3435 2096 3778 2168 κρινομένων

2189 2186 2460 2242 ποιεῖσθαι
2507 2188 2685 2260 δίκην.
2730 2187 2872 2242 Ἀλλ’
2915 2190 2966 2244 εί
3017 2188 3216 2260 συνέϐη
3263 2188 3427 2260 τυχὸν
3471 2189 3649 2260 ἄνδρα
3695 2188 3778 2241 δί-

2187 2297 2378 2347 καιον,
2413 2277 2669 2354 σώφρονά
2713 2282 2808 2336 καὶ
2851 2282 3105 2353 ἐπιεικῆ,
3151 2281 3512 2354 μετριόφρονά
3551 2297 3616 2333 τε
3681 2279 3781 2334 καὶ

2187 2370 2564 2440 ἀφιλόκομπον
2617 2369 2859 2442 (νοηθείη
2907 2369 3018 2443 γὰρ
3083 2368 3151 2425 ἂν
3206 2368 3408 2424 τοιόσδε
3447 2365 3660 2430 δίκαιός
3718 2382 3778 2418 τε

2187 2460 2323 2532 ὁμοῦ
2375 2462 2468 2516 καὶ
2505 2461 2698 2533 πένης,
2727 2461 2848 2533 ῆτοι
2877 2460 3094 2532 πτωχὸς
3119 2459 3198 2532 τῷ
3226 2458 3518 2530 πνεύματι)
3553 2474 3779 2528 παρενε-

2188 2551 2384 2626 χθῆναι
2421 2553 2559 2624 πρὸς
2590 2552 2774 2625 κρίσιν
2799 2551 2907 2606 ὑπὸ
2933 2550 3143 2605 τούτων
3174 2549 3588 2620 δυνατωτέρων,
3627 2540 3780 2609 οὗτος

2188 2643 2612 2715 καταπέπραται
2640 2645 2755 2708 τοῖς
2785 2641 3021 2714 ἐχθροῖς,
3061 2641 3239 2696 καίτοι
3264 2639 3359 2694 τοῦ
3386 2638 3555 2708 νόμου
3588 2635 3779 2704 σαφῶς

2189 2732 2604 2806 διηγορευκότος
2631 2733 2716 2799 τὸ,
2755 2751 2774 2786 ‹
2815 2733 2892 2788 Οὺ
2919 2732 3066 2804 λήψῃ
3096 2731 3390 2803 πρόσωπον
3429 2731 3489 2784 ἐν
3515 2729 3716 2804 κρίσει.
3753 2746 3773 2780 ι

2189 2827 2300 2880 Καὶ
2323 2825 2504 2892 πάλιν,
2542 2843 2562 2878 ι
2614 2823 2815 2879 Ἀθῶον
2843 2825 2938 2879 καὶ
2977 2825 3186 2880 δίκαιον
3228 2825 3329 2877 οὐκ
3373 2823 3716 2885 ἀποκτενεῖς.
3751 2837 3772 2873 ο

2202 2917 2262 2970 Ὁ
2313 2916 2422 2989 γάρ
2468 2933 2553 2970 τοι
2599 2916 2808 2988 κρίνειν
2861 2915 3329 2988 πεπιστευμένος,
3387 2914 3630 2986 κάθηταί
3677 2930 3777 2968 που

2190 3006 2410 3071 πάντως
2441 3009 2500 3060 ὲν
2528 3006 2680 3074 τάξει
2712 3006 2870 3072 Θεοῦ,
2905 3000 2952 3075 ᾧ
2989 3006 3054 3078 δὴ
3097 3007 3161 3061 τὸ
3211 3006 3420 3078 κρίνειν
3480 3004 3580 3058 καὶ
3633 3004 3775 3076 μόνῳ

2190 3099 2412 3153 οίκεῖον.
2463 3117 2484 3151 ι
2537 3095 2632 3164 Εἷς
2674 3098 2784 3171 γάρ
2833 3100 2950 3152 ἐστι
2995 3097 3313 3170 νομοθέτης,
3361 3099 3456 3153 καὶ
3496 3100 3717 3171 κριτὴς,
3751 3115 3769 3150 t

466 3258 469 3259 ν
502 3185 876 3242 excellentiam
901 3189 1326 3246 contumeliosus
1351 3192 1478 3259 erit,
1534 3202 1591 3248 et
1639 3191 1804 3250 Deum
1852 3193 2084 3251 otl‘endet

2191 3189 2333 3244 κατά
2374 3187 2474 3261 τὴν
2516 3188 2612 3243 τοῦ
2659 3189 2817 3259 ἁγίου
2850 3190 3056 3261 φωνήν.
3104 3188 3317 3243 Οὐκοῦν
3348 3191 3377 3244 ὀ
3416 3188 3516 3243 τοῦ
3569 3189 3778 3243 δικαίου

502 3277 772 3334 dicentem
802 3293 816 3330 :
850 3297 868 3332 ι
909 3277 1387 3350 Iustumjudicium
1407 3282 1672 3354 judicate,
1692 3293 1749 3338 et
1773 3284 2086 3342 misericor-

458 3369 473 3383 '
503 3367 648 3422 diam
677 3377 734 3425 et
766 3368 1142 3428 miserationes
1173 3371 1336 3428 facite
1355 3375 1726 3444 unusquisque
1754 3390 1879 3431 cum
1906 3377 2087 3445 proxi-

502 3472 594 3513 mo
621 3472 720 3515 suo
748 3458 816 3516 “.
850 3478 871 3514 ι
918 3462 1152 3518 Accusat
1196 3462 1361 3534 igitur
1399 3477 1515 3531 eos,
1553 3470 1611 3518 ut
1643 3464 1735 3535 qui
1780 3462 1986 3533 justum
2033 3473 2088 3520 et

503 3561 798 3619 pauperem
827 3549 1064 3607 inimicis
1107 3566 1296 3607 eorum
1340 3553 1706 3619 vendiderint,
1751 3563 1808 3610 et
1845 3553 1991 3611 istud
2013 3553 2090 3610 fa-

503 3653 630 3697 cere
655 3641 801 3699 soliti
827 3642 934 3699 sint
964 3651 1184 3712 prepter
1214 3644 1588 3714 quaesticulum
1623 3645 1968 3712 vilissimum,
1993 3647 2086 3716 qui

503 3731 637 3803 ipsis
688 3734 1078 3804 accipientibus
1141 3735 1211 3790 ad
1281 3737 1643 3807 comparanda
1721 3737 2085 3794 calceamettta

504 3833 714 3878 tantum
734 3825 993 3895 prodesse
1020 3836 1204 3896 queat.
1236 3828 1398 3897 Atqui
1429 3827 1588 3893 longe
1605 3827 1896 3898 praestabat
1925 3829 2087 3886 recti-

505 3913 772 3978 tudinem,
805 3924 860 3970 et
886 3914 983 3971 Dei
1012 3916 1410 3986 beneplacilum
1465 3918 1810 3988 complexos,
1859 3921 2085 3976 honori-

504 4003 610 4060 bus
635 4005 704 4061 ab
733 4020 799 4062 eo
824 4005 1039 4063 donatis
1063 4007 1207 4063 velut
1240 4007 1518 4076 inebriari,
1538 4018 1594 4063 et
1631 4011 1787 4066 bonae
1816 4010 1975 4067 {anne
2003 4013 2087 4069 di-

503 4095 668 4152 vitias
691 4096 960 4155 obtinere.
1000 4117 1020 4150 ι
1073 4099 1379 4170 Eligibilius
1417 4101 1562 4156 enim
1596 4101 1799 4158 bonum
1864 4119 2083 4170 nomen,

505 4204 668 4260 quam
685 4190 888 4248 divitia;
917 4191 1095 4248 multa:
1117 4192 1184 4248 δ’.
1215 4212 1235 4246 ι
1272 4193 1563 4252 Sciendum
1586 4211 1771 4267 porro,
1803 4198 1967 4253 etiam
1993 4213 2089 4270 per

505 4283 702 4340 Isaiam
729 4284 834 4339 tale
863 4285 989 4356 quid
1013 4287 1078 4340 ad
1108 4285 1416 4344 Iudaeorum
1458 4300 1715 4356 matrem,
1781 4305 1976 4362 nempe
2019 4293 2089 4349 ad

505 4372 808 4431 Jerusalem
837 4377 1040 4431 dictum
1061 4392 1184 4433 esse
1215 4393 1230 4430 :
1265 4398 1286 4432 ι
1327 4379 1608 4451 Principes
1647 4383 1721 4438 tui
1739 4385 1958 4454 pupillis
1980 4400 2088 4440 non

2188 3280 2628 3354 παρασημαίνων
2664 3281 2756 3336 τὸν
2789 3281 2948 3350 λόγον
2993 3282 3087 3336 καὶ
3113 3283 3194 3346 εἰς
3225 3281 3516 3353 πρόσωπον
3538 3281 3774 3352 βλέπων,

2188 3373 2400 3447 ὑδρίσει
2427 3391 2531 3428 που
2557 3374 2619 3428 τὸ
2643 3374 2788 3428 θεῖον
2814 3374 3054 3446 ἀξίωμα,
3091 3375 3188 3429 καὶ
3215 3374 3297 3446 τῷ
3325 3375 3446 3446 Θεῷ
3473 3372 3770 3445 προσκρού-

2189 3483 2293 3535 σει,
2317 3465 2570 3535 ,λέγοντν
2609 3485 2629 3520 ι
2680 3468 2873 3539 Κρῖμα
2919 3466 3128 3521 δίκαιον
3201 3467 3452 3540 κρίνατε,
3498 3467 3592 3521 καὶ
3628 3466 3774 3528 ἔλεος

2188 3557 2283 3610 καὶ
2329 3557 2614 3630 οίκτιρμόν
2656 3561 2863 3612 ποιεῖτε
2927 3558 3160 3622 ἕκαστος
3213 3557 3352 3630 πρὸς
3409 3557 3504 3612 τὸν
3550 3556 3777 3628 πλησίον

2187 3648 2377 3706 αὐτοῦ.
2418 3669 2436 3702 t
2471 3650 2724 3706 Αἰτιᾶται
2749 3650 2932 3706 τοίνυν
2972 3650 3050 3714 ὡς
3073 3649 3535 3713 καταπωλοῦντας
3563 3649 3777 3720 ἐχθροῖς

2187 3741 2278 3796 τὸν
2307 3741 2514 3797 δίκαιόν
2540 3760 2602 3796 τε
2639 3743 2737 3796 καὶ
2779 3743 3011 3814 πένητα,
3047 3743 3142 3798 καὶ
3169 3741 3331 3796 τοῦτο
3357 3743 3494 3814 δρᾷν
3522 3741 3774 3803 εἰωθότας

2187 3831 2385 3904 ὀλίγων
2415 3834 2578 3889 ἓνεκα
2636 3834 2732 3889 καὶ
2761 3834 3132 3890 ἀτελεστάτων
3149 3834 3474 3907 λημμάτων,
3505 3833 3543 3888 δ.
3562 3833 3661 3888 καὶ
3693 3830 3768 3902 μό·

2189 3942 2302 3990 νοις
2339 3927 2450 3989 τοῖς
2476 3924 2748 4004 ,λαϐοῦσιν
2792 3926 3087 3998 ἀρκέσειεν
3130 3925 3197 3981 ἂν
3234 3924 3372 3995 πρὸς
3417 3924 3770 3996 ὑποδημάτων

2189 4018 2405 4090 κτῆσιν.
2459 4017 2599 4071 Ἀλλ’
2633 4014 2704 4090 ἦν
2739 4019 2962 4090 ἄμεινον
2997 4017 3151 4090 παρά
3192 4016 3329 4072 πολὺ
3370 4015 3473 4089 τὴν
3513 4012 3777 4108 ὀρθότητά

2187 4121 2249 4159 τε
2287 4107 2384 4160 καὶ
2411 4105 2473 4159 τὸ
2519 4105 2639 4177 Θεῴ
2669 4106 2860 4161 δοκοῦν
2901 4109 3072 4180 τιμᾷν
3120 4105 3447 4179 ᾑρημένους,
3475 4109 3599 4170 ταῖς
3652 4121 3759 4177 παρ

2189 4197 2356 4252 αὐτοῦ
2407 4199 2608 4270 μᾶλλον
2640 4198 3010 4271 καταμεθύειν
3065 4201 3277 4270 τιμαῖς,
3316 4199 3412 4254 καὶ
3451 4197 3637 4270 μέντοι
3688 4197 3780 4251 καὶ

2192 4287 2422 4342 πλοῦτον
2446 4289 2592 4360 ἔχειν
2622 4288 2712 4344 τὸν
2735 4289 2795 4356 ἐξ
2825 4288 3038 4360 ἀγαθῆς
3065 4287 3620 4361 εὐφημίας.ιΔίρετὸν
3645 4287 3777 4356 γὰρ,

2193 4381 2379 4451 φησὶν,
2412 4379 2585 4452 ὄνομα
2613 4380 2800 4449 καλὸν,
2834 4381 2868 4452 ἢ
2911 4380 3142 4445 πλοῦτος
3173 4381 3362 4445 πολύς.
3399 4398 3422 4435 ι
3477 4379 3679 4432 ’ἰστέον
3718 4377 3780 4431 δὲ

505 4467 775 4536 judicant,
802 4467 1077 4536 etjudicio
1098 4469 1379 4525 viduarum
1409 4489 1516 4528 non
1539 4477 1824 4530 attendunt
1852 4476 1919 4532 “.
1963 4495 1982 4529 ι
2023 4477 2084 4532 Et

2192 4473 2274 4526 ὅτι
2317 4473 2411 4526 καὶ
2457 4471 2548 4526 διά
2595 4473 2781 4542 φωνῆς
2833 4473 3054 4527 Ἡσαΐου
3088 4473 3328 4527 τοιοῦτόν
3362 4471 3415 4526 τί
3454 4487 3586 4541 φησι
3637 4469 3780 4542 πρὸς

508 4573 700 4613 rursus
730 4575 828 4632 per
849 4558 1175 4617 Jeretniam:
1202 4580 1222 4614 ι
1263 4560 1543 4632 Principes
1571 4565 1687 4633 ejus
1727 4580 1851 4621 cum
1903 4583 2091 4624 mune-

507 4652 660 4707 ribus
675 4652 994 4722 judicabant
1017 4651 1498 4712 "‘.tExsecranda
1513 4657 1676 4726 igitur
1704 4673 1792 4714 res
1813 4663 1953 4733 apud
1969 4677 2090 4718 om-

510 4756 632 4810 nes,
667 4760 774 4799 non
796 4753 960 4808 recte,
990 4753 1046 4799 et
1075 4752 1230 4798 extra
1277 4743 1604 4802 calumniam
1637 4748 1920 4819 judicaudi
1975 4767 2095 4807 mu-

510 4851 640 4893 nere
667 4835 847 4906 fungi;
883 4835 976 4891 sed
1020 4849 1143 4890 cum
1199 4836 1399 4891 invidia
1457 4841 1853 4908 quodammodo
1902 4851 1958 4898 et
2011 4845 2094 4898 in-

511 4929 841 5002 aequalitate,
871 4938 930 4985 ut
955 4929 1428 4990 criminationibus
1461 4935 1538 4991 sis
1562 4932 1865 5004 expositus.

589 5191 752 5248 Vens.
784 5193 837 5248 7.
868 5192 935 5247 Et
964 5196 1151 5266 pugnis
1189 5196 1542 5265 percutiebant
1593 5198 1648 5251 in
1686 5199 1862 5268 capita
1891 5203 2097 5256 mendi-

515 5298 694 5335 eorum
704 5323 718 5336 .

587 5374 726 5428 XVI.
762 5374 1066 5432 Secundum
1097 5376 1393 5448 potentiam
1425 5385 1481 5432 et
1528 5378 1648 5436 aliis
1712 5384 2097 5450 pmeminendi

527 5465 768 5519 studium
787 5479 880 5519 eos
899 5467 1265 5536 reprehendit,
1302 5466 1586 5538 palamque
1609 5477 1666 5524 ut
1711 5472 1906 5542 impios
1927 5483 1982 5529 et
1999 5475 2099 5530 mi-

2208 4565 2478 4620 Ἰουδαίων
2518 4565 2753 4637 μητέρα,
2804 4566 3076 4631 τουτέστι,
3121 4565 3223 4638 τὴν
3271 4563 3651 4638 Ἰερουσαλὴμ,
3699 4563 3783 4616 ὅτι

2205 4677 2225 4711 ι
2263 4659 2326 4713 Oi
2358 4657 2618 4730 ἄρχοντές
2648 4674 2742 4710 σου
2775 4657 3044 4729 ὀρφανοὺς
3073 4657 3134 4710 οὗ
3163 4657 3435 4729 κρίνουσι,
3465 4656 3561 4710 καὶ
3599 4656 3782 4726 κρίσει

2197 4752 2370 4824 χήρας
2415 4750 2477 4804 οὑ
2514 4751 2863 4822 προσέχουσιθ
2901 4769 2920 4802 ι
2952 4749 3038 4804 διὰ
3067 4749 3125 4804 δὲ
3141 4749 3405 4821 Ἰερεμίου
3441 4747 3637 4803 πάλιν·
3671 4765 3691 4799 t
3720 4747 3786 4801 Οί

2199 4843 2492 4916 ἡγούμενοι
2520 4844 2709 4914 αὐτῆς,
2746 4841 2884 4913 μετά
2925 4841 3116 4913 δώρων
3165 4841 3438 4912 ἔκρινον.»
3481 4840 3790 4910 Ἐπάρατον

2199 4932 2296 4991 οὖν
2317 4937 2567 5007 πανταχῆ
2588 4935 2650 4988 τὸ
2677 4935 2752 5006 μὴ
2782 4933 2950 5006 ὀρθήν
2963 4949 3023 4986 τε
3045 4931 3139 4986 καὶ
3159 4931 3482 5002 ἀδιάϐλητον
3513 4929 3792 4984 ποιεῖσθαι

2200 5029 2300 5099 τὴν
2342 5027 2544 5099 κρίσιν,
2571 5026 2688 5080 ἀλλ’
2716 5024 2933 5096 ἐπαχθῆ
2960 5024 3164 5096 τρόπον
3185 5023 3307 5079 τινά
3359 5024 3455 5078 καὶ
3487 5023 3578 5077 ἐπ’
3605 5021 3795 5079 ἀνισό-

2198 5137 2321 5191 τητι
2353 5118 2610 5188 δια6ε6λη
2618 5117 2806 5188 μένην.

2267 5212 2377 5267 Καὶ
2405 5209 2792 5271 ἐκονδύλιζον
2826 5211 2914 5276 είς
2955 5209 3224 5278 κεφαλὰς
3259 5204 3514 5275 πτωχῶν

2270 5384 2387 5451 ΚΓ.
2429 5383 2588 5439 Κατά
2621 5381 2946 5438 δυναστείαν
2973 5382 3161 5444 αὐτοῖς
3207 5380 3304 5434 καὶ
3342 5379 3663 5444 πλεονεξίαν
3699 5381 3798 5448 ὲγ-

2200 5475 2356 5529 καλεῖ
2419 5475 2513 5528 καὶ
2565 5474 2904 5531 καταιτιᾶται
2953 5471 3160 5536 σαφῶς,
3194 5469 3270 5533 ὡς
3313 5467 3564 5532 ἀνοσίους
3597 5485 3659 5520 τε
3699 5466 3802 5521 καίΙ

590 5673 805 5753 ⁸⁷.ίῘ⁵ἔ¹¹·
845 5674 1378 5753 ¹κ“’,ἱι9·..ῗ⁸..¹)θ.¹¹¹·
1416 5675 1561 5753 ¹ο¹7ς
1637 5681 1680 5713 ³³
1743 5681 1912 5739 Exod.
1956 5699 2084 5739 χχιιι

2191 5725 2199 5738 .
2278 5684 2322 5716 ⁸ο
2352 5684 2467 5740 Jac.
2516 5699 2586 5748 tv,
2627 5682 2714 5736 ιε.
2790 5681 2834 5715 ἰι
2872 5678 3040 5735 Zacb.
3079 5690 3155 5731 vtt
3182 5719 3196 5742 ,
3229 5673 3281 5728 9.
3358 5641 3410 5704 ⁸⁸,
3443 5672 3607 5727 Prov.
3647 5685 3778 5727 nu

526 5731 581 5790 ίο
653 5747 698 5778 ⁵³
725 5744 830 5801 lsa.
875 5759 913 5809 t,
945 5731 1034 5798 25.
1096 5741 1350 5797 l‘3‘Miclt.
1386 5731 1470 5809 ιιι,
1505 5731 1592 5798 ii.
