4054 6274
272 369 356 424 ιιι
1208 359 1759 418 COMMENTARIUS
1797 359 1865 415 IN
1902 359 2096 416 AMOS
2131 361 2572 419 PROPIIETAM.
3413 367 3520 426 ιω

274 485 758 558 ἁφιλοικτίρμονας,
807 483 901 537 καὶ
941 480 1034 545 οὓς
1075 474 1144 550 ἧν
1170 479 1391 548 ἄμεινον
1421 480 1514 533 καὶ
1553 478 1831 549 φροντίδος
1863 487 1882 542 Α

1979 481 2510 552 ericordiacexpcrtes
2540 482 2832 558 insimulat,
2885 493 2940 540 et
2995 493 3240 541 assuetos
3297 485 3519 542 laedere.

273 575 465 642 ἀξιοῦν,
500 577 590 629 καὶ
626 576 792 646 τιμᾷν
826 573 1056 632 ἑλέσθαι,
1090 570 1316 633 καὶτοῖς
1360 569 1419 633 ἐξ
1459 568 1679 638 ἀγάπης
1711 570 1833 619 ὲπι-

1979 584 2068 624 ιιοε
2102 580 2287 624 contra
2319 585 2448 626 cura
2474 557 2704 641 dignari,
2728 583 2784 628 et
2814 574 3108 632 honoribus
3146 576 3428 646 prosequi,
3469 586 3522 630 et

275 667 602 736 κουρήμασιν
625 663 962 718 ἀνακτᾶσθαι
1002 661 1172 730 φιλεῖν
1211 661 1276 712 ὲκ
1299 659 1407 713 τῶν
1439 658 1714 712 ὲναντίων·
1743 659 1836 710 καὶ

1979 663 2150 716 uxiliis
2175 677 2204 716 a
2229 663 2492 718 charitate
2509 665 2758 732 profectis
2772 667 3036 723 demereri
3064 668 3254 722 melius
3283 666 3475 721 fuisset
3503 683 3517 728 ;

276 757 468 811 ἀδικεῖν
502 756 791 820 εἰωθότας,
827 755 1117 825 ἀφορήτοις
1156 769 1215 805 τε
1259 752 1351 804 καὶ
1395 753 1616 822 πικραῖς
1669 765 1838 803 κατα-

1979 766 1990 806 ι
2036 753 2224 808 solitos
2273 754 2586 821 iniuriosius
2635 764 2895 825 tractare,
2957 759 3425 828 intolerandisque
3467 768 3521 811 et

274 849 528 919 τήκοντας
560 846 757 910 λύπαις
795 847 918 909 τοὺς
954 847 1019 915 τῇ
1068 842 1311 914 πτωχείᾳ
1348 840 1836 912 πεφορτισμένους.

1979 843 2145 898 cerbis
2173 858 2450 898 macerare
2505 845 2766 900 molestiis
2806 850 3139 915 paupertatis
3206 866 3371 905 onere
3420 864 3507 918 op-

286 941 417 994 Ἀλλ’
439 942 467 994 ὅ
495 957 555 1008 γε
586 939 786 1010 Κύριος
807 937 961 1009 ἡμῶν
994 937 1074 1000 εἰς
1101 936 1298 989 οἰκεῖον
1327 935 1632 1004 ἀναγράφει
1669 931 1837 1002 πρόσ-

1979 948 2176 988 rcssos.
2207 932 2407 988 Verum
2435 935 2694 990 Dominus
2716 947 2897 990 uoster
2921 937 3024 992 sibi
3058 939 3199 994 facta
3220 942 3371 1004 dicit,
3395 955 3514 1006 qua:

275 1051 418 1089 ωπον
441 1035 509 1088 τὰ
538 1035 617 1098 είς
643 1035 839 1096 αὐτοὺς
867 1029 1236 1100 πραττόμενα.
1279 1025 1486 1080 Οὐκοῦν
1513 1025 1574 1078 οὐ
1608 1023 1840 1095 μετρίως

1979 1041 1994 1078 ι
2027 1024 2145 1080 illos
2162 1023 2316 1078 liuut.
2343 1024 2521 1091 Quare
2544 1039 2647 1080 non
2680 1027 3025 1083 mediocriter
3067 1031 3232 1085 Deum
3285 1031 3514 1086 oll‘endi-

276 1127 388 1196 Θεῷ
415 1126 847 1195 προσκρούομεν,
893 1121 1336 1182 πλεονεκτοῦντες
1364 1118 1454 1171 τὸν
1482 1116 1703 1186 ἀσθενῆ,
1746 1115 1843 1170 κα)⁸

1979 1130 2085 1178 ius,
2114 1115 2241 1170 dum
2291 1117 2564 1172 infirmum
2618 1119 3091 1185 circumvenimus,
3147 1129 3202 1173 et
3259 1121 3515 1176 humilem

275 1214 561 1276 τύπτοντες
591 1216 688 1284 μὲν
713 1211 962 1266 ταπεινὸν
995 1211 1260 1280 πυγμαῖς,
1299 1206 1479 1271 καθὼς
1514 1207 1840 1276 γέγραπται,

1981 1221 2121 1277 ugno
2157 1207 2504 1275 percutimus,
2539 1218 2597 1263 ut
2622 1212 2878 1281 scriptum
2913 1219 3031 1277 est,
3086 1212 3248 1282 26⁸1
3292 1227 3518 1266 exacer-

279 1307 795 1377 καταπικραίνοντες
830 1305 888 1358 δὲ
923 1305 1044 1366 ταῖς
1073 1301 1396 1372 δυσθυμίαις
1423 1301 1548 1364 τοὺς
1587 1301 1655 1370 τῇ
1690 1315 1842 1351 τι-τως⁵

1981 1308 2135 1352 antes
2162 1298 2328 1352 animi
2367 1301 2690 1356 maeroribus
2715 1316 2810 1357 eos
2843 1317 2978 1372 quos
3009 1303 3342 1374 paupertatis
3381 1318 3520 1358 onus

279 1400 394 1471 χείᾳ
426 1398 889 1468 κατηχθημένους,
919 1397 1093 1450 καίτοι
1122 1397 1278 1464 χεῖρα
1314 1393 1513 1464 μᾶλλον
1539 1390 1847 1460 ὀφείλοντες

1984 1397 2154 1450 ravat,
2181 1403 2301 1442 cum
2331 1391 2502 1458 magis
2531 1403 2721 1444 manus
2752 1390 2954 1446 amoris
2979 1401 3164 1445 mutua
3192 1392 3298 1446 illis
3345 1393 3521 1460 porri-

279 1491 489 1561 ὀρέγειν
517 1491 700 1552 αὐτοῖς
736 1487 832 1559 τὴν
861 1485 1202 1556 φιλάλληλον.
1235 1502 1253 1534 ι
1301 1482 1465 1538 Πενία
1492 1483 1620 1553 γὰρ,
1656 1480 1844 1549 φησὶν,

1979 1479 2118 1537 :enda
2148 1477 2305 1534 foret.
2339 1497 2358 1530 ι
2399 1477 2693 1549 Paupertas
2727 1481 2895 1546 enim,
2951 1483 3146 1550 inquit,
3205 1484 3376 1537 virum
3423 1483 3520 1537 hu-

280 1579 447 1650 ἄνδρα
476 1580 741 1639 ταπεινοῖ,
779 1579 959 1648 χεῖρες
1003 1575 1060 1629 δὲ
1109 1573 1368 1644 ἀνδρείων
1410 1572 1776 1636 πλουτίζουσι.
1825 1591 1842 1620 ι

1979 1567 2140 1631 niliat,
2178 1583 2369 1622 manus
2395 1579 2572 1624 autem
2592 1569 2812 1624 fortium
2835 1571 3015 1626 ditant
3037 1573 3104 1626 “.
3139 1592 3158 1624 ι
3194 1572 3395 1628 Scribit
3423 1573 3522 1626 ali-

282 1669 486 1740 Γράφει
514 1668 570 1721 δέ
600 1685 702 1720 που
741 1668 834 1721 καὶ
869 1669 897 1720 ὁ
926 1665 1161 1737 Χριστοῦ
1193 1663 1456 1735 μαθητήςο
1500 1681 1520 1714 ι
1573 1658 1850 1732 Θρησκεία

1979 1661 2072 1714 ubi
2093 1659 2255 1714 etiam
2288 1659 2489 1715 Christi
2533 1662 2858 1732 discipulus:
2905 1683 2925 1716 ι
2967 1664 3175 1733 Religio
3225 1666 3424 1719 munda
3466 1675 3522 1719 et

285 1760 500 1832 καθαρά
545 1761 637 1813 καὶ
687 1760 948 1830 ἀμίαντος
997 1757 1148 1827 παρά
1189 1755 1308 1826 Θεῷ
1356 1756 1450 1808 καὶ
1483 1753 1660 1823 Πατρὶ
1707 1749 1848 1820 αὕτη

1979 1750 2294 1806 mmaculata
2313 1754 2454 1821 apud
2481 1751 2646 1808 Deum
2671 1765 2726 1808 et
2755 1752 2970 1810 Patrem
3016 1759 3132 1810 haec
3155 1764 3262 1820 εει,
3304 1756 3526 1809 visitare

286 1830 450 1916 ἐστὶν,
481 1849 904 1904 ἐπισκέπτεσθαι
940 1848 1208 1919 ὀρφανοὺς
1252 1846 1347 1899 καὶ
1376 1846 1550 1916 χήρας
1579 1845 1636 1896 ὲν
1661 1845 1726 1913 τῇ
1755 1858 1847 1894 τα-

1979 1843 2183 1914 iupillos
2210 1852 2266 1899 et
2288 1844 2475 1898 viduas
2515 1843 2569 1898 in
2591 1844 2938 1902 tribulatione
2965 1847 3230 1916 ipsorum,
3259 1855 3316 1902 et
3335 1847 3529 1901 imma-

291 1942 539 1998 πεινώσει
573 1941 774 2010 αὐτῶν,
805 1941 899 1994 καὶ
929 1939 1153 1994 ἄσπιλον
1189 1936 1378 1992 ἑαυτὸν
1409 1936 1596 2008 τηρεῖν
1612 1933 1738 2010 ϋάπδ
1759 1930 1855 1987 τοῦ

295 2035 510 2106 κόσμου.
565 2054 583 2085 ι

356 2126 465 2180 Kal
503 2125 646 2180 ὁδὸν
670 2123 964 2179 ταπεινῶν
991 2122 1337 2189 ἐξέκλιναν.

358 2217 458 2269 IZ'.
490 2213 658 2268 Τοῦτο
683 2214 897 2284 νοήσεις
931 2213 1072 2284 δίχα.
1111 2212 1182 2264 Ἦ
1210 2211 1318 2282 γὰρ
1359 2205 1538 2262 ἐκεῖνό
1570 2221 1754 2278 φησιν,
1779 2203 1860 2258 ὅτι

291 2306 695 2374 πεφρονήκασιν
722 2303 1026 2374 ὑπέρογκα,
1061 2303 1154 2356 καὶ
1187 2297 1514 2367 θεοπυγοῦς
1542 2295 1861 2360 ἀλαζονείας

289 2401 370 2461 εἰς
415 2397 571 2451 τοῦτο
609 2397 834 2467 ἥκουσιν
885 2395 946 2448 τὸ
993 2394 1210 2464 μέτρον,
1240 2391 1315 2456 ὡς
1355 2387 1738 2462 παραιτεῖσθαι
1767 2387 1862 2440 καὶ

287 2489 569 2556 ἀδελφοὺς,
609 2490 654 2540 εί
699 2487 774 2557 μὴ
813 2485 1027 2555 πλούτῳ
1074 2482 1427 2554 περιχέοιντο,
1473 2479 1568 2534 καὶ
1603 2477 1862 2549 λαμπρὰς

288 2580 465 2650 ἔχοιεν
499 2579 598 2641 τὰς
652 2577 991 2648 περιουσίας,
1037 2575 1212 2644 μισεῖν
1253 2572 1309 2624 δὲ
1341 2571 1528 2642 ὥσπερ
1579 2570 1713 2623 ἰέναι
1768 2569 1865 2622 καὶ

289 2671 435 2726 κατά
459 2668 622 2722 ταυτδ
657 2669 768 2729 τοῖς
796 2667 896 2719 οὐκ
924 2665 1063 2733 ἄγαν
1089 2663 1415 2734 ὲξησκτδκόσι
1437 2660 1497 2713 τὺ
1527 2659 1865 2730 φιλοχρήμα-

291 2780 387 2816 τον
414 2760 608 2822 πάθος,
639 2759 688 2812 o'l
722 2759 816 2811 καὶ
844 2758 949 2810 εἰσὶ
974 2756 1240 2818 ταπεινοὶ,
1266 2753 1358 2807 τὸν
1385 2754 1587 2806 εἰκαῖον
1616 2749 1710 2803 τοῦ
1751 2748 1865 2819 βίου

295 2850 650 2920 διωθούμενοι
680 2848 860 2902 σάλον.
890 2847 1094 2915 Ἤγουν
1115 2846 1196 2898 ὅτι
1221 2843 1528 2913 καθηγηταί
1558 2841 1866 2911 γεγονότες,

296 2942 398 2995 καὶ
448 2939 592 2994 λαῶν
640 2939 954 3010 ἡγούμενοι,
1007 2935 1401 3008 παρευθύνουσι
1450 2934 1550 3004 τὴν
1592 2933 1709 2986 ὁδὸν
1759 2931 1868 2984 τῶν

291 3031 722 3100 ἀσθενεστέρων,
751 3031 869 3100 ἤτοι
909 3028 1018 3082 τῶν
1043 3025 1332 3092 ταπεινῶν,
1371 3025 1526 3097 δῆλον
1564 3024 1620 3078 δὲ
1647 3024 1729 3077 ὅτι
1758 3022 1868 3076 τῶν

292 3123 510 3180 οἴκοθεν
547 3123 644 3192 μὲν
667 3122 765 3174 οὐκ
799 3120 1028 3190 ἐχόντων
1060 3118 1158 3188 τὴν
1197 3116 1290 3173 τοῦ
1324 3117 1690 3189 συμφέροντος,
1718 3133 1868 3186 star,-

297 3232 384 3270 σιν
413 3213 634 3286 ἀκριϐῆ,
680 3211 1093 3285 προσκειμένων
1117 3209 1174 3262 δὲ
1223 3208 1418 3277 μᾶλλον
1454 3210 1572 3271 ταῖς
1599 3207 1710 3260 τῶν
1752 3223 1871 3258 παι-

295 3307 690 3377 δαγωγούντων
718 3306 944 3374 φωναῖς.
962 3301 1199 3372 Πλείστη
1216 3301 1271 3354 δὲ
1286 3301 1382 3372 ὅση
1405 3299 1610 3372 πληθὺς
1624 3301 1658 3370 ἡ
1672 3297 1869 3352 τοιάδε.

299 3399 447 3455 Ζῶσι
480 3398 579 3470 μὲν
609 3396 718 3466 γὰρ
748 3393 1203 3465 ἀπεριεργότερον
1223 3390 1316 3444 καὶ
1343 3393 1400 3444 ὲν
1422 3389 1684 3460 ἀπλύτητί
1708 3405 1872 3453 τινες,

297 3493 642 3562 ἀπήρτηνται
686 3488 744 3542 δὲ
784 3487 884 3558 τῆς
932 3486 1040 3539 τῶν
1087 3483 1446 3538 διδασκόντων
1494 3480 1700 3552 φωνῆς,
1757 3479 1876 3550 ἦτοι

301 3580 700 3650 παιδαγωγίας,
749 3577 844 3631 καὶ
869 3577 1045 3648 ἥνπερ
1093 3575 1161 3630 ἂν
1208 3572 1429 3644 μάθοιεν
1474 3567 1533 3625 εὖ
1559 3570 1707 3642 ἔχειν
1735 3570 1874 3635 ὁδὸν,

301 3675 556 3744 ἀγαπῶσι
613 3671 754 3727 λίαν.
784 3667 990 3724 Οὐκοῦν
1041 3668 1090 3720 οἱ
1125 3665 1224 3738 μὲν
1271 3663 1424 3735 σοφοὶ⁹
1472 3663 1566 3718 καὶ
1610 3661 1877 3730 θεοφιλεῖς

305 3770 416 3824 τῶν
449 3763 807 3836 καθηγεῖσθαι
834 3760 1130 3831 λαχόντων,
1164 3755 1266 3828 τὴν
1299 3756 1386 3809 ἐπ’
1415 3755 1546 3808 εὐθὺ
1573 3752 1878 3806 δεικνύουσι

305 3854 512 3926 τρίϐον,
545 3852 610 3906 δι’
642 3845 710 3923 ἦς
741 3847 886 3920 μάλα
912 3847 1238 3918 διᾴττοντες,
1271 3843 1373 3916 τὴν
1393 3842 1726 3897 ἀνδάνουσαν
1759 3839 1880 3910 Θεῷ

307 3943 634 4015 κατορθοῦσι
661 3941 827 4010 ζωήν.
858 3939 922 3991 Ol
941 3937 1010 3991 -δὲ
1031 3935 1096 4007 δὴ
1124 3932 1338 4006 μακρὰν
1364 3931 1460 3985 τοῦ
1493 3931 1637 3984 θείου
1675 3945 1880 4000 πεφρο-

309 4037 537 4108 νηκότες
559 4033 746 4102 νόμου,
778 4027 1174 4099 παρευθύνουσι
1195 4024 1304 4077 τῶν
1330 4021 1598 4077 ταπεινῶν
1621 4019 1718 4091 τὴν
1742 4021 1880 4084 ὁδὸν,

309 4129 420 4194 ἔξω
445 4122 542 4179 τοῦ
589 4121 796 4183 εἰκότος
830 4116 1039 4171 καὶτοῦ
1065 4115 1363 4188 πρέποντος
1391 4111 1606 4182 ἀληθῶς
1630 4109 1884 4180 γενέσθαι

311 4213 828 4290 παρασκευάζοντες
848 4208 1048 4282 (ὁποῖόν
1066 4226 1120 4262 τι
1145 4207 1400 4278 δέδρακεν
1430 4203 1732 4276 Ἰεροϐοάμ,
1757 4204 1887 4256 ἀνα-

314 4306 597 4370 πεπεικὼς
636 4301 963 4376 προσκυνεῖν
989 4301 1110 4362 ταῖς
1140 4295 1540 4368 χειροτεύκτοις
1575 4292 1885 4365 δαμάλεσι),

315 4403 413 4458 καὶ
439 4399 843 4468 ἀποστήσαντες
876 4389 995 4446 ὁδοῦ
1029 4390 1125 4460 τῆς
1157 4390 1237 4454 είς
1269 4387 1397 4440 εὐθύ
1434 4403 1496 4440 τε
1535 4386 1630 4439 καὶ
1657 4383 1884 4454 ἀγαθὸν,

316 4494 411 4550 τοῦ
447 4486 824 4564 προσκεῖσθαι,
863 4483 1028 4556 φημὶ,
1061 4480 1140 4552 τῷ
1166 4479 1325 4549 φύσει
1357 4477 1496 4549 Θεῷ.

403 4581 737 4638 Ἐκκλίνουσι
763 4577 872 4630 τῶν
897 4571 1168 4628 ταπεινῶν
1196 4569 1295 4634 τὰς
1324 4570 1475 4632 ὀδοὺς
1515 4567 1605 4622 καὶ
1628 4568 1677 4620 οἱ
1707 4565 1889 4635 λέγειν

317 4677 382 4731 οὐ
421 4672 840 4747 παραιτούμενοι
869 4666 946 4738 τῷ
974 4665 1121 4736 ἠπίῳ
1167 4662 1266 4725 τάς
1303 4660 1527 4732 φρένας·
1571 4659 1725 4714 Ἐλθὲ
1769 4658 1890 4730 μεθ’

319 4767 496 4841 ἡμῶν,
533 4764 859 4834 κοινώνησον
891 4759 1125 4830 αἵματος
1172 4754 1382 4810 ἀδίκου.
1422 4753 1756 4807 Ἐκκλίνουσι
1781 4751 1894 4804 τῶν

318 4859 595 4915 ταπεινῶν
628 4857 728 4926 τὴν
756 4854 870 4908 ὁδὸν
900 4851 994 4906 καλ⁸
1038 4851 1086 4904 οἱ
1127 4847 1235 4901 τῶν
1276 4844 1740 4917 ὲκκλησιαστικῶν
1769 4843 1895 4912 δογ-

323 4955 512 5024 μάτων
550 4946 990 5019 παρατρέποντες
1019 4942 1117 5014 τὴν
1156 4939 1424 5012 ὀρθότητα
1453 4938 1544 4991 ὲπί
1561 4955 1623 5007 γε
1658 4937 1718 4990 τὸ
1747 4935 1898 5004 σφίσι

321 5041 538 5105 δοκοῦν,
566 5039 661 5093 καὶ
691 5037 908 5089 σκολιὰν
962 5035 1057 5087 καὶ
1078 5029 1515 5104 διεστραμμένην
1547 5030 1681 5083 ἰέναι
1709 5027 1898 5100 τρίϐον

322 5136 418 5193 τὸν
440 5132 548 5186 τῶν
590 5126 970 5194 ἁπλουστέρων
1016 5121 1404 5185 ἀναπείθοντες
1447 5121 1602 5174 νοῦν·
1649 5118 1746 5171 καὶ
1790 5117 1900 5186 γάρ

325 5226 444 5279 ἔστι
473 5223 605 5293 παρ’
654 5219 837 5278 αὐτοῖς
884 5213 1040 5284 ὀρθὸν
1099 5213 1198 5283 μὲν
1264 5213 1436 5278 οὐδὲν,
1485 5207 1902 5280 ὲκτετραμμένα

326 5317 388 5372 δὲ
418 5314 616 5386 μᾶλλον
670 5308 765 5362 καὶ
794 5303 1003 5374 ἀκαλλῆ
1033 5305 1269 5374 ῥήματα,
1298 5303 1390 5355 καὶ
1417 5299 1682 5366 συνθῆκαι
1708 5296 1900 5366 λόγων,

328 5406 582 5468 ἀσεϐείας
617 5419 675 5456 τε
705 5397 841 5470 ὁμοῦ
877 5397 974 5450 καὶ
1005 5393 1276 5465 ἀμαθείας
1309 5391 1555 5462 ἔμπλεοι.

401 5496 510 5552 Καὶ
543 5493 674 5558 υίὸς
726 5489 825 5543 καὶ
872 5485 1070 5554 πατὴρ
1107 5481 1566 5548 εἰσεπορεύοντο
1609 5474 1758 5542 πρὸς
1794 5473 1908 5542 τὴν

1956 1935 2190 1992 culatum
2218 1950 2278 1993 se
2306 1935 2581 1993 custodire
2607 1938 2676 1994 ab
2697 1940 2799 1994 hoc
2831 1938 3028 1996 saeculo
3055 1938 3150 1994 ιδ’.
3187 1957 3208 1992 ι

2026 2115 2097 2170 Et
2126 2115 2275 2171 viam'
2293 2117 2566 2172 humilium
2585 2117 2994 2174 declinaverunt.

2028 2207 2190 2264 XVII.
2222 2208 2338 2264 l-loc
2364 2209 2611 2265 bifariam
2641 2211 2928 2282 intelliges.
2957 2212 3068 2267 Λυι
3103 2211 3252 2268 enim
3298 2211 3427 2266 illud
3457 2211 3534 2266 di-

1961 2301 2054 2365 cit,
2079 2317 2237 2370 supra
2269 2304 2484 2358 modum
2519 2300 2731 2358 inﬂatos
2767 2303 2956 2370 fuisse,
2974 2310 3029 2359 et
3086 2319 3154 2358 eo
3203 2306 3529 2375 arrogantia:

1961 2389 2072 2445 Deo
2106 2391 2334 2446 odibiles
2357 2394 2593 2458 venisse,
2623 2403 2682 2448 ut
2730 2401 2784 2448 et
2836 2393 3036 2450 fratres
3091 2403 3528 2464 aspernarentur,

1963 2481 2064 2536 nisi
2098 2483 2288 2551 opibus
2302 2482 2814 2550 circumﬂuerent,et
2829 2485 3136 2555 splendidas
3156 2499 3334 2540 rerum
3354 2485 3535 2555 copias

1963 2573 2247 2637 haberent,
2271 2584 2728 2645 gravarenturque
2782 2576 3180 2646 quodammodo
3222 2578 3409 2632 eadem
3448 2577 3535 2630 via

1966 2679 2087 2718 cum
2131 2665 2197 2718 iis
2248 2665 2475 2735 ingredi,
2527 2667 2621 2736 qui
2688 2667 2742 2722 in
2797 2670 3007 2724 ratione
3083 2669 3326 2738 pecunia:
3373 2681 3540 2721 avare

1965 2756 2276 2825 colligendae
2309 2773 2416 2814 non
2440 2769 2618 2815 essent
2639 2762 2856 2831 egregie
2881 2761 3189 2825 exercitati,
3217 2762 3308 2829 qui
3337 2768 3394 2815 et
3438 2760 3540 2814 hu-

1968 2848 2124 2903 miles
2146 2857 2294 2917 sunt,
2325 2843 2578 2906 fortuitus
2615 2854 2734 2908 vitae
2761 2853 2957 2908 ﬂuctus
2985 2854 3054 2908 ab
3090 2868 3149 2908 se
3192 2853 3535 2922 repellentes.

1968 2941 2073 2994 Aut
2097 2942 2222 3011 quia
2280 2943 2526 3013 magistri
2574 2953 2628 2998 et
2689 2947 2852 3000 duces
2878 2945 3058 3016 populi
3094 2946 3236 3000 viam
3271 2945 3543 3000 declinant

1971 3035 2330 3104 infirmorum,
2353 3037 2468 3092 sive
2492 3037 2796 3103 humilium,
2819 3053 3005 3092 eorum
3035 3037 3269 3102 scilicet,
3297 3037 3389 3106 qui
3449 3051 3547 3106 per

1971 3141 2031 3184 se
2049 3138 2353 3183 accuratam
2384 3128 2598 3184 utilium
2621 3139 2864 3185 nouttam
2902 3145 3008 3185 non
3041 3131 3278 3194 habent;
3306 3128 3398 3183 sed
3421 3142 3545 3181 cru-

1971 3219 2233 3274 dientium
2263 3234 2321 3274 se
2350 3221 2574 3276 vocibus
2603 3221 2783 3290 potius
2814 3223 3112 3277 adhaerent.
3140 3219 3349 3274 Talium
3389 3219 3544 3273 turba

1973 3309 2130 3379 longe
2156 3311 2388 3366 maxima
2418 3321 2523 3368 est.
2554 3310 2756 3366 Vivunt
2780 3314 2924 3367 enim
2949 3313 3165 3382 quidam
3223 3311 3548 3365 'ncuriosius

1973 3411 2028 3457 et
2055 3401 2111 3455 in
2138 3402 2506 3471 simplicitate,
2538 3418 2568 3457 a
2628 3404 2848 3460 vocibus
2885 3404 3222 3468 docentium,
3253 3403 3367 3456 sive
3401 3402 3553 3457 iusti-

1977 3493 2180 3549 tutione
2206 3497 2520 3564 pendentes,
2540 3504 2595 3551 et
2639 3512 2800 3567 quam
2849 3499 2988 3552 viam
3031 3499 3224 3552 bonam
3285 3509 3552 3561 cognove-

1979 3584 2106 3649 rint,
2140 3587 2486 3641 vehementer
2533 3599 2738 3643 amant.
2787 3587 3074 3656 Sapientes
3126 3588 3288 3657 igitur
3332 3596 3385 3640 et
3456 3585 3553 3639 Dei

1977 3685 2218 3731 amantes
2243 3675 2484 3745 magistri
2509 3677 2575 3730 ad
2607 3677 2659 3730 id
2695 3678 2836 3746 quod
2866 3688 3074 3732 rectum
3121 3687 3226 3741 est,
3265 3678 3557 3731 ostendunt

1981 3763 2103 3831 iter,
2129 3780 2223 3834 per
2250 3765 2390 3834 quod
2443 3765 2686 3820 actiones
2738 3780 2864 3821 suas
2923 3775 3327 3834 componentes,
3390 3767 3556 3820 vitam

1982 3855 2092 3910 Deo
2123 3855 2371 3924 placitam
2409 3854 2638 3911 feliciter
2663 3857 2968 3914 traducunt.
2994 3856 3232 3924 Quorum
3257 3867 3436 3913 autem
3463 3872 3558 3912 co-

1982 3945 2269 4016 gitationes
2307 3962 2337 4002 a
2369 3946 2478 4003 Deo
2509 3949 2696 4018 procul
2746 3950 2969 4016 distant,
3022 3951 3342 4021 detorquent
3376 3951 3559 4006 humi-

1984 4034 2113 4089 lium
2134 4036 2298 4098 viam,
2317 4035 2649 4106 faciuntque,
2674 4047 2732 4092 ut
2757 4046 2910 4092 extra
2945 4038 2996 4092 id
3019 4037 3163 4106 quod
3220 4053 3434 4106 aequum
3455 4045 3559 4102 est,

1985 4139 2039 4183 et
2064 4144 2192 4182 vere
2222 4130 2398 4196 decet,
2424 4128 2667 4182 ferantur
2714 4129 2892 4200 (quale
2943 4127 3071 4184 fecit
3118 4125 3425 4194 Jeroboam,
3469 4128 3560 4193 qui

1986 4219 2244 4276 Israelitis
2268 4230 2457 4274 auctor
2497 4218 2633 4287 fuit,
2679 4231 2737 4273 ut
2761 4218 2956 4274 vitulos
2995 4217 3331 4274 manufactos
3371 4220 3563 4274 adora-

1988 4320 2107 4366 rent
2135 4309 2295 4380 “),et
2315 4324 2346 4363 a
2368 4308 2450 4362 via
2476 4307 2541 4361 ad
2571 4316 2776 4361 rectum
2815 4315 2870 4361 et
2899 4306 3097 4362 bonum
3145 4305 3465 4368 deducente,
3499 4303 3565 4356 ad

1988 4401 2387 4466 adhaerendum,
2419 4400 2660 4470 inquam,
2683 4399 2756 4466 ei,
2783 4398 2875 4469 qui
2900 4408 3096 4454 natura
3126 4398 3267 4453 Deus
3301 4405 3569 4462 est,aver-

1916 4510 1962 4566 ι)
1993 4503 2125 4548 tum.

2057 4583 2233 4638 Etiam
2259 4580 2331 4636 illi
2361 4580 2644 4636 humilium
2667 4580 2806 4635 viam
2833 4579 3129 4647 declinant,
3188 4578 3280 4649 qui
3339 4592 3446 4633 non
3473 4576 3571 4630 du-

1989 4675 2168 4731 bitant
2203 4683 2385 4730 mente
2429 4687 2597 4744 puero
2628 4674 2855 4728 dicere:
2918 4672 3055 4729 Veni
3109 4671 3407 4732 nobiscum,
3455 4677 3574 4722 esto

1991 4767 2260 4836 particeps
2292 4766 2568 4834 sanguinis
2591 4765 2803 4835 injusti.
2828 4763 3099 4820 Praeterea
3127 4762 3402 4818 declinant
3431 4759 3572 4812 viam

1994 4856 2298 4924 humilium,
2328 4857 2416 4926 qui
2435 4856 2686 4925 dogmata
2717 4855 3093 4910 ecclesiastica
3135 4853 3202 4907 ad
3251 4865 3402 4906 suam
3460 4849 3577 4918 opi-

1997 4947 2213 5002 nionem
2248 4948 2559 5016 depravant,
2587 4955 2641 5001 et
2684 4945 3068 5016 simpliciorum
3113 4943 3311 4997 animis
3358 4941 3575 5010 obliqua

1997 5043 2052 5091 et
2076 5051 2327 5104 perversa
2357 5037 2442 5090 via
2499 5036 2779 5091 ambulare
2831 5035 3173 5104 persuadent.
3228 5030 3375 5085 Nihil
3425 5032 3568 5086 enim

2003 5126 2141 5195 apud
2177 5125 2321 5194 ipsos
2347 5135 2551 5180 rectum
2592 5135 2696 5192 est,
2726 5126 2819 5181 sed
2845 5126 3024 5194 potius
3041 5125 3200 5177 verba
3235 5137 3487 5190 perversa
3527 5131 3581 5174 et

2003 5217 2279 5281 indecora,
2311 5226 2365 5269 et
2387 5230 2667 5272 sermones
2695 5214 3005 5285 compositi,
3046 5211 3346 5282 impietatis
3414 5211 3578 5266 simul

2003 5316 2058 5362 et
2080 5307 2307 5361 inscitiae
2339 5305 2502 5377 pleni.

2087 5481 2252 5553 268
2277 5483 2346 5537 Et
2377 5483 2520 5552 [ilius
2552 5492 2603 5535 et
2653 5488 2801 5548 pater
2831 5496 3056 5551 ingressi
3087 5489 3207 5535 sunt
3259 5479 3328 5534 ad
3349 5477 3586 5536 eamdem

328 5586 530 5651 αὐτὴν
568 5579 919 5646 παιδίσκην,
968 5575 1129 5641 ὅπως
1172 5567 1573 5638 βεϐηλὼσωσι
1621 5565 1685 5618 τὸ
1717 5564 1882 5634 ὄνομ(

2017 5575 2287 5646 ancillam,
2321 5585 2374 5632 ul
2400 5576 2652 5631 violarent
2687 5589 2874 5629 nomen
2891 5573 2990 5628 Dei
3018 5574 3120 5628 sui.

326 5675 444 5736 τοῦ
480 5672 625 5727 Θεοῦ
657 5669 871 5723 αὐτῶν.

409 5789 457 5826 δι
488 5786 649 5848 Prov.
688 5800 738 5848 ιι,
778 5782 829 5835 .l.
909 5781 974 5812 ³³⁵
1005 5777 1121 5834 Jac.
1164 5795 1201 5846 ι,
1235 5775 1324 5831 ‘27.
1404 5775 1449 5806 ³⁵
1482 5767 1548 5828 Ill
1584 5772 1718 5842 Heg.
1757 5787 1854 5838 xu,
1890 5771 2013 5832 28..
