4054 6274
500 367 605 421 ΗΞ

1526 365 1583 422 S.
1619 364 1895 421 CYRILLI
1938 359 2412 417 ALEXANDRINI
2449 360 2772 418 ARCIIIEP.

3664 369 3768 425 ιιι

575 482 759 539 XVIII.
796 484 1026 555 Propter
1055 452 1337 553 protervas
1369 492 1423 538 et
1449 482 1871 551 reprehensione
1892 483 2082 553 dignas

2255 477 2362 535 IH'.
2407 478 2533 533 Ἐπὶ
2557 478 2791 551 θερμαῖς
2822 481 2916 535 καὶ
2961 481 3318 553 ἐπιπλήκτοις
3343 483 3558 555 ἡδοναῖς
3583 502 3773 540 καται-

501 577 803 647 voluptates
844 593 1055 632 rursum
1089 578 1142 631 in
1184 592 1279 632 eos
1320 576 1707 641 invehitur,et
1743 576 1796 632 in
1831 591 1940 632 uno
1980 577 2084 632 hoc

505 678 725 736 peccato
756 683 971 723 onmem
1000 668 1258 737 pudorem
1286 669 1679 740 contempsisse
1699 669 2080 736 ostendit,cum

505 758 695 813 melius
725 758 935 822 fuisset,
965 758 1304 814 turbulentas
1331 759 1596 815 motiones
1615 759 1992 829 comprimere,
2027 766 2085 814 et

505 848 832 917 superiorem
856 864 975 905 esse
998 850 1268 919 voluptate
1320 850 1581 906 inusitata
1629 866 1695 906 ac
1737 852 2079 917 detestanda,

501 950 551 994 et
589 940 882 1008 praecidere
909 941 1255 1008 cupiditates,
1277 940 1604 997 voluntatem
1623 942 1803 998 carnis
1830 956 2085 999 coercere

498 1040 556 1086 et
584 1031 685 1103 legi
715 1033 767 1087 iu
815 1034 1073 1089 membris
1137 1036 1337 1090 nostris
1393 1033 1439 1066 “
1508 1035 1787 1091 ferocienti
1844 1034 2081 1104 quietem

501 1123 826 1192 persuadere
850 1112 1106 1181 scientes.
1161 1123 1366 1181 Verum
1416 1126 1514 1192 illi,
1556 1127 1624 1179 ad
1666 1135 1775 1181 tam
1824 1126 2113 1199 eximiam,

500 1216 758 1271 virtutem
789 1234 892 1274 non
923 1219 1250 1285 aSpirantes,
1267 1219 1379 1273 suis
1405 1218 1750 1287 pnasionibus
1773 1221 1900 1275 victi
1926 1202 2123 1285 sunt,“

500 1308 710 1376 opinor.
745 1310 945 1366 Deinde
969 1314 1240 1380 quomodo
1263 1327 1369 1367 non
1395 1325 1516 1366 cum
1545 1312 1807 1379 sapientia
1856 1313 2081 1383 conjun-

499 1411 644 1455 ctum
672 1412 777 1464 est,
813 1404 864 1458 in
910 1405 1072 1459 rebus
1106 1405 1352 1473 turpibus
1374 1404 1566 1460 saltem
1599 1404 1798 1477 eligere
1851 1407 2081 1463 melius?

499 1491 569 1544 At
603 1492 824 1546 stultum
876 1509 1098 1561 prorsus
1133 1495 1423 1563 concipere
1463 1496 1624 1566 longe
1669 1497 2075 1567 nefandissima,

498 1589 554 1633 et
585 1580 638 1635 in
667 1586 838 1651 patris
860 1586 1035 1641 cubile
1063 1587 1268 1642 insilire
1296 1588 1489 1652 lilium,
1533 1588 1587 1642 in
1618 1588 1713 1643 ﬁlii
1765 1602 1947 1645 autem
1981 1609 2077 1647 cu-

501 1669 611 1724 bile
634 1671 862 1727 scelesto
895 1674 1159 1730 etiusano
1182 1690 1366 1731 antore
1388 1675 1649 1744 percitum
1686 1674 1817 1731 ferri
1846 1687 2076 1747 patrem,

500 1771 554 1816 ct
584 1778 690 1817 non
716 1764 965 1820 dubitare
996 1766 1206 1823 facinus
1239 1767 1602 1830 committere,
1634 1768 1779 1836 quod
1816 1769 1935 1824 sine
1962 1769 2079 1840 lege

503 1854 703 1926 Moysis
724 1867 914 1912 natura
935 1859 1050 1928 ipsa
1079 1874 1174 1928 pro
1212 1862 1352 1928 turpi
1378 1860 1561 1922 habet,
1597 1861 1844 1928 iratoque
1895 1862 2077 1918 animo

501 1946 971 2003 condemnandum
1002 1957 1206 2004 censet.
1242 1950 1429 2017 Itaque
1457 1950 1670 2018 Ruben,
1710 1960 1935 2019 paterno
1980 1968 2079 2009 cu-

500 2039 594 2094 Iiili
627 2040 845 2105 violato,
875 2057 1203 2112 magnopere
1254 2042 1476 2098 oﬁendit
1506 2044 1573 2098 ".
1631 2044 1941 2115 Indignatus
1992 2057 2077 2104 cst

501 2131 629 2187 item
658 2135 1005 2190 vehementer
1030 2135 1230 2193 Paulus
1252 2152 1416 2207 super
1468 2137 1561 2191 tali
1612 2140 1845 2207 quodam
1869 2141 2077 2196 scelere

498 2225 640 2294 apud
679 2227 990 2284 Corinthios
1051 2238 1383 2299 perpetrato.
1442 2230 1653 2297 Quibus
1714 2232 1790 2286 ita
1838 2234 2072 2288 scribit:

503 2333 524 2366 ς
557 2316 792 2374 Omnino
815 2321 1035 2374 auditur
1065 2320 1209 2376 inter
1229 2337 1325 2377 vos
1370 2321 1678 2389 fornicatio,
1714 2335 1769 2378 et
1811 2324 1931 2380 talis
1968 2326 2079 2381 for-

500 2409 702 2464 nicatio
759 2411 934 2477 qualis
993 2429 1092 2468 nec
1143 2414 1286 2470 inter
1347 2426 1560 2484 gentes,
1608 2425 1668 2470 ut
1706 2430 1928 2473 uxorem
1985 2432 2078 2485 pa-

503 2501 602 2557 tris
654 2502 737 2556 sui
778 2503 901 2572 quis
944 2505 1142 2561 habeat
1182 2507 1250 2561 ⁸³.
1287 2527 1307 2562 ι
1361 2508 1468 2563 Sed
1519 2522 1626 2563 non
1683 2510 1772 2563 hic
1821 2508 1937 2575 ejus
1991 2511 2076 2564 in-

500 2590 744 2660 dignatio
795 2595 973 2662 stetit,
1010 2596 1232 2652 tradidit
1259 2598 1405 2653 enirn
1448 2612 1571 2652 eum
1626 2600 1717 2669 qui
1761 2600 1814 2654 id
1872 2600 2077 2655 fecerat

503 2682 720 2740 Satanae
757 2684 809 2740 in
830 2687 1106 2743 interitum
1152 2689 1348 2745 carnis.
1406 2690 1622 2747 Violant
1683 2691 1843 2761 igitur
1881 2708 2075 2748 nomen

502 2777 595 2831 Dei
620 2767 704 2832 sui
738 2778 1104 2849 hujuscemodi
1133 2782 1478 2850 passiouibus
1512 2784 1780 2854 impliciti.
1805 2782 1916 2839 Nec
1984 2799 2079 2841 eos

501 2868 752 2924 sordibus
783 2880 838 2925 et
869 2871 1204 2928 itnmunditia
1231 2875 1468 2929 divinam
1506 2886 1753 2929 naturam
1791 2891 2079 2947 aspergere

396 2956 407 2977 ‘
504 2957 759 3014 dicimus.
787 2959 1056 3026 Quienim
1094 2963 1276 3017 istud?
1305 2965 1400 3019 sed
1466 2964 1828 3033 blasphemari
1875 2966 2079 3022 faciunt

503 3049 680 3118 potius
714 3051 1087 3107 universorum
1123 3053 1310 3118 Deum,
1338 3063 1395 3108 ut
1425 3054 1518 3125 qui
1586 3056 1797 3125 populis
1835 3059 2079 3129 profanis

502 3139 751 3209 imperet.
783 3138 920 3197 Iliuc
946 3143 1011 3196 ad
1032 3142 1222 3198 ludam
1244 3144 1319 3198 ait
1351 3162 1365 3199 :
1393 3162 1414 3197 ι
1446 3143 1548 3199 Per
1567 3160 1660 3202 vos
1686 3161 1879 3204 nomen
1899 3165 2076 3206 meum
2105 3165 2151 3229 ο

506 3229 908 3301 blasphematur
939 3235 1261 3306 ingentibus
1308 3236 1379 3292 δ’.
1423 3235 1880 3303 Quemadmodum
1931 3243 2075 3297 enim

506 3321 673 3377 Deum
703 3325 1041 3381 sauctilicare
1070 3326 1321 3383 dicuntur
1336 3331 1430 3398 qui
1458 3342 1607 3388 recte
1630 3334 1927 3399 vivunt,sic
1950 3350 2078 3389 eum

503 3415 708 3471 violare
736 3417 964 3489 intelligi
1019 3431 1249 3489 possunt
1301 3424 1394 3493 qui
1446 3425 1716 3494 impurum
1764 3438 1821 3481 et
1848 3427 2078 3482 illauda-

501 3506 610 3564 bile
636 3512 758 3565 vitae
796 3511 1102 3567 institutum
1126 3523 1544 3586 persequuntur.

566 3700 732 3759 Vens.
765 3704 818 3759 8.
852 3704 916 3758 Et
947 3708 1252 3761 vestimenta
1272 3725 1454 3763 eorum
1482 3707 1705 3781 ligentes
1726 3711 1962 3782 funibus,
1994 3733 2078 3771 ve-

498 3793 695 3849 lamina
722 3796 1004 3865 feriebant,
1051 3801 1379 3854 adhmrentia
1429 3802 1626 3867 altari;
1679 3816 1726 3859 ει
1786 3809 1959 3863 vinum
2014 3824 2079 3863 ex

500 3886 780 3941 calumniis
801 3889 1039 3944 bibebant
1071 3892 1125 3944 in
1153 3892 1310 3946 domo
1335 3892 1434 3948 Dei
1451 3897 1554 3948 uti.

572 4064 714 4119 XIX.
745 4065 997 4124 Dominus
1030 4080 1212 4125 noster
1230 4070 1386 4126 Iesus
1423 4071 1669 4129 Christus
1702 4091 1806 4131 non
1833 4077 1902 4132 ob
1926 4078 2070 4133 aliud

502 4158 680 4211 divina
721 4161 912 4229 templa
942 4163 1257 4217 aedificanda
1285 4165 1507 4230 docens,
1535 4180 1696 4237 quam
1726 4177 1785 4223 ut
1837 4169 1893 4224 in
1949 4171 2077 4239 ipsis

502 4249 877 4304 universorum
916 4251 1056 4307 Deus
1082 4254 1431 4323 glorilicetur,
1465 4264 1520 4309 et
1571 4271 1692 4325 quas
1742 4259 1890 4313 illum
1925 4261 2078 4316 decet

500 4341 747 4395 adnratio
770 4343 1112 4406 adhibeatur,
1146 4345 1435 4414 aliquando
1457 4345 1766 4403 Judaeorum
1795 4349 2075 4406 institores

503 4432 787 4499 increpuit,
809 4431 900 4500 qui
932 4433 1183 4487 animalia
1217 4437 1273 4488 in
1301 4437 1555 4506 templum
1573 4439 1924 4507 adducerent,
1951 4456 2073 4496 cum

503 4524 637 4578 dixit
669 4541 683 4578 :
714 4543 733 4577 ι
763 4522 966 4579 Domus
996 4526 1347 4591 mea,domus
1379 4528 1545 4599 269
1564 4531 1826 4586 orationis
1861 4534 2078 4588 vocabi-
2113 4512 2154 4567 θ

504 4626 592 4669 tur
616 4616 687 4683 '°,
717 4634 737 4668 ι
789 4617 1135 4688 adiungitque
1182 4632 1337 4673 sacra
1396 4620 1695 4688 Scriptura,
1766 4626 2077 4681 recordatus

501 4704 673 4762 fuisse
702 4708 1013 4776 discipulos,
1033 4707 1156 4776 quia
1187 4708 1446 4776 scriptum
1475 4710 1546 4763 sit
1578 4727 1593 4764 :
1659 4729 1678 4761 ι
1706 4711 1865 4766 Zelus
1884 4713 2077 4770 domus

504 4807 607 4853 tute
637 4799 877 4855 comedit
903 4816 989 4854 nte
1016 4800 1088 4854 ".
1133 4819 1153 4853 ι
1191 4800 1451 4870 Obiurgat
1478 4802 1640 4856 etiam
1671 4803 1867 4858 Paulus
1914 4819 2079 4876 quos-

503 4893 623 4945 dam
653 4891 850 4947 similia
873 4893 1068 4947 audere
1131 4892 1337 4948 solitos.
1374 4911 1395 4945 ‹
1456 4892 1701 4964 Nunquid
1749 4894 1939 4950 domos
1971 4913 2074 4951 non

505 4984 738 5050 habetis,
763 4985 956 5055 inquit,
987 4985 1053 5039 ad
1086 4987 1519 5040 manducandum
1544 4995 1599 5041 et
1636 4987 1947 5051 bibendum,
1983 4999 2075 5042 aut

503 5077 787 5132 ecclesiam
818 5078 909 5134 Dei
946 5079 1382 5134 contemnitis"?
1417 5097 1436 5130 ι
1472 5078 1681 5150 Ubique
1711 5081 1869 5151 igitur
1890 5066 2079 5137 obesse

505 5178 747 5238 apparet,
785 5170 981 5226 divinis
1029 5172 1234 5226 sedibus
1300 5181 1552 5242 tanquam
1596 5174 1970 5230 communibus
2025 5182 2079 5229 et

507 5259 768 5326 profanis,
794 5272 848 5318 et
871 5263 1160 5333 unicuique
1188 5263 1421 5334 propriis
1470 5263 1642 5319 abuti.
1679 5263 1776 5320 Ubi
1803 5267 1945 5320 enim
1966 5265 2073 5332 jam

511 5348 617 5401 Deo
644 5351 967 5408 conveniens
983 5352 1159 5408 cultus
1187 5363 1489 5423 praestetur,
1534 5356 1579 5410 si
1609 5365 1737 5411 ante
1756 5356 1939 5411 oculos
1962 5355 2076 5422 ejus

508 5440 689 5494 carnis
719 5442 1081 5512 voluptatibus
1112 5446 1454 5503 serviamus?
1478 5447 1604 5502 etin
1640 5449 1833 5519 quibus
1864 5457 2079 5520 prepter

510 5531 919 5587 sanctimoniam
952 5538 1188 5608 conspici
1243 5554 1339 5594 nos
1365 5540 1669 5611 splendidus
1707 5542 2010 5613 oportebat,
2034 5540 2078 5595 si

583 5735 628 5766 η
661 5732 948 5811 Ihm-L31“
983 5735 1073 5786 25.
1113 5736 1212 5811 ...⁸⁷
1238 5736 1349 5795 Gcn
1410 5762 1551 5811 xux,
1581 5745 1633 5801 4.
1712 5746 1756 5777 ’⁵⁸
1792 5745 1807 5798 Ι
1848 5746 1972 5802 (ῖοτι
2004 5759 2055 5811 νυ
2087 5744 2137 5798 ¹υ

516 5804 603 5860 It).
681 5803 726 5835 "
768 5802 785 5855 I
826 5802 951 5858 Cor.
994 5818 1070 5868 xl,
1112 5803 1202 5854 22.

2182 572 2366 625 τιᾶται
2394 571 2578 635 πάλιν,
2600 573 2695 625 καὶ
2726 572 2945 645 ἀπάσης
2974 574 3271 646 εὐκοσμίας
3303 578 3661 646 ὴφειδοκότας
3681 580 3770 650 ἐφ’

2184 661 2265 715 ἐνὶ
2296 660 2360 734 δὴ
2409 661 2585 732 τούτῳ
2628 662 2832 732 δέδειχε
2880 662 3335 737 πλημμελήματι.
3368 661 3477 720 τΗν
3514 670 3616 739 μὲν
3658 671 3773 742 γὰρ

2183 754 2406 825 ἄμεινον
2431 754 2491 807 τὸ
2514 754 2963 825 κατανδρίζεσθαι
2988 756 3199 824 παθῶν,
3226 756 3320 811 καὶ
3340 761 3772 830 κατευμεγεθείν

2184 852 2375 922 ἡδονῆς
2406 851 2637 905 ἐκτόπου
2687 850 2781 904 καὶ
2828 852 3098 923 μυσαρᾶς,
3129 852 3225 907 καὶ
3267 852 3603 907 ἀποκόπτειν
3642 854 3770 908 ἐπι·-

2184 943 2402 1012 ουμίας,
2435 944 2549 1006 τοῖς
2572 941 2682 996 τῶν
2716 942 2938 1015 σαρκῶν
2967 943 3269 1014 θελήμασιν
3290 946 3548 1015 ἐπιτιμᾷν
3594 946 3771 1013 ἐγνω-

2183 1034 2367 1097 κότας,
2401 1033 2500 1088 καὶ
2529 1038 2867 1105 κατηρεμεῖν
2891 1034 3282 1101 ἀναπείθοντας
3321 1037 3413 1091 τὸν
3444 1039 3502 1090 ἐν
3525 1038 3641 1100 τοῖς
3668 1037 3769 1106 μέ-

2185 1141 2329 1178 Αεσιν
2368 1124 2526 1196 ἡμῶν
2571 1125 2922 1196 ἀγριαίνοντα
2971 1126 3155 1197 νόμον.
3202 1127 3345 1181 Ἀλλ’
3373 1124 3514 1200 ἦσαν
3568 1129 3770 1182 ἐκεῖνοι

2180 1214 2281 1282 τῆς
2325 1211 2469 1267 οῦτω
2517 1213 2775 1286 λαμπρᾶς
2827 1216 3059 1270 κατόπιν
3116 1217 3340 1287 ἀρετῆς,
3391 1218 3659 1289 ἥττηνται
3706 1218 3766 1274 δδ

2180 1303 2320 1375 τάχα
2348 1320 2452 1357 που
2478 1303 2586 1358 τῶν
2610 1306 2691 1370 εἰς
2722 1306 2901 1378 σάρκα
2929 1306 3139 1361 παθῶν.
3171 1304 3307 1364 Εἶτα
3329 1308 3447 1373 πῶς
3481 1309 3545 1362 οὐ
3577 1311 3756 1379 σοφὸν,
3844 1373 3851 1380 _

2180 1398 2286 1450 xiv
2314 1396 2445 1466 γοῦν
2468 1398 2526 1450 ἐν
2555 1400 2669 1461 τοῖς
2682 1400 2934 1471 αἰσχροῖς
2958 1398 3229 1469 αἱρεῖσθαι
3248 1400 3312 1453 τὸ
3335 1399 3597 1471 ᾶμεινονς
3641 1401 3760 1454 Ἐν.

2180 1492 2321 1544 νοεῖν
2353 1508 2413 1544 τε
2465 1489 2576 1544 τῶν
2612 1489 2753 1560 άγαν
2806 1491 3195 1559 ἀτοπωτάτων,
3240 1492 3449 1564 πατρὸς
3495 1494 3598 1565 μὲν
3650 1493 3763 1547 υἱὸν

2178 1581 2545 1654 ἐπιθρώσκειν
2573 1583 2777 1651 εὐναῖς,
2814 1583 3027 1654 πατέρα
3053 1583 3111 1637 δὲ
3139 1582 3331 1647 αὑταῖς
3373 1583 3468 1637 τοῦ
3500 1583 3621 1638 υίοῦ
3647 1584 3757 1637 κοί-

2178 1693 2297 1741 ταις
2338 1677 2569 1740 ἀνοσίως
2580 1676 2987 1748 ’ἐπιμαίνεσθαι
3014 1675 3211 1747 φιλεῖν,
3236 1676 3331 1730 καὶ
3363 1676 3564 1749 πράξει
3592 1677 3760 1732 δεινὸν

2182 1769 2397 1823 ἑλέσθαι
2425 1768 2686 1840 πληροῦν,
2717 1769 2747 1822 ὃ
2788 1770 2883 1822 καὶ
2912 1769 3035 1840 δίχα
3062 1770 3231 1840 νόμον
3271 1769 3368 1824 τοῦ
3401 1770 3491 1824 διὰ
3517 1770 3767 1834 Μωσέως

2180 1863 2213 1934 ὴ
2245 1861 2406 1931 φύσις
2447 1857 2589 1916 οἶδεν
2628 1861 2871 1932 αἰσχρὸν,
2901 1863 2996 1915 καὶ
3031 1864 3145 1927 τοῖς
3178 1861 3239 1927 ἐξ
3281 1862 3450 1934 ὀργῆς
3497 1863 3768 1933 κινήμασι

2178 1951 2561 2016 καταδικάζειν
2609 1952 2771 2017 ἀξιοῖ.
2817 1951 2927 2006 Καὶ
2947 1949 3080 2021 γοῦν
3121 1955 3151 2006 ὁ
3192 1952 3472 2023 Ῥουϐεὶμ,
3511 1952 3616 2024 τὴν
3669 1950 3767 2005 τοῦ

2180 2045 2415 2117 πατέρος
2431 2044 2698 2116 ἀδικήσας
2722 2045 2905 2115 εὐνὴν,
2939 2045 3380 2117 προσκέκρουκεν
3406 2046 3468 2099 ού
3499 2045 3766 2116 μετρίως.

2193 2136 2518 2205 Ἠγανάκτει
2550 2136 2609 2190 δὲ
2650 2136 2859 2209 σφόδρα
2889 2137 2985 2191 καὶ
3023 2135 3240 2200 Παῦλος
3280 2138 3373 2190 ἐπὶ
3418 2135 3616 2207 τοιῷδέ
3658 2152 3770 2189 τινι

2179 2227 2553 2298 πεπραγμένῳ
2564 2227 2715 2298 παρά
2728 2226 3057 2298 Κορινθίοις,
3080 2228 3173 2281 καὶ
3188 2226 3513 2280 ἐπιστέλλει·
3534 2246 3555 2278 ι
3586 2226 3770 2289 Ὂλως

2177 2318 2433 2372 ἀκούεται
2457 2320 2515 2371 ἐν
2550 2318 2677 2387 ὑμῖν
2720 2316 2967 2389 πορνεία,
3000 2317 3096 2371 καὶ
3132 2316 3355 2387 τοιαύτη
3384 2317 3613 2388 πορνεία
3642 2315 3770 2386 ἥτις

2178 2409 2298 2463 οὐδὲ
2332 2411 2390 2462 ἐν
2416 2412 2530 2470 τοῖς
2563 2408 2773 2462 ἔθνεσιν
2804 2408 3155 2479 ὀνομάζεται,
3183 2408 3325 2463 ὥστε
3352 2408 3593 2478 γυναῖκά
3640 2424 3767 2459 τινα

2176 2502 2271 2557 τοῦ
2298 2502 2506 2574 πατρὸς
2552 2501 2716 2572 ἔχειν.
2759 2521 2778 2555 ι
2826 2501 2967 2555 Ἀλλ’
3012 2502 3072 2555 οὐ
3131 2502 3292 2572 μέχρι
3336 2500 3545 2554 τούτων
3577 2501 3767 2569 ἶστησι

2177 2596 2276 2667 τὴν
2323 2596 2714 2667 ἀγανάκτησιν.
2741 2594 3031 2667 Παρεδίδου
3068 2595 3125 2648 δὲ
3156 2595 3247 2649 τὸν
3281 2593 3649 2666 εἰργασμένον
3690 2592 3771 2664 τῷ

2178 2690 2414 2760 Σατανᾷ,
2450 2688 2586 2759 πρὸς
2612 2687 2834 2761 ὄλεθρον
2865 2690 2965 2758 τῆς
2993 2687 3213 2758 σαρκός.
3248 2685 3552 2760 Βεΰηλοῦσι
3583 2686 3650 2753 δὴ
3672 2684 3768 2740 οῦν

2177 2781 2239 2833 τδ
2268 2781 2440 2851 ὄνομα
2481 2778 2576 2832 τοῦ
2600 2778 2736 2832 Θεοῦ
2786 2778 2969 2833 αὐτῶν
3018 2779 3068 2832 οἱ
3106 2780 3219 2842 τοῖς
3245 2779 3473 2832 τοιοῖσδε
3533 2778 3767 2833 πάθεσιν

2179 2871 2374 2943 ἔνοχοι.
2416 2871 2524 2925 Καὶ
2569 2870 2716 2925 οῦτοι
2776 2871 2879 2923 πού
2918 2887 3120 2941 φαμεν,
3161 2871 3245 2923 ὅτι
3301 2869 3612 2941 βεϐήλωσιν
3670 2871 3765 2923 καὶ

2179 2964 2521 3035 ἀκαθαρσίαν
2567 2965 2634 3034 τῇ
2688 2961 2807 3034 θεία
2858 2961 3214 3034 προσέτριὸον
3261 2962 3445 3031 φύσειο
3486 2963 3615 3028 πῶς
3661 2965 3765 3034 γάρ

2180 3054 2266 3123 ἀν,
2302 3055 2561 3127 ἣπόθεν;
2600 3053 3000 3125 δυσφημεῖσθαι
3055 3052 3111 3106 δέ
3163 3051 3362 3123 μᾶλλον
3407 3054 3762 3125 παρασκευά-

2183 3148 2332 3213 ζουσι
2354 3147 2445 3200 τὸν
2478 3146 2585 3199 τῶν
2610 3146 2745 3200 ὅλων
2767 3145 2922 3212 Θεὸν,
2954 3144 3030 3209 ὡς
3059 3144 3306 3216 βεϐήλων
3327 3145 3572 3217 ἄρχοντα
3601 3146 3762 3200 λαῶν.

2176 3242 2289 3297 Καὶ
2318 3240 2448 3309 γοῦν
2469 3239 2571 3311 ἐφη
2604 3257 2707 3293 που
2734 3239 2872 3312 πρὸς
2910 3238 3133 3293 Ἰούδαν·
3170 3256 3189 3290 ι
3227 3240 3306 3291 Δι’
3339 3240 3489 3309 ὑμᾶς
3510 3240 3573 3293 τὸ
3596 3241 3772 3311 ὄνομά

2181 3351 2282 3405 μου
2332 3331 2735 3404 βλασφημεῖται
2786 3334 2843 3385 ἐν
2892 3332 3006 3395 τοῖς
3056 3329 3283 3384 ἔθνεσιν.
3334 3350 3352 3383 ι
3392 3332 3595 3402 Ὥσπερ
3651 3333 3765 3404 γὰρ

2179 3421 2424 3492 άγιάξειν
2455 3421 2702 3491 λέγονται
2735 3421 2827 3475 τὸν
2867 3419 3002 3474 Θεὸν
3030 3419 3076 3473 οί
3109 3420 3314 3486 ζῶντες
3352 3421 3543 3493 ὀρθῶς,
3582 3418 3761 3485 οὕτως

2178 3516 2245 3569 ἂν
2303 3516 2505 3570 νοοῖντο
2556 3513 2818 3587 βεϐηλοῦν
2864 3515 2913 3567 οἱ
2953 3514 3049 3584 τὴν
3097 3512 3409 3585 ἀκάθαρτον
3451 3514 3548 3567 καὶ⁷
3592 3513 3768 3566 ἀκλεᾶ

2178 3612 2587 3681 ἐπιτηδεύοντες
2620 3610 2917 3666 πολιτείαν.

2248 3703 2357 3758 Kal
2405 3703 2479 3756 τὰ
2526 3701 2724 3771 ἱμάτια
2754 3699 2953 3757 αὐτῶν
3004 3699 3404 3769 δεσμεύοντες
3443 3700 3770 3768 σχοινίοις,

2178 3793 2689 3864 παραπετάσματα
2715 3793 2965 3847 ἐποίουν
2996 3794 3253 3862 ἐχόμενα
3290 3792 3400 3845 τοῦ
3434 3794 3766 3859 θυσιαστη-

2170 3889 2344 3956 ρίου·
2393 3886 2491 3941 καὶ
2521 3886 2688 3940 οἶνον
2731 3885 2800 3938 ἐκ
2850 3883 3271 3955 συκοφαντιῶν
3312 3882 3532 3937 ἔπινον
3577 3884 3648 3938 ὲν
3687 3882 3758 3947 τῷ

2178 3981 2321 4047 οἴκῳ
2358 3979 2477 4053 τοῦ,
2497 3979 2646 4034 Θεοῦ
2672 3976 2891 4031 αὐτῶν.

2250 4073 2347 4126 ΙΘ’.
2398 4071 2456 4124 Ὁ
2486 4069 2688 4140 Κύριος
2715 4068 2874 4141 ἡμῶν
2919 4066 3125 4141 Ἰησοῦς
3150 4066 3405 4139 Χριστὸς,
3445 4069 3550 4137 οὐχ
3582 4067 3763 4137 ἐτέρου

2179 4182 2270 4217 του
2301 4163 2461 4234 χάριν
2489 4163 2615 4225 τοὺς
2656 4161 2832 4223 θείους
2867 4160 3065 4232 χρῆναι
3101 4159 3263 4223 ναοὺς
3286 4158 3662 4213 ἐπιτελεῖσθαι
3695 4158 3769 4211 δι·

2176 4256 2410 4320 δάσκων,
2441 4253 2474 4325 ἢ
2532 4252 2672 4306 ὥστε
2715 4251 3013 4319 δοξολογεῖν
3060 4252 3117 4303 ἐν
3149 4250 3332 4312 αὐτοῖς
3359 4248 3454 4303 τὸν
3494 4250 3606 4302 τῶν
3632 4249 3768 4302 ὅλων

2177 4347 2428 4410 Θεὸν,καὶ
2449 4345 2546 4418 τὴν
2571 4345 2720 4415 αύτῷ
2743 4343 3058 4414 πρέπουσαν
3073 4343 3342 4395 ποιεῖσθαι
3368 4340 3765 4410 προσκύνησιν,

2178 4440 2416 4509 ἐπετίμα
2463 4438 2593 4490 ποτὲ
2633 4440 2746 4499 τοῖς
2790 4435 3063 4491 Ἰουδαίων
3116 4434 3396 4505 ἐμπόροις,
3444 4435 3769 4502 παρακομι-

2183 4532 2365 4597 ζουσιν
2396 4532 2452 4583 ἐν
2478 4529 2555 4599 τῷ
2584 4528 2716 4599 ἱερῷ
2756 4528 2888 4593 ζῶα.
2926 4529 3262 4598 Γέγραπται·
3298 4545 3321 4581 ι
3362 4527 3420 4582 '0
3448 4523 3598 4590 οἶκός
3638 4544 3767 4597 μου,

2182 4619 2329 4685 οἶκος
2379 4619 2688 4691 προσευχῆς
2734 4619 3089 4692 κληθήσεται.
3129 4639 3148 4673 ι
3211 4621 3559 4690 Ἐπεσήμηνε
3603 4617 3662 4672 δέ
3708 4618 3773 4671 τὸ

2182 4713 2423 4785 Γράμμα
2466 4710 2527 4764 τὸ
2569 4711 2734 4781 ἱερὸν,
2768 4710 2844 4772 ὡς
2894 4710 3245 4781 ἐμνήσθησαν
3271 4711 3319 4761 οἱ
3373 4707 3641 4779 μαθηταὶ,
3685 4707 3776 4759 ὅτι

2180 4802 2564 4875 γεγραμμένον
2596 4797 2681 4873 ἦν·
2720 4819 2739 4851 ι
2792 4801 2849 4854 '0
2877 4800 3036 4871 ζῆλος
3071 4800 3166 4854 τοῦ
3202 4799 3356 4854 οἴκου
3389 4816 3483 4851 σου
3520 4799 3783 4866 καταφά-

2182 4896 2339 4966 γεταί
2372 4913 2460 4966 με.
2502 4914 2520 4945 ι
2566 4893 2903 4962 Ἐπέπληττε
2939 4894 2996 4946 δέ
3034 4911 3145 4946 τισι
3176 4895 3270 4947 καὶ
3305 4891 3543 4957 Παῦλος,
3590 4892 3781 4944 τοιάδε

2181 4988 2301 5043 τινὰ
2338 4988 2538 5059 τολμᾷν
2588 4986 2823 5040 εἰωθόσι.
2858 5004 2878 5036 ‹
2912 4986 3003 5056 Μὴ
3032 4985 3162 5057 γάρ,
3214 4986 3404 5057 φησὶν,
3450 4984 3632 5047 οἰκίας
3670 4984 3789 5035 οὐκ

2181 5081 2332 5152 ἔχετε
2361 5083 2439 5143 εἰς
2466 5079 2526 5132 τὸ
2559 5078 2758 5130 ἐσθίειν
2789 5078 2882 5130 καὶ
2906 5076 3100 5140 πίνειν,
3126 5077 3159 5147 ἦ
3184 5077 3284 5146 τῆς
3332 5074 3637 5144 ἐκκλησίας
3675 5071 3790 5125 τοῦ

2181 5167 2313 5222 Θεοῦ
2368 5169 2791 5241 καταφρονεῖτε;
2838 5187 2855 5218 ι
2916 5166 3259 5229 Ἀλυσιτελές
3304 5166 3368 5237 δὴ
3415 5159 3509 5218 οῦν
3572 5164 3793 5233 ὁρᾶται

2183 5259 2458 5331 πανταχοῦ
2496 5258 2557 5312 τὸ
2598 5262 2708 5322 τοῖς
2742 5258 2905 5321 θείοις
2950 5258 3121 5322 οἴκοις
3154 5255 3605 5327 κατακεχρῆσθαι
3650 5254 3799 5306 τολ-

2189 5356 2314 5425 μᾷν,
2342 5353 2542 5406 ὡσανεὶ
2576 5351 2669 5405 καὶ
2699 5353 2807 5413 τοῖς
2834 5353 3031 5411 κοινοῖς
3062 5351 3155 5403 καὶ
3185 5351 3297 5413 τοῖς
3326 5349 3543 5417 ἑκάστῳ
3597 5358 3802 5417 προσ-

2187 5448 2411 5518 ήκουσιν
2469 5444 2649 5507 ἰδικῶς
2684 5442 2810 5514 (ποῦ
2844 5443 2951 5514 γὰρ
2996 5442 3076 5495 ἔτι
3120 5441 3198 5511 τῷ
3227 5439 3347 5510 Θεῷ
3381 5439 3665 5509 προσῆκον
3709 5436 3801 5490 ἂν

2186 5540 2405 5609 τηροῖτο
2463 5536 2646 5603 σέϐας,
2694 5536 2742 5588 εἰ
2793 5534 2993 5602 σαρκὸς
3041 5533 3231 5603 ἡδονάς
3284 5529 3669 5603 θεραπεύομεν
3724 5531 3807 5585 ὲν

2235 5742 2405 5798 “Isa.
2442 5757 2539 5807 LII,
2566 5740 2619 5797 5.
2696 5739 2953 5797 "Matth.
2993 5755 3105 5807 xm,
3154 5738 3235 5792 I3.
3313 5737 3356 5769 ⁸¹
3383 5735 3531 5792 Psal.
3569 5750 3803 5803 ιινιιι,
