4054 6274
228 425 334 485 MS

1186 409 1748 477 COMMENTARIUS
1785 408 1853 464 1N
1889 409 2078 467 suos
2115 405 2563 467 PROPllETAM.

3412 406 3514 461 HG

225 538 528 611 ὀφθαλμοῖς
555 534 767 606 αὑτοῦ),
804 535 900 590 καὶ
927 536 985 588 ἐν
1018 531 1103 597 οἷς
1128 534 1237 588 εδει
1261 532 1552 605 λαμπροὺς
1578 529 1815 603 ὁρᾶσθαι

1930 531 1993 585 ibi
2030 531 2163 600 lapsi
2186 532 2240 585 in
2259 546 2380 600 quae
2419 527 2505 581 fas
2531 540 2635 580 non
2669 532 2773 589 est,
2804 497 3322 589 rideanturl‘Qnod
3384 540 3515 576 non~

223 633 309 688 διὰ
356 630 688 700 σεμνότητα,
709 628 829 681 ἐκεῖ
876 625 1139 696 γελᾶσθαι
1191 623 1728 689 κατολισθαίνοντας,
1777 620 1815 676 ἃ

225 722 303 795 μὴ
352 721 534 791 θέμις.
578 720 644 773 "0
689 719 755 789 δὴ
805 718 1094 782 ποιοῦντας
1138 735 1291 782 τινας
1327 718 1430 772 οὐκ
1477 717 1818 787 ἀμωμήτους

225 816 309 885 ἐᾷ,
360 812 460 866 καὶ
502 810 711 880 σφόδρα
735 810 981 872 εἰκότως.
1008 809 1085 862 Οὐ
1123 807 1232 879 γὰρ
1267 808 1631 880 ἀπήλλαττον,
1656 806 1812 877 φησι,

223 900 590 972 τανυσμάτων
621 900 680 953 τὸ
722 898 1130 970 θυσιαστήριον,
1156 897 1270 952 ἀλλ’
1296 898 1388 952 ὑπ’
1426 896 1562 951 αὐτὸ
1596 911 1818 949 πεπτω-

226 996 407 1058 κότες,
458 990 829 1060 καταμεθύειν
872 990 1138 1061 ἐτόλμων,
1188 991 1284 1045 καὶ
1326 990 1397 1045 τὰ
1442 989 1637 1061 ἡδονῆς
1680 987 1818 1058 ἔργα

225 1082 492 1155 πληροῦν,
521 1083 608 1135 ἵνα
649 1080 742 1134 καὶ
766 1079 902 1134 Θεοῦ
929 1080 1221 1135 ἀκούσειαν
1250 1080 1500 1148 λέγοντος
1547 1078 1814 1150 ἐναργῶς·

229 1198 248 1230 ι
283 1177 398 1232 Καὶ
430 1174 543 1244 ἐγὼ
579 1175 809 1246 μάρτυς,
826 1172 975 1240 λέγει
1004 1173 1229 1244 Κύριος.
1265 1192 1286 1226 ι
1319 1172 1477 1236 Τίνος
1510 1171 1554 1225 δ’
1580 1170 1648 1226 ἂν
1677 1170 1816 1226 ἀπό-

228 1286 416 1339 σχοιτο
451 1267 562 1321 τῶν
603 1265 826 1319 ἀτόπων
856 1263 1105 1327 κάτοινος
1140 1262 1301 1330 ἀνὴρ,
1337 1263 1430 1316 καὶ
1475 1261 1576 1325 τὰς
1612 1261 1820 1331 φρένας

227 1356 728 1429 παρενηνεγμένος,
777 1354 873 1407 καὶ⁵
910 1353 1046 1424 πρὸς
1090 1354 1199 1407 πᾶν
1234 1351 1409 1406 ὁτιοῦν
1456 1350 1677 1415 εὔκολος
1709 1348 1820 1404 τῶν

229 1449 454 1513 κακῶν;
507 1446 707 1516 Ἐφορᾷ
738 1444 837 1515 μὲν
863 1442 972 1515 γὰρ
995 1444 1024 1497 ὁ
1047 1442 1157 1496 τῶν
1189 1442 1326 1496 ὅλων
1355 1440 1489 1506 Θεὸς
1545 1441 1640 1494 καὶ
1666 1441 1735 1494 τὰ
1763 1443 1821 1494 ἐν

232 1540 442 1606 σκότει,
488 1537 630 1591 κατὰ
675 1536 737 1589 τὸ
788 1533 1197 1606 γεγραμμένον,
1234 1534 1330 1589 καὶ
1384 1533 1628 1589 ἄποπτον
1672 1529 1822 1602 αύτῷ

230 1628 514 1691 παντελῶς
546 1626 721 1681 οὐδέν.

307 1723 470 1774 Δοκεί
493 1719 550 1773 δέ
585 1737 702 1784 πως
731 1718 802 1773 τὰ
836 1721 895 1772 ἐν
933 1716 1256 1788 ἐκκλησίαις
1313 1715 1574 1785 μάλιστα,
1625 1731 1819 1785 μονον-

230 1812 349 1884 ουχὶ
410 1810 675 1882 παρόντος
721 1827 782 1864 τε
829 1808 925 1863 καὶ
966 1807 1270 1877 θεωμένου,
1303 1803 1639 1876 πράττεσθαι
1684 1803 1822 1875 πρὸς

234 1874 409 1972 ὑμῶν.
452 1874 563 1956 Καὶ
587 1901 747 1970 εῐπερ
794 1900 914 1953 ἐστὶ
965 1874 1297 1967 πάναισχρον
1323 1874 1562 1966 άληθῶς,
1598 1896 1694 1948 καὶ
1724 1874 1823 1965 τὴν
1858 1874 1899 1929 Β

240 1994 469 2065 ἐσχάτην
495 1992 562 2046 ἐκ
597 1992 766 2063 νόμου
792 1990 1135 2063 κατάρρησιν
1169 1989 1392 2059 ἔχον,τὺ
1423 1987 1642 2058 μεθύειν
1663 1986 1819 2050 ὅλως

241 2081 349 2144 πῶς
374 2081 437 2134 ού
488 2080 690 2145 παντὸς
722 2081 980 2137 ἐπέκεινα
1025 2079 1183 2146 λόγου
1216 2077 1312 2131 τοῦ
1343 2078 1482 2150 πρὸς
1513 2077 1825 2147 φαυλότητα

234 2171 564 2241 βλέποντος,
597 2171 660 2226 τὸ
686 2173 782 2226 καὶ
829 2174 888 2226 ἐν
924 2173 1061 2244 αὐτῇ
1092 2170 1360 2242 ἐκκλησίᾳ
1385 2168 1617 2241 ὁρᾶσθαι
1654 2169 1828 2222 τοιού-

231 2280 400 2330 τους;
432 2265 527 2319 καὶ
561 2264 621 2318 τὸ
668 2264 751 2319 ἐτι
794 2262 1216 2335 φορτικώτερον,
1265 2263 1314 2316 εἰ
1360 2260 1418 2331 ἐξ
1460 2261 1663 2316 ἀδίκων
1730 2259 1827 2314 καὶ

230 2356 489 2429 πονηρῶν
535 2358 782 2429 αἱμάτων
825 2356 894 2411 τὰ
940 2359 1023 2423 είς
1071 2356 1285 2428 τρυφὴν
1340 2354 1713 2422 συλλέγοιντο;
1761 2352 1826 2405 Ol

226 2448 391 2503 τοῦτο
427 2449 687 2520 δρῶντες,
725 2449 1052 2507 ἀκούσονται
1088 2448 1223 2502 Θεοῦ
1258 2448 1510 2516 λέγοντος
1553 2445 1822 2516 ἐναργῶς·

224 2542 323 2612 Μὴ
352 2541 619 2613 σπήλαιον
647 2541 861 2614 λῃστῶν
891 2542 920 2593 ὁ
947 2535 1095 2604 οἶκός
1121 2557 1222 2609 μου
1245 2559 1260 2606 ;
1290 2537 1499 2594 Οὐκοῦν
1525 2538 1591 2592 τὰ
1621 2538 1825 2607 ἐτέρων

229 2624 569 2704 ἐγκλήματα
623 2633 759 2703 πρὸς
812 2632 1083 2700 ὠφελείας
1138 2630 1296 2701 ἡμῶν
1337 2630 1552 2689 ἔσονται
1601 2628 1825 2697 πολλῆς,

228 2725 333 2777 καὶ
362 2724 432 2776 δι’
467 2716 540 2776 ὧν
567 2723 744 2794 ἕτεροι
791 2720 1324 2793 προσκεκρούκασιν,
1364 2722 1619 2792 ἀμείνους
1645 2721 1826 2791 ἡμεῖς,

230 2818 286 2868 εί
323 2814 727 2885 παραιτοίμεθα
766 2813 835 2868 τὰ
881 2813 1125 2867 ἐκείνων.
1164 2812 1589 2882 Ἀσφαλέστεροι
1633 2810 1743 2879 γὰρ
1779 2809 1828 2861 ot

234 2906 523 2977 σώφρονες
564 2900 671 2958 εἷεν
722 2904 788 2958 ἂν
827 2902 1073 2964 εἰκότως,
1120 2903 1167 2954 εί
1212 2901 1277 2972 δὴ
1324 2899 1596 2970 βούλοιντο
1641 2898 1829 2970 διαξῇν

227 2999 508 3068 ἐννόμως,
544 2998 592 3049 εί
623 2996 696 3067 μὴ
724 2995 920 3065 ζηλοῦν
954 2995 1162 3047 ἕλοιντο
1195 2992 1483 3065 πονηρούς.

322 3089 529 3141 Ἀλλέί
555 3088 654 3158 μὲν
685 3088 898 3156 λέγοιτο
928 3088 1065 3156 πρὸς
1098 3086 1189 3147 τὸν
1220 3085 1440 3149 Ἰούδαν,
1460 3086 1580 3155 ἦτοι
1608 3083 1706 3146 τὰς
1737 3082 1832 3136 δύο

1920 623 2098 678 nullos
2148 621 2434 684 facientes,
2488 618 2759 686 castigare
2806 631 2911 671 non
2956 615 3152 683 parcit,
3192 622 3353 684 atque
3376 615 3513 668 istud

1912 714 2036 785 jure
2055 714 2283 781 Optimo.
2313 711 2430 765 Non
2454 710 2602 765 enim
2627 708 2946 763 auferebant
2966 707 3035 761 ab
3058 707 3212 761 altari
3243 708 3513 761 velamen-

1921 810 1994 864 ta,
2027 801 2221 870 inquit,
2251 801 2346 854 sed
2394 799 2495 854 sub
2530 796 2663 865 ipsis
2691 810 2750 850 se
2776 797 3057 862 abdentes,
3079 796 3346 851 inebriare
3377 811 3435 850 se
3463 804 3514 848 et

1918 892 2284 961 voluptatibus
2299 890 2585 960 indulgere
2603 886 3028 951 audebant,utet
3049 886 3214 943 Deum
3232 888 3514 941 manifeste

1919 985 2207 1065 audirent:
2240 1002 2260 1035 t
2304 984 2372 1037 Et
2396 996 2497 1050 ego
2527 980 2702 1044 testis,
2734 979 2866 1032 dicit
2894 979 3154 1034 Dominus
3179 980 3247 1035 ⁸³.
3322 999 3340 1033 ι
3372 979 3513 1045 Quo-

1920 1091 2047 1131 nam
2074 1085 2253 1131 autem
2272 1073 2475 1128 scelere
2534 1072 2697 1126 homo
2742 1069 3049 1123 vinolentus
3088 1080 3143 1123 et
3184 1079 3364 1123 mente
3406 1086 3514 1127 non

1917 1175 2197 1229 constans,
2232 1175 2287 1221 et
2309 1164 2374 1219 ad
2404 1163 2762 1234 quodcunque
2786 1160 3051 1229 ﬂagitium
3084 1159 3278 1226 facilis,
3301 1174 3362 1214 se
3391 1161 3515 1213 abs-

1924 1258 2128 1314 tineat?
2183 1256 2429 1314 lntuetnr
2451 1254 2596 1310 enim
2630 1253 2768 1307 Deus
2799 1254 3173 1307 universorum
3200 1252 3363 1304 etiam
3392 1266 3516 1317 ante

1921 1350 1978 1404 in
2010 1347 2245 1403 tenebris
2277 1347 2413 1403 fiunt
2440 1344 2513 1411 ⁵⁸,
2544 1355 2602 1399 ιιι
2630 1344 2891 1412 scriptum
2942 1353 3047 1408 est,
3077 1350 3134 1397 et
3167 1340 3302 1395 nihil
3323 1339 3375 1395 ei
3433 1340 3520 1394 in-

1921 1440 2247 1512 aspectabile
2274 1440 2344 1492 ".

1996 1728 2257 1783 Videntur
2281 1734 2464 1779 autem
2488 1738 2605 1792 quae
2628 1722 2683 1776 in
2711 1721 2942 1777 ecclesia
2971 1685 3240 1789 prteciptie
3280 1735 3310 1773 ιι
3354 1719 3511 1774 nobis

1926 1819 2079 1885 fiunt,
2110 1825 2317 1871 tantum
2345 1830 2451 1870 non
2483 1823 2750 1885 praesente
2775 1821 2831 1866 et
2873 1820 3188 1882 aspectante
3238 1811 3346 1865 Deo
3372 1811 3507 1863 fieri.

1925 1909 2078 1977 Quod
2108 1909 2152 1962 si
2183 1924 2309 1963 vere
2338 1907 2714 1976 turpissimum
2741 1913 2826 1959 est
2858 1913 2912 1958 et
2963 1917 3311 1971 summopere
3336 1918 3364 1954 a
3394 1903 3512 1970 lege

1925 2001 2315 2057 condemnatur
2337 1999 2591 2053 inebriari
2626 1997 2899 2059 universe,
2935 1997 3208 2063 quomodo
3239 2010 3345 2047 non
3362 1994 3510 2047 onmi

1928 2094 2167 2163 nequitia
2196 2092 2369 2161 majus
2397 2101 2502 2154 est,
2528 2093 2689 2144 etiam
2710 2089 2762 2143 in
2800 2089 2913 2155 ipsa
2944 2086 3177 2142 ecclesia
3216 2085 3348 2139 tales
3376 2100 3511 2139 con-

1925 2186 2060 2254 spici
2086 2185 2110 2237 ἲ
2141 2196 2195 2239 et
2217 2183 2359 2253 quod
2391 2184 2608 2253 gravius
2636 2190 2742 2248 est,
2776 2181 2822 2236 si
2853 2196 2918 2236 ex
2950 2178 3146 2248 injuste
3175 2186 3230 2232 et
3249 2176 3514 2231 scelerate

1926 2275 2094 2331 effuso
2116 2274 2379 2344 sanguine
2410 2275 2464 2327 in
2494 2273 2717 2327 delicias
2757 2283 3033 2336 sumptum
3066 2268 3388 2336 collegeris?
3408 2267 3514 2333 Qui

1928 2368 2043 2425 haec
2069 2366 2292 2430 faciunt,
2317 2365 2481 2419 Deum
2527 2362 2748 2417 audient
2804 2362 3075 2416 dicentem
3109 2360 3329 2429 palam:
3372 2359 3513 2411 Num

1929 2459 2180 2529 spelunca
2206 2459 2472 2512 latronum
2522 2455 2717 2509 domus
2773 2469 2893 2509 mea
2919 2454 3007 2507 "i
3061 2453 3228 2521 Igitur
3285 2451 3514 2505 aliorum

1927 2551 2122 2605 delicta
2160 2548 2381 2603 multant
2402 2547 2558 2601 nobis
2584 2544 2872 2599 utilitatem
2904 2545 3147 2613 parient;
3200 2551 3252 2596 et
3277 2556 3376 2609 per
3398 2554 3517 2609 qua

1928 2645 2015 2699 alii
2051 2640 2409 2701 oll‘enderunt,
2446 2653 2565 2702 nos,
2600 2639 2645 2693 si
2709 2636 2867 2689 modo
2901 2638 2967 2690 ab
3013 2635 3226 2689 illorum
3272 2632 3517 2700 vestigiis

1931 2733 2337 2793 recesserimus,
2391 2728 2646 2783 meliores
2694 2727 3010 2781 evademus.
3076 2724 3328 2778 Tutiores
3370 2723 3515 2776 enim

1925 2824 2129 2879 iuerint
2157 2820 2554 2891 prudentiores,
2587 2819 2632 2873 si
2666 2818 2963 2873 secundum
2986 2816 3133 2886 leges
3186 2817 3374 2869 vivere
3423 2828 3522 2868 vo-

1931 2915 2153 2978 luerint,
2191 2914 2236 2967 si
2257 2911 2427 2967 malos
2444 2910 2685 2964 aemulari
2710 2907 2999 2962 noluerint.

2001 3096 2237 3160 Atenim,
2263 3094 2307 3148 si
2338 3094 2403 3148 ad
2435 3090 2652 3154 Iudam,
2688 3089 2803 3145 sive
2826 3087 2895 3143 ad
2923 3088 3058 3142 duas
3120 3085 3294 3142 tribus
3342 3086 3396 3140 in
3429 3084 3519 3141 Je-

228 3183 412 3255 ιρυλὰς
447 3183 543 3244 τὰς
572 3183 631 3235 ἐν
675 3178 1095 3253 Ἱεροσολύμοις,
1129 3179 1188 3231 τὸ
1206 3178 1389 3249 ῥητὸν,
1423 3176 1537 3247 ἔχοι
1567 3176 1634 3229 ἂν
1654 3174 1829 3246 ὀρθῶς

1933 3191 2166 3255 rusalem
2218 3188 2319 3241 hoc
2345 3187 2578 3250 dicatur,
2611 3184 2778 3254 probe
2802 3196 2830 3233 a
2859 3180 3015 3236 nobis
3041 3180 3184 3235 dicta
3221 3188 3369 3243 sunt,
3395 3193 3516 3247 quae

226 3277 335 3347 τῆς
374 3275 513 3345 πρὸς
549 3273 704 3345 ἡμῶν
731 3273 934 3342 ἀρτίως
973 3270 1272 3342 εἰρημένης
1321 3269 1549 3340 θεωρίας
1579 3272 1607 3323 ό
1650 3268 1828 3336 λόγος.

226 3369 294 3423 EE
329 3368 387 3420 δὲ
410 3366 474 3439 δὴ
519 3367 743 3436 φέροιτο
769 3365 864 3417 καὶ
898 3363 1040 3419 κατὰ
1082 3363 1176 3417 τοῦ
1224 3360 1440 3433 Ἰσραὴλ
1470 3361 1526 3414 τὸ
1576 3359 1834 3430 πλημμὲη

225 3458 418 3530 λημα,
460 3458 626 3528 φαίην
660 3457 746 3523 ἂν,
789 3457 871 3510 ὅτι
904 3456 1005 3510 οὐκ
1051 3456 1109 3507 ἐν
1144 3453 1225 3525 τῷ
1266 3453 1402 3523 οἴκῳ
1441 3451 1534 3504 τοῦ
1569 3450 1703 3505 Θεοῦ
1734 3449 1828 3503 τοῦ

228 3549 382 3605 κατὰ
405 3548 586 3619 φύσιν,
612 3548 734 3602 ούδέ
758 3548 996 3619 ἐχόμενα
1022 3547 1117 3601 τοῦ
1148 3546 1293 3601 θείου
1319 3543 1741 3615 θυσιαστηρίου,
1771 3542 1831 3594 αἰ

224 3644 346 3697 τῶν
373 3641 866 3712 περιτανυσμάτων
902 3639 1194 3693 ἐπλέκοντο
1224 3637 1441 3708 σκηναὶ,
1465 3636 1633 3709 ἤγουν
1668 3633 1740 3688 τὰ
1767 3636 1832 3687 ἐκ

236 3732 414 3803 μέθης
473 3730 795 3801 ἐπράττετο,
828 3728 943 3783 ἀλλ’
974 3731 1032 3783 ἐν
1056 3728 1136 3800 τῷ
1176 3728 1311 3799 οἴκῳ
1340 3727 1435 3783 τοῦ
1471 3725 1597 3781 θεοῦ
1624 3724 1828 3788 αὐτῶν,

238 3823 331 3877 ἴνα
360 3822 508 3892 λέγοι
537 3822 627 3875 τὸν
657 3822 825 3885 Βαὰλ,
858 3821 1024 3891 ἦγουν
1046 3821 1233 3892 ἕτερόν
1278 3837 1329 3873 τι
1358 3818 1468 3872 τῶν
1495 3818 1555 3885 ἐξ
1587 3817 1834 3880 ἐπινοίας

239 3916 589 3986 ἀνθρωπίνης
609 3917 688 3977 εἰς
715 3913 778 3967 τύ
790 3931 885 3967 πον
914 3912 1135 3967 εἰδώλου
1152 3910 1558 3981 πεποιημένων.
1579 3908 1705 3971 Πῶς
1738 3905 1831 3961 οῦν

241 4009 320 4062 ἔτι
350 4005 773 4075 καταλογισθείη
804 4004 869 4058 ἂν
903 4006 981 4067 εἰς
1011 4004 1262 4074 ἔγκλημα
1300 4002 1379 4071 τῷ
1420 4000 1660 4070 Ἰσραὴλ,
1685 4000 1747 4052 τὸ
1773 4000 1832 4051 ἐν

239 4101 373 4170 οἴκῳ
418 4097 578 4165 τυχὸν
608 4095 866 4157 εἰδώλων,
894 4095 988 4146 καὶ
1030 4095 1159 4163 παρ’
1187 4093 1317 4147 αὐτὸ
1347 4092 1409 4145 τὸ
1445 4091 1623 4159 Βεὸὴλ
1650 4091 1833 4143 θυσια-

241 4196 468 4259 στήριυν
494 4187 624 4256 οἴνῳ
655 4202 715 4237 τε
742 4182 984 4254 μεθύειν,
1015 4183 1111 4236 καὶ
1152 4181 1461 4251 ἐξυφαίνειν
1486 4179 1714 4251 σκηνὰς,
1751 4182 1834 4234 ὅτι

240 4279 418 4333 ταῦτα
463 4275 817 4345 τετιμήκασι,
859 4274 952 4327 καὶ
998 4272 1169 4345 μέθης
1215 4272 1403 4343 ὥσπερ
1474 4273 1570 4326 καὶ
1616 4272 1836 4343 ἀπάσης

241 4370 438 4443 ἡδονῆς
492 4367 833 4438 ἐργαστήρια
875 4365 980 4418 τῶν
1014 4366 1072 4425 ἐν
1120 4364 1386 4436 ὑπολήψει
1426 4364 1564 4419 θεῶν
1618 4366 1841 4418 ἐποίουν.

240 4466 370 4527 τοὺς
416 4461 616 4525 ναούςι
665 4460 859 4514 Καίτοι
889 4458 1006 4512 δέον
1053 4456 1301 4527 ἐφίεσθαι
1351 4457 1552 4528 μᾶλλον
1582 4454 1836 4528 καθαρῶς

1934 3279 2093 3337 modo
2120 3277 2376 3332 diximus.
2404 3272 2500 3328 Sin
2530 3282 2711 3327 autem
2742 3271 2905 3327 etiam
2938 3270 3005 3324 ad
3039 3269 3204 3324 Israel
3233 3278 3514 3338 peccatum

1932 3374 2220 3442 pertineat,
2245 3383 2435 3423 sensus
2458 3367 2583 3430 erit,
2609 3380 2715 3420 non
2750 3363 2803 3419 in
2830 3364 2989 3418 domo
3034 3362 3151 3426 Dei,
3182 3362 3272 3432 qui
3323 3373 3518 3416 natura

1933 3465 2075 3529 Deus
2095 3472 2199 3527 est,
2225 3460 2695 3516 tabernaculorum
2722 3457 2838 3512 vela
2863 3456 3047 3511 divino
3090 3454 3246 3509 altari
3272 3454 3519 3523 proxima

1930 3557 2254 3617 eontexisse,
2284 3554 2398 3607 sive
2421 3549 2671 3606 ebrietati
2701 3548 2877 3602 datam
2906 3562 3127 3616 Operam
3156 3560 3307 3607 esse;
3338 3543 3433 3595 sed
3457 3542 3509 3593 in

1932 3650 2090 3703 domo
2111 3647 2367 3717 270dei
2390 3646 2654 3712 ipsorum,
2672 3650 2730 3693 ut
2750 3638 2877 3691 Baal
2897 3640 3060 3700 dicat,
3081 3645 3173 3689 aut
3194 3635 3338 3687 aliud
3362 3634 3520 3702 quid-

1935 3740 2307 3809 piam,eorutn
2331 3748 2451 3802 quat
2473 3734 2524 3786 in
2558 3732 2788 3783 formam
2818 3725 3414 3781 idolorumabhumauo
3433 3724 3519 3775 itt-

1933 3831 2092 3899 genio
2110 3826 2510 3893 excogitantur.
2540 3818 2951 3885 Quodammodo
2976 3815 3134 3884 igitur
3149 3815 3327 3868 adhuc
3354 3813 3518 3867 Israel

1933 3937 2031 3992 pro
2061 3926 2282 3988 peccato
2310 3916 2622 3981 imputetur,
2651 3912 2703 3966 in
2766 3911 2925 3966 domo
2978 3906 3266 3973 idolorum,
3298 3917 3353 3961 et
3377 3904 3520 3975 apud

1935 4012 2108 4081 ipsum
2140 4006 2368 4062 fortasse
2392 4004 2516 4057 Baal
2542 4003 2712 4056 altare
2738 4002 2861 4053 vino
2898 3998 3153 4052 inebriari
3182 4040 3195 4064 ,
3225 4008 3279 4051 et
3335 3997 3519 4051 taber-

1934 4101 2123 4157 nacula
2147 4112 2496 4169 componere,
2545 4092 2801 4162 quoniam
2858 4089 2982 4143 talia
3038 4089 3392 4152 bonorarunt,
3464 4095 3520 4141 et

1936 4194 2263 4265 tanquamin
2295 4187 2577 4247 ebrietatis
2605 4196 2661 4241 et
2718 4184 2982 4253 cujusque
3015 4181 3306 4250 voluptatis
3352 4180 3521 4236 ofﬁci-

1935 4306 2037 4346 nas
2066 4291 2291 4343 deorum
2322 4282 2413 4350 qui
2435 4278 2904 4342 existimabantur,
2941 4274 3138 4345 templa
3163 4284 3515 4341 usurparunt.

1936 4383 2000 4439 Et
2032 4396 2154 4436 cum
2180 4382 2454 4443 Oper-teret
2481 4384 2677 4437 cupere
2733 4371 2906 4438 potius
2954 4381 3086 4437 pure
3102 4376 3157 4422 et
3182 4365 3523 4421 sanctissime

1935 4474 2113 4529 colere
2141 4471 2331 4529 Deum,
2355 4475 2409 4518 et
2437 4464 2489 4517 in
2514 4463 2771 4532 templum
2802 4476 2989 4536 revera
3022 4467 3272 4513 sanctum
3293 4457 3517 4516 intraro,

240 4555 342 4609 καὶ
370 4553 660 4618 πανάγνως
689 4548 974 4621 λατρεύειν
1003 4547 1141 4619 Θεῷ,
1171 4548 1266 4602 καὶ
1300 4549 1379 4612 είς
1406 4542 1552 4601 οἷκον
1578 4546 1713 4600 ίὲναι
1742 4543 1829 4597 τὸν

1938 4576 1991 4622 et
2023 4559 2335 4620 venerabile
2359 4559 2558 4612 ducere
2589 4559 2781 4618 altare,
2806 4554 2879 4608 illi
2904 4560 2958 4608 et
2993 4562 3101 4608 tam
3125 4548 3432 4605 veneranda
3466 4556 3523 4599 et

240 4652 400 4718 ἅγιον
435 4647 672 4719 ἀληθῶς,
705 4647 798 4701 καὶ
830 4645 1025 4698 σεπτὸν
1062 4642 1314 4717 ἡγεῖσθαι
1334 4643 1392 4696 τὸ
1425 4641 1839 4711 θυσιαστήριον.

239 4744 308 4795 Οἱ
344 4741 399 4792 δὲ
427 4741 520 4793 καὶ
553 4738 620 4792 τὰ
648 4738 790 4792 οὕτω
821 4737 996 4792 σεπτὰ
1020 4754 1079 4789 τε
1123 4736 1218 4790 καὶ
1255 4735 1559 4802 ἀξιόιγαστα
1583 4735 1714 4803 παρ’
1748 4733 1837 4785 ού·-

240 4835 335 4889 δὲν
366 4832 618 4903 ἡγεῖσθαι
662 4831 1075 4895 σπουδάζοντες,
1106 4828 1177 4882 τὰ
1207 4828 1340 4882 πολὺ
1378 4827 1499 4881 λίαν
1524 4825 1717 4896 αἰσχίω
1746 4841 1836 4878 τε-

242 4925 563 4996 τιμηκότες,
602 4922 696 4975 καὶ
725 4923 905 4985 αὐτοῖς
953 4923 1310 4994 ἑμπαροινεῖν
1359 4919 1682 4989 ἀπετόλμων
1724 4918 1837 4979 τοῖς

247 5018 403 5080 ἰδίοις
447 5015 607 5077 θεοῖς,
644 5012 917 5083 πανταχοῦ
958 5012 1018 5067 τὸ
1074 5011 1216 5066 θεῖον
1268 5011 1563 5073 πατοῦντες
1597 5008 1834 5076 ἀξίωμα,

244 5111 344 5165 καὶ
372 5105 817 5178 περιυϐρίζοντες
864 5105 1034 5168 ἀδεῶς
1067 5106 1165 5175 τὴν
1197 5103 1276 5176 τῷ
1325 5104 1470 5175 μόνῳ
1539 5102 1634 5157 καὶ
1678 5099 1839 5168 φύσει

245 5202 366 5273 Θεῴ
396 5200 716 5272 πρέπουσαν
748 5195 925 5261 δόξαν,
960 5196 1047 5249 ὅτε
1076 5197 1170 5250 καὶ
1198 5198 1310 5257 τοῖς
1332 5193 1705 5265 ψευδωνύμως
1736 5207 1836 5243 πε-

252 5292 492 5362 ριθέντες
528 5291 722 5365 αὐτὴν,
745 5288 960 5350 οὐδενὸς
982 5287 1163 5351 ἀξιοῦν
1202 5289 1491 5357 ἠνέσχοντο
1519 5285 1702 5350 λόγου.

331 5387 481 5459 Ἐγὼ
533 5386 599 5440 δὲ
646 5383 715 5448 ἐξ
726 5383 836 5452 ripa
889 5381 995 5434 τὸν
1028 5380 1365 5451 Ἁμορῤαἷον
1404 5380 1473 5431 ἐκ
1512 5375 1837 5443 προσώπου

248 5480 468 5545 αὐτῶν,
497 5474 568 5534 οὗ
604 5474 684 5548 ἦν
710 5473 904 5538 καθὼς
930 5472 1091 5540 ὕψος
1112 5471 1326 5538 κέδρου
1350 5469 1417 5522 τὸ
1444 5470 1603 5536 ὕψος
1628 5468 1835 5534 αὑτοῦ,

249 5576 343 5627 καὶ
391 5573 645 5641 ἰσχυρὸς
689 5564 769 5638 ἦν
796 5568 876 5630 ὡς
912 5566 1077 5633 apag.
1113 5564 1224 5619 Καὶ
1260 5562 1525 5631 ἑξήραγα
1554 5558 1661 5613 τόν
1706 5577 1839 5628 καρ-

250 5665 371 5718 πὸν
408 5660 593 5714 αὐτοῦ
625 5657 955 5719 ἑπάνωθεν,
988 5655 1085 5708 καὶ
1125 5654 1233 5719 τὰς
1269 5651 1435 5721 pitag
1472 5650 1658 5706 αὐτοῦ
1696 5654 1840 5708 ὑπο-

251 5754 538 5807 κάτωθεν.

324 5865 369 5900 ⁵³
409 5862 610 5921 Jezcm.
659 5878 803 5928 xxix,
838 5858 928 5913 9.5.

1008 5860 1052 5891 δ”
1092 5859 1233 5916 Paul.
1270 5876 1525 5928 cxxxvnt,
1564 5859 1647 5914 {2.
1727 5859 1774 5893 ⁵⁸
1814 5859 1974 5916 llcbr.
2007 5873 2081 5925 tv,
2122 5858 2205 5914 15.

1942 4655 2277 4715 admirabilia
2300 4650 2454 4707 nihili
2484 4650 2665 4705 facere
2685 4648 2988 4712 studentes,
3016 4656 3071 4700 et
3098 4644 3264 4699 multo
3295 4641 3520 4697 fmiliora

1946 4754 2293 4812 honorantes,
2323 4746 2486 4800 etiam
2538 4742 2771 4813 propriis
2807 4741 2910 4795 diis
2958 4739 3183 4793 illudere
3229 4734 3519 4796 audebant,

1945 4846 2130 4914 utique
2150 4843 2387 4897 divinam
2426 4837 2762 4905 maiestatem
2791 4833 3196 4895 conculcantes,
3222 4840 3276 4883 et
3310 4841 3521 4881 Stnnma

1944 4935 2233 5006 ignominia
2257 4932 2554 4987 allicientes
2605 4929 2777 4983 libere
2809 4926 2906 4981 soli
2942 4933 2997 4980 et
3022 4934 3210 4978 natura
3268 4921 3378 4974 Deo
3423 4919 3521 4973 de-

1946 5030 2110 5084 bitam
2144 5026 2392 5096 gloriam,
2428 5024 2645 5093 quando
2677 5031 2732 5074 et
2765 5021 2870 5074 diis
2899 5017 3054 5072 falsis
3100 5030 3219 5070 eam
3280 5012 3517 5067 tribuen-

1946 5130 2046 5184 tes,
2071 5118 2221 5173 nihili
2259 5126 2434 5169 tamen
2459 5129 2555 5169 eos
2587 5111 2879 5167 faciebant.

2018 5383 2181 5439 Vsus.
2209 5381 2262 5435 9.
2288 5380 2396 5449 Ego
2430 5389 2604 5434 autem
2621 5379 2812 5433 abstuli
2866 5376 3237 5430 Amorrltazum
3300 5391 3331 5427 a
3386 5374 3523 5443 [acie

1943 5493 2145 5531 eorum.
2175 5473 2320 5527 Sicut
2353 5472 2579 5527 altitudo
2607 5470 2771 5534 cedri,
2794 5468 3024 5522 altitudo
3072 5467 3208 5537 ejus,
3258 5474 3309 5520 et
3369 5466 3525 5534 fortis

1943 5579 2055 5623 erat
2084 5577 2137 5621 ut
2162 5582 2405 5636 quercus.
2448 5563 2517 5617 Et
2551 5562 2744 5617 abstuli
2776 5561 3008 5629 fructum
3038 5559 3150 5629 ejus
3212 5559 3453 5628 desuper,
3477 5566 3523 5608 et

1945 5664 2149 5717 radices
2176 5660 2290 5729 ejus
2311 5659 2509 5712 subter.

2282 5859 2327 5890 δεῖ
2359 5852 2549 5912 Matth.
2588 5863 2701 5919 χχι,
2730 5852 2815 5907 15.
