4054 6274
540 351 646 409 M7
1565 359 1624 414 S.
1665 359 1944 417 CYRILLI
1981 361 2452 420 ALEXANDRINI
2493 363 2812 422 ARCHIEP.
3713 374 3820 431 με

610 474 726 530 XX.
755 477 950 532 Cernis
976 477 1242 546 quomodo
1278 493 1374 533 eos
1400 479 1650 550 deinceps
1706 485 1909 541 nefarie
1963 487 2016 541 in
2053 503 2106 543 se

2283 485 2366 538 ις’.
2410 486 2574 557 Ὀρᾷς
2605 487 2754 548 ὅπως
2792 485 3021 550 ἀνοσίως
3083 485 3533 559 περιυϐρίζοντας
3576 489 3674 542 xui.
3718 506 3821 543 κα-

538 569 962 623 contumeliosos
995 578 1048 624 et
1084 581 1489 641 contemptores
1519 574 1683 630 fuisse
1727 579 2010 646 ostendat;
2063 592 2106 638 el

2216 582 2508 650 ταφρονεῖν
2547 577 2839 648 ἑλομένους
2892 578 3183 647 ἀποφαίνει
3228 579 3436 643 λοιπὸν,
3466 581 3560 634 καὶ
3601 581 3663 633 ὃν
3715 580 3823 636 ἔδει

537 673 698 726 quem
725 658 904 727 potius
946 659 1192 716 laudibus
1221 670 1276 718 et
1299 665 1490 734 gratiis
1512 669 1754 733 agendis,
1789 679 1843 724 et
1866 682 2106 742 prompta

2221 672 2423 743 μᾶλλον
2451 673 2572 735 ταῖς
2605 669 2988 742 χαριστηρίοις
3030 670 3344 743 εὐφραίνειν
3369 671 3531 743 ᾠδαῖς
3565 675 3663 726 καὶ
3699 678 3823 740 ταῖς

538 750 811 804 voluntate
835 751 900 806 ad
919 767 1135 808 omnem
1165 753 1528 812 obedientiam
1560 758 1870 815 exhilarare
1894 774 2106 832 oporte-

2216 767 2297 829 εἰς
2329 765 2438 818 πᾶν
2461 764 2638 818 ὁτιοῦν
2659 764 3012 827 εὐπειθείαις,
3033 763 3340 820 ἀνούστατά
3369 783 3429 819 τε
3459 769 3555 820 καὶ
3595 766 3823 821 ἀϐουλό-

535 841 645 905 bat,
676 841 1082 900 dementissime
1111 854 1165 901 et
1219 848 1571 908 stolidissime
1621 854 1949 911 contristare
2006 873 2106 912 non

2216 873 2355 909 τατα
2379 855 2572 910 λυπεῖν
2604 856 2940 926 ᾑρημένους,
2969 855 3057 910 διά
3095 873 3178 909 τοι
3226 856 3287 910 τὸ
3317 857 3382 909 ἐκ
3429 857 3634 930 πολλῆς
3681 860 3822 925 ἄγαν

534 933 942 1001 reformidasse,
979 949 1199 1009 propter
1255 941 1528 1013 ingentem
1582 960 1793 1001 morum
1841 948 2106 1005 levitatem

2219 948 2544 1019 σκαιότητος
2588 948 2830 1020 τρόπων,
2880 948 2975 1002 καὶ
3014 941 3090 1002 ὧν
3129 943 3188 1002 εὖ
3239 948 3598 1015 πεπόνθασιν,
3626 950 3820 1006 ἐλάσαι

532 1037 589 1080 et
609 1028 937 1085 oblivionem
969 1044 1311 1102 acceptorum
1360 1037 1772 1095 beneﬁciorum.
1827 1040 1945 1112 Ego
2003 1046 2121 1112 qui-

532 1118 676 1186 dem,
714 1121 908 1190 inquit,
931 1124 1125 1179 abstuli
1154 1126 1532 1184 Amorrhmum
1559 1145 1586 1183 tt
1624 1130 1763 1188 facie
1790 1137 2119 1204 eorum,hoc

531 1216 639 1274 est,
673 1211 934 1268 barbaras
969 1225 1156 1285 gentes
1199 1218 1472 1286 interemi,
1547 1237 1646 1291 per
1677 1240 1836 1280 unam
1921 1229 2118 1284 Amor-

533 1301 827 1368 rbtcorutn,
859 1315 915 1360 ut
942 1309 1176 1375 videtur,
1199 1320 1256 1363 ut
1277 1326 1470 1366 saavam
1489 1323 1543 1368 et
1566 1316 1924 1383 potentiorem
1947 1322 2118 1393 signi-

533 1397 742 1450 licatas.
769 1395 878 1466 Ego
901 1398 1005 1452 feci
1033 1409 1089 1453 ut
1123 1402 1402 1457 vincerent
1425 1404 1563 1460 adeo
1590 1409 1726 1462 mire
1753 1424 2040 1478 procerum
2063 1426 2118 1470 et

533 1487 770 1553 firmum,
804 1499 860 1544 ut
897 1491 976 1546 vel
993 1493 1186 1548 cedros
1215 1510 1433 1564 :equarc
1459 1498 1746 1557 altitudine
1786 1513 1841 1557 et
1885 1504 2119 1561 durissi-

532 1595 672 1635 mam
695 1597 954 1652 quercum
986 1585 1188 1641 imitari
1214 1590 1507 1645 videretur.
1528 1591 1642 1648 Non
1667 1595 1810 1649 enim
1839 1607 1955 1651 erat
1978 1613 2117 1666 prte-

2218 1039 2354 1109 πρὸς
2386 1039 2576 1111 λήθην.
2607 1059 2625 1092 ι
2648 1039 2791 1110 Ἐγὼ
2819 1041 2918 1112 μὲν
2943 1039 3072 1111 γὰρ,
3105 1041 3291 1112 φησὶν,
3313 1040 3484 1114 ὲξῇρα
3509 1042 3602 1096 τὸν
3619 1045 3818 1115 Ἀμορσ

2219 1133 2370 1202 ραῖον
2411 1133 2477 1186 ὲκ
2519 1131 2815 1204 προσώπου
2855 1131 3053 1186 αὐτῶνθ
3094 1151 3113 1183 ι
3139 1132 3407 1198 τουτέστι,
3439 1134 3522 1188 Τὰ
3565 1135 3814 1207 βάρϐαρα

2217 1225 2467 1280 καθεῖλον
2509 1226 2665 1298 γένη,
2717 1225 2787 1278 δι’
2839 1227 2958 1290 ἑνός
3003 1244 3106 1280 που
3139 1226 3278 1296 τάχα
3329 1225 3424 1280 τοῦ
3481 1229 3811 1300 Ἀμορραίου

2216 1315 2546 1389 δηλούμενα,
2581 1317 2658 1381 ὼς
2697 1315 2938 1389 σκληροῦ
2965 1334 3024 1369 τε
3057 1316 3152 1370 καὶ
3202 1318 3517 1390 ἁδρατέρου.
3557 1319 3706 1389 Ἐγὼ
3735 1339 3810 1374 νι-

2218 1407 2386 1478 κῆσαι
2421 1407 2813 1479 παρεσκεύασα
2841 1407 2931 1462 τὸν
2959 1407 3135 1472 οὕτως
3171 1408 3429 1481 ὑπερφυῆ
3483 1411 3582 1464 καὶ
3613 1411 3810 1484 ἀθραυ-

2220 1516 2367 1565 στον,
2389 1499 2465 1562 ὡς
2490 1499 2667 1553 δοκεῖν
2693 1499 2795 1570 ήδη
2806 1516 2920 1562 πως
2948 1494 3116 1570 ἧρθαι
3153 1499 3252 1570 μὲν
3272 1500 3462 1572 κέδρου
3497 1500 3635 1572 πρὸς
3659 1502 3801 1571 ὕψος,

2219 1589 2379 1660 δρυὸς
2415 1589 2473 1642 δὲ
2506 1591 2606 1661 τῆς
2640 1589 2780 1659 ἄγαν
2807 1589 3096 1654 εὐσθενοῦς
3145 1591 3550 1662 ἀπομιμεῖσθαι
3594 1592 3692 1664 τὴν
3721 1592 3799 1646 δύ-

531 1682 616 1726 ter
647 1687 734 1728 me
760 1675 960 1740 solum,
991 1679 1082 1747 qui
1117 1693 1242 1733 eum
1269 1682 1569 1737 marcidum
1626 1687 1896 1752 redderet,
1940 1700 1999 1744 ut
2022 1706 2106 1745 us-

2217 1697 2402 1753 ναμιν.
2437 1676 2548 1734 Ἦν
2585 1681 2695 1752 γάρ
2727 1681 2824 1752 οὐχ
2864 1681 3071 1752 ἕτερος,
3096 1681 3236 1753 πλὴν
3268 1682 3428 1754 μόνος
3455 1682 3590 1752 ἐγὼ,
3625 1684 3802 1754 φησὶν,

529 1779 636 1833 que
668 1766 735 1820 ad
768 1767 1004 1829 radicem
1027 1769 1302 1835 feriret,et
1331 1781 1534 1828 tantum
1572 1791 1676 1830 non
1723 1778 1956 1834 fructum
1999 1780 2117 1849 ejus

529 1858 854 1914 arefaceret.
887 1861 1154 1928 Quoniam
1183 1872 1240 1918 ut
1262 1865 1325 1919 de
1339 1867 1535 1922 arbore
1561 1867 1770 1926 locutus
1798 1881 1902 1938 est,
1945 1875 2117 1944 persi-

528 1951 626 2006 Stit
649 1957 1053 2011 accommodate
1080 1957 1135 2010 in
1166 1961 1516 2027 metaphora,
1580 1970 1634 2016 et
1691 1963 1952 2020 damnum
1999 1966 2116 2034 ejus

535 2060 708 2116 usque
735 2046 802 2100 ad
836 2047 1072 2103 radicem
1104 2049 1435 2118 pertinuisse
1487 2053 1640 2119 dicit,
1684 2063 1739 2110 et
1794 2056 1866 2110 ita
1898 2072 2115 2126 quoque

525 2137 761 2192 fructum
793 2139 1083 2196 sublatum.
1108 2141 1260 2197 [laud
1293 2144 1435 2198 enim
1452 2144 1630 2210 aliter,
1671 2161 1831 2217 quam
1857 2151 1922 2203 ad
1951 2151 2112 2206 istum

525 2230 742 2284 modum
773 2230 994 2286 arbores
1050 2231 1104 2285 in
1160 2235 1313 2290 silvis
1366 2238 1692 2293 moriuntur.
1751 2239 2113 2311 Consumptos

521 2321 671 2376 enim
729 2337 871 2388 esse,
910 2327 1272 2395 pugnantibus
1332 2329 1622 2384 adversum
1673 2344 1767 2385 eos
1817 2331 2108 2400 lsraelitis,

523 2413 891 2479 Amorrhzeos,
917 2423 966 2470 et
997 2415 1240 2483 llevzeos,
1273 2417 1612 2489 Gergesaeos,
1665 2432 1718 2477 et
1764 2422 2105 2494 Pherezaaos,

523 2516 580 2560 et
605 2503 900 2568 Jebusteos.
925 2509 1086 2579 271
1117 2510 1406 2579 adiuvante
1439 2528 1533 2569 eos
1554 2514 1668 2570 Deo
1703 2516 1974 2583 videlicet,
2010 2535 2110 2575 ne-

523 2611 615 2653 mo
645 2597 994 2655 dubitaverit.

592 2775 862 2831 Acerbum
893 2788 974 2833 est
1007 2777 1169 2848 igitur
1194 2790 1542 2840 contemnere
1569 2783 1865 2851 Christum,
1897 2789 1987 2858 qui
2017 2791 2110 2845 de—

522 2871 603 2925 dit
633 2871 791 2927 nobis
819 2872 1032 2928 calcare
1063 2889 1226 2942 super
1253 2887 1534 2944 serpentes
1557 2879 1626 2940 ⁸⁷,
1656 2879 1746 2946 qui
1777 2883 1975 2937 evertit
2007 2883 2111 2937 ini-

525 2963 718 3027 micos,
746 2973 801 3018 et
830 2965 1168 3020 robustiores
1195 2967 1434 3033 subiicit.
1468 2987 1487 3019 ι
1524 2968 1640 3042 Non
1668 2972 1812 3026 enim
1842 2984 1927 3028 est
1956 2975 2108 3032 nobis

2222 1775 2250 1826 ὁ
2276 1771 2706 1843 καταμαραίνων
2741 1771 2926 1838 αὑτὸν,
2975 1774 3070 1826 καὶ
3109 1773 3362 1846 πλήττων
3397 1777 3478 1838 είς
3507 1776 3689 1848 ῥίζας,
3725 1795 3809 1846 μο-

2217 1865 2430 1935 νονουχὶ
2476 1865 2572 1918 καὶ
2613 1864 2934 1935 ἀφαυαίνων
2975 1865 3143 1918 αὐτοῦ
3187 1865 3280 1921 τὸν
3314 1868 3548 1937 καρπόν.
3596 1868 3811 1940 Ἐπειδὴ

2217 1957 2326 2026 γὰρ
2355 1955 2430 2020 ὡς
2460 1956 2590 2028 περὶ
2609 1955 2844 2028 δένδρων
2873 1956 3192 2028 λελάληκεν,
3220 1959 3473 2028 ἐπιμένει
3509 1959 3758 2022 πιθανῶς
3785 1960 3811 2012 ὁ

2215 2046 2374 2114 λόγος
2424 2049 2490 2118 τῇ
2539 2049 2740 2119 τροπῇ,
2795 2048 2892 2102 καλ⁸
2935 2048 3018 2112 είς
3063 2049 3222 2120 ῥίζαν
3269 2048 3419 2121 αὑτῷ
3453 2049 3712 2118 γενέσθαι
3756 2049 3813 2103 τὸ

2218 2141 2414 2213 βλάϐος
2461 2141 2650 2211 φησὶν,
2689 2141 2985 2212 ἠφανίσθαι
3029 2143 3087 2194 δὲ
3129 2141 3270 2195 οὕτω
3304 2143 3520 2196 καὶτὸν
3573 2145 3811 2213 καρπόν.

2229 2232 2515 2287 Ἀποθάνοι
2556 2233 2664 2305 γὰρ
2694 2232 2759 2286 ἂν
2787 2233 2886 2304 οὐχ
2930 2233 3133 2307 ἑτέρως
3163 2235 3224 2289 τὺ
3256 2235 3313 2288 ὲν
3355 2235 3583 2306 δρυμοῖς
3629 2235 3811 2302 ξύλον,

2215 2323 2356 2394 πλὴν
2400 2325 2483 2377 ὅτι
2536 2323 2681 2377 κατά
2710 2324 2900 2378 τοῦτον
2934 2325 3026 2378 τὸν
3077 2325 3300 2397 τρόπον.
3334 2327 3454 2380 Ὅτι
3485 2325 3600 2398 γὰρ
3658 2328 3816 2382 δεδα-

2215 2416 2504 2483 πάνηνται,
2531 2412 2915 2481 πολεμούντων
2937 2414 3123 2478 αὐτοῖς
3142 2414 3250 2468 τῶν
3276 2415 3336 2480 ἐξ
3351 2416 3590 2487 Ἰσραὴλ,
3609 2416 3813 2490 Ἀμορ-

2216 2504 2359 2575 ραῖοί
2383 2521 2441 2556 τε
2471 2505 2565 2558 καὶ
2614 2505 2823 2570 Εύαῖοι,
2849 2505 3196 2576 Γεργεσαίοι,
3249 2508 3344 2560 καὶ
3372 2508 3686 2578 Φερεζαῖοι,
3722 2509 3812 2563 καὶ

2226 2595 2563 2662 Ἰεὸουσαῖοι,
2593 2596 3015 2662 συνασπίζοντος
3038 2598 3279 2668 δηλονότι
3303 2597 3460 2664 Θεοῦ,
3486 2599 3809 2658 ἐνδοιάσειεν

2213 2687 2406 2751 οὐδείς.

2282 2777 2486 2849 Πικρὸν
2531 2771 2625 2833 οῦν
2669 2779 2778 2850 ἄρα
2822 2778 2884 2832 τὸ
2933 2781 3349 2852 καταφρονῆσαι
3400 2783 3674 2854 Χριστοῦ,
3716 2783 3804 2838 τοῦ

2212 2870 2392 2935 δόντος
2436 2873 2569 2942 ἡμῖν
2614 2872 2803 2926 ἐπάνω
2851 2872 3029 2942 ὄφεων
3064 2877 3278 2938 πατεῖν,
3327 2875 3804 2947 καταστρέφοντος

2212 2964 2338 3027 τοὺς
2385 2963 2812 3034 ἀνθεστηκότας,
2845 2965 2940 3018 καὶ
2972 2965 3342 3034 ὑποφέροντος
3384 2967 3519 3032 τοὺς
3559 2968 3796 3022 εὐσθενε-

523 3052 836 3108 colluctatio
868 3057 1134 3110 adversus
1165 3073 1383 3112 carnem
1415 3069 1468 3113 et
1505 3062 1847 3131 sanguinem,
1876 3067 1970 3120 sed
2006 3068 2104 3122 ad-

2216 3056 2463 3125 στέρους·
2498 3074 2517 3107 ι
2543 3055 2618 3110 Οὐ
2651 3056 2761 3128 γάρ
2788 3057 2936 3111 ἐστιν
2969 3057 3101 3127 ἡμῖν
3133 3059 3166 3126 ἡ
3197 3057 3343 3129 πάλη
3373 3057 3514 3129 πρὸς
3536 3055 3679 3129 αἷμα
3715 3059 3794 3110 καὶ

524 3161 716 3201 versus
759 3147 1062 3216 spiritualia
1107 3151 1358 3218 nequitia:
1379 3151 1448 3208 ⁵⁸.
1494 3171 1515 3205 ι
1563 3154 1624 3208 Ει
1668 3156 1781 3212 haec
1825 3161 2007 3216 omnia
2052 3163 2105 3218 in

521 3238 744 3294 Christo
785 3241 1184 3309 superavimus.
1227 3245 1382 3309 Quod
1427 3247 1470 3299 si
1517 3247 1860 3306 Servalorem
1904 3263 1958 3309 et
2001 3254 2108 3311 Re-

521 3331 858 3399 demptoretn
887 3341 1128 3387 nostrum
1156 3335 1221 3389 ad
1252 3336 1518 3406 ignaviam
1543 3341 1878 3400 declinantes
1901 3347 2107 3401 contri-

521 3424 812 3488 stabimus,
845 3425 1108 3480 rationem
1139 3436 1196 3482 et
1221 3431 1565 3486 occasionem
1593 3433 1829 3490 evitandi
1857 3437 2105 3508 supplicii

520 3517 766 3587 profecto
793 3532 899 3572 non
933 3520 1287 3588 reperiemus.

590 3699 750 3756 Vsus.
789 3702 876 3756 10.
917 3701 985 3756 Et
1027 3719 1118 3774 ego
1156 3704 1317 3760 eduxi
1357 3721 1445 3760 vos
1486 3707 1550 3762 de
1593 3716 1733 3763 terra
1765 3709 2020 3781 1Egypti,
2054 3721 2104 3769 et

517 3796 850 3848 circumducti
877 3812 964 3850 vos
992 3797 1046 3850 in
1077 3797 1279 3852 deserto
1309 3801 1665 3872 quadraginta
1694 3804 1872 3870 annis,
1903 3813 1958 3858 ut
1985 3821 2106 3875 po:-

516 3886 758 3942 siderett's
790 3897 985 3942 terram
1013 3889 1461 3947 Amorrhaeorum.

589 4069 728 4126 XXI.
768 4069 1008 4125 Dilucide
1048 4071 1436 4142 interpretatur
1471 4073 1614 4143 quod
1655 4072 1820 4143 dixit,
1855 4086 1911 4132 et
1947 4080 2102 4149 quasi

517 4162 864 4218 retrocedens
901 4164 1109 4227 oratio,
1149 4165 1218 4219 ab
1257 4165 1413 4220 initio
1451 4181 1620 4236 usque
1655 4167 1724 4222 ad
1762 4169 1923 4224 linem
1961 4169 2102 4227 facta

515 4254 753 4311 breviter
775 4255 997 4311 indicat.
1025 4256 1065 4310 E
1089 4259 1349 4313 servitute
1369 4259 1536 4327 enim,
1559 4260 1757 4331 inquit,
1780 4277 1877 4319 vos
1899 4264 2098 4333 exemi,

513 4355 568 4400 et
593 4345 662 4400 ab
684 4345 1058 4418 (Egyptiorum
1087 4349 1372 4417 tyrannide
1401 4349 1646 4406 liberavi.
1675 4351 1798 4408 Alui
1832 4363 2012 4411 autem
2046 4356 2100 4410 in

2211 3147 2413 3217 σάρκα,
2433 3144 2571 3200 ἀλλά
2599 3146 2738 3218 πρὸς
2762 3147 2833 3201 τά
2858 3147 3204 3217 πνευματικά
3235 3151 3341 3221 τῆς·
3363 3146 3802 3220 πονηρίαςδΚαλ

2207 3239 2414 3292 τούτων
2459 3238 2716 3296 ἁπάντων
2743 3239 2804 3293 ὲν
2837 3238 3064 3311 Χριστῷ
3114 3242 3560 3312 κεκρατήκαμεν.
3603 3243 3716 3296 Καὶ
3757 3241 3805 3293 εἰ

2211 3332 2480 3403 μέλλομεν
2501 3333 2715 3398 λυπεῖν,
2745 3331 3133 3397 ἀποκλίνοντες
3165 3333 3305 3404 πρὸς
3333 3333 3395 3386 τὺ
3423 3333 3682 3404 ῥᾴθυμον,
3709 3332 3801 3384 τὸν

2207 3423 2417 3478 ἑαυτῶν
2446 3425 2674 3496 Σωτῆρα
2695 3425 2792 3478 καὶ
2819 3423 3138 3496 Λυτρωτὴν,
3174 3425 3546 3497 ἀπορήσομεν,
3572 3420 3668 3478 οἷδ’
3691 3425 3795 3486 ὅτι,

2206 3516 2304 3570 καὶ
2339 3516 2498 3585 λόγου
2533 3518 2629 3570 καὶ
2667 3517 2949 3588 ἀφορμῆς,
2997 3517 3282 3583 ἐξελέσθαι
3307 3517 3805 3590 δυναμένης-κολά-

2209 3623 2344 3670 σεως
2376 3608 2472 3661 καὶ
2504 3608 2698 3680 πυρός.

2274 3699 2386 3755 Καὶ
2417 3700 2532 3770 ἐγὼ
2563 3700 2872 3772 ἀνήγαγον
2902 3703 3060 3772 ὑμᾶς
3091 3702 3160 3757 ἐκ
3193 3703 3308 3772 γῆς
3338 3703 3674 3771 Αἰγύπτου,
3709 3703 3798 3757 και

2205 3789 2568 3860 περιήγαγον
2595 3789 2752 3860 ὑμᾶς
2770 3792 2841 3846 ἐν
2867 3791 2945 3861 τῇ
2961 3792 3158 3861 ἐρήμῳ
3175 3791 3648 3860 τεσσαράκοντα
3665 3792 3780 3855 ἐτη,

2204 3879 2313 3934 τοῦ
2377 3880 2985 3953 κατακληρονομῆσαι
3038 3881 3156 3952 τὴν
3223 3880 3342 3954 γῆν
3397 3881 3528 3937 τῶν
3603 3882 3790 3953 Ἀμορσ

2203 3971 2416 4040 ραίων.

2276 4063 2408 4118 KA'.
2453 4064 2781 4137 Ἐρμηνεύει
2836 4065 3023 4136 σαφῶς
3070 4067 3208 4140 ὅπερ
3271 4066 3412 4139 ἔφη,
3467 4068 3566 4122 καὶ
3619 4067 3803 4122 ἀνόπιν

2203 4155 2393 4229 ῶσπερ
2427 4159 2454 4212 ὁ
2487 4158 2645 4228 λόγος
2691 4159 2807 4225 ἰὼν,
2835 4159 2904 4215 τὰ
2939 4159 3035 4214 ἀπ’
3075 4161 3254 4233 ἀρχῆς
3290 4161 3454 4233 μέχρι
3498 4160 3690 4224 τέλους
3728 4158 3804 4222 ὡς

2207 4247 2436 4320 βραχέσι
2457 4251 2769 4323 καταδηλοῖ.
2798 4251 3058 4316 Δουλείας
3092 4251 3192 4323 μὲν
3226 4251 3337 4325 γὰρ
3380 4253 3605 4320 ἐξεῖλον,
3643 4253 3803 4324 φησὶ,

2204 4341 2300 4394 καὶ
2373 4343 2474 4410 τῆς
2545 4343 2656 4398 τῶν
2713 4343 3029 4412 Αἰγυπτίων
3095 4343 3409 4411 πλεονεξίας
3479 4344 3802 4415 ἀπήλλαξα.

516 4438 835 4506 solitudine,
882 4439 1098 4493 etnlitus
1143 4455 1338 4494 manna
1385 4442 1621 4499 demisso
1648 4444 1717 4509 ³⁹,
1764 4457 1819 4501 et
1859 4447 2102 4504 fontibus

2216 4404 2466 4506 'EOpsqru
2489 4434 2548 4487 δὲ
2583 4435 2724 4490 κατὰ
2753 4404 2852 4508 τῆν
2877 4435 3104 4507 ἔρημον,
3139 4404 3349 4500 καθιείς
3376 4404 3470 4508 μὲν
3496 4404 3706 4492 ἀνωθεν
3717 4404 3808 4490 ⁷τὸ

515 4545 802 4602 aquarum,
834 4541 892 4586 ut
923 4533 1142 4602 dignum
1177 4543 1298 4589 erat
1331 4531 1460 4596 Deo,
1491 4536 1728 4602 emissis,
1760 4546 1816 4593 et
1849 4540 1916 4593 de
1950 4551 2099 4609 petra

514 4624 800 4693 superﬁcie
836 4635 989 4679 tenus
1023 4640 1279 4694 percussa
1301 4667 1315 4690 ,
1348 4627 1671 4695 improvisos
1703 4633 2096 4703 scaturiginum

511 4730 707 4771 cursus
731 4716 953 4787 largitus
977 4731 1098 4772 smn
1118 4717 1182 4772 '°.
1215 4717 1326 4774 Nec
1353 4717 1504 4773 labor
1529 4719 1880 4786 profectionis
1905 4738 2095 4781 eorum

510 4807 637 4862 vilia
669 4809 978 4879 spectabat;
1011 4811 1104 4864 sed
1134 4820 1192 4865 ut
1226 4803 1969 4881 regionemAmorrhmorum
2002 4834 2096 4889 pa-

512 4900 684 4957 tribus
726 4903 968 4972 ipsorum
1010 4905 1330 4973 promissam
1372 4906 1730 4976 possiderent.
1774 4908 1873 4963 Ast
1917 4909 1988 4964 illi
2032 4926 2098 4968 eo

509 4998 760 5052 amentia:
807 4996 1040 5068 prolapsi
1087 5007 1245 5065 sunt,
1291 5009 1349 5053 ut
1394 4999 1548 5070 quasi
1598 5015 1666 5055 ne
1708 5013 2100 5072 cognoscerent

508 5085 724 5152 quidem
763 5102 940 5141 meum
976 5102 1102 5158 erga
1140 5089 1286 5156 ipsos
1319 5103 1559 5142 amorem
1594 5098 1648 5143 ct
1683 5089 2096 5145 humanitatem.

511 5175 821 5234 Illeminisse
849 5179 1013 5250 igitur
1035 5179 1316 5244 debemus,
1341 5180 1432 5248 qui
1462 5196 1650 5235 sumus
1679 5181 1729 5233 in
1755 5180 1973 5236 Christo
2002 5195 2096 5251 per

513 5267 667 5320 [idem
695 5270 760 5331 °‘,
797 5285 894 5325 nos
922 5270 1182 5326 servitute
1209 5269 1486 5333 liberatos,
1519 5281 1570 5324 et
1600 5272 1745 5325 velut
1771 5286 1836 5324 ex
1861 5270 2096 5340 Λεπριο

512 5358 565 5410 in
594 5358 936 5416 solitudinem
969 5362 1251 5432 migrasse,
1282 5361 1334 5415 id
1365 5368 1468 5426 est,
1503 5362 1554 5415 in
1583 5361 1705 5415 vitae
1735 5376 1904 5431 genus
1938 5363 2094 5415 inno-

509 5448 902 5516 centissimum,
941 5463 996 5507 et
1031 5469 1157 5509 vere
1199 5453 1388 5514 latum,
1426 5461 1480 5507 et
1521 5453 1669 5509 nullo
1712 5454 1852 5509 malo
1894 5452 2094 5523 permi-

2209 4526 2388 4596 μάννα
2428 4527 2631 4594 αὐτοῖς,
2670 4530 2852 4599 πηγὰς
2892 4528 2949 4582 δὲ
2983 4527 3194 4583 ὑδάτων
3229 4527 3548 4601 θεοπρεπῶς
3596 4529 3806 4594 ἀνιεὶς,

2205 4621 2301 4675 καὶ
2331 4618 2391 4686 ἐξ
2419 4621 2725 4692 ἀκροτόμου
2764 4623 2974 4694 πέτρας
2999 4621 3282 4694 ἀδοκήτων
3319 4622 3575 4694 ναμάτων
3612 4622 3807 4693 ἐκδρο-

2208 4717 2316 4789 μάς
2351 4717 2712 4790 δωρούμενος.
2742 4719 2852 4772 Καὶ
2877 4713 2945 4790 ῆν
2974 4719 3002 4770 ὁ
3033 4719 3196 4784 πόνος
3231 4720 3331 4792 τῆς
3366 4719 3683 4790 ὁδοιπορίας
3709 4719 3810 4772 αύ-

2199 4812 2312 4874 τοῖς
2341 4811 2440 4864 οὐκ
2481 4810 2572 4865 ἐπὶ
2617 4813 2865 4884 μικροῖς,
2911 4811 3026 4864 ἀλλ’
3053 4812 3140 4866 ἴνα
3189 4811 3664 4885 κληρονομήσειαν
3697 4811 3812 4866 τῶν

2217 4901 2559 4974 Ἀμορραίων
2599 4901 2698 4973 τὴν
2723 4901 2848 4972 γῆν,
2885 4901 2984 4973 τὴν
3010 4904 3123 4966 τοῖς
3153 4903 3425 4974 πατράσιν
3455 4901 3812 4974 ἐπηγγελμέ-

2201 5009 2321 5063 νην.
2355 4992 2418 5045 Oi
2459 4991 2518 5044 δὲ
2562 4991 2703 5063 πρὸς
2735 4992 2894 5046 τοῦτο
2933 4993 3255 5064 σκαιότητος
3292 4992 3694 5064 ὼλισθήκασιν,
3732 4993 3814 5056 ὡς

2205 5083 2342 5156 μηδὲ
2369 5083 2567 5138 ειδέναι
2601 5085 2748 5155 τάχα
2779 5102 2884 5139 που
2915 5086 3017 5157 τὴν
3061 5087 3202 5157 ἐμὴν
3243 5085 3373 5156 περὶ
3416 5087 3617 5152 αὐτοὺς
3665 5086 3813 5154 ἀγά-

2203 5189 2392 5246 πησιν,
2421 5175 2453 5246 ἢ
2483 5175 2916 5249 φιλανθρωπίαν.
2939 5179 3267 5251 Μεμνῆσθαι
3292 5178 3355 5250 δὴ
3378 5174 3473 5232 οῦν
3498 5180 3813 5247 ἀναγκαῖον

2203 5268 2349 5338 ἡμᾶς
2375 5269 2501 5333 τοὺς
2531 5270 2591 5322 ὲν
2620 5270 2843 5342 Χριστῷ
2887 5272 2974 5325 διὰ
3006 5273 3274 5336 πίστεως,
3320 5272 3404 5325 ὅτι
3438 5271 3535 5324 καὶ
3556 5271 3815 5334 δουλείας

2201 5357 2624 5428 ἀπηλλάγμεθα,
2669 5360 2762 5413 καὶ
2791 5361 3043 5434 καθάπερ
3075 5363 3132 5428 ἐξ
3163 5361 3442 5430 Αἰγύπτου
3480 5377 3818 5432 μετακεχω-

2199 5452 2447 5523 ρήκαμεν
2489 5455 2567 5516 εἰς
2610 5453 2708 5524 τὴν
2749 5453 2976 5524 ἔρημον,
3026 5455 3323 5520 τουτέστιν,
3356 5455 3437 5517 εἰς
3471 5453 3817 5523 καθαρωτάδ

507 5547 682 5604 stum,
711 5544 1078 5612 evangelicum
1111 5547 1338 5602 Scilicet.
1370 5547 1572 5603 Panem
1605 5550 1782 5618 adepti
1814 5564 2000 5603 sumus
2030 5550 2095 5602 de

2216 5559 2293 5612 την
2332 5543 2425 5596 καὶ
2473 5543 2735 5598 πλατεῖαν
2776 5544 2992 5616 ἀληθῶς
3044 5546 3137 5598 καὶ
3203 5547 3498 5615 ἀσυμμιγῆ
3547 5544 3650 5596 τοῦ
3687 5543 3815 5616 χεί-

508 5630 671 5695 caelo,
705 5629 798 5702 qui
833 5633 925 5688 dat
955 5637 1118 5692 vitam
1157 5640 1356 5692 tnundn
1382 5643 1448 5695 “.
1486 5642 1830 5696 Rohoramnr
1857 5643 2000 5694 enim
2039 5641 2091 5694 in

2216 5651 2352 5699 >ονος
2385 5634 2680 5702 πολιτείαν,
2728 5638 2873 5709 φημὶ
2918 5636 2982 5708 δὴ
3029 5637 3130 5708 τὴν
3176 5635 3563 5708 εὐαγγελικήν.
3595 5637 3817 5709 ’Ἄρτον

581 5809 760 5874 "Luc
805 5815 987 5883 κ,19.
1067 5813 1521 5887 ⁵⁸Εριιοδ.νι,12.
1598 5821 1643 5852 ⁸⁵³
1666 5819 2076 5889 Exod.xvi,15.

2239 5817 2399 5876 Nunt.
2442 5833 2534 5884 xx,
2573 5817 2659 5874 ιι.
2735 5819 2775 5851 θ’
2819 5819 2994 5877 Galat.
3040 5836 3122 5890 tn,
3157 5820 3244 5876 ‘26.
3323 5820 3367 5851 ⁶²
3397 5817 3557 5876 Juan.
3593 5835 3671 5889 vt,
3704 5821 3810 5877 55.
