4054 6274
247 399 351 456 ην

1197 394 1755 454 COMMENTARIUS
1794 395 1860 451 IN
1895 397 2086 453 AMOS
2128 396 2574 454 PROPHETAM.

3417 400 3524 458 450

240 513 701 586 πεπλουτήκαμεν
729 513 820 568 τὸν
847 513 908 581 ἐξ
934 512 1186 585 οὐρανοῦ,
1217 514 1309 568 τὸν
1340 512 1488 585 ζωὴν
1525 513 1738 568 διδόντα
1758 513 1826 586 τᾷ

1939 515 2193 584 Christo,
2225 527 2283 572 et
2315 517 2491 574 fontes
2523 531 2784 586 aquarum
2818 515 3303 586 ineorrnptibilium
3338 518 3525 586 acqui-

240 609 453 678 κόσμῳ.
483 605 843 678 Νευρούμεθα
871 605 980 678 γάρ
1004 608 1063 661 ὲν
1091 605 1333 677 Χριστῷ,
1362 606 1461 660 καὶ
1489 605 1672 676 πηγὰς
1694 606 1831 677 ἀκη-

240 703 423 775 ράτων
445 699 655 755 ὐδάτων
681 700 1021 771 ἐσχήκαμεν,
1063 698 1171 753 τῶν
1196 698 1366 768 ἁγίων
1383 698 1698 752 ἀποστόλων
1729 699 1831 762 τὰς

240 792 590 864 συγγραφάς·
638 791 781 845 οὕτω
827 791 936 862 γὰρ
984 792 1154 856 αὐτάς
1188 793 1284 846 καὶ
1315 792 1542 856 Ἡσαΐας
1578 791 1830 862 ὠνόμαζε

239 886 448 954 λέγων·
484 903 503 936 ‹
543 884 872 955 Ἀντλήσατε
906 883 1052 955 ὕδωρ
1097 881 1217 954 μεί’
1244 884 1585 958 εὐφροσύνης
1621 886 1688 940 ὲκ
1723 885 1831 940 τῶν

242 976 441 1049 πηγῶν
486 975 582 1030 τοῦ
627 975 918 1047 σωτηρίου.
951 994 970 1028 s
1019 975 1244 1030 Ἐκεῖνοι
1270 977 1376 1048 γὰρ
1407 977 1624 1041 πάντως
1653 977 1829 1049 πηγαὶ

245 1065 546 1137 σωτηρίου,
571 1067 619 1119 οἱ
638 1067 730 1120 τὸν
752 1066 1018 1137 σωτήριον
1037 1066 1168 1136 ἡμῖν
1196 1067 1290 1120 καὶ
1313 1065 1574 1132 ζωοποιὸν
1592 1068 1834 1132 ἀνιέντες

241 1160 418 1228 λόγον,
469 1160 565 1212 καὶ
601 1157 664 1211 τὸ
693 1157 932 1230 Χριστοῦ
990 1159 1290 1230 μυστήριον
1330 1158 1830 1232 εὐαγγελιζόμενοι,

242 1254 334 1306 καὶ
362 1248 853 1320 μυσταγωγοῦντες
878 1248 981 1320 τὴν
1016 1249 1109 1302 ὑπ’
1130 1251 1380 1321 οὐρανόν.

308 1344 418 1396 Kal
441 1344 662 1396 ἔλαϐον
676 1341 745 1394 ἐκ
770 1341 889 1394 τῶν
915 1340 1064 1396 υἱῶν
1089 1341 1252 1412 ὑμῶν
1271 1346 1358 1409 εὶς
1378 1343 1708 1413 προφήτας,
1733 1345 1832 1399 καὶ

238 1432 308 1486 ἐκ
351 1429 474 1484 τῶν
515 1431 854 1484 νεανίσκων
904 1429 1073 1500 ὑμῶν
1101 1433 1190 1497 είς
1234 1433 1555 1502 ἁγιασμόν.
1589 1433 1686 1501 Μὴ
1719 1433 1831 1487 οὐκ

239 1523 375 1577 ἔστι
415 1523 619 1588 ταῦτα,
651 1526 768 1578 υἱοί
807 1523 1043 1592 Ἰσραήλ
1061 1540 1080 1588 ;
1102 1525 1265 1593 λέγει
1297 1527 1533 1593 Κύριος.
1560 1526 1670 1580 Καί
1695 1527 1833 1580 ἐπο-

241 1612 428 1674 effers
462 1613 602 1680 τοὺς
632 1615 1041 1685 ἡγιασμένους
1071 1611 1258 1676 οἶνον.
1306 1617 1403 1670 καί
1447 1617 1570 1684 τοῖς
1601 1619 1832 1688 προφή-

240 1721 376 1772 ταις
428 1705 850 1773 ἐνετέλλεσθε,
896 1705 1206 1777 λέγοντες·
1245 1709 1328 1762 Οὐ
1365 1708 1452 1778 μὴ
1493 1711 1830 1778 προφητεύ-

241 1813 414 1866 ante.

1933 607 2183 674 sivimus,
2220 609 2422 678 scripta
2462 619 2774 664 sanctorum
2817 608 3206 678 apostolorum.
3247 608 3338 664 Sic
3376 610 3522 663 enim

1933 707 1989 753 et
2020 698 2190 753 Isaias
2221 713 2316 755 eos
2351 701 2594 755 nominat
2627 701 2814 756 dicens
2841 719 2855 755 :
2890 719 2908 752 ι
2946 701 3168 755 llaurite
3199 716 3366 770 aquas
3397 715 3521 756 cum

1935 790 2118 845 laetitia
2164 791 2231 846 de
2273 790 2514 847 fontibus
2557 794 2878 850 salvationis
2906 795 2970 850 ⁸³.
3017 814 3036 847 ι
3073 795 3214 851 Vere
3253 797 3401 851 enim
3445 797 3520 850 illi

1934 879 2111 936 fontes
2140 894 2268 936 sttnt
2300 882 2647 949 salvationis,
2679 886 2768 954 qui
2802 886 2957 940 nobis
3003 888 3326 944 salvatorem
3360 900 3413 944 et
3443 891 3522 948 vi-

1933 973 2150 1028 vilicum
2195 987 2503 1029 sermonem
2547 975 2837 1041 emittunt,
2870 985 2925 1032 et
2961 977 3161 1034 Chriin
3203 981 3521 1052 mysterium

1936 1065 2282 1132 annnntiant,
2308 1074 2362 1120 et
2393 1075 2660 1122 terrarum
2688 1068 2874 1123 orbem
2905 1069 3220 1127 ctelestibus
3249 1075 3522 1143 mysteriis

1939 1155 2174 1210 initiant.

2006 1335 2170 1391 Vens.
2205 1337 2292 1401 ll,
2325 1338 2411 1392 ιε.
2448 1336 2514 1391 Et
2543 1339 2721 1408 accepi
2748 1340 2814 1393 de
2841 1339 2972 1408 ﬁliis
3005 1341 3184 1395 vestris
3214 1341 3268 1394 in
3297 1345 3520 1412 prophe-

1934 1440 2040 1493 tas,
2066 1439 2110 1483 et
2146 1430 2208 1483 de
2231 1430 2515 1499 juvenibus
2549 1432 2728 1485 vestris
2761 1433 2816 1484 in
2847 1434 3339 1502 sanctiﬁcationem.
3367 1434 3520 1489 Nim-

1932 1522 2060 1592 qm‘d
2086 1539 2189 1576 non
2213 1531 2336 1576 sunt
2360 1525 2494 1583 ἠως,
2516 1523 2618 1591 ﬁlii
2648 1522 2816 1576 Israel
2828 1524 2854 1577 1’
2875 1523 3003 1577 dicit
3030 1523 3304 1579 Dominus.
3332 1523 3400 1578 Et
3430 1541 3519 1579 vos

1933 1615 2194 1684 potabatis
2228 1613 2583 1681 sanctiﬁcatos
2619 1615 2781 1684 272
2819 1632 2958 1670 meos
2993 1619 3132 1683 vino,
3167 1627 3214 1670 et
3251 1619 3517 1688 prophetis

1935 1705 2290 1771 mandabatis,
2322 1706 2546 1760 dicentes
2580 1720 2599 1760 :
2633 1705 2756 1761 Non
2787 1707 3184 1777 prophetabitis.

312 1865 442 1944 ΚΒ.
478 1889 638 1959 Μέγα
667 1889 805 1963 πρὸς
844 1889 1152 1961 ὀνειδισμὸν
1203 1890 1297 1944 καὶ
1345 1892 1689 1964 κατάῤῥησιν
1736 1892 1826 1946 ἐπὶ

2001 1879 2166 1935 XXII.
2203 1882 2282 1937 Ad
2305 1884 2772 1954 exprobrationem
2798 1893 2852 1941 et
2877 1888 3278 1944 accusationem
3307 1890 3359 1946 in
3387 1907 3519 1962 quo-

249 1980 408 2033 παντὶ
426 1981 600 2053 κακῷ,
618 1983 680 2036 τὸ
689 1981 851 2036 οίονεί
871 1999 989 2046 πως
1005 1982 1417 2054 ἀχαριστεῖσθαι
1434 1983 1586 2053 παρά
1599 1983 1833 2050 Θεοῦ,τά

248 2072 420 2126 πάντα
451 2073 583 2144 ἡμῖν
610 2073 976 2145 διανέμοντος,
996 2073 1065 2128 τά
1085 2091 1145 2128 τε
1170 2075 1251 2138 είς
1278 2072 1436 2140 δόξαν
1458 2076 1552 2129 καὶ
1578 2073 1828 2148 ζωαρκῆ.

245 2163 459 2216 Πολλῶν
501 2163 600 2234 μὲν
635 2163 746 2236 γάρ
773 2163 942 2218 ὄντων
969 2163 1110 2218 κατά
1148 2164 1244 2236 τὴν
1279 2163 1608 2237 οἰκουμένην
1638 2165 1828 2230 ἐθνῶν,

241 2255 540 2310 ἀπόλεκτον
576 2257 812 2311 ἐποιεῖτο
843 2257 1001 2327 μόνον
1040 2257 1134 2312 τὸν
1172 2257 1408 2329 Ἰσραὴλ,
1441 2257 1537 2312 καὶ¹
1563 2259 1645 2322 είς
1673 2259 1832 2313 τοῦτο

241 2346 428 2403 λοιπὸν
471 2348 718 2414 εὐκλείας
751 2349 935 2404 ὲκάλει
996 2351 1091 2405 καὶ
1120 2350 1411 2422 ἀνεκόμιζε
1445 2350 1598 2417 Θεὸς,
1625 2351 1700 2415 ὡς
1737 2353 1831 2406 καὶ

239 2439 319 2511 τῷ
347 2443 448 2512 τῆς
477 2440 814 2512 προφητείας
845 2439 1116 2512 ἀξιώματι
1146 2441 1649 2498 κατακαλλύνεσθαί
1677 2461 1830 2507 τινας

241 2533 374 2596 τοὺς
399 2534 492 2586 τὸν
519 2534 693 2603 εὐαγῆ
714 2550 773 2586 τε
803 2534 897 2587 καὶ
934 2532 1303 2604 ὲννομὼτατον
1329 2534 1658 2603 ἀγαπῶντας
1687 2534 1820 2606 βίον,

240 2623 771 2697 παραλαμϐάνεσθαι
812 2625 870 2677 δὲ
903 2625 996 2678 καὶ
1041 2627 1122 2689 είς
1159 2627 1432 2697 ἁγιασμόν
1471 2628 1597 2690 τοὺς
1637 2629 1695 2680 ὲν
1732 2627 1830 2680 αὐ-

236 2718 354 2780 τοῖς
381 2716 720 2780 νεανίσκους,
758 2717 1037 2780 τουτέστι,
1075 2719 1201 2782 τοὺς
1241 2719 1561 2790 ἁδροτέρους
1602 2718 1664 2771 τὺ
1697 2719 1831 2790 φρό-

239 2822 418 2875 νημα,
445 2805 540 2858 καὶ
563 2804 759 2876 νοητὴν
784 2804 1004 2875 ἔχοντας
1032 2806 1351 2878 εὐρωστίαν.
1377 2807 1695 2877 Ἠγιάζοντο
1721 2810 1830 2880 γάρ

241 2911 392 2958 τινες
425 2893 568 2947 κατὰ
605 2894 787 2964 νόμον,
828 2896 877 2948 οί
908 2894 1135 2964 ἐπίκλην
1176 2896 1504 2968 Ναζαραίοι,
1539 2898 1830 2970 τρέφοντες

237 2985 404 3057 τρίχα
443 2987 624 3058 κόμην
667 2987 849 3041 αὐτῶν
884 2987 961 3058 τῷ
999 2987 1210 3060 Κυρίῳ·
1253 2983 1394 3044 οἶνον
1435 2991 1528 3043 καὶ
1560 2990 1618 3058 ἐξ
1665 2991 1828 3044 αὐτοῦ

235 3077 397 3143 ὅξος,
451 3080 548 3132 καὶ
596 3078 891 3151 σταφυλὴν,
938 3081 1030 3133 καὶ
1078 3081 1372 3151 σταφίδας,
1425 3083 1521 3137 καὶ
1565 3083 1828 3155 γίγαρτον

1930 1970 2012 2026 vis
2045 1971 2274 2027 crimine
2309 1990 2561 2041 magnum
2596 1985 2700 2042 est,
2735 1989 2764 2029 a
2801 1976 2911 2032 Deo
2945 1977 3349 2049 ingratitudinis
3382 1996 3518 2050 quo-

1930 2061 2217 2119 dammodo
2243 2065 2581 2134 reprehendi,
2607 2081 2636 2119 a
2659 2081 2767 2136 quo
2792 2067 2972 2122 omnia
2997 2069 3196 2125 donata
3220 2081 3348 2126 sunt
3370 2089 3516 2142 «τυκ-
3624 2105 3636 2130 ι

1931 2168 2037 2223 que
2083 2155 2148 2208 ad
2198 2153 2459 2225 gloriam,
2502 2171 2730 2226 qumque
2779 2157 2844 2212 ad
2889 2158 3054 2214 vitam
3105 2165 3514 2221 sustentandam

1930 2253 2197 2315 spectant.
2226 2245 2364 2300 Nam
2394 2261 2516 2301 cum
2548 2249 2729 2305 multa:
2758 2260 2941 2306 essent
2969 2267 3067 2321 per
3089 2255 3275 2310 orbem
3302 2267 3516 2327 gentes,

1931 2335 2105 2390 solum
2139 2335 2300 2416 Israel
2330 2338 2429 2393 sibi
2462 2339 2692 2407 delegit,
2732 2350 2988 2411 tantoque
3016 2344 3302 2415 splendore
3332 2362 3518 2404 eumn-

1931 2427 2090 2496 lavit,
2128 2439 2187 2484 ut
2226 2438 2280 2484 et
2321 2432 2633 2502 prophetica
2674 2433 2934 2504 dignitate
2974 2437 3237 2505 quosdam
3275 2439 3516 2496 cohone-

1930 2528 2134 2582 staret,
2168 2522 2258 2591 qui
2296 2522 2418 2576 vitae
2457 2523 2874 2580 sanctimoniam
2910 2541 3299 2599 sacrarumque
3335 2530 3511 2602 legum

1929 2611 2224 2680 perfectam
2259 2614 2692 2670 observationem
2729 2617 3050 2687 diligerent,
3083 2629 3137 2674 et
3169 2621 3235 2676 ad
3271 2624 3514 2680 sanctiﬁ-

1930 2703 2196 2760 cationem
2236 2704 2464 2773 juvenes
2506 2723 2691 2762 eorum
2739 2720 3062 2774 assumeret,
3104 2714 3206 2768 hoc
3244 2724 3347 2781 est,
3383 2731 3514 2784 prn-

1930 2798 2105 2852 (lentia
2134 2801 2520 2857 eminentiores
2546 2814 2601 2858 et
2629 2805 2977 2859 intellectuali
3009 2807 3204 2861 robore
3230 2809 3508 2876 praeditos.

1931 2890 2423 2948 Sancttﬁeabantur
2446 2896 2588 2948 enim
2616 2895 2836 2965 quidam
2869 2900 3163 2953 secundum
3194 2898 3389 2970 legem,
3414 2901 3508 2971 qui

1929 2983 2168 3040 Nazarzei
2193 2988 2715 3055 cognominahantur
2732 2989 2796 3055 “,
2825 2989 3114 3046 offerentes
3138 3007 3348 3046 comam
3375 2993 3509 3060 Deo,

1930 3077 2132 3142 vinum,
2159 3087 2214 3132 et
2241 3093 2306 3133 ex
2339 3095 2405 3132 eo
2433 3090 2671 3145 acetum,
2700 3095 2882 3146 uvam,
2911 3092 2964 3137 et
2995 3098 3153 3137 uvam
3188 3098 3424 3153 passam,
3453 3097 3511 3142 et

237 3169 666 3240 παραιτούμενοι
690 3186 705 3202 ·
759 3171 1164 3243 ἀποφοιτῶντες
1210 3173 1267 3227 δὲ
1305 3174 1424 3228 λίαν
1475 3175 1570 3229 καὶ
1617 3176 1826 3246 νεκρῶν

1930 3171 2142 3225 acinum
2172 3181 2508 3236 aversantes,
2536 3183 2589 3227 et
2619 3188 2649 3227 a
2679 3183 3012 3229 mortuorum
3043 3178 3359 3245 corporibus
3385 3177 3508 3233 lon-

239 3265 528 3334 σωμάτων.
551 3263 662 3316 Καὶ
691 3263 860 3333 βαθὺς
887 3265 989 3334 μὲν
1008 3266 1036 3319 ὁ
1059 3265 1216 3334 λόγος
1246 3269 1274 3320 ό
1297 3267 1424 3340 περὶ
1450 3268 1655 3322 τούτων
1682 3267 1818 3322 ἐστί.

237 3356 385 3426 Πλὴν
427 3355 590 3425 ἐτίμα
621 3355 750 3419 Θεὸς
785 3357 880 3409 καὶ
918 3359 999 3420 είς
1053 3359 1374 3431 προφήτας,
1420 3359 1496 3423 ὡς
1531 3361 1688 3433 ἔφην,
1727 3363 1823 3416 καὶ

236 3451 316 3514 είς
349 3448 410 3502 τὸ
441 3447 761 3516 ἀγιάζεσθαι
790 3449 1033 3513 τυπικῶς
1059 3451 1347 3522 ἀναφέρων
1377 3452 1506 3516 τούς
1529 3452 1588 3518 ἐξ
1616 3454 1818 3510 αὐτῶν.

236 3543 299 3596 υἱ
348 3541 405 3595 δὲ
446 3541 543 3594 καὶ
586 3540 686 3612 τὴν
731 3537 874 3594 οὕτω
927 3541 1187 3613 λαμπράν
1242 3561 1302 3596 τε
1350 3545 1446 3597 καὶ
1508 3544 1821 3610 ἀξιόπιστον

234 3629 394 3695 δόξαν
423 3629 959 3696 ἀποσπουδάζοντες,
1004 3633 1252 3698 ὲπότιζον
1298 3629 1440 3686 οῐνον
1485 3635 1612 3698 τοὺς
1654 3636 1821 3705 ἡγια-

238 3723 501 3794 σμένους,
539 3725 818 3792 τουτέστι,
863 3726 990 3788 τοὺς
1035 3726 1200 3798 εὐχὴν
1252 3726 1476 3799 ἔχοντας
1506 3730 1591 3799 ἐφ’
1635 3731 1822 3795 αὐτοῖς

235 3816 530 3888 ἀγιασμοῦ.
565 3817 873 3873 Ἀνέπειθον
898 3817 1007 3890 γάρ
1031 3820 1126 3872 καὶ
1152 3821 1348 3884 αὐτοὺς
1370 3820 1468 3874 τοῦ
1495 3822 1822 3890 ἀγιάζεσθαι

237 3911 618 3982 καταφρονεῖν,
649 3910 863 3974 πάντως
892 3927 996 3963 που
1029 3910 1278 3979 λέγοντες
1313 3912 1466 3966 οὐδὲν
1516 3907 1656 3967 εἶναι
1687 3932 1824 3967 παν-

235 4001 405 4066 τελῶς
446 4001 540 4054 τὸν
565 4000 658 4054 τοῦ
686 3999 822 4054 Θεοῦ
862 4001 1047 4072 νόμον,
1076 4002 1170 4054 καὶ
1220 4001 1479 4072 ἀνόνητον
1511 4002 1822 4073 ἀνθρώποις

234 4091 296 4145 τδ
340 4090 665 4160 ἀγιάζεσθαι
713 4090 910 4158 θέλειν,
961 4092 1055 4144 καὶ
1106 4092 1346 4162 πληροῦν
1391 4094 1483 4145 ἐπὶ
1531 4095 1707 4165 τούτῳ
1753 4096 1844 4166 τάκ

234 4182 622 4254 νενομισμένα.
650 4182 716 4234 Ei
747 4181 856 4252 γὰρ
914 4182 1008 4236 καὶ
1046 4177 1115 4254 ἦν
1144 4185 1203 4237 ὲν
1232 4187 1414 4248 σκιαῖς
1442 4187 1471 4238 ὁ
1497 4185 1679 4255 νόμος,
1707 4187 1821 4240 ἀλλ’

234 4273 335 4325 οὐκ
363 4271 626 4342 ἐστέρητο
653 4270 931 4334 παντελῶς
963 4271 1072 4324 τῶν
1097 4273 1198 4342 τῆς
1230 4273 1487 4342 ἀληθείας
1513 4275 1816 4345 δογμάτωνο

236 4361 601 4432 ὲναστράπτει
640 4361 750 4433 γάρ
805 4363 918 4426 τοῖς
956 4361 1147 4426 τύποις
1177 4364 1276 4434 τῆς
1311 4365 1590 4431 εὐσεϐείας
1621 4369 1654 4438 ἡ
1689 4371 1823 4440 μόρ-

236 4470 428 4522 φωσις.
462 4452 535 4506 Τὸ
569 4451 626 4506 δὲ
661 4453 753 4506 καὶ
781 4453 964 4515 αὐτοῖς
994 4454 1168 4522 ἁγίοις
1196 4456 1504 4527 προφήταις
1538 4460 1818 4531 ἐπιτιμᾷν,

1924 3265 2041 3334 gius
2075 3263 2424 3333 refugientes.
2452 3264 2694 3336 Denique
2723 3267 2887 3322 multa
2924 3284 3086 3339 super
3113 3271 3198 3326 his
3228 3272 3504 3330 dicuntur.

1924 3354 2305 3410 Verumtamen
2340 3356 2642 3411 honorabat
2671 3373 2766 3414 eos
2801 3358 2972 3428 Deus,
3003 3369 3059 3415 et
3093 3362 3142 3416 in
3182 3367 3505 3434 prophetas,

1924 3458 1982 3502 ut
2019 3447 2164 3512 dixi,
2202 3457 2257 3503 et
2297 3448 2363 3502 ad
2407 3449 2892 3506 sanetilicationem
2939 3453 3114 3522 typice
3152 3470 3220 3509 ex
3268 3455 3334 3509 iis
3376 3471 3508 3512 net:-

1924 3539 2098 3595 nullos
2130 3541 2410 3597 evehebat.
2441 3541 2648 3607 Astilli,
2679 3549 2788 3596 tam
2829 3544 3167 3613 magniﬁcam
3202 3553 3256 3598 et
3292 3546 3504 3612 plenam

1927 3633 2271 3689 auctoritatis
2315 3633 2635 3703 dignitatem
2680 3644 3063 3702 aspernantes,
3107 3635 3504 3701 sanctiﬁcatos,

1923 3725 1976 3781 id
2019 3734 2137 3790 est,
2183 3735 2366 3780 votum
2415 3725 2861 3779 sanctificatioatis
2907 3740 3068 3793 super
3106 3739 3165 3779 se
3211 3726 3503 3791 habentes,

1924 3817 2046 3869 vino
2085 3817 2365 3885 potabant.
2404 3813 2809 3870 Persuadebant
2843 3798 3002 3868 enim,
3027 3824 3082 3868 et
3121 3814 3254 3881 illis,
3292 3825 3350 3870 ut
3389 3832 3507 3872 san-

1924 3907 2149 3962 etilicari
2186 3914 2634 3972 contemnerent,
2672 3906 2943 3971 dicentes,
2981 3907 3169 3977 utique
3202 3909 3294 3964 Dei
3332 3910 3503 3980 legem

1925 4003 2058 4058 nihil
2090 4017 2208 4059 esse
2237 4019 2482 4075 prorsus,
2514 4012 2567 4059 et
2596 4003 2921 4059 sanetilicari
2953 4003 3090 4057 velle
3120 4011 3174 4058 et
3202 4003 3270 4059 ob
3301 4005 3354 4060 id
3384 4005 3502 4075 lege

1923 4095 2130 4149 sancito
2167 4094 2422 4164 implere,
2492 4093 2625 4148 nihil
2661 4092 2920 4163 prodesse
2979 4093 3304 4148 hominibus.
3364 4093 3502 4148 Nam

1922 4189 2022 4243 etsi
2067 4189 2150 4242 lex
2194 4189 2246 4241 in
2287 4188 2475 4240 umbra
2515 4195 2670 4252 erat,
2710 4185 2865 4254 plane
2910 4194 3086 4239 tamen
3125 4186 3370 4239 veritatis
3414 4186 3502 4240 do-

1923 4284 2102 4346 gmata
2135 4275 2464 4330 continebat.
2495 4274 2687 4344 Fulget
2715 4274 2859 4328 enim
2894 4273 2944 4328 in
2981 4274 3121 4344 typis
3153 4274 3257 4329 illis
3286 4274 3502 4343 pietatis

1925 4370 2120 4440 imago.
2164 4367 2310 4439 Ipsos
2347 4381 2558 4436 quoque
2595 4375 2812 4421 sanctos
2849 4369 3142 4436 prophetas
3179 4364 3496 4433 objurgare,

1922 4472 2006 4517 est
2037 4461 2272 4515 divinam
2309 4459 2482 4530 legem
2519 4458 2778 4528 repellere
2812 4469 2976 4528 atque
3009 4459 3213 4513 institui
3248 4457 3409 4520 nolle,
3446 4469 3502 4511 et

235 4544 640 4615 ἀποσειομένων
681 4545 799 4598 ἐστὶ
825 4544 916 4598 τὸν
949 4544 1044 4598 τοῦ
1073 4546 1207 4599 Θεοῦ
1235 4547 1416 4619 νόμον,
1447 4551 1542 4605 καὶ
1575 4553 1824 4606 παιδεύε-

1927 4554 2228 4610 nescire‘se
2260 4553 2548 4620 honorari;
2582 4553 2848 4622 siquidem
2881 4567 3004 4608 cum
3039 4551 3106 4607 de
3138 4551 3268 4620 ipsis
3294 4561 3499 4614 essent,

237 4635 360 4689 σθαι
409 4635 484 4708 μὴ
531 4636 894 4707 ἀνεχομένων,
960 4638 1055 4691 καὶ
1113 4640 1495 4710 ὴγνοηκότων,
1544 4643 1626 4697 ὅτι
1673 4646 1818 4698 τετί-

239 4744 458 4798 μηνται,
487 4728 643 4800 εἴπερ
672 4729 824 4794 ὄντες
851 4729 912 4795 ἐξ
941 4729 1120 4784 αὐτῶν
1147 4731 1574 4804 παρελήφθησαν
1604 4737 1685 4800 εἰς
1712 4755 1823 4790 κοιο

234 4820 478 4888 νολογίαν
524 4820 624 4892 τὴν
675 4820 750 4885 ὡς
796 4823 934 4893 πρὸς
976 4823 1129 4877 Θεόν.
1183 4824 1588 4898 Προσεπερωτᾷ
1637 4828 1694 4882 δὲ
1733 4829 1822 4883 διὰ

236 4911 425 4980 μέσου,
450 4910 546 4964 καί
571 4928 702 4982 φησι
722 4929 736 4944 ο
765 4933 784 4965 ι
807 4914 900 4984 Μὴ
923 4915 1021 4968 οὐκ
1043 4914 1156 4968 ἐστι
1178 4915 1370 4984 ταῦτα,
1401 4917 1507 4971 υἱοὶ
1566 4919 1816 4991 ’Ῑσραὴλ;

232 5003 378 5074 λέγει
401 5003 626 5074 Κύριος.
661 5023 680 5053 ι
710 4999 880 5075 Ἀρα,
913 5007 1066 5078 φησὶ,
1096 5008 1189 5062 καὶ
1221 5009 1332 5062 τῶν
1373 5009 1546 5074 οὕτως
1574 5012 1820 5084 ἐναργῶν

230 5095 489 5165 πράξεων
519 5093 825 5164 καθοριεῖτε
845 5095 904 5148 τὸ
928 5096 1150 5164 ψεῦδος;
1179 5094 1288 5171 ἄρα
1321 5101 1614 5172 μαρτύρων
1637 5103 1818 5173 δεήσει

230 5185 348 5256 Θεῷ
381 5183 518 5255 πρὸς
553 5184 613 5238 τὸ
645 5185 891 5254 ἐλέγχειν
935 5188 1100 5255 ὑμᾶς,
1134 5191 1231 5244 καὶ
1273 5191 1342 5244 τά
1380 5191 1554 5256 οὕτως
1599 5195 1816 5265 ἐμφανῆ

231 5278 592 5345 συκοφαντεῖν
623 5275 963 5346 ᾑρημένους;
992 5279 1113 5348 Χρὴ
1145 5281 1434 5351 τοιγαροῦν
1469 5281 1814 5351 ἀγιάζεσθαι,

227 5369 322 5421 καὶ
362 5367 608 5438 λογισμῷ
648 5367 921 5439 πεπηγότι
965 5371 1346 5442 προσεδρεύειν
1380 5372 1522 5443 Θεῷ,
1562 5372 1660 5435 τὰς
1711 5375 1817 5428 τῶν

227 5459 482 5528 πονηρῶν
521 5460 580 5512 οὐ
627 5459 1022 5531 προσιεμένους
1062 5461 1307 5531 γνώμας.
1345 5481 1363 5512 ι
1392 5462 1673 5530 Φθείρουσι
1706 5463 1815 5535 γὰρ

226 5547 332 5616 ἤθη
370 5547 580 5618 χρηστά
615 5548 823 5618 ὁμιλίαι
852 5548 1042 5610 κακαὶ,
1069 5566 1087 5600 t
1126 5549 1220 5601 ml
1257 5549 1624 5619 ἀποφέρουσιν
1658 5551 1815 5618 ἁγια-

228 5632 368 5706 σμοῦ
413 5636 506 5687 καὶ
535 5637 752 5709 ἀπάσης
793 5638 1114 5701 ἐπιεικείας,
1149 5639 1258 5692 τῶν
1292 5639 1586 5708 φιληδόνων
1628 5642 1676 5694 οί
1725 5642 1813 5695 λό-

297 5807 344 5843 ⁸³
387 5809 488 5864 lsa.
533 5823 630 5878 xu,
673 5810 724 5864 5.
805 5813 844 5844 “
884 5810 1039 5868 Num.
1079 5829 1151 5878 vt,
1189 5814 1277 5873 2i.
1356 5818 1399 5848 ⁶⁵
1433 5816 1450 5871 Ι
1490 5818 1616 5874 Cor.
1660 5837 1746 5886 xv,
1790 5823 1879 5877 35.

1919 4647 2180 4716 assumpti
2210 4654 2356 4710 sunt,
2386 4647 2474 4715 qni
2507 4661 2628 4701 cum
2663 4645 2770 4700 Deo
2795 4643 3190 4714 quodammodo
3215 4656 3500 4696 sermones

1919 4739 2230 4792 miscerent.
2281 4736 2582 4807 lnterrogat
2630 4737 2852 4803 insuper
2898 4737 2951 4790 in
3003 4734 3208 4800 medio,
3254 4742 3310 4788 et
3359 4733 3435 4786 ait
3478 4750 3495 4788 :

1924 4848 1941 4881 ι
1982 4829 2234 4898 Nunquid
2266 4845 2370 4884 non
2403 4830 2474 4884 ita
2505 4839 2612 4895 est,
2642 4829 2736 4884 lilii
2769 4827 2974 4885 Israel?
3003 4827 3134 4882 dicit
3165 4825 3442 4879 Dominus.
3471 4842 3491 4875 s

1922 4922 2004 4977 An
2024 4962 2040 4988 ,
2071 4923 2276 4992 inquit,
2309 4938 2396 4978 res
2428 4933 2539 4978 tam
2573 4923 2890 4977 manifestas
2920 4920 3189 4975 mendacii
3221 4917 3497 4987 arguetis?

1916 5030 1982 5067 an
2028 5015 2256 5069 testibus
2300 5029 2435 5084 Opus
2481 5014 2586 5068 erit
2633 5014 2743 5068 Deo
2783 5013 2849 5066 ad
2887 5027 2982 5066 vos
3023 5010 3365 5073 refellendos,
3402 5009 3491 5077 qui

1915 5106 2077 5160 etiam
2124 5106 2259 5159 adeo
2302 5114 2486 5175 aperta
2529 5103 2850 5158 calumniari
2892 5103 3109 5157 velitis?
3155 5099 3492 5155 Sanctiﬁcari

1914 5198 2094 5266 itaque
2135 5204 2367 5266 oportet,
2410 5205 2465 5251 et
2505 5196 2778 5252 constanti
2819 5195 3002 5249 animo
3041 5194 3317 5248 adhaerere
3360 5191 3492 5254 Deo,

1916 5288 2391 5357 improborumque
2437 5287 2659 5343 consilia
2703 5286 3009 5356 repudiare.
3059 5303 3078 5336 ‹
3126 5284 3492 5350 Corrumpunt

1915 5379 2059 5432 enim
2093 5379 2260 5432 bonos
2293 5393 2472 5432 mores
2502 5377 2770 5447 colloquia
2802 5391 2966 5445 prava
2987 5376 3053 5441 °',
3089 5393 3109 5428 s
3140 5383 3194 5429 et
3220 5373 3491 5442 volnptua-

1916 5467 2118 5520 riorum
2155 5481 2433 5522 sermones
2462 5483 2489 5520 a
2523 5467 2958 5520 sanctiﬁcatione
2988 5473 3040 5518 et
3073 5464 3218 5520 omni
3250 5463 3490 5518 bonitate

1913 5561 2160 5609 avocant.
2197 5553 2306 5608 Nos
2349 5555 2528 5624 potius
2565 5553 2672 5608 Deo
2708 5554 2864 5624 digna
2903 5553 3230 5622 loquentium
3266 5555 3491 5608 vocibus

1912 5642 2110 5698 addicti
2143 5644 2364 5710 erimus,
2393 5643 2589 5714 quibus
2616 5652 2668 5698 et
2699 5643 2809 5714 ipse
2840 5643 3088 5700 Salvator
3118 5645 3488 5701 testimon'um
