4054 6274
556 390 647 443 ῐὸι

1576 378 1617 431 S
1681 376 1960 432 CYBILLI
1995 375 2469 432 ALEXANDRINI
2504 378 2819 434 ARCHIEP.

3714 388 3742 441 Δ
3755 388 3826 443 τε

536 507 622 560 his
646 505 827 561 verbis
855 502 1127 574 perhibuit
1156 518 1170 555 :
1201 517 1221 551 ι
1260 498 1375 553 Non
1404 497 1539 553 estis
1562 513 1659 555 vos
1683 501 1774 569 qui
1803 496 2108 567 loquimini,

2217 511 2322 565 γοι.
2368 494 2580 549 Οὐκοῦν
2612 494 3056 567 προσκεισόμεθα
3098 495 3299 565 μᾶλλον
3340 496 3502 567 ἡμεῖς
3542 501 3665 564 ταῖς
3710 501 3825 556 τῶν

535 599 629 651 sed
665 595 898 666 Spiritus
935 595 1111 650 Patris
1146 593 1309 665 273
1334 592 1520 658 vestri,
1548 591 1644 662 qui
1679 590 1921 661 loquitur
1949 589 2005 645 ia
2030 603 2121 646 vo-

535 691 618 743 bis
641 688 703 741 ⁶⁶.
747 708 767 741 s

608 864 768 919 Vens.
806 864 893 917 l5.
937 862 1222 932 Propterea
1262 878 1378 917 ecce
1415 876 1509 931 ego
1549 859 1762 916 devotae
1801 858 1977 914 subter
2006 874 2116 924 vos,

532 958 666 1009 sicut
703 954 994 1009 devolvitur
1018 972 1205 1009 currus
1237 954 1422 1023 plenus
1449 955 1665 1024 stipula.

604 1046 793 1102 XXIII.
836 1047 1097 1102 Plaustris
1133 1062 1388 1117 agrorum
1425 1046 1653 1111 fruetus,
1688 1056 1744 1102 et
1778 1062 1898 1117 quae
1933 1061 2116 1102 aream

534 1142 826 1210 complent,
866 1140 1218 1195 transvehere
1253 1154 1373 1194 mos
1409 1140 1508 1193 fuit
1541 1140 1834 1204 veteribus,
1873 1139 1965 1208 qui
2001 1152 2117 1192 mos

535 1247 705 1300 usque
744 1232 902 1285 hodie
938 1232 991 1284 in
1032 1231 1254 1285 Oriente
1292 1239 1346 1285 et
1384 1229 1677 1287 Occidente
1710 1231 1872 1301 viget.
1892 1229 2121 1284 Volvun-

535 1335 622 1379 tur
649 1334 827 1379 autem
863 1323 1067 1377 circum
1097 1337 1229 1378 axes
1262 1328 1422 1387 rotae,
1456 1321 1615 1390 lignis
1645 1323 1795 1391 gravi
1822 1332 1876 1376 et
1906 1322 2120 1392 ingrato

532 1430 669 1469 sono
711 1414 1098 1481 stridentibus,
1145 1429 1310 1483 prope
1350 1413 1809 1478 occlamanlibus,
1851 1426 1971 1481 qua:
2014 1413 2119 1466 Illis

534 1507 784 1575 imposita
819 1514 945 1560 sunt
978 1506 1258 1559 oneribus.
1290 1506 1395 1560 Ero
1432 1506 1594 1575 igitur
1625 1506 1743 1575 ipse
1775 1519 2010 1574 quoque,
2044 1505 2121 1558 iu-

529 1597 648 1666 quit
674 1596 1051 1651 universorum
1080 1597 1360 1662 Dominus,
1389 1605 1446 1651 ut
1480 1597 1624 1665 quod
1653 1594 1822 1650 volvit
1850 1596 1903 1649 in
1930 1610 2114 1657 curru.

531 1689 583 1743 id
618 1696 721 1755 est,
753 1690 890 1742 axis.
921 1688 1016 1743 Ille
1052 1688 1220 1753 enim,
1253 1696 1313 1742 ut
1345 1688 1480 1753 dixi,
1509 1687 1613 1742 sibi
1650 1697 1799 1744 rotas
1834 1687 2033 1742 inﬁxas
2066 1695 2119 1741 et

530 1789 742 1847 aptatas
786 1779 991 1834 habens
1034 1778 1195 1833 simul
1245 1779 1641 1835 circumvolvit.
1683 1780 1947 1835 Clamabo
1988 1794 2116 1834 vero

2221 587 2502 658 θεηγόρων
2532 590 2774 657 φωναῖς,
2815 584 2898 652 οἷς
2936 588 3033 643 καὶ
3069 588 3233 652 αὐτὸς
3267 590 3297 641 ὁ
3337 588 3530 661 Σωτὴρ
3576 592 3831 666 ἐπεμαρο

2218 680 2443 750 τύρησε,
2477 679 2652 749 λέγων
2671 697 2684 710 ·
2720 698 2739 731 ι
2769 681 2882 750 Οὐχ
2911 681 3067 751 ὑμεῖς
3110 682 3235 733 ὲστε
3265 683 3312 734 οἱ
3342 681 3654 750 λαλοῦντες,
3686 685 3831 741 ἀλλὰ

2218 771 2280 826 τὸ
2324 770 2550 842 Πνεῦμα
2578 771 2673 824 τοῦ
2708 772 2924 842 [ἰατρὸς
2953 771 3130 842 ὑμῶν,
3158 772 3222 825 τὸ
3243 773 3438 826 λαλοῦν
3467 777 3525 827 ἐν
3552 777 3705 847 ὑμῖν.
3729 797 3750 829 s

2290 862 2394 916 Διὰ
2422 862 2600 917 τοῦτο
2638 861 2769 915 ιδοὺ
2811 862 2930 933 ἐγὼ
2962 864 3152 917 κυλίω
3196 864 3480 920 ὑποκάτω
3529 865 3723 934 ὑμῶν,
3753 865 3831 921 ὃν

2219 955 2442 1022 τρόπον
2477 952 2744 1006 κυλίεται
2776 953 2977 1023 ἅμαξα
3006 953 3043 1019 ἡ
3076 952 3348 1023 γέμουσα
3377 957 3676 1025 καλάμης.

2290 1047 2418 1099 Kl".
2465 1045 2728 1115 Ἀμά-ξαις
2761 1046 2829 1099 τὰ
2859 1046 2918 1112 ἐξ
2959 1046 3165 1117 ἀγρῶν,
3212 1048 3305 1101 καὶ
3333 1049 3434 1101 ὅσα
3468 1047 3671 1119 πληροῖ
3719 1049 3823 1121 τὴν

2219 1136 2356 1202 ἅλω,
2392 1137 2780 1207 μετακομίζειν
2831 1136 2951 1202 ἔθος
2981 1140 3093 1200 τοῖς
3143 1139 3545 1212 ἀρχαιοτέροις·
3582 1141 3825 1207 σώζεται

2217 1230 2275 1282 δὲ
2314 1229 2407 1283 καὶ
2432 1231 2511 1292 είς
2550 1228 2709 1299 δεῦρο
2741 1229 2802 1282 τὸ
2838 1230 3028 1301 χρῆμα
3060 1229 3213 1299 παρά
3257 1247 3316 1284 τε
3346 1235 3457 1295 τοῖς
3510 1233 3611 1302 τὴν
3646 1233 3822 1305 Ἑῴαν

2220 1322 2314 1374 καί
2359 1319 2456 1391 τὴν
2494 1320 2779 1390 Ἑσπέριον
2829 1319 3039 1374 οίκοῦσι
3080 1322 3201 1393 γῆν.
3250 1321 3545 1377 Κυλίονται
3576 1324 3634 1377 δὲ
3681 1326 3819 1396 ὁμοῦ

2218 1418 2332 1477 τοῖς
2371 1414 2552 1481 ἄξοσιν
2580 1415 2629 1466 οῖ
2673 1413 2876 1484 τροχοὶ,
2910 1412 3048 1484 βαρύ
3078 1426 3133 1466 τι
3170 1415 3266 1468 καὶ
3314 1415 3546 1485 δυσηχὲς
3589 1417 3822 1489 ἀποτρι-

2219 1504 2419 1571 ζόντων
2465 1506 2573 1560 τῶν
2632 1505 2824 1571 ξύλων,
2855 1506 2949 1558 καὶ
2991 1507 3273 1577 μονονουχὶ
3321 1510 3818 1579 κατακεκραγότων

2218 1598 2583 1669 ἐπικειμένων
2618 1599 2799 1661 αὐτοῖς
2830 1597 3087 1668 φορτίων.
3117 1598 3354 1667 Ἕσομαι
3383 1599 3568 1653 τοίνυν
3599 1601 3690 1653 καὶ
3715 1601 3810 1653 αὑ-

2216 1689 2307 1752 τὸς
2332 1687 2461 1755 ἐγὼ,
2492 1705 2565 1759 φη
2576 1687 2658 1740 σιν
2688 1688 2716 1740 ὁ
2745 1687 2963 1741 πάντων
2992 1688 3291 1758 Δεσπότης,
3317 1688 3395 1752 ὡς
3421 1689 3483 1743 τὸ
3509 1690 3697 1744 κυλίον
3722 1692 3814 1745 ἐπὶ

2217 1780 2315 1851 τὴν
2345 1776 2584 1850 ἄμαξαν,
2615 1776 2914 1842 τουτέστιν,
2945 1778 2974 1829 ὁ
2998 1776 3165 1844 ἄξωνο
3200 1778 3361 1842 αὐτὸς
3385 1778 3515 1849 γὰρ,
3541 1780 3617 1845 ὡς
3646 1781 3817 1852 ἔφην,

530 1870 682 1938 quasi
715 1870 807 1938 qui
837 1885 975 1925 onus
1004 1886 1168 1940 grave
1199 1881 1568 1940 peccatorum,
1597 1871 1665 1925 ab
1694 1871 1874 1941 impiis
1903 1885 2108 1926 acerva-

2219 1870 2397 1942 ἑαυτῷ
2442 1868 2722 1939 συγ-κυλίει
2762 1870 2887 1933 τοὺς
2919 1871 3169 1940 τροχοὺς.
3196 1871 3588 1941 ἐμπεπηγότας
3622 1890 3687 1926 τε
3722 1875 3822 1928 καὶ

532 1968 709 2013 torum
739 1959 971 2028 amplius
1001 1960 1271 2014 sustinere
1301 1975 1586 2029 nequeam.
1622 1960 1940 2027 Rejecerunt
1968 1962 2113 2015 enim

528 2051 699 2121 legem
744 2051 975 2118 Domini,
1009 2062 1064 2107 et
1105 2052 1358 2106 mandata
1401 2052 1519 2124 ejus
1560 2067 1666 2107 non
1710 2053 2108 2118 custodierunt;

528 2144 622 2198 sed
663 2144 994 2200 seduxerunt
1022 2157 1121 2200 eos
1151 2160 1291 2199 vana
1326 2159 1516 2201 eorum
1539 2186 1554 2210 ,
1590 2160 1710 2216 quae
1747 2145 1993 2201 fecerunt
2024 2161 2114 2216 pa-

529 2249 638 2293 tres
675 2252 886 2292 eorum.
921 2236 1091 2293 Obliti
1129 2247 1256 2292 sunt
1292 2229 1473 2293 autem
1513 2240 1651 2302 mei,
1689 2241 1780 2308 qui
1819 2239 1979 2293 eduxi
2018 2254 2114 2294 eos

527 2333 592 2386 de
617 2330 874 2401 Egypto,
908 2331 1000 2398 qui
1032 2330 1227 2386 abstuli
1259 2331 1637 2387 Amorrlneum
1670 2346 1698 2386 a
1732 2330 1870 2386 facie
1896 2345 2108 2396 eorum,

525 2422 617 2490 qui
651 2422 919 2492 assumpsi
951 2423 1018 2477 de
1048 2423 1175 2478 [iliis
1204 2436 1393 2478 eorum
1433 2424 1485 2477 in
1524 2426 1815 2494 prophetas
1846 2436 1898 2480 et
1933 2431 2000 2480 de
2030 2425 2113 2494 ju-

526 2511 752 2566 venibus
789 2527 977 2567 eorum
1016 2513 1071 2566 in
1108 2514 1613 2570 sanctiﬁcationem.
1654 2515 1718 2568 Et
1758 2530 1857 2586 ego
1891 2516 2108 2586 quidem

524 2615 619 2657 eos
646 2600 937 2668 honorari;
970 2602 1044 2656 illi
1069 2618 1198 2659 vero
1224 2619 1289 2659 eo
1318 2605 1641 2674 insipientia
1667 2606 2026 2671 devenerunt,
2051 2613 2111 2659 ut

524 2693 974 2747 vestimenta‘sua
1008 2693 1237 2764 ligantes
1271 2693 1512 2762 funibus,
1543 2697 1808 2752 velamina
1870 2696 2110 2752 facerent

520 2785 853 2841 adlurrentia
892 2786 1088 2853 altari,
1126 2794 1182 2840 et
1215 2785 1398 2841 viuum
1437 2802 1507 2842 ex
1543 2788 1831 2844 calumniis
1866 2788 2111 2843 biberent

522 2877 574 2930 in
604 2878 762 2933 domo
789 2878 881 2933 Dei
911 2880 1172 2948 ipsorum,
1199 2888 1254 2935 et
1277 2881 1404 2934 vino
1428 2889 1679 2949 potarent
1705 2879 2102 2942 sattctillcatos,

524 2970 952 3037 tnandarentque
975 2969 1252 3039 prophetis
1272 2979 1327 3023 et
1347 2970 1625 3024 dicerent:
1646 2969 1725 3022 Ne
1747 2968 2104 3038 prOpItetetis.

521 3057 745 3112 Talibus
769 3058 933 3128 igitur
956 3058 1328 3128 impietatibus
1352 3060 1548 3115 vestris
1572 3061 1958 3130 propemodum
1984 3075 2109 3116 one-

525 3160 695 3212 ratus,
725 3158 783 3203 ut
812 3149 931 3205 axis
959 3150 1011 3203 in
1045 3150 1310 3218 plaustro,
1340 3150 1483 3220 quod
1513 3151 1836 3221 stipularum
1865 3150 2108 3220 manipu-

2217 1961 2659 2033 ἐνηρμοσμένους
2689 1960 2850 2030 ἔχων.
2880 1960 3383 2032 Κατακεκράξομαι
3404 1962 3461 2015 δὲ
3485 1961 3679 2034 ὥσπερ
3706 1964 3823 2017 τῶν

2216 2053 2589 2124 ἠσεϐηκότων,
2617 2052 2716 2106 οὐκ
2742 2051 2827 2124 ¹ἔτι
2858 2052 3046 2123 φέρειν
3087 2053 3384 2122 δυνάμενος
3420 2055 3533 2109 τῶν
3564 2055 3825 2128 πλημμεο

2213 2143 2277 2213 λη
2288 2143 2476 2214 μάτων
2510 2144 2571 2198 τὸ
2594 2142 2884 2214 δυσαχθές.
2924 2142 3239 2199 Ἀπὼσαντο
3264 2146 3373 2217 γὰρ
3398 2145 3489 2198 τὸν
3527 2147 3693 2217 νόμον
3718 2148 3821 2201 τοῦ

2214 2236 2442 2306 Κυρίου,
2470 2235 2564 2288 καὶ
2587 2236 2656 2288 τά
2700 2236 3098 2306 προστάγματα
3129 2235 3297 2290 αὐτοῦ
3330 2239 3430 2290 οὐκ
3452 2237 3818 2307 ἐφυλάξαντοθ

2212 2328 2325 2382 ἀλλ’
2355 2326 2626 2397 ὲπλάνησε
2655 2326 2754 2397 μὲν
2778 2328 2981 2389 αὐτοὺς
3008 2326 3076 2380 τὰ
3110 2327 3314 2399 μάταια
3341 2328 3543 2393 αὐτῶν,
3566 2329 3602 2384 ἃ
3628 2330 3828 2403 εποίη-

2214 2437 2312 2473 σαν
2337 2422 2383 2474 οἱ
2417 2420 2650 2489 πατέρες
2680 2420 2880 2486 αὐτῶν,
2911 2420 3237 2475 ἐπελάθοντο
3264 2421 3321 2475 δέ
3357 2438 3459 2489 μου
3487 2422 3580 2476 τοῦ
3610 2424 3826 2493 ἐξαγα-

2211 2515 2403 2581 γόντος
2440 2511 2502 2578 ἐξ
2532 2512 2833 2581 Αἰγύπτου,
2880 2511 2974 2565 τοῦ
3024 2506 3316 2584 ἐξάραντος
3356 2513 3448 2567 τὸν
3483 2513 3825 2586 Ἀμορραἶον

2211 2604 2275 2656 ἐκ
2303 2602 2599 2673 προσώπου
2636 2602 2841 2667 αὐτῶν,
2872 2602 2967 2657 τοῦ
3001 2602 3258 2666 λαϐόντος
3289 2604 3354 2657 ὲκ
3399 2602 3508 2657 τῶν
3548 2603 3685 2657 υἱῶν
3712 2605 3823 2659 αὐ-

2208 2695 2316 2749 τῶν
2357 2696 2438 2758 είς
2468 2694 2779 2766 προφήτας,
2809 2694 2904 2747 καὶ
2935 2695 3001 2748 ὲκ
3031 2694 3145 2748 τῶν
3173 2695 3475 2749 νεανίσκων
3515 2695 3700 2749 αὐτῶν
3734 2698 3824 2761 είς

2209 2786 2501 2857 ἁγιασμόν.
2556 2787 2720 2841 Ἀλλὰ
2764 2786 3035 2859 τετίμηκα
3084 2788 3181 2858 μὲν
3231 2786 3378 2858 ἐγὼ,
3427 2787 3725 2844 καθίῑοντο
3758 2789 3820 2844 δὲ

2207 2876 2525 2942 δυσϐουλίας
2554 2880 2636 2943 είς
2664 2878 2825 2932 τοῦτο
2857 2880 3033 2944 αὐτοὶ,
3059 2879 3135 2943 ὡς
3161 2879 3230 2934 τὰ
3265 2879 3463 2950 ἱμάτια
3500 2881 3685 2935 αὐτῶν
3720 2880 3819 2934 δε-

2209 2967 2502 3040 σμεύοντες
2547 2969 2822 3040 σχοινίοις,
2858 2971 3349 3042 παραπετάσματα
3372 2973 3551 3025 ποιεῖν
3579 2972 3816 3043 ἐχόμενα

2207 3059 2300 3114 τοῦ
2346 3060 2760 3132 θυσιαστηρίου,
2792 3061 2889 3114 καὶ
2918 3057 3064 3116 οἶνον
3097 3063 3161 3115 ὲκ
3206 3061 3591 3131 συκοφαντιῶν
3640 3063 3807 3116 πίνειν

2206 3152 2265 3205 ὲν
2296 3150 2375 3223 τῷ
2418 3151 2554 3223 οἴκῳ
2584 3151 2678 3206 τοῦ
2708 3152 2843 3206 Θεοῦ
2887 3153 3092 3220 αὐτῶν,
3133 3154 3229 3208 καὶ
3264 3153 3507 3218 ποτίζειν
3544 3155 3647 3226 μὲν
3673 3151 3809 3209 οἶνον

523 3238 591 3294 lis
637 3239 851 3307 plenum
897 3249 1001 3306 est,
1040 3239 1335 3295 clamorem
1375 3240 1529 3296 edam
1575 3240 1744 3296 multo
1789 3241 2105 3297 niaximum.

2217 3245 2337 3307 τοὺς
2391 3245 2789 3314 ἡγιασμένους,
2836 3244 3177 3299 ἐντέλλεσθαι
3223 3245 3280 3299 δὲ
3312 3249 3425 3308 τοῖς
3467 3248 3817 3317 προφήταις,

519 3330 671 3398 Quod
724 3330 850 3384 hinc
894 3331 1277 3387 detrimentum
1324 3332 1403 3389 eis
1450 3342 1806 3396 eventurum,
1846 3341 1939 3386 aut
1983 3344 2103 3401 quae

522 3423 658 3475 mula
693 3437 786 3479 eos
826 3424 1075 3479 invasura
1114 3424 1250 3490 sint,
1287 3440 1411 3480 mox
1448 3424 1802 3493 sequentibus
1841 3424 2100 3479 declarat.

2210 3335 2306 3389 xui.
2333 3333 2540 3403 λέγειν’
2576 3336 2650 3388 Οὐ
2673 3335 2748 3407 μὴ
2778 3337 3219 3409 προφητεύσητε.
3247 3340 3382 3403 Ταῖς
3406 3333 3495 3392 οὖν
3523 3339 3816 3402 τοιαύταις

2210 3425 2365 3495 ὑμῶν
2416 3426 2695 3491 ἀσεϐείαις
2750 3430 3035 3500 μονονουχὶ
3073 3428 3680 3503 καταπεφορτισμένος,
3725 3429 3807 3494 ὡς

518 3515 661 3581 ἄξων
694 3516 789 3569 ἐπὶ
823 3513 918 3586 τὴν
981 3514 1215 3585 ἄμαξαν,
1262 3515 1297 3587 ἢ
1358 3515 1613 3585 καλάμης
1652 3515 1769 3568 ἐστὶ
1834 3516 1928 3569 καὶ
1992 3514 2322 3586 δραγμάτων
2365 3517 2637 3588 ἔμπλεως,
2680 3517 2937 3589 πλείστην
2981 3521 3114 3591 ὅσην
3159 3523 3455 3591 ποιήσομαι
3486 3519 3583 3590 τὴν
3628 3536 3810 3573 κατα-

516 3603 669 3676 ϐοήν.
712 3606 821 3659 Καὶ
849 3607 902 3660 τί
947 3606 1007 3659 τὸ
1035 3605 1285 3661 ἐντεῦθεν
1332 3606 1591 3678 ἐσόμενον
1661 3605 1879 3677 βλάϐος,
1927 3606 1961 3677 ἥ
2013 3608 2144 3661 ποῖα
2182 3607 2343 3661 πάλιν
2376 3608 2561 3672 αὐτοῖς
2628 3609 2970 3681 συμϐήσεται
3009 3611 3176 3682 πάθη,
3207 3612 3483 3684 διατρανοῖ
3512 3611 3616 3682 μὲν
3647 3613 3813 3670 εὐθὺς

512 3703 571 3755 ὲν
600 3704 714 3765 τοῖς
746 3701 963 3773 ἐφεξῆς.

593 3796 977 3853 Verumtamen
1023 3807 1080 3854 et
1124 3798 1255 3853 illud
1299 3798 1588 3854 dicendum
1631 3807 1715 3854 cst
1756 3797 2096 3861 necessario,

512 3906 639 3945 vere
671 3899 795 3944 ante
824 3890 1004 3944 omnia
1039 3890 1368 3946 horrendum
1400 3906 1538 3954 esse,
1572 3890 1742 3946 Deum
1774 3890 2011 3958 irritare,
2041 3899 2098 3945 et

512 3998 578 4037 eo
613 3998 785 4051 usque
823 3983 874 4036 in
912 3983 1313 4052 improbitatem
1356 3983 1510 4037 abire
1546 3983 1801 4052 deinceps
1840 3982 2092 4052 praecipi-

514 4085 639 4140 tem,
672 4082 728 4126 ut
758 4083 980 4142 peccata
1013 4083 1195 4128 nostra
1233 4073 1466 4128 tolerare
1497 4075 1733 4143 amplius
1758 4088 1865 4127 non
1898 4074 2090 4142 possit,

509 4164 722 4220 tametsi
761 4174 954 4220 natura
989 4180 1085 4220 sua
1122 4166 1295 4220 bonus
1317 4204 1331 4229 ,
1368 4165 1609 4221 clemens
1641 4177 1697 4219 et
1732 4164 1898 4218 multo
1934 4171 2091 4219 mau-

507 4255 844 4309 suetissimus
877 4256 970 4310 sit.
1003 4256 1082 4309 Ab
1116 4270 1181 4310 eo
1217 4256 1381 4326 igitur
1407 4254 1728 4310 oli‘cndendo
1762 4254 1935 4309 modis
1968 4268 2090 4309 om-

507 4347 664 4400 nibus
703 4348 1001 4400 cavendum
1042 4357 1144 4399 est.
1185 4345 1339 4412 Quod
1384 4346 1429 4402 si
1474 4345 1748 4415 quidpiam
1793 4345 2088 4399 humanum

2276 3794 2425 3866 Πλὴν
2453 3793 2630 3846 ἐκεῖνο
2662 3794 2838 3846 εἰπεῖν
2881 3794 3196 3863 ἀναγκαῖον,
3228 3796 3310 3848 ὅτι
3344 3797 3641 3855 πάνδεινον
3673 3803 3802 3874 ἀλη-

2204 3886 2313 3951 θῶς
2356 3886 2418 3939 τὸ
2466 3884 2788 3957 παροξύνειν
2821 3885 2975 3951 Θεὸν,
3017 3887 3112 3940 καὶ
3143 3888 3222 3950 εἰς
3256 3886 3416 3942 τοῦτο
3463 3884 3793 3964 φαυλότητος

2202 3976 2587 4048 κατολισθῆσαι
2608 3976 2815 4043 λοιπὸν,
2839 3977 2914 4039 ὼς
2938 3975 3213 4049 ἀφόρητον
3236 3978 3387 4050 αὐτῷ
3416 3983 3678 4049 γενέσθαι
3700 3986 3792 4056 τὴν

2198 4069 2331 4139 παρ’
2356 4068 2514 4139 ἡμῶν
2545 4068 2839 4139 ἁμαρτίαν,
2883 4066 3063 4121 καίτοι
3102 4068 3327 4140 χρηστῷ
3366 4087 3425 4124 τε
3455 4073 3553 4125 καὶ
3608 4075 3799 4147 ἀγαθῷ

2198 4157 2293 4209 xui.
2336 4158 2678 4227 ήμερωτάτῳ
2708 4156 2828 4209 λίαν
2868 4155 3167 4229 ὑπάρχοντι
3209 4157 3351 4211 κατὰ
3385 4159 3574 4228 φύσιν.
3613 4166 3707 4217 Δεῖ
3733 4164 3801 4235 δὴ

2197 4241 2289 4300 οὖν
2324 4245 2706 4318 παραιτεῖσθαι
2756 4244 2855 4316 μὲν
2899 4245 2981 4299 ὅτι
3020 4246 3258 4315 μάλιστα
3307 4248 3483 4317 φιλεῖν
3529 4251 3590 4304 τὸ
3626 4270 3800 4324 προσ-

2198 4336 2415 4408 κρούειν
2441 4335 2607 4406 αύτῷ.
2638 4337 2700 4389 Εί
2731 4335 2785 4388 δὲ
2817 4336 2879 4406 δή
2914 4353 2966 4390 τι
2995 4337 3203 4405 γένοιτο
3233 4340 3325 4393 καὶ
3357 4340 3547 4393 παθεῖν
3575 4343 3768 4415 ἀνθρώ

506 4438 616 4507 pati
647 4437 964 4506 contigerit,
997 4435 1156 4490 oIIicii
1190 4448 1303 4501 est,
1334 4453 1440 4492 non
1472 4440 1641 4494 videri
1675 4439 1741 4493 ad
1773 4438 2086 4506 patientiam

2217 4444 2368 4493 τινον,
2408 4427 2482 4497 μὴ
2524 4426 2754 4497 ὁρᾶσθαι
2797 4426 3069 4498 μελλητὰς
3113 4430 3193 4492 είς
3235 4431 3593 4501 μετάγνωσιν,
3644 4436 3801 4505 μήτε

504 4544 717 4599 segnes.
751 4542 852 4583 nec
883 4529 1063 4583 sinere
1094 4539 1316 4597 peccata
1352 4530 1588 4597 peccatis
1618 4528 1921 4593 cumulari;
1954 4527 2082 4597 quin

2217 4518 2302 4588 ιὴν
2336 4519 2416 4582 είς
2460 4517 2691 4588 αύξησιν
2737 4518 2876 4571 ἱέναι
2909 4522 3260 4591 παραχωρεῖν
3296 4525 3407 4585 τοῖς
3435 4522 3805 4595 διεπταισμὲ-

503 4622 686 4689 potius
734 4629 925 4674 sancta
978 4618 1211 4688 quadam
1256 4619 1535 4688 vigilantia
1580 4634 1644 4672 ca
1695 4619 1981 4682 cohibere,
2029 4626 2084 4672 et

2217 4624 2324 4673 ιοιςο
2356 4609 2514 4680 νήφει
2548 4609 2602 4664 δὲ
2633 4609 2832 4680 μᾶλλον
2863 4611 3191 4681 ἀγιοπρεπεῖ
3222 4614 3541 4684 χρωμένους
3570 4617 3808 4670 ἀνασει-

498 4720 852 4781 mgrotantem
901 4710 1138 4763 animout
1185 4708 1350 4781 274
1394 4711 1461 4764 ad
1515 4709 1737 4765 meliora
1789 4710 2078 4779 appellere.

2217 4699 2376 4765 μάζειν
2416 4700 2584 4764 αὐτὰ,
2628 4701 2723 4754 καὶ
2775 4700 3167 4771 μετακομίζειν
3198 4704 3515 4773 ἐπείγεσθαι
3552 4707 3688 4776 πρὸς
3727 4709 3807 4763 τὸ

499 4804 593 4859 Sic
621 4804 765 4859 enim
801 4802 940 4856 Deus
971 4800 1237 4870 patienter
1262 4817 1360 4857 nos
1392 4803 1713 4864 sustinebit,
1740 4812 1793 4856 et
1825 4803 2078 4872 quoniam

2217 4794 2410 4862 Lpswov
2458 4791 2855 4864 ήῤῥωστηκότα
2905 4790 2997 4845 τὸν
3034 4791 3180 4845 νοῦν.
3226 4794 3644 4867 Ἀνεξικακήσει
3676 4799 3806 4871 γὰρ

498 4894 765 4964 benignus
793 4901 898 4958 est,
927 4891 1355 4948 misericordiam
1391 4894 1608 4948 tribuet.

2219 4880 2358 4944 ὖτως
2391 4881 2551 4969 φεός·
2583 4883 2675 4935 καὶ
2714 4881 2945 4950 ἐπείπερ
2975 4883 3122 4935 ἐστὶν
3152 4883 3377 4952 ἀγαθὸς,
3406 4885 3667 4941 ἐπιδώσει
3696 4890 3809 4945 τὸν

2187 4973 2355 5026 ἔλεον.

570 5071 731 5128 Vsus.
772 5070 957 5126 ιιι-ιθ.
993 5069 1060 5125 Et
1119 5072 1302 5139 peribit
1345 5073 1468 5143 fuga
1505 5090 1536 5124 a
1575 5088 1819 5140 cursore,
1839 5084 1885 5126 et
1927 5071 2079 5139 [ortis

2254 5065 2367 5118 Καὶ
2413 5065 2721 5119 ἀπολεῖται
2767 5067 2930 5135 φυγὴ
2982 5066 3051 5120 ἐκ
3085 5065 3372 5136 δρομέως,
3410 5071 3513 5124 καὶ
3568 5075 3605 5126 δ
3644 5091 3812 5142 sapa-

493 5180 594 5220 nou
622 5166 868 5218 obtinebit
894 5164 1263 5234 fortitudinem:
1285 5181 1459 5226 suaut,
1484 5176 1528 5216 et
1554 5175 1812 5232 pugnator
1834 5180 1937 5216 non
1965 5163 2076 5216 sul-

2217 5156 2341 5222 αιὸς
2381 5159 2452 5211 οὐ
2486 5156 2573 5226 μὴ
2619 5156 2893 5227 κρατήσῃ
2931 5157 3040 5225 τῆς
3090 5160 3306 5228 ἰσχύος
3356 5163 3568 5229 αὐτοῦ,
3610 5166 3722 5219 καὶ
3764 5172 3812 5224 ὁ

492 5252 631 5306 vubit
674 5254 904 5307 animum
946 5269 1129 5320 suam,
1167 5265 1212 5307 et
1258 5255 1538 5324 sagittator
1570 5270 1671 5306 non
1713 5255 1985 5317 subsistet,
2026 5264 2073 5308 et

2220 5250 2450 5321 αχητὴς
2496 5254 2568 5305 οὺ
2605 5251 2692 5320 μὴ
2748 5250 2922 5320 σώσῃ
2966 5253 3083 5321 τὴν
3119 5254 3334 5323 ψυχὴν
3365 5257 3576 5322 αὐτοῦ,
3608 5260 3723 5315 καὶ
3766 5266 3810 5320 ό

492 5341 641 5395 relox
670 5346 887 5411 pedibus
917 5348 1028 5401 suis
1056 5362 1160 5400 non
1185 5345 1497 5410 salvabitur,
1530 5361 1689 5414 neque
1718 5362 1871 5415 eques
1900 5345 2076 5400 salva-

2217 5343 2425 5411 οξότης
2478 5344 2550 5396 οὺ
2589 5341 2674 5412 μὴ
2724 5342 2998 5413 ὑποστῇ,
3032 5344 3131 5398 καί
3163 5347 3197 5398 ό
3227 5344 3373 5412 ὀξὺς
3428 5347 3556 5415 τοῖς
3587 5352 3812 5411 ποσὶν

493 5431 564 5484 bit
601 5433 831 5490 animum
867 5454 1038 5493 suam.
1073 5434 1141 5491 Et
1177 5436 1398 5491 inveniet
1436 5437 1664 5491 animum
1701 5452 1851 5490 suam
1887 5437 1942 5489 in
1977 5453 2072 5505 po-

2220 5432 2361 5487 ὺτοῦ
2389 5435 2461 5487 οὺ
2495 5433 2580 5502 μὴ
2612 5431 2901 5501 διασωθῇ,
2935 5435 3032 5488 καὶ
3068 5437 3101 5488 ὁ
3134 5435 3352 5499 ἱππεὺς
3380 5439 3453 5490 οὐ
3477 5439 3566 5507 μὴ
3596 5440 3811 5518 σώσῃ

492 5522 796 5578 tentatibus.
835 5525 1029 5583 Nudus
1071 5539 1408 5597 persequetur
1444 5528 1500 5583 in
1542 5526 1724 5583 diebus
1766 5527 1897 5594 illis,
1940 5528 2067 5582 dicit

2217 5524 2288 5592 ὴν
2313 5525 2527 5593 ψυχὴν
2549 5525 2754 5579 αὑτοῦ.
2783 5526 2890 5579 Kal
2920 5525 3164 5594 εὑρήσει
3193 5526 3310 5596 τὴν
3335 5528 3555 5599 ψυχὴν
3583 5534 3814 5594 αὑτοῦ

488 5612 767 5671 Dominus.

2217 5633 2241 5663 ν’
2266 5616 2669 5683 δυναστείαις.
2709 5616 2770 5668 '0
2802 5616 3028 5685 γυμνὸς
3060 5616 3327 5683 διώξεται
3357 5620 3430 5675 ἐν
3466 5619 3601 5689 ταῖς
3632 5624 3813 5694 ἠμέ-

2171 5724 2300 5775 patr;
2331 5707 2611 5773 ἐκείναις,
2648 5707 2813 5778 λέγει
2845 5706 3079 5776 Κύριος.

621 5813 806 5872 Matth.
851 5830 905 5884 ι,
929 5812 1000 5869 20
