4054 6274
276 415 386 471 ιέίδ

1238 401 1785 459 COMMENTARIUS
1825 401 1889 456 ΙΝ
1933 399 2118 454 AMOS
2158 398 2603 455 PROPHETAM.

3438 406 3507 457 45
3518 399 3547 454 ι

344 527 473 581 ΚΔν.
507 521 672 577 Οὐδὲν
705 518 997 582 ἀνασώσει,
1025 517 1211 589 φησὶν,
1237 519 1296 570 ἐν
1327 518 1511 589 ἡμέρᾳ
1539 517 1711 589 ὀργῆς
1740 518 1863 578 τοὺς

2042 513 2230 570 XXIV.
2266 514 2431 579 Nihil,
2462 516 2660 587 inquit,
2687 515 2847 570 saluti
2874 515 2975 570 erit
3002 516 3057 572 in
3085 517 3172 572 die
3202 517 3295 571 irte
3324 516 3428 571 illis
3452 518 3544 589 qui

272 613 820 693 προσκεκρουκότας’
849 611 912 665 οὐ
950 609 1126 664 ποδῶν
1163 608 1358 681 ὀξύτης
1394 608 1484 663 τὸν
1521 609 1861 681 δρομικώτα-

273 730 366 767 τον
397 706 713 770 ιάπαλλάξει
748 703 859 757 τῶν
905 701 1124 757 κακῶνο
1158 705 1218 755 οὐ
1254 701 1507 772 σώματος
1555 700 1714 773 ῥώμη
1768 703 1860 756 τὸν

274 799 539 869 εὐσθενῆ·
568 796 669 851 οὐκ
715 793 982 864 ἐμπειρία
1018 791 1287 863 πολεμικὴ
1319 792 1410 847 τὸν
1446 791 1623 845 εἰδότα
1664 792 1735 846 τὰ
1763 808 1859 846 τας

274 893 470 957 κτικὰ,
509 890 605 945 καὶ
646 889 709 942 τὸ
753 886 990 955 τοξεύειν
1042 885 1240 956 ἄριστα
1285 884 1719 956 μεμελετηκότα,
1768 887 1860 940 καὶ

275 987 367 1042 ἐπὶ
405 984 583 1051 τούτῳ
609 979 1075 1050 τεθαυμασμένον.
1109 978 1389 1047 Ἀνόνητος
1416 976 1474 1030 δὲ
1501 979 1611 1040 τοῖς
1644 976 1861 1047 χρωμέ-

274 1095 387 1140 νοις
431 1076 527 1130 xui
559 1075 595 1146 ἡ
624 1071 735 1127 τῶν
768 1072 960 1125 ἵππων
992 1068 1253 1140 ταχύτης,
1305 1067 1399 1122 καὶ
1450 1067 1584 1120 αὐτὸ
1622 1067 1681 1121 δὲ
1725 1067 1861 1138 πρὸς

273 1171 452 1241 τούτῳ
475 1169 539 1222 τὸ
578 1168 677 1237 τὴν
721 1163 1050 1234 ἱππόκροτον
1087 1162 1284 1216 εἰδέναι
1334 1161 1534 1232 μάχην.
1558 1160 1698 1213 Ἀλλ’
1727 1160 1859 1214 ἐκα-

276 1271 402 1324 στος
436 1258 643 1312 τούτων
685 1254 909 1324 εὑρήσει
955 1251 1144 1320 σαφῶς
1177 1251 1275 1323 τὴν
1320 1251 1515 1305 ἑαυτοῦ
1545 1249 1771 1322 καρδίαν
1802 1251 1860 1301 ἐν

275 1349 637 1413 δυναστείαις,
672 1345 939 1409 τουτέστι,
976 1341 1582 1415 καταδυναστευομένην
1610 1344 1721 1404 τοῖς
1752 1341 1861 1395 δεί-

280 1461 452 1515 μασι,
496 1440 590 1494 καὶ
658 1435 1099 1509 παραχωροῦσαν
1143 1435 1346 1505 ἀμαχεὶ
1398 1436 1511 1497 τοῖς
1560 1432 1863 1513 καταδῃοῦν

278 1535 520 1590 ἐθέλουσι
542 1530 604 1584 τὸ
631 1531 806 1601 νικᾷν.
838 1530 1031 1583 Ἔσται
1058 1525 1167 1599 γὰρ
1194 1527 1316 1579 τότε
1339 1526 1508 1579 δειλία
1540 1525 1639 1596 μὲν
1666 1526 1776 1579 τῶν
1801 1525 1861 1592 ἐξ

292 1624 542 1698 Ἰσραὴλ,
585 1620 822 1692 τοσαύτη
871 1619 930 1674 δὲ
982 1618 1267 1673 δυναστεία
1318 1618 1427 1670 τῶν
1483 1617 1859 1682 Βαϐυλωνίων,

281 1717 421 1772 ὥστε
470 1716 563 1769 καὶ
601 1713 818 1768 διώκειν
863 1710 1121 1766 δύνασθαι
1163 1710 1255 1764 τὸν
1301 1710 1528 1781 γυμνὸν,
1576 1708 1857 1773 τουτέστι,

1967 615 2350 679 peccaverunt.
2392 607 2506 663 Non
2550 608 2800 663 celeritas
2842 608 3035 677 pedum
3079 623 3356 664 cursorem
3398 610 3545 676 opti—

1968 714 2114 754 mum
2158 698 2315 753 malis
2354 700 2583 766 eximet,
2623 715 2729 754 non
2769 701 2914 756 vires
2955 702 3199 770 corporis
3242 701 3542 763 robustum,

1968 805 2074 845 non
2106 789 2296 857 peritia
2327 789 2580 843 militaris
2606 790 2822 856 ducem,
2852 807 2956 847 non
2987 807 3195 847 summa
3227 791 3546 846 exercitatio

1966 881 2305 951 sagittarium
2349 881 2691 950 praeclarum.
2737 883 3010 952 Equorum
3052 886 3308 941 velocitas
3346 887 3549 954 equiti-

1968 975 2088 1038 '-us,
2115 982 2170 1027 et
2201 972 2424 1040 insuper
2449 972 2783 1041 equestrium
2815 973 3201 1030 decursionum
3238 976 3426 1031 notitia
3462 976 3547 1028 ni-

1963 1061 2041 1118 hil
2074 1062 2347 1132 proderit;
2380 1062 2475 1116 sed
2510 1063 2884 1131 unusquisque
2922 1082 2940 1113 c
2983 1064 3223 1118 inveniet
3260 1082 3356 1121 cor
3388 1082 3551 1121 suum

1964 1154 2249 1210 manifeste
2279 1155 2334 1208 in
2366 1153 2754 1223 potentatibus,
2794 1173 2814 1205 ›
2853 1155 2956 1210 hoc
2984 1164 3092 1215 cst,
3124 1160 3421 1212 terroribus
3454 1174 3546 1227 po-

1969 1252 2146 1299 tenter
2174 1258 2528 1314 oppressum,
2558 1253 2614 1299 et
2639 1244 2927 1300 devastare
2955 1261 3015 1301 se
3046 1245 3378 1310 volentibus,
3411 1249 3549 1301 citra

1967 1353 2198 1408 pugnam
2240 1337 2504 1393 concedet
2543 1337 2851 1393 victoriam.
2896 1339 3192 1393 Timebuut
3229 1339 3377 1392 enim
3425 1348 3551 1393 tunc

1966 1430 2245 1486 lsraelitae.
2272 1429 2445 1484 Tanta
2474 1439 2652 1484 autem
2685 1430 2790 1484 erit
2823 1428 3245 1501 Babyloniorum
3279 1431 3546 1499 potentia,

1969 1533 2027 1579 ut
2063 1524 2233 1592 possit
2269 1523 2434 1578 etiam
2475 1522 2654 1577 nudus
2690 1524 2959 1591 persequi,
2995 1523 3099 1578 hoc
3136 1534 3219 1578 est
3258 1521 3549 1591 praevalere

1967 1614 2220 1677 armatis,
2265 1612 2479 1667 etiamsi
2523 1613 2767 1682 ipsorum
2817 1612 3237 1682 Babyloniorum
3282 1614 3546 1681 quispiam

1969 1706 2195 1760 thorace
2227 1704 2442 1761 indutus
2472 1718 2579 1759 non
2607 1705 2709 1767 sit,
2738 1715 2794 1759 et
2824 1705 3033 1772 insequi
3065 1705 3236 1771 possit
3264 1706 3430 1758 armis
3462 1706 3548 1759 in-

281 1803 601 1876 κατισχῦσαι
625 1803 735 1856 τῶν
764 1805 821 1854 ἐν
848 1801 1051 1866 ὅπλοις,
1078 1799 1183 1853 κᾶν
1211 1798 1265 1852 εἴ
1290 1816 1374 1862 τις
1403 1798 1720 1869 ἁθώρηκτος
1752 1797 1859 1850 τῶν

1968 1804 2228 1850 structum
2253 1795 2504 1849 omnibus
2549 1795 2594 1850 is
2630 1795 2721 1864 qui
2750 1795 2917 1848 armis
2940 1804 3125 1849 careat
3148 1804 3203 1849 et
3229 1796 3545 1864 imparatus.

281 1893 671 1950 Βαϐυλωνίων
713 1892 808 1946 κα¹ι
836 1888 1051 1944 διώκειν
1083 1887 1340 1942 δύνασθαι
1382 1888 1508 1951 τοὺς
1546 1891 1604 1941 ἐν
1634 1905 1863 1941 παντευ-

1970 1891 2075 1943 Deo
2102 1887 2266 1959 igitur
2289 1887 2343 1941 in
2374 1885 2797 1943 imbecillitatem
2824 1897 3219 1956 prosternente,
3248 1902 3386 1957 quos
3409 1888 3546 1945 affli-

282 1988 371 2059 χξᾳ
406 1985 500 2039 τὸν
529 1983 727 2038 ἄοπλόν
768 1999 827 2035 τε
866 1982 959 2035 καὶ
988 1980 1237 2034 ἄσκευον.
1273 1978 1481 2033 Οὐκοῦν
1514 1979 1649 2032 Θεοῦ
1690 1996 1863 2032 κατα-

287 2079 519 2141 σείοντος
548 2077 628 2140 είς
654 2073 961 2138 ἀσθένειαν,
988 2071 1080 2135 οὒς
1109 2071 1176 2127 ἂν
1194 2070 1367 2126 ἐλοιτο
1395 2070 1617 2135 κακοῦν,
1645 2073 1867 2124 ἐπικου-

286 2172 504 2244 ρήσειεν
536 2169 602 2222 ἂν
635 2164 810 2222 ούδέν.
834 2166 946 2219 Καὶ
972 2164 1154 2227 τοῦτο,
1180 2159 1356 2235 οἶμαι,
1389 2163 1509 2218 ἐστὶ
1544 2162 1605 2216 τὸ
1637 2162 1726 2216 διὰ
1767 2164 1866 2234 τῆς

281 2262 374 2316 τοῦ
413 2261 722 2323 Ψὰλλοντος
762 2259 943 2328 φωνῆς
971 2257 1343 2329 ἐτεροτρόπως
1381 2258 1515 2327 ἡμῖν
1552 2255 1864 2326 εἰρημένονο

288 2375 306 2406 ι
339 2356 455 2408 Οὐκ
487 2355 544 2408 ἐν
573 2356 639 2424 τῇ
666 2350 959 2422 δυναστείᾳ
981 2349 1073 2404 τοῦ
1100 2351 1268 2403 ἵππου
1297 2349 1534 2419 θελήσει.
1559 2367 1579 2401 ι
1617 2348 1728 2402 Καὶ
1758 2348 1866 2402 πά-

282 2446 391 2500 λιν’
425 2465 445 2496 ι
473 2443 686 2513 Ψευδὴς
712 2442 876 2505 ἵππος
904 2443 984 2506 είς
1013 2441 1306 2513 σωτηρίαν.
1330 2460 1350 2493 ι
1380 2441 1639 2512 Ἀνόνητα
1664 2439 1775 2513 γὰρ
1799 2440 1869 2496 τὰ

280 2536 463 2593 τοιάδε
493 2533 801 2598 παντελῶς,
838 2534 913 2605 μὴ
943 2532 1327 2597 συναθλοῦντος
1364 2533 1522 2590 Θεοῦ.
1546 2534 1717 2598 Αὐτὸς
1756 2534 1865 2606 γάρ

283 2630 434 2682 ἐστιν
459 2630 487 2680 ὁ
527 2626 636 2683 τῶν
669 2627 951 2695 δυνάμεων
994 2624 1230 2697 Κύριος,
1258 2628 1288 2679 ὁ
1325 2626 1493 2697 νεῦρα
1536 2626 1711 2691 διδοὺς
1753 2629 1866 2690 τοῖς

285 2721 649 2793 ἠσθενηκόσι,
686 2720 784 2773 καὶ
828 2717 1142 2791 ἀωνευρῶν
1179 2717 1303 2781 τοὺς
1342 2717 1738 2788 λελυπηκόταςο
1773 2718 1868 2771 καὶ

292 2813 393 2865 σὺν
433 2810 579 2881 αὐτῷ
615 2810 713 2882 μὲν
746 2830 765 2862 ι
792 2809 1051 2877 Διώξεται
1090 2804 1170 2873 εἷς
1203 2807 1430 2880 χιλίους,
1466 2808 1560 2862 δύο
1587 2809 1643 2863 δὲ
1668 2804 1734 2863 αὖ
1769 2827 1867 2880 με-

292 2902 647 2973 τακινήσουσι
694 2900 1024 2972 μυριάδας.»
1074 2899 1526 2971 Δαπανηθήσεται
1553 2900 1612 2954 δὲ
1660 2900 1869 2972 πληθὺς

288 2994 459 3065 πολλὴ
492 2994 585 3048 καὶ
615 2995 946 3066 ἀμέτρητος,
982 2993 1075 3048 δύο
1107 3010 1208 3048 που
1245 2993 1387 3064 τάχα
1415 2992 1510 3048 καὶ
1545 2993 1711 3066 τριῶν
1739 2994 1865 3049 ἀνθ-

283 3083 617 3155 εστηκότων,
647 3087 695 3138 εί
727 3084 804 3155 μὴ
845 3084 1101 3157 ἐπαμύνῃ
1125 3083 1278 3148 Θεός.

547 3206 932 3294 ΤΟΜΟΣ
1010 3204 1601 3294 ΔΕΥΤΕΡΟΣ.

891 3365 1138 3419 ΚΕΦΑΛ.
1174 3362 1249 3417 Γ’.

367 3480 683 3537 Ἀκούσατε
722 3480 829 3533 τὸν
858 3479 1047 3548 λόγον
1076 3478 1314 3545 τοῦτον,
1346 3477 1420 3532 ὃν
1452 3477 1719 3546 uti/1110's
1748 3478 1868 3532 Κύαο

275 3594 410 3647 ριος
437 3574 530 3645 ἐφ’
555 3574 733 3644 ὑμᾶς,
755 3569 920 3637 οἶκος
946 3571 1051 3626 τοῦ
1087 3571 1345 3640 Ἰσραὴλ,
1364 3570 1463 3625 καί
1488 3571 1638 3626 κατὰ
1664 3570 1868 3638 πάσης

284 3668 489 3738 φυλῆς
531 3661 608 3737 ἧς
643 3663 947 3734 ἀνήγαγεν
998 3665 1068 3719 ἐκ
1116 3664 1227 3734 γῆς
1271 3660 1598 3734 Αἰγύπτου,
1634 3662 1863 3732 λέγων·

282 3759 460 3827 Πλὴν
483 3758 639 3827 ὑμᾶς
665 3758 861 3826 ἔγνων
884 3757 953 3811 ἐκ
982 3755 1195 3810 πασῶν
1216 3755 1428 3825 φυλῶν
1448 3754 1562 3825 τῆς
1600 3754 1733 3823 τῆς.
1764 3751 1868 3806 Διὰ

281 3846 461 3901 τοῦτο
509 3845 809 3912 ἐκδικήσω
860 3843 951 3913 ἐφ’
1002 3845 1156 3914 ὑμᾶς
1190 3843 1392 3911 πάσας
1437 3844 1545 3911 τὰς
1576 3842 1865 3912 ἁμαρτίας

281 3939 468 4007 ὑμῶν.

354 4031 484 4084 ΚΕ’.
543 4028 702 4082 Κατά
758 4027 960 4090 παντὸς
1011 4026 1077 4080 ἂν
1133 4028 1304 4079 νοοῖτο
1367 4026 1581 4097 Ἰσραὴλ
1626 4020 1868 4092 γεγονὼς

280 4122 310 4175 ὁ
338 4120 499 4188 λόγος
520 4118 638 4182 ,οὐκ
669 4118 770 4171 ἀνὰ
809 4117 973 4188 μέρος
1001 4116 1080 4170 ἔτι
1113 4115 1397 4187 τιθεμένου
1422 4114 1518 4168 τοῦ
1556 4114 1745 4179 Ἰούδα,
1773 4114 1868 4168 καὶ

278 4211 377 4266 τοῦ
425 4208 685 4280 Ἐφραῒμ,
715 4209 830 4263 ἀλλ’
862 4211 941 4269 είς
983 4208 1040 4263 ἐν
1087 4208 1275 4279 ὥσπερ
1312 4207 1740 4278 συνειλημμένου
1771 4206 1867 4260 τοῦ

282 4302 491 4364 παντὸς
525 4301 738 4370 γένους.
784 4299 1143 4371 Ἀνεκομίσθη
1182 4301 1291 4372 γὰρ
1321 4300 1378 4366 ἐξ
1410 4299 1685 4368 Αἰγύπτου
1715 4300 1867 4353 πᾶσα

282 4391 427 4464 φυλὴ
458 4392 569 4445 τῶν
619 4391 679 4457 ἐξ
745 4391 983 4463 Ἰσραήλ.
1030 4391 1255 4455 Οὐδενὸς
1303 4386 1395 4445 οὖν
1441 4391 1547 4458 ἔξω
1595 4391 1861 4457 τεθέντος,

1966 1992 2093 2046 gere
2114 1975 2365 2040 voluerit,
2390 1974 2497 2030 illis
2520 1976 2652 2031 nihil
2676 1977 2932 2046 opitulari
2959 1978 3176 2045 poterit.
3199 1976 3376 2045 Atque
3404 1978 3544 2033 istud

1966 2078 2072 2133 est,
2105 2068 2317 2138 Opinor,
2354 2053 2497 2135 qubd
2530 2081 2661 2122 voce
2694 2067 2994 2125 Psalmistw
3028 2068 3150 2123 aliis
3181 2070 3361 2124 verbis
3394 2070 3548 2125 nobis

1969 2160 2237 2215 indicatur
2262 2175 2278 2213 :
2312 2175 2331 2209 ι
2366 2157 2482 2214 Non
2511 2158 2565 2213 in
2593 2156 2908 2212 fortitudine
2934 2159 3058 2227 equi
3088 2158 3415 2213 voluntatem
3447 2161 3543 2213 ita.

1967 2250 2115 2307 bebit
2141 2248 2206 2304 ⁸⁷.
2248 2266 2268 2302 ι
2312 2249 2376 2303 Et
2418 2264 2635 2304 rursum
2672 2268 2686 2304 :
2728 2268 2748 2302 σ
2788 2248 2975 2305 Fallax
3016 2264 3188 2320 equus
3225 2251 3291 2305 ad
3330 2251 3545 2305 salvan-

1967 2342 2096 2397 dum
2117 2342 2184 2399 ⁸⁸.
2219 2361 2241 2394 ›
2270 2340 2485 2397 qutilia
2515 2342 2658 2398 enim
2690 2350 2817 2397 sunt
2847 2343 2945 2398 ista
2980 2342 3244 2406 fnt'iditus,
3274 2343 3375 2398 nisi
3406 2343 3551 2398 Deus

1968 2441 2267 2505 pugnantes
2313 2433 2549 2503 adjuvet.
2595 2433 2713 2503 ipse
2753 2434 2898 2489 enim
2948 2443 3031 2490 est
3076 2433 3333 2489 Dominus
3374 2434 3548 2488 virtu-

1969 2535 2083 2581 tum
2109 2526 2174 2594 ",
2199 2528 2289 2597 qui
2322 2526 2550 2581 intirmis
2577 2541 2775 2583 nervos
2800 2526 3214 2590 subministrat,
3240 2535 3295 2580 et
3323 2536 3549 2581 enervat

1969 2632 1999 2672 a
2027 2618 2227 2689 quibus
2256 2627 2340 2673 est
2374 2616 2632 2673 offensus.
2660 2618 2728 2672 Et
2766 2618 2857 2673 illo
2890 2618 3058 2680 socio,
3094 2635 3114 2668 ι
3158 2615 3308 2672 Unus
3342 2616 3550 2687 iugabit

1968 2709 2139 2778 mille,
2164 2718 2220 2765 et
2250 2710 2357 2765 duo
2385 2708 2650 2778 fugabunt
2676 2710 2863 2765 decem
2894 2709 3059 2763 millia
3081 2709 3150 2772 ⁷ο,
3188 2727 3209 2762 ι
3243 2708 3548 2778 peribitque

1968 2803 2260 2859 multitudo
2294 2802 2487 2873 ingens
2518 2811 2575 2858 et
2611 2802 2870 2857 immensa
2892 2840 2908 2866 ,
2943 2816 2972 2855 a
3006 2802 3217 2855 duobus
3248 2809 3344 2854 aut
3378 2799 3552 2855 tribus

1968 2895 2204 2951 fortasse
2231 2894 2472 2961 concisa,
2534 2893 2637 2949 nisi
2671 2894 2811 2949 Deus
2840 2893 2986 2947 illam
3020 2892 3339 2948 defenderit.

2179 3217 2588 3313 TOMUS
2677 3217 3332 3310 SECUNDUS.

2620 3364 2771 3422 CAP.
2813 3363 2880 3419 lii
2892 3402 2908 3418 .

2038 3482 2207 3540 Vnus.
2246 3485 2310 3548 ί,
2347 3484 2403 3538 2.
2444 3482 2638 3537 Audite
2674 3482 2883 3537 verbum
2920 3479 3018 3533 hoc
3057 3481 3196 3546 quod
3233 3480 3438 3534 locutus
3476 3491 3549 3534 est

1975 3576 2228 3631 Dominus
2264 3591 2420 3643 super
2451 3590 2561 3637 vos,
2596 3576 2783 3626 domus
2824 3570 3011 3634 Israel,
3047 3584 3092 3624 ct
3131 3583 3315 3623 contra
3349 3585 3551 3623 omnem

1970 3666 2163 3719 tribum
2183 3705 2197 3731 ,
2225 3681 2379 3735 quam
2411 3664 2590 3717 eduxit
2621 3665 2684 3716 de
2714 3671 2854 3715 terra
2877 3660 3128 3729 Egypti,
3160 3661 3335 3712 dicens
3362 3674 3381 3712 :
3407 3658 3450 3712 Τ
3451 3675 3550 3711 απο-

1969 3756 2235 3810 tummodo
2264 3770 2352 3807 vos
2382 3751 2598 3821 cognovi
2625 3765 2690 3804 ea:
2719 3750 2961 3804 omnibus
2994 3751 3229 3802 tribubus
3260 3760 3431 3805 term.
3458 3748 3553 3806 Id-

1968 3849 2108 3900 circo
2139 3845 2368 3899 ulciscar
2391 3858 2545 3910 super
2570 3858 2657 3896 vos
2686 3842 2863 3894 omnia
2895 3852 3108 3909 peccata
3139 3851 3332 3897 uestra.

2038 4020 2201 4093 275
2238 4019 2407 4075 XXV.
2450 4018 2566 4075 Non
2597 4017 2709 4087 iam
2745 4018 2812 4072 de
2844 4015 2979 4072 Juda
3013 4027 3067 4071 et
3101 4017 3357 4089 Epitraim
3393 4036 3551 4091 sepa-

1968 4116 2149 4180 ratim,
2178 4112 2270 4168 sed
2300 4114 2367 4168 de
2392 4112 2644 4165 universo
2673 4108 2892 4174 lsraele,
2921 4120 2972 4162 et
2996 4109 3142 4164 velut
3170 4120 3279 4165 tota
3311 4120 3468 4180 gente
3497 4115 3549 4168 in

1968 4222 2131 4261 unum
2163 4205 2387 4260 collecta
2423 4204 2541 4257 haec
2576 4202 2800 4269 intelligi
2835 4210 3066 4269 possunt
3105 4220 3117 4254 :
3154 4215 3343 4256 omnes
3376 4203 3550 4271 siqui-

1967 4300 2086 4352 dem
2130 4296 2302 4351 tribus
2340 4293 2704 4349 lsraelitarum
2749 4308 2814 4347 ex
2852 4291 3088 4364 [Egypto
3125 4293 3361 4348 reducta:
3401 4306 3547 4351 sunt.

1967 4391 2193 4446 Netuiue
2222 4388 2389 4459 igitur
2414 4387 2667 4451 excluso,
2700 4400 2818 4454 qua:
2849 4386 3102 4439 dicuntur
3127 4400 3156 4440 a
3189 4385 3329 4450 Deo,
3362 4386 3550 4439 audire

283 4484 520 4538 ἀκοῦσαι
551 4484 889 4556 προστέταχε
933 4484 1000 4538 τὰ
1032 4487 1184 4555 παρὰ
1210 4483 1303 4537 τοῦ
1351 4482 1509 4537 Θεοῦ.
1542 4483 1674 4537 Τίνα
1711 4483 1767 4537 δέ
1796 4478 1863 4554 ἦν

1967 4484 2135 4552 jubet.
2165 4483 2294 4548 Quae
2321 4491 2499 4535 autem
2530 4480 2743 4533 tandem
2773 4489 2827 4533 et
2855 4478 3002 4533 haec?
3032 4477 3195 4532 Millia
3225 4477 3389 4532 multa
3417 4478 3550 4532 civi-

280 4577 377 4630 καὶ
408 4576 566 4642 τάδε;
595 4548 977 4649 ’Μυρίαιημέν
1023 4548 1133 4647 γάρ
1171 4577 1309 4629 είσιν
1341 4577 1485 4639 ὅσαι,
1527 4576 1712 4646 φησὶν,
1760 4548 1863 4628 ἀνὰ

1971 4589 2140 4632 talum
2172 4587 2226 4629 et
2259 4574 2537 4643 regionum
2570 4572 2669 4627 sub
2699 4571 2811 4627 sole
2841 4579 2997 4635 sunt,
3027 4581 3081 4625 et
3108 4585 3369 4625 numerus
3401 4571 3549 4624 inco-

280 4670 463 4721 πᾶσαν
514 4668 614 4740 τὴν
667 4669 761 4722 ὑπ’
809 4669 1039 4741 οὐρανὸν
1076 4667 1260 4730 πόλεις
1305 4684 1365 4720 τε
1413 4669 1507 4721 καὶ
1539 4668 1736 4739 χῶραι,
1772 4667 1863 4720 καὶ

1970 4669 2139 4723 larum
2169 4666 2434 4722 infinitus.
2459 4664 2565 4720 Sed
2589 4681 2654 4719 ex
2676 4664 2924 4718 omnibus
2947 4678 3040 4717 vos
3064 4662 3333 4718 lsraelitas
3360 4663 3547 4731 selegi.

280 4758 521 4832 ἀριθμοῦ
555 4760 837 4830 κρείττους
875 4762 925 4813 oi
963 4763 1023 4815 ἐν
1066 4760 1278 4823 αὐταῖς·
1311 4758 1425 4813 ἀλλ’
1456 4760 1600 4830 ὑμᾶς
1628 4759 1695 4812 ἐκ
1729 4759 1863 4813 πάν-

1970 4761 2228 4832 Meipsum
2258 4760 2411 4814 vobis
2443 4773 2537 4828 per
2566 4757 2842 4826 complura
2875 4753 3137 4809 miracula
3170 4753 3548 4820 manifestavi;

279 4869 389 4906 των
425 4853 551 4915 τοὺς
576 4850 635 4915 ἐξ
684 4852 899 4923 Ἰσραὴλ
929 4851 1264 4914 ἀπολέκτους
1297 4853 1661 4922 ἐποιησάμην,
1692 4850 1863 4921 ἐμαυ-

1971 4851 2085 4904 dira
2122 4862 2176 4906 et
2214 4849 2549 4904 intoleranda
2586 4847 2849 4902 servitute
2879 4859 2977 4900 vos
3008 4845 3268 4911 liberavi;
3303 4845 3551 4900 beatissi-

277 4943 370 4997 τὸν
421 4944 628 5014 ἐναργῆ
680 4961 739 4996 τε
788 4946 1097 5016 κατέστησα
1150 4944 1240 4998 διὰ
1290 4943 1498 4998 πολλῶν
1549 4943 1863 5015 θαυμάτων,

1968 4956 2086 4996 mos
2117 4950 2171 4996 et
2207 4942 2276 4996 ab
2314 4940 2565 4995 omnibus
2600 4936 2973 5007 pracdicandos
3011 4937 3238 4992 reddidi.
3277 4935 3418 5005 Lege
3451 4951 3550 4992 vos

276 5034 565 5104 ἐξειλόμην
598 5036 803 5105 πικρᾶς
857 5037 953 5090 καὶ
984 5038 1262 5109 ἀφορήτου
1293 5036 1557 5100 δουλείας,
1592 5035 1863 5107 ζηλωτοὺς

1967 5034 2209 5097 erudivi,
2243 5042 2302 5085 ut
2336 5030 2628 5099 placeretis
2665 5028 2831 5093 mihi;
2871 5029 3007 5082 meis
3040 5028 3258 5083 auxiliis
3292 5038 3547 5096 tanquam

275 5126 538 5196 ἀπέφηνα
576 5125 671 5178 καὶ
711 5130 1164 5199 τρισμακαρίους·
1204 5128 1669 5200 πεπαιδαγώγηκα
1717 5127 1863 5199 νόμῳ

1967 5139 2120 5179 muro
2162 5122 2513 5189 communivi;
2554 5122 2607 5175 in
2656 5130 2856 5174 terram
2902 5119 3147 5190 patrihus
3185 5118 3382 5172 vestris
3424 5133 3549 5185 pro-

274 5218 417 5289 πρὸς
448 5217 508 5270 τὸ
542 5217 775 5288 ἀρέσκον
812 5218 953 5288 ἐμοὶ,
983 5221 1291 5291 ἀνετείχισα
1331 5225 1450 5284 ταῖς
1496 5220 1859 5291 ἐπικουρίαις,

1969 5218 2189 5273 missam
2239 5214 2448 5269 induxi.
2494 5213 2759 5280 Quoniam
2810 5221 2991 5267 autem
3039 5211 3136 5266 soli
3184 5224 3251 5265 ex
3297 5211 3548 5266 omnibus

274 5309 640 5379 είσκεκόμικα
669 5308 724 5361 δὲ
755 5308 850 5362 καὶ
875 5310 955 5372 εἰς
989 5310 1091 5379 γῆν
1122 5312 1220 5382 τὴν
1241 5314 1351 5375 τοῖς
1383 5312 1654 5377 πατράσιν
1692 5310 1863 5379 ἐπηγ-

1968 5317 2079 5364 tam
2118 5306 2416 5361 illustribus
2449 5320 2479 5358 a
2517 5319 2601 5359 me
2633 5303 2916 5359 beneficiis
2950 5300 3190 5369 dignati,
3224 5299 3551 5375 exacerbare

272 5399 572 5470 γελμένην.
625 5399 844 5469 Ἐπειδὴ
878 5399 934 5453 δέ
967 5400 1137 5469 μόνοι,
1188 5403 1371 5471 φησιν,
1410 5403 1472 5454 ἐκ
1507 5402 1721 5455 πάντων
1761 5402 1862 5473 τῆς

1969 5410 2022 5455 et
2054 5398 2235 5453 multis
2269 5397 2441 5451 modis
2473 5396 2751 5451 offendere
2786 5408 2871 5448 me
2906 5408 3011 5448 non
3047 5392 3315 5459 desinitis,
3349 5391 3550 5448 idcirco

272 5489 421 5544 οὕτω
465 5493 798 5564 περιφανοῦς
848 5492 1144 5563 ἠξιωμένοι
1197 5495 1414 5565 χάριτος
1464 5492 1756 5558 λυποῦντες
1803 5496 1864 5549 ού

276 5582 635 5651 κατελήξατε,
672 5584 766 5637 καὶ
804 5582 1282 5656 προσκεκρούκατε
1320 5583 1691 5654 πολυτρόπως,
1735 5584 1866 5639 ταύ-

276 5691 433 5748 τῃτοι
469 5673 650 5727 λοιπὸν
682 5676 807 5738 τοὺς
836 5676 935 5745 τῆς
980 5675 1239 5736 ἀπονοίας
1283 5675 1425 5737 ὑμᾶς
1465 5676 1733 5739 ἐξαιεήσω
1774 5677 1864 5730 λό-

346 5836 396 5867 ετ
440 5831 582 5889 Psal.
624 5847 802 5901 chvi,
834 5834 920 5889 10.
1003 5835 1046 5868 ⁸⁸
1106 5832 1249 5889 Psal.
1293 5851 1461 5904 xxxii,
1502 5837 1588 5892 l7.
1667 5826 1709 5871 ⁸⁵9
1758 5836 1863 5894 Psa

1967 5854 2111 5905 mu,
2160 5840 2241 5895 l0.

1968 5492 2197 5563 posthac
2224 5489 2549 5544 dementiam
2579 5496 2816 5540 vestram
2845 5485 3094 5539 ulciscar.
3130 5484 3275 5541 Ultra
3302 5498 3394 5541 vos
3426 5499 3549 5553 pec-

1968 5598 2117 5647 care,
2141 5592 2194 5637 et
2221 5583 2439 5652 impune
2468 5582 2570 5633 huc
2598 5589 2889 5633 conversos
2916 5590 3020 5631 non
3050 5578 3245 5648 patiar.
3271 5573 3453 5645 Itaque
3483 5575 3548 5626 de

1969 5686 2168 5732 etctcro
2211 5675 2518 5746 quicunque
2559 5671 2728 5724 Deum
2773 5672 3194 5742 contempserit,
3236 5678 3292 5726 et
3333 5662 3544 5723 Domini

2323 5839 2369 5869 το
2412 5837 2565 5892 Deut.
2610 5848 2758 5888 xxxn
2815 5835 2884 5889 50
