4054 6274
489 372 598 430 ιεε

1508 366 1571 421 S.
1616 365 1895 420 CYRILIJ
1936 362 2408 418 ALEXANDRINI
2447 363 2767 421 ARCIIIEP.

3663 361 3767 420 356

489 490 574 547 sui
605 489 912 545 voluntates
946 492 1268 555 aspernatus
1303 481 1504 549 fuerit,
1535 496 1599 537 ex
1639 481 1705 535 iis
1738 481 1830 550 qui
1867 489 1964 535 aut
1995 481 2074 552 ip-

2180 497 2326 550 γους.
2359 479 2474 534 Οὐκ
2504 479 2766 549 ἀνέξομαι
2803 475 3269 550 πλημμελούντων
3309 475 3412 540 ἐτι,
3446 474 3542 528 καὶ
3573 474 3763 528 ἀνεπι-

488 597 608 639 sum
637 587 1033 653 cognoverunt,
1057 583 1150 629 aut
1174 575 1242 628 ab
1267 589 1333 630 eo
1360 589 1455 644 per
1478 575 1928 629 inhabitationem
1961 575 2075 643 spi-

487 674 741 729 ritualem
783 670 981 740 cogniti
1027 677 1178 731 sunt,
1219 667 1516 735 perniciem
1557 676 1614 721 et
1656 667 1933 721 interitum
1974 665 2075 720 sibi

489 768 614 821 inde
637 764 998 834 comparabit.
1023 760 1388 828 Quamobrem
1417 759 1852 827 sapientissimus
1878 755 2075 812 Paulus

488 857 694 913 vocatis
725 871 792 911 ex
821 856 1073 927 gentibus
1106 866 1202 924 per
1233 852 1392 906 ﬁdem
1417 889 1432 914 ,
1466 851 1663 905 deinde
1693 849 1904 920 ignavia
1936 863 2073 918 qna-

487 950 613 1004 dam
648 947 1056 1013 laborantibus,
1091 957 1145 998 et
1179 943 1326 998 velut
1361 951 1657 997 retrorsum
1691 941 1845 997 abire
1879 955 2074 1012 paran-

490 1041 653 1104 tibus,
689 1040 880 1095 scribit
911 1039 963 1093 in
992 1038 1108 1093 haec
1135 1037 1298 1091 verba
1325 1051 1341 1089 ι
1377 1053 1395 1084 ι
1431 1033 1587 1088 Nunc
1617 1042 1796 1088 autem
1827 1047 1947 1088 cum
1979 1046 2073 1086 co—

489 1131 785 1202 gnoveritis
811 1130 979 1184 Deum
1001 1169 1015 1191 ,
1048 1130 1157 1182 imo
1185 1126 1391 1198 cogniti
1424 1125 1543 1180 sitis
1572 1141 1600 1177 τι
1635 1124 1770 1190 Deo,
1803 1121 2075 1194 quomodo

488 1221 866 1278 convertimini
903 1222 1098 1276 iterum
1136 1219 1202 1272 ad
1241 1217 1455 1271 inﬁrma
1490 1224 1545 1271 et
1579 1231 1748 1285 egena
1782 1215 2071 1279 elementa,

488 1313 684 1382 quibus
723 1311 900 1366 denuo
942 1309 1149 1365 servire
1190 1307 1356 1361 vultis
1380 1305 1470 1359 “?
1509 1324 1527 1356 ι
1576 1305 1742 1359 Norat
1787 1304 1932 1358 enim
1977 1316 2074 1358 eos

489 1403 652 1457 etiam
687 1409 814 1455 ante
847 1400 1004 1454 ﬁdem
1039 1397 1252 1468 Opifex,
1287 1397 1378 1467 qui
1420 1395 1554 1450 nihil
1591 1395 1804 1464 penitus
1835 1396 2068 1464 ignorat.

490 1494 690 1549 Verum
720 1493 774 1546 in
807 1491 908 1552 bis,
939 1498 999 1545 ut
1028 1490 1165 1555 dixi,
1194 1488 1442 1544 fortassis
1468 1487 1708 1557 cognitio
1728 1486 2069 1558 spiritualem

491 1585 912 1640 familiaritatem
945 1579 1325 1653 percommode
1354 1579 1649 1650 signiﬁcat.

2177 572 2407 643 τίμητον
2443 572 2678 643 ἐχόντων
2708 571 2805 642 τὴν
2844 571 2924 634 εἰς
2950 569 3110 623 τοῦτο
3139 568 3368 640 τροπήν.
3403 566 3612 620 Οὐκοῦν
3647 566 3768 621 ὀλέ-

2180 666 2309 737 θρου
2363 663 2622 736 πρόξενον
2673 661 2834 717 παντί
2886 679 2964 732 τῳ
3009 659 3197 714 λοιπὺν
3245 659 3305 712 τὸ
3351 658 3768 728 καταφρονῆσαι

2179 754 2346 819 Θεοῦ,
2394 753 2490 807 καὶ
2543 750 2878 806 δεσποτικῶν
2937 749 3206 818 ἀλογῆσαι
3271 747 3598 818 θελημάτων
3651 751 3768 813 τοῖς

2180 845 2548 915 ἐπεγνωκόσιν
2581 845 2766 906 αὑτὸν,
2806 846 2840 918 ἢ
2875 845 3239 916 ἐγνωσμένοις
3289 845 3419 916 παρ’
3456 844 3622 898 αὑτοῦ
3668 862 3768 900 κα-

2179 935 2254 988 τά
2277 951 2340 1004 γε
2368 935 2462 990 τὸν
2495 937 2594 1007 τῆς
2625 937 3002 1008 πνευματικῆς
3031 937 3360 1001 οἰκειώσεως
3389 937 3611 1006 τρόπον.
3656 937 3768 991 Καὶ

2179 1025 2314 1094 γοῦν
2345 1028 2373 1080 ὁ
2407 1027 2716 1097 σοφώτατος
2742 1028 2955 1092 Παῦλος
2981 1030 3095 1093 τοῖς
3122 1029 3182 1094 ἐξ
3209 1029 3380 1083 ἐθνῶν
3409 1029 3768 1100 κεκλημένοις

2179 1123 2268 1178 διὰ
2298 1124 2402 1195 τῆς
2436 1126 2690 1191 πίστεως,
2727 1122 2848 1180 εἶτα
2874 1125 3088 1180 νοσοῦσι
3120 1125 3182 1178 τὺ
3209 1124 3424 1192 ἀναλκι,
3453 1126 3548 1180 καὶ
3576 1125 3768 1182 ἀνόπιν

2180 1212 2371 1285 ὥσπερ
2427 1214 2564 1268 ἰέναι
2629 1213 3136 1286 προτεθυμημένοις
3198 1214 3503 1268 ἐπιστέλλει
3569 1214 3765 1284 λέγων·

2185 1324 2204 1358 ι
2246 1305 2362 1361 Νῦν
2393 1306 2451 1360 δέ
2479 1305 2701 1375 γνόντες
2743 1307 2896 1374 Θεὸν,
2947 1305 3148 1377 μᾶλλον
3183 1305 3240 1359 δὲ
3281 1304 3621 1375 γνωσθέντες
3663 1307 3766 1360 ὑπὸ

2177 1397 2335 1466 Θεοῦ,
2369 1399 2487 1463 πῶς
2529 1400 2888 1471 ἐπιστρέφετε
2929 1401 3024 1453 ἐπὶ
3055 1400 3124 1454 τά
3173 1399 3374 1470 ἀσθενῆ
3432 1400 3530 1454 καὶ
3573 1399 3766 1468 πτωχὰ

2179 1491 2439 1560 στοιχεῖα,
2467 1484 2550 1554 οἷς
2579 1491 2740 1545 πάλιν
2773 1491 2981 1546 ἀνωθεν
3010 1490 3281 1545 δουλεύειν
3308 1490 3492 1544 θέλετε
3515 1509 3527 1554 ;
3553 1511 3576 1544 ι
3612 1491 3760 1562 ᾝδει

2182 1580 2282 1651 μὲν
2311 1581 2422 1653 γὰρ
2450 1581 2648 1646 αὐτοὺς
2681 1582 2778 1636 καὶ
2806 1582 2912 1654 πρὸ
2939 1581 3040 1653 τῆς
3067 1582 3304 1642 πίστεως
3338 1583 3366 1636 ὁ
3395 1581 3752 1652 Δημιουργός·

489 1681 674 1749 ἀγνοεῖ
699 1679 808 1749 γὰρ
854 1677 992 1742 ὅλως
1017 1676 1126 1732 τῶν
1190 1675 1362 1730 ὄντων
1401 1675 1576 1742 οὐδὲν,
1609 1675 1725 1729 ἀλλ’
1766 1676 1824 1730 ἐν
1872 1673 2104 1744 τούτοις,
2143 1677 2219 1742 ὡς
2254 1677 2411 1751 ἔφην,
2483 1679 2890 1750 ὑποσημήνειεν
2936 1679 3004 1735 ἂν
3041 1681 3076 1751 ἡ
3121 1678 3324 1750 γνῶσις
3372 1673 3432 1732 εὗ
3475 1677 3621 1750 μάλα
3666 1682 3761 1748 τὴν

491 1772 866 1845 πνευματικὴν
892 1769 1220 1840 οἰκειότητα.

563 1863 727 1921 Vitas.
763 1865 816 1920 ὅ.
855 1861 916 1918 Si
951 1861 1294 1917 ambulabunt
1329 1862 1435 1916 duo
1469 1861 1524 1916 in
1563 1859 1789 1928 idipsum
1827 1859 2070 1928 omnino,

2252 1865 2321 1917 El
2345 1862 2747 1936 πορεύσονται
2769 1861 2879 1917 δύο
2901 1859 3217 1916 ἐπιτοαυτὸ
3241 1862 3526 1928 καθόλου,
3546 1860 3660 1916 ἐὰν
3675 1861 3762 1934 μὴ

490 1957 534 2011 si
569 1972 671 2009 non
703 1954 939 2009 nouerint
972 1954 1106 2006 inter
1130 1954 1226 2009 se?

561 2044 751 2101 XXVI.
795 2042 1153 2100 Reconditum
1180 2051 1262 2099 est
1290 2043 1543 2114 aenigma,
1569 2042 1838 2099 obscurus
1863 2055 2064 2096 sermo.

493 2138 876 2194 Verumtamen
903 2133 1308 2190 enueleabimus
1333 2145 1391 2189 ut
1417 2135 1739 2205 poterimus.
1767 2133 2075 2204 Reprehen-

492 2232 647 2285 derat
684 2229 848 2298 igitur
885 2227 1196 2294 Israelitas,
1235 2227 1490 2298 quoniam
1525 2225 1806 2298 prophetis
1845 2225 2072 2279 manda-

492 2328 618 2375 rant
661 2319 1015 2388 dixerantque
1064 2339 1078 2374 :
1123 2316 1203 2373 Ne
1245 2318 1602 2388 prophetetis.
1650 2317 1767 2384 Qua
1808 2330 1972 2387 porro
2010 2316 2075 2371 de

491 2423 652 2462 causa
696 2407 841 2478 loqui
884 2416 1109 2465 sanctos
1154 2407 1452 2478 improvide
1487 2410 1788 2476 vetuerint,
1830 2409 2074 2465 dicamus

491 2506 728 2569 oportet.
767 2497 902 2566 Quia
939 2499 1082 2555 enim
1123 2499 1298 2554 tristia
1334 2497 1441 2554 illis
1475 2499 1545 2554 ab
1580 2498 1722 2555 irato
1761 2499 1870 2557 Deo
1904 2513 2072 2556 even-

493 2599 644 2656 tura,
676 2596 732 2644 et
765 2604 860 2656 ea,
894 2605 989 2660 per
1017 2605 1137 2660 quae
1169 2598 1482 2662 peccatores
1505 2590 1632 2645 vita:
1662 2591 1838 2646 studia
1871 2591 1926 2647 in
1956 2606 2074 2648 me-

493 2682 598 2739 lius
621 2691 833 2738 mutare
856 2691 1282 2738 consentaneum
1311 2689 1451 2749 erat,
1475 2681 1890 2747 denuntiabant,
1910 2697 2074 2740 even-

494 2781 604 2827 tum
641 2773 1020 2844 prtndictorum
1051 2773 1326 2838 timentes,
1360 2782 1420 2828 ut
1447 2781 1530 2830 est
1558 2773 1872 2839 verisimile,
1902 2773 2073 2829 obniti

493 2865 619 2929 illis,
663 2875 715 2921 et
757 2865 1014 2922 reluctari
1056 2865 1480 2932 contendebant,
1522 2866 1689 2936 276
1725 2865 1820 2936 qui
1861 2865 2074 2920 animos

493 2956 635 3026 vulgi
677 2957 744 3011 ad
785 2959 972 3014 illicita
1013 2958 1268 3014 inducere
1306 2968 1631 3013 consuerant
1668 2973 1682 3010 :
1718 2957 1919 3027 quique
1951 2971 2072 3011 eum

485 3052 773 3122 subjectos
793 3049 1138 3115 seducerent,
1162 3049 1454 3122 prophetas
1476 3049 1964 3120 reprehendebant,
1988 3061 2075 3102 cr-

497 3153 682 3198 rantes
722 3141 875 3210 quasi
922 3150 1070 3195 recta
1109 3141 1200 3196 via
1244 3141 1558 3212 gradientes
1601 3140 2073 3195 commendabant.

495 3235 730 3289 Proinde
755 3247 851 3288 ore
877 3231 1029 3287 isaize
1055 3231 1198 3288 Deus
1226 3250 1240 3287 :
1277 3251 1296 3284 ι
1329 3231 1530 3301 Popule
1561 3245 1734 3296 mens,
1764 3231 1956 3300 inquit,
1985 3232 2076 3303 qui

497 3337 548 3382 te
589 3327 804 3382 beatum
840 3325 1057 3391 dicunt,
1097 3324 1197 3392 ipsi
1237 3334 1290 3379 te
1323 3324 1629 3393 decipiunt,
1663 3332 1718 3378 et
1747 3324 1888 3378 viam
1926 3338 2080 3394 gres-

496 3431 654 3473 suum
705 3424 919 3473 tuorum
963 3415 1224 3483 dissipant
1252 3415 1320 3470 τ’.
1372 3434 1392 3468 ι
1440 3414 1761 3483 lncrepabat
1809 3423 1992 3471 autem
2025 3424 2080 3470 et

495 3507 746 3562 Amasias
775 3505 1033 3561 sacerdos
1067 3503 1254 3560 Bethel
1281 3505 1448 3560 Amos
1477 3507 1818 3576 prophetam,
1847 3518 1967 3559 cum
2000 3505 2082 3560 di-

495 3607 646 3656 ceret
678 3615 694 3654 :
733 3615 754 3651 (
798 3597 900 3664 Qui
933 3597 1104 3662 vides,
1141 3595 1391 3667 gradere,
1428 3595 1550 3667 fuge
1593 3597 1646 3650 in
1689 3605 1888 3651 terram
1920 3594 2080 3662 Juda,

496 3698 550 3746 et
585 3689 711 3744 illuc
743 3686 1040 3751 descende,
1070 3696 1126 3742 et
1157 3686 1507 3757 prophetabis
1539 3686 1646 3751 ibi,
1685 3686 1738 3740 in
1768 3685 1956 3741 Bethel
1988 3701 2082 3740 au-

499 3791 605 3836 tem
637 3797 742 3836 non
772 3780 994 3848 adjicies
1023 3777 1160 3833 ultra
1193 3786 1253 3832 ut
1282 3779 1575 3848 prophetes
1598 3778 1668 3834 ⁷⁸.
1704 3797 1724 3830 ι
1761 3777 1863 3845 Qui
1901 3786 2079 3832 autem

498 3873 779 3943 prophetis
817 3887 882 3928 ex
925 3871 1093 3926 multo
1136 3878 1358 3939 stupore
1397 3879 1451 3926 et
1490 3884 1682 3940 magna
1726 3871 2082 3941 perversitate

500 3978 713 4018 morum
743 3975 862 4018 sese
886 3959 1260 4032 opponebam,
1293 3959 1578 4016 elevabant
1610 3974 1720 4015 rem
1740 4000 1756 4026 ,
1787 3961 2077 4029 ﬁngentes,

499 4067 552 4110 et
584 4055 712 4110 illud
740 4055 980 4110 dicentes
1011 4072 1028 4110 :
1065 4073 1084 4108 ι
1117 4055 1235 4111 Νοη
1266 4053 1412 4109 misit
1446 4061 1498 4108 te
1527 4051 1786 4108 Dominus
1809 4053 1876 4106 ⁷⁵.
1916 4070 1936 4103 ›
1970 4051 2080 4107 Ca-

500 4146 666 4218 stigat
699 4145 860 4216 igitur
886 4159 1013 4211 eos,
1046 4145 1300 4216 quoniam
1332 4142 1622 4214 prophetas
1652 4143 1721 4197 ab
1753 4157 1819 4198 eo
1853 4142 2080 4208 missos,

501 4253 606 4292 non
636 4237 868 4306 desuper
891 4245 946 4291 et
977 4251 1005 4292 a
1035 4235 1147 4292 Deo
1177 4240 1466 4306 apportare
1491 4247 1768 4289 sermones
1795 4233 2078 4299 dicebant,

501 4329 594 4382 sed
636 4342 730 4382 eos
771 4341 801 4381 a
845 4340 904 4381 se
945 4325 1120 4395 potius
1160 4325 1423 4382 conﬁctos
1461 4324 1694 4388 eﬁutire,
1731 4332 1787 4379 et
1829 4339 1858 4378 a
1899 4333 2080 4380 mente

2180 1951 2561 2022 γνωρίσωσιν
2591 1951 2881 2019 ἐαυτούς;

2250 2045 2396 2112 κεῖν.
2439 2043 2585 2099 Βαθὺ
2627 2045 2725 2116 μὲν
2754 2043 2814 2098 τὸ
2858 2042 3109 2114 αἴνιγμα,
3137 2041 3233 2097 καὶ
3260 2042 3502 2116 ἀμυδρὸς
3527 2045 3556 2098 ὁ
3579 2043 3759 2113 λόγος.

2181 2133 2328 2206 Πλὴν
2354 2135 2588 2208 ἐροῦμεν
2609 2136 2683 2199 ὡς
2713 2135 2813 2190 ενι.
2837 2136 3148 2206 Κατῃτιᾶτο
3178 2135 3358 2188 τοίνυν
3390 2134 3480 2189 τὸν
3521 2136 3763 2206 Ἰσραὴλ,

2179 2227 2262 2282 δτι
2311 2231 2424 2292 τοῖς
2479 2227 2787 2299 προφήταις
2841 2225 3166 2290 ἐνετέλλετο,
3215 2226 3466 2295 λέγοντες
3489 2242 3503 2258 ⁸
3553 2228 3632 2281 Οὐ
3687 2229 3764 2298 μὴ

2182 2319 2616 2393 προφητεύσητε.
2650 2320 2760 2374 Καὶ
2804 2318 2891 2373 διὰ
2921 2319 3082 2373 ποίαν
3107 2319 3288 2374 αἰτίαν
3320 2318 3594 2388 ἐπετίμων
3625 2319 3768 2387 ἀφυ.

2179 2412 2393 2477 λάκτως
2423 2414 2544 2476 ταῖς
2571 2411 2681 2466 τῶν
2722 2409 2891 2481 ἁγίων
2939 2413 3168 2482 φωναῖς,
3222 2411 3396 2464 εἰπεῖν
3441 2411 3764 2479 ἀναγκαῖον.

2192 2504 2411 2577 Ἐπειδὴ
2440 2504 2548 2576 γάρ
2575 2501 2968 2575 ἀπήγγελ[λ]ον
2997 2502 3068 2556 τὰ
3087 2503 3146 2570 ἐξ
3167 2502 3338 2573 ὀργῆς
3366 2502 3604 2573 ἐσόμενα
3631 2519 3765 2556 σκυ-

2181 2595 2398 2668 θρωπὰ,
2450 2595 2546 2648 καὶ
2589 2595 2661 2650 τὰ
2708 2594 2776 2648 δι’
2827 2589 2904 2649 ὧν
2949 2590 3019 2666 ἦν
3064 2594 3212 2656 εἰκὸς
3263 2593 3470 2647 ἐαυτῶν
3503 2594 3767 2664 ἀμείνους

2180 2689 2399 2744 ἔσεσθαι
2441 2688 2568 2752 τοὺς
2612 2685 3025 2759 ἡμαρτηκότας,
3059 2685 3292 2750 δεδιότες
3329 2703 3436 2740 που
3464 2687 3610 2757 τάχα
3657 2685 3765 2741 τῶν

2178 2781 2520 2852 λαληθέντων
2549 2778 2649 2851 τὴν
2676 2778 2923 2844 ἔκϐασιν,
2966 2777 3241 2850 ἐμελέτων
3285 2779 3383 2848 τὴν
3427 2779 3763 2846 ἀντίστασιν,

2180 2874 2274 2927 καὶ
2303 2871 2676 2942 ἀντέπραττον
2728 2869 2912 2934 αὐτοῖς
2955 2870 3005 2923 οἰ
3047 2869 3156 2924 τῶν
3184 2869 3456 2938 ἀγελαίων
3497 2869 3593 2922 τὸν
3620 2870 3760 2934 νοῦν,

2179 2966 2263 3035 ἐφ’
2297 2963 2334 3019 ἀ
2365 2963 2440 3037 μὴ
2475 2961 2774 3034 προσῆκεν,
2811 2960 3169 3032 ἀποκομίζειν
3198 2960 3472 3028 εἰωθότες,
3505 2963 3602 3016 καὶ
3631 2961 3762 3017 πλαο

2179 3056 2380 3120 νῶντες
2430 3055 2558 3118 τοὺς
2610 3051 3069 3123 ὑπεζευγμένους.
3131 3053 3442 3125 Ἐπετίμων
3497 3054 3623 3125 μὲν,
3657 3057 3758 3120 τοῖς

2180 3147 2514 3220 προφήταις,
2557 3143 2883 3215 ἀπεδέχοντο
2922 3143 2980 3198 δέ
3019 3144 3146 3209 τοὺς
3180 3144 3655 3218 πεπλανημένους,
3691 3150 3762 3212 ὼς

2177 3240 2278 3311 τὴν
2305 3237 2524 3292 εὐθεῖαν
2552 3235 2728 3300 ἰόντας
2753 3234 2962 3308 τρίϐον.
2992 3234 3284 3306 Τοιγάρτοι
3306 3238 3442 3309 φησί
3465 3237 3553 3291 διὰ
3580 3240 3763 3310 φωνῆς

2189 3331 2411 3386 Ἡσαΐου
2433 3329 2566 3394 Θεός
2581 3346 2596 3363 ·
2617 3349 2636 3382 ι
2655 3328 2796 3393 Λαός
2815 3345 2943 3399 μου,
2956 3327 3008 3382 οἰ
3028 3329 3427 3399 μακαρίζοντες
3443 3329 3598 3400 ὑμᾶς,
3613 3330 3754 3382 πλα-

2179 3423 2341 3478 νῶσιν
2359 3425 2525 3495 ὑμᾶς,
2542 3423 2636 3478 καὶ
2654 3421 2753 3492 τὴν
2768 3420 2956 3492 τρίϐον
2974 3420 3083 3474 τῶν
3099 3421 3277 3476 ποδῶν
3294 3421 3447 3493 ὑμῶν
3460 3420 3756 3492 ταράσσου-

2182 3535 2285 3572 σιν.
2308 3535 2326 3568 ι
2355 3515 2622 3586 Ἐπετίμα
2637 3514 2808 3569 δὲκαὶ
2833 3513 3100 3584 Ἀμασίας
3120 3515 3149 3568 ὁ
3164 3514 3342 3586 ἱερεὺς
3357 3514 3560 3586 Βαιθὴλ
3582 3513 3763 3585 ’Δμὼς

2179 3608 2257 3680 τῷ
2289 3609 2566 3680 προφήτῃ,
2603 3607 2776 3676 λέγων
2797 3622 2811 3637 ο
2849 3623 2870 3659 t
2918 3606 2978 3660 '0
3012 3606 3177 3680 ὀρῶν,
3213 3606 3418 3678 βάδιζε,
3449 3605 3767 3679 ἐκχώρησον

2180 3701 2260 3764 εἰς
2300 3698 2405 3768 γῆν
2452 3697 2644 3763 Ἰούδα,
2679 3697 2776 3751 καὶ
2802 3698 2920 3750 ἐκεῖ
2946 3695 3231 3766 καταὸἰου,
3265 3699 3361 3752 καὶ
3389 3699 3511 3752 ἐκεῖ
3553 3716 3767 3770 προφη-

2179 3791 2412 3855 τεύσεις,
2441 3791 2522 3852 εἰς
2552 3789 2611 3842 δὲ
2639 3787 2842 3859 Βαιθὴλ
2872 3789 2975 3843 οὐκ
3002 3788 3084 3842 ἔτι
3125 3788 3200 3860 μὴ
3232 3788 3476 3860 προσθῇς
3506 3790 3606 3844 τοῦ
3635 3808 3760 3862 προ-

2181 3879 2470 3952 φητεῦσαι.
2515 3897 2533 3931 ι
2573 3878 2636 3932 Οἰ
2666 3877 2722 3930 δέ
2759 3895 2823 3947 γε
2856 3880 2970 3941 τοῖς
3001 3879 3308 3950 προφήταις
3347 3878 3757 3951 ἀνθεστηκότες,

2181 3974 2246 4025 ἐκ
2273 3969 2476 4040 πολλῆς
2519 3969 2660 4037 ἄγαν
2710 3967 3028 4038 σκαιότητος
3072 3967 3166 4020 καὶ
3211 3967 3548 4038 δυστροπίας
3590 3969 3761 4039 δεινῆς

2179 4061 2413 4133 ἐλαφρὸν
2441 4059 2845 4115 ύπεπλάττοντο
2868 4059 2967 4129 τὴν
3003 4058 3338 4124 ἀντίστασιν,
3375 4059 3557 4112 ἐκεῖνο
3581 4059 3764 4126 λέγον-

2176 4169 2293 4215 τεςο
2343 4171 2362 4204 ι
2415 4152 2531 4206 Ούκ
2571 4149 2888 4204 ἀπέσταλκέ
2936 4166 2996 4202 σε
3043 4148 3270 4220 Κύριος.
3328 4167 3348 4201 ι
3401 4151 3761 4204 Καταιτιᾶται

2179 4243 2360 4296 τοίνυν
2409 4241 2629 4305 αὐτοὺς,
2683 4240 2766 4292 ὅτι
2797 4239 2922 4301 τοὺς
2971 4239 3101 4309 παρ’
3155 4237 3320 4292 αὑτοῦ
3370 4239 3662 4308 προφήτας
3703 4240 3761 4291 οὐ

2180 4333 2306 4396 τοὺς
2334 4331 2540 4386 ἄνωθεν
2574 4329 2811 4398 ἔφασκον
2839 4328 2932 4380 καὶ
2963 4326 3111 4398 παρά
3158 4325 3296 4379 Θεοῦ
3323 4323 3655 4394 διακομίζειν
3682 4323 3763 4376 λό-

500 4419 878 4474 universorum
909 4415 1122 4471 Domini
1151 4416 1495 4477 abhorrentia
1524 4416 1768 4485 proloqui
1795 4415 2079 4471 existima-

2182 4439 2338 4491 γουςο
2381 4420 2551 4492 ᾤοντο
2599 4420 2656 4472 δὲ
2701 4419 2901 4490 μᾶλλον
2939 4417 3049 4472 ἀπὸ
3091 4418 3192 4488 τῆς
3244 4416 3396 4486 σφῶν
3439 4413 3759 4488 ἐρεύγεσθαι

500 4511 648 4567 bant.
690 4509 894 4565 Idcirco
938 4507 1014 4562 ait
1053 4523 1068 4563 :
1108 4508 1152 4562 0
1196 4507 1564 4577 imprudentes
1605 4514 1659 4560 et
1700 4505 1910 4568 stolidi,
1951 4521 2077 4559 num

2184 4514 2430 4586 γνώμης,
2460 4511 2625 4582 ἐτερὰ
2647 4527 2707 4564 τε
2735 4511 2887 4581 παρά
2919 4510 2988 4564 τά
3017 4509 3279 4564 δοκοῦντα
3326 4507 3507 4562 λαλεῖν
3541 4505 3622 4576 τῷ
3654 4505 3762 4559 τῶν

499 4605 590 4673 qui
632 4603 698 4659 de
737 4601 888 4655 vobis
926 4599 1210 4654 instituent
1249 4598 1540 4653 amicitiam
1578 4608 1634 4653 et
1671 4597 1917 4652 eamdem
1956 4598 2080 4653 vitat

502 4697 643 4750 viam
673 4692 1044 4752 ambulabunt,
1077 4691 1120 4745 si
1151 4690 1292 4744 inter
1317 4703 1376 4744 se
1409 4703 1515 4743 non
1544 4688 1816 4751 noverint,
1846 4688 1946 4744 hoc
1975 4697 2076 4754 est,

499 4788 543 4843 si
581 4800 790 4842 morum
829 4781 1244 4839 similitudinem
1278 4779 1728 4848 voluntatumque
1761 4781 2078 4834 consensio-

501 4893 623 4932 nem
667 4891 774 4930 non
819 4869 1334 4928 animadverterint?
1371 4868 1544 4925 Omne
1581 4868 1724 4923 enim
1765 4869 1964 4924 animal
2007 4871 2082 4926 si-

501 4966 628 5020 mile
657 4964 872 5034 diligit,
908 4971 964 5016 et
998 4961 1062 5016 ad
1094 4959 1326 5016 similem
1356 4959 1457 5015 sibi
1492 4958 1651 5013 homo
1680 4972 1738 5013 se
1766 4959 2079 5029 applicabit.

503 5057 560 5111 Si
592 5058 665 5111 ita
697 5067 808 5122 est,
842 5063 899 5108 ut
928 5060 1040 5119 est,
1069 5066 1176 5120 quo
1209 5059 1367 5120 pacto
1397 5050 1691 5120 prophetas
1716 5050 1859 5105 velut
1892 5051 2080 5106 amici-

505 5148 576 5202 tia
606 5157 661 5202 et
689 5145 981 5202 dilectione
1012 5157 1129 5198 mea
1157 5142 1409 5209 dignatus
1434 5155 1611 5196 essem
1639 5151 1858 5197 sanctus
1886 5155 2008 5213 ego,
2035 5142 2079 5197 si

505 5238 606 5305 ipsi
649 5237 819 5292 sancti
848 5251 954 5291 non
985 5231 1256 5290 fuissent?
1294 5231 1575 5298 Quomodo
1611 5232 1772 5302 igitur
1806 5231 2084 5302 persequi-

509 5327 638 5383 mini
669 5337 919 5394 sanctos,
949 5327 1146 5398 quibus
1169 5334 1225 5380 et
1259 5336 1537 5379 sermones
1567 5336 1716 5378 meos
1742 5323 2082 5387 concredidi,

506 5431 641 5488 quos
662 5427 717 5469 ut
739 5418 909 5473 bonos
933 5416 1132 5488 recepi,
1159 5415 1411 5471 nimirum
1435 5415 1677 5471 eamdem
1702 5414 1866 5470 veluti
1888 5413 2076 5470 volun-

508 5518 677 5562 tatum
704 5506 844 5561 viam
876 5523 1084 5564 mecum
1119 5507 1521 5580 ingredientes?
1550 5507 1704 5574 Quod
1731 5507 1874 5561 enim
1907 5506 2034 5560 mihi
2056 5546 2074 5574 ,

509 5602 649 5658 idem
681 5597 786 5654 illis
811 5597 1062 5668 placitum
1088 5600 1214 5655 erit.
1237 5599 1414 5666 Quare
1443 5600 1730 5671 prophetas
1760 5599 2039 5666 increpare
2057 5635 2074 5663 ,

577 5788 620 5819 “
662 5783 832 5840 Galat.
866 5799 937 5852 tv,
974 5782 1026 5840 9.
1103 5784 1149 5814 "
1181 5781 1284 5837 lsa.
1327 5797 1410 5852 ιιι,
1454 5785 1519 5838 t2
1615 5785 1661 5820 ⁷³
1697 5785 1864 5841 Amos
1889 5799 1982 5854 vn,
2018 5783 2107 5851 1‘2,
2137 5783 2221 5840 t5.

2183 4607 2319 4660 ὅλων
2365 4605 2631 4676 Δεσπότῃ.
2688 4602 2958 4674 Ταύτῃτοί
3005 4618 3205 4673 φησιν·
3259 4596 3330 4654 Ὦ
3377 4600 3629 4654 ἀσύνετοι
3673 4598 3767 4650 καὶ

2185 4691 2556 4763 παράφρονες,
2599 4688 2712 4761 ἆρά
2752 4707 2896 4752 τινες
2940 4689 3000 4756 ἐξ
3047 4689 3201 4762 ὑμῶν
3243 4689 3565 4760 γενήσονται
3600 4686 3761 4757 φίλοι,

2185 4781 2280 4834 καὶ
2340 4781 2439 4850 τὴν
2499 4780 2668 4852 αὐτὴν
2719 4778 3029 4850 βαδιοῦνται
3092 4777 3187 4833 τοῦ
3240 4777 3358 4848 βίου
3411 4776 3622 4848 τρίϐον,
3667 4775 3770 4830 οὐκ

2179 4870 2480 4939 ἐγνωκότες
2527 4869 2774 4934 ἑαυτοὺς,
2828 4869 2997 4941 ἤγουν
3042 4869 3329 4940 ἀλλήλους,
3381 4868 3683 4931 τουτέστιν,
3717 4867 3771 4920 εἰ

2183 4963 2258 5034 μὴ
2309 4962 2570 5034 ἀλλήλους
2617 4961 2900 5015 τεθέανται
2938 4961 3254 5032 ἰσοτρόπους
3283 4978 3343 5013 τε
3385 4961 3480 5014 καὶ
3519 4958 3770 5030 ὁμογνὼο-

2186 5067 2386 5123 μονας;
2438 5053 2554 5105 Πᾶν
2581 5051 2688 5120 γὰρ
2730 5049 2868 5114 ζῶον
2909 5051 3101 5121 ἀγαπᾷ
3131 5049 3195 5103 τὸ
3227 5051 3412 5120 ὅμοιον
3451 5048 3641 5113 αὐτοῦ,
3674 5047 3773 5100 καὶ

2178 5144 2254 5214 τῷ
2301 5143 2472 5214 ὁμοίῳ
2524 5141 2690 5196 αὐτοῦ
2741 5140 3277 5213 προσκολληθήσεται
3331 5141 3490 5211 ἀνήρ.
3547 5141 3660 5192 Καὶ
3719 5137 3773 5190 εἰ

2177 5233 2336 5288 τοῦτο
2356 5235 2500 5288 ἐστιν
2530 5232 2749 5303 ἀληθὲς,
2777 5232 2895 5295 πῶς
2931 5233 2996 5285 ἃν
3029 5231 3295 5302 ἐδεξάμην
3319 5232 3448 5294 τοὺς
3481 5230 3772 5301 προφήτας

2180 5325 2340 5377 οἱονεί
2372 5342 2486 5388 πως
2514 5325 2595 5387 εἰς
2621 5322 2802 5392 φιλίαν
2829 5322 2922 5376 καὶ⁵
2951 5322 3250 5392 ἀγάπησιν,
3279 5321 3433 5389 ἅγιος
3477 5319 3553 5373 ὢν
3577 5319 3770 5384 αὐτὸς,

2183 5414 2229 5466 εί
2269 5415 2343 5484 μὴ
2393 5414 2486 5468 καὶ
2527 5413 2680 5466 αὐτοὶ
2709 5411 2996 5479 γεγόνασιν
3027 5412 3205 5480 hiat;
3249 5410 3373 5474 Πῶς
3406 5405 3500 5463 οὖν
3538 5408 3775 5462 διώκετε

2181 5505 2305 5566 τοὺς
2335 5504 2543 5572 ἀγίους,
2577 5497 2658 5565 οἷς
2699 5503 2792 5556 καὶ
2827 5501 2952 5565 τοὺς
2981 5501 3148 5572 ἐμοὺς
3188 5500 3504 5572 τεθάρῤηκα
3551 5499 3776 5568 λόγους,

2185 5597 2278 5661 οὓς
2312 5595 2673 5668 προσηκάμην
2704 5593 2779 5659 ὡς
2807 5594 3064 5664 ἀγαθοὺς,
3096 5591 3260 5648 οἰονεὶ
3302 5593 3400 5667 τὴν
3427 5591 3603 5664 αὐτὴν
3641 5591 3778 5664 ἐμοὶ

2298 5784 2344 5816 ⁷⁸
2371 5782 2568 5840 Jerem.
2612 5797 2768 5849 mn,
2798 5781 2852 5836 2.
