4054 6274
250 333 350 390 ιὸἺ

1201 315 1752 381 COMMEN'I‘ARlUS
1786 315 1854 370 1N
1895 313 2083 371 AMOS
2119 311 2562 370 PROPHE'lAM.

3408 310 3514 366 458

249 442 566 519 βαδίζοντας
600 445 710 498 τῶν
744 442 1065 514 θελημάτων
1091 439 1246 505 ὁδόν;
1290 439 1354 490 Ὃ
1388 438 1497 507 γὰρ
1525 435 1592 490 ἂν
1625 433 1828 505 βουλοί-

1938 433 2178 504 sequitur
2202 440 2260 486 ut
2286 430 2430 486 aliud
2457 430 2588 485 nihil
2616 429 2707 498 sit,
2731 444 2892 500 quam
2925 444 3010 484 me
3041 431 3212 500 ipsum
3245 429 3298 486 in
3331 445 3515 500 repre-

253 557 357 612 μην
388 538 524 607 ἐγὼ,
550 537 709 591 τοῦτο
733 536 828 590 καὶ
853 533 1033 590 αὐτῶν
1069 531 1221 585 ἔσται
1251 528 1486 599 θέλημα.
1526 524 1734 580 Οὐκοῦν
1769 525 1831 577 τὸ

249 633 555 702 προφήταις
581 628 862 699 ἐπιτιμᾷν,
893 624 1046 679 ούδέν
1074 621 1258 694 ἔτερόν
1291 623 1458 684 ἐστιν,
1492 619 1525 689 ἢ
1556 618 1673 672 κατ’
1694 615 1833 688 ἐμοῦ

247 718 431 772 λοιπὸν
465 715 738 770 ποιεῖσθαι
783 715 886 785 τὴν
923 711 1234 783 ἐπίπληξιν.
1283 708 1536 763 Τοιοῦτόν
1580 723 1634 760 τι
1668 706 1765 760 καὶ
1805 707 1834 759 ὁ

247 807 438 879 Σωτὴρ
484 809 597 870 τοῖς
652 805 829 874 ἁγίοις
864 805 996 874 φησὶ
1045 801 1342 873 μαθηταῖςο
1386 815 1407 851 ‹
1440 798 1502 851 Ὀ
1547 796 1836 866 δεχόμενος

249 902 391 972 ὑμᾶς
428 900 528 972 ἐμέ
565 899 815 970 δέχεταιο
851 897 944 951 καὶ
989 897 1017 949 δ
1056 895 1130 966 μὴ
1187 893 1513 964 δεχόμενος,
1571 889 1633 944 ού
1684 888 1836 959 δέχε-

248 1010 333 1047 ται
362 991 456 1044 τὸν
485 988 884 1046 ἀποστείλαντά
926 1005 1017 1060 με.
1059 1006 1077 1039 ι
1116 985 1457 1058 Προσέταττε
1493 983 1552 1037 δέ
1589 984 1705 1046 τοῖς
1744 980 1833 1046 ἐξ-

247 1083 387 1137 ωθου
395 1083 577 1152 μένοις
599 1081 690 1135 καὶ
708 1080 870 1134 αύτδν
890 1078 1296 1151 ἀπομάττεσθαι
1314 1076 1406 1130 τὸν
1425 1073 1700 1145 κονιορτὸν
1724 1072 1834 1125 τῶν

248 1173 447 1238 ποδῶν,
488 1173 677 1239 εἰπὼν,
715 1173 798 1225 ὅτι
844 1171 1198 1242 ἀνεκτότερον
1237 1167 1390 1222 ἐσται
1435 1169 1506 1238 γῇ
1558 1165 1830 1235 Σοδόμων.

248 1264 280 1333 ἢ
329 1266 397 1334 τῇ
451 1263 604 1316 πόλει
656 1263 861 1335 ἐκείνῃ.
908 1261 1237 1334 Προσίεσθαι
1274 1260 1339 1331 δὴ
1389 1254 1484 1313 οὖν
1536 1258 1832 1325 ἀναγκαῖον

249 1355 374 1417 τοὺς
407 1353 476 1407 τὰ
506 1351 641 1406 Θεοῦ
680 1352 1104 1424 πρεσϐεύοντας,
1137 1350 1229 1405 καὶ
1274 1349 1345 1402 τὰ
1390 1347 1540 1418 αύτῷ
1567 1345 1835 1400 δοκοῦντα

249 1442 751 1513 διαττορθμεύοντας
795 1441 874 1506 εἰς
920 1443 1097 1512 ἡμᾶς·
1142 1437 1325 1501 ὁποῖός
1369 1455 1453 1502 τις
1485 1432 1554 1508 ἦν
1596 1433 1830 1494 Παῦλος.

1933 525 2198 583 hensione
2225 537 2446 594 ponere.
2473 523 2607 579 Tale
2634 524 2888 594 quiddam
2920 531 2974 579 et
3003 522 3254 578 Salvator
3277 522 3515 592 discipu-

1932 616 2000 672 lis
2039 617 2244 673 sanctis
2281 617 2357 672 ait
2392 635 2405 670 :
2447 634 2465 668 ι
2505 616 2604 683 Qui
2637 631 2736 671 vos
2781 616 3006 686 recipit,
3041 629 3129 671 me
3166 614 3391 684 recipit;
3423 614 3515 684 qui

1934 721 2038 760 non
2074 707 2266 776 recipit
2295 721 2412 774 vos,
2446 721 2552 761 non
2586 708 2778 777 recipit
2807 723 2930 763 eum
2964 707 3058 779 qui
3092 721 3179 762 me
3213 707 3358 762 misit
3382 707 3449 761 ".
3489 723 3510 759 ι

1934 795 2104 853 Jussit
2133 805 2426 868 praterea,
2457 797 2582 852 dum
2614 799 2967 867 pellerentur,
2997 801 3162 855 etiam
3195 799 3369 869 ipsum
3399 798 3518 867 pul-

1934 902 2118 942 verem
2153 888 2347 957 pedum
2381 897 2666 952 excutere,
2701 891 2938 957 addens,
3037 889 3370 946 tolerabilius
3400 890 3517 945 fore

1939 987 2098 1034 terra:
2115 979 2471 1034 Sodomorum
2495 980 2548 1034 in
2568 980 2654 1036 die
2670 980 2877 1047 iudicii,
2898 995 3060 1051 quam
3081 981 3288 1037 civitati
3315 982 3469 1037 illi".
3513 1003 3521 1011 ·

1936 1069 1980 1126 Α
2005 1070 2112 1124 Deo
2135 1069 2300 1142 igitur
2320 1071 2542 1141 legatos,
2567 1082 2621 1126 et
2646 1071 2762 1139 ejus
2789 1071 2984 1142 placita
3010 1073 3076 1126 ad
3101 1086 3202 1128 nos
3228 1072 3518 1129 aﬂ‘erentes

1939 1161 2286 1214 admittamus
2324 1169 2557 1230 oportet.
2598 1160 2783 1228 Qualis
2822 1168 2941 1215 erat
2980 1159 3198 1228 Paulus,
3235 1163 3387 1232 cujus
3428 1163 3515 1216 illa

1938 1265 2039 1305 vox
2062 1268 2074 1304 :
2097 1269 2115 1301 ι
2149 1249 2252 1305 Pro
2272 1250 2492 1307 Christo
2514 1253 2780 1320 legatione
2807 1251 3099 1322 fungimur,
3127 1261 3381 1320 tanquam
3410 1253 3517 1306 Deo

1937 1356 2034 1411 per
2055 1357 2154 1398 nos
2179 1344 2522 1399 exhortante.
2548 1343 2912 1402 Obsecramus
2935 1360 3035 1416 pro
3058 1345 3298 1412 Christo,
3329 1359 3519 1400 recon-

1939 1434 2194 1488 ciliamini
2230 1435 2337 1489 Deo
2362 1437 2425 1489 ".
2464 1455 2482 1486 ι

248 1535 456 1602 λέγων’
495 1552 514 1585 ι
558 1534 728 1604 ’Υπὲρ
761 1532 999 1605 Χριστοῦ
1059 1531 1462 1604 πρεσϐεύομεν,
1495 1529 1572 1592 ὡς
1618 1525 1713 1580 τοῦ
1779 1522 1916 1578 Θεοῦ
1966 1526 2408 1598 παρακαλοῦντος
2459 1529 2526 1582 δι’
2571 1529 2747 1601 ἡμῶν,
2782 1531 3011 1602 δεόμεθα
3066 1531 3207 1604 ὑπὲρ
3257 1528 3515 1602 Χριστοῦ,

249 1626 630 1696 καταλλάγητε
659 1625 737 1696 τῷ
765 1624 905 1695 Θεῷ.
945 1643 965 1676 ι

322 1720 392 1771 Ei
430 1716 731 1785 ὲρεύξεται
760 1717 920 1772 λέων
963 1716 1032 1770 ἐκ
1075 1716 1183 1770 τοῦ
1215 1713 1446 1785 δρυμοῦ
1476 1711 1687 1777 αὐτοῦ,
1730 1709 1831 1776 θή-

2007 1705 2169 1760 νειις.
2205 1707 2257 1760 4.
2296 1706 2356 1761 Si
2393 1709 2560 1779 rugiet
2597 1709 2676 1763 leo
2711 1710 2775 1763 de
2809 1709 2948 1764 saltu
2986 1727 3103 1777 suo,
3140 1715 3375 1782 prwdam
3415 1730 3518 1767 non

247 1825 364 1876 ραν
392 1809 503 1862 οὐκ
541 1807 732 1876 ἔχωνς
771 1809 840 1863 El
873 1806 1051 1862 δώσει
1084 1807 1355 1875 σκύμνος
1398 1803 1610 1874 φωνὴν
1645 1800 1834 1856 αὑτοῦ

250 1901 318 1952 ἐκ
367 1899 479 1968 τῆς
521 1897 794 1969 μάνδρας
845 1897 1032 1953 αὐτοῦ
1087 1897 1383 1961 καθόλου,
1447 1894 1555 1949 ἐὰν
1597 1891 1684 1964 μὴ
1733 1893 1835 1960 ἀρ-

251 1990 420 2059 πὰσῃ
448 2006 540 2054 τι;

320 2084 451 2136 KZ'.
495 2083 555 2136 οι
589 2079 658 2134 τὰ
687 2079 795 2133 τῶν
844 2078 1050 2150 Θηρίων
1086 2074 1668 2150 πολυπραγμονοῦντες
1714 2073 1833 2143 ἔθη,

251 2175 384 2242 φασὶ
425 2173 516 2227 τὸν
549 2173 738 2226 λέοντα
774 2171 983 2242 τροφῆς
1033 2171 1090 2223 ἐν
1139 2168 1318 2237 ἐνδείᾳ
1365 2165 1630 2235 γεγονότα
1680 2180 1838 2234 περι-

252 2264 442 2334 φοιτᾷν
475 2261 745 2326 εύσθενῶς
773 2261 875 2332 ὅρη
898 2277 957 2314 τε
986 2259 1083 2313 καὶ
1109 2258 1287 2322 νάπας
1323 2257 1418 2312 καὶ
1448 2256 1688 2329 δρυμοὺς
1710 2253 1838 2326 τῇδε

251 2355 474 2408 κάκεῖσε
504 2353 598 2407 τὸν
639 2350 916 2423 ὀφθαλμὸν
947 2350 1403 2420 περιστρέφοντα,
1440 2345 1534 2400 καί
1560 2363 1614 2398 τι
1641 2343 1750 2397 τῶν
1778 2345 1838 2397 ἐν

253 2445 404 2509 ’ύλαις
438 2444 783 2517 βοσκομένων
827 2441 1030 2496 λαϐεῖν.
1077 2440 1331 2495 Ἐπειδὰν
1373 2439 1431 2492 δὲ
1474 2435 1740 2507 θεάσηταί
1784 2452 1837 2489 τι

250 2534 359 2589 τῶν
392 2533 713 2604 ἐπιτηδείων
763 2533 844 2594 είς
885 2530 1117 2600 τροφὴν,
1165 2524 1284 2582 εἷτα
1316 2528 1541 2598 γένηται
1582 2524 1836 2595 πλησίον,

251 2624 430 2682 δεινόν
464 2642 516 2678 τι
545 2623 639 2676 καὶ
662 2621 892 2690 δυσηχὲς
929 2618 1274 2691 βρυχώμενον
1306 2617 1574 2672 ποιεῖσθαι
1594 2615 1694 2687 τὴν
1721 2613 1841 2683 ἐφο-

250 2718 362 2770 δον.
397 2717 458 2768 Εἰ
486 2715 542 2769 δέ
569 2714 634 2784 δὴ
659 2711 1048 2782 ἀποκομίζοιτο
1075 2713 1185 2774 τοῖς
1229 2711 1491 2780 σκύμνοις
1512 2709 1583 2762 τά
1609 2709 1686 2772 είς
1717 2723 1840 2779 τρο-

256 2806 387 2876 φὴν,
423 2801 542 2858 εἶτα
571 2804 783 2873 γένοιτο
809 2802 908 2872 τῆς
941 2801 1180 2872 μάνδρας
1208 2802 1397 2870 ἐγγὺς,
1428 2798 1840 2871 ἀναθρώσκουσι

255 2897 522 2958 κάκεῖνοι,
557 2893 650 2948 καὶ
684 2895 780 2946 σὺν
806 2893 900 2964 βοῇ
925 2892 1180 2955 λαὸόντες
1219 2891 1610 2962 σπαράττουσι.
1643 2889 1710 2942 Τί
1733 2888 1842 2941 τοί-

252 3003 372 3048 νυν,
408 2986 595 3057 φησὶν,
633 2983 882 3038 αἰτιᾶσθε
919 2982 1074 3047 Θεὸν,
1106 2982 1186 3035 ὅτι
1215 2981 1321 3054 πρὸ
1362 2981 1464 3050 τῆς
1507 2980 1614 3033 τῶν
1650 2979 1839 3032 δεινῶν

251 3077 447 3147 ἐφόδου
480 3075 712 3130 ποιεῖται
746 3076 844 3145 τὴν
877 3074 1143 3147 ἀπειλήν;
1174 3074 1238 3127 Τί
1280 3073 1336 3126 δὲ
1367 3073 1460 3126 καὶ
1501 3073 1684 3135 αὐτοῖς
1721 3073 1839 3124 ἐπι-

249 3169 471 3238 τρίζετε
500 3169 612 3230 τοῖς
644 3169 976 3238 προφήταις,
1007 3166 1088 3218 ὅτι
1115 3165 1210 3218 καὶ
1239 3165 1393 3218 αὐτοὶ
1439 3164 1538 3234 τῆς
1565 3162 1840 3234 ὑμετέρας

253 3258 509 3321 ἀσεϐείας
569 3257 1087 3328 κατακεκράγασιν;
1160 3253 1302 3324 Ἐγὼ
1370 3256 1472 3326 μέν
1528 3255 1639 3326 γάρ
1689 3254 1841 3307 ἔοικα

251 3350 446 3416 λέοντι,
499 3351 654 3421 φησὶ,
695 3349 777 3420 τῷ
825 3349 962 3422 πρὸς
1010 3349 1184 3421 θῆρας
1227 3348 1440 3403 εἰωθότι
1473 3347 1620 3420 βοᾷν,
1650 3364 1840 3418 μονον-

251 3444 371 3514 ουχὶ
391 3443 484 3497 καὶ
502 3443 923 3515 προαπειλοῦντι
945 3442 1042 3514 τὴν
1061 3441 1248 3511 ἔφοδον
1268 3459 1283 3473 ·
1320 3441 1550 3512 σκύμνοι
1568 3441 1625 3494 δὲ
1650 3441 1840 3512 ὥσπερ

253 3536 302 3587 οἱ
349 3535 474 3606 ἐμοί
509 3537 667 3601 εἰσιν,
714 3536 764 3589 οἱ
801 3537 908 3590 πᾶν
940 3536 1002 3590 τὺ
1031 3537 1162 3608 ἐμὸν
1203 3537 1325 3600 ἔθος
1366 3537 1835 3608 ἀπομιμούμενοι·

253 3626 702 3694 κατακεκράγασι
737 3625 866 3696 γὰρ,
897 3627 972 3690 ὡς
1013 3626 1169 3697 ἔφην,
1198 3627 1307 3680 τῶν
1339 3626 1622 3680 δυσσεϐεἶν
1649 3625 1838 3678 εἰωθό-

249 3733 380 3771 των.
435 3716 575 3769 Ἀλλ’
601 3715 791 3787 ὥσπερ
827 3721 941 3782 τοῖς
977 3720 1034 3772 ἐν
1084 3719 1236 3790 ὄρεσι
1279 3716 1438 3783 ζώοις
1471 3719 1571 3770 ούκ
1601 3715 1837 3788 ἀκερδὴς

252 3805 534 3869 παντελῶς
557 3808 591 3878 ή
621 3807 1078 3878 προαναφώνησις
1112 3808 1205 3861 τοῦ
1239 3807 1422 3880 θηρὸς,
1456 3807 1837 3863 κατασοϐοῦσα

253 3895 394 3965 πρὸς
421 3897 600 3968 φυγὴν
626 3899 756 3969 πρὶν
786 3897 986 3951 ἁλῶναι
1014 3899 1198 3968 τυχὸν,
1231 3899 1370 3952 οὕτω
1393 3901 1485 3953 καὶ
1515 3902 1628 3962 τοῖς
1656 3901 1838 3972 ἀμαρ-

252 3986 474 4039 τάνουσι
503 3989 898 4058 χρησιμωτάτη
926 3988 1044 4040 λίαν
1083 3989 1116 4059 ἡ
1156 3989 1263 4058 πρὸ
1289 3990 1398 4042 τῶν
1426 3989 1612 4042 δεινῶν
1637 3990 1835 4061 ἀπειλή

249 4093 308 4128 τε
343 4078 438 4130 καὶ
482 4079 900 4148 προαγόρευσις,
942 4078 1253 4147 μεθιστῶσα
1287 4080 1422 4150 πρὸς
1471 4080 1834 4149 μετάγνωσιν,

250 4166 349 4219 καὶ
397 4165 685 4236 ἀποφυγὴν
736 4165 844 4218 τῶν
893 4168 1324 4239 ἡμαρτημένων.
1380 4168 1572 4223 Λέοντι
1626 4169 1690 4241 δὴ
1743 4168 1836 4225 οὖν

251 4255 450 4310 ἐαυτὸν
487 4256 809 4324 παρεικάζει
840 4256 992 4323 Θεὸς,
1025 4260 1084 4310 οὐ
1122 4259 1384 4330 πρότερον
1419 4258 1831 4331 ἐπιθρώσκοντι,

1935 1795 2168 1852 habent!
2201 1795 2265 1852 Si
2300 1799 2443 1852 dabit
2481 1800 2686 1853 catulus
2725 1817 2896 1854 vocem
2935 1818 3086 1856 suam
3124 1819 3189 1857 ea:
3227 1803 3386 1857 cubili
3422 1823 3518 1859 suo

1936 1889 2170 1954 omnino,
2202 1890 2304 1943 nisi
2337 1892 2566 1961 rapuerit
2599 1891 2840 1964 aliquid?

2007 2067 2168 2138 277
2211 2067 2424 2122 XXVII.
2469 2069 2568 2137 Qui
2627 2081 2852 2128 naturas
2897 2073 3135 2130 ferarum
3197 2078 3519 2149 exquisitius

1938 2160 2321 2231 pervestigaut,
2377 2173 2604 2218 narrant
2653 2163 2862 2219 leonem
2906 2167 3234 2223 esurientem
3285 2179 3515 2237 montes,

1938 2249 2104 2306 saltus
2147 2260 2202 2306 et
2255 2266 2476 2308 nemora
2525 2255 2836 2311 contentius
2889 2259 3193 2328 pervagari,
3243 2259 3350 2316 buc
3389 2260 3518 2318 illuc

1937 2342 2126 2399 oculos
2151 2343 2525 2410 circumferre,
2553 2357 2609 2402 et
2647 2347 2922 2418 quidpiam
2948 2349 3146 2405 ibidem
3177 2353 3516 2422 pascentium

1940 2447 2150 2505 rapere.
2204 2434 2304 2491 Ubi
2336 2444 2516 2491 autem
2554 2436 2757 2508 aliquid
2811 2439 2911 2494 sibi
2951 2441 3019 2496 ad
3069 2455 3221 2496 esum
3262 2442 3516 2498 idoneum

1939 2528 2321 2595 conspexerit,
2384 2527 2694 2597 propiorem
2785 2528 2986 2585 factum
3067 2531 3402 2588 borribiliter
3461 2546 3520 2588 et.

1939 2617 2144 2672 absone
2172 2617 2434 2688 rugiendo
2473 2620 2710 2688 praedam
2748 2620 3026 2677 invadere.
3062 2622 3213 2690 Quod
3244 2624 3290 2680 si
3320 2627 3520 2682 catulis

1939 2723 2121 2763 escam
2164 2719 2455 2780 apportans
2493 2712 2724 2767 lustrum
2758 2715 3022 2782 attigerit,
3056 2718 3277 2773 exsilire
3315 2718 3436 2774 illos
3465 2731 3521 2774 et

1941 2814 2063 2854 cum
2098 2799 2339 2857 clamore
2365 2804 2602 2874 praedam
2637 2811 3027 2874 apprehensam
3070 2809 3353 2865 dilaniare.
3379 2810 3519 2878 Quid

1940 2906 2094 2960 ergo,
2125 2892 2318 2963 inquit,
2351 2894 2518 2950 Deum
2549 2896 2980 2963 calumniamini,
3017 2915 3138 2955 cum
3166 2913 3291 2958 ante
3318 2905 3522 2958 adven-

1944 2993 2054 3038 tum
2088 2984 2458 3040 calamitatum
2488 2987 2888 3042 comminatur?
2916 2987 3055 3055 Quid
3085 3006 3248 3058 super
3287 2995 3522 3062 prophe-

1947 3075 2014 3130 tis
2043 3075 2158 3146 ejus
2186 3075 2436 3140 l'remitis,
2470 3091 2592 3131 cum
2620 3087 2674 3132 et
2704 3078 2804 3148 ipsi
2841 3094 3004 3150 super
3030 3093 3208 3137 vestra
3242 3084 3521 3154 impietate

1940 3163 2233 3220 clamorem
2273 3165 2480 3221 edunt?
2515 3166 2626 3237 Ego
2657 3169 2800 3222 enim
2838 3169 3048 3226 leonem
3090 3173 3295 3241 imitor,
3323 3176 3518 3247 inquit,

1939 3252 2028 3322 qui
2064 3263 2254 3308 contra
2286 3255 2492 3311 bestias
2533 3257 2769 3313 clamare
2801 3261 3104 3324 consuevit,
3137 3270 3190 3316 et
3228 3279 3519 3334 propemo-

1939 3345 2064 3399 dum
2105 3346 2296 3400 minari
2327 3349 2475 3415 prius
2503 3363 2561 3403 se
2609 3350 3022 3421 impressionem
3068 3354 3378 3424 faeturum;
3421 3374 3521 3413 ca-

1941 3437 2034 3491 tuli
2067 3446 2244 3493 autem
2270 3440 2672 3508 quodammodo
2696 3443 2801 3498 mei
2833 3453 2979 3512 sunt,
3008 3445 3100 3515 qui
3125 3463 3317 3504 omnes
3340 3466 3519 3506 mores

1939 3543 2086 3585 meos
2123 3530 2388 3586 referunt.
2434 3532 2685 3590 Clamant
2729 3537 2896 3601 enim,
2952 3548 3012 3592 ut
3055 3540 3185 3607 dixi,
3231 3543 3517 3597 adversum

1937 3635 2032 3676 eos
2074 3623 2271 3692 quibus
2316 3624 2478 3694 impie
2518 3641 2679 3694 agere
2727 3628 2781 3682 in
2834 3632 3223 3686 consuetudine
3267 3641 3373 3687 est.
3411 3632 3519 3689 Sed

1939 3713 2393 3780 quemadmodum
2438 3713 2570 3770 leris
2621 3718 2895 3770 montanis
2944 3718 3132 3773 bellua:
3174 3720 3334 3788 hujus
3383 3737 3519 3791 prte-

1940 3806 2139 3860 missus
2184 3805 2388 3859 clamor
2425 3821 2528 3858 non
2575 3814 2655 3861 est
2701 3806 3071 3863 incommodus
3105 3810 3286 3879 plane,
3323 3813 3520 3884 quippe

1938 3894 2006 3947 ad
2041 3894 2219 3964 fugam
2249 3909 2345 3950 eas
2373 3894 2654 3965 impellens
2692 3906 2981 3967 antequam
3019 3897 3158 3952 forte
3190 3902 3514 3972 capiantur;

1939 3986 2010 4042 ita
2039 4002 2256 4058 quoque
2279 3989 2629 4059 peccantibus
2662 3999 2788 4044 ante
2810 3988 3040 4056 cladem,
3073 4000 3126 4046 et
3156 4008 3346 4062 poenas
3368 4007 3518 4052 com-

1941 4079 2184 4144 minatio,
2223 4088 2277 4134 et
2325 4080 2623 4150 pradictio,
2681 4095 2787 4150 qua
2831 4083 3084 4137 commoti
3127 4086 3193 4138 ad
3240 4088 3516 4156 paeniten-

1941 4173 2068 4228 tiam
2117 4181 2170 4226 et
2192 4171 2370 4242 fugam
2402 4182 2749 4242 peccatorum
2783 4188 2842 4228 se
2867 4173 3012 4239 deut,
3045 4175 3203 4245 longe
3232 4187 3316 4231 est
3343 4178 3517 4233 utilis-

1939 4266 2095 4319 sima.
2144 4261 2276 4317 Cum
2326 4262 2480 4318 leone
2524 4264 2704 4334 itaque
2753 4264 2893 4320 Deus
2941 4280 3000 4321 se
3056 4279 3356 4338 comparat,
3409 4287 3515 4327 non

252 4349 345 4400 καὶ
378 4348 448 4400 τά
485 4346 544 4412 ἐξ
576 4348 744 4419 ὀργῆς
775 4348 1034 4416 ἐπάγοντι
1056 4365 1219 4416 τισιν,
1251 4351 1300 4402 εί
1340 4350 1414 4420 μὴ
1442 4354 1832 4421 προαναφαίνοι

1945 4357 2092 4427 prius
2130 4354 2419 4419 insiliente,
2449 4364 2504 4410 et
2549 4371 2617 4410 ex
2654 4356 2734 4411 ira
2783 4359 3020 4426 prredam
3055 4361 3368 4427 devorante,
3411 4366 3514 4421 nisi

249 4439 350 4509 τὴν
396 4438 650 4509 ἀπειλὴν,
704 4440 791 4492 ἵνα
841 4441 1231 4510 μετανοοῦντες
1281 4440 1558 4506 σώζοιντο,
1594 4445 1700 4515 πρὸ
1736 4448 1836 4518 τῆς

1943 4447 2118 4499 minas
2150 4445 2490 4514 praemiserit,
2527 4453 2584 4500 ut
2609 4447 2936 4516 pteuitcntes
2969 4459 3093 4506 ante
3128 4451 3390 4506 malorum
3416 4456 3514 4508 ad—

251 4530 439 4583 δεινῶν
471 4530 660 4599 ἐφόδου
695 4532 986 4604 φάρμακον
1031 4533 1221 4604 ὥσπερ
1252 4535 1332 4597 είς
1366 4535 1638 4606 σωτηρίαν
1685 4537 1839 4609 δεχό-

255 4639 407 4692 μενοι
439 4621 549 4676 τῶν
579 4623 854 4693 ἐσομένων
898 4628 997 4697 τὴν
1037 4626 1459 4698 προαγόρευσιν.

326 4715 395 4766 El
435 4712 701 4766 πεσεῖται
728 4715 938 4783 ὄρνεον
963 4716 1062 4769 ἐπὶ
1089 4715 1205 4783 τὴν
1232 4714 1353 4787 γῆν
1394 4716 1540 4772 ἄνευ
1567 4718 1804 4783 ὶξευτοῦ
1817 4737 1835 4784 ;

251 4807 323 4858 Ei
352 4803 717 4871 σταθήσεται
745 4807 923 4875 παγίς
953 4808 1051 4862 ἐπὶ
1081 4807 1192 4877 τῆς
1227 4806 1336 4878 γῆς
1375 4807 1522 4862 ἄνευ
1553 4809 1661 4864 τοῦ
1684 4813 1835 4864 συλ-

249 4895 462 4948 λασεῖν
489 4913 544 4948 τι
563 4899 596 4966 ;j

324 4987 461 5039 KH'.
503 4986 806 5056 Πεποίηται
840 4987 938 5058 μὲν
978 4990 1054 5052 ὼς
1102 4986 1162 5054 ἐξ
1207 4989 1520 5061 ὁμοιώσεως
1557 4992 1653 5045 καὶ
1685 4990 1780 5046 νῦν
1809 4993 1837 5045 ό

249 5078 430 5146 λόγος.
475 5077 700 5141 Ἰξευταὶ
741 5079 840 5147 μὲν
872 5079 980 5151 γάρ
1018 5081 1085 5134 τὰ
1118 5083 1175 5134 ἐν
1209 5085 1396 5151 φυτοῖς
1431 5083 1689 5154 ἱζήσαντα
1726 5083 1835 5137 τῶν

252 5168 552 5240 στρουθίων
585 5170 978 5240 εύτεχνέστατα
1007 5173 1396 5246 καταφέρουσι.
1433 5175 1633 5244 Παγίσι
1663 5175 1719 5227 δέ
1741 5171 1834 5228 οὖν

250 5260 552 5315 συνθελῶσί
578 5279 722 5325 τινες
769 5262 829 5315 τὸ
867 5263 1240 5334 ἁλισκόμενον.
1281 5267 1463 5319 ’Ἑοικε
1510 5266 1568 5319 δὲ
1611 5267 1638 5317 ὁ
1679 5266 1836 5335 λόγος

249 5353 584 5407 αἰνίττεσθαι
613 5353 730 5408 νυνὶ
757 5352 845 5406 διὰ
877 5354 984 5407 τῶν
1018 5355 1315 5427 στρουθίων
1362 5356 1460 5426 μέν
1486 5356 1612 5418 τοὺς
1655 5356 1837 5427 ὑψηλὰ

249 5446 472 5515 φρονεῖν
506 5444 785 5509 εἰωθότας,
823 5444 948 5507 τοὺς
982 5444 1247 5511 ἀλαζόνας
1288 5446 1381 5499 τὸν
1421 5444 1568 5510 νοῦν,
1607 5446 1700 5500 καὶ
1742 5465 1838 5518 με·

245 5535 492 5607 τεώρους
525 5535 622 5598 τὰς
661 5537 886 5606 φρένας,
919 5537 1014 5590 καὶ
1056 5537 1117 5591 τὸ
1149 5535 1560 5607 συναπάγεσθαι
1597 5541 1710 5605 τοῖς
1740 5557 1837 5593 τα-

323 5712 371 5746 τ¹
399 5710 582 5767 Matth.
621 5729 672 5776 ιι,
714 5713 802 5768 40.

579 5811 856 5872 Ριιτιιοι..
899 5811 1015 5873 Gtt.
1050 5810 1262 5876 LXXI.

1939 4547 2154 4592 ventum
2195 4535 2494 4602 salventur,
2523 4537 2675 4608 quasi
2712 4539 3066 4610 pltarmacum
3097 4543 3334 4598 salutare
3369 4543 3514 4599 futu-

1939 4641 2119 4680 rorum
2154 4625 2466 4680 vaticinium
2494 4627 2874 4697 suscipientes.

2011 4719 2171 4773 Vens.
2201 4719 2253 4775 5.
2299 4716 2359 4774 Si
2385 4720 2535 4775 cadet
2568 4723 2677 4775 avis
2711 4723 2765 4775 in
2812 4731 3007 4777 terram
3044 4723 3240 4794 absque
3277 4724 3519 4790 aucupe.’

1938 4808 2000 4864 Si
2039 4819 2299 4864 statuetur
2334 4810 2549 4881 laqueus
2607 4813 2663 4866 in
2700 4820 2840 4868 terra
2881 4815 2995 4869 sine
3035 4831 3095 4869 eo
3143 4815 3280 4884 quod
3329 4831 3516 4884 appre-

1935 4900 2127 4955 hendat
2153 4903 2355 4972 aliquid
2373 4904 2397 4956 ?

2009 4989 2244 5046 XXVIII.
2290 4994 2462 5048 Etiam
2502 5010 2643 5049 nunc
2689 4995 3041 5052 similitudine
3071 4997 3303 5067 quadam
3335 5010 3516 5051 sermo

1941 5092 2174 5137 constat.
2219 5087 2467 5155 Aucupes
2511 5087 2652 5139 enim
2686 5088 3027 5154 passerculos
3070 5088 3354 5143 arboribus
3391 5091 3524 5145 iusi-.

1943 5175 2134 5229 dentes
2183 5177 2320 5229 miro
2364 5178 2595 5233 artificio
2645 5179 2923 5248 dejiciunt.
2961 5179 3189 5246 Quidam
3231 5181 3517 5237 lendiculis

1941 5275 2126 5335 captos
2165 5267 2393 5322 elidunt.
2440 5268 2702 5323 Videntur
2745 5271 2906 5324 verba
2946 5271 3060 5324 haec
3103 5271 3203 5326 sub
3239 5272 3516 5328 iuvolucm

1941 5357 2173 5426 quodam
2226 5357 2466 5412 iudicare
2512 5357 2946 5428 passerculoruut
2993 5357 3212 5413 nomine
3256 5375 3370 5424 cos,
3421 5363 3512 5430 qui

1942 5445 2116 5502 solent
2147 5445 2312 5500 altum
2342 5461 2532 5515 sapere
2557 5445 2625 5512 ⁷⁸,
2667 5456 2985 5516 arrogantes
3017 5448 3236 5515 animis,
3259 5458 3312 5504 et
3343 5449 3514 5505 elatos

1943 5543 2140 5605 corde,
2185 5538 2480 5594 humilibus
2522 5538 2831 5596 consentire
2877 5554 2982 5594 nou
3025 5540 3516 5612 sustinentes;per

915 5714 961 5746 ⁷⁸
997 5714 1108 5769 ibid
1143 5713 1231 5768 15.
1305 5716 1349 5748 ⁷⁷
1390 5714 1431 5773 ll
1474 5715 1598 5774 Cor.
1635 5733 1688 5789 ν,
1721 5717 1811 5774 20.
1889 5718 1935 5752 ⁷⁸
1980 5717 2138 5776 Rom.
2181 5734 2279 5788 xu,
2313 5717 2366 5773 5.

3053 5813 3123 5871 15
