4054 6274
529 379 632 434 ιιι)
1554 375 1608 428 S.
1654 372 1918 430 CYRIILI
1961 372 2430 429 ALEXANDRINI
2469 372 2788 429 ARCHIEP.
3682 369 3787 423 ΜΟ

533 489 818 548 tendiculis
849 500 1027 546 autem
1067 498 1254 560 captos
1293 499 1631 546 terrenorum
1662 496 1926 553 amantes,
1958 487 2104 543 solae

2207 487 2414 550 πεινοῖς
2458 485 2558 542 οὐκ
2608 485 2969 557 ἀνεχομένους
2998 502 3010 516 ·
3051 485 3139 539 διὰ
3194 485 3250 539 δὲ
3299 483 3406 540 τῶν
3454 485 3509 538 ἐν
3561 483 3792 553 παγὶσιν

531 595 635 644 que
667 580 903 635 carnalia
935 589 989 634 et
1018 579 1317 650 saginantia
1347 586 1745 634 consectantes.
1775 578 1980 648 Aucupi
2017 593 2105 630 au-

2207 578 2578 648 άλισκομένων
2611 577 2720 630 τῶν
2767 575 3026 646 ἐπιγείων
3062 577 3187 641 τοὺς
3227 576 3483 647 ἐραστάς,
3519 576 3614 628 καὶ
3650 575 3795 645 μόνα

532 683 638 728 tem
672 681 726 725 et
755 671 944 741 laqueo
988 685 1202 744 rursum
1241 684 1302 725 se
1345 670 1610 725 assimilat
1645 669 1806 737 Deus,
1842 668 2105 740 superbos

2205 670 2503 740 ζητοῦντας
2533 668 2602 722 τά
2635 669 2892 741 σαρκικὰ,
2941 670 3035 722 καὶ
3083 669 3526 724 καταπιαίνοντα.
3579 667 3792 741 Ίξευτῇ

529 767 598 821 ad
641 776 837 819 terram
882 765 1194 831 deturbans,
1245 773 1300 818 et
1329 763 1482 833 quasi
1525 761 1889 832 confringens,
1935 769 1990 816 et
2035 761 2104 816 ad

2205 762 2284 828 δὲ,
2315 761 2409 814 καὶ
2438 761 2627 829 παγίδι
2661 760 2824 814 πάλιν
2854 761 3043 814 ἑαυτὸν
3073 761 3396 831 παρεικάζει
3425 760 3578 823 Θεές,
3614 778 3793 813 κατα-

531 854 852 926 supplicium
907 862 1152 924 captans,
1197 855 1289 925 qui
1341 863 1556 910 terrena
1603 861 1810 908 tantum
1863 852 2101 922 sapiunt.

2207 853 2484 924 κομίζοντι
2520 851 2618 922 μὲν
2647 852 2728 915 είς
2761 852 2864 920 γῆν
2896 853 3022 915 τοὺς
3056 851 3462 923 ὑπερηφάνους,
3496 850 3796 904 συνθλῶντι

531 947 702 1000 Erant
731 964 750 999 ι
782 955 960 1000 autem
996 944 1249 1000 Israelita:
1286 953 1624 1014 arrogantes,
1659 953 1715 999 et
1743 943 1834 999 Dei
1865 953 2106 997 contem-

2206 947 2262 1000 δὲ
2292 943 2500 1012 ὥσπερ,
2535 942 2630 995 καὶ⁵
2675 942 2965 1015 ἀγρεύοντι
2998 943 3135 1014 πρὸς
3163 942 3434 1013 τιμωρίαν
3479 943 3606 1005 τοὺς
3657 942 3797 1012 μόνα

526 1049 739 1108 plores,
788 1038 1188 1108 prophetat-sque
1243 1037 1690 1106 aspernabantur,
1731 1046 1788 1090 et
1834 1035 2005 1105 legem
2052 1035 2104 1088 in

2207 1038 2535 1108 φρονοῦντας
2583 1036 2652 1090 τὰ
2697 1035 2790 1088 ἐπὶ
2819 1033 2920 1102 τῆς
2952 1034 3075 1104 γῆς.
3135 1033 3420 1097 Ἀλαζόνες
3448 1033 3505 1086 δὲ
3543 1028 3690 1103 ἦσαν
3745 1036 3795 1086 0i

501 1109 508 1152 ί
532 1131 826 1202 postremis
855 1129 1146 1184 habebant.
1175 1129 1340 1198 278
1371 1129 1538 1182 Erant
1566 1136 1827 1198 praeterea
1875 1126 2102 1180 munda-

2209 1127 2268 1194 ἐξ
2325 1129 2575 1201 Ἰσραὴλ,
2631 1125 3095 1197 καταφρονοῦντες
3143 1123 3310 1189 θεοῦ,
3357 1126 3454 1179 καὶ
3505 1126 3796 1196 προφήτας

533 1222 623 1277 nis
650 1220 873 1276 involuti
899 1220 1147 1290 negotiis,
1180 1231 1230 1273 et
1261 1218 1634 1272 tantummodo
1658 1217 1797 1271 fluxa
1829 1223 1882 1271 et
1907 1216 2106 1269 caduca

2209 1219 2656 1289 παραιτούμενοι,
2713 1218 2807 1271 καὶ
2846 1215 3206 1286 ἀτιμάζοντες
3259 1215 3442 1284 νόμον.
3495 1211 3683 1268 Ἦσαν
3739 1215 3795 1268 δὲ

534 1309 1024 1381 persequebantur,
1058 1322 1285 1376 quorum
1334 1307 1583 1360 absurdis
1614 1305 2000 1375 cupiditatibus
2033 1306 2109 1358 ri-

2209 1311 2358 1366 οὑδὲν
2390 1305 2553 1382 ἦττον
2590 1309 2685 1364 καὶ
2735 1308 2981 1379 γλίσχροι
3031 1307 3152 1361 λίαν
3199 1307 3328 1378 περὶ
3371 1305 3440 1360 τὰ
3489 1307 3548 1359 ἐν
3602 1309 3794 1377 κόσμῳ

533 1402 630 1466 cti,
671 1415 700 1454 a
745 1399 840 1454 Dei
875 1399 1037 1452 verbo
1065 1397 1425 1467 refugiebant,
1470 1405 1527 1451 et
1569 1395 1634 1450 ad
1672 1396 1926 1452 virtutem
1975 1394 2107 1450 invi-

2210 1401 2478 1472 πρακτέα,
2515 1399 2609 1453 καὶ
2661 1397 2800 1470 μόνα
2843 1395 3135 1467 ζητοῦντες
3162 1395 3231 1450 τὰ
3281 1395 3376 1448 ἐπὶ
3406 1396 3507 1466 τῆς
3555 1396 3684 1466 γῆς,
3720 1389 3795 1450 ὧν

537 1491 776 1545 tantibus
833 1487 1228 1558 repugnabant.
1285 1487 1544 1541 Dicebant
1597 1485 1741 1541 enim
1790 1485 2104 1555 prophetis:

2209 1491 2327 1552 ταῖς
2381 1488 2630 1552 ἐκτόποις
2682 1486 2998 1556 ἐπιθυμίαις
3039 1484 3365 1557 ἡττώμενοι,
3395 1483 3486 1538 τὸν
3518 1485 3613 1538 τοῦ
3658 1485 3795 1539 Θεοῦ

533 1577 843 1650 Loquimini
875 1580 1000 1644 alia,
1029 1586 1084 1633 et
1127 1592 1394 1644 errorem,
1434 1591 1530 1630 seu
1565 1577 1917 1646 imposturam
1953 1575 2110 1631 nobis

2209 1581 2368 1650 λόγον
2403 1579 2464 1632 οὐ
2499 1577 2818 1650 προσίεσαν,
2863 1575 3235 1646 ἀντέπραττον
3289 1574 3345 1628 δὲ
3387 1577 3500 1639 τοῖς
3530 1574 3790 1629 καλοῦσιν

532 1669 696 1726 aliam
745 1669 1081 1724 annuntiate.
1138 1667 1196 1722 Si
1246 1668 1410 1738 igitur
1447 1682 1548 1738 ego
1585 1683 1728 1734 sum,
1775 1668 1970 1737 inquit,
2017 1665 2108 1736 qui

2211 1676 2290 1737 είς
2320 1672 2542 1743 ἀρετήν.
2575 1671 2852 1739 Ἔφασκον
2900 1668 3010 1738 γάρ
3058 1668 3170 1730 τοῖς
3219 1668 3566 1738 προφήταιςο
3623 1667 3793 1720 Ἀλλα

533 1761 706 1816 instar
722 1761 943 1831 aucupis
960 1760 1219 1830 superbos
1237 1758 1453 1827 dejicio,
1475 1769 1530 1815 et
1546 1761 1692 1813 velut
1712 1760 1903 1830 laqueo
1922 1768 2108 1829 captos

2211 1765 2342 1834 ἡμῖν
2372 1763 2603 1827 λαλεῖτε,
2623 1761 2719 1816 καὶ
2739 1759 3096 1828 ἀναγγέλλετε
3127 1760 3258 1830 ἡμῖν
3281 1758 3476 1830 ἑτέραν
3501 1757 3791 1830 πλάνησιν.

535 1851 802 1908 suffocare
848 1851 1038 1906 solitus
1085 1865 1229 1916 sum,
1269 1851 1358 1920 qui
1402 1865 1554 1905 more
1583 1850 1819 1921 vulpium
1868 1859 1963 1904 aut
1991 1866 2109 1904 mu-

2212 1822 2384 1926 έίπερ
2416 1850 2508 1908 οὖν
2535 1822 2645 1923 ἐγώ
2679 1855 2818 1922 εἰμι,
2850 1822 3034 1921 φησὶν,
3069 1853 3098 1904 ό
3125 1822 3182 1903 ἐν
3225 1822 3433 1914 ίξευτοῦ
3462 1822 3797 1922 τρόπιιίκα-

536 1942 674 1996 rium
710 1939 937 2010 negotiis
975 1940 1261 1994 mundanis
1295 1940 1557 1994 tenaciter
1587 1938 1943 2004 inhaerebant,
1979 1938 2108 2008 quid

2211 1944 2464 2015 ταφέρων
2491 1945 2618 2007 τοὺς
2653 1941 3052 2013 ὑπερηφάνους,
3086 1941 3180 1994 καὶ
3205 1939 3280 2004 ώς
3306 1941 3363 1995 ἐν
3386 1939 3536 2004 τάξει
3566 1941 3796 2009 παγίδος

536 2033 734 2088 frustra
764 2039 981 2087 sanctos
1002 2032 1410 2101 perscquimini,
1435 2032 1560 2100 quia
1591 2039 1803 2086 tantum
1833 2045 2110 2087 sermones

2216 2034 2444 2106 συνθλᾷν
2491 2032 2695 2096 είωθὼς
2743 2032 2836 2086 τὸν
2873 2029 3154 2094 ἀλώπεκος
3197 2030 3374 2102 δίκην,
3402 2030 3437 2100 ἢ
3483 2029 3618 2100 μυὸς
3676 2031 3797 2098 γλί-

535 2135 686 2177 meos
732 2123 798 2177 ad
834 2136 930 2178 vos
968 2121 1267 2190 perferunt,
1316 2136 1436 2177 cum
1477 2137 1579 2192 ego
1623 2122 1972 2179 nihilominus
2015 2121 2111 2175 irae

2216 2142 2396 2197 σχρως
2433 2123 2624 2194 ἔχοντα
2661 2123 2796 2194 πρὸς
2841 2121 2910 2176 τὰ
2957 2123 3014 2175 ἐν
3050 2121 3240 2192 κόσμῳ
3280 2120 3552 2192 πρακτέα,
3597 2119 3652 2173 τί
3693 2121 3799 2191 μά-

536 2229 670 2270 mea:
707 2213 761 2268 iu
803 2213 998 2284 impios
1029 2224 1305 2284 conceptae
1328 2213 1697 2270 satisfaciam?

2212 2234 2312 2286 την
2343 2214 2566 2269 διώκετε
2611 2214 2738 2277 τοὺς
2769 2213 2978 2282 ἁγίους,
3015 2213 3096 2266 ὅτι
3146 2213 3342 2282 μόνους
3388 2214 3468 2276 είς
3503 2213 3649 2284 ὑμᾶς
3684 2213 3800 2267 διαρ

2214 2305 2499 2376 κομίζουσι
2549 2303 2764 2372 λόγους,
2825 2303 2961 2373 ἐμοῦ
3026 2301 3358 2374 πληροῦντος
3397 2301 3462 2355 τὰ
3497 2300 3557 2368 ἐξ
3626 2303 3805 2375 ὀργῆς

2213 2401 2327 2462 τοῖς
2357 2396 2672 2451 δυσσεϐέσιν
2701 2394 3158 2467 άπεῤῥιμμένης;

611 2539 772 2593 Vnus.
809 2535 864 2592 6.
907 2537 968 2592 Si
1007 2535 1250 2623 clamabit
1284 2537 1409 2590 tuba
1447 2537 1501 2591 in
1540 2536 1766 2606 civitate,
1797 2546 1845 2594 et
1892 2540 2112 2609 populus

2288 2555 2358 2610 El
2409 2552 2680 2623 φωνήσει
2718 2548 2988 2621 σάλπιγξ
3035 2549 3105 2604 ἐν
3153 2549 3349 2611 πόλει,
3383 2545 3481 2600 καὶ
3529 2545 3688 2609 λαὸς
3729 2547 3802 2600 οὐ

537 2647 642 2686 non
689 2626 1034 2697 expavescet?
1085 2619 1152 2682 Si
1186 2629 1282 2682 erit
1337 2629 1536 2682 malum
1582 2629 1638 2684 in
1691 2628 1921 2697 civitate,
1973 2630 2114 2699 quod

2218 2619 2616 2712 πτοηθῆσετὰι
2632 2659 2651 2707 ;
2673 2644 2742 2696 El
2763 2619 2932 2696 ἔσται
2962 2640 3139 2696 κακία
3167 2640 3237 2693 ἐν
3255 2640 3447 2704 πόλει,
3473 2635 3555 2705 ἢν
3583 2637 3803 2705 Κύριος

536 2722 792 2778 Dominus
818 2736 918 2775 non
946 2719 1068 2789 fecit
1092 2719 1118 2773 2’
2218 2737 2329 2790 οὐκ
2357 2734 2683 2802 ἐποίησενῖ

617 2855 812 2910 XXIX.
855 2854 968 2925 Ego
1015 2854 1257 2925 quidem,
1293 2853 1487 2924 inquit,
1535 2869 1632 2924 pro
1675 2855 1754 2910 ira
1794 2869 1913 2910 mea
1958 2855 2116 2912 malis
2211 2859 2218 2916 1

2211 2859 2342 2920 ΚΘ.
2359 2862 2503 2933 Ἐγὼ
2520 2863 2846 2939 μὲν,φησὶν,
2863 2862 3055 2932 ἐπάγω
3077 2859 3145 2915 τὰ
3192 2861 3253 2927 ἐξ
3297 2860 3494 2933 ὀργῆς,
3535 2862 3800 2934 χρήσιμοι

536 2963 631 3002 vos
660 2957 875 3012 macto;
909 2945 1182 3014 pr0pheta3
1225 2956 1403 2998 autem
1443 2944 1602 2998 utiles
1636 2953 1781 3011 sunt,
1811 2954 1867 3000 et
1899 2946 2114 3000 subser-

2218 2956 2295 3022 δὲ,
2342 2957 2436 3010 καὶ
2467 2959 2682 3028 μεσῖται
2727 2956 2867 3027 πρὸς
2905 2957 3098 3025 μόνους
3129 2954 3267 3008 είσὶν
3308 2955 3358 3008 0i
3393 2957 3679 3026 προφῆται
3716 2955 3794 3008 λό-

537 3039 691 3093 viunt
720 3038 786 3090 ad
817 3039 977 3091 verba
1010 3046 1238 3091 tantum.
1275 3034 1537 3090 Dcferunt
1563 3035 1706 3090 enim
1747 3036 1814 3090 ad
1842 3050 1959 3105 vos,
1996 3053 2114 3107 qua:

2218 3063 2366 3115 γους.
2401 3045 2872 3118 Διαπορθμεύουσι
2911 3045 3020 3116 γὰρ
3049 3045 3129 3109 είς
3167 3045 3313 3116 ὑμᾶς
3343 3045 3487 3116 ἅπερ
3517 3045 3588 3100 ἂν
3624 3045 3792 3110 αὐτοῖς

538 3131 670 3202 ipsis
696 3144 792 3201 per
823 3127 1086 3198 Spiritum
1118 3127 1335 3182 mando.
1377 3126 1483 3182 Sed
1517 3125 1791 3198 negligitis
1820 3127 2025 3193 forsan,
2058 3137 2114 3183 et

2217 3137 2531 3209 ἐντέλλομαι
2581 3137 2668 3192 διὰ
2725 3135 2820 3192 τοῦ
2873 3134 3213 3206 Πνεῦματος.
3289 3136 3428 3190 Ἀλλ’
3482 3137 3791 3210 όλιγωρεῖτε

539 3223 857 3279 verberibus
901 3235 995 3276 eos
1051 3221 1169 3275 dire
1217 3219 1496 3289 accipitis,
1546 3228 1764 3289 propter
1809 3233 2116 3276 sermonem

2218 3229 2360 3298 τάχα
2395 3245 2518 3294 που,
2571 3229 2666 3282 καὶ
2715 3228 2963 3282 άλλοιᾶτε
3017 3227 3242 3296 σφόδρα,
3285 3227 3380 3281 καὶ
3433 3227 3570 3299 πρὸς
3607 3230 3798 3299 μόνους

539 3327 926 3384 ηοιιιιυηίιιιειω
986 3311 1248 3366 damnat
1274 3351 1289 3378 ο
1351 3325 1513 3380 (Ιηθίη
1576 3310 1868 3380 αιὶηιηηιιο
1926 3312 2114 3366 θάυηι·
2218 3321 2344 3384 τοὺς
2387 3317 2727 3392 παρ’έαύτῶν
2756 3319 2869 3373 ἐσθ’
2899 3320 2988 3373 ὅτε
3013 3319 3226 3388 λόγους.
3258 3318 3324 3372 Τί
3352 3318 3460 3390 γὰρ
3485 3319 3642 3383 ὅλως,
3675 3319 3798 3373 εἰπέ

539 3404 680 3472 Quid
723 3417 850 3459 vero
897 3401 1136 3466 tandem,
1185 3401 1272 3456 die
1304 3399 1462 3463 mihi,
1493 3399 1577 3455 bis
1619 3400 2118 3469 pet-fecistisiQuis

2222 3430 2334 3482 μοι,
2357 3412 2445 3467 διὰ
2468 3412 2667 3466 τούτων
2695 3410 2976 3482 ὠφέλησθε
2996 3427 3010 3477 ;
3033 3411 3189 3474 Ποῖος
3217 3411 3360 3480 ὑμᾶς
3393 3408 3558 3464 είσέδυ
3586 3409 3787 3478 φόϐος;

540 3497 704 3551 timor
743 3508 837 3550 vos
869 3491 1051 3562 cepit?
1083 3501 1177 3546 aut
1203 3505 1366 3562 quam
1402 3489 1755 3546 mutationem
1797 3491 1864 3546 ad
1893 3493 2116 3548 meliora

2223 3505 2294 3557 Ἢ
2325 3503 2446 3557 τίνα
2479 3502 2778 3574 μεταϐολὴν
2813 3502 3084 3573 ἐσχήκατε
3126 3501 3264 3572 πρὸς
3309 3501 3369 3554 τὸ
3403 3501 3663 3571 άμεινον;
3706 3501 3793 3554 Ἔν

540 3585 888 3643 instituistis?
925 3583 981 3638 In
1014 3583 1234 3639 civitate
1279 3580 1496 3652 quidem
1546 3581 1592 3636 si
1627 3582 1930 3637 resonuerit
1967 3583 2116 3646 tuba,

2220 3595 2372 3648 πόλει
2421 3594 2522 3665 μὲν
2563 3593 2671 3663 γάρ
2709 3595 2758 3647 εί
2807 3593 3179 3663 άναφωνήσειε
3233 3590 3487 3657 σάλπιγξ,
3536 3592 3633 3644 τὸν
3667 3590 3797 3662 παρ’

540 3678 737 3734 bellum
769 3676 839 3733 ab
871 3675 1120 3731 hostibus
1144 3681 1349 3728 motum
1369 3681 1430 3727 et
1450 3679 1783 3727 armatorum
1815 3673 2115 3728 adventum

2219 3685 2430 3756 ἐχθρῶν
2490 3685 2712 3756 ἥκοντα,
2773 3683 2868 3739 καὶ
2916 3685 3274 3755 κεκινημένον
3323 3683 3805 3755 περιαγγέλλουσα

539 3768 958 3852 denuntiaverit,
976 3767 1099 3838 quis
1117 3766 1249 3821 adeo
1271 3779 1487 3820 onmem
1511 3764 1716 3821 doloris
1735 3779 1955 3821 sensum
1977 3767 2116 3821 ami-

2219 3773 2476 3844 πόλεμον,
2509 3774 2592 3838 τίς
2619 3773 2792 3836 οὕτως
2821 3772 3139 3843 ἀνάλγητος,
3179 3772 3253 3836 ὡς
3292 3772 3367 3844 μὴ
3406 3773 3591 3845 πάντη
3623 3791 3686 3826 τε
3713 3776 3798 3826 καὶ

542 3863 635 3929 sil,
659 3871 717 3916 ut
747 3877 852 3917 non
881 3858 1254 3916 incredibilem
1280 3860 1581 3912 futurorum
1607 3858 1869 3914 malorum
1915 3869 2117 3915 metum

2222 3862 2442 3924 πάντως
2478 3862 2573 3915 τὸν
2634 3861 2700 3915 ὲκ
2740 3860 2850 3915 τῶν
2895 3862 3167 3932 ἐσομένων
3219 3861 3405 3916 κακῶν
3456 3863 3791 3926 εἰσδέξασθαι

542 3951 844 4022 concipiat?
879 3952 1008 4006 Mea:
1052 3959 1234 4006 autem
1271 3951 1410 4005 tubae
1445 3949 1622 4004 futura
1659 3951 1954 4019 praecinere
1984 3967 2121 4005 nuu-

2220 3953 2386 4024 φόϐον
2407 3993 2422 4018 ,
2462 3953 2526 4006 Δί
2559 3951 2616 4005 δὲ
2646 3953 2778 4023 ἐμαὶ
2817 3951 3117 4020 σάλπιγγες
3159 3951 3219 4004 οὐ
3247 3951 3644 4021 διαλελοὶπασι,
3676 3971 3796 4024 προ-

542 4058 706 4113 quam
760 4043 1034 4108 desinunt,
1083 4051 1138 4097 et
1173 4055 1270 4096 vos
1321 4048 1501 4094 tamen
1553 4039 1686 4094 nihil
1741 4039 1866 4095 inde
1914 4043 2119 4096 emolu-

2220 4040 2603 4112 αναφωνοῦσαί
2646 4058 2706 4094 τε
2753 4040 2823 4094 τὰ
2865 4040 3144 4112 μέλλοντα.
3197 4041 3334 4094 Ἀλλ’
3367 4041 3658 4113 ὠφέλησθε
3702 4044 3797 4114 μὲν

547 4134 712 4190 mcnti
753 4133 1050 4205 percipitis.
1084 4132 1330 4202 Cumque
1376 4130 1691 4202 iutelligatis
1723 4144 1820 4186 vos
1850 4130 1919 4186 ab
1951 4133 2120 4187 hosti-

2223 4133 2502 4197 παντελῶς
2529 4131 2699 4197 οὐδὲν,
2726 4131 3084 4202 μανθάνοντες
3111 4132 3167 4185 δὲ
3195 4132 3277 4185 ὅτι
3307 4134 3802 4205 καταδῃωθήσεσθε

544 4222 644 4279 bus
695 4222 1035 4278 devastatum
1086 4222 1174 4288 iri,
1221 4231 1410 4278 contra
1462 4221 1832 4290 hujuscemodi
1883 4231 2120 4278 terrores

2223 4227 2351 4299 παρ’
2380 4224 2610 4296 ἐχθρῶν,
2638 4223 3088 4294 κατευμεγεθεῖτε
3112 4223 3231 4277 λίαν
3260 4224 3368 4277 τῶν
3401 4228 3479 4288 είς
3505 4226 3666 4278 τοῦτο
3694 4226 3806 4279 δει-

543 4314 830 4369 cﬂerimini
856 4315 1224 4381 vehementer,
1258 4324 1318 4370 ut
1357 4313 1605 4371 fortassis
1632 4315 1796 4370 etiam
1831 4315 2118 4371 denuntia-

2225 4318 2430 4389 μάτων,
2463 4318 2540 4381 ὡς
2565 4317 2706 4388 τάχα
2752 4333 2856 4370 που
2905 4317 2999 4370 καὶ
3045 4315 3322 4388 διαγελᾷν,
3371 4317 3443 4380 ώς
3487 4317 3694 4370 εἰκαῖόν
3747 4334 3808 4371 τι

548 4403 772 4469 tionem,
821 4416 919 4457 ceu
967 4417 1082 4458 rem
1123 4417 1318 4457 vanam
1353 4403 1661 4472 irrideatis;
1717 4406 1846 4476 quin
1887 4413 1941 4460 et
1987 4404 2116 4460 illud

2224 4411 2434 4481 χρῆμα»
2467 4409 2564 4480 τὴν
2599 4406 3014 4480 προαγόρευσιν.
3045 4407 3150 4462 Καὶ
3187 4409 3294 4479 μὴν
3324 4410 3537 4462 κάκεῖνο
3582 4407 3712 4478 suav
3736 4408 3812 4461 τὸ

546 4493 838 4560 usitatum,
890 4502 946 4548 et
991 4493 1312 4548 vecordibus
1377 4505 1698 4551 consuetum
1755 4496 2111 4551 acclametis:

2222 4500 2472 4572 σύνηθες,
2501 4501 2726 4562 καὶτοῖς
2760 4498 3175 4569 ἁπονοουμένοις
3199 4499 3440 4570 ἐντριϐἐς
3458 4515 3472 4528 ·
3504 4517 3522 4549 ι
3575 4499 3642 4551 Ἦ
3669 4499 3815 4569 δρα-

550 4601 570 4634 ι
613 4582 760 4638 Visio
802 4598 963 4653 quam
999 4582 1087 4637 hic
1128 4582 1292 4646 videt,
1334 4593 1455 4650 post
1485 4584 1600 4639 dies
1641 4584 1839 4640 multos
1884 4585 2117 4652 eveniet,

2219 4611 2302 4657 σις
2339 4594 2406 4664 ἣν
2439 4584 2593 4655 οὗτος
2640 4593 2760 4662 ὁρᾷ,
2796 4592 2876 4654 εἰς
2903 4590 3118 4662 ἡμέρας
3152 4590 3373 4656 πολλὰς,
3411 4591 3507 4644 καὶ
3552 4591 3632 4653 είς
3678 4607 3815 4643 και-

541 4675 591 4730 si
645 4676 896 4742 eveniet,
954 4684 1010 4729 et
1066 4675 1119 4730 in
1188 4684 1428 4745 tempora
1485 4675 1640 4745 longa
1694 4674 1797 4730 iste
1855 4676 2120 4732 vaticina-

2223 4686 2347 4756 ροῦς
2397 4684 2642 4756 μακροὺς
2688 4675 2841 4745 οὗτος
2875 4679 3228 4752 προφητεύει.
3277 4700 3296 4734 ι
3341 4682 3406 4734 Τί
3454 4677 3548 4734 οὖν
3580 4681 3815 4752 ἡγεῖσθε

541 4768 714 4824 tur".
747 4785 768 4820 ι
816 4767 956 4835 Quid
989 4768 1154 4838 igitur
1186 4783 1448 4823 onerosos
1494 4768 1690 4824 ducitis
1733 4767 1896 4823 veluti
1943 4771 2122 4825 bucci-

2222 4775 2530 4846 φορτικοὺς,
2559 4775 2684 4837 τοὺς
2715 4772 2880 4826 οἱονεὶ
2910 4770 3291 4838 σαλπίζοντας,
3315 4773 3364 4824 εἰ
3387 4771 3558 4842 μηδὲν
3584 4771 3819 4841 ἡγεῖσθε

541 4861 627 4918 nis
672 4869 950 4925 canentes,
1001 4862 1044 4916 si
1093 4860 1254 4915 verba
1295 4873 1483 4915 eorum
1533 4874 1631 4930 pro
1681 4859 1850 4915 nihilo
1891 4862 2124 4930 putatis?

2222 4867 2345 4927 τοὺς
2373 4863 2563 4932 λόγους
2587 4879 2601 4928 ;
2651 4861 2788 4915 Ἀλλ’
2823 4863 2953 4925 ἴσως
2981 4861 3156 4914 ἐκεῖνό
3189 4879 3345 4930 φατε,
3366 4862 3442 4924 ώς
3471 4863 3531 4913 οὐ
3568 4861 3823 4932 μετρίως

543 4951 653 5009 Sed
692 4950 922 5009 fortasse
967 4951 1098 5008 illud
1147 4951 1565 5023 respondebitis,
1616 4966 1722 5007 non
1774 4953 2118 5009 mediocriter

2225 4954 2529 5008 καταλυπεῖ
2559 4953 2668 5007 τῶν
2700 4952 2952 5024 πράξεων
2986 4953 3022 5023 ἠ
3066 4951 3311 5016 ἔκϐασις.
3347 4947 3494 5021 Ἆρα
3523 4949 3618 5006 οὖν
3657 4952 3821 5005 ἔσται

541 5059 726 5113 rerum
775 5053 969 5100 eventu
1008 5058 1106 5100 vos
1140 5043 1476 5101 contristari.
1516 5043 1598 5098 An
1648 5042 1814 5114 igitur
1866 5062 1885 5096 ι
1921 5043 2115 5098 Malum

2230 5065 2250 5099 ι
2280 5045 2537 5109 Κάκωσις
2565 5045 2624 5098 ἐν
2648 5045 2798 5098 πόλει
2823 5043 3002 5115 τυχὸν,
3020 5043 3086 5114 ἦν
3113 5044 3313 5114 Κύριος
3335 5044 3436 5097 οὐκ
3464 5043 3728 5112 ἐποίησεν
3756 5060 3772 5108 ;
3797 5062 3819 5096 ι

543 5137 646 5191 erit
698 5135 838 5192 forte
863 5136 914 5192 in
974 5137 1213 5204 civitate,
1261 5135 1404 5206 quod
1446 5134 1703 5191 Dominus
1739 5150 1842 5190 non
1899 5135 2110 5191 fecit‘h

2227 5132 2450 5204 Ὅμοιον
2475 5131 2549 5195 ώς
2582 5133 2630 5184 εἰ
2660 5132 2809 5202 λέγοι
2833 5147 2848 5162 ⁸
2877 5129 3024 5204 Ἀρα
3053 5131 3136 5196 τίς
3168 5131 3320 5185 ἔσται
3353 5132 3461 5186 τῶν
3501 5135 3561 5186 ἐν
3592 5132 3828 5203 ἀνθρώ-

543 5224 773 5282 Perinde
813 5241 878 5283 ac
915 5227 960 5283 si
1026 5226 1214 5283 dicat:
1243 5226 1382 5282 Num
1411 5229 1699 5297 quisquam
1740 5227 2018 5282 hominum
2051 5227 2116 5282 ad

2231 5241 2345 5287 ποις
2375 5223 2557 5288 ἱκανὸς
2590 5223 2670 5287 εἷς
2695 5241 2757 5292 γε
2790 5223 2849 5277 τὸ
2881 5222 3141 5277 δύνασθαι
3183 5225 3432 5278 κακῶσαι
3467 5224 3625 5278 πόλιν
3656 5225 3690 5296 ἢ
3723 5227 3832 5279 νό-

541 5315 813 5371 civitatem
849 5326 941 5372 aut
973 5318 1198 5385 morbis,
1234 5327 1326 5372 aut
1355 5316 1748 5386 obsidionibus,
1779 5325 1871 5372 aut
1901 5316 2115 5386 frugum

2234 5315 2421 5386 σοις,ἢ
2465 5315 2823 5387 πολιορκίαις,
2855 5315 2888 5386 ἧ
2933 5315 3162 5390 καρπῶν
3199 5315 3590 5386 καταφθοραϊς,
3616 5316 3652 5387 ἢ
3691 5318 3835 5372 καθ’

542 5407 1016 5475 corruptionibus,
1072 5419 1166 5464 aut
1229 5408 1335 5464 alio
1388 5407 1550 5465 simili
1608 5410 1767 5464 modo
1817 5409 2116 5464 vexandam

2238 5409 2405 5480 Ξτερὸν
2434 5427 2556 5464 τινα
2589 5408 2826 5462 τοιοῦτον
2871 5408 3106 5480 τρόπον;
3155 5409 3219 5467 Εἰ
3255 5407 3312 5459 δὲ
3359 5407 3672 5478 ἀνθρώπων
3718 5411 3839 5480 μὲν

543 5493 812 5550 sufﬁciat?
860 5499 1010 5564 Quod
1060 5500 1105 5555 si
1161 5501 1443 5556 hominum
1497 5500 1678 5557 nullus
1737 5501 1840 5556 ista
1899 5499 2113 5563 fecerit,

2238 5499 2392 5563 ιὺδεὶς
2419 5500 2596 5554 τοιάδε
2621 5499 2869 5572 δράσειεν
2898 5499 2988 5566 ἂν,
3023 5501 3200 5554 κεῖται
3231 5499 3288 5552 δὲ
3323 5499 3528 5570 μᾶλλον
3558 5503 3618 5554 ἐν
3657 5502 3839 5568 ἐξου-

544 5586 832 5656 potiusquc
860 5589 910 5642 in
951 5599 1219 5657 potestate
1261 5601 1315 5647 et
1345 5594 1584 5663 potentia
1629 5593 1720 5650 Dei
1756 5593 1930 5664 posita
1963 5600 2114 5657 sunt,

2238 5588 2312 5660 ιίᾳ
2361 5590 2452 5644 καὶ
2479 5589 2706 5659 δυνάμει
2738 5589 2898 5661 Θεοῦ,
2929 5589 2982 5644 τί
3010 5592 3121 5655 τοῖς
3160 5591 3597 5662 προαγγέλλουσι
3647 5596 3839 5666 κάλει

605 5757 659 5791 τ’
698 5761 886 5816 Ezech.
931 5777 1027 5818 ιιι.
1052 5761 1163 5812 '27.
