4054 6274
265 367 360 423 481

1207 370 1768 428 COMMENTARIUS
1811 373 1876 427 IN
1920 375 2108 431 AMOS
2150 376 2591 434 PROl‘llETAM.

3433 388 3534 443 4ίῖίέ

265 487 488 541 παίνετε
508 505 522 554 ;
545 487 736 541 Καίτοι
770 487 1116 559 μεταγνῶναι
1137 489 1278 555 δέον,
1311 491 1406 544 καὶ
1433 494 1554 555 ταῖς
1581 495 1659 557 εἰς
1684 493 1842 548 τοῦτο

1964 497 2113 568 379
2131 500 2258 568 quid
2293 508 2375 555 est
2405 515 2503 554 cur
2551 500 3043 571 prmunntiantibus
3079 501 3418 559 irascimini?
3445 507 3539 559 Λι-

267 579 462 651 ῥοπαῖς
492 578 940 649 ἐκμειλίσσεσθαι
972 579 1064 633 τὸν
1089 578 1482 652 λελυπημένον,
1520 585 1615 635 καὶ
1649 583 1853 638 κακοῦν

1964 591 2043 658 qui
2088 590 2406 661 resipiscere
2447 593 2750 660 oportebat,
2796 602 2853 647 et
2899 592 3278 649 occasionibus
3324 593 3390 647 ad
3437 595 3536 648 hoc

268 669 524 741 ίσχύοντα
567 673 695 736 τοὺς
734 671 1146 742 ἡμαρτηκότας.
1183 672 1400 726 Κακίαν
1431 673 1496 743 δὴ
1542 676 1600 729 ὲν
1643 675 1854 740 τούτοις

265 765 533 834 νοὴσομεν
560 763 854 834 γινομένην
883 765 940 815 ὲν
970 763 1158 818 πόλεσι
1195 765 1348 836 παρά
1377 765 1625 830 Θεοῦμοὺ
1655 769 1854 838 φαυλό-

265 872 424 926 τητα,
461 853 535 925 μὴ
564 853 775 922 γένοιτο
797 871 810 884 °
853 855 1098 909 κάκωσιν
1138 857 1194 912 δὲ
1227 858 1446 929 μᾶλλον,
1493 858 1613 930 ἦτοι
1641 860 1738 930 τὴν
1768 862 1853 930 ἐφ’

266 943 470 1015 ὁτῳοῦν
508 945 678 1016 ὀργήν
711 961 768 997 τε
801 947 895 998 καὶ
935 945 1168 1016 κίνησιν,
1199 948 1266 1016 ἣν
1299 950 1413 1011 τοῖς
1446 949 1854 1020 ἁμαρτάνουσιν

265 1037 630 1106 ἑπαρτήσειεν
654 1035 741 1099 ἂν,
773 1036 1124 1108 ἐπιστρέφειν
1153 1039 1462 1092 ἀναπείθων
1495 1042 1587 1093 ἐπὶ
1625 1045 1693 1095 τὰ
1718 1058 1855 1112 πρε-

265 1127 602 1199 πωδέστερα.
631 1128 942 1201 Γέγραπται
970 1129 1098 1202 γὰρ,
1122 1132 1204 1184 ὅτι
1233 1148 1252 1182 ι
1304 1132 1395 1184 Ἐν
1421 1131 1583 1203 καμῷ
1607 1132 1706 1196 τὰς
1737 1151 1856 1187 σια-

266 1221 430 1288 γόνας
453 1220 665 1287 ἀγξαις,
690 1219 799 1274 τῶν
833 1219 906 1292 μὴ
934 1221 1260 1288 ἐγγιζόντων
1289 1221 1425 1292 πρὸς
1458 1223 1538 1276 σέ.
1575 1241 1594 1275 ι
1635 1223 1854 1294 Ἐπειδὴ

267 1311 379 1382 γάρ
413 1313 561 1363 ἐστιν
603 1309 830 1380 ἀγαθὸς,
883 1328 901 1362 ι
956 1313 1066 1365 Καὶ
1108 1312 1312 1376 πάντας
1349 1313 1671 1383 ἀνθρώπους
1713 1313 1855 1367 θέλει

270 1402 533 1473 σωθῆναι,
566 1404 658 1456 καὶ
688 1405 768 1464 εἰς
799 1402 1093 1470 ἐπίγνωσιν
1120 1402 1382 1472 ἀληθείας
1410 1403 1600 1468 ἐλθεῖν,
1640 1423 1658 1456 ι
1695 1421 1858 1459 κατα-

270 1493 521 1557 ϐιάζεταί
551 1511 667 1557 πως
695 1496 809 1558 τοῖς
838 1491 898 1557 ἐξ
929 1491 1096 1562 ὀργῆς
1129 1493 1220 1545 ἐπὶ
1251 1493 1313 1546 τὸ
1335 1493 1577 1564 ἄμεινον,
1607 1495 1702 1548 καὶ
1725 1495 1858 1565 μεθ-

272 1586 482 1656 ίστησιν
525 1584 797 1649 εὐσθενῶς
850 1583 963 1636 ἐσθ’
1005 1584 1095 1636 ὅτε
1144 1587 1256 1648 τοῖς
1322 1585 1562 1655 δείμασι,
1599 1586 1694 1640 καὶ
1735 1588 1860 1648 ταῖς

271 1677 547 1741 ἀπειλαῖς,
583 1675 677 1740 οὓς
707 1677 808 1730 οὐκ
838 1675 1120 1730 ἀναπείθει
1149 1676 1328 1745 λόγος,
1363 1680 1458 1732 καὶ
1489 1679 1522 1748 ἡ
1567 1678 1676 1732 τῶν
1715 1695 1856 1748 συμ-

275 1769 544 1840 φερόντων
571 1768 865 1841 ὑφήγησις.

348 1948 506 2000 Διότι
551 1949 622 2001 οὐ
649 1946 738 2016 μὴ
783 1947 1011 2018 ποιήσῃ
1048 1951 1264 2017 Κύριος
1314 1947 1576 2020 πρᾶγμα,
1620 1948 1730 2004 ἐὰν
1765 1949 1852 2020 μὴ

273 2040 647 2108 ἀποκαλύψῃ
687 2039 965 2094 παιδείαν
1000 2041 1152 2110 πρὸς
1188 2041 1333 2107 τοὺς
1363 2041 1626 2108 δούλους
1666 2043 1856 2097 αὑτοῦ

271 2131 424 2198 πρὸς
456 2129 600 2197 τοὺς
624 2130 953 2200 προφήτας.
985 2131 1151 2186 Λέων
1185 2132 1506 2200 ἐρεύξεται,
1543 2133 1642 2187 καὶ
1673 2134 1762 2199 τίς
1785 2136 1858 2188 οὐ

273 2221 714 2290 φοϐηθήσεται;
780 2225 994 2291 Κύριος
1023 2221 1356 2291 ἐλάλησεν,
1402 2224 1498 2278 καί
1545 2223 1639 2291 τίς
1673 2225 1745 2279 οὐ
1767 2223 1856 2295 μὴ

275 2309 662 2379 προρητεύσῃ
685 2326 700 2375 ;

222 2439 234 2449 .
347 2399 437 2453 A'.
458 2401 569 2470 Οὐχ
606 2401 656 2454 oi
683 2401 980 2473 προφῆται,
1013 2403 1166 2473 φησι,
1205 2403 1274 2457 τὰ
1307 2401 1366 2468 ἐξ
1396 2403 1564 2474 ὀργῆς
1591 2401 1859 2470 ὲπάγουσί

274 2491 462 2558 ποθεν,
512 2491 788 2564 ἄνθρωποι
818 2493 929 2564 γὰρ
964 2495 1056 2548 καὶ
1087 2495 1240 2549 αὐτοί
1274 2497 1381 2550 εἰσι
1418 2495 1539 2551 καθ’
1575 2496 1720 2566 ὑμᾶς
1762 2496 1860 2566 τὴν

271 2584 460 2654 φύσιν,
478 2584 796 2656 τετίμηνται
816 2587 873 2640 δὲ
901 2587 1054 2657 παρά
1074 2586 1208 2640 Θεοῦ
1234 2587 1312 2658 τῷ
1334 2589 1508 2642 πάντα
1547 2587 1858 2658 μανθάνειν,

273 2674 311 2729 ἃ.
339 2674 406 2728 ἂν
446 2674 687 2744 βούλοιτο
716 2674 976 2747 πληροῦν,
1025 2677 1122 2729 καὶ
1168 2676 1358 2729 πόλεσί
1416 2694 1476 2730 τε
1526 2678 1620 2730 καὶ
1657 2675 1862 2747 χώραις

276 2766 511 2834 ἐπάγειν
559 2766 738 2834 ἀγαθά
780 2769 962 2837 τυχὸν,
1009 2769 1042 2839 ἢ
1089 2771 1158 2824 τὰ
1198 2769 1386 2823 λυπεῖν
1423 2769 1669 2824 εἰωθότα.
1725 2770 1860 2824 Ἀλλ’

283 2856 416 2919 ἴσως
438 2855 572 2927 πρὸς
589 2857 748 2911 τοῦτό
776 2875 912 2926 φατε
932 2875 944 2888 ·
975 2859 1413 2914 Μανθανέτωσαν
1435 2863 1482 2914 εί
1511 2861 1676 2925 δοκεῖ,
1701 2860 1864 2914 πλου-

280 2945 546 2999 τεὶτωσαν
587 2945 735 3017 παρά
772 2945 866 3000 σοῦ
896 2947 1006 3001 τῶν
1041 2949 1313 3019 ἐσομένων
1353 2949 1453 3020 τὴν
1480 2949 1699 3017 γνῶσιν,
1745 2949 1862 3004 δια-

275 3037 595 3107 τρανούσθω
631 3037 805 3091 πάντα
846 3039 1030 3103 αὐτοῖς
1073 3039 1143 3093 τὰ
1182 3041 1487 3110 μυστήρια⁶
1534 3039 1864 3095 λαλείτωσαν

1958 681 2170 736 idoneis
2199 682 2414 749 placare
2437 683 2733 749 irritatum,
2763 693 2818 739 et
2842 685 2932 754 qui
2962 696 3273 756 peccatores
3299 685 3540 756 atlligere

1958 780 2151 839 potest.
2185 771 2422 826 Proinde
2454 772 2538 826 his
2573 774 2751 829 verbis
2781 775 3146 846 intelligamus
3183 775 3309 832 licet
3338 777 3538 831 malum

1956 861 2158 918 factum
2214 862 2266 916 in
2317 863 2633 919 civitatibus
2678 879 2708 918 a
2764 865 2874 920 Deo
2925 868 3166 936 aliquid,
3227 883 3334 923 non
3378 867 3540 924 aﬂine

1957 949 2246 1019 nequitiae;
2282 951 2462 1006 absit!
2495 953 2589 1006 sed
2622 952 2964 1008 amictionem
2999 959 3190 1026 magis,
3233 960 3345 1015 sive
3379 960 3560 1024 iram,-.

1955 1055 2278 1110 quacunque
2304 1043 2371 1098 de
2413 1056 2598 1107 causa,
2631 1052 2688 1098 et
2729 1043 3178 1114 indignationem,
3205 1063 3366 1117 quam
3411 1065 3539 1120 pec-

1955 1133 2209 1188 cantibus
2244 1131 2559 1198 intenderil,
2599 1149 2706 1204 quo
2729 1149 2823 1190 eos
2866 1136 2932 1190 ad
2980 1137 3289 1193 honestiora
3318 1141 3539 1209 pellice-

1959 1232 2059 1278 ret.
2095 1223 2367 1294 Scriptum
2401 1234 2485 1281 est
2514 1227 2658 1280 enim
2691 1244 2704 1281 :
2741 1244 2760 1278 ι
2797 1226 2852 1282 In
2890 1243 3045 1282 ramo
3074 1237 3131 1284 et
3167 1228 3319 1285 freno
3351 1235 3541 1287 maxil-

1959 1314 2042 1368 las
2101 1330 2288 1370 eorum
2345 1317 2690 1385 constringe,
2743 1319 2832 1387 qui
2886 1335 2993 1374 non
3043 1321 3418 1389 approximant
3472 1327 3538 1378 ad

1963 1412 2014 1459 te
2031 1404 2099 1458 ".
2135 1423 2154 1456 ι
2193 1404 2462 1472 Quoniam
2493 1405 2636 1460 enim
2668 1407 2841 1462 bonus
2864 1417 2966 1472 est,
3004 1428 3022 1460 ι
3055 1409 3120 1464 Et
3145 1425 3332 1466 omnes
3359 1412 3531 1466 homi-

1962 1510 2060 1551 nes
2106 1496 2225 1551 vult
2271 1496 2450 1552 salvos
2504 1497 2647 1562 ﬁeri,
2693 1507 2750 1552 et
2798 1499 2864 1554 ad
2911 1500 3240 1569 agnitionem
3294 1503 3538 1558 veritatis

1963 1585 2146 1640 venire
2169 1586 2254 1649 ",
2290 1602 2309 1638 ι
2367 1585 2648 1655 suppliciis
2697 1602 2763 1642 ex
2819 1589 2898 1641 ira
2961 1589 3128 1645 illatis
3195 1592 3260 1645 ad
3317 1595 3537 1648 meliora

1960 1675 2360 1744 quodammodo
2385 1676 2681 1746 compellit,
2713 1687 2767 1733 et
2790 1678 2989 1747 quibus
3023 1681 3186 1735 verba
3221 1683 3541 1752 utiliumque

1962 1766 2205 1820 doctrina
2251 1770 2563 1836 prmcedens
2604 1781 2708 1821 non
2758 1771 3069 1838 persuadet,
3115 1784 3208 1826 eos
3246 1774 3543 1831 terroribus

1889 1847 1930 1902 Β
1961 1865 2124 1925 atque
2154 1856 2316 1911 minis
2344 1856 2409 1911 ad
2438 1858 2695 1913 virtutem
2725 1858 2950 1913 inducit.

2035 1945 2196 1999 Vsus.
2243 1946 2301 2011 7,
2340 1945 2394 2002 8.
2439 1945 2577 2013 Quia
2627 1964 2729 2002 non
2770 1949 2927 2016 faciet
2977 1949 3233 2006 Dominus
3274 1967 3402 2017 rem,
3441 1955 3544 2007 nisi

1962 2035 2260 2091 reuelauerit
2288 2037 2639 2091 eruditionem
2672 2041 2740 2091 ad
2767 2055 2940 2094 seruos
2973 2057 3094 2095 suos
3119 2043 3416 2111 prophetas.
3440 2043 3543 2097 Leo

1964 2130 2156 2199 rugiet,
2191 2139 2238 2182 et
2269 2131 2385 2200 quis
2427 2148 2529 2185 non
2565 2131 2803 2186 timebit?
2852 2133 3107 2188 Dominus
3133 2135 3340 2192 locutus
3365 2148 3463 2202 est,
3497 2151 3543 2192 et

1963 2223 2081 2293 quis
2109 2239 2212 2278 non
2241 2225 2612 2294 prapltetabit?

2037 2395 2207 2454 XXX.
2249 2397 2364 2452 Non
2388 2399 2685 2469 prephette,
2711 2401 2906 2471 inquit,
2937 2417 3126 2473 poenas
3152 2404 3273 2460 irati
3297 2405 3544 2462 alicunde

1968 2487 2263 2554 invehunt;
2311 2490 2529 2557 quando
2568 2499 2624 2546 et
2677 2491 2778 2561 ipsi
2832 2492 3080 2550 homines
3126 2504 3274 2561 sunt,
3303 2506 3542 2552 vestrum

1967 2587 2160 2632 natura
2189 2579 2412 2634 similes.
2443 2579 2596 2637 Hunc
2635 2593 2814 2638 autem
2854 2598 2884 2637 a
2915 2584 3024 2640 Deo
3051 2586 3309 2642 honorem
3353 2603 3544 2642 conse-

1969 2668 2078 2722 cuti
2106 2679 2254 2733 sunt,
2287 2679 2346 2724 ut
2368 2671 2552 2725 norint
2582 2673 2764 2726 omnia
2803 2687 2924 2742 quin
2960 2674 3059 2744 ipsi
3097 2675 3273 2730 facere
3300 2675 3541 2740 libuerit,

1968 2768 2025 2813 et
2056 2773 2174 2828 quae
2199 2759 2420 2815 urbibus
2443 2771 2606 2832 atque
2645 2764 2953 2832 regionibus
2982 2766 3237 2820 inducere
3259 2768 3543 2822 commoda

1971 2849 2133 2916 forte,
2190 2860 2284 2906 aut
2347 2851 2686 2910 incommoda
2747 2856 2998 2911 voluerit.
3048 2857 3155 2913 Sed
3214 2859 3540 2919 occurretis.

1969 2941 2165 3010 opinor
2197 2963 2209 2996 ;
2239 2953 2593 3014 cognoscant,
2635 2947 2681 3000 si
2709 2947 2779 3000 ita
2816 2948 3064 3014 videtur;
3095 2950 3285 3004 notitia
3328 2951 3542 3005 futuro-

1973 3049 2090 3088 rum
2127 3033 2223 3089 abs
2269 3045 2321 3090 te
2345 3047 2679 3107 augeantur;
2724 3040 3033 3096 revelentnr
3079 3043 3187 3098 illis
3212 3045 3396 3099 omnia
3426 3061 3542 3116 my-

275 3127 331 3180 δὲ
381 3128 592 3200 μηδενὶ,
630 3130 767 3200 μήτε
814 3130 914 3200 μὲν
945 3133 1064 3194 ταῖς
1092 3131 1201 3184 τῶν
1238 3130 1643 3202 ἀποσειομένων
1669 3133 1860 3196 αὐτοὺς

1971 3127 2160 3195 steria,
2198 3127 2486 3198 loquantur
2521 3140 2706 3187 autem
2747 3134 2972 3199 nemini,
3007 3151 3108 3192 nec
3143 3151 3237 3193 eos
3281 3138 3546 3208 repellen-

277 3220 468 3282 ἀκοαῖς
513 3199 877 3290 ἐνηχείτωσάν
912 3239 1053 3276 τινα.
1108 3222 1172 3276 Τί
1205 3218 1298 3276 οῦν
1329 3199 1670 3294 πρὸς-ταῦτα
1709 3225 1860 3296 παρά

1973 3220 2107 3272 tium
2143 3220 2366 3276 auribus
2401 3225 2642 3291 quaedam
2668 3225 2941 3281 iusonent.
2966 3227 3104 3294 Quid
3136 3229 3300 3299 igitur
3334 3199 3400 3284 ad
3431 3230 3545 3285 haec

275 3309 449 3372 Θεοῦ;
487 3327 505 3361 ι
538 3311 690 3364 Λέων
720 3312 1021 3383 ὲρεύξεται,
1051 3315 1147 3368 καὶ
1180 3313 1262 3378 τίς
1291 3314 1352 3368 οὐ
1384 3313 1752 3385 φοϐηθήσεται
1779 3331 1794 3380 ;
1837 3334 1857 3367 ι

278 3406 342 3459 Ei
379 3406 486 3478 γὰρ
521 3407 577 3459 ὲν
605 3407 683 3477 τῷ
719 3407 1038 3478 βρυχᾶσθαι,
1059 3410 1214 3480 φησὶ,
1235 3409 1325 3462 τὸν
1355 3408 1546 3462 λέοντα
1578 3426 1596 3459 ι
1624 3405 1698 3462 Τὸ
1723 3425 1863 3461 παν·

277 3497 609 3551 αλκέστατον
643 3496 750 3550 τῶν
782 3497 984 3568 θηρίων
1011 3518 1029 3550 ι
1063 3498 1164 3552 οὐκ
1210 3498 1278 3553 ἂν
1313 3497 1524 3567 γένοιτό
1553 3515 1634 3561 τις
1661 3496 1860 3568 ἀτερά-

285 3609 400 3660 μων
429 3591 625 3655 οῦτως,
662 3592 754 3644 καὶ
784 3591 1036 3662 σοϐαρὸς,
1063 3592 1139 3655 ὡς
1175 3591 1250 3662 μὴ
1275 3589 1616 3657 εἰσδέξασθαι
1648 3592 1860 3656 πτοίαν,

282 3681 398 3744 πῶς
446 3681 512 3734 ἂν
557 3680 692 3734 Θεοῦ
733 3679 1017 3746 λαλοῦντος
1061 3681 1156 3734 τοῦ
1205 3681 1422 3734 πάντων
1451 3679 1725 3744 ἐπέκεινα,
1767 3679 1863 3733 καὶ

282 3772 644 3840 ἀπαγγέλλειν
695 3773 876 3836 αὐτοῖς
932 3773 1360 3843 προστάττοντος
1399 3770 1433 3826 ἃ
1479 3770 1860 3842 μανθάνουσιν,

281 3863 380 3916 οὐκ
410 3863 474 3917 ἂν
496 3863 707 3917 ἔδεισαν
734 3864 826 3916 τὸν
865 3866 1302 3932 προστετακότα;
1344 3863 1420 3916 Οὐ
1451 3864 1558 3935 γάρ
1599 3865 1706 3916 είσι
1739 3862 1864 3915 καθ’

283 3952 424 4020 ὑμᾶς
480 3954 920 4023 καταφρονηταὶ,
966 3954 1058 4007 καὶ
1107 3954 1394 4021 ἄτεγκτοι,
1449 3953 1544 4006 καὶ
1588 3954 1647 4004 ὲν
1689 3953 1865 4006 οὐδενὶ

284 4042 596 4112 ποιούμενοι
638 4041 781 4111 λόγῳ
813 4041 895 4095 ,τὰ
924 4041 1002 4111 τῷ
1042 4042 1258 4095 πάντων
1292 4040 1550 4094 δοκοῦντα
1596 4041 1861 4114 Δεσπότῃ.

283 4130 572 4201 Πανταχοῦ
611 4130 897 4201 τοιγαροῦν
935 4131 1292 4200 ἀσφαλίζεται
1331 4132 1455 4194 τοὺς
1502 4130 1726 4198 ἁγίους,
1773 4133 1867 4184 καὶ

284 4222 548 4276 ἀποσοϐεῖ
598 4222 708 4275 τῶν
755 4223 1046 4294 προφητῶν
1085 4223 1184 4285 τὰς
1236 4222 1345 4276 τῶν
1399 4222 1866 4277 ὲθελοκακούντων

286 4313 339 4383 β)
352 4313 510 4375 άὸας.
551 4313 726 4367 Τοῦτο
750 4313 806 4366 δὲ
839 4308 905 4384 ἦν
933 4312 1117 4382 ἕτερον
1152 4313 1302 4366 οὐδὲν
1332 4312 1365 4384 ἢ
1399 4313 1498 4384 τῆς
1517 4313 1866 4384 καθηκούσης

286 4403 566 4472 φροντίδος
600 4399 809 4467 ἀξιοῦν.
849 4402 922 4455 Τὸ
969 4402 1077 4473 γὰρ
1121 4403 1185 4455 ἐκ
1235 4402 1399 4472 μέσου
1431 4403 1700 4457 ποιεῖσθαι
1741 4406 1866 4470 τοὺς

1965 3305 2154 3362 Deus?
2199 3327 2218 3362 ι
2243 3307 2354 3365 Leo
2395 3312 2592 3383 rugiet,
2623 3315 2743 3383 quis
2799 3331 2903 3370 non
2940 3319 3192 3373 timebit?
3219 3338 3238 3372 ι
3277 3319 3336 3375 Si
3375 3320 3542 3382 enim.

1964 3400 2094 3456 dum
2130 3402 2274 3472 rugit
2307 3401 2410 3466 leo,
2455 3405 2652 3473 inquit,
2692 3423 2712 3458 ι
2740 3407 3033 3464 bestiarum
3064 3409 3394 3465 fortissimus
3409 3410 3477 3476 “,
3517 3429 3540 3463 s

1964 3505 2124 3546 nemo
2167 3491 2240 3546 ita
2281 3494 2603 3562 prafractus
2653 3496 2819 3554 fuerit
2871 3509 2926 3556 et
2977 3501 3234 3567 insolens,
3289 3503 3378 3570 qui
3435 3516 3542 3556 non

1963 3589 2253 3648 pavescat,
2303 3587 2609 3653 quomodo,
2649 3587 2779 3643 iDeo
2832 3587 3087 3657 loquente
3146 3589 3543 3658 mandantequc

1966 3670 2118 3740 ipsis,
2151 3682 2210 3727 ut
2237 3689 2358 3743 quae
2386 3687 2720 3745 cognoscunt
2750 3681 3096 3746 attnuntient,
3131 3680 3407 3750 jubentem
3434 3697 3539 3736 non

1968 3763 2282 3818 timebunt?
2315 3764 2501 3834 Neque
2533 3766 2676 3820 enim
2704 3776 2830 3820 sunt
2866 3769 3007 3823 sicut
3041 3784 3158 3834 vos,
3190 3780 3542 3840 contempto-

1965 3868 2054 3909 res
2091 3864 2146 3909 et
2194 3854 2383 3923 ferrei,
2422 3856 2623 3926 quique
2665 3859 2903 3913 omnium
2943 3860 3170 3916 Domino
3201 3861 3315 3916 visa
3360 3861 3541 3918 ﬂocci-

1965 3945 2226 4015 pendant.
2272 3945 2517 4017 Undique
2558 3948 2724 4017 igitur
2773 3951 3070 4006 communit
3099 3963 3358 4021 sanctos,
3413 3963 3468 4010 et
3507 3970 3538 4009 ιι

1965 4037 2243 4108 prophetis
2276 4049 2471 4110 sponte
2513 4055 2609 4096 sua
2637 4041 3006 4110 improborum
3059 4043 3282 4114 injurias
3316 4047 3511 4101 avertit

1966 4128 2020 4183 Id
2078 4143 2296 4200 quoque
2350 4129 2485 4184 nihil
2549 4139 2634 4185 est
2684 4131 2866 4196 aliud,
2917 4149 3077 4202 quant
3138 4136 3346 4190 decenti
3405 4151 3535 4193 cura

1967 4221 2219 4290 populum
2267 4221 2498 4292 dignari.
2547 4221 2683 4276 Nam
2722 4223 2788 4278 dc
2833 4224 3010 4278 medio
3046 4225 3234 4281 tollere
3282 4227 3540 4290 medicos,
3641 4231 3644 4236 ’

1968 4311 2098 4383 quid
2131 4312 2275 4366 aliud
2315 4313 2386 4367 sit
2421 4328 2582 4383 quam
2613 4324 2848 4384 aegrotos
2888 4317 3090 4372 auxilio
3121 4317 3389 4388 spoliare?
3428 4319 3542 4374 Hoc

1969 4406 2098 4459 item
2150 4403 2369 4461 Davidis
2421 4420 2556 4462 voce
2621 4421 2919 4476 praemonet
2968 4426 2983 4462 :
3035 4427 3054 4462 ι
3085 4409 3264 4466 Nolite
3321 4420 3541 4479 tangere

289 4501 528 4572 ἰατροὺς,
579 4501 732 4553 οὐδὲν
779 4499 847 4553 ἂν
887 4499 995 4570 εἴη,
1029 4499 1061 4569 ἢ
1092 4500 1551 4570 ἀνεπικουρήτους
1600 4500 1860 4552 ἐπιτελεῖν

1969 4495 2210 4552 christos
2259 4497 2497 4554 meos”.
2530 4515 2548 4549 ›
2584 4497 2648 4553 Et
2699 4500 2765 4554 ad
2820 4501 2963 4568 ipsos
3008 4504 3297 4571 prophetas
3345 4502 3538 4556 alicubi

285 4594 410 4655 τοὺς
442 4593 886 4666 ηῤῥωστηκότας.
915 4591 1086 4645 Τοῦτό
1113 4609 1195 4644 τοι
1231 4591 1327 4643 καὶ
1362 4590 1449 4644 διὰ
1490 4590 1674 4661 φωνῆς
1703 4591 1860 4644 Δαὸὶό

1971 4590 2049 4644 ait
2090 4608 2104 4645 :
2137 4609 2156 4643 s
2188 4590 2256 4646 Et
2299 4593 2426 4654 erit,
2479 4594 2569 4663 qui
2628 4595 2866 4663 tetigerit
2895 4595 3060 4666 280
3090 4611 3205 4661 vos,
3240 4595 3398 4666 quasi
3447 4599 3537 4663 qni

285 4687 701 4754 προαναφωνεῖ·
731 4703 749 4736 ι
778 4686 869 4755 Μὴ
897 4682 1135 4738 ἅπτεσθε
1165 4681 1274 4736 τῶν
1299 4682 1534 4753 χριστῶν
1567 4699 1688 4753 μου.
1712 4701 1731 4734 s
1758 4681 1868 4735 Καὶ

286 4770 425 4840 πρὸς
454 4772 652 4835 αὐτοὺς
676 4771 733 4825 δέ
752 4771 852 4826 πού
872 4789 1004 4841 φησι
1027 4772 1153 4834 τοὺς
1181 4771 1464 4842 προφήτας
1484 4788 1498 4802 ο
1532 4789 1550 4822 ι
1577 4771 1687 4824 Καὶ
1715 4770 1867 4824 ἔσται

283 4863 315 4916 ὁ
344 4863 644 4932 ἁπτόμενος
687 4864 858 4932 ὑμῶν,
902 4866 978 4928 ώς
1016 4866 1043 4917 ὁ
1082 4862 1387 4930 ἁπτόμενος
1417 4860 1518 4932 τῆς
1556 4861 1726 4935 κόρης
1767 4861 1862 4914 τοῦ

284 4951 565 5022 ὀφθαλμοῦ
603 4970 726 5022 μου.
757 4971 774 5004 ι
813 4955 1080 5025 ’Δδικήσει
1117 4955 1227 5026 γὰρ
1263 4955 1324 5006 οὐ
1347 4954 1580 5023 μετρίως
1606 4953 1704 5024 τὴν
1729 4952 1857 5006 ἑαυ-

1973 4689 2219 4752 tangeret
2260 4683 2518 4753 pupillam
2553 4685 2697 4740 oculi
2746 4685 2938 4741 mei“.
2971 4705 2991 4739 ι
3036 4686 3188 4742 Haud
3229 4688 3374 4742 enim
3419 4701 3540 4741 me-

1969 4773 2226 4828 diocriter
2263 4775 2410 4831 laedit
2436 4777 2670 4831 animam
2701 4793 2873 4843 suam,
2917 4779 3006 4849 qui
3036 4793 3196 4849 super
3225 4787 3540 4834 sanctorum

1967 4864 2232 4933 capitibus
2271 4866 2462 4920 stridet
2492 4867 2768 4933 dentibus,
2809 4879 2862 4924 et
2891 4884 2984 4925 eos
3027 4870 3232 4924 invadit
3269 4869 3456 4939 impie,
3487 4879 3544 4921 ct

1965 4953 2238 5022 quidpiam
2279 4954 2556 5024 indignum
2594 4957 2645 5009 in
2674 4971 2768 5012 eos
2809 4959 3011 5014 audere
3046 4973 3154 5014 non
3200 4958 3537 5013 reformidat.

283 5044 382 5097 τοῦ
408 5043 586 5115 ψυχὴν
603 5045 630 5098 ό
657 5048 775 5108 ταῖς
799 5046 905 5100 τῶν
927 5047 1096 5115 ἁγίων
1117 5046 1379 5116 κεφαλαῖς
1444 5044 1740 5117 ἐπιτρίζων
1803 5043 1930 5107 τοὺς
1965 5045 2205 5114 ὀδόντας,
2232 5047 2326 5101 καὶ
2364 5049 2594 5112 ἀνοσίως
2633 5049 3019 5122 ἐπιφυόμενος,
3051 5051 3144 5105 καί
3180 5069 3232 5105 τι
3255 5050 3362 5106 τῶν
3389 5050 3540 5102 ἐκτό-

283 5155 406 5195 πων
441 5136 667 5203 ἐπάγειν
689 5137 748 5188 οὑ
786 5139 1235 5208 παραιτούμενος.

372 5229 796 5298 Ἀπαγγείλατε
836 5226 1048 5295 χώραις
1086 5229 1156 5281 ὲν
1214 5227 1574 5294 Ἀσσυρίοις,
1623 5224 1719 5278 καὶ
1766 5224 1863 5276 ἐπὶ

285 5323 416 5388 ταῖς
457 5320 670 5390 χώραις
705 5319 774 5371 ἐν
817 5316 893 5386 γῇ
938 5318 1230 5386 Αἰγύπτῳ,
1283 5316 1381 5369 καὶ
1426 5317 1667 5367 εῑπιιτεο
1723 5317 1868 5366 Evr-

285 5414 509 5484 ἀχθητε
557 5415 645 5478 εἰς
693 5410 758 5464 τὸ
801 5409 938 5476 ὅρος
999 5408 1343 5477 Σαμαρείας,
1395 5405 1495 5459 καὶ
1539 5403 1693 5455 ἵδετε
1732 5409 1869 5458 θαυ-

279 5505 487 5574 μαστά
513 5501 711 5555 πολλὰ
764 5500 833 5552 ἐν
884 5495 1053 5566 μέσῳ
1109 5493 1318 5562 αὐτῆς,
1374 5492 1471 5546 καὶ
1535 5489 1870 5542 καταδυνα-

287 5594 500 5648 στείαν
530 5593 598 5645 ἐν
623 5588 797 5656 αὐτῇ.
837 5588 947 5642 Καὶ
988 5588 1101 5641 οὐκ
1136 5585 1288 5655 ἔγνω
1325 5583 1362 5636 ἂ
1391 5583 1563 5635 ἔσται
1596 5580 1872 5634 ἐναντίον

2040 5215 2204 5272 Vens.
2260 5216 2412 5274 9-H.
2455 5220 2777 5277 Annuntiate
2805 5226 3097 5295 regionibus
3129 5227 3182 5281 in
3209 5231 3463 5300 Assyriis,
3493 5244 3538 5287 et

1971 5308 2024 5360 in
2055 5309 2346 5376 regionibus
2375 5311 2428 5362 in
2467 5321 2606 5365 terra
2643 5312 2886 5383 ngypti,
2917 5325 2964 5368 et
3005 5317 3164 5372 dicite
3195 5334 3212 5372 .'
3241 5319 3540 5392 Congrega-

1971 5400 2102 5452 mini
2142 5400 2196 5452 in
2244 5409 2469 5454 montem
2496 5403 2780 5472 Samariw,
2816 5416 2863 5459 et
2884 5407 3048 5461 videte
3081 5409 3346 5466 mirabilia
3377 5417 3540 5468 multa

1972 5492 2028 5543 in
2054 5490 2224 5543 medio
2252 5492 2388 5561 ejus,
2412 5503 2460 5546 et
2488 5497 2868 5564 oppressionem
2894 5498 2948 5550 in
2975 5514 3058 5553 en.
3081 5498 3146 5554 Et
3178 5518 3277 5556 non
3304 5507 3541 5574 cognorit

1973 5597 2087 5649 qua’
2113 5594 2261 5635 erunt
2295 5586 2563 5639 contraria
2603 5587 2784 5654 ipsius,
2813 5588 2943 5642 dicit
2975 5590 3248 5661 Dominus,
3283 5597 3543 5651 thesauri-

366 5789 410 5820 ⁸⁸
439 5783 580 5842 Psal.
619 5799 763 5850 xxxi,
796 5783 849 5839 9.
926 5784 967 5814 ⁸¹
997 5781 1014 5834 l
1044 5781 1183 5835 Tim.
1212 5795 1272 5848 ιι,
1304 5781 1357 5836 4.
1433 5779 1476 5812 θ’
1500 5777 1656 5834 Prov.
1692 5792 1817 5844 xxx,
1856 5778 1860 5825 1

2023 5778 2066 5809 ⁸³
2093 5777 2235 5831 Psal.
2302 5794 2404 5846 (ην,
2449 5779 2536 5834 1'5.
2614 5782 2657 5814 ⁸³
2688 5781 2846 5840 Zurh.
2884 5802 2942 5854 ιι,
2976 5788 3028 5844 8.
