4054 6274
490 342 598 398 463
1523 335 1582 390 S.
1627 333 1895 390 CYRILLI
1935 333 2405 390 ALEXANDRINI
2446 333 2768 390 ARCIHEP.
3661 334 3769 390 ισι

490 470 670 516 zames
723 459 1025 531 iniquitates
1073 468 1124 513 et
1171 457 1435 511 miseriam
1489 456 1544 510 in
1599 457 1893 527 regionibus
1933 457 2063 511 suis.

2186 457 2382 526 κὺτῆς,
2428 457 2591 528 λέγει
2640 457 2876 525 Κύριος,
2922 458 2974 511 οἱ
3023 455 3481 526 θησαιψίζοντες
3527 454 3772 519 ἀδικίας

494 552 719 622 Propter
745 554 842 607 hoc
871 554 982 606 lucc
1023 550 1150 604 dicit
1195 548 1456 603 Dominus
1483 549 1627 604 Deus
1650 563 1670 602 :
1703 549 1894 619 Tyrus,
1941 561 1988 603 et
2019 551 2074 603 in

2186 548 2275 602 καί
2336 549 2741 615 ταλαιπωρίαν
2791 547 2860 600 ἐν
2905 546 3034 613 ταῖς
3090 545 3307 616 χώραις
3370 545 3593 602 αὐτῶν.
3664 545 3774 599 Διά

492 645 720 698 circuitu
773 652 917 697 terra
973 650 1065 695 tua
1109 641 1316 695 deserta
1363 641 1488 707 erit,
1543 651 1592 696 et
1639 641 1879 696 detrahet
1923 642 1988 696 de
2024 650 2074 694 te

2186 639 2351 694 τοῦτο
2372 640 2514 694 τάδε
2535 640 2699 710 λέγει
2730 640 2948 707 Κύριος
2982 641 3016 692 ὀ
3055 639 3232 706 Θεός·
3267 639 3470 706 Τύρος.
3515 639 3615 692 καὶ
3667 657 3776 694 κυ-

490 737 854 808 [ortitudinem
878 752 1046 804 tuam,
1074 745 1123 791 et
1148 736 1465 804 diripiantur
1491 737 1726 806 regiones
1766 747 1890 792 tute.

2186 729 2459 798 κλόθενή
2487 728 2564 798 γῆ
2588 743 2706 783 σου
2741 727 3210 797 ἐρημωθήσεται,
3262 727 3362 781 καί
3403 726 3654 791 κατάξει
3698 729 3774 782 ἐκ

2176 819 2293 874 σοῦ
2338 820 2454 889 τὴν
2502 821 2685 889 ίσχύν
2716 837 2856 886 σου,
2887 820 2984 874 καί
3023 819 3535 890 διαρπαγήσονται
3564 822 3625 874 at
3657 818 3779 888 χῶ-

2170 911 2275 979 ραί
2305 926 2446 965 σου.

562 999 757 1057 XXXI.
800 999 1034 1058 Rursum
1067 1002 1308 1058 minatur
1348 1018 1407 1059 se
1443 1003 1718 1059 illaturum
1765 1004 1920 1074 ipsis,
1956 1017 2076 1074 qua:

491 1107 558 1148 eo
599 1093 964 1164 improbitatis
1010 1107 1349 1163 progressos,
1387 1103 1446 1148 ut
1491 1109 1521 1148 a
1559 1095 1668 1148 Deo
1713 1095 1982 1157 resiliant,
2021 1102 2078 1149 et

494 1185 788 1254 prOphetas
829 1183 1180 1254 objurgitent,
1209 1193 1262 1239 et
1305 1200 1400 1255 per
1445 1184 1662 1255 Moysen
1703 1186 1910 1241 sancita
1983 1187 2078 1244 de-

496 1283 714 1344 spuant,
760 1275 1111 1329 meritissimo
1162 1277 1432 1330 sustinere
1463 1291 1527 1330 ac
1575 1277 1781 1345 perpeti
1835 1292 1934 1346 par
1979 1277 2071 1330 sit.

497 1369 790 1424 Sciendum
839 1381 1003 1438 porro
1060 1365 1340 1420 llebrasam
1406 1367 1700 1422 editionem
1763 1367 2077 1436 discrepare

498 1462 604 1515 hoc
654 1460 774 1514 loco
813 1459 881 1513 ab
941 1458 1385 1527 interpretatione
1441 1459 1817 1527 Septuaginta.
1862 1457 2074 1514 Hebraei

497 1566 732 1622 namque
759 1551 1068 1615 ediderunt,
1103 1569 1120 1602 ι
1146 1551 1467 1606 aliuuntiate
1493 1552 1544 1605 in
1569 1551 1875 1620 regionibus
1893 1551 2076 1618 Azoti,

502 1652 558 1699 et
585 1644 637 1700 in
681 1643 993 1714 regionibus
1024 1651 1180 1698 terra;
1212 1641 1458 1713 Egypti.
1492 1661 1511 1694 ι
1548 1642 1896 1712 Septuaginta
1925 1660 2074 1711 vero,

503 1754 520 1786 ι
552 1735 872 1789 annuntiate
899 1733 1215 1801 regionibus
1243 1735 1296 1789 in
1325 1734 1570 1804 Assyria,
1603 1744 1657 1788 et
1683 1734 1738 1790 in
1768 1735 2078 1805 regionibus

2248 1002 2376 1054 ΛΜ.
2437 1001 2680 1054 Ἀπειλεῖ
2714 999 2778 1072 δὴ
2836 1000 2998 1056 πάλιν
3040 1001 3270 1070 ἐπάγειν
3309 1001 3494 1066 αὐτοῖς
3519 1001 3666 1072 ἅπερ
3704 996 3777 1056 ἦν

2177 1094 2323 1158 εἰκὸς
2370 1094 2660 1164 ὑπομεῖναι
2699 1093 2796 1147 καὶ
2837 1093 3032 1148 παθεῖν
3102 1095 3229 1157 τοὺς
3268 1095 3347 1157 εἰς
3382 1093 3543 1147 τοῦτο
3585 1094 3778 1148 λοιπὸν

2177 1185 2513 1256 ἀφιγμένους
2542 1184 2896 1256 φαυλότητος,
2939 1185 3016 1249 ὡς
3061 1184 3442 1255 ἀποϐρώσκειν
3475 1184 3639 1247 Θεοῦ,
3678 1185 3777 1238 καὶ

2178 1279 2490 1349 προφήταις
2547 1278 2831 1348 ἐπιτιμᾷν,
2874 1279 2970 1331 καί
3008 1277 3272 1347 άλογῆσαι
3337 1276 3619 1340 παντελῶς
3665 1275 3776 1328 τῶν

2177 1371 2268 1424 διὰ
2299 1370 2543 1434 Μωσέως
2569 1368 3032 1440 τεθεσπισμένων.
3083 1368 3278 1422 ’ἰστέον
3303 1369 3360 1421 δὲ
3388 1369 3471 1421 ὅτι
3493 1369 3776 1436 διαπεφώσσ

2178 1475 2342 1530 νηκεν
2387 1459 2446 1510 ὲν
2488 1458 2698 1522 τούτοις
2730 1458 2828 1528 ἦτε
2860 1458 2969 1510 τῶν
3013 1457 3286 1528 Ἐϐραίων
3331 1457 3564 1522 ἕκδοσις,
3606 1459 3702 1509 καὶ
3739 1460 3772 1527 ἡ

2177 1548 2283 1602 τῶν
2325 1547 2732 1620 Ἐὅδομήκοντα
2771 1549 2982 1620 γραφή.
3031 1549 3274 1619 Ἑϐραῖοι
3323 1547 3422 1620 μὲν
3457 1549 3568 1616 γὰρ
3616 1547 3774 1600 ἐκδε-

2177 1641 2438 1707 δώκασιν,
2495 1661 2514 1693 ι
2556 1639 2954 1709 Ἀπαγγείλατε
2991 1639 3198 1712 χώραις
3237 1642 3293 1693 ὲν
3334 1638 3636 1706 Ἀςωτίοις,
3681 1639 3776 1691 καὶ

2180 1735 2274 1787 ἐπὶ
2305 1737 2421 1798 ταῖς
2460 1733 2669 1804 χώραις
2697 1733 2798 1804 τῆς
2833 1731 3135 1801 Αἰγύπτου.
3171 1752 3189 1785 ι
3234 1735 3298 1786 Ol.
3323 1732 3380 1786 δέ
3407 1749 3472 1800 γε
3509 1731 3776 1801 Ἐϐδομή-

497 1827 738 1898 Ᾱῐεγριί.
775 1845 792 1877 ι
829 1826 895 1881 Et
931 1826 1142 1882 Azotus
1171 1827 1391 1897 quidem
1421 1827 1618 1882 Judaeae
1647 1828 1846 1897 vicina,
1892 1830 2075 1896 credo,

2186 1844 2367 1892 κοντα,
2411 1846 2428 1878 ι
2469 1825 2867 1895 Ἀπαγγείλατε
2901 1825 3106 1896 χώραις
3145 1826 3203 1878 ἐν
3241 1825 3519 1896 Ἀσσυρίᾳ,
3546 1824 3644 1877 καὶ
3684 1823 3777 1876 ἐπὶ

497 1929 552 1974 et
596 1917 831 1974 conﬁnis
859 1927 964 1986 est,
1011 1919 1225 1988 magnis
1257 1927 1437 1974 autem
1471 1920 1662 1989 spatiis
1696 1920 1766 1976 ab
1794 1936 1858 1977 ea
1889 1921 2079 1976 dissita

497 2011 870 2081 Assyriorum,
926 2011 1030 2066 hoc
1082 2021 1186 2077 est,
1239 2009 1530 2066 Persarum
1591 2014 1762 2082 regio,
1815 2015 1880 2068 ad
1933 2014 2080 2084 ipsos

499 2113 666 2171 prepe
721 2099 981 2156 terminos
1029 2097 1270 2156 Orientis
1307 2100 1517 2171 jacens.
1565 2099 1844 2158 Septimus
1893 2103 2079 2173 igitur,

498 2192 636 2250 nihil
685 2191 804 2248 fore
855 2191 1040 2259 alieni,
1104 2192 1222 2247 sive
1276 2191 1455 2247 Azotii
1497 2191 1657 2260 forte,
1712 2193 1828 2249 sive
1871 2194 2082 2265 Assyrii

498 2285 792 2340 dicantur:
819 2294 1052 2353 utroque
1090 2282 1237 2337 enim
1269 2284 1428 2339 modo
1464 2299 1588 2339 vera
1629 2285 1972 2356 reperiuntur
1997 2285 2082 2341 di-

499 2379 704 2435 vinitus
734 2377 1012 2449 inspirata:
1059 2377 1358 2448 Scriptura:
1407 2380 1593 2444 verba,
1629 2383 2080 2450 quemadmodum

498 2471 666 2528 etiam
715 2479 1031 2526 contextum
1083 2472 1419 2542 propositum
1473 2471 1816 2529 declarantes
1856 2473 2083 2528 demon-

499 2565 817 2619 strabimus.
852 2564 990 2620 Nam
1021 2565 1167 2634 quod
1197 2564 1488 2631 indicatur,
1517 2565 1765 2621 hismrize
1799 2567 2080 2637 cujusdam

502 2656 1082 2713 commonefactionem
1133 2657 1323 2724 habet,
1375 2673 1440 2714 ex
1491 2669 1687 2728 quarto
1743 2661 1969 2730 Regum,
2029 2668 2085 2715 et

504 2749 749 2805 secundo
772 2748 1249 2820 Paralipomenon,
1277 2766 1441 2822 quam
1476 2752 1918 2807 commemorabo
1958 2753 2084 2808 bre-

501 2840 744 2908 vissime,
775 2849 833 2896 ut
862 2855 929 2897 ne
960 2841 1260 2897 scientibus
1284 2843 1550 2898 verbosus
1585 2844 1790 2898 videar.
1816 2843 2085 2914 Regnavit

501 2933 777 3003 quondam
806 2932 1197 3003 Hierosolymis
1218 2931 1516 2998 Manasses,
1539 2933 1680 2988 lilius
1701 2934 1918 3003 quidem
1949 2935 2086 2988 Eze-

501 3020 658 3084 chiae,
694 3035 880 3074 verum
921 3021 1060 3088 patri
1092 3019 1339 3076 moribus
1372 3020 1661 3076 admodum
1695 3023 1996 3089 dissimilis,
2028 3034 2085 3080 et

2179 1917 2277 1982 τάς
2313 1916 2500 1988 χώρας
2536 1917 2634 1987 τῆς
2663 1915 2962 1985 Αἰγύπτου.
2989 1915 3129 1970 »Καὶ
3161 1914 3408 1978 ’Ἄζωτος
3442 1914 3543 1985 μὲν
3577 1913 3776 1982 γείτων

2179 2013 2320 2082 τάχα
2348 2028 2471 2076 που,
2511 2009 2607 2064 καί
2644 2009 2842 2081 ὅμορός
2886 2011 3001 2062 ἐστι
3037 2009 3104 2079 τῇ
3141 2006 3250 2061 τῶν
3282 2006 3552 2062 Ἰουδαίων
3595 2005 3775 2076 χώρᾳ,

2181 2101 2462 2173 διῴκισται
2508 2101 2566 2156 δὲ
2607 2100 2729 2154 λίαν
2773 2102 2807 2172 ή
2853 2100 2962 2154 τῶν
3007 2098 3331 2170 Ἀσσυρίων,
3378 2098 3688 2161 τουτέστιν,
3741 2099 3774 2168 ή

2181 2194 2408 2267 Περσῶν
2437 2194 2532 2249 καὶ
2576 2193 2778 2264 Μήδων
2815 2192 2954 2264 πρὸς
2989 2193 3171 2256 αὐτοῖς
3198 2191 3360 2246 οἱονεί
3389 2207 3508 2255 πως
3536 2190 3777 2262 τέρμασι

2181 2287 2278 2358 τῆς
2309 2285 2449 2349 ἐώας
2479 2285 2730 2357 κειμένη.
2767 2285 2952 2356 Φαμὲν
2976 2282 3092 2351 οῦν,
3128 2287 3210 2339 δτι
3249 2284 3312 2338 τὸ
3349 2282 3557 2338 λυποῦν
3600 2283 3776 2348 οὐδὲν,

2183 2377 2288 2432 κᾶν
2335 2379 2384 2431 εἰ
2421 2376 2669 2441 Ἀζώτιοι
2708 2377 2893 2447 τυχὸν,
2943 2376 3112 2448 ήγουν
3158 2375 3435 2448 Ἀσσύριοι
3483 2375 3778 2445 λέγωνται.

2185 2469 2321 2524 Κατ’
2350 2470 2519 2539 ἄμφω
2549 2468 2664 2540 γάρ
2682 2467 2976 2539 ἀληθεύσει
3017 2471 3118 2540 τῆς
3158 2466 3517 2521 θεοπνεύστου
3554 2467 3782 2538 Γραφῆς

2181 2560 2211 2612 6
2242 2557 2421 2626 λόγος,
2453 2557 2706 2630 καθάπερ
2746 2557 2939 2628 ἀμέλει
2970 2557 3040 2610 τά
3077 2561 3134 2610 έν
3170 2555 3250 2628 τῷ
3280 2555 3642 2628 προκειμένῳ
3669 2556 3784 2608 δια-

2185 2649 2482 2720 σαφοῦντες
2513 2647 2874 2720 ἐπιδείξομεν.
2901 2649 3055 2719 Ἔχει
3081 2648 3180 2719 μὲν
3203 2649 3443 2718 ἱστορίας
3470 2647 3782 2720 ἀνάμνησιν

2183 2745 2244 2798 τὸ
2281 2743 2612 2815 δηλούμενον
2651 2742 2709 2796 ὲν
2763 2742 2830 2814 τῇ
2876 2742 3114 2813 τετάρτῃ
3163 2740 3272 2794 τῶν
3317 2739 3628 2794 Βασιλειῶν
3668 2757 3782 2794 κει-

2189 2837 2380 2908 μένην,
2448 2835 2545 2888 καὶ
2589 2834 2648 2890 ὲν
2699 2835 2765 2906 τῇ
2807 2833 3039 2905 δευτέρᾳ
3081 2833 3191 2886 τῶν
3249 2832 3778 2904 Παραλειπομένων.

2185 2930 2493 3000 Ποιήσομαι
2521 2927 2578 2980 δὲ
2611 2925 2711 2999 τήν
2733 2927 3014 2998 ἀφήγησιν
3041 2921 3099 2979 εὖ
3131 2925 3276 2996 μάλα
3305 2925 3774 2997 συνεσταλμένως,

2184 3021 2260 3084 ὡς
2305 3020 2372 3074 ἂν
2413 3020 2489 3092 μὴ
2538 3018 2754 3089 δοκοίην
2799 3019 2858 3072 ὲν
2899 3018 3066 3071 εἰδόσι
3114 3019 3512 3090 μακρηγορεῖν.
3557 3018 3772 3072 Βεδασί·

501 3129 532 3168 a
570 3113 772 3183 pietate
797 3127 924 3182 erga
970 3110 1138 3168 Deum
1198 3111 1625 3179 remotissimus,
1666 3114 1830 3169 homo
1859 3131 2081 3186 perver-

2186 3112 2347 3165 λευκε
2389 3110 2534 3164 κατά
2573 3112 2801 3184 καιροὺς
2829 3113 2888 3164 έν
2933 3109 3326 3181 Ἰεροσολύμοις
3359 3111 3682 3183 Μανασσῆς,
3717 3111 3772 3174 ὅς

504 3217 618 3269 sus,
635 3211 689 3257 et
715 3201 781 3257 ad
802 3200 1016 3272 quidvis
1046 3199 1316 3256 nefarium
1332 3203 1752 3272 perpetrandum
1777 3213 2079 3274 promptus,

502 3297 870 3356 exsecrandus
901 3306 958 3353 et
999 3295 1263 3353 idolorum
1296 3297 1496 3360 cultor.
1529 3300 1945 3373 dzemonumque
1976 3304 2080 3358 im-

501 3389 748 3462 posturis
808 3389 1038 3447 miritlce
1091 3391 1362 3447 addictus.
1432 3391 1532 3448 Hic
1594 3393 1787 3450 altaria
1855 3405 1909 3450 et
1957 3395 2081 3451 fana

504 3479 636 3536 Daal
693 3479 1002 3535 aediﬁcavit.
1055 3477 1282 3536 Omnem
1339 3480 1586 3536 militiam
1644 3483 1770 3538 cteli
1815 3484 2080 3541 adoravit.

503 3573 665 3644 281
697 3569 797 3626 Per
830 3572 1008 3641 ignem
1037 3570 1176 3627 illius
1201 3586 1327 3628 suos
1373 3573 1630 3630 traduxit.
1662 3573 1886 3646 Collegit
1916 3591 2086 3648 augu-

505 3679 614 3730 res,
641 3672 696 3718 et
722 3663 920 3733 quibus
953 3663 1193 3718 studium
1261 3663 1581 3732 mentiendi,
1628 3666 1833 3736 quique
1889 3669 2082 3738 praeci-

504 3769 668 3824 puum
691 3768 754 3808 ac
785 3753 1059 3825 singulare
1077 3753 1331 3822 quiddam
1367 3755 1512 3811 scire
1571 3755 1904 3828 ferebantur,
1960 3775 2084 3817 cum

503 3852 688 3902 essent
713 3845 1045 3916 ignorantes,
1079 3854 1136 3901 et
1164 3847 1376 3903 ecorde
1427 3861 1527 3903 suo
1566 3850 1749 3918 potius
1790 3850 2084 3922 loqueren-

505 3945 596 3991 tur
627 3953 642 4003 ;
677 3945 733 3991 et
758 3937 950 3992 modus
978 3946 1238 3993 extrema:
1263 3936 1507 3992 omnium
1554 3941 1806 4009 nequitize
1857 3941 2088 3999 fortasse

503 4026 684 4084 nullus
712 4035 831 4083 erat
849 4027 1090 4098 omnino,
1122 4028 1210 4083 cui
1237 4042 1345 4084 non
1399 4028 1646 4100 impense
1687 4046 1907 4102 operam
1956 4037 2087 4091 dare

501 4119 684 4176 vellet.
718 4119 798 4176 Eo
827 4120 1120 4190 rege,Deus
1147 4136 1244 4192 per
1263 4121 1578 4192 prophetam
1609 4122 1677 4180 de
1703 4121 2002 4182 Jerusalem
2031 4135 2087 4183 et

501 4221 613 4268 tota
648 4212 926 4282 provincla
972 4210 1276 4269 Iudaeorum
1299 4213 1470 4270 dixit:
1500 4231 1519 4265 ι
1543 4214 1682 4272 Ecce
1705 4231 1807 4288 ego
1833 4218 2082 4274 inducam

503 4318 666 4374 super
698 4304 953 4374 pepulum
984 4304 1127 4359 hunc
1163 4304 1322 4372 mala,
1349 4314 1408 4362 ut
1452 4309 1764 4379 quicunque
1831 4312 2083 4380 audierit,

504 4395 738 4450 tinniant
768 4397 942 4451 ambae
964 4411 1122 4452 aures
1142 4397 1260 4468 ejus
1285 4398 1352 4450 ⁸⁸.
1395 4417 1414 4451 ι
1465 4397 1759 4469 Postquam
1809 4401 2088 4460 Manasses

2195 3203 2434 3276 Ἐζεχίου
2476 3203 2577 3276 μὲν
2606 3200 2675 3276 ἦν
2700 3203 2834 3268 υίὸς,
2867 3204 3227 3276 έτερότροπος
3270 3202 3330 3256 δὲ
3379 3203 3521 3268 λίαν,
3557 3205 3653 3259 καὶ
3686 3205 3780 3275 τῆς

2181 3297 2276 3352 τοῦ
2307 3297 2513 3368 πατρὸς
2549 3295 2833 3360 εὐσεϐείας
2851 3294 2928 3360 ὡς
2952 3295 3230 3350 ἀπατάτω.
3264 3293 3461 3363 Γέγονε
3498 3295 3608 3364 γὰρ
3636 3294 3778 3364 ἀνὴρ

2183 3390 2441 3462 πονηρὸς,
2476 3390 2571 3444 καὶ
2596 3389 2734 3462 πρὸς
2773 3390 2882 3444 πᾶν
2903 3387 3086 3444 ὁτιοῦν
3112 3387 3223 3442 τῶν
3257 3387 3496 3442 ἐκτόπων
3527 3384 3767 3451 εὔκολος,

2187 3484 2466 3557 βδελυρὸς,
2498 3485 2594 3539 καὶ
2625 3482 3047 3556 εἰδωλολάτρης,
3088 3484 3184 3538 καὶ
3214 3486 3336 3548 ταῖς
3367 3483 3471 3538 τῶν
3504 3482 3771 3555 δαιμόνων

2184 3579 2425 3643 ἀπάταις
2451 3578 2514 3632 οὗ
2541 3577 2778 3650 μετρίως
2795 3577 3210 3651 προσκείμενος.
3249 3571 3421 3642 Οὗτος
3458 3576 3784 3648 ἀνεδείματο

2188 3671 2428 3743 βωμοὺς,
2457 3671 2555 3725 καὶ
2575 3669 2778 3742 τεμένη
2808 3671 2889 3742 τῷ
2921 3670 3090 3725 Βάαλ.
3114 3671 3576 3742 Προσκεκύνηκεν
3598 3671 3786 3742 ἁπάσῃ

2184 3767 2252 3836 τῇ
2282 3764 2510 3836 στρατιᾷ
2533 3761 2628 3815 τοῦ
2659 3762 2912 3832 ούρανοῦ.
2963 3763 3236 3833 Διήγαγεν
3286 3763 3344 3815 ὲν
3388 3761 3525 3832 πυρὶ
3563 3761 3635 3816 τά
3681 3761 3788 3815 ῐδια

2184 3856 2374 3922 τέκνα,
2428 3854 2872 3927 συγκεκρότηκεν
2914 3853 3332 3919 οἰωνοσκόπους,
3379 3853 3478 3908 καὶ
3523 3855 3661 3919 τοὺς
3706 3851 3790 3917 οἷς

2190 3931 2390 4019 μελέτη
2434 3945 2496 4000 τὸ
2541 3945 2882 4016 ψευδοεπεῖν,
2931 3949 3059 4010 τοὺς
3102 3945 3384 4017 οἰομένους
3420 3945 3522 4016 μέν
3569 3962 3627 3999 τι
3675 3945 3785 3998 τῶν

2187 4038 2501 4109 ἀναγκαίων
2529 4037 2746 4106 εἰδέναι,
2779 4038 2854 4111 μή
2884 4037 2984 4110 μέν
3006 4055 3087 4092 τοι
3113 4038 3208 4092 καὶ
3230 4037 3458 4102 εἰδότας,
3481 4036 3784 4101 λαλοῦντας

2185 4129 2245 4184 δὲ
2284 4129 2486 4200 μᾶλλον
2527 4127 2598 4182 τά
2636 4128 2745 4182 ἀπὸ
2785 4128 3013 4199 καρδίας
3056 4127 3258 4182 αὐτῶν.
3306 4127 3417 4181 Καὶ
3464 4127 3673 4198 τρόπος
3713 4123 3784 4198 ἦν

2187 4222 2329 4293 τάχα
2359 4221 2639 4286 παντελῶς
2671 4220 2850 4285 οὐδεὶς
2891 4221 2993 4292 τῆς
3025 4220 3256 4275 ἁπασῶν
3295 4221 3540 4292 ἐσχάτης
3577 4220 3792 4290 φαυλό-

2187 4331 2372 4386 τητος,
2406 4317 2518 4380 τοῖς
2557 4315 2769 4369 ἐκείνου
2798 4313 3102 4385 θελήμασιν
3129 4313 3574 4384 ἀνεπιτήδευτος.
3608 4311 3791 4367 Αὑτοῦ

2189 4407 2246 4461 δὲ
2285 4406 2660 4477 βασιλεύοντος
2681 4405 2786 4475 ἔφη
2849 4423 2951 4459 που
2996 4404 3128 4469 Θεὸς
3166 4405 3255 4459 διὰ
3279 4405 3466 4476 φωνῆς
3498 4407 3794 4476 προφήτου

501 4487 656 4555 obiit,
683 4488 855 4542 Amon
884 4486 1029 4542 illius
1049 4488 1168 4558 ejus
1190 4489 1242 4543 in
1277 4503 1442 4560 regno
1465 4493 1748 4558 successit,
1776 4493 1902 4548 mali
1938 4495 2081 4550 corvi

2195 4499 2319 4572 περί
2353 4516 2412 4552 τε
2435 4500 2534 4570 τῆς
2587 4497 2960 4569 Ἰερουσαλὴμ,
3000 4497 3097 4551 καὶ
3140 4497 3320 4569 πάσης
3367 4499 3469 4569 τῆς
3521 4497 3797 4561 Ἰουδαίας

503 4583 704 4637 malum
733 4597 916 4636 ovum.
943 4581 1147 4636 Eadem
1186 4596 1304 4651 quae
1341 4582 1449 4647 ille,
1486 4581 1540 4636 in
1607 4584 1814 4640 honore
1876 4586 2083 4642 habuit.

509 4674 652 4730 Vixit
683 4688 846 4741 porro
874 4672 1153 4728 biennium
1185 4681 1418 4728 tantum.
1463 4673 1594 4730 Post
1621 4675 1764 4731 hunc
1813 4677 1868 4731 in
1900 4692 2084 4747 regem

501 4772 698 4818 unctus
716 4771 800 4817 est
823 4759 1022 4824 Josias,
1055 4759 1197 4815 tilius
1231 4761 1370 4830 ejus,
1399 4761 1480 4816 vir
1505 4761 1744 4832 sapiens,
1800 4773 1854 4818 et
1888 4764 2083 4830 solers,

502 4854 706 4924 Deique
735 4853 1170 4908 amantissimus.
1207 4851 1284 4906 De
1329 4867 1395 4908 eo
1453 4853 1767 4908 vaticinium
1793 4855 1960 4910 edidit
1995 4871 2085 4911 ve-

500 4945 729 5004 niensin
759 4943 948 5000 Bethel
983 4944 1144 4998 homo
1203 4943 1317 5007 Dei,
1359 4942 1661 5000 Jeroboam'
1701 4953 1879 5002 stante
1923 4963 2086 5018 super

501 5040 691 5105 altare,
709 5047 764 5095 et
781 5037 964 5093 vitulis
987 5037 1328 5094 immolandis
1361 5036 1555 5092 festum
1589 5039 1730 5094 diem
1791 5040 2086 5098 dedicatio-

503 5129 588 5186 nis
615 5131 733 5201 ejus
757 5129 1406 5185 celebrante.Aitenim:
1465 5147 1484 5181 ι
1533 5130 1740 5210 Altare,
1794 5131 1908 5186 haec
1954 5133 2085 5200 dicit

504 5221 762 5277 Dominus
792 5240 805 5276 :
836 5222 974 5278 Ecce
1001 5221 1143 5276 [ilius
1170 5232 1422 5278 nascetur
1447 5221 1628 5276 domui
1679 5221 1870 5288 David,
1899 5221 2077 5278 Josias

504 5314 808 5378 nomine,et
839 5313 1135 5371 immolabit
1161 5328 1322 5383 super
1340 5323 1390 5369 te
1416 5316 1723 5371 sacerdotes
1743 5316 2080 5372 excelsorum

504 5403 926 5459 sacriﬁcantium
960 5419 1120 5475 super
1140 5414 1212 5472 te,
1243 5413 1297 5459 et
1323 5418 1446 5460 ossa
1509 5405 1785 5461 hominum
1839 5421 2000 5476 super
2031 5415 2082 5462 te

507 5491 755 5547 incendet
785 5495 853 5550 “.
896 5513 914 5546 ι
942 5495 1078 5550 Inito
1099 5495 1362 5565 siquidem
1401 5511 1585 5567 regno,
1615 5497 1790 5554 Josias
1819 5499 2080 5554 idolorum

505 5581 728 5637 delubra
759 5586 1042 5653 destruxit,
1075 5587 1262 5642 altaria
1287 5589 1502 5654 evertit,
1522 5589 1672 5646 lucos
1699 5590 2082 5660 succidit,curo

572 5761 620 5790 "
647 5757 711 5814 IV
746 5761 875 5830 Reg.
913 5775 1024 5826 κκι,
1056 5761 1139 5814 l2.
1216 5761 1262 5793 ⁸⁸
1286 5763 1505 5834 llchg.
1542 5781 1658 5833 xm,
1693 5766 1754 5822 2.

2192 4589 2376 4661 χώρας
2398 4604 2414 4622 ο
2449 4608 2468 4641 ι
2491 4589 2622 4642 Ἰδοὺ
2657 4589 2767 4658 ἐγὼ
2789 4589 2982 4657 ἐπάγω
3009 4590 3104 4642 ἐπὶ
3131 4589 3222 4642 τὸν
3241 4588 3373 4643 λαὸν
3393 4588 3588 4644 τοῦτον
3617 4589 3796 4654 κακά,

2193 4680 2334 4733 ὥστε
2375 4680 2576 4744 παντὸς
2617 4679 2908 4744 ἀκούοντος
2948 4681 3109 4748 αὐτὰ,
3144 4682 3339 4751 ήχήσει
3379 4681 3677 4751 ἀμφότερα
3724 4681 3802 4734 τά

2192 4765 2308 4825 ὦτα
2327 4771 2514 4827 αὑτοῦ.
2549 4790 2566 4823 ι
2619 4771 2841 4844 Ἐπειδὴ
2870 4772 2927 4825 δὲ
2963 4772 3354 4845 τετελεύτηκεν
3397 4773 3426 4825 6
3460 4771 3800 4842 Μανασσῆς,

2190 4863 2492 4932 διαδέχεται
2515 4863 2576 4916 τὸ
2605 4863 2882 4935 σκῆπτρον
2920 4863 3104 4934 ’Λμὼν
3128 4865 3156 4916 ό
3178 4864 3294 4927 υίὸς
3331 4861 3523 4929 αὐτοῦ,
3553 4863 3660 4932 τῆς
3695 4861 3801 4916 τοῦ

2192 4952 2396 5023 πατρὸς
2422 4952 2758 5023 φαυλότητος
2776 4953 3022 5007 ἀποδέων
3041 4954 3217 5008 οὐδέν.
3241 4954 3520 5024 Τετίμηκε
3550 4953 3665 5024 γὰρ
3689 4953 3807 5005 ὅσα

2190 5045 2464 5109 κάκεῖνος.
2493 5045 2629 5113 Ἐτη
2659 5046 2716 5100 δὲ
2745 5045 2882 5116 μόνα
2903 5047 3090 5100 διεὸίω
3112 5046 3230 5100 δύο.
3263 5042 3397 5099 Εἶτα
3428 5047 3550 5116 μετ’
3574 5045 3808 5098 ἐκεῖνον

2191 5135 2474 5207 κέχρισται
2513 5137 2674 5190 πάλιν
2708 5139 2790 5202 εἰς
2826 5137 3051 5208 βασιλέα
3113 5137 3327 5200 Ἰωσίας
3363 5138 3392 5190 6
3427 5135 3545 5198 υίὸς
3589 5134 3810 5199 αὐτοῦ,

2190 5227 2374 5297 σοφὸς,
2401 5229 2494 5282 καὶ
2518 5227 2775 5299 ἀγχίνους
2802 5228 2965 5301 ἀνὴρ,
2989 5229 3212 5284 καὶτῶν
3245 5229 3327 5282 ὅτι
3358 5227 3600 5298 μάλιστα
3639 5227 3816 5296 φιλο-

2190 5319 2498 5373 οεωτάτων.
2536 5319 2707 5372 Αὑτὸν
2735 5321 3147 5392 προεκήρυττεν
3186 5318 3492 5388 ἀφιγμένος
3534 5319 3620 5381 εἰς
3660 5319 3816 5373 Βαι-

2191 5409 2290 5476 οὴλ
2323 5411 2351 5462 6
2383 5409 2674 5481 ἄνθρωπος
2719 5410 2814 5463 τοῦ
2863 5409 3024 5476 Θεοῦ,
3071 5409 3355 5481 Ἱεροσοάμ
3406 5409 3652 5473 ἑστῶτος
3705 5413 3816 5464 ἐπὶ

2187 5498 2282 5552 τοῦ
2310 5499 2720 5572 θυσιαστηρίου,
2773 5502 2868 5554 καὶ
2917 5501 3322 5570 ὲγκαινίζοντος
3355 5501 3476 5562 ταῖς
3505 5499 3818 5570 δαμάλεσι

2189 5591 2287 5664 τήν
2319 5595 2532 5665 ἑορτήν.
2571 5596 2715 5667 Ἔφη
2743 5595 2852 5668 γάρ
2878 5595 3042 5652 οὕτω*
3106 5613 3126 5648 ι
3154 5595 3580 5666 Θυσιαστήριον,
3636 5594 3821 5667 λέγει
