4054 6274
524 435 629 491 467

1510 434 1570 489 S.
1612 431 1888 488 CYRILLI
1929 429 2407 490 ΑιεΧΑΝοιιιΝι
2443 433 2766 492 ARCHIEP.

3680 443 3789 497 ιδιι

519 550 718 606 tributa
749 548 948 621 populo
978 556 1133 605 terra:
1154 549 1315 604 totius
1346 548 1664 620 imponeret,
1697 556 1752 604 et
1812 550 2095 621 vectigalia

2201 555 2315 608 υίδν
2345 555 2473 608 ὄντα
2512 555 2607 608 καὶ
2640 553 2807 607 αὐτὸν
2859 549 3090 605 Ἰωσίου.
3138 551 3511 618 Κατεϐιάζετο
3545 553 3604 608 δὲ
3648 554 3796 610 οὕτω

515 645 584 698 ab
606 641 855 700 omnibus
905 641 1169 711 exigeret.
1219 641 1276 696 In
1335 642 1438 697 hoc
1477 657 1658 697 rerum
1699 641 2094 704 statu,Joacim

517 746 738 802 regnum
783 731 1220 799 administrante,
1253 735 1492 788 ascendit
1509 730 2027 799 Nabuchodonosor,
2044 742 2098 789 et

517 819 798 890 occupavit
816 819 1238 892 Hierosolymam
1269 823 1361 886 ita,
1391 831 1452 875 ut
1479 821 1698 876 Eliacim
1755 823 1808 877 in
1860 824 2094 877 servitu—

517 921 622 964 tem
651 911 937 980 redigeret,
973 920 1030 966 et
1075 913 1124 967 ei
1175 927 1392 982 quoque
1435 913 1634 968 tributa
1672 914 1980 983 imperaret,
2011 923 2097 968 to-

517 1012 732 1069 tamque
753 1002 910 1072 plane
939 1003 1126 1058 urbem
1154 1003 1302 1059 ferro
1326 1005 1719 1062 devastaret".
1753 1005 1940 1076 Neque
1970 1019 2097 1062 vero

518 1092 793 1148 sceleratis
831 1093 1140 1148 hominibus
1163 1095 1266 1150 hac
1289 1110 1540 1152 mensura
1563 1097 1959 1152 calamitatibus
2002 1097 2099 1151 ad-

515 1182 799 1237 metiendis
829 1181 1032 1252 quievit
1076 1181 1240 1249 Deus,
1275 1185 1368 1240 sed
1430 1184 1652 1254 insuper
1695 1186 1894 1256 adjecit
1951 1186 2099 1241 aliud

512 1285 698 1340 grave,
727 1282 782 1326 et
838 1272 1309 1328 onerosissimum.
1356 1273 1438 1327 Ab
1486 1277 1632 1328 omni
1681 1276 1826 1330 enim
1871 1275 2096 1330 ﬁnitima

516 1363 736 1432 regione
768 1372 818 1418 et
849 1371 1014 1428 terra,
1052 1380 1081 1417 a
1111 1364 1264 1434 Syris
1291 1374 1512 1437 puta,et
1537 1365 1736 1437 Tyriis,
1761 1374 1813 1420 et
1868 1367 2097 1431 Azotiis,

513 1453 850 1519 etldumaais,
877 1463 931 1509 et
951 1453 1114 1524 283
1159 1453 1407 1510 Moabitis
1453 1455 1879 1514 latrunculorum
1928 1466 2102 1514 cintus

512 1553 609 1607 per
637 1539 755 1595 loca
783 1539 1149 1596 discurrentes
1176 1540 1412 1598 Judteam
1457 1545 1944 1612 depopulabantur.
2010 1545 2102 1601 Sic

510 1629 652 1687 enim
689 1630 950 1700 scriptum
1001 1640 1084 1685 est
1121 1631 1172 1686 iu
1194 1643 1387 1702 quarto
1436 1633 1640 1704 Regum
1671 1653 1684 1690 :
1718 1653 1738 1688 ι
1775 1636 1912 1690 Tum
1929 1639 2103 1706 coepit

513 1719 712 1774 tributa
738 1721 974 1790 exigere,
1018 1731 1076 1775 ut
1101 1721 1292 1776 darent
1337 1734 1621 1794 argentum
1654 1727 1707 1781 in
1747 1740 1809 1782 os
1855 1726 2101 1783 Pharao-

513 1811 617 1870 nis.
654 1819 707 1865 et
727 1809 795 1864 ab
823 1825 1145 1882 unoquoque
1161 1826 1259 1882 pro
1295 1814 1500 1869 viribus
1522 1829 1712 1870 aurum
1741 1825 1795 1872 et
1820 1827 2100 1886 argentum

2199 646 2292 700 τὸν
2337 645 2576 717 Ἰσραὴλ,
2605 648 2731 710 τούς
2770 663 2829 698 τε
2853 645 2911 700 ὲν
2933 643 3240 718 Σαμαρείᾳ,
3273 647 3436 716 φημὶ,
3463 647 3556 700 καὶ
3582 648 3712 712 τοὺς
3734 651 3797 704 ἐν

2211 736 2631 809 Ἰεροσολύμοις,
2679 738 2755 800 ὼς
2799 735 2895 790 καὶ
2933 737 3176 809 δασμοὺς
3222 737 3490 792 ἐπιθεῖναι
3535 740 3652 802 τοῖς
3690 740 3799 794 ἀνὰ

2200 832 2379 884 πᾶσαν
2403 829 2611 900 χώραν,
2642 829 2736 882 καὶ
2759 827 2888 898 τέλη
2914 829 3064 900 παρὰ
3106 829 3324 882 πάντων
3349 829 3554 899 ζητεῖν.
3605 827 3733 899 Ἐχό
3750 846 3799 882 δ-

2197 938 2306 974 των
2326 914 2427 974 ὧδε
2455 920 2563 975 τῶν
2600 920 2876 990 πράξεων,
2923 921 3018 973 καὶ
3050 921 3327 984 διέποντος
3367 919 3465 992 τὴν
3516 919 3799 990 βασιλείαν

2211 1013 2488 1083 Ἰωακεὶμ,
2539 1011 2708 1082 ἀνέϐη
2751 1011 3240 1083 Ναϐουχοδονόσορ.
3288 1011 3690 1082 Κατεκράτησε
3738 1011 3797 1064 δὲ

2198 1101 2341 1156 οὕτω
2363 1103 2472 1156 τῶν
2515 1103 2925 1174 Ἱεροσολύμων,
2967 1104 3043 1167 ὼς
3073 1104 3213 1157 ἑλεῖν
3247 1102 3345 1174 μὲν
3374 1104 3454 1167 εἰς
3479 1103 3668 1157 δοῦλον
3703 1102 3797 1156 τὸν

2211 1193 2516 1265 Ἐλιακείμ,
2571 1195 2984 1267 δασμολογῆσαι
3013 1195 3070 1248 δὲ
3103 1195 3198 1249 καὶ
3246 1195 3426 1260 αὑτὸν,
3464 1196 3562 1248 καὶ
3610 1196 3796 1250 πᾶσαν

2203 1284 2386 1348 ἁπλῶς
2411 1285 2764 1357 καταδῃῶσαι
2796 1289 2896 1358 τὴν
2925 1289 3098 1342 πόλιν.
3145 1287 3255 1340 Καὶ
3283 1287 3344 1340 οὐ
3389 1286 3552 1358 μέχρι
3583 1285 3792 1340 τούτων

2200 1375 2493 1447 ὲπεμέτρει
2521 1376 2654 1441 Θεὸς
2681 1381 2794 1441 τοῖς
2835 1379 3051 1433 ἀνόσιον
3081 1379 3386 1450 πεπραχόσι
3431 1380 3530 1452 τὴν
3577 1397 3792 1451 συμφο-

2206 1467 2324 1538 ρὰν,
2357 1467 2654 1539 προσετίθη
2683 1467 2741 1520 δέ
2767 1485 2823 1521 τι
2869 1469 2962 1522 καὶ
2991 1469 3179 1538 ἕτερον
3212 1467 3499 1540 δυσαχθὲς,
3535 1470 3630 1522 καὶ
3662 1486 3794 1538 φορο

2199 1556 2523 1612 τικώτατον.
2565 1558 2698 1612 Ἀπὸ
2727 1558 2906 1630 πάσης
2936 1559 3043 1631 γὰρ
3076 1561 3176 1630 τῆς
3219 1560 3552 1631 περιοικίδος
3591 1561 3695 1630 γῆς
3731 1577 3792 1614 τε

2203 1648 2296 1701 καὶ
2331 1647 2535 1720 χώρας,
2583 1649 2691 1703 ἀπό
2735 1667 2795 1703 τε
2847 1649 3056 1722 Σύρων,
3113 1650 3278 1722 φημὶ,
3315 1651 3530 1722 Τυρίων
3587 1668 3650 1704 τε
3698 1651 3790 1704 καὶ

2214 1740 2505 1808 Ἀζωτίων,
2573 1740 2908 1811 Ἰδουμαίων,
2983 1740 3078 1794 καὶ
3147 1741 3474 1810 Μωαϐιτῶν,
3519 1742 3790 1813 λῃστρικᾲ

2206 1833 2631 1903 συγκροτήματα
2675 1833 2816 1885 κατὰ
2860 1833 3060 1897 τόπους
3094 1833 3354 1886 ἐκθέοντα
3382 1833 3480 1904 τὴν
3515 1833 3626 1887 τῶν
3664 1834 3791 1886 Ἰουρ

510 1901 902 1972 exigebatur,a
937 1917 1062 1974 rege
1093 1913 1271 1973 terrae,
1325 1916 1384 1960 ut
1425 1907 1583 1962 daret
1644 1908 1772 1964 illud
1831 1909 2095 1966 Pharaoni

2202 1901 2364 1975 δαίων
2409 1901 2792 1991 κατεληῖζοντο
2839 1924 2962 1993 γῆν.
3015 1923 3328 1996 Γέγραπται
3369 1901 3478 1995 γὰρ
3513 1922 3693 1987 οὕτως
3737 1925 3791 1976 ὲν

511 1992 748 2052 Nechao.
776 1994 974 2068 Viginti
1005 1997 1242 2066 quinque
1267 2001 1534 2054 annorum
1575 2010 1695 2056 erat
1733 2000 1941 2060 Joacim
1972 2017 2094 2058 cum

513 2103 739 2158 regnare
779 2089 1055 2158 coapisset,
1086 2101 1140 2145 et
1165 2090 1410 2145 undecim
1437 2093 1593 2149 annis
1635 2095 1882 2164 regnavit
1927 2095 1979 2148 in
2013 2094 2098 2149 Je-

511 2180 766 2246 rusalem,
801 2191 856 2236 et
886 2182 1016 2238 fecit
1043 2181 1240 2236 malum
1272 2198 1457 2238 coram
1483 2184 1726 2247 Domino.
1746 2185 1900 2253 juxta
1914 2186 2095 2241 omnia

509 2290 629 2344 quae
650 2274 890 2330 fecerant
915 2283 1100 2345 patres
1123 2273 1240 2343 ejus
1272 2275 1340 2329 ³⁸.
1362 2273 1420 2330 In
1437 2274 1624 2331 diebus
1645 2275 1760 2344 ejus
1793 2277 1946 2332 venit
1992 2276 2098 2331 Na-

509 2369 929 2425 buchodonosor
951 2367 1002 2424 in
1025 2377 1250 2434 terram,
1279 2377 1333 2423 et
1368 2367 1545 2427 lactus
1575 2377 1659 2424 est
1697 2370 1743 2424 ei
1777 2385 1966 2426 servus
1998 2371 2096 2425 tri-

511 2462 612 2515 bus
631 2460 809 2525 annis,
833 2467 887 2514 et
916 2474 1130 2514 rursum
1152 2459 1429 2514 rebellavit
1456 2467 1643 2514 contra
1668 2472 1812 2515 eum.
1847 2460 2097 2516 Immisit-

508 2562 614 2615 que
634 2547 684 2601 ei
708 2547 971 2602 Dominus
1000 2547 1332 2603 latrunculos
1357 2547 1737 2613 Chaldaos,et
1763 2549 2096 2606 latrunculos

507 2637 724 2710 Tyrios,
754 2648 808 2692 et
831 2637 1166 2695 latrunculos
1196 2638 1483 2706 Moabitae,
1504 2650 1559 2696 et
1581 2640 1814 2696 ﬁliorum
1864 2638 2094 2696 Ammon

505 2739 695 2787 contra
721 2730 1024 2786 Samariam
1058 2731 1125 2783 ".
1170 2748 1188 2783 ι
1215 2729 1341 2787 Haec
1395 2732 1560 2802 igitur
1592 2733 1774 2788 omnia
1821 2730 2008 2800 Israel,
2040 2742 2099 2787 ut

510 2825 600 2879 Dei
629 2825 814 2895 gloriae
830 2833 1171 2895 contemptor
1200 2836 1254 2878 et
1278 2825 1442 2894 impie
1459 2835 1770 2894 corruptus,
1790 2826 1916 2882 dum
1932 2841 2095 2896 opera

509 2932 762 2972 manuum
780 2932 998 2973 suarum
1027 2917 1258 2972 adorare
1287 2917 1476 2980 voluit,
1506 2933 1796 2986 perpessus
1826 2929 1930 2973 est.
1956 2917 2095 2972 Nar»

508 3017 624 3059 rata
648 3021 678 3059 a
704 3007 1138 3078 nobisquantum
1171 3005 1302 3060 satis
1338 3006 1441 3060 fuit
1472 3007 1722 3073 historia,
1752 3023 1850 3077 age
1895 3024 2094 3078 propo-

505 3100 671 3153 situm
697 3098 1016 3167 explicando
1055 3095 1309 3167 deinceps
1337 3114 1737 3169 percurramus.
1779 3121 1798 3153 ι
1865 3102 2092 3158 Annuu-

507 3193 640 3247 tiate
669 3191 978 3262 regionibus
1025 3192 1077 3248 in
1125 3193 1350 3263 Assyria
1388 3202 1444 3249 et
1495 3193 1754 3266 A'ngpto,
1797 3205 1849 3251 et
1887 3197 2090 3252 dicite:

2197 2015 2309 2075 τοῖς
2337 2011 2840 2082 Παραλειπομένοις
2865 2028 2879 2043 '
2918 2030 2936 2064 ι
2963 2013 3096 2066 Τότε
3125 2012 3332 2085 ἤρξατο
3375 2011 3792 2083 φορολογεῖσθαι

2196 2101 2292 2156 τοῦ
2317 2101 2498 2156 δοῦναι
2519 2103 2581 2156 τὸ
2597 2103 2860 2175 ἀργύριον
2883 2103 2974 2158 ἐπὶ
3002 2105 3177 2175 στόμα
3191 2102 3412 2176 Φαραὼ,
3435 2104 3530 2158 καὶ
3559 2105 3793 2168 ἕκαστος

2197 2193 2340 2248 κατὰ
2366 2195 2596 2264 δύναμιν
2618 2196 2879 2266 ἀπῃτεῖτο
2923 2195 2983 2248 τὸ
3022 2196 3306 2268 ἀργύριον,
3341 2195 3432 2250 καὶ
3469 2196 3528 2249 τὸ
3567 2196 3792 2268 χρυσίον

2199 2285 2350 2356 παρὰ
2409 2285 2503 2339 τοῦ
2538 2288 2636 2358 τῆς
2683 2287 2789 2356 γῆς
2838 2284 3128 2355 βασιλέως,
3183 2286 3367 2340 δοῦναι
3418 2285 3551 2339 αὐτὸ
3591 2285 3794 2356 Φαραὼ

2197 2375 2413 2446 Νεχαώ.
2452 2377 2638 2431 Εἴκοσι
2687 2377 2780 2430 καὶ
2823 2377 2988 2432 πέντε
3038 2377 3177 2430 ἐτῶν
3218 2377 3471 2447 Ἰωακεὶμ
3506 2372 3578 2448 ἦν
3628 2377 3688 2430 ὲν
3716 2376 3792 2447 τῷ

2198 2466 2502 2538 βασιλεύειν
2551 2467 2737 2531 αὑτὸν,
2785 2468 2880 2522 καὶ
2937 2468 3136 2523 ἕνδεκα
3190 2467 3286 2538 ἔτη
3329 2466 3686 2520 ἐϐασίλευσεν
3736 2467 3794 2518 ὲν

2209 2557 2584 2630 Ἰερουσαλὴμ.
2625 2559 2718 2612 καὶ
2747 2559 2970 2629 ἐποίησε
3005 2559 3066 2613 τὸ
3108 2558 3344 2629 πονηρὸν
3384 2556 3631 2612 ἐναντίον
3675 2559 3785 2610 Κυ-

2199 2650 2336 2721 ρίου,
2371 2649 2512 2703 κατὰ
2545 2649 2722 2705 πάντα
2772 2653 2874 2705 ὅσα
2917 2650 3182 2722 ἐποίησαν
3225 2652 3274 2704 οἰ
3313 2649 3553 2720 πατέρες
3597 2649 3786 2705 αὑτοῦ.

2207 2741 2298 2794 Ἐν
2319 2741 2438 2804 ταῖς
2464 2741 2698 2810 ἡμέραις
2732 2739 2898 2793 αὐτοῦ
2926 2735 3059 2811 ἦλθε
3085 2739 3556 2810 Ναϐουχοδονόσορ
3583 2741 3666 2804 είς
3692 2740 3789 2810 τὴν

2197 2827 2322 2898 γῆν,
2354 2829 2447 2882 καὶ
2480 2823 2548 2899 ἦν
2570 2828 2837 2882 δουλεύων
2868 2828 3017 2898 αὐτῷ
3055 2828 3151 2900 ἔτη
3179 2829 3329 2900 τρία.
3357 2829 3469 2882 Καὶ
3496 2829 3784 2883 ἀπέστειλε

2196 2918 2400 2990 Κύριος
2424 2919 2502 2982 είς
2524 2919 2721 2982 αὐτοὺς
2743 2919 2869 2981 τοὺς
2893 2918 3215 2982 Χαλδαίους,
3254 2919 3348 2972 καὶ
3381 2918 3660 2991 λῃστήρια
3689 2921 3785 2975 Txi-

2199 3027 2329 3080 ρων,
2357 3011 2450 3064 καὶ
2471 3009 2742 3080 λῃστήρια
2773 3010 3099 3075 Μωαϐιτῶν,
3143 3012 3238 3064 καὶ
3265 3011 3397 3064 υἱῶν
3433 3012 3625 3084 Ἀμὼν
3655 3013 3777 3068 κατὰ

2193 3102 2294 3172 τῆς
2322 3101 2655 3172 Σαμαρείας.
2684 3120 2702 3153 ι
2757 3103 2927 3155 Ταυτὶ
2952 3101 3017 3174 δὴ
3044 3103 3222 3157 πάντα
3248 3103 3450 3176 συνέϐη
3482 3106 3681 3159 παθεῖν
3712 3106 3775 3169 οὓς

2197 3192 2455 3264 ὑϐρικότα
2488 3192 2581 3246 τὸν
2630 3191 2843 3264 Ἰσραὴλ
2883 3195 2961 3256 είς
3006 3194 3105 3263 τὴν
3147 3193 3241 3246 τοῦ
3281 3194 3418 3248 Θεοῦ
3466 3196 3652 3262 δόξαν,
3699 3201 3785 3250 καὶ

505 3284 920 3353 Congregamini
947 3285 999 3340 in
1025 3293 1261 3340 montem
1290 3285 1570 3354 Samaria},
1605 3296 1660 3342 et
1704 3288 1884 3343 videte
1926 3289 2092 3344 mira-

2200 3283 2425 3345 ἀνοσίως
2444 3283 2890 3359 κατεφθαρμένον
2917 3285 3011 3336 ἐπὶ
3034 3284 3094 3336 τὸ
3119 3283 3407 3354 βούλεσθαι
3435 3289 3782 3354 προσκυνεῖν,

506 3375 634 3430 bilia
664 3375 900 3431 multain
932 3377 1110 3432 medio
1131 3376 1344 3446 ejus,et
1387 3379 1795 3448 oppressionem
1833 3381 1888 3434 in
1936 3395 2024 3435 ea.
2065 3399 2086 3432 ι

2200 3379 2309 3440 τοῖς
2341 3376 2524 3448 ἔργοις
2557 3375 2666 3430 τῶν
2705 3374 2904 3446 χειρῶν
2956 3375 3155 3430 αὐτῶν.
3213 3377 3518 3448 Είρημένης
3567 3377 3631 3448 δὴ
3683 3373 3779 3433 οὖν

507 3468 742 3522 Tantum
778 3483 905 3534 non,
925 3469 1120 3539 inquit,
1152 3484 1314 3538 quam
1336 3469 1624 3525 celerrime
1659 3471 1780 3541 quis
1809 3471 2095 3527 annuntiet

2200 3468 2564 3541 ἀποχρώντως
2587 3469 2719 3538 ἡμῖν
2745 3467 2846 3536 τῆς
2879 3467 3139 3537 ἱστορίας,
3181 3469 3314 3538 φέρε
3345 3469 3405 3522 τὸ
3446 3470 3602 3540 ῥητὸν
3647 3469 3770 3524 ὲπι-

506 3561 775 3636 Egyptiis
789 3573 846 3620 et
867 3567 1127 3637 Assyriis,
1154 3578 1208 3623 et
1231 3582 1392 3622 manu
1415 3569 1590 3624 valida
1624 3572 1902 3626 incursent
1933 3586 2092 3625 mon-

506 3665 590 3711 tes
639 3657 917 3726 Samariaa,
981 3659 1096 3714 sive
1163 3661 1436 3730 regionem
1490 3661 1660 3731 ipsam
1712 3677 1728 3714 :
1786 3672 2091 3717 montosam

506 3748 704 3818 quippe
727 3749 915 3805 dicunt
937 3765 1078 3806 esse.
1104 3749 1239 3806 Cum
1267 3752 1534 3818 venerint,
1569 3753 1830 3808 videbunt
1869 3753 1921 3807 in
1976 3752 2092 3822 ipsa

507 3840 776 3895 mirabilia
801 3842 966 3896 multa
1016 3851 1072 3897 et
1111 3843 1517 3912 oppressionem
1574 3843 1945 3913 improvisam.
1992 3841 2095 3909 Qui

505 3932 650 3986 enim
676 3932 802 3993 olim
835 3932 1143 3998 vincebant,
1184 3934 1524 3990 miserabiles
1576 3943 1759 4001 erunt,
1813 3935 2092 3991 servitutis

500 4027 691 4094 jugum
720 4023 979 4094 ferentes,
1001 4025 1198 4094 inquit.
1227 4025 1329 4090 Qui
1360 4025 1707 4096 supercilium
1763 4027 1814 4080 in
1866 4027 2096 4082 sublime

508 4123 698 4171 contra
731 4129 922 4172 omnes
953 4126 1161 4186 gentes,
1182 4125 1241 4171 ut
1269 4117 1434 4172 verbo
1462 4116 2095 4188 dicam,erigebant,mi-

511 4208 752 4274 serandi,
782 4217 838 4265 et
892 4210 994 4266 sub
1017 4210 1246 4280 pedibus
1278 4211 1516 4267 hostium
1542 4213 1798 4282 prostrati
1815 4212 2100 4283 iacebunt,

507 4306 565 4351 et
617 4305 824 4354 tantam
849 4301 1191 4370 tyrannidem
1210 4302 1505 4371 patientur,
1525 4313 1584 4358 ut
1639 4303 1805 4359 vitam
1859 4305 2094 4360 retinere

510 4388 564 4443 in
601 4391 888 4454 servitute,
919 4401 975 4445 et
1020 4393 1279 4447 tributum
1321 4395 1558 4462 pendere
1593 4394 1888 4450 victoribus
1955 4394 2095 4449 satis

510 4483 768 4538 habeant.
805 4501 824 4534 ι
865 4480 975 4537 Sed
999 4498 1104 4538 non
1136 4484 1389 4552 cognovit
1416 4484 1685 4550 Samaria,
1750 4485 1946 4554 inquit,
1973 4500 2093 4556 quae

510 4583 675 4627 erunt
701 4582 889 4628 contra
915 4574 1108 4643 ipsam,
1147 4591 1168 4626 ι
1201 4574 1304 4630 hoc
1333 4583 1438 4639 est,
1461 4589 1579 4642 quae
1603 4575 1703 4643 ipsi
1729 4576 1954 4630 adversa
1973 4591 2097 4631 eve-

2196 3562 2464 3633 τροχάδην
2491 3563 2740 3625 ὲπιόντες
2766 3561 3034 3632 λέγωμεν.
3084 3579 3103 3612 ι
3137 3561 3537 3630 Ἀπαγγείλατε
3574 3559 3784 3632 χώραις

2197 3653 2256 3706 ἐν
2297 3652 2582 3724 Ἀσσυρίᾳ,
2606 3652 2702 3705 καὶ
2733 3652 2826 3704 ἐπὶ
2851 3651 2950 3714 τὰς
2989 3650 3172 3722 χώρας
3208 3653 3308 3722 τῆς
3341 3650 3648 3719 Αἰγύπτου,
3696 3651 3792 3708 καὶ

2197 3743 2751 3814 εἴπατεοΣυνάχθητε
2797 3743 2890 3796 ἐπὶ
2916 3742 2976 3796 τὺ
2999 3744 3123 3815 ὅρος
3167 3742 3265 3813 τῆς
3303 3741 3647 3813 Σαμαρείας,
3695 3740 3793 3795 καὶ

2197 3836 2334 3903 ἴδετε
2371 3833 2663 3905 θαυμαστὰ
2692 3833 2862 3888 πολλὰ
2891 3836 2948 3887 ὲν
2976 3835 3125 3905 μέσῳ
3149 3835 3336 3905 αὐτῆς,
3370 3833 3466 3886 καὶ
3490 3832 3594 3904 τὴν
3627 3849 3792 3886 κατα-

2196 3925 2520 3979 δυναστείαν
2569 3924 2668 3996 τὴν
2711 3925 2768 3976 ὲν
2815 3925 2974 3996 αὐτῇ.
3001 3942 3019 3974 ι
3085 3923 3384 3997 Μονονουχὶ
3411 3922 3548 3994 γὰρ,
3603 3923 3787 3994 φησιν,

2197 4015 2587 4085 ἀπαγγελλέτω
2608 4009 2746 4087 τις
2772 4015 2935 4085 τάχος
2954 4014 3271 4082 Αίγυπτίοις
3322 4013 3418 4066 καὶ
3455 4013 3789 4083 Ἀσσυρίοις,

2199 4110 2292 4162 καὶ
2323 4108 2701 4163 καταθεόντων
2744 4106 3015 4170 εὐσθενῶς
3051 4107 3119 4160 τὰ
3148 4106 3248 4178 ὅρη
3296 4105 3640 4178 Σαμαρείας,
3671 4106 3792 4176 ἦτοι

2197 4200 2294 4272 τὴν
2324 4199 2510 4271 χώραν
2538 4199 2737 4269 αὑτήνο
2793 4197 3007 4269 ὀρεινὴν
3048 4197 3157 4268 γὰρ
3201 4193 3340 4252 εἷναί
3379 4214 3568 4267 φασιν.
3619 4199 3679 4251 οι
3730 4195 3796 4249 δὲ

2199 4292 2419 4345 ἐπειδὰν
2456 4292 2668 4363 ἥκωσιν
2719 4289 2940 4360 ὄψονται
2980 4291 3042 4342 ὲν
3087 4290 3224 4360 αὐτῇ
3268 4288 3559 4361 θαυμαστὰ
3591 4287 3792 4354 πολλὰ,

2199 4383 2293 4437 καὶ
2323 4383 2586 4451 ἀδόκητον
2615 4381 3099 4436 καταδυναστείαν,
3144 4381 3208 4435 Oi
3239 4380 3348 4452 γὰρ
3378 4379 3540 4433 πάλαι
3581 4379 3794 4432 νικῶν-

2199 4498 2308 4546 τες,
2337 4481 2580 4545 ἐλεεινοί,
2613 4479 2706 4532 καὶ
2725 4480 2783 4533 ἐν
2805 4478 3018 4549 δουλείᾳ
3045 4477 3277 4541 ἔσονται,
3299 4476 3480 4548 φησίν.
3508 4477 3572 4529 Οἱ
3608 4475 3802 4546 ὀφρὺν

2200 4571 2552 4635 ἀνασπῶντες
2607 4570 2707 4640 τὴν
2752 4569 3022 4641 ὑπερτενῆ
3072 4568 3214 4622 κατὰ
3247 4569 3486 4632 πάντων,
3529 4569 3606 4632 ὡς
3657 4566 3804 4631 ἔπος

513 4664 684 4718 uient.
713 4663 936 4728 Deinde,
968 4664 1060 4718 ubi
1093 4683 1111 4715 ι
1159 4664 1227 4718 de
1277 4673 1474 4719 caetero
1527 4665 1955 4720 thesaurizantes
1991 4666 2094 4720 ini-

2200 4664 2394 4726 εἰπεῖν,
2421 4663 2530 4715 τῶν
2560 4661 2749 4728 ἐθνῶν,
2788 4661 2997 4732 οἰκτροὶ
3017 4661 3314 4724 κείσονται,
3363 4660 3458 4713 καὶ
3486 4662 3807 4731 κατερῤιμυ

511 4757 799 4824 quilatem,
831 4765 884 4809 et
909 4755 1186 4810 miseriam
1230 4757 1284 4810 in
1343 4757 1658 4826 regionibus
1720 4757 1872 4812 suis?
1898 4777 1916 4808 ι
1954 4758 2094 4824 Quid

510 4847 653 4901 enim
694 4847 917 4918 profuit,
952 4847 1148 4917 inquit,
1181 4848 1410 4902 avaritia
1437 4859 1492 4902 et
1539 4847 1816 4903 cumulare
1845 4859 2091 4918 peccata,

511 4941 638 4994 dum
669 4939 859 4994 nolunt
885 4940 1026 4996 scire
1055 4953 1177 5008 quae
1207 4939 1299 4994 Dei
1326 4939 1486 4994 sunt?
1520 4938 1657 4993 Num
1702 4954 1871 5008 usque
1893 4940 1960 4994 ad
1990 4941 2092 4994 As-

511 5034 779 5102 syriorum
803 5041 858 5087 et
884 5031 1259 5103 Egyptiorum
1284 5032 1645 5088 incursionem
1683 5032 1866 5088 clades
1893 5047 2084 5103 pecca-

514 5125 721 5181 toribus
757 5124 1074 5180 diﬂ'eretur?
1119 5123 1493 5194 Nequaquam,
1551 5125 1628 5179 ait
1667 5141 1680 5177 :
1743 5145 1760 5177 ι
1801 5126 2092 5195 Pr0pterea

513 5216 628 5270 haec
648 5217 780 5272 dicit
808 5217 1104 5272 Dominus:
1150 5215 1347 5288 Tyrus,
1379 5227 1435 5272 et
1470 5225 1610 5271 terra
1644 5217 1698 5271 in
1749 5219 1978 5274 circuitu
2002 5227 2094 5274 tuo

514 5308 864 5374 ilesoiabitur,
893 5321 950 5364 et
974 5307 1312 5378 confringam
1333 5322 1400 5362 ex
1433 5317 1485 5363 te
1513 5308 1677 5363 robur
1708 5317 1880 5372 tuum,
1919 5317 1975 5364 et
2005 5309 2091 5362 di-

514 5397 776 5464 ripientur
800 5401 1046 5470 regiones
1072 5409 1195 5457 tuae.
1225 5417 1246 5453 ι
1277 5399 1433 5466 Quod
1473 5399 1694 5465 dicitur,
1758 5417 1778 5452 ι
1827 5399 2026 5470 Tyrus,
2071 5417 2090 5450 ι

515 5486 682 5558 284
707 5499 761 5542 et
790 5508 810 5541 ι
846 5491 898 5544 in
923 5493 1175 5561 circuitu,
1207 5512 1226 5546 ι
1261 5493 1340 5549 sic
1383 5492 1668 5564 intelliges.
1722 5494 1767 5548 Α
1817 5494 1983 5564 Tyro,
2009 5493 2095 5546 in-

516 5579 1152 5651 quit,etacircumjecta
1203 5593 1345 5641 terra
1409 5587 1746 5644 desolabitur
1783 5585 1933 5655 regio
1981 5595 2094 5650 tua,

517 5671 920 5727 incursantibus
968 5688 1086 5729 eam
1126 5676 1548 5735 latrunculorum
1623 5677 1895 5747 gregibus.
1944 5675 2097 5731 'l‘uuc

2208 4754 2380 4824 μένοι,
2409 4753 2502 4806 καὶ
2528 4753 2633 4806 ὑπὸ
2676 4753 2843 4812 πόδας
2884 4752 3115 4823 ἐχθρῶν.
3160 4752 3272 4806 Καὶ
3321 4752 3594 4822 τοσαύτην
3655 4754 3806 4806 ὑπο-

2207 4844 2430 4915 μενοῦσι
2470 4844 2955 4907 καταδυναστείαν,
2998 4843 3075 4908 ὡς
3118 4843 3405 4914 ἀγαπητὸν
3437 4844 3703 4915 ἡγεῖσθαι
3742 4845 3811 4898 τὸ

2204 4939 2496 5003 σώζεσθαι,
2526 4941 2620 4993 καὶ¹
2644 4940 2743 5012 ζῇν
2773 4942 2830 4994 ὲν
2863 4939 3099 5011 δουλείᾳ,
3132 4938 3227 4992 καὶ
3258 4938 3466 5009 δασμὸν
3511 4935 3813 5008 εἰσφέρειν

2199 5032 2314 5094 τοῖς
2353 5032 2683 5103 νενικηκόσι.
2727 5051 2746 5084 ι
2783 5031 2920 5085 Ἀλλ’
2956 5032 3058 5084 οὐκ
3096 5030 3260 5099 ἔγνω,
3302 5030 3488 5101 φησὶν,
3532 5030 3565 5099 ὴ
3606 5029 3822 5098 Σαμά-

2204 5140 2322 5193 ρεια
2351 5122 2386 5176 ἃ
2421 5123 2571 5176 ἔσται
2609 5123 2848 5176 ἐναντίον
2874 5123 3066 5192 αὐτῆς,
3097 5139 3115 5173 ι
3168 5122 3468 5184 τουτέστιν,
3499 5119 3537 5173 ἃ
3575 5121 3820 5190 συμϐή-

2201 5235 2350 5271 σεται
2394 5220 2513 5273 κατ’
2556 5218 2747 5288 αὐτῆς.
2775 5215 2927 5284 Εἶτα,
2970 5217 3071 5270 ποῦ
3124 5235 3144 5269 ι
3195 5216 3397 5271 Λοιπὸν
3432 5215 3482 5268 οί
3525 5214 3822 5286 θησαυρί-

2201 5312 2386 5376 ζοντες
2448 5313 2663 5366 ἀδικίαν
2722 5313 2816 5365 καὶ
2883 5309 3255 5382 ταλαιπωρίαν
3301 5310 3360 5362 ὲν
3411 5311 3535 5371 ταῖς
3582 5307 3825 5379 χώραις

2201 5403 2377 5455 αὐτῶν
2401 5419 2416 5467 ;
2439 5421 2457 5453 ι
2497 5403 2562 5454 Τί
2591 5401 2698 5473 γὰρ
2731 5401 2940 5472 ὤνησεν
2972 5404 3003 5472 ἠ
3039 5400 3343 5466 πλεονεξία,
3396 5399 3553 5468 φησὶ,
3605 5399 3719 5452 καὶ
3753 5398 3824 5452 τὸ

2203 5495 2463 5565 σωρεύειν
2491 5495 2686 5556 αὐτοὺς
2725 5493 3020 5563 ἁμαρτίαν,
3057 5491 3146 5545 διὰ
3172 5491 3232 5544 τὸ
3263 5491 3338 5562 μὴ
3367 5489 3547 5543 θέλειν
3587 5491 3827 5544 εἰδέναι

2201 5587 2268 5640 τὰ
2301 5586 2394 5639 τοῦ
2425 5585 2594 5650 Θεοῦ;
2622 5580 2748 5656 'Ap‘
2773 5580 2866 5638 οὖν
2902 5583 3063 5655 μέχρι
3104 5583 3205 5653 τῆς
3248 5581 3553 5651 Ἀσσυρίων
3593 5597 3668 5635 τε
3720 5580 3832 5636 καὶ

2203 5677 2512 5745 Αἰγυπτίων
2544 5677 2732 5745 ἐφόδου
2767 5676 2832 5731 τὰ
2860 5675 2960 5747 τῆς
2992 5675 3276 5746 συμφορᾶς
3301 5673 3412 5738 τοῖς
3437 5669 3833 5746 ἡμαρτηκόσι

582 5847 628 5882 ⁸¹’
655 5847 723 5903 IV
757 5849 890 5920 Reg.
920 5861 1070 5915 XXIV,
1103 5846 1154 5916 1,
1183 5845 1268 5902 10.
1351 5849 1476 5906 "IV
1505 5851 1637 5921 Reg.
1677 5865 1838 5916 mn,
1872 5850 2060 5906 '35-'57.
2137 5852 2178 5882 "
2206 5849 2270 5903 ιι·
2301 5849 2432 5920 Reg.
2475 5865 2620 5917 ut",
2657 5850 2700 5916 ί,
2730 5850 2782 5905 ‘2.
