4054 6274
300 391 401 448 ιθθ

1248 398 1801 466 COMMENTARIUS
1844 404 1909 458 IN
1951 405 2138 462 AMOS
2177 405 2620 464 PROPIIETAM.

3441 415 3544 470 470

301 515 561 575 acciuerat;
584 510 864 582 Οὐδαμῶς,
885 514 1038 585 φησί.
1077 533 1096 567 ι
1118 516 1217 572 Διά
1238 517 1397 572 τοῦτο
1422 521 1546 574 τάδε
1574 522 1722 592 λέγει
1746 525 1848 579 Κύ-

1961 526 2102 583 enim
2131 529 2296 585 robur
2326 541 2470 584 tuum
2501 529 2866 601 confringent,
2913 545 3033 601 pro,
3061 533 3240 590 omnis
3262 533 3433 591 virtus
3457 548 3543 592 tua

299 621 412 674 ριος
437 603 466 655 ό
497 603 624 666 Θεός
646 619 660 632 ·
690 603 886 674 Τύρος,
920 607 1016 660 καὶ
1049 606 1380 682 κύκλωθενή
1411 611 1483 683 γῆ
1519 630 1612 666 σου
1640 615 1857 685 ἐρημω-

298 692 531 762 θήσεται,
559 692 651 745 καὶ
685 695 904 761 κατάξω
945 699 1008 750 ἐκ
1035 699 1127 752 σοῦ
1171 700 1322 770 ἰσχύν
1355 719 1468 767 σου,
1501 706 1596 759 καὶ
1625 705 1856 777 διαρπα-

295 783 542 852 γήσονται
577 783 632 840 αἱ
659 784 832 854 χῶραί
866 805 983 842 σου.
1019 807 1037 841 ι
1075 790 1147 843 Τὸ
1176 792 1232 845 δὲ
1271 812 1288 844 ‹
1311 793 1506 864 Τύρος,
1535 814 1554 849 ι
1587 798 1680 851 καὶ
1715 816 1734 849 ι
1765 798 1860 852 κύ-

293 871 512 938 κλωθεν,
543 892 561 925 ι
608 866 711 928 ὧδέ
746 894 846 929 που
885 881 1108 952 νοήσῃς*
1165 883 1283 936 Απδ
1318 885 1415 955 τῆς
1459 885 1658 958 Τύρου,
1701 891 1858 959 φησὶ,

289 963 382 1016 κα)⁵
404 963 508 1017 ἀπὸ
538 965 635 1035 τῆς
665 967 960 1035 κύκλωθεν,
992 971 1085 1025 καὶ
1115 974 1395 1046 περιοίκου
1433 977 1538 1049 γῆς
1566 979 1859 1052 ἐρημωθή-

290 1055 436 1108 σεταί
469 1059 617 1126 σουή
654 1058 826 1130 χώρα,
857 1063 1230 1120 καταθεόντων
1271 1067 1441 1135 αὐτῆς
1477 1072 1857 1142 συγκροτημά-

285 1158 388 1196 των
410 1143 740 1232 λῃστρικῶν.
773 1150 906 1203 Τότε
939 1152 1048 1223 γάρ
1081 1171 1174 1207 σου
1208 1157 1501 1223 κατάξουσι
1539 1158 1638 1231 τὴν
1677 1160 1851 1232 ἰσχὺν,

1962 615 2356 686 confringatur,
2384 628 2439 674 et
2467 620 2916 690 confractaquasi
2944 623 3220 694 languebit
3265 633 3320 680 et
3367 633 3545 697 torpe-

1962 714 2095 763 scet.
2133 706 2312 774 Quare
2363 708 2409 764 si
2453 709 2593 764 forte
2647 712 2698 764 in
2753 711 3099 769 llebrmorum
3153 715 3389 770 editione
3438 730 3544 784 est,

1967 816 1985 847 ι
2015 799 2325 853 annuntiate
2348 800 2656 867 regionibus
2687 802 2737 854 in
2779 803 3002 871 Azotiis,
3047 825 3066 858 ι
3095 815 3150 862 et
3213 808 3264 862 in
3309 808 3543 877 Septua-

1964 889 2128 960 ginta,
2152 907 2171 940 ‹
2207 888 2259 942 in
2287 889 2529 960 Assyria,
2568 906 2586 941 ι
2623 892 2796 946 ambae
2845 909 3028 948 verum
3072 898 3276 952 dicunt.
3301 897 3415 953 Non
3451 915 3541 954 so-

1967 981 2074 1036 lum
2107 981 2304 1051 quippe
2350 981 2579 1052 Assyrii,
2629 981 2723 1036 sed
2781 983 2944 1037 etiam
2969 985 3090 1056 Syri
3118 999 3170 1041 et
3190 989 3366 1044 Azotii
3421 1007 3542 1046 cum

1964 1072 2134 1142 copiis
2161 1071 2416 1128 lsraelem
2447 1073 2817 1140 incursarunt,
2841 1084 2896 1129 et
2932 1075 3204 1132 latronum
3257 1097 3408 1138 more
3461 1083 3543 1138 di-

1963 1173 2246 1219 vexarunt.

280 1235 396 1289 ἀντὶ
432 1222 546 1302 τοῦ,
584 1238 741 1292 πᾶσα
769 1239 999 1310 δύναμίς
1063 1258 1154 1296 σου
1200 1246 1694 1319 συνθραυθήσεται,
1739 1251 2020 1323 μονονουχὶ
2051 1253 2144 1305 καὶ
2210 1252 2460 1324 ἀτονήσει
2521 1255 3000 1330 συγκεκλασμένη.
3049 1259 3280 1326 Οὐκοῦν,
3313 1263 3361 1315 εἰ
3393 1261 3546 1329 λέγοι

278 1324 432 1394 τυχὸν
481 1325 512 1396 ή
550 1326 672 1379 τῶν
707 1327 974 1397 Ἐϐραίων
1042 1331 1271 1400 ἔκδοσις,
1319 1355 1337 1386 ι
1376 1337 1775 1406 Ἀπαγγείλατε
1840 1339 2061 1411 χώραιςι
2087 1343 2144 1396 ὲν
2179 1342 2477 1408 ’Δξωτίοις,
2512 1364 2530 1395 ι
2564 1346 2658 1402 καὶ
2708 1348 2756 1400 εί
2792 1324 2906 1419 ἔχει
2938 1324 3101 1404 πάλιν
3145 1324 3316 1424 ἡτῶν
3362 1324 3542 1406 Ἑϐδο-

282 1415 512 1486 μήκοντα
549 1415 640 1478 τὸ,
688 1420 785 1473 «ὲν
825 1420 1103 1495 Ἀσσυρίᾳ,
1128 1444 1148 1478 ι
1190 1424 1479 1498 ἀληθεύσει
1518 1431 1638 1483 κατ’
1682 1431 1849 1502 ἄμφω
1885 1433 1946 1486 τὸ
2009 1433 2319 1504 εἰρημένον.
2357 1436 2677 1507 Διήρπασαν
2747 1415 2856 1512 γὰρ
2888 1441 2986 1494 οὐκ
3039 1415 3314 1514 Ἀσσῖῦριοι
3360 1443 3541 1515 μόνον,

277 1510 408 1565 ἀλλὰ
432 1512 526 1567 καὶ
557 1513 728 1584 Σύροι
764 1517 858 1569 καὶ
897 1517 1142 1583 Ἀζώτιοι
1174 1523 1528 1595 καταπληθὺν
1570 1527 1944 1599 ἐκτρέχοντες,
1979 1531 2075 1582 καὶ
2104 1529 2296 1600 τρόπῳ
2329 1530 2586 1600 λῃστείας
2629 1510 2942 1599 ἀδικοῦντες
2972 1536 3063 1589 τὸν
3109 1510 3346 1610 Ἰσραήλ.

352 1601 489 1656 Τάδε
510 1604 682 1673 λέγει
707 1608 920 1676 Κύριος
937 1627 953 1641 ο
987 1613 1096 1664 ⁸ον
1119 1614 1346 1681 τρόπον
1369 1617 1516 1672 ὅταν
1564 1619 1854 1688 ὲκσπάσῃ

277 1691 495 1761 ποιμὴν
529 1696 596 1749 ἐκ
640 1700 937 1768 στόματος
977 1703 1083 1757 τοῦ
1119 1706 1373 1773 λέοντος
1415 1709 1525 1764 δύο
1559 1711 1775 1779 σκέλη,
1816 1711 1854 1779 ἢ

276 1784 452 1838 λοϐὸν
468 1786 676 1853 ὠτίου,
699 1790 886 1856 οὕτως
905 1791 1441 1863 ἐκσπασθήσονται
1457 1801 1573 1854 υίοὶ
1589 1801 1856 1869 Ἰσραὴλ,

2035 1620 2201 1676 Vens.
2238 1619 2324 1674 12.
2355 1620 2483 1676 Hac
2511 1623 2641 1676 dicit
2661 1623 2914 1679 Dominus
2947 1643 2966 1680 :
3015 1626 3165 1682 Sicut
3226 1629 3409 1682 avellet
3450 1647 3549 1697 pa-

1961 1722 2070 1768 stor
2093 1713 2157 1769 de
2183 1729 2270 1767 ore
2294 1713 2458 1767 leonis
2480 1714 2587 1768 duo
2624 1732 2799 1782 crura,
2832 1729 3228 1776 autextremum
3259 1723 3537 1788 auriculc,

1965 1803 2344 1858 sicavellentur
2371 1803 2474 1872 ﬁlii
2527 1803 2715 1871 Israel,
2755 1809 2843 1876 qui
2897 1808 3137 1864 habitant
3187 1811 3242 1865 iu
3290 1812 3538 1868 Samaria

275 1874 327 1925 οι
375 1877 805 1944 κατοικοῦντες
855 1879 926 1933 ἐν
988 1886 1319 1954 Σαμαρείᾳ,
1385 1889 1698 1944 κατέναντι
1750 1888 1848 1960 τῆς

1965 1904 2148 1950 contra
2184 1898 2398 1964 tribum,
2427 1907 2476 1952 et
2507 1899 2562 1952 in
2594 1897 2873 1956 Damasco.

281 1963 487 2032 φυλῆς,
523 1969 634 2022 καὶ
658 1970 727 2024 ἐν
763 1974 1077 2042 Δαμασκῷ.

342 2055 464 2108 AB'.
502 2057 799 2131 Ἐπιτήρει
837 2065 1140 2136 πανταχοῦ,
1181 2069 1277 2123 καὶ
1314 2072 1518 2143 σφόδρα
1557 2073 1860 2145 θαυμάσεις

273 2142 368 2213 τῆς
399 2148 748 2218 προφητείας
771 2151 869 2222 τὴν
893 2153 1072 2224 νῆψιν.
1119 2156 1336 2230 Ἐπειδὴ
1367 2142 1475 2232 γὰρ
1495 2163 1595 2215 οὐκ
1625 2142 1858 2217 εξνσάπαν

271 2234 545 2328 ἀπόλωλεν
593 2241 629 2293 ὁ
689 2242 925 2317 Ἰσραὴλ,
979 2248 1248 2304 σέσωσται
1295 2251 1354 2305 δὲ
1393 2253 1456 2306 τὸ
1510 2255 1860 2328 κατάλειμμα

268 2327 406 2380 κατά
435 2345 501 2397 γε
527 2331 633 2402 τὴν
644 2331 863 2390 Ἡσαΐου
887 2339 1090 2411 φωνὴν,
1123 2341 1212 2396 ἵνα
1241 2342 1514 2417 μὴ-δοκοίη
1541 2327 1858 2416 ψευδοεπεῖν

267 2418 297 2488 ἡ
336 2419 588 2512 ἀλήθεια,
650 2430 990 2501 συνεισφέρει
1036 2433 1146 2504 γάρ
1192 2437 1411 2500 πάντως
1459 2442 1579 2502 ταῖς
1616 2457 1858 2512 προαγο-

269 2509 484 2606 ρειόσεσι
504 2513 619 2568 τῶν
647 2517 830 2570 κακῶν
857 2519 948 2572 τὸν
973 2521 1034 2586 ig
1059 2525 1397 2606 ἡμερότητος
1433 2527 1598 2584 ἔλεον.
1643 2509 1856 2604 ’Ὥσπερ

263 2600 466 2666 τοίνυν,
518 2606 675 2675 φησὶ,
719 2611 1070 2678 κορεσθέντος
1124 2600 1357 2682 λέοντος,
1406 2621 1502 2673 καὶ
1545 2621 1605 2674 τὸ
1652 2600 1854 2692 ληφθὲν

261 2693 509 2784 εἰσάπαξ
556 2699 978 2768 κατεδηδοκότος
1011 2703 1167 2771 ζῶον,
1207 2709 1363 2776 ὀλίγα
1401 2712 1552 2780 μόλις
1591 2713 1856 2784 ἀπομένει

267 2780 529 2875 λείψανα,
567 2786 660 2839 δύο
696 2790 858 2859 σκέλη
904 2794 1086 2863 τυχὸν,
1127 2797 1159 2868 ἢ
1201 2799 1294 2852 καὶ
1344 2801 1508 2854 ὠτίου
1545 2780 1729 2875 μέρος,
1761 2807 1857 2859 καὶ

263 2874 448 2927 ταῦτα
477 2877 758 2970 κλαίοντες
779 2885 826 2936 οἱ
861 2884 1090 2959 βοτῆρες
1126 2890 1500 2960 συλλέγουσινο
1534 2874 1675 2950 οὕτω
1706 2900 1856 2970 γενή-

259 2979 420 3017 σεται
464 2969 579 3030 τοῖς
606 2971 740 3035 υίοῖς
781 2971 999 3044 Ἰσραὴλ
1035 2979 1147 3040 τοῖς
1176 2978 1234 3032 ἐν
1273 2981 1578 3054 Σαμαρείᾳ,
1611 2986 1702 3038 καὶ
1741 2969 1854 3051 τοῖς

253 3057 628 3113 κατοικοῦσιν
657 3063 715 3114 ὲν
739 3065 1038 3136 Δαμασκῷ,
1081 3071 1192 3133 τοῖς
1235 3089 1250 3123 t
1279 3073 1567 3128 κατέναντι
1602 3077 1797 3148 φυλῆς,
1829 3099 1846 3132 ι

249 3147 534 3214 τουτέστι,
571 3155 682 3215 τοῖς
704 3153 874 3225 ἐχθρά
901 3161 1289 3232 πεφρονηκόσι,
1317 3163 1412 3216 καὶ
1436 3147 1853 3239 ἀνθισταμένοις

2035 2070 2244 2126 XXXII.
2279 2073 2514 2128 Observa
2539 2074 2758 2143 ubique,
2789 2083 2842 2130 et
2871 2074 3228 2131 admiraberis
3247 2079 3536 2135 vehemen-

1960 2171 2042 2218 ter
2069 2165 2350 2234 propheta:
2369 2165 2786 2236 providentiam.
2831 2165 2968 2234 Quia
3023 2169 3166 2223 enim
3217 2186 3320 2224 non
3366 2180 3534 2226 totum

1958 2253 2208 2310 lsraelem
2233 2255 2394 2312 simul
2428 2257 2682 2327 perdidit,
2707 2257 2802 2314 sed
2829 2258 3071 2330 reliquiae
3115 2263 3359 2330 quadarn
3397 2278 3530 2319 eon-

1959 2357 2188 2404 servatae
2222 2359 2346 2405 sunt
2374 2351 2442 2415 ”,
2471 2351 2763 2407 secundum
2825 2367 3014 2409 vocem
3046 2353 3216 2421 Isaiae,
3244 2371 3313 2412 ne
3334 2357 3536 2412 veritas

1959 2436 2152 2492 lalsum
2172 2437 2374 2494 dixisse
2398 2440 2694 2505 videretur,
2725 2442 2945 2497 omnino
2997 2458 3116 2498 cum
3167 2446 3531 2516 praedictioni-

1959 2530 2062 2586 bus
2091 2529 2352 2587 malorum
2388 2531 2549 2587 simul
2580 2533 2963 2592 misericordiae
3006 2550 3070 2591 ex
3116 2539 3534 2595 mansuetudine

1961 2622 2223 2684 meminit.
2280 2623 2742 2690 Quemadmodum
2794 2624 2958 2696 igitur
2985 2628 3182 2682 satiato
3242 2627 3416 2696 leone,
3451 2631 3535 2685 in-

1958 2712 2095 2782 quit,
2121 2728 2242 2766 cum
2263 2713 2557 2783 solivagam
2603 2713 2933 2771 animantem
2966 2717 3124 2772 simul
3154 2708 3210 2774 et
3255 2720 3534 2775 semeldeo

1957 2803 2168 2858 voravit
2205 2819 2220 2870 ;
2249 2803 2336 2858 vix
2363 2820 2572 2875 ,parvze
2614 2805 2856 2877 reliquiae
2891 2820 3187 2874 remanent,
3235 2812 3342 2866 duo
3373 2825 3532 2866 crura

1960 2904 2106 2962 puta,
2133 2893 2402 2947 autetiam
2433 2909 2560 2962 pars
2582 2895 2858 2963 auriculae,
2883 2911 3084 2968 easque
3117 2910 3362 2970 pastores
3396 2899 3533 2956 ﬂen-

1961 2993 2039 3040 tes
2067 2985 2357 3055 colligunt;
2384 2987 2452 3040 ita
2493 2989 2583 3040 liet
2607 2987 2727 3042 liliis
2756 2986 2945 3055 lsrael,
2977 2989 3280 3046 Samariam
3325 3003 3380 3047 et
3429 2991 3534 3046 Da-

1961 3091 2196 3130 mascum
2224 3076 2614 3144 habitantibus,
2645 3095 2664 3130 ι
2699 3089 2886 3134 contra
2944 3081 3164 3147 tribum,
3200 3100 3218 3134 ι
3278 3084 3379 3140 hoc
3423 3092 3528 3144 est.

1957 3166 2262 3222 Iudaeorum
2291 3169 2490 3224 tribum
2514 3169 2655 3226 odiis
2700 3173 3170 3240 prosequentibus,
3225 3174 3383 3244 eique
3409 3190 3534 3245 per-

248 3241 338 3295 ἀεὶ
375 3241 446 3314 τῇ
493 3244 609 3298 τῶν
656 3246 924 3302 Ἰουδαίων
963 3253 1124 3324 φυλῇ.
1175 3255 1239 3307 Οἱ
1292 3257 1390 3326 μὲν
1434 3259 1544 3330 γὰρ
1575 3259 1848 3326 οἰκοῦντες

1957 3267 2117 3326 pelue
2139 3257 2570 3314 adversantibus.
2595 3259 2784 3316 Incola‘.
2816 3261 2961 3316 enim
2991 3261 3254 3317 Samaria:
3295 3241 3344 3318 vi
3388 3265 3530 3334 capti

245 3332 348 3406 τὴν
381 3337 709 3407 Σαμάρειαν
755 3341 972 3412 ἥλωσαν
1004 3347 1372 3418 κατακράτος,
1413 3353 1507 3404 καὶ
1538 3353 1850 3425 πεπόρθην-

244 3442 339 3479 ται
377 3429 521 3500 παρ’
570 3429 804 3500 ὲχθρῶν,
865 3436 956 3488 καὶ
991 3435 1410 3509 δαπανήσαντος
1459 3441 1553 3495 τοῦ
1610 3444 1848 3515 πολέμου

252 3520 553 3589 μονονουχὶ
616 3521 958 3591 σύμπαντας,
1008 3526 1178 3595 ὀλίγοι
1231 3530 1426 3602 κομιδῇ
1481 3531 1850 3604 διεκομίζοντο

247 3609 428 3677 μόλις,
465 3612 568 3664 καὶ¹
604 3612 714 3666 τῶν
755 3615 1064 3671 τεθνεώτων
1111 3620 1337 3692 λείψανα
1383 3625 1756 3695 μεμενήκασιν
1789 3627 1847 3681 ὲν

243 3705 311 3772 τῇ
345 3702 532 3774 χώρα.
567 3705 884 3772 Ἤγουνκαὶ
913 3709 1035 3762 καθ’
1052 3710 1241 3785 ἕτερον
1261 3713 1482 3782 τρόπον,
1504 3714 1847 3789 ὲξεσπάσθη-

244 3812 368 3860 σαν,
413 3797 496 3861 ὡς
551 3799 617 3851 ἐκ
657 3798 920 3870 στόματος
944 3801 1175 3868 λέοντος.
1241 3806 1694 3879 Ἀπενηνεγμένοι
1748 3811 1847 3880 μὲν

240 3889 323 3952 εἰς
377 3889 485 3958 τὴν
552 3890 866 3962 Ἀσσυρίαν,
911 3894 1129 3958 ἀνέντες
1189 3897 1246 3948 δὲ
1295 3899 1436 3952 κατά
1474 3901 1703 3972 καιροὺς
1743 3903 1846 3970 τῆς

238 3979 661 4048 αίχμαλωσίας,
685 3983 1054 4053 ὑπενόστησαν
1083 3987 1284 4050 πάντες
1315 3989 1412 4056 μὲν
1436 3988 1500 4042 οὒ
1516 4030 1532 4056 ,
1550 3990 1665 4043 ἀλλ’
1691 3990 1847 4059 ὀλίγα

237 4070 542 4131 παντελῶς
566 4070 675 4122 τῶν
703 4072 1179 4142 ἀποκομισθέντων
1210 4075 1456 4144 λείψανα.
1499 4079 1623 4131 Ὅτι
1666 4079 1721 4132 δὲ
1753 4082 1846 4134 καὶ

234 4163 345 4232 τὴν
361 4161 671 4228 Δαμασκὸν
704 4163 844 4216 κατὰ
870 4167 1092 4235 καιροὺς
1123 4162 1266 4237 εἶχεν
1285 4167 1614 4240 όἊσσύριος
1643 4170 1847 4240 Θεγλα-

235 4251 542 4323 φαλασὰρ,
582 4252 674 4305 καὶ
709 4252 1012 4326 μετῴκισεν
1055 4258 1136 4320 είς
1183 4257 1282 4328 τὴν
1310 4259 1529 4324 ἑαυτοῦ,
1562 4263 1726 4315 παντί
1769 4281 1845 4334 τῳ

237 4345 447 4414 σαφὲς,
479 4342 736 4417 καθάπερ
765 4339 977 4415 ἐγῷμαι
995 4361 1008 4375 ·
1042 4345 1118 4409 ὡς
1147 4348 1256 4418 γάρ
1277 4348 1333 4400 ἐν
1358 4349 1423 4419 τῇ
1471 4348 1704 4422 τετάρτη
1735 4351 1843 4404 τῶν

235 4435 566 4492 Βασιλειῶν
603 4436 935 4508 γέγραπται,
979 4437 1240 4509 κέκληταί
1277 4456 1409 4493 ποτε
1452 4440 1590 4510 πρὸς
1621 4444 1843 4496 ἐπικουο

237 4527 370 4599 ρίαν
400 4527 506 4580 τοῦ
550 4526 813 4597 βασιλέως
858 4527 1048 4593 Ἰούδα,
1071 4529 1448 4600 πολεμούντων
1497 4531 1644 4603 αὑτῷ
1689 4551 1842 4604 τηνι-

1953 3349 2098 3402 etab
2125 3348 2359 3404 inimicis
2403 3352 2741 3420 expugnati,
2789 3363 2843 3408 et
2909 3368 3030 3408 cum
3089 3355 3285 3409 bellum
3337 3369 3531 3416 omnes

1951 3440 2339 3508 propemodum
2389 3444 2834 3513 consumpsisset,
2893 3445 2983 3499 vix
3031 3449 3185 3514 pauci
3237 3447 3528 3501 admodum

1951 3533 2296 3599 transportati
2331 3543 2476 3596 sunt,
2516 3546 2961 3605 mortuorumque
3002 3541 3268 3593 cadavera
3321 3539 3374 3592 in
3443 3554 3529 3591 re-

1949 3621 2108 3690 gione
2137 3635 2473 3682 manserunt.
2494 3627 2618 3681 Sive
2642 3629 2829 3694 etiam,
2858 3629 2963 3682 alio
2986 3631 3162 3693 modo,
3185 3628 3330 3682 velut
3354 3641 3385 3682 e
3410 3628 3531 3682 fau-

1948 3717 2101 3771 cibus
2137 3717 2308 3772 leonis
2330 3717 2500 3785 erepti
2533 3725 2679 3770 sunt.
2707 3717 2938 3771 Abducti
2960 3718 3103 3772 enim
3140 3719 3191 3772 in
3225 3718 3526 3790 Assyriam,

1949 3817 2002 3863 et
2025 3817 2267 3879 tempore
2287 3807 2502 3877 expleto
2524 3807 2778 3863 libertate
2807 3809 3015 3876 donati,
3037 3823 3138 3862 non
3157 3809 3374 3878 quidem
3407 3825 3529 3866 om-

1949 3912 2066 3961 nes,
2088 3900 2182 3952 sed
2208 3898 2365 3967 pauci
2397 3899 2620 3954 omnino
2661 3912 2850 3953 eorum
2893 3899 2984 3969 qui
3028 3901 3242 3956 abducti
3284 3900 3522 3966 fuerant,

1949 3989 2248 4046 redierunt.
2282 3989 2548 4047 llabuisse
2578 3999 2758 4047 autem
2801 3991 3119 4048 Damascum
3162 3993 3450 4065 aliquando
3467 4003 3523 4050 et

1947 4082 2404 4152 Tlieglaplialasar
2429 4083 2729 4153 Assyrium,
2761 4093 2814 4138 et
2839 4083 2984 4138 cives
3014 4082 3134 4140 illos
3163 4086 3214 4139 in
3247 4088 3524 4157 Assyriam

1949 4173 2306 4239 transtulisse,
2332 4174 2599 4228 neminem
2628 4174 2778 4239 latet,
2811 4183 2869 4227 ut
2909 4174 3118 4241 opinor.
3167 4175 3237 4230 Ut
3267 4179 3409 4231 enim
3469 4178 3523 4232 in

1946 4272 2138 4332 quarto
2161 4263 2364 4333 Regum
2397 4263 2891 4333 legimus,vocatus
2912 4275 2997 4319 est
3018 4266 3249 4334 quodam
3285 4276 3525 4336 tempore

1947 4357 1999 4409 in
2029 4355 2285 4409 auxilium
2319 4356 2462 4424 regis
2491 4355 2651 4422 Juda,
2703 4357 2936 4422 Phacee,
2977 4357 3087 4413 tilio
3117 4357 3374 4414 Romelim
3399 4373 3524 4429 rege

1945 4445 2129 4510 Israel,
2165 4446 2327 4518 285
2353 4458 2405 4503 et
2431 4448 2578 4514 Rasi,
2613 4462 2743 4516 rege
2773 4447 2963 4519 Syriae.
2985 4449 3133 4505 illum
3166 4451 3526 4520 oppugnanti-

1946 4538 2064 4593 bus.
2097 4537 2198 4592 Ubi
2243 4538 2412 4605 venit,
2463 4537 2633 4595 Rasin
2689 4539 2912 4606 occidit,
2972 4540 3144 4612 ipsam
3196 4540 3522 4596 Damascum

238 4621 375 4673 κάδε
431 4619 616 4672 Φακεὲ
661 4619 755 4674 τοῦ
811 4620 1089 4697 Ῥομελίου
1137 4621 1404 4692 βασιλέως
1456 4624 1692 4698 Ἰσραὴλ,
1741 4628 1836 4680 καὶ
1871 4618 1913 4673 D
1943 4631 2082 4698 cepit
2112 4630 2180 4686 ”.

236 4715 344 4782 μέν
373 4730 466 4766 τοι
518 4713 612 4766 καὶ
655 4715 898 4769 Ῥαασὼν
943 4714 1210 4787 βασιλέως
1275 4716 1494 4785 Συρίας.
1542 4721 1869 4791 ’Δφιγμένος
1911 4722 1965 4775 δὲ
2002 4724 2093 4777 τόν
2127 4742 2187 4778 τε
2241 4725 2490 4780 Ῥαασὼν
2521 4725 2830 4793 ἀπέκτεινε,
2882 4728 2979 4780 καὶ
3028 4726 3196 4798 αὐτὴν
3267 4719 3379 4778 εἷλε
3423 4721 3523 4795 τὴν

231 4805 569 4877 Δαμασκόν.

307 4903 375 4954 Εἰ
402 4903 466 4955 δὲ
509 4901 573 4971 δή
596 4917 679 4964 τις
703 4900 876 4956 ἕλοιτο
903 4904 1000 4958 καὶ
1029 4906 1124 4960 ἐπὶ
1153 4905 1362 4970 πάντας
1385 4908 1705 4981 ἀνθρώπους
1735 4910 1834 4981 τὴν

229 4993 298 5044 ὲκ
329 4992 442 5061 τῆς
483 4991 864 5060 προκειμένων
910 4994 1140 5066 δύναμιν
1196 4999 1517 5071 ἀποφέρειν,
1565 5003 1666 5055 οὐκ
1725 5001 1837 5055 ἀπὸ

233 5077 460 5130 σκοποῦ
506 5077 789 5146 βαδιεῖται.
821 5083 1049 5154 Συνήσει
1086 5087 1195 5158 γὰρ
1223 5089 1308 5157 δὴ,
1345 5091 1439 5144 καὶ
1469 5090 1587 5144 λίαν
1616 5090 1793 5162 ὀρθῶς
1818 5130 1833 5156 ,

229 5171 424 5224 ἐκεῖνο
463 5169 944 5240 διενθυμούμενος,
995 5177 1070 5240 ὼς
1102 5179 1317 5249 ἥρπασε
1355 5182 1453 5250 μὲν
1495 5184 1523 5235 ὁ
1551 5183 1833 5248 Σατανᾶς,

229 5264 331 5315 καλ⁸
360 5261 706 5330 κατεδήδοκε
730 5265 856 5326 τοὺς
885 5266 975 5318 ἐπὶ
994 5271 1093 5338 τῆς
1121 5271 1244 5341 γῆς,
1269 5273 1362 5324 καὶ
1391 5273 1596 5342 θηρίων
1627 5273 1834 5342 ἀνημέ-

232 5372 349 5425 ρων
418 5353 752 5433 δεινότερον·
805 5355 923 5409 ἀλλ’
972 5359 1238 5431 ἐπεφάνη,
1289 5363 1382 5414 καὶ
1443 5361 1832 5433 βεϐοήθηκενό

227 5445 457 5514 ποιμὴν
493 5447 521 5497 ὁ
548 5431 732 5511 καλός,
779 5448 809 5501 ό
853 5448 952 5520 τὴν
980 5450 1156 5522 ψυχὴν
1196 5451 1359 5505 αὑτοῦ
1403 5452 1515 5515 θεὶς
1554 5431 1695 5525 ὑπὲρ
1723 5454 1832 5509 τῶν

227 5537 570 5609 προϐάτων,
591 5539 887 5604 ἐξέσπασεν
917 5544 1064 5613 ἡμᾶς
1096 5545 1223 5608 τούς
1250 5561 1310 5596 τε
1341 5545 1834 5624 ὑπολελειμμένους

225 5633 289 5684 ἐν
323 5629 503 5696 ζῶσι,
539 5632 634 5684 καὶ
677 5634 803 5696 τοὺς
831 5635 935 5704 ἤδη
985 5635 1310 5698 τεθνεῶτας,
1349 5637 1436 5699 Ὠς
1471 5638 1578 5708 γάρ
1612 5658 1774 5711 φησιν
1805 5645 1833 5694 ὀ

321 5809 514 5865 “15a.
557 5829 760 5881 xuvt',
804 5814 891 5868 3i.

2015 4910 2093 4964 Ac
2126 4909 2169 4963 si
2227 4910 2346 4979 quis
2395 4911 2794 4980 propositorum
2853 4911 3175 4965 sententiam
3220 4916 3521 4982 generatim

1947 5000 2012 5054 ad
2049 5014 2240 5055 omnes
2295 5001 2542 5056 homines
2594 5000 2798 5056 referre
2842 5001 3093 5062 Voluerit,
3131 5017 3159 5055 a
3207 5018 3373 5073 scopo
3414 5021 3519 5062 non

1945 5093 2235 5146 aberrabit.
2263 5091 2524 5163 Intelliget
2559 5095 2701 5147 enim
2727 5093 2829 5160 sic,
2853 5101 2907 5146 et
2929 5094 3228 5148 rectissime
3272 5095 3516 5165 quidem,

1944 5183 2073 5238 illud
2102 5181 2371 5252 cogitans,
2400 5183 2655 5236 Satanam
2698 5185 2752 5238 in
2781 5193 2924 5238 terra
2958 5195 3238 5241 versantes
3270 5187 3516 5256 rapuisse

1942 5290 2006 5328 ac
2038 5280 2328 5328 devorasse
2356 5275 2591 5329 atrocius
2614 5291 2774 5345 quam
2804 5275 3066 5330 immanes
3093 5275 3286 5332 bellua:
3316 5279 3512 5336 solent.

1937 5367 2042 5422 Sed
2080 5366 2389 5434 apparuisse
2451 5375 2505 5420 et
2533 5367 2837 5422 occurrisse
2870 5376 3143 5435 pastorem
3170 5370 3388 5439 bonum,
3422 5374 3522 5440 qui

1940 5458 2116 5528 posuit
2152 5458 2383 5511 animam
2402 5473 2554 5512 suam
2585 5473 2681 5527 pro
2708 5459 2898 5514 ovibus
2930 5459 3041 5513 suis
3071 5459 3137 5526 “,
3165 5470 3221 5516 et
3250 5463 3516 5532 eripuisse

1939 5565 2038 5604 nos
2067 5551 2266 5619 quique
2309 5547 2484 5602 relicti
2545 5561 2764 5601 eramus
2811 5547 2954 5602 inter
2991 5549 3160 5619 vivus,
3184 5561 3238 5607 et
3271 5553 3362 5622 qui
3399 5551 3512 5622 jam

1942 5657 2158 5696 eramus
2190 5641 2405 5696 mortui.
2447 5637 2603 5703 Nam,
2628 5649 2684 5692 ut
2714 5639 2789 5694 ait
2821 5639 3023 5698 Psaltes
3053 5661 3066 5700 :
3106 5662 3123 5696 ι
3169 5643 3336 5700 Molas
3397 5644 3512 5699 leo-

970 5816 1013 5844 sn
1040 5813 1102 5866 ιγ
1145 5815 1271 5885 [ιο-ε,
1317 5830 1420 5882 xu,
1453 5821 1502 5873 υ,
1582 5818 1625 5850 θ’·
1653 5817 1808 5873 Joun.
1845 5834 1896 5878 Χ,
1942 5819 2023 5875 Η.
