4054 6274
540 443 637 512 ιη

536 555 667 627 num
689 574 957 646 confregit
984 577 1241 632 Dominus
1271 577 1338 630 ".
1380 593 1396 626 ι
1444 574 1508 628 Ει
1541 575 1780 631 Paulus:
1823 593 1843 626 ι
1875 571 2117 627 Mortuus
2148 579 2187 632 Α

537 671 645 727 est,
669 675 723 718 et
750 666 966 733 revixit,
1004 677 1063 724 ut
1091 666 1336 724 vivorum
1369 675 1421 723 et
1447 676 1784 723 mortuorum
1813 665 2119 721 dominare-

539 761 627 808 tur
647 755 712 809 ".
745 773 764 807 ι

599 842 762 898 Vens.
824 846 1014 902 15-15.
1057 847 1389 914 Sacerdotes,
1423 849 1621 915 audite,
1666 859 1714 904 et
1755 849 2119 905 contestamini

534 933 716 989 domui
774 935 962 1003 Iacob,
993 939 1118 993 dicit
1149 939 1405 994 Dominus
1437 941 1575 996 Deus
1613 941 1957 1008 omnipotens.
1979 939 2118 1005 Quia

532 1030 588 1081 in
621 1029 725 1095 die,
755 1047 874 1085 cum
912 1032 1144 1087 ulciscar
1164 1033 1451 1101 impietates
1477 1031 1649 1088 Israel
1702 1050 1858 1104 super
1900 1048 2039 1097 eum,
2070 1044 2121 1087 et

533 1119 953 1192 ulciscar'super
973 1124 1170 1178 altaria
1199 1123 1468 1189 Betltel,et
1525 1125 1878 1193 stt/fodiantur
1918 1140 2119 1179 cornua

533 1211 742 1280 altaris,
767 1225 812 1268 et
831 1215 1018 1270 cadent
1040 1231 1199 1285 super
1228 1226 1445 1272 terram.
1471 1215 1811 1285 Confundam
1852 1225 1903 1270 et
1929 1232 2118 1284 percu-

533 1302 665 1356 tiam
692 1305 903 1358 domum
934 1307 1206 1374 pinnatam
1239 1321 1396 1374 super
1425 1306 1639 1360 domum
1661 1307 1974 1372 aestivam,“
2002 1324 2119 1375 per-

532 1391 681 1447 ibunt
733 1396 917 1451 domus
943 1399 1203 1464 eburnea,
1237 1409 1285 1453 et
1313 1399 1638 1468 adjicientur
1673 1401 1860 1454 domus
1912 1401 2036 1456 alia:
2065 1411 2114 1455 et

533 1485 738 1567 multat,
764 1487 888 1542 dicit
916 1487 1189 1546 Dominus.

602 1753 842 1812 XXXIII.
869 1754 1027 1814 Redit
1061 1761 1129 1816 ad
1154 1764 1526 1820 narrationem
1557 1765 1860 1822 evidentem
1883 1781 2098 1833 eorum,

531 1858 652 1916 quae
671 1859 890 1906 manent
925 1850 1243 1920 sceleratos,
1275 1856 1522 1911 eumdem
1550 1870 1858 1912 sermonem
1904 1858 2111 1916 iterans

529 1947 586 1994 et
614 1939 846 1996 dilatans
873 1943 1151 2011 saepiusad
1176 1945 1463 2002 utilitatem
1519 1948 1879 2002 audientium.
1938 1947 2110 2015 Quam
2147 1939 2188 1996 Β

529 2043 644 2085 rem
669 2047 776 2087 non
807 2032 1198 2090 infructuosam
1233 2050 1354 2092 esse
1381 2037 1706 2109 intelligens,
1731 2040 1945 2110 opinor,
1976 2038 2112 2096 Pau-

526 2119 614 2175 lus
638 2121 1166 2192 scribitquibusdam
1195 2141 1210 2179 :
1234 2144 1253 2178 ι
1286 2126 1484 2182 Eadem
1515 2129 1665 2186 vobis
1717 2130 1956 2188 scribere
1977 2132 2108 2188 mihi

525 2214 747 2284 quidem
781 2231 884 2271 non
913 2217 1150 2287 pigrum,
1179 2220 1331 2276 vobis
1357 2230 1538 2278 autem
1595 2227 1964 2283 necessarium
1988 2229 2058 2287 ".
2083 2249 2103 2284 ι

524 2305 743 2362 Mandat
771 2308 939 2378 igitur
965 2309 1361 2381 sacerdotibus,
1393 2322 1600 2371 tantum
1647 2333 1755 2374 non
1807 2320 2106 2378 clarissima

525 2412 658 2454 voce
683 2399 981 2454 contestari
1019 2401 1206 2468 Israel,
1228 2411 1284 2459 et
1315 2404 1527 2475 singula
1587 2422 1715 2464 mox
1766 2408 1947 2468 futura
2001 2413 2108 2471 illis

522 2489 841 2558 praedicere.
873 2490 940 2546 Et
960 2507 1223 2563 quosnam
1250 2510 1384 2553 voce
1424 2498 1478 2554 in
1518 2499 1736 2572 longum
1787 2515 2108 2573 penetrante

520 2579 757 2639 clamare
775 2582 956 2655 iussos
993 2586 1393 2658 intelligemus?
1411 2592 1605 2662 ecquid
1630 2595 1941 2654 sacerdotes
1960 2597 2102 2654 vitu-

520 2673 719 2742 lorum,
754 2683 848 2730 aut
877 2675 1106 2733 aliorum
1143 2677 1416 2748 fanorum,
1449 2691 1543 2738 aut
1595 2683 1913 2742 idolorum?
1938 2690 2103 2762 Atqui

521 2765 622 2821 hoc
644 2766 958 2824 incredibile
980 2770 1253 2830 existimo.
1276 2769 1389 2830 Nec
1403 2775 1549 2830 enim
1605 2776 1681 2832 illi
1710 2793 1806 2834 sua
1838 2779 2100 2850 ipsorum,

518 2865 574 2909 el.
597 2856 825 2914 aliorum
881 2875 1016 2926 quos
1076 2864 1405 2920 seduxerant
1453 2866 1596 2922 mala
1652 2871 2099 2938 proclamassent.

518 2947 622 3012 Quini
647 2962 777 3018 ergo
801 2951 1112 3006 sacerdotes
1168 2953 1297 3007 huic
1354 2956 1565 3010 muneri
1596 2958 1878 3013 constituti
1937 2961 2104 3016 sunt?

519 3037 620 3101 Qui
653 3038 720 3091 de
745 3037 952 3091 familia
1007 3038 1137 3094 Levi
1181 3049 1359 3096 erant.
1426 3041 1544 3098 Non
1576 3045 1722 3099 enim
1749 3061 1938 3104 omnes
1993 3065 2099 3106 una

518 3127 651 3196 lapsi
677 3136 824 3194 sunt,
849 3143 970 3183 cum
995 3129 1082 3194 iis,
1103 3131 1193 3200 qui
1230 3132 1282 3186 in
1307 3132 1552 3190 Samaria
1585 3135 1638 3190 in
1657 3151 1902 3193 errorem
1949 3141 2099 3197 abie-

518 3221 664 3270 runt.
701 3214 818 3271 Non
843 3219 1220 3275 sustinuerunt
1255 3223 1462 3278 servire
1493 3225 1670 3283 idolis.
1737 3227 1785 3282 Α
1837 3230 2099 3302 religione

517 3319 696 3367 autem
738 3311 1200 3369 Samaritanorum
1273 3315 1626 3388 refugientes,
1668 3299 2098 3394 Hierosolymam
2129 3299 2175 3361 Ο

515 3406 642 3458 sunt
679 3403 994 3470 reversi,de
1041 3405 1236 3474 quibus
1277 3407 1349 3462 ita
1413 3408 1676 3480 scriptum
1733 3421 1914 3468 exstat
1963 3415 2100 3472 libro

513 3493 751 3548 secundo
799 3491 1271 3565 Paralipomenon.
1310 3496 1502 3556 Sermo
1543 3509 1628 3556 cst
1671 3501 1738 3558 de
1791 3502 2098 3561 Jeroboam.

513 3586 682 3656 286
720 3584 920 3642 Deinde
945 3588 1063 3657 ejus
1107 3590 1405 3658 potentiam
1449 3607 1733 3664 enarratis,
1765 3597 1843 3652 ait
1880 3616 1894 3653 :
1937 3617 1955 3650 ι
1991 3599 2101 3654 lm-

515 3673 727 3739 peravit
755 3687 920 3742 super
946 3673 1140 3730 Judam
1164 3685 1218 3733 ct
1247 3677 1550 3748 Beniamin.
1576 3681 1898 3742 Sacerdotes
1914 3698 2092 3744 autem

513 3773 567 3816 ct
597 3762 815 3829 Levites,
848 3765 941 3836 qui
967 3778 1122 3837 erant
1150 3768 1204 3823 in
1235 3770 1492 3828 universo
1514 3771 1701 3842 lsrael,
1733 3789 2002 3834 venerunt
2028 3781 2094 3835 ad

511 3869 635 3908 eum
667 3869 729 3910 ex
771 3856 1023 3912 omnibus
1052 3856 1268 3915 finibus.
1293 3860 1427 3928 Quia
1480 3863 1856 3936 relinquebant
1894 3867 2096 3927 Levita

514 3945 867 3999 tabernacula
887 3946 1242 4006 habitationis
1263 3966 1397 4018 suae,
1433 3961 1488 4008 et
1516 3957 1821 4012 transibant
1880 3963 1946 4014 ad
2001 3961 2097 4014 Ju—

512 4037 635 4091 tlam
663 4047 718 4094 et
757 4037 1081 4108 Jerusalem,
1133 4058 1198 4098 eo
1253 4045 1398 4114 quod
1442 4046 1734 4116 abjecisset
1791 4065 1885 4106 eos
1939 4051 2095 4108 Jeru-

509 4129 765 4197 boam,et
797 4132 999 4200 posteri
1035 4133 1172 4201 ejus,
1210 4149 1281 4190 ne
1303 4138 1610 4193 sacerdotio
1673 4139 1889 4196 Domini
1911 4141 2096 4214 iunge-

510 4230 723 4276 rentur.
758 4221 893 4289 Quia
959 4225 1244 4282 constituit
1274 4225 1378 4282 sibi
1454 4229 1770 4309 sacerdotes
1844 4213 2092 4290 excelso.-

509 4327 630 4366 rum
661 4314 728 4367 ’⁸.
767 4333 784 4365 ι
825 4314 957 4369 Nam
981 4318 1108 4386 quia
1131 4319 1186 4373 hi
1211 4317 1277 4373 de
1302 4321 1499 4390 quibus
1527 4321 1816 4394 loquimur.
1844 4341 1948 4382 non
1992 4341 2092 4396 pa-

509 4421 628 4460 rum
657 4405 847 4462 olfensi
877 4408 1113 4474 fuerant,
1135 4418 1190 4465 et
1221 4415 1564 4483 cognatione,
1593 4426 1645 4472 et
1673 4425 1844 4482 sorte,
1868 4426 1922 4473 et
1968 4418 2090 4474 olli-

507 4499 594 4554 cio
626 4499 743 4568 ipso
766 4501 1107 4557 sacriﬁcandi
1129 4505 1360 4576 expulsi,
1378 4510 1688 4564 necessario
1713 4509 1845 4576 ipsis
1873 4512 2085 4580 potissi-

508 4606 653 4644 mum
683 4591 946 4647 idolorum
995 4595 1255 4664 ipsorum,
1308 4605 1363 4651 et
1417 4597 1679 4654 Samarite
1727 4603 2086 4658 vastationem
2121 4644 2164 4699 υ

503 4684 852 4753 promulgare
877 4687 1174 4756 prmcepit:
1216 4689 1616 4758 quodammodo
1644 4693 1714 4747 ita
1762 4708 1856 4748 eos
1890 4710 2090 4749 conso-

505 4776 622 4832 'ans
645 4785 700 4830 et
731 4777 951 4841 docens,
980 4778 1249 4847 sapientes
1281 4795 1344 4836 ea
1365 4797 1486 4853 quae
1515 4783 1610 4839 Dei
1641 4794 1764 4839 sunt
1787 4785 1854 4851 θ’,
1885 4795 1939 4840 et
1964 4788 2086 4841 uni-

502 4882 781 4924 versorum
813 4868 1022 4925 Domini
1047 4879 1314 4936 amantes,
1339 4888 1445 4928 non
1471 4890 1594 4929 cum
1645 4875 1766 4931 aliis
1791 4877 2086 4945 perituros,

499 4962 597 5017 sed
638 4961 773 5015 iram
807 4961 1044 5017 divinam
1079 4975 1358 5022 evasuros.
1401 4965 1630 5034 Quando
1658 4967 1802 5024 enim
1847 4970 2086 5025 vindica-

501 5066 651 5118 vero,
686 5054 882 5123 inquit,
903 5053 958 5110 in
987 5053 1263 5112 lsraelitas
1314 5068 1536 5129 propter
1594 5069 1815 5131 peccata
1874 5076 2086 5129 eorum,

505 5160 523 5194 ι
559 5142 712 5199 Tunc
744 5144 910 5200 etiam
954 5146 1190 5205 ulciscar
1234 5163 1396 5219 super
1433 5150 1622 5206 altaria
1678 5151 1886 5209 Bctliel.
1911 5153 2089 5212 Sull‘o-

501 5235 724 5289 tlicntur
756 5237 899 5292 enim
932 5253 1141 5294 cornua
1157 5253 1370 5307 eorum,
1402 5251 1456 5296 et
1483 5244 1674 5299 cadent
1700 5248 1748 5298 in
1793 5259 2014 5301 terram.
2059 5267 2079 5300 ι

499 5327 581 5380 An
606 5328 1288 5403 igiturltucusquetanttun
1312 5338 1574 5404 procedet
1609 5338 1843 5395 vastatio
1896 5341 2086 5395 Sama-

501 5419 615 5483 riaz,
647 5429 702 5475 et
734 5424 961 5481 sullicict
985 5427 1182 5499 templa
1213 5427 1481 5486 duntaxat
1505 5430 1790 5487 destruere
1835 5449 1950 5499 eos,
1992 5434 2086 5505 qui

501 5511 693 5566 altaria
717 5514 928 5573 diruere
949 5521 1253 5580 etevellere
1305 5522 1442 5593 jussi
1508 5526 1671 5582 sunt?
1727 5525 2083 5598 Neutiquam.

505 5621 526 5656 s
567 5602 901 5662 Confundam
927 5613 1093 5676 enim,
1130 5613 1324 5684 inquit,
1357 5625 1414 5672 et
1469 5619 1768 5687 percutiam
1805 5619 2082 5688 pinnatam

498 5699 992 5769 domum,etsuper
1025 5703 1239 5759 domum
1279 5710 1543 5766 aestivam.
1582 5731 1602 5764 ›
1664 5711 1842 5767 Vitam
1885 5713 2084 5770 delica-

567 5882 610 5913 θ’
634 5895 778 5956 pm],
811 5913 943 5970 μη,
975 5899 1027 5954 7.
1110 5900 1330 5959 "Rom.
1367 5919 1478 5975 xlv,
1515 5906 1566 5963 9.
1644 5909 1687 5942 ’⁷
1713 5907 1968 5984 Ριιίιίιψ.,
1994 5930 2053 5971 ιιι
2097 5917 2141 5970 I.

1540 454 1599 510 S.
1641 454 1919 510 CYIIILLI
1963 450 2435 507 ALEXANDRINI
2476 451 2798 510 ARCHIEP.

3701 449 3812 504 ΠΩ

2221 571 2475 636 meum,
2512 591 2530 624 ι
2568 573 2678 636 Τὰς
2711 571 2885 643 μύλας
2937 567 3048 624 τῶν
3098 567 3328 622 λεόντων
3368 565 3663 621 συνέθλασε
3691 565 3812 621 Κύ-

2225 683 2356 735 ριος.
2390 682 2408 716 ι
2435 665 2546 718 Καὶ
2592 665 2669 730 ὡς
2724 666 2752 718 ό
2799 662 3010 728 Παῦλός
3069 678 3255 733 φησιν,
3305 677 3325 712 ι
3366 659 3664 726 Ἀπέθανε,
3714 660 3813 724 καὶ

2221 759 2404 830 ἔζησε,
2438 759 2524 813 ἵνα
2557 757 2775 823 ζώντων
2803 755 2897 811 καὶ
2929 755 3140 829 νεκρῶν
3159 752 3442 826 κυριεύσῃ.
3471 770 3490 804 ι

2303 854 2521 923 Ἰερεῒς,
2550 853 2876 917 ἀκούσατε,
2911 852 3010 906 καί
3049 850 3528 920 ὲπιμαρτύρασθε
3557 845 3641 912 τῷ
3665 846 3812 909 οτκῳ

2233 945 2462 1010 Ἰακὼϐ,
2521 944 2685 1012 λέγει
2741 944 2958 1012 Κύριος
2987 944 3021 996 ὁ
3072 942 3217 1006 Θεὸς
3268 942 3302 994 ὀ
3353 935 3806 1006 παντοκράτωρ.

2219 1039 2376 1091 Διότι
2428 1036 2498 1091 ἐν
2543 1034 2621 1104 τῇ
2671 1035 2863 1105 θήμέρᾳ
2913 1034 3060 1088 ὅταν
3105 1030 3321 1086 ἐκδικῶ
3373 1029 3660 1095 ἀσεϐείας
3700 1027 3809 1082 τοῦ

2231 1128 2471 1198 Ἰσραὴλ
2503 1127 2596 1181 ἐπ’
2627 1127 2836 1194 αὐτὸν,
2863 1126 2962 1181 καὶ
2995 1124 3297 1191 ἐκδικήσω
3346 1123 3446 1177 ἐπὶ
3495 1124 3568 1177 τὰ
3599 1125 3811 1176 θυσια-

2219 1221 2439 1291 στήρια
2474 1219 2726 1286 Βαιθήλ.
2756 1218 2867 1273 Καὶ
2893 1214 3428 1286 νατασκαφήσεται
3476 1214 3550 1269 τὰ
3589 1213 3809 1283 κέρατα

2217 1313 2326 1368 τοῦ
2359 1311 2794 1379 θυσιαστηρίου
2813 1349 2829 1375 ,
2872 1309 2972 1363 καὶ
3022 1307 3352 1362 πεσοῦνται
3375 1304 3476 1360 ἐπὶ
3513 1303 3631 1373 τὴν
3666 1302 3804 1373 τῆν.

2218 1403 2462 1478 Συγχεῶ
2503 1403 2602 1459 καὶ
2659 1401 2906 1466 πατάξω
2935 1400 3043 1455 τὸν
3078 1395 3246 1455 οἷκον
3286 1398 3396 1453 τὸν
3445 1399 3809 1466 περίπτερον

2217 1493 2317 1548 ἐπὶ
2358 1492 2466 1548 τὸν
2490 1488 2660 1546 οἶκον
2681 1491 2790 1545 τὸν
2829 1491 3088 1558 θερινὸν,
3115 1489 3214 1543 καὶ
3255 1488 3630 1544 ἀπολοῦνται
3655 1483 3806 1542 οἶκοι

2215 1584 2598 1657 ἐλεφάντινοι
2615 1626 2632 1651 ,
2684 1583 2784 1646 καὶ
2831 1581 3352 1652 προστεθήσονται
3405 1575 3562 1636 οἴκοι
3612 1580 3803 1650 ἕτεροι

2216 1679 2316 1733 καὶ
2336 1677 2575 1743 πολλοὶ,
2597 1676 2759 1745 λέγει
2786 1676 3021 1744 Κύριος.

2289 1771 2411 1826 ΛΓ’.
2465 1769 2744 1823 Ἐπάνεισι
2800 1767 2964 1822 πάλιν
3010 1769 3091 1831 εἰς
3133 1766 3410 1837 ἀφήγησιν
3455 1763 3666 1837 ἐναργῆ
3697 1764 3804 1827 τῶν

2218 1860 2648 1934 συμϐησομένων
2672 1861 2786 1922 τοῖς
2810 1857 3133 1929 ἠσεϐηκόσι,
3165 1856 3260 1910 τὸν
3288 1855 3452 1910 αὐτὸν
3476 1856 3804 1918 πλειστάκις

2217 1953 2564 2025 κατευρύνων
2584 1951 2743 2021 λόγον
2767 1950 2849 2014 εἱς
2871 1949 3057 2021 ὄνησιν
3072 1950 3184 2013 τοῖς
3203 1948 3598 2021 ἀκροωμένοις.
3620 1947 3808 2017 Ὅθεν,

2216 2040 2368 2118 οἶμαί
2418 2062 2546 2108 που,
2575 2041 2638 2097 τὸ
2668 2042 2862 2114 χρῆμα
2893 2041 3073 2105 συνεὶς
3103 2041 3178 2105 ὡς
3219 2039 3370 2094 ἔστιν
3405 2040 3508 2094 οὐκ
3538 2039 3804 2113 ἀκερδὲς,

2217 2135 2529 2192 ἐπιστέλλει
2555 2135 2666 2189 τισὶ
2691 2134 2936 2198 Παῦλοςτ
2972 2151 2990 2185 ι
3025 2132 3106 2187 Τὰ
3137 2130 3278 2187 αὐτὰ
3293 2131 3476 2200 λέγειν
3497 2132 3654 2202 ὑμῖν,
3684 2132 3808 2203 ἐμοὶ

2219 2231 2319 2301 μὲν
2348 2228 2449 2284 οὐκ
2482 2227 2738 2299 ὀκνηρὸν,
2770 2226 2902 2298 ὑμῖν
2930 2225 2987 2279 δὲ
3016 2223 3278 2294 ἀσφαλές.
3310 2242 3328 2276 ι
3371 2222 3715 2295 Προστάττει
3746 2221 3808 2295 δὴ

2213 2318 2308 2376 οὖν
2337 2322 2466 2384 τοὺς
2493 2318 2876 2392 ἱερατεύοντας
2906 2317 3188 2388 μονονουχὶ
3219 2315 3316 2370 καὶ
3360 2313 3498 2384 ὑψοῦ
3533 2314 3636 2385 τὴν
3671 2313 3810 2368 ίδίαν

2217 2415 2396 2476 ἱέντας
2435 2410 2621 2483 φωνὴν
2654 2408 3136 2481 διαμαρτύρασθαι
3180 2406 3260 2480 τῷ
3299 2406 3539 2479 Ἰσραὴλ,
3597 2405 3812 2460 ἕκαστά

2211 2523 2272 2559 τε
2307 2504 2416 2558 τῶν
2441 2505 2566 2558 ὅσον
2593 2501 2747 2556 οὔπω
2783 2498 3217 2572 συμϐησομένων
3260 2497 3662 2570 προαγορεύειν
3715 2498 3811 2551 αύ-

2210 2599 2344 2662 τοῖς.
2379 2595 2487 2649 Καὶ
2519 2595 2671 2659 τίνας
2724 2589 2835 2665 ἆρα
2890 2593 3159 2664 νοήσομεν
3203 2591 3332 2655 τοὺς
3381 2589 3714 2661 διαπρύσιόν
3757 2607 3808 2643 τι

2212 2691 2411 2758 φωνεῖν
2462 2683 2959 2756 ὲπιτεταγμένους;
3005 2677 3116 2754 ἆρα
3168 2681 3297 2745 τοὺς
3348 2679 3459 2734 τῶν
3516 2679 3810 2750 δαμάλεων

2212 2777 2417 2850 ἱερέας,
2473 2776 2508 2846 ἦ
2553 2775 2680 2838 τοὺς
2713 2772 2823 2826 τῶν
2881 2771 3086 2841 ἑτέρων
3133 2769 3413 2840 τεμενῶν,
3463 2769 3498 2839 ἢ
3538 2768 3804 2835 εἱδῶλωνς

2222 2870 2383 2934 Ἀλλ’,
2440 2863 2617 2939 οἶμαι,
2669 2865 2829 2919 τοῦτο
2884 2862 3169 2919 ἀπίθανον.
3203 2863 3278 2915 Οὐ
3323 2860 3432 2932 γὰρ
3475 2859 3545 2914 ἂν
3609 2862 3805 2914 ἐκεῖνοι

2207 2960 2533 3032 διεκήρυξαν
2586 2958 2658 3012 τά
2684 2974 2746 3010 τε
2785 2954 2936 3026 σφῶν
2975 2954 3158 3010 αὐτῶν
3202 2953 3298 3008 καὶ
3329 2953 3398 3007 τὰ
3434 2953 3548 3006 τῶν
3603 2953 3800 3024 ἑτέρων

2207 3053 2374 3116 κακὰ,
2397 3050 2490 3116 οὒς
2511 3049 2668 3105 αύτοὶ
2689 3049 3095 3120 πεπλανήκασι.
3112 3046 3271 3110 Τίνες
3299 3041 3395 3099 οὖν
3423 3041 3538 3118 ἆρα
3570 3061 3795 3117 προστε-

2203 3143 2466 3214 ταγμένοι
2487 3141 2647 3196 τοῦτο
2683 3140 2817 3213 δρᾷν
2841 3141 3008 3212 ἱερεῖς
3033 3156 3048 3204 ;
3077 3139 3139 3192 Οἱ
3171 3137 3230 3205 ἐξ
3253 3138 3487 3209 αἵματος
3508 3137 3609 3191 τοῦ
3648 3135 3792 3191 Astii.

2207 3237 2282 3290 Ού
2329 3235 2440 3307 γὰρ
2497 3233 2700 3298 πάντες
2758 3230 3200 3303 συνωλισθήκασι
3237 3232 3361 3294 τοῖς
3406 3232 3465 3284 έν
3515 3229 3805 3302 Σαμαρείᾳ

2207 3326 2673 3397 πεπλανημένοις.
2709 3325 2823 3379 Ούκ
2877 3324 3175 3395 ἠνέσχοντο
3200 3321 3485 3394 λατρεύειν
3528 3321 3799 3385 εἰδώλοις.

2219 3417 2700 3489 ’Λποπηδήσαντες
2731 3414 2790 3468 δὲ
2845 3413 2946 3484 τῆς
2993 3411 3371 3484 Σαμαρειτῶν,
3423 3410 3797 3480 ύπενόστησαν

2206 3512 2290 3574 εἱς
2325 3508 2697 3580 Ἱεροσόλυμα’
2724 3505 3038 3577 γέγραπται
3076 3504 3134 3558 δὲ
3181 3502 3327 3558 οὕτω
3365 3502 3494 3574 περὶ
3528 3500 3704 3556 αὐτῶν
3734 3503 3798 3554 ὲν

2202 3603 2268 3672 τῇ
2300 3600 2532 3671 δευτέρᾳ
2563 3599 2672 3653 τῶν
2727 3595 3250 3668 Παραλειπομένων.
3289 3596 3450 3651 Ἔστι
3505 3593 3605 3666 μὲν
3650 3588 3745 3647 οὖν
3774 3594 3806 3647 δ

2203 3691 2362 3760 λόγος
2385 3691 2514 3763 περὶ
2535 3691 2630 3742 τοῦ
2675 3687 2980 3760 Ἰεροὸοάμη
3016 3683 3148 3742 Εἶτα
3205 3688 3307 3759 τὴν
3364 3686 3600 3742 ἐνοῦσαν
3653 3685 3808 3757 αὐτῷ

2201 3782 2428 3853 δύναμιν
2451 3781 2833 3852 ἐξηγούμενος,
2865 3781 2999 3851 φησι
3019 3796 3032 3811 ·
3077 3800 3096 3832 ι
3142 3781 3255 3834 Καὶ
3305 3775 3450 3851 ἦσαν
3482 3778 3636 3851 αύτῷ
3667 3778 3804 3832 Ἰού·

2199 3875 2318 3938 δας,
2351 3875 2446 3928 καὶ
2483 3873 2765 3945 Βενιαμίν.
2798 3875 2861 3927 Οἱ
2886 3874 3130 3936 Λευῖται,
3163 3872 3258 3927 καὶ
3287 3874 3335 3927 οἱ
3361 3875 3551 3944 ἱερεῖς,
3592 3873 3643 3926 οἳ
3663 3868 3800 3944 ἦσαν

2200 3965 2258 4018 ἐν
2285 3965 2450 4018 παντὶ
2474 3963 2712 4036 Ἰσραὴλ,
2749 3962 3096 4034 συνήχθησαν
3124 3963 3258 4034 πρὸς
3293 3964 3457 4017 αὐτὸν
3487 3966 3553 4017 ὲκ
3581 3963 3802 4017 πάντων

2197 4057 2307 4112 τῶν
2328 4058 2510 4129 ὁρίων.
2535 4059 2658 4111 Ὅτι
2682 4057 3044 4126 ἐγκατέλιπον
3061 4057 3108 4110 οἱ
3126 4058 3347 4110 Λευῖται
3368 4054 3438 4109 τὰ
3459 4054 3804 4126 σκηνώματα

2198 4150 2296 4221 τῆς
2329 4149 2717 4220 κατασχέσεως
2761 4149 2963 4214 αὐτῶν,
3004 4149 3099 4204 καὶ
3124 4147 3501 4221 ἐπορεύθησαν
3551 4149 3636 4210 είς
3670 4147 3805 4199 Ἰού-

2199 4243 2294 4298 δαν
2325 4244 2385 4296 ὲν
2427 4241 2805 4315 Ἰερουσαλὴμ,
2833 4243 2916 4297 ὅτι
2945 4242 3206 4310 ἐξέϐαλεν
3229 4243 3432 4306 αὐτοὺς
3470 4241 3804 4313 Ἰεροδοὰμ,

2201 4335 2295 4387 καὶ
2325 4334 2430 4388 υἱοὶ
2453 4333 2644 4398 αὑτοῦ,
2667 4333 2761 4388 τοῦ
2786 4335 2861 4406 μὴ
2904 4333 3241 4406 λειτουργεῖν
3281 4333 3362 4405 τῷ
3410 4334 3622 4404 Κυρίῳ.
3681 4332 3810 4385 Καὶ

2197 4427 2499 4498 κατέστησε
2551 4429 2678 4492 τοὺς
2731 4430 2898 4499 ἱερεῖς
2936 4428 3044 4484 τῶν
3075 4428 3318 4500 ὑψηλῶν.
3353 4447 3371 4481 s
3414 4427 3633 4500 Ἐπειδὴ
3677 4427 3810 4500 γὰρ

2195 4513 2340 4574 οὗτοι
2373 4519 2504 4591 περὶ
2535 4512 2610 4574 ὧν
2637 4522 2666 4572 ὁ
2718 4520 2898 4590 λόγος,
2945 4521 3006 4574 οὐ
3045 4521 3280 4592 μετρίως
3312 4520 3637 4591 λελύπηντο,
3699 4521 3812 4574 καὶ

2199 4613 2518 4680 συγγενείας
2533 4611 2628 4666 καὶ
2645 4612 2847 4684 κλήρου
2884 4613 3130 4684 ἀπεληλα
3138 4615 3310 4685 μένοι,
3331 4613 3426 4668 καὶ
3445 4613 3813 4683 λειτουργίας

2199 4703 2400 4774 αὐτῆς,
2455 4706 2774 4774 ἀναγκαίως
2821 4707 3008 4770 αὐτοῖς
3065 4707 3129 4778 δὴ
3197 4707 3436 4778 μάλιστα
3494 4708 3814 4777 κηρύττειν

2198 4797 2536 4868 προστέταχε
2566 4797 2674 4852 τῶν
2702 4796 2936 4851 εἰδώλων
2967 4797 3148 4852 αὐτῶν
3187 4799 3281 4852 καὶ
3309 4799 3411 4870 τῆς
3469 4799 3816 4870 Σαμαρείας

2193 4887 2290 4961 τὴν
2319 4890 2587 4962 πόρθησιν
2609 4931 2626 4956 ,
2665 4891 2826 4944 οἱονεί
2855 4909 2972 4955 πως
3005 4891 3532 4963 παραμυθούμενος,
3583 4893 3685 4946 καὶ
3724 4893 3817 4945 δι-

2195 4980 2435 5048 δάσκων,
2463 4981 2545 5035 ὅτι
2578 4981 2646 5036 τὰ
2681 4980 2820 5036 Θεοῦ
2845 4984 3066 5054 φρονεῖν
3099 4983 3392 5054 ᾑρημένοι,
3425 4983 3521 5036 καὶ
3562 4981 3659 5036 τὸν
3693 4982 3822 5037 τῶν

2195 5071 2334 5127 ὅλων
2359 5072 2636 5143 Δεσπότην
2673 5074 3048 5145 ἠγαπηκότες,
3095 5074 3157 5128 ού
3200 5073 3653 5128 ισυναπολοῦνται
3690 5077 3822 5138 τοῖς

2193 5165 2408 5229 ἄλλοις,
2462 5164 2708 5230 ἁλλ’έξω
2758 5165 3032 5220 κείσονται
3092 5165 3194 5236 τῆς
3237 5166 3429 5237 ὀργῆς.
3481 5166 3660 5218 Ὅταν
3694 5166 3827 5236 γὰρ

2194 5258 2534 5328 ὲπιφέροιμι,
2598 5259 2753 5331 φησὶ,
2803 5262 2916 5323 τοῖς
2971 5259 3031 5323 ὲξ
3083 5258 3301 5330 Ἰσραὴλ
3359 5259 3460 5320 τὰς
3511 5258 3825 5329 ἁμαρτίας

2194 5349 2394 5416 αὐτῶν,
2448 5369 2468 5401 ι
2510 5350 2643 5404 Τότε
2675 5350 2770 5403 καὶ
2829 5351 3106 5421 ἐκδικήσω
3144 5350 3237 5403 ἐπὶ
3295 5349 3366 5402 τὰ
3423 5348 3831 5422 θυσιαστήρια

2191 5442 2414 5514 Βαιθήλ·
2447 5445 2936 5514 κατασκαφήσεται
2958 5443 3066 5516 γὰρ
3091 5443 3160 5496 τὰ
3201 5442 3411 5513 κέρατα
3440 5441 3660 5507 αὐτῶν,
3715 5445 3832 5498 καὶ

2194 5534 2484 5590 πεσοῦνται
2517 5536 2608 5589 ἐπὶ
2633 5535 2732 5606 τὴν
2760 5536 2884 5606 γῆν.
2923 5555 2942 5586 ι
2979 5531 3108 5606 ’Ἆρ’
3132 5529 3225 5588 οὖν
3267 5535 3432 5606 μέχρι
3453 5532 3683 5588 τούτων
3709 5535 3832 5606 τῆς

2189 5626 2557 5699 Σαμαρείαςή
2594 5628 2883 5700 πόρθησις,
2917 5629 3011 5682 καὶ
3045 5627 3270 5699 ἀρκέσει
3303 5625 3557 5697 μόνοντὰ
3577 5628 3830 5700 τεμένη

2189 5719 2436 5774 καθελεῖν
2493 5723 2606 5786 τοῖς
2654 5719 2955 5793 καταδῃοῦν
3001 5719 3486 5791 ὲπιτεταγμένοις,
3535 5720 3642 5776 καὶ
3709 5738 3834 5779 κα-

2223 5918 2265 5950 ”
2288 5917 2331 5974 li
2366 5919 2534 5975 Parui.
2583 5937 2653 5988 ιι,
2691 5920 2753 5974 12
2791 5920 2872 5975 14.
2954 5923 3000 5956 ⁹⁹
3027 5919 3236 5978 Coloss.
3271 5931 3356 5989 ιιι,
3385 5917 3442 5974 3.
