4054 6274
281 431 397 491 475

1258 421 1809 487 COMMENTARIUS
1849 430 1917 486 IN
1955 433 2142 492 AMOS
2177 435 2622 496 PROPHETAM.

3456 441 3561 498 $73

286 553 521 625 τασκμάψ
555 566 572 601 ι
626 546 1040 619 θυσιαστήρια;
1088 545 1382 635 Οὐμενουν.
1431 567 1451 602 ι
1488 548 1715 620 Συγχεῶ
1747 549 1877 622 γὰρ,

1989 561 2094 609 tam
2125 555 2370 613 viventes
2397 558 2448 614 in
2486 559 2828 629 Samaria,et
2845 557 3036 630 amplis
3092 557 3296 614 divitiis
3323 561 3557 635 praediti,

295 641 472 713 φησὶ,
533 641 627 693 καὶ
696 637 922 704 πατάξω
980 637 1072 692 τὸν
1126 634 1275 693 οἷκον
1342 639 1436 693 τὸν
1503 640 1836 712 περίπτερον
1859 681 1875 708 ,

296 731 392 786 ἐπὶ
425 730 514 784 τὸν
546 724 696 786 οἷκον
719 727 812 782 τὸν
838 727 1068 798 θερινόν.
1106 746 1128 781 δ
1165 730 1232 784 Ὀ
1257 729 1315 784 δὲ
1355 729 1602 800 βούλεται
1641 731 1836 804 δηλοῦν
1859 773 1876 799 ,

295 821 538 875 τοιοῦτόν
573 821 711 873 ἐστι’
737 819 1054 889 τρυφῶντες
1080 819 1129 874 οἱ
1156 821 1214 874 ἐν
1242 823 1309 894 τῇ
1350 822 1656 895 Σαμαρείᾳ,
1689 823 1785 876 καὶ
1816 822 1879 877 τὸ

293 912 360 964 ἐκ
418 910 515 964 τοῦ
573 910 821 963 πλουτεῖν
877 909 1092 981 ἔχοντες
1147 911 1367 978 πλάτος,
1425 913 1605 977 οῐκους
1661 913 1880 979 ἑαυτοῖς

291 1001 700 1067 κατεσκεύαζον
732 1001 1042 1073 χειμερίους
1082 1019 1144 1056 τε
1178 1004 1273 1057 καὶ
1300 1003 1568 1076 θερινούς.
1622 1004 1734 1060 Καὶ
1784 1005 1876 1060 τὸν

293 1093 393 1163 μὲν
424 1094 710 1166 χειμέριον
744 1092 998 1166 ὀνομάζει
1039 1094 1395 1166 περίπτερον,
1428 1096 1524 1150 τὸν
1546 1096 1711 1151 οἱονεὶ
1740 1113 1876 1152 παν-

1982 646 2176 705 domos
2206 649 2307 704 sibi
2337 651 2592 708 hibernas
2619 659 2675 707 et
2693 652 2910 708 aestivas
2935 651 3256 708 condebant.
3284 650 3351 706 Et
3377 651 3561 707 hiber-

1985 749 2109 789 nam
2143 737 2360 806 quidem
2383 749 2541 795 vocat
2560 741 2915 814 περίπτερον,
2946 741 3096 796 velut
3119 741 3357 810 undique
3380 739 3561 808 pinnis

1985 827 2264 884 autmuris
2283 829 2539 896 cinctam,
2576 842 2635 888 ut
2663 833 2986 890 hiemalibus
3035 835 3288 906 procellis
3351 843 3560 890 tantum

1985 934 2091 972 non
2113 919 2394 976 inaccessa
2426 922 2531 991 sit;
2571 924 2812 980 aestivam
2844 935 3023 981 autem
3054 926 3312 982 laxiorem
3345 933 3402 980 et
3430 937 3562 978 ven-

1985 1020 2159 1066 torum
2188 1011 2458 1070 atllatibus
2499 1017 2823 1086 expositam.
2881 1017 3050 1086 Igitur
3100 1032 3225 1075 cum
3275 1016 3560 1079 altaribus,

1977 1099 2171 1171 inquit,
2201 1101 2449 1160 suffossis
2471 1116 2525 1161 et
2554 1107 2761 1162 eversis
2792 1107 2952 1162 simul
2975 1107 3325 1172 confundam,
3356 1114 3410 1160 et
3433 1120 3561 1174 per-

289 1184 518 1254 ταχόθεν
539 1188 783 1258 πτεροῖς,
815 1187 850 1257 ἢ
881 1187 1089 1256 τείχεσι
1141 1188 1600 1259 περιεζωσμένον,
1644 1189 1731 1242 ἵνα
1757 1190 1880 1253 ταῖς

1989 1195 2177 1249 entiam
2201 1196 2390 1252 domos
2414 1197 2672 1254 hibernas
2704 1211 2759 1256 et
2795 1201 3033 1257 aestivas.
3083 1199 3344 1254 Peribunt
3395 1199 3558 1251 etiam

289 1277 383 1329 τοῦ
430 1277 704 1350 χειμῶνος
752 1279 1010 1350 ἐμϐολαῖς
1049 1281 1331 1352 μονονουχὶ
1368 1281 1465 1334 καὶ
1500 1275 1875 1354 ἀπρόσιτος

290 1368 513 1440 Θερινὸν
541 1371 600 1424 δὲ
650 1370 746 1424 τὸν
794 1371 1102 1442 ἀνειμένον,
1173 1373 1268 1425 καὶ⁸
1328 1373 1450 1434 ταῖς
1492 1370 1601 1425 τῶν
1658 1371 1880 1442 ἀνέμων

291 1459 599 1524 ἐπιπνοίαις
631 1460 971 1532 ἐκκείμενον.
1021 1460 1232 1515 Οὐκοῦν
1269 1463 1380 1525 τοῖς
1437 1461 1874 1532 θυσιαστηρίοις,

293 1551 448 1619 φησὶ,
475 1554 590 1616 τοῖς
617 1553 1096 1624 κατεσκαμμένοις
1116 1551 1252 1623 ὁμοῦ
1287 1552 1504 1624 συγχεῶ
1529 1553 1624 1607 καὶ
1649 1553 1877 1618 πατάξω

292 1641 476 1705 οῐκους
501 1659 562 1696 τε
615 1644 930 1716 χειμερίους
987 1645 1083 1699 καὶ
1128 1642 1393 1717 θερινούς.
1435 1643 1786 1698 ’Δπολοῦνται
1818 1645 1876 1699 δὲ

1980 1286 2168 1340 domus
2208 1287 2460 1344 eburnea:
2486 1289 2527 1344 ί.
2559 1289 2900 1347 Meminimus
2927 1291 3115 1348 Achab
3156 1296 3470 1360 regnantem
3503 1287 3557 1339 in

1986 1375 2231 1433 Samaria
2261 1379 2420 1436 talem
2445 1383 2548 1438 sibi
2578 1385 2798 1440 domum
2839 1386 3130 1441 excitasse.
3169 1402 3189 1437 ι
3223 1381 3561 1451 Adjicientur

1982 1479 2146 1535 porro
2171 1470 2361 1524 etalize
2389 1472 2591 1540 multa,
2625 1491 2646 1526 ι
2696 1475 2892 1545 inquit,
2927 1475 3030 1532 ltoc
3078 1483 3182 1539 est,
3241 1470 3560 1526 inferiorum

1981 1565 2037 1613 et
2072 1561 2608 1630 obseuriorum,sive
2643 1567 2948 1621 tenuiorum
2986 1575 3043 1621 et
3087 1564 3413 1634 vulgarium.
3453 1559 3560 1613 Pe-

1979 1646 2072 1702 riit
2100 1647 2284 1717 itaque
2315 1662 2714 1722 consequenter
2745 1663 2857 1712 tota
2883 1653 3154 1721 Samaria,
3181 1653 3342 1708 domo
3389 1646 3563 1719 quali-

294 1732 392 1786 καὶ
406 1729 544 1787 οῐκοι
570 1735 921 1805 ἐλεφάντινοι.
937 1737 1021 1792 Με
1029 1737 1134 1808 μνή
1143 1736 1281 1808 μεθα
1293 1735 1350 1790 δὲ
1363 1737 1445 1791 ὅτι
1471 1733 1873 1807 βεϐασιλευκὼς

1989 1738 2068 1794 bet
2091 1751 2468 1811 conquassata.

309 1823 518 1896 ’Δχαὰϐ
544 1828 602 1882 ἐν
631 1829 912 1903 Σαμαρείᾳ
973 1830 1211 1884 τοιοῦτον
1263 1831 1444 1901 ἐαυτῷ
1493 1829 1895 1886 κατεσκεύασεν
1957 1828 2125 1890 οἷκον.
2167 1854 2186 1888 ι
2221 1837 2690 1911 Προστεθήσονται
2713 1840 2770 1896 δὲ
2793 1839 2887 1896 καὶ
2907 1839 3086 1912 ἕτεροι
3113 1837 3323 1904 πολλοὶ,
3349 1853 3368 1888 ι
3405 1833 3560 1905 φησὶ,

299 1916 613 1984 τουτέστιν,
659 1921 710 1974 οἱ
761 1921 872 1976 τῶν
922 1921 1374 1994 ὐποϐεϐηκότων,
1439 1923 1535 1977 καὶ
1597 1923 1988 1994 ἀσημοτέρων,
2049 1926 2219 1996 ἡγουν
2286 1928 2504 1985 λεπτῶν
2544 1949 2606 1986 τε
2671 1932 2768 1988 καὶ
2837 1932 3130 2002 ἀγελαίων.
3173 1912 3402 1983 Διόλωλε
3430 1923 3562 1994 γοῦν

302 2007 491 2062 ἀπασα
543 2011 728 2068 λοιπὸν
766 2016 800 2085 ἡ
849 2015 1163 2086 Σαμάρεια,
1203 2015 1405 2080 παντὸς
1441 2013 1592 2069 οἴκου
1641 2017 2163 2088 κατασεσεισμένον.

371 2103 439 2158 Τί
465 2099 558 2160 οὖν
597 2107 844 2162 ἐντεῦθεν
870 2109 1148 2182 εἰσόμεθα,
1167 2110 1304 2182 ὀρθὰ
1325 2113 1542 2182 φρονεῖν
1569 2111 1870 2182 ᾐρημένοι;

2050 2113 2189 2180 Quid
2216 2115 2381 2188 igitur
2405 2117 2533 2174 hinc
2557 2117 2850 2182 discemus,
2873 2118 2919 2174 si
2953 2130 3147 2188 sapere
3194 2113 3559 2175 voluerimus?

309 2194 401 2258 Ὠς
436 2195 589 2250 οὐδὲν
615 2197 799 2271 ὀνήσει
827 2200 1146 2276 λαμπρότης
1185 2202 1424 2275 κοσμικὴ
1460 2203 1588 2267 τοὺς
1616 2201 1877 2273 ἔχοντας,

294 2285 358 2339 οὐ
389 2286 636 2355 πλοῦτος,
675 2290 737 2343 οὐ
760 2289 905 2357 δόξα,
939 2293 1038 2365 οὐχ
1066 2293 1254 2366 ἕτερόν
1282 2311 1338 2348 τι
1377 2293 1484 2348 τῶν
1523 2295 1605 2357 είς
1626 2293 1841 2366 τρυφὴν
1861 2334 1877 2360 ,

293 2379 396 2450 τῆς
421 2380 502 2444 είς
534 2381 667 2436 Θεὸν
686 2383 934 2457 ἀπούσης
975 2387 1219 2459 ἀγάπης,
1255 2387 1348 2442 καὶ
1377 2387 1498 2441 κατ’
1532 2386 1723 2440 οὐδένα
1753 2385 1880 2458 τρό-

297 2486 400 2523 πον
424 2474 800 2546 τετιμημένης
852 2478 985 2547 παρ’
1013 2479 1150 2548 ἡμῖν
1197 2478 1296 2550 τῆς
1342 2476 1710 2549 δικαιοσύνης.
1747 2494 1767 2530 ι
1803 2477 1881 2531 οὐ

295 2558 406 2630 γὰρ
447 2559 790 2635 ὠφελήσουσι
840 2566 1104 2639 θησαυροὶ
1158 2568 1414 2640 ἀνόμους,
1453 2587 1473 2622 ι
1507 2568 1651 2623 κατά
1698 2567 1762 2623 τὸ
1788 2584 1883 2638 γε·

297 2653 638 2724 γραμμένον.
682 2676 701 2710 ι
737 2658 1064 2732 Δικαιοσύνη
1112 2659 1170 2714 δὲ
1208 2660 1398 2732 ῥύεται
1450 2661 1518 2713 ἐκ
1567 2660 1822 2714 θανάτου.
1856 2677 1877 2712 ι

298 2743 509 2800 Οὐκοῦν
539 2746 626 2817 εἴη
663 2749 756 2801 καὶ
800 2750 1025 2820 ἄμεινον
1070 2751 1223 2823 παρά
1280 2750 1399 2822 Θεῷ
1424 2750 1487 2804 τὸ
1540 2750 1886 2823 δικαιοσύνης

299 2837 452 2909 ἐρᾷν,
494 2838 591 2892 καὶ
637 2838 997 2912 θησαυρίζειν
1054 2843 1113 2895 ἐν
1166 2843 1437 2914 οὐρανοῖς,
1484 2842 1584 2912 τῆς
1625 2842 1736 2896 τῶν
1772 2843 1884 2898 ἀνω

298 2925 583 2995 γλίχεσθαι
621 2927 820 2998 μονῶν,
856 2929 951 2983 καὶ
983 2931 1082 3001 τῆς
1114 2932 1194 2994 είς
1222 2931 1354 2985 Θεὸν
1374 2931 1587 2996 ἐλπίδος
1615 2931 1885 3003 ἠρτῆσθαι

301 3017 501 3087 φιλεῖν.
537 3017 620 3072 Τά
652 3019 753 3090 μὲν
772 3019 881 3093 γάρ
912 3023 972 3076 ἐν
986 3020 1121 3092 τῷδε
1143 3021 1220 3094 τῷ
1250 3022 1442 3094 κόσμῳ
1479 3024 1652 3097 μικρά
1670 3025 1732 3078 τέ
1769 3027 1886 3080 ἐστι

299 3110 393 3163 καὶ
416 3109 749 3183 πρόσκαιρα,
787 3113 883 3166 καὶ
921 3113 1220 3185 οὐδαμόθεν
1279 3113 1392 3186 ἔχει
1445 3115 1507 3170 τὸ
1551 3115 1783 3189 βεϐηκὸς
1807 3116 1888 3180 είς

298 3201 624 3271 ἀσφάλειαν,
651 3204 722 3257 τά
770 3203 828 3258 δὲ
857 3207 953 3260 καὶ
996 3206 1170 3278 μένει,
1214 3207 1310 3261 καὶ
1361 3206 1615 3278 σώζεται,
1647 3209 1744 3264 καὶ
1774 3210 1889 3274 τοῖς

300 3293 631 3367 ἀπεράντοις
655 3294 814 3350 αῐῶσι
842 3298 1324 3370 συμπαρομαρτεῖ.

913 3433 1168 3488 ΚΕΦΑΔ.
1198 3433 1274 3487 Δ’.

391 3565 706 3622 Ἀκούσατε
760 3565 867 3621 τὸν
926 3569 1117 3637 λόγον
1167 3565 1402 3632 τοῦτον,
1441 3565 1728 3636 δαμάλεις
1779 3563 1890 3635 τῆς

308 3659 720 3726 Βασανίτιδος,
770 3661 832 3713 at
872 3653 1053 3714 οὖσαι
1091 3657 1162 3712 ἐν
1194 3656 1272 3722 τῷ
1302 3657 1425 3726 ὄρει
1446 3657 1798 3729 Σαμαρείας,
1831 3659 1893 3710 at

306 3751 944 3806 καταδυναστεύουσαι
985 3748 1262 3821 πτωχοὺς
1283 3789 1298 3814 ,
1359 3749 1457 3804 καὶ
1515 3748 1893 3804 καταπατοῦ-

304 3859 409 3899 σαι
461 3843 748 3912 πένητας,
796 3845 857 3896 αί
893 3842 1184 3911 λέγουσαι
1220 3841 1348 3908 τοῖς
1402 3843 1633 3910 κυρίοις
1670 3839 1888 3896 αὐτῶν·

318 3936 588 3990 Ἐπίδοτε
611 3935 756 4005 ἡμῖν
780 3935 940 4000 ὅπως
965 3935 1210 4002 πίωμεν.
1248 3933 1483 4002 Ὀμνύει
1509 3932 1726 4000 Κύριος
1742 3931 1894 3986 κατὰ

305 4025 426 4079 τῶν
448 4027 634 4095 ἁγίων
659 4023 866 4085 αὑτοῦ,
891 4021 1040 4075 διότι
1069 4020 1198 4076 ίδοὺ
1240 4020 1452 4090 ἡμέραι
1497 4019 1776 4088 ἔρχονται
1800 4018 1895 4088 ἐφ’

305 4117 504 4186 ὑμᾶς,
549 4113 651 4168 καὶ
701 4113 1006 4180 λήψονται
1041 4111 1291 4182 ὖμᾶςέν
1331 4111 1561 4176 ὅπλοις,
1605 4110 1703 4164 καί
1751 4109 1894 4176 τοὺς

305 4208 437 4278 μεθ’
473 4203 640 4274 ὑμῶν
688 4205 774 4270 είς
820 4202 1077 4271 λέϐητας
1127 4202 1376 4273 ἔμποροι
1428 4201 1612 4271 λιμοί.
1651 4200 1760 4255 Καὶ
1797 4201 1895 4266 ἐξ·

308 4297 728 4368 ενεχθήσεσθε
794 4293 1018 4365 γυμναὶ
1064 4295 1381 4349 κατέναντι
1431 4292 1722 4362 ἀλλήλων
1742 4330 1758 4357 ,
1794 4291 1896 4346 καὶ

307 4387 802 4459 ἀπορριφήσεσθε
840 4385 975 4456 περὶ
1012 4386 1082 4441 τὸ
1138 4386 1276 4455 ὄρος
1320 4384 1386 4440 τὸ
1423 4382 1689 4456 Ῥεμνᾶν,
1731 4385 1895 4456 λέγει

308 4483 527 4551 Κύριος
550 4485 583 4536 ό
607 4482 772 4547 Θεός.

382 4575 500 4630 ΛΔ’.
556 4574 652 4626 Ἐκ
675 4571 878 4643 πολλῆς
909 4571 1050 4642 ἄγαν
1087 4569 1415 4644 ἀγερωχίας,
1459 4571 1554 4626 καὶ
1595 4571 1806 4644 τρυφῆς
1843 4571 1894 4625 οἱ

308 4667 408 4738 τῆς
437 4666 752 4736 Σαμαρείας
781 4666 1260 4737 περιφανέστεροι,
1293 4665 1387 4718 καὶ
1416 4666 1535 4728 ταῖς
1572 4666 1637 4719 ἐκ
1660 4665 1892 4718 πλούτου

1983 2203 2296 2262 Claritatem
2322 2208 2652 2264 mundanam
2699 2209 3027 2264 habentibus
3079 2206 3216 2262 nihil
3273 2205 3560 2275 prodesse,

1983 2311 2087 2350 non
2111 2297 2347 2364 divitias,
2376 2315 2483 2356 non
2514 2293 2775 2370 gloriam,
2789 2314 2895 2354 non
2927 2298 3070 2353 aliud
3103 2296 3377 2367 quidpiam
3403 2293 3564 2349 molle

1982 2402 2047 2444 ac
2063 2390 2371 2456 delicatum,
2394 2391 2438 2446 si
2460 2392 2697 2448 cbaritas
2727 2405 2854 2462 erga
2895 2389 3062 2445 Deum
3091 2388 3254 2453 absit,
3297 2397 3354 2442 et
3414 2385 3563 2442 nullo

1983 2479 2369 2550 modojustitia
2401 2497 2432 2536 a
2461 2483 2618 2538 nobis
2641 2481 2874 2538 colatur.
2905 2500 2923 2534 ι
2957 2479 3073 2535 Non
3091 2479 3236 2534 enim
3266 2477 3564 2546 proderunt

1984 2573 2226 2630 thesauri
2260 2575 2481 2646 iniquis,
2509 2594 2529 2628 ι
2550 2574 2866 2646 εῑουι287
2889 2573 3150 2643 scriptum
3171 2582 3287 2628 est:
3309 2588 3328 2623 ι
3349 2567 3562 2640 iustitia

1985 2673 2166 2720 autem
2220 2665 2417 2722 liberat
2471 2680 2501 2720 a
2544 2676 2718 2722 morte
2772 2666 2816 2721 ³.
2842 2683 2862 2716 ι
2894 2664 3084 2734 Itaque
3117 2672 3172 2719 et
3217 2657 3562 2732 gratiusDeo

1987 2756 2149 2812 l'nerit
2174 2771 2358 2813 amare
2376 2758 2662 2827 iustitiam,
2697 2766 2754 2814 et
2808 2760 3123 2814 thesaurum
3179 2751 3458 2809 cumulare
3507 2749 3561 2804 in

1986 2847 2174 2913 cmlis;
2205 2862 2439 2917 superna
2469 2855 2677 2902 tantum
2708 2847 3116 2915 concupiscere,
3161 2850 3218 2898 et
3271 2841 3503 2895 libenter
3530 2851 3562 2890 a

1985 2954 2083 3010 spe
2113 2940 2166 2994 in
2194 2939 2362 2994 Deum
2392 2941 2643 3010 pendere.
2697 2939 2909 2994 Etenim
2945 2953 3064 3007 qua:
3099 2937 3152 2991 in
3210 2935 3315 2989 hoc
3361 2928 3564 2986 mundo

1987 3041 2134 3098 sunt,
2155 3032 2348 3102 exigua
2369 3041 2809 3102 ettemporanea,
2830 3040 2886 3086 et
2910 3029 3056 3084 nulla
3084 3041 3148 3084 ex
3192 3033 3348 3097 parte
3395 3019 3566 3076 stabi-

1988 3122 2060 3178 lia
2093 3138 2156 3179 ac
2185 3132 2294 3178 tuta
2319 3133 2468 3189 sunt,
2502 3124 2591 3178 illa
2627 3137 2758 3178 vero
2776 3130 2832 3178 et
2862 3127 3102 3185 manent,
3127 3132 3187 3174 se
3219 3117 3564 3177 conservant,

1988 3222 2041 3270 et
2069 3212 2332 3270 inﬁnitati
2353 3213 2680 3271 saeculorum
2710 3228 2832 3270 sese
2860 3220 3082 3284 aequant
3105 3209 3151 3264 ³.

2626 3430 2780 3489 CAP.
2839 3430 2931 3488 IV.

2065 3571 2228 3629 Vens.
2250 3571 2364 3626 1-3.
2393 3571 2584 3624 Audite
2602 3570 2809 3624 verbum
2833 3571 2998 3634 istud,
3023 3585 3191 3624 vacem
3221 3568 3570 3634 Basanitidis,

1993 3679 2109 3733 qua:
2135 3662 2261 3717 estis
2288 3662 2345 3714 in
2377 3670 2550 3712 monte
2578 3658 2861 3722 Samariae,
2889 3674 3006 3727 qua:
3046 3658 3342 3726 opprimitis
3368 3659 3576 3711 mendi-

1994 3769 2104 3818 cos,
2143 3761 2193 3807 et
2220 3747 2536 3804 conculcatis
2575 3762 2849 3814 pauperes,
2889 3747 3115 3800 dicentes
3155 3747 3383 3802 dominis
3412 3750 3521 3803 suis
3551 3763 3574 3805 :

1995 3844 2132 3898 Date
2185 3841 2333 3895 nobis
2398 3849 2455 3893 ut
2510 3839 2771 3894 bibamus.
2796 3835 2956 3891 Jurat
3000 3835 3363 3902 Dominusper
3389 3847 3576 3892 sancta

1995 3949 2113 3997 sua,
2133 3932 2384 4002 quoniam
2413 3947 2528 3985 ecce
2543 3930 2652 3984 dies
2687 3931 2887 3983 uenient
2913 3944 3068 3997 super
3083 3944 3190 3994 vos,
3224 3939 3270 3984 et
3291 3929 3471 3984 tollent
3489 3946 3575 3984 vos

1995 4027 2050 4079 in
2084 4024 2269 4089 armis,
2305 4037 2353 4077 et
2389 4039 2475 4076 eos
2502 4022 2594 4092 qui
2622 4023 2912 4088 vobiscum,
2935 4020 2988 4074 in
3016 4018 3204 4073 lebetes
3229 4021 3574 4090 negotiatores

1995 4117 2314 4188 pestilentes.
2361 4115 2429 4169 Et
2467 4114 2761 4184 e/feremiui
2796 4113 2952 4166 nuda:
3001 4122 3186 4165 contra
3225 4113 3467 4176 invicem,
3526 4119 3574 4164 et

1995 4209 2350 4279 projiriemini
2382 4223 2539 4278 super
2564 4216 2793 4261 montem
2826 4203 3124 4268 Rhemnan,
3147 4203 3290 4257 dicit
3316 4201 3581 4258 Dominus

1996 4298 2162 4354 Deus.

2069 4565 2314 4624 XXXIV.
2352 4564 2430 4628 Ex
2498 4577 2692 4635 magna
2749 4561 2914 4619 nimis
2981 4558 3254 4631 superbia,
3302 4566 3358 4612 et
3399 4554 3577 4611 studio

1999 4664 2440 4720 illecebrosarnm
2487 4659 2821 4728 voluptatum
2859 4652 3190 4709 Samaritani
3227 4649 3572 4718 insigniores,

309 4737 649 4831 ριουσίαις
669 4758 776 4814 τῶν
798 4758 972 4812 ἄλλων
987 4759 1206 4813 πάντων
1223 4757 1325 4809 ὐπε
1334 4755 1452 4825 ρκεί
1458 4773 1625 4826 μενοι,
1643 4756 1887 4828 καθάπερ

2000 4767 2054 4813 et
2076 4773 2257 4813 rerum
2292 4755 2636 4811 afﬂuentibus
2682 4749 2854 4818 copiis
2905 4746 3117 4801 caeteris
3165 4741 3415 4798 omnibus
3442 4737 3577 4794 enti-

310 4851 448 4922 ἔφην
470 4850 692 4922 ἀρτίως,
723 4851 907 4915 οἴκους
931 4852 1143 4914 ἑαυτοῖς
1169 4847 1571 4913 κατεσκεύαζον
1604 4847 1887 4920 λαμπρούς

2001 4849 2296 4915 nentiores,
2330 4849 2471 4903 sicut
2504 4859 2669 4914 supra
2713 4840 2850 4905 dixi,
2878 4839 3022 4893 ardes
3049 4835 3150 4892 sibi
3181 4831 3489 4902 splendidas
3513 4844 3577 4883 ac

306 4961 369 4998 τε
401 4945 496 4996 καὶ
528 4941 1041 5006 πολυτελεστάτους,
1069 4942 1164 4996 καὶ
1185 4941 1495 5012 πρέποντας
1521 4942 1634 5003 τοῖς
1656 4941 1892 5012 καιροῖς,

311 5034 545 5108 χειμῶνί
587 5051 668 5099 τε,
697 5035 858 5106 φημὶ,
879 5036 972 5088 καὶ
995 5036 1164 5108 θέρει,
1195 5035 1245 5088 οἳ
1272 5035 1367 5089 καὶ
1401 5035 1483 5089 ὅτι
1511 5035 1690 5103 πάντη
1709 5051 1769 5087 τε
1798 5033 1893 5086 καὶ

309 5129 530 5192 πάντως
575 5125 935 5192 ἀπολοῦνται,
988 5125 1330 5199 προεκήρυξε
1382 5126 1444 5181 τὸ
1484 5125 1889 5198 χρησμῴδημα.

310 5222 519 5284 Αὐτοὺς
546 5220 610 5290 δὴ
643 5213 736 5272 οὖν
796 5219 902 5290 ἄρα
931 5220 1055 5283 τοὺς
1082 5219 1190 5272 τῶν
1226 5219 1392 5273 οἴκων
1447 5218 1735 5280 δεσπότας,
1767 5217 1893 5278 τοὺς

311 5314 432 5376 ταῖς
460 5311 726 5382 ἐξιτήλοις
764 5312 998 5382 τρυφαῖς
1039 5309 1493 5364 καταπιαίνεσθαι
1529 5307 1895 5378 μεμελετηκό-

309 5422 430 5468 τας,
463 5404 720 5474 δαμάλεις
753 5401 1021 5456 ἀποκαλεῖ
1055 5401 1154 5472 τῆς
1188 5399 1551 5462 Βασανίτιδος.
1577 5397 1745 5468 Χώρα
1787 5398 1829 5450 δ’
1861 5401 1894 5470 η

312 5497 602 5560 Βασανῖτις
661 5495 881 5558 εὐϐοτός
929 5512 989 5546 τε
1023 5494 1115 5547 καὶ
1162 5492 1424 5562 εὐανθὴς,
1462 5490 1558 5544 καὶ
1613 5489 1747 5542 πολὺ
1777 5489 1898 5543 λίαν

318 5587 638 5655 ἐπιτηδείως
668 5586 864 5655 ἔχουσα
908 5585 1045 5654 πρὸς
1103 5584 1164 5637 τὸ
1217 5582 1477 5636 δύνασθαι
1523 5581 1898 5633 καταπιαίνειν

317 5673 650 5746 ἀμφιλαφῶς
671 5674 741 5728 τὰ
768 5676 824 5727 ἐν
846 5674 981 5745 αὐτῇ
1014 5675 1336 5745 βοσκόμενα.
1373 5672 1462 5735 Ὠς
1482 5667 1574 5725 οὖν
1605 5669 1902 5724 εὐπαθοῦν-

394 5861 409 5892 ¹
435 5859 500 5916 lll
533 5860 661 5932 Reg.
709 5874 846 5925 χχιι,
874 5857 960 5914 59.
1041 5861 1058 5892 ²
1081 5859 1238 5916 Prov.
1271 5875 1321 5925 κ,
1353 5858 1404 5912 El.
1485 5857 1504 5890 ³
1528 5855 1570 5912 ll
1600 5859 1725 5912 Cor.
1763 5871 1837 5921 iv,
1868 5854 1953 5910 18.

1995 4941 2514 5011 sumptuosissimas,
2574 4946 2630 4992 et
2677 4935 2744 4989 ad
2792 4943 3029 5001 tempus,
3081 4928 3374 4984 hibernum
3421 4933 3574 4992 puta,

1995 5035 2351 5102 aestivumque
2391 5028 2831 5085 accommodatas
2857 5023 3219 5085 aediﬁcabant,
3253 5032 3386 5088 quas
3403 5015 3579 5070 omni--

1997 5122 2171 5177 modis
2215 5121 2536 5190 penitusque
2583 5118 2850 5188 perituras
2871 5113 3148 5169 oraculum
3173 5107 3571 5179 praenuntiavit.

1996 5213 2146 5283 Ipsos
2169 5213 2350 5281 itaque
2370 5213 2563 5266 aedium
2592 5211 2862 5274 dominos,
2910 5208 2998 5276 qni
3038 5202 3455 5257 vanescentibus
3477 5214 3568 5254 vo.

1997 5303 2293 5373 luptatibns
2333 5316 2454 5356 sese
2495 5300 2817 5362 farciebant,
2864 5310 3057 5350 vaccas
3101 5290 3429 5346 Basanitidis
3476 5305 3574 5359 ap-

1999 5395 2180 5464 pellat.
2213 5391 2481 5446 Basanitis
2529 5391 2675 5460 regio
2731 5397 2816 5443 est
2850 5386 3012 5440 ubere
3054 5382 3220 5454 gleba!
3260 5379 3488 5436 fecunda
3519 5387 3573 5434 et

1999 5486 2210 5551 ﬂorida,
2240 5493 2294 5538 et
2318 5485 2384 5537 ad
2417 5491 2700 5551 pascentes
2731 5481 2781 5532 in
2817 5493 2883 5532 eo
2910 5490 3100 5547 greges
3133 5489 3292 5544 qnam
3331 5471 3573 5542 pinguis--

2001 5579 2168 5634 simos
2206 5575 2516 5632 elliciendos
2565 5573 2620 5626 in
2671 5570 2862 5641 primis
2921 5569 3136 5623 idonea.
3190 5565 3368 5634 Quare
3421 5569 3484 5618 ut
3514 5576 3573 5614 se

2003 5672 2145 5726 lautc
2171 5677 2487 5736 tractantes,
2519 5674 2575 5722 et
2602 5666 2712 5722 cuti
2743 5665 2996 5721 curandae
3015 5662 3408 5726 deditissimos,
3431 5655 3568 5712 deli.
