  <div class='ocr_page' id='page_1' title='image "/cluster/home/n/w/nwhite01/storage/ocr_20150623/71/mdp.39015078384461/251.png"; bbox 0 0 4054 6274; ppageno 0'>
   <div class='ocr_carea' id='block_1_1' title="bbox 491 358 598 430">
    <p class='ocr_par' dir='ltr' id='par_1_1' title="bbox 491 358 598 430">
     <span class='ocr_line' id='line_1_1' title="bbox 491 358 598 430; baseline 0.037 -18"><span class='ocrx_word' id='word_1_1' title='bbox 491 358 598 430; x_wconf 75' lang='grc' dir='ltr'>ιτδ</span> 
     </span>
    </p>
   </div>
   <div class='ocr_carea' id='block_1_2' title="bbox 495 561 2065 631">
    <p class='ocr_par' dir='ltr' id='par_1_2' title="bbox 495 561 2065 631">
     <span class='ocr_line' id='line_1_2' title="bbox 495 561 2065 631; baseline -0.002 -15"><span class='ocrx_word' id='word_1_2' title='bbox 495 573 601 617; x_wconf 85' lang='lat' dir='ltr'><strong>rat.</strong></span> <span class='ocrx_word' id='word_1_3' title='bbox 625 564 770 631; x_wconf 89' lang='lat' dir='ltr'><strong>Quos</strong></span> <span class='ocrx_word' id='word_1_4' title='bbox 806 571 1047 626; x_wconf 79' lang='lat' dir='ltr'><strong>accusat,</strong></span> <span class='ocrx_word' id='word_1_5' title='bbox 1091 561 1234 631; x_wconf 88' lang='lat' dir='ltr'><strong>quod</strong></span> <span class='ocrx_word' id='word_1_6' title='bbox 1281 561 1652 630; x_wconf 88' lang='lat' dir='ltr'><strong>opprimerent</strong></span> <span class='ocrx_word' id='word_1_7' title='bbox 1692 575 1974 631; x_wconf 89' lang='lat' dir='ltr'><strong>pauperes,</strong></span> <span class='ocrx_word' id='word_1_8' title='bbox 2009 567 2065 614; x_wconf 91' lang='lat' dir='ltr'><strong>et</strong></span> 
     </span>
    </p>
   </div>
   <div class='ocr_carea' id='block_1_3' title="bbox 495 651 2059 722">
    <p class='ocr_par' dir='ltr' id='par_1_3' title="bbox 495 651 2059 722">
     <span class='ocr_line' id='line_1_3' title="bbox 495 651 2059 722; baseline -0.004 -14"><span class='ocrx_word' id='word_1_9' title='bbox 495 663 706 708; x_wconf 87' lang='lat' dir='ltr'><strong>tantum</strong></span> <span class='ocrx_word' id='word_1_10' title='bbox 779 668 881 708; x_wconf 92' lang='lat' dir='ltr'><strong>non</strong></span> <span class='ocrx_word' id='word_1_11' title='bbox 922 651 1149 722; x_wconf 83' lang='lat' dir='ltr'><strong>pedibus</strong></span> <span class='ocrx_word' id='word_1_12' title='bbox 1196 653 1309 707; x_wconf 86' lang='lat' dir='ltr'><strong>suis</strong></span> <span class='ocrx_word' id='word_1_13' title='bbox 1369 651 1644 707; x_wconf 88' lang='lat' dir='ltr'><strong>mendicos</strong></span> <span class='ocrx_word' id='word_1_14' title='bbox 1703 659 2059 722; x_wconf 88' lang='lat' dir='ltr'><strong>protererent.</strong></span> 
     </span>
    </p>
   </div>
   <div class='ocr_carea' id='block_1_4' title="bbox 497 743 2064 814">
    <p class='ocr_par' dir='ltr' id='par_1_4' title="bbox 497 743 2064 814">
     <span class='ocr_line' id='line_1_4' title="bbox 497 743 2064 814; baseline -0.001 -17"><span class='ocrx_word' id='word_1_15' title='bbox 497 763 518 797; x_wconf 74' lang='grc' dir='ltr'><strong>ι</strong></span> <span class='ocrx_word' id='word_1_16' title='bbox 577 743 779 798; x_wconf 90' lang='lat' dir='ltr'><strong>Pascua</strong></span> <span class='ocrx_word' id='word_1_17' title='bbox 836 745 980 799; x_wconf 91' lang='lat' dir='ltr'><strong>enim</strong></span> <span class='ocrx_word' id='word_1_18' title='bbox 1037 745 1265 798; x_wconf 79' lang='lat' dir='ltr'><strong>divitum</strong></span> <span class='ocrx_word' id='word_1_19' title='bbox 1318 751 1444 799; x_wconf 84' lang='lat' dir='ltr'><strong>sunt</strong></span> <span class='ocrx_word' id='word_1_20' title='bbox 1502 759 1766 814; x_wconf 83' lang='lat' dir='ltr'><strong>pauperes</strong></span> <span class='ocrx_word' id='word_1_21' title='bbox 1813 744 1856 810; x_wconf 71' lang='grc'>⁸,</span> <span class='ocrx_word' id='word_1_22' title='bbox 1931 763 1950 796; x_wconf 79' lang='grc' dir='ltr'><strong>ι</strong></span> <span class='ocrx_word' id='word_1_23' title='bbox 2008 752 2064 797; x_wconf 81' lang='grc' dir='ltr'><strong>ιιι</strong></span> 
     </span>
    </p>
   </div>
   <div class='ocr_carea' id='block_1_5' title="bbox 490 834 2064 905">
    <p class='ocr_par' dir='ltr' id='par_1_5' title="bbox 490 834 2064 905">
     <span class='ocr_line' id='line_1_5' title="bbox 490 834 2064 905; baseline 0.001 -16"><span class='ocrx_word' id='word_1_24' title='bbox 490 838 751 905; x_wconf 79' lang='lat' dir='ltr'><strong>scriptum</strong></span> <span class='ocrx_word' id='word_1_25' title='bbox 783 847 885 891; x_wconf 92' lang='lat' dir='ltr'><strong>est.</strong></span> <span class='ocrx_word' id='word_1_26' title='bbox 923 837 1138 890; x_wconf 85' lang='lat' dir='ltr'><strong>Addens</strong></span> <span class='ocrx_word' id='word_1_27' title='bbox 1171 847 1350 891; x_wconf 90' lang='lat' dir='ltr'><strong>autem</strong></span> <span class='ocrx_word' id='word_1_28' title='bbox 1400 853 1413 890; x_wconf 85' lang='lat'><strong>:</strong></span> <span class='ocrx_word' id='word_1_29' title='bbox 1457 855 1477 888; x_wconf 72' lang='grc' dir='ltr'><strong>ι</strong></span> <span class='ocrx_word' id='word_1_30' title='bbox 1531 834 1779 891; x_wconf 89' lang='lat' dir='ltr'><strong>Dicentes</strong></span> <span class='ocrx_word' id='word_1_31' title='bbox 1832 836 2064 890; x_wconf 89' lang='lat' dir='ltr'><strong>dominis</strong></span> 
     </span>
    </p>
   </div>
   <div class='ocr_carea' id='block_1_6' title="bbox 489 926 2064 998">
    <p class='ocr_par' dir='ltr' id='par_1_6' title="bbox 489 926 2064 998">
     <span class='ocr_line' id='line_1_6' title="bbox 489 926 2064 998; baseline 0.001 -18"><span class='ocrx_word' id='word_1_32' title='bbox 489 927 644 983; x_wconf 87' lang='lat' dir='ltr'><strong>suis:</strong></span> <span class='ocrx_word' id='word_1_33' title='bbox 682 926 816 982; x_wconf 91' lang='lat' dir='ltr'><strong>Date</strong></span> <span class='ocrx_word' id='word_1_34' title='bbox 843 929 998 983; x_wconf 90' lang='lat' dir='ltr'><strong>nobis</strong></span> <span class='ocrx_word' id='word_1_35' title='bbox 1059 938 1122 983; x_wconf 91' lang='lat' dir='ltr'><strong>ut</strong></span> <span class='ocrx_word' id='word_1_36' title='bbox 1170 929 1440 992; x_wconf 83' lang='lat' dir='ltr'><strong>bibamus,</strong></span> <span class='ocrx_word' id='word_1_37' title='bbox 1506 948 1526 982; x_wconf 74' lang='grc' dir='ltr'><strong>ι</strong></span> <span class='ocrx_word' id='word_1_38' title='bbox 1562 929 1676 998; x_wconf 81' lang='lat' dir='ltr'><strong>jngi</strong></span> <span class='ocrx_word' id='word_1_39' title='bbox 1721 928 2064 997; x_wconf 87' lang='lat' dir='ltr'><strong>impatientes</strong></span> 
     </span>
    </p>
   </div>
   <div class='ocr_carea' id='block_1_7' title="bbox 489 1018 2059 1090">
    <p class='ocr_par' dir='ltr' id='par_1_7' title="bbox 489 1018 2059 1090">
     <span class='ocr_line' id='line_1_7' title="bbox 489 1018 2059 1090; baseline 0.003 -22"><span class='ocrx_word' id='word_1_40' title='bbox 489 1033 584 1071; x_wconf 79' lang='lat' dir='ltr'><strong>cos</strong></span> <span class='ocrx_word' id='word_1_41' title='bbox 617 1018 906 1089; x_wconf 82' lang='lat' dir='ltr'><strong>signiﬁcat,</strong></span> <span class='ocrx_word' id='word_1_42' title='bbox 949 1029 1002 1074; x_wconf 90' lang='lat' dir='ltr'><strong>et</strong></span> <span class='ocrx_word' id='word_1_43' title='bbox 1035 1021 1438 1089; x_wconf 84' lang='lat' dir='ltr'><strong>possessoribus</strong></span> <span class='ocrx_word' id='word_1_44' title='bbox 1466 1021 1659 1074; x_wconf 86' lang='lat' dir='ltr'><strong>cedere</strong></span> <span class='ocrx_word' id='word_1_45' title='bbox 1692 1020 1931 1085; x_wconf 91' lang='lat' dir='ltr'><strong>nescios,</strong></span> <span class='ocrx_word' id='word_1_46' title='bbox 1965 1021 2059 1090; x_wconf 88' lang='lat' dir='ltr'><strong>qui</strong></span> 
     </span>
    </p>
   </div>
   <div class='ocr_carea' id='block_1_8' title="bbox 406 1103 2062 1181">
    <p class='ocr_par' dir='ltr' id='par_1_8' title="bbox 406 1103 2062 1181">
     <span class='ocr_line' id='line_1_8' title="bbox 406 1103 2062 1181; baseline 0.002 -19"><span class='ocrx_word' id='word_1_47' title='bbox 406 1103 410 1107; x_wconf 62' lang='grc'><em>“</em></span> <span class='ocrx_word' id='word_1_48' title='bbox 488 1111 634 1164; x_wconf 90' lang='lat' dir='ltr'><strong>velut</strong></span> <span class='ocrx_word' id='word_1_49' title='bbox 671 1111 876 1180; x_wconf 90' lang='lat' dir='ltr'><strong>regium</strong></span> <span class='ocrx_word' id='word_1_50' title='bbox 920 1111 974 1166; x_wconf 92' lang='lat' dir='ltr'><strong>in</strong></span> <span class='ocrx_word' id='word_1_51' title='bbox 1008 1127 1102 1166; x_wconf 87' lang='lat' dir='ltr'><strong>eos</strong></span> <span class='ocrx_word' id='word_1_52' title='bbox 1144 1112 1423 1181; x_wconf 90' lang='lat' dir='ltr'><strong>imperium</strong></span> <span class='ocrx_word' id='word_1_53' title='bbox 1450 1112 1790 1178; x_wconf 88' lang='lat' dir='ltr'><strong>obtinerent;</strong></span> <span class='ocrx_word' id='word_1_54' title='bbox 1831 1113 1924 1167; x_wconf 92' lang='lat' dir='ltr'><strong>sed</strong></span> <span class='ocrx_word' id='word_1_55' title='bbox 1952 1111 2062 1180; x_wconf 84' lang='lat' dir='ltr'><strong>jam</strong></span> 
     </span>
    </p>
   </div>
   <div class='ocr_carea' id='block_1_9' title="bbox 489 1202 2066 1272">
    <p class='ocr_par' dir='ltr' id='par_1_9' title="bbox 489 1202 2066 1272">
     <span class='ocr_line' id='line_1_9' title="bbox 489 1202 2066 1272; baseline 0.003 -17"><span class='ocrx_word' id='word_1_56' title='bbox 489 1216 555 1255; x_wconf 84' lang='lat' dir='ltr'><strong>ex</strong></span> <span class='ocrx_word' id='word_1_57' title='bbox 600 1202 958 1258; x_wconf 89' lang='lat' dir='ltr'><strong>immoderata</strong></span> <span class='ocrx_word' id='word_1_58' title='bbox 1004 1204 1313 1272; x_wconf 79' lang='lat' dir='ltr'><strong>arrogantia</strong></span> <span class='ocrx_word' id='word_1_59' title='bbox 1347 1203 1511 1258; x_wconf 89' lang='lat' dir='ltr'><strong>etiam</strong></span> <span class='ocrx_word' id='word_1_60' title='bbox 1539 1203 1671 1272; x_wconf 89' lang='lat' dir='ltr'><strong>ipsis</strong></span> <span class='ocrx_word' id='word_1_61' title='bbox 1698 1204 1930 1259; x_wconf 89' lang='lat' dir='ltr'><strong>dominis</strong></span> <span class='ocrx_word' id='word_1_62' title='bbox 1953 1203 2066 1259; x_wconf 90' lang='lat' dir='ltr'><strong>suis</strong></span> 
     </span>
    </p>
   </div>
   <div class='ocr_carea' id='block_1_10' title="bbox 489 1294 2064 1364">
    <p class='ocr_par' dir='ltr' id='par_1_10' title="bbox 489 1294 2064 1364">
     <span class='ocr_line' id='line_1_10' title="bbox 489 1294 2064 1364; baseline 0.003 -18"><span class='ocrx_word' id='word_1_63' title='bbox 489 1295 706 1348; x_wconf 86' lang='lat' dir='ltr'><strong>modum</strong></span> <span class='ocrx_word' id='word_1_64' title='bbox 739 1296 1027 1364; x_wconf 83' lang='lat' dir='ltr'><strong>quemdam</strong></span> <span class='ocrx_word' id='word_1_65' title='bbox 1052 1294 1356 1358; x_wconf 81' lang='lat' dir='ltr'><strong>familiaris,</strong></span> <span class='ocrx_word' id='word_1_66' title='bbox 1387 1310 1450 1349; x_wconf 90' lang='lat' dir='ltr'><strong>ac</strong></span> <span class='ocrx_word' id='word_1_67' title='bbox 1480 1295 1788 1350; x_wconf 69' lang='lat' dir='ltr'><strong>domesticm</strong></span> <span class='ocrx_word' id='word_1_68' title='bbox 1810 1296 2064 1350; x_wconf 91' lang='lat' dir='ltr'><strong>obedien-</strong></span> 
     </span>
    </p>
   </div>
   <div class='ocr_carea' id='block_1_11' title="bbox 492 1385 2062 1459">
    <p class='ocr_par' dir='ltr' id='par_1_11' title="bbox 492 1385 2062 1459">
     <span class='ocr_line' id='line_1_11' title="bbox 492 1385 2062 1459; baseline 0.003 -21"><span class='ocrx_word' id='word_1_69' title='bbox 492 1386 578 1439; x_wconf 68' lang='lat' dir='ltr'><strong>tia:</strong></span> <span class='ocrx_word' id='word_1_70' title='bbox 605 1386 1034 1454; x_wconf 52' lang='lat' dir='ltr'><strong>praescribentes.</strong></span> <span class='ocrx_word' id='word_1_71' title='bbox 1076 1387 1244 1459; x_wconf 73' lang='grc'><strong>288</strong></span> <span class='ocrx_word' id='word_1_72' title='bbox 1270 1385 1484 1440; x_wconf 90' lang='lat' dir='ltr'><strong>Audere</strong></span> <span class='ocrx_word' id='word_1_73' title='bbox 1512 1386 1655 1442; x_wconf 89' lang='lat' dir='ltr'><strong>enim</strong></span> <span class='ocrx_word' id='word_1_74' title='bbox 1690 1386 1871 1442; x_wconf 89' lang='lat' dir='ltr'><strong>dicere</strong></span> <span class='ocrx_word' id='word_1_75' title='bbox 1922 1403 2062 1456; x_wconf 78' lang='lat' dir='ltr'><strong>pra:-</strong></span> 
     </span>
    </p>
   </div>
   <div class='ocr_carea' id='block_1_12' title="bbox 488 1473 2064 1546">
    <p class='ocr_par' dir='ltr' id='par_1_12' title="bbox 488 1473 2064 1546">
     <span class='ocr_line' id='line_1_12' title="bbox 488 1473 2064 1546; baseline 0.003 -19"><span class='ocrx_word' id='word_1_76' title='bbox 488 1473 678 1543; x_wconf 88' lang='lat' dir='ltr'><strong>positis</strong></span> <span class='ocrx_word' id='word_1_77' title='bbox 703 1484 754 1528; x_wconf 93' lang='lat' dir='ltr'><strong>et</strong></span> <span class='ocrx_word' id='word_1_78' title='bbox 789 1473 1104 1543; x_wconf 84' lang='lat' dir='ltr'><strong>majoribus,</strong></span> <span class='ocrx_word' id='word_1_79' title='bbox 1146 1477 1278 1530; x_wconf 83' lang='lat' dir='ltr'><strong>Date</strong></span> <span class='ocrx_word' id='word_1_80' title='bbox 1310 1476 1463 1530; x_wconf 87' lang='lat' dir='ltr'><strong>nobis</strong></span> <span class='ocrx_word' id='word_1_81' title='bbox 1492 1485 1551 1530; x_wconf 91' lang='lat' dir='ltr'><strong>ut</strong></span> <span class='ocrx_word' id='word_1_82' title='bbox 1593 1477 1858 1541; x_wconf 87' lang='lat' dir='ltr'><strong>bibamus,</strong></span> <span class='ocrx_word' id='word_1_83' title='bbox 1890 1477 2064 1546; x_wconf 85' lang='lat' dir='ltr'><strong>magis</strong></span> 
     </span>
    </p>
   </div>
   <div class='ocr_carea' id='block_1_13' title="bbox 464 1562 2062 1636">
    <p class='ocr_par' dir='ltr' id='par_1_13' title="bbox 464 1562 2062 1636">
     <span class='ocr_line' id='line_1_13' title="bbox 464 1562 2062 1636; baseline 0.006 -20"><span class='ocrx_word' id='word_1_84' title='bbox 464 1562 589 1617; x_wconf 80' lang='lat' dir='ltr'><strong>‘sibi</strong></span> <span class='ocrx_word' id='word_1_85' title='bbox 645 1564 963 1631; x_wconf 78' lang='lat' dir='ltr'><strong>ministrari,</strong></span> <span class='ocrx_word' id='word_1_86' title='bbox 1003 1581 1164 1635; x_wconf 89' lang='lat' dir='ltr'><strong>quam</strong></span> <span class='ocrx_word' id='word_1_87' title='bbox 1215 1567 1526 1623; x_wconf 91' lang='lat' dir='ltr'><strong>ministrare</strong></span> <span class='ocrx_word' id='word_1_88' title='bbox 1578 1568 1907 1636; x_wconf 89' lang='lat' dir='ltr'><strong>cupientium</strong></span> <span class='ocrx_word' id='word_1_89' title='bbox 1956 1580 2062 1626; x_wconf 91' lang='lat' dir='ltr'><strong>est.</strong></span> 
     </span>
    </p>
   </div>
   <div class='ocr_carea' id='block_1_14' title="bbox 487 1653 2065 1732">
    <p class='ocr_par' dir='ltr' id='par_1_14' title="bbox 487 1653 2065 1732">
     <span class='ocr_line' id='line_1_14' title="bbox 487 1653 2065 1732; baseline 0.005 -24"><span class='ocrx_word' id='word_1_90' title='bbox 487 1653 743 1721; x_wconf 67' lang='lat' dir='ltr'><strong>Quaenam</strong></span> <span class='ocrx_word' id='word_1_91' title='bbox 774 1670 904 1724; x_wconf 83' lang='lat' dir='ltr'><strong>ergo</strong></span> <span class='ocrx_word' id='word_1_92' title='bbox 930 1658 1042 1724; x_wconf 79' lang='lat' dir='ltr'><strong>jam</strong></span> <span class='ocrx_word' id='word_1_93' title='bbox 1083 1656 1276 1713; x_wconf 87' lang='lat' dir='ltr'><strong>borum</strong></span> <span class='ocrx_word' id='word_1_94' title='bbox 1310 1667 1393 1714; x_wconf 90' lang='lat' dir='ltr'><strong>est</strong></span> <span class='ocrx_word' id='word_1_95' title='bbox 1447 1658 1624 1714; x_wconf 84' lang='lat' dir='ltr'><strong>futura</strong></span> <span class='ocrx_word' id='word_1_96' title='bbox 1677 1661 1940 1729; x_wconf 89' lang='lat' dir='ltr'><strong>conditio,</strong></span> <span class='ocrx_word' id='word_1_97' title='bbox 1972 1663 2065 1732; x_wconf 91' lang='lat' dir='ltr'><strong>qui</strong></span> 
     </span>
    </p>
   </div>
   <div class='ocr_carea' id='block_1_15' title="bbox 487 1747 2063 1825">
    <p class='ocr_par' dir='ltr' id='par_1_15' title="bbox 487 1747 2063 1825">
     <span class='ocr_line' id='line_1_15' title="bbox 487 1747 2063 1825; baseline 0.004 -23"><span class='ocrx_word' id='word_1_98' title='bbox 487 1747 596 1803; x_wconf 91' lang='lat' dir='ltr'><strong>huc</strong></span> <span class='ocrx_word' id='word_1_99' title='bbox 627 1748 848 1825; x_wconf 71' lang='lat' dir='ltr'><strong>insania:</strong></span> <span class='ocrx_word' id='word_1_100' title='bbox 878 1750 1230 1819; x_wconf 82' lang='lat' dir='ltr'><strong>prodierunt?</strong></span> <span class='ocrx_word' id='word_1_101' title='bbox 1264 1771 1283 1805; x_wconf 78' lang='grc' dir='ltr'><strong>ι</strong></span> <span class='ocrx_word' id='word_1_102' title='bbox 1319 1751 1493 1817; x_wconf 79' lang='lat' dir='ltr'><strong>Jnrat,</strong></span> <span class='ocrx_word' id='word_1_103' title='bbox 1555 1753 1747 1823; x_wconf 89' lang='lat' dir='ltr'><strong>inquit,</strong></span> <span class='ocrx_word' id='word_1_104' title='bbox 1804 1753 2063 1809; x_wconf 87' lang='lat' dir='ltr'><strong>Dominus</strong></span> 
     </span>
    </p>
   </div>
   <div class='ocr_carea' id='block_1_16' title="bbox 486 1843 2062 1914">
    <p class='ocr_par' dir='ltr' id='par_1_16' title="bbox 486 1843 2062 1914">
     <span class='ocr_line' id='line_1_16' title="bbox 486 1843 2062 1914; baseline 0.007 -23"><span class='ocrx_word' id='word_1_105' title='bbox 486 1853 584 1909; x_wconf 90' lang='lat' dir='ltr'><strong>per</strong></span> <span class='ocrx_word' id='word_1_106' title='bbox 615 1849 802 1895; x_wconf 90' lang='lat' dir='ltr'><strong>sancta</strong></span> <span class='ocrx_word' id='word_1_107' title='bbox 843 1855 962 1908; x_wconf 88' lang='lat' dir='ltr'><strong>sua,</strong></span> <span class='ocrx_word' id='word_1_108' title='bbox 1002 1861 1022 1894; x_wconf 74' lang='grc' dir='ltr'><strong>ι</strong></span> <span class='ocrx_word' id='word_1_109' title='bbox 1059 1843 1110 1898; x_wconf 89' lang='lat' dir='ltr'><strong>id</strong></span> <span class='ocrx_word' id='word_1_110' title='bbox 1147 1852 1230 1899; x_wconf 92' lang='lat' dir='ltr'><strong>est</strong></span> <span class='ocrx_word' id='word_1_111' title='bbox 1286 1859 1384 1914; x_wconf 90' lang='lat' dir='ltr'><strong>per</strong></span> <span class='ocrx_word' id='word_1_112' title='bbox 1433 1844 1915 1912; x_wconf 83' lang='lat' dir='ltr'><strong>sanctiﬁcationes,</strong></span> <span class='ocrx_word' id='word_1_113' title='bbox 1948 1849 2062 1902; x_wconf 85' lang='lat' dir='ltr'><strong>sive</strong></span> 
     </span>
    </p>
   </div>
   <div class='ocr_carea' id='block_1_17' title="bbox 489 1931 2066 2004">
    <p class='ocr_par' dir='ltr' id='par_1_17' title="bbox 489 1931 2066 2004">
     <span class='ocr_line' id='line_1_17' title="bbox 489 1931 2066 2004; baseline 0.008 -22"><span class='ocrx_word' id='word_1_114' title='bbox 489 1931 750 2002; x_wconf 84' lang='lat' dir='ltr'><strong>mysteria</strong></span> <span class='ocrx_word' id='word_1_115' title='bbox 788 1932 931 2002; x_wconf 61' lang='lat' dir='ltr'><strong>(quae</strong></span> <span class='ocrx_word' id='word_1_116' title='bbox 957 1941 1136 1990; x_wconf 89' lang='lat' dir='ltr'><strong>tamen</strong></span> <span class='ocrx_word' id='word_1_117' title='bbox 1166 1934 1281 2004; x_wconf 89' lang='lat' dir='ltr'><strong>ipse</strong></span> <span class='ocrx_word' id='word_1_118' title='bbox 1313 1943 1416 1998; x_wconf 89' lang='lat' dir='ltr'><strong>est,</strong></span> <span class='ocrx_word' id='word_1_119' title='bbox 1449 1934 1648 1990; x_wconf 91' lang='lat' dir='ltr'><strong>nullum</strong></span> <span class='ocrx_word' id='word_1_120' title='bbox 1681 1936 1824 1992; x_wconf 91' lang='lat' dir='ltr'><strong>enim</strong></span> <span class='ocrx_word' id='word_1_121' title='bbox 1857 1953 1916 1993; x_wconf 91' lang='lat' dir='ltr'><strong>se</strong></span> <span class='ocrx_word' id='word_1_122' title='bbox 1946 1954 2066 1994; x_wconf 88' lang='lat' dir='ltr'><strong>ma-</strong></span> 
     </span>
    </p>
   </div>
   <div class='ocr_carea' id='block_1_18' title="bbox 482 2017 2068 2099">
    <p class='ocr_par' dir='ltr' id='par_1_18' title="bbox 482 2017 2068 2099">
     <span class='ocr_line' id='line_1_18' title="bbox 482 2017 2068 2099; baseline 0.008 -25"><span class='ocrx_word' id='word_1_123' title='bbox 482 2017 656 2083; x_wconf 83' lang='lat' dir='ltr'><strong>jorem</strong></span> <span class='ocrx_word' id='word_1_124' title='bbox 691 2020 877 2085; x_wconf 89' lang='lat' dir='ltr'><strong>habet,</strong></span> <span class='ocrx_word' id='word_1_125' title='bbox 901 2037 998 2090; x_wconf 91' lang='lat' dir='ltr'><strong>per</strong></span> <span class='ocrx_word' id='word_1_126' title='bbox 1033 2038 1192 2092; x_wconf 90' lang='lat' dir='ltr'><strong>quem</strong></span> <span class='ocrx_word' id='word_1_127' title='bbox 1237 2023 1436 2096; x_wconf 86' lang='lat' dir='ltr'><strong>jnret),</strong></span> <span class='ocrx_word' id='word_1_128' title='bbox 1471 2028 1728 2096; x_wconf 87' lang='lat' dir='ltr'><strong>quoniam</strong></span> <span class='ocrx_word' id='word_1_129' title='bbox 1759 2039 2068 2099; x_wconf 87' lang='lat' dir='ltr'><strong>sequentur</strong></span> 
     </span>
    </p>
   </div>
   <div class='ocr_carea' id='block_1_19' title="bbox 487 2112 2065 2187">
    <p class='ocr_par' dir='ltr' id='par_1_19' title="bbox 487 2112 2065 2187">
     <span class='ocr_line' id='line_1_19' title="bbox 487 2112 2065 2187; baseline 0.01 -26"><span class='ocrx_word' id='word_1_130' title='bbox 487 2117 726 2178; x_wconf 90' lang='lat' dir='ltr'><strong>tempora</strong></span> <span class='ocrx_word' id='word_1_131' title='bbox 763 2120 818 2166; x_wconf 91' lang='lat' dir='ltr'><strong>et</strong></span> <span class='ocrx_word' id='word_1_132' title='bbox 847 2112 983 2180; x_wconf 90' lang='lat' dir='ltr'><strong>dies,</strong></span> <span class='ocrx_word' id='word_1_133' title='bbox 1016 2114 1232 2182; x_wconf 89' lang='lat' dir='ltr'><strong>quando</strong></span> <span class='ocrx_word' id='word_1_134' title='bbox 1277 2125 1331 2168; x_wconf 90' lang='lat' dir='ltr'><strong>et</strong></span> <span class='ocrx_word' id='word_1_135' title='bbox 1381 2131 1476 2172; x_wconf 89' lang='lat' dir='ltr'><strong>vos</strong></span> <span class='ocrx_word' id='word_1_136' title='bbox 1521 2117 1668 2187; x_wconf 89' lang='lat' dir='ltr'><strong>ipsos</strong></span> <span class='ocrx_word' id='word_1_137' title='bbox 1695 2118 1767 2174; x_wconf 91' lang='lat' dir='ltr'><strong>ita</strong></span> <span class='ocrx_word' id='word_1_138' title='bbox 1801 2120 1948 2175; x_wconf 81' lang='lat' dir='ltr'><strong>luxui</strong></span> <span class='ocrx_word' id='word_1_139' title='bbox 1980 2123 2065 2177; x_wconf 88' lang='lat' dir='ltr'><strong>in-</strong></span> 
     </span>
    </p>
   </div>
   <div class='ocr_carea' id='block_1_20' title="bbox 489 2197 2067 2274">
    <p class='ocr_par' dir='ltr' id='par_1_20' title="bbox 489 2197 2067 2274">
     <span class='ocr_line' id='line_1_20' title="bbox 489 2197 2067 2274; baseline 0.012 -24"><span class='ocrx_word' id='word_1_140' title='bbox 489 2197 795 2268; x_wconf 88' lang='lat' dir='ltr'><strong>dulgentes,</strong></span> <span class='ocrx_word' id='word_1_141' title='bbox 815 2202 1157 2274; x_wconf 67' lang='lat' dir='ltr'><strong>crapulaeque</strong></span> <span class='ocrx_word' id='word_1_142' title='bbox 1182 2213 1233 2259; x_wconf 92' lang='lat' dir='ltr'><strong>et</strong></span> <span class='ocrx_word' id='word_1_143' title='bbox 1260 2205 1466 2261; x_wconf 84' lang='lat' dir='ltr'><strong>deliciis</strong></span> <span class='ocrx_word' id='word_1_144' title='bbox 1504 2207 1878 2266; x_wconf 89' lang='lat' dir='ltr'><strong>incumbentes</strong></span> <span class='ocrx_word' id='word_1_145' title='bbox 1907 2213 2067 2268; x_wconf 86' lang='lat' dir='ltr'><strong>timor</strong></span> 
     </span>
    </p>
   </div>
   <div class='ocr_carea' id='block_1_21' title="bbox 487 2288 2064 2374">
    <p class='ocr_par' dir='ltr' id='par_1_21' title="bbox 487 2288 2064 2374">
     <span class='ocr_line' id='line_1_21' title="bbox 487 2288 2064 2374; baseline 0.012 -32"><span class='ocrx_word' id='word_1_146' title='bbox 487 2288 617 2344; x_wconf 89' lang='lat' dir='ltr'><strong>dura</strong></span> <span class='ocrx_word' id='word_1_147' title='bbox 661 2291 899 2361; x_wconf 88' lang='lat' dir='ltr'><strong>patiendi</strong></span> <span class='ocrx_word' id='word_1_148' title='bbox 932 2295 997 2348; x_wconf 93' lang='lat' dir='ltr'><strong>ad</strong></span> <span class='ocrx_word' id='word_1_149' title='bbox 1036 2294 1248 2351; x_wconf 88' lang='lat' dir='ltr'><strong>labores</strong></span> <span class='ocrx_word' id='word_1_150' title='bbox 1279 2297 1572 2366; x_wconf 83' lang='lat' dir='ltr'><strong>militares,</strong></span> <span class='ocrx_word' id='word_1_151' title='bbox 1615 2310 1669 2355; x_wconf 94' lang='lat' dir='ltr'><strong>et</strong></span> <span class='ocrx_word' id='word_1_152' title='bbox 1701 2317 1851 2358; x_wconf 89' lang='lat' dir='ltr'><strong>arma</strong></span> <span class='ocrx_word' id='word_1_153' title='bbox 1876 2319 2064 2374; x_wconf 91' lang='lat' dir='ltr'><strong>capes-</strong></span> 
     </span>
    </p>
   </div>
   <div class='ocr_carea' id='block_1_22' title="bbox 487 2382 2066 2466">
    <p class='ocr_par' dir='ltr' id='par_1_22' title="bbox 487 2382 2066 2466">
     <span class='ocr_line' id='line_1_22' title="bbox 487 2382 2066 2466; baseline 0.011 -32"><span class='ocrx_word' id='word_1_154' title='bbox 487 2382 651 2457; x_wconf 75' lang='lat' dir='ltr'><strong>senda</strong></span> <span class='ocrx_word' id='word_1_155' title='bbox 698 2382 958 2466; x_wconf 75' lang='lat' dir='ltr'><strong>impellet.</strong></span> <span class='ocrx_word' id='word_1_156' title='bbox 1000 2383 1368 2444; x_wconf 84' lang='lat' dir='ltr'><strong>Nihilominus</strong></span> <span class='ocrx_word' id='word_1_157' title='bbox 1406 2390 1569 2445; x_wconf 88' lang='lat' dir='ltr'><strong>etiam</strong></span> <span class='ocrx_word' id='word_1_158' title='bbox 1603 2393 1683 2448; x_wconf 87' lang='lat' dir='ltr'><strong>sic</strong></span> <span class='ocrx_word' id='word_1_159' title='bbox 1721 2405 2066 2466; x_wconf 89' lang='lat' dir='ltr'><strong>comparatos</strong></span> 
     </span>
    </p>
   </div>
   <div class='ocr_carea' id='block_1_23' title="bbox 486 2461 2066 2554">
    <p class='ocr_par' dir='ltr' id='par_1_23' title="bbox 486 2461 2066 2554">
     <span class='ocr_line' id='line_1_23' title="bbox 486 2461 2066 2554; baseline 0.011 -29"><span class='ocrx_word' id='word_1_160' title='bbox 486 2473 762 2530; x_wconf 89' lang='lat' dir='ltr'><strong>abducent</strong></span> <span class='ocrx_word' id='word_1_161' title='bbox 803 2461 924 2531; x_wconf 86' lang='lat' dir='ltr'><strong>cum</strong></span> <span class='ocrx_word' id='word_1_162' title='bbox 981 2478 1320 2536; x_wconf 88' lang='lat' dir='ltr'><strong>charissimis</strong></span> <span class='ocrx_word' id='word_1_163' title='bbox 1369 2481 1578 2549; x_wconf 86' lang='lat' dir='ltr'><strong>liberis,</strong></span> <span class='ocrx_word' id='word_1_164' title='bbox 1611 2493 1666 2539; x_wconf 91' lang='lat' dir='ltr'><strong>et</strong></span> <span class='ocrx_word' id='word_1_165' title='bbox 1695 2461 1976 2554; x_wconf 75' lang='lat' dir='ltr'><strong>uxoribus,</strong></span> <span class='ocrx_word' id='word_1_166' title='bbox 2011 2497 2066 2544; x_wconf 84' lang='lat' dir='ltr'><strong>et</strong></span> 
     </span>
    </p>
   </div>
   <div class='ocr_carea' id='block_1_24' title="bbox 485 2563 2066 2650">
    <p class='ocr_par' dir='ltr' id='par_1_24' title="bbox 485 2563 2066 2650">
     <span class='ocr_line' id='line_1_24' title="bbox 485 2563 2066 2650; baseline 0.013 -35"><span class='ocrx_word' id='word_1_167' title='bbox 485 2563 874 2634; x_wconf 85' lang='lat' dir='ltr'><strong>adulatoribus,</strong></span> <span class='ocrx_word' id='word_1_168' title='bbox 907 2569 997 2638; x_wconf 89' lang='lat' dir='ltr'><strong>qui</strong></span> <span class='ocrx_word' id='word_1_169' title='bbox 1042 2571 1322 2628; x_wconf 79' lang='lat' dir='ltr'><strong>vobiscum</strong></span> <span class='ocrx_word' id='word_1_170' title='bbox 1372 2584 1676 2641; x_wconf 83' lang='lat' dir='ltr'><strong>versantes,</strong></span> <span class='ocrx_word' id='word_1_171' title='bbox 1710 2578 1867 2649; x_wconf 81' lang='lat' dir='ltr'><strong>longe</strong></span> <span class='ocrx_word' id='word_1_172' title='bbox 1897 2581 2066 2650; x_wconf 82' lang='lat' dir='ltr'><strong>pluri-</strong></span> 
     </span>
    </p>
   </div>
   <div class='ocr_carea' id='block_1_25' title="bbox 485 2654 2065 2734">
    <p class='ocr_par' dir='ltr' id='par_1_25' title="bbox 485 2654 2065 2734">
     <span class='ocr_line' id='line_1_25' title="bbox 485 2654 2065 2734; baseline 0.013 -26"><span class='ocrx_word' id='word_1_173' title='bbox 485 2654 589 2710; x_wconf 87' lang='lat' dir='ltr'><strong>mis</strong></span> <span class='ocrx_word' id='word_1_174' title='bbox 619 2655 870 2714; x_wconf 88' lang='lat' dir='ltr'><strong>laudibus</strong></span> <span class='ocrx_word' id='word_1_175' title='bbox 909 2659 1062 2716; x_wconf 82' lang='lat' dir='ltr'><strong>vobis</strong></span> <span class='ocrx_word' id='word_1_176' title='bbox 1078 2676 1292 2730; x_wconf 87' lang='lat' dir='ltr'><strong>semper</strong></span> <span class='ocrx_word' id='word_1_177' title='bbox 1313 2664 1647 2734; x_wconf 89' lang='lat' dir='ltr'><strong>plauserunt,</strong></span> <span class='ocrx_word' id='word_1_178' title='bbox 1680 2676 1734 2722; x_wconf 93' lang='lat' dir='ltr'><strong>et</strong></span> <span class='ocrx_word' id='word_1_179' title='bbox 1773 2678 1854 2723; x_wconf 90' lang='lat' dir='ltr'><strong>ter</strong></span> <span class='ocrx_word' id='word_1_180' title='bbox 1874 2671 2065 2728; x_wconf 87' lang='lat' dir='ltr'><strong>beatos</strong></span> 
     </span>
    </p>
   </div>
   <div class='ocr_carea' id='block_1_26' title="bbox 484 2743 2064 2821">
    <p class='ocr_par' dir='ltr' id='par_1_26' title="bbox 484 2743 2064 2821">
     <span class='ocr_line' id='line_1_26' title="bbox 484 2743 2064 2821; baseline 0.015 -23"><span class='ocrx_word' id='word_1_181' title='bbox 484 2747 851 2804; x_wconf 86' lang='lat' dir='ltr'><strong>nominarunt.</strong></span> <span class='ocrx_word' id='word_1_182' title='bbox 886 2749 1012 2808; x_wconf 69' lang='lat' dir='ltr'><strong>Harc</strong></span> <span class='ocrx_word' id='word_1_183' title='bbox 1051 2753 1196 2808; x_wconf 90' lang='lat' dir='ltr'><strong>enim</strong></span> <span class='ocrx_word' id='word_1_184' title='bbox 1227 2743 1570 2813; x_wconf 87' lang='lat' dir='ltr'><strong>adulatorum</strong></span> <span class='ocrx_word' id='word_1_185' title='bbox 1617 2760 1764 2816; x_wconf 93' lang='lat' dir='ltr'><strong>natio</strong></span> <span class='ocrx_word' id='word_1_186' title='bbox 1801 2761 2064 2821; x_wconf 89' lang='lat' dir='ltr'><strong>altoribus</strong></span> 
     </span>
    </p>
   </div>
   <div class='ocr_carea' id='block_1_27' title="bbox 483 2837 2062 2921">
    <p class='ocr_par' dir='ltr' id='par_1_27' title="bbox 483 2837 2062 2921">
     <span class='ocr_line' id='line_1_27' title="bbox 483 2837 2062 2921; baseline 0.011 -29"><span class='ocrx_word' id='word_1_187' title='bbox 483 2837 598 2893; x_wconf 84' lang='lat' dir='ltr'><strong>suis</strong></span> <span class='ocrx_word' id='word_1_188' title='bbox 626 2854 842 2911; x_wconf 91' lang='lat' dir='ltr'><strong>semper</strong></span> <span class='ocrx_word' id='word_1_189' title='bbox 872 2843 1162 2900; x_wconf 89' lang='lat' dir='ltr'><strong>acclamat.</strong></span> <span class='ocrx_word' id='word_1_190' title='bbox 1221 2844 1329 2902; x_wconf 91' lang='lat' dir='ltr'><strong>Sed</strong></span> <span class='ocrx_word' id='word_1_191' title='bbox 1374 2847 1449 2902; x_wconf 87' lang='lat' dir='ltr'><strong>illi</strong></span> <span class='ocrx_word' id='word_1_192' title='bbox 1504 2849 1629 2920; x_wconf 82' lang='lat' dir='ltr'><strong>igne</strong></span> <span class='ocrx_word' id='word_1_193' title='bbox 1681 2851 2062 2921; x_wconf 84' lang='lat' dir='ltr'><strong>incendentur,</strong></span> 
     </span>
    </p>
   </div>
   <div class='ocr_carea' id='block_1_28' title="bbox 487 2931 2064 3014">
    <p class='ocr_par' dir='ltr' id='par_1_28' title="bbox 487 2931 2064 3014">
     <span class='ocr_line' id='line_1_28' title="bbox 487 2931 2064 3014; baseline 0.013 -33"><span class='ocrx_word' id='word_1_194' title='bbox 487 2931 805 2999; x_wconf 87' lang='lat' dir='ltr'><strong>pestilentes</strong></span> <span class='ocrx_word' id='word_1_195' title='bbox 839 2936 983 2990; x_wconf 90' lang='lat' dir='ltr'><strong>enim</strong></span> <span class='ocrx_word' id='word_1_196' title='bbox 1018 2947 1161 3004; x_wconf 87' lang='lat' dir='ltr'><strong>sunt,</strong></span> <span class='ocrx_word' id='word_1_197' title='bbox 1182 2945 1238 2992; x_wconf 87' lang='lat' dir='ltr'><strong>et</strong></span> <span class='ocrx_word' id='word_1_198' title='bbox 1290 2938 1437 2994; x_wconf 87' lang='lat' dir='ltr'><strong>aliud</strong></span> <span class='ocrx_word' id='word_1_199' title='bbox 1479 2941 1612 2995; x_wconf 88' lang='lat' dir='ltr'><strong>nihil</strong></span> <span class='ocrx_word' id='word_1_200' title='bbox 1659 2943 1940 3012; x_wconf 85' lang='lat' dir='ltr'><strong>recipient,</strong></span> <span class='ocrx_word' id='word_1_201' title='bbox 1972 2947 2064 3014; x_wconf 85' lang='lat' dir='ltr'><strong>qui</strong></span> 
     </span>
    </p>
   </div>
   <div class='ocr_carea' id='block_1_29' title="bbox 482 3020 2065 3104">
    <p class='ocr_par' dir='ltr' id='par_1_29' title="bbox 482 3020 2065 3104">
     <span class='ocr_line' id='line_1_29' title="bbox 482 3020 2065 3104; baseline 0.012 -32"><span class='ocrx_word' id='word_1_202' title='bbox 482 3020 760 3087; x_wconf 88' lang='lat' dir='ltr'><strong>improbos</strong></span> <span class='ocrx_word' id='word_1_203' title='bbox 809 3031 867 3078; x_wconf 91' lang='lat' dir='ltr'><strong>et</strong></span> <span class='ocrx_word' id='word_1_204' title='bbox 927 3027 1165 3094; x_wconf 88' lang='lat' dir='ltr'><strong>peccatis</strong></span> <span class='ocrx_word' id='word_1_205' title='bbox 1216 3028 1432 3085; x_wconf 88' lang='lat' dir='ltr'><strong>deditus</strong></span> <span class='ocrx_word' id='word_1_206' title='bbox 1489 3031 1778 3088; x_wconf 90' lang='lat' dir='ltr'><strong>observant</strong></span> <span class='ocrx_word' id='word_1_207' title='bbox 1808 3046 1861 3089; x_wconf 92' lang='lat' dir='ltr'><strong>et</strong></span> <span class='ocrx_word' id='word_1_208' title='bbox 1891 3037 2065 3104; x_wconf 87' lang='lat' dir='ltr'><strong>suspi-</strong></span> 
     </span>
    </p>
   </div>
   <div class='ocr_carea' id='block_1_30' title="bbox 1480 345 2730 410">
    <p class='ocr_par' dir='ltr' id='par_1_30' title="bbox 1480 345 2730 410">
     <span class='ocr_line' id='line_1_30' title="bbox 1480 345 2730 410; baseline -0.006 -2"><span class='ocrx_word' id='word_1_209' title='bbox 1480 353 1538 408; x_wconf 84' lang='lat' dir='ltr'><strong>S.</strong></span> <span class='ocrx_word' id='word_1_210' title='bbox 1579 350 1860 408; x_wconf 77' lang='lat' dir='ltr'><strong>CYRILLI</strong></span> <span class='ocrx_word' id='word_1_211' title='bbox 1898 347 2372 410; x_wconf 72' lang='lat' dir='ltr'><strong>ALEXANDBINI</strong></span> <span class='ocrx_word' id='word_1_212' title='bbox 2409 345 2730 404; x_wconf 81' lang='lat' dir='ltr'><strong>ARCHIEP.</strong></span> 
     </span>
    </p>
   </div>
   <div class='ocr_carea' id='block_1_31' title="bbox 493 457 2060 540">
    <p class='ocr_par' dir='ltr' id='par_1_31' title="bbox 493 467 2060 540">
     <span class='ocr_line' id='line_1_31' title="bbox 493 467 2060 540; baseline -0.003 -15"><span class='ocrx_word' id='word_1_213' title='bbox 493 472 710 540; x_wconf 86' lang='lat' dir='ltr'><strong>clasqne</strong></span> <span class='ocrx_word' id='word_1_214' title='bbox 739 470 918 526; x_wconf 87' lang='lat' dir='ltr'><strong>studio</strong></span> <span class='ocrx_word' id='word_1_215' title='bbox 947 469 1232 534; x_wconf 88' lang='lat' dir='ltr'><strong>habentes,</strong></span> <span class='ocrx_word' id='word_1_216' title='bbox 1271 467 1414 524; x_wconf 89' lang='lat' dir='ltr'><strong>Dens</strong></span> <span class='ocrx_word' id='word_1_217' title='bbox 1441 468 1622 524; x_wconf 87' lang='lat' dir='ltr'><strong>vaccis</strong></span> <span class='ocrx_word' id='word_1_218' title='bbox 1647 467 1819 522; x_wconf 87' lang='lat' dir='ltr'><strong>Basan</strong></span> <span class='ocrx_word' id='word_1_219' title='bbox 1846 481 2060 537; x_wconf 85' lang='lat' dir='ltr'><strong>compa-</strong></span> 
     </span>
    </p>
   </div>
   <div class='ocr_carea' id='block_1_32' title="bbox 2163 457 3778 540">
    <p class='ocr_par' dir='ltr' id='par_1_32' title="bbox 2169 457 3778 535">
     <span class='ocr_line' id='line_1_32' title="bbox 2169 457 3778 535; baseline -0.002 -20"><span class='ocrx_word' id='word_1_220' title='bbox 2169 480 2268 527; x_wconf 91' lang='grc' dir='ltr'><strong>τας</strong></span> <span class='ocrx_word' id='word_1_221' title='bbox 2304 463 2466 532; x_wconf 82' lang='grc' dir='ltr'><strong><em>ἄγαν,</em></strong></span> <span class='ocrx_word' id='word_1_222' title='bbox 2508 461 2602 516; x_wconf 72' lang='grc' dir='ltr'><strong>καὶ</strong></span> <span class='ocrx_word' id='word_1_223' title='bbox 2637 461 2834 535; x_wconf 79' lang='grc' dir='ltr'>ἄριστα</span> <span class='ocrx_word' id='word_1_224' title='bbox 2896 459 3332 532; x_wconf 76' lang='grc' dir='ltr'><strong>τεθραμμένους,</strong></span> <span class='ocrx_word' id='word_1_225' title='bbox 3395 457 3490 513; x_wconf 66' lang='grc' dir='ltr'><strong>καὶ</strong></span> <span class='ocrx_word' id='word_1_226' title='bbox 3523 457 3778 533; x_wconf 69' lang='grc' dir='ltr'>μελέτην</span> 
     </span>
    </p>
   </div>
   <div class='ocr_carea' id='block_1_33' title="bbox 3651 341 3770 398">
    <p class='ocr_par' dir='ltr' id='par_1_33' title="bbox 3651 341 3770 398">
     <span class='ocr_line' id='line_1_33' title="bbox 3651 341 3770 398; baseline 0 0"><span class='ocrx_word' id='word_1_227' title='bbox 3651 341 3770 398; x_wconf 60' lang='lat'><strong>4&#39;36</strong></span> 
     </span>
    </p>
   </div>
   <div class='ocr_carea' id='block_1_34' title="bbox 2167 551 3776 627">
    <p class='ocr_par' dir='ltr' id='par_1_34' title="bbox 2167 551 3776 627">
     <span class='ocr_line' id='line_1_34' title="bbox 2167 551 3776 627; baseline -0.005 -18"><span class='ocrx_word' id='word_1_228' title='bbox 2167 554 2391 627; x_wconf 58' lang='grc' dir='ltr'>ἔχοντας</span> <span class='ocrx_word' id='word_1_229' title='bbox 2418 557 2517 624; x_wconf 77' lang='grc' dir='ltr'><strong>τὴν</strong></span> <span class='ocrx_word' id='word_1_230' title='bbox 2541 554 2773 625; x_wconf 77' lang='grc' dir='ltr'>τρυφὴν,</span> <span class='ocrx_word' id='word_1_231' title='bbox 2795 552 3062 622; x_wconf 81' lang='grc' dir='ltr'><strong>δαμάλεσι</strong></span> <span class='ocrx_word' id='word_1_232' title='bbox 3101 555 3222 615; x_wconf 88' lang='grc' dir='ltr'>ταῖς</span> <span class='ocrx_word' id='word_1_233' title='bbox 3254 551 3318 605; x_wconf 76' lang='grc' dir='ltr'>ἐκ</span> <span class='ocrx_word' id='word_1_234' title='bbox 3347 551 3532 604; x_wconf 85' lang='grc' dir='ltr'>Βασὰν</span> <span class='ocrx_word' id='word_1_235' title='bbox 3569 567 3776 620; x_wconf 85' lang='grc' dir='ltr'>παρει-</span> 
     </span>
    </p>
   </div>
   <div class='ocr_carea' id='block_1_35' title="bbox 2167 643 3771 716">
    <p class='ocr_par' dir='ltr' id='par_1_35' title="bbox 2167 643 3771 716">
     <span class='ocr_line' id='line_1_35' title="bbox 2167 643 3771 716; baseline -0.002 -17"><span class='ocrx_word' id='word_1_236' title='bbox 2167 645 2323 712; x_wconf 77' lang='grc' dir='ltr'>κάζει</span> <span class='ocrx_word' id='word_1_237' title='bbox 2354 647 2504 710; x_wconf 84' lang='grc' dir='ltr'>Θεός.</span> <span class='ocrx_word' id='word_1_238' title='bbox 2530 647 2778 700; x_wconf 78' lang='grc' dir='ltr'>Αίτιᾶται</span> <span class='ocrx_word' id='word_1_239' title='bbox 2804 645 2879 709; x_wconf 83' lang='grc' dir='ltr'><strong>δὲ,</strong></span> <span class='ocrx_word' id='word_1_240' title='bbox 2898 646 2980 699; x_wconf 85' lang='grc' dir='ltr'>ὅτι</span> <span class='ocrx_word' id='word_1_241' title='bbox 3014 643 3474 698; x_wconf 88' lang='grc' dir='ltr'>κατεδυνάστευον</span> <span class='ocrx_word' id='word_1_242' title='bbox 3497 643 3771 716; x_wconf 81' lang='grc' dir='ltr'><strong>πένητας,</strong></span> 
     </span>
    </p>
   </div>
   <div class='ocr_carea' id='block_1_36' title="bbox 2167 732 3748 809">
    <p class='ocr_par' dir='ltr' id='par_1_36' title="bbox 2167 732 3748 809">
     <span class='ocr_line' id='line_1_36' title="bbox 2167 732 3748 809; baseline -0.006 -15"><span class='ocrx_word' id='word_1_243' title='bbox 2167 739 2261 794; x_wconf 73' lang='grc' dir='ltr'><strong>καὶ</strong></span> <span class='ocrx_word' id='word_1_244' title='bbox 2298 737 2580 809; x_wconf 75' lang='grc' dir='ltr'>μονονουχὶ</span> <span class='ocrx_word' id='word_1_245' title='bbox 2623 738 2736 800; x_wconf 85' lang='grc' dir='ltr'>τοῖς</span> <span class='ocrx_word' id='word_1_246' title='bbox 2787 734 2939 797; x_wconf 82' lang='grc' dir='ltr'><strong>ἰδίοις</strong></span> <span class='ocrx_word' id='word_1_247' title='bbox 2991 733 3260 787; x_wconf 82' lang='grc' dir='ltr'>συνέθλων</span> <span class='ocrx_word' id='word_1_248' title='bbox 3316 732 3445 786; x_wconf 72' lang='grc' dir='ltr'>ποσὶ</span> <span class='ocrx_word' id='word_1_249' title='bbox 3485 734 3748 803; x_wconf 77' lang='grc' dir='ltr'>πτωχούς</span> 
     </span>
    </p>
   </div>
   <div class='ocr_carea' id='block_1_37' title="bbox 2172 824 3766 902">
    <p class='ocr_par' dir='ltr' id='par_1_37' title="bbox 2172 824 3766 902">
     <span class='ocr_line' id='line_1_37' title="bbox 2172 824 3766 902; baseline -0.004 -19"><span class='ocrx_word' id='word_1_250' title='bbox 2172 851 2190 883; x_wconf 78' lang='grc' dir='ltr'><strong>ι</strong></span> <span class='ocrx_word' id='word_1_251' title='bbox 2228 831 2411 902; x_wconf 65' lang='lat' dir='ltr'><strong>Nepai</strong></span> <span class='ocrx_word' id='word_1_252' title='bbox 2449 829 2561 899; x_wconf 82' lang='grc' dir='ltr'><strong>γάρ</strong></span> <span class='ocrx_word' id='word_1_253' title='bbox 2600 828 2874 880; x_wconf 87' lang='grc' dir='ltr'>πλουσίων</span> <span class='ocrx_word' id='word_1_254' title='bbox 2906 826 3130 896; x_wconf 76' lang='grc' dir='ltr'>πτωχοὶ,</span> <span class='ocrx_word' id='word_1_255' title='bbox 3173 843 3193 876; x_wconf 75' lang='grc' dir='ltr'><strong>ι</strong></span> <span class='ocrx_word' id='word_1_256' title='bbox 3236 824 3378 878; x_wconf 82' lang='grc' dir='ltr'>κατὰ</span> <span class='ocrx_word' id='word_1_257' title='bbox 3406 824 3468 877; x_wconf 80' lang='grc' dir='ltr'><strong>τὸ</strong></span> <span class='ocrx_word' id='word_1_258' title='bbox 3503 841 3766 894; x_wconf 75' lang='grc' dir='ltr'>γεγραμ-</span> 
     </span>
    </p>
   </div>
   <div class='ocr_carea' id='block_1_38' title="bbox 2169 915 3759 992">
    <p class='ocr_par' dir='ltr' id='par_1_38' title="bbox 2169 915 3759 992">
     <span class='ocr_line' id='line_1_38' title="bbox 2169 915 3759 992; baseline -0.005 -18"><span class='ocrx_word' id='word_1_259' title='bbox 2169 921 2348 992; x_wconf 86' lang='grc' dir='ltr'>μένον.</span> <span class='ocrx_word' id='word_1_260' title='bbox 2395 919 2768 992; x_wconf 88' lang='grc' dir='ltr'>Προσεπάγων</span> <span class='ocrx_word' id='word_1_261' title='bbox 2807 917 2884 983; x_wconf 79' lang='grc' dir='ltr'>δὲ,</span> <span class='ocrx_word' id='word_1_262' title='bbox 2925 919 3006 972; x_wconf 86' lang='grc' dir='ltr'><strong>ὅτι</strong></span> <span class='ocrx_word' id='word_1_263' title='bbox 3061 938 3080 968; x_wconf 72' lang='grc' dir='ltr'><strong>ι</strong></span> <span class='ocrx_word' id='word_1_264' title='bbox 3113 917 3180 969; x_wconf 84' lang='grc' dir='ltr'><strong>Αἱ</strong></span> <span class='ocrx_word' id='word_1_265' title='bbox 3209 915 3468 984; x_wconf 83' lang='grc' dir='ltr'><strong>λέγουσαι</strong></span> <span class='ocrx_word' id='word_1_266' title='bbox 3519 917 3633 978; x_wconf 82' lang='grc' dir='ltr'>τοῖς</span> <span class='ocrx_word' id='word_1_267' title='bbox 3667 932 3759 967; x_wconf 77' lang='grc' dir='ltr'>κυσ</span> 
     </span>
    </p>
   </div>
   <div class='ocr_carea' id='block_1_39' title="bbox 2168 1007 3763 1084">
    <p class='ocr_par' dir='ltr' id='par_1_39' title="bbox 2168 1007 3763 1084">
     <span class='ocr_line' id='line_1_39' title="bbox 2168 1007 3763 1084; baseline -0.004 -18"><span class='ocrx_word' id='word_1_268' title='bbox 2168 1013 2304 1084; x_wconf 89' lang='grc' dir='ltr'>ρίοις</span> <span class='ocrx_word' id='word_1_269' title='bbox 2335 1011 2516 1065; x_wconf 84' lang='grc' dir='ltr'>αὑτῶν</span> <span class='ocrx_word' id='word_1_270' title='bbox 2538 1029 2551 1042; x_wconf 75' lang='grc' dir='ltr'><strong>ο</strong></span> <span class='ocrx_word' id='word_1_271' title='bbox 2583 1010 2828 1064; x_wconf 84' lang='grc' dir='ltr'>Ἐπίδοτε</span> <span class='ocrx_word' id='word_1_272' title='bbox 2879 1010 3012 1080; x_wconf 69' lang='grc' dir='ltr'>ἡμῖν</span> <span class='ocrx_word' id='word_1_273' title='bbox 3039 1009 3187 1070; x_wconf 85' lang='grc' dir='ltr'>ὅπως</span> <span class='ocrx_word' id='word_1_274' title='bbox 3221 1007 3460 1078; x_wconf 80' lang='grc' dir='ltr'><strong>πίωμεν,</strong></span> <span class='ocrx_word' id='word_1_275' title='bbox 3497 1025 3516 1058; x_wconf 78' lang='grc' dir='ltr'><strong>ι</strong></span> <span class='ocrx_word' id='word_1_276' title='bbox 3558 1008 3763 1060; x_wconf 84' lang='grc' dir='ltr'>ἀνυπο-</span> 
     </span>
    </p>
   </div>
   <div class='ocr_carea' id='block_1_40' title="bbox 2164 1098 3766 1170">
    <p class='ocr_par' dir='ltr' id='par_1_40' title="bbox 2164 1098 3766 1170">
     <span class='ocr_line' id='line_1_40' title="bbox 2164 1098 3766 1170; baseline -0.004 -13"><span class='ocrx_word' id='word_1_277' title='bbox 2164 1104 2400 1167; x_wconf 86' lang='grc' dir='ltr'>τάκτους</span> <span class='ocrx_word' id='word_1_278' title='bbox 2419 1103 2577 1166; x_wconf 72' lang='grc' dir='ltr'>ὄντας</span> <span class='ocrx_word' id='word_1_279' title='bbox 2607 1098 2827 1169; x_wconf 74' lang='grc' dir='ltr'>ἔδειξεν,</span> <span class='ocrx_word' id='word_1_280' title='bbox 2851 1100 2969 1154; x_wconf 84' lang='grc' dir='ltr'>οὑδὲ</span> <span class='ocrx_word' id='word_1_281' title='bbox 2991 1101 3173 1162; x_wconf 88' lang='grc' dir='ltr'>αὑτοῖς</span> <span class='ocrx_word' id='word_1_282' title='bbox 3197 1099 3365 1152; x_wconf 74' lang='grc' dir='ltr'>εἴκειν</span> <span class='ocrx_word' id='word_1_283' title='bbox 3395 1098 3766 1170; x_wconf 79' lang='grc' dir='ltr'>ἀνεχομένους</span> 
     </span>
    </p>
   </div>
   <div class='ocr_carea' id='block_1_41' title="bbox 2163 1188 3762 1266">
    <p class='ocr_par' dir='ltr' id='par_1_41' title="bbox 2163 1188 3762 1266">
     <span class='ocr_line' id='line_1_41' title="bbox 2163 1188 3762 1266; baseline -0.004 -18"><span class='ocrx_word' id='word_1_284' title='bbox 2163 1196 2278 1259; x_wconf 87' lang='grc' dir='ltr'>τοῖς</span> <span class='ocrx_word' id='word_1_285' title='bbox 2299 1193 2592 1266; x_wconf 81' lang='grc' dir='ltr'>κρατοῦσιν</span> <span class='ocrx_word' id='word_1_286' title='bbox 2617 1192 2817 1256; x_wconf 90' lang='grc' dir='ltr'>αὑτῶν,</span> <span class='ocrx_word' id='word_1_287' title='bbox 2847 1193 2972 1246; x_wconf 82' lang='grc' dir='ltr'>ὅσον</span> <span class='ocrx_word' id='word_1_288' title='bbox 2997 1193 3079 1253; x_wconf 79' lang='grc' dir='ltr'>εἰς</span> <span class='ocrx_word' id='word_1_289' title='bbox 3117 1189 3368 1261; x_wconf 80' lang='grc' dir='ltr'>βασιλίδα</span> <span class='ocrx_word' id='word_1_290' title='bbox 3408 1191 3600 1261; x_wconf 82' lang='grc' dir='ltr'>τιμὴν,</span> <span class='ocrx_word' id='word_1_291' title='bbox 3643 1188 3762 1242; x_wconf 79' lang='grc' dir='ltr'>ἀλλ’</span> 
     </span>
    </p>
   </div>
   <div class='ocr_carea' id='block_1_42' title="bbox 2164 1281 3762 1356">
    <p class='ocr_par' dir='ltr' id='par_1_42' title="bbox 2164 1281 3762 1356">
     <span class='ocr_line' id='line_1_42' title="bbox 2164 1281 3762 1356; baseline -0.004 -16"><span class='ocrx_word' id='word_1_292' title='bbox 2164 1287 2328 1340; x_wconf 81' lang='grc' dir='ltr'>οἱονεί</span> <span class='ocrx_word' id='word_1_293' title='bbox 2355 1304 2470 1350; x_wconf 84' lang='grc' dir='ltr'><strong>πως</strong></span> <span class='ocrx_word' id='word_1_294' title='bbox 2490 1284 2549 1350; x_wconf 75' lang='grc' dir='ltr'>ἐξ</span> <span class='ocrx_word' id='word_1_295' title='bbox 2578 1285 2889 1356; x_wconf 83' lang='grc' dir='ltr'>ἀμετρήτου</span> <span class='ocrx_word' id='word_1_296' title='bbox 2922 1281 3108 1336; x_wconf 79' lang='grc' dir='ltr'>λοιπὸν</span> <span class='ocrx_word' id='word_1_297' title='bbox 3144 1281 3466 1346; x_wconf 78' lang='grc' dir='ltr'>ἀλαζονείας</span> <span class='ocrx_word' id='word_1_298' title='bbox 3487 1282 3547 1336; x_wconf 80' lang='grc' dir='ltr'>τὸ</span> <span class='ocrx_word' id='word_1_299' title='bbox 3568 1283 3762 1335; x_wconf 72' lang='grc' dir='ltr'>οἰκετι-</span> 
     </span>
    </p>
   </div>
   <div class='ocr_carea' id='block_1_43' title="bbox 2165 1373 3757 1448">
    <p class='ocr_par' dir='ltr' id='par_1_43' title="bbox 2165 1373 3757 1448">
     <span class='ocr_line' id='line_1_43' title="bbox 2165 1373 3757 1448; baseline -0.004 -16"><span class='ocrx_word' id='word_1_300' title='bbox 2165 1379 2259 1433; x_wconf 81' lang='grc' dir='ltr'><strong>κὸν</strong></span> <span class='ocrx_word' id='word_1_301' title='bbox 2283 1380 2378 1432; x_wconf 70' lang='grc' dir='ltr'><strong>καὶ</strong></span> <span class='ocrx_word' id='word_1_302' title='bbox 2407 1379 2593 1442; x_wconf 86' lang='grc' dir='ltr'>αὑτοῖς</span> <span class='ocrx_word' id='word_1_303' title='bbox 2617 1379 2732 1441; x_wconf 89' lang='grc' dir='ltr'>τοῖς</span> <span class='ocrx_word' id='word_1_304' title='bbox 2778 1376 2992 1448; x_wconf 84' lang='grc' dir='ltr'>κυρίοις</span> <span class='ocrx_word' id='word_1_305' title='bbox 3035 1373 3216 1429; x_wconf 88' lang='grc' dir='ltr'>αὑτῶν</span> <span class='ocrx_word' id='word_1_306' title='bbox 3246 1374 3620 1444; x_wconf 81' lang='grc' dir='ltr'>ἀπονέμοντας</span> <span class='ocrx_word' id='word_1_307' title='bbox 3656 1374 3757 1444; x_wconf 86' lang='grc' dir='ltr'>μέ-</span> 
     </span>
    </p>
   </div>
   <div class='ocr_carea' id='block_1_44' title="bbox 2163 1473 3752 1550">
    <p class='ocr_par' dir='ltr' id='par_1_44' title="bbox 2163 1473 3752 1550">
     <span class='ocr_line' id='line_1_44' title="bbox 2163 1473 3752 1550; baseline -0.002 -19"><span class='ocrx_word' id='word_1_308' title='bbox 2163 1495 2311 1550; x_wconf 90' lang='grc' dir='ltr'>τρον.</span> <span class='ocrx_word' id='word_1_309' title='bbox 2346 1477 2419 1531; x_wconf 80' lang='grc' dir='ltr'>Τὸ</span> <span class='ocrx_word' id='word_1_310' title='bbox 2461 1477 2568 1548; x_wconf 83' lang='grc' dir='ltr'>γὰρ</span> <span class='ocrx_word' id='word_1_311' title='bbox 2607 1477 2672 1548; x_wconf 84' lang='grc' dir='ltr'>δὴ</span> <span class='ocrx_word' id='word_1_312' title='bbox 2704 1477 2869 1546; x_wconf 82' lang='grc' dir='ltr'>φάναι</span> <span class='ocrx_word' id='word_1_313' title='bbox 2913 1475 3117 1547; x_wconf 84' lang='grc' dir='ltr'>τολμᾷν</span> <span class='ocrx_word' id='word_1_314' title='bbox 3157 1477 3270 1538; x_wconf 84' lang='grc' dir='ltr'>τοῖς</span> <span class='ocrx_word' id='word_1_315' title='bbox 3303 1473 3613 1546; x_wconf 77' lang='grc' dir='ltr'>προῦχουσι,</span> <span class='ocrx_word' id='word_1_316' title='bbox 3656 1476 3752 1529; x_wconf 79' lang='grc' dir='ltr'><strong>καὶ</strong></span> 
     </span>
    </p>
   </div>
   <div class='ocr_carea' id='block_1_45' title="bbox 2166 1567 3751 1640">
    <p class='ocr_par' dir='ltr' id='par_1_45' title="bbox 2166 1567 3751 1640">
     <span class='ocr_line' id='line_1_45' title="bbox 2166 1567 3751 1640; baseline -0.001 -18"><span class='ocrx_word' id='word_1_317' title='bbox 2166 1569 2602 1640; x_wconf 85' lang='grc' dir='ltr'>ὑπερκειμένοις,</span> <span class='ocrx_word' id='word_1_318' title='bbox 2644 1567 2888 1622; x_wconf 87' lang='grc' dir='ltr'>Ἐπίδοτε</span> <span class='ocrx_word' id='word_1_319' title='bbox 2943 1569 3075 1638; x_wconf 80' lang='grc' dir='ltr'>ἡμῖν</span> <span class='ocrx_word' id='word_1_320' title='bbox 3135 1569 3286 1626; x_wconf 84' lang='grc' dir='ltr'>ὅπως</span> <span class='ocrx_word' id='word_1_321' title='bbox 3343 1567 3575 1635; x_wconf 86' lang='grc' dir='ltr'>πίωμεν.</span> <span class='ocrx_word' id='word_1_322' title='bbox 3629 1568 3751 1620; x_wconf 68' lang='grc' dir='ltr'>ἑπι-</span> 
     </span>
    </p>
   </div>
   <div class='ocr_carea' id='block_1_46' title="bbox 2166 1654 3752 1729">
    <p class='ocr_par' dir='ltr' id='par_1_46' title="bbox 2166 1654 3752 1729">
     <span class='ocr_line' id='line_1_46' title="bbox 2166 1654 3752 1729; baseline -0.001 -18"><span class='ocrx_word' id='word_1_323' title='bbox 2166 1657 2483 1729; x_wconf 88' lang='grc' dir='ltr'>θυμούντων</span> <span class='ocrx_word' id='word_1_324' title='bbox 2524 1658 2642 1711; x_wconf 71' lang='grc' dir='ltr'>ἐστὶ</span> <span class='ocrx_word' id='word_1_325' title='bbox 2704 1656 2906 1727; x_wconf 80' lang='grc' dir='ltr'>μᾶλλον</span> <span class='ocrx_word' id='word_1_326' title='bbox 2953 1654 3408 1728; x_wconf 86' lang='grc' dir='ltr'>ὑπηρετεῖσθαιῆ</span> <span class='ocrx_word' id='word_1_327' title='bbox 3441 1655 3752 1726; x_wconf 80' lang='grc' dir='ltr'>ὑπηρετεῖν.</span> 
     </span>
    </p>
   </div>
   <div class='ocr_carea' id='block_1_47' title="bbox 2167 1746 3747 1822">
    <p class='ocr_par' dir='ltr' id='par_1_47' title="bbox 2167 1746 3747 1822">
     <span class='ocr_line' id='line_1_47' title="bbox 2167 1746 3747 1822; baseline -0.003 -18"><span class='ocrx_word' id='word_1_328' title='bbox 2167 1750 2233 1804; x_wconf 86' lang='grc' dir='ltr'>Τί</span> <span class='ocrx_word' id='word_1_329' title='bbox 2263 1746 2356 1805; x_wconf 80' lang='grc' dir='ltr'><strong>οὑν</strong></span> <span class='ocrx_word' id='word_1_330' title='bbox 2387 1750 2492 1822; x_wconf 76' lang='grc' dir='ltr'>ἄρα</span> <span class='ocrx_word' id='word_1_331' title='bbox 2521 1749 2861 1820; x_wconf 85' lang='grc' dir='ltr'>συμϐήσεται</span> <span class='ocrx_word' id='word_1_332' title='bbox 2899 1751 3012 1812; x_wconf 88' lang='grc' dir='ltr'>τοῖς</span> <span class='ocrx_word' id='word_1_333' title='bbox 3051 1749 3132 1811; x_wconf 89' lang='grc' dir='ltr'><strong>είς</strong></span> <span class='ocrx_word' id='word_1_334' title='bbox 3174 1747 3331 1801; x_wconf 80' lang='grc' dir='ltr'>τοῦτο</span> <span class='ocrx_word' id='word_1_335' title='bbox 3381 1746 3574 1800; x_wconf 80' lang='grc' dir='ltr'>λοιπὸν</span> <span class='ocrx_word' id='word_1_336' title='bbox 3624 1748 3747 1800; x_wconf 76' lang='grc' dir='ltr'>ἀπο-</span> 
     </span>
    </p>
   </div>
   <div class='ocr_carea' id='block_1_48' title="bbox 2165 1837 3750 1911">
    <p class='ocr_par' dir='ltr' id='par_1_48' title="bbox 2165 1837 3750 1911">
     <span class='ocr_line' id='line_1_48' title="bbox 2165 1837 3750 1911; baseline -0.002 -17"><span class='ocrx_word' id='word_1_337' title='bbox 2165 1841 2314 1904; x_wconf 89' lang='grc' dir='ltr'>νοίας</span> <span class='ocrx_word' id='word_1_338' title='bbox 2367 1839 2762 1911; x_wconf 62' lang='grc' dir='ltr'>ἐκϐεϐηκόσινε</span> <span class='ocrx_word' id='word_1_339' title='bbox 2821 1858 2839 1891; x_wconf 74' lang='grc' dir='ltr'><strong>ι</strong></span> <span class='ocrx_word' id='word_1_340' title='bbox 2880 1837 3126 1909; x_wconf 86' lang='grc' dir='ltr'>Ὀμνύει,</span> <span class='ocrx_word' id='word_1_341' title='bbox 3175 1837 3331 1910; x_wconf 70' lang='grc' dir='ltr'>φησὶ,</span> <span class='ocrx_word' id='word_1_342' title='bbox 3380 1837 3592 1909; x_wconf 84' lang='grc' dir='ltr'>Κύριος</span> <span class='ocrx_word' id='word_1_343' title='bbox 3622 1838 3750 1894; x_wconf 79' lang='grc' dir='ltr'><strong>κατά</strong></span> 
     </span>
    </p>
   </div>
   <div class='ocr_carea' id='block_1_49' title="bbox 2165 1928 3750 2002">
    <p class='ocr_par' dir='ltr' id='par_1_49' title="bbox 2165 1928 3750 2002">
     <span class='ocr_line' id='line_1_49' title="bbox 2165 1928 3750 2002; baseline -0.003 -16"><span class='ocrx_word' id='word_1_344' title='bbox 2165 1931 2273 1986; x_wconf 87' lang='grc' dir='ltr'><strong>τῶν</strong></span> <span class='ocrx_word' id='word_1_345' title='bbox 2320 1931 2491 2000; x_wconf 80' lang='grc' dir='ltr'>ἁγίων</span> <span class='ocrx_word' id='word_1_346' title='bbox 2522 1929 2710 1997; x_wconf 82' lang='grc' dir='ltr'>αὑτοῦ,</span> <span class='ocrx_word' id='word_1_347' title='bbox 2737 1944 2766 1982; x_wconf 76' lang='grc' dir='ltr'><strong>ἰ</strong></span> <span class='ocrx_word' id='word_1_348' title='bbox 2816 1930 2983 2002; x_wconf 72' lang='grc' dir='ltr'>ἦγουν</span> <span class='ocrx_word' id='word_1_349' title='bbox 3040 1928 3184 1983; x_wconf 86' lang='grc' dir='ltr'><strong>κατά</strong></span> <span class='ocrx_word' id='word_1_350' title='bbox 3229 1929 3341 1982; x_wconf 87' lang='grc' dir='ltr'><strong>τῶν</strong></span> <span class='ocrx_word' id='word_1_351' title='bbox 3396 1929 3750 1999; x_wconf 83' lang='grc' dir='ltr'>ἀγιασμάτων</span> 
     </span>
    </p>
   </div>
   <div class='ocr_carea' id='block_1_50' title="bbox 2165 2020 3753 2096">
    <p class='ocr_par' dir='ltr' id='par_1_50' title="bbox 2165 2020 3753 2096">
     <span class='ocr_line' id='line_1_50' title="bbox 2165 2020 3753 2096; baseline -0.001 -21"><span class='ocrx_word' id='word_1_352' title='bbox 2165 2023 2282 2093; x_wconf 77' lang='grc' dir='ltr'>ἦτοι</span> <span class='ocrx_word' id='word_1_353' title='bbox 2313 2023 2628 2096; x_wconf 78' lang='grc' dir='ltr'>μυστηρίων</span> <span class='ocrx_word' id='word_1_354' title='bbox 2657 2021 2675 2093; x_wconf 73' lang='grc' dir='ltr'>ζ</span> <span class='ocrx_word' id='word_1_355' title='bbox 2691 2021 2726 2076; x_wconf 82' lang='grc' dir='ltr'><strong>ἆ</strong></span> <span class='ocrx_word' id='word_1_356' title='bbox 2762 2024 2878 2075; x_wconf 87' lang='grc' dir='ltr'>ὲστι</span> <span class='ocrx_word' id='word_1_357' title='bbox 2933 2021 3099 2076; x_wconf 87' lang='grc' dir='ltr'>πάλιν</span> <span class='ocrx_word' id='word_1_358' title='bbox 3164 2020 3350 2087; x_wconf 78' lang='grc' dir='ltr'>αὑτὸς,</span> <span class='ocrx_word' id='word_1_359' title='bbox 3391 2020 3516 2076; x_wconf 80' lang='grc' dir='ltr'>κατ’</span> <span class='ocrx_word' id='word_1_360' title='bbox 3545 2021 3753 2084; x_wconf 86' lang='grc' dir='ltr'>οὑδενδς</span> 
     </span>
    </p>
   </div>
   <div class='ocr_carea' id='block_1_51' title="bbox 2164 2111 3748 2185">
    <p class='ocr_par' dir='ltr' id='par_1_51' title="bbox 2164 2111 3748 2185">
     <span class='ocr_line' id='line_1_51' title="bbox 2164 2111 3748 2185; baseline -0.003 -19"><span class='ocrx_word' id='word_1_361' title='bbox 2164 2113 2274 2184; x_wconf 77' lang='grc' dir='ltr'>γὰρ</span> <span class='ocrx_word' id='word_1_362' title='bbox 2305 2111 2419 2182; x_wconf 77' lang='grc' dir='ltr'>ἔχει</span> <span class='ocrx_word' id='word_1_363' title='bbox 2470 2112 2714 2185; x_wconf 79' lang='grc' dir='ltr'>μείζονος</span> <span class='ocrx_word' id='word_1_364' title='bbox 2746 2113 2944 2183; x_wconf 83' lang='grc' dir='ltr'>ὀμόσαι</span> <span class='ocrx_word' id='word_1_365' title='bbox 2967 2112 3009 2180; x_wconf 89' lang='grc'>),</span> <span class='ocrx_word' id='word_1_366' title='bbox 3044 2112 3126 2166; x_wconf 78' lang='grc' dir='ltr'>ὅτι</span> <span class='ocrx_word' id='word_1_367' title='bbox 3158 2111 3497 2182; x_wconf 86' lang='grc' dir='ltr'>παρέπονται</span> <span class='ocrx_word' id='word_1_368' title='bbox 3529 2111 3748 2184; x_wconf 76' lang='grc' dir='ltr'>καιροὶ,</span> 
     </span>
    </p>
   </div>
   <div class='ocr_carea' id='block_1_52' title="bbox 2166 2202 3756 2276">
    <p class='ocr_par' dir='ltr' id='par_1_52' title="bbox 2166 2202 3756 2276">
     <span class='ocr_line' id='line_1_52' title="bbox 2166 2202 3756 2276; baseline 0 -18"><span class='ocrx_word' id='word_1_369' title='bbox 2166 2206 2261 2259; x_wconf 75' lang='grc' dir='ltr'><strong>καὶ</strong></span> <span class='ocrx_word' id='word_1_370' title='bbox 2296 2205 2522 2276; x_wconf 82' lang='grc' dir='ltr'>ἡμέραι,</span> <span class='ocrx_word' id='word_1_371' title='bbox 2548 2205 2635 2258; x_wconf 85' lang='grc' dir='ltr'><strong>ὅτε</strong></span> <span class='ocrx_word' id='word_1_372' title='bbox 2659 2205 2752 2258; x_wconf 73' lang='grc' dir='ltr'><strong>καὶ</strong></span> <span class='ocrx_word' id='word_1_373' title='bbox 2785 2205 2931 2275; x_wconf 84' lang='grc' dir='ltr'>ὑμᾶς</span> <span class='ocrx_word' id='word_1_374' title='bbox 2953 2203 3152 2266; x_wconf 80' lang='grc' dir='ltr'>αὐτοὺς</span> <span class='ocrx_word' id='word_1_375' title='bbox 3177 2205 3303 2268; x_wconf 84' lang='grc' dir='ltr'>τοὺς</span> <span class='ocrx_word' id='word_1_376' title='bbox 3329 2203 3471 2257; x_wconf 76' lang='grc' dir='ltr'>οὕτω</span> <span class='ocrx_word' id='word_1_377' title='bbox 3489 2202 3756 2273; x_wconf 81' lang='grc' dir='ltr'>τρυφῶν-</span> 
     </span>
    </p>
   </div>
   <div class='ocr_carea' id='block_1_53' title="bbox 2164 2294 3753 2367">
    <p class='ocr_par' dir='ltr' id='par_1_53' title="bbox 2164 2294 3753 2367">
     <span class='ocr_line' id='line_1_53' title="bbox 2164 2294 3753 2367; baseline -0.001 -18"><span class='ocrx_word' id='word_1_378' title='bbox 2164 2314 2283 2362; x_wconf 89' lang='grc' dir='ltr'>τας,</span> <span class='ocrx_word' id='word_1_379' title='bbox 2333 2295 2431 2349; x_wconf 74' lang='grc' dir='ltr'><strong>καὶ</strong></span> <span class='ocrx_word' id='word_1_380' title='bbox 2474 2296 2910 2367; x_wconf 81' lang='grc' dir='ltr'>τεθραμμένους,</span> <span class='ocrx_word' id='word_1_381' title='bbox 2951 2295 3045 2349; x_wconf 74' lang='grc' dir='ltr'><strong>καὶ</strong></span> <span class='ocrx_word' id='word_1_382' title='bbox 3085 2294 3369 2366; x_wconf 78' lang='grc' dir='ltr'>σπαταλᾷν</span> <span class='ocrx_word' id='word_1_383' title='bbox 3409 2294 3689 2359; x_wconf 80' lang='grc' dir='ltr'>εἰωθότας,</span> <span class='ocrx_word' id='word_1_384' title='bbox 3722 2296 3753 2348; x_wconf 87' lang='grc' dir='ltr'><strong>ό</strong></span> 
     </span>
    </p>
   </div>
   <div class='ocr_carea' id='block_1_54' title="bbox 2167 2385 3756 2458">
    <p class='ocr_par' dir='ltr' id='par_1_54' title="bbox 2167 2385 3756 2458">
     <span class='ocr_line' id='line_1_54' title="bbox 2167 2385 3756 2458; baseline -0.002 -18"><span class='ocrx_word' id='word_1_385' title='bbox 2167 2386 2261 2440; x_wconf 82' lang='grc' dir='ltr'>τοῦ</span> <span class='ocrx_word' id='word_1_386' title='bbox 2299 2385 2490 2440; x_wconf 86' lang='grc' dir='ltr'>παθεῖν</span> <span class='ocrx_word' id='word_1_387' title='bbox 2521 2385 2685 2455; x_wconf 88' lang='grc' dir='ltr'>φόϐος</span> <span class='ocrx_word' id='word_1_388' title='bbox 2718 2387 2777 2440; x_wconf 86' lang='grc' dir='ltr'>ὲν</span> <span class='ocrx_word' id='word_1_389' title='bbox 2812 2389 2926 2450; x_wconf 85' lang='grc' dir='ltr'>τοῖς</span> <span class='ocrx_word' id='word_1_390' title='bbox 2973 2385 3066 2440; x_wconf 80' lang='grc' dir='ltr'>τοῦ</span> <span class='ocrx_word' id='word_1_391' title='bbox 3123 2385 3365 2458; x_wconf 87' lang='grc' dir='ltr'>πολέμου</span> <span class='ocrx_word' id='word_1_392' title='bbox 3398 2385 3608 2448; x_wconf 85' lang='grc' dir='ltr'>πόνοις,</span> <span class='ocrx_word' id='word_1_393' title='bbox 3657 2385 3756 2438; x_wconf 69' lang='grc' dir='ltr'>καὶ</span> 
     </span>
    </p>
   </div>
   <div class='ocr_carea' id='block_1_55' title="bbox 2167 2474 3756 2549">
    <p class='ocr_par' dir='ltr' id='par_1_55' title="bbox 2167 2474 3756 2549">
     <span class='ocr_line' id='line_1_55' title="bbox 2167 2474 3756 2549; baseline -0.001 -19"><span class='ocrx_word' id='word_1_394' title='bbox 2167 2478 2229 2530; x_wconf 79' lang='grc' dir='ltr'>ὲν</span> <span class='ocrx_word' id='word_1_395' title='bbox 2262 2476 2448 2541; x_wconf 85' lang='grc' dir='ltr'>ὅπλοις</span> <span class='ocrx_word' id='word_1_396' title='bbox 2484 2475 2735 2546; x_wconf 89' lang='grc' dir='ltr'>γενέσθαι</span> <span class='ocrx_word' id='word_1_397' title='bbox 2775 2477 3208 2549; x_wconf 85' lang='grc' dir='ltr'>παρασκευάσει.</span> <span class='ocrx_word' id='word_1_398' title='bbox 3261 2475 3422 2531; x_wconf 80' lang='grc' dir='ltr'>Ἀλλὰ</span> <span class='ocrx_word' id='word_1_399' title='bbox 3449 2477 3544 2529; x_wconf 75' lang='grc' dir='ltr'>καὶ</span> <span class='ocrx_word' id='word_1_400' title='bbox 3585 2474 3756 2538; x_wconf 83' lang='grc' dir='ltr'>οὑτως</span> 
     </span>
    </p>
   </div>
   <div class='ocr_carea' id='block_1_56' title="bbox 2165 2565 3754 2638">
    <p class='ocr_par' dir='ltr' id='par_1_56' title="bbox 2165 2565 3754 2638">
     <span class='ocr_line' id='line_1_56' title="bbox 2165 2565 3754 2638; baseline 0 -18"><span class='ocrx_word' id='word_1_401' title='bbox 2165 2566 2412 2638; x_wconf 79' lang='grc' dir='ltr'>ἔχοντας,</span> <span class='ocrx_word' id='word_1_402' title='bbox 2441 2567 2536 2622; x_wconf 78' lang='grc' dir='ltr'>καὶ</span> <span class='ocrx_word' id='word_1_403' title='bbox 2567 2568 3003 2637; x_wconf 76' lang='grc' dir='ltr'>ἐσκευασμένους</span> <span class='ocrx_word' id='word_1_404' title='bbox 3055 2566 3342 2638; x_wconf 75' lang='grc' dir='ltr'>λήψονται,</span> <span class='ocrx_word' id='word_1_405' title='bbox 3386 2567 3575 2638; x_wconf 78' lang='grc' dir='ltr'>φησὶν,</span> <span class='ocrx_word' id='word_1_406' title='bbox 3620 2565 3754 2637; x_wconf 78' lang='grc' dir='ltr'>ὁμοῦ</span> 
     </span>
    </p>
   </div>
   <div class='ocr_carea' id='block_1_57' title="bbox 2165 2657 3756 2731">
    <p class='ocr_par' dir='ltr' id='par_1_57' title="bbox 2165 2657 3756 2731">
     <span class='ocr_line' id='line_1_57' title="bbox 2165 2657 3756 2731; baseline -0.001 -19"><span class='ocrx_word' id='word_1_407' title='bbox 2165 2659 2459 2728; x_wconf 82' lang='grc' dir='ltr'>φιλτάτοις,</span> <span class='ocrx_word' id='word_1_408' title='bbox 2491 2659 2585 2712; x_wconf 72' lang='grc' dir='ltr'>καὶ</span> <span class='ocrx_word' id='word_1_409' title='bbox 2623 2658 2862 2728; x_wconf 76' lang='grc' dir='ltr'>γυναιξὶ,</span> <span class='ocrx_word' id='word_1_410' title='bbox 2916 2659 3011 2712; x_wconf 72' lang='grc' dir='ltr'><strong>κιύ⁸</strong></span> <span class='ocrx_word' id='word_1_411' title='bbox 3042 2657 3278 2724; x_wconf 80' lang='grc' dir='ltr'>κόλαξιν,</span> <span class='ocrx_word' id='word_1_412' title='bbox 3339 2658 3388 2712; x_wconf 82' lang='grc' dir='ltr'><strong>οῖ</strong></span> <span class='ocrx_word' id='word_1_413' title='bbox 3442 2659 3562 2731; x_wconf 78' lang='grc' dir='ltr'>μεθ’</span> <span class='ocrx_word' id='word_1_414' title='bbox 3603 2658 3756 2728; x_wconf 90' lang='grc' dir='ltr'>ὑμῶν</span> 
     </span>
    </p>
   </div>
   <div class='ocr_carea' id='block_1_58' title="bbox 2164 2747 3754 2818">
    <p class='ocr_par' dir='ltr' id='par_1_58' title="bbox 2164 2747 3754 2818">
     <span class='ocr_line' id='line_1_58' title="bbox 2164 2747 3754 2818; baseline 0 -18"><span class='ocrx_word' id='word_1_415' title='bbox 2164 2747 2316 2812; x_wconf 76' lang='grc' dir='ltr'>ὄντες</span> <span class='ocrx_word' id='word_1_416' title='bbox 2336 2748 2443 2815; x_wconf 81' lang='grc' dir='ltr'>ἀεὶ,</span> <span class='ocrx_word' id='word_1_417' title='bbox 2460 2748 2742 2812; x_wconf 87' lang='grc' dir='ltr'>πλείσταις</span> <span class='ocrx_word' id='word_1_418' title='bbox 2769 2747 2866 2818; x_wconf 79' lang='grc' dir='ltr'><strong>μὲν</strong></span> <span class='ocrx_word' id='word_1_419' title='bbox 2881 2748 3033 2810; x_wconf 83' lang='grc' dir='ltr'>ὅσαις</span> <span class='ocrx_word' id='word_1_420' title='bbox 3051 2749 3418 2818; x_wconf 87' lang='grc' dir='ltr'>κατεκρότουν</span> <span class='ocrx_word' id='word_1_421' title='bbox 3435 2747 3754 2817; x_wconf 78' lang='grc' dir='ltr'>εὐφημίαις,</span> 
     </span>
    </p>
   </div>
   <div class='ocr_carea' id='block_1_59' title="bbox 2164 2837 3758 2911">
    <p class='ocr_par' dir='ltr' id='par_1_59' title="bbox 2164 2837 3758 2911">
     <span class='ocr_line' id='line_1_59' title="bbox 2164 2837 3758 2911; baseline -0.001 -18"><span class='ocrx_word' id='word_1_422' title='bbox 2164 2840 2443 2911; x_wconf 75' lang='grc' dir='ltr'>ὠνόμαζον</span> <span class='ocrx_word' id='word_1_423' title='bbox 2472 2841 2529 2894; x_wconf 83' lang='grc' dir='ltr'>δὲ</span> <span class='ocrx_word' id='word_1_424' title='bbox 2555 2840 2650 2894; x_wconf 77' lang='grc' dir='ltr'>καὶ</span> <span class='ocrx_word' id='word_1_425' title='bbox 2672 2839 3127 2911; x_wconf 82' lang='grc' dir='ltr'>τρισμακαρίονς.</span> <span class='ocrx_word' id='word_1_426' title='bbox 3154 2839 3336 2893; x_wconf 76' lang='grc' dir='ltr'>Ταῦτα</span> <span class='ocrx_word' id='word_1_427' title='bbox 3359 2837 3469 2910; x_wconf 79' lang='grc' dir='ltr'><strong>γὰρ</strong></span> <span class='ocrx_word' id='word_1_428' title='bbox 3491 2841 3758 2908; x_wconf 81' lang='grc' dir='ltr'>ἐπιφωνεῖ</span> 
     </span>
    </p>
   </div>
   <div class='ocr_carea' id='block_1_60' title="bbox 2164 2935 3759 3018">
    <p class='ocr_par' dir='ltr' id='par_1_60' title="bbox 2164 2935 3759 3018">
     <span class='ocr_line' id='line_1_60' title="bbox 2164 2935 3759 3018; baseline -0.002 -28"><span class='ocrx_word' id='word_1_429' title='bbox 2164 2939 2277 3000; x_wconf 89' lang='grc' dir='ltr'>τοῖς</span> <span class='ocrx_word' id='word_1_430' title='bbox 2295 2937 2587 3008; x_wconf 81' lang='grc' dir='ltr'>τρέφουσιν</span> <span class='ocrx_word' id='word_1_431' title='bbox 2623 2937 2710 2990; x_wconf 82' lang='grc' dir='ltr'><strong>ἀεὶ</strong></span> <span class='ocrx_word' id='word_1_432' title='bbox 2744 2937 2852 2991; x_wconf 92' lang='grc' dir='ltr'><strong>τῶν</strong></span> <span class='ocrx_word' id='word_1_433' title='bbox 2886 2935 3136 2990; x_wconf 83' lang='grc' dir='ltr'>κολάκων</span> <span class='ocrx_word' id='word_1_434' title='bbox 3174 2936 3245 2991; x_wconf 79' lang='grc' dir='ltr'>τὰ</span> <span class='ocrx_word' id='word_1_435' title='bbox 3285 2936 3440 3018; x_wconf 70' lang='grc' dir='ltr'>γένῃ.</span> <span class='ocrx_word' id='word_1_436' title='bbox 3486 2936 3633 2990; x_wconf 78' lang='grc' dir='ltr'>Ἀλλ’</span> <span class='ocrx_word' id='word_1_437' title='bbox 3663 2938 3759 3007; x_wconf 79' lang='grc' dir='ltr'>έμ-</span> 
     </span>
    </p>
   </div>
   <div class='ocr_carea' id='block_1_61' title="bbox 2168 3023 3758 3100">
    <p class='ocr_par' dir='ltr' id='par_1_61' title="bbox 2168 3023 3758 3100">
     <span class='ocr_line' id='line_1_61' title="bbox 2168 3023 3758 3100; baseline 0 -18"><span class='ocrx_word' id='word_1_438' title='bbox 2168 3028 2599 3100; x_wconf 84' lang='grc' dir='ltr'>πυρισθήσονται</span> <span class='ocrx_word' id='word_1_439' title='bbox 2637 3026 2736 3099; x_wconf 80' lang='grc' dir='ltr'>μὲν</span> <span class='ocrx_word' id='word_1_440' title='bbox 2783 3030 3000 3090; x_wconf 84' lang='grc' dir='ltr'>ὲκεῑνοι,</span> <span class='ocrx_word' id='word_1_441' title='bbox 3063 3029 3240 3098; x_wconf 73' lang='grc' dir='ltr'>λοιμοὶ</span> <span class='ocrx_word' id='word_1_442' title='bbox 3279 3027 3389 3099; x_wconf 79' lang='grc' dir='ltr'>γὰρ</span> <span class='ocrx_word' id='word_1_443' title='bbox 3434 3023 3602 3099; x_wconf 82' lang='grc' dir='ltr'>ἦσαν,</span> <span class='ocrx_word' id='word_1_444' title='bbox 3664 3029 3758 3082; x_wconf 79' lang='grc' dir='ltr'><strong>καὶ</strong></span> 
     </span>
    </p>
   </div>
   <div class='ocr_carea' id='block_1_62' title="bbox 483 3109 2060 3208">
    <p class='ocr_par' dir='ltr' id='par_1_62' title="bbox 483 3109 2060 3190">
     <span class='ocr_line' id='line_1_62' title="bbox 483 3109 2060 3190; baseline 0.014 -29"><span class='ocrx_word' id='word_1_445' title='bbox 483 3109 656 3166; x_wconf 89' lang='lat' dir='ltr'><strong>ciunt.</strong></span> <span class='ocrx_word' id='word_1_446' title='bbox 687 3111 795 3167; x_wconf 79' lang='lat' dir='ltr'><strong>Vos</strong></span> <span class='ocrx_word' id='word_1_447' title='bbox 819 3125 999 3169; x_wconf 88' lang='lat' dir='ltr'><strong>autem</strong></span> <span class='ocrx_word' id='word_1_448' title='bbox 1045 3119 1227 3174; x_wconf 86' lang='lat' dir='ltr'><strong>nudati</strong></span> <span class='ocrx_word' id='word_1_449' title='bbox 1269 3119 1461 3190; x_wconf 78' lang='lat' dir='ltr'><strong>gloria,</strong></span> <span class='ocrx_word' id='word_1_450' title='bbox 1494 3132 1550 3176; x_wconf 90' lang='lat' dir='ltr'><strong>et</strong></span> <span class='ocrx_word' id='word_1_451' title='bbox 1580 3123 1648 3177; x_wconf 91' lang='lat' dir='ltr'><strong>ab</strong></span> <span class='ocrx_word' id='word_1_452' title='bbox 1675 3126 1928 3181; x_wconf 89' lang='lat' dir='ltr'><strong>omnibus</strong></span> <span class='ocrx_word' id='word_1_453' title='bbox 1966 3127 2060 3182; x_wconf 88' lang='lat' dir='ltr'><strong>de-</strong></span> 
     </span>
    </p>
   </div>
   <div class='ocr_carea' id='block_1_63' title="bbox 2163 3109 3756 3208">
    <p class='ocr_par' dir='ltr' id='par_1_63' title="bbox 2167 3120 3756 3192">
     <span class='ocr_line' id='line_1_63' title="bbox 2167 3120 3756 3192; baseline 0.001 -20"><span class='ocrx_word' id='word_1_454' title='bbox 2167 3120 2351 3192; x_wconf 83' lang='grc' dir='ltr'>ἓτερον</span> <span class='ocrx_word' id='word_1_455' title='bbox 2410 3120 2562 3174; x_wconf 80' lang='grc' dir='ltr'>οὐδὲν</span> <span class='ocrx_word' id='word_1_456' title='bbox 2611 3120 3021 3190; x_wconf 83' lang='grc' dir='ltr'>ἀποδεχόμενοι,</span> <span class='ocrx_word' id='word_1_457' title='bbox 3054 3120 3468 3190; x_wconf 79' lang='grc' dir='ltr'>τεθαυμακότες</span> <span class='ocrx_word' id='word_1_458' title='bbox 3512 3122 3643 3184; x_wconf 79' lang='grc' dir='ltr'>τοὺς</span> <span class='ocrx_word' id='word_1_459' title='bbox 3671 3123 3756 3174; x_wconf 82' lang='grc' dir='ltr'><strong>αξ-</strong></span> 
     </span>
    </p>
   </div>
   <div class='ocr_carea' id='block_1_64' title="bbox 482 3199 2063 3290">
    <p class='ocr_par' dir='ltr' id='par_1_64' title="bbox 482 3199 2063 3290">
     <span class='ocr_line' id='line_1_64' title="bbox 482 3199 2063 3290; baseline 0.014 -36"><span class='ocrx_word' id='word_1_460' title='bbox 482 3199 623 3256; x_wconf 88' lang='lat' dir='ltr'><strong>liciis</strong></span> <span class='ocrx_word' id='word_1_461' title='bbox 654 3207 1019 3272; x_wconf 83' lang='lat' dir='ltr'><strong>seinotissimi,</strong></span> <span class='ocrx_word' id='word_1_462' title='bbox 1060 3217 1114 3264; x_wconf 90' lang='lat' dir='ltr'><strong>et</strong></span> <span class='ocrx_word' id='word_1_463' title='bbox 1169 3214 1338 3268; x_wconf 90' lang='lat' dir='ltr'><strong>veteri</strong></span> <span class='ocrx_word' id='word_1_464' title='bbox 1397 3213 1482 3270; x_wconf 91' lang='lat' dir='ltr'><strong>illa</strong></span> <span class='ocrx_word' id='word_1_465' title='bbox 1517 3214 1779 3272; x_wconf 79' lang='lat' dir='ltr'><strong>felicitate</strong></span> <span class='ocrx_word' id='word_1_466' title='bbox 1809 3219 2063 3290; x_wconf 87' lang='lat' dir='ltr'><strong>deinceps</strong></span> 
     </span>
    </p>
   </div>
   <div class='ocr_carea' id='block_1_65' title="bbox 481 3293 2061 3381">
    <p class='ocr_par' dir='ltr' id='par_1_65' title="bbox 481 3293 2061 3381">
     <span class='ocr_line' id='line_1_65' title="bbox 481 3293 2061 3381; baseline 0.015 -35"><span class='ocrx_word' id='word_1_467' title='bbox 481 3293 703 3362; x_wconf 90' lang='lat' dir='ltr'><strong>privati,</strong></span> <span class='ocrx_word' id='word_1_468' title='bbox 739 3297 1079 3356; x_wconf 88' lang='lat' dir='ltr'><strong>abducemini</strong></span> <span class='ocrx_word' id='word_1_469' title='bbox 1111 3305 1254 3360; x_wconf 86' lang='lat' dir='ltr'><strong>servi</strong></span> <span class='ocrx_word' id='word_1_470' title='bbox 1291 3315 1345 3361; x_wconf 92' lang='lat' dir='ltr'><strong>et</strong></span> <span class='ocrx_word' id='word_1_471' title='bbox 1387 3308 1609 3377; x_wconf 87' lang='lat' dir='ltr'><strong>captivi,</strong></span> <span class='ocrx_word' id='word_1_472' title='bbox 1651 3327 1672 3361; x_wconf 75' lang='grc' dir='ltr'><strong>ι</strong></span> <span class='ocrx_word' id='word_1_473' title='bbox 1709 3309 1776 3364; x_wconf 86' lang='grc' dir='ltr'>Ει</span> <span class='ocrx_word' id='word_1_474' title='bbox 1805 3311 2061 3381; x_wconf 85' lang='lat' dir='ltr'><strong>projicie-</strong></span> 
     </span>
    </p>
   </div>
   <div class='ocr_carea' id='block_1_66' title="bbox 481 3386 2060 3470">
    <p class='ocr_par' dir='ltr' id='par_1_66' title="bbox 481 3386 2060 3470">
     <span class='ocr_line' id='line_1_66' title="bbox 481 3386 2060 3470; baseline 0.013 -31"><span class='ocrx_word' id='word_1_475' title='bbox 481 3386 638 3455; x_wconf 88' lang='lat' dir='ltr'><strong>mini,</strong></span> <span class='ocrx_word' id='word_1_476' title='bbox 675 3388 868 3458; x_wconf 88' lang='lat' dir='ltr'><strong>inquit,</strong></span> <span class='ocrx_word' id='word_1_477' title='bbox 930 3393 984 3448; x_wconf 91' lang='lat' dir='ltr'><strong>in</strong></span> <span class='ocrx_word' id='word_1_478' title='bbox 1022 3406 1260 3454; x_wconf 86' lang='lat' dir='ltr'><strong>montem</strong></span> <span class='ocrx_word' id='word_1_479' title='bbox 1316 3397 1620 3463; x_wconf 82' lang='lat' dir='ltr'><strong>Rhemnan,</strong></span> <span class='ocrx_word' id='word_1_480' title='bbox 1666 3419 1686 3452; x_wconf 79' lang='grc' dir='ltr'><strong>ι</strong></span> <span class='ocrx_word' id='word_1_481' title='bbox 1725 3404 1817 3470; x_wconf 93' lang='lat' dir='ltr'><strong>qui</strong></span> <span class='ocrx_word' id='word_1_482' title='bbox 1875 3413 1960 3458; x_wconf 87' lang='lat' dir='ltr'><strong>est</strong></span> <span class='ocrx_word' id='word_1_483' title='bbox 2006 3406 2060 3460; x_wconf 87' lang='lat' dir='ltr'><strong>in</strong></span> 
     </span>
    </p>
   </div>
   <div class='ocr_carea' id='block_1_67' title="bbox 481 3475 2057 3560">
    <p class='ocr_par' dir='ltr' id='par_1_67' title="bbox 481 3475 2057 3560">
     <span class='ocr_line' id='line_1_67' title="bbox 481 3475 2057 3560; baseline 0.012 -30"><span class='ocrx_word' id='word_1_484' title='bbox 481 3475 758 3545; x_wconf 81' lang='lat' dir='ltr'><strong>Armenia,</strong></span> <span class='ocrx_word' id='word_1_485' title='bbox 789 3479 842 3534; x_wconf 93' lang='lat' dir='ltr'><strong>in</strong></span> <span class='ocrx_word' id='word_1_486' title='bbox 891 3485 1151 3538; x_wconf 80' lang='lat' dir='ltr'><strong>extremis</strong></span> <span class='ocrx_word' id='word_1_487' title='bbox 1199 3485 1506 3541; x_wconf 89' lang='lat' dir='ltr'><strong>recessibus</strong></span> <span class='ocrx_word' id='word_1_488' title='bbox 1568 3487 1855 3543; x_wconf 88' lang='lat' dir='ltr'><strong>Persarum</strong></span> <span class='ocrx_word' id='word_1_489' title='bbox 1884 3492 2057 3560; x_wconf 86' lang='lat' dir='ltr'><strong>situs;</strong></span> 
     </span>
    </p>
   </div>
   <div class='ocr_carea' id='block_1_68' title="bbox 483 3569 2064 3648">
    <p class='ocr_par' dir='ltr' id='par_1_68' title="bbox 483 3569 2064 3648">
     <span class='ocr_line' id='line_1_68' title="bbox 483 3569 2064 3648; baseline 0.013 -26"><span class='ocrx_word' id='word_1_490' title='bbox 483 3569 675 3626; x_wconf 69' lang='lat' dir='ltr'><strong>vicinae</strong></span> <span class='ocrx_word' id='word_1_491' title='bbox 707 3573 851 3628; x_wconf 91' lang='lat' dir='ltr'><strong>enim</strong></span> <span class='ocrx_word' id='word_1_492' title='bbox 889 3585 943 3629; x_wconf 91' lang='lat' dir='ltr'><strong>et</strong></span> <span class='ocrx_word' id='word_1_493' title='bbox 965 3577 1316 3632; x_wconf 72' lang='lat' dir='ltr'><strong>contermina:</strong></span> <span class='ocrx_word' id='word_1_494' title='bbox 1359 3578 1604 3648; x_wconf 80' lang='lat' dir='ltr'><strong>regiones</strong></span> <span class='ocrx_word' id='word_1_495' title='bbox 1653 3590 1800 3636; x_wconf 88' lang='lat' dir='ltr'><strong>sunt.</strong></span> <span class='ocrx_word' id='word_1_496' title='bbox 1854 3583 2064 3646; x_wconf 76' lang='lat' dir='ltr'><strong>Licebit</strong></span> 
     </span>
    </p>
   </div>
   <div class='ocr_carea' id='block_1_69' title="bbox 482 3661 2059 3746">
    <p class='ocr_par' dir='ltr' id='par_1_69' title="bbox 482 3661 2059 3746">
     <span class='ocr_line' id='line_1_69' title="bbox 482 3661 2059 3746; baseline 0.013 -32"><span class='ocrx_word' id='word_1_497' title='bbox 482 3661 650 3727; x_wconf 74' lang='lat' dir='ltr'><strong>igitur</strong></span> <span class='ocrx_word' id='word_1_498' title='bbox 700 3665 825 3720; x_wconf 91' lang='lat' dir='ltr'><strong>hinc</strong></span> <span class='ocrx_word' id='word_1_499' title='bbox 861 3669 1171 3737; x_wconf 90' lang='lat' dir='ltr'><strong>perspicere</strong></span> <span class='ocrx_word' id='word_1_500' title='bbox 1203 3669 1256 3725; x_wconf 92' lang='lat' dir='ltr'><strong>in</strong></span> <span class='ocrx_word' id='word_1_501' title='bbox 1289 3672 1545 3726; x_wconf 89' lang='lat' dir='ltr'><strong>acerbum</strong></span> <span class='ocrx_word' id='word_1_502' title='bbox 1579 3672 1739 3729; x_wconf 80' lang='lat' dir='ltr'><strong>linem</strong></span> <span class='ocrx_word' id='word_1_503' title='bbox 1773 3677 2059 3746; x_wconf 87' lang='lat' dir='ltr'><strong>volnptua-</strong></span> 
     </span>
    </p>
   </div>
   <div class='ocr_carea' id='block_1_70' title="bbox 481 3753 2058 3830">
    <p class='ocr_par' dir='ltr' id='par_1_70' title="bbox 481 3753 2058 3830">
     <span class='ocr_line' id='line_1_70' title="bbox 481 3753 2058 3830; baseline 0.015 -24"><span class='ocrx_word' id='word_1_504' title='bbox 481 3753 581 3808; x_wconf 90' lang='lat' dir='ltr'><strong>riis</strong></span> <span class='ocrx_word' id='word_1_505' title='bbox 609 3757 842 3811; x_wconf 87' lang='lat' dir='ltr'><strong>studium</strong></span> <span class='ocrx_word' id='word_1_506' title='bbox 869 3759 1108 3828; x_wconf 90' lang='lat' dir='ltr'><strong>ipsorum</strong></span> <span class='ocrx_word' id='word_1_507' title='bbox 1141 3762 1461 3818; x_wconf 88' lang='lat' dir='ltr'><strong>desiturum.</strong></span> <span class='ocrx_word' id='word_1_508' title='bbox 1486 3763 1638 3821; x_wconf 88' lang='lat' dir='ltr'><strong>Sicut</strong></span> <span class='ocrx_word' id='word_1_509' title='bbox 1661 3767 1738 3823; x_wconf 87' lang='lat' dir='ltr'><strong>ait</strong></span> <span class='ocrx_word' id='word_1_510' title='bbox 1765 3768 2016 3827; x_wconf 87' lang='lat' dir='ltr'><strong>Salvator</strong></span> <span class='ocrx_word' id='word_1_511' title='bbox 2042 3791 2058 3830; x_wconf 90' lang='lat'><strong>:</strong></span> 
     </span>
    </p>
   </div>
   <div class='ocr_carea' id='block_1_71' title="bbox 486 3845 2060 3937">
    <p class='ocr_par' dir='ltr' id='par_1_71' title="bbox 486 3845 2060 3937">
     <span class='ocr_line' id='line_1_71' title="bbox 486 3845 2060 3937; baseline 0.017 -41"><span class='ocrx_word' id='word_1_512' title='bbox 486 3862 506 3896; x_wconf 75' lang='grc' dir='ltr'><strong>ι</strong></span> <span class='ocrx_word' id='word_1_513' title='bbox 547 3845 696 3901; x_wconf 86' lang='lat' dir='ltr'><strong>Beati</strong></span> <span class='ocrx_word' id='word_1_514' title='bbox 725 3849 818 3916; x_wconf 90' lang='lat' dir='ltr'><strong>qni</strong></span> <span class='ocrx_word' id='word_1_515' title='bbox 852 3849 1037 3920; x_wconf 81' lang='lat' dir='ltr'><strong>lugent</strong></span> <span class='ocrx_word' id='word_1_516' title='bbox 1063 3852 1106 3906; x_wconf 86' lang='grc'>⁵.</span> <span class='ocrx_word' id='word_1_517' title='bbox 1159 3871 1179 3904; x_wconf 76' lang='grc' dir='ltr'><strong>ι</strong></span> <span class='ocrx_word' id='word_1_518' title='bbox 1225 3855 1484 3911; x_wconf 90' lang='lat' dir='ltr'><strong>Desinunt</strong></span> <span class='ocrx_word' id='word_1_519' title='bbox 1517 3859 1659 3913; x_wconf 90' lang='lat' dir='ltr'><strong>enim</strong></span> <span class='ocrx_word' id='word_1_520' title='bbox 1699 3861 1751 3916; x_wconf 91' lang='lat' dir='ltr'><strong>in</strong></span> <span class='ocrx_word' id='word_1_521' title='bbox 1795 3861 2060 3937; x_wconf 86' lang='lat' dir='ltr'><strong>lacrymas</strong></span> 
     </span>
    </p>
   </div>
   <div class='ocr_carea' id='block_1_72' title="bbox 481 3935 2058 4012">
    <p class='ocr_par' dir='ltr' id='par_1_72' title="bbox 481 3935 2058 4012">
     <span class='ocr_line' id='line_1_72' title="bbox 481 3935 2058 4012; baseline 0.015 -24"><span class='ocrx_word' id='word_1_522' title='bbox 481 3935 720 4003; x_wconf 67' lang='lat' dir='ltr'><strong>deliciae;</strong></span> <span class='ocrx_word' id='word_1_523' title='bbox 759 3938 883 3996; x_wconf 86' lang='lat' dir='ltr'><strong>linis</strong></span> <span class='ocrx_word' id='word_1_524' title='bbox 911 3948 1091 3996; x_wconf 85' lang='lat' dir='ltr'><strong>autem</strong></span> <span class='ocrx_word' id='word_1_525' title='bbox 1150 3943 1400 4001; x_wconf 91' lang='lat' dir='ltr'><strong>laborum</strong></span> <span class='ocrx_word' id='word_1_526' title='bbox 1457 3962 1523 4004; x_wconf 90' lang='lat' dir='ltr'><strong>ac</strong></span> <span class='ocrx_word' id='word_1_527' title='bbox 1582 3951 1828 4007; x_wconf 91' lang='lat' dir='ltr'><strong>dolorum</strong></span> <span class='ocrx_word' id='word_1_528' title='bbox 1862 3935 1944 4009; x_wconf 84' lang='lat' dir='ltr'><strong>est</strong></span> <span class='ocrx_word' id='word_1_529' title='bbox 1973 3973 2058 4012; x_wconf 82' lang='lat' dir='ltr'><strong>re-</strong></span> 
     </span>
    </p>
   </div>
   <div class='ocr_carea' id='block_1_73' title="bbox 481 4026 2059 4106">
    <p class='ocr_par' dir='ltr' id='par_1_73' title="bbox 481 4026 2059 4106">
     <span class='ocr_line' id='line_1_73' title="bbox 481 4026 2059 4106; baseline 0.018 -29"><span class='ocrx_word' id='word_1_530' title='bbox 481 4026 656 4094; x_wconf 85' lang='lat' dir='ltr'><strong>quies.</strong></span> <span class='ocrx_word' id='word_1_531' title='bbox 684 4026 918 4098; x_wconf 89' lang='lat' dir='ltr'><strong>ldipsum</strong></span> <span class='ocrx_word' id='word_1_532' title='bbox 978 4041 1206 4088; x_wconf 88' lang='lat' dir='ltr'><strong>testatur</strong></span> <span class='ocrx_word' id='word_1_533' title='bbox 1239 4036 1455 4106; x_wconf 90' lang='lat' dir='ltr'><strong>quidam</strong></span> <span class='ocrx_word' id='word_1_534' title='bbox 1485 4039 1570 4096; x_wconf 90' lang='lat' dir='ltr'><strong>bis</strong></span> <span class='ocrx_word' id='word_1_535' title='bbox 1596 4043 1811 4099; x_wconf 86' lang='lat' dir='ltr'><strong>verbis:</strong></span> <span class='ocrx_word' id='word_1_536' title='bbox 1843 4063 1861 4097; x_wconf 80' lang='grc' dir='ltr'><strong>ι</strong></span> <span class='ocrx_word' id='word_1_537' title='bbox 1881 4045 2059 4104; x_wconf 87' lang='lat' dir='ltr'><strong>Bono-</strong></span> 
     </span>
    </p>
   </div>
   <div class='ocr_carea' id='block_1_74' title="bbox 482 4119 2062 4196">
    <p class='ocr_par' dir='ltr' id='par_1_74' title="bbox 482 4119 2062 4196">
     <span class='ocr_line' id='line_1_74' title="bbox 482 4119 2062 4196; baseline 0.016 -25"><span class='ocrx_word' id='word_1_538' title='bbox 482 4133 603 4173; x_wconf 89' lang='lat' dir='ltr'><strong>rum</strong></span> <span class='ocrx_word' id='word_1_539' title='bbox 637 4119 877 4177; x_wconf 89' lang='lat' dir='ltr'><strong>laborum</strong></span> <span class='ocrx_word' id='word_1_540' title='bbox 895 4123 1102 4183; x_wconf 79' lang='lat' dir='ltr'><strong>fructus</strong></span> <span class='ocrx_word' id='word_1_541' title='bbox 1119 4125 1388 4196; x_wconf 86' lang='lat' dir='ltr'><strong>gloriosus</strong></span> <span class='ocrx_word' id='word_1_542' title='bbox 1405 4131 1607 4189; x_wconf 67' lang='lat' dir='ltr'><strong>“.iNec</strong></span> <span class='ocrx_word' id='word_1_543' title='bbox 1640 4134 1934 4193; x_wconf 78' lang='lat' dir='ltr'><strong>absurdum</strong></span> <span class='ocrx_word' id='word_1_544' title='bbox 1989 4141 2062 4196; x_wconf 91' lang='lat' dir='ltr'><strong>sit</strong></span> 
     </span>
    </p>
   </div>
   <div class='ocr_carea' id='block_1_75' title="bbox 481 4211 2058 4288">
    <p class='ocr_par' dir='ltr' id='par_1_75' title="bbox 481 4211 2058 4288">
     <span class='ocr_line' id='line_1_75' title="bbox 481 4211 2058 4288; baseline 0.015 -24"><span class='ocrx_word' id='word_1_545' title='bbox 481 4211 755 4281; x_wconf 87' lang='lat' dir='ltr'><strong>conjicere</strong></span> <span class='ocrx_word' id='word_1_546' title='bbox 782 4229 880 4283; x_wconf 91' lang='lat' dir='ltr'><strong>per</strong></span> <span class='ocrx_word' id='word_1_547' title='bbox 905 4232 1104 4274; x_wconf 88' lang='lat' dir='ltr'><strong>vaccas</strong></span> <span class='ocrx_word' id='word_1_548' title='bbox 1143 4221 1471 4279; x_wconf 85' lang='lat' dir='ltr'><strong>Basanitidis</strong></span> <span class='ocrx_word' id='word_1_549' title='bbox 1513 4226 1767 4283; x_wconf 85' lang='lat' dir='ltr'><strong>mulieres</strong></span> <span class='ocrx_word' id='word_1_550' title='bbox 1797 4228 2058 4288; x_wconf 61' lang='lat' dir='ltr'><strong>Samaria:</strong></span> 
     </span>
    </p>
   </div>
   <div class='ocr_carea' id='block_1_76' title="bbox 481 4301 2058 4386">
    <p class='ocr_par' dir='ltr' id='par_1_76' title="bbox 481 4301 2058 4386">
     <span class='ocr_line' id='line_1_76' title="bbox 481 4301 2058 4386; baseline 0.013 -29"><span class='ocrx_word' id='word_1_551' title='bbox 481 4301 876 4373; x_wconf 80' lang='lat' dir='ltr'><strong>intelligendas,</strong></span> <span class='ocrx_word' id='word_1_552' title='bbox 899 4323 1021 4378; x_wconf 58' lang='lat' dir='ltr'><strong>qua</strong></span> <span class='ocrx_word' id='word_1_553' title='bbox 1056 4311 1304 4379; x_wconf 91' lang='lat' dir='ltr'><strong>mollitie,</strong></span> <span class='ocrx_word' id='word_1_554' title='bbox 1325 4324 1380 4370; x_wconf 92' lang='lat' dir='ltr'><strong>et</strong></span> <span class='ocrx_word' id='word_1_555' title='bbox 1407 4317 1632 4372; x_wconf 90' lang='lat' dir='ltr'><strong>vestium</strong></span> <span class='ocrx_word' id='word_1_556' title='bbox 1665 4318 1816 4386; x_wconf 76' lang='lat' dir='ltr'><strong>luxu,</strong></span> <span class='ocrx_word' id='word_1_557' title='bbox 1845 4330 1899 4376; x_wconf 90' lang='lat' dir='ltr'><strong>et</strong></span> <span class='ocrx_word' id='word_1_558' title='bbox 1933 4322 2058 4377; x_wconf 75' lang='lat' dir='ltr'><strong>fuco</strong></span> 
     </span>
    </p>
   </div>
   <div class='ocr_carea' id='block_1_77' title="bbox 482 4393 2054 4482">
    <p class='ocr_par' dir='ltr' id='par_1_77' title="bbox 482 4393 2054 4482">
     <span class='ocr_line' id='line_1_77' title="bbox 482 4393 2054 4482; baseline 0.014 -36"><span class='ocrx_word' id='word_1_559' title='bbox 482 4393 632 4450; x_wconf 91' lang='lat' dir='ltr'><strong>illitis</strong></span> <span class='ocrx_word' id='word_1_560' title='bbox 660 4397 928 4454; x_wconf 81' lang='lat' dir='ltr'><strong>nitoribus</strong></span> <span class='ocrx_word' id='word_1_561' title='bbox 965 4399 1186 4457; x_wconf 87' lang='lat' dir='ltr'><strong>delicias</strong></span> <span class='ocrx_word' id='word_1_562' title='bbox 1218 4405 1498 4473; x_wconf 76' lang='lat' dir='ltr'><strong>facientes,</strong></span> <span class='ocrx_word' id='word_1_563' title='bbox 1533 4417 1589 4464; x_wconf 88' lang='lat' dir='ltr'><strong>et</strong></span> <span class='ocrx_word' id='word_1_564' title='bbox 1617 4411 1811 4466; x_wconf 90' lang='lat' dir='ltr'><strong>decore</strong></span> <span class='ocrx_word' id='word_1_565' title='bbox 1843 4415 2054 4482; x_wconf 90' lang='lat' dir='ltr'><strong>corpori</strong></span> 
     </span>
    </p>
   </div>
   <div class='ocr_carea' id='block_1_78' title="bbox 2172 3209 3753 3284">
    <p class='ocr_par' dir='ltr' id='par_1_78' title="bbox 2172 3209 3753 3284">
     <span class='ocr_line' id='line_1_78' title="bbox 2172 3209 3753 3284; baseline 0.001 -21"><span class='ocrx_word' id='word_1_566' title='bbox 2172 3212 2389 3282; x_wconf 81' lang='grc' dir='ltr'>σχροὺς,</span> <span class='ocrx_word' id='word_1_567' title='bbox 2422 3212 2516 3265; x_wconf 71' lang='grc' dir='ltr'>καὶ</span> <span class='ocrx_word' id='word_1_568' title='bbox 2544 3210 3058 3284; x_wconf 83' lang='grc' dir='ltr'>φιλαμαρτήμονας.</span> <span class='ocrx_word' id='word_1_569' title='bbox 3085 3212 3290 3282; x_wconf 76' lang='grc' dir='ltr'>Γυμνοὶ</span> <span class='ocrx_word' id='word_1_570' title='bbox 3316 3212 3372 3264; x_wconf 81' lang='grc' dir='ltr'><strong>δὲ</strong></span> <span class='ocrx_word' id='word_1_571' title='bbox 3393 3209 3555 3282; x_wconf 79' lang='grc' dir='ltr'>δόξης</span> <span class='ocrx_word' id='word_1_572' title='bbox 3575 3213 3753 3283; x_wconf 80' lang='grc' dir='ltr'>ὑμεῖς,</span> 
     </span>
    </p>
   </div>
   <div class='ocr_carea' id='block_1_79' title="bbox 2169 3302 3754 3375">
    <p class='ocr_par' dir='ltr' id='par_1_79' title="bbox 2169 3302 3754 3375">
     <span class='ocr_line' id='line_1_79' title="bbox 2169 3302 3754 3375; baseline 0.002 -20"><span class='ocrx_word' id='word_1_573' title='bbox 2169 3303 2263 3355; x_wconf 72' lang='grc' dir='ltr'><strong>καὶ</strong></span> <span class='ocrx_word' id='word_1_574' title='bbox 2291 3303 2506 3373; x_wconf 84' lang='grc' dir='ltr'>τρυφῆς</span> <span class='ocrx_word' id='word_1_575' title='bbox 2526 3302 2747 3374; x_wconf 87' lang='grc' dir='ltr'>ἀπάσης</span> <span class='ocrx_word' id='word_1_576' title='bbox 2781 3303 2858 3366; x_wconf 83' lang='grc' dir='ltr'>ὡς</span> <span class='ocrx_word' id='word_1_577' title='bbox 2909 3304 3183 3369; x_wconf 82' lang='grc' dir='ltr'>ἀποτάτω,</span> <span class='ocrx_word' id='word_1_578' title='bbox 3235 3304 3328 3357; x_wconf 71' lang='grc' dir='ltr'>καὶ</span> <span class='ocrx_word' id='word_1_579' title='bbox 3379 3303 3482 3373; x_wconf 80' lang='grc' dir='ltr'><strong>τῆς</strong></span> <span class='ocrx_word' id='word_1_580' title='bbox 3524 3304 3754 3375; x_wconf 80' lang='grc' dir='ltr'>ἀρχαίας</span> 
     </span>
    </p>
   </div>
   <div class='ocr_carea' id='block_1_80' title="bbox 2169 3391 3748 3463">
    <p class='ocr_par' dir='ltr' id='par_1_80' title="bbox 2169 3391 3748 3463">
     <span class='ocr_line' id='line_1_80' title="bbox 2169 3391 3748 3463; baseline 0.001 -19"><span class='ocrx_word' id='word_1_581' title='bbox 2169 3391 2383 3460; x_wconf 71' lang='grc' dir='ltr'>ὲκείνης</span> <span class='ocrx_word' id='word_1_582' title='bbox 2418 3392 2716 3463; x_wconf 76' lang='grc' dir='ltr'>εὐημερίας</span> <span class='ocrx_word' id='word_1_583' title='bbox 2749 3392 3217 3462; x_wconf 83' lang='grc' dir='ltr'>ἀπημφιεσμένοι,</span> <span class='ocrx_word' id='word_1_584' title='bbox 3255 3391 3444 3446; x_wconf 76' lang='grc' dir='ltr'>λοιπὸν</span> <span class='ocrx_word' id='word_1_585' title='bbox 3487 3395 3748 3462; x_wconf 86' lang='grc' dir='ltr'>ἀποκομι-</span> 
     </span>
    </p>
   </div>
   <div class='ocr_carea' id='block_1_81' title="bbox 2171 3482 3749 3556">
    <p class='ocr_par' dir='ltr' id='par_1_81' title="bbox 2171 3482 3749 3556">
     <span class='ocr_line' id='line_1_81' title="bbox 2171 3482 3749 3556; baseline 0.002 -21"><span class='ocrx_word' id='word_1_586' title='bbox 2171 3482 2435 3554; x_wconf 85' lang='grc' dir='ltr'>σθήσεσθε</span> <span class='ocrx_word' id='word_1_587' title='bbox 2462 3482 2658 3547; x_wconf 84' lang='grc' dir='ltr'>δοῦλοι,</span> <span class='ocrx_word' id='word_1_588' title='bbox 2696 3484 2792 3538; x_wconf 71' lang='grc' dir='ltr'><strong>καὶ</strong></span> <span class='ocrx_word' id='word_1_589' title='bbox 2823 3484 3183 3554; x_wconf 81' lang='grc' dir='ltr'>αἰχμάλωτοι,</span> <span class='ocrx_word' id='word_1_590' title='bbox 3233 3503 3251 3535; x_wconf 76' lang='grc' dir='ltr'><strong>ε</strong></span> <span class='ocrx_word' id='word_1_591' title='bbox 3288 3485 3400 3538; x_wconf 73' lang='grc' dir='ltr'><strong>Καὶ</strong></span> <span class='ocrx_word' id='word_1_592' title='bbox 3435 3485 3749 3556; x_wconf 72' lang='grc' dir='ltr'>ριφήσεσθε,</span> 
     </span>
    </p>
   </div>
   <div class='ocr_carea' id='block_1_82' title="bbox 2167 3574 3756 3648">
    <p class='ocr_par' dir='ltr' id='par_1_82' title="bbox 2167 3574 3756 3648">
     <span class='ocr_line' id='line_1_82' title="bbox 2167 3574 3756 3648; baseline 0.002 -22"><span class='ocrx_word' id='word_1_593' title='bbox 2167 3575 2354 3645; x_wconf 76' lang='grc' dir='ltr'>φησὶν,</span> <span class='ocrx_word' id='word_1_594' title='bbox 2384 3575 2477 3627; x_wconf 71' lang='grc' dir='ltr'>ἐπὶ</span> <span class='ocrx_word' id='word_1_595' title='bbox 2508 3574 2567 3627; x_wconf 81' lang='grc' dir='ltr'>τὸ</span> <span class='ocrx_word' id='word_1_596' title='bbox 2587 3575 2710 3644; x_wconf 81' lang='grc' dir='ltr'>ὄρος</span> <span class='ocrx_word' id='word_1_597' title='bbox 2736 3575 2798 3628; x_wconf 79' lang='grc' dir='ltr'>τὸ</span> <span class='ocrx_word' id='word_1_598' title='bbox 2836 3577 3088 3646; x_wconf 82' lang='grc' dir='ltr'>Ῥεμνᾶν.</span> <span class='ocrx_word' id='word_1_599' title='bbox 3127 3595 3146 3627; x_wconf 78' lang='grc' dir='ltr'><strong>ι</strong></span> <span class='ocrx_word' id='word_1_600' title='bbox 3176 3575 3333 3629; x_wconf 87' lang='grc' dir='ltr'>Ἔστι</span> <span class='ocrx_word' id='word_1_601' title='bbox 3359 3576 3414 3628; x_wconf 84' lang='grc' dir='ltr'><strong>δὲ</strong></span> <span class='ocrx_word' id='word_1_602' title='bbox 3444 3577 3541 3647; x_wconf 81' lang='grc' dir='ltr'><strong>τῆς</strong></span> <span class='ocrx_word' id='word_1_603' title='bbox 3563 3579 3756 3648; x_wconf 79' lang='grc' dir='ltr'>Ἀρμε-</span> 
     </span>
    </p>
   </div>
   <div class='ocr_carea' id='block_1_83' title="bbox 2167 3666 3753 3740">
    <p class='ocr_par' dir='ltr' id='par_1_83' title="bbox 2167 3666 3753 3740">
     <span class='ocr_line' id='line_1_83' title="bbox 2167 3666 3753 3740; baseline 0 -20"><span class='ocrx_word' id='word_1_604' title='bbox 2167 3666 2308 3733; x_wconf 85' lang='grc' dir='ltr'>νίας,</span> <span class='ocrx_word' id='word_1_605' title='bbox 2347 3667 2405 3720; x_wconf 83' lang='grc' dir='ltr'>ὲν</span> <span class='ocrx_word' id='word_1_606' title='bbox 2453 3668 2709 3737; x_wconf 78' lang='grc' dir='ltr'>ἐσχάταις</span> <span class='ocrx_word' id='word_1_607' title='bbox 2759 3667 3010 3733; x_wconf 74' lang='grc' dir='ltr'>ἐκϐολαῖς</span> <span class='ocrx_word' id='word_1_608' title='bbox 3066 3668 3167 3738; x_wconf 83' lang='grc' dir='ltr'>τῆς</span> <span class='ocrx_word' id='word_1_609' title='bbox 3220 3669 3446 3740; x_wconf 85' lang='grc' dir='ltr'>Περσῶν</span> <span class='ocrx_word' id='word_1_610' title='bbox 3500 3669 3753 3740; x_wconf 85' lang='grc' dir='ltr'>κείμενον</span> 
     </span>
    </p>
   </div>
   <div class='ocr_carea' id='block_1_84' title="bbox 2167 3758 3745 3831">
    <p class='ocr_par' dir='ltr' id='par_1_84' title="bbox 2167 3758 3745 3831">
     <span class='ocr_line' id='line_1_84' title="bbox 2167 3758 3745 3831; baseline 0.001 -18"><span class='ocrx_word' id='word_1_611' title='bbox 2167 3759 2292 3829; x_wconf 79' lang='grc' dir='ltr'>γῆς,</span> <span class='ocrx_word' id='word_1_612' title='bbox 2324 3758 2719 3831; x_wconf 84' lang='grc' dir='ltr'>άγχιτέρμονες</span> <span class='ocrx_word' id='word_1_613' title='bbox 2763 3761 2893 3831; x_wconf 85' lang='grc' dir='ltr'>γὰρ,</span> <span class='ocrx_word' id='word_1_614' title='bbox 2923 3761 3114 3831; x_wconf 83' lang='grc' dir='ltr'>ὂμοροί</span> <span class='ocrx_word' id='word_1_615' title='bbox 3151 3761 3214 3814; x_wconf 88' lang='grc' dir='ltr'><strong>τέ</strong></span> <span class='ocrx_word' id='word_1_616' title='bbox 3245 3764 3384 3815; x_wconf 84' lang='grc' dir='ltr'>εἰσιν</span> <span class='ocrx_word' id='word_1_617' title='bbox 3407 3761 3658 3831; x_wconf 76' lang='grc' dir='ltr'>ἀλλήλαις</span> <span class='ocrx_word' id='word_1_618' title='bbox 3691 3764 3745 3815; x_wconf 86' lang='grc' dir='ltr'><strong>αί</strong></span> 
     </span>
    </p>
   </div>
   <div class='ocr_carea' id='block_1_85' title="bbox 2166 3850 3746 3926">
    <p class='ocr_par' dir='ltr' id='par_1_85' title="bbox 2166 3850 3746 3926">
     <span class='ocr_line' id='line_1_85' title="bbox 2166 3850 3746 3926; baseline 0.001 -24"><span class='ocrx_word' id='word_1_619' title='bbox 2166 3850 2361 3922; x_wconf 84' lang='grc' dir='ltr'>χῶραι.</span> <span class='ocrx_word' id='word_1_620' title='bbox 2389 3851 2583 3904; x_wconf 85' lang='grc' dir='ltr'>Ἔσται</span> <span class='ocrx_word' id='word_1_621' title='bbox 2631 3851 2811 3904; x_wconf 79' lang='grc' dir='ltr'>τοίνυν</span> <span class='ocrx_word' id='word_1_622' title='bbox 2853 3851 3106 3905; x_wconf 68' lang='grc' dir='ltr'>ἐντεῦθεν</span> <span class='ocrx_word' id='word_1_623' title='bbox 3140 3853 3293 3920; x_wconf 84' lang='grc' dir='ltr'>ἰδεῖν,</span> <span class='ocrx_word' id='word_1_624' title='bbox 3324 3853 3396 3917; x_wconf 81' lang='grc' dir='ltr'>ὡς</span> <span class='ocrx_word' id='word_1_625' title='bbox 3439 3854 3517 3915; x_wconf 82' lang='grc' dir='ltr'><strong>εἰς</strong></span> <span class='ocrx_word' id='word_1_626' title='bbox 3546 3852 3746 3926; x_wconf 71' lang='grc' dir='ltr'>πικρὸν</span> 
     </span>
    </p>
   </div>
   <div class='ocr_carea' id='block_1_86' title="bbox 2166 3951 3752 4025">
    <p class='ocr_par' dir='ltr' id='par_1_86' title="bbox 2166 3951 3752 4025">
     <span class='ocr_line' id='line_1_86' title="bbox 2166 3951 3752 4025; baseline 0.003 -21"><span class='ocrx_word' id='word_1_627' title='bbox 2166 3952 2535 4023; x_wconf 78' lang='grc' dir='ltr'>καταστρέφει</span> <span class='ocrx_word' id='word_1_628' title='bbox 2559 3951 2710 4016; x_wconf 82' lang='grc' dir='ltr'>τέλος</span> <span class='ocrx_word' id='word_1_629' title='bbox 2737 3955 2850 4016; x_wconf 86' lang='grc' dir='ltr'>τοῖς</span> <span class='ocrx_word' id='word_1_630' title='bbox 2887 3953 3138 4023; x_wconf 83' lang='grc' dir='ltr'>τρυφῶσι</span> <span class='ocrx_word' id='word_1_631' title='bbox 3160 3954 3221 4008; x_wconf 86' lang='grc' dir='ltr'><strong>τὸ</strong></span> <span class='ocrx_word' id='word_1_632' title='bbox 3244 3954 3585 4025; x_wconf 86' lang='grc' dir='ltr'>σπούδασμα,</span> <span class='ocrx_word' id='word_1_633' title='bbox 3607 3954 3752 4009; x_wconf 79' lang='grc' dir='ltr'>καθά</span> 
     </span>
    </p>
   </div>
   <div class='ocr_carea' id='block_1_87' title="bbox 2166 4041 3750 4116">
    <p class='ocr_par' dir='ltr' id='par_1_87' title="bbox 2166 4041 3750 4116">
     <span class='ocr_line' id='line_1_87' title="bbox 2166 4041 3750 4116; baseline 0.002 -20"><span class='ocrx_word' id='word_1_634' title='bbox 2166 4046 2378 4114; x_wconf 89' lang='grc' dir='ltr'>φησινό</span> <span class='ocrx_word' id='word_1_635' title='bbox 2401 4045 2594 4116; x_wconf 87' lang='grc' dir='ltr'>Σωτήρ</span> <span class='ocrx_word' id='word_1_636' title='bbox 2619 4061 2633 4075; x_wconf 73' lang='grc' dir='ltr'><strong>ο</strong></span> <span class='ocrx_word' id='word_1_637' title='bbox 2672 4063 2690 4096; x_wconf 81' lang='grc' dir='ltr'><strong>ι</strong></span> <span class='ocrx_word' id='word_1_638' title='bbox 2724 4044 3001 4114; x_wconf 84' lang='grc' dir='ltr'>Μακάριοι</span> <span class='ocrx_word' id='word_1_639' title='bbox 3041 4047 3091 4098; x_wconf 86' lang='grc' dir='ltr'><strong>οἱ</strong></span> <span class='ocrx_word' id='word_1_640' title='bbox 3121 4041 3462 4108; x_wconf 77' lang='grc' dir='ltr'>πενθοῦντες.</span> <span class='ocrx_word' id='word_1_641' title='bbox 3507 4066 3524 4098; x_wconf 83' lang='grc' dir='ltr'><strong>ι</strong></span> <span class='ocrx_word' id='word_1_642' title='bbox 3568 4048 3750 4100; x_wconf 82' lang='grc' dir='ltr'>Κατα-</span> 
     </span>
    </p>
   </div>
   <div class='ocr_carea' id='block_1_88' title="bbox 2166 4134 3749 4209">
    <p class='ocr_par' dir='ltr' id='par_1_88' title="bbox 2166 4134 3749 4209">
     <span class='ocr_line' id='line_1_88' title="bbox 2166 4134 3749 4209; baseline 0.003 -23"><span class='ocrx_word' id='word_1_643' title='bbox 2166 4134 2322 4206; x_wconf 86' lang='grc' dir='ltr'>λήγει</span> <span class='ocrx_word' id='word_1_644' title='bbox 2361 4135 2457 4206; x_wconf 81' lang='grc' dir='ltr'><strong>μὲν</strong></span> <span class='ocrx_word' id='word_1_645' title='bbox 2485 4136 2593 4205; x_wconf 83' lang='grc' dir='ltr'>γὰρ</span> <span class='ocrx_word' id='word_1_646' title='bbox 2618 4137 2698 4200; x_wconf 82' lang='grc' dir='ltr'><strong>είς</strong></span> <span class='ocrx_word' id='word_1_647' title='bbox 2729 4136 2964 4208; x_wconf 86' lang='grc' dir='ltr'>δάκρυον</span> <span class='ocrx_word' id='word_1_648' title='bbox 2999 4140 3032 4209; x_wconf 79' lang='grc' dir='ltr'>ἡ</span> <span class='ocrx_word' id='word_1_649' title='bbox 3062 4138 3261 4209; x_wconf 82' lang='grc' dir='ltr'>τρυφὴ,</span> <span class='ocrx_word' id='word_1_650' title='bbox 3295 4139 3464 4209; x_wconf 78' lang='grc' dir='ltr'>πέρας</span> <span class='ocrx_word' id='word_1_651' title='bbox 3485 4138 3541 4191; x_wconf 88' lang='grc' dir='ltr'>δὲ</span> <span class='ocrx_word' id='word_1_652' title='bbox 3579 4139 3749 4192; x_wconf 84' lang='grc' dir='ltr'>πόνων</span> 
     </span>
    </p>
   </div>
   <div class='ocr_carea' id='block_1_89' title="bbox 2166 4226 3750 4300">
    <p class='ocr_par' dir='ltr' id='par_1_89' title="bbox 2166 4226 3750 4300">
     <span class='ocr_line' id='line_1_89' title="bbox 2166 4226 3750 4300; baseline 0.003 -20"><span class='ocrx_word' id='word_1_653' title='bbox 2166 4226 2496 4292; x_wconf 81' lang='grc' dir='ltr'>ἀνάπαυσις.</span> <span class='ocrx_word' id='word_1_654' title='bbox 2520 4228 2632 4281; x_wconf 72' lang='grc' dir='ltr'>Καὶ</span> <span class='ocrx_word' id='word_1_655' title='bbox 2675 4231 3018 4300; x_wconf 82' lang='grc' dir='ltr'>μαρτυρήσει</span> <span class='ocrx_word' id='word_1_656' title='bbox 3041 4247 3148 4294; x_wconf 81' lang='grc' dir='ltr'>τις,</span> <span class='ocrx_word' id='word_1_657' title='bbox 3182 4230 3374 4297; x_wconf 82' lang='grc' dir='ltr'>λέγων·</span> <span class='ocrx_word' id='word_1_658' title='bbox 3424 4233 3508 4286; x_wconf 80' lang='grc' dir='ltr'><strong>ὅτι</strong></span> <span class='ocrx_word' id='word_1_659' title='bbox 3531 4230 3750 4285; x_wconf 77' lang='grc' dir='ltr'>ιιιόνων</span> 
     </span>
    </p>
   </div>
   <div class='ocr_carea' id='block_1_90' title="bbox 2165 4316 3748 4394">
    <p class='ocr_par' dir='ltr' id='par_1_90' title="bbox 2165 4316 3748 4394">
     <span class='ocr_line' id='line_1_90' title="bbox 2165 4316 3748 4394; baseline 0.004 -25"><span class='ocrx_word' id='word_1_660' title='bbox 2165 4316 2383 4384; x_wconf 79' lang='grc' dir='ltr'>ἀγαθῶν</span> <span class='ocrx_word' id='word_1_661' title='bbox 2409 4317 2617 4389; x_wconf 80' lang='grc' dir='ltr'>καρπὸς</span> <span class='ocrx_word' id='word_1_662' title='bbox 2639 4319 2886 4390; x_wconf 85' lang='grc' dir='ltr'>εὐκλεής.</span> <span class='ocrx_word' id='word_1_663' title='bbox 2920 4338 2939 4372; x_wconf 79' lang='grc' dir='ltr'><strong>ι</strong></span> <span class='ocrx_word' id='word_1_664' title='bbox 2973 4321 3088 4374; x_wconf 88' lang='grc' dir='ltr'><strong>Οὑκ</strong></span> <span class='ocrx_word' id='word_1_665' title='bbox 3117 4321 3379 4375; x_wconf 85' lang='grc' dir='ltr'>ἀπίθανον</span> <span class='ocrx_word' id='word_1_666' title='bbox 3407 4321 3461 4374; x_wconf 86' lang='grc' dir='ltr'>δὲ</span> <span class='ocrx_word' id='word_1_667' title='bbox 3490 4322 3748 4394; x_wconf 87' lang='grc' dir='ltr'>δαμάλεις</span> 
     </span>
    </p>
   </div>
   <div class='ocr_carea' id='block_1_91' title="bbox 2163 4409 3743 4484">
    <p class='ocr_par' dir='ltr' id='par_1_91' title="bbox 2163 4409 3743 4484">
     <span class='ocr_line' id='line_1_91' title="bbox 2163 4409 3743 4484; baseline 0.006 -24"><span class='ocrx_word' id='word_1_668' title='bbox 2163 4409 2263 4480; x_wconf 85' lang='grc' dir='ltr'><strong>τῆς</strong></span> <span class='ocrx_word' id='word_1_669' title='bbox 2294 4409 2641 4473; x_wconf 89' lang='grc' dir='ltr'>Βασανίτιδος</span> <span class='ocrx_word' id='word_1_670' title='bbox 2662 4412 2762 4470; x_wconf 78' lang='grc' dir='ltr'>τὰς</span> <span class='ocrx_word' id='word_1_671' title='bbox 2796 4415 2853 4466; x_wconf 79' lang='grc' dir='ltr'>ὲν</span> <span class='ocrx_word' id='word_1_672' title='bbox 2887 4415 2952 4482; x_wconf 82' lang='grc' dir='ltr'>τῇ</span> <span class='ocrx_word' id='word_1_673' title='bbox 2997 4413 3279 4484; x_wconf 77' lang='grc' dir='ltr'>Σαμαρείᾳ</span> <span class='ocrx_word' id='word_1_674' title='bbox 3319 4416 3586 4482; x_wconf 85' lang='grc' dir='ltr'>γυναῖκας</span> <span class='ocrx_word' id='word_1_675' title='bbox 3614 4417 3743 4469; x_wconf 73' lang='grc' dir='ltr'>ὑπορ</span> 
     </span>
    </p>
   </div>
   <div class='ocr_carea' id='block_1_92' title="bbox 477 4487 2060 4578">
    <p class='ocr_par' dir='ltr' id='par_1_92' title="bbox 477 4487 2052 4574">
     <span class='ocr_line' id='line_1_92' title="bbox 477 4487 2052 4574; baseline 0.013 -34"><span class='ocrx_word' id='word_1_676' title='bbox 477 4487 818 4543; x_wconf 86' lang='lat' dir='ltr'><strong>conciliando</strong></span> <span class='ocrx_word' id='word_1_677' title='bbox 843 4490 987 4546; x_wconf 84' lang='lat' dir='ltr'><strong>velut</strong></span> <span class='ocrx_word' id='word_1_678' title='bbox 1047 4493 1327 4563; x_wconf 60' lang='lat' dir='ltr'><strong>saginata&#39;,</strong></span> <span class='ocrx_word' id='word_1_679' title='bbox 1357 4512 1622 4566; x_wconf 89' lang='lat' dir='ltr'><strong>pauperes</strong></span> <span class='ocrx_word' id='word_1_680' title='bbox 1660 4502 2052 4574; x_wconf 87' lang='lat' dir='ltr'><strong>deprimebant,</strong></span> 
     </span>
    </p>
   </div>
   <div class='ocr_carea' id='block_1_93' title="bbox 2163 4487 3748 4578">
    <p class='ocr_par' dir='ltr' id='par_1_93' title="bbox 2163 4503 3748 4578">
     <span class='ocr_line' id='line_1_93' title="bbox 2163 4503 3748 4578; baseline 0.002 -24"><span class='ocrx_word' id='word_1_681' title='bbox 2163 4503 2322 4567; x_wconf 85' lang='grc' dir='ltr'>νοεῖν,</span> <span class='ocrx_word' id='word_1_682' title='bbox 2354 4503 2408 4554; x_wconf 78' lang='grc' dir='ltr'><strong>αἱ</strong></span> <span class='ocrx_word' id='word_1_683' title='bbox 2435 4505 2615 4572; x_wconf 75' lang='grc' dir='ltr'>τρυφῇ</span> <span class='ocrx_word' id='word_1_684' title='bbox 2635 4519 2693 4555; x_wconf 87' lang='grc' dir='ltr'><strong>τε</strong></span> <span class='ocrx_word' id='word_1_685' title='bbox 2727 4505 2822 4557; x_wconf 73' lang='grc' dir='ltr'><strong>καὶ</strong></span> <span class='ocrx_word' id='word_1_686' title='bbox 2846 4504 3080 4574; x_wconf 88' lang='grc' dir='ltr'>χλιδαῖς,</span> <span class='ocrx_word' id='word_1_687' title='bbox 3100 4507 3194 4559; x_wconf 71' lang='grc' dir='ltr'><strong>καὶ</strong></span> <span class='ocrx_word' id='word_1_688' title='bbox 3223 4509 3342 4570; x_wconf 87' lang='grc' dir='ltr'>ταῖς</span> <span class='ocrx_word' id='word_1_689' title='bbox 3365 4509 3443 4571; x_wconf 85' lang='grc' dir='ltr'><strong>είς</strong></span> <span class='ocrx_word' id='word_1_690' title='bbox 3469 4507 3748 4578; x_wconf 69' lang='grc' dir='ltr'>ὡραϊσμὸν</span> 
     </span>
    </p>
   </div>
   <div class='ocr_carea' id='block_1_94' title="bbox 477 4580 2056 4668">
    <p class='ocr_par' dir='ltr' id='par_1_94' title="bbox 477 4580 2056 4668">
     <span class='ocr_line' id='line_1_94' title="bbox 477 4580 2056 4668; baseline 0.011 -37"><span class='ocrx_word' id='word_1_691' title='bbox 477 4587 533 4632; x_wconf 93' lang='lat' dir='ltr'><strong>et</strong></span> <span class='ocrx_word' id='word_1_692' title='bbox 556 4580 834 4636; x_wconf 91' lang='lat' dir='ltr'><strong>mendicos</strong></span> <span class='ocrx_word' id='word_1_693' title='bbox 857 4582 1280 4651; x_wconf 89' lang='lat' dir='ltr'><strong>conculcabant,</strong></span> <span class='ocrx_word' id='word_1_694' title='bbox 1303 4597 1465 4657; x_wconf 89' lang='lat' dir='ltr'><strong>atque</strong></span> <span class='ocrx_word' id='word_1_695' title='bbox 1491 4590 1558 4644; x_wconf 91' lang='lat' dir='ltr'><strong>ad</strong></span> <span class='ocrx_word' id='word_1_696' title='bbox 1597 4592 1839 4662; x_wconf 85' lang='lat' dir='ltr'><strong>impuras</strong></span> <span class='ocrx_word' id='word_1_697' title='bbox 1869 4595 2056 4668; x_wconf 83' lang='lat' dir='ltr'><strong>volup-</strong></span> 
     </span>
    </p>
   </div>
   <div class='ocr_carea' id='block_1_95' title="bbox 479 4672 2054 4749">
    <p class='ocr_par' dir='ltr' id='par_1_95' title="bbox 479 4672 2054 4749">
     <span class='ocr_line' id='line_1_95' title="bbox 479 4672 2054 4749; baseline 0.016 -25"><span class='ocrx_word' id='word_1_698' title='bbox 479 4679 620 4727; x_wconf 89' lang='lat' dir='ltr'><strong>tates</strong></span> <span class='ocrx_word' id='word_1_699' title='bbox 651 4672 919 4742; x_wconf 83' lang='lat' dir='ltr'><strong>iniirmos,</strong></span> <span class='ocrx_word' id='word_1_700' title='bbox 937 4686 992 4730; x_wconf 92' lang='lat' dir='ltr'><strong>et</strong></span> <span class='ocrx_word' id='word_1_701' title='bbox 1011 4677 1364 4732; x_wconf 85' lang='lat' dir='ltr'><strong>mendicitate</strong></span> <span class='ocrx_word' id='word_1_702' title='bbox 1379 4680 1644 4749; x_wconf 80' lang='lat' dir='ltr'><strong>spirituali</strong></span> <span class='ocrx_word' id='word_1_703' title='bbox 1677 4684 2054 4749; x_wconf 84' lang='lat' dir='ltr'><strong>conﬂictantes</strong></span> 
     </span>
    </p>
   </div>
   <div class='ocr_carea' id='block_1_96' title="bbox 475 4766 2048 4853">
    <p class='ocr_par' dir='ltr' id='par_1_96' title="bbox 475 4766 2048 4853">
     <span class='ocr_line' id='line_1_96' title="bbox 475 4766 2048 4853; baseline 0.013 -36"><span class='ocrx_word' id='word_1_704' title='bbox 475 4771 686 4820; x_wconf 90' lang='lat' dir='ltr'><strong>tantum</strong></span> <span class='ocrx_word' id='word_1_705' title='bbox 707 4781 810 4820; x_wconf 89' lang='lat' dir='ltr'><strong>non</strong></span> <span class='ocrx_word' id='word_1_706' title='bbox 843 4766 1092 4824; x_wconf 90' lang='lat' dir='ltr'><strong>incendio</strong></span> <span class='ocrx_word' id='word_1_707' title='bbox 1111 4772 1343 4839; x_wconf 86' lang='lat' dir='ltr'><strong>quodam</strong></span> <span class='ocrx_word' id='word_1_708' title='bbox 1362 4787 1594 4829; x_wconf 89' lang='lat' dir='ltr'><strong>venereo</strong></span> <span class='ocrx_word' id='word_1_709' title='bbox 1618 4779 2012 4837; x_wconf 91' lang='lat' dir='ltr'><strong>consumebant</strong></span> <span class='ocrx_word' id='word_1_710' title='bbox 2033 4803 2048 4853; x_wconf 89' lang='lat'><strong>;</strong></span> 
     </span>
    </p>
   </div>
   <div class='ocr_carea' id='block_1_97' title="bbox 479 4857 2053 4939">
    <p class='ocr_par' dir='ltr' id='par_1_97' title="bbox 479 4857 2053 4939">
     <span class='ocr_line' id='line_1_97' title="bbox 479 4857 2053 4939; baseline 0.014 -30"><span class='ocrx_word' id='word_1_711' title='bbox 479 4857 572 4926; x_wconf 89' lang='lat' dir='ltr'><strong>qui</strong></span> <span class='ocrx_word' id='word_1_712' title='bbox 609 4859 830 4927; x_wconf 85' lang='lat' dir='ltr'><strong>superni</strong></span> <span class='ocrx_word' id='word_1_713' title='bbox 872 4858 1086 4917; x_wconf 88' lang='lat' dir='ltr'><strong>roboris</strong></span> <span class='ocrx_word' id='word_1_714' title='bbox 1126 4863 1331 4920; x_wconf 83' lang='lat' dir='ltr'><strong>divitiis</strong></span> <span class='ocrx_word' id='word_1_715' title='bbox 1375 4879 1648 4936; x_wconf 86' lang='lat' dir='ltr'><strong>carentes,</strong></span> <span class='ocrx_word' id='word_1_716' title='bbox 1679 4874 2053 4939; x_wconf 82' lang='lat' dir='ltr'><strong>perturbatio-</strong></span> 
     </span>
    </p>
   </div>
   <div class='ocr_carea' id='block_1_98' title="bbox 474 4949 2048 5021">
    <p class='ocr_par' dir='ltr' id='par_1_98' title="bbox 474 4949 2048 5021">
     <span class='ocr_line' id='line_1_98' title="bbox 474 4949 2048 5021; baseline 0.014 -21"><span class='ocrx_word' id='word_1_717' title='bbox 474 4962 602 5001; x_wconf 89' lang='lat' dir='ltr'><strong>num</strong></span> <span class='ocrx_word' id='word_1_718' title='bbox 643 4949 962 5020; x_wconf 68' lang='lat' dir='ltr'><strong>impnlsibns</strong></span> <span class='ocrx_word' id='word_1_719' title='bbox 989 4967 1085 5008; x_wconf 91' lang='lat' dir='ltr'><strong>cor</strong></span> <span class='ocrx_word' id='word_1_720' title='bbox 1100 4953 1254 5009; x_wconf 79' lang='lat' dir='ltr'><strong>valde</strong></span> <span class='ocrx_word' id='word_1_721' title='bbox 1279 4956 1574 5012; x_wconf 89' lang='lat' dir='ltr'><strong>emollitum</strong></span> <span class='ocrx_word' id='word_1_722' title='bbox 1601 4970 1651 5015; x_wconf 90' lang='lat' dir='ltr'><strong>et</strong></span> <span class='ocrx_word' id='word_1_723' title='bbox 1684 4959 2048 5021; x_wconf 80' lang='lat' dir='ltr'><strong>eﬂ&#39;eminalum</strong></span> 
     </span>
    </p>
   </div>
   <div class='ocr_carea' id='block_1_99' title="bbox 473 5038 2045 5115">
    <p class='ocr_par' dir='ltr' id='par_1_99' title="bbox 473 5038 2045 5115">
     <span class='ocr_line' id='line_1_99' title="bbox 473 5038 2045 5115; baseline 0.015 -25"><span class='ocrx_word' id='word_1_724' title='bbox 473 5038 762 5096; x_wconf 79' lang='lat' dir='ltr'><strong>habebant.</strong></span> <span class='ocrx_word' id='word_1_725' title='bbox 825 5040 916 5097; x_wconf 68' lang='lat' dir='ltr'><strong>lla:</strong></span> <span class='ocrx_word' id='word_1_726' title='bbox 970 5045 1132 5115; x_wconf 82' lang='lat' dir='ltr'><strong>igitur</strong></span> <span class='ocrx_word' id='word_1_727' title='bbox 1183 5061 1362 5103; x_wconf 83' lang='lat' dir='ltr'><strong>vaccae</strong></span> <span class='ocrx_word' id='word_1_728' title='bbox 1391 5049 1623 5106; x_wconf 89' lang='lat' dir='ltr'><strong>dominis</strong></span> <span class='ocrx_word' id='word_1_729' title='bbox 1670 5053 1784 5109; x_wconf 89' lang='lat' dir='ltr'><strong>suis</strong></span> <span class='ocrx_word' id='word_1_730' title='bbox 1823 5054 2045 5113; x_wconf 88' lang='lat' dir='ltr'><strong>dicunt:</strong></span> 
     </span>
    </p>
   </div>
   <div class='ocr_carea' id='block_1_100' title="bbox 477 5130 2050 5218">
    <p class='ocr_par' dir='ltr' id='par_1_100' title="bbox 477 5130 2050 5218">
     <span class='ocr_line' id='line_1_100' title="bbox 477 5130 2050 5218; baseline 0.017 -38"><span class='ocrx_word' id='word_1_731' title='bbox 477 5147 499 5180; x_wconf 70' lang='grc' dir='ltr'><strong>ι</strong></span> <span class='ocrx_word' id='word_1_732' title='bbox 529 5130 663 5187; x_wconf 89' lang='lat' dir='ltr'><strong>Date</strong></span> <span class='ocrx_word' id='word_1_733' title='bbox 692 5134 843 5190; x_wconf 91' lang='lat' dir='ltr'><strong>nobis</strong></span> <span class='ocrx_word' id='word_1_734' title='bbox 874 5147 930 5190; x_wconf 93' lang='lat' dir='ltr'><strong>ut</strong></span> <span class='ocrx_word' id='word_1_735' title='bbox 962 5137 1231 5193; x_wconf 89' lang='lat' dir='ltr'><strong>bibamus.</strong></span> <span class='ocrx_word' id='word_1_736' title='bbox 1267 5160 1285 5194; x_wconf 78' lang='grc' dir='ltr'><strong>ι</strong></span> <span class='ocrx_word' id='word_1_737' title='bbox 1319 5140 1648 5200; x_wconf 69' lang='grc' dir='ltr'>ΜιιΙίειοιιιςιι</span> <span class='ocrx_word' id='word_1_738' title='bbox 1697 5147 1839 5201; x_wconf 90' lang='lat' dir='ltr'><strong>enim</strong></span> <span class='ocrx_word' id='word_1_739' title='bbox 1872 5164 2050 5218; x_wconf 70' lang='lat' dir='ltr'><strong>quaes-</strong></span> 
     </span>
    </p>
   </div>
   <div class='ocr_carea' id='block_1_101' title="bbox 475 5223 2046 5306">
    <p class='ocr_par' dir='ltr' id='par_1_101' title="bbox 475 5223 2046 5306">
     <span class='ocr_line' id='line_1_101' title="bbox 475 5223 2046 5306; baseline 0.014 -33"><span class='ocrx_word' id='word_1_740' title='bbox 475 5223 661 5278; x_wconf 65' lang='lat' dir='ltr'><strong>tuaria</strong></span> <span class='ocrx_word' id='word_1_741' title='bbox 682 5241 895 5299; x_wconf 85' lang='lat' dir='ltr'><strong>semper</strong></span> <span class='ocrx_word' id='word_1_742' title='bbox 923 5230 1072 5286; x_wconf 89' lang='lat' dir='ltr'><strong>viros</strong></span> <span class='ocrx_word' id='word_1_743' title='bbox 1107 5242 1391 5303; x_wconf 89' lang='lat' dir='ltr'><strong>appetunt,</strong></span> <span class='ocrx_word' id='word_1_744' title='bbox 1436 5243 1490 5289; x_wconf 89' lang='lat' dir='ltr'><strong>et</strong></span> <span class='ocrx_word' id='word_1_745' title='bbox 1525 5251 1657 5303; x_wconf 88' lang='lat' dir='ltr'><strong>quos</strong></span> <span class='ocrx_word' id='word_1_746' title='bbox 1690 5237 2046 5306; x_wconf 90' lang='lat' dir='ltr'><strong>irretiverint,</strong></span> 
     </span>
    </p>
   </div>
   <div class='ocr_carea' id='block_1_102' title="bbox 474 5317 2054 5402">
    <p class='ocr_par' dir='ltr' id='par_1_102' title="bbox 474 5317 2054 5402">
     <span class='ocr_line' id='line_1_102' title="bbox 474 5317 2054 5402; baseline 0.014 -37"><span class='ocrx_word' id='word_1_747' title='bbox 474 5325 687 5369; x_wconf 84' lang='lat' dir='ltr'><strong>summa</strong></span> <span class='ocrx_word' id='word_1_748' title='bbox 724 5317 916 5375; x_wconf 90' lang='lat' dir='ltr'><strong>inertia</strong></span> <span class='ocrx_word' id='word_1_749' title='bbox 981 5332 1188 5378; x_wconf 87' lang='lat' dir='ltr'><strong>tantum</strong></span> <span class='ocrx_word' id='word_1_750' title='bbox 1249 5339 1356 5379; x_wconf 88' lang='lat' dir='ltr'><strong>non</strong></span> <span class='ocrx_word' id='word_1_751' title='bbox 1401 5326 1672 5381; x_wconf 86' lang='lat' dir='ltr'><strong>occidunt.</strong></span> <span class='ocrx_word' id='word_1_752' title='bbox 1713 5328 1773 5383; x_wconf 86' lang='lat' dir='ltr'><strong>Et</strong></span> <span class='ocrx_word' id='word_1_753' title='bbox 1806 5333 2054 5402; x_wconf 89' lang='lat' dir='ltr'><strong>quamvis</strong></span> 
     </span>
    </p>
   </div>
   <div class='ocr_carea' id='block_1_103' title="bbox 472 5404 2055 5493">
    <p class='ocr_par' dir='ltr' id='par_1_103' title="bbox 472 5404 2055 5493">
     <span class='ocr_line' id='line_1_103' title="bbox 472 5404 2055 5493; baseline 0.014 -37"><span class='ocrx_word' id='word_1_754' title='bbox 472 5417 568 5459; x_wconf 92' lang='lat' dir='ltr'><strong>eos</strong></span> <span class='ocrx_word' id='word_1_755' title='bbox 595 5404 838 5464; x_wconf 86' lang='lat' dir='ltr'><strong>dominos</strong></span> <span class='ocrx_word' id='word_1_756' title='bbox 868 5411 1122 5478; x_wconf 86' lang='lat' dir='ltr'><strong>habeant,</strong></span> <span class='ocrx_word' id='word_1_757' title='bbox 1176 5425 1354 5472; x_wconf 91' lang='lat' dir='ltr'><strong>tamen</strong></span> <span class='ocrx_word' id='word_1_758' title='bbox 1411 5428 1469 5472; x_wconf 93' lang='lat' dir='ltr'><strong>ut</strong></span> <span class='ocrx_word' id='word_1_759' title='bbox 1518 5420 1736 5476; x_wconf 89' lang='lat' dir='ltr'><strong>antasiis</strong></span> <span class='ocrx_word' id='word_1_760' title='bbox 1791 5423 2055 5493; x_wconf 89' lang='lat' dir='ltr'><strong>voluptati</strong></span> 
     </span>
    </p>
   </div>
   <div class='ocr_carea' id='block_1_104' title="bbox 470 5497 2056 5584">
    <p class='ocr_par' dir='ltr' id='par_1_104' title="bbox 470 5497 2056 5584">
     <span class='ocr_line' id='line_1_104' title="bbox 470 5497 2056 5584; baseline 0.016 -36"><span class='ocrx_word' id='word_1_761' title='bbox 470 5497 964 5567; x_wconf 79' lang='lat' dir='ltr'><strong>succumbentibus,</strong></span> <span class='ocrx_word' id='word_1_762' title='bbox 1017 5507 1183 5577; x_wconf 76' lang='lat'><strong>289</strong></span> <span class='ocrx_word' id='word_1_763' title='bbox 1231 5509 1374 5579; x_wconf 88' lang='lat' dir='ltr'><strong>quod</strong></span> <span class='ocrx_word' id='word_1_764' title='bbox 1424 5513 1659 5568; x_wconf 82' lang='lat' dir='ltr'><strong>maxime</strong></span> <span class='ocrx_word' id='word_1_765' title='bbox 1685 5515 1926 5584; x_wconf 91' lang='lat' dir='ltr'><strong>cupiunt,</strong></span> <span class='ocrx_word' id='word_1_766' title='bbox 1951 5516 2056 5573; x_wconf 88' lang='lat' dir='ltr'><strong>illis</strong></span> 
     </span>
    </p>
   </div>
   <div class='ocr_carea' id='block_1_105' title="bbox 470 5585 2052 5673">
    <p class='ocr_par' dir='ltr' id='par_1_105' title="bbox 470 5585 2052 5673">
     <span class='ocr_line' id='line_1_105' title="bbox 470 5585 2052 5673; baseline 0.016 -36"><span class='ocrx_word' id='word_1_767' title='bbox 470 5585 818 5650; x_wconf 86' lang='lat' dir='ltr'><strong>persuadent.</strong></span> <span class='ocrx_word' id='word_1_768' title='bbox 851 5589 956 5646; x_wconf 88' lang='lat' dir='ltr'><strong>Sed</strong></span> <span class='ocrx_word' id='word_1_769' title='bbox 988 5607 1081 5648; x_wconf 86' lang='lat' dir='ltr'><strong>vos</strong></span> <span class='ocrx_word' id='word_1_770' title='bbox 1120 5598 1359 5665; x_wconf 88' lang='lat' dir='ltr'><strong>quidem,</strong></span> <span class='ocrx_word' id='word_1_771' title='bbox 1400 5601 1595 5673; x_wconf 90' lang='lat' dir='ltr'><strong>inquit,</strong></span> <span class='ocrx_word' id='word_1_772' title='bbox 1631 5621 1649 5654; x_wconf 78' lang='grc' dir='ltr'><strong>ι</strong></span> <span class='ocrx_word' id='word_1_773' title='bbox 1690 5601 1733 5657; x_wconf 95' lang='grc' dir='ltr'><strong>Ο</strong></span> <span class='ocrx_word' id='word_1_774' title='bbox 1769 5619 1966 5672; x_wconf 70' lang='lat' dir='ltr'><strong>vaccae,</strong></span> <span class='ocrx_word' id='word_1_775' title='bbox 2001 5607 2052 5662; x_wconf 91' lang='lat' dir='ltr'><strong>in</strong></span> 
     </span>
    </p>
   </div>
   <div class='ocr_carea' id='block_1_106' title="bbox 559 5767 2043 5851">
    <p class='ocr_par' dir='ltr' id='par_1_106' title="bbox 559 5767 2043 5851">
     <span class='ocr_line' id='line_1_106' title="bbox 559 5767 2043 5851; baseline 0.011 -29"><span class='ocrx_word' id='word_1_776' title='bbox 559 5767 772 5825; x_wconf 69' lang='lat' dir='ltr'><strong>‘Eccli.</strong></span> <span class='ocrx_word' id='word_1_777' title='bbox 816 5784 936 5835; x_wconf 77' lang='lat' dir='ltr'><strong>xm,</strong></span> <span class='ocrx_word' id='word_1_778' title='bbox 969 5769 1057 5824; x_wconf 77' lang='lat'><strong>25.</strong></span> <span class='ocrx_word' id='word_1_779' title='bbox 1137 5773 1156 5803; x_wconf 84' lang='lat'><strong>&#39;</strong></span> <span class='ocrx_word' id='word_1_780' title='bbox 1181 5771 1371 5829; x_wconf 74' lang='lat' dir='ltr'><strong>Matth.</strong></span> <span class='ocrx_word' id='word_1_781' title='bbox 1411 5791 1466 5841; x_wconf 87' lang='lat' dir='ltr'><strong>v,</strong></span> <span class='ocrx_word' id='word_1_782' title='bbox 1497 5777 1550 5832; x_wconf 80' lang='lat'><strong>5.</strong></span> <span class='ocrx_word' id='word_1_783' title='bbox 1629 5780 1648 5810; x_wconf 81' lang='grc'>⁸</span> <span class='ocrx_word' id='word_1_784' title='bbox 1676 5778 1801 5851; x_wconf 89' lang='lat' dir='ltr'><strong>Sap.</strong></span> <span class='ocrx_word' id='word_1_785' title='bbox 1839 5797 1916 5849; x_wconf 86' lang='lat' dir='ltr'><strong>tu,</strong></span> <span class='ocrx_word' id='word_1_786' title='bbox 1960 5783 2043 5840; x_wconf 70' lang='lat' dir='ltr'><strong>lii.</strong></span> 
     </span>
    </p>
   </div>
   <div class='ocr_carea' id='block_1_107' title="bbox 2161 4595 3749 4668">
    <p class='ocr_par' dir='ltr' id='par_1_107' title="bbox 2161 4595 3749 4668">
     <span class='ocr_line' id='line_1_107' title="bbox 2161 4595 3749 4668; baseline 0.001 -20"><span class='ocrx_word' id='word_1_787' title='bbox 2161 4595 2513 4665; x_wconf 87' lang='grc' dir='ltr'>κοσμήμασιν</span> <span class='ocrx_word' id='word_1_788' title='bbox 2574 4595 3030 4660; x_wconf 86' lang='grc' dir='ltr'>ὲνσπαταλῶσαι,</span> <span class='ocrx_word' id='word_1_789' title='bbox 3083 4597 3178 4651; x_wconf 58' lang='grc' dir='ltr'><strong>καὶ⁵</strong></span> <span class='ocrx_word' id='word_1_790' title='bbox 3251 4600 3749 4668; x_wconf 84' lang='grc' dir='ltr'>καταπιαινόμεναι</span> 
     </span>
    </p>
   </div>
   <div class='ocr_carea' id='block_1_108' title="bbox 2159 4685 3746 4761">
    <p class='ocr_par' dir='ltr' id='par_1_108' title="bbox 2159 4685 3746 4761">
     <span class='ocr_line' id='line_1_108' title="bbox 2159 4685 3746 4761; baseline 0.003 -22"><span class='ocrx_word' id='word_1_791' title='bbox 2159 4689 2280 4750; x_wconf 89' lang='grc' dir='ltr'>ταῖς</span> <span class='ocrx_word' id='word_1_792' title='bbox 2326 4685 2420 4739; x_wconf 76' lang='grc' dir='ltr'>τοῦ</span> <span class='ocrx_word' id='word_1_793' title='bbox 2467 4685 2716 4756; x_wconf 84' lang='grc' dir='ltr'>σώματος</span> <span class='ocrx_word' id='word_1_794' title='bbox 2749 4690 2940 4761; x_wconf 83' lang='grc' dir='ltr'>ὥραις,</span> <span class='ocrx_word' id='word_1_795' title='bbox 2989 4690 3425 4760; x_wconf 81' lang='grc' dir='ltr'>κατηγωνίζοντο</span> <span class='ocrx_word' id='word_1_796' title='bbox 3469 4691 3746 4761; x_wconf 80' lang='grc' dir='ltr'>πένητας,</span> 
     </span>
    </p>
   </div>
   <div class='ocr_carea' id='block_1_109' title="bbox 2159 4786 3748 4863">
    <p class='ocr_par' dir='ltr' id='par_1_109' title="bbox 2159 4786 3748 4863">
     <span class='ocr_line' id='line_1_109' title="bbox 2159 4786 3748 4863; baseline 0.003 -22"><span class='ocrx_word' id='word_1_797' title='bbox 2159 4786 2253 4841; x_wconf 72' lang='grc' dir='ltr'><strong>καὶ</strong></span> <span class='ocrx_word' id='word_1_798' title='bbox 2277 4787 2616 4842; x_wconf 84' lang='grc' dir='ltr'>κατεπάτουν</span> <span class='ocrx_word' id='word_1_799' title='bbox 2661 4791 2932 4861; x_wconf 77' lang='grc' dir='ltr'>πτωχοὺς,</span> <span class='ocrx_word' id='word_1_800' title='bbox 2969 4792 3254 4862; x_wconf 77' lang='grc' dir='ltr'>μονονουχὶ</span> <span class='ocrx_word' id='word_1_801' title='bbox 3301 4793 3748 4863; x_wconf 72' lang='grc' dir='ltr'>καταφλέγουσαι</span> 
     </span>
    </p>
   </div>
   <div class='ocr_carea' id='block_1_110' title="bbox 2153 4879 3745 4950">
    <p class='ocr_par' dir='ltr' id='par_1_110' title="bbox 2153 4879 3745 4950">
     <span class='ocr_line' id='line_1_110' title="bbox 2153 4879 3745 4950; baseline 0.003 -19"><span class='ocrx_word' id='word_1_802' title='bbox 2153 4879 2293 4950; x_wconf 75' lang='grc' dir='ltr'>πρὸς</span> <span class='ocrx_word' id='word_1_803' title='bbox 2325 4880 2589 4943; x_wconf 82' lang='grc' dir='ltr'>ὲκτόπους</span> <span class='ocrx_word' id='word_1_804' title='bbox 2632 4880 2828 4950; x_wconf 76' lang='grc' dir='ltr'>ἡδονὰς</span> <span class='ocrx_word' id='word_1_805' title='bbox 2859 4881 2983 4944; x_wconf 83' lang='grc' dir='ltr'>τοὺς</span> <span class='ocrx_word' id='word_1_806' title='bbox 3026 4881 3389 4947; x_wconf 81' lang='grc' dir='ltr'>ἀσθενοῦντας</span> <span class='ocrx_word' id='word_1_807' title='bbox 3424 4886 3506 4948; x_wconf 87' lang='grc' dir='ltr'><strong>είς</strong></span> <span class='ocrx_word' id='word_1_808' title='bbox 3556 4885 3745 4945; x_wconf 77' lang='grc' dir='ltr'>τοῦτο,</span> 
     </span>
    </p>
   </div>
   <div class='ocr_carea' id='block_1_111' title="bbox 2148 4970 3748 5046">
    <p class='ocr_par' dir='ltr' id='par_1_111' title="bbox 2148 4970 3748 5046">
     <span class='ocr_line' id='line_1_111' title="bbox 2148 4970 3748 5046; baseline 0.003 -23"><span class='ocrx_word' id='word_1_809' title='bbox 2148 4972 2242 5023; x_wconf 75' lang='grc' dir='ltr'>καὶ</span> <span class='ocrx_word' id='word_1_810' title='bbox 2263 4970 2533 5040; x_wconf 83' lang='grc' dir='ltr'>πτωχείαν</span> <span class='ocrx_word' id='word_1_811' title='bbox 2554 4971 2778 5042; x_wconf 80' lang='grc' dir='ltr'>ἔχοντας</span> <span class='ocrx_word' id='word_1_812' title='bbox 2801 4974 2898 5045; x_wconf 86' lang='grc' dir='ltr'><strong>τὴν</strong></span> <span class='ocrx_word' id='word_1_813' title='bbox 2923 4977 3324 5046; x_wconf 81' lang='grc' dir='ltr'>πνευματικήν.</span> <span class='ocrx_word' id='word_1_814' title='bbox 3341 4974 3407 5030; x_wconf 83' lang='grc' dir='ltr'><strong>Οἳ</strong></span> <span class='ocrx_word' id='word_1_815' title='bbox 3430 4976 3530 5046; x_wconf 81' lang='grc' dir='ltr'>τῆς</span> <span class='ocrx_word' id='word_1_816' title='bbox 3545 4976 3748 5029; x_wconf 82' lang='grc' dir='ltr'>ἄνωθεν</span> 
     </span>
    </p>
   </div>
   <div class='ocr_carea' id='block_1_112' title="bbox 2145 5059 3746 5135">
    <p class='ocr_par' dir='ltr' id='par_1_112' title="bbox 2145 5059 3746 5135">
     <span class='ocr_line' id='line_1_112' title="bbox 2145 5059 3746 5135; baseline 0.002 -23"><span class='ocrx_word' id='word_1_817' title='bbox 2145 5059 2458 5124; x_wconf 85' lang='grc' dir='ltr'>εὑσθενείας</span> <span class='ocrx_word' id='word_1_818' title='bbox 2490 5060 2580 5114; x_wconf 76' lang='grc' dir='ltr'>τὸν</span> <span class='ocrx_word' id='word_1_819' title='bbox 2611 5061 2843 5116; x_wconf 79' lang='grc' dir='ltr'>πλοῦτον</span> <span class='ocrx_word' id='word_1_820' title='bbox 2869 5064 2970 5118; x_wconf 88' lang='grc' dir='ltr'><strong>οὑκ</strong></span> <span class='ocrx_word' id='word_1_821' title='bbox 3004 5064 3241 5135; x_wconf 77' lang='grc' dir='ltr'>ἔχοντες,</span> <span class='ocrx_word' id='word_1_822' title='bbox 3271 5069 3383 5130; x_wconf 86' lang='grc' dir='ltr'>τοῖς</span> <span class='ocrx_word' id='word_1_823' title='bbox 3415 5066 3526 5120; x_wconf 90' lang='grc' dir='ltr'><strong>τῶν</strong></span> <span class='ocrx_word' id='word_1_824' title='bbox 3559 5064 3746 5118; x_wconf 76' lang='grc' dir='ltr'>παθῶν</span> 
     </span>
    </p>
   </div>
   <div class='ocr_carea' id='block_1_113' title="bbox 2146 5151 3742 5229">
    <p class='ocr_par' dir='ltr' id='par_1_113' title="bbox 2146 5151 3742 5229">
     <span class='ocr_line' id='line_1_113' title="bbox 2146 5151 3742 5229; baseline 0.004 -27"><span class='ocrx_word' id='word_1_825' title='bbox 2146 5151 2475 5221; x_wconf 84' lang='grc' dir='ltr'>προσϐολαῖς</span> <span class='ocrx_word' id='word_1_826' title='bbox 2515 5153 2911 5227; x_wconf 80' lang='grc' dir='ltr'>εὑδιάθρυπτον</span> <span class='ocrx_word' id='word_1_827' title='bbox 2946 5155 3130 5228; x_wconf 79' lang='grc' dir='ltr'>ἔχουσι</span> <span class='ocrx_word' id='word_1_828' title='bbox 3164 5156 3264 5229; x_wconf 77' lang='grc' dir='ltr'>τὴν</span> <span class='ocrx_word' id='word_1_829' title='bbox 3295 5157 3543 5228; x_wconf 82' lang='grc' dir='ltr'>καρδίαν.</span> <span class='ocrx_word' id='word_1_830' title='bbox 3580 5153 3742 5211; x_wconf 50' lang='lat' dir='ltr'><strong>Ala-stt</strong></span> 
     </span>
    </p>
   </div>
   <div class='ocr_carea' id='block_1_114' title="bbox 2151 5239 3734 5322">
    <p class='ocr_par' dir='ltr' id='par_1_114' title="bbox 2151 5239 3734 5322">
     <span class='ocr_line' id='line_1_114' title="bbox 2151 5239 3734 5322; baseline 0.003 -26"><span class='ocrx_word' id='word_1_831' title='bbox 2151 5243 2215 5314; x_wconf 84' lang='grc' dir='ltr'>δὴ</span> <span class='ocrx_word' id='word_1_832' title='bbox 2260 5239 2352 5297; x_wconf 75' lang='grc' dir='ltr'>οὖν</span> <span class='ocrx_word' id='word_1_833' title='bbox 2404 5247 2461 5298; x_wconf 82' lang='grc' dir='ltr'>αἱ</span> <span class='ocrx_word' id='word_1_834' title='bbox 2519 5245 2778 5317; x_wconf 87' lang='grc' dir='ltr'>δαμάλεις</span> <span class='ocrx_word' id='word_1_835' title='bbox 2834 5247 3050 5318; x_wconf 85' lang='grc' dir='ltr'>λέγουσι</span> <span class='ocrx_word' id='word_1_836' title='bbox 3101 5252 3215 5313; x_wconf 88' lang='grc' dir='ltr'>τοῖς</span> <span class='ocrx_word' id='word_1_837' title='bbox 3268 5251 3483 5322; x_wconf 82' lang='grc' dir='ltr'>κυρίοις</span> <span class='ocrx_word' id='word_1_838' title='bbox 3510 5250 3690 5304; x_wconf 84' lang='grc' dir='ltr'>αὐτῶν</span> <span class='ocrx_word' id='word_1_839' title='bbox 3719 5261 3734 5277; x_wconf 80' lang='grc'><strong>⁸</strong></span> 
     </span>
    </p>
   </div>
   <div class='ocr_carea' id='block_1_115' title="bbox 2160 5337 3743 5414">
    <p class='ocr_par' dir='ltr' id='par_1_115' title="bbox 2160 5337 3743 5414">
     <span class='ocr_line' id='line_1_115' title="bbox 2160 5337 3743 5414; baseline 0.006 -27"><span class='ocrx_word' id='word_1_840' title='bbox 2160 5355 2178 5387; x_wconf 75' lang='grc' dir='ltr'><strong>ι</strong></span> <span class='ocrx_word' id='word_1_841' title='bbox 2205 5337 2448 5390; x_wconf 85' lang='grc' dir='ltr'>Ἐπίδοτε</span> <span class='ocrx_word' id='word_1_842' title='bbox 2484 5341 2614 5408; x_wconf 81' lang='grc' dir='ltr'>ἡμῖν</span> <span class='ocrx_word' id='word_1_843' title='bbox 2637 5340 2786 5404; x_wconf 84' lang='grc' dir='ltr'>ὃπως</span> <span class='ocrx_word' id='word_1_844' title='bbox 2815 5341 3048 5412; x_wconf 86' lang='grc' dir='ltr'>πίωμεν.</span> <span class='ocrx_word' id='word_1_845' title='bbox 3079 5361 3098 5394; x_wconf 79' lang='grc' dir='ltr'><strong>ι</strong></span> <span class='ocrx_word' id='word_1_846' title='bbox 3154 5342 3608 5414; x_wconf 75' lang='grc' dir='ltr'>Περιανδρίζεται</span> <span class='ocrx_word' id='word_1_847' title='bbox 3638 5342 3743 5412; x_wconf 71' lang='grc' dir='ltr'><strong>γὰρ</strong></span> 
     </span>
    </p>
   </div>
   <div class='ocr_carea' id='block_1_116' title="bbox 2157 5423 3743 5504">
    <p class='ocr_par' dir='ltr' id='par_1_116' title="bbox 2157 5423 3743 5504">
     <span class='ocr_line' id='line_1_116' title="bbox 2157 5423 3743 5504; baseline 0.003 -25"><span class='ocrx_word' id='word_1_848' title='bbox 2157 5426 2244 5479; x_wconf 78' lang='grc' dir='ltr'><strong>ἀεὶ</strong></span> <span class='ocrx_word' id='word_1_849' title='bbox 2280 5427 2348 5480; x_wconf 78' lang='grc' dir='ltr'>τὰ</span> <span class='ocrx_word' id='word_1_850' title='bbox 2390 5429 2499 5482; x_wconf 90' lang='grc' dir='ltr'><strong>τῶν</strong></span> <span class='ocrx_word' id='word_1_851' title='bbox 2555 5429 2795 5498; x_wconf 83' lang='grc' dir='ltr'>γυναίων</span> <span class='ocrx_word' id='word_1_852' title='bbox 2849 5431 3267 5502; x_wconf 66' lang='grc' dir='ltr'>ἐταιριζόμενα,</span> <span class='ocrx_word' id='word_1_853' title='bbox 3315 5433 3410 5487; x_wconf 75' lang='grc' dir='ltr'><strong>καὶ</strong></span> <span class='ocrx_word' id='word_1_854' title='bbox 3461 5423 3743 5504; x_wconf 83' lang='grc' dir='ltr'>βλακείαις</span> 
     </span>
    </p>
   </div>
   <div class='ocr_carea' id='block_1_117' title="bbox 2155 5519 3744 5594">
    <p class='ocr_par' dir='ltr' id='par_1_117' title="bbox 2155 5519 3744 5594">
     <span class='ocr_line' id='line_1_117' title="bbox 2155 5519 3744 5594; baseline 0.008 -24"><span class='ocrx_word' id='word_1_855' title='bbox 2155 5519 2278 5582; x_wconf 86' lang='grc' dir='ltr'>ταῖς</span> <span class='ocrx_word' id='word_1_856' title='bbox 2302 5519 2442 5588; x_wconf 79' lang='grc' dir='ltr'>ἄγαν</span> <span class='ocrx_word' id='word_1_857' title='bbox 2475 5523 2760 5593; x_wconf 75' lang='grc' dir='ltr'>μονονουχὶ</span> <span class='ocrx_word' id='word_1_858' title='bbox 2808 5523 2903 5576; x_wconf 73' lang='grc' dir='ltr'><strong>καὶ</strong></span> <span class='ocrx_word' id='word_1_859' title='bbox 2933 5522 3318 5578; x_wconf 84' lang='grc' dir='ltr'>ἀποκτείνουσι</span> <span class='ocrx_word' id='word_1_860' title='bbox 3365 5526 3493 5588; x_wconf 80' lang='grc' dir='ltr'>τοὺς</span> <span class='ocrx_word' id='word_1_861' title='bbox 3537 5541 3744 5594; x_wconf 69' lang='grc' dir='ltr'>συνηρ-</span> 
     </span>
    </p>
   </div>
   <div class='ocr_carea' id='block_1_118' title="bbox 2162 5610 3742 5686">
    <p class='ocr_par' dir='ltr' id='par_1_118' title="bbox 2162 5610 3742 5686">
     <span class='ocr_line' id='line_1_118' title="bbox 2162 5610 3742 5686; baseline 0.004 -23"><span class='ocrx_word' id='word_1_862' title='bbox 2162 5611 2494 5682; x_wconf 87' lang='grc' dir='ltr'>πασμένους.</span> <span class='ocrx_word' id='word_1_863' title='bbox 2534 5615 2654 5670; x_wconf 81' lang='grc' dir='ltr'><strong>Κᾶν</strong></span> <span class='ocrx_word' id='word_1_864' title='bbox 2688 5615 2733 5668; x_wconf 75' lang='grc' dir='ltr'>εἰ</span> <span class='ocrx_word' id='word_1_865' title='bbox 2765 5614 3026 5680; x_wconf 77' lang='grc' dir='ltr'>δεσπότας</span> <span class='ocrx_word' id='word_1_866' title='bbox 3049 5614 3224 5686; x_wconf 68' lang='grc' dir='ltr'>ἔχοιεν</span> <span class='ocrx_word' id='word_1_867' title='bbox 3255 5617 3470 5686; x_wconf 78' lang='grc' dir='ltr'>αὐτοὺς,</span> <span class='ocrx_word' id='word_1_868' title='bbox 3501 5615 3618 5672; x_wconf 82' lang='grc' dir='ltr'>ἀλλ’</span> <span class='ocrx_word' id='word_1_869' title='bbox 3647 5610 3742 5671; x_wconf 75' lang='grc' dir='ltr'><strong>οὖν</strong></span> 
     </span>
    </p>
   </div>
  </div>
