  <div class='ocr_page' id='page_1' title='image "/cluster/home/n/w/nwhite01/storage/ocr_20150623/71/mdp.39015078384461/252.png"; bbox 0 0 4054 6274; ppageno 0'>
   <div class='ocr_carea' id='block_1_1' title="bbox 308 373 417 429">
    <p class='ocr_par' dir='ltr' id='par_1_1' title="bbox 308 373 417 429">
     <span class='ocr_line' id='line_1_1' title="bbox 308 373 417 429; baseline -0.009 -1"><span class='ocrx_word' id='word_1_1' title='bbox 308 373 417 429; x_wconf 68' lang='grc' dir='ltr'><strong>ΓΠ</strong></span> 
     </span>
    </p>
   </div>
   <div class='ocr_carea' id='block_1_2' title="bbox 1273 381 2646 452">
    <p class='ocr_par' dir='ltr' id='par_1_2' title="bbox 1273 381 2646 452">
     <span class='ocr_line' id='line_1_2' title="bbox 1273 381 2646 452; baseline 0.011 -16"><span class='ocrx_word' id='word_1_2' title='bbox 1273 381 1822 443; x_wconf 78' lang='lat' dir='ltr'><strong>COMMENTARIUS</strong></span> <span class='ocrx_word' id='word_1_3' title='bbox 1864 387 1931 442; x_wconf 83' lang='lat' dir='ltr'><strong>IN</strong></span> <span class='ocrx_word' id='word_1_4' title='bbox 1972 389 2161 446; x_wconf 83' lang='lat' dir='ltr'><strong>AMOS</strong></span> <span class='ocrx_word' id='word_1_5' title='bbox 2196 390 2646 452; x_wconf 72' lang='lat' dir='ltr'><strong>PROPHETAM.</strong></span> 
     </span>
    </p>
   </div>
   <div class='ocr_carea' id='block_1_3' title="bbox 3455 401 3562 458">
    <p class='ocr_par' dir='ltr' id='par_1_3' title="bbox 3455 401 3562 458">
     <span class='ocr_line' id='line_1_3' title="bbox 3455 401 3562 458; baseline 0.019 -3"><span class='ocrx_word' id='word_1_6' title='bbox 3455 401 3562 458; x_wconf 76' lang='grc'><strong>473</strong></span> 
     </span>
    </p>
   </div>
   <div class='ocr_carea' id='block_1_4' title="bbox 310 486 1869 590">
    <p class='ocr_par' dir='ltr' id='par_1_4' title="bbox 310 486 1869 570">
     <span class='ocr_line' id='line_1_4' title="bbox 310 486 1869 570; baseline 0.009 -32"><span class='ocrx_word' id='word_1_7' title='bbox 310 486 556 557; x_wconf 79' lang='grc' dir='ltr'>ἐρῶντας</span> <span class='ocrx_word' id='word_1_8' title='bbox 579 489 696 551; x_wconf 83' lang='grc' dir='ltr'>ταῖς</span> <span class='ocrx_word' id='word_1_9' title='bbox 721 487 1078 558; x_wconf 78' lang='grc' dir='ltr'><strong>ἡδυπαθείαις</strong></span> <span class='ocrx_word' id='word_1_10' title='bbox 1112 493 1586 570; x_wconf 79' lang='grc' dir='ltr'>ὑπεστρωμένους,</span> <span class='ocrx_word' id='word_1_11' title='bbox 1619 501 1682 556; x_wconf 80' lang='grc' dir='ltr'>τὸ</span> <span class='ocrx_word' id='word_1_12' title='bbox 1708 503 1869 557; x_wconf 82' lang='grc' dir='ltr'>αὑτοῖ.</span> 
     </span>
    </p>
   </div>
   <div class='ocr_carea' id='block_1_5' title="bbox 1971 486 3563 590">
    <p class='ocr_par' dir='ltr' id='par_1_5' title="bbox 1993 508 3563 590">
     <span class='ocr_line' id='line_1_5' title="bbox 1993 508 3563 590; baseline 0.008 -30"><span class='ocrx_word' id='word_1_13' title='bbox 1993 508 2158 563; x_wconf 90' lang='lat' dir='ltr'><strong>armis</strong></span> <span class='ocrx_word' id='word_1_14' title='bbox 2187 509 2395 577; x_wconf 89' lang='lat' dir='ltr'><strong>tollent,</strong></span> <span class='ocrx_word' id='word_1_15' title='bbox 2445 527 2466 564; x_wconf 70' lang='grc' dir='ltr'><strong>ι</strong></span> <span class='ocrx_word' id='word_1_16' title='bbox 2501 526 2606 566; x_wconf 85' lang='grc' dir='ltr'><strong>ηοη</strong></span> <span class='ocrx_word' id='word_1_17' title='bbox 2661 519 2722 567; x_wconf 87' lang='lat' dir='ltr'><strong>nt</strong></span> <span class='ocrx_word' id='word_1_18' title='bbox 2790 520 3078 590; x_wconf 76' lang='lat' dir='ltr'><strong>amatores,</strong></span> <span class='ocrx_word' id='word_1_19' title='bbox 3139 513 3229 584; x_wconf 91' lang='lat' dir='ltr'><strong>qui</strong></span> <span class='ocrx_word' id='word_1_20' title='bbox 3281 514 3563 573; x_wconf 78' lang='lat' dir='ltr'><strong>adulantes</strong></span> 
     </span>
    </p>
   </div>
   <div class='ocr_carea' id='block_1_6' title="bbox 312 576 1888 653">
    <p class='ocr_par' dir='ltr' id='par_1_6' title="bbox 312 576 1888 653">
     <span class='ocr_line' id='line_1_6' title="bbox 312 576 1888 653; baseline 0.011 -23"><span class='ocrx_word' id='word_1_21' title='bbox 312 576 397 630; x_wconf 85' lang='grc' dir='ltr'>ὅτι</span> <span class='ocrx_word' id='word_1_22' title='bbox 435 577 665 648; x_wconf 87' lang='grc' dir='ltr'>μάλιστα</span> <span class='ocrx_word' id='word_1_23' title='bbox 727 577 919 632; x_wconf 80' lang='grc' dir='ltr'><strong>δοκοῦν</strong></span> <span class='ocrx_word' id='word_1_24' title='bbox 972 583 1212 653; x_wconf 77' lang='grc' dir='ltr'><strong>πληροῦν</strong></span> <span class='ocrx_word' id='word_1_25' title='bbox 1281 587 1690 645; x_wconf 79' lang='grc' dir='ltr'><strong>ἀναπείθουσιν.</strong></span> <span class='ocrx_word' id='word_1_26' title='bbox 1747 592 1888 646; x_wconf 83' lang='grc' dir='ltr'>Ἀλλ’</span> 
     </span>
    </p>
   </div>
   <div class='ocr_carea' id='block_1_7' title="bbox 317 667 1879 752">
    <p class='ocr_par' dir='ltr' id='par_1_7' title="bbox 317 667 1879 752">
     <span class='ocr_line' id='line_1_7' title="bbox 317 667 1879 752; baseline 0.011 -33"><span class='ocrx_word' id='word_1_27' title='bbox 317 668 460 738; x_wconf 78' lang='grc' dir='ltr'>ὑμᾶς</span> <span class='ocrx_word' id='word_1_28' title='bbox 485 669 604 740; x_wconf 79' lang='grc' dir='ltr'>μὲν,</span> <span class='ocrx_word' id='word_1_29' title='bbox 639 670 824 740; x_wconf 75' lang='grc' dir='ltr'>φησὶν,</span> <span class='ocrx_word' id='word_1_30' title='bbox 847 667 943 724; x_wconf 64' lang='grc' dir='ltr'><strong>(τί)</strong></span> <span class='ocrx_word' id='word_1_31' title='bbox 964 673 1244 744; x_wconf 78' lang='grc' dir='ltr'><strong>δαμάλεις,</strong></span> <span class='ocrx_word' id='word_1_32' title='bbox 1267 679 1325 730; x_wconf 89' lang='grc' dir='ltr'><strong>ἐν</strong></span> <span class='ocrx_word' id='word_1_33' title='bbox 1353 679 1538 744; x_wconf 85' lang='grc' dir='ltr'>ὅπλοις</span> <span class='ocrx_word' id='word_1_34' title='bbox 1563 681 1879 752; x_wconf 57' lang='lat' dir='ltr'><strong>ltiti/aveat,»</strong></span> 
     </span>
    </p>
   </div>
   <div class='ocr_carea' id='block_1_8' title="bbox 314 761 1889 838">
    <p class='ocr_par' dir='ltr' id='par_1_8' title="bbox 314 761 1889 838">
     <span class='ocr_line' id='line_1_8' title="bbox 314 761 1889 838; baseline 0.01 -25"><span class='ocrx_word' id='word_1_35' title='bbox 314 761 415 814; x_wconf 83' lang='grc' dir='ltr'><strong>οὐκ</strong></span> <span class='ocrx_word' id='word_1_36' title='bbox 435 763 490 813; x_wconf 90' lang='grc' dir='ltr'><strong>ἐν</strong></span> <span class='ocrx_word' id='word_1_37' title='bbox 511 761 660 827; x_wconf 84' lang='grc' dir='ltr'>τάξει</span> <span class='ocrx_word' id='word_1_38' title='bbox 689 761 796 814; x_wconf 85' lang='grc' dir='ltr'><strong>τῶν</strong></span> <span class='ocrx_word' id='word_1_39' title='bbox 823 762 1072 833; x_wconf 79' lang='grc' dir='ltr'><strong>ἐρώντων</strong></span> <span class='ocrx_word' id='word_1_40' title='bbox 1101 769 1402 835; x_wconf 81' lang='grc' dir='ltr'><strong>γεγονότες,</strong></span> <span class='ocrx_word' id='word_1_41' title='bbox 1426 771 1476 824; x_wconf 85' lang='grc' dir='ltr'>οἳ</span> <span class='ocrx_word' id='word_1_42' title='bbox 1504 772 1889 838; x_wconf 85' lang='grc' dir='ltr'>κολακεύοντες</span> 
     </span>
    </p>
   </div>
   <div class='ocr_carea' id='block_1_9' title="bbox 313 851 1889 933">
    <p class='ocr_par' dir='ltr' id='par_1_9' title="bbox 313 851 1889 933">
     <span class='ocr_line' id='line_1_9' title="bbox 313 851 1889 933; baseline 0.009 -29"><span class='ocrx_word' id='word_1_43' title='bbox 313 851 689 915; x_wconf 74' lang='grc' dir='ltr'><strong>ἀναπείθουσι,</strong></span> <span class='ocrx_word' id='word_1_44' title='bbox 742 854 836 905; x_wconf 79' lang='grc' dir='ltr'>καὶ</span> <span class='ocrx_word' id='word_1_45' title='bbox 869 854 1312 929; x_wconf 78' lang='grc' dir='ltr'>ὑποκοριζόμενοι</span> <span class='ocrx_word' id='word_1_46' title='bbox 1362 861 1744 933; x_wconf 82' lang='grc' dir='ltr'>θεραπεύουσι,</span> <span class='ocrx_word' id='word_1_47' title='bbox 1798 865 1889 918; x_wconf 87' lang='grc' dir='ltr'><strong>διά</strong></span> 
     </span>
    </p>
   </div>
   <div class='ocr_carea' id='block_1_10' title="bbox 307 942 1885 1024">
    <p class='ocr_par' dir='ltr' id='par_1_10' title="bbox 307 942 1885 1024">
     <span class='ocr_line' id='line_1_10' title="bbox 307 942 1885 1024; baseline 0.011 -33"><span class='ocrx_word' id='word_1_48' title='bbox 307 957 390 992; x_wconf 82' lang='grc' dir='ltr'><strong>τοι</strong></span> <span class='ocrx_word' id='word_1_49' title='bbox 444 942 504 994; x_wconf 69' lang='grc' dir='ltr'>τὸ</span> <span class='ocrx_word' id='word_1_50' title='bbox 550 942 670 996; x_wconf 91' lang='grc' dir='ltr'>λίαν</span> <span class='ocrx_word' id='word_1_51' title='bbox 709 944 972 1014; x_wconf 77' lang='grc' dir='ltr'>ἡττῆσθαι</span> <span class='ocrx_word' id='word_1_52' title='bbox 1025 945 1126 1017; x_wconf 89' lang='grc' dir='ltr'><strong>τῆς</strong></span> <span class='ocrx_word' id='word_1_53' title='bbox 1180 950 1260 1013; x_wconf 85' lang='grc' dir='ltr'><strong>είς</strong></span> <span class='ocrx_word' id='word_1_54' title='bbox 1310 951 1454 1022; x_wconf 75' lang='grc' dir='ltr'>ὑμᾶς</span> <span class='ocrx_word' id='word_1_55' title='bbox 1503 954 1714 1024; x_wconf 79' lang='grc' dir='ltr'>ἡδονῆς,</span> <span class='ocrx_word' id='word_1_56' title='bbox 1765 954 1885 1008; x_wconf 88' lang='grc' dir='ltr'>ἀλλ’</span> 
     </span>
    </p>
   </div>
   <div class='ocr_carea' id='block_1_11' title="bbox 307 1029 1884 1114">
    <p class='ocr_par' dir='ltr' id='par_1_11' title="bbox 307 1029 1884 1114">
     <span class='ocr_line' id='line_1_11' title="bbox 307 1029 1884 1114; baseline 0.012 -34"><span class='ocrx_word' id='word_1_57' title='bbox 307 1029 500 1098; x_wconf 82' lang='grc' dir='ltr'><strong>ὠμῶς,</strong></span> <span class='ocrx_word' id='word_1_58' title='bbox 548 1033 642 1086; x_wconf 75' lang='grc' dir='ltr'><strong>καὶ</strong></span> <span class='ocrx_word' id='word_1_59' title='bbox 674 1034 902 1100; x_wconf 82' lang='grc' dir='ltr'><strong>ἀγρίως,</strong></span> <span class='ocrx_word' id='word_1_60' title='bbox 940 1039 1034 1092; x_wconf 77' lang='grc' dir='ltr'><strong>καὶ</strong></span> <span class='ocrx_word' id='word_1_61' title='bbox 1062 1037 1210 1110; x_wconf 86' lang='grc' dir='ltr'>νόμῳ</span> <span class='ocrx_word' id='word_1_62' title='bbox 1249 1041 1522 1114; x_wconf 83' lang='grc' dir='ltr'>πολέμου,</span> <span class='ocrx_word' id='word_1_63' title='bbox 1559 1045 1654 1098; x_wconf 71' lang='grc' dir='ltr'>καὶ</span> <span class='ocrx_word' id='word_1_64' title='bbox 1687 1044 1884 1108; x_wconf 84' lang='grc' dir='ltr'>αὐτοὺς</span> 
     </span>
    </p>
   </div>
   <div class='ocr_carea' id='block_1_12' title="bbox 304 1119 1884 1205">
    <p class='ocr_par' dir='ltr' id='par_1_12' title="bbox 304 1119 1884 1205">
     <span class='ocr_line' id='line_1_12' title="bbox 304 1119 1884 1205; baseline 0.011 -34"><span class='ocrx_word' id='word_1_65' title='bbox 304 1119 358 1172; x_wconf 78' lang='grc' dir='ltr'>δὲ</span> <span class='ocrx_word' id='word_1_66' title='bbox 382 1122 506 1184; x_wconf 80' lang='grc' dir='ltr'>τοὺς</span> <span class='ocrx_word' id='word_1_67' title='bbox 540 1124 660 1192; x_wconf 80' lang='grc' dir='ltr'>μεθ’</span> <span class='ocrx_word' id='word_1_68' title='bbox 691 1125 846 1193; x_wconf 88' lang='grc' dir='ltr'>ὑμῶν</span> <span class='ocrx_word' id='word_1_69' title='bbox 869 1128 995 1192; x_wconf 83' lang='grc' dir='ltr'>τοὺς</span> <span class='ocrx_word' id='word_1_70' title='bbox 1042 1131 1364 1200; x_wconf 77' lang='grc' dir='ltr'>τρυφῶντας</span> <span class='ocrx_word' id='word_1_71' title='bbox 1405 1134 1638 1204; x_wconf 84' lang='grc' dir='ltr'>ἐραστάς</span> <span class='ocrx_word' id='word_1_72' title='bbox 1674 1152 1884 1205; x_wconf 84' lang='grc' dir='ltr'>κατεμ-</span> 
     </span>
    </p>
   </div>
   <div class='ocr_carea' id='block_1_13' title="bbox 1997 600 3560 672">
    <p class='ocr_par' dir='ltr' id='par_1_13' title="bbox 1997 600 3560 672">
     <span class='ocr_line' id='line_1_13' title="bbox 1997 600 3560 672; baseline 0.006 -19"><span class='ocrx_word' id='word_1_73' title='bbox 1997 600 2338 668; x_wconf 86' lang='lat' dir='ltr'><strong>persuadent,</strong></span> <span class='ocrx_word' id='word_1_74' title='bbox 2359 601 2451 670; x_wconf 91' lang='lat' dir='ltr'><strong>qui</strong></span> <span class='ocrx_word' id='word_1_75' title='bbox 2492 603 2653 658; x_wconf 86' lang='lat' dir='ltr'><strong>rebus</strong></span> <span class='ocrx_word' id='word_1_76' title='bbox 2686 616 2876 672; x_wconf 88' lang='lat' dir='ltr'><strong>parum</strong></span> <span class='ocrx_word' id='word_1_77' title='bbox 2928 603 3169 661; x_wconf 77' lang='lat' dir='ltr'><strong>honestis</strong></span> <span class='ocrx_word' id='word_1_78' title='bbox 3209 606 3430 660; x_wconf 87' lang='lat' dir='ltr'><strong>honesta</strong></span> <span class='ocrx_word' id='word_1_79' title='bbox 3463 623 3560 662; x_wconf 82' lang='lat' dir='ltr'><strong>no-</strong></span> 
     </span>
    </p>
   </div>
   <div class='ocr_carea' id='block_1_14' title="bbox 1990 689 3558 768">
    <p class='ocr_par' dir='ltr' id='par_1_14' title="bbox 1990 689 3558 768">
     <span class='ocr_line' id='line_1_14' title="bbox 1990 689 3558 768; baseline 0.007 -25"><span class='ocrx_word' id='word_1_80' title='bbox 1990 689 2135 744; x_wconf 89' lang='lat' dir='ltr'><strong>mina</strong></span> <span class='ocrx_word' id='word_1_81' title='bbox 2191 700 2552 760; x_wconf 74' lang='lat' dir='ltr'><strong>praetexentes</strong></span> <span class='ocrx_word' id='word_1_82' title='bbox 2618 692 3029 762; x_wconf 89' lang='lat' dir='ltr'><strong>obsequuntur,</strong></span> <span class='ocrx_word' id='word_1_83' title='bbox 3097 697 3238 764; x_wconf 91' lang='lat' dir='ltr'><strong>quod</strong></span> <span class='ocrx_word' id='word_1_84' title='bbox 3298 698 3558 768; x_wconf 73' lang='lat' dir='ltr'><strong>voluptati</strong></span> 
     </span>
    </p>
   </div>
   <div class='ocr_carea' id='block_1_15' title="bbox 1987 780 3559 852">
    <p class='ocr_par' dir='ltr' id='par_1_15' title="bbox 1987 780 3559 852">
     <span class='ocr_line' id='line_1_15' title="bbox 1987 780 3559 852; baseline 0.004 -19"><span class='ocrx_word' id='word_1_85' title='bbox 1987 794 2150 848; x_wconf 87' lang='lat' dir='ltr'><strong>quam</strong></span> <span class='ocrx_word' id='word_1_86' title='bbox 2186 795 2216 833; x_wconf 93' lang='lat' dir='ltr'><strong>e</strong></span> <span class='ocrx_word' id='word_1_87' title='bbox 2237 780 2390 836; x_wconf 89' lang='lat' dir='ltr'><strong>vobis</strong></span> <span class='ocrx_word' id='word_1_88' title='bbox 2419 781 2664 850; x_wconf 90' lang='lat' dir='ltr'><strong>capiunt,</strong></span> <span class='ocrx_word' id='word_1_89' title='bbox 2707 782 3058 838; x_wconf 82' lang='lat' dir='ltr'><strong>vehementer</strong></span> <span class='ocrx_word' id='word_1_90' title='bbox 3090 785 3420 852; x_wconf 82' lang='lat' dir='ltr'><strong>inserviant;</strong></span> <span class='ocrx_word' id='word_1_91' title='bbox 3463 787 3559 841; x_wconf 90' lang='lat' dir='ltr'><strong>sed</strong></span> 
     </span>
    </p>
   </div>
   <div class='ocr_carea' id='block_1_16' title="bbox 1987 863 3560 940">
    <p class='ocr_par' dir='ltr' id='par_1_16' title="bbox 1987 863 3560 940">
     <span class='ocr_line' id='line_1_16' title="bbox 1987 863 3560 940; baseline 0.006 -24"><span class='ocrx_word' id='word_1_92' title='bbox 1987 863 2282 918; x_wconf 84' lang='lat' dir='ltr'><strong>crudeliter</strong></span> <span class='ocrx_word' id='word_1_93' title='bbox 2306 878 2369 918; x_wconf 91' lang='lat' dir='ltr'><strong>ac</strong></span> <span class='ocrx_word' id='word_1_94' title='bbox 2390 863 2672 929; x_wconf 81' lang='lat' dir='ltr'><strong>ferociter,</strong></span> <span class='ocrx_word' id='word_1_95' title='bbox 2701 875 2758 920; x_wconf 89' lang='lat' dir='ltr'><strong>et</strong></span> <span class='ocrx_word' id='word_1_96' title='bbox 2790 865 2906 936; x_wconf 80' lang='lat' dir='ltr'><strong>lege</strong></span> <span class='ocrx_word' id='word_1_97' title='bbox 2935 868 3129 924; x_wconf 88' lang='lat' dir='ltr'><strong>bellica</strong></span> <span class='ocrx_word' id='word_1_98' title='bbox 3168 871 3316 940; x_wconf 88' lang='lat' dir='ltr'><strong>ipsos</strong></span> <span class='ocrx_word' id='word_1_99' title='bbox 3345 883 3560 939; x_wconf 80' lang='lat' dir='ltr'><strong>quoque</strong></span> 
     </span>
    </p>
   </div>
   <div class='ocr_carea' id='block_1_17' title="bbox 1989 951 3552 1014">
    <p class='ocr_par' dir='ltr' id='par_1_17' title="bbox 1989 951 3552 1014">
     <span class='ocr_line' id='line_1_17' title="bbox 1989 951 3552 1014; baseline 0.004 -8"><span class='ocrx_word' id='word_1_100' title='bbox 1989 951 2264 1007; x_wconf 76' lang='lat' dir='ltr'><strong>vobiscum</strong></span> <span class='ocrx_word' id='word_1_101' title='bbox 2324 953 2656 1008; x_wconf 88' lang='lat' dir='ltr'><strong>colludentes</strong></span> <span class='ocrx_word' id='word_1_102' title='bbox 2705 964 2978 1010; x_wconf 84' lang='lat' dir='ltr'><strong>amatores</strong></span> <span class='ocrx_word' id='word_1_103' title='bbox 3029 960 3280 1013; x_wconf 76' lang='lat' dir='ltr'><strong>vendent.</strong></span> <span class='ocrx_word' id='word_1_104' title='bbox 3324 959 3552 1014; x_wconf 65' lang='lat' dir='ltr'><strong>Nudata:</strong></span> 
     </span>
    </p>
   </div>
   <div class='ocr_carea' id='block_1_18' title="bbox 1988 1043 3560 1113">
    <p class='ocr_par' dir='ltr' id='par_1_18' title="bbox 1988 1043 3560 1113">
     <span class='ocr_line' id='line_1_18' title="bbox 1988 1043 3560 1113; baseline 0.006 -16"><span class='ocrx_word' id='word_1_105' title='bbox 1988 1051 2164 1098; x_wconf 90' lang='lat' dir='ltr'><strong>autem</strong></span> <span class='ocrx_word' id='word_1_106' title='bbox 2197 1057 2292 1098; x_wconf 91' lang='lat' dir='ltr'><strong>vos</strong></span> <span class='ocrx_word' id='word_1_107' title='bbox 2331 1045 2526 1113; x_wconf 86' lang='lat' dir='ltr'><strong>ineptis</strong></span> <span class='ocrx_word' id='word_1_108' title='bbox 2553 1043 2656 1100; x_wconf 81' lang='lat' dir='ltr'><strong>illis</strong></span> <span class='ocrx_word' id='word_1_109' title='bbox 2692 1043 2950 1111; x_wconf 87' lang='lat' dir='ltr'><strong>cultibus,</strong></span> <span class='ocrx_word' id='word_1_110' title='bbox 2988 1047 3041 1101; x_wconf 92' lang='lat' dir='ltr'><strong>in</strong></span> <span class='ocrx_word' id='word_1_111' title='bbox 3079 1057 3316 1103; x_wconf 83' lang='lat' dir='ltr'><strong>montem</strong></span> <span class='ocrx_word' id='word_1_112' title='bbox 3352 1046 3560 1106; x_wconf 77' lang='lat' dir='ltr'><strong>Rhem-</strong></span> 
     </span>
    </p>
   </div>
   <div class='ocr_carea' id='block_1_19' title="bbox 1989 1133 2465 1190">
    <p class='ocr_par' dir='ltr' id='par_1_19' title="bbox 1989 1133 2465 1190">
     <span class='ocr_line' id='line_1_19' title="bbox 1989 1133 2465 1190; baseline 0.004 -3"><span class='ocrx_word' id='word_1_113' title='bbox 1989 1149 2093 1188; x_wconf 91' lang='lat' dir='ltr'><strong>nan</strong></span> <span class='ocrx_word' id='word_1_114' title='bbox 2122 1133 2465 1190; x_wconf 87' lang='lat' dir='ltr'><strong>auferemini.</strong></span> 
     </span>
    </p>
   </div>
   <div class='ocr_carea' id='block_1_20' title="bbox 304 1217 3549 1302">
    <p class='ocr_par' dir='ltr' id='par_1_20' title="bbox 304 1217 3549 1302">
     <span class='ocr_line' id='line_1_20' title="bbox 304 1217 3549 1302; baseline 0.006 -36"><span class='ocrx_word' id='word_1_115' title='bbox 304 1217 608 1289; x_wconf 84' lang='grc' dir='ltr'>πορίσουσι.</span> <span class='ocrx_word' id='word_1_116' title='bbox 655 1221 866 1292; x_wconf 79' lang='grc' dir='ltr'>Γυμναὶ</span> <span class='ocrx_word' id='word_1_117' title='bbox 903 1223 959 1276; x_wconf 85' lang='grc' dir='ltr'>δὲ</span> <span class='ocrx_word' id='word_1_118' title='bbox 997 1224 1154 1296; x_wconf 80' lang='grc' dir='ltr'>ὑμεῖς</span> <span class='ocrx_word' id='word_1_119' title='bbox 1205 1226 1315 1281; x_wconf 86' lang='grc' dir='ltr'><strong>τῶν</strong></span> <span class='ocrx_word' id='word_1_120' title='bbox 1381 1228 1628 1284; x_wconf 82' lang='grc' dir='ltr'>ἐκτόπων</span> <span class='ocrx_word' id='word_1_121' title='bbox 1674 1229 1898 1284; x_wconf 80' lang='grc' dir='ltr'>ἐκείνων</span> <span class='ocrx_word' id='word_1_122' title='bbox 1966 1227 2298 1300; x_wconf 77' lang='grc' dir='ltr'>ὠραϊσμῶν,</span> <span class='ocrx_word' id='word_1_123' title='bbox 2343 1229 2423 1292; x_wconf 85' lang='grc' dir='ltr'><strong>εἰς</strong></span> <span class='ocrx_word' id='word_1_124' title='bbox 2467 1229 2529 1283; x_wconf 77' lang='grc' dir='ltr'>τὸ</span> <span class='ocrx_word' id='word_1_125' title='bbox 2589 1229 2716 1302; x_wconf 74' lang='grc' dir='ltr'>ὅρος</span> <span class='ocrx_word' id='word_1_126' title='bbox 2767 1230 2832 1285; x_wconf 75' lang='grc' dir='ltr'>τὸ</span> <span class='ocrx_word' id='word_1_127' title='bbox 2893 1230 3128 1301; x_wconf 80' lang='grc' dir='ltr'>Ῥεμνᾶν</span> <span class='ocrx_word' id='word_1_128' title='bbox 3175 1230 3549 1301; x_wconf 66' lang='grc' dir='ltr'>ἀπιτομισθή-</span> 
     </span>
    </p>
   </div>
   <div class='ocr_carea' id='block_1_21' title="bbox 306 1312 488 1365">
    <p class='ocr_par' dir='ltr' id='par_1_21' title="bbox 306 1312 488 1365">
     <span class='ocr_line' id='line_1_21' title="bbox 306 1312 488 1365; baseline -0.011 0"><span class='ocrx_word' id='word_1_129' title='bbox 306 1312 488 1365; x_wconf 87' lang='grc' dir='ltr'>σεσθε.</span> 
     </span>
    </p>
   </div>
   <div class='ocr_carea' id='block_1_22' title="bbox 372 1400 1875 1477">
    <p class='ocr_par' dir='ltr' id='par_1_22' title="bbox 372 1400 1875 1477">
     <span class='ocr_line' id='line_1_22' title="bbox 372 1400 1875 1477; baseline 0.008 -22"><span class='ocrx_word' id='word_1_130' title='bbox 372 1400 704 1469; x_wconf 73' lang='grc' dir='ltr'>Εἰσῆλθετε</span> <span class='ocrx_word' id='word_1_131' title='bbox 741 1407 830 1469; x_wconf 79' lang='grc' dir='ltr'>εἰς</span> <span class='ocrx_word' id='word_1_132' title='bbox 884 1406 1152 1474; x_wconf 75' lang='grc' dir='ltr'>Βαιθὴλ,</span> <span class='ocrx_word' id='word_1_133' title='bbox 1202 1409 1301 1462; x_wconf 80' lang='grc' dir='ltr'>καὶ</span> <span class='ocrx_word' id='word_1_134' title='bbox 1358 1411 1734 1477; x_wconf 80' lang='grc' dir='ltr'>ἠσεϐήσατε,</span> <span class='ocrx_word' id='word_1_135' title='bbox 1775 1411 1875 1467; x_wconf 71' lang='grc' dir='ltr'>καὶ</span> 
     </span>
    </p>
   </div>
   <div class='ocr_carea' id='block_1_23' title="bbox 300 1493 1742 1571">
    <p class='ocr_par' dir='ltr' id='par_1_23' title="bbox 300 1493 1742 1571">
     <span class='ocr_line' id='line_1_23' title="bbox 300 1493 1742 1571; baseline 0.007 -25"><span class='ocrx_word' id='word_1_136' title='bbox 300 1495 388 1558; x_wconf 79' lang='grc' dir='ltr'><strong>εις</strong></span> <span class='ocrx_word' id='word_1_137' title='bbox 418 1495 468 1547; x_wconf 87' lang='grc' dir='ltr'><strong><em>Γ</em></strong></span> <span class='ocrx_word' id='word_1_138' title='bbox 470 1493 727 1562; x_wconf 72' lang='grc' dir='ltr'>αλγαλὰ,</span> <span class='ocrx_word' id='word_1_139' title='bbox 760 1495 858 1547; x_wconf 83' lang='grc' dir='ltr'><strong>καί</strong></span> <span class='ocrx_word' id='word_1_140' title='bbox 891 1495 1265 1564; x_wconf 72' lang='grc' dir='ltr'>ἐπληθύνατε</span> <span class='ocrx_word' id='word_1_141' title='bbox 1298 1500 1402 1554; x_wconf 77' lang='grc' dir='ltr'><strong>τοῦ</strong></span> <span class='ocrx_word' id='word_1_142' title='bbox 1425 1501 1742 1571; x_wconf 82' lang='grc' dir='ltr'>ἀσεϐῆσαι.</span> 
     </span>
    </p>
   </div>
   <div class='ocr_carea' id='block_1_24' title="bbox 369 1583 1877 1665">
    <p class='ocr_par' dir='ltr' id='par_1_24' title="bbox 369 1583 1877 1665">
     <span class='ocr_line' id='line_1_24' title="bbox 369 1583 1877 1665; baseline 0.007 -29"><span class='ocrx_word' id='word_1_143' title='bbox 369 1583 494 1636; x_wconf 85' lang='lat' dir='ltr'><strong>AE&#39;.</strong></span> <span class='ocrx_word' id='word_1_144' title='bbox 522 1583 899 1655; x_wconf 82' lang='grc' dir='ltr'>Παρατίθησιν</span> <span class='ocrx_word' id='word_1_145' title='bbox 922 1587 1084 1650; x_wconf 79' lang='grc' dir='ltr'>εὐθὺς</span> <span class='ocrx_word' id='word_1_146' title='bbox 1117 1590 1232 1652; x_wconf 87' lang='grc' dir='ltr'>ταῖς</span> <span class='ocrx_word' id='word_1_147' title='bbox 1260 1589 1438 1654; x_wconf 83' lang='grc' dir='ltr'>δίκαις</span> <span class='ocrx_word' id='word_1_148' title='bbox 1465 1591 1532 1645; x_wconf 88' lang='grc' dir='ltr'><strong>τά</strong></span> <span class='ocrx_word' id='word_1_149' title='bbox 1553 1591 1877 1665; x_wconf 78' lang='grc' dir='ltr'>πλημμελή-</span> 
     </span>
    </p>
   </div>
   <div class='ocr_carea' id='block_1_25' title="bbox 301 1676 1877 1752">
    <p class='ocr_par' dir='ltr' id='par_1_25' title="bbox 301 1676 1877 1752">
     <span class='ocr_line' id='line_1_25' title="bbox 301 1676 1877 1752; baseline 0.006 -23"><span class='ocrx_word' id='word_1_150' title='bbox 301 1692 466 1744; x_wconf 85' lang='grc' dir='ltr'>ματα,</span> <span class='ocrx_word' id='word_1_151' title='bbox 509 1676 603 1729; x_wconf 82' lang='grc' dir='ltr'>καὶ</span> <span class='ocrx_word' id='word_1_152' title='bbox 625 1679 744 1739; x_wconf 84' lang='grc' dir='ltr'>ταῖς</span> <span class='ocrx_word' id='word_1_153' title='bbox 771 1676 881 1731; x_wconf 82' lang='grc' dir='ltr'>τῶν</span> <span class='ocrx_word' id='word_1_154' title='bbox 911 1678 1100 1732; x_wconf 84' lang='grc' dir='ltr'>δεινῶν</span> <span class='ocrx_word' id='word_1_155' title='bbox 1141 1681 1449 1752; x_wconf 82' lang='grc' dir='ltr'>ἀφηγήσεσι</span> <span class='ocrx_word' id='word_1_156' title='bbox 1473 1684 1688 1752; x_wconf 87' lang='grc' dir='ltr'>γείτονα</span> <span class='ocrx_word' id='word_1_157' title='bbox 1717 1686 1877 1738; x_wconf 83' lang='grc' dir='ltr'>ποιεῖ-</span> 
     </span>
    </p>
   </div>
   <div class='ocr_carea' id='block_1_26' title="bbox 300 1767 1867 1842">
    <p class='ocr_par' dir='ltr' id='par_1_26' title="bbox 300 1767 1867 1842">
     <span class='ocr_line' id='line_1_26' title="bbox 300 1767 1867 1842; baseline 0.008 -26"><span class='ocrx_word' id='word_1_158' title='bbox 300 1783 397 1820; x_wconf 89' lang='grc' dir='ltr'><strong>ται</strong></span> <span class='ocrx_word' id='word_1_159' title='bbox 419 1767 704 1838; x_wconf 82' lang='grc' dir='ltr'>χρησίμως</span> <span class='ocrx_word' id='word_1_160' title='bbox 726 1768 825 1838; x_wconf 79' lang='grc' dir='ltr'><strong>τὴν</strong></span> <span class='ocrx_word' id='word_1_161' title='bbox 851 1769 959 1823; x_wconf 83' lang='grc' dir='ltr'><strong>τῶν</strong></span> <span class='ocrx_word' id='word_1_162' title='bbox 991 1771 1511 1842; x_wconf 87' lang='grc' dir='ltr'>ἀνοσιουργημάτων</span> <span class='ocrx_word' id='word_1_163' title='bbox 1537 1773 1758 1842; x_wconf 78' lang='grc' dir='ltr'>ἔνδειξιν</span> <span class='ocrx_word' id='word_1_164' title='bbox 1791 1775 1867 1829; x_wconf 79' lang='grc' dir='ltr'>ἐν·</span> 
     </span>
    </p>
   </div>
   <div class='ocr_carea' id='block_1_27' title="bbox 302 1858 1876 1936">
    <p class='ocr_par' dir='ltr' id='par_1_27' title="bbox 302 1858 1876 1936">
     <span class='ocr_line' id='line_1_27' title="bbox 302 1858 1876 1936; baseline 0.006 -27"><span class='ocrx_word' id='word_1_165' title='bbox 302 1858 473 1928; x_wconf 89' lang='grc' dir='ltr'>αργῆ,</span> <span class='ocrx_word' id='word_1_166' title='bbox 527 1858 602 1921; x_wconf 85' lang='grc' dir='ltr'>ὡς</span> <span class='ocrx_word' id='word_1_167' title='bbox 653 1858 719 1912; x_wconf 81' lang='grc' dir='ltr'><strong>ἂν</strong></span> <span class='ocrx_word' id='word_1_168' title='bbox 775 1859 850 1930; x_wconf 86' lang='grc' dir='ltr'>μὴ</span> <span class='ocrx_word' id='word_1_169' title='bbox 901 1863 1370 1934; x_wconf 87' lang='grc' dir='ltr'>καταμωμήσαιτό</span> <span class='ocrx_word' id='word_1_170' title='bbox 1414 1881 1528 1928; x_wconf 90' lang='grc' dir='ltr'>τις,</span> <span class='ocrx_word' id='word_1_171' title='bbox 1580 1866 1718 1936; x_wconf 85' lang='grc' dir='ltr'>μήτε</span> <span class='ocrx_word' id='word_1_172' title='bbox 1770 1866 1876 1936; x_wconf 86' lang='grc' dir='ltr'>μὴν</span> 
     </span>
    </p>
   </div>
   <div class='ocr_carea' id='block_1_28' title="bbox 303 1947 1877 2028">
    <p class='ocr_par' dir='ltr' id='par_1_28' title="bbox 303 1947 1877 2028">
     <span class='ocr_line' id='line_1_28' title="bbox 303 1947 1877 2028; baseline 0.007 -28"><span class='ocrx_word' id='word_1_173' title='bbox 303 1947 596 2018; x_wconf 78' lang='grc' dir='ltr'>ἐπαιτιῷτο</span> <span class='ocrx_word' id='word_1_174' title='bbox 637 1948 788 2015; x_wconf 79' lang='grc' dir='ltr'>Θεὸν,</span> <span class='ocrx_word' id='word_1_175' title='bbox 847 1951 922 2014; x_wconf 85' lang='grc' dir='ltr'>ὡς</span> <span class='ocrx_word' id='word_1_176' title='bbox 967 1952 1410 2024; x_wconf 80' lang='grc' dir='ltr'>ἀπηνεστέρανῆ</span> <span class='ocrx_word' id='word_1_177' title='bbox 1467 1955 1634 2027; x_wconf 79' lang='grc' dir='ltr'>ἐχρῆν</span> <span class='ocrx_word' id='word_1_178' title='bbox 1687 1956 1877 2028; x_wconf 81' lang='grc' dir='ltr'>ποινὴν</span> 
     </span>
    </p>
   </div>
   <div class='ocr_carea' id='block_1_29' title="bbox 303 2042 1876 2121">
    <p class='ocr_par' dir='ltr' id='par_1_29' title="bbox 303 2042 1876 2121">
     <span class='ocr_line' id='line_1_29' title="bbox 303 2042 1876 2121; baseline 0.008 -29"><span class='ocrx_word' id='word_1_179' title='bbox 303 2042 683 2113; x_wconf 80' lang='grc' dir='ltr'>ἐπαρτήσαντα</span> <span class='ocrx_word' id='word_1_180' title='bbox 704 2045 816 2106; x_wconf 82' lang='grc' dir='ltr'>τοῖς</span> <span class='ocrx_word' id='word_1_181' title='bbox 842 2043 900 2110; x_wconf 81' lang='grc' dir='ltr'><strong>ἐξ</strong></span> <span class='ocrx_word' id='word_1_182' title='bbox 951 2045 1190 2116; x_wconf 83' lang='grc' dir='ltr'>Ἰσραήλ.</span> <span class='ocrx_word' id='word_1_183' title='bbox 1221 2048 1356 2102; x_wconf 83' lang='grc' dir='ltr'>Τάδε</span> <span class='ocrx_word' id='word_1_184' title='bbox 1383 2048 1512 2119; x_wconf 86' lang='grc' dir='ltr'>γάρ,</span> <span class='ocrx_word' id='word_1_185' title='bbox 1543 2051 1728 2120; x_wconf 72' lang='grc' dir='ltr'>φησὶν,</span> <span class='ocrx_word' id='word_1_186' title='bbox 1756 2049 1876 2121; x_wconf 75' lang='grc' dir='ltr'>ἥξει</span> 
     </span>
    </p>
   </div>
   <div class='ocr_carea' id='block_1_30' title="bbox 300 2134 1874 2212">
    <p class='ocr_par' dir='ltr' id='par_1_30' title="bbox 300 2134 1874 2212">
     <span class='ocr_line' id='line_1_30' title="bbox 300 2134 1874 2212; baseline 0.006 -27"><span class='ocrx_word' id='word_1_187' title='bbox 300 2134 390 2202; x_wconf 68' lang='grc' dir='ltr'><strong>ἐφ’</strong></span> <span class='ocrx_word' id='word_1_188' title='bbox 425 2135 590 2203; x_wconf 81' lang='grc' dir='ltr'>ὑμᾶς,</span> <span class='ocrx_word' id='word_1_189' title='bbox 619 2135 709 2188; x_wconf 77' lang='grc' dir='ltr'><strong>καί</strong></span> <span class='ocrx_word' id='word_1_190' title='bbox 737 2134 882 2189; x_wconf 88' lang='grc' dir='ltr'>τάδε.</span> <span class='ocrx_word' id='word_1_191' title='bbox 907 2137 1018 2189; x_wconf 82' lang='grc' dir='ltr'><strong>Καὶ</strong></span> <span class='ocrx_word' id='word_1_192' title='bbox 1067 2137 1184 2191; x_wconf 87' lang='grc' dir='ltr'>ἀνθ’</span> <span class='ocrx_word' id='word_1_193' title='bbox 1211 2138 1336 2191; x_wconf 83' lang='grc' dir='ltr'>ὅτου</span> <span class='ocrx_word' id='word_1_194' title='bbox 1392 2140 1471 2205; x_wconf 90' lang='grc' dir='ltr'><strong>εἰς</strong></span> <span class='ocrx_word' id='word_1_195' title='bbox 1516 2140 1679 2210; x_wconf 83' lang='grc' dir='ltr'>μέσον</span> <span class='ocrx_word' id='word_1_196' title='bbox 1717 2140 1837 2212; x_wconf 80' lang='grc' dir='ltr'>ἥξει</span> <span class='ocrx_word' id='word_1_197' title='bbox 1860 2180 1874 2206; x_wconf 90' lang='grc'><strong>,</strong></span> 
     </span>
    </p>
   </div>
   <div class='ocr_carea' id='block_1_31' title="bbox 297 2222 1867 2301">
    <p class='ocr_par' dir='ltr' id='par_1_31' title="bbox 297 2222 1867 2301">
     <span class='ocr_line' id='line_1_31' title="bbox 297 2222 1867 2301; baseline 0.007 -27"><span class='ocrx_word' id='word_1_198' title='bbox 297 2222 419 2294; x_wconf 77' lang='grc' dir='ltr'>βοᾷ,</span> <span class='ocrx_word' id='word_1_199' title='bbox 452 2241 470 2273; x_wconf 85' lang='grc' dir='ltr'><strong>ι</strong></span> <span class='ocrx_word' id='word_1_200' title='bbox 500 2223 786 2294; x_wconf 68' lang='grc' dir='ltr'>Εἰσῆλθετε</span> <span class='ocrx_word' id='word_1_201' title='bbox 812 2228 891 2288; x_wconf 88' lang='grc' dir='ltr'><strong>εἰς</strong></span> <span class='ocrx_word' id='word_1_202' title='bbox 919 2226 1141 2298; x_wconf 82' lang='grc' dir='ltr'>Βαιθὴλ.</span> <span class='ocrx_word' id='word_1_203' title='bbox 1171 2228 1266 2283; x_wconf 77' lang='grc' dir='ltr'><strong>καὶ</strong></span> <span class='ocrx_word' id='word_1_204' title='bbox 1311 2230 1644 2301; x_wconf 80' lang='grc' dir='ltr'>ἡνομήσατε,</span> <span class='ocrx_word' id='word_1_205' title='bbox 1680 2250 1699 2284; x_wconf 76' lang='grc' dir='ltr'><strong>ι</strong></span> <span class='ocrx_word' id='word_1_206' title='bbox 1737 2231 1867 2284; x_wconf 71' lang='grc' dir='ltr'>ἔνθα</span> 
     </span>
    </p>
   </div>
   <div class='ocr_carea' id='block_1_32' title="bbox 295 2313 1875 2394">
    <p class='ocr_par' dir='ltr' id='par_1_32' title="bbox 295 2313 1875 2394">
     <span class='ocr_line' id='line_1_32' title="bbox 295 2313 1875 2394; baseline 0.007 -28"><span class='ocrx_word' id='word_1_207' title='bbox 295 2313 398 2385; x_wconf 77' lang='grc' dir='ltr'><strong>τὴν</strong></span> <span class='ocrx_word' id='word_1_208' title='bbox 431 2315 660 2386; x_wconf 82' lang='grc' dir='ltr'>δάμαλιν</span> <span class='ocrx_word' id='word_1_209' title='bbox 690 2317 923 2372; x_wconf 81' lang='grc' dir='ltr'>ἀπέθετο</span> <span class='ocrx_word' id='word_1_210' title='bbox 962 2320 1062 2390; x_wconf 81' lang='grc' dir='ltr'>τὴν</span> <span class='ocrx_word' id='word_1_211' title='bbox 1100 2322 1305 2392; x_wconf 87' lang='grc' dir='ltr'>χρυσῆν</span> <span class='ocrx_word' id='word_1_212' title='bbox 1347 2322 1376 2375; x_wconf 78' lang='grc' dir='ltr'><strong>ό</strong></span> <span class='ocrx_word' id='word_1_213' title='bbox 1416 2321 1676 2394; x_wconf 76' lang='grc' dir='ltr'>θεομισὴς</span> <span class='ocrx_word' id='word_1_214' title='bbox 1713 2324 1875 2394; x_wconf 84' lang='grc' dir='ltr'>Ἰερο-</span> 
     </span>
    </p>
   </div>
   <div class='ocr_carea' id='block_1_33' title="bbox 293 2406 1872 2486">
    <p class='ocr_par' dir='ltr' id='par_1_33' title="bbox 293 2406 1872 2486">
     <span class='ocr_line' id='line_1_33' title="bbox 293 2406 1872 2486; baseline 0.007 -28"><span class='ocrx_word' id='word_1_215' title='bbox 293 2406 459 2477; x_wconf 86' lang='grc' dir='ltr'>6οάμ.</span> <span class='ocrx_word' id='word_1_216' title='bbox 523 2407 669 2462; x_wconf 86' lang='grc' dir='ltr'>Ἐκεῖ</span> <span class='ocrx_word' id='word_1_217' title='bbox 715 2410 924 2476; x_wconf 77' lang='grc' dir='ltr'>δεινῶς,</span> <span class='ocrx_word' id='word_1_218' title='bbox 979 2412 1074 2465; x_wconf 78' lang='grc' dir='ltr'><strong>καὶ</strong></span> <span class='ocrx_word' id='word_1_219' title='bbox 1125 2413 1369 2476; x_wconf 80' lang='grc' dir='ltr'>ἐκτόπως</span> <span class='ocrx_word' id='word_1_220' title='bbox 1424 2414 1872 2486; x_wconf 77' lang='grc' dir='ltr'>παρανομοῦντες</span> 
     </span>
    </p>
   </div>
   <div class='ocr_carea' id='block_1_34' title="bbox 293 2498 1870 2576">
    <p class='ocr_par' dir='ltr' id='par_1_34' title="bbox 293 2498 1870 2576">
     <span class='ocr_line' id='line_1_34' title="bbox 293 2498 1870 2576; baseline 0.006 -24"><span class='ocrx_word' id='word_1_221' title='bbox 293 2498 595 2556; x_wconf 85' lang='grc' dir='ltr'>ἁλώσεσθε.</span> <span class='ocrx_word' id='word_1_222' title='bbox 631 2501 1046 2574; x_wconf 84' lang='grc' dir='ltr'>Νενομοθέτηκα</span> <span class='ocrx_word' id='word_1_223' title='bbox 1081 2505 1180 2574; x_wconf 81' lang='grc' dir='ltr'>μὲν</span> <span class='ocrx_word' id='word_1_224' title='bbox 1202 2505 1311 2576; x_wconf 79' lang='grc' dir='ltr'>γὰρ</span> <span class='ocrx_word' id='word_1_225' title='bbox 1339 2506 1426 2559; x_wconf 90' lang='grc' dir='ltr'><strong>διά</strong></span> <span class='ocrx_word' id='word_1_226' title='bbox 1452 2507 1714 2572; x_wconf 82' lang='grc' dir='ltr'>Μωσέως,</span> <span class='ocrx_word' id='word_1_227' title='bbox 1751 2527 1771 2558; x_wconf 75' lang='grc' dir='ltr'><strong>ι</strong></span> <span class='ocrx_word' id='word_1_228' title='bbox 1794 2508 1870 2562; x_wconf 86' lang='grc' dir='ltr'>Οὑ</span> 
     </span>
    </p>
   </div>
   <div class='ocr_carea' id='block_1_35' title="bbox 291 2589 1870 2668">
    <p class='ocr_par' dir='ltr' id='par_1_35' title="bbox 291 2589 1870 2668">
     <span class='ocr_line' id='line_1_35' title="bbox 291 2589 1870 2668; baseline 0.008 -28"><span class='ocrx_word' id='word_1_229' title='bbox 291 2589 538 2659; x_wconf 86' lang='grc' dir='ltr'>ποιήσεις</span> <span class='ocrx_word' id='word_1_230' title='bbox 568 2590 780 2663; x_wconf 79' lang='grc' dir='ltr'>σεαυτῷ</span> <span class='ocrx_word' id='word_1_231' title='bbox 815 2591 968 2656; x_wconf 78' lang='grc' dir='ltr'>θεοὺς</span> <span class='ocrx_word' id='word_1_232' title='bbox 1001 2594 1233 2664; x_wconf 82' lang='grc' dir='ltr'>χρυσοῦς</span> <span class='ocrx_word' id='word_1_233' title='bbox 1271 2595 1366 2649; x_wconf 76' lang='grc' dir='ltr'><strong>καὶ</strong></span> <span class='ocrx_word' id='word_1_234' title='bbox 1405 2595 1558 2660; x_wconf 79' lang='grc' dir='ltr'>θεοὺς</span> <span class='ocrx_word' id='word_1_235' title='bbox 1577 2598 1870 2668; x_wconf 87' lang='grc' dir='ltr'>ἀργυροῦς,</span> 
     </span>
    </p>
   </div>
   <div class='ocr_carea' id='block_1_36' title="bbox 292 2680 1872 2761">
    <p class='ocr_par' dir='ltr' id='par_1_36' title="bbox 292 2680 1872 2761">
     <span class='ocr_line' id='line_1_36' title="bbox 292 2680 1872 2761; baseline 0.008 -29"><span class='ocrx_word' id='word_1_236' title='bbox 292 2681 387 2733; x_wconf 83' lang='grc' dir='ltr'><strong>καί</strong></span> <span class='ocrx_word' id='word_1_237' title='bbox 418 2680 624 2752; x_wconf 78' lang='grc' dir='ltr'>Κύριόν</span> <span class='ocrx_word' id='word_1_238' title='bbox 656 2699 748 2736; x_wconf 91' lang='grc' dir='ltr'><strong>σου</strong></span> <span class='ocrx_word' id='word_1_239' title='bbox 785 2686 1216 2754; x_wconf 78' lang='grc' dir='ltr'>προσκυνήσεις,</span> <span class='ocrx_word' id='word_1_240' title='bbox 1279 2688 1374 2740; x_wconf 77' lang='grc' dir='ltr'><strong>καὶ</strong></span> <span class='ocrx_word' id='word_1_241' title='bbox 1407 2688 1556 2758; x_wconf 88' lang='grc' dir='ltr'>αὑτῷ</span> <span class='ocrx_word' id='word_1_242' title='bbox 1591 2690 1737 2761; x_wconf 87' lang='grc' dir='ltr'>μόνῳ</span> <span class='ocrx_word' id='word_1_243' title='bbox 1774 2689 1872 2745; x_wconf 73' lang='grc' dir='ltr'>λαι-</span> 
     </span>
    </p>
   </div>
   <div class='ocr_carea' id='block_1_37' title="bbox 291 2770 1870 2852">
    <p class='ocr_par' dir='ltr' id='par_1_37' title="bbox 291 2770 1870 2852">
     <span class='ocr_line' id='line_1_37' title="bbox 291 2770 1870 2852; baseline 0.008 -28"><span class='ocrx_word' id='word_1_244' title='bbox 291 2770 564 2842; x_wconf 85' lang='grc' dir='ltr'>τρεύσεις.</span> <span class='ocrx_word' id='word_1_245' title='bbox 595 2792 615 2827; x_wconf 82' lang='lat' dir='ltr'><strong>s</strong></span> <span class='ocrx_word' id='word_1_246' title='bbox 677 2773 842 2826; x_wconf 73' lang='grc' dir='ltr'>Αὐτοὶ</span> <span class='ocrx_word' id='word_1_247' title='bbox 899 2775 955 2827; x_wconf 82' lang='grc' dir='ltr'>δὲ</span> <span class='ocrx_word' id='word_1_248' title='bbox 989 2775 1080 2828; x_wconf 83' lang='grc' dir='ltr'><strong>τὸν</strong></span> <span class='ocrx_word' id='word_1_249' title='bbox 1129 2777 1260 2846; x_wconf 72' lang='grc' dir='ltr'>ἐμὸν</span> <span class='ocrx_word' id='word_1_250' title='bbox 1305 2777 1660 2847; x_wconf 84' lang='grc' dir='ltr'>διαγελῶντες</span> <span class='ocrx_word' id='word_1_251' title='bbox 1708 2783 1870 2852; x_wconf 90' lang='grc' dir='ltr'>νόμον</span> 
     </span>
    </p>
   </div>
   <div class='ocr_carea' id='block_1_38' title="bbox 290 2861 1872 2940">
    <p class='ocr_par' dir='ltr' id='par_1_38' title="bbox 290 2861 1872 2940">
     <span class='ocr_line' id='line_1_38' title="bbox 290 2861 1872 2940; baseline 0.007 -27"><span class='ocrx_word' id='word_1_252' title='bbox 290 2861 803 2932; x_wconf 75' lang='grc' dir='ltr'>προσκεκυνήκατε,</span> <span class='ocrx_word' id='word_1_253' title='bbox 839 2863 994 2932; x_wconf 78' lang='grc' dir='ltr'>φησὶ,</span> <span class='ocrx_word' id='word_1_254' title='bbox 1044 2867 1154 2926; x_wconf 83' lang='grc' dir='ltr'>τοῖς</span> <span class='ocrx_word' id='word_1_255' title='bbox 1203 2865 1383 2936; x_wconf 77' lang='grc' dir='ltr'>ἔργοις</span> <span class='ocrx_word' id='word_1_256' title='bbox 1429 2867 1538 2920; x_wconf 85' lang='grc' dir='ltr'><strong>τῶν</strong></span> <span class='ocrx_word' id='word_1_257' title='bbox 1592 2869 1736 2924; x_wconf 87' lang='grc' dir='ltr'>ἰδίων</span> <span class='ocrx_word' id='word_1_258' title='bbox 1762 2887 1872 2940; x_wconf 87' lang='grc' dir='ltr'>χει-</span> 
     </span>
    </p>
   </div>
   <div class='ocr_carea' id='block_1_39' title="bbox 290 2949 1868 3026">
    <p class='ocr_par' dir='ltr' id='par_1_39' title="bbox 290 2949 1868 3026">
     <span class='ocr_line' id='line_1_39' title="bbox 290 2949 1868 3026; baseline 0.006 -25"><span class='ocrx_word' id='word_1_259' title='bbox 290 2949 418 3020; x_wconf 84' lang='grc' dir='ltr'>ρῶν,</span> <span class='ocrx_word' id='word_1_260' title='bbox 450 2950 545 3002; x_wconf 72' lang='grc' dir='ltr'><strong>καὶ</strong></span> <span class='ocrx_word' id='word_1_261' title='bbox 575 2951 784 3021; x_wconf 84' lang='grc' dir='ltr'>χρυσῆν</span> <span class='ocrx_word' id='word_1_262' title='bbox 811 2951 1046 3022; x_wconf 85' lang='grc' dir='ltr'>ὁρῶντες</span> <span class='ocrx_word' id='word_1_263' title='bbox 1068 2952 1321 3023; x_wconf 84' lang='grc' dir='ltr'>δάμαλιν,</span> <span class='ocrx_word' id='word_1_264' title='bbox 1357 2955 1452 3010; x_wconf 71' lang='grc' dir='ltr'><strong>καὶ</strong></span> <span class='ocrx_word' id='word_1_265' title='bbox 1481 2954 1685 3026; x_wconf 72' lang='grc' dir='ltr'>ἄψυχον</span> <span class='ocrx_word' id='word_1_266' title='bbox 1714 2956 1868 3026; x_wconf 82' lang='grc' dir='ltr'>ὕλην,</span> 
     </span>
    </p>
   </div>
   <div class='ocr_carea' id='block_1_40' title="bbox 288 3041 1865 3119">
    <p class='ocr_par' dir='ltr' id='par_1_40' title="bbox 288 3041 1865 3119">
     <span class='ocr_line' id='line_1_40' title="bbox 288 3041 1865 3119; baseline 0.007 -26"><span class='ocrx_word' id='word_1_267' title='bbox 288 3041 718 3112; x_wconf 81' lang='grc' dir='ltr'>ἐκαρτερήσατε,</span> <span class='ocrx_word' id='word_1_268' title='bbox 743 3043 992 3112; x_wconf 87' lang='grc' dir='ltr'>λέγοντος</span> <span class='ocrx_word' id='word_1_269' title='bbox 1024 3043 1117 3099; x_wconf 89' lang='grc' dir='ltr'><strong>τοῦ</strong></span> <span class='ocrx_word' id='word_1_270' title='bbox 1137 3047 1236 3117; x_wconf 79' lang='grc' dir='ltr'>τὴν</span> <span class='ocrx_word' id='word_1_271' title='bbox 1259 3046 1467 3119; x_wconf 84' lang='grc' dir='ltr'>πλάνην</span> <span class='ocrx_word' id='word_1_272' title='bbox 1490 3048 1865 3119; x_wconf 82' lang='grc' dir='ltr'>ἐξευρηκότος,</span> 
     </span>
    </p>
   </div>
   <div class='ocr_carea' id='block_1_41' title="bbox 293 3127 1933 3218">
    <p class='ocr_par' dir='ltr' id='par_1_41' title="bbox 293 3127 1933 3218">
     <span class='ocr_line' id='line_1_41' title="bbox 293 3127 1933 3218; baseline 0.006 -33"><span class='ocrx_word' id='word_1_273' title='bbox 293 3153 310 3185; x_wconf 84' lang='grc' dir='ltr'><strong>ι</strong></span> <span class='ocrx_word' id='word_1_274' title='bbox 349 3127 512 3187; x_wconf 73' lang='grc' dir='ltr'>υῦτοι</span> <span class='ocrx_word' id='word_1_275' title='bbox 541 3137 590 3188; x_wconf 82' lang='grc' dir='ltr'>οἱ</span> <span class='ocrx_word' id='word_1_276' title='bbox 640 3135 751 3188; x_wconf 89' lang='grc' dir='ltr'>θεοί</span> <span class='ocrx_word' id='word_1_277' title='bbox 782 3154 897 3204; x_wconf 88' lang='grc' dir='ltr'>σου,</span> <span class='ocrx_word' id='word_1_278' title='bbox 953 3137 1189 3209; x_wconf 81' lang='grc' dir='ltr'>Ἰσραὴλ,</span> <span class='ocrx_word' id='word_1_279' title='bbox 1226 3138 1280 3191; x_wconf 80' lang='grc' dir='ltr'><strong>οἵ</strong></span> <span class='ocrx_word' id='word_1_280' title='bbox 1313 3157 1457 3203; x_wconf 88' lang='grc' dir='ltr'>τινες</span> <span class='ocrx_word' id='word_1_281' title='bbox 1505 3141 1775 3210; x_wconf 82' lang='grc' dir='ltr'>ἀνήγαγόν</span> <span class='ocrx_word' id='word_1_282' title='bbox 1805 3159 1863 3194; x_wconf 91' lang='grc' dir='ltr'><strong>σε</strong></span> <span class='ocrx_word' id='word_1_283' title='bbox 1892 3161 1933 3218; x_wconf 80' lang='lat' dir='ltr'>C</span> 
     </span>
    </p>
   </div>
   <div class='ocr_carea' id='block_1_42' title="bbox 284 3224 1867 3303">
    <p class='ocr_par' dir='ltr' id='par_1_42' title="bbox 284 3224 1867 3303">
     <span class='ocr_line' id='line_1_42' title="bbox 284 3224 1867 3303; baseline 0.005 -27"><span class='ocrx_word' id='word_1_284' title='bbox 284 3224 350 3276; x_wconf 86' lang='grc' dir='ltr'><strong>ἐκ</strong></span> <span class='ocrx_word' id='word_1_285' title='bbox 380 3224 487 3294; x_wconf 86' lang='grc' dir='ltr'><strong>γῆς</strong></span> <span class='ocrx_word' id='word_1_286' title='bbox 509 3224 803 3293; x_wconf 77' lang='grc' dir='ltr'>Αἰγύπτου.</span> <span class='ocrx_word' id='word_1_287' title='bbox 846 3247 863 3278; x_wconf 71' lang='grc' dir='ltr'><strong>ι</strong></span> <span class='ocrx_word' id='word_1_288' title='bbox 907 3227 1170 3300; x_wconf 84' lang='grc' dir='ltr'>Πλείστην</span> <span class='ocrx_word' id='word_1_289' title='bbox 1198 3229 1256 3284; x_wconf 85' lang='grc' dir='ltr'>δὲ</span> <span class='ocrx_word' id='word_1_290' title='bbox 1292 3229 1423 3301; x_wconf 70' lang='grc' dir='ltr'>ὅσην</span> <span class='ocrx_word' id='word_1_291' title='bbox 1453 3231 1738 3302; x_wconf 75' lang='grc' dir='ltr'>εἴργασται</span> <span class='ocrx_word' id='word_1_292' title='bbox 1767 3233 1867 3303; x_wconf 83' lang='grc' dir='ltr'><strong>τὴν</strong></span> 
     </span>
    </p>
   </div>
   <div class='ocr_carea' id='block_1_43' title="bbox 289 3316 1866 3392">
    <p class='ocr_par' dir='ltr' id='par_1_43' title="bbox 289 3316 1866 3392">
     <span class='ocr_line' id='line_1_43' title="bbox 289 3316 1866 3392; baseline 0.005 -24"><span class='ocrx_word' id='word_1_293' title='bbox 289 3316 546 3371; x_wconf 71' lang='grc' dir='ltr'>ἀσέϐειαν</span> <span class='ocrx_word' id='word_1_294' title='bbox 577 3317 635 3369; x_wconf 82' lang='grc' dir='ltr'>ὲν</span> <span class='ocrx_word' id='word_1_295' title='bbox 660 3317 973 3386; x_wconf 74' lang='grc' dir='ltr'>Γαλγάλοις.</span> <span class='ocrx_word' id='word_1_296' title='bbox 1011 3319 1175 3384; x_wconf 85' lang='grc' dir='ltr'>Πόλις</span> <span class='ocrx_word' id='word_1_297' title='bbox 1202 3319 1259 3372; x_wconf 82' lang='grc' dir='ltr'>δὲ</span> <span class='ocrx_word' id='word_1_298' title='bbox 1292 3320 1429 3391; x_wconf 77' lang='grc' dir='ltr'>αὕτη</span> <span class='ocrx_word' id='word_1_299' title='bbox 1455 3321 1562 3374; x_wconf 85' lang='grc' dir='ltr'><strong>τῶν</strong></span> <span class='ocrx_word' id='word_1_300' title='bbox 1602 3323 1866 3392; x_wconf 83' lang='grc' dir='ltr'>Ἰορδάνου</span> 
     </span>
    </p>
   </div>
   <div class='ocr_carea' id='block_1_44' title="bbox 288 3408 1867 3484">
    <p class='ocr_par' dir='ltr' id='par_1_44' title="bbox 288 3408 1867 3484">
     <span class='ocr_line' id='line_1_44' title="bbox 288 3408 1867 3484; baseline 0.009 -27"><span class='ocrx_word' id='word_1_301' title='bbox 288 3408 546 3475; x_wconf 82' lang='grc' dir='ltr'>ναμάτων</span> <span class='ocrx_word' id='word_1_302' title='bbox 600 3408 876 3471; x_wconf 83' lang='grc' dir='ltr'>ἐπέκεινα,</span> <span class='ocrx_word' id='word_1_303' title='bbox 930 3409 1120 3474; x_wconf 85' lang='grc' dir='ltr'>δεινῶς</span> <span class='ocrx_word' id='word_1_304' title='bbox 1174 3412 1523 3466; x_wconf 83' lang='grc' dir='ltr'>άπονεύσασα</span> <span class='ocrx_word' id='word_1_305' title='bbox 1567 3415 1702 3484; x_wconf 81' lang='grc' dir='ltr'>πρὸς</span> <span class='ocrx_word' id='word_1_306' title='bbox 1731 3417 1867 3470; x_wconf 82' lang='grc' dir='ltr'>ἀπό·-</span> 
     </span>
    </p>
   </div>
   <div class='ocr_carea' id='block_1_45' title="bbox 292 3498 1864 3575">
    <p class='ocr_par' dir='ltr' id='par_1_45' title="bbox 292 3498 1864 3575">
     <span class='ocr_line' id='line_1_45' title="bbox 292 3498 1864 3575; baseline 0.008 -27"><span class='ocrx_word' id='word_1_307' title='bbox 292 3514 498 3550; x_wconf 88' lang='grc' dir='ltr'>στασιν.</span> <span class='ocrx_word' id='word_1_308' title='bbox 531 3498 642 3552; x_wconf 76' lang='grc' dir='ltr'>Καὶ</span> <span class='ocrx_word' id='word_1_309' title='bbox 672 3500 801 3567; x_wconf 91' lang='grc' dir='ltr'>γοῦν</span> <span class='ocrx_word' id='word_1_310' title='bbox 822 3500 924 3571; x_wconf 77' lang='grc' dir='ltr'><strong>ἔφη</strong></span> <span class='ocrx_word' id='word_1_311' title='bbox 962 3503 1090 3572; x_wconf 81' lang='grc' dir='ltr'>περὶ</span> <span class='ocrx_word' id='word_1_312' title='bbox 1135 3503 1303 3575; x_wconf 81' lang='grc' dir='ltr'>αὑτῆς</span> <span class='ocrx_word' id='word_1_313' title='bbox 1340 3508 1368 3558; x_wconf 85' lang='grc' dir='ltr'>ὁ</span> <span class='ocrx_word' id='word_1_314' title='bbox 1394 3506 1502 3558; x_wconf 85' lang='grc' dir='ltr'><strong>τῶν</strong></span> <span class='ocrx_word' id='word_1_315' title='bbox 1529 3505 1667 3560; x_wconf 85' lang='grc' dir='ltr'>ὅλων</span> <span class='ocrx_word' id='word_1_316' title='bbox 1698 3507 1864 3572; x_wconf 85' lang='grc' dir='ltr'>Θεὸς,</span> 
     </span>
    </p>
   </div>
   <div class='ocr_carea' id='block_1_46' title="bbox 298 3588 1860 3666">
    <p class='ocr_par' dir='ltr' id='par_1_46' title="bbox 298 3588 1860 3666">
     <span class='ocr_line' id='line_1_46' title="bbox 298 3588 1860 3666; baseline 0.008 -27"><span class='ocrx_word' id='word_1_317' title='bbox 298 3606 316 3638; x_wconf 84' lang='grc' dir='ltr'><strong>ι</strong></span> <span class='ocrx_word' id='word_1_318' title='bbox 345 3588 516 3641; x_wconf 77' lang='grc' dir='ltr'>Πᾶσαι</span> <span class='ocrx_word' id='word_1_319' title='bbox 537 3589 591 3642; x_wconf 90' lang='grc' dir='ltr'><strong>αί</strong></span> <span class='ocrx_word' id='word_1_320' title='bbox 621 3590 809 3644; x_wconf 85' lang='grc' dir='ltr'>κακίαι</span> <span class='ocrx_word' id='word_1_321' title='bbox 834 3592 1014 3646; x_wconf 84' lang='grc' dir='ltr'>αὐτῶν</span> <span class='ocrx_word' id='word_1_322' title='bbox 1046 3594 1125 3658; x_wconf 85' lang='grc' dir='ltr'><strong>εἰς</strong></span> <span class='ocrx_word' id='word_1_323' title='bbox 1167 3595 1436 3666; x_wconf 86' lang='grc' dir='ltr'>Γάλγαλα.</span> <span class='ocrx_word' id='word_1_324' title='bbox 1468 3596 1594 3652; x_wconf 81' lang='grc' dir='ltr'><strong>Ὅτι</strong></span> <span class='ocrx_word' id='word_1_325' title='bbox 1623 3599 1742 3652; x_wconf 81' lang='grc' dir='ltr'>ἐκεῖ</span> <span class='ocrx_word' id='word_1_326' title='bbox 1762 3598 1860 3652; x_wconf 85' lang='grc' dir='ltr'>αὑ-</span> 
     </span>
    </p>
   </div>
   <div class='ocr_carea' id='block_1_47' title="bbox 287 3679 1865 3760">
    <p class='ocr_par' dir='ltr' id='par_1_47' title="bbox 287 3679 1865 3760">
     <span class='ocr_line' id='line_1_47' title="bbox 287 3679 1865 3760; baseline 0.008 -30"><span class='ocrx_word' id='word_1_327' title='bbox 287 3679 413 3742; x_wconf 77' lang='grc' dir='ltr'>τοὺς</span> <span class='ocrx_word' id='word_1_328' title='bbox 447 3679 681 3751; x_wconf 80' lang='grc' dir='ltr'>ἐμίσησα</span> <span class='ocrx_word' id='word_1_329' title='bbox 709 3682 797 3736; x_wconf 81' lang='grc' dir='ltr'>διὰ</span> <span class='ocrx_word' id='word_1_330' title='bbox 825 3683 921 3747; x_wconf 78' lang='grc' dir='ltr'>τὰς</span> <span class='ocrx_word' id='word_1_331' title='bbox 952 3685 1146 3749; x_wconf 88' lang='grc' dir='ltr'>κακίας</span> <span class='ocrx_word' id='word_1_332' title='bbox 1167 3687 1275 3740; x_wconf 87' lang='grc' dir='ltr'>τῶν</span> <span class='ocrx_word' id='word_1_333' title='bbox 1305 3689 1748 3760; x_wconf 82' lang='grc' dir='ltr'>ἐπιτηδευμάτων</span> <span class='ocrx_word' id='word_1_334' title='bbox 1768 3691 1865 3743; x_wconf 87' lang='grc' dir='ltr'>αὑ-</span> 
     </span>
    </p>
   </div>
   <div class='ocr_carea' id='block_1_48' title="bbox 286 3763 1865 3845">
    <p class='ocr_par' dir='ltr' id='par_1_48' title="bbox 286 3763 1865 3845">
     <span class='ocr_line' id='line_1_48' title="bbox 286 3763 1865 3845; baseline 0.009 -28"><span class='ocrx_word' id='word_1_335' title='bbox 286 3767 414 3830; x_wconf 83' lang='grc' dir='ltr'>τῶν,</span> <span class='ocrx_word' id='word_1_336' title='bbox 457 3786 474 3819; x_wconf 75' lang='grc' dir='ltr'><strong>ι</strong></span> <span class='ocrx_word' id='word_1_337' title='bbox 578 3786 741 3839; x_wconf 82' lang='grc' dir='ltr'>φησιν</span> <span class='ocrx_word' id='word_1_338' title='bbox 765 3771 792 3822; x_wconf 82' lang='grc' dir='ltr'>ὁ</span> <span class='ocrx_word' id='word_1_339' title='bbox 818 3772 1247 3845; x_wconf 84' lang='grc' dir='ltr'>Παροιμιαστὴς,</span> <span class='ocrx_word' id='word_1_340' title='bbox 1283 3794 1300 3827; x_wconf 83' lang='grc' dir='ltr'><strong>ι</strong></span> <span class='ocrx_word' id='word_1_341' title='bbox 1344 3775 1601 3830; x_wconf 88' lang='grc' dir='ltr'>Ἐνὼπιόν</span> <span class='ocrx_word' id='word_1_342' title='bbox 1618 3779 1725 3832; x_wconf 86' lang='grc' dir='ltr'>εἰσι</span> <span class='ocrx_word' id='word_1_343' title='bbox 1752 3777 1865 3831; x_wconf 88' lang='grc' dir='ltr'><strong>τῶν</strong></span> 
     </span>
    </p>
   </div>
   <div class='ocr_carea' id='block_1_49' title="bbox 287 3860 1863 3936">
    <p class='ocr_par' dir='ltr' id='par_1_49' title="bbox 287 3860 1863 3936">
     <span class='ocr_line' id='line_1_49' title="bbox 287 3860 1863 3936; baseline 0.006 -22"><span class='ocrx_word' id='word_1_344' title='bbox 287 3860 382 3916; x_wconf 84' lang='grc' dir='ltr'><strong>τοῦ</strong></span> <span class='ocrx_word' id='word_1_345' title='bbox 435 3860 572 3914; x_wconf 83' lang='grc' dir='ltr'>Θεοῦ</span> <span class='ocrx_word' id='word_1_346' title='bbox 607 3862 902 3930; x_wconf 84' lang='grc' dir='ltr'>ὀφθαλμῶν</span> <span class='ocrx_word' id='word_1_347' title='bbox 940 3863 1048 3916; x_wconf 81' lang='grc' dir='ltr'>ὁδοὶ</span> <span class='ocrx_word' id='word_1_348' title='bbox 1097 3866 1308 3936; x_wconf 80' lang='grc' dir='ltr'>ἀνδρὸς,</span> <span class='ocrx_word' id='word_1_349' title='bbox 1346 3869 1424 3930; x_wconf 83' lang='grc' dir='ltr'><strong>εἰς</strong></span> <span class='ocrx_word' id='word_1_350' title='bbox 1457 3868 1514 3920; x_wconf 84' lang='grc' dir='ltr'>δὲ</span> <span class='ocrx_word' id='word_1_351' title='bbox 1558 3869 1737 3932; x_wconf 80' lang='grc' dir='ltr'>πάσας</span> <span class='ocrx_word' id='word_1_352' title='bbox 1760 3870 1863 3933; x_wconf 86' lang='grc' dir='ltr'><strong>τάς</strong></span> 
     </span>
    </p>
   </div>
   <div class='ocr_carea' id='block_1_50' title="bbox 283 3950 1866 4027">
    <p class='ocr_par' dir='ltr' id='par_1_50' title="bbox 283 3950 1866 4027">
     <span class='ocr_line' id='line_1_50' title="bbox 283 3950 1866 4027; baseline 0.006 -23"><span class='ocrx_word' id='word_1_353' title='bbox 283 3952 507 4021; x_wconf 76' lang='grc' dir='ltr'>τροχιὰς</span> <span class='ocrx_word' id='word_1_354' title='bbox 545 3950 710 4004; x_wconf 88' lang='grc' dir='ltr'>αὑτοῦ</span> <span class='ocrx_word' id='word_1_355' title='bbox 740 3952 1016 4006; x_wconf 83' lang='grc' dir='ltr'>σκοπεύει.</span> <span class='ocrx_word' id='word_1_356' title='bbox 1053 3973 1071 4004; x_wconf 72' lang='grc' dir='ltr'><strong>ι</strong></span> <span class='ocrx_word' id='word_1_357' title='bbox 1108 3955 1217 4007; x_wconf 75' lang='grc' dir='ltr'>Καὶ</span> <span class='ocrx_word' id='word_1_358' title='bbox 1243 3957 1562 4025; x_wconf 81' lang='grc' dir='ltr'>ἀποδέχεται</span> <span class='ocrx_word' id='word_1_359' title='bbox 1604 3960 1702 4027; x_wconf 84' lang='grc' dir='ltr'><strong>μὲν</strong></span> <span class='ocrx_word' id='word_1_360' title='bbox 1739 3962 1866 4024; x_wconf 85' lang='grc' dir='ltr'>τοὺς</span> 
     </span>
    </p>
   </div>
   <div class='ocr_carea' id='block_1_51' title="bbox 282 4041 1865 4114">
    <p class='ocr_par' dir='ltr' id='par_1_51' title="bbox 282 4041 1865 4114">
     <span class='ocr_line' id='line_1_51' title="bbox 282 4041 1865 4114; baseline 0.006 -20"><span class='ocrx_word' id='word_1_361' title='bbox 282 4041 603 4113; x_wconf 77' lang='grc' dir='ltr'>ὀρθοποδεῖν</span> <span class='ocrx_word' id='word_1_362' title='bbox 646 4041 1120 4111; x_wconf 76' lang='grc' dir='ltr'>μεμελετηκόταςο</span> <span class='ocrx_word' id='word_1_363' title='bbox 1174 4046 1488 4099; x_wconf 83' lang='grc' dir='ltr'>ἀποσείεται</span> <span class='ocrx_word' id='word_1_364' title='bbox 1517 4048 1575 4100; x_wconf 79' lang='grc' dir='ltr'><strong>δὲ</strong></span> <span class='ocrx_word' id='word_1_365' title='bbox 1621 4048 1713 4102; x_wconf 83' lang='grc' dir='ltr'>τὸν</span> <span class='ocrx_word' id='word_1_366' title='bbox 1760 4049 1865 4114; x_wconf 76' lang='grc' dir='ltr'>ἔξω</span> 
     </span>
    </p>
   </div>
   <div class='ocr_carea' id='block_1_52' title="bbox 289 4130 1862 4210">
    <p class='ocr_par' dir='ltr' id='par_1_52' title="bbox 289 4130 1862 4210">
     <span class='ocr_line' id='line_1_52' title="bbox 289 4130 1862 4210; baseline 0.007 -27"><span class='ocrx_word' id='word_1_367' title='bbox 289 4133 548 4203; x_wconf 67' lang='grc' dir='ltr'>βκίνοντα</span> <span class='ocrx_word' id='word_1_368' title='bbox 577 4131 678 4200; x_wconf 86' lang='grc' dir='ltr'><strong>τῆς</strong></span> <span class='ocrx_word' id='word_1_369' title='bbox 722 4130 957 4197; x_wconf 80' lang='grc' dir='ltr'>εὐθείας,</span> <span class='ocrx_word' id='word_1_370' title='bbox 986 4133 1079 4186; x_wconf 82' lang='grc' dir='ltr'>καὶ</span> <span class='ocrx_word' id='word_1_371' title='bbox 1121 4135 1204 4205; x_wconf 80' lang='grc' dir='ltr'><strong>ἐφ’</strong></span> <span class='ocrx_word' id='word_1_372' title='bbox 1229 4135 1264 4190; x_wconf 77' lang='grc' dir='ltr'>ἃ</span> <span class='ocrx_word' id='word_1_373' title='bbox 1309 4137 1383 4208; x_wconf 84' lang='grc' dir='ltr'><strong>μὴ</strong></span> <span class='ocrx_word' id='word_1_374' title='bbox 1414 4141 1682 4210; x_wconf 84' lang='grc' dir='ltr'>προσήκει</span> <span class='ocrx_word' id='word_1_375' title='bbox 1729 4141 1862 4195; x_wconf 88' lang='grc' dir='ltr'>ἰέναι</span> 
     </span>
    </p>
   </div>
   <div class='ocr_carea' id='block_1_53' title="bbox 290 4222 678 4288">
    <p class='ocr_par' dir='ltr' id='par_1_53' title="bbox 290 4222 678 4288">
     <span class='ocr_line' id='line_1_53' title="bbox 290 4222 678 4288; baseline 0 -12"><span class='ocrx_word' id='word_1_376' title='bbox 290 4222 678 4288; x_wconf 76' lang='grc' dir='ltr'>σπουδάζοντα.</span> 
     </span>
    </p>
   </div>
   <div class='ocr_carea' id='block_1_54' title="bbox 353 4314 1864 4389">
    <p class='ocr_par' dir='ltr' id='par_1_54' title="bbox 353 4314 1864 4389">
     <span class='ocr_line' id='line_1_54' title="bbox 353 4314 1864 4389; baseline 0.005 -20"><span class='ocrx_word' id='word_1_377' title='bbox 353 4314 463 4369; x_wconf 82' lang='grc' dir='ltr'><strong>Καὶ</strong></span> <span class='ocrx_word' id='word_1_378' title='bbox 491 4314 780 4383; x_wconf 76' lang='grc' dir='ltr'>ἠνέγκατε</span> <span class='ocrx_word' id='word_1_379' title='bbox 819 4315 908 4379; x_wconf 81' lang='grc' dir='ltr'><strong>είς</strong></span> <span class='ocrx_word' id='word_1_380' title='bbox 950 4314 1105 4382; x_wconf 76' lang='grc' dir='ltr'>πρωῒ</span> <span class='ocrx_word' id='word_1_381' title='bbox 1154 4317 1374 4370; x_wconf 79' lang='grc' dir='ltr'>θυσίαν</span> <span class='ocrx_word' id='word_1_382' title='bbox 1395 4317 1580 4387; x_wconf 80' lang='grc' dir='ltr'>ὑμῶν,</span> <span class='ocrx_word' id='word_1_383' title='bbox 1606 4321 1695 4386; x_wconf 81' lang='grc' dir='ltr'>εἰς</span> <span class='ocrx_word' id='word_1_384' title='bbox 1748 4323 1864 4389; x_wconf 82' lang='grc' dir='ltr'>τὴν</span> 
     </span>
    </p>
   </div>
   <div class='ocr_carea' id='block_1_55' title="bbox 285 4403 1858 4480">
    <p class='ocr_par' dir='ltr' id='par_1_55' title="bbox 285 4403 1858 4480">
     <span class='ocr_line' id='line_1_55' title="bbox 285 4403 1858 4480; baseline 0.004 -22"><span class='ocrx_word' id='word_1_385' title='bbox 285 4406 625 4475; x_wconf 68' lang='grc' dir='ltr'>τριωιερίαν</span> <span class='ocrx_word' id='word_1_386' title='bbox 647 4405 718 4459; x_wconf 84' lang='grc' dir='ltr'>τὰ</span> <span class='ocrx_word' id='word_1_387' title='bbox 743 4403 1066 4459; x_wconf 79' lang='grc' dir='ltr'>ἐπιδέκατα</span> <span class='ocrx_word' id='word_1_388' title='bbox 1112 4406 1297 4475; x_wconf 82' lang='grc' dir='ltr'>ὑμῶν.</span> <span class='ocrx_word' id='word_1_389' title='bbox 1345 4408 1456 4462; x_wconf 77' lang='grc' dir='ltr'><strong>Καὶ</strong></span> <span class='ocrx_word' id='word_1_390' title='bbox 1503 4409 1858 4480; x_wconf 71' lang='grc' dir='ltr'>ἀνέγνωσαν</span> 
     </span>
    </p>
   </div>
   <div class='ocr_carea' id='block_1_56' title="bbox 2050 1405 3557 1479">
    <p class='ocr_par' dir='ltr' id='par_1_56' title="bbox 2050 1405 3557 1479">
     <span class='ocr_line' id='line_1_56' title="bbox 2050 1405 3557 1479; baseline 0.005 -18"><span class='ocrx_word' id='word_1_391' title='bbox 2050 1405 2212 1463; x_wconf 71' lang='lat' dir='ltr'><strong>Vens.</strong></span> <span class='ocrx_word' id='word_1_392' title='bbox 2247 1407 2302 1462; x_wconf 72' lang='grc'>4.</span> <span class='ocrx_word' id='word_1_393' title='bbox 2339 1406 2567 1463; x_wconf 83' lang='lat' dir='ltr'><strong>Venistis</strong></span> <span class='ocrx_word' id='word_1_394' title='bbox 2594 1411 2663 1464; x_wconf 87' lang='lat' dir='ltr'><strong>ad</strong></span> <span class='ocrx_word' id='word_1_395' title='bbox 2685 1408 2885 1476; x_wconf 82' lang='lat' dir='ltr'><strong>Bethel,</strong></span> <span class='ocrx_word' id='word_1_396' title='bbox 2914 1421 2965 1465; x_wconf 87' lang='lat' dir='ltr'><strong>et</strong></span> <span class='ocrx_word' id='word_1_397' title='bbox 2999 1411 3156 1479; x_wconf 86' lang='lat' dir='ltr'><strong>impie</strong></span> <span class='ocrx_word' id='word_1_398' title='bbox 3188 1411 3392 1479; x_wconf 90' lang='lat' dir='ltr'><strong>egistis,</strong></span> <span class='ocrx_word' id='word_1_399' title='bbox 3423 1423 3474 1468; x_wconf 85' lang='lat' dir='ltr'><strong>et</strong></span> <span class='ocrx_word' id='word_1_400' title='bbox 3500 1414 3557 1469; x_wconf 81' lang='lat' dir='ltr'><strong>in</strong></span> 
     </span>
    </p>
   </div>
   <div class='ocr_carea' id='block_1_57' title="bbox 1981 1495 3270 1568">
    <p class='ocr_par' dir='ltr' id='par_1_57' title="bbox 1981 1495 3270 1568">
     <span class='ocr_line' id='line_1_57' title="bbox 1981 1495 3270 1568; baseline 0.002 -16"><span class='ocrx_word' id='word_1_401' title='bbox 1981 1495 2224 1565; x_wconf 83' lang='lat' dir='ltr'><strong>Galgala,</strong></span> <span class='ocrx_word' id='word_1_402' title='bbox 2257 1507 2304 1552; x_wconf 84' lang='lat' dir='ltr'><strong>et</strong></span> <span class='ocrx_word' id='word_1_403' title='bbox 2329 1497 2719 1563; x_wconf 85' lang='lat' dir='ltr'><strong>multiplicastis</strong></span> <span class='ocrx_word' id='word_1_404' title='bbox 2754 1508 2810 1552; x_wconf 84' lang='lat' dir='ltr'><strong>ut</strong></span> <span class='ocrx_word' id='word_1_405' title='bbox 2844 1500 2999 1568; x_wconf 82' lang='lat' dir='ltr'><strong>impie</strong></span> <span class='ocrx_word' id='word_1_406' title='bbox 3029 1502 3270 1568; x_wconf 89' lang='lat' dir='ltr'><strong>ageretis.</strong></span> 
     </span>
    </p>
   </div>
   <div class='ocr_carea' id='block_1_58' title="bbox 2051 1586 3552 1658">
    <p class='ocr_par' dir='ltr' id='par_1_58' title="bbox 2051 1586 3552 1658">
     <span class='ocr_line' id='line_1_58' title="bbox 2051 1586 3552 1658; baseline 0.005 -15"><span class='ocrx_word' id='word_1_407' title='bbox 2051 1586 2269 1643; x_wconf 80' lang='lat' dir='ltr'><strong>XXXV.</strong></span> <span class='ocrx_word' id='word_1_408' title='bbox 2304 1589 2533 1658; x_wconf 82' lang='lat' dir='ltr'><strong>Apponit</strong></span> <span class='ocrx_word' id='word_1_409' title='bbox 2557 1590 2742 1643; x_wconf 88' lang='lat' dir='ltr'><strong>statim</strong></span> <span class='ocrx_word' id='word_1_410' title='bbox 2781 1589 3078 1644; x_wconf 89' lang='lat' dir='ltr'><strong>ultionibus</strong></span> <span class='ocrx_word' id='word_1_411' title='bbox 3110 1603 3354 1657; x_wconf 86' lang='lat' dir='ltr'><strong>peccata,</strong></span> <span class='ocrx_word' id='word_1_412' title='bbox 3397 1593 3552 1650; x_wconf 81' lang='lat' dir='ltr'><strong>cala-</strong></span> 
     </span>
    </p>
   </div>
   <div class='ocr_carea' id='block_1_59' title="bbox 1983 1677 3555 1748">
    <p class='ocr_par' dir='ltr' id='par_1_59' title="bbox 1983 1677 3555 1748">
     <span class='ocr_line' id='line_1_59' title="bbox 1983 1677 3555 1748; baseline 0.003 -14"><span class='ocrx_word' id='word_1_413' title='bbox 1983 1677 2339 1748; x_wconf 87' lang='lat' dir='ltr'><strong>mitatumque</strong></span> <span class='ocrx_word' id='word_1_414' title='bbox 2369 1678 2772 1734; x_wconf 82' lang='lat' dir='ltr'><strong>narrationibus</strong></span> <span class='ocrx_word' id='word_1_415' title='bbox 2823 1679 3086 1735; x_wconf 83' lang='lat' dir='ltr'><strong>scelerate</strong></span> <span class='ocrx_word' id='word_1_416' title='bbox 3122 1681 3388 1737; x_wconf 85' lang='lat' dir='ltr'><strong>factorum</strong></span> <span class='ocrx_word' id='word_1_417' title='bbox 3438 1699 3555 1738; x_wconf 86' lang='lat' dir='ltr'><strong>ma-</strong></span> 
     </span>
    </p>
   </div>
   <div class='ocr_carea' id='block_1_60' title="bbox 1985 1767 3553 1842">
    <p class='ocr_par' dir='ltr' id='par_1_60' title="bbox 1985 1767 3553 1842">
     <span class='ocr_line' id='line_1_60' title="bbox 1985 1767 3553 1842; baseline 0.005 -20"><span class='ocrx_word' id='word_1_418' title='bbox 1985 1767 2237 1824; x_wconf 89' lang='lat' dir='ltr'><strong>nifestam</strong></span> <span class='ocrx_word' id='word_1_419' title='bbox 2255 1769 2773 1825; x_wconf 84' lang='lat' dir='ltr'><strong>demonstrationem</strong></span> <span class='ocrx_word' id='word_1_420' title='bbox 2792 1771 2999 1826; x_wconf 84' lang='lat' dir='ltr'><strong>utiliter</strong></span> <span class='ocrx_word' id='word_1_421' title='bbox 3024 1772 3288 1842; x_wconf 76' lang='lat' dir='ltr'><strong>adiungit.</strong></span> <span class='ocrx_word' id='word_1_422' title='bbox 3310 1783 3367 1828; x_wconf 90' lang='lat' dir='ltr'><strong>ut</strong></span> <span class='ocrx_word' id='word_1_423' title='bbox 3394 1789 3553 1830; x_wconf 88' lang='lat' dir='ltr'><strong>nemo</strong></span> 
     </span>
    </p>
   </div>
   <div class='ocr_carea' id='block_1_61' title="bbox 1979 1861 3546 1932">
    <p class='ocr_par' dir='ltr' id='par_1_61' title="bbox 1979 1861 3546 1932">
     <span class='ocr_line' id='line_1_61' title="bbox 1979 1861 3546 1932; baseline 0.004 -16"><span class='ocrx_word' id='word_1_424' title='bbox 1979 1861 2243 1928; x_wconf 86' lang='lat' dir='ltr'><strong>derideat,</strong></span> <span class='ocrx_word' id='word_1_425' title='bbox 2274 1875 2448 1930; x_wconf 91' lang='lat' dir='ltr'><strong>neque</strong></span> <span class='ocrx_word' id='word_1_426' title='bbox 2468 1861 2803 1918; x_wconf 78' lang='lat' dir='ltr'><strong>criminetur</strong></span> <span class='ocrx_word' id='word_1_427' title='bbox 2835 1862 3024 1924; x_wconf 87' lang='lat' dir='ltr'><strong>Deum,</strong></span> <span class='ocrx_word' id='word_1_428' title='bbox 3057 1871 3114 1917; x_wconf 89' lang='lat' dir='ltr'><strong>ut</strong></span> <span class='ocrx_word' id='word_1_429' title='bbox 3150 1865 3241 1932; x_wconf 90' lang='lat' dir='ltr'><strong>qui</strong></span> <span class='ocrx_word' id='word_1_430' title='bbox 3267 1866 3546 1922; x_wconf 87' lang='lat' dir='ltr'><strong>crudelio-</strong></span> 
     </span>
    </p>
   </div>
   <div class='ocr_carea' id='block_1_62' title="bbox 1978 1953 3548 2024">
    <p class='ocr_par' dir='ltr' id='par_1_62' title="bbox 1978 1953 3548 2024">
     <span class='ocr_line' id='line_1_62' title="bbox 1978 1953 3548 2024; baseline 0.003 -17"><span class='ocrx_word' id='word_1_431' title='bbox 1978 1967 2092 2007; x_wconf 86' lang='lat' dir='ltr'><strong>rem</strong></span> <span class='ocrx_word' id='word_1_432' title='bbox 2119 1965 2357 2020; x_wconf 72' lang='lat' dir='ltr'><strong>ptenam,</strong></span> <span class='ocrx_word' id='word_1_433' title='bbox 2389 1966 2550 2020; x_wconf 89' lang='lat' dir='ltr'><strong>quam</strong></span> <span class='ocrx_word' id='word_1_434' title='bbox 2581 1966 2677 2020; x_wconf 89' lang='lat' dir='ltr'><strong>pro</strong></span> <span class='ocrx_word' id='word_1_435' title='bbox 2701 1953 2892 2006; x_wconf 90' lang='lat' dir='ltr'><strong>merito</strong></span> <span class='ocrx_word' id='word_1_436' title='bbox 2918 1953 3176 2008; x_wconf 86' lang='lat' dir='ltr'><strong>lsraelitis</strong></span> <span class='ocrx_word' id='word_1_437' title='bbox 3207 1955 3548 2024; x_wconf 87' lang='lat' dir='ltr'><strong>imposuerit.</strong></span> 
     </span>
    </p>
   </div>
   <div class='ocr_carea' id='block_1_63' title="bbox 1975 2042 3553 2114">
    <p class='ocr_par' dir='ltr' id='par_1_63' title="bbox 1975 2042 3553 2114">
     <span class='ocr_line' id='line_1_63' title="bbox 1975 2042 3553 2114; baseline 0.004 -18"><span class='ocrx_word' id='word_1_438' title='bbox 1975 2042 2103 2097; x_wconf 70' lang='lat' dir='ltr'><strong>Haac</strong></span> <span class='ocrx_word' id='word_1_439' title='bbox 2124 2043 2288 2108; x_wconf 89' lang='lat' dir='ltr'><strong>enim,</strong></span> <span class='ocrx_word' id='word_1_440' title='bbox 2319 2051 2373 2096; x_wconf 89' lang='lat' dir='ltr'><strong>et</strong></span> <span class='ocrx_word' id='word_1_441' title='bbox 2402 2043 2516 2097; x_wconf 63' lang='lat' dir='ltr'><strong>haec</strong></span> <span class='ocrx_word' id='word_1_442' title='bbox 2570 2043 2807 2107; x_wconf 81' lang='lat' dir='ltr'><strong>venient,</strong></span> <span class='ocrx_word' id='word_1_443' title='bbox 2862 2043 3059 2112; x_wconf 90' lang='lat' dir='ltr'><strong>inquit,</strong></span> <span class='ocrx_word' id='word_1_444' title='bbox 3119 2059 3284 2114; x_wconf 87' lang='lat' dir='ltr'><strong>super</strong></span> <span class='ocrx_word' id='word_1_445' title='bbox 3341 2062 3457 2101; x_wconf 91' lang='lat' dir='ltr'><strong>vos.</strong></span> <span class='ocrx_word' id='word_1_446' title='bbox 3484 2048 3553 2103; x_wconf 88' lang='lat' dir='ltr'><strong>Et</strong></span> 
     </span>
    </p>
   </div>
   <div class='ocr_carea' id='block_1_64' title="bbox 1975 2133 3550 2202">
    <p class='ocr_par' dir='ltr' id='par_1_64' title="bbox 1975 2133 3550 2202">
     <span class='ocr_line' id='line_1_64' title="bbox 1975 2133 3550 2202; baseline 0.004 -16"><span class='ocrx_word' id='word_1_447' title='bbox 1975 2134 2100 2202; x_wconf 90' lang='lat' dir='ltr'><strong>quia</strong></span> <span class='ocrx_word' id='word_1_448' title='bbox 2128 2137 2194 2199; x_wconf 48' lang='lat' dir='ltr'><strong>.in</strong></span> <span class='ocrx_word' id='word_1_449' title='bbox 2236 2133 2474 2188; x_wconf 90' lang='lat' dir='ltr'><strong>medium</strong></span> <span class='ocrx_word' id='word_1_450' title='bbox 2521 2135 2760 2198; x_wconf 81' lang='lat' dir='ltr'><strong>venient,</strong></span> <span class='ocrx_word' id='word_1_451' title='bbox 2815 2134 3013 2188; x_wconf 91' lang='lat' dir='ltr'><strong>clamat</strong></span> <span class='ocrx_word' id='word_1_452' title='bbox 3063 2152 3077 2190; x_wconf 89' lang='lat'><strong>:</strong></span> <span class='ocrx_word' id='word_1_453' title='bbox 3132 2153 3152 2188; x_wconf 75' lang='grc' dir='ltr'><strong>ι</strong></span> <span class='ocrx_word' id='word_1_454' title='bbox 3202 2135 3438 2193; x_wconf 83' lang='lat' dir='ltr'><strong>Venistis</strong></span> <span class='ocrx_word' id='word_1_455' title='bbox 3494 2139 3550 2193; x_wconf 89' lang='lat' dir='ltr'><strong>in</strong></span> 
     </span>
    </p>
   </div>
   <div class='ocr_carea' id='block_1_65' title="bbox 1974 2223 3549 2296">
    <p class='ocr_par' dir='ltr' id='par_1_65' title="bbox 1974 2223 3549 2296">
     <span class='ocr_line' id='line_1_65' title="bbox 1974 2223 3549 2296; baseline 0.005 -20"><span class='ocrx_word' id='word_1_456' title='bbox 1974 2223 2184 2296; x_wconf 75' lang='lat' dir='ltr'><strong>Betbel,</strong></span> <span class='ocrx_word' id='word_1_457' title='bbox 2215 2233 2270 2278; x_wconf 87' lang='lat' dir='ltr'><strong>et</strong></span> <span class='ocrx_word' id='word_1_458' title='bbox 2316 2223 2476 2292; x_wconf 91' lang='lat' dir='ltr'><strong>impie</strong></span> <span class='ocrx_word' id='word_1_459' title='bbox 2518 2224 2728 2293; x_wconf 75' lang='lat' dir='ltr'><strong>egistis,</strong></span> <span class='ocrx_word' id='word_1_460' title='bbox 2793 2241 2814 2277; x_wconf 73' lang='grc' dir='ltr'><strong>ι</strong></span> <span class='ocrx_word' id='word_1_461' title='bbox 2893 2227 2982 2280; x_wconf 90' lang='lat' dir='ltr'><strong>ubi</strong></span> <span class='ocrx_word' id='word_1_462' title='bbox 3044 2227 3270 2281; x_wconf 90' lang='lat' dir='ltr'><strong>vitulum</strong></span> <span class='ocrx_word' id='word_1_463' title='bbox 3323 2243 3549 2284; x_wconf 87' lang='lat' dir='ltr'><strong>aureum</strong></span> 
     </span>
    </p>
   </div>
   <div class='ocr_carea' id='block_1_66' title="bbox 1974 2313 3551 2387">
    <p class='ocr_par' dir='ltr' id='par_1_66' title="bbox 1974 2313 3551 2387">
     <span class='ocr_line' id='line_1_66' title="bbox 1974 2313 3551 2387; baseline 0.003 -18"><span class='ocrx_word' id='word_1_464' title='bbox 1974 2314 2252 2369; x_wconf 84' lang='lat' dir='ltr'><strong>constituit</strong></span> <span class='ocrx_word' id='word_1_465' title='bbox 2296 2314 2404 2370; x_wconf 88' lang='lat' dir='ltr'><strong>Deo</strong></span> <span class='ocrx_word' id='word_1_466' title='bbox 2445 2314 2651 2370; x_wconf 87' lang='lat' dir='ltr'><strong>invisus</strong></span> <span class='ocrx_word' id='word_1_467' title='bbox 2693 2313 2982 2370; x_wconf 84' lang='lat' dir='ltr'><strong>Jeroboam</strong></span> <span class='ocrx_word' id='word_1_468' title='bbox 3017 2319 3060 2370; x_wconf 79' lang='grc'>⁷.</span> <span class='ocrx_word' id='word_1_469' title='bbox 3100 2316 3178 2373; x_wconf 88' lang='lat' dir='ltr'><strong>lbi</strong></span> <span class='ocrx_word' id='word_1_470' title='bbox 3229 2320 3468 2387; x_wconf 75' lang='lat' dir='ltr'><strong>graviter</strong></span> <span class='ocrx_word' id='word_1_471' title='bbox 3495 2327 3551 2374; x_wconf 88' lang='lat' dir='ltr'><strong>et</strong></span> 
     </span>
    </p>
   </div>
   <div class='ocr_carea' id='block_1_67' title="bbox 1974 2407 3551 2480">
    <p class='ocr_par' dir='ltr' id='par_1_67' title="bbox 1974 2407 3551 2480">
     <span class='ocr_line' id='line_1_67' title="bbox 1974 2407 3551 2480; baseline 0.001 -18"><span class='ocrx_word' id='word_1_472' title='bbox 1974 2407 2180 2463; x_wconf 86' lang='lat' dir='ltr'><strong>nefarie</strong></span> <span class='ocrx_word' id='word_1_473' title='bbox 2210 2407 2379 2478; x_wconf 74' lang='lat' dir='ltr'><strong>legem</strong></span> <span class='ocrx_word' id='word_1_474' title='bbox 2409 2408 2646 2463; x_wconf 84' lang='lat' dir='ltr'><strong>violasse</strong></span> <span class='ocrx_word' id='word_1_475' title='bbox 2697 2409 3102 2465; x_wconf 91' lang='lat' dir='ltr'><strong>convincimiui.</strong></span> <span class='ocrx_word' id='word_1_476' title='bbox 3132 2410 3250 2464; x_wconf 88' lang='lat' dir='ltr'><strong>Tuli</strong></span> <span class='ocrx_word' id='word_1_477' title='bbox 3277 2413 3420 2465; x_wconf 88' lang='lat' dir='ltr'><strong>enim</strong></span> <span class='ocrx_word' id='word_1_478' title='bbox 3454 2425 3551 2480; x_wconf 90' lang='lat' dir='ltr'><strong>per</strong></span> 
     </span>
    </p>
   </div>
   <div class='ocr_carea' id='block_1_68' title="bbox 1973 2498 3552 2572">
    <p class='ocr_par' dir='ltr' id='par_1_68' title="bbox 1973 2498 3552 2572">
     <span class='ocr_line' id='line_1_68' title="bbox 1973 2498 3552 2572; baseline 0.002 -17"><span class='ocrx_word' id='word_1_479' title='bbox 1973 2500 2236 2572; x_wconf 75' lang='lat' dir='ltr'><strong>Moysen:</strong></span> <span class='ocrx_word' id='word_1_480' title='bbox 2287 2518 2306 2552; x_wconf 87' lang='grc' dir='ltr'><strong>ι</strong></span> <span class='ocrx_word' id='word_1_481' title='bbox 2334 2498 2448 2554; x_wconf 88' lang='lat' dir='ltr'><strong>Non</strong></span> <span class='ocrx_word' id='word_1_482' title='bbox 2483 2500 2647 2557; x_wconf 80' lang='lat' dir='ltr'><strong>l‘acies</strong></span> <span class='ocrx_word' id='word_1_483' title='bbox 2689 2503 2784 2557; x_wconf 90' lang='lat' dir='ltr'><strong>tibi</strong></span> <span class='ocrx_word' id='word_1_484' title='bbox 2833 2504 2964 2559; x_wconf 88' lang='lat' dir='ltr'><strong>deos</strong></span> <span class='ocrx_word' id='word_1_485' title='bbox 3019 2517 3211 2558; x_wconf 90' lang='lat' dir='ltr'><strong>aureos</strong></span> <span class='ocrx_word' id='word_1_486' title='bbox 3253 2513 3309 2558; x_wconf 88' lang='lat' dir='ltr'><strong>et</strong></span> <span class='ocrx_word' id='word_1_487' title='bbox 3361 2518 3552 2572; x_wconf 76' lang='lat' dir='ltr'><strong>argen-</strong></span> 
     </span>
    </p>
   </div>
   <div class='ocr_carea' id='block_1_69' title="bbox 1976 2593 3551 2665">
    <p class='ocr_par' dir='ltr' id='par_1_69' title="bbox 1976 2593 3551 2665">
     <span class='ocr_line' id='line_1_69' title="bbox 1976 2593 3551 2665; baseline 0.001 -17"><span class='ocrx_word' id='word_1_488' title='bbox 1976 2604 2090 2648; x_wconf 85' lang='lat' dir='ltr'><strong>teos</strong></span> <span class='ocrx_word' id='word_1_489' title='bbox 2106 2595 2127 2627; x_wconf 83' lang='grc'><strong><em>⁸</em></strong></span> <span class='ocrx_word' id='word_1_490' title='bbox 2145 2635 2162 2665; x_wconf 88' lang='grc'><strong>,</strong></span> <span class='ocrx_word' id='word_1_491' title='bbox 2183 2593 2464 2649; x_wconf 88' lang='lat' dir='ltr'><strong>Dominum</strong></span> <span class='ocrx_word' id='word_1_492' title='bbox 2488 2593 2650 2650; x_wconf 89' lang='lat' dir='ltr'><strong>Deum</strong></span> <span class='ocrx_word' id='word_1_493' title='bbox 2677 2604 2824 2650; x_wconf 91' lang='lat' dir='ltr'><strong>tuum</strong></span> <span class='ocrx_word' id='word_1_494' title='bbox 2859 2596 3129 2660; x_wconf 84' lang='lat' dir='ltr'><strong>adorabis,</strong></span> <span class='ocrx_word' id='word_1_495' title='bbox 3153 2606 3203 2650; x_wconf 89' lang='lat' dir='ltr'><strong>et</strong></span> <span class='ocrx_word' id='word_1_496' title='bbox 3223 2597 3294 2650; x_wconf 91' lang='lat' dir='ltr'><strong>illi</strong></span> <span class='ocrx_word' id='word_1_497' title='bbox 3314 2595 3410 2650; x_wconf 88' lang='lat' dir='ltr'><strong>soli</strong></span> <span class='ocrx_word' id='word_1_498' title='bbox 3433 2611 3551 2651; x_wconf 81' lang='lat' dir='ltr'><strong>ser-</strong></span> 
     </span>
    </p>
   </div>
   <div class='ocr_carea' id='block_1_70' title="bbox 1971 2685 3547 2756">
    <p class='ocr_par' dir='ltr' id='par_1_70' title="bbox 1971 2685 3547 2756">
     <span class='ocr_line' id='line_1_70' title="bbox 1971 2685 3547 2756; baseline 0.001 -15"><span class='ocrx_word' id='word_1_499' title='bbox 1971 2685 2084 2742; x_wconf 87' lang='lat' dir='ltr'><strong>vies</strong></span> <span class='ocrx_word' id='word_1_500' title='bbox 2110 2687 2152 2739; x_wconf 83' lang='grc'>⁹.</span> <span class='ocrx_word' id='word_1_501' title='bbox 2195 2704 2214 2739; x_wconf 74' lang='grc' dir='ltr'><strong>ι</strong></span> <span class='ocrx_word' id='word_1_502' title='bbox 2249 2686 2356 2740; x_wconf 83' lang='lat' dir='ltr'><strong>Vos</strong></span> <span class='ocrx_word' id='word_1_503' title='bbox 2396 2695 2577 2742; x_wconf 88' lang='lat' dir='ltr'><strong>autem</strong></span> <span class='ocrx_word' id='word_1_504' title='bbox 2638 2687 2924 2742; x_wconf 88' lang='lat' dir='ltr'><strong>irridentes</strong></span> <span class='ocrx_word' id='word_1_505' title='bbox 2973 2687 3144 2756; x_wconf 71' lang='lat' dir='ltr'><strong>legem</strong></span> <span class='ocrx_word' id='word_1_506' title='bbox 3189 2701 3386 2752; x_wconf 82' lang='lat' dir='ltr'><strong>meam,</strong></span> <span class='ocrx_word' id='word_1_507' title='bbox 3415 2687 3547 2742; x_wconf 82' lang='lat' dir='ltr'><strong>ado-</strong></span> 
     </span>
    </p>
   </div>
   <div class='ocr_carea' id='block_1_71' title="bbox 1974 2777 3545 2846">
    <p class='ocr_par' dir='ltr' id='par_1_71' title="bbox 1974 2777 3545 2846">
     <span class='ocr_line' id='line_1_71' title="bbox 1974 2777 3545 2846; baseline 0.001 -17"><span class='ocrx_word' id='word_1_508' title='bbox 1974 2777 2154 2842; x_wconf 88' lang='lat' dir='ltr'><strong>rastis,</strong></span> <span class='ocrx_word' id='word_1_509' title='bbox 2182 2777 2374 2846; x_wconf 88' lang='lat' dir='ltr'><strong>inquit,</strong></span> <span class='ocrx_word' id='word_1_510' title='bbox 2399 2793 2561 2846; x_wconf 85' lang='lat' dir='ltr'><strong>opera</strong></span> <span class='ocrx_word' id='word_1_511' title='bbox 2583 2794 2835 2832; x_wconf 88' lang='lat' dir='ltr'><strong>manuum</strong></span> <span class='ocrx_word' id='word_1_512' title='bbox 2865 2786 3194 2833; x_wconf 86' lang='lat' dir='ltr'><strong>vestrarum.</strong></span> <span class='ocrx_word' id='word_1_513' title='bbox 3230 2777 3293 2830; x_wconf 88' lang='lat' dir='ltr'><strong>Et</strong></span> <span class='ocrx_word' id='word_1_514' title='bbox 3323 2791 3545 2832; x_wconf 87' lang='lat' dir='ltr'><strong>aureum</strong></span> 
     </span>
    </p>
   </div>
   <div class='ocr_carea' id='block_1_72' title="bbox 1970 2867 3545 2935">
    <p class='ocr_par' dir='ltr' id='par_1_72' title="bbox 1970 2867 3545 2935">
     <span class='ocr_line' id='line_1_72' title="bbox 1970 2867 3545 2935; baseline -0.001 -13"><span class='ocrx_word' id='word_1_515' title='bbox 1970 2877 2261 2924; x_wconf 88' lang='lat' dir='ltr'><strong>cernentes</strong></span> <span class='ocrx_word' id='word_1_516' title='bbox 2287 2867 2537 2933; x_wconf 84' lang='lat' dir='ltr'><strong>vitulum,</strong></span> <span class='ocrx_word' id='word_1_517' title='bbox 2594 2878 2648 2924; x_wconf 86' lang='lat' dir='ltr'><strong>et</strong></span> <span class='ocrx_word' id='word_1_518' title='bbox 2705 2869 2988 2923; x_wconf 87' lang='lat' dir='ltr'><strong>materiam</strong></span> <span class='ocrx_word' id='word_1_519' title='bbox 3049 2869 3367 2932; x_wconf 86' lang='lat' dir='ltr'><strong>iuanimam,</strong></span> <span class='ocrx_word' id='word_1_520' title='bbox 3397 2867 3545 2935; x_wconf 88' lang='lat' dir='ltr'><strong>passi</strong></span> 
     </span>
    </p>
   </div>
   <div class='ocr_carea' id='block_1_73' title="bbox 1970 2959 3544 3031">
    <p class='ocr_par' dir='ltr' id='par_1_73' title="bbox 1970 2959 3544 3031">
     <span class='ocr_line' id='line_1_73' title="bbox 1970 2959 3544 3031; baseline -0.001 -16"><span class='ocrx_word' id='word_1_521' title='bbox 1970 2961 2100 3015; x_wconf 87' lang='lat' dir='ltr'><strong>estis</strong></span> <span class='ocrx_word' id='word_1_522' title='bbox 2143 2975 2296 3031; x_wconf 72' lang='lat' dir='ltr'><strong>aequo</strong></span> <span class='ocrx_word' id='word_1_523' title='bbox 2351 2963 2552 3027; x_wconf 89' lang='lat' dir='ltr'><strong>animo,</strong></span> <span class='ocrx_word' id='word_1_524' title='bbox 2605 2962 2817 3015; x_wconf 87' lang='lat' dir='ltr'><strong>dicente</strong></span> <span class='ocrx_word' id='word_1_525' title='bbox 2879 2961 3079 3014; x_wconf 91' lang='lat' dir='ltr'><strong>erroris</strong></span> <span class='ocrx_word' id='word_1_526' title='bbox 3125 2971 3347 3015; x_wconf 87' lang='lat' dir='ltr'><strong>auctore</strong></span> <span class='ocrx_word' id='word_1_527' title='bbox 3381 2977 3394 3011; x_wconf 90' lang='lat'>:</span> <span class='ocrx_word' id='word_1_528' title='bbox 3429 2977 3449 3011; x_wconf 81' lang='grc' dir='ltr'><strong>ι</strong></span> <span class='ocrx_word' id='word_1_529' title='bbox 3481 2959 3544 3014; x_wconf 72' lang='lat' dir='ltr'><strong>ili</strong></span> 
     </span>
    </p>
   </div>
   <div class='ocr_carea' id='block_1_74' title="bbox 1970 3049 3544 3118">
    <p class='ocr_par' dir='ltr' id='par_1_74' title="bbox 1970 3049 3544 3118">
     <span class='ocr_line' id='line_1_74' title="bbox 1970 3049 3544 3118; baseline 0 -16"><span class='ocrx_word' id='word_1_530' title='bbox 1970 3058 2094 3102; x_wconf 84' lang='lat' dir='ltr'><strong>sunt</strong></span> <span class='ocrx_word' id='word_1_531' title='bbox 2122 3049 2195 3104; x_wconf 93' lang='lat' dir='ltr'><strong>dii</strong></span> <span class='ocrx_word' id='word_1_532' title='bbox 2251 3051 2348 3117; x_wconf 88' lang='lat' dir='ltr'><strong>tui,</strong></span> <span class='ocrx_word' id='word_1_533' title='bbox 2408 3050 2589 3114; x_wconf 87' lang='lat' dir='ltr'><strong>Israel,</strong></span> <span class='ocrx_word' id='word_1_534' title='bbox 2655 3049 2745 3118; x_wconf 90' lang='lat' dir='ltr'><strong>qui</strong></span> <span class='ocrx_word' id='word_1_535' title='bbox 2801 3050 3104 3104; x_wconf 82' lang='lat' dir='ltr'><strong>eduxerunt</strong></span> <span class='ocrx_word' id='word_1_536' title='bbox 3166 3059 3218 3104; x_wconf 89' lang='lat' dir='ltr'><strong>te</strong></span> <span class='ocrx_word' id='word_1_537' title='bbox 3275 3051 3341 3104; x_wconf 90' lang='lat' dir='ltr'><strong>de</strong></span> <span class='ocrx_word' id='word_1_538' title='bbox 3400 3059 3544 3102; x_wconf 85' lang='lat' dir='ltr'><strong>terra</strong></span> 
     </span>
    </p>
   </div>
   <div class='ocr_carea' id='block_1_75' title="bbox 1969 3134 3542 3208">
    <p class='ocr_par' dir='ltr' id='par_1_75' title="bbox 1969 3134 3542 3208">
     <span class='ocr_line' id='line_1_75' title="bbox 1969 3134 3542 3208; baseline 0.001 -19"><span class='ocrx_word' id='word_1_539' title='bbox 1969 3134 2186 3206; x_wconf 62' lang='lat' dir='ltr'><strong>Egypti</strong></span> <span class='ocrx_word' id='word_1_540' title='bbox 2218 3139 2280 3191; x_wconf 73' lang='grc' dir='ltr'><strong>ιο.</strong></span> <span class='ocrx_word' id='word_1_541' title='bbox 2315 3156 2333 3190; x_wconf 76' lang='grc' dir='ltr'><strong>ι</strong></span> <span class='ocrx_word' id='word_1_542' title='bbox 2365 3137 2546 3208; x_wconf 76' lang='lat' dir='ltr'><strong>Longe</strong></span> <span class='ocrx_word' id='word_1_543' title='bbox 2574 3148 2755 3191; x_wconf 90' lang='lat' dir='ltr'><strong>autem</strong></span> <span class='ocrx_word' id='word_1_544' title='bbox 2805 3138 3096 3191; x_wconf 80' lang='lat' dir='ltr'><strong>maximam</strong></span> <span class='ocrx_word' id='word_1_545' title='bbox 3135 3138 3460 3207; x_wconf 82' lang='lat' dir='ltr'><strong>impietatem</strong></span> <span class='ocrx_word' id='word_1_546' title='bbox 3491 3139 3542 3191; x_wconf 91' lang='lat' dir='ltr'><strong>in</strong></span> 
     </span>
    </p>
   </div>
   <div class='ocr_carea' id='block_1_76' title="bbox 1971 3225 3539 3297">
    <p class='ocr_par' dir='ltr' id='par_1_76' title="bbox 1971 3225 3539 3297">
     <span class='ocr_line' id='line_1_76' title="bbox 1971 3225 3539 3297; baseline 0 -16"><span class='ocrx_word' id='word_1_547' title='bbox 1971 3225 2205 3297; x_wconf 75' lang='lat' dir='ltr'><strong>Galgalis</strong></span> <span class='ocrx_word' id='word_1_548' title='bbox 2230 3230 2581 3297; x_wconf 88' lang='lat' dir='ltr'><strong>perpetravit.</strong></span> <span class='ocrx_word' id='word_1_549' title='bbox 2628 3227 2752 3284; x_wconf 67' lang='lat' dir='ltr'><strong>Haec</strong></span> <span class='ocrx_word' id='word_1_550' title='bbox 2775 3238 2858 3284; x_wconf 89' lang='lat' dir='ltr'><strong>est</strong></span> <span class='ocrx_word' id='word_1_551' title='bbox 2889 3230 3018 3284; x_wconf 87' lang='lat' dir='ltr'><strong>urbs</strong></span> <span class='ocrx_word' id='word_1_552' title='bbox 3045 3239 3196 3285; x_wconf 86' lang='lat' dir='ltr'><strong>trans</strong></span> <span class='ocrx_word' id='word_1_553' title='bbox 3224 3229 3539 3294; x_wconf 86' lang='lat' dir='ltr'><strong>Jordanem,</strong></span> 
     </span>
    </p>
   </div>
   <div class='ocr_carea' id='block_1_77' title="bbox 1968 3319 3543 3391">
    <p class='ocr_par' dir='ltr' id='par_1_77' title="bbox 1968 3319 3543 3391">
     <span class='ocr_line' id='line_1_77' title="bbox 1968 3319 3543 3391; baseline 0.002 -20"><span class='ocrx_word' id='word_1_554' title='bbox 1968 3319 2033 3372; x_wconf 88' lang='lat' dir='ltr'><strong>ad</strong></span> <span class='ocrx_word' id='word_1_555' title='bbox 2064 3319 2388 3387; x_wconf 88' lang='lat' dir='ltr'><strong>apostasiam</strong></span> <span class='ocrx_word' id='word_1_556' title='bbox 2409 3320 2570 3374; x_wconf 90' lang='lat' dir='ltr'><strong>etiam</strong></span> <span class='ocrx_word' id='word_1_557' title='bbox 2595 3329 2769 3390; x_wconf 84' lang='lat' dir='ltr'><strong>atque</strong></span> <span class='ocrx_word' id='word_1_558' title='bbox 2797 3322 2960 3376; x_wconf 88' lang='lat' dir='ltr'><strong>etiam</strong></span> <span class='ocrx_word' id='word_1_559' title='bbox 2991 3335 3276 3391; x_wconf 78' lang='lat' dir='ltr'><strong>prepensa.</strong></span> <span class='ocrx_word' id='word_1_560' title='bbox 3311 3321 3543 3375; x_wconf 85' lang='lat' dir='ltr'><strong>Proinde</strong></span> 
     </span>
    </p>
   </div>
   <div class='ocr_carea' id='block_1_78' title="bbox 1967 3410 3543 3479">
    <p class='ocr_par' dir='ltr' id='par_1_78' title="bbox 1967 3410 3543 3479">
     <span class='ocr_line' id='line_1_78' title="bbox 1967 3410 3543 3479; baseline 0 -15"><span class='ocrx_word' id='word_1_561' title='bbox 1967 3410 2032 3464; x_wconf 88' lang='lat' dir='ltr'><strong>de</strong></span> <span class='ocrx_word' id='word_1_562' title='bbox 2057 3425 2123 3466; x_wconf 88' lang='lat' dir='ltr'><strong>ea</strong></span> <span class='ocrx_word' id='word_1_563' title='bbox 2151 3410 2283 3465; x_wconf 90' lang='lat' dir='ltr'><strong>dicit</strong></span> <span class='ocrx_word' id='word_1_564' title='bbox 2315 3411 2692 3466; x_wconf 88' lang='lat' dir='ltr'><strong>universorum</strong></span> <span class='ocrx_word' id='word_1_565' title='bbox 2726 3413 2984 3468; x_wconf 86' lang='lat' dir='ltr'><strong>Dominus</strong></span> <span class='ocrx_word' id='word_1_566' title='bbox 3016 3431 3031 3468; x_wconf 91' lang='lat'><strong>:</strong></span> <span class='ocrx_word' id='word_1_567' title='bbox 3069 3432 3088 3464; x_wconf 81' lang='grc' dir='ltr'><strong>ι</strong></span> <span class='ocrx_word' id='word_1_568' title='bbox 3119 3414 3320 3468; x_wconf 87' lang='lat' dir='ltr'><strong>Omnes</strong></span> <span class='ocrx_word' id='word_1_569' title='bbox 3351 3412 3543 3479; x_wconf 87' lang='lat' dir='ltr'><strong>nequi-</strong></span> 
     </span>
    </p>
   </div>
   <div class='ocr_carea' id='block_1_79' title="bbox 1967 3501 3538 3573">
    <p class='ocr_par' dir='ltr' id='par_1_79' title="bbox 1967 3501 3538 3573">
     <span class='ocr_line' id='line_1_79' title="bbox 1967 3501 3538 3573; baseline -0.001 -18"><span class='ocrx_word' id='word_1_570' title='bbox 1967 3501 2056 3556; x_wconf 63' lang='lat' dir='ltr'><strong>tia;</strong></span> <span class='ocrx_word' id='word_1_571' title='bbox 2078 3517 2264 3556; x_wconf 91' lang='lat' dir='ltr'><strong>eorum</strong></span> <span class='ocrx_word' id='word_1_572' title='bbox 2305 3502 2358 3557; x_wconf 90' lang='lat' dir='ltr'><strong>in</strong></span> <span class='ocrx_word' id='word_1_573' title='bbox 2399 3502 2644 3572; x_wconf 78' lang='lat' dir='ltr'><strong>Galgala,</strong></span> <span class='ocrx_word' id='word_1_574' title='bbox 2673 3505 2798 3573; x_wconf 85' lang='lat' dir='ltr'><strong>quia</strong></span> <span class='ocrx_word' id='word_1_575' title='bbox 2852 3505 2920 3558; x_wconf 86' lang='lat' dir='ltr'><strong>ibi</strong></span> <span class='ocrx_word' id='word_1_576' title='bbox 2978 3519 3172 3558; x_wconf 80' lang='lat' dir='ltr'><strong>esosos</strong></span> <span class='ocrx_word' id='word_1_577' title='bbox 3233 3503 3392 3556; x_wconf 90' lang='lat' dir='ltr'><strong>habui</strong></span> <span class='ocrx_word' id='word_1_578' title='bbox 3423 3517 3538 3564; x_wconf 87' lang='lat' dir='ltr'><strong>eos,</strong></span> 
     </span>
    </p>
   </div>
   <div class='ocr_carea' id='block_1_80' title="bbox 1965 3592 3542 3663">
    <p class='ocr_par' dir='ltr' id='par_1_80' title="bbox 1965 3592 3542 3663">
     <span class='ocr_line' id='line_1_80' title="bbox 1965 3592 3542 3663; baseline -0.001 -16"><span class='ocrx_word' id='word_1_579' title='bbox 1965 3603 2183 3663; x_wconf 88' lang='lat' dir='ltr'><strong>propter</strong></span> <span class='ocrx_word' id='word_1_580' title='bbox 2215 3595 2472 3648; x_wconf 86' lang='lat' dir='ltr'><strong>malitiam</strong></span> <span class='ocrx_word' id='word_1_581' title='bbox 2492 3595 2929 3649; x_wconf 89' lang='lat' dir='ltr'><strong>adinveutionum</strong></span> <span class='ocrx_word' id='word_1_582' title='bbox 2953 3597 3190 3663; x_wconf 89' lang='lat' dir='ltr'><strong>ipsorum</strong></span> <span class='ocrx_word' id='word_1_583' title='bbox 3227 3593 3294 3644; x_wconf 69' lang='grc' dir='ltr'><strong>ιι.</strong></span> <span class='ocrx_word' id='word_1_584' title='bbox 3336 3610 3355 3643; x_wconf 72' lang='grc' dir='ltr'><strong>ι</strong></span> <span class='ocrx_word' id='word_1_585' title='bbox 3388 3592 3542 3645; x_wconf 79' lang='lat' dir='ltr'><strong>Sicut</strong></span> 
     </span>
    </p>
   </div>
   <div class='ocr_carea' id='block_1_81' title="bbox 1967 3682 3540 3752">
    <p class='ocr_par' dir='ltr' id='par_1_81' title="bbox 1967 3682 3540 3752">
     <span class='ocr_line' id='line_1_81' title="bbox 1967 3682 3540 3752; baseline -0.003 -13"><span class='ocrx_word' id='word_1_586' title='bbox 1967 3686 2098 3740; x_wconf 81' lang='lat' dir='ltr'><strong>dicit</strong></span> <span class='ocrx_word' id='word_1_587' title='bbox 2154 3686 2662 3752; x_wconf 65' lang='lat' dir='ltr'><strong>Parentiographus</strong></span> <span class='ocrx_word' id='word_1_588' title='bbox 2695 3704 2708 3737; x_wconf 89' lang='lat'><strong>:</strong></span> <span class='ocrx_word' id='word_1_589' title='bbox 2751 3705 2769 3737; x_wconf 83' lang='grc' dir='ltr'><strong>ι</strong></span> <span class='ocrx_word' id='word_1_590' title='bbox 2813 3686 3014 3740; x_wconf 85' lang='lat' dir='ltr'><strong>Omnes</strong></span> <span class='ocrx_word' id='word_1_591' title='bbox 3049 3685 3148 3737; x_wconf 74' lang='lat' dir='ltr'><strong>vite</strong></span> <span class='ocrx_word' id='word_1_592' title='bbox 3175 3682 3406 3735; x_wconf 87' lang='lat' dir='ltr'><strong>hominis</strong></span> <span class='ocrx_word' id='word_1_593' title='bbox 3444 3697 3540 3748; x_wconf 90' lang='lat' dir='ltr'><strong>pa-</strong></span> 
     </span>
    </p>
   </div>
   <div class='ocr_carea' id='block_1_82' title="bbox 1964 3771 3533 3846">
    <p class='ocr_par' dir='ltr' id='par_1_82' title="bbox 1964 3771 3533 3846">
     <span class='ocr_line' id='line_1_82' title="bbox 1964 3771 3533 3846; baseline -0.004 -16"><span class='ocrx_word' id='word_1_594' title='bbox 1964 3776 2271 3831; x_wconf 81' lang='lat' dir='ltr'><strong>tentoculis</strong></span> <span class='ocrx_word' id='word_1_595' title='bbox 2303 3777 2444 3846; x_wconf 89' lang='lat' dir='ltr'><strong>ejus,</strong></span> <span class='ocrx_word' id='word_1_596' title='bbox 2481 3790 2670 3830; x_wconf 86' lang='lat' dir='ltr'><strong>omnes</strong></span> <span class='ocrx_word' id='word_1_597' title='bbox 2698 3777 2920 3831; x_wconf 82' lang='lat' dir='ltr'><strong>semitas</strong></span> <span class='ocrx_word' id='word_1_598' title='bbox 2954 3776 3069 3844; x_wconf 85' lang='lat' dir='ltr'><strong>ejus</strong></span> <span class='ocrx_word' id='word_1_599' title='bbox 3098 3771 3482 3828; x_wconf 79' lang='lat' dir='ltr'><strong>considerat&quot;.</strong></span> <span class='ocrx_word' id='word_1_600' title='bbox 3512 3789 3533 3824; x_wconf 71' lang='grc' dir='ltr'><strong>ι</strong></span> 
     </span>
    </p>
   </div>
   <div class='ocr_carea' id='block_1_83' title="bbox 1966 3863 3534 3935">
    <p class='ocr_par' dir='ltr' id='par_1_83' title="bbox 1966 3863 3534 3935">
     <span class='ocr_line' id='line_1_83' title="bbox 1966 3863 3534 3935; baseline -0.004 -12"><span class='ocrx_word' id='word_1_601' title='bbox 1966 3869 2030 3923; x_wconf 85' lang='grc' dir='ltr'>Ει</span> <span class='ocrx_word' id='word_1_602' title='bbox 2079 3867 2316 3922; x_wconf 88' lang='lat' dir='ltr'><strong>admittit</strong></span> <span class='ocrx_word' id='word_1_603' title='bbox 2377 3867 2470 3935; x_wconf 92' lang='lat' dir='ltr'><strong>qui</strong></span> <span class='ocrx_word' id='word_1_604' title='bbox 2521 3867 2916 3921; x_wconf 88' lang='lat' dir='ltr'><strong>contenderunt</strong></span> <span class='ocrx_word' id='word_1_605' title='bbox 2973 3873 3117 3919; x_wconf 88' lang='lat' dir='ltr'><strong>recte</strong></span> <span class='ocrx_word' id='word_1_606' title='bbox 3158 3863 3316 3918; x_wconf 89' lang='lat' dir='ltr'><strong>ambu</strong></span> <span class='ocrx_word' id='word_1_607' title='bbox 3345 3877 3470 3930; x_wconf 86' lang='lat' dir='ltr'><strong>are;</strong></span> <span class='ocrx_word' id='word_1_608' title='bbox 3504 3879 3534 3917; x_wconf 88' lang='lat' dir='ltr'><strong>a</strong></span> 
     </span>
    </p>
   </div>
   <div class='ocr_carea' id='block_1_84' title="bbox 1969 3954 3539 4016">
    <p class='ocr_par' dir='ltr' id='par_1_84' title="bbox 1969 3954 3539 4016">
     <span class='ocr_line' id='line_1_84' title="bbox 1969 3954 3539 4016; baseline -0.005 0"><span class='ocrx_word' id='word_1_609' title='bbox 1969 3969 2114 4016; x_wconf 88' lang='lat' dir='ltr'><strong>recto</strong></span> <span class='ocrx_word' id='word_1_610' title='bbox 2144 3969 2322 4014; x_wconf 90' lang='lat' dir='ltr'><strong>autem</strong></span> <span class='ocrx_word' id='word_1_611' title='bbox 2384 3959 2578 4013; x_wconf 91' lang='lat' dir='ltr'><strong>itinere</strong></span> <span class='ocrx_word' id='word_1_612' title='bbox 2629 3958 2988 4014; x_wconf 87' lang='lat' dir='ltr'><strong>declinantem</strong></span> <span class='ocrx_word' id='word_1_613' title='bbox 3029 3964 3086 4011; x_wconf 90' lang='lat' dir='ltr'><strong>et</strong></span> <span class='ocrx_word' id='word_1_614' title='bbox 3116 3954 3422 4011; x_wconf 86' lang='lat' dir='ltr'><strong>studentem</strong></span> <span class='ocrx_word' id='word_1_615' title='bbox 3457 3955 3539 4009; x_wconf 86' lang='lat' dir='ltr'><strong>ire</strong></span> 
     </span>
    </p>
   </div>
   <div class='ocr_carea' id='block_1_85' title="bbox 1966 4048 3020 4122">
    <p class='ocr_par' dir='ltr' id='par_1_85' title="bbox 1966 4048 3020 4122">
     <span class='ocr_line' id='line_1_85' title="bbox 1966 4048 3020 4122; baseline -0.005 -16"><span class='ocrx_word' id='word_1_616' title='bbox 1966 4054 2032 4106; x_wconf 88' lang='lat' dir='ltr'><strong>ad</strong></span> <span class='ocrx_word' id='word_1_617' title='bbox 2059 4066 2178 4122; x_wconf 61' lang='lat' dir='ltr'><strong>quae</strong></span> <span class='ocrx_word' id='word_1_618' title='bbox 2210 4067 2314 4107; x_wconf 91' lang='lat' dir='ltr'><strong>non</strong></span> <span class='ocrx_word' id='word_1_619' title='bbox 2340 4050 2608 4120; x_wconf 87' lang='lat' dir='ltr'><strong>permisit,</strong></span> <span class='ocrx_word' id='word_1_620' title='bbox 2631 4065 2660 4104; x_wconf 88' lang='lat' dir='ltr'><strong>a</strong></span> <span class='ocrx_word' id='word_1_621' title='bbox 2696 4062 2756 4108; x_wconf 82' lang='lat' dir='ltr'><strong>se</strong></span> <span class='ocrx_word' id='word_1_622' title='bbox 2786 4048 3020 4119; x_wconf 90' lang='lat' dir='ltr'><strong>repellit.</strong></span> 
     </span>
    </p>
   </div>
   <div class='ocr_carea' id='block_1_86' title="bbox 2035 4310 3532 4379">
    <p class='ocr_par' dir='ltr' id='par_1_86' title="bbox 2035 4310 3532 4379">
     <span class='ocr_line' id='line_1_86' title="bbox 2035 4310 3532 4379; baseline -0.012 -4"><span class='ocrx_word' id='word_1_623' title='bbox 2035 4320 2199 4374; x_wconf 73' lang='lat' dir='ltr'><strong>Vens.</strong></span> <span class='ocrx_word' id='word_1_624' title='bbox 2232 4318 2285 4372; x_wconf 78' lang='lat'><strong>5.</strong></span> <span class='ocrx_word' id='word_1_625' title='bbox 2319 4314 2385 4370; x_wconf 88' lang='lat' dir='ltr'><strong>Et</strong></span> <span class='ocrx_word' id='word_1_626' title='bbox 2414 4315 2670 4370; x_wconf 81' lang='lat' dir='ltr'><strong>attulistis</strong></span> <span class='ocrx_word' id='word_1_627' title='bbox 2690 4314 2743 4367; x_wconf 88' lang='lat' dir='ltr'><strong>in</strong></span> <span class='ocrx_word' id='word_1_628' title='bbox 2763 4328 2915 4367; x_wconf 83' lang='lat' dir='ltr'><strong>mane</strong></span> <span class='ocrx_word' id='word_1_629' title='bbox 2937 4310 3260 4379; x_wconf 74' lang='lat' dir='ltr'><strong>sacriﬁcium</strong></span> <span class='ocrx_word' id='word_1_630' title='bbox 3282 4316 3532 4371; x_wconf 77' lang='lat' dir='ltr'><strong>vestrum,</strong></span> 
     </span>
    </p>
   </div>
   <div class='ocr_carea' id='block_1_87' title="bbox 1966 4402 3530 4474">
    <p class='ocr_par' dir='ltr' id='par_1_87' title="bbox 1966 4402 3530 4474">
     <span class='ocr_line' id='line_1_87' title="bbox 1966 4402 3530 4474; baseline -0.01 -6"><span class='ocrx_word' id='word_1_631' title='bbox 1966 4416 2017 4468; x_wconf 87' lang='lat' dir='ltr'><strong>in</strong></span> <span class='ocrx_word' id='word_1_632' title='bbox 2049 4413 2281 4471; x_wconf 82' lang='lat' dir='ltr'><strong>triduum</strong></span> <span class='ocrx_word' id='word_1_633' title='bbox 2311 4410 2538 4463; x_wconf 83' lang='lat' dir='ltr'><strong>decimas</strong></span> <span class='ocrx_word' id='word_1_634' title='bbox 2574 4417 2796 4460; x_wconf 83' lang='lat' dir='ltr'><strong>vestras.</strong></span> <span class='ocrx_word' id='word_1_635' title='bbox 2831 4403 2897 4458; x_wconf 81' lang='lat' dir='ltr'><strong>Et</strong></span> <span class='ocrx_word' id='word_1_636' title='bbox 2919 4404 3151 4474; x_wconf 82' lang='lat' dir='ltr'><strong>legerunt</strong></span> <span class='ocrx_word' id='word_1_637' title='bbox 3191 4402 3320 4471; x_wconf 81' lang='lat' dir='ltr'><strong>{oris</strong></span> <span class='ocrx_word' id='word_1_638' title='bbox 3347 4402 3530 4470; x_wconf 77' lang='lat' dir='ltr'><strong>legem,</strong></span> 
     </span>
    </p>
   </div>
   <div class='ocr_carea' id='block_1_88' title="bbox 285 4491 1869 4571">
    <p class='ocr_par' dir='ltr' id='par_1_88' title="bbox 285 4496 1860 4571">
     <span class='ocr_line' id='line_1_88' title="bbox 285 4496 1860 4571; baseline 0.002 -21"><span class='ocrx_word' id='word_1_639' title='bbox 285 4498 400 4561; x_wconf 80' lang='grc' dir='ltr'><strong>ἔξω</strong></span> <span class='ocrx_word' id='word_1_640' title='bbox 423 4498 631 4566; x_wconf 83' lang='grc' dir='ltr'>νόμον,</span> <span class='ocrx_word' id='word_1_641' title='bbox 657 4497 756 4550; x_wconf 79' lang='grc' dir='ltr'>καὶ</span> <span class='ocrx_word' id='word_1_642' title='bbox 790 4496 1242 4551; x_wconf 78' lang='grc' dir='ltr'>ἐπεκαλέσαντο</span> <span class='ocrx_word' id='word_1_643' title='bbox 1276 4501 1617 4571; x_wconf 76' lang='grc' dir='ltr'>ὁμολογίαν.</span> <span class='ocrx_word' id='word_1_644' title='bbox 1654 4503 1860 4571; x_wconf 76' lang='grc' dir='ltr'>Ἀπαγ-</span> 
     </span>
    </p>
   </div>
   <div class='ocr_carea' id='block_1_89' title="bbox 1971 4491 3532 4571">
    <p class='ocr_par' dir='ltr' id='par_1_89' title="bbox 1971 4491 3532 4567">
     <span class='ocr_line' id='line_1_89' title="bbox 1971 4491 3532 4567; baseline -0.01 -9"><span class='ocrx_word' id='word_1_645' title='bbox 1971 4513 2020 4558; x_wconf 78' lang='lat' dir='ltr'><strong>et</strong></span> <span class='ocrx_word' id='word_1_646' title='bbox 2046 4505 2415 4557; x_wconf 81' lang='lat' dir='ltr'><strong>invocaverunt</strong></span> <span class='ocrx_word' id='word_1_647' title='bbox 2461 4498 2858 4567; x_wconf 80' lang='lat' dir='ltr'><strong>confessionem.</strong></span> <span class='ocrx_word' id='word_1_648' title='bbox 2898 4495 3237 4560; x_wconf 82' lang='lat' dir='ltr'><strong>Annunliate,</strong></span> <span class='ocrx_word' id='word_1_649' title='bbox 3285 4491 3532 4562; x_wconf 81' lang='lat' dir='ltr'><strong>quoniam</strong></span> 
     </span>
    </p>
   </div>
   <div class='ocr_carea' id='block_1_90' title="bbox 283 4587 1856 4660">
    <p class='ocr_par' dir='ltr' id='par_1_90' title="bbox 283 4587 1856 4660">
     <span class='ocr_line' id='line_1_90' title="bbox 283 4587 1856 4660; baseline 0.004 -19"><span class='ocrx_word' id='word_1_650' title='bbox 283 4589 516 4656; x_wconf 79' lang='grc' dir='ltr'>γείλατε</span> <span class='ocrx_word' id='word_1_651' title='bbox 561 4588 650 4642; x_wconf 86' lang='grc' dir='ltr'>ὅτι</span> <span class='ocrx_word' id='word_1_652' title='bbox 695 4588 884 4642; x_wconf 85' lang='grc' dir='ltr'>ταῦτα</span> <span class='ocrx_word' id='word_1_653' title='bbox 915 4587 1247 4659; x_wconf 77' lang='grc' dir='ltr'>ἠγάπησαν</span> <span class='ocrx_word' id='word_1_654' title='bbox 1292 4590 1410 4644; x_wconf 80' lang='grc' dir='ltr'>υἱοὶ</span> <span class='ocrx_word' id='word_1_655' title='bbox 1449 4592 1723 4660; x_wconf 82' lang='grc' dir='ltr'>Ἰσραὴλ,</span> <span class='ocrx_word' id='word_1_656' title='bbox 1755 4594 1856 4648; x_wconf 79' lang='grc' dir='ltr'><strong>λέ-</strong></span> 
     </span>
    </p>
   </div>
   <div class='ocr_carea' id='block_1_91' title="bbox 283 4680 633 4747">
    <p class='ocr_par' dir='ltr' id='par_1_91' title="bbox 283 4680 633 4747">
     <span class='ocr_line' id='line_1_91' title="bbox 283 4680 633 4747; baseline 0.009 -17"><span class='ocrx_word' id='word_1_657' title='bbox 283 4697 372 4747; x_wconf 77' lang='grc' dir='ltr'><strong>γει</strong></span> <span class='ocrx_word' id='word_1_658' title='bbox 402 4680 633 4746; x_wconf 75' lang='grc' dir='ltr'>Κύριος.</span> 
     </span>
    </p>
   </div>
   <div class='ocr_carea' id='block_1_92' title="bbox 352 4767 1858 4846">
    <p class='ocr_par' dir='ltr' id='par_1_92' title="bbox 352 4767 1858 4846">
     <span class='ocr_line' id='line_1_92' title="bbox 352 4767 1858 4846; baseline 0.005 -25"><span class='ocrx_word' id='word_1_659' title='bbox 352 4767 492 4836; x_wconf 68' lang='lat' dir='ltr'><strong>ACT&#39;.</strong></span> <span class='ocrx_word' id='word_1_660' title='bbox 520 4770 806 4824; x_wconf 89' lang='grc' dir='ltr'>Πάνδεινον</span> <span class='ocrx_word' id='word_1_661' title='bbox 855 4771 1091 4842; x_wconf 84' lang='grc' dir='ltr'>άληθῶς,</span> <span class='ocrx_word' id='word_1_662' title='bbox 1149 4771 1243 4826; x_wconf 75' lang='grc' dir='ltr'><strong>καί¹</strong></span> <span class='ocrx_word' id='word_1_663' title='bbox 1291 4772 1578 4839; x_wconf 78' lang='grc' dir='ltr'>δυσσεϐὲς,</span> <span class='ocrx_word' id='word_1_664' title='bbox 1612 4769 1744 4846; x_wconf 85' lang='grc' dir='ltr'>ἦκον</span> <span class='ocrx_word' id='word_1_665' title='bbox 1778 4776 1858 4838; x_wconf 88' lang='grc' dir='ltr'><strong>είς</strong></span> 
     </span>
    </p>
   </div>
   <div class='ocr_carea' id='block_1_93' title="bbox 281 4861 1861 4936">
    <p class='ocr_par' dir='ltr' id='par_1_93' title="bbox 281 4861 1861 4936">
     <span class='ocr_line' id='line_1_93' title="bbox 281 4861 1861 4936; baseline 0.004 -24"><span class='ocrx_word' id='word_1_666' title='bbox 281 4861 432 4931; x_wconf 80' lang='grc' dir='ltr'>λῆξιν</span> <span class='ocrx_word' id='word_1_667' title='bbox 469 4862 567 4931; x_wconf 77' lang='grc' dir='ltr'><strong>τὴν</strong></span> <span class='ocrx_word' id='word_1_668' title='bbox 629 4863 908 4930; x_wconf 84' lang='grc' dir='ltr'>ἀνωτάτω,</span> <span class='ocrx_word' id='word_1_669' title='bbox 959 4865 1020 4919; x_wconf 83' lang='grc' dir='ltr'><strong>τὸ</strong></span> <span class='ocrx_word' id='word_1_670' title='bbox 1065 4865 1507 4936; x_wconf 88' lang='grc' dir='ltr'>παρασημαίνειν</span> <span class='ocrx_word' id='word_1_671' title='bbox 1543 4864 1861 4936; x_wconf 77' lang='grc' dir='ltr'>ἀποτολμᾷν-</span> 
     </span>
    </p>
   </div>
   <div class='ocr_carea' id='block_1_94' title="bbox 281 4952 1856 5026">
    <p class='ocr_par' dir='ltr' id='par_1_94' title="bbox 281 4952 1856 5026">
     <span class='ocr_line' id='line_1_94' title="bbox 281 4952 1856 5026; baseline 0 -20"><span class='ocrx_word' id='word_1_672' title='bbox 281 4954 381 5025; x_wconf 81' lang='grc' dir='ltr'>τὴν</span> <span class='ocrx_word' id='word_1_673' title='bbox 401 4952 495 5004; x_wconf 85' lang='grc' dir='ltr'><strong>τοῦ</strong></span> <span class='ocrx_word' id='word_1_674' title='bbox 526 4952 660 5004; x_wconf 77' lang='grc' dir='ltr'>Θεοῦ</span> <span class='ocrx_word' id='word_1_675' title='bbox 686 4953 858 5018; x_wconf 79' lang='grc' dir='ltr'>δόξαν,</span> <span class='ocrx_word' id='word_1_676' title='bbox 884 4956 979 5008; x_wconf 76' lang='grc' dir='ltr'>καὶ</span> <span class='ocrx_word' id='word_1_677' title='bbox 1008 4957 1152 5026; x_wconf 85' lang='grc' dir='ltr'>ἆπερ</span> <span class='ocrx_word' id='word_1_678' title='bbox 1183 4953 1247 5007; x_wconf 84' lang='grc' dir='ltr'><strong>ἂν</strong></span> <span class='ocrx_word' id='word_1_679' title='bbox 1276 4954 1423 5024; x_wconf 85' lang='grc' dir='ltr'>αὑτῷ</span> <span class='ocrx_word' id='word_1_680' title='bbox 1454 4971 1534 5020; x_wconf 87' lang='grc' dir='ltr'><strong>τε,</strong></span> <span class='ocrx_word' id='word_1_681' title='bbox 1585 4956 1678 5008; x_wconf 74' lang='grc' dir='ltr'><strong>καὶ</strong></span> <span class='ocrx_word' id='word_1_682' title='bbox 1709 4955 1856 5026; x_wconf 85' lang='grc' dir='ltr'>μόνῳ</span> 
     </span>
    </p>
   </div>
   <div class='ocr_carea' id='block_1_95' title="bbox 285 5037 1858 5112">
    <p class='ocr_par' dir='ltr' id='par_1_95' title="bbox 285 5037 1858 5112">
     <span class='ocr_line' id='line_1_95' title="bbox 285 5037 1858 5112; baseline 0.004 -24"><span class='ocrx_word' id='word_1_683' title='bbox 285 5037 509 5106; x_wconf 81' lang='grc' dir='ltr'>πρέπει,</span> <span class='ocrx_word' id='word_1_684' title='bbox 533 5037 702 5090; x_wconf 83' lang='grc' dir='ltr'>ταῦτα</span> <span class='ocrx_word' id='word_1_685' title='bbox 724 5042 844 5103; x_wconf 83' lang='grc' dir='ltr'>ταῖς</span> <span class='ocrx_word' id='word_1_686' title='bbox 871 5040 1100 5095; x_wconf 77' lang='grc' dir='ltr'>εἰδώλων</span> <span class='ocrx_word' id='word_1_687' title='bbox 1133 5043 1392 5096; x_wconf 84' lang='grc' dir='ltr'>ἀνάπτειν</span> <span class='ocrx_word' id='word_1_688' title='bbox 1419 5045 1628 5112; x_wconf 84' lang='grc' dir='ltr'>τιμαῖς.</span> <span class='ocrx_word' id='word_1_689' title='bbox 1659 5044 1720 5096; x_wconf 80' lang='lat' dir='ltr'><strong>Oi</strong></span> <span class='ocrx_word' id='word_1_690' title='bbox 1753 5042 1858 5112; x_wconf 81' lang='grc' dir='ltr'><strong>γὰρ</strong></span> 
     </span>
    </p>
   </div>
   <div class='ocr_carea' id='block_1_96' title="bbox 282 5126 1855 5200">
    <p class='ocr_par' dir='ltr' id='par_1_96' title="bbox 282 5126 1855 5200">
     <span class='ocr_line' id='line_1_96' title="bbox 282 5126 1855 5200; baseline 0.003 -22"><span class='ocrx_word' id='word_1_691' title='bbox 282 5126 442 5179; x_wconf 85' lang='grc' dir='ltr'>τοῦτο</span> <span class='ocrx_word' id='word_1_692' title='bbox 468 5126 599 5196; x_wconf 80' lang='grc' dir='ltr'>δρᾷν</span> <span class='ocrx_word' id='word_1_693' title='bbox 637 5127 908 5192; x_wconf 80' lang='grc' dir='ltr'>εἰωθότες,</span> <span class='ocrx_word' id='word_1_694' title='bbox 941 5129 1000 5182; x_wconf 74' lang='grc' dir='ltr'>τὸ</span> <span class='ocrx_word' id='word_1_695' title='bbox 1047 5131 1170 5183; x_wconf 81' lang='grc' dir='ltr'>ὅσον</span> <span class='ocrx_word' id='word_1_696' title='bbox 1215 5132 1300 5200; x_wconf 78' lang='grc' dir='ltr'><strong>ἐφ’</strong></span> <span class='ocrx_word' id='word_1_697' title='bbox 1332 5133 1542 5194; x_wconf 77' lang='grc' dir='ltr'>ἑαυτοῖς</span> <span class='ocrx_word' id='word_1_698' title='bbox 1571 5132 1671 5200; x_wconf 85' lang='grc' dir='ltr'>τὴν</span> <span class='ocrx_word' id='word_1_699' title='bbox 1702 5131 1855 5183; x_wconf 84' lang='grc' dir='ltr'>θείαν</span> 
     </span>
    </p>
   </div>
   <div class='ocr_carea' id='block_1_97' title="bbox 282 5218 1852 5293">
    <p class='ocr_par' dir='ltr' id='par_1_97' title="bbox 282 5218 1852 5293">
     <span class='ocr_line' id='line_1_97' title="bbox 282 5218 1852 5293; baseline 0.004 -26"><span class='ocrx_word' id='word_1_700' title='bbox 282 5233 340 5268; x_wconf 88' lang='grc' dir='ltr'><strong>τε</strong></span> <span class='ocrx_word' id='word_1_701' title='bbox 369 5218 465 5269; x_wconf 70' lang='grc' dir='ltr'>καὶ</span> <span class='ocrx_word' id='word_1_702' title='bbox 496 5219 753 5272; x_wconf 86' lang='grc' dir='ltr'>ἀνωτάτω</span> <span class='ocrx_word' id='word_1_703' title='bbox 780 5219 940 5287; x_wconf 79' lang='grc' dir='ltr'>φύσιν</span> <span class='ocrx_word' id='word_1_704' title='bbox 970 5221 1103 5291; x_wconf 75' lang='grc' dir='ltr'>αὐτῇ</span> <span class='ocrx_word' id='word_1_705' title='bbox 1167 5222 1260 5274; x_wconf 69' lang='grc' dir='ltr'><strong>καὶ</strong></span> <span class='ocrx_word' id='word_1_706' title='bbox 1295 5223 1428 5293; x_wconf 81' lang='grc' dir='ltr'>μόνῃ</span> <span class='ocrx_word' id='word_1_707' title='bbox 1463 5221 1852 5289; x_wconf 83' lang='grc' dir='ltr'>πρεπωδεστά-</span> 
     </span>
    </p>
   </div>
   <div class='ocr_carea' id='block_1_98' title="bbox 280 5310 1849 5381">
    <p class='ocr_par' dir='ltr' id='par_1_98' title="bbox 280 5310 1849 5381">
     <span class='ocr_line' id='line_1_98' title="bbox 280 5310 1849 5381; baseline 0.003 -20"><span class='ocrx_word' id='word_1_708' title='bbox 280 5325 386 5362; x_wconf 85' lang='grc' dir='ltr'><strong>των</strong></span> <span class='ocrx_word' id='word_1_709' title='bbox 417 5310 767 5363; x_wconf 84' lang='grc' dir='ltr'>κατασείουσι</span> <span class='ocrx_word' id='word_1_710' title='bbox 801 5310 1027 5380; x_wconf 89' lang='grc' dir='ltr'>θρόνων,</span> <span class='ocrx_word' id='word_1_711' title='bbox 1063 5311 1156 5364; x_wconf 74' lang='grc' dir='ltr'><strong>καὶ</strong></span> <span class='ocrx_word' id='word_1_712' title='bbox 1184 5312 1289 5364; x_wconf 85' lang='grc' dir='ltr'><strong>τῶν</strong></span> <span class='ocrx_word' id='word_1_713' title='bbox 1315 5313 1475 5381; x_wconf 79' lang='grc' dir='ltr'>ἱερῶν</span> <span class='ocrx_word' id='word_1_714' title='bbox 1505 5311 1849 5378; x_wconf 79' lang='grc' dir='ltr'>ἐκπέμπουσι</span> 
     </span>
    </p>
   </div>
   <div class='ocr_carea' id='block_1_99' title="bbox 283 5397 1851 5472">
    <p class='ocr_par' dir='ltr' id='par_1_99' title="bbox 283 5397 1851 5472">
     <span class='ocr_line' id='line_1_99' title="bbox 283 5397 1851 5472; baseline 0.003 -25"><span class='ocrx_word' id='word_1_715' title='bbox 283 5397 493 5462; x_wconf 86' lang='grc' dir='ltr'>θώκων,</span> <span class='ocrx_word' id='word_1_716' title='bbox 537 5399 867 5470; x_wconf 83' lang='grc' dir='ltr'>ἐνιδρεύουσι</span> <span class='ocrx_word' id='word_1_717' title='bbox 906 5399 962 5451; x_wconf 82' lang='grc' dir='ltr'><strong>δὲ</strong></span> <span class='ocrx_word' id='word_1_718' title='bbox 1018 5399 1203 5468; x_wconf 85' lang='grc' dir='ltr'>ὥσπερ</span> <span class='ocrx_word' id='word_1_719' title='bbox 1233 5401 1415 5463; x_wconf 84' lang='grc' dir='ltr'>αὐτοῖς</span> <span class='ocrx_word' id='word_1_720' title='bbox 1453 5400 1580 5462; x_wconf 80' lang='grc' dir='ltr'>τοὺς</span> <span class='ocrx_word' id='word_1_721' title='bbox 1610 5399 1851 5472; x_wconf 78' lang='grc' dir='ltr'>ἀκαθάρο</span> 
     </span>
    </p>
   </div>
   <div class='ocr_carea' id='block_1_100' title="bbox 283 5489 1856 5561">
    <p class='ocr_par' dir='ltr' id='par_1_100' title="bbox 283 5489 1856 5561">
     <span class='ocr_line' id='line_1_100' title="bbox 283 5489 1856 5561; baseline 0.004 -25"><span class='ocrx_word' id='word_1_722' title='bbox 283 5503 408 5548; x_wconf 89' lang='grc' dir='ltr'>τους</span> <span class='ocrx_word' id='word_1_723' title='bbox 441 5489 723 5559; x_wconf 87' lang='grc' dir='ltr'>δαίμονας.</span> <span class='ocrx_word' id='word_1_724' title='bbox 747 5491 872 5553; x_wconf 89' lang='grc' dir='ltr'>Τοῖς</span> <span class='ocrx_word' id='word_1_725' title='bbox 895 5489 1038 5543; x_wconf 77' lang='grc' dir='ltr'>οὕτω</span> <span class='ocrx_word' id='word_1_726' title='bbox 1072 5494 1318 5561; x_wconf 75' lang='grc' dir='ltr'>φρικτοῖς</span> <span class='ocrx_word' id='word_1_727' title='bbox 1371 5490 1709 5560; x_wconf 77' lang='grc' dir='ltr'>ἐγκλήμασιν</span> <span class='ocrx_word' id='word_1_728' title='bbox 1735 5491 1856 5543; x_wconf 86' lang='grc' dir='ltr'>ἐνι-</span> 
     </span>
    </p>
   </div>
   <div class='ocr_carea' id='block_1_101' title="bbox 286 5573 1855 5649">
    <p class='ocr_par' dir='ltr' id='par_1_101' title="bbox 286 5573 1855 5649">
     <span class='ocr_line' id='line_1_101' title="bbox 286 5573 1855 5649; baseline 0.007 -27"><span class='ocrx_word' id='word_1_729' title='bbox 286 5573 552 5641; x_wconf 80' lang='grc' dir='ltr'>σχημένον</span> <span class='ocrx_word' id='word_1_730' title='bbox 600 5577 905 5648; x_wconf 79' lang='grc' dir='ltr'>εὑρήσομεν</span> <span class='ocrx_word' id='word_1_731' title='bbox 964 5579 1056 5631; x_wconf 70' lang='grc' dir='ltr'><strong>τὸν</strong></span> <span class='ocrx_word' id='word_1_732' title='bbox 1096 5579 1442 5648; x_wconf 76' lang='grc' dir='ltr'>ἀπόπληκτον</span> <span class='ocrx_word' id='word_1_733' title='bbox 1506 5578 1739 5649; x_wconf 79' lang='grc' dir='ltr'>Ἰσραήλ.</span> <span class='ocrx_word' id='word_1_734' title='bbox 1799 5581 1855 5633; x_wconf 90' lang='lat'><strong>&#39;0</strong></span> 
     </span>
    </p>
   </div>
   <div class='ocr_carea' id='block_1_102' title="bbox 356 5683 1421 5760">
    <p class='ocr_par' dir='ltr' id='par_1_102' title="bbox 356 5683 1421 5760">
     <span class='ocr_line' id='line_1_102' title="bbox 356 5683 1421 5760; baseline 0.011 -26"><span class='ocrx_word' id='word_1_735' title='bbox 356 5683 466 5760; x_wconf 70' lang='grc' dir='ltr'>τιῃ</span> <span class='ocrx_word' id='word_1_736' title='bbox 498 5684 626 5760; x_wconf 80' lang='lat' dir='ltr'><strong>Reg.</strong></span> <span class='ocrx_word' id='word_1_737' title='bbox 670 5706 768 5757; x_wconf 78' lang='lat' dir='ltr'><strong>xtl,</strong></span> <span class='ocrx_word' id='word_1_738' title='bbox 795 5689 890 5746; x_wconf 68' lang='lat'><strong>29.</strong></span> <span class='ocrx_word' id='word_1_739' title='bbox 985 5691 1004 5722; x_wconf 81' lang='grc'><em>⁸</em></span> <span class='ocrx_word' id='word_1_740' title='bbox 1043 5691 1211 5744; x_wconf 69' lang='grc' dir='ltr'>Ιῦιιοιι.</span> <span class='ocrx_word' id='word_1_741' title='bbox 1250 5703 1336 5753; x_wconf 76' lang='lat' dir='ltr'><strong>xx,</strong></span> <span class='ocrx_word' id='word_1_742' title='bbox 1365 5691 1421 5746; x_wconf 77' lang='lat'><strong>3.</strong></span> 
     </span>
    </p>
   </div>
   <div class='ocr_carea' id='block_1_103' title="bbox 283 5757 476 5825">
    <p class='ocr_par' dir='ltr' id='par_1_103' title="bbox 283 5757 476 5825">
     <span class='ocr_line' id='line_1_103' title="bbox 283 5757 476 5825; baseline 0 -14"><span class='ocrx_word' id='word_1_743' title='bbox 283 5772 394 5825; x_wconf 76' lang='lat' dir='ltr'><strong>xw,</strong></span> <span class='ocrx_word' id='word_1_744' title='bbox 423 5757 476 5811; x_wconf 69' lang='lat'><strong>2.</strong></span> 
     </span>
    </p>
   </div>
   <div class='ocr_carea' id='block_1_104' title="bbox 1519 5690 1956 5758">
    <p class='ocr_par' dir='ltr' id='par_1_104' title="bbox 1519 5690 1956 5758">
     <span class='ocr_line' id='line_1_104' title="bbox 1519 5690 1956 5758; baseline 0 -14"><span class='ocrx_word' id='word_1_745' title='bbox 1519 5691 1538 5722; x_wconf 83' lang='lat'><strong>’</strong></span> <span class='ocrx_word' id='word_1_746' title='bbox 1564 5690 1719 5744; x_wconf 83' lang='lat' dir='ltr'><strong>Deut.</strong></span> <span class='ocrx_word' id='word_1_747' title='bbox 1759 5706 1840 5758; x_wconf 73' lang='grc' dir='ltr'>γι,</span> <span class='ocrx_word' id='word_1_748' title='bbox 1873 5693 1956 5748; x_wconf 77' lang='grc'><strong>15.</strong></span> 
     </span>
    </p>
   </div>
   <div class='ocr_carea' id='block_1_105' title="bbox 1961 4586 3248 4658">
    <p class='ocr_par' dir='ltr' id='par_1_105' title="bbox 1961 4586 3248 4658">
     <span class='ocr_line' id='line_1_105' title="bbox 1961 4586 3248 4658; baseline -0.009 -10"><span class='ocrx_word' id='word_1_749' title='bbox 1961 4596 2064 4648; x_wconf 83' lang='lat' dir='ltr'><strong>ista</strong></span> <span class='ocrx_word' id='word_1_750' title='bbox 2099 4591 2400 4647; x_wconf 74' lang='lat' dir='ltr'><strong>dilexerunt</strong></span> <span class='ocrx_word' id='word_1_751' title='bbox 2431 4589 2532 4658; x_wconf 83' lang='lat' dir='ltr'><strong>ﬁlii</strong></span> <span class='ocrx_word' id='word_1_752' title='bbox 2572 4587 2764 4653; x_wconf 83' lang='lat' dir='ltr'><strong>Israel,</strong></span> <span class='ocrx_word' id='word_1_753' title='bbox 2813 4588 2938 4641; x_wconf 84' lang='lat' dir='ltr'><strong>dicit</strong></span> <span class='ocrx_word' id='word_1_754' title='bbox 2976 4586 3248 4640; x_wconf 83' lang='lat' dir='ltr'><strong>Dominus.</strong></span> 
     </span>
    </p>
   </div>
   <div class='ocr_carea' id='block_1_106' title="bbox 1959 4764 3529 4837">
    <p class='ocr_par' dir='ltr' id='par_1_106' title="bbox 1959 4764 3529 4837">
     <span class='ocr_line' id='line_1_106' title="bbox 1959 4764 3529 4837; baseline -0.008 -8"><span class='ocrx_word' id='word_1_755' title='bbox 1959 4811 1965 4817; x_wconf 52' lang='lat'><strong>.</strong></span> <span class='ocrx_word' id='word_1_756' title='bbox 2033 4770 2272 4828; x_wconf 70' lang='lat' dir='ltr'><strong>XXXVI.</strong></span> <span class='ocrx_word' id='word_1_757' title='bbox 2305 4769 2442 4825; x_wconf 88' lang='lat' dir='ltr'><strong>Vere</strong></span> <span class='ocrx_word' id='word_1_758' title='bbox 2483 4768 2694 4823; x_wconf 85' lang='lat' dir='ltr'><strong>facinus</strong></span> <span class='ocrx_word' id='word_1_759' title='bbox 2747 4766 2904 4837; x_wconf 77' lang='lat' dir='ltr'><strong>longe</strong></span> <span class='ocrx_word' id='word_1_760' title='bbox 2956 4764 3431 4820; x_wconf 85' lang='lat' dir='ltr'><strong>sceleratissimum</strong></span> <span class='ocrx_word' id='word_1_761' title='bbox 3476 4773 3529 4817; x_wconf 87' lang='lat' dir='ltr'><strong>et</strong></span> 
     </span>
    </p>
   </div>
   <div class='ocr_carea' id='block_1_107' title="bbox 1963 4853 3528 4934">
    <p class='ocr_par' dir='ltr' id='par_1_107' title="bbox 1963 4853 3528 4934">
     <span class='ocr_line' id='line_1_107' title="bbox 1963 4853 3528 4934; baseline -0.008 -16"><span class='ocrx_word' id='word_1_762' title='bbox 1963 4863 2124 4934; x_wconf 77' lang='lat'><strong>290</strong></span> <span class='ocrx_word' id='word_1_763' title='bbox 2156 4861 2555 4929; x_wconf 87' lang='lat' dir='ltr'><strong>impiissimum,</strong></span> <span class='ocrx_word' id='word_1_764' title='bbox 2593 4859 2900 4913; x_wconf 88' lang='lat' dir='ltr'><strong>adulterare</strong></span> <span class='ocrx_word' id='word_1_765' title='bbox 2926 4858 3124 4910; x_wconf 91' lang='lat' dir='ltr'><strong>audere</strong></span> <span class='ocrx_word' id='word_1_766' title='bbox 3153 4853 3376 4921; x_wconf 79' lang='lat' dir='ltr'><strong>gloriam</strong></span> <span class='ocrx_word' id='word_1_767' title='bbox 3413 4853 3528 4917; x_wconf 76' lang='lat' dir='ltr'><strong>Dei,</strong></span> 
     </span>
    </p>
   </div>
   <div class='ocr_carea' id='block_1_108' title="bbox 1954 4940 3529 5021">
    <p class='ocr_par' dir='ltr' id='par_1_108' title="bbox 1954 4940 3529 5021">
     <span class='ocr_line' id='line_1_108' title="bbox 1954 4940 3529 5021; baseline -0.007 -16"><span class='ocrx_word' id='word_1_768' title='bbox 1954 4962 2144 5021; x_wconf 84' lang='lat' dir='ltr'><strong>etquae</strong></span> <span class='ocrx_word' id='word_1_769' title='bbox 2170 4951 2338 5012; x_wconf 90' lang='lat' dir='ltr'><strong>illum,</strong></span> <span class='ocrx_word' id='word_1_770' title='bbox 2371 4957 2424 5002; x_wconf 86' lang='lat' dir='ltr'><strong>et</strong></span> <span class='ocrx_word' id='word_1_771' title='bbox 2451 4947 2624 5002; x_wconf 92' lang='lat' dir='ltr'><strong>solum</strong></span> <span class='ocrx_word' id='word_1_772' title='bbox 2673 4947 2888 5009; x_wconf 90' lang='lat' dir='ltr'><strong>decent,</strong></span> <span class='ocrx_word' id='word_1_773' title='bbox 2917 4959 2977 5000; x_wconf 91' lang='lat' dir='ltr'><strong>ea</strong></span> <span class='ocrx_word' id='word_1_774' title='bbox 3013 4943 3273 4996; x_wconf 87' lang='lat' dir='ltr'><strong>idolorum</strong></span> <span class='ocrx_word' id='word_1_775' title='bbox 3307 4940 3529 4995; x_wconf 84' lang='lat' dir='ltr'><strong>honori-</strong></span> 
     </span>
    </p>
   </div>
   <div class='ocr_carea' id='block_1_109' title="bbox 1958 5031 3526 5102">
    <p class='ocr_par' dir='ltr' id='par_1_109' title="bbox 1958 5031 3526 5102">
     <span class='ocr_line' id='line_1_109' title="bbox 1958 5031 3526 5102; baseline -0.006 -10"><span class='ocrx_word' id='word_1_776' title='bbox 1958 5039 2060 5092; x_wconf 89' lang='lat' dir='ltr'><strong>bus</strong></span> <span class='ocrx_word' id='word_1_777' title='bbox 2094 5039 2354 5091; x_wconf 89' lang='lat' dir='ltr'><strong>tribuere.</strong></span> <span class='ocrx_word' id='word_1_778' title='bbox 2383 5036 2589 5102; x_wconf 88' lang='lat' dir='ltr'><strong>Quibus</strong></span> <span class='ocrx_word' id='word_1_779' title='bbox 2622 5035 2761 5086; x_wconf 88' lang='lat' dir='ltr'><strong>enim</strong></span> <span class='ocrx_word' id='word_1_780' title='bbox 2791 5034 2891 5086; x_wconf 87' lang='lat' dir='ltr'><strong>hoc</strong></span> <span class='ocrx_word' id='word_1_781' title='bbox 2936 5032 3115 5086; x_wconf 86' lang='lat' dir='ltr'><strong>facere</strong></span> <span class='ocrx_word' id='word_1_782' title='bbox 3142 5031 3194 5083; x_wconf 91' lang='lat' dir='ltr'><strong>in</strong></span> <span class='ocrx_word' id='word_1_783' title='bbox 3243 5044 3393 5084; x_wconf 89' lang='lat' dir='ltr'><strong>more</strong></span> <span class='ocrx_word' id='word_1_784' title='bbox 3424 5040 3526 5094; x_wconf 87' lang='lat' dir='ltr'><strong>est,</strong></span> 
     </span>
    </p>
   </div>
   <div class='ocr_carea' id='block_1_110' title="bbox 1957 5121 3530 5198">
    <p class='ocr_par' dir='ltr' id='par_1_110' title="bbox 1957 5121 3530 5198">
     <span class='ocr_line' id='line_1_110' title="bbox 1957 5121 3530 5198; baseline -0.006 -16"><span class='ocrx_word' id='word_1_785' title='bbox 1957 5129 2016 5192; x_wconf 90' lang='lat' dir='ltr'><strong>ii,</strong></span> <span class='ocrx_word' id='word_1_786' title='bbox 2044 5135 2300 5198; x_wconf 88' lang='lat' dir='ltr'><strong>quantum</strong></span> <span class='ocrx_word' id='word_1_787' title='bbox 2336 5127 2387 5180; x_wconf 91' lang='lat' dir='ltr'><strong>in</strong></span> <span class='ocrx_word' id='word_1_788' title='bbox 2436 5127 2570 5196; x_wconf 88' lang='lat' dir='ltr'><strong>ipsis</strong></span> <span class='ocrx_word' id='word_1_789' title='bbox 2619 5132 2723 5191; x_wconf 85' lang='lat' dir='ltr'><strong>est,</strong></span> <span class='ocrx_word' id='word_1_790' title='bbox 2777 5124 3009 5178; x_wconf 88' lang='lat' dir='ltr'><strong>divinam</strong></span> <span class='ocrx_word' id='word_1_791' title='bbox 3066 5121 3530 5189; x_wconf 84' lang='lat' dir='ltr'><strong>celsissimamque</strong></span> 
     </span>
    </p>
   </div>
   <div class='ocr_carea' id='block_1_111' title="bbox 1961 5212 3528 5285">
    <p class='ocr_par' dir='ltr' id='par_1_111' title="bbox 1961 5212 3528 5285">
     <span class='ocr_line' id='line_1_111' title="bbox 1961 5212 3528 5285; baseline -0.003 -14"><span class='ocrx_word' id='word_1_792' title='bbox 1961 5228 2206 5272; x_wconf 84' lang='lat' dir='ltr'><strong>naturam</strong></span> <span class='ocrx_word' id='word_1_793' title='bbox 2262 5231 2290 5271; x_wconf 89' lang='lat' dir='ltr'><strong>a</strong></span> <span class='ocrx_word' id='word_1_794' title='bbox 2332 5218 2544 5282; x_wconf 84' lang='lat' dir='ltr'><strong>throno,</strong></span> <span class='ocrx_word' id='word_1_795' title='bbox 2591 5217 2690 5285; x_wconf 89' lang='lat' dir='ltr'><strong>ipsi</strong></span> <span class='ocrx_word' id='word_1_796' title='bbox 2751 5225 2803 5268; x_wconf 93' lang='lat' dir='ltr'><strong>et</strong></span> <span class='ocrx_word' id='word_1_797' title='bbox 2862 5214 2961 5269; x_wconf 92' lang='lat' dir='ltr'><strong>soli</strong></span> <span class='ocrx_word' id='word_1_798' title='bbox 3019 5212 3528 5268; x_wconf 86' lang='lat' dir='ltr'><strong>convenientissimo</strong></span> 
     </span>
    </p>
   </div>
   <div class='ocr_carea' id='block_1_112' title="bbox 1957 5303 3527 5374">
    <p class='ocr_par' dir='ltr' id='par_1_112' title="bbox 1957 5303 3527 5374">
     <span class='ocr_line' id='line_1_112' title="bbox 1957 5303 3527 5374; baseline -0.004 -11"><span class='ocrx_word' id='word_1_799' title='bbox 1957 5309 2268 5374; x_wconf 84' lang='lat' dir='ltr'><strong>deturbant,</strong></span> <span class='ocrx_word' id='word_1_800' title='bbox 2303 5317 2356 5360; x_wconf 89' lang='lat' dir='ltr'><strong>et</strong></span> <span class='ocrx_word' id='word_1_801' title='bbox 2393 5307 2567 5362; x_wconf 89' lang='lat' dir='ltr'><strong>sacris</strong></span> <span class='ocrx_word' id='word_1_802' title='bbox 2616 5307 2834 5361; x_wconf 88' lang='lat' dir='ltr'><strong>sedibus</strong></span> <span class='ocrx_word' id='word_1_803' title='bbox 2869 5305 3111 5373; x_wconf 86' lang='lat' dir='ltr'><strong>ejiciunt,</strong></span> <span class='ocrx_word' id='word_1_804' title='bbox 3136 5314 3192 5356; x_wconf 86' lang='lat' dir='ltr'><strong>et</strong></span> <span class='ocrx_word' id='word_1_805' title='bbox 3221 5304 3271 5356; x_wconf 93' lang='lat' dir='ltr'><strong>in</strong></span> <span class='ocrx_word' id='word_1_806' title='bbox 3297 5303 3365 5358; x_wconf 89' lang='lat' dir='ltr'><strong>iis</strong></span> <span class='ocrx_word' id='word_1_807' title='bbox 3389 5317 3527 5372; x_wconf 84' lang='lat' dir='ltr'><strong>quo-</strong></span> 
     </span>
    </p>
   </div>
   <div class='ocr_carea' id='block_1_113' title="bbox 1956 5391 3519 5465">
    <p class='ocr_par' dir='ltr' id='par_1_113' title="bbox 1956 5391 3519 5465">
     <span class='ocr_line' id='line_1_113' title="bbox 1956 5391 3519 5465; baseline -0.004 -13"><span class='ocrx_word' id='word_1_808' title='bbox 1956 5395 2242 5453; x_wconf 79' lang='lat' dir='ltr'><strong>dummodo</strong></span> <span class='ocrx_word' id='word_1_809' title='bbox 2281 5397 2520 5465; x_wconf 88' lang='lat' dir='ltr'><strong>impuros</strong></span> <span class='ocrx_word' id='word_1_810' title='bbox 2548 5396 2815 5449; x_wconf 83' lang='lat' dir='ltr'><strong>daemonas</strong></span> <span class='ocrx_word' id='word_1_811' title='bbox 2846 5391 3266 5448; x_wconf 86' lang='lat' dir='ltr'><strong>collocant.Tatn</strong></span> <span class='ocrx_word' id='word_1_812' title='bbox 3298 5394 3519 5448; x_wconf 54' lang='lat' dir='ltr'><strong>horren.</strong></span> 
     </span>
    </p>
   </div>
   <div class='ocr_carea' id='block_1_114' title="bbox 1956 5483 3523 5554">
    <p class='ocr_par' dir='ltr' id='par_1_114' title="bbox 1956 5483 3523 5554">
     <span class='ocr_line' id='line_1_114' title="bbox 1956 5483 3523 5554; baseline -0.004 -11"><span class='ocrx_word' id='word_1_813' title='bbox 1956 5490 2038 5543; x_wconf 82' lang='lat' dir='ltr'><strong>dis</strong></span> <span class='ocrx_word' id='word_1_814' title='bbox 2065 5487 2381 5542; x_wconf 87' lang='lat' dir='ltr'><strong>criminibus</strong></span> <span class='ocrx_word' id='word_1_815' title='bbox 2419 5485 2736 5554; x_wconf 88' lang='lat' dir='ltr'><strong>implicitum</strong></span> <span class='ocrx_word' id='word_1_816' title='bbox 2782 5485 3028 5539; x_wconf 87' lang='lat' dir='ltr'><strong>videmus</strong></span> <span class='ocrx_word' id='word_1_817' title='bbox 3053 5487 3296 5538; x_wconf 79' lang='lat' dir='ltr'><strong>insanum</strong></span> <span class='ocrx_word' id='word_1_818' title='bbox 3348 5483 3523 5539; x_wconf 84' lang='lat' dir='ltr'><strong>Israe-</strong></span> 
     </span>
    </p>
   </div>
   <div class='ocr_carea' id='block_1_115' title="bbox 1959 5573 3524 5642">
    <p class='ocr_par' dir='ltr' id='par_1_115' title="bbox 1959 5573 3524 5642">
     <span class='ocr_line' id='line_1_115' title="bbox 1959 5573 3524 5642; baseline -0.005 -10"><span class='ocrx_word' id='word_1_819' title='bbox 1959 5581 2083 5634; x_wconf 88' lang='lat' dir='ltr'><strong>lem.</strong></span> <span class='ocrx_word' id='word_1_820' title='bbox 2115 5577 2253 5632; x_wconf 90' lang='lat' dir='ltr'><strong>Deus</strong></span> <span class='ocrx_word' id='word_1_821' title='bbox 2277 5577 2418 5631; x_wconf 90' lang='lat' dir='ltr'><strong>enim</strong></span> <span class='ocrx_word' id='word_1_822' title='bbox 2453 5575 2832 5630; x_wconf 85' lang='lat' dir='ltr'><strong>universorum</strong></span> <span class='ocrx_word' id='word_1_823' title='bbox 2867 5575 3036 5642; x_wconf 82' lang='lat' dir='ltr'><strong>legent</strong></span> <span class='ocrx_word' id='word_1_824' title='bbox 3073 5573 3177 5630; x_wconf 87' lang='lat' dir='ltr'><strong>fert</strong></span> <span class='ocrx_word' id='word_1_825' title='bbox 3209 5574 3402 5630; x_wconf 90' lang='lat' dir='ltr'><strong>alicubi</strong></span> <span class='ocrx_word' id='word_1_826' title='bbox 3428 5587 3524 5642; x_wconf 89' lang='lat' dir='ltr'><strong>per</strong></span> 
     </span>
    </p>
   </div>
   <div class='ocr_carea' id='block_1_116' title="bbox 2095 5682 3544 5758">
    <p class='ocr_par' dir='ltr' id='par_1_116' title="bbox 2095 5682 3544 5758">
     <span class='ocr_line' id='line_1_116' title="bbox 2095 5682 3544 5758; baseline -0.004 -16"><span class='ocrx_word' id='word_1_827' title='bbox 2095 5690 2136 5719; x_wconf 83' lang='lat'><strong>“’</strong></span> <span class='ocrx_word' id='word_1_828' title='bbox 2163 5687 2226 5742; x_wconf 88' lang='lat' dir='ltr'><strong>Ill</strong></span> <span class='ocrx_word' id='word_1_829' title='bbox 2262 5689 2392 5758; x_wconf 75' lang='lat' dir='ltr'><strong>llrg.</strong></span> <span class='ocrx_word' id='word_1_830' title='bbox 2430 5702 2506 5742; x_wconf 74' lang='lat' dir='ltr'><strong>xtl</strong></span> <span class='ocrx_word' id='word_1_831' title='bbox 2531 5726 2543 5749; x_wconf 89' lang='lat'><strong>,</strong></span> <span class='ocrx_word' id='word_1_832' title='bbox 2574 5687 2663 5742; x_wconf 77' lang='grc'><strong>28.</strong></span> <span class='ocrx_word' id='word_1_833' title='bbox 2772 5688 2808 5718; x_wconf 83' lang='grc'>¹¹</span> <span class='ocrx_word' id='word_1_834' title='bbox 2840 5686 2976 5744; x_wconf 82' lang='lat' dir='ltr'><strong>Osce</strong></span> <span class='ocrx_word' id='word_1_835' title='bbox 3006 5702 3090 5752; x_wconf 74' lang='lat' dir='ltr'><strong>ts,</strong></span> <span class='ocrx_word' id='word_1_836' title='bbox 3124 5687 3208 5740; x_wconf 90' lang='lat' dir='ltr'><strong>I5.</strong></span> <span class='ocrx_word' id='word_1_837' title='bbox 3302 5682 3544 5738; x_wconf 44' lang='lat' dir='ltr'><strong>&quot;Prov.</strong></span> 
     </span>
    </p>
   </div>
  </div>
