4054 6274
466 353 572 412 479

1499 348 1559 403 S.
1603 341 1883 402 CYRILLI
1917 336 2385 396 ALEXANDRINI
2423 338 2744 397 ARCHIEP.

3630 344 3758 402 ‘30

472 470 714 542 Moysen.
739 477 798 522 ut
824 470 930 524 duo
975 466 1097 538 agni
1138 463 1525 521 convenienter
1558 463 1657 532 ipsi
1694 460 2046 516 immolentur

2167 458 2251 511 ιὲν
2274 457 2383 529 γὰρ
2419 459 2527 514 τῶν
2557 459 2694 513 ὅλων
2732 456 2864 522 Θεὸς
2897 456 3220 528 θεσμοθετεΐ
3246 458 3335 513 διὰ
3369 460 3620 528 Μωσέως
3671 465 3759 536 πῇ

472 562 716 631 quotidie
753 561 804 614 in
833 567 1022 614 sancto
1055 556 1426 620 tabernaculo,
1456 569 1612 609 mane
1644 554 1861 625 quidem
1883 565 2044 614 unus,

474 655 686 724 vesperi
717 652 878 716 alter,
914 649 1015 704 ista
1050 649 1260 703 ratione
1293 648 1665 703 assiduitatem
1688 655 1741 698 et
1772 641 2045 713 perpetui-

475 754 637 798 tatem
699 739 1004 795 suavissimi
1053 738 1238 795 odoris
1281 737 1558 803 Ecclesiae,
1611 731 1905 803 spiritualis
1932 731 2049 786 sine

473 832 654 895 dubio,
687 830 830 885 velut
859 831 912 885 in
937 829 1246 899 aenigmate,
1273 837 1327 883 et
1352 837 1476 899 typo
1505 825 1804 880 insinuans.
1829 823 2051 891 Insuper

474 921 586 991 lege
614 920 942 990 praescripsit
967 921 1067 974 tria
1099 928 1339 987 tempora
1373 919 1426 972 in
1462 933 1624 983 anno,
1660 916 1713 970 in
1745 930 1850 984 quo
1883 927 2052 982 appa-

474 1023 618 1066 reret
645 1027 808 1066 omne
839 1009 1197 1066 masculinum
1231 1024 1412 1062 coram
1445 1023 1523 1063 se.
1581 1008 1646 1062 Et
1672 1009 1725 1061 in
1758 1007 1844 1060 his
1879 1005 2051 1059 tribus

475 1103 589 1174 lege
628 1103 860 1158 deIinitis
908 1102 1240 1170 temporibus
1283 1098 1586 1154 oll‘erebant
1633 1099 1891 1161 decimas,
1948 1096 2054 1166 pri-

479 1196 662 1250 mitias
708 1209 984 1264 agrorum,
1031 1192 1323 1256 sacriiicia,
1379 1193 1674 1260 gratiarum
1708 1191 1948 1245 actiones
1986 1190 2050 1244 ¹³.

480 1284 751 1353 Scriptum
773 1294 855 1338 est
899 1284 1040 1337 enim
1074 1298 1089 1334 :
1125 1301 1144 1335 ι
1187 1281 1304 1335 Non
1359 1283 1648 1350 apparebis
1681 1282 1734 1334 in
1763 1289 2054 1350 conspectu

481 1393 600 1430 tneo
647 1391 848 1430 vacuus
906 1375 972 1430 “.
1032 1393 1050 1427 ι
1093 1374 1358 1429 Caeterum
1407 1374 1541 1427 adeo
1594 1372 1763 1442 probe
1814 1388 1844 1426 a
1875 1372 2056 1443 Moyse

484 1475 747 1535 praecepta
777 1465 878 1535 ipsi
931 1465 996 1518 ad
1034 1465 1258 1533 gloriam
1317 1464 1580 1518 idolorum
1637 1463 2056 1529 transferentes,

481 1560 536 1612 in
563 1556 778 1628 templis
808 1557 922 1613 suis
971 1572 1129 1610 mane
1175 1556 1440 1611 sacriﬁcia
1489 1555 1812 1611 oﬂ‘erebant.
1847 1553 2055 1610 OII'ere-

480 1647 614 1702 bant
646 1648 810 1702 etiam
871 1647 925 1700 in
983 1646 1221 1699 triduum
1285 1645 1523 1698 decimas
1571 1657 1716 1698 suas.
1762 1640 1896 1696 Tres
1941 1642 2059 1697 dies

483 1738 618 1793 dicit
653 1746 762 1792 tres
793 1736 908 1790 dies
929 1735 1080 1798 anni,
1135 1735 1334 1805 quibus
1383 1747 1545 1789 omne
1580 1732 1937 1789 masculinum
1972 1747 2062 1804 ap-

482 1843 674 1899 parere
706 1841 892 1884 coram
917 1825 1140 1882 Domino
1165 1825 1471 1896 oportebat.

556 2095 744 2166 Neque
803 2095 894 2151 hic
943 2093 1195 2150 constitit
1248 2089 1500 2161 impietas
1538 2089 1928 2156 Israelitarum,
1969 2089 2066 2145 sed

485 2188 672 2253 etiam,
713 2206 732 2240 ι
776 2186 1048 2256 Legerunt
1078 2185 1213 2241 I‘oris
1269 2184 1468 2253 legem,
1507 2201 1527 2235 ι
1560 2183 1612 2236 id
1643 2191 1748 2245 est,
1783 2180 2068 2236 coluerunt

487 2281 658 2351 legem
687 2279 1142 2349 alienigenarum,
1179 2275 1274 2332 Dei
1299 2275 1467 2346 legem
1504 2276 1556 2329 in
1587 2273 1827 2328 minimis
1861 2272 2068 2327 ducen-

489 2382 592 2426 tes.
623 2370 917 2425 Faciebant
940 2369 1205 2440 siquidem
1234 2366 1504 2423 sacriﬁcia
1558 2365 1611 2419 in
1659 2364 1873 2433 templis
1903 2362 2070 2418 idolo-

487 2479 631 2526 rum,
663 2461 1000 2530 temporibus
1035 2459 1290 2524 deﬁnitis,
1319 2469 1373 2514 et
1428 2464 1688 2514 consueta
1745 2455 1878 2524 ipsis
1928 2454 2068 2509 festa

485 2568 650 2626 quam
676 2553 1072 2610 studiosissime
1111 2551 1499 2608 observabant.
1534 2550 1642 2605 Aut
1670 2548 1798 2603 illud
1824 2547 2068 2615 dicit,Ad

488 2647 716 2716 gloriam
761 2661 940 2700 meam
1005 2645 1246 2708 decreta,
1305 2641 1546 2698 externis
1599 2640 1989 2705 attribuerunt,
2015 2649 2071 2695 et

489 2739 746 2808 templum
797 2752 975 2793 meum
1034 2736 1193 2790 idolis
1241 2740 1668 2798 consecrarunt,
1733 2732 1865 2802 ipsis
1914 2731 2070 2803 juxta

489 2842 695 2882 morem
748 2827 938 2896 patriae
979 2825 1188 2880 hostias
1229 2824 1520 2888 caedentes,
1564 2830 1619 2876 et
1677 2821 1731 2875 in
1775 2822 1953 2875 triduo
1979 2819 2072 2875 illo

489 2917 728 2972 decimas
795 2917 988 2972 iisdem
1054 2914 1386 2969 dedicantes.
1449 2929 1468 2962 ι
1537 2912 1606 2965 Ει
1677 2911 2074 2966 invocaverunt

490 3006 911 3062 confessionem.
957 3024 977 3057 ι
1010 3003 1145 3057 Illud
1174 3041 1190 3066 ,
1229 3021 1250 3054 ι
1301 3005 1714 3067 invocaverunt,
1753 3021 1772 3055 ι
1803 3003 2074 3072 signiﬁcat

490 3103 770 3168 optarunt,
816 3095 918 3150 hoc
941 3102 1046 3159 est,
1077 3094 1463 3163 promiserunt.
1496 3093 1881 3150 Confessiones
1911 3109 2072 3162 porro

493 3197 620 3244 sunt
646 3187 946 3242 voluntaria
994 3187 1292 3243 secundum
1327 3186 1524 3256 legem,
1554 3201 1676 3257 quae
1723 3186 1848 3257 quis
1879 3195 2073 3256 sponte

493 3295 590 3338 sua
621 3279 779 3334 oil'ert
805 3279 937 3336 Deo.
963 3280 1169 3336 Deinde
1190 3279 1568 3336 sacerdotibus
1592 3278 1888 3334 acclamat:
1918 3297 1937 3330 ι
1957 3278 2073 3333 An-

495 3375 764 3438 nuntiate,
805 3384 861 3430 et
895 3374 1302 3439 contestamini,
1346 3373 1470 3443 quia
1499 3374 1614 3428 haec
1644 3372 1950 3426 dilexerunt
1977 3369 2072 3424 lilii

495 3465 686 3531 Israel,
719 3484 738 3517 ι
776 3465 881 3520 hoc
905 3472 1012 3527 est,
1069 3478 1174 3519 non
1229 3463 1405 3519 solum
1461 3461 1630 3518 semel
1660 3462 1772 3516 ausi
1799 3469 1946 3522 sunt,
1980 3457 2072 3513 sed

497 3557 806 3611 dilexerunt
843 3556 1029 3620 etiam,
1060 3569 1182 3624 quae
1207 3554 1300 3608 Dei
1350 3562 1479 3609 sunt
1521 3553 1769 3628 odientes
1801 3550 2073 3604 videlicet.

495 3646 721 3714 Oportet
746 3644 888 3699 enim
917 3642 1214 3698 uniformes
1245 3655 1385 3697 esse.
1425 3640 1564 3696 Nam
1603 3654 1706 3694 non
1737 3639 2074 3703 claudicare,

497 3736 656 3807 291
692 3744 747 3790 et
788 3735 1034 3790 ambolus
1075 3735 1304 3805 pedibus
1353 3741 1503 3790 recta
1556 3733 1742 3787 conari
1799 3733 2072 3800 incedere,

498 3828 720 3881 multam
749 3827 910 3881 habet
939 3827 1079 3895 apud
1098 3826 1262 3882 Deum
1293 3825 1726 3891 exauditionem;
1757 3831 1814 3878 et
1847 3832 2078 3878 testatur

498 3921 680 3974 verbis
713 3920 826 3974 suis
866 3918 1155 3973 Salvator:
1203 3936 1222 3968 ι
1254 3915 1426 3971 Nemo
1455 3925 1634 3986 potest
1661 3917 1871 3971 duobus
1905 3915 2080 3972 domi-

497 4014 584 4068 nis
614 4011 818 4066 servire
846 4011 911 4076 ¹⁵,
946 4029 964 4061 ι
1001 4018 1055 4065 et
1105 4024 1226 4079 quae
1273 4015 1594 4077 sequuntur.
1638 4007 2076 4077 Indignissimum

498 4123 661 4178 porro
688 4116 792 4172 est,
819 4107 922 4160 alio
943 4121 1041 4176 per
1060 4119 1301 4160 errorem
1327 4103 1593 4168 derivare,
1613 4116 1733 4172 quae
1751 4104 1819 4156 ad
1851 4101 2076 4172 gloriam

501 4201 594 4254 Dei
639 4199 935 4270 pertinent,
1001 4212 1229 4267 qtraeque
1285 4196 1403 4264 ejus
1461 4195 1658 4250 honori
1715 4205 2077 4249 consentanea

499 4299 649 4355 sunt,
681 4291 745 4344 iis
774 4289 986 4344 allicere
1016 4289 1172 4344 alios.
1219 4287 1408 4342 Divina
1449 4287 1593 4342 enim
1627 4287 1846 4356 propria
1882 4295 1940 4341 et
1983 4301 2079 4356 pe-

500 4381 724 4436 culiaria
756 4386 903 4444 sunt,
933 4390 986 4434 et
1029 4393 1149 4448 quae
1179 4380 1450 4434 neminem
1489 4379 1669 4450 potius
1701 4392 1861 4447 quam
1903 4378 2076 4448 ipsum

500 4483 556 4529 et
585 4473 757 4528 solum
791 4474 1002 4527 decent.

573 4552 736 4621 Vsus.
766 4563 880 4618 6-8.
940 4561 1006 4615 Et
1039 4576 1132 4632 ego
1175 4560 1312 4614 dabo
1342 4559 1487 4613 vobis
1530 4559 1813 4614 stridorem
1840 4560 2078 4614 dentium

503 4656 556 4710 in
579 4654 819 4710 omnibus
844 4651 1140 4707 civitatibus
1168 4651 1375 4715 vestris,
1406 4659 1455 4703 et
1505 4650 1852 4718 indigentiam
1880 4665 2078 4716 panum

502 4747 558 4802 in
584 4749 710 4802 locis
742 4745 942 4809 vestris,
980 4749 1030 4797 et
1065 4727 1167 4797 non
1189 4743 1313 4796 estis
1349 4743 1540 4795 reversi
1560 4741 1629 4794 ad
1656 4756 1756 4804 me,
1786 4741 1924 4794 dicit
1963 4740 2072 4794 Do-

504 4840 696 4894 minus.
732 4838 794 4890 Et
818 4836 1011 4890 abstuli
1031 4850 1096 4890 ea:
1141 4835 1284 4888 vobis
1318 4833 1554 4902 pluviam
1586 4841 1708 4885 ante
1751 4842 1853 4886 tres
1877 4850 2078 4888 menses

503 4930 806 4994 vindemiae;
829 4937 876 4982 et
899 4927 1078 4996 pluam
1101 4941 1258 4994 super
1290 4925 1552 4979 civitatem
1590 4940 1771 4989 unam,
1804 4942 1961 4995 super
1985 4944 2079 4981 au-

503 5029 606 5078 tem
645 5021 907 5075 civitatem
948 5035 1108 5073 unam
1146 5035 1250 5072 non
1286 5016 1489 5085 pluam.
1534 5015 1671 5071 Pars
1714 5034 1823 5071 una
1851 5019 2083 5087 pluelur,

506 5126 554 5170 et
582 5130 706 5182 pars
741 5129 896 5176 super
929 5126 1086 5181 quam
1125 5125 1229 5164 non
1265 5109 1470 5177 pluam,
1505 5120 1724 5163 arescet.
1759 5107 1828 5165 Et
1864 5128 2088 5180 congre-

507 5208 772 5274 gabantur
810 5205 929 5258 dua:
967 5214 1014 5257 et
1065 5213 1169 5258 tres
1210 5203 1450 5256 civitates
1500 5203 1554 5256 in
1611 5203 1875 5257 civitatem
1923 5221 2084 5259 unam

509 5296 676 5348 bibere
705 5303 983 5362 aquam,et
1011 5310 1114 5347 non
1141 5293 1506 5356 satiabuntur;
1537 5303 1585 5346 et
1604 5309 1765 5361 neque
1792 5297 1866 5349 sic
1894 5298 2083 5350 reversi

507 5386 633 5441 estis
663 5387 732 5438 ad
771 5402 872 5452 me,
899 5387 1024 5440 dicit
1060 5386 1332 5441 Dominus.

581 5556 850 5616 XXXVII.
888 5557 1124 5614 Rursum
1165 5562 1389 5632 provide
1420 5563 1656 5619 occurrit
1686 5564 1947 5632 propheta
1979 5563 2083 5631 bis,

2152 553 2250 621 μὲν
2286 551 2368 604 ὅτι
2390 551 2484 604 δύο
2512 549 2806 604 καταθύειν
2838 549 3044 619 ἀμνοὺς
3073 553 3340 622 προσήκει
3363 552 3563 617 αὐτοὺς
3591 557 3763 609 κατὰ

2150 643 2330 695 πᾶσαν
2361 641 2573 712 ἡμέραν
2627 643 2686 695 ἐν
2710 643 2774 712 τῇ
2814 641 2945 711 ἁγίᾳ
2989 643 3186 712 σκηνῇ,
3243 643 3389 714 πρωῒ
3441 645 3542 714 μὲν
3595 647 3757 714 ἕνα,

2149 733 2327 804 δείλης
2353 733 2410 786 δὲ
2431 733 2524 786 τὸν
2558 733 2764 804 ἕτερον,
2803 733 2864 786 τὸ
2890 733 3053 786 οἱονεὶ
3089 735 3329 804 συνεχὲς,
3360 737 3455 788 καὶ
3493 738 3758 792 ἀδιάλει-

2151 843 2285 879 πτον
2315 827 2395 888 εἰς
2425 826 2708 896 εὐοσμίαν,
2743 825 2899 894 δῆλον
2928 826 2985 879 δὲ
3039 825 3123 879 ὅτι
3170 825 3271 897 τὴν
3318 831 3718 902 πνευματικὴν
3738 874 3754 896 ,

2151 915 2253 984 τῆς
2298 915 2624 986 Ἐκκλησίας
2670 917 2950 986 ὑποδηλῶν
2999 918 3076 981 ὡς
3116 918 3174 970 ἐν
3217 919 3524 989 αἰνίγμασι·
3555 941 3617 976 τε
3653 925 3758 977 καί⁵

2153 1005 2364 1070 τύποις.
2417 1007 2925 1076 Προσενομοθέτησε
2974 1008 3030 1060 δὲ
3067 1009 3266 1063 πάλιν*
3307 1012 3472 1082 Τρεῖς
3513 1016 3759 1086 καιροὺς

2155 1099 2248 1152 τοῦ
2273 1099 2518 1153 ἐνιαυτοῦ
2548 1101 2839 1172 ὀφθήσεται
2875 1104 2984 1155 πᾶν
3028 1104 3316 1173 ἀρσενικόν
3366 1125 3461 1160 σου
3510 1109 3755 1166 ἐνώπιόν

2160 1209 2283 1261 μου.
2331 1193 2440 1245 Kal
2483 1194 2547 1245 ἑν
2574 1194 2782 1256 τούτοις
2836 1197 2948 1257 τοῖς
2996 1196 3165 1266 τρισὶ,
3215 1199 3310 1250 καί
3361 1198 3755 1270 διωρισμένοις

2158 1280 2298 1333 κατά
2328 1279 2418 1333 τὸν
2435 1281 2597 1350 νόμον
2621 1284 2859 1352 καιροῖς,
2891 1284 3168 1354 προσῆγον
3189 1285 3445 1350 δεκάτας,
3479 1290 3750 1362 ἀπαρχὰς

2158 1371 2364 1441 ἀγρῶν,
2401 1371 2614 1435 Θυσίας,
2657 1372 3066 1445 εὐχαριστήρια.
3124 1376 3441 1447 Γέγραπται
3479 1381 3608 1450 γὰρ,
3657 1384 3745 1436 ὅτι

2165 1477 2184 1510 ι
2215 1462 2329 1515 Οὐκ
2354 1461 2564 1532 ὀφθήσῃ
2593 1461 2746 1525 κενὸς
2772 1463 3014 1517 ἐναντίον
3040 1483 3160 1535 μου.
3196 1486 3216 1520 ι
3273 1468 3435 1523 Ἀλλά
3474 1471 3540 1523 τὰ
3565 1472 3745 1536 οὕτως

2159 1553 2336 1624 ὀρθῶς
2362 1553 2452 1607 διὰ
2497 1552 2741 1616 Μωσέως
2777 1552 3177 1627 τεθεσπισμένα
3203 1558 3568 1630 μεθιστῶντες
3591 1563 3749 1618 αὐτοὶ

2163 1647 2300 1718 πρὸς
2328 1647 2484 1712 δόξαν
2509 1647 2759 1714 εἰδώλων,
2811 1650 2868 1703 ἑν
2916 1652 3032 1713 τοῖς
3059 1651 3282 1706 ὲκείνων
3323 1654 3609 1724 τεμένεσιν
3653 1656 3746 1708 ἀν-

2091 1789 2135 1845 B
2165 1736 2360 1808 έφερον
2381 1740 2460 1802 εἰς
2491 1739 2552 1792 τὸ
2573 1738 2719 1810 πρωῒ
2750 1739 2849 1803 τάς
2885 1740 3094 1804 θυσίας.
3129 1743 3541 1814 Προσεκόμιζον
3569 1746 3628 1797 δὲ
3655 1747 3743 1799 καὶ

2165 1831 2243 1894 εἰς
2268 1831 2367 1900 τὴν
2391 1831 2718 1902 τριημερίαν
2752 1831 2818 1885 τά
2851 1831 3148 1887 ἑπιδέκατα
3172 1834 3370 1890 αὐτῶν.
3407 1837 3746 1906 Τριημερίαν

2161 1921 2219 1975 δὲ
2242 1920 2390 1990 λέγει
2415 1920 2514 1984 τὰς
2545 1922 2695 1991 τρεῖς
2721 1921 2930 1992 ἡμέρας
2952 1923 3046 1976 τοῦ
3076 1924 3344 1990 ἐνιαυτοῦ,
3381 1927 3506 1980 καθ’
3535 1927 3603 1992 ἀς
3643 1929 3749 1982 ἔδει

2165 2014 2272 2066 πᾶν
2303 2012 2592 2084 ἀρσενικὸν
2619 2012 2875 2084 ἔρχεσθαι
2904 2014 3134 2070 ἑνώπιον
3159 2017 3315 2071 Θεοῦ.
3348 2018 3458 2072 Καὶ
3488 2019 3552 2071 οὐ
3587 2020 3750 2091 μέχρι

2162 2103 2369 2156 τούτων
2420 2102 2482 2154 τὸ
2532 2102 2848 2174 δυσσέϐημα
2897 2104 3005 2158 τῶν
3068 2105 3129 2170 ἐξ
3190 2105 3430 2177 Ἰσραὴλ.
3482 2107 3627 2161 ἀλλά
3662 2109 3756 2163 καὶ

2171 2215 2190 2249 ι
2227 2195 2564 2265 Ἀνέγνωσαν
2593 2194 2703 2249 τῶν
2725 2194 2828 2260 ἔξω
2859 2195 3045 2266 νόμον,
3071 2217 3088 2250 ι
3115 2198 3383 2262 τουτέστι,
3423 2200 3754 2268 τετιμήκασι

2164 2285 2257 2339 τὸν
2285 2285 2394 2339 τῶν
2420 2284 2715 2357 ἀλλοτρίων
2737 2286 2923 2357 νόμον,
2967 2286 3148 2356 ὀλίγου
3174 2287 3452 2351 παντελῶς
3478 2288 3756 2352 ἀξιοῦντες

2166 2377 2326 2447 λόγου
2357 2377 2449 2431 τὸν
2473 2381 2625 2449 παρά
2654 2375 2811 2431 Θεοῦ.
2835 2378 3243 2449 Προσεκόμιζον
3283 2379 3392 2450 γὰρ
3429 2378 3531 2442 τάς
3565 2379 3760 2445 θυσίας

2167 2468 2226 2521 ἑν
2271 2469 2384 2531 τοῖς
2431 2467 2540 2521 τῶν
2585 2467 2818 2522 εἰδώλων
2863 2469 3118 2540 τεμένεσι
3171 2469 3314 2524 κατά
3371 2470 3642 2539 καιροὺς,
3668 2468 3762 2524 καὶ

2168 2559 2430 2632 πλείστην
2451 2561 2583 2633 ὅσην
2605 2560 2884 2614 ἐποιοῦντο
2909 2561 3008 2633 τὴν
3032 2563 3358 2634 ἑπιτήρησιν
3379 2563 3487 2616 τῶν
3513 2562 3575 2630 ἑξ
3603 2562 3762 2626 ἔθους

2169 2654 2354 2720 αὐτοῖς
2382 2653 2604 2726 ἑορτῶν.
2643 2655 2851 2725 Ἥγουν
2888 2654 3068 2709 ἑκεῖνό
3103 2671 3238 2726 φησι
3264 2694 3279 2708 .
3315 2655 3427 2718 Τὰς
3477 2657 3562 2719 εἰς
3602 2655 3762 2722 δόξαν

2170 2743 2308 2816 ἐμὴν
2328 2745 2752 2816 τεθεσπισμένα,
2785 2747 2900 2809 τοῖς
2930 2745 3036 2810 ἔξω
3062 2745 3358 2811 τεθείκασι,
3384 2745 3478 2800 καὶ
3504 2746 3600 2799 τὸν
3631 2745 3763 2816 ἑμδν

2168 2840 2282 2900 τοῖς
2311 2836 2549 2900 εἰδώλοις
2572 2837 2831 2891 ἀνέθεσαν
2858 2837 3005 2900 ναὸν,
3043 2839 3228 2902 αὐτοῖς
3265 2835 3635 2908 ἀναφέροντες
3667 2838 3764 2901 τὰς

2171 2921 2315 2976 κατὰ
2349 2923 2584 2995 πατρίδα
2603 2923 2811 2987 θυσίας,
2834 2925 2928 2976 καὶ
2951 2925 3009 2977 ἑν
3034 2927 3155 2989 ταῖς
3189 2925 3543 2997 τριημερίαις
3575 2927 3764 2979 ἀνατι-

2175 3011 2360 3074 θέντες
2411 3012 2480 3065 τά
2532 3012 2827 3066 ὲπιδέκατα
2877 3014 3079 3077 αὐτοῖς.
3141 3033 3160 3066 t
3196 3015 3308 3069 Καὶ
3358 3015 3764 3069 ἐπεκαλέσαντο

2099 3124 2140 3182 c
2174 3101 2482 3173 ὁμολογίαν.
2525 3119 2544 3152 ι
2589 3101 2662 3154 Τὸ
2698 3101 2797 3173 μὲν
2836 3121 2853 3154 t
2884 3103 3332 3173 ἑπεκαλέσαντο,ι
3389 3105 3473 3158 ὅτι
3519 3104 3764 3175 ηὔξαντο

2174 3193 2343 3264 δηλοῖ,
2382 3192 2679 3257 τουτέστιν,
2733 3193 3054 3264 ὑπέσχοντο.
3113 3195 3434 3266 Ὀμολογίαι
3470 3197 3526 3250 δέ
3561 3197 3760 3250 εἰσιτά

2175 3286 2318 3339 κατά
2333 3285 2496 3356 νόμον
2523 3283 2768 3349 ἑκούσια,
2792 3283 2937 3355 ἆπερ
2964 3285 3029 3340 ἀν
3047 3302 3132 3350 τις
3151 3285 3435 3359 ἐθελοντὴς
3467 3287 3753 3360 προσκομίο

2176 3377 2259 3442 ζει
2279 3376 2419 3447 Θεῷ.
2452 3372 2584 3429 Εἶτα
2618 3378 2730 3440 τοῖς
2784 3376 3024 3446 ἱερεῦσιν
3069 3379 3336 3447 ἐπιφωνεί
3367 3380 3499 3458 τὺμ
3550 3380 3750 3446 Ἀπαγ-

2176 3469 2412 3539 γείλατε,
2465 3469 2560 3522 καὶ
2606 3468 3071 3540 διαμαρτύρασθε,
3105 3471 3187 3525 ὅτι
3239 3471 3413 3525 ταῦτα
3469 3472 3760 3542 ἠγάπησαν

2179 3559 2284 3611 υἰοί
2327 3558 2604 3629 Ἰσραὴλ,›
2648 3559 2948 3622 τουτέστιν,
3003 3561 3088 3614 ὅτι
3138 3561 3260 3630 οὐχὶ
3313 3561 3473 3630 μόνον
3528 3561 3766 3626 εἰσάπαξ

2177 3646 2563 3717 τετολμήκασι,
2597 3645 2733 3699 ἀλλά
2770 3650 2863 3701 καὶ
2913 3650 3228 3720 ἠγάπησαν,
3261 3651 3330 3705 τά
3357 3651 3487 3704 Θεοῦ
3519 3651 3765 3720 δηλονότι

2182 3736 2565 3807 μεμισηκότες.
2583 3738 2674 3789 Δεῖ
2688 3736 2796 3808 γὰρ
2816 3733 2954 3790 εἶναι
2979 3739 3364 3809 μονοτρόπους.
3383 3740 3452 3791 To
3467 3739 3666 3810 γάρτοι
3692 3739 3767 3810 μὴ

2178 3828 2455 3899 χωλεύειν,
2489 3830 2580 3882 καὶ
2606 3831 2692 3882 ἐπ’
2717 3830 2884 3900 ἀμφω
2917 3830 3122 3900 βαίνειν
3170 3831 3514 3899 ἐπείγεσθαι,
3563 3830 3765 3902 πολλὴν

2178 3920 2246 3975 ἂν
2276 3919 2388 3990 ἔχοι
2412 3920 2564 3993 παρὰ
2591 3920 2709 3990 Θεῷ
2734 3921 2832 3989 τὴν
2860 3925 3152 3990 κατακοὴν,
3175 3924 3268 3974 καὶ
3296 3924 3567 3994 μαρτυρεῖ
3592 3922 3764 3991 λέγων

2179 4013 2341 4076 αὐτὸς
2369 4015 2398 4066 ὁ
2425 4014 2636 4084 Σωτήρ’
2668 4031 2686 4064 ι
2711 4013 2900 4076 Οὐδεὶς
2925 4013 3145 4066 δύναται
3170 4013 3292 4066 δυσί
3318 4013 3530 4082 κυρίοις
3559 4010 3766 4066 δουλεύ-

2181 4121 2304 4168 ειν,
2359 4124 2377 4156 s
2433 4104 2528 4158 xui.
2591 4105 2740 4174 ἑξῆς.
2804 4104 3164 4174 Παγχάλεπον
3219 4105 3276 4157 δὲ
3324 4105 3385 4158 τὸ
3446 4103 3765 4174 ἀποπλανᾷν

2180 4196 2444 4268 ἑτέρωθεν
2465 4196 2533 4250 τά
2560 4199 2641 4260 εἰς
2669 4196 2825 4262 δόξαν
2845 4196 3003 4263 Θεοῦ,
3031 4198 3126 4250 καὶ
3153 4196 3251 4267 τῆς
3275 4195 3425 4267 αὐτῷ
3448 4195 3765 4268 πρεπούσης

2180 4285 2343 4356 τιμῆς
2369 4283 2553 4350 ἀξιοῦν
2603 4285 2843 4356 ἑτέρους.
2874 4284 3011 4338 Ἰδια
3060 4284 3190 4356 γὰρ,
3243 4284 3338 4337 καὶ
3381 4284 3640 4355 ἐξαίρετα
3671 4283 3762 4337 τοῦ

2181 4376 2339 4441 Θεοῦ,
2370 4377 2629 4448 πρέποιδ“
2653 4375 2718 4432 ἂν
2747 4377 2844 4447 οὐχ
2865 4376 3038 4448 ἑτέρῳ
3063 4393 3141 4447 τῳ
3188 4375 3410 4448 μᾶλλον,
3452 4376 3596 4445 πλὴν
3621 4374 3764 4446 αὐτῷ

2111 4453 2156 4508 D
2184 4467 2281 4520 καὶ
2305 4467 2471 4539 μόνῳ.

2251 4558 2424 4629 Κάγὼ
2465 4559 2636 4613 δώσω
2670 4558 2811 4628 ὑμῖν
2853 4559 3234 4629 γομφιασμὸν
3262 4558 3526 4614 ὀδόντων
3555 4559 3627 4613 ἑν
3653 4558 3766 4613 .πά-

2180 4668 2321 4717 σαις
2367 4650 2498 4716 ταῖς
2544 4651 2804 4704 πόλεσιν
2835 4650 3024 4720 ὑμῶν,
3060 4651 3160 4704 καὶ
3191 4650 3432 4704 ἔνδειαν
3477 4651 3673 4718 ἄρτων
3703 4651 3776 4704 ἐν

2180 4741 2304 4807 τοῖς
2327 4743 2532 4808 τόποις
2559 4740 2744 4810 ὑμῶν,
2781 4743 2880 4794 καὶ
2909 4743 3020 4796 οὐκ
3047 4743 3461 4811 ἐπεστρέψατε
3492 4745 3645 4810 πρός
3667 4760 3765 4812 με.

2179 4833 2341 4902 λέγει
2372 4834 2606 4901 Κύριος.
2641 4833 2748 4888 Καὶ
2793 4833 3066 4903 ἀνέσχον
3111 4835 3182 4898 ἐξ
3224 4834 3392 4902 ὑμῶν
3425 4834 3532 4888 τὸν
3571 4836 3769 4898 ὑετὸν,

2190 4924 2305 4993 πρὸ
2339 4924 2513 4992 τριῶν
2529 4924 2740 4994 μηνῶν
2767 4925 2875 4979 τοῦ
2917 4924 3211 4995 τρυγητοῦ
3236 4945 3248 4956 ·
3296 4927 3394 4980 καί
3435 4927 3639 4995 βρέξω
3675 4927 3770 4980 ἐπὶ

2188 5020 2372 5072 πόλιν
2390 5019 2557 5087 μίαν,
2591 5019 2690 5072 ἐπὶ
2732 5018 2800 5072 δὲ
2841 5021 3023 5074 πόλιν
3054 5022 3203 5089 μίαν
3229 5022 3301 5074 οὐ
3323 5020 3540 5088 βρέξω.
3592 5018 3771 5088 Μερίς

2183 5110 2292 5178 μία
2315 5110 2706 5178 βραχήσεται,
2738 5112 2836 5165 καί
2877 5111 3048 5181 μερὶς
3075 5112 3168 5180 ἐφ’
3196 5110 3276 5180 ἣν
3305 5114 3376 5166 οὐ
3411 5111 3635 5180 βρέεω,
3671 5111 3774 5177 ξη-

2181 5201 2566 5270 ρανθήσεται.
2625 5203 2733 5256 Καὶ
2791 5203 3422 5272 συναθροισθήσονται
3473 5202 3620 5267 δύο,
3674 5200 3770 5255 καί

2182 5293 2338 5359 τρεῖς
2382 5293 2591 5360 πόλεις
2618 5296 2705 5359 εἰς
2733 5296 2915 5348 πόλιν
2938 5294 3088 5363 μίαν
3117 5294 3222 5348 τοῦ
3254 5293 3413 5346 πιεῖν
3444 5292 3626 5360 ὕδωρ,
3673 5290 3769 5345 καί

2184 5387 2257 5438 οὺ
2275 5386 2362 5453 μὴ
2391 5385 2849 5454 ἐμπλησθῶσιν,
2870 5385 2969 5440 καί
3002 5386 3129 5441 οὐδ’
3151 5386 3340 5455 οὕτως
3360 5384 3769 5456 ἐπεστρέψατε

2187 5478 2338 5545 πρός
2367 5493 2465 5545 με,
2493 5480 2654 5548 λέγει
2685 5479 2918 5546 Κύριος.

2261 5567 2382 5622 AZ'.
2422 5570 2658 5640 Ἀπαντᾷ
2691 5570 2850 5625 πάλιν
2882 5570 3240 5644 οἰκονομικῶς
3266 5569 3293 5625 ὀ
3322 5568 3475 5637 λόγος
3504 5568 3618 5632 τοῖς
3648 5565 3771 5619 εἰω-

585 5743 631 5779 ”
648 5739 821 5798 Exod.
859 5751 1017 5802 um,
1053 5739 1233 5794 I'I-l9.
1314 5741 1355 5772 ”
1377 5743 1507 5799 Ibid.
1539 5745 1622 5800 I5.
1702 5746 1744 5778 ”
1775 5741 1961 5798 Matth.
1991 5743 2181 5809 v1.9.4.
