  <div class='ocr_page' id='page_1' title='image "/cluster/home/n/w/nwhite01/storage/ocr_20150623/71/mdp.39015078384461/254.png"; bbox 0 0 4054 6274; ppageno 0'>
   <div class='ocr_carea' id='block_1_1' title="bbox 243 360 1844 428">
    <p class='ocr_par' dir='ltr' id='par_1_1' title="bbox 243 360 1844 421">
     <span class='ocr_line' id='line_1_1' title="bbox 243 360 1844 421; baseline -0.001 -2"><span class='ocrx_word' id='word_1_1' title='bbox 243 364 345 420; x_wconf 69' lang='grc'><strong>431</strong></span> <span class='ocrx_word' id='word_1_2' title='bbox 1211 360 1766 421; x_wconf 76' lang='lat' dir='ltr'><strong>COMMENTARIUS</strong></span> <span class='ocrx_word' id='word_1_3' title='bbox 1804 362 1844 418; x_wconf 84' lang='lat' dir='ltr'><strong>ll</strong></span> 
     </span>
    </p>
   </div>
   <div class='ocr_carea' id='block_1_2' title="bbox 1919 360 3520 428">
    <p class='ocr_par' dir='ltr' id='par_1_2' title="bbox 1919 362 3520 428">
     <span class='ocr_line' id='line_1_2' title="bbox 1919 362 3520 428; baseline 0.006 -11"><span class='ocrx_word' id='word_1_4' title='bbox 1919 362 2099 420; x_wconf 69' lang='lat' dir='ltr'><strong>AMOS</strong></span> <span class='ocrx_word' id='word_1_5' title='bbox 2135 363 2587 423; x_wconf 69' lang='lat' dir='ltr'><strong>PROPH‘ETAM.</strong></span> <span class='ocrx_word' id='word_1_6' title='bbox 3411 371 3520 428; x_wconf 65' lang='grc' dir='ltr'><strong>ιω</strong></span> 
     </span>
    </p>
   </div>
   <div class='ocr_carea' id='block_1_3' title="bbox 247 476 1848 563">
    <p class='ocr_par' dir='ltr' id='par_1_3' title="bbox 247 476 1840 552">
     <span class='ocr_line' id='line_1_3' title="bbox 247 476 1840 552; baseline 0.002 -20"><span class='ocrx_word' id='word_1_7' title='bbox 247 479 368 534; x_wconf 87' lang='grc' dir='ltr'>θόσι</span> <span class='ocrx_word' id='word_1_8' title='bbox 411 476 744 548; x_wconf 62' lang='grc' dir='ltr'>φιλοψέγειν,</span> <span class='ocrx_word' id='word_1_9' title='bbox 776 476 874 530; x_wconf 64' lang='grc' dir='ltr'><strong>κα)⁸</strong></span> <span class='ocrx_word' id='word_1_10' title='bbox 921 478 1021 550; x_wconf 79' lang='grc' dir='ltr'>τῆς</span> <span class='ocrx_word' id='word_1_11' title='bbox 1067 479 1295 550; x_wconf 79' lang='grc' dir='ltr'>ἐνούσης</span> <span class='ocrx_word' id='word_1_12' title='bbox 1345 481 1465 552; x_wconf 85' lang='grc' dir='ltr'><strong>Θεῷ</strong></span> <span class='ocrx_word' id='word_1_13' title='bbox 1504 481 1840 552; x_wconf 80' lang='grc' dir='ltr'>ἀγαθότητος</span> 
     </span>
    </p>
   </div>
   <div class='ocr_carea' id='block_1_4' title="bbox 1907 476 3508 563">
    <p class='ocr_par' dir='ltr' id='par_1_4' title="bbox 1907 486 3508 563">
     <span class='ocr_line' id='line_1_4' title="bbox 1907 486 3508 563; baseline 0.002 -18"><span class='ocrx_word' id='word_1_14' title='bbox 1907 525 1916 545; x_wconf 61' lang='grc' dir='ltr'><strong>ι</strong></span> <span class='ocrx_word' id='word_1_15' title='bbox 1945 486 2036 554; x_wconf 86' lang='lat' dir='ltr'><strong>qui</strong></span> <span class='ocrx_word' id='word_1_16' title='bbox 2069 496 2256 544; x_wconf 92' lang='lat' dir='ltr'><strong>amant</strong></span> <span class='ocrx_word' id='word_1_17' title='bbox 2278 487 2698 558; x_wconf 84' lang='lat' dir='ltr'><strong>reprehendere.</strong></span> <span class='ocrx_word' id='word_1_18' title='bbox 2729 496 2783 544; x_wconf 89' lang='lat' dir='ltr'><strong>et</strong></span> <span class='ocrx_word' id='word_1_19' title='bbox 2802 503 2868 544; x_wconf 88' lang='lat' dir='ltr'><strong>ex</strong></span> <span class='ocrx_word' id='word_1_20' title='bbox 2901 497 3122 560; x_wconf 76' lang='lat' dir='ltr'><strong>stupore</strong></span> <span class='ocrx_word' id='word_1_21' title='bbox 3149 505 3344 563; x_wconf 75' lang='lat' dir='ltr'><strong>magno</strong></span> <span class='ocrx_word' id='word_1_22' title='bbox 3374 507 3508 549; x_wconf 85' lang='lat' dir='ltr'><strong>eon-</strong></span> 
     </span>
    </p>
   </div>
   <div class='ocr_carea' id='block_1_5' title="bbox 246 568 1847 650">
    <p class='ocr_par' dir='ltr' id='par_1_5' title="bbox 246 568 1835 643">
     <span class='ocr_line' id='line_1_5' title="bbox 246 568 1835 643; baseline -0.001 -18"><span class='ocrx_word' id='word_1_23' title='bbox 246 570 526 642; x_wconf 87' lang='grc' dir='ltr'>ἀϐούλητα</span> <span class='ocrx_word' id='word_1_24' title='bbox 555 568 960 640; x_wconf 83' lang='grc' dir='ltr'>καταφλυαρεῖν</span> <span class='ocrx_word' id='word_1_25' title='bbox 985 572 1049 623; x_wconf 80' lang='grc' dir='ltr'><strong>ἐκ</strong></span> <span class='ocrx_word' id='word_1_26' title='bbox 1070 571 1170 640; x_wconf 84' lang='grc' dir='ltr'>τῆς</span> <span class='ocrx_word' id='word_1_27' title='bbox 1201 571 1400 642; x_wconf 80' lang='grc' dir='ltr'>πολλῆς</span> <span class='ocrx_word' id='word_1_28' title='bbox 1424 572 1565 639; x_wconf 85' lang='grc' dir='ltr'>ἄγαν</span> <span class='ocrx_word' id='word_1_29' title='bbox 1587 571 1835 643; x_wconf 83' lang='grc' dir='ltr'>ἀποπλη-</span> 
     </span>
    </p>
   </div>
   <div class='ocr_carea' id='block_1_6' title="bbox 1904 568 3505 650">
    <p class='ocr_par' dir='ltr' id='par_1_6' title="bbox 1940 577 3505 650">
     <span class='ocr_line' id='line_1_6' title="bbox 1940 577 3505 650; baseline 0.006 -21"><span class='ocrx_word' id='word_1_30' title='bbox 1940 587 2023 632; x_wconf 91' lang='lat' dir='ltr'><strong>tra</strong></span> <span class='ocrx_word' id='word_1_31' title='bbox 2059 577 2154 632; x_wconf 87' lang='lat' dir='ltr'><strong>Dei</strong></span> <span class='ocrx_word' id='word_1_32' title='bbox 2178 579 2476 634; x_wconf 89' lang='lat' dir='ltr'><strong>bonitatem</strong></span> <span class='ocrx_word' id='word_1_33' title='bbox 2543 579 2948 636; x_wconf 81' lang='lat' dir='ltr'><strong>inconsiderate</strong></span> <span class='ocrx_word' id='word_1_34' title='bbox 3005 581 3295 639; x_wconf 74' lang='lat' dir='ltr'><strong>blaterare.</strong></span> <span class='ocrx_word' id='word_1_35' title='bbox 3324 583 3505 650; x_wconf 80' lang='lat' dir='ltr'><strong>Quare</strong></span> 
     </span>
    </p>
   </div>
   <div class='ocr_carea' id='block_1_7' title="bbox 251 659 1852 743">
    <p class='ocr_par' dir='ltr' id='par_1_7' title="bbox 251 659 1836 733">
     <span class='ocr_line' id='line_1_7' title="bbox 251 659 1836 733; baseline 0.003 -19"><span class='ocrx_word' id='word_1_36' title='bbox 251 663 392 728; x_wconf 82' lang='grc' dir='ltr'>ξίας.</span> <span class='ocrx_word' id='word_1_37' title='bbox 411 660 550 714; x_wconf 78' lang='grc' dir='ltr'>’Δνθ’</span> <span class='ocrx_word' id='word_1_38' title='bbox 580 660 702 713; x_wconf 81' lang='grc' dir='ltr'>ὅτου</span> <span class='ocrx_word' id='word_1_39' title='bbox 732 659 844 732; x_wconf 84' lang='grc' dir='ltr'>γὰρ</span> <span class='ocrx_word' id='word_1_40' title='bbox 875 661 978 729; x_wconf 84' lang='grc' dir='ltr'>(ἂν</span> <span class='ocrx_word' id='word_1_41' title='bbox 1004 665 1159 732; x_wconf 86' lang='grc' dir='ltr'>φαῖεν</span> <span class='ocrx_word' id='word_1_42' title='bbox 1200 663 1329 727; x_wconf 76' lang='grc' dir='ltr'>ἴσως</span> <span class='ocrx_word' id='word_1_43' title='bbox 1357 664 1524 733; x_wconf 77' lang='grc' dir='ltr'>τινὲς)</span> <span class='ocrx_word' id='word_1_44' title='bbox 1545 664 1836 720; x_wconf 89' lang='grc' dir='ltr'>ἀτίθασσον</span> 
     </span>
    </p>
   </div>
   <div class='ocr_carea' id='block_1_8' title="bbox 1906 659 3507 743">
    <p class='ocr_par' dir='ltr' id='par_1_8' title="bbox 1935 666 3507 743">
     <span class='ocr_line' id='line_1_8' title="bbox 1935 666 3507 743; baseline 0.004 -23"><span class='ocrx_word' id='word_1_45' title='bbox 1935 668 2077 722; x_wconf 89' lang='lat' dir='ltr'><strong>enim</strong></span> <span class='ocrx_word' id='word_1_46' title='bbox 2131 666 2407 738; x_wconf 90' lang='lat' dir='ltr'><strong>(dixerint</strong></span> <span class='ocrx_word' id='word_1_47' title='bbox 2458 668 2692 726; x_wconf 78' lang='lat' dir='ltr'><strong>fortasse</strong></span> <span class='ocrx_word' id='word_1_48' title='bbox 2753 671 2997 743; x_wconf 88' lang='lat' dir='ltr'><strong>quidam)</strong></span> <span class='ocrx_word' id='word_1_49' title='bbox 3055 673 3190 728; x_wconf 84' lang='lat' dir='ltr'><strong>adeo</strong></span> <span class='ocrx_word' id='word_1_50' title='bbox 3248 673 3507 728; x_wconf 87' lang='lat' dir='ltr'><strong>immitem</strong></span> 
     </span>
    </p>
   </div>
   <div class='ocr_carea' id='block_1_9' title="bbox 248 751 1849 828">
    <p class='ocr_par' dir='ltr' id='par_1_9' title="bbox 248 751 1836 826">
     <span class='ocr_line' id='line_1_9' title="bbox 248 751 1836 826; baseline 0.001 -19"><span class='ocrx_word' id='word_1_51' title='bbox 248 753 412 818; x_wconf 80' lang='grc' dir='ltr'>οὕτω,</span> <span class='ocrx_word' id='word_1_52' title='bbox 435 752 530 806; x_wconf 81' lang='grc' dir='ltr'>καὶ</span> <span class='ocrx_word' id='word_1_53' title='bbox 561 751 841 805; x_wconf 79' lang='grc' dir='ltr'><strong>δύσοιστον</strong></span> <span class='ocrx_word' id='word_1_54' title='bbox 869 753 1068 824; x_wconf 83' lang='grc' dir='ltr'>κομιδῇ</span> <span class='ocrx_word' id='word_1_55' title='bbox 1099 756 1212 818; x_wconf 85' lang='grc' dir='ltr'>τοῖς</span> <span class='ocrx_word' id='word_1_56' title='bbox 1243 754 1304 819; x_wconf 82' lang='grc' dir='ltr'>ἐξ</span> <span class='ocrx_word' id='word_1_57' title='bbox 1329 755 1545 826; x_wconf 82' lang='grc' dir='ltr'>Ἰσραὴλ</span> <span class='ocrx_word' id='word_1_58' title='bbox 1570 755 1650 808; x_wconf 75' lang='grc' dir='ltr'>ἔτι</span> <span class='ocrx_word' id='word_1_59' title='bbox 1681 755 1836 826; x_wconf 83' lang='grc' dir='ltr'><strong>φέρει</strong></span> 
     </span>
    </p>
   </div>
   <div class='ocr_carea' id='block_1_10' title="bbox 1909 751 3510 828">
    <p class='ocr_par' dir='ltr' id='par_1_10' title="bbox 1939 755 3510 828">
     <span class='ocr_line' id='line_1_10' title="bbox 1939 755 3510 828; baseline 0.008 -22"><span class='ocrx_word' id='word_1_60' title='bbox 1939 769 2276 824; x_wconf 88' lang='lat' dir='ltr'><strong>prorsusque</strong></span> <span class='ocrx_word' id='word_1_61' title='bbox 2324 755 2718 814; x_wconf 86' lang='lat' dir='ltr'><strong>intolerabilem</strong></span> <span class='ocrx_word' id='word_1_62' title='bbox 2774 774 2989 828; x_wconf 70' lang='lat' dir='ltr'><strong>poenam</strong></span> <span class='ocrx_word' id='word_1_63' title='bbox 3043 762 3302 818; x_wconf 89' lang='lat' dir='ltr'><strong>lsraelitis</strong></span> <span class='ocrx_word' id='word_1_64' title='bbox 3346 764 3510 819; x_wconf 78' lang='lat' dir='ltr'><strong>infert</strong></span> 
     </span>
    </p>
   </div>
   <div class='ocr_carea' id='block_1_11' title="bbox 246 841 1847 916">
    <p class='ocr_par' dir='ltr' id='par_1_11' title="bbox 246 841 1833 916">
     <span class='ocr_line' id='line_1_11' title="bbox 246 841 1833 916; baseline -0.001 -18"><span class='ocrx_word' id='word_1_65' title='bbox 246 846 421 913; x_wconf 84' lang='grc' dir='ltr'>δίκην,</span> <span class='ocrx_word' id='word_1_66' title='bbox 453 841 632 896; x_wconf 88' lang='grc' dir='ltr'>καίτοι</span> <span class='ocrx_word' id='word_1_67' title='bbox 683 843 827 895; x_wconf 86' lang='grc' dir='ltr'><strong>κατά</strong></span> <span class='ocrx_word' id='word_1_68' title='bbox 871 843 1037 911; x_wconf 86' lang='grc' dir='ltr'>φύσιν</span> <span class='ocrx_word' id='word_1_69' title='bbox 1069 842 1330 916; x_wconf 82' lang='grc' dir='ltr'><strong>ὑπάρχων</strong></span> <span class='ocrx_word' id='word_1_70' title='bbox 1363 844 1566 912; x_wconf 79' lang='grc' dir='ltr'>ἀγαθὸς</span> <span class='ocrx_word' id='word_1_71' title='bbox 1605 845 1634 897; x_wconf 85' lang='grc' dir='ltr'>ὁ</span> <span class='ocrx_word' id='word_1_72' title='bbox 1680 843 1833 909; x_wconf 80' lang='grc' dir='ltr'>Θεὸς,</span> 
     </span>
    </p>
   </div>
   <div class='ocr_carea' id='block_1_12' title="bbox 1906 841 3507 916">
    <p class='ocr_par' dir='ltr' id='par_1_12' title="bbox 1938 843 3507 916">
     <span class='ocr_line' id='line_1_12' title="bbox 1938 843 3507 916; baseline 0.009 -19"><span class='ocrx_word' id='word_1_73' title='bbox 1938 843 2102 909; x_wconf 88' lang='lat' dir='ltr'><strong>Deus,</strong></span> <span class='ocrx_word' id='word_1_74' title='bbox 2131 861 2254 899; x_wconf 87' lang='lat' dir='ltr'><strong>cum</strong></span> <span class='ocrx_word' id='word_1_75' title='bbox 2279 856 2468 902; x_wconf 89' lang='lat' dir='ltr'><strong>natura</strong></span> <span class='ocrx_word' id='word_1_76' title='bbox 2497 848 2670 905; x_wconf 89' lang='lat' dir='ltr'><strong>bonus</strong></span> <span class='ocrx_word' id='word_1_77' title='bbox 2699 852 2788 916; x_wconf 89' lang='lat' dir='ltr'><strong>sit,</strong></span> <span class='ocrx_word' id='word_1_78' title='bbox 2821 861 2876 906; x_wconf 90' lang='lat' dir='ltr'><strong>et</strong></span> <span class='ocrx_word' id='word_1_79' title='bbox 2912 853 2988 907; x_wconf 87' lang='lat' dir='ltr'><strong>ira</strong></span> <span class='ocrx_word' id='word_1_80' title='bbox 3021 853 3073 908; x_wconf 94' lang='lat' dir='ltr'><strong>in</strong></span> <span class='ocrx_word' id='word_1_81' title='bbox 3100 854 3222 910; x_wconf 88' lang='lat' dir='ltr'><strong>illos</strong></span> <span class='ocrx_word' id='word_1_82' title='bbox 3253 856 3507 911; x_wconf 84' lang='lat' dir='ltr'><strong>incxor‘a-</strong></span> 
     </span>
    </p>
   </div>
   <div class='ocr_carea' id='block_1_13' title="bbox 243 933 1844 1014">
    <p class='ocr_par' dir='ltr' id='par_1_13' title="bbox 243 933 1834 1006">
     <span class='ocr_line' id='line_1_13' title="bbox 243 933 1834 1006; baseline -0.003 -15"><span class='ocrx_word' id='word_1_83' title='bbox 243 937 340 991; x_wconf 84' lang='grc' dir='ltr'>καὶ</span> <span class='ocrx_word' id='word_1_84' title='bbox 367 934 651 1005; x_wconf 81' lang='grc' dir='ltr'><strong>ἀποτόμου</strong></span> <span class='ocrx_word' id='word_1_85' title='bbox 688 933 874 987; x_wconf 81' lang='grc' dir='ltr'>λοιπὸν</span> <span class='ocrx_word' id='word_1_86' title='bbox 900 935 1068 1006; x_wconf 80' lang='grc' dir='ltr'>ὀργῆς</span> <span class='ocrx_word' id='word_1_87' title='bbox 1111 936 1404 1006; x_wconf 80' lang='grc' dir='ltr'>ἀποφαίνει</span> <span class='ocrx_word' id='word_1_88' title='bbox 1443 936 1796 1006; x_wconf 82' lang='grc' dir='ltr'>δεδεημὲνους</span> <span class='ocrx_word' id='word_1_89' title='bbox 1814 953 1834 1002; x_wconf 84' lang='lat'><strong>;</strong></span> 
     </span>
    </p>
   </div>
   <div class='ocr_carea' id='block_1_14' title="bbox 1905 933 3506 1014">
    <p class='ocr_par' dir='ltr' id='par_1_14' title="bbox 1940 936 3506 1014">
     <span class='ocr_line' id='line_1_14' title="bbox 1940 936 3506 1014; baseline 0.01 -25"><span class='ocrx_word' id='word_1_90' title='bbox 1940 936 2030 990; x_wconf 90' lang='lat' dir='ltr'><strong>bili</strong></span> <span class='ocrx_word' id='word_1_91' title='bbox 2070 951 2205 1008; x_wconf 90' lang='lat' dir='ltr'><strong>opus</strong></span> <span class='ocrx_word' id='word_1_92' title='bbox 2234 953 2355 993; x_wconf 84' lang='lat' dir='ltr'><strong>esse</strong></span> <span class='ocrx_word' id='word_1_93' title='bbox 2403 939 2680 994; x_wconf 74' lang='lat' dir='ltr'><strong>declarat?</strong></span> <span class='ocrx_word' id='word_1_94' title='bbox 2710 940 2962 998; x_wconf 87' lang='lat' dir='ltr'><strong>Ostendit</strong></span> <span class='ocrx_word' id='word_1_95' title='bbox 2991 939 3154 1014; x_wconf 77' lang='lat' dir='ltr'><strong>igitur</strong></span> <span class='ocrx_word' id='word_1_96' title='bbox 3187 947 3289 1002; x_wconf 91' lang='lat' dir='ltr'><strong>hoc</strong></span> <span class='ocrx_word' id='word_1_97' title='bbox 3318 949 3506 1003; x_wconf 89' lang='lat' dir='ltr'><strong>eodem</strong></span> 
     </span>
    </p>
   </div>
   <div class='ocr_carea' id='block_1_15' title="bbox 253 1025 1854 1104">
    <p class='ocr_par' dir='ltr' id='par_1_15' title="bbox 253 1025 1838 1100">
     <span class='ocr_line' id='line_1_15' title="bbox 253 1025 1838 1100; baseline -0.001 -19"><span class='ocrx_word' id='word_1_98' title='bbox 253 1028 344 1081; x_wconf 88' lang='grc' dir='ltr'>Ἐν</span> <span class='ocrx_word' id='word_1_99' title='bbox 362 1025 547 1098; x_wconf 84' lang='grc' dir='ltr'>ταὺτῷ</span> <span class='ocrx_word' id='word_1_100' title='bbox 573 1025 630 1078; x_wconf 84' lang='grc' dir='ltr'><strong>δέ</strong></span> <span class='ocrx_word' id='word_1_101' title='bbox 659 1025 949 1088; x_wconf 85' lang='grc' dir='ltr'>δείκνυσιν,</span> <span class='ocrx_word' id='word_1_102' title='bbox 973 1026 1055 1079; x_wconf 84' lang='grc' dir='ltr'>ὅτι</span> <span class='ocrx_word' id='word_1_103' title='bbox 1077 1026 1302 1098; x_wconf 80' lang='grc' dir='ltr'>πλήττει</span> <span class='ocrx_word' id='word_1_104' title='bbox 1333 1026 1433 1098; x_wconf 85' lang='grc' dir='ltr'><strong>μὲν</strong></span> <span class='ocrx_word' id='word_1_105' title='bbox 1455 1029 1514 1082; x_wconf 88' lang='grc' dir='ltr'><strong>ἐν</strong></span> <span class='ocrx_word' id='word_1_106' title='bbox 1535 1029 1676 1100; x_wconf 83' lang='grc' dir='ltr'>ἀρχῇ</span> <span class='ocrx_word' id='word_1_107' title='bbox 1699 1029 1838 1100; x_wconf 76' lang='grc' dir='ltr'>ἡμε-</span> 
     </span>
    </p>
   </div>
   <div class='ocr_carea' id='block_1_16' title="bbox 1909 1025 3510 1104">
    <p class='ocr_par' dir='ltr' id='par_1_16' title="bbox 1939 1026 3510 1104">
     <span class='ocr_line' id='line_1_16' title="bbox 1939 1026 3510 1104; baseline 0.008 -24"><span class='ocrx_word' id='word_1_108' title='bbox 1939 1026 2080 1093; x_wconf 88' lang='lat' dir='ltr'><strong>loco,</strong></span> <span class='ocrx_word' id='word_1_109' title='bbox 2128 1042 2187 1083; x_wconf 88' lang='lat' dir='ltr'><strong>se</strong></span> <span class='ocrx_word' id='word_1_110' title='bbox 2225 1029 2493 1100; x_wconf 90' lang='lat' dir='ltr'><strong>principio</strong></span> <span class='ocrx_word' id='word_1_111' title='bbox 2547 1032 2732 1086; x_wconf 90' lang='lat' dir='ltr'><strong>mitius</strong></span> <span class='ocrx_word' id='word_1_112' title='bbox 2786 1035 2978 1102; x_wconf 88' lang='lat' dir='ltr'><strong>punire</strong></span> <span class='ocrx_word' id='word_1_113' title='bbox 3020 1047 3348 1104; x_wconf 80' lang='lat' dir='ltr'><strong>peccatores,</strong></span> <span class='ocrx_word' id='word_1_114' title='bbox 3405 1055 3510 1093; x_wconf 94' lang='lat' dir='ltr'><strong>non</strong></span> 
     </span>
    </p>
   </div>
   <div class='ocr_carea' id='block_1_17' title="bbox 244 1117 1845 1196">
    <p class='ocr_par' dir='ltr' id='par_1_17' title="bbox 244 1117 1837 1191">
     <span class='ocr_line' id='line_1_17' title="bbox 244 1117 1837 1191; baseline -0.001 -19"><span class='ocrx_word' id='word_1_115' title='bbox 244 1119 506 1191; x_wconf 85' lang='grc' dir='ltr'>ρωτέρως</span> <span class='ocrx_word' id='word_1_116' title='bbox 539 1118 663 1181; x_wconf 79' lang='grc' dir='ltr'>τοὺς</span> <span class='ocrx_word' id='word_1_117' title='bbox 692 1117 1107 1189; x_wconf 71' lang='grc' dir='ltr'><strong>ἡμαρτηκότας,</strong></span> <span class='ocrx_word' id='word_1_118' title='bbox 1139 1118 1199 1170; x_wconf 85' lang='grc' dir='ltr'><strong>οὐ</strong></span> <span class='ocrx_word' id='word_1_119' title='bbox 1232 1117 1388 1182; x_wconf 82' lang='grc' dir='ltr'>δίκας</span> <span class='ocrx_word' id='word_1_120' title='bbox 1415 1119 1615 1182; x_wconf 82' lang='grc' dir='ltr'>αὐτῶν,</span> <span class='ocrx_word' id='word_1_121' title='bbox 1640 1118 1755 1172; x_wconf 84' lang='grc' dir='ltr'>ἀλλ’</span> <span class='ocrx_word' id='word_1_122' title='bbox 1778 1117 1837 1184; x_wconf 84' lang='grc' dir='ltr'>ἐξ</span> 
     </span>
    </p>
   </div>
   <div class='ocr_carea' id='block_1_18' title="bbox 1910 1117 3511 1196">
    <p class='ocr_par' dir='ltr' id='par_1_18' title="bbox 1938 1117 3511 1196">
     <span class='ocr_line' id='line_1_18' title="bbox 1938 1117 3511 1196; baseline 0.01 -27"><span class='ocrx_word' id='word_1_123' title='bbox 1938 1117 2229 1172; x_wconf 86' lang='lat' dir='ltr'><strong>vindictam</strong></span> <span class='ocrx_word' id='word_1_124' title='bbox 2270 1118 2658 1188; x_wconf 83' lang='lat' dir='ltr'><strong>postulantem,</strong></span> <span class='ocrx_word' id='word_1_125' title='bbox 2687 1121 2778 1176; x_wconf 89' lang='lat' dir='ltr'><strong>sed</strong></span> <span class='ocrx_word' id='word_1_126' title='bbox 2804 1137 2868 1176; x_wconf 88' lang='lat' dir='ltr'><strong>ex</strong></span> <span class='ocrx_word' id='word_1_127' title='bbox 2899 1123 3058 1177; x_wconf 86' lang='lat' dir='ltr'><strong>insita</strong></span> <span class='ocrx_word' id='word_1_128' title='bbox 3087 1127 3420 1196; x_wconf 79' lang='lat' dir='ltr'><strong>benignitate</strong></span> <span class='ocrx_word' id='word_1_129' title='bbox 3446 1131 3511 1184; x_wconf 91' lang='lat' dir='ltr'><strong>ad</strong></span> 
     </span>
    </p>
   </div>
   <div class='ocr_carea' id='block_1_19' title="bbox 241 1203 1842 1288">
    <p class='ocr_par' dir='ltr' id='par_1_19' title="bbox 241 1208 1837 1282">
     <span class='ocr_line' id='line_1_19' title="bbox 241 1208 1837 1282; baseline -0.002 -18"><span class='ocrx_word' id='word_1_130' title='bbox 241 1210 495 1282; x_wconf 86' lang='grc' dir='ltr'>ἐμφύτου</span> <span class='ocrx_word' id='word_1_131' title='bbox 540 1208 951 1280; x_wconf 84' lang='grc' dir='ltr'>φιλανθρωπίας</span> <span class='ocrx_word' id='word_1_132' title='bbox 997 1209 1343 1279; x_wconf 76' lang='grc' dir='ltr'>ἐπιστρέφων</span> <span class='ocrx_word' id='word_1_133' title='bbox 1379 1211 1459 1272; x_wconf 87' lang='grc' dir='ltr'><strong>είς</strong></span> <span class='ocrx_word' id='word_1_134' title='bbox 1491 1209 1703 1273; x_wconf 81' lang='grc' dir='ltr'>ἐαυτὸν,</span> <span class='ocrx_word' id='word_1_135' title='bbox 1740 1210 1837 1263; x_wconf 75' lang='grc' dir='ltr'><strong>καὶ</strong></span> 
     </span>
    </p>
   </div>
   <div class='ocr_carea' id='block_1_20' title="bbox 1910 1203 3511 1288">
    <p class='ocr_par' dir='ltr' id='par_1_20' title="bbox 1937 1203 3511 1288">
     <span class='ocr_line' id='line_1_20' title="bbox 1937 1203 3511 1288; baseline 0.011 -32"><span class='ocrx_word' id='word_1_136' title='bbox 1937 1216 1998 1256; x_wconf 90' lang='lat' dir='ltr'><strong>se</strong></span> <span class='ocrx_word' id='word_1_137' title='bbox 2043 1203 2220 1273; x_wconf 91' lang='lat' dir='ltr'><strong>ipsum</strong></span> <span class='ocrx_word' id='word_1_138' title='bbox 2267 1216 2670 1263; x_wconf 81' lang='lat' dir='ltr'><strong>convertentem</strong></span> <span class='ocrx_word' id='word_1_139' title='bbox 2714 1225 2830 1276; x_wconf 90' lang='lat' dir='ltr'><strong>eos,</strong></span> <span class='ocrx_word' id='word_1_140' title='bbox 2886 1227 2949 1267; x_wconf 87' lang='lat' dir='ltr'><strong>ac</strong></span> <span class='ocrx_word' id='word_1_141' title='bbox 3004 1222 3258 1283; x_wconf 88' lang='lat' dir='ltr'><strong>tanquam</strong></span> <span class='ocrx_word' id='word_1_142' title='bbox 3302 1217 3511 1288; x_wconf 71' lang='lat' dir='ltr'><strong>ﬂagello</strong></span> 
     </span>
    </p>
   </div>
   <div class='ocr_carea' id='block_1_21' title="bbox 241 1297 1842 1372">
    <p class='ocr_par' dir='ltr' id='par_1_21' title="bbox 241 1300 1836 1372">
     <span class='ocr_line' id='line_1_21' title="bbox 241 1300 1836 1372; baseline 0 -18"><span class='ocrx_word' id='word_1_143' title='bbox 241 1302 406 1356; x_wconf 75' lang='grc' dir='ltr'>οἱονεὶ</span> <span class='ocrx_word' id='word_1_144' title='bbox 435 1301 667 1372; x_wconf 80' lang='grc' dir='ltr'>μάστιγι</span> <span class='ocrx_word' id='word_1_145' title='bbox 709 1316 768 1352; x_wconf 91' lang='grc' dir='ltr'><strong>τε</strong></span> <span class='ocrx_word' id='word_1_146' title='bbox 817 1302 912 1353; x_wconf 84' lang='grc' dir='ltr'><strong>καὶ</strong></span> <span class='ocrx_word' id='word_1_147' title='bbox 944 1300 1094 1372; x_wconf 80' lang='grc' dir='ltr'>πόνῳ</span> <span class='ocrx_word' id='word_1_148' title='bbox 1126 1300 1438 1371; x_wconf 77' lang='grc' dir='ltr'>μετατιθεὶς</span> <span class='ocrx_word' id='word_1_149' title='bbox 1468 1302 1561 1354; x_wconf 71' lang='grc' dir='ltr'><strong>ἐπὶ</strong></span> <span class='ocrx_word' id='word_1_150' title='bbox 1604 1300 1666 1353; x_wconf 83' lang='grc' dir='ltr'><strong>τὸ</strong></span> <span class='ocrx_word' id='word_1_151' title='bbox 1704 1300 1836 1371; x_wconf 84' lang='grc' dir='ltr'>δρᾷν</span> 
     </span>
    </p>
   </div>
   <div class='ocr_carea' id='block_1_22' title="bbox 1906 1297 3507 1372">
    <p class='ocr_par' dir='ltr' id='par_1_22' title="bbox 1938 1297 3507 1370">
     <span class='ocr_line' id='line_1_22' title="bbox 1938 1297 3507 1370; baseline 0.011 -24"><span class='ocrx_word' id='word_1_152' title='bbox 1938 1297 2194 1364; x_wconf 83' lang='lat' dir='ltr'><strong>quodam,</strong></span> <span class='ocrx_word' id='word_1_153' title='bbox 2225 1305 2280 1352; x_wconf 91' lang='lat' dir='ltr'><strong>et</strong></span> <span class='ocrx_word' id='word_1_154' title='bbox 2309 1297 2495 1353; x_wconf 91' lang='lat' dir='ltr'><strong>dolore</strong></span> <span class='ocrx_word' id='word_1_155' title='bbox 2521 1299 2586 1353; x_wconf 86' lang='lat' dir='ltr'><strong>ad</strong></span> <span class='ocrx_word' id='word_1_156' title='bbox 2611 1315 2834 1370; x_wconf 89' lang='lat' dir='ltr'><strong>operum</strong></span> <span class='ocrx_word' id='word_1_157' title='bbox 2872 1303 3153 1358; x_wconf 90' lang='lat' dir='ltr'><strong>meliorum</strong></span> <span class='ocrx_word' id='word_1_158' title='bbox 3179 1306 3507 1364; x_wconf 79' lang='lat' dir='ltr'><strong>voluntatem</strong></span> 
     </span>
    </p>
   </div>
   <div class='ocr_carea' id='block_1_23' title="bbox 242 1385 1843 1464">
    <p class='ocr_par' dir='ltr' id='par_1_23' title="bbox 242 1385 1836 1461">
     <span class='ocr_line' id='line_1_23' title="bbox 242 1385 1836 1461; baseline -0.002 -16"><span class='ocrx_word' id='word_1_159' title='bbox 242 1392 460 1445; x_wconf 80' lang='grc' dir='ltr'>ἑλέσθαι</span> <span class='ocrx_word' id='word_1_160' title='bbox 500 1391 564 1445; x_wconf 84' lang='grc' dir='ltr'>τὸ</span> <span class='ocrx_word' id='word_1_161' title='bbox 605 1390 847 1461; x_wconf 78' lang='grc' dir='ltr'>ἄμεινον.</span> <span class='ocrx_word' id='word_1_162' title='bbox 885 1389 1185 1458; x_wconf 88' lang='grc' dir='ltr'>Γεγονότας</span> <span class='ocrx_word' id='word_1_163' title='bbox 1211 1389 1320 1461; x_wconf 81' lang='grc' dir='ltr'>γὰρ</span> <span class='ocrx_word' id='word_1_164' title='bbox 1357 1392 1416 1442; x_wconf 85' lang='grc' dir='ltr'><strong>ἐν</strong></span> <span class='ocrx_word' id='word_1_165' title='bbox 1444 1385 1525 1454; x_wconf 77' lang='grc' dir='ltr'><strong>οἷς</strong></span> <span class='ocrx_word' id='word_1_166' title='bbox 1553 1389 1708 1461; x_wconf 75' lang='grc' dir='ltr'>ἔφην.</span> <span class='ocrx_word' id='word_1_167' title='bbox 1742 1389 1836 1442; x_wconf 79' lang='grc' dir='ltr'><strong>καὶ</strong></span> 
     </span>
    </p>
   </div>
   <div class='ocr_carea' id='block_1_24' title="bbox 1913 1385 3514 1464">
    <p class='ocr_par' dir='ltr' id='par_1_24' title="bbox 1939 1387 3514 1464">
     <span class='ocr_line' id='line_1_24' title="bbox 1939 1387 3514 1464; baseline 0.01 -24"><span class='ocrx_word' id='word_1_168' title='bbox 1939 1387 2383 1443; x_wconf 89' lang='lat' dir='ltr'><strong>transferentem.</strong></span> <span class='ocrx_word' id='word_1_169' title='bbox 2422 1389 2716 1446; x_wconf 81' lang='lat' dir='ltr'><strong>Versantes</strong></span> <span class='ocrx_word' id='word_1_170' title='bbox 2749 1393 2894 1446; x_wconf 82' lang='lat' dir='ltr'><strong>enim</strong></span> <span class='ocrx_word' id='word_1_171' title='bbox 2931 1394 2998 1450; x_wconf 91' lang='lat' dir='ltr'><strong>iis</strong></span> <span class='ocrx_word' id='word_1_172' title='bbox 3027 1411 3145 1464; x_wconf 75' lang='lat' dir='ltr'><strong>quae</strong></span> <span class='ocrx_word' id='word_1_173' title='bbox 3189 1398 3320 1462; x_wconf 85' lang='lat' dir='ltr'><strong>dixi,</strong></span> <span class='ocrx_word' id='word_1_174' title='bbox 3348 1409 3402 1453; x_wconf 90' lang='lat' dir='ltr'><strong>et</strong></span> <span class='ocrx_word' id='word_1_175' title='bbox 3432 1401 3514 1455; x_wconf 87' lang='lat' dir='ltr'><strong>in-</strong></span> 
     </span>
    </p>
   </div>
   <div class='ocr_carea' id='block_1_25' title="bbox 240 1475 1841 1554">
    <p class='ocr_par' dir='ltr' id='par_1_25' title="bbox 240 1480 1836 1554">
     <span class='ocr_line' id='line_1_25' title="bbox 240 1480 1836 1554; baseline -0.004 -16"><span class='ocrx_word' id='word_1_176' title='bbox 240 1484 427 1538; x_wconf 85' lang='grc' dir='ltr'>οὑκέτι</span> <span class='ocrx_word' id='word_1_177' title='bbox 459 1481 677 1554; x_wconf 86' lang='grc' dir='ltr'>φορητά</span> <span class='ocrx_word' id='word_1_178' title='bbox 715 1481 1201 1552; x_wconf 84' lang='grc' dir='ltr'>δεδυσσεϐηκότας,</span> <span class='ocrx_word' id='word_1_179' title='bbox 1233 1480 1575 1552; x_wconf 85' lang='grc' dir='ltr'>γομφιασμῷ</span> <span class='ocrx_word' id='word_1_180' title='bbox 1601 1498 1656 1532; x_wconf 89' lang='grc' dir='ltr'><strong>τε</strong></span> <span class='ocrx_word' id='word_1_181' title='bbox 1688 1481 1836 1533; x_wconf 80' lang='grc' dir='ltr'>ὁδόν-</span> 
     </span>
    </p>
   </div>
   <div class='ocr_carea' id='block_1_26' title="bbox 1908 1475 3509 1554">
    <p class='ocr_par' dir='ltr' id='par_1_26' title="bbox 1940 1475 3509 1553">
     <span class='ocr_line' id='line_1_26' title="bbox 1940 1475 3509 1553; baseline 0.012 -25"><span class='ocrx_word' id='word_1_182' title='bbox 1940 1475 2208 1531; x_wconf 89' lang='lat' dir='ltr'><strong>tolerabili</strong></span> <span class='ocrx_word' id='word_1_183' title='bbox 2237 1477 2398 1533; x_wconf 90' lang='lat' dir='ltr'><strong>modo</strong></span> <span class='ocrx_word' id='word_1_184' title='bbox 2460 1480 2678 1548; x_wconf 91' lang='lat' dir='ltr'><strong>impios,</strong></span> <span class='ocrx_word' id='word_1_185' title='bbox 2734 1490 2957 1553; x_wconf 78' lang='lat' dir='ltr'><strong>stupore</strong></span> <span class='ocrx_word' id='word_1_186' title='bbox 3010 1485 3252 1542; x_wconf 89' lang='lat' dir='ltr'><strong>dentium</strong></span> <span class='ocrx_word' id='word_1_187' title='bbox 3307 1489 3509 1549; x_wconf 84' lang='lat' dir='ltr'><strong>all‘ecit.</strong></span> 
     </span>
    </p>
   </div>
   <div class='ocr_carea' id='block_1_27' title="bbox 238 1566 1839 1643">
    <p class='ocr_par' dir='ltr' id='par_1_27' title="bbox 238 1571 1832 1643">
     <span class='ocr_line' id='line_1_27' title="bbox 238 1571 1832 1643; baseline -0.003 -15"><span class='ocrx_word' id='word_1_188' title='bbox 238 1591 347 1628; x_wconf 86' lang='grc' dir='ltr'><strong>των</strong></span> <span class='ocrx_word' id='word_1_189' title='bbox 381 1573 657 1638; x_wconf 82' lang='grc' dir='ltr'>ἐπαίδευε,</span> <span class='ocrx_word' id='word_1_190' title='bbox 689 1573 784 1627; x_wconf 72' lang='grc' dir='ltr'>καὶ</span> <span class='ocrx_word' id='word_1_191' title='bbox 828 1572 935 1643; x_wconf 77' lang='grc' dir='ltr'>μὴν</span> <span class='ocrx_word' id='word_1_192' title='bbox 981 1573 1074 1626; x_wconf 78' lang='grc' dir='ltr'>καὶ</span> <span class='ocrx_word' id='word_1_193' title='bbox 1122 1573 1303 1643; x_wconf 83' lang='grc' dir='ltr'>ἀρτων</span> <span class='ocrx_word' id='word_1_194' title='bbox 1333 1572 1530 1643; x_wconf 78' lang='grc' dir='ltr'>ἐνδείᾳ,</span> <span class='ocrx_word' id='word_1_195' title='bbox 1565 1571 1832 1637; x_wconf 82' lang='grc' dir='ltr'>τουτέστι,</span> 
     </span>
    </p>
   </div>
   <div class='ocr_carea' id='block_1_28' title="bbox 1908 1566 3509 1643">
    <p class='ocr_par' dir='ltr' id='par_1_28' title="bbox 1937 1566 3509 1642">
     <span class='ocr_line' id='line_1_28' title="bbox 1937 1566 3509 1642; baseline 0.011 -23"><span class='ocrx_word' id='word_1_196' title='bbox 1937 1566 2080 1632; x_wconf 79' lang='lat' dir='ltr'><strong>Quin</strong></span> <span class='ocrx_word' id='word_1_197' title='bbox 2111 1578 2166 1622; x_wconf 91' lang='lat' dir='ltr'><strong>et</strong></span> <span class='ocrx_word' id='word_1_198' title='bbox 2195 1584 2396 1637; x_wconf 88' lang='lat' dir='ltr'><strong>panum</strong></span> <span class='ocrx_word' id='word_1_199' title='bbox 2449 1569 2766 1641; x_wconf 77' lang='lat' dir='ltr'><strong>indigentia,</strong></span> <span class='ocrx_word' id='word_1_200' title='bbox 2824 1574 2928 1630; x_wconf 90' lang='lat' dir='ltr'><strong>hoc</strong></span> <span class='ocrx_word' id='word_1_201' title='bbox 2962 1585 3066 1642; x_wconf 85' lang='lat' dir='ltr'><strong>est,</strong></span> <span class='ocrx_word' id='word_1_202' title='bbox 3123 1578 3266 1634; x_wconf 86' lang='lat' dir='ltr'><strong>fame</strong></span> <span class='ocrx_word' id='word_1_203' title='bbox 3295 1581 3509 1639; x_wconf 87' lang='lat' dir='ltr'><strong>afﬂixit.</strong></span> 
     </span>
    </p>
   </div>
   <div class='ocr_carea' id='block_1_29' title="bbox 238 1657 1839 1735">
    <p class='ocr_par' dir='ltr' id='par_1_29' title="bbox 238 1661 1831 1735">
     <span class='ocr_line' id='line_1_29' title="bbox 238 1661 1831 1735; baseline -0.001 -17"><span class='ocrx_word' id='word_1_204' title='bbox 238 1664 408 1735; x_wconf 82' lang='grc' dir='ltr'>λιμῷ.</span> <span class='ocrx_word' id='word_1_205' title='bbox 449 1682 467 1714; x_wconf 81' lang='grc' dir='ltr'><strong>ι</strong></span> <span class='ocrx_word' id='word_1_206' title='bbox 493 1664 602 1716; x_wconf 75' lang='grc' dir='ltr'><strong>Καὶ</strong></span> <span class='ocrx_word' id='word_1_207' title='bbox 631 1663 730 1716; x_wconf 84' lang='grc' dir='ltr'><strong>οὐκ</strong></span> <span class='ocrx_word' id='word_1_208' title='bbox 756 1662 1129 1734; x_wconf 79' lang='grc' dir='ltr'>ἐπεστρέψατε</span> <span class='ocrx_word' id='word_1_209' title='bbox 1158 1663 1296 1734; x_wconf 84' lang='grc' dir='ltr'>πρός</span> <span class='ocrx_word' id='word_1_210' title='bbox 1321 1679 1413 1732; x_wconf 88' lang='grc' dir='ltr'><strong>με,</strong></span> <span class='ocrx_word' id='word_1_211' title='bbox 1434 1661 1582 1730; x_wconf 81' lang='grc' dir='ltr'>λέγει</span> <span class='ocrx_word' id='word_1_212' title='bbox 1608 1662 1831 1732; x_wconf 86' lang='grc' dir='ltr'>Κύριος.</span> 
     </span>
    </p>
   </div>
   <div class='ocr_carea' id='block_1_30' title="bbox 1910 1657 3511 1735">
    <p class='ocr_par' dir='ltr' id='par_1_30' title="bbox 1944 1657 3511 1729">
     <span class='ocr_line' id='line_1_30' title="bbox 1944 1657 3511 1729; baseline 0.012 -20"><span class='ocrx_word' id='word_1_213' title='bbox 1944 1676 1964 1709; x_wconf 78' lang='grc' dir='ltr'><strong>ι</strong></span> <span class='ocrx_word' id='word_1_214' title='bbox 2009 1657 2076 1713; x_wconf 87' lang='grc' dir='ltr'>Ει</span> <span class='ocrx_word' id='word_1_215' title='bbox 2107 1673 2212 1714; x_wconf 91' lang='lat' dir='ltr'><strong>non</strong></span> <span class='ocrx_word' id='word_1_216' title='bbox 2230 1661 2362 1714; x_wconf 87' lang='lat' dir='ltr'><strong>estis</strong></span> <span class='ocrx_word' id='word_1_217' title='bbox 2391 1663 2594 1716; x_wconf 82' lang='lat' dir='ltr'><strong>reversi</strong></span> <span class='ocrx_word' id='word_1_218' title='bbox 2623 1664 2690 1716; x_wconf 88' lang='lat' dir='ltr'><strong>ad</strong></span> <span class='ocrx_word' id='word_1_219' title='bbox 2716 1678 2823 1729; x_wconf 90' lang='lat' dir='ltr'><strong>me,</strong></span> <span class='ocrx_word' id='word_1_220' title='bbox 2845 1666 2976 1720; x_wconf 90' lang='lat' dir='ltr'><strong>dicit</strong></span> <span class='ocrx_word' id='word_1_221' title='bbox 3001 1668 3279 1724; x_wconf 86' lang='lat' dir='ltr'><strong>Dominus.</strong></span> <span class='ocrx_word' id='word_1_222' title='bbox 3305 1673 3511 1729; x_wconf 87' lang='lat' dir='ltr'><strong>Abstuli</strong></span> 
     </span>
    </p>
   </div>
   <div class='ocr_carea' id='block_1_31' title="bbox 252 1749 1853 1826">
    <p class='ocr_par' dir='ltr' id='par_1_31' title="bbox 252 1753 1831 1826">
     <span class='ocr_line' id='line_1_31' title="bbox 252 1753 1831 1826; baseline -0.001 -17"><span class='ocrx_word' id='word_1_223' title='bbox 252 1755 507 1826; x_wconf 79' lang='grc' dir='ltr'>’Δνέσχον</span> <span class='ocrx_word' id='word_1_224' title='bbox 544 1755 604 1820; x_wconf 81' lang='grc' dir='ltr'><strong>ἐξ</strong></span> <span class='ocrx_word' id='word_1_225' title='bbox 637 1755 790 1826; x_wconf 79' lang='grc' dir='ltr'>ὑμῶν</span> <span class='ocrx_word' id='word_1_226' title='bbox 833 1755 925 1808; x_wconf 86' lang='grc' dir='ltr'><strong>τὸν</strong></span> <span class='ocrx_word' id='word_1_227' title='bbox 960 1754 1114 1808; x_wconf 75' lang='grc' dir='ltr'>ὑετὸν</span> <span class='ocrx_word' id='word_1_228' title='bbox 1151 1755 1258 1826; x_wconf 88' lang='grc' dir='ltr'><strong>πρὸ</strong></span> <span class='ocrx_word' id='word_1_229' title='bbox 1309 1753 1494 1825; x_wconf 84' lang='grc' dir='ltr'>μηνῶν</span> <span class='ocrx_word' id='word_1_230' title='bbox 1544 1755 1710 1826; x_wconf 84' lang='grc' dir='ltr'>τριῶν</span> <span class='ocrx_word' id='word_1_231' title='bbox 1736 1753 1831 1807; x_wconf 92' lang='grc' dir='ltr'><strong>τοῦ</strong></span> 
     </span>
    </p>
   </div>
   <div class='ocr_carea' id='block_1_32' title="bbox 1911 1749 3512 1826">
    <p class='ocr_par' dir='ltr' id='par_1_32' title="bbox 1937 1749 3512 1825">
     <span class='ocr_line' id='line_1_32' title="bbox 1937 1749 3512 1825; baseline 0.01 -23"><span class='ocrx_word' id='word_1_232' title='bbox 1937 1761 2004 1802; x_wconf 87' lang='lat' dir='ltr'><strong>ex</strong></span> <span class='ocrx_word' id='word_1_233' title='bbox 2032 1749 2190 1805; x_wconf 80' lang='lat' dir='ltr'><strong>vobis</strong></span> <span class='ocrx_word' id='word_1_234' title='bbox 2217 1751 2452 1820; x_wconf 85' lang='lat' dir='ltr'><strong>pluviam</strong></span> <span class='ocrx_word' id='word_1_235' title='bbox 2480 1760 2607 1807; x_wconf 90' lang='lat' dir='ltr'><strong>ante</strong></span> <span class='ocrx_word' id='word_1_236' title='bbox 2642 1761 2752 1808; x_wconf 87' lang='lat' dir='ltr'><strong>tres</strong></span> <span class='ocrx_word' id='word_1_237' title='bbox 2786 1769 3000 1810; x_wconf 85' lang='lat' dir='ltr'><strong>menses</strong></span> <span class='ocrx_word' id='word_1_238' title='bbox 3030 1757 3318 1812; x_wconf 67' lang='lat' dir='ltr'><strong>vindemiae</strong></span> <span class='ocrx_word' id='word_1_239' title='bbox 3339 1799 3355 1825; x_wconf 90' lang='lat'><strong>,</strong></span> <span class='ocrx_word' id='word_1_240' title='bbox 3397 1761 3512 1817; x_wconf 84' lang='lat' dir='ltr'><strong>sive</strong></span> 
     </span>
    </p>
   </div>
   <div class='ocr_carea' id='block_1_33' title="bbox 237 1831 1838 1922">
    <p class='ocr_par' dir='ltr' id='par_1_33' title="bbox 237 1846 1827 1921">
     <span class='ocr_line' id='line_1_33' title="bbox 237 1846 1827 1921; baseline -0.002 -19"><span class='ocrx_word' id='word_1_241' title='bbox 237 1847 535 1920; x_wconf 88' lang='grc' dir='ltr'>τρυγητοῦ,</span> <span class='ocrx_word' id='word_1_242' title='bbox 569 1848 736 1919; x_wconf 76' lang='grc' dir='ltr'>ἤγουν</span> <span class='ocrx_word' id='word_1_243' title='bbox 782 1849 897 1921; x_wconf 81' lang='grc' dir='ltr'><strong>(ὡς</strong></span> <span class='ocrx_word' id='word_1_244' title='bbox 931 1848 1174 1920; x_wconf 83' lang='grc' dir='ltr'>Ἑϐραῖοι</span> <span class='ocrx_word' id='word_1_245' title='bbox 1228 1846 1425 1918; x_wconf 80' lang='grc' dir='ltr'>μᾶλλον</span> <span class='ocrx_word' id='word_1_246' title='bbox 1473 1846 1827 1916; x_wconf 87' lang='grc' dir='ltr'>ἐκδεδώκασι)</span> 
     </span>
    </p>
   </div>
   <div class='ocr_carea' id='block_1_34' title="bbox 1909 1831 3510 1922">
    <p class='ocr_par' dir='ltr' id='par_1_34' title="bbox 1939 1840 3510 1922">
     <span class='ocr_line' id='line_1_34' title="bbox 1939 1840 3510 1922; baseline 0.01 -28"><span class='ocrx_word' id='word_1_247' title='bbox 1939 1840 2017 1914; x_wconf 90' lang='lat' dir='ltr'><strong>(ut</strong></span> <span class='ocrx_word' id='word_1_248' title='bbox 2053 1842 2262 1898; x_wconf 72' lang='lat' dir='ltr'><strong>Hebraai</strong></span> <span class='ocrx_word' id='word_1_249' title='bbox 2293 1845 2472 1915; x_wconf 86' lang='lat' dir='ltr'><strong>potius</strong></span> <span class='ocrx_word' id='word_1_250' title='bbox 2503 1846 2813 1920; x_wconf 89' lang='lat' dir='ltr'><strong>ediderunt)</strong></span> <span class='ocrx_word' id='word_1_251' title='bbox 2862 1850 3105 1906; x_wconf 66' lang='lat' dir='ltr'><strong>messis.)</strong></span> <span class='ocrx_word' id='word_1_252' title='bbox 3133 1852 3324 1922; x_wconf 81' lang='lat' dir='ltr'><strong>Aptius</strong></span> <span class='ocrx_word' id='word_1_253' title='bbox 3358 1869 3510 1922; x_wconf 86' lang='lat' dir='ltr'><strong>sane,</strong></span> 
     </span>
    </p>
   </div>
   <div class='ocr_carea' id='block_1_35' title="bbox 245 1934 1846 2018">
    <p class='ocr_par' dir='ltr' id='par_1_35' title="bbox 245 1937 1828 2011">
     <span class='ocr_line' id='line_1_35' title="bbox 245 1937 1828 2011; baseline 0.001 -19"><span class='ocrx_word' id='word_1_254' title='bbox 245 1939 339 1992; x_wconf 86' lang='grc' dir='ltr'><strong>τοῦ</strong></span> <span class='ocrx_word' id='word_1_255' title='bbox 363 1937 645 2011; x_wconf 87' lang='grc' dir='ltr'>θερισμοῦ.</span> <span class='ocrx_word' id='word_1_256' title='bbox 670 1957 690 1991; x_wconf 77' lang='grc' dir='ltr'><strong>ι</strong></span> <span class='ocrx_word' id='word_1_257' title='bbox 726 1939 1181 2011; x_wconf 87' lang='grc' dir='ltr'>Πρεπωδέστερον</span> <span class='ocrx_word' id='word_1_258' title='bbox 1200 1939 1256 1993; x_wconf 82' lang='grc' dir='ltr'>δὲ</span> <span class='ocrx_word' id='word_1_259' title='bbox 1282 1959 1300 1990; x_wconf 80' lang='grc' dir='ltr'><strong>ι</strong></span> <span class='ocrx_word' id='word_1_260' title='bbox 1325 1939 1430 2009; x_wconf 79' lang='grc' dir='ltr'><strong>πρὸ</strong></span> <span class='ocrx_word' id='word_1_261' title='bbox 1454 1938 1828 2010; x_wconf 83' lang='grc' dir='ltr'>μηνῶντριῶν</span> 
     </span>
    </p>
   </div>
   <div class='ocr_carea' id='block_1_36' title="bbox 1910 1934 3511 2018">
    <p class='ocr_par' dir='ltr' id='par_1_36' title="bbox 1943 1934 3511 2018">
     <span class='ocr_line' id='line_1_36' title="bbox 1943 1934 3511 2018; baseline 0.011 -33"><span class='ocrx_word' id='word_1_262' title='bbox 1943 1951 1962 1985; x_wconf 82' lang='grc' dir='ltr'><strong>ι</strong></span> <span class='ocrx_word' id='word_1_263' title='bbox 1993 1934 2272 1990; x_wconf 82' lang='lat' dir='ltr'><strong>mensibus</strong></span> <span class='ocrx_word' id='word_1_264' title='bbox 2304 1937 2476 1991; x_wconf 90' lang='lat' dir='ltr'><strong>tribus</strong></span> <span class='ocrx_word' id='word_1_265' title='bbox 2509 1949 2636 1994; x_wconf 86' lang='lat' dir='ltr'><strong>ante</strong></span> <span class='ocrx_word' id='word_1_266' title='bbox 2689 1955 2945 2007; x_wconf 84' lang='lat' dir='ltr'><strong>messem,</strong></span> <span class='ocrx_word' id='word_1_267' title='bbox 2994 1962 3014 1995; x_wconf 73' lang='grc' dir='ltr'><strong>ι</strong></span> <span class='ocrx_word' id='word_1_268' title='bbox 3060 1947 3275 2013; x_wconf 87' lang='lat' dir='ltr'><strong>quando</strong></span> <span class='ocrx_word' id='word_1_269' title='bbox 3305 1951 3511 2018; x_wconf 76' lang='lat' dir='ltr'><strong>segeti-</strong></span> 
     </span>
    </p>
   </div>
   <div class='ocr_carea' id='block_1_37' title="bbox 247 2022 1848 2105">
    <p class='ocr_par' dir='ltr' id='par_1_37' title="bbox 247 2031 1828 2105">
     <span class='ocr_line' id='line_1_37' title="bbox 247 2031 1828 2105; baseline 0 -19"><span class='ocrx_word' id='word_1_270' title='bbox 247 2031 531 2103; x_wconf 79' lang='grc' dir='ltr'>θερισμοῦ,</span> <span class='ocrx_word' id='word_1_271' title='bbox 560 2051 578 2084; x_wconf 78' lang='grc' dir='ltr'><strong>ι</strong></span> <span class='ocrx_word' id='word_1_272' title='bbox 615 2033 705 2086; x_wconf 80' lang='grc' dir='ltr'>ὅτε</span> <span class='ocrx_word' id='word_1_273' title='bbox 758 2032 992 2104; x_wconf 85' lang='grc' dir='ltr'>μάλιστα</span> <span class='ocrx_word' id='word_1_274' title='bbox 1035 2035 1147 2096; x_wconf 84' lang='grc' dir='ltr'>τοῖς</span> <span class='ocrx_word' id='word_1_275' title='bbox 1192 2032 1364 2102; x_wconf 81' lang='grc' dir='ltr'>ληῖοις</span> <span class='ocrx_word' id='word_1_276' title='bbox 1409 2034 1443 2103; x_wconf 78' lang='grc' dir='ltr'><strong>ἡ</strong></span> <span class='ocrx_word' id='word_1_277' title='bbox 1477 2032 1571 2086; x_wconf 86' lang='grc' dir='ltr'><strong>τοῦ</strong></span> <span class='ocrx_word' id='word_1_278' title='bbox 1622 2050 1828 2105; x_wconf 87' lang='grc' dir='ltr'>καταρ-</span> 
     </span>
    </p>
   </div>
   <div class='ocr_carea' id='block_1_38' title="bbox 1909 2022 3510 2105">
    <p class='ocr_par' dir='ltr' id='par_1_38' title="bbox 1935 2022 3510 2104">
     <span class='ocr_line' id='line_1_38' title="bbox 1935 2022 3510 2104; baseline 0.011 -28"><span class='ocrx_word' id='word_1_279' title='bbox 1935 2022 2040 2080; x_wconf 90' lang='lat' dir='ltr'><strong>bus</strong></span> <span class='ocrx_word' id='word_1_280' title='bbox 2069 2025 2135 2079; x_wconf 91' lang='lat' dir='ltr'><strong>ad</strong></span> <span class='ocrx_word' id='word_1_281' title='bbox 2164 2027 2532 2083; x_wconf 87' lang='lat' dir='ltr'><strong>maturitatem</strong></span> <span class='ocrx_word' id='word_1_282' title='bbox 2558 2031 2750 2084; x_wconf 88' lang='lat' dir='ltr'><strong>crebra</strong></span> <span class='ocrx_word' id='word_1_283' title='bbox 2775 2032 2840 2086; x_wconf 88' lang='lat' dir='ltr'><strong>de</strong></span> <span class='ocrx_word' id='word_1_284' title='bbox 2865 2033 3005 2088; x_wconf 67' lang='lat' dir='ltr'><strong>caelo</strong></span> <span class='ocrx_word' id='word_1_285' title='bbox 3035 2036 3278 2104; x_wconf 75' lang='lat' dir='ltr'><strong>irrigatio</strong></span> <span class='ocrx_word' id='word_1_286' title='bbox 3305 2042 3510 2094; x_wconf 88' lang='lat' dir='ltr'><strong>condu-</strong></span> 
     </span>
    </p>
   </div>
   <div class='ocr_carea' id='block_1_39' title="bbox 245 2116 1846 2200">
    <p class='ocr_par' dir='ltr' id='par_1_39' title="bbox 245 2122 1830 2196">
     <span class='ocr_line' id='line_1_39' title="bbox 245 2122 1830 2196; baseline 0 -19"><span class='ocrx_word' id='word_1_287' title='bbox 245 2123 500 2177; x_wconf 85' lang='grc' dir='ltr'>δεύεσθαι</span> <span class='ocrx_word' id='word_1_288' title='bbox 531 2124 686 2195; x_wconf 81' lang='grc' dir='ltr'>χρεία</span> <span class='ocrx_word' id='word_1_289' title='bbox 715 2125 883 2196; x_wconf 81' lang='grc' dir='ltr'>πολλή</span> <span class='ocrx_word' id='word_1_290' title='bbox 908 2141 969 2176; x_wconf 89' lang='grc' dir='ltr'><strong>τε</strong></span> <span class='ocrx_word' id='word_1_291' title='bbox 1001 2124 1094 2177; x_wconf 77' lang='grc' dir='ltr'><strong>καὶ</strong></span> <span class='ocrx_word' id='word_1_292' title='bbox 1128 2123 1403 2192; x_wconf 89' lang='grc' dir='ltr'>ἀναγκαία</span> <span class='ocrx_word' id='word_1_293' title='bbox 1433 2122 1568 2194; x_wconf 84' lang='grc' dir='ltr'>πρὸς</span> <span class='ocrx_word' id='word_1_294' title='bbox 1596 2123 1657 2176; x_wconf 82' lang='grc' dir='ltr'><strong>τὸ</strong></span> <span class='ocrx_word' id='word_1_295' title='bbox 1680 2124 1830 2178; x_wconf 86' lang='grc' dir='ltr'>τελε-</span> 
     </span>
    </p>
   </div>
   <div class='ocr_carea' id='block_1_40' title="bbox 1906 2116 3507 2200">
    <p class='ocr_par' dir='ltr' id='par_1_40' title="bbox 1935 2116 3507 2200">
     <span class='ocr_line' id='line_1_40' title="bbox 1935 2116 3507 2200; baseline 0.009 -29"><span class='ocrx_word' id='word_1_296' title='bbox 1935 2116 2112 2173; x_wconf 90' lang='lat' dir='ltr'><strong>cibilis</strong></span> <span class='ocrx_word' id='word_1_297' title='bbox 2129 2127 2186 2172; x_wconf 89' lang='lat' dir='ltr'><strong>et</strong></span> <span class='ocrx_word' id='word_1_298' title='bbox 2202 2121 2508 2175; x_wconf 85' lang='lat' dir='ltr'><strong>necessaria</strong></span> <span class='ocrx_word' id='word_1_299' title='bbox 2525 2133 2628 2177; x_wconf 86' lang='lat' dir='ltr'><strong>est.</strong></span> <span class='ocrx_word' id='word_1_300' title='bbox 2649 2121 2870 2178; x_wconf 79' lang='lat' dir='ltr'><strong>Exstitit</strong></span> <span class='ocrx_word' id='word_1_301' title='bbox 2883 2135 3066 2181; x_wconf 88' lang='lat' dir='ltr'><strong>autem</strong></span> <span class='ocrx_word' id='word_1_302' title='bbox 3083 2137 3230 2183; x_wconf 87' lang='lat' dir='ltr'><strong>tanta</strong></span> <span class='ocrx_word' id='word_1_303' title='bbox 3249 2145 3507 2200; x_wconf 87' lang='lat' dir='ltr'><strong>aquarum</strong></span> 
     </span>
    </p>
   </div>
   <div class='ocr_carea' id='block_1_41' title="bbox 244 2207 1845 2290">
    <p class='ocr_par' dir='ltr' id='par_1_41' title="bbox 244 2215 1830 2288">
     <span class='ocr_line' id='line_1_41' title="bbox 244 2215 1830 2288; baseline -0.002 -17"><span class='ocrx_word' id='word_1_304' title='bbox 244 2216 508 2288; x_wconf 88' lang='grc' dir='ltr'>φορῆσαι.</span> <span class='ocrx_word' id='word_1_305' title='bbox 536 2217 726 2286; x_wconf 85' lang='grc' dir='ltr'>Γέγονε</span> <span class='ocrx_word' id='word_1_306' title='bbox 752 2216 810 2270; x_wconf 76' lang='grc' dir='ltr'>δὲ</span> <span class='ocrx_word' id='word_1_307' title='bbox 844 2215 1081 2288; x_wconf 84' lang='grc' dir='ltr'>τοσαύτη</span> <span class='ocrx_word' id='word_1_308' title='bbox 1112 2216 1306 2279; x_wconf 85' lang='grc' dir='ltr'>σπάνις</span> <span class='ocrx_word' id='word_1_309' title='bbox 1338 2215 1570 2279; x_wconf 82' lang='grc' dir='ltr'>ὑδάτων,</span> <span class='ocrx_word' id='word_1_310' title='bbox 1598 2215 1674 2280; x_wconf 83' lang='grc' dir='ltr'>ὠς</span> <span class='ocrx_word' id='word_1_311' title='bbox 1705 2216 1830 2288; x_wconf 86' lang='grc' dir='ltr'>κρί-</span> 
     </span>
    </p>
   </div>
   <div class='ocr_carea' id='block_1_42' title="bbox 1907 2207 3508 2290">
    <p class='ocr_par' dir='ltr' id='par_1_42' title="bbox 1934 2207 3508 2290">
     <span class='ocr_line' id='line_1_42' title="bbox 1934 2207 3508 2290; baseline 0.01 -29"><span class='ocrx_word' id='word_1_312' title='bbox 1934 2207 2162 2278; x_wconf 91' lang='lat' dir='ltr'><strong>penuria</strong></span> <span class='ocrx_word' id='word_1_313' title='bbox 2195 2209 2479 2290; x_wconf 77' lang='lat' dir='ltr'><strong>utjudicio</strong></span> <span class='ocrx_word' id='word_1_314' title='bbox 2507 2221 2564 2268; x_wconf 90' lang='lat' dir='ltr'><strong>et</strong></span> <span class='ocrx_word' id='word_1_315' title='bbox 2605 2216 2874 2270; x_wconf 83' lang='lat' dir='ltr'><strong>sententia</strong></span> <span class='ocrx_word' id='word_1_316' title='bbox 2927 2217 3022 2272; x_wconf 90' lang='lat' dir='ltr'><strong>Dei</strong></span> <span class='ocrx_word' id='word_1_317' title='bbox 3051 2219 3232 2274; x_wconf 90' lang='lat' dir='ltr'><strong>omnia</strong></span> <span class='ocrx_word' id='word_1_318' title='bbox 3286 2221 3508 2278; x_wconf 86' lang='lat' dir='ltr'><strong>scientis</strong></span> 
     </span>
    </p>
   </div>
   <div class='ocr_carea' id='block_1_43' title="bbox 243 2299 1844 2381">
    <p class='ocr_par' dir='ltr' id='par_1_43' title="bbox 243 2304 1830 2378">
     <span class='ocr_line' id='line_1_43' title="bbox 243 2304 1830 2378; baseline 0 -17"><span class='ocrx_word' id='word_1_319' title='bbox 243 2325 327 2361; x_wconf 91' lang='grc' dir='ltr'><strong>σει</strong></span> <span class='ocrx_word' id='word_1_320' title='bbox 359 2325 419 2361; x_wconf 90' lang='grc' dir='ltr'><strong>τε</strong></span> <span class='ocrx_word' id='word_1_321' title='bbox 449 2309 542 2361; x_wconf 81' lang='grc' dir='ltr'><strong>καὶ</strong></span> <span class='ocrx_word' id='word_1_322' title='bbox 573 2307 738 2378; x_wconf 78' lang='grc' dir='ltr'><strong>ψήφῳ</strong></span> <span class='ocrx_word' id='word_1_323' title='bbox 778 2305 914 2360; x_wconf 86' lang='grc' dir='ltr'>Θεοῦ</span> <span class='ocrx_word' id='word_1_324' title='bbox 944 2306 1038 2360; x_wconf 89' lang='grc' dir='ltr'><strong>τοῦ</strong></span> <span class='ocrx_word' id='word_1_325' title='bbox 1079 2307 1258 2361; x_wconf 89' lang='grc' dir='ltr'>πάντα</span> <span class='ocrx_word' id='word_1_326' title='bbox 1290 2306 1492 2369; x_wconf 78' lang='grc' dir='ltr'>εἰδότος</span> <span class='ocrx_word' id='word_1_327' title='bbox 1521 2304 1709 2360; x_wconf 80' lang='grc' dir='ltr'>ὕεσθαι</span> <span class='ocrx_word' id='word_1_328' title='bbox 1730 2305 1830 2375; x_wconf 75' lang='grc' dir='ltr'>μὲν</span> 
     </span>
    </p>
   </div>
   <div class='ocr_carea' id='block_1_44' title="bbox 1908 2299 3509 2381">
    <p class='ocr_par' dir='ltr' id='par_1_44' title="bbox 1935 2299 3509 2381">
     <span class='ocr_line' id='line_1_44' title="bbox 1935 2299 3509 2381; baseline 0.009 -28"><span class='ocrx_word' id='word_1_329' title='bbox 1935 2299 2134 2369; x_wconf 90' lang='lat' dir='ltr'><strong>pluerit</strong></span> <span class='ocrx_word' id='word_1_330' title='bbox 2161 2301 2378 2370; x_wconf 90' lang='lat' dir='ltr'><strong>quidem</strong></span> <span class='ocrx_word' id='word_1_331' title='bbox 2405 2317 2570 2373; x_wconf 84' lang='lat' dir='ltr'><strong>super</strong></span> <span class='ocrx_word' id='word_1_332' title='bbox 2599 2321 2764 2360; x_wconf 91' lang='lat' dir='ltr'><strong>unam</strong></span> <span class='ocrx_word' id='word_1_333' title='bbox 2801 2308 3009 2373; x_wconf 88' lang='lat' dir='ltr'><strong>urbem,</strong></span> <span class='ocrx_word' id='word_1_334' title='bbox 3042 2309 3210 2365; x_wconf 88' lang='lat' dir='ltr'><strong>altera</strong></span> <span class='ocrx_word' id='word_1_335' title='bbox 3238 2313 3509 2381; x_wconf 70' lang='lat' dir='ltr'><strong>praeterita</strong></span> 
     </span>
    </p>
   </div>
   <div class='ocr_carea' id='block_1_45' title="bbox 244 2393 1845 2472">
    <p class='ocr_par' dir='ltr' id='par_1_45' title="bbox 244 2397 1831 2472">
     <span class='ocr_line' id='line_1_45' title="bbox 244 2397 1831 2472; baseline 0 -20"><span class='ocrx_word' id='word_1_336' title='bbox 244 2400 376 2470; x_wconf 89' lang='grc' dir='ltr'>μίαν</span> <span class='ocrx_word' id='word_1_337' title='bbox 409 2398 584 2461; x_wconf 85' lang='grc' dir='ltr'>πόλιν,</span> <span class='ocrx_word' id='word_1_338' title='bbox 617 2398 1012 2468; x_wconf 81' lang='grc' dir='ltr'>ἀφαυαίνεσθαι</span> <span class='ocrx_word' id='word_1_339' title='bbox 1038 2398 1095 2452; x_wconf 78' lang='grc' dir='ltr'>δὲ</span> <span class='ocrx_word' id='word_1_340' title='bbox 1131 2397 1228 2469; x_wconf 86' lang='grc' dir='ltr'><strong>τὴν</strong></span> <span class='ocrx_word' id='word_1_341' title='bbox 1255 2399 1481 2470; x_wconf 77' lang='grc' dir='ltr'>ἑτέραν·</span> <span class='ocrx_word' id='word_1_342' title='bbox 1515 2400 1831 2472; x_wconf 82' lang='grc' dir='ltr'>συναγείρε-</span> 
     </span>
    </p>
   </div>
   <div class='ocr_carea' id='block_1_46' title="bbox 1908 2393 3509 2472">
    <p class='ocr_par' dir='ltr' id='par_1_46' title="bbox 1935 2393 3509 2467">
     <span class='ocr_line' id='line_1_46' title="bbox 1935 2393 3509 2467; baseline 0.009 -22"><span class='ocrx_word' id='word_1_343' title='bbox 1935 2405 2000 2446; x_wconf 87' lang='lat' dir='ltr'><strong>ac</strong></span> <span class='ocrx_word' id='word_1_344' title='bbox 2036 2393 2316 2462; x_wconf 88' lang='lat' dir='ltr'><strong>repudiata</strong></span> <span class='ocrx_word' id='word_1_345' title='bbox 2350 2409 2365 2448; x_wconf 91' lang='lat'><strong>:</strong></span> <span class='ocrx_word' id='word_1_346' title='bbox 2400 2407 2744 2467; x_wconf 69' lang='lat' dir='ltr'><strong>congregata:</strong></span> <span class='ocrx_word' id='word_1_347' title='bbox 2778 2399 2888 2454; x_wconf 89' lang='lat' dir='ltr'><strong>sint</strong></span> <span class='ocrx_word' id='word_1_348' title='bbox 2939 2409 3119 2455; x_wconf 89' lang='lat' dir='ltr'><strong>autem</strong></span> <span class='ocrx_word' id='word_1_349' title='bbox 3149 2402 3266 2457; x_wconf 64' lang='lat' dir='ltr'><strong>duae</strong></span> <span class='ocrx_word' id='word_1_350' title='bbox 3307 2411 3364 2458; x_wconf 90' lang='lat' dir='ltr'><strong>et</strong></span> <span class='ocrx_word' id='word_1_351' title='bbox 3400 2413 3509 2460; x_wconf 88' lang='lat' dir='ltr'><strong>tres</strong></span> 
     </span>
    </p>
   </div>
   <div class='ocr_carea' id='block_1_47' title="bbox 244 2482 1845 2561">
    <p class='ocr_par' dir='ltr' id='par_1_47' title="bbox 244 2485 1829 2561">
     <span class='ocr_line' id='line_1_47' title="bbox 244 2485 1829 2561; baseline 0.001 -17"><span class='ocrx_word' id='word_1_352' title='bbox 244 2491 370 2544; x_wconf 86' lang='grc' dir='ltr'>σθαι</span> <span class='ocrx_word' id='word_1_353' title='bbox 398 2490 456 2545; x_wconf 84' lang='grc' dir='ltr'><strong>δέ</strong></span> <span class='ocrx_word' id='word_1_354' title='bbox 489 2485 556 2544; x_wconf 82' lang='grc' dir='ltr'><strong>αὖ</strong></span> <span class='ocrx_word' id='word_1_355' title='bbox 595 2488 688 2543; x_wconf 86' lang='grc' dir='ltr'><strong>δύο</strong></span> <span class='ocrx_word' id='word_1_356' title='bbox 727 2507 788 2542; x_wconf 91' lang='grc' dir='ltr'><strong>τε</strong></span> <span class='ocrx_word' id='word_1_357' title='bbox 829 2489 921 2543; x_wconf 76' lang='grc' dir='ltr'><strong>καὶ</strong></span> <span class='ocrx_word' id='word_1_358' title='bbox 949 2492 1100 2561; x_wconf 87' lang='grc' dir='ltr'>τρεῖς</span> <span class='ocrx_word' id='word_1_359' title='bbox 1133 2493 1211 2552; x_wconf 87' lang='grc' dir='ltr'><strong>είς</strong></span> <span class='ocrx_word' id='word_1_360' title='bbox 1243 2489 1390 2560; x_wconf 82' lang='grc' dir='ltr'>μίαν,</span> <span class='ocrx_word' id='word_1_361' title='bbox 1421 2492 1516 2546; x_wconf 77' lang='grc' dir='ltr'>καὶ</span> <span class='ocrx_word' id='word_1_362' title='bbox 1545 2490 1717 2555; x_wconf 83' lang='grc' dir='ltr'>οὓτως</span> <span class='ocrx_word' id='word_1_363' title='bbox 1749 2492 1829 2545; x_wconf 77' lang='grc' dir='ltr'>ἔτι</span> 
     </span>
    </p>
   </div>
   <div class='ocr_carea' id='block_1_48' title="bbox 1906 2482 3507 2561">
    <p class='ocr_par' dir='ltr' id='par_1_48' title="bbox 1936 2482 3507 2550">
     <span class='ocr_line' id='line_1_48' title="bbox 1936 2482 3507 2550; baseline 0.009 -14"><span class='ocrx_word' id='word_1_364' title='bbox 1936 2482 1989 2537; x_wconf 91' lang='lat' dir='ltr'><strong>in</strong></span> <span class='ocrx_word' id='word_1_365' title='bbox 2022 2499 2210 2548; x_wconf 91' lang='lat' dir='ltr'><strong>unam,</strong></span> <span class='ocrx_word' id='word_1_366' title='bbox 2240 2496 2295 2539; x_wconf 91' lang='lat' dir='ltr'><strong>et</strong></span> <span class='ocrx_word' id='word_1_367' title='bbox 2321 2486 2502 2541; x_wconf 83' lang='lat' dir='ltr'><strong>adhuc</strong></span> <span class='ocrx_word' id='word_1_368' title='bbox 2543 2488 2832 2542; x_wconf 87' lang='lat' dir='ltr'><strong>sitiverint.</strong></span> <span class='ocrx_word' id='word_1_369' title='bbox 2873 2507 2892 2540; x_wconf 78' lang='grc' dir='ltr'><strong>ι</strong></span> <span class='ocrx_word' id='word_1_370' title='bbox 2930 2489 2995 2544; x_wconf 89' lang='lat' dir='ltr'><strong>Et</strong></span> <span class='ocrx_word' id='word_1_371' title='bbox 3020 2505 3123 2545; x_wconf 92' lang='lat' dir='ltr'><strong>non</strong></span> <span class='ocrx_word' id='word_1_372' title='bbox 3147 2494 3276 2548; x_wconf 84' lang='lat' dir='ltr'><strong>estis</strong></span> <span class='ocrx_word' id='word_1_373' title='bbox 3307 2496 3507 2550; x_wconf 84' lang='lat' dir='ltr'><strong>reversi</strong></span> 
     </span>
    </p>
   </div>
   <div class='ocr_carea' id='block_1_49' title="bbox 241 2576 1842 2658">
    <p class='ocr_par' dir='ltr' id='par_1_49' title="bbox 241 2579 1831 2652">
     <span class='ocr_line' id='line_1_49' title="bbox 241 2579 1831 2652; baseline 0.001 -18"><span class='ocrx_word' id='word_1_374' title='bbox 241 2580 425 2651; x_wconf 76' lang='grc' dir='ltr'>διψῇν.</span> <span class='ocrx_word' id='word_1_375' title='bbox 463 2599 482 2634; x_wconf 80' lang='grc' dir='ltr'><strong>ι</strong></span> <span class='ocrx_word' id='word_1_376' title='bbox 513 2579 626 2634; x_wconf 74' lang='grc' dir='ltr'>Καὶ</span> <span class='ocrx_word' id='word_1_377' title='bbox 673 2580 775 2633; x_wconf 87' lang='grc' dir='ltr'><strong>οὐκ</strong></span> <span class='ocrx_word' id='word_1_378' title='bbox 821 2579 1193 2652; x_wconf 79' lang='grc' dir='ltr'>ἐπεστρέψατε</span> <span class='ocrx_word' id='word_1_379' title='bbox 1225 2580 1364 2651; x_wconf 80' lang='grc' dir='ltr'>πρὸς</span> <span class='ocrx_word' id='word_1_380' title='bbox 1411 2581 1500 2652; x_wconf 82' lang='grc' dir='ltr'><strong>μέ,</strong></span> <span class='ocrx_word' id='word_1_381' title='bbox 1532 2581 1679 2651; x_wconf 82' lang='grc' dir='ltr'>λέγει</span> <span class='ocrx_word' id='word_1_382' title='bbox 1717 2582 1831 2636; x_wconf 78' lang='grc' dir='ltr'><strong>Κύ-</strong></span> 
     </span>
    </p>
   </div>
   <div class='ocr_carea' id='block_1_50' title="bbox 1909 2576 3510 2658">
    <p class='ocr_par' dir='ltr' id='par_1_50' title="bbox 1936 2576 3510 2658">
     <span class='ocr_line' id='line_1_50' title="bbox 1936 2576 3510 2658; baseline 0.009 -29"><span class='ocrx_word' id='word_1_383' title='bbox 1936 2576 2004 2632; x_wconf 86' lang='lat' dir='ltr'><strong>ad</strong></span> <span class='ocrx_word' id='word_1_384' title='bbox 2026 2592 2133 2642; x_wconf 92' lang='lat' dir='ltr'><strong>me,</strong></span> <span class='ocrx_word' id='word_1_385' title='bbox 2163 2578 2295 2633; x_wconf 91' lang='lat' dir='ltr'><strong>dicit</strong></span> <span class='ocrx_word' id='word_1_386' title='bbox 2327 2579 2601 2636; x_wconf 89' lang='lat' dir='ltr'><strong>Dominus.</strong></span> <span class='ocrx_word' id='word_1_387' title='bbox 2651 2599 2672 2634; x_wconf 74' lang='grc' dir='ltr'><strong>ι</strong></span> <span class='ocrx_word' id='word_1_388' title='bbox 2719 2582 2883 2654; x_wconf 69' lang='lat'><strong>292</strong></span> <span class='ocrx_word' id='word_1_389' title='bbox 2937 2583 3223 2640; x_wconf 87' lang='lat' dir='ltr'><strong>Enimvero</strong></span> <span class='ocrx_word' id='word_1_390' title='bbox 3248 2586 3363 2642; x_wconf 73' lang='lat' dir='ltr'><strong>haec</strong></span> <span class='ocrx_word' id='word_1_391' title='bbox 3387 2604 3510 2658; x_wconf 87' lang='lat' dir='ltr'><strong>per-</strong></span> 
     </span>
    </p>
   </div>
   <div class='ocr_carea' id='block_1_51' title="bbox 246 2668 1847 2747">
    <p class='ocr_par' dir='ltr' id='par_1_51' title="bbox 246 2671 1830 2746">
     <span class='ocr_line' id='line_1_51' title="bbox 246 2671 1830 2746; baseline 0 -19"><span class='ocrx_word' id='word_1_392' title='bbox 246 2689 381 2744; x_wconf 82' lang='lat' dir='ltr'><strong>pto;.</strong></span> <span class='ocrx_word' id='word_1_393' title='bbox 403 2693 422 2726; x_wconf 73' lang='grc' dir='ltr'><strong>ι</strong></span> <span class='ocrx_word' id='word_1_394' title='bbox 450 2671 772 2743; x_wconf 86' lang='grc' dir='ltr'>Συμϐέϐηκε</span> <span class='ocrx_word' id='word_1_395' title='bbox 801 2671 860 2726; x_wconf 83' lang='grc' dir='ltr'>δὲ</span> <span class='ocrx_word' id='word_1_396' title='bbox 883 2671 952 2725; x_wconf 82' lang='grc' dir='ltr'>τὰ</span> <span class='ocrx_word' id='word_1_397' title='bbox 979 2672 1157 2726; x_wconf 85' lang='grc' dir='ltr'>τοιάδε</span> <span class='ocrx_word' id='word_1_398' title='bbox 1185 2671 1382 2726; x_wconf 78' lang='grc' dir='ltr'>παθεῖν</span> <span class='ocrx_word' id='word_1_399' title='bbox 1403 2675 1514 2736; x_wconf 87' lang='grc' dir='ltr'>τοῖς</span> <span class='ocrx_word' id='word_1_400' title='bbox 1531 2673 1591 2738; x_wconf 82' lang='grc' dir='ltr'>ἐξ</span> <span class='ocrx_word' id='word_1_401' title='bbox 1616 2673 1830 2746; x_wconf 74' lang='grc' dir='ltr'>Ἰσραὴλ</span> 
     </span>
    </p>
   </div>
   <div class='ocr_carea' id='block_1_52' title="bbox 1905 2668 3506 2747">
    <p class='ocr_par' dir='ltr' id='par_1_52' title="bbox 1935 2668 3506 2747">
     <span class='ocr_line' id='line_1_52' title="bbox 1935 2668 3506 2747; baseline 0.009 -26"><span class='ocrx_word' id='word_1_402' title='bbox 1935 2669 2044 2737; x_wconf 86' lang='lat' dir='ltr'><strong>peti</strong></span> <span class='ocrx_word' id='word_1_403' title='bbox 2074 2668 2350 2726; x_wconf 86' lang='lat' dir='ltr'><strong>lsraelitas</strong></span> <span class='ocrx_word' id='word_1_404' title='bbox 2393 2673 2690 2742; x_wconf 85' lang='lat' dir='ltr'><strong>symbolice</strong></span> <span class='ocrx_word' id='word_1_405' title='bbox 2745 2683 2800 2729; x_wconf 89' lang='lat' dir='ltr'><strong>et</strong></span> <span class='ocrx_word' id='word_1_406' title='bbox 2853 2675 3111 2730; x_wconf 82' lang='lat' dir='ltr'><strong>historice</strong></span> <span class='ocrx_word' id='word_1_407' title='bbox 3155 2679 3402 2747; x_wconf 72' lang='lat' dir='ltr'><strong>contigit.</strong></span> <span class='ocrx_word' id='word_1_408' title='bbox 3437 2678 3506 2734; x_wconf 86' lang='lat' dir='ltr'><strong>Ut</strong></span> 
     </span>
    </p>
   </div>
   <div class='ocr_carea' id='block_1_53' title="bbox 246 2759 1847 2838">
    <p class='ocr_par' dir='ltr' id='par_1_53' title="bbox 246 2762 1830 2835">
     <span class='ocr_line' id='line_1_53' title="bbox 246 2762 1830 2835; baseline 0.001 -18"><span class='ocrx_word' id='word_1_409' title='bbox 246 2763 592 2835; x_wconf 84' lang='grc' dir='ltr'>συμϐολικῶς</span> <span class='ocrx_word' id='word_1_410' title='bbox 631 2779 691 2816; x_wconf 91' lang='grc' dir='ltr'><strong>τε</strong></span> <span class='ocrx_word' id='word_1_411' title='bbox 738 2763 852 2832; x_wconf 68' lang='grc' dir='ltr'><strong>ἅμα</strong></span> <span class='ocrx_word' id='word_1_412' title='bbox 902 2762 996 2816; x_wconf 70' lang='grc' dir='ltr'><strong>καὶ</strong></span> <span class='ocrx_word' id='word_1_413' title='bbox 1048 2763 1357 2835; x_wconf 82' lang='grc' dir='ltr'>ίστορικῶς.</span> <span class='ocrx_word' id='word_1_414' title='bbox 1387 2764 1478 2826; x_wconf 84' lang='grc' dir='ltr'>Ὠς</span> <span class='ocrx_word' id='word_1_415' title='bbox 1525 2764 1634 2835; x_wconf 83' lang='grc' dir='ltr'>γὰρ</span> <span class='ocrx_word' id='word_1_416' title='bbox 1663 2765 1692 2817; x_wconf 83' lang='grc' dir='ltr'><strong>ὁ</strong></span> <span class='ocrx_word' id='word_1_417' title='bbox 1736 2766 1830 2820; x_wconf 89' lang='grc' dir='ltr'><strong>τοῦ</strong></span> 
     </span>
    </p>
   </div>
   <div class='ocr_carea' id='block_1_54' title="bbox 1907 2759 3508 2838">
    <p class='ocr_par' dir='ltr' id='par_1_54' title="bbox 1933 2759 3508 2838">
     <span class='ocr_line' id='line_1_54' title="bbox 1933 2759 3508 2838; baseline 0.008 -24"><span class='ocrx_word' id='word_1_418' title='bbox 1933 2761 2078 2814; x_wconf 84' lang='lat' dir='ltr'><strong>enim</strong></span> <span class='ocrx_word' id='word_1_419' title='bbox 2110 2759 2408 2818; x_wconf 87' lang='lat' dir='ltr'><strong>Salvatoris</strong></span> <span class='ocrx_word' id='word_1_420' title='bbox 2435 2764 2731 2834; x_wconf 81' lang='lat' dir='ltr'><strong>discipulus</strong></span> <span class='ocrx_word' id='word_1_421' title='bbox 2749 2766 2888 2820; x_wconf 81' lang='lat' dir='ltr'><strong>dixit</strong></span> <span class='ocrx_word' id='word_1_422' title='bbox 2919 2783 2934 2821; x_wconf 91' lang='lat'><strong>:</strong></span> <span class='ocrx_word' id='word_1_423' title='bbox 2972 2786 2992 2820; x_wconf 88' lang='grc'><strong><em>‹</em></strong></span> <span class='ocrx_word' id='word_1_424' title='bbox 3015 2768 3162 2824; x_wconf 87' lang='lat' dir='ltr'><strong>Elias</strong></span> <span class='ocrx_word' id='word_1_425' title='bbox 3185 2770 3346 2825; x_wconf 87' lang='lat' dir='ltr'><strong>homo</strong></span> <span class='ocrx_word' id='word_1_426' title='bbox 3368 2781 3508 2838; x_wconf 86' lang='lat' dir='ltr'><strong>erat,</strong></span> 
     </span>
    </p>
   </div>
   <div class='ocr_carea' id='block_1_55' title="bbox 244 2850 1845 2930">
    <p class='ocr_par' dir='ltr' id='par_1_55' title="bbox 244 2853 1830 2929">
     <span class='ocr_line' id='line_1_55' title="bbox 244 2853 1830 2929; baseline 0.001 -19"><span class='ocrx_word' id='word_1_427' title='bbox 244 2855 499 2926; x_wconf 74' lang='grc' dir='ltr'>Σωτῆρος</span> <span class='ocrx_word' id='word_1_428' title='bbox 542 2853 733 2927; x_wconf 72' lang='grc' dir='ltr'>εἴρηκε</span> <span class='ocrx_word' id='word_1_429' title='bbox 784 2853 1035 2925; x_wconf 82' lang='grc' dir='ltr'>μαθητὴς</span> <span class='ocrx_word' id='word_1_430' title='bbox 1062 2895 1077 2920; x_wconf 95' lang='grc'><strong>,</strong></span> <span class='ocrx_word' id='word_1_431' title='bbox 1138 2873 1157 2906; x_wconf 79' lang='grc' dir='ltr'><strong>ι</strong></span> <span class='ocrx_word' id='word_1_432' title='bbox 1197 2854 1384 2918; x_wconf 83' lang='grc' dir='ltr'>Ἠλίας</span> <span class='ocrx_word' id='word_1_433' title='bbox 1427 2856 1714 2928; x_wconf 76' lang='grc' dir='ltr'>ἄνθρωπος</span> <span class='ocrx_word' id='word_1_434' title='bbox 1762 2853 1830 2929; x_wconf 74' lang='grc' dir='ltr'>ἦν</span> 
     </span>
    </p>
   </div>
   <div class='ocr_carea' id='block_1_56' title="bbox 1908 2850 3509 2930">
    <p class='ocr_par' dir='ltr' id='par_1_56' title="bbox 1935 2850 3509 2930">
     <span class='ocr_line' id='line_1_56' title="bbox 1935 2850 3509 2930; baseline 0.007 -25"><span class='ocrx_word' id='word_1_435' title='bbox 1935 2850 2129 2908; x_wconf 83' lang='lat' dir='ltr'><strong>similis</strong></span> <span class='ocrx_word' id='word_1_436' title='bbox 2153 2854 2327 2924; x_wconf 82' lang='lat' dir='ltr'><strong>nobis,</strong></span> <span class='ocrx_word' id='word_1_437' title='bbox 2341 2856 2630 2924; x_wconf 81' lang='lat' dir='ltr'><strong>passibilis,</strong></span> <span class='ocrx_word' id='word_1_438' title='bbox 2661 2866 2718 2911; x_wconf 91' lang='lat' dir='ltr'><strong>et</strong></span> <span class='ocrx_word' id='word_1_439' title='bbox 2737 2858 2932 2924; x_wconf 90' lang='lat' dir='ltr'><strong>oravit,</strong></span> <span class='ocrx_word' id='word_1_440' title='bbox 2967 2868 3023 2914; x_wconf 89' lang='lat' dir='ltr'><strong>et</strong></span> <span class='ocrx_word' id='word_1_441' title='bbox 3048 2875 3153 2914; x_wconf 92' lang='lat' dir='ltr'><strong>non</strong></span> <span class='ocrx_word' id='word_1_442' title='bbox 3181 2861 3316 2930; x_wconf 87' lang='lat' dir='ltr'><strong>pluit</strong></span> <span class='ocrx_word' id='word_1_443' title='bbox 3338 2877 3509 2917; x_wconf 88' lang='lat' dir='ltr'><strong>annos</strong></span> 
     </span>
    </p>
   </div>
   <div class='ocr_carea' id='block_1_57' title="bbox 244 2945 1845 3020">
    <p class='ocr_par' dir='ltr' id='par_1_57' title="bbox 244 2945 1830 3020">
     <span class='ocr_line' id='line_1_57' title="bbox 244 2945 1830 3020; baseline 0.003 -20"><span class='ocrx_word' id='word_1_444' title='bbox 244 2945 581 3017; x_wconf 77' lang='grc' dir='ltr'>ὁμοιοπαθὴς</span> <span class='ocrx_word' id='word_1_445' title='bbox 630 2947 786 3016; x_wconf 75' lang='grc' dir='ltr'>ἡμῖν,</span> <span class='ocrx_word' id='word_1_446' title='bbox 819 2946 914 2998; x_wconf 76' lang='grc' dir='ltr'>καὶ</span> <span class='ocrx_word' id='word_1_447' title='bbox 967 2945 1409 3017; x_wconf 83' lang='grc' dir='ltr'>προσευξαμένου</span> <span class='ocrx_word' id='word_1_448' title='bbox 1458 2947 1558 3002; x_wconf 81' lang='grc' dir='ltr'><strong>οὐκ</strong></span> <span class='ocrx_word' id='word_1_449' title='bbox 1609 2949 1830 3020; x_wconf 76' lang='grc' dir='ltr'>ἔϐρεξεν</span> 
     </span>
    </p>
   </div>
   <div class='ocr_carea' id='block_1_58' title="bbox 1897 2945 3498 3020">
    <p class='ocr_par' dir='ltr' id='par_1_58' title="bbox 1939 2947 3498 3008">
     <span class='ocr_line' id='line_1_58' title="bbox 1939 2947 3498 3008; baseline 0.008 -12"><span class='ocrx_word' id='word_1_450' title='bbox 1939 2949 2048 2997; x_wconf 91' lang='lat' dir='ltr'><strong>tres</strong></span> <span class='ocrx_word' id='word_1_451' title='bbox 2074 2953 2127 2997; x_wconf 91' lang='lat' dir='ltr'><strong>et</strong></span> <span class='ocrx_word' id='word_1_452' title='bbox 2149 2959 2364 3000; x_wconf 84' lang='lat' dir='ltr'><strong>menses</strong></span> <span class='ocrx_word' id='word_1_453' title='bbox 2393 2961 2487 3000; x_wconf 90' lang='lat' dir='ltr'><strong>sex</strong></span> <span class='ocrx_word' id='word_1_454' title='bbox 2517 2947 2580 3000; x_wconf 87' lang='grc'><strong>¹⁶.</strong></span> <span class='ocrx_word' id='word_1_455' title='bbox 2616 2947 2682 3002; x_wconf 84' lang='grc' dir='ltr'>Ει</span> <span class='ocrx_word' id='word_1_456' title='bbox 2733 2947 2876 3004; x_wconf 88' lang='lat' dir='ltr'><strong>facta</strong></span> <span class='ocrx_word' id='word_1_457' title='bbox 2935 2959 3019 3005; x_wconf 88' lang='lat' dir='ltr'><strong>est</strong></span> <span class='ocrx_word' id='word_1_458' title='bbox 3075 2950 3245 3006; x_wconf 82' lang='lat' dir='ltr'><strong>fames</strong></span> <span class='ocrx_word' id='word_1_459' title='bbox 3272 2967 3415 3006; x_wconf 68' lang='lat' dir='ltr'><strong>saeva</strong></span> <span class='ocrx_word' id='word_1_460' title='bbox 3446 2952 3498 3008; x_wconf 90' lang='lat' dir='ltr'><strong>in</strong></span> 
     </span>
    </p>
   </div>
   <div class='ocr_carea' id='block_1_59' title="bbox 245 3034 1846 3110">
    <p class='ocr_par' dir='ltr' id='par_1_59' title="bbox 245 3035 1830 3110">
     <span class='ocr_line' id='line_1_59' title="bbox 245 3035 1830 3110; baseline 0.004 -20"><span class='ocrx_word' id='word_1_461' title='bbox 245 3037 526 3100; x_wconf 81' lang='grc' dir='ltr'>ἐνιαυτοὺς</span> <span class='ocrx_word' id='word_1_462' title='bbox 562 3038 732 3108; x_wconf 79' lang='grc' dir='ltr'>τρεῖς,</span> <span class='ocrx_word' id='word_1_463' title='bbox 759 3037 853 3091; x_wconf 77' lang='grc' dir='ltr'><strong>καὶ</strong></span> <span class='ocrx_word' id='word_1_464' title='bbox 903 3035 1082 3108; x_wconf 83' lang='grc' dir='ltr'>μῆνας</span> <span class='ocrx_word' id='word_1_465' title='bbox 1137 3037 1218 3104; x_wconf 78' lang='grc' dir='ltr'><strong>ἐξ.</strong></span> <span class='ocrx_word' id='word_1_466' title='bbox 1252 3038 1363 3091; x_wconf 77' lang='grc' dir='ltr'><strong>Καὶ</strong></span> <span class='ocrx_word' id='word_1_467' title='bbox 1406 3039 1563 3110; x_wconf 83' lang='grc' dir='ltr'>λιμὸς</span> <span class='ocrx_word' id='word_1_468' title='bbox 1610 3041 1830 3110; x_wconf 87' lang='grc' dir='ltr'>γέγονεν</span> 
     </span>
    </p>
   </div>
   <div class='ocr_carea' id='block_1_60' title="bbox 1912 3034 3513 3110">
    <p class='ocr_par' dir='ltr' id='par_1_60' title="bbox 1938 3034 3513 3107">
     <span class='ocr_line' id='line_1_60' title="bbox 1938 3034 3513 3107; baseline 0.007 -17"><span class='ocrx_word' id='word_1_469' title='bbox 1938 3034 2202 3100; x_wconf 84' lang='lat' dir='ltr'><strong>Samaria,</strong></span> <span class='ocrx_word' id='word_1_470' title='bbox 2247 3048 2304 3091; x_wconf 94' lang='lat' dir='ltr'><strong>ut</strong></span> <span class='ocrx_word' id='word_1_471' title='bbox 2339 3047 2496 3107; x_wconf 90' lang='lat' dir='ltr'><strong>caput</strong></span> <span class='ocrx_word' id='word_1_472' title='bbox 2551 3039 2687 3094; x_wconf 92' lang='lat' dir='ltr'><strong>asini</strong></span> <span class='ocrx_word' id='word_1_473' title='bbox 2742 3041 2924 3097; x_wconf 85' lang='lat' dir='ltr'><strong>multis</strong></span> <span class='ocrx_word' id='word_1_474' title='bbox 2969 3043 3206 3098; x_wconf 89' lang='lat' dir='ltr'><strong>denariis</strong></span> <span class='ocrx_word' id='word_1_475' title='bbox 3257 3046 3513 3100; x_wconf 81' lang='lat' dir='ltr'><strong>vendere-</strong></span> 
     </span>
    </p>
   </div>
   <div class='ocr_carea' id='block_1_61' title="bbox 245 3126 1846 3203">
    <p class='ocr_par' dir='ltr' id='par_1_61' title="bbox 245 3126 1830 3203">
     <span class='ocr_line' id='line_1_61' title="bbox 245 3126 1830 3203; baseline 0.001 -19"><span class='ocrx_word' id='word_1_476' title='bbox 245 3129 458 3201; x_wconf 79' lang='grc' dir='ltr'>ἀπηνὴς</span> <span class='ocrx_word' id='word_1_477' title='bbox 487 3127 661 3191; x_wconf 74' lang='grc' dir='ltr'>οὕτως</span> <span class='ocrx_word' id='word_1_478' title='bbox 687 3129 743 3181; x_wconf 88' lang='grc' dir='ltr'><strong>ἐν</strong></span> <span class='ocrx_word' id='word_1_479' title='bbox 775 3128 1080 3200; x_wconf 80' lang='grc' dir='ltr'>Σαμαρείᾳ,</span> <span class='ocrx_word' id='word_1_480' title='bbox 1112 3127 1186 3192; x_wconf 84' lang='grc' dir='ltr'>ὡς</span> <span class='ocrx_word' id='word_1_481' title='bbox 1207 3126 1448 3203; x_wconf 80' lang='grc' dir='ltr'>κεφαλὴν</span> <span class='ocrx_word' id='word_1_482' title='bbox 1467 3131 1590 3185; x_wconf 78' lang='grc' dir='ltr'>δνου</span> <span class='ocrx_word' id='word_1_483' title='bbox 1619 3132 1830 3186; x_wconf 85' lang='grc' dir='ltr'>πολλῶν</span> 
     </span>
    </p>
   </div>
   <div class='ocr_carea' id='block_1_62' title="bbox 1912 3126 3513 3203">
    <p class='ocr_par' dir='ltr' id='par_1_62' title="bbox 1937 3126 3513 3202">
     <span class='ocr_line' id='line_1_62' title="bbox 1937 3126 3513 3202; baseline 0.005 -23"><span class='ocrx_word' id='word_1_484' title='bbox 1937 3132 2026 3179; x_wconf 92' lang='lat' dir='ltr'><strong>tur</strong></span> <span class='ocrx_word' id='word_1_485' title='bbox 2055 3126 2117 3180; x_wconf 69' lang='lat'><strong>‘7.</strong></span> <span class='ocrx_word' id='word_1_486' title='bbox 2154 3145 2173 3177; x_wconf 76' lang='grc' dir='ltr'><strong>ι</strong></span> <span class='ocrx_word' id='word_1_487' title='bbox 2211 3126 2348 3193; x_wconf 88' lang='lat' dir='ltr'><strong>Quin</strong></span> <span class='ocrx_word' id='word_1_488' title='bbox 2381 3137 2436 3182; x_wconf 87' lang='lat' dir='ltr'><strong>et</strong></span> <span class='ocrx_word' id='word_1_489' title='bbox 2477 3129 2809 3196; x_wconf 81' lang='lat' dir='ltr'><strong>temporibus</strong></span> <span class='ocrx_word' id='word_1_490' title='bbox 2835 3127 3374 3202; x_wconf 72' lang='lat' dir='ltr'><strong>Jeremimpmphetae</strong></span> <span class='ocrx_word' id='word_1_491' title='bbox 3397 3133 3513 3202; x_wconf 88' lang='lat' dir='ltr'><strong>pln-</strong></span> 
     </span>
    </p>
   </div>
   <div class='ocr_carea' id='block_1_63' title="bbox 244 3179 1845 3296">
    <p class='ocr_par' dir='ltr' id='par_1_63' title="bbox 244 3179 1832 3296">
     <span class='ocr_line' id='line_1_63' title="bbox 244 3179 1832 3296; baseline 0.002 -22"><span class='ocrx_word' id='word_1_492' title='bbox 244 3179 658 3292; x_wconf 63' lang='lat' dir='ltr'><strong>;;.&#39;.;;,.‘.‘.e;;</strong></span> <span class='ocrx_word' id='word_1_493' title='bbox 692 3179 834 3290; x_wconf 61' lang='grc' dir='ltr'><strong>’δηζοέ</strong></span> <span class='ocrx_word' id='word_1_494' title='bbox 842 3179 993 3290; x_wconf 64' lang='grc' dir='ltr'>ῥιέυῖιζ</span> <span class='ocrx_word' id='word_1_495' title='bbox 1010 3179 1048 3272; x_wconf 2' lang='lat' dir='ltr'><strong>SI</strong></span> <span class='ocrx_word' id='word_1_496' title='bbox 1051 3179 1057 3180; x_wconf 29' lang='grc' dir='ltr'><strong>ί</strong></span> <span class='ocrx_word' id='word_1_497' title='bbox 1069 3179 1264 3276; x_wconf 48' lang='lat' dir='ltr'><strong>his;</strong></span> <span class='ocrx_word' id='word_1_498' title='bbox 1277 3179 1379 3276; x_wconf 58' lang='lat'><strong>.1;</strong></span> <span class='ocrx_word' id='word_1_499' title='bbox 1388 3179 1456 3276; x_wconf 45' lang='grc' dir='ltr'><strong>ιι</strong></span> <span class='ocrx_word' id='word_1_500' title='bbox 1475 3179 1703 3296; x_wconf 45' lang='lat' dir='ltr'><strong>giae;</strong></span> <span class='ocrx_word' id='word_1_501' title='bbox 1711 3179 1832 3288; x_wconf 51' lang='lat'><strong>23:;</strong></span> 
     </span>
    </p>
   </div>
   <div class='ocr_carea' id='block_1_64' title="bbox 1911 3179 3512 3296">
    <p class='ocr_par' dir='ltr' id='par_1_64' title="bbox 1935 3179 3512 3288">
     <span class='ocr_line' id='line_1_64' title="bbox 1935 3179 3512 3288; baseline 0.008 -20"><span class='ocrx_word' id='word_1_502' title='bbox 1935 3217 2077 3270; x_wconf 86' lang='lat' dir='ltr'><strong>viam</strong></span> <span class='ocrx_word' id='word_1_503' title='bbox 2102 3216 2360 3282; x_wconf 90' lang='lat' dir='ltr'><strong>cohibuit,</strong></span> <span class='ocrx_word' id='word_1_504' title='bbox 2379 3232 2557 3272; x_wconf 87' lang='lat' dir='ltr'><strong>rerum</strong></span> <span class='ocrx_word' id='word_1_505' title='bbox 2582 3179 2780 3288; x_wconf 65' lang='lat' dir='ltr'><strong>parens</strong></span> <span class='ocrx_word' id='word_1_506' title='bbox 2803 3220 2965 3279; x_wconf 84' lang='lat' dir='ltr'><strong>Deus.</strong></span> <span class='ocrx_word' id='word_1_507' title='bbox 2984 3179 3165 3288; x_wconf 65' lang='lat' dir='ltr'><strong>Quare</strong></span> <span class='ocrx_word' id='word_1_508' title='bbox 3185 3179 3252 3278; x_wconf 65' lang='lat' dir='ltr'><strong>de</strong></span> <span class='ocrx_word' id='word_1_509' title='bbox 3268 3179 3512 3280; x_wconf 55' lang='lat' dir='ltr'><strong>siccitate</strong></span> 
     </span>
    </p>
   </div>
   <div class='ocr_carea' id='block_1_65' title="bbox 255 3308 1856 3384">
    <p class='ocr_par' dir='ltr' id='par_1_65' title="bbox 255 3311 1834 3384">
     <span class='ocr_line' id='line_1_65' title="bbox 255 3311 1834 3384; baseline 0 -18"><span class='ocrx_word' id='word_1_510' title='bbox 255 3311 526 3384; x_wconf 80' lang='grc' dir='ltr'>Ἰερεμίου</span> <span class='ocrx_word' id='word_1_511' title='bbox 575 3312 852 3382; x_wconf 85' lang='grc' dir='ltr'>προφήτου</span> <span class='ocrx_word' id='word_1_512' title='bbox 897 3311 1093 3382; x_wconf 79' lang='grc' dir='ltr'>ἀνέσχε</span> <span class='ocrx_word' id='word_1_513' title='bbox 1132 3312 1224 3367; x_wconf 85' lang='grc' dir='ltr'><strong>τδν</strong></span> <span class='ocrx_word' id='word_1_514' title='bbox 1267 3313 1424 3367; x_wconf 80' lang='grc' dir='ltr'>ὑετὸν</span> <span class='ocrx_word' id='word_1_515' title='bbox 1469 3315 1498 3367; x_wconf 85' lang='grc' dir='ltr'><strong>ό</strong></span> <span class='ocrx_word' id='word_1_516' title='bbox 1537 3314 1647 3367; x_wconf 89' lang='grc' dir='ltr'><strong>τῶν</strong></span> <span class='ocrx_word' id='word_1_517' title='bbox 1697 3313 1834 3368; x_wconf 84' lang='grc' dir='ltr'>ὅλων</span> 
     </span>
    </p>
   </div>
   <div class='ocr_carea' id='block_1_66' title="bbox 1910 3308 3511 3384">
    <p class='ocr_par' dir='ltr' id='par_1_66' title="bbox 1934 3308 3511 3380">
     <span class='ocr_line' id='line_1_66' title="bbox 1934 3308 3511 3380; baseline 0.006 -17"><span class='ocrx_word' id='word_1_518' title='bbox 1934 3308 2097 3365; x_wconf 87' lang='lat' dir='ltr'><strong>verba</strong></span> <span class='ocrx_word' id='word_1_519' title='bbox 2153 3309 2280 3365; x_wconf 91' lang='lat' dir='ltr'><strong>fecit</strong></span> <span class='ocrx_word' id='word_1_520' title='bbox 2340 3310 2393 3364; x_wconf 93' lang='lat' dir='ltr'><strong>in</strong></span> <span class='ocrx_word' id='word_1_521' title='bbox 2434 3313 2576 3366; x_wconf 90' lang='lat' dir='ltr'><strong>hune</strong></span> <span class='ocrx_word' id='word_1_522' title='bbox 2639 3312 2856 3368; x_wconf 91' lang='lat' dir='ltr'><strong>modum</strong></span> <span class='ocrx_word' id='word_1_523' title='bbox 2901 3331 2916 3368; x_wconf 90' lang='lat'><strong>:</strong></span> <span class='ocrx_word' id='word_1_524' title='bbox 2960 3331 2979 3365; x_wconf 80' lang='grc' dir='ltr'><strong>ι</strong></span> <span class='ocrx_word' id='word_1_525' title='bbox 3013 3313 3176 3369; x_wconf 87' lang='lat' dir='ltr'><strong>Luxit</strong></span> <span class='ocrx_word' id='word_1_526' title='bbox 3216 3312 3424 3380; x_wconf 64' lang='lat' dir='ltr'><strong>Iudaea,</strong></span> <span class='ocrx_word' id='word_1_527' title='bbox 3456 3326 3511 3373; x_wconf 94' lang='lat' dir='ltr'><strong>et</strong></span> 
     </span>
    </p>
   </div>
   <div class='ocr_carea' id='block_1_67' title="bbox 244 3399 1845 3475">
    <p class='ocr_par' dir='ltr' id='par_1_67' title="bbox 244 3400 1836 3475">
     <span class='ocr_line' id='line_1_67' title="bbox 244 3400 1836 3475; baseline 0.001 -18"><span class='ocrx_word' id='word_1_528' title='bbox 244 3403 399 3468; x_wconf 84' lang='grc' dir='ltr'>Θεός.</span> <span class='ocrx_word' id='word_1_529' title='bbox 415 3400 528 3456; x_wconf 72' lang='grc' dir='ltr'>Καὶ</span> <span class='ocrx_word' id='word_1_530' title='bbox 546 3400 677 3470; x_wconf 90' lang='grc' dir='ltr'>γοῦν</span> <span class='ocrx_word' id='word_1_531' title='bbox 703 3402 829 3465; x_wconf 79' lang='grc' dir='ltr'>τοὺς</span> <span class='ocrx_word' id='word_1_532' title='bbox 856 3402 985 3473; x_wconf 81' lang='grc' dir='ltr'>περὶ</span> <span class='ocrx_word' id='word_1_533' title='bbox 1012 3403 1111 3473; x_wconf 79' lang='grc' dir='ltr'>τῆς</span> <span class='ocrx_word' id='word_1_534' title='bbox 1127 3403 1390 3475; x_wconf 81' lang='grc' dir='ltr'>ἀϐροχίας</span> <span class='ocrx_word' id='word_1_535' title='bbox 1417 3403 1610 3473; x_wconf 83' lang='grc' dir='ltr'>λόγους</span> <span class='ocrx_word' id='word_1_536' title='bbox 1635 3406 1836 3458; x_wconf 82' lang='grc' dir='ltr'>ἐποιεῖ-</span> 
     </span>
    </p>
   </div>
   <div class='ocr_carea' id='block_1_68' title="bbox 1907 3399 3508 3475">
    <p class='ocr_par' dir='ltr' id='par_1_68' title="bbox 1935 3399 3508 3472">
     <span class='ocr_line' id='line_1_68' title="bbox 1935 3399 3508 3472; baseline 0.004 -17"><span class='ocrx_word' id='word_1_537' title='bbox 1935 3408 2105 3472; x_wconf 60' lang='lat' dir='ltr'><strong>porta</strong></span> <span class='ocrx_word' id='word_1_538' title='bbox 2128 3399 2246 3470; x_wconf 82' lang='lat' dir='ltr'><strong>ejus</strong></span> <span class='ocrx_word' id='word_1_539' title='bbox 2271 3415 2456 3457; x_wconf 68' lang='lat' dir='ltr'><strong>vacuae</strong></span> <span class='ocrx_word' id='word_1_540' title='bbox 2503 3401 2659 3458; x_wconf 74' lang='lat' dir='ltr'><strong>facta:</strong></span> <span class='ocrx_word' id='word_1_541' title='bbox 2689 3411 2841 3468; x_wconf 88' lang='lat' dir='ltr'><strong>sunt,</strong></span> <span class='ocrx_word' id='word_1_542' title='bbox 2873 3413 2928 3458; x_wconf 91' lang='lat' dir='ltr'><strong>et</strong></span> <span class='ocrx_word' id='word_1_543' title='bbox 2953 3403 3161 3461; x_wconf 89' lang='lat' dir='ltr'><strong>clamor</strong></span> <span class='ocrx_word' id='word_1_544' title='bbox 3207 3403 3508 3462; x_wconf 80' lang='lat' dir='ltr'><strong>Jerusalem</strong></span> 
     </span>
    </p>
   </div>
   <div class='ocr_carea' id='block_1_69' title="bbox 243 3493 1844 3567">
    <p class='ocr_par' dir='ltr' id='par_1_69' title="bbox 243 3494 1832 3566">
     <span class='ocr_line' id='line_1_69' title="bbox 243 3494 1832 3566; baseline -0.002 -15"><span class='ocrx_word' id='word_1_545' title='bbox 243 3515 329 3561; x_wconf 89' lang='grc' dir='ltr'><strong>το,</strong></span> <span class='ocrx_word' id='word_1_546' title='bbox 352 3495 525 3564; x_wconf 83' lang='grc' dir='ltr'>λέγων</span> <span class='ocrx_word' id='word_1_547' title='bbox 545 3512 562 3528; x_wconf 89' lang='grc'><strong>·</strong></span> <span class='ocrx_word' id='word_1_548' title='bbox 597 3512 617 3547; x_wconf 82' lang='grc' dir='ltr'><strong>ι</strong></span> <span class='ocrx_word' id='word_1_549' title='bbox 643 3494 967 3565; x_wconf 85' lang='grc' dir='ltr'>Ἐπένθησεν</span> <span class='ocrx_word' id='word_1_550' title='bbox 985 3496 1019 3566; x_wconf 79' lang='grc' dir='ltr'>ὴ</span> <span class='ocrx_word' id='word_1_551' title='bbox 1050 3495 1298 3558; x_wconf 81' lang='grc' dir='ltr'>Ἰουδαία,</span> <span class='ocrx_word' id='word_1_552' title='bbox 1331 3495 1426 3550; x_wconf 73' lang='grc' dir='ltr'><strong>καὶ</strong></span> <span class='ocrx_word' id='word_1_553' title='bbox 1455 3496 1511 3548; x_wconf 80' lang='lat' dir='ltr'><strong>al</strong></span> <span class='ocrx_word' id='word_1_554' title='bbox 1540 3495 1704 3550; x_wconf 84' lang='grc' dir='ltr'>πύλαι</span> <span class='ocrx_word' id='word_1_555' title='bbox 1733 3497 1832 3549; x_wconf 85' lang='grc' dir='ltr'>αὑ-</span> 
     </span>
    </p>
   </div>
   <div class='ocr_carea' id='block_1_70' title="bbox 1906 3493 3507 3567">
    <p class='ocr_par' dir='ltr' id='par_1_70' title="bbox 1933 3493 3507 3567">
     <span class='ocr_line' id='line_1_70' title="bbox 1933 3493 3507 3567; baseline 0.004 -19"><span class='ocrx_word' id='word_1_556' title='bbox 1933 3493 2201 3557; x_wconf 87' lang='lat' dir='ltr'><strong>ascendit,</strong></span> <span class='ocrx_word' id='word_1_557' title='bbox 2239 3505 2294 3548; x_wconf 87' lang='lat' dir='ltr'><strong>et</strong></span> <span class='ocrx_word' id='word_1_558' title='bbox 2325 3504 2605 3565; x_wconf 76' lang='lat' dir='ltr'><strong>magnates</strong></span> <span class='ocrx_word' id='word_1_559' title='bbox 2665 3495 2783 3563; x_wconf 87' lang='lat' dir='ltr'><strong>ejus</strong></span> <span class='ocrx_word' id='word_1_560' title='bbox 2845 3496 3108 3553; x_wconf 89' lang='lat' dir='ltr'><strong>miserunt</strong></span> <span class='ocrx_word' id='word_1_561' title='bbox 3144 3497 3391 3567; x_wconf 73' lang='lat' dir='ltr'><strong>iuniores</strong></span> <span class='ocrx_word' id='word_1_562' title='bbox 3440 3502 3507 3554; x_wconf 89' lang='lat' dir='ltr'><strong>ad</strong></span> 
     </span>
    </p>
   </div>
   <div class='ocr_carea' id='block_1_71' title="bbox 247 3585 1848 3659">
    <p class='ocr_par' dir='ltr' id='par_1_71' title="bbox 247 3585 1833 3659">
     <span class='ocr_line' id='line_1_71' title="bbox 247 3585 1833 3659; baseline -0.001 -19"><span class='ocrx_word' id='word_1_563' title='bbox 247 3588 349 3659; x_wconf 79' lang='grc' dir='ltr'><strong>τῆς</strong></span> <span class='ocrx_word' id='word_1_564' title='bbox 399 3585 780 3656; x_wconf 68' lang='grc' dir='ltr'>ἐκενώθησαν,</span> <span class='ocrx_word' id='word_1_565' title='bbox 827 3587 920 3640; x_wconf 77' lang='grc' dir='ltr'><strong>καὶ</strong></span> <span class='ocrx_word' id='word_1_566' title='bbox 973 3589 1006 3657; x_wconf 80' lang='grc' dir='ltr'>ἡ</span> <span class='ocrx_word' id='word_1_567' title='bbox 1059 3586 1276 3658; x_wconf 84' lang='grc' dir='ltr'>κραυγὴ</span> <span class='ocrx_word' id='word_1_568' title='bbox 1322 3587 1426 3656; x_wconf 76' lang='grc' dir='ltr'>τῆς</span> <span class='ocrx_word' id='word_1_569' title='bbox 1480 3586 1833 3658; x_wconf 82' lang='grc' dir='ltr'>Ἰερουσαλὴμ</span> 
     </span>
    </p>
   </div>
   <div class='ocr_carea' id='block_1_72' title="bbox 1911 3585 3512 3659">
    <p class='ocr_par' dir='ltr' id='par_1_72' title="bbox 1934 3587 3512 3655">
     <span class='ocr_line' id='line_1_72' title="bbox 1934 3587 3512 3655; baseline 0.006 -18"><span class='ocrx_word' id='word_1_570' title='bbox 1934 3598 2169 3652; x_wconf 85' lang='lat' dir='ltr'><strong>aquam;</strong></span> <span class='ocrx_word' id='word_1_571' title='bbox 2203 3595 2470 3640; x_wconf 87' lang='lat' dir='ltr'><strong>venerunt</strong></span> <span class='ocrx_word' id='word_1_572' title='bbox 2529 3587 2596 3640; x_wconf 86' lang='lat' dir='ltr'><strong>ad</strong></span> <span class='ocrx_word' id='word_1_573' title='bbox 2653 3599 2870 3655; x_wconf 89' lang='lat' dir='ltr'><strong>puteos,</strong></span> <span class='ocrx_word' id='word_1_574' title='bbox 2926 3597 2982 3642; x_wconf 93' lang='lat' dir='ltr'><strong>et</strong></span> <span class='ocrx_word' id='word_1_575' title='bbox 3031 3606 3137 3645; x_wconf 93' lang='lat' dir='ltr'><strong>non</strong></span> <span class='ocrx_word' id='word_1_576' title='bbox 3191 3592 3512 3647; x_wconf 89' lang='lat' dir='ltr'><strong>invenerunt</strong></span> 
     </span>
    </p>
   </div>
   <div class='ocr_carea' id='block_1_73' title="bbox 247 3675 1848 3752">
    <p class='ocr_par' dir='ltr' id='par_1_73' title="bbox 247 3677 1834 3749">
     <span class='ocr_line' id='line_1_73' title="bbox 247 3677 1834 3749; baseline -0.002 -16"><span class='ocrx_word' id='word_1_577' title='bbox 247 3677 438 3748; x_wconf 86' lang='grc' dir='ltr'>ἀνέϐη,</span> <span class='ocrx_word' id='word_1_578' title='bbox 478 3678 574 3732; x_wconf 77' lang='grc' dir='ltr'>καὶ</span> <span class='ocrx_word' id='word_1_579' title='bbox 620 3680 668 3732; x_wconf 81' lang='lat' dir='ltr'><strong>ot</strong></span> <span class='ocrx_word' id='word_1_580' title='bbox 724 3679 1051 3749; x_wconf 84' lang='grc' dir='ltr'>μεγιστᾶνες</span> <span class='ocrx_word' id='word_1_581' title='bbox 1100 3679 1278 3732; x_wconf 76' lang='grc' dir='ltr'>αὐτῶν</span> <span class='ocrx_word' id='word_1_582' title='bbox 1328 3677 1656 3733; x_wconf 84' lang='grc' dir='ltr'>ἀπέστειλαν</span> <span class='ocrx_word' id='word_1_583' title='bbox 1705 3679 1834 3742; x_wconf 87' lang='grc' dir='ltr'>τοὺς</span> 
     </span>
    </p>
   </div>
   <div class='ocr_carea' id='block_1_74' title="bbox 1906 3675 3507 3752">
    <p class='ocr_par' dir='ltr' id='par_1_74' title="bbox 1934 3675 3507 3752">
     <span class='ocr_line' id='line_1_74' title="bbox 1934 3675 3507 3752; baseline 0.005 -22"><span class='ocrx_word' id='word_1_584' title='bbox 1934 3691 2132 3747; x_wconf 84' lang='lat' dir='ltr'><strong>aquam</strong></span> <span class='ocrx_word' id='word_1_585' title='bbox 2162 3677 2230 3741; x_wconf 77' lang='lat'><strong>“,</strong></span> <span class='ocrx_word' id='word_1_586' title='bbox 2265 3696 2284 3728; x_wconf 71' lang='grc' dir='ltr'><strong>ι</strong></span> <span class='ocrx_word' id='word_1_587' title='bbox 2311 3686 2418 3732; x_wconf 89' lang='lat' dir='ltr'><strong>etc.</strong></span> <span class='ocrx_word' id='word_1_588' title='bbox 2445 3675 2583 3742; x_wconf 85' lang='lat' dir='ltr'><strong>Quia</strong></span> <span class='ocrx_word' id='word_1_589' title='bbox 2643 3679 2806 3746; x_wconf 75' lang='lat' dir='ltr'><strong>igitur</strong></span> <span class='ocrx_word' id='word_1_590' title='bbox 2843 3678 3106 3735; x_wconf 71' lang='lat' dir='ltr'><strong>Israelita:</strong></span> <span class='ocrx_word' id='word_1_591' title='bbox 3140 3695 3247 3734; x_wconf 90' lang='lat' dir='ltr'><strong>non</strong></span> <span class='ocrx_word' id='word_1_592' title='bbox 3301 3683 3507 3752; x_wconf 80' lang='lat' dir='ltr'><strong>vulgari</strong></span> 
     </span>
    </p>
   </div>
   <div class='ocr_carea' id='block_1_75' title="bbox 247 3767 1848 3841">
    <p class='ocr_par' dir='ltr' id='par_1_75' title="bbox 247 3768 1830 3841">
     <span class='ocr_line' id='line_1_75' title="bbox 247 3768 1830 3841; baseline -0.001 -18"><span class='ocrx_word' id='word_1_593' title='bbox 247 3770 544 3841; x_wconf 85' lang='grc' dir='ltr'>νεωτέρους</span> <span class='ocrx_word' id='word_1_594' title='bbox 575 3769 774 3823; x_wconf 81' lang='grc' dir='ltr'>αὐτῶν.</span> <span class='ocrx_word' id='word_1_595' title='bbox 795 3769 909 3838; x_wconf 83' lang='grc' dir='ltr'><strong>Ἐφ’</strong></span> <span class='ocrx_word' id='word_1_596' title='bbox 938 3769 1082 3841; x_wconf 74' lang='grc' dir='ltr'>ὕδωρ</span> <span class='ocrx_word' id='word_1_597' title='bbox 1106 3769 1339 3840; x_wconf 74' lang='grc' dir='ltr'>ἧλθοσαν</span> <span class='ocrx_word' id='word_1_598' title='bbox 1367 3769 1459 3822; x_wconf 84' lang='grc' dir='ltr'><strong>ἐπὶ</strong></span> <span class='ocrx_word' id='word_1_599' title='bbox 1495 3768 1566 3822; x_wconf 92' lang='grc' dir='ltr'><strong>τά</strong></span> <span class='ocrx_word' id='word_1_600' title='bbox 1596 3769 1830 3840; x_wconf 86' lang='grc' dir='ltr'>φρέατα,</span> 
     </span>
    </p>
   </div>
   <div class='ocr_carea' id='block_1_76' title="bbox 1908 3767 3509 3841">
    <p class='ocr_par' dir='ltr' id='par_1_76' title="bbox 1934 3767 3509 3839">
     <span class='ocr_line' id='line_1_76' title="bbox 1934 3767 3509 3839; baseline 0.004 -16"><span class='ocrx_word' id='word_1_601' title='bbox 1934 3782 1994 3823; x_wconf 86' lang='lat' dir='ltr'><strong>se</strong></span> <span class='ocrx_word' id='word_1_602' title='bbox 2026 3769 2302 3837; x_wconf 88' lang='lat' dir='ltr'><strong>impietate</strong></span> <span class='ocrx_word' id='word_1_603' title='bbox 2327 3767 2854 3831; x_wconf 82' lang='lat' dir='ltr'><strong>contaminaverant,</strong></span> <span class='ocrx_word' id='word_1_604' title='bbox 2893 3769 3030 3824; x_wconf 90' lang='lat' dir='ltr'><strong>Deus</strong></span> <span class='ocrx_word' id='word_1_605' title='bbox 3057 3771 3290 3839; x_wconf 87' lang='lat' dir='ltr'><strong>pluviam</strong></span> <span class='ocrx_word' id='word_1_606' title='bbox 3323 3772 3509 3829; x_wconf 84' lang='lat' dir='ltr'><strong>abstu-</strong></span> 
     </span>
    </p>
   </div>
   <div class='ocr_carea' id='block_1_77' title="bbox 247 3858 1848 3934">
    <p class='ocr_par' dir='ltr' id='par_1_77' title="bbox 247 3860 1831 3934">
     <span class='ocr_line' id='line_1_77' title="bbox 247 3860 1831 3934; baseline 0 -20"><span class='ocrx_word' id='word_1_607' title='bbox 247 3862 340 3915; x_wconf 79' lang='grc' dir='ltr'><strong>καὶ</strong></span> <span class='ocrx_word' id='word_1_608' title='bbox 377 3862 474 3932; x_wconf 85' lang='grc' dir='ltr'>οὐχ</span> <span class='ocrx_word' id='word_1_609' title='bbox 500 3861 733 3933; x_wconf 80' lang='grc' dir='ltr'>εὓροσαν</span> <span class='ocrx_word' id='word_1_610' title='bbox 761 3860 926 3934; x_wconf 76' lang='grc' dir='ltr'>ὕδωρ,</span> <span class='ocrx_word' id='word_1_611' title='bbox 969 3880 988 3913; x_wconf 74' lang='grc' dir='ltr'><strong>ι</strong></span> <span class='ocrx_word' id='word_1_612' title='bbox 1028 3863 1122 3914; x_wconf 81' lang='grc' dir='ltr'><strong>καὶ</strong></span> <span class='ocrx_word' id='word_1_613' title='bbox 1150 3862 1219 3914; x_wconf 84' lang='grc' dir='ltr'>τὰ</span> <span class='ocrx_word' id='word_1_614' title='bbox 1247 3861 1395 3930; x_wconf 83' lang='grc' dir='ltr'>ἐξῆς.</span> <span class='ocrx_word' id='word_1_615' title='bbox 1426 3861 1831 3932; x_wconf 82' lang='grc' dir='ltr'>Δεδυσσεϐηκό-</span> 
     </span>
    </p>
   </div>
   <div class='ocr_carea' id='block_1_78' title="bbox 1906 3858 3507 3934">
    <p class='ocr_par' dir='ltr' id='par_1_78' title="bbox 1937 3858 3507 3933">
     <span class='ocr_line' id='line_1_78' title="bbox 1937 3858 3507 3933; baseline 0.005 -21"><span class='ocrx_word' id='word_1_616' title='bbox 1937 3858 2019 3922; x_wconf 83' lang='grc' dir='ltr'>Ιίι,</span> <span class='ocrx_word' id='word_1_617' title='bbox 2048 3869 2103 3913; x_wconf 89' lang='lat' dir='ltr'><strong>et</strong></span> <span class='ocrx_word' id='word_1_618' title='bbox 2127 3867 2404 3927; x_wconf 87' lang='lat' dir='ltr'><strong>stuporem</strong></span> <span class='ocrx_word' id='word_1_619' title='bbox 2443 3858 2716 3924; x_wconf 89' lang='lat' dir='ltr'><strong>dentium,</strong></span> <span class='ocrx_word' id='word_1_620' title='bbox 2744 3867 2799 3914; x_wconf 91' lang='lat' dir='ltr'><strong>et</strong></span> <span class='ocrx_word' id='word_1_621' title='bbox 2835 3859 3184 3929; x_wconf 76' lang='lat' dir='ltr'><strong>indigentiam</strong></span> <span class='ocrx_word' id='word_1_622' title='bbox 3225 3877 3424 3933; x_wconf 88' lang='lat' dir='ltr'><strong>panum</strong></span> <span class='ocrx_word' id='word_1_623' title='bbox 3453 3867 3507 3920; x_wconf 88' lang='lat' dir='ltr'><strong>in</strong></span> 
     </span>
    </p>
   </div>
   <div class='ocr_carea' id='block_1_79' title="bbox 242 3948 1843 4024">
    <p class='ocr_par' dir='ltr' id='par_1_79' title="bbox 242 3949 1834 4024">
     <span class='ocr_line' id='line_1_79' title="bbox 242 3949 1834 4024; baseline 0.001 -19"><span class='ocrx_word' id='word_1_624' title='bbox 242 3969 351 4005; x_wconf 84' lang='grc' dir='ltr'><strong>των</strong></span> <span class='ocrx_word' id='word_1_625' title='bbox 398 3953 462 4023; x_wconf 76' lang='grc' dir='ltr'>δὴ</span> <span class='ocrx_word' id='word_1_626' title='bbox 503 3949 597 4006; x_wconf 85' lang='grc' dir='ltr'><strong>οῦν</strong></span> <span class='ocrx_word' id='word_1_627' title='bbox 645 3951 706 4004; x_wconf 80' lang='grc' dir='ltr'><strong>οὐ</strong></span> <span class='ocrx_word' id='word_1_628' title='bbox 745 3953 981 4023; x_wconf 86' lang='grc' dir='ltr'>μετρίως</span> <span class='ocrx_word' id='word_1_629' title='bbox 1026 3951 1134 4004; x_wconf 89' lang='grc' dir='ltr'><strong>τῶν</strong></span> <span class='ocrx_word' id='word_1_630' title='bbox 1164 3951 1223 4016; x_wconf 81' lang='grc' dir='ltr'>ἐξ</span> <span class='ocrx_word' id='word_1_631' title='bbox 1256 3951 1470 4024; x_wconf 83' lang='grc' dir='ltr'>Ἰσραὴλ</span> <span class='ocrx_word' id='word_1_632' title='bbox 1514 3953 1707 4022; x_wconf 80' lang='grc' dir='ltr'>ἀνέσχε</span> <span class='ocrx_word' id='word_1_633' title='bbox 1742 3952 1834 4006; x_wconf 85' lang='grc' dir='ltr'><strong>τὸν</strong></span> 
     </span>
    </p>
   </div>
   <div class='ocr_carea' id='block_1_80' title="bbox 1406 3948 3007 4024">
    <p class='ocr_par' dir='ltr' id='par_1_80' title="bbox 1406 3948 3007 4022">
     <span class='ocr_line' id='line_1_80' title="bbox 1406 3948 3007 4022; baseline 0.001 -18"><span class='ocrx_word' id='word_1_634' title='bbox 1406 3953 1470 4022; x_wconf 82' lang='grc' dir='ltr'>ὴλ</span> <span class='ocrx_word' id='word_1_635' title='bbox 1514 3953 1707 4022; x_wconf 84' lang='grc' dir='ltr'>ἀνέσχε</span> <span class='ocrx_word' id='word_1_636' title='bbox 1742 3952 1834 4006; x_wconf 84' lang='grc' dir='ltr'><strong>τὸν</strong></span> <span class='ocrx_word' id='word_1_637' title='bbox 1935 3950 2186 4006; x_wconf 90' lang='lat' dir='ltr'><strong>omnibus</strong></span> <span class='ocrx_word' id='word_1_638' title='bbox 2211 3963 2398 4006; x_wconf 88' lang='lat' dir='ltr'><strong>eorum</strong></span> <span class='ocrx_word' id='word_1_639' title='bbox 2427 3948 2737 4006; x_wconf 89' lang='lat' dir='ltr'><strong>civitatibus</strong></span> <span class='ocrx_word' id='word_1_640' title='bbox 2765 3949 3007 4006; x_wconf 85' lang='lat' dir='ltr'><strong>immisit.</strong></span> 
     </span>
    </p>
   </div>
   <div class='ocr_carea' id='block_1_81' title="bbox 244 4039 1832 4110">
    <p class='ocr_par' dir='ltr' id='par_1_81' title="bbox 244 4039 1832 4110">
     <span class='ocr_line' id='line_1_81' title="bbox 244 4039 1832 4110; baseline -0.001 -16"><span class='ocrx_word' id='word_1_641' title='bbox 244 4041 422 4104; x_wconf 73' lang='grc' dir='ltr'>ὑετὸν,</span> <span class='ocrx_word' id='word_1_642' title='bbox 460 4041 556 4094; x_wconf 78' lang='grc' dir='ltr'><strong>καὶ</strong></span> <span class='ocrx_word' id='word_1_643' title='bbox 605 4039 956 4109; x_wconf 83' lang='grc' dir='ltr'>γομφιασμὺν</span> <span class='ocrx_word' id='word_1_644' title='bbox 1007 4039 1254 4102; x_wconf 79' lang='grc' dir='ltr'>ὀδόντων,</span> <span class='ocrx_word' id='word_1_645' title='bbox 1286 4041 1383 4093; x_wconf 78' lang='grc' dir='ltr'><strong>καὶ</strong></span> <span class='ocrx_word' id='word_1_646' title='bbox 1421 4040 1627 4094; x_wconf 78' lang='grc' dir='ltr'>ἔνδειαν</span> <span class='ocrx_word' id='word_1_647' title='bbox 1654 4040 1832 4110; x_wconf 78' lang='grc' dir='ltr'>ἀρτων</span> 
     </span>
    </p>
   </div>
   <div class='ocr_carea' id='block_1_82' title="bbox 239 4129 1522 4195">
    <p class='ocr_par' dir='ltr' id='par_1_82' title="bbox 239 4129 1522 4195">
     <span class='ocr_line' id='line_1_82' title="bbox 239 4129 1522 4195; baseline -0.002 -9"><span class='ocrx_word' id='word_1_648' title='bbox 239 4137 303 4188; x_wconf 74' lang='grc' dir='ltr'><strong>ἐν</strong></span> <span class='ocrx_word' id='word_1_649' title='bbox 334 4132 542 4192; x_wconf 85' lang='grc' dir='ltr'>πάσαις</span> <span class='ocrx_word' id='word_1_650' title='bbox 574 4129 742 4183; x_wconf 82' lang='grc' dir='ltr'>αὐτοῦ</span> <span class='ocrx_word' id='word_1_651' title='bbox 776 4132 894 4193; x_wconf 80' lang='grc' dir='ltr'>ταῖς</span> <span class='ocrx_word' id='word_1_652' title='bbox 925 4131 1142 4184; x_wconf 84' lang='grc' dir='ltr'>πόλεσιν</span> <span class='ocrx_word' id='word_1_653' title='bbox 1173 4131 1341 4184; x_wconf 79' lang='grc' dir='ltr'>ἐδίδου</span> <span class='ocrx_word' id='word_1_654' title='bbox 1370 4131 1522 4195; x_wconf 83' lang='grc' dir='ltr'>Θεός.</span> 
     </span>
    </p>
   </div>
   <div class='ocr_carea' id='block_1_83' title="bbox 331 4219 1932 4292">
    <p class='ocr_par' dir='ltr' id='par_1_83' title="bbox 331 4219 1832 4292">
     <span class='ocr_line' id='line_1_83' title="bbox 331 4219 1832 4292; baseline 0.003 -16"><span class='ocrx_word' id='word_1_655' title='bbox 331 4223 477 4276; x_wconf 79' lang='grc' dir='ltr'>Ἀλλ’</span> <span class='ocrx_word' id='word_1_656' title='bbox 518 4221 596 4284; x_wconf 84' lang='grc' dir='ltr'>ὡς</span> <span class='ocrx_word' id='word_1_657' title='bbox 648 4219 784 4291; x_wconf 76' lang='grc' dir='ltr'>ἔφην</span> <span class='ocrx_word' id='word_1_658' title='bbox 831 4222 1069 4292; x_wconf 85' lang='grc' dir='ltr'>ἀρτίως,</span> <span class='ocrx_word' id='word_1_659' title='bbox 1105 4223 1440 4287; x_wconf 86' lang='grc' dir='ltr'>πεπονθότας</span> <span class='ocrx_word' id='word_1_660' title='bbox 1488 4225 1704 4291; x_wconf 83' lang='grc' dir='ltr'>αὐτοὺς,</span> <span class='ocrx_word' id='word_1_661' title='bbox 1739 4226 1832 4280; x_wconf 73' lang='grc' dir='ltr'><strong>καὶ</strong></span> 
     </span>
    </p>
   </div>
   <div class='ocr_carea' id='block_1_84' title="bbox 1909 4219 3510 4292">
    <p class='ocr_par' dir='ltr' id='par_1_84' title="bbox 2009 4219 3510 4284">
     <span class='ocr_line' id='line_1_84' title="bbox 2009 4219 3510 4284; baseline 0 -8"><span class='ocrx_word' id='word_1_662' title='bbox 2009 4221 2228 4284; x_wconf 86' lang='lat' dir='ltr'><strong>Verum,</strong></span> <span class='ocrx_word' id='word_1_663' title='bbox 2265 4227 2327 4274; x_wconf 90' lang='lat' dir='ltr'><strong>ut</strong></span> <span class='ocrx_word' id='word_1_664' title='bbox 2349 4219 2507 4275; x_wconf 91' lang='lat' dir='ltr'><strong>modo</strong></span> <span class='ocrx_word' id='word_1_665' title='bbox 2533 4219 2802 4283; x_wconf 86' lang='lat' dir='ltr'><strong>dicebam,</strong></span> <span class='ocrx_word' id='word_1_666' title='bbox 2836 4233 2932 4275; x_wconf 84' lang='lat' dir='ltr'><strong>eos</strong></span> <span class='ocrx_word' id='word_1_667' title='bbox 2970 4219 3096 4274; x_wconf 89' lang='lat' dir='ltr'><strong>item</strong></span> <span class='ocrx_word' id='word_1_668' title='bbox 3127 4219 3285 4274; x_wconf 89' lang='lat' dir='ltr'><strong>modo</strong></span> <span class='ocrx_word' id='word_1_669' title='bbox 3308 4220 3510 4277; x_wconf 84' lang='lat' dir='ltr'><strong>intelli-</strong></span> 
     </span>
    </p>
   </div>
   <div class='ocr_carea' id='block_1_85' title="bbox 237 4310 1838 4386">
    <p class='ocr_par' dir='ltr' id='par_1_85' title="bbox 237 4311 1833 4386">
     <span class='ocr_line' id='line_1_85' title="bbox 237 4311 1833 4386; baseline 0.003 -19"><span class='ocrx_word' id='word_1_670' title='bbox 237 4313 454 4386; x_wconf 73' lang='grc' dir='ltr'>νοητῶς</span> <span class='ocrx_word' id='word_1_671' title='bbox 481 4313 808 4384; x_wconf 75' lang='grc' dir='ltr'>εὑρήσομεν.</span> <span class='ocrx_word' id='word_1_672' title='bbox 843 4311 955 4366; x_wconf 72' lang='grc' dir='ltr'><strong>Καὶ</strong></span> <span class='ocrx_word' id='word_1_673' title='bbox 1005 4313 1178 4384; x_wconf 80' lang='grc' dir='ltr'>τροφὴ</span> <span class='ocrx_word' id='word_1_674' title='bbox 1223 4313 1322 4384; x_wconf 86' lang='grc' dir='ltr'>μὲν</span> <span class='ocrx_word' id='word_1_675' title='bbox 1366 4315 1497 4386; x_wconf 77' lang='grc' dir='ltr'>γάρ,</span> <span class='ocrx_word' id='word_1_676' title='bbox 1530 4317 1625 4370; x_wconf 75' lang='grc' dir='ltr'>καὶ</span> <span class='ocrx_word' id='word_1_677' title='bbox 1672 4317 1833 4371; x_wconf 80' lang='grc' dir='ltr'>ποτὸν</span> 
     </span>
    </p>
   </div>
   <div class='ocr_carea' id='block_1_86' title="bbox 1906 4310 3507 4386">
    <p class='ocr_par' dir='ltr' id='par_1_86' title="bbox 1934 4310 3507 4383">
     <span class='ocr_line' id='line_1_86' title="bbox 1934 4310 3507 4383; baseline 0.002 -18"><span class='ocrx_word' id='word_1_678' title='bbox 1934 4311 2082 4383; x_wconf 83' lang='lat' dir='ltr'><strong>gibili</strong></span> <span class='ocrx_word' id='word_1_679' title='bbox 2105 4325 2296 4380; x_wconf 83' lang='lat' dir='ltr'><strong>passos</strong></span> <span class='ocrx_word' id='word_1_680' title='bbox 2330 4324 2555 4365; x_wconf 85' lang='lat' dir='ltr'><strong>cernere</strong></span> <span class='ocrx_word' id='word_1_681' title='bbox 2585 4310 2728 4365; x_wconf 88' lang='lat' dir='ltr'><strong>licet.</strong></span> <span class='ocrx_word' id='word_1_682' title='bbox 2763 4310 2826 4364; x_wconf 88' lang='lat' dir='ltr'><strong>Et</strong></span> <span class='ocrx_word' id='word_1_683' title='bbox 2849 4325 2971 4366; x_wconf 88' lang='lat' dir='ltr'><strong>esca</strong></span> <span class='ocrx_word' id='word_1_684' title='bbox 3000 4310 3217 4381; x_wconf 90' lang='lat' dir='ltr'><strong>quidem</strong></span> <span class='ocrx_word' id='word_1_685' title='bbox 3269 4321 3322 4366; x_wconf 90' lang='lat' dir='ltr'><strong>et</strong></span> <span class='ocrx_word' id='word_1_686' title='bbox 3345 4323 3507 4382; x_wconf 81' lang='lat' dir='ltr'><strong>potus</strong></span> 
     </span>
    </p>
   </div>
   <div class='ocr_carea' id='block_1_87' title="bbox 240 4401 1841 4480">
    <p class='ocr_par' dir='ltr' id='par_1_87' title="bbox 240 4402 1832 4480">
     <span class='ocr_line' id='line_1_87' title="bbox 240 4402 1832 4480; baseline 0.003 -22"><span class='ocrx_word' id='word_1_687' title='bbox 240 4409 356 4469; x_wconf 63' lang='grc' dir='ltr'>τοῖς</span> <span class='ocrx_word' id='word_1_688' title='bbox 392 4405 457 4458; x_wconf 90' lang='grc' dir='ltr'><strong>ἐκ</strong></span> <span class='ocrx_word' id='word_1_689' title='bbox 500 4403 606 4474; x_wconf 86' lang='grc' dir='ltr'>γῆς</span> <span class='ocrx_word' id='word_1_690' title='bbox 640 4402 878 4472; x_wconf 84' lang='grc' dir='ltr'>σώμασι,</span> <span class='ocrx_word' id='word_1_691' title='bbox 907 4402 978 4457; x_wconf 88' lang='grc' dir='ltr'><strong>τά</strong></span> <span class='ocrx_word' id='word_1_692' title='bbox 1004 4405 1113 4458; x_wconf 88' lang='grc' dir='ltr'><strong>ἀπὸ</strong></span> <span class='ocrx_word' id='word_1_693' title='bbox 1154 4405 1252 4475; x_wconf 84' lang='grc' dir='ltr'><strong>τῆς</strong></span> <span class='ocrx_word' id='word_1_694' title='bbox 1284 4404 1408 4476; x_wconf 78' lang='grc' dir='ltr'>γῆς,</span> <span class='ocrx_word' id='word_1_695' title='bbox 1458 4407 1552 4461; x_wconf 77' lang='grc' dir='ltr'>καὶ</span> <span class='ocrx_word' id='word_1_696' title='bbox 1593 4407 1736 4480; x_wconf 80' lang='grc' dir='ltr'>ὕδωρ</span> <span class='ocrx_word' id='word_1_697' title='bbox 1771 4409 1832 4462; x_wconf 90' lang='grc' dir='ltr'>τὸ</span> 
     </span>
    </p>
   </div>
   <div class='ocr_carea' id='block_1_88' title="bbox 1908 4401 3509 4480">
    <p class='ocr_par' dir='ltr' id='par_1_88' title="bbox 1935 4401 3509 4474">
     <span class='ocr_line' id='line_1_88' title="bbox 1935 4401 3509 4474; baseline 0.001 -15"><span class='ocrx_word' id='word_1_698' title='bbox 1935 4404 2253 4474; x_wconf 88' lang='lat' dir='ltr'><strong>corporibus</strong></span> <span class='ocrx_word' id='word_1_699' title='bbox 2314 4403 2545 4456; x_wconf 88' lang='lat' dir='ltr'><strong>terrenis</strong></span> <span class='ocrx_word' id='word_1_700' title='bbox 2595 4401 2904 4470; x_wconf 77' lang='lat' dir='ltr'><strong>huiusmodi</strong></span> <span class='ocrx_word' id='word_1_701' title='bbox 2973 4403 3262 4468; x_wconf 89' lang='lat' dir='ltr'><strong>debentur,</strong></span> <span class='ocrx_word' id='word_1_702' title='bbox 3311 4419 3432 4474; x_wconf 68' lang='lat' dir='ltr'><strong>quae</strong></span> <span class='ocrx_word' id='word_1_703' title='bbox 3477 4420 3509 4461; x_wconf 89' lang='lat' dir='ltr'><strong>e</strong></span> 
     </span>
    </p>
   </div>
   <div class='ocr_carea' id='block_1_89' title="bbox 241 4491 1842 4567">
    <p class='ocr_par' dir='ltr' id='par_1_89' title="bbox 241 4491 1832 4567">
     <span class='ocr_line' id='line_1_89' title="bbox 241 4491 1832 4567; baseline 0.001 -18"><span class='ocrx_word' id='word_1_704' title='bbox 241 4494 520 4566; x_wconf 77' lang='grc' dir='ltr'>αἰσθητὸν,</span> <span class='ocrx_word' id='word_1_705' title='bbox 555 4492 703 4564; x_wconf 78' lang='grc' dir='ltr'>ψυχὴ</span> <span class='ocrx_word' id='word_1_706' title='bbox 741 4491 797 4546; x_wconf 87' lang='grc' dir='ltr'>δὲ</span> <span class='ocrx_word' id='word_1_707' title='bbox 835 4491 1122 4564; x_wconf 82' lang='grc' dir='ltr'>ἀνθρώπου</span> <span class='ocrx_word' id='word_1_708' title='bbox 1154 4492 1318 4558; x_wconf 87' lang='grc' dir='ltr'>θείοις</span> <span class='ocrx_word' id='word_1_709' title='bbox 1347 4511 1404 4547; x_wconf 90' lang='grc' dir='ltr'><strong>τε</strong></span> <span class='ocrx_word' id='word_1_710' title='bbox 1436 4495 1529 4549; x_wconf 79' lang='grc' dir='ltr'>καὶ</span> <span class='ocrx_word' id='word_1_711' title='bbox 1561 4495 1832 4567; x_wconf 82' lang='grc' dir='ltr'>οὐρανίοις</span> 
     </span>
    </p>
   </div>
   <div class='ocr_carea' id='block_1_90' title="bbox 1907 4491 3508 4567">
    <p class='ocr_par' dir='ltr' id='par_1_90' title="bbox 1907 4492 3508 4564">
     <span class='ocr_line' id='line_1_90' title="bbox 1907 4492 3508 4564; baseline 0.001 -18"><span class='ocrx_word' id='word_1_712' title='bbox 1907 4525 1910 4546; x_wconf 78' lang='lat'>.</span> <span class='ocrx_word' id='word_1_713' title='bbox 1938 4503 2080 4549; x_wconf 82' lang='lat' dir='ltr'><strong>terra</strong></span> <span class='ocrx_word' id='word_1_714' title='bbox 2112 4493 2429 4564; x_wconf 79' lang='lat' dir='ltr'><strong>gignuntur,</strong></span> <span class='ocrx_word' id='word_1_715' title='bbox 2461 4501 2518 4546; x_wconf 91' lang='lat' dir='ltr'><strong>et</strong></span> <span class='ocrx_word' id='word_1_716' title='bbox 2554 4507 2697 4562; x_wconf 89' lang='lat' dir='ltr'><strong>aqua</strong></span> <span class='ocrx_word' id='word_1_717' title='bbox 2744 4492 2846 4546; x_wconf 83' lang='lat' dir='ltr'><strong>sub</strong></span> <span class='ocrx_word' id='word_1_718' title='bbox 2876 4506 3097 4547; x_wconf 88' lang='lat' dir='ltr'><strong>sensum</strong></span> <span class='ocrx_word' id='word_1_719' title='bbox 3122 4493 3356 4560; x_wconf 89' lang='lat' dir='ltr'><strong>cadens;</strong></span> <span class='ocrx_word' id='word_1_720' title='bbox 3391 4494 3508 4547; x_wconf 87' lang='lat' dir='ltr'><strong>ani-</strong></span> 
     </span>
    </p>
   </div>
   <div class='ocr_carea' id='block_1_91' title="bbox 243 4581 1844 4656">
    <p class='ocr_par' dir='ltr' id='par_1_91' title="bbox 243 4581 1828 4655">
     <span class='ocr_line' id='line_1_91' title="bbox 243 4581 1828 4655; baseline -0.001 -17"><span class='ocrx_word' id='word_1_721' title='bbox 243 4584 614 4655; x_wconf 83' lang='grc' dir='ltr'>ἁποτρέφεται</span> <span class='ocrx_word' id='word_1_722' title='bbox 653 4582 853 4650; x_wconf 79' lang='grc' dir='ltr'>λόγοις.</span> <span class='ocrx_word' id='word_1_723' title='bbox 891 4583 1061 4653; x_wconf 83' lang='grc' dir='ltr'>Νᾶμα</span> <span class='ocrx_word' id='word_1_724' title='bbox 1090 4581 1145 4635; x_wconf 84' lang='grc' dir='ltr'>δὲ</span> <span class='ocrx_word' id='word_1_725' title='bbox 1181 4582 1319 4653; x_wconf 80' lang='grc' dir='ltr'>αὐτῇ</span> <span class='ocrx_word' id='word_1_726' title='bbox 1347 4583 1409 4636; x_wconf 84' lang='grc' dir='ltr'>τὸ</span> <span class='ocrx_word' id='word_1_727' title='bbox 1439 4583 1828 4654; x_wconf 86' lang='grc' dir='ltr'>πνευματικὸν,</span> 
     </span>
    </p>
   </div>
   <div class='ocr_carea' id='block_1_92' title="bbox 1905 4581 3506 4656">
    <p class='ocr_par' dir='ltr' id='par_1_92' title="bbox 1939 4584 3506 4656">
     <span class='ocr_line' id='line_1_92' title="bbox 1939 4584 3506 4656; baseline 0.003 -18"><span class='ocrx_word' id='word_1_728' title='bbox 1939 4601 2065 4641; x_wconf 89' lang='lat' dir='ltr'><strong>mus</strong></span> <span class='ocrx_word' id='word_1_729' title='bbox 2110 4586 2344 4640; x_wconf 90' lang='lat' dir='ltr'><strong>hominis</strong></span> <span class='ocrx_word' id='word_1_730' title='bbox 2389 4584 2585 4639; x_wconf 87' lang='lat' dir='ltr'><strong>divinis</strong></span> <span class='ocrx_word' id='word_1_731' title='bbox 2626 4585 2968 4640; x_wconf 87' lang='lat' dir='ltr'><strong>sermonibus</strong></span> <span class='ocrx_word' id='word_1_732' title='bbox 3025 4585 3288 4652; x_wconf 88' lang='lat' dir='ltr'><strong>nutritur;</strong></span> <span class='ocrx_word' id='word_1_733' title='bbox 3355 4586 3506 4656; x_wconf 85' lang='lat' dir='ltr'><strong>cujus</strong></span> 
     </span>
    </p>
   </div>
   <div class='ocr_carea' id='block_1_93' title="bbox 247 4672 1848 4746">
    <p class='ocr_par' dir='ltr' id='par_1_93' title="bbox 247 4672 1829 4746">
     <span class='ocr_line' id='line_1_93' title="bbox 247 4672 1829 4746; baseline -0.001 -18"><span class='ocrx_word' id='word_1_734' title='bbox 247 4676 340 4729; x_wconf 63' lang='grc' dir='ltr'><strong>καὶ</strong></span> <span class='ocrx_word' id='word_1_735' title='bbox 373 4673 526 4745; x_wconf 78' lang='grc' dir='ltr'>πηγὴ</span> <span class='ocrx_word' id='word_1_736' title='bbox 552 4674 897 4746; x_wconf 84' lang='grc' dir='ltr'>κατάρδουσα</span> <span class='ocrx_word' id='word_1_737' title='bbox 926 4672 1130 4743; x_wconf 83' lang='grc' dir='ltr'>νοητῶς</span> <span class='ocrx_word' id='word_1_738' title='bbox 1163 4675 1195 4743; x_wconf 87' lang='grc' dir='ltr'>ή</span> <span class='ocrx_word' id='word_1_739' title='bbox 1235 4673 1588 4738; x_wconf 85' lang='grc' dir='ltr'>θεόπνευστος</span> <span class='ocrx_word' id='word_1_740' title='bbox 1617 4673 1829 4746; x_wconf 84' lang='grc' dir='ltr'>Γραφὴ,</span> 
     </span>
    </p>
   </div>
   <div class='ocr_carea' id='block_1_94' title="bbox 1908 4672 3509 4746">
    <p class='ocr_par' dir='ltr' id='par_1_94' title="bbox 1936 4673 3509 4743">
     <span class='ocr_line' id='line_1_94' title="bbox 1936 4673 3509 4743; baseline 0.001 -15"><span class='ocrx_word' id='word_1_741' title='bbox 1936 4673 2194 4729; x_wconf 81' lang='lat' dir='ltr'><strong>ﬂuentum</strong></span> <span class='ocrx_word' id='word_1_742' title='bbox 2221 4685 2302 4730; x_wconf 88' lang='lat' dir='ltr'><strong>est</strong></span> <span class='ocrx_word' id='word_1_743' title='bbox 2330 4674 2631 4743; x_wconf 87' lang='lat' dir='ltr'><strong>spirituale,</strong></span> <span class='ocrx_word' id='word_1_744' title='bbox 2670 4685 2726 4730; x_wconf 89' lang='lat' dir='ltr'><strong>et</strong></span> <span class='ocrx_word' id='word_1_745' title='bbox 2760 4674 2880 4730; x_wconf 89' lang='lat' dir='ltr'><strong>fons</strong></span> <span class='ocrx_word' id='word_1_746' title='bbox 2916 4674 3356 4730; x_wconf 82' lang='lat' dir='ltr'><strong>intellectualiter</strong></span> <span class='ocrx_word' id='word_1_747' title='bbox 3384 4676 3509 4731; x_wconf 89' lang='lat' dir='ltr'><strong>irri-</strong></span> 
     </span>
    </p>
   </div>
   <div class='ocr_carea' id='block_1_95' title="bbox 247 4760 1848 4838">
    <p class='ocr_par' dir='ltr' id='par_1_95' title="bbox 247 4763 1832 4834">
     <span class='ocr_line' id='line_1_95' title="bbox 247 4763 1832 4834; baseline 0 -17"><span class='ocrx_word' id='word_1_748' title='bbox 247 4765 304 4817; x_wconf 83' lang='grc' dir='ltr'><strong>τὸ</strong></span> <span class='ocrx_word' id='word_1_749' title='bbox 328 4763 423 4817; x_wconf 90' lang='grc' dir='ltr'><strong>τοῦ</strong></span> <span class='ocrx_word' id='word_1_750' title='bbox 454 4763 693 4834; x_wconf 80' lang='grc' dir='ltr'>Χριστοῦ</span> <span class='ocrx_word' id='word_1_751' title='bbox 714 4763 948 4816; x_wconf 87' lang='grc' dir='ltr'>λαλοῦσα</span> <span class='ocrx_word' id='word_1_752' title='bbox 975 4763 1293 4834; x_wconf 82' lang='grc' dir='ltr'>μυστήριον.</span> <span class='ocrx_word' id='word_1_753' title='bbox 1314 4764 1452 4817; x_wconf 85' lang='grc' dir='ltr'>Ἀλλ’</span> <span class='ocrx_word' id='word_1_754' title='bbox 1479 4763 1626 4816; x_wconf 87' lang='grc' dir='ltr'>ῶσπε</span> <span class='ocrx_word' id='word_1_755' title='bbox 1635 4781 1668 4834; x_wconf 90' lang='grc' dir='ltr'><strong>ρ</strong></span> <span class='ocrx_word' id='word_1_756' title='bbox 1687 4765 1832 4817; x_wconf 82' lang='grc' dir='ltr'>ὀδόν-</span> 
     </span>
    </p>
   </div>
   <div class='ocr_carea' id='block_1_96' title="bbox 1907 4760 3508 4838">
    <p class='ocr_par' dir='ltr' id='par_1_96' title="bbox 1935 4760 3508 4838">
     <span class='ocr_line' id='line_1_96' title="bbox 1935 4760 3508 4838; baseline 0.001 -18"><span class='ocrx_word' id='word_1_757' title='bbox 1935 4783 2088 4838; x_wconf 76' lang='lat' dir='ltr'><strong>gans,</strong></span> <span class='ocrx_word' id='word_1_758' title='bbox 2115 4768 2375 4821; x_wconf 86' lang='lat' dir='ltr'><strong>divinitus</strong></span> <span class='ocrx_word' id='word_1_759' title='bbox 2419 4768 2682 4835; x_wconf 89' lang='lat' dir='ltr'><strong>inspirata</strong></span> <span class='ocrx_word' id='word_1_760' title='bbox 2732 4760 3034 4835; x_wconf 87' lang='lat' dir='ltr'><strong>Scriptura,</strong></span> <span class='ocrx_word' id='word_1_761' title='bbox 3067 4767 3270 4822; x_wconf 87' lang='lat' dir='ltr'><strong>Christi</strong></span> <span class='ocrx_word' id='word_1_762' title='bbox 3307 4777 3508 4837; x_wconf 84' lang='lat' dir='ltr'><strong>myste-</strong></span> 
     </span>
    </p>
   </div>
   <div class='ocr_carea' id='block_1_97' title="bbox 244 4853 1845 4926">
    <p class='ocr_par' dir='ltr' id='par_1_97' title="bbox 244 4853 1831 4926">
     <span class='ocr_line' id='line_1_97' title="bbox 244 4853 1831 4926; baseline 0 -18"><span class='ocrx_word' id='word_1_763' title='bbox 244 4873 334 4918; x_wconf 88' lang='grc' dir='ltr'><strong>τες</strong></span> <span class='ocrx_word' id='word_1_764' title='bbox 365 4857 413 4908; x_wconf 85' lang='grc' dir='ltr'><strong>εί</strong></span> <span class='ocrx_word' id='word_1_765' title='bbox 448 4855 670 4908; x_wconf 85' lang='grc' dir='ltr'>πάθοιεν</span> <span class='ocrx_word' id='word_1_766' title='bbox 698 4855 788 4908; x_wconf 81' lang='grc' dir='ltr'>τὸν</span> <span class='ocrx_word' id='word_1_767' title='bbox 816 4854 1188 4926; x_wconf 82' lang='grc' dir='ltr'>γομφιασμὸν,</span> <span class='ocrx_word' id='word_1_768' title='bbox 1213 4853 1595 4926; x_wconf 88' lang='grc' dir='ltr'>άδρανέστεροί</span> <span class='ocrx_word' id='word_1_769' title='bbox 1625 4873 1742 4918; x_wconf 88' lang='grc' dir='ltr'><strong>πως</strong></span> <span class='ocrx_word' id='word_1_770' title='bbox 1764 4854 1831 4909; x_wconf 83' lang='grc' dir='ltr'><strong>ἂν</strong></span> 
     </span>
    </p>
   </div>
   <div class='ocr_carea' id='block_1_98' title="bbox 1901 4853 3502 4926">
    <p class='ocr_par' dir='ltr' id='par_1_98' title="bbox 1937 4855 3502 4924">
     <span class='ocr_line' id='line_1_98' title="bbox 1937 4855 3502 4924; baseline 0.001 -14"><span class='ocrx_word' id='word_1_771' title='bbox 1937 4859 2073 4910; x_wconf 89' lang='lat' dir='ltr'><strong>rium</strong></span> <span class='ocrx_word' id='word_1_772' title='bbox 2099 4857 2395 4912; x_wconf 87' lang='lat' dir='ltr'><strong>disserens.</strong></span> <span class='ocrx_word' id='word_1_773' title='bbox 2454 4855 2558 4911; x_wconf 87' lang='lat' dir='ltr'><strong>Sed</strong></span> <span class='ocrx_word' id='word_1_774' title='bbox 2614 4857 3072 4924; x_wconf 87' lang='lat' dir='ltr'><strong>quemadmodum</strong></span> <span class='ocrx_word' id='word_1_775' title='bbox 3130 4860 3340 4920; x_wconf 72' lang='lat' dir='ltr'><strong>dentes,</strong></span> <span class='ocrx_word' id='word_1_776' title='bbox 3381 4872 3502 4911; x_wconf 92' lang='lat' dir='ltr'><strong>cum</strong></span> 
     </span>
    </p>
   </div>
   <div class='ocr_carea' id='block_1_99' title="bbox 245 4944 1846 5019">
    <p class='ocr_par' dir='ltr' id='par_1_99' title="bbox 245 4944 1832 5017">
     <span class='ocr_line' id='line_1_99' title="bbox 245 4944 1832 5017; baseline 0 -18"><span class='ocrx_word' id='word_1_777' title='bbox 245 4945 355 4999; x_wconf 81' lang='grc' dir='ltr'>εἷεν</span> <span class='ocrx_word' id='word_1_778' title='bbox 390 4945 470 5009; x_wconf 83' lang='grc' dir='ltr'><strong>είς</strong></span> <span class='ocrx_word' id='word_1_779' title='bbox 500 4962 560 5014; x_wconf 91' lang='grc' dir='ltr'><strong>γε</strong></span> <span class='ocrx_word' id='word_1_780' title='bbox 595 4944 657 4998; x_wconf 84' lang='grc' dir='ltr'>τὸ</span> <span class='ocrx_word' id='word_1_781' title='bbox 680 4945 937 5000; x_wconf 84' lang='grc' dir='ltr'>δύνασθαι</span> <span class='ocrx_word' id='word_1_782' title='bbox 976 4946 1400 5017; x_wconf 84' lang='grc' dir='ltr'>καταμασᾶσθαί</span> <span class='ocrx_word' id='word_1_783' title='bbox 1428 4964 1503 5011; x_wconf 91' lang='grc' dir='ltr'><strong>τι,</strong></span> <span class='ocrx_word' id='word_1_784' title='bbox 1534 4947 1628 5000; x_wconf 78' lang='grc' dir='ltr'><strong>καὶ</strong></span> <span class='ocrx_word' id='word_1_785' title='bbox 1661 4963 1832 4999; x_wconf 83' lang='grc' dir='ltr'>κατα-</span> 
     </span>
    </p>
   </div>
   <div class='ocr_carea' id='block_1_100' title="bbox 1905 4944 3506 5019">
    <p class='ocr_par' dir='ltr' id='par_1_100' title="bbox 1934 4947 3506 5019">
     <span class='ocr_line' id='line_1_100' title="bbox 1934 4947 3506 5019; baseline -0.001 -15"><span class='ocrx_word' id='word_1_786' title='bbox 1934 4949 2354 5019; x_wconf 89' lang='lat' dir='ltr'><strong>obstupuerunt,</strong></span> <span class='ocrx_word' id='word_1_787' title='bbox 2382 4947 2768 5002; x_wconf 86' lang='lat' dir='ltr'><strong>imbecilliores</strong></span> <span class='ocrx_word' id='word_1_788' title='bbox 2794 4948 2950 5012; x_wconf 86' lang='lat' dir='ltr'><strong>ﬁunt,</strong></span> <span class='ocrx_word' id='word_1_789' title='bbox 2983 4961 3142 5015; x_wconf 86' lang='lat' dir='ltr'><strong>quam</strong></span> <span class='ocrx_word' id='word_1_790' title='bbox 3167 4957 3226 5001; x_wconf 93' lang='lat' dir='ltr'><strong>ut</strong></span> <span class='ocrx_word' id='word_1_791' title='bbox 3248 4947 3506 5003; x_wconf 86' lang='lat' dir='ltr'><strong>mandere</strong></span> 
     </span>
    </p>
   </div>
   <div class='ocr_carea' id='block_1_101' title="bbox 245 5037 1846 5111">
    <p class='ocr_par' dir='ltr' id='par_1_101' title="bbox 245 5037 1835 5109">
     <span class='ocr_line' id='line_1_101' title="bbox 245 5037 1835 5109; baseline -0.001 -19"><span class='ocrx_word' id='word_1_792' title='bbox 245 5038 478 5092; x_wconf 69' lang='grc' dir='ltr'>λεαίνειν</span> <span class='ocrx_word' id='word_1_793' title='bbox 505 5037 713 5106; x_wconf 77' lang='grc' dir='ltr'>τροφήν</span> <span class='ocrx_word' id='word_1_794' title='bbox 733 5053 747 5066; x_wconf 89' lang='grc'><strong>·</strong></span> <span class='ocrx_word' id='word_1_795' title='bbox 775 5037 948 5100; x_wconf 74' lang='grc' dir='ltr'>οὕτως</span> <span class='ocrx_word' id='word_1_796' title='bbox 980 5037 1073 5091; x_wconf 70' lang='grc' dir='ltr'><strong>καὶ</strong></span> <span class='ocrx_word' id='word_1_797' title='bbox 1104 5037 1445 5109; x_wconf 86' lang='grc' dir='ltr'>ἀνθρώπινος</span> <span class='ocrx_word' id='word_1_798' title='bbox 1465 5037 1590 5102; x_wconf 90' lang='grc' dir='ltr'>νοῦς</span> <span class='ocrx_word' id='word_1_799' title='bbox 1615 5037 1835 5092; x_wconf 87' lang='grc' dir='ltr'>κατολι-</span> 
     </span>
    </p>
   </div>
   <div class='ocr_carea' id='block_1_102' title="bbox 1904 5037 3505 5111">
    <p class='ocr_par' dir='ltr' id='par_1_102' title="bbox 1931 5041 3505 5111">
     <span class='ocr_line' id='line_1_102' title="bbox 1931 5041 3505 5111; baseline 0.001 -17"><span class='ocrx_word' id='word_1_800' title='bbox 1931 5043 2204 5111; x_wconf 87' lang='lat' dir='ltr'><strong>quidpiam</strong></span> <span class='ocrx_word' id='word_1_801' title='bbox 2241 5051 2294 5095; x_wconf 90' lang='lat' dir='ltr'><strong>et</strong></span> <span class='ocrx_word' id='word_1_802' title='bbox 2326 5042 2503 5095; x_wconf 87' lang='lat' dir='ltr'><strong>cibum</strong></span> <span class='ocrx_word' id='word_1_803' title='bbox 2528 5041 2853 5096; x_wconf 90' lang='lat' dir='ltr'><strong>commolere</strong></span> <span class='ocrx_word' id='word_1_804' title='bbox 2885 5051 3114 5106; x_wconf 82' lang='lat' dir='ltr'><strong>queant;</strong></span> <span class='ocrx_word' id='word_1_805' title='bbox 3151 5041 3230 5096; x_wconf 91' lang='lat' dir='ltr'><strong>sic</strong></span> <span class='ocrx_word' id='word_1_806' title='bbox 3263 5050 3318 5094; x_wconf 92' lang='lat' dir='ltr'><strong>et</strong></span> <span class='ocrx_word' id='word_1_807' title='bbox 3355 5057 3505 5096; x_wconf 86' lang='lat' dir='ltr'><strong>mens</strong></span> 
     </span>
    </p>
   </div>
   <div class='ocr_carea' id='block_1_103' title="bbox 248 5129 1849 5205">
    <p class='ocr_par' dir='ltr' id='par_1_103' title="bbox 248 5132 1837 5205">
     <span class='ocr_line' id='line_1_103' title="bbox 248 5132 1837 5205; baseline -0.003 -18"><span class='ocrx_word' id='word_1_808' title='bbox 248 5135 456 5204; x_wconf 86' lang='grc' dir='ltr'>σθήσας</span> <span class='ocrx_word' id='word_1_809' title='bbox 477 5133 570 5185; x_wconf 76' lang='grc' dir='ltr'><strong>ἐπὶ</strong></span> <span class='ocrx_word' id='word_1_810' title='bbox 597 5133 656 5185; x_wconf 86' lang='grc' dir='ltr'><strong>τὸ</strong></span> <span class='ocrx_word' id='word_1_811' title='bbox 680 5132 893 5196; x_wconf 85' lang='grc' dir='ltr'>ἄναλκι,</span> <span class='ocrx_word' id='word_1_812' title='bbox 921 5134 1014 5186; x_wconf 71' lang='grc' dir='ltr'>καὶ</span> <span class='ocrx_word' id='word_1_813' title='bbox 1035 5133 1096 5186; x_wconf 82' lang='grc' dir='ltr'><strong>τὸ</strong></span> <span class='ocrx_word' id='word_1_814' title='bbox 1119 5133 1218 5203; x_wconf 81' lang='grc' dir='ltr'>τῆς</span> <span class='ocrx_word' id='word_1_815' title='bbox 1240 5134 1470 5197; x_wconf 85' lang='grc' dir='ltr'>νωθείας</span> <span class='ocrx_word' id='word_1_816' title='bbox 1493 5132 1750 5205; x_wconf 79' lang='grc' dir='ltr'>ἀρῤώστη</span> <span class='ocrx_word' id='word_1_817' title='bbox 1761 5147 1837 5202; x_wconf 92' lang='grc' dir='ltr'><strong>μα</strong></span> 
     </span>
    </p>
   </div>
   <div class='ocr_carea' id='block_1_104' title="bbox 1905 5129 3506 5205">
    <p class='ocr_par' dir='ltr' id='par_1_104' title="bbox 1933 5129 3506 5199">
     <span class='ocr_line' id='line_1_104' title="bbox 1933 5129 3506 5199; baseline 0.001 -15"><span class='ocrx_word' id='word_1_818' title='bbox 1933 5132 2168 5185; x_wconf 85' lang='lat' dir='ltr'><strong>humana</strong></span> <span class='ocrx_word' id='word_1_819' title='bbox 2201 5129 2252 5183; x_wconf 91' lang='lat' dir='ltr'><strong>in</strong></span> <span class='ocrx_word' id='word_1_820' title='bbox 2286 5130 2654 5189; x_wconf 79' lang='lat' dir='ltr'><strong>infirmitatem</strong></span> <span class='ocrx_word' id='word_1_821' title='bbox 2700 5129 2916 5198; x_wconf 84' lang='lat' dir='ltr'><strong>delapsa</strong></span> <span class='ocrx_word' id='word_1_822' title='bbox 2959 5143 3016 5183; x_wconf 91' lang='lat' dir='ltr'><strong>et</strong></span> <span class='ocrx_word' id='word_1_823' title='bbox 3040 5130 3270 5199; x_wconf 69' lang='lat' dir='ltr'><strong>pigritiae</strong></span> <span class='ocrx_word' id='word_1_824' title='bbox 3318 5132 3506 5185; x_wconf 89' lang='lat' dir='ltr'><strong>morbo</strong></span> 
     </span>
    </p>
   </div>
   <div class='ocr_carea' id='block_1_105' title="bbox 247 5213 1848 5295">
    <p class='ocr_par' dir='ltr' id='par_1_105' title="bbox 247 5221 1836 5295">
     <span class='ocr_line' id='line_1_105' title="bbox 247 5221 1836 5295; baseline -0.001 -19"><span class='ocrx_word' id='word_1_825' title='bbox 247 5223 458 5288; x_wconf 77' lang='grc' dir='ltr'>παθὼν,</span> <span class='ocrx_word' id='word_1_826' title='bbox 495 5222 596 5276; x_wconf 86' lang='grc' dir='ltr'><strong>οὐκ</strong></span> <span class='ocrx_word' id='word_1_827' title='bbox 642 5221 708 5276; x_wconf 84' lang='grc' dir='ltr'><strong>ἂν</strong></span> <span class='ocrx_word' id='word_1_828' title='bbox 742 5221 956 5276; x_wconf 81' lang='grc' dir='ltr'>δύναιτο</span> <span class='ocrx_word' id='word_1_829' title='bbox 999 5223 1098 5292; x_wconf 80' lang='grc' dir='ltr'>τῆς</span> <span class='ocrx_word' id='word_1_830' title='bbox 1137 5226 1508 5295; x_wconf 85' lang='grc' dir='ltr'>πνευματικῆς</span> <span class='ocrx_word' id='word_1_831' title='bbox 1552 5222 1836 5290; x_wconf 85' lang='grc' dir='ltr'>ἐφικέσθαι</span> 
     </span>
    </p>
   </div>
   <div class='ocr_carea' id='block_1_106' title="bbox 1894 5213 3495 5295">
    <p class='ocr_par' dir='ltr' id='par_1_106' title="bbox 1933 5213 3495 5290">
     <span class='ocr_line' id='line_1_106' title="bbox 1933 5213 3495 5290; baseline -0.002 -12"><span class='ocrx_word' id='word_1_832' title='bbox 1933 5232 2202 5290; x_wconf 88' lang='lat' dir='ltr'><strong>correpta,</strong></span> <span class='ocrx_word' id='word_1_833' title='bbox 2246 5223 2313 5275; x_wconf 90' lang='lat' dir='ltr'><strong>ad</strong></span> <span class='ocrx_word' id='word_1_834' title='bbox 2362 5213 2696 5290; x_wconf 78' lang='lat' dir='ltr'><strong>spiritualém</strong></span> <span class='ocrx_word' id='word_1_835' title='bbox 2753 5219 3116 5289; x_wconf 79' lang='lat' dir='ltr'><strong>cognitionem</strong></span> <span class='ocrx_word' id='word_1_836' title='bbox 3166 5222 3495 5290; x_wconf 82' lang='lat' dir='ltr'><strong>pertingere,</strong></span> 
     </span>
    </p>
   </div>
   <div class='ocr_carea' id='block_1_107' title="bbox 247 5310 1848 5386">
    <p class='ocr_par' dir='ltr' id='par_1_107' title="bbox 247 5314 1825 5386">
     <span class='ocr_line' id='line_1_107' title="bbox 247 5314 1825 5386; baseline -0.003 -17"><span class='ocrx_word' id='word_1_837' title='bbox 247 5315 522 5384; x_wconf 85' lang='grc' dir='ltr'>γνώσεως,</span> <span class='ocrx_word' id='word_1_838' title='bbox 553 5314 646 5369; x_wconf 84' lang='grc' dir='ltr'><strong>καί</strong></span> <span class='ocrx_word' id='word_1_839' title='bbox 677 5333 730 5368; x_wconf 90' lang='grc' dir='ltr'><strong>τι</strong></span> <span class='ocrx_word' id='word_1_840' title='bbox 759 5314 868 5367; x_wconf 83' lang='grc' dir='ltr'><strong>τῶν</strong></span> <span class='ocrx_word' id='word_1_841' title='bbox 907 5315 964 5366; x_wconf 82' lang='grc' dir='ltr'><strong>ὲν</strong></span> <span class='ocrx_word' id='word_1_842' title='bbox 997 5314 1250 5386; x_wconf 87' lang='grc' dir='ltr'>θεωρίαις</span> <span class='ocrx_word' id='word_1_843' title='bbox 1284 5320 1406 5378; x_wconf 88' lang='grc' dir='ltr'>ταῖς</span> <span class='ocrx_word' id='word_1_844' title='bbox 1445 5316 1584 5382; x_wconf 82' lang='grc' dir='ltr'>ἄγαν</span> <span class='ocrx_word' id='word_1_845' title='bbox 1618 5317 1825 5382; x_wconf 86' lang='grc' dir='ltr'>ίσχναῖς</span> 
     </span>
    </p>
   </div>
   <div class='ocr_carea' id='block_1_108' title="bbox 1902 5310 3503 5386">
    <p class='ocr_par' dir='ltr' id='par_1_108' title="bbox 1932 5310 3503 5380">
     <span class='ocr_line' id='line_1_108' title="bbox 1932 5310 3503 5380; baseline -0.003 -11"><span class='ocrx_word' id='word_1_846' title='bbox 1932 5325 1985 5369; x_wconf 89' lang='lat' dir='ltr'><strong>et</strong></span> <span class='ocrx_word' id='word_1_847' title='bbox 2002 5331 2067 5369; x_wconf 81' lang='lat' dir='ltr'><strong>ex</strong></span> <span class='ocrx_word' id='word_1_848' title='bbox 2091 5312 2312 5368; x_wconf 88' lang='lat' dir='ltr'><strong>theoriis</strong></span> <span class='ocrx_word' id='word_1_849' title='bbox 2331 5313 2483 5366; x_wconf 87' lang='lat' dir='ltr'><strong>valde</strong></span> <span class='ocrx_word' id='word_1_850' title='bbox 2498 5311 2781 5366; x_wconf 89' lang='lat' dir='ltr'><strong>subtilibus</strong></span> <span class='ocrx_word' id='word_1_851' title='bbox 2798 5312 2863 5363; x_wconf 88' lang='lat' dir='ltr'><strong>ad</strong></span> <span class='ocrx_word' id='word_1_852' title='bbox 2881 5310 3286 5364; x_wconf 86' lang='lat' dir='ltr'><strong>concoctionem</strong></span> <span class='ocrx_word' id='word_1_853' title='bbox 3305 5311 3503 5380; x_wconf 84' lang='lat' dir='ltr'><strong>aliquid</strong></span> 
     </span>
    </p>
   </div>
   <div class='ocr_carea' id='block_1_109' title="bbox 248 5402 1849 5476">
    <p class='ocr_par' dir='ltr' id='par_1_109' title="bbox 248 5402 1829 5476">
     <span class='ocr_line' id='line_1_109' title="bbox 248 5402 1829 5476; baseline 0 -20"><span class='ocrx_word' id='word_1_854' title='bbox 248 5406 325 5468; x_wconf 86' lang='grc' dir='ltr'><strong>είς</strong></span> <span class='ocrx_word' id='word_1_855' title='bbox 376 5403 538 5474; x_wconf 75' lang='grc' dir='ltr'>πέψιν</span> <span class='ocrx_word' id='word_1_856' title='bbox 593 5404 754 5458; x_wconf 87' lang='grc' dir='ltr'>ἐλεῖν.</span> <span class='ocrx_word' id='word_1_857' title='bbox 774 5402 1082 5474; x_wconf 83' lang='grc' dir='ltr'>Ἐπαχύνθη</span> <span class='ocrx_word' id='word_1_858' title='bbox 1114 5403 1403 5476; x_wconf 80' lang='grc' dir='ltr'>τοιγαροῦν</span> <span class='ocrx_word' id='word_1_859' title='bbox 1433 5407 1466 5472; x_wconf 83' lang='grc' dir='ltr'>ἡ</span> <span class='ocrx_word' id='word_1_860' title='bbox 1505 5403 1703 5474; x_wconf 87' lang='grc' dir='ltr'>καρδία</span> <span class='ocrx_word' id='word_1_861' title='bbox 1734 5403 1829 5456; x_wconf 88' lang='grc' dir='ltr'><strong>τοῦ</strong></span> 
     </span>
    </p>
   </div>
   <div class='ocr_carea' id='block_1_110' title="bbox 1902 5402 3503 5476">
    <p class='ocr_par' dir='ltr' id='par_1_110' title="bbox 1931 5403 3503 5476">
     <span class='ocr_line' id='line_1_110' title="bbox 1931 5403 3503 5476; baseline -0.003 -14"><span class='ocrx_word' id='word_1_862' title='bbox 1931 5420 2127 5476; x_wconf 83' lang='lat' dir='ltr'><strong>capere</strong></span> <span class='ocrx_word' id='word_1_863' title='bbox 2153 5419 2258 5458; x_wconf 92' lang='lat' dir='ltr'><strong>non</strong></span> <span class='ocrx_word' id='word_1_864' title='bbox 2277 5405 2494 5472; x_wconf 86' lang='lat' dir='ltr'><strong>poterit.</strong></span> <span class='ocrx_word' id='word_1_865' title='bbox 2521 5403 2879 5457; x_wconf 83' lang='lat' dir='ltr'><strong>lncrassatum</strong></span> <span class='ocrx_word' id='word_1_866' title='bbox 2904 5409 2984 5454; x_wconf 91' lang='lat' dir='ltr'><strong>est</strong></span> <span class='ocrx_word' id='word_1_867' title='bbox 3017 5415 3147 5470; x_wconf 81' lang='lat' dir='ltr'><strong>ergo</strong></span> <span class='ocrx_word' id='word_1_868' title='bbox 3175 5417 3270 5456; x_wconf 90' lang='lat' dir='ltr'><strong>cor</strong></span> <span class='ocrx_word' id='word_1_869' title='bbox 3300 5404 3503 5470; x_wconf 83' lang='lat' dir='ltr'><strong>Israel;</strong></span> 
     </span>
    </p>
   </div>
   <div class='ocr_carea' id='block_1_111' title="bbox 259 5489 1860 5565">
    <p class='ocr_par' dir='ltr' id='par_1_111' title="bbox 259 5493 1826 5565">
     <span class='ocr_line' id='line_1_111' title="bbox 259 5493 1826 5565; baseline 0.002 -19"><span class='ocrx_word' id='word_1_870' title='bbox 259 5493 494 5565; x_wconf 80' lang='grc' dir='ltr'>Ἰσραὴλ,</span> <span class='ocrx_word' id='word_1_871' title='bbox 527 5494 728 5564; x_wconf 81' lang='grc' dir='ltr'>συνῆκε</span> <span class='ocrx_word' id='word_1_872' title='bbox 751 5493 861 5564; x_wconf 79' lang='grc' dir='ltr'>γὰρ</span> <span class='ocrx_word' id='word_1_873' title='bbox 888 5493 1138 5564; x_wconf 75' lang='grc' dir='ltr'>οὐδαμῶς</span> <span class='ocrx_word' id='word_1_874' title='bbox 1167 5496 1226 5547; x_wconf 78' lang='grc' dir='ltr'><strong>τὸ</strong></span> <span class='ocrx_word' id='word_1_875' title='bbox 1246 5493 1483 5564; x_wconf 88' lang='grc' dir='ltr'>Χριστοῦ</span> <span class='ocrx_word' id='word_1_876' title='bbox 1511 5493 1826 5563; x_wconf 89' lang='grc' dir='ltr'>μυστήριον.</span> 
     </span>
    </p>
   </div>
   <div class='ocr_carea' id='block_1_112' title="bbox 1903 5489 3504 5565">
    <p class='ocr_par' dir='ltr' id='par_1_112' title="bbox 1932 5489 3504 5562">
     <span class='ocr_line' id='line_1_112' title="bbox 1932 5489 3504 5562; baseline -0.004 -12"><span class='ocrx_word' id='word_1_877' title='bbox 1932 5494 2244 5562; x_wconf 83' lang='lat' dir='ltr'><strong>neutiquam</strong></span> <span class='ocrx_word' id='word_1_878' title='bbox 2272 5493 2414 5546; x_wconf 89' lang='lat' dir='ltr'><strong>enim</strong></span> <span class='ocrx_word' id='word_1_879' title='bbox 2468 5491 2666 5546; x_wconf 88' lang='lat' dir='ltr'><strong>Christi</strong></span> <span class='ocrx_word' id='word_1_880' title='bbox 2719 5489 3032 5558; x_wconf 88' lang='lat' dir='ltr'><strong>mysterium</strong></span> <span class='ocrx_word' id='word_1_881' title='bbox 3071 5490 3353 5558; x_wconf 86' lang='lat' dir='ltr'><strong>intellexit,</strong></span> <span class='ocrx_word' id='word_1_882' title='bbox 3382 5492 3504 5546; x_wconf 91' lang='lat' dir='ltr'><strong>ideo</strong></span> 
     </span>
    </p>
   </div>
   <div class='ocr_carea' id='block_1_113' title="bbox 250 5567 1851 5655">
    <p class='ocr_par' dir='ltr' id='par_1_113' title="bbox 250 5583 1832 5655">
     <span class='ocr_line' id='line_1_113' title="bbox 250 5583 1832 5655; baseline -0.001 -17"><span class='ocrx_word' id='word_1_883' title='bbox 250 5583 520 5653; x_wconf 75' lang='grc' dir='ltr'>Ταύτητοι</span> <span class='ocrx_word' id='word_1_884' title='bbox 541 5585 634 5638; x_wconf 80' lang='grc' dir='ltr'>καὶ</span> <span class='ocrx_word' id='word_1_885' title='bbox 661 5584 865 5638; x_wconf 77' lang='grc' dir='ltr'>ἔνδειαν</span> <span class='ocrx_word' id='word_1_886' title='bbox 897 5583 1077 5653; x_wconf 80' lang='grc' dir='ltr'>ἄρτων</span> <span class='ocrx_word' id='word_1_887' title='bbox 1108 5586 1374 5655; x_wconf 78' lang='grc' dir='ltr'>ἐσχήκασι</span> <span class='ocrx_word' id='word_1_888' title='bbox 1401 5583 1508 5636; x_wconf 87' lang='grc' dir='ltr'><strong>τῶν</strong></span> <span class='ocrx_word' id='word_1_889' title='bbox 1537 5599 1832 5653; x_wconf 66' lang='grc' dir='ltr'>πνευματια-</span> 
     </span>
    </p>
   </div>
   <div class='ocr_carea' id='block_1_114' title="bbox 1902 5567 3503 5655">
    <p class='ocr_par' dir='ltr' id='par_1_114' title="bbox 1933 5567 3503 5653">
     <span class='ocr_line' id='line_1_114' title="bbox 1933 5567 3503 5653; baseline -0.004 -15"><span class='ocrx_word' id='word_1_890' title='bbox 1933 5580 2300 5653; x_wconf 78' lang='lat' dir='ltr'><strong>etimligentia</strong></span> <span class='ocrx_word' id='word_1_891' title='bbox 2350 5567 2549 5653; x_wconf 85' lang='lat' dir='ltr'><strong>panum</strong></span> <span class='ocrx_word' id='word_1_892' title='bbox 2605 5576 2966 5648; x_wconf 85' lang='lat' dir='ltr'><strong>spiritualium</strong></span> <span class='ocrx_word' id='word_1_893' title='bbox 3011 5590 3062 5636; x_wconf 91' lang='lat' dir='ltr'><strong>et</strong></span> <span class='ocrx_word' id='word_1_894' title='bbox 3099 5595 3251 5651; x_wconf 74' lang='lat' dir='ltr'><strong>aqute</strong></span> <span class='ocrx_word' id='word_1_895' title='bbox 3277 5579 3503 5651; x_wconf 86' lang='lat' dir='ltr'><strong>penuria</strong></span> 
     </span>
    </p>
   </div>
   <div class='ocr_carea' id='block_1_115' title="bbox 324 5754 1896 5825">
    <p class='ocr_par' dir='ltr' id='par_1_115' title="bbox 324 5754 1896 5825">
     <span class='ocr_line' id='line_1_115' title="bbox 324 5754 1896 5825; baseline 0 -11"><span class='ocrx_word' id='word_1_896' title='bbox 324 5762 366 5794; x_wconf 70' lang='grc'><strong>⁵⁸</strong></span> <span class='ocrx_word' id='word_1_897' title='bbox 391 5757 506 5814; x_wconf 74' lang='lat' dir='ltr'><strong>Jac.</strong></span> <span class='ocrx_word' id='word_1_898' title='bbox 538 5772 589 5820; x_wconf 74' lang='grc' dir='ltr'><strong>ν,</strong></span> <span class='ocrx_word' id='word_1_899' title='bbox 626 5757 712 5810; x_wconf 81' lang='lat' dir='ltr'><strong>l7.</strong></span> <span class='ocrx_word' id='word_1_900' title='bbox 793 5757 835 5789; x_wconf 88' lang='grc'>¹⁷</span> <span class='ocrx_word' id='word_1_901' title='bbox 861 5755 928 5810; x_wconf 79' lang='lat' dir='ltr'><strong>lV</strong></span> <span class='ocrx_word' id='word_1_902' title='bbox 960 5754 1090 5825; x_wconf 80' lang='lat' dir='ltr'><strong>Reg.</strong></span> <span class='ocrx_word' id='word_1_903' title='bbox 1129 5772 1205 5822; x_wconf 70' lang='grc' dir='ltr'>γι,</span> <span class='ocrx_word' id='word_1_904' title='bbox 1233 5757 1327 5814; x_wconf 70' lang='lat'><strong>95.</strong></span> <span class='ocrx_word' id='word_1_905' title='bbox 1405 5755 1576 5814; x_wconf 68' lang='lat' dir='ltr'><strong>&quot;Jer.</strong></span> <span class='ocrx_word' id='word_1_906' title='bbox 1613 5773 1725 5823; x_wconf 85' lang='lat' dir='ltr'><strong>xlv,</strong></span> <span class='ocrx_word' id='word_1_907' title='bbox 1752 5757 1807 5825; x_wconf 74' lang='lat'><strong>9.,</strong></span> <span class='ocrx_word' id='word_1_908' title='bbox 1842 5760 1896 5814; x_wconf 83' lang='lat'><strong>5.</strong></span> 
     </span>
    </p>
   </div>
  </div>
