4054 6274
501 337 613 396 ιδδ

1533 323 1594 377 S.
1636 320 1912 379 CYRILLI
1956 319 2428 376 ALEXANDBINI
2469 317 2792 376 ARCHIEP.

3679 318 3796 372 48's

506 451 843 517 laborarunt,
885 443 1140 516 quoniam
1194 451 1300 493 non
1348 438 1655 492 habuerunt
1711 437 1944 493 Verbum
1991 451 2089 490 nu—

2218 435 2325 499 τῶν,
2358 434 2452 488 καὶ
2483 433 2671 496 ὓδατος
2695 431 2915 495 σπάνιν,
2937 429 3057 483 ἐπεὶ
3086 429 3159 500 μή
3185 428 3368 499 έχουσι
3396 430 3489 484 τὸν
3508 428 3799 501 τρέφοντα

510 541 716 604 triens,
753 555 774 590 ι
814 535 958 607 quod
1011 534 1080 587 de
1126 531 1264 585 caelo
1326 527 1623 591 descendit,
1673 535 1728 582 et
1771 527 1863 580 dat
1924 526 2087 579 vitam

511 633 712 688 mundo
749 630 815 695 ὀ,
858 645 879 679 ι
916 624 1060 694 quod
1107 621 1279 693 gratia
1340 618 1577 689 Spiritus
1640 619 1852 674 animas
1880 619 2089 686 irrigat,

511 724 716 778 fontem
747 719 930 772 vivum
961 729 1027 769 ex
1062 711 1176 768 Deo
1234 710 1398 765 Patre
1455 709 1672 774 Filium,
1707 723 1804 778 per
1839 709 2007 778 legem
2040 716 2094 762 et

511 818 802 887 prophetas
824 812 1102 869 solatium.
1149 808 1315 873 Nam,
1350 817 1405 862 ut
1431 806 1598 860 Isaias
1618 804 1693 857 ait
1728 819 1742 855 :
1779 799 2094 871 (Mandavit

512 908 748 962 nubibus
784 904 1036 973 desuper,
1077 914 1146 954 ne
1169 898 1358 970 pluant
1393 909 1556 966 super
1583 909 1678 951 eos
1705 891 1931 948 imbrem
1965 889 2030 944 ³ο.
2068 905 2087 939 ι

587 1085 750 1140 Vens.
777 1082 829 1148 9,
861 1080 948 1136 l0.
985 1078 1233 1134 Percussi
1267 1093 1357 1131 vos
1389 1077 1466 1130 εἰη
1512 1072 1888 1136 combustione,
1943 1079 1990 1124 et
2041 1069 2095 1122 in

513 1180 699 1234 ictero.
731 1174 1129 1242 Multiplicastis
1158 1173 1337 1224 hortos
1357 1178 1575 1231 vestros,
1598 1177 1644 1219 et
1673 1166 1850 1218 vineas
1877 1174 2095 1224 vestras,

514 1277 562 1320 et
594 1266 750 1335 βοείη
774 1273 966 1328 uestra,
991 1273 1040 1316 et
1070 1261 1260 1313 oliveta
1291 1267 1477 1318 vestra,
1501 1270 1614 1325 qua:
1631 1255 1895 1308 devoravit
1918 1267 2094 1305 eruca.

517 1356 588 1410 Et
621 1369 783 1424 neque
833 1355 910 1406 sic
970 1349 1164 1405 reversi
1224 1349 1349 1402 estis
1397 1353 1464 1399 ad
1503 1361 1607 1410 me,
1645 1344 1776 1397 dicit
1819 1343 2096 1395 Dominus.

519 1447 645 1501 Misi
679 1446 736 1498 in
773 1457 860 1496 vos
891 1449 1111 1495 mortem
1141 1439 1200 1493 in
1233 1438 1318 1492 uia
1348 1435 1594 1505 1E9ypti.
1635 1432 1820 1487 Occidi
1850 1431 2011 1502 293
2045 1433 2099 1484 in

522 1537 702 1608 gladio
715 1533 936 1604 juvenes
972 1541 1169 1586 vestros
1226 1544 1344 1583 cum
1380 1527 1678 1595 captivitate
1708 1540 1961 1594 equorum
2011 1539 2101 1577 ue-

522 1641 758 1687 strorum
785 1669 802 1694 ,
843 1638 889 1682 et
921 1624 1123 1679 adduxi
1170 1626 1224 1677 iu
1257 1623 1376 1692 igne
1415 1630 1588 1674 castra
1623 1626 1792 1672 vestra
1819 1617 1874 1671 in
1909 1619 1988 1670 ira
2015 1632 2101 1671 ve-

521 1735 667 1787 stra;
697 1730 747 1776 et
782 1734 944 1790 neque
990 1717 1069 1772 sic
1119 1714 1312 1771 reversi
1354 1714 1478 1768 estis
1520 1711 1589 1765 ad
1619 1725 1720 1777 me,
1746 1709 1873 1764 dicit
1912 1709 2100 1764 Domi-

607 1984 896 2045 XXXVIII.
933 1984 1037 2052 Qui
1061 1983 1239 2055 poenis
1277 1983 1346 2037 ab
1379 1981 1521 2037 irato
1568 1978 1792 2035 numine
1838 1978 2108 2048 impositis

528 2081 664 2139 nihil
683 2086 1119 2140 commoventur,
1145 2076 1499 2130 vehementer
1513 2073 1744 2144 supinis,
1771 2072 2012 2142 adeoque
2041 2072 2107 2126 ad

531 2184 802 2243 torporem
849 2178 906 2224 et
933 2167 1183 2223 inertiam
1219 2166 1586 2236 pessundatis,
1623 2170 1681 2220 ut
1702 2167 1768 2219 de
1788 2164 2108 2235 poenitentia

529 2282 598 2322 ne
647 2263 1035 2334 cogitationem
1082 2262 1302 2330 quidem
1353 2260 1633 2329 suscipere
1682 2258 1872 2323 velint,
1904 2257 2108 2313 nullum

529 2359 700 2429 plagae
717 2371 888 2428 genus
909 2355 1206 2418 suffecerit,
1230 2352 1414 2422 plures
1433 2352 1630 2421 potius,
1658 2360 1715 2407 et
1743 2351 1863 2405 alia:
1879 2351 2000 2406 aliis
2020 2352 2112 2405 de-

531 2451 790 2512 teriores,
820 2455 877 2500 et
912 2448 980 2500 ad
1043 2445 1286 2500 dolorem
1321 2443 1498 2512 majus
1551 2456 1768 2511 semper
1801 2442 2111 2518 incremen-

532 2549 648 2595 tum
706 2540 996 2602 habentes,
1064 2535 1388 2591 necessariae
1445 2533 1908 2599 suun-Quoniam
1981 2546 2114 2601 ergo

534 2632 810 2706 lsraelitas
830 2628 1129 2700 indigentia
1154 2627 1311 2696 panis
1334 2635 1389 2682 et
1405 2635 1566 2697 potus
1594 2625 1661 2680 ad
1681 2625 2113 2680 emendationem

535 2707 774 2796 parum,
838 2731 897 2778 ut
945 2724 1181 2788 videtur,
1225 2721 1617 2791 permovebat,
1673 2720 1776 2774 hoc
1834 2718 2116 2773 molestius

535 2816 791 2885 quiddam
829 2814 962 2885 ipsis
992 2813 1222 2869 infertur
1242 2852 1258 2878 ,
1310 2811 1486 2865 morbi
1517 2810 1770 2865 videlicet
1800 2823 2114 2879 corporum,

536 2906 707 2963 l'ebris
740 2916 796 2962 et
818 2908 1016 2961 icterus
1053 2905 1168 2973 (qui
1217 2903 1377 2956 aliter
1425 2904 1645 2956 morbus
1695 2913 1989 2970 arquatus,
2021 2915 2116 2955 seu

541 2997 721 3065 regius
748 2995 1019 3064 vocatur).
1069 2995 1183 3048 iloc
1211 3003 1264 3048 et
1317 3007 1413 3062 per
1456 2989 1749 3047 Jeremiam
1801 2994 2116 3061 praedictum

2192 526 2389 594 Λόγον,
2408 544 2425 577 ι
2465 526 2559 578 τὸν
2587 524 2647 591 ἐξ
2673 520 2903 594 οὐρανοῦ
2929 519 3364 590 καταὸεϐηκότα,
3393 522 3488 574 καὶ
3515 519 3666 591 ζωὴν
3710 519 3801 572 δι-

2191 616 2350 670 δόντα
2406 615 2485 686 τῷ
2536 616 2747 685 κόσμῳ,
2777 631 2796 664 ι
2834 613 2924 665 τὸν
2968 611 3301 682 κατάρδοντα
3345 611 3524 681 ψυχὰς
3573 615 3641 681 τῇ
3700 611 3800 664 τοῦ

2194 707 2334 762 Πνεύ
2345 724 2512 777 ματος
2536 706 2742 776 χάριτι,
2764 706 2864 774 τὴν
2891 703 3071 767 ζῶσαν
3098 703 3303 773 πηγὴν,
3321 702 3412 755 τὸν
3440 707 3504 756 ὲκ
3525 703 3623 755 τοῦ
3649 701 3801 756 Θεοῦ

2195 799 2409 869 Πατρὸς
2443 797 2589 862 Υἰδν,
2620 795 2717 866 τὴν
2745 793 2832 848 διὰ
2863 794 3028 864 νόμου
3056 794 3150 846 καὶ
3174 792 3470 864 προφητῶν
3491 792 3802 864 παράκλη-

2197 907 2300 944 σιν.
2319 891 2404 952 Ὠς
2428 888 2539 958 γὰρ
2560 889 2587 940 ό
2612 888 2895 958 προφήτης
2925 887 3089 956 φησὶν
3122 885 3374 950 Ἡσαΐας,
3408 904 3426 936 ι
3450 886 3802 940 Ἐνετείλατο

2196 985 2316 1046 ταῖς
2347 980 2597 1048 νεφέλαις
2621 979 2715 1032 τοῦ
2750 981 2823 1050 μὴ
2862 979 3048 1050 βρέξαι
3077 977 3162 1031 ἐπ’
3197 978 3361 1031 αὑτὸν
3391 978 3570 1031 ὑετόν.
3607 997 3626 1030 ι

2284 1070 2582 1135 Ἐπάταξα
2609 1068 2764 1140 ὑμᾶς
2792 1071 2862 1122 ἐν
2885 1069 3167 1139 πυρώσει,
3190 1068 3289 1122 καί
3319 1068 3550 1138 ἰκτέρῳ.
3568 1071 3798 1138 Ἐπλη-

2198 1164 2417 1216 θύνατε
2446 1160 2686 1230 κήπους
2714 1160 2901 1230 ὑμῶν,
2938 1161 3037 1214 καί
3074 1159 3434 1230 ἀμπελῶνας
3465 1161 3661 1230 ὑμῶν,
3697 1163 3794 1216 καί

2198 1253 2480 1319 συκῶνας
2523 1249 2691 1321 ὑμῶν
2719 1293 2735 1318 ,
2784 1251 2886 1304 καί
2933 1249 3223 1316 ἐλαιῶν-ας
3288 1248 3472 1319 ὑμῶν.
3533 1253 3797 1317 Τούτους

2201 1341 2541 1412 κατέφαγεν
2567 1342 2605 1408 ἡ
2637 1341 2862 1411 κάμπη.
2883 1341 2993 1395 Καὶ
3019 1341 3146 1395 οὐδ’
3166 1342 3355 1408 οὕτως
3376 1342 3795 1411 ἐπεστρέψατε

2200 1436 2351 1504 πρός
2402 1451 2500 1504 με,
2533 1433 2697 1503 λέγει
2746 1435 2984 1503 Κύριος.
3020 1433 3452 1498 Ἐξαπέστειλα
3493 1437 3580 1500 εἰς
3633 1435 3795 1504 ὑμᾶς

2201 1527 2465 1582 θάνατον
2491 1527 2561 1581 ἐν
2581 1523 2698 1592 ὀδῷ
2723 1527 3046 1595 Αἰγύπτου,
3074 1525 3401 1580 ἀπέκτεινα
3433 1527 3502 1579 ἐν
3521 1529 3790 1596 ῥομφαίᾳ.

2203 1619 2345 1683 τοὺς
2377 1619 2742 1684 νεανίσκους
2779 1617 2946 1688 ὑμῶν
2966 1617 3116 1687 μετὰ
3151 1618 3566 1687 αἰχμαλωσίας
3591 1619 3795 1672 ἵππων

2203 1708 2392 1778 ὑμῶν,
2424 1709 2524 1763 καί
2572 1708 2880 1779 ἀνήγαγον
2935 1709 3004 1761 ἐν
3056 1708 3200 1777 πυρί
3252 1709 3361 1775 τὰς
3411 1711 3789 1778 παρεμϐολὰς

2203 1807 2373 1879 ὑμῶν
2398 1809 2469 1863 ἐν
2495 1807 2573 1878 τῇ
2600 1807 2749 1878 ὀργῇ
2779 1806 2964 1878 ὑμῶν,
2998 1808 3098 1862 καί
3134 1807 3261 1862 οὐδ’
3292 1809 3480 1875 οὕτως
3509 1809 3786 1877 ἐπεστρέ-

2203 1905 2360 1973 ψατε
2390 1901 2542 1970 πρός
2574 1918 2675 1970 με,
2711 1901 2874 1971 λέγει
2911 1902 3146 1969 Κύριος.

2275 1996 2406 2050 Ail'.
2447 1995 2574 2057 Τοῖς
2627 1993 2949 2066 ἀναλγήτως
2995 1993 3180 2064 έχουσι
3232 1991 3358 2063 περὶ
3408 1991 3476 2046 τὰ
3521 1991 3582 2058 ἐξ
3632 1992 3796 2063 ὀργῆς

2208 2086 2595 2158 συμὸαίνοντα,
2629 2087 2726 2139 καὶ
2774 2085 2909 2139 πολὺ
2957 2085 3079 2138 λίαν
3134 2084 3550 2156 ὑπτιουμένοις,
3600 2083 3799 2138 ἀναπί-

2209 2195 2403 2232 πτουσι
2431 2177 2488 2229 δὲ
2521 2177 2616 2231 καὶ
2640 2177 2781 2229 οὕτω
2820 2176 2957 2249 πρὸς
2980 2175 3040 2229 τὸ
3069 2175 3310 2248 ῥᾴθυμον
3337 2175 3437 2242 ἔτι,
3466 2175 3543 2239 ὼς
3571 2174 3637 2227 τὸ
3669 2173 3800 2245 χρῆ-

2212 2287 2298 2324 ναι
2331 2271 2610 2340 μετανοεῖν
2642 2268 2762 2321 ούδὲ
2816 2269 2898 2332 εἰς
2942 2266 3066 2322 νοῦν
3110 2268 3253 2338 ἔχειν
3305 2267 3510 2334 ἀξιοῦν,
3551 2267 3802 2337 ἀρέσειεν

2211 2363 2276 2417 ἂν
2303 2361 2477 2424 οὐδεὶς
2506 2359 2600 2414 τοῦ
2629 2358 2960 2430 πλήττεσθαι
2989 2359 3210 2431 τρόπος,
3240 2359 3456 2422 πλείους
3482 2358 3540 2412 δὲ
3575 2358 3802 2428 μᾶλλον,

2211 2455 2306 2508 καὶ
2334 2453 2580 2524 ἀλλήλων
2608 2451 2828 2525 χείρους
2871 2452 3007 2523 πρὸς
3052 2452 3114 2506 τὸ
3155 2451 3234 2504 ἔτι
3271 2450 3537 2521 μειζόνως
3571 2450 3806 2503 καταλυ-

2213 2543 2348 2600 ποῦν
2382 2544 2598 2616 ἔχοντες
2641 2545 2742 2615 τὴν
2789 2543 3051 2598 ἐπίδοσιν.
3085 2543 3294 2596 Οὐκοῦν
3344 2541 3653 2611 ἐπειδήπερ
3698 2541 3806 2602 τοῖς

2213 2637 2273 2702 ἐξ
2314 2635 2531 2708 Ἰσραὴλ
2581 2634 2776 2707 μικρὸν
2823 2629 2892 2705 ἦν
2938 2634 3081 2705 τάχα
3129 2633 3266 2704 πρὸς
3319 2630 3724 2701 ἐπανόρθωσιν,
3751 2629 3808 2682 τὸ

2214 2713 2443 2793 ἐνδείαις
2481 2727 2648 2800 ἄρτου
2690 2724 3042 2796 πορεύεσθαι,
3071 2725 3164 2778 καὶ
3197 2723 3396 2790 ποτῶν,
3443 2724 3805 2795 ὲπενήνεκται

2214 2823 2276 2876 τὺ
2313 2824 2505 2876 παθεῖν
2549 2820 2731 2875 καὶτὸ
2759 2820 2839 2874 έτι
2874 2820 3064 2874 τούτου
3107 2816 3532 2889 φορτικώτερον,
3557 2818 3593 2887 ή
3632 2816 3807 2869 αὐτῶν

2217 2914 2473 2969 ἀσθένεια
2513 2913 2622 2967 τῶν
2662 2911 2932 2984 σωμάτων
2954 2950 2969 2977 ,
3010 2909 3084 2974 ὡς
3121 2911 3180 2962 ὲν
3210 2907 3431 2980 πυρετῷ
3469 2909 3566 2960 καὶ
3613 2907 3809 2978 ἰκτέρῳ

2224 3004 2625 3075 συμϐαίνουσιν..
2658 3002 2829 3056 Τοῦτο
2855 3002 2949 3055 καὶ
2979 2999 3069 3055 διὰ
3103 2999 3286 3070 φωνῆς
3329 2995 3598 3069 Ἰερεμίου
3654 2997 3811 3051 πάλιν

538 3096 644 3152 est,
676 3088 753 3140 ait
780 3085 924 3140 enim
958 3100 972 3137 :
1009 3101 1030 3136 ι
1071 3081 1198 3136 Haec
1229 3081 1359 3136 dicit
1393 3082 1651 3142 Dominus
1680 3100 1694 3138 :
1725 3080 1864 3138 Ecce
1902 3098 2002 3152 ego
2049 3085 2116 3139 do

2219 3096 2698 3168 εὐρήσομεν.”Εφη
2739 3094 2868 3165 γὰρ,
2897 3095 2978 3148 ὅτι
3014 3112 3032 3145 ι
3064 3092 3205 3147 Τάδε
3235 3092 3385 3158 λέγει
3411 3092 3643 3163 Κύριος
3685 3091 3812 3144 Ἰδοὺ

539 3194 704 3248 super
726 3176 978 3247 populum
1005 3177 1167 3232 istum
1195 3175 1590 3238 infirmitatem,
1620 3182 1676 3228 et
1699 3173 2118 3228 inlirmahuntur

542 3270 598 3324 in
647 3283 715 3324 ea
749 3277 931 3337 patres
968 3277 1024 3322 et
1071 3267 1169 3322 lilii
1224 3266 1428 3330 simul;
1483 3264 1696 3320 vicinus
1739 3275 1794 3320 et
1840 3265 2118 3335 proximus

542 3355 659 3425 ejus
685 3355 937 3424 peribunt
966 3355 1032 3408 “.
1060 3373 1079 3408 ι
1117 3355 1181 3410 Et
1209 3355 1336 3424 quia
1363 3353 1610 3422 turpibus
1638 3353 1801 3408 etiam
1827 3354 2121 3424 quaestibus

544 3457 702 3502 erant
727 3446 946 3512 addicti,
973 3457 1029 3501 et
1063 3449 1117 3500 in
1159 3447 1386 3516 pecunia
1417 3445 1584 3500 multa
1634 3444 1880 3501 facienda
1935 3447 2120 3501 animo

545 3547 600 3592 et
623 3539 950 3606 cogitatione
973 3538 1244 3607 occupati,
1288 3538 1517 3608 ideoque
1553 3539 1758 3602 hortos,
1808 3547 1861 3593 et
1913 3539 2120 3604 vineas,

545 3639 601 3684 et
626 3629 804 3694 ﬁceta,
840 3639 896 3684 et
939 3629 1144 3684 oliveta
1200 3630 1601 3700 conquirebant
1631 3672 1648 3697 ,
1699 3630 1875 3700 tetigit
1916 3639 1972 3686 et
2007 3632 2122 3688 haec

546 3721 708 3785 Deus,
735 3737 830 3791 per
859 3737 980 3790 qua:
1007 3736 1115 3775 non
1143 3721 1402 3776 mediocri
1443 3721 1630 3775 dolore
1657 3720 1840 3776 aﬂ‘ecti
1866 3761 1882 3788 ,
1925 3723 1991 3776 ad
2030 3736 2121 3777 sa-

548 3814 769 3868 nitatem
805 3815 1003 3868 mentis
1033 3813 1212 3868 redire
1243 3821 1489 3883 possent,
1535 3819 1591 3868 et
1617 3829 1714 3884 pro
1759 3815 1938 3870 nuxiis
1984 3815 2128 3869 salu-

549 3906 686 3960 taria
732 3903 964 3972 eligere,
998 3918 1187 3974 paruas
1233 3905 1338 3960 illis
1371 3904 1720 3960 accumulans
1747 3944 1764 3972 ,
1807 3915 1864 3960 ut
1893 3907 2130 3976 undique

549 3997 793 4065 percussi
816 3996 1177 4050 salvarentur.
1210 3993 1347 4061 Quia
1371 4005 1549 4049 tamen
1571 4002 1627 4050 et
1659 3998 1758 4050 hoc
1773 4012 1961 4066 parum
1987 4009 2125 4062 erat,

551 4087 793 4142 additum
828 4094 908 4142 est
953 4085 1145 4156 majus.
1196 4086 1424 4154 Quando
1473 4088 1654 4152 enim,
1698 4088 1891 4158 inquit,
1945 4104 2127 4144 meam

552 4185 960 4232 contemnentes
983 4192 1228 4243 manum,
1270 4187 1479 4232 tantum
1511 4193 1617 4233 non
1662 4177 1832 4234 Deum
1877 4181 2130 4250 omnipo-

555 4275 756 4322 tentem
793 4267 1178 4324 imbecillitatis
1214 4278 1532 4339 arguentes,
1565 4270 1630 4325 ad
1661 4269 1947 4344 Egyptios
1995 4273 2132 4326 ahii-

2218 3188 2328 3258 ἐγὼ
2363 3188 2560 3260 δίδωμι
2586 3189 2678 3241 ἐπὶ
2701 3186 2791 3242 τὸν
2810 3186 2948 3240 λαὸν
2981 3185 3168 3240 τοῦτον
3195 3184 3506 3248 ἀσθένειαν,
3531 3183 3626 3238 καὶ
3653 3182 3815 3236 ἀσθε-

2217 3280 2479 3350 νήσουσιν
2511 3280 2568 3333 έν
2598 3279 2738 3350 αὐτῇ
2775 3278 3034 3348 πατέρες,
3065 3277 3159 3331 καὶ
3186 3277 3310 3342 υἰοὶ,
3337 3276 3454 3347 ἄμα
3482 3275 3696 3342 γείτων,
3719 3276 3811 3326 καὶ

2218 3371 2247 3423 ὁ
2289 3369 2520 3440 πλησίον
2567 3369 2735 3424 αὑτοῦ
2784 3368 3084 3423 ἀπολεῖται.
3119 3387 3136 3420 ι
3187 3367 3407 3437 Ἐπειδὴ
3447 3367 3499 3420 δὲ
3538 3361 3677 3436 ἦσαν
3707 3365 3804 3417 καὶ

2221 3461 2464 3533 αἰσχρῶν
2506 3461 2812 3532 λημμάτων
2857 3459 3185 3532 ἡττώμενοι,
3218 3459 3312 3513 καὶ
3346 3459 3482 3513 πολῦ
3521 3457 3805 3528 βλέποντες

2222 3557 2301 3618 εἰς
2339 3554 2705 3624 φιλοκερδίας,
2738 3553 2911 3626 ταύτῃ
2949 3570 3008 3606 τε
3044 3551 3407 3622 πληθύνοντες
3452 3552 3687 3620 κήπους,
3722 3548 3816 3602 καὶ

2222 3643 2573 3716 ἀμπελῶνας,
2615 3644 2864 3708 συκῶνάς
2912 3661 2971 3696 τε
3017 3644 3113 3697 καὶ⁵
3158 3642 3446 3707 έλαιῶνας,
3495 3641 3680 3712 ἥψατο
3723 3641 3817 3694 καὶ

2223 3737 2389 3791 τῶνδε
2415 3737 2571 3803 Θεὸς,
2603 3736 2671 3790 δι’
2701 3730 2776 3791 ὧν
2803 3732 2872 3807 ἦν
2910 3737 2971 3790 οὐ
3008 3736 3244 3809 μετρίως
3281 3734 3708 3806 κατηλγηκότας
3743 3737 3819 3797 εἰς

2226 3829 2350 3883 νοῦν
2395 3830 2694 3900 ἐπανήκειν
2739 3830 2830 3883 τὸν
2889 3827 3162 3900 σώφρονα,
3197 3830 3292 3883 καὶ
3342 3827 3670 3884 ἀνθελέσθαι
3728 3827 3817 3881 τοῦ

2225 3921 2466 3994 χείρονος
2486 3921 2545 3974 τὸ
2573 3921 2873 3993 συμφέρον,
2908 3921 3259 3992 ὲπισωρεύων
3294 3922 3476 3984 αὐτοῖς
3499 3921 3589 3975 ἵνα
3617 3937 3820 3975 παντα-

2227 4012 2387 4082 χόθεν
2421 4011 2782 4083 πληττόμενοι
2833 4011 3111 4076 σώζοιντο.
3158 4012 3374 4084 Μικροῦ
3421 4013 3479 4065 δὲ
3527 4013 3684 4077 ὄντος
3729 4010 3818 4064 καὶ

2227 4103 2438 4167 τούτου,
2455 4105 2954 4174 προσεπενήνεκται
2972 4104 3066 4158 καὶ
3082 4103 3142 4157 τὸ
3159 4105 3500 4174 μεῖζον.Ὄτε
3518 4105 3652 4174 γὰρ,
3667 4105 3814 4176 φησι,

2227 4195 2325 4266 τὴν
2378 4195 2518 4267 ὲμὴν
2565 4196 2926 4267 ἀτιμάζοντες
2973 4200 3158 4268 χεῖρα,
3213 4197 3498 4267 μονονουχὶ
3544 4196 3685 4250 Θεοῦ
3727 4195 3816 4249 τοῦ

2229 4284 2408 4338 πάντα
2457 4283 2733 4356 ἰσχύοντος
2775 4286 2836 4338 τὸ
2885 4286 3079 4340 ἄναλκι
3110 4285 3530 4357 καθορίζοντες,
3580 4287 3682 4358 τήν
3707 4286 3815 4341 ὁδὸν

555 4355 659 4411 stis
681 4393 698 4420 ,
731 4370 1107 4425 equorumque
1130 4371 1327 4413 carnes
1350 4373 1450 4428 pro
1483 4359 1852 4415 sollicitudine
1883 4375 2010 4431 erga
2037 4376 2116 4415 vot

2233 4374 2538 4444 πεποιῆσθε
2572 4376 2673 4447 τὴν
2706 4375 2841 4447 πρὸς
2867 4377 3222 4444 Αἰγυπτίους,
3251 4355 3434 4430 ἰππων
3481 4355 3697 4447 σάρκας
3723 4377 3818 4445 τῆς

556 4461 676 4501 mea
709 4446 970 4515 elegistis,
1005 4456 1060 4502 et
1085 4444 1404 4516 Egyptium
1436 4451 1710 4505 houninem
1752 4451 1881 4505 mihi
1919 4461 2116 4522 priet"-

2235 4468 2363 4536 παρ’
2387 4465 2521 4536 ἐμοῦ
2555 4444 2834 4538 φροντίδος
2861 4467 3247 4538 ἀνθῃρημένοι,
3274 4469 3370 4522 καὶ
3401 4444 3704 4537 Αἰγύπτιον
3728 4444 3818 4522 ἄν·

556 4537 718 4603 listis,
744 4547 870 4593 tunc
897 4551 1049 4604 sane,
1068 4547 1194 4594 tunc
1213 4536 1637 4609 Babyloniorum
1665 4541 1978 4612 rhompluea
2008 4543 2126 4597 hel-

556 4629 944 4685 licosissimum
975 4643 1146 4699 genus
1201 4638 1578 4700 consumptum
1602 4640 1687 4686 est
1715 4670 1731 4697 ,
1783 4641 1928 4687 totus
1960 4645 2135 4690 vester

555 4721 833 4789 equitatus
871 4720 1118 4788 captivus
1139 4727 1223 4774 est
1252 4719 1448 4788 iactus,
1482 4721 1802 4777 debilitante
1825 4720 1937 4778 Deo
1963 4726 2128 4779 etiam

557 4813 651 4881 qui
704 4810 771 4865 ad
806 4809 1033 4880 gloriam
1067 4811 1308 4880 grassari
1361 4821 1672 4877 noverant,
1719 4819 1774 4866 et
1815 4813 2056 4870 victoriis
2105 4830 2137 4871 e

557 4919 736 4976 pugna
766 4904 1109 4973 reportandis
1160 4916 1532 4960 assueverant.
1580 4901 2049 4977 lntelligesautem
2081 4915 2136 4962 et

557 4999 719 5054 aliter
750 4997 902 5063 illud,
943 5015 961 5053 ι
996 4994 1120 5052 Misi
1160 4998 1226 5052 ad
1251 5013 1346 5053 vos
1372 5008 1599 5054 mortem
1626 5000 1677 5054 in
1703 5003 1791 5054 via
1817 4999 2066 5071 Egypti.
2102 5019 2122 5054 ι

555 5088 706 5146 Josia
743 5098 1006 5160 regnante
1035 5103 1199 5160 super
1231 5087 1447 5156 ludam,
1473 5090 1625 5146 duxit
1667 5102 1858 5147 contra
1902 5093 2134 5164 Babylo-

559 5197 683 5236 nem
715 5179 924 5235 Pharao
953 5179 1169 5235 Nechao
1192 5170 1568 5251 Egyptiorum
1597 5192 1859 5253 tyrannus
1891 5185 1957 5238 ³⁸.
1991 5185 2132 5251 Quia

559 5287 692 5328 vero
723 5289 819 5344 per
855 5273 1094 5330 Judaeum
1127 5273 1361 5327 transire
1389 5276 1695 5343 oportebat,
1735 5286 1884 5331 ratus
1931 5272 2134 5340 Josias,

559 5364 665 5419 iter
691 5363 1020 5435 Babylonem
1040 5380 1229 5422 versus
1255 5367 1628 5421 tantummodo
1653 5377 1972 5436 praetextum
1996 5383 2134 5431 esse,

559 5463 617 5509 et
665 5465 855 5509 contra
905 5472 966 5513 se
1017 5473 1170 5512 arma
1207 5457 1506 5527 sumpsisse
1535 5457 1856 5530 Egyptium
1884 5500 1900 5526 ,
1935 5468 2140 5513 temere

561 5559 687 5600 eum
733 5545 974 5602 exercitu
1006 5551 1267 5617 occurrit,
1328 5559 1386 5606 et
1443 5551 1609 5606 Israel
1658 5551 1908 5621 oppetiit.
1972 5549 2137 5622 294

2240 4557 2460 4628 θρωπον
2497 4557 2981 4629 προτετιμηκότες,
3015 4559 3136 4611 τότε
3169 4559 3234 4631 δὴ
3264 4560 3383 4614 τότε
3433 4560 3818 4630 δεδαπάνηται,

2240 4648 2424 4718 φησὶν,
2457 4647 2561 4701 ὑπὸ
2588 4651 2686 4720 τῆς
2711 4648 2821 4702 τῶν
2855 4648 3208 4704 Βαϐυλωνίων
3247 4652 3522 4723 ῥομφαίας
3564 4654 3628 4705 τὸ
3666 4671 3822 4724 μαχι-

2181 4779 2186 4784 .
2245 4741 2493 4808 μώτατον
2525 4741 2703 4809 γένος.
2730 4741 2840 4796 Καὶ
2865 4740 3009 4806 ἅπας
3033 4742 3189 4813 ὑμῶν
3214 4745 3449 4816 ἱππότης
3477 4745 3821 4814 αἰχμάλωτος

2240 4824 2334 4899 ἦν,
2368 4829 2797 4900 ἀπονευροῦντος
2833 4831 2992 4898 Θεοῦ,
3033 4832 3128 4885 καὶ
3177 4834 3304 4897 τοὺς
3353 4834 3563 4896 εἰδότας
3615 4834 3822 4887 εὐδοκι-

2245 4923 2386 4990 μεῖν,
2426 4921 2522 4974 ιιιαί⁹
2549 4923 2651 4974 οὐκ
2677 4921 3013 4993 ἀμελέτητον
3053 4923 3276 4993 ἔχοντας
3322 4924 3385 4977 τὸ
3427 4926 3586 4996 νικᾷν
3616 4924 3676 4976 έν
3722 4924 3822 4995 μά-

2241 5027 2384 5079 χαις.
2428 5011 2687 5081 Συνήσεις
2731 5011 2789 5065 δὲ
2837 5013 2932 5066 καὶ
2973 5012 3174 5084 ἑτέρως
3223 5015 3305 5080 τὸ,
3340 5014 3710 5070 (Ἀπέστειλα
3749 5017 3824 5077 εἰς

2240 5101 2384 5171 ὑμᾶς
2414 5100 2642 5156 θάνατον
2675 5103 2733 5155 ὲν
2757 5104 2861 5174 ὀδῷ
2889 5103 3188 5173 Αἰγύπτου.
3219 5125 3237 5158 ι
3281 5107 3486 5160 Ἰωσίου
3513 5105 3825 5176 βασιλεύον-

2237 5209 2330 5255 τος
2363 5194 2456 5246 ὲπὶ
2500 5194 2592 5247 τὸν
2629 5194 2850 5260 Ἰούδαν,
2897 5198 3335 5267 κατεστράτευσε
3372 5198 3474 5267 τῆς
3507 5198 3826 5260 Βαϐυλῶνος

2237 5282 2438 5353 Φαραὼ
2462 5284 2680 5355 Νεχαὼ,
2709 5285 2809 5356 τῆς
2835 5289 3148 5356 Αἰγυπτίων
3191 5291 3219 5342 ὁ
3256 5289 3540 5361 τύραννος.
3558 5291 3647 5356 Ὡς
3675 5291 3734 5344 δὲ
3762 5287 3824 5360 ἦν

2239 5375 2451 5446 ἀνάγκη
2509 5376 2598 5429 διὰ
2633 5380 2731 5448 τῆς
2772 5378 3039 5435 Ἰουδαίων
3080 5381 3242 5437 αὑτὸν
3286 5381 3667 5453 παρέρχεσθαι
3704 5381 3821 5451 γῆς,

2237 5464 2442 5534 οἰηθεὶς
2461 5467 2489 5518 ό
2515 5466 2723 5531 Ἰωσίας
2751 5467 2952 5538 σκῆψιν
2983 5472 3082 5540 μὲν
3108 5466 3247 5524 εἶναι
3277 5471 3375 5543 τὴν
3401 5474 3495 5525 ἐπὶ
3528 5473 3823 5526 Βαϐυλῶνα

2238 5547 2377 5623 ὃδὸν,
2408 5555 2677 5612 ὡπλίσθαι
2703 5559 2758 5613 δὲ
2786 5562 2910 5615 κατ’
2938 5562 3102 5617 αὑτοῦ
3137 5563 3226 5619 τὸν
3250 5563 3574 5635 Αἰγύπτιον,
3607 5563 3822 5630 ἀντεξά-

637 5721 852 5777 "Joan.
882 5736 958 5788 vr,
987 5720 1078 5778 35.
1150 5722 1203 5794 ,³⁸
1232 5722 1334 5778 lsa.
1369 5739 1423 5792 v,
1455 5725 1508 5778 6.
1587 5727 1629 5760 ¹¹
1653 5724 1766 5782 Jer.
1799 5742 1876 5796 γι,
1901 5727 1994 5783 2|.
2069 5727 2114 5761 ”

2240 5728 2373 5801 Reg.
2405 5748 2562 5798 um,
2597 5735 2819 5805 passim.
