4054 6274
269 390 380 448 485

1239 394 1792 453 COMMENTARIUS
1831 397 1897 454 IN
1942 400 2128 459 AMOS
2167 402 2616 461 PROPHETAM.

3424 409 3527 465 $86

272 522 364 574 γει
408 504 754 578 παραλόγως.
788 505 935 559 Ἐκεῖ
977 506 1268 562 πέπτωκεν
1313 511 1341 563 ὀ
1378 510 1612 583 Ἰσραήλ.
1648 512 1856 567 Οὐκοῦν

1960 515 2144 586 itaque
2187 537 2206 572 ι
2270 520 2514 588 lmmisi,
2571 519 2766 591 inquit,
2807 518 2862 573 in
2909 532 3007 574 vos
3056 526 3285 575 mortem
3341 521 3396 576 in
3447 525 3530 577 via

279 619 301 654 ι
321 595 728 663 Ὲξαπέστειλα,
760 597 949 666 φησὶν,
985 599 1064 660 είς
1109 598 1253 668 ὑμᾶς
1279 598 1510 654 θάνατον
1540 603 1598 654 ἐν
1624 601 1726 672 ὀδῷ
1752 603 1848 655 Αί-

272 689 516 758 γύπτου,
546 707 564 740 ι
611 689 924 750 τουτέστιν,
980 689 1040 742 ἐν
1089 690 1306 761 παρόδῳ
1355 690 1462 746 τῶν
1511 694 1846 761 Αἰγυπτίων,

277 799 298 832 ι
326 781 446 834 τότε
476 783 570 833 καὶ
596 780 874 850 ἀνήγαγον
900 781 958 834 ἐν
990 781 1124 853 πυρὶ
1143 781 1242 846 τὰς
1264 783 1615 854 παρεμϐολάς
1639 785 1846 856 ὑμῶν,›

267 870 390 923 ἀντὶ
427 869 545 931 τοῦ,
579 871 645 922 ἐκ
687 869 904 940 βάθρων
953 870 1237 941 ἀνέσκαψα
1291 873 1390 935 τὰς
1432 873 1850 943 -τετειχισμένας

267 960 445 1029 ὑμῶν,
478 961 572 1014 καὶ
619 961 1029 1033 εύπυργοτάτας
1063 963 1424 1032 πόλεις.⁹Εφη
1467 963 1524 1016 δὲ
1572 964 1730 1017 τοῦτο
1757 966 1852 1029 καὶ

266 1051 324 1103 ἐν
353 1053 520 1121 ἀρχῇ,
558 1069 578 1102 ‹
607 1053 717 1106 Καὶ
755 1051 1028 1124 ἐπορεύθη
1063 1053 1302 1124 Ἐφραῖμ
1342 1054 1478 1125 πρὸς
1511 1055 1850 1126 Ἀσσυρίους,

267 1141 363 1193 καὶ
399 1140 604 1204 Ἰούδας
648 1142 916 1214 ἐπλήθυνε
967 1143 1151 1207 πόλεις
1187 1145 1617 1216 τετειχισμένας,
1643 1147 1734 1200 καὶ
1763 1147 1852 1212 ἐξ-

268 1231 552 1286 αποστελῶ
593 1233 704 1304 πῦρ
737 1236 816 1298 είς
839 1234 940 1298 τὰς
969 1236 1154 1298 πόλεις
1183 1237 1386 1302 αὐτῶν,
1413 1239 1508 1290 καὶ⁵
1541 1238 1855 1308 ’καταφάγε-

266 1341 357 1376 ται
389 1323 619 1394 θεμέλια
651 1324 853 1379 αὐτῶν.
886 1343 906 1377 ι
963 1325 1171 1379 Οὐκοῦν
1201 1325 1261 1390 ἐξ
1293 1327 1494 1391 αὐτῶν,
1526 1329 1680 1399 φησὶ,
1727 1347 1856 1382 κατ-

271 1413 460 1468 έσεισα
491 1415 710 1485 βάθρων
737 1416 836 1479 τὰς
864 1417 1214 1488 ὀχυρωτάτας
1252 1418 1404 1488 ὑμῶν
1446 1418 1650 1483 πόλεις,
1697 1439 1716 1473 ι
1747 1422 1855 1475 Καὶ

268 1507 379 1561 οὐδ’
411 1506 584 1570 οὕτως
617 1507 1011 1579 ἐπεστρέψατε,
1037 1507 1186 1577 λέγει
1222 1508 1445 1580 Κύριος.
1479 1529 1498 1560 ›

344 1623 736 1692 Κατέστρεψα
764 1622 920 1693 ὑμᾶς
957 1623 1151 1690 καθὼς
1192 1623 1602 1695 κατέστρεψεν
1639 1627 1854 1696 Κύριος

271 1711 508 1781 Σόδομα
535 1713 631 1766 καὶ
666 1713 965 1782 Γόμορῤα,
993 1714 1088 1767 καί
1114 1713 1396 1784 ἐγένεσθε
1434 1715 1514 1780 ὠς
1537 1714 1724 1780 δαλὸς
1758 1717 1856 1781 ἐξ·

271 1801 657 1871 εσπασμένος
699 1804 818 1856 ἀπὸ
857 1805 1162 1869 καύσεως,
1218 1803 1317 1856 καὶ
1363 1804 1490 1858 οὐδ’
1518 1805 1708 1872 οὕτως
1753 1806 1856 1860 ἐπ-

274 1893 605 1962 εστρέψατε
633 1895 784 1963 πρός
808 1911 904 1964 με,
935 1894 1101 1966 λέγει
1125 1895 1361 1964 Κύριος.

353 2008 475 2062 ΛΘ’.
515 2008 804 2078 Οὐδεμίαν,
851 2008 1037 2079 φησὶν,
1073 2009 1133 2060 ἐν
1181 2007 1310 2077 ὑμῖν
1351 2006 1451 2078 τὴν
1487 2009 1858 2083 ἐπανόρθωσιν

283 2085 517 2168 βλέπων,
547 2099 904 2171 προστέθεικα
939 2103 1060 2158 ταῖς
1089 2099 1281 2169 ὀργαῖς
1312 2098 1499 2151 καὶτὰ
1536 2098 1619 2153 ἔτι
1654 2099 1860 2154 τούτων

277 2189 660 2260 ἁπηνέστερα,
705 2191 800 2244 καὶ
847 2189 1187 2261 θερμοτέραν
1235 2188 1541 2259 πεποίημαι
1583 2189 1680 2261 τὴν
1735 2191 1858 2244 καθ’

276 2283 436 2354 ὑμῶν
463 2284 849 2355 ἀγανάκτησιν.
884 2284 1249 2356 Κατέστρεψα
1297 2287 1404 2356 γὰρ
1424 2286 1499 2349 ὡς
1530 2287 1738 2356 Σόδομα
1763 2288 1860 2341 κα)⁵

274 2371 553 2443 Γόμορρα,
583 2374 680 2427 καὶ
712 2374 812 2426 οὐκ
836 2376 1423 2446 ἐπεστρέψατε.¹Έοικε
1457 2377 1514 2430 δὲ
1547 2377 1646 2448 τὴν
1673 2378 1859 2432 τελευ-

272 2462 433 2516 ταίαν
485 2464 543 2516 ἐν
595 2463 804 2527 τούτοις
849 2466 983 2535 ἡμῖν
1026 2467 1291 2537 πόρθησιν
1323 2468 1641 2538 ὑποδηλοῦν,
1667 2471 1766 2539 τὴν
1801 2471 1858 2522 ἐν

273 2555 489 2624 καιροῖς
529 2554 790 2625 Ἰερεμίου
842 2555 930 2608 διὰ
981 2558 1161 2627 χειρὸς
1195 2559 1666 2630 Ναϐουχοδονόσορ
1696 2578 1858 2630 γεγε-

271 2643 536 2716 νημένην,
574 2645 634 2709 ὃς
680 2647 861 2700 πᾶσαν
892 2641 1004 2700 εἷλε
1054 2648 1151 2719 τὴν
1184 2651 1464 2713 Ἰουδαίαν,
1503 2651 1768 2723 ἐνέπρησε
1802 2655 1859 2708 δέ

272 2737 368 2790 καὶ
419 2737 560 2790 αὐτὰ
607 2738 677 2791 τὰ
718 2737 1084 2809 Ἰεροσόλυμα,
1112 2743 1206 2794 καὶ
1235 2743 1334 2805 τὰς
1365 2743 1675 2813 περιοίκους
1719 2745 1856 2817 αὐτῇ

274 2831 461 2894 πόλεις
495 2848 555 2884 τε
594 2831 690 2885 καὶ
732 2829 946 2900 κώμας,
979 2832 1072 2884 καὶ
1099 2831 1261 2885 αὑτὸν
1293 2833 1349 2887 δέ
1378 2833 1466 2886 τὸν
1511 2833 1652 2886 θεῖον
1691 2852 1858 2888 κατα-

277 2922 493 2985 σπάσας
521 2922 670 2985 ναδν,
700 2921 1052 2992 δορικτήτους
1082 2921 1219 2991 ἔχων
1245 2924 1372 2988 τοὺς
1421 2925 1480 2976 ἐν
1518 2925 1596 2995 τῷ
1642 2926 1858 2996 πολέμῳ

274 3013 815 3084 περιλελειμμένους,
847 3012 989 3066 οῐκοι
1025 3013 1186 3066 πάλιν
1205 3013 1494 3085 λαμπρῶς,
1523 3018 1618 3070 καὶ
1646 3036 1858 3088 νενικηο

273 3102 385 3166 κὼς
412 3104 529 3164 τοῖς
558 3101 779 3155 ἁλοῦσιν
809 3101 948 3171 ὀμοῦ
979 3103 1077 3157 καὶ
1106 3103 1479 3173 ἀνεκομίζετο,
1507 3105 1557 3160 οἵ
1584 3107 1676 3160 καὶ
1704 3109 1858 3179 μόλις

1951 607 2196 679 Εεγριί,
2238 629 2258 663 ι
2298 612 2402 666 hoc
2445 621 2548 678 est,
2583 611 2635 664 in
2670 612 2924 676 transitu,
2967 624 3061 666 seu
3121 612 3532 666 transeuntibus

1950 698 2241 770 Egyptiis.
2285 721 2304 754 ι
2341 703 2641 756 Etadduxi
2688 702 2740 756 in
2770 703 2892 772 igne
2938 712 3119 758 castra
3157 713 3357 768 vestra,
3404 721 3422 754 ι
3477 703 3528 758 id

1951 800 2032 844 est
2056 793 2323 846 menibus
2351 802 2405 847 et
2434 796 2676 848 turribus
2706 796 2974 859 munitas,
3037 810 3100 849 ac
3146 793 3282 848 bene
3326 796 3532 849 instru-

1951 893 2070 936 ctas
2100 881 2262 938 urbes
2297 895 2509 940 vestras
2539 887 2730 939 everti.
2769 887 2922 952 Quod
2971 887 3134 940 etiam
3171 887 3226 940 in
3269 889 3534 956 principio

1952 973 2088 1028 dixit
2121 991 2136 1028 :
2175 991 2195 1027 ι
2233 975 2299 1030 Et
2334 975 2468 1030 abiit
2515 977 2776 1046 prraim
2822 978 2889 1030 ad
2943 977 3224 1048 Assyrios,
3282 989 3335 1033 et
3365 979 3534 1034 ludas

1953 1066 2326 1136 multiplicavit
2357 1067 2518 1138 urbes
2569 1071 2828 1121 munitas.
2884 1065 2953 1120 Et
3017 1070 3228 1121 mittam
3272 1071 3450 1138 ignem
3480 1072 3531 1124 in

1953 1134 2125 1210 urbes
2154 1158 2290 1228 ejus,
2320 1134 2709 1213 et‘devorabit
2739 1158 3091 1212 fundamenta
3137 1134 3347 1214 eorum.
3395 1179 3413 1212 ι
3453 1162 3529 1214 Ex

1954 1246 2084 1316 ipsis
2111 1250 2276 1319 igitur
2309 1248 2681 1305 fundamentis
2705 1253 3102 1306 munitissimas
3133 1265 3292 1306 urbes
3325 1263 3535 1308 vestras

1955 1341 2115 1403 dirui,
2154 1343 2346 1412 inquit,
2384 1361 2402 1394 ι
2442 1341 2512 1396 Ει
2549 1357 2616 1396 ne
2661 1344 2742 1398 sic
2774 1343 2993 1412 quidem
3041 1343 3244 1398 reversi
3289 1343 3443 1398 estis-
3467 1344 3535 1396 ad

1956 1447 2062 1501 me,
2096 1433 2228 1487 dicit
2271 1433 2530 1488 Dominus
2556 1433 2622 1487 ”.
2662 1450 2683 1484 ι

2028 1625 2190 1684 Vens.
2224 1629 2314 1682 H.
2347 1626 2589 1683 Subverti
2635 1644 2744 1693 vos,
2798 1628 2936 1691 sicut
2991 1627 3240 1681 subvertit
3284 1628 3538 1683 Daminus

1957 1715 2244 1773 Sodomam
2282 1732 2328 1772 et
2374 1715 2744 1784 Gomorrltam,
2781 1728 2826 1770 et
2861 1717 2990 1786 facti
3033 1718 3157 1771 estis
3189 1718 3331 1770 sicut
3378 1719 3536 1772 torris

1956 1822 2135 1874 raptus
2174 1807 2239 1860 ab
2266 1809 2542 1873 incendio;
2575 1824 2665 1862 nec
2692 1808 2766 1860 sic
2798 1807 3007 1876 quidem
3062 1807 3291 1860 rediistis
3325 1808 3392 1860 ad
3430 1821 3536 1872 me,

1960 1899 2086 1953 dicit
2111 1898 2391 1953 Dominus.

2031 2010 2270 2067 XXXIX.
2307 2011 2437 2066 Cum
2469 2011 2670 2065 nullam
2697 2011 2748 2065 in
2779 2010 2932 2066 vobis
2951 2010 3383 2066 emendationem
3413 2026 3534 2066 cer-

1962 2117 2166 2165 nerem,
2203 2103 2398 2171 inquit,
2434 2101 2606 2157 iratus
2656 2103 3069 2166 vehementius,
3122 2102 3204 2156 his
3258 2103 3534 2156 atrociora

1963 2194 2156 2264 adieci,
2193 2194 2728 2264 indignationemqne
2747 2208 2922 2248 meam
2941 2193 3226 2248 adversum
3257 2209 3354 2248 vos
3404 2209 3537 2249 exa-

1960 2285 2068 2341 cui.
2102 2279 2352 2340 Subverti
2386 2301 2620 2356 namque
2648 2301 2744 2340 vos
2769 2285 2911 2340 haud
2941 2300 3102 2340 secus
3149 2300 3310 2354 quam
3363 2286 3537 2342 Sodo-

1962 2395 2102 2434 mam
2161 2389 2215 2433 et
2243 2379 2622 2443 Gomorrham,
2658 2389 2712 2433 et
2763 2393 2868 2432 nou
2897 2379 3030 2432 estis
3064 2379 3289 2432 reversi.
3320 2377 3526 2444 Quibus

1959 2473 2144 2528 verbis
2205 2482 2533 2542 postremam
2589 2470 2948 2524 vastationem
2997 2469 3223 2524 innuere
3277 2470 3532 2534 videtur,

1959 2579 2078 2635 quae
2109 2563 2441 2634 temporibus
2487 2562 2737 2618 Ieremia:
2767 2577 2864 2632 per
2905 2577 3125 2616 manum
3183 2561 3536 2616 Nabuchodo-

1959 2655 2124 2713 nosor
2159 2659 2408 2726 contigit,
2457 2658 2547 2728 qui
2585 2663 2753 2711 totam
2792 2653 3032 2709 Judaeum
3081 2655 3427 2724 subjugavit,
3481 2661 3537 2708 et

1959 2746 2391 2820 Hierosolymam
2425 2748 2623 2817 ipsam,
2651 2762 2754 2800 una
2791 2761 2910 2799 cum
2942 2745 3186 2800 ﬁnitimis
3215 2747 3332 2814 eius
3377 2747 3532 2799 urbi-

1958 2839 2059 2897 bus
2089 2857 2154 2896 ac
2193 2841 2328 2895 vicis
2367 2839 2584 2896 exussit
2617 2837 2686 2903 “,
2742 2836 3130 2906 destructaque
3173 2837 3356 2890 divino
3398 2845 3537 2890 tem-

1959 2930 2065 2999 plo,
2107 2945 2209 2984 una
2241 2943 2364 2985 cum
2412 2927 2752 2996 captivorum
2793 2923 3058 2993 reliquiis,
3100 2922 3334 2992 gloriose
3365 2922 3541 2976 victor

1959 3026 2173 3076 domum
2212 3019 2393 3084 rediit,
2441 3032 2560 3086 qua:
2598 3017 2688 3069 vix
2731 3015 2945 3069 tandem
2994 3014 3234 3068 decursis
3273 3026 3537 3068 annorum

1961 3113 2304 3183 septuaginta
2375 3109 2564 3180 spatiis
2614 3108 2667 3162 in
2726 3104 2964 3161 Judaeum
3026 3105 3324 3159 redierunt.
3365 3104 3538 3176 Cyrus

273 3193 579 3263 ἐπανῆλθον
614 3194 692 3255 είς
723 3192 821 3263 τὴν
859 3193 1140 3258 Ἰουδαίαν,
1193 3194 1328 3247 ἐτῶν
1379 3197 1466 3249 ἐπ’
1490 3198 1673 3261 αὐτοῖς
1716 3199 1855 3270 πλη-

1960 3207 2127 3270 enim,
2164 3213 2221 3257 ut
2251 3202 2383 3268 dixi,
2424 3201 2699 3272 Babylone
2724 3205 3025 3267 expugnata
3049 3238 3064 3262 ,
3111 3199 3452 3267 superstites,
3483 3205 3540 3252 et

276 3285 560 3358 ρωθέντων
587 3283 677 3337 τὸν
714 3283 945 3354 ἀριθμὸν
972 3284 1364 3355 ἐϐδομήκοντα.
1401 3286 1584 3356 Κῦρος
1627 3289 1755 3358 γὰρ,
1785 3290 1859 3352 ὼς

274 3379 434 3448 ἔφην,
461 3375 560 3447 τὴν
603 3374 896 3428 Βαϐυλῶνα
945 3373 1103 3438 ἐλὼν,
1129 3379 1230 3446 τῆς
1269 3377 1643 3446 αἰχμαλωσίας
1691 3379 1860 3448 ἀνῆκε

271 3471 402 3531 τοὺς
451 3465 918 3538 περιλειφθέντας,
955 3465 1050 3518 καὶ
1095 3468 1476 3538 σεσωσμένους
1521 3468 1579 3534 ἐξ
1620 3469 1857 3540 Ἰσραήλ.

279 3559 380 3612 Διὰ
406 3558 580 3623 τοῦτο,
620 3557 806 3626 φησιν,
831 3555 1082 3624 ἐγένεσθε
1111 3551 1223 3611 οἷον
1246 3559 1478 3612 δαλίδιον
1507 3560 1857 3630 ἡμίφλεκτον,

282 3651 373 3704 καὶ
403 3651 460 3704 ἐν
487 3651 688 3720 ὀλίγοις
717 3649 796 3702 ἔτι
826 3649 1099 3719 λειψάνοις
1129 3649 1451 3721 σωζόμενον.
1477 3651 1610 3704 Θεοῦ
1634 3668 1858 3722 τοιγαρ-

275 3737 371 3793 οῦν
404 3739 750 3802 παιδεύοντος
791 3738 849 3792 τὸ
891 3739 1284 3796 ύποπτιοῦσθαι
1318 3741 1535 3812 πικρὸν,
1567 3742 1856 3811 παραίτιον

274 3831 330 3884 δὲ
361 3831 456 3884 καὶ
484 3829 590 3883 τῶν
635 3831 715 3884 ἔτι
758 3831 1197 3902 δυσαχθεστέρων
1227 3831 1378 3884 ἔσται
1404 3833 1589 3887 κακῶν
1612 3837 1726 3897 τοῖς
1759 3833 1858 3905 τὴν

273 3922 528 3992 αἴσθησιν
573 3922 1005 3992 ἀποσειομένοις,
1046 3922 1154 3974 ἀπό
1187 3939 1251 3989 γε
1291 3921 1385 3974 τοῦ
1418 3923 1528 3976 δεῖν
1578 3925 1858 3995 ἀκαταλή-

275 4031 421 4076 κτως
456 4015 593 4066 ἱέναι
629 4013 764 4081 πρὸς
809 4012 870 4064 τὸ
902 4012 1032 4082 δρᾷν
1074 4011 1312 4076 ἑλέσθαι,
1347 4013 1441 4066 καὶ
1474 4017 1690 4083 φρονεῖν
1717 4015 1752 4068 ἃ
1786 4016 1858 4087 μὴ

274 4103 677 4172 θέμις.”ονπερ
707 4102 815 4170 γὰρ
846 4102 1044 4170 τρόπον
1074 4104 1121 4153 oi
1153 4101 1253 4165 τὰς
1294 4103 1402 4154 τῶν
1437 4105 1704 4171 σωμάτιον
1731 4107 1861 4158 ἁνα-

277 4193 579 4252 κόπτοντες
605 4190 812 4252 νόσους,
845 4190 1060 4243 καὶτοῦ
1089 4191 1415 4261 θεραπεύειν
1444 4191 1708 4246 δύνασθαι
1761 4194 1860 4266 τὴν

277 4284 478 4352 πεῖραν
509 4282 895 4351 ἐξησκηκότες,
927 4280 995 4333 τὰ
1025 4281 1132 4333 τῶν
1155 4281 1486 4352 τραυμάτων
1509 4282 1862 4356 δυσαισθητό-

273 4386 410 4444 τερα
443 4371 664 4444 θερμοῖς
695 4375 790 4425 καὶ
813 4371 1030 4443 δριμέσι
1053 4372 1364 4442 φαρμάκοις
1405 4373 1857 4444 ἀποκαθαίρουσι,

278 4466 372 4517 καὶ
403 4465 501 4534 τῆς
533 4463 758 4534 ἐνούσης
790 4465 974 4527 αὐτοῖς
1009 4464 1350 4534 ἀκαθαρσίας
1373 4465 1434 4518 τὸ
1466 4466 1636 4536 πάχος
1659 4467 1856 4522 ἀπολε-

278 4557 588 4620 πτύνοντες,
617 4559 726 4620 τοῖς
751 4557 815 4610 ἐκ
848 4557 1042 4626 τέχνης
1071 4556 1476 4625 ἐπικουρήμασι
1508 4561 1859 4629 παραχωρεῖν

277 4647 680 4714 ἀναπείθουσιν,
715 4647 858 4701 οὕτω
885 4649 978 4700 καὶ
1009 4649 1037 4700 ὀ
1066 4647 1245 4700 πάντα
1272 4647 1554 4714 γινώσκων
1581 4649 1712 4712 Θεὸς
1733 4652 1860 4713 τοὺς

278 4741 593 4810 ἀναλγήτως
619 4740 841 4808 ἔχοντας
867 4739 996 4809 περὶ
1020 4737 1091 4791 τὰ
1126 4736 1318 4807 μικρὰ,
1347 4742 1464 4801 ταῖς
1494 4740 1574 4793 ἔτι
1603 4741 1857 4809 χαλεπω-

1963 3303 2251 3357 restantes,
2277 3307 2341 3347 ex
2372 3293 2684 3359 captivitate
2737 3288 2896 3343 solvit
2946 3289 3016 3344 ".
3062 3289 3292 3351 Idcirco,
3324 3288 3530 3358 inquit,

1963 3387 2088 3440 facti
2125 3385 2262 3440 estis
2307 3393 2565 3452 tanquam
2609 3379 2771 3435 turris
2817 3381 3069 3450 exiguus,
3122 3380 3440 3445 semiustus,
3483 3386 3537 3433 ct

1961 3477 2138 3529 adhuc
2189 3474 2242 3527 itt
2285 3473 2475 3541 pattcis
2527 3471 2768 3542 reliquiis
2806 3481 3156 3526 conservatus
3197 3470 3264 3523 “.
3303 3469 3539 3525 Proinde

1962 3563 2070 3618 Deo
2111 3563 2390 3632 puniente,
2429 3565 2679 3631 supinum
2714 3576 2778 3615 ac
2825 3564 3184 3631 negligentem
3225 3575 3368 3625 esse,
3410 3574 3537 3627 per-

1961 3655 2250 3720 niciosum;
2279 3662 2333 3707 et
2373 3652 2587 3706 amoliri
2613 3667 2852 3715 sensum,
2896 3653 3139 3717 citraque
3175 3650 3536 3704 cessationem

1957 3747 2028 3799 ab
2054 3743 2229 3798 ofﬁcio
2268 3743 2333 3796 ad
2373 3741 2660 3794 arbitrium
2705 3725 2908 3792 nefaria
2943 3738 3177 3793 faciendi
3235 3738 3539 3807 cogitandi-

1960 3849 2066 3903 que
2130 3832 2434 3895 discedere,
2472 3828 2960 3884 intolerabiliorum
3029 3829 3208 3883 adhuc
3270 3829 3535 3884 malorum

1961 3940 2122 3980 causa
2148 3932 2250 3978 est.
2280 3923 2397 3990 Quo
2427 3921 2571 3977 enim
2626 3931 2812 3990 pacto,
2857 3920 3073 3974 morbos
3119 3934 3404 3988 corporum
3445 3919 3538 3975 de-

1959 4017 2244 4086 pellentes,
2294 4024 2350 4068 et
2390 4014 2441 4066 in
2472 4011 2770 4067 medicandi
2817 4010 3010 4081 peritia
3061 4011 3378 4076 exercitati,
3417 4009 3536 4064 vul-

1960 4123 2089 4162 nera
2124 4107 2189 4162 ad
2223 4105 2557 4161 curationem
2611 4102 2918 4156 difﬁciliora
2968 4101 3159 4156 calidis
3207 4112 3262 4156 et
3319 4103 3538 4158 acribus

1961 4197 2376 4252 medicamentis
2422 4196 2773 4259 abstergunt,
2818 4201 2875 4246 et
2921 4191 3278 4246 innnunditize
3315 4207 3434 4261 qua:
3481 4193 3534 4246 iu

1963 4291 2069 4343 illis
2102 4299 2186 4342 est
2217 4288 2633 4342 crassitudinem
2665 4294 3056 4346 extenuantes,
3102 4283 3413 4337 artiﬁciosis
3439 4297 3538 4337 cu-

1960 4379 2261 4436 rationibus
2315 4379 2504 4433 cedere
2544 4385 2776 4446 cogunt;
2826 4377 2897 4428 ita
2943 4391 3159 4444 quoque
3206 4375 3387 4429 omnia
3441 4388 3534 4429 co-

1963 4485 2228 4543 gnoscens
2262 4468 2426 4532 Deus,
2469 4467 2630 4537 295
2663 4481 2727 4520 ex
2761 4466 2940 4536 parvis
2991 4467 3231 4520 dolorem
3263 4481 3366 4519 non
3413 4479 3539 4520 sen-

1967 4563 2182 4625 tientes,
2211 4560 2384 4614 adlme
2408 4557 2781 4613 acerbioribus
2826 4557 2996 4627 plagis
3031 4567 3248 4623 onerat,
3305 4571 3536 4626 quorum

1961 4653 2348 4721 experientiam
2389 4652 2551 4706 homo
2599 4651 2820 4720 sapiens
2879 4659 2933 4703 et
2969 4649 3146 4704 solers
3195 4649 3391 4703 merito
3437 4648 3536 4703 de-

1963 4751 2232 4809 precetur.

277 4836 467 4905 τέραις
514 4835 903 4905 καταφορτίζει
940 4833 1198 4904 πληγαῖς,
1239 4827 1313 4884 ὧν
1344 4833 1504 4904 εἴπερ
1561 4852 1644 4900 τις
1696 4837 1860 4906 σοφός
1899 4838 2037 4900 ἐστι,
2073 4835 2164 4888 καὶ
2191 4834 2468 4904 ἀγχίνους,
2536 4835 2854 4902 παραιτοῖτο
2878 4832 2943 4886 ἂν
3005 4833 3229 4895 εἰκότως
3259 4829 3396 4901 πρὸς
3418 4826 3537 4881 πεί-

285 4943 377 4995 ρας
411 4925 510 4993 τὴν
546 4922 752 4989 ἔφοδον.

382 5037 487 5090 Διὰ
521 5035 698 5089 τοῦτο
729 5037 918 5103 οὕτως
957 5038 1190 5107 ποιήσω
1217 5055 1337 5106 σοι,
1357 5040 1626 5109 Ἰσραήλ.

348 5152 438 5204 Μ’.
495 5147 711 5216 Ἐπειδὴ
762 5146 906 5218 γὰρ,
942 5151 1142 5222 φησιν,
1192 5151 1308 5204 τόδε
1357 5169 1408 5223 τι
1461 5149 1855 5218 πεποιηκότος,

278 5245 498 5295 κάκεῖνο
526 5240 877 5311 προσθέντος,
902 5240 994 5292 καὶ
1027 5243 1306 5311 μονονουχὶ
1337 5244 1443 5295 πᾶν
1469 5237 1608 5302 εἶδος
1632 5241 1859 5306 ἐπάγον-

275 5352 366 5398 τος
391 5333 574 5394 αἰκίας
619 5349 713 5384 και
760 5329 960 5394 πόνων,
993 5330 1107 5383 ἀλλ’
1134 5332 1452 5401 ἀναλγήτως
1503 5330 1727 5399 ἔχοντας
1771 5348 1858 5382 τε-

277 5425 477 5493 θέαμαί
510 5441 570 5476 τε
603 5425 697 5476 καὶ
737 5421 796 5488 ἐξ
823 5419 992 5491 αὐτῆς
1023 5421 1324 5490 ἐμάνθανον
1359 5420 1574 5488 πείρας,
1605 5419 1857 5490 ταύτῃτοι

283 5534 303 5567 ι
339 5515 445 5566 Καὶ
469 5514 639 5576 οὕτως,
690 5515 906 5583 ποιήσω
935 5528 1037 5564 σοι.
1071 5531 1090 5563 ι
1127 5511 1252 5573 Πῶς
1299 5511 1356 5562 δὲ
1404 5509 1611 5574 οὖτωςς
1658 5509 1718 5561 ού
1752 5511 1858 5582 γὰρ

278 5602 524 5677 ἠρκέσθη
569 5605 681 5665 τοῖς
731 5602 988 5672 πρώτοις.
1026 5601 1424 5672 Προσεπήγαγε
1451 5599 1507 5651 δὲ
1536 5599 1630 5652 κα)⁹
1671 5599 1768 5671 τὴν
1802 5603 1859 5654 ἐν

350 5812 394 5843 ³³
422 5809 559 5865 Osce
595 5822 710 5872 vtn,
752 5805 838 5859 ll.
937 5803 1114 5860 “Jcr.
1144 5819 1329 5871 xxxix,
1353 5806 1404 5861 8.

1505 5808 1548 5840 "
1587 5808 1626 5863 ll
1653 5809 1826 5864 Paral;
1855 5825 2033 5877 xxx",
2061 5809 2168 5877 Ὧς

2034 5031 2324 5100 Propterea
2355 5029 2428 5082 sic
2456 5027 2648 5096 faciam
2677 5027 2789 5093 tibi,
2816 5025 3011 5081 Israel.

2033 5144 2146 5199 XL.
2176 5144 2490 5210 Postquam,
2520 5141 2822 5209 inquit,!toc
2853 5139 2976 5206 feci,
3004 5147 3057 5192 et
3085 5138 3215 5192 illttd
3240 5138 3443 5208 addidi,
3482 5151 3538 5196 et

1964 5246 2167 5290 tantum
2203 5250 2307 5288 non
2337 5246 2497 5285 omne
2531 5245 2700 5301 genus
2729 5229 3006 5299 plagarum
3045 5229 3404 5298 dolorumque
3449 5233 3534 5284 in-

1963 5329 2083 5393 tnli,
2111 5335 2165 5381 et
2221 5324 2574 5378 nihilominus
2629 5321 2774 5375 nullo
2829 5321 3015 5373 dolore
3068 5322 3392 5374 commoveri
3440 5336 3533 5379 eos

1965 5420 2094 5483 vidi,
2148 5425 2510 5484 expertusque
2553 5412 2741 5477 didici,
2787 5412 2988 5464 idcirco
3023 5427 3040 5461 ι
3099 5411 3164 5464 Ει
3213 5411 3292 5466 sic
3339 5413 3533 5468 faciant

1967 5510 2083 5563 tibi.
2119 5527 2138 5561 ι
2183 5506 2463 5573 Quomodo
2500 5513 2678 5557 autem
2706 5501 2836 5554 sic?
2892 5500 3003 5554 Non
3045 5503 3188 5554 enim
3247 5512 3537 5558 contentus

1967 5601 2066 5655 fuit
2101 5598 2312 5669 primis,
2365 5596 2458 5651 sed
2494 5592 2753 5661 aequalem
2811 5592 3207 5649 Sodomitarum
3242 5591 3535 5652 calamitati

2245 5810 2292 5843 “
2324 5807 2521 5864 lEsdr.
2550 5822 2588 5876 ι,
2616 5807 2833 5878 passim.
