4054 6274
514 307 620 374 ι87

1546 305 1607 360 S.
1647 302 1922 361 CYRILLl
1959 299 2434 360 ALEXANDRINI
2472 297 2796 357 ARCHIEP.

3683 297 3791 356 488

513 425 895 497 catastrophen
926 424 1144 495 adjecit.
1173 424 1454 479 Postrema
1505 421 1672 489 enim,
1705 430 1764 477 ut
1791 422 1932 490 dixi,
1970 423 2093 478 talis

2210 420 2299 493 ίσῳ
2329 419 2604 490 Σωδόμοις
2631 413 3346 488 καταστροφήν.Τελευταία
3371 415 3502 487 γὰρ,
3525 416 3602 480 ώς
3625 415 3791 486 ἔφην,

513 521 671 592 plaga
694 521 761 576 ab
785 520 926 574 irato
959 518 1068 572 Deo
1106 514 1212 570 illis
1241 511 1446 568 inﬂicta
1475 521 1583 568 est.

596 697 986 756 Verumtamen,
1025 693 1149 762 quia
1196 692 1271 745 sic
1292 692 1486 760 faciam
1521 691 1616 744 tibi
1643 730 1658 757 ,
1692 705 1999 760 pra-’parare
2028 693 2097 743 ad

513 788 862 845 invocandum
905 785 1070 840 Deum
1099 792 1270 848 tuum,
1306 779 1506 838 Israel.

581 878 720 935 XLI.
753 878 824 930 At
863 876 1032 941 enim,
1077 875 1123 930 si
1161 875 1266 941 vis,
1304 875 1501 944 inquit,
1526 889 1749 930 causam
1795 889 1960 930 nosse
1999 888 2099 928 cur

514 970 588 1026 ita
621 971 816 1026 faciam
859 969 980 1034 tibi,
1012 969 1204 1023 audies
1247 967 1434 1035 utique
1463 1005 1479 1031 ,
1520 967 1648 1022 dum
1701 965 1939 1021 l‘erimiui
1984 973 2099 1018 tan-

515 1071 626 1117 tum
655 1075 762 1114 non
799 1059 1066 1114 clamante
1094 1067 1150 1112 et
1179 1057 1416 1122 dicente,
1450 1057 1542 1126 qui
1573 1055 1841 1148 vaferit,
1893 1073 1913 1107 ι
1952 1053 2098 1109 Pna-

516 1167 707 1222 parare
763 1150 830 1205 ad
885 1149 1244 1204 invocandum
1312 1149 1479 1202 Deum
1528 1145 1714 1211 tuum,
1758 1147 1944 1214 Israel,
1985 1163 2007 1199 ι
2042 1145 2095 1200 id

513 1254 618 1309 est,
645 1243 874 1312 impiger
901 1250 955 1296 et
985 1241 1167 1294 alacer
1195 1247 1334 1302 esto,
1370 1247 1430 1292 ut
1452 1253 1557 1293 non
1609 1238 1844 1294 alienum
1895 1245 1951 1292 et
1996 1236 2098 1290 ial-

515 1347 634 1386 sum
666 1332 824 1386 deum
859 1330 1097 1394 invoces,
1127 1329 1222 1383 sed
1255 1327 1421 1382 Deum
1458 1326 1647 1392 Israel,
1681 1329 1782 1382 hoc
1807 1335 1913 1393 est,
1935 1341 2096 1397 quem

2198 514 2380 576 αὐτοῖς
2413 513 2448 583 ἡ
2476 511 2654 566 τοιάδε
2681 508 2865 580 πληγὴ
2895 506 2985 561 διὰ
3016 505 3115 577 τῆς
3147 505 3298 568 θείας
3323 505 3498 578 ὀργῆς
3524 509 3795 580 ἐπενηνε-

2199 620 2346 657 κται.

2270 692 2464 762 Πλὴν,
2494 690 2586 746 ὅτι
2611 691 2801 757 οὕτως
2827 688 3064 755 ποιήσω
3095 705 3216 756 σοι,
3247 685 3554 758 ἐτοιμάζου
3583 688 3799 744 ἐπικα-

2197 783 2435 838 λεῖσθαι
2457 782 2564 836 τὸν
2597 782 2747 836 Θεόν
2771 796 2910 845 σου,
2929 779 3198 849 Ἰσραήλ.

2269 875 2408 929 MA’.
2465 873 2604 926 Ἀλλ’
2631 874 2679 925 εἰ
2701 871 2765 944 δὴ
2797 870 3028 940 βούλοιο,
3054 869 3210 940 φησὶ,
3239 868 3432 940 μαθεῖν
3454 869 3556 941 τὴν
3582 871 3796 939 αἰτίαν,

2197 966 2265 1021 δι’
2286 966 2353 1037 ἢν
2380 965 2554 1028 οὕτως
2575 964 2788 1034 ποιήσω
2811 979 2916 1024 σοι,
2943 961 3121 1034 πεύσῃ
3146 961 3212 1033 δὴ
3238 962 3478 1026 πάντως,
3504 963 3799 1032 μονονουχὶ

2198 1055 2572 1126 πληττομένου
2612 1053 2767 1125 ὑμῶν
2800 1053 3030 1124 βοῶντός
3051 1069 3110 1106 τε
3141 1053 3236 1106 καὶ
3258 1052 3506 1122 λέγοντος
3529 1070 3543 1084 ⁸
3576 1073 3595 1105 ι
3618 1054 3797 1108 Ἑτοι-

2202 1149 2373 1220 μὰζου
2407 1145 2500 1201 τοῦ
2544 1144 2895 1200 ἐκκαλεῖσθαι
2926 1145 3018 1198 τὸν
3050 1143 3184 1197 Θεὸν
3211 1161 3327 1211 σου,
3365 1143 3607 1214 Ἰσραήλ.
3643 1163 3662 1196 ι
3697 1145 3796 1210 Τὸ,

2210 1235 2682 1310 Ἑτοιμάζου,ἀντὶ
2712 1235 2830 1302 τοῦ,
2863 1233 3162 1299 Σπούδαζε,
3191 1236 3384 1300 ἇοκνὸς
3424 1253 3486 1289 τε
3535 1237 3632 1290 καὶ
3656 1239 3796 1309 πρό-

2199 1329 2368 1400 θυμος
2422 1327 2514 1382 ἔσο
2562 1327 2656 1380 τοῦ
2693 1326 3074 1380 ἐπικαλεῖσθαι
3100 1325 3190 1380 τὸν
3237 1327 3312 1396 μὴ
3347 1325 3652 1397 ἀλλότριον,
3696 1329 3796 1383 καὶ

518 1439 615 1478 usu
650 1422 766 1491 ipso
795 1419 1116 1490 cognovisti,
1149 1419 1240 1488 qui
1273 1427 1468 1474 natura
1501 1429 1558 1474 et
1589 1419 1841 1486 veritate,
1891 1428 1948 1474 et
1987 1433 2093 1474 non

2210 1417 2565 1487 ψευδώνυμον,
2595 1415 2732 1470 ἀλλὰ
2775 1418 2866 1469 τὸν
2911 1415 3042 1468 Θεόν
3070 1432 3187 1481 σου,
3227 1414 3459 1487 Ἰσραὴλ,
3490 1418 3790 1483 τουτέστιν,

513 1511 873 1582 quorumdam
896 1509 1183 1565 excellenti
1240 1510 1474 1566 artiﬁcio
1508 1510 1760 1566 inventus
1784 1519 1868 1567 est
1890 1550 1906 1576 ,
1956 1511 2097 1566 sicut

2210 1503 2254 1556 iv
2281 1502 2348 1555 δι’
2377 1503 2547 1573 αὐτῆς
2577 1501 2748 1570 ἔγνως
2774 1503 2874 1572 τῆς
2905 1503 3121 1574 πείρας,
3155 1503 3231 1566 ὼς
3255 1503 3371 1557 ἔστι
3404 1505 3560 1574 φύσει
3597 1524 3658 1559 τε
3690 1507 3789 1562 καὶ

516 1602 767 1659 videlicet
795 1617 919 1673 qua:
957 1616 1024 1658 ex
1065 1600 1226 1672 lignis
1253 1610 1311 1658 et
1359 1602 1627 1672 lapidibus
1659 1602 2021 1660 fabricantur.

589 1870 754 1926 Vens.
781 1871 866 1926 l5.
897 1870 1108 1926 Idcirco
1165 1887 1281 1926 ecce
1309 1888 1400 1942 ego
1435 1872 1656 1941 ﬁrmans
1702 1871 2013 1936 tonitruum,
2049 1881 2098 1927 et

526 1979 713 2018 creans
741 1964 1006 2032 spiritum,
1030 1972 1078 2016 st
1117 1963 1442 2017 annuntians
1488 1964 1545 2016 in
1572 1963 1807 2017 homines
1831 1962 2099 2017 Christum

517 2071 692 2114 suum,
721 2053 920 2122 faciens
944 2069 1098 2108 mane
1127 2064 1176 2108 et
1217 2053 1486 2120 nebulam,
1535 2063 1585 2108 et
1618 2055 1906 2110 ascendens
1941 2070 2100 2123 super

517 2141 723 2200 excelsa
779 2152 936 2198 terra:
964 2181 982 2209 ,
1024 2141 1288 2198 Dominus
1339 2143 1479 2198 Deus
1533 2143 1858 2214 omnipotens
1913 2159 2101 2198 nomen

517 2234 618 2290 illi.
775 2294 796 2309 η
1903 2227 1928 2234 “
1964 2229 1967 2231 ·

587 2323 746 2380 XLII.
779 2324 1104 2381 Excellentis
1136 2325 1505 2395 oppositione,
1543 2328 1690 2397 quod
1728 2326 1969 2382 deterius
1998 2325 2099 2381 ba-

517 2417 678 2474 betur
700 2416 859 2473 facile
885 2419 1151 2472 noscitur.
1180 2416 1251 2474 Ut
1277 2416 1441 2489 igitur
1463 2417 1730 2473 idolorum
1756 2417 2101 2473 imbecillitas

519 2510 942 2580 appareatapud
994 2523 1123 2576 eos,
1163 2509 1256 2579 qui
1307 2523 1418 2578 pra:
1466 2523 1661 2580 magna
1698 2509 1927 2564 stultitia
1967 2508 2101 2564 deos

516 2616 641 2657 esse
663 2609 720 2656 et
747 2600 1055 2656 adorandos
1081 2601 1449 2670 opinabantur
1473 2640 1489 2668 ,
1534 2600 1743 2656 utiliter
1771 2599 1930 2656 nobis
1962 2599 2104 2670 seip-

517 2708 638 2749 sum
677 2693 1059 2749 universorum
1112 2691 1372 2748 Dominus
1415 2691 1806 2759 manifestans,
1844 2692 2103 2748 Condito-

520 2801 635 2842 rem
681 2797 737 2841 et
783 2784 1166 2840 universorum
1195 2782 1624 2850 iabricatorem,
1678 2793 1734 2839 et
1775 2792 2102 2854 potestatem

520 2879 576 2932 in
603 2891 702 2932 nos
735 2887 1028 2942 tenentem,
1074 2885 1129 2931 et
1181 2885 1241 2930 ut
1267 2891 1447 2932 rerum
1504 2877 1862 2932 humanarum
1906 2878 2104 2948 guber-

521 2975 789 3032 natorem,
821 2966 968 3020 omni
1002 2964 1294 3020 altitudine
1319 2972 1376 3018 et
1405 2966 1554 3018 omni
1587 2964 1910 3019 excellentia
1943 2979 2105 3035 supe-

524 3054 752 3117 riorem,
789 3062 846 3107 et
867 3052 1046 3107 omnis
1087 3059 1349 3105 creatura:
1391 3049 1890 3108 administratorem
1933 3052 2104 3110 intro-

2195 1591 2446 1664 ἀληθείᾳ,
2483 1592 2577 1645 καὶ
2613 1593 2676 1646 ού
2702 1591 2793 1645 διὰ
2822 1594 2922 1663 τῆς
2969 1607 3132 1646 τινων
3171 1593 3456 1662 εὐτεχνίας
3485 1595 3788 1666 ἐξευρημέ-

2197 1702 2308 1749 νος,
2339 1683 2591 1756 καθάπερ
2620 1683 2813 1756 ἀμέλει
2833 1684 2906 1738 τὰ
2929 1684 2995 1738 ὲκ
3028 1682 3203 1750 ξύλων
3247 1684 3342 1739 καὶ⁹
3367 1685 3531 1740 λίθων
3554 1704 3789 1760 πεποιη-

2131 1782 2172 1839 ll
2204 1779 2364 1850 μένα.

2271 1869 2426 1922 Διότι
2469 1868 2598 1923 ἰδοὺ
2638 1869 2774 1939 ἐγὼ,
2804 1869 3070 1938 στερεῶν
3107 1869 3404 1938 βροντὴν,
3432 1869 3534 1924 καί
3582 1869 3788 1930 κτίζων

2201 1959 2436 2029 πνεῦμα
2460 2000 2476 2026 ,
2529 1960 2631 2014 καί
2683 1961 3084 2032 ἀπαγγέλλων
3136 1963 3223 2030 είς
3273 1960 3632 2030 ἀνθρώπους
3689 1961 3791 2015 τὸν

2200 2051 2464 2118 Χριστὸν
2495 2049 2705 2117 αὑτοῦ,
2741 2050 2928 2105 ποιῶν
2977 2051 3210 2120 ὄρθρον,
3246 2051 3345 2105 καί
3379 2052 3669 2122 ὀμίχλην,
3697 2050 3790 2105 καί

2199 2142 2524 2196 ἐπιϐαίνων
2548 2141 2648 2197 ἐπὶ
2677 2141 2750 2196 τὰ
2774 2142 2990 2211 ὑψηλὰ
3019 2141 3132 2212 τῆς
3158 2141 3292 2213 γῆς,
3328 2143 3547 2211 Κύριος
3580 2145 3615 2197 ὁ
3650 2143 3792 2209 Θεὸς

2201 2232 2625 2302 παντοκράτωρ
2663 2233 2852 2304 ὄνομα
2877 2233 3059 2301 αὐτῷ.

2271 2322 2406 2378 MB’.
2446 2325 2525 2394 Τῇ
2573 2322 2668 2377 τοῦ
2719 2323 3050 2396 προύχοντος
3103 2325 3575 2397 ἀντιπαραθέσει,
3626 2326 3690 2379 τὸ
3737 2328 3793 2380 ἐν

2204 2417 2471 2490 ὑπολήψει
2489 2420 2555 2489 τῇ
2580 2417 2784 2490 χείρονι
2808 2418 3006 2491 ῥᾳδίως
3028 2417 3460 2490 ἐλέγχεται.⁶’1να
3479 2419 3670 2474 τοίνυν
3688 2420 3794 2473 τῶν

2202 2509 2437 2565 εἰδώλων
2469 2511 2530 2564 τὸ
2558 2509 2787 2582 ἀδρανὲς
2815 2510 3142 2582 ἐκφαίνηται
3175 2511 3329 2583 παρά
3360 2528 3422 2580 γε
3451 2514 3567 2577 τοῖς
3595 2513 3795 2584 οἰηθεῖ-

2205 2621 2290 2657 σιν
2314 2603 2380 2656 ἐκ
2413 2602 2616 2673 πολλῆς
2649 2602 2788 2672 ἄγαν
2815 2602 3164 2675 ἀϐελτηρίας,
3195 2604 3273 2669 ὡς
3298 2604 3411 2659 θεοί
3439 2622 3498 2659 τε
3533 2599 3672 2672 εἷεν,
3706 2605 3796 2660 καὶ

2204 2696 2632 2770 προσκυνεῖσθαι
2679 2696 3003 2770 πρέποντες,
3031 2697 3320 2770 χρησίμως
3351 2700 3487 2770 ἡμῖν
3531 2699 3730 2753 ἐαυτὸν
3761 2688 3796 2752 ’ό

2202 2790 2312 2844 τῶν
2345 2791 2480 2844 ὅλων
2513 2789 2646 2853 Θεὸς
2691 2790 2911 2861 ἐμφανῆ
2940 2790 3225 2856 καθιστὰς,
3256 2790 3489 2862 ποιητὴν
3520 2791 3794 2862 εἰσφέρει,

2203 2880 2300 2935 καὶ
2326 2880 2418 2935 τὸν
2445 2879 2582 2934 ὅλων
2605 2879 2961 2952 δημιουργὸν,
2990 2882 3086 2934 καὶ
3105 2881 3206 2953 τὴν
3241 2881 3366 2936 καθ’
3397 2883 3549 2953 ἡμᾶς
3586 2882 3797 2954 ἀνημέ-

2203 2985 2294 3023 νον
2342 2969 2442 3041 τὴν
2488 2967 2756 3036 ἐξουσίαν,
2790 2970 2886 3024 καὶ
2928 2969 3093 3023 οίονεί
3136 2988 3255 3036 πως
3299 2971 3408 3025 τῶν
3437 2972 3802 3044 ἀνθρωπίνων

2204 3061 2618 3131 οίακοστρόφον,
2646 3059 2908 3116 ἐπέκεινα
2955 3079 3015 3116 τε
3059 3061 3190 3116 ὄντα
3234 3063 3440 3126 παντὸς
3481 3064 3800 3136 ὑψώματος,

521 3144 690 3200 ducit.
731 3142 825 3199 Dei
853 3143 1055 3214 quippe
1106 3151 1297 3197 natura
1343 3143 1754 3215 supergreditur
1812 3144 2100 3212 universa,

2210 3153 2300 3204 καὶ
2325 3119 2543 3223 ἀπάσης
2577 3119 2872 3223 ὑπεροχῆς,
2906 3154 3002 3208 καὶ
3047 3153 3253 3225 ταμίαν
3302 3119 3494 3228 ὥσπερ
3529 3119 3666 3211 τινὰ

524 3249 626 3292 nec
651 3235 940 3292 altitudine
964 3235 1258 3291 secundum
1298 3235 1499 3304 locum,
1527 3237 1622 3294 sed
1655 3237 1841 3309 glorias
1873 3252 2105 3310 exsupeo

524 3329 704 3384 rantia
733 3367 752 3394 ,
793 3337 849 3384 et
898 3327 1314 3399 incomparabili
1353 3329 1557 3386 virtute
1606 3344 1822 3386 omnem
1883 3332 2102 3388 modum

524 3433 947 3490 mensuramque
977 3421 1350 3490 cujuscunque
1399 3420 1546 3492 quod
1573 3431 1751 3477 ortum
1770 3432 1854 3478 est
1867 3425 2101 3481 excedit.

529 3529 550 3564 ι
591 3509 786 3566 lnvoca
819 3511 984 3582 igitur
1029 3509 1200 3566 Deum
1235 3519 1386 3567 tuum
1412 3552 1429 3578 ,
1472 3512 1656 3579 Israel,
1695 3532 1716 3568 ι
1770 3514 1966 3584 inquit,
2007 3529 2108 3586 po-

526 3611 774 3658 testatem
799 3602 1228 3671 omnipotentem
1275 3611 1331 3659 et
1370 3604 1739 3674 praestantiam
1769 3605 1936 3679 296
1958 3621 2106 3663 sum-

524 3709 671 3749 mam
701 3708 1025 3765 agnoscens.
1060 3693 1169 3764 Ego
1191 3693 1333 3749 enim
1358 3709 1502 3760 sum,
1529 3703 1586 3751 et
1621 3710 1726 3751 non
1769 3697 1910 3753 alius
1944 3715 1964 3751 ι
2004 3697 2103 3754 ﬁr-

525 3796 680 3837 mans
710 3781 1030 3848 tonitruum,
1069 3801 1089 3835 ι
1155 3785 1259 3838 hoc
1286 3792 1389 3850 est,
1442 3785 1674 3841 nubibus
1704 3787 1958 3855 operiens
1990 3800 2107 3843 caa-

529 3873 661 3942 lum,
693 3884 750 3929 et
773 3875 1069 3930 demittens
1101 3874 1353 3945 pluvias;
1401 3893 1421 3929 ι
1455 3884 1511 3931 et
1541 3891 1737 3934 creans
1773 3878 2051 3948 spiritum,
2079 3896 2099 3932 ι

528 3967 634 4022 hoc
661 3976 763 4029 est,
805 3967 970 4022 etiam
1025 3976 1316 4023 ventorum
1365 3969 1636 4024 conditor.
1761 3971 2107 4029 Annuntians

527 4071 658 4111 vero
690 4056 742 4111 in
775 4057 1024 4115 homines
1049 4057 1336 4114 Christum
1369 4072 1528 4115 suum
1549 4099 1566 4126 ,
1587 4051 1823 4130 perinde
1859 4071 1942 4118 est
1968 4077 2032 4119 ac
2059 4062 2106 4119 si

527 4148 719 4205 dicat:
764 4149 866 4205 Per
893 4164 980 4206 me
1021 4164 1178 4221 reges
1225 4159 1480 4222 regnant,
1542 4161 1596 4208 et
1632 4151 1848 4222 tyranni
1896 4167 1995 4224 per
2019 4167 2107 4210 me

527 4243 647 4297 orbi
683 4248 950 4297 terrarum
980 4242 1383 4312 imperitam".
1441 4239 1720 4298 Christum
1752 4245 1895 4299 enim
1930 4245 1984 4301 in
2023 4245 2108 4302 his

527 4349 636 4388 non
663 4332 1093 4400 Emmanuelem,
1139 4333 1236 4389 sed
1273 4342 1494 4390 unctum
1523 4336 1704 4405 potius
1754 4335 1811 4392 in
1853 4351 2102 4407 regnum,

2205 3247 2333 3321 ὅλης
2361 3249 2614 3314 κτίσεως.
2645 3248 2781 3303 Θεοῦ
2808 3248 2917 3320 γὰρ
2947 3249 3109 3319 φύσις
3148 3249 3211 3304 τὺ
3246 3250 3471 3305 πάντων
3513 3251 3799 3320 ἐπέκεινα,

2204 3342 2300 3397 καὶ
2341 3341 2404 3396 οὑ
2445 3344 2690 3407 τοπικοῖς
2721 3341 3030 3413 ὑψώμασιν,
3067 3341 3205 3397 ἀλλὰ
3237 3343 3361 3408 ταῖς
3401 3342 3500 3414 τῆς
3539 3343 3797 3408 εὐκλείας

2206 3431 2522 3502 ὑπεροχαῖς,
2550 3433 2646 3486 καὶ⁸
2681 3431 2998 3503 ἀσυγκρίτῳ
3021 3432 3252 3503 δυνάμει
3299 3434 3498 3497 παντὸς
3528 3433 3790 3506 γεννητοῦ

2212 3521 2410 3592 μέτρον
2480 3522 2897 3592 ὑπερκείμενον.
2963 3537 2983 3573 ι
3025 3521 3320 3576 Ἐπικαλοῦ
3373 3521 3660 3594 τοιγαροῦν
3703 3523 3794 3578 τδν

2207 3611 2341 3664 Θεόν
2368 3629 2484 3678 σου,
2522 3612 2708 3683 φησὶν,
2727 3610 2966 3684 Ἰσραὴλ,
2997 3629 3018 3663 ι
3053 3613 3435 3682 ἐπιγινώσκων
3460 3614 3713 3679 ἐξουσίας
3742 3615 3804 3668 τὸ

2207 3704 2509 3770 παναλκές,
2539 3704 2636 3758 καὶ⁹
2685 3701 2786 3773 τὴν
2833 3701 3160 3776 ὑπερϐολήν.
3178 3704 3320 3774 Ἐγὼ
3361 3707 3469 3775 γάρ
3521 3706 3664 3776 ειμι,
3712 3706 3805 3758 καὶ

2205 3796 2304 3866 οὐχ
2328 3796 2533 3866 ἔτερος,
2556 3791 2858 3866 «ὑπερεῶν
2885 3794 3135 3868 βροντὴν,
3154 3797 3804 3866 ιτουτέστιν,συνεφείαις

2207 3886 2500 3943 καλύπτων
2546 3886 2638 3943 τὸν
2690 3888 2940 3960 οὐρανὸν,
2987 3890 3081 3944 καὶ
3127 3888 3338 3952 καθιεὶς
3388 3889 3606 3954 ὑετοὺς,
3647 3908 3667 3940 ι
3698 3889 3804 3944 Καὶ

2209 3975 2412 4041 κτίζων
2435 3974 2676 4048 πνεῦμα,
2708 3996 2728 4030 ι
2775 3978 3024 4032 τουτέστι
3078 3977 3260 4043 πάλιν,
3294 3977 3514 4048 ἀνέμων
3548 3983 3800 4050 ποιητής,

2221 4066 2608 4137 Ἀπαγγέλλων
2637 4069 2696 4122 δὲ
2724 4070 2818 4123 καὶ
2845 4071 2924 4134 είς
2965 4069 3289 4141 ἀνθρώπους
3315 4069 3408 4122 τὸν
3433 4069 3676 4140 Χριστὸν
3709 4070 3801 4124 αὑ-

2205 4154 2324 4224 τοῦ,
2355 4157 2539 4228 ὅμοιον
2566 4156 2643 4222 ώς
2668 4159 2717 4212 εί
2739 4157 2920 4228 λέγοι·
2951 4160 3030 4213 Δι’
3055 4158 3190 4230 ἐμοῦ
3227 4158 3466 4230 βασιλεῖς
3485 4159 3799 4230 βασιλεύου-

2209 4263 2283 4314 σι,
2315 4248 2410 4302 καὶ
2438 4247 2692 4320 τύραννοι
2723 4251 2792 4304 δι’
2820 4251 2954 4322 ἐμοῦ
2987 4249 3250 4322 κρατοῦσι
3274 4252 3398 4322 γῆς.
3435 4253 3676 4324 Χριστὸν
3697 4251 3798 4323 γὰρ

2206 4341 2265 4404 ἐν
2296 4340 2529 4406 τούτοις,
2562 4341 2624 4394 οὑ
2672 4341 2765 4395 τὸν
2801 4342 3175 4414 Ἐμμανουὴλ,
3208 4343 3302 4398 τὸν
3348 4343 3713 4414 κεχρισμένον
3745 4343 3797 4396 δὲ

527 4439 622 4479 seu
655 4423 723 4479 ad
746 4424 1078 4493 regnandum
1114 4423 1380 4478 nominat.
1410 4423 1671 4480 Similiter
1690 4426 1965 4496 spiritum,
1997 4443 2102 4484 non

2213 4426 2413 4500 μᾶλλον
2450 4431 2529 4494 εἰς
2568 4428 2844 4499 βασιλείαν
2883 4429 3034 4501 φησί.
3068 4429 3296 4500 Πνεῦμά
3327 4447 3388 4483 τε
3415 4431 3642 4500 ὁμοίως,
3682 4428 3798 4498 ούχὶ

529 4515 772 4568 divinum
807 4521 862 4568 et
887 4521 1132 4568 sanctum
1168 4514 1409 4582 (tametsi
1439 4515 1660 4583 quidam
1688 4515 1762 4570 ita
1807 4516 2105 4583 insaniunt,

529 4606 625 4675 qui
667 4614 812 4660 recta
845 4611 1157 4674 pervertere
1181 4605 1361 4659 conati
1401 4604 1572 4676 sunt),
1595 4605 1691 4661 sed
1725 4607 1872 4661 hunc
1902 4607 2109 4662 aerium

532 4697 997 4764 mundanumque,
1019 4695 1086 4750 de
1110 4711 1217 4766 quo
1249 4696 1364 4766 ipse
1392 4696 1644 4752 Salvator
1674 4699 1749 4752 ait
1779 4715 1794 4751 :
1825 4716 1843 4750 ι
1877 4698 2112 4768 Spiritus

533 4789 624 4843 ubi
648 4787 764 4842 vult
789 4787 957 4856 spirat
988 4788 1057 4842 ⁸⁸.
1091 4807 1110 4841 ι
1157 4789 1266 4859 Ego
1323 4788 1510 4859 igitur,
1558 4790 1754 4859 inquit,
1793 4791 1884 4860 qui
1938 4794 2111 4849 nubes

532 4881 747 4952 colligo,
784 4891 838 4935 et.
869 4879 1026 4934 ﬁrmo
1052 4881 1370 4948 tonitruum,
1406 4900 1425 4934 ι
1466 4890 1519 4937 et
1549 4883 1787 4952 produco
1815 4893 2005 4940 ventos
2044 4887 2112 4941 de

536 4970 807 5026 thesauris
851 4985 1054 5025 eorum
1093 4972 1138 5003 ¹⁹
1183 4990 1204 5024 ι
1251 4974 1344 5043 qui
1405 4973 1693 5029 manifesto
1750 4990 1909 5045 quem
1949 4975 2109 5033 veliin

537 5061 684 5130 regio
715 5061 853 5118 solio
890 5062 1073 5117 ornari
1104 5072 1158 5117 et
1185 5063 1470 5118 illustrari.
1507 5082 1526 5116 ι
1571 5064 1712 5136 Ergo
1753 5064 1869 5128 Rex
1896 5082 2110 5138 regum,

535 5162 590 5206 et
614 5151 884 5209 Dominus
911 5153 1311 5210 dominantium
1344 5156 1416 5222 '°,
1471 5175 1491 5211 ι
1535 5167 1727 5213 natura
1764 5160 1927 5227 Dens,
1958 5179 1976 5214 ι
2016 5161 2110 5231 qui

538 5245 666 5298 facit
690 5259 870 5311 mane,
906 5264 925 5298 ι
951 5246 1056 5300 hoc
1086 5255 1190 5312 est,
1219 5247 1360 5303 diem
1392 5257 1486 5303 aut
1518 5249 1692 5305 lucem
1713 5289 1730 5317 ,
1763 5250 1881 5322 ipse
1905 5258 1990 5306 est
2016 5251 2110 5323 qui

543 5354 562 5386 ι
593 5336 721 5390 facit
750 5337 1022 5405 nebulam,
1055 5355 1074 5390 ι
1129 5337 1235 5394 hoc
1285 5349 1390 5407 est,
1428 5341 1712 5408 tenebras,
1755 5351 1849 5397 aut
1872 5353 2108 5410 noctem,

541 5424 702 5494 Ipsec
759 5427 850 5496 qui
900 5430 1143 5486 ascendit
1193 5443 1355 5499 super
1396 5431 1612 5486 excelsa
1657 5441 1840 5498 terrae,
1889 5453 1910 5487 ι
1960 5433 2108 5490 οηιηί

541 5516 756 5572 excelso
781 5528 836 5575 et
863 5522 1120 5580 eminenti
1149 5523 1497 5594 praestantior
1529 5531 1584 5580 et
1619 5525 1968 5591 eminentior,
2009 5538 2108 5580 no-

2211 4519 2273 4572 τὸ
2301 4519 2441 4573 θεῖόν
2467 4535 2527 4572 τε
2555 4519 2647 4572 καὶ
2686 4518 2842 4587 ἅγιον
2871 4519 2996 4589 (κᾶν
3034 4521 3083 4573 εί
3115 4520 3390 4591 μαίνοιντό
3421 4536 3571 4582 τινες
3602 4518 3711 4572 τῶν
3734 4517 3799 4570 τὰ

2210 4610 2347 4681 ὀρθὰ
2373 4610 2716 4682 διαστρέφειν
2743 4629 2810 4682 με
2819 4610 3244 4683 μελετηκότων),
3278 4611 3419 4666 ἀλλὰ
3447 4611 3600 4664 τουτὶ
3631 4611 3693 4663 τὸ
3717 4611 3798 4661 ἐν·

2212 4701 2395 4772 αέριόν
2425 4719 2486 4755 τε
2521 4702 2616 4756 καὶ
2649 4703 2962 4774 ἐγκόσμιον,
2996 4703 3125 4775 περ)⁸
3161 4697 3223 4756 οῦ
3267 4719 3402 4773 φησι
3447 4703 3542 4757 καὶ
3586 4703 3750 4764 αὐτὸς
3771 4702 3798 4753 ὁ

2216 4793 2444 4864 Σωτήρ·
2477 4793 2580 4846 ιΤὺ
2609 4792 2828 4864 πνεῦμα
2860 4795 2993 4848 ὅπου
3021 4794 3163 4847 θέλει
3203 4797 3348 4850 πνεῖ.
3383 4815 3402 4847 ι
3423 4794 3568 4863 Ἐγὼ
3598 4796 3795 4858 τοίνυν,

2211 4884 2396 4953 φησὶν,
2431 4885 2460 4938 ὁ
2504 4874 2733 4955 νεφέλας
2778 4885 3074 4954 συλλέγων,
3108 4887 3204 4940 καὶ
3250 4887 3489 4958 στερεῶν
3547 4886 3795 4956 βροντὴν.

2215 4991 2234 5024 ι
2257 4975 2349 5028 καὶ
2372 4974 2582 5044 ἐξάγων
2608 4976 2844 5048 ἀνέμους
2874 4979 2938 5031 ἐκ
2968 4976 3257 5048 θησαυρῶν
3289 4978 3494 5042 αὐτῶν,
3528 4998 3546 5030 ι
3579 4979 3609 5030 ὁ
3640 4993 3797 5048 φανε-

2214 5065 2304 5134 ρὸν
2335 5066 2595 5130 καθιστὰς
2633 5068 2693 5120 ὃν
2733 5068 2799 5122 ἂν
2846 5068 3085 5140 ἐθέλοιμι
3115 5072 3229 5133 τοῖς
3256 5070 3359 5141 τῆς
3389 5070 3671 5141 βασιλείας
3714 5071 3797 5121 ἐν·

2215 5157 2550 5230 αὸρύνασθαι
2567 5158 2784 5224 θώκοις.
2804 5180 2823 5213 ι
2843 5161 3052 5216 Οὐκοῦν
3073 5162 3336 5226 Βασιλεὺς
3356 5162 3466 5215 τῶν
3488 5161 3797 5232 βασιλευόν-

2213 5266 2342 5314 των,
2375 5250 2467 5302 zeal.
2509 5249 2714 5320 Κύριος
2756 5250 2866 5304 τῶν
2915 5253 3297 5323 κυριευόντων,
3331 5272 3350 5306 ι
3389 5254 3417 5305 ὁ
3449 5252 3610 5321 φύσει
3645 5251 3795 5314 θεὸς,

2214 5341 2375 5404 αὐτὸς
2403 5342 2432 5394 ὁ
2459 5341 2627 5395 ποιῶν
2656 5339 2871 5410 ὄρθρον,
2898 5343 3194 5410 τουτέστιν,
3225 5343 3460 5413 ἡμέραν,
3517 5343 3638 5414 ἦτοι
3660 5341 3794 5410 φώς,

2212 5433 2372 5496 αὐτὸς
2406 5451 2424 5485 ι
2454 5436 2482 5487 ὀ
2513 5433 2679 5486 ποιῶν
2725 5433 2976 5506 ὁμίχλην,
2998 5454 3031 5487 ,ι
3069 5435 3334 5498 τουτέστι,
3373 5434 3588 5498 σκότος,
3634 5433 3668 5504 ἢ
3705 5431 3793 5485 νύ-

2212 5541 2348 5578 κτα·
2379 5525 2540 5588 αύτδς
2574 5542 2594 5576 ι
2624 5523 2919 5580 ἐπιϐαίνων
2953 5529 3046 5581 ἐπὶ
3084 5527 3152 5582 τὰ
3192 5526 3374 5599 ὑψηλὰ
3415 5526 3515 5598 τῆς
3561 5526 3687 5597 γῆς,
3716 5543 3734 5577 ι
3768 5525 3796 5576 ὁ

609 5715 654 5750 ⁸⁷
677 5712 843 5770 Prov.
874 5725 992 5780 vm,
1021 5712 1108 5784 15,
1141 5713 1230 5776 l6,
1303 5717 1348 5750 ⁸⁸
1368 5715 1526 5774 Joan.
1557 5733 1637 5788 ιιι,
1665 5717 1718 5775 8.
1793 5719 2003 5778 "Psal.
2033 5734 2099 5778 cx

2210 5733 2256 5791 ν,
2289 5719 2344 5778 7.
2415 5721 2506 5778 '“l
2534 5721 2676 5781 Tim.
2705 5740 2783 5795 vr,
2819 5726 2906 5783 15.
