4054 6274
296 373 404 431 489

1252 366 1796 427 ΕίὶλΙΜΕΧΤΑΒΓῌΒ
1836 368 1902 421 IN
1942 369 2129 425 ASIOS
2170 371 2608 431 PROPIIETAM.

3446 384 3548 445 490

300 491 505 555 παντὸς
585 491 898 561 ἐπηρμένου
968 492 1060 544 καὶ
1114 491 1315 563 ὑψηλοῦ
1366 490 1629 561 κρείττων
1680 507 1737 542 τε
1788 508 1850 542 κα

1952 542 1953 549 η
1986 506 2105 545 men
2136 494 2332 550 decens
2368 503 2420 548 et
2466 495 2649 564 gloriae
2668 510 2778 553 suae
2823 495 2873 549 in
2904 496 3092 569 primis
3125 509 3543 555 consentaneum

301 582 714 654 ὑπερκείμενος,
739 582 909 653 δνομά
931 600 990 636 τε
1013 582 1220 653 πρέπον
1272 584 1366 637 καὶ
1394 583 1527 636 πολὺ
1553 582 1673 637 λίαν
1700 582 1874 645 ἐοικὸς

299 679 366 746 τῇ
403 673 595 728 ἑαυτοῦ
628 673 756 746 δόξῃ
786 675 990 744 φορῶν,
1021 676 1080 729 τὸ
1118 694 1135 728 ι
1164 674 1366 746 Κύριος
1395 674 1806 745 παντοκράτωρ.
1846 692 1865 725 ι

297 765 406 819 Θέα
435 764 500 835 δὴ
528 759 643 828 οῦν,
673 765 805 835 ὅσην
835 766 921 835 ἐφ’
951 768 983 837 ή
994 768 1099 837 μᾶς
1130 770 1359 820 ποιεῖται
1398 766 1710 837 ἡμερότητα
1777 765 1872 820 καὶ

296 856 710 927 φιλανθρωπίαν
738 858 767 909 ὁ
799 857 907 911 τῶν
935 858 1071 912 ὅλων
1099 858 1247 922 Θεός.
1269 859 1612 929 Ἐπαρτήσας
1644 858 1749 929 γὰρ
1772 857 1869 928 τήν

293 945 547 1016 ἀπειλὴν,
582 946 677 998 καὶ
715 946 783 1000 τὰ
814 948 912 1018 μὲν
955 947 1028 1011 ὼς
1064 946 1162 1017 ήδη
1188 948 1399 1016 γέγονε,
1426 947 1495 1001 τά
1527 948 1581 1001 δὲ
1607 948 1681 1012 ὡς
1715 948 1867 1002 ἔσται

294 1033 663 1106 προειρηκὼς,
694 1036 852 1092 καλεῖ
880 1037 1012 1107 πρὸς
1045 1038 1340 1105 ἐπίγνωσιν
1362 1079 1376 1103 ,
1400 1038 1492 1092 καὶ
1517 1040 1869 1109 μυσταγωγεῖ

291 1127 382 1180 τὸν
409 1126 788 1191 ἐκκεκλικότα,
819 1128 912 1181 καὶ
943 1129 1264 1201 ἀνακομίζει
1289 1130 1424 1201 πρὸς
1451 1130 1661 1185 σύνεσιν
1687 1131 1777 1184 τὸν
1806 1133 1863 1199 ἐξ

291 1216 531 1287 ἀμαθίας
563 1218 907 1290 ὠλισθηκότα
931 1236 944 1249 °
969 1220 1200 1285 καὶτοῖς
1238 1223 1337 1276 οὐκ
1380 1223 1545 1279 εἰδόσι
1576 1223 1667 1277 τὸν
1703 1223 1864 1293 φύσει

289 1325 350 1362 τε
382 1309 479 1362 καὶ
505 1309 722 1380 ἀληθῶς
767 1310 1054 1383 δεσπότην,
1075 1313 1184 1367 ἀπό
1206 1331 1264 1366 τε
1287 1313 1380 1368 τοῦ
1403 1315 1578 1368 πάντα
1605 1315 1860 1370 δύνασθαι

290 1399 611 1470 κατορθοῦν,
633 1401 727 1455 καὶ
748 1403 1043 1473 κατάρχειν
1070 1405 1177 1457 τῶν
1200 1405 1354 1473 ὅλων,
1387 1407 1574 1461 ἐαυτὸν
1600 1408 1860 1480 καθίστη-

291 1508 376 1544 σιν
408 1491 636 1563 ἐναργῆ.
673 1492 843 1546 Τοῦτο
877 1494 934 1547 δὲ
949 1489 1017 1565 ἦν
1040 1496 1187 1566 πόνῳ
1215 1497 1309 1550 καὶ
1345 1498 1565 1569 μάστιγι
1594 1502 1860 1570 σωφρονί-

290 1579 496 1645 ζοντος,
523 1581 617 1633 καὶ
665 1582 947 1652 μονονουχὶ
979 1584 1072 1635 καὶ
1101 1583 1434 1656 ἀνεθελήτως
1463 1587 1659 1649 αὐτοὺς
1690 1602 1857 1640 κατα-

290 1672 545 1739 παίοντος
574 1674 652 1737 είς
680 1674 1035 1745 ἐπιστροφὴν,
1067 1676 1159 1728 καὶ
1182 1676 1251 1731 τὰ
1285 1676 1353 1730 δι’
1377 1670 1452 1733 ὧν
1476 1677 1622 1741 είκὺς
1647 1678 1858 1747 ἀναμα-

291 1761 402 1816 θείν
428 1762 684 1821 δύνασθαι
718 1763 785 1819 τὰ
815 1765 1022 1836 ἀμείνω
1042 1769 1278 1838 φρονεῖν,
1314 1769 1597 1839 χρησίμως
1626 1768 1856 1841 ἐπάγον-

291 1868 401 1917 τος.

872 2006 879 2011 -
906 1972 1157 2027 ΚΕΦΑΔ.
1184 1972 1263 2027 Ε’.

382 2098 686 2153 Ἀκούσατε
712 2100 819 2155 τὸν
853 2103 1039 2171 λόγον
1061 2105 1305 2172 Κυρίου,
1341 2104 1413 2157 ὃν
1443 2104 1556 2174 ἐγὼ
1581 2104 1861 2173 λαμϐάνω

292 2191 389 2259 ἐφ’
415 2191 569 2259 ὑμᾶς
590 2191 826 2261 θρῆνον.
861 2190 1037 2261 οἶκος
1065 2195 1171 2249 τοῦ
1207 2195 1441 2263 Ἰσραὴλ
1467 2197 1709 2259 ἔπεσεν,
1750 2199 1861 2249 οὐκ

290 2280 381 2335 ἔτι
402 2284 474 2336 οὐ
494 2281 581 2351 μὴ
610 2284 905 2353 προστεθῇ
927 2285 1284 2355 ἀναστῆναι.
1300 2286 1595 2356 Παρθένος
1622 2287 1861 2354 Ἰσραὴλ

285 2372 524 2442 ἐσφάλη
553 2375 648 2428 ἐπὶ
675 2375 784 2444 τῆς
815 2376 924 2447 τῆς
952 2378 1158 2443 αὐτοῦ,
1192 2381 1300 2432 οὐκ
1327 2379 1499 2432 ἐστιν
1534 2383 1566 2434 d
1592 2377 1861 2435 ἀνιστῦν

284 2465 500 2533 αὐτήν.

355 2581 490 2635 Ml".
532 2581 592 2633 Οἱ
631 2572 890 2652 μακάρὶοι
927 2585 1197 2655 προφῆται
1246 2585 1312 2639 τὰ
1343 2585 1486 2639 κατά
1524 2602 1684 2640 τινων
1734 2586 1855 2640 ἐσό-

284 2686 425 2741 μενα
475 2671 1072 2741 προαναμανθάνοντες,
1119 2668 1236 2727 εἶτα
1280 2674 1548 2745 δειμάτων
1607 2675 1856 2729 ἐντεῦθεν

281 2759 766 2830 ἀναπιμπλάμενοι
817 2761 912 2814 καὶ
970 2756 1400 2833 ὑπεραλγοῦντες
1466 2764 1541 2826 ὡς
1592 2763 1853 2832 ἀδελφῶν,

281 2847 617 2921 θερμοτέρας
646 2850 756 2903 ἐσθ’
779 2852 868 2904 ὅτε
895 2851 1170 2904 ποιοῦνται
1191 2852 1286 2916 τὰς
1303 2853 1639 2924 ἐπιπλήξεις,
1664 2852 1853 2927 μονον-

279 2941 400 3012 ουχὶ
432 2941 719 3005 δάκνοντες
766 2941 823 3009 ἐξ
859 2943 1102 3013 ἀγάπης,
1133 2944 1224 2997 καὶ
1251 2944 1627 3009 διανιστῶντες
1650 2948 1729 3011 είς
1756 2947 1851 3017 νῆ-

277 3031 371 3100 ψιν
399 3033 467 3103 τῇ
497 3032 889 3104 προαγορεύσει
925 3033 1033 3086 τῶν
1061 3035 1182 3086 ὅσον
1209 3033 1359 3087 οὔπω
1400 3035 1851 3107 συμϐησομένων,

279 3121 532 3177 Τοιοῦτόν
561 3141 615 3177 τι
641 3125 733 3178 καὶ
762 3124 856 3177 νῦν
884 3126 911 3178 ὁ
945 3127 1229 3196 προφήτης
1269 3126 1525 3191 ἐπιτελεῖ,
1553 3127 1727 3197 λέγων
1753 3130 1852 3199 μὲν

276 3211 353 3275 ὡς
402 3211 464 3276 ἐξ
504 3212 636 3266 ἰδίου
673 3215 985 3284 προσώπου,
1014 3215 1153 3286 πλὴν
1199 3216 1320 3287 οὐχὶ⁹
1369 3217 1435 3271 τὰ
1483 3218 1591 3271 ἀπὸ
1626 3220 1850 3292 γνώμης

280 3301 436 3365 ίδίας,
469 3302 583 3361 ἀλλ’
618 3303 693 3367 ὡς
734 3305 797 3357 ἐκ
827 3305 985 3360 θείων
1036 3309 1543 3379 χρησμῳδημάτων.
1580 3310 1850 3383 Ταύτῃτοί

276 3408 464 3461 φησιν·
507 3411 525 3443 ι
550 3392 838 3448 Ἀκούσατε
868 3396 960 3448 τὸν
988 3397 1146 3465 λόγον
1187 3399 1391 3469 Κυρίου
1417 3400 1624 3465 τοῦτον,
1655 3401 1712 3455 ὃν
1740 3402 1850 3471 ἐγὼ

274 3480 539 3551 λαμϐάνω
571 3486 655 3555 ἐφ’
688 3487 829 3556 ὑμᾶς
876 3487 1089 3560 θρῆνον.
1125 3509 1142 3540 ι
1181 3492 1459 3564 Λελάληκε
1514 3495 1613 3564 μέν
1652 3496 1760 3566 γὰρ
1793 3497 1849 3548 ἐν

281 3570 428 3638 ἐμοὶ,
458 3575 635 3642 φησὶν,
673 3577 700 3628 ὁ
738 3576 845 3629 τῶν
889 3578 1021 3631 ὅλων
1071 3580 1222 3645 Θεὸς,
1274 3584 1608 3638 συντέθειται
1655 3587 1713 3640 δέ
1760 3605 1848 3656 μοι

283 3659 475 3732 θρῆνος
498 3666 573 3728 εἰς
603 3667 744 3740 ὑμᾶς
764 3669 888 3731 τοὺς
916 3670 1326 3739 ἀποφοιτῶντας
1358 3676 1544 3731 αὐτοῦ.
1572 3678 1681 3730 Καὶ
1704 3679 1757 3730 τί
1782 3679 1846 3748 δὴ

275 3753 384 3825 ἄρα
413 3756 472 3806 τὸ
503 3758 693 3830 γοερόν
728 3763 843 3813 ἐστι
898 3762 1096 3832 μέλοςς
1129 3765 1181 3816 τί
1205 3766 1265 3818 τὸ
1294 3767 1575 3839 θρήνημα;
1624 3772 1717 3823 καὶ
1761 3773 1847 3840 ἐφ’

271 3844 489 3917 ὅτῳπερ
520 3848 585 3899 ἂν
618 3849 822 3917 γένοιτο
851 3853 978 3922 παρ’
1002 3854 1134 3923 ἐμοῦ
1166 3856 1224 3908 τὸ
1252 3856 1511 3927 δάκρυον;
1542 3861 1696 3929 Δεινὴ
1752 3863 1846 3915 καὶ

270 3935 630 4006 ἁνουθέτητος
675 3941 947 4009 συμφορά.
983 3940 1140 4006 υἷκος
1183 3945 1398 4016 Ἰσραὴλ
1451 3950 1633 4002 ἔπεσε.
1667 3953 1847 4006 Συνει-

272 4029 466 4098 στήκει
502 4028 599 4095 μὲν
627 4030 756 4100 γὰρ,
800 4034 1111 4102 τιμωμένου
1148 4037 1240 4088 καὶ
1278 4039 1645 4110 ἀγαπωμένου
1687 4044 1844 4098 Θεοῦ*

269 4117 677 4173 καταπέπτωκε
698 4119 753 4170 δέ
781 4120 1039 4187 νυνὶ,ταῖς
1061 4125 1166 4177 τῶν
1188 4127 1550 4199 πλανωμένων
1572 4135 1846 4200 ἁπονοίαις

270 4207 772 4277 παρωτρυμμένου.
810 4206 940 4264 Εἶτα
984 4213 1064 4275 τίς
1112 4218 1139 4268 ὁ
1185 4218 1393 4289 ἐγερῶν
1418 4222 1508 4274 τὸν
1544 4226 1653 4288 τοῖς
1683 4225 1845 4291 θείοις

271 4295 510 4366 νεύμασι
544 4300 982 4368 καταπίπτοντα
1020 4323 1037 4355 ι
1062 4306 1297 4380 Ἐσφάλη
1323 4310 1429 4381 γὰρ
1451 4315 1481 4385 ή
1511 4316 1796 4385 παρθενία,
1820 4337 1838 4371 ι

270 4386 538 4452 τουτέστι,
588 4391 945 4463 πεπόρνευκε.
983 4396 1115 4450 Ποία
1163 4399 1219 4452 δὲ
1267 4401 1439 4473 etiam;
1468 4405 1708 4473 primo;
1741 4426 1843 4462 που

270 4477 431 4531 πάλιν
478 4480 506 4532 ὁ
545 4480 778 4553 Ἰσραὴλ,
814 4485 977 4555 ἤγουν
1008 4489 1040 4558 ἡ
1075 4489 1182 4543 τῶν
1212 4491 1475 4549 Ἰουδαίων
1519 4498 1838 4573 Συναγωγή,

270 4568 407 4638 πρὸς
431 4568 495 4639 ἣν
524 4569 737 4645 εἴρηται
766 4575 915 4647 παρά
943 4576 1102 4630 Θεοῦ·
1135 4598 1152 4630 ι
1183 4581 1293 4651 Οὐχ
1324 4583 1398 4648 ὡς
1427 4582 1575 4640 οἶκόν
1615 4607 1682 4659 με
1714 4568 1841 4646 ἐκά-

265 4657 449 4747 λεσας,
474 4661 567 4715 καὶ
590 4664 818 4734 πατέρα,
841 4668 934 4720 καὶ
956 4669 1197 4742 ἀρχηγὸν
1218 4673 1318 4745 τῆς
1342 4657 1634 4747 παρθενίας
1667 4698 1759 4733 σου
1782 4699 1795 4747 ;
1818 4701 1835 4733 ι

270 4746 478 4837 Οὐκοῦν
525 4752 559 4819 ἡ
610 4753 710 4823 τῆς
763 4756 1058 4826 παρθενίας
1108 4762 1348 4833 ἀρχηγὸν
1405 4746 1643 4837 λαχοῦσα
1685 4770 1837 4834 Θεὸν,

270 4836 476 4928 ἐσφάλη
500 4838 592 4890 ἐπὶ
611 4841 706 4910 τῆς
732 4844 832 4914 γῆς
850 4848 1044 4918 αὐτῆς,
1061 4854 1326 4918 τουτέστι,
1349 4860 1706 4928 πεπόρνευκε,
1746 4864 1840 4917 καὶ

267 4925 674 5024 ἀπροφάσιστον
719 4932 828 5003 ἔχει
876 4937 974 5008 τὴν
1017 4942 1309 5013 ἁμαρτίαν.
1339 4925 1698 5021 Πεπὸρνευκε
1739 4954 1840 5024 μὲν

265 5016 374 5087 γὰρ
417 5019 942 5115 ἐιίΑίγύπτῳᾲποτέ.
963 5030 1100 5083 Ἀλλ’
1128 5029 1197 5103 ἦν
1241 5037 1299 5089 ἐν
1340 5041 1410 5109 γῇ
1449 5016 1547 5094 ούκ
1584 5043 1709 5115 ἰδίᾳ,
1740 5016 1835 5099 καὶ

262 5109 379 5170 τοῖς
422 5108 533 5161 τῶν
580 5112 923 5180 κρατούντων
965 5120 1495 5198 ὑπέστρωτοςνόμοις
1542 5134 1685 5203 τάχα
1731 5152 1833 5188 που

263 5199 360 5249 καὶ
386 5199 698 5272 ἀϐουλήτως
729 5204 808 5266 είς
837 5205 902 5259 τά
943 5209 1162 5267 ἐκείνων
1194 5215 1290 5286 ἔθη
1333 5199 1705 5289 κατεϐιάζετο,
1735 5225 1834 5294 τῆς

266 5292 597 5361 προγονικῆς
646 5294 925 5359 εὐσεϐείας
957 5300 1031 5362 ὡς
1073 5303 1131 5366 ἐξ
1175 5306 1418 5379 ἀνάγκης
1465 5292 1829 5384 ἐξωθουμένη.

259 5379 401 5432 Νυνὶ
425 5381 482 5434 δὲ
507 5384 881 5450 κατωθοῦντος
903 5390 1114 5457 οὐδενὸς
1139 5394 1274 5464 (ἔστι
1300 5400 1408 5469 γὰρ
1432 5403 1523 5453 ἐπὶ
1545 5402 1646 5470 γῆς
1677 5379 1832 5471 ἰδίας,

262 5469 392 5523 ἔνθα
422 5473 583 5544 νόμος
605 5478 632 5528 ὀ
654 5479 1015 5548 παιδαγωγὸς,
1042 5486 1388 5558 ἀποκομέζων
1418 5492 1587 5560 αὐτὴν
1614 5497 1693 5555 εἰς
1718 5497 1832 5548 ἐπί-

264 5575 464 5628 γνωσιν
483 5566 573 5619 τοῦ
602 5569 758 5636 φύσει
783 5591 840 5625 τε
866 5578 959 5629 καὶ
988 5578 1219 5647 ἀληθοῦς
1247 5582 1397 5645 ὄντος
1431 5584 1586 5649 Θεοῦ,
1620 5586 1835 5657 ἀνειμέ-

330 5740 372 5772 ³¹
397 5740 492 5796 Jer
542 5760 623 5806 ιιι,
655 5747 708 5800 ό.

497 5843 769 5905 Ρέιτιιοι.
818 5845 907 5904 Gn
980 5847 1081 5905 LX
1098 5848 1141 5906 Χ
1158 5849 1197 5910 Ι.

1924 3143 2213 3211 propheta
2265 3145 2427 3216 facit;
2477 3166 2575 3207 ceu
2609 3168 2675 3208 ex

1974 598 2187 652 gerens,
2224 600 2471 657 nempe,r
2522 588 2776 642 Dominus
2812 590 3174 658 omnipotens.
3225 609 3243 641 ι
3289 590 3418 647 Vide
3449 594 3549 664 igi-

1974 685 2345 745 tunquantam
2390 693 2515 747 erga
2571 694 2669 734 nos
2721 684 3182 739 mansuetudinem
3241 684 3547 756 benignita-

1971 776 2187 837 temque
2238 770 2595 826 declaraverit
2634 773 3007 830 universorum
3058 777 3216 833 Dens.
3259 776 3541 834 lnteutatis

1969 859 2114 912 enim
2149 859 2327 925 minis,
2370 865 2914 931 commemoratisque
2950 868 3106 922 malis
3164 872 3359 940 partim
3404 886 3543 940 prm-

1977 951 2175 1015 teritis,
2208 953 2403 1021 partim
2434 957 2732 1022 eventuris,
2751 957 2816 1009 ad
2845 958 3171 1026 agnitionem
3205 962 3287 1016 sui
3329 962 3539 1026 invitat,

1967 1049 2022 1095 et
2070 1056 2193 1096 eum
2248 1042 2336 1111 qui
2397 1043 2737 1109 declinavit,
2784 1051 3103 1118 mysterium
3151 1053 3326 1120 docet,
3380 1066 3543 1126 atque

1966 1149 2031 1187 ex
2063 1134 2332 1204 imperitia
2384 1135 2591 1206 lapsum
2622 1138 2687 1192 ad
2742 1138 3149 1211 intelligentiam
3184 1145 3432 1210 reducit;
3489 1158 3543 1201 et

1975 1226 2354 1294 ignorantibus
2389 1236 2583 1282 natura
2615 1242 2680 1282 ac
2712 1243 2836 1284 vere
2874 1230 3184 1300 Dominum,
3217 1248 3280 1287 ex
3311 1248 3376 1288 eo
3402 1238 3543 1307 quod

1961 1317 2141 1371 omnia
2161 1316 2297 1372 bene
2322 1317 2500 1373 facere
2516 1321 2702 1392 possit,
2719 1322 3053 1394 imperetque
3075 1328 3412 1389 omnibus,se
3431 1343 3544 1381 ma-

1962 1406 2210 1465 nifestum
2231 1410 2420 1463 reddit.
2446 1408 2555 1465 Hoc
2581 1422 2661 1465 est
2680 1412 2731 1467 in
2755 1414 2937 1471 dolore
2960 1425 3014 1471 et
3037 1415 3321 1488 ﬂagellnad
3343 1421 3544 1474 sanita-

1962 1507 2067 1553 tem
2121 1515 2394 1567 revocare,
2445 1510 2499 1556 et
2548 1504 2698 1571 quasi
2754 1507 2979 1562 invitum
3054 1510 3201 1579 ipsos
3263 1511 3424 1569 ferire
3474 1517 3540 1570 ad

1962 1592 2340 1657 reversionem,
2374 1602 2428 1646 et
2456 1608 2547 1662 per
2564 1611 2682 1665 qnte
2704 1609 3123 1654 consentaneum
3154 1613 3230 1658 est
3262 1618 3419 1679 posse
3445 1606 3539 1665 de-

1960 1698 2067 1739 nuo
2091 1682 2314 1737 meliora
2354 1699 2564 1752 sapere,
2596 1687 2799 1745 utiliter
2833 1689 3104 1749 indurere.

2611 1995 2759 2049 CAP.
2802 1998 2865 2053 V.

2044 2123 2205 2179 Vens.
2239 2125 2373 2190 1,2.
2431 2129 2617 2184 Audite
2681 2134 2894 2188 verbum
2952 2137 3208 2206 Domini,
3257 2148 3394 2215 quod
3442 2165 3536 2219 ego

1976 2231 2184 2269 assumo
2217 2232 2372 2284 super
2401 2237 2487 2275 vos
2519 2224 2809 2291 planctum.
2848 2228 3043 2285 Domus
3092 2233 3264 2288 Israel
3306 2241 3533 2307 cecidit,

1962 2322 2065 2360 non
2095 2310 2319 2376 amplius
2370 2312 2589 2377 adjiciat
2638 2333 2927 2388 resurgere.
2988 2323 3145 2394 Virgo

1952 2395 2097 2463 jecta
2156 2407 2230 2451 est
2285 2400 2341 2453 in
2398 2412 2591 2457 terram

1959 2501 2095 2539 eam.

3204 2327 3374 2384 Israel
3406 2351 3535 2401 pro-

2648 2422 2799 2462 suam
2833 2451 2847 2475 ,
2901 2428 3003 2465 non
3050 2424 3125 2468 est
3189 2420 3279 2485 qui
3319 2425 3534 2478 suscitet

2029 2595 2210 2651 XLIII.
2244 2598 2395 2693 beati
2439 2605 2712 2675 propheta:
2745 2612 3064 2680 quibusdam
3097 2630 3356 2676 eventura
3393 2642 3531 2693 pran-

1959 2687 2215 2757 diceutes,
2257 2690 2378 2747 inde
2429 2695 2569 2764 pleni
2603 2698 2765 2770 297
2829 2707 3145 2772 terroribus,
3195 2687 3530 2786 fratrumque

1958 2780 2131 2834 vicem
2168 2782 2466 2853 nimiopere
2498 2787 2741 2846 dolentes
2768 2832 2783 2856 ,
2830 2796 3041 2853 acriore
3090 2800 3377 2870 aliquando
3427 2780 3525 2863 ob-

1950 2868 2260 2939 jurgatione
2315 2883 2541 2931 utuntur
2582 2920 2598 2944 ,
2651 2887 3037 2953 propemodum
3094 2868 3405 2951 mordentes
3458 2912 3521 2953 er

1956 2958 2241 3025 rharitate,
2276 2975 2332 3018 et
2361 2966 2693 3037 vigilantiam
2728 2976 3142 3049 cautionemque
3179 2986 3525 3053 praedictione

1956 3065 2078 3105 mox
2100 3052 2404 3111 futurorum
2428 3062 2849 3120 exsuscitantes.
2880 3066 3010 3124 Tale
3027 3052 3278 3140 quiddam
3298 3088 3351 3132 et
3384 3095 3527 3137 nunc

2732 3171 2962 3225 persona
3018 3175 3114 3216 sua
3160 3164 3386 3237 loquens
3436 3172 3528 3229 ille

1954 3233 2188 3301 quidem,
2222 3248 2590 3296 verumtamen
2624 3260 2729 3298 non
2760 3261 2824 3302 ex
2862 3260 3040 3304 mente
3070 3270 3189 3320 sua,
3233 3233 3341 3313 sed
3375 3264 3522 3323 velut

1952 3337 1980 3375 a
2028 3322 2137 3379 Deo
2184 3326 2394 3385 alllatus
2436 3333 2516 3387 sic
2543 3335 2619 3393 ait
2663 3354 2677 3390 :
2716 3357 2733 3389 ι
2788 3340 2985 3397 Audite
3038 3350 3258 3405 verbum
3312 3353 3524 3410 Domini

1951 3417 2075 3482 hoc,
2108 3420 2249 3488 quod
2274 3436 2376 3492 ego
2425 3439 2642 3482 assumo
2681 3444 2844 3501 super
2896 3450 2989 3491 vos
3022 3438 3318 3507 planctum.
3361 3466 3377 3497 ι
3419 3447 3524 3506 Lo-

1950 3516 2103 3564 cutus
2137 3519 2220 3567 est
2266 3515 2409 3568 enim
2447 3516 2498 3571 in
2529 3533 2633 3583 me,
2688 3521 2882 3594 inquit,
2917 3529 3296 3587 universorum
3334 3539 3515 3591 Domi-

1949 3616 2069 3666 nus,
2097 3611 2151 3656 et
2183 3610 2460 3675 composui
2494 3607 2940 3670 lamentationem
2972 3633 3135 3686 super
3164 3638 3279 3687 vos,
3326 3627 3418 3699 qui
3451 3632 3519 3681 ab

1947 3707 2010 3748 eo
2038 3693 2389 3750 discessistis.
2430 3696 2711 3762 Quodnam
2741 3703 2905 3771 igitur
2947 3708 3049 3763 hoc
3080 3710 3307 3779 lugubre
3339 3693 3517 3772 canti-

1947 3784 2247 3853 cum?quae
2276 3786 2375 3839 ista
2406 3785 2725 3843 lamentatio
2750 3791 2771 3843 ἲ
2799 3802 2852 3847 et
2881 3798 3006 3863 quid
3037 3800 3247 3856 tandem
3274 3804 3519 3863 deﬂebo?

1949 3871 2236 3929 llorribilis
2266 3884 2320 3929 et
2351 3876 2762 3936 inemendabilis
2791 3883 3091 3941 calamitas.
3123 3889 3317 3947 Domus
3353 3895 3515 3953 Israel

1951 3962 2164 4018 cecidit.
2236 3963 2581 4023 Consistebat
2655 3988 2774 4027 cum
2851 3976 3143 4034 honoraret
3201 3994 3256 4038 et
3311 4003 3519 4044 amaret

1946 4052 2130 4107 Deum.
2165 4053 2317 4112 Nunc
2339 4058 2524 4113 eodem
2557 4064 2856 4118 errantium
2894 4070 3111 4123 vesania
3140 4072 3354 4132 irritato
3385 4096 3511 4135 con-

1947 4144 2092 4198 cidit.
2144 4144 2260 4200 Jam
2296 4150 2418 4217 quis
2476 4151 2661 4206 divino
2723 4165 2852 4208 nutu
2916 4170 3243 4225 prostratum
3292 4169 3519 4240 eriget?

1952 4253 1970 4283 ‹
2005 4233 2245 4304 Projccta
2271 4250 2353 4291 est
2385 4243 2526 4293 enim
2557 4243 2864 4312 virginitas.
2910 4268 2927 4299 ι
2970 4251 3082 4307 Hoc
3110 4266 3212 4321 est,
3250 4233 3515 4320 fornicata

1944 4336 2048 4379 est.
2102 4326 2360 4391 Quaenam
2424 4332 2580 4389 ista?
2641 4338 2862 4392 omnino
2914 4340 3073 4396 Israel
3127 4362 3362 4420 quoque,
3403 4358 3518 4411 sive

1943 4415 2248 4472 Judaaorum
2282 4418 2584 4494 Synagoga.
2608 4430 2692 4481 cui
2725 4430 2922 4487 dictum
2952 4445 3036 4490 est
3060 4453 3088 4491 a
3120 4415 3267 4496 lleo;
3298 4445 3517 4505 «Nonne

1874 4524 1920 4579 ι)
1946 4509 2239 4562 utdomnm
2276 4528 2362 4568 me
2388 4517 2611 4581 vocasti,
2646 4527 2699 4572 et
2744 4531 2952 4587 patrem
3006 4537 3059 4582 et
3092 4531 3283 4590 ducem
3346 4537 3515 4606 virgi-

1950 4599 2134 4655 nitntis
2162 4603 2319 4655 tuaa’l
2345 4603 2368 4656 ?
2393 4623 2410 4654 ι
2450 4605 2578 4672 Qua:
2625 4608 2786 4677 igitur
2835 4613 3000 4669 Deum
3040 4620 3367 4691 virginitatis
3406 4599 3514 4683 sine

1945 4687 2134 4743 ducem
2167 4692 2357 4746 sortita
2407 4704 2529 4760 est,
2577 4697 2628 4750 in
2675 4710 2870 4756 terram
2913 4720 3065 4759 suam
3111 4687 3348 4781 projeurta
3381 4730 3459 4770 εει
3497 4758 3512 4781 ,

1950 4782 2053 4836 Ιιοο
2085 4792 2189 4847 est,
2221 4783 2486 4840 fornicata
2516 4797 2619 4854 est,
2652 4799 2705 4844 et
2742 4803 3025 4866 peccatum
3078 4799 3241 4855 habet
3291 4804 3510 4858 inexcu-

1942 4873 2131 4928 sabile.
2195 4873 2479 4931 Fornicata
2527 4889 2607 4932 est
2648 4881 2791 4935 enim
2838 4886 2965 4940 olim
3017 4889 3067 4942 in
3108 4880 3373 4962 IEgypto:
3408 4896 3512 4952 Sed

1943 4969 2056 5016 tum
2093 4981 2196 5019 non
2232 4978 2347 5019 erat
2382 4970 2433 5020 in
2474 4978 2615 5024 terra
2644 4987 2762 5038 sua,
2797 4985 2851 5029 et
2880 4993 3014 5045 quos
3049 4982 3294 5040 dominos
3338 4989 3509 5055 patie-

1944 5054 2120 5119 batur,
2151 5071 2334 5111 eorum
2369 5059 2573 5130 legibus
2592 5065 3055 5136 substernebatur,
3091 5088 3151 5129 ac
3174 5054 3362 5132 nolens
3403 5079 3512 5134 for-

1941 5146 2082 5198 sitan
2145 5155 2308 5215 atque
2366 5148 2528 5203 invita
2577 5154 2642 5206 ad
2687 5170 2872 5211 eorum
2930 5176 3111 5216 mores
3159 5166 3507 5233 adigebatur,

1944 5236 2205 5304 maiorum
2265 5254 2482 5295 suorum
2530 5244 2784 5311 pietatem
2847 5265 2910 5304 ac
2955 5252 3267 5322 religionem
3325 5275 3507 5317 coacta

1942 5325 2403 5398 deserereuNunc
2452 5344 2607 5384 nemo
2654 5336 2815 5405 cogit.
2870 5337 2962 5391 Est
3011 5343 3153 5395 enim
3200 5345 3251 5399 in
3293 5351 3508 5418 regione

1942 5417 2180 5484 propria,
2215 5419 2301 5471 ubi
2340 5418 2420 5473 lex
2455 5422 2791 5493 pmdagogus,
2823 5429 3083 5488 reducens
3117 5441 3319 5491 eamad
3355 5417 3508 5511 agni-

1945 5511 2140 5560 tionem
2190 5509 2335 5576 ejus,
2382 5511 2472 5579 qui
2514 5521 2598 5564 cst
2639 5526 2828 5571 natura
2879 5529 2931 5575 et
2975 5539 3099 5581 vere
3147 5530 3307 5599 Dens,
3334 5509 3505 5589 soluta

1943 5612 2003 5650 ac
2038 5597 2201 5651 libera
2229 5639 2242 5663 ,
2281 5609 2335 5653 et
2374 5600 2717 5668 ineulpabilis
2750 5624 2968 5677 prorsus
3002 5619 3067 5671 ad
3102 5597 3327 5690 quodvis
3366 5642 3501 5696 [trat—

3048 5890 3114 5950 ιδ
