4054 6274
528 350 639 404 “Mli

1572 348 1629 404 S.
1671 348 1949 404 (ῖνιιιιιι
1990 349 2461 406 ΑιωχΑΝῡιιιΝι
2500 352 2823 410 ARCHIEP.

3713 366 3821 423 ωε).

541 468 910 523 clarissimum
948 482 1083 537 opus
1137 464 1243 520 via.
1303 464 1421 532 Qua
1454 464 1620 537 igitur
1658 465 1975 524 defensione
2011 478 2097 523 ute

2230 484 2293 538 νη
2344 468 2400 524 δὲ
2446 472 2540 525 καὶ
2587 472 2847 544 ἐλευθέρα
2910 475 3001 527 καὶ
3031 475 3433 550 ἀνεπίπλὴκτός
3470 480 3752 545 παντελῶς
3780 486 3815 554 ἡ

545 559 675 614 tur?
726 556 1012 615 Furnicata
1059 570 1142 613 est
1192 558 1359 626 enim,
1425 574 1533 614 non
1574 560 1860 631 compulsa
1905 559 1974 614 ab
2021 558 2123 615 ali-

540 668 667 721 quo,
700 652 953 721 sedquod
969 654 1238 721 sequitur,
1268 660 1460 723 sponte
1489 668 1553 708 ac
1579 653 1877 708 voluntate.
1912 653 2121 709 Idcirco

534 742 835 813 proiectam
871 759 977 799 non
1008 755 1092 801 est
1124 746 1215 815 qui
1267 746 1464 817 erigat.
1523 745 1750 801 Dicatur
1787 754 1842 801 et
1885 762 1914 801 a
1967 747 2121 804 nobis

537 846 936 907 peropportune
966 837 1075 893 Deo
1097 838 1275 892 omnia
1308 838 1541 894 valenti:
1583 857 1602 891 ι
1642 838 1925 896 Terribilis
1953 854 2034 907 es,
2066 849 2122 895 et

504 914 658 999 quis
694 929 909 985 resistet
935 929 1031 985 tibi
1063 932 1132 985 ab
1167 930 1245 984 ira
1280 941 1366 986 tua
1401 930 1495 987 “‘t
1534 950 1552 985 ι

494 1270 497 1273 _
597 1201 809 1258 Cecidit
832 1212 897 1258 et
926 1201 1086 1259 aliter
1120 1202 1350 1274 populus
1382 1201 1713 1264 Judaeorum,
1754 1217 1851 1270 per
1879 1202 2112 1272 injurias

530 1304 588 1351 et
614 1294 970 1350 contumelias
1018 1295 1071 1350 iu
1114 1294 1395 1351 Christum
1443 1303 1600 1350 actus
1654 1295 1707 1348 in
1756 1295 2014 1350 dedecus.
2048 1295 2116 1351 Et

529 1387 675 1454 jacet
714 1400 855 1439 nunc
906 1384 1124 1440 nemine
1171 1394 1552 1440 succurrente.
1599 1384 1890 1452 Exspectat
1930 1394 2111 1441 autem

531 1492 688 1532 suam
723 1477 1033 1533 miserantis
1062 1477 1315 1548 gratiam,
1348 1476 1576 1544 Christi,
1608 1478 1864 1547 inquam;
1902 1493 2025 1533 nam
2059 1487 2115 1534 et

529 1569 649 1640 ipse
678 1584 894 1640 quoque
920 1570 990 1623 ad
1041 1570 1374 1638 agnitionem
1406 1583 1504 1640 per
1535 1568 1693 1624 fidem
1730 1570 1988 1626 extremis
2012 1584 2113 1625 sae-

529 1660 634 1715 culi
676 1660 1013 1731 temporibus
1053 1660 1354 1716 vocabitur.

2223 560 2305 622 είς
2341 562 2449 613 πᾶν
2481 561 2658 616 ὁτιοῦν
2687 562 2796 616 τῶν
2827 563 3066 634 ἀρίστων
3107 566 3223 630 ὁδὸς
3245 610 3259 634 ,
3289 567 3375 632 τίς
3408 563 3504 623 οὖν
3546 571 3687 643 αὐτῇ
3716 573 3818 644 τῆς
3858 559 3865 563 ’

2220 649 2518 719 ἀπολογίας
2566 654 2919 727 ἐκπορισθείη
2953 657 3215 727 τρόποςς)
3236 658 3587 731 Πεπόρνευκε
3616 664 3728 736 γὰρ
3753 666 3815 719 οὐ

2221 738 2554 814 βεϐιασμένη
2606 743 2774 799 ποθὲν
2799 787 2814 813 ,
2871 745 2987 801 ἀλλ’
3029 748 3232 804 ἑκοῦσα
3283 750 3490 807 λοιπόν.
3539 754 3818 827 Ταύτῃτοι

2219 834 2676 907 κατερῤαγμένην
2703 835 2803 890 οὐκ
2828 836 2974 891 ἔστιν
2999 839 3027 891 ό
3059 840 3286 910 ὲγερῶν.
3321 842 3580 914 Είρήσθω
3621 845 3688 917 δὴ
3722 844 3819 902 οὗν

2217 919 2278 979 εὖ
2315 925 2458 995 μάλα
2486 925 2583 980 καὶ
2611 927 2747 999 πρός
2774 946 2839 998 γε
2868 929 3028 1001 ἡμῶν
3050 931 3232 987 αὐτῶν
3260 931 3338 1003 τῷ
3363 933 3546 989 πάντα
3576 936 3817 1007 ἰσχύοντι
3850 988 3855 993 .

2216 1016 2357 1089 Θεῷ·
2389 1036 2409 1070 ι
2444 1019 2516 1073 Σὺ
2544 1019 2774 1091 φοϐερὸς
2816 1016 2884 1090 εἷ,
2914 1023 3009 1077 real
3047 1023 3133 1090 τίς
3174 1025 3565 1099 ἀντιστήσεται
3598 1045 3683 1083 σοι
3708 1030 3818 1084 ἀπὸ

2215 1107 2318 1178 τῆς
2338 1107 2509 1180 ὀργῆς
2540 1125 2635 1163 σου
2659 1127 2707 1176 ςσ»
3414 1140 3417 1145 ·

2288 1197 2553 1253 Πέπτωκε
2592 1199 2650 1253 δὲ
2699 1199 2793 1253 real
2826 1200 3027 1271 ἑτέρως
3059 1202 3093 1274 ή
3126 1201 3236 1256 τῶν
3269 1203 3540 1261 Ἰουδαίων
3569 1206 3807 1278 πληθὺς,

2213 1287 2305 1342 διὰ
2343 1289 2445 1361 τῆς
2472 1290 2553 1355 εἰς
2586 1290 2821 1362 Χριστὸν
2853 1293 3139 1365 παροινίας
3175 1295 3626 1370 καταϐιαζομένη
3670 1301 3813 1372 πρὸς

2213 1377 2457 1450 ἔλεγχον
2511 1380 2606 1434 καὶ
2655 1383 2832 1435 κεῖται
2850 1381 3075 1451 λοιπὸν,
3137 1383 3514 1456 ἐπαμύνοντος
3568 1388 3812 1455 οὐδενὸς,

2216 1471 2591 1543 περιμένουσα
2626 1471 2686 1525 δὲ
2727 1471 2898 1545 μόνην
2926 1472 3024 1544 τὴν
3051 1473 3146 1528 τοῦ
3189 1477 3657 1549 κατοικτείροντος
3694 1481 3806 1551 χά-

2215 1578 2321 1634 ριν,
2382 1563 2529 1635 φημὶ
2572 1563 2638 1634 δὴ
2681 1562 2944 1635 Χριστοῦ.
2989 1565 3339 1638 κληθήσεται
3381 1568 3489 1641 γὰρ
3525 1570 3622 1625 real
3656 1572 3802 1641 αὐτὴ

2215 1653 2353 1724 πρὸς
2387 1652 2684 1722 ἐπίγνωσιν
2712 1653 2802 1710 διὰ
2829 1654 3068 1721 πίστεως
3092 1657 3151 1712 ἐν
3198 1658 3451 1730 ἐσχάτοις
3481 1660 3578 1716 τοῦ
3604 1663 3805 1730 αἰῶνος

2211 1749 2444 1818 καιροῖς.
3665 1775 3685 1795 ι

605 1841 774 1914 298
800 1841 959 1898 Vens.
978 1841 1031 1897 '5.
1054 1840 1192 1907 Quia
1207 1839 1318 1895 hac
1337 1839 1464 1894 dicit
1477 1840 1733 1895 Dominus
1768 1837 1937 1893 Deus:
1954 1836 2097 1892 Urbs.

2285 1840 2440 1896 Διότι
2479 1840 2623 1897 τάδε
2654 1840 2818 1914 λέγει
2853 1844 3071 1914 Κύριος
3091 1858 3107 1876 ⁸
3142 1846 3208 1905 Ἡ
3235 1848 3446 1917 πόλις,
3491 1850 3564 1917 ἐξ
3592 1847 3667 1923 ἧς
3700 1852 3794 1918 ἐξ·

525 1951 593 1990 ex
624 1950 728 2004 qua
762 1932 1163 2005 egrediebantur
1185 1932 1350 1997 mille,
1379 1934 1737 2003 relinquentur
1783 1942 2010 1987 centum.
2043 1931 2111 1986 Et

524 2041 593 2082 ea:
636 2043 739 2098 qua
794 2025 1199 2095 egrediebantur
1237 2033 1469 2094 centum,
1528 2024 1892 2096 relinquentur
1936 2027 2111 2080 decem

524 2120 706 2174 domui
736 2117 928 2173 Israel.

602 2208 785 2266 XLIV.
846 2208 1141 2281 Perspicua
1189 2208 1483 2267 admodum
1538 2207 1780 2265 declarat
1838 2208 1922 2265 his
1981 2223 2106 2265 ver-

444 2320 453 2323 ·
524 2303 634 2370 bis,
661 2317 900 2373 quonam
935 2302 1095 2358 modo
1119 2302 1298 2356 cadet.
1319 2299 1515 2356 Vacua:
1530 2300 1797 2371 siquidem
1829 2301 1961 2355 viris
1991 2316 2104 2356 ma-

527 2391 733 2446 nebunt
762 2391 951 2455 urbes,
989 2390 1130 2446 bello
1164 2391 1314 2446 cives
1341 2400 1720 2459 consumente,
1758 2399 1815 2446 et
1844 2405 1911 2447 eo
1937 2392 2102 2447 mise-

526 2485 731 2539 riarum
776 2484 1073 2554 redigente,
1138 2494 1195 2538 ut
1245 2482 1379 2553 ipsis
1418 2483 1506 2537 vix
1537 2483 1743 2539 decima
1785 2498 1910 2554 pars
1937 2484 2106 2538 relin-

482 2566 745 2645 ~quatur.
780 2573 1078 2645 Postquam
1129 2573 1273 2628 enim
1333 2574 1499 2629 Deum
1551 2573 1828 2628 irritantes
1880 2572 2106 2643 impuris

526 2668 866 2723 darmouibus
892 2669 959 2722 ad
993 2668 1230 2723 triduum
1262 2665 1390 2721 illud
1419 2666 1659 2722 decimas
1684 2664 2018 2730 obtulerunt,
2050 2673 2104 2720 et

523 2761 628 2830 ipsi
683 2761 771 2817 vix
820 2760 1084 2817 decimam
1122 2772 1330 2830 partem
1364 2765 1765 2825 remanserunt,
1815 2757 1930 2829 pari
1979 2771 2107 2826 pro-

524 2854 812 2922 pemodum
851 2867 1105 2907 mensura
1139 2852 1246 2907 Deo
1276 2862 1557 2922 peccatum
1605 2857 2009 2919 compensantc,
2053 2854 2105 2903 et

528 2940 904 3010 impietatibus
955 2941 1167 2994 illormu
1211 2954 1425 3008 pennam
1463 2938 1879 3008 respondentem
1926 2948 2100 2991 resne—

521 3030 719 3086 tiente.
753 3030 1026 3085 llorrihile
1064 3039 1146 3085 est
1190 3031 1352 3100 igitur
1380 3030 1433 3084 in
1467 3029 1650 3083 lurore
1686 3027 1887 3096 corripi
1921 3027 1986 3082 ³³.
2026 3026 2103 3082 ld-

519 3125 667 3180 circo
707 3133 760 3179 ct
796 3123 1112 3193 suppliciter
1143 3124 1309 3179 Deum
1346 3121 1609 3192 propheta
1641 3121 1832 3175 orabat
1863 3121 1948 3176 his
1978 3136 2100 3176 ver-

2212 1932 2572 2000 επορεύοντο
2596 1934 2802 2005 χίλιοι,
2826 1937 3379 2009 ὑπολειφθήσονται
3412 1941 3634 1997 ἑκατόν
3651 1961 3667 1975 ο
3703 1945 3799 1999 καὶ

2213 2021 2283 2087 ἐξ
2338 2017 2414 2093 ἧς
2463 2022 2895 2094 ἐξεπορεύοντο
2942 2028 3183 2095 ἑκατὸν,
3243 2032 3803 2103 ὑπολειφθήσονται

2210 2114 2361 2169 δέκα
2389 2114 2470 2182 τῷ
2495 2117 2642 2182 οικῳ
2676 2119 2945 2188 Ἰσραήλ.

2280 2208 2410 2262 MA’.
2430 2210 2721 2281 Διατρανοϊ
2745 2211 2811 2282 δὴ
2833 2211 2954 2267 λίαν
2980 2214 3038 2267 ὲν
3067 2213 3276 2280 τούτοις
3299 2216 3380 2282 τδ,
3404 2217 3526 2272 τίνα
3547 2224 3798 2277 πεσεῖται

2211 2296 2435 2369 τρόπον.
2473 2300 2774 2373 Κένανδροι
2812 2303 2943 2375 γὰρ,
2973 2305 3163 2376 φησιν,
3202 2307 3578 2379 ἀπομενοῧσιν
3604 2314 3661 2367 al
3701 2316 3790 2368 πόι

2208 2386 2342 2454 λεις,
2376 2389 2726 2456 δαπανῶντος
2770 2392 2866 2447 τοῦ
2900 2394 3139 2467 πολέμου
3167 2397 3296 2462 τοὺς
3339 2399 3398 2452 ὲν
3428 2401 3625 2467 αὐταῖς
3645 2443 3661 2468 ,
3705 2405 3804 2459 καὶ

2208 2477 2526 2551 ἀθλιότητος
2563 2483 2644 2545 είς
2672 2481 2829 2537 τοῦτο
2861 2486 3324 2556 μετακομίζοντος
3348 2529 3362 2554 ,
3390 2490 3469 2555 ὡς
3502 2492 3660 2562 μόλις
3699 2496 3803 2550 αὑ-

2207 2566 2327 2627 ταῖς
2353 2564 2449 2636 τὴν
2473 2566 2707 2639 δεκάτην
2740 2561 3032 2642 ἀπομεῖναι
3068 2576 3280 2645 μοῖραν.
3301 2561 3521 2651 Ἐπειδῆ
3552 2580 3668 2653 γὰρ
3698 2584 3802 2637 αὒο

2207 2654 2292 2707 τοὶ
2316 2656 2756 2729 παροτρύναντες
2789 2661 3145 2736 ἀνενηνόχάσι
3170 2670 3281 2734 τοῖς
3319 2669 3661 2744 ἀκαθάρτοις
3686 2674 3801 2729 δαί-

2207 2762 2367 2817 μοσιν
2412 2751 2494 2814 είς
2523 2751 2623 2823 τὴν
2671 2756 2999 2826 τριημερίαν
3034 2758 3105 2812 τὰ
3137 2759 3452 2828 ὲπιδέκατα,
3502 2765 3604 2818 καὶ
3641 2768 3798 2821 αὐτοὶ

2207 2837 2361 2908 μόλις
2421 2839 2497 2905 ὡς
2558 2843 2618 2897 ὲν
2669 2845 2838 2919 μοίρᾳ
2899 2848 3169 2922 δεκατέρᾳ
3234 2853 3794 2926 περιλειφθήσονται,

2207 2930 2493 3002 μονονουχὶ
2519 2931 2941 3003 ταλαντεύοντος
2978 2938 3113 2992 Θεοῦ
3154 2940 3214 2994 τὸ
3252 2941 3666 3015 πλημμέλημα,
3707 2950 3798 3003 καὶ

2201 3021 2321 3085 ταῖς
2348 3021 2689 3090 δυσσεϐείαις
2718 3026 2901 3082 αὐτῶν
2930 3029 3327 3101 ἀντεπάγοντος
3355 3033 3458 3105 τὴν
3504 3036 3794 3108 ἰσόρροπον

2201 3111 2378 3185 δίκην.
2422 3116 2659 3189 Φοόερὸν
2692 3114 2785 3174 οὖν
2832 3122 2942 3191 ἀρα
2994 3123 3056 3177 τὸ
3100 3125 3158 3179 ὲν
3207 3124 3367 3198 θυμῷ
3414 3127 3794 3183 παιδεύεσθαι.

521 3218 643 3273 bis:
678 3236 698 3271 ι
734 3217 961 3288 Corripe
992 3232 1113 3283 nos,
1158 3217 1381 3272 Domine
1418 3233 1429 3268 :
1469 3221 1841 3270 verumtamen
1877 3212 1928 3266 in
1953 3212 2097 3282 judi-

2204 3183 2471 3278 Taeirn'roe
2522 3183 2618 3261 real
2660 3183 2910 3283 ἐλιπάρει
2955 3211 3090 3267 Θεὸν
3138 3216 3168 3268 ό
3220 3183 3534 3290 προξρήτης,
3583 3218 3795 3287 λέγων·

518 3311 647 3375 cio,
710 3326 816 3365 non
875 3309 928 3365 in
978 3309 1163 3365 lurore
1222 3318 1335 3375 tuo,
1397 3322 1463 3362 ne
1507 3306 1571 3360 ad
1629 3319 1831 3374 paucos
1883 3305 2098 3376 redigas

515 3418 616 3457 nos
639 3401 703 3458 ³³.
738 3420 757 3455 r

593 3491 751 3547 Vnus.
783 3490 905 3547 4-6.
945 3489 1083 3557 Quia
1136 3490 1249 3544 Ira'c
1301 3489 1427 3543 dicit
1490 3487 1743 3543 Dominus
1802 3503 1958 3557 super
2002 3488 2096 3542 do-

514 3601 655 3638 mum
690 3582 863 3638 Israel
885 3598 903 3637 :
923 3581 1160 3649 Qua'rite
1192 3598 1294 3648 me,
1323 3591 1369 3635 et
1395 3580 1609 3635 vinetis:
1638 3589 1687 3634 et
1717 3596 1819 3634 non
1845 3581 2094 3650 qua’ratis

516 3675 720 3743 Bethel,
744 3685 793 3729 et
839 3677 892 3729 in
921 3673 1148 3744 Culgala
1184 3689 1286 3727 non
1327 3671 1719 3743 ingrediamiui,
1741 3681 1788 3726 et
1812 3671 1862 3725 in
1884 3680 2093 3740 puteum

511 3769 798 3836 inramenti
830 3785 931 3822 non
968 3766 1271 3830 transeatis,
1306 3765 1433 3835 quia
1460 3761 1687 3833 Calgala
1715 3762 1974 3831 captivam
2004 3778 2095 3815 ca-

513 3860 821 3930 ptioabitur,
841 3869 886 3912 et
907 3857 1087 3913 Bethel
1111 3873 1212 3910 non
1240 3856 1515 3910 exsisteus.
1541 3852 1773 3920 Quwrite
1788 3853 2091 3919 Dominum,

510 3960 563 4019 et
592 3952 763 4015 vivite,
809 3959 863 4002 ut
918 3964 1019 4002 non
1065 3946 1293 4002 relucent
1359 3955 1414 3999 ut
1462 3945 1598 4016 ignis
1638 3945 1826 4000 domus
1870 3942 2088 4013 Ioseph,

510 4052 558 4098 et
593 4043 833 4108 ,devoret
892 4056 1008 4096 eam
1043 4078 1057 4102 ,
1113 4049 1159 4095 et
1211 4055 1313 4093 non
1362 4039 1460 4093 erit
1517 4039 1856 4108 exstinguens
1908 4037 2089 4092 domui

507 4134 703 4191 Israel.

577 4306 745 4363 XLV.
776 4305 1011 4361 Rursum
1042 4307 1281 4376 peccatis
1324 4307 1674 4379 quantumvis
1712 4308 2007 4381 grandibus
2036 4317 2091 4363 et

507 4401 730 4458 minime
754 4397 994 4454 ferendis
1016 4397 1264 4469 alligatos
1295 4398 1347 4453 in
1374 4399 1808 4469 desperationem
1841 4398 1947 4453 labi
1976 4414 2082 4454 non

505 4495 659 4550 sinit.
700 4490 962 4563 Proponit
1002 4496 1184 4544 autem
1217 4498 1272 4543 et
1302 4490 1551 4559 praetexit
1591 4490 1769 4545 divina
1800 4490 2084 4560 promissa,

503 4594 667 4653 atque
701 4580 774 4637 ita
804 4593 900 4636 eos
926 4577 1074 4634 velut
1102 4578 1340 4647 piscator
1377 4592 1576 4647 sageua
1611 4580 1679 4635 ad
1709 4580 2081 4650 parnitentiam

503 4669 801 4728 concludit.
829 4667 1153 4725 Necessario
1178 4676 1361 4725 autem
1397 4669 1571 4739 ipsum
1611 4677 1668 4725 et
1698 4684 1842 4726 nunc
1871 4670 2080 4728 scelera

500 4764 583 4819 eis
623 4762 1004 4826 remissurum,
1029 4767 1083 4815 et
1130 4759 1308 4842 pennis
1342 4774 1734 4832 pennarumque
1782 4762 2080 4821 terroribus

500 4855 858 4910 liberaturum
888 4848 1231 4921 pollicentem
1283 4850 1600 4906 introducit.
1637 4869 1657 4903 ι
1696 4850 1901 4908 Natura
1933 4854 2079 4910 enim

501 4947 769 5016 benignus
793 4952 876 4999 est
894 4941 1109 5012 Opilex,
1138 4941 1349 5012 patiens
1394 4951 1448 4997 et
1485 4942 1710 4998 multum
1745 4945 2076 5012 misericors,

500 5049 555 5094 et
603 5035 932 5109 praestabilis
979 5049 1143 5106 super
1206 5032 1427 5089 malitiis
1457 5033 1523 5102 ³⁸,
1567 5053 1586 5087 r
1634 5035 1776 5092 sicut
1817 5041 2079 5109 scriptum
2122 5033 2129 5038 ’

496 5140 696 5187 exstat.
728 5130 796 5185 Et
824 5140 880 5185 ut
905 5137 992 5186 est
1012 5127 1153 5199 apud
1188 5125 1524 5182 Ezechieletn
1553 5143 1567 5182 :
1606 5145 1626 5181 ι
1655 5126 1770 5185 Non
1799 5130 1911 5185 vult
1933 5146 2080 5185 mor-

497 5234 604 5279 tem
639 5222 963 5294 peccatoris,
1001 5228 1061 5275 ut
1106 5228 1458 5289 convertatur
1495 5235 1523 5274 a
1556 5221 1641 5276 via
1677 5236 1773 5277 sua
1824 5224 1985 5289 mala,
2024 5231 2080 5279 et

495 5316 644 5369 vivat
686 5314 752 5371 "'.
784 5333 803 5367 ι
844 5312 1244 5382 Quamobrem,
1292 5311 1336 5366 si
1385 5312 1747 5384 magnifacitis
1790 5315 1991 5382 vivere,
2027 5324 2081 5370 et

496 5420 585 5461 res
614 5405 767 5460 vobis
800 5405 1175 5477 amplectenda
1203 5403 1435 5471 videtur,
1467 5403 1700 5461 desinite
1723 5409 1931 5476 seduci,
1963 5418 2018 5464 et
2046 5424 2075 5462 a

494 5502 604 5547 tam
648 5492 803 5562 longa
850 5494 1205 5563 perplexitate
1254 5493 1611 5560 absisteutcs,
1646 5497 1915 5567 exquirite
1968 5514 2073 5565 me,

493 5587 668 5659 inquit
693 5602 708 5640 :
737 5588 842 5641 hoc
873 5595 979 5650 est,
1004 5587 1135 5641 mihi
1168 5588 1394 5655 servile,
1416 5589 1507 5659 qui
1536 5605 1655 5645 sum
1682 5600 1873 5648 natura
1909 5593 2072 5661 Deus,

2207 3314 2225 3346 ι
2254 3296 2550 3353 Παίδευσον
2584 3301 2752 3372 ἡμᾶς,
2781 3303 2976 3375 Κύριε,
3003 3304 3145 3376 πλὴν
3179 3307 3237 3360 ἐν
3264 3308 3465 3379 κρίσει,
3493 3308 3586 3360 real
3615 3309 3698 3380 μὴ
3731 3314 3797 3364 ἐν

2201 3385 2379 3459 θυμῷ,
2412 3389 2498 3443 ἵνα
2526 3390 2602 3463 μὴ
2628 3392 2843 3463 όλίγους
2867 3396 3016 3465 ἡμᾶς
3044 3397 3298 3469 ποιήσῃς.
3332 3417 3352 3451 r

2266 3479 2421 3532 Διότι
2466 3479 2609 3536 τάδε
2649 3482 2817 3552 λέγει
2863 3486 3081 3554 Κύριος
3128 3487 3229 3542 ἐπὶ
3288 3487 3399 3543 τόν
3446 3485 3610 3544 οἷκον
3666 3489 3785 3545 τοῦ

2213 3566 2493 3638 Ἰσραήλ’
2534 3570 2926 3641 Ἐκζητήσατε
2961 3576 3088 3648 ἐμὲ,
3134 3580 3235 3634 καὶ
3271 3578 3484 3648 ζήσετε
3509 3598 3525 3613 ·
3564 3581 3664 3635 real
3702 3581 3796 3653 μὴ

2195 3655 2490 3727 ἑκζὴτεῖτε
2529 3664 2791 3733 Βαιθὴλ,
2841 3666 2943 3721 real
2982 3670 3071 3735 εις
3106 3669 3397 3740 Γάλγαλα
3439 3671 3532 3741 μὴ
3584 3676 3798 3728 εἰσ-τοο

2189 3752 2466 3820 ρεύεσθε,
2496 3755 2597 3809 real
2624 3755 2725 3810 ἐπὶ
2752 3757 2819 3811 τὸ
2851 3761 3044 3830 φρέαρ
3069 3762 3179 3818 τοῦ
3208 3763 3423 3833 Ὅρκου
3442 3764 3533 3834 μὴ
3562 3765 3795 3824 διαϐαίο

2194 3858 2349 3896 νετε’
2385 3843 2536 3899 διότι
2566 3843 2856 3917 Γάλγαλα
2885 3850 3450 3923 αὶχμαλωτευομένη
3475 3855 3793 3925 αἰχμαλωο

2195 3933 2566 4004 τισθήσεται,
2581 3937 2681 3992 real
2702 3939 2934 4009 Βαιθὴλ
2955 3943 3069 4011 οὐχ
3097 3943 3482 4014 ὑπάρχουσα.
3509 3946 3792 4018 Ἐκζητή-

2192 4044 2342 4083 erata
2373 4030 2483 4085 τὸν
2503 4032 2741 4102 Κύριον,
2755 4035 2860 4095 real
2886 4033 3124 4104 ζήσατε,
3151 4037 3312 4107 ὅπως
3325 4038 3415 4111 μὴ
3440 4041 3784 4112 eruam

2190 4120 2272 4188 ὡς
2305 4119 2427 4191 πῦρ
2453 4118 2620 4189 οῖκος
2659 4122 2904 4195 Ἰωσὴφ,
2942 4127 3041 4183 real
3081 4129 3399 4201 καταφάγῃ
3429 4133 3644 4201 αὐτὸν,
3679 4133 3783 4188 καὶ

2189 4213 2302 4267 οὐκ
2330 4213 2504 4269 ἔσται
2534 4219 2567 4270 ό
2591 4215 2832 4272 σϐἐσων
2864 4219 2944 4285 τῷ
2975 4221 3118 4287 οἴκῳ
3159 4221 3422 4293 Ἰσραήλ.

2260 4305 2393 4359 ME'.
2421 4306 2536 4361 οὐκ
2567 4308 2633 4380 ἐᾷ
2658 4308 2822 4364 πάλιν
2847 4310 2974 4374 τοὺς
3008 4313 3403 4386 ἡμαρτηκότας
3435 4317 3777 4373 κατολισθεῖν

2189 4396 2269 4460 είς
2299 4393 2633 4466 ἀπόγνωσιν,
2660 4401 2837 4455 καίτοι
2869 4401 3072 4469 δειναῖς
3128 4406 3223 4460 real
3250 4408 3553 4481 ἀφορήτοις
3590 4412 3778 4483 πλημ-

2194 4485 2439 4578 μελείαις
2487 4489 2985 4565 ἑνειλημ[μ]ένους.
3024 4495 3355 4570 Προῒσχεται
3401 4500 3462 4555 δὲ
3500 4502 3572 4557 τὰ
3624 4506 3775 4578 παρᾶ

2188 4576 2323 4632 Θεοῦ
2346 4617 2361 4642 ,
2404 4580 2722 4652 σαγηνεύων
2770 4585 2851 4649 εἰς
2896 4587 3258 4657 μετάγνωσιν.
3308 4591 3680 4666 Είσκεκόμικὲ
3712 4576 3773 4649 τε

2186 4670 2283 4723 real
2328 4668 2424 4724 νῦν
2461 4672 2775 4742 ἀναγκαίως
2818 4676 2983 4732 αὑτὸν
3013 4679 3237 4751 ἀνήσειν
3262 4682 3451 4757 αὐτοῖς
3483 4684 3777 4758 ὑπισχνού-

2189 4778 2352 4835 μενον
2395 4764 2753 4838 ἐγκλήματα,
2805 4768 3138 4837 ἀπαλλάξειν
3170 4772 3229 4826 δὲ
3281 4775 3376 4829 καὶ
3436 4778 3635 4849 ποινῆς
3680 4777 3778 4833 καὶ

2183 4858 2294 4912 τῶν
2339 4861 2419 4924 είς
2445 4861 2603 4916 τοῦτο
2632 4863 2925 4937 δειμάτων.
2972 4884 2991 4918 ι
3023 4867 3186 4923 Φύσει
3223 4870 3333 4942 γὰρ
3369 4871 3579 4941 ἀγαθὸς
3615 4876 3646 4928 ό
3668 4877 3768 4947 Δη-

2187 4953 2445 5024 μιουργὺς
2475 4994 2489 5017 ,
2554 4956 2909 5029 μακρόθυμος
2959 4960 3055 5014 καὶ
3128 4961 3419 5028 πολυέλεος
3465 4965 3564 5019 καὶ
3611 4984 3781 5038 μετα-

2188 5044 2325 5101 νοῶν
2371 5046 2464 5099 ὲπὶ
2493 5051 2613 5112 ταῖς
2654 5048 2899 5118 κακίαις,
2936 5070 2954 5103 r
2994 5052 3179 5118 καθὼς
3218 5053 3573 5125 γέγραπται,
3603 5057 3702 5110 καὶ

2188 5153 2355 5207 φησιν
2385 5137 2548 5203 αὐτὸς
2586 5140 2674 5195 διὰ
2713 5142 3004 5215 Ἰεζεχιήλ·
3059 5164 3077 5198 ι
3110 5147 3184 5200 Οὐ
3225 5147 3368 5202 θέλει
3404 5149 3501 5202 τὸν
3541 5149 3787 5203 θάνατον

2184 5227 2278 5280 τοῦ
2328 5228 2674 5300 ἁμαρτωλοῦ,
2721 5233 2797 5297 ὡς
2829 5234 2892 5289 τὸ
2934 5236 3263 5309 ἐπιπρέψαι
3309 5241 3475 5295 αὑτὸν
3520 5242 3634 5296 ἀπὸ
3669 5241 3791 5310 τῆς

2178 5318 2297 5373 όδοῦ
2345 5321 2443 5392 τῆς
2470 5325 2714 5395 πονηρᾶς
2743 5327 2838 5379 real
2867 5327 2967 5400 ζῇν
3012 5329 3197 5385 αὐτόν.
3239 5350 3258 5384 r
3293 5332 3469 5405 Εἴπερ
3506 5328 3604 5387 οὖν
3642 5336 3792 5402 περὶ

2178 5414 2377 5469 πολλοῦ
2427 5417 2669 5473 ποιεῖσθε
2717 5419 2778 5473 τὺ
2821 5419 2952 5493 ζῇν,
2995 5423 3090 5477 καὶ
3139 5425 3472 5497 ἀξιόληπτον
3522 5428 3655 5499 ὑμῖν
3706 5426 3796 5481 th

2175 5507 2367 5579 χρῆμα
2398 5511 2674 5579 φαίνεται,
2723 5513 3069 5583 καταλήγετε
3112 5516 3214 5587 τῆς
3244 5518 3486 5590 ἀπάτης·
3539 5519 3636 5572 καὶ
3672 5518 3796 5588 τῆς

2174 5598 2315 5652 οὓτω
2369 5605 2588 5674 μακρᾶς
2622 5603 2859 5675 ἀθυμίας
2891 5606 3371 5680 ἀποπηδήσαντες,
3415 5608 3796 5683 ἐκζητήσατέ

560 5771 605 5803 ³¹
631 5766 773 5825 Psal.
801 5784 956 5834 tur,
990 5771 1043 5826 8.
1120 5771 1165 5804 ³³
1190 5768 1329 5826 Psal.
1366 5783 1441 5836 vt,
1480 5770 1531 5821 l.
1609 5769 1654 5800 “
1679 5767 1790 5824 Jer.
1826 5785 1880 5837 ιι,
1903 5770 1994 5827 2i.
2072 5771 2092 5802 ³

2200 5773 2274 5841 ιρι,
2310 5790 2367 5843 ιι,
2398 5777 2484 5833 l5.
2564 5779 2824 5838 “Ezech.
2856 5798 3009 5852 xvm,
3039 5783 3129 5842 22.
