4054 6274
279 406 394 466 493

276 615 361 686 τῷ
390 612 657 684 ζωοποιῷ,
685 611 766 683 τῷ
794 611 987 677 σώζειν
1020 609 1276 681 ἰσχύοντι,
1299 608 1396 663 καὶ
1428 608 1630 672 παντὸς
1650 608 1757 674 ἔξω
1776 625 1856 662 τι-

278 707 428 762 θέντι
478 703 653 759 κακοῦ
698 704 824 767 τοὺς
878 701 1203 772 σεϐομένους
1256 699 1440 755 αὐτόν.
1487 701 1610 755 Δεῖν
1652 700 1710 754 δὲ
1754 699 1851 771 δὴ,

278 796 451 868 φησὶ,
507 793 939 867 προαπονίπτειν
986 793 1246 858 ἑαυτοὺς,
1286 792 1385 862 τῆς
1431 791 1643 861 ἑαυτῶν
1679 791 1858 863 ψυχῆς

280 886 623 954 έξωθοῦντας
672 885 774 956 τῆς
805 883 1160 947 ἀποστάσεως
1207 881 1300 937 τὸν
1346 883 1538 955 ῥύπον,
1585 883 1679 938 καὶ
1723 900 1859 955 προ-

169 1008 181 1018 -
283 978 540 1049 εκτήκειν
580 970 641 1030 εὖ
676 974 824 1046 μάλα
854 974 954 1045 τὴν
987 974 1052 1026 ἐκ
1087 973 1182 1027 τοῦ
1231 973 1609 1045 πεπλανῆσθαι
1639 975 1855 1046 κηλίδα,

285 1065 583 1124 κολλᾶσθαι
625 1082 686 1121 τε
726 1063 871 1119 οὕτω
921 1064 1064 1135 Θεῷ.
1106 1063 1171 1117 Τί
1221 1063 1279 1118 δὲ
1325 1064 1393 1135 δὴ
1441 1065 1535 1121 καὶ
1577 1064 1710 1137 δρᾷν
1750 1065 1859 1120 ἔδει

284 1161 567 1233 μετανοεῖν
589 1157 900 1229 ἑλομένους,
923 1156 1178 1227 διασαφεῖ
1204 1155 1400 1226 λέγων’
1422 1158 1547 1229 «Μὴ
1577 1157 1857 1228 ὲκξητεῖτε

280 1249 507 1322 Βαιθὴλ,
537 1248 634 1305 καὶ
682 1249 763 1311 εἰς
790 1247 1042 1315 Γάλγαλα
1085 1249 1162 1319 μὴ
1214 1247 1622 1320 είσπορεύεσθε,
1650 1250 1743 1303 καὶ
1779 1249 1860 1313 είς

282 1340 348 1396 τὸ
362 1340 542 1412 φρέαρ
558 1338 654 1392 τοῦ
688 1340 855 1394 Ὀκου
891 1340 967 1412 μὴ
987 1339 1324 1397 ἀναῦαίνετε.
1345 1357 1366 1393 ι
1385 1341 1568 1413 Φρέαρ
1587 1340 1858 1414 δὲὈρκου

284 1431 356 1488 τὰ
378 1431 601 1504 Γέραρα
630 1448 785 1502 φησι,
832 1431 985 1495 πόλις
1023 1431 1080 1486 δὲ
1102 1431 1241 1504 αὕτη
1266 1432 1360 1486 τοῦ
1392 1432 1715 1504 Φιλιστιεὶμ,
1742 1434 1860 1505 ἦτοι

284 1521 395 1577 τῶν
442 1521 840 1579 Παλαιστινῶν.
897 1522 1116 1597 Ἐπειδὴ
1168 1524 1277 1594 γὰρ
1334 1522 1555 1596 ὤμοσαν
1609 1525 1860 1596 ἀλλήλοις

298 1611 559 1683 ’Δὸραὰμ
581 1615 677 1668 καὶ
693 1612 999 1684 ’Δσιμελὲχ,
1024 1614 1116 1667 καὶ
1138 1614 1409 1686 συνθήκας
1430 1617 1651 1691 εἰρήνης
1676 1616 1859 1675 ἔθεντο

286 1706 384 1764 ἐπὶ
402 1706 500 1759 τοῦ
530 1706 783 1778 φρέατος,
825 1708 1241 1778 μετωνόμασται
1267 1708 1451 1762 λοιπὸν
1475 1712 1509 1781 ἡ
1574 1710 1731 1774 πόλις
1777 1710 1859 1774 είς

285 1795 350 1850 τὸ
396 1795 571 1867 φρέαρ
608 1796 702 1850 τοῦ
733 1797 960 1870 Ὀρκου.
986 1797 1235 1866 Γάλγαλα
1263 1798 1476 1870 δὴιούν,
1505 1801 1597 1853 καὶ
1623 1800 1853 1873 Βαιθὴλ,

1237 398 1791 457 COMMENTARIUS
1832 398 1897 453 IN
1935 396 2122 455 ΑΜοὸ
2155 397 2600 459 ΡΒΟΡΙΙΕΤΑΜ.

166 581 173 587 _
282 541 379 597 με,
410 522 563 594 φησὶ,
593 519 892 584 τουτέστιν,
921 519 1045 591 ἐμοὶ
1072 515 1364 588 λατρεύετε
1407 516 1488 587 τῷ
1510 516 1674 586 φύσει
1710 516 1850 588 Θεῷ,

1969 517 2223 585 ιὶνὶθσιιε,
2251 517 2460 575 salvare
2504 518 2667 590 pctis,
2710 525 2766 572 et
2816 515 3053 574 cultores
3096 531 3240 573 mcos
3280 519 3348 573 ab
3385 523 3529 579 omni

3429 401 3527 475 ut

1960 608 2107 665 malo
2137 617 2282 666 tutos
2306 619 2593 680 praestans.
2640 607 2886 663 Allirmat
2911 621 3114 674 autem,
3148 611 3297 680 prius
3321 613 3529 678 animas

1958 716 2085 757 suas
2117 702 2338 759 abluere
2366 700 2557 771 ejectis
2583 703 2867 771 apostasia:
2896 702 3063 777 299
3089 702 3340 759 sordibus
3366 718 3529 771 opor-

1962 800 2096 855 tere,
2141 799 2197 845 et
2258 790 2425 860 probe
2481 791 2665 846 eluere
2708 791 2998 859 maculam,
3064 808 3182 863 quae
3226 807 3292 849 ex
3345 808 3533 849 errore

1960 882 2194 949 inhaesit,
2238 894 2292 936 et
2322 884 2392 937 ita
2424 880 2533 936 Deo
2564 882 2959 937 adhaerescere.
2995 882 3134 950 Quid
3168 893 3348 939 autem
3383 883 3529 939 facto

1957 989 2096 1045 opus
2131 974 2203 1030 sit
2236 974 2503 1042 paenitere
2533 973 2961 1038 instituentibus,
3013 975 3276 1040 declarat,
3304 977 3532 1033 dicens:

1965 1084 1983 1117 ι
2017 1065 2094 1121 Ne
2121 1058 2376 1137 qua'ratis
2399 1063 2607 1132 Betltel,
2627 1073 2680 1118 et
2715 1064 2767 1118 in
2791 1063 3011 1135 Galgala
3038 1080 3103 1120 ne
3130 1065 3530 1136 ingrediamini,

1959 1165 2015 1212 et
2061 1157 2113 1212 in
2149 1167 2370 1228 puteum
2420 1154 2721 1212 Juramenti
2784 1170 2852 1210 ne
2903 1157 3213 1211 trauseatis.
3252 1175 3270 1210 ι
3305 1155 3532 1214 Puteum

1954 1247 2247 1318 juramenti
2306 1257 2531 1303 narrant
2592 1263 2714 1303 esse
2765 1247 3003 1314 Gerara,
3057 1264 3177 1318 qua:
3219 1247 3534 1314 Philistiim,

1960 1341 2076 1396 sive
2110 1340 2415 1396 Palaestina:
2439 1341 2573 1397 urbs
2615 1350 2719 1395 est.
2775 1340 3067 1410 Postquam
3106 1341 3252 1396 enim
3295 1343 3436 1397 inter
3475 1357 3536 1399 se

1953 1430 2327 1513 juramentum
2374 1433 2628 1487 dixerunt
2666 1430 2942 1488 Abraham
2993 1443 3048 1489 et
3093 1433 3433 1501 Abimelecb,
3481 1444 3537 1489 et

1961 1525 2112 1595 pacis
2139 1523 2320 1580 fwdus
2354 1524 2420 1578 ad
2449 1523 2658 1579 fontem
2689 1524 2949 1590 inierunt,
2989 1525 3335 1581 denominata
3364 1526 3537 1580 estde

1960 1624 2155 1672 cetero
2208 1616 2338 1671 urbs
2395 1632 2415 1667 ι
2462 1615 2529 1669 ad
2566 1625 2789 1685 puteum
2835 1614 3136 1672 Juramenti
3159 1616 3227 1672 ³⁷.
3263 1635 3281 1669 ι
3316 1616 3537 1687 Galgala

1963 1707 2147 1777 igitur,
2184 1717 2237 1762 et
2265 1705 2473 1774 Bethel,
2504 1715 2669 1776 atque
2703 1706 2868 1762 etiam
2914 1706 3121 1762 Gerara
3162 1706 3325 1762 urbes
3358 1716 3535 1774 erant,

1964 1813 2295 1872 magnopere
2341 1801 2406 1853 ad
2454 1799 2785 1869 impietatem
2819 1799 3063 1864 detorta}.
3097 1806 3152 1853 et.
3201 1799 3535 1854 multimodis

291 1887 389 1943 καὶ
409 1860 615 1959 ’μέντοι
651 1888 744 1942 καὶ
771 1860 988 1961 Γέραρα
1025 1860 1209 1955 πόλεις
1243 1860 1385 1963 ἦσαν
1411 1860 1544 1947 πολὺ
1572 1892 1708 1965 πρὸς
1736 1860 1864 1948 aee-

1969 1891 2242 1946 erroribus
2276 1903 2305 1944 a
2331 1903 2389 1944 se
2412 1888 2667 1957 deceptos
2697 1886 3052 1944 involventes.
3082 1889 3164 1944 Ab
3204 1888 3287 1944 his
3314 1891 3538 1947 omnino

299 1978 452 2037 ϐειαν
474 1980 929 2051 ὲκτετραμμέναι,
957 1981 1051 2033 καὶ
1072 1980 1321 2057 πολυειδῆ
1345 1985 1458 2046 τοῖς
1481 1984 1863 2054 ἀπατωμένοις

302 2070 658 2141 περιτιθεῖσαι
701 2072 801 2143 τὴν
839 2072 1068 2144 πλάνην.
1116 2072 1334 2130 Τούτων
1373 2075 1687 2144 ἀναγκαίως
1729 2078 1865 2130 ἀπο-

299 2162 493 2232 φοιτᾷν
524 2161 865 2234 προσέταξεν,
894 2160 1204 2233 ἀναπλέξας
1222 2163 1301 2235 τῷ
1327 2164 1471 2236 λόγῳ
1490 2167 1585 2223 καὶ
1612 2166 1862 2241 ἀπειλὴν,

298 2252 387 2306 ἵνα
429 2253 757 2325 πανταχόθεν
782 2255 1083 2329 συνελαύνῃ
1109 2255 1247 2328 πρὸς
1277 2257 1339 2310 τὸ
1373 2259 1672 2330 συμφέρον.
1705 2262 1866 2335 Οίχή-

294 2359 480 2402 σονται
507 2343 636 2415 γὰρ,
667 2346 824 2418 φησὶ,
854 2348 1057 2420 Βαιθήλ
1084 2364 1144 2403 τε
1181 2350 1276 2403 καὶ
1321 2350 1376 2405 αι
1428 2349 1628 2407 λοιπαί.
1674 2353 1785 2408 Καὶ
1830 2355 1866 2426 ἡ

294 2435 395 2506 μὲν
422 2436 767 2508 αἰχμάλωτος
810 2438 1073 2510 βαδιεῖται
1104 2441 1240 2513 πρὸς
1279 2442 1529 2518 ἐχθρούςο
1569 2446 1603 2516 ή
1628 2445 1687 2499 δὲ
1723 2446 1867 2501 οὕτω

290 2527 838 2600 καταπρησθήσεται,
863 2529 939 2595 ὥς
961 2531 1137 2586 δοκεῖν
1170 2532 1271 2604 ἤδη
1308 2551 1426 2598 πως
1465 2535 1601 2606 μηδὲ
1627 2536 1866 2609 ὑπάρξαι

291 2616 451 2673 ποτέ.
486 2617 695 2672 Οὐκοῦν
721 2616 991 2690 ζητείσθω
1015 2619 1171 2685 Θεὸς,
1198 2620 1285 2675 ἵνα
1307 2620 1533 2693 ζήσητε,
1559 2623 1713 2693 φησι,
1738 2624 1867 2694 πρὶν

290 2707 612 2779 ἀναλάμψαι
656 2708 750 2763 τὸν
793 2706 941 2765 οἷκον
976 2711 1195 2783 Ἰωσὴφ,
1236 2713 1331 2768 καὶ
1362 2713 1738 2782 καταφάγεται
1776 2716 1868 2769 αύ-

238 2846 243 2850 .
286 2799 409 2863 τὸν,
434 2800 528 2853 καὶ
558 2800 661 2855 οὐκ
689 2801 843 2859 ἔσται
871 2803 899 2854 ὁ
932 2801 1139 2857 σϐέσων
1159 2820 1172 2833 ·
1207 2803 1269 2857 τὸ
1302 2804 1401 2875 μὲν
1429 2799 1523 2859 οὖν
1550 2804 1866 2878 ἀναλάμψαι

290 2889 354 2945 τὸ
371 2891 760 2963 ὲμπρησθῆναί
790 2909 943 2961 φησι,
977 2890 1125 2949 οἷκον
1156 2895 1213 2949 δὲ
1257 2896 1457 2965 Ἰωσὴφ
1479 2896 1737 2967 ὀνομάζει
1770 2898 1863 2953 τὸν

303 2983 568 3054 Ἐφραῖμ,
612 2984 733 3054 ἦτοι
765 2986 888 3047 τοὺς
922 2985 979 3040 ἑν
1020 2986 1323 3058 Σαμαρείᾳ’
1372 2988 1629 3057 γεγόνασι
1661 2989 1769 3057 γάρ
1808 2988 1867 3055 ἐξ

304 3072 506 3147 Ἰωσὴφ
545 3075 787 3147 Ἐφραῒμ
820 3093 878 3129 τε
905 3075 1000 3129 καὶ
1036 3075 1361 3149 Μανασσῆς.
1388 3080 1597 3151 Ὥσπερ
1624 3075 1717 3134 οὖν
1741 3081 1869 3139 ὅταν

1965 1980 2324 2036 recedendum
2366 1978 2662 2044 mandavit,
2694 1977 2873 2035 verbis
2911 1979 3025 2034 suis
3061 1979 3535 2037 comminationem

1964 2072 2283 2141 adiungens,
2310 2080 2367 2125 ut
2394 2069 2716 2141 undiquead
2742 2069 3028 2125 utilitatem
3059 2071 3372 2141 compellat.
3406 2072 3535 2129 Per-

1966 2166 2123 2220 ihunt
2150 2163 2316 2228 enim,
2349 2162 2543 2233 inquit,
2586 2161 2798 2228 Bethel,
2836 2171 2889 2218 et
2916 2162 3053 2220 alize.
3093 2162 3158 2216 Et
3184 2162 3287 2217 alia
3320 2164 3537 2233 quidem

1964 2267 2120 2327 capta
2152 2255 2217 2310 ad
2248 2254 2432 2310 hostes
2462 2254 2758 2319 transibit,
2785 2253 2887 2307 alia
2911 2253 3309 2320 devastabitur,
3348 2264 3406 2308 ut
3426 2254 3537 2325 jam

1967 2362 2066 2403 nec
2107 2346 2398 2417 aliquando
2426 2345 2707 2401 exstitisse
2737 2345 3002 2401 videatur.
3096 2344 3331 2413 Qmerite
3377 2346 3541 2416 igitur

1965 2436 2160 2505 Deum,
2203 2436 2397 2507 inquit,
2443 2446 2500 2490 ut
2568 2436 2791 2501 vivatis,
2832 2437 3148 2507 priusquam
3195 2436 3433 2493 reluceat
3482 2449 3543 2491 ut

1967 2529 2108 2600 ignis
2129 2529 2324 2585 domus
2349 2526 2575 2599 Josepb,
2610 2537 2666 2584 et
2695 2528 2979 2585 devorabit
3020 2544 3159 2594 eam,
3193 2538 3247 2584 et
3294 2544 3400 2585 non
3436 2533 3540 2584 erit

1965 2620 2056 2691 qui
2107 2621 2439 2691 exstinguat,
2485 2618 2821 2691 ἀναλάμψαι,
2854 2620 2956 2677 hoc
2986 2628 3093 2686 est,
3130 2620 3539 2692 ἐμπρησθῆναι,

1966 2710 2248 2766 succendi.
2273 2709 2503 2765 Domum
2522 2721 2703 2766 autem
2728 2708 2924 2781 Josepb
2947 2710 3235 2781 appellavit
3259 2709 3369 2781 Eph
3381 2713 3540 2779 raitn,

1967 2803 2083 2860 sive
2143 2800 2565 2861 Samaritanos:
2627 2805 2738 2860 nati
2809 2813 2937 2861 sunt
3008 2805 3150 2861 enim
3207 2820 3272 2861 ex
3339 2804 3539 2876 .loscph

1965 2892 2221 2963 Ephraint
2257 2903 2312 2950 et
2349 2893 2611 2951 Manasse.
2658 2894 3117 2961 Quemadmodum
3171 2894 3367 2965 igitur,
3417 2910 3541 2949 cum

1966 2999 2061 3041 eos
2108 2984 2276 3041 lsrael
2314 2985 2580 3052 nominat,
2629 2983 2982 3054 intelligimus
3029 2999 3058 3039 a
3093 2994 3247 3054 patre
3298 2997 3545 3054 posteros

1969 3076 2082 3146 ejus
2129 3079 2230 3133 hoc
2278 3078 2495 3134 nomine
2540 3076 2801 3148 appellari
2836 3093 2850 3130 :
2885 3076 2982 3146 ita,
3015 3077 3059 3132 si
3097 3078 3316 3148 quando
3342 3076 3541 3148 Joseph

306 3164 531 3236 Ἰσραὴλ
568 3166 764 3229 αὐτοὺς
789 3165 1054 3240 ὀνομάζῃ,
1088 3167 1316 3238 νοοῦμεν
1344 3170 1419 3233 ὼς
1445 3172 1509 3225 ὲκ
1541 3171 1745 3243 πατρὸς
1775 3190 1866 3226 κε-

1970 3168 2186 3233 dixerit,
2218 3170 2408 3224 eodem
2448 3168 2605 3224 modo
2639 3166 2925 3237 intelliges.
2961 3167 3108 3223 Bona
3135 3179 3221 3225 est
3245 3170 3407 3240 igitur
3430 3185 3544 3239 pce-

295 3256 533 3327 κλῆσθαι
565 3258 692 3321 τοὺς
731 3258 789 3326 ἐξ
836 3258 1023 3314 αὐτοῦ·
1062 3258 1204 3312 οὕτω
1242 3260 1347 3316 κᾶν
1373 3260 1521 3330 λέγοι
1562 3263 1723 3334 τυχὸν
1751 3265 1865 3319 Ἰω-

298 3347 581 3418 σὴφ,κατὰ
605 3349 693 3401 τὸν
722 3349 831 3403 ἴσον
857 3349 1107 3421 συνήσεις
1136 3351 1355 3419 τρόπον.
1374 3351 1552 3412 Καλὸν
1582 3353 1870 3425 τοιγαροῦν

293 3441 332 3513 ἡ
366 3441 727 3511 μετάγνωσις,
756 3441 1101 3501 άποσοὸοὖσα,
1129 3442 1228 3507 τὰς
1269 3442 1446 3508 δίκας,
1478 3444 1663 3498 καὶτὰ
1691 3446 1750 3512 ἐξ
1785 3445 1872 3516 ὀρ-

299 3530 406 3599 γῆς
441 3531 839 3598 άνακόπτουσα,
870 3532 975 3598 ἔξω
1015 3550 1076 3587 τε
1110 3533 1321 3588 τιθεῖσα
1364 3534 1491 3599 τοὺς
1525 3536 1872 3607 ἐπιτηδεύον-

302 3622 590 3696 τας.αύτῇ,
622 3623 733 3677 τῶν
759 3623 1093 3679 δεσποτικῶν
1126 3625 1467 3698 κινημάτων,
1517 3629 1611 3683 καὶ
1651 3629 1871 3702 ἁπάσης

304 3713 449 3785 ἡμᾶς
477 3716 761 3788 συμφορᾶς
793 3717 1231 3777 ἁπαλλάττουσα.

382 3804 435 3858 '0
470 3807 655 3860 ποιῶν
677 3810 764 3873 εἰς
789 3808 946 3876 ὕψος
977 3809 1180 3878 κρῖμα,
1218 3811 1317 3865 καὶ
1346 3811 1745 3881 δικαιοσύνην
1784 3817 1872 3880 εἰς

296 3892 413 3969 γῆν
448 3896 756 3966 ἕθηκεν.⁹0
786 3899 973 3953 ποιῶν
1010 3900 1109 3955 καὶ
1152 3900 1347 3955 πάντα
1393 3905 1871 3972 μετασκευάζωνο

294 3987 394 4041 καὶ
435 3987 743 4055 ἐκτρέπων
769 3989 855 4051 εις
891 3988 959 4041 τὸ
991 3989 1140 4056 πρωῒ
1164 3994 1368 4055 σκιὰν,
1407 3993 1505 4046 καὶ
1537 3993 1764 4065 ἡμέραν
1787 4000 1875 4063 εις

295 4079 489 4131 νύκτα
529 4076 936 4141 συσκοτάζων,
989 4081 1021 4130 ό
1048 4083 1583 4153 προσκαλούμενος
1614 4084 1681 4137 τὸ
1717 4085 1874 4157 ὕδωρ

298 4167 410 4236 τῆς
438 4165 778 4232 θαλάσσης,
829 4167 926 4221 καὶ
956 4168 1184 4239 ἐκχέων
1221 4170 1369 4226 αὐτὸ
1408 4172 1507 4226 ἐπὶ
1552 4177 1876 4242 πρόσωπον

295 4258 411 4328 τῆς
437 4255 569 4328 γῆς.
606 4257 824 4326 Κύριος
856 4261 888 4312 ὀ
926 4259 1071 4325 Θεὸς
1098 4262 1518 4333 παντοκράτωρ
1555 4265 1741 4335 ὄνομα
1770 4271 1875 4322 αὑ-

297 4350 428 4409 τοῦ.
475 4350 528 4402 '0
567 4348 815 4421 διαιρῶν
855 4354 1230 4423 συντριμμὸν
1265 4355 1361 4409 ἐπὶ
1401 4357 1602 4425 ἰσχὺν,
1642 4359 1737 4415 καὶ
1776 4376 1874 4419 τα-

298 4444 634 4513 λαιπωρίαν
664 4443 764 4498 ἐπὶ
794 4445 1071 4515 ὀχύρωμα
1093 4445 1350 4516 ἐπάγων.

1973 3256 2197 3313 nitentia
2239 3273 2431 3329 poenas
2480 3274 2694 3323 arcens.
2739 3268 2790 3315 et
2828 3274 2894 3317 ex
2937 3260 3017 3315 ira
3060 3260 3361 3317 invehenda
3414 3277 3542 3333 sup-

1971 3352 2128 3421 plicia
2156 3362 2430 3419 avertens,
2465 3353 2660 3422 suique
2703 3352 2976 3409 studiosos
3027 3366 3057 3407 a
3109 3352 3407 3410 Dominicis
3460 3355 3546 3407 in-

1971 3443 2394 3511 dignationibus,
2455 3449 2510 3501 et
2569 3442 2639 3498 ab
2692 3443 2840 3502 omni
2894 3444 3204 3502 calamitate
3260 3461 3363 3505 nos
3410 3446 3544 3501 libo-

1971 3548 2117 3593 rans.

2045 3819 2209 3874 Vens.
2238 3819 2295 3883 8,
2324 3818 2377 3874 9.
2410 3816 2633 3873 Faciem
2666 3819 2720 3872 in
2760 3817 3022 3873 excelsum
3057 3819 3346 3889 judicium,
3380 3832 3427 3875 et
3453 3822 3546 3890 jus-
3600 3812 3604 3817 ’

1972 3913 2172 3967 stiriam
2204 3911 2259 3966 in
2303 3921 2501 3965 terram
2545 3913 2741 3980 posuit.
2774 3907 3004 3964 Faciem
3049 3911 3247 3978 omnia,
3288 3921 3339 3968 et
3377 3913 3545 3983 fabri-
3658 3962 3661 3963 ν

1974 4020 2121 4070 cans,
2147 4013 2195 4058 et
2226 4012 2526 4057 convertens
2558 4002 2615 4056 in
2645 4017 2799 4056 mane
2826 4000 3088 4069 umbram,
3121 4014 3168 4058 et
3193 4002 3330 4060 diem
3354 4009 3409 4059 in
3447 4022 3545 4059 ηο-

1974 4105 2109 4149 ctem
2137 4092 2509 4147 oontcnebrans
2528 4106 2547 4145 :
2570 4107 2757 4145 vocans
2785 4107 2978 4159 aquam
3007 4093 3189 4160 maris,
3204 4104 3250 4147 et
3272 4095 3544 4163 eﬂ'undens

1975 4186 2124 4239 illam
2157 4201 2314 4252 super
2342 4183 2530 4253 faciem
2562 4194 2735 4247 terrae,
2766 4183 3022 4238 Dominus
3052 4183 3190 4239 Deus
3220 4186 3545 4254 omnipotens

1977 4291 2163 4329 nomen
2203 4275 2306 4328 illi.
2361 4272 2613 4326 Dividem
2659 4273 3027 4329 contritionem
3080 4289 3238 4346 super
3283 4275 3463 4342 robur,
3497 4288 3543 4331 et

1975 4367 2244 4423 miseriam
2276 4379 2433 4435 super
2462 4363 2622 4418 robur
2644 4364 2917 4426 inducens.

369 4536 517 4604 Μετ’.
559 4537 938 4606 Μυσταγωγδς
963 4539 991 4590 ὁ
1017 4537 1193 4606 λόγος,
1230 4540 1324 4594 καὶ
1351 4541 1433 4597 ὅτι
1469 4542 1703 4613 μάλιστα
1741 4544 1867 4616 πρέ-

2049 4544 2230 4601 XLVI.
2263 4543 2448 4601 Oratio
2485 4545 2801 4615 mysterium
2848 4546 3029 4613 habet,
3060 4554 3115 4602 et
3152 4547 3219 4602 ad
3252 4546 3345 4602 Dei
3391 4550 3545 4617 agni-

299 4644 417 4681 πων
446 4630 561 4692 τοῖς
600 4629 960 4700 καλουμένοις
992 4631 1073 4694 είς
1104 4630 1400 4700 ἐπίγνωσιν
1431 4634 1587 4701 Θεοῦ,
1617 4636 1713 4689 καὶ
1741 4637 1878 4708 πρὸς

300 4717 362 4775 τὸ
394 4718 493 4789 τῆς
531 4718 790 4789 ἀληθείας
836 4719 956 4789 φῶς
1001 4720 1138 4779 ἰέναι
1168 4720 1551 4787 σπουδάζουσι.
1587 4726 1877 4799 Πρόκειται

298 4807 410 4880 γὰρ
440 4807 520 4876 τῷ
552 4810 807 4882 προφήτῃ
834 4810 1041 4878 διδάξαι
1077 4813 1205 4879 τοὺς
1239 4815 1643 4887 πλανωμένους,
1664 4820 1879 4891 πρῶτον

304 4899 403 4971 μὲν
435 4901 517 4955 ὅτι
552 4897 660 4954 τῶν
697 4900 834 4955 ὅλων
862 4902 922 4957 τὸ
953 4905 1155 4975 κράτος
1184 4907 1422 4978 ἀνῆπται
1449 4908 1602 4977 Θεὸς,
1630 4912 1726 4965 κα)⁵
1763 4913 1878 4975 τοῖς

301 4989 471 5045 αὐτοῦ
520 4989 752 5060 νεύμασι
801 4993 1241 5067 πηδαλιουχεῖται
1292 4998 1360 5052 τὰ
1413 4998 1737 5071 σύμπαντα,
1777 5002 1872 5057 καὶ

297 5082 451 5153 νόμῳ
482 5080 825 5152 δικαιοσύνης
862 5085 896 5156 ή
940 5088 1315 5161 παμμακαρία
1354 5090 1463 5145 τῶν
1486 5093 1736 5161 ἀγγέλων
1769 5095 1872 5147 ὑπ-

299 5173 586 5244 ενήνεκται
608 5170 836 5241 πληθὺς,
861 5174 952 5225 καὶ
978 5175 1060 5228 ὅτι
1082 5178 1260 5251 πάντη
1291 5196 1350 5233 τε
1377 5181 1472 5233 καὶ
1500 5183 1719 5245 πάντως
1743 5183 1870 5246 τοὺς

298 5266 459 5328 ὄντας
492 5265 586 5318 ἐπὶ
621 5265 722 5334 τῆς
756 5265 859 5335 γῆς
889 5266 1176 5322 ἀκόλουθόν
1203 5288 1263 5323 τε
1296 5273 1390 5325 καὶ
1426 5273 1723 5340 ἀναγκαῖον
1761 5278 1871 5337 τοῖς

300 5354 399 5423 τῆς
426 5353 556 5423 παρ’
582 5351 747 5407 αὐτοῦ
787 5351 1133 5424 δικαιοσύνης
1165 5355 1524 5425 κατεζεύχθαι
1564 5358 1771 5425 νόμοις.
1817 5360 1879 5411 Ei

300 5446 408 5514 γὰρ
457 5445 519 5498 τὸ
564 5445 785 5516 ἄμεινον
826 5447 886 5498 έν
919 5443 1131 5509 τούτοις
1179 5445 1552 5500 καιηδουλεύει
1598 5446 1736 5518 Θεῷ,
1783 5451 1879 5503 καὶ

307 5535 650 5605 ὑπέστρωται
689 5537 789 5606 μὲν
827 5537 979 5605 φόϐῳ
1011 5536 1117 5590 τῶν
1151 5538 1210 5590 έν
1245 5538 1370 5608 ὕψει
1418 5538 1803 5608 πνευματικῶν
1840 5545 1872 5612 ἠ

304 5623 437 5692 ἁγία
461 5623 689 5693 πληθὺς,
721 5626 838 5689 πῶς
873 5625 936 5681 ἂν
991 5628 1024 5696 ἢ
1066 5627 1230 5682 πόθεν
1259 5629 1319 5682 τὸ
1345 5628 1746 5701 ἀνεπίπληκτον
1777 5631 1873 5707 ἔχῃ

376 5801 421 5832 ³⁷
448 5799 584 5857 Gen.
623 5815 732 5866 xxi,
764 5800 847 5857 32.

1978 4639 2176 4694 tionem
2230 4641 2452 4705 vocatis,
2496 4648 2660 4708 atque
2718 4642 2785 4694 ad
2843 4640 3023 4696 lumen
3069 4639 3316 4696 veritatis
3362 4642 3547 4697 venire

1973 4733 2428 4788 contendentibus
2475 4732 2704 4793 miriﬁce
2759 4732 3032 4788 convenit.
3083 4732 3423 4804 Propositum
3460 4744 3546 4788 est.

1975 4825 2122 4879 enim
2174 4824 2448 4893 prophetae
2502 4825 2699 4879 docere
2740 4825 3013 4896 seductos,
3058 4825 3290 4894 primum
3327 4825 3543 4892 quidem

1978 4928 2156 4967 rerum
2203 4913 2577 4967 universarum
2632 4910 2919 4979 imperium
2967 4924 3089 4965 esse
3145 4925 3310 4980 penes
3355 4910 3545 4972 Deum,

1979 5017 2029 5062 et
2063 5007 2182 5076 ejus
2214 5017 2345 5059 nutu
2381 5003 2672 5075 gubernari
2722 5017 2787 5057 ac
2825 5003 2934 5072 regi
2972 5003 3175 5066 omnia,
3211 5010 3267 5056 et
3302 5002 3405 5070 legi
3454 5002 3544 5071 ju-

1980 5093 2139 5147 stitias
2185 5092 2302 5157 ejus
2336 5091 2706 5146 sanctissimas
2750 5090 3074 5160 angelorum
3107 5090 3271 5160 300
3297 5100 3543 5147 catervas

1981 5183 2225 5239 subditas
2262 5195 2403 5246 esse,
2445 5192 2498 5236 et
2536 5182 2684 5237 omni
2715 5182 2895 5246 modo,
2926 5196 2991 5238 ac
3020 5182 3228 5237 ratione
3261 5183 3539 5251 consequi,

1980 5290 2044 5329 ac
2070 5273 2441 5330 necessarium
2470 5288 2610 5338 esse,
2641 5274 2732 5341 qui
2765 5273 2819 5328 in
2848 5272 3008 5328 terris
3055 5281 3343 5327 versantur
3373 5275 3546 5329 homi-

1978 5380 2098 5431 nes,
2122 5364 2346 5434 justitiae
2383 5364 2501 5435 ejus
2538 5365 2744 5434 legibus
2794 5362 3081 5421 devinciri.
3124 5363 3179 5418 Si
3224 5365 3370 5418 enim
3402 5367 3544 5435 quod

1976 5455 2320 5528 praestantius
2351 5465 2434 5511 est
2472 5456 2527 5508 in
2573 5453 2840 5509 creaturis
2887 5452 3057 5507 servit
3097 5452 3205 5508 Deo
3228 5492 3244 5517 ,
3269 5466 3316 5509 et
3352 5460 3548 5510 timore

1978 5545 2264 5615 subjicitur
2321 5546 2396 5600 illi
2435 5544 2721 5613 spirituum
2768 5543 2822 5596 in
2866 5543 3097 5599 excelsis
3140 5557 3324 5601 sancta
3371 5548 3548 5600 multi-

1977 5638 2127 5702 tudo,
2170 5637 2460 5705 quomodo,
2488 5643 2579 5689 aut
2609 5634 2747 5690 unde
2782 5635 3202 5705 reprehensione
3234 5647 3416 5693 careat
3450 5636 3548 5690 abs-
