4054 6274
568 380 681 442 τθδ
1577 379 1633 436 S.
1678 379 1948 435 CYRILLI
1987 381 2454 438 ALEXANDRINI
2497 381 2819 436 ARCIIIEP.
3739 391 3842 448 496

575 515 795 568 nutans,
835 510 920 555 aut
958 499 1167 553 frenum
1218 511 1495 562 recusans,
1526 499 1668 565 quod
1704 506 1919 562 natura,
1953 507 2004 552 et
2034 498 2130 569 glo-

2247 497 2587 561 διανενευκὺς
2627 498 2707 561 είς
2740 497 2801 550 τὸ
2836 495 3048 567 ἐξήνιον
3088 497 3147 550 τὸ
3179 497 3320 551 οὓτω
3355 502 3841 573 μειονεκτούμενον

575 597 654 650 ria
691 603 842 648 tanto
876 600 959 646 est
1004 588 1226 643 inferius
1254 628 1269 654 ,
1300 588 1348 642 id
1384 602 1488 653 est,
1519 602 1582 641 ex
1628 596 1772 641 terra
1809 600 2130 658 procreatus.

2255 591 2416 660 φύσει
2447 608 2510 643 τε
2541 592 2636 644 καὶ
2664 590 3125 662 δόξῃ,τουτέστιν,
3157 595 3185 645 6
3208 593 3270 645 ἐκ
3287 594 3389 663 γῆς
3419 610 3478 646 τε
3509 596 3603 649 καὶ
3631 598 3719 659 είς
3743 598 3842 669 γῆν

572 697 626 739 et
656 686 706 737 in
740 694 939 737 terram
970 689 1253 735 revertens
1280 680 1438 734 homo
1468 679 1540 731 τοι
1570 678 1681 749 Ego
1712 680 1895 749 igitur,
1927 679 2130 739 ait,nni-

2256 682 2733 752 ἀνθρωπος;Ἐγὼ
2761 682 2959 747 τοίνυν,
2985 683 3171 753 φησὶν,
3214 686 3244 738 6
3302 684 3410 738 τῶν
3439 685 3576 739 ὅλων
3603 688 3835 758 Κύριος,

572 774 847 830 versitatis
901 772 1194 849 Dominus,
1255 772 1392 842 7qui
1452 769 1591 826 facio
1637 772 1898 841 judicium
1958 773 2009 824 in
2053 786 2130 824 cx-

2240 777 2395 839 ιὸεἱς
2425 775 2556 844 ὕψος
2588 774 2756 827 ποιῶν
2788 778 3015 846 κρῖμα.»
3045 776 3270 839 Ὅμοιον
3308 775 3365 829 δέ
3399 776 3473 841 ὡς
3500 778 3549 830 εἰ
3578 777 3755 846 λέγοι·
3787 780 3840 832 'U

569 865 736 920 celso.
788 883 806 917 7
857 862 1020 931 Quasi
1067 864 1234 929 dicat,
1278 862 1373 932 qui
1421 862 1743 917 sublimibus
1791 872 1845 917 et
1897 861 2130 930 superni:

2248 869 2362 929 τοῖς
2398 866 2533 935 ὑψοῦ
2562 882 2619 918 τε
2643 865 2736 918 καὶ
2759 867 2870 919 ἀνω
2900 865 3172 937 πνεύμασι
3194 869 3296 937 τῆς
3317 867 3497 931 αὐτοῖς
3520 885 3841 941 πρεπούσης

569 954 854 1024 spiritibus
904 954 1133 1022 jusmiaz
1186 953 1293 1008 illis
1346 953 1700 1022 congruentis
1748 953 1962 1007 modum
2008 968 2130 1022 ιιιιεη

2251 956 2598 1026 δικαιοσύνης
2639 956 2906 1021 συντιθεὶς
2948 956 3039 1010 τὸν
3080 956 3282 1028 τρόπον
3326 959 3544 1028 (κρῖμα
3587 960 3704 1032 γὰρ
3742 960 3838 1030 τὴν

569 1045 1060 1116 scribit(judicium
1098 1044 1241 1098 enim
1278 1059 1375 1114 pro
1406 1043 1616 1115 justitia
1652 1041 1823 1114 dicit),
1861 1044 1973 1112 ipse
2002 1053 2056 1096 et
2091 1043 2130 1095 ir

2251 1046 2597 1117 δικαιοσύνην
2626 1046 2839 1119 φησιν),
2861 1047 3024 1110 αὐτὸς
3039 1048 3246 1100 τέθεικε
3271 1048 3364 1100 καὶ
3392 1051 3470 1113 είς
3494 1049 3604 1120 γῆν
3626 1051 3836 1105 δικαιοο

569 1147 713 1190 terra
738 1135 1014 1204 justitiam
1040 1135 1251 1204 posuit;
1283 1136 1383 1189 hoc
1417 1143 1518 1202 est,
1545 1135 1786 1189 definivit
1814 1145 1979 1204 atque
2014 1152 2130 1190 con-

2256 1140 2442 1210 σύνην,
2480 1140 2760 1194 τουτέστιν
2784 1181 2798 1205 ,
2836 1141 3075 1211 ὡρίσατο
3121 1142 3215 1193 καὶ
3259 1141 3384 1203 τοὺς
3416 1142 3473 1194 ἐν
3504 1145 3575 1213 γῇ
3611 1145 3833 1213 νόμους,

567 1226 746 1281 ειίιιιίι
782 1226 945 1279 etiam
990 1228 1041 1279 in
1083 1227 1242 1280 terris
1293 1226 1438 1295 leges
1467 1227 1762 1280 secundum
1807 1242 1941 1293 quas
1978 1226 2130 1280 vitam

2254 1233 2377 1286 καθ’
2413 1231 2506 1295 οὓς
2538 1232 2604 1286 ἂν
2635 1233 2837 1301 πρέποι
2875 1232 3065 1302 διαζῇν
3093 1232 3290 1295 αὐτοὺς
3345 1232 3441 1286 καὶ
3477 1234 3535 1286 ἐν
3563 1232 3712 1304 λόγῳ
3751 1235 3832 1287 τέ-

565 1334 659 1373 eos
685 1320 919 1387 dirigere
951 1319 1255 1384 conveniat,
1284 1328 1339 1370 et
1367 1329 1445 1371 est
1483 1317 1676 1370 rationi
1714 1318 1853 1385 apud
1886 1333 1980 1372 eos
2013 1318 2130 1372 iusi-

2252 1323 2424 1377 θειται
2462 1324 2592 1395 παρ’
2639 1325 2820 1387 αὐτοῖς
2863 1323 2925 1376 τὸ
2975 1320 3032 1376 εὖ
3078 1319 3218 1377 εἶναι
3290 1324 3386 1376 καὶ
3434 1324 3554 1395 ζῇν,
3604 1327 3694 1380 καὶ
3733 1328 3829 1396 τῆς

569 1421 703 1474 ιιιιιι,
751 1410 889 1463 bene
924 1424 1079 1471 68:8,
1134 1417 1191 1461 et
1233 1408 1432 1473 vivere,
1468 1407 1693 1476 ejusque
1733 1407 2130 1461 mansuetudint

2252 1416 2383 1485 παρ’
2415 1413 2580 1469 αὐτοῦ
2615 1414 2864 1484 μετέχειν
2893 1413 3230 1484 ἡμερότητος
3282 1415 3376 1465 καὶ
3400 1414 3821 1485 φιλανθρωπίας.

566 1511 622 1553 et
657 1500 988 1570 benignitate
1035 1499 1258 1569 perfrui.
1298 1500 1429 1553 Esse
1468 1511 1647 1553 autem
1692 1496 1860 1551 Deum
1898 1500 2130 1568 omnipon

2253 1508 2376 1560 Ὅτι
2405 1506 2461 1559 δέ
2488 1510 2605 1560 ἐστι
2628 1505 3024 1576 παντοκράτωρ
3067 1506 3160 1558 καὶ
3188 1505 3469 1575 παναλκὴς
3497 1507 3523 1557 ὁ
3544 1501 3697 1570 Θεὸς,
3729 1507 3821 1559 καὶ

570 1603 794 1656 tentem,
825 1601 883 1647 et
916 1591 1124 1647 viribus
1157 1591 1570 1657 validissimum,
1597 1600 1649 1645 et
1677 1590 1809 1645 nihil
1846 1591 1894 1644 ei
1944 1591 2130 1661 impos-

2250 1599 2532 1669 ἀμήχανον
2564 1596 2717 1650 οὐδὲν
2746 1595 2896 1666 αὐτῷ
2927 1593 3227 1658 παντελῶς,
3266 1595 3402 1647 είκει
3448 1594 3505 1647 δέ
3547 1596 3640 1647 καὶ
3685 1594 3818 1664 αὑτὴ

567 1683 989 1753 εἰιιῑιεβιιειιίιιιε,
1012 1685 1312 1751 cedereque
1335 1681 1411 1736 illi
1446 1691 1696 1736 naturam
1725 1680 2130 1747 elementorum,

2249 1690 2354 1742 τῶν
2391 1688 2669 1759 στοιχείων
2698 1686 2935 1757 ἡφύσις,
2961 1687 3055 1739 καὶ
3087 1686 3405 1757 μεθίσταται
3437 1685 3503 1739 τά
3536 1685 3667 1738 ὄντα
3690 1686 3820 1757 πρὸς

565 1786 622 1829 et
652 1776 973 1830 commutari
1024 1789 1111 1830 res
1154 1789 1252 1845 pro
1318 1773 1436 1844 ejus
1482 1773 1745 1849 arbitratu
1784 1776 2130 1839 demonstrat,

2247 1777 2307 1829 τὸ
2335 1775 2482 1846 αὐτῷ
2512 1774 2719 1841 δοκοῦν,
2758 1775 3129 1841 ἀποδείκνυσι,
3156 1773 3336 1827 λαϐὼν
3365 1777 3444 1837 είς
3476 1775 3811 1845 παράδειγμα

567 1866 872 1935 exernplum
923 1881 1207 1921 assumens
1253 1867 1393 1934 quod
1443 1866 1633 1921 umhra
1667 1865 1898 1921 declinet
1942 1866 1995 1919 in
2040 1880 2125 1920 ma

2248 1868 2306 1920 τὸ
2337 1867 2622 1937 ἐκτρέπειν
2655 1866 2755 1937 μὲν
2790 1868 2869 1929 εἰς
2905 1866 2966 1919 τὸ
3000 1866 3146 1937 πρωῒ
3182 1866 3338 1919 σκιὰν
3363 1907 3376 1927 ,
3409 1866 3625 1937 ἡμέραν
3661 1866 3719 1919 δὲ
3755 1861 3811 1919 αὖ

567 1972 656 2025 ne,
687 1970 742 2013 et
787 1972 972 2013 rursus
1017 1959 1133 2012 dies
1171 1958 1524 2014 contenebret
1563 1959 1615 2012 in
1656 1968 1892 2013 noctem.
1923 1958 2130 2028 lnsupet

2247 1957 2601 2022 συσκοτάςειν
2640 1940 2719 2021 είς
2748 1958 2937 2012 νύκτα.
2968 1958 3079 2010 Καὶ
3112 1958 3247 2029 πρός
3275 1974 3338 2026 γε
3367 1958 3423 2010 δὲ
3461 1957 3702 2024 τούτοις,
3744 1958 3815 2011 ὅτι

566 2051 707 2120 quod
752 2059 910 2105 nutus
952 2048 1267 2118 imperantis
1318 2064 1513 2119 aquam
1551 2066 1580 2104 a
1625 2051 1761 2105 mari
1814 2052 1863 2104 vi
1895 2050 2130 2120 quadam

2243 2051 2304 2104 τὸ
2333 2051 2390 2118 ἐξ
2413 2050 2538 2113 ἀλὺς
2572 2050 2938 2121 θδωρ,άφάτῳ
2968 2050 3194 2119 δυνάμει
3222 2050 3358 2121 πρὸς
3385 2049 3446 2102 τὸ
3475 2048 3614 2118 ὑψοῦ
3645 2066 3707 2102 τε
3730 2051 3815 2102 καὶ

567 2144 828 2200 iuellabili
866 2154 921 2200 et
954 2160 1152 2200 arcana
1189 2147 1240 2200 in
1290 2160 1487 2216 supera
1524 2159 1782 2210 evocans,
1822 2144 1877 2198 in
1916 2143 2130 2213 qualiter

2243 2144 2357 2197 ἄνω
2395 2142 2580 2196 καλῶν
2595 2142 2788 2210 ,γλυκὺ
2819 2140 3111 2212 καθίστησι
3137 2144 3253 2205 τοῖς
3279 2141 3372 2194 ἐπὶ
3410 2142 3511 2210 τῆς
3544 2142 3673 2213 γῆς,
3712 2144 3811 2205 τοῖς

522 2254 525 2259 ’
568 2247 673 2293 tem
723 2253 828 2291 non
881 2237 1182 2291 naturalem
1236 2238 1597 2305 migrantem,
1640 2244 1908 2289 terrarum
1947 2234 2141 2289 incolis

567 2326 777 2382 dulcem
809 2326 956 2381 facit.
988 2326 1183 2381 Mutari
1208 2339 1385 2381 autem
1413 2327 1486 2381 ait
1515 2345 1533 2379 7
1559 2327 1611 2380 iu
1636 2340 1793 2380 mane
1814 2324 2080 2392 umbram,
2115 2344 2134 2377 7

567 2421 671 2475 hoc
720 2430 825 2484 est,
875 2430 1086 2476 noctem
1140 2421 1255 2474 sive
1304 2420 1553 2475 tenebras
1592 2419 1825 2473 transire
1870 2418 1922 2472 in
1974 2418 2137 2474 diem.

567 2513 729 2577 Nam,
771 2521 828 2567 ut
872 2528 901 2566 a
933 2514 1084 2567 Mose
1133 2511 1391 2580 scriptum
1421 2521 1525 2573 est,
1567 2531 1584 2561 7
1621 2510 1854 2565 tenebrae
1897 2519 2051 2563 erant
2086 2509 2137 2563 in

563 2605 831 2674 principio
867 2618 1029 2674 super
1056 2603 1311 2673 abyssum
1344 2603 1408 2666 ³⁸,
1447 2621 1464 2653 7
1495 2603 1597 2656 hoc
1626 2610 1734 2665 est,
1770 2605 1979 2656 umbra.
2007 2599 2135 2665 Sed,

569 2715 589 2750 7
628 2696 776 2750 Dixit
821 2696 979 2762 Deus,
1015 2694 1210 2765 inquit,
1245 2706 1296 2747 et
1326 2694 1467 2748 facta
1508 2704 1590 2747 est
1634 2693 1719 2746 lux
1747 2692 1792 2724 ⁸ο
1823 2710 1836 2747 :
1878 2710 1896 2743 7
1941 2692 2019 2746 sic
2051 2692 2135 2746 ni-

563 2789 759 2842 mirum
788 2785 849 2841 ¹ιιι
880 2801 1036 2841 mane
1084 2786 1231 2855 (puta
1282 2786 1334 2838 in
1365 2783 1532 2853 diem)
1561 2785 1832 2849 umbram,
1866 2783 1917 2836 id
1941 2791 2025 2837 est
2056 2792 2137 2836 Ie-

569 2881 782 2942 nebras,
820 2893 1139 2932 conversam
1176 2891 1314 2931 esse.
1355 2874 1460 2929 Sed
1498 2878 1636 2929 diem
1686 2873 1825 2927 facta
1863 2889 1967 2925 nux
2014 2886 2132 2925 rur-

564 2985 685 3024 sum
707 2969 935 3038 expulit,
968 2970 1068 3022 boc
1097 2977 1197 3033 est,
1229 2967 1369 3021 diem
1405 2967 1456 3020 in
1485 2974 1695 3019 noctem
1730 2964 2130 3019 tenebrescere.

566 3060 813 3114 Consulit
854 3060 1014 3130 igitur
1063 3059 1322 3129 propheta
1370 3057 1642 3125 deceptis,
1698 3071 1803 3109 non
1852 3055 2130 3110 materiam

2241 2234 2334 2288 τοῦ
2366 2234 2693 2305 κρατοῦντος
2740 2232 2975 2304 ῥεύμασι
3015 2232 3365 2304 μεταχωροῦν
3414 2234 3493 2296 είς
3539 2232 3613 2286 τὰ
3673 2234 3814 2303 παρὰ

2243 2325 2422 2394 φύσιν.
2470 2323 2862 2393 Ἐκτρέπεσθαι
2888 2323 2946 2376 δέ
2974 2340 3105 2393 φησι
3145 2342 3162 2373 ι
3201 2324 3281 2385 εἰς
3309 2322 3371 2375 τὸ
3400 2321 3546 2391 πρωῒ
3578 2322 3759 2387 σκιάν,
3794 2341 3810 2373 7

2242 2417 2513 2480 τουτέστι,
2547 2416 2608 2468 τὸ
2631 2415 2822 2479 νύκτα,
2863 2416 3032 2486 ήγρυν
3058 2414 3118 2468 τὸ
3147 2415 3336 2478 σκότος
3365 2416 3707 2486 καταφοιτᾷν
3740 2414 3814 2477 είς

2240 2508 2472 2579 ἡμέραν.
2514 2508 2600 2572 Ὡς
2643 2509 2750 2577 γὰρ
2794 2507 3278 2577 Μωσῆς¹γράφει,
3336 2525 3355 2558 7
3392 2506 3592 2569 Σκότος
3642 2502 3713 2576 ἦν
3762 2507 3815 2560 ἐν

2239 2603 2379 2672 ἀρχῇ
2429 2599 2611 2653 ἐπάνω
2654 2599 2756 2670 τῆς
2784 2598 3043 2662 ἀϐύσσου,
3079 2618 3096 2649 7
3130 2598 3399 2661 τουτέστι,
3449 2599 3598 2651 σκιά.
3644 2598 3807 2663 Ἀλλ’,

2246 2713 2263 2746 7
2302 2689 2469 2747 Εἶπεν
2500 2694 2528 2745 6
2555 2691 2705 2757 Θεὸς,
2738 2692 2892 2761 φησι,
2937 2691 3032 2744 καὶ
3060 2690 3278 2759 ἐγένετο
3307 2690 3443 2759 φῶς·
3480 2708 3499 2741 7
3530 2689 3710 2754 οὕτως
3740 2693 3813 2755 είς

2239 2784 2301 2837 τὸ
2326 2783 2490 2853 πρωῒ,
2516 2783 2816 2847 τουτέστιν,
2850 2783 2930 2846 εἰς
2961 2782 3193 2854 ἡμέραν,
3230 2782 3678 2852 μετατετράφθαι
3722 2785 3809 2854 μὲν

2236 2873 2335 2946 τὴν
2380 2875 2559 2941 σκιὰν,
2594 2873 2863 2938 τουτέστι,
2901 2874 2961 2926 τὸ
2991 2875 3201 2937 σκότος.
3245 2874 3383 2927 Ἀλλ’
3411 2874 3631 2943 ἡμέρας
3662 2891 3810 2942 γεγε·

2238 2965 2478 3034 νημένης
2532 2962 2859 3016 ἐπελαύνετο
2885 2959 3041 3026 αὖθις
3079 2966 3112 3033 ἡ
3142 2962 3256 3028 νὺξ,
3290 2962 3537 3014 τουτέστι
3567 2962 3652 3027 τὸ,
3680 2963 3806 3032 ήμέο

2239 3072 2339 3126 ραν
2374 3057 2449 3117 είς
2479 3054 2650 3107 νύκτα
2698 3051 3074 3117 συσκοτάζειν.
3116 3053 3329 3122 Ὠφελεί
3371 3052 3435 3122 δὴ
3477 3050 3573 3105 οῦν
3615 3054 3646 3106 6
3684 3070 3802 3122 προ-

567 3150 700 3204 nihil
733 3149 1081 3228 sentientem,
1122 3149 1213 3202 sed
1259 3160 1381 3200 eum
1430 3145 1518 3216 qui
1565 3155 1760 3201 uatum
1819 3154 1885 3201 et'
1912 3147 2130 3201 veritate

2238 3147 2415 3219 φήτης
2443 3147 2569 3211 τοὺς
2603 3145 3057 3218 πεπλανημένως
3080 3186 3094 3212 ,
3131 3145 3231 3199 οὐκ
3281 3146 3489 3217 ἄψυχον
3520 3145 3681 3217 ῦλην,
3721 3145 3801 3199 τὸν

566 3250 652 3295 est
686 3240 859 3306 Deus,
893 3239 1211 3307 ostendens;
1247 3254 1351 3292 non
1382 3239 1566 3307 quales
1596 3247 1721 3293 sunt
1764 3237 1913 3291 vituli
1957 3237 2131 3302 aurei,

572 3333 624 3385 id
662 3340 769 3396 est,
803 3332 1069 3399 ejusmodi
1102 3330 1290 3398 quales
1317 3331 1445 3383 deos
1470 3344 1559 3383 ars
1591 3330 1821 3383 humana
1858 3329 2062 3384 invenit
2083 3338 2139 3383 et

569 3422 896 3491 excogitavit
926 3438 941 3474 :
985 3421 1078 3475 sed
1116 3430 1169 3474 et
1202 3433 1563 3487 supernorum
1609 3419 1893 3487 spirituum
1930 3434 2132 3488 regem,

569 3525 624 3569 et
668 3514 1054 3583 legislaturem,
1085 3521 1139 3566 et
1173 3510 1449 3564 hominum
1483 3510 1535 3564 in
1574 3510 1735 3564 terris
1774 3510 2046 3575 similiter,
2081 3521 2135 3565 et

570 3606 936 3661 dominantem
961 3604 1263 3668 elementis,
1289 3612 1343 3656 et
1373 3601 1437 3655 ad
1466 3616 1620 3656 suum
1646 3601 1928 3655 arbitrium
1956 3616 2133 3657 rerum

565 3709 814 3751 naturam
859 3696 1235 3751 inclinantem.
1285 3693 1358 3746 Ea
1407 3694 1670 3762 siquidem
1724 3694 1789 3746 de
1840 3707 2022 3756 causa,
2078 3702 2132 3747 et

559 3786 869 3855 justissime
917 3802 1109 3841 nomen
1144 3787 1218 3840 illi
1254 3795 1433 3854 aptum
1469 3799 1588 3839 esse
1618 3784 1767 3851 dicit,
1813 3803 1831 3837 7
1874 3784 2131 3839 Dominus

460 3856 465 3865 ’
508 3904 514 3908 -
565 3875 713 3927 Deus
755 3872 1122 3942 omnipotens.
1175 3892 1194 3925 7
1235 3873 1499 3941 Quoniam
1554 3885 1732 3928 autem
1789 3876 1901 3929 haec
1942 3885 2133 3948 natura

561 3974 765 4019 ctvera
795 3974 939 4029 sunt,
985 3983 1003 4016 7
1049 3966 1289 4019 Suscitat
1329 3965 1710 4020 contritionem
1743 3979 1905 4034 super
1947 3966 2130 4030 robur,

564 4067 621 4113 et
652 4058 858 4113 inducit
884 4058 1153 4112 miseriam
1177 4071 1338 4127 super
1362 4057 1808 4129 munimentum.7
1839 4057 2128 4127 Discerpit,

564 4148 759 4218 inquit,
787 4152 1067 4217 superbos,
1091 4158 1147 4203 et
1184 4147 1370 4218 jugum
1411 4148 1528 4215 ejus
1568 4149 1958 4218 repellentibus
1997 4165 2130 4204 con-

567 4237 812 4290 tritiones
829 4236 1038 4304 inﬂigit.
1057 4237 1212 4307 301
1229 4236 1534 4304 Quinetiam
1557 4239 1600 4293 si
1622 4239 1744 4307 quis
1768 4236 1905 4293 forte
1923 4253 1988 4294 ex
2012 4248 2128 4293 stu-

564 4341 694 4396 pore
735 4326 967 4393 qnodam
1005 4328 1200 4379 mentis
1228 4337 1375 4395 putet
1402 4343 1459 4381 se
1487 4329 1766 4383 robustum
1791 4343 1855 4383 ac
1878 4344 2127 4399 maguum

562 4429 705 4478 esse,
735 4415 887 4467 bunc‘
905 4413 1121 4467 miseria
1151 4415 1406 4468 cumulat.
1444 4413 1555 4469 Hoc
1589 4417 1747 4471 modo
1773 4418 1962 4470 dextre
1996 4413 2126 4469 sub-

2237 3237 2397 3307 φύσει
2455 3238 2511 3291 δέ
2555 3239 2648 3291 καὶ
2687 3238 2859 3309 ἀληθῆ
2909 3238 3037 3291 ὄντα
3083 3238 3214 3291 Θεὸν
3271 3237 3653 3302 καταδεικνύς*
3688 3237 3805 3292 οὕτε

2241 3331 2345 3400 μὴν
2375 3332 2431 3383 ἐν
2466 3329 2563 3399 ῐσῳ
2589 3332 2709 3393 ταῖς
2742 3330 3008 3401 δαμάλεσι
3037 3332 3156 3394 ταῖς
3194 3332 3440 3400 χρυσαῖς,
3471 3330 3634 3399 ἤγουν
3661 3332 3803 3383 κατά

2237 3436 2357 3474 τινα
2390 3421 2518 3474 ὄντα
2569 3421 2676 3473 τῶν
2710 3422 2773 3474 ἐκ
2806 3421 2995 3492 τέχνης
3031 3421 3381 3494 ἀνθρωπίνης
3430 3420 3798 3491 ἐξευρημένων

2236 3509 2391 3573 θεῶν,
2442 3511 2578 3565 ἀλλὰ
2628 3513 2722 3565 καὶ
2754 3512 2862 3565 τῶν
2907 3513 3019 3566 ἅνω
3052 3513 3379 3582 πνευμάτων
3409 3512 3672 3583 βασιλέα,
3711 3513 3802 3565 καὶ

2234 3600 2530 3672 νομοθέτην
2584 3603 2678 3656 καὶ
2705 3604 2812 3655 τῶν
2846 3604 2939 3655 ἐπὶ
2971 3603 3073 3670 γῆς
3101 3603 3319 3673 ὁμοίως,
3356 3604 3449 3657 καὶ
3478 3603 3808 3669 δεσπόζοντα

2233 3691 2342 3744 τῶν
2374 3693 2670 3761 στοιχείων,
2724 3696 2817 3745 καὶ
2851 3695 2986 3766 πρὸς
3021 3695 3082 3748 τὸ
3126 3695 3274 3765 αὐτῷ
3306 3694 3498 3749 δοκοῦν
3547 3697 3806 3765 μετακλί-

2233 3800 2393 3835 νοντα
2437 3784 2544 3835 τῶν
2581 3784 2750 3838 ὄντων
2790 3786 2887 3854 τὴν
2934 3786 3116 3855 φύσιν.
3170 3786 3355 3857 Ταύτῃ
3417 3787 3529 3858 γὰρ
3571 3787 3674 3859 δὴ,
3715 3791 3804 3841 καὶ

2238 3873 2386 3944 μάλα
2412 3874 3054 3948 δικαίως,φησὶν,δνομα
3091 3878 3299 3950 πρέπον
3340 3878 3509 3948 αὐτῷ,
3545 3898 3564 3929 7
3606 3880 3803 3951 Κύριος

2230 3967 2258 4016 ὀ
2282 3964 2413 4029 Θεὸς
2441 3966 2469 4018 6
2498 3966 2910 4038 παντοκράτωρ.
2948 3987 2967 4019 7
3009 3968 3225 4039 Ἐπειδὴ
3252 3968 3310 4021 δὲ
3352 3968 3528 4022 ταῦτά
3562 3970 3681 4022 ἐστι
3709 3968 3805 4037 φύ-

2234 4071 2316 4107 σει
2348 4072 2406 4108 τε
2443 4057 2536 4108 καὶ
2574 4056 2823 4128 ἀληθείᾳ,
2855 4060 3099 4128 «Διαιρεῑ
3128 4058 3467 4129 συντριμμδν
3496 4059 3591 4112 ἐπὶ
3630 4061 3798 4127 ἰσχὺν,

2230 4146 2423 4215 ἐπάγει
2457 4147 2512 4200 δὲ
2560 4148 2654 4201 καὶ
2692 4148 3069 4220 ταλαιπωρίαν
3115 4151 3201 4203 ἐπ’
3244 4150 3525 4220 ὀχύρωμα.
3564 4168 3583 4201 7
3624 4152 3802 4203 Κατα-

2228 4235 2533 4308 δράττεται,
2587 4239 2720 4308 φησι
2746 4278 2761 4303 ,
2811 4238 2932 4291 τῶν
2972 4240 3354 4311 ὑπερηφάνων,
3388 4242 3481 4292 καὶ
3513 4244 3629 4304 τοῖς
3672 4242 3804 4293 ἀπο-

2232 4328 2528 4397 σειομένοις
2555 4328 2645 4381 τὸν
2678 4330 2767 4383 ἐπ’
2799 4330 2980 4384 αὐτῶν
3025 4331 3191 4400 ζυγὸν
3239 4330 3547 4401 ἐπιμερίζει
3583 4347 3800 4401 συντρι-

2230 4413 2351 4474 ϐάς.
2372 4415 2535 4470 Ἀλλά
2566 4417 2665 4471 κάν
2703 4434 2787 4479 τις
2818 4420 2989 4471 οῐεται
3016 4419 3176 4487 τυχὸν
3199 4418 3259 4482 ἐξ
3284 4416 3619 4485 ἀποπληξίας
3647 4419 3802 4487 ισχυ-

561 4506 799 4561 ostendit
855 4506 998 4574 quod
1047 4504 1093 4556 si
1139 4504 1406 4558 voluerint
1451 4506 1731 4575 pigritari,
1784 4517 1839 4561 et
1890 4508 1942 4561 in
1988 4506 2128 4559 vitiis

2234 4502 2331 4573 ρὺς
2362 4500 2503 4558 εἶναι
2550 4506 2646 4558 καὶ
2677 4506 2871 4576 μέγας,
2889 4508 2984 4561 καὶ
3000 4508 3177 4576 τούτῳ
3198 4507 3567 4577 ταλαιπωρίαν
3581 4505 3798 4574 ἐπάγει.

562 4598 796 4670 apathia:
832 4594 1112 4664 cujusdam
1155 4595 1473 4661 persistere,
1528 4605 1585 4649 ut
1643 4595 1777 4650 nihil
1823 4596 2125 4666 plane'ulla

562 4688 861 4743 monitione
889 4697 1354 4750 commoveantur,
1388 4686 1497 4740 imo
1527 4700 1654 4742 vero
1687 4687 1851 4742 etiam
1879 4688 1981 4743 sibi
2006 4690 2125 4760 pla-

561 4794 717 4848 cere,
762 4778 815 4833 in
868 4786 1167 4831 extremam
1209 4790 1503 4831 aerumnam
1548 4778 1896 4849 delapsuros,
1962 4796 2123 4835 manu

559 4873 801 4929 omnium
828 4868 1067 4941 potentis
1095 4870 1222 4923 tacti
1250 4869 1524 4938 videlicet,
1557 4886 1621 4926 ac
1648 4872 1714 4927 de
1742 4883 1940 4928 caetero
1980 4874 2125 4943 jnste

560 4963 896 5021 comminuti.
934 4979 953 5013 7
993 4960 1250 5016 Dominus
1275 4961 1418 5016 enim
1467 4963 1717 5032 superbis
1759 4964 1963 5019 resistit
1992 4964 2058 5031 δι,
2100 4984 2119 5016 7

559 5055 760 5126 inquit,
797 5063 849 5110 et
896 5062 1263 5122 arrogantem,
1300 5061 1354 5109 et
1386 5052 1804 5119 inobedientem,
1850 5064 1902 5109 et
1929 5066 2123 5111 contu-

556 5160 768 5202 macem
825 5146 998 5202 hostis
1041 5145 1159 5201 loco
1206 5145 1408 5200 ducit:
1459 5163 1478 5197 7
1515 5146 1754 5216 Respicit
1808 5157 1987 5202 autem
2036 5161 2127 5202 su-

561 5254 657 5307 per
698 5238 951 5293 humilem
975 5279 989 5304 ,
1018 5248 1073 5293 et
1112 5236 1377 5308 quietura,
1405 5247 1461 5292 et
1491 5247 1806 5293 trementem
1850 5253 2127 5295 sermones

561 5329 757 5397 ejus".
790 5345 809 5378 7
837 5329 902 5383 Et
927 5331 1125 5384 bonum
1158 5328 1320 5393 istud,
1348 5336 1402 5382 et
1425 5341 1552 5382 vere
1580 5328 1878 5385 imitatione
1905 5328 2122 5400 dignum

560 5421 698 5488 apud
723 5434 816 5473 eos
845 5422 936 5490 qui
965 5422 1225 5492 optimum
1253 5420 1464 5477 vivendi
1496 5420 1830 5476 curriculum
1859 5421 1961 5477 sibi
2002 5435 2125 5488 pro-

561 5520 871 5578 posuerunt.

633 5601 796 5654 Vens.
838 5602 919 5655 l0.
961 5599 1098 5655 Odia
1136 5603 1425 5658 habuerunt
1459 5606 1512 5657 in
1545 5605 1705 5673 portis
1733 5602 2116 5670 corripientem,

559 5702 607 5749 ιι
658 5707 941 5748 sermonem
970 5702 1203 5744 sanctum
1232 5695 1516 5748 abominati
1543 5706 1683 5748 sunt.

2233 4595 2403 4650 Τοῦτο
2443 4597 2500 4649 δὲ
2540 4592 2609 4668 ἦν
2656 4598 3084 4670 ὑπεμφαίνοντος
3124 4599 3361 4668 εὐφυῶς,
3391 4599 3465 4663 ὡς
3516 4598 3565 4651 εἰ
3603 4598 3802 4652 ἕλοιντο

2232 4685 2517 4758 ῥᾳθυμεῖν,
2536 4687 2629 4741 καὶ
2648 4692 2761 4753 τοῖς
2776 4689 2877 4759 τῆς
2895 4690 3163 4755 ἀπαθείας
3187 4691 3500 4762 ἐγκλήμασι
3524 4690 3800 4760 διαμένειν

2231 4780 2332 4845 ἔτι,
2380 4781 2475 4833 καὶ
2522 4780 2665 4851 μέγα
2703 4785 2920 4852 φρονεῖν
2976 4782 3067 4835 ἐπί
3110 4799 3175 4851 γε
3223 4782 3406 4851 σφίσιν
3452 4781 3671 4844 αὐτοῖς,
3724 4781 3800 4842 είς

2229 4870 2465 4942 ἐσχάτην
2523 4871 2816 4925 πεσοῦνται
2885 4873 3285 4943 ταλαιπωρίαν,
3334 4875 3403 4942 τῇ
3434 4872 3528 4925 τοῦ
3587 4872 3802 4925 πάντων

2232 4964 2564 5036 κρατοῦντος
2626 4967 2771 5037 χειρὶ
2839 4966 3022 5019 λοιπὸν
3081 4966 3244 5030 ὁσίως
3322 4965 3800 5037 περιθραυόμενοι.

2237 5075 2256 5109 7
2294 5057 2497 5128 Κύριος
2525 5058 2655 5129 γὰρ,
2705 5059 2869 5127 φησιν
2890 5096 2904 5123 ,
2931 5059 3305 5129 ὑπερηφάνοις
3336 5058 3741 5123 ἀντιτάσσεται,
3778 5075 3796 5107 7

2231 5150 2328 5202 καὶ⁵
2355 5149 2613 5219 πολέμιον
2652 5151 2864 5219 ἡγεῖται
2898 5151 2990 5203 τὸν
3023 5150 3280 5217 ἀλαζόνα,
3322 5151 3419 5203 καὶ
3455 5149 3681 5219 ἀπειθῆ,
3713 5148 3807 5201 καὶ

2228 5240 2580 5309 δυσάγωγον·
2620 5258 2638 5291 7
2662 5240 2977 5293 Ἐπιϐλέπει
3012 5258 3075 5310 γε
3108 5241 3215 5311 μὴν
3253 5242 3346 5295 ἐπὶ
3390 5240 3482 5294 τὸν
3524 5239 3801 5301 ταπεινὸν,

2230 5331 2324 5384 καὶ
2346 5330 2588 5401 ἡσύχιον,
2621 5329 2717 5383 καὶ
2746 5330 3019 5400 τρέμοντα
3049 5330 3174 5392 τοὺς
3209 5329 3401 5397 λόγους
3430 5326 3619 5382 αὑτοῦ.
3647 5346 3666 5378 7
3693 5326 3806 5379 Καὶ

2228 5419 2430 5489 ἀγαθὸν
2462 5419 2522 5471 τὸ
2556 5419 2763 5489 χρῆμα,
2793 5420 2887 5471 καὶ
2925 5420 3284 5490 ἀξιοζήλωτον
3311 5418 3530 5489 ἀληθῶς
3562 5417 3714 5487 παρά
3737 5430 3799 5482 γε

2227 5513 2339 5574 τοῖς
2374 5512 2570 5581 ἄριστα
2594 5510 2782 5582 διαζῇν
2812 5511 3111 5578 έλομένοις.

2307 5604 2644 5671 Ἐμίσησάν
2695 5604 2764 5656 ἐν
2809 5603 3030 5668 πύλαις
3068 5602 3428 5672 ἐλέγχοντα,
3478 5602 3579 5654 καὶ
3617 5600 3805 5670 λόγον

2225 5693 2398 5747 ὅσιον
2432 5696 2849 5759 ἐϐὀελύξαντο.

632 5807 676 5842 ⁸⁸
699 5803 835 5860 Gen.
869 5819 950 5867 Ill,
983 5803 1066 5858 19.
1142 5805 1184 5836 ³⁸
1209 5805 1342 5858 Gen.
1379 5822 1414 5871 ι,
1446 5808 1499 5861 '2.
1581 5807 1890 5873 ⁶⁰11ιὶι1.,-5.
1971 5809 2007 5838 "
2048 5809 2130 5862 l‘rt

2242 5825 2317 5873 ιιι,
2358 5809 2459 5876 3i;
2503 5809 2614 5864 Jac.
2655 5827 2725 5877 tv,
2762 5812 2812 5865 6.
2895 5812 2937 5842 δ’
2970 5809 3072 5865 lsa.
3109 5822 3251 5872 LXVI,
3288 5806 3341 5861 2.
