4054 6274
198 393 292 448 497

1140 386 1697 443 COMMENTARIUS
1736 389 1801 442 lN
1842 390 2508 448 AMOS'PROPHETAM.

3337 394 3461 450 698-

252 505 379 558 MZ'.
432 501 739 571 ’Δντέχεται
778 500 937 555 πάλιν
974 504 1070 572 τῆς
1110 500 1259 571 αύτῷ
1292 499 1604 572 πρεπούσης
1636 502 1763 554 ἀκο-

1940 503 2140 561 XLVll.
2176 505 2405 561 Rursum
2433 519 2594 574 quam
2632 518 2729 574 par
2756 512 2838 571 est
2870 504 3302 560 consecutionem
3330 520 3446 559 ser-

194 594 403 659 λουθίας
434 595 462 646 6
489 593 668 661 λόγος.
705 591 925 663 Ἐπειδὴ
961 594 1070 665 γὰρ
1098 594 1127 645 6
1156 592 1441 656 θεσπέσιος
1472 593 1762 664 προφήτης

196 681 606 754 παντοκράτορά
626 699 684 735 τε
712 684 804 737 καὶ
833 682 1080 754 παναλκῆ
1110 683 1465 754 κατωνόμαζε
1487 682 1579 737 τὸν
1606 682 1759 746 Θεὸν,

196 775 483 848 προσετίθη
518 774 574 827 δὲ
598 776 681 827 ὅτι
718 775 919 846 διαιρεῖ
961 775 1296 846 συντριμμὺν
1336 775 1430 828 ἐπὶ⁵
1467 774 1640 845 ἰσχὺν,
1673 774 1769 827 καὶ

195 865 564 935 ταλαιπωρίαν
592 865 685 916 ἐπὶ
713 863 975 935 ὀχύρωμα
1006 865 1225 933 ἐπάγειν
1252 862 1505 936 ταύτῃ-τοι
1536 863 1631 917 καὶ
1673 862 1768 916 νῦν

194 957 518 1026 ἀναγκαίως,
558 955 645 1009 ἵνα
678 956 752 1025 μή
786 971 869 1017 τις
899 954 1076 1025 οἴηται
1115 954 1383 1028 περιττῶς
1409 954 1637 1022 ἐπάγειν
1674 953 1769 1006 αὐ-

194 1048 275 1102 τὸν
305 1048 419 1110 τοῖς
461 1044 621 1114 ὀλίγα
649 1044 900 1099 πταίουσι
927 1043 1026 1108 τάς
1053 1043 1244 1116 ὀργὰς,
1273 1043 1669 1118 ἀπαριθμεῖται
1698 1042 1770 1098 τὰ

195 1139 537 1209 ἐγκλήματα,
584 1135 677 1190 καὶ
728 1136 808 1199 είς
867 1134 1028 1206 μέσον
1060 1136 1183 1205 ἄγει
1222 1137 1320 1199 τὰς
1356 1135 1569 1203 αίτίας,
1608 1135 1676 1189 δι’
1703 1134 1771 1199 ἃς

198 1231 572 1302 συντρίμματα
618 1228 714 1282 καὶ
744 1227 1114 1299 ταλαιπωρίαν
1136 1225 1446 1299 ἐπιμερίζει
1476 1227 1637 1282 τισίν.
1664 1229 1769 1281 Με-

200 1324 454 1393 μισήκασι
487 1321 618 1393 γάρ,
660 1320 821 1390 φησὶ,
852 1320 978 1383 τοὺς
1008 1319 1403 1391 σωφρονιστὰς,
1439 1319 1570 1391 παρ’
1617 1318 1771 1372 οὐδὲν

196 1414 511 1484 πεποίηνται
551 1412 679 1473 τοὺς
718 1409 1072 1480 ἐλέγχοντας,
1119 1410 1215 1463 καὶ
1264 1409 1390 1472 τοὺς
1437 1406 1772 1478 ἐπανορθοῦν

195 1490 449 1568 εἰωθότας
493 1505 574 1568 εἰς
617 1503 680 1557 τὸ
729 1503 955 1557 ἁνδάνον
999 1500 1150 1573 Θεῷ,
1199 1500 1452 1572 βδελυρὸν
1500 1501 1773 1571 ἡγήσαντο

195 1599 366 1652 πάντα
394 1598 550 1666 λόγον
575 1597 744 1658 ὅσιον,
768 1594 859 1647 τὸν
883 1592 1152 1648 καλοῦντα
1180 1591 1423 1663 δηλονότι
1475 1593 1569 1646 καὶ
1596 1608 1774 1664 παρα-

196 1690 425 1761 θήγοντα
465 1689 600 1761 πρὸς
640 1686 891 1756 ὁσιότητα
956 1685 1051 1740 κα)⁹
1098 1683 1389 1754 ἁγιασμόν.
1433 1683 1506 1736 Τὸ
1535 1681 1592 1735 δὲ
1626 1700 1645 1734 ι
1683 1683 1773 1737 Ἐν

199 1781 390 1843 πύλαις
421 1799 439 1831 ι
474 1780 716 1843 νοήσεις,
757 1776 1037 1849 ἐναργῶς,
1082 1762 1177 1830 καί
1211 1774 1532 1844 ἀναφανδὸν,
1574 1774 1669 1828 καὶ
1714 1775 1773 1828 ἐν

1872 610 1959 651 mo
1996 603 2168 653 tenet.
2204 595 2492 666 Postquam
2533 595 2660 650 olim
2713 595 2926 651 divinus
2971 595 3228 665 propheta
3281 595 3446 650 Deum

1869 686 2292 755 omnipotentem
2326 696 2382 742 et
2413 685 2844 743 robustissimum
2876 687 3447 756 vocavit,addiditqne,

1873 778 2023 832 illum
2066 778 2309 834 dividere
2355 777 2733 833 contritionem
2766 794 2927 848 super
2979 779 3165 846 robur,
3201 789 3256 833 et
3286 776 3451 834 mise-

1872 870 2008 924 riam
2035 884 2201 939 super
2231 870 2398 924 robur
2430 868 2685 923 inducere
2712 886 2727 935 ;
2760 869 2879 924 ideo
2909 880 2964 924 et
3019 886 3182 935 nunc,
3209 885 3276 930 ne
3331 870 3453 940 quis

1871 960 2049 1030 ipsum
2080 974 2250 1029 pauca
2286 959 2721 1030 delinquentibus
2752 973 2911 1029 aequo
2948 959 3167 1029 gravius
3215 960 3452 1015 minitari

1872 1059 2044 1120 putet,
2072 1050 2277 1106 scelera
2312 1057 2578 1116 recenset,
2614 1064 2915 1120 causasque
2942 1049 2997 1103 in
3027 1050 3263 1105 medium
3299 1051 3453 1106 aiIert

1876 1151 2099 1213 propter
2142 1155 2277 1212 quas
2318 1141 2675 1198 contritiones
2698 1150 2754 1196 et
2796 1141 3069 1197 miseriam
3126 1140 3452 1211 quibusdam

1875 1234 2149 1290 immittat.
2177 1232 2420 1290 Oderunt
2453 1234 2618 1301 enim,
2654 1233 2847 1304 inquit,
2878 1236 3253 1290 emendatores
3281 1250 3295 1286 :
3325 1248 3456 1289 con-

1875 1334 2206 1397 tempserunt
2291 1326 2670 1395 corripientes,
2726 1334 2781 1381 et
2840 1325 2908 1380 ad
2966 1326 3076 1381 Deo
3140 1324 3469 1395 placendum.

1874 1416 2106 1487 dirigere
2143 1415 2330 1473 solitos
2362 1433 2377 1471 :
2415 1431 2630 1471 omnem
2671 1430 2977 1472 sermonem
3012 1424 3260 1472 sanctum
3296 1431 3456 1479 exse-

1873 1511 2011 1564 crati
2040 1518 2165 1565 sunt
2193 1509 2515 1574 hortantem,
2546 1517 2600 1565 et
2630 1508 2941 1565 incitantem
2975 1510 3040 1565 ad
3071 1524 3286 1566 omnem
3335 1524 3456 1577 per-

1875 1599 2158 1657 fectionem
2176 1612 2230 1657 et
2254 1600 2688 1667 sanctimoniam,
2707 1602 2933 1657 scilicet.
2958 1619 2978 1653 ι
3006 1602 3065 1656 In
3094 1602 3288 1671 portis,
3319 1620 3336 1653 ι
3372 1601 3456 1655 in-

1877 1692 2054 1764 tellige
2097 1701 2302 1763 aperte,
2357 1692 2531 1763 palam
2555 1700 2611 1747 et
2645 1693 2831 1749 libere.
2870 1692 3096 1749 Videtur
3156 1702 3336 1747 autem
3376 1693 3458 1745 in-

1875 1784 2114 1840 solentiae
2183 1793 2240 1839 et
2315 1783 2611 1839 aversionis
2672 1798 2859 1839 eorum
2918 1783 2970 1838 in
3052 1783 3342 1852 prophetas
3407 1790 3461 1836 et

204 1867 501 1940 παρρησία.
531 1868 714 1920 Ἐοικε
760 1865 839 1931 δὲ,
875 1865 979 1935 τῆς
1013 1866 1093 1928 είς
1143 1865 1427 1936 προφήτας
1476 1862 1570 1917 καὶ
1617 1862 1779 1933 νόμον

1895 1876 2051 1942 legem
2097 1886 2241 1927 nunc
2277 1871 2608 1928 meminisse.
2644 1870 3129 1941 Reprehendebant
3154 1869 3301 1925 enim
3331 1883 3459 1939 pro-

209 1959 463 2022 ἀπονοίας
496 1958 666 2013 αὐτῶν
717 1958 809 2011 καὶ
837 1958 1185 2027 ἀποστροφῆς
1208 1952 1607 2025 διαμεμνῆσθαι
1633 1953 1768 2006 νυνί.

216 2048 481 2117 Ἢλεγχον
513 2046 609 2117 μὲν
638 2047 743 2118 γὰρ
783 2046 835 2098 oi
884 2046 1180 2116 προφῆται,
1240 2042 1553 2114 προσιόντες
1602 2041 1774 2113 ἀκρύ-

210 2157 355 2202 πτως
375 2157 388 2170 ·
419 2141 562 2202 ὅσιος
590 2138 645 2191 δὲ
677 2139 835 2206 λόγος
859 2139 888 2191 6
918 2136 1081 2208 νόμος
1109 2132 1198 2208 ἦν,
1243 2136 1324 2191 ὅτι
1360 2136 1455 2189 καὶ
1493 2134 1649 2201 Θεοῦ,
1685 2134 1781 2189 καὶ

205 2232 546 2303 δικαιοσύνης
570 2232 851 2303 πρύτανις,
877 2231 971 2285 καὶ
998 2230 1345 2299 παιδαγωγὸς
1369 2231 1448 2293 είς
1478 2228 1778 2291 εὐσέϐειαν,

206 2322 297 2375 καὶ
342 2321 439 2376 τοῦ
488 2321 646 2390 φύσει
677 2339 737 2397 τε
784 2322 879 2376 καὶ
922 2320 1139 2390 ἀληθῶς
1180 2319 1317 2374 Θεοῦ
1360 2319 1652 2382 δεικτικός.
1684 2319 1783 2372 Διὰ

203 2414 359 2466 τοῦτο
404 2413 499 2465 καὶ
547 2412 755 2476 Παῦλος
799 2412 983 2480 ἁγίαν,
1027 2411 1123 2465 καὶ
1156 2410 1394 2474 δικαίαν,
1442 2409 1538 2463 καὶ
1575 2408 1784 2478 ἀγαθὴν

203 2504 298 2575 τὴν
319 2502 414 2556 διὰ
444 2504 687 2567 Μωσέως
711 2504 931 2574 εἴρηκεν
962 2501 1201 2572 ἐντολήν.
1227 2500 1438 2555 Οὐκοῦν
1461 2501 1784 2571 νοσημάτων

203 2596 500 2666 αἴσχιστον,
532 2595 626 2649 καὶ
657 2594 763 2649 τῶν
787 2598 843 2647 ἐν
867 2594 1064 2665 ψυχαῖς
1090 2592 1276 2647 παθῶν
1308 2591 1434 2665 ῥίζα
1463 2609 1546 2656 τις
1570 2592 1786 2661 ιῶσπερ

205 2687 297 2743 καὶ
329 2687 570 2755 γένεσις,
600 2686 661 2740 τὸ
680 2685 1031 2741 ἀποσείεσθαι
1074 2685 1415 2757 συμϐουλὰς,
1464 2684 1560 2738 καὶ
1611 2686 1787 2753 μισεῖν

206 2776 482 2847 ἐλέγχους,
520 2776 616 2829 καὶ
671 2776 851 2830 δοκεῖν
883 2775 974 2827 τὸν
1017 2773 1161 2827 θεῖον
1196 2774 1331 2845 μηδὲ
1376 2772 1573 2827 εἰδέναι
1607 2773 1788 2843 νόμον.

224 2868 283 2922 '0
314 2867 427 2939 γάρ
455 2884 536 2922 τοι
566 2868 705 2938 πρὸς
738 2866 896 2921 τοῦτο
935 2865 1266 2936 φαυλότητος
1311 2863 1670 2935 καθιγμένος,
1705 2864 1792 2934 νηῒ

209 2972 310 3011 που
338 2959 561 3020 πάντως
596 2958 748 3011 ἔσται
779 2956 1136 3029 προσεοικὼς,
1167 2955 1440 3026 πηδαλίων
1468 2956 1671 3027 ἐρήμῃ,
1702 2956 1793 3008 καὶ

208 3050 305 3104 οὒκ
334 3050 539 3122 ἐχούσῃ
568 3049 660 3102 τὸν
692 3049 1053 3120 ἐφεστηκότα,
1078 3050 1113 3118 ἢ
1137 3049 1299 3101 παντὶ
1338 3047 1605 3117 πνεύματι
1643 3064 1796 3118 περι-

210 3141 461 3212 φέρεται,
491 3141 586 3193 καὶ
624 3139 761 3211 πρὸς
797 3139 858 3191 τὸ
893 3138 1067 3191 ὠθοῦν
1111 3137 1297 3201 ἁπλῶς
1344 3137 1438 3191 καὶ
1496 3136 1794 3207 ἀπερισκέ-

1883 1964 2077 2033 phetaa,
2111 1964 2428 2018 accedentes
2470 1962 2687 2032 palam:
2729 1962 2813 2017 lex
2863 1971 3043 2015 autem
3090 1975 3274 2015 sermo
3334 1975 3463 2015 san-

1884 2063 2006 2110 ctus
2029 2062 2166 2122 erat,
2199 2054 2452 2123 quoniam
2487 2063 2542 2108 et
2583 2051 2697 2116 Dei,
2727 2062 2782 2109 et
2822 2051 3070 2123 iustitiae,
3105 2051 3462 2120 dispensator,

1885 2154 1939 2201 et
1967 2146 2289 2217 paedagogus
2310 2148 2376 2201 ad
2407 2144 2668 2214 justitiam
2695 2143 2762 2209 “,
2789 2146 2989 2213 quique
3039 2153 3232 2196 natura
3263 2157 3326 2197 ac
3373 2155 3467 2197 ve-

1889 2252 1948 2291 re
1984 2238 2149 2291 Deum
2178 2238 2502 2291 ostenderet.
2532 2234 2712 2301 Quare
2739 2244 2793 2290 et
2850 2233 3052 2288 Paulus
3090 2241 3359 2297 sanctam,
3409 2242 3466 2288 et

1884 2330 2109 2401 justam,
2182 2336 2239 2383 et
2286 2327 2480 2383 bonam
2522 2341 2643 2382 esse
2686 2325 2857 2396 legem
2914 2338 3009 2393 per
3060 2324 3249 2377 Mosen
3304 2322 3477 2376 latam.

1892 2420 2119 2476 aﬂirmat
2147 2419 2211 2474 “.
2250 2420 2434 2489 Itaque
2475 2419 2786 2475 morborum
2854 2416 3299 2482 foedissimorum,
3340 2412 3468 2470 ail‘e-

1893 2514 2242 2582 ctionumque
2305 2511 2358 2566 in
2399 2512 2577 2566 anima
2637 2511 2954 2565 vitiosarum
3012 2508 3157 2564 velut
3188 2508 3359 2574 radix,
3414 2516 3470 2562 et

1893 2604 2169 2674 generatio
2198 2612 2299 2668 est,
2338 2602 2595 2672 repellere
2630 2600 3039 2664 admonitiones,
3075 2608 3129 2654 et
3162 2598 3341 2654 odisse
3372 2598 3470 2652 ob-

1891 2695 2245 2765 jnrgationes,
2283 2694 2558 2763 viderique
2580 2691 2818 2747 divinam
2845 2692 3013 2761 legem
3051 2705 3118 2745 ne
3157 2704 3317 2744 nosse
3344 2688 3468 2757 qui-

1898 2782 2036 2834 dem.
2071 2778 2171 2847 Qui
2203 2792 2433 2848 namque
2459 2777 2526 2830 ad
2561 2776 2663 2831 hoc
2690 2775 3046 2845 improbitatis
3086 2774 3321 2838 devenit,
3355 2773 3471 2842 pla-

1899 2885 1966 2926 ne
1994 2873 2112 2925 navi
2135 2869 2327 2924 similis
2358 2878 2462 2931 est,
2484 2866 2869 2937 gubernaculo,
2892 2875 2946 2921 et
2970 2866 3223 2921 nauclero
3243 2861 3468 2929 carenti,

1899 2975 2016 3031 quae
2045 2960 2191 3015 omni
2222 2967 2384 3014 vento
2428 2955 2826 3021 circumfertur,
2860 2964 2915 3010 et
2943 2964 3104 3027 prout
3153 2953 3485 3023 impellitur,

1899 3052 2212 3121 simpliciter
2254 3058 2307 3106 et
2331 3050 2550 3106 fortuito
2586 3052 2691 3104 huc
2712 3050 2836 3104 illuc
2865 3049 3095 3113 accedit,
3120 3047 3282 3118 302
3316 3045 3470 3116 quasi

1900 3145 2071 3208 ebria,
2097 3151 2151 3197 et
2175 3141 2429 3196 ﬂuctuum
2456 3141 2707 3211 deinceps
2732 3141 2930 3212 impetu
2960 3140 3066 3195 huc
3096 3139 3218 3193 illuc
3248 3138 3470 3206 jactata.

209 3248 358 3295 πτως
393 3231 554 3296 ἵεται,
604 3231 886 3300 μονονουχὶ
915 3230 1011 3282 καὶ
1060 3228 1368 3301 μεθύουσα,
1405 3228 1499 3283 καὶ
1537 3227 1792 3297 κυμάτων

1907 3237 2102 3292 Verum
2130 3235 2347 3304 sapiens
2383 3235 2547 3289 David
2574 3234 2777 3303 justum
2812 3234 2962 3289 illum
3009 3237 3228 3288 beatum
3269 3230 3471 3301 praedi-

211 3324 539 3395 ἀθροίσματι
571 3323 847 3394 φερομένη
880 3322 1090 3376 λοιπόν.
1129 3321 1268 3374 Ἀλλ’
1292 3322 1320 3375 ὅ
1345 3336 1408 3387 γε
1438 3319 1600 3388 σοφὸς
1632 3317 1797 3370 Δαϐὶδ

210 3420 344 3488 ἡμῖν
376 3415 670 3486 μακαρίζει
692 3415 782 3468 τὸν
799 3414 1001 3468 δίκαιον
1021 3416 1246 3478 ἐκεῖνον,
1270 3411 1441 3480 λέγων
1460 3427 1472 3441 ·
1502 3430 1523 3463 ι
1555 3411 1614 3463 '0
1637 3409 1799 3479 νόμος

209 3508 310 3561 τοῦ
344 3508 480 3562 Θεοῦ
512 3506 675 3562 αὑτοῦ
722 3509 780 3560 ἐν
814 3506 1008 3578 καρδίᾳ
1034 3504 1218 3568 αὑτοῦ,
1259 3505 1353 3558 καὶ
1384 3504 1481 3574 οὐχ
1513 3501 1798 3556 ὑποσκελι-

216 3601 477 3672 σθήσεται
502 3598 570 3653 τὰ
593 3598 900 3669 διαδήματα
919 3596 1106 3651 αὐτοῦ.
1122 3614 1141 3648 ι
1180 3593 1435 3666 Ἀπορθοί
1457 3592 1565 3665 γὰρ
1584 3594 1612 3647 ὁ
1636 3592 1800 3660 νόμος

217 3697 298 3759 εἰς
326 3694 388 3747 τὸ
414 3693 648 3764 ἀρέσκον
676 3690 814 3762 Θεῷ.

289 3784 393 3839 Διὰ
420 3785 593 3839 τοῦτο
624 3783 753 3837 ἀνθ’
777 3777 863 3835 ὧν
887 3780 1379 3841 κατεκονὸύλιζον
1406 3780 1668 3848 πτωχὸν,
1697 3778 1798 3832 καὶ

218 3877 379 3946 δῶρα
410 3874 991 3937 ἐκλεκτὼὲδέξασθε
1021 3874 1156 3940 παρ’
1203 3872 1410 3926 αὐτοῦ.
1451 3872 1670 3935 Οἷκους
1707 3869 1803 3933 ξε-

220 3968 411 4032 στοὺς
446 3963 893 4032 ᾠκοδομήσατε,
928 3962 1027 4015 καὶ
1072 3964 1143 4015 οὺ
1184 3961 1269 4029 μὴ
1299 3962 1698 4029 κατοικήσητε
1740 3960 1809 4013 ἐν

220 4060 454 4123 αὐτοῖς.
481 4054 859 4123 Ἀμπελῶνας
880 4052 1279 4122 ὲπιθυμητοὺς
1298 4053 1684 4120 ἐφυτεύσατε,
1712 4052 1809 4106 καί

218 4155 294 4205 οὺ
333 4149 421 4218 μὴ
454 4148 634 4209 πίητε
663 4145 770 4198 τὸν
796 4141 963 4198 οἶνον
990 4143 1209 4198 αὐτῶν.

294 4240 440 4295 MH'.
489 4235 740 4306 Ἀληθὲς,
764 4236 844 4289 ὅτι
891 4235 1066 4304 πάντη
1108 4251 1168 4287 τε
1197 4235 1291 4288 καὶ
1323 4234 1540 4298 πάντως
1565 4234 1626 4287 τὸ
1663 4236 1806 4288 ἀπο-

223 4332 452 4404 σχέσθαι
492 4329 601 4383 τῶν
634 4328 876 4397 ἀγαθῶν,
929 4327 1030 4398 τὴν
1062 4326 1162 4395 τῆς
1195 4324 1524 4396 φαυλότητος
1558 4324 1669 4395 ἔχει
1717 4324 1809 4393 γέ-

222 4441 392 4485 νεσιν,
426 4424 523 4475 καλ⁹
554 4423 588 4493 ἠ
627 4420 721 4474 τοῦ
757 4417 995 4491 χρηστοῦ
1034 4435 1093 4472 τε
1120 4419 1212 4472 καὶ
1250 4417 1477 4486 ὠφελεῖν
1511 4416 1813 4484 πεφυκότος

222 4515 564 4586 ἀποστροφὴ,
593 4517 705 4577 τοῖς
729 4515 827 4584 οὐχ
853 4505 955 4567 ὧδε
983 4511 1164 4582 έχουσι
1194 4509 1538 4581 περιπταίειν
1564 4511 1710 4580 ἡμᾶς
1738 4509 1814 4571 ὡς

224 4609 287 4672 ἐξ
321 4609 567 4677 ἀνάγκης
603 4608 764 4659 ποιεῖ.
796 4606 1007 4674 Ὄνπερ
1034 4602 1144 4672 γὰρ
1171 4601 1371 4672 τρόπον
1404 4599 1580 4669 φωτὸς
1610 4599 1815 4668 ἀπελη-

225 4699 484 4769 λαμένου.
528 4697 649 4751 κατ’
682 4696 825 4766 ἴχνος
852 4696 1013 4760 εὐθὺς
1074 4697 1168 4750 καὶ
1227 4694 1367 4749 κατά
1400 4693 1561 4754 πόδας
1599 4692 1715 4744 ἐστὶ
1757 4689 1818 4743 τέ

156 4838 157 4841 η
228 4791 474 4856 σκότος’,
500 4789 674 4850 οὕτως
718 4789 918 4858 ἀρετῆς
965 4787 1324 4857 ἀποπροίτησις
1378 4783 1653 4853 ἑπομένην
1701 4781 1814 4851 ἔχει

225 4882 330 4952 τὴν
359 4883 460 4949 τῆς
500 4878 833 4948 φαυλότητος
877 4878 1190 4949 εἰσδρομὴν.
1233 4873 1476 4938 Οὐκοῦν,
1519 4871 1816 4942 ἐπειδήπερ

232 4973 578 5044 μεμισήκασι
619 4969 716 5040 μὲν
759 4971 814 5022 ἐν
869 4970 1065 5034 πύλαις
1108 4968 1438 5038 ἐλέγχοντα,
1491 4963 1814 5019 κατεϐδελύ-

232 5060 394 5123 ξαντο
428 5059 487 5112 δὲ
531 5059 626 5112 καὶ
671 5056 827 5125 λόγον
866 5057 1030 5120 ὅσιον,
1061 5059 1139 5120 είς
1183 5055 1434 5126 πολυειδῆ
1484 5051 1814 5108 κατώλισθον

233 5151 534 5221 ἁμαρτίαν.
579 5148 875 5219 ἐτράποντο
911 5148 1047 5217 προς
1085 5147 1420 5213 πλεονεξίαν,
1458 5146 1555 5203 καὶ
1595 5146 1693 5214 τὴν
1734 5144 1815 5195 ὅτι

236 5243 474 5314 μάλιστα
487 5238 841 5310 κατεστυγῖηῙ
851 5238 1013 5309 μένην
1028 5238 1145 5309 Θεῷ
1156 5237 1609 5292 καταδυναστείαν
1628 5237 1818 5303 ἐπιτη-

231 5333 502 5395 δεύοντες,
541 5332 769 5385 ἔτυπτον
812 5329 910 5400 μὲν
951 5332 1194 5400 πυγμαῖς
1224 5329 1496 5392 ταπεινὸν,
1528 5327 1623 5379 καὶ
1666 5327 1819 5377 ἐκον-

233 5425 453 5485 δύ).ιζον
483 5426 560 5488 είς
585 5423 830 5493 κεφαλὰς
870 5421 1124 5492 πτωχῶν,
1156 5423 1205 5474 οἱ
1240 5422 1391 5491 ἁδροί
1427 5436 1545 5481 πως
1578 5417 1816 5480 πάντως,

238 5515 342 5570 καὶ
386 5514 492 5565 τῶν
543 5515 716 5568 ἄλλων
767 5514 1151 5585 ὑπερκείμενοι
1181 5512 1304 5583 δόξῃ
1358 5528 1417 5563 τε
1449 5510 1544 5563 καὶ
1583 5508 1818 5578 πλούτῳ.

238 5604 554 5679 Διήρπαζον
582 5605 636 5658 δέ
662 5605 891 5675 δωρεὰς,
929 5605 1152 5676 ὀνόματι
1184 5605 1315 5672 παρ’
1339 5602 1438 5654 οὐκ
1466 5599 1708 5654 ἀκόντων
1738 5599 1821 5653 δε-

1901 3338 1984 3381 cat
2008 3328 2095 3388 his
2124 3326 2333 3381 verbis:
2357 3325 2495 3379 «Lex
2518 3325 2607 3379 Dei
2637 3325 2756 3394 ejus
2786 3327 2839 3379 in
2866 3325 3029 3380 corde
3062 3324 3252 3392 ipsius,
3278 3332 3331 3377 et
3369 3337 3477 3380 non

1900 3417 2389 3488 supplantabuntur
2437 3432 2653 3488 gressus
2711 3417 2828 3485 ejus
2857 3417 2922 3470 ".
2962 3435 2999 3470 ο.
3052 3415 3159 3470 Lex
3212 3414 3355 3470 enim
3410 3414 3480 3469 ad

1901 3507 2294 3578 beneplacitum
2360 3508 2453 3562 Dei
2495 3506 2876 3577 perliciendum
2930 3506 3058 3569 dux,
3112 3512 3168 3559 et
3219 3503 3476 3574 magistra

1903 3616 2021 3656 sua.

1978 3779 2142 3835 Vens.
2187 3778 2273 3835 ll.
2301 3776 2505 3831 Idcirco
2552 3774 2675 3846 quia
2709 3771 2895 3844 pugnis
2936 3772 3296 3842 percutiebant
3344 3786 3481 3826 men-

1906 3874 2101 3939 dicum,
2132 3879 2180 3925 et
2214 3872 2354 3925 dona
2386 3868 2546 3924 electa
2593 3866 2897 3934 suscepistis
2933 3864 2996 3918 ab
3019 3880 3100 3919 eo.
3144 3863 3337 3919 Demos
3384 3882 3479 3933 po-

1908 3966 2028 4020 litas
2059 3962 2383 4032 wdiﬁcastis,
2402 3970 2450 4015 et
2483 3975 2585 4014 non
2618 3957 2917 4011 habitabilis
2950 3956 3002 4008 in
3022 3955 3116 4008 eis.
3152 3955 3339 4010 Vinea:
3390 3957 3480 4008 de-

1909 4057 2212 4113 siderabiles
2271 4052 2588 4126 plantariis,
2641 4060 2689 4104 et
2738 4064 2843 4102 non
2896 4046 3076 4100 bibetis
3131 4046 3305 4100 vinum
3389 4060 3480 4099 ea-

1910 4164 2047 4202 rum.

1979 4237 2211 4293 XLVIII.
2256 4235 2453 4291 Verum
2484 4240 2588 4298 est,
2612 4241 2833 4300 prorsus
2855 4235 2910 4282 et
2931 4222 3257 4281 omnimodis
3278 4230 3484 4291 tempe-

1913 4346 2031 4386 rare
2064 4345 2093 4383 a
2134 4327 2306 4393 bonis,
2335 4324 2588 4380 vitiorum
2614 4335 2734 4378 esse
2766 4318 2999 4383 initium,
3039 4323 3094 4371 et
3147 4314 3480 4369 aversionem

1915 4437 1944 4475 a
1992 4420 2296 4483 commodo,
2326 4425 2380 4473 et
2438 4411 2783 4477 conducibili,
2816 4412 2868 4466 in
2921 4423 2985 4464 ea
3033 4422 3152 4478 qua}
3206 4406 3330 4461 talia
3378 4420 3482 4461 non

1915 4521 2057 4576 sunt,
2083 4508 2390 4567 necessario
2415 4520 2513 4561 nos
2536 4504 2831 4575 impellere.
2855 4498 3314 4568 Quemadmodum
3343 4495 3484 4550 enim

1850 4570 1890 4624 Ι)
1916 4604 2097 4675 fugata
2142 4603 2281 4666 luce,
2314 4601 2478 4665 illico,
2498 4597 2802 4662 confestim,
2836 4602 2891 4649 et
2924 4608 2954 4648 e
2995 4590 3217 4662 vestigio
3259 4587 3490 4643 tenebrm

1915 4696 2219 4752 exsistunt:
2256 4694 2328 4747 ita
2359 4691 2499 4747 unde
2532 4690 2703 4745 virtus
2731 4686 3036 4745 recesserit.
3060 4699 3126 4739 eo
3154 4682 3401 4751 impietas
3432 4694 3490 4734 se

1919 4787 2167 4853 ingerens
2200 4784 2459 4840 succedit.
2489 4778 2757 4849 Quocirca
2798 4777 2958 4834 simul
2998 4785 3159 4846 atque
3183 4773 3412 4829 oderant
3437 4770 3490 4825 in

1917 4877 2085 4946 portis
2146 4876 2546 4944 corripientem,
2583 4881 2639 4928 et
2674 4869 2965 4925 abominati
3025 4875 3154 4923 sunt
3188 4876 3490 4920 sermonem

1917 4976 2185 5032 sanctum,
2215 4968 2267 5019 in
2296 4964 2586 5019 multifaria
2614 4969 2837 5031 peccata
2863 4960 3208 5022 inciderunt;
3243 4951 3490 5008 conversi

1921 5065 2045 5115 sunt
2077 5058 2142 5111 ad
2167 5056 2470 5120 avaritiam,
2499 5063 2553 5109 et
2580 5055 2687 5108 Deo
2719 5052 3190 5121 imprimisexosae
3219 5041 3491 5115 tyrannidi

1923 5147 2368 5219 oppressionique
2421 5145 2815 5209 incumbentes,
2868 5143 3058 5213 pugnis
3126 5138 3492 5208 percutiebant

1926 5236 2205 5299 humilem,
2228 5243 2281 5288 et
2306 5233 2561 5302 colaphos
2596 5232 2961 5303 impingebant
2989 5230 3040 5286 in
3078 5229 3254 5298 capita
3294 5240 3492 5297 paupe-

1927 5344 2067 5390 rum,
2111 5326 2356 5380 homines
2379 5325 2638 5393 perbeati,
2663 5324 2979 5388 ueterisque
3003 5319 3172 5390 gloria
3203 5334 3267 5373 ac
3293 5318 3493 5372 divitiis

1926 5413 2675 5487 prmcellenies..Diripiebant
2729 5427 2890 5480 porro
2944 5414 3103 5474 dona,
3137 5409 3301 5465 verbo
3327 5425 3355 5464 a
3389 5425 3492 5463 non

1929 5507 2107 5561 invitis
2138 5520 2200 5560 ea
2238 5504 2549 5574 capientes,
2594 5503 2780 5572 quaein
2814 5500 3157 5558 facultatibus
3208 5503 3324 5558 suis
3366 5515 3492 5572 prae-

1929 5598 2202 5655 stabiliora
2255 5597 2543 5652 habebant.
2609 5592 2985 5651 Verumtamen
3022 5594 3226 5652 utiliter
3287 5601 3474 5652 monet

317 5783 365 5817 ⁸³
398 5782 572 5839 Galat.
608 5796 687 5849 tn,
718 5780 804 5835 ‘24.
883 5783 926 5818 “
956 5782 1110 5839 Rom.
1146 5795 1240 5849 vn,
1292 5779 1370 5833 l2.
1453 5779 1491 5810 ιδ
1532 5776 1671 5833 Psal.
1710 5792 1890 5840 X'XXVI,
1923 5778 2013 5831 “25.
