4054 6274
552 388 654 450 499

1569 393 1626 447 S.
1668 392 1943 449 CYRILLI
1984 385 2453 448 ALEXANDRINI
2491 383 2806 444 ARClllEP.

3697 386 3798 447 500

553 507 678 560 talla
729 506 904 560 lacere
942 505 1116 560 solitis
1149 503 1280 558 nihil
1315 505 1686 560 commodasse
1735 506 2039 571 avaritiam,
2067 516 2118 561 et

2225 506 2440 576 χόμενοι
2466 504 2540 560 τὰ
2570 502 2676 557 τῶν
2709 502 2906 555 ἐόντων
2935 501 3115 565 αὐτοῖς
3145 496 3466 573 τιμιώτερα.
3491 499 3639 575 Πλὴν
3667 504 3801 559 ἀπο-

552 608 581 648 a
633 596 769 664 turpi
810 604 1012 664 quaestu
1059 595 1374 665 expugnari,
1411 597 1627 650 tandem
1684 595 1878 652 afferre
1927 611 2121 652 maero-

554 700 689 750 rem,
718 697 770 741 et
795 687 953 740 tinem
984 701 1106 742 esse
1145 686 1486 755 supplicium.
1512 685 1571 742 Si
1604 687 1746 742 enim
1790 701 1960 759 neque
1987 689 2118 744 aedi-

549 778 650 832 bus
695 778 936 834 studiose
977 788 1031 833 et
1067 777 1350 847 magniﬁce
1389 793 1418 833 a
1460 792 1520 834 se
1553 783 1880 835 constructis
1939 778 2122 835 fruun-

553 875 657 931 tur,
695 877 749 921 et
773 865 972 922 frustra
1001 877 1254 923 exercent
1293 882 1471 938 agros,
1493 878 1548 924 et
1574 868 1944 944 inexspectato
1970 871 2117 925 exitu

552 958 824 1013 evanescit
860 974 1039 1014 rerum
1081 959 1522 1015 charissimarum
1562 974 1714 1026 usus,
1734 975 1962 1030 quorum
1991 975 2121 1016 cau-

550 1061 610 1102 sa
644 1051 796 1117 plura
835 1053 1318 1120 appetebantur,et
1362 1052 1605 1120 pecunize
1639 1051 1980 1107 cumulandae
2004 1061 2120 1107 slu-

553 1140 802 1204 dcbatur,
833 1145 1105 1212 quomodo
1135 1144 1189 1199 in
1217 1144 1538 1215 quibusdam
1577 1159 1737 1213 opum
1802 1147 2030 1215 amplius
2067 1153 2123 1201 et

553 1231 783 1301 amplius
820 1236 1278 1303 congerendarum
1324 1236 1652 1291 consuetudo
1681 1251 1787 1290 non
1823 1251 1981 1305 vana,
2033 1237 2119 1291 in-

553 1322 805 1392 utilisque
834 1323 1138 1380 videbitur?
1188 1324 1471 1397 Sapienter
1516 1326 1696 1398 itaque
1729 1327 1876 1393 facit,
1906 1329 1994 1399 qui
2042 1344 2120 1386 se-

553 1424 671 1464 cum
737 1410 863 1466 illud
922 1412 1120 1484 c0gitat
1159 1416 1301 1484 quod
1342 1425 1426 1471 est
1478 1417 1616 1486 apud
1663 1415 2053 1474 Paruamiasten
2101 1437 2114 1474 :

556 1517 574 1550 ι
598 1499 784 1556 Melius
811 1509 895 1556 est
924 1517 1112 1572 parum
1157 1519 1276 1559 cum
1299 1504 1528 1574 justitia,
1568 1521 1731 1575 quam
1795 1507 1948 1563 multi
1991 1508 2108 1563 fru-

2221 599 2399 667 φαίνει
2425 596 2729 668 χρησίμως,
2759 595 2842 647 ὅτι
2873 597 2982 658 τοῖς
3018 593 3087 647 τὰ
3112 592 3337 647 τοιαῦτα
3368 594 3500 666 δρᾷν
3529 595 3798 664 εἰωθόσιν,

2221 689 2477 757 ἀνόνητος
2521 689 2554 757 η
2613 683 2930 751 πλεονεξία,
2975 683 3069 736 καὶ
3117 683 3181 736 τὺ
3232 683 3475 754 αἰσχρῶν
3531 685 3803 756 ἡττᾶσθαι

2219 777 2539 848 λημμάτων,
2585 777 2663 839 είς
2702 774 2878 837 λύπας
2909 772 3220 843 ὲκτελευτᾷ,
3269 774 3365 826 καὶ
3411 771 3566 846 δίκην
3601 772 3717 846 ἔχει
3745 777 3806 832 τὸ

2222 868 2416 938 πέρας.
2445 867 2507 920 Ei
2545 865 2654 937 γὰρ
2696 867 2832 936 μήτε
2862 864 3027 918 οἴκων
3065 863 3435 918 ἀπολαύσουσι
3471 865 3584 920 τῶν
3627 868 3706 932 ὡς
3747 869 3804 922 ὲν

2223 957 2426 1028 σπουδῇ
2473 958 2569 1009 καὶ
2606 954 2902 1026 φιλοτίμως
2946 955 3408 1027 ἐξειργασμένων,
3454 954 3576 1026 εικῆ
3604 955 3664 1009 δὲ
3705 958 3804 1010 αὐ.

2219 1050 2333 1111 τοῖς
2363 1049 2601 1101 πονεῖται
2631 1046 2697 1100 τά
2725 1046 2782 1099 ἐν
2809 1049 3017 1118 ἀγροῖς,
3054 1047 3260 1116 οἴχεται
3287 1045 3345 1099 δὲ
3375 1045 3514 1118 πρὸς
3542 1048 3805 1119 ἀδόκητον

2221 1139 2443 1193 ἔκϐασιν
2469 1138 2577 1192 τῶν
2604 1140 2977 1210 ἠγαπημένων
3013 1140 3046 1210 η
3084 1138 3318 1208 μέθεξις,
3350 1139 3420 1194 δι’
3451 1139 3487 1194 ἃ
3514 1140 3742 1209 γέγονεν
3771 1144 3804 1215 ή

2221 1231 2519 1296 πλεονεξία,
2561 1231 2745 1284 καὶτὸ
2776 1230 3178 1302 φιλοχρήματον
3219 1231 3393 1285 είσέδυ
3442 1233 3650 1298 πάθος,
3688 1235 3806 1299 πῶς

2214 1325 2320 1378 ούκ
2354 1323 2557 1386 εἰκαῖος
2632 1321 2728 1376 καὶ
2759 1321 2992 1392 ἀκερδὴς
3038 1323 3392 1392 ἀναφανεῖται
3439 1340 3581 1378 τισιν
3648 1327 3678 1378 ό
3713 1325 3806 1380 ὲπί

2219 1431 2284 1484 γε
2312 1414 2389 1486 τῷ
2416 1415 2613 1486 χρῆναι
2657 1414 2998 1467 πλεονεκτεῖν
3031 1413 3264 1485 τρόπος;
3304 1413 3479 1484 Σοφὸν
3503 1410 3596 1470 οὖν
3631 1416 3808 1470 ἐκεῖνο

2220 1510 2531 1580 παρανοεῖν,
2555 1508 2655 1571 ὅτι,
2680 1506 2862 1570 καθώς
2883 1523 3047 1576 φησιν
3067 1509 3095 1560 ὀ
3120 1506 3580 1577 Παροιμιαστὴς,ι
3606 1508 3783 1578 Κρεῖσ

551 1601 668 1644 ctus
703 1604 825 1646 cum
867 1592 1149 1664 iniquitate
1171 1594 1238 1650 “.
1267 1615 1286 1648 ι
1322 1595 1621 1651 Avaritiam
1650 1612 1811 1668 porro
1844 1608 1897 1654 et
1922 1597 2118 1654 Paulus

2221 1614 2313 1653 σον
2357 1596 2512 1668 ὀλίγη
2544 1597 2705 1670 λῆψις
2752 1597 2891 1669 μετὰ
2928 1596 3298 1669 δικαιοσύνης,
3341 1596 3374 1668 ἢ
3419 1597 3586 1651 πολλά
3613 1599 3801 1669 γεννή-
3866 1668 3881 1682 ο

551 1678 907 1734 idololatriam
937 1689 1091 1735 vocat
1113 1680 1180 1748 δ’,
1209 1682 1368 1752 idque
1391 1681 1514 1752 jure
1551 1683 1790 1752 optimo:
1836 1691 1920 1739 est
1975 1684 2118 1739 enim

2223 1704 2369 1759 ματα
2395 1687 2532 1758 μετά
2553 1686 2784 1751 ἀδικίας.
2814 1705 2832 1739 ι
2865 1681 3324 1758 Είδωλολατρείαν
3345 1687 3402 1742 δὲ
3428 1688 3523 1741 καὶ
3545 1688 3574 1740 ὁ
3599 1687 3811 1753 Παῦλος

549 1763 776 1843 ἀθεότης
805 1791 818 1828 :
845 1780 897 1828 et
919 1773 1105 1830 eodem
1140 1790 1365 1831 numero
1406 1785 1531 1831 sunt
1552 1775 1723 1846 legem
1759 1775 2040 1831 cbaritatis
2065 1775 2118 1829 in

2220 1777 2318 1848 τὴν
2345 1777 2655 1842 πλεονεξίαν
2676 1778 2852 1846 καλεῖ,
2879 1779 2974 1833 καὶ
3005 1777 3149 1850 μάλα
3172 1777 3420 1842 εἰκότως*
3445 1777 3678 1850 ἀθεότης
3702 1777 3807 1850 γὰρ

552 1860 765 1925 fratres,
805 1880 824 1914 ι
849 1877 967 1932 quae
997 1863 1127 1934 legis
1164 1864 1546 1934 plenitudinem
1591 1845 1964 1936 complectitur
1996 1865 2064 1931 ι’,
2096 1883 2115 1918 ι

2221 1845 2286 1922 eo
2305 1870 2490 1941 χρῆμα
2517 1869 2725 1936 λοιπὸν,
2757 1845 2853 1924 καί.
2896 1871 2954 1925 ὲν
3123 1869 3392 1924 τέθεινται
3417 1868 3530 1934 τοῖς
3556 1845 3650 1924 τὸν
3678 1845 3808 1927 Θεὸν

548 1952 948 2020 conculcantes,
995 1968 1102 2024 quo
1133 1956 1224 2026 qui
1276 1956 1441 2011 Deum
1479 1970 1584 2011 non
1618 1965 1968 2026 cognoscunt.
1998 1954 2118 2011 Jam

2223 1959 2323 2013 οὐκ
2355 1959 2722 2028 ὲπεγνωκόσιν
2775 1961 2822 2013 oi
2855 1959 2948 2014 τὸν
2993 1959 3095 2030 τῆς
3132 1962 3212 2024 είς
3263 1959 3527 2028 ἀδελφοὺς
3579 1959 3804 2031 ἀγάπης

548 2043 638 2111 qui
683 2044 854 2114 legem
897 2059 1002 2100 non
1055 2047 1222 2112 novit,
1270 2047 1439 2118 legem
1490 2055 1668 2118 negat.
1735 2046 2118 2103 Moderatiores

2223 2049 2386 2121 νόμον
2433 2047 2759 2114 πατοῦντες,
2814 2068 2833 2102 ι
2857 2049 2892 2121 ἦ
2927 2049 3019 2104 καὶ
3051 2049 3146 2104 τοῦ
3179 2049 3347 2122 νόμου
3392 2047 3491 2121 τὴν
3521 2049 3810 2122 πλήρωσιν

547 2145 749 2198 autem,
791 2143 846 2191 et
881 2137 1058 2192 studio
1084 2137 1321 2213 pecunia:
1378 2139 1682 2209 superiores
1727 2149 1783 2194 et
1815 2140 1930 2210 ipse
1963 2139 2118 2195 Chri-

2223 2139 2354 2212 ἔχει.
2387 2160 2406 2194 ι
2447 2141 2506 2194 ’0
2534 2141 2591 2194 δὲ
2622 2141 2786 2212 νόμον
2822 2141 2922 2195 οὐκ
2952 2139 3130 2207 εἰδὼς,
3172 2141 3417 2212 ἀρνεῖται
3445 2140 3539 2196 τὸν
3575 2139 3812 2212 νομοθιο

548 2236 663 2280 stus
687 2241 784 2282 nos
823 2226 967 2294 facit,
1005 2229 1188 2285 dicens
1217 2247 1232 2285 :
1259 2229 1417 2300 303
1452 2247 1471 2284 ι
1506 2230 1645 2297 Quid
1705 2232 1850 2288 enim
1905 2232 2118 2302 prodest

2221 2248 2342 2306 την.
2373 2233 2852 2306 Σωφρονεστέρους
2877 2233 2934 2288 δὲ
2973 2234 3140 2305 ἡμᾶς,
3183 2234 3279 2287 καὶ
3312 2232 3497 2288 ἀδίκου
3539 2232 3811 2305 φιλοχρη-

549 2317 748 2372 homini
775 2318 889 2375 “1':
928 2330 981 2401 et
1005 2335 1124 2390 qua:
1149 2333 1468 2392 sequuntur.
1491 2341 1511 2376 ι
1544 2323 1804 2380 Thesauri
1843 2324 1986 2379 enim
2029 2325 2118 2379 int-

2225 2324 2423 2396 ματίας
2460 2324 2776 2396 κρείττονας
2823 2325 2918 2378 καὶ
2963 2323 3126 2388 αὐτὸς
3169 2325 3198 2378 ὁ
3242 2323 3478 2396 Χριστὸς
3527 2325 3809 2391 ἐπιτελεῖ,

548 2409 650 2476 piis
683 2409 817 2464 nihil
850 2413 1163 2481 proderunt,
1185 2433 1205 2466 ι
1233 2423 1292 2468 ιιι
1317 2415 1575 2486 scriptum
1598 2424 1712 2483 est;
1750 2434 1768 2468 ι
1783 2415 1993 2487 justitia
2022 2431 2118 2472 att-

2227 2417 2422 2485 λέγων·
2453 2433 2472 2467 ι
2496 2415 2561 2470 Τί
2583 2416 2691 2489 γάρ
2710 2414 3120 2488 ὠφεληθήσεται
3147 2415 3461 2487 ἅνθρωπος,
3494 2432 3512 2465 ι
3544 2415 3640 2468 καὶ
3662 2413 3810 2483 ἑξῆς.

550 2508 654 2554 tem
686 2499 934 2557 liberabit
970 2515 1000 2557 a
1027 2513 1198 2560 morte
1217 2503 1286 2558 '°.
1305 2522 1324 2556 ι

2227 2527 2246 2560 ι
2276 2509 2548 2581 Θησαυροὶ
2576 2508 2685 2580 γὰρ
2727 2505 2960 2580 ἀνόμοῡς
2993 2508 3092 2562 οὐκ
3119 2507 3492 2578 ὠφελήσουσι,
3537 2524 3557 2558 ι
3577 2505 3724 2561 κατᾶ
3752 2505 3814 2560 τὺ

2221 2599 2630 2671 γεγραμμένονο
2657 2615 2675 2651 ι
2712 2597 3024 2670 δικαιοσύνη
3067 2597 3123 2651 δὲ
3146 2598 3369 2670 ῥύσεται
3409 2599 3476 2651 ἐκ
3500 2595 3760 2653 θανάτου.
3786 2616 3806 2650 ι

612 2685 778 2741 Vens.
827 2685 915 2752 12,
951 2686 1034 2741 l5.
1069 2686 1209 2754 Quia
1238 2689 1451 2760 cognoui
1503 2686 1696 2746 multa:
1721 2692 2008 2761 impietates
2040 2709 2118 2747 ue-

2293 2690 2424 2744 Ὂτι
2461 2689 2660 2758 ἔγνων
2699 2689 2938 2756 πολλὰς
2972 2688 3250 2753 ἀσεϐείας
3284 2686 3472 2758 ὑμῶν,
3496 2687 3596 2742 καί
3639 2688 3814 2757 laxu-

544 2784 702 2840 stras,
725 2785 773 2828 et
818 2776 980 2844 fortia
1023 2789 1233 2845 peccata
1266 2790 1456 2847 uestra,
1489 2781 1852 2837 conculcantes
1884 2782 2114 2851 justum,

2220 2779 2315 2848 pati
2351 2781 2411 2832 αὶ
2449 2779 2724 2848 ἁμαρτίαι
2777 2778 2963 2848 ὑμῶν,
3006 2779 3499 2846 καταπατοῦντες
3550 2778 3809 2845 δίκαιον,

545 2865 857 2931 accipientes
909 2870 1363 2933 commutationes,
1419 2880 1470 2924 et
1517 2887 1796 2939 pauperem
1836 2872 1890 2926 in
1957 2875 2118 2941 portis

2220 2870 2628 2940 λαμϐάνοντες
2660 2869 3036 2940 ἀλλάγματα,
3069 2870 3167 2924 καί
3200 2869 3468 2938 πένητας
3492 2870 3563 2925 ἐν
3591 2870 3812 2938 πύλαις

544 2955 883 3010 declinantes.
909 2956 1116 3010 Idcirco
1137 2957 1430 3028 intelligens
1457 2960 1510 3013 in
1537 2970 1763 3030 tempore
1787 2959 1880 3015 illo
1909 2965 2115 3034 tacebit,

2220 2961 2630 3028 ἐκκλίνοντες.
2656 2962 2761 3018 Διὰ
2782 2962 2958 3016 τοῦτο
2986 2964 3021 3016 ό
3041 2960 3276 3017 συνιῶν
3292 2961 3364 3016 ἐν
3389 2959 3577 3031 καιρῷ
3600 2961 3812 3028 ἐκείνῳ

544 3049 669 3118 quia
699 3058 894 3118 tempus
922 3049 1118 3102 malum
1149 3059 1245 3103 est.

2220 3050 2614 3117 σιωπήσεται,
2646 3051 2736 3106 ὅτι
2773 3053 3040 3121 πονηρός
3067 3052 3220 3107 ἐστι.

614 3137 802 3196 XLIX.
859 3136 974 3194 Non
1030 3150 1248 3211 pmpter
1295 3140 1450 3209 levia,
1503 3158 1678 3215 neque
1726 3147 2116 3218 qualiacunque

2286 3138 2422 3192 MG’.
2457 3140 2580 3193 Ὀτι
2608 3139 2682 3211 μὴ
2709 3141 2804 3194 ἐπὶ
2834 3143 3106 3210 σμικροῖς,
3137 3140 3277 3211 μήτε
3309 3139 3415 3212 μὴν
3450 3140 3546 3194 ἐπὶ
3575 3143 3692 3205 τοῖς
3714 3157 3777 3194 τυ

546 3231 768 3284 crimina
815 3230 980 3286 Deum
1009 3247 1197 3301 ptenas
1220 3248 1248 3286 a
1279 3233 1387 3288 reis
1445 3244 1720 3306 expetere,
1753 3234 1846 3294 sed
1879 3253 2000 3294 cum
2047 3241 2114 3294 ad

2220 3227 2370 3300 χοῦσι
2390 3229 2496 3285 τῶν
2527 3230 3013 3302 πλημμελημάτων
3027 3231 3295 3301 ἀμύνεται
3323 3229 3456 3295 Θεὸς
3480 3231 3611 3295 τοὺς
3640 3249 3788 3300 προσ

545 3322 834 3379 mediocria
867 3318 1135 3394 patienter
1182 3326 1501 3391 conniverit,
1537 3327 1796 3387 effrenate
1839 3331 1891 3386 in
1923 3332 2114 3402 nequi-

2220 3322 2603 3391 κεκρουκότας,
2652 3323 3050 3394 ἀνεξικακήσας
3092 3321 3150 3375 δὲ
3189 3321 3391 3392 μᾶλλον
3430 3322 3518 3374 ἐπὶ
3553 3324 3809 3390 μετρίοις

546 3415 676 3470 tiam
707 3425 924 3471 ruentes
954 3417 1168 3471 tandem
1200 3417 1440 3486 aggredi,
1471 3419 1666 3474 docere
1695 3430 1944 3476 conatur.
1996 3419 2117 3477 Pri-

2220 3413 2542 3484 πταίσμασι,
2566 3415 2665 3485 τῆς
2688 3414 2949 3485 ἀχαλίνης
2975 3414 3055 3477 είς
3080 3415 3389 3486 φαυλότητα
3413 3413 3578 3486 ῥοπῆς
3601 3414 3797 3467 λοιπὸν

545 3513 726 3561 vatum
757 3507 900 3563 enim
951 3506 1016 3561 iri
1085 3507 1332 3564 domibus
1381 3508 1756 3567 Samaritanos
1815 3512 1912 3577 ait,
1955 3520 2118 3581 atque

2220 3501 2410 3571 ὲπάγει
2440 3503 2539 3574 τὴν
2577 3504 2811 3575 κίνησιν,
2843 3505 3102 3577 πειρᾶται
3143 3505 3438 3560 διδάσκειν.
3482 3503 3806 3559 ’Δποπεσεῖι

549 3595 716 3650 etiam
753 3596 942 3660 vineis,
972 3603 1026 3652 et
1062 3598 1329 3662 omnibus,
1360 3599 1571 3668 opinor,
1595 3599 1848 3670 jucundis
1883 3600 2114 3656 felicita-

2220 3592 2342 3646 σθαι
2373 3593 2482 3666 γὰρ
2510 3595 2682 3650 οἴκων
2714 3595 2842 3660 τοὺς
2874 3597 2931 3650 ὲν
2974 3596 3259 3668 Σαμαρείᾳ
3305 3596 3460 3668 φησὶ,
3490 3596 3586 3650 καὶ
3624 3595 3814 3666 μέντοι

547 3692 652 3743 tem
705 3688 1145 3745 continentibus:
1183 3689 1450 3758 siquidem
1489 3694 1766 3758 enormia,
1807 3701 1863 3748 et
1934 3693 2114 3749 neuti-

2220 3681 2312 3734 καὶ
2336 3682 2679 3752 ἀμπελῶνος,
2707 3684 2804 3738 καὶ
2833 3685 3055 3749 παντὸς,
3086 3679 3264 3756 οἶμαι,
3297 3685 3813 3756 κατευφραίνοντος,

544 3792 705 3845 quam
775 3775 1158 3832 dissimulanda
1218 3785 1435 3846 peccata
1509 3779 1577 3834 ab
1643 3779 1753 3836 illis
1809 3788 2111 3851 perpetrata

2220 3770 2309 3823 καὶ
2353 3771 2667 3842 συνέχοντος
2712 3775 2791 3836 είς
2813 3775 3136 3846 εὐημερίαν,
3180 3774 3305 3828 ἐπεί
3335 3792 3420 3829 τοι
3464 3776 3672 3844 δειναὶ,
3713 3774 3811 3831 καὶ

546 3866 776 3919 fuerant.
802 3864 1192 3935 Opprimebant
1216 3867 1357 3921 enim
1392 3867 1567 3921 virum
1603 3868 1806 3938 justum
1837 3870 1952 3926 sive
1999 3870 2114 3940 ple-

2220 3862 2472 3933 μεγάλαι,
2507 3863 2599 3918 καὶ
2626 3864 2728 3919 οὐκ
2756 3865 2837 3918 ἐτι
2881 3867 3113 3938 φορηταὶ
3151 3866 3410 3935 γεγόνασι
3450 3867 3584 3939 παρ’
3620 3868 3808 3922 αὐτῶν

544 3955 745 4024 beium,
774 3951 945 4012 autin
993 3957 1152 4013 rebus
1191 3957 1371 4028 impiis
1414 3957 1597 4026 deﬁxi,
1630 3961 1697 4016 de
1737 3970 1885 4016 recto
1939 3962 2118 4034 iusto-

2220 3953 2498 4023 ἁμαρτίαι.
2542 3953 3014 4009 Κατεδυνάστευον
3047 3954 3156 4028 γὰρ
3187 3956 3414 4022 δίκαιον,
3447 3956 3480 4026 ἢ
3511 3957 3684 4028 ἀνδρα
3710 3974 3806 4010 τυι

544 4062 650 4116 que
689 4046 891 4117 judicio
930 4064 1117 4119 parum
1173 4047 1275 4105 sibi
1342 4051 1640 4106 curandum
1691 4053 2113 4109 arbitrabantur.

2220 4041 2401 4112 χόντα,
2427 4043 2595 4112 ἤγουν
2634 4043 2922 4113 βλέποντες
2949 4046 3030 4108 είς
3060 4047 3408 4117 ἀνοσιότητα,
3443 4048 3604 4117 ὀλίγα
3635 4066 3808 4121 φρον-

545 4139 640 4192 Est
687 4149 862 4195 autem
899 4141 1001 4196 hoc
1039 4141 1345 4211 opprimere
1402 4142 1634 4212 quodam
1667 4143 1843 4210 modo,
1870 4153 1924 4200 et
1967 4146 2118 4215 cupi-

2220 4131 2382 4195 τίζειν
2406 4130 2590 4201 ἠξίουν
2618 4132 2780 4206 ὀρθοῦ
2842 4133 2937 4188 καὶ
2981 4134 3188 4189 δικαίου
3235 4136 3525 4208 κρίματος.
3554 4138 3714 4192 Ἐστι
3751 4139 3809 4194 δὲ

545 4229 696 4281 (litati
750 4243 860 4283 sua:
897 4229 1116 4286 liberius
1164 4231 1410 4302 obsequi,
1441 4241 1498 4287 ut
1560 4247 1626 4289 ex
1681 4234 1851 4290 sacris
1912 4234 2118 4304 legibus

2220 4222 2372 4276 τοῦτο
2405 4223 2894 4280 καταδυναστεύειν
2922 4227 3122 4299 τρόπον
3147 4227 3293 4294 τινὰ,
3329 4229 3424 4283 καὶ
3456 4230 3806 4285 πλεονεκτεῖν

546 4326 709 4387 patet.
761 4318 1110 4387 Accipiebant
1143 4322 1308 4388 enim,
1333 4337 1354 4375 ‹
1389 4331 1441 4378 et
1470 4324 1971 4389 commutationes,»
2016 4325 2118 4379 hoc

2220 4314 2561 4384 ἀφυλάκτως,
2586 4317 2647 4370 τὸ
2674 4315 2864 4370 δοκοῦν
2890 4317 2969 4389 τῷ
3011 4319 3180 4389 νόμῳ.
3222 4319 3494 4389 Ἐδέχοντο
3516 4318 3629 4390 γάρ
3663 4338 3685 4372 ι
3715 4321 3810 4374 καὶ

543 4419 646 4473 est,
689 4411 1092 4476 retributiones,
1127 4421 1181 4466 et
1214 4415 1490 4469 mercedes
1530 4429 1626 4482 pro
1656 4414 1854 4483 iniquis
1877 4414 2113 4482 iudiciis,

2220 4407 2556 4477 ἀλλάγματα,
2583 4427 2601 4460 ι
2634 4408 2930 4477 τουτέστιν,
2958 4408 3254 4474 ἀντιδόσεις
3312 4411 3405 4464 καὶ
3441 4410 3802 4480 ἀντιμισθίας

544 4511 597 4554 et
629 4510 885 4572 praeterea
922 4520 940 4554 ι
996 4516 1257 4572 pauperes
1294 4504 1347 4557 in
1397 4503 1568 4572 portis
1634 4503 2026 4558 declinabant.»
2047 4503 2116 4558 Et

2220 4496 2324 4550 τῶν
2350 4497 2548 4551 ἀδίκων
2575 4500 2880 4570 κριμάτων,
2914 4501 3009 4553 καὶ
3042 4499 3179 4572 πρός
3208 4517 3273 4568 γε
3305 4499 3515 4564 τούτοις
3552 4518 3572 4552 ι
3602 4501 3811 4565 ἐξέκλι-

543 4593 797 4661 quidnam
851 4593 953 4648 boc
998 4592 1102 4648 sibi
1136 4593 1288 4647 vult?
1316 4594 1420 4649 Aut
1461 4593 1606 4648 enim
1645 4593 1772 4649 illud
1820 4593 1969 4657 dicit,
2021 4609 2114 4650 eos

2223 4605 2310 4642 νον
2353 4587 2588 4658 πένητας
2610 4592 2668 4644 ὲν
2696 4590 2911 4654 πύλαις.
2941 4609 2958 4642 ι
2992 4592 3101 4645 Καὶ
3131 4591 3182 4643 τί
3203 4591 3267 4661 δὴ
3312 4589 3471 4644 τοῦτό
3498 4592 3701 4662 ,ἔστινς
3736 4592 3808 4645 Ἦ

544 4684 967 4739 moderationem
994 4685 1301 4749 suadentes,
1323 4695 1376 4740 et
1401 4685 1567 4739 libere
1599 4685 1740 4739 istud
1757 4685 2098 4741 consulentes

2220 4679 2327 4749 γὰρ
2370 4681 2544 4733 ἐκεῖνό
2594 4697 2762 4752 φησι,
2806 4683 2889 4734 ὅτι
2919 4683 3042 4745 τοὺς
3076 4681 3143 4735 τὰ
3179 4682 3377 4754 μέτρια
3411 4685 3629 4753 φρονεῖν
3672 4683 3809 4736 ἀναι

544 4777 612 4829 ab
639 4791 698 4830 se
729 4774 972 4844 fugasse:
1005 4784 1098 4830 aut
1129 4777 1195 4831 de
1224 4778 1544 4847 pauperibus
1577 4790 1854 4846 perperam
1874 4777 2118 4845 judicare

2220 4769 2650 4838 πείθοντας,καὶ
2697 4775 2768 4840 ὲν,
2798 4774 3084 4846 παρρησίᾳ
3146 4775 3275 4845 περὶ¹
3325 4774 3516 4829 τούτου
3567 4775 3806 4846 συμϐου-

547 4883 726 4932 ousos,
760 4877 851 4921 aut
880 4869 1300 4934 dissimulanter,
1333 4884 1432 4924 nec
1456 4878 1512 4923 ut
1534 4868 1622 4948 qui
1657 4870 1909 4938 pietatem
1963 4868 2112 4924 vafre

2220 4859 2470 4926 λεύοντας
2499 4862 2778 4919 ἐποιοῦντο
2809 4865 3135 4933 φευκτικούς
3156 4883 3168 4896 ·
3203 4866 3371 4936 ἧγουν
3402 4865 3470 4920 τὰ
3497 4865 3610 4918 τῶν
3639 4868 3803 4936 πενήο

544 4959 1058 5017 comminiscuntur:
1093 4961 1185 5016 sed
1229 4961 1372 5016 velut
1398 4962 1489 5032 qui
1527 4961 1580 5016 in
1608 4960 1795 5030 portis,
1826 4960 1926 5015 hoc
1979 4969 2063 5014 est
2092 4999 2107 5024 ,

2220 4971 2319 5009 των
2359 4954 2602 5025 κρίματα
2636 4955 2994 5026 παρακρίνειν
3037 4956 3361 5028 ἀπετόλμων
3390 4956 3452 5009 ού
3496 4955 3803 5026 λεληθότως

543 5051 741 5121 palam,
766 5061 820 5106 et
852 5051 905 5105 in
944 5063 1232 5123 conspectu
1258 5054 1496 5108 omnium
1540 5050 1684 5106 omni
1724 5051 1927 5121 pudore
1956 5051 2112 5118 depo-

2220 5045 2399 5112 ποθὲν,
2426 5045 2547 5098 οὐδὲ
2585 5046 2748 5099 οἱονεὶ
2796 5048 3138 5118 σοφιζόμενοι
3173 5049 3271 5121 τὴν
3320 5047 3632 5113 εὐσέϐειαν,
3683 5047 3801 5102 ἀλλ’

543 5143 669 5210 silo,
705 5158 808 5199 nec
843 5144 1076 5198 divinam
1117 5144 1288 5216 legem
1338 5144 1630 5214 quidquam
1673 5150 2004 5197 reverentes.
2034 5140 2110 5195 Eo

2220 5131 2326 5188 οἷον
2375 5135 2432 5189 ὲν
2474 5136 2696 5201 πύλαις,
2751 5136 3046 5203 τουτέστιν,
3090 5138 3412 5207 ἀναφανδὸν,
3453 5137 3548 5191 καὶ
3596 5139 3656 5190 ὲν
3687 5137 3802 5206 ὕψει

546 5243 721 5289 autem
758 5234 1127 5305 perversitatis
1165 5243 1218 5289 et
1254 5232 1610 5302 improbitatis
1642 5231 1854 5285 tandem
1887 5229 2113 5285 descen-

2220 5225 2448 5291 πολλῶν,
2493 5227 2642 5280 οὐδὲν
2687 5226 2768 5280 ἐτι
2805 5229 3273 5300 κατερυθριῶντες
3314 5230 3485 5294 ὅλως,
3533 5227 3662 5283 οῦτε
3699 5228 3802 5298 μὴν

545 5328 758 5392 derunt,
794 5336 926 5382 utet
967 5326 1098 5396 ipsis
1135 5324 1486 5395 sapientibus,
1513 5333 1568 5378 et
1618 5319 1969 5392 intelligentia
2018 5334 2111 5372 va-

2220 5316 2359 5370 αίδιίί
2384 5333 2507 5371 τινα
2537 5317 2633 5370 τοῦ
2664 5317 2806 5372 θείου
2843 5319 3154 5392 ποιούμενοι
3199 5322 3390 5391 νόμου.
3433 5322 3530 5384 El;
3562 5320 3722 5373 τοῦτο
3746 5318 3801 5372 δὲ

544 5409 776 5466 lentibus
817 5415 1116 5469 consultius
1149 5414 1454 5476 videretur,
1489 5426 1662 5480 neque
1721 5408 2112 5479 reprehendere

2220 5410 2314 5480 ἤδη
2368 5409 2699 5479 φαυλότητός
2745 5428 2802 5464 τε
2855 5413 2950 5466 καὶ
2988 5413 3251 5482 πονηρίας
3297 5411 3669 5466 κατεϐίϐασαν
3709 5411 3797 5464 τὸν

543 5503 967 5570 postltac,nequc
989 5505 1260 5574 corrigere
1290 5505 1620 5575 impietatem
1637 5502 1830 5557 sectari
1851 5500 2108 5564 volentes,

2220 5503 2428 5572 καιρὸν,
2473 5503 2549 5566 ὡς
2580 5503 2671 5556 καὶ
2705 5503 2886 5567 αὐτοῖς
2917 5503 3140 5574 ἄμεινον
3171 5504 3404 5576 δρᾶσθαι
3441 5505 3558 5567 τοῖς
3595 5505 3791 5572 σοφοῖς,

546 5590 687 5658 quod
728 5591 819 5659 qui
853 5592 1266 5662 castigarentur,
1302 5593 1452 5662 quasi
1480 5589 1766 5658 auresjam
1807 5603 1911 5642 non
1943 5589 2101 5642 hahe-

2220 5595 2308 5646 καὶ
2337 5597 2448 5656 τοῖς
2480 5595 2714 5647 συνιέναι
2746 5595 3065 5667 δυναμένοις
3092 5595 3402 5665 οίκονομίαν
3428 5594 3789 5665 πραγμάτων,

545 5691 685 5746 rent,
726 5690 781 5737 et
811 5681 1001 5738 canina
1061 5683 1388 5753 impudentia
1434 5683 1700 5739 insilirent
1749 5681 1802 5736 in
1864 5695 1957 5737 eos
2017 5683 2109 5752 qui

2220 5684 2276 5736 τὸ
2320 5686 2456 5755 μήτε
2491 5686 2729 5757 ἐλέγχειν
2775 5685 2891 5754 ἔτι,
2949 5689 3086 5760 μήτε
3133 5687 3240 5758 μὴν
3287 5687 3623 5758 ἐπανορθοῦν
3674 5685 3792 5746 τοὺς

614 5857 656 5892 ⁸⁵
687 5859 846 5916 Prov:
883 5871 992 5923 XVI,
1021 5858 1104 5913 18.
1183 5859 1223 5892 ⁸⁷
1250 5860 1442 5930 Ephcs.
1473 5877 1524 5929 v,
1554 5861 1604 5914 5.
1684 5860 1726 5891 ⁸⁸
1757 5859 1912 5919 Rom.
1949 5881 2020 5932 xi,
2052 5864 2118 5920 25

2220 5867 2259 5899 ⁵⁸
2286 5865 2470 5921 Matth.
2503 5879 2609 5936 ινι,
2634 5867 2722 5923 Q5.
2771 5868 2826 5940 ,⁸ο
2859 5866 3015 5924 Prov.
3047 5884 3101 5937 ι,
3135 5868 3186 5922 2.
