4054 6274
249 354 342 408 5H

1199 352 1756 409 COMMENTARIUS
1792 354 1859 442 Ilii
1901 356 2088 414 AMOS
2127 355 2570 412 PROPIIETAM.

3415 359 3547 413 δορί,

244 469 527 525 δυσσεόετν
568 465 890 537 ἑλομένους,
935 466 1024 520 διὰ
1060 467 1118 520 τὸ
1160 472 1273 532 τοῖς
1305 471 1406 522 οὐκ
1437 469 1650 540 ἔχουσιν
1699 471 1826 526 ὠτία

1935 475 2186 542 prodesse
2239 474 2372 543 ipsis
2428 473 2661 536 vellent;
2696 479 2749 527 et
2808 486 2904 541 pro
2971 471 3215 526 inimicis
3254 473 3516 527 ducerent

243 558 621 631 προσεοικέναι
659 557 844 612 λοιπὸν
870 559 994 622 τοὺς
1027 559 1433 630 ἐλεγχομένους,
1465 563 1559 614 καὶ
1589 561 1818 630 κυνηδὸν

243 648 612 721 ἐπιθρώσκειν
642 651 755 711 τοῖς
798 649 1070 703 ἐθέλουσιν
1095 650 1344 721 ὠφελεῖν,
1392 653 1487 705 καὶ
1516 654 1573 706 ἐν
1615 652 1825 724 ἐχθρῶν

241 740 516 794 ποιεῖσθαι
574 739 739 810 μοίρᾳ.
799 741 925 804 τοὺς
982 740 1090 794 τῶν
1151 742 1448 796 καλλίστων
1501 743 1822 813 εἰσηγητάς.

251 831 563 902 Ἐπετίμων
597 831 704 902 γὰρ
737 833 847 895 τοῖς
878 832 1052 901 ἁγίοις
1080 835 1408 903 προφήταις,
1439 835 1535 887 καὶ
1567 833 1824 904 πραγμά-

245 941 342 976 των
371 924 572 985 αὐτοὺς
601 923 895 994 πειρᾶσθαι
924 925 1332 995 παρεσκεύαζον
1352 928 1431 989 εἰς
1459 925 1620 997 μέσον
1652 926 1826 988 ἰόντας

241 1013 349 1066 ἔσθ’
374 1014 504 1077 ὅτε,
544 1014 638 1066 καὶ
670 1017 794 1075 τοὺς
826 1013 1030 1067 ἀνωθεν
1067 1016 1250 1081 αὐτοῖς
1289 1017 1700 1082 διακομίζοντας
1738 1015 1824 1068 λό-

240 1121 389 1172 γους.
445 1103 554 1157 Καὶ
601 1103 730 1172 γοῦν
781 1105 1052 1169 Σεδεκίας,
1098 1107 1510 1176 ἀπαγγέλλοντα
1565 1109 1633 1162 τὰ
1677 1108 1826 1180 παρὰ

241 1195 373 1248 Θεοῦ
415 1196 508 1248 τὸν
554 1197 838 1266 προφήτην
884 1198 1176 1269 Ἰερεμίαν,
1242 1201 1369 1254 ποτὲ
1427 1203 1526 1273 μέν
1577 1203 1826 1274 ἐδέσμει,

243 1287 367 1340 ποτὲ
440 1287 496 1340 δὲ
568 1287 663 1340 καὶ
741 1290 822 1352 εἰς
916 1289 1119 1344 λάκκον
1211 1291 1431 1358 καθίει,
1539 1293 1634 1346 καὶ
1719 1295 1830 1355 τοῖς

243 1375 298 1426 ἐν
344 1374 497 1444 αὐτῷ
547 1376 808 1446 τέλμασιν
858 1377 1182 1448 ἀποπνίγειν
1232 1381 1442 1452 ἤθελεν.
1494 1382 1700 1436 Οὐκοῦν
1734 1383 1827 1436 ἐπὶ

247 1469 465 1536 μικροῖς
495 1466 574 1520 ἔτι
605 1468 908 1540 πταίσμασι
951 1474 1232 1540 μετανοεῖν
1264 1473 1578 1543 ἀναγκαῖον,
1623 1474 1717 1527 καὶ
1756 1474 1830 1546 μὴ

244 1559 360 1620 ταῖς
393 1557 503 1611 τῶν
541 1559 800 1629 μειζόνων
835 1564 1149 1632 ἐπαγωγαῖς
1181 1565 1463 1636 μονονουχὶ
1493 1566 1588 1619 καὶ
1629 1565 1834 1620 ἄκοντα

175 1690 188 1702 .
245 1649 601 1720 παροτρύνειν
633 1650 783 1706 Θεόνο
819 1654 868 1707 εἰ
898 1655 1008 1724 γὰρ
1040 1657 1256 1726 ἰσχυραὶ
1287 1657 1525 1726 γένοιντο
1576 1656 1669 1712 καὶ
1702 1657 1831 1710 πολ-

251 1744 333 1796 λα¹ι
374 1743 494 1797 λίαν
521 1744 577 1797 αί
615 1745 900 1818 ἁμαρτίαι,
931 1748 1052 1801 τότε
1079 1748 1142 1820 δὴ
1173 1749 1388 1814 πάντως
1431 1749 1826 1816 ἀνταποδώσει,

1929 566 2257 632 optimorum
2323 564 2674 620 consiliorum
2737 572 3008 620 auctores.
3072 562 3326 619 C0nvicia
3369 562 3540 616 enim.

1929 654 2205 724 iactabant
2237 657 2289 710 in
2318 666 2536 710 sanctos
2565 654 2881 724 prophetas,
2926 661 2980 708 et
3033 654 3086 709 in
3139 654 3372 708 medium
3415 653 3518 707 ali-

1925 746 2140 814 quando
2164 745 2504 813 prodeuntes,
2523 743 2876 814 coelestesque
2898 745 2999 799 illis
3021 759 3299 801 sermones
3319 759 3535 816 appor~

1931 846 2124 899 tantes,
2159 836 2469 905 iniuriosius
2523 838 2842 892 tractabant.
2871 836 3128 892 Sedecias
3163 837 3325 908 igitur
3346 851 3376 890 a
3405 836 3535 892 Deo-

1927 928 2026 984 sibi
2074 936 2336 997 praecepta
2369 926 2999 982 nuntiantemJeremiam
3040 943 3182 984 nunc
3221 928 3518 993 vinciebat,

1931 1037 2071 1074 nunc
2097 1021 2150 1073 in
2182 1019 2354 1072 lacum
2369 1017 2531 1090 304
2561 1019 2824 1083 mittebat,
2852 1018 2963 1073 luto
2990 1018 3060 1072 ibi
3083 1019 3384 1076 demersum
3415 1035 3514 1075 ex-

1929 1111 2209 1182 stinguere
2241 1109 2425 1166 volens
2451 1111 2518 1163 “.
2541 1110 2721 1177 Itaque
2742 1123 2903 1178 super
2925 1109 3104 1180 parvis
3121 1111 3281 1164 etiam
3307 1111 3521 1167 delictis

1929 1203 2158 1258 velimus
2197 1202 2437 1256 nolimus
2483 1202 2687 1271 agenda
2739 1199 3076 1271 paenitentia,
3104 1214 3172 1254 ne
3219 1200 3524 1270 majoribus.

1929 1293 2325 1348 consciscendis
2379 1291 2545 1347 Deum
2586 1295 2738 1362 quasi
2788 1292 3016 1346 invitum
3055 1307 3118 1347 ac
3159 1291 3509 1349 reluctantem

1933 1385 2228 1439 irritemus.
2280 1383 2335 1436 Si
2373 1383 2514 1436 enim
2558 1381 2740 1450 fortia,
2769 1383 3039 1453 multaque
3079 1383 3230 1437 valde
3283 1393 3519 1452 peccata

1933 1471 2153 1536 fuerint,
2182 1482 2292 1527 tum
2324 1472 2476 1542 plane
2512 1471 2742 1542 pretium
2788 1473 2941 1527 nobis
2983 1473 3276 1542 persolvet,
3332 1483 3387 1527 et
3439 1473 3514 1526 in-

1933 1566 2268 1636 dignationis
2298 1564 2566 1618 ﬂammam
2611 1562 2822 1619 inferet.
2857 1563 3040 1619 Fortia
3077 1574 3256 1619 autem
3286 1574 3508 1634 peccata

1931 1671 2214 1712 censemus
2256 1669 2379 1711 esse
2417 1655 2640 1725 grandia
2673 1665 2728 1711 et
2765 1654 3122 1711 intolerabilia
3154 1671 3168 1709 :
3202 1671 3307 1710 non
3363 1656 3508 1711 enim

1933 1763 2090 1804 omne
2135 1757 2417 1818 peccatum
2470 1755 2552 1803 est
2582 1748 2649 1802 ad
2701 1756 2952 1813 mortem,
2974 1748 3127 1820 juxta
3171 1748 3511 1817 sapientissi-

253 1836 342 1888 καὶ
365 1835 465 1899 τὰς
491 1836 589 1908 τῆς
628 1838 1051 1908 ἀγανακτήσεως
1079 1840 1285 1894 ἐποίσει
1313 1840 1536 1910 φλόγας.
1580 1840 1826 1912 ’ἰσχυρὰς

1933 1854 2071 1894 mam
2105 1837 2330 1895 Joannis
2359 1853 2541 1892 vocem
2577 1839 2647 1896 δ’.

255 1929 311 1982 δέ
363 1926 497 1984 εἷναί
543 1949 719 2002 φαμεν
764 1934 864 1998 τὰς
908 1935 1212 2008 ἁμαρτίας,
1256 1936 1356 2002 τὰς
1390 1937 1567 2002 δεινάς
1608 1955 1669 1992 τε
1718 1937 1813 1994 καὶ
1849 1936 2176 2007 ἀφορήτους,
2198 1934 2280 1988 ὅτι
2346 1932 2420 2004 μὴ
2451 1935 2601 1988 πᾶσα
2629 1934 2870 2007 ἁμαρτία
2895 1936 3032 2007 πρὸς
3093 1935 3342 2004 θάνατον,
3367 1934 3524 1993 κατά

249 2037 310 2098 γε
343 2026 438 2096 τὴν
474 2029 784 2100 σοφωτάτην
814 2030 909 2084 τοῦ
947 2032 1192 2088 Ἰωάννου
1227 2035 1435 2106 φωνήν.

602 2155 984 2245 ΤΟΜΟΣ
1056 2161 1473 2247 ΤΡΙΤΟΣ.

326 2302 713 2376 Ἑκζὴτήσατε
754 2309 822 2364 τὸ
875 2313 1088 2376 καλὸν,
1146 2314 1244 2368 καὶ
1285 2315 1372 2384 μὴ
1418 2317 1486 2369 τὸ
1526 2317 1820 2386 πονηρὸν,

243 2397 400 2464 ὅπως
433 2397 669 2469 (dante,
698 2403 798 2457 καί
824 2403 994 2459 ἔσται
1021 2405 1209 2474 οὕτως
1235 2408 1364 2476 μεθ’
1396 2408 1559 2478 ὑμῶν
1587 2409 1818 2479 Κύριος.

244 2489 444 2557 Οὕτως
482 2488 652 2546 εἶπεν
699 2495 911 2563 Κύριος
943 2498 975 2550 ὁ
1011 2495 1156 2563 Θεὸς
1191 2500 1226 2553 ὁ
1269 2499 1712 2569 παντοκράτωρ,
1750 2499 1822 2554 ὃν

236 2584 465 2653 τρόπον
513 2587 741 2642 εἴπατεο
799 2589 1226 2660 Μεμισήκαμεν
1285 2592 1359 2646 τὰ
1411 2593 1673 2661 πονηρὰ,
1723 2593 1826 2648 καὶ

234 2677 640 2748 ἠγαπήσαμεν
676 2681 748 2735 τὰ
792 2685 975 2746 καλὰ,
1020 2683 1118 2738 καί
1160 2683 1722 2750 ἀποκαταστήσεται
1753 2685 1824 2739 ὲν

235 2767 460 2833 πύλαις
497 2768 708 2837 κρῖμα,
760 2768 919 2836 ὅπως
976 2771 1206 2840 ἐλεήσῃ
1263 2773 1478 2840 Κύριος
1525 2775 1559 2827 o'
1599 2773 1743 2840 Θεὸς
1789 2777 1824 2828 ὀ

235 2858 660 2928 παντοκράτωρ
684 2860 828 2925 τοὺς
854 2863 1242 2930 περιλοίπους
1273 2862 1504 2932 Ἰωσήφ.

303 2951 390 3004 Ν.
436 2951 612 3020 Ἕφην
641 2950 741 3021 ήδη
770 2951 1112 3018 πλειστάκις,
1135 2953 1212 3017 ῶς
1233 2953 1295 3006 οὐ
1327 2954 1426 3024 μία
1455 2953 1675 3024 γέγονεν
1701 2955 1822 3026 αίχ-

235 3041 521 3112 μαλωσία,
569 3041 818 3113 διάφοροι
861 3043 946 3111 δὲ,
978 3043 1073 3096 καὶ
1117 3043 1260 3099 κατά
1298 3046 1552 3115 καιροὺς,
1595 3046 1688 3101 καὶ
1720 3047 1824 3102 ἀνά

236 3132 425 3204 μέρος.
449 3132 625 3187 Φοῦλα
663 3133 759 3203 μὲν
792 3132 902 3203 γάρ
929 3135 957 3188 ό
992 3133 1274 3206 Ἀσσύριος
1298 3133 1490 3197 ἐλθὼν.
1523 3136 1581 3188 ἐν
1617 3139 1684 3208 τῇ
1719 3137 1822 3192 Σα-

237 3223 576 3296 μαρείᾳ,τάς
606 3223 698 3276 δύο
725 3224 916 3293 φυλὰς,
950 3225 1050 3288 τὰς
1085 3225 1258 3296 πέραν
1283 3225 1377 3279 τοῦ
1413 3226 1696 3297 Ἰορδάνου,
1729 3229 1824 3282 καὶ

233 3317 336 3379 τὰς
368 3319 550 3369 ἐκεῖσε
589 3315 774 3379 πόλεις
816 3318 1138 3382 ἀνασπάσας
1171 3316 1363 3389 ᾤχετο.
1394 3318 1549 3373 Μετά
1582 3318 1769 3373 τοῦτον
1796 3322 1825 3375 ὁ

2188 2155 2594 2248 TOMUS
2673 2155 3234 2247 TERTIUS.

1994 2305 2156 2360 Vsus.
2193 2305 2281 2370 l4,
2341 2303 2429 2359 15.
2487 2303 2722 2370 Quaerite
2775 2302 2988 2370 bonum,
3030 2313 3077 2358 et
3126 2319 3229 2358 non
3287 2305 3514 2374 malum,

1924 2408 1983 2453 ut
2022 2385 2228 2464 vivatis,
2263 2405 2315 2452 et
2348 2397 2446 2451 erit
2485 2397 2561 2451 sic
2589 2395 2852 2450 vobiscum
2907 2395 3184 2452 Dominus.
3229 2395 3321 2453 Sic
3371 2377 3504 2453 discit

1923 2488 2177 2544 Dominus
2213 2489 2566 2558 omnipotens,
2591 2487 2724 2541 sicut
2769 2487 3006 2542 dixistis.
3042 2485 3177 2542 Odia
3227 2489 3516 2544 habuimus.

1923 2579 2086 2644 mala,
2116 2590 2162 2635 et
2195 2579 2478 2634 dileximus
2507 2587 2662 2646 bona,
2702 2589 2751 2635 et
2779 2574 3086 2635 restituetur
3113 2579 3168 2634 in
3223 2580 3390 2649 portis
3409 2580 3508 2650 ju-

1921 2671 2154 2738 dicium,
2208 2682 2264 2726 ut
2308 2673 2616 2728 misereatur
2655 2672 2918 2728 Dominus
2976 2670 3116 2729 Deus
3176 2675 3518 2743 omnipotens»

1925 2763 2262 2834 reliquiarum
2306 2763 2520 2833 Josepli.

1993 2938 2055 2994 L.
2088 2937 2205 2994 Dixi
2233 2939 2344 3009 jam
2390 2937 2607 3008 saepius,
2654 2952 2761 2994 non
2797 2951 2959 2994 unam
3019 2937 3184 2994 fuisse
3223 2937 3507 3008 captivita-

1927 3038 2055 3095 tem,
2086 3029 2181 3087 sed
2210 3030 2452 3086 diversas
2483 3029 2712 3085 diversis
2739 3028 3088 3099 temporibus,
3114 3036 3170 3085 et
3204 3039 3504 3098 separatas.

1925 3119 2062 3177 Pbul
2107 3121 2374 3192 siquidem
2407 3122 2663 3194 Assyrius
2706 3129 2764 3176 ut
2794 3121 2942 3177 venit
2974 3121 3027 3177 in
3062 3119 3328 3188 Samaria,
3375 3121 3515 3177 duas.

1928 3213 2098 3268 tribus
2145 3221 2292 3268 trans
2325 3211 2636 3279 Jordanem,
2661 3212 2886 3268 urbibus
2915 3211 3032 3281 ejus
3075 3211 3302 3277 eversis,
3331 3210 3507 3266 abdu-

1928 3307 2009 3358 xit
2040 3303 2108 3358 ⁸³.
2140 3302 2267 3360 Post
2295 3305 2435 3359 hunc
2464 3303 2809 3359 Salmanasar
2833 3319 2937 3360 non
2980 3312 3144 3360 totam
3179 3303 3503 3368 Samariam,

234 3405 605 3476 Σαλμανασάρ
632 3407 690 3459 ού
723 3407 902 3461 πᾶσαν
929 3406 1067 3460 ἐλὼν
1103 3409 1200 3478 τὴν
1231 3407 1573 3478 Σαμάρειαν,
1604 3408 1741 3464 ἀλλά
1772 3427 1824 3463 τι

1931 3394 2022 3450 sed
2074 3403 2283 3464 partem
2316 3396 2602 3466 quamdam
2656 3395 2890 3466 subegit,
2923 3404 3122 3452 etcum
3174 3394 3401 3466 captivis
3448 3394 3504 3449 in

243 3497 436 3567 μέρος,
472 3499 548 3561 εἰς
574 3497 671 3568 τὴν
698 3498 890 3551 ἑαυτοῦ
925 3499 1023 3552 σὺν
1063 3501 1175 3562 τοῖς
1212 3497 1429 3552 ἁλοῦσιν
1454 3499 1822 3570 ἀνεκομίζετο.

259 3586 466 3638 Ἐποίει
490 3586 543 3639 δὲ
583 3587 740 3641 τοῦτο
783 3588 914 3652 Θεὸς
954 3589 1344 3661 οἰκονομικῶς,
1390 3589 1536 3662 πόνῳ
1597 3591 1688 3646 καὶ
1725 3590 1828 3661 μά-

249 3693 393 3746 στιγι
424 3679 687 3733 παιδεύων
734 3681 1088 3734 ἐκκεκλικότα
1133 3679 1225 3734 τὸν
1262 3681 1497 3752 Ἰσραὴλ,
1529 3681 1627 3736 καὶ
1663 3698 1829 3752 μετα-

244 3770 414 3834 τιθεὶς
440 3772 530 3824 ἐπί
560 3789 624 3842 γε
667 3773 730 3826 τὸ
765 3773 872 3828 δεῖν
903 3775 971 3828 τὰ
1001 3775 1208 3845 ἀμείνω
1275 3776 1368 3829 καὶ
1402 3775 1829 3846 πρεπωδέστατα

245 3863 460 3932 φρονεῖν
495 3881 553 3915 τε
581 3864 672 3916 καὶ
708 3864 859 3935 δρᾷν.
888 3865 1212 3937 Συμϐέόηκε
1244 3866 1424 3921 τοίνυν
1456 3867 1583 3930 τοὺς
1617 3869 1681 3920 ἐκ
1718 3866 1827 3920 τῶν

245 3955 448 4026 ἀρτίως
483 3957 616 4025 ἡμῖν
652 3955 955 4025 εἰρημένων
984 3957 1235 4026 πολέμων
1261 3957 1541 4025 διαφυγεῖν
1577 3956 1831 4026 ἰσχύσαν-

243 4065 363 4111 τας,
403 4045 880 4114 γεθωσιμαχοῦντας
910 4046 1010 4115 ἤδη
1037 4047 1265 4115 πως,ἐφ’
1289 4045 1371 4110 οἷς
1401 4048 1708 4119 ὴπάτηνται
1742 4065 1832 4118 με.

245 4139 480 4201 τανοεῖν,
533 4135 729 4188 εἰδέναι
764 4153 833 4188 πε
878 4138 973 4189 καὶ
1019 4138 1318 4208 ὁμολογεῖν,
1364 4139 1447 4191 ὅτι
1504 4138 1676 4192 πολλά
1736 4140 1830 4193 καὶ

245 4228 502 4280 δύσοιστα
543 4226 1064 4297 πεπλημμεληκόσιν
1137 4227 1490 4298 ἐπενήνεκται
1539 4228 1722 4282 λοιπὸν
1761 4229 1830 4284 τά

248 4323 312 4374 ἐκ
356 4320 505 4383 θείας
533 4319 722 4390 ὀργῆς,
755 4315 873 4373 εἶτα
903 4319 1013 4374 τῶν
1043 4320 1188 4374 ἰδίων
1217 4320 1352 4374 ἐθῶν
1392 4323 1668 4392 μονονουχὶ
1702 4339 1831 4376 κατ-

249 4409 676 4479 επαγγέλλεσθαι
738 4408 859 4480 Θεῷ
928 4409 1026 4476 τὴν
1085 4409 1479 4480 ἐπανόρθωσιν,
1531 4409 1826 4479 λέγοντας’

255 4520 272 4552 ι
314 4502 714 4572 Μεμισήκαμεν
770 4498 839 4553 τά
898 4497 1142 4571 πονηρὰ,
1193 4499 1287 4552 καὶ
1345 4499 1710 4570 ἠγαπήσαμεν
1764 4497 1831 4551 τὰ

249 4592 404 4645 καλά.
433 4611 450 4643 ι
499 4590 705 4646 Οὐκοῦν
737 4590 796 4644 ὃν
828 4589 1028 4660 τρόπον
1076 4589 1333 4659 εἰρήκατε
1354 4631 1368 4655 ,
1401 4589 1567 4658 φησὶ,
1608 4608 1624 4640 ι
1655 4591 1832 4659 Ζητή-

250 4701 377 4736 σατε
407 4682 467 4735 τὸ
510 4682 691 4749 καλὸν,
735 4683 828 4735 καί⁸
866 4680 941 4750 μὴ
980 4679 1040 4732 τὸ
1083 4678 1342 4749 πονηρὸν,
1371 4698 1389 4730 ι
1425 4677 1512 4732 ἵνα
1546 4681 1640 4732 καὶ
1676 4680 1736 4734 τὸ
1769 4673 1828 4732 εὖ

1928 3501 2153 3559 regnum
2197 3502 2353 3542 suum
2409 3499 2468 3542 se
2513 3485 2716 3555 recepit
2743 3484 2811 3539 “.
2845 3483 3016 3552 Quam
3062 3499 3176 3540 rem
3215 3486 3506 3556 prudenter

1928 3578 2326 3634 administravit
2369 3577 2531 3642 Deus,
2561 3577 2852 3632 vexatione
2882 3585 2938 3632 et
2983 3574 3206 3645 ﬂagellis
3253 3575 3506 3630 erudiens

1928 3668 2218 3735 lsraelem,
2247 3668 2339 3738 qui
2387 3667 2776 3731 declinaverat,
2811 3674 2868 3720 et
2918 3667 3139 3720 omnino
3179 3666 3245 3719 ad
3305 3665 3507 3722 rectius

1929 3760 2271 3830 cogitandum
2306 3757 2715 3825 faciendumque
2749 3756 3056 3811 traducens.
3081 3755 3316 3826 Contigit
3345 3757 3508 3825 igitur

1929 3859 1990 3906 ut
2022 3851 2113 3921 qui
2143 3865 2174 3905 e
2213 3848 2388 3917 bellis,
2421 3848 2489 3904 de
2522 3847 2717 3915 quibus
2751 3845 2862 3916 jam
2895 3845 3148 3910 diximus,
3193 3845 3376 3916 fugere
3414 3862 3508 3917 po-

1933 3950 2170 4008 tuerunt,
2199 3940 2417 4010 cognita
2456 3938 2825 3995 imbecillitate
2858 3951 2977 4004 sua,
3007 3937 3206 3992 erroris
3232 3939 3311 3994 sui
3335 3939 3510 4009 pumi-

1933 4033 2099 4089 tentia
2149 4034 2497 4098 ducerentur,
2535 4037 3000 4102 agnoscerentque
3020 4037 3073 4083 et
3098 4027 3504 4093 conﬁterentur,

1931 4123 2096 4179 multa
2164 4131 2220 4179 et
2269 4137 2376 4176 non
2411 4121 2631 4178 ferenda
2682 4134 2805 4176 cum
2869 4129 3218 4188 peccassent,
3283 4129 3393 4173 tum
3419 4120 3509 4175 de-

1933 4231 2076 4269 mum
2119 4215 2288 4270 Deum
2331 4215 2530 4268 iratum
2589 4226 2779 4282 pmnas
2811 4210 2877 4266 ab
2913 4209 3042 4280 ipsis
3096 4209 3504 4280 repoposcisse;

1933 4305 2130 4362 deinde
2191 4320 2402 4360 morum
2453 4319 2673 4359 suorum
2717 4300 3149 4358 emendationem
3211 4301 3320 4355 Deo
3370 4315 3507 4371 quo-

1932 4398 2218 4454 dammodo
2265 4396 2615 4466 sponderent,
2666 4395 2942 4450 dicentes:
2979 4411 2998 4445 ι
3046 4389 3183 4449 Odio
3225 4392 3508 4448 habuimus

1934 4487 2113 4555 mala,
2163 4495 2217 4542 et
2245 4486 2530 4540 dileximus
2567 4485 2761 4540 bona.)
2799 4484 2984 4554 Igitur,
3017 4482 3466 4554 quemadmodum
3490 4524 3506 4550 ,

1935 4579 2127 4648 inquit,
2151 4578 2363 4634 dixistis
2396 4594 2410 4633 :
2458 4595 2476 4628 ι
2502 4577 2737 4644 Qumrite
2780 4576 2976 4632 bonum
3006 4585 3060 4630 et
3085 4589 3188 4630 non
3224 4575 3421 4630 malum
3443 4615 3459 4640 ,
3483 4594 3502 4628 ι

1935 4680 1992 4724 ιιι
2017 4680 2070 4725 ει
2097 4670 2234 4725 bene
2265 4684 2384 4725 esse
2427 4670 2856 4740 consequamini,
2885 4669 3126 4724 viventes
3162 4667 3460 4722 incolumes
3489 4707 3504 4732 ,

248 4771 384 4826 εἶναι
420 4771 715 4843 κερδὰνητε
747 4770 951 4835 ζῶντές
983 4787 1042 4823 τε
1089 4769 1182 4823 καὶ
1227 4768 1544 4840 σωζόμενοι,
1576 4770 1668 4824 καὶ
1706 4770 1824 4841 μεθ’

1931 4772 1984 4817 et
2014 4763 2290 4818 vobiscum
2349 4761 2420 4816 sit
2461 4761 2632 4824 Deus,
2685 4777 2850 4830 penes
2920 4776 3080 4831 quem
3135 4769 3218 4816 est
3271 4771 3508 4831 potestas

249 4863 400 4933 ὑμῶν
416 4863 621 4931 γένοιτο
654 4862 854 4932 Κύριος
879 4863 908 4914 ὁ
933 4862 1120 4927 Θεὸς,ὁ
1137 4861 1356 4916 πάντων
1381 4861 1518 4932 ἔχων
1547 4861 1647 4934 τὴν
1676 4862 1824 4930 ἐξου-

251 4957 390 5009 σίαν.
429 4974 447 5004 ‹
491 4955 995 5025 Ἀποκαταστὴσατε
1047 4956 1142 5008 καὶ
1187 4955 1245 5006 ὲν
1302 4954 1499 5018 πύλαις
1552 4957 1758 5026 κρῖμα’
1799 4973 1817 5007 ι

261 5044 558 5108 τουτέστιν,
589 5042 739 5113 ὀρθοὶ
773 5043 992 5111 γένεσθε
1024 5045 1240 5116 κριταί·
1288 5045 1364 5116 μὴ
1411 5045 1589 5116 ψῆφον
1640 5045 1824 5099 ἄδικον

249 5136 696 5206 καταγράφοντες
742 5133 848 5188 τῶν
906 5134 1341 5208 ἀσθενεστέρωνο
1410 5137 1486 5208 μὴ
1556 5138 1656 5206 τὴν
1729 5135 1822 5190 τοῦ

247 5229 453 5281 δικαίου
501 5224 1009 5296 παρασημαίνοντες
1056 5226 1315 5297 δύναμιν·
1363 5228 1498 5298 μήτε
1543 5227 1648 5296 μὴν
1689 5243 1826 5280 κον-

247 5317 547 5382 δυλίζοντες
577 5319 656 5380 εἰς
691 5315 930 5385 κεφαλὰς
959 5317 1188 5387 πτωχῶν
1209 5336 1222 5349 ο
1259 5319 1396 5387 μήτε
1420 5316 1535 5370 ὁδὸν
1561 5316 1824 5371 ταπεινῶν

251 5408 607 5473 ἐκκλίνοντες,
639 5407 723 5460 ἵνα
752 5406 937 5459 λοιπὸν
968 5405 1270 5478 κατελεήσῃ
1306 5406 1438 5470 Θεὸς
1463 5408 1590 5469 τοὺς
1626 5408 1690 5460 ἐκ
1717 5407 1825 5461 τῶν

251 5501 350 5569 ἤδη
399 5501 813 5572 συμϐεϐηκυιῶν
859 5500 1241 5571 αίχμαλωσιῶν
1282 5499 1722 5571 περιλειφθέντας
1768 5500 1825 5566 ἐξ

265 5591 482 5658 Ἰωσήφ.
505 5592 766 5663 Σημαίνει
791 5591 846 5644 δὲ
866 5593 1025 5646 πάλιν
1044 5592 1135 5646 τὸν
1166 5591 1422 5662 Ἐφραῒμ,
1442 5592 1557 5661 ἦτοι
1579 5591 1673 5655 τὰς
1696 5592 1826 5647 δέκα

1932 4854 2192 4910 omnium.
2217 4872 2235 4906 ε
2274 4853 2339 4908 Et
2381 4853 2693 4906 constituite
2732 4853 2784 4907 in
2814 4853 2982 4922 portis
3028 4850 3314 4921 judicium,
3347 4869 3366 4904 ι
3405 4851 3507 4908 hoc

1934 4953 2035 5012 est,
2091 4944 2287 4999 sinceri
2331 4942 2752 5010 estotejudices,
2783 4958 2849 4998 ne
2887 4944 3211 5000 sententiam
3267 4943 3506 5012 iniquam

1934 5045 2120 5091 contra
2152 5035 2530 5090 imbecilliores
2562 5033 2769 5102 feratis,
2799 5049 2866 5090 ne
2908 5036 3018 5090 vim
3048 5035 3274 5103 iustitiae
3300 5035 3506 5090 adulte-

1936 5128 2083 5192 retis,
2112 5139 2288 5196 neque
2319 5141 2523 5196 pugnos
2557 5127 2608 5180 in
2640 5129 2815 5195 capita
2853 5141 3148 5197 pauperum
3206 5127 3502 5198 ingeratis,

1935 5231 2108 5286 neque
2156 5216 2318 5280 viam,
2373 5231 2470 5272 seu
2519 5230 2801 5272 occursum
2857 5217 3136 5272 humilium
3189 5217 3502 5283 declinetis,

1933 5321 1991 5366 ut
2023 5310 2274 5378 deinceps
2318 5309 2458 5366 Deus
2495 5311 2815 5365 misereatur
2858 5325 3044 5365 eorum
3089 5311 3179 5381 qui
3215 5313 3280 5368 de
3307 5311 3503 5382 Josepli

1932 5419 1997 5457 ex
2020 5402 2417 5471 captivitatibus
2442 5401 2712 5472 prioribus
2732 5413 3124 5459 remanserunt.
3143 5403 3302 5475 305
3327 5405 3501 5473 Signio

1933 5495 2060 5549 licat
2095 5507 2282 5547 rursus
2322 5492 2576 5562 Ephraim
2598 5533 2614 5559 ,
2646 5493 2759 5548 sive
2800 5494 2984 5548 decem
3025 5495 3218 5552 tribus.
3247 5496 3500 5565 prraim

1933 5588 2126 5657 quippe
2165 5601 2226 5642 ex
2283 5585 2477 5656 Joseph
2517 5594 2837 5654 procreatus
2886 5584 3026 5655 fuit,
3057 5597 3282 5646 eatenus
3332 5589 3498 5645 etiam

321 5766 362 5802 "
394 5763 592 5825 Jcrem.
633 5782 836 5837 xxxvii,
869 5769 901 5824 3
927 5784 1078 5840 seqq.
1156 5772 1198 5803 "
1233 5769 1426 5826 lJoan.
1462 5787 1512 5839 v,
1543 5773 1624 5829 16.
1703 5773 1747 5806 ³³
1775 5771 1838 5830 IV
1868 5773 1996 5844 Reg.
2031 5789 2120 5839 xv,
2149 5772 2228 5828 10.
2305 5775 2344 5808 δ”
2373 5774 2437 5830 ιν
2475 5777 2604 5846 Reg.
2638 5793 2785 5842 xrnt,
2820 5781 2871 5834 9.
