4054 6274
534 393 636 457 ,ηδτ

1520 393 1576 448 S.
1622 382 1895 448 CYBILLI
1936 378 2399 442 ALEXANDRINI
2442 372 2761 437 ARCUIEP.

3676 362 3785 423 504

532 519 704 587 patris
746 519 958 573 nomine
993 517 1277 571 indicatur.
1303 515 1505 583 Sapere
1567 513 1730 583 igitur
1766 516 2012 579 oportet,
2048 516 2102 562 et

2222 501 2399 574 ρυλάς.
2443 499 2658 570 Ἐπειδὴ
2698 496 2804 567 γὰρ
2852 492 3073 562 γέγονεν
3119 488 3178 552 ἐξ
3215 480 3411 556 Ἰωσὴφ
3449 484 3478 537 ό
3509 478 3786 554 Ἐφραῒμ,

534 610 742 665 animos
825 617 1038 662 nostros
1077 607 1330 674 dirigere,
1380 616 1438 659 ut
1491 612 1750 674 cogantur
1787 602 1897 656 Deo
1951 607 2101 669 grata

533 699 760 763 sentire,
791 709 847 752 et
877 697 1096 753 virtutis
1121 696 1295 753 oiiicia
1335 702 1614 765 praestare,
1653 704 1707 748 ct
1738 705 1915 746 mores
1942 685 2104 759 juSIi-

533 791 622 844 tite
680 803 988 856 capessere,
1036 797 1092 843 et
1136 803 1255 858 qua:
1291 785 1575 841 laudabilia
1622 792 1770 847 sunt,
1805 797 1866 836 ea
1904 794 2100 851 procu-

532 895 652 933 rare
686 878 976 949 sapienter.
1023 878 1114 934 Sic
1159 878 1301 933 enim
1354 876 1631 944 uobiscum
1680 880 2007 932 versantem,
2052 875 2106 921 et

531 980 898 1042 protegentem
931 986 1027 1027 uos
1051 970 1216 1025 Deum
1257 969 1628 1023 universorum
1662 962 1995 1019 habebimus.

605 1237 772 1290 Vsus.
804 1233 888 1288 16.
930 1230 1214 1302 Propterea
1247 1230 1356 1285 hau:
1386 1228 1510 1281 dicit
1541 1226 1793 1279 Dominus
1821 1222 1956 1275 Deus
1998 1235 2110 1272 om-

536 1331 772 1400 nipotens
793 1340 811 1379 :
836 1324 900 1379 In
927 1323 1168 1377 omnibus
1200 1319 1388 1389 plateis
1415 1316 1681 1388 planctus,
1713 1319 1762 1368 et
1786 1314 1840 1366 in
1875 1310 2111 1364 omnibus

535 1420 629 1475 aiis
661 1412 862 1471 dicetur
901 1414 1019 1477 Van,
1044 1429 1141 1467 ναν.
1189 1409 1473 1464 Vocabitur
1518 1404 1750 1474 agricola
1791 1403 1846 1455 in
1889 1401 2109 1462 luctum,

535 1514 586 1561 et
630 1507 685 1560 in
737 1503 1028 1571 planctum,
1089 1510 1138 1555 et
1193 1499 1263 1553 ad
1312 1497 1531 1552 scientes
1583 1493 1889 1546 (amentum.
1948 1484 2015 1539 Et
2055 1487 2111 1540 in

538 1594 777 1649 omnibus
809 1593 907 1646 uiis
930 1591 1193 1659 planctus,
1219 1588 1341 1658 quia
1374 1585 1577 1640 ueniam
1623 1598 1715 1652 per
1751 1579 1982 1634 medium
2010 1576 2106 1638 tui,

539 1683 674 1741 dixit
722 1684 998 1739 Dominus.

611 1775 696 1831 LI.
739 1772 1042 1844 Degustatis
1058 1769 1172 1842 jam
1199 1768 1322 1824 belli
1353 1766 1527 1831 malis,
1556 1773 1609 1821 et
1632 1763 1844 1818 casibus
1890 1765 2110 1831 praeter-

2206 573 2459 666 ταύτῃτοι
2493 593 2589 646 καὶ
2613 588 2690 661 τῷ
2718 585 2811 641 τοῦ
2838 582 3045 654 πατρὸς
3069 580 3291 647 ὀνόματι
3324 574 3669 645 σημαίνεται.
3698 573 3793 625 Δεῖ

2210 687 2275 757 δὴ
2305 664 2396 739 οὖν
2426 682 2534 754 ἄρα
2575 679 2790 751 φρονεῖν
2818 673 2973 747 ὀρθὰ,
3005 673 3097 726 καὶ
3132 671 3230 733 τὰς
3265 667 3399 730 ἰδίας
3431 664 3589 735 ἡμῶν
3615 664 3795 736 ἀπορ-

2211 777 2335 832 θοῦν
2362 773 2594 837 διανοίας
2646 770 2727 834 εἷς
2760 786 2823 837 γε
2854 766 2914 820 τὸ
2943 764 3141 837 χρῆναι
3167 762 3235 815 τά
3262 761 3381 830 Θεῳ
3412 757 3636 828 θυμήρη
3664 771 3797 826 φροο

2210 872 2339 931 νεῖν,
2367 867 2461 920 καὶ
2485 860 2782 934 κατορθοῦν
2809 856 3025 930 ἀρετὴν,
3059 855 3153 909 καὶ
3178 852 3284 905 τῶν
3312 850 3410 921 τῆς
3440 846 3795 918 δικαιοσύνης

2201 955 2517 1028 ἀντέχεσθαι
2546 954 2783 1025 τρόπων,
2807 951 2901 1002 καὶ
2937 946 3226 1018 ὀρθότητος
3255 935 3394 995 εἶναι
3431 938 3631 1008 σοφοὺς
3673 940 3796 991 ἐπι-

2209 1048 2476 1119 μελητάς.
2503 1042 2740 1114 Ἒξομεν
2768 1041 2876 1111 γὰρ
2943 1037 3085 1091 οὕτω
3113 1035 3338 1089 συνόντα
3400 1049 3462 1085 τε
3485 1031 3582 1085 καὶ
3613 1046 3791 1102 προα-

2211 1139 2468 1202 σπίζοντα
2499 1134 2591 1188 τὸν
2621 1130 2727 1187 τῶν
2752 1132 2888 1185 ὅλων
2921 1129 3071 1183 Θεόν.

2284 1229 2384 1281 Διὰ
2427 1226 2601 1281 τοῦτο
2639 1222 2779 1279 τάδε
2810 1221 2972 1290 λέγει
3005 1217 3217 1287 Κύριος
3254 1217 3288 1270 ό
3317 1213 3461 1280 Θεὸς
3495 1214 3528 1266 ό
3569 1226 3792 1265 παντο⁶

2214 1316 2472 1387 κράτωρο
2511 1319 2614 1371 Ἐν
2636 1313 2862 1379 πάσαις
2893 1310 3023 1377 ταῖς
3057 1307 3367 1371 πλατείαις
3395 1299 3790 1367 κοπετὸς,και

2210 1413 2280 1466 ἐν
2303 1410 2523 1475 πάσαις
2544 1407 2670 1474 ταῖς
2697 1404 2854 1470 ὁδοῖς
2868 1400 3198 1471 ῥηθήσεται
3217 1416 3228 1429 ·
3258 1395 3424 1460 Οὐαὶ,
3448 1392 3604 1448 οὐαί.
3629 1394 3787 1458 Κλη-

2212 1498 2461 1565 θήσεται
2483 1494 2736 1567 γεωργὸς
2759 1495 2846 1558 εὶς
2875 1490 3115 1555 πένθος,
3144 1486 3243 1541 καὶ
3273 1483 3547 1547 κοπετὸν,
3572 1480 3671 1535 καὶ
3695 1481 3783 1545 εις
3894 1542 3903 1551 ο

2210 1590 2444 1656 εἰδότας
2488 1586 2731 1657 θρῆνον.
2772 1583 2882 1639 Καὶ
2927 1582 2998 1636 ἐν
3045 1578 3271 1644 πάσαις
3302 1573 3466 1640 ὁδοῖς
3506 1570 3777 1636 κοπετὸς,

2210 1682 2360 1737 διότι
2382 1680 2707 1747 ἐλεύσομαι
2738 1674 2841 1730 διὰ
2862 1672 3056 1743 μέσου
3086 1684 3225 1735 σου,
3249 1663 3380 1723 εἷπε
3405 1666 3641 1733 Κύριος.

2282 1773 2411 1825 NA’.
2461 1766 2949 1837 ’Λπογευσάμενοι,
2987 1759 3140 1833 φησὶ,
3162 1759 3272 1814 τῶν
3310 1759 3376 1812 ἐκ
3407 1755 3504 1809 τοῦ
3547 1751 3782 1822 πολέμου

452 1922 456 1927 .
542 1867 636 1924 itis
668 1880 774 1922 non
807 1863 1152 1920 mediocriter
1174 1853 1776 1931 alilictati,promisistis
1797 1862 2110 1937 vos'osuros

2222 1862 2423 1926 κακῶν,
2455 1861 2547 1915 καὶ
2577 1861 2691 1922 τοῖς
2720 1857 2820 1929 ἤδη
2862 1852 3265 1927 συμϐεϐηκόσιν
3303 1850 3364 1904 οὐ
3407 1845 3645 1920 μετρίως
3685 1846 3778 1897 ἐπ-

541 1956 764 2021 tualum,
797 1966 849 2010 et
898 1962 1173 2008 amaturos
1206 1953 1402 2006 bonum
1428 1966 1442 2002 :
1472 1946 1563 2002 sed
1602 1944 1772 2010 brevi,
1806 1951 1861 1997 et
1885 1933 2106 1996 vixdum

2222 1953 2528 2027 πλγηκότες,
2573 1946 3029 2021 ἐπηγγέλ[λ]εσθε
3076 1945 3257 2017 μισεῖν
3284 1941 3353 1996 τά
3396 1938 3634 2010 πονηρὰ,
3697 1933 3784 1989 καὶ

540 2046 839 2102 terroribus
873 2041 979 2097 illis
1019 2040 1279 2111 espediti,
1335 2038 1401 2093 ad
1440 2034 1743 2093 socordiam
1790 2027 2104 2092 deﬂexistis,

539 2149 595 2193 et
648 2135 875 2193 revoluti
931 2134 999 2188 ad
1054 2140 1235 2187 vetera
1297 2138 1517 2199 peccata
1572 2125 1921 2183 nihilominus
2005 2119 2107 2177 visi

542 2228 697 2285 estis.
745 2225 957 2282 Idcirco
1018 2222 1131 2294 jam
1193 2220 1440 2275 lamentis
1490 2225 1545 2273 et
1597 2215 1886 2288 gemitibus
1939 2210 2111 2282 plenae

541 2328 701 2374 erunt
731 2316 981 2373 civitates
1013 2324 1068 2369 et
1096 2313 1235 2377 vici,
1268 2320 1323 2367 et
1353 2310 1551 2380 ubique
1579 2308 1856 2379 lacrymae,
1887 2310 1942 2359 et
1960 2316 2112 2372 quae-

544 2419 733 2464 rentur
771 2407 860 2476 qui
896 2405 1068 2462 scient
1116 2403 1429 2464 lamentari;
1461 2408 1519 2456 et
1558 2398 1709 2453 vobis
1751 2394 1973 2451 urbanis
2005 2405 2109 2447 non

549 2499 962 2563 sufﬁcientibus,
997 2496 1159 2551 etiam
1194 2491 1428 2564 agricola
1462 2497 1791 2554 assumetur,
1838 2493 1897 2541 ut
1924 2497 2113 2554 quam-

544 2595 629 2649 vis
662 2598 878 2663 agreste
917 2597 974 2642 et
1018 2587 1279 2642 rusticum
1332 2583 1500 2639 melos
1538 2580 1692 2638 vobis
1734 2578 2032 2643 accinatur,
2059 2581 2115 2631 et

543 2687 918 2756 indigenarum
941 2680 1180 2736 numeris
1209 2678 1544 2733 calamitates
1561 2676 1862 2731 occisorum
1892 2669 2117 2740 lugean-

543 2790 654 2832 tur.
716 2793 735 2827 ι
766 2773 1033 2829 Transibo
1084 2770 1230 2826 enim
1284 2783 1382 2839 per
1427 2767 1661 2823 medium
1721 2752 1820 2828 tui,
1850 2780 1868 2813 ι
1919 2756 2116 2829 inquit,

546 2870 763 2922 intuens
820 2872 1039 2934 peccata
1074 2868 1189 2939 tua,
1239 2870 1292 2915 et
1333 2874 1436 2913 non
1482 2857 1665 2927 procul
1709 2856 1901 2910 absens
1941 2851 2010 2906 ab
2054 2848 2121 2905 iis

544 2960 637 3027 qui
671 2956 973 3027 impietates
999 2950 1475 3008 minimel‘erendas
1505 2947 1913 3005 commiserunt.
1938 2943 2122 3011 Quan-

549 3051 640 3103 diu
697 3048 840 3102 enim
891 3045 1072 3099 verbis
1127 3051 1332 3096 tantum
1388 3041 1615 3110 castigat
1679 3040 1850 3102 Deus,
1911 3036 2124 3091 videtur

2207 2024 2427 2115 iratast:
2465 2041 2530 2095 τδ
2566 2040 2762 2095 καλόν·
2795 2037 2930 2093 ἀλλά
2966 2035 3139 2107 βραχὺ
3192 2033 3287 2087 και
3329 2031 3485 2115 μόλις
3509 2027 3621 2081 τῶν
3650 2024 3788 2115 lusio

2210 2110 2305 2188 θεν
2341 2110 2617 2203 δειμάτων
2653 2123 3083 2199 ἀπηλλαγμένοι,
3122 2120 3259 2191 πρὸς
3296 2119 3356 2171 τὸ
3398 2114 3643 2203 ῥᾴθυμον
3680 2110 3786 2203 ἀπ-

2208 2200 2478 2284 εκλίνατε,
2523 2218 2619 2273 καὶ
2653 2216 2807 2270 οὐδὲν
2860 2211 3022 2287 ἦττον
3086 2207 3465 2281 ἀπηρτημένοι
3523 2202 3632 2256 τῶν
3691 2200 3789 2270 ἀρ-

2210 2313 2380 2384 χαιων
2433 2308 2718 2380 ἐφαίνεσθε
2756 2307 2963 2363 κακῶν.
3008 2303 3278 2375 Ταύτῃτοι
3353 2296 3540 2352 λοιπὸν
3591 2293 3790 2384 θρήνου

2212 2371 2309 2464 καὶ
2351 2371 2598 2475 οἰμωγῆς
2619 2400 2910 2470 ἀνάμεστοι
2940 2397 3038 2470 μέν
3061 2396 3118 2450 αἱ
3141 2371 3345 2456 πόλεις,
3373 2388 3559 2460 κῶμαι
3586 2402 3676 2448 τε,
3700 2371 3794 2438 καὶ

2217 2497 2455 2568 δάκρυον
2488 2490 2789 2562 πανταχοῦ,
2838 2490 2934 2545 καὶ
2963 2487 3188 2560 ζήτησις
3239 2482 3390 2537 ἔσται
3426 2480 3537 2533 τῶν
3574 2476 3792 2531 εἰδότων

2216 2564 2687 2658 κατολοφύρεσθαι
2709 2600 2723 2615 ο
2754 2582 2850 2635 καὶ
2881 2581 2983 2634 οὐκ
3006 2578 3321 2650 ἀρκούντων
3364 2572 3494 2643 ὑμῖν
3522 2570 3605 2632 εἰς
3638 2564 3795 2620 τοῦτο

2217 2679 2326 2733 τῶν
2358 2674 2622 2739 ἀστικῶν,
2666 2671 3157 2745 παραληφθήσεται
3199 2665 3296 2721 καὶ
3331 2661 3614 2734 γεωργὸς,
3653 2658 3796 2712 ὥστε

2220 2770 2322 2825 κᾶν
2345 2770 2606 2840 ἀγροῖκον
2632 2767 2762 2837 ὑμῖν
2787 2765 3062 2834 ἐηχῆσαι
3104 2758 3285 2831 μέλος,
3317 2755 3413 2810 καὶ
3447 2755 3561 2816 τοῖς
3589 2751 3794 2820 ἐπιχω-

2226 2860 2361 2932 ρίοις
2390 2857 2618 2931 ῥυθμοῖς
2643 2854 2744 2917 τὰς
2780 2853 2887 2906 τῶν
2925 2848 3295 2904 πεπτωκότων
3337 2842 3627 2916 ὀδύρεσθαι
3661 2856 3798 2910 συμ-

2223 2950 2413 3023 φοράς.
2465 2969 2484 3001 ι
2526 2946 2883 3016 Διελεύσομαι
2920 2943 3027 3014 γάρ
3069 2940 3157 2995 διὰ
3211 2939 3375 3011 μέσου
3421 2952 3538 3001 σου,
3569 2952 3589 2985 ι
3640 2932 3792 3002 φησὶ,

2224 3022 2436 3112 ἐφορῶν
2476 3041 2576 3111 ἤδη
2608 3055 2725 3101 πως
2754 3036 2849 3100 τὰς
2880 3032 3173 3106 ἁμαρτίας,
3200 3031 3294 3085 καὶ
3321 3028 3380 3082 ού
3425 3026 3619 3097 πόρρω
3665 3022 3794 3077 καθα

552 3137 949 3210 quodammodo
1038 3148 1142 3188 non
1212 3133 1421 3187 adesse.
1477 3129 1611 3185 Cum
1678 3137 1855 3183 autem
1932 3127 2117 3181 iratus-

2227 3131 2474 3202 εστηκὼς
2497 3130 2577 3185 ἔτι
2603 3129 2712 3182 τῶν
2743 3128 2991 3198 ἀφόρητα
3018 3119 3507 3193 δεδυσσεὸηκότων.
3528 3117 3671 3179 Ἕως
3697 3113 3787 3184 μὲν

549 3231 837 3289 sceleratos
923 3225 1216 3290 ulciscitur,
1295 3223 1443 3292 quasi
1536 3234 1773 3291 praesens
1826 3219 2015 3282 adest,
2065 3226 2117 3272 et

2226 3225 2336 3295 γὰρ
2368 3223 2511 3277 οὕτω
2542 3219 2790 3275 παιδεύει
2823 3218 2974 3284 Θεὸς,
3005 3216 3150 3269 δοκεῖ
3185 3230 3301 3276 πως
3329 3210 3451 3264 ούδέ
3479 3205 3779 3279 ἐφεστάναιο

552 3335 740 3394 partas
768 3319 979 3390 inﬂigit.
1007 3317 1098 3372 Sic
1129 3325 1185 3370 et
1218 3314 1505 3369 Sodomam
1539 3318 1803 3367 venerunt
1845 3308 2021 3378 angeli
2045 3308 2115 3375 ”,

553 3413 769 3485 ignibus
816 3408 1088 3466 incensuri
1138 3406 1421 3469 scelestos,
1470 3405 1612 3459 velut
1662 3404 1933 3469 absentes,
1989 3401 2115 3456 dum

555 3521 660 3561 non
690 3502 965 3573 punirent.
991 3499 1176 3567 Itaque
1221 3516 1239 3549 ι
1270 3496 1537 3552 Transibo
1570 3508 1663 3564 per
1696 3493 1927 3548 medium
1964 3492 2059 3557 tui,
2092 3509 2111 3543 ι

556 3593 829 3665 signiﬁcat
855 3588 1262 3660 inspectionem,
1291 3594 1346 3642 et
1380 3595 1586 3656 tempus
1610 3599 1718 3655 quo
1740 3584 1929 3655 punire
1956 3596 2119 3654 opor-

557 3695 685 3746 teat.
716 3682 1022 3739 atlveuissc.

623 3864 786 3918 Vsus.
808 3860 996 3918 18-30.
1042 3859 1241 3927 quui
1265 3859 1573 3913 desideratis
1601 3857 1737 3911 diem
1766 3853 1995 3910 Domini.
2023 3850 2122 3907 Ut-

554 3954 681 4027 quid
723 3956 836 4023 ipsa
867 3955 1007 4008 vobis
1040 3954 1150 4007 dies
1181 3951 1433 4006 Domini?
1454 3961 1502 4004 et
1541 3951 1649 4004 hwc
1682 3959 1758 4004 est
1794 3950 2035 4015 tenebrm,
2073 3954 2121 4000 et

553 4062 661 4100 non
690 4044 802 4099 lux.
836 4043 1285 4110 Quemadmodum
1312 4044 1356 4096 si
1377 4042 1496 4110 quis
1526 4042 1695 4111 fugiat
1723 4057 1753 4093 a
1778 4040 1911 4109 [acie
1935 4039 2120 4103 leonis,

553 4146 601 4191 et
634 4147 873 4190 occurrat
904 4139 952 4190 ei
976 4153 1153 4201 ursus,
1187 4146 1233 4189 et
1267 4134 1468 4189 insiliat
1503 4135 1555 4188 in
1583 4133 1814 4199 domum,
1848 4140 1896 4186 et
1927 4131 2122 4200 conﬁr-

558 4238 660 4283 met
707 4244 895 4282 manus
950 4244 1074 4282 suns
1135 4242 1290 4297 super
1332 4241 1561 4290 murum,
1615 4233 1663 4278 et
1720 4224 1956 4279 mordeat
2006 4237 2124 4276 eum

555 4333 783 4385 serpens.
832 4315 1021 4370 Nonne
1051 4318 1279 4371 tenebris
1309 4316 1418 4369 dies
1450 4311 1682 4377 Domini,
1713 4321 1763 4368 et
1792 4328 1894 4366 non
1924 4311 2037 4374 lux,
2075 4318 2124 4361 et

556 4407 748 4480 caligo,
788 4424 891 4462 non
912 4409 1106 4462 habens
1138 4408 1467 4477 splendorem
1500 4407 1652 4489 [ια’σῖ

626 4583 791 4655 306
814 4583 917 4638 LII.
963 4584 1178 4640 Sanctis
1206 4582 1484 4654 prophetis
1514 4582 1688 4636 futura
1721 4580 1800 4635 eis
1823 4578 2124 4632 vaticinan-

557 4677 724 4743 tibus,
759 4691 951 4745 nempe
976 4677 1029 4729 in
1065 4679 1310 4743 acerbas,
1356 4686 1407 4730 et
1443 4673 1864 4728 immedicabiles
1898 4670 2123 4724 calami-

557 4777 699 4823 tates
753 4767 1090 4834 delapsuros,
1143 4768 1243 4835 ipsi
1294 4769 1381 4835 qui
1433 4768 1756 4834 impotenter
1811 4765 1874 4816 ad
1924 4761 2126 4816 erroris

558 4867 721 4921 opera
775 4851 1107 4919 ferebantur,
1161 4854 1473 4919 irridentes,
1523 4862 1575 4905 et
1628 4851 1777 4916 elati,
1838 4850 2125 4919 aliquando

556 4944 775 5014 quidem
813 4943 1049 5008 aiebant,
1102 4944 1390 5013 prophetas
1422 4958 1484 4999 ea
1530 4953 1767 5009 cantare,
1810 4958 1928 5013 quae
1968 4943 2126 5011 longo

470 5072 477 5077 -
556 5046 679 5106 post
723 5045 964 5106 tempore
1008 5045 1264 5090 eventura
1305 5036 1500 5099 forent,
1542 5036 1586 5091 si
1620 5035 1962 5091 evenirent"
1987 5052 2001 5088 :
2028 5034 2127 5087 ali-

557 5129 780 5198 quando
815 5143 944 5184 vero
983 5128 1198 5197 penitus
1228 5127 1597 5198 desperantes,
1632 5128 1897 5183 audebant
1922 5128 2127 5191 dicere,

558 5221 708 5289 iuxta
752 5234 938 5275 vocem
978 5218 1249 5283 Jeremiae,
1310 5237 1328 5270 ι
1363 5218 1461 5274 Ubi
1514 5227 1598 5274 est
1649 5233 1827 5275 sermo
1879 5217 2129 5274 Domini?

560 5312 825 5369 veniat".
862 5329 881 5363 ι
936 5311 1353 5366 Arbitrabantur
1396 5310 1566 5376 enim,
1604 5319 1697 5364 aut
1741 5310 1955 5363 mentiri
2003 5322 2129 5377 pro-

561 5401 774 5469 phetas,
829 5412 886 5456 et
935 5402 1186 5457 inanibus
1223 5401 1676 5457 terriculamentis
1721 5415 1816 5456 eos
1861 5399 2127 5469 implere:

561 5500 657 5544 aut
685 5491 896 5556 saltem,
932 5495 1148 5549 etiamsi
1220 5493 1360 5550 bello
1392 5494 1640 5548 alicunde
1669 5500 2005 5561 peterentur,
2039 5505 2131 5543 su-

563 5580 811 5650 periores
849 5597 907 5635 se
958 5583 1207 5638 hostibus
1258 5583 1488 5651 futuros,
1530 5585 1722 5638 durum
1773 5592 1827 5636 et
1877 5581 2129 5636 invictum

2222 3291 2290 3371 τὰ
2307 3291 2317 3295 ⁷
2333 3315 2389 3369 δὲ
2413 3314 2473 3378 ἐξ
2496 3312 2668 3385 ὀργῆς
2698 3311 2940 3380 ἐπάγων,
2971 3305 3249 3379 μονονουχὶ
3271 3303 3365 3358 καὶ
3392 3302 3671 3373 πάρεστιν,
3698 3291 3794 3349 καὶ

2224 3406 2535 3479 ἐπιῤῥίπτει
2564 3405 2662 3468 τὰς
2698 3403 2874 3466 δίκας.
2913 3399 3070 3455 Οὒτω
3095 3398 3190 3453 καὶ
3222 3396 3478 3466 Σοδόμοις
3506 3388 3804 3460 ἐπεφοίτη·-

2227 3514 2326 3554 σαν
2356 3496 2598 3565 ἄγγελοι,
2636 3492 3122 3564 κατεμπρήσοντες
3168 3487 3298 3551 τοὺς
3328 3483 3694 3556 ἠσεϐηκότας,
3727 3479 3796 3541 ὡς

2227 3594 2286 3645 ἐν
2326 3590 2405 3660 τῷ
2451 3589 2525 3659 μὴ
2569 3584 2822 3650 κολάζειν
2866 3580 3254 3653 ἀφεστηκότες.
3294 3575 3502 3631 Οὐκοῦν
3542 3573 3630 3635 τὸ,
3664 3590 3684 3623 ι
3713 3574 3797 3623 Δι-

2228 3681 2515 3750 ελεύσομαι
2544 3677 2631 3730 διὰ
2662 3675 2828 3746 μέσου
2862 3691 2978 3737 σου,
3010 3690 3029 3724 ι
3066 3668 3320 3741 σημαίνει
3354 3666 3463 3737 τὴν⁸
3489 3660 3809 3731 ἐπίσκεψιν,

2228 3772 2322 3827 καὶ
2348 3770 2439 3824 τὸν
2466 3768 2559 3822 τοῦ
2593 3765 2914 3831 κολάζεσθαι
2943 3765 3050 3816 δεῖν
3083 3760 3421 3832 ἐφεστηκότα
3440 3754 3654 3824 καιρόν.

2301 3857 2522 3924 οὑαὶ,οὶ
2542 3856 2970 3927 ἐπιθυμοῦντες
2999 3854 3114 3923 τὴν
3145 3853 3374 3922 ἡμέραν
3399 3847 3643 3915 Κυρίου.
3664 3845 3806 3897 Ἵνα

2228 3954 2286 4007 τι
2302 3952 2453 4021 αὐτὴ
2478 3950 2618 4021 ὑμῖν
2640 3951 2678 4018 ἡ
2702 3949 2892 4019 ’ἡμέρα
2925 3947 3030 4001 τοῦ
3056 3946 3311 4012 Κυρίου;
3335 3939 3434 3996 καὶ
3457 3938 3609 4005 αὕτη
3633 3934 3806 3990 ἐστὶν

2229 4046 2469 4119 σκότος,
2500 4042 2599 4096 καὶ
2627 4044 2698 4096 οὺ
2726 4040 2869 4111 φῶς.
2909 4042 3017 4093 Ὃν
3040 4039 3262 4106 τρόπον
3288 4031 3399 4089 ἐάν
3423 4049 3515 4098 τις
3545 4030 3709 4099 φύγῃ
3738 4028 3803 4080 ἐκ

2231 4136 2553 4205 προσώπου
2582 4132 2850 4198 λέοντος,
2876 4130 2977 4185 καὶ
3003 4128 3236 4199 ἐμπέσῃ
3263 4123 3423 4190 αὐτῷ
3445 4122 3691 4191 ἄρκτος,
3711 4119 3803 4173 καὶ

2230 4224 2575 4294 εὶσπηδήσῃ
2610 4227 2688 4290 εἰς
2733 4224 2840 4277 τὸν
2892 4217 3090 4281 οἶκον,
3132 4217 3228 4272 καὶ
3263 4213 3656 4283 ἀπερείσηται
3703 4208 3803 4271 τὰς

2233 4319 2432 4389 χεῖρας
2478 4317 2664 4372 αὑτοῦ
2701 4316 2802 4369 ἐπί
2847 4313 2953 4367 τὸν
2983 4312 3217 4379 τοῖχον,
3267 4308 3365 4362 καὶ
3418 4305 3574 4372 δάκῃ
3623 4303 3803 4357 αὐτὸν

2234 4411 2388 4479 ὄφις.
2430 4408 2575 4476 Οὐχὶ
2628 4407 2848 4471 σκότος
2878 4405 2916 4470 ἠ
2966 4402 3158 4473 ἡμέρα
3191 4399 3296 4454 τοῦ
3328 4396 3573 4464 Κυρίου,
3606 4392 3703 4447 καὶ
3735 4391 3801 4445 οὐ

2159 4517 2202 4571 ι)
2231 4500 2376 4571 φῶς,
2408 4499 2506 4554 καὶ
2534 4501 2776 4569 γνόφος,
2803 4498 2914 4551 οὐκ
2940 4495 3097 4564 ἔχων
3120 4488 3560 4562 φέγγος¹αὕτη;

2302 4593 2428 4645 NB’.
2507 4591 2629 4644 Τῶν
2700 4590 2867 4658 ἁγίων
2954 4585 3246 4659 προφητῶν
3324 4576 3803 4652 προαγορευόντων

2232 4685 2413 4747 αὐτοῖς
2470 4682 2539 4736 τὰ
2586 4682 2853 4753 ἐσόμενα,
2919 4679 3017 4733 καὶ
3074 4678 3155 4730 ὅτι
3202 4677 3424 4743 πικραῖς
3503 4669 3601 4723 καὶ
3660 4664 3804 4720 ἀνιά-

2228 4792 2341 4839 τοις
2373 4775 2794 4846 περιπεσοῦνται
2843 4770 3167 4841 συμφοραῖς,
3196 4762 3602 4824 διανενευκότες
3650 4758 3804 4827 ἀσχέ-

2230 4882 2337 4928 τως
2363 4865 2456 4918 ἐπὶ
2479 4863 2548 4917 τὰ
2585 4866 2683 4936 τῆς
2722 4862 3039 4930 πλανήσεως
3069 4860 3232 4929 ἔργα,
3297 4851 3660 4922 διαγελῶντες
3716 4846 3805 4899 καὶ

2230 4956 2600 5027 ύπτιούμενοι,
2641 4956 2769 5009 ποτὲ
2800 4952 2897 5025 μὲν
2927 4954 3195 5020 ἔφασκον,
3230 4950 3310 5011 εἰς
3351 4944 3681 5016 ὑπερθέσεις
3717 4937 3805 4992 καὶ

2235 5048 2459 5119 χρόνους
2503 5047 2827 5119 δραμεῖσθαι
2877 5046 3003 5109 τοὺς
3042 5045 3356 5115 προφήτας·
3414 5036 3547 5090 ποτὲ
3606 5034 3664 5087 δὲ
3718 5030 3808 5119 καῖ

2235 5118 2545 5211 ὃλοτρόπως
2581 5137 2993 5206 ἀπεγνωκότες,
3038 5133 3362 5203 ἀπετόλμων
3408 5127 3611 5195 λέγειν,
3669 5118 3808 5176 κατά

2236 5245 2299 5297 γε
2328 5231 2427 5299 τὴν
2474 5228 2736 5299 Ἱερεμίου
2767 5228 2971 5297 φωνήν*
3027 5245 3045 5277 ι
3081 5226 3190 5277 Ποῦ
3222 5222 3355 5275 ποτέ
3401 5222 3552 5273 ἐστιν
3588 5217 3618 5268 ὁ
3652 5212 3809 5278 λόγος

2234 5321 2473 5393 Κυρίους
2517 5319 2733 5374 ἐλθέτω.
2768 5339 2785 5371 ι
2819 5321 3009 5389 ᾭοντο
3040 5318 3147 5388 γὰρ
3168 5357 3181 5380 ,
3214 5316 3290 5378 ὡς
3319 5314 3352 5383 ἢ
3416 5306 3808 5381 ψευδοεποῦσιν

2234 5412 2285 5464 oi
2338 5410 2653 5483 προφῆται,
2702 5409 2798 5463 καὶ
2849 5408 3124 5479 δειμάτων
3172 5405 3369 5467 αὐτοὺς
3414 5394 3810 5468 ἀναπιμπλῶσι

2235 5501 2438 5555 κενῶψ
2469 5502 2638 5572 ἤγουν
2690 5502 2738 5553 εἰ
2784 5499 2876 5553 καί
2922 5516 3006 5561 τις
3055 5496 3174 5551 κατ’
3212 5493 3391 5548 αὐτῶν
3444 5491 3515 5544 τοι
3548 5490 3806 5557 πόλεμος.

2234 5592 2493 5661 ἀμείνους
2535 5591 2745 5645 ἔσονται
2787 5589 2885 5661 τῆς
2923 5589 3145 5643 ἐκείνων
3178 5585 3389 5658 χειρὸς,
3425 5582 3673 5653 σκληρὰν
3718 5575 3810 5629 καὶ

564 5673 757 5736 robur,
793 5671 1236 5744 alacritatemque
1276 5677 1406 5744 ipsis
1435 5685 1789 5746 opponentes.
1824 5672 2020 5728 Verum
2048 5690 2117 5733 es:

2237 5682 2565 5755 δυσάντητον
2599 5683 3020 5746 ἀντανιστῶντες
3048 5681 3228 5744 αὐτοῖς
3258 5678 3426 5747 ἀλκήν
3461 5692 3520 5728 τε
3554 5674 3648 5729 καὶ
3673 5685 3807 5742 προ-

636 5787 682 5818 "
725 5785 862 5844 Gen.
890 5804 1000 5853 xu,
1036 5791 1083 5843 1.
1161 5791 1204 5823 ⁸³
1238 5790 1430 5848 Ετοςιι.
1463 5809 1559 5861 xu,
1591 5793 1682 5863 ‘22,
1714 5792 1804 5848 23.
1882 5794 1925 5824 ⁸⁷
1953 5791 2152 5854 Jcrem.
2184 5815 2313 5867 xvn,
2348 5800 2431 5857 l5.
