4054 6274
255 414 359 470 505)

1201 409 1751 471 COMMENTARIUS
1788 409 1857 465 IN
1893 407 2082 465 AMOS
2119 400 2561 465 PROPI-IETAM.

3397 397 3505 457 506

256 529 472 602 θυμίαν.
524 528 745 599 Ἀληθὲς
794 529 924 602 γὰρ,
953 528 1037 585 ὅτι
1078 551 1097 584 s
1132 530 1304 586 Ὅταν
1344 530 1474 603 ἔλθῃ
1515 529 1718 600 ἀσεϐὴς
1752 530 1831 593 είς

1944 530 2075 583 enim
2126 528 2277 593 illud,
2340 544 2357 577 ι
2388 523 2589 594 Impius
2640 534 2759 575 cum
2804 518 2857 573 in
2903 514 3227 588 profundum
3267 518 3504 586 venerit,

259 621 417 693 βάθος
444 621 656 686 κακῶν,
684 624 1036 694 καταφρονεῖ.
1057 643 1076 677 ι
1111 624 1247 678 Ἀλλ’
1273 626 1323 677 oi
1350 616 1543 677 τοιοίδε
1566 621 1667 693 τὴν
1689 620 1825 689 ἕξιν,

260 710 507 782 καθάπερ
526 710 598 766 τά
619 710 727 767 τῶν
746 714 1076 785 τραυμάτων
1099 708 1518 785 ἀπεγνωσμένα,
1549 710 1830 784 μονονουχὶ

261 800 617 873 κεκράγασιν,
652 802 734 855 ὅτι
766 803 937 875 πυρὸς
963 804 1172 857 δέονται
1205 803 1300 856 καὶ
1335 802 1533 873 τομῆς,
1594 798 1688 853 καὶ
1720 798 1830 853 τῶν

260 892 512 947 τοιούτων
538 892 675 946 είσὶν
704 893 764 947 ἐν
792 894 1079 966 ἐπιθυμίᾳ.
1102 893 1308 963 Διψῶσι
1340 893 1447 966 γὰρ
1476 888 1677 963 τρόπον
1707 887 1831 944 τινὰ

258 982 316 1039 τὸ
337 980 534 1056 χρῆναι
580 982 929 1050 κολάζεσθαι,
967 987 1059 1039 καὶ
1087 988 1137 1038 εί
1183 984 1259 1057 μὴ
1301 985 1482 1055 τοιᾷδε
1524 982 1710 1036 λοιπδν
1736 978 1831 1036 κέ-

259 1092 485 1149 χρηνται
514 1079 688 1147 φωνῇ.
719 1076 854 1131 Οὐαὶ
874 1077 1077 1143 τοίνυν,
1105 1077 1292 1147 φησὶν,
1325 1078 1439 1139 τοῖς
1464 1075 1614 1129 οὐδὲν
1641 1073 1830 1145 ἕτερον

261 1161 584 1239 ἐπιθυμοῦσί
604 1184 667 1220 τε
710 1168 805 1221 καὶ
842 1168 1239 1239 ἐκδεχομένοις,
1258 1167 1292 1238 ἢ
1311 1166 1408 1238 τὴν
1434 1167 1533 1236 τῆς
1560 1165 1831 1228 κολάσεως

263 1258 497 1329 ἡμέραν,
525 1258 594 1329 ἢν
619 1254 828 1330 Κυρίου
870 1258 1026 1330 φησί·
1055 1258 1319 1327 ἐπάγεται
1355 1256 1464 1329 γὰρ
1499 1257 1649 1326 παρὰ
1671 1253 1829 1309 Θεοῦ.

267 1346 378 1404 Ἵνα
402 1347 456 1403 τί
484 1349 666 1402 τοίνυν
700 1350 860 1420 αὐτὴ,
883 1351 1038 1421 φησὶ,
1066 1350 1195 1421 ὑμῖν
1247 1349 1435 1412 σκότος
1460 1343 1615 1413 οὖσα,
1646 1346 1742 1401 καὶ
1769 1346 1830 1399 οὐ

267 1438 396 1510 φῶς;
423 1439 515 1495 διά
543 1457 626 1495 τοι
650 1441 713 1494 τὸ
744 1440 1023 1506 πλείσταις
1054 1442 1210 1505 ὅσαις
1253 1438 1670 1510 ἀναπεπλῆσθαι
1695 1454 1833 1507 συμ-

269 1531 492 1600 φοραῖςζ
520 1529 596 1582 Οὐ
635 1528 743 1600 γάρ
764 1528 832 1583 ἂν
863 1531 1072 1599 γένοιτο
1121 1529 1395 1584 διεκδῦναι
1430 1546 1593 1594 τισιν,
1631 1527 1738 1580 οὐδ’
1767 1525 1833 1580 ἂν

270 1615 370 1686 ἔξω
392 1640 477 1685 τις
510 1618 579 1676 τοι
606 1619 701 1674 τοῦ
738 1621 909 1676 κακοῦ
929 1640 941 1653 ·
965 1622 1081 1677 ἀλλ’
1102 1624 1131 1676 ὁ
1161 1621 1318 1676 τοῦτο
1349 1619 1557 1691 φυγὼν,
1578 1619 1669 1672 ὑπ’
1692 1616 1835 1671 ὲκεί-

271 1729 363 1767 νου
413 1711 775 1784 ληφθήσεται,
827 1708 1063 1778 καὶτοῖς
1090 1714 1152 1767 τὸ
1202 1713 1417 1786 πρῶτον
1470 1711 1830 1777 ὲκνενευκόσι,

279 1796 596 1872 συναντήσει
628 1802 685 1855 τὺ
723 1801 998 1874 δεύτερον.
1046 1800 1216 1855 Τοῦτο
1244 1800 1354 1872 γάρ
1392 1802 1508 1854 ἐστι
1538 1799 1600 1852 τὸ
1639 1797 1833 1866 διαφυ-

278 1892 393 1961 γεῖν
431 1892 531 1962 μὲν
566 1893 627 1945 ἐκ
665 1892 929 1963 στόματος
965 1892 1201 1959 λέοντος,
1241 1892 1502 1962 ἐμπεσεῖν
1533 1889 1589 1943 δὲ
1630 1889 1712 1951 είς
1740 1886 1838 1959 ἄρ-

282 1998 417 2035 κτον.
475 1980 629 2035 ’Δλλά
680 1981 781 2036 κᾶν
825 1982 880 2035 εί
914 1998 1000 2046 τις
1040 1983 1238 2049 οἴοιτο,
1269 1983 1433 2052 φησὶ,
1492 1982 1551 2034 ὲν
1606 1979 1839 2048 ἀσφαλεῖ

281 2069 519 2139 γενέσθαι
552 2072 736 2142 τυχὸν,
767 2073 1043 2127 είσελάσαι
1072 2089 1132 2126 τε
1152 2075 1232 2135 είς
1253 2073 1353 2141 τὴν
1380 2071 1576 2135 οἰκίαν,
1604 2071 1721 2123 ἐκεῖ
1741 2068 1839 2123 θα-

277 2163 413 2235 νάτῳ
445 2165 872 2235 παραπεσεϊται,
910 2167 1024 2227 τοῖς
1050 2163 1225 2233 ὄφεως
1257 2163 1525 2233 δήγμασιν
1564 2162 1840 2233 ἀδοκήτως

272 2257 721 2327 ὑπενηνεγμένος.
777 2254 912 2310 Θεοῦ
965 2256 1073 2327 γάρ
1126 2270 1250 2309 τινα
1284 2254 1695 2317 συνελαύνοντος
1760 2254 1841 2315 είς

265 2347 483 2419 όλεθρόν
510 2365 570 2402 τε
598 2348 693 2402 καὶ
725 2348 943 2416 πόνους,
981 2348 1062 2411 τίς
1091 2350 1120 2402 ό
1151 2347 1464 2413 διασώσων;
1492 2347 1577 2410 τίς
1621 2347 1842 2399 ἐπικου-

267 2441 442 2512 ρήσει,
480 2437 577 2493 καὶ¹
610 2439 910 2511 ἀπαλλάξει
947 2440 1047 2511 τῆς
1076 2439 1262 2510 δίκης;
1289 2439 1321 2510 ἢ
1355 2441 1506 2503 ποῖος
1533 2439 1684 2492 ἔσται
1716 2438 1843 2508 τρόέ

261 2549 385 2596 πος,
420 2530 482 2585 ὃν
520 2532 571 2585 εί
604 2530 873 2585 διελάσειέ
926 2548 1044 2595 τις,
1092 2531 1196 2594 ἔξω
1233 2531 1442 2600 γένοιτο
1485 2531 1592 2584 τῶν
1624 2530 1839 2596 κακῶν;

260 2622 456 2685 Οὐδεὶς
502 2620 805 2686 παντελῶς.
850 2638 869 2673 s
901 2621 1012 2692 Τὴν
1038 2620 1147 2689 γὰρ
1172 2624 1329 2691 χεῖρα
1380 2621 1476 2692 τὴν
1507 2620 1718 2692 ὑψηλὴν
1760 2621 1844 2684 τίς

257 2713 626 2785 ἀποστρέψει;
657 2733 676 2764 ι
705 2713 819 2775 καὶ,
845 2730 863 2765 ι
892 2712 1016 2765 Ἐὰν
1039 2712 1230 2785 κλείσῃ
1255 2712 1397 2767 κατὰ
1428 2712 1734 2784 ἀνθρώπου,
1761 2712 1845 2777 τίς

257 2805 501 2872 ἀνοίξει;
534 2823 554 2856 ι
585 2805 725 2857 κατὰ
757 2802 819 2855 τὸ
840 2803 1249 2873 γεγραμμένον.

320 2895 678 2964 Μεμίσηκά,
723 2893 1004 2962 άπῶσμαι
1052 2893 1256 2961 ἑορτὰς
1284 2894 1486 2964 ὑμῶν,
1527 2894 1629 2949 καὶ
1663 2896 1732 2949 οὐ
1763 2893 1843 2965 μὴ

256 2985 591 3057 όσφρανθῶ
622 2986 693 3039 ἐν
723 2984 854 3050 ταῖς
892 2985 1307 3054 πανηγύρεσιν
1335 2984 1519 3055 ὑμῶν.
1561 2987 1713 3039 Διότι
1740 2984 1848 3039 ἐὰν

254 3068 627 3148 ἀνενέγκητέ
644 3093 749 3147 μοι
772 3074 1237 3145 ὁλοκαυτώματα
1290 3076 1387 3130 καὶ
1415 3078 1637 3138 θυσίαις·
1660 3077 1843 3147 ὑμῶν,

255 3174 327 3227 οὐ
355 3166 796 3238 προσ-δέξομαι,
842 3166 942 3219 καὶ
975 3167 1271 3237 σωτηρίου
1300 3167 1649 3238 ἐπιφανείας
1681 3168 1847 3239 ὑμῶν

255 3267 366 3322 οὐκ
400 3262 821 3330 ἐπιϐλέψομαι.

326 3352 464 3407 NI".
512 3351 766 3421 Ἀρμόσοι
796 3348 863 3404 ἂν
894 3351 922 3403 ό
948 3348 1106 3418 λόγος
1138 3351 1252 3414 τοῖς
1277 3349 1337 3416 ἐξ
1371 3348 1544 3404 Ἰούδα
1615 3348 1848 3420 μάλιστα

263 3444 360 3497 καὶ
403 3439 685 3507 Βενιαμίν.
729 3441 793 3493 Ai
827 3440 924 3511 μὲν
957 3438 1067 3510 γὰρ
1093 3439 1152 3492 ὲν
1192 3437 1480 3510 Σαμαρείᾳ
1517 3437 1704 3507 φυλαὶ,
1727 3439 1846 3500 ταῖς

266 3532 379 3586 τῶν
448 3529 682 3583 εἰδώλων
723 3530 998 3602 λατρείαις
1052 3530 1361 3601 ὁλοτρόπως
1417 3530 1842 3602 προσκείμεναι,

273 3621 512 3693 ρᾁυμοί
555 3637 615 3673 τε
664 3622 864 3694 σφόδρα
945 3621 1040 3675 καὶ
1075 3621 1208 3675 πολὺ
1242 3620 1684 3691 κατημεληκότες
1736 3618 1847 3671 τῶν

267 3712 358 3770 διὰ
391 3713 631 3777 Μωσέως
652 3714 932 3786 ἡλίσκοντο
958 3716 1156 3788 νόμων.
1181 3716 1244 3769 Oi
1267 3715 1323 3768 δὲ
1344 3715 1402 3767 ὲν
1433 3710 1846 3784 Ἰεροσολύμοις,

264 3802 426 3860 ἔθυον
455 3803 554 3875 μὲν
590 3806 648 3859 ὲν
684 3808 797 3870 τοῖς
832 3805 1057 3876 ὑψηλοῖς
1086 3805 1166 3876 τῷ
1194 3806 1360 3869 Βάαλ,
1392 3804 1487 3857 καὶ
1526 3805 1590 3873 τῇ
1621 3801 1848 3873 στρατιᾷ

259 3894 357 3950 τοῦ
382 3893 613 3964 ούρανοῦ
635 3879 911 3966 προσῆγον
936 3896 1187 3961 σπονδὰς,
1211 3894 1615 3949 ύπεπλάττοντο
1634 3893 1688 3945 δὲ
1714 3891 1849 3962 πρὸς

259 3988 441 4057 τούτῳ
474 3987 568 4039 καὶ
596 3986 694 4053 τῆς
728 3987 808 4048 εἰς
839 3985 1003 4054 νόμον
1033 3985 1212 4049 αἰδοῦς
1247 3984 1513 4038 ποιεῖσθαι
1540 3982 1846 4054 φροντίδας,

260 4080 360 4130 καὶ
404 4074 757 4144 ἀποπληροῦν
794 4075 1115 4143 ἐπείγεσθαι
1151 4074 1244 4130 καὶ
1267 4073 1478 4138 Θυσίας,
1506 4074 1602 4127 καὶ
1634 4073 1847 4143 ἑορτάς.

273 4167 425 4220 Ἀλλ’
467 4165 551 4217 ὅτι
581 4164 757 4236 ταῦτα
787 4165 1093 4236 μεμίσηκεν
1140 4167 1167 4219 ό
1190 4166 1299 4218 τῶν
1329 4165 1461 4218 ὅλων
1485 4164 1848 4234 Δημιουργὸς,

260 4256 364 4309 καὶ
389 4252 480 4306 διὰ
513 4228 698 4322 φωῖῆς
730 4228 952 4305 Ἡσαΐου
978 4228 1212 4324 φανερὸν
1242 4255 1494 4318 ἐποιεῖτο,
1519 4228 1716 4321 λ’έγωνί
1745 4228 1851 4306 ὶτι

267 4367 363 4420 μοι
398 4344 607 4416 πλῆθος
634 4344 740 4397 τῶν
769 4343 970 4397 θυσιῶν
1003 4343 1174 4414 ύμῶν;
1216 4368 1231 4396 ο
1260 4342 1353 4398 καὶ
1380 4344 1447 4398 τὰ
1480 4343 1852 4414 ἑξῆς.Ταύτης

263 4434 549 4513 ῂρτῆσθαι
592 4435 692 4506 τῆς
724 4433 965 4497 διανοίας
1006 4434 1075 4488 τὰ
1113 4435 1454 4506 προκείμενά
1497 4452 1698 4507 φαμεν,
1742 4436 1854 4490 Me-

1935 617 2310 675 contemnit”.
2346 637 2364 668 ι
2404 615 2508 670 Sed
2549 612 2639 682 qui
2676 608 2765 665 tali
2808 618 2938 665 sunt
2971 608 3178 675 habitu,
3215 608 3362 663 velut
3400 608 3498 662 de-

1936 719 2149 780 sperata
2216 709 2468 769 vulnera,
2531 712 2738 757 tantum
2787 715 2895 756 non
2950 700 3214 765 clamant,
3272 700 3395 770 igne
3450 707 3507 755 et

1936 799 2174 855 sectione
2200 814 2259 853 se
2282 797 2540 865 indigere,
2567 803 2622 850 et
2652 797 2750 850 ista
2778 794 3110 850 desiderant.
3140 792 3334 862 Aliquo
3356 791 3502 845 enim

1936 889 2095 945 modo
2134 886 2470 958 punitionem
2520 886 2884 941 necessariam
2940 886 3149 949 sitiunt,
3195 883 3405 940 etiamsi
3454 881 3506 936 id

1937 995 2067 1036 voce
2092 995 2201 1035 non
2229 978 2602 1034 testiﬁcentur.
2630 971 2724 1031 Vae
2751 977 2934 1046 igitur,
2967 977 3163 1045 inquit,
3198 977 3329 1030 nihil
3361 974 3507 1030 aliud

1936 1072 2299 1153 cupientibus,
2321 1081 2375 1127 et
2394 1070 2860 1142 exspectantibus,
2881 1085 3043 1139 quam
3066 1069 3311 1139 supplicii
3336 1069 3502 1133 diem,

1936 1176 2097 1230 quam
2128 1162 2267 1218 diem
2297 1160 2510 1216 Domini
2544 1158 2795 1233 appellat,
2825 1174 2855 1214 a
2888 1157 2997 1215 Deo
3029 1160 3174 1214 enim
3210 1158 3503 1212 inducitur.

1942 1253 2140 1323 thuid
2198 1254 2359 1324 igitur
2391 1253 2528 1321 ipsa,
2562 1253 2756 1321 inquit,
2799 1266 2920 1322 quae
2950 1250 3103 1304 vobis
3136 1247 3369 1302 tenebrae
3398 1255 3505 1313 est,

1938 1358 2044 1398 non
2075 1342 2190 1397 lux?
2208 1342 2344 1409 Quia
2371 1343 2626 1396 nimirum
2657 1341 2812 1412 longe
2840 1340 3084 1411 plurimis
3111 1336 3507 1393 calamitatibus

1937 1434 2318 1504 opplebimini.
2374 1431 2491 1487 Non
2538 1433 2681 1486 enim
2719 1427 2903 1487 licebit
2936 1432 3187 1501 cuiquam
3231 1424 3505 1495 eﬂugere;

1938 1542 2039 1581 nec
2067 1526 2351 1596 quisquam
2390 1525 2632 1579 elabetur
2663 1525 2827 1588 malo,
2858 1523 2952 1579 sed
2982 1522 3075 1591 qui
3115 1521 3218 1576 hoc
3245 1518 3501 1579 evaserit.

1940 1617 2006 1671 ab
2042 1615 2133 1669 illo
2181 1612 2686 1683 comprehendetur,
2717 1620 2770 1664 et
2812 1611 2904 1680 qui
2944 1610 3093 1680 prius
3133 1605 3504 1666 declinaverit.

1939 1708 1987 1764 ei
2027 1707 2259 1761 alterum
2307 1712 2576 1762 occurret.
2617 1702 2730 1757 Hoc
2774 1702 2917 1757 enim
2959 1709 3061 1766 est,
3096 1714 3164 1754 ex
3211 1712 3305 1753 ore
3335 1696 3507 1751 leonis

1941 1798 2194 1868 eﬂugere,
2225 1808 2280 1853 et
2311 1796 2363 1851 in
2393 1811 2578 1851 ursum
2615 1794 2876 1849 incidere.
2914 1792 3053 1859 Quin
3091 1786 3510 1861 etiamhinquit,

1871 1887 1915 1947 Β
1943 1891 1988 1945 si
2021 1889 2142 1957 quis
2184 1888 2322 1941 forte
2365 1899 2616 1941 securum
2661 1897 2720 1937 se
2746 1896 2871 1938 esse
2894 1879 3129 1943 duxerit,
3165 1880 3381 1931 domum
3430 1875 3512 1930 in-

1940 1975 2180 2053 gress‘us,
2213 1978 2321 2033 illic
2348 1977 2400 2031 in
2431 1985 2632 2045 pestem
2659 1974 2880 2036 incidet,
2919 1971 3210 2040 improviso
3236 1968 3509 2031 morsibus

1940 2069 2206 2139 serpentis
2252 2068 2544 2138 appetitus.
2603 2066 2710 2120 Deo
2761 2064 2906 2118 enim
2936 2058 3244 2129 quempiam
3296 2058 3348 2111 in
3394 2055 3511 2111 exi-

1942 2160 2073 2216 tium
2114 2168 2169 2214 et
2198 2172 2468 2214 aerumnas
2520 2154 2861 2223 impellente,
2915 2151 3039 2221 quis
3086 2146 3359 2204 salvabit?
3388 2147 3511 2216 quis

1941 2259 2239 2313 succurret,
2269 2258 2326 2302 et
2347 2262 2378 2300 a
2400 2260 2561 2317 poma
2582 2242 2867 2301 liberabit?
2896 2250 2986 2297 aut
3006 2226 3138 2311 quis
3178 2238 3282 2293 erit
3321 2238 3511 2291 modus

1941 2356 2047 2412 quo
2095 2342 2219 2410 quis
2268 2341 2518 2405 decurso,
2574 2336 2834 2392 immunis
2880 2334 2952 2389 sit
3000 2346 3030 2386 a
3083 2329 3277 2385 malis?
3320 2328 3512 2383 Nullus

1942 2446 2180 2500 prorsus.
2214 2449 2232 2482 ι
2258 2428 2469 2484 Manum
2500 2429 2643 2484 enim
2671 2439 2975 2495 supremam
3001 2422 3122 2494 quis
3147 2430 3353 2477 avertet
3370 2420 3454 2473 a"‘2
3485 2438 3505 2472 ι

1944 2524 2028 2590 Et,
2064 2541 2083 2574 ί
2116 2524 2160 2577 si
2206 2520 2461 2576 clauserit
2489 2527 2677 2576 contra
2726 2516 3025 2581 hominem,
3060 2514 3180 2586 quis
3209 2512 3449 2583 aperiet?
3487 2529 3508 2564 ι

1944 2624 2003 2671 ut
2034 2614 2290 2686 scriptum
2322 2622 2404 2668 est
2423 2610 2489 2667 ⁸⁸.

2017 2896 2184 2956 Vsus.
2225 2896 2318 2961 21,
2351 2895 2442 2950 22.
2489 2891 2612 2960 Odi,
2643 2893 2838 2962 projeci
2868 2889 3173 2960 festivitates
3207 2897 3425 2952 vestras,
3465 2896 3515 2941 et

1947 3010 2050 3049 non
2089 2990 2351 3046 odorabor
2375 2988 2430 3039 in
2469 2985 2801 3039 conventibus
2838 2982 3037 3036 vestris.
3069 2981 3208 3046 Quia
3231 2980 3277 3032 si
3310 2975 3514 3031 obtule-

1949 3085 2063 3138 ritis
2113 3080 2240 3136 milii
2287 3077 2614 3140 holocausta,
2656 3083 2703 3128 et
2753 3071 3075 3139 sacriﬁcium
3129 3081 3375 3132 vestrum,
3414 3083 3516 3120 non

1948 3176 2252 3242 suscipiam,
2291 3182 2336 3226 et
2360 3171 2592 3225 salutare
2621 3166 2969 3239 apparitionis
3007 3173 3188 3219 vesti-te
3213 3177 3315 3216 non
3349 3161 3518 3229 respi-

1948 3270 2103 3322 ciam.

2015 3356 2144 3413 Llll.
2183 3356 2357 3412 Verba
2394 3354 2508 3409 haec
2553 3352 2604 3406 in
2635 3349 2828 3404 Judam
2874 3357 2927 3403 et
2964 3345 3241 3416 Beniamin
3287 3357 3515 3413 praeser-

1948 3450 2039 3504 tim
2063 3444 2463 3518 quadraverint.
2495 3441 2690 3497 Tribus
2723 3439 2865 3494 enim
2890 3438 2943 3492 in
2978 3435 3222 3492 Samaria
3251 3434 3518 3488 idolorum

1948 3542 2108 3598 cultui
2140 3536 2464 3595 omnimodis
2490 3533 2738 3594 addictae,
2775 3538 2830 3583 et
2854 3527 3249 3582 socordissima:
3275 3522 3435 3593 307
3465 3533 3521 3578 et

1951 3635 2111 3689 Mosis
2155 3632 2328 3701 legum
2379 3629 2515 3682 mire
2562 3624 2893 3692 negligentes
2945 3617 3513 3688 deprehendebantur.

1949 3719 2423 3794 Hierosolymitani
2467 3732 2594 3772 vero
2640 3710 2990 3769 immolabant
3030 3709 3245 3780 quidem
3283 3705 3412 3760 Baal
3464 3705 3519 3760 in

1949 3816 2264 3878 excelsis,et
2298 3809 2501 3864 militiae
2534 3805 2654 3862 ραιιὶ
2684 3799 3251 3859 oﬂ'erebantlibamina
3277 3815 3292 3864 ;
3317 3795 3518 3851 nihilo‘

1951 3907 2129 3963 minus
2175 3918 2234 3959 se
2299 3902 2462 3956 etiam
2508 3898 2638 3968 legis
2698 3892 3053 3951 reverentiam
3097 3889 3245 3945 cordi
3298 3886 3518 3950 habere,

1951 4010 2007 4056 et
2030 3996 2354 4055 contendere
2393 3991 2659 4048 sacrificia
2688 3986 2902 4051 offerre,
2934 3992 2988 4038 et
3015 3981 3180 4038 festos
3208 3981 3324 4036 dies
3359 3992 3522 4049 agere

1951 4091 2296 4147 simulabant.
2336 4087 2536 4142 Verum
2562 4082 2752 4154 Opifex
2795 4079 3032 4131 oumium
3086 4091 3147 4131 se
3193 4075 3307 4129 haec
3342 4074 3524 4128 odisse

1951 4183 2114 4236 etia’m
2148 4194 2278 4233 voce
2311 4177 2461 4233 Isaia:
2494 4182 2744 4236 testatur,
2787 4181 2979 4237 nempe
3012 4166 3113 4220 hac
3143 4182 3157 4218 :
3191 4183 3209 4215 ι
3240 4165 3356 4230 Quo
3389 4161 3523 4216 mihi

1954 4268 2350 4325 multitudinem
2386 4261 2780 4319 sacriﬁciorum
2814 4266 3119 4312 vestrorum
3138 4253 3227 4306 ⁸ιῖ
3258 4271 3277 4304 ι
3317 4259 3370 4306 et
3406 4264 3524 4319 quae

1954 4368 2274 4431 sequuntur.
2314 4354 2488 4411 Verba
2537 4351 2813 4424 proposita
2869 4350 3014 4404 hunc
3060 4346 3264 4401 habere
3301 4357 3524 4398 sensum

1953 4452 2348 4507 existimamus.
2395 4446 2495 4501 Odi
2539 4445 2703 4510 enim,
2755 4441 2852 4507 ait,
2881 4449 2936 4496 et
2984 4438 3153 4507 abjeci
3204 4437 3525 4492 festivitates

270 4529 486 4600 μίσηκα
518 4525 647 4598 γὰρ,
672 4527 827 4597 φησὶ,
859 4525 955 4580 καὶ
981 4527 1290 4597 άπωσάμην
1325 4527 1420 4591 τὰς
1449 4528 1641 4599 ἑορτάς
1675 4527 1843 4599 ὑμῶν,

1956 4551 2183 4605 vestras,
2217 4554 2315 4594 nec
2341 4535 2751 4606 approbaverim
2782 4531 3070 4596 sacriﬁcia,
3099 4543 3273 4599 neque
3306 4527 3526 4582 odorem

266 4619 366 4674 καὶ
397 4619 498 4672 οὐκ
547 4618 612 4672 ἂν
649 4619 1003 4688 ἐπαινέσαιμι
1046 4618 1144 4681 τὰς
1189 4616 1397 4685 Θυσίας,
1437 4619 1545 4671 οὐδ’
1573 4619 1638 4672 ἂν
1675 4619 1843 4690 ὀσμὴν

1955 4633 2238 4690 suavitatis
2296 4627 2656 4698 reputaverim
2706 4640 2940 4695 unquam
2999 4640 3018 4673 ε
3055 4621 3525 4684 holocautomata,

264 4710 501 4772 εὐωδίας
523 4709 994 4779 καταλογισαίμην
1016 4707 1239 4760 πώποτε
1261 4726 1276 4757 ι
1297 4708 1366 4760 τὰ
1410 4707 1842 4778 ὁλοκαυτώματα

267 4801 368 4855 καὶ
416 4799 516 4861 τὰς
556 4799 695 4869 ὑπὲρ
723 4799 815 4853 τοῦ
853 4800 1120 4871 σωτηρίου
1157 4799 1545 4870 προσαγωγὰς.
1574 4820 1592 4851 ›
1634 4801 1766 4871 Εἴδη
1797 4800 1854 4853 δὲ

265 4887 450 4945 ταῦτα
472 4889 671 4941 θυσιῶν
698 4891 1058 4962 διεσταλμένα
1102 4890 1243 4944 κατά
1278 4890 1522 4962 καιροὺς,
1569 4894 1662 4944 καὶ
1691 4890 1764 4953 ὡς
1800 4892 1887 4942 ἐν’

270 4982 431 5044 ἰδίοις
467 4980 706 5051 τρόποις.
732 4981 955 5054 Ἕτερον
1004 4985 1112 5055 γάρ
1149 5002 1201 5036 τι
1233 4981 1294 5035 τὸ
1334 4982 1692 5053 ὁλοκαύτωμα
1715 5023 1728 5046 ,
1761 4982 1857 5036 καὶ

267 5075 466 5144 ἕτερον
497 5072 529 5142 ἡ
559 5071 738 5136 θυσία,
763 5075 854 5126 καὶ
882 5076 915 5144 ἡ
949 5075 1043 5128 τοῦ
1069 5075 1336 5147 σωτηρίου
1364 5075 1672 5146 ἐπιφάνεια,
1704 5092 1857 5127 τουτ-

268 5167 413 5230 έστι,
444 5164 502 5216 τὸ
528 5164 605 5226 είς
636 5162 757 5232 ὄψιν
801 5165 933 5217 ἱέναι
962 5166 1117 5232 Θεοῦ,
1145 5168 1240 5220 καὶ
1277 5167 1376 5230 τὰς
1416 5168 1555 5237 ὑπὲρ
1584 5165 1848 5236 σωτηρίου

269 5251 672 5324 προσκομίζειν
704 5250 915 5313 θυσίας.
952 5253 1090 5305 Ἀλλ’
1142 5256 1416 5319 Ἰουδαίοις
1459 5259 1557 5325 μὲν
1592 5253 1851 5324 πλείστην

271 5348 409 5415 ὅσην
440 5344 818 5415 ἐπιτηδεύουσι
849 5344 950 5415 τὴν
990 5346 1243 5402 ἀσέϐειαν
1283 5346 1485 5417 πρέποι
1525 5346 1591 5399 ἂν
1632 5345 1857 5408 είκὸτως

273 5438 422 5506 ἅπερ
449 5437 659 5507 ἔφαμεν
690 5436 912 5507 ἀρτίως.

364 5526 709 5599 Ἀποδέχεται
737 5530 813 5595 δὲ,
844 5531 939 5583 καὶ
976 5530 1099 5599 μάλ’
1132 5530 1407 5599 ἀσμένως,
1444 5528 1538 5580 καὶ
1573 5528 1856 5599 προσίεται

274 5620 412 5682 Θεὸς
437 5622 532 5684 τὰς
559 5620 667 5673 τῶν
698 5622 754 5673 ὲν
790 5620 972 5673 πίστει
995 5619 1206 5683 θυσίας,
1240 5617 1598 5689 ὁλοκαύτωμα
1619 5618 1680 5673 τὸ
1700 5635 1860 5696 πνευ-

354 5797 399 5827 ⁸’⁴
429 5796 585 5851 Prov.
617 5812 771 5863 xvm,
811 5797 862 5850 ὅ.

1955 4734 2009 4781 et
2046 4724 2343 4780 oblationes
2371 4736 2467 4789 pro
2494 4718 2739 4773 salutari.
2776 4736 2796 4769 ι
2837 4716 3057 4785 Species
3086 4714 3170 4769 ba:
3203 4721 3329 4767 sunt
3359 4708 3530 4779 sacri-

1960 4815 2238 4877 ﬁciorum,
2271 4811 2541 4866 distinctae
2580 4805 2916 4876 temporibus
2963 4813 3018 4858 et
3065 4802 3329 4857 moribus.
3370 4797 3529 4853 Aliud

1958 4904 2225 4974 siquidem
2287 4910 2371 4955 est
2426 4898 2826 4960 holocaustum,
2872 4894 3013 4950 aliud
3062 4891 3414 4957 sacriﬁcium,
3474 4895 3527 4941 et

1962 4995 2218 5049 salutaris
2271 4990 2559 5059 apparitio,
2610 4989 2713 5042 hoc
2761 4994 2866 5051 est,
2931 4987 2984 5039 in
3042 4989 3389 5052 conspectum
3434 4977 3530 5032 Dei

1962 5087 2198 5157 prodire,
2229 5092 2281 5138 et
2328 5095 2425 5150 pro
2459 5080 2680 5134 salutari
2726 5078 2924 5133 offerre
2960 5074 3249 5130 sacriﬁcia.
3298 5070 3403 5126 Sed
3434 5068 3529 5124 Ju-

1964 5180 2092 5232 da‘is
2142 5176 2298 5242 longe
2360 5172 2594 5226 maxime
2666 5170 2997 5238 impietatem
3060 5161 3530 5233 consectantibus,

1959 5269 2151 5323 merito
2181 5264 2502 5319 conveniant
2527 5277 2645 5330 qua:
2679 5262 2834 5314 modo
2865 5258 3129 5312 diximus.
3317 5247 3341 5262 ⁴

2031 5525 2269 5594 Suscipit
2295 5532 2474 5578 autem
2504 5519 2883 5585 libentissime,
2908 5526 2961 5574 et
2997 5518 3230 5574 admittit
3258 5516 3524 5575 sacriﬁcia

1960 5623 2011 5676 in
2063 5621 2184 5684 ﬁde,
2239 5618 2611 5673 holocaustum
2672 5611 2972 5684 spiritualc,
3026 5613 3079 5669 in
3141 5611 3295 5671 festis
3341 5609 3530 5668 diebus

941 5796 982 5826 ν·
1012 5794 1110 5851 lsa.
1147 5810 1257 5861 xiv,
1284 5794 1369 5849 27.
1451 5795 1492 5826 ⁸ο
1522 5792 1622 5850 lsa.
1663 5808 1791 5857 xxu,
1824 5796 1910 5851 ‘22.
1990 5799 2029 5829 ει
2062 5795 2162 5850 lsa.
2197 5809 2232 5860 l,
2269 5791 2347 5844 ll.
