4002 6220
385 358 457 419 (1
1403 351 1461 406 S.
1502 348 1778 405 CYRILLI
1817 346 2287 403 ALEXANDRINI
2324 347 2643 403 ARCHIEP.
3564 346 3633 408 12

393 472 572 528 minus
622 471 810 543 probe,
868 483 965 524 nec
1012 469 1146 523 citra
1196 466 1385 521 vitium
1438 464 1779 530 intellexerit,
1819 464 1949 534 quid

2053 465 2438 535 επιλήπτως,εί
2470 463 2562 517 ἐπὶ
2593 461 2717 518 νοῦν
2740 464 2863 535 ἥκοι
2883 464 2974 518 τὸν
2993 464 3203 534 ἑτέρου,
3228 463 3284 516 τί
3303 464 3364 517 τὸ
3392 464 3633 535 λυποῦνς

394 564 521 620 mali
570 574 671 627 est,
722 563 769 617 si
817 558 868 615 id
904 575 1009 614 non
1043 559 1195 623 mihi,
1226 558 1319 613 sed
1344 557 1496 611 alteri
1522 556 1574 610 in
1598 564 1830 609 mentem
1860 569 1953 611 ve-

394 654 576 708 nerit?
624 652 872 718 Quinitno
896 664 1109 713 sensus,
1145 663 1206 701 ac
1228 645 1621 701 declarationes
1650 645 1952 714 complures

390 745 761 814 tlilucidasque
815 742 1074 796 adhibere
1131 739 1221 808 qui
1278 740 1488 792 tandem
1536 751 1640 790 non
1691 737 1952 805 prastat?

391 835 540 901 Quod
589 850 711 888 cum
758 833 826 886 ita
874 832 965 893 sit,
1020 829 1228 883 tametsi
1283 836 1408 881 ante
1456 841 1553 880 nos
1581 842 1684 879 non
1715 826 1869 894 pauci
1898 826 1949 879 in

391 940 576 981 sacros
656 924 947 994 prophetas
1019 919 1433 975 commentarios
1482 917 1785 979 ediderunt,
1852 917 1946 971 hac

391 1017 608 1086 quidem
647 1017 713 1069 de
742 1028 903 1068 causa
933 1027 1034 1066 non
1065 1010 1376 1070 tacebimus,
1409 1010 1713 1077 potiusque,
1748 1008 1953 1062 inertia!

395 1106 608 1175 repulsa
660 1105 905 1167 mollitie,
953 1115 1113 1170 quam
1160 1100 1312 1153 nobis
1345 1113 1556 1168 quoque
1593 1100 1818 1168 gratiam
1850 1097 1952 1150 im-

393 1194 693 1263 pertiverit,
743 1192 833 1262 qui
867 1188 1129 1261 profunda
1186 1197 1239 1241 et
1271 1187 1478 1242 occulta
1510 1186 1796 1251 illuminat,
1829 1199 1949 1239 eam

390 1287 600 1339 caeteris
640 1285 800 1339 etiam
854 1284 1173 1352 prodemus;
1226 1292 1491 1333 memores
1538 1277 1677 1330 illitis
1706 1275 1946 1330 Christi:

395 1393 413 1424 ι
436 1373 619 1427 Gratis
651 1371 955 1439 accepistis,
993 1369 1164 1437 gratis
1195 1370 1319 1420 date
1345 1366 1385 1419 ’.
1419 1384 1436 1416 ι
1474 1364 1758 1419 Ordientes
1791 1363 1952 1432 igitur

388 1464 603 1515 beatum
672 1459 983 1526 prophetam
1037 1455 1230 1510 Oscam
1310 1452 1592 1521 perspicue
1650 1463 1946 1517 exponere,

388 1552 541 1621 prius
583 1549 892 1603 docebimus
935 1547 1074 1616 quod
1127 1549 1193 1598 ad
1223 1542 1447 1596 aliorum
1475 1555 1685 1609 quoque
1722 1539 1947 1608 prophe-

390 1655 563 1697 tarum
599 1642 766 1697 libros
802 1640 1052 1710 pertinet.
1089 1636 1202 1691 Mos
1231 1633 1499 1705 siquidem
1542 1632 1847 1687 communis
1868 1638 1951 1683 est

385 1734 647 1795 omnium,
681 1730 835 1785 facile
858 1730 1017 1784 verba
1040 1742 1136 1781 sua
1167 1727 1233 1781 ad
1266 1726 1317 1780 id
1342 1724 1484 1793 quod
1511 1720 1730 1790 Spiritui
1762 1728 1950 1773 sancto

384 1824 590 1894 placuit
621 1821 1033 1877 accommodare
1092 1832 1158 1873 ae
1218 1800 1605 1871 transformari:
1646 1828 1661 1865 :

382 1926 655 1981 nunquam
684 1927 749 1967 ex
785 1910 1047 1974 historia,
1096 1908 1209 1963 sive
1254 1921 1321 1962 ex
1369 1906 1528 1959 rebus
1568 1916 1785 1958 sensum
1828 1916 1947 1956 mo-

382 2004 663 2067 ventibus,
717 2011 772 2056 et
848 2010 1102 2068 tanquam
1184 1997 1237 2050 in
1300 2002 1588 2065 conspectu
1649 1992 1835 2061 positis
1891 1996 1947 2045 et

387 2092 694 2155 transactis,
713 2092 994 2145 commode
1020 2090 1085 2143 ad
1106 2089 1295 2142 intima
1321 2085 1677 2156 spiritualium
1709 2085 1948 2138 redeant:

391 2194 779 2248 nonnunquam
810 2193 938 2232 vero
965 2192 1059 2246 per
1085 2178 1337 2245 ambages
1388 2172 1819 2237 obscurissimas,
1865 2185 1951 2226 res

386 2276 439 2327 iu
469 2286 684 2327 sensum
717 2271 977 2324 cadentes
1009 2270 1302 2335 attingant.
1327 2263 1789 2335 Frequentissime
1824 2263 1949 2315 item

384 2378 647 2435 personas
692 2362 978 2425 inducunt,
1025 2367 1079 2412 et
1120 2357 1507 2419 lamentantur,
1539 2364 1594 2410 et
1622 2354 1948 2418 exclamant,

352 2520 357 2523 ς
383 2464 437 2509 et
461 2453 855 2523 praeteritorum
883 2449 1266 2511 meminerunt,
1289 2455 1345 2502 et
1371 2445 1544 2499 futura
1570 2443 1948 2514 praenuntiant.

384 2544 731 2613 Quapropter
770 2540 983 2610 singula
1026 2538 1173 2593 clare
1223 2548 1275 2591 et
1305 2537 1544 2591 studiose
1571 2534 1949 2599 discernenda,

386 2636 887 2703 sententiarumque
938 2630 1094 2695 ordo,
1141 2642 1605 2700 personarumque
1648 2624 1948 2679 diﬂ'erentia

385 2726 693 2781 necessario
736 2722 1080 2778 observanda
1129 2731 1256 2776 est:
1290 2722 1371 2775 sic
1412 2718 1555 2773 enim
1605 2718 1784 2787 plane,
1816 2716 1951 2770 citra

382 2818 754 2873 confusionem
824 2825 877 2869 et
923 2828 1137 2869 omnem
1202 2813 1422 2868 omnino
1470 2809 1833 2865 dillicultatetn
1886 2810 1953 2863 de

383 2910 452 2965 iis
503 2922 746 2977 agemus.
798 2906 1007 2974 Opinor
1050 2916 1233 2958 autem
1281 2903 1522 2972 quaedam
1571 2902 1719 2971 prius
1764 2900 1951 2970 expla-

385 3001 586 3066 nanda,
605 3014 722 3067 qua:
740 2996 1034 3052 Israelitico
1057 2995 1321 3065 sanguine
1350 2994 1593 3048 oriundis
1619 2993 1948 3058 acciderunt,

384 3108 453 3148 ne
481 3092 743 3146 lectorum
783 3089 997 3142 animus
1034 3085 1401 3157 perturbetur,
1445 3086 1569 3138 dum
1610 3098 1753 3138 nunc
1802 3083 1951 3137 audit

381 3274 601 3338 ludam,
633 3282 687 3327 et
718 3271 1018 3338 Bcnjamin,
1065 3269 1259 3339 quibus
1303 3266 1578 3321 vocabulis
1623 3267 1764 3321 sacri
1821 3282 1950 3335 pro-

386 3368 560 3438 pheta:
626 3362 956 3420 creberrime
1014 3370 1255 3413 utuntur.
1312 3358 1377 3413 Ut
1440 3350 1949 3426 igitur‘tnanil'cste

386 3458 597 3527 singula
633 3457 835 3520 norint,
877 3454 1176 3510 attendant.
1228 3450 1516 3504 Paternum
1563 3465 1782 3520 regnum
1820 3448 1947 3502 olitu

390 3549 786 3620 Hierosolymis
812 3547 1201 3600 administrans
1226 3542 1500 3608 Salomon,
1540 3540 1680 3595 fama
1712 3540 1950 3595 celebra-

384 3654 495 3698 tum
542 3642 670 3696 illud
734 3648 788 3694 et
840 3636 1162 3692 admirabile
1228 3634 1481 3703 templum
1534 3634 1640 3687 Deo
1713 3632 1951 3687 exaedifi-

387 3736 544 3793 ravit.
578 3734 681 3800 Qui
716 3730 963 3801 quamvis
1005 3729 1316 3782 divitiarum
1357 3725 1642 3795 splendore
1698 3734 1752 3778 ct
1786 3741 1951 3795 pecn-

382 3828 485 3883 nia:
549 3825 704 3896 copia
776 3821 1304 3883 excellentissimus,
1382 3818 1435 3870 itt
1489 3823 1764 3870 senectute
1824 3815 1949 3869 dum

384 3934 489 3973 non
542 3916 657 3971 vult
708 3913 983 3969 offendere
1032 3910 1302 3974 mulieres,
1356 3909 1521 3962 Deum
1569 3905 1829 3970 oﬂ‘emlit,
1886 3922 1951 3961 eo

385 4010 542 4067 modo
597 4009 650 4079 3
686 4022 793 4077 quo
848 4020 1005 4060 sacra
1055 4004 1209 4057 nobis
1246 3999 1524 4071 Scriptura
1562 4014 1954 4054 commemora-

386 4104 483 4169 bit,
513 4102 667 4172 cujus
698 4101 811 4154 inec
839 4108 966 4152 sunt
997 4097 1157 4150 verba
1189 4112 1201 4149 :
1240 4113 1258 4146 t
1286 4095 1350 4149 Et
1388 4110 1476 4147 rex
1512 4093 1783 4146 adamavit
1830 4107 1947 4145 mu-

384 4198 543 4251 lieres
576 4194 908 4262 alienigenas
942 4188 1157 4255 multas,
1192 4188 1353 4241 tiliam
1380 4202 1593 4256 quoque
1629 4184 1948 4249 Pharaonis,

381 4299 440 4346 et
467 4286 811 4347 Moabititlas,
847 4293 900 4337 et
928 4280 1345 4343 Atumouitidas,
1380 4290 1432 4334 et
1460 4278 1732 4341 Sidonias,
1767 4287 1817 4331 et
1850 4276 1955 4329 lle-

386 4383 578 4443 thazas,
628 4388 683 4432 et
731 4374 1076 4429 Atnorrhtcas
1107 4375 1169 4424 de
1200 4372 1469 4439 gentibus,
1505 4374 1570 4422 de
1596 4369 1789 4437 quibus
1820 4370 1953 4423 dixit

1712 1819 1770 1863 ut
1814 1824 1949 1863 non-
1979 1809 2022 1868 Β

2053 558 2269 613 Μᾶλλον
2300 558 2380 625 δὲ,
2414 557 2531 621 πῶς
2554 558 2655 611 οὐκ
2691 558 2911 628 ἄμεινον
2939 556 3229 629 ἀμφιλαφῆ
3264 556 3361 610 καὶ
3384 557 3632 628 εὐκρινε-

2055 651 2249 720 στέραν
2320 649 2419 719 τὴν
2464 648 2573 701 τῶν
2626 649 2912 719 νοημάτων
2972 648 3221 716 γίνεσθαι
3282 648 3632 717 παράθεσιν;

2056 740 2286 805 Οὐκοῦν,
2327 740 2431 793 κᾶν
2481 741 2529 792 οί
2565 739 2751 792 πολλοὶ
2805 738 3113 809 γεγράφασι
3158 737 3264 809 πρὸ
3302 738 3500 808 ἡμῶν,
3562 737 3633 791 τὰ

2054 830 2114 879 ὲν
2174 830 2286 890 τοῖς
2354 826 2529 894 ἁγίοις
2600 826 2906 896 προφήταις
2975 824 3457 895 διερμηνεύοντες,
3510 825 3631 894 οὐχὶ

2051 915 2254 989 ταύτης
2321 916 2504 969 ἕνεκεν
2580 918 2677 986 τῆς
2747 916 2925 979 αἰτίας
2988 916 3359 985 σιωπήσομεν.
3426 915 3628 968 Διωσό·

2055 1008 2197 1079 μεθα
2221 1008 2278 1060 δὲ
2312 1006 2509 1078 μᾶλλον
2541 1008 2617 1071 ὡς
2657 1006 2862 1076 ἀδρανῆ
2895 1005 2986 1058 τὸν
3011 1006 3168 1059 ὄκνον
3191 1044 3206 1068 ,
3234 1005 3329 1059 καὶ
3356 1005 3531 1074 ἥνπερ
3563 1005 3627 1058 ἂν

2052 1100 2145 1153 καὶ
2173 1101 2305 1171 ήμῖν
2334 1100 2513 1163 αὐτοῖς
2562 1098 2768 1169 ἐπιδοίη
2815 1098 2975 1168 χάριν
3021 1099 3049 1151 ὁ
3091 1098 3431 1167 ἁπολάμπων
3456 1097 3626 1167 βαθέα

2052 1190 2147 1242 καὶ
2202 1189 2518 1261 άπόκρυφα,
2546 1189 2750 1257 ταύτην
2785 1189 2879 1242 καὶ
2928 1188 3136 1259 ἑτέροις
3183 1188 3425 1259 φανερὰν
3459 1206 3631 1241 καταο

2054 1282 2340 1353 στήσομεν,
2380 1282 2713 1352 μεμνημένοι
2741 1281 2989 1349 λέγοντος
3015 1280 3111 1333 τοῦ
3156 1280 3395 1352 Χριστοῦ
3416 1296 3431 1311 ·
3469 1299 3486 1331 t
3517 1284 3628 1332 Δω-

2056 1374 2182 1444 ρεάν
2216 1374 2455 1438 ἐλάϐετε,
2497 1373 2706 1443 δωρεὰν
2736 1373 2875 1426 δότε.
2910 1392 2928 1423 ι
2978 1374 3302 1443 Ἀρχόμενος
3326 1373 3502 1426 τοίνυν
3528 1372 3626 1441 τῆς

2050 1465 2129 1526 είς
2156 1463 2244 1516 τὸν
2277 1465 2544 1534 μακάριον
2575 1465 2857 1534 προφήτην
2893 1463 3050 1533 Ὠσηὲ
3080 1461 3282 1530 σαφοῦς
3308 1462 3621 1534 ἑρμηνείας,

2052 1554 2226 1606 ἐκεῖνο
2252 1552 2663 1622 προεκθήσομαι
2691 1553 2783 1605 καὶ
2816 1551 2945 1621 περ)⁵
2972 1550 3080 1602 τῶν
3117 1549 3290 1605 ἄλλων
3332 1550 3624 1621 προφητῶν

2056 1651 2401 1720 συγγραφῆς.
2462 1650 2624 1712 Ἔθος
2676 1649 2784 1719 γὰρ
2843 1649 3091 1710 ἅπασιν,
3145 1648 3235 1710 οὓς
3281 1648 3348 1701 ἂν
3402 1648 3622 1701 ἕκαστοι

2052 1743 2286 1793 ποιοῖντο
2306 1741 2517 1808 λόγους,
2552 1740 2947 1809 μεταπλάττειν
2976 1738 3213 1801 εὐκόλως
3240 1739 3332 1790 ἐπὶ
3352 1738 3413 1790 τὸ
3438 1736 3625 1791 δοκοῦν

2049 1827 2127 1897 τῷ
2161 1828 2300 1898 ἁγίῳ
2333 1828 2631 1898 Πνεύματι,
2665 1829 2741 1891 ὡς
2788 1826 2920 1879 ποτὲ
2966 1827 3063 1896 μὲν
3112 1827 3177 1879 ἐκ
3218 1825 3317 1894 τῆς
3350 1824 3623 1895 ἱστορίας,

2049 1919 2167 1989 ήτοι
2193 1919 2302 1972 τῶν
2328 1920 2625 1989 αἰσθητῶν,
2652 1918 2744 1972 καὶ
2769 1917 2929 1970 οίονεί
2962 1933 3079 1977 πως
3107 1917 3165 1967 έν
3187 1916 3308 1984 ὄψει
3333 1916 3623 1985 κειμένων,

2049 2010 2143 2062 καὶ
2197 2011 2497 2078 γεγονότων
2544 2009 2884 2081 πραγμάτων
2917 2008 3213 2077 ἀναφοιτᾷν
3264 2006 3502 2070 εὐκόλως
3545 2008 3625 2071 είς

2050 2099 2298 2153 ὲσώτατα
2337 2101 2681 2171 πνευματικά
2704 2115 2720 2132 ο
2757 2098 2886 2153 ποτὲ
2918 2098 2975 2150 δὲ
3003 2093 3070 2151 αὖ
3110 2097 3483 2153 καθικνεῖσθαι
3520 2100 3626 2153 πάι

2050 2188 2152 2253 λιν,
2183 2189 2278 2242 καὶ
2312 2189 2444 2243 πολὺ
2464 2189 2528 2261 δὴ
2552 2190 2671 2243 λίαν
2693 2187 3049 2259 ἁσυμφανῶς,
3076 2188 3169 2240 επὶ
3192 2186 3259 2241 τὰ
3293 2189 3350 2240 ὲν
3373 2189 3626 2259 αίσθήσει

2050 2278 2369 2350 πράγματα.
2419 2279 2651 2346 [Ιλείστη
2704 2279 2761 2331 δὲ
2795 2280 2893 2348 ὅση
2939 2278 3068 2349 παρ’
3104 2277 3285 2339 αὐτοῖς
3330 2277 3481 2347 καὶὴ
3512 2277 3626 2329 τῶν

2050 2367 2358 2438 προσώπων
2396 2366 2717 2438 έπεισφορά,
2754 2364 3106 2437 σχετλιασμοί
3139 2380 3233 2430 τε,
3270 2364 3363 2417 καὶ
3400 2365 3622 2433 ἁναφωα

2049 2458 2254 2526 νήσεις,
2276 2457 2370 2511 καὶ
2398 2457 2505 2511 τῶν
2526 2458 2626 2529 ἤδη
2648 2457 3054 2528 παρῳχηκότων
3092 2457 3125 2526 ή
3152 2457 3359 2526 μνήμη,
3391 2456 3484 2509 καὶ
3516 2455 3625 2509 τῶν

2052 2548 2322 2619 ἐσομένων
2370 2548 2760 2619 προάγγελσις.
2804 2550 2895 2600 Δεῖ
2937 2547 3003 2618 δὴ
3056 2542 3149 2600 οῦν
3198 2546 3405 2600 ἕκαστα
3436 2544 3625 2613 σαφῶς

2051 2637 2518 2709 φιλοκρινοῦντας,
2549 2638 2640 2691 καὶ
2656 2637 2756 2707 τὴν
2784 2636 2890 2689 τῶν
2914 2635 3200 2706 νοημάτων
3222 2632 3396 2698 τάξιν,
3420 2633 3514 2687 καὶ
3528 2632 3628 2703 τὴν

2048 2728 2158 2781 τῶν
2182 2728 2490 2800 προσώπων
2530 2726 2792 2798 διαφορὰν
2830 2725 3145 2793 ἀναγκαίως
3179 2726 3490 2794 ἐπιτηρεῖν·
3527 2740 3625 2776 σα-

2051 2818 2156 2889 φὴς
2187 2818 2296 2889 γὰρ
2314 2818 2485 2880 οὕτως
2522 2820 2672 2889 ἡμῖν,
2704 2818 2796 2870 καὶ
2822 2818 3150 2886 ἀσὺγχυτος,
3192 2816 3287 2869 καὶ
3311 2815 3626 2887 δυσχερείας

2050 2912 2269 2982 ἁπάσης
2317 2909 2738 2981 ἀπηλλαγμένος
2791 2908 2944 2962 ἔσται
2998 2924 3097 2961 που
3133 2907 3351 2970 πάντως
3390 2909 3419 2960 ό
3447 2906 3625 2974 λόγος.

2052 3001 2262 3072 Χρῆναι
2296 3000 2351 3053 δὲ
2387 3000 2788 3071 ὑπολαμϐάνω,
2829 2998 3325 3070 προαφηγήσασθαί
3357 3014 3476 3051 τινα
3518 2997 3629 3050 τῶν

2003 3131 2021 3151 .
2055 3090 2475 3161 συμδεΰηκότων
2513 3093 2624 3151 τοῖς
2664 3088 2722 3155 ἐξ
2756 3090 2986 3159 αἵματος
3023 3087 3271 3160 Ἰσραὴλ,
3302 3088 3389 3142 ἵνα
3420 3088 3495 3159 μὴ
3530 3105 3630 3141 τα-

381 3183 660 3255 Ephraim,
691 3191 744 3236 et
774 3179 959 3243 lsrael,
1007 3189 1168 3248 atque
1217 3178 1380 3232 etiam
1432 3176 1771 3241 Samariam;
1810 3191 1950 3230 nunc
1978 3170 2022 3192 ’⁸

2056 3182 2300 3253 ρὰττοιτο
2328 3181 2435 3233 τῶν
2466 3180 2859 3251 ἐντευξομένων
2886 3182 2912 3233 ό
2945 3179 3093 3245 νοῦς,
3129 3180 3259 3234 ποτὲ
3292 3180 3390 3251 μὲν
3415 3180 3631 3233 ἀκούων

2064 3273 2322 3344 Ἐφραίμ,
2357 3272 2711 3343 καὶιίσραὴλ
2734 3312 2747 3337 ,
2808 3273 2905 3325 καὶ
2949 3274 3131 3342 μέντοι
3172 3272 3266 3326 καὶ
3294 3270 3625 3341 Σαμάρειαν·

2065 3365 2261 3418 Ἰούδαν
2296 3382 2352 3417 τε
2384 3362 2472 3427 αὖ,
2510 3364 2605 3417 καὶ
2652 3363 2926 3434 Βενιαμίν.
2976 3363 3209 3433 Πλείστη
3242 3362 3350 3433 γὰρ
3382 3362 3481 3431 ὅση
3519 3360 3632 3414 τῶν

2050 3454 2306 3506 τοιούτων
2352 3453 2629 3521 ὀνομάτων
2671 3453 2820 3522 παρὰ
2864 3454 2974 3515 τοῖς
3025 3452 3201 3519 ἁγίοις
3246 3450 3553 3521 προφήταις
3594 3451 3628 3520 ή

2055 3547 2263 3617 μνήμη.
2291 3547 2407 3598 Ἵνα
2437 3546 2615 3598 τοίνυν
2638 3546 2827 3598 εἰδεῖεν
2858 3544 3065 3598 ἕκαστα
3095 3541 3300 3611 σαφῶς,
3325 3542 3631 3595 ἀκουόντων

2050 3638 2131 3691 ὅτι
2156 3637 2253 3708 τὴν
2280 3638 2373 3691 τοῦ
2404 3637 2607 3709 πατρὸς
2634 3637 2909 3707 βασιλείαν
2939 3638 3215 3706 περιέπων
3239 3634 3380 3688 κατὰ
3399 3635 3629 3703 καιροὺς

2052 3730 2109 3783 ἐν
2138 3732 2249 3793 τοῖς
2294 3730 2690 3800 Ἱεροσολύμοις
2714 3730 2743 3781 ό
2770 3727 3042 3799 Σολομὼν,
3069 3727 3392 3797 ἀνεδείματο
3420 3726 3518 3797 μὲν
3551 3726 3630 3795 τῷ

2052 3818 2172 3889 Θεῷ
2220 3819 2309 3872 τὸν
2356 3819 2637 3890 διαϐόητον
2698 3821 2917 3885 ἐκεῖνον,
2949 3820 3043 3871 καὶ
3082 3818 3409 3886 ἀξιάγαστον
3457 3817 3628 3873 νεών.

2065 3910 2225 3965 Ἀλλά
2247 3910 2422 3964 καίτοι
2453 3912 2573 3965 λίαν
2598 3909 2837 3981 γεγονὼς
2864 3910 3174 3981 διαπρεπὴς
3196 3910 3285 3964 διά
3309 3927 3367 3963 τε
3400 3908 3632 3964 πλούτου

2052 4004 2410 4075 λαμπρότητα
2429 4045 2442 4071 ,
2474 4004 2569 4057 καὶ
2598 4003 2918 4073 περιουσίαν
2966 4003 3265 4073 χρημάτων
3290 4044 3305 4068 ,
3351 4004 3431 4066 είς
3458 4004 3632 4073 γῆρας

2053 4093 2353 4165 ἐληλακὼς,
2373 4094 2463 4149 διά
2477 4112 2560 4148 τοι
2580 4095 2679 4166 τὴν
2692 4095 2772 4157 είς
2790 4097 3055 4163 γυναῖκας
3077 4094 3207 4148 αίδὼ
3227 4094 3632 4163 προσκέκρουκι

2052 4191 2131 4263 τῷ
2159 4190 2297 4261 Θεῷ.
2324 4190 2433 4244 Καὶ
2459 4192 2610 4251 ποῖος
2643 4186 2791 4258 αὑτῷ
2828 4188 3019 4255 γέγονε
3048 4184 3422 4254 πλημμελείας
3450 4184 3478 4236 ό
3504 4185 3632 4254 τρό-

2054 4301 2174 4346 πος.
2209 4282 2271 4336 τὸ
2308 4282 2451 4352 ἱερὸν
2502 4283 2631 4351 ήμίν
2666 4280 3013 4349 ἀφηγήσεται
3060 4276 3299 4346 Γράμμα
3322 4292 3335 4305 °
3382 4276 3495 4345 ἔχει
3524 4278 3631 4347 γὰρ

2054 4374 2245 4436 οὕτως’
2282 4392 2300 4425 t
2338 4373 2448 4427 Kai.
2474 4375 2502 4426 ό
2542 4370 2795 4443 βασιλεὺς
2826 4369 2983 4422 ἔλαϐε
3028 4370 3287 4435 γυναῖκας
3324 4366 3631 4438 ἀλλοτρίας,

387 4471 651 4525 Dominus
706 4468 830 4520 ﬁliis
890 4464 1095 4519 Israel:
1130 4461 1244 4515 Non
1302 4460 1674 4528 ingretlictuini
1727 4460 1791 4512 ad
1838 4474 1950 4525 eas,

2058 4464 2151 4517 καὶ
2178 4464 2278 4535 τὴν
2309 4463 2582 4535 θυγατέρα
2622 4460 2819 4533 Φαραὼ
2841 4501 2855 4526 ,
2890 4458 3237 4521 Μωαϐίτιδας
3257 4498 3270 4522 ,
3316 4460 3635 4529 Ἀμμανίτι-

382 4571 557 4627 neque
598 4558 662 4610 de
707 4556 815 4609 illis
863 4556 1234 4622 ingrediettlur
1286 4551 1353 4602 ad
1402 4560 1629 4612 vestras,
1685 4564 1748 4602 ne
1795 4550 1954 4603 incli-

386 4661 516 4706 nent
552 4650 714 4703 cortla
748 4659 927 4700 vestra
955 4654 1075 4714 post
1107 4642 1245 4696 idola
1289 4656 1406 4693 sua.
1447 4638 1540 4693 llis
1573 4656 1755 4694 amore
1785 4656 1952 4709 copu-

382 4740 528 4795 latus
573 4747 657 4793 est
716 4735 990 4791 Salomon.
1046 4734 1108 4786 Et
1156 4738 1309 4785 erant
1348 4729 1396 4783 ei
1442 4745 1637 4783 uxores
1688 4730 1954 4799 principes

386 4832 767 4899 septingenttc,
803 4836 857 4879 et
893 4824 1206 4879 concubium
1242 4830 1511 4873 trecentae.
1557 4820 1621 4873 lit
1666 4821 1836 4873 factus
1873 4830 1955 4873 est

388 4924 441 4977 in
479 4931 722 4988 tempore
758 4916 1051 4972 senectutis
1082 4915 1355 4975 Salomon,
1389 4922 1441 4965 et
1465 4912 1798 4965 declinarunt
1840 4928 1957 4965 tnu-

388 5014 546 5075 lieres
574 5008 890 5073 alienigeute
924 5020 1014 5059 t-or
1042 5004 1160 5074 cth
1192 5013 1312 5072 post
1341 5004 1469 5056 deos
1503 5002 1730 5064 alienos,
1764 5012 1816 5055 et
1850 5020 1951 5056 non

385 5109 502 5154 erat
525 5115 619 5153 cor
644 5097 759 5165 ejus
790 5096 1085 5166 perfectum
1120 5112 1239 5149 cum
1277 5096 1499 5150 Domino
1534 5094 1641 5148 Deo
1665 5110 1783 5158 suo,
1815 5097 1954 5150 sicut

387 5207 482 5246 cor
514 5190 680 5244 David
717 5191 887 5259 patris
917 5189 1055 5258 ejus.
1106 5188 1171 5240 Et
1204 5187 1493 5240 ambulavit
1534 5186 1788 5240 Salomon
1833 5196 1954 5253 post

388 5286 639 5339 Astarten
681 5280 1133 5335 abominatiouetn
1183 5277 1553 5342 Sidoniorum,
1587 5284 1641 5331 et
1674 5287 1793 5346 post
1828 5276 1955 5329 Baal

390 5378 589 5434 idolum
638 5375 869 5429 ﬁliorum
912 5374 1163 5428 Ammon.
1205 5371 1269 5424 Et
1302 5369 1432 5425 fecit
1460 5370 1714 5425 Salomon
1758 5371 1955 5425 malum

389 5483 572 5524 enram
628 5465 878 5528 Domino,
923 5472 977 5517 et
1019 5477 1125 5517 non
1161 5460 1456 5515 ambulavit
1497 5468 1618 5531 post
1648 5459 1956 5525 Dominum,

391 5570 452 5616 ut
500 5557 664 5613 David
710 5567 864 5627 pater
888 5556 1025 5624 ejus.
1055 5554 1206 5609 Tunc
1234 5552 1524 5609 adiﬁcavit
1559 5552 1814 5609 Salomon
1855 5567 1955 5607 ex-

462 5734 484 5765 ²
515 5732 705 5788 Matth.
732 5747 786 5797 κ,
814 5732 867 5787 8.

2058 4556 2152 4618 δας
2177 4597 2191 4619 ,
2218 4555 2393 4626 Σύρας
2415 4596 2430 4621 ,
2460 4555 2553 4609 καὶ
2595 4552 2896 4623 Ἰδουμαίας
2917 4591 2931 4611 .
2960 4550 3225 4612 Χετταίας
3248 4591 3262 4613 ,
3297 4551 3388 4603 καὶ
3434 4552 3633 4623 Ἀμορ-

2062 4646 2243 4718 ραίας,
2279 4647 2343 4698 ὲκ
2371 4646 2480 4697 τῶν
2526 4644 2695 4697 ὲθνῶν
2745 4636 2819 4695 ὧν
2868 4642 3067 4694 ἀπεῖπε
3112 4640 3316 4710 Κύριος
3360 4643 3471 4704 τοῖς
3499 4644 3633 4706 υίοῑς

2072 4734 2307 4806 Ἰσραήλ⁰
2336 4732 2456 4789 Οὐκ
2478 4730 2848 4785 είσελεύσεσθε
2879 4731 2959 4792 είς
2984 4729 3201 4792 αὐτοὺς,
3238 4730 3329 4783 καὶ
3352 4730 3505 4783 αὐτοὶ
3532 4731 3633 4784 οὐκ

2060 4827 2456 4879 εἰσελεύσονται
2483 4826 2561 4886 είς
2587 4824 2752 4893 ὑμᾶς,
2787 4822 2873 4874 ἴνα
2910 4821 2984 4891 μὴ
3026 4820 3315 4874 ὲκκλίνωσι
3362 4822 3463 4885 τὰς
3495 4840 3633 4893 καρ-

2057 4919 2176 4980 δίας
2222 4916 2377 4986 ὑμῶν
2420 4915 2594 4967 ὀπίσω
2642 4913 2751 4966 τῶν
2810 4913 3044 4967 εἰδώλων
3092 4912 3295 4966 αὐτῶν·
3334 4916 3414 4978 εἰς
3465 4914 3633 4979 αὑτάς

2058 5007 2321 5077 ἐκολλήθη
2354 5004 2635 5075 Σολομὼν,
2670 5004 2764 5058 τοῦ
2808 5005 3112 5077 ἀγαπῆσαι.
3155 5006 3265 5058 Καὶ
3298 5002 3435 5076 ἦσαν
3484 5007 3634 5077 αὐτῷ

2057 5103 2310 5169 γυναῖκες
2341 5098 2599 5168 ἄρχουσαι
2626 5098 2968 5157 ἑπτακόσιαι,
3001 5097 3093 5149 καὶ
3117 5095 3385 5147 παλλακαὶ
3416 5097 3636 5165 τριακό-

2058 5209 2189 5246 σιαι.
2222 5189 2330 5243 Καὶ
2356 5189 2586 5259 ἐγενήθη
2619 5189 2675 5241 ὲν
2698 5188 2774 5258 τῷ
2800 5187 2977 5257 καιρῷ
3014 5188 3200 5256 γήρως
3240 5184 3508 5253 Σολομὼν,
3542 5188 3635 5239 καὶ

2051 5281 2330 5346 ἐξέκλιναν
2360 5281 2415 5332 ai
2448 5281 2703 5347 γυναῖκες
2723 5278 2778 5329 αἱ
2800 5276 3076 5346 ἀλλότριαι
3101 5275 3199 5347 τὴν
3224 5275 3450 5346 καρδίαν
3470 5277 3634 5329 αὑτοῦ

2050 5370 2227 5423 ὀπίσω
2257 5367 2396 5424 θεῶν
2416 5370 2640 5440 ἐτέρων.
2671 5368 2779 5422 Καὶ
2811 5367 2910 5420 οὐκ
2936 5362 3004 5436 ἦν
3046 5369 3079 5436 ἠ
3120 5367 3317 5438 καρδία
3346 5367 3512 5421 αὐτοῦ
3544 5384 3631 5419 τε-

2053 5460 2172 5514 λεία
2209 5460 2347 5531 μετὰ
2384 5460 2592 5532 Κυρίου
2626 5459 2726 5512 τοῦ
2756 5456 2890 5510 Θεοῦ
2921 5456 3086 5511 αὐτοῦ
3110 5498 3124 5522 ,
3157 5456 3338 5521 καθὼς
3374 5459 3408 5528 ή
3438 5456 3632 5527 καρδία

2054 5549 2215 5604 Δαὸὶδ
2260 5548 2354 5604 τοῦ
2409 5550 2616 5621 πατρὸς
2676 5546 2862 5604 αὐτοῦ.
2910 5547 3021 5600 Καὶ
3070 5546 3337 5619 ἐπορεύθη
3384 5543 3630 5617 Σολομὼ·.ο
