4002 6220
1339 150 1371 171 κ

352 301 433 356 15

350 406 540 462 ὀπίσω
588 404 689 474 τῆς
751 404 1052 476 Ἀστάρτης
1103 404 1472 475 βδελύγματος
1523 406 1822 471 Σιδωνίων,
1853 407 1947 458 καὶ
1974 416 2019 472 Α

351 499 539 553 ὀπίσω
570 497 664 550 τοῦ
695 496 874 561 Βάαλ,
902 496 1120 549 εἰδώλου
1152 497 1288 551 υἱῶν
1334 498 1535 569 Ἀμών.
1569 500 1679 552 Καὶ
1724 500 1949 570 ἐποίησε

354 587 620 658 Σολομὼν
649 587 712 639 τὸ
731 587 969 657 πονηρὸν
989 587 1219 641 ἐνώπιον
1243 588 1570 659 Κυρίου,καὶ
1591 589 1691 641 οὐκ
1717 588 1951 659 ἐπορεύ-

355 679 427 749 θη
474 678 654 730 ὀπίσω
705 677 950 747 Κυρίου,
982 676 1059 741 ὡς
1103 677 1268 730 Δαδὶδ
1300 679 1329 730 6
1372 678 1555 749 πατὴρ
1592 677 1779 731 αὑτοῦ.
1818 679 1951 732 Τότε

354 770 685 841 ᾠκοδόμησε
710 765 964 836 Σολομὼν
988 766 1191 837 ὑψηλὸν
1209 768 1287 838 τῷ
1310 767 1519 837 Χαμὼς
1537 769 1737 840 εἰδώλῳ
1756 769 1951 833 Μωάδ,

356 861 461 912 καὶ
492 858 575 927 τῷ
604 859 752 912 Βάαλ
790 857 996 928 εἰδώλῳ
1038 858 1168 911 υἰῶν
1207 858 1409 930 Ἀμὼν,
1440 862 1536 914 καὶ
1572 863 1636 930 τῇ
1684 862 1955 933 Ἀστάρτῃ

360 949 704 1019 βδελύγματι
757 948 1053 1004 Σιδωνίων.
1111 950 1221 1003 Καὶ
1263 950 1436 1015 οὕτως
1478 953 1702 1023 ἐποίησε
1751 955 1954 1017 πάσαις

358 1042 488 1102 ταῖς
543 1040 791 1107 γυναιξὶν
841 1039 1009 1093 αὑτοῦ
1062 1043 1186 1104 ταῖς
1227 1042 1567 1112 ἀλλοτρίαις,
1619 1044 1676 1097 αἶ
1716 1044 1954 1114 ἐθυμίων

361 1133 467 1183 καὶ
501 1130 655 1184 ἐθυον
684 1133 796 1194 τοῖς
848 1130 1089 1195 εἰδώλοις
1134 1133 1332 1187 αὐτῶν.
1362 1134 1472 1186 Kal
1519 1132 1762 1205 ὠργίσθη
1798 1134 1954 1205 θυμῷ

362 1222 576 1292 Κύριος
596 1222 689 1274 ἐπὶ
702 1221 1015 1291 Σολομῶνα,
1033 1224 1119 1275 ὅτι
1142 1223 1379 1287 ἐξέκλινε
1405 1225 1633 1295 καρδίαν
1654 1224 1819 1278 αὑτοῦ
1848 1225 1955 1278 ἀπὸ

368 1313 585 1381 Κυρίου
636 1312 875 1382 Ἰσραὴλ,
911 1313 1004 1365 τοῦ
1042 1313 1298 1382 ὀφθέντος
1331 1315 1480 1385 αὐτῷ
1510 1316 1589 1380 δὶς
1616 1356 1631 1380 ,
1664 1316 1758 1368 xui.
1786 1317 1957 1369 ἐντει-

366 1401 613 1472 λαμένου
656 1402 806 1471 αὐτῷ
861 1402 1002 1472 ὑπὲρ
1040 1404 1133 1456 τοῦ
1178 1404 1339 1473 λόγου
1367 1407 1581 1469 τούτου,
1630 1407 1956 1479 τοπαράπαν

372 1494 457 1564 μὴ
499 1494 835 1565 πορευθῆναι
884 1494 1060 1547 ὀπίσω
1101 1494 1239 1548 θεῶν
1271 1496 1517 1567 ἐτέρωνο
1562 1498 1655 1550 κα)⁸
1692 1497 1954 1566 φυλάξαι,

368 1584 476 1635 καὶ
525 1584 749 1651 ποιῆσαι
776 1580 811 1634 ἃ.
835 1581 1137 1634 ἐνετείλατο
1190 1583 1341 1652 αὐτῷ
1381 1585 1410 1636 6
1441 1583 1645 1654 Κύριος
1690 1584 1719 1635 6
1765 1584 1951 1645 Θεός.»

379 1670 646 1738 Ἀπάσης
681 1671 774 1738 μὲν
800 1665 888 1722 οὖν
926 1668 1188 1723 ἐπέκεινα
1227 1669 1543 1733 δυσσεϐείας
1570 1670 1637 1724 τά
1667 1670 1763 1723 τοῦ
1796 1669 1958 1722 Σολο-

371 1760 603 1831 μῶντος
630 1760 690 1812 ἐν
729 1760 881 1829 γήρει
908 1758 1252 1830 τολμήματα.
1278 1760 1344 1813 Τί
1380 1760 1487 1833 γὰρ
1518 1762 1585 1814 ἂν
1611 1762 1821 1830 γένοιτο
1850 1760 1956 1814 τῶν
1986 1748 2029 1801 Β

368 1850 555 1914 οὕτως
591 1849 835 1903 ἐκτόπων
875 1850 1364 1921 πλημμελημάτων
1392 1852 1453 1904 τὸ
1492 1852 1956 1923 δυσαχθέστερονς

372 1938 451 1989 Ἦ
477 1936 594 1999 πῶς
621 1936 684 1987 οὐ
717 1936 855 2006 πέρα
887 1937 1046 2006 λόγου
1098 1938 1319 2002 παντὸς,
1370 1939 1633 2010 ἁλογῆσαι
1668 1941 1765 2011 μὲν
1796 1942 1961 2011 τιμῆς

374 2030 474 2083 καὶ
502 2029 727 2099 ἀγάπης
770 2030 867 2099 τῆς
896 2032 979 2093 εἰς
1029 2032 1125 2084 τὸν
1165 2033 1261 2085 ἐνα
1292 2032 1384 2085 καὶ
1429 2032 1588 2101 φύσει
1626 2034 1720 2086 καὶ
1746 2033 1962 2103 ἀληθῶς

374 2123 505 2175 ὄντα
537 2121 693 2183 Θεὸν,
744 2121 804 2173 τὸ
853 2120 910 2172 δέ
953 2122 1102 2193 αὐτῷ
1155 2122 1251 2176 καὶ
1310 2124 1456 2194 μόνῳ
1491 2124 1693 2194 προσὸν
1744 2122 1961 2195 ἀξίωμα

379 2213 610 2266 καὶτῶν
652 2212 945 2283 δαιμονίων
1003 2216 1302 2286 ἀπονέμειν
1347 2216 1607 2286 ἀγέλαις,
1660 2217 1860 2288 μᾶλλον
1904 2217 1961 2271 δὲ

379 2307 543 2370 λίθοις
569 2308 828 2360 ἀνάπτειν
858 2307 954 2359 κα)⁵
980 2305 1187 2371 ξύλοις;
1224 2307 1438 2378 Ἐπειδὴ
1468 2307 1525 2360 δέ
1541 2306 1654 2377 ἥλω
1684 2325 1960 2379 πεφρονη-

382 2397 494 2458 κώς
537 2416 597 2450 τε
631 2398 724 2450 καὶ
765 2397 971 2468 δράσας
1004 2397 1039 2450 ἃ
1090 2397 1226 2467 μηδὲ
1268 2398 1426 2468 θέμις
1455 2400 1630 2453 εἰπεῖν
1656 2440 1672 2465 ,
1725 2403 1819 2454 καὶ
1848 2402 1960 2465 τοῖς

388 2490 560 2551 οὕτως
584 2491 819 2559 αἰσχροῖς
858 2489 967 2559 πλη
978 2490 1151 2559 μμελή
1160 2506 1325 2559 μασιν
1353 2489 1534 2560 ἔνοχος
1561 2491 1799 2559 γεγονὼς
1827 2509 1960 2544 κατ-

393 2581 653 2649 εφωρᾶτο,
712 2579 900 2633 λοιπὸν
940 2580 1043 2650 ἔφη
1076 2580 1211 2648 πρὸς
1238 2581 1402 2633 αὐτὸν
1424 2584 1455 2635 6
1484 2582 1593 2635 τῶν
1617 2583 1754 2635 ὅλων
1781 2583 1915 2645 Θεός
1942 2598 1956 2610 ⁸

389 2689 409 2719 ι
456 2669 593 2721 Ἀνθ’
614 2664 692 2722 ὧν
727 2671 949 2737 ἐγένετο
981 2669 1153 2723 ταῦτα
1190 2670 1328 2740 μετὰ
1363 2670 1481 2736 σοῦ,
1517 2672 1610 2725 καὶ
1637 2673 1739 2725 οὐκ
1764 2673 1960 2741 ἐφύλασ

382 2760 477 2824 ξας
523 2763 622 2824 τὰς
658 2760 877 2825 ἐντολάς
912 2778 1013 2831 μου
1081 2761 1177 2815 καὶ
1208 2760 1276 2815 τὰ
1323 2762 1722 2833 προστάγματά
1749 2780 1885 2833 μου,
1925 2762 1961 2817 ἃ

379 2852 731 2922 ἐνετειλάμην
762 2868 865 2915 σοι,
894 2853 1242 2923 διαῤῥήσσων
1265 2853 1540 2925 διαρῤήξω
1561 2855 1658 2925 τὴν
1689 2854 1961 2924 βασιλείαν

376 2942 444 2993 ἐκ
474 2944 654 3011 χειρός
689 2958 805 3005 σου,
830 2943 925 2995 καὶ
950 2942 1108 2995 δώσω
1138 2942 1308 3013 αὐτὴν
1340 2941 1419 3012 τῷ
1447 2943 1621 3013 δούλῳ
1666 2960 1781 2999 σου.
1813 2944 1960 3013 Πλὴν

374 3032 437 3083 ἐν
465 3036 585 3095 ταῖς
625 3034 863 3104 ἡμέραις
895 3050 988 3086 σου
1021 3034 1084 3086 οὐ
1113 3033 1326 3105 ποιήσω
1365 3035 1531 3098 αὐτὰ,
1556 3035 1642 3087 διὰ
1675 3035 1839 3088 Δαϐιδ
1870 3036 1961 3088 τὸν

375 3125 594 3193 πατέρα
629 3142 748 3179 σου.
798 3126 891 3178 Ἐκ
935 3126 1120 3195 χειρὸς
1171 3124 1289 3179 υἱοῦ
1338 3144 1433 3180 σου
1479 3127 1719 3197 λήψομαι
1762 3126 1953 3197 αὑτήν.
1984 3125 2027 3183 C

373 3214 547 3283 Πλὴν,
577 3213 712 3283 ὅλην
736 3214 834 3282 τὴν
863 3212 1137 3282 βασιλείαν
1167 3214 1229 3266 οὐ
1261 3216 1335 3285 μὴ
1364 3213 1513 3267 λάϐω
1538 3232 1552 3247 ο
1587 3218 1864 3286 σκῆπτρον
1896 3214 1955 3267 ἓν

370 3302 533 3355 δώσω
569 3302 647 3371 τῷ
680 3300 782 3371 υἱῷ
822 3319 914 3354 σου
938 3342 955 3366 ,
1010 3302 1101 3354 διὰ
1148 3302 1313 3356 Δαδὶδ
1356 3303 1447 3356 τὸν
1473 3302 1658 3355 δοῦλόν
1688 3319 1813 3372 μου,
1862 3304 1956 3355 καὶ

370 3394 470 3445 διὰ
506 3393 860 3464 Ἰερουσαλὴμ
883 3396 981 3466 τὴν
1006 3396 1181 3459 πόλιν,
1206 3395 1273 3467 ἢν
1308 3395 1658 3465 ἐξελεξάμην.
1692 3414 1711 3446 ι
1740 3394 1953 3466 Ἐπειδὴ

376 3485 509 3553 γὰρ,
558 3486 635 3547 ὡς
676 3485 839 3553 ἔφην,
863 3486 959 3554 τῆς
989 3488 1069 3550 εἰς
1102 3489 1364 3554 γυναῖκας
1389 3487 1683 3557 ἐπιθυμίας
1706 3486 1951 3557 ἡττώμε-

373 3593 492 3637 νος,
516 3576 696 3629 καίτοι
722 3577 883 3645 σοφὸς
910 3578 984 3631 ὢν
1013 3580 1172 3648 ἄγαν,
1202 3581 1230 3632 6
1266 3577 1514 3648 Σολομὼν
1544 3581 1820 3649 μονονουχὶ
1858 3577 1955 3631 καὶ

372 3666 501 3720 δσον
528 3668 653 3735 ἥκει
680 3668 855 3720 εἰπεῖν
881 3671 961 3731 εἰς
992 3668 1409 3739 ἐγχειρημάτων
1445 3668 1693 3738 δύναμιν,
1727 3668 1824 3738 τὴν
1858 3668 1952 3720 τοῦ

372 3758 515 3810 Θεοῦ
546 3757 825 3826 βασιλείαν
852 3760 1162 3833 διέρρηξεν,
1198 3760 1437 3823 εἰδώλοις
1463 3761 1718 3814 ἀνάπτων
1740 3760 1835 3831 τὴν
1857 3760 1954 3813 αὑ-

369 3850 455 3918 τῷ
510 3850 606 3901 καὶ
650 3850 795 3919 μόνῳ
837 3853 1297 3922 πρεπωδεστάτην
1347 3853 1511 3921 τιμήν
1543 3868 1601 3905 τε
1640 3851 1733 3905 καὶ
1772 3849 1949 3918 δόξαν,

370 3940 657 4010 ταύτῃτοι,
688 3943 780 3994 καί⁵
808 3942 953 4011 μάλα
977 3944 1220 4007 εἰκότως,
1247 3943 1637 4015 διαῤῥηγνύναι
1664 3943 1796 4006 Θεὸς
1847 3945 1951 3997 ἐπ-

374 4026 598 4094 ηπείλει
626 4028 725 4099 τὴν
759 4028 1037 4098 βασιλείαν
1077 4031 1259 4095 αὑτοῦ,
1292 4034 1403 4093 τοῖς
1448 4030 1583 4094 ἴσοις
1615 4030 1949 4095 ἀντιλυπῶν,

374 4117 519 4169 κατὰ
562 4118 625 4170 τὸ
667 4120 727 4171 ἐν
782 4119 861 4189 τῷ
906 4122 1161 4191 προφήτῃ
1210 4122 1605 4193 γεγραμμένον
1667 4110 1987 4190 Ἰεζεχιήλ·’

378 4227 399 4257 σ
438 4207 635 4272 Καθὼς
665 4210 947 4278 ἐποίησας,
981 4210 1152 4273 οὕτως
1178 4213 1331 4265 ἐσται
1357 4229 1468 4265 σοι’
1500 4212 1561 4265 τὸ
1599 4210 1953 4280 ἀνταπόδομά

372 4308 497 4351 σου,
527 4294 1017 4363 ἀνταποδοθήσεται
1049 4295 1128 4355 εἰς
1161 4294 1406 4366 κεφαλήν
1436 4311 1550 4347 σου.
1582 4312 1601 4345 ι
1647 4293 1863 4363 Ἐπειδὴ
1895 4294 1952 4347 δὲ

368 4382 593 4435 άπεὸίω
621 4382 874 4452 Σολομὼν
892 4423 906 4447 ,
938 4383 1198 4452 κέκληται
1230 4384 1364 4456 πρὸς
1407 4384 1679 4455 βασιλείαν
1709 4388 1738 4440 6
1768 4388 1827 4453 ἐξ
1855 4388 1952 4440 αὐ-

368 4471 494 4534 τοῦ,
530 4473 831 4537 τουτέστιν,
868 4474 897 4525 ὁ
936 4474 1189 4544 Ῥοϐοάμ.
1220 4475 1353 4528 Τότε
1381 4475 1465 4546 δὴ,
1488 4476 1611 4529 τότε
1625 4476 1951 4548 κατασχίζε-
1983 4483 2027 4539 D

368 4580 466 4615 ται
500 4564 684 4616 λοιπὸν
717 4565 746 4615 6
798 4565 1031 4635 Ἰσραὴλ,
1071 4567 1165 4620 καὶ
1223 4568 1559 4635 ἀποφοιτῶσι
1593 4570 1693 4638 μὲν
1732 4570 1957 4641 Ἱεροσο-

369 4652 561 4721 λύμων
587 4654 643 4705 αἱ
670 4653 802 4705 δέκα
835 4654 1033 4722 φυλαὶ,
1063 4655 1159 4707 καὶ
1189 4655 1252 4708 τὸ
1277 4655 1447 4725 ἥμισυ
1481 4657 1655 4727 φυλῆς
1694 4657 1952 4728 Ἐφραῖμ.

372 4743 807 4811 Κατελογίζοντο
862 4746 970 4816 γὰρ
1026 4747 1105 4810 εἰς
1139 4748 1267 4817 μίαν
1331 4747 1503 4819 φυλὴν
1531 4749 1581 4800 οἱ
1638 4749 1698 4813 ἐξ
1756 4750 1955 4821 Ἰωσὴφ

369 4836 663 4903 γεγονότες
691 4836 798 4888 υἱοὶ
846 4836 1087 4908 Ἐφραϊμ
1134 4856 1196 4892 τε
1226 4839 1319 4892 καὶ
1340 4839 1657 4909 Μανασσῆς,
1682 4839 1840 4893 τοῦτο
1859 4839 1955 4893 τοῦ

368 4928 723 4996 προπάτορος
773 4927 964 4981 Ἰακὼϐ
1014 4933 1237 4999 κρατεῖν
1288 4929 1664 5001 ἐθελήσαντος.
1720 4930 1951 5001 Εἴρηται

367 5018 485 5088 γάρ
502 5034 586 5070 τοι
620 5018 759 5088 πρὸς
780 5020 870 5072 τὸν
914 5021 1135 5091 Ἰωσήφ·
1172 5041 1189 5072 ι
1224 5020 1338 5074 Νῦν
1363 5017 1455 5075 οὖν
1487 5024 1535 5075 οί
1562 5022 1656 5076 δύο
1684 5022 1787 5075 υἱοί
1820 5038 1913 5074 σου
1933 5063 1950 5089 ,

367 5112 417 5163 οξ
443 5110 731 5179 γενόμενοί
754 5128 834 5163 σοι
857 5112 914 5164 ὲν
941 5112 1223 5184 Αἰγύπτῳ,
1260 5114 1367 5185 πρὸ
1391 5114 1482 5167 τοῦ
1514 5113 1688 5167 ἐλθεῖν
1719 5131 1787 5182 με
1814 5113 1950 5183 πρὸς

369 5202 435 5253 σὲ
466 5202 548 5262 εἰς
571 5200 862 5266 Αἴγυπτον,
896 5202 1017 5271 ἐμοί
1042 5205 1179 5269 εἰσι,
1224 5202 1464 5273 Ἐφραῒμ
1487 5243 1502 5265 ,
1537 5203 1632 5257 καὶ
1659 5204 1951 5272 Μανασσῆ,

366 5290 448 5352 ὡς
499 5289 594 5342 καὶ
629 5290 885 5363 Ῥουϐὴμ,
918 5294 1013 5345 καὶ
1041 5292 1286 5363 Συμεὼν,
1315 5293 1528 5346 ἔσονταί
1561 5306 1702 5363 μοι.»
1739 5293 1951 5348 Οὐκοῦν

366 5381 424 5433 αἰ
456 5378 562 5449 μὲν
586 5378 713 5432 δέκα
739 5381 905 5450 φυλαὶ
930 5382 1025 5435 καὶ
1056 5383 1118 5435 τὸ
1144 5384 1312 5453 ἥμισυ
1339 5383 1438 5452 τῆς
1468 5384 1627 5451 μιᾶς,
1667 5382 1947 5435 τουτέστιν

380 5472 648 5543 Ἐφραῖμ,
682 5471 965 5542 ἀπῲχοντο
1000 5474 1101 5544 μὲν
1133 5477 1213 5538 εἰς
1245 5473 1341 5545 τὴν
1392 5474 1724 5544 Σαμάρειαν,
1753 5471 1857 5537 ἔξω
1886 5474 1943 5526 δὲ

442 5644 551 5700 ⁸111
585 5645 718 5717 Reg.
750 5663 829 5715 ιι,
866 5649 1012 5704 140.
1087 5651 1107 5681 ⁴
1136 5649 1262 5705 ibid.
1290 5651 1474 5706 ll—l5.
1552 5652 1573 5683 '
1606 5652 1799 5709 Ezecb.
1833 5667 1928 5724 xu,
1962 5651 2045 5705 ll.

1282 292 1837 351 COMMENTARIUS
1875 292 1944 349 IN
1979 292 2205 350 OSEAM
2246 288 2689 347 PROPHETAM.

3556 286 3624 340 Η,

2050 405 2253 460 celsum
2300 404 2537 458 (lliamos
2572 400 2715 456 idolo
2756 397 2933 461 Moab,
2964 408 3015 452 et
3046 397 3171 452 Baal
3206 399 3350 453 idolo
3386 398 3622 454 filiorum

2051 497 2305 561 Ammon,
2353 504 2408 549 et
2452 496 2681 549 Astartze
2710 490 3098 544 abominationi
3134 490 3502 545 Sidoniorum.
3527 494 3626 544 At-

2050 602 2156 657 que
2189 587 2241 640 in
2275 587 2419 641 hunc
2450 585 2667 640 modum
2714 583 2863 661 fecit‘
2890 582 3156 637 universis
3196 583 3458 637 uxoribus
3509 583 3625 636 suis

2052 678 2407 747 alienigenis,
2470 691 2589 744 quae
2645 675 2932 727 adolebant
2997 674 3195 738 thura,
3261 684 3315 728 et
3374 674 3625 728 immola-

2055 775 2183 825 bant
2203 772 2305 825 diis
2325 772 2454 825 suis.
2485 771 2547 824 Et
2572 772 2739 823 iratus
2767 779 2844 823 est
2873 767 3130 822 Dominus
3157 768 3453 833 Salomoni,
3482 768 3624 837 quod

2053 865 2379 920 declinasset
2409 878 2503 917 cor
2540 876 2694 914 suum
2726 878 2753 914 a
2780 860 3007 915 Domino
3038 860 3145 913 Deo
3175 858 3363 920 lsrael,
3401 858 3493 927 qui
3530 873 3627 925 ap-

2055 962 2308 1022 paruerat
2352 954 2400 1007 ei
2456 953 2717 1015 secundo,
2778 962 2832 1005 et
2880 958 3208 1019 praeceperat
3260 949 3307 1003 ei
3356 950 3421 1003 de
3464 950 3627 1002 verbo

2054 1041 2178 1105 hoc,
2230 1051 2288 1095 ut
2330 1041 2547 1109 penitus
2596 1056 2702 1094 non
2751 1046 3068 1108 sequeretur
3123 1038 3253 1091 deos
3305 1037 3532 1099 alienos,
3571 1050 3629 1091 et.

2056 1134 2380 1196 custodiret,
2427 1147 2492 1186 ac
2536 1132 2735 1185 faceret
2778 1146 2899 1199 quae
2956 1130 3231 1183 mandavit
3279 1130 3325 1183 ei
3366 1128 3626 1185 Dominus

2059 1222 2201 1278 Deus
2220 1223 2259 1277 ³.
2302 1242 2319 1274 ι
2377 1222 2601 1277 Omnem
2631 1236 2759 1287 ergo
2782 1221 3109 1289 impietatem
3144 1220 3430 1273 commissa
3463 1234 3490 1271 a
3526 1216 3628 1272 δυ’-

2058 1316 2271 1369 lomone
2300 1315 2411 1383 jam
2451 1327 2579 1368 sene
2608 1311 2850 1365 facinora
2894 1318 3241 1380 superarunt.
3294 1309 3431 1376 Quid
3480 1308 3626 1362 enim

2061 1417 2168 1461 tam
2216 1405 2441 1460 nefariis
2493 1404 2792 1459 sceleribus
2844 1401 3127 1458 odiosius?
3189 1410 3281 1455 aut
3332 1400 3453 1468 quis
3494 1400 3629 1453 satis

2057 1498 2290 1566 explicet
2313 1511 2475 1566 quam
2511 1496 2583 1550 sit
2610 1495 2858 1564 impium,
2894 1494 3098 1546 honore
3122 1504 3177 1544 et
3205 1492 3474 1545 charitate
3499 1504 3627 1559 erga

2059 1604 2223 1642 unum
2270 1597 2325 1640 et
2359 1597 2552 1639 natura
2603 1602 2667 1640 ac
2698 1602 2823 1639 vere
2871 1586 3033 1639 Deum
3078 1593 3405 1652 contempta,
3459 1583 3629 1648 ipsius

2060 1678 2228 1732 solius
2274 1676 2650 1730 excellentiam
2714 1676 3139 1745 dignitatemque
3169 1674 3471 1728 daemonum
3508 1686 3631 1742 gre-

2061 1770 2239 1839 gibus,
2276 1770 2386 1824 imo
2444 1781 2574 1821 vero
2623 1767 2891 1835 lapidibus
2938 1777 3101 1834 atque
3141 1764 3301 1833 lignis
3349 1761 3630 1817 tribuere?

2061 1861 2322 1924 Quoniam
2374 1874 2499 1915 vero
2536 1869 2590 1913 et
2634 1859 2891 1929 cogitare,
2928 1868 2982 1912 et
3031 1857 3212 1911 facere
3260 1856 3404 1909 dictu
3457 1855 3625 1908 etiam

2063 1953 2224 2017 forda,
2273 1962 2328 2005 et
2368 1953 2501 2006 adeo
2534 1951 2781 2020 turpibus
2809 1949 3107 2003 obstrictus
3138 1947 3350 2003 delictis
3375 1960 3628 2014 comper-

2063 2053 2148 2097 tus
2207 2052 2311 2108 est,
2362 2043 2616 2110 deinceps
2664 2042 2732 2094 ab
2786 2039 3159 2094 universorum
3218 2037 3325 2092 Deo
3381 2037 3583 2091 audivit
3610 2055 3633 2090 εΔ

2069 2152 2087 2184 ‹
2118 2132 2254 2198 Quin
2310 2133 2423 2185 bzec
2477 2132 2613 2184 facta
2668 2138 2797 2184 sunt
2851 2139 3047 2191 tecum,
3109 2138 3164 2182 et
3206 2142 3309 2181 non
3343 2126 3627 2181 custodisti

2061 2232 2328 2293 prmcepta
2374 2234 2489 2274 mea
2537 2230 2592 2275 et
2640 2218 2888 2272 mandata
2922 2233 3062 2283 mea,
3090 2232 3207 2287 qua:
3229 2216 3474 2271 mandavi
3508 2216 3627 2281 tibi,

2063 2313 2299 2367 avellens
2334 2310 2556 2363 avellam
2603 2322 2828 2378 regnum
2885 2308 2953 2363 de
3000 2323 3159 2361 manu
3211 2317 3321 2360 tua.
3380 2316 3433 2361 et
3493 2307 3628 2360 dabo

2061 2402 2195 2457 illud
2248 2416 2406 2457 servo
2449 2409 2561 2455 tuo.
2606 2400 2986 2455 Verumtamen
3030 2399 3082 2451 in
3125 2396 3314 2452 diebus
3363 2396 3468 2450 tuis
3521 2410 3626 2449 non

2060 2493 2252 2548 faciam
2279 2493 2402 2555 ltoc,
2429 2500 2646 2561 propter
2676 2490 2841 2544 David
2892 2496 3098 2558 patrem
3132 2496 3302 2541 tuum.
3355 2488 3428 2541 De
3468 2501 3630 2545 manu

2063 2583 2157 2636 lilii
2197 2583 2271 2635 tui
2308 2582 2549 2635 auferam
2587 2580 2735 2634 illud.
2776 2578 3152 2633 Verumtamen
3191 2586 3358 2630 totum
3403 2591 3627 2645 regnum

2062 2688 2167 2727 non
2212 2671 2269 2736 Δ
2312 2673 2583 2735 auferam;
2634 2678 2906 2738 sceptrum
2958 2683 3120 2720 unum
3172 2666 3311 2720 dabo
3361 2665 3475 2720 ﬁlio
3513 2675 3625 2729 tuo,

2061 2774 2280 2832 propter
2340 2761 2504 2814 David
2562 2774 2776 2814 servum
2834 2773 3054 2821 meum,
3117 2770 3171 2812 et
3210 2766 3431 2826 propter
3461 2755 3624 2811 Jeru-

2060 2851 2249 2914 salem,
2312 2848 2497 2902 urbem
2543 2862 2701 2916 quam
2755 2846 2890 2915 elegi
2925 2846 2968 2897 ⁸.
3016 2864 3035 2898 ι
3086 2845 3379 2915 Postquam
3438 2847 3625 2909 enim,

2060 2952 2120 2995 ut
2168 2941 2313 3005 dixi,
2378 2952 2562 2993 amore
2620 2938 2901 2993 mulierum
2969 2938 3183 3005 victus,
3239 2941 3488 3009 quamvis
3540 2956 3628 2994 sa-

2061 3031 2429 3103 pientissimus
2487 3029 2780 3093 Salomon,
2850 3030 2939 3085 Dei
3010 3044 3264 3101 regnum,
3320 3046 3424 3100 qua
3483 3049 3618 3087 ausu

2060 3132 2115 3176 et
2162 3131 2388 3185 conatu,
2433 3130 2639 3173 tantum
2688 3135 2793 3174 non
2838 3121 3075 3187 discidit,
3125 3122 3247 3191 ipsi,
3281 3134 3335 3176 et
3365 3123 3463 3175 soli
3494 3138 3627 3177 con-

2056 3213 2521 3267 venientissimum
2587 3212 2883 3275 honorem,
2950 3222 3111 3281 atque
3179 3213 3403 3281 gloriam
3471 3213 3628 3267 idolis

2056 3315 2407 3366 conservans,
2467 3300 2693 3365 idcirco,
2734 3309 2788 3355 et
2818 3301 3038 3370 quidem
3073 3301 3394 3363 rectissime,
3429 3301 3626 3355 discis—

2056 3392 2257 3446 sumiri
2309 3406 2535 3461 regnum
2576 3390 2696 3460 ejus
2733 3390 2876 3445 Deus
2913 3392 3311 3453 comminatur,
3363 3406 3461 3459 par
3510 3393 3626 3461 pari

2058 3481 2331 3547 referens,
2388 3490 2446 3533 ut
2503 3482 2763 3550 scriptum
2812 3488 2900 3535 est
2951 3480 3004 3533 in
3057 3478 3384 3535 Ezechiele:
3424 3498 3442 3531 ι
3476 3480 3629 3535 Sicut

2055 3573 2251 3640 fecisti,
2302 3573 2382 3628 sic
2426 3573 2532 3627 erit
2582 3572 2718 3627 tibi:
2754 3572 3036 3627 retributio
3081 3582 3167 3626 tua
3217 3572 3544 3627 retribuetur
3572 3574 3625 3626 in

2054 3673 2215 3732 caput
2243 3673 2390 3718 tuum
2427 3664 2470 3719 ⁸.
2514 3682 2533 3716 ι
2598 3662 2863 3718 Defuncto
2923 3662 3254 3728 Salomone,
3310 3664 3452 3718 filios
3507 3663 3627 3732 ejus

2052 3756 2295 3811 Boboam
2332 3755 2398 3810 ad
2440 3770 2667 3826 regnum
2701 3765 2922 3809 vocatus
2943 3765 3047 3809 est.
3081 3755 3232 3809 Tunc
3264 3765 3387 3809 tunc
3421 3756 3627 3810 divisus

2052 3860 2131 3904 est
2156 3848 2342 3913 Israel,
2361 3857 2417 3903 et
2443 3848 2513 3903 ab
2535 3848 2923 3919 Hierosolymis
2944 3849 3131 3904 decem
3167 3849 3340 3904 tribus
3363 3850 3625 3904 discesse-

2052 3951 2199 4004 runt,
2230 3954 2333 3993 una
2362 3954 2483 3994 cum
2509 3939 2731 3994 dimidia
2765 3940 2931 4004 tribu,
2971 3939 3362 4009 Ephraimitica
3396 3940 3621 3995 scilicet.

2051 4030 2127 4083 Ex
2163 4029 2359 4097 Ioseph
2390 4029 2656 4097 siquidem
2712 4030 2960 4100 prognati
3007 4030 3265 4096 Ephraim
3310 4040 3365 4083 et
3411 4030 3624 4084 Manas-

2051 4135 2172 4182 ses,
2219 4120 2542 4173 auctoritate
2581 4128 2638 4172 et.
2687 4119 2962 4174 voluntate
3004 4118 3193 4181 Jacob,
3225 4121 3383 4188 primi
3430 4122 3621 4190 patris,

2053 4220 2151 4280 pro
2202 4224 2307 4263 una
2356 4211 2497 4262 tribu
2556 4208 2957 4278 reputabuntur.
2996 4210 3140 4264 Dixit
3174 4212 3316 4264 enim
3348 4211 3619 4281 Joseplto:

2058 4320 2078 4353 ι
2110 4302 2269 4356 Nunc
2314 4299 2481 4371 igitur
2520 4299 2577 4354 bi
2618 4300 2723 4354 duo
2750 4299 2847 4353 ﬁlii
2882 4300 2975 4361 tui,
3012 4301 3102 4370 qui
3133 4301 3241 4353 nati
3276 4310 3401 4355 sunt
3434 4302 3528 4355 tibi
3565 4301 3621 4355 in

2053 4388 2312 4459 (Egyplo,
2358 4400 2644 4460 antequam
2694 4389 2936 4444 venirem
2980 4393 3047 4445 ad
3101 4399 3153 4445 te
3197 4391 3251 4445 in
3303 4389 3619 4463 Aigyptum,

2059 4483 2160 4536 mei
2216 4492 2379 4546 sunt,
2432 4482 2690 4551 prraim
2729 4490 2785 4537 et
2820 4481 3287 4549 Ilanasses;sieut
3326 4483 3513 4539 Ruben
3567 4493 3625 4538 et

2057 4573 2291 4643 Symeon
2339 4573 2733 4641 reputabuntur
2774 4572 2903 4626 mihi
2930 4572 2972 4624 ⁸.
2998 4589 3018 4624 ι
3062 4572 3248 4639 Itaque
3296 4571 3478 4626 decem
3524 4574 3624 4625 tri-

2056 4664 2176 4723 bus,
2217 4670 2273 4715 et
2303 4662 2461 4716 unius
2499 4662 2802 4726 dimidium,
2847 4662 2950 4716 hoc
2977 4670 3083 4728 est,
3119 4659 3396 4730 Ephraim,
3430 4660 3483 4713 in
3516 4660 3623 4714 Sa-

2056 4751 2283 4804 mariam
2332 4760 2739 4815 concesserunt,
2795 4751 3041 4806 alienatas
3082 4766 3113 4804 a
3155 4764 3321 4820 regno
3355 4750 3618 4806 Roboam.

2057 4841 2367 4895 Manserunt
2407 4852 2587 4896 autem
2628 4841 3016 4911 Hierosolymis
3068 4841 3157 4910 qui
3214 4841 3269 4895 in
3303 4843 3444 4897 tribu
3481 4842 3618 4898 Juda

2054 4940 2120 4985 et-
2154 4930 2435 5000 Bettjamin
2474 4931 2914 4984 nutrierabantur.
2950 4930 3050 4984 Ast
3099 4946 3224 4999 rege
3270 4941 3327 4987 et
3355 4932 3490 4987 duce
3518 4934 3631 5009 deo.

2053 5022 2226 5076 stituti
2266 5021 2356 5090 qui
2390 5030 2547 5074 erant
2591 5019 2645 5073 in
2693 5018 2965 5087 Samaria,
3005 5036 3127 5075 cum
3164 5020 3499 5077 Roboatnum
3551 5026 3618 5078 de

2056 5111 2456 5166 incursionibus
2488 5118 2795 5178 suspectum
2824 5111 3105 5177 baberent,
3133 5122 3188 5166 et
3212 5128 3333 5167 cum
3357 5114 3619 5168 uxoribus

2051 5200 2347 5268 liberisque
2387 5201 2614 5255 exitium
2648 5213 3049 5269 exspectarent,
3085 5203 3371 5259 Jeroboam
3402 5218 3615 5259 servum

2052 5292 2380 5357 Salomonis,
2431 5293 2524 5363 qui
2574 5294 2626 5347 in
2675 5293 2968 5367 Egyptum
3015 5297 3083 5349 ad
3124 5296 3372 5350 Snsacim
3433 5308 3612 5363 regem

2050 5383 2380 5452 perlugerat,
2433 5384 2781 5449 accersitum,
2823 5388 3005 5440 statim
3053 5386 3347 5456 principem
3394 5397 3617 5440 creave-

2052 5484 2198 5538 runt,
2223 5484 2279 5528 et
2307 5475 2456 5542 regni
2502 5485 2716 5546 sceptro
2762 5478 3039 5535 hominem
3083 5478 3369 5536 scelesmm
3410 5475 3611 5532 conde-

2125 5653 2143 5682 ⁶
2170 5652 2307 5709 Gen.
2342 5667 2527 5720 xmn,
2559 5654 2611 5707 5.
