4002 6220
388 322 460 379 13
1406 329 1463 384 S.
1504 328 1779 385 CYRILLI
1818 329 2289 387 ALEXANDRINI
2328 332 2649 391 ARCHIEP.
3567 346 3636 395 ΗΞ

390 436 713 493 eorarunt'.
755 436 885 490 Erat
934 446 1113 492 autem
1167 437 1455 493 Jeroboam
1513 441 1580 495 de
1641 450 1842 509 monte,
1905 460 1941 496 ο

2064 446 2162 516 τῆς
2189 447 2427 519 Ῥοϐοάμ
2457 450 2713 517 γεγόνασι
2754 450 3050 519 βασιλείας,
3092 452 3547 523 ἀπομεμενήκασι
3579 454 3635 509 δὲ

388 528 530 581 tribu
586 527 863 597 Epltraim.
913 528 1026 583 Rex
1084 532 1412 585 constitutus
1441 533 1505 586 de
1538 541 1732 587 caetero
1771 548 1955 587 secum

2066 540 2123 589 ὲν
2154 540 2264 601 τοῖς
2313 540 2708 611 Ἰεροσολύμοις
2736 545 2783 594 οἱ
2807 545 2871 595 ὲκ
2903 544 3072 612 φυλῆς
3114 544 3302 607 Ἰούδα,
3334 546 3428 597 καὶ
3459 546 3637 598 Βενια-

386 622 758 686 pertractavit,
797 638 1029 690 quonam
1061 623 1218 677 modo
1253 638 1477 694 regnum
1507 640 1661 678 suum
1691 626 1934 680 stabilire

2066 628 2178 698 μίν.
2225 631 2441 701 Ἐπειδὴ
2487 632 2543 684 δὲ
2591 632 2932 686 ἁϐασίλευτοί
2972 652 3029 687 τε
3096 636 3189 688 καὶ
3234 637 3637 709 ἀστρατήγητοι

384 718 544 779 atque
563 710 818 765 conlirma
830 722 929 778 ret,
950 724 1002 767 et
1018 728 1207 768 eorum
1232 716 1399 783 quise
1420 715 1693 785 elegerant
1710 716 1955 771 voluntas

386 804 452 853 ad
486 801 629 854 aliud
674 800 958 857 consilium
993 807 1379 872 capessendum
1422 820 1489 859 ne
1524 816 1951 861 converteretur.

381 886 583 942 Deinde
607 903 726 942 cum
754 890 984 955 timeret,
1016 906 1083 945 ne
1108 892 1245 946 forte
1266 892 1584 961 religionum
1612 908 1642 946 a
1668 893 1782 961 lege
1820 910 1955 962 pra:-

380 980 579 1048 scripta
592 997 730 1043 rum,
756 992 811 1035 et
828 980 1085 1037 festorum
1105 999 1221 1052 quae
1238 983 1623 1052 Hierosolymis
1639 999 1952 1054 perageren-

380 1082 469 1125 tur
494 1074 806 1128 recordatus
833 1076 996 1129 lsracl
1017 1117 1031 1140 ,
1054 1077 1117 1127 ad
1147 1085 1322 1129 vetera
1347 1076 1591 1129 instituta
1623 1089 1947 1144 recurreret,

380 1161 430 1231 5
444 1174 495 1215 et
514 1162 905 1235 Boboamiingo
922 1166 984 1219 de
998 1166 1203 1234 integro
1215 1165 1591 1232 subiiceretur,
1609 1167 1741 1221 duos
1755 1168 1949 1223 vitulos

378 1271 569 1311 aureos
590 1258 883 1311 fabricatus
929 1257 1431 1320 cst,etaddivinum
1472 1257 1673 1311 cultum
1707 1260 1949 1314 inexct-l-

377 1364 494 1401 sum
514 1350 800 1401 ascendere
834 1347 1082 1402 lsraelcm
1100 1347 1428 1413 facicngeos
1460 1349 1709 1415 precibus
1728 1350 1948 1405 etvicti-

376 1436 480 1491 mis
506 1438 745 1490 venerari
779 1438 1089 1505 suppliciter
1113 1438 1295 1505 jussit.
1320 1457 1337 1489 ι
1378 1437 1441 1489 Ει
1476 1438 1675 1506 posuit,
1702 1457 1719 1488 ι
1755 1440 1944 1507 inquit,

380 1548 398 1577 ε
424 1543 587 1579 nuttm
606 1529 818 1596 quidem
854 1528 906 1581 in
939 1528 1179 1597 Galgala,
1210 1529 1372 1581 alium
1420 1528 1470 1581 in
1507 1528 1637 1591 Dan,
1676 1548 1693 1577 ι
1724 1531 1945 1585 urbibus

376 1623 429 1693 in
474 1620 859 1676 Samaritarnm
914 1624 1189 1692 provincia
1272 1633 1395 1677 ante
1445 1623 1577 1677 alias
1622 1623 1941 1680 illustribus.

372 1711 556 1781 Itaque
579 1714 763 1768 decem
798 1716 987 1779 tribus,
1020 1723 1073 1767 et
1105 1715 1321 1768 dimidia
1347 1714 1518 1767 tribus
1558 1714 1811 1783 Ephraim
1846 1718 1943 1770 du-

2065 721 2319 792 μένοντες
2375 724 2424 775 οἰ
2455 725 2512 776 ὲν
2562 725 2846 796 Σαμαρείᾳ
2888 726 2987 788 τὰς
3028 727 3092 777 ἐκ
3124 728 3218 778 τοῦ
3258 726 3493 797 Ῥοϐοάμ
3536 730 3637 796 ὲφ-

2062 813 2209 875 όδους
2233 814 2570 876 ἐπώπτευον,
2597 816 2689 867 καὶ
2719 817 2943 879 ἑαυτοὺς
2964 818 3026 885 δὴ
3062 818 3203 887 μάλα
3228 820 3337 880 τοῖς
3361 818 3443 885 φι)
3454 818 3635 882 τάτοις

2062 902 2461 958 συνδιόλλυσοαι
2501 905 2876 975 προσεδόκων,
2915 907 3361 975 μεταπέμπονται
3393 907 3481 958 τὸν
3530 908 3631 958 Ἰε-

2062 996 2285 1066 ροὸοάμ.
2326 998 2555 1067 Οἰκέτης
2584 997 2638 1049 δὲ
2665 992 2819 1059 οὗτος
2874 993 2942 1067 ἦν
2973 997 3334 1067 Σολομῶντος,
3393 997 3632 1067 ἀποδρὰς

2058 1089 2137 1148 εἰς
2184 1088 2457 1156 Αἴγυπτον
2486 1089 2622 1159 πρὸς
2669 1090 2979 1159 Σουσακεὶμ
3019 1089 3259 1159 βασιλέα.
3292 1090 3399 1141 Καὶ
3434 1090 3497 1160 δὴ
3538 1089 3632 1142 καὶ

2057 1179 2276 1231 ἐλθόντα
2310 1181 2818 1250 κεχειροτονήκασιν
2864 1180 3027 1242 εὐθὺς
3066 1182 3145 1244 είς
3171 1181 3492 1249 ἡγούμενον,
3536 1180 3633 1232 καὶ

2060 1271 2323 1341 σκήπτρῳ
2363 1272 2460 1338 τῆς
2512 1271 2787 1339 βασιλείας
2836 1273 3165 1342 τετιμήκασι
3212 1272 3301 1324 τὸν
3330 1270 3626 1339 ἀλιτήριον.

2055 1361 2165 1413 Καὶ
2218 1357 2284 1430 ἦν
2338 1362 2623 1432 Ἰεροϐοὰμ
2688 1361 2747 1425 ἐξ
2792 1362 2950 1433 ὅρους
3024 1362 3117 1413 καὶ
3159 1361 3329 1429 φυλῆς
3371 1361 3627 1429 Ἑφραῖμ.

2068 1452 2285 1522 Ἐπειδὴ
2332 1453 2387 1504 δὲ
2454 1454 2863 1524 κεχειροτόνητο
2917 1452 3203 1522 βασιλεὺς,
3260 1452 3632 1531 ἐξεμηχανᾶτο

2053 1543 2259 1607 λοιπὸν,
2295 1544 2417 1598 τίνα
2439 1545 2638 1614 τρόπον
2665 1545 2812 1613 αὐτῷ
2834 1544 2902 1596 τά
2932 1545 3028 1613 τῆς
3054 1544 3325 1613 βασιλείας
3351 1545 3627 1612 στήσεται,

2054 1635 2146 1687 καὶ
2182 1636 2239 1689 ὲν
2276 1635 2477 1706 βεϐαίῳ
2520 1638 2690 1705 μενεῖ,
2718 1637 2811 1689 καὶ
2838 1636 2948 1688 τῶν
2974 1634 3463 1705 χειροτονησάντων
3491 1633 3630 1702 γνὼ-

2056 1742 2162 1794 μης
2193 1727 2253 1778 ού
2285 1725 2683 1795 μεθισταμένης
2716 1729 2793 1787 είς
2822 1726 3015 1796 ἑτέραν
3043 1727 3166 1778 τινὰ
3207 1725 3403 1794 βουλήν
3437 1742 3495 1777 τε
3536 1725 3630 1777 καὶ

372 1806 582 1874 pliciter
622 1806 953 1860 deiecerunt.
1012 1804 1125 1859 Non
1199 1806 1368 1861 solum
1410 1808 1555 1861 enim
1603 1808 1670 1860 ab
1701 1807 1941 1861 llieroso—

2052 1814 2261 1883 σκέψιν.
2312 1813 2443 1868 Εἶτα
2493 1815 2675 1879 δεδιὼς
2710 1817 2783 1887 μὴ
2816 1817 2923 1886 ἄρα
2966 1834 3082 1878 πως
3109 1817 3207 1886 τῆς
3238 1818 3296 1867 ἐν
3345 1816 3494 1886 νόμῳ
3537 1815 3631 1867 λα-

375 1896 552 1966 lymis,
590 1895 680 1949 sed
700 1896 862 1950 etiam
896 1897 960 1950 ab
980 1896 1094 1965 ipsa
1110 1896 1310 1966 pietate
1334 1911 1455 1967 erga
1478 1898 1645 1953 Deum
1678 1908 1949 1953 transver-

374 1984 473 2039 sim
498 1986 764 2050 abierunt,
812 1988 1008 2041 vitulos
1055 2002 1247 2042 aureos
1289 1988 1593 2056 adorantes,
1643 1990 1949 2043 sacrifican-

373 2088 580 2145 tesque,
618 2087 676 2130 et
722 2079 977 2146 operibus
1040 2095 1295 2133 manuum
1370 2096 1588 2134 suarum
1629 2081 1945 2143 servientes,

370 2173 509 2225 sicut
554 2174 810 2237 scriptum
842 2180 923 2226 est
947 2174 989 2241 δ.
1024 2172 1124 2239 Qui
1156 2182 1331 2227 autem
1366 2172 1713 2244 Jerosolymis
1737 2188 1949 2228 reman—

374 2274 579 2325 setant,
626 2262 813 2328 Judas,
874 2266 1113 2333 inquam,
1143 2275 1197 2320 et
1232 2264 1542 2334 Beniamin,
1586 2267 1803 2319 oracula
1835 2265 1948 2317 Mo-

370 2353 446 2407 sis
485 2353 715 2421 quadam
764 2356 1112 2407 veneratione
1175 2355 1657 2422 prosequebantur,
1708 2355 1943 2409 illorum-

369 2459 470 2512 que
544 2444 810 2499 rationem
880 2444 1169 2497 ducebant.
1239 2442 1626 2498 Sacriﬁcabant
1698 2445 1840 2499 enim
1892 2446 1943 2498 in

361 2535 604 2605 templo:
656 2544 1024 2588 verumtamen
1077 2534 1324 2588 cbaritati
1378 2535 1434 2589 in
1479 2535 1648 2590 Deum
1699 2551 1805 2590 non
1851 2551 1945 2604 per

366 2630 547 2681 munia
575 2626 941 2689 adlucrebant,
961 2626 1103 2694 quod
1132 2638 1186 2680 et
1215 2626 1360 2697 ipsos
1393 2630 1681 2697 apostasis,
1717 2643 1813 2683 seu
1846 2627 1943 2682 de»

366 2718 528 2774 fectio
574 2718 849 2773 diviserat.
886 2717 1274 2773 Saeriiicabant
1314 2735 1543 2788 namque
1581 2720 1737 2774 idolis
1780 2734 1945 2789 super

365 2826 580 2866 omnem
620 2812 811 2865 collem
851 2809 1155 2877 sublimem,
1199 2820 1253 2865 et
1292 2812 1393 2865 sub
1444 2811 1592 2864 omni
1626 2811 1767 2879 ligno
1791 2810 1940 2864 fron-

366 2902 519 2964 doso,
560 2900 712 2968 juxta
778 2916 963 2955 vocem
1011 2901 1286 2970 propheta:
1316 2902 1357 2955 ⁸.
1400 2902 1533 2953 Cum
1580 2900 1742 2969 igitur
1786 2901 1940 2954 audis

363 3000 579 3047 nanctos
607 2991 902 3063 prophetas
930 2993 1270 3046 nominantes
1305 2991 1488 3057 Israel,
1521 2991 1632 3046 sive
1663 2992 1936 3060 prraim,

363 3083 658 3139 Samaritas
712 3083 992 3152 intellige;
1051 3098 1176 3138 eum
1212 3146 1218 3151 _
1250 3082 1441 3138 Judam
1508 3092 1560 3136 et
1622 3081 1933 3149 Beniamin,

2057 1906 2263 1977 τρείας,
2322 1908 2412 1960 καί¹
2447 1908 2551 1960 τῶν
2584 1911 2640 1961 ὲν
2673 1912 2783 1971 τοῖς
2827 1908 3221 1979 Ἰεροσολύμοις
3276 1909 3630 1979 ἐπιτελουμέ-

2059 2016 2164 2051 νων
2222 1998 2426 2068 ἑορτῶν
2488 2000 2568 2061 εἰς
2638 2000 2942 2069 ἀνάμνησιν
3004 1998 3241 2068 ἐνεχθεὶς
3292 2000 3321 2051 ὁ
3379 2001 3625 2069 Ἰσραὴλ,
3672 2044 3675 2047 η

2058 2089 2446 2160 παλινδρομεῖν
2497 2090 2673 2143 ἓλοιτο
2730 2093 2808 2152 είς
2846 2090 2906 2142 τὸ
2965 2091 3022 2141 ὲν
3072 2092 3308 2161 ἀρχαῖς,
3380 2090 3474 2142 καὶ
3518 2093 3631 2153 τοῖς

2067 2180 2305 2250 Ῥοϐοάμ
2372 2180 2691 2250 ύπενεχθείη
2739 2181 2959 2247 ζυγοῖς,
3005 2178 3097 2232 δύο
3140 2179 3401 2249 δαμάλεις
3459 2180 3627 2249 ἐργά-

2056 2272 2210 2334 ζεται
2280 2276 2519 2340 χρυσᾶς,
2570 2274 2661 2324 καὶ
2719 2272 2853 2342 πρὸς
2924 2271 2984 2323 τὸ
3052 2270 3215 2332 σέϐας
3288 2270 3629 2333 ἀναϐιϐάζων

2055 2361 2145 2414 τὸν
2189 2362 2421 2431 Ἰσραήλ,
2454 2362 2673 2414 ἐκέλευε
2700 2364 3023 2433 προσκυνεῖν
3051 2362 3240 2424 αὑταῖς
3276 2361 3369 2413 καὶ
3404 2360 3628 2413 ὁλοκαυο

2052 2452 2195 2505 τοῦν.
2238 2472 2256 2504 ι
2293 2454 2402 2505 Kal
2432 2454 2681 2513 ἀπέθετο,
2718 2472 2735 2503 ι
2764 2454 2916 2523 φησι,
2950 2470 2967 2502 ι
2998 2453 3095 2521 τὴν
3128 2453 3226 2522 μὲν
3248 2454 3327 2513 εἰς
3355 2451 3625 2519 Γάλγαλα,

2052 2541 2149 2610 τὴν
2180 2542 2234 2594 δὲ
2260 2544 2339 2604 είς
2370 2542 2495 2594 Δάν.
2536 2560 2553 2590 ι
2594 2542 2782 2606 Πόλεις
2828 2543 2936 2613 γάρ
2970 2538 3128 2595 αῦται
3167 2542 3626 2612 περιφανέστεραι

2052 2632 2159 2684 τῶν
2189 2631 2381 2695 ἄλλων,
2419 2633 2475 2684 αἳ
2519 2629 2656 2704 ἦσαν
2699 2636 2757 2687 ὲν
2808 2633 2959 2704 χώρᾳ
3000 2634 3372 2703 Σαμαρειτῶν.
3418 2632 3627 2686 Οὐκοῦν

2050 2719 2200 2789 διττὴ
2227 2722 2414 2789 γέγονε
2440 2722 2549 2774 τῶν
2576 2722 2706 2774 δέκα
2752 2723 2933 2791 φυλῶν
2976 2725 3008 2793 ἡ
3052 2724 3371 2786 ἀπόστασις,
3399 2725 3493 2776 καὶ
3530 2724 3621 2775 τοῦ

2050 2812 2281 2881 ἡμίσους
2312 2813 2482 2882 φυλῆς
2522 2814 2780 2883 Ἐφραῖμ.
2830 2813 3121 2883 Ἐξῴχοντο
3148 2812 3275 2883 γὰρ,
3308 2814 3428 2883 οὐχὶ
3466 2814 3625 2884 μόνον

2048 2907 2155 2956 τῶν
2194 2903 2599 2976 Ἰεροσολύμων,
2630 2903 2764 2957 ἀλλὰ
2798 2904 2887 2957 καὶ
2928 2905 3096 2975 αὐτῆς
3130 2905 3228 2973 τῆς
3260 2905 3339 2967 εἰς
3370 2904 3501 2957 Θεὸν
3532 2905 3622 2957 εὐ-

2050 2995 2285 3059 σεϐείας,
2333 2995 2596 3065 δαμάλεσι
2632 2996 3059 3068 προσκυνοῦντες
3107 3001 3357 3068 χρυσαῖς,
3402 2998 3622 3063 θύοντές

2046 3103 2105 3138 τε
2157 3087 2249 3139 καὶ
2290 3086 2642 3158 λατρεύοντες
2681 3090 2792 3150 τοῖς
2847 3087 3027 3158 ἔργοις
3049 3088 3157 3141 τῶν
3181 3089 3379 3161 χειρῶν
3422 3090 3619 3155 αὐτῶν,

360 3191 456 3230 eos
520 3177 612 3245 qui
676 3174 1031 3244 Jerosolymis
1090 3185 1489 3229 remansi-runt.
1538 3175 1705 3228 Erant
1756 3185 1935 3229 autem

2048 3176 2189 3229 καθὰ
2217 3180 2546 3247 γέγραπται.
2593 3180 2654 3230 Οἱ
2697 3178 2753 3230 δέ
2804 3195 2866 3245 γε
2900 3180 3383 3249 ἀπομεμενηκότες
3424 3180 3481 3233 ἐν
3512 3181 3623 3243 τοῖς

360 3267 636 3337 prophetae
669 3267 812 3336 apud
853 3281 968 3331 eos,
1010 3267 1303 3321 indiscrete
1355 3274 1465 3319 tum
1509 3267 1577 3321 de.
1624 3266 1691 3322 iis
1738 3267 1832 3337 qui
1881 3269 1936 3321 in

360 3358 621 3424 Samaria,
661 3368 771 3413 tum
815 3359 881 3413 de
913 3359 975 3414 iis
1022 3358 1115 3429 qui
1142 3358 1491 3430 Jerosolymis
1536 3359 1932 3414 vaticinantes:

359 3465 588 3520 quorum
609 3452 1092 3523 aliiJerosolymis,
1152 3452 1243 3505 alii
1296 3452 1348 3505 in
1419 3451 1813 3506 Samaritarum
1852 3468 1937 3507 re-

359 3544 516 3615 gione
545 3546 869 3610 habitantes,
904 3546 996 3599 Dei
1022 3559 1298 3599 sermones
1328 3544 1672 3599 audientibus
1694 3555 1939 3614 apporta-

359 3637 510 3691 bant.
545 3637 837 3692 Sciendum
859 3645 1060 3698 autem,
1094 3645 1215 3705 post
1240 3637 1454 3691 avulsas
1481 3638 1662 3690 decem
1692 3637 1862 3691 tribus
1883 3646 1938 3690 et

362 3728 641 3784 dimidiam
690 3730 885 3782 tribum
926 3725 1640 3796 EphraimabJerosolymis
1681 3734 1937 3794 utrosque

359 3800 590 3890 propriis
648 3820 861 3891 regibus
926 3833 1049 3873 esse
1107 3832 1252 3883 usos,
1323 3816 1485 3886 idque
1546 3817 1612 3871 ad
1688 3816 1936 3871 ultimam

359 3927 528 3982 usque
579 3912 945 3983 captivitatem
989 3910 1239 3974 obtinuit,
1270 3925 1300 3963 a
1332 3925 1439 3979 qua
1467 3919 1521 3965 et
1540 3908 1932 3980 Jerosolymam

358 4004 499 4075 Cyro
525 4013 802 4073 regnante,
838 4014 892 4058 et
916 4003 1147 4057 reditum
1200 4002 1304 4055 illis
1355 4000 1698 4072 permittente
1732 4003 1934 4057 reversi

360 4105 508 4161 sunt,
568 4095 717 4149 duce
751 4110 815 4149 ac
852 4093 1096 4164 principe
1128 4091 1459 4148 Zorobabele
1497 4091 1802 4149 Salathielis
1829 4092 1936 4148 tilio

358 4187 581 4243 detribu
610 4185 768 4250 Juda,
798 4195 854 4240 et
901 4200 1116 4240 summo
1159 4183 1450 4240 sacerdote
1488 4182 1615 4237 Jesu
1647 4183 1755 4237 tilio
1782 4184 1939 4239 Jose-

358 4277 458 4332 dee
488 4278 553 4329 ‘°..
596 4276 763 4330 Tum.
794 4292 1008 4347 quoque
1067 4277 1325 4347 templum
1408 4275 1823 4338 reaeditlcaruut,
1880 4284 1936 4330 et

358 4370 503 4424 omni
522 4370 727 4424 sublata
754 4368 1045 4430 discordia,
1078 4371 1179 4422 sub
1210 4384 1318 4423 uno
1341 4365 1936 4436 imperioJerosolymis

357 4461 629 4516 vixerunt.
648 4460 868 4527 Quoties
898 4469 1076 4514 autem
1113 4458 1346 4515 diversis
1384 4457 1715 4527 temporibus
1738 4457 1791 4511 in
1821 4472 1935 4511 ser-

2051 3268 2460 3339 Ἰεροσολύμοις,
2506 3268 2705 3331 Ἰούδας
2736 3285 2816 3334 τε,
2846 3269 3012 3338 φημὶ,
3046 3270 3139 3322 καὶ
3183 3270 3459 3340 Βενιαμὶν,
3487 3268 3620 3323 αἰδὼ

2040 3359 2139 3429 μέν
2179 3376 2299 3412 τινα
2343 3360 2437 3413 καὶ
2483 3358 2638 3428 λόγον
2666 3359 2776 3413 τῶν
2805 3360 2891 3413 διά
2932 3360 3174 3424 Μωσέως
3218 3361 3496 3413 ἐποιοῦντο
3526 3361 3617 3413 Θε-

2039 3453 2383 3521 σπισμάτων.
2417 3451 2613 3505 Ἔθυον
2654 3452 2761 3523 γὰρ
2794 3454 2853 3504 ὲν
2895 3451 2972 3522 τῷ
3011 3453 3157 3522 ναῷο
3203 3452 3464 3523 πλὴνοούχ
3495 3453 3616 3506 ὁλο-

2035 3545 2251 3614 τρόπως
2291 3544 2391 3615 τῆς
2442 3547 2521 3609 εἰς
2554 3545 2687 3599 Θεὸν
2732 3546 2952 3616 ἀγάπης
3000 3546 3285 3617 ὲξείχοντο,
3321 3538 3617 3620 κατεμερί-

2037 3636 2190 3701 ζοντο
2245 3638 2302 3691 δὲ
2354 3640 2446 3692 καὶ
2493 3640 2651 3693 αὐτοὶ
2698 3640 2835 3710 πρὸς
2883 3639 3204 3694 ἀπόστασιν.
3257 3640 3454 3693 Ἔθυον
3506 3641 3617 3712 γάρ

2037 3728 2276 3791 εἰδώλοις
2326 3730 2419 3782 ἐπὶ
2468 3732 2649 3783 πάντα
2703 3731 2890 3801 βουνὸν
2940 3730 3159 3801 ὑψηλὸν,
3214 3731 3307 3784 καὶ
3360 3732 3618 3786 ὑποκάτω

2038 3820 2238 3881 παντὸς
2266 3819 2421 3883 ξύλου
2449 3819 2739 3883 ἀλσώδους,
2780 3822 2920 3873 κατά
2945 3820 3041 3891 τὴν
3066 3819 3159 3873 τοῦ
3191 3824 3470 3892 προφήτου
3498 3840 3613 3891 φω-

2036 3908 2153 3977 νήν.
2204 3909 2373 3962 Ὅταν
2434 3910 2609 3962 τοίνυν
2672 3910 2878 3983 ἀκούῃς
2929 3910 3037 3964 τῶν
3088 3912 3258 3980 ἁγίων
3321 3915 3616 3984 προφητῶν

2036 3998 2407 4068 ὀνομαζόντων
2437 4000 2527 4053 τὸν
2570 4001 2806 4072 Ἰσραὴλ,
2834 4003 2952 4072 ἦτοι
2980 4000 3069 4055 τὸν
3107 4003 3365 4074 Ἐφραῖμ,
3398 4006 3516 4057 τότε
3549 4005 3612 4073 δή

2041 4106 2129 4158 μοι
2162 4090 2270 4142 νόει
2303 4092 2427 4154 τοὺς
2470 4092 2527 4144 ὲν
2566 4094 2633 4162 τῇ
2676 4092 2981 4163 Σαμαρείᾳ·
3033 4093 3159 4144 ὃταν
3196 4093 3252 4144 δὲ
3288 4092 3379 4144 τὸν
3416 4091 3613 4145 Ἰούδαν

2037 4181 2132 4234 καὶ
2162 4182 2441 4252 Βενιαμὶν,
2485 4183 2614 4246 τοὺς
2647 4184 3051 4253 ἀπομείναντας
3095 4184 3153 4234 ἐν
3202 4180 3608 4252 Ἱεροσολύμοις.

2037 4268 2218 4326 *Ησαν
2248 4274 2303 4326 δὲ
2340 4275 2616 4345 προφῆται
2647 4274 2776 4343 παρ’
2816 4273 3019 4335 αὐτοῖς,
3052 4272 3379 4342 ἀδιακρίτως
3403 4272 3530 4342 περί
3552 4290 3611 4325 τε

2036 4365 2144 4417 τῶν
2169 4365 2227 4418 ὲν
2268 4367 2334 4435 τῇ
2376 4364 2659 4435 Σαμαρείᾳ
2704 4365 2796 4417 καὶ
2836 4363 2944 4416 τῶν
2977 4365 3033 4415 ὲν
3071 4364 3183 4424 τοῖς
3221 4362 3613 4434 Ἰεροσολύμοις

2040 4455 2493 4526 προφητεύοντες.
2522 4454 2631 4507 Καὶ
2657 4455 2705 4506 οἰ
2746 4454 2843 4525 μὲν
2874 4456 2930 4507 ὲν
2959 4456 3071 4517 τοῖς
3116 4453 3528 4524 Ἰεροσολύμοις,
3560 4457 3612 4509 οἰ

356 4555 583 4609 mutem
648 4553 846 4607 redacu
875 4552 1240 4606 sintseorsum
1258 4550 1444 4605 decem
1471 4549 1665 4613 tribus,
1696 4558 1752 4604 et
1773 4547 1937 4604 dimi-

2048 4547 2096 4601 δὲ
2141 4548 2241 4619 τὴν
2300 4546 2654 4619 Σαμαρειτῶν
2700 4547 2975 4610 οἰκοῦντες
3014 4545 3231 4617 χώραν,
3286 4547 3411 4609 τοὺς
3464 4548 3613 4617 παρά

361 4644 445 4696 dia
497 4643 667 4697 tribus
728 4642 1000 4711 Ephraim,
1052 4650 1105 4695 et
1137 4640 1227 4709 qui
1257 4638 1563 4695 incolebant
1610 4637 1930 4706 Jerusalem,

357 4732 519 4797 Juda,
548 4743 605 4787 et
632 4732 934 4801 Beniamin,
957 4749 1021 4787 ex
1037 4732 1120 4787 his
1144 4746 1265 4801 quat
1285 4740 1589 4802 sequuntur
1606 4730 1813 4801 liquido
1839 4745 1934 4799 pa-

360 4824 513 4879 tebit.
545 4824 779 4881 Necesse
804 4840 967 4895 porro
984 4824 1085 4878 fuit
1113 4824 1277 4879 etiam
1302 4832 1545 4894 tempora
1560 4823 1755 4881 litteris
1776 4838 1932 4877 man-

359 4915 496 4979 dari,
521 4915 722 4985 quibus
738 4915 1110 4986 unusquisque
1136 4922 1446 4969 sanctorum
1462 4915 1518 4984 6
1544 4914 1933 4984 prophetarum

358 5007 571 5061 loeutus
598 5016 699 5072 est,
727 5017 788 5060 ut
813 5017 1002 5062 exacte
1034 5020 1400 5071 nosceremus,
1427 5005 1574 5076 quali
1606 5019 1786 5059 rerum
1815 5014 1927 5059 sta-

361 5108 439 5161 tu,
463 5106 518 5153 et
540 5113 777 5168 quonam
822 5098 988 5155 modo
1026 5098 1092 5153 iis
1136 5097 1479 5165 habentibus,
1531 5096 1627 5153 Dei
1667 5096 1828 5152 verba
1857 5094 1927 5149 ad

361 5206 456 5247 eos
486 5190 626 5245 facta
651 5190 779 5245 sint.

2040 4638 2175 4691 Θεοῦ
2201 4640 2311 4702 τοῖς
2341 4636 2709 4709 ἀκροωμένοις
2733 4636 3034 4706 διεκόμιζον
3066 4636 3276 4704 λόγους.
3316 4637 3509 4690 ’ἰστέον
3531 4637 3608 4703 δὲ,

2038 4731 2119 4784 ὅτι
2150 4728 2285 4800 μετὰ
2308 4729 2366 4783 τὸ
2393 4728 2771 4800 ἀπορραγῆναι
2798 4728 2907 4781 τῶν
2949 4727 3334 4799 Ἰεροσολύμων
3358 4728 3455 4792 τὰς
3479 4728 3613 4781 δέκα

2038 4821 2231 4892 φυλὰς,
2266 4821 2359 4873 καὶ
2387 4819 2448 4872 τὸ
2476 4820 2644 4889 ἥμισυ
2675 4818 2845 4891 φυλῆς
2901 4818 3161 4891 Ἐφραῒμ,
3195 4819 3344 4881 ἰδίοις
3372 4818 3611 4889 ἐχρῶντο

2040 4910 2319 4984 βασιλεῦσι
2344 4910 2438 4964 καὶ
2466 4910 2515 4963 οἰ
2546 4911 2603 4963 ὲν
2630 4912 2697 4981 τῇ
2725 4910 3032 4983 Σαμαρείᾳ,
3059 4911 3154 4965 καὶ
3182 4911 3248 4969 οἱ,
3273 4912 3330 4964 ὲν
3353 4913 3466 4974 τοῖς
3510 4910 3610 4963 Ἰε-

2039 5001 2225 5075 ροσολύ
2235 5018 2375 5072 μοις.
2422 5001 2534 5053 Καὶ
2569 4999 2727 5053 τοῦτο
2756 5001 3095 5073 κεκράτηκεν
3128 5000 3255 5069 ἄχρι
3284 4998 3479 5068 καιροῦ
3508 4997 3611 5067 τῆς

2035 5092 2349 5154 τελευταίας
2404 5090 2815 5162 αἰχμαλωσίας,
2858 5093 2947 5145 ὅτε
2998 5091 3092 5145 καὶ
3133 5088 3502 5157 ὑπενόστησαν
3547 5088 3608 5143 ὲν

2045 5182 2474 5255 Ἰεροσολύμοις,
2522 5184 2707 5255 Κύρου
2752 5184 3183 5255 κεκρατηκότος,
3236 5180 3330 5233 καὶ
3387 5181 3607 5245 ἀνέντος

363 5282 544 5344 αὐτοῖς
570 5280 670 5350 τὴν
697 5279 1030 5351 ἀποδρομὴν,
1058 5276 1467 5348 καθηγουμένου
1504 5276 1601 5347 μὲν
1630 5274 1930 5347 Ζοροϐάϐελ
1967 5273 2061 5327 τοῦ
2129 5272 2419 5343 Σαλαθιήλ,
2488 5273 2546 5337 ὃς
2582 5270 2651 5344 ἦν
2693 5274 2758 5326 ὲκ
2802 5273 2975 5343 φυλῆς
3021 5270 3208 5337 Ἰούδα,
3242 5270 3611 5341 ἰερατεύοντος

363 5373 421 5426 δὲ
466 5371 637 5442 Ἰησοῦ
668 5370 763 5426 τοῦ
810 5370 1072 5425 Ἰωσεδὲκ.
1121 5369 1255 5422 Τότε
1304 5369 1398 5421 καὶ
1440 5368 1530 5421 τὸν
1567 5367 1695 5422 ναὸν
1754 5366 2122 5438 ἀνεδείμαντο,
2192 5365 2287 5420 καὶ
2349 5365 2457 5420 ὑπὸ
2492 5366 2620 5436 μίαν
2683 5365 2969 5433 γεγόνασιν
3001 5361 3195 5433 ἀρχὴν,
3231 5360 3326 5414 καὶ
3356 5364 3611 5433 κατῳκή-

366 5483 524 5521 κασιν
573 5467 630 5519 ὲν
688 5463 1100 5537 Ἱεροσολύμοις,
1131 5461 1396 5534 διχονοίας
1434 5461 1653 5530 ἀπάσης
1718 5458 2086 5532 ἐξῃρημένης.
2117 5459 2280 5512 Ὅσαι
2342 5458 2399 5513 δὲ
2468 5456 2608 5511 κατὰ
2653 5456 2878 5527 καιροὺς
2923 5453 3288 5525 αἰχμαλωσίαι
3321 5454 3607 5524 γεγόνασιν

366 5556 471 5611 άνά
520 5556 682 5628 μέρος
728 5556 836 5612 τῶν
880 5555 1012 5610 δέκα
1058 5552 1261 5624 φυλῶν,
1291 5552 1386 5609 καὶ
1428 5552 1609 5625 μέντοι
1666 5550 1761 5605 καὶ
1806 5550 1899 5604 τοῦ
1938 5551 2181 5622 ἡμίσεως
2238 5549 2411 5621 φυλῆς
2449 5548 2708 5621 Ἐφραῖμ,
2739 5548 2834 5603 καὶ
2903 5544 3011 5601 τῶν
3042 5548 3099 5601 ὲν
3150 5548 3263 5611 τοῖς
3316 5546 3611 5619 Ἰεροσολύ-

433 5739 455 5773 '
486 5737 547 5793 ιιι
580 5739 713 5811 Reg.
750 5757 828 5811 ις,
862 5739 974 5809 26;
1007 5756 1106 5813 ιιι,
1143 5738 1170 5793 1
1196 5750 1353 5811 seqq.
1428 5736 1450 5772 ⁸
1483 5735 1647 5796 Mich.
1687 5750 1740 5805 ν,
1776 5735 1865 5791 15.

2048 5732 2053 5785 ι
2089 5732 2225 5803 Reg.
2253 5744 2365 5797 xiv,
2391 5729 2505 5801 233
2531 5726 2731 5787 Jerem.
2776 5740 2864 5794 ιιι,
2896 5726 2984 5785 l5.
3065 5730 3109 5764 '°
3148 5728 3170 5782 ι
3206 5724 3360 5784 Esdr.
3396 5738 3457 5792 ιι,
3494 5724 3602 5793 1,2.

3024 5824 3060 5831 ν..
