4002 6220
301 311 364 365 Π
1230 310 1781 376 COMMENTARIUS
1821 314 1885 369 IN
1922 315 2151 373 OSEAM
2190 315 2634 373 PROPHETMI.
3507 317 3577 378 Π

301 440 448 496 μοις,
499 426 675 481 Ἰούδα
699 446 781 492 τε,
807 429 969 500 φημὶ,
1014 431 1105 484 καὶ
1137 433 1415 498 Βενιαμὶν,
1450 434 1659 504 προῖὼν
1706 436 1733 486 ὁ
1799 433 1955 502 λόγος
1991 434 2248 498 ἐπιδείξει
2296 434 2503 504 σαφῶς.
2571 433 2937 507 Ἀνάγραπτοι
2979 435 3035 489 δὲ
3077 435 3366 503 γεγόνασιν
3413 438 3552 505 ἀναγ

302 519 477 581 nim;
524 520 621 572 καὶ
669 521 717 573 οἱ
769 523 969 591 χρόνοι,
1011 524 1133 577 καθ’
1173 524 1265 588 οὓς
1309 527 1537 589 ἕκαστος
1576 527 1686 580 τῶν
1723 525 1893 593 ἁγίων
1932 526 2192 597 λελάληκε
2260 528 2579 599 προφητῶν,
2630 527 2696 580 ἵν’
2744 527 3017 599 ειδείημεν
3071 530 3316 601 ἀκριϐῶς
3360 531 3416 582 ὲν
3451 532 3577 600 ποίᾳ

298 609 403 659 τινὶ
456 611 794 664 καταστάσει
847 613 959 666 τῶν
1003 616 1343 686 πραγμάτων
1386 618 1673 688 κειμένων,
1710 618 1830 669 τίνα
1877 633 1935 669 τε
1973 616 2174 687 τρόπον
2238 619 2490 687 ἐχόντων,
2518 621 2565 672 οί
2601 620 2749 691 παρὰ
2774 620 2908 673 Θεοῦ
2941 621 3078 692 πρὸς
3103 622 3300 683 αὐτοὺς
3323 622 3577 690 γεγόνασι

300 716 476 767 Αογοι..

631 831 1016 917 ΤΟΜΟΣ

918 965 1170 1019 ΚΕΦΑΛ.
1206 964 1286 1020 A'.

376 1074 574 1142 Λόγυς
606 1077 830 1143 Κυρίου
863 1076 932 1142 ὃς
968 1078 1220 1146 ἐγενήθη
1255 1080 1406 1146 πρὸς
1445 1076 1624 1146 Ὠσηὲ
1653 1078 1760 1132 τὸν
1787 1078 1893 1133 τοῦ

308 1166 508 1234 Βεηρὶ,
554 1168 625 1220 ἐν
667 1167 917 1236 ἡμέραις
974 1169 1155 1229 Ὀζίου
1214 1172 1311 1225 καί
1374 1172 1631 1241 Ἰωάθαμ,
1699 1171 1890 1241 Ἀχὰζν

322 1258 608 1327 Ἐζεκίου,
646 1259 958 1322 βασιλέων
1015 1262 1343 1315 Ἰοὐδασκαὶ
1376 1264 1445 1317 ἐν
1491 1264 1739 1332 ἡμέραις
1787 1264 1892 1318 ἰε-

308 1349 532 1417 ροϐοὰμ
562 1349 697 1402 υἱοῦ
754 1350 919 1415 Ἰωὰς
942 1352 1247 1418 ,βασιλέως
1287 1354 1394 1408 τοῦ
1446 1354 1712 1423 Ἰσραήλ.

381 1442 460 1493 A'.
508 1441 849 1510 Προᾳητεύει
898 1444 1124 1497 τοίνυνὸ
1152 1446 1417 1516 μακάριος
1464 1447 1621 1517 Ὠσηὲ
1670 1449 1727 1499 ὲν
1756 1445 1894 1517 ὴμέ-

315 1546 437 1598 ραις
484 1531 683 1596 Ὀζῖου,
711 1532 802 1585 καὶ
834 1534 1087 1600 Ἰωάθαμ,
1119 1536 1213 1588 καὶ
1244 1536 1435 1607 Ἀχάξ,
1476 1539 1571 1590 καὶ
1625 1538 1890 1607 Ἐζεχίου,

314 1620 585 1689 βασιλέων
644 1623 829 1676 Ἰούδασ
878 1626 969 1677 καί⁸
1015 1627 1072 1680 ὲν
1118 1628 1354 1697 ἡμέραις
1411 1628 1717 1698 Ἰεροϐοάμ,
1776 1628 1893 1681 υίοῦ

324 1711 490 1772 Ἰωάς
526 1712 788 1781 βασιλέως
820 1715 1056 1784 Ἰσραήλ.
1089 1718 1199 1769 Καὶ
1227 1718 1255 1769 ό
1287 1719 1384 1787 μὲν
1412 1719 1600 1788 χρόνος
1632 1719 1730 1789 τῆς
1762 1736 1895 1789 προσ

314 1802 557 1870 φητείας
587 1805 750 1874 μέχρι
771 1805 956 1859 τούτου
988 1810 1186 1861 νοεῖται
1222 1808 1409 1862 λαϐὼν
1438 1811 1537 1881 τὴν
1562 1812 1891 1881 παράτασιν.

314 1895 439 1966 Χρὴ
480 1896 555 1959 δὲ,
613 1893 786 1965 οἶμαι,
822 1900 888 1952 τὰ
936 1900 1021 1968 ἐφ’
1052 1901 1269 1971 ἑκάστῳ
1323 1902 1507 1956 λοιπὸν
1559 1904 1892 1974 ἀφηγεῖσθαι

323 1987 526 2054 σαφῶς,
557 1988 630 2050 ὡς
675 1988 743 2043 ἂν
776 1989 986 2061 ἔχωμεν
1015 1992 1237 2056 ἐννοεῖν,
1288 1995 1541 2067 καθάπερ
1574 1997 1673 2068 ἤδη
1714 2000 1897 2069 προεῖ-

325 2095 443 2140 πον,
466 2080 641 2132 ὁποῖοί
666 2098 809 2144 τινες
833 2082 882 2133 οἱ
914 2084 1101 2136 τοιοίδε
1134 2084 1413 2152 γεγόνασι⁸
1440 2087 1567 2140 πότε
1579 2104 1668 2159 ρον
1700 2089 1895 2157 ἀγαθοί

1105 832 1577 919 ΠΡΩΤΟΣ.
1921 805 1972 859 Α

2295 830 2709 923 TOMUS
2784 835 3235 926 PRIMUS

2666 958 2819 1014 CAP.
2851 960 2888 1014 Ι.

2067 1068 2229 1126 Vens.
2257 1073 2307 1125 l.
2338 1071 2558 1127 Verbum
2578 1072 2938 1138 Dominiquod
2960 1076 3158 1143 factum
3179 1089 3251 1131 est
3275 1082 3343 1133 ad
3358 1081 3488 1135 Osee
3512 1086 3579 1149 [i-

1994 1161 2120 1215 lium
2134 1162 2355 1215 Beeriin
2370 1164 2549 1216 diebus
2566 1161 2733 1229 Ozia’,
2748 1174 2794 1217 et
2815 1165 3080 1231 lout/iam,
3106 1167 3298 1233 Aclmz,
3321 1172 3576 1237 Ezechirr,

1996 1268 2172 1322 regum
2198 1251 2364 1318 Iuda,
2404 1263 2453 1308 et
2505 1254 2561 1307 in
2602 1254 2783 1309 diebus
2827 1254 3111 1311 Jcroboam
3149 1257 3250 1326 ﬁlii
3283 1260 3417 1317 Joas
3447 1268 3578 1334 regis

1995 1342 2191 1401 Israel.

2066 1433 2108 1488 Ι.
2136 1433 2478 1489 Vaticinatur
2498 1436 2676 1505 itaque
2693 1437 2885 1493 beatus
2910 1438 3079 1494 Oseas
3098 1442 3150 1493 in
3180 1441 3372 1498 diebus
3406 1443 3574 1508 Oziae,

1996 1536 2049 1582 et
2072 1526 2344 1591 Joatham,
2381 1538 2435 1583 et
2464 1528 2677 1591 Achaz,
2711 1541 2765 1583 et
2803 1530 3071 1594 Ezechize,
3102 1550 3285 1602 regum
3323 1535 3480 1601 Juda,
3522 1550 3586 1593 et-

1999 1620 2049 1673 in
2077 1620 2264 1673 diebus
2289 1618 2575 1675 Jeroboam
2601 1621 2692 1675 lilii
2718 1620 2847 1676 luas
2878 1624 3018 1691 regis
3047 1624 3233 1680 Israel.
3263 1628 3329 1681 Et
3366 1638 3582 1697 tempus

1997 1712 2215 1781 quidem
2227 1712 2466 1766 vaticinii
2486 1713 3093 1783 hucusqueproductum
3114 1718 3448 1789 intelligitur.
3472 1723 3576 1776 Ar-

1998 1805 2168 1857 bitror
2220 1814 2401 1857 autem
2458 1804 2647 1858 ordine
2698 1805 2764 1858 de
2798 1806 3023 1875 singulis
3062 1813 3391 1864 narrandum
3425 1814 3579 1867 lucu-

1998 1896 2217 1963 lentius,
2272 1907 2329 1949 ut
2373 1911 2599 1951 noscere
2643 1898 2935 1966 possimus,
2973 1901 3429 1967 quemadmodum
3459 1905 3572 1972 jam

1997 1990 2263 2055 dicebam,
2320 1991 2509 2060 quales
2539 1991 2593 2044 hi
2634 2006 2790 2061 reges
2836 1990 3053 2057 fuerint,
3100 2002 3285 2047 utrum
3333 1995 3583 2051 videlicet

1998 2081 2147 2146 boni,
2197 2095 2251 2135 et
2314 2082 2449 2137 bene
2504 2098 2632 2152 erga
2680 2084 2844 2136 Deum
2896 2083 3139 2148 animati,
3190 2100 3257 2137 an
3314 2087 3491 2153 potius
3526 2086 3578 2138 in

328 2186 387 2221 τε
443 2170 531 2221 καὶ
574 2169 721 2223 εὖνοι
756 2173 893 2242 πρὸς
926 2173 1076 2238 Θεὸν,
1114 2175 1146 2245 ἤ
1188 2176 1317 2243 γοῦν
1348 2178 1767 2245 ἀπονενευκότες
1800 2183 1894 2237 ὲπὶ

2010 2176 2329 2229 :Outrarium
2349 2176 2605 2241 abierint,
2637 2186 2691 2230 et
2712 2191 2832 2245 qua:
2860 2176 3087 2246 singulis
3116 2187 3227 2230 tum
3254 2179 3304 2231 in
3334 2179 3578 2232 Samaria

332 2259 391 2311 τὺ
425 2260 492 2331 μὴ
535 2260 708 2324 οὕτως
739 2260 895 2332 ἕχον·
937 2265 1029 2317 καὶ
1058 2264 1182 2317 τίνα
1224 2264 1293 2317 τὰ
1343 2267 1430 2333 ἐφ’
1477 2268 1727 2331 ἑκάστοις
1760 2286 1898 2339 συμ-

331 2350 613 2421 ϐεϐηκότα,
660 2355 774 2416 τοῖς
816 2371 874 2406 τε
907 2355 963 2405 ὲν
995 2357 1058 2425 τῇ
1096 2356 1382 2427 Σαμαρείᾳ
1426 2360 1522 2411 καὶ
1563 2362 1677 2424 τοῖς
1698 2362 1756 2413 ἐν
1783 2363 1897 2425 τοῖς

346 2440 739 2511 Ἱεροσολύμοις.
776 2443 1050 2512 Εἰσόμεθα
1077 2444 1187 2516 γὰρ
1211 2439 1335 2513 ὦδε,
1369 2448 1464 2499 καὶ
1494 2448 1612 2502 λίαν
1637 2450 1896 2514 εὐκόλως,

343 2530 558 2600 ὀποιπερ
583 2530 643 2581 ἂν
679 2529 860 2601 βλέπῃ
894 2532 991 2600 τῆς
1022 2534 1355 2603 προφητείας
1391 2537 1419 2588 ὁ
1453 2537 1675 2599 σκοπός.
1710 2538 1901 2592 Τελευ-

346 2623 484 2683 ταῐος
527 2622 620 2690 μὲν
668 2618 760 2675 οὖν
792 2622 1107 2691 ὠνόμασται
1156 2625 1439 2695 Ἰεροϐοάμ
1488 2628 1517 2679 ὀ
1566 2627 1661 2680 τοῦ
1726 2629 1899 2694 Ίωάς,

335 2711 572 2780 βασιλεὺς
617 2712 857 2784 Ἰσραὴλ,
890 2713 1082 2781 γέγονε
1123 2715 1179 2767 δὲ
1214 2715 1319 2786 πρὸ
1365 2714 1638 2787 Ἀζαρίου,
1682 2717 1776 2771 τοῦ
1809 2721 1903 2772 καὶ

345 2804 531 2867 Ὀζίου.
578 2805 774 2860 ’ἰστέον
798 2804 874 2870 δὲ,
906 2806 987 2858 ὅτι
1021 2805 1205 2877 ἔτερος
1229 2808 1362 2877 ἡμῖν
1394 2808 1545 2880 παρὰ
1566 2809 1657 2861 τὸν
1687 2808 1903 2879 πρῶτόν

330 2895 488 2957 ἐστιν,
519 2895 577 2958 ὃς
612 2895 671 2947 ὲν
696 2898 907 2967 καιροῖς
931 2895 1121 2965 γέγονε
1172 2896 1436 2967 βασιλέως
1495 2900 1749 2970 Ῥοϐοὰμ,
1783 2902 1902 2954 υἱοῦ

330 2985 658 3057 Σολομῶνος,
684 2986 825 3056 πλὴν
860 2986 1141 3057 ίσότροπος
1169 2988 1382 3059 ἐκείνῳ,
1425 2990 1519 3041 καὶ
1542 2991 1622 3052 εἰς
1651 2991 1905 3044 ἀσέϐειαν

330 3077 593 3147 ἐμφερής.
635 3077 951 3145 Γέγραπται
988 3078 1096 3148 γὰρ
1145 3077 1243 3130 ὡδὶ
1291 3080 1421 3150 περὶ
1458 3079 1626 3133 αὑτοῦ
1653 3099 1667 3112 ο
1723 3101 1741 3132 ι
1812 3082 1904 3136 Ἐν

328 3168 432 3221 ἔτει
480 3170 954 3240 πεντεκαιδεκάτῳ
993 3170 1086 3223 τοῦ
1134 3172 1416 3239 Ἀμασίου,
1455 3172 1568 3226 υίοῦ
1614 3171 1764 3237 Ἰωάς
1813 3174 1907 3243 βα-

329 3263 517 3327 σιλέως
559 3262 753 3329 Ἰούδα,
783 3262 1128 3315 ἐϐασίλευσεν
1170 3262 1451 3334 Ἱεροϐοάμ
1474 3263 1588 3327 υἱὸς
1633 3265 1785 3327 Ἰωάς
1813 3266 1906 3318 ἐπὶ

339 3354 555 3426 Ἰσραὴλ
600 3357 661 3408 ιν
707 3354 1009 3425 Σαμαρείᾳ,
1032 3354 1443 3425 τεσσαράκοντα
1509 3357 1604 3409 καὶ⁷
1648 3355 1708 3408 ἓν
1764 3356 1903 3420 ἔτος.

326 3448 433 3500 Καὶ
452 3446 680 3517 ἐποίησε
702 3447 760 3499 τὸ
789 3447 1020 3517 πονηρὸν
1041 3446 1272 3501 ἐνώπιον
1293 3448 1521 3518 Κυρίου.
1547 3449 1661 3502 Οὐκ
1691 3449 1902 3521 ἀπέστη
1933 3496 1975 3552 C

325 3539 434 3592 ἀπὺ
459 3537 658 3592 πασῶν
679 3538 959 3609 ἁμαρτιῶν
995 3538 1276 3610 Ἰεροϐοάμ
1318 3538 1435 3592 υίοῦ
1460 3539 1667 3604 Ναϐἀτ,
1715 3541 1776 3606 ὃς
1818 3542 1908 3608 ἑξ-

326 3634 545 3704 ήμαρτε
590 3632 683 3685 τὸν
746 3633 979 3705 Ἰσραήλ.
1033 3650 1053 3684 ι
1108 3633 1290 3705 Ὁρᾷς,
1320 3633 1467 3696 ὅπως
1510 3632 1759 3703 ζηλωτὴς
1792 3634 1905 3688 τῶν

324 3724 539 3776 ἐκείνου
579 3722 795 3793 τρόπων
841 3722 1055 3791 γέγονε,
1086 3721 1183 3792 τὴν
1214 3722 1336 3793 ἴσην
1384 3722 1573 3793 ὥσπερ
1618 3724 1904 3794 ἀμαξητὸν

324 3815 641 3885 ἐρχόμενος,
674 3814 766 3866 καὶ
793 3814 957 3866 οἱονεὶ
988 3812 1129 3866 κατὰ
1163 3813 1326 3877 πόδας
1354 3815 1451 3884 τῆς
1480 3815 1690 3870 ἐκείνου
1712 3817 1908 3870 δυσσε-

326 3906 486 3968 ϐείας
533 3904 720 3959 ἐλθών.
772 3900 909 3957 Εἶτα
954 3903 1007 3956 τί
1056 3921 1187 3975 φησι
1224 3904 1281 3958 τὸ
1326 3906 1567 3976 Γράμμα
1614 3907 1675 3960 τὸ
1729 3910 1905 3979 ίερόν;

334 4018 354 4050 ι
410 3998 501 4050 Ἐν
526 3997 630 4050 ἔτει
667 3996 901 4066 εἰκοστῷ
930 3998 1020 4048 καὶ
1054 3997 1266 4067 ἑϐδόμῳ
1296 3998 1391 4049 τοῦ
1435 3999 1718 4068 Ἰεροϐοάμ
1752 4000 1909 4069 βασι-

327 4090 464 4153 λέως
508 4090 746 4160 Ἰσραὴλ,
778 4088 1126 4141 ἐϐασίλευσεν
1170 4089 1426 4159 Ἀζαρίας
1466 4088 1579 4152 υίὸς
1623 4090 1906 4159 Ἀμασίου,

330 4183 595 4253 βασιλέως
640 4182 825 4245 Ἰούδα,
859 4181 917 4243 ὃς
946 4180 1236 4233 ἑκκαίδεκα
1269 4180 1404 4233 ἑτῶν
1434 4176 1523 4253 ἦν,
1558 4183 1627 4251 ὲν1
1642 4180 1721 4250 τῷ
1754 4181 1909 4251 βασι-

328 4275 507 4329 λεύειν
546 4274 725 4329 αὐτόν.
754 4274 865 4326 Kal
895 4272 985 4325 δύο
1016 4273 1109 4325 καὶ
1156 4272 1490 4343 πεντήκοντα
1518 4271 1610 4343 ἔτη
1640 4272 1913 4324 ἐϐασίλευ-

329 4388 420 4423 σεν
452 4372 515 4422 ὲν
555 4366 927 4438 Ἰερουσαλήμ.
962 4365 1073 4417 Καὶ
1098 4363 1267 4432 δνομα
1306 4365 1370 4433 τῇ
1415 4364 1581 4433 μητρ)⁵
1607 4362 1773 4417 αὑτοῦ
1817 4364 1912 4416 Ὶε-

327 4462 487 4532 χελία
542 4461 601 4523 ἐξ
665 4458 1039 4528 Ἰερουσαλήμ.
1103 4455 1214 4506 Καὶ
1269 4454 1489 4524 ἐποίησε
1547 4455 1604 4507 τὸ
1647 4454 1802 4518 εὑθὲς
1854 4456 1911 4507 ὲν

327 4552 635 4621 ὀφθαλμοῖς
662 4551 892 4621 Κυρίου,
933 4550 1073 4601 κατά
1107 4547 1287 4601 πάντα
1318 4548 1416 4599 ὅσα
1445 4547 1696 4617 ἐποίησεν
1744 4548 1913 4617 Ἀμαο

331 4646 454 4708 σίας
483 4645 515 4695 ὁ
545 4643 723 4713 πατὴρ
754 4641 918 4695 αὐτοῦ
937 4658 950 4670 ·
985 4640 1124 4709 πλὴν
1156 4638 1225 4691 τὰ
1254 4637 1431 4708 ὑψηλά
1456 4638 1555 4690 οὐκ
1586 4638 1795 4709 ἐξῆρεν·
1834 4638 1913 4692 ἔτι

328 4736 442 4806 γὰρ
482 4732 667 4795 ὁλαὸς
722 4730 971 4794 ὲθυσίαζε
1022 4729 1116 4781 καὶ
1160 4728 1359 4798 ὲθυμία
1403 4729 1461 4779 ὲν
1509 4730 1621 4791 τοῖς
1668 4728 1910 4799 ὑψηλοῖς.

2000 2271 2110 2317 tum
2156 2263 2509 2335 Jcrosolymis
2559 2268 2908 2335 regnantibus
2962 2270 3261 2322 evenerint.
3311 2268 3384 2322 lla
3435 2270 3594 2324 enim.

1998 2367 2233 2422 quonam
2290 2356 2573 2425 prophetia
2619 2356 2880 2422 collimet,
2930 2359 3075 2412 nullo
3109 2363 3323 2430 negotio
3376 2364 3593 2432 perspia.

1999 2443 2225 2500 ciemus.
2277 2446 2561 2501 Postremo
2592 2448 2752 2518 igitur
2794 2449 2915 2503 loco
2961 2452 3269 2505 nominatus
3291 2462 3374 2506 est
3424 2452 3582 2507 .Iero-

1999 2534 2182 2598 boum,
2234 2536 2375 2589 tilius
2419 2535 2567 2599 Joas,
2597 2554 2687 2592 rex
2730 2540 2913 2602 Isracl,
2976 2543 3068 2611 qui
3126 2541 3401 2605 Azariam,
3450 2544 3584 2595 alias

2002 2618 2209 2681 Oziam,
2242 2625 2556 2678 antecessit.
2587 2626 2742 2681 Scire
2774 2628 2900 2681 licet
2947 2631 3089 2682 hunc
3149 2632 3311 2683 alium
3352 2632 3517 2685 fuisse
3550 2647 3580 2684 a

2005 2711 2199 2781 primo,
2247 2714 2339 2783 qui
2392 2718 2723 2783 temporibus
2771 2720 2911 2789 regis
2958 2720 3239 2783 Rohoami,
3305 2721 3395 2775 lilii
3428 2722 3581 2777 Salo-

2005 2803 2200 2865 monis,
2242 2806 2403 2858 vixit:
2442 2815 2621 2861 tamen
2659 2810 2895 2864 moribus
2941 2810 3154 2874 iisdem,
3204 2819 3260 2865 et
3305 2812 3584 2881 impietate

2004 2890 2231 2944 similem
2257 2892 2321 2949 ”.
2353 2891 2443 2947 Sic
2458 2897 2599 2949 enim
2625 2897 2822 2967 deipso
2845 2901 3105 2968 scriptum
3132 2911 3337 2955 exstat:
3366 2920 3384 2952 ι
3413 2901 3467 2955 lu
3488 2920 3586 2957 an-

2008 2996 2076 3033 no
2110 2983 2318 3039 decimo
2336 2986 2525 3051 quinto
2547 2988 2798 3054 Amasiar,
2833 2990 2924 3043 lilii
2952 2989 3096 3054 Joas,
3133 2992 3273 3059 regis
3306 2990 3589 3060 Judahrec

2007 3074 2192 3142 guavit
2224 3074 2514 3131 Jeroboam
2549 3078 2829 3134 ﬁliusJoas
2860 3096 3021 3151 super
3046 3083 3206 3136 Israel
3233 3084 3284 3137 in
3318 3084 3585 3149 Samaria,

2007 3181 2181 3220 annos
2209 3184 2371 3222 unum
2407 3180 2460 3223 et
2486 3172 2868 3242 quadraginta.
2916 3174 2979 3227 Et
3012 3174 3137 3228 l'ecit
3165 3176 3363 3229 malum
3403 3193 3587 3232 coram

2009 3260 2257 3314 Domino.
2302 3262 2416 3317 Non
2466 3264 2689 3317 recessit
2730 3266 2798 3317 ab
2838 3264 3089 3320 onmibus
3157 3268 3391 3336 peccatis
3434 3266 3589 3321 Jeru-

2008 3350 2167 3404 boam
2203 3351 2299 3404 ﬁlii
2323 3352 2528 3415 Nadab,
2568 3353 2658 3421 qui
2711 3369 2933 3423 peccare
2979 3356 3106 3410 fecit
3134 3356 3354 3410 Israel.»
3393 3356 3590 3411 Cernis

2010 3458 2116 3512 quo
2138 3454 2295 3512 pacto
2331 3458 2511 3497 mores
2542 3444 2685 3498 illius
2731 3448 3063 3512 expresserit
3083 3490 3097 3513 ,
3124 3448 3286 3501 veluti
3314 3448 3357 3502 si
3383 3463 3478 3518 per
3500 3464 3593 3504 or-

2009 3536 2174 3588 bitam
2199 3535 2466 3597 eamdem,
2490 3544 2545 3589 et
2581 3550 2675 3603 per
2695 3537 2918 3606 vestigia
2970 3538 3268 3608 impietatis
3300 3540 3421 3609 ejus
3448 3541 3590 3595 ince-

2010 3626 2180 3681 deret.
2210 3626 2347 3694 Quid
2387 3628 2615 3697 amplius
2656 3643 2812 3682 sacra
2850 3631 3131 3698 Scriptura
3183 3632 3340 3686 dicit?
3371 3651 3392 3683 ‹
3432 3635 3589 3688 Anno

2008 3718 2269 3772 vicesimo
2318 3718 2549 3786 septimo
2603 3717 2892 3774 Jeroboam
2938 3721 3078 3790 regis
3110 3720 3299 3789 Israel,
3340 3724 3585 3791 regnavit

2010 3808 2231 3863 Azarias
2260 3808 2399 3863 [ilius
2430 3809 2665 3864 Amasia:
2711 3809 2851 3880 regis
2885 3808 3049 3874 Juda,
3106 3824 3277 3864 annos
3318 3821 3477 3865 natus
3502 3826 3591 3867 se-

2010 3903 2211 3957 decim.
2252 3902 2398 3955 Duos
2433 3916 2597 3970 supra
2634 3902 3023 3973 quinquaginta
3073 3904 3390 3971 regnavitin
3429 3902 3589 3958 Jeruv

2009 3995 2199 4050 salem.
2228 3994 2433 4050 Nomen
2453 3996 2644 4049 matris
2666 3995 2785 4064 ejus
2808 3995 3045 4051 Jechelia
3073 3997 3139 4049 de
3169 3996 3489 4051 Jerusalem.
3522 3994 3589 4049 Et

2009 4088 2139 4143 fecit
2166 4089 2310 4158 quod
2347 4096 2555 4142 rectum
2580 4096 2697 4141 erat
2721 4103 2903 4143 coram
2940 4089 3189 4153 Domino,
3222 4088 3379 4154 juxta
3406 4087 3599 4141 omnia-

2010 4194 2130 4247 quae
2165 4179 2293 4232 fecit
2316 4180 2483 4247 fpater
2516 4178 2655 4247 ejus.
2702 4178 3086 4231 Verumtamen
3126 4178 3338 4232 excelsa
3364 4191 3474 4231 non
3506 4188 3601 4237 est

2012 4271 2331 4325 demolitus:
2354 4270 2530 4322 adhuc
2560 4269 2702 4322 enim
2747 4262 2976 4335 populus
2993 4268 3337 4321 sacriﬁcabat
3368 4277 3423 4322 et
3453 4269 3587 4322 ado-

2011 4362 2155 4417 lebat
2186 4361 2465 4416 incensum
2490 4360 2544 4413 in
2566 4360 2813 4413 excelsis.
2841 4359 2904 4413 Et
2930 4358 3198 4429 percussit
3228 4359 3489 4414 Dominus
3512 4373 3599 4413 re-

2014 4467 2133 4520 gem
2166 4461 2221 4506 et
2247 4450 2344 4504 fuit
2368 4450 2615 4518 leprosus
2644 4464 2813 4518 usque
2841 4449 2896 4502 in
2932 4449 3073 4503 diem
3105 4448 3291 4504 mortis
3321 4462 3433 4503 sua:
3464 4446 3528 4501 ⁸³.
3566 4465 3585 4497 ι

2014 4542 2143 4597 Pius
2199 4549 2255 4595 et
2294 4540 2393 4594 Dei
2424 4539 2603 4613 cultor
2656 4538 2759 4592 l‘uit
2825 4540 3007 4604 Ozias,
3042 4538 3207 4608 7sed
3243 4554 3355 4592 non
3402 4553 3601 4607 usque-.

2016 4646 2252 4701 quaque.
2280 4650 2299 4681 ι
2342 4629 2463 4689 Non
2497 4629 2646 4683 enim
2683 4629 2975 4685 demolitus
3008 4639 3093 4684 est
3129 4630 3589 4699 excelsa.inquit;

2017 4724 2109 4777 sed
2140 4720 2517 4776 sacriﬁcabant
2546 4721 2599 4774 in
2640 4722 2764 4786 illis,
2791 4730 2847 4775 et
2881 4721 3214 4776 daemonibus
3234 4720 3437 4773 hostias
3459 4720 3595 4774 olle-

331 4825 445 4877 Καὶ
468 4822 650 4892 ἥψατο
681 4820 885 4892 Κύριος
916 4818 1007 4871 τοῦ
1040 4817 1322 4887 βασιλέως,
1346 4816 1438 4869 καὶ
1468 4812 1537 4888 ἦν
1572 4817 1905 4889 λελεπρωμέ-

2019 4815 2210 4868 rebant
2235 4813 2492 4869 seducti.)
2520 4814 2867 4867 Postmodum
2899 4811 3251 4866 transversim
3270 4819 3429 4865 actus
3454 4810 3605 4864 Aza~.

330 4935 420 4979 νος
468 4916 578 4978 ἕως
608 4914 821 4984 ἡμέρας
865 4911 1095 4965 θανάτου
1118 4908 1303 4963 αὐτοῦ.
1340 4929 1357 4959 ι
1398 4909 1641 4979 Εὐσεϐὴς
1695 4911 1790 4979 μὲν
1822 4912 1915 4965 καὶ

332 5006 816 5075 φιλόθεος“’οζίας,
844 5003 984 5074 πλὴν
1011 5004 1110 5073 οὐχ
1142 5002 1582 5071 ὁλοτρόπως.ιοὺ
1618 5003 1726 5073 γὰρ
1761 5021 1915 5074 περι-

332 5098 449 5152 εῖλε
484 5096 554 5149 τὰ
587 5094 785 5165 ὑψηλὰ,
818 5094 1003 5164 φησὶν,
1047 5093 1160 5146 ἀλλ’
1202 5092 1440 5161 ὲουμίων
1482 5094 1540 5144 ὲν
1568 5095 1771 5159 αὐτοῖς,
1822 5098 1916 5149 καὶ

332 5193 451 5252 τοῖς
478 5186 775 5256 δαιμονίοις
804 5184 1080 5255 προσῆγον
1102 5183 1289 5245 θυσίας
1302 5183 1352 5233 οἱ
1376 5182 1733 5253 πλανώμενοι.
1750 5182 1912 5241 »Εἶτα

332 5274 695 5346 παρενεχθεὶς
735 5272 1009 5342 Ἀζαρίας,
1043 5273 1208 5342 ἤγουν
1238 5273 1267 5323 ὁ
1314 5269 1512 5335 Ὀζίας,
1549 5274 1627 5335 εἰς
1654 5274 1918 5337 ἐκτόπουᾼ

333 5366 570 5428 ἐννοίας,
599 5364 753 5434 ᾠήθη
785 5364 1013 5433 πρέπειν
1039 5366 1107 5432 τῇ
1146 5364 1247 5431 τῆς
1274 5361 1552 5430 βασιλείας
1576 5362 1699 5433 δόξῃ
1729 5365 1821 5417 καὶ
1854 5364 1916 5417 τὸ

334 5457 542 5528 χρῆναι
596 5453 837 5523 πληροῦν
882 5454 951 5506 τὰ
990 5453 1352 5522 νενομισμένα
1399 5451 1478 5522 τῷ
1509 5452 1647 5522 Θεῷ,
1683 5455 1776 5506 καὶ
1805 5455 1914 5506 λει-

336 5543 600 5617 τουργίας
639 5542 961 5613 ἀντέχεσθαι
1004 5542 1102 5611 τῆς
1126 5542 1297 5613 ἱερᾶς.
1339 5542 1445 5594 Καὶ
1472 5542 1537 5611 δὴ
1585 5544 1679 5595 καὶ
1703 5542 1903 5597 τέθυκε

2020 4905 2147 4969 rias,
2184 4906 2297 4960 sive
2322 4903 2500 4968 Ozias,
2530 4919 2651 4958 esse
2676 4919 2741 4957 ex
2767 4903 2928 4973 regali
2946 4902 3219 4972 dignitate
3236 4901 3471 4964 censuit,
3500 4916 3594 4954 sa-

2022 4997 2126 5051 cris
2176 4996 2384 5068 legibus
2443 4998 2554 5050 Deo
2606 4994 2849 5047 instituta
2898 4993 3068 5056 obire,
3122 5000 3181 5046 et
3235 4991 3592 5046 minismrium

2021 5105 2233 5145 sacrum
2288 5100 2589 5156 capessere.
2641 5084 2745 5138 Per
2780 5099 2839 5138 se
2872 5098 3089 5152 quoque
3141 5082 3485 5146 sacriﬁcavit,
3526 5081 3601 5133 les

2020 5196 2141 5251 gem
2170 5195 2200 5233 a
2225 5178 2376 5232 Mose
2412 5178 2573 5230 latam
2623 5175 2896 5246 ignorans.
2937 5174 3111 5227 Simul
3161 5184 3349 5227 autem
3371 5174 3438 5225 ad
3470 5174 3593 5223 tuu-

2020 5273 2253 5326 (tionem
2276 5270 2614 5335 sacram,sibi
2644 5271 2956 5339 neutiquam
2977 5268 3387 5323 convenientem
3409 5277 3595 5316 ascen-

2020 5364 2097 5416 dit
2120 5363 2200 5426 ⁸⁸,
2230 5383 2248 5415 ι
2283 5362 2562 5418 Percussit
2633 5377 2756 5416 eum
2813 5361 3092 5424 Dominus,
3147 5359 3340 5427 inquit,
3378 5364 3433 5407 et
3476 5359 3595 5404 erat

2021 5456 2269 5523 leprosus
2297 5468 2464 5524 usque
2494 5454 2545 5506 in
2579 5451 2720 5505 diem
2768 5450 2959 5505 mortis
2988 5449 3184 5503 sua)”.
3224 5468 3243 5497 ι
3276 5444 3593 5499 lmmundus

2022 5543 2185 5615 igitur
2219 5546 2511 5599 secundum
2563 5544 2731 5612 legem
2783 5550 2900 5595 erat
2941 5542 3208 5611 leprosus,
3234 5544 3289 5589 et
3332 5530 3588 5599 hujusce-

414 5710 461 5742 “
496 5709 560 5765 lll
592 5709 722 5781 Reg.
753 5727 812 5777 ιι,
847 5710 936 5767 ἳϐ.
1019 5714 1059 5745 ⁸³
1094 5711 1158 5769 ιν
1187 5712 1317 5783 Reg.
1370 5726 1479 5781 xw,
1508 5712 1597 5780 25,
1635 5712 1723 5766 ⁸24.
1810 5712 1850 5742 ¹³
1876 5709 1905 5763 l‘

2010 5715 2107 5780 leg.
2163 5726 2252 5779 xv,
2296 5710 2411 5766 1-5.
2492 5710 2533 5741 ⁸⁵
2568 5708 2607 5763 ll
2633 5708 2755 5765 Par.
2784 5706 2875 5773 15,
2911 5706 2957 5759 t.
3039 5705 3080 5734 ⁸³
3114 5700 3179 5757 lV
3216 5700 3348 5771 Reg.
3391 5715 3490 5769 xv,
3520 5697 3579 5757 ὅ.
