4012 6214
351 307 418 361 19
1378 304 1434 360 S.
1472 304 1747 367 CYRILLI
1790 306 2261 364 ALEXANDRINI
2297 304 2619 367 ARCIIIEP.
3525 314 3599 371 ’ΞΟ

348 427 492 482 modi
522 424 714 481 morbo
741 424 982 495 impliritt
1030 424 1221 480 castris
1244 424 1622 494 ejiciebantur.
1648 424 1738 482 Sic
1770 431 1897 482 cuiu

2023 427 2087 479 δι’
2106 426 2319 487 ἑαυτοῦ,
2337 426 2448 485 τῶν
2472 425 2560 479 διὰ
2584 424 2825 488 Μωσέως
2850 424 3118 494 ἀλογήσας
3146 426 3346 496 νόμων.
3379 428 3598 503 Ἐπειδὴ

349 519 490 574 Deus
514 518 581 573 ad
616 532 894 575 sacrorum
912 516 1187 575 doctorem
1219 516 1437 572 Mosen:
1479 536 1496 569 ι
1526 515 1772 587 Loquere
1796 518 1917 574 ﬁliis

347 610 532 675 Israel,
585 610 803 677 ejiciant
844 619 997 664 extra
1038 617 1213 663 castra
1278 622 1492 671 omnem
1540 609 1830 677 leprosum,
1855 620 1908 665 ct

344 697 544 751 ﬂuxum
570 700 790 753 seminis
826 699 1144 767 patientem;
1180 704 1234 751 et
1255 713 1468 753 onmem
1500 698 1834 753 immundum
1864 700 1914 754 in

346 789 528 842 anima
558 790 623 842 ιθ.
656 808 674 839 ι
720 789 946 845 Punitus
965 797 1049 842 est
1077 798 1256 843 autem
1280 789 1489 853 morbo,
1523 805 1687 844 ausus
1710 789 1911 853 illicita,

341 893 397 937 et
426 899 604 954 regem
662 885 755 953 qui
807 898 1013 937 sacram
1067 882 1383 952 dignitatem
1440 884 1711 938 invaserat
1767 886 1913 955 igno-

341 974 508 1027 minia
557 973 700 1027 Deus
729 972 1130 1026 condemnavit.
1172 970 1309 1036 Quia
1344 986 1475 1025 vero
1508 971 1804 1041 prophetia:
1836 973 1915 1027 vis

340 1078 451 1117 non
484 1064 549 1117 ad
581 1063 753 1119 Solum
783 1061 997 1128 ludam,
1025 1062 1127 1117 ltoe
1145 1072 1247 1128 est,
1312 1062 1403 1132 qui
1427 1063 1731 1117 incolebant
1761 1061 1914 1119 Jeru-

337 1154 621 1225 solymam,
667 1156 763 1211 sed
803 1155 964 1210 etiam
1000 1155 1068 1210 ad
1108 1154 1270 1211 Israel
1305 1155 1560 1224 pertinet,
1606 1157 1821 1220 hocest,
1845 1156 1911 1211 ad

338 1248 523 1304 decem
548 1250 721 1307 tribus
745 1250 797 1315 in
838 1247 1366 1311 Samaria,dicamus
1394 1256 1606 1316 oportet
1628 1248 1695 1302 de
1723 1248 1786 1302 iis
1819 1248 1909 1316 qui

338 1355 504 1409 regno
534 1342 729 1395 ibidem
774 1340 1131 1411 praefuerunt,
1166 1341 1499 1408 temporibus
1546 1341 1773 1404 Aluriw,
1817 1342 1909 1409 qui

335 1442 388 1487 et
412 1431 588 1495 Ozias,
622 1443 677 1489 et
706 1434 900 1503 quibus
930 1449 1022 1489 eos
1061 1433 1454 1488 calamitatibus
1499 1434 1727 1504 opprimi
1783 1450 1912 1487 cun-

338 1525 667 1594 tigerit,cum
690 1526 926 1594 profana:
945 1525 1261 1580 idololatriae
1285 1526 1427 1579 velut
1451 1524 1701 1579 insolenti
1724 1525 1911 1579 morbo

2019 518 2077 571 δὲ
2128 516 2470 587 ἀναϐέϐηκεν
2517 518 2596 579 εἰς
2640 515 2737 586 τὴν
2768 516 3063 586 οὐδαμόθεν
3096 517 3244 587 αὑτῷ
3277 518 3597 590 πρέπουσαν

2016 609 2373 678 λειτουργίαν,
2410 609 2553 679 φημὶ
2584 607 2668 678 δὴ,
2725 607 2823 678 τὴν
2863 607 3034 678 ἱερὰν,
3084 628 3103 660 ι
3160 608 3395 678 Ἥψατο,
3438 615 3594 683 φησὶ,

2016 700 2219 768 Κύριος
2261 699 2460 762 αὑτοῦ,
2512 699 2607 752 καὶ⁸
2655 695 2722 769 ἦν
2772 698 3185 771 λελεπρωμένος
3230 701 3335 765 ἓως
3382 704 3594 775 ἡμέρας

2017 790 2249 843 Θανάτου
2283 790 2473 844 αὑτοῦ.
2511 809 2531 841 ι
2583 789 2916 860 Ἀκάθαρτος
2957 792 3054 860 μὲν
3098 789 3191 845 οὖν
3221 794 3360 846 κατά
3394 796 3594 865 νόμους

2014 884 2044 935 ὁ
2100 882 2319 954 λεπρὸς,
2357 883 2453 935 καὶ
2484 882 2877 953 ἀπεπέμποντο
2920 884 3018 950 τῆς
3052 884 3399 955 παρεμϐολῆς
3426 888 3475 939 οἱ
3514 887 3595 957 τῷ

2014 972 2199 1042 τοιῷδε
2251 972 2411 1026 πάθει
2446 972 2890 1043 κατειλημμένοι.
2932 974 3076 1045 Ἔφη
3127 973 3236 1045 γάρ
3283 992 3412 1028 ποτε
3461 976 3595 1041 Θεὸς

2015 1065 2152 1136 πρὸς
2188 1066 2279 1118 τὸν
2317 1064 2638 1136 ἱεροφάντην
2686 1063 2919 1118 Μωσέαο
2963 1081 2982 1113 ι
3019 1064 3265 1134 Δάλησον
3310 1068 3422 1129 τοῖς
3456 1069 3593 1132 υἱοῖς

1996 1198 1999 1203 μ
2028 1156 2259 1227 Ἰσραὴλ,
2294 1156 2387 1223 καὶ
2432 1154 2971 1221 ὲξαποστειλάτωσαν
3005 1157 3067 1207 ἐκ
3103 1156 3202 1226 τῆς
3239 1157 3594 1229 παρεμϐολῆς

2015 1247 2191 1301 πάντα
2247 1246 2446 1317 λεπρδν
2477 1246 2570 1298 καὶ
2605 1245 2888 1316 γονορροῆ,
2924 1244 3019 1297 καὶ
3059 1246 3236 1299 πάντα
3282 1246 3591 1316 ἀκάθαρτον

2012 1339 2104 1391 ἐπὶ
2129 1340 2296 1408 ψυχῇ.
2342 1356 2360 1388 r
2411 1337 2739 1403 Ἐπετιμᾶτο
2769 1336 2824 1388 δὲ
2861 1337 2928 1405 τῇ
2966 1335 3125 1405 νόσῳ,
3172 1337 3525 1408 τετολμηκὼς
3553 1337 3590 1393 ἃ

2015 1428 2087 1496 μὴ
2124 1428 2300 1497 θέμις,
2332 1428 2427 1480 καὶ
2476 1426 2700 1496 ἀτιμίαν
2747 1425 2838 1478 τοῦ
2875 1424 3141 1495 βασιλέως
3182 1427 3592 1501 κατεψηφίσατο

2011 1518 2164 1582 Θεὸς,
2200 1516 2299 1588 τὴν
2346 1514 2495 1589 ίεράν
2532 1517 2877 1588 ἁρπάσαντος
2907 1516 3083 1583 δόξαν.
3137 1516 3349 1588 Ἐπειδὴ
3396 1519 3451 1572 δὲ
3490 1520 3590 1590 τῆς

335 1614 599 1670 debilitati
660 1626 861 1671 essent.
917 1615 1035 1670 Jam
1098 1616 1263 1683 igitur
1302 1616 1617 1671 vicesimum
1657 1625 1897 1671 Octavum

2013 1608 2348 1678 προφητείας
2377 1608 2409 1678 ἠ
2437 1606 2663 1678 δύναμις
2692 1606 2791 1659 οὐκ
2818 1608 2895 1668 είς
2927 1608 3084 1677 μόνον
3116 1607 3298 1677 βλέπει
3328 1609 3419 1662 τὸν
3454 1610 3588 1665 Ἰού-

335 1721 537 1765 annum
584 1716 843 1783 regnante
878 1706 1029 1770 Ozia,
1091 1724 1187 1762 seu
1231 1707 1445 1771 Azarin,
1511 1706 1648 1761 alius
1685 1707 1897 1761 Azarias

2010 1696 2125 1762 δαν,
2148 1698 2415 1761 τουτέστι,
2443 1699 2567 1762 τοὺς
2598 1698 2657 1750 ἐν
2687 1699 2801 1760 τοῖς
2842 1698 3257 1769 Ἱεροσολύμοις,
3288 1700 3504 1772 ἔρχεται
3531 1701 3589 1756 δὶ

335 1794 476 1851 ﬁlius
522 1774 805 1851 Jeroboam
859 1794 1071 1853 Israelis
1122 1812 1345 1866 regnum
1387 1797 1562 1851 tenuit
1628 1796 1897 1851 mensibus

2010 1790 2102 1843 καὶ
2142 1790 2233 1842 ἐπὶ
2269 1789 2358 1843 τὸν
2401 1787 2638 1858 Ἰσραὴλ,
2666 1763 2930 1854 τουτέστι,
2988 1789 3088 1855 τὰς
3115 1763 3253 1855 δέκα
3489 1795 3588 1857 τὰς

334 1901 453 1941 sex.
483 1885 583 1952 Qui
616 1895 900 1956 postquam
938 1896 993 1941 et
1021 1888 1135 1957 ipse
1165 1888 1218 1941 in
1261 1888 1342 1942 via
1380 1887 1552 1957 patris
1615 1888 1697 1942 sui
1727 1890 1897 1943 ambul

2008 1884 2065 1935 ὲν
2096 1885 2158 1952 τῇ
2205 1881 2507 1953 Σαμαρείαθ
2544 1880 2677 1951 φέρε
2724 1880 2974 1950 λέγωμεν
3004 1883 3316 1949 ἀναγκαίως
3344 1886 3467 1946 τοὺς
3495 1882 3583 1936 ἐπ’

332 1976 482 2042 lavit,
539 1977 779 2048 fecitque
830 1977 1027 2033 malum
1071 1993 1253 2034 coram
1299 1977 1547 2040 Domino,
1586 1979 1897 2048 quibusdam

2005 1975 2167 2028 αὐτὸν
2211 1973 2659 2044 βεϐασιλευκότας
2689 1975 2747 2025 ὲν
2776 1974 3015 2044 ἡμέραις
3058 1974 3330 2046 Ἀζαρίου,
3360 1974 3455 2028 τοῦ
3489 1973 3586 2029 καὶ

331 2068 644 2123 domesticis
698 2067 813 2122 suis
862 2068 1093 2123 traditus
1142 2078 1226 2123 est
1262 2068 1617 2138 jugulaudus,
1648 2079 1702 2123 et
1729 2069 1903 2138 periit.

330 2157 661 2217 Procedente
692 2160 1033 2229 postmodum
1063 2168 1324 2230 tempore,
1372 2174 1513 2214 anno
1558 2160 1832 2215 tricesimo
1852 2168 1906 2215 et

329 2258 521 2309 octavo
548 2252 695 2322 regni
736 2250 902 2318 Ozias,
936 2267 1122 2307 rursus
1147 2251 1365 2319 ungitur
1388 2267 1550 2321 super
1589 2252 1749 2307 Israel
1798 2252 1909 2307 Sel-

330 2344 464 2409 lum,
510 2350 565 2398 et
586 2352 773 2413 regnat
803 2358 985 2398 mense
1016 2357 1145 2407 uno,
1180 2356 1409 2410 moxque
1459 2360 1488 2395 a
1538 2341 1766 2396 Mauaim
1796 2342 1905 2397 lilio

328 2434 474 2491 Gaze
502 2435 569 2489 de
589 2434 790 2489 Thersa
829 2433 1177 2489 interimitur.
1210 2430 1680 2502 Significatautcm
1722 2432 1900 2488 divina

330 2523 611 2594 Scriptura
642 2526 829 2580 ambos
880 2524 1049 2581 fuisse
1077 2524 1142 2579 de
1173 2524 1436 2594 sanguine
1474 2522 1632 2586 Jebn,
1679 2536 1733 2577 et
1764 2524 1905 2579 Illius

328 2616 448 2688 ejus
485 2617 575 2686 qui
605 2617 804 2673 occidit
835 2615 1044 2680 Achab,
1086 2623 1140 2669 et
1166 2614 1366 2669 liberos
1398 2613 1534 2681 ejus,
1566 2626 1620 2668 et
1647 2613 1857 2668 Iezabel
1883 2631 1898 2679 ;

328 2710 414 2766 cui
451 2711 611 2767 etiam
642 2708 889 2776 promisit
923 2708 1089 2762 Dens:
1123 2727 1142 2759 ι
1173 2707 1291 2761 Filii
1328 2708 1404 2761 tui
1437 2722 1607 2776 usque
1642 2707 1707 2759 ad
1740 2722 1902 2772 quar-

330 2813 438 2855 tam
458 2800 861 2867 generationem
879 2799 1138 2855 sedebunt
1152 2812 1314 2867 super
1338 2798 1586 2852 thronum
1607 2807 1757 2851 tuum
1784 2797 1846 2851 ιτ.
1876 2816 1894 2849 ι

330 2895 588 2964 Regnavit
608 2894 770 2963 igitur
803 2891 1034 2946 Mauaim
1064 2905 1225 2960 super
1255 2888 1419 2945 Israel
1459 2904 1581 2943 cum
1609 2890 1899 2943 occidisset

329 2986 553 3049 Sellum,
585 3002 604 3036 ι
636 2984 701 3038 Ει
722 2982 847 3038 fecit
877 2981 1101 3047 malum,
1125 2980 1317 3049 inquit,
1411 2980 1463 3033 in
1481 2979 1650 3033 oculis
1668 2978 1896 3033 Domini.

2020 2066 2214 2130 Ὀζίου,
2270 2067 2363 2119 καὶ
2397 2064 2577 2127 ποίαις
2600 2065 2795 2127 αὐτοὺς
2814 2069 3117 2137 συμφοραῖς
3139 2066 3479 2136 συμϐέϐηκεν
3510 2068 3591 2120 ἐν·

2006 2158 2226 2221 αλῶναι,
2250 2157 2780 2229 κατηρῤωστηκότας
2804 2157 3049 2221 ἐκτόπως
3069 2159 3167 2229 τὴν
3192 2159 3417 2228 βέϐηλον
3437 2159 3588 2212 είδωο

2005 2253 2310 2325 λολατρίαν.
2339 2251 2475 2320 Ἤδη
2499 2251 2678 2304 τοίνυν
2707 2250 2947 2302 εἰκοστὸν
2976 2250 3070 2302 καὶ
3090 2249 3271 2317 ὄγδοον
3287 2248 3405 2311 ἔτος
3420 2250 3477 2302 ἐν
3509 2247 3590 2319 τῷ
3648 2320 3649 2323 η

2009 2344 2313 2415 βασιλεύειν
2357 2343 2572 2413 ἔχοντος
2611 2341 2811 2405 ὐζίου,
2839 2340 2933 2394 τοῦ
2979 2340 3071 2393 καὶ
3108 2339 3380 2410 Ἀζαρίου,
3421 2339 3581 2402 Ἀζα-

2007 2440 2129 2513 ρίας
2176 2442 2381 2512 ἕτερος,
2430 2439 2523 2494 τοῦ
2579 2438 2884 2510 Ἰεροϐοάμ,
2931 2434 3311 2507 βεϐασίλευκεν
3354 2430 3449 2484 ἐπὶ
3492 2429 3585 2482 τὸν

2016 2531 2229 2603 Ἰσραὴλ
2260 2533 2434 2601 μῆνας
2462 2531 2545 2594 ἒξ.
2591 2530 2810 2600 Ἐπειδὴ
2842 2530 2935 2582 καὶ
2968 2527 3128 2589 αὐτὸς
3160 2528 3217 2577 ὲν
3262 2522 3366 2592 ὁδῷ
3412 2520 3585 2574 πεπό-

2004 2640 2192 2693 ρευται
2218 2622 2313 2676 τοῦ
2339 2622 2566 2693 πατρὸς,
2591 2622 2685 2675 καὶ
2705 2621 2928 2690 ἐποίησε
2958 2618 3018 2671 τὸ
3046 2616 3279 2687 πονηρὸν
3308 2616 3364 2667 ὲν
3393 2610 3584 2680 ὀφθαλ-

2005 2716 2127 2784 μοῖς
2154 2714 2382 2784 Κυρίου,
2414 2712 2620 2767 δέδοταί
2668 2728 2777 2764 τισι
2810 2711 2920 2764 τῶν
2961 2708 3176 2763 οἰκείων
3219 2707 3302 2769 είς
3345 2702 3578 2774 σφαγὴν,

2002 2805 2096 2858 καὶ
2124 2804 2190 2875 δὴ
2216 2804 2507 2858 διόλλυται.
2536 2802 2825 2873 Προϊόντος
2852 2801 2909 2853 δὲ
2938 2797 3032 2853 τοῦ
3066 2798 3259 2869 καιροῦ
3289 2795 3492 2858 λοιπὸν,
3524 2795 3583 2849 ἐν

2001 2895 2112 2949 ἔτει
2139 2895 2447 2968 τριακοστῷ
2474 2895 2571 2949 καὶ
2601 2894 2773 2964 ὀγδόῳ
2809 2891 3087 2962 βασιλείας
3137 2890 3334 2954 Ὀζίου,
3373 2887 3581 2958 χρίεται

2000 2988 2162 3042 πάλιν
2210 2988 2302 3041 ἐπὶ
2351 2987 2441 3041 τὸν
2502 2986 2771 3059 ’ῐσραὴλδ
2806 2984 3050 3055 Σελούμο
3103 2983 3197 3037 καὶ
3231 2980 3579 3051 βεϐασίλευκε

324 3078 445 3133 Non
493 3076 716 3133 recessit
762 3075 827 3130 ab
854 3074 1105 3130 omnibus
1166 3072 1406 3143 peccatis
1460 3070 1747 3127 Jeroboam
1800 3071 1893 3126 ﬁlii

2002 3080 2170 3150 μηνὸς
2215 3079 2453 3151 ἡμέρας.
2512 3080 2803 3151 Ἀνῄρηται
2847 3077 2957 3148 γάρ
3002 3075 3163 3139 εὐθὺς
3214 3074 3316 3128 ὑπὸ
3353 3071 3582 3143 Μαναῖμ

326 3170 536 3231 Nadab,
582 3167 673 3235 qui
714 3179 939 3236 peccare
969 3164 1096 3219 fecit
1128 3162 1292 3217 Israel
1326 3162 1389 3216 ίθ.
1424 3182 1443 3216 ι
1480 3163 1755 3233 Regnaute
1793 3178 1893 3217 au-

326 3273 433 3319 tem
451 3259 703 3324 lIIanaim,
719 3272 782 3312 ac
806 3255 1037 3325 Deums
1056 3253 1363 3311 oﬂ‘endenle
1384 3253 1525 3322 quod
1550 3254 1895 3307 vehementer

324 3354 582 3409 falsorum
599 3352 818 3406 deorum
840 3347 1040 3403 cultum
1060 3355 1377 3409 sectaretur,
1395 3345 1529 3400 Phul
1545 3344 1890 3414 Assyriorum

324 3460 419 3501 rex
450 3460 572 3499 cum
603 3441 797 3498 infesto
846 3438 1089 3495 exercitu
1125 3437 1405 3506 ingressus
1441 3447 1527 3493 est
1563 3436 1885 3492 Samariam.

322 3536 422 3593 Cui
449 3552 568 3591 cum
598 3534 854 3589 resistere
883 3530 1113 3586 Mauaim
1140 3544 1245 3585 non
1280 3539 1487 3598 posset,
1525 3530 1711 3600 grandi
1732 3544 1892 3597 peru-

323 3632 413 3687 nia
443 3636 721 3684 numerata
755 3639 1025 3680 recessum
1065 3632 1118 3678 et
1152 3637 1336 3691 pacem
1364 3622 1647 3691 persuasit.
1677 3621 1891 3678 Mortuo

323 3719 553 3776 Mauaim
588 3730 731 3773 anno
788 3715 958 3770 altero
995 3724 1048 3769 ct
1087 3713 1533 3784 quinquagesimo
1575 3710 1738 3777 Ozize,
1772 3722 1892 3782 post

321 3822 603 3865 excessum
632 3804 801 3874 patris
833 3803 1055 3873 ungitur
1080 3803 1133 3858 in
1167 3817 1346 3872 regem
1377 3801 1732 3871 Jerosolymis
1764 3802 1891 3858 Joa-

323 3901 494 3962 tbam,
517 3898 703 3965 dequo
719 3894 976 3963 scriptum
1002 3892 1446 3965 legimusthecit
1468 3895 1608 3964 quod
1637 3894 1888 3963 placitum

322 3996 442 4047 erat
468 4001 651 4041 coram
699 3984 949 4050 Domino,
992 3982 1287 4040 secundum
1329 3983 1509 4042 omnia
1541 3999 1661 4053 qua:
1691 3985 1891 4045 fecerat

318 4088 473 4150 pater
492 4078 627 4145 ejus.
663 4074 1040 4131 Verumtamen
1058 4072 1270 4133 excelsa
1293 4089 1397 4133 nou
1431 4075 1652 4135 abstulit
1676 4095 1689 4131 :
1715 4078 1891 4137 adhuc

321 4169 549 4244 populus
606 4167 943 4234 immolabat,
974 4174 1029 4223 et
1080 4164 1329 4223 adolebat
1385 4167 1662 4229 incensum
1695 4170 1748 4224 iu
1792 4184 1888 4224 ex—

320 4263 482 4319 celsis
515 4261 581 4313 ".
622 4278 641 4313 ι
678 4260 853 4329 Super
887 4256 1050 4313 Israel
1080 4266 1259 4312 autem
1282 4266 1475 4312 unctus
1494 4267 1577 4321 est
1601 4259 1885 4325 Pbaceias,

322 4355 461 4410 Illius
527 4351 784 4411 Mauaitu.
828 4368 845 4399 ι
888 4347 1152 4419 Regnavit
1194 4356 1397 4412 autem,
1457 4349 1652 4415 inquit,
1716 4365 1888 4413 annos

2002 3172 2117 3225 υἱοῦ
2169 3172 2317 3241 Γαζῆ
2377 3169 2471 3225 τοῦ
2539 3174 2605 3225 ὲκ
2658 3170 2877 3241 Θερσίν.
2946 3169 3358 3239 Ἐπεσημήνατο
3407 3166 3466 3219 δὲ
3519 3165 3582 3220 τδ

2000 3264 2237 3335 Γράμμα
2263 3264 2324 3317 τὸ
2359 3264 2522 3335 ἱερὸν,
2556 3265 2640 3317 ὅτι
2673 3263 2961 3332 γεγόνασιν
3000 3262 3127 3326 υἱοὶ,
3179 3260 3273 3314 καὶ
3312 3258 3371 3323 ἐξ
3414 3257 3582 3328 αἷμα-

1997 3374 2087 3419 τος
2101 3352 2240 3427 ἦσαν
2267 3354 2672 3427 ἁμφότεροιτοῦ
2686 3353 2909 3425 Ίηοὺ,ὃς
2926 3353 3211 3407 ἀπέκτεινε
3233 3350 3322 3405 τὸν
3350 3346 3579 3419 ’Δχαά6,

2000 3447 2094 3500 καὶ
2131 3447 2257 3508 τοὺς
2297 3446 2445 3509 υἱοὺς
2474 3444 2662 3510 αὑτοῦ,
2694 3444 2791 3497 καὶ
2810 3445 2911 3513 τὴν
2956 3440 3213 3506 Ἰεζάϐελ,
3248 3432 3292 3508 ᾧ
3347 3441 3443 3495 καὶ
3475 3440 3578 3493 ὐπ-

1998 3541 2185 3610 έσχετο
2230 3540 2258 3591 ὁ
2303 3538 2455 3602 Θεὸς,
2496 3537 2703 3605 λέγων’
2735 3554 2753 3587 ι
2789 3535 2904 3589 Υἱοὶ
2950 3535 3203 3606 τέταρτοι
3246 3531 3579 3602 καθήσονται

1998 3633 2091 3685 ἐπὶ
2113 3631 2206 3685 τοῦ
2237 3630 2448 3701 θρόνου.
2486 3648 2504 3680 ι
2543 3627 2909 3684 Βεϐασίλευγε
2953 3626 3133 3682 τοίνυν
3174 3626 3202 3677 ὁ
3229 3622 3456 3693 Μαναῒμ
3484 3622 3580 3677 ἐπὶ

1995 3723 2087 3777 τὸν
2122 3724 2357 3795 Ἰσραὴλ,
2387 3720 2697 3783 ἀπεκτονὼς
2722 3719 2813 3773 τὸν
2842 3718 3071 3787 Σελοὺμ,
3105 3734 3123 3767 ι
3153 3715 3261 3769 Καὶ
3292 3713 3569 3781 ἐποίησε.»

1996 3811 2153 3882 φησι,
2181 3830 2199 3865 ι
2233 3811 2291 3864 τὸ
2317 3810 2549 3880 πονηρὸν
2576 3811 2633 3862 ἐν
2655 3806 2952 3877 ὀφθαλμοῖς
2974 3805 3200 3872 Κυρίου.
3227 3804 3340 3859 Οὐκ
3364 3802 3572 3873 ἀπέστη

1996 3901 2103 3956 ἀπὸ
2146 3900 2334 3955 πασῶν
2382 3898 2663 3970 ἁμαρτιῶν
2726 3896 3009 3969 Ἱεροϐοάμ
3070 3895 3187 3949 υἱοῦ
3249 3893 3471 3957 Ναϐἀτ,
3515 3892 3577 3956 ὃς

1996 3994 2272 4065 ἐξήμαρτε
2318 3992 2409 4045 τὸν
2464 3990 2698 4062 Ἰσραὴλ.
2758 4010 2778 4043 ι
2835 3988 3217 4050 Βασιλεύοντος
3273 3986 3331 4040 δὲ
3385 3987 3571 4052 αὑτοῦ,

1996 4085 2138 4155 φημὶ
2169 4083 2255 4154 δὴ,
2294 4083 2389 4137 τοῦ
2424 4082 2671 4153 Μαναῒμ,
2703 4081 2798 4136 καὶ
2840 4078 2960 4151 Θεῷ
3005 4078 3453 4150 προσκρούοντος,
3486 4079 3575 4134 διὰ

1994 4177 2055 4229 τὸ
2068 4174 2425 4247 προσκεῖσθαι
2450 4174 2569 4226 λίαν
2594 4176 2713 4237 ταῖς
2735 4173 2845 4229 τῶν
2868 4172 3101 4227 εἰδώλων
3115 4170 3571 4241 ψευδολατρείαις,

1995 4265 2491 4336 καταστρατεύεται
2555 4265 2656 4335 τῆς
2734 4265 3047 4336 Σαμαρείας
3111 4263 3254 4319 Φουά
3319 4261 3570 4332 βασιλεὺς

2008 4358 2325 4430 Ἀσσυρίων.
2368 4358 2464 4411 Ὃν
2502 4356 2816 4426 ἀμύνασθαι
2846 4360 2960 4420 τοῖς
2988 4356 3175 4418 ὅπλοις
3220 4356 3318 4409 οὐκ
3364 4352 3501 4423 ἔχων
3544 4354 3573 4405 ὁ

318 4449 475 4508 duos,
497 4454 551 4498 et
576 4444 700 4498 fecit
734 4440 931 4495 malum
980 4453 1163 4495 coram
1205 4438 1450 4501 Domino,
1479 4440 1886 4511 conjuravitqne

2001 4447 2236 4518 Μαναῒμ,
2286 4445 2501 4508 πολλοῖς
2546 4446 2833 4499 ἀναπείθει
2883 4448 3162 4517 χρήμασιν
3207 4445 3570 4514 ἀποφοιτῆσαι

319 4535 575 4599 adversus
602 4547 722 4586 eum
782 4529 995 4586 Pbaree
1031 4530 1171 4589 illius
1222 4530 1477 4588 [Iouielize
1527 4533 1633 4589 dux
1665 4532 1801 4600 ejus,
1832 4545 1889 4589 et

318 4625 584 4696 percussit
622 4624 818 4679 enmin
845 4622 1182 4690 Samaria,et
1225 4624 1468 4693 regnavit
1506 4640 1603 4695 pro
1634 4639 1699 4679 eo
1725 4608 1888 4695 super

320 4718 503 4775 Israel.
521 4717 586 4772 Et
616 4718 745 4773 fecit
767 4716 964 4772 malum
983 4731 1164 4771 coram
1185 4716 1431 4781 Domino,
1453 4726 1505 4771 et
1535 4733 1638 4773 non
1666 4719 1885 4773 recessit

318 4827 349 4863 ι
376 4810 609 4878 peccatis
639 4808 925 4866 Jeroboam
976 4807 1069 4862 lilii
1106 4805 1299 4872 Nabal,
1356 4808 1447 4878 qui
1499 4823 1724 4877 peccare
1756 4809 1886 4865 l‘eeit

318 4898 486 4956 Israel
523 4901 623 4955 ³⁸.»
661 4902 773 4957 Sub
820 4902 923 4957 hoc
967 4914 1095 4970 rege
1126 4901 1369 4956 ascendit
1403 4899 1887 4970 Theglatpbalasar

320 5005 415 5045 rex
444 4989 812 5061 Assyriorum,
841 5000 915 5055 et,
952 4992 1002 5045 vi
1048 5002 1310 5062 occupata
1342 4991 1591 5046 universa
1619 4991 1883 5057 Samaria,

317 5077 571 5133 Israelem
607 5077 879 5133 transtulit
908 5080 961 5133 in
1011 5080 1281 5151 Assyrios.
1316 5080 1557 5137 Mortuus
1590 5091 1675 5137 est
1708 5090 1885 5138 autem

325 5174 374 5220 et
402 5163 611 5221 Phacee
656 5180 752 5235 per
796 5167 1017 5223 insidias
1043 5168 1217 5233 Oseze,
1244 5171 1335 5224 lilii
1366 5171 1593 5241 Ela,qui
1621 5181 1676 5227 et
1699 5187 1889 5242 regna-

323 5255 511 5327 ritpro
536 5270 601 5312 eo
632 5272 773 5314 anno
802 5258 1056 5314 vicesimo
1107 5259 1356 5319 Joatham
1397 5261 1488 5317 lilii
1534 5262 1792 5319 Azariam
1833 5265 1887 5320 lu

323 5347 506 5403 diebus
536 5347 659 5411 illis,
685 5347 880 5417 inquit,
907 5351 1072 5421 erepit
1098 5351 1360 5411 Dominus
1388 5353 1600 5411 mittere
1623 5355 1672 5408 in
1696 5353 1887 5410 Judam

320 5435 483 5493 Basia
506 5450 683 5509 regem
722 5438 913 5509 Syriae,
951 5451 1005 5496 et
1030 5441 1240 5498 Pbacee
1284 5441 1449 5497 lilium
1483 5441 1734 5500 Rouneliae
1764 5448 1828 5498 ³¹.
1865 5464 1883 5498 ι

320 5523 591 5593 Quoloco
641 5545 822 5587 sermo
848 5543 1144 5591 retrorsum
1204 5534 1365 5590 redit.
1433 5535 1681 5593 Diximus
1742 5537 1886 5593 enim

1993 4539 2091 4610 τῆς
2130 4541 2250 4609 γῆς,
2282 4538 2374 4590 καὶ
2419 4536 2579 4591 λῦσαι
2604 4535 2704 4609 τὴν
2746 4538 2947 4608 μάχην.
2994 4536 3209 4607 Ἐπειδὴ
3248 4536 3304 4589 δὲ
3333 4532 3572 4586 τετελεύ-

1990 4647 2158 4701 τηκεν
2189 4631 2217 4682 ὁ
2262 4629 2489 4700 Μαναῖμ
2521 4632 2579 4684 ὲν
2605 4630 2714 4683 ἔτει
2744 4629 2929 4683 λοιπὸν
2957 4626 3304 4699 πεντηκοστῷ
3332 4627 3425 4681 καὶ
3457 4626 3571 4693 δευο

1990 4720 2133 4792 τέρῳ
2183 4723 2282 4790 τῆς
2328 4719 2604 4790 βασιλείας
2636 4718 2833 4784 Ὀζίου,
2878 4718 3090 4790 χρίεται
3130 4716 3290 4771 πάλιν
3329 4716 3422 4769 ἐπὶ
3468 4715 3567 4785 μὲν

1990 4812 2081 4865 τὸν
2124 4812 2349 4879 Ἰούδαν,
2378 4810 2472 4865 καὶ
2499 4812 2557 4865 ὲν
2591 4810 2984 4882 Ἰεροσολύμοις
3021 4808 3258 4879 Ἰωὰθαμ
3304 4807 3441 4879 μετὰ
3470 4809 3570 4879 τὴν

1990 4903 2084 4957 τοῦ
2133 4902 2338 4974 πατρὸς
2390 4900 2683 4975 τελευτὴν,
2738 4902 2868 4973 περὶ
2926 4893 2987 4955 οὗ
3054 4902 3399 4974 γέγραπται,
3487 4900 3570 4953 ὅτι

1997 5014 2018 5049 ι
2084 4997 2335 5067 Ἐποίησε
2378 4995 2438 5049 τὸ
2473 4995 2628 5061 sset;
2690 4996 2748 5049 ἐν
2795 4995 3095 5068 ὀφθαλμοῖς
3154 4996 3382 5064 Κυρίου,
3429 4990 3569 5045 κατά

1992 5088 2169 5147 πάντα
2202 5088 2305 5141 ὅσα
2347 5087 2602 5159 ἐποίησεν
2647 5088 2827 5152 Ὀζίας
2873 5088 2901 5139 ὁ
2950 5087 3132 5155 πατὴρ
3161 5083 3343 5138 αὑτοῦ.
3413 5080 3561 5152 Πλὴν

1987 5179 2055 5233 τά
2088 5177 2268 5249 ὑψηλά
2297 5179 2399 5231 οὐκ
2426 5178 2641 5249 ἐξῆρεν·
2672 5178 2751 5232 ἔτι
2780 5180 2809 5231 ὁ
2831 5178 2957 5240 λαὸς
2984 5175 3258 5238 ὲθυσίαζε,
3300 5173 3397 5228 καὶ
3438 5173 3566 5227 ἐθυ-

1992 5271 2091 5342 μία
2133 5273 2191 5324 ὲν
2230 5275 2343 5335 τοῖς
2368 5271 2612 5342 ὑψηλοῖς.
2652 5290 2672 5324 ι
2728 5270 2852 5325 Ἐπὶ
2889 5270 2947 5322 δέ
2976 5287 3039 5337 γε
3068 5269 3160 5323 τὸν
3201 5268 3421 5337 Ἰσραὴλ
3458 5270 3567 5323 Φα-

1989 5360 2121 5425 κέας
2143 5362 2256 5425 υἱὸς
2280 5362 2373 5416 τοῦ
2410 5361 2657 5431 Μαναῖμ,
2698 5377 2718 5412 ι
2759 5359 3119 5421 Βεϐασίλευκε
3150 5357 3228 5421 δέ,
3262 5358 3448 5427 φησιν,
3470 5358 3564 5429 ἔτη

1987 5451 2101 5517 δύο,
2133 5452 2227 5505 καὶ
2266 5452 2488 5523 ἐποίησε
2535 5451 2596 5505 τὸ
2628 5451 2862 5523 πονηρὸν
2899 5452 2959 5504 ὲν
2987 5449 3287 5519 ὀφθαλμοῖς
3331 5449 3557 5519 Κυρίου.

1986 5535 2122 5596 Εἶτα
2153 5543 2517 5614 συνεστράφη,
2562 5541 2719 5612 φησι,
2750 5541 2840 5593 ἐπ’
2869 5539 3032 5595 αὐτὸν
3091 5539 3287 5604 Φακεὲ,
3331 5538 3447 5603 υίὸς
3471 5535 3563 5589 τοῦ

394 5708 616 5768 “Num.
656 5728 712 5780 ν,
746 5712 801 5769 9..
879 5712 918 5746 ¹⁷
944 5710 1009 5769 IV
1039 5710 1170 5782 Reg.
1204 5728 1291 5785 xv,
1324 5712 1408 5769 12.
1490 5714 1532 5749 ¹⁸
1570 5713 1637 5769 IV
1673 5713 1804 5785 Reg.
1835 5730 1967 5784 xvtt,
2000 5715 2109 5771 I-8.
2195 5718 2234 5750 ’ν
2261 5716 2388 5773 ibid.
2418 5716 2609 5772 52-35.
2687 5718 2733 5750 ²⁰
2765 5714 2895 5775 ibid.
2931 5713 3119 5771 23-26.
3178 5716 3224 5749 “
3260 5714 3392 5771 ibid.
3431 5713 3521 5772 37.
