4002 6220
312 336 390 393 2i
890 366 901 373 -
1274 329 1825 387 COMMENTARIUS
1858 329 1924 385 IN
1964 328 2194 386 OSEAM
2233 328 2673 399 PRQPHETAM.
3539 326 3621 383 99’

324 448 671 518 Ῥομελίου,
712 446 742 499 6
770 444 1066 516 τριστάτης
1092 443 1279 501 αὑτοῦ.
1310 446 1422 501 Καὶ
1460 448 1727 513 ἐπάταξεν
1773 447 1934 503 αὑτὸν

2048 456 2310 502 mortuum
2366 446 2597 514 Phacee,
2639 446 2782 504 Olea
2827 446 2935 501 tilio
2990 444 3153 499 Elarn
3185 444 3609 515 coniurationem

316 541 381 593 ἐν
426 536 761 608 ὶὴμαρείᾳ,
811 536 908 590 καὶ
939 533 1323 605 βεϐασίλευκεν
1366 537 1481 590 ἀντ’
1509 538 1674 591 αὐτοῦ
1714 538 1806 591 ἐπὶ
1847 536 1940 590 τὸν

2048 548 2093 593 et
2120 539 2345 595 insidias
2373 540 2426 594 in
2472 540 2618 594 illum
2651 546 3023 608 comparante.
3056 536 3160 592 Sed
3213 537 3355 607 quod
3402 546 3611 603 tempo-

329 628 607 700 Ἰσραὴλ,
644 628 741 683 καὶ
769 625 996 696 ἐποίησε
1030 625 1092 678 τὸ
1130 626 1365 697 πονηρὸν
1406 628 1467 681 ἐν
1494 628 1789 698 ὀφθαλμοῖς
1828 629 1941 682 Κυ-

2048 632 2189 685 ribus
2235 629 2351 697 ejus
2400 631 2616 694 accidit,
2647 630 2699 683 in
2754 629 2988 683 medium
3050 628 3379 682 narrationis
3437 627 3607 680 addu-

2037 722 2170 776 cit.t
2202 721 2384 791 Cmpit
2411 722 2578 785 enim,
2626 720 2824 790 inquit,
2860 718 3116 772 Dominus
3166 718 3378 773 mittere
3423 717 3612 771 diehtts

2040 811 2145 866 illis
2168 812 2219 865 in
2237 809 2425 864 ludam
2458 811 2657 864 Rhasin
2688 824 2865 879 regem
2891 808 3083 877 Syriae,
3120 817 3175 862 et
3213 809 3422 863 Phacee
3446 806 3611 860 ﬁlium

2041 903 2317 958 Romelize.
2350 922 2370 956 ι
2404 902 2615 957 Phacee
2654 916 2888 969 namque
2931 901 3189 955 ltomeliae
3236 902 3375 956 ﬁlius
3397 899 3613 954 Jeroso-

322 720 483 794 ρίου,
538 720 637 772 καὶ
666 718 769 772 οὐκ
811 717 1025 787 ἀπέστη
1064 716 1184 770 ἀπὸ.
1204 717 1323 772 τῶν
1342 719 1625 791 ἁμαρτιῶν
1662 719 1942 791 Ἰεροὸοὰμ

322 811 455 865 υἱοῦ
509 810 747 875 Νασὰτ,
793 809 854 872 δς
909 808 1184 879 ἐξήμαρτε
1242 810 1341 864 τὸν
1403 812 1643 883 Ἰσραήλ.
1696 831 1716 865 ι
1766 811 1957 873 Atiam?

329 902 735 974 βασιλεύοντος
773 899 943 969 ἀνέϐη
988 900 1417 974 θεγλαόαλασὰρ
1449 901 1702 972 βασιλεὺς
1747 891 1978 955 ’Δσσυῗ

333 992 497 1064 ρίων,
530 992 596 1055 ὃς
633 992 819 1044 πᾶσαν
867 988 1005 1042 ἐλὼν
1043 988 1183 1044 κατὰ
1214 991 1415 1061 κράτος
1460 992 1559 1062 τὴν
1600 991 1937 1061 Σαμάρειαν,

338 1082 604 1153 ἀπῴκισε
645 1081 740 1134 τὸν
795 1080 1016 1153 Ἰσραὴλ
1061 1082 1142 1144 είς
1184 1081 1521 1152 Ἀσσυρίους.
1573 1082 1939 1153 Τετελεύτηκε

341 1175 400 1228 δέ
448 1177 547 1228 καὶ
593 1176 623 1228 6
676 1173 879 1236 Φακεέ,
934 1172 1245 1245 συστροφὴν
1286 1174 1371 1228 ἐπ’
1410 1174 1575 1229 αὑτὸν
1617 1177 1940 1246 ποιήσαντος

360 1269 526 1338 Ὠσηὲ
553 1268 651 1321 τοῦ
686 1267 808 1321 υἱοῦ
847 1267 1006 1332 Ἦλὰ,
1028 1267 1087 1329 ὃς
1112 1267 1206 1321 καὶ
1234 1267 1587 1322 ἐϐασίλευσεν
1608 1270 1723 1323 ἀντ’
1750 1268 1936 1333 αὐτοῦ,

352 1360 412 1413 ἐν
438 1360 549 1413 ἔτει
576 1359 816 1428 εἰκοστῷ
870 1358 1112 1428 Ἰωάθαμ
1148 1357 1265 1411 υἱοῦ
1308 1358 1582 1431 Ἀζαρίου.
1630 1377 1651 1411 ι
1709 1359 1848 1413 Ἀλλ’
1883 1362 1940 1413 ἐν

356 1454 479 1514 ταῖς
512 1451 751 1522 ἡμέραις
783 1450 1044 1513 ἐκείναις,
1076 1450 1258 1520 φησὶν,
1284 1450 1487 1521 ἤρξατο
1510 1449 1714 1521 Κύριος
1743 1450 1940 1515 ἐξαπο-

362 1542 601 1596 στέλλειν
631 1545 691 1595 ἐν
740 1541 910 1596 ἰούδα
949 1541 1041 1594 τὸν
1078 1536 1322 1595 Ῥαάσὼν
1353 1540 1576 1610 βασιλέα
1602 1541 1824 1612 Συρίας,
1846 1542 1941 1595 καὶ

355 1632 448 1686 τὸν
474 1632 656 1686 Φακεέ
680 1632 796 1685 υἱὸν
837 1632 1135 1702 Ῥομελίου.
1162 1651 1181 1683 ι
1201 1632 1417 1685 Ἀνόπιν
1446 1634 1575 1702 ήμῖν
1601 1634 1658 1687 ἐν
1679 1632 1886 1696 τούτοις
1911 1634 1941 1686 6

350 1723 527 1792 λόγος
551 1725 794 1794 ἔρχεται.
827 1724 1067 1792 Ἐφαμεν
1091 1723 1220 1794 γὰρ,
1246 1724 1327 1775 ὅτι
1355 1722 1740 1794 τετελεύτηκεν
1786 1724 1815 1774 6
1835 1724 1941 1774 Φα-

2040 992 2275 1061 lymitas,
2342 1001 2595 1061 tanquam
2636 990 2893 1044 ﬁnitimos
2925 990 3090 1044 armis
3124 990 3414 1044 lacessivit.
3446 988 3612 1043 Cum-

2040 1098 2145 1151 que
2178 1086 2398 1148 acriter,
2430 1092 2484 1137 et
2512 1080 2743 1136 infracto
2794 1083 2988 1135 robore
3019 1081 3118 1135 sibi
3149 1080 3332 1134 resisti
3384 1081 3611 1146 videret,

2040 1173 2241 1228 Rhasin
2273 1173 2554 1244 Syriarum
2586 1187 2762 1243 regem
2789 1172 2855 1225 ad
2887 1186 3035 1226 arma
3062 1186 3240 1226 secum
3265 1170 3613 1241 Jerosolynite

2039 1264 2409 1334 expugnanda:
2437 1262 2797 1319 consocianda
2826 1262 3054 1332 impulit.
3086 1262 3232 1317 Bello
3256 1264 3423 1332 igitur
3451 1263 3613 1316 ador-

2042 1364 2191 1419 nato,
2253 1352 2502 1409 Joatham
2567 1354 2779 1409 Azarize
2836 1353 2976 1409 ﬁlius
3008 1354 3241 1420 decedit,
3270 1363 3341 1409 et.
3387 1367 3610 1422 regnum
3682 1342 3689 1347 ’

2038 1445 2217 1499 Achaz
2252 1444 2391 1499 ﬁlius
2415 1442 2530 1510 ejus
2567 1442 2763 1511 accipit
2802 1443 2869 1508 “,
2900 1445 3060 1497 homo
3094 1442 3529 1511 improbissimus
3553 1450 3612 1495 et

2041 1535 2346 1601 idololatra,
2366 1535 2609 1605 adeoque
2638 1536 2703 1590 ad
2720 1548 2958 1589 errorem
3003 1534 3176 1589 insani
3211 1532 3471 1589 idolorum
3500 1530 3614 1586 cul-

2042 1636 2127 1681 tus
2165 1627 2367 1687 ebrius.
2410 1636 2467 1681 ut
2493 1636 2547 1680 et
2577 1626 2740 1680 ﬁlium
2768 1640 2925 1680 suum
2953 1640 3049 1694 per
3072 1626 3246 1694 ignem
3271 1624 3612 1689 transferret,

2041 1725 2095 1771 et
2148 1718 2213 1769 ad
2272 1718 2500 1785 quodvis
2544 1725 2739 1769 tetrum
2780 1717 2988 1771 facinus
3027 1716 3343 1781 declinaret,
3390 1724 3445 1769 et
3486 1715 3616 1769 ado-

351 1780 488 1877 κεέ,
510 1780 526 1786 -
730 1813 821 1867 τοῦ
846 1780 983 1867 υἱοῦ.
1002 1780 1133 1867 ἰιλᾶ
1159 1780 1485 1885 σύστρεμμα
1528 1780 1939 1886 καίέπισουλὴν

2048 1809 2173 1863 leret
2201 1808 2475 1862 incensum
2503 1807 2554 1861 in
2583 1807 2830 1872 excelsis,
2868 1816 2922 1860 et
2976 1807 3076 1861 sub
3114 1807 3259 1861 omni
3290 1806 3436 1877 ligno
3467 1805 3615 1860 l‘rou-

354 1905 455 1957 ἐπ⁴
479 1903 646 1956 αὐτόν
683 1921 805 1957 τινα
835 1904 1227 1975 ποιησαμένου.
1269 1905 1415 1976 Πλὴν
1442 1906 1499 1958 ἐν
1531 1905 1742 1975 χρόνοις
1775 1906 1940 1961 αὑτοῦ

356 1994 618 2062 γεγονὸς,
664 1998 744 2058 εἰς
792 1995 953 2064 μέσον
994 1996 1121 2065 ἄγει
1170 1996 1432 2066 διήγημα.
1485 2017 1504 2050 ι
1542 1996 1780 2068 Ἤρξατο
1807 1998 1939 2068 γὰρ,

361 2085 522 2153 φησι,
556 2084 762 2153 Κύβος
790 2085 844 2137 ἐν
863 2087 986 2149 ταῖς
1006 2085 1244 2157 ἡμέραις
1269 2088 1508 2150 ἐκείναις
1534 2087 1941 2151 ἐξαποστέλλειν

366 2178 425 2229 ἐν
489 2176 663 2231 Ἰούδα
712 2176 803 2231 τὸν
859 2177 1107 2232 Ῥαασὼν
1181 2177 1406 2247 βασιλέα
1451 2178 1668 2250 Συρίας,
1720 2180 1814 2233 καὶ
1851 2180 1943 2233 τὸν

369 2267 543 2320 Φακεέ
572 2267 685 2319 υἱὸν
725 2268 1025 2339 Ῥομελίου.
1063 2288 1082 2320 ι
1114 2268 1287 2322 Φακεέ
1322 2270 1431 2341 γὰρ
1462 2272 1492 2323 6
1529 2270 1623 2323 τοῦ
1662 2270 1941 2340 Ῥομελίου

369 2359 747 2429 πεπολέμηκεν
777 2360 853 2424 ὡς
883 2361 1115 2431 ὁμόρους
1146 2361 1305 2424 ὄντας
1324 2362 1451 2424 τοὺς
1488 2360 1938 2431 Ἱεροσολυμίτας.

384 2452 600 2522 Ἐπειδὴ
639 2453 697 2505 δὲ
735 2452 916 2521 δεινὴν
950 2454 1045 2506 καὶ
1089 2454 1391 2523 ἄθραυστον
1442 2451 1635 2506 ἐθεᾶτο
1675 2452 1774 2524 τὴν
1802 2452 1945 2506 ἀντί-

386 2556 597 2599 ωιθ,
631 2543 906 2592 humilia
949 2543 1040 2593 τὸν
1071 2544 1318 2595 Ῥαασὼν
1336 2544 1428 2595 τὸν
1458 2542 1681 2611 βασιλέα
1701 2542 1812 2595 τῶν
1836 2542 1943 2595 Σύ-

394 2642 521 2695 ρων,
563 2624 805 2682 σύνοπλον
836 2629 990 2700 αὐτῷ
1028 2631 1274 2698 γενέσθαι
1313 2631 1409 2685 καὶ
1457 2631 1819 2703 συλλήπτορα,
1852 2632 1946 2685 καὶ

378 2716 893 2789 σννεκπολιορκῆσαι
951 2718 1051 2785 τὴν
1122 2720 1493 2791 Ἰερουσαλήμ.
1551 2720 1945 2790 Συνεστηκότος

372 2805 433 2876 δὴ
472 2802 566 2860 οὖν
615 2808 713 2861 τοῦ
777 2811 1036 2880 πολέμου,
1082 2811 1439 2882 τετελεύτηκε
1491 2812 1588 2882 μὲν
1631 2812 1871 2882 Ἰωάθαμ
1917 2814 1945 2866 6

374 2896 480 2959 υίὸς
524 2897 801 2967 Ἀζαρίου.
841 2900 1151 2971 Διαδέχεται
1172 2900 1349 2972 δὲτὴν
1381 2900 1655 2970 βασιλείαν
1688 2901 1897 2971 "Alam:
1916 2902 1947 2953 6

368 2988 481 3051 υίὸς
502 2988 699 3054 αὑτοῦ,
722 2992 956 3062 πονηρὸς
978 2990 1053 3044 ὢν
1090 2990 1229 3059 ἄγαν
1278 2993 1373 3045 καὶ⁵
1400 2991 1810 3062 εἰδωλολάτρης,
1852 2990 1946 3045 καὶ

2041 1902 2196 1965 doso,
2253 1900 2391 1955 sicut
2432 1899 2489 1970 9
2531 1901 2788 1969 scriptum
2836 1907 2917 1953 est
2950 1898 3015 1951 ’-‘.
3050 1897 3416 1953 Conturbatus
3453 1896 3617 1964 Igitur

2039 1994 2237 2059 Achaz,
2271 1992 2621 2061 collectisque
2653 1991 2919 2045 universis
2953 1989 3157 2045 divitiis
3187 2003 3306 2059 quae
3357 1989 3411 2043 in
3453 1987 3615 2043 domo

2040 2084 2251 2138 Domini
2284 2082 2719 2150 inveniebantur,
2781 2094 2876 2152 per
2901 2074 3116 2137 nuntios
3139 2081 3206 2135 ad
3248 2080 3612 2150 Theglatpha-

2041 2176 2185 2230 lasar
2210 2189 2389 2244 regem
2420 2174 2766 2245 Assyriorum
2797 2172 2988 2228 salutis
3008 2172 3309 2228 obtinendae
3332 2186 3495 2227 causa
3525 2185 3617 2226 eas

2045 2265 2363 2320 transmisit.
2424 2265 2680 2335 Assyrius
2739 2264 2902 2334 igitur
2948 2272 3140 2319 contra
3174 2263 3381 2318 Rhasin
3433 2276 3615 2331 regem

2044 2356 2237 2412 bellum
2262 2356 2444 2422 sumit,
2499 2356 2818 2411 Damascum
2863 2354 3038 2426 Syrias
3082 2354 3417 2423 metropolim
3447 2353 3615 2423 capit,

2043 2448 2245 2504 Rhasin
2299 2448 2572 2504 interﬁcit.
2630 2448 2811 2504 Achaz
2867 2448 3209 2517 postmodum
3264 2445 3614 2516 Jerosolymis

2044 2538 2387 2605 Damascum,
2452 2540 2731 2610 Assyrium
2789 2539 3029 2605 visurus,
3076 2538 3373 2594 descendit.
3437 2539 3508 2592 lbi
3559 2539 3616 2592 in

2045 2630 2281 2685 delubris
2318 2629 2581 2685 idolorum
2614 2645 2734 2684 cum
2770 2630 2942 2686 altare
2982 2645 3122 2685 novo
3168 2630 3401 2698 quodam
3437 2637 3491 2683 et
3536 2628 3620 2682 in-

2044 2720 2245 2774 usitato
2292 2720 2452 2774 modo
2484 2729 2860 2776 constructum
2894 2720 3137 2784 vidisset,
3186 2733 3252 2774 eo
3294 2733 3621 2789 magnopere

2046 2809 2366 2874 delectatus,
2426 2809 2653 2865 formam
2700 2812 2819 2881 eius
2854 2826 2952 2868 seu
3008 2809 3287 2879 exemplar
3330 2810 3395 2862 ad
3433 2808 3621 2864 Uriam

2047 2900 2386 2956 sacerdotem
2438 2898 2831 2973 Jerosolymam
2874 2899 3044 2965 misit,
3098 2908 3153 2954 et
3182 2898 3357 2952 simile
3381 2897 3622 2953 construi

2042 2991 2221 3061 jussit.
2250 2993 2367 3058 Quo
2397 2992 2543 3046 illato
2579 2994 2631 3046 in
2676 2991 2895 3046 domum
2929 2990 3161 3056 Domini,
3194 2999 3249 3045 et
3282 2999 3487 3044 tantum
3515 3004 3620 3043 non

370 3075 733 3145 καταμεθύων
752 3077 889 3132 οὕτω
905 3079 1041 3150 πρὸς
1074 3080 1342 3149 πλάνησιν
1371 3081 1728 3152 είδωλομανῆ,
1748 3081 1824 3144 ὡς
1843 3083 1940 3135 καὶ⁸

2048 3091 2229 3152 spreto
2253 3097 2315 3136 ac
2341 3092 2652 3152 contempto
2677 3083 2818 3151 quod
2865 3080 3041 3137 Moses
3070 3080 3164 3136 Dei
3189 3081 3466 3135 voluntate
3492 3079 3625 3133 fece-

366 3166 458 3219 τὸν
483 3168 614 3221 ἴδιον
634 3168 753 3223 υἱὸν
773 3169 1048 3239 διαγαγεῖν
1066 3173 1125 3225 ἐν
1149 3172 1303 3243 πυρὶ,
1326 3173 1420 3226 καὶ
1457 3177 1593 3243 πρὸς
1620 3176 1730 3227 πᾶν
1767 3172 1943 3228 ὁτιοῦν

366 3258 669 3314 ἁπονεῦσαι
742 3260 850 3316 τῶν
914 3261 1195 3329 ἐκτόπων,
1280 3264 1376 3316 καὶ
1444 3262 1643 3335 θυμιᾷν
1711 3263 1772 3318 ἐν
1831 3266 1945 3328 τοῖς

369 3348 617 3419 ὺᾴηλοῖς,
682 3351 782 3405 καὶ
850 3352 1107 3407 ὑποκάτω
1158 3353 1360 3416 παντὸς
1410 3353 1566 3418 ξύλου
1633 3353 1903 3417 ἀλσώδους
1927 3394 1945 3421 ,

368 3441 511 3493 κατὰ
571 3440 635 3494 τὸ
709 3442 1113 3513 γεγραμμένον.
1167 3443 1615 3515 Τεθορυὸημένος
1662 3444 1726 3515 δὴ
1774 3441 1866 3499 οὖν
1917 3445 1947 3497 6

373 3529 601 3599 ’Δχατζ,
636 3531 818 3584 πάντα
868 3532 1208 3602 συνενεγκὼν
1254 3534 1346 3588 τὸν
1389 3533 1619 3587 πλοῦτον
1658 3534 1748 3588 τὸν
1791 3536 1946 3607 εὕρεο

369 3618 533 3674 Θέντα
557 3623 617 3675 ἐν
632 3621 768 3693 οἴκῳ
784 3624 1010 3695 Κυρίου,
1034 3623 1350 3678 ἀποστέλλει
1370 3624 1507 3695 πρὸς
1523 3624 1946 3697 Θεγλαϐαλασὰρ

373 3712 603 3782 βασιλέα
643 3714 961 3786 Ἀσσυρίων,
994 3716 1090 3768 κα)⁸
1119 3715 1387 3779 σώζεσθαι
1419 3716 1485 3769 δι’
1512 3716 1675 3769 αὑτοῦ
1707 3718 1949 3787 παρεκά-

371 3798 799 3869 λει.⁹οπλίζεται
847 3808 1027 3862 τοίνυν
1062 3806 1343 3877 Ἀσσύριος
1390 3807 1529 3861 κατὰ
1573 3808 1674 3877 τῆς
1707 3807 1949 3863 Ῥαασὼν

375 3896 676 3967 βασιλείας,
702 3900 797 3954 καὶ
824 3900 1035 3970 δέχεται
1061 3900 1158 3970 μὲν
1178 3900 1280 3973 τὴν
1302 3901 1611 3971 Δαμασκὸν,
1637 3901 1671 3970 ἦ
1701 3904 1815 3954 ἐστι
1847 3918 1951 3972 μη-

377 3986 636 4055 τρόπολις
661 3989 758 4058 τῆς
788 3990 1007 4059 Συρίας,
1038 3992 1250 4063 ἀναιρεῖ
1290 3991 1348 4044 δέ
1390 3992 1481 4045 τὸν
1516 3991 1781 4047 Ῥαασών.
1818 3988 1951 4047 Εἶτα

374 4075 621 4129 κάτεισιν
644 4078 851 4147 ’Δχατζ
878 4079 943 4132 ἐκ
969 4078 1076 4132 τῶν
1110 4080 1492 4151 Ἱεροσολύμων
1530 4081 1609 4143 εἰς
1639 4083 1949 4151 Δαμασκὸν,

378 4166 647 4237 ὀψόμενος
670 4167 759 4221 τὸν
793 4168 1091 4239 Ἀσσύριον.
1110 4171 1196 4223 Ἐν
1228 4171 1286 4225 δέ
1324 4172 1439 4234 τοῖς
1467 4171 1577 4225 τῶν
1605 4171 1839 4226 εἰδώλων
1862 4190 1953 4226 τε-

382 4258 570 4327 μένεσι
598 4259 977 4332 θυσιαστήριον
1026 4262 1307 4332 ἑωρακὼς,
1337 4264 1680 4335 καινοπρεπῆ
1714 4282 1833 4318 τινα
1861 4266 1955 4320 καὶ

381 4350 525 4421 ἀήθη
570 4352 911 4423 κατασκευὴν
962 4352 1102 4423 ἔχον,
1141 4356 1234 4407 καὶ
1280 4355 1466 4426 ἡσθεὶς
1494 4358 1581 4410 ἐπ’
1622 4357 1770 4429 αὑτῷ
1811 4358 1952 4423 λίαν,

2047 3186 2148 3241 rat,
2204 3189 2368 3243 super
2416 3189 2481 3230 eo
2528 3174 2794 3230 sacriﬁcia
2840 3172 3102 3229 solemnia
3142 3172 3440 3243 perpetrari
3470 3187 3624 3225 man-

2045 3268 2209 3323 davit.
2245 3266 2367 3320 Alia
2428 3276 2626 3334 praeter
2650 3265 2765 3319 haec
2801 3264 2854 3319 in
2925 3265 3144 3334 templo,
3205 3279 3300 3335 pro
3360 3263 3624 3319 arbitratu

2047 3356 2465 3420 inconsiderate,
2491 3364 2546 3410 et
2582 3354 2691 3410 Deo
2730 3355 2897 3409 invito
2935 3355 3170 3410 novavit.
3219 3355 3358 3420 Quin
3401 3363 3457 3409 et
3492 3363 3620 3407 tem-

2045 3447 2266 3514 poribus
2294 3446 2430 3515 ejus,
2458 3445 2752 3500 etiamnum
2780 3445 2993 3500 vivente
3026 3444 3165 3499 Osee
3187 3443 3297 3498 ﬁlio
3329 3443 3477 3498 Elam
3499 3457 3624 3511 rege

2044 3535 2229 3600 Israel,
2256 3535 2496 3590 ascendit
2518 3536 2862 3589 Salmanasar
2891 3549 2979 3588 rex
2996 3535 3340 3605 Assyriorum
3365 3533 3626 3587 adversus

2048 3627 2236 3693 Israel,
2287 3635 2608 3695 vastataque
2636 3623 2905 3689 Samaria,
2954 3627 3019 3681 ad
3090 3636 3305 3680 montes
3338 3633 3391 3680 et
3438 3624 3630 3678 ﬂuvios

2047 3719 2325 3775 Medorum
2354 3720 2526 3787 ipsum
2557 3718 2845 3774 transtulit.
2882 3720 3017 3774 Osee
3045 3733 3259 3788 quoque
3292 3718 3409 3772 neci
3452 3716 3627 3783 dedit,

2048 3808 2189 3877 quod
2216 3823 2409 3861 mauaa
2445 3806 2706 3878 (signum
2737 3806 3131 3876 subjectionis)
3171 3820 3275 3859 non
3336 3805 3622 3868 attulisset,

2050 3903 2182 3970 quin
2253 3901 2432 3969 potius
2496 3899 2719 3970 Egypti
2770 3914 2949 3970 regem
3000 3899 3199 3955 auxilio
3262 3905 3510 3953 vocasset
3553 3897 3622 3950 “.

2049 3994 2233 4049 Acha:
2262 4008 2293 4048 e
2314 3992 2451 4048 vivis
2476 4002 2748 4061 exempto,
2787 3991 3031 4061 regnavit
3060 3990 3318 4044 Ezechias
3343 3988 3484 4043 ﬁlius
3509 3987 3627 4054 ejus

2052 4098 2216 4152 super
2245 4081 2436 4138 Judam
2461 4083 2514 4137 in
2543 4079 2864 4137 Jerusalem.
2887 4078 2982 4134 Hic
3003 4078 3105 4133 fuit
3126 4079 3209 4132 vir
3236 4080 3379 4147 pius,
3401 4076 3631 4145 etjnsti-

2056 4176 2143 4228 tia;
2181 4189 2340 4242 quam
2400 4172 2854 4234 studiosissimus,
2900 4180 2959 4222 ut
3008 4169 3328 4223 immensum
3366 4177 3627 4236 quantum

2055 4275 2219 4329 supra
2246 4261 2381 4313 alios
2410 4260 2463 4312 in
2488 4260 2572 4312 his
2596 4258 3066 4327 excellercmlpse
3089 4257 3302 4312 excelsa
3324 4257 3625 4325 dissipavit,

2058 4362 2112 4405 et
2129 4350 2280 4404 lucos
2300 4347 2548 4412 succidit,
2578 4355 2632 4400 et
2651 4356 2768 4400 erat
2786 4345 3044 4399 Dominus
3060 4359 3179 4399 cum
3204 4346 3381 4400 00”.»
3397 4346 3473 4401 Eo
3502 4360 3627 4416 rege

377 4439 685 4509 ἐκτύπωμα
712 4440 911 4505 λαϐὼν,
934 4443 1253 4497 ἀποστέλλει
1281 4445 1419 4517 πρὸς
1451 4446 1653 4516 Οὐρίαν
1682 4446 1771 4499 τὸν
1807 4449 1947 4518 ἱερέα

2061 4441 2306 4497 ascendit
2358 4438 2709 4495 Senachcrim
2764 4453 2857 4492 rex
2884 4436 3226 4508 Assyriorum
3258 4437 3328 4492 ad
3381 4438 3630 4494 civitates

379 4529 441 4581 ἐν
498 4531 610 4592 τοῖς
645 4530 1068 4605 Ἰεροσολύμοις,
1121 4533 1217 4586 καὶ
1260 4534 1324 4605 δὴ
1369 4536 1488 4588 κατ’
1521 4536 1653 4590 αὐτὸ
1703 4537 1956 4604 γενέσθαι

378 4622 768 4692 προστέταχεν.
817 4622 1153 4692 Είσενεγκὼν
1200 4625 1257 4679 δέ
1303 4628 1360 4679 ἐν
1406 4626 1539 4697 οίκῳ
1590 4628 1822 4704 Κυρίου,
1861 4630 1956 4683 καὶ

383 4715 666 4783 μονονουχὶ
698 4713 790 4767 καὶ
817 4715 1087 4785 ἀτιμάσας
1135 4716 1196 4769 τὸ
1242 4718 1379 4771 κατὰ
1424 4718 1675 4788 βούλησιν
1704 4720 1839 4773 Θεοῦ
1869 4720 1957 4775 διὰ

380 4804 623 4867 Μωσέως
656 4808 1040 4876 γεγενημένον,
1068 4809 1154 4861 ἐπ’
1185 4808 1333 4879 αύτῷ
1374 4808 1614 4881 πληροῦν
1640 4809 1709 4863 τὰ
1741 4828 1955 4881 νενομι-

389 4891 556 4959 σμένα
587 4894 944 4963 προστέταχε.
968 4897 1077 4949 Καὶ
1102 4896 1264 4967 ἔτερα
1285 4897 1341 4949 δὲ
1374 4896 1510 4968 πρὸς
1538 4898 1746 4962 τούτοις
1768 4915 1958 4952 κεκαι-

382 4980 682 5053 νούργηκεν
724 4985 781 5036 ἐν
811 4984 890 5055 τῷ
912 4985 1042 5056 ναῷ,
1072 4987 1211 5041 κατὰ
1235 4987 1296 5039 τὺ
1326 4986 1475 5058 αύτῷ
1511 4987 1722 5055 δοκοῦν,
1767 4990 1957 5060 ἀπερι-

380 5075 651 5142 σκέπτως,
684 5079 781 5130 καὶ
821 5078 1133 5150 ἁπᾳδόντως
1161 5079 1302 5149 Θεῷ.
1321 5080 1479 5132 Ἀλλὰ
1511 5082 1605 5134 καὶ
1630 5083 1688 5134 ἐν
1714 5084 1825 5145 τοῖς
1857 5082 1955 5134 αύ-

374 5166 475 5220 τοῦ
530 5171 764 5239 καιροῖς,
793 5169 872 5222 ἐτι
923 5170 1121 5234 ζῶντος
1156 5172 1314 5244 Ὠσηέ
1362 5172 1477 5225 υἱοῦ
1512 5172 1643 5227 Ἥλὰ
1695 5173 1953 5243 βασιλέως

392 5260 629 5329 Ἰσραὴλ,
659 5261 825 5332 ἀνέϐη
874 5264 903 5315 6
951 5264 1317 5336 Σαλμανασὰρ
1370 5266 1620 5335 βασιλεὺς
1656 5266 1957 5335 ’Δσσυρίων

375 5351 477 5402 ἐπὶ
504 5351 597 5403 τὸν
628 5352 864 5423 Ἰσραὴλ,
890 5353 950 5416 ὃς
976 5355 1328 5428 καταδῃὼσας
1358 5356 1454 5427 τὴν
1472 5357 1802 5427 Σαμάρειαν,
1832 5373 1958 5427 μετ-

373 5439 568 5512 ῴκησε
590 5443 682 5497 τὸν
705 5444 921 5517 Ἰσραὴλ
935 5449 991 5500 ἐν
1013 5448 1186 5519 ὄρεσι,
1205 5451 1296 5502 καὶ
1317 5452 1581 5519 ποταμοῖς
1603 5450 1710 5503 τῶν
1734 5451 1953 5518 Μήδων,

391 5532 710 5588 ’Δπέκτεινε
737 5538 793 5590 δέ
821 5539 912 5592 καὶ
937 5539 1098 5593 αὑτὸν
1122 5540 1300 5612 Ὤσηέ.
1317 5542 1426 5595 Καὶ
1450 5541 1536 5595 διὰ
1560 5542 1717 5595 ποίαν
1742 5542 1953 5607 αίτίαν;

456 5721 502 5753 ⁸⁸
546 5720 609 5775 ιγ
646 5722 788 5792 Reg.
832 5741 942 5794 xvi,
978 5725 1032 5777 2.
1113 5726 1156 5757 ¹⁸
1179 5724 1304 5781 ibid.
1331 5725 1382 5779 ιί.
1460 5727 1503 5758 ³³
1542 5725 1609 5781 IV
1648 5724 1775 5794 Reg.
1819 5740 1950 5795 xm,
1982 5725 2005 5781 l
2040 5740 2189 5794 seqq.

2061 4532 2261 4588 Judzeae
2287 4532 2543 4597 munitas,
2564 4546 2699 4601 quas
2719 4531 2951 4595 obsedit,
2967 4539 3020 4586 et
3043 4531 3180 4587 citra
3202 4531 3437 4587 laborem
3462 4531 3629 4602 cepit.

2059 4625 2213 4681 Tunc
2248 4626 2375 4679 item
2407 4624 2681 4679 Rahsaces
2710 4622 3060 4694 Jerosolyuiis
3088 4624 3329 4688 insultat,
3359 4634 3413 4678 et
3458 4624 3632 4692 impu-

2059 4718 2194 4773 dens
2239 4731 2301 4772 os
2332 4725 2519 4787 contra
2557 4716 2721 4771 Deum
2782 4716 3050 4782 aperiens,
3089 4714 3630 4773 maledicentissimas

2060 4808 2179 4863 illas
2210 4823 2370 4863 voces
2412 4806 2630 4862 emittit.
2652 4803 2804 4858 Tunc
2829 4820 3042 4874 quoque
3064 4805 3170 4859 leto
3205 4804 3326 4858 data
3351 4804 3630 4860 excastris

2062 4901 2413 4971 Assyriorum
2441 4908 2657 4955 centum
2711 4898 2983 4965 octOginta
3014 4896 3257 4966 quinque
3286 4898 3472 4965 millia,
3523 4914 3629 4953 una

2064 5002 2223 5048 nocte
2242 5006 2404 5046 manu
2428 4992 2604 5061 angeli
2637 4987 2903 5043 confecta.
2928 4986 3054 5042 Haac
3077 4988 3283 5045 utiliter
3311 4990 3364 5044 in
3391 5004 3631 5060 praesens

2064 5084 2204 5137 dicta
2228 5093 2352 5138 sunt
2375 5101 2388 5136 :
2414 5082 2605 5149 cuique
2624 5079 2765 5135 enim
2794 5079 3017 5135 istorum
3042 5095 3264 5136 casuum
3285 5084 3631 5153 prepheticus

2065 5175 2153 5230 hic
2212 5189 2393 5229 sermo
2419 5173 2552 5227 scite
2576 5173 2944 5241 quadraverit.
2984 5176 3135 5231 Nunc
3155 5176 3299 5230 enim
3332 5175 3631 5231 Satnaritas

2060 5258 2341 5335 increpat:
2368 5279 2509 5318 nunc
2530 5263 2924 5335 Jcrosolymilis
2948 5266 3194 5321 hostilem
3219 5268 3505 5322 adventum
3530 5267 3633 5319 mi-

2060 5367 2239 5413 natur:
2256 5358 2595 5428 captivitates
2610 5361 3205 5429 prasnuntiat,timorem
3223 5362 3624 5432 przesignitlcat,

2061 5449 2318 5505 auxilium
2340 5452 2637 5520 promittit:
2660 5452 2727 5506 ad
2745 5456 3152 5509 conversionem
3172 5454 3361 5508 invitat
3388 5466 3509 5506 :nec
3526 5450 3627 5504 ulla

2062 5538 2115 5592 in
2140 5539 2240 5594 hac
2265 5540 2546 5609 prophetia
2575 5542 2938 5609 praetermissa
2966 5552 3050 5598 cst
3086 5543 3241 5608 ratio,
3286 5540 3490 5596 ullusve
3522 5556 3631 5595 uio.

2270 5724 2313 5757 ”
2343 5723 2408 5779 ιγ
2443 5721 2573 5793 Reg.
2604 5739 2762 5791 xvm,
2797 5724 2851 5778 4.
