4012 6214
430 303 504 360 2'5
1449 325 1507 383 S.
1548 327 1819 389 CYRILLI
1857 327 2327 390 ALEXANDBINI
2362 334 2682 390 ABCIIIEP.
3598 347 3674 405 26

430 428 664 497 dus,qno
684 440 809 487 tunc
823 451 1007 494 errore
1020 440 1255 509 deceptis
1273 447 1479 501 consuli
1504 448 1708 504 debuit.
1725 450 1811 503 Ait
1827 467 1954 521 ergo

2099 453 2220 507 Ὀτι
2251 455 2325 526 μὴ
2359 458 2798 527 προσκεκόμικεν
2824 457 2972 528 αὐτῷ
3000 459 3060 512 τὸ
3090 460 3293 529 μαναά,
3325 463 3512 533 φησὶν.
3549 466 3577 518 ὃ
3600 463 3672 538 ἦν

425 521 697 588 συμϐολον
715 528 1002 629 ἐΰξοταγῆς
1022 549 1035 561 ·
1070 533 1254 588 ἐκάλει
1278 538 1333 589 δὲ
1356 540 1556 608 μᾶλλον
1577 545 1657 606 είς
1681 545 1998 615 ἐπικουρίαν
2033 553 2125 600 τον
2147 521 2461 615 Αἰγυπτίων
2524 521 2817 622 τύραννον.
2862 521 2994 605 Εἶτα
3035 521 3177 607 κατά
3221 521 3399 608 τοῦτο.
3412 521 3667 629 τελευτή-

429 628 622 721 σαντος
650 617 741 721 τοῦ
764 619 987 721 ’Δὲαῖζᾌ
1022 624 1403 693 βεϐασίλευκεν
1434 631 1682 704 Ἐζεχίας
1704 635 1819 699 υἱὸς
1841 635 2006 689 αὐτοῦ
2046 638 2139 690 ἐπὶ
2186 639 2277 692 τὸν
2345 640 2544 693 Ἰούδαν
2589 617 2648 695 ἐν
2680 642 3054 714 Ἰερουσαλήμ.
3161 640 3334 708 Οὗτός
3374 645 3484 718 γὰρ
3527 617 3667 721 ἀνὴρ

425 704 647 806 γέγονεν
687 709 934 806 είίσεδὴςν
961 717 1054 806 καὶ
1084 718 1192 769 τῶν
1240 720 1322 772 ὅτι
1371 722 1605 791 μάλιστα
1653 726 1996 799 δικαιοσύνης
2032 729 2492 800 ἐπιμελουμένων,
2521 732 2597 795 ὡς
2665 704 3008 803 ἀσύγκριτον·
3046 733 3190 804 ἐχειν
3220 704 3371 806 παρὰ
3386 704 3527 801 ’τοὺς

423 786 551 898 λους
592 794 691 898 τὴν
709 797 786 898 ’ἓν
814 816 877 898 γε
899 802 1096 898 μτούτιρ
1141 786 1419 898 διαφοράν.
1455 828 1473 862 ι
1500 812 1674 876 Αὐτὸς
1701 815 1916 869 καθεῖλε
2053 786 2264 888 ὑψηλὰ,
2292 786 2386 872 καὶ
2428 786 2497 873 τά
2541 786 2703 892 ἄλση,
2742 786 2897 892 φησλ,
2944 786 3189 893 ἐξέκόψε.
3220 786 3663 898 Rutili—lituum;

425 886 545 986 μετ’
573 886 769 986 αὐτοῦ.
798 908 816 941 ι
844 891 1016 986 Αύτοῦ
1062 894 1440 963 βασιλεύοντος
1481 902 1648 974 ἀνέϐη
1678 906 2034 978 Σεναχερεὶμ,
2077 886 2327 979 βασιλεὺς
2357 886 2678 982 Ἀσσυρίων,
2700 886 2919 977 ἐπὶ-τάς
2947 886 3132 978 πόλεις
3150 916 3248 986 τῆς
3283 886 3660 984 Ἰουδαίας-τάς

420 974 641 1084 όχυράς.
670 983 783 1084 Καὶ
812 985 1196 1059 πολιορκήσας,
1228 986 1372 1045 εἷλεν
1418 994 1640 1065 ἀμοχθί.
1700 974 2027 1055 Τότεήκαὶό
2072 974 2352 1073 Ῥαψάκης
2398 974 2583 1067 aurci;
2648 974 2761 1070 τοῖς
2808 974 3537 1084 Ἰεροσολύμοιςμέπιπηδᾷί
3562 974 3653 1070 καί

418 1069 698 1166 ἀπύλωτον
719 1074 968 1144 ἀνοιγνὺς
994 1081 1134 1134 κατά
1156 1081 1293 1136 Θεοῦ
1313 1086 1374 1138 τὸ
1400 1086 1592 1156 στόμα,
1654 1089 1754 1151 τὰς
1808 1069 2317 1163 παμϐλασφήμους⁷
2349 1095 2563 1159 ἐκείνας
2604 1096 2789 1166 ἀνίησι
2844 1069 3048 1166 φωνάς.
3079 1069 3213 1154 idae
3246 1104 3340 1156 καὶ
3370 1069 3655 1160 πέπτωκα·-

419 1175 504 1268 ῗιν
529 1161 722 1266 ὲκιτῆς
754 1167 1107 1268 παεεμζὸολῆς
1129 1170 1239 1268 τῷν
1273 1174 1569 1245 Ἀσσυρίων
1589 1179 1782 1233 ἐκατὸν
1837 1161 2164 1252 ὀγδοήκοντα
2212 1184 2373 1238 πέντε
2423 1186 2676 1255 χιλιάδες,
2719 1161 2807 1240 ’ἐν
2857 1161 2963 1258 ’μιᾷ
2997 1190 3173 1253 νυκτὶ,
3229 1174 3479 1260 ἀγγέλου⁸
3512 1198 3655 1268 χειρὶ

414 1249 1014 1353 δαπανιέμεναωταῦτα
1030 1260 1313 1331 χρησίμως
1328 1263 1540 1334 εἴρηται
1557 1267 1692 1337 πρὸς
1725 1268 1787 1321 τὸ
1841 1249 2299 1344 παρόν.”Εκάστῳ
2332 1249 2456 1347 γὰρ-
2502 1275 2612 1329 τῶν
2645 1249 3070 1347 συμϐεϐηκότων
3102 1249 3465 1353 ἐφαρμόσειεν

414 1360 563 1449 γνως
585 1345 684 1449 τῗις
708 1351 1045 1449 προφητείας
1069 1356 1101 1408 ὁ
1125 1355 1295 1423 λόγος.
1324 1357 1459 1411 Ποτὲ
1493 1360 1592 1429 μὲν
1620 1362 1727 1433 γὰρ
1793 1365 2018 1436 ἐπιτιμᾷ
2073 1370 2186 1431 τοῖς
2238 1370 2295 1421 ἐν
2346 1345 2627 1439 Σαμαρείᾳ
2650 1385 2664 1399 ⁸
2713 1345 2842 1423 ποτὲ
2884 1345 2941 1422 δὲ
2994 1374 3107 1436 τοῖς
3144 1345 3224 1427 ἐν
3251 1345 3652 1449 ψἸεροσολύμοις

413 1432 761 1541 ἀπειλεῖ-τάς
809 1440 1047 1508 ἐφόδους,
1116 1448 1551 1516 προαπαγγέλλει
1600 1432 1705 1515 τὰς
1742 1432 2135 1523 αἰχμαλωσίας,
2208 1432 2656 1530 προκαταμηνύει
2701 1461 2793 1515 τὸν
2843 1463 3005 1533 φόϐον
3028 1482 3042 1496 ’
3086 1432 3506 1534 ’ἐπαγγέλλεται
3532 1432 3649 1541 ’τὴᾷ

411 1530 769 1633 ἐπικουρίανζ
796 1535 951 1588 καλεῖ
977 1538 1113 1608 πρὸς
1149 1542 1515 1615 ἐπιστροφήν·
1564 1547 1659 1599 καὶ
1702 1548 1877 1613 οὐδεὶς
1908 1554 1975 1622 τῇ
2015 1553 2320 1624 προφητείᾳ
2381 1554 2797 1609 καταλέλειπται
2856 1530 3015 1627 λόγος
3056 1560 3089 1629 ἢ
3130 1530 3325 1632 τρόπος
3344 1562 3452 1617 τῶν
3477 1530 3648 1633 ἀναγ-

362 1674 365 1677 ,
410 1623 580 1679 καίων
626 1628 704 1689 είς
745 1628 928 1699 ὄνησιν
970 1634 1081 1695 τοῖς
1126 1636 1435 1704 τοτηνικάδε
1484 1640 1939 1712 πεπλανημένοις.
1980 1647 2169 1701 Τοίνυν
2202 1648 2396 1720 φησίνο

482 1765 587 1840 ιο
611 1766 775 1831 Vens.
798 1770 851 1822 2.
876 1769 1202 1840 Principium
1229 1777 1475 1830 sermonis
1496 1777 1710 1843 Domini
1732 1782 1801 1835 ad
1822 1780 1970 1841 Osee.
2004 1748 2050 1811 Α

407 1853 483 1911 Et
508 1858 643 1911 dixit
673 1859 927 1917 Dominus
955 1862 1024 1918 ad
1059 1861 1208 1919 Osee.

2162 1785 2341 1853 Ἀρχὴ
2373 1786 2558 1856 λόγου
2580 1788 2799 1858 Κυρίου
2827 1790 2897 1845 ἐν
2928 1791 3119 1862 Ὡσηέ.
3144 1793 3253 1850 Καὶ
3274 1789 3404 1849 εἷπε
3429 1795 3645 1863 Κύριος

2079 1874 2226 1946 πρὸς
2261 1876 2454 1945 Ὠσηὲ.

476 1988 540 2044 ll.
566 1990 908 2062 lncipitenim
928 1996 1070 2052 Deus
1090 1998 1142 2053 in
1161 2001 1419 2070 propheta
1435 2002 1673 2059 revelare
1691 2007 1959 2075 mysteria,

2146 2011 2218 2065 B’.
2264 2013 2521 2081 Ἀρχεται
2550 2013 2649 2083 μὲν
2675 2013 2784 2085 γὰρ
2812 2016 2869 2066 ἐν
2895 2013 2973 2084 τῷ
3004 2017 3253 2086 προφήτῃ
3274 2004 3403 2077 Θεὸς
3431 2014 3641 2068 ἀποκα-

405 2084 698 2138 secundum
732 2085 860 2141 illud
889 2088 1093 2158 utique,
1132 2091 1273 2159 quod
1304 2092 1373 2146 ab
1404 2092 1508 2148 alio
1542 2095 1802 2164 prOpheta
1838 2098 1970 2152 satis

404 2181 594 2239 aperte
626 2173 827 2229 dictum
872 2186 957 2231 est
993 2196 1006 2232 :
1038 2197 1058 2230 ι
1111 2178 1285 2250 Super
1315 2183 1616 2237 custodiam
1663 2201 1834 2241 meam
1866 2198 1970 2242 sta-

399 2263 493 2326 bo,
519 2272 573 2317 et
596 2266 885 2320 ascendam
921 2284 1084 2338 super
1116 2280 1342 2339 petram,
1379 2283 1434 2327 et
1454 2277 1875 2346 coutemplahor,
1910 2288 1968 2333 ut

396 2352 608 2408 videam
636 2356 763 2425 quid
791 2356 1043 2425 loquetur
1072 2360 1124 2414 in
1165 2377 1250 2417 me
1291 2364 1549 2419 Dominus
1578 2364 1822 2422 Deus'h
1863 2369 1967 2424 Re-

397 2442 538 2497 velat
575 2446 718 2501 enim
758 2447 1127 2505 universorum
1158 2451 1318 2518 Deus,
1353 2452 1477 2508 dum
1518 2458 1722 2511 sanctis
1762 2458 1966 2513 futuro-

395 2548 521 2589 rum
548 2536 795 2591 notitiam
821 2539 871 2593 in
899 2541 1137 2600 animum
1173 2542 1434 2599 immittit.
1468 2544 1619 2601 Unde
1643 2548 1830 2603 beatus
1862 2550 1962 2603 Da-

395 2627 485 2680 vld
518 2643 532 2680 :
567 2646 586 2679 ι
624 2628 851 2684 Audiam
874 2632 1000 2701 quid
1035 2632 1286 2703 loquatur
1314 2635 1366 2689 in
1397 2650 1482 2691 me
1506 2637 1761 2691 Dominus
1798 2639 1960 2705 Deus,

393 2716 649 2782 quoniam
673 2717 920 2788 loquetur
937 2735 1122 2789 pacem
1141 2722 1193 2776 in
1218 2722 1423 2792 plebem
1443 2740 1594 2780 suam
1613 2727 1679 2779 ²⁶.
1715 2747 1733 2779 ι
1761 2728 1958 2784 Eodem

394 2806 554 2859 modo
584 2816 640 2861 et
665 2808 856 2864 heatus
884 2810 1176 2867 Zacharias
1208 2814 1446 2882 loquitur
1481 2838 1493 2871 :
1540 2834 1561 2868 ι
1593 2818 1657 2872 Et
1687 2820 1961 2887 respondit

394 2897 639 2966 angelus,
670 2898 894 2969 loquens
945 2904 999 2960 in
1044 2918 1127 2959 me
1146 2906 1212 2959 ‘1.
1250 2924 1268 2957 ι
1299 2906 1710 2963 Consueverunt
1763 2912 1958 2980 quippe

391 2989 567 3042 sancti
604 2991 878 3059 propheta
910 2993 1001 3049 Dei
1027 3009 1332 3050 sermonem
1369 2999 1638 3067 appellare
1685 3001 1952 3071 angelum,

392 3089 580 3146 utpote
608 3084 1013 3138 annuntiantem
1049 3086 1200 3155 ipsis,
1230 3097 1283 3143 et
1309 3089 1742 3146 manifestantem
1764 3093 1946 3147 volun-

2074 2100 2294 2155 λύπτειν
2344 2103 2638 2173 μυστήρια,
2667 2105 2785 2157 κατ’
2814 2104 2988 2157 ἐκεῖνό
3036 2122 3139 2156 που
3192 2104 3427 2166 πάντως,
3462 2102 3523 2155 τὸ
3568 2101 3636 2155 δι’

2074 2191 2261 2262 ἐτέρου
2294 2195 2571 2265 προφήτου
2597 2195 2780 2263 σαφῶς
2808 2197 3119 2266 εἰρημένον·
3152 2216 3169 2248 ι
3193 2196 3315 2248 Ἐπὶ
3344 2194 3442 2264 τῆς
3467 2194 3634 2264 φυλα-

2074 2280 2174 2349 κῆς
2209 2297 2310 2350 μου
2338 2283 2627 2352 στήσομαι,
2654 2283 2747 2335 καὶ
2792 2284 3124 2355 ἐπιϐήσομαι
3161 2286 3253 2336 ἐπὶ
3283 2284 3511 2353 πέτραν,
3542 2284 3639 2338 καὶ

2071 2370 2466 2424 άποσκοπεύσω
2496 2371 2589 2425 τοῦ
2624 2372 2749 2427 ίδεῖν
2776 2374 2829 2426 τί
2856 2374 3076 2445 λαλήσει
3113 2376 3171 2427 ἐν
3205 2374 3329 2443 ἐμοὶ
3370 2373 3573 2443 Κύριος
3605 2375 3635 2426 ό

2070 2460 2219 2522 Θεός.
2248 2478 2269 2511 ι
2289 2461 2687 2515 Ἀποκαλύπτει
2719 2464 2824 2530 γὰρ
2855 2465 2964 2525 τοῖς
2993 2463 3184 2529 ἁγίοις,
3217 2464 3297 2525 εἰς
3322 2461 3445 2514 νοῦν
3471 2462 3635 2524 ἐνιεὶς

2068 2552 2176 2604 τῶν
2203 2554 2474 2624 ἐσομένων
2499 2556 2597 2625 τὴν
2627 2556 2823 2623 γνῶσιν
2851 2557 2878 2605 ὁ
2906 2556 3012 2605 τῶν
3045 2556 3178 2605 ὅλων
3204 2554 3481 2612 Θεός.Κα“ι
3500 2553 3634 2616 γοῦν

2066 2647 2096 2697 ό
2131 2647 2399 2716 μακάριός
2440 2663 2570 2717 φησι
2601 2645 2781 2699 Δαόίδο
2820 2663 2839 2695 ι
2862 2642 3187 2711 Ἀκούσομαι
3227 2641 3281 2693 τί
3322 2639 3541 2709 λαλήσει
3573 2641 3633 2693 ἐν

2065 2735 2189 2803 ἐμοὶ
2214 2735 2414 2805 Κύριος
2436 2736 2464 2786 ὁ
2497 2735 2648 2796 Θεὸς,
2670 2734 2752 2785 ὅτι
2785 2733 3006 2802 λαλήσει
3032 2732 3251 2802 εἰρήνην
3277 2730 3370 2783 ἐπὶ
3396 2729 3484 2781 τὸν
3504 2728 3627 2781 λαὸν

2064 2824 2248 2876 αὑτοῦ.
2283 2842 2301 2874 ι
2333 2823 2496 2876 Οὐδὲν
2520 2823 2576 2875 δὲ
2601 2817 2763 2892 ἦττον
2788 2823 2917 2892 ἡμῖν
2944 2822 3037 2875 καὶ
3066 2822 3095 2873 ὁ
3132 2822 3397 2891 μακάριος
3419 2819 3629 2889 προφή-

2062 2930 2162 2983 της
2196 2913 2465 2983 Ζαχαρίας
2497 2912 2587 2965 διὰ
2606 2912 2714 2965 τῶν
2742 2912 2872 2965 ἴσων
2895 2912 3110 2983 ἔρχεται
3133 2912 3337 2980 λόγων·
3362 2910 3464 2980 ἔφη
3485 2908 3591 2979 γάρ
3608 2924 3625 2939 ⁸

2068 3019 2087 3051 ι
2120 3002 2229 3053 Καὶ
2273 3001 2543 3071 ἀπεκρίθη
2593 3004 2621 3055 ὁ
2667 3001 2895 3070 ἄγγελος
2941 3004 2970 3053 ὁ
3021 3001 3196 3054 λαλῶν
3225 3003 3280 3054 ἐν
3311 2999 3453 3070 ἐμοί.
3486 3018 3506 3051 ι
3540 3000 3627 3051 Ἐν

2062 3091 2172 3144 ἔθει
2198 3092 2306 3164 γάρ
2337 3088 2406 3163 ἦν
2431 3096 2538 3156 τοῖς
2587 3094 2644 3144 ἐν
2691 3093 2866 3161 ἁγίοις
2896 3094 3197 3163 προφήταις
3237 3091 3463 3160 ἄγγελον
3492 3092 3627 3143 ἀπο·

393 3181 556 3225 tatcm
586 3171 680 3226 Dei
714 3171 907 3230 Patris.
941 3175 1091 3241 Quod
1134 3179 1259 3233 item
1304 3182 1558 3250 propheta
1598 3183 1761 3237 Isaias
1794 3192 1957 3238 testa-

2061 3186 2159 3239 κα)
2170 3188 2248 3238 εἰν
2276 3162 2370 3238 τὸν
2395 3185 2489 3238 τοῦ
2521 3184 2655 3238 Θεοῦ
2690 3172 2867 3253 λόγον,
2908 3162 2985 3247 ὦς
3009 3184 3415 3252 ἀπαγγέλλοντά
3440 3199 3499 3235 τε
3523 3182 3623 3236 αὑ-

393 3272 523 3316 tur:
559 3280 580 3315 ι
633 3264 767 3331 Quia
796 3281 1008 3322 omnem
1041 3268 1234 3325 stolam
1290 3282 1668 3340 cuugregatam
1718 3274 1860 3339 dolo,
1905 3284 1959 3329 et

2059 3281 2167 3341 τοῖς
2211 3278 2306 3331 καὶ
2343 3276 2547 3345 ἐναργῆ
2576 3275 2915 3329 καθιστῶντα
2946 3274 3043 3343 τὴν
3079 3274 3325 3344 βούλησιν
3353 3270 3445 3324 τοῦ
3489 3267 3625 3323 Θεοῦ

392 3357 769 3412 vestimentum
815 3375 934 3414 cum
977 3364 1400 3418 commutatione
1432 3365 1734 3426 restituent,
1777 3375 1829 3421 et
1873 3381 1959 3419 vo-

389 3445 524 3511 lent,
557 3449 600 3504 si
637 3447 855 3504 fuerunt.
889 3451 1011 3521 igne
1042 3454 1331 3516 combusti,
1369 3455 1493 3523 quia
1531 3470 1664 3523 puer
1690 3463 1848 3510 natus
1876 3467 1959 3510 est

392 3539 566 3602 nobis,
592 3549 646 3593 et
679 3550 906 3594 vocatur
937 3557 1128 3598 nomen
1161 3542 1298 3611 ejus,
1330 3547 1510 3615 magni
1546 3546 1755 3600 consilii
1780 3548 1957 3617 Ange-

389 3629 472 3683 lus
515 3631 582 3683 ’⁸.
625 3649 647 3683 ι
682 3631 878 3687 Fuisse
912 3643 1097 3688 autem
1141 3644 1376 3700 tenuem,
1437 3653 1539 3692 nec
1595 3648 1703 3691 tam
1752 3638 1953 3693 claram

388 3722 775 3778 revelationem
812 3725 865 3778 in
898 3725 1121 3790 sanctis,
1148 3742 1247 3780 nec
1277 3726 1481 3796 lingua,
1515 3739 1568 3782 et
1596 3730 1772 3784 verbis
1806 3745 1956 3785 more

386 3822 574 3868 nostro
602 3821 960 3877 constantem,
989 3814 1144 3884 plane
1182 3816 1336 3870 fidem
1371 3817 1526 3871 nobis
1554 3817 1716 3872 faciet
1761 3818 1954 3873 Paulus

386 3901 670 3957 scribens:
710 3922 728 3955 ι
760 3904 840 3957 An
867 3904 1293 3971 experimentum
1338 3907 1580 3973 qum-ritis
1604 3906 1720 3974 ejus
1760 3909 1852 3977 qui
1900 3909 1951 3961 in

390 4009 475 4047 me
502 3993 736 4062 loquitur
756 3993 1006 4049 Christus
1030 3995 1109 4048 ‘9?
1161 4014 1179 4047 ι
1225 3995 1583 4062 Quamobrem
1617 3999 1813 4065 dicere,
1860 4001 1951 4054 Dei

386 4085 608 4138 verbum
646 4084 845 4138 factum
885 4085 940 4140 in
985 4085 1144 4151 Osca,
1176 4102 1295 4142 meo
1326 4088 1541 4156 quidem
1567 4088 1772 4159 judicio
1811 4088 1953 4143 aliud

386 4174 520 4229 nihil
566 4183 670 4237 est,
717 4190 879 4245 quam
918 4177 1260 4232 audientibus
1306 4178 1630 4247 signiﬁcare,
1672 4179 1955 4233 revelatio-

384 4267 802 4322 nctufactautitt
835 4266 994 4331 Osea,
1042 4278 1097 4323 et
1142 4266 1444 4323 futurorum
1499 4270 1743 4324 notitiam
1793 4271 1841 4324 ei
1891 4271 1953 4324 il-

385 4359 587 4412 luxisse
636 4359 809 4413 instar
849 4360 1089 4422 luminis,
1142 4375 1246 4414 non
1304 4360 1489 4415 oculos
1539 4361 1808 4427 corporis,
1858 4362 1952 4415 sed

2058 3366 2150 3419 καὶ
2168 3364 2396 3435 Πατρός.
2416 3363 2722 3433 Ἑπιμαρτυ
2732 3364 2883 3434 ρήσει
2906 3362 2961 3414 δέ
2980 3362 3153 3430 λέγων
3173 3361 3265 3414 καὶ
3288 3362 3317 3412 ὁ
3342 3360 3625 3430 προφήτης

2067 3456 2296 3518 Ἡσαΐας
2327 3454 2456 3522 περὶ
2498 3454 2664 3506 αὑτοῦ
2690 3470 2702 3482 ’
2756 3454 2909 3505 ("Ott
2949 3454 3129 3506 πᾶσαν
3176 3451 3367 3520 στολὴν
3405 3451 3625 3502 ἐπισυν-

2056 3544 2301 3615 ηγμένην
2346 3544 2503 3612 δόλῳ,
2544 3542 2683 3612 μετά
2732 3541 3077 3611 καταλλαγῆς
3119 3540 3473 3601 ἀποτίσουσι,
3527 3537 3624 3591 καὶ

2055 3635 2371 3706 θελήσουσιν
2404 3636 2453 3687 εί
2488 3632 2824 3703 ἐγενήθησαν
2865 3632 3371 3703 πυρίκαυστοι.”οτι
3415 3628 3624 3682 παιδίον

2054 3726 2315 3797 ἐγεννήθη
2345 3726 2500 3796 ἡμῖν,
2533 3725 2626 3777 καὶ
2661 3723 2906 3776 καλεῖται
2941 3723 3003 3775 τὸ
3038 3722 3206 3790 όνομα
3234 3720 3417 3784 αὐτοῦ,
3451 3720 3622 3789 μεγά-

2054 3819 2152 3888 λης
2183 3818 2377 3888 βουλῆς
2411 3817 2855 3884 Ἀγγελος.ι“οτι
2883 3816 2940 3867 δὲ
2960 3811 3026 3883 ἦν
3055 3813 3207 3884 ἰσχνὴ
3246 3812 3340 3866 καλ⁵
3367 3813 3623 3882 ἀσυμφα-

2054 3911 2151 3979 νὴς
2188 3912 2247 3962 ἐν
2274 3912 2385 3973 τοῖς
2426 3908 2600 3976 ἁγίοις
2632 3910 2665 3976 ὴ
2704 3906 3056 3974 ἀποκάλυψις,
3094 3904 3190 3957 καὶ
3230 3905 3352 3974 οὐχὶ
3408 3904 3624 3977 γλώττῃ

2054 4001 2149 4053 καὶ
2197 4001 2403 4070 ῥήμασι
2432 4002 2545 4061 τοῖς
2576 3997 2697 4052 καθ’
2728 3997 2874 4068 ἡμᾶς
2901 3995 3320 4066 ἐπιτελουμένη,
3351 3995 3623 4064 πληροφο-

2055 4092 2209 4163 ρήσει
2244 4091 2469 4160 γράφων
2495 4091 2523 4142 ό
2546 4088 2775 4151 Παῦλος
2809 4107 2827 4139 ι
2844 4089 2911 4140 Ἢ
2936 4086 3165 4157 δοκιμὴν
3194 4086 3404 4155 ζητεῖτε
3425 4086 3481 4134 ἐν
3497 4084 3621 4149 ἐμοὶ

2052 4182 2337 4244 λαλοῦντος
2386 4180 2656 4250 Χριστοῦ;
2685 4198 2703 4229 ι
2736 4176 2941 4230 Οὐκοῦν
2979 4176 3040 4229 τὸ
3082 4179 3139 4229 ἐν
3177 4175 3331 4244 Ὠσηὲ
3370 4171 3619 4241 γενέσθαι

2052 4270 2141 4323 τὸν
2162 4269 2255 4323 τοῦ
2290 4268 2424 4321 Θεοῦ
2454 4268 2629 4334 λόγον,
2667 4266 2751 4335 εἴη
2781 4265 2867 4330 ἂν,
2897 4264 2973 4327 ὡς
3002 4264 3190 4335 ἔμοιγε
3208 4263 3434 4333 πάρεστι
3455 4264 3617 4324 νοεῖν,
3672 4304 3677 4307 ς

2053 4359 2238 4431 ἕτερον
2279 4358 2430 4412 οὐδὲν
2469 4360 2579 4417 τοῖς
2619 4354 2990 4425 ἀκροωμένοις
3019 4355 3439 4423 κατασημαῖνον,
3474 4352 3506 4421 ἦ
3537 4353 3620 4403 ὅτι

388 4457 618 4501 mentem
661 4458 714 4503 et
743 4463 837 4502 cor
885 4449 1226 4504 illustrantis.
1265 4450 1497 4504 Rursum
1525 4451 1669 4519 quod
1706 4450 1904 4505 dicitur
1934 4471 1947 4506 :

2059 4452 2275 4520 γέγονεν
2321 4447 2661 4517 ἀποκάλυψις
2699 4450 2758 4500 ἐν
2796 4448 2975 4517 Ὠσηὲ,
3003 4448 3097 4500 καὶ
3138 4447 3246 4498 τῶν
3275 4444 3543 4512 ἐσομένων
3564 4442 3616 4543 ιή

390 4557 408 4590 ι
446 4538 505 4603 Et
534 4538 669 4592 dixit
697 4539 957 4595 Dominus
991 4541 1057 4594 ad
1091 4540 1247 4607 Osee,
1288 4559 1307 4592 ι
1360 4542 1460 4595 hoc
1512 4541 1665 4597 nobis
1711 4543 1955 4613 cogitau-

2059 4542 2256 4610 γνῶσις
2303 4540 2477 4608 φωτὸς
2523 4539 2820 4609 ἐνέστραψε
2850 4538 3024 4609 δίκην,
3051 4538 3108 4591 οὐ
3146 4534 3394 4604 σώματος
3422 4532 3619 4600 ὀφθαλ-

386 4630 510 4681 dum
544 4629 782 4696 suhjicit.
816 4629 967 4696 Quod
1001 4631 1143 4686 enim
1192 4632 1505 4702 jubebatur,
1552 4650 1657 4688 non
1703 4636 1955 4690 omnibus

2059 4635 2214 4704 μοὺς,
2249 4632 2383 4687 ἀλλά
2413 4634 2539 4685 νοῦν
2576 4631 2670 4685 καὶ
2698 4631 2923 4702 καρδίαν
2956 4624 3520 4696 καταλαμπρύνοντος.
3547 4622 3620 4675 To

384 4720 608 4774 lecturis
644 4735 927 4777 commune
968 4732 1105 4788 erat,
1153 4738 1249 4779 nec
1294 4726 1711 4794 proponebatur,
1759 4736 1817 4779 ut
1861 4727 1950 4795 qui

2059 4726 2108 4779 δὲ
2142 4726 2207 4795 δὴ
2243 4726 2407 4793 φάναι
2435 4724 2617 4786 πάλιν,
2653 4741 2671 4774 ι
2700 4723 2812 4775 Καὶ
2839 4719 2959 4775 εἶπε
2990 4719 3189 4790 Κύριος
3220 4716 3353 4788 πρὸς
3387 4714 3565 4783 Ὠσηὲ,
3594 4731 3614 4764 ι

384 4812 581 4866 vellent
625 4813 933 4881 aliquando,
970 4814 1020 4868 id
1062 4814 1299 4868 facerent
1338 4834 1351 4868 :
1395 4818 1486 4870 sed
1526 4817 1815 4887 separatim
1851 4818 1951 4870 soli

2059 4817 2192 4887 πρὸς
2236 4816 2444 4878 ἐννοίας
2484 4816 2633 4884 ἡμᾶς
2677 4814 2941 4884 ἀποφέρει
2988 4809 3261 4872 τοιαύτας.
3311 4808 3384 4861 Τὸ
3431 4806 3620 4876 γάρτοι

382 4898 537 4956 Osete
566 4904 763 4957 dictum
798 4914 900 4959 est.
945 4904 1055 4960 Nec
1101 4907 1244 4960 enim
1299 4908 1748 4973 quemadmodum
1803 4923 1947 4963 com-

2059 4905 2518 4976 προστεταγμένον
2561 4904 2621 4957 οὑ
2670 4904 2845 4957 κοινὸν
2877 4902 3047 4956 ἅπασι
3079 4903 3191 4963 τοῖς
3220 4897 3622 4968 ἐντευξομένοις

384 5007 546 5045 mune
584 5004 637 5048 et
674 4995 805 5048 utile
847 5007 1169 5065 praeceptum
1216 5008 1299 5052 est
1331 5000 1456 5052 illud
1501 5019 1513 5052 :
1569 5019 1588 5051 ι
1651 4999 1773 5053 llrcc
1826 5001 1955 5053 dicit

2059 4992 2128 5065 ἣν.
2161 4994 2296 5049 Οὔτε
2335 4995 2441 5064 μὴν
2481 4994 2773 5066 προῦκειτο
2812 4997 2925 5059 τοῖς
2963 4992 3205 5053 ἐθέλουσι
3234 4988 3618 5056 ἀποπεραίνειν

388 5084 667 5145 Dominus,
711 5083 870 5141 Juxta
905 5086 1020 5140 vias
1060 5089 1295 5157 gentium
1335 5091 1498 5144 nolite
1541 5091 1750 5144 discere
1791 5108 1803 5142 :
1840 5101 1891 5143 et
1927 5106 1955 5143 a

384 5174 551 5242 signis
576 5176 696 5229 coeli
726 5176 888 5230 nolite
923 5186 1163 5233 metuere
1187 5180 1260 5244 3°;
1305 5202 1321 5232 ι
1369 5182 1447 5235 sic
1500 5189 1674 5250 potest
1728 5180 1948 5250 intelligi

383 5267 545 5320 etiam
594 5266 790 5321 bonum
838 5276 893 5321 et
940 5268 1252 5338 frugiferum
1284 5288 1404 5326 csse
1450 5274 1697 5343 accipere
1722 5289 1945 5332 uxorem

382 5358 750 5422 fornicariam,
778 5371 830 5412 et
863 5360 999 5415 ﬁlios
1035 5361 1425 5419 fornicationis.
1455 5363 1649 5418 Verum
1684 5365 1814 5418 illud
1847 5365 1950 5418 uti—

384 5448 507 5501 liter
540 5447 605 5501 ad
655 5462 843 5503 omnes
884 5448 1151 5517 pertinere
1203 5460 1421 5518 potest:
1461 5453 1561 5506 hoc
1614 5454 1829 5519 proprie
1882 5454 1953 5507 ad

385 5535 559 5601 solum
586 5535 900 5606 praphetam
931 5556 958 5591 a
989 5537 1099 5594 Dco
1139 5538 1242 5593 dici
1282 5538 1549 5594 convenit.
1601 5540 1697 5594 Est.
1746 5550 1946 5607 autem,

2050 5085 2209 5137 αὐτὸν
2238 5085 2376 5137 κατά
2400 5086 2642 5155 καιρούς.
2662 5087 2801 5139 Ἀλλ’
2834 5085 3016 5146 ἱδικῶς
3058 5085 3152 5135 καὶ
3180 5081 3315 5150 πρὸς
3346 5079 3505 5144 μόνον
3537 5076 3618 5128 εί-

2059 5190 2188 5243 ρητο
2210 5174 2301 5226 τὸν
2330 5174 2510 5243 Ὠσηέ.
2540 5175 2615 5228 Οὐ
2642 5174 2771 5243 γὰρ,
2810 5173 2996 5239 ὥσπερ
3026 5168 3143 5219 ἐστὶ
3172 5164 3346 5218 κοινὸν
3388 5164 3480 5215 καὶ
3524 5164 3621 5214 ἐπο

2050 5266 2257 5335 ωφελὲς
2287 5266 2672 5338 παράγγελμα,
2703 5263 2785 5327 τὸ,
2821 5281 2839 5311 ι
2869 5259 3005 5312 Τάδε
3036 5258 3183 5324 λέγει
3212 5254 3433 5323 Κύριος,
3465 5253 3621 5306 Κατά

2051 5358 2149 5420 τὰς
2179 5359 2326 5421 ὀδοὺς
2356 5359 2462 5412 τῶν
2492 5356 2659 5409 ἐθνῶν
2690 5354 2765 5425 μὴ
2793 5350 3113 5421 μανθάνετε,
3149 5348 3239 5400 καὶ
3260 5346 3365 5398 ἀπὸ
3393 5346 3500 5397 τῶν
3524 5360 3621 5413 ση-

2054 5451 2219 5520 μείων
2267 5450 2361 5502 τοῦ
2410 5447 2636 5520 οὐρανοῦ
2691 5446 2766 5516 μὴ
2811 5442 3078 5513 φοϐεῖσθεο
3112 5459 3130 5491 ι
3163 5437 3334 5499 οὕτως
3357 5437 3423 5489 ἂν
3454 5437 3622 5488 νοοῖτο

2052 5540 2217 5594 καλόν
2238 5556 2296 5592 τε
2339 5541 2433 5593 καὶ
2454 5538 2775 5609 ὀνησιφόρον
2803 5536 2865 5588 τὸ
2884 5533 3068 5587 λαὸεἰν
3090 5532 3323 5600 γυναῖκα
3343 5525 3619 5597 πορνείας,

456 5690 656 5755 llahac.
684 5708 738 5759 ιι,
777 5694 828 5748 ι.
906 5694 951 5726 ’σ
981 5692 1124 5750 Psal.
1164 5709 1384 5763 Lxxxw,
1422 5694 1473 5751 9.
1552 5697 1593 5728 ³⁷
1623 5694 1848 5752 Zachar.
1873 5709 1909 5761 ι,
1947 5696 1959 5749 ε

2078 5698 2121 5729 ’⁸
2154 5696 2253 5754 lsa.
2290 5712 2364 5763 Ix,
2395 5693 2449 5769 6,ι
2476 5695 2531 5759 7.
2605 5693 2648 5726 "
2677 5690 2717 5746 ll
2751 5690 2877 5755 Cor.
2906 5705 3003 5759 xu,
3046 5689 3099 5744 ’5.
3177 5687 3221 5719 ³ο
3250 5684 3449 5740 Jcrem.
3477 5694 3533 5746 χ,
3560 5676 3617 5732 3.
