4002 6220
376 271 462 334 15

1330 277 1879 342 COMMENTARIUS
1916 285 1984 342 IN
2022 287 2249 344 OSEAM
2291 290 2733 351 PROPHETAM.

3578 305 3653 360 26

378 394 487 447 καὶ
539 390 710 445 τέκνα
760 388 1039 460 πορνείας.
1056 386 1194 443 Ἀλλ’
1216 390 1394 447 ἐκεῖνο
1443 396 1539 466 μὲν
1582 398 1864 470 χρησίμως
1902 400 1949 453 εἰ

2084 404 2293 473 opinor,
2326 407 2466 475 quod
2499 408 2595 475 ait,
2630 418 2687 462 et
2716 428 2734 461 ι
2775 410 2912 465 dixit
2937 412 3001 466 ad
3020 411 3178 480 Osee,
3208 432 3229 466 ι
3256 416 3477 485 perinde
3514 431 3577 470 ac
3602 418 3648 471 si

377 485 648 546 ἅπαντας
675 482 853 552 διήκοι
889 480 975 535 ἄν·
1007 480 1164 534 τοῦτό
1190 498 1254 550 γε
1288 484 1396 554 μὴν
1441 484 1620 550 ίδικῶς
1650 488 1784 560 πρὸς
1820 488 1978 559 μόνον

382 573 445 627 ἂν
480 573 693 643 πρέποι
726 572 816 625 τὸν
836 572 1124 642 προφήτην
1150 573 1405 641 λέγεσθαι
1437 577 1585 649 παρά
1605 579 1760 633 Θεοῦ.
1786 578 1975 647 Τοῦτο,

386 661 565 734 οἶμαι,
598 664 746 727 ἐστὶ,
784 663 879 715 καὶ
913 681 932 713 ι
966 659 1101 714 Εἶπε
1149 664 1288 733 πρὸς
1319 666 1495 735 Ὠσηὲ,
1529 685 1547 720 ι
1594 669 1774 738 ὅμοιον
1816 670 1892 733 ὡς
1928 672 1976 723 εί

378 755 552 823 τυχὸν
576 754 745 821 λέγοι·
775 753 849 805 Οὐ
894 752 1031 823 πρὸς
1063 752 1271 817 πάντας
1301 754 1485 819 ἁπλῶς
1511 757 1538 807 6
1570 758 1773 811 τοιόσδε
1798 758 1973 827 λόγος,

378 846 529 898 ἀλλὰ
577 846 719 915 πρὸς
760 846 922 915 μόνον
974 845 1067 897 τὸν
1095 846 1274 915 Ὢσηέ.
1307 850 1380 901 Οὐ
1412 850 1519 920 γὰρ
1547 851 1653 903 ἔδει
1702 850 1974 921 πρόφασιν

2084 495 2230 550 dicat
2258 497 2503 563 fortasse,
2546 498 2663 553 Non
2699 500 2764 553 ad
2808 515 2995 556 omnes
3045 503 3357 573 simpliciter
3411 508 3534 561 talis
3567 515 3651 561 est

2084 598 2281 649 sermo,
2328 588 2421 640 sed
2467 588 2534 641 ad
2568 586 2758 643 Oseam
2792 590 2982 645 solum.
3019 590 3133 647 Non
3174 595 3317 647 enim
3373 597 3544 663 turpis
3592 606 3648 649 et

2082 676 2393 745 voluptariae
2425 680 2543 734 vitae
2562 681 2740 735 multis
2756 681 2869 735 ﬁeri
2882 685 3220 739 occasionem
3237 688 3513 754 oportebat
3542 689 3583 755 ι
3597 688 3640 756 1

2080 765 2220 831 quod
2246 765 2637 834 dispensatorie
2672 768 2738 823 ad
2790 785 2951 823 unum
2983 772 3252 839 quondam
3285 773 3486 827 dictum
3537 785 3640 831 est.

2080 853 2217 918 Quid
2246 870 2374 924 ergo
2403 858 2479 910 ait
2511 859 2575 911 ad
2606 860 2816 915 beatum
2847 862 3071 917 Oscam?

381 939 624 1006 αἰσχρᾶς
656 953 717 987 τε
752 935 843 987 καὶ
868 933 1154 1003 φιληδόνου
1186 935 1330 1004 ζωῆς
1397 939 1649 1005 γενέσθαι
1716 941 1951 1010 πολλοῖς,
1986 944 2046 997 τὸ
2081 947 2436 1016 οἰκονομικῶς
2481 953 2617 1022 πρὸς
2663 953 2760 1007 ἕνα
2794 956 2934 1009 κατὰ
2978 958 3201 1026 καιροὺς
3244 960 3547 1030 εἰρημένον.
3576 956 3642 1011 Τί

383 1025 485 1083 ὧν
513 1029 617 1097 ἔφη
653 1031 683 1081 ὁ
714 1028 845 1091 θεὸς
874 1029 1013 1099 πρὸς
1042 1028 1133 1081 τὸν
1163 1030 1431 1101 μακάριον
1469 1032 1657 1102 Ὠσηέ;

460 1090 686 1185 Edim-(8,
732 1090 883 1173 λαϐὲ
917 1090 1175 1185 ’σεαυτῷΙ
1212 1090 1465 1189 γυκαῖκα
1506 1090 1812 1197 πορκείας.
1857 1126 1969 1180 ’καί
2016 1090 2029 1099 ἡ

384 1210 574 1264 τέκνα
610 1212 912 1278 πορνείας,
961 1213 1110 1266 διότι
1156 1214 1608 1281 ἐκπορνεύουσα
1651 1218 1972 1286 ἐκπορνεύ-

386 1318 487 1355 σει
525 1304 563 1369 ἡ
600 1304 675 1370 γῆ
706 1303 823 1357 ἀπὸ
874 1304 1128 1358 ὄπισθεν
1172 1304 1276 1358 τοῦ
1319 1307 1557 1374 Κυρίου.
1587 1309 1695 1362 Kal
1723 1310 1968 1377 ἐπορεύ-

385 1395 486 1458 θη.
517 1394 615 1446 καὶ
663 1395 840 1448 ἔλαϐε
884 1395 999 1462 τὴν
1049 1397 1266 1465 Γόμερ,
1314 1398 1606 1468 θυγατέρα
1652 1402 1968 1471 dedolat”,

384 1482 486 1535 καὶ
516 1482 839 1544 συνέλαϐε.
869 1485 964 1538 καὶ
992 1486 1195 1539 ἔτεκεν
1226 1486 1389 1551 αὐτῷ
1422 1490 1573 1543 υἱόν.

2035 1097 2064 1114 Ν

2144 1122 2309 1179 Vens.
2337 1127 2389 1180 5.
2450 1126 2609 1195 Vade,
2658 1131 2833 1197 accipe
2872 1132 2965 1184 (ibi
3003 1150 3217 1188 uxorem
3252 1137 3641 1205 fornicationiu

2070 1223 2119 1269 et
2148 1215 2285 1282 ﬁlios
2311 1217 2696 1285 fornicationis,
2722 1222 2845 1289 quia
2867 1223 3134 1289 fornicari:
3152 1226 3496 1293 fornicabitur
3529 1242 3637 1285 ter-

2071 1321 2131 1357 ra
2157 1322 2189 1357 a
2220 1305 2343 1360 Deo.
2366 1305 2433 1359 Et
2459 1309 2610 1373 abiit,
2642 1320 2689 1362 et
2717 1314 2912 1380 accepit
2943 1312 3130 1368 Camer
3151 1317 3321 1384 ﬁliam
3350 1319 3633 1387 Debelaim,

2070 1406 2116 1449 et
2146 1400 2397 1466 concepit,
2422 1409 2471 1452 et
2501 1402 2698 1469 peperit
2733 1403 2779 1456 ei
2811 1402 3002 1471 ﬁlium.

459 1571 546 1625 1".
593 1574 786 1637 Οὐδεὶς
809 1576 958 1644 ἡμᾶς
984 1576 1264 1629 ἀναπείσει
1291 1577 1467 1645 λόγος,
1497 1584 1875 1651 παραιτεῖσθαι
1905 1586 1954 1639 τέ

2140 1570 2225 1626 lll.
2262 1572 2417 1628 Nullo
2445 1575 2597 1630 nobis
2622 1588 2937 1646 argumento
2964 1580 3369 1648 persuadebitur
3392 1582 3633 1652 Scriptu-

376 1661 667 1732 Γρὰμμα,
681 1664 775 1715 καὶ
794 1664 890 1733 τῆς
912 1667 1145 1735 ἱστορίας
1167 1667 1226 1718 τὺ
1249 1667 1453 1720 εἰκαῖον
1470 1670 1963 1741 καταψηφίζεσθαι,

376 1754 489 1805 καὶ
520 1754 691 1807 αὑτοῦ
717 1754 809 1808 τοῦ
833 1755 1149 1826 πράγματος
1173 1758 1482 1828 καθορίζειν
1507 1761 1567 1814 τὸ
1592 1764 1845 1829 ἀκαλλὲς,
1870 1768 1965 1819 καὶ

372 1842 594 1897 οἴεσθαι
627 1846 770 1898 κατά
794 1863 963 1911 τινας,
993 1846 1067 1917 μὴ
1106 1847 1279 1911 οὕτως
1319 1850 1651 1920 πεπρᾶχθαι,
1687 1855 1822 1924 μήτε
1857 1856 1965 1926 μὴν

376 1935 756 2005 παρειλῆφθαι
789 1936 922 2005 πρὸς
954 1936 1153 2007 γάμον,
1181 1937 1299 2008 ήτοι
1348 1939 1563 1995 σύνοδον
1594 1946 1835 2015 γαμικὴν
1865 1946 1964 2017 τὴν

376 2026 423 2077 Γ
423 2026 589 2095 όμερ,
620 2027 755 2078 ὅπου
780 2027 868 2079 καὶ
892 2026 1151 2098 σύλληψιν
1178 2030 1503 2101 γεγενῆσθαί
1528 2050 1663 2102 φησι
1696 2034 1757 2087 τὸ
1779 2036 1963 2107 Γράμ-

383 2135 465 2186 μα
489 2117 552 2168 τὸ
585 2117 745 2187 ἱερὸν,
777 2117 871 2171 καὶ
899 2118 1005 2189 μὴν
1034 2122 1131 2173 καὶ
1160 2120 1435 2188 ἀπότεξιν,
1473 2124 1749 2195 μέμνηταί
1776 2143 1834 2178 τε
1865 2127 1962 2180 καὶ

377 2209 639 2277 ὀνόματος
662 2208 757 2260 τοῦ
786 2209 1021 2274 παιδίου,
1054 2212 1147 2265 καὶ
1183 2212 1272 2265 τὸν
1304 2214 1399 2266 τοῦ
1427 2216 1644 2282 γυναίου
1679 2216 1822 2283 λέγει
1856 2236 1961 2270 πα-

371 2298 531 2366 τέρα,
565 2297 657 2349 καὶ
690 2297 824 2350 αὐτὸ
854 2298 911 2350 δὲ
938 2299 1074 2370 πρὸς
1097 2299 1307 2363 τούτοις
1345 2299 1438 2353 τοῦ
1483 2302 1706 2369 γυναίου
1740 2303 1802 2355 τὸ
1841 2304 1960 2357 δνο-

382 2405 478 2457 μα.
497 2387 709 2458 Ἐπειδὴ
754 2388 809 2441 δὲ
862 2391 1157 2458 ἀναγκαῖον
1186 2386 1254 2461 ἦν
1278 2391 1578 2461 ὁμολογεῖν,
1607 2396 1674 2463 τῇ
1715 2394 1823 2448 τῶν
1857 2412 1957 2447 πε-

394 2480 709 2542 πραγμένων
746 2479 986 2545 ἀληθείᾳ
1037 2483 1308 2531 συνειπεῖν
1341 2468 1646 2550 ἑλομένους,
1688 2484 1769 2536 ὅτι
1803 2484 1959 2537 ταῦθ’

391 2564 564 2628 οὕτως
583 2566 785 2633 γέγονεν
813 2567 1053 2637 ἀληθῶς,
1082 2569 1210 2641 φέρε
1240 2572 1366 2634 τοὺς
1396 2572 1504 2624 τῶν
1541 2576 1957 2630 κατασκώπτειν

369 2656 639 2710 εἰωθότων
673 2658 1018 2728 παραθέντες
1060 2660 1270 2728 λόγους,
1299 2662 1421 2715 τότε
1449 2663 1634 2717 λοιπὸν
1661 2667 1955 2736 ἐπαγάγω-

375 2765 469 2815 μεν
499 2750 595 2801 ἐπὶ
635 2751 831 2821 καιροῦ
860 2751 961 2820 τῆς
1000 2754 1309 2823 οἰκονομίας
1334 2754 1435 2825 τὴν
1460 2756 1753 2826 ἀφήγησιν,
1790 2760 1953 2826 Λογι-

363 2842 461 2911 δίῳ
498 2844 601 2911 μὲν
623 2838 721 2895 οὖν
749 2844 996 2914 ἐνέτυχον
1029 2846 1221 2914 ἀνδρὸς
1243 2848 1343 2899 οὐκ
1370 2848 1602 2918 ἀσήμου,
1633 2851 1951 2920 διατρανοῦν

2068 1678 2181 1717 ram
2221 1666 2518 1733 repudiare,
2554 1678 2609 1721 et
2640 1669 2917 1723 historiam
2949 1674 3201 1729 vanitatis
3252 1680 3629 1745 condemnare,

2065 1762 2119 1807 et
2146 1768 2259 1807 rem
2291 1755 2462 1824 ipsam
2495 1756 2852 1813 inhonestatis
2883 1774 3197 1829 coarguere,
3224 1773 3539 1834 putareque,
3571 1778 3630 1821 ut

2065 1844 2305 1912 quidam,
2355 1860 2460 1899 non
2493 1847 2565 1899 ita
2617 1858 2842 1915 gestam,
2898 1867 3069 1917 neque
3108 1853 3175 1905 ad
3225 1856 3456 1922 nuptias,
3516 1857 3629 1912 sive

2066 1933 2394 1988 matrimonii
2442 1937 2886 1991 consuetudinem
2934 1940 3194 1993 adscitam
3238 1957 3356 1998 esse
3407 1942 3624 2011 Gomer,

2062 2023 2275 2089 quando
2318 2032 2373 2077 et
2413 2034 2754 2093 conceptum,
2791 2036 2846 2078 et
2902 2036 3113 2095 partum
3171 2039 3413 2084 secutum
3472 2048 3625 2088 sacra

2062 2112 2340 2181 Scriptura
2373 2115 2550 2178 docet,
2580 2117 2933 2186 meminitque
2961 2128 3015 2173 et
3047 2120 3279 2176 nominis
3304 2122 3416 2187 lilii,
3451 2131 3505 2177 et
3534 2140 3627 2195 pa-

2063 2211 2197 2255 trem
2230 2203 2397 2270 ipsius
2428 2204 2754 2259 muliercula:
2785 2207 3105 2260 nominatim
3134 2210 3409 2276 exprimit,
3447 2223 3501 2266 et
3537 2213 3625 2267 in-

2058 2306 2219 2360 super
2248 2292 2415 2360 ipsam
2452 2295 2668 2348 nomine
2700 2296 2953 2363 appellat.
2988 2295 3123 2361 Quia
3152 2313 3281 2352 vero
3313 2315 3489 2355 rerum
3531 2318 3626 2375 ge-

2056 2390 2260 2436 starum
2294 2385 2507 2437 veritati
2552 2386 2798 2439 assentiri
2843 2386 3104 2451 volentes,
3154 2391 3399 2444 conliteri
3442 2408 3625 2448 neces-

2056 2474 2200 2527 sario
2229 2475 2447 2539 debent,
2476 2475 2590 2529 lucc
2624 2476 2690 2528 ad
2725 2476 2865 2529 hunc
2896 2480 3111 2531 modum
3142 2494 3269 2533 vere
3313 2482 3623 2551 contigisse,

2055 2578 2153 2631 age
2182 2579 2364 2617 eorum
2397 2565 2591 2633 quibus
2618 2566 2857 2620 solemne
2902 2576 2985 2620 est
3032 2569 3350 2623 calumniari
3405 2574 3624 2627 rationi-

2054 2653 2155 2709 bus
2185 2657 2491 2724 pr0positis,
2522 2665 2705 2724 postea
2755 2659 3069 2712 (Bconomize
3121 2661 3479 2714 narrationem
3528 2677 3623 2731 0p-

2054 2757 2280 2813 portune
2306 2746 2707 2814 subjungamus.
2740 2748 2907 2803 Incidi
2953 2750 3113 2820 igitur
3162 2752 3213 2804 iu
3266 2754 3623 2821 disputatiun-

2052 2835 2226 2890 culam
2265 2838 2363 2889 viri
2390 2837 2667 2905 cujusdam
2718 2822 2837 2891 non.
2868 2824 3235 2909 obscuri,'qni
3275 2841 3413 2895 hunc
3448 2842 3621 2897 locum

363 2932 645 2996 ἐθέλοντος
686 2934 756 2986 τὰ
805 2937 928 3004 περὶ
973 2936 1062 2987 τὸν
1104 2938 1302 2989 τόπονο
1337 2938 1396 3000 ὃς
1424 2939 1520 3008 τῆς
1555 2941 1816 3011 ἱστορίας,
1859 2945 1953 2996 καὶ

2055 2928 2341 2997 explanare
2376 2938 2689 2994 conaretur,
2747 2941 2801 2985 et
2850 2932 3129 2985 historiam
3185 2932 3622 3003 amrmautesque

360 3026 471 3078 τῶν
504 3026 654 3079 οὕτω
686 3027 1008 3093 γεγενῆσθαι
1038 3028 1323 3096 λεγόντων,
1370 3032 1430 3083 οὐ
1461 3033 1686 3103 μετρίαν
1720 3036 1952 3088 ἐποιεῖτο

358 3117 461 3187 τὴν
494 3119 866 3187 κατὰρρησιν,
905 3118 1012 3171 δεῖν
1041 3137 1098 3171 τε
1132 3119 1369 3189 ἔφασκεν
1416 3124 1664 3191 ἐναργῶς
1690 3125 1776 3175 ἐπ’
1802 3124 1951 3195 αὐτῷ

359 3205 426 3275 ᾶη
453 3206 632 3276 τούτῳ
664 3206 742 3275 τῷ
772 3208 1047 3278 κεφαλαίῳ
1085 3209 1318 3277 μάλιστα
1347 3211 1583 3276 δεδιότας
1613 3214 1784 3279 οὐδὲν,
1821 3215 1951 3266 ἀνα-

360 3298 594 3366 κραγεῖν
636 3298 739 3366 τῆς
766 3301 1091 3368 ἐγκρατείας
1119 3302 1245 3364 τοὺς
1272 3304 1523 3371 ἐραστάς·
1567 3325 1586 3355 ι
1618 3306 1691 3357 Τὸ
1718 3306 1950 3376 γράμμα

362 3388 704 3441 ἀποκτείνει.
737 3390 1018 3461 »Ἐρήμην
1067 3392 1176 3462 γὰρ
1228 3393 1413 3465 ὥσπερ
1470 3397 1823 3467 κατατρέχων
1854 3397 1947 3450 τοῦ

362 3482 698 3548 γράμματος
724 3520 739 3545 ,
795 3483 886 3533 καὶ
936 3483 1101 3535 οἱονεὶ
1154 3483 1296 3536 κατὰ
1348 3485 1585 3555 πρανοῦς
1638 3488 1947 3557 ἐρχόμενος,

362 3567 611 3621 τοιούσδε
652 3569 805 3632 τινὰς
841 3572 1105 3625 συνετίθει
1144 3573 1353 3640 λόγους.
1387 3576 1589 3645 Μωσῆς
1634 3578 1760 3647 γὰρ,
1814 3562 1949 3646 ξφα-

368 3676 521 3722 οκεν,
563 3660 594 3711 ὁ
620 3659 903 3724 Θεσπέσιος
931 3662 1324 3732 προσετάττετό
1358 3681 1485 3716 ποτε
1507 3666 1604 3735 τῆς
1632 3668 1947 3734 Αἰγυπτίων

361 3748 608 3814 ἔουλείας
658 3752 1063 3822 λελυτρωμένον
1103 3752 1457 3824 ἀποκομίζειν
1499 3756 1589 3807 τὸν
1627 3757 1838 3827 Ἰσραὴλ
1868 3762 1949 3823 είς

366 3842 474 3909 τὴν
519 3843 679 3897 πάλαι
720 3846 837 3907 τοῖς
874 3845 1141 3915 πατράσιν
1184 3834 1597 3917 ἐπηγγελμένην
1632 3849 1792 3916 ἁγίαν
1820 3852 1942 3921 γῆν,

369 3934 519 4001 φημὶ
557 3932 617 4005 δὴ
660 3935 760 4004 τὴν
800 3935 902 4003 τῆς
932 3936 1276 4004 ἐπαγγελίας
1308 3938 1443 3990 ἀλλὰ
1472 3940 1567 3991 καὶ
1598 3942 1625 3991 6
1659 3943 1947 4012 προφήτης

378 4024 648 4093 Ἱερεμίας
679 4028 875 4095 ἢκουσε
906 4026 1037 4079 Θεοῦ
1065 4028 1309 4096 λέγοντος
1340 4028 1603 4098 ἐναργῶς·
1650 4048 1668 4079 ι
1699 4031 1813 4100 Πρὸ
1851 4032 1943 4085 τοῦ

369 4133 440 4185 με
472 4117 673 4170 πλάσαι
708 4135 764 4170 σε
812 4120 870 4171 ὲν
898 4119 1109 4190 ξκοιλίᾳ,
1141 4120 1439 4189 ἐπίσταμαί
1483 4137 1561 4184 σε,
1599 4122 1690 4174 καὶ
1717 4122 1820 4192 πρὸ
1851 4123 1943 4175 τοῦ

2053 3018 2104 3072 id
2135 3034 2193 3073 re
2223 3022 2334 3089 ipsa
2377 3020 2469 3073 tali
2506 3021 2662 3075 modo
2695 3021 2915 3085 factum,
2953 3038 3055 3076 non
3092 3022 3278 3077 leviter
3326 3025 3619 3092 reprehen-

2050 3110 2224 3173 deret,
2261 3120 2637 3180 assereretque
2684 3111 2858 3179 planis
2904 3113 3108 3176 verbis,
3151 3128 3312 3182 super
3348 3116 3449 3168 hoc
3503 3115 3621 3183 ipso

2050 3202 2224 3270 capite
2257 3204 2374 3257 sine
2405 3203 2511 3257 ullo
2551 3204 2741 3258 timore
2785 3205 3217 3271 exclamandum,
3276 3207 3621 3261 continentia:

2050 3294 2401 3357 amatoribus,
2433 3312 2451 3344 ι
2487 3291 2690 3347 Littera
2720 3296 2997 3349 occidit".
3032 3315 3048 3346 ι
3082 3295 3242 3360 Quasi
3269 3298 3409 3351 enim
3439 3299 3620 3352 deser-

2052 3393 2105 3438 to
2135 3386 2201 3437 ab
2227 3385 2337 3453 ipsa
2366 3386 2673 3440 vadimonio
2703 3388 3023 3455 scripturam
3056 3390 3362 3451 incursaus,
3388 3404 3451 3442 ac
3474 3389 3593 3443 velu

2049 3474 2375 3541 praecipitem
2412 3490 2627 3543 urgens,
2662 3476 3030 3544 hujuscemodi
3071 3477 3440 3532 conclusiones
3469 3489 3618 3534 texe-

2048 3566 2160 3620 bat.
2179 3566 2388 3635 Moyses
2412 3568 2555 3623 enim
2587 3568 2821 3634 divinus,
2849 3571 3045 3631 aiebat,
3074 3571 3327 3625 Israelem
3358 3572 3425 3625 ab
3443 3571 3617 3643 Egy-

2047 3659 2157 3728 ptia
2197 3660 2456 3714 servitute
2483 3660 2609 3714 olim
2647 3662 2976 3715 vindicatum
3025 3662 3077 3715 in
3115 3671 3310 3716 terram
3351 3672 3615 3725 sanctam,

2048 3752 2291 3819 patribus
2328 3754 2671 3820 promissam,
2723 3754 2774 3806 in
2830 3763 3031 3807 terram
3080 3755 3475 3822 promissionis,
3532 3754 3616 3807 in-

2048 3858 2230 3911 quam,
2260 3843 2545 3912 deportare
2575 3844 2759 3912 jussus
2803 3853 2885 3900 est
2931 3847 2998 3900 ³².
3056 3846 3193 3912 Quin
3254 3855 3307 3901 et
3353 3844 3617 3900 Jeremias

2050 3936 2213 3989 Deum
2246 3935 2529 3990 manifeste
2557 3937 2818 3990 dicentem
2854 3938 3077 4000 audivit,
3114 3956 3132 3987 ι
3159 3937 3472 4004 Priusquam
3508 3934 3616 3988 for-

2047 4042 2250 4080 marem
2284 4028 2407 4080 tein
2450 4038 2624 4090 utero,
2659 4028 2779 4081 novi
2816 4036 2895 4091 te;
2932 4036 3287 4095 etautequam
3327 4027 3506 4079 exires
3550 4025 3615 4076 de

2045 4117 2229 4178 vulva,
2278 4118 2611 4171 sanctiﬁcavi
2681 4127 2750 4170 te.
2800 4118 2862 4169 Et
2901 4119 3217 4184 prophetam
3268 4118 3317 4169 in
3367 4114 3614 4183 gentibus

367 4223 430 4258 σε
462 4204 697 4271 ἐξελθεῖν
722 4210 785 4261 ἐκ
814 4210 1044 4283 μήτρας,
1064 4212 1271 4280 ήγίακά
1301 4228 1379 4273 σε,
1406 4214 1691 4282 προφήτην
1718 4214 1794 4276 εἰς
1816 4212 1941 4285 ἔθνη

2054 4206 2167 4259 dedi
2228 4206 2370 4258 te”.
2438 4226 2455 4255 ι
2532 4206 2808 4269 Quomodo
2878 4206 3039 4271 igitur
3094 4220 3198 4257 non
3258 4206 3613 4258 admiratione

364 4296 593 4349 τέθεικά
622 4315 698 4350 σε.
730 4316 747 4348 ι
787 4298 913 4361 Πῶς
938 4294 1029 4352 οὖν
1056 4301 1156 4352 οὐκ
1187 4300 1521 4372 ἁξιάγαστοι,
1554 4304 1736 4371 φησὶν,
1770 4304 1819 4355 οἱ
1845 4304 1940 4356 καὶ¹

2054 4295 2215 4366 digni,
2246 4296 2438 4365 inquit,
2469 4296 2559 4364 qui
2591 4295 2724 4349 adeo
2760 4296 3145 4360 venerandum,
3189 4308 3244 4349 et
3292 4295 3612 4349 honestissi-

360 4385 466 4456 τὴν
500 4386 640 4439 οὕτω
670 4388 869 4459 σεπτήν
895 4390 987 4442 καὶ
1014 4390 1300 4459 παγκάλην
1340 4390 1612 4444 δίακονίαν
1647 4393 1940 4461 παραιτού-

368 4492 543 4545 μενον
578 4480 669 4532 καὶ
702 4478 799 4551 τὴν
828 4480 1084 4550 μέλλησιν
1111 4482 1211 4533 οὐκ
1242 4484 1696 4553 ἀπαναινόμενοι;
1748 4485 1806 4537 '0
1840 4486 1940 4555 μὲν

362 4568 477 4637 γὰρ
500 4568 724 4637 ἔφασκε*
758 4589 777 4621 ι
804 4571 1024 4639 Δέομαι,
1054 4571 1245 4641 Κύριε,
1282 4574 1624 4643 προχείρισαι
1660 4575 1817 4628 ἄλλον
1843 4576 1937 4629 δυ-

365 4660 598 4727 νάμενον
625 4661 683 4713 ὃν
714 4662 1049 4726 ἀποστελεῖς.
1083 4682 1101 4714 ›
1122 4663 1178 4715 Ὀ
1204 4664 1261 4717 δὲ
1286 4664 1382 4736 τὴν
1424 4667 1649 4737 νεότητα
1683 4669 1938 4740 προϊσχό-

377 4768 547 4817 μενος,
580 4752 913 4805 ἑκδυσωπεῖν
946 4755 1202 4824 ἐπειρᾶτο
1234 4755 1385 4810 Θεόν.
1406 4757 1566 4810 Ἀλλά
1604 4760 1698 4823 καὶ
1736 4762 1764 4813 6
1806 4778 1938 4831 προσ

377 4837 561 4907 φήτης,
594 4840 779 4907 φησὶν,
797 4840 1053 4911 Ἰεζεχιὴλ
1082 4843 1138 4894 ἐν
1170 4843 1435 4912 βολϐίτοις
1467 4846 1673 4917 κόπρόυ
1721 4848 1945 4920 ἀνθρω-

370 4925 524 4996 πίνης
556 4928 755 4998 ἄρτους
777 4931 953 5001 ὲαυτῷ
980 4933 1204 5003 ποιῆσαι
1230 4938 1722 5007 προστεταγμένος,
1756 4940 1943 4992 δεδυσ-

365 5017 602 5087 φόρηκεν
629 5020 691 5072 ού
729 5021 974 5092 μικρῶς,
1026 5024 1226 5093 ήκουσέ
1248 5041 1307 5076 τε
1334 5025 1420 5078 διὰ
1442 5025 1617 5080 τοῦτο’
1655 5048 1673 5079 ι
1695 5029 1824 5082 Ἰδοὺ
1856 5029 1940 5082 δέ·

361 5108 511 5163 δωκά
542 5128 624 5163 σοι
672 5111 891 5181 βόλϐιτα
923 5113 1059 5182 βοῶν
1106 5116 1226 5167 ἀντὶ
1261 5113 1516 5183 βολδίτων
1560 5117 1932 5188 ἀνθρωπίνων,

2046 4404 2191 4443 mum
2228 4401 2447 4455 prorsus
2480 4384 2835 4439 ministerium
2883 4394 3219 4453 aversantur,
3263 4394 3317 4438 et
3368 4385 3609 4439 cunctari

2046 4496 2150 4533 non
2177 4478 2466 4533 verentur?
2498 4478 2592 4531 Ille
2616 4476 3016 4546 enim,Moyses,
3052 4477 3270 4532 aiebat:
3306 4496 3324 4528 ι
3356 4476 3610 4537 Obsecro,

2046 4569 2294 4635 Domine,
2314 4558 2508 4636 “delige
2542 4568 2705 4621 alium
2738 4568 3011 4631 idoneum,
3042 4583 3199 4635 quem
3239 4568 3418 4621 mittes
3461 4567 3524 4620 ³⁸.
3587 4586 3606 4619 ι

2043 4658 2195 4712 Alius
2224 4659 2556 4727 juventutem
2591 4658 2955 4726 praetendens,
2983 4673 3209 4713 exorare
3258 4659 3423 4713 Deum
3468 4660 3609 4713 nite-

2044 4747 2219 4801 batur.
2257 4747 2392 4812 Quiu
2421 4757 2474 4801 et
2503 4750 2759 4815 propheta
2812 4749 3080 4815 Ezechiel,
3128 4749 3182 4802 in
3230 4760 3470 4803 stercore
3507 4751 3607 4804 hu-

2044 4851 2203 4890 mano
2222 4852 2385 4905 panes
2417 4838 2517 4891 sibi
2550 4837 2732 4892 facere
2753 4838 2954 4903 jussus,
2989 4853 3092 4891 non
3124 4838 3465 4894 mediocriter
3496 4857 3605 4895 mo-

2039 4926 2175 4983 leste
2213 4928 2341 4993 fert,
2372 4939 2427 4983 et
2470 4928 2671 4982 idcirco
2704 4929 2851 4980 audit
2883 4946 2897 4980 :
2949 4946 2967 4978 ι
3006 4927 3144 4982 Ecce
3174 4929 3295 4983 dedi
3345 4931 3439 4984 tibi
3473 4941 3606 4985 ster-

2040 5036 2165 5076 cora
2197 5023 2356 5077 boum
2389 5022 2491 5088 12
2523 5035 2618 5087 pro
2650 5019 2906 5083 humano,
2941 5028 2996 5073 et
3043 5035 3243 5089 coques
3275 5036 3442 5090 panes
3492 5032 3606 5077 tuos

2043 5114 2098 5166 in
2129 5115 2209 5166 eis
2237 5114 2303 5166 ⁸⁸.
2345 5131 2365 5163 ι
2399 5112 2620 5179 Insuper
2688 5119 2741 5165 et
2772 5111 2926 5165 divus
2968 5111 3080 5180 ipse
3128 5113 3337 5177 Petrus,
3395 5114 3605 5183 quando

362 5202 455 5254 καὶ
485 5204 745 5275 ὀπτήσεις
771 5206 896 5268 τοὺς
923 5205 1120 5275 ἄρτους
1152 5223 1245 5258 σου
1279 5207 1363 5258 ἐπ’
1402 5208 1598 5260 αὐτῶν.
1632 5228 1651 5259 ι
1686 5210 1795 5262 Καὶ
1828 5210 1934 5280 μὴν

2054 5207 2209 5259 ηἰιιιεο
2245 5205 2309 5258 de
2340 5202 2477 5257 caelo
2508 5203 2797 5268 submisso,
2834 5204 2884 5256 in
2919 5219 3026 5272 quo
3075 5205 3251 5258 omnia
3308 5206 3597 5273 quadrupe-

360 5295 453 5347 καὶ
480 5294 619 5346 αύτά
641 5296 670 5346 ὁ
697 5294 982 5359 Θεσπέσιος
1010 5296 1236 5365 Πέτρος,
1268 5297 1353 5349 ὅτε
1380 5298 1481 5367 τῆς
1516 5297 1708 5369 όοὸνης
1748 5300 1934 5352 καθιε-

366 5384 535 5452 μένης
566 5381 625 5447 ἐξ
654 5383 907 5455 οὐρανοῦ,
940 5384 997 5435 ὲν
1092 5384 1267 5437 πάντα
1310 5387 1617 5457 ἐγέγραπτο
1649 5387 1715 5440 τά
1740 5390 1933 5458 τετρά-

356 5475 493 5527 teda
538 5475 635 5527 καὶ
661 5475 731 5527 τὰ
765 5477 959 5546 κτήνη,
994 5476 1129 5529 Θεοῦ
1167 5476 1414 5544 λέγοντος
1448 5478 1698 5547 ἤκουσεν·
1730 5499 1748 5531 ι
1772 5480 1928 5531 Ἀνα-

422 5649 466 5681 ⁸⁸
500 5649 543 5705 ΙΙ
584 5650 711 5706 Cor.
759 5667 839 5719 III,
882 5652 931 5705 6.

2037 5474 2197 5540 savit,
2228 5473 2313 5528 his
2364 5474 2541 5529 verbis
2597 5490 2610 5526 :

1041 5654 1083 5685 ³²
1125 5655 1291 5711 Exod.
1337 5672 1417 5723 Ill,
1451 5657 1503 5712 8.
1582 5659 1623 5691 ³³
1649 5657 1757 5715 Jcr.
1802 5674 1837 5728 ι,
1878 5658 1932 5712 5.
2008 5658 2054 5690 ³⁵
2088 5656 2259 5711 Exod.
2297 5671 2368 5724 IV,
2404 5656 2488 5710 i5.

2041 5292 2126 5345 dia
2164 5302 2219 5346 et
2253 5291 2496 5358 jumeuta
2525 5292 2904 5356 cernebantur,
2953 5293 3117 5346 Deum
3150 5294 3414 5348 dicentem
3455 5292 3599 5345 audi-

2042 5384 2157 5437 vit:
2192 5402 2210 5434 ι
2246 5382 2438 5452 Surge,
2469 5382 2651 5449 Petre;
2682 5382 2885 5445 occide,
2909 5391 2963 5436 et
2989 5384 3245 5436 manduca
3275 5383 3339 5444 ³⁸,
3377 5401 3396 5432 υ
3451 5394 3599 5433 recu-

2665 5491 2686 5525 ι
2741 5472 3111 5540 Nequaquam,
3171 5472 3416 5535 Domine,
3475 5469 3599 5539 quia

2603 5656 2647 5689 ³⁸
2678 5654 2873 5712 Ezech.
2928 5671 3000 5723 Iv,
3037 5655 3122 5709 15.
3182 5650 3227 5682 ³⁸
3256 5650 3377 5707 Act.
3410 5667 3464 5721 κ,
3504 5648 3607 5742 15..
