4012 6214
362 249 430 304 27
1378 245 1436 304 S.
1477 248 1757 305 CYRILLI
1792 245 2264 305 ALEXANDRIN!
2304 245 2625 305 ARCHIE‘P.

3534 260 3608 318 28

364 376 638 432 nunquam
697 361 906 418 comedi
955 375 1117 418 omne
1175 376 1493 432 commune,
1544 373 1638 421 aut
1694 365 1926 421 immun-

2035 362 2183 429 στὰς,
2228 360 2424 432 Πέτρε,
2458 361 2639 426 θῦσον,
2675 361 2769 415 καὶ
2803 359 2963 430 φάγεο
2996 377 3015 414 ι
3060 363 3388 436 παρῃτεῖτο,
3420 373 3605 437 φησιν,

365 453 490 506 dum
526 452 591 517 ³⁷,
629 469 648 504 ι
678 467 850 521 neque
877 452 1115 522 ingressa
1142 462 1225 507 est
1250 453 1305 511 in
1338 468 1400 508 os
1434 467 1611 509 meum
1652 453 1756 511 ulla
1805 469 1933 510 caro

366 541 613 613 profana.
642 541 807 597 Oseas
849 552 1027 597 autem
1076 543 1258 598 audito
1318 558 1377 599 se
1432 560 1554 601 eum
1615 545 1933 602 muliercula

368 631 650 686 inhonesta
680 640 735 686 et
763 630 1073 697 fornicaria,
1109 642 1164 686 et
1205 631 1368 687 vitam
1426 633 1636 689 vivente
1680 648 1936 689 exsecra-

368 719 529 775 bilem
562 722 756 777 debere
789 722 1051 791 copulari,
1096 737 1208 776 rem
1240 738 1345 777 non
1391 725 1742 794 deprecatur;
1801 741 1905 781 cun

369 811 660 868 elationem
708 814 905 867 nullam
940 813 1207 879 admittit;
1254 829 1357 867 non
1400 815 1500 871 sibi
1547 815 1687 871 istud
1732 816 1932 871 remitti

346 905 679 974 suppliciter
707 914 852 968 orat;
885 904 1003 971 sed,
1038 914 1095 960 ut
1123 906 1388 976 quispiam
1443 906 1930 976 petulantissimus,

370 1006 575 1050 tantum
610 1012 712 1050 non
745 998 1163 1067 promptissime,
1192 999 1308 1053 sine
1342 1014 1513 1065 mora,
1546 1002 1931 1072 propemodum

369 1086 423 1138 in
461 1101 569 1139 rem
596 1084 817 1150 involat,
856 1086 1147 1155 voluptate,
1180 1087 1360 1151 credo,
1396 1089 1721 1144 mulierculae
1751 1090 1931 1145 fruen—

367 1174 448 1225 da:
480 1183 785 1242 superatus.
820 1174 1022 1229 Deinde
1059 1178 1356 1231 orationem
1407 1193 1527 1231 eum
1581 1179 1815 1235 absurdo
1868 1181 1934 1235 ﬁ-

367 1264 542 1329 niens,
575 1279 739 1333 pauca
768 1269 1033 1334 quaedam,
1064 1275 1119 1319 et
1166 1265 1356 1337 frigida
1408 1269 1669 1339 adjungit.
1704 1269 1934 1326 Simulat

366 1355 511 1409 enim
541 1370 600 1410 se
628 1357 898 1425 propheta:
922 1358 1272 1427 patrocinari,
1322 1368 1375 1414 et
1426 1361 1519 1426 ait,
1552 1360 1841 1431 plurimum
1872 1378 1952 1441 se.

368 1444 541 1512 ipsum
570 1456 950 1501 excusaturum
979 1449 1171 1513 fuisse,
1203 1450 1246 1503 si
1299 1449 1466 1505 Deum
1503 1451 1929 1508 commistiouem

368 1548 682 1605 corpoream
721 1538 1002 1594 mandasse
1035 1543 1351 1609 putavisset.

440 1716 545 1773 Sed
569 1720 819 1787 quoniam
855 1729 971 1774 erat
1000 1718 1279 1788 spirituale
1321 1718 1577 1787 quiddam
1620 1720 1760 1789 quod
1802 1735 1927 1790 age-

364 1808 541 1873 batur,
573 1825 639 1864 ex
674 1809 837 1862 multa
881 1824 1004 1877 erga
1056 1810 1220 1865 Deum
1251 1809 1515 1865 charitate
1547 1813 1928 1881 propemodum

366 1897 506 1951 ultro
537 1900 602 1952 ad
642 1900 691 1951 id
724 1901 863 1964 quod
890 1899 1100 1968 jnssum
1132 1906 1248 1955 erat
1277 1902 1661 1969 praestandum,
1700 1903 1931 1971 prophe-

365 1993 473 2041 tam
494 1985 857 2047 descendisse.
888 1987 1174 2052 Praeterea,
1198 1986 1392 2055 inquit,
1417 1987 1758 2044 continentiae
1794 1991 1929 2045 Deus

366 2079 510 2141 haud
542 2078 804 2135 voluisset
829 2080 1121 2150 quidquam
1148 2079 1410 2135 committi
1440 2080 1564 2147 tale,
1598 2090 1657 2134 ut
1682 2083 1764 2136 vir
1812 2092 1929 2137 tan-

367 2180 454 2227 tus
478 2172 613 2235 adeo
663 2172 906 2240 turpibus
947 2172 1381 2243 detestandisque
1420 2173 1804 2241 complexibus,
1854 2177 1929 2227 fe-

365 2262 525 2317 minze
578 2261 754 2330 hujus,
800 2262 1043 2333 inquam,
1091 2265 1340 2320 obscena:
1382 2273 1437 2319 et
1474 2263 1771 2319 fornicariae
1801 2280 1927 2320 con-

367 2352 739 2407 taminaretur.
779 2352 1067 2409 Historiam
1094 2364 1270 2409 autem
1303 2370 1588 2423 enervans,
1630 2366 1684 2410 et
1715 2370 1833 2409 eam
1871 2356 1926 2411 in

363 2458 559 2498 sensus
583 2443 888 2512 spirituales
931 2442 1321 2513 quodammodo
1370 2442 1777 2509 transformans,
1820 2444 1927 2499 Go-

365 2548 482 2587 mer
517 2532 813 2610 aliirmabat
840 2548 959 2588 esse
990 2541 1171 2602 typum
1199 2533 1410 2599 animae,
1447 2548 1565 2602 qua:
1614 2533 1713 2589 sibi
1761 2534 1923 2589 vitam

365 2623 699 2680 inhonestam
733 2639 794 2679 ac
824 2633 1029 2692 turpem
1060 2623 1286 2692 delegit;
1325 2624 1635 2693 prophetam
1661 2627 1926 2680 sustinere

367 2714 663 2785 imaginem
701 2714 813 2781 ejus
843 2714 929 2782 qui
958 2714 1023 2769 de
1058 2712 1192 2768 caele
1239 2723 1346 2781 εει,
1392 2712 1496 2769 hoc
1533 2722 1635 2779 est,
1655 2712 1813 2769 Verbi
1859 2729 1925 2769 ex

363 2804 527 2861 Patre
562 2824 575 2860 :
608 2807 697 2874 qui
725 2807 936 2876 quidem
962 2806 1246 2862 animabus
1280 2807 1479 2861 nostris
1510 2807 1669 2863 modo
1699 2808 1799 2863 sub
1840 2808 1924 2862 in-

365 2896 716 2967 telligentiam
773 2897 1139 2951 tantummodo
1183 2896 1406 2953 cadente
1453 2897 1751 2968 copulatus,
1780 2894 1927 2955 ~vitae

363 2987 546 3057 probae
573 3001 636 3041 ac
666 2994 867 3042 sanctae
884 2987 1086 3041 semina
1114 2986 1385 3056 injicit.Et
1407 2987 1485 3043 hae
1512 2988 1725 3057 quidem
1754 2989 1807 3043 in
1836 2989 1924 3044 illa

363 3083 631 3147 oratione,
657 3097 760 3151 qua
790 3082 1109 3151 persuadere
1134 3082 1322 3151 voluit,
1368 3083 1716 3153 probationes
1754 3088 1822 3149 ab
1860 3101 1926 3143 eo

364 3174 678 3244 excogitata:
730 3182 873 3229 sunt.
919 3172 1071 3241 Cepit
1115 3183 1292 3231 autem
1349 3190 1434 3230 me
1482 3174 1766 3253 admiratio
1817 3194 1927 3235 non

363 3261 602 3333 vulgaris
644 3280 659 3318 :
699 3262 953 3333 primum,
996 3263 1139 3331 quod
1168 3277 1291 3317 vera
1330 3262 1531 3319 sentire
1557 3274 1923 3334 contemnens,

365 3368 528 3408 ausus
575 3362 659 3408 est
705 3351 905 3415 dicere,
953 3351 1186 3409 litteram
1215 3354 1497 3419 occidere;
1532 3354 1746 3421 deinde,
1783 3355 1926 3418 quod

364 3443 663 3499 introduxit
693 3443 928 3514 Moysen,
960 3454 1013 3498 et
1050 3458 1185 3513 quos
1209 3446 1365 3499 modo
1392 3445 1806 3510 nominavimus,
1833 3446 1922 3515 qui

366 3534 681 3591 cmleStibus
706 3534 938 3589 oraculis
968 3535 1344 3602 reclamarint;
1382 3535 1522 3604 quod
1552 3545 1733 3591 autem
1784 3536 1923 3592 divi-

365 3626 451 3681 nis
485 3624 749 3679 mandatis
779 3639 837 3679 se
878 3639 1149 3692 opponere
1194 3626 1307 3678 ausi
1357 3635 1509 3681 extra
1557 3627 1769 3697 culpam
1815 3643 1922 3684 non

364 3714 604 3780 fuerunt,
634 3715 772 3769 male
823 3714 1008 3769 tacuit.
1038 3715 1324 3769 Sacrorum
1373 3732 1603 3786 namque
1650 3718 1922 3773 doctorem

363 3808 583 3880 Moysen
618 3807 1118 3876 subterfugientem,
1159 3817 1212 3863 et
1257 3809 1322 3861 ad
1362 3808 1661 3863 obeundam
1711 3811 1926 3866 missio-

366 3915 489 3957 nem
521 3900 984 3969 tergiversantem,
1010 3908 1070 3952 et
1097 3897 1287 3967 lingum
1308 3899 1612 3954 tarditatem
1630 3900 1921 3956 obtenden-

363 4001 493 4056 tem,
521 4002 579 4046 ut
612 3990 879 4044 intirmum
913 3990 964 4043 in
1001 3988 1102 4044 Iide
1143 3990 1484 4059 reprehendit
1513 3990 1673 4058 Deus,
1720 3992 1772 4046 in
1810 3993 1925 4047 haec

362 4084 525 4139 verba
559 4097 573 4136 :
611 4081 712 4153 13
739 4100 757 4132 ι
785 4081 915 4147 Quis
943 4081 1085 4135 dedit
1114 4096 1176 4135 os
1210 4080 1446 4151 hominiﬁ
1472 4091 1523 4136 et
1550 4083 1670 4146 quis
1691 4082 1921 4139 fabrica-

362 4175 440 4228 vit
464 4182 666 4229 mutum
699 4179 754 4225 et
781 4171 1023 4235 surdum,
1053 4171 1319 4227 videntem
1364 4178 1418 4226 et
1467 4174 1702 4227 ereum?
1746 4189 1923 4232 nonne

360 4280 459 4335 ego
486 4264 748 4319 Dominus
779 4263 954 4318 Deus?
990 4263 1155 4333 Perge
1178 4264 1367 4333 igitur,
1399 4272 1453 4317 et
1476 4278 1573 4333 ego
1606 4264 1837 4334 aperiam
1859 4282 1921 4322 os

2034 451 2175 507 οὕτω
2195 452 2366 522 λέγων
2384 470 2398 485 ο
2433 471 2453 504 ι
2477 453 2777 525 Μηδαμῶς,
2800 453 2994 524 Κύριε,
3011 453 3093 507 ὅτι
3120 454 3374 509 οὐδέποτε
3406 457 3607 527 ἔφαγον

2034 546 2142 599 πᾶν
2173 544 2367 605 κοινὸν,
2413 544 2446 614 ἢ
2498 544 2826 615 ἀκάθαρτον,
2878 562 2899 597 ι
2950 544 3070 598 οὐδὲ
3118 544 3368 615 εἰσῆλθεν
3421 551 3503 613 εἰς
3547 549 3609 618 τὸ

2033 635 2207 706 στόμα
2241 652 2341 705 μου
2370 636 2476 688 πᾶν
2502 634 2665 706 κρέας
2700 634 2944 705 βέϐηλον.
2966 636 3121 707 Ὠσηὲ
3150 636 3207 689 δὲ
3238 638 3499 704 ἀκούσας,
3526 642 3608 696 ὅτι

2032 728 2239 799 γυναίῳ
2270 726 2634 782 συνάπτεσθαι
2679 728 2758 781 δεῖ
2798 726 3031 798 αἰσχρῷ,
3059 729 3153 781 καὶ
3200 731 3604 801 πορνευομένῳ,

2034 819 2127 871 καὶ
2158 819 2427 888 ἐπάρατον
2455 818 2629 889 ἔχοντι
2651 818 2815 889 ζωὴν,
2841 819 2903 875 οὐ
2930 820 3281 889 παραιτεῖται
3304 820 3365 873 τὸ
3392 821 3601 893 χρῆμα,

2033 908 2133 961 οὐκ
2158 908 2313 962 ὄκνον
2339 909 2630 978 ἐνδέχεται,
2666 909 2728 961 ού
2756 909 3021 980 προσάγει
3052 910 3151 980 τὴν
3181 912 3482 983 ἱκετηρίαν,
3508 915 3604 967 ἀν-

2033 1002 2211 1057 εῖσθαι
2262 1003 2596 1077 παρακαλῶν
2620 1018 2634 1033 ο
2665 1002 2780 1056 ἀλλ’
2809 996 2898 1057 οἷά
2939 1020 3023 1066 τις
3059 1003 3168 1059 τῶν
3198 1005 3605 1074 ἀσελγεστάτων

2034 1094 2448 1166 προχειρότατα,
2488 1094 2580 1147 καὶ
2612 1093 2898 1165 ἀμελλητὶ,
2935 1093 3217 1167 μονονουχὶ
3245 1098 3341 1151 καὶ
3371 1099 3604 1169 ἁρπάζει

2031 1187 2095 1241 τὸ
2122 1186 2331 1258 χρῆμα,
2353 1186 2494 1257 τάχα
2523 1203 2622 1239 που
2649 1185 2749 1256 τῆς
2774 1187 2854 1250 εἰς
2881 1187 2942 1241 τὸ
2973 1186 3196 1255 γύναιον
3217 1188 3412 1259 ἡδονῆς
3434 1190 3605 1259 ἡττώ-

2035 1295 2214 1350 μενος.
2260 1272 2393 1331 Εἶτα
2431 1277 2771 1330 κατακλείων
2822 1278 2903 1342 εἰς
2945 1278 3175 1331 ἀτοπίαν
3221 1280 3345 1343 τοὺς
3392 1280 3600 1348 λόγους,

2032 1370 2340 1443 προσετίθει
2373 1369 2580 1435 τούτοις
2614 1369 2768 1437 ὀλίγα
2807 1370 2942 1425 ἄττα
2980 1369 3077 1424 καὶ
3110 1370 3309 1442 ψυχρά.
3353 1372 3600 1443 Σκήπτε-

2030 1480 2120 1516 ται
2153 1462 2250 1532 μὲν
2282 1461 2390 1531 γάρ
2418 1460 2496 1531 τῷ
2521 1461 2777 1533 προφήτῃ
2810 1463 3146 1533 συνηγορεῖν,
3173 1464 3265 1515 καὶ
3302 1463 3465 1517 πάλιν
3493 1481 3599 1535 φη-

2034 1554 2139 1618 σὶν,
2164 1553 2246 1606 ὅτι
2293 1551 2548 1621 πλείστην
2582 1549 2647 1604 ἂν
2688 1552 2981 1621 ἐποιήσατο
3024 1550 3123 1622 τὴν
3166 1552 3515 1624 παραίτησιν,
3549 1556 3599 1606 εἰ

2035 1643 2350 1715 σωματικὴν
2378 1642 2646 1713 ἠπίστατο
2678 1642 2960 1696 κοινωνίαν
2987 1642 3287 1712 προστάξαι
3315 1642 3466 1698 Θεόν.

2112 1732 2329 1803 Ἐπειδὴ
2376 1731 2434 1784 δὲ
2473 1725 2541 1799 ἦν
2592 1729 2959 1800 πνευματικόν
3004 1748 3060 1783 τι
3107 1730 3170 1783 τὸ
3213 1730 3504 1802 δρώμενον,
3536 1732 3604 1787 ἐκ

2029 1824 2230 1894 πολλῆς
2263 1824 2403 1891 ἄγαν
2431 1820 2725 1890 φιλοθεῒας,
2763 1821 3045 1892 μονονουχὶ
3076 1820 3169 1876 καὶ
3195 1821 3485 1892 αὐτόμολος
3504 1822 3600 1875 ἐπὶ

2028 1914 2087 1967 τὸ
2128 1914 2258 1985 δρᾷν
2300 1912 2518 1983 ἔρχεται
2546 1910 2606 1965 τὸ
2636 1910 3293 1983 κεκελευσμένον.”Δλλως
3331 1927 3421 1975 τε,
3439 1910 3596 1981 φησι,

2027 2003 2125 2055 ούκ
2154 1988 2273 2056 ἂνὸ
2308 2001 2409 2072 τῆς
2437 2001 2761 2069 ἐγκρατείας
2802 2000 2933 2065 Θεὸς
2969 1999 3200 2072 ἠθέλησέ
3252 2018 3306 2054 τι
3348 1999 3597 2069 γενέσθαι

2024 2092 2285 2156 τοιοῦτον,
2303 2093 2380 2157 ὡς
2407 2092 2575 2163 ἄνδρα
2606 2091 2857 2146 τοσοῦτον
2886 2094 3137 2163 αἰσχραῖς
3156 2091 3331 2157 οὕτως
3357 2092 3450 2145 καὶ
3479 2093 3597 2163 βδε-

2026 2183 2359 2255 λυρωτάταις
2410 2182 2865 2253 καταμιαίνεσθαι
2925 2182 3285 2255 συμπλοκαῖς,
3339 2185 3460 2247 ταῖς
3520 2182 3601 2245 εἰς

2024 2277 2276 2343 γυναῖκα,
2307 2275 2471 2346 φημὶ,
2508 2274 2603 2331 καὶ
2630 2273 2786 2327 τοῦτο
2831 2273 3118 2343 μαχλῶσαν
3161 2273 3256 2326 καὶ
3292 2289 3598 2343 πεπορνευ-

2029 2365 2213 2436 μένην,
2242 2364 2647 2418 Μεταπλάττων
2678 2365 2735 2419 δὲ
2771 2365 2956 2432 ὥσπερ
2983 2364 3080 2434 τῆς
3111 2362 3349 2433 ίστορίας
3377 2363 3478 2433 τὴν
3503 2362 3601 2416 δύη

2026 2473 2189 2526 ναμιν
2215 2456 2294 2519 εἰς
2318 2456 2527 2519 ἐννοίας
2556 2455 2953 2525 πνευματικὰς,
2980 2454 3184 2519 ἔφασκε
3210 2452 3309 2519 μὶν
3339 2447 3477 2502 εἶναι
3496 2453 3597 2519 τὴν

2024 2547 2202 2618 Γόμερ
2228 2549 2307 2611 εἰς
2338 2545 2507 2600 τύπον
2536 2544 2735 2616 ψυχῆς,
2767 2542 3007 2614 αἰσχρῶς
3029 2541 3122 2597 καὶ
3140 2540 3388 2610 άσέμνως
3410 2539 3599 2610 διαζῇν

2024 2637 2307 2709 ᾑρημένης
2328 2654 2343 2670 ο
2388 2637 2475 2690 τὸν
2516 2635 2573 2689 δέ
2618 2651 2681 2702 γε
2715 2633 2998 2703 προφήτην
3026 2631 3209 2685 εἰκόνα
3238 2628 3474 2702 πληροῦν
3497 2628 3590 2682 τοῦ

2024 2726 2229 2781 ἄνωθεν
2278 2726 2373 2779 καὶ
2424 2724 2482 2791 ἐξ
2532 2722 2786 2794 ούρανοῦ,
2831 2720 3100 2785 τουτέστι,
3128 2718 3223 2773 τοῦ
3272 2721 3338 2773 ἐκ
3388 2716 3596 2789 [ἰατρὸς

2023 2813 2158 2869 Θεοῦ
2181 2815 2353 2883 Λόγου
2374 2829 2390 2845 ο
2419 2813 2478 2878 ὃς
2502 2815 2624 2877 ταῖς
2654 2812 2949 2884 ᾑμετέραις
2970 2811 3165 2882 ψυχαῖς
3199 2808 3598 2879 συναπτόμενος

2024 2909 2339 2981 νοητῶς,τά
2379 2909 2477 2979 τῆς
2525 2908 2816 2980 φιλαρὲτου
2866 2906 3013 2977 ζωῆς
3059 2906 3232 2977 ἐνίησι
3285 2906 3595 2975 σπέρματα.

2026 3000 2137 3054 Καὶ
2149 2999 2323 3055 ταῦτα
2343 2998 2443 3068 μὲν
2462 2998 2563 3069 τῆς
2583 2998 2790 3051 ἐκείνου
2809 2994 3187 3065 πιθανολογίας
3210 2994 3278 3049 τά
3294 2994 3593 3065 εύρέματα.

2027 3090 2359 3162 Τεθαύμακα
2385 3090 2443 3144 δὲ
2464 3090 2522 3143 ού
2550 3091 2786 3160 μετρίως
2818 3087 2947 3157 ἐγὼ,
2979 3085 3193 3157 πρῶτον
3226 3085 3347 3156 μὲν,
3377 3086 3459 3138 ὅτι
3486 3084 3595 3137 τῶν

2026 3183 2106 3247 εἰς
2138 3182 2392 3253 ἀλήθειαν
2429 3180 2725 3252 ἀφειδήσας
2761 3176 3001 3243 ἐννοιῶν,
3037 3176 3365 3246 τετόλμηκεν
3399 3175 3593 3236 εἰπεῖν,

2024 3273 2106 3328 ὅτι
2147 3273 2208 3326 τὸ
2256 3273 2489 3346 γράμμα
2537 3270 2867 3325 ἀποκτείνει.
2904 3265 3035 3322 Εἶτα
3081 3268 3218 3340 πρὸς
3259 3265 3487 3330 τούτοις,
3512 3266 3594 3318 ὅτι

2025 3363 2359 3437 παρεκόμισε
2411 3363 2509 3434 μὲν
2550 3363 2678 3426 τοὺς
2720 3360 2863 3431 ἀμφὶ
2901 3361 2989 3414 τὸν
3015 3359 3236 3423 Μωσέα,
3264 3358 3357 3411 καὶ
3384 3350 3460 3410 ὧν
3494 3357 3594 3407 ὲπ-

2023 3453 2377 3528 εμνήσθημεν
2414 3452 2638 3525 ἀρτίως,
2666 3454 2776 3514 τοῖς
2806 3449 3010 3506 ἀνωθεν
3045 3447 3594 3521 κεχρησμῳδημὲνοις

2024 3546 2429 3618 ἀντειρηκότας·
2455 3547 2536 3599 ὅτι
2559 3546 2616 3599 δὲ
2640 3548 2749 3609 τοῖς
2774 3545 2939 3608 θείοις
2964 3543 3324 3613 θεσπίσμασιν
3344 3540 3591 3595 ἀντιϐλέ-

2022 3637 2120 3707 ψαι
2146 3637 2537 3709 τετολμηκότες
2568 3636 2668 3689 οὐκ
2698 3635 2800 3701 ἔξω
2831 3635 3118 3705 γεγόνασιν
3144 3632 3343 3694 αἰτίας,
3370 3633 3592 3701 σεσίγη-

2022 3747 2117 3784 κεν
2144 3730 2245 3783 ούκ
2274 3727 2471 3799 ὀρθῶς.
2499 3725 2937 3797 Παραιτούμενον
2965 3723 3062 3793 μὲν
3090 3722 3196 3793 γὰρ
3220 3721 3311 3774 τὸν
3338 3722 3590 3791 ἱεροφάν-

2022 3837 2119 3890 την
2147 3818 2367 3884 Μωσέα,
2398 3817 2493 3870 καὶ
2516 3815 2772 3869 ὀκνοῦντα
2799 3813 2897 3882 τὴν
2926 3810 3225 3881 ἀποστολὴν
3247 3850 3261 3874 ,
3316 3810 3411 3863 καὶ
3453 3827 3590 3880 προ-

2022 3909 2305 3980 ϊσχόμενον
2350 3908 2445 3979 τὴν
2485 3904 2945 3977 βραδυγλωσσίαν,
2992 3902 3069 3966 ὡς
3120 3900 3449 3956 ἀσθενοῦντα
3468 3904 3592 3971 περὶ

2021 3998 2120 4067 τὴν
2163 3998 2346 4052 πίστιν
2390 3996 2586 4068 ἤλεγχε
2626 3994 2781 4059 Θεὸς,
2818 3992 2961 4047 οὕτω
2990 3990 3191 4059 λέγων·
3251 4008 3270 4041 ι
3299 3988 3395 4052 Τίς
3424 3989 3585 4041 ἔδωκε

2023 4088 2199 4158 στόμα
2226 4086 2531 4157 ἀνθρώπῳ;
2570 4084 2664 4139 καὶ
2691 4085 2772 4146 τίς
2796 4083 3017 4153 ἐποίησε
3046 4080 3327 4148 δύσκωφον
3356 4078 3446 4131 καὶ
3476 4096 3583 4131 κω-

2023 4176 2142 4245 φὸν,
2175 4175 2442 4244 βλέποντα
2474 4174 2567 4226 καὶ
2595 4173 2828 4241 τυφλόν;
2864 4172 2963 4224 ούκ
3007 4172 3117 4241 ἐγὼ
3144 4172 3343 4243 Κύριος
3369 4172 3397 4223 ὀ
3423 4170 3590 4238 Θεός;

2022 4267 2131 4320 Καὶ
2159 4266 2274 4328 νῦν,
2306 4266 2561 4335 πορεύου,
2596 4263 2688 4317 καὶ
2719 4261 2830 4331 ἐγὼ
2873 4262 3070 4326 ἀνοίξω
3116 4264 3176 4316 τὸ
3222 4262 3395 4332 στόμα
3423 4279 3536 4315 σου.
3562 4280 3582 4316 ι

361 4367 509 4411 tuum
540 4357 606 4409 ⁸⁸.
642 4374 662 4407 ι
698 4355 773 4417 Eu
796 4358 970 4410 adhuc
998 4365 1301 4418 recusante,
1349 4362 1403 4408 et
1443 4369 1620 4408 moras
1649 4363 1917 4422 nectente,

2034 4353 2418 4422 Ἀναδυομένου
2439 4354 2493 4406 δὲ
2528 4352 2666 4423 μετὰ
2689 4353 2865 4417 τοῦτο,
2888 4353 2980 4405 καὶ
3010 4352 3289 4423 μέλλοντος
3304 4352 3405 4414 ἔτι,
3426 4370 3444 4403 ι
3467 4352 3587 4421 Ὠρ-

365 4463 386 4497 ι
427 4445 598 4499 iratus
624 4454 731 4514 est,
772 4462 789 4493 ι
840 4443 1032 4514 inquit,
1092 4461 1110 4494 ι
1166 4442 1421 4497 Dominus
1470 4442 1524 4495 in
1579 4441 1816 4513 Moysen,
1867 4455 1923 4501 et

360 4537 544 4592 dixit:
581 4535 697 4590 Non
724 4549 849 4593 ecce
877 4534 1057 4588 Aaron
1105 4531 1272 4588 frater
1298 4533 1455 4586 tuus?
1487 4532 1612 4589 Scio
1657 4536 1795 4603 quod
1842 4535 1923 4591 lo-

360 4641 532 4697 quens
566 4625 814 4696 loquetur
843 4624 955 4693 ipse
994 4624 1087 4677 tibi
1123 4624 1187 4677 ".
1241 4641 1259 4681 ι
1305 4622 1557 4692 Rursum,
1600 4641 1723 4681 cum
1770 4626 1923 4683 Jere-

362 4716 496 4770 mias
528 4714 974 4777 inconsideratius
1011 4701 1237 4767 dixisset
1285 4727 1344 4767 se
1378 4712 1648 4781 iuniorem
1700 4729 1822 4771 esse
1866 4725 1922 4771 et

360 4807 571 4862 nescire
603 4805 768 4874 loqui,
817 4804 1164 4871 nihilominus
1202 4813 1262 4859 et
1299 4802 1441 4859 Deus
1497 4804 1567 4858 ita
1615 4806 1851 4860 occurrit
1903 4823 1918 4861 ;

367 4914 388 4951 ι
419 4895 535 4950 Noli
579 4897 781 4961 dicere,
817 4897 937 4966 quia
972 4895 1161 4961 ,Ιυηίοτ
1207 4910 1306 4967 ego
1354 4909 1496 4959 sum,
1551 4896 1802 4965 quoniam
1853 4897 1920 4952 ad

359 5001 571 5054 omnes,
612 4988 676 5041 ad
708 5002 843 5054 quos
883 5003 981 5058 ego
1033 4989 1239 5045 mittam
1278 4998 1328 5042 te
1386 4987 1508 5052 ibis,
1560 4996 1613 5042 et
1670 4986 1920 5042 universa

359 5094 478 5149 quae
508 5078 829 5131 mandavero
865 5078 958 5131 tibi
990 5077 1224 5147 loqueris
1254 5079 1317 5133 ⁸ο.
1361 5096 1379 5130 ι
1418 5076 1532 5131 Non
1583 5078 1726 5135 enim
1771 5079 1917 5132 omni

358 5152 597 5239 periculo
628 5170 877 5235 vacabat,
912 5169 1111 5232 dicere,
1146 5178 1238 5222 aut
1261 5168 1447 5222 saltem
1479 5172 1735 5239 cogitare,
1771 5184 1918 5223 sum-

359 5272 506 5312 mum
549 5257 827 5317 consilium
853 5274 879 5311 a
915 5267 1059 5313 recta
1102 5258 1308 5312 ratione
1337 5260 1636 5322 aberrasse,
1668 5259 1792 5313 dum
1833 5258 1921 5327 ju-

357 5362 545 5403 venem
572 5348 637 5411 ad
667 5348 988 5405 vaticinandi
1021 5347 1251 5403 ofﬁcium
1306 5357 1476 5402 vocat.
1523 5348 1783 5404 Similiter
1819 5349 1921 5404 Pe-

360 5446 479 5493 trus
508 5438 718 5508 accepit
749 5438 964 5507 quidem
995 5453 1201 5506 vocem,
1234 5439 1396 5493 linteo
1429 5437 1493 5494 de
1521 5435 1659 5492 coelo
1683 5438 1913 5495 submis-

424 5608 628 5673 πΑοι.
668 5613 843 5682 κ,14.
922 5612 1270 5671 “Exod.tv.
1316 5613 1524 5684 11,12.
1618 5613 1956 5671 "111111.11.

1572 5703 1595 5707 γι
1616 5702 1686 5710 κ-ος.

2019 4442 2201 4512 γίσθη,
2252 4446 2404 4512 φησι,
2455 4441 2657 4513 Κύριος
2686 4441 2780 4494 ἐπὶ
2835 4442 3060 4512 Μωσῆν,
3107 4441 3198 4494 καὶ
3246 4437 3432 4493 εἶπεν
3476 4442 3589 4493 Ούκ

2023 4533 2132 4587 ἰδοὺ
2172 4532 2380 4603 Ἀαρὼν
2400 4534 2427 4586 ὁ
2452 4532 2676 4601 ἀδελφός
2706 4550 2827 4599 σου;
2864 4533 3160 4602 ἐπίσταμαι
3183 4532 3264 4585 ὅτι
3293 4529 3466 4585 λαλῶν
3488 4530 3587 4583 λα·-

2019 4625 2171 4695 λήσει
2221 4624 2382 4688 αὐτός
2433 4642 2536 4680 σοι.
2567 4624 2870 4696 »Ἱερεμίου
2900 4624 2955 4677 δὲ
2992 4623 3152 4676 πάλιν
3194 4621 3587 4694 προαλέστερον

2020 4716 2318 4787 εἰρηκότος,
2346 4717 2425 4769 ὅτι
2444 4713 2725 4786 Νεώτερος
2757 4713 2867 4782 ἐγώ
2896 4716 3029 4784 εἰμι,
3050 4713 3143 4765 καὶ
3166 4713 3266 4766 οὐκ
3291 4710 3589 4779 ἐπίσταμαι

2023 4806 2226 4872 λαλεῖν,
2256 4806 2407 4859 οὐδὲν
2436 4800 2594 4876 ἦττον
2630 4807 2843 4877 ὑπήντα
2865 4804 3016 4872 Θεὸς,
3037 4805 3207 4873 λέγων
3231 4822 3245 4836 ο
3279 4822 3297 4856 ι
3328 4804 3418 4863 Μὴ
3443 4803 3588 4871 λέγε,

2024 4896 2103 4949 ὄτι
2129 4895 2409 4966 Νεὼτερος
2441 4894 2551 4964 ἐγώ
2579 4898 2713 4967 εἰμι,
2744 4898 2827 4951 ὅτι
2857 4897 2993 4968 πρὸς
3025 4898 3228 4959 πάντας
3260 4895 3352 4959 οὓς
3390 4895 3454 4949 ἂν
3480 4892 3599 4961 ἐγὼ.

2023 4986 2365 5052 ἐξαποστελῶ
2394 5004 2473 5051 σε,
2504 4987 2764 5058 πορεύσῃ,
2798 4988 2892 5041 καὶ
2923 4988 3063 5041 κατὰ
3090 4988 3264 5040 πάντα
3288 4987 3385 5037 ὅσα
3416 4984 3482 5036 ἂν
3503 4985 3588 5033 ὲν-

2022 5073 2283 5143 τείλωμαί
2320 5092 2422 5137 σοι,
2451 5076 2723 5146 λαλήσεις.
2770 5096 2790 5129 ι
2825 5078 2897 5129 Ού
2924 5076 3032 5145 γὰρ
3058 5070 3124 5145 ἦν
3153 5074 3286 5135 ὅλως
3309 5072 3586 5125 ἀκίνδυνον

2022 5165 2213 5231 εἰπεῖν,
2249 5165 2416 5234 ἤγουν
2447 5168 2693 5237 ἐννοῆσαι
2729 5167 2906 5234 μόνον,
2937 5167 3019 5218 ὅτι
3048 5161 3302 5231 λογισμοῦ
3330 5161 3421 5213 τοῦ
3454 5160 3588 5230 πρέ-

2023 5271 2215 5318 ποντος
2267 5258 2300 5326 ή
2355 5258 2632 5328 ὑπερτάτη
2679 5255 2842 5327 βουλὴ
2885 5255 3241 5328 διημάρτηκε,
3273 5254 3388 5305 νέον
3423 5251 3588 5325 ἄνδρα

2022 5346 2257 5400 καλοῦσα
2306 5348 2441 5419 πρὸς
2464 5326 2844 5420 προφητείαν.
2864 5326 3093 5416 Ὁμοίως
3117 5346 3144 5397 ὀ
3171 5344 3454 5405 θεσπέσιος
3480 5341 3587 5395 1Ιέ-

2020 5455 2144 5509 τρος
2171 5440 2370 5509 ἤκουσε
2396 5440 2515 5512 μὲν,
2541 5441 2637 5512 τὴς
2664 5439 2853 5511 ὀθόνης
2881 5438 3206 5511 καθιεμένης
3245 5435 3305 5501 ἐξ
3329 5431 3579 5509 ούρανοῦ·

2033 5616 2078 5650 ιο
2110 5612 2309 5672 Jerem.
2344 5632 2382 5684 1,
2426 5617 2475 5670 7.
