4002 6220
284 327 353 382 ἰθ
1204 322 1756 380 COMMENTARIUS
1788 322 1853 376 IN
1894 321 2124 380 OSEAM
2164 323 2607 382 PROPHETAM.

3474 336 3549 392 ω

291 441 624 502 ι’Δναστὰς,
655 437 849 509 Πέτρε,
902 438 1099 504 θῦσον,
1155 440 1249 493 καὶ
1294 440 1455 508 φάγε.
1484 458 1503 491 ι
1541 440 1757 509 Ἐπειδὴ
1810 438 1866 492 δὲ

1970 455 2032 494 so
2064 464 2073 495 :
2111 460 2129 494 ι
2165 442 2363 511 Surge,
2394 441 2572 504 Petro,
2603 440 2811 506 occide,
2843 452 2897 496 et
2926 442 3190 498 manduca
3219 444 3283 499 ".
3318 464 3338 499 ι
3392 446 3545 514 Quo-

294 522 603 593 Ἰουδαϊκῶς
648 530 1017 600 ἀνακεκράγει
1042 529 1123 593 τὸ,
1161 548 1180 583 ι
1206 531 1509 602 Μηδαμῶς,
1560 530 1751 601 Κύριε,
1785 530 1867 585 ὅτι

280 622 542 674 οὐδέποτε
589 619 793 688 ἔφαγον
831 620 1026 685 κοινὸν,
1069 621 1102 690 ἢ
1152 621 1476 693 ἀκάθαρτονο
1513 640 1533 675 ι
1573 623 1869 691 ὲπετιμᾶτο

283 714 650 783 παραχρῆμα,
676 712 771 766 καὶ
797 712 873 775 ὡς
897 715 1011 775 τοῖς
1054 713 1217 776 θείοις
1246 714 1555 784 σκέμμασιν
1585 714 1866 785 ἀντιφέρε-

287 806 408 859 σθαι
436 804 673 875 τολμῶν,
693 805 891 874 ἤκουεν
921 803 1167 873 ἐναργῶς
1186 822 1231 856 ἰ
1248 806 1314 857 "A
1347 807 1376 857 6
1403 805 1533 869 Θεὸς
1552 806 1865 877 ὲκαθάρισε,

286 896 347 948 σὺ
388 894 466 963 μὴ
494 893 695 946 κοίνου.
733 910 754 942 ι
792 892 855 943 El
886 892 997 961 γὰρ
1026 893 1120 944 καὶ
1149 892 1395 963 ἐλέγχειν
1418 894 1603 964 ἤθελεν
1631 896 1807 965 ἠπίως
1838 898 1867 950 6

284 984 391 1038 τῶν
426 984 567 1037 ὅλων
612 982 765 1046 Θεὸς,
807 983 903 1035 καὶ
944 983 1045 1036 οὐκ
1090 983 1250 1047 εὐθὺς
1278 986 1354 1048 ὡς
1394 987 1769 1057 ἀντειρηκόσιν
1804 987 1865 1040 ού

289 1074 529 1145 μετρίως
563 1073 996 1141 ἑξεπικραίνετο,
1030 1074 1142 1127 ἀλλ’
1171 1076 1270 1128 οὐκ
1298 1075 1403 1140 ἔξω
1439 1076 1658 1144 γέγονεν
1689 1078 1867 1141 αἰτίας

285 1168 468 1230 αὐτοῖς
497 1170 529 1237 ἡ
562 1167 912 1235 παραίτησις.
946 1167 1159 1237 Χρῆναι
1201 1168 1258 1221 δέ
1302 1186 1442 1239 φημι
1487 1172 1608 1232 ταῖς
1661 1170 1867 1225 ἄνωθεν

283 1256 487 1326 ψήφοις
520 1256 788 1326 ἀμελλητὶ
816 1258 1080 1327 νέμοντας
1106 1258 1166 1311 τὸ
1193 1259 1368 1329 ὀρθῶς
1410 1260 1502 1313 καὶ
1528 1260 1868 1332 ἀδιαδλήτως

285 1352 450 1419 ἐχειν,
499 1351 893 1421 ἀποπεραίνειν
935 1350 1249 1418 ἐπείγεσθαι
1302 1353 1363 1404 τὸ
1416 1352 1864 1422 κεκελευσμένον,

284 1443 391 1494 κᾶν
442 1444 492 1494 εί
525 1443 598 1512 μὴ
643 1442 849 1511 σφόδρα
894 1441 955 1494 τὸ
983 1442 1170 1512 χρῆμα
1195 1446 1313 1505 ταῖς
1340 1444 1637 1514 ἡμετέραις
1665 1444 1863 1517 ἀνδάνῃ

282 1534 506 1602 ψυχαῖς.
543 1529 668 1587 υἷόν
718 1534 771 1585 τί
820 1549 982 1603 φημι⁹
1008 1534 1347 1605 Προστέταχε
1396 1536 1474 1605 τῷ
1505 1536 1675 1589 Σαοὺλ
1702 1539 1730 1589 6
1753 1537 1864 1590 τῶν

281 1625 419 1678 ὅλων
466 1624 621 1689 Θεὸς,
653 1623 961 1692 ἀποσφάξαι
999 1625 1092 1678 τὸν
1125 1627 1327 1693 Ἀγαγ,
1358 1627 1432 1690 ὼς
1462 1627 1650 1681 ἀνόσια
1676 1628 1864 1698 δεδρα-

283 1717 419 1769 κότα
465 1716 613 1769 κατὰ
651 1715 758 1768 τῶν
794 1714 848 1779 ὲξ
899 1716 1294 1787 Ἰσραήλ.Ἀλλ’
1336 1716 1489 1787 ᾠήθη
1530 1718 1590 1770 τὸ
1630 1720 1865 1790 χρηστὸν

1970 532 2114 586 niam
2144 540 2323 586 autem
2355 540 2413 586 ut
2443 530 2660 586 Judaaus
2685 532 3024 589 exclamabat
3057 551 3074 588 :
3113 552 3132 586 ι
3173 533 3543 605 Nequaquam,

1970 621 2215 687 Domine,
2252 622 2375 691 quia
2409 636 2679 691 nunquam
2718 623 2923 677 comedi
2951 638 3260 690 commune,
3309 636 3402 679 aut
3442 627 3546 681 im-

1967 718 2223 770 mundum
2255 716 2531 784 quidpiam
2565 716 2630 781 δ’,
2669 734 2688 767 ι
2720 716 2862 771 illico
2887 725 2971 772 est
3012 717 3348 786 objurgatus,
3397 728 3445 771 et
3486 729 3544 771 ut

1968 807 2151 861 divino
2184 808 2462 876 proposito
2502 805 2767 862 obsistere
2811 822 2918 861 non
2971 807 3351 871 reformidans,
3396 808 3543 861 clare

1966 897 2171 957 audivit
2200 914 2216 951 :
2251 918 2269 949 ι
2303 898 2453 963 Quod
2489 898 2626 952 Deus
2659 898 2986 967 purifieavit,
3028 908 3085 952 tu
3125 913 3412 953 commune
3474 914 3544 954 ne

1966 988 2170 1044 dixeris
2203 987 2269 1041 “.
2308 1007 2327 1039 ι
2364 988 2621 1055 Quamvis
2664 990 2807 1043 enim
2862 991 3003 1044 Deus
3065 990 3439 1047 universorum
3487 1000 3544 1045 et

1967 1087 2248 1132 mansuete
2282 1079 2675 1147 reprehendere
2710 1079 2899 1143 voluit,
2946 1091 3002 1134 et
3031 1094 3137 1133 non
3191 1080 3353 1144 illico,
3385 1089 3444 1134 ut
3485 1080 3543 1134 in

1971 1167 2326 1224 refractarios
2372 1170 2744 1225 vehementius
2785 1180 2866 1225 est
2919 1171 3311 1235 exacerbatus,
3360 1181 3542 1226 tamen

1965 1272 2151 1311 eorum
2189 1259 2509 1313 detrectatio
2536 1260 2691 1329 culpa
2718 1276 2821 1314 non
2848 1260 3044 1313 caruit.
3074 1260 3337 1328 Oportere
3359 1272 3542 1316 autem

1965 1350 2215 1405 existimo
2250 1352 2393 1404 omni
2431 1366 2580 1405 mora
2625 1353 2954 1421 posthabita,
2991 1352 3269 1407 caelestem
3323 1363 3542 1408 senten-

1966 1442 2093 1495 tiam
2122 1452 2329 1497 rectam
2359 1452 2521 1511 atque
2554 1444 2933 1511 inculpabilem
2961 1453 3281 1511 statuentes,
3332 1446 3397 1499 ad
3426 1444 3542 1511 jus-

1966 1548 2023 1589 sa
2047 1537 2387 1603 exsequenda
2419 1550 2730 1605 properare,
2754 1536 2965 1590 etiamsi
2999 1524 3083 1591 res
3116 1537 3313 1589 animis
3344 1537 3541 1591 nostris

1964 1640 2155 1694 parum
2188 1628 2450 1681 arriserit.
2478 1627 2646 1693 Quale
2677 1637 2779 1693 est,
2806 1627 3049 1695 inquam,
3080 1627 3221 1696 quod
3259 1628 3541 1681 universo-

1969 1732 2087 1771 rum
2125 1718 2263 1771 Deus
2293 1720 2358 1773 de
2385 1720 2529 1788 Agag
2571 1720 2888 1784 occidendo,
2925 1729 2980 1772 ut
3012 1719 3103 1788 qui
3157 1720 3208 1773 in
3264 1718 3541 1773 lsraelitas

283 1810 370 1860 ἐπ’
410 1807 565 1877 αὐτῷ
608 1806 971 1876 βουλεύεσθαι,
1020 1809 1116 1860 καὶ
1163 1808 1377 1876 φειδοῦς
1427 1810 1576 1879 ἠξίου
1620 1811 1711 1863 τὸν
1744 1814 1862 1874 ταῖς

1971 1800 2196 1863 nefanda
2233 1809 2449 1864 molitus
2495 1822 2661 1871 esset,
2712 1808 2863 1863 Sauli
2906 1810 3204 1874 mandavit,
3248 1810 3338 1879 qui
3390 1810 3543 1865 beni-

282 1899 490 1967 ψήφοις
515 1897 1060 1965 καταδεδικασμένον.
1095 1899 1429 1971 Προσκρούει
1463 1902 1519 1954 δὲ
1549 1899 1640 1956 οὖν
1662 1903 1864 1975 ταύτῃ·

284 2006 364 2042 τοι
392 1989 475 2057 τῷ
502 1987 642 2057 Θεῷ,
674 1988 769 2041 καὶ
796 1988 958 2058 μάλα.
978 1990 1231 2059 Ἐκήδετο
1269 1992 1334 2061 δὴ
1379 1989 1471 2046 οὗν
1497 1994 1586 2047 τοῦ
1617 1996 1865 2049 τεθνάναι

284 2079 786 2152 προστεταγμένου,
820 2082 1101 2149 μονονουχὶ
1130 2081 1528 2152 διακεκραγὼς,
1561 2087 1654 2140 καὶ
1692 2087 1865 2155 λέγων

285 2173 351 2226 δι’
380 2171 544 2225 αὐτοῦ
591 2170 688 2223 τοῦ
733 2171 1080 2240 πράγματος,
1110 2172 1191 2224 ὅτι
1246 2172 1319 2244 μὴ
1347 2174 1561 2229 δικαίαν
1593 2179 1681 2229 ἐπ’
1716 2179 1865 2249 αὐτῷ

288 2264 386 2334 τὴν
427 2264 603 2333 ψῆφον
648 2264 882 2314 ἐποιεῖτο
928 2262 1077 2325 Θεὸς.
1107 2263 1322 2333 Ταύτης
1352 2266 1513 2320 ἕνεκα
1557 2269 1655 2338 τῆς
1686 2270 1865 2334 αίτίας

290 2357 535 2408 ἐλυπεῖτο
571 2355 668 2425 μὲν
710 2354 852 2415 λίαν,
888 2355 982 2406 καὶ
1024 2356 1419 2424 συνηγανάκτει
1457 2359 1575 2429 Θεῷ
1605 2363 1632 2412 6
1682 2362 1862 2429 μακάο

230 2427 248 2446 ’
298 2465 407 2517 ριος
431 2448 697 2517 Σαμουὴλ.
728 2450 838 2502 Kal
863 2448 1197 2517 ἀποσφάττει
1231 2450 1329 2518 μὲν
1353 2450 1443 2502 τὸν
1472 2427 1654 2519 Ἀγαγ
1678 2427 1859 2518 αὐτὸς,

297 2538 579 2604 ἑπιφωνῶν
601 2539 689 2601 τὰς
720 2539 921 2602 αἰτίας·
955 2559 972 2590 ι
996 2538 1133 2592 Ἀνθ⁹
1156 2534 1231 2593 ὧν
1261 2540 1392 2609 γὰρ,
1425 2544 1609 2611 φησὶν,
1635 2545 1863 2611 ἡτέκνωο

300 2645 359 2682 σε
388 2631 640 2696 γυναῖκας
663 2632 695 2699 ἡ
725 2631 974 2700 ῥομφαία
1004 2648 1117 2695 σου,
1143 2631 1313 2694 οὕτως
1338 2634 1772 2703 ἀτεκνωθήσεται
1800 2639 1862 2689 ἐκ

292 2720 560 2785 γυναικῶν
580 2723 612 2791 ἡ
639 2722 820 2791 μήτηρ
839 2738 954 2777 σου.
981 2742 1000 2773 ›
1028 2723 1468 2792 Προαπαγγέλλει
1496 2724 1550 2776 δὲ
1569 2723 1645 2793 τῷ
1667 2726 1859 2789 Σαοὺλ,

286 2811 367 2863 ὅτι
396 2812 492 2863 καὶ
520 2812 621 2881 τῆς
652 2812 928 2881 βασιλείας
978 2813 1369 2885 ἐξοισθήσεται,
1411 2816 1504 2867 καὶ
1540 2818 1739 2886 πικρὰς
1764 2817 1861 2887 τῆς

285 2904 571 2972 παρακοῆς
604 2905 851 2957 ἀποτίσει
875 2904 1051 2967 δίκας.
1628 2966 1637 2971 κ

354 2994 418 3045 Εἰ
447 2994 503 3045 δὲ
537 2994 644 3065 χρὴ
690 2995 826 3065 πρὸς
861 2995 1035 3065 τούτῳ
1068 2994 1163 3049 καὶ
1196 2995 1387 3066 ἐτέρας
1426 2998 1574 3066 ἡμᾶς
1622 2998 1861 3068 ίστορίας

284 3090 644 3153 παρενεγκεῖν
690 3088 985 3156 ἀφήγησιν,
1015 3088 1072 3139 ὲν
1119 3090 1186 3158 τῇ
1227 3088 1383 3158 τρίτῃ
1414 3089 1721 3158 γέγραπται
1752 3091 1859 3143 τῶν
1888 3129 1930 3183 c

284 3174 603 3239 Βασιλειῶν,
649 3178 731 3230 ὅτι
764 3177 1225 3248 κατεστρατεύετό
1259 3195 1387 3231 ποτε
1418 3179 1526 3233 τῶν
1554 3180 1611 3245 ἐξ
1648 3176 1861 3251 Ἰσραὴλ

282 3269 311 3322 6
344 3268 520 3338 Ἀδὲρ,
546 3272 575 3322 6
613 3269 801 3340 Σύρων
833 3270 1153 3340 ἡγούμενος,
1184 3271 1301 3340 ἦτοι
1334 3270 1603 3340 βασιλεύς.
1649 3271 1863 3325 Ἀλύον-

282 3376 375 3421 τος
415 3359 470 3411 δὲ
517 3360 577 3411 ού
611 3361 826 3431 μικρῶς
875 3362 965 3415 τοῦ
1000 3362 1223 3432 ’Δχαά6,
1261 3362 1319 3425 ὃς
1366 3360 1433 3433 ἦν
1473 3363 1725 3433 βασιλεὺς
1762 3367 1864 3419 Ἰσ-

286 3450 451 3521 ραὴλ,
482 3452 576 3503 καὶ
614 3451 846 3515 δεδιότος
873 3453 969 3524 τὴν
1002 3454 1209 3523 ἔφοδον,
1240 3454 1544 3508 ἀλώσεσθαί
1571 3474 1629 3509 τε
1657 3459 1756 3511 οὐκ
1784 3460 1863 3522 είς

289 3539 507 3608 μακρὰν
548 3543 892 3611 πανστρατιᾷ
942 3543 1450 3613 προσδοκήσαντος,
1495 3546 1864 3615 ἐπηγγέλλετο

284 3629 369 3682 διὰ
410 3631 687 3701 προφήτου
718 3631 877 3697 Θεὸς,
929 3628 1275 3703 παραδώσειν
1324 3636 1475 3707 αὐτῷ
1522 3637 1613 3690 τὸν
1646 3639 1860 3709 ἐχθρόν.

288 3716 417 3773 Εἶτα
445 3720 625 3773 λαϐὼν
666 3723 892 3787 ἐκεῖνος,
935 3723 1087 3794 ὴξίου
1134 3726 1351 3795 φειδοῦς
1402 3728 1553 3798 παρά
1583 3729 1644 3781 τὸ
1673 3730 1864 3783 δοκοῦν

287 3811 360 3881 τῷ
404 3812 545 3881 Θεῷ.
586 3814 694 3866 Καὶ
737 3815 789 3867 τί
827 3815 965 3884 μετσά
1018 3817 1176 3870 τοῦτο
1208 3819 1269 3871 τὸ
1301 3820 1540 3890 Γράμμα
1586 3821 1646 3874 τὸ
1686 3822 1863 3893 ίερὸν;

292 3921 311 3954 ι
336 3906 450 3957 Kal
496 3904 783 3976 ἄνθρωπος
832 3902 912 3971 εἷς
960 3908 1025 3961 ὲκ
1080 3908 1187 3962 τῶν
1238 3910 1369 3963 υίῶν
1426 3912 1534 3964 τῶν
1570 3914 1865 3983 προφητῶν

287 3989 407 4046 εἷπε
451 3993 585 4065 πρὸς
624 3996 715 4047 τὸν
756 3996 983 4066 πλησίον
1010 3998 1173 4051 αὐτοῦ
1205 4001 1264 4053 ὲν
1305 4000 1449 4071 λόγῳ
1488 4003 1713 4072 Κυρίου’
1758 4004 1867 4055 Πά-

290 4084 448 4147 ταξον
472 4085 538 4154 δή
577 4103 667 4153 με.
695 4087 805 4139 Kal
834 4088 934 4140 οὐκ
963 4088 1225 4158 ἠθέλησεν
1255 4090 1283 4141 6
1316 4091 1601 4160 ἄνθρωπος
1628 4094 1865 4159 πατάξαι

290 4177 469 4231 αὐτόν.
501 4175 612 4229 Καὶ
661 4174 780 4233 εἷπε
811 4181 947 4249 πρὸς
971 4181 1153 4233 αὐτόν·
1202 4182 1342 4235 Ἀνθ’
1369 4177 1444 4238 ὧν
1481 4185 1581 4238 οὐκ
1629 4186 1866 4256 ἤκουσας

290 4267 385 4338 τῆς
417 4267 601 4337 φωνῆς
626 4269 852 4339 Κυρίου,
880 4270 987 4321 ἰδοῦ
1017 4272 1079 4324 σὺ
1113 4273 1433 4344 ἀποτρέχεις
1466 4275 1557 4327 ἀπ’
1586 4275 1742 4346 ἐμοῦ,
1773 4275 1867 4328 καὶ

293 4357 522 4421 πατάξει
553 4375 610 4410 σε
640 4358 797 4411 λέων.
826 4362 936 4413 Καὶ
977 4362 1217 4432 ἀπῆλθεν
1265 4365 1359 4417 ἀπ’
1404 4365 1592 4428 αὑτοῦ,
1638 4367 1733 4420 καὶ
1777 4367 1868 4418 εὑ-

1966 1903 2123 1971 gnius
2156 1901 2206 1954 in
2233 1915 2355 1954 eum
2386 1901 2798 1964 consulendum,
2846 1909 2901 1954 et
2932 1902 3087 1954 venia
3138 1901 3355 1969 dignum
3407 1916 3539 1954 cen-

1966 1992 2095 2055 suit,
2130 2007 2288 2059 quem
2323 1992 2506 2045 divina
2538 1992 2833 2046 auctoritas
2865 1991 3218 2045 damnaverat
3263 1991 3329 2046 “.
3363 1990 3541 2057 Quare

1966 2098 2069 2136 non
2108 2083 2296 2137 leviter
2322 2083 2485 2136 Deum
2512 2080 2757 2137 oﬁ‘eudit.
2793 2082 2995 2137 Curam
3016 2082 3183 2151 igitur
3203 2082 3369 2153 gessit
3402 2082 3537 2149 ejus,

1964 2176 2052 2242 qui
2091 2179 2224 2227 mori
2252 2174 2440 2242 jussus
2474 2174 2669 2236 fuerat,
2699 2182 2907 2227 tantum
2942 2190 3047 2228 non
3079 2175 3339 2238 clamans,
3370 2182 3422 2227 et
3456 2173 3541 2227 dio

1965 2278 2093 2317 cens
2157 2264 2299 2316 facto
2362 2264 2515 2331 ipso,
2581 2264 2820 2332 iniquam
2890 2264 3212 2318 sententiam
3284 2265 3541 2319 adversus

1966 2356 2137 2423 ipsum
2173 2356 2355 2409 tulisse
2384 2355 2570 2409 Deum.
2626 2354 2773 2409 llanc
2810 2355 2878 2409 ob
2922 2369 3139 2409 causam
3190 2354 3541 2408 contristatus

1967 2462 2312 2516 magnopere,
2346 2457 2399 2501 et
2424 2464 2527 2501 una
2562 2463 2685 2501 eum
2716 2447 2827 2501 Deo
2862 2447 3173 2515 indignatus
3220 2456 3302 2501 est
3354 2448 3543 2501 beatus

1964 2540 2203 2604 Samuel,
2251 2540 2562 2607 occiditque
2595 2542 2706 2608 ipsa
2744 2555 2838 2593 sua
2888 2554 3047 2593 manu
3084 2539 3258 2607 Agag,
3320 2552 3539 2591 causam

1962 2630 2421 2698 superadjicicus:
2456 2650 2473 2681 ι
2516 2630 2665 2683 Sicut
2692 2630 3040 2698 fecitabsquc
3072 2629 3254 2683 liberis
3289 2628 3541 2682 mulieres

1962 2721 2167 2790 gladius
2198 2731 2341 2785 tuus,
2373 2722 2451 2774 sic
2484 2720 2689 2789 absque
2736 2720 2923 2774 liberis
2969 2721 3071 2773 erit
3115 2719 3255 2773 inter
3290 2718 3541 2773 mulieres

1963 2822 2135 2867 mater
2155 2823 2242 2866 tua
2258 2812 2325 2865 ⁵⁵.
2350 2831 2369 2864 ι
2390 2812 2720 2866 Ρτιιιηυηιίιιι
2749 2820 2931 2864 autem
2966 2809 3113 2864 Sauli
3140 2824 3302 2880 regno
3328 2808 3538 2878 pulsum

1962 2904 2047 2966 iri.
2117 2913 2170 2959 et
2220 2904 2445 2959 acerbas
2491 2904 2846 2959 contumacia:
2888 2918 3076 2973 poenas
3121 2901 3540 2972 persoluturum.

2031 2995 2183 3062 Quod
2226 2995 2269 3050 si
2298 2996 2515 3063 insuper
2546 2995 2770 3049 alterius
2836 2993 3079 3048 historiae
3134 2992 3421 3071 intexenda
3458 3000 3542 3047 est

1963 3086 2223 3151 narratio,
2252 3087 2303 3140 iu
2341 3086 2499 3140 tertio
2554 3085 2762 3155 Regum
2820 3085 3078 3154 scriptum
3119 3096 3221 3151 est,
3254 3084 3541 3153 aliquando

1962 3188 2147 3232 contra
2178 3177 2447 3230 lsraelitas
2476 3175 2580 3247 14
2607 3177 2749 3229 Ader
2784 3174 3048 3245 Syrorum
3074 3174 3397 3243 principem,
3426 3174 3543 3228 sive

1963 3283 2169 3339 regem,
2204 3268 2600 3337 expeditionem
2636 3268 2968 3336 suscepisse.
2994 3266 3182 3322 Maesta
3209 3277 3390 3326 autem
3431 3282 3541 3321 non

1963 3361 2306 3416 mediocriter
2332 3360 2523 3415 Achab
2554 3375 2678 3427 rege
2718 3359 2906 3426 Israel,
2960 3368 3013 3413 et
3052 3360 3329 3413 incursum
3364 3359 3540 3411 hosti-

1962 3455 2065 3509 lern
2092 3462 2381 3519 metuente,
2409 3468 2507 3507 nec
2552 3452 2720 3505 multo
2751 3461 2872 3522 post
2901 3467 3021 3505 cum
3054 3451 3303 3505 omnibus
3320 3450 3433 3505 suis
3456 3464 3543 3504 co-

1963 3549 2065 3620 piis
2092 3548 2142 3602 in
2162 3535 2480 3617 potestatem
2502 3554 2784 3599 venturum
2806 3544 3037 3598 hostium
3060 3543 3399 3608 formidante,
3422 3558 3544 3612 pro-

1964 3639 2225 3708 misitper
2249 3635 2561 3707 prophetam
2587 3634 2747 3699 Deus,
2779 3650 2837 3688 se
2864 3634 2939 3688 illi
2966 3634 3173 3688 hostem
3191 3634 3540 3687 traditurum.

1964 3729 2133 3796 Quem
2165 3743 2290 3782 cum
2314 3726 2630 3794 accepisset,
2658 3724 2733 3779 illi
2761 3726 3089 3793 parcendum
3124 3725 3333 3787 statuit,
3382 3738 3542 3778 secus

1964 3838 2124 3892 quam
2161 3820 2387 3874 Domino
2424 3820 2721 3888 placuerat.
2768 3818 2832 3872 Et
2867 3818 2992 3886 quid
3035 3826 3155 3887 post
3210 3817 3324 3871 lucc
3384 3815 3537 3869 Scri-

1964 3923 2125 3985 ptura
2157 3910 2347 3966 sacra?
2378 3930 2394 3960 ι
2413 3910 2474 3963 Ει
2506 3910 2667 3964 homo
2690 3910 2905 3979 quidam
2933 3907 2998 3962 de
3016 3908 3137 3961 filiis
3160 3906 3540 3975 prophetarum

1966 4004 2101 4058 dixit
2162 4001 2227 4054 ad
2289 4000 2593 4068 proximum
2648 4012 2803 4051 suum
2857 3997 2908 4049 in
2968 4010 3218 4049 sermone
3268 3993 3478 4046 Domini
3524 4011 3539 4046 :

1966 4092 2193 4148 Percute
2212 4106 2317 4144 me.
2343 4088 2443 4155 Qui
2471 4086 2640 4141 noluit
2674 4093 2977 4153 percutere.
3020 4083 3082 4135 Et
3112 4082 3249 4134 dixit
3281 4082 3347 4133 ad
3377 4093 3498 4132 eum
3525 4095 3540 4131 :

1966 4182 2100 4246 Quia
2150 4196 2252 4233 non
2305 4177 2499 4231 audiin
2562 4189 2743 4228 vocem
2802 4171 3034 4231 Domini,
3084 4184 3214 4224 ecce
3272 4169 3542 4221 recedesa

1969 4285 2077 4335 me,
2120 4278 2173 4322 et
2215 4267 2475 4336 percutiet
2521 4273 2573 4317 te
2628 4263 2732 4315 leo.
2781 4262 2845 4313 Et
2899 4259 3149 4313 discessit
3215 4259 3282 4312 ab
3330 4272 3414 4311 eo.
3477 4256 3545 4311 Et

1969 4360 2173 4417 invenit
2218 4373 2340 4413 eum
2392 4355 2497 4420 leu,
2551 4362 2604 4408 et
2665 4348 2935 4420 percussit
2989 4350 3184 4417 ipsum.
3228 4348 3293 4402 Et
3340 4347 3545 4400 invenit

296 4450 471 4519 ρίσκει
511 4450 675 4503 αὑτὸν
725 4451 882 4516 λέων,
926 4454 1019 4506 καὶ
1072 4454 1341 4519 ἐπάταξεν
1385 4458 1565 4511 αὐτόν.
1606 4459 1716 4511 Kal
1773 4459 1865 4512 εῦ-

1971 4453 2198 4507 allerum
2243 4449 2438 4511 virum,
2478 4444 2694 4509 etdixit
2728 4461 2741 4497 :
2772 4441 3006 4496 Percute
3042 4454 3147 4493 me.
3183 4436 3285 4505 Qui
3325 4451 3545 4508 percus-

297 4541 471 4610 ρίσκει
521 4542 803 4613 ἄνθρωπον
831 4544 1036 4615 ἕτερον,
1070 4546 1163 4598 καὶ
1200 4542 1339 4599 εἷπε·
1385 4548 1629 4611 Πάταξον
1672 4549 1735 4620 δή
1774 4567 1861 4620 με.

296 4632 404 4685 Καὶ
430 4632 698 4697 ἐπάταξεν
745 4635 905 4688 αὐτὸν
927 4637 956 4688 6
985 4637 1285 4709 ἅνθρωπος.
1326 4640 1417 4692 καὶ
1451 4641 1693 4705 πατάξας
1742 4658 1863 4694 συν-

297 4720 499 4791 έτριψε.
560 4725 673 4777 Kal
718 4726 987 4796 ἐπορεύθη
1033 4728 1063 4778 6
1110 4730 1425 4799 προφήτης,
1474 4729 1566 4782 καὶ
1610 4730 1737 4801 ἔστη
1786 4730 1863 4800 τῷ

301 4812 504 4883 βασιλεῖ
537 4816 753 4888 Ἰσραὴλ
779 4818 876 4870 ἐπὶ
900 4818 999 4888 τῆς
1036 4818 1180 4871 ὁδοῦ.
1207 4820 1316 4873 Kal
1351 4821 1683 4891 κατεδήσατο
1713 4822 1865 4874 τελα-

302 4904 434 4971 μῶνι
468 4906 598 4968 τοὺς
645 4906 952 4976 ὀφθαλμοὺς
981 4908 1169 4962 αὐτοῦ.
1213 4928 1231 4959 ι
1270 4909 1459 4981 Μικρά
1499 4910 1555 4963 δὲ
1592 4911 1728 4963 ἄττα
1766 4928 1865 4981 με·-

298 4995 425 5059 ταξῦ
454 4997 911 5069 προσλελαληκιὶκ
932 5000 1323 5072 ὑποστρέφοντι
1346 5002 1421 5072 τῷ
1450 5002 1673 5072 Ἀχαά6,
1700 5018 1867 5072 προσ-

299 5089 457 5142 ετίθει
490 5091 851 5145 πάλιν·ιΤάδε
877 5094 1022 5163 λέγει
1052 5094 1278 5167 Κύριος·
1309 5096 1449 5147 Διότι
1471 5094 1769 5166 ἐξήνεγκας
1803 5096 1866 5148 σὺ

298 5181 462 5251 ἄνδρα
488 5182 733 5253 ὀλέθριον
762 5186 827 5237 ἐκ
852 5186 953 5256 τῆς
985 5188 1169 5258 χειρός
1199 5204 1315 5251 σου,
1340 5188 1432 5240 καὶ
1458 5187 1609 5240 ἔσται
1643 5190 1675 5257 ή
1721 5188 1866 5259 ψυχή

298 5287 387 5324 σου
418 5274 542 5327 ἀντὶ
578 5274 680 5343 τῆς
706 5276 884 5347 ψυχῆς
927 5278 1114 5343 αὐτοῦ,
1147 5280 1240 5332 ml
1282 5281 1309 5331 6
1342 5278 1469 5342 λαός
1502 5297 1593 5331 σου
1634 5279 1754 5332 ἀντὶ
1775 5279 1870 5332 τοῦ

294 5359 425 5414 λαοῦ
472 5362 663 5416 αὑτοῦ.
698 5383 715 5416 ι
765 5366 1008 5431 Ἀκούεις
1056 5369 1203 5432 ὅπως
1236 5370 1265 5422 6
1304 5368 1539 5435 πατάξαι
1589 5367 1680 5421 τὸν
1736 5384 1873 5438 προ·

295 5454 471 5524 φήτην
506 5455 964 5527 παραιτούμενος,
1005 5458 1252 5524 ἐλεεινῶς
1289 5458 1551 5532 ἀνῃρέθη,
1579 5456 1736 5529 δεινῷ
1774 5456 1872 5528 θη-

359 5633 406 5664 ⁸¹
442 5632 565 5687 Act.
592 5647 648 5695 ι,
687 5634 772 5689 15.

280 5697 339 5790 θ’
376 5702 513 5763 ibid.
556 5702 651 5757 42.

853 5635 897 5667 ⁸¹
928 5635 1059 5691 ibid.
1104 5635 1189 5689 M.
1266 5636 1311 5670 ”
1348 5634 1476 5691 ibid.
1512 5634 1600 5689 15.

1699 5633 1745 5665 ⁸⁸
1777 5632 1791 5688 Ι
1818 5630 1951 5702 Reg.
2003 5628 2094 5697 15,
2126 5626 2348 5699 passim.
2426 5624 2472 5658 “
2502 5622 2632 5681 ibid.
2674 5623 2763 5678 33.

1971 4546 2041 4599 sit
2061 4558 2204 4607 eum,
2235 4549 2287 4595 et
2313 4551 2629 4610 percussum
2649 4533 2925 4588 contrivit.
2945 4531 3093 4587 Abiit
3114 4546 3241 4601 ergo
3262 4530 3543 4599 prepheta,

1971 4648 2025 4691 et
2040 4632 2280 4688 occurrit
2304 4630 2417 4699 regi
2435 4629 2485 4681 in
2499 4629 2605 4691 via,
2635 4635 2688 4680 et
2705 4626 2885 4694 ligavit
2908 4622 3073 4676 lascia
3089 4620 3273 4675 oculos
3289 4634 3415 4673 suos
3431 4618 3497 4682 ⁸ο,
3518 4637 3538 4670 ι

1970 4736 2025 4783 et
2053 4738 2219 4795 pauca
2243 4724 2449 4775 locutus
2490 4718 2778 4774 revertenti
2818 4715 3025 4781 Achab,
3061 4727 3274 4766 rursum
3303 4709 3496 4778 adjecit
3527 4727 3541 4764 :

1974 4836 1996 4868 ι
2028 4818 2151 4870 ﬂare
2181 4814 2312 4869 dicit
2344 4812 2601 4867 Dominus
2627 4828 2640 4863 ε
2668 4807 2802 4874 Quia
2833 4804 3087 4859 dimisisti
3120 4803 3293 4855 virum
3322 4800 3543 4869 dignum

1971 4918 2145 4964 morte
2174 4922 2205 4961 e
2233 4921 2392 4958 manu
2432 4914 2544 4967 tua,
2576 4902 2680 4955 erit
2718 4898 2897 4953 anima
2929 4908 3015 4948 tua
3048 4908 3144 4963 pro
3173 4893 3352 4946 auima
3380 4892 3540 4957 illius,

1972 5011 2027 5055 et
2051 4998 2280 5069 pepulus
2345 5005 2468 5050 tuus
2510 5008 2607 5061 pro
2652 4988 2847 5059 populo
2892 4987 3094 5057 ejus".
3131 5004 3150 5037 ι
3192 4986 3374 5051 Vides,
3438 4998 3545 5053 quo

1974 5100 2133 5161 pacto
2164 5090 2253 5159 qui
2303 5087 2619 5157 prephetam
2655 5089 2935 5151 percutere
2980 5078 3167 5143 noluit,
3224 5076 3546 5131 miserabili-

1973 5194 2054 5236 ter
2094 5182 2145 5235 in
2203 5190 2441 5232 atrocem
2491 5174 2716 5228 bestiam
2783 5170 2973 5225 incidit
3018 5182 3081 5223 ac
3126 5166 3319 5237 periit?
3358 5166 3541 5235 Atqui,

1970 5271 2237 5342 quomodo
2286 5282 2391 5322 non
2420 5280 2608 5320 verum
2663 5273 2765 5328 est,
2812 5276 3008 5327 munus
3066 5272 3185 5315 esse
3231 5258 3445 5328 pietatis
3487 5258 3540 5310 in

1973 5364 2164 5425 Deum,
2198 5376 2225 5415 a
2260 5366 2447 5414 sancto
2476 5365 2531 5411 et
2560 5355 2819 5426 propheta
2868 5350 3220 5422 percutiendo
3258 5344 3541 5417 refugere?

1972 5453 2074 5509 sed
2103 5461 2223 5508 erat
2251 5450 2356 5505 hoc
2393 5448 2448 5504 in
2485 5458 2738 5504 sermone
2773 5442 3009 5508 Domini,
3056 5438 3413 5496 inobedicntia
3441 5434 3535 5489 de-

2870 5621 2917 5653 “
2953 5619 3017 5676 Ill
3052 5621 3181 5690 Reg.
3213 5628 3303 5678 xx,
3342 5610 3533 5673 55-58.
