4002 6220
382 314 448 371 31
1397 305 1457 360 S.
1497 301 1772 358 CYRILLI
1808 298 2278 355 ALEXANDRINI
2315 294 2631 350 ARCHIEP.
3544 286 3617 343 32

384 425 530 483 tendi
588 441 619 479 a
662 425 885 479 crimine
920 437 1022 477 non
1071 428 1300 491 poterat.
1364 417 1614 487 Pepercit
1653 428 1831 470 autem
1892 424 1975 477 et,

2086 415 2146 485 ίῳ
2177 410 2551 485 προ[σ]πεσών
2573 408 2817 474 ;Καίτοι,
2844 406 2961 469 πῶς
2976 404 3074 457 οὐκ
3102 402 3299 474 ἀληθὲς
3318 402 3511 463 εἰπεῖν,
3541 399 3617 465 ὡς

385 517 574 573 Achab
634 516 938 570 inconsulto
971 514 1134 578 Ader,
1178 510 1423 579 quamvis
1459 509 1597 564 Deus
1627 509 1775 561 illum
1829 523 1947 576 per-

2078 524 2116 575 ιν
2149 503 2431 565 εὐλαϐείας
2480 500 2687 570 καρπὸς
2728 498 2788 550 τὸ
2834 496 2913 567 μὴ
2939 495 3259 548 καταπαίειν
3306 491 3617 560 ἀποτολμᾷν

387 611 516 662 dere
562 608 832 675 jussiSSct,
864 614 918 660 et
957 621 1053 673 pro
1082 604 1259 657 anima
1300 600 1418 670 ejus
1444 602 1557 669 ipse
1589 600 1816 652 traditus
1845 606 1947 652 est.

2078 611 2205 664 ιγιον
2234 594 2328 647 καὶ
2372 592 2690 663 προφήτην;
2747 589 2861 642 ἀλλ’
2891 584 2959 659 ἦν
3001 589 3058 640 ἐν
3096 585 3237 655 λόγῳ
3262 583 3490 655 Κυρίου,
3525 581 3618 633 καὶ

390 699 658 763 Quocirca
720 700 853 751 citra
896 694 1389 763 tergiversationem
1444 700 1495 744 et
1556 690 1865 743 dilationem
1919 704 1949 742 a

2078 687 2441 753 ῐυσδιάφυκτον
2458 682 2708 752 ἔγκλημα
2723 681 2944 749 γέγονεν
2974 681 3007 749 ὴ
3038 677 3310 748 παρακοὴ.
3329 675 3620 743 Ὲφείσατο

392 788 548 842 nobis
578 787 770 841 conﬁci
820 786 960 854 quod
1000 784 1110 836 Deo
1146 782 1523 851 complacitum
1557 791 1659 847 est,
1712 779 1952 833 necessi-

2078 779 2109 831 ἐ
2154 777 2248 830 καὶ
2284 775 2486 845 Ἀχαάσ
2519 772 2840 845 παραλόγως
2883 771 2976 823 τοῦ
3031 770 3207 839 Ἀδὲρ,
3253 768 3426 820 καίτοι
3483 764 3616 817 Θεοῦ

393 890 478 932 tas
506 877 775 946 postulat:
812 875 954 928 aliud
993 874 1243 942 quiddam
1275 882 1468 940 praeter
1489 874 1590 925 hoc
1623 880 1715 925 aut
1756 870 1952 935 facere,

2078 868 2319 921 ῖιολλύναι
2373 864 2830 935 προστεταχότος,
2884 862 2977 914 καὶ
3023 860 3237 913 δέδοται
3283 858 3442 921 αὐτὸς
3498 855 3619 946 ἀντὶ

399 945 784 1036 ευιίροείιπο,
809 965 1074 1034 superbia:
1103 965 1363 1018 maculam
1404 964 1591 1018 inurit.
1630 962 1787 1017 Tales
1812 963 1953 1015 enim

2078 960 2153 1027 πῆς
2181 956 2359 1025 ψυχῆς
2386 954 2569 1007 αὐτοῦ.
2615 951 2821 1005 Οὐκοῦν
2867 951 3160 1017 ἀναγκαῖον
3190 948 3345 1000 ὄκνου
3391 964 3451 997 τε
3500 945 3620 1013 δίχα

397 1068 605 1111 tantum
647 1072 752 1111 non
806 1056 968 1110 etiam
1034 1056 1202 1109 Deum
1238 1056 1288 1107 in
1324 1054 1735 1121 reprehensione
1764 1066 1961 1122 ponen-

2078 1050 2151 1101 ιαὶ
2167 1046 2538 1117 μελ[λ]ησμῶν
2563 1046 2739 1097 ἁποπε
2749 1041 3023 1111 ραίνεσθαι
3053 1040 3189 1110 πρὸς
3214 1040 3247 1108 ἡ
3256 1036 3389 1107 μῶν,
3408 1038 3543 1106 ὅπερ
3559 1035 3622 1087 ἂν

397 1149 523 1203 dum
565 1148 916 1213 arbitrantur,
965 1153 1024 1199 ut
1060 1145 1152 1215 qui
1208 1146 1475 1200 interdum
1528 1159 1632 1198 non
1688 1153 1833 1198 recta
1864 1143 1960 1197 de-

2078 1138 2270 1190 ίνδάνοι
2295 1136 2431 1204 Θεῷ·
2468 1135 2528 1187 τὸ
2556 1134 2612 1186 δὲ
2641 1132 2825 1201 ἕτερόν
2849 1149 2900 1183 τι
2929 1131 3080 1200 παρὰ
3106 1126 3266 1181 τοῦτο
3291 1127 3442 1196 δρᾷν,
3470 1126 3503 1195 ἢ
3531 1127 3625 1176 καὶ

396 1247 605 1292 cernat.
2060 1231 2294 1300 φρονεῖν,
2338 1225 2636 1297 ὑπεροψίας
2668 1222 2919 1291 ἔγκλημα
2949 1221 3123 1291 φέρει.
3156 1218 3332 1291 Μόνον
3370 1218 3479 1286 γάρ
3506 1215 3627 1285 οὐχὶ

2060 1320 2154 1373 καὶ
2200 1318 2457 1389 ἐπιτιμᾷν
2509 1314 2811 1383 ἐγνώκασιν
2851 1314 2901 1364 οἱ
2933 1310 3122 1363 τοιοίδε
3174 1308 3379 1373 λοιπὸν,
3417 1306 3493 1369 ὡς
3530 1306 3634 1358 οὐκ

2059 1409 2236 1481 ὀρθῶς
2266 1408 2376 1461 ἐσθ’
2404 1409 2492 1460 ὅτε
2529 1404 2900 1476 βουλευομένῳ
2929 1401 3066 1471 Θεῷ.

2130 1498 2315 1569 Φαμὲν
2344 1492 2436 1550 οὖν
2473 1499 2586 1559 τοῖς
2608 1497 2709 1567 τὴν
2739 1494 2985 1565 ἱστορίαν
3011 1491 3263 1560 διαϐολῆς
3298 1490 3396 1543 ούκ
3426 1488 3529 1553 ἔξω
3556 1504 3630 1538 τι·

2065 1588 2231 1653 θεῖσι,
2261 1588 2353 1641 καὶ
2378 1586 2619 1648 ἀϐούλως
2650 1583 3087 1653 ἐπαιτιωμένοις·
3124 1579 3384 1642 Ἀκαλλές
3407 1580 3554 1648 ὑμῖν,
3584 1571 3635 1629 ὦ

402 1679 526 1731 tatis
584 1678 899 1746 prophetam
958 1674 1399 1730 contubernalem
1462 1688 1583 1728 esse
1665 1673 1963 1727 libidinosae

2078 1674 2232 1741 ὦτοι,
2265 1678 2600 1746 φαίνεταιτὸ
2632 1677 2887 1746 μαχλώσῃ
2921 1673 3140 1742 γυναικὶ
3174 1672 3445 1725 συνέστιον
3482 1669 3632 1736 γενέ-

398 1742 632 1823 femina}.
683 1742 869 1834 Quid?
923 1782 1102 1821 annon
1154 1766 1320 1820 multo
1354 1763 1551 1819 foedius
1575 1764 1834 1834 quosdam
1872 1780 1966 1832 per

2078 1771 2191 1823 xeat
2242 1742 2557 1841 προφήτην.
2592 1742 2657 1820 Τί
2706 1742 2798 1831 es;
2942 1764 3076 1816 πολὺ
3133 1762 3527 1831 ἀκαλλέστερον
3572 1758 3633 1810 τὸ

401 1867 622 1914 sanctos
653 1860 942 1927 prophetas
969 1857 1237 1911 interﬁci?
1262 1854 1538 1921 Quomodo
1571 1855 1729 1923 igitur
1748 1854 1963 1908 Samuel

2078 1856 2500 1927 ὶποσφάττεσθαί
2528 1872 2678 1917 τινας
2707 1856 2795 1908 διὰ
2835 1852 3128 1924 προφητῶν
3160 1851 3357 1918 ἀγίων;
3391 1850 3514 1911 Πῶς
3540 1844 3633 1901 οὖν

398 1949 567 2017 Agag,
604 1948 753 2003 Elias
801 1950 1091 2018 prophetas
1147 1946 1294 2011 Baal,
1351 1947 1600 2015 quamvis
1642 1945 1835 2000 multos
1867 1960 1966 1997 nu-

2078 1950 2307 2021 Ξινῄρηκε
2354 1948 2603 2018 Σαμουὴλ
2644 1947 2740 2016 μὲν
2777 1946 2867 1999 τὸν
2901 1946 3105 2011 Ἀγαγ,
3164 1941 3350 2002 Ἠλίας
3397 1939 3454 1991 δὲ
3507 1939 3633 2002 τοὺς

402 2054 573 2102 mero,
608 2039 898 2093 interﬁcit?
928 2038 1065 2105 Quid
1098 2047 1298 2105 autem,
1334 2039 1419 2093 dic
1447 2038 1599 2101 mihi,
1626 2046 1680 2091 et
1710 2036 1964 2105 pr0pheta

2078 2042 2351 2112 προφήτας
2376 2038 2469 2091 τοῦ
2515 2038 2681 2099 Βάαλ,
2721 2036 2892 2089 καίτοι
2934 2035 3163 2096 πολλοὺς
3192 2032 3349 2094 ὄντας
3382 2031 3472 2083 τὸν
3515 2032 3636 2100 ἀρι-

399 2125 565 2182 lsaias
597 2144 811 2184 saccum
867 2129 934 2183 de
989 2128 1185 2183 lumbis
1218 2131 1331 2183 suis
1372 2129 1554 2195 solvit,
1607 2129 1885 2196 nudusque
1913 2137 1969 2183 et.

2078 2134 2238 2203 5μόν;
2268 2130 2333 2184 Τί
2365 2131 2443 2194 δὲ,
2472 2129 2593 2182 είπέ
2638 2146 2749 2199 μοι,
2779 2128 2872 2180 καὶ
2902 2129 2931 2179 ὁ
2968 2127 3254 2197 προφήτης
3294 2126 3516 2186 Ἡσαΐας
3542 2124 3632 2176 τὸν

400 2218 759 2273 disealceatus
827 2218 1123 2275 Jerusalem
1174 2221 1638 2276 obambulavit“?
1672 2221 1861 2274 Annon
1913 2220 1964 2273 in

468 1498 876 1567 Respondemus
938 1497 1099 1567 igitur
1154 1495 1437 1551 historiam
1484 1494 1962 1560 calumniantibus,

399 1597 709 1657 temereque
763 1586 1198 1642 insimulantibus
1234 1600 1248 1638 :
1284 1584 1424 1638 Heus
1462 1599 1577 1648 vos,
1620 1583 1821 1637 {uadum
1870 1600 1965 1651 pu-

404 2309 498 2363 tali
534 2310 718 2364 habitu
753 2322 810 2362 ut
841 2312 1033 2375 levem,
1072 2312 1174 2380 15
1223 2322 1276 2365 et
1330 2313 1622 2380 stupidum,
1676 2322 1730 2364 et
1792 2319 1970 2365 mente

403 2411 618 2470 captum
666 2401 948 2455 derisisset
1004 2404 1306 2470 quispiam?
1337 2402 1403 2454 Et
1437 2404 1559 2472 quid
1618 2403 1720 2455 ista
1758 2417 1845 2456 res
1873 2403 1965 2455 du-

402 2490 682 2545 hitationis
736 2491 915 2555 habet,
958 2507 1077 2545 eum
1134 2492 1305 2545 laudis
1342 2492 1555 2558 plenum
1591 2493 1684 2555 sit,
1727 2493 1906 2546 omnia
1932 2510 1960 2545 a

405 2581 561 2637 nobis
591 2581 787 2635 decore
812 2592 865 2635 et
896 2584 1119 2636 honeste
1149 2583 1308 2635 ﬁeri?
1347 2582 1449 2636 Sed
1477 2597 1750 2646 occurres,
1789 2584 1969 2637 divino

405 2671 557 2723 ιδυιυί
586 2671 837 2724 cedentes
868 2680 995 2725 tunc
1027 2672 1151 2725 talia
1188 2672 1399 2726 fecisse.
1431 2673 1566 2739 Quid
1584 2689 1733 2742 ergo,
1767 2689 1969 2741 quaeso,

408 2761 475 2813 de
510 2760 666 2816 beato
717 2761 855 2816 Osea
906 2763 1286 2831 cogitandum?
1331 2780 1454 2817 num
1502 2780 1595 2818 sua
1637 2776 1849 2833 sponte,
1903 2781 1969 2817 an

409 2850 634 2916 imperio
665 2852 756 2904 Dei
805 2853 870 2904 ad
931 2853 1213 2906 mulierem
1275 2855 1609 2908 meretricem
1659 2857 1883 2919 accedit,
1917 2866 1971 2909 et

408 2940 545 2995 adeo
598 2942 937 2995 inhonestam
972 2944 1072 2997 sibi
1116 2946 1554 3000 contubernalem
1596 2948 1972 3002 domesticam-

2069 2226 2272 2278 σάκκον
2326 2225 2391 2275 ἐκ
2434 2222 2537 2290 τῆς
2586 2219 2783 2287 ὀσφύος
2830 2217 3137 2288 περιελὼν,
3183 2216 3389 2285 γυμνός
3438 2232 3497 2268 τε
3543 2214 3636 2266 καὶ

2068 2316 2390 2377 ἀνυπόδετος
2445 2312 2712 2383 περιθέων
2772 2311 2869 2381 τὴν
2906 2310 3264 2380 Ἰερουσαλήμ
3290 2327 3304 2375 ;
3334 2304 3484 2377 τΑρα
3529 2308 3635 2377 γὰρ
3695 2373 3714 2391 ο

2067 2404 2188 2473 οὐχὶ
2213 2403 2301 2455 τὸν
2330 2404 2387 2453 ἐν
2411 2401 2598 2470 τοιῷδε
2621 2400 2888 2467 γεγονότα
2919 2402 3156 2469 σχήματι
3186 2398 3633 2467 καταμωμήσαιτῒ

2069 2494 2133 2546 ἄν
2162 2510 2244 2554 τις
2290 2490 2449 2554 εὐθὺς
2491 2491 2566 2553 ῶς
2600 2490 2851 2559 ἄσεμνον,
2882 2490 2977 2542 καὶ
3018 2488 3364 2557 ἐξεστηκότα,
3412 2488 3503 2540 καὶ¹
3540 2486 3648 2556 τὴν.

2071 2585 2242 2656 φρένα
2276 2567 2780 2652 παρενηνεγμένον;
2823 2580 2946 2645 Πῶς
2997 2581 3153 2633 τοῦτο
3197 2579 3518 2648 ἀμφίϐολον,
3562 2578 3637 2629 ετ-

2072 2694 2176 2747 περ
2218 2676 2367 2728 ἐστὶν
2415 2675 2636 2727 ἐπαίνου
2688 2672 2901 2741 μεστὸν,
2947 2672 3007 2723 τὸ
3041 2674 3098 2722 ἐν
3149 2671 3338 2740 κόσμῳ
3383 2669 3460 2739 τῷ
3506 2668 3637 2721 καθ-ν

2072 2767 2254 2833 ήκοντι
2300 2763 2478 2815 πάντα
2519 2761 2851 2831 πράττεσθαι
2894 2761 3031 2830 πρὸς
3075 2760 3264 2830 ἡμῶν;
3304 2760 3443 2811 Ἀλλ’
3472 2760 3635 2830 ἐρεῖς,

2070 2854 2150 2905 ὅτι
2183 2856 2294 2914 τοῖς
2339 2852 2500 2914 θείοις
2532 2853 2769 2911 εἴκοντες
2805 2850 3101 2920 νεύμασιν,
3149 2850 3317 2920 ἔδρων
3354 2849 3422 2902 τὰ
3463 2849 3639 2902 τοιάδε

2072 2942 2404 3012 τοτηνικάδε.
2434 2942 2497 2993 Τί
2542 2942 2619 3005 δὲ,
2654 2940 2774 2993 εἰπέ
2818 2958 2926 3010 μοι,
2957 2943 3169 3011 φρονεῖν
3211 2940 3358 3005 ἀξιον
3388 2940 3516 3009 περὶ
3547 2939 3641 2991 τοῦ

409 3043 515 3098 que
551 3028 674 3084 facit
698 3033 721 3083 ?
747 3031 911 3086 Miror
970 3035 1316 3090 nihilominus
1365 3037 1512 3090 illum
1547 3038 1781 3092 cavillari
1813 3055 1973 3107 super

2080 3033 2349 3103 μακαρίου
2383 3032 2570 3101 Ὠσηέ;
2602 3027 2710 3101 ἆρα
2744 3032 2851 3102 γὰρ
2887 3031 3212 3101 αὐτόκλητος
3248 3031 3381 3100 πρὸς
3412 3033 3642 3099 γυναῖκα

410 3132 476 3175 co
529 3122 730 3190 scripta
786 3124 1043 3188 voluisse,
1111 3127 1497 3197 historiamque
1555 3139 1615 3181 ut
1666 3129 1972 3184 indecoram

413 3207 659 3267 lacerare
688 3229 794 3266 non
827 3215 1130 3269 erubuisse.
1174 3217 1439 3287 Bejiciens
1467 3219 1610 3272 enim
1645 3234 1756 3273 rem
1798 3230 1855 3273 ut
1895 3222 1977 3274 iu-

412 3302 756 3367 eredibilcm,
808 3319 1165 3376 asserensque
1215 3310 1595 3376 apertissime,
1660 3312 1975 3381 prophetam

413 3410 520 3448 non
586 3397 836 3450 habuisse
895 3399 1339 3453 consuetudinem
1404 3416 1525 3456 cum
1585 3412 1798 3468 scorto,
1884 3404 1977 3457 sed

415 3498 535 3535 eum
584 3486 870 3540 animabus
928 3486 1234 3542 fornicariis
1284 3488 1378 3542 Dei
1414 3490 1645 3544 Verbum
1692 3491 1979 3561 aliquando

413 3575 675 3643 copulari,
736 3591 840 3629 non
897 3577 1181 3643 intellexit,
1239 3587 1299 3630 ut
1344 3594 1441 3646 par
1506 3580 1625 3645 fuit,
1680 3582 1872 3650 quibus
1920 3598 1978 3637 se

416 3664 634 3735 ineptiis
666 3667 979 3721 involverat.
1006 3668 1378 3723 Honestiorem
1406 3672 1546 3724 enim
1577 3685 1721 3726 certe
1742 3675 1976 3742 prophe-

418 3762 549 3821 tam,
580 3770 739 3823 quam
773 3755 939 3810 Deum
968 3758 1206 3810 omnium
1233 3758 1671 3813 honestissimum
1694 3776 1813 3815 esse
1844 3764 1974 3817 vult.

414 3846 605 3902 Annon
656 3849 824 3911 enim,
880 3848 1124 3913 obsecro,
1173 3850 1411 3914 ejusdem
1449 3851 1661 3919 generis
1711 3852 1977 3921 quispiam

417 3952 537 3991 esse
565 3937 782 4003 dixerit,
818 3954 940 3993 cum
978 3938 1220 4007 improba
1278 3940 1500 3994 muliere
1529 3941 1841 4008 prophetam
1890 3956 1980 3995 co-

416 4026 612 4095 pulari,
649 4039 700 4081 et
728 4044 848 4082 cum
898 4029 1173 4082 immunda
1202 4031 1379 4083 anima
1408 4030 1557 4105 ’vclle
1597 4033 1977 4086 commercium

417 4119 616 4173 habere
651 4118 742 4173 Dei
775 4118 1038 4174 Verbum?
1067 4118 1201 4174 Puto
1244 4136 1373 4174 sane
1401 4121 1535 4174 nihil
1563 4136 1682 4175 esse
1723 4122 1976 4176 medium.

416 4207 524 4260 Aut
548 4208 710 4277 igitur
730 4224 832 4262 una
857 4224 975 4263 cum
1010 4208 1099 4264 illo
1133 4219 1187 4264 et
1216 4210 1318 4264 hoc
1350 4219 1568 4280 propter
1596 4212 1979 4266 inconvenien-

420 4300 545 4352 tiam
576 4300 891 4367 repudient;
920 4311 1012 4355 aut
1055 4312 1206 4356 certe
1255 4302 1436 4356 divino
1466 4303 1690 4357 consilio
1746 4304 1979 4357 humana
2024 4294 2027 4295 ν

2078 3124 2280 3193 πόρνην
2312 3122 2560 3193 ἔρχεται,
2608 3123 2701 3176 καὶ¹
2750 3126 2981 3175 ποιεῖται
3032 3122 3277 3175 σύνοικον
3323 3121 3419 3190 τὴν
3475 3120 3643 3185 οὕτως

2076 3213 2330 3283 αἰσχρὰν,
2377 3214 2410 3283 ἢ
2468 3213 2864 3285 προστέτακται
2896 3212 3047 3284 παρὰ
3091 3212 3266 3278 Θεοῦ;
3312 3211 3642 3282 Τεθαύμακσ

2075 3306 2131 3359 δὲ
2161 3306 2309 3359 οὐδὲν
2338 3300 2497 3375 ἦττον
2547 3305 2639 3358 τοῦ
2683 3304 3098 3359 κατασκώπτειν
3128 3304 3401 3367 ἐθέλοντος
3448 3304 3516 3356 τὰ
3555 3304 3643 3356 ἐπ’

2078 3396 2224 3466 αὐτῷ
2252 3397 2630 3467 γεγραμμένα,
2673 3396 2765 3449 καὶ
2790 3397 2888 3466 τῆς
2920 3397 3158 3467 ἱστορίας
3184 3397 3245 3448 τὸ
3274 3394 3508 3466 ἀτερπὲς
3536 3395 3645 3448 διαο

2079 3486 2262 3556 σύρειν
2325 3487 2823 3556 ἀποτολμήσαντος.
2880 3486 3144 3557 Ἀναιρῶν
3196 3485 3304 3556 γὰρ
3350 3484 3411 3537 τὸ
3460 3485 3646 3555 χρῆμα

2077 3580 2162 3633 διὰ
2204 3578 2263 3631 τὸ
2295 3578 2512 3644 ἄτοπον,
2553 3578 3016 3650 διισχυριζόμενός
3048 3595 3105 3630 τε
3136 3578 3228 3631 καὶ
3264 3578 3404 3646 μάλα
3441 3576 3646 3644 σαφῶς,

2078 3670 2154 3733 ὡς
2181 3671 2241 3722 οὐ
2274 3671 2448 3744 πόρνῃ
2478 3673 2697 3738 γυναικὶ
2728 3671 3117 3741 κεκοινώνηκεν
3141 3673 3169 3723 ὁ
3201 3672 3504 3739 προφήτης,
3533 3668 3647 3721 ἀλλ’

2079 3758 2543 3828 ἐκπορνευσάσαις
2569 3760 2767 3829 ψυχαῖς
2801 3760 2827 3810 ὁ
2869 3759 3008 3821 θεῖος
3043 3757 3152 3810 ἔσθ’
3194 3758 3282 3810 ὅτε
3323 3758 3649 3811 συνάπτεται

2078 3850 2270 3916 Λόγος,
2297 3850 2356 3901 οὐ
2388 3850 2630 3919 νενόηκε,
2662 3851 2801 3902 κατὰ
2829 3850 2888 3902 τὸ
2913 3849 3076 3914 εἰκὸς,
3103 3849 3200 3920 οἵῳ
3234 3849 3651 3921 περιπέπτωκεν

2080 3938 2240 4007 ὖθλῳ.
2270 3940 2599 4011 Σεμνότερον
2631 3940 2759 4011 γὰρ,
2787 3942 2863 4005 ὡς
2893 3940 3056 4006 ἔοικε,
3085 3942 3175 3994 τὸν
3207 3942 3489 4011 προφήτην
3515 3936 3649 3991 εἶναι

2079 4028 2208 4096 γοῦν
2258 4029 2503 4100 βούλεται
2547 4030 2641 4083 τοῦ
2684 4031 2957 4099 πανάγνου
3001 4030 3157 4083 Θεοῦ.
3191 4033 3261 4082 Ἢ
3299 4029 3404 4099 γὰρ
3451 4029 3549 4080 οὐκ
3592 4028 3649 4077 ἐν

2083 4118 2181 4190 ἴσῳ
2204 4120 2343 4191 λόγῳ
2382 4121 2515 4190 φαίη
2547 4137 2631 4183 τις
2661 4119 2747 4182 ἂν,
2781 4120 2899 4173 εἰπέ
2937 4137 3044 4190 μοι,
3071 4121 3283 4188 πονηρᾷ
3310 4117 3526 4185 γυναικὶ
3558 4115 3650 4168 τὸν

2083 4208 2362 4278 προφήτην
2401 4207 2784 4272 συνάπτεσθαι,
2828 4208 2923 4259 καὶ
2951 4207 3011 4258 τὸ
3044 4206 3335 4275 ἀκαθάρτῳ
3360 4205 3501 4275 ψυχῇ
3537 4222 3649 4258 κοι-

2081 4301 2266 4351 νωνεῖν
2315 4297 2527 4350 ἑλέσθαι
2574 4296 2662 4347 τὸν
2692 4295 2781 4347 τοῦ
2827 4294 2960 4347 Θεοῦ
2996 4278 3195 4361 Λόγον;
3242 4294 3376 4347 Ἀλλ’
3406 4291 3558 4365 οἶμαι
3590 4295 3651 4348 τὸ

418 4389 609 4443 cedere
647 4391 941 4457 patiantur.
992 4391 1206 4459 Aliquid
1262 4406 1426 4459 porro
1456 4394 1616 4444 etiam
1650 4394 1715 4446 de
1748 4409 1975 4463 evange-

2086 4390 2288 4460 μεταξὺ
2340 4388 2617 4450 παντελῶς
2664 4386 2835 4439 οὐδέν.
2866 4387 2937 4439 "lI
2980 4386 3155 4438 τοίνυν
3193 4386 3651 4456 συναναιρούντων

418 4480 538 4533 licis
564 4479 784 4535 Litteris
809 4482 1179 4548 apponeudum
1204 4482 1619 4539 reor.Accubuit
1648 4498 1768 4537 cum
1800 4486 1977 4553 publi-

418 4569 572 4622 canis
600 4578 652 4623 et
685 4569 1053 4637 peccatoribus
1098 4569 1353 4623 Dominus
1385 4580 1570 4625 noster
1616 4568 1771 4626 Jesus
1816 4573 1976 4628 Chri-

418 4668 557 4723 stus,
600 4659 741 4727 quod
792 4658 983 4713 iterum
1022 4659 1398 4714 criminatores
1433 4660 1690 4714 Phariszei
1727 4662 1858 4715 vitio
1886 4663 1978 4716 da-

418 4748 568 4811 bant,
598 4759 651 4803 et
681 4752 747 4803 ad
775 4759 991 4805 sanctos
1037 4749 1327 4818 discipulos
1356 4751 1472 4819 ejus
1503 4753 1781 4819 adeuntes,
1811 4752 1979 4808 libere

417 4839 783 4905 objiciebant:
820 4859 841 4892 ι
902 4841 1081 4907 Quare
1121 4857 1240 4895 cum
1273 4842 1644 4909 peccatoribus
1692 4844 1980 4899 manducet

416 4938 472 4981 et
522 4930 654 4983 bibit
679 4933 931 5000 magister
958 4943 1137 4988 vester
1156 4933 1235 4986 "?
1261 4953 1280 4986 ›
1306 4934 1441 5000 Quid
1471 4935 1537 4988 ad
1563 4936 1676 4989 ιιωο
1693 4937 1981 4992 Christus?

420 5035 444 5071 ς
470 5017 589 5073 Non
622 5030 702 5073 est
734 5035 868 5087 Opus
905 5024 1201 5095 valentibus
1250 5026 1513 5089 medicus,
1571 5027 1663 5081 sed
1716 5028 1855 5083 male
1884 5031 1979 5083 ha-

418 5108 668 5162 bentibus
699 5109 763 5161 '°.
795 5128 815 5160 ›
847 5110 980 5163 Eum
1025 5112 1190 5181 igitur
1218 5123 1272 5167 et
1324 5116 1649 5184 inquinatos,
1698 5128 1748 5172 et
1779 5133 1807 5170 a
1852 5134 1978 5187 pec-

419 5208 540 5253 cato
586 5201 820 5253 nondum
877 5200 1108 5269 ablutos,
1168 5217 1232 5255 ex
1312 5205 1572 5262 immensa
1642 5207 1977 5278 benignitate

420 5289 723 5359 admittere,
757 5304 913 5344 nemo
934 5290 1014 5342 vel
1044 5306 1229 5359 parum
1252 5292 1484 5347 dubitat.

2083 4481 2275 4551 ἐκείνῳ
2318 4483 2412 4534 καὶ
2455 4479 2612 4533 τοῦτο
2650 4478 2737 4531 διὰ
2799 4478 2860 4531 τὸ
2906 4479 3127 4542 ἄτοπον,
3178 4479 3345 4547 ἤγουν
3394 4479 3652 4545 ἐφιέντων

2082 4572 2309 4626 κατόπιν
2352 4572 2454 4640 τῆς
2502 4570 2650 4633 θείας
2689 4570 2883 4640 βουλῆς
2923 4568 3177 4639 ἔρχεσθαι
3217 4570 3285 4622 τά
3315 4568 3648 4639 ἀνθρώπινα.

2082 4665 2293 4735 Χρῆναι
2320 4663 2375 4715 δὲ
2407 4660 2559 4733 οἶμαι
2588 4661 2678 4714 καί
2707 4680 2757 4714 τι
2788 4661 2895 4714 τῶν
2927 4660 3298 4729 εὐαγγελικῶν
3327 4660 3655 4731 παραθεῖναι

2084 4754 2451 4826 Γραμμάτων,
2485 4753 2844 4824 Συνανεκλίθη
2894 4750 3152 4815 τελώναις
3185 4753 3279 4805 καὶ
3313 4752 3655 4822 ἁμαρτωλοῖς

2084 4847 2111 4897 ὁ
2136 4844 2337 4913 Κύριος
2357 4843 2510 4913 ήμῶν
2540 4842 2743 4912 Ἰησοῦς
2768 4843 3019 4913 Χριστὸς,
3044 4842 3155 4896 ἀλλ’
3178 4842 3473 4915 ἐπῃτιῶντο
3494 4841 3654 4895 πάλιν

2083 4937 2132 4989 οἱ
2164 4933 2586 5004 φιλεγκλήμονες
2624 4936 2942 5004 Φαρισαῖοι,
2985 4935 3078 4987 καὶ
3115 4938 3228 4997 τοῖς
3270 4935 3443 5001 ἁγίοις
3489 4950 3654 5001 προσ-

2087 5027 2234 5079 ίεσαν
2282 5026 2545 5096 μαθηταῖς
2591 5028 2914 5097 ἀναφανδὸν,
2962 5026 3231 5093 λέγοντες·
3271 5042 3289 5073 ι
3318 5022 3467 5074 Διατί
3515 5022 3654 5089 μετὰ

2082 5115 2381 5188 ἀνθρώπων
2411 5118 2748 5189 ἁμαρτωλῶν
2769 5121 2796 5171 ὁ
2823 5116 3139 5177 διδάσκαλος
3172 5112 3323 5183 ὑμῶν
3357 5111 3526 5163 ἐσθίει
3557 5114 3653 5165 καὶ

2084 5208 2255 5276 πίνεις
2291 5226 2307 5259 ι
2346 5207 2410 5261 Τί
2444 5204 2537 5262 οὖν
2573 5209 2705 5279 πρὸς
2729 5207 2901 5260 ταῦτα
2930 5207 2958 5258 ὁ
2982 5204 3242 5275 Χριστός;
3280 5223 3297 5253 ι
3330 5203 3402 5255 Οὐ
3442 5202 3650 5272 χρείαν,

1960 5316 1980 5333 ⁸
2084 5302 2268 5371 φησὶν,
2300 5301 2510 5371 ἔχουσιν
2547 5303 2595 5353 οἱ
2648 5300 2920 5369 ἰσχύοντες
2968 5296 3189 5367 ἰατρῶν,
3237 5294 3351 5347 ἁλλ’
3378 5295 3428 5347 οἱ
3467 5292 3652 5352 κακῶς

420 5376 650 5450 ἔχοντες.
678 5395 697 5428 ι
732 5379 851 5430 Ὅτι
894 5377 990 5447 μὲν
1019 5374 1109 5431 οὖν
1141 5380 1234 5432 καὶ
1278 5381 1732 5451 μεμολυσμένους,
1787 5386 1879 5439 καὶ
1943 5386 2362 5459 ἐκνενιμμένους
2402 5389 2555 5443 οὔπω
2593 5388 2690 5460 τὴν
2740 5386 3032 5459 ἁμαρτίαν,
3076 5385 3134 5451 ἐξ
3182 5385 3488 5456 ἀμετρήτου
3532 5382 3652 5452 φιλ·

419 5469 735 5539 ανθρωπίας
790 5472 1070 5541 προσίεται
1143 5470 1311 5538 Θεὸς,
1361 5474 1605 5544 ἐνδοιάσῃ
1653 5492 1737 5538 τις
1790 5478 1857 5532 ἂν
1907 5479 2178 5549 οὐδαμῶς.

494 5657 666 5714 “Isa.
708 5674 799 5723 xx,
837 5655 892 5709 2.
970 5655 1015 5687 ιθ
1055 5653 1240 5710 Matth.
1285 5670 1361 5719 Ix,
1406 5652 1490 5706 ll.
1569 5653 1614 5685 ⁸ο
1652 5652 1781 5708 ibid.
1826 5654 1909 5708 l2.
