4012 6214
328 336 417 390 ὃὸ

1264 328 1811 388 COMMENTARIUS
1852 329 1918 383 IN
1954 327 2182 384 OSEAM
2226 330 2665 389 PROPIIETAM.
3522 332 3593 393 54

406 448 624 515 Χρῆναι
673 446 727 499 δὲ
774 446 855 498 δεῖ
890 446 1123 515 μάλιστα
1171 448 1271 519 τῆς
1317 448 1460 503 κατὰ
1508 449 1600 501 τὸν
1651 449 1907 519 μακάριοι

2091 446 2330 503 llistoria
2362 459 2544 504 autem
2574 451 2640 504 de
2680 452 2839 505 beato
2868 452 3007 506 Osea
3076 454 3382 521 neutiquam
3424 454 3593 521 turpi-

343 538 511 608 Ὠσηὲ
546 537 846 607 γενομένης
896 538 1141 607 ἱστορίας
1191 538 1263 608 μὴ
1316 539 1623 611 καθορίζειν
1661 541 1719 592 τὸ
1750 539 1920 591 ἀκαλ-

327 628 447 693 λὲς,
476 626 794 699 γραφούσης
839 627 970 697 ἡμῖν
1002 628 1087 695 ἐφ’
1108 629 1310 698 ἑαυτῆς
1348 631 1663 697 παγκάλως,
1692 632 1770 684 ὃτι
1802 631 1919 700 βδε-

332 721 521 789 λυροῖς
569 719 663 770 καὶ
694 717 1027 787 ἀκαθάρτοις
1060 713 1208 771 οὖσιν
1259 720 1369 785 ἔτι,
1412 722 1509 791 τὴν
1551 723 1679 791 παρ’
1725 721 1915 775 ἑαυτοῦ

337 808 715 877 πνευματικὴν
740 810 1021 862 κοινωνίαν
1048 810 1076 861 6
1110 811 1250 874 θεῖος
1276 813 1403 881 ἡμῖν
1428 813 1704 883 χαρίζεται
1723 813 1916 881 Λόγος.

338 906 487 973 Ἔφη
539 904 721 956 τοίνυν
763 904 791 954 6
824 904 932 956 τῶν
966 905 1100 958 ὅλων
1146 904 1275 970 Θεὸς
1327 907 1462 976 πρὸς
1515 907 1604 960 τὸν
1650 908 1917 979 μακάριον

347 996 537 1065 Ὡσηέ’
569 1014 586 1045 ι
613 994 829 1057 Βάδιζε,
864 994 994 1047 λάὸε
1024 996 1231 1065 σεαυτῷ
1261 998 1490 1063 γυναῖκα
1514 999 1790 1069 πορνείας,
1822 1000 1917 1053 καὶ

332 1086 499 1139 τέκνα
530 1085 811 1156 πορνείας.
839 1103 857 1135 ι
909 1085 1130 1155 Δέχεται
1171 1087 1226 1138 δὲ
1272 1087 1370 1157 τὴν
1404 1088 1602 1159 Γόμερ,
1647 1090 1744 1159 οὑχ
1786 1090 1913 1158 ήδυο

334 1176 567 1239 παθείας
598 1177 809 1248 εῦρεμα
837 1176 896 1229 τὸ
925 1178 1111 1248 χρῆμα
1143 1177 1480 1248 ποιούμενος,
1506 1180 1618 1233 ἀλλ’
1670 1183 1915 1254 ὑπακοῆς

336 1268 431 1319 καὶ
461 1264 736 1328 διακονίας
782 1265 945 1336 ἔργον
976 1266 1325 1337 ἀποπληρῶν,
1372 1268 1464 1320 καὶ
1511 1270 1790 1341 ὑπηρέτης
1818 1272 1913 1324 τοῦ

336 1358 506 1410 τύπου
532 1356 835 1425 γινόμενος,
866 1356 926 1409 ὃν
960 1357 1119 1409 αὑτὸν
1157 1358 1219 1428 δὴ
1250 1359 1395 1428 μάλα
1427 1360 1682 1431 ἐροῦμεν,
1716 1364 1773 1415 ἐν
1802 1366 1913 1425 τοῖς

338 1450 618 1517 σαρκικοῖς
643 1448 761 1533 ,καὶ
798 1448 1179 1519 γεωδεστέροις
1235 1450 1659 1521 διαμορφοῦντα,
1689 1452 1763 1515 ὡς
1802 1452 1911 1516 ἔνι,

336 1542 405 1593 τά
456 1538 814 1608 πνευματικά.
851 1538 1081 1607 Ᾱίτιῷτο
1117 1539 1163 1591 δ’
1208 1539 1297 1603 ἂν,
1338 1536 1527 1610 οἶμαι,
1580 1544 1662 1605 τἰς
1706 1543 1804 1595 οὑκ
1853 1544 1911 1595 ἐν

338 1634 527 1701 κόσμῳ
556 1632 736 1683 λοιπὸν
766 1631 855 1683 τὸν
885 1631 977 1684 τοῦ
1008 1634 1289 1701 προφήτου
1323 1634 1539 1688 σκοπόν.
1568 1636 1640 1686 Τὸ
1672 1636 1778 1705 γὰρ
1804 1635 1912 1687 ἐλέ-

343 1724 477 1776 σθαι
511 1725 722 1792 γαμεῖν,
747 1724 839 1775 καὶ
886 1722 1095 1791 γυναίῳ
1147 1722 1531 1785 συνάπτεσθαι,
1580 1724 1674 1775 καὶ
1706 1724 1909 1775 τέκνων

348 1817 501 1885 ἐρᾷν,
529 1816 556 1865 ό
581 1814 672 1882 τῆς
705 1814 1057 1865 θεοπνεύστου
1088 1812 1314 1883 Γραφῆς
1337 1814 1434 1866 οὑκ
1467 1813 1696 1884 ἐξείργει
1731 1814 1905 1883 λόγος,

343 1906 543 1975 μᾶλλον
579 1905 630 1955 δὲ
665 1904 857 1973 μώμου
897 1904 991 1955 καὶ
1049 1902 1301 1971 διαϐολῆς
1344 1903 1669 1957 ἀπαλλάττει
1702 1922 1906 1956 πάντας

332 1999 430 2067 χοῦ
451 2014 464 2026 ⁸
502 2016 520 2047 ί
551 1997 737 2065 Τίμιος
772 1996 880 2066 γὰρ
909 1998 937 2047 6
974 1995 1171 2064 γάμος,
1200 1996 1291 2047 καὶ
1321 1997 1354 2065 ἡ
1386 1994 1537 2065 κοίτη
1577 1997 1855 2063 ἀμίαντος.
1883 2015 1901 2046 ι

302 2090 477 2143 ·κατά
518 2088 612 2157 τήν
646 2087 737 2140 τοῦ
781 2087 1053 2157 μακαρίου
1095 2087 1310 2139 Παύλου
1358 2088 1560 2157 φωνήν.
1603 2086 1811 2155 Ἐφεῖτο
1852 2087 1907 2140 δὲ

328 2181 440 2240 τοῖς
473 2178 710 2230 ἐθέλουσι
748 2176 1030 2229 διαὸιῶναι
1069 2174 1264 2243 ὀρθῶς,
1294 2175 1388 2227 καὶ
1418 2176 1508 2227 τὸν
1538 2174 1789 2244 ἐνάρετόν
1846 2191 1905 2225 τε

326 2268 424 2320 καὶ
451 2266 650 2335 εὐσεϐῆ
680 2264 1024 2333 κατορθῶσαι
1052 2263 1186 2333 βίον,
1226 2262 1327 2315 κᾶν
1352 2265 1399 2315 εί
1434 2263 1637 2315 τέκνων
1668 2262 1907 2332 εὔχοιντο

320 2359 510 2427 γονάς.
538 2356 736 2408 Διεὸίω
784 2356 891 2425 γὰρ
931 2355 1101 2417 οὑτως
1146 2356 1173 2407 6
1210 2354 1473 2425 μακάριος
1509 2354 1782 2424 Ἀϐραάμ,
1815 2371 1907 2421 γε·

319 2450 519 2516 γόνασι
551 2448 607 2499 δὲ
639 2448 735 2500 καὶ
765 2448 815 2499 οἱ
852 2448 967 2516 μετ’
995 2445 1157 2499 αὑτὸν
1195 2446 1466 2515 εὐδόκιμοι
1497 2445 1644 2516 παρὰ
1672 2445 1809 2515 Θεῷ.
1841 2446 1905 2497 Τί

314 2536 434 2602 οῦν,
466 2540 598 2591 είπέ
641 2556 751 2607 μοι,
776 2537 838 2588 τὸ
870 2538 1062 2591 ἄτοπον
1090 2552 1103 2600 ;
1132 2535 1164 2603 ἢ
1200 2535 1315 2597 πῶς
1349 2535 1412 2588 ἂν
1456 2536 1590 2597 ὅλως
1623 2536 1905 2605 διαϐεϐλή-

318 2648 481 2683 σεται
515 2630 580 2681 τὸ
613 2629 688 2699 μὴ
738 2627 1031 2696 ἀνήνασθαι
1068 2627 1263 2695 γάμον,
1295 2625 1428 2677 Θεοῦ
1480 2626 1906 2694 προστάττοντος

314 2720 635 2792 γράφεσθαί
669 2737 719 2771 τι
768 2719 875 2771 τῶν
910 2718 1310 2788 πνευματικῶν,
1359 2718 1452 2771 καὶ
1484 2718 1794 2785 ἀναγκαίων
1827 2720 1905 2780 εἰς

313 2814 514 2883 ὄνησιν
551 2815 663 2875 τοῖς
690 2811 1093 2881 ἐντευξομένοις
1121 2815 1177 2866 ἐν
1214 2815 1323 2873 τοῖς
1359 2814 1686 2881 σωματικοῖς
1718 2827 1777 2861 τε
1814 2812 1905 2861 καὶ

317 2902 641 2971 ιίσθητοῖς;
681 2901 848 2971 Φαίην
878 2901 921 2953 δ’
950 2901 1015 2954 ἂν
1053 2901 1227 2970 ἔγωγε
1274 2900 1592 2962 καταδείσας
1622 2901 1792 2962 οὐδὲν,
1824 2901 1902 2952 ὃτι

314 2993 422 3047 καὶ
454 2992 687 3043 σέσωκεν
715 2992 742 3042 6
773 2990 1057 3061 προφήτης
1088 2989 1181 3060 τὴν
1211 2990 1409 3059 Γόμερ.
1452 2989 1675 3041 Γύναιον
1705 2988 1811 3059 γάρ
1844 2989 1903 3040 τὸ

2025 539 2225 594 tudinis
2252 540 2489 594 notanda
2516 551 2619 603 est,
2647 541 2699 595 in
2730 557 2833 610 qua
2867 543 3231 611 pulcherrime
3265 544 3588 603 ostenditur,

2020 644 2126 698 quo
2154 638 2314 697 pacto
2338 631 2492 685 nobis
2523 626 2699 685 adhuc
2748 633 3030 687 sceleratis
3058 642 3112 687 ct
3142 634 3433 688 immundis
3475 634 3589 702 spi-

2019 722 2266 775 ritualem
2292 737 2442 775 suam
2478 724 2916 778 communionem
2950 724 3193 777 divinum
3220 724 3454 779 Verbum
3484 724 3590 776 lar-

2017 813 2218 882 giatur.
2259 812 2562 881 Alloquitur
2591 829 2721 884 ergo
2780 816 3155 869 universorum
3198 816 3340 870 Deus
3372 816 3588 873 beatum

2016 902 2207 958 Oscam
2248 904 2301 957 in
2345 905 2487 959 hunc
2522 907 2736 959 modum
2768 924 2781 960 :
2813 926 2831 958 ι
2874 908 3043 972 Vade,
3088 908 3270 977 accipe
3314 908 3407 961 tibi
3459 923 3589 961 uxo-

2018 1011 2126 1051 rem
2174 996 2553 1051 fornicationis
2593 1006 2645 1051 et
2698 998 2832 1051 filios
2896 998 3286 1053 fornicationis.
3321 1019 3340 1049 ›
3380 1000 3593 1067 Accipit

2016 1096 2198 1142 autem
2256 1086 2478 1153 Gomer,
2526 1102 2631 1140 non
2680 1095 2739 1140 ut
2787 1087 2908 1141 inde
2959 1089 3241 1142 materiam
3300 1090 3590 1158 voluptatis

2014 1180 2460 1238 nancisceretur;
2485 1179 2578 1233 sed
2606 1186 2666 1232 ut
2703 1178 2934 1232 ministri
2982 1180 3331 1248 obsequentis
3352 1180 3588 1235 ollicium

2014 1268 2283 1337 impleret,
2346 1279 2403 1323 ut
2456 1280 2580 1340 typo
2635 1269 2998 1338 prmscrvirct,
3051 1286 3208 1339 quem
3256 1272 3425 1339 ipsum
3468 1288 3590 1327 esse

2015 1360 2353 1429 potissimum
2389 1361 2645 1422 dicemus.
2685 1360 2737 1412 in
2766 1360 3096 1422 carnalibus.
3132 1372 3187 1414 ct
3222 1363 3451 1416 terrenis
3476 1364 3589 1431 spi-

2013 1450 2252 1513 ritualia,
2311 1460 2368 1503 ut
2413 1450 2556 1513 licet,
2618 1460 3119 1517 repraesentantem.
3163 1453 3267 1522 16
3329 1434 3589 1521 deinceps

2012 1541 2289 1608 propheta:
2340 1555 2560 1609 scopum
2590 1538 2642 1592 in
2688 1540 2847 1593 modo
2885 1550 2939 1594 ct
2975 1543 3185 1596 ratione
3228 1558 3386 1597 nemo
3429 1559 3590 1598 accu-

2011 1632 2169 1687 sabit.
2215 1631 2364 1685 Velle
2394 1632 2535 1685 enim
2590 1630 2797 1685 nxoriis
2849 1632 3080 1686 vinculis
3138 1632 3369 1703 alligari,
3409 1639 3586 1690 susci-

2012 1720 2436 1788 piendorumque
2478 1719 2768 1773 liberorum
2805 1720 2981 1773 studio
3032 1722 3229 1785 teneri,
3262 1737 3292 1775 ιι
3329 1722 3588 1776 divinitus

2012 1811 2272 1879 inspirata
2350 1808 2626 1877 Scriptura
2687 1824 2793 1862 non
2852 1811 3166 1877 prohibetur
3209 1830 3222 1864 ε
3259 1813 3389 1881 quin
3450 1814 3501 1867 id
3555 1830 3586 1867 a

2010 1902 2301 1963 dedecore,
2331 1909 2385 1954 ct
2411 1899 2677 1953 calumnia
2731 1900 2929 1968 ubique
2957 1900 3197 1954 defendit
3229 1917 3241 1956 :
3282 1918 3299 1950 ι
3350 1900 3588 1957 Honora-

2009 1990 2116 2044 bile
2152 1992 2295 2045 enim
2327 1991 2681 2055 connubium,
2715 2001 2768 2045 et
2820 1993 3010 2045 thorus
3067 1988 3524 2057 immaculatus“,
3558 2013 3575 2042 ι

2004 2081 2157 2150 juxta
2216 2083 2356 2137 beati
2419 2082 2567 2135 Pauli
2602 2083 2826 2135 dictum.
2896 2084 3225 2137 Concessum
3273 2094 3356 2137 est
3400 2098 3578 2138 autem

2010 2175 2318 2228 volentibus
2353 2183 2498 2227 recte
2532 2172 2734 2236 vivere,
2766 2183 2821 2226 et
2856 2174 3020 2226 vitam
3051 2173 3247 2229 virtute
3279 2190 3343 2229 ac
3382 2177 3581 2244 pietate
3680 2246 3683 2249 γ

2008 2262 2353 2331 conspicuam
2416 2276 2539 2315 cum
2610 2259 2767 2312 laude
2814 2259 3117 2323 traducere,
3175 2260 3336 2314 etiam
3403 2260 3581 2328 proles

2007 2364 2216 2423 optare.
2260 2352 2351 2406 Sic
2384 2366 2616 2421 namque
2644 2350 2777 2403 vixit
2811 2350 3001 2403 beatus
3042 2350 3339 2413 Abraham,
3368 2360 3424 2405 et
3452 2366 3581 2420 pos-

2010 2448 2107 2501 teri
2137 2446 2255 2515 ejus
2296 2445 2404 2499 Deo
2444 2445 2497 2498 in
2551 2445 2653 2499 hoc
2684 2452 2828 2497 statu
2869 2442 3204 2511 placuerunt.
3247 2441 3387 2508 Quid
3430 2459 3580 2513 ergo.

2008 2539 2093 2592 dic
2124 2538 2274 2603 mihi,
2316 2537 2551 2590 alienum
2590 2544 2691 2599 est,
2744 2543 2836 2587 aut
2879 2535 3096 2588 cuinam
3150 2535 3362 2589 tandem
3394 2536 3581 2589 crimi-

2011 2629 2213 2681 nationi
2264 2628 2490 2696 patebit,
2556 2642 2662 2679 non
2720 2625 2959 2678 aversari
3012 2626 3248 2693 nuptias,
3294 2639 3413 2678 cum
3442 2624 3583 2680 Dens

2008 2717 2062 2770 in
2100 2718 2182 2771 liis
2227 2715 2534 2783 corporeis,
2580 2722 2639 2766 ut
2683 2729 2901 2766 sensum
2940 2712 3277 2767 moventibus
3308 2714 3581 2782 quidpiam

2007 2806 2311 2876 spirituale,
2332 2815 2386 2858 et
2422 2804 2640 2858 lecturis
2669 2802 2738 2856 ad
2764 2803 2928 2856 animi
2974 2802 3211 2857 fructum
3243 2804 3584 2859 conducibile

2006 2898 2242 2952 describi
2272 2911 2335 2950 ac
2361 2896 2574 2966 depingi
2599 2893 2827 2962 jusserit
2855 2895 2876 2947 ‘1
2920 2894 3179 2964 Equidem
3214 2911 3318 2951 non
3355 2897 3585 2951 verebor

2007 2992 2297 3057 allirtnare,
2351 2991 2666 3061 prophetam
2714 2987 2913 3044 Gomer
2956 2993 3117 3046 etiam
3185 2991 3347 3046 saluti
3393 2991 3580 3048 fuisse.

315 3083 503 3145 οὕτως
548 3080 770 3152 αἰσχρὸν
808 3082 901 3133 καὶ
945 3079 1281 3144 πολύκοινον,
1324 3080 1405 3133 ἐνὶ
1442 3080 1704 3133 πέπεικεν
1748 3080 1902 3151 ἀνδρὶ

2011 3083 2376 3138 Mulierculam
2425 3084 2565 3138 enim
2620 3081 2755 3136 adeo
2810 3082 3087 3149 infamem,
3124 3083 3415 3152 multisque
3443 3099 3586 3137 com-

315 3174 682 3247 προσκεῖσθαι
722 3174 886 3243 μόνῳ,
920 3174 1013 3225 καὶ
1041 3172 1139 3244 τὴν
1184 3173 1349 3227 πάλαι
1382 3174 1474 3226 καὶ
1504 3173 1671 3243 αὑτὴν
1704 3173 1903 3226 λυποῦ-

314 3282 431 3320 σαν
460 3264 555 3334 τὴν
587 3263 745 3332 φύσιν
776 3263 877 3333 (ὅτι
915 3263 991 3333 μὴ
1014 3262 1216 3317 τέκνων
1250 3262 1503 3315 ὑπέκειτο
1531 3264 1737 3330 γοναῖς,
1769 3262 1904 3315 ἀλλά

314 3359 450 3418 cui;
486 3355 592 3407 τῶν
643 3354 1057 3426 προστυχόντων
1104 3352 1456 3423 ἡδυπαθείαις
1506 3353 1759 3406 πωλοῦσα
1803 3354 1902 3423 τήν

314 3447 498 3520 ὥραν,
536 3446 801 3516 πέταυρον
842 3440 911 3514 ἦν
948 3443 1199 3507 Θανάτου,
1227 3443 1321 3495 καὶ
1354 3443 1514 3513 θύρα,
1547 3444 1639 3496 καὶ¹
1670 3444 1787 3506 ὁδὸς
1823 3445 1903 3507 εἰς

311 3538 459 3592 αὐτό
491 3555 591 3589 που
633 3538 690 3589 τὸ
726 3537 862 3607 βαθὺ
918 3538 1010 3590 καὶ
1039 3534 1248 3589 λοῖσθον
1278 3535 1656 3602 καταφέρουσα
1694 3534 1901 3603 σκότος)

313 3628 661 3698 ἀποσχέσθαι
684 3628 913 3681 πέπεικε
937 3628 1041 3681 τῶν
1063 3628 1204 3681 οὕτω
1226 3626 1627 3697 διεπτυσμένων
1652 3627 1905 3698 ἐπᾳσμά-

312 3739 433 3774 των
460 3737 520 3772 τε
560 3720 676 3789 ἄμα
724 3720 817 3772 καὶ
861 3719 1296 3791 ἐγχειρημάτων,
1355 3719 1450 3771 καὶ
1481 3718 1687 3773 τέκνων
1730 3720 1902 3773 ἐποίει

320 3811 545 3883 μητέρα
580 3810 800 3880 σεμνήν.
845 3808 920 3862 Τὸ
960 3809 1016 3862 δὲ
1042 3808 1104 3879 δὴ
1138 3809 1211 3880 μὴ
1244 3808 1449 3879 σφόδρα
1482 3807 1761 3878 φροντίσαι
1795 3809 1903 3860 τῶν

321 3901 445 3956 καθ’
489 3900 708 3963 ἑαυτὸν,
757 3898 1009 3965 ἐξανύσαι
1055 3917 1118 3968 γε
1170 3900 1274 3971 μὴν
1326 3898 1544 3952 ἑλέσθαι
1595 3899 1791 3969 μᾶλλον
1844 3899 1903 3953 τὸ

322 3993 497 4062 ἑτέρῳ
540 3993 831 4061 χρήσιμον,
861 3992 952 4044 καὶ
980 3992 1277 4059 ἀναγκαῖον
1319 3992 1400 4054 είς
1430 3991 1723 4061 σωτηρίαν,
1755 3992 1904 4059 ἀγιο-

321 4083 537 4153 πμπές
582 4081 650 4134 ἂν
691 4081 930 4150 φαίνοιτο
980 4083 1073 4135 καὶ
1100 4082 1426 4149 ἀξιάγαστον
1461 4082 1801 4151 σπούδασμα.
1833 4082 1903 4133 Ἦ

319 4174 433 4241 γαρ
479 4172 582 4240 οὑχ
628 4170 770 4224 οὕτω
817 4172 911 4224 καὶ
951 4172 1173 4225 ἐπαίνου
1226 4172 1422 4235 παντὸς
1464 4169 1769 4241 ἀξιώσομεν
1812 4170 1904 4223 τὸν

321 4263 601 4334 μακάριον
630 4264 913 4334 προφήτην
948 4264 1197 4327 Ἡσαΐαν,
1228 4265 1276 4315 εί
1305 4264 1394 4317 τὸν
1424 4263 1743 4333 χιτωνίσκον
1772 4263 1903 4315 ἀπο-

316 4355 442 4419 δὺς,
490 4353 896 4424 ὑπολυσάμενος
925 4354 983 4407 δέ
1027 4355 1122 4408 καὶ
1161 4355 1227 4409 τά
1259 4355 1550 4421 σανδάλια,
1598 4355 1692 4408 καὶ
1721 4354 1901 4422 ὀλίγου

2011 3191 2229 3231 munem
2281 3191 2345 3230 eo
2386 3180 2675 3245 promovit,
2726 3189 2785 3233 nt
2837 3177 2926 3231 uni
2978 3176 3093 3229 viro
3143 3174 3580 3230 adhaeresceret:

2009 3279 2065 3324 et
2096 3284 2215 3337 qum
2241 3268 2446 3337 pridem
2498 3269 2664 3336 ipsam
2701 3282 2918 3338 quoque
2949 3274 3198 3318 naturam
3230 3264 3586 3319 contristabat

2010 3360 2221 3430 (neque
2244 3360 2387 3415 en'im
2421 3360 2586 3429 prolis
2618 3360 2861 3415 tollenda:
2907 3372 3070 3413 causa
3102 3356 3154 3411 id
3186 3354 3452 3419 faciebat;
3490 3358 3583 3410 sed

2009 3452 2381 3507 accedentium
2414 3453 2479 3506 ad
2503 3465 2562 3505 se
2584 3450 2903 3504 libidinibus
2931 3449 3158 3501 formam
3214 3446 3472 3507 vendens.
3506 3446 3585 3499 la-

2009 3559 2182 3613 queus
2210 3554 2330 3598 erat
2361 3542 2574 3609 mortis,
2602 3550 2657 3596 et
2677 3541 2839 3608 janua
2868 3555 2933 3595 ac
2968 3540 3051 3593 via
3092 3539 3143 3593 in
3184 3539 3330 3608 ipsas
3361 3538 3584 3607 profun-

2009 3638 2107 3693 das
2150 3645 2205 3692 et
2249 3644 2523 3691 extremas
2577 3632 2825 3687 tenebras
2869 3630 3214 3702 deducens),
3240 3631 3289 3684 ei
3316 3632 3584 3700 persuasit

2010 3725 2286 3781 abstinere
2310 3726 2376 3779 ab
2415 3725 2550 3779 adeo
2573 3722 2903 3793 despuendis
2930 3720 3355 3775 incantamentis
3379 3730 3433 3774 et
3451 3734 3584 3786 ope-

2010 3816 2180 3881 ribus,
2243 3817 2630 3886 honestamque
2683 3814 2975 3870 liberorum
3046 3821 3323 3881 parentem
3377 3810 3580 3867 effecit.

2010 3908 2163 3975 Quod
2207 3917 2387 3963 autem
2420 3911 2486 3964 de
2538 3924 2598 3963 se
2640 3922 2830 3979 parum
2882 3905 3168 3968 sollicitus,
3226 3904 3405 3974 potius
3438 3906 3581 3973 quod

2009 4000 2166 4054 alteri
2197 4001 2353 4064 utile,
2397 4008 2450 4055 et
2481 4002 2547 4054 ad
2601 4000 2831 4055 salutem
2889 3997 3253 4053 necessarium
3280 3996 3439 4061 foret,
3470 4012 3583 4050 am-

2009 4088 2201 4156 plexus
2224 4098 2327 4152 est,
2364 4089 2654 4158 praeclarus
2683 4096 2928 4153 conatus,
2958 4096 3218 4141 etsancto
3239 4086 3356 4139 viro
3390 4086 3583 4154 dignus

2007 4177 2129 4231 fuit.
2164 4180 2246 4232 An
2279 4178 2422 4233 enim
2456 4194 2562 4232 non
2604 4180 2676 4232 ita
2716 4179 2864 4232 omni
2904 4177 3290 4247 prtedicatione
3344 4176 3582 4230 cohone-

2008 4268 2259 4322 standum
2296 4267 2635 4321 censebimus
2680 4269 2893 4320 beatum
2956 4265 3175 4329 Isaiam,
3221 4264 3386 4333 quod,
3419 4276 3581 4319 exuta

2011 4356 2249 4413 tunicula
2303 4356 2603 4424 solutisque
2646 4348 2921 4420 sandaliis,
2976 4364 3033 4410 et
3077 4363 3394 4423 contempta
3430 4355 3582 4422 peni-

322 4446 606 4509 παντελῶς
634 4446 872 4513 ἀξιώσας
905 4446 1064 4513 λόγου
1092 4446 1189 4518 τὴν
1237 4448 1551 4518 εὐκοσμίαν,
1585 4448 1905 4517 περιεπάτει

2011 4460 2095 4504 tus
2151 4448 2393 4504 decentia
2445 4456 2775 4516 ornatuque,
2815 4447 2988 4501 nudus
3020 4445 3474 4511 obambulavit",
3526 4454 3578 4498 ut

319 4536 555 4607 γυμνὸς,
586 4537 670 4590 ἵνα
700 4538 800 4607 τῆς
830 4538 1094 4607 ἐσομένης
1139 4538 1514 4609 αἰχμαλωσίας
1545 4542 1658 4601 τοῖς
1704 4538 1761 4604 ἐξ
1803 4540 1905 4591 Ἱσ⁹

322 4628 468 4701 ραὴλ
481 4627 807 4698 παραδείξας
826 4630 886 4683 τὸ
909 4631 1117 4701 σχῆμα,
1145 4630 1263 4700 Θεῷ
1294 4629 1696 4701 προ[σ]κεῖσθαι
1731 4647 1908 4699 παρα-

322 4721 573 4791 σκευάσῃ
602 4721 821 4787 latratis;
850 4724 914 4775 Τί
941 4724 1019 4789 δὲ,
1062 4723 1182 4776 είπέ
1215 4740 1340 4793 μοι,
1380 4723 1477 4777 καὶ
1515 4724 1543 4775 6
1583 4720 1746 4791 σοφὸς
1777 4723 1909 4793 ήμῖν

322 4810 546 4872 Παῦλος
571 4812 669 4864 οὑκ
697 4813 935 4881 ἔφασκεν
961 4814 1231 4885 ἐναργῶςο
1275 4833 1292 4866 ι
1321 4814 1582 4884 Ηὺχόμην
1607 4815 1715 4884 γὰρ
1748 4812 1911 4876 αὑτὸς

323 4896 450 4964 ἐγὼ
474 4897 710 4969 ἀνάθεμα
740 4896 879 4953 εἶναι
906 4902 1015 4955 ἀπὸ
1039 4902 1131 4955 τοῦ
1160 4903 1423 4974 Χριστοῦ,
1450 4904 1591 4975 ὑπὲρ
1622 4903 1730 4957 τῶν
1756 4904 1908 4957 ἀδελ-

323 4985 456 5056 φῶν
483 5003 602 5056 μου,
627 4990 733 5042 τῶν
760 4993 1033 5060 συγγενῶν
1063 5011 1161 5064 μου
1181 4994 1289 5046 τῶν
1319 4995 1460 5048 κατὰ
1488 4994 1696 5064 σάρκα;
1726 5012 1743 5045 ι
1774 4994 1908 5064 Οὑχὶ

323 5081 383 5135 δὲ
418 5082 514 5134 καὶ
543 5085 655 5146 τοῖς
683 5087 817 5137 πᾶσι
849 5084 1103 5152 γενέσθαι
1130 5084 1197 5137 τὰ
1227 5085 1406 5138 πάντα
1438 5085 1623 5155 φησιν,
1661 5086 1746 5137 ἵνα
1774 5085 1908 5138 πάν-

324 5189 439 5233 τως
481 5172 633 5237 τινὰς
668 5174 851 5246 σώσῃ,
898 5177 991 5229 καὶ
1024 5176 1304 5244 γεγονέναι
1344 5176 1440 5245 μὲν
1483 5179 1597 5239 τοῖς
1635 5176 1909 5240 Ἰουδαίοις

325 5262 406 5323 ὡς
448 5260 716 5326 Ἰουδαῖος,
745 5267 856 5328 τοῖς
888 5265 1108 5335 ἀνόμοις
1142 5266 1218 5329 ὡς
1245 5266 1462 5336 ἄνομος,
1506 5266 1581 5335 μὴ
1609 5265 1685 5318 ὢν
1713 5266 1909 5334 ἄνομος

324 5351 470 5420 Θεῷ,
511 5352 625 5405 ἀλλ’
668 5352 888 5422 ἔννομος
932 5355 1172 5426 Χριστῷ,
1252 5355 1337 5409 ἵνα
1415 5355 1562 5427 σώσῃ
1611 5356 1737 5419 τοὺς
1782 5356 1909 5408 ἀνόο

328 5458 499 5511 μους;
551 5444 661 5495 Καὶ
678 5444 731 5496 τί
766 5445 844 5498 ἐτι
875 5446 1047 5501 ταῦτα
1070 5448 1233 5517 λέγω,
1276 5448 1337 5499 τὸ
1369 5447 1449 5500 ἐτι
1486 5448 1669 5517 μεῖζον
1713 5448 1906 5516 ἀφείς;

324 5532 407 5584 im
445 5533 541 5585 καὶ
569 5534 734 5597 αὑτὸς
760 5538 787 5588 6
816 5538 1113 5608 μονογενὴς
1149 5538 1239 5591 τοῦ
1270 5538 1403 5590 Θεοῦ
1428 5538 1621 5607 Λόγος,
1644 5540 1727 5591 ἵνα
1759 5538 1905 5609 σώσῃ

2015 4543 2208 4595 futurae
2258 4539 2591 4609 captivitatis
2636 4539 2821 4593 habitu
2878 4536 3137 4592 lsraelitis
3189 4539 3581 4599 demonstrato,

2008 4633 2118 4687 Deo
2167 4632 2288 4687 illos
2344 4633 2396 4686 in
2450 4641 2725 4701 posterum
2786 4629 3066 4685 adlizerere
3115 4629 3364 4684 faceret?
3394 4628 3583 4694 Quid?

2007 4738 2183 4778 annon
2209 4733 2263 4778 ει
2285 4722 2499 4792 sapiens
2538 4720 2627 4777 ille
2670 4717 2873 4776 Paulus
2913 4719 3070 4775 nobis
3113 4728 3298 4787 aperte
3327 4718 3578 4773 dicebat:

2013 4832 2033 4866 ι
2064 4813 2328 4884 Optabam
2374 4814 2517 4867 enim
2543 4828 2643 4883 ego
2673 4815 2788 4883 ipse
2820 4813 3106 4865 anathema
3142 4822 3265 4864 esse
3301 4823 3333 4861 a
3362 4808 3582 4863 Christo

2008 4922 2109 4976 pro
2147 4905 2407 4959 fratribus
2435 4904 2592 4972 meis,
2624 4905 2715 4974 qui
2740 4911 2868 4959 sunt
2909 4902 3119 4967 cognati
3144 4901 3248 4953 mei
3282 4900 3581 4954 secundum

2013 5013 2233 5054 carnem
2251 4996 2339 5050 "2
2371 5015 2390 5048 ι
2439 4994 2629 5050 Annon
2668 4995 2831 5049 etiam
2862 4990 3113 5047 omnibus
3155 4990 3337 5044 omnia
3380 4990 3581 5046 factum

2015 5104 2072 5144 se
2106 5088 2415 5153 conﬁtetur,
2464 5093 2525 5139 ut
2569 5098 2759 5138 omnes
2796 5082 2998 5136 faceret
3035 5080 3259 5136 salvos?
3291 5090 3347 5135 et
3374 5078 3575 5134 factum

2014 5180 2231 5249 quidem
2270 5176 2473 5232 Judaeis
2512 5184 2569 5230 ut
2590 5174 2831 5230 Judaeum
2858 5188 2876 5228 :
2900 5172 2966 5230 iis
2993 5173 3083 5243 qui
3114 5173 3229 5227 sine
3261 5172 3377 5241 lege
3406 5179 3582 5235 erant,

2017 5268 2168 5337 quasi
2210 5268 2326 5321 sine
2341 5266 2457 5335 lege
2482 5277 2648 5329 esset,
2681 5282 2804 5322 cum
2837 5267 2957 5323 sine
3003 5266 3121 5335 lege
3166 5264 3256 5318 Dei
3286 5278 3391 5319 non
3417 5272 3581 5323 esset,

2016 5359 2110 5411 sed
2137 5357 2189 5410 in
2251 5355 2369 5425 lege
2421 5366 2566 5412 esset
2612 5355 2836 5424 Christi,
2888 5365 2948 5411 ut
2986 5355 3324 5414 lucrifacere!
3360 5371 3454 5410 eos
3489 5353 3579 5422 qni

2013 5447 2132 5501 sine
2168 5445 2285 5516 lege
2336 5447 2571 5501 erant“.
2631 5448 2698 5503 Et
2731 5450 2858 5518 quid
2907 5462 3007 5519 ego
3046 5447 3146 5502 ista
3192 5446 3578 5509 commemoro,

2014 5538 2158 5609 quod
2210 5537 2383 5606 majus
2440 5548 2524 5594 est
2573 5540 2807 5596 relicto?
2843 5538 3019 5610 Ipsum
3061 5542 3190 5597 item
3248 5535 3578 5605 unigenitum

400 5709 446 5740 "
480 5707 647 5767 llehr.
681 5726 798 5779 xnt,
832 5713 887 5768 4.
960 5716 1003 5748 ⁸³
1043 5715 1143 5772 lsa.
1181 5730 1272 5787 xx,
1331 5717 1385 5773 2.
1465 5720 1510 5750 ⁸³
1538 5717 1705 5774 Δῐὶοιιι.
1750 5734 1824 5787 ix,
1860 5718 1907 5771 5.

2018 5718 2036 5750 ⁸
2076 5717 2095 5773 l
2130 5720 2255 5778 Cor.
2310 5736 2387 5790 ix,
2427 5718 2625 5775 20-22.
