4002 6220
476 343 548 400 55
1490 344 1547 399 Β.
1586 342 1860 399 CYRILLI
1899 343 2366 405 ALEXANDBINI
2404 351 2722 409 ARCHIEP.
3644 367 3711 419 58

476 460 573 516 Dei
622 459 723 530 17
789 456 1044 524 Verbum,
1096 469 1157 515 ut
1208 460 1445 518 salvaret
1497 462 1788 518 humanum
1852 474 2028 535 genus,

2140 468 2201 520 τὸ
2233 468 2571 541 ἀνθρώπινον
2619 471 2793 540 γένος,
2825 490 2844 523 ι
2874 471 2984 544 Οὐχ
3036 472 3331 544 ἁρπαγμὸν
3377 475 3618 547 ἡγήσατο
3655 482 3713 533 τὸ

480 568 501 601 ι
535 564 639 604 non
670 548 912 617 rapinam
957 549 1279 604 arbitratum
1327 560 1431 616 est,
1464 565 1585 607 esse
1635 552 1840 621 aequale
1900 554 2038 621 Deo;

480 641 567 693 sed
622 653 681 693 se
713 638 886 707 ipsum
943 638 1265 706 exinanivit,
1298 640 1525 696 formam
1576 643 1714 696 servi
1749 643 2038 713 accipiens,

477 745 528 783 in
556 728 964 783 similitudinem
1006 730 1281 784 hominum
1313 732 1538 791 factum.
1584 741 1637 786 et
1682 732 1954 787 inventum
1987 745 2043 789 ut

476 823 632 875 homo
663 821 732 886 ",
777 820 1037 876 sustinuit
1084 835 1300 877 crucem
1328 862 1343 887 ,
1408 822 1726 879 confusione
1797 835 2042 880 contem-

474 918 563 979 pta
588 911 655 966 ⁸⁸.
686 929 705 962 ι

541 1000 687 1056 Nihil
767 1016 896 1073 ergo
958 1002 1175 1067 mirum,
1236 1003 1278 1057 si
1324 1002 1540 1072 paulum
1585 1012 1737 1059 extra
1788 998 2039 1061 decorum
2083 986 2138 1012 τ’

471 1107 718 1162 egressus
760 1096 1046 1165 propheta,
1101 1096 1325 1150 salvavit
1372 1096 1593 1161 Gomer,
1645 1108 1699 1154 et
1750 1100 2042 1155 muliercu-

473 1183 575 1237 lam
633 1186 895 1252 perditam
956 1187 1019 1239 ad
1078 1201 1287 1240 morum
1347 1188 1682 1244 honestatem
1746 1192 2038 1246 revocavit.

474 1275 628 1329 Utilis
653 1286 856 1341 autem,
891 1286 946 1330 et
983 1279 1299 1333 necessariae
1362 1280 1439 1333 rei
1493 1294 1657 1335 causa
1702 1281 1863 1335 Deum
1896 1297 2042 1336 man-

470 1365 651 1428 dasse,
690 1366 765 1419 uti
799 1366 1128 1422 muliercula:
1162 1369 1562 1438 conjugaretur,
1601 1372 1781 1425 statim
1822 1371 2036 1442 plenam

471 1456 625 1509 ﬁdem
660 1457 873 1519 astruit,
929 1459 1028 1511 hac
1075 1458 1140 1513 de
1170 1473 1332 1514 causa
1367 1460 1494 1514 illud
1535 1463 1817 1517 mandasse
1840 1463 2039 1518 contir-

467 1556 657 1598 mans:
695 1561 715 1596 ι
750 1544 884 1611 Quia
944 1546 1218 1601 fornicans
1281 1549 1638 1604 fornicabitur
1725 1559 1865 1605 terra
1918 1561 2038 1621 post

468 1630 653 1686 Deum.
683 1634 747 1687 Et
777 1634 927 1701 abiit,
972 1646 1027 1691 et
1053 1638 1257 1707 accepit
1295 1638 1513 1702 Gomer,
1552 1640 1712 1694 tiliam
1738 1640 2033 1706 Debelaim,

464 1728 519 1772 et
556 1723 826 1790 concepit,
884 1732 939 1778 et
992 1727 1202 1795 peperit
1252 1728 1302 1781 ei
1350 1727 1537 1784 lilium.
1576 1748 1596 1781 ι
1644 1730 1755 1785 Νοη
1800 1731 2031 1785 futuram

2141 557 2281 612 εἶναι
2313 561 2402 614 ἶσα
2433 562 2569 633 Θεῷ,
2612 564 2728 616 ἀλλ’
2753 564 2940 619 ἑαυτὸν
2973 566 3230 635 ἐκένωσε,
3280 569 3492 639 μορφὴν
3526 569 3712 625 δούλου

2139 649 2339 713 λαϐὼν,
2369 652 2425 704 ὲν
2456 652 2757 723 ὁμοιώματι
2788 655 3087 727 ἀνθρώπων
3120 658 3427 727 γενόμενος,
3460 661 3553 712 καὶ
3585 663 3711 731 σχή-

2144 758 2272 811 ματι
2319 742 2560 815 εὑρεθεὶς
2604 744 2677 806 ὡς
2715 744 3030 816 ἄνθρωπος,
3072 747 3331 817 ὑπέμεινε
3365 751 3592 821 σταυρὸν
3632 754 3714 803 αὶ·-

2142 834 2341 904 σχύνης
2378 838 2811 908 καταφρονήσας.
2844 855 2862 889 ι

2211 1012 2377 1065 Οὐδὲν
2404 1006 2496 1066 οὖν
2540 1012 2647 1084 ἄρα
2690 1013 2749 1066 τὸ
2794 1012 3125 1083 θαυμαστὸν,
3156 1015 3204 1067 εί
3241 1014 3414 1085 βραχὺ
3442 1016 3534 1069 τοῦ
3570 1017 3706 1087 πρέ-

2141 1121 2333 1167 ποντος
2361 1102 2795 1173 ὲκπεφοιτηκὼς,
2838 1107 3076 1159 σέσωκεν
3102 1109 3129 1158 6
3163 1108 3451 1177 προφήτης
3484 1106 3580 1177 τὴν
3610 1109 3704 1159 Γό-

2143 1209 2277 1262 μερ.
2332 1194 2427 1245 καὶ
2470 1193 2749 1256 ἀπολωλὸς
2799 1192 2858 1246 τὸ
2927 1194 3147 1261 γύναιον
3197 1195 3517 1265 ἀνακομίζει
3570 1196 3706 1265 πρὸς

2139 1286 2460 1356 εὐκοσμίαν.
2536 1287 2658 1339 Ὅτι
2707 1286 2763 1338 δὲ
2819 1286 3090 1356 χρησίμου
3133 1304 3194 1339 τε
3258 1289 3352 1340 καὶ
3408 1288 3705 1355 ἀναγκαίου

2140 1378 2464 1448 πράγματος
2523 1377 2686 1429 ἕνεκα
2733 1376 3103 1430 συνάπτεσθαι
3152 1377 3228 1448 τῷ
3284 1377 3489 1448 γυναίῳ
3540 1395 3704 1448 προσ-

2138 1467 2325 1521 έταττε
2353 1468 2507 1531 Θεὸς,
2552 1467 3044 1540 πεπληροφόρηκεν
3083 1467 3265 1531 εὐθὺς,
3303 1467 3509 1538 ταύτης
3544 1468 3706 1521 ἕνεκα

2136 1560 2237 1628 τῆς
2266 1559 2441 1622 αίτίας
2474 1561 2656 1612 ἐκεῖνα
2685 1558 2986 1629 προστάξαι
3030 1558 3525 1628 διασεὸαιούμενος.
3561 1559 3703 1611 Διότι

2138 1651 2291 1720 φησὶ,
2316 1670 2333 1701 ι
2357 1649 2793 1720 Ἐκπορνεύουσα
2820 1650 3175 1723 ὲκπορνεύσει
3197 1651 3319 1718 ἡγῆ
3343 1649 3451 1701 ἀπὸ
3481 1648 3704 1702 ὄπισθεν

2135 1739 2228 1793 τοῦ
2260 1740 2486 1810 Κυρίου.
2523 1742 2630 1794 Καὶ
2684 1741 2973 1811 ἐπορεύθη,
3022 1742 3118 1794 καὶ
3173 1740 3331 1793 ἔλασε
3384 1738 3483 1809 τὴν
3524 1739 3701 1809 Γόμερ

465 1821 626 1866 terrae
680 1814 1116 1884 fornicationem,
1195 1818 1289 1872 sed
1344 1819 1457 1888 jam
1492 1819 1685 1875 factam
1750 1822 2028 1891 prophetae

2134 1833 2409 1903 θυγατέρα
2433 1832 2726 1903 Δεόηλαῒμ.
2770 1833 2865 1887 καὶ
2906 1833 3185 1897 συνέλαϐε,
3216 1833 3308 1885 καὶ
3340 1832 3524 1884 ἔτεκεν
3553 1831 3701 1901 αὐτῷ

463 1902 686 1957 indicat.
737 1905 903 1959 Erant
940 1908 1081 1961 enim
1134 1909 1285 1962 vituli
1341 1910 1394 1963 in
1448 1910 1582 1977 Dan,
1619 1919 1673 1966 et
1718 1911 1922 1976 Betliel,
1978 1921 2033 1968 et

461 1992 587 2047 Baal
642 1996 838 2064 templa
890 1999 1121 2053 excitata
1182 1999 1479 2065 fuerant",
1512 2011 1567 2054 et
1590 2002 1924 2056 czcremonize
1962 2004 2031 2058 ab

460 2083 623 2139 Israel
679 2100 774 2154 per
825 2094 989 2141 totam
1027 2087 1418 2142 Samaritarum
1473 2090 1745 2161 regionem
1811 2092 2031 2148 adhibe-

459 2175 679 2232 bantur.
729 2176 845 2231 Non
896 2179 1059 2242 igitur
1094 2179 1381 2235 discrimen
1424 2191 1723 2252 temporum
1780 2183 1928 2250 facit,
1968 2200 2031 2241 ac

458 2276 636 2319 servat
662 2268 840 2321 divina
901 2266 1212 2338 Scriptura,
1261 2279 1353 2324 aut
1411 2273 1596 2337 etiam,
1665 2274 1808 2342 quod
1884 2275 2027 2329 dictu

452 2355 636 2410 verius
686 2365 790 2421 est,
848 2358 939 2425 qui
995 2359 1110 2413 haec
1164 2360 1322 2415 nobis
1354 2375 1482 2417 sunt
1511 2364 2029 2431 interpretati:sic-

455 2454 515 2498 ut
567 2446 693 2501 item
727 2457 782 2500 et
823 2446 939 2513 ipsa
994 2446 1194 2503 Christi
1235 2464 1460 2520 persona
1509 2466 1607 2522 per
1657 2452 1808 2510 Isaia:
1840 2468 2024 2510 vocem

454 2536 1007 2605 induciturloquens:
1045 2557 1068 2591 ι
1102 2540 1331 2595 Dorsum
1350 2557 1528 2597 meum
1567 2545 1688 2599 dedi
1706 2545 1773 2600 ad
1796 2544 2023 2616 ﬂagella,

451 2636 507 2681 et
531 2641 696 2697 genas
726 2643 873 2683 meas
922 2630 989 2684 ad
1031 2631 1216 2699 alapas
1232 2632 1298 2685 ⁸⁸.
1340 2650 1359 2684 ι
1397 2633 1464 2687 Ει
1514 2634 1627 2703 ipse
1667 2637 1923 2706 propheta
1960 2638 2025 2693 de

452 2713 611 2782 ipso:
649 2732 667 2767 ι
702 2714 875 2771 δὶουιη
911 2719 1027 2772 ovis
1082 2722 1147 2773 ad
1193 2721 1519 2776 occisionem
1577 2724 1772 2779 ductus
1816 2736 1917 2789 est,
1969 2735 2022 2782 et

451 2814 509 2859 ut
531 2820 704 2875 agnus
753 2821 934 2861 coram
979 2810 1237 2866 tondente
1263 2826 1322 2866 se
1350 2813 1774 2880 obmutescens;
1807 2816 1885 2870 sic
1915 2831 2021 2871 non

451 2896 626 2965 aperit
657 2911 719 2951 os
753 2911 930 2952 suum.
961 2898 1019 2953 in
1052 2900 1354 2955 humilitate
1393 2903 1563 2972 ipsius
1610 2903 1869 2971 judicium
1906 2907 2023 2976 ejus

450 2986 721 3040 sublatum
776 2990 984 3045 est”.i
1042 2990 1235 3047 Cernis
1285 2994 1562 3061 quomodo
1626 2996 1771 3065 quod
1826 2997 2022 3054 futuris

449 3077 781 3144 temporibus
835 3091 1153 3134 eventurum
1211 3091 1349 3147 erat,
1417 3092 1478 3138 ut
1529 3085 1641 3154 jam
1690 3095 2017 3142 transactum

2133 1923 2297 1976 υἱόν.)
2333 1924 2444 1977 Καὶ
2472 1924 2572 1977 ούκ
2601 1923 2865 1993 ἐσομένην
2896 1923 3153 1993 πορνείαν
3177 1925 3276 1993 τῆς
3301 1923 3425 1990 γῆς,
3442 1922 3575 1974 ἀλλὰ
3603 1921 3703 1993 τὴν

2130 2013 2229 2084 ἤδη
2270 2015 2644 2085 γεγενημένην
2674 2012 2751 2084 τῷ
2797 2014 3049 2084 προφήτῃ
3088 2013 3238 2083 φησί.
3273 2015 3382 2067 Kal.
3415 2010 3524 2081 γὰρ
3561 2009 3703 2083 ἦσαν

2129 2106 2185 2157 αἱ
2229 2104 2491 2174 δαμάλεις
2526 2105 2606 2167 είς
2661 2104 2768 2157 Δάν
2812 2103 2907 2156 καὶ
2941 2101 3142 2173 Βηθὴλ,
3191 2102 3285 2156 καὶ
3313 2102 3381 2155 τὰ
3424 2102 3518 2155 τοῦ
3554 2102 3700 2156 Βάαλ

2129 2193 2397 2265 ἐγήγερτο
2424 2193 2660 2264 τεμένη,
2694 2194 2787 2247 xal.
2816 2194 2872 2245 αί
2918 2192 3129 2244 τελεταὶ
3164 2190 3257 2244 τοῦ
3310 2191 3524 2262 Ἰσραὴλ
3559 2191 3697 2245 κατὰ

2128 2287 2310 2339 πᾶσαν
2369 2286 2700 2356 ὲπράττοντο
2756 2287 2863 2337 τῶν
2918 2280 3274 2352 Σαμαρειτῶν
3338 2281 3434 2352 τὴν
3489 2281 3693 2352 χώραν.

2139 2375 2449 2445 Ἀδιαφορεῖ
2473 2374 2763 2445 τοιγαροῦν
2802 2374 2943 2427 κατὰ
2973 2375 3101 2436 τοὺς
3131 2373 3352 2445 χρόνους
3381 2374 3412 2443 ἡ
3439 2372 3691 2424 θεόπνευ-

2127 2484 2251 2530 στος
2300 2467 2510 2537 Γραφὴ,
2542 2465 2575 2535 ἢ
2618 2466 2734 2530 καὶ,
2774 2465 2907 2535 ὅπερ
2938 2465 3086 2517 ἐστὶν
3114 2462 3474 2532 ἀληθέστερον
3499 2464 3691 2525 εἰπεῖν,

2124 2557 2174 2609 οί
2226 2555 2429 2625 ταύτην
2476 2558 2610 2625 ἡμῖν
2651 2554 3143 2623 διηρμηνευκότες’
3200 2550 3449 2622 καθάπερ
3498 2550 3698 2620 ἀμέλει.

2124 2645 2218 2698 καὶ
2263 2645 2394 2698 αὐτὸ
2419 2644 2480 2696 τὸ
2505 2642 2599 2697 τοῦ
2638 2640 2871 2714 Χριστοῦ
2904 2641 3191 2711 πρόσωπον
3218 2640 3305 2692 διὰ
3334 2641 3433 2709 τῆς
3472 2639 3692 2692 Ἡσαΐου

2125 2736 2307 2805 φωνῆς
2339 2734 2646 2805 εἰσφέρεται
2676 2734 2851 2800 λέγον·
2886 2750 2906 2781 ι
2930 2732 3032 2782 Τὸν
3055 2729 3223 2783 νῶτόν
3246 2746 3345 2797 μου
3374 2729 3582 2782 δέδωκα
3608 2729 3690 2791 είς

2126 2826 2432 2895 μάστιγας,
2467 2825 2563 2887 τὰς
2613 2822 2669 2875 δὲ
2708 2821 2967 2890 σιαγόνας
3011 2837 3110 2890 μου
3160 2820 3240 2881 εἰς
3270 2819 3622 2888 ῥαπίσματα.
3662 2836 3681 2870 ι

2123 2912 2232 2965 Καὶ
2273 2911 2432 2973 αὐτὸς
2459 2910 2514 2962 δέ
2552 2925 2716 2978 φησιν
2756 2911 2785 2961 ὁ
2832 2910 3116 2979 προφήτης
3150 2908 3278 2978 περὶ
3304 2907 3497 2960 αὑτοῦ·
3537 2925 3556 2958 ι
3600 2908 3689 2971 Ὦς

2123 3002 2392 3073 πρόϐατον
2417 3002 2510 3053 ἐπὶ
2541 3002 2753 3071 σφαγὴν
2786 2999 2928 3070 ἤχθη
2946 3040 2960 3061 ,
2989 2998 3084 3052 καὶ
3114 2997 3191 3061 ὡς
3230 2998 3400 3067 ἀμνὸς
3446 2999 3688 3053 ἐναντίον

2121 3091 2213 3144 τοῦ
2243 3090 2515 3162 κείροντος
2544 3090 2727 3153 αὑτὸν,
2760 3089 2971 3157 ἄφωνος
2991 3104 3004 3118 ο
3037 3085 3209 3150 οὕτως
3243 3088 3342 3139 οὐκ
3389 3087 3596 3153 ἀνοίγει
3626 3087 3688 3139 τὸ

451 3168 795 3236 propheticus
816 3184 995 3226 sermo
1019 3171 1176 3226 nobis
1200 3172 1600 3229 introduxerit?
1629 3176 1810 3243 Quare
1842 3178 1970 3232 illud
1998 3196 2011 3233 :

2125 3178 2293 3247 στόμα
2316 3176 2501 3242 αὑτοῦ,
2534 3179 2591 3229 ὲν
2614 3181 2681 3249 τῇ
2708 3175 3034 3229 ταπεινώσει
3057 3176 3222 3228 αὑτοῦ
3253 3177 3285 3245 ἡ
3313 3175 3495 3245 κρίσις
3520 3175 3685 3229 αὑτοῦ

453 3275 475 3310 ι
503 3256 799 3315 Fornicans
833 3258 1187 3316 fornicabitur
1222 3273 1388 3330 terra,
1420 3284 1439 3317 ι
1469 3281 1587 3335 pro,
1612 3266 1876 3321 fornicata
1909 3278 2015 3335 est,

449 3348 671 3418 intelligi
704 3352 883 3405 debet.
918 3351 1163 3417 Quonam
1194 3362 1371 3410 autem
1403 3356 1560 3411 modo
1601 3358 1864 3413 fornicata
1898 3360 2018 3414 est?

457 3454 479 3490 ι
511 3438 640 3494 Post
670 3441 975 3507 Dominum,
1010 3461 1029 3494 ι
1078 3444 1129 3499 id
1152 3455 1255 3510 est,
1288 3447 1565 3514 sequelam
1597 3457 1879 3517 aspernata
1915 3458 2017 3516 est,

451 3543 557 3596 qua
585 3531 708 3598 quis
736 3533 889 3600 quasi
923 3534 989 3587 ad
1017 3534 1182 3589 Deum
1215 3537 1402 3591 tendit.
1435 3536 1708 3607 Scriptum
1731 3548 1812 3594 est
1838 3541 2014 3594 enim:

450 3619 633 3675 «Post
715 3622 993 3678 Dominum
1058 3626 1444 3693 ambulabis“,
1486 3648 1504 3681 ι
1541 3631 1645 3685 hoc
1707 3641 1810 3695 est,
1872 3632 2015 3687 Citra

443 3712 850 3767 conversionem
886 3729 1152 3783 supernas
1209 3727 1264 3771 et
1297 3732 1326 3770 a
1356 3717 1464 3773 Deo
1498 3722 1838 3790 prmscriplas
1874 3722 2017 3791 leges

444 3803 709 3870 sequeris.
755 3803 1044 3859 Fornicala
1081 3817 1163 3860 est
1202 3809 1365 3878 igitur
1394 3818 1515 3879 post
1538 3810 1854 3877 Dominum,
1902 3828 2008 3867 non

443 3891 715 3946 sustinens
752 3895 927 3963 sequi.
956 3895 1189 3951 Descivit
1235 3900 1403 3967 enim,
1428 3910 1484 3954 et
1503 3902 1872 3957 contaminata
1907 3911 2010 3970 est,

412 3991 497 4037 -οι
538 3983 803 4039 idolorum
874 3988 1106 4044 cultibus
1166 3990 1371 4056 dedita,
1432 3991 1717 4047 Dominum
1761 3993 2010 4049 offendit.

446 4072 557 4128 Hac
587 4075 750 4144 igitur
794 4075 861 4129 de
902 4091 1068 4133 causa
1133 4078 1334 4135 Gomer
1400 4084 1656 4151 propheta
1697 4082 1865 4139 Oseas
1894 4087 2010 4140 vin-

441 4164 562 4220 culo
606 4165 871 4236 coniugali
918 4170 1190 4234 sociatur,
1232 4172 1358 4240 quia
1414 4174 1675 4230 fornicata
1733 4188 1815 4233 est
1867 4189 2011 4233 terra

442 4264 563 4324 post
601 4256 906 4312 Dominum.
939 4258 1126 4315 Potest
1165 4264 1308 4318 enim
1338 4267 1480 4333 quod
1528 4267 1607 4331 fit,
1658 4284 1756 4338 pro
1818 4271 2010 4341 mysti-

441 4360 519 4400 cae
551 4347 626 4401 rei
676 4355 800 4418 typo
830 4350 1026 4419 accipi,
1082 4360 1143 4406 ut
1204 4353 1471 4411 dicebam.
1537 4358 1737 4413 Deinde
1801 4363 2010 4432 peperit

438 4435 657 4492 Gomer.

2120 3268 2284 3339 ἠρθη.
2325 3287 2344 3320 ι
2388 3269 2569 3338 Ὀρᾶς,
2609 3268 2758 3330 ὅπως
2790 3267 2849 3320 τὸ
2878 3267 3135 3336 ἐσόμενον
3168 3267 3226 3318 ὲν
3255 3268 3461 3334 καιροῖς
3482 3265 3556 3328 ὼς
3584 3266 3685 3335 ἤδη

2118 3359 2486 3430 γεγενημένον
2516 3360 2544 3410 6
2576 3361 2674 3429 τῆς
2703 3358 3038 3429 προφητείας
3070 3358 3203 3428 ἡμῖν
3229 3357 3577 3426 είσκεκόμικε
3600 3355 3687 3407 λό-

2117 3464 2245 3517 γος;
2300 3447 2506 3501 Οὐκοῦν
2546 3447 2609 3500 τὸ
2636 3488 2649 3512 ,
2708 3465 2726 3498 ι
2771 3446 3203 3519 Ἐκπορνεύουσα
3250 3446 3603 3516 ὲκπορνεύσει
3650 3446 3683 3515 ἡ

2118 3537 2212 3606 γῆ,
2248 3556 2268 3589 ι
2297 3538 2416 3589 ἀντί
2443 3535 2559 3601 τοῦ,
2591 3536 2965 3607 Πεπόρνευκεν
3006 3539 3040 3607 ἠ
3085 3537 3178 3607 γῆ,
3201 3536 3437 3604 νοητέον.
3469 3536 3685 3605 Πεπόρ-

2115 3646 2275 3683 νευκε
2303 3628 2360 3682 δὲ
2390 3628 2511 3682 τίνα
2538 3628 2773 3699 τρόπον;
2812 3645 2831 3679 ι
2853 3628 2983 3680 Ἀπὸ
3006 3629 3227 3680 ὄπισθεν
3253 3625 3346 3679 τοῦ
3382 3627 3613 3699 Κυρίου,
3658 3644 3677 3677 ι

2114 3720 2385 3788 τουτέστι,
2415 3720 2514 3791 τὴν
2542 3719 2899 3789 ἀκολούθησιν
2927 3720 3258 3788 ἁθετήσασα,
3283 3719 3349 3790 ἢν
3377 3719 3443 3773 ἂν
3477 3720 3684 3773 ποιοῐτό

2112 3826 2216 3873 τις,
2255 3809 2331 3872 ὡς
2354 3810 2487 3879 πρὸς
2519 3810 2669 3862 Θεόν.
2701 3810 3014 3879 Γέγραπται
3046 3809 3174 3879 γὰρ,
3198 3810 3278 3862 ὅτι
3318 3828 3336 3859 ι
3360 3810 3566 3863 Ὀπίσω
3587 3810 3681 3864 τοῦ

2114 3903 2322 3972 Κυρίου
2371 3900 2635 3972 πορεύσῃ,
2670 3919 2688 3952 ι
2726 3901 3023 3964 τουτέστιν,
3055 3900 3440 3972 ἀκολουθήσεις
3469 3902 3681 3971 ἀμετα-

2112 3994 2307 4064 τρεπτὶ
2333 3995 2446 4055 τοῖς
2477 3992 2681 4047 ἄνωθεν
2711 3992 2861 4063 παρὰ
2909 3992 3045 4046 Θεοῦ
3077 3992 3282 4063 νόμοις.
3331 3993 3678 4061 Πεπόρνευκε

2110 4087 2289 4140 τοίνυν
2334 4087 2439 4140 ἀπὸ
2474 4085 2697 4140 ὄπισθεν
2743 4086 2836 4139 τοῦ
2869 4087 3096 4156 Κυρίου,
3128 4085 3541 4138 κατακολουθεῖν
3577 4084 3676 4135 οὐκ

2112 4178 2433 4248 ἀνεχομένη.
2466 4179 2661 4246 Γέγονε
2690 4178 2797 4248 γὰρ
2823 4178 3133 4246 ἀποστάτης
3167 4177 3261 4228 καὶ
3301 4175 3546 4243 βέϐηλος,
3581 4173 3678 4227 καὶ

2111 4272 2230 4332 ταῖς
2259 4269 2368 4322 τῶν
2419 4268 2652 4321 εἰδώλων
2695 4266 3051 4336 προστεθεῖσα
3096 4265 3394 4335 λατρείαις,
3444 4265 3677 4335 προσκέ-

2110 4377 2310 4431 κρουκε
2339 4360 2417 4429 τῷ
2446 4359 2717 4427 Δεσπότῃ.
2754 4356 2970 4424 Ταύτης
3015 4350 3109 4409 οὖν
3162 4355 3323 4419 ἕνεκα
3364 4355 3463 4424 τῆς
3496 4355 3677 4419 αἰτίας

2112 4453 2444 4506 συνάπτεται
2471 4453 2535 4520 τῇ
2564 4450 2741 4520 Γόμερ
2765 4450 2793 4501 6
2826 4449 3112 4518 προφήτης
3150 4446 3329 4517 Ὠσηὲ,
3358 4447 3440 4499 ὅτι
3468 4447 3675 4516 πεπόρ-

438 4546 627 4584 νευκεν
654 4533 688 4603 ἡ
710 4533 783 4604 γῆ
811 4535 925 4589 ἀπὸ
942 4534 1162 4589 ὄπισθεν
1186 4535 1281 4590 τοῦ
1311 4539 1536 4611 Κυρίου.
1567 4542 1845 4596 Μυστικοῦ
1902 4546 2031 4616 γὰρ,
2073 4547 2150 4610 ὡς
2186 4546 2343 4617 ἔφην,
2411 4546 2733 4615 πράγματος
2759 4540 2929 4604 τύπος
2955 4541 3023 4594 ἂν
3056 4542 3227 4594 νοοῖτο
3272 4539 3332 4591 τὸ
3376 4537 3671 4610 δρώμενον.

438 4621 571 4679 Εἶτα
605 4628 824 4684 τέτοκεν
853 4634 886 4703 ἡ
917 4633 1116 4703 Γόμερ.

511 4716 619 4786 18
638 4717 798 4774 νειιε.
825 4721 938 4789 4,5.
963 4721 1032 4774 Et
1059 4724 1188 4777 dixit
1207 4724 1462 4781 Dominus
1486 4728 1554 4780 ad
1570 4744 1721 4783 eum:
1745 4727 1884 4783 Voca
1907 4748 2005 4783 no-

2181 4725 2290 4780 Kal
2353 4721 2485 4778 ἔῖπε
2532 4724 2748 4790 Κύριος
2801 4721 2951 4790 πρὸς
3012 4722 3229 4776 αὐτόν’
3268 4720 3549 4775 Κάλεσον
3605 4723 3673 4776 τὸ

434 4820 551 4860 men
563 4808 676 4877 ejus
700 4810 930 4877 Jezrael;
952 4814 1199 4882 quoniam
1226 4817 1398 4870 adhuc
1424 4821 1690 4873 modicum
1702 4829 1748 4872 et
1779 4821 2002 4875 ulciscar

2125 4816 2293 4883 Ξνομα
2322 4814 2511 4868 αὑτοῦ
2552 4811 2821 4879 Ἰεζραὲλ,
2861 4811 3009 4866 διότι
3041 4812 3130 4865 ἔτι
3172 4813 3407 4881 μικρὸν,
3453 4812 3548 4865 καὶ
3579 4813 3672 4865 ἐκ·

435 4901 739 4967 sanguinata
768 4901 973 4956 Jezrael
1002 4920 1156 4973 super
1185 4906 1397 4960 domum
1430 4908 1599 4973 Iuda,
1662 4921 1706 4963 et
1737 4912 1999 4981 quiescere

2125 4904 2332 4971 ἴικήσω
2372 4903 2437 4955 τὸ
2466 4897 2606 4971 αἷμα
2633 4902 2739 4955 τοῦ
2777 4899 3030 4967 Ἰεζραέλ
3052 4898 3151 4951 ἐπὶ
3190 4898 3295 4951 τὸν
3325 4894 3495 4952 οἷκον
3523 4898 3669 4949 Ἰού-

435 4986 625 5054 faciam
649 5007 864 5059 regnum
885 4993 1067 5048 domus
1093 4997 1282 5052 Israel.
1318 4997 1521 5065 Eteril,
1550 5003 1603 5056 in
1636 5002 1718 5057 die
1752 5002 1843 5057 illa
1875 5018 1999 5056 con-

2125 4997 2178 5049 ia
2200 5036 2215 5059 ,
2258 4994 2355 5048 καί
2394 4993 2759 5050 καταπαύσω
2803 4991 3132 5055 ,βασιλείαν
3167 4990 3340 5042 οικου
3399 4987 3666 5053 Ἰσραήλ.

436 5087 601 5132 teram
625 5096 809 5135 arcum
836 5082 1012 5138 Israel
1042 5087 1095 5140 in
1137 5088 1271 5142 valle
1298 5090 1529 5146 .Iezrael.

2125 5089 2211 5142 Καὶ
2246 5087 2440 5151 ἔσται,
2464 5086 2534 5139 ἐν
2570 5082 2643 5152 τῇ
2676 5083 2866 5154 ἡμέρᾳ
2907 5084 3105 5147 ἐκείνῃ
3138 5078 3451 5144 συντρίψω
3481 5076 3547 5129 τὸ
3570 5078 3667 5165 τό·

2099 5179 2211 5243 εον
2232 5177 2339 5231 τοῦ
2370 5175 2619 5245 Ἰσραὴλ
2644 5176 2713 5229 ἐν
2743 5173 2975 5229 κοιλάδι
3003 5169 3112 5224 τοῦ
3149 5167 3423 5236 Ἰεζξραέλ.

501 5248 591 5308 1V.
629 5252 729 5309 Hic
772 5268 953 5313 sermo
997 5259 1267 5330 duplicem
1310 5267 1467 5323 nobis
1502 5270 1993 5326 considerationem

2167 5272 2241 5323 A'.
2260 5269 2348 5323 Ἐν
2380 5268 2590 5331 τούτοις
2615 5268 2747 5338 ἡμῖν
2773 5267 2801 5318 6
2819 5264 2974 5331 λόγος
2992 5260 3174 5330 διττὴν
3210 5259 3387 5311 ὼδίνει
3418 5257 3516 5329 τὴν
3538 5257 3667 5312 θεωη

432 5343 591 5408 parit.
629 5346 717 5400 Ab
743 5348 863 5404 aliis
885 5351 1030 5406 enim
1058 5353 1160 5408 alia
1206 5358 1473 5429 scriptura
1522 5362 1745 5417 aifertur
1766 5402 1780 5427 ,
1835 5365 1992 5434 cuius

2125 5361 2241 5419 μίαν.
2270 5361 2498 5432 Φέρεται
2526 5358 2582 5411 δὲ
2618 5356 2711 5410 καὶ
2754 5355 2916 5424 ἑτέρα
2948 5351 3135 5423 γραφὴ
3182 5348 3334 5421 παρά
3372 5366 3546 5408 τισιν.
3586 5348 3665 5432 ὡς

432 5441 577 5489 nunc
601 5449 823 5495 necesse
852 5448 941 5496 est
973 5444 1285 5503 meminisse
1305 5487 1322 5515 ,
1374 5462 1481 5519 quo
1509 5452 1824 5507 accuratius
1858 5466 1992 5523 aga-

2125 5454 2393 5523 ιναγκαίον
2455 5446 2856 5520 ἐπιμνησθῆναι
2913 5442 3010 5498 νῦν
3064 5440 3155 5495 διά
3204 5456 3268 5510 γε
3308 5440 3369 5495 τὸ
3414 5435 3663 5510 ἀκριϐέςσε

3440 5613 3486 5647 ⁸⁸
3524 5612 3677 5691 Osee

901 5657 916 5685 ,
955 5617 1075 5675 6-8.
1180 5622 1227 5655 ⁸⁸
1260 5620 1422 5678 llebr.
1448 5639 1544 5691 xu,
1580 5624 1637 5682 2.
1726 5625 1770 5656 ⁸⁷
1795 5623 1858 5678 lll
1896 5624 2023 5695 Reg.

2127 5642 2164 5694 ι,
2193 5625 2282 5679 29.
2392 5624 2436 5656 ⁵⁸
2475 5623 2577 5677 lsa.
2605 5637 2659 5687 ι,
2693 5618 2745 5673 6.
2823 5619 2868 5651 "
2903 5619 3006 5673 lsa.
3039 5632 3155 5682 Lm,
3188 5616 3238 5681 7,
3272 5614 3324 5670 8.
