4002 6220
336 264 419 321 37
1272 252 1824 312 COMMENTARIUS
1858 252 1927 308 IN
1966 250 2195 310 OSEAM
2235 248 2677 309 PROPHETAM.
3526 256 3599 314 38

352 375 609 444 Ὸνίνησι
635 372 743 443 γὰρ
780 370 842 424 ού
895 368 1151 442 μετρίως,
1182 367 1245 423 τδ
1278 370 1480 441 ἀμφοῖν
1508 371 1657 441 ἡμᾶς
1694 370 1929 441 ἐπιμνη-

2033 382 2171 424 mus.
2198 368 2484 439 Capiemus
2512 368 2655 424 enim
2682 382 2929 437 magnam
2963 368 3271 433 utilitatem,
3304 370 3349 423 si
3384 379 3594 425 utram—

340 466 557 537 σθῆναι
600 466 713 519 τοῖν
753 463 958 532 λόγοιν.
998 461 1063 515 Ἥ
1093 460 1192 532 μὲν
1217 458 1311 515 οὖν
1343 462 1464 516 καθ’
1506 462 1656 533 ήμᾶς
1700 461 1927 526 ἐκδοσις,

2030 474 2133 529 que
2164 460 2629 529 perpenderintus.
2658 459 2855 514 Nostra
2894 460 3057 527 igitur
3110 461 3296 525 editio,
3350 461 3450 515 hoc
3483 473 3592 527 est,

337 560 656 622 τουτέστιν,
676 556 709 628 ἢ
726 554 834 608 τῶν
851 552 1269 623 Ἑϐδομήκοντα,
1295 570 1314 603 ι
1333 553 1442 605 Καὶ
1458 553 1747 623 ἐκδικήσω,
1774 544 1927 622 φησι,

2033 552 2322 604 secundum
2376 549 2726 621 Septuaginta
2780 551 2860 604 sic
2910 552 3074 604 habet
3115 568 3128 604 :
3195 569 3214 602 ι
3265 552 3331 605 Ει
3365 552 3597 608 ulciscar

336 650 412 703 τὺ
444 643 587 719 αἷμα
633 647 729 700 τοῦ
768 643 1040 715 Ἰεζραέλ,
1089 643 1182 696 ἐπὶ
1210 641 1301 697 τὸν
1328 636 1475 697 οἷκον
1512 642 1699 695 Ἰούδα.
1722 661 1741 692 ι
1782 641 1845 694 Ἦ
1872 641 1929 694 δὲ

337 742 522 813 ἑτέρα
566 739 739 811 φησί’
784 755 803 789 ι
836 737 948 791 Καὶ
986 734 1256 805 ἐκδικήσω
1291 734 1353 787 τὸ
1403 729 1541 803 αἷμα
1568 732 1661 786 τοῦ
1698 733 1931 803 Ἰεζραέλ

338 832 448 885 ἐπὶ
506 830 599 882 τὸν
658 824 807 881 οἷκον
862 823 1045 895 Ἰηοῢο
1094 842 1113 875 ι
1186 823 1279 877 καὶ
1334 823 1385 875 εί
1447 824 1545 891 μὲν
1600 821 1741 874 οὕτω
1791 825 1930 874 νοεῖν

340 920 562 975 ελοιντό
587 935 750 981 τινες,
796 914 1220 986 ίστορικωτὲραν
1267 913 1478 983 ἀνάγκη
1522 912 1794 965 ποιεῖσθαι
1832 910 1930 983 τήν

349 1013 657 1081 ἀφήγησιν.
696 1007 849 1078 Ἔχει
885 1006 944 1059 δὲ
988 1004 1192 1067 οὕτως·
1227 1005 1419 1072 Γέγονε
1468 1003 1565 1073 μὲν
1602 1002 1804 1072 Ἀχαὰὸ
1833 1002 1929 1073 βα.

351 1102 541 1164 σιλεὺς
568 1102 625 1153 ἐν
660 1098 900 1169 Ἰσραὴλ,
926 1098 955 1149 6
982 1096 1077 1150 καὶ
1111 1096 1354 1148 σύνοικον
1381 1094 1519 1164 ἔχων
1540 1094 1638 1165 τὴν
1668 1094 1925 1158 Ἰεζάὸελ.

366 1190 585 1261 Ἐπειδὴ
618 1190 674 1243 δὲ
697 1189 883 1258 ἐζήτει
922 1188 1014 1241 τὸν
1042 1186 1338 1257 ἀμπελῶνα
1362 1186 1456 1240 τοῦ
1480 1186 1785 1251 Ναϐουθαὶ,
1818 1190 1845 1240 6
1873 1187 1929 1241 δὲ

358 1282 495 1353 πρὸς
532 1280 690 1334 τοῦτο
723 1280 963 1348 ἀπήντα,
998 1279 1190 1347 λέγων·
1223 1297 1243 1331 ι
1279 1280 1367 1349 Μή
1396 1296 1486 1349 μοι
1508 1279 1717 1347 γένοιτο
1747 1278 1927 1332 δοῦναι

358 1373 658 1443 ἀμπελῶνα
686 1371 897 1441 πατρός
934 1387 1036 1440 μου
1064 1370 1170 1423 σοί·
1214 1388 1233 1422 ι
1278 1370 1626 1438 πεφόνευται,
1672 1373 1793 1433 ταῖς
1830 1371 1929 1440 τῆς

369 1462 608 1527 Ἰεζάϐελ
628 1461 984 1532 δυστροπίαις
1007 1463 1339 1532 περιπεσών.
1382 1462 1599 1533 Ἐπειδὴ
1627 1461 1806 1516 τοίνυν
1832 1479 1928 1515 πε-

293 1565 304 1573 ·
352 1555 613 1623 φόνευτο,
646 1552 1125 1621 κεκληρονόμηκεν
1169 1551 1373 1621 Ἀχαὰό
1403 1552 1494 1606 τὸν
1515 1552 1813 1621 ἀμπελῶνα
1834 1552 1925 1606 τοῦ

348 1645 663 1700 Ναϐουθαί.
699 1644 1021 1713 Προσέχειτο
1058 1643 1116 1695 δὲ
1163 1645 1255 1696 καὶ
1289 1643 1488 1715 ἑτέρως
1527 1647 1646 1707 ταῖς
1677 1644 1783 1697 τῶν
1816 1644 1927 1697 δαι-

1994 692 1999 696 .
2029 640 2347 710 sanguinem
2369 640 2580 695 Jezrael
2599 654 2762 710 super
2788 642 3005 696 domum
3041 642 3200 696 Inda.
3232 660 3250 693 ι
3277 643 3392 697 Alia
3424 662 3438 698 :
3479 662 3497 694 ι
3530 644 3597 697 Et

2029 731 2261 785 ulciscar
2291 733 2604 801 sanguinem
2635 730 2849 785 Jezrael
2884 747 3047 801 super
3101 732 3319 786 domum
3364 732 3523 788 Jehu.
3564 752 3585 784 ι

2027 823 2199 889 Quam
2238 825 2282 878 si
2313 824 2403 893 qui
2444 824 2858 893 amplectantur,
2914 825 3224 892 explanatio
3287 827 3458 893 magis
3507 827 3592 879 hi-

2028 916 2230 969 storica
2269 916 2341 969 sit
2375 926 2607 983 oportet,
2651 917 2705 970 in
2742 916 2885 970 hunc
2918 916 3174 968 modum:
3228 915 3350 971 Fuit
3396 918 3588 972 Achab

2030 1021 2124 1060 rex
2180 1007 2369 1073 Israel,
2410 1008 2693 1077 conjugem
2753 1008 2957 1061 habens
3003 1005 3239 1061 Iezabel.
3310 1007 3410 1073 Qui
3462 1024 3586 1064 cum

2028 1095 2303 1151 aﬂ'ectaret
2330 1099 2539 1152 vineam
2570 1096 2808 1161 Nabuth,
2854 1107 2909 1153 et
2941 1098 3027 1151 ille
3058 1099 3128 1151 ita
3154 1110 3487 1163 occurreret,
3533 1108 3593 1155 ut

2029 1188 2234 1243 diceret
2258 1206 2270 1241 :
2295 1208 2312 1240 ι
2334 1190 2601 1259 Propitius
2614 1191 2682 1244 sit
2702 1190 2829 1243 mihi
2850 1190 3012 1253 Deus,
3039 1204 3105 1243 ne
3125 1190 3247 1243 dem
3267 1190 3360 1244 tibi
3379 1192 3590 1246 vineam

2028 1281 2195 1349 patris
2215 1280 2339 1343 mei,
2381 1300 2400 1332 ι
2447 1282 2805 1349 perversitate
2834 1280 3103 1335 Jezabelis
3123 1281 3399 1343 irretitus,
3424 1281 3591 1335 vitam

2026 1372 2229 1425 amisit.
2259 1371 2334 1425 Eo
2362 1373 2562 1436 occiso,
2597 1372 2809 1425 vineam
2859 1370 3068 1426 Naboth
3104 1372 3346 1439 possedit
3375 1372 3589 1439 Achab,

2026 1461 2115 1529 qui
2140 1460 2337 1528 alioqui
2377 1460 2596 1514 infando
2642 1461 2943 1515 damonum
2979 1460 3141 1514 cultui
3174 1461 3417 1515 addictus
3451 1471 3591 1515 erat.

2028 1551 2336 1619 Indignatus
2406 1552 2569 1621 igitur
2613 1554 2986 1607 universorum
3038 1551 3213 1619 Deus,
3252 1554 3591 1621 postmodum

2029 1642 2303 1696 mandavit
2332 1641 2509 1697 Eliseo
2556 1642 2830 1710 prophetae
2861 1680 2876 1706 ,
2934 1642 3010 1696 uti
3058 1640 3194 1695 Jehu
3220 1656 3400 1710 regem
3431 1654 3595 1710 super

353 1736 547 1807 μόνων
596 1707 887 1804 λατρείαις,
947 1734 1044 1786 καὶ
1087 1733 1245 1787 τοῦτο
1292 1707 1555 1798 ἐκτόπως.
1605 1735 1928 1803 Ἥγανάκτει

2033 1730 2192 1785 Israel
2223 1738 2469 1800 ungeret.
2522 1707 2693 1785 Misso
2718 1730 2912 1785 dehinc
2940 1730 3139 1784 famqu
3169 1707 3408 1785 divinum
3443 1707 3596 1784 man-

348 1825 544 1879 λοιπὸν
578 1826 607 1877 6
643 1824 753 1875 τῶν
799 1822 934 1875 ὅλων
967 1821 1120 1884 Θεός.
1163 1817 1300 1874 Εἶτα
1347 1823 1715 1894 προστέταχεν
1758 1825 1928 1877 Ἐλισ·

349 1914 483 1967 σαιέ
512 1911 590 1981 τῷ
621 1912 875 1983 προφήτῃ
904 1913 1090 1982 χρῖσαι
1123 1910 1211 1963 τὸν
1256 1911 1396 1981 Ἰηοὺ
1418 1952 1432 1977 ,
1463 1910 1689 1979 βασιλέα
1722 1915 1815 1967 ἐπὶ
1835 1913 1928 1968 τὸν

366 2001 611 2073 Ἰσραήλ.
664 2000 1009 2063 Ἀποστείλας
1032 2000 1090 2053 δὲ
1117 1999 1179 2053 τὸ
1217 2000 1501 2071 παιδάριον
1544 2002 1574 2054 ό
1620 2003 1925 2073 προφήτης»

348 2093 418 2146 τὸ
450 2092 595 2145 θεῖον
619 2091 861 2161 ἐπλήρου
890 2090 1186 2160 Θέσπισμα.
1214 2085 1350 2143 Εἶτα
1376 2092 1730 2162 κεχρισμένος
1767 2091 1925 2163 Ἰηοῦ,

356 2182 598 2237 κάτεισιν
631 2182 697 2234 ἐκ
735 2181 1071 2251 Σαμαρείας,
1103 2180 1198 2233 καὶ
1228 2180 1318 2233 τὸν
1352 2180 1494 2235 θεῖον
1520 2182 1613 2235 ἐπὶ
1643 2185 1755 2245 τοῖς
1775 2182 1926 2235 λελυο

351 2275 591 2345 *πηκόσιν
616 2273 857 2344 ἐπλήρου
885 2272 1076 2342 θυμόν.
1093 2271 1432 2336 Ἀπεκτονὼς
1463 2273 1571 2344 γὰρ
1596 2274 1686 2326 τὸν
1701 2274 1925 2344 Ἀχαάδ,

356 2366 584 2437 ἔρριψεν
618 2367 674 2419 ἐν
701 2364 779 2435 τῷ
806 2363 1090 2434 ἀμπελῶνι
1138 2364 1232 2417 τοῦ
1277 2364 1577 2418 Ναϐουθαί.
1619 2361 1753 2419 Εἶτα
1788 2366 1929 2437 μετά

366 2458 529 2511 τοῦτο
550 2459 641 2527 τήν
662 2456 921 2521 Ἰεζάϐελ,
956 2455 1197 2526 ἀνῄρηκε
1232 2456 1289 2509 δὲ
1318 2457 1410 2510 καὶ
1436 2458 1807 2529 ἐδδομήκοντα
1832 2458 1927 2511 τοῦ

382 2547 587 2617 ’Δχαάὄ
610 2549 914 2613 υίοὺς,τοὺς
939 2547 1042 2601 ἀνὰ
1071 2548 1251 2601 πᾶσαν
1278 2548 1437 2611 ὄντας
1468 2548 1565 2617 τὴν
1588 2549 1926 2619 Σαμάρειαν.

358 2640 672 2711 Προσετίθει
689 2640 747 2693 δὲ
775 2639 986 2703 τούτοις
1001 2640 1095 2692 καὶ
1116 2640 1208 2693 τὸν
1229 2638 1395 2693 Βάαλ·
1416 2640 1684 2710 ἐνέπρησε
1707 2640 1815 2711 γάρ
1831 2640 1930 2703 τάς

354 2730 561 2801 στήλας
591 2729 778 2794 αὑτοῦ,
820 2730 914 2783 καὶ
934 2730 1216 2783 κατέσεισε
1252 2730 1322 2782 τὰ
1349 2728 1571 2799 τεμένη,
1613 2730 1706 2782 καὶ
1734 2732 1933 2793 αὐτοὺς

351 2823 695 2890 ἀποσφάττει
726 2822 850 2885 τοὺς
882 2821 1067 2892 ἱερεῖς.
1098 2819 1223 2873 Ἐπὶ
1253 2819 1464 2883 τούτοις
1490 2819 1651 2873 αὐτὸν
1674 2820 1933 2890 ἀποδέχε-

347 2930 448 2966 ται
493 2914 524 2965 ό
560 2912 729 2975 Θεόςο
772 2912 867 2964 καὶ
903 2910 969 2981 δὴ
1015 2910 1107 2962 καὶ
1154 2908 1567 2977 ἐπαγγέλλεται,
1610 2909 1801 2977 λέγων,
1850 2910 1931 2962 ὅτι

358 3022 382 3056 ι
420 3003 544 3056 Υἱοὶ
572 3002 820 3073 τέταρτοι
857 3000 1187 3072 καθήσονται
1216 3001 1311 3054 ἐπὶ
1339 2999 1526 3071 θρόνου
1568 3016 1680 3052 σου.
1725 3018 1745 3051 ι
1788 3000 1926 3053 Ἀλλ’
1954 3037 2001 3099 c

348 3096 383 3148 ὁ
434 3093 606 3156 οὕτως
654 3092 895 3161 γεγονὼς
942 3092 1229 3163 εὐδόκιμος
1281 3092 1443 3161 Ἰηοὺ,
1486 3090 1927 3160 προσκέκρουκεν

350 3185 511 3240 οὐδὲν
551 3180 718 3257 ἦττον
766 3183 913 3254 Θεῷ⁸
958 3184 1019 3236 οὐ
1067 3183 1177 3254 γὰρ
1223 3183 1461 3253 περιεῖλε
1507 3183 1607 3245 τὰς
1648 3183 1925 3252 δαμάλεις.

353 3277 719 3346 κατεφωρᾶτο
747 3275 805 3327 δὲ
850 3274 945 3327 καὶ
972 3273 1133 3336 αὐτὸς
1162 3274 1221 3325 ἐν
1262 3274 1384 3335 ταῖς
1427 3271 1723 3343 ἁμαρτίαις
1764 3272 1927 3342 Ἱερο-

352 3367 506 3437 ὁοὰμ
534 3366 764 3429 ἀνοσίως
792 3365 1220 3436 πεπορευμένος.
1257 3360 1394 3418 Εἶτα
1420 3364 1642 3432 γέγονεν
1686 3363 1745 3428 ἐξ
1785 3364 1926 3435 Ἰηοὺ

355 3457 578 3526 πρῶτος
611 3454 729 3518 υἱὸς
757 3453 997 3524 ’ῐωάχας,
1032 3454 1172 3524 ἀνὴρ
1203 3454 1299 3507 καλ⁵
1324 3454 1487 3516 αὐτὸς
1518 3452 1924 3524 εἰδωλολάτρης,

356 3550 458 3603 καὶ
497 3552 620 3611 ταῖς
658 3546 920 3617 δαμάλεσι
958 3548 1296 3619 προσκυνῶν.
1334 3546 1472 3601 Ἀλλ’
1502 3548 1691 3609 ἐντοῖς
1720 3550 1927 3617 καιροῖς

356 3639 561 3705 αὑτοῦ,
610 3639 809 3707 φησιν,
870 3657 889 3690 ι
937 3638 1194 3709 Ὠργίσϐη
1242 3636 1399 3708 θυμῷ
1452 3636 1655 3708 Κύριος
1702 3638 1794 3691 ἐπὶ
1836 3638 1929 3692 τὸν

372 3730 611 3802 Ἰσραὴλ,
655 3729 751 3783 καὶ
779 3730 979 3784 ἔδωκεν
1016 3730 1213 3793 αὐτοὺς
1245 3731 1302 3782 ἐν
1336 3729 1482 3801 χειρὶ
1533 3727 1729 3799 Ἀζαὴλ
1775 3728 1930 3797 βασι-

356 3820 504 3883 λέως
546 3820 760 3890 Συρίας,
810 3820 904 3872 καὶ
946 3822 1004 3873 ἐν
1049 3820 1196 3890 χειρὶ
1244 3819 1441 3889 Ἀδερ,
1490 3817 1611 3871 υἱοῦ
1656 3814 1871 3889 ’Δζαήλ.
1908 3836 1928 3869 ι

359 3910 632 3981 Δεύτερος
663 3910 724 3975 ἐξ
760 3912 983 3980 Ἰωάχας
1012 3910 1392 3982 βεδασίλευκεν
1436 3910 1609 3975 Ἰωὰς,
1659 3911 1753 3963 καὶ
1780 3906 1934 3973 οὗτος

359 4002 507 4072 ἀνὴρ
537 4003 794 4072 πονηρός.
827 4002 1020 4072 Τρίτος
1063 4001 1367 4073 Ίεροδοάμ,
1400 3997 1459 4056 οὗ
1490 4002 1583 4055 καὶ
1621 4001 1931 4071 βασιλεύον-

356 4109 455 4157 τος
491 4095 720 4164 ἄρχεται
758 4093 857 4163 τῆς
885 4094 1217 4165 προφητείας
1263 4094 1438 4164 Ὠσηέ.
1471 4094 1737 4165 Τέταρτος
1772 4094 1929 4158 Ἀζα-

367 4186 495 4256 ρίας
522 4183 582 4249 ἐξ
618 4184 915 4255 Ἰεροὸοάμ,
961 4185 1053 4237 καὶ⁸
1085 4184 1247 4247 αὐτὸς
1288 4184 1698 4256 εἰδωλολάτρης.
1731 4185 1931 4237 Τοῦτον

363 4277 689 4331 ἀπέκτεινεν
731 4278 760 4329 ό
800 4276 1028 4345 Σελούμ.
1077 4276 1288 4329 Οὐκοῦν
1333 4276 1637 4347 ἐπειδήπερ
1681 4275 1933 4343 κέχριστο

2028 1822 2211 1876 datum
2272 1822 2529 1891 propheta
2572 1820 2846 1889 implevit.
2906 1821 3109 1876 Deinde
3163 1831 3358 1877 unctus
3404 1822 3541 1878 Jehu
3575 1861 3593 1891 ,

2028 1914 2304 1968 descendit
2343 1926 2411 1966 ex
2455 1912 2726 1979 Samaria,
2768 1912 3070 1982 divinaaque
3120 1912 3214 1967 ira:
3247 1912 3301 1966 in
3351 1912 3597 1968 sontibus

2028 1985 2315 2069 puniendis
2354 2002 2642 2056 satisfecit.
2688 2000 2819 2055 Nam
2844 2003 3038 2056 occidit
3064 2003 3270 2067 Achab,
3297 2011 3350 2057 et
3370 2004 3597 2060 cadaver

2029 2092 2147 2161 ejus
2175 2092 2226 2145 in
2263 2092 2475 2147 vineam
2525 2091 2737 2145 Naboth
2787 2092 3003 2160 abjeeit.
3042 2093 3233 2147 Postea
3264 2091 3593 2161 Jezabelem,

2029 2193 2084 2237 et
2119 2180 2462 2254 septuaginta
2513 2183 2655 2238 [Ilios
2700 2185 2909 2251 Achab,
2954 2187 3043 2255 qui
3082 2186 3134 2240 in
3192 2195 3299 2241 tota
3349 2186 3597 2245 Samaria

2027 2286 2205 2342 erant,
2243 2276 2360 2330 neci
2393 2275 2559 2330 dedit.
2597 2274 2805 2341 Quibus
2831 2277 2995 2329 etiam
3020 2276 3148 2330 Baal
3168 2278 3407 2343 addidit;
3442 2278 3598 2347 cujus

2030 2376 2241 2422 statuas
2281 2368 2599 2433 combussit,
2636 2378 2691 2422 et
2730 2368 2950 2423 delubra
2986 2370 3170 2432 diruit,
3197 2378 3252 2423 et
3284 2370 3431 2439 ipsos
3473 2372 3593 2438 ejus

2030 2462 2345 2514 sacerdotes
2388 2460 2675 2529 jugulavit.
2735 2458 2815 2513 Ob
2840 2475 2960 2529 qua:
3001 2460 3142 2514 Deus
3182 2459 3329 2513 illum
3364 2460 3593 2527 laudat;

2030 2550 2159 2618 quin
2189 2550 2350 2603 etiam
2385 2552 2671 2620 promittit,
2705 2551 2787 2603 his
2814 2550 2993 2603 verbis
3033 2567 3046 2602 :
3088 2568 3106 2600 ι
3144 2550 3266 2602 Filii
3306 2552 3379 2603 tui
3408 2555 3600 2620 'usque

2032 2641 2098 2695 ad
2128 2649 2376 2709 quartam
2404 2641 2806 2708 generationem
2840 2640 3103 2697 sedebunt
3132 2653 3294 2708 super
3340 2640 3597 2696 thronum

2033 2741 2183 2785 tuum
2215 2732 2282 2787 ⁶¹.
2340 2730 2359 2783 i
2396 2730 2596 2786 Verum
2646 2730 2716 2784 ita
2755 2729 2982 2784 celebris
3025 2729 3158 2784 Jehu
3184 2766 3203 2795 ,
3244 2731 3597 2787 nihilominus

2036 2824 2202 2877 Deum
2238 2822 2394 2878 kesit.
2427 2821 2535 2876 Nec
2559 2823 2702 2875 enim
2724 2821 2920 2875 vitulos
2948 2821 3171 2876 abstulit
3199 2838 3212 2873 :
3238 2832 3291 2876 ct
3320 2823 3435 2893 ipse
3461 2838 3600 2892 quo-

2032 2927 2137 2980 que
2188 2913 2241 2965 in
2277 2913 2515 2981 peccatis
2561 2902 2848 2965 Jeroboam
2900 2911 3061 2980 impie
3099 2912 3373 2968 ambulare
3407 2915 3603 2984 depre-

2034 3004 2234 3057 hensus
2286 3012 2392 3056 est.
2462 3003 2663 3055 Deinde
2723 3016 2787 3055 ex
2839 3002 2972 3056 Jehu
3026 3003 3231 3071 primus
3293 3014 3452 3059 natus
3517 3015 3604 3060 est

2032 3092 2286 3154 Joachaz,
2327 3091 2487 3145 homo
2527 3100 2581 3143 et
2633 3091 2747 3159 ipse
2793 3091 3095 3156 idololatra,
3124 3101 3180 3145 et
3220 3093 3415 3147 vitulos
3467 3096 3602 3149 ado-

2034 3197 2160 3237 rans
2189 3183 2254 3235 ".
2286 3179 2485 3235 Verum
2532 3180 2649 3250 ejus
2685 3182 3034 3250 temporibus,
3080 3182 3255 3251 inquit
3292 3182 3603 3253 Scriptura,

2039 3291 2057 3324 ι
2102 3272 2274 3327 Iratus
2314 3284 2400 3327 est
2437 3272 2587 3325 furor
2630 3272 2845 3326 Domini
2891 3286 3051 3340 super
3089 3271 3273 3337 Israel,
3328 3284 3383 3327 et
3432 3276 3602 3328 tradi-

2032 3365 2113 3419 dit
2164 3379 2258 3421 eos
2314 3365 2367 3419 in
2418 3379 2576 3417 manu
2615 3364 2799 3427 Azael,
2860 3365 3000 3432 regis
3043 3362 3232 3433 Syriar,
3264 3373 3317 3417 et
3350 3365 3402 3417 in
3439 3380 3602 3419 manu

2035 3454 2178 3507 Ader
2212 3454 2308 3507 ﬁlii
2343 3454 2503 3508 Azsel
2532 3453 2596 3507 ⁸³.
2641 3471 2659 3504 ι
2720 3453 2826 3523 19
2879 3453 3033 3508 Alter
3078 3468 3143 3507 ex
3193 3452 3428 3509 Joachaz
3476 3472 3603 3526 pro-

2037 3551 2254 3610 gnatus,
2288 3555 2480 3611 nempe
2508 3540 2657 3606 Joas,
2693 3544 2959 3611 regnavit,
3000 3543 3115 3612 ipse
3149 3557 3362 3612 quoque
3397 3547 3604 3615 impro-

2036 3635 2173 3701 bus;
2209 3635 2399 3690 tertius
2429 3634 2734 3699 Jeroboam,
2769 3636 2871 3689 sub
2897 3635 3051 3703 cujus
3092 3650 3254 3705 regno
3287 3634 3441 3690 Oscae
3477 3652 3605 3706 pro-

2033 3727 2213 3796 phetia
2239 3726 2450 3780 initium
2476 3726 2660 3780 sumit.
2690 3727 2925 3792 Quartus
2944 3727 3169 3779 Azarias
3201 3726 3360 3795 (alias
3388 3727 3602 3783 Zacha-

2043 3817 2175 3886 rias)
2202 3814 2507 3871 Jeroboami
2538 3816 2702 3881 ﬁlius,
2730 3817 2895 3870 etiam
2928 3816 3228 3871 idololatra.
3263 3816 3417 3871 IIune
3438 3821 3606 3873 truci--

2040 3909 2187 3963 davit
2220 3906 2443 3963 Sellum.
2477 3907 2743 3973 Quoniam
2802 3907 2963 3976 igitur
3018 3915 3211 3961 unctus
3261 3917 3381 3962 erat
3431 3908 3600 3974 Jehu,

2036 4012 2095 4055 ut
2126 4001 2476 4055 ulcisceretur
2515 4000 2831 4067 sanguinem
2867 3998 3076 4053 Naboth
3139 3998 3443 4053 Juzraclilm
3483 3999 3605 4064 (fuit

2036 4090 2298 4143 Samarize
2327 4090 2581 4158 oppidum
2615 4087 2870 4157 Jezrael),
2908 4098 2963 4141 et
3012 4098 3067 4140 ut
3114 4088 3329 4142 lsraelis
3380 4089 3605 4143 idolola-

2040 4181 2139 4234 tria
2162 4194 2371 4243 eversa,
2425 4178 2492 4230 de
2523 4188 2719 4230 cmtero
2764 4192 2858 4231 eos
2894 4191 3015 4230 cum
3072 4179 3178 4232 Deo
3221 4179 3599 4249 coniungeret;

2038 4271 2152 4340 ipse
2174 4283 2299 4324 vero
2322 4276 2503 4337 postea
2539 4266 2735 4320 vitulos
2764 4266 3025 4328 adoravit,
3048 4278 3102 4320 et
3130 4266 3224 4320 lilii
3245 4268 3362 4337 ejus
3394 4279 3599 4337 patrem

366 4370 472 4439 μὲν
499 4371 529 4421 6
565 4369 725 4437 Ἰηοῦ,
757 4367 844 4419 ἵνα
878 4367 1138 4438 ἐκδικήσῃ
1172 4366 1231 4419 τὸ
1256 4360 1397 4436 αἷμα
1424 4366 1519 4419 τοῦ
1544 4366 1843 4429 Ναϐουοαὶ,
1872 4366 1930 4428 ὃς

2034 4378 2187 4417 suum
2220 4361 2493 4429 impietate
2523 4367 2824 4426 aequarunt,
2880 4375 2899 4408 ι
2950 4357 3212 4422 Ulciscar,
3248 4360 3439 4429 inquit,
3475 4376 3605 4414 sano

357 4456 438 4529 ἦν
484 4458 545 4525 ἐξ
584 4457 818 4528 Ἰεζραέλ
849 4458 1024 4526 (πόλις
1055 4457 1112 4510 δὲ
1157 4456 1293 4527 αὕτη
1329 4457 1427 4526 τῆς
1471 4455 1806 4526 Σαμαρείας)
1839 4455 1933 4509 καὶ

360 4553 461 4605 ἵνα
488 4552 587 4619 τὴν
617 4550 710 4604 τοῦ
752 4550 968 4621 Ἰσραὴλ
1000 4549 1409 4619 είδωλολατρίαν
1440 4546 1722 4618 περιελὼν,
1747 4547 1932 4600 λοιπὸν

361 4641 636 4713 ἀναπείσῃ
666 4642 1020 4711 προσκεῖσθαι
1066 4639 1204 4710 Θεῷ,
1250 4636 1369 4693 εἶτα
1412 4639 1603 4708 γέγονε
1647 4640 1740 4691 καὶ
1773 4638 1935 4701 αὐτὸς

364 4734 659 4803 δαμάλεων
690 4734 1095 4803 προσκυνητὴς,
1126 4731 1409 4794 δυσσεϐεῖς
1432 4731 1489 4784 δὲ
1519 4730 1670 4783 οὐδὲν
1694 4726 1856 4802 ἦττον
1884 4731 1935 4782 οί

362 4827 427 4893 ἐξ
469 4825 634 4878 αὑτοῦ
682 4825 936 4893 γεγόνασι
981 4822 1188 4885 παῖδες,
1237 4838 1257 4873 ι
1307 4821 1631 4893 Ἐκδικήσω,
1674 4822 1833 4890 φησι,
1876 4820 1936 4874 τὺ

358 4914 511 4985 αἷμα
533 4916 628 4969 τοῦ
666 4913 902 4985 ’ῐεξραὲλ
946 4913 1035 4966 ἐπὶ
1058 4913 1149 4966 τὸν
1175 4907 1319 4965 οἷκον
1355 4910 1516 4980 Ἰηού.
1558 4928 1575 4961 ι
1610 4911 1719 4963 Καὶ
1746 4909 1936 4981 ὥσπερ

358 5010 478 5079 γὰρ
525 5008 872 5077 ἐκδεδίκηκεν
914 5009 977 5059 ἐκ
1012 5004 1105 5058 τοῦ
1138 5005 1289 5057 οἴκου
1329 5003 1424 5055 τοῦ
1456 5002 1666 5073 ,Ἀχαὰῦ
1712 5002 1801 5056 διὰ
1836 5002 1936 5071 τῆς

374 5098 523 5167 ἰηοὺ
569 5095 865 5166 βασιλείας,
909 5094 1080 5157 οὕτως
1126 5093 1402 5163 ἐκδικήσει
1430 5092 1523 5145 καὶ
1552 5094 1616 5145 ὲκ
1656 5090 1751 5144 τοῦ
1785 5092 1932 5144 οἴκου

374 5189 543 5259 Ἰηού.
582 5190 672 5242 Ἐν
703 5188 810 5258 γὰρ
838 5189 956 5249 ταῖς
987 5185 1221 5257 ήμέραις
1264 5183 1372 5238 τῶν
1412 5182 1541 5236 υίῶν
1568 5181 1733 5235 αὐτοῦ
1766 5198 1935 5234 πεπο-

356 5284 611 5352 λέμηκεν
640 5281 837 5351 ’Δζαὴλ
870 5279 1122 5350 βασιλεὺς
1152 5279 1371 5350 Συρίας,
1417 5276 1511 5331 καὶ
1541 5275 1721 5346 μέντοι
1750 5274 1932 5345 Ἀδερ,

356 5374 466 5429 καὶ
496 5377 813 5442 νενικήκασι
833 5371 924 5423 τὸν
960 5370 1194 5441 Ἰσραὴλ,
1221 5370 1479 5432 πλείστας
1508 5368 1564 5421 δὲ
1591 5368 1722 5429 ὅσας
1744 5365 1853 5419 τῶν
1879 5367 1937 5417 ἐν

355 5464 662 5537 Σαμαρείᾳ
708 5463 1085 5534 πεπορθήκασι
1114 5463 1320 5525 πόλεις.
1359 5461 1615 5514 Τίκτεται
1662 5458 1841 5512 τοίνυν
1860 5456 1937 5527 τῷ

2035 4454 2248 4525 guinem
2276 4450 2480 4506 Jezrael
2515 4464 2677 4519 super
2715 4451 2932 4503 domum
2982 4447 3140 4506 Jehu.
3190 4468 3209 4502 ι
3270 4449 3421 4503 Sicut
3460 4451 3602 4504 enim

2033 4544 2179 4599 ultus
2227 4550 2312 4597 est
2361 4543 2429 4597 de
2480 4541 2644 4595 domo
2687 4540 2874 4595 Achab
2906 4554 3002 4609 per
3045 4555 3267 4611 regnum
3313 4539 3480 4604 Jehu;
3526 4541 3605 4594 sic

2036 4634 2323 4689 uleiscetur
2349 4633 2511 4687 etiam
2542 4632 2607 4685 de
2636 4632 2795 4685 domo
2818 4630 2975 4685 Jehu.
3010 4631 3379 4698 Regnantibus
3423 4632 3597 4701 siqui-

2036 4725 2156 4778 dem
2192 4724 2316 4778 Iiliis
2343 4724 2481 4792 ejus,
2514 4722 2676 4777 Azael
2711 4732 2766 4777 et
2791 4723 2955 4789 Ader,
2998 4737 3091 4777 seu
3136 4722 3412 4785 Benedad,
3454 4737 3608 4793 reges

2042 4815 2217 4889 Syria:
2273 4815 2470 4871 bellum
2522 4814 2657 4884 ipsis
2716 4816 2981 4877 fecerunt,
3029 4825 3084 4867 et
3137 4813 3364 4868 subacto
3412 4814 3609 4870 Isracle

2042 4910 2203 4962 urbes
2226 4906 2489 4962 Samaria:
2515 4905 2946 4976 quamplurimas
2970 4911 3303 4958 everterunt.
3352 4902 3609 4960 Nascitur

2042 5011 2171 5067 ergo
2200 4996 2472 5067 prophetae
2508 4994 2786 5064 puerulus,
2819 4993 2904 5048 cui
2935 5002 2987 5048 et
3019 5007 3211 5049 nomen
3244 4994 3451 5049 inditur
3482 4995 3608 5050 Jez-

2043 5088 2177 5152 rael,
2234 5087 2398 5142 veluti
2438 5084 2550 5141 Deo
2585 5085 2935 5140 commissum
2978 5086 3030 5139 in
3071 5084 3281 5140 Naboth
3324 5097 3607 5154 peccatum

2044 5180 2380 5236 recordante.
2414 5177 2542 5233 Viro
2568 5191 2799 5247 namque
2840 5178 2989 5247 justo
3017 5184 3071 5233 et
3111 5177 3363 5246 religioso
3409 5177 3607 5247 injuste

2048 5272 2316 5326 trucidato
2341 5310 2357 5337 ,
2415 5272 2688 5341 quomodo
2721 5270 2995 5339 iustorum
3039 5278 3187 5325 tutor
3228 5284 3292 5324 ac
3344 5276 3605 5337 patronus

2044 5363 2387 5432 quievisset?
2438 5363 2811 5419 Contriturum
2869 5362 3037 5433 igitur
3099 5360 3366 5433 promittit
3419 5370 3606 5410 arcum

2045 5456 2206 5512 Israel
2240 5458 2291 5514 in
2324 5457 2463 5515 valle
2484 5455 2713 5514 Jezrael.
2760 5454 2931 5512 Victa:
2982 5464 3109 5512 sunt
3160 5453 3343 5515 enim,
3382 5456 3439 5503 ut
3466 5447 3605 5517 dixi,

438 5646 483 5679 "
523 5643 591 5700 IV
620 5644 751 5719 Reg.
782 5662 890 5713 va,
930 5646 1017 5701 {2.
1094 5646 1138 5678 ⁶¹
1172 5642 1235 5698 IV
1271 5643 1402 5712 Reg.
1440 5657 1560 5708 xm,
1599 5640 1652 5692 2.
1735 5639 1781 5672 "
1816 5636 1944 5693 ibid.
1981 5636 2034 5691 5.
