4002 6220
356 378 429 436 39
1368 369 1428 424 s.
1467 364 1742 423 CYltlLLI
1780 359 2252 420 ALEXANDRINI
2291 361 2611 419 ARClllEP.
3527 355 3596 415 to

361 499 428 551 ab
455 497 652 553 Azaele
700 506 756 552 et
784 496 930 550 Ader
975 494 1150 550 tribus
1208 492 1397 548 Israel.
1441 491 1510 546 Et
1537 490 1652 544 haec
1701 486 1915 555 quidem

2019 489 2271 558 προφήτῃ
2324 486 2555 552 παιδίον,
2605 480 2651 554 ᾧ
2696 485 2790 542 καί⁵
2821 486 2991 557 δνομα
3032 484 3095 537 τὸ
3148 479 3407 553 Ἰεζραέλ,
3438 478 3599 531 οἱονεί

359 586 635 643 historice.
2022 593 2139 639 πως
2169 574 2306 628 Θεοῦ
2331 576 2431 645 τὴν
2454 576 2548 629 ἐπὶ
2580 575 2659 646 τῷ
2686 576 2965 629 Ναϐουθαὶ
2991 572 3290 642 γενομένην
3321 570 3598 639 ἁμαρτίαν

359 679 886 751 ἀναμιμνήσκοντος.
929 678 1146 748 Ἀνδρὸς
1170 675 1277 746 γάρ
1296 675 1505 729 δικαίου
1560 674 1655 728 καὶ
1717 672 1978 736 εύλαϐοῦς
2015 673 2215 735 ἀδίκως
2280 672 2644 743 ἀνῃρημένου,
2694 671 2812 735 πῶς
2857 672 2923 725 ἂν
2975 670 3253 741 ἠρέμησεν
3298 669 3326 720 ό
3367 665 3477 718 τῶν
3520 665 3601 718 δι·-

360 776 528 827 καίων
592 774 934 844 προστάτης;
972 771 1292 843 Συντρίψειν
1361 765 1454 823 οῦν
1492 768 1914 837 ἐπαγγέλλεται⁸
1944 766 2095 833 τόξον
2137 766 2230 820 τοῦ
2271 766 2485 836 Ἰσραὴλ
2531 769 2587 820 ἐν
2659 770 2725 837 τῇ
2760 764 2963 819 κοιλάδι
3008 764 3102 816 τοῦ
3145 760 3399 831 ’ῐεζραέλ.
3442 757 3600 811 Nevi-

359 883 551 935 κηνται
591 868 719 938 γάρ,
754 869 829 930 ὡς
864 866 1020 935 ἔφην,
1051 865 1155 918 ὑπό
1197 880 1255 917 τε
1286 864 1378 916 τοῦ
1421 862 1638 934 ’Δζαὴλ,
1684 862 1779 915 καὶ
1854 860 2037 933 μέντοι
2114 860 2208 915 τοῦ
2236 861 2397 933 Ἀδερ
2420 864 2475 915 αἰ
2505 860 2668 930 φυλαὶ
2731 859 2825 913 τοῦ
2855 857 3090 929 Ἰσραήλ.
3114 856 3226 909 Καὶ
3256 856 3285 908 ὁ
3320 854 3416 925 μὲν
3439 851 3597 919 λόγος

358 962 416 1012 ἐν
443 960 650 1022 τούτοις
681 960 788 1013 τῶν
823 956 1110 1028 ἰστορικῶς
1133 957 1558 1029 πεπραγμένων.

425 1054 538 1121 Age
565 1067 745 1121 porro,
776 1051 941 1105 etiam
970 1051 1023 1105 in
1079 1048 1304 1103 alteram
1351 1051 1678 1119 scripturam
1718 1060 1917 1104 conve-

356 1142 558 1196 nientia
589 1142 851 1205 dicamus,
887 1142 952 1194 ad
997 1139 1331 1209 spiritualem
1371 1138 1912 1205 commentationem,

2094 1047 2230 1117 Φέρε
2261 1045 2318 1097 δὲ
2351 1045 2447 1099 καὶ
2485 1046 2567 1108 εἰς
2591 1042 2689 1114 τὴν
2720 1043 2908 1112 ἑτέραν
2936 1040 3152 1112 γραφὴν
3179 1037 3246 1091 τὰ
3286 1037 3469 1091 εἰκότα
3506 1035 3592 1089 λέ-

2020 1155 2232 1208 γωμεν,
2276 1135 2700 1206 ἀνακομίζοντες
2738 1136 2838 1205 ἤδη
2871 1135 3005 1204 πρὸς
3033 1132 3263 1202 θεωρίαν
3295 1145 3594 1197 πνευματι-

357 1232 471 1286 sive
500 1245 719 1285 sensum
770 1245 801 1284 a
835 1230 945 1283 Deo
971 1230 1113 1283 dicta
1163 1239 1502 1284 revocantes.
1552 1228 1757 1284 Nobilis
1790 1241 1915 1298 pro-

2022 1230 2121 1299 κὴν
2148 1228 2217 1281 τά
2248 1229 2514 1299 εἰρημένα
2543 1226 2694 1297 παρὰ
2730 1226 2862 1278 Θεοῦ
2883 1262 2900 1277 .
2923 1224 3162 1292 Εύγενὴς
3197 1222 3295 1293 μέν
3339 1221 3426 1272 διὰ
3465 1219 3591 1279 τοὺς

362 1328 483 1387 pter
542 1319 776 1388 majores
837 1302 1145 1374 Iudaeorum
1232 1318 1538 1389 Synagoga.
1596 1319 1914 1375 Servierunt

2019 1320 2263 1390 πατέρας
2309 1322 2343 1389 ἡ
2391 1317 2500 1372 τῶν
2544 1317 2808 1370 Ἰουδαίων
2840 1316 3153 1383 Συναγωγή.
3189 1309 3590 1380 Λελατρεύκασι

356 1408 497 1463 enim
535 1408 829 1472 Abraham,
865 1417 918 1462 et
944 1406 1036 1461 lilii
1073 1423 1137 1461 ac
1161 1418 1385 1478 nepotes
1417 1410 1534 1479 ejus
1563 1410 1672 1463 Deo
1716 1410 1918 1465 viventi

2017 1411 2126 1481 γάρ
2158 1413 2208 1465 οἰ
2236 1411 2380 1481 ἅμ.φί⁵
2415 1410 2506 1463 τὸν
2537 1408 2826 1461 θεσπέσιον
2859 1405 3110 1477 Ἀϐραάμ
3141 1403 3259 1473 Θεῷ
3287 1402 3453 1466 ζῶντι
3493 1400 3590 1452 καὶ

354 1508 408 1553 et
441 1512 570 1552 vero
599 1515 613 1564 ;
639 1498 769 1566 quin
807 1497 970 1551 etiam
1008 1495 1234 1563 iustitiae
1274 1497 1500 1551 studiosi
1552 1497 1817 1560 cultores,
1864 1505 1919 1551 et

2017 1501 2273 1573 ἀληθινῷ,
2313 1502 2409 1554 καί¹
2454 1500 2558 1570 μὴν
2584 1499 2678 1552 καί⁸
2707 1498 3053 1567 δικαιοσύνης
3081 1494 3365 1564 γεγόνασιν
3393 1494 3590 1561 ἐπιμε-

354 1588 603 1641 omnibus
634 1588 893 1640 virtutum
923 1601 1302 1653 germanarum
1329 1587 1630 1641 actionibus
1677 1588 1917 1656 insignes

2017 1592 2176 1663 ληταί
2201 1630 2215 1656 ,
2269 1591 2363 1643 καὶ⁵
2411 1590 2650 1653 ἁπάσαις
2699 1586 3117 1658 άγαθοεργείαις
3162 1583 3221 1637 εὖ
3269 1583 3412 1654 μάλα
3457 1597 3589 1634 κατ-

352 1679 641 1734 admodum
680 1685 735 1730 et
772 1675 903 1729 clari
931 1676 1168 1741 fuerunt,
1217 1685 1273 1731 et
1297 1678 1349 1731 in
1380 1677 1482 1731 [ide
1515 1675 1835 1740 immobiles,
1865 1685 1918 1730 et

2021 1680 2365 1749 εστεμμένοι,
2386 1678 2482 1731 καὶ¹
2503 1676 2817 1745 γνησιότητι
2846 1674 3238 1745 διαπρέποντες
3261 1712 3277 1737 ,
3308 1669 3403 1723 καὶ
3432 1668 3584 1720 άκλό-

354 1767 408 1822 in
443 1767 591 1822 omni
623 1779 828 1835 genere
870 1765 1130 1820 bonitatis
1160 1766 1464 1820 exercitati.
1508 1766 1607 1820 Ast
1658 1765 1747 1820 ubi
1779 1765 1919 1821 fame

354 1857 613 1927 compulsi
638 1855 907 1926 Egyptiis
930 1871 990 1911 se
1018 1857 1511 1920 commiscuerunt,
1539 1855 1720 1924 ibique
1758 1856 1917 1925 longo

354 1957 591 2017 tempore
619 1955 1053 2017 permanserunt,
1099 1962 1285 2003 eorum
1332 1947 1533 2016 posteri
1574 1946 1709 2002 alios
1739 1960 1917 2001 mores

355 2036 665 2102 induerunt,
714 2036 959 2107 aliosque
985 2052 1179 2093 sensus
1229 2046 1283 2091 et
1314 2037 1674 2106 cogitationes
1710 2050 1917 2090 assum-

353 2136 594 2194 pserunt,
626 2128 907 2197 indigenas
950 2128 1019 2183 de
1063 2136 1262 2183 caetero
1313 2127 1512 2181 imitari
1562 2135 1863 2181 statuentes
1898 2166 1913 2191 ,

352 2224 729 2286 consuetznque
755 2218 996 2287 patribus
1016 2256 1031 2281 ,
1076 2228 1131 2272 et
1161 2217 1421 2288 praeclare
1451 2217 1707 2288 prastitze
1736 2218 1912 2287 pieta-

355 2305 425 2359 tis
462 2319 684 2373 parvam
733 2306 954 2361 omnino
1002 2307 1267 2361 rationem
1316 2307 1593 2362 ducentes.
1644 2308 1917 2363 Adorave-

350 2404 478 2449 runt
500 2395 645 2448 enim
682 2413 702 2446 ι
746 2406 1051 2449 creaturam
1097 2396 1277 2464 potius
1311 2412 1472 2465 quam
1500 2396 1808 2453 Creatorem
1832 2397 1913 2463 “,

352 2496 407 2538 et
433 2499 599 2551 opera
633 2500 890 2539 manuum
917 2500 1136 2540 suarum
1178 2488 1245 2553 ⁸⁸,
1281 2505 1299 2538 ι
1344 2488 1486 2541 sicut
1514 2487 1771 2558 scriptum
1815 2499 1913 2544 est.

354 2574 433 2628 Eo
464 2582 645 2629 autem
693 2574 1115 2629 abominationis
1171 2576 1423 2630 abierunt
1470 2585 1524 2631 et
1567 2578 1640 2630 ita
1695 2577 1917 2646 profane

353 2665 519 2718 vitam
559 2664 909 2729 transierunt,
941 2671 1001 2719 ut
1050 2664 1139 2718 vix
1186 2664 1351 2719 ullum
1406 2665 1763 2734 improbitatis
1812 2667 1921 2736 20

353 2754 571 2808 modum
624 2755 832 2810 discere
881 2765 935 2808 et
984 2755 1282 2811 consectari
1328 2756 1791 2824 praetermiserim.
1841 2758 1919 2812 Ac

352 2846 485 2899 mibi
517 2859 648 2900 sane
677 2845 816 2899 idem
849 2845 953 2899 illis
1002 2847 1214 2900 videtur
1261 2845 1567 2909 accidisse,
1620 2846 1763 2914 quod
1801 2862 1918 2900 mu-

351 2935 471 2989 lieri
502 2936 733 3000 sapienti
771 2950 870 2988 nec
898 2935 1141 3003 ignobili,
1173 2950 1293 3003 qua:
1350 2935 1592 2992 moribus
1636 2937 1746 2991 suis
1788 2938 1915 2992 teli-

352 3026 475 3087 ctis,
538 3034 593 3078 et
632 3024 931 3080 honestatis
966 3039 1027 3078 ac
1058 3025 1337 3080 modestiae
1379 3027 1570 3081 studiis
1602 3018 1763 3081 etiam
1824 3041 1919 3080 va-
1948 3021 1991 3078 C

353 3116 465 3171 lere
518 3114 707 3184 jussis,
754 3115 930 3182 potius
990 3115 1043 3167 in
1084 3116 1263 3184 specie
1305 3126 1359 3170 ct
1394 3118 1633 3173 vestibus
1680 3118 1920 3173 meretri-

352 3207 451 3261 c'iis
488 3205 724 3274 conspici
747 3205 1004 3267 instituit.
1045 3207 1163 3273 Quo
1199 3207 1341 3261 enim
1374 3209 1534 3262 modo
1584 3210 1779 3263 mulier
1800 3211 1920 3265 talis

352 3296 591 3355 omnium
644 3295 1017 3363 voluptatibus
1062 3296 1257 3365 servit},
1305 3300 1482 3352 omnis
1534 3299 1799 3354 molestize
1835 3316 1920 3355 se-

358 3399 514 3451 cura,
536 3384 722 3439 eodem
762 3384 924 3438 modo
955 3385 1130 3437 anima
1164 3385 1396 3440 hominis
1423 3386 1583 3440 simul
1615 3402 1678 3441 ac
1710 3388 1920 3442 aratio-

354 3478 513 3531 nibus
545 3476 765 3545 pietatis
790 3474 1088 3541 deﬂexerit,
1137 3478 1569 3548 cbaritatemque
1599 3493 1725 3546 erga
1758 3479 1919 3533 Deum

350 3567 799 3634 ﬂoccipenderit,
835 3575 889 3621 et
950 3568 1016 3622 ad
1070 3568 1328 3640 Satanam
1383 3569 1749 3634 inclinaverit,
1806 3585 1920 3623 ma-

352 3658 617 3725 lignorum
641 3658 925 3725 spirituum
944 3659 1332 3725 cupiditatibus
1351 3661 1709 3729 obtemperat.
1735 3659 1921 3729 Itaque

353 3747 622 3802 fornicata
689 3756 770 3801 est
826 3747 1185 3815 spiritualiter
1238 3751 1291 3803 in
1337 3750 1574 3820 [Egypto
1615 3750 1918 3805 .ludacorum

353 3839 663 3909 Synagoga.
706 3838 997 3894 Prostabat
1035 3842 1199 3905 enim,
1236 3852 1295 3895 ut
1341 3842 1476 3905 dixi,
1511 3843 1810 3897 daemonum
1836 3845 1924 3900 de-

353 3931 587 3995 sideriis,
630 3940 684 3984 et
709 3932 773 3985 ad
807 3946 969 3985 omne
1010 3933 1369 4001 quodcunque
1410 3932 1515 3986 illis
1550 3932 1911 3999 collibuisset,

354 4036 460 4076 non
517 4020 735 4074 dillicile
791 4021 1122 4089 rapiebatur.
1180 4020 1446 4076 Caeterum
1503 4023 1580 4076 ita
1626 4025 1918 4093 projectam

351 4111 597 4167 visitavit
650 4110 938 4165 miseratus
964 4111 1127 4175 Deus,
1179 4121 1233 4166 et
1282 4113 1459 4167 denuo
1500 4114 1749 4183 pudicam
1802 4117 1922 4170 red-

352 4203 480 4257 dere
502 4200 719 4256 molitus
746 4210 849 4268 est,
866 4212 920 4255 et
945 4203 1332 4273 propemodum
1360 4205 1797 4260 contubernalem
1825 4206 1923 4260 im-

345 4306 541 4359 puram
578 4291 744 4354 illam,
784 4291 875 4358 qui
920 4302 1004 4347 est
1050 4294 1292 4347 omnium
1344 4295 1679 4351 castissimus
1724 4308 1777 4351 et
1819 4312 1916 4365 pu~

352 4382 623 4446 rissimus,
682 4392 736 4436 et
792 4392 1020 4437 matrem
1069 4385 1300 4439 ﬁliorum
1350 4385 1497 4450 fecit,
1552 4395 1607 4441 et
1648 4390 1915 4445 cbaritate

349 4473 600 4540 dignatus
634 4483 736 4536 est,
777 4486 997 4543 propter
1028 4485 1211 4529 natum
1267 4492 1334 4530 ex
1378 4492 1442 4531 ea
1474 4480 1912 4549 primogenitum,

350 4561 453 4615 hoc
484 4571 569 4616 est
602 4561 835 4629 Jezrael,
898 4564 1039 4631 quod
1088 4564 1280 4623 Latiae
1323 4580 1499 4633 sonat,
1559 4588 1731 4626 semen
1790 4572 1911 4626 Dei.

350 4652 492 4722 Ergo
532 4652 725 4707 Oseam
765 4655 816 4707 in
855 4655 1166 4724 imaginem,
1193 4666 1249 4711 et
1288 4668 1470 4730 typum
1497 4664 1911 4730 sapientissimae

351 4745 508 4813 hujus
541 4746 1034 4802 administrationis
1067 4748 1159 4800 Dei
1215 4750 1482 4805 delectum
1532 4754 1765 4809 intuere.
1805 4756 1917 4810 Co-

350 4836 568 4903 pulatur
597 4836 799 4891 Gomcr
830 4838 1037 4894 mulieri
1068 4842 1341 4896 meretrici
1373 4844 1632 4913 praplieta
1657 4856 1910 4912 sanctus;

351 4926 440 4979 illa
472 4927 518 4979 ei
553 4930 760 4996 peperit
793 4929 1024 4985 Jesrael.
1054 4930 1128 4985 Ita
1158 4934 1294 4988 Deus
1325 4950 1421 5003 per
1448 4936 1910 5002 sapientissimum

350 5015 569 5085 Moysen
619 5017 925 5074 Judaeornm
988 5020 1332 5093 Synagogam
1396 5024 1465 5077 ad
1518 5024 1814 5078 amicitiam
1862 5036 1917 5081 et

350 5107 784 5163 communionem
838 5112 1177 5178 spiritualem
1235 5116 1492 5177 vocabat,
1550 5125 1772 5185 propter
1821 5132 1917 5169 na-

352 5196 616 5250 sciturum
651 5209 717 5249 ex
752 5210 814 5250 ea
848 5199 1290 5269 primogenitum,
1340 5205 1589 5259 videlicet
1614 5206 1914 5271 Christum,

352 5286 442 5355 qui
464 5299 651 5339 revera
684 5294 767 5341 est
795 5301 979 5342 semen
1012 5290 1126 5344 Dei.
1161 5289 1334 5349 Natus
1362 5304 1447 5351 est
1485 5297 1628 5353 enim
1660 5312 1725 5353 ex
1758 5297 1917 5353 Patre

352 5376 544 5445 Filius,
570 5377 820 5446 quamvis
840 5393 971 5435 caro
989 5378 1167 5437 lactus
1189 5383 1279 5439 sit.

1949 4346 1993 4400 D

425 5753 469 5787 “
492 5754 652 5814 Rom.
677 5775 718 5828 ι,
744 5757 838 5818 25.
913 5762 957 5795 ⁸³
998 5759 1157 5820 Mich.
1191 5777 1246 5831 v,
1285 5764 1369 5821 l2.
1805 5766 1815 5772 ’
1846 5766 1951 5777 ‘”"

2018 1786 2169 1838 νητοι
2200 1769 2300 1838 τὴν
2334 1768 2547 1831 πίστιν,
2578 1768 2673 1821 καί¹
2708 1769 2817 1821 πᾶν
2846 1761 2983 1828 εἶδος
3011 1762 3312 1826 ἐπιεικείας
3340 1761 3585 1829 ἐπησκη-

2018 1860 2192 1923 κότες.
2254 1859 2468 1928 Ἐπειδὴ
2515 1857 2573 1910 δὲ
2621 1857 2783 1928 λιμοῦ
2848 1855 3264 1923 κατωθήσαντος
3321 1848 3586 1919 ἐπέμιξαν

2016 1950 2357 2019 Αἰγυπτίοις,
2390 1945 2508 2001 εἶτα
2543 1949 2786 2019 μακροὺς
2819 1949 2995 2000 ἐκεῖσε
3029 1942 3431 1997 διατετελέκασι
3458 1938 3586 2009 χρόα

2017 2058 2162 2107 νους,
2187 2040 2533 2111 ἐτερότροποί
2559 2056 2618 2092 τε
2674 2037 2767 2091 καὶ
2795 2034 3226 2106 ἐτερογνώμονες
3248 2033 3295 2084 οἰ
3321 2030 3379 2097 ἐξ
3404 2029 3584 2082 αὐτῶν

2017 2133 2293 2203 γεγόνασι,
2326 2134 2441 2195 τοῖς
2464 2131 2573 2183 τῶν
2596 2128 2948 2183 ἐνοικούντων
2985 2124 3164 2178 ἔθεσιν
3195 2121 3422 2178 ἕπεσθαι
3446 2122 3582 2191 ῃρη-

2022 2225 2173 2294 μένοι
2196 2223 2403 2286 λοιπὺν,
2438 2223 2533 2276 καὶ
2565 2221 2722 2288 ὀλίγα
2749 2218 3024 2281 παντελῶς
3048 2217 3148 2287 τῆς
3171 2218 3283 2278 τοῖς
3313 2214 3583 2282 πατράσιν

2018 2313 2299 2385 ἐντριϐοῦς
2342 2314 2436 2366 καὶ
2468 2310 2760 2382 ἐξαιρέτως
2810 2306 3251 2377 κατορθουμένης
3302 2301 3583 2362 εὐσεϐείας

2018 2403 2462 2475 πεφροντικότες.
2519 2399 3004 2471 Προσκεκυνήκασι
3051 2394 3159 2465 γὰρ
3218 2412 3236 2444 ι
3271 2394 3349 2462 Τῇ
3409 2390 3583 2444 κτίσει

2018 2494 2170 2565 παρὰ
2195 2493 2289 2546 τὸν
2312 2491 2592 2558 κτίσαντα,
2621 2490 2714 2544 καὶ
2759 2492 2871 2552 τοῖς
2901 2488 3085 2559 ἔργοις
3108 2484 3216 2536 τῶν
3248 2482 3447 2552 χειρῶν
3484 2482 3583 2532 αὑι

2016 2589 2149 2653 τῶν,
2189 2607 2207 2639 ι
2252 2585 2397 2640 καθὰ
2448 2586 2777 2655 γέγραπται.
2824 2578 3151 2648 Κατῴχοντο
3202 2576 3258 2628 δέ
3305 2572 3584 2644 βδελυρίας

2019 2681 2100 2741 εἰς
2122 2677 2282 2732 τοῦτο
2334 2678 2430 2730 καὶ
2460 2675 2689 2747 βεϐήλου
2722 2673 2889 2741 ζωῆς,
2920 2670 2995 2733 ὡς
3023 2669 3161 2737 τάχα
3186 2684 3288 2719 που
3321 2664 3585 2734 φαυλότηδ

2017 2788 2110 2833 τος
2152 2771 2353 2838 τρόπον
2395 2769 2538 2838 ἔχειν
2588 2765 3004 2835 ἀνεπιτήδευτον
3050 2758 3329 2819 παντελῶς
3374 2757 3580 2809 οὐδένα.

2019 2861 2127 2914 Καί
2163 2861 2252 2930 μοί
2298 2877 2353 2912 τι
2393 2858 2587 2911 παθεῖν
2626 2855 2841 2909 δοκοῦσι
2891 2854 3119 2913 τοιοῦτο,
3152 2853 3289 2919 ὅπερ
3323 2850 3390 2902 ἂν
3423 2846 3586 2902 πάθοι

2020 2950 2156 3019 γυνὴ
2196 2954 2334 3018 σοφή
2366 2967 2425 3001 τε
2460 2948 2554 3001 καὶ
2587 2945 2832 3016 εὐγενὴς,
2868 2945 2959 2997 τὸν
2995 2945 3091 3013 μὲν
3120 2942 3316 3011 ἑαυτῆς
3357 2937 3587 3009 μεθεῖσα

2022 3040 2244 3111 τρόπον,
2279 3040 2437 3108 μόνον
2466 3039 2522 3090 δὲ
2564 3037 2684 3107 ούχί.
2735 3036 2828 3088 καὶ
2869 3033 3145 3105 ἐρρῶσθαι
3179 3031 3433 3102 φράσασα
3472 3032 3583 3091 τοῖς

2020 3133 2102 3193 εἰς
2134 3130 2434 3199 εὐκοσμίαν
2458 3127 2884 3198 ἐπιτηδεύμασιν
2906 3142 2918 3153 ·
2953 3123 3270 3196 ἀνῃρημένη
3295 3124 3350 3175 δὲ
3386 3120 3584 3191 μᾶλλον

2020 3220 2081 3272 τὸ
2110 3221 2169 3273 ἐν
2202 3220 2329 3273 εἴδει
2388 3220 2481 3272 καὶ
2512 3220 2784 3288 σχήμασιν
2813 3216 3040 3286 ὁρᾶσθαι
3073 3213 3585 3285 πορνικοῖς.⁶’ονπερ

2019 3311 2127 3380 γὰρ
2156 3311 2356 3381 τρόπον
2386 3312 2418 3379 ἡ
2461 3310 2639 3363 τοιάδε
2671 3308 2809 3379 γυνὴ
2844 3308 2944 3371 τὰς
2981 3308 3235 3361 ἁπάντων
3268 3303 3461 3374 ἡδονάς
3498 3303 3584 3373 ἐφ’

2019 3402 2183 3471 ἐαυτῇ
2214 3402 2430 3470 πληροῖ,
2455 3400 2772 3471 δυσχερείας
2806 3400 3026 3469 ἁπάσης
3051 3397 3411 3469 ἐξῃρημένης,
3444 3394 3588 3450 οὕτω

2019 3494 2114 3545 καὶ
2148 3490 2433 3562 ἀνθρώπου
2468 3492 2635 3562 ψυχὴ,
2667 3491 2775 3544 τῶν
2805 3492 2905 3559 τῆς
2932 3490 3213 3552 εὐσεϐείας
3239 3488 3586 3542 ἀπονὲύσασα

2022 3585 2480 3655 σπουδασμάτων,
2499 3585 2595 3637 καὶ
2626 3586 2846 3653 ἀγάπης
2864 3583 2961 3651 τῆς
2991 3584 3069 3646 εἰς
3089 3582 3220 3635 Θεὸν
3247 3582 3583 3651 άλογήσασα,

2020 3679 2114 3731 καί⁸
2146 3677 2596 3746 προσκεκλημένη
2630 3675 2707 3745 τῷ
2739 3676 2987 3744 Σατανᾷ,
3035 3674 3133 3736 τάς
3178 3673 3284 3725 τῶν
3334 3671 3588 3742 πονηρῶν

2021 3770 2349 3839 πνευμάτων
2392 3768 2688 3839 ἐπιθυμίας
2737 3767 3062 3839 ἀποπληροῖ.
3116 3765 3325 3818 Οὐκοῦν
3384 3764 3587 3835 πεπόρ-

2021 3878 2211 3915 νευκεν
2234 3862 2291 3913 ἐν
2312 3860 2572 3930 Αἰγύπτῳ
2599 3860 2806 3931 νοητῶς
2837 3862 2870 3930 ἡ
2896 3860 3003 3911 τῶν
3039 3856 3303 3909 Ἰουδαίων
3333 3857 3586 3925 Συναγω-

2021 3953 2114 4023 γή.
2166 3951 2468 4022 Προῦκειτο
2504 3952 2635 4021 γάρ,
2684 3951 2758 4013 ὼς
2806 3949 2964 4019 ἔφην,
2998 3949 3119 4010 ταῖς
3147 3947 3255 4000 τῶν
3300 3946 3587 4017 δαιμονίων

2023 4045 2339 4115 ἐπιθυμίαις
2381 4046 2461 4108 είς
2514 4046 2621 4097 πᾶν
2666 4040 2844 4096 ὁτιοῦν
2872 4040 2980 4093 τῶν
3012 4041 3196 4102 αὐτοῖς
3239 4038 3360 4091 καθ’
3395 4036 3586 4105 ἡδονὴν

2021 4136 2408 4208 άποφερομένη
2448 4136 2704 4197 εὐκόλως.
2765 4132 2903 4185 Ἀλλ’
2954 4128 3323 4183 ἐπεσκέπτετὸ
3376 4143 3433 4176 τε
3491 4125 3584 4175 καὶ

2020 4227 2167 4297 ἠλέει
2212 4227 2343 4288 Θεὸς
2414 4225 2512 4294 τὴν
2558 4225 2698 4277 οὕτω
2743 4221 3151 4291 διεῤῥιμμένην,
3202 4218 3289 4269 καὶ
3335 4214 3583 4284 σώφρονα

2022 4321 2184 4372 πάλιν
2233 4319 2400 4387 αὐτὴν
2443 4316 2757 4383 ἀποφαίνειν
2799 4311 2988 4381 ἢθελεο
3021 4308 3180 4378 μόνον
3220 4306 3276 4358 δὲ
3324 4306 3445 4375 οὐχὶ
3488 4304 3583 4357 καὶ

2023 4410 2266 4463 σύνοικον
2314 4407 2484 4460 ἐποίει
2528 4406 2626 4475 τὴν
2676 4401 2899 4473 βέϐηλον
2963 4399 2991 4451 ὁ
3045 4397 3319 4465 πάναγνός
3382 4413 3442 4448 τε
3488 4397 3583 4451 καὶ

2020 4502 2276 4572 καθαρὸς,
2328 4499 2419 4553 καὶ
2468 4499 2673 4551 τέκνων
2719 4494 2889 4548 ἐποίει
2942 4491 3172 4563 μητέρα,
3220 4490 3312 4543 καὶ
3361 4489 3582 4559 ἀγάπης

2018 4592 2189 4663 ἠξίου,
2222 4593 2311 4646 διὰ
2337 4594 2426 4646 τὸν
2454 4590 2511 4654 ἐξ
2541 4588 2712 4658 αὐτῆς
2740 4587 3027 4657 γενόμενον
3051 4583 3411 4655 πρωτότοκον,
3430 4598 3585 4632 τουτ-

2020 4688 2134 4740 έστι
2166 4687 2256 4739 τὸν
2332 4683 2593 4752 Ἰεζραὲλ,
2640 4682 2699 4745 ὃς
2768 4676 3125 4749 ἑρμηνεύεται
3168 4673 3365 4742 σπορὰ
3410 4671 3579 4725 Θεοῦ.

2020 4781 2161 4849 Ὅρα
2202 4778 2265 4847 δὴ
2304 4772 2395 4829 οῦν
2430 4774 2508 4837 εἰς
2542 4775 2724 4827 εἰκόνα
2766 4772 2861 4824 καὶ
2903 4768 3071 4822 τύπον
3115 4767 3224 4820 τῶν
3265 4765 3408 4818 οὓτω
3449 4780 3584 4816 παν-
3638 4822 3643 4827 ἡ

2018 4871 2195 4938 σόφως
2236 4865 2700 4937 οἰκονομηθέντων
2742 4860 2892 4931 παρὰ
2944 4858 3081 4912 Θεοῦ
3129 4855 3440 4926 τεθειμένον
3493 4853 3583 4905 τὸν

2030 4961 2204 5031 Ὤσηέ.
2258 4959 2591 5011 Συνάπτεται
2630 4960 2697 5026 τῇ
2728 4954 2930 5024 Γόμερ,
2968 4951 3140 5023 πόρνῃ
3170 4948 3410 5017 γυναικὶ,
3453 4962 3585 5015 προ-

2014 5050 2188 5119 φήτης
2218 5047 2391 5117 ἅγιος.
2409 5047 2475 5099 Ἦ
2502 5046 2557 5099 δέ
2587 5046 2804 5098 τέτοκεν
2831 5041 2981 5112 αύτῷ
3010 5041 3102 5093 τὸν
3145 5037 3399 5107 Ίεζραέλ.
3427 5033 3585 5087 Οὕτω

2014 5140 2107 5193 καί¹
2132 5140 2262 5204 Θεὸς
2295 5138 2479 5192 ἐκάλει
2509 5137 2645 5209 πρὸς
2693 5134 3002 5204 οἰκειότητα
3044 5129 3130 5181 διὰ
3175 5127 3265 5179 τοῦ
3308 5123 3579 5190 πανσόφου

2014 5234 2277 5297 Μωσέως,
2345 5234 2442 5303 τὴν
2492 5230 2601 5283 τῶν
2644 5228 2909 5279 Ἰουδαίων
2961 5217 3305 5288 Συνανωγὴν,
3356 5214 3449 5268 καὶ
3501 5214 3582 5275 εἰς

2015 5326 2302 5380 κοινωνίαν
2342 5319 2741 5393 πνευματικὴν,
2785 5317 2873 5369 διὰ
2920 5315 3010 5368 τὸν
3038 5313 3096 5378 ἐξ
3128 5309 3297 5378 αὐτῆς
3326 5306 3581 5376 ἐσόμενον

2017 5419 2379 5491 πρωτότοκον,
2406 5415 2668 5477 τουτέστι,
2700 5408 2956 5482 Χριστὸν,
2987 5409 3045 5470 ὃς
3078 5407 3191 5458 ἐστι
3240 5400 3417 5471 σπορὰ
3444 5395 3577 5452 Θεοῦ

1944 5542 1947 5553 -
2019 5489 2160 5567 κατὰ
2203 5510 2264 5562 τὸ
2292 5508 2510 5579 ἀληθές.
2556 5504 2850 5573 Γεγένηται
2894 5499 3001 5576 γάρ
3032 5499 3093 5550 ἐκ
3136 5493 3402 5566 Πατρὸςό
3430 5489 3575 5552 Υἰὸς,

2020 5604 2113 5660 καὶ
2143 5604 2189 5657 εἰ
2218 5602 2411 5674 γέγονε
2446 5600 2598 5670 σάρξ.
