4002 6220
228 246 295 301 ιι
1172 234 1722 293 COMMENTARIUS
1764 234 1828 288 ιδ

1931 235 2102 288 SbAM
2142 234 2583 291 PROPIIETAM.
3426 244 3499 295 6’2

310 356 550 427 Ἐπειδὴ
577 356 636 409 δὲ
664 356 764 435 οὐκ
792 354 857 409 ἂν
889 356 1088 426 ἑτέρως
1119 356 1329 423 γένοιτο
1378 356 1555 425 σαφὴς
1617 356 1709 408 καὶ
1739 356 1823 406 εὐ·

2001 354 2262 419 Quoniam
2308 368 2432 406 vero
2462 352 2757 422 spiritualis
2794 350 3242 408 considerationis
3286 350 3502 407 collatio

232 449 578 523 κρινεστάτη
609 448 711 518 τῆς
759 447 1137 517 πνευματικῆς
1166 448 1398 519 Θεωρίας
1431 451 1464 518 ἡ
1501 446 1822 517 παράθεσις,

236 545 311 611 μὴ
330 538 788 609 παρενεχθέντων
801 538 882 599 τίς
899 538 1063 606 μέσον
1086 537 1184 591 τῶν
1203 538 1489 609 ἱστορικῶς
1505 538 1825 606 γεγονότων,

233 633 396 701 φέρε,
430 629 605 683 πάλιν
639 627 819 681 αὐτῶν
850 628 1243 697 ἐπιμνήσομαι.
1274 627 1398 682 Ὀτι
1432 629 1528 697 μὲν
1560 623 1653 681 οὖν
1676 628 1826 691 πόλις

234 724 265 789 ή
313 718 592 789 Ἰεζραὲλ,
630 716 1087 787 προαπήγγελκεν
1135 718 1268 787 ἡμῖν
1315 718 1563 789 ἐναργῶς
1603 718 1824 785 όλόγος.

245 810 397 861 Ἀλλ’
431 809 513 871 ὡς
544 811 611 860 ἐκ
650 807 856 867 πόλεως
886 807 985 876 τῆς
1021 806 1259 877 Ἰεζραὲλ
1318 807 1566 878 σημαίνει
1598 808 1689 860 τὸν
1723 809 1829 861 Να-

232 902 460 963 Sentiat,
488 901 657 962 τύπος
690 899 735 952 δ’
769 898 836 952 ἂν
862 898 1075 966 γένοιτο
1102 899 1198 952 κα)⁸
1217 898 1378 961 αὐτὸς
1406 899 1507 970 τῆς
1534 900 1591 953 ὲν
1610 898 1828 969 Χριστῷ

234 991 547 1060 νοουμένης
590 978 927 1058 οἰκονομίας.
976 986 1373 1057 Ἐρμηνεύεται
1402 987 1460 1040 δὲ
1504 988 1599 1041 καὶ
1643 989 1825 1052 αὐτὸς,

238 1083 577 1151 ἐρχόμενοςν
610 1080 835 1150 ὀνόματι
884 1078 942 1131 δὲ
989 1077 1066 1148 τῷ
1106 1078 1294 1149 τοιῷδε
1340 1078 1431 1134 τὸν
1484 1079 1828 1152 Ἐμμανουήλ

245 1174 509 1242 σημαίνει
555 1171 876 1233 πλειστάκις
904 1168 968 1221 τὸ
997 1168 1236 1240 Γράμμα
1279 1169 1550 1240 τὺςίερόν.
1600 1171 1827 1242 Εἴρηται

250 1265 343 1333 μὲν
381 1259 479 1315 οὖν
518 1262 661 1331 πρὸς
707 1260 799 1313 τὸν
831 1260 1097 1330 μακάριον
1132 1263 1419 1333 προφήτην
1475 1264 1823 1335 Ἀὅϐακούμ·

254 1356 403 1406 «Ἔτι
441 1352 663 1423 μικρὸν,
710 1353 740 1404 6
790 1350 1083 1421 ἐρχόμενος
1122 1350 1263 1421 ἥξει,
1304 1353 1398 1407 καλ⁵
1435 1354 1497 1407 οὐ
1544 1357 1765 1424 χρονιεῖ.
1801 1375 1821 1407 ι

250 1442 452 1496 mm
474 1443 531 1494 δέ
556 1459 662 1494 που
710 1441 804 1493 καὶ
829 1442 857 1492 6
882 1440 1064 1507 Δασὶδ,
1095 1459 1113 1492 ι
1139 1441 1518 1513 Εὐλογημένος
1538 1447 1566 1497 6
1601 1446 1827 1516 ἐρχόμε-

252 1552 335 1596 νος
365 1537 422 1586 έν
450 1533 681 1601 ὀνόματι
712 1531 939 1602 Κυρίου.
980 1550 999 1583 ι
1053 1533 1163 1586 Καὶ
1191 1533 1299 1604 μὴν
1348 1535 1443 1587 καὶ
1488 1537 1651 1600 αὐτὸς
1672 1538 1700 1591 6
1745 1538 1827 1591 θε-

261 1628 469 1689 σπέσιος
491 1624 809 1694 Βαπτιστὴς
840 1624 1158 1679 ἀποστέλλει
1190 1628 1342 1691 τινάς
1363 1629 1472 1682 τῶν
1498 1630 1691 1684 ἑαυτοῦ
1718 1648 1822 1701 μα⁸

266 1715 432 1784 θητῶν
457 1716 595 1785 upb;
638 1716 729 1769 τὸν
766 1690 971 1783 Κύριον
999 1714 1154 1785 ἡμῶν
1188 1716 1394 1786 Ἰησοῦν
1435 1719 1690 1789 Χριστὸν,
1718 1690 1827 1775 ’καὶ
1856 1690 1899 1745 Β

265 1807 325 1877 δὴ
352 1806 732 1860 διεπυνθάνετο
761 1805 959 1874 λέγων,
1021 1826 1039 1858 ι
1068 1808 1140 1861 Σὺ
1169 1804 1222 1861 εἴ
1246 1811 1275 1862 6
1306 1810 1619 1879 ἐρχόμενος,
1648 1813 1679 1883 ἢ
1712 1814 1830 1868 ἕτε-

257 1915 344 1966 ρον
369 1896 801 1967 προσδοκῶμενς
836 1915 856 1948 ι
892 1897 1018 1949 Ὅτι
1061 1898 1119 1950 δὲ
1147 1893 1214 1970 ἦν
1248 1900 1328 1962 είς
1362 1901 1543 1955 εἰκόνα
1566 1901 1826 1973 Χριστοῦ,

252 1990 518 2042 καὶτοῦτο
540 1988 731 2057 σαφῶς
754 1990 818 2040 ὲκ
839 1988 951 2041 τῶν
970 1990 1056 2041 ὲπ*
1078 1989 1227 2061 αὐτῷ
1249 1993 1652 2063 γεγραμμένων
1682 1996 1827 2049 εῑσό-

252 2080 411 2150 μεθα.
452 2079 755 2150 Ἐπεθύμει
793 2076 894 2150 μὲν
924 2079 1034 2150 γὰρ
1059 2081 1089 2134 6
1131 2081 1335 2151 ’Δχαάϐ
1384 2086 1828 2156 κατακτήσασθαι

249 2169 341 2221 τὸν
372 2168 670 2238 ἀμπελῶνα
715 2166 912 2231 αὐτοῦ,
943 2166 1038 2219 καὶ
1071 2167 1149 2231 εἰς
1177 2168 1349 2237 κῆπον
1380 2169 1626 2240 λαχάνων
1663 2188 1828 2241 μετα-

265 2262 537 2314 σκευάσαι
577 2260 640 2312 τδ
667 2258 837 2322 οὔτως
884 2259 1162 2329 ἐξαίρετον
1199 2259 1415 2331 χωρίον.
1456 2262 1513 2316 '0
1543 2262 1600 2314 δὲ
1660 2264 1829 2333 ⁴Ιγγαν-

258 2351 421 2404 άκτει
454 2349 592 2417 πρὸς
605 2348 781 2412 τοῦτο,
798 2349 889 2402 καὶ
914 2348 989 2413 ὠς
1008 2350 1107 2402 οὐκ
1132 2352 1197 2404 ἂν
1222 2354 1460 2426 προῖοιτο
1478 2367 1606 2406 ποτε
1631 2352 1719 2407 τὸν
1734 2352 1827 2406 τοῦ

268 2439 483 2508 πατρὸς
530 2438 852 2506 ἀμπελῶνα,
884 2440 1240 2512 διισχυρίζετο
1285 2444 1491 2511 σαφῶς.
1552 2462 1573 2496 ι
1608 2446 1700 2516 Μή
1738 2462 1828 2516 μοι

282 2528 395 2599 γάρ
424 2528 655 2595 γένοιτο,
686 2529 833 2597 φησὶ,
858 2532 1128 2601 προδοῦναι
1162 2532 1459 2602 ἀμπελῶνα
1491 2535 1699 2606 πατρός
1722 2535 1826 2605 μού

281 2634 383 2670 σοι.
418 2636 438 2669 ›
488 2618 698 2689 Ἐπειδή
734 2620 787 2673 δὲ
818 2622 962 2683 τοῦτο
998 2623 1316 2695 μεμάθηκεν
1346 2626 1379 2695 ἡ
1407 2625 1663 2698 θεομισὴς
1735 2627 1829 2680 καὶ

267 2708 493 2779 βέόηλος
536 2708 785 2775 Ἰεζάϐελ,
825 2713 857 2783 ἠ
906 2715 1032 2776 τοὺς
1066 2715 1350 2785 προφήτας
1392 2715 1681 2781 διώκουσα,
1736 2718 1829 2771 καὶ

262 2802 373 2863 τοις
397 2799 622 2863 δικαίοις
646 2802 1086 2869 ἐπιϐουλεύουσα,
1117 2806 1434 2878 δυστρόφοις
1464 2812 1828 2882 ἐπιχειρήμα-

264 2910 345 2946 σιν
397 2895 768 2965 ἐξεμηχανᾶτο
803 2896 884 2966 τῷ
928 2897 1120 2969 δικαίῳ
1146 2900 1235 2954 τὸν
1262 2902 1438 2970 φόνον.
1491 2903 1601 2957 Καὶ
1640 2902 1705 2974 δὴ
1737 2906 1830 2958 καὶ

260 2986 602 3055 ἀναιρεθῆναι
652 2990 1142 3059 παρασκευάσασα,
1190 2991 1542 3063 κληρονομεῖν
1607 2994 1830 3048 ἐκέλευε
1858 3019 1898 3073 C

259 3077 336 3147 τῷ
383 3080 733 3149 συνῳκηκότι,
798 3082 942 3153 φημὶ
979 3083 1043 3154 δὴ
1075 3083 1152 3153 τῷ
1192 3083 1414 3154 Ἀχαά6.
1465 3086 1587 3138 Ἐπὶ
1623 3086 1832 3151 τούτοις

259 3169 482 3231 εἰκότως
511 3169 811 3238 ἠγανάκτει
838 3172 991 3237 Θεὸς,
1024 3174 1117 3227 καὶ
1145 3174 1208 3244 δὴ
1256 3176 1350 3227 καὶ
1391 3176 1702 3246 ἐκδικήσειν
1735 3178 1832 3230 ἑπ-

259 3258 579 3326 αγγέὶλεται
626 3261 686 3314 τὺ
732 3257 871 3331 αἷμα
913 3262 1006 3315 τοῦ
1050 3263 1306 3334 Ἰεζραέλ.
1372 3264 1663 3336 Ἀνῄρηται
1702 3266 1831 3334 γοῦν

274 3346 478 3416 Ἀχαὰϐ
508 3348 613 3399 ὑπὸ
664 3350 825 3419 Ἰηοῦ,
864 3351 1114 3422 καθάπερ
1147 3353 1247 3423 ἤδη
1279 3355 1635 3424 προείπομεν,
1661 3370 1831 3425 προσ-

259 3438 414 3507 ετέθη
446 3439 505 3491 δὲ
539 3440 688 3509 αὐτῷ
721 3442 814 3494 καὶ
842 3444 874 3512 ἡ
906 3444 1260 3513 παμπόνηρος
1309 3443 1562 3508 Ἰεζάϐελ.
1592 3446 1727 3515 Φέρε
1764 3446 1828 3517 δὴ

259 3524 369 3591 οὖν,
420 3531 499 3592 εἰς
547 3531 779 3599 Χριστὸν
805 3532 1161 3603 ἀναφέρωμεν
1207 3533 1273 3587 τά
1305 3534 1381 3597 ὡς
1427 3526 1485 3586 ὲν
1526 3536 1680 3605 τύπῳ
1718 3538 1829 3599 τοῖς

261 3618 426 3670 πάλαι
470 3620 834 3690 γεγενημένα.
886 3622 943 3673 Ὀ
975 3622 1071 3691 μὲν
1100 3622 1208 3693 γάρ
1258 3624 1544 3693 προφήτης
1581 3625 1824 3688 Ἡσαΐας,

260 3710 337 3760 ὅτι
371 3727 392 3759 ι
438 3708 729 3778 Ἀμπελὼν
759 3709 993 3780 ἐγενήθη
1022 3711 1099 3780 τῷ
1127 3712 1471 3783 ἠγαπημένῳ
1514 3714 1572 3764 ἐν
1617 3714 1825 3784 κέρατι,

264 3801 317 3850 ὲν
353 3800 505 3870 τόπῳ
534 3800 701 3852 πίονι.
738 3818 759 3851 ι
817 3800 927 3853 Καὶ
953 3796 1020 3871 ἦν
1060 3802 1088 3854 6
1128 3802 1386 3872 άμπελὼν
1420 3804 1702 3875 ἄνθρωπος
1733 3804 1825 3857 τοῦ

274 3891 462 3955 Ἰούδα,
492 3892 778 3961 νεόφυτον,
809 3893 1187 3963 ἠγαπημένον.
1227 3894 1365 3947 Ἀλλ’
1400 3896 1447 3948 oi
1477 3894 1571 3948 τοῦ
1618 3896 1830 3967 Ἰσραὴλ

262 3982 571 4052 ἡγούμενοι,
624 3977 700 4035 ὧν
752 3981 819 4036 ἂν
867 3982 949 4054 εῐη
998 3986 1090 4037 καὶ
1133 3984 1301 4048 τύπος
1350 3986 1377 4035 ὁ
1438 3985 1639 4054 Ἀχαάὸ
1675 3986 1828 4055 βασι-

260 4070 451 4135 λεύων,
482 4071 835 4139 ἐπεθύμησαν
864 4070 1004 4141 ἔχειν
1046 4073 1138 4126 τὸν
1182 4072 1477 4144 ἀμπελῶνα
1508 4072 1671 4126 αὐτοῦ
1691 4090 1705 4103 ·
1732 4075 1829 4144 οὐχ

258 4161 344 4213 ῐνα
378 4156 413 4233 ᾗ
443 4161 648 4231 κλῆρος
699 4160 991 4231 ἐξαίρετος,
1037 4163 1335 4229 τουτέστιν,
1380 4163 1673 4233 ἀμπελών·
1713 4164 1828 4217 ἀλλ’

256 4252 347 4304 ἴνα
380 4254 726 4322 χερσώμενος
782 4253 956 4324 κῆπος
984 4253 1192 4321 γένοιτο
1223 4254 1501 4325 λαχανίας,
1531 4255 1826 4322 τουτέστιν,

1931 446 2210 514 perspicua
2260 445 2662 513 dijudicatuque
2688 443 2939 498 facillima
2965 445 3123 500 aliter
3157 445 3269 500 ﬁeri
3297 444 3499 511 nequit,

1930 538 2032 591 nisi
2051 552 2227 590 rerum
2250 546 2520 605 gestarum
2541 535 2780 590 historia:
2799 536 2851 589 in
2869 536 3099 589 medium
3118 537 3503 604 producantur,

1929 642 2048 696 age,
2074 627 2265 681 iterum
2307 640 2494 679 earum
2540 625 2865 679 mentionem
2898 625 3179 681 faciamus.
3205 621 3502 678 Jezraelein

1930 716 2095 772 fuisse
2117 717 2418 780 civitatem,
2441 724 2601 770 antea
2626 715 2775 770 clare
2812 716 3115 772 docuimus.
3146 714 3251 770 Sed
3272 718 3414 783 quod
3434 731 3500 769 ex

1928 814 2147 868 civitate
2190 812 2400 869 Jezrael
2438 810 2647 866 Naboth
2697 811 2986 880 signiﬁcat,
3019 811 3182 865 etiam
3220 811 3307 867 hic
3347 820 3503 881 typus

1928 920 2049 960 esse
2069 915 2231 973 queat
2252 903 2589 967 meonomixc,
2616 918 2774 970 quam
2805 902 2855 954 in
2888 899 3105 958 Christo
3136 903 3500 971 intelligimus.

1930 996 2061 1049 Nam
2101 1004 2155 1051 et
2222 996 2336 1064 ipse
2382 992 2593 1048 Naboth
2666 992 2908 1047 redditur
2975 990 3167 1047 Latine
3216 1001 3463 1046 venturus
3496 1036 3510 1055 ,

1929 1100 2033 1154 quo
2055 1086 2271 1139 nomine
2288 1084 2691 1139 Emmanuelem
2718 1083 2876 1137 toties
2898 1082 3177 1151 Scriptura
3206 1092 3393 1137 sancta
3436 1082 3514 1136 in-

1929 1176 2070 1230 dicat
2094 1175 2157 1229 “.
2182 1174 2391 1229 Dictum
2419 1184 2504 1231 est
2531 1188 2660 1242 ergo
2688 1173 2753 1227 ad
2776 1173 2993 1226 beatum
3022 1165 3301 1226 Habacuc:
3344 1188 3363 1221 ι
3394 1172 3511 1223 Atl-

1930 1265 2033 1319 huc
2054 1265 2346 1330 modicum,
2369 1273 2423 1320 et
2447 1264 2665 1319 veniens
2687 1263 2884 1327 veniet,
2911 1272 2965 1316 et
2986 1276 3089 1317 non
3116 1262 3345 1317 tardabit
3373 1260 3440 1312 θ’.
3483 1280 3503 1310 ι

1927 1356 2112 1410 Psallit
2132 1368 2183 1412 et
2209 1356 2375 1410 David
2398 1355 2627 1425 quodam
2652 1356 2767 1410 loco
2798 1371 2811 1407 :
2846 1373 2865 1404 ι
2896 1353 3219 1409 Benedicuis
3238 1353 3326 1422 qui
3355 1353 3507 1407 venit

1930 1446 1981 1499 in
2011 1447 2227 1500 nomine
2255 1446 2465 1499 Domini
2492 1445 2556 1498 ⁸⁸.
2602 1465 2619 1497 ι
2656 1445 2794 1512 Quin
2827 1455 2881 1498 et
2916 1447 3028 1515 ipse
3067 1445 3220 1499 divus
3266 1444 3502 1513 Baptista

1928 1537 2183 1602 quosdam
2216 1550 2246 1588 e
2272 1534 2552 1604 discipulis
2583 1536 2694 1589 suis
2726 1536 2829 1604 21
2851 1538 2915 1589 ad
2948 1534 3232 1590 Dominum
3256 1544 3502 1589 nostrum

1926 1621 2109 1678 Jesum
2130 1624 2406 1677 Christum
2433 1622 2555 1677 ideo
2584 1625 2752 1677 mittit
2775 1632 3179 1692 percunctatum
3214 1639 3230 1677 :
3273 1642 3292 1674 ι
3338 1619 3416 1678 Τιι
3445 1640 3505 1679 es

1928 1715 2017 1783 qui
2046 1722 2302 1768 venturus
2333 1726 2414 1775 es.
2447 1727 2517 1768 an
2556 1713 2719 1767 alium
2748 1726 3128 1782 exspectamus
3152 1715 3235 1769 “2
3264 1734 3282 1767 ι
3309 1714 3505 1771 Fuisse

1928 1816 2106 1860 autem
2122 1818 2175 1860 et
2195 1805 2330 1859 hanc
2358 1805 2584 1875 ﬁguram
2607 1803 2828 1869 Christi,
2849 1804 3001 1872 plane
3025 1818 3089 1859 ex
3120 1804 3187 1858 iis
3208 1820 3325 1872 qua:
3347 1807 3413 1860 de
3436 1820 3503 1859 eo

1929 1897 2129 1965 scripta
2153 1906 2277 1951 sunt
2305 1897 2609 1966 perspicere
2634 1896 2779 1951 licet.
2800 1894 3119 1965 Concupivit
3144 1896 3287 1951 enim
3314 1894 3501 1952 Achab

1930 1987 2207 2056 possidere
2251 1988 2466 2043 vineam
2507 1987 2643 2056 ejus,
2695 1997 2750 2041 et
2783 1988 2959 2043 locum
3003 1991 3111 2042 tam
3150 1988 3407 2043 eximium
3446 1989 3500 2043 in

1929 2086 2142 2134 hortum
2164 2080 2435 2136 olitorium
2456 2091 2793 2135 convertere.
2815 2076 3025 2135 Naboth
3053 2078 3270 2151 indigne
3297 2080 3499 2144 ferens.

1929 2185 2034 2225 nou
2066 2185 2127 2226 se
2148 2172 2355 2226 vineam
2376 2172 2547 2241 patris
2570 2170 2653 2227 sui
2676 2171 3030 2227 dimissurum
3054 2187 3309 2242 expresse
3338 2174 3502 2244 proli-

1931 2266 2104 2314 tetur:
2146 2278 2165 2312 ι
2195 2257 2468 2330 Propitius
2491 2261 2561 2316 sit
2584 2259 2716 2317 mihi
2744 2259 2907 2327 Deus,
2942 2261 3137 2331 inquit,
3172 2278 3239 2319 ne
3280 2265 3499 2332 prodam

1928 2349 2138 2405 vineam
2167 2352 2334 2419 patris
2358 2351 2464 2407 mei
2492 2351 2609 2407 tibi.
2656 2370 2675 2405 ι
2712 2351 2768 2405 ld
2792 2361 3077 2422 postquam
3107 2352 3332 2429 rescivit
3380 2348 3492 2408 Deo

1936 2440 2108 2496 invisa
2138 2480 2155 2509 ,
2205 2450 2258 2497 et
2306 2443 2470 2514 impia
2513 2441 2751 2509 Iezabel,
2806 2445 3189 2514 prophetarum
3239 2459 3501 2514 persecu-

1932 2530 2041 2586 trix
2071 2541 2128 2587 et
2150 2531 2422 2600 justorum
2460 2534 2790 2597 insidiatrix,
2825 2533 3103 2604 perversis
3132 2532 3501 2613 molitionibus

1922 2626 2072 2696 justo
2106 2626 2304 2680 caedem
2334 2636 2418 2680 est
2444 2627 2771 2683 machinata.
2828 2626 2998 2693 Quem
3034 2641 3156 2681 cum
3185 2627 3357 2683 occidi
3401 2642 3502 2684 cu-

1931 2722 2105 2769 rasset
2128 2753 2145 2780 ,
2184 2714 2437 2768 maritum
2468 2715 2655 2770 Achab
2677 2716 2954 2785 possidere
2999 2717 3210 2770 vineam
3233 2714 3397 2785 jussit
3420 2717 3493 2771 ⁷ο.

1930 2804 2110 2872 Quare
2147 2804 2341 2862 merito
2388 2805 2701 2876 indignatus
2761 2806 2927 2871 Deus,
2982 2807 3220 2862 ulturum
3277 2823 3337 2862 se
3376 2822 3503 2863 sau-

1930 2898 2147 2965 guinem
2185 2894 2447 2950 Jezraclis
2479 2896 2744 2965 promisit.
2784 2896 3013 2953 Occisus
3053 2907 3135 2953 est
3162 2912 3290 2977 ergo
3316 2898 3503 2953 Achab

1934 3004 1962 3040 a
1993 2986 2153 3050 Jehu,
2184 2996 2241 3040 ut
2285 2988 2545 3053 diximus,
2597 2998 2652 3042 et
2683 2988 2844 3043 simul
2891 2988 3046 3059 longe
3088 2988 3489 3057 improbissime

1941 3074 2183 3130 Jezabel.
2216 3076 2332 3144 Age
2360 3076 2542 3147 igitur,
2591 3076 2659 3131 ad
2696 3075 2973 3131 Christum
3008 3076 3504 3141 accommodemus,

1934 3160 2054 3234 quae
2088 3168 2364 3222 veteribus
2399 3166 2545 3221 velut
2583 3168 2634 3222 in
2685 3178 2811 3238 typo
2850 3180 3003 3238 geSta
3041 3176 3188 3223 sunt.
3235 3162 3502 3234 PrOpheta

1932 3260 2076 3313 enim
2112 3258 2284 3313 lsaias
2308 3260 2380 3313 ait
2414 3277 2428 3313 :
2462 3276 2479 3310 ι
2511 3258 2681 3313 Vinea
2705 3258 2848 3313 facta
2873 3265 2955 3313 est
3002 3255 3199 3311 dilecto
3221 3257 3273 3309 in
3305 3270 3498 3321 cornu,

1934 3359 1986 3411 in
2028 3357 2146 3412 loco
2172 3358 2358 3427 pingui
2386 3358 2455 3412 “.
2509 3376 2527 3409 ι
2559 3356 2625 3411 Et
2650 3365 2768 3412 erat
2793 3357 2949 3412 vinea
2992 3357 3152 3412 homo
3174 3351 3333 3420 Juda,
3362 3371 3501 3410 nova

1930 3450 2144 3516 planta,
2207 3449 2427 3505 dilecta.
2486 3449 2684 3504 Verum
2761 3449 2929 3504 duces
2981 3446 3189 3513 Israel,
3268 3462 3501 3516 quorum

1932 3538 2099 3606 ﬁgura
2156 3550 2278 3592 esse
2327 3538 2503 3606 possit
2550 3537 2740 3593 Achab
2787 3551 3059 3607 regnans,
3128 3537 3505 3592 desiderarunt

1931 3627 2131 3682 habere
2162 3627 2375 3681 vineam
2402 3626 2540 3695 ejus,
2572 3641 2677 3682 nou
2706 3634 2764 3681 ut
2793 3636 2938 3681 esset
2984 3626 3273 3681 luereditas
3310 3627 3501 3688 electa,

1939 3718 1992 3773 id
2033 3727 2149 3782 est,
2198 3717 2355 3773 vinea
2390 3736 2405 3774 :
2438 3719 2531 3774 sed
2577 3728 2637 3773 ut
2667 3719 2880 3773 deserta
2926 3726 2981 3772 et
3034 3717 3232 3772 inculta
3316 3716 3503 3771 hortus

1929 3809 2133 3864 olerum
2164 3811 2332 3874 ﬂeret,
2351 3811 2452 3866 hoc
2472 3820 2575 3875 est,
2594 3820 2809 3879 propter
2836 3808 3197 3864 conditionem
3223 3809 3338 3864 sine
3354 3824 3504 3863 com-

1932 3904 2214 3972 paratione
2246 3904 2557 3958 inferiorem
2584 3904 2944 3973 dejiceretur:
2977 3902 3176 3957 etenim
3245 3901 3398 3955 vinea
3440 3902 3505 3953 ab

1933 3994 2087 4047 horto
2113 3992 2328 4048 olitorio
2368 3992 2598 4047 nimium
2630 4001 2894 4061 quantum
2929 3990 3130 4047 diﬂ'ert.
3180 3989 3246 4043 Et
3281 3989 3421 4058 quod
3451 3990 3502 4041 in

1933 4083 2015 4136 his
2042 4084 2219 4137 adhuc
2267 4084 2489 4148 eminet,
2536 4099 2642 4138 non
2691 4095 2777 4138 est
2822 4084 3135 4139 obscurum.
3176 4079 3290 4135 Sub
3343 4080 3504 4135 Chri-

1932 4180 2071 4225 stum
2099 4171 2299 4240 quippe
2359 4173 2565 4227 redacti
2600 4172 2907 4227 Judazorum
2951 4173 3135 4241 populi
3167 4210 3181 4237 ,
3239 4172 3505 4240 quomodo

1937 4279 2042 4317 non
2076 4263 2248 4316 vineis
2289 4262 2570 4329 palmitum
2631 4263 2787 4333 copia
2824 4262 3144 4318 ﬂorentibus
3186 4272 3242 4318 et
3286 4262 3504 4316 fertilis-

256 4343 353 4395 ἰπὶ
407 4344 485 4413 τῷ
530 4344 846 4415 άσυγκρίτῳ
894 4344 1111 4397 ἔλαττον
1162 4348 1545 4417 καταφέροιτο⁶
1601 4349 1826 4421 πλείστη

1933 4352 2085 4406 simis
2119 4350 2326 4406 similes
2355 4360 2512 4406 erant
2537 4350 2729 4415 futuri,
2760 4352 3098 4420 habendique
3123 4351 3191 4406 ab
3216 4350 3503 4406 omnibus?

254 4436 368 4502 γάρ
413 4435 515 4503 ὅση
560 4436 738 4505 κήπου
793 4435 1039 4505 λαχάνων
1073 4436 1206 4506 πρὸς
1240 4438 1538 4507 ἀμπελῶνα
1575 4438 1824 4510 διαφορά.

253 4526 370 4577 Καὶ
430 4526 490 4577 τὸ
543 4524 623 4577 ἔτι
682 4524 868 4596 μεῖζον
920 4527 978 4579 ὲν
1058 4526 1268 4590 τούτοις
1336 4528 1435 4581 οὐκ
1487 4529 1826 4598 ἀσυμφανές.

255 4615 295 4666 Γ
298 4616 555 4682 εγονότες
602 4617 699 4686 μὲν
747 4618 855 4686 γὰρ
904 4616 1011 4670 ὐπὸ
1056 4617 1277 4689 Χριστῷ
1320 4618 1427 4674 τῶν
1476 4620 1744 4674 Ἰουδαίων
1779 4624 1829 4673 οἱ

251 4707 449 4774 δῆμοι,
499 4706 613 4768 πῶς
645 4707 745 4759 οὐκ
776 4706 999 4775 ἔμελλον
1038 4705 1103 4759 ἂν
1145 4707 1617 4778 εὐκληματούσαις
1646 4710 1828 4778 ἀμπέ-

249 4801 405 4858 λοις,
453 4800 547 4849 καὶ
589 4800 691 4870 μὴν
740 4803 832 4855 καὶ
878 4805 1275 4872 γονιμωτάταις

246 4892 420 4948 ἔθεσί
470 4906 529 4941 τε
607 4894 696 4944 καὶ
740 4894 995 4964 τρόποις,
1042 4895 1135 4948 καὶ
1183 4896 1546 4965 μανθάνοντες

1937 4438 2193 4495 Viventes
2225 4449 2405 4494 autem
2434 4438 2831 4494 Pharisaeorum
2851 4440 3116 4495 institutis
3153 4447 3207 4493 et
3239 4436 3503 4499 moribus,

1939 4530 2318 4597 «liscentesque
2347 4530 2625 4586 doctrinas
2654 4545 2719 4585 ac
2742 4532 2997 4586 mandata
3028 4530 3331 4594 hominum,
3370 4527 3505 4582 nihil

1937 4634 2157 4686 prorsus
2212 4620 2502 4675 dissimiles
2550 4622 2735 4677 herbis
2783 4624 2951 4677 humo
2992 4618 3460 4691 propinquissimis
3488 4656 3504 4677 .

1938 4724 2058 4775 qua;
2089 4718 2141 4763 et
2171 4709 2326 4764 facile
2354 4713 2713 4766 succumbunt
2742 4722 2905 4782 atque
2940 4718 3302 4767 marcescunt.

1353 4806 1410 4855 ὲν
1456 4803 1556 4873 ῐσῳ
1597 4821 1655 4857 τε
1698 4802 1838 4856 εἶναι
1940 4804 2031 4855 καὶ
2078 4803 2398 4870 φαίνεσθαι;
2451 4805 2755 4867 Διαζῶντες
2795 4805 2852 4857 δὲ
2892 4806 3005 4865 τοῖς
3050 4802 3157 4855 τῶν
3203 4800 3509 4871 Φαρισαίων

1636 4896 2022 4958 διδασκαλίας,
2081 4895 2384 4966 ἐντάλματα
2472 4894 2806 4964 ἀνθρώπων,
2860 4892 2981 4946 κοιτ⁹
3037 4891 3229 4945 οὐδένα
3307 4891 3509 4960 τρόπον

246 4984 565 5049 διενεγκεῖν
612 4982 713 5035 τῶν
758 4983 1198 5054 χθαμαλωτάτων
1246 4985 1517 5054 λαχάνων,
1543 4985 1578 5037 ἂ
1613 4987 1705 5038 καὶ
1744 4985 1867 5039 λίαν
1903 4986 2138 5048 εὐκόλως
2206 4988 2393 5038 πίπτει
2432 4985 2527 5036 καὶ
2563 4982 2902 5053 μαραίνεται.

324 5076 542 5131 Οὐκοῦν
579 5078 853 5148 ἐγλίχοντο
880 5080 977 5148 μὲν
1005 5080 1054 5130 oi
1074 5079 1180 5131 τῶν
1224 5079 1493 5131 Ἰουδαίων
1523 5078 1833 5149 καθηγηταί

254 5171 347 5220 τὶν
380 5168 676 5237 ἀμπελῶνα
707 5169 946 5239 Χριστοῦ
978 5169 1175 5240 κλῆρον
1209 5168 1339 5222 ἴδιον
1394 5169 1557 5238 ἔχειν,
1608 5170 1702 5221 καὶ
1755 5172 1835 5231 είς

2012 5080 2270 5144 Quocirca
2296 5080 2618 5146 appetebant
2641 5077 2855 5147 quidem
2893 5076 3202 5133 Judaeorum
3238 5078 3508 5147 primores

1939 5173 2147 5224 vincam
2176 5168 2396 5233 Christi,
2430 5178 2487 5221 ut
2512 5180 2715 5224 sortem
2760 5169 3057 5240 propriam,
3086 5178 3142 5225 et
3182 5169 3237 5223 in
3292 5171 3506 5224 hortum

252 5262 433 5329 κῆπον
489 5260 770 5328 λαχανίας’
823 5261 937 5313 ἀλλ’
991 5262 1089 5313 οὐκ
1141 5261 1355 5314 ἔπειθον
1403 5260 1830 5330 καταπροδοῦναι

1938 5262 2187 5315 olerum:
2227 5276 2411 5314 verum
2456 5262 2781 5331 persuadere
2818 5263 2892 5316 illi
2940 5277 3044 5317 non
3101 5270 3414 5329 potuerunt,
3451 5266 3507 5310 ut

252 5354 409 5421 σφίσι
438 5352 530 5403 τὸν
550 5352 644 5404 τοῦ
676 5352 893 5422 Πατρός
921 5352 1241 5421 ἀμπελῶνα.
1288 5348 1441 5417 Εἶτα,
1471 5353 1525 5405 τί
1574 5353 1830 5421 δέδρακεν

1940 5352 2113 5406 Patris
2138 5353 2217 5405 sui
2242 5352 2452 5407 vineam
2490 5354 2619 5424 ipsis
2641 5357 2910 5423 proderet.
2936 5353 3077 5421 Quid
3106 5352 3299 5407 deinde
3312 5346 3506 5414 occipit

326 5541 375 5571 "
409 5553 505 5604 ista.
543 5548 762 5613 νιι,1ιί;
798 5548 985 5600 Matth.
1023 5565 1058 5613 ι,
1084 5549 1171 5602 9.3.

251 5616 294 5649 "
335 5621 437 5674 lsa.
479 5636 525 5679 ν,
570 5622 611 5674 1.

498 5717 777 5776 PATRUL.
835 5714 948 5770 Gn.
994 5713 1136 5770 LX}.
1151 5713 1191 5770 1.

1252 5551 1292 5579 ‘7
1340 5551 1531 5603 llabat‘.
1566 5566 1622 5611 ll,
1662 5550 1713 5601 3.

1794 5548 1838 5578 ‘3
1873 5547 2013 5601 l’sal.
2046 5563 2210 5617 cxvn,
2236 5550 2323 5604 26.
2403 5552 2445 5585 ⁵³
2472 5552 2656 5607 Matth.
2698 5568 2768 5616 xi,
2800 5551 2854 5604 '5.

2929 5551 2975 5581 ⁷ο
2998 5548 3064 5603 lll
3091 5546 3224 5611 Reg.
3265 5550 3383 5603 ut,
3416 5536 3504 5596 15.

3080 5710 3114 5759 2
