4002 6220
450 365 523 424 43
1471 343 1528 397 S.
1569 337 1844 397 CYRILLI
1884 327 2349 390 ALEXANDRINI
2390 325 2711 382 ARCIIIEP.
3629 326 3698 380 ,η

454 487 563 542 Deo
585 494 745 541 exosa
776 473 1130 539 Jezahel,hoe
1153 475 1254 530 est,
1295 463 1537 535 gregaria
1562 459 1863 518 multitudo.
1893 457 2020 511 sub-

2139 446 2439 518 ήθεομισὴς
2487 443 2753 509 Ἰεξάΰελ;
2790 442 3084 503 τουτέστιν,
3130 441 3160 509 ή
3210 438 3441 501 ἀγελαία
3471 438 3697 509 πληθὺς.

455 581 565 633 dita
600 571 956 646 principibus,
995 567 1179 629 idest,
1211 555 1530 630 Synagoga?
1568 553 1700 608 Cum
1725 550 2024 622 principum

454 640 692 737 nequitia
715 640 913 716 et—dolo
937 656 1274 725 conSpirans,
1326 649 1524 718 justum
1547 657 1601 700 et
1625 652 1868 699 sanetum
1923 640 2027 695 Na-

455 732 582 811 both
630 751 995 824 persequitur,
1029 747 1131 800 hoc
1166 751 1269 805 est,
1309 757 1328 791 ι
1370 739 1462 806 qui
1510 735 1678 798 venit,
1709 752 1728 785 ι
1761 732 2028 802 ellicitque

455 859 512 902 ut
553 823 728 902 morte
760 841 1033 895 multetur.
1063 837 1170 904 22
1216 829 1546 885 Intcrlicitur
1568 826 1708 879 enim
1748 823 2030 878 calumniis

454 937 724 1008 appetitus
757 927 1090 999 Emmanuel.
1122 926 1249 979 Eam
1285 936 1396 976 rem
1441 919 1547 972 Deo
1578 915 1745 969 visam
1775 911 2028 966 intolera-

455 1003 638 1093 bilem,
671 1027 877 1094 liquere
909 1029 1085 1091 potest
1118 1016 1261 1078 inde,
1292 1011 1432 1083 quod
1463 1009 1614 1065 Oscm
1638 1005 1912 1077 prophetae
1945 1003 2026 1056 di-

457 1123 630 1176 citur:
659 1135 676 1168 ι
706 1114 915 1170 Idcirco
955 1110 1130 1165 adhuc
1164 1105 1451 1165 modicum,
1476 1109 1528 1155 et
1564 1099 1794 1153 ulciscar
1813 1095 2029 1164 sangui-

459 1226 578 1266 nem
608 1203 818 1263 Jezrael
851 1217 1010 1270 super
1041 1199 1255 1254 domum
1279 1193 1502 1257 Juda,et
1527 1189 1806 1259 quiescere
1835 1184 2028 1238 faciam

459 1314 680 1372 regnum
706 1298 896 1351 domus
919 1289 1104 1348 Israel.
1139 1307 1158 1339 ι
1187 1284 1503 1340 Vindicatus
1528 1289 1610 1336 est
1630 1278 1868 1344 eni'm,ut
1894 1273 2027 1337 dixi,

457 1390 676 1461 sanguis
691 1384 892 1443 Christi
920 1397 986 1438 ex
1015 1390 1123 1436 toto
1146 1371 1612 1440 Israel.Qu0niam
1643 1383 1772 1424 vero
1791 1376 2030 1435 tempore

459 1455 587 1546 illo:
603 1497 707 1552 quo
730 1482 912 1536 datum
951 1484 1034 1531 est
1075 1475 1174 1528 hoc
1204 1465 1536 1528 vaticinium,
1575 1461 1824 1517 distincte
1848 1455 2029 1510 nomi—

460 1547 746 1639 nabantur,
777 1570 941 1626 .ludas
961 1565 1172 1636 quidem
1193 1562 1280 1630 qui
1316 1564 1628 1613 manserant
1659 1547 2028 1619 Jerosolymis,

461 1667 624 1724 Israel
649 1673 826 1719 autem
857 1659 948 1731 qui
974 1665 1127 1711 erant
1157 1653 1210 1706 in
1240 1649 1524 1706 Samaria:
1551 1656 1608 1699 ut
1633 1642 1883 1698 Israelem
1912 1638 2025 1692 uni-

2132 541 2164 610 ἡ
2198 539 2303 591 ὑπὸ
2327 540 2484 607 χεῖρα
2508 537 2615 588 τῶν
2633 534 2973 603 ἡγουμένων,
3000 534 3163 601 ἦγουν
3186 531 3215 599 ἡ
3242 527 3560 598 Συναγωγὴ,
3584 533 3703 592 ταῖς

2129 631 2238 683 τῶν
2267 628 2584 700 ἡγουμένων
2615 623 3015 695 συνδραμοῦσα,
3077 621 3187 693 [ἵσ.
3214 619 3559 691 κακονοίαις]
3610 620 3706 672 καὶ

2129 719 2282 790 δόλῳ.
2317 718 2541 772 Μέτεισι
2564 715 2654 768 τὸν
2683 713 2907 777 δίκαιον,
2932 712 3022 764 τὸν
3054 711 3198 763 ὅσιον
3215 708 3514 772 Ναϐουθαὶ,
3545 725 3704 760 τουτ-

2130 810 2263 874 ἐστι,
2308 828 2324 860 ι
2374 807 2468 861 τὸν
2535 807 2848 876 ἐρχόμενον,
2887 821 2904 853 ι
2957 801 3053 854 καὶ
3101 800 3166 870 δὴ
3213 801 3306 852 καὶ
3352 799 3703 869 ἀναιρεθῆναι

2131 899 2564 972 παρεσκεύασεν.
2614 894 2907 964 ’Λνῄρηται
2963 893 3070 961 γὰρ
3125 888 3624 958 συκοφαντούμενος
3675 891 3704 941 ὀ

2141 989 2506 1062 Ἐμμανουήλ.
2554 986 2690 1039 Ἀλλ’
2719 988 2801 1038 ὅτι
2867 983 2940 1055 μὴ
2983 981 3204 1035 ἀνεκτὸν
3247 980 3309 1033 τὸ
3351 980 3535 1049 χρῆμα
3563 979 3703 1044 Θεῷ,

2132 1083 2297 1152 σαφὲς
2320 1081 2383 1136 ἂν
2412 1082 2621 1149 γένοιτο
2667 1077 2745 1147 τῷ
2791 1075 3045 1144 λέγεσθαι
3103 1071 3181 1143 τῷ
3227 1072 3480 1141 προφήτῃ
3521 1068 3701 1138 Ὡσηέ·

2133 1194 2152 1227 ι
2196 1174 2340 1226 Διότι
2369 1171 2448 1224 ἔτι
2487 1169 2700 1240 μικρὸν,
2736 1167 2831 1220 καὶ
2891 1163 3162 1233 ἐκδικήσω
3195 1162 3254 1214 τὸ
3287 1159 3422 1231 αἷμα
3451 1160 3544 1212 τοῦ
3581 1158 3704 1221 Ἰεζ-

2132 1266 2261 1339 ραέλ
2287 1265 2379 1317 ἐπὶ
2399 1264 2490 1316 τὸν
2520 1260 2666 1315 οἷκον
2708 1257 2900 1318 Ἰούδα,
2930 1257 3023 1309 καὶ
3046 1253 3382 1308 καταπαύσω
3429 1251 3705 1322 βασιλείαν

2127 1336 2277 1410 οἴκου
2318 1351 2552 1424 Ἰσραήλ.
2589 1369 2607 1401 ›
2641 1347 3009 1415 Ἐκδεδίκηται
3037 1345 3167 1415 γὰρ,
3199 1345 3273 1406 ὡς
3297 1342 3453 1412 ἔφην,
3483 1341 3544 1393 τὸ
3570 1336 3705 1409 αἷμα

2129 1444 2364 1517 Χριστοῦ
2425 1445 2492 1497 ἐκ
2551 1440 2753 1503 παντὸς
2800 1437 3034 1508 Ἰσραήλ.
3096 1435 3310 1505 Ἐπειδὴ
3361 1436 3479 1487 κατ’
3532 1434 3706 1485 ἐκεῖνο

2131 1535 2350 1607 καιροῦ,
2389 1533 2512 1587 καθ’
2544 1533 2572 1585 ὃ
2626 1533 2719 1585 καὶ
2753 1532 2786 1600 ή
2829 1527 3135 1598 προφητεία
3192 1525 3436 1593 γέγονεν,
3485 1522 3704 1592 ὠνομά-

2131 1628 2286 1692 ζοντο
2331 1623 2696 1694 διῃρημένως,
2768 1619 2966 1680 Ἰούδας
3009 1618 3107 1687 μὲν
3135 1616 3184 1668 οί
3235 1613 3603 1686 μεμενηκότες
3649 1613 3706 1663 ἐν

461 1704 624 1724 ww...
649 1704 826 1719 νων...
899 1704 948 1712 _.
977 1704 1126 1711 --_---
1256 1704 1267 1706 _

458 1773 615 1814 verse
637 1704 944 1826 signitica‘re
976 1746 1243 1804 videatur,
1287 1739 1467 1792 dicere
1495 1733 1680 1789 debuit
1705 1733 1942 1786 ulturum
1972 1740 2030 1780 se

2139 1719 2242 1781 τοῖς
2282 1713 2699 1785 Ἰεροσολύμοις,
2753 1707 2968 1780 Ἰσραὴλ
3018 1706 3075 1759 δέ
3119 1707 3282 1758 πάλιν
3326 1706 3376 1756 οἱ
3417 1707 3474 1756 ἐν
3507 1707 3571 1772 τῇ
3599 1704 3703 1754 Σα-

2139 1825 2164 1826 ,,
2227 1807 2355 1826 ,-l-._
2392 1806 2476 1826 ιν...-
2510 1804 2563 1826 -1
2600 1806 2658 1826 ι--
2699 1800 2899 1826 -....-λ-
2937 1798 3144 1826 ἐριιηὶ-’λ
3179 1797 3351 1826 λικιὟιι-ο.
3388 1795 3669 1826 -..λειπόμεναι

461 1795 774 1919 sanguian
799 1837 1005 1896 chrael
1027 1851 1092 1891 ex
1120 1835 1277 1888 domo
1303 1828 1529 1891 Juda,et
1555 1823 1714 1879 linem
1745 1819 2026 1890 impositu—

2139 1807 2356 1878 μαρείᾳ·
2392 1806 2480 1858 ἵνα
2508 1804 2568 1855 τὸ
2597 1806 2660 1855 ἐκ
2697 1800 2899 1862 παντὸς
2937 1798 3152 1868 Ἰσραὴλ
3179 1797 3352 1868 ὁρῷτο
3387 1795 3702 1866 σημαίνειν,

2139 1904 2295 1919 -ι..
2332 1894 2640 1919 ι.....-.--..ι..-
2721 1882 3026 1919 sumus”...
3072 1889 3131 1919 ,λ
3182 1883 3314 1919 κτ..-
3365 1876 3591 1919 ’πείνη-,ἐπ
3642 1886 3702 1919 εν

462 1894 591 1996 run;3
626 1947 791 2006 regno
828 1932 1017 1988 domus
1059 1921 1245 1980 Israel.
1283 1918 1398 1973 Iloc
1445 1917 1572 1971 item
1616 1912 1826 1967 divinus
1863 1906 2028 1963 Iacob

2139 1904 2299 1968 φησὶν
2326 1894 2660 1963 ἀναγκαίως,

461 2035 585 2086 ante
629 1999 914 2097 expressit,
957 2019 1040 2075 his
1082 2014 1344 2069 verbisu
1373 2007 1489 2063 Non
1531 2004 1744 2060 deﬁciet
1782 1999 2030 2070 princeps

461 2139 528 2181 ex
557 2089 717 2186 Iuda;
738 2126 794 2173 et
837 2116 942 2170 dux
981 2113 1047 2165 de
1096 2107 1300 2163 femore
1343 2101 1480 2168 ejus,
1511 2097 1684 2152 donec
1723 2093 1905 2148 veniat
1947 2089 2029 2144 cui

462 2182 756 2285 repositum
783 2217 903 2274 est;
935 2213 989 2262 et
1011 2203 1128 2272 ipse
1158 2195 1492 2268 exspectatio
1520 2189 1759 2262 gentium
1794 2187 1862 2238 τ’.
1885 2203 1902 2236 ι
1933 2182 2030 2240 Ubi

463 2276 606 2362 enim
631 2296 952 2357 Emmanuel
973 2291 1164 2358 illuxit,
1186 2298 1331 2352 tunc,
1365 2294 1511 2351 tunc,
1538 2281 1782 2349 inquam,
1815 2276 1976 2330 etiam
2002 2287 2034 2327 e

467 2395 644 2451 medio
673 2389 940 2448 sublatum
976 2393 1060 2440 est
1097 2393 1320 2450 regnum
1359 2373 1540 2436 Israel.
1575 2371 1762 2441 Itaque
1797 2367 2034 2422 llerodes

463 2483 731 2556 Antipatri
758 2482 899 2536 [ilius
917 2475 1281 2537 Ascalonites,
1306 2471 1501 2526 Iudaea:
1515 2464 1734 2521 Christo
1753 2471 1878 2556 nato
1894 2473 2032 2528 prze—

465 2549 944 2633 l‘uitiContriturus
961 2567 1125 2624 etiam
1153 2565 1327 2634 ipsum
1347 2575 1531 2616 arcum
1555 2555 1718 2612 Israel
1741 2554 1793 2608 in
1821 2549 1909 2606 illa
1927 2551 2033 2614 die,

466 2672 567 2723 hoc
609 2674 712 2730 est,
749 2663 842 2718 illo
886 2668 1127 2727 tempore
1188 2650 1542 2724 promittitur.
1602 2665 1620 2697 ι
1651 2647 1846 2699 Arcum
1889 2640 2034 2692 enim

466 2759 686 2815 fortium
731 2750 1026 2808 intirmavit
1079 2747 1150 2812 ",
1183 2764 1201 2797 ι
1254 2754 1312 2798 ut
1341 2741 1602 2810 scriptum
1655 2745 1778 2802 est;
1825 2731 2035 2786 tametsi

467 2847 866 2904 Emmanuelem
921 2857 981 2898 se
1030 2841 1348 2896 subacturos
1400 2832 1858 2887 exiStimaverant.
1923 2841 1941 2873 ι
1973 2821 2039 2876 Ει

468 2938 807 2993 inimicorum
832 2932 1049 3003 quidem
1076 2926 1237 2999 gladii
1273 2923 1588 2980 defecerunt
1626 2919 1679 2973 in
1725 2916 1883 2970 linem
1915 2912 1981 2976 ⁷⁸,
2013 2932 2032 2964 ι

467 3036 520 3081 et
565 3002 884 3080 dissolutum
918 3029 1006 3075 est
1043 3016 1210 3072 robur
1245 3013 1591 3068 brachiorum
1637 3009 1892 3077 ipsorum.
1922 3002 2037 3058 Non

468 3110 613 3174 enim
647 3117 892 3170 vicerunt
921 3111 1206 3166 invictum.
1239 3102 1645 3171 Quodammodo
1672 3111 1850 3153 autem
1877 3095 2036 3166 spiri-

435 3212 437 3215 ’
471 3213 627 3270 tualis
659 3205 1112 3266 considerationis
1142 3199 1566 3273 prorundi‘t'atem
1590 3210 1814 3266 parans,
1843 3193 1906 3247 ad
1963 3191 2037 3245 hi-
2065 3191 2109 3248 C

470 3307 667 3362 storice
683 3305 838 3372 gesta
863 3315 984 3355 mox
1013 3295 1307 3358 descendit,
1336 3291 1390 3348 et
1423 3291 1530 3346 ait:
1560 3310 1577 3342 ι
1598 3289 1730 3356 Quia
1763 3295 2038 3342 conteram

471 3412 653 3452 arcum
688 3392 854 3449 Israel
892 3392 949 3446 in
985 3385 1120 3443 valle
1148 3383 1380 3442 Je‘zrael.
1410 3401 1429 3435 ›
1459 3381 1533 3437 lbi
1569 3380 1838 3451 siquidem
1875 3376 2042 3431 Azael

472 3487 647 3561 Syriae
677 3502 772 3541 rex
807 3483 1056 3541 Israelem
1085 3479 1275 3535 contra
1304 3474 1486 3546 capias
1515 3475 1834 3528 educentem
1867 3469 2044 3524 debel-

473 3581 619 3634 lavit.
647 3579 712 3633 Et
740 3579 866 3647 quia
886 3572 1184 3630 cenveuire
1215 3569 1421 3641 judico,
1446 3583 1474 3621 a
1512 3565 1773 3636 praecipua
1806 3573 1858 3618 et
1881 3563 2039 3632 spiri-

475 3671 604 3726 tuali
645 3667 1101 3727 commentatione
1132 3661 1440 3717 sermonem
1467 3675 1568 3714 non
1596 3658 1882 3722 abducere,
1913 3656 2040 3708 illud

479 3763 587 3829 aio,
621 3758 755 3815 nihil
796 3772 917 3812 csse
955 3755 1302 3819 incommodi,
1337 3768 1455 3807 mea
1497 3750 1783 3815 sententia,
1820 3747 2039 3815 intelligi

475 3870 567 3924 per
609 3850 798 3905 vallem
848 3846 1056 3902 J'ezrael
1109 3845 1252 3914 (hoc
1308 3853 1425 3904 est,
1478 3841 1701 3896 seminis
1757 3839 1883 3904 Dei,
1932 3839 2044 3892 sive

473 3943 696 4013 Christi)
730 3948 1130 4015 monumentum
1160 3939 1210 3990 in
1247 3939 1426 3996 horto,
1465 3937 1513 3988 in
1558 3949 1665 4002 quo
1693 3943 1744 3988 ct
1796 3944 2041 3984 resurre-

474 4040 582 4094 ctio
612 4035 914 4107 passiOnem
937 4040 1251 4092 censecuta,
1293 4030 1358 4082 de
1390 4027 1533 4080 oxnni
1565 4038 1761 4094 genere
1781 4024 2042 4076 malormn

474 4129 774 4184 facinorum
823 4139 850 4178 a
885 4122 1082 4178 Iudaeis
1123 4132 1495 4188 susceptorum
1543 4114 1911 4185 triumphavit.
1941 4111 2044 4166 Per

479 4219 927 4277 resurrectionem
955 4217 1218 4286 siquidem
1248 4221 1699 4282 eurumprava,et
1724 4209 1829 4262 Deo
1859 4222 2042 4272 exosa,

473 4323 529 4369 et
554 4323 774 4368 cruenta
809 4309 1030 4365 consilia
1064 4305 1128 4362 ad
1149 4305 1371 4360 nihilum
1401 4301 2044 4368 reciderunt.Sperabant

473 4407 614 4461 enim
632 4419 690 4458 se
707 4417 863 4472 posse
885 4417 916 4455 ο
939 4401 1110 4454 medio
1133 4399 1320 4451 tollere
1361 4396 1571 4459 Filium,
1587 4392 1817 4446 utetiam
1830 4390 2042 4444 vineam

474 4497 589 4564 ejus
639 4495 740 4548 sibi
774 4494 1048 4564 propriam
1083 4499 1281 4545 sortem
1317 4487 1595 4541 haberent.
1628 4483 1733 4538 Sed
1781 4484 1832 4536 in
1869 4481 2044 4550 sepul-

473 4603 568 4642 cro
616 4585 908 4640 collocatus
956 4581 1169 4644 revixit,
1215 4587 1269 4631 et
1320 4577 1607 4631 meditatas
1644 4576 1878 4644 ipsorum
1915 4575 2046 4627 iusi-

475 4679 589 4731 dias
635 4675 935 4730 inetIicaces
993 4672 1246 4734 reddidit,
1300 4678 1351 4722 ct
1395 4668 1546 4737 quasi
1597 4681 1754 4720 arcus
1797 4667 2047 4720 contriv.t

475 4785 567 4836 per
594 4770 667 4835 id,
699 4769 839 4836 quod
870 4765 1101 4833 amplius
1133 4763 1240 4831 pati
1268 4761 1399 4814 nihil
1433 4768 1630 4827 potest.
1672 4756 1735 4810 Et
1761 4757 1905 4824 ipsos
1925 4755 2046 4826 qui-

477 4861 597 4915 dem
626 4876 656 4914 e
685 4861 860 4923 vinea,
898 4869 957 4912 ut
1000 4856 1110 4911 Deo
1138 4854 1499 4916 detestandos,
1533 4850 1637 4920 23
1680 4859 1733 4904 et
1765 4849 2044 4914 sceiestos,

475 4965 528 5006 et
553 4953 762 5006 Domini
801 4949 1177 5006 interfectores
1203 4945 1386 5015 elicit,
1428 4955 1660 5010 eamque
1691 4940 1809 4994 aliis
1839 4939 2046 5009 agrico-

477 5045 566 5107 lis,
595 5041 813 5096 bonisel
835 5043 1028 5110 gratis,
1072 5050 1127 5094 et
1166 5038 1344 5108 Operis
1388 5033 1616 5088 faciendi
1660 5029 2043 5100 cupidissimis,

469 5134 621 5201 juxta
660 5130 968 5199 parabolam
1003 5127 1362 5197 evangelicum
1387 5125 1474 5190 7"",
1509 5125 1667 5178 locat.

2719 1882 3026 1960 ἐκδικήσειν
3072 1889 3132 1941 τὸ
3179 1883 3317 1957 αἷμα
3365 1876 3600 1958 Ἰεζραέλ
3642 1886 3706 1938 ἐκ

2129 1988 2227 2044 τοῦ
2259 1987 2407 2040 οἴκου
2444 1985 2639 2047 Ἰούδα,
2690 1979 3062 2036 καταπαύσειν
3103 1978 3279 2031 δὲκαὶ
3310 1977 3407 2047 τὴν
3435 1976 3706 2046 βασιλείαν

2129 2079 2224 2134 τοῦ
2251 2077 2400 2131 οίκου
2459 2072 2704 2145 Ἰσραήλ.
2759 2071 2928 2123 Τοῦτο
2970 2069 3065 2121 καὶ
3107 2070 3135 2121 ὁ
3191 2066 3476 2129 Θεσπέσιος
3513 2065 3707 2119 Ἰακιὶιὸ

2133 2167 2689 2239 προκαταμεμήνυκε,
2720 2161 2924 2227 λέγων’
2965 2175 2983 2209 ι
3010 2156 3125 2210 Οὑκ
3157 2155 3396 2222 ἐκλείψει
3425 2154 3608 2224 ἄρχων
3649 2154 3706 2220 ἐξ

2145 2257 2336 2322 Ἰούδα,
2365 2256 2459 2310 καὶ
2491 2253 2789 2326 ἡγούμενος
2813 2252 2877 2302 ἐκ
2905 2248 3014 2302 τῶν
3057 2245 3245 2317 μηρῶν
3301 2244 3486 2306 αὑτοῦ,
3506 2246 3609 2307 ἐως
3641 2242 3708 2298 ἂν

2134 2349 2262 2421 ἔλθῃ
2387 2347 2698 2402 ἀπόκειται·
2757 2342 2850 2395 καὶ
2896 2341 3054 2404 αὐτὸς
3115 2337 3411 2409 προσδοκία
3457 2335 3643 2390 ἐθνῶν.
3683 2353 3702 2386 ι

2147 2437 2583 2509 Ἐπιλάμψαντος
2614 2435 2724 2506 γὰρ
2754 2435 2886 2504 ἡμῖν
2933 2433 3027 2485 τοῦ
3073 2428 3450 2500 Ἐμμανουήλ,
3477 2427 3597 2481 τότε
3643 2425 3708 2498 δὴ

2135 2530 2255 2585 τότε
2289 2528 2383 2582 καὶ
2413 2531 2477 2581 ἐκ
2519 2527 2685 2597 μέσου
2715 2525 2937 2592 γέγονεν
2983 2524 3017 2593 ἡ
3051 2521 3296 2592 βασιλεία
3325 2521 3432 2572 τῶν
3471 2517 3705 2588 Ἰσραήλ.

2135 2619 2248 2674 Καὶ
2284 2617 2416 2687 γοῦν
2443 2615 2690 2688 Ἡρώδης
2717 2613 3074 2683 Ἀντιπάτρου
3100 2615 3249 2678 παῖς,
3287 2609 3706 2675 Ἀσκαλωνίτης,

2136 2710 2232 2779 τῆς
2269 2708 2534 2762 Ἰουδαίων
2567 2709 2754 2776 ἠγεῖτο
2789 2704 2995 2774 χώρας,
3019 2701 3416 2772 γεγεννημένου
3439 2696 3701 2766 Χριστοῦ.

2139 2803 2453 2873 Συντρίψειν
2498 2803 2554 2854 δὲ
2621 2801 2716 2854 καὶ
2767 2799 2899 2853 αὐτὸ
2943 2798 3004 2851 τὸ
3048 2795 3200 2860 τόξον
3224 2794 3316 2847 τοῦ
3376 2790 3591 2863 Ἰσραὴλ
3646 2793 3703 2844 ἐν

2138 2891 2319 2963 ἐκείνῃ
2351 2894 2414 2962 τῇ
2446 2891 2648 2963 ἡμέρᾳ,
2705 2889 3224 2957 κατεπαγγέλλεται,
3283 2883 3551 2945 τουτέστι,
3586 2883 3706 2935 κατ’

2139 2985 2311 3036 ἐκεῖνο
2333 2983 2428 3036 τοῦ
2460 2981 2676 3052 καιροῦ.
2715 3001 2734 3034 ι
2769 2981 2933 3047 Τόξον
2961 2979 3066 3050 γὰρ
3093 2976 3330 3030 δυνατῶν
3358 2974 3644 3046 ἠσθένησε,
3685 2993 3704 3025 ι

2140 3073 2283 3128 κατὰ
2305 3073 2363 3125 τὸ
2387 3073 2793 3143 γεγραμμένον,
2813 3071 2989 3125 καίτοι
3013 3068 3306 3141 κρατήσειν
3335 3065 3710 3136 ὑπειληφότων

2139 3161 2233 3215 τοῦ
2279 3162 2644 3232 Ἐμμανουήλ.
2683 3179 2701 3212 ι
2731 3161 2839 3215 Καὶ
2887 3159 2980 3212 τοῦ
3015 3158 3112 3229 μὲν
3149 3157 3341 3229 ἐχθροῦ
3371 3156 3617 3220 ἐξέλιπον
3656 3156 3710 3206 αἱ

2147 3254 2410 3323 ρομφαῖαι
2456 3253 2535 3316 είς
2592 3253 2763 3317 τέλος,
2808 3271 2828 3304 ›
2858 3249 3082 3321 ἐξελύθη
3135 3249 3189 3302 δὲ
3217 3247 3386 3320 νεῦρα
3419 3240 3714 3318 βραχιόνων

2143 3342 2342 3394 αὐτῶν.
2385 3343 2461 3396 Οὐ
2529 3343 2637 3413 γὰρ
2691 3343 3006 3412 νενικήκασι
3051 3341 3141 3394 τὸν
3188 3338 3468 3410 ἀνίκητον.
3533 3338 3716 3390 Κατα-

2145 3435 2424 3500 σκευάςων
2466 3435 2523 3488 δὲ
2577 3435 2766 3505 ὥσπερ
2818 3435 2917 3503 τῆς
2967 3430 3344 3503 πνευματικῆς
3385 3427 3612 3498 θεωρίας
3655 3426 3718 3479 τὸ

2148 3526 2305 3597 βαθὺ,
2339 3527 2582 3579 κάτεισιν
2610 3525 2770 3588 εὐθὺς
2803 3525 2893 3578 ἐπὶ
2924 3525 2990 3578 τὰ
3017 3522 3304 3594 ἱστορικῶς
3335 3519 3714 3591 πεπραγμένα,

2142 3620 2342 3689 λέγων,
2378 3619 2460 3672 ὅτι
2525 3637 2542 3669 ι
2569 3616 2849 3688 Συντρίψω
2902 3616 2963 3669 τὸ
3006 3615 3158 3682 τόξον
3195 3613 3287 3667 τοῦ
3321 3611 3536 3682 Ἰσραὴλ
3567 3612 3623 3664 ἐν
3652 3613 3717 3681 τῇ

2150 3711 2358 3764 κοιλάδι
2389 3709 2482 3762 τοῦ
2515 3702 2768 3780 Ἰεζραέλ.
2811 3727 2828 3759 ι
2873 3705 3023 3762 Ἐκεῖ
3057 3708 3162 3777 γὰρ
3200 3705 3480 3775 νενίκηκεν
3521 3701 3721 3771 Ἀζαὴλ

2142 3805 2171 3856 ό
2202 3803 2448 3872 βασιλεὺς
2469 3803 2668 3873 Συρίας
2706 3801 3067 3870 άντεξάγοντα
3087 3799 3176 3851 τὸν
3221 3797 3453 3869 Ἰσραήλ.
3503 3794 3721 3866 Ἐπειδὴ

2144 3893 2198 3946 δέ
2223 3894 2519 3963 προσήκειν
2542 3891 2929 3959 ὑπολαμϐάνω,
2965 3891 3060 3959 τῆς
3093 3887 3395 3955 ἀναγκαίας
3432 3887 3525 3939 καὶ
3555 3903 3718 3939 πνευ-

2148 3982 2384 4052 ματικῆς
2410 3981 2644 4052 θεωρίας
2670 3982 2771 4033 οὐκ
2805 3977 3162 4049 ἀποκομίζειν
3197 3978 3287 4030 τὸν
3339 3977 3515 4044 λόγον,
3545 3975 3721 4027 ἐκεῖνό

2147 4089 2329 4143 φημι,
2359 4071 2420 4125 τὺ
2476 4071 2678 4124 λυποῦν
2713 4071 2885 4136 οὐδὲν,
2919 4070 3166 4137 καθάπερ
3220 4062 3450 4134 ἐγῷμαι,
3501 4062 3721 4115 κοιλάδα

2145 4164 2377 4217 νοεῖσθαι
2399 4162 2492 4215 τοῦ
2523 4163 2775 4231 Ἰεζραὲλ,
2799 4160 3062 4222 τουτέστι,
3087 4158 3186 4226 τῆς
3209 4157 3300 4208 τοῦ
3317 4153 3449 4205 Θεοῦ
3511 4154 3719 4221 σπορᾶς

2145 4253 2261 4322 ήτοι
2295 4253 2552 4322 Χριστοῦ,
2577 4252 2636 4303 τὸ
2680 4255 2736 4303 ἐν
2767 4251 2843 4320 τῷ
2879 4252 3038 4319 κήπῳ
3079 4251 3358 4316 μνημεῖον,
3394 4245 3450 4296 ἐν
3482 4239 3526 4311 ᾧ
3561 4244 3651 4295 καὶ
3685 4247 3718 4313 ἡ

2147 4344 2439 4406 ἀνάστασις
2471 4342 2950 4410 ἐπακολουθήσασα
2971 4340 3046 4410 τῷ
3065 4337 3245 4400 πάθει,
3263 4336 3518 4406 νενίκηκε
3546 4337 3720 4388 πάντα

2147 4434 2347 4503 τρόπον
2385 4432 2690 4487 Ἰουδαῖκῶν
2715 4430 3096 4500 τολμημάτων.
3143 4427 3372 4481 Λέλυται
3400 4426 3510 4496 γὰρ
3541 4425 3720 4479 αὐτῶν

2077 4540 2119 4594 υ
2147 4522 2232 4578 διὰ
2259 4525 2358 4595 τῆς
2385 4523 2734 4584 ἀναστάσεως
2765 4523 2832 4574 τὰ
2854 4519 3148 4590 δυστροπὰ,
3190 4517 3283 4570 καὶ
3309 4516 3594 4588 θεοστυγῆ,
3624 4517 3719 4569 καὶ

2152 4616 2410 4684 μιαιφόνα
2441 4615 2778 4684 τολμήματα.
2800 4613 2986 4683 ’ᾩοντο
3012 4611 3109 4681 μὲν
3137 4609 3243 4679 γὰρ
3264 4610 3327 4660 ἐκ
3359 4609 3523 4678 μέσου
3549 4612 3722 4682 ποιεῖν

2149 4707 2405 4760 δύνασθαι
2440 4707 2529 4759 τὸν
2574 4704 2717 4770 Υίὸν,
2755 4705 2842 4757 ἵνα
2887 4704 2980 4755 καὶ
3014 4703 3210 4772 κλῆρον
3268 4701 3397 4753 ἴδιον
3433 4700 3604 4770 ἐχοιεν
3635 4700 3726 4751 τὸν

2148 4797 2444 4866 ἀμπελῶνα
2473 4795 2657 4848 αὐτοῦ.
2697 4795 2834 4847 Ἀλλ’
2874 4796 2931 4845 ἐν
2986 4792 3235 4863 μνημείῳ
3285 4790 3482 4857 τεθεὶς,
3528 4789 3725 4843 ἀνεϐίω

2151 4888 2334 4952 πάλιν,
2369 4888 2625 4958 ἄπρακτα
2676 4887 2773 4955 τῆς
2816 4883 3038 4937 ἐκείνων
3079 4882 3372 4950 ἐπιϐουλῆς
3411 4880 3725 4948 ἀποφαίνων

2148 4978 2217 5031 τὰ
2251 4979 2561 5049 σκέμματα,
2599 4979 2692 5030 καὶ
2717 4977 2998 5048 μονονουχὶ
3025 4974 3323 5046 συντρίϐων
3350 4973 3416 5025 τά
3443 4973 3590 5036 τόξα,
3637 4971 3726 5025 διὰ

2152 5069 2245 5121 τοῦ
2284 5070 2448 5138 μηδὲν
2480 5070 2558 5121 ἐτι
2612 5068 2872 5122 δύνασθαι
2918 5067 3141 5118 παθεῖν.
3173 5063 3283 5115 Καὶ
3331 5061 3581 5113 ἐκϐάλλει
3628 5061 3728 5130 μὲν

2157 5160 2353 5224 αὐτοὺς
2385 5163 2478 5214 τοῦ
2507 5160 2828 5230 ἀμπελῶνος
2856 5158 2929 5220 ὡς
2962 5156 3255 5224 θεομισεῖς,
3292 5150 3386 5202 καὶ
3418 5152 3687 5221 πονηροὺς
3711 5193 3722 5215 ,

476 5252 566 5306 καὶ
627 5251 1028 5322 κυριοκτόνους·
1054 5249 1300 5302 ἐκδίδωσι
1345 5249 1398 5300 δὲ
1465 5247 1730 5317 γεωργοῖς
1779 5243 1986 5314 ἑτέροις
2053 5249 2234 5315 αὑτὸν,
2310 5255 2532 5320 ἀγαθοῖς
2587 5253 2678 5308 καὶ
2722 5246 3050 5316 εὐγνώμοσι,
3096 5244 3191 5295 καὶ
3246 5240 3727 5311 φιλεργεστάτοις,

476 5345 616 5402 κατὰ
639 5345 737 5414 τὴν
765 5342 858 5397 τοῦ
892 5340 1223 5408 Εὑαγγελίου
1258 5339 1592 5409 παραϐολήν.

548 5436 711 5491 Vitas.
739 5434 792 5501 6,
817 5433 871 5485 7.
907 5433 969 5486 Et
1003 5433 1236 5499 concepit
1259 5431 1451 5492 adhuc,
1487 5439 1534 5483 et
1560 5429 1753 5497 peperit
1778 5427 1968 5492 ﬁliam,
1996 5439 2044 5479 et

474 5530 611 5583 dixit
655 5529 698 5583 εἰ
731 5544 749 5581 :
785 5525 924 5581 Voca
977 5541 1162 5579 nomen
1221 5525 1334 5591 ejus
1393 5523 1609 5589 Absque
1648 5520 2041 5582 misericordia,

475 5623 598 5691 quia
632 5635 954 5690 nequaquam
982 5618 1175 5672 addant
1201 5617 1338 5670 ultra
1368 5615 1601 5668 misereri
1628 5612 1807 5665 domui
1839 5610 2043 5676 Israel;

541 5793 589 5825 "
618 5795 752 5850 Gen.
788 5812 930 5852 Xth-
968 5796 1052 5851 IO.
1127 5795 1172 5826 τ³
1211 5797 1226 5846 l
1270 5792 1400 5862 Reg.
1431 5808 1492 5855 ιι,
1523 5794 1573 5848 lt.
1651 5791 1695 5821 “
1729 5790 1870 5844 l‘sal.
1907 5805 1981 5848 ιιι,
2019 5788 2068 5839 7.

2224 5430 2334 5484 Kal
2368 5431 2704 5483 συνέλαϐεν
2727 5428 2836 5490 ἔτι,
2889 5425 2988 5477 καὶ
3027 5423 3235 5476 ἔτεκεν
3274 5418 3581 5492 θυγατέρα.
3613 5413 3708 5468 καὶ

2151 5515 2320 5572 εἶπεν
2383 5519 2575 5585 αὐτῷ·
2642 5517 2918 5571 Κάλεσον
2979 5516 3046 5567 τὸ
3119 5514 3305 5582 ὄνομα
3359 5509 3546 5574 αὐτῆς
3585 5505 3709 5558 Οὐκ

2151 5610 2465 5679 τὶλεημένη·
2537 5609 2685 5663 διότι
2745 5610 2817 5661 οὐ
2851 5607 2938 5675 μὴ
2996 5604 3322 5674 προσθήσω
3364 5603 3442 5655 ἔτι
3463 5596 3704 5664 ἐλεῆσαι

2149 5789 2218 5817 7'"
2256 5786 2443 5840 Matth.
2469 5801 2577 5848 mu,
2621 5784 2713 5837 9.3.
