4002 6220
257 297 318 357 ω
1179 282 1728 348 COMMENTARIUS
1769 285 1838 342 IN
1873 286 2109 343 ossam
2143 282 2596 345 merueram.
3429 297 3499 358 ιο

257 419 348 472 τὸν
376 411 538 470 οἷκον
575 413 845 482 Ἰσραὴλ,
875 414 1010 467 ἀλλ’
1051 412 1084 478 ἢ
1113 411 1627 480 ἀντιτασσόμενος
1659 409 1817 462 ἀντι-

1940 409 2011 460 red
2059 419 2339 461 adversam
2394 410 2708 462 adversabor
2759 411 2851 464 eis.
2893 411 3157 468 Filiorum
3196 432 3312 472 vero
3353 415 3502 474 Iuda

258 511 481 579 τάξομαι
543 508 769 572 αὐτοῖς.
827 507 973 572 Τοὺς
1009 507 1075 559 δὲ
1104 507 1276 572 υἱοὺς
1345 505 1532 559 Ἰούδα
1559 504 1819 570 ἐλεήσω,

257 603 336 656 καὶ
358 600 533 653 σώσω
561 598 784 664 αὐτοὺς
813 599 882 651 ἐν
933 598 1129 667 Κιορίῳ
1176 595 1298 662 Θεῷ
1337 595 1558 659 αὐτῶν,
1603 596 1702 649 καὶ
1755 595 1824 645 οὺ

256 694 412 746 σώσω
447 690 676 756 αὐτοὺς
714 691 783 743 ἐν
821 690 994 754 τόξῳ,
1020 690 1160 742 οὔτε
1201 689 1270 741 ἐν
1311 687 1575 756 πολέμῳ,
1598 686 1735 740 οὔτε
1759 687 1827 738 ἐν

256 786 519 853 ἅρμασιν,
560 783 700 835 οὔτε
732 782 801 834 ἐν
830 783 1055 846 ἵπποις,
1081 781 1220 833 οὔτε
1247 781 1315 833 ἐν
1337 779 1646 832 Maefen:

423 875 583 929 Μῖτὰ
627 874 691 926 τὸ
709 873 972 943 τεχθῆναι
1028 873 1118 923 τὸν
1161 871 1398 940 Ἰεζραὲλ
1433 870 1722 940 γεγένηται
1751 867 1827 937 τῷ
1862 849 1874 859 ’

255 971 487 1038 προφήτῃ
519 967 701 1036 κόριον
731 966 795 1017 ἐκ
817 965 916 1032 τῆς
957 964 1156 1033 Γὸμερ,
1195 959 1240 1030 ᾧ
1282 963 1376 1016 καὶ
1419 961 1590 1031 ὄνομα
1612 961 1826 1014 κεῖσθαι

252 1063 351 1115 δεῖν
384 1059 741 1128 προστέταχε,
794 1057 876 1116 τὸ,
907 1073 926 1106 ι
953 1055 1067 1107 Οὐκ
1103 1053 1397 1125 ἠλεημένη.
1442 1052 1720 1120 Ἐπτιρέρει
1771 1051 1826 1103 δὲ

253 1151 581 1224 παραχρῆμα
607 1149 701 1202 τοῦ
757 1147 964 1200 τοιοῦδε
1009 1149 1108 1216 τὴν
1152 1146 1450 1217 πρόφασιν,
1487 1144 1582 1196 καὶ
1617 1142 1715 1212 τὴν
1740 1142 1826 1194 αξ-

253 1245 362 1298 τίαν
395 1242 557 1304 εὐθὺς
584 1239 905 1310 καθίστησιν
945 1237 1172 1307 ἐναργῆ,
1215 1235 1470 1304 οὐδεμιᾶς
1501 1232 1580 1286 ἔτι
1615 1230 1828 1300 φειδοῦς

251 1333 637 1405 ἀξιωθήσεσθαι
682 1331 856 1399 λέγων
911 1329 1002 1382 τὸν
1047 1326 1294 1398 Ἰσραήλ·
1323 1323 1718 1393 ἀνταναστῆναι
1772 1321 1826 1375 δὲ
1852 1327 1866 1338 ‘

251 1429 426 1495 ὥσπερ
441 1426 649 1488 αὐτοῖς,
673 1423 766 1474 καὶ
800 1423 857 1473 ὲν
885 1421 1036 1485 τάξει
1067 1418 1322 1488 γενέσθαι
1345 1417 1454 1470 τῶν
1482 1418 1560 1469 ὅτι
1593 1414 1827 1486 μάλιστα

251 1514 686 1584 πολεμιωτάτων.
721 1513 815 1566 καὶ
858 1513 976 1572 ταῖς
1009 1508 1336 1578 εὐπραγίαις
1392 1505 1573 1560 αὐτῶν
1608 1505 1828 1558 ἀντιπε-

256 1607 455 1662 σεῖσθαι
493 1603 778 1675 γεννικῶς,
811 1603 887 1666 ὡς
916 1604 994 1665 εἰς
1041 1600 1280 1670 ἐσχάτην
1314 1599 1508 1660 αὐτοὺς
1537 1596 1828 1665 ἀθλιότητα

256 1695 700 1757 κατολισθαίνειν,
761 1693 857 1746 καὶ
913 1692 1196 1745 δύσοιστον
1257 1689 1474 1760 άληθῶς
1533 1687 1826 1754 ἀνατλῆναι

1931 498 2231 562 miserebor,
2254 509 2300 551 et
2337 501 2548 554 salvabo
2577 518 2664 556 eos
2689 503 2743 557 in
2770 503 2992 559 Domino
3021 507 3129 562 Deo
3161 527 3279 577 sua,
3311 521 3358 565 et
3399 529 3504 568 non

1929 590 2137 644 salmbo
2171 606 2255 641 eas
2289 591 2340 640 iu
2375 606 2527 659 arcu,
2553 609 2712 663 neque
2755 594 2806 648 in
2845 595 3044 663 gladio,
3065 615 3234 669 mque
3264 601 3317 654 in
3346 602 3500 666 bello,

1928 697 2090 749 neque
2130 681 2183 732 in
2215 681 2477 746 curribus,
2525 698 2688 753 neque
2724 685 2778 738 in
2823 688 2989 754 equis,
3039 703 3199 758 neque
3229 689 3283 742 in
3313 692 3504 760 equiti-

1929 771 2042 823 bus.

2001 861 2063 917 V.
2103 863 2226 918 Post
2247 875 2430 919 natum
2461 863 2693 933 Jezrael,
2712 877 2835 922 nata
2861 876 2943 923 est
2969 869 3247 939 prophetae
3273 864 3506 940 p'nellnla

1929 970 1992 1009 ex
2013 955 2235 1020 Gomer,
2254 957 2338 1011 cui
2358 966 2410 1012 et
2428 958 2789 1025 nomenjussit
2810 960 3033 1030 imponi.
3053 961 3506 1028 videlicet,«Abs'-

1928 1061 2033 1117 que
2057 1047 2446 1103 misericordia.
2481 1067 2499 1101 ι
2536 1048 2796 1120 Adjungit
2825 1051 3005 1105 statim
3051 1053 3417 1119 occasionem,
3455 1063 3511 1109 et

1929 1153 2146 1194 causam
2176 1139 2319 1194 illico
2349 1139 2495 1194 clare
2526 1140 2719 1209 aperit,
2745 1141 2953 1206 dicens,
2980 1141 3122 1196 nulla
3155 1142 3390 1212 amplius
3427 1158 3512 1198 vc-

1930 1233 2017 1287 nia
2043 1247 2102 1286 se
2130 1232 2292 1287 lsrael
2326 1232 2671 1302 dignaturum
2700 1273 2716 1297 ,
2756 1233 2848 1288 sed
2881 1233 3034 1303 quasi
3067 1243 3255 1288 contra
3301 1248 3396 1290 eos
3429 1236 3514 1290 in-

1929 1334 2322 1388 surrecturum,
2361 1334 2414 1377 et
2466 1324 2585 1380 loco
2630 1321 2978 1380 infensissimi
3033 1325 3206 1380 hostis
3246 1325 3511 1390 futurum,

1930 1417 2280 1486 ipsorumque
2317 1415 2563 1471 felicitati
2602 1417 2832 1470 viriliter
2873 1419 3316 1482 adversaturum,
3349 1428 3410 1471 ut
3459 1417 3510 1470 in

1929 1518 2228 1563 extremam
2277 1508 2552 1564 miseriam
2610 1509 3040 1578 praecipitentur,
3078 1517 3130 1564 et
3158 1523 3288 1564 vere
3317 1508 3512 1564 intole-

1933 1601 2155 1655 randam
2210 1602 2575 1657 calamitatem
2626 1602 2927 1674 perferant.
2990 1606 3100 1660 Deo
3146 1606 3349 1676 quippe
3383 1602 3514 1659 resi-

1931 1701 2132 1756 stente,
2165 1691 2379 1747 alllictis
2428 1707 2693 1762 nusquam
2716 1693 3040 1763 relinquitur
3085 1696 3367 1751 auxilium.
3404 1714 3424 1748 ι
3455 1694 3512 1750 Si

254 1789 552 1859 συμφοράν.
582 1786 718 1840 Θεοῦ
770 1787 876 1856 γὰρ
928 1782 1346 1854 ἀνθεστηκότος,
1407 1778 1704 1849 οὐδαμόθεν
1756 1777 1822 1832 ἂν

1940 1783 2069 1836 anim
2112 1783 2372 1838 clauserit
2405 1793 2594 1839 contra
2647 1785 2946 1851 hominem,
2977 1786 3098 1855 quis
3131 1787 3341 1856 aperiet
3369 1787 3458 1840 "1
3485 1805 3506 1838 ι

249 1884 458 1951 τένοιτο
489 1879 604 1942 τοῖς
645 1877 910 1933 παθοῦσιν
939 1879 971 1946 ἡ
1033 1875 1238 1945 δνησις.
1287 1893 1306 1924 ι
1343 1872 1470 1925 Ἐάν
1497 1871 1604 1943 γὰρ
1632 1869 1824 1941 κλείσῃ

248 1975 387 2030 κατά
405 1972 720 2043 ἀνθρώπου,
756 1971 841 2033 τίς
872 1969 1104 2034 ἀνοίξει;
1142 1987 1158 2018 ι
1193 1967 1375 2037 φησίν.
1412 1965 1522 2018 Καὶ
1605 1979 1768 2032 φησιν
1797 1964 1826 2015 ὁ

247 2065 554 2138 προφήτης,
583 2081 602 2114 ι
636 2062 747 2134 Τὴν
768 2063 925 2132 χεῖρα
940 2060 1037 2131 τὴν
1061 2059 1290 2129 ὑψηλὴν,
1320 2056 1403 2119 τίς
1420 2051 1752 2124 ἀποστρέψει
1773 2069 1820 2116 ;ι

244 2160 280 2230 ἢ
308 2160 390 2221 τίς
421 2156 637 2226 ἐλεήσει
675 2153 768 2208 τὺν
817 2153 908 2206 διὰ
940 2152 1042 2222 τῆς
1074 2150 1279 2206 ἄνωθεν
1331 2148 1513 2219 ψήφου
1546 2144 1827 2200 καταδεδιο

245 2249 518 2320 κασμένον
545 2265 560 2311 ;
594 2247 780 2302 Πάντα
808 2246 919 2316 γάρ
967 2246 1081 2306 τοῖς
1135 2242 1301 2306 θείοις
1343 2241 1535 2294 ἕπεται
1563 2238 1793 2308 νεύμασι
1813 2274 1827 2302 ,

246 2345 340 2395 καὶ
385 2343 526 2412 ὅπερ
569 2340 639 2393 ἂν
687 2338 864 2392 ἕλοιτο
923 2333 1224 2408 κατορθοῦν
1260 2335 1290 2387 δ
1336 2333 1634 2401 Δεσπότης,
1675 2329 1829 2382 τοῦτο

245 2435 514 2505 ἀμελλητὶ
590 2433 770 2500 πάντη
826 2447 887 2483 τε
947 2429 1041 2482 καὶ
1119 2427 1336 2488 πάντως
1386 2419 1791 2493 διαπεραίνεται
1811 2459 1826 2483 ,

247 2524 724 2597 συνεργαξομένης
746 2521 896 2591 αὐτῷ
922 2520 1026 2586 τῆς
1043 2518 1292 2578 κτίσεως,
1316 2517 1411 2568 καὶ
1432 2516 1552 2574 ταῖς
1571 2509 1666 2564 τοῦ
1695 2526 1832 2579 κρα-

246 2617 473 2680 τοῦντος
525 2611 931 2682 ἀκολουθούσης
959 2611 1179 2681 ψήφοις.
1217 2605 1374 2660 Οὐτω
1415 2603 1708 2657 κεκόλακεν
1740 2601 1832 2652 Αί-

247 2707 533 2776 γυπτίους,
557 2702 1146 2776 μεταστοικειουμένων
1173 2699 1280 2752 τῶν
1325 2695 1534 2750 ὑδάτων
1563 2696 1641 2757 εἰς
1669 2687 1829 2763 αἷμα,

249 2801 343 2852 καὶ
374 2798 476 2868 τῆς
513 2797 745 2868 αἱθάλης
768 2797 847 2858 εἰς
872 2795 1128 2854 σκνῖπας,
1153 2791 1246 2843 καὶ
1293 2788 1569 2858 ἀφορήτου
1592 2782 1832 2855 χαλάζης

249 2890 407 2945 καθιε
417 2890 613 2960 μένης,
659 2886 872 2960 μακροῦ
901 2885 957 2938 δὲ
987 2884 1081 2938 καὶ
1102 2883 1402 2953 τριημέρου
1429 2877 1831 2948 καταχεομὲνου

249 2982 500 3046 σκότους,
521 2981 618 3034 καὶ
645 2979 756 3033 τῶν
778 2977 952 3032 ἄλλων
979 2976 1232 3030 ἁπάντων
1259 2973 1442 3035 αὐτοῖς
1467 2968 1834 3038 ἐπενηνεγμέ-

247 3091 379 3127 νων.
416 3071 628 3125 Οὐκοῦν
643 3070 817 3141 ὖνομα
835 3069 914 3138 τῷ
929 3067 1119 3138 κορίῳ,
1149 3068 1211 3118 τὸ
1231 3065 1343 3117 Οὐκ
1369 3061 1664 3132 ἡλεημένη,
1698 3075 1832 3130 χρηο

1926 1875 2120 1944 inquit.
2154 1875 2217 1929 Et
2257 1886 2315 1930 ut
2345 1879 2419 1930 ait
2449 1876 2590 1932 idem
2622 1877 2880 1946 propheta
2903 1894 2956 1932 τι
2984 1876 3202 1931 Manum
3236 1876 3509 1932 excelsam

1927 1969 2049 2037 quis
2079 1978 2289 2023 avertet
2314 1969 2400 2022 τη
2437 1987 2455 2021 ι
2483 1978 2574 2022 aut
2607 1969 2813 2024 ccelesti
2853 1969 3124 2024 sententia
3165 1969 3512 2024 condemnati

1927 2059 2051 2128 quis
2077 2061 2462 2115 miserebitur?
2496 2059 2687 2116 Omnia
2715 2061 2914 2130 quippe
2940 2070 3124 2115 nutum
3157 2061 3396 2116 divinum
3425 2074 3513 2116 εε-

1928 2161 2260 2222 quuntur,et
2292 2166 2411 2220 qua:
2448 2151 2711 2207 Dominus
2733 2151 2838 2206 rite
2866 2152 3050 2208 facere
3075 2151 3326 2218 voluerit,
3351 2151 3402 2208 id
3427 2152 3512 2208 ci-

1930 2255 2011 2299 tra
2059 2259 2262 2298 moram
2303 2243 2628 2300 omnimodis
2652 2245 2955 2314 perﬁcitur,
3006 2254 3259 2301 creatura
3301 2244 3376 2300 illi
3419 2259 3514 2302 co.

1928 2344 2207 2403 operante.
2229 2344 2282 2390 et
2297 2337 2630 2390 dominantis
2665 2335 3044 2391 auctoritatem
3073 2336 3390 2392 comitante.
3419 2335 3514 2392 Sic

1931 2426 2140 2495 punivit
2165 2425 2474 2499 Egyptios,
2505 2430 2662 2499 aquis
2685 2431 2739 2484 iu
2762 2431 3103 2501 sanguinem,
3129 2438 3184 2484 et
3213 2431 3394 2486 cinere
3418 2442 3515 2486 seu

1932 2520 2151 2588 pulvere
2175 2520 2228 2572 in
2264 2521 2509 2589 ciniphes
2526 2523 2894 2587 commutatis,
2921 2531 2976 2577 et
3005 2521 3211 2592 deiecta
3249 2523 3515 2592 grandine

1933 2611 2202 2672 horribili.
2232 2613 2622 2680 propemodum
2658 2614 2820 2666 etiam
2846 2613 3116 2668 triduanis
3143 2613 3380 2668 tenebris
3413 2613 3516 2668 (ιιι.

1935 2703 2093 2768 fusis,
2133 2711 2187 2757 et
2221 2703 2348 2757 aliis
2381 2703 2634 2758 onmihus
2668 2703 2949 2774 suppliciis
2982 2696 3282 2760 inflictis".
3333 2702 3516 2770 Quare

1934 2792 2124 2866 puellae
2155 2809 2348 2850 nomen
2384 2795 2632 2866 «Absque
2667 2796 3074 2867 misericordiay
3099 2797 3303 2852 utiliter
3328 2812 3394 2854 ac
3422 2811 3517 2853 ne—

1937 2886 2176 2942 cessario
2216 2887 2536 2957 imponitur,
2568 2898 2626 2941 nt
2665 2903 2882 2944 causam
2917 2889 2993 2944 rei
3026 2889 3294 2945 curiosius
3327 2889 3515 2947 scisci-

1938 2987 2113 3034 tantes
2142 2993 2356 3048 semper
2413 2989 2467 3034 et
2505 2990 2892 3048 cognoscentes
2934 2981 3024 3050 qui
3060 2989 3186 3037 tunc
3223 2981 3386 3038 Deum
3419 2997 3516 3054 per

1938 3071 2307 3127 seductionem
2341 3071 2516 3126 cultus
2561 3072 2849 3126 multorum
2899 3072 3121 3126 deorum
3154 3073 3513 3138 oil‘enderant,

248 3167 428 3234 σίμως
446 3179 504 3214 τε
532 3163 628 3215 καὶ
652 3159 992 3228 ἀναγκαίως,
1025 3158 1112 3235 ἵνα
1127 3157 1228 3226 τὴν
1254 3154 1434 3208 αἰτίαν
1460 3153 1554 3205 τοῦ
1581 3151 1833 3223 πράγμα-

1940 3161 2002 3216 ad
2033 3164 2255 3218 meliora
2288 3172 2340 3217 et
2373 3163 2567 3218 rationi
2623 3165 2793 3234 magis
2817 3175 3182 3219 consentanea
3226 3166 3514 3234 cogitanda

246 3273 340 3318 τος
362 3250 850 3323 φιλοτιευστοῦντες
874 3249 980 3316 ἀεὶ,
1011 3249 1104 3302 καὶ
1132 3248 1196 3318 δὴ
1253 3247 1345 3302 καὶ
1399 3244 1762 3316 μανθάνοντες
1785 3245 1833 3297 οἱ

246 3348 309 3401 τὸ
337 3345 596 3418 τηνικάδε
624 3345 713 3398 διὰ
742 3346 842 3413 τῆς
867 3341 1131 3396 πολυθέου
1157 3341 1364 3412 πλάνης
1397 3338 1831 3410 προσκεκρουκὸ-

243 3458 338 3505 τες
399 3439 548 3509 Θεῷ,
609 3439 826 3508 φρονεῖν
889 3454 949 3490 τε
1025 3436 1120 3488 καὶ
1162 3434 1294 3504 δρᾷν
1345 3429 1720 3486 άναπείθοιντο
1767 3428 1836 3482 τά

247 3535 466 3604 ἀμείνω
512 3533 612 3584 καὶ
631 3529 1077 3600 πρεπωδέστερα,
1099 3526 1283 3579 λοιπόν
1306 3542 1362 3577 τε
1384 3521 1836 3595 μεταφοιτήσειαν

246 3627 389 3690 πώς
420 3625 484 3676 τὸ
511 3621 727 3676 ἑλέσθαι
759 3620 1071 3690 σωφρόνως,
1109 3619 1210 3671 κᾶν
1248 3617 1380 3687 γοῦν
1413 3619 1523 3679 τοῖς
1567 3613 1837 3684 δευτέροις

245 3716 614 3771 ἀποσείεσθαι
640 3715 737 3785 τὴν
765 3713 954 3786 ὀργὴν,
975 3713 1176 3782 εὐμενῆ
1200 3712 1292 3764 καὶ
1319 3710 1491 3780 πρᾶον
1517 3708 1600 3776 ἐφ’
1631 3707 1839 3786 ἑαυτοῖς

244 3809 701 3875 καταστήσαντες
729 3803 1100 3873 λελυπημένον
1154 3801 1245 3854 τὸν
1301 3801 1438 3854 ὅλων
1470 3799 1622 3852 Θεόν.
1655 3798 1836 3850 Ἕοικε

243 3901 305 3954 δὲ
335 3901 506 3953 πάλιν
536 3901 564 3952 ὁ
589 3897 923 3969 προφητικὸς
947 3897 1079 3966 ἡμῖν
1106 3896 1162 3947 ὲν
1189 3893 1395 3956 τούτοις
1429 3891 1722 3962 ὐποδηλοῦν
1749 3889 1838 3941 λό-

239 4010 341 4060 γος
382 3993 482 4054 τὰς
517 3989 891 4058 γεγενημένας
925 3985 1303 4056 αἰχμαλωσίας
1337 3983 1429 4036 τοῦ
1467 3981 1700 4053 Ἰσραὴλ,
1733 3979 1840 4032 ὐπό

235 4103 303 4137 τε
339 4084 436 4136 τοῦ
459 4081 922 4150 Θεγλαεραλασὰρ,
961 4079 1056 4131 καὶ
1093 4079 1274 4148 μέντοι
1327 4074 1690 4145 Σαλμανάσαρ
1744 4071 1841 4141 βα-

237 4177 452 4230 σιλέων
501 4173 823 4243 Ἀσσυρίων,
854 4171 901 4224 οἳ
940 4169 1264 4240 μετῴκησαν
1287 4169 1351 4220 ὲκ
1385 4165 1701 4236 Σαμαρείας
1752 4162 1841 4214 τὸν

246 4268 494 4339 Ἰσραὴλ
527 4269 605 4329 είς
634 4265 702 4317 τὰ
728 4265 851 4334 δρία
872 4260 1099 4334 Περσῶν
1145 4261 1238 4312 καὶ
1293 4259 1510 4329 Μήδων.
1558 4258 1655 4320 τὰς
1689 4257 1746 4309 ὲν
1773 4257 1839 4325 τῇ

228 4359 553 4430 Σαμαρείᾳ
575 4356 1024 4429 καταδῃώσαντες
1055 4353 1257 4415 πόλεις.
1303 4351 1444 4404 Ἀλλ’
1475 4350 1573 4403 οὐκ
1622 4348 1687 4402 ἂν
1723 4349 1843 4410 ταῖς

227 4453 403 4505 οὕτω
425 4450 632 4512 δειναῖς
681 4443 1138 4518 περιπεπτὼκασι
1180 4445 1507 4515 συμφοραῖς,
1543 4440 1841 4512 ἐπαμύνειν

227 4543 446 4598 αὐτοῖς
476 4537 750 4601 ἐθέλοντος
783 4536 942 4600 Θεοῦ,
971 4535 1171 4607 μᾶλλον
1201 4535 1276 4600 δὲ,
1302 4535 1376 4606 μὴ
1397 4533 1556 4587 οἱονεί
1604 4549 1720 4594 πως
1750 4531 1844 4584 καὶ

225 4631 670 4698 ἁντεξάγοντος,
701 4629 796 4682 καὶ
829 4629 885 4680 ὲν
910 4626 1061 4691 τάξει
1118 4624 1390 4694 πολεμίων
1430 4622 1837 4694 ἀνθεστηκότος.

230 4726 408 4791 Ἔφη
433 4721 546 4790 γὰρ
573 4719 837 4790 ἐναργῶς,
865 4718 947 4771 δτι
1020 4717 1500 4786 Ἀντιτασσόμενος
1567 4714 1842 4780 ἀντιτάξο-

227 4834 348 4886 μαι
430 4815 636 4875 αὐτοῖς.
711 4812 985 4881 Ἐλεήσειν
1023 4809 1080 4862 δὲ
1131 4809 1258 4872 τοὺς
1291 4808 1439 4872 υἱοὺς
1505 4805 1674 4859 ’ἰούδα
1716 4822 1844 4858 κατ-

1938 3255 2291 3326 faciendoque
2331 3256 2694 3316 inducantur,
2743 3267 2798 3312 et
2845 3257 2911 3311 de
2956 3266 3155 3311 caetero
3199 3257 3513 3326 pudenter,

1937 3345 2127 3400 saltem
2175 3345 2571 3414 posterioribus
2621 3346 3039 3414 cogitationibus
3089 3347 3223 3399 iram
3278 3346 3516 3401 divinam

1939 3437 2148 3491 amoliri
2182 3437 2811 3506 cupiant,universorum
2841 3437 3006 3491 Deum
3042 3435 3326 3513 offensum,
3356 3438 3520 3494 bene-

1940 3531 2120 3586 volam
2170 3530 2272 3585 sibi
2335 3544 2398 3583 ac
2454 3530 2636 3584 mitem
2695 3529 3010 3586 allicientes.
3064 3531 3289 3587 Videtur
3337 3540 3517 3586 autem

1941 3621 2200 3689 propheta
2233 3636 2420 3674 rursus
2449 3620 2602 3675 nobis
2634 3622 2734 3674 hoc
2764 3623 2884 3675 loco
2911 3620 3165 3677 lsraelem
3198 3638 3226 3676 a
3263 3622 3520 3692 Tbeglat-

1940 3712 2191 3780 phalasar
2218 3722 2274 3765 et
2313 3712 2661 3766 Salmanasar
2688 3713 3031 3783 Assyriorum
3065 3714 3281 3783 regibus
3302 3726 3517 3782 Captum

1941 3804 2307 3868 suhindicare,
2343 3803 2454 3876 24
2484 3805 2570 3873 qui
2602 3820 2632 3859 e
2663 3805 2933 3870 Samaria,
2966 3805 3082 3875 ejus
3109 3808 3335 3861 urbibus
3371 3808 3518 3862 illata

1941 3894 2294 3957 reatitudine,
2325 3896 2571 3950 eumdem
2605 3897 2668 3949 ad
2698 3906 2907 3952 montes
2942 3896 3229 3951 Persarum
3259 3906 3312 3950 et
3341 3895 3523 3952 Medo—

1945 4002 2061 4040 rum
2100 3987 2514 4041 transtulcruut.
2541 3986 2701 4056 Atqui
2744 3989 2795 4042 in
2822 3971 2926 4042 tam
2959 4004 3151 4056 graves
3185 3990 3522 4045 calamitates

1943 4093 2049 4133 non
2101 4079 2436 4142 incidissent,
2489 4079 2533 4134 si
2580 4079 2718 4134 Deus
2762 4080 3052 4134 defendere
3081 4096 3172 4134 eos
3229 4081 3520 4148 voluisset;

1945 4169 2053 4221 imo
2101 4168 2198 4222 nisi
2241 4168 2639 4237 quodammodo
2687 4169 2857 4222 aciem
2909 4180 3096 4222 contra
3138 4170 3436 4236 eduxisset,
3469 4182 3525 4228 et

1947 4260 2116 4313 instar
2144 4259 2314 4314 hOStis
2343 4259 2662 4313 adversatus
2688 4269 2851 4312 esset.
2878 4259 2964 4312 Ait
2998 4261 3141 4313 enim
3178 4265 3523 4330 aperte:Ad-

1949 4365 2172 4406 versans
2207 4350 2539 4405 adversabor
2604 4349 2732 4406 illis.
2785 4351 3210 4408 Misericordiam
3241 4364 3418 4408 autem
3455 4357 3518 4410 ii-

1950 4443 2034 4497 liis
2085 4441 2234 4498 .ludte
2291 4443 2619 4500 tributurum
2659 4460 2716 4500 se
2747 4445 3051 4514 pollicetur,
3095 4456 3148 4500 et
3191 4447 3524 4504 salvaturum

1948 4552 2064 4599 ens,
2103 4551 2206 4591 non
2243 4535 2361 4604 lege
2395 4551 2458 4592 ac
2488 4552 2640 4592 more
2678 4539 2923 4605 militari,
2956 4540 3057 4595 hoc
3091 4540 3234 4595 enim
3267 4549 3350 4595 est
3382 4543 3525 4610 quod

1956 4631 2110 4694 dicit,
2161 4631 2345 4686 nonin
2388 4631 2660 4696 curribus,
2693 4646 2792 4686 nec
2858 4633 2909 4685 in
2941 4633 3116 4702 equis,
3168 4635 3308 4703 quod
3359 4635 3524 4688 ctiam

1955 4722 2252 4790 praestitum
2285 4732 2388 4786 est,
2423 4722 2773 4778 Senacherim
2821 4722 3213 4794 Jerosolymam
3246 4725 3528 4781 obsidione

1954 4814 2582 4882 r-ircumdante,quantlo
2609 4823 2663 4868 et
2701 4815 2964 4870 adversus
2993 4817 3084 4870 Dei
3117 4816 3342 4885 gloriare
3385 4817 3503 4872 Rab

219 4907 674 4976 επαγγέλλεται,
707 4905 801 4957 καὶ
829 4903 1020 4957 σώσειν
1054 4904 1274 4964 αὐτοὺς,
1303 4900 1362 4953 οὐ
1412 4899 1654 4966 πολέμου
1694 4897 1844 4966 νόμῳ

215 5000 455 5070 (τοῦτο
483 4997 594 5067 γὰρ
615 4996 697 5060 τὸ,
738 4996 837 5048 οὐκ
881 4996 938 5049 ἐν
972 4996 1235 5067 ἅρμασιν,
1286 4993 1405 5045 οὐδὲ
1450 4993 1505 5043 ὲν
1551 4990 1780 5056 ἵπποις)⁶
1816 4987 1844 5039 ὃ

210 5092 284 5162 δὴ
324 5089 444 5143 ναὶ
499 5089 831 5148 τετέλεσται,
858 5087 954 5140 τοῦ
989 5089 1333 5158 Σεναχηρεὶμ
1383 5083 1724 5154 περιέχοντος
1758 5079 1843 5132 κύ-

193 5186 348 5255 ,κὶῳ
403 5183 507 5252 τὴν
546 5182 926 5254 Ἰερουσαλὴμ,
962 5185 1051 5236 ὅτε
1089 5183 1184 5236 καὶ
1211 5184 1310 5252 τῆς
1351 5179 1497 5239 θείας
1530 5177 1685 5245 δόξης
1713 5191 1842 5227 κατ-

202 5277 514 5346 εᾷῖ-υὰρει
579 5275 882 5346 Ῥαψάκης,
926 5276 1000 5338 ὡς
1048 5276 1148 5328 οὐκ
1209 5275 1275 5327 ἂν
1358 5271 1626 5340 ίσχύσειεν
1659 5265 1826 5320 εἰπὼν

199 5367 537 5423 ἀνασῶσαι
558 5365 694 5429 Θεὸς
723 5369 820 5436 τήν
845 5383 903 5418 τε
937 5363 1313 5436 Ἰερουσαλὴμ,
1334 5361 1427 5416 καὶ
1456 5362 1579 5423 τοὺς
1607 5363 1661 5412 ἐν
1690 5361 1845 5428 αὐτῇ,

204 5457 594 5530 ramex/Jsz
627 5457 683 5509 δὲ
718 5459 797 5520 είς
856 5455 1125 5521 ἀπόδειξιν
1160 5454 1252 5508 τοῦ
1289 5454 1463 5522 πάντη
1495 5470 1552 5504 τε
1583 5453 1674 5504 καὶ
1713 5450 1852 5502 πάν-

193 5565 320 5614 τως
353 5546 698 5603 ἁλώσεσθαι
745 5549 835 5599 καὶ
881 5547 1099 5610 αὐτοὺς,
1131 5545 1191 5598 τὸ
1251 5545 1326 5615 μὴ
1359 5541 1675 5613 δεδυνῆσθαι
1729 5541 1852 5602 τούς

1955 4921 2108 4961 sxees
2144 4907 2467 4972 blaterabat,
2489 4908 2808 4975 dicebatque
2837 4923 2943 4961 non
3004 4922 3160 4977 posse
3179 4908 3347 4963 Deum
3376 4910 3531 4966 Jero-

1955 4997 2215 5065 sniymam
2252 5006 2305 5050 ct
2338 4997 2543 5050 incolas
2562 4996 2676 5064 ejus
2701 4998 3283 5070 tueri,adducebatque
3312 5017 3410 5071 pro
3442 5019 3530 5057 ar-

1952 5093 2206 5154 g:I:1.€n10
2235 5086 2564 5154 ﬁrmissimo,
2595 5086 2751 5155 plane
2781 5089 2928 5157 ipsos
2953 5104 3167 5159 quoque
3201 5091 3254 5146 in
3286 5102 3528 5161 potesta-

1953 5187 2003 5230 tc
2032 5200 2057 5225 ·ι
2093 5181 2532 5247 venturos,quod
2562 5179 2633 5234 dii
2665 5179 2716 5234 in
2754 5181 3000 5235 Samaria
3035 5197 3164 5237 suos
3191 5183 3404 5252 eripere
3434 5195 3528 5240 ne-

1952 5271 2392 5339 qnit~issent.Sed
2420 5275 2563 5328 enim
2594 5285 2840 5330 servatus
2871 5285 2956 5329 est
2987 5274 3156 5330 ludas
3185 5277 3523 5337 mirabiliter,

1953 5361 2056 5416 hoc
2093 5372 2196 5429 est,
2231 5362 2533 5419 Jerusalem
2575 5367 2880 5422 habitantes
2925 5367 3042 5421 duae
3078 5366 3270 5422 tribus.
3305 5385 3324 5418 ι
3351 5365 3527 5418 Exivit

1951 5454 2094 5507 enim
2145 5455 2367 5525 angelus
2397 5457 2634 5524 Domini,
2669 5458 2861 5529 inquit,
2906 5467 2959 5513 et
2981 5459 3179 5514 occidit
3229 5473 3294 5513 ex
3333 5454 3525 5510 castris

1953 5544 2296 5614 Assyriorum
2350 5564 2450 5601 una
2507 5561 2660 5605 nocte
2709 5559 2924 5604 centum
2976 5551 3244 5619 octoginta
3287 5547 3523 5615 quinque

1430 5726 1472 5758 ⁷⁷
1510 5723 1676 5778 Exod.
1711 5738 1805 5789 νιι,
1838 5739 1956 5789 vm,
1994 5737 2039 5775 ιι
2078 5728 2295 5790 ρξικξςὶιιι.

265 5729 326 5762 ’⁸
365 5729 489 5787 lsa.
531 5741 676 5794 nn,
713 5727 804 5780 Ἡ.
886 5729 929 5760 ⁷⁸
968 5727 1067 5784 lsa.
1120 5743 1229 5790 xlv,
1264 5727 1351 5782 9.7.
