  <div class='ocr_page' id='page_1' title='image "/cluster/home/n/w/nwhite01/storage/ocr_20150623/71/hvd.32044073502007/029.png"; bbox 0 0 4012 6214; ppageno 0'>
   <div class='ocr_carea' id='block_1_1' title="bbox 468 274 3715 349">
    <p class='ocr_par' dir='ltr' id='par_1_1' title="bbox 468 274 3715 349">
     <span class='ocr_line' id='line_1_1' title="bbox 468 274 3715 349; baseline 0.001 -10"><span class='ocrx_word' id='word_1_1' title='bbox 468 287 535 339; x_wconf 75' lang='lat' dir='ltr'><em>u</em></span> <span class='ocrx_word' id='word_1_2' title='bbox 1491 284 1545 339; x_wconf 89' lang='lat' dir='ltr'><strong>s.</strong></span> <span class='ocrx_word' id='word_1_3' title='bbox 1588 284 1859 349; x_wconf 73' lang='lat' dir='ltr'><strong>CYRlLLl</strong></span> <span class='ocrx_word' id='word_1_4' title='bbox 1899 285 2371 341; x_wconf 71' lang='lat' dir='ltr'><strong>ALEXANDRINI</strong></span> <span class='ocrx_word' id='word_1_5' title='bbox 2409 286 2727 343; x_wconf 80' lang='lat' dir='ltr'><strong>ARCHIEP.</strong></span> <span class='ocrx_word' id='word_1_6' title='bbox 3649 274 3715 347; x_wconf 67' lang='lat' dir='ltr'><strong>is</strong></span> 
     </span>
    </p>
   </div>
   <div class='ocr_carea' id='block_1_2' title="bbox 469 401 2015 476">
    <p class='ocr_par' dir='ltr' id='par_1_2' title="bbox 469 401 2015 466">
     <span class='ocr_line' id='line_1_2' title="bbox 469 401 2015 466; baseline -0.001 -6"><span class='ocrx_word' id='word_1_7' title='bbox 469 403 635 460; x_wconf 82' lang='lat' dir='ltr'><strong>millia</strong></span> <span class='ocrx_word' id='word_1_8' title='bbox 668 404 734 455; x_wconf 87' lang='grc'>⁷⁸.</span> <span class='ocrx_word' id='word_1_9' title='bbox 766 422 783 454; x_wconf 74' lang='grc' dir='ltr'><strong>ι</strong></span> <span class='ocrx_word' id='word_1_10' title='bbox 846 401 1049 455; x_wconf 82' lang='lat' dir='ltr'><strong>Salvatl</strong></span> <span class='ocrx_word' id='word_1_11' title='bbox 1104 410 1213 454; x_wconf 89' lang='lat' dir='ltr'><strong>tum</strong></span> <span class='ocrx_word' id='word_1_12' title='bbox 1261 401 1575 466; x_wconf 87' lang='lat' dir='ltr'><strong>cantabant,</strong></span> <span class='ocrx_word' id='word_1_13' title='bbox 1603 412 1653 457; x_wconf 89' lang='lat' dir='ltr'><strong>et</strong></span> <span class='ocrx_word' id='word_1_14' title='bbox 1699 403 1912 457; x_wconf 86' lang='lat' dir='ltr'><strong>modum</strong></span> <span class='ocrx_word' id='word_1_15' title='bbox 1957 420 2015 458; x_wconf 87' lang='lat' dir='ltr'><strong>re</strong></span> 
     </span>
    </p>
   </div>
   <div class='ocr_carea' id='block_1_3' title="bbox 2122 401 3715 476">
    <p class='ocr_par' dir='ltr' id='par_1_3' title="bbox 2140 405 3715 476">
     <span class='ocr_line' id='line_1_3' title="bbox 2140 405 3715 476; baseline 0.007 -19"><span class='ocrx_word' id='word_1_16' title='bbox 2140 408 2195 457; x_wconf 81' lang='grc' dir='ltr'>ὲν</span> <span class='ocrx_word' id='word_1_17' title='bbox 2242 406 2528 476; x_wconf 79' lang='grc' dir='ltr'>Σαμαρείᾳ</span> <span class='ocrx_word' id='word_1_18' title='bbox 2576 406 2727 469; x_wconf 80' lang='grc' dir='ltr'>θεοὺς</span> <span class='ocrx_word' id='word_1_19' title='bbox 2787 405 3061 472; x_wconf 81' lang='grc' dir='ltr'>ἐξελέσθαι</span> <span class='ocrx_word' id='word_1_20' title='bbox 3109 408 3235 470; x_wconf 75' lang='grc' dir='ltr'>τοὺς</span> <span class='ocrx_word' id='word_1_21' title='bbox 3288 408 3519 465; x_wconf 80' lang='grc' dir='ltr'><strong>ἑαυτῶν.</strong></span> <span class='ocrx_word' id='word_1_22' title='bbox 3578 412 3715 467; x_wconf 80' lang='grc' dir='ltr'>Ἀλλ’</span> 
     </span>
    </p>
   </div>
   <div class='ocr_carea' id='block_1_4' title="bbox 464 493 2030 565">
    <p class='ocr_par' dir='ltr' id='par_1_4' title="bbox 464 493 2030 565">
     <span class='ocr_line' id='line_1_4' title="bbox 464 493 2030 565; baseline -0.003 -13"><span class='ocrx_word' id='word_1_23' title='bbox 464 506 574 552; x_wconf 89' lang='lat' dir='ltr'><strong>tam</strong></span> <span class='ocrx_word' id='word_1_24' title='bbox 611 496 847 565; x_wconf 91' lang='lat' dir='ltr'><strong>ingentis</strong></span> <span class='ocrx_word' id='word_1_25' title='bbox 870 493 922 547; x_wconf 91' lang='lat' dir='ltr'><strong>in</strong></span> <span class='ocrx_word' id='word_1_26' title='bbox 961 507 1021 549; x_wconf 93' lang='lat' dir='ltr'><strong>se</strong></span> <span class='ocrx_word' id='word_1_27' title='bbox 1049 503 1368 561; x_wconf 75' lang='lat' dir='ltr'><strong>perpetrata:</strong></span> <span class='ocrx_word' id='word_1_28' title='bbox 1401 496 1715 558; x_wconf 83' lang='lat' dir='ltr'><strong>narrabam,</strong></span> <span class='ocrx_word' id='word_1_29' title='bbox 1752 494 1989 549; x_wconf 73' lang='lat' dir='ltr'><strong>dicentes</strong></span> <span class='ocrx_word' id='word_1_30' title='bbox 2019 513 2030 547; x_wconf 91' lang='lat'>:</span> 
     </span>
    </p>
   </div>
   <div class='ocr_carea' id='block_1_5' title="bbox 468 585 2035 652">
    <p class='ocr_par' dir='ltr' id='par_1_5' title="bbox 468 585 2035 652">
     <span class='ocr_line' id='line_1_5' title="bbox 468 585 2035 652; baseline -0.002 -13"><span class='ocrx_word' id='word_1_31' title='bbox 468 608 485 639; x_wconf 77' lang='grc' dir='ltr'><strong>ι</strong></span> <span class='ocrx_word' id='word_1_32' title='bbox 513 586 575 641; x_wconf 84' lang='lat' dir='ltr'><strong>Hi</strong></span> <span class='ocrx_word' id='word_1_33' title='bbox 627 587 680 640; x_wconf 91' lang='lat' dir='ltr'><strong>in</strong></span> <span class='ocrx_word' id='word_1_34' title='bbox 723 585 992 650; x_wconf 90' lang='lat' dir='ltr'><strong>curribus,</strong></span> <span class='ocrx_word' id='word_1_35' title='bbox 1023 593 1078 639; x_wconf 88' lang='lat' dir='ltr'><strong>et</strong></span> <span class='ocrx_word' id='word_1_36' title='bbox 1110 585 1162 638; x_wconf 89' lang='lat' dir='ltr'><strong>bi</strong></span> <span class='ocrx_word' id='word_1_37' title='bbox 1195 585 1248 638; x_wconf 90' lang='lat' dir='ltr'><strong>in</strong></span> <span class='ocrx_word' id='word_1_38' title='bbox 1276 585 1449 652; x_wconf 91' lang='lat' dir='ltr'><strong>equis,</strong></span> <span class='ocrx_word' id='word_1_39' title='bbox 1502 600 1600 639; x_wconf 89' lang='lat' dir='ltr'><strong>nos</strong></span> <span class='ocrx_word' id='word_1_40' title='bbox 1630 595 1809 639; x_wconf 90' lang='lat' dir='ltr'><strong>autem</strong></span> <span class='ocrx_word' id='word_1_41' title='bbox 1847 585 1899 637; x_wconf 90' lang='lat' dir='ltr'><strong>in</strong></span> <span class='ocrx_word' id='word_1_42' title='bbox 1941 599 2035 637; x_wconf 82' lang='lat' dir='ltr'><strong>no—</strong></span> 
     </span>
    </p>
   </div>
   <div class='ocr_carea' id='block_1_6' title="bbox 462 675 2034 746">
    <p class='ocr_par' dir='ltr' id='par_1_6' title="bbox 462 675 2034 746">
     <span class='ocr_line' id='line_1_6' title="bbox 462 675 2034 746; baseline -0.001 -14"><span class='ocrx_word' id='word_1_43' title='bbox 462 682 606 734; x_wconf 92' lang='lat' dir='ltr'><strong>mine</strong></span> <span class='ocrx_word' id='word_1_44' title='bbox 632 678 722 732; x_wconf 86' lang='lat' dir='ltr'><strong>Dei</strong></span> <span class='ocrx_word' id='word_1_45' title='bbox 749 677 919 732; x_wconf 91' lang='lat' dir='ltr'><strong>nostri</strong></span> <span class='ocrx_word' id='word_1_46' title='bbox 957 675 1440 746; x_wconf 80' lang='lat' dir='ltr'><strong>tnagniﬁcabimur.</strong></span> <span class='ocrx_word' id='word_1_47' title='bbox 1458 676 1559 746; x_wconf 86' lang='lat' dir='ltr'><strong>Ipsi</strong></span> <span class='ocrx_word' id='word_1_48' title='bbox 1586 677 1728 730; x_wconf 79' lang='lat' dir='ltr'><strong>velut</strong></span> <span class='ocrx_word' id='word_1_49' title='bbox 1759 676 2034 744; x_wconf 86' lang='lat' dir='ltr'><strong>compedi-</strong></span> 
     </span>
    </p>
   </div>
   <div class='ocr_carea' id='block_1_7' title="bbox 460 765 2033 839">
    <p class='ocr_par' dir='ltr' id='par_1_7' title="bbox 460 765 2033 839">
     <span class='ocr_line' id='line_1_7' title="bbox 460 765 2033 839; baseline -0.004 -14"><span class='ocrx_word' id='word_1_50' title='bbox 460 772 557 825; x_wconf 87' lang='lat' dir='ltr'><strong>bus</strong></span> <span class='ocrx_word' id='word_1_51' title='bbox 580 769 835 839; x_wconf 91' lang='lat' dir='ltr'><strong>implicati</strong></span> <span class='ocrx_word' id='word_1_52' title='bbox 866 778 1011 831; x_wconf 91' lang='lat' dir='ltr'><strong>sunt,</strong></span> <span class='ocrx_word' id='word_1_53' title='bbox 1037 775 1091 820; x_wconf 92' lang='lat' dir='ltr'><strong>et</strong></span> <span class='ocrx_word' id='word_1_54' title='bbox 1122 765 1467 830; x_wconf 90' lang='lat' dir='ltr'><strong>ceciderunt;</strong></span> <span class='ocrx_word' id='word_1_55' title='bbox 1508 781 1605 821; x_wconf 90' lang='lat' dir='ltr'><strong>nos</strong></span> <span class='ocrx_word' id='word_1_56' title='bbox 1635 777 1818 820; x_wconf 89' lang='lat' dir='ltr'><strong>autem</strong></span> <span class='ocrx_word' id='word_1_57' title='bbox 1859 780 2033 819; x_wconf 89' lang='lat' dir='ltr'><strong>resur-</strong></span> 
     </span>
    </p>
   </div>
   <div class='ocr_carea' id='block_1_8' title="bbox 438 857 2030 933">
    <p class='ocr_par' dir='ltr' id='par_1_8' title="bbox 438 857 2030 933">
     <span class='ocr_line' id='line_1_8' title="bbox 438 857 2030 933; baseline -0.001 -21"><span class='ocrx_word' id='word_1_58' title='bbox 438 862 720 933; x_wconf 63' lang='lat' dir='ltr'><strong>p-cximus,</strong></span> <span class='ocrx_word' id='word_1_59' title='bbox 768 868 821 917; x_wconf 86' lang='lat' dir='ltr'><strong>et</strong></span> <span class='ocrx_word' id='word_1_60' title='bbox 853 859 1023 915; x_wconf 82' lang='lat' dir='ltr'><strong>erecti</strong></span> <span class='ocrx_word' id='word_1_61' title='bbox 1058 871 1243 912; x_wconf 91' lang='lat' dir='ltr'><strong>sumus</strong></span> <span class='ocrx_word' id='word_1_62' title='bbox 1263 857 1330 910; x_wconf 70' lang='grc'>⁷⁸.</span> <span class='ocrx_word' id='word_1_63' title='bbox 1364 876 1382 909; x_wconf 73' lang='grc' dir='ltr'><strong>ι</strong></span> <span class='ocrx_word' id='word_1_64' title='bbox 1421 857 1613 912; x_wconf 86' lang='lat' dir='ltr'><strong>Verum</strong></span> <span class='ocrx_word' id='word_1_65' title='bbox 1667 859 1766 912; x_wconf 90' lang='lat' dir='ltr'><strong>ista</strong></span> <span class='ocrx_word' id='word_1_66' title='bbox 1798 872 1826 909; x_wconf 91' lang='lat' dir='ltr'><strong>a</strong></span> <span class='ocrx_word' id='word_1_67' title='bbox 1876 858 2030 911; x_wconf 90' lang='lat' dir='ltr'><strong>nobis</strong></span> 
     </span>
    </p>
   </div>
   <div class='ocr_carea' id='block_1_9' title="bbox 427 938 1097 1055">
    <p class='ocr_par' dir='ltr' id='par_1_9' title="bbox 427 938 1097 1055">
     <span class='ocr_line' id='line_1_9' title="bbox 427 938 1097 1055; baseline -0.003 -52"><span class='ocrx_word' id='word_1_68' title='bbox 427 938 710 1055; x_wconf 60' lang='lat' dir='ltr'><strong>{historice</strong></span> <span class='ocrx_word' id='word_1_69' title='bbox 741 950 884 1004; x_wconf 89' lang='lat' dir='ltr'><strong>dicta</strong></span> <span class='ocrx_word' id='word_1_70' title='bbox 915 956 1097 1003; x_wconf 83' lang='lat' dir='ltr'><strong>sunto.</strong></span> 
     </span>
    </p>
   </div>
   <div class='ocr_carea' id='block_1_10' title="bbox 2144 495 3718 578">
    <p class='ocr_par' dir='ltr' id='par_1_10' title="bbox 2144 495 3718 578">
     <span class='ocr_line' id='line_1_10' title="bbox 2144 495 3718 578; baseline 0.008 -31"><span class='ocrx_word' id='word_1_71' title='bbox 2144 495 2379 557; x_wconf 76' lang='grc' dir='ltr'><strong>ἐσώζετο</strong></span> <span class='ocrx_word' id='word_1_72' title='bbox 2432 496 2748 565; x_wconf 76' lang='grc' dir='ltr'>παραδόξως</span> <span class='ocrx_word' id='word_1_73' title='bbox 2808 499 2835 548; x_wconf 88' lang='grc' dir='ltr'>ὁ</span> <span class='ocrx_word' id='word_1_74' title='bbox 2901 497 3118 559; x_wconf 88' lang='grc' dir='ltr'>Ἰούδας,</span> <span class='ocrx_word' id='word_1_75' title='bbox 3167 499 3467 563; x_wconf 76' lang='grc' dir='ltr'><strong>τουτέστιν,</strong></span> <span class='ocrx_word' id='word_1_76' title='bbox 3526 504 3583 558; x_wconf 81' lang='grc' dir='ltr'>αἱ</span> <span class='ocrx_word' id='word_1_77' title='bbox 3620 505 3718 578; x_wconf 77' lang='grc' dir='ltr'>τὴν</span> 
     </span>
    </p>
   </div>
   <div class='ocr_carea' id='block_1_11' title="bbox 2146 586 3715 665">
    <p class='ocr_par' dir='ltr' id='par_1_11' title="bbox 2146 586 3715 665">
     <span class='ocr_line' id='line_1_11' title="bbox 2146 586 3715 665; baseline 0.001 -28"><span class='ocrx_word' id='word_1_78' title='bbox 2146 586 2497 656; x_wconf 77' lang='grc' dir='ltr'>Ἰερουσαλὴμ</span> <span class='ocrx_word' id='word_1_79' title='bbox 2518 586 2763 640; x_wconf 81' lang='grc' dir='ltr'>οἰκοῦσαι</span> <span class='ocrx_word' id='word_1_80' title='bbox 2792 587 2884 640; x_wconf 88' lang='grc' dir='ltr'><strong>δύο</strong></span> <span class='ocrx_word' id='word_1_81' title='bbox 2917 588 3099 655; x_wconf 84' lang='grc' dir='ltr'>φυλαί.</span> <span class='ocrx_word' id='word_1_82' title='bbox 3153 608 3171 641; x_wconf 82' lang='grc' dir='ltr'><strong>ι</strong></span> <span class='ocrx_word' id='word_1_83' title='bbox 3214 588 3437 660; x_wconf 81' lang='grc' dir='ltr'>Ἐξῆλθε</span> <span class='ocrx_word' id='word_1_84' title='bbox 3475 592 3586 665; x_wconf 85' lang='grc' dir='ltr'>γὰρ</span> <span class='ocrx_word' id='word_1_85' title='bbox 3614 595 3715 663; x_wconf 77' lang='grc' dir='ltr'>ἀγ-</span> 
     </span>
    </p>
   </div>
   <div class='ocr_carea' id='block_1_12' title="bbox 2132 677 3716 755">
    <p class='ocr_par' dir='ltr' id='par_1_12' title="bbox 2132 677 3716 755">
     <span class='ocr_line' id='line_1_12' title="bbox 2132 677 3716 755; baseline 0.006 -27"><span class='ocrx_word' id='word_1_86' title='bbox 2132 677 2287 744; x_wconf 89' lang='grc' dir='ltr'>γελος</span> <span class='ocrx_word' id='word_1_87' title='bbox 2312 678 2539 748; x_wconf 79' lang='grc' dir='ltr'><strong>Κυρίου,</strong></span> <span class='ocrx_word' id='word_1_88' title='bbox 2578 679 2765 748; x_wconf 67' lang='grc' dir='ltr'>φησιν,</span> <span class='ocrx_word' id='word_1_89' title='bbox 2800 679 2892 732; x_wconf 77' lang='grc' dir='ltr'><strong>καὶ</strong></span> <span class='ocrx_word' id='word_1_90' title='bbox 2914 678 3125 731; x_wconf 79' lang='grc' dir='ltr'>ἀνεῖλεν</span> <span class='ocrx_word' id='word_1_91' title='bbox 3143 681 3206 732; x_wconf 83' lang='grc' dir='ltr'>ὲκ</span> <span class='ocrx_word' id='word_1_92' title='bbox 3232 680 3333 749; x_wconf 81' lang='grc' dir='ltr'>τῆς</span> <span class='ocrx_word' id='word_1_93' title='bbox 3363 684 3716 755; x_wconf 78' lang='grc' dir='ltr'>παρεμϐολῆς</span> 
     </span>
    </p>
   </div>
   <div class='ocr_carea' id='block_1_13' title="bbox 2130 769 3713 844">
    <p class='ocr_par' dir='ltr' id='par_1_13' title="bbox 2130 769 3713 844">
     <span class='ocr_line' id='line_1_13' title="bbox 2130 769 3713 844; baseline 0.007 -25"><span class='ocrx_word' id='word_1_94' title='bbox 2130 770 2239 820; x_wconf 84' lang='grc' dir='ltr'><strong>τῶν</strong></span> <span class='ocrx_word' id='word_1_95' title='bbox 2282 769 2577 841; x_wconf 83' lang='grc' dir='ltr'>Ἀσσυρίων</span> <span class='ocrx_word' id='word_1_96' title='bbox 2622 772 2719 840; x_wconf 84' lang='grc' dir='ltr'>μιᾷ</span> <span class='ocrx_word' id='word_1_97' title='bbox 2759 771 2930 832; x_wconf 71' lang='grc' dir='ltr'>νυκτὶ,</span> <span class='ocrx_word' id='word_1_98' title='bbox 2956 771 3149 825; x_wconf 73' lang='grc' dir='ltr'>ἑκατὸν</span> <span class='ocrx_word' id='word_1_99' title='bbox 3186 773 3511 844; x_wconf 87' lang='grc' dir='ltr'>ὀγδοήκοντα</span> <span class='ocrx_word' id='word_1_100' title='bbox 3551 776 3713 830; x_wconf 82' lang='grc' dir='ltr'>πέντε</span> 
     </span>
    </p>
   </div>
   <div class='ocr_carea' id='block_1_14' title="bbox 2136 853 3712 934">
    <p class='ocr_par' dir='ltr' id='par_1_14' title="bbox 2136 853 3712 934">
     <span class='ocr_line' id='line_1_14' title="bbox 2136 853 3712 934; baseline 0.009 -28"><span class='ocrx_word' id='word_1_101' title='bbox 2136 856 2400 925; x_wconf 81' lang='grc' dir='ltr'>χιλιάδας.</span> <span class='ocrx_word' id='word_1_102' title='bbox 2440 876 2457 907; x_wconf 71' lang='grc' dir='ltr'><strong>ι</strong></span> <span class='ocrx_word' id='word_1_103' title='bbox 2494 853 2659 928; x_wconf 73' lang='grc' dir='ltr'><strong>τῌδόν</strong></span> <span class='ocrx_word' id='word_1_104' title='bbox 2693 875 2750 911; x_wconf 88' lang='grc' dir='ltr'><strong>τε</strong></span> <span class='ocrx_word' id='word_1_105' title='bbox 2774 858 2943 921; x_wconf 77' lang='grc' dir='ltr'>οὕτως</span> <span class='ocrx_word' id='word_1_106' title='bbox 2970 860 3019 911; x_wconf 78' lang='grc' dir='ltr'><strong>οἱ</strong></span> <span class='ocrx_word' id='word_1_107' title='bbox 3056 862 3425 931; x_wconf 70' lang='grc' dir='ltr'>σεσωσμένοι*</span> <span class='ocrx_word' id='word_1_108' title='bbox 3476 866 3570 919; x_wconf 80' lang='grc' dir='ltr'>καὶ</span> <span class='ocrx_word' id='word_1_109' title='bbox 3612 866 3712 934; x_wconf 81' lang='grc' dir='ltr'>τῆς</span> 
     </span>
    </p>
   </div>
   <div class='ocr_carea' id='block_1_15' title="bbox 2138 945 3710 1024">
    <p class='ocr_par' dir='ltr' id='par_1_15' title="bbox 2138 945 3710 1024">
     <span class='ocr_line' id='line_1_15' title="bbox 2138 945 3710 1024; baseline 0.008 -28"><span class='ocrx_word' id='word_1_110' title='bbox 2138 945 2226 996; x_wconf 76' lang='grc' dir='ltr'><strong>ἐπ’</strong></span> <span class='ocrx_word' id='word_1_111' title='bbox 2256 945 2439 1009; x_wconf 75' lang='grc' dir='ltr'>αὐτοῖς</span> <span class='ocrx_word' id='word_1_112' title='bbox 2473 947 2847 1017; x_wconf 83' lang='grc' dir='ltr'>γεγενημένης</span> <span class='ocrx_word' id='word_1_113' title='bbox 2875 948 3274 1020; x_wconf 85' lang='grc' dir='ltr'>μεγαλουργίας</span> <span class='ocrx_word' id='word_1_114' title='bbox 3317 952 3447 1015; x_wconf 84' lang='grc' dir='ltr'>τοὺς</span> <span class='ocrx_word' id='word_1_115' title='bbox 3478 954 3710 1024; x_wconf 81' lang='grc' dir='ltr'>τρόπους</span> 
     </span>
    </p>
   </div>
   <div class='ocr_carea' id='block_1_16' title="bbox 454 1032 3710 1113">
    <p class='ocr_par' dir='ltr' id='par_1_16' title="bbox 454 1032 3710 1113">
     <span class='ocr_line' id='line_1_16' title="bbox 454 1032 3710 1113; baseline 0 -18"><span class='ocrx_word' id='word_1_116' title='bbox 454 1041 776 1112; x_wconf 74' lang='grc' dir='ltr'>ἀφηγοῦντο,</span> <span class='ocrx_word' id='word_1_117' title='bbox 802 1039 1070 1107; x_wconf 86' lang='grc' dir='ltr'>λέγοντες·</span> <span class='ocrx_word' id='word_1_118' title='bbox 1106 1056 1124 1090; x_wconf 86' lang='lat' dir='ltr'><strong>t</strong></span> <span class='ocrx_word' id='word_1_119' title='bbox 1160 1036 1317 1093; x_wconf 79' lang='grc' dir='ltr'>Οὗτοι</span> <span class='ocrx_word' id='word_1_120' title='bbox 1343 1042 1399 1092; x_wconf 87' lang='grc' dir='ltr'>ὲν</span> <span class='ocrx_word' id='word_1_121' title='bbox 1445 1040 1673 1110; x_wconf 78' lang='grc' dir='ltr'>ἅρμασι,</span> <span class='ocrx_word' id='word_1_122' title='bbox 1734 1037 1827 1090; x_wconf 72' lang='grc' dir='ltr'><strong>καὶ</strong></span> <span class='ocrx_word' id='word_1_123' title='bbox 1864 1032 2006 1091; x_wconf 80' lang='grc' dir='ltr'>οῦτοι</span> <span class='ocrx_word' id='word_1_124' title='bbox 2044 1037 2101 1089; x_wconf 80' lang='grc' dir='ltr'>ὲν</span> <span class='ocrx_word' id='word_1_125' title='bbox 2168 1037 2378 1099; x_wconf 60' lang='grc' dir='ltr'>ἵπποις</span> <span class='ocrx_word' id='word_1_126' title='bbox 2423 1038 2583 1106; x_wconf 80' lang='grc' dir='ltr'>ἡμεῖς</span> <span class='ocrx_word' id='word_1_127' title='bbox 2630 1037 2685 1089; x_wconf 82' lang='grc' dir='ltr'><strong>δὲ</strong></span> <span class='ocrx_word' id='word_1_128' title='bbox 2717 1037 2774 1088; x_wconf 78' lang='grc' dir='ltr'>ἐν</span> <span class='ocrx_word' id='word_1_129' title='bbox 2840 1039 3064 1108; x_wconf 88' lang='grc' dir='ltr'>ὀνόματι</span> <span class='ocrx_word' id='word_1_130' title='bbox 3110 1040 3316 1111; x_wconf 85' lang='grc' dir='ltr'>Κυρίου</span> <span class='ocrx_word' id='word_1_131' title='bbox 3372 1041 3505 1094; x_wconf 83' lang='grc' dir='ltr'>Θεοῦ</span> <span class='ocrx_word' id='word_1_132' title='bbox 3550 1042 3710 1113; x_wconf 81' lang='grc' dir='ltr'>ἡμῶν</span> 
     </span>
    </p>
   </div>
   <div class='ocr_carea' id='block_1_17' title="bbox 453 1129 3706 1203">
    <p class='ocr_par' dir='ltr' id='par_1_17' title="bbox 453 1129 3706 1203">
     <span class='ocr_line' id='line_1_17' title="bbox 453 1129 3706 1203; baseline 0.001 -18"><span class='ocrx_word' id='word_1_133' title='bbox 453 1131 996 1202; x_wconf 87' lang='grc' dir='ltr'>μεγαλυνθησόμεθα.</span> <span class='ocrx_word' id='word_1_134' title='bbox 1014 1131 1177 1184; x_wconf 77' lang='grc' dir='ltr'>Αὐτοὶ</span> <span class='ocrx_word' id='word_1_135' title='bbox 1192 1132 1779 1201; x_wconf 77' lang='grc' dir='ltr'>συνεποδίσθησαν,καὶ</span> <span class='ocrx_word' id='word_1_136' title='bbox 1805 1129 2019 1183; x_wconf 80' lang='grc' dir='ltr'>ἔπεσον·</span> <span class='ocrx_word' id='word_1_137' title='bbox 2062 1132 2223 1200; x_wconf 78' lang='grc' dir='ltr'>ἡμεῖς</span> <span class='ocrx_word' id='word_1_138' title='bbox 2254 1130 2309 1182; x_wconf 84' lang='grc' dir='ltr'><strong>δὲ</strong></span> <span class='ocrx_word' id='word_1_139' title='bbox 2374 1130 2696 1201; x_wconf 84' lang='grc' dir='ltr'>ἀνέστημεν,</span> <span class='ocrx_word' id='word_1_140' title='bbox 2720 1131 2812 1183; x_wconf 80' lang='grc' dir='ltr'><strong>καὶ</strong></span> <span class='ocrx_word' id='word_1_141' title='bbox 2876 1132 3296 1203; x_wconf 83' lang='grc' dir='ltr'>ἀνωρθώθημεν.</span> <span class='ocrx_word' id='word_1_142' title='bbox 3322 1151 3341 1184; x_wconf 71' lang='grc' dir='ltr'><strong>ι</strong></span> <span class='ocrx_word' id='word_1_143' title='bbox 3392 1135 3527 1188; x_wconf 85' lang='grc' dir='ltr'>Ἀλλ’</span> <span class='ocrx_word' id='word_1_144' title='bbox 3563 1138 3706 1189; x_wconf 86' lang='grc' dir='ltr'>ίστο-</span> 
     </span>
    </p>
   </div>
   <div class='ocr_carea' id='block_1_18' title="bbox 452 1224 1357 1295">
    <p class='ocr_par' dir='ltr' id='par_1_18' title="bbox 452 1224 1357 1295">
     <span class='ocr_line' id='line_1_18' title="bbox 452 1224 1357 1295; baseline 0.002 -18"><span class='ocrx_word' id='word_1_145' title='bbox 452 1224 619 1294; x_wconf 88' lang='grc' dir='ltr'>ρικῶς</span> <span class='ocrx_word' id='word_1_146' title='bbox 642 1224 738 1294; x_wconf 83' lang='grc' dir='ltr'><strong>μὲν</strong></span> <span class='ocrx_word' id='word_1_147' title='bbox 768 1224 897 1294; x_wconf 78' lang='grc' dir='ltr'>ἡμῖν</span> <span class='ocrx_word' id='word_1_148' title='bbox 920 1224 1159 1295; x_wconf 75' lang='grc' dir='ltr'>εἰρήσθω</span> <span class='ocrx_word' id='word_1_149' title='bbox 1182 1226 1357 1279; x_wconf 88' lang='grc' dir='ltr'>ταυτί.</span> 
     </span>
    </p>
   </div>
   <div class='ocr_carea' id='block_1_19' title="bbox 520 1317 2025 1387">
    <p class='ocr_par' dir='ltr' id='par_1_19' title="bbox 520 1317 2025 1387">
     <span class='ocr_line' id='line_1_19' title="bbox 520 1317 2025 1387; baseline 0.001 -17"><span class='ocrx_word' id='word_1_150' title='bbox 520 1318 880 1373; x_wconf 86' lang='lat' dir='ltr'><strong>Procedamus</strong></span> <span class='ocrx_word' id='word_1_151' title='bbox 899 1318 963 1373; x_wconf 91' lang='lat' dir='ltr'><strong>ad</strong></span> <span class='ocrx_word' id='word_1_152' title='bbox 996 1318 1126 1373; x_wconf 89' lang='lat' dir='ltr'><strong>alios</strong></span> <span class='ocrx_word' id='word_1_153' title='bbox 1154 1318 1448 1382; x_wconf 90' lang='lat' dir='ltr'><strong>sensus,ad</strong></span> <span class='ocrx_word' id='word_1_154' title='bbox 1470 1317 1766 1382; x_wconf 85' lang='lat' dir='ltr'><strong>Christum,</strong></span> <span class='ocrx_word' id='word_1_155' title='bbox 1786 1319 2025 1387; x_wconf 86' lang='lat' dir='ltr'><strong>inquam.</strong></span> 
     </span>
    </p>
   </div>
   <div class='ocr_carea' id='block_1_20' title="bbox 452 1410 2025 1482">
    <p class='ocr_par' dir='ltr' id='par_1_20' title="bbox 452 1410 2025 1482">
     <span class='ocr_line' id='line_1_20' title="bbox 452 1410 2025 1482; baseline 0 -17"><span class='ocrx_word' id='word_1_156' title='bbox 452 1413 575 1467; x_wconf 82' lang='lat' dir='ltr'><strong>Post</strong></span> <span class='ocrx_word' id='word_1_157' title='bbox 611 1422 794 1467; x_wconf 90' lang='lat' dir='ltr'><strong>natum</strong></span> <span class='ocrx_word' id='word_1_158' title='bbox 820 1412 1016 1482; x_wconf 85' lang='lat' dir='ltr'><strong>quippe</strong></span> <span class='ocrx_word' id='word_1_159' title='bbox 1056 1410 1375 1475; x_wconf 82' lang='lat' dir='ltr'><strong>Jezraelem,</strong></span> <span class='ocrx_word' id='word_1_160' title='bbox 1422 1411 1474 1466; x_wconf 85' lang='lat' dir='ltr'><strong>id</strong></span> <span class='ocrx_word' id='word_1_161' title='bbox 1522 1423 1625 1475; x_wconf 90' lang='lat' dir='ltr'><strong>est,</strong></span> <span class='ocrx_word' id='word_1_162' title='bbox 1674 1410 1768 1466; x_wconf 91' lang='lat' dir='ltr'><strong>Dei</strong></span> <span class='ocrx_word' id='word_1_163' title='bbox 1821 1427 2025 1476; x_wconf 90' lang='lat' dir='ltr'><strong>semen,</strong></span> 
     </span>
    </p>
   </div>
   <div class='ocr_carea' id='block_1_21' title="bbox 450 1501 2021 1573">
    <p class='ocr_par' dir='ltr' id='par_1_21' title="bbox 450 1501 2021 1573">
     <span class='ocr_line' id='line_1_21' title="bbox 450 1501 2021 1573; baseline 0.002 -17"><span class='ocrx_word' id='word_1_164' title='bbox 450 1508 530 1573; x_wconf 90' lang='lat' dir='ltr'><strong>(nt</strong></span> <span class='ocrx_word' id='word_1_165' title='bbox 565 1504 834 1572; x_wconf 80' lang='lat' dir='ltr'><strong>intelligas</strong></span> <span class='ocrx_word' id='word_1_166' title='bbox 862 1504 1292 1566; x_wconf 87' lang='lat' dir='ltr'><strong>Emmanuelem,</strong></span> <span class='ocrx_word' id='word_1_167' title='bbox 1332 1501 1485 1571; x_wconf 87' lang='lat' dir='ltr'><strong>cujus</strong></span> <span class='ocrx_word' id='word_1_168' title='bbox 1532 1516 1585 1558; x_wconf 89' lang='lat' dir='ltr'><strong>et</strong></span> <span class='ocrx_word' id='word_1_169' title='bbox 1611 1505 1928 1572; x_wconf 85' lang='lat' dir='ltr'><strong>sanguinem</strong></span> <span class='ocrx_word' id='word_1_170' title='bbox 1960 1519 2021 1559; x_wconf 89' lang='lat' dir='ltr'><strong>se</strong></span> 
     </span>
    </p>
   </div>
   <div class='ocr_carea' id='block_1_22' title="bbox 2211 1311 3709 1388">
    <p class='ocr_par' dir='ltr' id='par_1_22' title="bbox 2211 1311 3709 1388">
     <span class='ocr_line' id='line_1_22' title="bbox 2211 1311 3709 1388; baseline 0.003 -20"><span class='ocrx_word' id='word_1_171' title='bbox 2211 1318 2411 1385; x_wconf 84' lang='grc' dir='ltr'>Ἴωμεν</span> <span class='ocrx_word' id='word_1_172' title='bbox 2444 1315 2498 1368; x_wconf 80' lang='grc' dir='ltr'>δὲ</span> <span class='ocrx_word' id='word_1_173' title='bbox 2522 1311 2589 1369; x_wconf 79' lang='grc' dir='ltr'>αὖ</span> <span class='ocrx_word' id='word_1_174' title='bbox 2616 1315 2709 1368; x_wconf 76' lang='grc' dir='ltr'>καὶ</span> <span class='ocrx_word' id='word_1_175' title='bbox 2734 1316 2818 1383; x_wconf 74' lang='grc' dir='ltr'><strong>ἐφ’</strong></span> <span class='ocrx_word' id='word_1_176' title='bbox 2848 1314 3039 1385; x_wconf 82' lang='grc' dir='ltr'>ἑτέρας</span> <span class='ocrx_word' id='word_1_177' title='bbox 3080 1317 3308 1381; x_wconf 77' lang='grc' dir='ltr'>ἐννοίας,</span> <span class='ocrx_word' id='word_1_178' title='bbox 3338 1320 3481 1388; x_wconf 75' lang='grc' dir='ltr'>φημὶ</span> <span class='ocrx_word' id='word_1_179' title='bbox 3517 1319 3573 1372; x_wconf 86' lang='grc' dir='ltr'>δὲ</span> <span class='ocrx_word' id='word_1_180' title='bbox 3605 1324 3709 1376; x_wconf 78' lang='grc' dir='ltr'>πά-</span> 
     </span>
    </p>
   </div>
   <div class='ocr_carea' id='block_1_23' title="bbox 2136 1405 3708 1479">
    <p class='ocr_par' dir='ltr' id='par_1_23' title="bbox 2136 1405 3708 1479">
     <span class='ocr_line' id='line_1_23' title="bbox 2136 1405 3708 1479; baseline 0.004 -20"><span class='ocrx_word' id='word_1_181' title='bbox 2136 1408 2217 1459; x_wconf 78' lang='grc' dir='ltr'><strong>λιν</strong></span> <span class='ocrx_word' id='word_1_182' title='bbox 2251 1408 2349 1469; x_wconf 89' lang='grc' dir='ltr'><strong>τάς</strong></span> <span class='ocrx_word' id='word_1_183' title='bbox 2396 1407 2481 1459; x_wconf 76' lang='grc' dir='ltr'><strong>ἐπ’</strong></span> <span class='ocrx_word' id='word_1_184' title='bbox 2509 1406 2655 1476; x_wconf 86' lang='grc' dir='ltr'>αὐτῷ</span> <span class='ocrx_word' id='word_1_185' title='bbox 2682 1406 2760 1477; x_wconf 89' lang='grc' dir='ltr'><strong>τῷ</strong></span> <span class='ocrx_word' id='word_1_186' title='bbox 2790 1405 3032 1477; x_wconf 82' lang='grc' dir='ltr'>Χριστῷ.</span> <span class='ocrx_word' id='word_1_187' title='bbox 3061 1408 3216 1461; x_wconf 86' lang='grc' dir='ltr'><strong>Μετά</strong></span> <span class='ocrx_word' id='word_1_188' title='bbox 3262 1408 3368 1479; x_wconf 85' lang='grc' dir='ltr'><strong>γάρ</strong></span> <span class='ocrx_word' id='word_1_189' title='bbox 3415 1427 3497 1463; x_wconf 90' lang='grc' dir='ltr'><strong>τοι</strong></span> <span class='ocrx_word' id='word_1_190' title='bbox 3526 1412 3588 1464; x_wconf 86' lang='grc' dir='ltr'><strong>τὸ</strong></span> <span class='ocrx_word' id='word_1_191' title='bbox 3618 1430 3708 1465; x_wconf 70' lang='grc' dir='ltr'><strong>τεο</strong></span> 
     </span>
    </p>
   </div>
   <div class='ocr_carea' id='block_1_24' title="bbox 2135 1496 3806 1568">
    <p class='ocr_par' dir='ltr' id='par_1_24' title="bbox 2135 1496 3806 1568">
     <span class='ocr_line' id='line_1_24' title="bbox 2135 1496 3806 1568; baseline 0.003 -18"><span class='ocrx_word' id='word_1_192' title='bbox 2135 1498 2327 1568; x_wconf 84' lang='grc' dir='ltr'>χθῆναι</span> <span class='ocrx_word' id='word_1_193' title='bbox 2363 1498 2451 1550; x_wconf 78' lang='grc' dir='ltr'><strong>τὸν</strong></span> <span class='ocrx_word' id='word_1_194' title='bbox 2496 1496 2752 1568; x_wconf 79' lang='grc' dir='ltr'>Ἰεζραὲλ,</span> <span class='ocrx_word' id='word_1_195' title='bbox 2812 1498 3076 1561; x_wconf 83' lang='grc' dir='ltr'>τουτέστι,</span> <span class='ocrx_word' id='word_1_196' title='bbox 3139 1498 3239 1566; x_wconf 85' lang='grc' dir='ltr'><strong>τὴν</strong></span> <span class='ocrx_word' id='word_1_197' title='bbox 3282 1498 3374 1551; x_wconf 90' lang='grc' dir='ltr'><strong>τοῦ</strong></span> <span class='ocrx_word' id='word_1_198' title='bbox 3405 1499 3540 1552; x_wconf 87' lang='grc' dir='ltr'>Θεοῦ</span> <span class='ocrx_word' id='word_1_199' title='bbox 3573 1519 3706 1555; x_wconf 86' lang='grc' dir='ltr'>σπο-</span> <span class='ocrx_word' id='word_1_200' title='bbox 3800 1538 3806 1543; x_wconf 65' lang='grc' dir='ltr'><strong>ι</strong></span> 
     </span>
    </p>
   </div>
   <div class='ocr_carea' id='block_1_25' title="bbox 450 1583 2015 1687">
    <p class='ocr_par' dir='ltr' id='par_1_25' title="bbox 450 1593 2015 1664">
     <span class='ocr_line' id='line_1_25' title="bbox 450 1593 2015 1664; baseline 0 -17"><span class='ocrx_word' id='word_1_201' title='bbox 450 1596 684 1649; x_wconf 88' lang='lat' dir='ltr'><strong>nlturum</strong></span> <span class='ocrx_word' id='word_1_202' title='bbox 716 1596 1027 1664; x_wconf 86' lang='lat' dir='ltr'><strong>promittit),</strong></span> <span class='ocrx_word' id='word_1_203' title='bbox 1066 1596 1207 1664; x_wconf 88' lang='lat' dir='ltr'><strong>parit</strong></span> <span class='ocrx_word' id='word_1_204' title='bbox 1242 1595 1443 1650; x_wconf 88' lang='lat' dir='ltr'><strong>Comer</strong></span> <span class='ocrx_word' id='word_1_205' title='bbox 1477 1594 1599 1663; x_wconf 88' lang='lat' dir='ltr'><strong>(hoc</strong></span> <span class='ocrx_word' id='word_1_206' title='bbox 1622 1602 1723 1657; x_wconf 90' lang='lat' dir='ltr'><strong>est,</strong></span> <span class='ocrx_word' id='word_1_207' title='bbox 1761 1593 2015 1648; x_wconf 83' lang='lat' dir='ltr'><strong>fornicata</strong></span> 
     </span>
    </p>
   </div>
   <div class='ocr_carea' id='block_1_26' title="bbox 2122 1583 3705 1687">
    <p class='ocr_par' dir='ltr' id='par_1_26' title="bbox 2137 1583 3705 1660">
     <span class='ocr_line' id='line_1_26' title="bbox 2137 1583 3705 1660; baseline 0.002 -17"><span class='ocrx_word' id='word_1_208' title='bbox 2137 1590 2269 1658; x_wconf 78' lang='grc' dir='ltr'>ράν,</span> <span class='ocrx_word' id='word_1_209' title='bbox 2339 1591 2429 1643; x_wconf 83' lang='grc' dir='ltr'><strong>ἵνα</strong></span> <span class='ocrx_word' id='word_1_210' title='bbox 2464 1593 2591 1660; x_wconf 81' lang='grc' dir='ltr'>νοῇς</span> <span class='ocrx_word' id='word_1_211' title='bbox 2619 1590 2709 1642; x_wconf 80' lang='grc' dir='ltr'>τὸν</span> <span class='ocrx_word' id='word_1_212' title='bbox 2771 1589 3138 1659; x_wconf 81' lang='grc' dir='ltr'>Ἐμμανουὴλ,</span> <span class='ocrx_word' id='word_1_213' title='bbox 3175 1583 3236 1642; x_wconf 79' lang='grc' dir='ltr'><strong>οῦ</strong></span> <span class='ocrx_word' id='word_1_214' title='bbox 3284 1590 3378 1643; x_wconf 69' lang='grc' dir='ltr'><strong>καὶ</strong></span> <span class='ocrx_word' id='word_1_215' title='bbox 3400 1591 3705 1660; x_wconf 80' lang='grc' dir='ltr'>ὲκδικήσειν</span> 
     </span>
    </p>
   </div>
   <div class='ocr_carea' id='block_1_27' title="bbox 450 1682 2021 1756">
    <p class='ocr_par' dir='ltr' id='par_1_27' title="bbox 450 1682 2021 1756">
     <span class='ocr_line' id='line_1_27' title="bbox 450 1682 2021 1756; baseline -0.002 -15"><span class='ocrx_word' id='word_1_216' title='bbox 450 1686 751 1741; x_wconf 72' lang='lat' dir='ltr'><strong>ludmorum</strong></span> <span class='ocrx_word' id='word_1_217' title='bbox 777 1684 1291 1756; x_wconf 84' lang='lat' dir='ltr'><strong>Synagoga)ﬁliam,</strong></span> <span class='ocrx_word' id='word_1_218' title='bbox 1322 1685 1435 1739; x_wconf 84' lang='lat' dir='ltr'><strong>sive</strong></span> <span class='ocrx_word' id='word_1_219' title='bbox 1467 1682 2021 1753; x_wconf 58' lang='lat' dir='ltr'><strong>multitudinemque</strong></span> 
     </span>
    </p>
   </div>
   <div class='ocr_carea' id='block_1_28' title="bbox 449 1776 2019 1845">
    <p class='ocr_par' dir='ltr' id='par_1_28' title="bbox 449 1776 2019 1845">
     <span class='ocr_line' id='line_1_28' title="bbox 449 1776 2019 1845; baseline -0.002 -14"><span class='ocrx_word' id='word_1_220' title='bbox 449 1780 701 1834; x_wconf 81' lang='lat' dir='ltr'><strong>decenter</strong></span> <span class='ocrx_word' id='word_1_221' title='bbox 759 1778 941 1831; x_wconf 88' lang='lat' dir='ltr'><strong>vocari</strong></span> <span class='ocrx_word' id='word_1_222' title='bbox 990 1776 1163 1845; x_wconf 85' lang='lat' dir='ltr'><strong>possit</strong></span> <span class='ocrx_word' id='word_1_223' title='bbox 1202 1776 1418 1843; x_wconf 85' lang='lat' dir='ltr'><strong>Absque</strong></span> <span class='ocrx_word' id='word_1_224' title='bbox 1469 1776 1865 1831; x_wconf 87' lang='lat' dir='ltr'><strong>misericordia.</strong></span> <span class='ocrx_word' id='word_1_225' title='bbox 1904 1777 2019 1845; x_wconf 86' lang='lat' dir='ltr'><strong>Ipsa</strong></span> 
     </span>
    </p>
   </div>
   <div class='ocr_carea' id='block_1_29' title="bbox 449 1866 2019 1938">
    <p class='ocr_par' dir='ltr' id='par_1_29' title="bbox 449 1866 2019 1938">
     <span class='ocr_line' id='line_1_29' title="bbox 449 1866 2019 1938; baseline -0.001 -16"><span class='ocrx_word' id='word_1_226' title='bbox 449 1871 641 1937; x_wconf 81' lang='lat' dir='ltr'><strong>quippe</strong></span> <span class='ocrx_word' id='word_1_227' title='bbox 670 1868 865 1922; x_wconf 89' lang='lat' dir='ltr'><strong>occidit</strong></span> <span class='ocrx_word' id='word_1_228' title='bbox 886 1866 1120 1932; x_wconf 87' lang='lat' dir='ltr'><strong>.lezrael,</strong></span> <span class='ocrx_word' id='word_1_229' title='bbox 1146 1868 1420 1924; x_wconf 79' lang='lat' dir='ltr'><strong>Christum</strong></span> <span class='ocrx_word' id='word_1_230' title='bbox 1445 1867 1871 1937; x_wconf 84' lang='lat' dir='ltr'><strong>puta.Quocirca</strong></span> <span class='ocrx_word' id='word_1_231' title='bbox 1898 1868 2019 1938; x_wconf 87' lang='lat' dir='ltr'><strong>jnre</strong></span> 
     </span>
    </p>
   </div>
   <div class='ocr_carea' id='block_1_30' title="bbox 448 1956 2019 2023">
    <p class='ocr_par' dir='ltr' id='par_1_30' title="bbox 448 1956 2019 2023">
     <span class='ocr_line' id='line_1_30' title="bbox 448 1956 2019 2023; baseline 0.001 -14"><span class='ocrx_word' id='word_1_232' title='bbox 448 1956 723 2010; x_wconf 90' lang='lat' dir='ltr'><strong>inimicum</strong></span> <span class='ocrx_word' id='word_1_233' title='bbox 751 1965 803 2009; x_wconf 92' lang='lat' dir='ltr'><strong>et</strong></span> <span class='ocrx_word' id='word_1_234' title='bbox 857 1957 1279 2012; x_wconf 87' lang='lat' dir='ltr'><strong>infensissimum</strong></span> <span class='ocrx_word' id='word_1_235' title='bbox 1318 1958 1418 2011; x_wconf 88' lang='lat' dir='ltr'><strong>sibi</strong></span> <span class='ocrx_word' id='word_1_236' title='bbox 1458 1957 1620 2012; x_wconf 87' lang='lat' dir='ltr'><strong>Deum</strong></span> <span class='ocrx_word' id='word_1_237' title='bbox 1652 1959 1876 2023; x_wconf 77' lang='lat' dir='ltr'><strong>invenit,</strong></span> <span class='ocrx_word' id='word_1_238' title='bbox 1907 1969 2019 2013; x_wconf 86' lang='lat' dir='ltr'><strong>sta-</strong></span> 
     </span>
    </p>
   </div>
   <div class='ocr_carea' id='block_1_31' title="bbox 447 2046 2017 2115">
    <p class='ocr_par' dir='ltr' id='par_1_31' title="bbox 447 2046 2017 2115">
     <span class='ocr_line' id='line_1_31' title="bbox 447 2046 2017 2115; baseline 0.001 -16"><span class='ocrx_word' id='word_1_239' title='bbox 447 2048 649 2115; x_wconf 88' lang='lat' dir='ltr'><strong>timque</strong></span> <span class='ocrx_word' id='word_1_240' title='bbox 677 2046 1014 2102; x_wconf 81' lang='lat' dir='ltr'><strong>calamitates</strong></span> <span class='ocrx_word' id='word_1_241' title='bbox 1040 2048 1487 2112; x_wconf 86' lang='lat' dir='ltr'><strong>immedicabiles,</strong></span> <span class='ocrx_word' id='word_1_242' title='bbox 1515 2065 1542 2101; x_wconf 89' lang='lat' dir='ltr'><strong>a</strong></span> <span class='ocrx_word' id='word_1_243' title='bbox 1572 2049 1833 2103; x_wconf 81' lang='lat' dir='ltr'><strong>Romanis</strong></span> <span class='ocrx_word' id='word_1_244' title='bbox 1857 2062 2017 2103; x_wconf 76' lang='lat' dir='ltr'><strong>exer-</strong></span> 
     </span>
    </p>
   </div>
   <div class='ocr_carea' id='block_1_32' title="bbox 446 2137 2014 2208">
    <p class='ocr_par' dir='ltr' id='par_1_32' title="bbox 446 2137 2014 2208">
     <span class='ocr_line' id='line_1_32' title="bbox 446 2137 2014 2208; baseline -0.003 -14"><span class='ocrx_word' id='word_1_245' title='bbox 446 2139 643 2194; x_wconf 86' lang='lat' dir='ltr'><strong>citibus</strong></span> <span class='ocrx_word' id='word_1_246' title='bbox 674 2138 973 2205; x_wconf 87' lang='lat' dir='ltr'><strong>devastata,</strong></span> <span class='ocrx_word' id='word_1_247' title='bbox 1010 2147 1064 2193; x_wconf 90' lang='lat' dir='ltr'><strong>et</strong></span> <span class='ocrx_word' id='word_1_248' title='bbox 1110 2138 1308 2192; x_wconf 88' lang='lat' dir='ltr'><strong>bellum</strong></span> <span class='ocrx_word' id='word_1_249' title='bbox 1338 2137 1495 2208; x_wconf 83' lang='lat' dir='ltr'><strong>longe</strong></span> <span class='ocrx_word' id='word_1_250' title='bbox 1536 2140 1746 2207; x_wconf 86' lang='lat' dir='ltr'><strong>lateque</strong></span> <span class='ocrx_word' id='word_1_251' title='bbox 1775 2140 2014 2191; x_wconf 87' lang='lat' dir='ltr'><strong>auditum</strong></span> 
     </span>
    </p>
   </div>
   <div class='ocr_carea' id='block_1_33' title="bbox 444 2228 2017 2300">
    <p class='ocr_par' dir='ltr' id='par_1_33' title="bbox 444 2228 2017 2300">
     <span class='ocr_line' id='line_1_33' title="bbox 444 2228 2017 2300; baseline 0.001 -16"><span class='ocrx_word' id='word_1_252' title='bbox 444 2245 693 2300; x_wconf 89' lang='lat' dir='ltr'><strong>perpessa</strong></span> <span class='ocrx_word' id='word_1_253' title='bbox 725 2230 998 2293; x_wconf 88' lang='lat' dir='ltr'><strong>sustinuit,</strong></span> <span class='ocrx_word' id='word_1_254' title='bbox 1037 2228 1250 2299; x_wconf 90' lang='lat' dir='ltr'><strong>quando</strong></span> <span class='ocrx_word' id='word_1_255' title='bbox 1277 2239 1335 2283; x_wconf 90' lang='lat' dir='ltr'><strong>et.</strong></span> <span class='ocrx_word' id='word_1_256' title='bbox 1365 2229 1619 2285; x_wconf 84' lang='lat' dir='ltr'><strong>mulieres</strong></span> <span class='ocrx_word' id='word_1_257' title='bbox 1642 2229 1874 2284; x_wconf 83' lang='lat' dir='ltr'><strong>infantes</strong></span> <span class='ocrx_word' id='word_1_258' title='bbox 1890 2245 2017 2285; x_wconf 89' lang='lat' dir='ltr'><strong>suos</strong></span> 
     </span>
    </p>
   </div>
   <div class='ocr_carea' id='block_1_34' title="bbox 444 2319 2013 2389">
    <p class='ocr_par' dir='ltr' id='par_1_34' title="bbox 444 2319 2013 2389">
     <span class='ocr_line' id='line_1_34' title="bbox 444 2319 2013 2389; baseline 0.001 -16"><span class='ocrx_word' id='word_1_259' title='bbox 444 2323 817 2385; x_wconf 89' lang='lat' dir='ltr'><strong>comederunt,</strong></span> <span class='ocrx_word' id='word_1_260' title='bbox 857 2329 911 2374; x_wconf 90' lang='lat' dir='ltr'><strong>et</strong></span> <span class='ocrx_word' id='word_1_261' title='bbox 951 2330 1007 2374; x_wconf 92' lang='lat' dir='ltr'><strong>ut</strong></span> <span class='ocrx_word' id='word_1_262' title='bbox 1043 2328 1127 2375; x_wconf 88' lang='lat' dir='ltr'><strong>est</strong></span> <span class='ocrx_word' id='word_1_263' title='bbox 1168 2319 1309 2389; x_wconf 90' lang='lat' dir='ltr'><strong>apud</strong></span> <span class='ocrx_word' id='word_1_264' title='bbox 1339 2320 1659 2389; x_wconf 85' lang='lat' dir='ltr'><strong>prepbetam</strong></span> <span class='ocrx_word' id='word_1_265' title='bbox 1702 2320 2013 2385; x_wconf 84' lang='lat' dir='ltr'><strong>Jeremiam,</strong></span> 
     </span>
    </p>
   </div>
   <div class='ocr_carea' id='block_1_35' title="bbox 448 2410 2015 2469">
    <p class='ocr_par' dir='ltr' id='par_1_35' title="bbox 448 2410 2015 2469">
     <span class='ocr_line' id='line_1_35' title="bbox 448 2410 2015 2469; baseline 0.003 -6"><span class='ocrx_word' id='word_1_266' title='bbox 448 2412 683 2469; x_wconf 66' lang='lat' dir='ltr'><strong>«Manus</strong></span> <span class='ocrx_word' id='word_1_267' title='bbox 734 2412 1018 2466; x_wconf 84' lang='lat' dir='ltr'><strong>mulierum</strong></span> <span class='ocrx_word' id='word_1_268' title='bbox 1079 2410 1510 2467; x_wconf 86' lang='lat' dir='ltr'><strong>misericordium</strong></span> <span class='ocrx_word' id='word_1_269' title='bbox 1558 2422 1821 2467; x_wconf 80' lang='lat' dir='ltr'><strong>coxerunt</strong></span> <span class='ocrx_word' id='word_1_270' title='bbox 1877 2414 2015 2469; x_wconf 77' lang='lat' dir='ltr'><strong>filios</strong></span> 
     </span>
    </p>
   </div>
   <div class='ocr_carea' id='block_1_36' title="bbox 444 2504 2014 2574">
    <p class='ocr_par' dir='ltr' id='par_1_36' title="bbox 444 2504 2014 2574">
     <span class='ocr_line' id='line_1_36' title="bbox 444 2504 2014 2574; baseline 0 -16"><span class='ocrx_word' id='word_1_271' title='bbox 444 2520 569 2559; x_wconf 91' lang='lat' dir='ltr'><strong>suos</strong></span> <span class='ocrx_word' id='word_1_272' title='bbox 590 2504 657 2571; x_wconf 81' lang='grc'><strong>⁸⁸,</strong></span> <span class='ocrx_word' id='word_1_273' title='bbox 692 2522 709 2555; x_wconf 75' lang='grc' dir='ltr'><strong>ι</strong></span> <span class='ocrx_word' id='word_1_274' title='bbox 744 2516 795 2557; x_wconf 91' lang='lat' dir='ltr'><strong>et</strong></span> <span class='ocrx_word' id='word_1_275' title='bbox 831 2504 978 2574; x_wconf 75' lang='lat' dir='ltr'><strong>leges</strong></span> <span class='ocrx_word' id='word_1_276' title='bbox 1010 2513 1217 2559; x_wconf 65' lang='lat' dir='ltr'><strong>natura:</strong></span> <span class='ocrx_word' id='word_1_277' title='bbox 1252 2505 1500 2558; x_wconf 69' lang='lat' dir='ltr'><strong>humana:</strong></span> <span class='ocrx_word' id='word_1_278' title='bbox 1531 2515 1871 2572; x_wconf 86' lang='lat' dir='ltr'><strong>spreverunt,</strong></span> <span class='ocrx_word' id='word_1_279' title='bbox 1892 2521 2014 2559; x_wconf 91' lang='lat' dir='ltr'><strong>cum</strong></span> 
     </span>
    </p>
   </div>
   <div class='ocr_carea' id='block_1_37' title="bbox 443 2593 2013 2665">
    <p class='ocr_par' dir='ltr' id='par_1_37' title="bbox 443 2593 2013 2665">
     <span class='ocr_line' id='line_1_37' title="bbox 443 2593 2013 2665; baseline 0.001 -18"><span class='ocrx_word' id='word_1_280' title='bbox 443 2593 613 2648; x_wconf 83' lang='lat' dir='ltr'><strong>fames</strong></span> <span class='ocrx_word' id='word_1_281' title='bbox 651 2610 742 2649; x_wconf 88' lang='lat' dir='ltr'><strong>cas</strong></span> <span class='ocrx_word' id='word_1_282' title='bbox 784 2594 1218 2665; x_wconf 83' lang='lat' dir='ltr'><strong>philostorgiam,</strong></span> <span class='ocrx_word' id='word_1_283' title='bbox 1263 2593 1465 2662; x_wconf 89' lang='lat' dir='ltr'><strong>alioqui</strong></span> <span class='ocrx_word' id='word_1_284' title='bbox 1525 2595 2013 2663; x_wconf 76' lang='lat' dir='ltr'><strong>inexpugnabilem,</strong></span> 
     </span>
    </p>
   </div>
   <div class='ocr_carea' id='block_1_38' title="bbox 442 2684 2016 2755">
    <p class='ocr_par' dir='ltr' id='par_1_38' title="bbox 442 2684 2016 2755">
     <span class='ocr_line' id='line_1_38' title="bbox 442 2684 2016 2755; baseline 0.001 -16"><span class='ocrx_word' id='word_1_285' title='bbox 442 2685 711 2754; x_wconf 71' lang='lat' dir='ltr'><strong>negligere</strong></span> <span class='ocrx_word' id='word_1_286' title='bbox 747 2685 1114 2755; x_wconf 84' lang='lat' dir='ltr'><strong>compelleret.</strong></span> <span class='ocrx_word' id='word_1_287' title='bbox 1164 2684 1331 2740; x_wconf 89' lang='lat' dir='ltr'><strong>Porro</strong></span> <span class='ocrx_word' id='word_1_288' title='bbox 1366 2685 1476 2739; x_wconf 67' lang='lat' dir='ltr'><strong>haec</strong></span> <span class='ocrx_word' id='word_1_289' title='bbox 1515 2687 1693 2739; x_wconf 82' lang='lat' dir='ltr'><strong>omnia</strong></span> <span class='ocrx_word' id='word_1_290' title='bbox 1720 2688 1790 2741; x_wconf 92' lang='lat' dir='ltr'><strong>ob</strong></span> <span class='ocrx_word' id='word_1_291' title='bbox 1826 2687 2016 2755; x_wconf 80' lang='lat' dir='ltr'><strong>impie-</strong></span> 
     </span>
    </p>
   </div>
   <div class='ocr_carea' id='block_1_39' title="bbox 443 2775 2014 2846">
    <p class='ocr_par' dir='ltr' id='par_1_39' title="bbox 443 2775 2014 2846">
     <span class='ocr_line' id='line_1_39' title="bbox 443 2775 2014 2846; baseline 0 -17"><span class='ocrx_word' id='word_1_292' title='bbox 443 2788 583 2830; x_wconf 86' lang='lat' dir='ltr'><strong>tates</strong></span> <span class='ocrx_word' id='word_1_293' title='bbox 614 2777 919 2844; x_wconf 88' lang='lat' dir='ltr'><strong>designatas</strong></span> <span class='ocrx_word' id='word_1_294' title='bbox 954 2776 1059 2830; x_wconf 91' lang='lat' dir='ltr'><strong>illis</strong></span> <span class='ocrx_word' id='word_1_295' title='bbox 1078 2785 1397 2831; x_wconf 84' lang='lat' dir='ltr'><strong>evenerunt.</strong></span> <span class='ocrx_word' id='word_1_296' title='bbox 1422 2775 1529 2846; x_wconf 76' lang='grc'><strong>25</strong></span> <span class='ocrx_word' id='word_1_297' title='bbox 1549 2775 1787 2843; x_wconf 88' lang='lat' dir='ltr'><strong>Spondet</strong></span> <span class='ocrx_word' id='word_1_298' title='bbox 1839 2788 2014 2831; x_wconf 86' lang='lat' dir='ltr'><strong>autem</strong></span> 
     </span>
    </p>
   </div>
   <div class='ocr_carea' id='block_1_40' title="bbox 442 2864 2012 2933">
    <p class='ocr_par' dir='ltr' id='par_1_40' title="bbox 442 2864 2012 2933">
     <span class='ocr_line' id='line_1_40' title="bbox 442 2864 2012 2933; baseline -0.001 -12"><span class='ocrx_word' id='word_1_299' title='bbox 442 2882 500 2921; x_wconf 88' lang='lat' dir='ltr'><strong>se</strong></span> <span class='ocrx_word' id='word_1_300' title='bbox 518 2866 892 2920; x_wconf 73' lang='lat' dir='ltr'><strong>misericordia</strong></span> <span class='ocrx_word' id='word_1_301' title='bbox 929 2866 1065 2919; x_wconf 83' lang='lat' dir='ltr'><strong>filios</strong></span> <span class='ocrx_word' id='word_1_302' title='bbox 1115 2864 1250 2918; x_wconf 84' lang='lat' dir='ltr'><strong>Juda</strong></span> <span class='ocrx_word' id='word_1_303' title='bbox 1293 2876 1727 2933; x_wconf 86' lang='lat' dir='ltr'><strong>prosecuturum,</strong></span> <span class='ocrx_word' id='word_1_304' title='bbox 1764 2867 1867 2922; x_wconf 86' lang='lat' dir='ltr'><strong>hoc</strong></span> <span class='ocrx_word' id='word_1_305' title='bbox 1910 2878 2012 2930; x_wconf 77' lang='lat' dir='ltr'><strong>est,</strong></span> 
     </span>
    </p>
   </div>
   <div class='ocr_carea' id='block_1_41' title="bbox 2128 1675 3702 1750">
    <p class='ocr_par' dir='ltr' id='par_1_41' title="bbox 2128 1675 3702 1750">
     <span class='ocr_line' id='line_1_41' title="bbox 2128 1675 3702 1750; baseline 0.003 -18"><span class='ocrx_word' id='word_1_306' title='bbox 2128 1680 2190 1732; x_wconf 80' lang='grc' dir='ltr'>τὸ</span> <span class='ocrx_word' id='word_1_307' title='bbox 2207 1675 2346 1749; x_wconf 76' lang='grc' dir='ltr'>αἷμα</span> <span class='ocrx_word' id='word_1_308' title='bbox 2371 1680 2861 1750; x_wconf 85' lang='grc' dir='ltr'>κατεπηγγέλλετο,</span> <span class='ocrx_word' id='word_1_309' title='bbox 2876 1681 3116 1733; x_wconf 85' lang='grc' dir='ltr'>τίκτεται</span> <span class='ocrx_word' id='word_1_310' title='bbox 3137 1683 3202 1750; x_wconf 81' lang='grc' dir='ltr'>τῇ</span> <span class='ocrx_word' id='word_1_311' title='bbox 3221 1681 3360 1750; x_wconf 90' lang='grc' dir='ltr'>Γόμε</span> <span class='ocrx_word' id='word_1_312' title='bbox 3371 1699 3420 1750; x_wconf 92' lang='grc' dir='ltr'><strong>ρ,</strong></span> <span class='ocrx_word' id='word_1_313' title='bbox 3438 1683 3702 1747; x_wconf 83' lang='grc' dir='ltr'>τουτέστι,</span> 
     </span>
    </p>
   </div>
   <div class='ocr_carea' id='block_1_42' title="bbox 2125 1771 3700 1846">
    <p class='ocr_par' dir='ltr' id='par_1_42' title="bbox 2125 1771 3700 1846">
     <span class='ocr_line' id='line_1_42' title="bbox 2125 1771 3700 1846; baseline 0.003 -23"><span class='ocrx_word' id='word_1_314' title='bbox 2125 1775 2191 1841; x_wconf 82' lang='grc' dir='ltr'>τῇ</span> <span class='ocrx_word' id='word_1_315' title='bbox 2224 1773 2635 1842; x_wconf 80' lang='grc' dir='ltr'>πεπορνευμένῃ</span> <span class='ocrx_word' id='word_1_316' title='bbox 2666 1771 2773 1824; x_wconf 89' lang='grc' dir='ltr'><strong>τῶν</strong></span> <span class='ocrx_word' id='word_1_317' title='bbox 2798 1771 3063 1824; x_wconf 87' lang='grc' dir='ltr'>Ἰουδαίων</span> <span class='ocrx_word' id='word_1_318' title='bbox 3092 1774 3414 1842; x_wconf 82' lang='grc' dir='ltr'>Συναγωγῇ,</span> <span class='ocrx_word' id='word_1_319' title='bbox 3434 1773 3700 1846; x_wconf 83' lang='grc' dir='ltr'>θυγάτηρ,</span> 
     </span>
    </p>
   </div>
   <div class='ocr_carea' id='block_1_43' title="bbox 2125 1858 3702 1936">
    <p class='ocr_par' dir='ltr' id='par_1_43' title="bbox 2125 1858 3702 1936">
     <span class='ocr_line' id='line_1_43' title="bbox 2125 1858 3702 1936; baseline 0.003 -21"><span class='ocrx_word' id='word_1_320' title='bbox 2125 1865 2243 1933; x_wconf 78' lang='grc' dir='ltr'>ἦτοι</span> <span class='ocrx_word' id='word_1_321' title='bbox 2281 1864 2512 1933; x_wconf 79' lang='grc' dir='ltr'>πληθὺς,</span> <span class='ocrx_word' id='word_1_322' title='bbox 2615 1865 2707 1917; x_wconf 78' lang='grc' dir='ltr'><strong>καὶ</strong></span> <span class='ocrx_word' id='word_1_323' title='bbox 2741 1864 2951 1933; x_wconf 83' lang='grc' dir='ltr'>πρέπον</span> <span class='ocrx_word' id='word_1_324' title='bbox 2989 1863 3053 1915; x_wconf 85' lang='grc' dir='ltr'><strong>ἂν</strong></span> <span class='ocrx_word' id='word_1_325' title='bbox 3086 1864 3169 1932; x_wconf 73' lang='grc' dir='ltr'>εἴη</span> <span class='ocrx_word' id='word_1_326' title='bbox 3202 1863 3262 1914; x_wconf 86' lang='grc' dir='ltr'>τὸ</span> <span class='ocrx_word' id='word_1_327' title='bbox 3287 1864 3564 1918; x_wconf 87' lang='grc' dir='ltr'>καλεῖσθαι</span> <span class='ocrx_word' id='word_1_328' title='bbox 3589 1868 3702 1920; x_wconf 63' lang='grc' dir='ltr'><strong>Οὶκ</strong></span> 
     </span>
    </p>
   </div>
   <div class='ocr_carea' id='block_1_44' title="bbox 2123 1951 3701 2025">
    <p class='ocr_par' dir='ltr' id='par_1_44' title="bbox 2123 1951 3701 2025">
     <span class='ocr_line' id='line_1_44' title="bbox 2123 1951 3701 2025; baseline 0.003 -21"><span class='ocrx_word' id='word_1_329' title='bbox 2123 1953 2419 2025; x_wconf 75' lang='grc' dir='ltr'>ἠλεημένη.</span> <span class='ocrx_word' id='word_1_330' title='bbox 2448 1953 2594 2023; x_wconf 79' lang='grc' dir='ltr'>Αὐτὴ</span> <span class='ocrx_word' id='word_1_331' title='bbox 2616 1952 2723 2023; x_wconf 86' lang='grc' dir='ltr'>γὰρ</span> <span class='ocrx_word' id='word_1_332' title='bbox 2750 1952 3036 2005; x_wconf 81' lang='grc' dir='ltr'>ἀπέκτεινε</span> <span class='ocrx_word' id='word_1_333' title='bbox 3060 1951 3149 2003; x_wconf 80' lang='grc' dir='ltr'><strong>τὸν</strong></span> <span class='ocrx_word' id='word_1_334' title='bbox 3180 1951 3437 2019; x_wconf 79' lang='grc' dir='ltr'>Ἰεζραὲλ,</span> <span class='ocrx_word' id='word_1_335' title='bbox 3458 1953 3701 2009; x_wconf 76' lang='grc' dir='ltr'>τουτέστι</span> 
     </span>
    </p>
   </div>
   <div class='ocr_carea' id='block_1_45' title="bbox 2124 2042 3701 2117">
    <p class='ocr_par' dir='ltr' id='par_1_45' title="bbox 2124 2042 3701 2117">
     <span class='ocr_line' id='line_1_45' title="bbox 2124 2042 3701 2117; baseline 0.001 -20"><span class='ocrx_word' id='word_1_336' title='bbox 2124 2046 2381 2117; x_wconf 85' lang='grc' dir='ltr'>Χριστόν.</span> <span class='ocrx_word' id='word_1_337' title='bbox 2407 2046 2675 2117; x_wconf 81' lang='grc' dir='ltr'>Ταύτῃτοι</span> <span class='ocrx_word' id='word_1_338' title='bbox 2697 2044 2922 2107; x_wconf 84' lang='grc' dir='ltr'>δικαίως</span> <span class='ocrx_word' id='word_1_339' title='bbox 2948 2043 3138 2113; x_wconf 80' lang='grc' dir='ltr'>ἐχθρὸν</span> <span class='ocrx_word' id='word_1_340' title='bbox 3181 2044 3272 2097; x_wconf 78' lang='lat' dir='ltr'><strong>ml</strong></span> <span class='ocrx_word' id='word_1_341' title='bbox 3301 2042 3701 2113; x_wconf 83' lang='grc' dir='ltr'>πολεμιώτατον</span> 
     </span>
    </p>
   </div>
   <div class='ocr_carea' id='block_1_46' title="bbox 2124 2134 3699 2210">
    <p class='ocr_par' dir='ltr' id='par_1_46' title="bbox 2124 2134 3699 2210">
     <span class='ocr_line' id='line_1_46' title="bbox 2124 2134 3699 2210; baseline -0.001 -20"><span class='ocrx_word' id='word_1_342' title='bbox 2124 2139 2367 2210; x_wconf 84' lang='grc' dir='ltr'>εὑρίσκει</span> <span class='ocrx_word' id='word_1_343' title='bbox 2406 2138 2563 2200; x_wconf 80' lang='grc' dir='ltr'>Θεὸν,</span> <span class='ocrx_word' id='word_1_344' title='bbox 2598 2138 2694 2190; x_wconf 78' lang='grc' dir='ltr'>καὶ</span> <span class='ocrx_word' id='word_1_345' title='bbox 2741 2137 3070 2205; x_wconf 82' lang='grc' dir='ltr'>ἀνηκέστους</span> <span class='ocrx_word' id='word_1_346' title='bbox 3105 2134 3267 2197; x_wconf 77' lang='grc' dir='ltr'>εὐθὺς</span> <span class='ocrx_word' id='word_1_347' title='bbox 3314 2136 3699 2205; x_wconf 82' lang='grc' dir='ltr'>ύπομεμένηκε</span> 
     </span>
    </p>
   </div>
   <div class='ocr_carea' id='block_1_47' title="bbox 2125 2225 3700 2298">
    <p class='ocr_par' dir='ltr' id='par_1_47' title="bbox 2125 2225 3700 2298">
     <span class='ocr_line' id='line_1_47' title="bbox 2125 2225 3700 2298; baseline -0.002 -16"><span class='ocrx_word' id='word_1_348' title='bbox 2125 2228 2428 2298; x_wconf 80' lang='grc' dir='ltr'>συμφορὰς,</span> <span class='ocrx_word' id='word_1_349' title='bbox 2475 2231 2596 2292; x_wconf 85' lang='grc' dir='ltr'>ταῖς</span> <span class='ocrx_word' id='word_1_350' title='bbox 2645 2227 2935 2298; x_wconf 81' lang='grc' dir='ltr'>Ῥωμαίων</span> <span class='ocrx_word' id='word_1_351' title='bbox 2968 2226 3261 2296; x_wconf 86' lang='grc' dir='ltr'>δυνάμεσιν</span> <span class='ocrx_word' id='word_1_352' title='bbox 3284 2225 3700 2295; x_wconf 76' lang='grc' dir='ltr'>ἐκπεπορθημέο</span> 
     </span>
    </p>
   </div>
   <div class='ocr_carea' id='block_1_48' title="bbox 2124 2300 3698 2392">
    <p class='ocr_par' dir='ltr' id='par_1_48' title="bbox 2124 2300 3698 2392">
     <span class='ocr_line' id='line_1_48' title="bbox 2124 2300 3698 2392; baseline -0.002 -19"><span class='ocrx_word' id='word_1_353' title='bbox 2124 2336 2209 2392; x_wconf 90' lang='grc' dir='ltr'><strong>νη,</strong></span> <span class='ocrx_word' id='word_1_354' title='bbox 2288 2320 2382 2373; x_wconf 69' lang='grc' dir='ltr'><strong>καὶ</strong></span> <span class='ocrx_word' id='word_1_355' title='bbox 2413 2319 2503 2372; x_wconf 84' lang='grc' dir='ltr'><strong>τὸν</strong></span> <span class='ocrx_word' id='word_1_356' title='bbox 2536 2318 2820 2388; x_wconf 89' lang='grc' dir='ltr'>διαϐόητον</span> <span class='ocrx_word' id='word_1_357' title='bbox 2857 2300 3153 2370; x_wconf 62' lang='grc' dir='ltr'>ὐποστᾶσα</span> <span class='ocrx_word' id='word_1_358' title='bbox 3187 2317 3444 2386; x_wconf 89' lang='grc' dir='ltr'>πόλεμον,</span> <span class='ocrx_word' id='word_1_359' title='bbox 3484 2318 3570 2371; x_wconf 82' lang='grc' dir='ltr'>ὅτε</span> <span class='ocrx_word' id='word_1_360' title='bbox 3604 2318 3698 2370; x_wconf 84' lang='lat' dir='ltr'><strong>ml.</strong></span> 
     </span>
    </p>
   </div>
   <div class='ocr_carea' id='block_1_49' title="bbox 2123 2404 3699 2482">
    <p class='ocr_par' dir='ltr' id='par_1_49' title="bbox 2123 2404 3699 2482">
     <span class='ocr_line' id='line_1_49' title="bbox 2123 2404 3699 2482; baseline -0.002 -18"><span class='ocrx_word' id='word_1_361' title='bbox 2123 2414 2377 2479; x_wconf 86' lang='grc' dir='ltr'>γυναῖκες</span> <span class='ocrx_word' id='word_1_362' title='bbox 2426 2412 2536 2465; x_wconf 90' lang='grc' dir='ltr'><strong>τῶν</strong></span> <span class='ocrx_word' id='word_1_363' title='bbox 2591 2411 2735 2464; x_wconf 80' lang='grc' dir='ltr'>ἰδίων</span> <span class='ocrx_word' id='word_1_364' title='bbox 2766 2410 2973 2482; x_wconf 73' lang='grc' dir='ltr'>ἥψαντο</span> <span class='ocrx_word' id='word_1_365' title='bbox 2999 2410 3224 2472; x_wconf 86' lang='grc' dir='ltr'>τέκνων,</span> <span class='ocrx_word' id='word_1_366' title='bbox 3278 2409 3371 2462; x_wconf 74' lang='grc' dir='ltr'><strong>καὶ</strong></span> <span class='ocrx_word' id='word_1_367' title='bbox 3478 2426 3641 2481; x_wconf 85' lang='grc' dir='ltr'>φησιν</span> <span class='ocrx_word' id='word_1_368' title='bbox 3668 2410 3699 2461; x_wconf 98' lang='lat'><strong>6</strong></span> 
     </span>
    </p>
   </div>
   <div class='ocr_carea' id='block_1_50' title="bbox 2123 2501 3696 2576">
    <p class='ocr_par' dir='ltr' id='par_1_50' title="bbox 2123 2501 3696 2576">
     <span class='ocr_line' id='line_1_50' title="bbox 2123 2501 3696 2576; baseline -0.003 -19"><span class='ocrx_word' id='word_1_369' title='bbox 2123 2507 2405 2576; x_wconf 82' lang='grc' dir='ltr'>προφήτης</span> <span class='ocrx_word' id='word_1_370' title='bbox 2449 2503 2737 2574; x_wconf 86' lang='grc' dir='ltr'>Ἱερεμίας,</span> <span class='ocrx_word' id='word_1_371' title='bbox 2769 2522 2787 2554; x_wconf 83' lang='grc' dir='ltr'><strong>ι</strong></span> <span class='ocrx_word' id='word_1_372' title='bbox 2816 2504 3008 2573; x_wconf 85' lang='grc' dir='ltr'>Χεῖρες</span> <span class='ocrx_word' id='word_1_373' title='bbox 3048 2501 3317 2569; x_wconf 86' lang='grc' dir='ltr'>γυναικῶν</span> <span class='ocrx_word' id='word_1_374' title='bbox 3338 2502 3696 2572; x_wconf 85' lang='grc' dir='ltr'>οίκτιρμόνων</span> 
     </span>
    </p>
   </div>
   <div class='ocr_carea' id='block_1_51' title="bbox 2121 2594 3697 2668">
    <p class='ocr_par' dir='ltr' id='par_1_51' title="bbox 2121 2594 3697 2668">
     <span class='ocr_line' id='line_1_51' title="bbox 2121 2594 3697 2668; baseline -0.001 -19"><span class='ocrx_word' id='word_1_375' title='bbox 2121 2597 2337 2668; x_wconf 71' lang='grc' dir='ltr'>ἥψησσν</span> <span class='ocrx_word' id='word_1_376' title='bbox 2370 2597 2437 2649; x_wconf 80' lang='grc' dir='ltr'><strong>τὰ</strong></span> <span class='ocrx_word' id='word_1_377' title='bbox 2460 2597 2651 2651; x_wconf 88' lang='grc' dir='ltr'>παιδία</span> <span class='ocrx_word' id='word_1_378' title='bbox 2675 2596 2902 2660; x_wconf 79' lang='grc' dir='ltr'>ἑαυτῶν,</span> <span class='ocrx_word' id='word_1_379' title='bbox 2929 2614 2946 2645; x_wconf 72' lang='grc' dir='ltr'><strong>ο</strong></span> <span class='ocrx_word' id='word_1_380' title='bbox 2990 2595 3083 2647; x_wconf 78' lang='grc' dir='ltr'>καὶ</span> <span class='ocrx_word' id='word_1_381' title='bbox 3108 2594 3322 2663; x_wconf 74' lang='grc' dir='ltr'>φύσεως</span> <span class='ocrx_word' id='word_1_382' title='bbox 3346 2594 3697 2665; x_wconf 83' lang='grc' dir='ltr'>ἀνθρωπίνης</span> 
     </span>
    </p>
   </div>
   <div class='ocr_carea' id='block_1_52' title="bbox 2122 2684 3696 2757">
    <p class='ocr_par' dir='ltr' id='par_1_52' title="bbox 2122 2684 3696 2757">
     <span class='ocr_line' id='line_1_52' title="bbox 2122 2684 3696 2757; baseline -0.001 -17"><span class='ocrx_word' id='word_1_383' title='bbox 2122 2689 2457 2757; x_wconf 86' lang='grc' dir='ltr'>ἀλογήσασαι</span> <span class='ocrx_word' id='word_1_384' title='bbox 2489 2687 2689 2757; x_wconf 90' lang='grc' dir='ltr'>νόμων,</span> <span class='ocrx_word' id='word_1_385' title='bbox 2742 2687 2836 2739; x_wconf 74' lang='grc' dir='ltr'>καὶ</span> <span class='ocrx_word' id='word_1_386' title='bbox 2877 2684 3259 2756; x_wconf 82' lang='grc' dir='ltr'>φιλοστοργίας</span> <span class='ocrx_word' id='word_1_387' title='bbox 3289 2686 3500 2755; x_wconf 82' lang='grc' dir='ltr'>ἀμάχου</span> <span class='ocrx_word' id='word_1_388' title='bbox 3525 2684 3696 2755; x_wconf 76' lang='grc' dir='ltr'>ρᾳθυ-</span> 
     </span>
    </p>
   </div>
   <div class='ocr_carea' id='block_1_53' title="bbox 2124 2776 3696 2848">
    <p class='ocr_par' dir='ltr' id='par_1_53' title="bbox 2124 2776 3696 2848">
     <span class='ocr_line' id='line_1_53' title="bbox 2124 2776 3696 2848; baseline -0.001 -17"><span class='ocrx_word' id='word_1_389' title='bbox 2124 2783 2242 2848; x_wconf 88' lang='grc' dir='ltr'>μεῖν</span> <span class='ocrx_word' id='word_1_390' title='bbox 2274 2780 2440 2841; x_wconf 79' lang='grc' dir='ltr'>αὐτὰς</span> <span class='ocrx_word' id='word_1_391' title='bbox 2471 2777 2867 2846; x_wconf 81' lang='grc' dir='ltr'>ἀναγκάζοντος</span> <span class='ocrx_word' id='word_1_392' title='bbox 2892 2776 2983 2830; x_wconf 91' lang='grc' dir='ltr'><strong>τοῦ</strong></span> <span class='ocrx_word' id='word_1_393' title='bbox 3016 2776 3196 2846; x_wconf 87' lang='grc' dir='ltr'>λιμοῦ.</span> <span class='ocrx_word' id='word_1_394' title='bbox 3232 2777 3391 2830; x_wconf 78' lang='grc' dir='ltr'>Ἀλλά</span> <span class='ocrx_word' id='word_1_395' title='bbox 3411 2777 3504 2831; x_wconf 79' lang='lat' dir='ltr'><strong>ml.</strong></span> <span class='ocrx_word' id='word_1_396' title='bbox 3534 2776 3696 2830; x_wconf 74' lang='grc' dir='ltr'>ταυτὶ</span> 
     </span>
    </p>
   </div>
   <div class='ocr_carea' id='block_1_54' title="bbox 2125 2869 3695 2940">
    <p class='ocr_par' dir='ltr' id='par_1_54' title="bbox 2125 2869 3695 2940">
     <span class='ocr_line' id='line_1_54' title="bbox 2125 2869 3695 2940; baseline 0.001 -18"><span class='ocrx_word' id='word_1_397' title='bbox 2125 2871 2221 2938; x_wconf 80' lang='grc' dir='ltr'><strong>μὲν</strong></span> <span class='ocrx_word' id='word_1_398' title='bbox 2250 2871 2463 2924; x_wconf 76' lang='grc' dir='ltr'>ἅπαντα</span> <span class='ocrx_word' id='word_1_399' title='bbox 2491 2873 2603 2934; x_wconf 87' lang='grc' dir='ltr'>τοῖς</span> <span class='ocrx_word' id='word_1_400' title='bbox 2641 2869 2941 2939; x_wconf 73' lang='grc' dir='ltr'>ἠσεϐηκόσι</span> <span class='ocrx_word' id='word_1_401' title='bbox 2991 2869 3355 2940; x_wconf 87' lang='grc' dir='ltr'>συμϐέϐηκεν.</span> <span class='ocrx_word' id='word_1_402' title='bbox 3422 2869 3695 2940; x_wconf 85' lang='grc' dir='ltr'>Ἐλεήσειν</span> 
     </span>
    </p>
   </div>
   <div class='ocr_carea' id='block_1_55' title="bbox 442 2952 2015 3034">
    <p class='ocr_par' dir='ltr' id='par_1_55' title="bbox 442 2952 2015 3026">
     <span class='ocr_line' id='line_1_55' title="bbox 442 2952 2015 3026; baseline 0.002 -19"><span class='ocrx_word' id='word_1_403' title='bbox 442 2956 554 3023; x_wconf 81' lang='lat' dir='ltr'><strong>qni,</strong></span> <span class='ocrx_word' id='word_1_404' title='bbox 581 2954 876 3007; x_wconf 84' lang='lat' dir='ltr'><strong>secundum</strong></span> <span class='ocrx_word' id='word_1_405' title='bbox 947 2952 1286 3023; x_wconf 86' lang='lat' dir='ltr'><strong>disciplinam</strong></span> <span class='ocrx_word' id='word_1_406' title='bbox 1326 2962 1379 3008; x_wconf 91' lang='lat' dir='ltr'><strong>et</strong></span> <span class='ocrx_word' id='word_1_407' title='bbox 1417 2956 1880 3024; x_wconf 86' lang='lat' dir='ltr'><strong>regenerationem</strong></span> <span class='ocrx_word' id='word_1_408' title='bbox 1924 2972 2015 3026; x_wconf 90' lang='lat' dir='ltr'><strong>per</strong></span> 
     </span>
    </p>
   </div>
   <div class='ocr_carea' id='block_1_56' title="bbox 2122 2952 3696 3034">
    <p class='ocr_par' dir='ltr' id='par_1_56' title="bbox 2122 2958 3696 3026">
     <span class='ocr_line' id='line_1_56' title="bbox 2122 2958 3696 3026; baseline 0.001 -15"><span class='ocrx_word' id='word_1_409' title='bbox 2122 2959 2178 3013; x_wconf 81' lang='grc' dir='ltr'>δὲ</span> <span class='ocrx_word' id='word_1_410' title='bbox 2211 2962 2335 3023; x_wconf 77' lang='grc' dir='ltr'>τοὺς</span> <span class='ocrx_word' id='word_1_411' title='bbox 2361 2963 2510 3024; x_wconf 74' lang='grc' dir='ltr'>υἱοὺς</span> <span class='ocrx_word' id='word_1_412' title='bbox 2548 2959 2717 3013; x_wconf 84' lang='grc' dir='ltr'>Ἰούδα</span> <span class='ocrx_word' id='word_1_413' title='bbox 2743 2958 3261 3026; x_wconf 86' lang='grc' dir='ltr'>κατεπαγγέλλεται,</span> <span class='ocrx_word' id='word_1_414' title='bbox 3287 2958 3549 3023; x_wconf 85' lang='grc' dir='ltr'>τουτέστι,</span> <span class='ocrx_word' id='word_1_415' title='bbox 3567 2960 3696 3023; x_wconf 79' lang='grc' dir='ltr'>τοὺς</span> 
     </span>
    </p>
   </div>
   <div class='ocr_carea' id='block_1_57' title="bbox 442 3044 2018 3116">
    <p class='ocr_par' dir='ltr' id='par_1_57' title="bbox 442 3044 2018 3116">
     <span class='ocr_line' id='line_1_57' title="bbox 442 3044 2018 3116; baseline 0.002 -18"><span class='ocrx_word' id='word_1_416' title='bbox 442 3047 722 3111; x_wconf 83' lang='lat' dir='ltr'><strong>Spiritum,</strong></span> <span class='ocrx_word' id='word_1_417' title='bbox 756 3044 958 3099; x_wconf 83' lang='lat' dir='ltr'><strong>Christi</strong></span> <span class='ocrx_word' id='word_1_418' title='bbox 1004 3045 1098 3099; x_wconf 79' lang='lat' dir='ltr'><strong>ﬁlii</strong></span> <span class='ocrx_word' id='word_1_419' title='bbox 1149 3056 1461 3111; x_wconf 82' lang='lat' dir='ltr'><strong>evaserunt,</strong></span> <span class='ocrx_word' id='word_1_420' title='bbox 1488 3048 1582 3116; x_wconf 91' lang='lat' dir='ltr'><strong>qui</strong></span> <span class='ocrx_word' id='word_1_421' title='bbox 1614 3047 1679 3102; x_wconf 88' lang='lat' dir='ltr'><strong>de</strong></span> <span class='ocrx_word' id='word_1_422' title='bbox 1710 3047 1851 3101; x_wconf 87' lang='lat' dir='ltr'><strong>tribu</strong></span> <span class='ocrx_word' id='word_1_423' title='bbox 1884 3046 2018 3101; x_wconf 83' lang='lat' dir='ltr'><strong>Juda</strong></span> 
     </span>
    </p>
   </div>
   <div class='ocr_carea' id='block_1_58' title="bbox 441 3135 2017 3206">
    <p class='ocr_par' dir='ltr' id='par_1_58' title="bbox 441 3135 2017 3206">
     <span class='ocr_line' id='line_1_58' title="bbox 441 3135 2017 3206; baseline 0.003 -18"><span class='ocrx_word' id='word_1_424' title='bbox 441 3137 558 3190; x_wconf 90' lang='lat' dir='ltr'><strong>fuit.</strong></span> <span class='ocrx_word' id='word_1_425' title='bbox 586 3135 641 3189; x_wconf 85' lang='lat' dir='ltr'><strong>Si</strong></span> <span class='ocrx_word' id='word_1_426' title='bbox 672 3137 816 3190; x_wconf 89' lang='lat' dir='ltr'><strong>enim</strong></span> <span class='ocrx_word' id='word_1_427' title='bbox 853 3150 948 3204; x_wconf 89' lang='lat' dir='ltr'><strong>per</strong></span> <span class='ocrx_word' id='word_1_428' title='bbox 977 3136 1331 3206; x_wconf 83' lang='lat' dir='ltr'><strong>Evangelium</strong></span> <span class='ocrx_word' id='word_1_429' title='bbox 1360 3137 1575 3205; x_wconf 87' lang='lat' dir='ltr'><strong>quidam</strong></span> <span class='ocrx_word' id='word_1_430' title='bbox 1627 3138 1827 3193; x_wconf 85' lang='lat' dir='ltr'><strong>sanctis</strong></span> <span class='ocrx_word' id='word_1_431' title='bbox 1887 3154 2017 3206; x_wconf 87' lang='lat' dir='ltr'><strong>apo-</strong></span> 
     </span>
    </p>
   </div>
   <div class='ocr_carea' id='block_1_59' title="bbox 441 3227 2021 3300">
    <p class='ocr_par' dir='ltr' id='par_1_59' title="bbox 441 3227 2021 3300">
     <span class='ocr_line' id='line_1_59' title="bbox 441 3227 2021 3300; baseline 0.002 -18"><span class='ocrx_word' id='word_1_432' title='bbox 441 3228 589 3282; x_wconf 82' lang='lat' dir='ltr'><strong>stolis</strong></span> <span class='ocrx_word' id='word_1_433' title='bbox 617 3228 671 3283; x_wconf 90' lang='lat' dir='ltr'><strong>in</strong></span> <span class='ocrx_word' id='word_1_434' title='bbox 698 3227 916 3283; x_wconf 85' lang='lat' dir='ltr'><strong>Christo</strong></span> <span class='ocrx_word' id='word_1_435' title='bbox 938 3234 1567 3299; x_wconf 87' lang='lat' dir='ltr'><strong>generantur,quomodo</strong></span> <span class='ocrx_word' id='word_1_436' title='bbox 1587 3245 1691 3284; x_wconf 91' lang='lat' dir='ltr'><strong>non</strong></span> <span class='ocrx_word' id='word_1_437' title='bbox 1726 3230 1896 3300; x_wconf 84' lang='lat' dir='ltr'><strong>magis</strong></span> <span class='ocrx_word' id='word_1_438' title='bbox 1925 3248 2021 3299; x_wconf 91' lang='lat' dir='ltr'><strong>per</strong></span> 
     </span>
    </p>
   </div>
   <div class='ocr_carea' id='block_1_60' title="bbox 440 3317 2018 3389">
    <p class='ocr_par' dir='ltr' id='par_1_60' title="bbox 440 3317 2018 3389">
     <span class='ocr_line' id='line_1_60' title="bbox 440 3317 2018 3389; baseline 0.001 -16"><span class='ocrx_word' id='word_1_439' title='bbox 440 3320 715 3374; x_wconf 74' lang='lat' dir='ltr'><strong>Christum</strong></span> <span class='ocrx_word' id='word_1_440' title='bbox 756 3318 973 3389; x_wconf 86' lang='lat' dir='ltr'><strong>ipsum?</strong></span> <span class='ocrx_word' id='word_1_441' title='bbox 1007 3318 1074 3374; x_wconf 89' lang='lat' dir='ltr'><strong>de</strong></span> <span class='ocrx_word' id='word_1_442' title='bbox 1104 3317 1298 3387; x_wconf 89' lang='lat' dir='ltr'><strong>quibus</strong></span> <span class='ocrx_word' id='word_1_443' title='bbox 1339 3320 1503 3373; x_wconf 87' lang='lat' dir='ltr'><strong>etiam</strong></span> <span class='ocrx_word' id='word_1_444' title='bbox 1550 3320 1659 3373; x_wconf 86' lang='lat' dir='ltr'><strong>ait:</strong></span> <span class='ocrx_word' id='word_1_445' title='bbox 1698 3338 1714 3370; x_wconf 82' lang='lat' dir='ltr'><strong>t</strong></span> <span class='ocrx_word' id='word_1_446' title='bbox 1748 3320 1888 3375; x_wconf 89' lang='lat' dir='ltr'><strong>Ecce</strong></span> <span class='ocrx_word' id='word_1_447' title='bbox 1920 3336 2018 3389; x_wconf 80' lang='lat' dir='ltr'><strong>ego</strong></span> 
     </span>
    </p>
   </div>
   <div class='ocr_carea' id='block_1_61' title="bbox 440 3398 2018 3480">
    <p class='ocr_par' dir='ltr' id='par_1_61' title="bbox 440 3398 2018 3480">
     <span class='ocr_line' id='line_1_61' title="bbox 440 3398 2018 3480; baseline 0 -15"><span class='ocrx_word' id='word_1_448' title='bbox 440 3422 492 3465; x_wconf 88' lang='lat' dir='ltr'><strong>ct</strong></span> <span class='ocrx_word' id='word_1_449' title='bbox 524 3411 673 3480; x_wconf 89' lang='lat' dir='ltr'><strong>pueri</strong></span> <span class='ocrx_word' id='word_1_450' title='bbox 709 3398 849 3479; x_wconf 76' lang='lat' dir='ltr'><strong>quos</strong></span> <span class='ocrx_word' id='word_1_451' title='bbox 889 3410 1037 3465; x_wconf 90' lang='lat' dir='ltr'><strong>dedit</strong></span> <span class='ocrx_word' id='word_1_452' title='bbox 1063 3408 1435 3465; x_wconf 76' lang='lat' dir='ltr'><strong>mihiDeus‘“.</strong></span> <span class='ocrx_word' id='word_1_453' title='bbox 1467 3427 1484 3460; x_wconf 74' lang='grc' dir='ltr'><strong>ι</strong></span> <span class='ocrx_word' id='word_1_454' title='bbox 1515 3408 1803 3465; x_wconf 87' lang='lat' dir='ltr'><strong>Salvantur</strong></span> <span class='ocrx_word' id='word_1_455' title='bbox 1840 3411 2018 3480; x_wconf 85' lang='lat' dir='ltr'><strong>itaque</strong></span> 
     </span>
    </p>
   </div>
   <div class='ocr_carea' id='block_1_62' title="bbox 440 3500 2015 3568">
    <p class='ocr_par' dir='ltr' id='par_1_62' title="bbox 440 3500 2015 3568">
     <span class='ocr_line' id='line_1_62' title="bbox 440 3500 2015 3568; baseline 0.003 -16"><span class='ocrx_word' id='word_1_456' title='bbox 440 3506 490 3554; x_wconf 86' lang='lat' dir='ltr'><strong>in</strong></span> <span class='ocrx_word' id='word_1_457' title='bbox 528 3502 743 3555; x_wconf 83' lang='lat' dir='ltr'><strong>Christo</strong></span> <span class='ocrx_word' id='word_1_458' title='bbox 784 3500 1007 3556; x_wconf 87' lang='lat' dir='ltr'><strong>Domino</strong></span> <span class='ocrx_word' id='word_1_459' title='bbox 1054 3511 1109 3555; x_wconf 91' lang='lat' dir='ltr'><strong>et</strong></span> <span class='ocrx_word' id='word_1_460' title='bbox 1142 3502 1251 3557; x_wconf 89' lang='lat' dir='ltr'><strong>Deo</strong></span> <span class='ocrx_word' id='word_1_461' title='bbox 1282 3502 1685 3568; x_wconf 88' lang='lat' dir='ltr'><strong>universorum,</strong></span> <span class='ocrx_word' id='word_1_462' title='bbox 1725 3518 1831 3558; x_wconf 90' lang='lat' dir='ltr'><strong>non</strong></span> <span class='ocrx_word' id='word_1_463' title='bbox 1866 3518 2015 3558; x_wconf 85' lang='lat' dir='ltr'><strong>arma</strong></span> 
     </span>
    </p>
   </div>
   <div class='ocr_carea' id='block_1_63' title="bbox 441 3590 2017 3657">
    <p class='ocr_par' dir='ltr' id='par_1_63' title="bbox 441 3590 2017 3657">
     <span class='ocr_line' id='line_1_63' title="bbox 441 3590 2017 3657; baseline 0.003 -16"><span class='ocrx_word' id='word_1_464' title='bbox 441 3599 716 3643; x_wconf 69' lang='lat' dir='ltr'><strong>ntovenles</strong></span> <span class='ocrx_word' id='word_1_465' title='bbox 770 3590 1045 3643; x_wconf 86' lang='lat' dir='ltr'><strong>terrestria</strong></span> <span class='ocrx_word' id='word_1_466' title='bbox 1102 3599 1157 3644; x_wconf 91' lang='lat' dir='ltr'><strong>et</strong></span> <span class='ocrx_word' id='word_1_467' title='bbox 1219 3590 1456 3645; x_wconf 89' lang='lat' dir='ltr'><strong>carnalia</strong></span> <span class='ocrx_word' id='word_1_468' title='bbox 1486 3590 1574 3657; x_wconf 82' lang='grc'><strong>⁸²;</strong></span> <span class='ocrx_word' id='word_1_469' title='bbox 1637 3592 1731 3646; x_wconf 90' lang='lat' dir='ltr'><strong>sed</strong></span> <span class='ocrx_word' id='word_1_470' title='bbox 1793 3592 1846 3646; x_wconf 91' lang='lat' dir='ltr'><strong>in</strong></span> <span class='ocrx_word' id='word_1_471' title='bbox 1906 3594 2017 3647; x_wconf 86' lang='lat' dir='ltr'><strong>vir-</strong></span> 
     </span>
    </p>
   </div>
   <div class='ocr_carea' id='block_1_64' title="bbox 445 3679 2016 3751">
    <p class='ocr_par' dir='ltr' id='par_1_64' title="bbox 445 3679 2016 3751">
     <span class='ocr_line' id='line_1_64' title="bbox 445 3679 2016 3751; baseline 0.005 -20"><span class='ocrx_word' id='word_1_472' title='bbox 445 3690 556 3735; x_wconf 89' lang='lat' dir='ltr'><strong>tute</strong></span> <span class='ocrx_word' id='word_1_473' title='bbox 591 3679 870 3746; x_wconf 89' lang='lat' dir='ltr'><strong>salvantis,</strong></span> <span class='ocrx_word' id='word_1_474' title='bbox 920 3688 972 3733; x_wconf 92' lang='lat' dir='ltr'><strong>et</strong></span> <span class='ocrx_word' id='word_1_475' title='bbox 997 3680 1359 3738; x_wconf 87' lang='lat' dir='ltr'><strong>concutientis</strong></span> <span class='ocrx_word' id='word_1_476' title='bbox 1399 3680 1615 3749; x_wconf 89' lang='lat' dir='ltr'><strong>quidem</strong></span> <span class='ocrx_word' id='word_1_477' title='bbox 1682 3683 2016 3751; x_wconf 87' lang='lat' dir='ltr'><strong>principatus</strong></span> 
     </span>
    </p>
   </div>
   <div class='ocr_carea' id='block_1_65' title="bbox 443 3769 2014 3839">
    <p class='ocr_par' dir='ltr' id='par_1_65' title="bbox 443 3769 2014 3839">
     <span class='ocr_line' id='line_1_65' title="bbox 443 3769 2014 3839; baseline 0.001 -14"><span class='ocrx_word' id='word_1_478' title='bbox 443 3782 494 3826; x_wconf 90' lang='lat' dir='ltr'><strong>ct</strong></span> <span class='ocrx_word' id='word_1_479' title='bbox 526 3770 747 3824; x_wconf 88' lang='lat' dir='ltr'><strong>thronos</strong></span> <span class='ocrx_word' id='word_1_480' title='bbox 767 3770 836 3834; x_wconf 81' lang='grc'>⁸⁸,</span> <span class='ocrx_word' id='word_1_481' title='bbox 887 3769 1462 3839; x_wconf 87' lang='lat' dir='ltr'><strong>triumphantisautem</strong></span> <span class='ocrx_word' id='word_1_482' title='bbox 1495 3784 1656 3826; x_wconf 88' lang='lat' dir='ltr'><strong>cruce</strong></span> <span class='ocrx_word' id='word_1_483' title='bbox 1680 3787 1777 3826; x_wconf 91' lang='lat' dir='ltr'><strong>sua</strong></span> <span class='ocrx_word' id='word_1_484' title='bbox 1823 3771 2014 3827; x_wconf 87' lang='lat' dir='ltr'><strong>adver-</strong></span> 
     </span>
    </p>
   </div>
   <div class='ocr_carea' id='block_1_66' title="bbox 441 3860 2034 3933">
    <p class='ocr_par' dir='ltr' id='par_1_66' title="bbox 441 3860 2034 3933">
     <span class='ocr_line' id='line_1_66' title="bbox 441 3860 2034 3933; baseline 0.001 -14"><span class='ocrx_word' id='word_1_485' title='bbox 441 3865 709 3919; x_wconf 74' lang='lat' dir='ltr'><strong>s:triorum</strong></span> <span class='ocrx_word' id='word_1_486' title='bbox 742 3871 1013 3926; x_wconf 87' lang='lat' dir='ltr'><strong>catervas,</strong></span> <span class='ocrx_word' id='word_1_487' title='bbox 1041 3870 1094 3915; x_wconf 91' lang='lat' dir='ltr'><strong>et</strong></span> <span class='ocrx_word' id='word_1_488' title='bbox 1118 3860 1384 3933; x_wconf 86' lang='lat' dir='ltr'><strong>malignas</strong></span> <span class='ocrx_word' id='word_1_489' title='bbox 1403 3868 1697 3930; x_wconf 88' lang='lat' dir='ltr'><strong>potestates</strong></span> <span class='ocrx_word' id='word_1_490' title='bbox 1715 3866 2034 3933; x_wconf 86' lang='lat' dir='ltr'><strong>evertentis,</strong></span> 
     </span>
    </p>
   </div>
   <div class='ocr_carea' id='block_1_67' title="bbox 439 3951 2011 4024">
    <p class='ocr_par' dir='ltr' id='par_1_67' title="bbox 439 3951 2011 4024">
     <span class='ocr_line' id='line_1_67' title="bbox 439 3951 2011 4024; baseline 0.003 -16"><span class='ocrx_word' id='word_1_491' title='bbox 439 3965 492 4008; x_wconf 91' lang='lat' dir='ltr'><strong>et</strong></span> <span class='ocrx_word' id='word_1_492' title='bbox 521 3954 698 4010; x_wconf 87' lang='lat' dir='ltr'><strong>dantis</strong></span> <span class='ocrx_word' id='word_1_493' title='bbox 732 3952 1076 4022; x_wconf 79' lang='lat' dir='ltr'><strong>diligentibus</strong></span> <span class='ocrx_word' id='word_1_494' title='bbox 1118 3965 1178 4007; x_wconf 89' lang='lat' dir='ltr'><strong>se</strong></span> <span class='ocrx_word' id='word_1_495' title='bbox 1215 3972 1233 4004; x_wconf 80' lang='grc' dir='ltr'><strong>ι</strong></span> <span class='ocrx_word' id='word_1_496' title='bbox 1262 3951 1471 4008; x_wconf 88' lang='lat' dir='ltr'><strong>calcare</strong></span> <span class='ocrx_word' id='word_1_497' title='bbox 1515 3968 1678 4022; x_wconf 87' lang='lat' dir='ltr'><strong>super</strong></span> <span class='ocrx_word' id='word_1_498' title='bbox 1715 3967 2011 4024; x_wconf 88' lang='lat' dir='ltr'><strong>serpentes,</strong></span> 
     </span>
    </p>
   </div>
   <div class='ocr_carea' id='block_1_68' title="bbox 439 4040 2007 4113">
    <p class='ocr_par' dir='ltr' id='par_1_68' title="bbox 439 4040 2007 4113">
     <span class='ocr_line' id='line_1_68' title="bbox 439 4040 2007 4113; baseline -0.002 -13"><span class='ocrx_word' id='word_1_499' title='bbox 439 4043 849 4113; x_wconf 79' lang='lat' dir='ltr'><strong>etscorpiones,</strong></span> <span class='ocrx_word' id='word_1_500' title='bbox 873 4051 925 4097; x_wconf 91' lang='lat' dir='ltr'><strong>et</strong></span> <span class='ocrx_word' id='word_1_501' title='bbox 959 4056 1119 4111; x_wconf 85' lang='lat' dir='ltr'><strong>super</strong></span> <span class='ocrx_word' id='word_1_502' title='bbox 1138 4056 1352 4096; x_wconf 92' lang='lat' dir='ltr'><strong>omnem</strong></span> <span class='ocrx_word' id='word_1_503' title='bbox 1377 4040 1630 4097; x_wconf 84' lang='lat' dir='ltr'><strong>virtutem</strong></span> <span class='ocrx_word' id='word_1_504' title='bbox 1665 4042 1871 4097; x_wconf 90' lang='lat' dir='ltr'><strong>inimici</strong></span> <span class='ocrx_word' id='word_1_505' title='bbox 1892 4042 1957 4097; x_wconf 72' lang='grc'><strong>⁸⁵.</strong></span> <span class='ocrx_word' id='word_1_506' title='bbox 1990 4063 2007 4096; x_wconf 71' lang='grc' dir='ltr'><strong>ι</strong></span> 
     </span>
    </p>
   </div>
   <div class='ocr_carea' id='block_1_69' title="bbox 438 4132 2015 4205">
    <p class='ocr_par' dir='ltr' id='par_1_69' title="bbox 438 4132 2015 4205">
     <span class='ocr_line' id='line_1_69' title="bbox 438 4132 2015 4205; baseline 0.001 -16"><span class='ocrx_word' id='word_1_507' title='bbox 438 4134 854 4205; x_wconf 81' lang='lat' dir='ltr'><strong>Appositissinte</strong></span> <span class='ocrx_word' id='word_1_508' title='bbox 899 4143 1078 4189; x_wconf 90' lang='lat' dir='ltr'><strong>autem</strong></span> <span class='ocrx_word' id='word_1_509' title='bbox 1117 4132 1452 4188; x_wconf 89' lang='lat' dir='ltr'><strong>incredulum</strong></span> <span class='ocrx_word' id='word_1_510' title='bbox 1479 4173 1494 4198; x_wconf 96' lang='lat'><strong>,</strong></span> <span class='ocrx_word' id='word_1_511' title='bbox 1536 4143 1592 4189; x_wconf 92' lang='lat' dir='ltr'><strong>et</strong></span> <span class='ocrx_word' id='word_1_512' title='bbox 1626 4133 1882 4190; x_wconf 73' lang='lat' dir='ltr'><strong>cll‘renem</strong></span> <span class='ocrx_word' id='word_1_513' title='bbox 1906 4176 1921 4200; x_wconf 97' lang='lat'><strong>,</strong></span> <span class='ocrx_word' id='word_1_514' title='bbox 1961 4148 2015 4191; x_wconf 90' lang='lat' dir='ltr'><strong>et</strong></span> 
     </span>
    </p>
   </div>
   <div class='ocr_carea' id='block_1_70' title="bbox 440 4221 2011 4294">
    <p class='ocr_par' dir='ltr' id='par_1_70' title="bbox 440 4221 2011 4294">
     <span class='ocr_line' id='line_1_70' title="bbox 440 4221 2011 4294; baseline -0.001 -13"><span class='ocrx_word' id='word_1_515' title='bbox 440 4222 648 4282; x_wconf 87' lang='lat' dir='ltr'><strong>Domini</strong></span> <span class='ocrx_word' id='word_1_516' title='bbox 703 4227 1104 4282; x_wconf 80' lang='lat' dir='ltr'><strong>interfectorem</strong></span> <span class='ocrx_word' id='word_1_517' title='bbox 1150 4223 1405 4294; x_wconf 89' lang='lat' dir='ltr'><strong>populum</strong></span> <span class='ocrx_word' id='word_1_518' title='bbox 1448 4221 1755 4280; x_wconf 64' lang='lat' dir='ltr'><strong>Iudaeorum</strong></span> <span class='ocrx_word' id='word_1_519' title='bbox 1802 4226 2011 4282; x_wconf 90' lang='lat' dir='ltr'><strong>mulieri</strong></span> 
     </span>
    </p>
   </div>
   <div class='ocr_carea' id='block_1_71' title="bbox 2123 3047 3693 3122">
    <p class='ocr_par' dir='ltr' id='par_1_71' title="bbox 2123 3047 3693 3122">
     <span class='ocr_line' id='line_1_71' title="bbox 2123 3047 3693 3122; baseline -0.001 -18"><span class='ocrx_word' id='word_1_520' title='bbox 2123 3053 2263 3104; x_wconf 81' lang='grc' dir='ltr'>κατὰ</span> <span class='ocrx_word' id='word_1_521' title='bbox 2287 3052 2521 3122; x_wconf 82' lang='grc' dir='ltr'>μάθησίν</span> <span class='ocrx_word' id='word_1_522' title='bbox 2548 3068 2609 3104; x_wconf 86' lang='grc' dir='ltr'><strong>τε</strong></span> <span class='ocrx_word' id='word_1_523' title='bbox 2656 3050 2749 3104; x_wconf 64' lang='grc' dir='ltr'><strong>καλ⁸</strong></span> <span class='ocrx_word' id='word_1_524' title='bbox 2774 3048 3240 3118; x_wconf 79' lang='grc' dir='ltr'>ἀναγέννησιντὴν</span> <span class='ocrx_word' id='word_1_525' title='bbox 3273 3049 3360 3101; x_wconf 85' lang='grc' dir='ltr'>διὰ</span> <span class='ocrx_word' id='word_1_526' title='bbox 3396 3047 3489 3101; x_wconf 85' lang='grc' dir='ltr'><strong>τοῦ</strong></span> <span class='ocrx_word' id='word_1_527' title='bbox 3520 3049 3693 3103; x_wconf 85' lang='grc' dir='ltr'>ΙΙνεύ-</span> 
     </span>
    </p>
   </div>
   <div class='ocr_carea' id='block_1_72' title="bbox 2124 3140 3690 3212">
    <p class='ocr_par' dir='ltr' id='par_1_72' title="bbox 2124 3140 3690 3212">
     <span class='ocr_line' id='line_1_72' title="bbox 2124 3140 3690 3212; baseline -0.001 -16"><span class='ocrx_word' id='word_1_528' title='bbox 2124 3160 2291 3212; x_wconf 87' lang='grc' dir='ltr'>ματος</span> <span class='ocrx_word' id='word_1_529' title='bbox 2314 3144 2463 3205; x_wconf 75' lang='grc' dir='ltr'>υἱοὺς</span> <span class='ocrx_word' id='word_1_530' title='bbox 2493 3144 2787 3211; x_wconf 86' lang='grc' dir='ltr'>γεγονότας</span> <span class='ocrx_word' id='word_1_531' title='bbox 2811 3140 3179 3211; x_wconf 80' lang='grc' dir='ltr'>Χριστοῦ,τοῦ</span> <span class='ocrx_word' id='word_1_532' title='bbox 3206 3143 3269 3193; x_wconf 83' lang='grc' dir='ltr'>ὲκ</span> <span class='ocrx_word' id='word_1_533' title='bbox 3296 3140 3467 3209; x_wconf 76' lang='grc' dir='ltr'>φυλῆς</span> <span class='ocrx_word' id='word_1_534' title='bbox 3503 3140 3690 3195; x_wconf 80' lang='grc' dir='ltr'>Ἰούδα.</span> 
     </span>
    </p>
   </div>
   <div class='ocr_carea' id='block_1_73' title="bbox 2121 3230 3696 3303">
    <p class='ocr_par' dir='ltr' id='par_1_73' title="bbox 2121 3230 3696 3303">
     <span class='ocr_line' id='line_1_73' title="bbox 2121 3230 3696 3303; baseline -0.001 -18"><span class='ocrx_word' id='word_1_535' title='bbox 2121 3233 2183 3286; x_wconf 88' lang='grc' dir='ltr'>Εί</span> <span class='ocrx_word' id='word_1_536' title='bbox 2206 3235 2314 3303; x_wconf 77' lang='grc' dir='ltr'><strong>γάρ</strong></span> <span class='ocrx_word' id='word_1_537' title='bbox 2344 3232 2431 3285; x_wconf 78' lang='grc' dir='ltr'>διὰ</span> <span class='ocrx_word' id='word_1_538' title='bbox 2464 3233 2556 3285; x_wconf 88' lang='grc' dir='ltr'><strong>τοῦ</strong></span> <span class='ocrx_word' id='word_1_539' title='bbox 2596 3231 2931 3300; x_wconf 81' lang='grc' dir='ltr'>Εὑαγγελίου</span> <span class='ocrx_word' id='word_1_540' title='bbox 2970 3230 3263 3298; x_wconf 77' lang='grc' dir='ltr'>γεννῶνται</span> <span class='ocrx_word' id='word_1_541' title='bbox 3294 3248 3439 3293; x_wconf 91' lang='grc' dir='ltr'>τινες</span> <span class='ocrx_word' id='word_1_542' title='bbox 3469 3232 3527 3283; x_wconf 85' lang='grc' dir='ltr'>ὲν</span> <span class='ocrx_word' id='word_1_543' title='bbox 3560 3232 3696 3303; x_wconf 79' lang='grc' dir='ltr'>Χρισ-</span> 
     </span>
    </p>
   </div>
   <div class='ocr_carea' id='block_1_74' title="bbox 2122 3321 3701 3395">
    <p class='ocr_par' dir='ltr' id='par_1_74' title="bbox 2122 3321 3701 3395">
     <span class='ocr_line' id='line_1_74' title="bbox 2122 3321 3701 3395; baseline -0.001 -18"><span class='ocrx_word' id='word_1_544' title='bbox 2122 3325 2230 3395; x_wconf 89' lang='grc' dir='ltr'><strong>στῷ</strong></span> <span class='ocrx_word' id='word_1_545' title='bbox 2264 3326 2377 3387; x_wconf 87' lang='grc' dir='ltr'>τοῖς</span> <span class='ocrx_word' id='word_1_546' title='bbox 2416 3324 2588 3392; x_wconf 84' lang='grc' dir='ltr'>ἁγίοις</span> <span class='ocrx_word' id='word_1_547' title='bbox 2618 3322 2966 3386; x_wconf 85' lang='grc' dir='ltr'>ἀποστόλοις,</span> <span class='ocrx_word' id='word_1_548' title='bbox 2991 3321 3104 3384; x_wconf 88' lang='grc' dir='ltr'><strong>πῶς</strong></span> <span class='ocrx_word' id='word_1_549' title='bbox 3136 3322 3255 3392; x_wconf 72' lang='grc' dir='ltr'><strong>οὐχὶ</strong></span> <span class='ocrx_word' id='word_1_550' title='bbox 3287 3322 3486 3391; x_wconf 81' lang='grc' dir='ltr'>μᾶλλον</span> <span class='ocrx_word' id='word_1_551' title='bbox 3509 3322 3574 3375; x_wconf 84' lang='grc' dir='ltr'>δι’</span> <span class='ocrx_word' id='word_1_552' title='bbox 3597 3324 3701 3375; x_wconf 80' lang='grc' dir='ltr'><strong>αὺ-</strong></span> 
     </span>
    </p>
   </div>
   <div class='ocr_carea' id='block_1_75' title="bbox 2118 3407 3701 3484">
    <p class='ocr_par' dir='ltr' id='par_1_75' title="bbox 2118 3407 3701 3484">
     <span class='ocr_line' id='line_1_75' title="bbox 2118 3407 3701 3484; baseline -0.003 -17"><span class='ocrx_word' id='word_1_553' title='bbox 2118 3415 2211 3467; x_wconf 88' lang='grc' dir='ltr'><strong>τοῦ</strong></span> <span class='ocrx_word' id='word_1_554' title='bbox 2235 3414 2327 3467; x_wconf 84' lang='grc' dir='ltr'><strong>τοῦ</strong></span> <span class='ocrx_word' id='word_1_555' title='bbox 2361 3413 2630 3484; x_wconf 85' lang='grc' dir='ltr'>Χριστοῦ;</span> <span class='ocrx_word' id='word_1_556' title='bbox 2658 3414 2785 3484; x_wconf 88' lang='grc' dir='ltr'><strong>περί</strong></span> <span class='ocrx_word' id='word_1_557' title='bbox 2808 3407 2881 3466; x_wconf 84' lang='grc' dir='ltr'>ὧν</span> <span class='ocrx_word' id='word_1_558' title='bbox 2907 3412 2999 3465; x_wconf 88' lang='grc' dir='ltr'><strong>καί</strong></span> <span class='ocrx_word' id='word_1_559' title='bbox 3031 3428 3185 3482; x_wconf 87' lang='grc' dir='ltr'>φησι·</span> <span class='ocrx_word' id='word_1_560' title='bbox 3223 3430 3241 3463; x_wconf 79' lang='lat' dir='ltr'><strong>t</strong></span> <span class='ocrx_word' id='word_1_561' title='bbox 3278 3411 3410 3464; x_wconf 78' lang='grc' dir='ltr'>Ἰδοὺ</span> <span class='ocrx_word' id='word_1_562' title='bbox 3445 3410 3576 3480; x_wconf 80' lang='grc' dir='ltr'>ἐγὼ,</span> <span class='ocrx_word' id='word_1_563' title='bbox 3602 3413 3701 3464; x_wconf 80' lang='grc' dir='ltr'><strong>καὶ</strong></span> 
     </span>
    </p>
   </div>
   <div class='ocr_carea' id='block_1_76' title="bbox 2117 3500 3698 3574">
    <p class='ocr_par' dir='ltr' id='par_1_76' title="bbox 2117 3500 3698 3574">
     <span class='ocr_line' id='line_1_76' title="bbox 2117 3500 3698 3574; baseline -0.002 -16"><span class='ocrx_word' id='word_1_564' title='bbox 2117 3504 2185 3558; x_wconf 81' lang='grc' dir='ltr'>τὰ</span> <span class='ocrx_word' id='word_1_565' title='bbox 2216 3505 2402 3559; x_wconf 81' lang='grc' dir='ltr'>παιδία</span> <span class='ocrx_word' id='word_1_566' title='bbox 2427 3506 2462 3557; x_wconf 82' lang='grc' dir='ltr'><strong>δι</strong></span> <span class='ocrx_word' id='word_1_567' title='bbox 2499 3503 2802 3574; x_wconf 85' lang='grc' dir='ltr'>μοιέδωκεν</span> <span class='ocrx_word' id='word_1_568' title='bbox 2830 3505 2857 3556; x_wconf 89' lang='lat'><strong>6</strong></span> <span class='ocrx_word' id='word_1_569' title='bbox 2887 3502 3037 3564; x_wconf 83' lang='grc' dir='ltr'>Θεός.</span> <span class='ocrx_word' id='word_1_570' title='bbox 3078 3520 3095 3552; x_wconf 74' lang='grc' dir='ltr'><strong>ι</strong></span> <span class='ocrx_word' id='word_1_571' title='bbox 3132 3500 3400 3565; x_wconf 75' lang='grc' dir='ltr'>Σώζονται</span> <span class='ocrx_word' id='word_1_572' title='bbox 3430 3502 3607 3554; x_wconf 84' lang='grc' dir='ltr'>τοίνυν</span> <span class='ocrx_word' id='word_1_573' title='bbox 3636 3506 3698 3555; x_wconf 83' lang='grc' dir='ltr'>ὲν</span> 
     </span>
    </p>
   </div>
   <div class='ocr_carea' id='block_1_77' title="bbox 2118 3593 3699 3669">
    <p class='ocr_par' dir='ltr' id='par_1_77' title="bbox 2118 3593 3699 3669">
     <span class='ocr_line' id='line_1_77' title="bbox 2118 3593 3699 3669; baseline -0.001 -20"><span class='ocrx_word' id='word_1_574' title='bbox 2118 3597 2337 3669; x_wconf 82' lang='grc' dir='ltr'>Χριστῷ</span> <span class='ocrx_word' id='word_1_575' title='bbox 2382 3596 2457 3666; x_wconf 85' lang='grc' dir='ltr'><strong>τῷ</strong></span> <span class='ocrx_word' id='word_1_576' title='bbox 2487 3596 2676 3665; x_wconf 80' lang='grc' dir='ltr'>Κυρίῳ</span> <span class='ocrx_word' id='word_1_577' title='bbox 2738 3596 2832 3648; x_wconf 73' lang='grc' dir='ltr'>καὶ</span> <span class='ocrx_word' id='word_1_578' title='bbox 2881 3593 2998 3663; x_wconf 85' lang='grc' dir='ltr'><strong>Θεῷ</strong></span> <span class='ocrx_word' id='word_1_579' title='bbox 3046 3593 3154 3645; x_wconf 90' lang='grc' dir='ltr'><strong>τῶν</strong></span> <span class='ocrx_word' id='word_1_580' title='bbox 3209 3593 3367 3657; x_wconf 83' lang='grc' dir='ltr'>ὅλων,</span> <span class='ocrx_word' id='word_1_581' title='bbox 3406 3593 3504 3662; x_wconf 78' lang='grc' dir='ltr'>οὐχ</span> <span class='ocrx_word' id='word_1_582' title='bbox 3555 3593 3699 3647; x_wconf 84' lang='grc' dir='ltr'>ὅπλα</span> 
     </span>
    </p>
   </div>
   <div class='ocr_carea' id='block_1_78' title="bbox 2118 3684 3697 3755">
    <p class='ocr_par' dir='ltr' id='par_1_78' title="bbox 2118 3684 3697 3755">
     <span class='ocr_line' id='line_1_78' title="bbox 2118 3684 3697 3755; baseline -0.003 -14"><span class='ocrx_word' id='word_1_583' title='bbox 2118 3689 2393 3749; x_wconf 87' lang='grc' dir='ltr'>κινοῦντες</span> <span class='ocrx_word' id='word_1_584' title='bbox 2420 3686 2639 3754; x_wconf 83' lang='grc' dir='ltr'>ὲπίγειά</span> <span class='ocrx_word' id='word_1_585' title='bbox 2684 3703 2743 3738; x_wconf 89' lang='grc' dir='ltr'><strong>τε</strong></span> <span class='ocrx_word' id='word_1_586' title='bbox 2800 3685 2893 3738; x_wconf 89' lang='lat' dir='ltr'><strong>ml.</strong></span> <span class='ocrx_word' id='word_1_587' title='bbox 2923 3684 3180 3755; x_wconf 81' lang='grc' dir='ltr'>σαρκικὰ,</span> <span class='ocrx_word' id='word_1_588' title='bbox 3228 3684 3342 3737; x_wconf 84' lang='grc' dir='ltr'>ἀλλ’</span> <span class='ocrx_word' id='word_1_589' title='bbox 3378 3685 3435 3736; x_wconf 74' lang='grc' dir='ltr'>ὲν</span> <span class='ocrx_word' id='word_1_590' title='bbox 3465 3684 3697 3752; x_wconf 84' lang='grc' dir='ltr'>δυνάμει</span> 
     </span>
    </p>
   </div>
   <div class='ocr_carea' id='block_1_79' title="bbox 2117 3771 3697 3843">
    <p class='ocr_par' dir='ltr' id='par_1_79' title="bbox 2117 3771 3697 3843">
     <span class='ocr_line' id='line_1_79' title="bbox 2117 3771 3697 3843; baseline -0.006 -11"><span class='ocrx_word' id='word_1_591' title='bbox 2117 3777 2209 3832; x_wconf 92' lang='grc' dir='ltr'><strong>τοῦ</strong></span> <span class='ocrx_word' id='word_1_592' title='bbox 2242 3777 2523 3841; x_wconf 79' lang='grc' dir='ltr'>σώζοντος,</span> <span class='ocrx_word' id='word_1_593' title='bbox 2558 3777 2651 3837; x_wconf 72' lang='grc' dir='ltr'>καὶ</span> <span class='ocrx_word' id='word_1_594' title='bbox 2676 3774 3057 3836; x_wconf 86' lang='grc' dir='ltr'>κατασείοντος</span> <span class='ocrx_word' id='word_1_595' title='bbox 3100 3771 3199 3842; x_wconf 82' lang='grc' dir='ltr'><strong>μὲν</strong></span> <span class='ocrx_word' id='word_1_596' title='bbox 3237 3772 3411 3843; x_wconf 84' lang='grc' dir='ltr'>ἀρχὰς</span> <span class='ocrx_word' id='word_1_597' title='bbox 3441 3773 3535 3826; x_wconf 72' lang='grc' dir='ltr'><strong>καὶ</strong></span> <span class='ocrx_word' id='word_1_598' title='bbox 3565 3771 3697 3843; x_wconf 80' lang='grc' dir='ltr'>θρό-</span> 
     </span>
    </p>
   </div>
   <div class='ocr_carea' id='block_1_80' title="bbox 2118 3860 3698 3936">
    <p class='ocr_par' dir='ltr' id='par_1_80' title="bbox 2118 3860 3698 3936">
     <span class='ocr_line' id='line_1_80' title="bbox 2118 3860 3698 3936; baseline -0.004 -16"><span class='ocrx_word' id='word_1_599' title='bbox 2118 3884 2263 3929; x_wconf 85' lang='grc' dir='ltr'>νους,</span> <span class='ocrx_word' id='word_1_600' title='bbox 2289 3862 2712 3936; x_wconf 86' lang='grc' dir='ltr'>θριαμϐεύοντος</span> <span class='ocrx_word' id='word_1_601' title='bbox 2738 3862 2794 3915; x_wconf 87' lang='grc' dir='ltr'>δὲ</span> <span class='ocrx_word' id='word_1_602' title='bbox 2821 3861 2897 3931; x_wconf 90' lang='grc' dir='ltr'><strong>τῷ</strong></span> <span class='ocrx_word' id='word_1_603' title='bbox 2930 3861 3043 3930; x_wconf 80' lang='grc' dir='ltr'>ἰδίῳ</span> <span class='ocrx_word' id='word_1_604' title='bbox 3083 3860 3300 3932; x_wconf 90' lang='grc' dir='ltr'>σταυρῷ</span> <span class='ocrx_word' id='word_1_605' title='bbox 3329 3860 3438 3914; x_wconf 88' lang='grc' dir='ltr'><strong>τῶν</strong></span> <span class='ocrx_word' id='word_1_606' title='bbox 3461 3862 3698 3914; x_wconf 83' lang='grc' dir='ltr'>ἀντικει-</span> 
     </span>
    </p>
   </div>
   <div class='ocr_carea' id='block_1_81' title="bbox 2120 3953 3695 4029">
    <p class='ocr_par' dir='ltr' id='par_1_81' title="bbox 2120 3953 3695 4029">
     <span class='ocr_line' id='line_1_81' title="bbox 2120 3953 3695 4029; baseline -0.005 -18"><span class='ocrx_word' id='word_1_607' title='bbox 2120 3958 2295 4029; x_wconf 87' lang='grc' dir='ltr'>μένων</span> <span class='ocrx_word' id='word_1_608' title='bbox 2335 3956 2404 4010; x_wconf 83' lang='grc' dir='ltr'><strong>τά</strong></span> <span class='ocrx_word' id='word_1_609' title='bbox 2444 3955 2627 4026; x_wconf 86' lang='grc' dir='ltr'>στίφη,</span> <span class='ocrx_word' id='word_1_610' title='bbox 2657 3955 2750 4007; x_wconf 77' lang='lat' dir='ltr'><strong>ml.</strong></span> <span class='ocrx_word' id='word_1_611' title='bbox 2791 3953 3049 4023; x_wconf 82' lang='grc' dir='ltr'>δυνάμεις</span> <span class='ocrx_word' id='word_1_612' title='bbox 3098 3954 3564 4023; x_wconf 86' lang='grc' dir='ltr'>καταστρέφοντος</span> <span class='ocrx_word' id='word_1_613' title='bbox 3590 3969 3695 4004; x_wconf 89' lang='grc' dir='ltr'>πο-</span> 
     </span>
    </p>
   </div>
   <div class='ocr_carea' id='block_1_82' title="bbox 2116 4044 3695 4121">
    <p class='ocr_par' dir='ltr' id='par_1_82' title="bbox 2116 4044 3695 4121">
     <span class='ocr_line' id='line_1_82' title="bbox 2116 4044 3695 4121; baseline -0.006 -17"><span class='ocrx_word' id='word_1_614' title='bbox 2116 4049 2310 4121; x_wconf 82' lang='grc' dir='ltr'>νηρὰς,</span> <span class='ocrx_word' id='word_1_615' title='bbox 2335 4050 2428 4103; x_wconf 81' lang='lat' dir='ltr'><strong>ml.</strong></span> <span class='ocrx_word' id='word_1_616' title='bbox 2479 4046 2711 4109; x_wconf 85' lang='grc' dir='ltr'>διδόντος</span> <span class='ocrx_word' id='word_1_617' title='bbox 2771 4048 2882 4107; x_wconf 80' lang='grc' dir='ltr'>τοῖς</span> <span class='ocrx_word' id='word_1_618' title='bbox 2927 4045 3210 4113; x_wconf 83' lang='grc' dir='ltr'>ἀγαπῶσιν</span> <span class='ocrx_word' id='word_1_619' title='bbox 3249 4044 3409 4096; x_wconf 72' lang='grc' dir='ltr'>αὐτὸν</span> <span class='ocrx_word' id='word_1_620' title='bbox 3443 4062 3461 4092; x_wconf 72' lang='grc' dir='ltr'><strong>ι</strong></span> <span class='ocrx_word' id='word_1_621' title='bbox 3499 4046 3695 4095; x_wconf 86' lang='grc' dir='ltr'>πατεῖν</span> 
     </span>
    </p>
   </div>
   <div class='ocr_carea' id='block_1_83' title="bbox 2115 4133 3692 4209">
    <p class='ocr_par' dir='ltr' id='par_1_83' title="bbox 2115 4133 3692 4209">
     <span class='ocr_line' id='line_1_83' title="bbox 2115 4133 3692 4209; baseline -0.006 -15"><span class='ocrx_word' id='word_1_622' title='bbox 2115 4143 2299 4197; x_wconf 75' lang='grc' dir='ltr'>ἐπάνω</span> <span class='ocrx_word' id='word_1_623' title='bbox 2317 4141 2491 4209; x_wconf 71' lang='grc' dir='ltr'>ὄφεων</span> <span class='ocrx_word' id='word_1_624' title='bbox 2553 4138 2646 4191; x_wconf 79' lang='lat' dir='ltr'><strong>ml.</strong></span> <span class='ocrx_word' id='word_1_625' title='bbox 2679 4135 2974 4206; x_wconf 89' lang='grc' dir='ltr'>σκορπίων,</span> <span class='ocrx_word' id='word_1_626' title='bbox 3003 4135 3094 4187; x_wconf 74' lang='grc' dir='ltr'><strong>καὶ</strong></span> <span class='ocrx_word' id='word_1_627' title='bbox 3137 4134 3229 4187; x_wconf 78' lang='grc' dir='ltr'>ἐπὶ</span> <span class='ocrx_word' id='word_1_628' title='bbox 3264 4135 3442 4186; x_wconf 79' lang='grc' dir='ltr'>πᾶσαν</span> <span class='ocrx_word' id='word_1_629' title='bbox 3471 4135 3567 4201; x_wconf 77' lang='grc' dir='ltr'><strong>τὴν</strong></span> <span class='ocrx_word' id='word_1_630' title='bbox 3594 4133 3692 4185; x_wconf 83' lang='grc' dir='ltr'>δύ-</span> 
     </span>
    </p>
   </div>
   <div class='ocr_carea' id='block_1_84' title="bbox 2117 4222 3690 4302">
    <p class='ocr_par' dir='ltr' id='par_1_84' title="bbox 2117 4222 3690 4302">
     <span class='ocr_line' id='line_1_84' title="bbox 2117 4222 3690 4302; baseline -0.008 -16"><span class='ocrx_word' id='word_1_631' title='bbox 2117 4250 2279 4302; x_wconf 87' lang='grc' dir='ltr'>ναμιν</span> <span class='ocrx_word' id='word_1_632' title='bbox 2317 4231 2410 4283; x_wconf 89' lang='grc' dir='ltr'><strong>τοῦ</strong></span> <span class='ocrx_word' id='word_1_633' title='bbox 2440 4229 2654 4300; x_wconf 75' lang='grc' dir='ltr'>ἐχθροῦ.</span> <span class='ocrx_word' id='word_1_634' title='bbox 2695 4248 2713 4279; x_wconf 85' lang='grc'><strong>›</strong></span> <span class='ocrx_word' id='word_1_635' title='bbox 2756 4225 2826 4280; x_wconf 80' lang='grc' dir='ltr'><strong>Εὖ</strong></span> <span class='ocrx_word' id='word_1_636' title='bbox 2860 4227 2914 4279; x_wconf 85' lang='grc' dir='ltr'>δὲ</span> <span class='ocrx_word' id='word_1_637' title='bbox 2969 4226 3031 4294; x_wconf 81' lang='grc' dir='ltr'>δὴ</span> <span class='ocrx_word' id='word_1_638' title='bbox 3089 4224 3289 4294; x_wconf 79' lang='grc' dir='ltr'>σφόδρα</span> <span class='ocrx_word' id='word_1_639' title='bbox 3339 4222 3435 4291; x_wconf 81' lang='grc' dir='ltr'><strong>τὴν</strong></span> <span class='ocrx_word' id='word_1_640' title='bbox 3491 4224 3690 4293; x_wconf 83' lang='grc' dir='ltr'>ἀπειθῆ</span> 
     </span>
    </p>
   </div>
   <div class='ocr_carea' id='block_1_85' title="bbox 438 4313 2015 4390">
    <p class='ocr_par' dir='ltr' id='par_1_85' title="bbox 438 4317 2015 4388">
     <span class='ocr_line' id='line_1_85' title="bbox 438 4317 2015 4388; baseline 0.001 -13"><span class='ocrx_word' id='word_1_641' title='bbox 438 4319 788 4388; x_wconf 76' lang='lat' dir='ltr'><strong>comparavit,</strong></span> <span class='ocrx_word' id='word_1_642' title='bbox 850 4318 948 4381; x_wconf 90' lang='lat' dir='ltr'><strong>illi,</strong></span> <span class='ocrx_word' id='word_1_643' title='bbox 1003 4318 1248 4386; x_wconf 90' lang='lat' dir='ltr'><strong>inquam,</strong></span> <span class='ocrx_word' id='word_1_644' title='bbox 1299 4334 1418 4387; x_wconf 73' lang='lat' dir='ltr'><strong>qua:</strong></span> <span class='ocrx_word' id='word_1_645' title='bbox 1461 4317 1605 4372; x_wconf 87' lang='lat' dir='ltr'><strong>dicta</strong></span> <span class='ocrx_word' id='word_1_646' title='bbox 1668 4329 1750 4372; x_wconf 88' lang='lat' dir='ltr'><strong>est</strong></span> <span class='ocrx_word' id='word_1_647' title='bbox 1797 4319 2015 4388; x_wconf 85' lang='lat' dir='ltr'><strong>Absque</strong></span> 
     </span>
    </p>
   </div>
   <div class='ocr_carea' id='block_1_86' title="bbox 2122 4313 3691 4390">
    <p class='ocr_par' dir='ltr' id='par_1_86' title="bbox 2122 4313 3691 4390">
     <span class='ocr_line' id='line_1_86' title="bbox 2122 4313 3691 4390; baseline -0.007 -15"><span class='ocrx_word' id='word_1_648' title='bbox 2122 4325 2215 4376; x_wconf 84' lang='lat' dir='ltr'><strong>ml.</strong></span> <span class='ocrx_word' id='word_1_649' title='bbox 2244 4321 2473 4390; x_wconf 81' lang='grc' dir='ltr'>ὲξήνιον,</span> <span class='ocrx_word' id='word_1_650' title='bbox 2507 4318 2600 4371; x_wconf 82' lang='lat' dir='ltr'><strong>m‘t</strong></span> <span class='ocrx_word' id='word_1_651' title='bbox 2645 4317 2989 4386; x_wconf 85' lang='grc' dir='ltr'>κυριοκτόνον</span> <span class='ocrx_word' id='word_1_652' title='bbox 3037 4316 3142 4367; x_wconf 88' lang='grc' dir='ltr'><strong>τῶν</strong></span> <span class='ocrx_word' id='word_1_653' title='bbox 3187 4313 3454 4367; x_wconf 88' lang='grc' dir='ltr'>Ἰουδαίων</span> <span class='ocrx_word' id='word_1_654' title='bbox 3480 4313 3691 4382; x_wconf 74' lang='grc' dir='ltr'>πληθὺν</span> 
     </span>
    </p>
   </div>
   <div class='ocr_carea' id='block_1_87' title="bbox 440 4406 2008 4466">
    <p class='ocr_par' dir='ltr' id='par_1_87' title="bbox 440 4406 2008 4466">
     <span class='ocr_line' id='line_1_87' title="bbox 440 4406 2008 4466; baseline 0 -2"><span class='ocrx_word' id='word_1_655' title='bbox 440 4410 829 4465; x_wconf 82' lang='lat' dir='ltr'><strong>misericordia.</strong></span> <span class='ocrx_word' id='word_1_656' title='bbox 876 4407 1131 4461; x_wconf 86' lang='lat' dir='ltr'><strong>Indicium</strong></span> <span class='ocrx_word' id='word_1_657' title='bbox 1165 4408 1308 4462; x_wconf 90' lang='lat' dir='ltr'><strong>enim</strong></span> <span class='ocrx_word' id='word_1_658' title='bbox 1366 4406 1752 4462; x_wconf 83' lang='lat' dir='ltr'><strong>imbecillitatis</strong></span> <span class='ocrx_word' id='word_1_659' title='bbox 1774 4420 1854 4464; x_wconf 89' lang='lat' dir='ltr'><strong>est</strong></span> <span class='ocrx_word' id='word_1_660' title='bbox 1890 4428 2008 4466; x_wconf 87' lang='lat' dir='ltr'><strong>tuu-</strong></span> 
     </span>
    </p>
   </div>
   <div class='ocr_carea' id='block_1_88' title="bbox 439 4494 2008 4567">
    <p class='ocr_par' dir='ltr' id='par_1_88' title="bbox 439 4494 2008 4567">
     <span class='ocr_line' id='line_1_88' title="bbox 439 4494 2008 4567; baseline 0.001 -16"><span class='ocrx_word' id='word_1_661' title='bbox 439 4500 559 4562; x_wconf 90' lang='lat' dir='ltr'><strong>lier,</strong></span> <span class='ocrx_word' id='word_1_662' title='bbox 592 4506 645 4550; x_wconf 90' lang='lat' dir='ltr'><strong>et</strong></span> <span class='ocrx_word' id='word_1_663' title='bbox 680 4495 843 4549; x_wconf 89' lang='lat' dir='ltr'><strong>animi</strong></span> <span class='ocrx_word' id='word_1_664' title='bbox 878 4495 1022 4548; x_wconf 89' lang='lat' dir='ltr'><strong>haud</strong></span> <span class='ocrx_word' id='word_1_665' title='bbox 1070 4495 1244 4548; x_wconf 90' lang='lat' dir='ltr'><strong>virilis</strong></span> <span class='ocrx_word' id='word_1_666' title='bbox 1296 4506 1458 4562; x_wconf 86' lang='lat' dir='ltr'><strong>atque</strong></span> <span class='ocrx_word' id='word_1_667' title='bbox 1509 4494 1665 4549; x_wconf 87' lang='lat' dir='ltr'><strong>fracti</strong></span> <span class='ocrx_word' id='word_1_668' title='bbox 1708 4500 2008 4567; x_wconf 87' lang='lat' dir='ltr'><strong>symbolum</strong></span> 
     </span>
    </p>
   </div>
   <div class='ocr_carea' id='block_1_89' title="bbox 440 4583 2011 4658">
    <p class='ocr_par' dir='ltr' id='par_1_89' title="bbox 440 4583 2011 4658">
     <span class='ocr_line' id='line_1_89' title="bbox 440 4583 2011 4658; baseline 0.001 -16"><span class='ocrx_word' id='word_1_669' title='bbox 440 4589 721 4656; x_wconf 87' lang='lat' dir='ltr'><strong>aptissime</strong></span> <span class='ocrx_word' id='word_1_670' title='bbox 750 4584 969 4654; x_wconf 76' lang='lat' dir='ltr'><strong>intelligi</strong></span> <span class='ocrx_word' id='word_1_671' title='bbox 993 4594 1176 4653; x_wconf 89' lang='lat' dir='ltr'><strong>queat.</strong></span> <span class='ocrx_word' id='word_1_672' title='bbox 1209 4583 1368 4639; x_wconf 89' lang='lat' dir='ltr'><strong>Tales</strong></span> <span class='ocrx_word' id='word_1_673' title='bbox 1393 4594 1518 4640; x_wconf 89' lang='lat' dir='ltr'><strong>sunt</strong></span> <span class='ocrx_word' id='word_1_674' title='bbox 1555 4601 1766 4655; x_wconf 88' lang='lat' dir='ltr'><strong>onmes,</strong></span> <span class='ocrx_word' id='word_1_675' title='bbox 1807 4590 1896 4658; x_wconf 90' lang='lat' dir='ltr'><strong>qui</strong></span> <span class='ocrx_word' id='word_1_676' title='bbox 1932 4593 2011 4644; x_wconf 91' lang='lat' dir='ltr'><strong>in-</strong></span> 
     </span>
    </p>
   </div>
   <div class='ocr_carea' id='block_1_90' title="bbox 438 4674 2009 4747">
    <p class='ocr_par' dir='ltr' id='par_1_90' title="bbox 438 4674 2009 4747">
     <span class='ocr_line' id='line_1_90' title="bbox 438 4674 2009 4747; baseline 0 -13"><span class='ocrx_word' id='word_1_677' title='bbox 438 4678 769 4734; x_wconf 84' lang='lat' dir='ltr'><strong>stitutionem</strong></span> <span class='ocrx_word' id='word_1_678' title='bbox 798 4689 894 4745; x_wconf 89' lang='lat' dir='ltr'><strong>per</strong></span> <span class='ocrx_word' id='word_1_679' title='bbox 907 4674 1181 4729; x_wconf 89' lang='lat' dir='ltr'><strong>Christum</strong></span> <span class='ocrx_word' id='word_1_680' title='bbox 1203 4689 1308 4729; x_wconf 90' lang='lat' dir='ltr'><strong>non</strong></span> <span class='ocrx_word' id='word_1_681' title='bbox 1343 4689 1719 4747; x_wconf 85' lang='lat' dir='ltr'><strong>susceperunt,</strong></span> <span class='ocrx_word' id='word_1_682' title='bbox 1742 4695 1839 4734; x_wconf 91' lang='lat' dir='ltr'><strong>nec</strong></span> <span class='ocrx_word' id='word_1_683' title='bbox 1856 4681 1907 4733; x_wconf 90' lang='lat' dir='ltr'><strong>in</strong></span> <span class='ocrx_word' id='word_1_684' title='bbox 1926 4682 2009 4734; x_wconf 87' lang='lat' dir='ltr'><strong>di-</strong></span> 
     </span>
    </p>
   </div>
   <div class='ocr_carea' id='block_1_91' title="bbox 439 4763 2006 4835">
    <p class='ocr_par' dir='ltr' id='par_1_91' title="bbox 439 4763 2006 4835">
     <span class='ocr_line' id='line_1_91' title="bbox 439 4763 2006 4835; baseline 0.004 -17"><span class='ocrx_word' id='word_1_685' title='bbox 439 4768 577 4820; x_wconf 87' lang='lat' dir='ltr'><strong>vinis</strong></span> <span class='ocrx_word' id='word_1_686' title='bbox 612 4778 666 4820; x_wconf 63' lang='grc' dir='ltr'><strong>ιιι</strong></span> <span class='ocrx_word' id='word_1_687' title='bbox 696 4765 901 4820; x_wconf 86' lang='lat' dir='ltr'><strong>sanctis</strong></span> <span class='ocrx_word' id='word_1_688' title='bbox 926 4764 1190 4818; x_wconf 89' lang='lat' dir='ltr'><strong>mandatis</strong></span> <span class='ocrx_word' id='word_1_689' title='bbox 1218 4763 1333 4832; x_wconf 88' lang='lat' dir='ltr'><strong>ejus</strong></span> <span class='ocrx_word' id='word_1_690' title='bbox 1370 4767 1577 4835; x_wconf 86' lang='lat' dir='ltr'><strong>ingredi</strong></span> <span class='ocrx_word' id='word_1_691' title='bbox 1617 4769 2006 4824; x_wconf 88' lang='lat' dir='ltr'><strong>sustinuerunt.</strong></span> 
     </span>
    </p>
   </div>
   <div class='ocr_carea' id='block_1_92' title="bbox 440 4856 2006 4926">
    <p class='ocr_par' dir='ltr' id='par_1_92' title="bbox 440 4856 2006 4926">
     <span class='ocr_line' id='line_1_92' title="bbox 440 4856 2006 4926; baseline 0.004 -18"><span class='ocrx_word' id='word_1_692' title='bbox 440 4857 798 4923; x_wconf 87' lang='lat' dir='ltr'><strong>Quamobrem</strong></span> <span class='ocrx_word' id='word_1_693' title='bbox 833 4856 1000 4912; x_wconf 89' lang='lat' dir='ltr'><strong>Oseas</strong></span> <span class='ocrx_word' id='word_1_694' title='bbox 1060 4857 1319 4925; x_wconf 87' lang='lat' dir='ltr'><strong>propheta</strong></span> <span class='ocrx_word' id='word_1_695' title='bbox 1361 4856 1573 4924; x_wconf 89' lang='lat' dir='ltr'><strong>inquit:</strong></span> <span class='ocrx_word' id='word_1_696' title='bbox 1612 4877 1628 4909; x_wconf 87' lang='grc' dir='ltr'><strong>ι</strong></span> <span class='ocrx_word' id='word_1_697' title='bbox 1662 4861 2006 4926; x_wconf 74' lang='lat' dir='ltr'><strong>Convertere,</strong></span> 
     </span>
    </p>
   </div>
   <div class='ocr_carea' id='block_1_93' title="bbox 386 4944 2006 5019">
    <p class='ocr_par' dir='ltr' id='par_1_93' title="bbox 386 4944 2006 5019">
     <span class='ocr_line' id='line_1_93' title="bbox 386 4944 2006 5019; baseline 0.002 -20"><span class='ocrx_word' id='word_1_698' title='bbox 386 5016 393 5019; x_wconf 27' lang='grc' dir='ltr'>ν</span> <span class='ocrx_word' id='word_1_699' title='bbox 438 4946 620 5006; x_wconf 80' lang='lat' dir='ltr'><strong>Israel,</strong></span> <span class='ocrx_word' id='word_1_700' title='bbox 645 4948 709 5000; x_wconf 86' lang='lat' dir='ltr'><strong>ad</strong></span> <span class='ocrx_word' id='word_1_701' title='bbox 734 4947 1014 5000; x_wconf 90' lang='lat' dir='ltr'><strong>Dominum</strong></span> <span class='ocrx_word' id='word_1_702' title='bbox 1041 4944 1200 5000; x_wconf 85' lang='lat' dir='ltr'><strong>Deum</strong></span> <span class='ocrx_word' id='word_1_703' title='bbox 1230 4955 1401 5009; x_wconf 87' lang='lat' dir='ltr'><strong>tuum,</strong></span> <span class='ocrx_word' id='word_1_704' title='bbox 1423 4948 1546 5015; x_wconf 86' lang='lat' dir='ltr'><strong>quia</strong></span> <span class='ocrx_word' id='word_1_705' title='bbox 1571 4948 1838 5001; x_wconf 88' lang='lat' dir='ltr'><strong>inlirmata</strong></span> <span class='ocrx_word' id='word_1_706' title='bbox 1862 4965 1920 5003; x_wconf 86' lang='lat' dir='ltr'><strong>es</strong></span> <span class='ocrx_word' id='word_1_707' title='bbox 1955 4952 2006 5003; x_wconf 89' lang='lat' dir='ltr'><strong>in</strong></span> 
     </span>
    </p>
   </div>
   <div class='ocr_carea' id='block_1_94' title="bbox 436 5034 2007 5105">
    <p class='ocr_par' dir='ltr' id='par_1_94' title="bbox 436 5034 2007 5105">
     <span class='ocr_line' id='line_1_94' title="bbox 436 5034 2007 5105; baseline 0.003 -16"><span class='ocrx_word' id='word_1_708' title='bbox 436 5036 814 5105; x_wconf 85' lang='lat' dir='ltr'><strong>iniquitatibus</strong></span> <span class='ocrx_word' id='word_1_709' title='bbox 833 5036 941 5089; x_wconf 92' lang='lat' dir='ltr'><strong>tuis</strong></span> <span class='ocrx_word' id='word_1_710' title='bbox 961 5034 1029 5091; x_wconf 81' lang='grc'><strong>⁸⁵.</strong></span> <span class='ocrx_word' id='word_1_711' title='bbox 1063 5056 1082 5088; x_wconf 77' lang='grc' dir='ltr'><strong>ι</strong></span> <span class='ocrx_word' id='word_1_712' title='bbox 1103 5036 1381 5092; x_wconf 87' lang='lat' dir='ltr'><strong>Etiterum</strong></span> <span class='ocrx_word' id='word_1_713' title='bbox 1431 5038 1499 5092; x_wconf 91' lang='lat' dir='ltr'><strong>de</strong></span> <span class='ocrx_word' id='word_1_714' title='bbox 1530 5040 1791 5093; x_wconf 78' lang='lat' dir='ltr'><strong>mandatis</strong></span> <span class='ocrx_word' id='word_1_715' title='bbox 1818 5040 2007 5094; x_wconf 83' lang='lat' dir='ltr'><strong>Salva-</strong></span> 
     </span>
    </p>
   </div>
   <div class='ocr_carea' id='block_1_95' title="bbox 410 5125 2009 5196">
    <p class='ocr_par' dir='ltr' id='par_1_95' title="bbox 410 5125 2009 5196">
     <span class='ocr_line' id='line_1_95' title="bbox 410 5125 2009 5196; baseline 0.004 -20"><span class='ocrx_word' id='word_1_716' title='bbox 410 5127 570 5180; x_wconf 63' lang='lat' dir='ltr'><strong>xtoris</strong></span> <span class='ocrx_word' id='word_1_717' title='bbox 604 5127 742 5180; x_wconf 88' lang='lat' dir='ltr'><strong>idem</strong></span> <span class='ocrx_word' id='word_1_718' title='bbox 770 5142 785 5180; x_wconf 87' lang='lat'><strong>:</strong></span> <span class='ocrx_word' id='word_1_719' title='bbox 814 5142 832 5175; x_wconf 77' lang='grc' dir='ltr'><strong>ι</strong></span> <span class='ocrx_word' id='word_1_720' title='bbox 852 5125 986 5193; x_wconf 83' lang='lat' dir='ltr'><strong>Quia</strong></span> <span class='ocrx_word' id='word_1_721' title='bbox 1022 5137 1181 5181; x_wconf 68' lang='lat' dir='ltr'><strong>recta:</strong></span> <span class='ocrx_word' id='word_1_722' title='bbox 1200 5128 1297 5181; x_wconf 74' lang='lat' dir='ltr'><strong>vite</strong></span> <span class='ocrx_word' id='word_1_723' title='bbox 1326 5129 1554 5191; x_wconf 90' lang='lat' dir='ltr'><strong>Domini,</strong></span> <span class='ocrx_word' id='word_1_724' title='bbox 1579 5138 1632 5182; x_wconf 92' lang='lat' dir='ltr'><strong>ct</strong></span> <span class='ocrx_word' id='word_1_725' title='bbox 1659 5131 1788 5196; x_wconf 87' lang='lat' dir='ltr'><strong>justi</strong></span> <span class='ocrx_word' id='word_1_726' title='bbox 1825 5132 2009 5185; x_wconf 84' lang='lat' dir='ltr'><strong>ambu-</strong></span> 
     </span>
    </p>
   </div>
   <div class='ocr_carea' id='block_1_96' title="bbox 438 5216 2002 5295">
    <p class='ocr_par' dir='ltr' id='par_1_96' title="bbox 438 5216 2002 5295">
     <span class='ocr_line' id='line_1_96' title="bbox 438 5216 2002 5295; baseline 0.002 -25"><span class='ocrx_word' id='word_1_727' title='bbox 438 5218 623 5272; x_wconf 90' lang='lat' dir='ltr'><strong>labunt</strong></span> <span class='ocrx_word' id='word_1_728' title='bbox 658 5217 709 5270; x_wconf 93' lang='lat' dir='ltr'><strong>in</strong></span> <span class='ocrx_word' id='word_1_729' title='bbox 732 5216 849 5282; x_wconf 83' lang='lat' dir='ltr'><strong>eis;</strong></span> <span class='ocrx_word' id='word_1_730' title='bbox 879 5217 1026 5285; x_wconf 84' lang='lat' dir='ltr'><strong>impii</strong></span> <span class='ocrx_word' id='word_1_731' title='bbox 1052 5229 1229 5272; x_wconf 90' lang='lat' dir='ltr'><strong>autem</strong></span> <span class='ocrx_word' id='word_1_732' title='bbox 1270 5218 1753 5295; x_wconf 62' lang='lat' dir='ltr'><strong>inﬁrmabnnturin</strong></span> <span class='ocrx_word' id='word_1_733' title='bbox 1790 5221 1868 5275; x_wconf 81' lang='lat' dir='ltr'><strong>eis</strong></span> <span class='ocrx_word' id='word_1_734' title='bbox 1885 5223 1949 5274; x_wconf 78' lang='grc'><strong>⁸⁸.</strong></span> <span class='ocrx_word' id='word_1_735' title='bbox 1987 5245 2002 5273; x_wconf 73' lang='grc' dir='ltr'><strong>ι</strong></span> 
     </span>
    </p>
   </div>
   <div class='ocr_carea' id='block_1_97' title="bbox 439 5307 2002 5379">
    <p class='ocr_par' dir='ltr' id='par_1_97' title="bbox 439 5307 2002 5379">
     <span class='ocr_line' id='line_1_97' title="bbox 439 5307 2002 5379; baseline 0.003 -16"><span class='ocrx_word' id='word_1_736' title='bbox 439 5311 580 5363; x_wconf 87' lang='lat' dir='ltr'><strong>Idem</strong></span> <span class='ocrx_word' id='word_1_737' title='bbox 625 5308 820 5364; x_wconf 90' lang='lat' dir='ltr'><strong>alicubi</strong></span> <span class='ocrx_word' id='word_1_738' title='bbox 854 5313 919 5363; x_wconf 88' lang='lat' dir='ltr'><strong>de</strong></span> <span class='ocrx_word' id='word_1_739' title='bbox 965 5310 1029 5365; x_wconf 86' lang='lat' dir='ltr'><strong>iis</strong></span> <span class='ocrx_word' id='word_1_740' title='bbox 1060 5310 1480 5377; x_wconf 87' lang='lat' dir='ltr'><strong>quioceiderunt</strong></span> <span class='ocrx_word' id='word_1_741' title='bbox 1515 5307 1756 5373; x_wconf 80' lang='lat' dir='ltr'><strong>Jezrael,</strong></span> <span class='ocrx_word' id='word_1_742' title='bbox 1811 5313 1860 5365; x_wconf 90' lang='lat' dir='ltr'><strong>id</strong></span> <span class='ocrx_word' id='word_1_743' title='bbox 1901 5325 2002 5379; x_wconf 89' lang='lat' dir='ltr'><strong>est,</strong></span> 
     </span>
    </p>
   </div>
   <div class='ocr_carea' id='block_1_98' title="bbox 435 5399 2005 5465">
    <p class='ocr_par' dir='ltr' id='par_1_98' title="bbox 435 5399 2005 5465">
     <span class='ocr_line' id='line_1_98' title="bbox 435 5399 2005 5465; baseline 0.003 -9"><span class='ocrx_word' id='word_1_744' title='bbox 435 5400 732 5464; x_wconf 87' lang='lat' dir='ltr'><strong>Christum,</strong></span> <span class='ocrx_word' id='word_1_745' title='bbox 774 5420 791 5452; x_wconf 75' lang='grc' dir='ltr'><strong>ι</strong></span> <span class='ocrx_word' id='word_1_746' title='bbox 819 5399 881 5453; x_wconf 83' lang='grc' dir='ltr'>Ει</span> <span class='ocrx_word' id='word_1_747' title='bbox 905 5401 1274 5454; x_wconf 88' lang='lat' dir='ltr'><strong>humiliabitur</strong></span> <span class='ocrx_word' id='word_1_748' title='bbox 1300 5399 1549 5465; x_wconf 85' lang='lat' dir='ltr'><strong>superbia</strong></span> <span class='ocrx_word' id='word_1_749' title='bbox 1592 5400 1753 5457; x_wconf 75' lang='lat' dir='ltr'><strong>Israel</strong></span> <span class='ocrx_word' id='word_1_750' title='bbox 1791 5405 1840 5457; x_wconf 88' lang='lat' dir='ltr'><strong>in</strong></span> <span class='ocrx_word' id='word_1_751' title='bbox 1873 5406 2005 5460; x_wconf 85' lang='lat' dir='ltr'><strong>facie</strong></span> 
     </span>
    </p>
   </div>
   <div class='ocr_carea' id='block_1_99' title="bbox 508 5593 1103 5663">
    <p class='ocr_par' dir='ltr' id='par_1_99' title="bbox 508 5593 1103 5663">
     <span class='ocr_line' id='line_1_99' title="bbox 508 5593 1103 5663; baseline -0.01 -15"><span class='ocrx_word' id='word_1_752' title='bbox 508 5596 553 5624; x_wconf 74' lang='grc'>⁷⁸</span> <span class='ocrx_word' id='word_1_753' title='bbox 582 5593 692 5647; x_wconf 82' lang='lat' dir='ltr'><strong>lV.‘</strong></span> <span class='ocrx_word' id='word_1_754' title='bbox 715 5593 844 5663; x_wconf 74' lang='lat' dir='ltr'><strong>Reg.</strong></span> <span class='ocrx_word' id='word_1_755' title='bbox 877 5611 988 5663; x_wconf 62' lang='grc' dir='ltr'>χιχ,</span> <span class='ocrx_word' id='word_1_756' title='bbox 1015 5594 1103 5645; x_wconf 71' lang='grc'><strong>55.</strong></span> 
     </span>
    </p>
   </div>
   <div class='ocr_carea' id='block_1_100' title="bbox 436 5662 1769 5727">
    <p class='ocr_par' dir='ltr' id='par_1_100' title="bbox 436 5662 1769 5727">
     <span class='ocr_line' id='line_1_100' title="bbox 436 5662 1769 5727; baseline 0.008 -21"><span class='ocrx_word' id='word_1_757' title='bbox 436 5670 652 5726; x_wconf 46' lang='lat'><strong>1053,”,</strong></span> <span class='ocrx_word' id='word_1_758' title='bbox 691 5666 773 5717; x_wconf 74' lang='grc' dir='ltr'>ιι),</span> <span class='ocrx_word' id='word_1_759' title='bbox 849 5662 1044 5716; x_wconf 67' lang='lat' dir='ltr'><strong>3&quot;Luc.</strong></span> <span class='ocrx_word' id='word_1_760' title='bbox 1079 5678 1129 5725; x_wconf 62' lang='grc' dir='ltr'><strong>Χ,</strong></span> <span class='ocrx_word' id='word_1_761' title='bbox 1176 5662 1254 5712; x_wconf 71' lang='lat' dir='ltr'><strong>lt).</strong></span> <span class='ocrx_word' id='word_1_762' title='bbox 1332 5662 1375 5690; x_wconf 71' lang='grc'><strong>⁸⁵</strong></span> <span class='ocrx_word' id='word_1_763' title='bbox 1408 5663 1544 5715; x_wconf 79' lang='lat' dir='ltr'><strong>Osce</strong></span> <span class='ocrx_word' id='word_1_764' title='bbox 1575 5677 1683 5727; x_wconf 76' lang='lat' dir='ltr'><strong>XIV,</strong></span> <span class='ocrx_word' id='word_1_765' title='bbox 1718 5664 1769 5718; x_wconf 74' lang='lat'><strong>‘2.</strong></span> 
     </span>
    </p>
   </div>
   <div class='ocr_carea' id='block_1_101' title="bbox 1198 5591 2015 5662">
    <p class='ocr_par' dir='ltr' id='par_1_101' title="bbox 1198 5591 2015 5654">
     <span class='ocr_line' id='line_1_101' title="bbox 1198 5591 2015 5654; baseline 0.01 -13"><span class='ocrx_word' id='word_1_766' title='bbox 1198 5591 1242 5621; x_wconf 75' lang='grc' dir='ltr'><strong>τ’</strong></span> <span class='ocrx_word' id='word_1_767' title='bbox 1289 5591 1428 5642; x_wconf 80' lang='lat' dir='ltr'><strong>l&#39;sal.</strong></span> <span class='ocrx_word' id='word_1_768' title='bbox 1461 5606 1533 5651; x_wconf 74' lang='lat' dir='ltr'><strong>lx,</strong></span> <span class='ocrx_word' id='word_1_769' title='bbox 1571 5592 1602 5643; x_wconf 77' lang='grc'><strong>8</strong></span> <span class='ocrx_word' id='word_1_770' title='bbox 1638 5634 1649 5654; x_wconf 92' lang='grc'><strong>,</strong></span> <span class='ocrx_word' id='word_1_771' title='bbox 1694 5594 1745 5646; x_wconf 83' lang='lat'><strong>9.</strong></span> <span class='ocrx_word' id='word_1_772' title='bbox 1824 5596 1868 5625; x_wconf 83' lang='grc'><strong>⁸⁰</strong></span> <span class='ocrx_word' id='word_1_773' title='bbox 1906 5594 2015 5649; x_wconf 80' lang='lat' dir='ltr'><strong>Thr</strong></span> 
     </span>
    </p>
   </div>
   <div class='ocr_carea' id='block_1_102' title="bbox 2122 5591 3391 5662">
    <p class='ocr_par' dir='ltr' id='par_1_102' title="bbox 2146 5592 3391 5662">
     <span class='ocr_line' id='line_1_102' title="bbox 2146 5592 3391 5662; baseline -0.004 -13"><span class='ocrx_word' id='word_1_774' title='bbox 2146 5612 2217 5661; x_wconf 84' lang='lat' dir='ltr'><strong>tv,</strong></span> <span class='ocrx_word' id='word_1_775' title='bbox 2245 5598 2329 5651; x_wconf 77' lang='grc'>10.</span> <span class='ocrx_word' id='word_1_776' title='bbox 2406 5597 2449 5627; x_wconf 83' lang='grc'>⁸¹</span> <span class='ocrx_word' id='word_1_777' title='bbox 2482 5595 2582 5651; x_wconf 86' lang='lat' dir='ltr'><strong>lsa.</strong></span> <span class='ocrx_word' id='word_1_778' title='bbox 2625 5612 2738 5662; x_wconf 85' lang='lat' dir='ltr'><strong>vm,</strong></span> <span class='ocrx_word' id='word_1_779' title='bbox 2773 5598 2853 5650; x_wconf 75' lang='lat'><strong>18.</strong></span> <span class='ocrx_word' id='word_1_780' title='bbox 2933 5595 2977 5625; x_wconf 66' lang='grc' dir='ltr'>ἠ</span> <span class='ocrx_word' id='word_1_781' title='bbox 3017 5593 3051 5646; x_wconf 93' lang='lat' dir='ltr'><strong>ll</strong></span> <span class='ocrx_word' id='word_1_782' title='bbox 3099 5594 3223 5646; x_wconf 79' lang='lat' dir='ltr'><strong>Cor.</strong></span> <span class='ocrx_word' id='word_1_783' title='bbox 3256 5610 3306 5653; x_wconf 64' lang='grc' dir='ltr'>χ,</span> <span class='ocrx_word' id='word_1_784' title='bbox 3340 5592 3391 5644; x_wconf 54' lang='lat' dir='ltr'><strong>ei.</strong></span> 
     </span>
    </p>
   </div>
   <div class='ocr_carea' id='block_1_103' title="bbox 1848 5666 2179 5720">
    <p class='ocr_par' dir='ltr' id='par_1_103' title="bbox 1848 5666 2179 5720">
     <span class='ocr_line' id='line_1_103' title="bbox 1848 5666 2179 5720; baseline 0.003 -1"><span class='ocrx_word' id='word_1_785' title='bbox 1848 5666 1892 5699; x_wconf 74' lang='lat'><strong>“</strong></span> <span class='ocrx_word' id='word_1_786' title='bbox 1925 5668 2054 5720; x_wconf 84' lang='lat' dir='ltr'><strong>ibid.</strong></span> <span class='ocrx_word' id='word_1_787' title='bbox 2096 5667 2179 5720; x_wconf 83' lang='grc'><strong>10.</strong></span> 
     </span>
    </p>
   </div>
   <div class='ocr_carea' id='block_1_104' title="bbox 2117 4402 3691 4477">
    <p class='ocr_par' dir='ltr' id='par_1_104' title="bbox 2117 4402 3691 4477">
     <span class='ocr_line' id='line_1_104' title="bbox 2117 4402 3691 4477; baseline -0.006 -15"><span class='ocrx_word' id='word_1_788' title='bbox 2117 4409 2334 4477; x_wconf 74' lang='grc' dir='ltr'>γυναικὶ</span> <span class='ocrx_word' id='word_1_789' title='bbox 2371 4407 2711 4477; x_wconf 79' lang='grc' dir='ltr'>παρεικάζει,</span> <span class='ocrx_word' id='word_1_790' title='bbox 2746 4407 2889 4477; x_wconf 71' lang='grc' dir='ltr'>φημὶ</span> <span class='ocrx_word' id='word_1_791' title='bbox 2915 4405 2976 4474; x_wconf 82' lang='grc' dir='ltr'>δὴ</span> <span class='ocrx_word' id='word_1_792' title='bbox 3003 4408 3070 4476; x_wconf 81' lang='grc' dir='ltr'>τῇ</span> <span class='ocrx_word' id='word_1_793' title='bbox 3112 4404 3221 4461; x_wconf 75' lang='grc' dir='ltr'><strong>Οὐκ</strong></span> <span class='ocrx_word' id='word_1_794' title='bbox 3267 4402 3559 4474; x_wconf 74' lang='grc' dir='ltr'>ἠλεημένῃ.</span> <span class='ocrx_word' id='word_1_795' title='bbox 3586 4404 3691 4470; x_wconf 86' lang='grc' dir='ltr'><strong>Ση-</strong></span> 
     </span>
    </p>
   </div>
   <div class='ocr_carea' id='block_1_105' title="bbox 2122 4493 3691 4569">
    <p class='ocr_par' dir='ltr' id='par_1_105' title="bbox 2122 4493 3691 4569">
     <span class='ocr_line' id='line_1_105' title="bbox 2122 4493 3691 4569; baseline -0.005 -17"><span class='ocrx_word' id='word_1_796' title='bbox 2122 4502 2269 4569; x_wconf 90' lang='grc' dir='ltr'>μεῖον</span> <span class='ocrx_word' id='word_1_797' title='bbox 2304 4498 2402 4568; x_wconf 82' lang='grc' dir='ltr'><strong>μὲν</strong></span> <span class='ocrx_word' id='word_1_798' title='bbox 2428 4499 2536 4568; x_wconf 87' lang='grc' dir='ltr'><strong>γάρ</strong></span> <span class='ocrx_word' id='word_1_799' title='bbox 2561 4498 2594 4567; x_wconf 83' lang='grc' dir='ltr'><strong>ἡ</strong></span> <span class='ocrx_word' id='word_1_800' title='bbox 2617 4497 2754 4567; x_wconf 83' lang='grc' dir='ltr'>γυνὴ</span> <span class='ocrx_word' id='word_1_801' title='bbox 2786 4496 2878 4549; x_wconf 76' lang='grc' dir='ltr'><strong>καὶ</strong></span> <span class='ocrx_word' id='word_1_802' title='bbox 2904 4497 3251 4566; x_wconf 86' lang='grc' dir='ltr'>φρονήματος</span> <span class='ocrx_word' id='word_1_803' title='bbox 3272 4494 3555 4563; x_wconf 86' lang='grc' dir='ltr'>ἀνάνδρου,</span> <span class='ocrx_word' id='word_1_804' title='bbox 3597 4493 3691 4555; x_wconf 76' lang='grc' dir='ltr'><strong>καὶ</strong></span> 
     </span>
    </p>
   </div>
   <div class='ocr_carea' id='block_1_106' title="bbox 2119 4585 3681 4661">
    <p class='ocr_par' dir='ltr' id='par_1_106' title="bbox 2119 4585 3681 4661">
     <span class='ocr_line' id='line_1_106' title="bbox 2119 4585 3681 4661; baseline -0.004 -16"><span class='ocrx_word' id='word_1_805' title='bbox 2119 4592 2492 4661; x_wconf 84' lang='grc' dir='ltr'>κεκλασμένου</span> <span class='ocrx_word' id='word_1_806' title='bbox 2545 4590 2715 4653; x_wconf 88' lang='grc' dir='ltr'>τύπος</span> <span class='ocrx_word' id='word_1_807' title='bbox 2772 4590 2838 4642; x_wconf 83' lang='grc' dir='ltr'><strong>ἂν</strong></span> <span class='ocrx_word' id='word_1_808' title='bbox 2888 4591 3059 4642; x_wconf 86' lang='grc' dir='ltr'>νοοῖτο</span> <span class='ocrx_word' id='word_1_809' title='bbox 3085 4628 3099 4651; x_wconf 93' lang='grc'><strong>,</strong></span> <span class='ocrx_word' id='word_1_810' title='bbox 3157 4587 3249 4641; x_wconf 75' lang='grc' dir='ltr'>καὶ</span> <span class='ocrx_word' id='word_1_811' title='bbox 3287 4586 3429 4657; x_wconf 84' lang='grc' dir='ltr'>μάλα</span> <span class='ocrx_word' id='word_1_812' title='bbox 3480 4585 3681 4654; x_wconf 85' lang='grc' dir='ltr'>σαφῶς.</span> 
     </span>
    </p>
   </div>
   <div class='ocr_carea' id='block_1_107' title="bbox 2116 4672 3687 4750">
    <p class='ocr_par' dir='ltr' id='par_1_107' title="bbox 2116 4672 3687 4750">
     <span class='ocr_line' id='line_1_107' title="bbox 2116 4672 3687 4750; baseline -0.007 -14"><span class='ocrx_word' id='word_1_813' title='bbox 2116 4686 2160 4736; x_wconf 89' lang='grc' dir='ltr'><em>Τ</em></span> <span class='ocrx_word' id='word_1_814' title='bbox 2163 4685 2319 4738; x_wconf 87' lang='grc' dir='ltr'>οιοίδε</span> <span class='ocrx_word' id='word_1_815' title='bbox 2345 4683 2404 4736; x_wconf 85' lang='grc' dir='ltr'>δὲ</span> <span class='ocrx_word' id='word_1_816' title='bbox 2430 4682 2651 4744; x_wconf 86' lang='grc' dir='ltr'>πάντες,</span> <span class='ocrx_word' id='word_1_817' title='bbox 2683 4683 2798 4734; x_wconf 82' lang='grc' dir='ltr'>ὅσοι</span> <span class='ocrx_word' id='word_1_818' title='bbox 2821 4680 2917 4750; x_wconf 83' lang='grc' dir='ltr'>τὴν</span> <span class='ocrx_word' id='word_1_819' title='bbox 2953 4678 3042 4732; x_wconf 79' lang='grc' dir='ltr'>διὰ</span> <span class='ocrx_word' id='word_1_820' title='bbox 3086 4674 3319 4748; x_wconf 84' lang='grc' dir='ltr'>Χριστοῦ</span> <span class='ocrx_word' id='word_1_821' title='bbox 3350 4674 3425 4745; x_wconf 81' lang='grc' dir='ltr'>μὴ</span> <span class='ocrx_word' id='word_1_822' title='bbox 3459 4672 3687 4742; x_wconf 83' lang='grc' dir='ltr'>παρεδέ-</span> 
     </span>
    </p>
   </div>
   <div class='ocr_carea' id='block_1_108' title="bbox 2118 4765 3688 4843">
    <p class='ocr_par' dir='ltr' id='par_1_108' title="bbox 2118 4765 3688 4843">
     <span class='ocr_line' id='line_1_108' title="bbox 2118 4765 3688 4843; baseline -0.008 -14"><span class='ocrx_word' id='word_1_823' title='bbox 2118 4777 2272 4840; x_wconf 83' lang='grc' dir='ltr'>ξαντο</span> <span class='ocrx_word' id='word_1_824' title='bbox 2307 4775 2614 4839; x_wconf 87' lang='grc' dir='ltr'>παίδευσιν,</span> <span class='ocrx_word' id='word_1_825' title='bbox 2670 4773 2809 4843; x_wconf 79' lang='grc' dir='ltr'>μήτε</span> <span class='ocrx_word' id='word_1_826' title='bbox 2854 4772 2957 4842; x_wconf 77' lang='grc' dir='ltr'>μὴν</span> <span class='ocrx_word' id='word_1_827' title='bbox 2986 4770 3273 4839; x_wconf 72' lang='grc' dir='ltr'>ἠνέσχοντο</span> <span class='ocrx_word' id='word_1_828' title='bbox 3301 4766 3526 4820; x_wconf 87' lang='grc' dir='ltr'>κατόπιν</span> <span class='ocrx_word' id='word_1_829' title='bbox 3554 4765 3688 4817; x_wconf 82' lang='grc' dir='ltr'>ἰέναι</span> 
     </span>
    </p>
   </div>
   <div class='ocr_carea' id='block_1_109' title="bbox 2115 4852 3689 4927">
    <p class='ocr_par' dir='ltr' id='par_1_109' title="bbox 2115 4852 3689 4927">
     <span class='ocr_line' id='line_1_109' title="bbox 2115 4852 3689 4927; baseline -0.008 -12"><span class='ocrx_word' id='word_1_830' title='bbox 2115 4864 2221 4917; x_wconf 86' lang='grc' dir='ltr'><strong>τῶν</strong></span> <span class='ocrx_word' id='word_1_831' title='bbox 2247 4864 2405 4916; x_wconf 85' lang='grc' dir='ltr'>θείων</span> <span class='ocrx_word' id='word_1_832' title='bbox 2430 4861 2595 4915; x_wconf 82' lang='grc' dir='ltr'>αὐτοῦ</span> <span class='ocrx_word' id='word_1_833' title='bbox 2665 4861 2757 4914; x_wconf 72' lang='grc' dir='ltr'>καὶ</span> <span class='ocrx_word' id='word_1_834' title='bbox 2780 4860 2949 4927; x_wconf 81' lang='grc' dir='ltr'>ἁγίων</span> <span class='ocrx_word' id='word_1_835' title='bbox 2979 4856 3385 4927; x_wconf 83' lang='grc' dir='ltr'>θεσπισμάτων.</span> <span class='ocrx_word' id='word_1_836' title='bbox 3424 4854 3532 4906; x_wconf 75' lang='grc' dir='ltr'><strong>Καὶ</strong></span> <span class='ocrx_word' id='word_1_837' title='bbox 3560 4852 3689 4920; x_wconf 85' lang='grc' dir='ltr'>γοῦν</span> 
     </span>
    </p>
   </div>
   <div class='ocr_carea' id='block_1_110' title="bbox 2116 4942 3688 5025">
    <p class='ocr_par' dir='ltr' id='par_1_110' title="bbox 2116 4942 3688 5025">
     <span class='ocr_line' id='line_1_110' title="bbox 2116 4942 3688 5025; baseline -0.01 -17"><span class='ocrx_word' id='word_1_838' title='bbox 2116 4958 2142 5007; x_wconf 88' lang='grc' dir='ltr'>ὁ</span> <span class='ocrx_word' id='word_1_839' title='bbox 2182 4958 2465 5025; x_wconf 79' lang='grc' dir='ltr'>προφήτης</span> <span class='ocrx_word' id='word_1_840' title='bbox 2510 4953 2689 5021; x_wconf 84' lang='grc' dir='ltr'>Ὠσηὲ,</span> <span class='ocrx_word' id='word_1_841' title='bbox 2732 4971 2747 5001; x_wconf 79' lang='grc' dir='ltr'><strong>ι</strong></span> <span class='ocrx_word' id='word_1_842' title='bbox 2790 4946 3206 5018; x_wconf 77' lang='grc' dir='ltr'>Ἑπιστράφηθι,</span> <span class='ocrx_word' id='word_1_843' title='bbox 3238 4946 3422 5015; x_wconf 77' lang='grc' dir='ltr'>φησὶν,</span> <span class='ocrx_word' id='word_1_844' title='bbox 3455 4942 3688 5015; x_wconf 77' lang='grc' dir='ltr'>Ἰσραὴλ,</span> 
     </span>
    </p>
   </div>
   <div class='ocr_carea' id='block_1_111' title="bbox 2119 5033 3693 5113">
    <p class='ocr_par' dir='ltr' id='par_1_111' title="bbox 2119 5033 3693 5113">
     <span class='ocr_line' id='line_1_111' title="bbox 2119 5033 3693 5113; baseline -0.008 -18"><span class='ocrx_word' id='word_1_845' title='bbox 2119 5043 2253 5113; x_wconf 74' lang='grc' dir='ltr'>πρὸς</span> <span class='ocrx_word' id='word_1_846' title='bbox 2287 5042 2489 5111; x_wconf 87' lang='grc' dir='ltr'>Κύριον</span> <span class='ocrx_word' id='word_1_847' title='bbox 2526 5042 2617 5095; x_wconf 82' lang='grc' dir='ltr'><strong>τὸν</strong></span> <span class='ocrx_word' id='word_1_848' title='bbox 2650 5040 2782 5094; x_wconf 77' lang='grc' dir='ltr'>Θεόν</span> <span class='ocrx_word' id='word_1_849' title='bbox 2814 5057 2905 5091; x_wconf 84' lang='grc' dir='ltr'><strong>σου</strong></span> <span class='ocrx_word' id='word_1_850' title='bbox 2927 5076 2941 5101; x_wconf 92' lang='grc'><strong>,</strong></span> <span class='ocrx_word' id='word_1_851' title='bbox 2968 5037 3100 5088; x_wconf 82' lang='grc' dir='ltr'>διότι</span> <span class='ocrx_word' id='word_1_852' title='bbox 3150 5034 3453 5101; x_wconf 79' lang='grc' dir='ltr'>ὴσθένησας</span> <span class='ocrx_word' id='word_1_853' title='bbox 3487 5033 3545 5083; x_wconf 81' lang='grc' dir='ltr'><strong>ἐν</strong></span> <span class='ocrx_word' id='word_1_854' title='bbox 3572 5036 3693 5095; x_wconf 85' lang='grc' dir='ltr'>ταῖς</span> 
     </span>
    </p>
   </div>
   <div class='ocr_carea' id='block_1_112' title="bbox 2117 5122 3773 5196">
    <p class='ocr_par' dir='ltr' id='par_1_112' title="bbox 2117 5122 3773 5196">
     <span class='ocr_line' id='line_1_112' title="bbox 2117 5122 3773 5196; baseline -0.007 -9"><span class='ocrx_word' id='word_1_855' title='bbox 2117 5135 2349 5196; x_wconf 86' lang='grc' dir='ltr'>ἀδικίαις</span> <span class='ocrx_word' id='word_1_856' title='bbox 2382 5152 2497 5187; x_wconf 85' lang='grc' dir='ltr'>σου.</span> <span class='ocrx_word' id='word_1_857' title='bbox 2536 5154 2553 5185; x_wconf 74' lang='grc' dir='ltr'><strong>ι</strong></span> <span class='ocrx_word' id='word_1_858' title='bbox 2588 5133 2697 5186; x_wconf 74' lang='grc' dir='ltr'>Καὶ</span> <span class='ocrx_word' id='word_1_859' title='bbox 2729 5131 2888 5183; x_wconf 82' lang='grc' dir='ltr'>πάλιν</span> <span class='ocrx_word' id='word_1_860' title='bbox 2917 5124 3167 5195; x_wconf 71' lang='grc' dir='ltr'>περὶτῶν</span> <span class='ocrx_word' id='word_1_861' title='bbox 3186 5122 3281 5174; x_wconf 87' lang='grc' dir='ltr'><strong>τοῦ</strong></span> <span class='ocrx_word' id='word_1_862' title='bbox 3317 5123 3567 5192; x_wconf 76' lang='grc' dir='ltr'>Σωτῆρος</span> <span class='ocrx_word' id='word_1_863' title='bbox 3602 5126 3689 5176; x_wconf 43' lang='grc' dir='ltr'>ὲν.</span> <span class='ocrx_word' id='word_1_864' title='bbox 3768 5166 3773 5195; x_wconf 49' lang='grc' dir='ltr'><em>τ</em></span> 
     </span>
    </p>
   </div>
   <div class='ocr_carea' id='block_1_113' title="bbox 2114 5214 3690 5297">
    <p class='ocr_par' dir='ltr' id='par_1_113' title="bbox 2114 5214 3690 5297">
     <span class='ocr_line' id='line_1_113' title="bbox 2114 5214 3690 5297; baseline -0.008 -19"><span class='ocrx_word' id='word_1_865' title='bbox 2114 5227 2454 5297; x_wconf 86' lang='grc' dir='ltr'>ταλμάτωνὸ</span> <span class='ocrx_word' id='word_1_866' title='bbox 2483 5224 2663 5287; x_wconf 77' lang='grc' dir='ltr'>αὐτὸς,</span> <span class='ocrx_word' id='word_1_867' title='bbox 2723 5244 2738 5271; x_wconf 81' lang='grc' dir='ltr'><strong>ι</strong></span> <span class='ocrx_word' id='word_1_868' title='bbox 2777 5221 2921 5272; x_wconf 83' lang='grc' dir='ltr'>Διότι</span> <span class='ocrx_word' id='word_1_869' title='bbox 2972 5216 3199 5279; x_wconf 82' lang='grc' dir='ltr'>εὐθεῖαι,</span> <span class='ocrx_word' id='word_1_870' title='bbox 3250 5214 3435 5284; x_wconf 69' lang='grc' dir='ltr'>φησιν,</span> <span class='ocrx_word' id='word_1_871' title='bbox 3474 5216 3530 5267; x_wconf 85' lang='grc' dir='ltr'><strong>αί</strong></span> <span class='ocrx_word' id='word_1_872' title='bbox 3577 5214 3690 5267; x_wconf 82' lang='grc' dir='ltr'>ὁδοὶ</span> 
     </span>
    </p>
   </div>
   <div class='ocr_carea' id='block_1_114' title="bbox 2115 5304 3686 5389">
    <p class='ocr_par' dir='ltr' id='par_1_114' title="bbox 2115 5304 3686 5389">
     <span class='ocr_line' id='line_1_114' title="bbox 2115 5304 3686 5389; baseline -0.01 -18"><span class='ocrx_word' id='word_1_873' title='bbox 2115 5318 2207 5372; x_wconf 86' lang='grc' dir='ltr'><strong>τοῦ</strong></span> <span class='ocrx_word' id='word_1_874' title='bbox 2231 5319 2461 5389; x_wconf 88' lang='grc' dir='ltr'>Κυρίου,</span> <span class='ocrx_word' id='word_1_875' title='bbox 2498 5317 2592 5368; x_wconf 68' lang='grc' dir='ltr'>καὶ</span> <span class='ocrx_word' id='word_1_876' title='bbox 2627 5314 2825 5367; x_wconf 81' lang='grc' dir='ltr'>δίκαιοι</span> <span class='ocrx_word' id='word_1_877' title='bbox 2878 5308 3233 5380; x_wconf 80' lang='grc' dir='ltr'>πορεύσονται</span> <span class='ocrx_word' id='word_1_878' title='bbox 3261 5307 3319 5358; x_wconf 82' lang='grc' dir='ltr'>ὲν</span> <span class='ocrx_word' id='word_1_879' title='bbox 3367 5306 3579 5367; x_wconf 84' lang='grc' dir='ltr'>αὑταῖς,</span> <span class='ocrx_word' id='word_1_880' title='bbox 3637 5304 3686 5354; x_wconf 78' lang='grc' dir='ltr'><strong>οἱ</strong></span> 
     </span>
    </p>
   </div>
   <div class='ocr_carea' id='block_1_115' title="bbox 2113 5395 3682 5475">
    <p class='ocr_par' dir='ltr' id='par_1_115' title="bbox 2113 5395 3682 5475">
     <span class='ocr_line' id='line_1_115' title="bbox 2113 5395 3682 5475; baseline -0.01 -14"><span class='ocrx_word' id='word_1_881' title='bbox 2113 5408 2168 5461; x_wconf 78' lang='grc' dir='ltr'>δὲ</span> <span class='ocrx_word' id='word_1_882' title='bbox 2187 5409 2401 5471; x_wconf 78' lang='grc' dir='ltr'>ἀσεϐεῖς</span> <span class='ocrx_word' id='word_1_883' title='bbox 2424 5406 2811 5475; x_wconf 83' lang='grc' dir='ltr'>ἀσθενὴσουσιν</span> <span class='ocrx_word' id='word_1_884' title='bbox 2831 5403 2888 5455; x_wconf 80' lang='grc' dir='ltr'>ἐν</span> <span class='ocrx_word' id='word_1_885' title='bbox 2905 5401 3112 5462; x_wconf 75' lang='grc' dir='ltr'>αὐταῖς.</span> <span class='ocrx_word' id='word_1_886' title='bbox 3127 5418 3145 5450; x_wconf 75' lang='grc' dir='ltr'><strong>ι</strong></span> <span class='ocrx_word' id='word_1_887' title='bbox 3163 5398 3273 5452; x_wconf 72' lang='grc' dir='ltr'>Καὶ</span> <span class='ocrx_word' id='word_1_888' title='bbox 3292 5399 3318 5450; x_wconf 88' lang='lat'><strong>6</strong></span> <span class='ocrx_word' id='word_1_889' title='bbox 3334 5397 3491 5458; x_wconf 81' lang='grc' dir='ltr'>αὐτὸς</span> <span class='ocrx_word' id='word_1_890' title='bbox 3509 5395 3564 5448; x_wconf 88' lang='grc' dir='ltr'><strong>δέ</strong></span> <span class='ocrx_word' id='word_1_891' title='bbox 3581 5410 3682 5448; x_wconf 75' lang='grc' dir='ltr'><strong>που</strong></span> 
     </span>
    </p>
   </div>
   <div class='ocr_carea' id='block_1_116' title="bbox 3500 5586 3681 5641">
    <p class='ocr_par' dir='ltr' id='par_1_116' title="bbox 3500 5586 3681 5641">
     <span class='ocr_line' id='line_1_116' title="bbox 3500 5586 3681 5641; baseline -0.011 -1"><span class='ocrx_word' id='word_1_892' title='bbox 3500 5589 3546 5620; x_wconf 69' lang='grc'><strong>⁸³</strong></span> <span class='ocrx_word' id='word_1_893' title='bbox 3579 5586 3681 5641; x_wconf 82' lang='lat' dir='ltr'><strong>Ct)-</strong></span> 
     </span>
    </p>
   </div>
  </div>
