4002 6220
270 367 339 420 49
1197 361 1745 424 COMMENTARIUS
1781 367 1846 423 IN
1887 365 2119 423 usam
2160 365 2603 420 PllOl’llETAll.
2991 334 2998 342 ’
3456 365 3527 422 5o

269 478 438 549 φησὶν
486 479 647 548 Ὠσηὲ
705 478 834 548 περὶ
885 479 986 531 τῶν
1033 479 1408 535 ἀπεκτονότων
1457 484 1547 537 τὸν
1583 485 1849 557 Ἰεζραὲλ,

1959 483 2092 553 ejus.
2129 483 2194 537 Et
2225 481 2406 542 Israel,
2433 493 2487 536 et
2515 479 2770 552 Ephraim
2801 477 3222 533 iniirmabuntur
3252 477 3304 532 iu
3329 477 3529 549 iniqui-

267 568 516 624 τουτέστι
554 571 809 642 Χριστόν·
838 589 855 621 t
893 572 1002 624 Kal
1034 574 1560 646 ταπεινωθήσεταιὴ
1587 575 1743 647 ὖὸρις
1761 577 1854 630 τοῦ

280 661 497 733 Ἰσραὴλ
556 662 634 724 είς
700 661 990 730 πρόσωπον
1046 664 1232 719 αὐτοῦ.
1319 665 1430 718 Καὶ
1495 666 1710 736 Ἰσραὴλ
1764 668 1855 720 καὶ

277 749 527 821 Ἑφραῖμ
560 749 946 820 ἀσθενήσουσιν
971 752 1030 805 ὲν
1054 755 1176 817 ταῖς
1192 753 1423 818 ἀδικίαις
1445 755 1640 809 αὐτῶν.
1657 777 1676 808 ι

338 840 452 895 Καὶ
495 840 944 908 ἁπεγαλάκτισε
990 841 1105 910 τὴν
1156 846 1279 897 Οὐκ
1325 845 1697 914 ήλεημένην.
1745 847 1853 900 Καὶ

266 931 621 986 συνέλαϐεν
652 931 762 997 ἐτι,
785 932 881 986 καὶ
921 935 1128 988 ἔτεκεν
1154 937 1310 990 υίόν.
1337 939 1444 990 Kal
1471 933 1623 1002 εἷπε,
1666 938 1854 992 Κάλε-

266 1041 390 1078 σον
423 1027 493 1078 τὸ
529 1025 718 1094 ὄνομα
734 1026 942 1090 αὐτοῦ,
966 1027 1053 1080 οὐ
1078 1027 1229 1091 λαός
1255 1045 1394 1096 μου.
1413 1029 1566 1083 Διότι
1589 1029 1757 1099 ὑμεῖς
1782 1033 1854 1085 οὐ

266 1116 424 1183 λαός
444 1134 589 1186 μου,
611 1116 709 1170 καὶ
741 1115 857 1184 ἐγὼ
888 1119 1000 1170 οὐκ
1022 1117 1140 1186 ειμι
1175 1119 1361 1186 ὑμῶν.

342 1295 438 1359 ς’.
480 1292 735 1346 Τίκτεται
765 1295 908 1347 κατὰ
956 1295 1123 1358 πόδας
1158 1297 1252 1349 καὶ
1295 1296 1393 1350 οὐκ
1422 1299 1503 1360 εἰς
1539 1299 1756 1370 μακράν
1785 1301 1852 1370 τῇ

271 1383 457 1454 Γόμερ
482 1382 692 1437 παιδίον
706 1384 1092 1455 ἓτερον,ὂδεῖν
1142 1386 1245 1458 ἔφη
1281 1387 1562 1442 καλεῖσθαι
1584 1389 1736 1453 Θεὸς,
1778 1391 1852 1443 Οὐ

269 1475 397 1537 λαός
432 1491 562 1544 μου.
621 1476 734 1529 Καὶ
764 1478 961 1546 γείτων
991 1477 1158 1542 εὐθὺς
1190 1480 1254 1548 τῇ
1274 1478 1613 1549 τοιᾷδελύσει
1644 1481 1853 1534 τίθεται

269 1566 436 1619 πάλιν
498 1566 796 1635 πρόφασις.
856 1569 1045 1639 Ὑμεῖς
1077 1569 1208 1641 γὰρ,
1247 1572 1432 1640 φησὶν,
1467 1572 1526 1625 οὐ
1563 1571 1690 1636 λαός
1727 1590 1850 1643 μου,

272 1658 365 1708 καὶ
393 1656 514 1725 ἐγὼ
545 1658 645 1711 οὐκ
695 1660 813 1728 είμὶ
862 1661 1035 1730 ὑμῶν.
1066 1662 1236 1732 Δῆλον
1274 1663 1319 1716 δ’
1345 1663 1411 1717 ἂν
1437 1664 1522 1734 εἴη
1552 1666 1660 1717 κάκ
1701 1665 1854 1719 τοῦδε

271 1746 480 1808 λοιπὸν,
511 1748 591 1811 ὠς
643 1748 723 1812 είς
766 1749 986 1820 ἔλεγχον
1021 1751 1131 1804 τῶν
1181 1754 1597 1823 ἡμαρτηκότων,
1631 1755 1727 1809 καὶ
1772 1757 1853 1819 είς

1963 574 2161 629 tatibus
2185 574 2298 628 suis
2316 573 2382 625 ⁸⁷.
2408 592 2425 624 ι

2028 857 2190 911 Vens.
2263 857 2316 920 8,
2372 856 2430 913 9.
2488 855 2556 909 Et
2613 854 2894 909 oblectavit
2969 869 3086 908 eam
3139 869 3256 924 quae
3316 853 3524 919 Absque

1957 950 2324 1004 misericordia
2362 949 2652 1002 dicebatur.
2689 946 2754 999 Et
2805 946 3034 1014 concepit
3091 946 3280 1008 adhuc,
3321 955 3368 997 et
3437 960 3530 1010 pe-

1955 1043 2088 1106 perit
2107 1041 2294 1109 ﬁlium.
2319 1039 2384 1093 Et
2417 1039 2550 1092 dixit
2577 1060 2590 1089 :
2631 1036 2770 1091 Voca
2802 1051 2986 1089 nomen
3005 1033 3140 1104 ejus,
3161 1035 3282 1088 Non
3305 1033 3528 1103 populus

1956 1148 2120 1185 metu.
2168 1130 2304 1195 Quia
2335 1146 2423 1184 vos
2454 1145 2556 1183 non
2592 1126 2815 1198 populus
2847 1141 3015 1190 meus,
3046 1135 3092 1180 et
3125 1141 3216 1195 ego
3271 1140 3374 1178 non
3413 1139 3528 1176 sunt

1956 1232 2139 1276 vester.

2028 1311 2116 1366 Vl.
2179 1311 2430 1366 Nascitur
2485 1309 2686 1364 Gomer
2739 1310 2892 1378 quasi
2939 1307 3198 1378 cvestigio
3298 1319 3397 1360 nec
3456 1306 3528 1359 ita

1957 1402 2122 1458 multo
2155 1413 2278 1472 post
2308 1401 2485 1457 infans
2512 1402 2668 1464 alius,
2699 1416 2856 1471 quem
2937 1399 3078 1454 Deus
3128 1399 3308 1453 vocari
3369 1396 3529 1466 jussit

1955 1491 2072 1544 Non
2119 1491 2348 1562 populus
2412 1505 2582 1544 meus.
2651 1488 2750 1543 Rei
2818 1487 3033 1542 occasio
3090 1501 3210 1540 mox
3266 1483 3529 1539 solutione

1957 1582 2320 1650 hujuscemodi
2347 1582 2660 1649 exponitur:
2728 1579 2834 1635 Vos
2885 1578 3269 1647 enim,inquit,
3303 1589 3526 1644 nonpo-

1956 1671 2110 1740 pulus
2145 1680 2385 1734 meus,et
2415 1685 2515 1738 ego
2543 1685 2650 1724 non
2677 1684 2798 1724 sum
2817 1678 3016 1722 vester.
3073 1666 3337 1723 Constare
3367 1665 3528 1733 igitur

1954 1763 2114 1816 etiam
2154 1762 2282 1815 hinc
2317 1769 2512 1831 potest,
2548 1760 2614 1813 ad
2640 1759 3112 1828 reprehensionem
3158 1765 3527 1826 peccatorum,

273 1837 648 1910 ἐπανόρθωσιν
681 1841 897 1912 ἀσφαλῆ
917 1842 1025 1897 τῶν
1051 1849 1409 1916 καταφρονεῖν
1428 1847 1736 1918 ᾑρημένων,
1761 1849 1851 1901 καὶ

1959 1863 2009 1907 et
2047 1854 2112 1907 ad
2138 1862 2340 1907 certam
2373 1852 2765 1906 correcti0nem
2792 1858 3248 1918 contemptorum,
3317 1861 3529 1901 errore-

271 1929 347 1991 εξς
384 1929 658 2001 πλάνησιν
695 1933 1136 1987 ἀπονενευκότων
1176 1936 1479 2006 ἐπράττετο
1513 1938 1612 2008 μὲν
1651 1939 1851 2008 ἱστορι-

271 2020 381 2082 κώς
413 2020 486 2074 τὰ
533 2021 734 2090 τοιάδε,
778 2023 940 2078 τύποι
981 2025 1037 2078 δὲ
1077 2022 1217 2096 ἦσαν
1261 2027 1372 2082 τῶν
1425 2029 1852 2099 συμϐησομένων

271 2112 409 2164 κατὰ
433 2116 668 2184 καιροὺς
695 2118 809 2179 τοῖς
836 2115 896 2180 ἐξ
923 2117 1162 2188 Ἰσραὴλ,
1197 2119 1718 2190 ὲνανθρωπήσαντος
1749 2121 1849 2192 ἥδη

270 2200 362 2253 τοῦ
393 2203 761 2271 Μονογενοῦς,
790 2207 887 2259 καὶ
915 2206 1005 2260 τὸν
1027 2206 1206 2278 τίμιον
1242 2209 1378 2280 ὑπὲρ
1413 2211 1568 2280 ἡμῶν
1593 2211 1852 2265 ἀνατλάν-

269 2312 359 2358 τος
388 2296 646 2366 σταυρόν.
687 2298 750 2351 Ei
802 2299 860 2352 δὲ
907 2299 970 2370 δὴ
1003 2301 1108 2370 χρὴ
1145 2300 1254 2372 πρὸ
1298 2300 1406 2355 τῶν
1464 2304 1850 2374 πνευματικῶν

270 2388 668 2460 ἀφηγήσασθαι
690 2390 757 2443 τὰ
789 2391 1058 2462 ἱστορικὰ,
1084 2393 1284 2461 φαμὲν,
1305 2395 1388 2448 ὅτι
1420 2396 1850 2465 μετοικισθέντος

270 2482 364 2533 τοῦ
401 2483 615 2554 Ἰσραὴλ
652 2486 716 2538 ὲκ
747 2485 848 2554 τῆς
879 2485 1214 2556 Σαμαρείας,
1237 2489 1318 2550 είς
1366 2489 1434 2541 τά
1459 2489 1582 2560 ὅρια
1624 2492 1850 2562 Περσῶν

272 2572 369 2626 καὶ
429 2574 626 2644 Μήδων
682 2575 792 2627 ὑπό
845 2592 905 2627 τε
965 2575 1056 2629 τοῦ
1100 2577 1534 2651 Θεγλαφαλασάρ
1585 2583 1851 2652 βασιλέως

281 2665 610 2733 Ἀσσυρίων,
631 2667 726 2718 καὶ
759 2667 858 2736 μέν
879 2684 962 2720 τοι
989 2669 1377 2742 Σαλμανασὰρ,
1402 2675 1450 2726 oi
1483 2674 1851 2745 περιλειφθὲν⁹

268 2771 361 2819 τες
387 2755 490 2823 ἑτι,
538 2757 635 2809 καὶ
671 2758 781 2811 τῶν
807 2760 1301 2816 κεκινδυνευκότων
1334 2763 1396 2814 τὸ
1429 2763 1700 2832 λείψανον,
1745 2767 1850 2818 ἀπ-

269 2847 498 2901 ὠλισθον
517 2851 799 2914 παντελῶς
817 2852 912 2905 τοῦ
947 2854 1040 2907 καὶ
1066 2853 1192 2917 λαὸς
1213 2855 1347 2908 Θεοῦ
1360 2855 1740 2926 ὀνομάζεσθαι,
1759 2857 1849 2910 διά

269 2957 350 2994 τοι
379 2941 440 2992 τὸ
485 2942 598 2996 τῶν
644 2942 827 2997 αὐτῶν
872 2944 1090 3015 ἔχεσθαι
1129 2947 1562 3016 σπουδασμάτων
1597 2950 1674 3011 είς
1716 2949 1847 3002 ἀπό-

268 3049 465 3085 στασιν
514 3034 614 3104 τὴν
665 3035 775 3088 ἀπὸ
817 3035 971 3090 Θεοῦ.
1025 3036 1400 3090 Διαλελοίπασι
1449 3041 1557 3110 γὰρ
1594 3040 1844 3110 οὐδαμῶς

266 3128 391 3188 ταῖς
420 3128 842 3199 μυσαρωτάταις
894 3129 1002 3182 τῶν
1053 3129 1318 3200 δαιμόνων
1361 3131 1631 3201 λατρείαις
1681 3150 1845 3202 προσ-

266 3217 535 3286 κείμενοι.

340 3311 492 3381 Πρὸς
525 3312 766 3365 διάνοιαν
795 3313 851 3366 δὲ
885 3313 980 3384 τὴν
1010 3314 1217 3384 ἀληθῆ,
1253 3315 1348 3366 καὶ
1391 3315 1483 3369 ἐπὶ
1510 3314 1730 3386 Χριστῷ
1768 3315 1849 3367 λόο

263 3420 366 3470 γον
396 3405 654 3474 συνήσεις
686 3404 907 3472 ἑτέρως.
937 3403 1089 3456 Μετά
1119 3404 1226 3473 γάρ
1247 3421 1329 3458 τοι
1359 3403 1456 3474 τὴν
1487 3405 1699 3457 ἀνόσιον
1720 3406 1858 3458 ὲκεί-

264 3513 370 3565 νην
403 3495 634 3564 πληθὺν,
671 3495 769 3566 τὴν
801 3495 1024 3558 δικαίως
1070 3496 1170 3548 οὐκ
1218 3496 1532 3565 ἠλεημένην
1572 3501 1853 3566 (κεκυριοο

267 3589 508 3658 κτόνηκε
541 3587 713 3658 γὰρ),
745 3589 792 3640 οἱ
821 3586 938 3657 μετ’
973 3587 1208 3649 ἐκείνους
1234 3586 1519 3666 εὐθὺςυίοὶ
1549 3589 1854 3656 γεγονότες,

269 3681 304 3748 ἦ
327 3680 421 3730 καὶ
452 3679 608 3742 ὄντες
636 3679 735 3748 ήδη
755 3681 856 3748 τῆς
879 3694 1150 3746 πεπορνευ
1161 3679 1327 3748 μένης
1346 3678 1698 3748 Συναγωγῆς,
1721 3681 1856 3732 ἀπο-

272 3771 634 3826 πεπτώκασιν
665 3771 917 3841 ἐναργῶς
951 3769 1048 3823 τοῦ
1086 3765 1225 3823 εἷναί
1263 3786 1323 3821 τε
1376 3772 1470 3823 καὶ
1498 3771 1856 3842 ὀνομάζεσθαι

276 3861 401 3924 λαός
429 3861 591 3915 Θεοῦ.
643 3862 718 3915 Οὐ
751 3863 858 3932 γὰρ
889 3863 1033 3916 ἅπαν
1065 3863 1125 3914 τὸ
1158 3862 1267 3915 τῶν
1309 3862 1579 3916 Ἰουδαίων
1622 3863 1857 3918 δεδαπά-

273 3970 403 4021 νηκε
437 3954 643 4023 πλῆθος
675 3956 702 4007 ὁ
729 3954 1013 4024 Ῥωμαίων
1045 3955 1305 4024 πόλεμος·
1341 3955 1476 4007 ἀλλὰ
1502 3955 1724 4025 πλείστη
1757 3957 1856 4025 μὲν

271 4044 372 4112 ὅση
432 4045 528 4094 καὶ
551 4043 787 4114 ἀριθμοῦ
828 4043 1090 4114 κρείττων
1118 4043 1334 4097 διόλωλε
1359 4045 1567 4115 πληθύς
1591 4061 1604 4075 ·
1632 4048 1679 4100 oi
1710 4046 1766 4099 δὲ
1798 4044 1857 4110 ἐξ

270 4133 454 4185 αὐτῶν
486 4134 944 4204 ἀνασεσωσμένοι,
976 4136 1070 4187 καὶ
1096 4135 1156 4187 τὸ
1202 4135 1295 4188 τοῦ
1331 4137 1560 4190 θανάτου
1596 4138 1856 4205 φυγόντες

268 4226 442 4288 λίνον,
476 4226 850 4298 διεσπάρησαν
891 4230 967 4291 είς
1011 4229 1189 4282 πάντα
1224 4232 1453 4299 ἄνεμον,
1488 4231 1627 4282 κατά
1664 4231 1724 4282 τδ
1763 4247 1855 4297 γε-

267 4318 618 4389 γραμμένον,
651 4321 744 4373 καὶ
768 4322 826 4371 ὲν
855 4323 973 4384 ταῖς
1006 4321 1114 4373 τῶν
1147 4321 1317 4374 ἐθνῶν
1346 4322 1856 4391 κατεσκεδάσθησαν

267 4412 507 4482 χώραις,
537 4412 714 4464 οὐκέτι
757 4411 906 4476 λαὸς,
943 4413 1018 4474 ὡς
1059 4412 1214 4483 ἔφην,
1242 4413 1671 4484 χρηματίζοντες
1697 4414 1852 4468 Θεοῦ.

265 4501 731 4573 Μεταπεφοίτηκε
771 4503 879 4574 γάρ
908 4505 988 4566 είς
1033 4505 1160 4567 τοὺς
1205 4506 1262 4570 ἐξ
1295 4505 1464 4559 ἐθνῶν
1495 4507 1528 4575 ὴ
1564 4506 1742 4577 χάρις,
1771 4503 1852 4571 οἷς

262 4593 544 4665 ἀνεμίχθη
575 4595 751 4648 καὶτὸ
781 4596 1131 4666 κατάλειμμα
1161 4597 1255 4650 τοῦ
1289 4599 1526 4672 Ἰσραὴλ,
1550 4601 1847 4667 τουτέστιν,

260 4690 314 4740 οἱ
352 4687 442 4740 διὰ
478 4688 706 4756 πίστεως
738 4689 840 4758 τῆς
871 4690 948 4752 είς
979 4689 1214 4758 Χριστὸν
1253 4691 1712 4762 ἁνασεσωσμένοι.
1747 4695 1850 4745 Πε-

263 4780 604 4832 ττιστεύκασι
623 4780 727 4849 γὰρ
743 4781 838 4834 καὶ
868 4783 931 4834 ὲκ
949 4780 1140 4834 τούτου
1163 4783 1262 4834 οὐκ
1284 4782 1453 4850 ὀλίγοι
1478 4783 1566 4835 τὸν
1596 4782 1848 4852 ἀριθμόν.

261 4873 397 4925 Ὀτι
427 4871 482 4922 δὲ
513 4871 971 4934 ἀπολακτίσαντος
1013 4872 1107 4924 τοῦ
1147 4874 1378 4944 Ἰσραὴλ,
1415 4876 1512 4944 τῆς
1547 4877 1625 4938 είς
1657 4877 1852 4939 αὐτοὺς

257 4963 600 5028 οἰκειότητος
619 4960 1028 5030 ἀποπεφοίτηκε
1055 4961 1147 5012 καὶ
1176 4960 1336 5021 αὐτὸς
1361 4961 1389 5011 ὁ
1411 4961 1516 5013 τῶν
1535 4962 1671 5014 ὅλων
1692 4961 1842 5025 Θεὸς,

257 5053 568 5121 ὑπέφηνεν,
601 5051 769 5104 εἰπὼν
791 5091 806 5115 ,
841 5051 901 5104 οὐ
944 5051 1124 5120 μόνον,
1160 5052 1240 5103 ὅτι
1277 5052 1369 5102 καὶ
1414 5051 1600 5121 Ὑμεῖς
1625 5055 1686 5104 οὑ
1720 5052 1847 5114 λαός

261 5160 402 5212 μου,
436 5141 879 5212 προσεπαγαγὼν
904 5142 962 5194 δὲ
994 5141 1204 5204 τούτοις
1235 5141 1573 5208 ἀναγκαίως,
1595 5143 1685 5205 τὸ,
1740 5144 1848 5194 Καὶ

259 5234 384 5303 ἐγὼ
446 5235 546 5287 οὐκ
592 5235 708 5305 είμὶ
748 5234 922 5304 ὑμῶν.
973 5233 1109 5285 Ἀλλ’
1141 5233 1299 5302 ἡμῶν
1330 5248 1394 5299 γε
1438 5232 1584 5302 πέρι,
1652 5235 1759 5286 τῶν
1794 5235 1851 5286 ὲν

257 5329 302 5382 Χ
315 5324 494 5396 ριστῴ
513 5324 964 5394 δεδικαιωμένων,
984 5325 1078 5376 καὶ
1103 5323 1448 5394 ὴγιασμένων
1474 5325 1530 5376 ὲν
1548 5323 1848 5395 Πνεύματι,

251 5419 363 5472 καὶ
397 5417 494 5486 τὴν
540 5417 677 5486 πρὸς
711 5415 874 5470 αὑτὸν
907 5416 1216 5485 οἰκειότητα
1255 5417 1728 5486 πεπλουτηκότων,
1763 5417 1851 5471 διὰ

252 5506 457 5576 φωνῆς
501 5509 784 5577 προφήτου
819 5507 976 5576 φησί’
1003 5524 1020 5555 t
1060 5505 1168 5558 Kal
1201 5505 1311 5574 ἐγὼ
1340 5505 1535 5576 ἔσομαι
1563 5508 1745 5569 αὐτοῖς
1774 5509 1850 5570 είς

251 5600 422 5658 Θεὸν,
450 5599 540 5651 καὶ
566 5588 724 5651 aii-to".
753 5597 961 5650 ἔσονταί
990 5614 1077 5666 μοι
1110 5599 1188 5659 είς
1225 5597 1372 5660 υἱοὺς
1407 5600 1498 5651 καὶ
1525 5599 1846 5668 θυγατέρας,

339 5776 381 5806 ⁸⁷
410 5781 565 5829 Osee.
608 5795 702 5840 \‘ll,
748 5778 827 5832 Ui.
907 5779 952 5809 ⁸³
983 5778 1144 5832 '[m-h.
1181 5793 1240 5841 ll,
1276 5779 1321 5828 6.
1410 5777 1452 5806 ⁸⁹
1481 5775 1586 5827 Jun.
1619 5789 1763 5830 \'-..\t.
1803 5775 1845 5826 ι.

1953 1958 2058 2012 que
2091 1944 2446 1998 ahductorum
2480 1943 2594 1996 haec
2619 1941 2876 1996 historice
2914 1940 3056 1995 facta
3119 1952 3276 2004 esse;
3335 1935 3525 2003 imagi-

1954 2051 2050 2090 nes
2079 2046 2258 2088 autem
2309 2043 2466 2088 erant
2520 2047 2730 2097 eorum,
2781 2047 2901 2101 quae
2951 2028 3348 2099 Jerosolymitis
3401 2026 3528 2081 olim

1953 2138 2208 2181 eventura
2246 2125 2444 2189 forent,
2477 2123 2767 2195 Unigenito
2809 2123 3098 2177 humanam
3137 2127 3386 2174 naturam
3414 2117 3528 2187 jam

1953 2213 2162 2277 induto,
2198 2214 2306 2284 26
2335 2223 2389 2268 et
2416 2213 2666 2282 pretiosa:
2711 2211 2893 2267 crucis
2939 2219 3167 2265 mortem
3227 2223 3326 2278 pro
3375 2207 3534 2262 nobis

1951 2315 2228 2373 perpesso.
2261 2300 2415 2367 Quod
2459 2301 2503 2355 si
2531 2309 2658 2355 ante
2697 2298 3000 2368 spiritualia
3049 2295 3531 2353 commemoranda

1952 2403 2078 2450 sunt
2103 2393 2383 2460 historica,
2416 2393 2666 2457 dicimus,
2697 2391 2895 2446 lsraele
2913 2405 2981 2446 ex
3000 2389 3246 2446 Samaria
3275 2389 3343 2443 ad
3381 2401 3530 2442 mon-

1954 2497 2033 2540 tes
2056 2485 2337 2540 Persarum
2361 2495 2416 2539 et
2440 2482 2715 2539 Medorum
2743 2498 2774 2535 a
2797 2479 3299 2552 Tbeglatpltalasar,
3320 2487 3374 2533 et
3399 2476 3534 2533 Sal-

1951 2588 2209 2627 manasar
2243 2571 2593 2642 Assyriorum
2621 2569 2842 2638 regibus
2870 2566 3157 2629 translato,
3189 2565 3280 2633 qui
3309 2577 3526 2618 reman-

1951 2674 2155 2722 serant.
2193 2662 2620 2730 amictorumque
2651 2658 2908 2726 reliquias
2936 2673 2966 2710 a
3004 2655 3244 2718 nomine,
3319 2661 3378 2707 ut
3429 2667 3529 2720 po-

1951 2757 2109 2826 pulus
2139 2754 2233 2808 Dei
2282 2762 2626 2814 vocarentur,
2669 2749 2892 2805 omnino
2942 2747 3338 2818 degenerasse,
3388 2742 3532 2812 quod

1952 2850 2018 2904 iis
2038 2847 2230 2901 studiis
2253 2852 2434 2900 essent
2460 2842 2652 2905 dediti,
2678 2856 2776 2911 per
2799 2854 2919 2910 quae
2943 2855 2974 2894 a
3004 2838 3112 2894 Deo
3143 2837 3527 2892 desciscerent.

1951 2938 2278 3006 Neutiquam
2333 2935 2476 2991 enim
2526 2933 2765 2988 maxime
2837 2930 3158 2987 detestando
3228 2929 3530 2985 daemonum

1953 3029 2117 3084 cultui
2161 3028 2424 3081 inhaerere
2449 3024 2879 3080 intermiserunt.

2028 3317 2106 3370 Ad
2137 3330 2316 3368 veram
2354 3323 2536 3368 autem
2567 3311 2858 3372 rationem,
2889 3318 2944 3364 et
2967 3309 3032 3362 ad
3063 3307 3339 3362 Christum
3388 3309 3530 3375 quod

1957 3409 2168 3471 attinet,
2241 3407 2396 3459 aliter
2450 3403 2742 3472 intelliges.
2799 3401 2926 3456 Post
2962 3397 3279 3454 sceleratam
3335 3397 3532 3465 quippe

1960 3499 2354 3554 multitudinem
2391 3495 2562 3557 illam,
2595 3504 2650 3548 et
2677 3493 2871 3548 merito
2943 3489 3371 3546 misericordiam
3423 3502 3529 3542 non

1958 3598 2324 3651 consecutam,
2357 3586 2481 3655 quia
2514 3585 2799 3639 Dominum
2834 3580 3128 3647 interfecit,
3167 3580 3349 3633 statim
3408 3577 3531 3632 illo-

1958 3699 2075 3738 rum
2106 3681 2199 3735 ﬁlii
2229 3689 2349 3750 post
2378 3693 2490 3741 eos,
2519 3687 2613 3731 aut
2645 3676 2733 3746 qui
2752 3674 2862 3744 jam
2904 3681 3063 3728 erant
3099 3673 3192 3726 lilii
3225 3670 3540 3725 fornicariae-

1959 3774 2275 3844 Synagogm,
2311 3769 2482 3840 palam
2514 3784 2571 3824 se
2600 3769 2669 3821 ita
2694 3775 2998 3837 gesserunt,
3042 3772 3102 3818 ut
3154 3762 3384 3834 populus
3437 3761 3532 3814 Dei

1959 3882 2057 3921 nec
2096 3874 2296 3928 essent,
2325 3878 2422 3917 nec
2456 3862 2886 3916 nominarentur.
2919 3856 3106 3926 Neque
3135 3855 3277 3910 enim
3312 3854 3530 3906 univer-

1958 3971 2071 4011 sam
2112 3953 2420 4009 Judaeorum
2454 3952 2726 4004 nationem
2757 3948 2958 4003 bellum
2991 3962 3020 4000 a
3090 3942 3348 3999 Romanis
3408 3941 3530 3996 illa—

1960 4056 2070 4099 tum
2139 4044 2476 4111 absumpsit;
2541 4041 2632 4096 sed
2692 4040 2939 4092 maxima
3033 4044 3087 4091 et
3152 4032 3529 4088 innumerabili

1958 4136 2301 4190 multitudine
2331 4132 2525 4193 deleta,
2559 4132 2623 4185 de
2654 4131 2784 4198 ipsis
2811 4127 3038 4192 servati,
3080 4133 3135 4180 et.
3178 4123 3270 4192 qui
3339 4121 3530 4174 mortis

1962 4227 2091 4281 retia
2133 4225 2450 4294 ell'ugerant,
2508 4225 2574 4276 ad
2618 4236 2804 4274 omnes
2835 4227 3046 4281 ventos,
3074 4216 3230 4285 juxta
3285 4212 3530 4281 Scriptu-

1960 4335 2096 4383 ram,
2158 4316 2409 4385 dispersi,
2471 4324 2526 4366 et
2566 4328 2659 4380 per
2708 4310 2945 4380 gentium
2987 4308 3234 4375 regiones
3287 4304 3538 4372 dissipati.

1960 4422 2085 4464 sunt
2108 4410 2174 4472 ⁸⁸,
2212 4423 2315 4463 non
2342 4405 2592 4474 amplius,
2617 4401 2833 4464 ut;dixi,
2864 4397 3090 4469 populus
3126 4395 3218 4451 Dei
3249 4392 3522 4464 appellati.

1960 4499 2403 4557 Transivitenim
2455 4498 2520 4551 ad
2569 4503 2754 4565 gentes
2802 4491 2997 4563 gratia,
3057 4488 3251 4559 quibus
3279 4483 3520 4555 reliquiae

1961 4595 2122 4649 Israel
2153 4593 2422 4662 permistae
2449 4597 2595 4652 sunt,
2653 4591 2752 4642 hoc
2820 4593 2923 4650 est,
2977 4582 3069 4652 qui
3118 4595 3215 4650 per
3275 4579 3432 4633 ﬁdem
3477 4577 3528 4630 in

1959 4687 2231 4740 Christum
2262 4683 2450 4738 salvali
2477 4690 2618 4734 sunt.
2654 4677 3010 4732 Crediderunt
3061 4672 3204 4727 enim
3256 4669 3419 4722 etiam
3463 4683 3528 4720 ex

1961 4775 2045 4829 his
2080 4790 2184 4828 non
2207 4774 2360 4842 pauci
2395 4786 2642 4825 numero.
2683 4765 2919 4835 llepulsa
2946 4773 3126 4817 autem
3161 4755 3532 4814 fandliaritate

1958 4865 2074 4931 ejus
2105 4864 2172 4917 ab
2207 4861 2739 4927 lsrael,abscessisse
2763 4857 2922 4912 etiam
2950 4855 3018 4911 ab
3051 4867 3118 4920 eo
3153 4849 3527 4905 universorum

1954 4959 2140 5021 Deum,
2160 4955 2560 5017 satisostendit,
2579 4967 2698 5006 cum
2717 4950 2874 5016 dixit,
2895 4962 2997 5002 non
3019 4944 3212 5007 solum,
3233 4941 3295 4996 Et
3316 4957 3407 4996 vos
3423 4956 3530 4995 non

1953 5049 2177 5119 populus
2213 5043 2835 5110 meus;:sedetiamcum
2867 5037 3129 5108 adiunxit,
3149 5032 3531 5104 quodomnino

1954 5141 2299 5211 sequebatur,
2334 5139 2398 5192 Et
2423 5151 2522 5206 ego
2553 5151 2661 5191 non
2687 5148 2806 5189 sum
2840 5141 3038 5187 vester.
3063 5129 3137 5183 De
3167 5127 3322 5182 nobis
3348 5135 3532 5179 autem

1957 5239 2008 5291 in
2047 5236 2262 5291 Christo
2292 5233 2602 5303 justiﬁcatis
2649 5241 2700 5288 et
2748 5231 2800 5286 in
2842 5229 3044 5300 Spiritu
3070 5224 3438 5286 sanctiﬁcatis,
3474 5231 3532 5275 et

1955 5329 2069 5399 ejus
2111 5326 2491 5396 coniunctione
2536 5324 2881 5395 pollentibus,
2911 5335 3008 5391 per
3043 5333 3106 5373 os
3135 5317 3412 5385 propheta:
3441 5312 3526 5399 dif

1955 5398 2066 5472 cit:
2105 5434 2124 5468 ι
2158 5416 2224 5471 Et
2243 5430 2342 5486 ego
2381 5431 2473 5471 ero
2512 5415 2618 5470 illis
2647 5415 2701 5468 in
2733 5411 2923 5477 Deum,
2959 5419 3013 5464 et
3040 5407 3138 5478 ipsi
3173 5414 3336 5462 erunt
3393 5398 3526 5454 mihi

1955 5509 2008 5563 in
2041 5508 2180 5564 ﬁlios
2223 5518 2276 5563 et
2327 5507 2486 5573 tilias,
2533 5507 2660 5561 dicit
2695 5505 2955 5558 Dominus
3007 5497 3350 5566 omnipotens
3396 5488 3466 5543 ⁸⁸.
3496 5505 3520 5544 ι

1956 5601 2030 5655 Ac
2045 5598 2242 5656 Judaeis
2263 5601 2474 5668 quidem
2495 5600 2667 5653 aiebat
2684 5596 2949 5658 Christus,
2972 5587 3257 5658 aliquando
3276 5581 3522 5653 quidem:
