4012 6214
428 356 486 414 51
1449 348 1504 402 S.
1548 343 1820 401 CYIIILIJ
1866 337 2335 394 ALEXAMIIUNI
2377 333 2702 390 ARCHIEP.

426 492 448 527 ι
468 474 658 528 Adhuc
671 471 936 526 modicum
957 479 1168 538 tempus
1184 467 1462 520 vobiscum
1481 464 1658 519 81111190
1680 481 1693 528 ;
1717 481 1734 514 ι
1759 461 2000 531 aliquan-

2107 457 2254 525 λέγει
2280 454 2484 526 Κύριος
2521 450 2936 520 παντοκράτωρ.
2960 465 2976 496 ι
3009 445 3120 498 Καὶ
3150 441 3421 502 Ἰουδαίοις
3459 439 3514 491 δὲ
3547 436 3680 504 {qa-

420 567 492 621 do
521 574 734 619 autem:
766 580 786 612 ι
825 561 965 614 Ecce
1017 560 1351 629 relinquetur
1382 554 1534 608 vobis
1584 556 1775 609 domus
1818 562 1994 607 vestra

421 656 636 709 deserta
662 653 730 706 9‘.
771 671 789 704 ι
822 651 894 706 De
921 637 1198 706 conversis
1229 662 1356 702 vero
1381 664 1444 700 ex
1479 646 1763 714 gentibus:
1807 662 1826 695 ι
1855 642 1996 698 Oves

421 762 556 802 mete
585 761 769 802 vocem
801 760 975 800 meam
1012 743 1258 806 audiunt,
1308 751 1364 795 et
1396 755 1496 808 ego
1558 752 1826 810 cognosco
1879 751 1995 798 eas,

421 847 476 891 et
542 846 848 907 sequuntur
920 851 1029 898 me,
1085 843 1140 889 et
1196 849 1295 905 ego
1358 836 1521 888 vitam
1595 841 1851 887 retentant
1931 831 1998 884 do

421 931 504 987 eis
529 932 598 986 “.
635 950 654 985 ι

494 1110 602 1179 27
634 1107 797 1164 Vtilis.
837 1107 921 1162 ιο.
958 1106 1024 1160 Et
1083 1108 1180 1162 erit
1244 1122 1490 1160 numerus
1537 1103 1770 1172 ﬁliorum
1828 1097 1998 1151 Israel

424 1199 556 1253 sicut
591 1214 748 1252 arena
775 1198 962 1260 maris,
1001 1214 1118 1266 qua:
1142 1213 1240 1250 non
1263 1194 1673 1254 mensurabitur,
1708 1206 1870 1258 neque
1896 1205 1997 1242 mt-

423 1290 732 1345 mercabitur.

495 1382 600 1438 VII.
629 1381 746 1437 Hoc
773 1382 878 1436 alio
913 1381 1071 1437 modo
1104 1381 1259 1436 nobis
1290 1378 1546 1449 explanat
1583 1377 1774 1432 beatus
1810 1371 1996 1428 Isaias.

428 1493 446 1526 ι
473 1475 536 1528 ΕΙ.
563 1474 606 1528 si
640 1473 821 1537 fuerit,
852 1473 1048 1542 inquit,
1075 1471 1304 1542 populus
1326 1469 1489 1524 Israel
1517 1478 1574 1522 ut
1601 1481 1764 1523 arena
1801 1464 1990 1527 maris,

426 1564 665 1636 reliquiae
683 1579 867 1620 eorum
893 1564 1261 1618 salvabuntur.
1295 1561 1527 1616 Verbum
1567 1559 1710 1613 enim
1747 1569 2000 1612 consum-

424 1673 596 1724 mans,
625 1667 680 1714 et
710 1657 1031 1712 abbrevians
1062 1655 1114 1711 in
1135 1656 1366 1724 justitia,
1392 1655 1517 1722 quia
1540 1651 1765 1705 verbum
1808 1649 1999 1702 abbre-

422 1750 625 1804 viatum
656 1748 815 1804 faciet
856 1747 1114 1802 Dominus
1146 1747 1197 1799 in
1229 1753 1338 1799 toto
1363 1743 1562 1798 mundo
1578 1741 1648 1794 9’.
1687 1761 1704 1793 ι
1744 1739 1850 1795 Sed
1884 1739 1998 1794 sive

2100 565 2226 602 σκεν
2250 550 2277 600 6
2306 545 2538 618 Χριστός
2563 560 2574 572 ·
2605 541 2733 594 ποτὲ
2769 539 2891 609 μὲν,
2926 539 3006 590 ὅτι
3037 556 3054 586 ι
3088 536 3210 587 Ἔτι
3249 531 3443 602 μικρὸν
3490 529 3683 600 χρόνον

2102 636 2220 706 μεθ’
2252 634 2405 704 ὑμῶν
2449 633 2586 702 εἰμι,
2624 649 2642 680 s
2681 628 2812 681 ποτὲ
2841 627 2926 688 δὲ,
2972 645 2989 675 ι
3037 622 3167 676 Ἰδοὺ
3214 623 3435 692 ἀφίεται
3479 619 3608 688 ὑμῖν
3654 618 3683 669 6

2097 719 2244 784 οἶκος
2277 721 2450 791 ὑμῶν.
2486 738 2503 768 ι
2541 718 2672 787 Περὶ
2713 716 2820 768 τῶν
2849 713 2909 778 ἐξ
2949 711 3115 766 ἐθνῶν
3143 711 3220 773 δέ,
3260 728 3278 760 ι
3323 709 3402 762 Τὰ
3435 706 3686 778 πρόϐατα

2096 812 2166 866 τά
2200 811 2310 882 ἐμά
2339 813 2435 881 τῆς
2474 810 2656 877 φωνῆς
2691 823 2792 876 μου
2815 803 3023 865 ἀκούει,
3059 800 3214 870 κάγὼ
3242 799 3494 868 γινώσκω
3522 796 3678 862 αὐτὰ,

2099 905 2192 957 καὶ
2219 899 2570 958 ἀκολουθοῦσί
2609 916 2720 969 μοι,
2752 896 2906 965 κάγὼ
2938 895 3131 965 δίδωμι
3161 894 3345 956 αὐτοῖς
3381 890 3524 962 ζωὴν
3553 889 3698 944 αἰῶ--

2099 1014 2228 1050 νιον.
2258 1015 2276 1048 ι

2169 1088 2278 1142 Καὶ
2312 1083 2389 1157 ἦν
2407 1090 2438 1140 o’
2466 1085 2713 1154 ἀριθμὸς
2732 1083 2849 1137 τῶν
2875 1079 3021 1133 υἱῶν
3054 1075 3301 1146 Ἰσραὴλ
3324 1077 3404 1143 ὡς
3427 1075 3462 1140 ἡ
3488 1075 3682 1144 ἄμμος

2097 1178 2207 1246 τῆς
2255 1177 2596 1243 θαλάσσης,
2634 1173 2671 1242 ἢ
2705 1175 2815 1227 οὐκ
2843 1167 3373 1238 ἑκμετρηθήσεται,
3409 1163 3552 1220 οὐδὲ
3577 1164 3680 1226 ἑξ-

2098 1271 2584 1340 αριθμηθήσεται.

2170 1366 2243 1417 Z'.
2304 1362 2474 1415 Τοῦτο
2565 1358 2685 1414 καθ’
2734 1359 2920 1428 ἕτερον
2971 1357 3104 1426 ἡμῖν
3157 1353 3430 1423 ἐξηγεῖται
3479 1349 3680 1420 τρόπον

2098 1457 2127 1508 6
2161 1455 2432 1525 μακάριος
2471 1453 2746 1516 Ἦσαΐας,ι
2768 1451 2877 1504 Καὶ
2910 1450 3004 1502 ἐὰν
3033 1447 3278 1516 γένηται,
3308 1443 3462 1514 φησὶ,
3495 1444 3522 1494 6
3550 1439 3680 1504 λαὸς

2113 1546 2327 1617 Ἰσραὴλ
2350 1545 2427 1610 ὡς
2462 1547 2496 1616 ὴ
2534 1544 2718 1614 ἄμμος
2753 1543 2851 1612 τῆς
2882 1539 3178 1609 θαλάσσης,
3217 1535 3278 1590 τὸ
3327 1535 3680 1603 κατάλειμμα

2101 1638 2426 1708 σωθήσεται.
2459 1636 2632 1704 Λόγον
2672 1634 2781 1705 γὰρ
2813 1632 3102 1692 συντελῶν,
3145 1631 3240 1682 καὶ
3273 1627 3583 1696 συντέμνων
3622 1627 3681 1677 ἐν

2097 1730 2429 1801 δικαιοσύνῃ,
2488 1731 2569 1783 ὅτι
2643 1728 2801 1795 λόγον
2863 1724 3304 1793 συντετμημέιιον
3368 1721 3582 1790 ποιήσει
3650 1719 3680 1770 6

423 1841 566 1895 hunc
597 1840 651 1894 in
685 1840 904 1894 modum
953 1837 1111 1903 forte,
1143 1837 1258 1891 sive
1301 1835 1457 1890 aliter
1507 1832 1728 1900 intelligi
1789 1841 1991 1900 queat:

2107 1823 2248 1886 Θεὸς,
2281 1825 2341 1875 ἐν
2367 1823 2431 1893 τῇ
2460 1820 2757 1890 οἰκουμένῃ
2783 1818 2936 1890 ὅλῃ.»
2962 1815 3100 1868 Ἀλλ’
3133 1813 3228 1867 εἴτ’
3263 1809 3352 1867 οὖν
3372 1805 3474 1865 ὧδε
3508 1812 3681 1863 νοοῖτο

422 1945 639 2000 nempe,
667 1931 914 2001 quamvis
942 1929 1141 1985 multus
1171 1937 1226 1983 et
1266 1925 1674 1982 innumerabilis
1703 1927 1778 1981 sit
1809 1924 1993 1987 Israel,

421 2031 476 2077 et
508 2022 690 2078 arenis
721 2022 1046 2078 Iittoralibus
1087 2020 1503 2088 comparandus,
1535 2033 1641 2073 non
1669 2026 1847 2072 tamen
1892 2015 2000 2071 Deo

420 2113 708 2172 admodum
734 2127 878 2168 cura;
934 2121 1080 2177 sunt,
1147 2111 1581 2180 quandoquidem
1634 2106 1896 2174 impietati
1939 2120 2000 2160 se

422 2202 780 2258 dediderunt:
837 2200 1468 2268 contra,unumjustum
1500 2213 1564 2251 ac
1619 2197 1764 2266 pium
1820 2195 2001 2252 chari-

422 2302 533 2350 tate
564 2309 660 2349 sua
687 2302 739 2349 et
775 2293 1107 2362 indulgentia
1166 2292 1365 2347 eximie
1411 2291 1681 2360 dignatur.
1757 2287 2000 2357 Respicit

423 2387 586 2458 igitur
605 2385 771 2441 etiam
811 2405 830 2438 ι
867 2400 1030 2454 super
1065 2399 1232 2438 unum
1288 2383 1568 2447 humilem,
1620 2389 1676 2437 et
1735 2380 1997 2451 quietum,

421 2485 478 2532 et
508 2485 830 2531 trementem
860 2490 1144 2531 sermones
1174 2474 1292 2544 ejus
1318 2474 1386 2529 “.
1419 2492 1437 2525 ι
1473 2471 1582 2528 Nec
1628 2471 1770 2527 istud
1818 2469 1996 2534 bonis,

419 2573 476 2622 et
516 2565 755 2632 mitibus,
805 2574 862 2620 et
891 2563 1206 2618 timentibus
1230 2577 1374 2628 eum,
1416 2572 1472 2618 et
1503 2561 1836 2630 sincereipsi
1883 2575 2000 2615 ser-

420 2657 694 2713 vientibus
723 2655 956 2720 sufﬁcit;
1024 2655 1119 2710 sed
1179 2654 1302 2710 aliis
1364 2653 1526 2708 etiam
1594 2653 1876 2724 prodesse,
1945 2661 2003 2707 et

421 2747 626 2819 peccati
672 2747 726 2802 in
795 2747 961 2800 Deum
1020 2757 1144 2801 reos
1214 2744 1561 2812 impendente
1615 2756 1999 2810 nonnunquam

423 2837 688 2908 supplicio
717 2835 953 2892 liberare
986 2844 1232 2903 possunt.
1283 2834 1366 2888 Ad
1387 2832 1540 2901 cujus
1595 2832 1672 2887 rei
1726 2831 2003 2902 probatio-

423 2942 546 2984 nem
577 2928 762 2995 accipe
809 2928 950 2995 quod
990 2926 1056 2980 de
1095 2924 1395 2980 Sodomitis
1439 2921 1724 2987 scribitur,
1785 2921 2002 2991 quando

420 3019 765 3090 omnipotens
792 3019 932 3073 Deus
962 3018 1103 3088 ignis
1124 3031 1342 3087 pmnam
1409 3029 1468 3070 se
1500 3013 1607 3069 illis
1662 3014 2001 3070 condonatu-

422 3125 542 3168 rum
574 3110 950 3180 pollicebatur,
990 3111 1036 3166 si
1075 3110 1230 3164 modo
1258 3107 1640 3180 quinquejusti
1666 3107 1807 3162 inter
1875 3105 2000 3161 illos

423 3201 819 3257 invenirentur.
877 3201 1064 3270 Itaque
1102 3199 1204 3255 Lot
1263 3214 1368 3252 una
1401 3214 1524 3254 cum
1555 3211 1726 3252 uxore
1767 3209 1822 3252 et.
1854 3197 1997 3252 (ilia-

424 3293 525 3349 bus
557 3302 803 3350 servatus
827 3302 913 3349 est
943 3293 1011 3348 ".
1077 3292 1146 3347 Et
1172 3291 1300 3363 quid
1339 3291 1462 3346 dico
1527 3290 1768 3360 quinque
1829 3290 2004 3359 justos

424 3393 482 3442 et
517 3384 729 3442 bonos?
759 3387 976 3455 quando
1027 3392 1082 3439 et
1114 3382 1470 3455 Jerosolymis
1527 3384 1664 3436 iram
1706 3380 1998 3445 intentans,

432 3493 454 3528 ι
485 3477 806 3544 Discurrite,
845 3475 1044 3545 inquit,
1073 3490 1171 3545 per
1199 3476 1314 3530 vias
1350 3471 1674 3539 Jerusalem,
1705 3478 1759 3527 et
1802 3470 2002 3535 videte,

425 3579 481 3624 et
519 3569 848 3639 cognoscite,
886 3576 943 3623 et
971 3569 1200 3639 quaerite
1232 3568 1285 3622 in
1322 3567 1515 3637 plateis
1558 3563 1700 3636 ejus,
1748 3571 1803 3620 et
1827 3564 1872 3620 si
1923 3562 2008 3616 in-

423 3663 690 3720 veneritis
715 3662 916 3726 virum,
938 3662 983 3717 si
1009 3671 1094 3718 est
1147 3661 1354 3716 faciens
1403 3659 1684 3729 judicium,
1756 3666 1812 3712 et
1856 3671 2005 3727 quae-

425 3769 556 3812 rens
587 3754 767 3820 Iidem,
800 3761 856 3816 et
884 3755 1149 3824 prapitlus
1170 3768 1266 3809 ero
1293 3754 1394 3819 eis,
1419 3751 1552 3808 dicit
1581 3749 1840 3805 Dominus
1879 3750 1947 3804 “.
1981 3767 2001 3802 ι

427 3847 692 3918 Intelligis
725 3860 855 3918 ergo
879 3860 988 3916 quo
1015 3857 1174 3916 pacto
1209 3845 1291 3900 vel
1319 3860 1484 3899 unum
1511 3845 1715 3916 justum
1747 3843 2003 3898 tuendum

429 3939 710 4009 suscipiat,
755 3947 808 3993 et
845 3953 945 4007 pro
977 3945 1086 3994 tota
1115 3936 1336 3992 civitate
1381 3945 1626 3992 orantem
1677 3949 1780 3989 non
1834 3933 2009 4002 despi-

428 4030 558 4091 ciat.
593 4027 1051 4086 Innumerabilem
1083 4040 1262 4084 autem
1277 4027 1671 4083 multitudinem
1694 4041 1802 4080 non
1832 4033 2004 4091 curat,

369 4181 372 4184 4
429 4130 488 4177 ut
518 4122 652 4188 dixi,
683 4121 728 4178 si
785 4121 1036 4177 videatur
1093 4120 1340 4192 profana,
1392 4129 1443 4174 et
1471 4120 1538 4175 ad
1609 4117 2006 4190 improbitatem

427 4211 684 4279 declinet,
715 4222 769 4269 et
813 4228 872 4269 se
927 4214 1228 4269 damonum
1291 4213 1723 4282 importunorum
1781 4208 2010 4266 fallaciis

429 4303 632 4358 involvi
657 4304 914 4374 patiatur.

499 4396 568 4450 Et
597 4398 713 4462 erit,
743 4397 930 4450 inloco
955 4397 1008 4450 in
1053 4412 1156 4464 quo
1187 4396 1385 4447 dictum
1415 4403 1490 4446 est
1527 4393 1654 4457 illis,
1695 4391 1816 4445 Non
1842 4407 2009 4460 popu-

427 4489 511 4544 lus
539 4504 685 4544 meus
714 4503 825 4552 vos,
869 4487 1192 4541 vocabuntur
1231 4496 1278 4540 et
1306 4485 1406 4554 ipsi
1449 4485 1550 4554 ﬁlii
1573 4483 1674 4538 Dei
1697 4483 1931 4538 viventis.

501 4665 637 4722 VIII.
671 4664 1014 4722 Vicinissima
1046 4673 1129 4719 est
1156 4665 1251 4720 ira:
1273 4663 1627 4719 severissimae
1675 4678 1854 4718 rerum
1913 4663 2009 4718 tri-

429 4759 593 4814 stium
630 4757 904 4828 depulsio,
940 4763 994 4810 et
1051 4755 1416 4810 calamitatum
1473 4756 1594 4810 linis
1665 4754 2008 4809 continenter

429 4849 747 4918 spondetur.
800 4846 1104 4916 Aliquando
1164 4848 1305 4901 enim
1360 4846 1630 4916 abjeetum
1660 4860 1724 4900 ac
1756 4845 2008 4915 repudia-

432 4952 546 4996 tum
595 4941 660 4996 iri
689 4941 849 5001 Israel
881 4943 1080 4996 diserte
1115 4939 1518 5011 praenuntiavit,
1555 4947 1612 4993 ut
1639 4941 1799 4996 modo
1828 4947 2010 4995 osten—

431 5032 650 5089 dimus:
691 5040 747 5086 at
773 5047 878 5086 non
911 5041 1083 5087 totum
1114 5033 1346 5087 deletum
1375 5030 1463 5096 iri,
1507 5046 1572 5086 ac
1608 5029 1845 5085 funditus
1889 5046 2012 5100 per-

434 5125 793 5190 iturum;sed
835 5135 1121 5178 venturum
1183 5134 1414 5194 tempus,
1474 5139 1581 5194 quo
1647 5124 1713 5177 ad
1769 5132 2004 5178 veterem

433 5223 638 5273 statum
667 5217 947 5286 dignitatis
1005 5225 1368 5280 revertantur,
1421 5215 1625 5285 Deique
1675 5215 2002 5270 cimritatem

432 5307 712 5380 recipiant,
768 5322 865 5377 per
903 5307 1185 5374 titletnju
1245 5307 1519 5361 Christum
1571 5307 1841 5372 videlicet,
1899 5307 2011 5376 28

432 5415 649 5464 rursum
683 5407 831 5454 certo
873 5401 1173 5469 pollicetur.
1211 5400 1484 5454 Debebunt
1519 5401 1686 5463 enim,
1744 5401 2008 5455 debebant

431 5493 781 5564 propheticos
817 5507 1095 5547 sermones
1148 5492 1386 5546 audituri
1461 5501 1631 5544 totum
1689 5494 2006 5560 mysterimn

501 5694 552 5726 ’°
589 5694 745 5753 Joan.
789 5708 882 5760 vtt,
911 5696 999 5752 '55.
1082 5696 1122 5725 "
1161 5693 1348 5749 Matth.
1388 5709 1540 5756 uti),
1575 5693 1661 5747 56.

432 5771 548 5828 ιιι,
585 5765 673 5832 IS.
745 5765 1010 5832 "ierem.
1043 5780 1098 5836 v,_
1136 5765 1186 5819 1.

2026 3157 2072 3220 C

1740 5695 1779 5725 ²²
1804 5692 1954 5745 δοιιιι.
1985 5710 2034 5754 x,
2070 5694 2130 5745 ΓΞ

2098 1915 2277 1986 τυχὸν,
2315 1915 2423 1968 εἴτε
2466 1915 2560 1969 καὶ
2612 1911 2813 1982 ἑτέρως
2837 1927 2848 1939 ·
2885 1909 3051 1972 πολὺς
3125 1909 3220 1960 καὶ
3253 1904 3620 1974 ἀναρίθμητος
3651 1901 3680 1954 6

2113 2005 2347 2077 Ἰσραὴλ,
2376 2005 2470 2060 καὶ
2493 2004 2741 2074 ψάμμοις
2762 2004 2882 2064 ταῖς
2920 2000 3161 2062 ἐναλίαις
3192 1997 3491 2069 ἰσομέτροις
3519 1995 3678 2064 έχων,

2099 2100 2159 2153 οὐ
2187 2100 2354 2161 πολὺς
2385 2097 2564 2152 αὐτῶν
2599 2094 2751 2167 παρά
2794 2093 2914 2165 Θεῷ
2943 2093 3122 2161 λόγος,
3153 2089 3435 2144 δυσσεϐεἰν
3464 2086 3678 2158 ᾑρημέ-

2099 2207 2240 2247 νωνο
2273 2189 2449 2245 καίτοι
2491 2189 2608 2253 ἐνὸς
2633 2188 2846 2242 δικαίου
2878 2189 2969 2241 καὶ
3005 2183 3285 2247 εὐσεϐοῦς,
3329 2183 3424 2236 καὶ
3461 2181 3682 2250 ἀγάπης

2099 2282 2198 2352 τῆς
2230 2283 2363 2352 παρ’
2408 2279 2597 2346 αὐτοῦ,
2641 2280 2734 2332 καὶ
2790 2276 3007 2347 φειδοῦς
3046 2275 3318 2346 ἐκκρίτως
3352 2274 3678 2346 ἠξιωμένου.

2114 2371 2607 2440 Ἑπιϐλέπεικγοῦν,
2637 2371 2731 2425 καὶ
2770 2389 2787 2422 ι
2829 2371 2913 2440 ἐφ’
2945 2370 3039 2422 ἕνα
3071 2368 3333 2422 ταπεινὸν
3356 2408 3370 2432 ,
3403 2367 3497 2420 καὶ
3543 2365 3679 2436 ἡσύο

2101 2483 2235 2536 χιον,
2278 2466 2371 2518 καὶ
2419 2464 2693 2534 τρέμοντα
2741 2464 2867 2525 τοὺς
2907 2462 3099 2528 λόγους
3137 2459 3319 2514 αὐτοῦ.
3350 2477 3368 2510 ι
3424 2460 3532 2512 Καὶ
3581 2460 3680 2513 οὐκ

2101 2557 2313 2628 ἀπόχρη
2335 2556 2494 2610 τοῦτο
2521 2559 2634 2620 τοῖς
2665 2555 2907 2624 ἀγαθοῖς,
2936 2555 3031 2609 καὶ
3063 2553 3352 2618 ἐπιεικέσι,
3391 2554 3486 2606 καὶ
3513 2552 3682 2606 δεδιό-

2105 2668 2188 2704 σιν
2215 2649 2398 2714 αὑτὸν,
2421 2649 2517 2704 καὶ
2549 2648 2786 2719 γνησίως
2811 2647 3172 2700 δουλεύουσιν.
3211 2643 3372 2698 Ἀλλά
3419 2644 3514 2698 καὶ
3563 2643 3682 2697 ἐτέ-

2107 2760 2231 2814 ρους
2282 2743 2418 2796 είσὶν
2465 2741 2700 2811 ὠφελεῖν
2737 2735 2840 2794 οἷοί
2886 2757 2969 2804 τε,
3022 2743 3118 2792 καὶ
3169 2736 3683 2810 προσκεκρουκότας

2103 2834 2463 2889 ἀπαλλάττειν
2493 2834 2591 2902 τῆς
2620 2831 3008 2904 ἐπηρτημένης
3049 2830 3159 2884 ἔσθ’
3193 2832 3282 2884 ὅτε
3328 2832 3539 2899 ποινῆς.
3569 2829 3683 2882 Λά-

2104 2926 2216 2990 ϐοις
2244 2927 2289 2980 δ’
2333 2927 2400 2980 ἂν
2434 2928 2514 2990 είς
2543 2925 2815 2992 ἀπόδειξιν
2848 2923 2943 2979 τοῦ
2976 2923 3180 2978 τοιοῦδε
3209 2924 3528 2994 πράγματος
3558 2923 3684 2986 τοὺς

2103 3017 2195 3072 ἐπί
2223 3035 2286 3086 γε
2327 3017 2644 3088 Σοδομίταις
2697 3017 2908 3085 λόγους,
2963 3018 3053 3070 ὅτε
3102 3016 3195 3069 καὶ
3242 3017 3462 3086 ἀνήσειν
3498 3015 3683 3076 αὐτοῖς

2104 3109 2476 3180 ἐπηγγέλλετο
2525 3107 2623 3179 τὴν
2671 3107 2759 3162 διὰ
2794 3107 2965 3178 πυρὸς
2995 3106 3150 3177 δίκην
3191 3109 3220 3161 ὁ
3254 3105 3430 3159 πάντα
3485 3103 3686 3174 ἰσχύων

2103 3203 2252 3268 Θεὸς,
2295 3203 2454 3256 πέντε
2491 3202 2666 3272 μόνων
2721 3203 2778 3254 ἐν
2835 3201 3019 3264 αὐτοῖς
3052 3201 3276 3253 δικαίων
3326 3197 3682 3270 ηὑρημένων.

2104 3291 2214 3346 Καὶ
2245 3290 2375 3360 γοῦν
2405 3291 2638 3355 ἐσώζετο
2670 3291 2795 3347 Λὼτ
2816 3333 2830 3356 ,
2871 3291 3006 3363 όμοῦ
3037 3291 3260 3361 γυναικὶ
3309 3290 3405 3344 καὶ
3451 3290 3681 3352 τέκνοις.

2104 3383 2215 3435 Καὶ
2245 3382 2294 3436 τί
2321 3383 2481 3437 πέντε
2510 3383 2653 3452 λέγω
2677 3384 2917 3447 δικαίους
2980 3383 3074 3438 καὶ
3099 3380 3374 3451 ἀγαθούςς
3409 3381 3544 3434 ὅπου
3591 3379 3688 3435 καὶ

2104 3475 2216 3537 τοῖς
2250 3473 2643 3545 Ἰεροσολύμοις
2674 3475 2844 3546 ὀργὴν
2883 3475 3222 3544 ἐπαρτήσας,
3261 3493 3279 3526 ι
3314 3472 3686 3544 Προδράμετε,

2107 3567 2262 3638 φησὶ,
2287 3567 2344 3620 ἐν
2368 3569 2488 3630 ταῖς
2513 3566 2654 3630 ὁδοῖς
2681 3565 3056 3637 Ἰερουσαλὴμ,
3075 3567 3169 3620 καὶ
3197 3567 3352 3631 ἴδετε,
3375 3565 3468 3620 καὶ
3491 3564 3687 3634 γνῶτε,

2107 3661 2202 3715 καὶ
2228 3660 2501 3731 ζητήσατε
2533 3661 2590 3712 ἐν
2629 3661 2749 3724 ταῖς
2779 3659 3064 3724 πλατείαις
3096 3659 3287 3728 αὐτῆς,
3333 3658 3430 3712 καὶ
3470 3658 3565 3712 ἐὰν
3597 3657 3688 3710 εὓ-

2110 3769 2239 3824 ρητε
2261 3751 2453 3822 ἄνδρα,
2492 3752 2542 3804 εί
2567 3750 2682 3804 ἐστι
2714 3750 2886 3805 ποιῶν
2906 3751 3104 3822 κρίμα,
3139 3751 3234 3803 καὶ
3263 3749 3444 3819 ζητῶν
3483 3747 3686 3809 πίστιν,

2109 3843 2204 3898 καὶ
2235 3843 2392 3907 ἵλεως
2419 3842 2613 3911 ἔσομαι
2646 3843 2854 3906 αὐτοῖς,
2883 3842 3032 3912 λέγει
3062 3841 3286 3913 Κύριος.
3322 3860 3340 3895 ι
3376 3841 3570 3909 Συνίης
3595 3835 3690 3894 οὖν

2107 3935 2256 3997 ὅπως
2289 3934 2382 3987 καὶ
2414 3932 2530 3996 ἐνὸς
2569 3933 2854 4003 ἀντέχεται
2897 3931 3131 3996 δικαίου,
3177 3931 3270 3986 καὶ⁵
3312 3931 3520 3994 πόλεως
3563 3929 3689 3998 ὅλης

2109 4027 2546 4099 ὑπερευχόμενον
2577 4026 2639 4080 οὐ
2675 4028 2944 4098 περιορᾷ·
2980 4025 3095 4080 ἀλλ’
3122 4025 3297 4088 οὐδεὶς
3337 4023 3486 4092 αύτῷ
3534 4023 3689 4090 λόγος

2108 4121 2203 4175 καὶ
2246 4119 2618 4192 ἀναριθμήτου
2650 4117 2908 4190 πληθύος,
2939 4117 3012 4182 ὡς
3053 4116 3207 4186 ἔφην,
3235 4116 3284 4169 εὶ
3320 4113 3492 4184 ὁρῷτο
3520 4111 3688 4182 βέϐη-

2109 4214 2218 4276 λος,
2252 4213 2346 4266 καὶ
2385 4211 2732 4266 άπονεύσασα
2765 4210 2904 4281 πρὸς
2929 4210 2987 4264 τὸ
3021 4208 3255 4277 φαῦλον.
3287 4208 3380 4260 καὶ
3409 4208 3530 4269 ταῖς
3579 4204 3688 4258 τῶν

2109 4303 2402 4374 δαιμονίων
2433 4303 2672 4366 ἀπάταις
2697 4303 2905 4373 ἀγρίως
2935 4299 3322 4373 ἐνειλημμένη.

2179 4396 2290 4450 Καὶ
2339 4395 2533 4461 ἔσται,
2571 4394 2742 4460 ἐντῷ
2771 4395 2934 4462 τόπῳ
2973 4390 3044 4451 οὗ
3088 4393 3297 4463 ὲῤῥέθη
3341 4391 3565 4459 αὐτοῖς,
3605 4395 3684 4447 Οιὶ

2037 4507 2084 4565 ι)
2109 4488 2259 4553 λαός
2282 4504 2400 4556 μου
2432 4485 2621 4556 ὑμεῖς,
2652 4484 3065 4553 κληθήσονται
3091 4484 3191 4539 καί
3209 4483 3377 4539 αὐτοὶ
3404 4483 3520 4538 υἱοὶ
3539 4481 3687 4537 Θεοῦ

2114 4577 2347 4645 ζῶντος.

2185 4669 2268 4721 II’.
2321 4667 2518 4736 Ἑγγὺς
2545 4666 2608 4738 δὴ
2643 4667 2848 4737 σφόδρα
2881 4669 2999 4730 ταῖς
3027 4666 3476 4737 ἀποτομωτάταις
3500 4666 3687 4736 ὀργαῖς

2112 4759 2221 4813 τῶν
2249 4757 2488 4830 ἀνιαρῶν
2535 4761 2567 4829 ἠ
2617 4758 2792 4822 λύσις,
2837 4757 2930 4810 κα)⁵
2966 4757 3074 4812 τῶν
3107 4757 3446 4828 σκυθρωπῶν
3483 4757 3544 4811 τὸ
3589 4756 3688 4810 πέ-

2115 4867 2234 4920 ρας,
2273 4851 2396 4904 ὃσον
2427 4850 2553 4920 ἥκει
2586 4851 2667 4914 εἰς
2696 4849 2909 4918 λόγους,
2942 4851 3005 4904 οὐ
3038 4852 3274 4921 μακράν.
3309 4851 3427 4904 Ὅτι
3454 4850 3554 4919 μὲν
3583 4848 3690 4922 γάρ

2109 4941 2261 4995 ἔσται
2298 4939 2440 4994 κατά
2470 4941 2695 5012 καιροὺς
2725 4942 3031 5012 ἀπόϐλητος
3062 4942 3092 4993 6
3131 4941 3362 5011 Ἰσραὴλ,
3415 4959 3689 5010 προκατα-

2116 5036 2429 5105 μεμήνυκεν
2460 5034 2738 5106 ἐναργῶς,
2781 5035 2869 5090 διά
2899 5035 3007 5088 τῶν
3054 5035 3256 5104 ἀρτίως
3291 5035 3419 5101 ἡμῖν
3463 5034 3690 5102 εἰρημέ-

2117 5137 2242 5177 νων·
2271 5125 2351 5177 ότι
2383 5124 2439 5176 δέ
2491 5125 2591 5178 ούκ
2641 5125 2873 5179 εἰσάπαν
2922 5125 3242 5194 οἰχήσεται,
3277 5122 3370 5175 καὶ
3408 5123 3690 5178 ἀπολεῖται

2107 5213 2406 5278 παντελῶς,
2439 5216 2552 5268 ἀλλ’
2593 5216 2741 5268 ἔσται
2768 5233 2852 5277 τις
2886 5215 3070 5276 αὐτοῖς
3104 5213 3204 5282 τῆς
3245 5213 3326 5276 είς
3360 5214 3421 5268 τὸ
3465 5215 3678 5284 ἁρχαῖιι.

2106 5309 2419 5378 ἀναδρομῆς
2440 5312 2467 5362 6
2489 5310 2698 5379 καιρὸς,
2736 5311 2828 5361 καὶ
2852 5308 2950 5372 τῆς
2975 5308 3056 5368 είς
3073 5307 3204 5360 Θεὸν
3239 5308 3462 5378 ἀγάπης
3493 5287 3698 5375 ἀνάλᾉ.

2105 5399 2218 5468 ψις,
2249 5401 2337 5454 διὰ
2385 5402 2617 5462 πίστεως
2641 5400 2842 5469 δηλαδὴ
2872 5399 2970 5468 τῆς
3010 5401 3088 5462 εἰς
3119 5400 3374 5469 Χριστὸν,
3411 5399 3686 5468 ττεπληροοσ

2111 5493 2315 5562 φόρηκε
2375 5493 2553 5546 πάλιν.
2606 5492 2750 5544 Ἔδει
2796 5492 2936 5563 γὰρ,
2999 5491 3106 5544 ἔδει
3158 5494 3283 5555 τοὺς
3339 5488 3687 5562 προφητικῶν

3479 5691 3514 5719 ἐξ
3550 5688 3683 5742 Gen.

2146 5696 2274 5760 ,25.
2357 5697 2516 5748 “iss.
2557 5713 2604 5758 τ,
2644 5695 2732 5756 22,
2778 5694 2862 5745 Ξῖ).
2942 5694 3109 5746 “15.1.
3157 5708 3297 5758 t..\\t,
3343 5690 3394 5742 ‘2.
