4012 6214
263 367 335 426 53
1193 345 1742 410 COMMENTARIUS
1778 343 1848 401 IN
1889 340 2120 399 OSEAM
2157 337 2603 396 PROPIIETAM.
3464 337 3537 395 ξ.)

269 479 566 554 μέλλοντας
603 472 930 527 ἀκοὺσεσθαι
963 470 1152 538 λόγων,
1183 471 1300 523 ὅλον
1342 470 1536 522 εἰδέναι
1580 465 1760 534 caedi;
1786 463 1845 515 τδ

1964 461 2118 529 probe
2164 460 2549 528 perspicueque
2581 471 2928 524 cognoscere,
2969 465 3021 510 et
3062 458 3256 512 divina:
3318 473 3537 518 meone-

269 572 592 644 μυστήριον,
631 567 725 620 καὶ
752 565 878 628 τοὺς
904 564 999 633 τῆς
1033 562 1183 624 Θείας
1208 560 1520 630 οἰκονομίας
1553 558 1627 627 μὴ
1654 555 1850 644 ἁγνοῆῖ

270 641 362 719 σαι
391 641 652 734 τρόπους.
707 659 902 711 Ἔσται
960 655 1160 717 τοίνυν,
1197 654 1381 725 φησιν,
1417 654 1473 704 ἐν
1503 651 1581 722 τῷ
1618 651 1766 718 τόπῳ
1791 641 1850 700 οὗ

267 756 472 828 ἐρρέθη
497 754 702 815 αὑτοῖς,
733 751 808 804 Οὑ
839 748 966 811 λαός
1007 764 1108 816 μου
1145 747 1319 817 ὑμεῖς,
1345 745 1440 799 καὶ
1468 743 1620 796 αὐτοὶ
1649 739 1855 809 κληθή-

269 865 458 902 σονται
489 846 599 898 υἱοὶ
635 843 770 897 Θεοῦ
803 843 1021 907 ζῶντος.
1058 840 1152 905 Τὸ,
1180 858 1198 888 ι
1229 840 1286 890 ἐν
1343 836 1422 908 τῷ
1464 835 1634 904 τόπῳ,
1664 852 1681 882 ι
1715 831 1766 883 τί
1788 829 1852 883 ἂν

270 941 520 1010 βούλοιτο
565 936 791 1007 δηλοῦν,
827 936 959 1008 φέρε
989 933 1239 1000 λέγωμεν
1281 929 1545 999 ἀκριϐῶς.
1592 925 1853 993 Γεγόνασι

269 1034 374 1104 μὲν
408 1032 521 1102 γὰρ
565 1031 617 1083 οἱ
669 1028 727 1092 ἐξ
774 1026 989 1098 Ἰσραὴλ
1037 1025 1370 1098 αἰχμάλωτοι
1415 1019 1553 1073 κατὰ
1607 1018 1852 1087 καιροὺς,

266 1121 368 1174 καὶ
418 1121 501 1181 είς
567 1117 663 1189 τὴν
717 1116 825 1170 τῶν
874 1116 1176 1187 Ἀσσυρίων
1223 1109 1672 1180 ἀπεκομίσοησαν
1727 1105 1850 1174 γῆν.

285 1209 428 1262 Ἀλλ’
458 1205 600 1279 ἦσαν
628 1210 745 1260 ἐκεῖ
782 1206 1056 1270 κλαίοντες
1116 1206 1210 1260 καὶ
1249 1201 1573 1274 οἰμώζοντες
1605 1199 1731 1270 περὶ
1765 1197 1855 1250 τὸν

271 1301 460 1370 νόμον,
488 1301 582 1352 κα)⁸
617 1299 775 1352 τοῦτο
803 1301 934 1368 ἡμῖν
961 1299 1189 1369 ἐναργὲς
1212 1297 1382 1350 ἐποίει
1419 1296 1592 1362 λέγων
1615 1295 1643 1346 6
1676 1293 1857 1360 μακά-

273 1411 389 1463 ριος
410 1393 594 1445 Δαϐίδ-
625 1411 642 1441 ι
687 1392 809 1442 Ἐπὶ
833 1391 921 1443 τὸν
953 1389 1194 1460 ποταμὸν
1234 1387 1549 1448 Βαϐυλῶνος
1583 1387 1700 1438 ἐκεῖ
1729 1386 1856 1438 ἐκα-

267 1484 525 1551 θίσαμεν,
550 1484 645 1536 καὶ
678 1481 1020 1550 ἐκλαύσαμεν
1051 1483 1106 1533 ἐν
1139 1480 1217 1550 τῷ
1251 1479 1552 1549 μνησθῆναι
1576 1478 1722 1546 ἡμᾶς
1756 1475 1854 1547 τὴν

271 1575 431 1626 Σιιὲιν.
468 1595 486 1625 ι
521 1574 667 1643 Ἔφη
699 1573 755 1624 δέ
791 1572 953 1625 πάλιν
982 1591 1022 1621 ⁸(
1054 1569 1177 1632 Πῶς
1203 1571 1423 1642 ᾄσωμεν
1446 1568 1542 1637 τὴν
1571 1568 1714 1638 ᾠδὴν
1744 1568 1855 1619 Κυ-

275 1670 391 1739 ρίου
425 1667 520 1719 ἐπὶ
546 1669 648 1734 γῆς
682 1665 1001 1734 ἁλλοτρίαςς
1035 1684 1051 1714 ι
1094 1663 1233 1714 Ἀλλ’
1282 1662 1746 1731 ὑπονοστήσαντες
1778 1659 1854 1722 εἰς

283 1760 659 1832 Ἱεροσόλυμα,
683 1757 818 1810 Θεοῦ
846 1757 1330 1827 κατοικτείροντος,
1356 1754 1505 1808 οὐδὲν
1525 1749 1686 1824 ἦττον
1714 1747 1855 1822 ἦσάν

1955 551 2074 606 mite
2144 550 2328 604 modos
2406 568 2507 604 non
2571 553 2837 620 ignorare.
2906 550 3019 603 Erit
3097 551 3275 620 igitur,
3341 552 3534 620 inquit,

1955 645 2006 696 in
2049 642 2186 705 loco,
2229 642 2316 694 ubi
2354 643 2550 696 dictum
2602 653 2685 698 est
2730 643 2862 707 illis,
2919 641 3032 696 Non
3082 643 3314 712 populus
3381 659 3535 698 mens

1953 747 2068 795 vos,
2105 742 2158 786 et
2205 733 2304 800 ipsi
2346 733 2682 787 vocabuntur
2733 733 2824 786 ﬁlii
2893 733 2985 788 Dei
3042 733 3292 789 viventis.
3372 733 3528 799 Illud,

1959 844 1977 875 ι
2027 824 2080 878 in
2117 823 2254 888 loco,
2302 842 2320 875 ι
2357 824 2481 894 quid
2513 825 2613 878 sibi
2659 825 2804 890 velit,
2827 839 2924 893 age
2965 825 3332 880 enneleemns.
3402 827 3516 879 an

1956 926 2079 969 runt
2113 915 2254 970 enim
2287 915 2541 970 Israelita:
2587 917 2876 985 aliquando
2915 917 3114 986 captivi
3173 917 3326 984 facti,
3379 929 3435 973 et
3481 919 3533 973 in

1955 1007 2229 1076 Assyriam
2293 1007 2561 1072 translati,
2599 1008 2687 1061 ubi
2741 1007 2939 1063 ﬁebant
2988 1017 3040 1064 et.
3094 1009 3536 1065 lamentabantur

1958 1097 2010 1150 in
2047 1098 2234 1166 pratis,
2269 1097 2320 1151 id
2346 1099 2486 1167 quod
2521 1099 2674 1154 nobis
2723 1100 3009 1155 manifeste
3070 1101 3274 1156 indicat
3345 1101 3535 1158 beatus

1961 1188 2180 1244 David:
2250 1207 2268 1240 ι
2309 1189 2480 1259 Super
2524 1189 2720 1246 ﬂumen
2774 1190 3064 1262 Babylonis
3136 1194 3243 1248 illic
3301 1194 3537 1250 sedimus

1956 1290 2010 1334 et
2042 1280 2309 1346 ﬁevimus,
2367 1283 2493 1335 dum
2541 1283 2954 1337 recordaremur
2990 1285 3089 1347 tui,
3133 1282 3263 1337 Sion
3299 1285 3368 1337 ³⁷.
3417 1303 3433 1334 ι
3470 1284 3537 1339 Et

1959 1371 2150 1424 iterum
2183 1390 2193 1401 ι
2234 1391 2251 1423 ι
2283 1373 2562 1438 Quomodo
2612 1373 2952 1429 cantabimus
2989 1376 3256 1429 canticum
3327 1377 3534 1430 Domini

1959 1460 2010 1512 in
2045 1471 2184 1514 terra
2225 1461 2401 1515 aliena
2433 1461 2517 1514 98?
2549 1482 2567 1514 ι
2611 1461 2805 1517 Verum
2840 1465 2947 1519 Deo
2977 1467 3269 1519 miserante
3315 1465 3536 1520 Jeroso-

1958 1552 2154 1622 lymam
2192 1553 2416 1619 reversi,
2451 1568 2600 1622 aeque
2643 1565 2699 1609 ut
2731 1555 2856 1610 olim
2887 1567 3044 1611 erant
3105 1567 3159 1612 et
3213 1561 3538 1612 vocabantur

1959 1643 2183 1712 pepulns
2231 1643 2346 1708 Dei,
2375 1645 2425 1697 in
2458 1645 2712 1700 continua
2739 1647 2998 1703 felicitate
3039 1649 3312 1714 vivebant,
3373 1650 3539 1704 libere

1961 1733 2127 1788 Deum
2174 1735 2431 1798 colentes,
2479 1735 2823 1806 legitimaque
2879 1740 3141 1794 sacriﬁcia
3193 1751 3535 1811 porrigentes.

272 1869 334 1904 τε
391 1852 483 1904 καὶ
522 1849 860 1918 ὠνομάζοντο
903 1848 1026 1910 λαὸς
1052 1848 1210 1913 Θεοῦ,
1241 1849 1334 1901 καὶ
1374 1847 1640 1900 διετέλουν
1692 1846 1748 1898 ἐν
1774 1844 1862 1896 εὑ-

1968 1825 2084 1880 Νοη
2137 1828 2278 1880 enim
2311 1827 2435 1881 alibi
2475 1829 2702 1896 uspiam,
2766 1840 3123 1900 prarlcrquam
3192 1831 3539 1903 Jerosolymis

269 1942 532 2010 ημερέαις
557 1939 912 2008 λατρεύοντες
947 1938 1268 2008 ἐλευθέρως,
1290 1939 1382 1990 καὶ
1405 1937 1502 1998 τὰς
1529 1935 1670 1988 κατὰ
1697 1934 1859 2004 νόμον

266 2031 554 2095 τελοῦντες
587 2032 800 2092 θυσίας.
852 2030 927 2081 Οὐ
960 2030 1068 2099 γὰρ
1103 2027 1231 2098 ἐξῆν
1272 2031 1403 2092 ὅλως
1454 2028 1671 2096 ἐτέροσε
1722 2027 1858 2078 ἁπο-

265 2123 518 2194 πληροῦν
552 2125 620 2176 τὰ
653 2121 1004 2192 διωρισμένα,
1041 2121 1152 2175 ἀλλ’
1189 2123 1246 2175 ἐν
1281 2123 1460 2192 μόνοις
1488 2125 1600 2185 τοῖς
1637 2120 1860 2191 Ἰεροσο-

265 2215 488 2286 λύμοις,
512 2218 608 2270 καὶ
633 2217 690 2267 ἐν
717 2215 796 2284 τῷ
833 2215 966 2284 ναῷ,
1000 2214 1185 2282 σαφῶς
1209 2215 1301 2267 τοῦ
1328 2213 1413 2266 διὰ
1445 2213 1689 2274 Μωσέως
1716 2229 1860 2282 παρα

265 2311 586 2377 εγγυῶντος
624 2311 814 2378 νόμου”
855 2329 872 2361 ι
908 2309 1147 2380 Πρόσεχε
1198 2307 1428 2376 σεαυτῷ,
1568 2305 1860 2398 ἀνενεγκξις

265 2403 335 2454 τὰ
379 2402 824 2471 ὁλοκαυτώματα
849 2421 964 2467 σου,
997 2401 1174 2470 ἀλλ’ἢ
1225 2402 1303 2461 εἰς
1345 2398 1436 2450 τὸν
1472 2396 1655 2459 τόπον,
1695 2396 1753 2448 ὃν
1795 2396 1861 2448 ἂν

269 2492 566 2561 ἐκλέξηται
610 2493 814 2561 Κύριος
863 2497 890 2548 6
921 2494 1051 2557 Θεός
1097 2509 1212 2556 σου,
1263 2492 1379 2543 ἐκεῖ
1412 2488 1768 2556 ἐπικληθῆναι
1800 2487 1862 2540 τὸ

267 2583 449 2652 ὄνομα
464 2583 663 2645 αὑτοῦ,
681 2586 795 2637 ἐκεῖ
823 2585 990 2648 οἴσεις
1010 2583 1078 2636 τὰ
1100 2579 1522 2650 ὁλοκαυτώματά
1546 2595 1656 2630 σου.
1672 2596 1690 2630 ι
1725 2578 1862 2630 Οὐκ-

275 2675 372 2726 οῦν
427 2675 867 2745 ὑποστρέφοντες
900 2677 1040 2729 κατὰ
1076 2674 1302 2744 καιροὺς
1327 2675 1385 2725 ἐν
1413 2675 1526 2735 τοῖς
1566 2669 1860 2742 Ἰεροσολὺ-

272 2780 418 2831 μοις,
454 2764 552 2815 καὶ⁸
585 2764 687 2834 τὴν
717 2765 826 2817 τῶν
855 2763 1167 2831 ἀλλοφύλων
1205 2761 1704 2831 καταλιμπάνοντες
1735 2759 1856 2830 γῆν,

271 2850 438 2902 ¹ιταλιν
464 2849 738 2923 ἐπλήρουν
780 2851 851 2906 τὰ
886 2851 1248 2922 νενομισμένα
1289 2849 1376 2904 διὰ
1409 2851 1674 2913 Μωσέως,
1705 2851 1859 2919 ἐχρη-

274 2941 506 3010 μάτιζον
532 2959 592 2995 τε
622 2943 749 3006 λαὸς
771 2943 931 2998 Θεοῦ.
963 2943 1122 2997 Μετὰ
1147 2943 1206 2994 δέ
1244 2959 1308 3010 γε
1347 2942 1436 2994 τὸν
1465 2941 1558 2994 τοῦ
1606 2939 1858 3009 Σωτῆρος

273 3031 534 3102 σταυρὸν,
561 3033 656 3086 καὶ
681 3034 779 3103 τὴν
807 3034 1106 3104 γενομένην
1131 3033 1314 3094 αὑτοῖς
1338 3031 1648 3101 πολιορκίαν
1679 3046 1739 3082 τε
1766 3030 1858 3082 καὶ

1964 1921 2092 1973 etin
2127 1921 2324 1990 templo
2387 1922 2677 1976 constituta
2714 1931 2972 1990 praestare
3016 1924 3235 1989 lieebat,
3284 1926 3400 1994 lege
3445 1943 3540 1993 per

1963 2010 2178 2082 Moysen
2223 2012 2398 2081 planis
2464 2013 2640 2068 verbis
2692 2013 2982 2066 hortante:
3031 2034 3048 2065 ι
3111 2016 3340 2070 Attende
3417 2018 3537 2080 tibi,

1964 2119 2032 2156 ne
2070 2102 2266 2158 oll‘eras
2330 2097 2765 2157 bolocautoniata
2799 2115 2909 2171 tua,
2973 2106 3074 2161 nisi
3108 2107 3162 2159 in
3209 2109 3325 2160 loco
3378 2125 3536 2178 quem

1962 2196 2184 2264 elegerit.
2220 2195 2476 2250 Dominus
2511 2196 2650 2250 Dens
2686 2205 2825 2259 tuus,
2889 2204 2945 2249 ut
2995 2198 3066 2251 ibi
3112 2199 3390 2251 invocetur
3444 2215 3532 2252 uo-

1963 2303 2083 2342 men
2111 2287 2244 2354 ejus.
2295 2288 2368 2342 Eo
2397 2288 2648 2342 conteres
2679 2290 2994 2346 holocausta
3067 2300 3154 2342 tua
3209 2291 3276 2343 ’9.
3313 2310 3329 2340 ι
3387 2289 3540 2344 Unde

1961 2389 2200 2448 tempore
2240 2396 2358 2444 suo,
2399 2382 2822 2451 alienigenarum
2861 2383 3082 2450 regione
3134 2383 3344 2447 relicta,
3377 2381 3538 2437 Jero-

1960 2473 2222 2550 solymam
2256 2476 2478 2541 reversi,
2513 2492 2700 2530 rursus
2741 2491 2836 2545 per
2874 2474 3089 2546 Moysen
3119 2477 3324 2532 saneita
3385 2477 3539 2531 facti-

1963 2565 2166 2628 labant,
2195 2575 2248 2620 et
2279 2568 2505 2634 populus
2553 2567 2643 2620 Dei
2703 2566 3056 2620 vocabantur.
3122 2567 3248 2622 Post
3318 2581 3536 2622 crucem

1961 2665 2138 2707 autem
2171 2655 2469 2712 Salvatoris
2504 2659 2695 2722 nostri,
2727 2657 3172 2726 obsidionemque
3201 2666 3255 2712 et
3301 2659 3540 2715 eversio-

1963 2760 2104 2810 nem,
2137 2762 2230 2815 per
2255 2747 2491 2814 gentium
2527 2749 2686 2801 urbes
2734 2756 2897 2814 atque
2921 2747 3228 2816 provincias
3269 2747 3392 2802 totis
3415 2762 3539 2802 cum

1963 2837 2180 2891 l'audliis
2206 2838 2434 2908 dispersi
2488 2848 2634 2906 sunt.
2666 2839 2946 2905 Quomodo
3012 2837 3176 2909 igitur
3225 2848 3384 2894 erunt
3437 2839 3540 2894 ali-

1959 2930 2170 2997 quando
2195 2930 2422 2999 populus
2468 2931 2600 2986 Dei?
2654 2929 2791 2985 Num
2819 2929 3210 2999 Jerosolyrnam
3244 2931 3422 2987 denuo
3455 2949 3544 2988 re-

1961 3022 2123 3087 versi,
2156 3033 2209 3076 et
2238 3024 2290 3076 iu
2329 3025 2527 3094 templo
2583 3031 2942 3100 congregati?
3001 3048 3068 3087 an
3132 3039 3412 3089 versantes
3486 3026 3541 3080 in

275 3123 570 3192 πόρθησιν,
595 3127 654 3177 ἐν
687 3127 810 3188 ταῖς
842 3125 948 3178 τῶν
976 3123 1147 3177 ἐθνῶν
1178 3123 1364 3174 πόλεσί
1398 3139 1456 3174 τε
1519 3122 1615 3174 καὶ
1651 3119 1857 3190 χώραις

1966 3113 2070 3168 illis
2122 3113 2280 3178 locis,
2315 3115 2366 3169 in
2394 3131 2514 3186 quae
2554 3119 2750 3190 singuli
2810 3122 3039 3192 dispersi
3091 3123 3342 3179 fuerint?
3405 3125 3544 3190 Quid

275 3214 504 3264 πανοικὶ
537 3214 936 3285 διεσπάρησαν.
981 3215 1106 3277 Πῶς
1134 3209 1224 3267 οὑν
1254 3213 1468 3266 ἔσονται
1499 3213 1639 3266 κατὰ
1674 3212 1862 3282 καιρὸν

278 3306 360 3364 εἰς
387 3303 515 3354 λαὸν
543 3302 719 3368 Θεοῦ;
751 3300 900 3374 ΊΓΑρα
941 3304 1004 3373 δὴ
1042 3303 1206 3357 πάλιν
1246 3305 1301 3356 ἐν
1331 3306 1440 3366 τοῖς
1473 3301 1866 3371 Ἱεροσολύμοις

277 3394 780 3463 ὑπονοστήσαντες,
856 3397 950 3448 καὶ
1013 3396 1070 3448 ἐν
1132 3395 1210 3465 τῷ
1269 3394 1381 3464 ναῷ
1427 3394 1866 3465 συνηγερμένοι;

278 3488 450 3554 ἤγουν
482 3487 540 3538 ἐν
569 3486 800 3549 ἐκείνοις
824 3487 978 3549 ὄντες
1001 3489 1112 3549 τοῖς
1139 3485 1345 3548 τόποις,
1379 3484 1618 3556 ἔνθαπερ
1659 3481 1768 3538 εἷεν
1801 3485 1868 3539 ἂν

276 3575 502 3627 ἕκαστοι
547 3577 1087 3646 κατεσκευασμένοις
1145 3575 1208 3628 Τί
1268 3593 1433 3646 φησιν
1475 3577 1502 3628 ὁ
1549 3577 1866 3646 προφήτης;

293 3667 382 3718 Ἐν
418 3667 497 3736 τῷ
527 3666 700 3738 τόπῳ,
719 3661 780 3720 οῦ
814 3666 1016 3738 ἐρρέθη
1053 3668 1238 3730 αὐτοῖς
1260 3707 1276 3731 ,
1307 3668 1380 3721 Οὑ
1406 3666 1532 3730 λαός
1565 3685 1666 3737 μου
1689 3668 1866 3737 ὑμεῖς,

281 3758 375 3810 καὶ
421 3758 579 3810 αὐτοὶ
614 3757 982 3831 κληθήσονται
1032 3759 1138 3811 υίοὶ
1177 3758 1312 3812 Θεοῦ
1365 3759 1587 3824 ζῶντος.
1638 3757 1866 3812 Ἀπώλιο

283 3847 407 3902 σθον
466 3851 568 3918 μὲν
627 3851 734 3922 γὰρ
771 3850 866 3904 τοῦ
917 3846 1057 3905 εἶναι
1114 3850 1241 3914 λαὸς
1279 3851 1436 3914 Θεοῦ,
1490 3853 1584 3905 καὶ
1639 3851 1696 3903 ἐν
1752 3851 1870 3911 ταῖς

284 3936 386 3988 τῶν
432 3937 605 3990 ἐθνῶν
655 3938 1023 4011 διεσπάρησαν
1085 3937 1327 4009 χώραις,
1372 3939 1400 3990 ὅ
1441 3940 1534 3992 καὶ
1576 3939 1656 4001 εἰς
1714 3938 1872 4011 δεῦρο

283 4029 592 4098 σωζόμενον
650 4029 854 4083 κατίδοι
895 4048 981 4094 τις
1029 4031 1116 4084 ἄν.
1182 4029 1319 4082 Ἀλλ’
1359 4031 1417 4082 ἐν
1473 4029 1724 4100 ἐσχάτοις
1775 4027 1870 4082 τοῦ

280 4121 477 4184 αίῶνος
509 4125 743 4196 καιροῖς,
776 4140 795 4174 ι
823 4124 954 4176 ὅταν
1009 4123 1071 4176 τὸ
1125 4122 1396 4194 πλήρωμα
1428 4122 1534 4176 τῶν
1567 4121 1734 4174 ἐθνῶν
1763 4121 1873 4173 εἰσ-

282 4213 437 4284 έλθῃ,
465 4233 484 4264 ι
511 4214 633 4266 τότε
663 4215 757 4267 καὶ
779 4217 940 4280 αὑτὸς
961 4217 989 4268 6
1012 4215 1320 4286 ἀπόϐλητος
1353 4213 1568 4284 Ἰσραὴλ
1616 4215 1697 4276 είς
1724 4213 1872 4276 υἱοὺς

282 4305 762 4377 τ’..αραδεχθήσεται
795 4307 963 4371 Θεοῦ,
1009 4309 1186 4361 καίτοι
1223 4307 1517 4376 διατρίϐων
1560 4309 1619 4359 ἐν
1665 4306 1870 4369 τόποις,

281 4395 522 4466 ἔνθαπερ
546 4398 616 4450 ἂν
645 4392 754 4451 εἷεν
779 4400 872 4450 καὶ
893 4399 1230 4467 εὑρίσκοιντο
1256 4397 1436 4467 τυχόν.
1466 4397 1538 4448 Τὸ
1563 4396 1670 4467 γὰρ
1704 4397 1873 4464 ἀναγ-

1967 3204 2042 3255 ait
2081 3205 2379 3273 propheta?
2440 3207 2494 3259 ln
2531 3207 2669 3274 loco,
2738 3211 2826 3264 ubi
2872 3213 3074 3267 dictum
3105 3225 3188 3269 est
3241 3217 3367 3277 illis,
3426 3215 3542 3270 Non

1967 3294 2194 3364 populus
2224 3310 2378 3352 meus
2412 3311 2528 3362 vos,
2575 3307 2630 3354 et
2660 3299 2760 3368 ipsi
2799 3303 3135 3357 vocabuntur
3173 3305 3265 3358 lilii
3313 3306 3403 3358 Dei
3461 3309 3544 3359 vi-

1968 3384 2158 3439 ventis.
2236 3385 2559 3440 Deciderunt
2611 3385 2754 3440 enim
2786 3389 2850 3442 de
2880 3391 3073 3459 gradu,
3108 3391 3159 3444 in
3223 3408 3331 3460 quo
3387 3405 3545 3447 erant

1968 3477 2194 3546 pepulus
2235 3477 2350 3545 Dei,
2399 3487 2455 3533 et
2488 3492 2583 3548 per
2635 3480 2876 3549 gentium
2909 3492 3082 3535 terras
3113 3483 3343 3552 dispersi
3398 3495 3544 3548 sunt,

1968 3569 2110 3635 quod
2155 3568 2431 3638 hucusque
2470 3579 2738 3625 servatum
2796 3569 3148 3625 animadverti
3178 3583 3374 3642 potest.
3431 3574 3547 3629 Ca:-

1972 3670 2149 3715 terum
2221 3662 2483 3716 extremis
2555 3661 2736 3716 saeculi
2816 3665 3168 3734 temporibus,
3226 3683 3244 3718 ι
3333 3667 3547 3737 quando

1969 3749 2242 3819 plenitudo
2285 3751 2524 3820 gentium
2554 3751 2834 3807 intraverit
2883 3755 2922 3819 ¹,
2962 3773 2981 3806 ι
3040 3766 3166 3811 tunc
3245 3773 3376 3812 sane
3422 3769 3552 3815 tunc

1969 3847 2024 3892 et
2067 3839 2177 3909 ipse
2212 3839 2650 3909 abjeetuslsrael
2723 3839 2776 3894 in
2834 3840 2973 3898 lilios
3034 3844 3127 3899 Dei
3183 3849 3545 3916 cooptabitnr,

1969 3947 2277 4002 quanquam
2312 3949 2652 3990 conunorans
2683 3935 2735 3991 in
2805 3935 2935 3990 locis
2977 3935 3064 3990 ubi
3114 3938 3307 3992 vixerit
3360 3950 3414 3994 et
3466 3942 3548 3992 in-

1971 4035 2161 4079 ventus
2191 4025 2332 4080 forte
2363 4024 2541 4080 fuerit.
2561 4025 2704 4081 Nihil
2733 4028 2876 4084 enim
2896 4039 3050 4097 coget
3071 4031 3362 4084 ascendere
3392 4029 3547 4084 leno-

1971 4115 2255 4184 solymam.
2323 4127 2378 4171 et
2432 4117 2700 4187 lapideum
2757 4119 2934 4173 adhuc
2985 4121 3240 4188 templum
3278 4136 3544 4188 quaerere.

1972 4204 2234 4270 Quoniam
2261 4223 2433 4276 neque
2465 4207 2704 4264 moribus
2748 4213 3023 4265 veteribus
3051 4211 3190 4265 colet
3216 4210 3403 4275 Deum,
3439 4210 3548 4280 29

1974 4296 2156 4361 boum,
2205 4299 2447 4366 inquam,
2477 4299 2764 4354 sacriﬁciis
2793 4311 2850 4354 et
2893 4301 3072 4354 ovium
3100 4300 3544 4367 mactationibns;

1973 4406 2158 4445 verum
2238 4392 2424 4446 modus
2493 4391 2768 4462 religionis
2829 4393 3066 4461 ipsorum
3132 4393 3238 4446 erit
3283 4394 3414 4447 lides
3493 4395 3544 4447 in

280 4486 452 4548 καζον
511 4488 661 4541 οὐδὲν
692 4489 1005 4543 ἀναϐαίνειν
1035 4491 1113 4554 εἰς
1146 4487 1512 4557 Ἰεροσόλυμα,
1564 4487 1660 4540 καὶ
1689 4487 1779 4538 τὸν
1811 4488 1862 4540 ἐν

1973 4483 2268 4550 Christum,
2310 4492 2363 4536 et
2398 4483 2515 4550 ejus
2545 4485 2726 4538 divina
2761 4486 3040 4550 mandata,
3082 4496 3139 4541 et
3183 4487 3547 4541 sanctiﬁcatio

279 4578 451 4640 λίθοις
472 4579 552 4631 ἔτι
573 4579 803 4650 ζητῆσαι
837 4582 985 4636 ναόν.
1016 4581 1136 4634 Ὅτι
1169 4580 1301 4651 μηὺἐ
1322 4583 1434 4642 τοῖς
1456 4578 1704 4648 ἀρχαίοις
1722 4578 1868 4632 ἔθεσι
1895 4615 1897 4617 ι

279 4671 505 4740 τιμήσει
525 4671 676 4733 Θεὸν,
712 4672 1016 4742 βουθυσίαις
1039 4673 1252 4740 δὲλέγω
1309 4672 1402 4723 καὶ
1423 4671 1708 4740 προϐάτων
1735 4687 1870 4736 σφαο

284 4762 436 4828 ταῖς,
467 4759 582 4814 ἀλλ’
615 4762 643 4812 6
669 4765 766 4831 τῆς
793 4762 1050 4832 λατρείας
1087 4763 1264 4821 αὑτοῖς
1289 4761 1440 4814 ἔσται
1466 4761 1665 4829 τρόπος
1691 4759 1870 4822 πίστις

1978 4575 2028 4626 in
2071 4573 2294 4642 Spiritu,
2327 4581 2383 4627 et
2406 4588 2501 4641 per
2571 4587 2787 4628 sacrum
2848 4574 3112 4644 baptisma
3182 4577 3544 4645 regeneratio,

1975 4667 2279 4734 adoptionis
2319 4666 2550 4718 ﬁliorum
2588 4665 2814 4737 gloriam
2862 4669 3070 4723 sanctis
3113 4669 3244 4737 ipsis
3268 4667 3333 4720 ad
3377 4669 3476 4722 hoc
3517 4685 3544 4720 a

1977 4755 2085 4809 Det)
2135 4758 2338 4809 vocalis
2377 4757 2696 4813 COnciliaus.

284 4857 373 4916 εἰς
403 4854 652 4920 Χριστὸν,
697 4855 890 4908 καὶτὰ
920 4853 1083 4907 αὑτοῦ
1113 4856 1476 4926 θεσπίσματα,
1516 4854 1609 4907 καὶ
1648 4851 1917 4921 ἁγιασμὸς
1982 4851 2009 4902 6
2043 4851 2098 4902 ἐν
2146 4850 2432 4919 πνεύματι,
2495 4850 2588 4903 καὶ
2650 4853 2682 4921 ἡ
2722 4852 2809 4904 διὰ
2845 4852 2938 4905 τοῦ
2977 4853 3130 4922 ἁγίου
3177 4853 3548 4926 βαπτίσματος

284 4945 664 5015 ἁναγέννησις,
692 4947 792 5017 τῆς
823 4947 1091 5010 υἱοθεσίας
1148 4949 1503 5018 περιποιοῦσα
1540 4948 1636 5019 τὴν
1685 4945 1840 5011 δόξαν
1874 4947 1983 5008 τοῖς
2017 4945 2199 5006 αὑτοῖς
2238 4944 2410 5010 ἁγίοις
2457 4944 2810 5014 κεκλημένοις
2842 4946 2921 5008 εἰς
2953 4945 3110 4998 τοῦτο
3140 4947 3289 5017 παρὰ
3314 4951 3540 5022 Κυρίου.

355 5040 472 5092 Καὶ
495 5039 986 5110 συναχθήσονται
1015 5043 1132 5096 υίοὶ
1158 5041 1363 5106 Ἰούδα,
1402 5043 1500 5095 καὶ
1526 5045 1578 5094 οὶ
1608 5041 1724 5095 υἱοὶ
1764 5041 1870 5093 Ἰσο

283 5128 444 5195 pcipi
503 5131 849 5194 ἐπίτοαυτὸ,
891 5133 990 5188 καὶ
1043 5133 1332 5200 θήσονται
1388 5132 1614 5198 ἑαυτοῖς
1673 5129 1868 5199 ἀρχὴν

284 5223 448 5288 μίαν,
489 5222 583 5274 καὶ
634 5223 1040 5290 ἀναϐήσονται
1072 5225 1139 5278 ἐκ
1197 5222 1306 5293 τῆς
1338 5221 1473 5292 γῆς,
1510 5223 1593 5276 ὅτι
1633 5221 1864 5292 μεγάλη

285 5309 319 5372 ἡ
349 5310 540 5377 ἡμέρα
573 5311 680 5364 τοῦ
725 5311 986 5378 Ἰεζραέλ.

356 5391 435 5451 Θ’-
465 5402 573 5453 Καὶ
603 5401 812 5464 τούτοις
842 5403 1016 5472 πέρας
1053 5402 1350 5473 ἐκϐεϐηκὸς
1385 5402 1685 5474 εὑρήσομεν
1724 5403 1864 5454 ἱστο-

287 5489 456 5561 ρικῶς
509 5507 568 5542 τε
613 5493 706 5542 καὶ
753 5494 1156 5562 πνευματικῶς.
1191 5490 1371 5546 Ἦσαν
1403 5493 1501 5564 μὲν
1532 5493 1640 5562 γὰρ
1669 5492 1725 5543 ὲν
1755 5494 1866 5552 τοῖς

283 5581 451 5656 (plet;
481 5582 705 5651 Περσῶν
729 5600 786 5634 τε
822 5585 915 5638 καὶ
940 5585 1138 5655 Μήδων
1167 5586 1218 5638 οἵ
1241 5603 1299 5638 τε
1333 5587 1395 5638 ἐκ
1427 5588 1526 5654 τῆς
1561 5583 1867 5654 Σαμαρείας

365 5760 410 5788 ’⁷
442 5756 584 5811 Psal.
625 5774 839 5822 cum,
892 5762 936 5814 l.
1016 5765 1057 5792 9-“
1095 5764 1216 5817 tbid—
1264 5765 1302 5814 ί.
1344 5765 1386 5794 ³⁸⁵³
1429 5764 1576 5816 Deut.
1616 5778 1706 5820 λιι,
1749 5765 1799 5813 (ἱ.

2051 5037 2210 5094 Vtilis.
2253 5038 2338 5091 ll.
2384 5037 2451 5090 Et
2497 5037 2946 5106 corigregabuntur
2987 5039 3088 5106 ﬁlii
3130 5039 3308 5108 Iuda,
3353 5054 3400 5097 et
3438 5045 3543 5112 ﬁlii

1974 5131 2144 5186 Israel
2190 5130 2365 5191 simul,
2398 5141 2444 5183 et
2487 5140 2674 5197 ponent
2719 5129 2818 5184 sibi
2865 5131 3219 5200 principatum
3255 5151 3450 5200 unum,
3497 5153 3542 5193 et

1968 5222 2247 5274 accendent
2281 5223 2342 5272 de
2373 5231 2531 5283 terra,
2564 5221 2815 5289 quoniam
2851 5238 3066 5292 magnus
3096 5223 3206 5276 dies
3239 5225 3469 5280 Jezrael.

2039 5399 2130 5456 lx.
2170 5398 2234 5454 Et
2279 5400 2393 5454 btec
2438 5401 2997 5462 evenissebistoricc
3071 5413 3125 5456 et
3191 5405 3542 5475 spirituatiter

1969 5499 2200 5547 constat.
2237 5491 2400 5545 Erant
2431 5492 2572 5545 enim
2609 5493 2661 5545 in
2698 5491 2894 5547 ﬁnibus
2927 5491 3215 5548 Persarum
3258 5508 3310 5550 ct
3359 5496 3536 5554 Medo-

1974 5599 2090 5636 rum
2123 5583 2322 5652 quique
2363 5598 2390 5636 e
2419 5583 2662 5637 Samaria
2697 5583 2834 5636 bello
2866 5587 3006 5651 eapti
3037 5583 3273 5650 fuerant,
3307 5586 3407 5640 hoc
3429 5595 3536 5656 est,

1904 5762 1913 5787 ’
1952 5758 2103 5812 linm.
2142 5775 2210 5822 xi,
2246 5759 2332 5810 ΞΒ.
