4002 6220
410 398 482 455 55
1431 389 1490 443 S.
1531 384 1809 441 GI’RILIJ
1850 379 2314 437 ALEKANMHNI
2357 378 2675 434 ARCHIEP.
3582 368 3654 431 56

412 519 599 583 Israel,
641 516 840 587 quique
883 530 946 569 ex
995 510 1365 583 Jerosolymis,
1404 510 1507 564 hoc
1552 516 1670 569 est,
1711 506 1877 561 ludas
1924 515 1976 556 et

2083 501 2399 571 δορύληπτοι
2417 500 2716 568 γεγονότες,
2750 499 3048 563 τουτέστιν,
3071 497 3099 548 6
3136 493 3368 565 Ἰσραήλ,
3388 494 3480 547 καὶ
3500 496 3655 548 αὐτοὶ

410 607 713 676 Beniamin.
746 608 815 661 At
839 615 1121 674 postquam
1152 604 1329 673 Cyrus
1364 600 1646 669 Cambysae
1676 596 1841 662 ﬁlius,
1871 593 1969 646 Ba-

408 700 605 771 bylone
637 699 886 763 subacta,
910 697 1198 751 Persarum
1226 692 1509 762 imperium
1541 690 1785 758 adeptus,
1815 687 1973 740 liber-

411 798 523 842 tate
572 787 740 842 Israel
787 794 842 842 et
884 784 1073 840 Judam
1115 782 1363 846 donavit,
1431 779 1756 845 domumque
1798 773 1976 829 redire

408 892 514 930 una
543 891 665 931 cum
695 875 839 930 vasis
864 872 1033 928 sacris
1060 870 1244 939 jussit,
1267 867 1657 939 Jerosolymam
1689 870 1972 926 venerunt,

409 983 510 1023 nec
529 968 640 1034 jam
667 965 899 1034 dispersi
932 962 1268 1024 habitarunt,
1288 960 1427 1015 sicut
1458 966 1747 1026 antequam
1780 952 1974 1023 captivi

412 1057 845 1120 abducerentur;
890 1067 989 1108 nec
1035 1050 1250 1119 utrique
1293 1063 1386 1103 sua
1441 1061 1605 1116 regna
1652 1045 1971 1100 habuerunt.

409 1148 611 1203 Omnes
643 1148 841 1217 quippe
869 1145 1214 1201 concorditer
1242 1142 1411 1197 solam
1443 1138 1743 1195 Jerusalem
1778 1135 1975 1191 incole-

406 1242 561 1307 bant,
594 1240 730 1296 duce
759 1254 822 1295 ac
855 1238 1094 1309 principe
1129 1245 1257 1291 tunc
1285 1232 1637 1297 Zorohahele,
1665 1227 1977 1285 Salathielis

408 1333 542 1396 lilio,
571 1332 662 1401 qui
695 1341 815 1385 erat
843 1331 908 1384 de
944 1329 1082 1382 tribu
1124 1325 1280 1391 Juda,
1317 1332 1371 1379 et
1415 1319 1721 1377 sacerdotio
1765 1331 1975 1374 summo

408 1422 663 1491 fungente
694 1407 821 1476 Iesu
868 1418 977 1473 lilio
1018 1414 1317 1477 Iosedech,
1355 1410 1569 1482 quando
1619 1418 1672 1464 et
1719 1406 1972 1476 templum

408 1512 648 1566 divinqu
702 1510 1107 1570 instaurabant,
1156 1514 1211 1560 et
1257 1519 1370 1559 rem
1420 1501 1741 1557 familiarem
1788 1496 1974 1552 sedulo

408 1602 694 1656 curabant.
753 1599 932 1669 lnquit
1004 1599 1223 1668 igitur:
1307 1593 1793 1662 Congregabuntur
1877 1587 1973 1641 lilii

407 1692 545 1749 Juda
608 1702 661 1748 et
696 1686 1121 1747 ﬁlii‘Jerusalem
1169 1687 1359 1750 simul,
1394 1694 1448 1740 et
1493 1682 1825 1738 constituent
1872 1679 1973 1734 sibi

407 1782 768 1852 principatum
822 1794 1024 1843 unum,
1101 1787 1157 1832 et
1210 1774 1507 1831 ascendent
1549 1772 1616 1827 de
1660 1780 1836 1836 terra;
1915 1778 1975 1822 ut

2076 592 2134 645 δὲ
2164 592 2302 662 πρὸς
2333 590 2561 657 τούτοις,
2605 592 2655 643 οἱ
2694 593 2758 642 ὲκ
2804 590 2901 660 τῆς
2959 585 3332 659 Ἰερουσαλὴμ,
3379 583 3657 637 τουτέστιν

2089 682 2286 746 Ἰούδας
2326 682 2420 734 καὶ
2452 681 2728 751 Βενιαμίν.
2782 680 3001 749 Ἐπειδὴ
3042 678 3100 731 δὲ
3138 676 3321 745 Κῦρος
3364 675 3393 726 δ
3424 673 3656 744 Καμϐύ-

2078 791 2171 827 σου
2191 774 2294 844 ’τὴν
2324 772 2615 826 Βαϐυλῶνα
2644 772 2802 836 ἐλὼν,
2838 770 2935 825 καὶ
2982 769 3041 822 τὸ
3084 766 3310 839 Περσῶν
3342 763 3542 836 κράτος
3575 765 3656 826 είς

2075 865 2268 919 ἑαυτὸν
2304 866 2666 936 μεταστήσας,
2706 864 2873 934 ἀνῆκε
2900 863 2999 935 τῆς
3051 858 3429 930 αἰχμαλωσίας
3467 855 3559 910 τόν
3594 872 3654 909 τε

2087 956 2302 1027 Ἰσραὴλ
2349 957 2443 1010 καὶ
2470 957 2561 1010 τὸν
2610 954 2831 1018 Ἰούδαν,
2860 952 2999 1006 οἴκοι
3028 968 3085 1004 τε
3121 950 3258 1003 ἰέναι
3286 947 3653 1019 προστέταχεν

2073 1048 2209 1116 ὁμοῦ
2234 1049 2347 1111 τοῖς
2370 1045 2585 1100 σκεύεσι
2613 1046 2727 1108 τοῖς
2758 1044 2943 1115 ἱεροῖς,
2975 1039 3233 1111 ἀφίκοντο
3261 1039 3357 1109 μὲν
3380 1039 3458 1100 είς
3490 1037 3654 1108 Ἱερο-

2076 1138 2306 1209 σόλυμα,
2340 1138 2694 1209 κατῳκήσασι
2724 1135 2782 1188 δὲ
2811 1132 2995 1186 λοιπὸν
3025 1131 3125 1184 οὐκ
3166 1129 3247 1182 ἔτι
3284 1125 3650 1200 διῃρημένως,

2075 1226 2217 1280 καθὰ
2242 1227 2337 1281 καὶ
2366 1225 2472 1297 πρὸ
2490 1226 2589 1295 τῆς
2613 1220 2993 1294 αἰχμαλωσίας
3015 1234 3029 1251 ο
3058 1216 3181 1273 οῦτε
3205 1216 3311 1287 μὴν
3345 1214 3509 1278 ίδίους
3530 1214 3655 1267 ἔκα-

2077 1334 2191 1371 στοι
2221 1316 2474 1387 βασιλέας
2510 1316 2798 1385 ἐσχήκασι.
2834 1310 3031 1381 Διῆγον
3063 1308 3121 1361 δὲ
3168 1307 3367 1369 πάντες
3418 1306 3505 1358 ὲνκ
3526 1306 3653 1374 ὁμο-

2073 1408 2244 1480 ψυχίᾳ
2275 1406 2416 1461 κατὰ
2456 1406 2623 1477 μόνην
2681 1403 2782 1475 τὴν
2828 1398 3202 1473 Ἰερουσαλὴμ,
3253 1395 3557 1468 ἡγουμένου
3588 1394 3652 1448 τὸ

2073 1500 2325 1570 τηνικάδε
2381 1496 2681 1569 Ζοροϐάϐελ
2727 1494 2823 1550 τοῦ
2862 1491 3153 1564 Σαλαθιὴλ,
3198 1490 3260 1554 ὃς
3286 1484 3354 1560 ἦν
3383 1489 3449 1541 ὲκ
3477 1486 3652 1557 φυλῆς

2086 1592 2273 1658 Ἰούδα,
2323 1592 2413 1645 καὶ
2465 1588 2831 1661 ίερατεύοντος
2885 1583 3061 1658 Ἰησοῦ
3104 1581 3200 1637 τοῦ
3255 1580 3523 1643 Ἰωσεδὲκ,
3553 1577 3651 1631 τοῦ

2076 1684 2333 1754 μεγάλου,
2380 1683 2468 1737 ὅτε
2502 1682 2597 1735 καὶ
2644 1681 2735 1734 τὸν
2773 1678 2915 1733 θεῖον
2960 1676 3310 1747 ἀνεδείμαντο
3357 1672 3517 1737 ναὸν,
3553 1671 3650 1725 καὶ

2073 1774 2182 1829 τῶν
2228 1776 2307 1837 είς
2373 1774 2464 1826 τὸν
2515 1769 2670 1825 οἷκον
2728 1772 2936 1841 εἴχοντο
3000 1765 3448 1837 σπουδασμάτων.
3517 1762 3652 1815 Συν-

409 1875 835 1943 alienigenarum
873 1870 1146 1940 regionem
1179 1865 1465 1936 intelligas,
1504 1864 1556 1919 in
1583 1876 1743 1933 qttam
1776 1859 1971 1930 captivi

2083 1866 2396 1937 ιχθήσονται
2417 1864 2618 1928 τοίνυν,
2649 1863 2834 1934 φησὶν,
2867 1862 2915 1915 οί
2950 1860 3058 1913 υἱοὶ
3100 1856 3294 1920 Ἰούδα,
3339 1855 3435 1908 καὶ
3463 1854 3514 1907 οἱ
3544 1852 3652 1905 υίοὶ

408 1964 625 2020 abducti
653 1972 799 2020 sunt.
822 1960 942 2018 .Iam
965 1961 1114 2026 illud,
1154 1959 1279 2028 quia
1326 1970 1554 2027 magnus
1576 1954 1692 2011 dies
1739 1950 1971 2016 chrael,

410 2070 532 2110 cum
588 2053 811 2111 historia
867 2068 972 2108 non
1027 2051 1316 2108 consentit.
1379 2050 1565 2119 Itaque
1620 2046 1693 2101 ibi
1744 2046 1975 2101 dicimus

408 2145 665 2202 lsraelem
694 2156 945 2201 vocatum
970 2144 1035 2199 iri
1065 2142 1316 2215 populum
1345 2141 1460 2206 Dei,
1483 2138 1730 2209 quamvis
1757 2146 1977 2207 propter

410 2240 741 2309 impietatem
803 2240 962 2308 longe
1008 2236 1299 2292 maximam
1341 2244 1563 2289 vocatus
1604 2233 1675 2285 sit
1720 2228 1836 2284 Non
1884 2243 1975 2298 po-

411 2329 589 2399 pulus,
625 2341 682 2384 ut
703 2329 814 2397 jam
844 2329 1145 2383 docuimus.
1175 2327 1327 2380 Tunc
1352 2325 1822 2394 congregabuntur
1850 2321 1973 2391 ipsi,

410 2430 467 2475 et
506 2419 597 2474 lilii
634 2418 792 2483 Juda,
828 2419 930 2473 hoc
968 2428 1071 2484 est,
1106 2417 1281 2472 omnis
1324 2417 1578 2484 deinceps
1629 2416 1680 2467 iu
1714 2413 1976 2468 extremis

415 2509 749 2580 temporibus
771 2507 1081 2564 Iudaeorum
1113 2507 1328 2561 inventa
1364 2503 1667 2558 multitudo.
1700 2501 1765 2556 Et
1788 2515 1976 2556 omnes

412 2600 513 2657 sub
545 2615 654 2655 uno
706 2599 1009 2673 principatu
1059 2607 1239 2662 erunt,
1284 2598 1386 2650 hoc
1431 2603 1533 2656 est,
1581 2592 1803 2648 Christi.
1848 2590 1977 2645 Tale

411 2694 539 2764 quid
570 2694 731 2748 etiam
768 2708 866 2763 per
902 2689 1234 2747 Ezechielem
1276 2685 1656 2758 praenuntiavit
1698 2684 1977 2739 universo-

413 2798 535 2839 rum
569 2783 729 2848 Deus,
764 2783 829 2838 de
857 2782 1071 2837 Christo
1096 2780 1279 2835 dicens
1310 2798 1323 2833 :
1358 2797 1375 2829 ι
1414 2777 1481 2832 Ει
1514 2775 1787 2831 suscitabo
1815 2787 1978 2842 super

413 2888 509 2929 €08
538 2884 808 2947 pastorem
834 2887 1022 2937 unum,
1051 2879 1105 2926 et
1130 2879 1314 2940 pascet
1337 2883 1453 2931 COS,
1482 2876 1539 2922 et
1563 2880 1773 2921 servum
1798 2880 1975 2919 meum

411 2962 604 3032 David,
635 2973 689 3019 et
726 2964 833 3018 erit
870 2976 1055 3017 eorum
1094 2961 1334 3031 pastor”.
1359 2978 1378 3010 ι
1417 2956 1582 3012 David
1629 2956 1861 3027 appellat
1910 2969 1975 3008 ex

412 3056 621 3112 semine
651 3054 821 3110 David
864 3053 1138 3110 Christum
1184 3058 1369 3105 natum
1415 3048 1708 3104 secundum
1736 3061 1974 3102 carnem.

2087 1956 2300 2028 Ἰσραὴλ
2358 1955 2665 2019 ὲπιτοαυτὸ,
2720 1953 2818 2007 καὶ
2889 1951 3148 2022 θήσονται
3204 1949 3418 2011 ἑαυτοῖς
3474 1943 3652 2016 ἀρχὴν

2078 2050 2227 2121 μίαν,
2276 2049 2370 2102 καὶ
2415 2047 2781 2119 ἀναϐήσονται
2824 2045 2889 2098 ὲκ
2913 2043 3018 2114 τῆς
3055 2044 3178 2113 γῆς.
3245 2041 3361 2094 Ἵνα
3414 2038 3515 2110 τὴν
3543 2036 3653 2090 τῶν

2073 2140 2383 2209 ἀλλοφύλων
2415 2140 2622 2210 ὲννοῇς,
2645 2139 2725 2201 είς
2756 2136 2824 2207 ἢν
2855 2135 2947 2190 καὶ
2989 2126 3442 2202 ἀπεκομίσθησαν
3484 2129 3652 2198 αίχμ-

2076 2233 2269 2286 άλωτοι
2320 2230 2620 2298 γεγονότες.
2672 2228 2746 2282 Τὸ
2772 2227 2850 2293 δὲ,
2893 2227 2976 2280 δτι
3011 2222 3221 2296 μεγάλη
3259 2223 3294 2294 ἡ
3346 2220 3530 2292 ἡμέρα
3557 2218 3652 2273 τοῦ

2088 2320 2343 2394 Ἰεζραὲλ,
2397 2320 2475 2390 τῷ
2507 2319 2607 2388 τῆς
2665 2316 2906 2389 ἱστορίας
2939 2315 3037 2386 οὐχ
3063 2313 3293 2385 ἁρμόζει
3320 2312 3483 2381 λόγῳ.
3510 2309 3653 2363 Οὐκ-

2074 2415 2168 2470 οῦν
2189 2416 2304 2468 ἐκεῖ
2328 2429 2507 2485 φαμεν
2534 2412 2615 2464 δτι
2653 2409 2979 2479 κεκλήσεται
3017 2406 3145 2470 λαὸς
3176 2405 3311 2459 Θεοῦ
3339 2406 3366 2457 6
3417 2401 3649 2472 Ἰσραὴλ,

2075 2504 2253 2558 καίτοι
2305 2501 2394 2556 διὰ
2435 2500 2698 2568 πλείστην
2734 2500 2865 2569 ὅσην
2917 2496 3235 2551 δυσσέϐειαν
3268 2493 3654 2564 ὠνομασμένος

2077 2594 2148 2649 Ού
2169 2592 2315 2657 λαδς,
2343 2590 2597 2662 καθάπερ
2614 2590 2714 2660 ήδη
2746 2588 3105 2659 προείπομεν.
3133 2586 3265 2639 Τότε
3295 2582 3657 2654 συναχθήσον-

2075 2700 2164 2737 ται
2199 2682 2351 2736 αύτοί
2389 2699 2448 2735 τε
2485 2683 2579 2735 καὶ
2600 2682 2647 2733 οί
2674 2680 2781 2732 υἱοὶ
2818 2679 3010 2744 Ἰούδα,
3041 2676 3312 2741 τουτέστι,
3354 2676 3503 2727 πᾶσα
3542 2673 3655 2725 λοι-

2077 2775 2177 2827 πὸν
2209 2776 2242 2845 ἡ
2265 2775 2323 2827 ὲν
2346 2774 2597 2844 ἐσχάτοις
2622 2773 2832 2843 καιροῖς
2860 2770 2972 2824 τῶν
3018 2768 3285 2823 Ἰουδαίων
3322 2764 3655 2837 εὑρισκομέ-

2077 2889 2140 2941 νη
2189 2868 2417 2940 πληθύς.
2450 2869 2585 2950 ⁹Καὶ
2634 2867 2739 2919 ὑπὸ
2789 2866 2917 2938 μίαν
2956 2863 3165 2918 ἔσονται
3211 2862 3414 2924 πάντες
3457 2860 3655 2931 ἀρχὴν,

2077 2962 2339 3024 τουτέστι,
2389 2959 2644 3033 Χριστόν.
2721 2958 2913 3010 Καίτοι
2960 2954 3203 3009 τοιοῦτον
3239 2952 3294 3006 δὲ
3330 2951 3417 3005 διὰ
3476 2953 3657 3020 φωνῆς

2091 3052 2346 3125 Ἰεζεχιὴλ
2384 3048 2893 3122 προαναπεφώνηκε
2937 3034 3115 3115 λέγων
3147 3048 3174 3099 6
3207 3045 3315 3098 τῶν
3347 3044 3483 3097 ὅλων
3525 3043 3656 3105 Θεὸς

412 3148 592 3216 Quare
640 3155 831 3201 vocato
874 3144 986 3214 jam
1036 3142 1274 3213 gentium
1318 3154 1498 3211 grege,
1552 3140 1764 3193 tandem
1810 3137 1976 3193 Israel

2083 3146 2207 3217 περὶ
2239 3142 2497 3215 Χριστοῦ·
2534 3160 2554 3194 ‹
2594 3141 2708 3195 Καὶ
2752 3141 3043 3210 ἀναστήσω
3074 3140 3158 3191 ἐπ’
3181 3137 3377 3199 αὐτοὺς
3421 3133 3655 3205 ποιμένα

410 3240 807 3302 introducetur,
856 3245 911 3292 et
953 3249 1117 3289 unum
1167 3233 1527 3304 principatum
1576 3244 1764 3285 omnes
1811 3242 1978 3300 agno—

411 3343 586 3391 scent.
624 3330 733 3405 30
787 3329 853 3384 Et
900 3327 1195 3384 ascendent
1248 3325 1314 3380 de
1372 3334 1541 3389 terra,
1587 3322 1780 3391 inquit.
1826 3320 1977 3388 Quod

414 3436 560 3480 recte
624 3420 1083 3492 intelligentibus,
1147 3415 1365 3488 opinor,
1418 3413 1689 3486 signiﬁcat
1746 3420 1839 3467 aut
1889 3412 1977 3480 qui

408 3519 594 3591 iugum
624 3514 924 3572 Salvatoris
949 3510 1310 3573 admiserunt,
1343 3506 1409 3562 de
1438 3515 1635 3561 caetero
1660 3504 1982 3560 omnimodis

414 3608 685 3664 desituros
731 3612 946 3659 terrena
992 3615 1207 3673 sapere,
1242 3610 1298 3655 et
1336 3598 1620 3669 prudentia
1656 3596 1836 3652 carnis
1885 3610 1980 3650 su-

412 3700 658 3775 periores
711 3696 847 3761 lore,
890 3692 1048 3764 (tales
1079 3692 1221 3747 enim
1269 3704 1485 3757 omnes,
1528 3689 1622 3758 qui
1671 3688 1890 3745 Christo
1924 3701 1982 3740 se

414 3791 793 3859 subiecerunt;
842 3796 895 3840 et
928 3785 1086 3841 tidem
1117 3782 1283 3839 faciet
1321 3780 1514 3835 beatus
1549 3778 1715 3833 David
1744 3796 1756 3831 :
1793 3795 1812 3829 ι
1845 3776 1979 3843 Quia

416 3882 511 3938 Dei
542 3881 709 3936 lortes
750 3888 907 3933 terra:
932 3876 1284 3930 vehementer
1322 3871 1516 3927 elevati
1562 3880 1691 3924 sunt
1714 3868 1756 3934 ³;
1792 3888 1810 3921 ι
1845 3868 1976 3937 quin

416 3984 473 4028 et
497 3968 735 4026 Paulus:
775 3988 793 4022 ι
825 3969 925 4035 Qui
974 3977 1148 4021 autem
1192 3972 1315 4019 sunt
1341 3962 1538 4018 Christi
1583 3960 1731 4026 Iesu,
1763 3974 1980 4014 carnem

416 4080 569 4120 suam
598 4063 1136 4122 crucillxeruntcum
1168 4056 1309 4112 vitiis
1336 4064 1389 4109 et
1417 4050 1978 4123 coucupiscentiis‘p)

416 4167 511 4217 aut
540 4165 689 4211 certe
723 4164 778 4210 et
806 4154 955 4225 ipsos
988 4150 1387 4207 resurrectione
1420 4158 1753 4201 mortuorum
1780 4143 1983 4214 potitus

416 4264 529 4306 ros.
583 4248 726 4305 Dixit
776 4247 919 4301 enim
967 4244 1161 4299 alicubi
1218 4243 1378 4298 etiam
1422 4239 1673 4295 Christus
1702 4256 1717 4293 :
1749 4257 1767 4291 ι
1811 4236 1981 4290 Amen

417 4341 540 4395 dico
579 4338 761 4402 vobis,
803 4338 928 4411 quia
959 4336 1136 4391 omnis
1179 4334 1269 4403 qui
1312 4332 1483 4389 credit
1526 4332 1578 4383 in
1624 4344 1728 4395 me,
1769 4326 1980 4381 etiamsi

418 4439 662 4485 mortuus
696 4429 875 4488 fuerit,
910 4428 1051 4479 vivet
1073 4426 1114 4477 ⁵.
1148 4442 1167 4475 ι
1198 4422 1349 4489 Quod
1391 4422 1435 4474 si
1478 4430 1696 4472 coactus
1736 4418 1809 4470 ita
1848 4416 1983 4485 obji-

418 4524 531 4576 eias
558 4536 573 4574 :
600 4523 669 4573 At
702 4519 845 4571 enim
906 4533 1010 4570 non
1044 4516 1349 4577 credentes,
1380 4512 1465 4566 dic
1502 4510 1655 4574 mihi,
1690 4507 1984 4562 manebunt

421 4611 642 4675 mortui,
694 4621 792 4662 nec
843 4622 964 4660 cum
1020 4608 1141 4661 aliis
1185 4602 1519 4659 ascendent?
1564 4602 1677 4671 ipse
1713 4598 1980 4663 Salvator,

419 4703 545 4771 quid
580 4701 811 4770 amplius
845 4698 1077 4755 habituri
1114 4696 1245 4759 sint,
1286 4694 1376 4764 qui
1421 4692 1787 4754 crediderunt,
1827 4690 1984 4745 nobis

419 4794 828 4859 demonstravit,
864 4794 935 4849 ita
984 4790 1249 4859 loquens:
1278 4806 1297 4839 ι
1334 4785 1442 4841 Fur
1476 4800 1581 4837 non
1611 4783 1762 4839 venit
1797 4783 1895 4836 nisi
1930 4790 1988 4833 ut

421 4888 652 4951 furetur,
691 4894 743 4941 et
781 4885 991 4954 perdat.
1027 4881 1139 4953 Ego
1176 4880 1298 4934 veni
1333 4887 1391 4933 ut
1418 4877 1582 4931 vitam
1629 4875 1892 4939 habeant,
1926 4884 1981 4927 et

419 4982 785 5037 abundantius
842 4983 1077 5037 habeant
1119 4980 1162 5033 ⁸.
1227 4994 1249 5031 ι
1298 4973 1659 5043 Quamobrem
1705 4977 1986 5038 resurgent

421 5072 637 5144 quidem
684 5085 891 5134 omnes,
930 5071 1084 5139 probi
1119 5079 1167 5123 et
1211 5067 1472 5139 improbi;
1512 5065 1604 5119 sed
1645 5077 1749 5116 non
1798 5075 1986 5116 omnes

421 5163 698 5219 habebunt
732 5163 859 5217 illud
897 5180 915 5212 ι
947 5160 1328 5215 abundantius.
1370 5177 1389 5211 ι
1419 5157 1519 5223 Qui
1550 5156 1693 5209 enim
1725 5167 1830 5207 non
1861 5163 1989 5204 sunt

423 5256 645 5322 Christi,
706 5268 841 5323 quos
878 5250 1209 5305 infidelitatis
1245 5250 1538 5305 sceleribus
1568 5244 1838 5300 involutos
1869 5256 1989 5296 esse

422 5356 656 5409 consmt,
717 5346 768 5397 in
814 5344 1073 5398 extremis
1102 5343 1266 5399 vitam
1314 5348 1487 5393 morte
1522 5337 1791 5391 duriorem
1826 5335 1987 5388 habe-

423 5439 578 5495 bunt.
596 5434 879 5490 Rationem
904 5434 1044 5487 enim
1074 5441 1128 5485 ct
1157 5430 1565 5485 commissorum
1583 5425 1989 5481 etiuﬁdelitatis

424 5528 672 5584 reddent.
727 5524 827 5591 Qui
880 5532 1057 5577 autem
1108 5528 1234 5575 sunt
1280 5519 1426 5587 ejus,
1476 5519 1674 5586 quique
1723 5514 1989 5585 spirituali

423 5632 547 5675 cum
590 5619 698 5673 Deo
744 5614 978 5669 amicitia
1024 5611 1334 5680 locupletati
1382 5620 1523 5676 sunt,
1559 5621 1612 5664 et
1661 5622 1869 5663 morum
1910 5606 1993 5660 in-

2081 3238 2196 3304 ἓνα,
2226 3236 2320 3289 καὶ
2340 3236 2597 3304 ποιμανεῖ
2626 3233 2845 3297 αὐτοὺς,
2871 3231 2961 3284 τὸν
2993 3226 3178 3282 δοῦλόν
3210 3244 3310 3297 μου
3338 3225 3521 3287 Δαϐὶδ,
3560 3224 3655 3277 καὶ

2082 3329 2232 3382 ἔσται
2270 3327 2446 3382 αὐτῶν
2483 3326 2708 3396 ποιμήν.
2763 3343 2781 3376 ι
2830 3322 3117 3391 ὐνομάζει
3160 3319 3216 3372 δὲ
3264 3316 3427 3370 Δαϐὶδ
3469 3316 3559 3369 τὸν
3592 3316 3657 3367 ὲκ

2084 3422 2394 3492 σπέρματος
2426 3418 2590 3472 Δαϐὶδ
2636 3414 2898 3486 γεγονότα
2959 3411 3103 3466 κατὰ
3152 3409 3332 3479 σάρκα
3399 3407 3653 3479 Χριστόν.

2082 3511 2286 3567 Οὐκοῦν
2347 3508 2692 3579 κεκλημένης
2742 3506 2842 3578 ήδη
2899 3505 2999 3572 τῆς
3053 3504 3164 3556 τῶν
3224 3502 3392 3556 ἐθνῶν
3432 3498 3657 3568 ἀγέλης,

2082 3599 2556 3671 είσκομισθήσεται
2588 3597 2892 3658 τελευταῖος
2914 3596 2943 3648 6
2981 3594 3217 3667 Ἰσραὴλ,
3250 3593 3345 3645 καὶ
3391 3590 3496 3644 ὑπὸ
3527 3590 3662 3661 μίαν

2083 3690 2301 3742 ἔσονται
2331 3688 2530 3750 πάντες
2582 3686 2782 3757 ἀρχήν.
2840 3684 2949 3737 Καὶ
2973 3684 3349 3753 ἀναϐήσονται,
3388 3678 3571 3749 φησὶν,
3594 3679 3659 3732 ἐκ

2081 3776 2181 3846 τῆς
2209 3776 2335 3846 γῆς.
2375 3774 2535 3844 Δηλοῖ
2564 3774 2641 3838 δὲ,
2673 3769 2849 3842 οἶμαι,
2878 3773 3030 3825 τουτὶ
3072 3772 3184 3834 τοῖς
3218 3768 3429 3824 νοοῦσιν
3458 3766 3655 3838 ὀρθῶς,

2082 3868 2225 3939 ἢὸτι
2250 3868 2423 3935 πάντη
2475 3881 2536 3917 τε
2594 3864 2688 3917 καὶ
2737 3862 2959 3925 πάντως
3009 3862 3067 3924 ὲς
3122 3859 3212 3913 τὸν
3267 3858 3361 3912 τοῦ
3407 3858 3659 3928 Σωτῆρος

2084 3957 2493 4029 προσηκάμενοι
2531 3953 2714 4022 ζυγὸν,
2748 3952 3151 4022 ἀποστήσονται
3184 3949 3372 4004 λοιπὸν
3400 3948 3495 4001 τοῦ
3529 3963 3661 4019 φρο-

2084 4051 2193 4101 νεῖν
2227 4046 2294 4100 τὰ
2321 4046 2412 4099 ἐπὶ
2435 4045 2531 4117 τῆς
2558 4046 2682 4116 γῆς,
2718 4045 2811 4098 καὶ
2842 4043 3103 4113 ἀμείνους
3124 4040 3336 4093 ἔσονται
3370 4038 3655 4111 φρονήμα-

2083 4156 2173 4203 τος
2201 4136 2484 4209 σαρκικοῦ,
2516 4134 2767 4204 (τοιοῦτοι
2784 4133 2892 4203 γὰρ
2912 4132 3113 4194 πάντες
3130 4129 3311 4194 οί,ύπὸ
3325 4127 3545 4198 Χριστῷ
3568 4142 3662 4195 γε·

2085 4230 2321 4297 γονότες,
2359 4228 2452 4281 καὶ
2497 4226 2825 4279 πιστώσεται
2855 4223 3029 4290 λέγων
3063 4223 3091 4273 6
3141 4221 3413 4289 μακάριος
3460 4216 3657 4270 Δαϐίδ·

2090 4322 2247 4375 «Ὅτι
2280 4318 2374 4373 τοῦ
2396 4318 2529 4372 Θεοῦ
2560 4319 2607 4369 οί
2643 4314 2910 4386 κραταιοὶ,
2940 4313 3039 4382 τῆς
3068 4312 3171 4381 γῆς
3192 4311 3395 4380 σφόδρα
3423 4307 3665 4380 ὲπῄρθη-

2088 4428 2205 4478 σαν,
2220 4432 2237 4463 ι
2267 4411 2358 4464 καὶ
2374 4409 2477 4478 μὴν
2494 4409 2588 4460 καὶ
2609 4409 2636 4459 6
2659 4404 2882 4465 Παῦλος⁸
2909 4420 2926 4453 ι
2957 4403 3019 4455 Οἱ
3038 4401 3094 4453 δὲ
3117 4398 3208 4451 τοῦ
3222 4398 3456 4469 Χριστοῦ
3488 4395 3663 4467 Ἰησοῦ

2088 4504 2187 4572 τὴν
2218 4502 2393 4569 σάρκα
2430 4499 2777 4565 ἐσταύρωσαν
2823 4494 2918 4545 σὺν
2950 4493 3062 4554 τοῖς
3102 4489 3389 4559 παθήμασι
3422 4490 3515 4540 καὶ
3544 4489 3665 4548 ταῖς

2092 4590 2485 4662 ὲπιθυμίαιςί)
2504 4589 2687 4657 ήγουν,
2719 4586 2801 4637 ὅτι
2823 4582 3100 4646 τεύξονται
3126 4582 3219 4633 καὶ
3248 4580 3399 4632 αὐτοὶ
3426 4580 3523 4649 τῆς
3544 4580 3667 4631 ἀνα.-

2096 4687 2335 4745 στάσεως
2354 4681 2459 4734 τῶν
2484 4677 2711 4748 νεκρῶν.
2746 4676 2891 4743 Ἔφη
2934 4674 3044 4743 γάρ
3079 4688 3180 4724 που
3208 4672 3304 4725 καὶ
3333 4673 3361 4723 ὁ
3390 4669 3627 4741 Χριστός
3645 4684 3659 4699 ο

2097 4800 2117 4832 ι
2171 4777 2342 4847 Ἀμὴν
2392 4773 2535 4838 λέγω
2584 4770 2730 4837 ὑμῖν,
2758 4768 2839 4820 ὅτι
2879 4768 2987 4829 πᾶς
3032 4768 3061 4819 ὁ
3110 4763 3379 4817 πιστεύων
3420 4764 3500 4825 εἰς
3543 4760 3664 4828 ἐμὲ,

2089 4873 2191 4927 κᾶν
2212 4866 2480 4936 ἀποθάνῃ,
2535 4863 2781 4933 ζήσεται.
2822 4877 2839 4909 ι
2875 4859 3067 4912 Καίτοι
3097 4857 3211 4919 πῶς
3244 4857 3345 4908 οὐκ
3376 4854 3670 4922 ἀναγκαῖον

2092 4964 2286 5025 εἰπεῖν,
2342 4959 2405 5011 Οἱ
2469 4956 2577 5024 γὰρ
2604 4954 2679 5024 μὴ
2717 4951 3087 5015 πιστεύοντες,
3128 4948 3249 5001 εἰπέ
3296 4964 3406 5017 μοι,
3448 4943 3667 5015 μενοῦσι

2093 5052 2296 5125 νεκροὶ,
2336 5050 2434 5102 οὐκ
2468 5046 2827 5117 ἀναϐήσονται
2857 5045 2913 5097 δὲ
2951 5046 3061 5104 τοῖς
3105 5040 3282 5101 ἄλλοις
3312 5036 3474 5106 ὁμοῦ;
3512 5038 3669 5087 Ποῖον

2093 5144 2185 5201 οῦν
2211 5146 2316 5216 ἄρα
2346 5145 2457 5204 τοῖς
2501 5136 2889 5193 πεπιστευκόσι
2937 5134 2998 5186 τὸ
3039 5131 3311 5201 περιττὸν,
3343 5125 3506 5188 αὐτὸς
3534 5127 3668 5195 ἡμῖν

2095 5234 2371 5300 ὑπέδειξεν
2429 5235 2457 5285 ὁ
2494 5228 2704 5299 Σωτὴρ,
2730 5226 2873 5278 οὕτω
2903 5223 3109 5288 λέγων·
3140 5236 3159 5268 ε
3202 5218 3261 5270 '0
3303 5216 3544 5284 κλέπτης
3574 5216 3667 5267 οὐν

2099 5330 2337 5400 ἔρχεται,
2364 5327 2412 5377 εί
2445 5322 2519 5394 μὴ
2540 5321 2626 5375 ἴνα
2652 5318 2844 5387 κλέψῃ,
2873 5313 2968 5367 καὶ
3000 5310 3262 5380 ἀπολέσῃ.
3299 5308 3441 5375 Ἐγὼ
3484 5303 3686 5387 ἦλθονῆ

2098 5395 2195 5474 ινᾷ
2241 5417 2385 5487 ζωὴν
2447 5415 2650 5485 ἔχωσι,
2697 5410 2790 5463 καὶ
2842 5402 3098 5475 περισσὸν
3154 5401 3367 5471 ἔχωσιν.
3407 5417 3425 5448 ι
3461 5395 3660 5451 Οὐκοῦν

2097 5512 2490 5579 ἀναστήσονται
2530 5504 2628 5575 μὲν
2662 5502 2923 5563 ἅπαντες,
2969 5494 3195 5565 πονηροὶ
3226 5510 3286 5544 τε
3325 5492 3419 5544 καὶ
3450 5487 3666 5557 ἀγαθοὶ,

2098 5602 2211 5657 ἀλλ’
2250 5578 2310 5654 ού
2339 5600 2535 5660 πάντες
2562 5596 2743 5666 έχουσι
2787 5610 2806 5641 ι
2846 5590 2906 5642 τὸ
2928 5586 3204 5658 περιττόν.
3260 5604 3277 5637 ›
3320 5584 3382 5635 Οἱ
3425 5580 3522 5652 μὲν
3561 5578 3670 5646 γὰρ

488 5797 531 5835 ’⁸
563 5799 758 5857 Ειεοὶι.
792 5813 973 5865 xxnv,
1004 5798 1097 5854 εδ.
1175 5796 1194 5828 ³
1228 5792 1365 5849 Psal.
1404 5805 1548 5856 XLVI,
1580 5788 1667 5843 IO.
1744 5788 1766 5820 ‘
1790 5786 1967 5843 Galat.

2083 5784 2171 5838 24.
2244 5782 2269 5843 η’
2295 5778 2447 5833 .loan.
2485 5792 2561 5843 λι,
2593 5776 2679 5829 Ξό.
2763 5775 2781 5801 ⁸⁵
2811 5769 2963 5826 Joan.
3004 5782 3060 5832 ι,
3088 5766 3169 5818 l0.
