4002 6220
334 337 405 394 87
1249 347 1799 412 COMMENTARIUS
1835 358 1905 413 IN
1940 361 2168 417 OSEAM
2219 364 2664 422 PROPHETAM.
3510 374 3576 429 58

329 454 435 507 οὐκ
468 454 621 516 ὄντες
652 453 910 524 Χριστοῦ,
943 455 1031 510 διὰ
1055 456 1117 510 τὸ
1147 462 1256 524 τοῖς
1276 462 1375 531 τῆς
1404 465 1686 531 ἀπειθείας
1712 470 1875 541 ἐγκλή

1980 524 1984 536 λ
2017 478 2262 547 tegritate
2294 487 2575 547 praestant,
2605 487 2801 546 praeter
2832 493 3175 534 communem
3217 488 3574 539 resurrectiov

334 561 503 612 μασιν
533 544 955 615 ἐνειλημμένους
976 549 1224 619 ὁρᾶσθαι,
1262 552 1491 608 Θανάτου
1525 558 1908 627 χαλεπωτέραν

327 634 429 704 τὴν
461 636 519 687 ἐν
539 634 867 700 τελευταίοις
895 636 1079 702 ἕξουσι
1099 640 1265 712 ζωήν.
1307 646 1647 702 Ἀποτίσουσι
1676 650 1783 722 γὰρ
1824 652 1909 706 λό-

328 742 462 792 γους
490 725 586 779 καὶ
614 726 721 778 τῶν
750 728 1127 799 ἐπταισμένων
1184 734 1277 787 καὶ
1302 736 1399 805 τῆς
1430 738 1732 804 ἀπειθείας.
1756 742 1820 796 Ol
1844 744 1905 799 δέ

324 833 388 882 γε
418 817 575 878 ὄντες
609 817 800 885 αὐτοῦ,
828 822 923 874 καὶ
963 823 1076 875 ὅσοι
1108 825 1203 877 τοῦ
1244 828 1555 897 πνεύματος
1598 833 1904 906 οἰκειότητα

322 906 424 974 τὴν
459 906 599 977 πρὸς
623 908 757 961 Θεὸν
787 910 1245 984 πεπλουτηκότες,
1285 918 1379 971 καὶ
1407 920 1601 988 ἁγαθοὶ
1625 926 1747 988 τοὺς
1778 927 1904 998 τρό-

322 1014 485 1060 πους,
522 998 662 1069 πρὸς
707 1003 772 1071 τῇ
825 1003 1119 1059 ἀναστάσει
1148 1010 1213 1077 τῇ
1268 1013 1442 1081 κοινῇ,
1485 1014 1579 1066 καὶ
1614 1014 1691 1085 τῷ
1719 1017 1904 1071 παλιν-

320 1088 595 1160 δρομῆσαι
619 1092 755 1162 πρὸς
791 1091 956 1163 ζωὴν,
1006 1097 1183 1169 πάντη
1211 1117 1272 1153 τε
1317 1102 1418 1155 καὶ
1468 1104 1684 1170 πάντως
1716 1107 1898 1175 ἕξουσι

320 1180 391 1233 τά
417 1182 686 1252 ἑπόμενα,
721 1187 993 1255 τουτέστι,
1017 1189 1086 1243 τὰ
1114 1190 1280 1262 δῶρα,
1307 1193 1412 1258 τὰς
1428 1196 1614 1267 τιμὰς,
1644 1201 1769 1263 τοὺς
1786 1218 1901 1255 στεε

320 1270 548 1364 φάνους,
569 1274 679 1364 ,τὰς
704 1276 958 1346 ἀμοιϐάς,
985 1280 1084 1350 τὴν
1122 1281 1496 1356 λαμπρότητα.
1548 1290 1657 1343 Καὶ
1689 1308 1896 1364 μαρτυ-

320 1361 483 1431 ρήσει
517 1362 694 1431 λέγων
716 1365 744 1417 δ
775 1367 1008 1432 Παῦλος,
1036 1388 1054 1422 ι
1088 1370 1219 1425 Ἰδοὺ
1248 1377 1541 1447 μυστήριον
1565 1380 1691 1449 ὑμῖν
1717 1361 1892 1448 λέγω·

318 1451 534 1517 Πάντες
570 1456 669 1525 μὲν
696 1456 758 1510 οὐ
796 1459 1271 1532 κοιμηθησόμεθα*
1319 1467 1367 1519 οί
1412 1468 1612 1533 πάντες
1647 1471 1702 1524 δὲ
1734 1473 1897 1527 ἀλλα-

315 1541 625 1613 γησόμεθα,
676 1546 735 1600 ἐν
781 1546 991 1619 ἀτόμῳ,
1047 1552 1105 1605 ἐν
1160 1554 1296 1626 ῥιπῇ
1359 1556 1661 1628 ὀφθαλμοῦ,
1725 1564 1785 1615 ἐν
1823 1566 1890 1634 τῇ

314 1635 525 1706 ἐσχάτῃ
566 1636 849 1707 σάλπιγγι⁸
883 1641 1131 1696 σαλπίσει
1165 1644 1295 1716 γὰρ,
1318 1646 1412 1700 καὶ
1431 1649 1481 1701 οί
1510 1652 1696 1722 νεκροὶ
1732 1654 1890 1725 ἐγερ-

2011 584 2133 622 nem
2205 577 2259 623 et
2313 568 2544 623 reditnm
2603 570 2655 623 in
2697 570 2894 634 vitam,
2946 571 3105 641 plane
3154 573 3428 630 habebunt
3457 592 3573 647 qua:

2008 670 2427 728 consequuntur,
2483 660 2586 715 hoc
2646 670 2748 725 est,
2802 663 2963 728 dona,
3016 663 3270 733 honores,
3319 682 3572 734 coronas,

2007 751 2486 815 remunerationes,
2517 750 2820 807 claritatem
2843 791 2858 817 ,
2892 754 3033 822 quod
3077 754 3275 810 Paulus
3317 758 3573 814 testiﬁca-

2006 847 2189 895 turzr
2237 841 2374 895 Ecce
2437 842 2758 911 mysterium
2815 858 2916 913 ego
2968 846 3122 901 vobis
3173 848 3572 906 dico:0mnes

2002 930 2221 999 quidem
2270 946 2374 986 non
2419 932 2767 1000 dormiemus,
2800 949 2986 991 omnes
3030 950 3209 992 autem
3259 941 3569 997 immutabi-

2001 1036 2143 1087 mur,
2198 1024 2252 1077 in
2303 1035 2608 1090 momento,
2656 1025 2711 1080 in
2782 1027 2886 1082 ictu
2933 1030 3119 1094 oculi,
3160 1031 3212 1084 in
3276 1033 3568 1087 novissima

2003 1113 2126 1167 tuba
2164 1131 2178 1168 :
2209 1124 2369 1170 canet
2398 1117 2543 1170 enim
2579 1116 2728 1181 tuba,
2757 1126 2812 1172 et
2847 1120 3046 1173 mortui
3082 1131 3361 1191 resurgent
3388 1124 3568 1177 incor-

2000 1203 2162 1272 rupti,
2192 1212 2246 1259 et
2272 1220 2375 1260 nos
2409 1206 2815 1263 immutabimur
2835 1210 2912 1262 ⁷.»
2945 1210 3120 1279 lnquit
3140 1212 3335 1279 igitur:
3366 1213 3567 1266 Ascen-

1998 1292 2125 1347 dent
2167 1295 2234 1350 de
2280 1306 2420 1351 terra
2449 1336 2463 1362 ,
2511 1298 2612 1354 hoc
2651 1308 2767 1361 est,
2818 1309 3126 1354 sanctorum
3164 1302 3327 1355 vitam
3379 1314 3433 1356 et
3467 1304 3565 1371 ipsi

1997 1386 2198 1449 vivent,
2250 1389 2372 1457 quia
2421 1403 2645 1458 magnus
2684 1391 2798 1445 dies
2846 1390 3078 1445 Jezrael.
3162 1392 3379 1461 Magnus
3420 1395 3563 1449 enim

1997 1490 2183 1530 revera
2215 1478 2330 1533 dies
2356 1478 2582 1543 Christi,
2611 1495 2716 1549 quo
2748 1496 2937 1535 omnes
2970 1483 3074 1535 vita
3108 1482 3324 1537 functos
3357 1485 3562 1538 excita-

1993 1565 2092 1622 bit.
2131 1567 2198 1622 Et
2233 1570 2523 1625 descendet
2552 1572 2771 1641 quidem
2815 1574 2881 1629 de
2926 1573 3063 1629 coelo
3086 1614 3101 1639 ,
3137 1573 3347 1630 sedebit
3380 1585 3562 1631 autem

1992 1673 2156 1728 super
2205 1660 2398 1714 throno
2450 1662 2633 1729 glorire
2687 1678 2820 1729 suae,
2874 1681 2893 1715 ι
2931 1674 2987 1718 et
3036 1666 3224 1719 reddet
3273 1666 3563 1735 unicuique

315 1724 580 1794 θήσονται
650 1727 942 1801 ἄφθαρτοι,
1010 1734 1104 1787 καὶ
1149 1736 1309 1805 ἡμεῖς
1363 1724 1875 1810 ἀλλαγησόμεθαξι

1986 1724 2136 1816 Ῑυέιιι
2164 1765 2326 1818 Opera
2353 1724 2523 1805 suain
2557 1751 2708 1818 Quod
2735 1755 2779 1808 si
2806 1724 2932 1823 quis
2959 1770 3054 1825 per
3085 1757 3226 1809 diem
3260 1756 3562 1827 intelligere

326 1814 718 1888 ’Δνασὴσονται
760 1821 976 1888 τοίνυν,
1036 1825 1189 1893 φησι,
1234 1826 1347 1879 ἀπὸ
1404 1828 1502 1898 τῆς
1543 1832 1677 1901 γῆς,
1730 1851 1875 1887 τουτιη

1989 1842 2141 1895 malit
2188 1852 2398 1913 tempus
2441 1846 2726 1911 adventus,
2763 1862 2871 1915 quo
2919 1849 3166 1903 remissio
3213 1860 3558 1918 peccatorum

310 1905 451 1972 ἐστι,
499 1909 601 1979 τὴν
664 1910 774 1964 τῶν
816 1913 985 1979 ἁγίων
1029 1916 1123 1969 καὶ¹
1166 1916 1320 1970 αὐτοὶ
1382 1918 1637 1989 ζήσονται
1703 1925 1875 1996 ζωὴν,

1990 1932 2189 1987 tributa
2233 1905 2316 1990 est
2352 1950 2381 1990 a
2427 1935 2646 1992 Christo
2689 1936 2893 1993 Graecis
2923 1947 2978 1994 et
3023 1938 3241 2003 Judmis,
3276 1950 3330 1994 et
3363 1941 3452 2009 qui
3504 1940 3556 1994 in

306 2000 389 2052 ὅτι
426 2002 640 2072 μεγάλη
674 2003 706 2073 ἡ
735 2003 920 2075 ἡμέρα
950 2004 1043 2059 τοῦ
1086 2007 1344 2078 Ἰεζραέλ.
1381 2011 1607 2084 Μεγάλη
1655 2014 1764 2085 γὰρ
1795 2017 1875 2070 ὅν-

1987 2021 2159 2089 ipsum
2204 2036 2594 2093 peccaverunt,
2635 2029 2796 2083 etiam
2842 2029 2929 2083 hic
2976 2045 3004 2083 a
3037 2030 3127 2083 via
3159 2031 3399 2084 veritatis
3448 2046 3555 2084 non

304 2107 415 2154 τως
442 2092 478 2161 ἡ
510 2093 694 2163 ἡμέρα
722 2095 982 2165 Χριστοῦ,
1024 2096 1144 2150 καθ’
1175 2099 1241 2170 ἢν
1270 2098 1513 2166 ἅπαντας
1543 2105 1725 2174 ἐγερεῖ
1754 2106 1875 2171 τοὺς

1986 2112 2283 2170 aberrabit.
2336 2116 2470 2171 Nam
2503 2127 2557 2173 et
2580 2092 2753 2174 David
2788 2120 2867 2175 sic
2903 2122 2968 2175 de
3016 2131 3252 2189 tempore
3295 2123 3557 2178 adventus

304 2183 555 2253 νεκρούς.
599 2185 707 2238 Καὶ
746 2188 1113 2259 καταϐήσεται
1152 2190 1253 2260 μὲν
1292 2192 1350 2259 ἐξ
1377 2194 1625 2263 οὐρανοῦ,
1670 2198 1875 2252 καθίσει

1986 2203 2210 2272 loquens
2238 2206 2314 2260 ait
2340 2225 2353 2261 :
2380 2226 2398 2257 ι
2428 2207 2550 2263 llaec
2574 2209 2711 2275 dies,
2731 2226 2889 2277 quatn
2917 2210 3043 2265 fecit
3068 2212 3348 2279 Dominus,
3378 2213 3555 2267 exsul-

302 2274 362 2328 δέ
393 2276 489 2328 ἐπὶ
529 2276 720 2348 θρόνου
748 2278 907 2351 δόξης
934 2282 1121 2337 αὐτοῦ.
1159 2302 1177 2335 ι
1218 2285 1327 2337 Καὶ
1363 2286 1631 2342 ἀποδώσει
1666 2290 1875 2363 ἑκάστῳ

1984 2305 2157 2354 temus
2190 2307 2243 2353 et
2274 2302 2517 2355 laetemur
2552 2304 2604 2356 in
2631 2303 2743 2356 ea.‘l
2770 2322 2790 2355 ι

304 2367 449 2468 κατά
484 2368 555 2421 τὰ
575 2369 739 2468 ’ἔργα
788 2371 972 2427 αὑτοῦ.
1026 2392 1044 2426 ι
1112 2374 1173 2429 El
1216 2375 1273 2428 δὲ
1317 2376 1379 2447 δὴ
1424 2378 1666 2447 βούλοιτό
1713 2399 1796 2445 τις
1857 2385 2069 2456 ἡμέραν
2129 2392 2271 2442 νοεῖν
2325 2392 2413 2444 τὸν
2484 2392 2583 2463 τῆς
2644 2394 2940 2465 ἐπιδημίας
2996 2395 3209 2468 καιρὸν,
3262 2396 3382 2450 καθ’
3412 2396 3470 2450 ὃν
3520 2397 3552 2466 ή

302 2456 503 2561 άφεσις
532 2458 641 2512 τῶν
661 2462 1068 2561 ἡμαρτημένων
1091 2466 1270 2521 δέδοτο
1313 2469 1463 2540 παρά
1488 2471 1724 2541 Χριστοῦ
1748 2475 1973 2549 Ἕλλησί
1993 2498 2051 2532 τε
2090 2483 2183 2534 καὶ
2224 2484 2516 2551 Ἰουδαίοις,
2539 2456 2643 2539 ’καὶ
2670 2456 2822 2551 τοῖς..
2847 2456 2933 2551 είς
2998 2456 3160 2543 αὑτδν
3196 2456 3206 2461 ⁷
3228 2456 3554 2561 πεπλημμειί

300 2548 513 2620 ληκόσι,
539 2551 772 2604 κατευθὺ
798 2555 892 2607 καὶ
929 2548 1079 2618 οὗτος
1102 2556 1209 2609 τῶν
1240 2558 1338 2628 τῆς
1377 2560 1632 2630 ἀληθείας
1670 2548 1933 2632 βαδιεῖται
1994 2568 2187 2638 λόγων.
2221 2572 2381 2627 Οὕτω
2442 2548 2536 2627 καὶ
2568 2576 2596 2627 ὁ
2630 2548 2794 2630 Δαῶδ
2857 2548 2959 2647 της
2999 2577 3092 2631 τοῦ
3120 2579 3367 2648 Σωτῆρος
3396 2548 3551 2648 ημῶν

297 2641 593 2712 ἐπιδημίας
630 2644 740 2740 τὸν-
768 2646 957 2715 καιρὸν
997 2647 1277 2718 ὑποφαίνει
1330 2651 1535 2721 λέγων·
1584 2671 1604 2705 ‹
1643 2654 1792 2726 Αὖτη
1833 2660 1866 2729 ἡ
1907 2660 2087 2732 ἡμέρα
2147 2662 2212 2734 ἢν
2269 2665 2523 2736 ἐποίησεν
2564 2668 2593 2720 ὁ
2654 2666 2880 2737 Κύριος,
2914 2641 3549 2740 ,ἀγαλλιασώμεθαξ-καὶ

295 2735 696 2809 εὐφρανθῶμεν
724 2732 784 2793 ἓν
807 2740 969 2812 αὐτῇ.
1006 2760 1027 2795 ι

897 2832 1152 2887 ΚΕΦΛΛ.
1202 2834 1278 2888 B’.

2569 2846 2671 2917 31
2699 2845 2853 2904 CAP.
2894 2847 2958 2903 n.

2051 2932 2211 2986 Vens.
2245 2933 2296 2987 Ι.
2341 2932 2508 2987 Dicite
2551 2935 2710 3003 fratri
2758 2947 2946 3003 vestro,
2993 2934 3227 3003 Pupulus
3272 2959 3444 3012 meus,
3495 2957 3546 3002 et

1900 3051 1943 3111 α
1977 3025 2144 3075 sorori
2182 3035 2383 3089 vestrre,
2419 3023 2838 3079 Misericordiam
2873 3039 3165 3084 consecuta.

2045 3112 2111 3166 X.
2145 3112 2311 3167 Dictis
2370 3113 2472 3167 ista
2508 3115 2780 3184 subjicere
2821 3118 3041 3171 omnino
3078 3121 3338 3188 oportuit.
3385 3123 3544 3179 Post-

363 2917 589 2972 Ειπατε
637 2917 720 2983 τῷ
761 2918 1001 2989 ἀδελφῷ
1053 2922 1238 2991 ὑμῶν,
1269 2925 1429 2992 Λαός
1461 2945 1603 2997 μου,
1650 2930 1750 2984 καί
1796 2929 1873 3001 τῇ

290 3004 535 3075 ἀδελφῇ
561 3006 749 3076 ὑμῶν,
792 3008 1137 3079 Ἠλεημένη.

365 3097 426 3150 I'.
493 3097 830 3166 ’Δναγκαίως
887 3101 1090 3172 σφόδρα
1135 3104 1248 3167 τοῖς
1306 3104 1405 3179 ἤδη
1457 3112 1873 3180 προειρημένοις

291 3187 551 3259 ἐπιφέρει
584 3190 678 3243 καὶ
706 3188 894 3243 ταῦτα.
954 3192 1171 3265 Ἐπειδὴ
1201 3194 1311 3267 γὰρ
1344 3196 1585 3269 εἴρηκεν,
1639 3201 1713 3263 ὡς
1767 3203 1872 3256 ὑπὸ

1980 3217 2131 3270 quam
2153 3204 2297 3257 enim
2325 3203 2479 3263 dixit,
2504 3204 2603 3258 sub
2628 3219 2735 3258 uno
2757 3205 3058 3275 principatu
3086 3187 3273 3265 omnes
3304 3210 3544 3281 futuros,

292 3278 431 3349 μίαν
465 3279 679 3334 ἔσονται
711 3282 908 3345 πάντες
924 3284 1119 3356 ἀρχὴν,
1136 3287 1349 3351 οὐδενὸς
1363 3289 1443 3341 ἔτι
1460 3290 1871 3362 διατειχίζοντος

1980 3293 2187 3348 nemine
2240 3293 2292 3347 in
2344 3302 2618 3363 posterum
2660 3295 2726 3347 ad
2775 3295 3096 3349 discordiam
3145 3297 3433 3357 dirimente
3478 3319 3542 3361 ac

288 3372 325 3441 ἢ
340 3369 719 3441 διατέμνοντος
729 3373 809 3435 είς
822 3372 1104 3444 διχόνοιαν,
1130 3379 1438 3451 κρατούσης
1451 3380 1509 3433 δὲ
1536 3382 1734 3452 μᾶλλον
1750 3384 1873 3455 ὁμο-

1980 3385 2286 3451 divellente,
2316 3386 2496 3456 potius
2533 3386 2840 3440 animorum
2872 3388 3228 3444 consensione
3256 3389 3541 3448 dominan-

286 3463 518 3533 ψυχίας,
548 3463 643 3517 καὶ
662 3464 740 3527 είς
772 3464 998 3536 ἑνότητα
1021 3466 1121 3537 τὴν
1139 3469 1196 3521 ἐν
1218 3468 1488 3542 πνεύματι
1505 3472 1871 3547 συλλεγούσης

1980 3486 2053 3543 te,
2091 3486 2145 3531 et
2194 3478 2261 3533 ad
2318 3477 2575 3532 unionem
2619 3476 2675 3531 in
2718 3476 2913 3547 spiritu
2987 3476 3113 3533 ﬁdei
3160 3479 3215 3535 in
3262 3478 3540 3538 Christum

286 3552 545 3616 ἅπαντας
576 3553 674 3622 τῆς
705 3555 785 3617 είς
802 3555 1035 3626 Χριστὸν
1068 3557 1321 3625 πίστεως,
1351 3560 1535 3615 λοιπὸν
1557 3564 1869 3632 ἀναγκαίως

1980 3582 2157 3623 omnes
2204 3566 2529 3636 colligente,
2594 3568 2660 3621 de
2710 3577 2904 3622 caetero
2951 3572 3264 3626 necessario
3316 3571 3540 3643 spiritus

284 3642 353 3695 τὸ
372 3641 592 3713 πνεῦμα
614 3644 950 3715 προστέταχε
974 3649 1086 3710 τοῖς
1103 3648 1202 3720 ἤδη
1231 3649 1329 3720 τὴν
1350 3651 1530 3707 πίστιν
1559 3654 1865 3726 πεπλουτη-

1989 3661 2143 3725 ussit,
2172 3659 2274 3714 ﬁde
2294 3659 2404 3728 jam
2441 3660 2713 3727 praeditos,
2749 3667 2804 3713 et
2834 3661 2934 3714 sub
2975 3661 3249 3717 Christum
3311 3641 3539 3734 subjun-

289 3732 540 3794 κόσι,καὶ
567 3734 841 3801 γεγονόσιν
859 3734 962 3787 ὑπὸ
987 3736 1223 3807 Χριστῷ,
1243 3740 1439 3810 μηκέτι
1460 3742 1560 3814 τὴν
1576 3743 1709 3814 πρὸς
1723 3746 1868 3798 ὲκεί-

1980 3761 2113 3817 ctos,
2135 3767 2241 3807 non
2266 3750 2500 3819 amplius
2517 3750 2752 3805 studium
2780 3751 2930 3820 pacis
2957 3767 3082 3822 erga
3106 3754 3226 3809 illos
3252 3757 3537 3826 repellere.

287 3840 415 3885 γους
446 3823 1035 3894 εἰρήνηνξάποσεῢσθαι
1061 3826 1255 3895 φιλεῖν,
1280 3829 1329 3882 οἳ
1347 3830 1572 3896 δικαίως
1603 3834 1866 3906 κέκληντο

1980 3844 2058 3911 qui
2095 3843 2217 3914 jure
2258 3843 2435 3898 vocati
2475 3842 2595 3897 ’sint
2634 3842 2859 3912 populus
2901 3858 3075 3912 meus,
3117 3854 3171 3900 et
3224 3849 3535 3905 misericor-

298 3913 365 3965 ’Υ
376 3913 509 3976 λαός
537 3930 662 3983 μου,
680 3914 775 3967 καὶ
806 3914 1130 3988 Ἦλεημένη.
1152 3918 1572 3992 Είσδεδεγμένου
1588 3923 1696 3996 γὰρ
1717 3927 1862 3994 άπαξ

284 4006 383 4060 τοῦ
431 4008 668 4079 Ἰσραὴλ,
694 4010 786 4062 καὶ
818 4012 1182 4081 νομισαμένου
1214 4014 1313 4085 τὴν
1341 4016 1555 4084 ἄφεσιν,
1582 4020 1674 4072 καὶ
1702 4037 1863 4089 γεγο-

285 4097 439 4161 tri/no;
461 4099 568 4152 ὑπὸ
605 4100 845 4172 Χριστῷ,
879 4103 993 4166 πῶς
1020 4100 1087 4172 ἦν
1132 4106 1423 4162 ἀκόλουθον
1456 4109 1714 4179 διχονοεῖν
1760 4113 1859 4177 ἔτι,

281 4189 381 4240 καὶ
412 4190 534 4258 οὐχὶ
561 4190 624 4261 δὴ
653 4191 853 4261 μᾶλλον
875 4194 932 4244 ὲν
958 4195 1182 4266 ὁμονοίᾳ
1201 4196 1468 4251 διατελεῖν
1496 4201 1625 4263 τοὺς
1662 4201 1743 4255 ἑνὶ
1785 4202 1863 4273 τῷ

281 4282 387 4349 τῆς
413 4280 688 4350 υἱοθεσίας
732 4282 998 4353 πνεύματι
1048 4287 1414 4358 κεκλημένους
1455 4293 1534 4354 είς
1563 4292 1860 4364 ἀδελφότη-

1964 3934 2109 3987 diam
2138 3942 2455 3990 consecuta.
2490 3933 2782 4003 Postquam
2813 3934 2957 3988 enim
2996 3937 3163 3991 semel
3209 3935 3373 3994 Israel
3416 3957 3536 3997 sus-

1965 4034 2152 4092 ceptus
2179 4033 2285 4089 est,
2313 4023 2802 4093 remissionemque
2834 4026 3166 4094 impetravit,
3192 4036 3247 4082 et
3278 4029 3344 4083 ad
3376 4030 3535 4084 Chri-

1966 4125 2106 4167 stum
2148 4128 2208 4169 se
2255 4114 2534 4182 adiunxit,
2571 4129 2680 4184 quo
2727 4124 2887 4184 pacto
2921 4115 3431 4192 adhucgdissidere,
3479 4128 3533 4173 et

1964 4218 2070 4257 non
2116 4205 2294 4269 potius
2329 4205 2383 4257 in
2426 4204 2719 4259 concordia
2764 4214 3043 4273 perstare,
3097 4206 3149 4259 in
3190 4221 3296 4260 uno
3344 4208 3532 4276 spiritu

1965 4292 2271 4362 adoptionis
2325 4292 2557 4347 ﬁliorum
2610 4293 2703 4348 Dei
2749 4294 2817 4347 ad
2868 4292 3262 4349 fraternitatem
3314 4308 3532 4353 vocatos

276 4386 392 4435 τα;
426 4365 499 4423 Ὦ
524 4372 725 4441 τοίνυν,
749 4376 933 4446 φησὶν,
966 4378 1013 4429 οί
1052 4377 1229 4431 πίστει
1249 4382 1314 4450 τῇ
1350 4383 1430 4445 είς
1448 4378 1678 4453 Χριστὸν
1704 4385 1859 4437 ἐκλε-

1980 4391 2384 4436 :onsentaneum
2444 4381 2585 4436 fuit?
2632 4380 2809 4452 lnquit
2862 4396 3045 4451 ergo:
3089 4383 3132 4438 Ο
3175 4384 3265 4453 qui
3320 4385 3422 4441 fide
3477 4388 3529 4441 in

279 4462 725 4534 λαμπρυσμένοι,
754 4466 848 4518 καὶ¹
872 4466 940 4518 τὰ
970 4467 1067 4537 τῆς
1090 4471 1439 4541 γνησιότητος
1480 4472 1733 4543 λαχόντες
1759 4476 1857 4528 αὐ-

282 4556 534 4623 χήματα,
571 4556 648 4626 τῷ
690 4556 903 4627 ἀδελφῷ
957 4558 1130 4628 ὑμῶν,
1196 4560 1275 4631 τῷ
1320 4562 1487 4615 πάλαι
1518 4563 1739 4628 δικαίως
1783 4567 1855 4618 Οὐ

281 4646 413 4708 λαός
443 4662 547 4714 μου
579 4646 919 4719 κεκλημένῳ,
933 4649 1118 4719 λέγετε
1140 4651 1563 4721 λοιπὸντὸ,Λαός
1596 4673 1694 4724 μου
1715 4673 1729 4688 σ
1761 4658 1857 4710 καὶ

278 4740 352 4806 τῇ
411 4737 613 4809 ἀδελφῇ
654 4740 827 4810 ὑμῶν,
899 4745 963 4811 τῇ
1020 4743 1131 4795 Οὐκ
1174 4745 1471 4818 ὴλεημένη,
1533 4747 1719 4816 λέγετε
1775 4748 1857 4815 τὸ,

263 4817 600 4900 Ἠλεημένη.
626 4833 736 4883 Καὶ
766 4832 875 4903 γάρ
900 4835 1048 4886 ἐστιν
1089 4836 1404 4904 ἀναγκαῖον,
1440 4817 1754 4910 σύμφρονας
1781 4839 1858 4909 τῷ

276 4920 531 4991 Δεσπότῃ
563 4923 687 4985 τοὺς
718 4922 819 4975 ὑπὸ
843 4927 998 4995 χεῖρα
1030 4928 1313 4993 φαίνεσθαι
1346 4928 1527 4994 λαοὺς,
1555 4932 1649 4985 καὶ
1687 4932 1857 4985 ταὺτά

279 5009 572 5080 βούλεσθαι
603 5012 680 5082 τῷ
718 5016 906 5085 πατρὶ,
948 5017 1072 5079 τοὺς
1115 5018 1193 5081 εἰς
1228 5020 1453 5089 ἑνότητα
1489 5022 1856 5091 κεκλημένους

272 5104 368 5156 διὰ
396 5105 498 5173 τῆς
532 5105 787 5176 χάριτος·
830 5108 1053 5177 ἥδεσθαί
1096 5127 1154 5162 τε
1197 5111 1416 5181 μᾶλλον,
1459 5113 1540 5165 ὅτι
1588 5114 1855 5167 σέσωσται

274 5198 338 5248 τὸ
365 5198 713 5269 κατάλειμμα
762 5199 868 5253 τῶν
913 5200 973 5265 ἐξ
1017 5203 1251 5274 Ἰσραὴλ,
1302 5204 1395 5256 καὶ
1446 5205 1493 5256 oi
1544 5204 1710 5257 πάλαι
1738 5262 1745 5269 η
1771 5205 1857 5258 διὰ

275 5287 481 5357 πολλὴν
515 5289 798 5344 ἀπείθειαν
822 5292 1219 5363 ἀπερριμμένοι
1257 5293 1350 5347 νῦν
1375 5294 1629 5362 γεγόνασι
1652 5296 1852 5359 δεκτοὶ,

272 5379 374 5431 καὶ
409 5381 727 5450 ἡγιασμένοι
768 5382 950 5436 λοιπὸν
996 5385 1052 5437 ἐν
1093 5385 1335 5455 Χριστῷ,
1382 5386 1449 5439 δι’
1476 5380 1556 5450 οὗ,
1600 5387 1695 5440 καὶ
1736 5388 1854 5458 μεθ’

269 5463 338 5521 οὗ
360 5470 438 5540 τῷ
467 5471 700 5540 θεῴκαὶ
742 5474 916 5543 Πατρὶ
952 5476 984 5543 ἡ
1031 5476 1175 5542 δόξα,
1238 5477 1334 5530 σὺν
1384 5477 1461 5547 τῷ
1499 5478 1639 5546 ἀγίῳ
1685 5479 1856 5531 Πνεύ-

275 5579 431 5633 ματι,
454 5566 536 5627 είς
556 5566 685 5628 τοὺς
715 5566 917 5629 αίῶνας
943 5567 1051 5620 τῶν
1088 5570 1319 5622 αἰώνων.
1360 5570 1551 5640 ’Λμήν.

1964 4474 2238 4529 Christum
2287 4472 2573 4527 illuminati
2617 4488 3106 4543 germanorumque
3150 4474 3381 4531 ﬁliorum
3412 4478 3527 4548 gl0«

1966 4569 2101 4620 riam
2133 4567 2308 4620 sortiti
2350 4566 2505 4628 estis,
2538 4564 2687 4618 fratri
2723 4575 2923 4631 vestro,
2962 4568 3053 4634 qui
3106 4569 3376 4635 quondam
3418 4585 3527 4626 me-

1969 4656 2090 4722 rito,
2126 4655 2241 4711 Non
2260 4656 2484 4726 populus
2518 4670 2692 4721 meus,
2726 4657 3039 4721 vocabatur,
3064 4658 3225 4713 dicite
3272 4661 3526 4717 tandem:

1967 4746 2199 4814 Populus
2237 4762 2421 4814 meus;
2456 4755 2510 4801 et
2548 4746 2723 4801 sorori
2758 4757 2972 4811 vestrae,
3014 4762 3132 4816 qua:
3160 4747 3273 4802 Non
3320 4749 3526 4805 miseri-

1965 4839 2203 4891 cordiam
2250 4847 2572 4903 consecuta,
2618 4836 2777 4892 dicite
2809 4855 2821 4889 :
2850 4836 3280 4890 Misericordiam
3339 4853 3525 4893 conse-

1963 4940 2106 4983 cuta.
2157 4928 2394 4998 Subjecti
2439 4930 2581 4983 enim
2628 4943 2749 4983 cum
2797 4928 3025 4983 Domino
3066 4930 3350 4983 sententiis
3395 4946 3524 4985 corr-

1963 5034 2155 5089 gruere
2186 5021 2464 5074 videantur
2502 5032 2722 5074 necesse
2768 5028 2887 5085 est,
2922 5028 2976 5072 et
3007 5020 3192 5073 eadem
3230 5021 3377 5087 velle
3411 5037 3524 5089 quae

1963 5120 2136 5179 pater,
2170 5110 2226 5175 ii,
2259 5110 2350 5179 qui
2381 5110 2433 5161 iu
2464 5108 2721 5162 unitatem
2763 5106 2995 5163 ﬁliorum
3039 5123 3135 5177 per
3164 5110 3391 5179 gratiam
3431 5125 3523 5163 vo-

1962 5202 2069 5255 cati
2103 5210 2253 5266 sunt;
2283 5210 2337 5253 et
2380 5199 2553 5255 laetari
2584 5199 2787 5268 magis,
2824 5199 3060 5255 salvatas
3099 5215 3219 5256 esse
3267 5202 3522 5269 reliquias

1961 5294 2150 5357 Israel,
2185 5302 2237 5347 et
2267 5293 2355 5362 qui
2389 5293 2514 5346 olim
2543 5301 2763 5361 propter
2795 5307 3047 5362 magnam
3082 5292 3521 5346 incredulitatem

1965 5382 2145 5449 rejecti
2177 5381 2409 5448 fuerant,
2435 5398 2576 5436 nunc
2605 5381 2895 5448 admissos,
2919 5391 2974 5437 et
3002 5386 3067 5437 de
3090 5390 3287 5436 caetero
3315 5381 3519 5435 sancti-

1967 5474 2151 5527 ﬁcatos
2180 5488 2298 5529 esse
2334 5476 2386 5530 in
2416 5477 2657 5540 Christo,
2694 5492 2789 5545 per
2822 5490 3004 5542 quem.
3050 5481 3104 5527 et
3132 5487 3251 5524 “Im
3285 5486 3389 5538 ίιιιο
3418 5471 3519 5521 υεο

1966 5573 2019 5616 et
2054 5562 2197 5618 Patri
2227 5568 2415 5635 gloria,
2444 5583 2564 5624 cum
2593 5576 2778 5625 sancto
2806 5566 3006 5635 Spiritu
3038 5566 3090 5619 in
3124 5560 3315 5619 smeula
3348 5572 3515 5613 sarcu-

1966 5658 2158 5711 lorum.
2202 5658 2393 5713 Amen.

349 5765 368 5795 '
396 5763 415 5821 1
442 5766 569 5820 Cor.
596 5782 683 5833 xv,
712 5768 798 5831 51,
844 5768 931 5827 52.
1009 5770 1031 5801 ⁸
1066 5770 1251 5826 Matth.
1290 5787 1395 5835 nr,
1428 5772 1513 5827 Ἦ,
1592 5774 1611 5803 ⁸
1647 5771 1783 5826 Psal.
1812 5788 1979 5839 ωιτη,
2012 5774 2102 5828 Ἡ.
