4012 6214
413 335 483 394 59
1437 334 1497 391 S.
1537 335 1813 393 οῐῐιιιιι
1850 339 2325 399 ALEXANDRINJ
2364 338 2682 397 ARCIIIEP.
3595 356 3665 413 ω

637 479 1040 574 TOMUS
1113 485 1767 580 SECUNDUS.

483 688 646 747 Vsus.
689 693 742 748 2.
789 693 1010 764 Litigate
1038 714 1153 751 cum
1189 709 1355 753 matre
1380 711 1580 768 vestra,
1615 705 1834 775 liligale,
1859 708 1982 775 quia

409 778 523 848 ipsa
552 800 652 836 non
687 801 820 838 uxor
854 803 987 852 mea,
1013 798 1058 839 et
1087 805 1177 858 ego
1213 804 1316 843 non
1345 792 1424 844 vir
1457 792 1593 863 ejus.

482 931 572 987 XI.
614 933 744 988 Cum
784 938 932 1003 prius
967 937 1214 1003 dixisset,
1255 940 1513 1008 reiectum
1553 946 1616 999 iri
1660 947 1848 1011 Israel,
1879 966 1981 1007 nec

410 1024 710 1089 immerito,
749 1036 803 1080 et
838 1028 1055 1098 insoper
1104 1042 1348 1087 vocatum
1414 1036 1478 1089 iri
1540 1054 1644 1094 non
1704 1042 1976 1110 papnlum,

407 1117 698 1183 quinetiam
783 1122 1181 1177 multitudinem
1263 1125 1476 1182 Domini
1559 1130 1975 1191 interfectricem

406 1206 523 1261 fore
566 1210 788 1263 omnino
838 1214 1041 1281 absque
1107 1217 1502 1283 misericordia,
1551 1232 1605 1275 et
1655 1223 1778 1289 jure
1831 1230 1973 1297 Opti-

405 1315 548 1367 mo;
602 1302 794 1357 deinde
846 1305 1026 1359 statim
1089 1308 1479 1377 subjunxisset,
1539 1314 1741 1370 ultimis
1791 1322 1973 1376 saeculi

405 1393 740 1459 temporibus
794 1395 1029 1452 futuram
1079 1405 1488 1459 conversionem
1543 1421 1642 1475 per
1703 1408 1861 1464 [idem
1920 1414 1970 1467 in

400 1482 710 1554 Christum,
749 1502 871 1540 cum
902 1488 1148 1548 diceret:
1188 1512 1207 1545 ι
1244 1497 1312 1550 Ει
1353 1502 1829 1570 congregabnntur
1877 1508 1969 1559 lilii

399 1573 571 1641 Juda,
637 1587 691 1632 et
746 1578 839 1633 ﬁlii
891 1580 1056 1636 lsrael
1108 1586 1292 1651 simul,
1352 1600 1407 1643 et
1464 1593 1792 1649 constituent
1870 1597 1968 1651 sibi

399 1666 761 1737 principatum
809 1689 973 1726 unum
1004 1675 1066 1738 ια,
1130 1696 1149 1727 ι
1191 1687 1468 1749 totamque
1508 1697 1536 1735 a
1587 1686 1851 1754 principio
1882 1706 1969 1744 us-

394 1774 503 1828 que
529 1761 596 1815 ad
642 1762 803 1818 ﬁnem
829 1769 1186 1823 oeconomiam
1234 1784 1576 1829 enarrasset:
1610 1780 1801 1833 transit
1845 1779 1956 1847 jam
2002 1798 2041 1852 ῃ

398 1847 451 1902 in
487 1849 572 1904 liis
600 1854 666 1904 ad
706 1855 1000 1921 detegenda
1046 1858 1273 1913 crimina
1320 1876 1530 1928 eorum,
1560 1864 1667 1936 32
1693 1867 1782 1936 qui
1823 1869 1970 1939 juste

396 1937 580 2007 reiecti
621 1942 857 2011 fuerunt,
888 1956 942 2000 et
968 1963 1197 2016 quorum
1226 1967 1389 2007 causa
1425 1969 1487 2009 ea
1524 1959 1633 2025 pati
1665 1959 1810 2029 ipsos
1840 1977 1969 2017 con-

304 2031 309 2036 ’
397 2031 600 2100 tigerit,
650 2034 703 2089 in
740 2038 976 2093 medium
1018 2044 1300 2111 perspicue
1332 2046 1571 2105 adducit.
1622 2049 1857 2108 Proinde
1891 2056 1967 2110 ait

395 2121 463 2174 ad
499 2121 927 2181 misericordiam
955 2144 1297 2200 consecutos,
1332 2143 1386 2188 et
1415 2148 1682 2206 receptos,
1709 2151 1969 2214 el-popu—

394 2209 503 2265 lum
540 2211 630 2269 Dei
667 2214 862 2278 factos,
896 2219 1249 2277 nihilominus
1283 2239 1348 2279 ex
1382 2222 1669 2300 Synagoga
1712 2239 1965 2301 tanquam

393 2316 459 2356 ex
496 2303 785 2363 fornicaria
823 2312 1054 2380 quadam
1104 2325 1282 2381 natos,
1348 2316 1580 2389 Litigate
1626 2338 1748 2376 cum
1794 2334 1968 2380 matre

397 2405 600 2458 vestra,
648 2398 872 2469 litigate.
992 2403 1051 2459 Si
1105 2408 1249 2460 enim
1294 2423 1513 2465 causam
1577 2413 1737 2469 vultis
1784 2431 1963 2481 nosse,

394 2482 592 2556 inquit,
623 2505 791 2559 quare
825 2489 941 2548 Non
967 2496 1196 2564 populus
1220 2513 1390 2566 meus,
1421 2511 1476 2556 et
1503 2502 1721 2572 Absque
1749 2508 1965 2562 miseri-

393 2579 576 2633 cordia
623 2580 836 2638 l'neritis
896 2595 951 2639 et
987 2591 1164 2644 vocati
1198 2591 1319 2647 sitis
1363 2601 1492 2648 ante
1525 2597 1962 2663 conversionem,

393 2681 501 2721 non
550 2684 634 2725 me
678 2672 730 2731 in
791 2688 887 2730 vos
925 2675 1303 2736 inclementem
1353 2691 1408 2737 et
1449 2684 1516 2739 ab
1563 2699 1750 2741 amore
1798 2690 1965 2744 vestri

391 2758 779 2816 abhorrentem
812 2763 1125 2823 invenietis.
1156 2768 1393 2842 Litigate
1423 2784 1601 2828 autem
1631 2792 1753 2832 cum
1790 2788 1966 2834 matre

392 2860 597 2918 vestra,
620 2855 874 2922 quoniam
904 2872 1215 2926 germanam
1245 2877 1372 2935 erga
1401 2880 1487 2921 me
1511 2867 1832 2925 charitatem
1857 2888 1963 2927 non

391 2932 649 3006 servavit,
701 2950 757 2996 et
827 2944 1249 3006 familiaritatem
1312 2932 1621 3026 abnegavit,
1682 2969 1737 3015 et
1815 2964 1964 3032 puri-

394 3038 557 3085 tatem
657 3034 956 3105 spiritualis
1042 3056 1254 3097 mecum
1335 3050 1731 3109 communionis
1803 3055 1963 3111 ηιἰηί-

2345 488 2726 575 ΤΟΜΟΣ
2807 485 3389 581 ΔΕΥΤΕΡΟΣ.

2156 702 2406 771 Epidius
2435 702 2583 771 πρὸς
2613 702 2724 769 τὴν
2769 704 2989 772 μητέρα
3030 705 3219 773 ὑμῶν,
3269 707 3529 773 immuta,
3576 707 3662 760 ὅτι

2083 792 2234 860 αὕτη
2265 795 2337 847 οὐ
2385 793 2537 862 γυνή
2583 813 2727 863 μου,
2766 796 2862 849 καὶ
2897 794 3014 867 ἐγὼ
3039 799 3150 850 οὐκ
3184 796 3341 864 ἀνὴρ
3374 798 3585 867 αὐτῆς.

2151 949 2255 1002 lA’.
2297 948 2668 1021 Προειρηκὼς,
2699 951 2778 1004 ὅτι
2810 951 2905 1005 καὶ
2930 952 3236 1022 ἀπόϐλητος
3257 952 3409 1007 ἔσται
3440 955 3662 1010 δικαίως

2080 1040 2107 1091 ὁ
2147 1039 2380 1112 Ἰσραὴλ,
2408 1041 2731 1111 κεκλήσεται
2778 1043 2833 1096 δὲ
2874 1042 3012 1116 πρὸς
3051 1046 3226 1116 τούτῳ
3259 1047 3351 1099 καὶ
3381 1049 3443 1100 οὐ
3493 1048 3617 1110 λαός
3644 1067 3655 1079 ·

2081 1129 2172 1181 καὶ
2208 1129 2312 1198 μὴν
2333 1130 2414 1182 ὅτι
2442 1131 2590 1200 καὶὴ
2623 1130 2834 1201 πληθὺς
2866 1133 2898 1203 ἡ
2928 1134 3277 1204 κυριοκτόνος
3311 1133 3463 1188 ἔσται
3486 1136 3658 1207 δήπου

2079 1219 2295 1283 πάντως
2349 1220 2449 1273 οὐκ
2507 1221 2806 1292 ἠλεημένη,
2849 1223 2943 1276 καὶ
3003 1224 3209 1295 σφόδρα
3241 1226 3467 1290 εἰκότως
3495 1245 3507 1257 ·
3540 1225 3658 1281 εἶτα

2076 1311 2284 1373 τούτοις
2312 1312 2642 1381 ἐπενεγκὼν,
2669 1314 2764 1366 καὶ
2791 1315 2892 1366 οὐκ
2920 1315 2999 1377 είς
3033 1316 3272 1386 μακρὰν,
3300 1317 3399 1387 τὴν
3424 1319 3480 1369 ὲν
3506 1320 3659 1389 ἐσχά-

2076 1419 2186 1465 τοις
2232 1403 2326 1455 τοῦ
2371 1403 2563 1466 αἰῶνος
2615 1407 2828 1475 καιροῖς
2876 1408 3142 1478 ἐσομένην
3191 1409 3526 1479 ἐπιστροφὴν
3569 1411 3659 1475 διὰ

2076 1494 2309 1556 πὶςτεως
2352 1497 2430 1557 εἰς
2459 1495 2714 1565 Χριστὸν,
2745 1496 2832 1550 διά
2875 1513 2938 1564 γε
2981 1495 3077 1550 τοῦ
3104 1497 3288 1566 φάναι,
3319 1518 3337 1549 ι
3378 1501 3487 1553 Καὶ
3529 1518 3654 1554 συν-

2073 1584 2397 1656 αχθήσονται
2423 1589 2470 1639 oi
2492 1587 2597 1640 υἱοὶ
2626 1588 2814 1652 Ἰούδα,
2832 1588 2924 1641 καὶ
2939 1591 2987 1642 oi
3001 1589 3108 1642 υίοὶ
3124 1591 3337 1662 Ἰσραὴλ
3349 1594 3656 1661 ὲπιτοτλιυτὺ,ι

2073 1679 2166 1730 καὶ
2212 1677 2465 1749 θήσονται
2503 1680 2737 1743 ἑαυτοῖς
2774 1680 2948 1759 ἀρχὴν
2971 1681 3121 1752 μίαν,
3159 1700 3176 1733 ι
3207 1684 3425 1738 ἅπασάν
3451 1702 3509 1737 τε
3560 1687 3655 1740 ἀπ’

2072 1770 2247 1841 ἀρχῆς
2283 1770 2442 1842 μέχρι
2474 1772 2659 1836 τέλους
2705 1772 2807 1842 τὴν
2854 1774 3168 1844 οἰκονομίαν
3198 1776 3651 1847 ἀφηγησάμενος,

2075 1861 2281 1932 μέτεισι
2310 1863 2493 1917 λοιπὸν
2518 1866 2575 1915 ὲν
2601 1864 2810 1927 τούτοις
2849 1866 2941 1918 ἐπὶ
2970 1868 3032 1919 τὸ
3077 1867 3319 1938 γυμνοῦν
3358 1869 3427 1921 τὰ
3453 1871 3653 1943 ἐγκλή-

2074 1970 2218 2022 ματα
2242 1954 2350 2005 τῶν
2399 1954 2559 2015 ὁσίως
2598 1955 3080 2027 ἀποϐεϐλημένων,
3113 1960 3208 2012 καὶ
3227 1959 3295 2013 τά
3323 1962 3405 2027 ἐφ’
3442 1955 3519 2024 οἷς
3553 1962 3652 2014 αὐ-

2069 2046 2194 2107 τοὺς
2223 2046 2404 2098 ἐκεῖνα
2444 2046 2638 2100 παθεῖν
2691 2046 3063 2117 συμϐέϐηκεν,
3090 2050 3168 2111 εἰς
3202 2050 3363 2120 μέσον
3392 2053 3513 2119 ἄγει
3558 2070 3654 2105 σα-

2070 2135 2203 2203 φῶς.
2258 2137 2544 2209 Τοίγαρτοὶ
2609 2154 2744 2209 φησι
2801 2138 2939 2210 πρὸς
2977 2140 3102 2203 τοὺς
3144 2141 3478 2211 ὴλεημὲνους
3531 2145 3650 2213 μὲν,

2071 2228 2162 2280 καὶ
2211 2228 2667 2299 εἰσδεδεγμένους,
2725 2228 2820 2283 καὶ
2865 2232 2945 2294 είς
2994 2232 3124 2284 λαὸν
3166 2234 3458 2302 γεγονότας
3494 2236 3650 2299 Θεοῦ,

2069 2317 2206 2389 πλὴν
2234 2315 2323 2373 οἷά
2353 2337 2494 2383 τινος
2522 2321 2728 2391 πόρνης
2755 2322 3135 2390 ὲκπεφυκότας
3164 2323 3262 2392 τῆς
3301 2325 3647 2395 Συναγωγῆς,

2068 2410 2306 2482 Κρίθητε
2349 2412 2484 2481 προς
2540 2411 2637 2481 τὴν
2688 2408 2900 2485 μητέρα
2933 2414 3110 2483 ὑμῶν,
3158 2415 3405 2487 κρίθητε.
3450 2418 3510 2470 Εἰ
3545 2419 3651 2488 γὰρ

2066 2503 2129 2573 δὴ
2160 2501 2433 2572 βούλεσθε,
2485 2502 2671 2571 φησὶν,
2725 2502 3028 2573 ’ἀναμαθείν
3077 2504 3176 2568 τὰς
3209 2508 3404 2570 αἰτίας,
3451 2508 3536 2576 ἐφ’
3564 2506 3651 2572 αῖς

2067 2595 2128 2647 οὐ
2189 2594 2313 2657 λαός
2345 2612 2470 2664 μου,
2506 2596 2597 2648 καὶ
2643 2595 2743 2647 οὐκ
2793 2594 3071 2669 ἠλεημένη
3119 2599 3378 2665 γεγόνατέ
3428 2616 3485 2651 τε
3558 2602 3651 2654 καὶ

2067 2685 2333 2757 κέκλησθε
2359 2686 2502 2740 κατά
2528 2703 2591 2753 γε
2616 2686 2743 2750 τοὺς
2782 2687 3008 2757 χρόνους
3051 2688 3178 2751 τοὺς
3231 2689 3336 2759 πρὸ
3382 2690 3480 2759 τῆς
3540 2692 3647 2743 ἐπι.

2069 2780 2330 2849 στροφῆς,
2390 2778 2489 2831 οὐκ
2518 2777 2618 2848 ἐμὲ
2656 2780 2915 2847 γεγονότα
2951 2778 3080 2847 περὶ
3128 2778 3271 2849 ὑμᾶς
3317 2780 3498 2850 ἁπηνῆ
3554 2780 3648 2834 καὶ

2065 2872 2327 2942 ὀλίγωρον
2374 2871 2455 2932 εἰς
2506 2869 2890 2943 φιλοστοργίαν
2962 2872 3244 2941 εὑρήσετε.
3302 2872 3540 2943 Κρίθητε
3590 2872 3647 2926 δὲ

2065 2961 2203 3032 πρὸς
2248 2961 2347 3031 τὴν
2395 2960 2603 3014 ἑαυτῶν
2649 2962 2880 3033 μητέρα,
2916 2964 2997 3017 ὅτι
3039 2963 3112 3032 μὴ
3155 2963 3395 3017 σέσωκεν
3430 2964 3650 3034 ἀγάπης

2063 3052 2163 3123 τῆς
2184 3053 2265 3114 είς
2289 3051 2389 3122 ἐμὲ
2410 3052 2469 3104 τὸ
2492 3053 2735 3122 γνήσιον,
2776 3055 3051 3124 ἠρνήσατο
3075 3054 3131 3107 δὲ
3162 3055 3261 3125 τὴν
3290 3056 3606 3125 οἰκειότητα
3630 3096 3644 3118 ,

392 3119 465 3172 mi
524 3121 712 3190 duxit,
766 3140 865 3182 nec
943 3128 1110 3185 voluit
1176 3133 1508 3192 voluntatum
1553 3156 1793 3199 mearum
1852 3145 1962 3199 trn-

2068 3119 2161 3197 καὶ
2208 3119 2389 3215 ὀλίγου
2420 3119 2521 3195 που
2571 3119 2851 3206 παντελῶς
2894 3119 3095 3214 ηξίωσε
3132 3119 3291 3213 λόγου
3363 3146 3464 3217 τῆς
3512 3119 3649 3216 πρὸς

391 3218 513 3266 ctus
582 3228 796 3281 parere.
836 3216 958 3288 Ipsa
1027 3237 1133 3278 non
1211 3225 1316 3280 fuit
1357 3244 1494 3284 uxor
1566 3248 1716 3302 mea,
1766 3243 1819 3290 et
1862 3250 1963 3307 ego

389 3299 646 3373 deinceps
685 3322 793 3361 non
835 3310 918 3364 vir
941 3311 1078 3381 ejus.
1103 3312 1222 3372 Non
1256 3317 1345 3372 illa
1391 3333 1486 3375 vos
1527 3299 1809 3390 milii,’sed
1840 3299 1961 3382 aliis

390 3397 619 3465 peperit.
648 3397 808 3457 Certe
833 3403 978 3458 enim
1009 3408 1348 3476 agnovissem
1378 3427 1547 3470 meos.
1587 3413 1704 3471 Non
1743 3429 1828 3474 est
1853 3427 1963 3474 tar-

391 3487 492 3541 dus
521 3488 590 3543 ad
628 3491 990 3550 miserendum
1020 3508 1213 3556 natura
1240 3513 1423 3574 pater;
1453 3517 1508 3561 at
1542 3508 1592 3562 in
1626 3512 1826 3577 prolem
1852 3528 1959 3569 non

391 3576 689 3646 legitimam
714 3589 1063 3644 cunctantior
1095 3590 1216 3662 ejus
1249 3594 1464 3653 lenitas.
1508 3600 1688 3672 Atque
1716 3604 1818 3658 ista
1851 3604 1961 3662 for-

388 3666 528 3721 sitan
573 3677 829 3740 tanquam
858 3691 925 3731 ex
967 3692 1196 3747 persona
1243 3682 1336 3738 Dei
1365 3666 1643 3744 dicuntur.
1687 3692 1959 3764 Cogitabit

364 3758 656 3828 .quispiam
707 3773 763 3818 et
792 3766 977 3822 animo
998 3768 1176 3826 volvet
1205 3788 1439 3844 rursum,
1467 3778 1628 3849 idque
1658 3797 1765 3838 non
1797 3786 1954 3855 male,

389 3847 674 3924 Synagoga
708 3856 775 3910 ad
821 3857 1177 3917 deiectionem
1220 3878 1251 3918 a
1300 3864 1412 3923 Deo
1450 3847 1730 3942 conversa,
1764 3886 1819 3932 et
1849 3847 1959 3934 dae;

388 3954 606 3996 monum
633 3945 779 4001 cultu
825 3962 1098 4020 suscepto,
1135 3963 1189 4009 et
1221 3955 1326 4012 illis
1368 3966 1576 4016 tantum
1620 3980 1727 4019 non
1781 3983 1956 4025 mere-

387 4031 542 4089 tricis
567 4035 737 4092 instar
768 4041 1022 4098 cruribus
1046 4045 1380 4116 divaricatis,
1406 4061 1561 4109 natos
1592 4069 1659 4109 ex
1685 4072 1748 4113 ea
1782 4075 1956 4132 neque

383 4127 600 4186 sincere
659 4140 825 4204 atque
878 4149 1194 4197 constanter
1248 4142 1416 4200 Deum
1470 4163 1717 4220 amasse,
1780 4172 1956 4227 neque

382 4218 541 4277 bonis
580 4226 820 4282 moribus
853 4227 1046 4297 fuisse;
1089 4234 1217 4303 quin
1258 4238 1437 4305 potius
1469 4218 1749 4307 parentum
1784 4218 1953 4303 mori-

382 4308 484 4366 bus
529 4313 810 4382 educatos,
850 4319 967 4376 sine
1002 4324 1207 4391 pudore
1245 4327 1355 4385 Deo
1399 4332 1740 4401 displicentia
1792 4337 1952 4395 facti-

385 4412 547 4469 tasse,
582 4408 776 4474 partim
825 4409 955 4465 Baal
998 4422 1051 4468 et
1095 4416 1279 4473 vitulis
1324 4423 1504 4477 aureis
1553 4426 1946 4499 sacriﬁcantes,

381 4494 578 4561 partim
602 4498 763 4552 etiam
793 4502 845 4553 in
870 4517 1029 4559 omne
1050 4520 1216 4574 genus
1239 4508 1564 4578 impuritatis
1590 4531 1685 4584 per
1708 4494 1946 4590 praeceps

380 4586 664 4643 abeuntes.
697 4588 1005 4647 iustissime
1039 4604 1219 4650 autem
1261 4609 1488 4654 matrem
1538 4617 1688 4658 suam
1729 4586 1952 4675 accusa-

380 4675 518 4731 bunt
556 4681 745 4748 magis,
789 4699 949 4752 quam
996 4688 1216 4742 virtutis
1257 4700 1529 4748 amantem
1581 4710 1817 4768 vereque
1863 4716 1951 4756 ca-

2063 3235 2164 3305 ὲμὲ
2215 3234 2594 3305 πνευματικῆς
2658 3236 2944 3303 κοινωνίας
2987 3239 3087 3310 τὴν
3136 3238 3519 3311 καθαρότητα,
3548 3240 3649 3294 οὐκ

2061 3325 2297 3397 ἠθέλησέ
2321 3344 2381 3380 τε
2405 3327 2533 3391 τοὺς
2562 3326 2670 3380 τῶν
2709 3327 2859 3398 ἐμῶν
2906 3329 3225 3401 θελημάτων
3256 3330 3469 3385 ὠδίνειν
3513 3347 3649 3402 καρ-

2062 3417 2217 3480 πούς.
2248 3416 2396 3488 Αὕτη
2425 3418 2647 3487 γέγονεν
2691 3420 2753 3473 οὐ
2787 3421 2922 3492 γυνή
2971 3439 3097 3492 μου,
3152 3421 3307 3493 κάγὼ
3352 3422 3439 3477 διὰ
3487 3421 3647 3476 τοῦτο

2062 3507 2246 3562 λοιπὸν
2274 3508 2375 3562 οὐκ
2407 3510 2545 3582 ἀνὴρ
2583 3509 2775 3580 αὐτῆς.
2801 3510 2919 3564 Οὐκ
2943 3502 3068 3582 ἐμοὶ
3089 3513 3316 3567 τέτοκεν
3341 3514 3509 3584 ὑμᾶς,
3529 3513 3646 3567 ἀλλ’

2059 3600 2288 3673 ἑτέροις.
2334 3589 2406 3655 Ἢ
2435 3601 2545 3673 γὰρ
2569 3602 2637 3657 ἂν
2686 3602 2933 3673 ἐπέγνων
2961 3606 3088 3668 τοὺς
3120 3603 3307 3675 ἐμούς.
3342 3606 3416 3658 υύ
3444 3604 3644 3676 βραδὺς

2060 3693 2141 3755 είς
2170 3690 2317 3745 ἔλεον
2341 3693 2371 3745 ό
2393 3692 2554 3762 φύσει
2580 3693 2764 3765 πατήρ
2785 3711 2798 3723 ·
2842 3695 2993 3747 ὀκνεῖ
3022 3694 3080 3748 δὲ
3109 3691 3247 3748 εἶναι
3279 3697 3512 3767 χρηστὸς
3547 3698 3641 3750 ἐπὶ

2059 3782 2187 3853 νόθῃ
2238 3785 2386 3855 γονῇ.
2419 3785 2529 3838 Καὶ
2552 3783 2724 3838 ταῦτα
2773 3785 2872 3855 μὲν
2923 3784 3053 3850 ἴσως
3091 3786 3223 3859 φαίη
3254 3805 3339 3852 τις
3374 3788 3439 3841 ἂν
3470 3788 3545 3853 ὡς
3577 3789 3643 3842 ὲκ

2060 3870 2351 3945 προσώπου
2373 3874 2467 3929 τοῦ
2501 3875 2657 3930 Θεοῦ.
2689 3877 2967 3946 Δογιεῖται
2986 3877 3042 3930 δὲ
3064 3874 3140 3933 ὶῦ
3204 3880 3299 3933 καὶ
3327 3882 3641 3953 περινοήσει

2058 3966 2259 4030 καλῶς,
2283 3968 2365 4021 ὅτι
2386 3968 2772 4040 τετραμμένης
2800 3968 2903 4040 τῆς
2927 3969 3257 4040 Συναγωγῆς
3289 3974 3369 4036 εἰς
3398 3973 3639 4026 ἀποστα-

2058 4060 2180 4114 σίαν
2201 4059 2300 4131 τὴν
2345 4060 2454 4115 ἀπὸ
2486 4060 2644 4124 Θεοῦ,
2687 4062 2782 4115 καὶ
2807 4061 2907 4133 τὴν
2948 4061 3058 4116 τῶν
3082 4062 3352 4131 δαιμόνων
3386 4062 3640 4130 λατρείαν

2056 4152 2426 4224 ἀνῃρημένης,
2472 4154 2632 4224 μόνον
2663 4153 2721 4206 δὲ
2767 4154 2887 4224 οὐχὶ
2917 4154 3123 4224 πόρνης
3165 4154 3323 4222 δίκην
3359 4152 3638 4225 ἀπλοὺσης

2056 4244 2237 4306 αὐτοῖς
2269 4243 2335 4296 τὰ
2368 4245 2558 4314 σκέλη,
2591 4244 2880 4311 γεγόνασιν
2903 4244 2952 4295 oi
2982 4243 3039 4309 ἐξ
3060 4242 3230 4308 αὐτῆς
3257 4242 3379 4295 οὕτε
3401 4243 3635 4313 φιλόθεοι

2054 4333 2311 4404 καθαρῶς
2355 4336 2451 4388 καὶ
2469 4333 2897 4405 ἐρηρεισμένως,
2923 4332 3047 4386 οὔτε
3092 4332 3200 4404 μὴν
3225 4335 3487 4399 ἐπιεικεῖς
3511 4336 3636 4400 τοὺς

2053 4424 2319 4497 τρόπους·
2368 4425 2797 4503 ὲντεθραμμένοι
2826 4425 2882 4478 δὲ
2931 4424 3130 4496 μᾶλλον
3180 4427 3292 4488 τοῖς
3324 4425 3480 4496 ἤθεσι
3525 4426 3634 4480 τῶν

2058 4516 2484 4587 γεγεννηκότων,
2527 4514 2854 4584 ἀφυλάκτως
2900 4516 3068 4587 ᾔεσαν
3102 4516 3194 4570 ἐπὶ
3235 4517 3306 4570 τά
3362 4516 3635 4572 λυποῦντα

2048 4611 2181 4664 Θεόν
2203 4627 2215 4639 °
2256 4609 2415 4663 τοῦτο
2445 4608 2545 4680 μὲν
2582 4608 2800 4671 θύοντες
2831 4608 2908 4680 τῷ
2943 4608 3111 4669 Βάαλ,
3160 4609 3255 4662 καὶ
3293 4611 3416 4674 ταῖς
3461 4610 3635 4681 δαμά-

2048 4702 2163 4754 λεσι
2211 4703 2333 4764 ταῖς
2374 4702 2600 4771 χρυσαῖς
2622 4742 2636 4765 ,
2670 4700 2827 4753 τοῦτο
2851 4699 2909 4753 δὲ
2944 4701 3035 4753 καὶ
3064 4701 3145 4764 εἰς
3176 4703 3284 4754 πᾶν
3318 4696 3459 4763 εἶδος
3499 4703 3635 4755 ἀκα-

380 4769 679 4827 stissimum
708 4773 1124 4849 Dominum,qui
1147 4778 1503 4842 fornicatione
1526 4792 1948 4848 contaminatam

2068 4792 2272 4862 ἀρσίας
2307 4769 2729 4863 ἀπερισκέπτως
2778 4793 3105 4856 διᾴττοντες.
3167 4794 3513 4849 Αἰτιάσονται
3552 4795 3632 4857 δὲ,

379 4860 820 4918 contubernalem
854 4865 963 4935 pati
995 4867 1211 4939 refugit.
1246 4870 1343 4925 Est
1373 4888 1535 4943 porro
1567 4879 1757 4933 modus
1784 4878 1949 4935 forni-

380 4947 617 5005 cationis
652 4953 951 5023 spiritualis
994 4959 1174 5029 plane,
1205 4965 1455 5033 quamvis
1490 4977 1550 5023 ut
1581 4968 1649 5023 de
1689 4985 1948 5039 corporea

379 5051 562 5093 sermo
591 5040 873 5099 habeatur.

2056 4883 2151 4936 καὶ
2188 4882 2393 4953 σφόδρα
2422 4882 2666 4947 εἰκότως,
2691 4883 2793 4955 τὴν
2821 4884 3031 4938 ἑαυτῶν
3055 4885 3284 4958 μητέρα,
3309 4886 3402 4940 καὶ
3426 4885 3546 4955 οὐχὶ
3569 4884 3642 4954 δὴ

2056 4973 2255 5043 μᾶλλον
2287 4977 2377 5027 τὸν
2411 4975 2698 5047 φιλάρετόν
2749 4994 2808 5029 τε
2844 4978 2939 5031 καὶ
2981 4977 3253 5046 πάναγνον
3283 4976 3498 5048 ἀληθῶς
3539 4978 3631 5029 Δε-

2062 5066 2285 5137 σπότην,
2318 5067 2376 5132 ὃς
2407 5067 2651 5121 σύνοικον
2683 5069 2827 5139 ἔχειν
2868 5069 2968 5122 οὐκ
3010 5070 3151 5135 ἀξιοῖ
3194 5068 3294 5139 τὴν
3336 5082 3634 5135 πεπορνευ-

382 5131 572 5207 μένην.
598 5133 822 5206 Νοητῶς
876 5140 933 5193 δὲ
982 5143 1195 5209 πάντως
1227 5147 1326 5218 τῆς
1363 5150 1617 5222 πορνείας
1644 5152 1672 5204 ὁ
1697 5153 1912 5223 τρόπος,
1953 5156 2056 5210 κᾶν
2087 5160 2134 5213 εί
2188 5131 2398 5213 λαλοῖτο
2423 5131 2772 5231 σωματικιῖίς.

453 5268 618 5326 Vnus.
657 5273 711 5329 5.
736 5272 807 5329 Et
865 5278 1106 5347 auferam
1156 5283 1558 5352 fornicationem
1601 5290 1713 5359 ejus
1748 5307 1780 5344 a
1816 5291 1949 5359 {acie

381 5379 531 5429 mea,
571 5374 620 5421 et
647 5366 965 5426 adulterium
1006 5373 1121 5443 ejus
1152 5377 1216 5432 de
1244 5379 1412 5433 medio
1441 5383 1656 5436 uberum
1684 5383 1858 5449 illius,
1894 5395 1948 5440 ut

381 5471 575 5512 exuam
601 5475 715 5515 eam
749 5464 965 5534 nudam,
995 5478 1043 5521 ct
1076 5470 1346 5524 restituant
1377 5488 1491 5527 eam
1525 5474 1658 5528 sicut
1702 5476 1812 5530 dies
1850 5493 1945 5530 na—

381 5546 600 5604 tivitatis
629 5552 763 5621 ejus.

460 5764 504 5798 “
533 5766 597 5822 iV
638 5770 771 5844 Reg.
808 5791 918 5844 χιχ,
960 5777 1050 5835 Ἦ.

2132 5289 2239 5347 Καὶ
2267 5288 2461 5359 ἐξαρῶ
2489 5290 2602 5357 τὴν
2643 5290 2929 5359 ,πορνείαν
2974 5286 3165 5355 αὐτῆς
3199 5286 3266 5340 ἐκ
3307 5285 3632 5355 προσώπου

2055 5399 2193 5451 μου,
2228 5383 2325 5438 καί
2371 5381 2486 5451 τὴν
2516 5381 2795 5450 μοιχείαν
2839 5378 3029 5446 αὐτῆς
3065 5378 3133 5433 ἐκ
3161 5379 3354 5447 μέσου
3380 5375 3634 5448 μαστῶν

2055 5473 2265 5541 αὐτῆς,
2302 5472 2461 5537 ὅπως
2488 5470 2564 5526 ἂν
2589 5471 2825 5531 ἐκδὺσω
2845 5469 3039 5538 αὐτὴν
3068 5469 3326 5540 γυμνὴν,
3359 5470 3454 5524 καὶ
3485 5471 3631 5523 ἁπο-

2056 5564 2410 5633 καταστὴσω
2435 5563 2628 5630 αὐτὴν
2660 5564 2851 5629 καθὼς
2875 5562 3083 5633 ἡμέραι
3113 5562 3403 5631 γενέσεως
3417 5559 3631 5628 αὐτῆς.
