4012 6214
273 367 338 422 ’61
1207 360 1757 416 (ῙΟΜΜΕΝΤᾹΒΗΞΒ
1799 357 1868 413 IN’

1978 359 2135 414 iEAM
2172 359 2616 416 PROPHETAM.
3473 362 3546 414 €9.-

347 483 444 535 ω’.
466 481 592 542 Τοῖς
621 479 728 532 ἀπὸ
769 478 992 547 γνώμης
1016 478 1151 541 ἰδίας
1178 480 1276 531 οὐκ
1302 481 1687 550 ἐπιστρέφουσι
1717 481 1850 551 πρὸς

2028 480 2249 548 ΧΙΙ.ρυί
2269 497 2297 534 a
2317 483 2593 536 voluntate
2611 495 2706 536 sua
2723 481 2788 535 ad
2813 481 2979 535 Deum
2997 496 3056 538 se
3070 496 3173 536 non
3191 490 3536 552 convertunt,

281 573 425 635 Θεὸν,
483 570 606 624 οὔτε
672 571 780 640 μὴν
848 571 1194 640 ἀνεχομένοις
1255 571 1324 623 τὰ
1386 573 1532 642 αὐτῷ
1599 573 1860 626 δοκοῦντα

285 663 538 733 πληροῦν,
605 661 744 715 ἀλλά
793 665 926 725 τοξ,
963 663 1063 714 οὐκ
1127 658 1222 715 οἶδ’
1282 663 1427 725 ὅπως
1455 663 1859 734 ,τετιμημένης

281 757 453 817 αὐτοῖς
484 753 818 824 φαυλότητος
853 752 1022 823 ἀπρὶξ
1060 753 1345 824 ἡμμένοις,
1379 753 1536 825 ποινὴ
1569 755 1663 806 καὶ
1703 755 1865 808 κόλα-

279 865 360 909 σις
393 848 711 898 ἐπινοεῖται.
752 844 877 909 Τίς;
913 845 1029 911 Ἐφ’
1060 846 1196 915 ὅπερ
1240 841 1306 916 ἦν
1358 845 1581 914 ἄμεινον
1621 845 1679 910 ἐξ
1727 847 1864 910 ιδίας

278 935 542 1007 φέρεσθαι
571 935 817 1004 γνώμης,
869 936 955 988 ἐπ’
989 936 1120 988 αὐτὸ
1164 936 1228 1006 δὴ
1279 935 1438 989 τοῦτο
1506 938 1878 1007 μετατεθῆναι-

274 1024 480 1090 λοιπὸν,
506 1024 581 1087 ὡς
609 1025 668 1090 ἐξ
700 1024 967 1094 ἀνάγκης,
997 1025 1090 1078 καὶ
1137 1026 1322 1094 φόϐου.
1360 1025 1570 1096 Ὂνπερ
1608 1027 1715 1100 γὰρ
1742 1028 1864 1098 τρόο

280 1134 378 1170 πον
409 1116 518 1170 τῶν
553 1118 610 1170 ὲν
667 1118 782 1178 τοῖς
809 1115 1024 1185 σώμασι
1053 1117 1380 1186 τραυμάτων
1413 1117 1480 1170 τὰ
1506 1117 1744 1188 δυσχερῆ
1775 1118 1866 1170 καὶ

280 1209 806 1279 δυσμεταχείριστα,
853 1208 956 1261 κᾶν
998 1210 1046 1261 εὶ
1108 1207 1183 1278 μὴ
1235 1209 1357 1270 ταῖς
1401 1208 1510 1259 τῶν
1557 1207 1866 1277 φαρμάκων

281 1300 572 1371 δυνάμεσιν
598 1299 817 1354 εἴκοντα
856 1297 1096 1369 δέχοιντό
1131 1316 1252 1352 τινα
1291 1297 1389 1369 τὴν
1433 1299 1513 1362 είς
1555 1297 1616 1351 τὸ
1645 1300 1868 1369 ἄμεινον

285 1391 698 1464 μετατροπὴῃῆ
731 1391 940 1462 σιδήρῳ
967 1389 1243 1460 τέμνεται,
1272 1391 1369 1461 τῆς
1399 1389 1511 1443 τῶν
1537 1390 1736 1460 ἰατρῶν
1775 1393 1870 1462 ὲμ-

281 1484 497 1553 πειρίας
548 1485 628 1546 είς
687 1482 878 1536 τοῦτον
929 1479 1200 1550 καλούσης
1255 1482 1354 1551 τῆς
1413 1481 1730 1553 ἐπικουρίας
1775 1483 1869 1536 τὸν

279 1576 497 1647 τρόπον,
539 1575 706 1645 ῆγουν
762 1576 978 1630 νικᾶται
1038 1574 1170 1645 πυρί
1195 1589 1212 1607 ο
1253 1574 1396 1628 οὕτω
1445 1576 1538 1628 καὶ
1580 1574 1868 1645 ἀνθρώπου

281 1667 427 1739 ψυχὴ
468 1667 603 1721 πολὺ
629 1667 960 1722 διανεύσασα
1002 1667 1138 1737 πρὸς
1178 1667 1479 1733 ἀπόστασιν
1520 1667 1618 1738 τὴν
1643 1667 1700 1733 ἐξ
1735 1668 1871 1736 ἀγα-

285 1761 414 1820 θῶν,
445 1761 545 1813 κᾶν
576 1761 622 1812 εξ
653 1759 730 1828 μὴ
761 1760 882 1821 ταῖς
909 1758 1018 1811 τῶν
1052 1757 1447 1812 νουθετούντων
1473 1761 1612 1811 εῐκοι
1641 1762 1865 1828 φωναῖς,

1972 587 2072 626 nec
2097 571 2288 625 adduci
2318 582 2568 641 possunt,
2593 581 2648 624 ut
2671 587 2791 640 quae
2819 572 2890 625 illi
2915 573 3128 641 placent
3150 581 3537 642 exsequantur,

1967 678 2154 717 verum
2186 664 2238 717 in
2272 663 2490 731 ﬂagitiis
2520 665 2634 718 suis
2662 665 2802 733 (qua:
2845 665 3027 720 nescio
3059 665 3330 734 quomodo
3365 667 3541 734 suspi-

1966 755 2139 823 ciunt)
2167 753 2516 823 pertinaciter
2545 754 2772 818 haerent,
2807 754 2872 808 iis
2907 770 3066 822 poena
3113 758 3542 824 suppliciumque

1964 847 2307 918 pr0ponitur.
2346 846 2628 913 Quodnam
2663 846 2832 900 illud?
2860 846 2932 902 Ut
2974 848 3038 900 ad
3071 851 3210 916 quod
3255 863 3311 901 se
3350 858 3542 916 Sponte

1967 956 2061 996 sua
2087 941 2501 994 accommodare
2531 938 2636 1008 33
2664 940 2853 992 melius
2881 940 3078 1005 fuerat,
3117 941 3182 992 ad
3211 941 3311 994 hoc
3342 943 3538 1007 ipsum,

1968 1043 2225 1100 tanquam
2269 1045 2337 1084 ex
2395 1031 2722 1085 necessitate
2773 1040 2827 1084 et
2857 1033 3049 1085 timore
3089 1045 3147 1084 se
3193 1033 3538 1087 transferant.

1970 1119 2123 1176 Sicut
2174 1121 2318 1174 enim
2367 1120 2592 1174 vulnera
2640 1135 2927 1189 corporum
2978 1133 3167 1176 sanatu
3214 1122 3443 1176 difﬁcilia
3489 1131 3544 1176 et

1970 1210 2359 1277 intractabilia,
2389 1211 2493 1266 nisi
2528 1212 3048 1267 medicamentorum
3079 1213 3266 1266 virtuti
3296 1212 3542 1266 cedentia

1970 1307 2320 1360 mutationem
2385 1305 2450 1358 ad
2505 1305 2801 1358 sanitatem
2855 1303 3179 1367 admittant,
3242 1315 3334 1356 aut
3400 1302 3544 1358 ferro

1969 1407 2243 1463 secantur,
2291 1395 2485 1466 peritia
2532 1395 2862 1449 medicorum
2901 1394 3046 1447 hunc
3089 1393 3273 1446 auxilii
3326 1393 3541 1446 modum

1969 1491 2258 1555 suadente,
2298 1497 2388 1543 aut
2425 1496 2572 1543 certe
2610 1487 2718 1557 igni
2753 1486 3042 1540 vincuntur
3065 1527 3078 1551 ,
3120 1486 3190 1539 ita
3225 1495 3280 1539 et
3311 1485 3544 1540 hominis

1969 1583 2175 1647 anima,
2193 1583 2259 1637 ad
2285 1581 2693 1637 dcsciscendum
2722 1593 2748 1631 a
2774 1579 3048 1647 probitate
3070 1593 3327 1646 pcrquam
3353 1593 3543 1646 prona,

1970 1673 2075 1728 nisi
2120 1672 2343 1728 vocibus
2393 1671 2800 1724 admonentium
2853 1670 3029 1724 locum
3073 1671 3386 1738 reliquerit,
3426 1679 3479 1724 et
3515 1685 3543 1721 a

1973 1763 2308 1834 turpitudine
2337 1762 2402 1814 ad
2435 1761 2771 1816 honestatem
2813 1762 3048 1815 transire
3079 1761 3396 1825 instituerit,
3433 1775 3547 1829 poe-

289 1853 427 1922 μήτε
470 1851 574 1922 μὴν
618 1852 794 1904 ἕλοιτο
835 1851 1166 1921 μεταφοιτᾷν
1200 1851 1265 1902 ὲκ
1294 1849 1402 1903 τῶν
1447 1851 1736 1920 αἰσχιόνων
1773 1852 1867 1905 ἐπὶ

1978 1857 2055 1911 nis
2088 1857 2346 1918 vincitur,
2387 1863 2442 1906 et
2494 1852 2741 1920 supplicii
2799 1853 3010 1921 laqueis
3058 1851 3364 1921 implicata,
3422 1853 3547 1905 velit

282 1941 340 1994 τὸ
369 1943 616 2012 ἄμεινον,
652 1945 873 1998 νικᾶται
917 1945 1038 2006 ταῖς
1081 1943 1277 2006 δίκαις,
1312 1945 1406 1996 καὶ
1444 1947 1557 2006 τοῖς
1583 1945 1683 2015 τῆς
1707 1945 1868 1998 κολά-

286 2050 418 2097 σεως
475 2031 741 2088 ἒναλοῦσα
795 2035 1048 2106 βρόχοις,
1106 2035 1415 2103 ἀναγκαίαν
1471 2039 1707 2090 ποιεῖται
1768 2039 1868 2108 τὴν

281 2127 638 2196 ἐπιστροφήν.
683 2127 892 2180 Ὀποῖόν
939 2128 1052 2180 ἐστι
1108 2127 1168 2180 τὸ
1225 2127 1311 2181 διὰ
1346 2129 1528 2200 φωνῆς
1561 2130 1822 2200 Ἱερεμίου
1850 2149 1865 2164 ·

289 2235 307 2267 ι
336 2216 598 2285 Πόνῳκαὶ
619 2217 843 2286 μάστιγι
870 2218 1246 2291 παιδευθείσῃ,
1276 2221 1582 2292 Ἱερουσαλή
1592 2240 1651 2290 μ.
1680 2241 1698 2274 υ
1726 2222 1870 2276 Ψάλ-

281 2306 362 2358 λει
395 2306 454 2358 δέ
487 2324 538 2359 τι
568 2308 810 2362 τοιοῦτον
839 2311 932 2362 καὶ
971 2311 999 2362 ό
1051 2309 1336 2373 θεσπέσιος
1378 2313 1570 2376 Δαὸἱδ,
1601 2312 1728 2385 περὶ
1762 2314 1869 2368 τῶν

284 2397 653 2467 ἠγαπηκότων
679 2400 740 2452 τὸ
772 2401 903 2453 πολὺ
929 2401 991 2471 δὴ
1022 2401 1143 2455 λίαν
1174 2403 1402 2470 ἄγεσθαι
1435 2404 1570 2475 πρὸς
1591 2404 1652 2457 τὸ
1688 2405 1872 2476 πλημ-

289 2489 505 2559 μελεῖν·
545 2510 565 2541 ι
603 2490 691 2542 Ἐν
723 2491 889 2562 κημῷ
933 2493 1028 2546 καὶ
1054 2494 1258 2565 χαλινῷ
1284 2495 1383 2558 τὰς
1403 2498 1656 2564 σιαγόνας
1689 2497 1870 2551 αὐτῶν

285 2581 479 2650 ἀγξαις
538 2582 649 2636 τῶν
685 2583 757 2653 μὴ
807 2585 1137 2652 ἐγγιζόντων
1167 2587 1303 2657 πρὸς
1337 2588 1416 2641 σέ.
1451 2609 1468 2640 ι
1523 2590 1605 2642 Td:
1646 2591 1754 2660 γάρ
1789 2607 1871 2644 τοι

287 2669 503 2741 σκληρά
532 2689 592 2725 τε
647 2674 740 2726 καὶ
771 2673 1133 2744 ἀστοιχείωτα
1172 2675 1279 2728 τῶν
1304 2676 1514 2744 ἀλόγων
1544 2677 1697 2742 ζώων
1725 2679 1875 2748 χαλι-

283 2764 396 2826 νοῖς
447 2763 870 2835 περιτρέπουσιν
895 2767 976 2828 είς
1003 2765 1064 2818 τὸ
1091 2762 1152 2820 εὖ
1203 2767 1350 2837 ἔχειν
1377 2767 1566 2820 δοκοῦν
1608 2769 1656 2820 ot
1701 2768 1874 2822 πωλο-

284 2852 511 2924 δαμνεῖν
540 2855 793 2918 εἰωθότες
812 2872 826 2886 ·
850 2855 994 2911 οὓτω
1023 2858 1119 2913 καὶ
1149 2857 1283 2921 Θεὸς
1307 2860 1594 2930 χρησίμως
1629 2859 1873 2931 προσφέ-

289 2961 446 3016 ρεται
505 2949 616 3010 τοῖς
667 2946 1164 3019 φιλαμαρτήμοσιν.
1219 2950 1428 3003 Οὐκοῦν
1492 2951 1874 3005 συνεϐούλευον

291 3040 393 3110 μὲν
436 3042 502 3111 τῇ
535 3041 830 3112 Συναγωγῇ
881 3041 1156 3112 προφῆται
1204 3043 1300 3096 καὶ
1352 3042 1568 3108 δίκαιοι,
1623 3043 1724 3112 τῆς
1764 3044 1873 3098 τῶν

293 3129 526 3184 εἰδώλων
554 3131 920 3203 ἀποφοιτῆσαι
949 3134 1223 3204 λατρείας,
1249 3137 1342 3188 καὶ
1366 3135 1464 3204 τῆς
1485 3137 1585 3188 οὐκ
1632 3131 1726 3190 οἷδ’
1757 3137 1882 3191 ὃθεν

291 3218 672 3292 ἒξηυρημένης
707 3224 1040 3294 ἀποσχέσθαι
1067 3226 1299 3297 πλάνης.
1344 3227 1453 3280 Καὶ
1475 3228 1534 3280 οὐ
1569 3227 1730 3298 μέχρι
1755 3229 1878 3282 τού-

286 3331 403 3366 των
431 3329 444 3342 ⁸
478 3314 615 3367 ἀλλά
644 3317 740 3369 καὶ
765 3317 926 3381 αὐτὸς
953 3318 1166 3386 ἠπείλει
1207 3319 1339 3383 Θεὸς
1381 3319 1662 3390 ἐπιθήσειν
1701 3323 1884 3386 αὐτοῖς

287 3407 359 3460 τὰ
389 3407 608 3462 πάντων
629 3409 885 3480 αἴσχιστα
918 3410 1025 3464 τῶν
1051 3411 1258 3474 κακῶν,
1280 3414 1329 3466 εἰ
1361 3411 1433 3484 μὴ
1459 3413 1663 3467 ’ἐλοιντο
1687 3413 1880 3467 παλιν-

287 3497 516 3569 δραμεῖν
537 3501 618 3562 είς
643 3500 704 3552 τὸ
735 3503 951 3570 φρονεῖν
972 3521 1053 3568 τε,
1072 3503 1166 3556 καὶ
1191 3505 1324 3574 δρᾷν
1340 3504 1410 3558 τὰ
1431 3505 1578 3575 αὐτῷ
1598 3505 1877 3570 δοκοῦντα,

289 3593 389 3644 καὶ
425 3591 572 3658 φίλα.
615 3593 679 3645 UE
713 3592 769 3645 δὲ
796 3589 936 3664 ἦσαν
969 3593 1049 3647 ἔτι
1099 3595 1262 3648 δεινοί
1307 3614 1365 3650 τε
1397 3599 1490 3651 καὶ
1551 3600 1884 3670 ἀτεράμονες

289 3682 388 3735 καὶ
438 3682 538 3754 τήν
599 3683 842 3738 διάνοιαν
889 3686 1189 3753 ἀκαμπεῖς.
1240 3688 1506 3761 Ταύτῃτοι
1555 3689 1882 3760 δορύληπτοι

289 3773 602 3842 γεγονότες,
659 3778 739 3839 είς
801 3777 1120 3849 Ἀσσυρίους
1202 3781 1296 3833 καὶ
1358 3781 1577 3851 Μήδους
1641 3784 1883 3853 μακροὺς

291 3865 704 3919 διατετελέκασι
741 3867 984 3940 χρόνους.
1037 3862 1112 3923 υῦ
1167 3873 1474 3939 γεγονότες,
1530 3872 1625 3925 καὶ
1670 3873 1747 3944 τῷ
1782 3873 1884 3944 τῆς

291 3955 537 4020 δουλείας
572 3955 1002 4028 κατηχθισμένοι
1035 3960 1206 4028 ζυγῷ,
1241 3961 1396 4015 ἔθυον
1435 3962 1534 4033 μὲν
1562 3966 1678 4027 ταῖς
1711 3965 1886 4034 δαμά-

290 4049 442 4101 λεσιν
492 4048 709 4102 οὐκέτι·
771 4050 888 4113 πῶς
942 4051 1069 4124 γὰρ,
1132 4053 1164 4122 ἣ
1231 4053 1414 4117 πόθεν,
1466 4056 1515 4108 οἱ
1550 4055 1606 4108 δὲ
1643 4051 1784 4125 ἦσαν
1827 4057 1885 4110 ἐν

289 4140 562 4208 ἀφύκτοις
603 4143 829 4207 κακοῖς;
879 4141 994 4196 ἀλλ’
1037 4143 1155 4196 οὐδὲ
1190 4145 1350 4197 αὑτὸν
1386 4145 1748 4199 ἐπεκαλοῦντο
1795 4145 1886 4200 τὸν

288 4231 466 4294 Bia},
493 4233 770 4285 διετέλουν
803 4233 860 4285 δὲ
892 4232 1088 4302 μᾶλλον
1131 4236 1232 4297 τὰς
1258 4236 1465 4289 ἑαυτῶν
1495 4237 1886 4308 ἀνοιμώζοντες

290 4326 607 4395 συμφοράς.
659 4324 832 4378 Τοῦτό
873 4325 956 4378 τοί
999 4344 1163 4398 φησιν
1187 4331 1215 4381 ὁ
1246 4328 1354 4382 τῶν
1404 4330 1540 4382 ὅλων
1567 4331 1881 4400 Δεσπότης·

1968 1948 2102 2002 nolit
2141 1947 2500 2003 convertitur.
2540 1946 2711 2011 Quale
2753 1956 2840 2000 cst
2881 1945 3024 2013 quod
3069 1944 3206 2012 apud
3254 1943 3544 1998 Jeremiam

1968 2038 2196 2105 legimus
2221 2053 2265 2090 ιι
2295 2037 2483 2091 Dolore
2505 2049 2554 2092 et
2579 2036 2792 2106 ﬂagello
2813 2036 3102 2100 erudieris,
3125 2034 3422 2089 Jerusalem
3442 2036 3507 2090 ¹¹.
3523 2055 3542 2089 ι

1972 2131 2160 2186 Simile
2187 2131 2314 2200 quid
2365 2128 2543 2198 psallit
2590 2137 2645 2183 et
2674 2130 2864 2183 beatus
2907 2127 3077 2181 David
3124 2127 3189 2182 de
3225 2128 3314 2192 iis,
3351 2128 3548 2196 quibus

1969 2223 2164 2292 volupe
2208 2231 2290 2277 est
2335 2225 2386 2276 in
2435 2231 2652 2292 peccata
2698 2236 2858 2275 ruere
2897 2242 2907 2276 :
2944 2239 2962 2271 ι
2997 2221 3050 2274 1η
3081 2235 3238 2274 camo
3284 2229 3338 2273 et
3390 2220 3546 2274 freno

1971 2314 2219 2370 maxillas
2240 2330 2427 2369 eorum
2453 2315 2788 2383 constringe,
2822 2314 2912 2382 qtti
2944 2327 3048 2366 non
3077 2312 3456 2381 approximant
3483 2313 3548 2364 ad

1973 2408 2113 2463 te".
2153 2426 2172 2459 ι
2209 2407 2443 2476 Asperas
2485 2408 2628 2461 enim
2710 2417 2764 2461 et
2817 2407 2992 2459 adhuc
3045 2404 3205 2457 rudes
3245 2404 3550 2456 animantes

1970 2511 2071 2566 pro
2131 2497 2360 2549 arbitrio
2407 2511 2506 2550 suo
2557 2497 2856 2550 domitores
2922 2494 3089 2548 frenis
3139 2495 3547 2557 circumagunt;

1975 2589 2227 2642 similiter
2254 2589 2494 2654 peccatis
2524 2587 2736 2641 deditos
2770 2587 2910 2640 Deus
2943 2586 3010 2638 ad
3045 2599 3230 2638 eorum
3265 2583 3548 2636 utilitatem

1976 2687 2193 2732 tractat.
2238 2677 2502 2744 Quocirca
2542 2676 2825 2731 consilimn
2866 2677 3065 2729 dabant
3103 2673 3397 2745 Synagogze
3426 2687 3551 2743 pro-

1974 2771 2150 2838 phetae
2179 2780 2234 2823 et
2264 2768 2421 2836 justi,
2448 2767 2525 2821 uti
2563 2781 2621 2821 se
2650 2767 2718 2821 ab
2743 2766 3012 2820 idolorum
3047 2764 3194 2818 cultu
3226 2772 3550 2826 removeret,

1974 2866 2030 2912 et
2061 2857 2129 2911 ab
2155 2872 2365 2921 errore,
2399 2857 2583 2912 nescio
2610 2856 2748 2910 unde
2778 2855 2998 2909 invento
3029 2864 3084 2908 et
3125 2853 3460 2914 introducto,
3494 2866 3553 2907 se

1975 2950 2304 3007 contineret.
2349 2947 2535 3018 Neque
2571 2948 2624 3002 hi
2661 2956 2890 3009 tantum,
2933 2947 3024 3001 sed
3061 2946 3224 2999 etiam
3267 2945 3381 3012 ipse
3413 2943 3553 2998 Deus

1901 3063 1943 3120 ρ
1984 3040 2314 3108 minabatur,
2364 3040 2680 3095 fmdissimis
2713 3055 2806 3094 eos
2839 3054 2898 3093 se
2936 3039 3094 3092 malis
3130 3039 3550 3105 exagitaturum,

1985 3133 2085 3187 nisi
2123 3141 2331 3186 mutata
2381 3141 2583 3198 mente,
2630 3133 2696 3186 ad
2735 3131 3018 3198 cOgitanda
3059 3140 3112 3184 et
3159 3130 3402 3183 facienda
3437 3141 3557 3198 quae

1983 3225 2082 3293 ipsi
2119 3231 2270 3294 grata
2329 3233 2383 3278 et
2407 3225 2578 3277 amica
2605 3234 2809 3288 essent,
2855 3223 3286 3292 regrederentur.
3326 3221 3401 3273 llli
3427 3232 3556 3275 vero

1983 3317 2159 3370 adhuc
2189 3317 2362 3384 asperi
2390 3325 2446 3369 et
2471 3315 2743 3378 indomiti,
2769 3325 2824 3368 et
2851 3315 3034 3367 animo
3067 3311 3350 3380 praefracto
3378 3320 3553 3364 erant.

1984 3409 2164 3475 Quare
2199 3409 2340 3464 bello
2385 3408 2527 3476 capti
2576 3408 2716 3477 apud
2750 3407 3002 3476 Assyrios
3036 3413 3090 3456 et
3137 3403 3320 3457 Medos
3367 3403 3591 3471 perdiu.

1982 3502 2252 3555 vixerunt.
2297 3500 2396 3556 Ubi
2439 3515 2561 3553 cmn
2597 3508 2815 3562 essent,
2859 3508 2912 3551 et
2955 3496 3085 3566 jugo
3119 3495 3396 3549 servitutis
3430 3509 3556 3560 gra-

1984 3605 2262 3664 varentur,
2299 3594 2484 3649 vitulis
2515 3593 2588 3647 illi
2621 3593 2838 3663 quidem
2877 3606 2982 3645 non
3014 3589 3244 3658 amplius
3280 3603 3392 3643 rem
3422 3587 3559 3642 divi-

1986 3701 2110 3740 nam
2161 3685 2437 3741 laciebaut
2480 3685 2595 3755 (qui
2638 3685 2815 3746 enim,
2847 3693 2937 3736 aut
2974 3682 3115 3736 unde
3160 3679 3426 3746 facerent,
3468 3679 3558 3748 qui

1986 3778 2144 3830 tnalis
2217 3777 2604 3845 premebantur
2676 3773 3194 3844 inevitabilihus?),
3226 3771 3318 3826 sed
3389 3785 3562 3838 neque

1986 3870 2158 3937 ipsius
2206 3868 2335 3922 Baal
2389 3883 2543 3936 opem
2592 3867 2984 3935 implorabant;
3030 3867 3158 3934 quin
3208 3878 3334 3919 suas
3384 3861 3562 3932 potius

1986 3961 2324 4014 calamitates
2353 3960 2571 4012 assiduo
2603 3957 3062 4011 lamentabantur.
3106 3954 3216 4008 lloc
3259 3954 3422 4023 igitur
3454 3959 3558 4015 est,

1985 4050 2127 4119 quod
2165 4050 2543 4102 universorum
2617 4047 2878 4099 Dominus
2912 4046 3032 4099 ait:
3087 4045 3341 4098 Auferam
3391 4042 3562 4095 forni-

1988 4141 2255 4194 cationem
2310 4141 2427 4204 cjus
2459 4155 2486 4190 a
2522 4137 2657 4191 facie
2703 4151 2844 4199 mea,
2879 4149 2934 4190 et
2978 4136 3299 4189 adulterium
3342 4133 3460 4201 ejus
3498 4134 3565 4188 de

1989 4234 2166 4286 medio
2204 4231 2428 4284 uberum
2464 4231 2598 4294 ejus.
2649 4228 2836 4280 Abihit
2899 4227 3042 4280 enim
3095 4226 3330 4293 captiva,
3367 4223 3565 4293 inquit,

1989 4337 2088 4377 nec
2129 4323 2322 4377 videbo
2371 4323 2425 4376 in
2477 4329 2752 4390 posterum
2804 4317 3207 4388 sacriﬁcantem
3258 4316 3418 4380 Baal,
3465 4328 3566 4369 nec

289 4419 407 4469 Καὶ
447 4415 626 4486 ἑξαρῶ
654 4417 750 4486 τὴν
791 4417 1048 4487 πορνείαν
1087 4418 1256 4490 αὐτῆς
1293 4420 1357 4472 ὲκ
1407 4419 1701 4490 προσώπου
1752 4439 1874 4492 μου,

1984 4415 2162 4469 vitulis
2211 4415 2390 4469 aureis
2435 4414 2577 4466 ultra
2627 4411 2938 4466 offerentem
2979 4409 3329 4472 holocausta,
3367 4419 3420 4462 ct
3456 4421 3565 4476 pra:

289 4507 388 4559 καὶ
419 4505 520 4576 τὴν
569 4507 817 4576 μοιχείαν
891 4507 1062 4577 αὐτῆς
1120 4509 1184 4562 ἐκ
1217 4510 1381 4579 μέσου
1435 4510 1657 4581 μαστῶν
1692 4512 1879 4583 αὐτῆς.

288 4599 592 4669 Οίχήσεται
635 4598 746 4668 γὰρ
781 4598 1146 4668 αἰχμάλωτος,
1202 4599 1358 4671 φησὶ,
1406 4602 1501 4654 καὶ
1538 4603 1638 4655 οὐκ
1687 4601 1885 4673 ὄψομαι

289 4691 533 4743 θὼυσαν
552 4690 634 4742 ἔτι
658 4691 738 4760 τῷ
769 4691 916 4744 Βάαλ
936 4730 950 4753 ,
993 4691 1115 4744 οὔτε
1148 4696 1270 4756 ταῖς
1301 4694 1565 4764 δαμάλεσι
1607 4699 1726 4758 ταῖς
1753 4715 1884 4767 χρυ-

293 4785 420 4844 σαῖς
471 4781 550 4833 ἔτι
605 4781 866 4834 τελοῦσαν
911 4780 1338 4852 ὁλοκαυτώματα
1361 4824 1375 4849 ,
1433 4785 1526 4837 καὶ
1577 4786 1640 4836 ἐκ
1688 4785 1885 4856 πολλῆς

290 4871 438 4937 ἄγαν
485 4871 797 4941 ἀγερωχίας
845 4873 1127 4942 μονονουχὶ
1174 4875 1266 4926 καὶ
1311 4873 1735 4945 ἀπογυμνοῦσαν
1774 4881 1884 4939 τοῖς

291 4962 456 5024 ἰδίοις
485 4963 742 5030 ἐρασταῖς
776 4963 899 5024 τοὺς
924 4961 1180 5030 μαστούς.
1227 4963 1634 5034 Ἐφησθήσομαι
1661 4963 1716 5016 δὲ
1751 4964 1885 5031 μᾶ).-

289 5056 387 5106 λον
419 5053 660 5124 ἁλυοῦσῃ
689 5071 777 5116 τε,
808 5055 904 5106 καὶ
925 5053 1269 5123 ταλαιπωρου
1279 5056 1434 5123 μένῃ,
1472 5055 1564 5108 καὶ
1587 5056 1887 5124 ἀνήκεστον

292 5141 500 5212 ἐχούσῃ
527 5141 835 5212 συμφορὰν,
885 5143 943 5195 ἐν
984 5146 1052 5213 γῇ
1099 5143 1200 5195 οὐκ
1253 5143 1378 5212 ἰδίᾳ,
1412 5145 1502 5198 καὶ
1537 5145 1640 5196 ὑπὸ
1699 5146 1889 5209 δεινοῖς

293 5233 395 5285 zz).
427 5237 642 5304 πικροῖς
665 5235 1006 5306 γεγενημένῃ
1027 5237 1334 5299 δεσπόταις.
1355 5235 1590 5289 Ἐποίσω
1620 5236 1675 5289 δὲ
1697 5237 1888 5302 ταῦτα,

287 5328 396 5396 τῆς
425 5327 563 5396 ἐμῆς
588 5328 912 5398 ἐπικουρίας
936 5329 1341 5398 ἀπογυμνώσας
1365 5327 1556 5400 αὐτὴν,
1594 5329 1685 5382 καὶ¹
1722 5329 1892 5400 ἀσχήρ

290 5435 440 5490 μονα
477 5419 907 5483 καταλελοιπὼς,
935 5419 1010 5482 ὡς
1034 5421 1092 5472 ὲν
1126 5414 1205 5483 οἷς
1240 5417 1308 5492 ἦν
1337 5421 1395 5472 ὲν
1430 5421 1623 5492 ἀρχαῖς
1661 5421 1890 5492 ὁρᾶσθαι

288 5512 702 5583 γεγενημένην,
771 5513 861 5565 ὅτε
923 5513 1013 5564 τὸν
1061 5515 1158 5581 τῆς
1213 5514 1528 5582 Αἰγυπτίων
1580 5515 1890 5580 πλεονεξίας

288 5605 682 5676 ἀχθοφοροῦσα
722 5606 911 5675 ζυγὸν,
944 5609 1126 5679 γυμνὴ
1177 5607 1401 5660 διετέλει
1447 5608 1544 5678 τῆς
1588 5609 1716 5680 παρ’
1757 5609 1889 5680 ἐμοῦ

378 5787 415 5817 "
453 5783 567 5840 Jcr.
613 5800 685 5851 ιι,
727 5785 778 5839 8.
862 5787 903 5817 "
942 5785 1079 5841 l‘sal.
1127 5747 1277 5854 sust,
1320 5785 1372 5841 9.

1993 4509 2159 4563 multa
2195 4508 2445 4575 superbia
2492 4515 2699 4560 tantum
2737 4521 2839 4560 non
2884 4504 3048 4557 etiam
3084 4503 3417 4556 amatoribus
3455 4500 3566 4554 suis

1994 4600 2159 4654 ubera
2202 4601 2510 4653 nudantcm.
2547 4599 2797 4652 Lmtahor
2839 4597 3018 4666 potius
3058 4609 3219 4664 super
3263 4602 3476 4658 moesta,
3514 4601 3566 4646 et

1994 4692 2210 4758 aﬂlicta,
2235 4703 2288 4746 et
2308 4693 2562 4747 :erumnis
2589 4693 2957 4746 circumventa
2986 4688 3317 4757 gravissimis
3343 4687 3394 4738 in
3423 4696 3564 4739 terra

1994 4802 2097 4839 non
2132 4801 2246 4848 sua,
2271 4785 2649 4852 ferocibusqne
2679 4791 2734 4836 et
2764 4782 2976 4836 acerbis
3010 4781 3241 4834 dominis
3274 4780 3560 4831 serviente.

1990 4878 2100 4950 34
2135 4877 2366 4932 Inferam
2415 4887 2591 4930 autem
2636 4876 2750 4930 lucc
2789 4875 3010 4943 privata:
3055 4871 3271 4925 auxiliis
3318 4871 3474 4929 meis,
3516 4878 3560 4925 rt

1996 4972 2197 5023 relictae
2224 4969 2275 5022 in
2316 4969 2670 5036 turpitudine,
2706 4976 2763 5018 ut
2801 4965 2981 5018 videre
3021 4964 3180 5016 liccat
3213 4962 3561 5016 constitutam

1996 5061 2047 5112 iu
2083 5062 2180 5125 iis,
2231 5061 2281 5113 in
2327 5062 2523 5129 quibus
2570 5057 2671 5110 fuit
2702 5073 2729 5110 a
2766 5056 3066 5126 principio,
3116 5054 3333 5124 quando
3382 5054 3558 5123 juguu

1994 5152 2262 5221 [Egyptiae
2297 5149 2600 5220 tyrannidis
2635 5161 2879 5219 portans,
2919 5148 3092 5219 gratia
3131 5162 3268 5211 mea,
3312 5157 3366 5200 ct
3433 5145 3568 5198 dile-

1994 5246 2195 5307 ctione,
2234 5253 2289 5296 et
2320 5242 2475 5311 leguli
2511 5243 2778 5310 sapientia
2811 5243 3064 5295 destituta
3095 5239 3366 5293 manebat.
3389 5237 3570 5304 Itaque

1999 5340 2144 5388 velut
2180 5341 2325 5388 retro
2364 5350 2605 5404 regressa
2640 5335 2947 5405 Synagoga,
2983 5347 3198 5386 rursum
3233 5330 3332 5383 fuit
3362 5331 3411 5382 in
3446 5328 3568 5394 qui-

1999 5429 2097 5481 bus
2133 5428 2330 5490 fuerat,
2359 5427 2516 5481 medii
2549 5426 2805 5496 lcmporis
2828 5427 3032 5479 honore
3061 5432 3114 5477 et
3141 5422 3311 5491 gloria
3343 5426 3563 5485 propter

1998 5535 2150 5574 suam
2186 5517 2470 5572 stultitiam
2522 5517 2766 5571 multata.
2801 5514 2912 5568 lloc
2957 5528 3054 5568 nos
3084 5520 3138 5565 et
3173 5511 3285 5574 ipse
3319 5503 3568 5557 Salvator

1998 5609 2249 5677 docebat,
2284 5627 2404 5665 cum
2455 5611 2657 5663 diceret
2690 5627 2700 5660 :
2734 5626 2755 5658 ι
2795 5605 2930 5660 Cum
2985 5600 3294 5658 immundus
3345 5592 3567 5666 spiritus
