  <div class='ocr_page' id='page_1' title='image "/cluster/home/n/w/nwhite01/storage/ocr_20150623/71/hvd.32044073502007/037.png"; bbox 0 0 4002 6220; ppageno 0'>
   <div class='ocr_carea' id='block_1_1' title="bbox 402 385 3640 453">
    <p class='ocr_par' dir='ltr' id='par_1_1' title="bbox 402 385 3640 453">
     <span class='ocr_line' id='line_1_1' title="bbox 402 385 3640 453; baseline 0.001 -10"><span class='ocrx_word' id='word_1_1' title='bbox 402 385 474 443; x_wconf 76' lang='grc'><strong>63</strong></span> <span class='ocrx_word' id='word_1_2' title='bbox 1424 387 1481 444; x_wconf 91' lang='lat' dir='ltr'><strong>S.</strong></span> <span class='ocrx_word' id='word_1_3' title='bbox 1520 388 1795 443; x_wconf 73' lang='lat' dir='ltr'><strong>CYRILLI</strong></span> <span class='ocrx_word' id='word_1_4' title='bbox 1840 390 2308 445; x_wconf 72' lang='lat' dir='ltr'><strong>ALEXANDRINI</strong></span> <span class='ocrx_word' id='word_1_5' title='bbox 2351 390 2675 447; x_wconf 75' lang='lat' dir='ltr'><strong>AIIClllEP.</strong></span> <span class='ocrx_word' id='word_1_6' title='bbox 3254 446 3263 453; x_wconf 69' lang='grc'><em>,</em></span> <span class='ocrx_word' id='word_1_7' title='bbox 3576 388 3640 446; x_wconf 63' lang='lat' dir='ltr'><strong>6i</strong></span> 
     </span>
    </p>
   </div>
   <div class='ocr_carea' id='block_1_2' title="bbox 402 499 1978 574">
    <p class='ocr_par' dir='ltr' id='par_1_2' title="bbox 402 499 1973 574">
     <span class='ocr_line' id='line_1_2' title="bbox 402 499 1973 574; baseline 0.001 -18"><span class='ocrx_word' id='word_1_8' title='bbox 402 499 605 557; x_wconf 79' lang='lat' dir='ltr'><strong>exierit</strong></span> <span class='ocrx_word' id='word_1_9' title='bbox 632 499 700 555; x_wconf 88' lang='lat' dir='ltr'><strong>ab</strong></span> <span class='ocrx_word' id='word_1_10' title='bbox 725 499 963 567; x_wconf 84' lang='lat' dir='ltr'><strong>homine,</strong></span> <span class='ocrx_word' id='word_1_11' title='bbox 985 500 1222 556; x_wconf 90' lang='lat' dir='ltr'><strong>ambulat</strong></span> <span class='ocrx_word' id='word_1_12' title='bbox 1248 516 1341 572; x_wconf 87' lang='lat' dir='ltr'><strong>per</strong></span> <span class='ocrx_word' id='word_1_13' title='bbox 1376 504 1491 559; x_wconf 87' lang='lat' dir='ltr'><strong>loca</strong></span> <span class='ocrx_word' id='word_1_14' title='bbox 1523 506 1800 573; x_wconf 85' lang='lat' dir='ltr'><strong>iuaquosa,</strong></span> <span class='ocrx_word' id='word_1_15' title='bbox 1824 520 1973 574; x_wconf 69' lang='lat' dir='ltr'><strong>quaa-</strong></span> 
     </span>
    </p>
   </div>
   <div class='ocr_carea' id='block_1_3' title="bbox 2081 499 3646 574">
    <p class='ocr_par' dir='ltr' id='par_1_3' title="bbox 2081 501 3646 574">
     <span class='ocr_line' id='line_1_3' title="bbox 2081 501 3646 574; baseline 0 -19"><span class='ocrx_word' id='word_1_16' title='bbox 2081 503 2292 573; x_wconf 73' lang='grc' dir='ltr'>χάριτὸς</span> <span class='ocrx_word' id='word_1_17' title='bbox 2322 520 2380 555; x_wconf 89' lang='grc' dir='ltr'><strong>τε</strong></span> <span class='ocrx_word' id='word_1_18' title='bbox 2438 504 2533 557; x_wconf 81' lang='grc' dir='ltr'><strong>καὶ</strong></span> <span class='ocrx_word' id='word_1_19' title='bbox 2565 503 2805 572; x_wconf 85' lang='grc' dir='ltr'>ἀγάπης,</span> <span class='ocrx_word' id='word_1_20' title='bbox 2834 501 2926 556; x_wconf 76' lang='grc' dir='ltr'>καὶ</span> <span class='ocrx_word' id='word_1_21' title='bbox 2943 502 3133 572; x_wconf 80' lang='grc' dir='ltr'>σοφίας</span> <span class='ocrx_word' id='word_1_22' title='bbox 3161 502 3412 574; x_wconf 78' lang='grc' dir='ltr'><strong>νομικῆς.</strong></span> <span class='ocrx_word' id='word_1_23' title='bbox 3440 502 3646 556; x_wconf 79' lang='grc' dir='ltr'>Οὐκοῦν</span> 
     </span>
    </p>
   </div>
   <div class='ocr_carea' id='block_1_4' title="bbox 402 589 1976 659">
    <p class='ocr_par' dir='ltr' id='par_1_4' title="bbox 402 589 1976 659">
     <span class='ocr_line' id='line_1_4' title="bbox 402 589 1976 659; baseline 0.003 -18"><span class='ocrx_word' id='word_1_24' title='bbox 402 604 528 644; x_wconf 89' lang='lat' dir='ltr'><strong>rens</strong></span> <span class='ocrx_word' id='word_1_25' title='bbox 555 589 817 659; x_wconf 82' lang='lat' dir='ltr'><strong>requiem,</strong></span> <span class='ocrx_word' id='word_1_26' title='bbox 850 599 906 644; x_wconf 89' lang='lat' dir='ltr'><strong>et</strong></span> <span class='ocrx_word' id='word_1_27' title='bbox 938 606 1043 645; x_wconf 93' lang='lat' dir='ltr'><strong>non</strong></span> <span class='ocrx_word' id='word_1_28' title='bbox 1077 592 1299 646; x_wconf 79' lang='lat' dir='ltr'><strong>invenit.</strong></span> <span class='ocrx_word' id='word_1_29' title='bbox 1334 592 1485 647; x_wconf 83' lang='lat' dir='ltr'><strong>Tunc</strong></span> <span class='ocrx_word' id='word_1_30' title='bbox 1509 595 1639 647; x_wconf 90' lang='lat' dir='ltr'><strong>dicit</strong></span> <span class='ocrx_word' id='word_1_31' title='bbox 1669 612 1683 647; x_wconf 90' lang='lat'><strong>:</strong></span> <span class='ocrx_word' id='word_1_32' title='bbox 1715 593 1976 648; x_wconf 79' lang='lat' dir='ltr'><strong>Revertar</strong></span> 
     </span>
    </p>
   </div>
   <div class='ocr_carea' id='block_1_5' title="bbox 402 681 1976 748">
    <p class='ocr_par' dir='ltr' id='par_1_5' title="bbox 402 681 1976 748">
     <span class='ocr_line' id='line_1_5' title="bbox 402 681 1976 748; baseline 0.001 -13"><span class='ocrx_word' id='word_1_33' title='bbox 402 681 456 735; x_wconf 88' lang='lat' dir='ltr'><strong>in</strong></span> <span class='ocrx_word' id='word_1_34' title='bbox 502 682 715 735; x_wconf 91' lang='lat' dir='ltr'><strong>domum</strong></span> <span class='ocrx_word' id='word_1_35' title='bbox 767 694 973 748; x_wconf 88' lang='lat' dir='ltr'><strong>meam,</strong></span> <span class='ocrx_word' id='word_1_36' title='bbox 1011 684 1151 737; x_wconf 78' lang='lat' dir='ltr'><strong>unde</strong></span> <span class='ocrx_word' id='word_1_37' title='bbox 1195 685 1366 748; x_wconf 75' lang='lat' dir='ltr'><strong>exivi;</strong></span> <span class='ocrx_word' id='word_1_38' title='bbox 1411 695 1464 739; x_wconf 90' lang='lat' dir='ltr'><strong>et</strong></span> <span class='ocrx_word' id='word_1_39' title='bbox 1498 686 1719 739; x_wconf 91' lang='lat' dir='ltr'><strong>veniens</strong></span> <span class='ocrx_word' id='word_1_40' title='bbox 1771 684 1976 738; x_wconf 85' lang='lat' dir='ltr'><strong>invenit</strong></span> 
     </span>
    </p>
   </div>
   <div class='ocr_carea' id='block_1_6' title="bbox 400 771 1971 839">
    <p class='ocr_par' dir='ltr' id='par_1_6' title="bbox 400 771 1971 839">
     <span class='ocr_line' id='line_1_6' title="bbox 400 771 1971 839; baseline 0.003 -18"><span class='ocrx_word' id='word_1_41' title='bbox 400 778 704 832; x_wconf 80' lang='lat' dir='ltr'><strong>vacantem,</strong></span> <span class='ocrx_word' id='word_1_42' title='bbox 729 771 908 839; x_wconf 89' lang='lat' dir='ltr'><strong>scopis</strong></span> <span class='ocrx_word' id='word_1_43' title='bbox 936 774 1247 825; x_wconf 88' lang='lat' dir='ltr'><strong>mundatam</strong></span> <span class='ocrx_word' id='word_1_44' title='bbox 1277 781 1331 825; x_wconf 91' lang='lat' dir='ltr'><strong>et</strong></span> <span class='ocrx_word' id='word_1_45' title='bbox 1361 784 1633 825; x_wconf 89' lang='lat' dir='ltr'><strong>ornatam.</strong></span> <span class='ocrx_word' id='word_1_46' title='bbox 1662 772 1813 826; x_wconf 88' lang='lat' dir='ltr'><strong>Tunc</strong></span> <span class='ocrx_word' id='word_1_47' title='bbox 1838 772 1971 835; x_wconf 87' lang='lat' dir='ltr'><strong>abit,</strong></span> 
     </span>
    </p>
   </div>
   <div class='ocr_carea' id='block_1_7' title="bbox 403 861 1975 931">
    <p class='ocr_par' dir='ltr' id='par_1_7' title="bbox 403 861 1975 931">
     <span class='ocr_line' id='line_1_7' title="bbox 403 861 1975 931; baseline 0.002 -16"><span class='ocrx_word' id='word_1_48' title='bbox 403 871 458 915; x_wconf 92' lang='lat' dir='ltr'><strong>et</strong></span> <span class='ocrx_word' id='word_1_49' title='bbox 497 862 726 915; x_wconf 86' lang='lat' dir='ltr'><strong>assumit</strong></span> <span class='ocrx_word' id='word_1_50' title='bbox 772 871 975 929; x_wconf 84' lang='lat' dir='ltr'><strong>septem</strong></span> <span class='ocrx_word' id='word_1_51' title='bbox 1024 861 1156 916; x_wconf 91' lang='lat' dir='ltr'><strong>alios</strong></span> <span class='ocrx_word' id='word_1_52' title='bbox 1200 863 1421 931; x_wconf 85' lang='lat' dir='ltr'><strong>spiritus</strong></span> <span class='ocrx_word' id='word_1_53' title='bbox 1469 863 1757 931; x_wconf 83' lang='lat' dir='ltr'><strong>nequiores</strong></span> <span class='ocrx_word' id='word_1_54' title='bbox 1794 878 1883 927; x_wconf 88' lang='lat' dir='ltr'><strong>se,</strong></span> <span class='ocrx_word' id='word_1_55' title='bbox 1919 873 1975 918; x_wconf 88' lang='lat' dir='ltr'><strong>et</strong></span> 
     </span>
    </p>
   </div>
   <div class='ocr_carea' id='block_1_8' title="bbox 405 953 1973 1023">
    <p class='ocr_par' dir='ltr' id='par_1_8' title="bbox 405 953 1973 1023">
     <span class='ocr_line' id='line_1_8' title="bbox 405 953 1973 1023; baseline 0.003 -18"><span class='ocrx_word' id='word_1_56' title='bbox 405 954 635 1023; x_wconf 84' lang='lat' dir='ltr'><strong>ingressi</strong></span> <span class='ocrx_word' id='word_1_57' title='bbox 681 954 925 1008; x_wconf 87' lang='lat' dir='ltr'><strong>habitant</strong></span> <span class='ocrx_word' id='word_1_58' title='bbox 966 954 1072 1017; x_wconf 91' lang='lat' dir='ltr'><strong>ibi,</strong></span> <span class='ocrx_word' id='word_1_59' title='bbox 1117 962 1170 1007; x_wconf 88' lang='lat' dir='ltr'><strong>et</strong></span> <span class='ocrx_word' id='word_1_60' title='bbox 1212 953 1347 1007; x_wconf 86' lang='lat' dir='ltr'><strong>Iiunt</strong></span> <span class='ocrx_word' id='word_1_61' title='bbox 1396 955 1686 1008; x_wconf 90' lang='lat' dir='ltr'><strong>novissima</strong></span> <span class='ocrx_word' id='word_1_62' title='bbox 1739 954 1973 1010; x_wconf 87' lang='lat' dir='ltr'><strong>hominis</strong></span> 
     </span>
    </p>
   </div>
   <div class='ocr_carea' id='block_1_9' title="bbox 404 1040 1973 1111">
    <p class='ocr_par' dir='ltr' id='par_1_9' title="bbox 404 1040 1973 1111">
     <span class='ocr_line' id='line_1_9' title="bbox 404 1040 1973 1111; baseline 0.001 -18"><span class='ocrx_word' id='word_1_63' title='bbox 404 1040 548 1096; x_wconf 89' lang='lat' dir='ltr'><strong>illius</strong></span> <span class='ocrx_word' id='word_1_64' title='bbox 600 1040 781 1111; x_wconf 89' lang='lat' dir='ltr'><strong>pejora</strong></span> <span class='ocrx_word' id='word_1_65' title='bbox 826 1041 1119 1111; x_wconf 84' lang='lat' dir='ltr'><strong>prioribus.</strong></span> <span class='ocrx_word' id='word_1_66' title='bbox 1174 1042 1263 1096; x_wconf 91' lang='lat' dir='ltr'><strong>Sic</strong></span> <span class='ocrx_word' id='word_1_67' title='bbox 1310 1042 1413 1095; x_wconf 85' lang='lat' dir='ltr'><strong>erit</strong></span> <span class='ocrx_word' id='word_1_68' title='bbox 1463 1043 1797 1111; x_wconf 87' lang='lat' dir='ltr'><strong>gcucrationi</strong></span> <span class='ocrx_word' id='word_1_69' title='bbox 1851 1043 1973 1095; x_wconf 87' lang='lat' dir='ltr'><strong>huic</strong></span> 
     </span>
    </p>
   </div>
   <div class='ocr_carea' id='block_1_10' title="bbox 405 1132 1972 1204">
    <p class='ocr_par' dir='ltr' id='par_1_10' title="bbox 405 1132 1972 1204">
     <span class='ocr_line' id='line_1_10' title="bbox 405 1132 1972 1204; baseline 0.001 -19"><span class='ocrx_word' id='word_1_70' title='bbox 405 1134 652 1199; x_wconf 70' lang='lat' dir='ltr'><strong>pessimae</strong></span> <span class='ocrx_word' id='word_1_71' title='bbox 679 1134 778 1186; x_wconf 77' lang='grc'>⁸³.»</span> <span class='ocrx_word' id='word_1_72' title='bbox 804 1132 993 1187; x_wconf 86' lang='lat' dir='ltr'><strong>Adhuc</strong></span> <span class='ocrx_word' id='word_1_73' title='bbox 1010 1134 1154 1187; x_wconf 91' lang='lat' dir='ltr'><strong>enim</strong></span> <span class='ocrx_word' id='word_1_74' title='bbox 1186 1133 1236 1186; x_wconf 94' lang='lat' dir='ltr'><strong>in</strong></span> <span class='ocrx_word' id='word_1_75' title='bbox 1265 1132 1499 1204; x_wconf 58' lang='lat' dir='ltr'><strong>zEgypto</strong></span> <span class='ocrx_word' id='word_1_76' title='bbox 1520 1133 1972 1187; x_wconf 85' lang='lat' dir='ltr'><strong>commurantibus</strong></span> 
     </span>
    </p>
   </div>
   <div class='ocr_carea' id='block_1_11' title="bbox 402 1222 1973 1293">
    <p class='ocr_par' dir='ltr' id='par_1_11' title="bbox 402 1222 1973 1293">
     <span class='ocr_line' id='line_1_11' title="bbox 402 1222 1973 1293; baseline 0.001 -18"><span class='ocrx_word' id='word_1_77' title='bbox 402 1222 661 1278; x_wconf 72' lang='lat' dir='ltr'><strong>Israelitis</strong></span> <span class='ocrx_word' id='word_1_78' title='bbox 685 1224 907 1292; x_wconf 88' lang='lat' dir='ltr'><strong>spiritus</strong></span> <span class='ocrx_word' id='word_1_79' title='bbox 929 1240 1157 1293; x_wconf 87' lang='lat' dir='ltr'><strong>nequam</strong></span> <span class='ocrx_word' id='word_1_80' title='bbox 1191 1224 1243 1278; x_wconf 91' lang='lat' dir='ltr'><strong>in</strong></span> <span class='ocrx_word' id='word_1_81' title='bbox 1279 1225 1430 1293; x_wconf 87' lang='lat' dir='ltr'><strong>ipsis,</strong></span> <span class='ocrx_word' id='word_1_82' title='bbox 1472 1224 1844 1279; x_wconf 89' lang='lat' dir='ltr'><strong>utidololalris</strong></span> <span class='ocrx_word' id='word_1_83' title='bbox 1878 1225 1973 1277; x_wconf 75' lang='lat' dir='ltr'><strong>ha—</strong></span> 
     </span>
    </p>
   </div>
   <div class='ocr_carea' id='block_1_12' title="bbox 405 1314 1969 1387">
    <p class='ocr_par' dir='ltr' id='par_1_12' title="bbox 405 1314 1969 1387">
     <span class='ocr_line' id='line_1_12' title="bbox 405 1314 1969 1387; baseline 0 -18"><span class='ocrx_word' id='word_1_84' title='bbox 405 1316 631 1370; x_wconf 88' lang='lat' dir='ltr'><strong>bitabat.</strong></span> <span class='ocrx_word' id='word_1_85' title='bbox 676 1314 783 1371; x_wconf 91' lang='lat' dir='ltr'><strong>Sed</strong></span> <span class='ocrx_word' id='word_1_86' title='bbox 814 1315 1019 1384; x_wconf 86' lang='lat' dir='ltr'><strong>ejectus</strong></span> <span class='ocrx_word' id='word_1_87' title='bbox 1057 1325 1139 1371; x_wconf 90' lang='lat' dir='ltr'><strong>est</strong></span> <span class='ocrx_word' id='word_1_88' title='bbox 1168 1325 1388 1385; x_wconf 88' lang='lat' dir='ltr'><strong>postea;</strong></span> <span class='ocrx_word' id='word_1_89' title='bbox 1422 1331 1519 1385; x_wconf 90' lang='lat' dir='ltr'><strong>per</strong></span> <span class='ocrx_word' id='word_1_90' title='bbox 1564 1317 1781 1387; x_wconf 82' lang='lat' dir='ltr'><strong>Moysen</strong></span> <span class='ocrx_word' id='word_1_91' title='bbox 1828 1317 1969 1369; x_wconf 90' lang='lat' dir='ltr'><strong>enim</strong></span> 
     </span>
    </p>
   </div>
   <div class='ocr_carea' id='block_1_13' title="bbox 402 1406 1970 1478">
    <p class='ocr_par' dir='ltr' id='par_1_13' title="bbox 402 1406 1970 1478">
     <span class='ocr_line' id='line_1_13' title="bbox 402 1406 1970 1478; baseline 0.001 -19"><span class='ocrx_word' id='word_1_92' title='bbox 402 1408 467 1460; x_wconf 89' lang='lat' dir='ltr'><strong>ad</strong></span> <span class='ocrx_word' id='word_1_93' title='bbox 504 1408 861 1478; x_wconf 82' lang='lat' dir='ltr'><strong>cognitionem</strong></span> <span class='ocrx_word' id='word_1_94' title='bbox 908 1407 1003 1461; x_wconf 89' lang='lat' dir='ltr'><strong>Dei</strong></span> <span class='ocrx_word' id='word_1_95' title='bbox 1053 1407 1225 1462; x_wconf 79' lang='lat' dir='ltr'><strong>vocati</strong></span> <span class='ocrx_word' id='word_1_96' title='bbox 1272 1418 1417 1461; x_wconf 91' lang='lat' dir='ltr'><strong>sunt.</strong></span> <span class='ocrx_word' id='word_1_97' title='bbox 1466 1406 1756 1476; x_wconf 84' lang='lat' dir='ltr'><strong>Postquam</strong></span> <span class='ocrx_word' id='word_1_98' title='bbox 1791 1418 1970 1461; x_wconf 88' lang='lat' dir='ltr'><strong>autem</strong></span> 
     </span>
    </p>
   </div>
   <div class='ocr_carea' id='block_1_14' title="bbox 403 1496 1973 1564">
    <p class='ocr_par' dir='ltr' id='par_1_14' title="bbox 403 1496 1973 1564">
     <span class='ocr_line' id='line_1_14' title="bbox 403 1496 1973 1564; baseline 0.001 -14"><span class='ocrx_word' id='word_1_99' title='bbox 403 1496 690 1553; x_wconf 90' lang='lat' dir='ltr'><strong>Dominum</strong></span> <span class='ocrx_word' id='word_1_100' title='bbox 741 1498 1086 1564; x_wconf 76' lang='lat' dir='ltr'><strong>occiderunt,</strong></span> <span class='ocrx_word' id='word_1_101' title='bbox 1141 1507 1196 1552; x_wconf 89' lang='lat' dir='ltr'><strong>et</strong></span> <span class='ocrx_word' id='word_1_102' title='bbox 1243 1498 1388 1552; x_wconf 90' lang='lat' dir='ltr'><strong>mille</strong></span> <span class='ocrx_word' id='word_1_103' title='bbox 1434 1512 1493 1552; x_wconf 92' lang='lat' dir='ltr'><strong>se</strong></span> <span class='ocrx_word' id='word_1_104' title='bbox 1539 1497 1832 1552; x_wconf 88' lang='lat' dir='ltr'><strong>sceleribus</strong></span> <span class='ocrx_word' id='word_1_105' title='bbox 1875 1498 1973 1551; x_wconf 90' lang='lat' dir='ltr'><strong>ob-</strong></span> 
     </span>
    </p>
   </div>
   <div class='ocr_carea' id='block_1_15' title="bbox 403 1587 1970 1657">
    <p class='ocr_par' dir='ltr' id='par_1_15' title="bbox 403 1587 1970 1657">
     <span class='ocr_line' id='line_1_15' title="bbox 403 1587 1970 1657; baseline 0.001 -17"><span class='ocrx_word' id='word_1_106' title='bbox 403 1587 762 1653; x_wconf 80' lang='lat' dir='ltr'><strong>strinxerunt,</strong></span> <span class='ocrx_word' id='word_1_107' title='bbox 789 1588 933 1642; x_wconf 88' lang='lat' dir='ltr'><strong>facta</strong></span> <span class='ocrx_word' id='word_1_108' title='bbox 963 1598 1088 1643; x_wconf 90' lang='lat' dir='ltr'><strong>sunt</strong></span> <span class='ocrx_word' id='word_1_109' title='bbox 1117 1588 1222 1644; x_wconf 88' lang='lat' dir='ltr'><strong>illis</strong></span> <span class='ocrx_word' id='word_1_110' title='bbox 1247 1588 1537 1643; x_wconf 83' lang='lat' dir='ltr'><strong>novissima</strong></span> <span class='ocrx_word' id='word_1_111' title='bbox 1569 1588 1748 1657; x_wconf 84' lang='lat' dir='ltr'><strong>pejora</strong></span> <span class='ocrx_word' id='word_1_112' title='bbox 1774 1589 1970 1657; x_wconf 86' lang='lat' dir='ltr'><strong>priori-</strong></span> 
     </span>
    </p>
   </div>
   <div class='ocr_carea' id='block_1_16' title="bbox 2076 592 3648 664">
    <p class='ocr_par' dir='ltr' id='par_1_16' title="bbox 2076 592 3648 664">
     <span class='ocr_line' id='line_1_16' title="bbox 2076 592 3648 664; baseline 0.002 -22"><span class='ocrx_word' id='word_1_113' title='bbox 2076 593 2156 654; x_wconf 88' lang='grc' dir='ltr'><strong>εἰς</strong></span> <span class='ocrx_word' id='word_1_114' title='bbox 2190 592 2554 662; x_wconf 83' lang='grc' dir='ltr'>ὑποστροφὴν,</span> <span class='ocrx_word' id='word_1_115' title='bbox 2594 593 2687 645; x_wconf 74' lang='grc' dir='ltr'><strong>καὶ</strong></span> <span class='ocrx_word' id='word_1_116' title='bbox 2711 593 2903 645; x_wconf 87' lang='grc' dir='ltr'>άνόπιν</span> <span class='ocrx_word' id='word_1_117' title='bbox 2940 593 3129 664; x_wconf 84' lang='grc' dir='ltr'>ὥσπερ</span> <span class='ocrx_word' id='word_1_118' title='bbox 3159 592 3332 657; x_wconf 76' lang='grc' dir='ltr'>ἰοῦσα,</span> <span class='ocrx_word' id='word_1_119' title='bbox 3382 592 3541 646; x_wconf 87' lang='grc' dir='ltr'>πάλιν</span> <span class='ocrx_word' id='word_1_120' title='bbox 3592 595 3648 645; x_wconf 83' lang='grc' dir='ltr'>ὲν</span> 
     </span>
    </p>
   </div>
   <div class='ocr_carea' id='block_1_17' title="bbox 2075 678 3650 754">
    <p class='ocr_par' dir='ltr' id='par_1_17' title="bbox 2075 678 3650 754">
     <span class='ocr_line' id='line_1_17' title="bbox 2075 678 3650 754; baseline 0.002 -20"><span class='ocrx_word' id='word_1_121' title='bbox 2075 678 2155 745; x_wconf 73' lang='grc' dir='ltr'>οἷς</span> <span class='ocrx_word' id='word_1_122' title='bbox 2183 678 2250 752; x_wconf 84' lang='grc' dir='ltr'><strong>ἦν</strong></span> <span class='ocrx_word' id='word_1_123' title='bbox 2281 683 2501 751; x_wconf 85' lang='grc' dir='ltr'>γέγονεν</span> <span class='ocrx_word' id='word_1_124' title='bbox 2560 685 2592 751; x_wconf 81' lang='grc' dir='ltr'>ἡ</span> <span class='ocrx_word' id='word_1_125' title='bbox 2628 683 2943 754; x_wconf 80' lang='grc' dir='ltr'>Συναγωγὴ,</span> <span class='ocrx_word' id='word_1_126' title='bbox 2986 683 3086 753; x_wconf 81' lang='grc' dir='ltr'><strong>τὴν</strong></span> <span class='ocrx_word' id='word_1_127' title='bbox 3132 680 3336 753; x_wconf 79' lang='grc' dir='ltr'>μεταξὺ</span> <span class='ocrx_word' id='word_1_128' title='bbox 3380 684 3546 753; x_wconf 86' lang='grc' dir='ltr'>τιμήν</span> <span class='ocrx_word' id='word_1_129' title='bbox 3588 700 3650 737; x_wconf 78' lang='grc' dir='ltr'><strong>τε</strong></span> 
     </span>
    </p>
   </div>
   <div class='ocr_carea' id='block_1_18' title="bbox 2074 774 3651 845">
    <p class='ocr_par' dir='ltr' id='par_1_18' title="bbox 2074 774 3651 845">
     <span class='ocr_line' id='line_1_18' title="bbox 2074 774 3651 845; baseline 0.001 -20"><span class='ocrx_word' id='word_1_130' title='bbox 2074 774 2169 827; x_wconf 69' lang='grc' dir='ltr'>καὶ</span> <span class='ocrx_word' id='word_1_131' title='bbox 2194 774 2351 838; x_wconf 84' lang='grc' dir='ltr'>δόξαν</span> <span class='ocrx_word' id='word_1_132' title='bbox 2382 775 2441 838; x_wconf 76' lang='grc' dir='ltr'><strong>ἐξ</strong></span> <span class='ocrx_word' id='word_1_133' title='bbox 2472 775 2707 845; x_wconf 81' lang='grc' dir='ltr'>ἀμαθίας</span> <span class='ocrx_word' id='word_1_134' title='bbox 2741 774 3100 845; x_wconf 78' lang='grc' dir='ltr'>ζημιουμένη.</span> <span class='ocrx_word' id='word_1_135' title='bbox 3146 774 3313 828; x_wconf 84' lang='grc' dir='ltr'>Τοῦτο</span> <span class='ocrx_word' id='word_1_136' title='bbox 3367 776 3460 829; x_wconf 80' lang='grc' dir='ltr'><strong>καὶ</strong></span> <span class='ocrx_word' id='word_1_137' title='bbox 3489 774 3651 837; x_wconf 76' lang='grc' dir='ltr'>αὐτὸς</span> 
     </span>
    </p>
   </div>
   <div class='ocr_carea' id='block_1_19' title="bbox 2074 865 3652 937">
    <p class='ocr_par' dir='ltr' id='par_1_19' title="bbox 2074 865 3652 937">
     <span class='ocr_line' id='line_1_19' title="bbox 2074 865 3652 937; baseline 0.001 -19"><span class='ocrx_word' id='word_1_138' title='bbox 2074 866 2221 935; x_wconf 76' lang='grc' dir='ltr'>ἡμᾶς</span> <span class='ocrx_word' id='word_1_139' title='bbox 2282 867 2557 919; x_wconf 78' lang='grc' dir='ltr'>ἐδίδασκεν</span> <span class='ocrx_word' id='word_1_140' title='bbox 2615 866 2643 917; x_wconf 84' lang='grc' dir='ltr'><strong>ὁ</strong></span> <span class='ocrx_word' id='word_1_141' title='bbox 2690 868 2899 937; x_wconf 85' lang='grc' dir='ltr'>Σωτὴρ,</span> <span class='ocrx_word' id='word_1_142' title='bbox 2932 866 3140 935; x_wconf 87' lang='grc' dir='ltr'>λέγων·</span> <span class='ocrx_word' id='word_1_143' title='bbox 3210 884 3229 917; x_wconf 74' lang='grc' dir='ltr'><strong>ι</strong></span> <span class='ocrx_word' id='word_1_144' title='bbox 3257 868 3427 920; x_wconf 84' lang='grc' dir='ltr'>Ὅταν</span> <span class='ocrx_word' id='word_1_145' title='bbox 3478 867 3535 919; x_wconf 83' lang='grc' dir='ltr'>δὲ</span> <span class='ocrx_word' id='word_1_146' title='bbox 3592 865 3652 919; x_wconf 77' lang='grc' dir='ltr'>τὸ</span> 
     </span>
    </p>
   </div>
   <div class='ocr_carea' id='block_1_20' title="bbox 2074 956 3650 1029">
    <p class='ocr_par' dir='ltr' id='par_1_20' title="bbox 2074 956 3650 1029">
     <span class='ocr_line' id='line_1_20' title="bbox 2074 956 3650 1029; baseline -0.001 -20"><span class='ocrx_word' id='word_1_147' title='bbox 2074 956 2383 1025; x_wconf 82' lang='grc' dir='ltr'><strong>ἀκάθαρτον</strong></span> <span class='ocrx_word' id='word_1_148' title='bbox 2416 957 2633 1027; x_wconf 83' lang='grc' dir='ltr'>πνεῦμα</span> <span class='ocrx_word' id='word_1_149' title='bbox 2664 956 2853 1029; x_wconf 76' lang='grc' dir='ltr'>ἐξέλθῃ</span> <span class='ocrx_word' id='word_1_150' title='bbox 2880 958 2989 1011; x_wconf 85' lang='grc' dir='ltr'><strong>ἀπὸ</strong></span> <span class='ocrx_word' id='word_1_151' title='bbox 3019 956 3112 1010; x_wconf 84' lang='grc' dir='ltr'>τοῦ</span> <span class='ocrx_word' id='word_1_152' title='bbox 3150 956 3464 1026; x_wconf 79' lang='grc' dir='ltr'>ἀνθρώπου,</span> <span class='ocrx_word' id='word_1_153' title='bbox 3500 957 3650 1026; x_wconf 82' lang='grc' dir='ltr'>διέρ-</span> 
     </span>
    </p>
   </div>
   <div class='ocr_carea' id='block_1_21' title="bbox 2074 1047 3650 1119">
    <p class='ocr_par' dir='ltr' id='par_1_21' title="bbox 2074 1047 3650 1119">
     <span class='ocr_line' id='line_1_21' title="bbox 2074 1047 3650 1119; baseline 0.001 -21"><span class='ocrx_word' id='word_1_154' title='bbox 2074 1065 2224 1115; x_wconf 87' lang='grc' dir='ltr'>χεται</span> <span class='ocrx_word' id='word_1_155' title='bbox 2251 1047 2317 1099; x_wconf 90' lang='grc' dir='ltr'>δι’</span> <span class='ocrx_word' id='word_1_156' title='bbox 2348 1047 2591 1118; x_wconf 86' lang='grc' dir='ltr'><strong>ἀνύδρων</strong></span> <span class='ocrx_word' id='word_1_157' title='bbox 2622 1047 2821 1111; x_wconf 88' lang='grc' dir='ltr'>τόπων,</span> <span class='ocrx_word' id='word_1_158' title='bbox 2847 1047 3043 1119; x_wconf 79' lang='grc' dir='ltr'><strong>ζητοῦν</strong></span> <span class='ocrx_word' id='word_1_159' title='bbox 3077 1048 3401 1108; x_wconf 88' lang='grc' dir='ltr'>ἀνάπαυσιν.</span> <span class='ocrx_word' id='word_1_160' title='bbox 3426 1048 3519 1101; x_wconf 71' lang='grc' dir='ltr'>καὶ</span> <span class='ocrx_word' id='word_1_161' title='bbox 3552 1048 3650 1117; x_wconf 87' lang='grc' dir='ltr'><strong>οὐχ</strong></span> 
     </span>
    </p>
   </div>
   <div class='ocr_carea' id='block_1_22' title="bbox 2074 1130 3653 1206">
    <p class='ocr_par' dir='ltr' id='par_1_22' title="bbox 2074 1130 3653 1206">
     <span class='ocr_line' id='line_1_22' title="bbox 2074 1130 3653 1206; baseline 0 -19"><span class='ocrx_word' id='word_1_162' title='bbox 2074 1135 2336 1205; x_wconf 76' lang='grc' dir='ltr'><strong>εὑρίσκει.</strong></span> <span class='ocrx_word' id='word_1_163' title='bbox 2371 1137 2503 1189; x_wconf 88' lang='grc' dir='ltr'>Τότε</span> <span class='ocrx_word' id='word_1_164' title='bbox 2536 1136 2707 1204; x_wconf 82' lang='grc' dir='ltr'>λέγει,</span> <span class='ocrx_word' id='word_1_165' title='bbox 2747 1136 3093 1206; x_wconf 76' lang='grc' dir='ltr'>Ἐπιστρέψω</span> <span class='ocrx_word' id='word_1_166' title='bbox 3116 1138 3196 1199; x_wconf 87' lang='grc' dir='ltr'><strong>εἰς</strong></span> <span class='ocrx_word' id='word_1_167' title='bbox 3227 1138 3319 1190; x_wconf 87' lang='grc' dir='ltr'><strong>τὸν</strong></span> <span class='ocrx_word' id='word_1_168' title='bbox 3360 1130 3511 1189; x_wconf 72' lang='grc' dir='ltr'>οἶκόν</span> <span class='ocrx_word' id='word_1_169' title='bbox 3549 1153 3653 1204; x_wconf 81' lang='grc' dir='ltr'><strong>μου</strong></span> 
     </span>
    </p>
   </div>
   <div class='ocr_carea' id='block_1_23' title="bbox 2073 1226 3649 1298">
    <p class='ocr_par' dir='ltr' id='par_1_23' title="bbox 2073 1226 3649 1298">
     <span class='ocr_line' id='line_1_23' title="bbox 2073 1226 3649 1298; baseline 0.001 -20"><span class='ocrx_word' id='word_1_170' title='bbox 2073 1226 2191 1278; x_wconf 83' lang='grc' dir='ltr'>ὅθεν</span> <span class='ocrx_word' id='word_1_171' title='bbox 2214 1226 2456 1294; x_wconf 70' lang='grc' dir='ltr'>ἐξῆλθον*</span> <span class='ocrx_word' id='word_1_172' title='bbox 2500 1228 2593 1280; x_wconf 75' lang='grc' dir='ltr'>καὶ</span> <span class='ocrx_word' id='word_1_173' title='bbox 2623 1228 2775 1281; x_wconf 79' lang='grc' dir='ltr'>ἐλθὸν</span> <span class='ocrx_word' id='word_1_174' title='bbox 2805 1228 3049 1298; x_wconf 81' lang='grc' dir='ltr'><strong>εὑρίσκει</strong></span> <span class='ocrx_word' id='word_1_175' title='bbox 3086 1227 3435 1298; x_wconf 77' lang='grc' dir='ltr'>σχολάζοντα,</span> <span class='ocrx_word' id='word_1_176' title='bbox 3482 1244 3649 1280; x_wconf 88' lang='grc' dir='ltr'>σεσα-</span> 
     </span>
    </p>
   </div>
   <div class='ocr_carea' id='block_1_24' title="bbox 2076 1319 3655 1390">
    <p class='ocr_par' dir='ltr' id='par_1_24' title="bbox 2076 1319 3655 1390">
     <span class='ocr_line' id='line_1_24' title="bbox 2076 1319 3655 1390; baseline 0.002 -21"><span class='ocrx_word' id='word_1_177' title='bbox 2076 1319 2336 1387; x_wconf 88' lang='grc' dir='ltr'>ρωμένον,</span> <span class='ocrx_word' id='word_1_178' title='bbox 2384 1319 2478 1371; x_wconf 78' lang='grc' dir='ltr'><strong>καὶ</strong></span> <span class='ocrx_word' id='word_1_179' title='bbox 2531 1320 2961 1390; x_wconf 85' lang='grc' dir='ltr'><strong>κεκοσμημένον.</strong></span> <span class='ocrx_word' id='word_1_180' title='bbox 3018 1320 3152 1372; x_wconf 80' lang='grc' dir='ltr'>Τότε</span> <span class='ocrx_word' id='word_1_181' title='bbox 3197 1320 3509 1390; x_wconf 86' lang='grc' dir='ltr'>πορεύεται,</span> <span class='ocrx_word' id='word_1_182' title='bbox 3560 1319 3655 1374; x_wconf 80' lang='grc' dir='ltr'><strong>καί</strong></span> 
     </span>
    </p>
   </div>
   <div class='ocr_carea' id='block_1_25' title="bbox 2073 1408 3654 1482">
    <p class='ocr_par' dir='ltr' id='par_1_25' title="bbox 2073 1408 3654 1482">
     <span class='ocr_line' id='line_1_25' title="bbox 2073 1408 3654 1482; baseline 0.002 -22"><span class='ocrx_word' id='word_1_183' title='bbox 2073 1408 2490 1478; x_wconf 80' lang='grc' dir='ltr'>παραλαμϐάνει</span> <span class='ocrx_word' id='word_1_184' title='bbox 2552 1410 2691 1464; x_wconf 77' lang='grc' dir='ltr'>ἑπτά</span> <span class='ocrx_word' id='word_1_185' title='bbox 2746 1411 2910 1482; x_wconf 69' lang='grc' dir='ltr'>ἕτερα</span> <span class='ocrx_word' id='word_1_186' title='bbox 2976 1410 3264 1479; x_wconf 83' lang='grc' dir='ltr'>πνεύματα</span> <span class='ocrx_word' id='word_1_187' title='bbox 3316 1411 3654 1481; x_wconf 84' lang='grc' dir='ltr'>πονηρότερα</span> 
     </span>
    </p>
   </div>
   <div class='ocr_carea' id='block_1_26' title="bbox 2074 1498 3656 1569">
    <p class='ocr_par' dir='ltr' id='par_1_26' title="bbox 2074 1498 3656 1569">
     <span class='ocr_line' id='line_1_26' title="bbox 2074 1498 3656 1569; baseline 0.001 -19"><span class='ocrx_word' id='word_1_188' title='bbox 2074 1498 2289 1559; x_wconf 77' lang='grc' dir='ltr'>ἑαυτοῦ.</span> <span class='ocrx_word' id='word_1_189' title='bbox 2320 1499 2412 1552; x_wconf 77' lang='grc' dir='ltr'><strong>καὶ</strong></span> <span class='ocrx_word' id='word_1_190' title='bbox 2443 1498 2752 1554; x_wconf 77' lang='grc' dir='ltr'>εἰσελθόντα</span> <span class='ocrx_word' id='word_1_191' title='bbox 2774 1504 3021 1555; x_wconf 86' lang='grc' dir='ltr'>κατοικεῖ</span> <span class='ocrx_word' id='word_1_192' title='bbox 3052 1502 3168 1555; x_wconf 78' lang='grc' dir='ltr'>ἐκεῖ</span> <span class='ocrx_word' id='word_1_193' title='bbox 3188 1518 3203 1533; x_wconf 88' lang='grc'><strong>·</strong></span> <span class='ocrx_word' id='word_1_194' title='bbox 3236 1500 3330 1555; x_wconf 79' lang='grc' dir='ltr'>καὶ</span> <span class='ocrx_word' id='word_1_195' title='bbox 3360 1499 3656 1569; x_wconf 88' lang='grc' dir='ltr'>γίνεταιτά</span> 
     </span>
    </p>
   </div>
   <div class='ocr_carea' id='block_1_27' title="bbox 2072 1588 3654 1663">
    <p class='ocr_par' dir='ltr' id='par_1_27' title="bbox 2072 1588 3654 1663">
     <span class='ocr_line' id='line_1_27' title="bbox 2072 1588 3654 1663; baseline 0.001 -22"><span class='ocrx_word' id='word_1_196' title='bbox 2072 1588 2273 1658; x_wconf 79' lang='grc' dir='ltr'>ἔσχατα</span> <span class='ocrx_word' id='word_1_197' title='bbox 2302 1589 2397 1644; x_wconf 76' lang='grc' dir='ltr'>τοῦ</span> <span class='ocrx_word' id='word_1_198' title='bbox 2430 1590 2715 1661; x_wconf 81' lang='grc' dir='ltr'>ἀνθρώπου</span> <span class='ocrx_word' id='word_1_199' title='bbox 2747 1590 2954 1645; x_wconf 77' lang='grc' dir='ltr'>ἐκείνου</span> <span class='ocrx_word' id='word_1_200' title='bbox 2984 1590 3204 1663; x_wconf 87' lang='grc' dir='ltr'>χείρονα</span> <span class='ocrx_word' id='word_1_201' title='bbox 3251 1589 3359 1643; x_wconf 88' lang='grc' dir='ltr'><strong>τῶν</strong></span> <span class='ocrx_word' id='word_1_202' title='bbox 3402 1589 3654 1659; x_wconf 84' lang='grc' dir='ltr'>πρώτων.</span> 
     </span>
    </p>
   </div>
   <div class='ocr_carea' id='block_1_28' title="bbox 401 1674 1978 1753">
    <p class='ocr_par' dir='ltr' id='par_1_28' title="bbox 401 1674 1972 1745">
     <span class='ocr_line' id='line_1_28' title="bbox 401 1674 1972 1745; baseline 0 -14"><span class='ocrx_word' id='word_1_203' title='bbox 401 1679 527 1742; x_wconf 86' lang='lat' dir='ltr'><strong>bus,</strong></span> <span class='ocrx_word' id='word_1_204' title='bbox 559 1691 663 1730; x_wconf 88' lang='lat' dir='ltr'><strong>non</strong></span> <span class='ocrx_word' id='word_1_205' title='bbox 696 1691 805 1729; x_wconf 92' lang='lat' dir='ltr'><strong>uno</strong></span> <span class='ocrx_word' id='word_1_206' title='bbox 845 1685 1078 1742; x_wconf 91' lang='lat' dir='ltr'><strong>tantum,</strong></span> <span class='ocrx_word' id='word_1_207' title='bbox 1121 1678 1215 1731; x_wconf 92' lang='lat' dir='ltr'><strong>sed</strong></span> <span class='ocrx_word' id='word_1_208' title='bbox 1260 1690 1421 1745; x_wconf 90' lang='lat' dir='ltr'><strong>grege</strong></span> <span class='ocrx_word' id='word_1_209' title='bbox 1460 1674 1771 1729; x_wconf 71' lang='lat' dir='ltr'><strong>daemonum</strong></span> <span class='ocrx_word' id='word_1_210' title='bbox 1827 1676 1972 1745; x_wconf 89' lang='lat' dir='ltr'><strong>ipsos</strong></span> 
     </span>
    </p>
   </div>
   <div class='ocr_carea' id='block_1_29' title="bbox 2081 1674 3658 1753">
    <p class='ocr_par' dir='ltr' id='par_1_29' title="bbox 2081 1678 3658 1753">
     <span class='ocr_line' id='line_1_29' title="bbox 2081 1678 3658 1753; baseline 0 -23"><span class='ocrx_word' id='word_1_211' title='bbox 2081 1678 2261 1744; x_wconf 79' lang='grc' dir='ltr'>Οὕτως</span> <span class='ocrx_word' id='word_1_212' title='bbox 2292 1680 2445 1733; x_wconf 76' lang='grc' dir='ltr'>ἔσται</span> <span class='ocrx_word' id='word_1_213' title='bbox 2468 1682 2711 1752; x_wconf 79' lang='grc' dir='ltr'>τῇγενεᾷ</span> <span class='ocrx_word' id='word_1_214' title='bbox 2740 1679 2913 1753; x_wconf 83' lang='grc' dir='ltr'>ταύτῃ</span> <span class='ocrx_word' id='word_1_215' title='bbox 2941 1684 3007 1751; x_wconf 80' lang='grc' dir='ltr'>τῇ</span> <span class='ocrx_word' id='word_1_216' title='bbox 3046 1682 3281 1751; x_wconf 79' lang='grc' dir='ltr'>πονηρᾷ.</span> <span class='ocrx_word' id='word_1_217' title='bbox 3314 1699 3333 1732; x_wconf 74' lang='grc' dir='ltr'><strong>ι</strong></span> <span class='ocrx_word' id='word_1_218' title='bbox 3395 1681 3518 1732; x_wconf 85' lang='grc' dir='ltr'>Ἔτι</span> <span class='ocrx_word' id='word_1_219' title='bbox 3558 1679 3658 1748; x_wconf 83' lang='grc' dir='ltr'>μὲν</span> 
     </span>
    </p>
   </div>
   <div class='ocr_carea' id='block_1_30' title="bbox 408 1764 1978 1840">
    <p class='ocr_par' dir='ltr' id='par_1_30' title="bbox 408 1764 1969 1834">
     <span class='ocr_line' id='line_1_30' title="bbox 408 1764 1969 1834; baseline 0 -14"><span class='ocrx_word' id='word_1_220' title='bbox 408 1768 768 1821; x_wconf 88' lang='lat' dir='ltr'><strong>inhabitanle.</strong></span> <span class='ocrx_word' id='word_1_221' title='bbox 801 1767 993 1820; x_wconf 85' lang='lat' dir='ltr'><strong>Anima</strong></span> <span class='ocrx_word' id='word_1_222' title='bbox 1025 1767 1169 1820; x_wconf 91' lang='lat' dir='ltr'><strong>enim</strong></span> <span class='ocrx_word' id='word_1_223' title='bbox 1198 1780 1318 1820; x_wconf 89' lang='lat' dir='ltr'><strong>cum</strong></span> <span class='ocrx_word' id='word_1_224' title='bbox 1351 1764 1591 1820; x_wconf 72' lang='lat' dir='ltr'><strong>cmlestis</strong></span> <span class='ocrx_word' id='word_1_225' title='bbox 1624 1766 1810 1834; x_wconf 69' lang='lat' dir='ltr'><strong>gratia:</strong></span> <span class='ocrx_word' id='word_1_226' title='bbox 1851 1782 1969 1820; x_wconf 90' lang='lat' dir='ltr'><strong>mu-</strong></span> 
     </span>
    </p>
   </div>
   <div class='ocr_carea' id='block_1_31' title="bbox 2081 1764 3658 1840">
    <p class='ocr_par' dir='ltr' id='par_1_31' title="bbox 2081 1767 3658 1840">
     <span class='ocr_line' id='line_1_31' title="bbox 2081 1767 3658 1840; baseline -0.002 -19"><span class='ocrx_word' id='word_1_227' title='bbox 2081 1769 2179 1837; x_wconf 85' lang='grc' dir='ltr'><strong>γάρ</strong></span> <span class='ocrx_word' id='word_1_228' title='bbox 2208 1770 2265 1821; x_wconf 82' lang='grc' dir='ltr'>ὲν</span> <span class='ocrx_word' id='word_1_229' title='bbox 2296 1768 2556 1839; x_wconf 83' lang='grc' dir='ltr'>Αἰγύπτῳ</span> <span class='ocrx_word' id='word_1_230' title='bbox 2604 1770 2941 1840; x_wconf 90' lang='grc' dir='ltr'>διατρίϐουσι</span> <span class='ocrx_word' id='word_1_231' title='bbox 2981 1772 3096 1833; x_wconf 85' lang='grc' dir='ltr'>τοῖς</span> <span class='ocrx_word' id='word_1_232' title='bbox 3156 1768 3217 1832; x_wconf 78' lang='grc' dir='ltr'><strong>ἐξ</strong></span> <span class='ocrx_word' id='word_1_233' title='bbox 3275 1767 3512 1838; x_wconf 82' lang='grc' dir='ltr'>Ἰσραὴλ,</span> <span class='ocrx_word' id='word_1_234' title='bbox 3568 1769 3658 1818; x_wconf 81' lang='grc' dir='ltr'><strong>ὲν-</strong></span> 
     </span>
    </p>
   </div>
   <div class='ocr_carea' id='block_1_32' title="bbox 402 1856 1978 1935">
    <p class='ocr_par' dir='ltr' id='par_1_32' title="bbox 402 1856 1896 1927">
     <span class='ocr_line' id='line_1_32' title="bbox 402 1856 1896 1927; baseline -0.001 -16"><span class='ocrx_word' id='word_1_235' title='bbox 402 1858 700 1911; x_wconf 88' lang='lat' dir='ltr'><strong>nimentum</strong></span> <span class='ocrx_word' id='word_1_236' title='bbox 740 1856 1022 1927; x_wconf 89' lang='lat' dir='ltr'><strong>abjecerit,</strong></span> <span class='ocrx_word' id='word_1_237' title='bbox 1056 1856 1313 1911; x_wconf 77' lang='lat' dir='ltr'><strong>facillime</strong></span> <span class='ocrx_word' id='word_1_238' title='bbox 1349 1872 1377 1909; x_wconf 90' lang='lat' dir='ltr'><strong>a</strong></span> <span class='ocrx_word' id='word_1_239' title='bbox 1410 1856 1609 1910; x_wconf 89' lang='lat' dir='ltr'><strong>Satana</strong></span> <span class='ocrx_word' id='word_1_240' title='bbox 1635 1857 1896 1923; x_wconf 84' lang='lat' dir='ltr'><strong>capietur.</strong></span> 
     </span>
    </p>
   </div>
   <div class='ocr_carea' id='block_1_33' title="bbox 2081 1856 3655 1935">
    <p class='ocr_par' dir='ltr' id='par_1_33' title="bbox 2081 1858 3655 1935">
     <span class='ocr_line' id='line_1_33' title="bbox 2081 1858 3655 1935; baseline -0.003 -21"><span class='ocrx_word' id='word_1_241' title='bbox 2081 1860 2285 1932; x_wconf 65' lang='grc' dir='ltr'>,ῥκησεν</span> <span class='ocrx_word' id='word_1_242' title='bbox 2318 1862 2392 1925; x_wconf 85' lang='grc' dir='ltr'>ὡς</span> <span class='ocrx_word' id='word_1_243' title='bbox 2422 1862 2835 1935; x_wconf 75' lang='grc' dir='ltr'>εἰδωλολάτραις</span> <span class='ocrx_word' id='word_1_244' title='bbox 2869 1864 2929 1915; x_wconf 85' lang='grc' dir='ltr'>τὸ</span> <span class='ocrx_word' id='word_1_245' title='bbox 2960 1862 3245 1934; x_wconf 84' lang='grc' dir='ltr'>πνεῦματὸ</span> <span class='ocrx_word' id='word_1_246' title='bbox 3260 1861 3517 1933; x_wconf 83' lang='grc' dir='ltr'>πονηρὸν,</span> <span class='ocrx_word' id='word_1_247' title='bbox 3542 1858 3655 1914; x_wconf 80' lang='grc' dir='ltr'>ἀλλ’</span> 
     </span>
    </p>
   </div>
   <div class='ocr_carea' id='block_1_34' title="bbox 334 1943 3660 2025">
    <p class='ocr_par' dir='ltr' id='par_1_34' title="bbox 334 1943 3660 2025">
     <span class='ocr_line' id='line_1_34' title="bbox 334 1943 3660 2025; baseline -0 -22"><span class='ocrx_word' id='word_1_248' title='bbox 334 2000 353 2008; x_wconf 76' lang='lat'><strong>,</strong></span> <span class='ocrx_word' id='word_1_249' title='bbox 402 1950 723 2021; x_wconf 82' lang='grc' dir='ltr'>ὲκϐέϐληται</span> <span class='ocrx_word' id='word_1_250' title='bbox 768 1948 1005 2021; x_wconf 80' lang='grc' dir='ltr'>μεταξύ·</span> <span class='ocrx_word' id='word_1_251' title='bbox 1055 1949 1347 2019; x_wconf 81' lang='grc' dir='ltr'>κέκληνται</span> <span class='ocrx_word' id='word_1_252' title='bbox 1390 1950 1497 2021; x_wconf 93' lang='grc' dir='ltr'><strong>γάρ</strong></span> <span class='ocrx_word' id='word_1_253' title='bbox 1543 1949 1625 2011; x_wconf 88' lang='grc' dir='ltr'><strong>εἰς</strong></span> <span class='ocrx_word' id='word_1_254' title='bbox 1678 1949 2009 2017; x_wconf 83' lang='grc' dir='ltr'>Θεογνωσίαν</span> <span class='ocrx_word' id='word_1_255' title='bbox 2048 1952 2135 2007; x_wconf 79' lang='grc' dir='ltr'>διὰ</span> <span class='ocrx_word' id='word_1_256' title='bbox 2198 1956 2469 2018; x_wconf 61' lang='grc' dir='ltr'>Μωσέως,</span> <span class='ocrx_word' id='word_1_257' title='bbox 2501 1955 2719 2025; x_wconf 80' lang='grc' dir='ltr'>Ἐπειδὴ</span> <span class='ocrx_word' id='word_1_258' title='bbox 2758 1956 2813 2007; x_wconf 80' lang='grc' dir='ltr'><strong>δὲ</strong></span> <span class='ocrx_word' id='word_1_259' title='bbox 2857 1955 3114 2023; x_wconf 84' lang='grc' dir='ltr'>γεγόνασι</span> <span class='ocrx_word' id='word_1_260' title='bbox 3155 1954 3515 2025; x_wconf 84' lang='grc' dir='ltr'>κυριοκτόνοι,</span> <span class='ocrx_word' id='word_1_261' title='bbox 3564 1943 3660 2004; x_wconf 77' lang='grc' dir='ltr'>καὶ</span> 
     </span>
    </p>
   </div>
   <div class='ocr_carea' id='block_1_35' title="bbox 404 2041 3660 2119">
    <p class='ocr_par' dir='ltr' id='par_1_35' title="bbox 404 2041 3660 2119">
     <span class='ocr_line' id='line_1_35' title="bbox 404 2041 3660 2119; baseline 0.001 -26"><span class='ocrx_word' id='word_1_262' title='bbox 404 2042 617 2111; x_wconf 86' lang='grc' dir='ltr'>μυρίοις</span> <span class='ocrx_word' id='word_1_263' title='bbox 646 2041 985 2112; x_wconf 78' lang='grc' dir='ltr'>ἐγκλήμασιν</span> <span class='ocrx_word' id='word_1_264' title='bbox 1004 2041 1199 2113; x_wconf 75' lang='grc' dir='ltr'>ἔνοχοι,</span> <span class='ocrx_word' id='word_1_265' title='bbox 1221 2042 1443 2110; x_wconf 89' lang='grc' dir='ltr'>γέγονεν</span> <span class='ocrx_word' id='word_1_266' title='bbox 1468 2043 1652 2105; x_wconf 80' lang='grc' dir='ltr'>αὐτοῖς</span> <span class='ocrx_word' id='word_1_267' title='bbox 1673 2042 1742 2094; x_wconf 92' lang='grc' dir='ltr'><strong>τά</strong></span> <span class='ocrx_word' id='word_1_268' title='bbox 1808 2042 2010 2113; x_wconf 81' lang='grc' dir='ltr'>ἔσχατα</span> <span class='ocrx_word' id='word_1_269' title='bbox 2050 2046 2269 2117; x_wconf 84' lang='grc' dir='ltr'>χείρονα</span> <span class='ocrx_word' id='word_1_270' title='bbox 2309 2050 2416 2101; x_wconf 87' lang='grc' dir='ltr'><strong>τῶν</strong></span> <span class='ocrx_word' id='word_1_271' title='bbox 2466 2048 2718 2119; x_wconf 83' lang='grc' dir='ltr'>πρώτων,</span> <span class='ocrx_word' id='word_1_272' title='bbox 2760 2049 3053 2118; x_wconf 87' lang='grc' dir='ltr'>δαιμονίων</span> <span class='ocrx_word' id='word_1_273' title='bbox 3125 2048 3347 2118; x_wconf 78' lang='grc' dir='ltr'><strong>ἀγέλης,</strong></span> <span class='ocrx_word' id='word_1_274' title='bbox 3397 2047 3495 2115; x_wconf 77' lang='grc' dir='ltr'><strong>οὐχ</strong></span> <span class='ocrx_word' id='word_1_275' title='bbox 3542 2042 3660 2104; x_wconf 79' lang='grc' dir='ltr'>ἑνὸς</span> 
     </span>
    </p>
   </div>
   <div class='ocr_carea' id='block_1_36' title="bbox 402 2133 3659 2214">
    <p class='ocr_par' dir='ltr' id='par_1_36' title="bbox 402 2133 3659 2214">
     <span class='ocr_line' id='line_1_36' title="bbox 402 2133 3659 2214; baseline 0.001 -28"><span class='ocrx_word' id='word_1_276' title='bbox 402 2133 481 2186; x_wconf 80' lang='grc' dir='ltr'>ἔτι</span> <span class='ocrx_word' id='word_1_277' title='bbox 519 2135 1074 2207; x_wconf 84' lang='grc' dir='ltr'>μόνου,κατοικούσης</span> <span class='ocrx_word' id='word_1_278' title='bbox 1101 2139 1159 2191; x_wconf 87' lang='grc' dir='ltr'><strong>ὲν</strong></span> <span class='ocrx_word' id='word_1_279' title='bbox 1192 2137 1394 2200; x_wconf 80' lang='grc' dir='ltr'>αὐτοῖς.</span> <span class='ocrx_word' id='word_1_280' title='bbox 1462 2136 1573 2207; x_wconf 86' lang='grc' dir='ltr'><strong>Τῆς</strong></span> <span class='ocrx_word' id='word_1_281' title='bbox 1617 2136 1724 2207; x_wconf 85' lang='grc' dir='ltr'>γὰρ</span> <span class='ocrx_word' id='word_1_282' title='bbox 1761 2137 2013 2207; x_wconf 82' lang='grc' dir='ltr'>οὐρανίου</span> <span class='ocrx_word' id='word_1_283' title='bbox 2088 2142 2307 2213; x_wconf 80' lang='grc' dir='ltr'>χάριτος</span> <span class='ocrx_word' id='word_1_284' title='bbox 2349 2145 2450 2214; x_wconf 74' lang='grc' dir='ltr'><strong>τὴν</strong></span> <span class='ocrx_word' id='word_1_285' title='bbox 2490 2144 2814 2214; x_wconf 85' lang='grc' dir='ltr'>περιστολὴν</span> <span class='ocrx_word' id='word_1_286' title='bbox 2866 2142 3215 2197; x_wconf 83' lang='grc' dir='ltr'>ἀποϐαλοῦσα</span> <span class='ocrx_word' id='word_1_287' title='bbox 3260 2140 3429 2211; x_wconf 78' lang='grc' dir='ltr'>ψυχὴ,</span> <span class='ocrx_word' id='word_1_288' title='bbox 3481 2137 3659 2205; x_wconf 81' lang='grc' dir='ltr'>πάντη</span> 
     </span>
    </p>
   </div>
   <div class='ocr_carea' id='block_1_37' title="bbox 401 2227 1672 2299">
    <p class='ocr_par' dir='ltr' id='par_1_37' title="bbox 401 2227 1672 2299">
     <span class='ocr_line' id='line_1_37' title="bbox 401 2227 1672 2299; baseline 0.002 -22"><span class='ocrx_word' id='word_1_289' title='bbox 401 2243 461 2277; x_wconf 86' lang='grc' dir='ltr'><strong>τε</strong></span> <span class='ocrx_word' id='word_1_290' title='bbox 494 2227 587 2279; x_wconf 77' lang='grc' dir='ltr'><strong>καὶ</strong></span> <span class='ocrx_word' id='word_1_291' title='bbox 618 2227 830 2291; x_wconf 88' lang='grc' dir='ltr'>πάντως</span> <span class='ocrx_word' id='word_1_292' title='bbox 856 2228 1126 2291; x_wconf 82' lang='grc' dir='ltr'>εὐάλωτος</span> <span class='ocrx_word' id='word_1_293' title='bbox 1161 2227 1311 2281; x_wconf 74' lang='grc' dir='ltr'>ἔσται</span> <span class='ocrx_word' id='word_1_294' title='bbox 1332 2227 1410 2299; x_wconf 86' lang='grc' dir='ltr'>τῷ</span> <span class='ocrx_word' id='word_1_295' title='bbox 1441 2228 1672 2297; x_wconf 79' lang='grc' dir='ltr'>Σατανᾷ.</span> 
     </span>
    </p>
   </div>
   <div class='ocr_carea' id='block_1_38' title="bbox 475 2318 1978 2391">
    <p class='ocr_par' dir='ltr' id='par_1_38' title="bbox 475 2320 1977 2390">
     <span class='ocr_line' id='line_1_38' title="bbox 475 2320 1977 2390; baseline 0.001 -16"><span class='ocrx_word' id='word_1_296' title='bbox 475 2320 637 2375; x_wconf 72' lang='lat' dir='ltr'><strong>Vens.</strong></span> <span class='ocrx_word' id='word_1_297' title='bbox 669 2322 723 2378; x_wconf 75' lang='grc'>4.</span> <span class='ocrx_word' id='word_1_298' title='bbox 753 2322 819 2374; x_wconf 85' lang='lat' dir='ltr'><strong>Et</strong></span> <span class='ocrx_word' id='word_1_299' title='bbox 870 2338 1057 2390; x_wconf 86' lang='lat' dir='ltr'><strong>ponam</strong></span> <span class='ocrx_word' id='word_1_300' title='bbox 1087 2339 1203 2376; x_wconf 89' lang='lat' dir='ltr'><strong>eam</strong></span> <span class='ocrx_word' id='word_1_301' title='bbox 1240 2323 1295 2376; x_wconf 84' lang='lat' dir='ltr'><strong>in</strong></span> <span class='ocrx_word' id='word_1_302' title='bbox 1318 2323 1602 2385; x_wconf 73' lang='lat' dir='ltr'><strong>desertum,</strong></span> <span class='ocrx_word' id='word_1_303' title='bbox 1652 2332 1699 2376; x_wconf 90' lang='lat' dir='ltr'><strong>et</strong></span> <span class='ocrx_word' id='word_1_304' title='bbox 1750 2334 1977 2377; x_wconf 78' lang='lat' dir='ltr'><strong>statuam</strong></span> 
     </span>
    </p>
   </div>
   <div class='ocr_carea' id='block_1_39' title="bbox 2081 2318 3663 2391">
    <p class='ocr_par' dir='ltr' id='par_1_39' title="bbox 2148 2318 3663 2391">
     <span class='ocr_line' id='line_1_39' title="bbox 2148 2318 3663 2391; baseline 0.004 -14"><span class='ocrx_word' id='word_1_305' title='bbox 2148 2324 2255 2377; x_wconf 78' lang='grc' dir='ltr'><strong>Καὶ</strong></span> <span class='ocrx_word' id='word_1_306' title='bbox 2280 2324 2537 2391; x_wconf 82' lang='grc' dir='ltr'>θήσομαι</span> <span class='ocrx_word' id='word_1_307' title='bbox 2569 2323 2764 2391; x_wconf 78' lang='grc' dir='ltr'>αὐτὴν</span> <span class='ocrx_word' id='word_1_308' title='bbox 2788 2324 2874 2388; x_wconf 80' lang='grc' dir='ltr'><strong>εἰς</strong></span> <span class='ocrx_word' id='word_1_309' title='bbox 2894 2321 3136 2390; x_wconf 76' lang='grc' dir='ltr'>ἔρημον,</span> <span class='ocrx_word' id='word_1_310' title='bbox 3164 2318 3265 2373; x_wconf 76' lang='grc' dir='ltr'>καὶ</span> <span class='ocrx_word' id='word_1_311' title='bbox 3287 2318 3445 2381; x_wconf 75' lang='grc' dir='ltr'>τάξω</span> <span class='ocrx_word' id='word_1_312' title='bbox 3468 2318 3663 2385; x_wconf 72' lang='grc' dir='ltr'><strong>αὐτὴν</strong></span> 
     </span>
    </p>
   </div>
   <div class='ocr_carea' id='block_1_40' title="bbox 403 2409 1978 2483">
    <p class='ocr_par' dir='ltr' id='par_1_40' title="bbox 403 2415 1978 2483">
     <span class='ocr_line' id='line_1_40' title="bbox 403 2415 1978 2483; baseline 0 -16"><span class='ocrx_word' id='word_1_313' title='bbox 403 2430 512 2467; x_wconf 87' lang='lat' dir='ltr'><strong>eam</strong></span> <span class='ocrx_word' id='word_1_314' title='bbox 537 2415 667 2466; x_wconf 82' lang='lat' dir='ltr'><strong>sicut</strong></span> <span class='ocrx_word' id='word_1_315' title='bbox 704 2425 896 2467; x_wconf 88' lang='lat' dir='ltr'><strong>terram</strong></span> <span class='ocrx_word' id='word_1_316' title='bbox 920 2415 1032 2468; x_wconf 75' lang='lat' dir='ltr'><strong>sine</strong></span> <span class='ocrx_word' id='word_1_317' title='bbox 1052 2431 1211 2483; x_wconf 87' lang='lat' dir='ltr'><strong>aqua,</strong></span> <span class='ocrx_word' id='word_1_318' title='bbox 1238 2425 1285 2468; x_wconf 88' lang='lat' dir='ltr'><strong>et</strong></span> <span class='ocrx_word' id='word_1_319' title='bbox 1323 2416 1559 2467; x_wconf 86' lang='lat' dir='ltr'><strong>occidam</strong></span> <span class='ocrx_word' id='word_1_320' title='bbox 1607 2416 1754 2468; x_wconf 74' lang='lat' dir='ltr'><strong>anm</strong></span> <span class='ocrx_word' id='word_1_321' title='bbox 1782 2418 1836 2469; x_wconf 85' lang='lat' dir='ltr'><strong>in</strong></span> <span class='ocrx_word' id='word_1_322' title='bbox 1872 2418 1978 2480; x_wconf 77' lang='lat' dir='ltr'><strong>siti;</strong></span> 
     </span>
    </p>
   </div>
   <div class='ocr_carea' id='block_1_41' title="bbox 2081 2409 3657 2483">
    <p class='ocr_par' dir='ltr' id='par_1_41' title="bbox 2081 2409 3657 2483">
     <span class='ocr_line' id='line_1_41' title="bbox 2081 2409 3657 2483; baseline -0.003 -17"><span class='ocrx_word' id='word_1_323' title='bbox 2081 2414 2157 2481; x_wconf 83' lang='grc' dir='ltr'>ὡς</span> <span class='ocrx_word' id='word_1_324' title='bbox 2180 2413 2295 2483; x_wconf 80' lang='grc' dir='ltr'><strong>γῆν</strong></span> <span class='ocrx_word' id='word_1_325' title='bbox 2324 2416 2608 2483; x_wconf 77' lang='grc' dir='ltr'>ἄνυδρον,</span> <span class='ocrx_word' id='word_1_326' title='bbox 2659 2416 2757 2467; x_wconf 81' lang='grc' dir='ltr'>καὶ</span> <span class='ocrx_word' id='word_1_327' title='bbox 2783 2410 3095 2467; x_wconf 77' lang='grc' dir='ltr'>ἀποκτενῶ</span> <span class='ocrx_word' id='word_1_328' title='bbox 3128 2409 3323 2477; x_wconf 76' lang='grc' dir='ltr'>αὐτὴν</span> <span class='ocrx_word' id='word_1_329' title='bbox 3361 2412 3431 2462; x_wconf 83' lang='grc' dir='ltr'>ἐν</span> <span class='ocrx_word' id='word_1_330' title='bbox 3473 2411 3657 2477; x_wconf 67' lang='grc' dir='ltr'>δίψει,</span> 
     </span>
    </p>
   </div>
   <div class='ocr_carea' id='block_1_42' title="bbox 404 2501 1978 2574">
    <p class='ocr_par' dir='ltr' id='par_1_42' title="bbox 404 2504 1978 2574">
     <span class='ocr_line' id='line_1_42' title="bbox 404 2504 1978 2574; baseline 0.003 -18"><span class='ocrx_word' id='word_1_331' title='bbox 404 2516 450 2556; x_wconf 88' lang='lat' dir='ltr'><strong>et</strong></span> <span class='ocrx_word' id='word_1_332' title='bbox 485 2505 713 2570; x_wconf 80' lang='lat' dir='ltr'><strong>ﬁliorum</strong></span> <span class='ocrx_word' id='word_1_333' title='bbox 745 2504 857 2573; x_wconf 81' lang='lat' dir='ltr'><strong>ejus</strong></span> <span class='ocrx_word' id='word_1_334' title='bbox 884 2520 986 2557; x_wconf 86' lang='lat' dir='ltr'><strong>non</strong></span> <span class='ocrx_word' id='word_1_335' title='bbox 1009 2505 1309 2571; x_wconf 73' lang='lat' dir='ltr'><strong>miserebor,</strong></span> <span class='ocrx_word' id='word_1_336' title='bbox 1336 2507 1457 2574; x_wconf 82' lang='lat' dir='ltr'><strong>quia</strong></span> <span class='ocrx_word' id='word_1_337' title='bbox 1494 2506 1594 2574; x_wconf 83' lang='lat' dir='ltr'><strong>ﬁlii</strong></span> <span class='ocrx_word' id='word_1_338' title='bbox 1620 2507 1978 2573; x_wconf 68' lang='lat' dir='ltr'><strong>fornicationis</strong></span> 
     </span>
    </p>
   </div>
   <div class='ocr_carea' id='block_1_43' title="bbox 2081 2501 3661 2574">
    <p class='ocr_par' dir='ltr' id='par_1_43' title="bbox 2082 2501 3661 2573">
     <span class='ocr_line' id='line_1_43' title="bbox 2082 2501 3661 2573; baseline -0.004 -14"><span class='ocrx_word' id='word_1_339' title='bbox 2082 2507 2179 2559; x_wconf 78' lang='grc' dir='ltr'>καὶ</span> <span class='ocrx_word' id='word_1_340' title='bbox 2222 2510 2294 2559; x_wconf 83' lang='grc' dir='ltr'>τὰ</span> <span class='ocrx_word' id='word_1_341' title='bbox 2339 2507 2519 2560; x_wconf 75' lang='grc' dir='ltr'>τέκνα</span> <span class='ocrx_word' id='word_1_342' title='bbox 2564 2506 2754 2573; x_wconf 80' lang='grc' dir='ltr'>αὐτῆς</span> <span class='ocrx_word' id='word_1_343' title='bbox 2806 2508 2877 2560; x_wconf 86' lang='grc' dir='ltr'>οὐ</span> <span class='ocrx_word' id='word_1_344' title='bbox 2914 2504 2999 2573; x_wconf 80' lang='grc' dir='ltr'><strong>μὴ</strong></span> <span class='ocrx_word' id='word_1_345' title='bbox 3039 2502 3291 2569; x_wconf 74' lang='grc' dir='ltr'>ἐλεήσω,</span> <span class='ocrx_word' id='word_1_346' title='bbox 3348 2502 3437 2554; x_wconf 81' lang='grc' dir='ltr'>ὅτι</span> <span class='ocrx_word' id='word_1_347' title='bbox 3482 2501 3661 2553; x_wconf 70' lang='grc' dir='ltr'>τέκνα</span> 
     </span>
    </p>
   </div>
   <div class='ocr_carea' id='block_1_44' title="bbox 404 2591 1978 2665">
    <p class='ocr_par' dir='ltr' id='par_1_44' title="bbox 404 2594 1975 2665">
     <span class='ocr_line' id='line_1_44' title="bbox 404 2594 1975 2665; baseline 0.003 -19"><span class='ocrx_word' id='word_1_348' title='bbox 404 2607 560 2659; x_wconf 78' lang='lat' dir='ltr'><strong>sunt;</strong></span> <span class='ocrx_word' id='word_1_349' title='bbox 589 2595 711 2663; x_wconf 79' lang='lat' dir='ltr'><strong>quia</strong></span> <span class='ocrx_word' id='word_1_350' title='bbox 739 2594 998 2658; x_wconf 77' lang='lat' dir='ltr'><strong>fornicata</strong></span> <span class='ocrx_word' id='word_1_351' title='bbox 1038 2604 1113 2649; x_wconf 82' lang='lat' dir='ltr'><strong>est</strong></span> <span class='ocrx_word' id='word_1_352' title='bbox 1158 2607 1325 2650; x_wconf 84' lang='lat' dir='ltr'><strong>mater</strong></span> <span class='ocrx_word' id='word_1_353' title='bbox 1348 2598 1599 2665; x_wconf 79' lang='lat' dir='ltr'><strong>ipsorum,</strong></span> <span class='ocrx_word' id='word_1_354' title='bbox 1623 2610 1668 2651; x_wconf 77' lang='lat' dir='ltr'><strong>et</strong></span> <span class='ocrx_word' id='word_1_355' title='bbox 1689 2598 1975 2651; x_wconf 75' lang='lat' dir='ltr'><strong>dedecora-</strong></span> 
     </span>
    </p>
   </div>
   <div class='ocr_carea' id='block_1_45' title="bbox 2081 2591 3662 2665">
    <p class='ocr_par' dir='ltr' id='par_1_45' title="bbox 2084 2591 3662 2665">
     <span class='ocr_line' id='line_1_45' title="bbox 2084 2591 3662 2665; baseline -0.005 -15"><span class='ocrx_word' id='word_1_356' title='bbox 2084 2599 2366 2665; x_wconf 77' lang='grc' dir='ltr'>πορνείας</span> <span class='ocrx_word' id='word_1_357' title='bbox 2443 2598 2646 2650; x_wconf 79' lang='grc' dir='ltr'>ἐστίν·</span> <span class='ocrx_word' id='word_1_358' title='bbox 2721 2596 2810 2649; x_wconf 85' lang='grc' dir='ltr'>ὅτι</span> <span class='ocrx_word' id='word_1_359' title='bbox 2869 2594 3313 2661; x_wconf 79' lang='grc' dir='ltr'>ἐξεπόρνευσεν</span> <span class='ocrx_word' id='word_1_360' title='bbox 3367 2592 3404 2660; x_wconf 75' lang='grc' dir='ltr'><strong>ἠ</strong></span> <span class='ocrx_word' id='word_1_361' title='bbox 3464 2591 3662 2659; x_wconf 80' lang='grc' dir='ltr'>μήτηρ</span> 
     </span>
    </p>
   </div>
   <div class='ocr_carea' id='block_1_46' title="bbox 405 2682 1978 2756">
    <p class='ocr_par' dir='ltr' id='par_1_46' title="bbox 405 2685 1081 2753">
     <span class='ocr_line' id='line_1_46' title="bbox 405 2685 1081 2753; baseline 0.009 -17"><span class='ocrx_word' id='word_1_362' title='bbox 405 2685 474 2737; x_wconf 81' lang='lat' dir='ltr'><strong>vit</strong></span> <span class='ocrx_word' id='word_1_363' title='bbox 497 2701 581 2737; x_wconf 74' lang='lat' dir='ltr'><strong>eos</strong></span> <span class='ocrx_word' id='word_1_364' title='bbox 614 2701 730 2752; x_wconf 72' lang='lat' dir='ltr'><strong>qua:</strong></span> <span class='ocrx_word' id='word_1_365' title='bbox 752 2686 946 2753; x_wconf 82' lang='lat' dir='ltr'><strong>peperit</strong></span> <span class='ocrx_word' id='word_1_366' title='bbox 973 2701 1081 2742; x_wconf 71' lang='lat' dir='ltr'><strong>eos.</strong></span> 
     </span>
    </p>
   </div>
   <div class='ocr_carea' id='block_1_47' title="bbox 2081 2682 3412 2756">
    <p class='ocr_par' dir='ltr' id='par_1_47' title="bbox 2082 2682 3412 2756">
     <span class='ocr_line' id='line_1_47' title="bbox 2082 2682 3412 2756; baseline -0.005 -13"><span class='ocrx_word' id='word_1_367' title='bbox 2082 2689 2301 2753; x_wconf 83' lang='grc' dir='ltr'>αὐτῶν,</span> <span class='ocrx_word' id='word_1_368' title='bbox 2339 2689 2437 2742; x_wconf 78' lang='grc' dir='ltr'>καὶ</span> <span class='ocrx_word' id='word_1_369' title='bbox 2470 2689 2860 2756; x_wconf 81' lang='grc' dir='ltr'>κατῄσχυνεν</span> <span class='ocrx_word' id='word_1_370' title='bbox 2890 2688 2927 2753; x_wconf 74' lang='grc' dir='ltr'>ἡ</span> <span class='ocrx_word' id='word_1_371' title='bbox 2958 2685 3220 2739; x_wconf 79' lang='grc' dir='ltr'>τεκοῦσα</span> <span class='ocrx_word' id='word_1_372' title='bbox 3241 2682 3412 2738; x_wconf 82' lang='grc' dir='ltr'>αὑτά.</span> 
     </span>
    </p>
   </div>
   <div class='ocr_carea' id='block_1_48' title="bbox 474 2772 1978 2849">
    <p class='ocr_par' dir='ltr' id='par_1_48' title="bbox 474 2772 1971 2843">
     <span class='ocr_line' id='line_1_48' title="bbox 474 2772 1971 2843; baseline 0.003 -15"><span class='ocrx_word' id='word_1_373' title='bbox 474 2772 610 2828; x_wconf 79' lang='lat' dir='ltr'><strong>XIII.</strong></span> <span class='ocrx_word' id='word_1_374' title='bbox 668 2775 914 2830; x_wconf 89' lang='lat' dir='ltr'><strong>Sterilem</strong></span> <span class='ocrx_word' id='word_1_375' title='bbox 969 2774 1084 2830; x_wconf 85' lang='lat' dir='ltr'><strong>fore</strong></span> <span class='ocrx_word' id='word_1_376' title='bbox 1134 2775 1210 2831; x_wconf 87' lang='lat' dir='ltr'><strong>ait</strong></span> <span class='ocrx_word' id='word_1_377' title='bbox 1254 2775 1678 2843; x_wconf 88' lang='lat' dir='ltr'><strong>fornicatricem,</strong></span> <span class='ocrx_word' id='word_1_378' title='bbox 1744 2778 1971 2841; x_wconf 84' lang='lat' dir='ltr'><strong>aridam,</strong></span> 
     </span>
    </p>
   </div>
   <div class='ocr_carea' id='block_1_49' title="bbox 2081 2772 3661 2849">
    <p class='ocr_par' dir='ltr' id='par_1_49' title="bbox 2154 2774 3661 2849">
     <span class='ocr_line' id='line_1_49' title="bbox 2154 2774 3661 2849; baseline -0.004 -18"><span class='ocrx_word' id='word_1_379' title='bbox 2154 2779 2250 2833; x_wconf 82' lang='lat' dir='ltr'><strong>II&quot;.</strong></span> <span class='ocrx_word' id='word_1_380' title='bbox 2285 2779 2568 2849; x_wconf 79' lang='grc' dir='ltr'>Ἀκαρπον</span> <span class='ocrx_word' id='word_1_381' title='bbox 2616 2777 2835 2831; x_wconf 73' lang='grc' dir='ltr'>ἔσεσθαί</span> <span class='ocrx_word' id='word_1_382' title='bbox 2876 2794 3010 2845; x_wconf 88' lang='grc' dir='ltr'>φησι</span> <span class='ocrx_word' id='word_1_383' title='bbox 3048 2776 3146 2847; x_wconf 81' lang='grc' dir='ltr'><strong>τὴν</strong></span> <span class='ocrx_word' id='word_1_384' title='bbox 3191 2774 3661 2844; x_wconf 81' lang='grc' dir='ltr'>πεπορνευμένην,</span> 
     </span>
    </p>
   </div>
   <div class='ocr_carea' id='block_1_50' title="bbox 407 2865 1978 2941">
    <p class='ocr_par' dir='ltr' id='par_1_50' title="bbox 407 2866 1973 2939">
     <span class='ocr_line' id='line_1_50' title="bbox 407 2866 1973 2939; baseline 0.004 -21"><span class='ocrx_word' id='word_1_385' title='bbox 407 2866 589 2934; x_wconf 86' lang='lat' dir='ltr'><strong>spinas</strong></span> <span class='ocrx_word' id='word_1_386' title='bbox 620 2868 938 2934; x_wconf 88' lang='lat' dir='ltr'><strong>parientem,</strong></span> <span class='ocrx_word' id='word_1_387' title='bbox 971 2868 1305 2923; x_wconf 82' lang='lat' dir='ltr'><strong>siticulosam</strong></span> <span class='ocrx_word' id='word_1_388' title='bbox 1333 2880 1387 2923; x_wconf 91' lang='lat' dir='ltr'><strong>et</strong></span> <span class='ocrx_word' id='word_1_389' title='bbox 1421 2870 1765 2939; x_wconf 83' lang='lat' dir='ltr'><strong>inaquosam,</strong></span> <span class='ocrx_word' id='word_1_390' title='bbox 1830 2872 1973 2925; x_wconf 88' lang='lat' dir='ltr'><strong>haud</strong></span> 
     </span>
    </p>
   </div>
   <div class='ocr_carea' id='block_1_51' title="bbox 2081 2865 3665 2941">
    <p class='ocr_par' dir='ltr' id='par_1_51' title="bbox 2082 2865 3665 2941">
     <span class='ocr_line' id='line_1_51' title="bbox 2082 2865 3665 2941; baseline -0.006 -16"><span class='ocrx_word' id='word_1_391' title='bbox 2082 2870 2253 2941; x_wconf 76' lang='grc' dir='ltr'>ξηρὰν</span> <span class='ocrx_word' id='word_1_392' title='bbox 2314 2872 2410 2923; x_wconf 70' lang='grc' dir='ltr'><strong>καὶ</strong></span> <span class='ocrx_word' id='word_1_393' title='bbox 2452 2868 2850 2933; x_wconf 82' lang='grc' dir='ltr'>ἀκανθοτόκον,</span> <span class='ocrx_word' id='word_1_394' title='bbox 2893 2867 3088 2937; x_wconf 70' lang='grc' dir='ltr'>διψάδα</span> <span class='ocrx_word' id='word_1_395' title='bbox 3142 2869 3235 2920; x_wconf 80' lang='grc' dir='ltr'>καὶ</span> <span class='ocrx_word' id='word_1_396' title='bbox 3279 2866 3528 2936; x_wconf 83' lang='grc' dir='ltr'>ἄνυδρον,</span> <span class='ocrx_word' id='word_1_397' title='bbox 3568 2865 3665 2932; x_wconf 80' lang='grc' dir='ltr'><strong>οὐχ</strong></span> 
     </span>
    </p>
   </div>
   <div class='ocr_carea' id='block_1_52' title="bbox 410 2954 1978 3029">
    <p class='ocr_par' dir='ltr' id='par_1_52' title="bbox 410 2957 1976 3029">
     <span class='ocr_line' id='line_1_52' title="bbox 410 2957 1976 3029; baseline 0.004 -20"><span class='ocrx_word' id='word_1_398' title='bbox 410 2957 663 3020; x_wconf 86' lang='lat' dir='ltr'><strong>terrenis,</strong></span> <span class='ocrx_word' id='word_1_399' title='bbox 700 2958 885 3021; x_wconf 87' lang='lat' dir='ltr'><strong>credo,</strong></span> <span class='ocrx_word' id='word_1_400' title='bbox 927 2962 1079 3028; x_wconf 79' lang='lat' dir='ltr'><strong>aquis</strong></span> <span class='ocrx_word' id='word_1_401' title='bbox 1101 2959 1407 3028; x_wconf 83' lang='lat' dir='ltr'><strong>spoliatam,</strong></span> <span class='ocrx_word' id='word_1_402' title='bbox 1447 2960 1542 3014; x_wconf 90' lang='lat' dir='ltr'><strong>sed</strong></span> <span class='ocrx_word' id='word_1_403' title='bbox 1583 2976 1813 3029; x_wconf 90' lang='lat' dir='ltr'><strong>superna</strong></span> <span class='ocrx_word' id='word_1_404' title='bbox 1861 2974 1976 3016; x_wconf 67' lang='lat' dir='ltr'><strong>coe-</strong></span> 
     </span>
    </p>
   </div>
   <div class='ocr_carea' id='block_1_53' title="bbox 2081 2954 3666 3029">
    <p class='ocr_par' dir='ltr' id='par_1_53' title="bbox 2084 2954 3666 3029">
     <span class='ocr_line' id='line_1_53' title="bbox 2084 2954 3666 3029; baseline -0.003 -18"><span class='ocrx_word' id='word_1_405' title='bbox 2084 2960 2293 3013; x_wconf 82' lang='grc' dir='ltr'>ὑδάτων</span> <span class='ocrx_word' id='word_1_406' title='bbox 2347 2960 2489 3029; x_wconf 89' lang='grc' dir='ltr'>τάχα</span> <span class='ocrx_word' id='word_1_407' title='bbox 2551 2977 2653 3012; x_wconf 89' lang='grc' dir='ltr'><strong>που</strong></span> <span class='ocrx_word' id='word_1_408' title='bbox 2704 2958 2811 3012; x_wconf 87' lang='grc' dir='ltr'><strong>τῶν</strong></span> <span class='ocrx_word' id='word_1_409' title='bbox 2847 2958 3049 3027; x_wconf 76' lang='grc' dir='ltr'>γηΐνων</span> <span class='ocrx_word' id='word_1_410' title='bbox 3095 2958 3487 3028; x_wconf 79' lang='grc' dir='ltr'>ἐστερημένην,</span> <span class='ocrx_word' id='word_1_411' title='bbox 3530 2954 3666 3008; x_wconf 84' lang='grc' dir='ltr'>ἀλλὰ</span> 
     </span>
    </p>
   </div>
   <div class='ocr_carea' id='block_1_54' title="bbox 410 3047 1978 3122">
    <p class='ocr_par' dir='ltr' id='par_1_54' title="bbox 410 3048 1975 3122">
     <span class='ocr_line' id='line_1_54' title="bbox 410 3048 1975 3122; baseline 0.004 -21"><span class='ocrx_word' id='word_1_412' title='bbox 410 3048 640 3117; x_wconf 87' lang='lat' dir='ltr'><strong>lestique</strong></span> <span class='ocrx_word' id='word_1_413' title='bbox 700 3050 1050 3119; x_wconf 84' lang='lat' dir='ltr'><strong>pinguedine,</strong></span> <span class='ocrx_word' id='word_1_414' title='bbox 1081 3052 1182 3107; x_wconf 88' lang='lat' dir='ltr'><strong>hoc</strong></span> <span class='ocrx_word' id='word_1_415' title='bbox 1209 3061 1313 3119; x_wconf 89' lang='lat' dir='ltr'><strong>est,</strong></span> <span class='ocrx_word' id='word_1_416' title='bbox 1347 3052 1659 3122; x_wconf 89' lang='lat' dir='ltr'><strong>erogatione</strong></span> <span class='ocrx_word' id='word_1_417' title='bbox 1712 3053 1975 3107; x_wconf 88' lang='lat' dir='ltr'><strong>donorum</strong></span> 
     </span>
    </p>
   </div>
   <div class='ocr_carea' id='block_1_55' title="bbox 2081 3047 3666 3122">
    <p class='ocr_par' dir='ltr' id='par_1_55' title="bbox 2081 3047 3666 3122">
     <span class='ocr_line' id='line_1_55' title="bbox 2081 3047 3666 3122; baseline -0.003 -17"><span class='ocrx_word' id='word_1_418' title='bbox 2081 3052 2181 3121; x_wconf 80' lang='grc' dir='ltr'><strong>τῆς</strong></span> <span class='ocrx_word' id='word_1_419' title='bbox 2213 3053 2417 3107; x_wconf 82' lang='grc' dir='ltr'>ἄνωθεν</span> <span class='ocrx_word' id='word_1_420' title='bbox 2468 3053 2526 3116; x_wconf 79' lang='grc' dir='ltr'>ἐξ</span> <span class='ocrx_word' id='word_1_421' title='bbox 2555 3051 2785 3122; x_wconf 77' lang='grc' dir='ltr'>οὐρανοῦ</span> <span class='ocrx_word' id='word_1_422' title='bbox 2818 3052 3094 3122; x_wconf 83' lang='grc' dir='ltr'>πιότητος,</span> <span class='ocrx_word' id='word_1_423' title='bbox 3124 3050 3392 3113; x_wconf 80' lang='grc' dir='ltr'>τουτέστι,</span> <span class='ocrx_word' id='word_1_424' title='bbox 3426 3048 3524 3118; x_wconf 82' lang='grc' dir='ltr'><strong>τῆς</strong></span> <span class='ocrx_word' id='word_1_425' title='bbox 3575 3047 3666 3101; x_wconf 74' lang='grc' dir='ltr'>διὰ</span> 
     </span>
    </p>
   </div>
   <div class='ocr_carea' id='block_1_56' title="bbox 409 3137 1978 3214">
    <p class='ocr_par' dir='ltr' id='par_1_56' title="bbox 409 3138 1976 3214">
     <span class='ocr_line' id='line_1_56' title="bbox 409 3138 1976 3214; baseline 0.003 -21"><span class='ocrx_word' id='word_1_426' title='bbox 409 3155 506 3208; x_wconf 90' lang='lat' dir='ltr'><strong>per</strong></span> <span class='ocrx_word' id='word_1_427' title='bbox 539 3138 823 3208; x_wconf 88' lang='lat' dir='ltr'><strong>Spiritum,</strong></span> <span class='ocrx_word' id='word_1_428' title='bbox 868 3156 988 3211; x_wconf 70' lang='lat' dir='ltr'><strong>qua:</strong></span> <span class='ocrx_word' id='word_1_429' title='bbox 1011 3142 1063 3196; x_wconf 92' lang='lat' dir='ltr'><strong>in</strong></span> <span class='ocrx_word' id='word_1_430' title='bbox 1093 3142 1391 3212; x_wconf 88' lang='lat' dir='ltr'><strong>quamlibet</strong></span> <span class='ocrx_word' id='word_1_431' title='bbox 1423 3143 1656 3197; x_wconf 85' lang='lat' dir='ltr'><strong>animam</strong></span> <span class='ocrx_word' id='word_1_432' title='bbox 1680 3144 1976 3214; x_wconf 86' lang='lat' dir='ltr'><strong>sapientem</strong></span> 
     </span>
    </p>
   </div>
   <div class='ocr_carea' id='block_1_57' title="bbox 2081 3137 3668 3214">
    <p class='ocr_par' dir='ltr' id='par_1_57' title="bbox 2082 3137 3668 3212">
     <span class='ocr_line' id='line_1_57' title="bbox 2082 3137 3668 3212; baseline -0.003 -17"><span class='ocrx_word' id='word_1_433' title='bbox 2082 3142 2177 3196; x_wconf 80' lang='grc' dir='ltr'>τοῦ</span> <span class='ocrx_word' id='word_1_434' title='bbox 2204 3141 2514 3212; x_wconf 75' lang='grc' dir='ltr'>Πνεὺματος</span> <span class='ocrx_word' id='word_1_435' title='bbox 2559 3141 2841 3212; x_wconf 85' lang='grc' dir='ltr'>χορηγίας,</span> <span class='ocrx_word' id='word_1_436' title='bbox 2889 3141 2956 3212; x_wconf 79' lang='grc' dir='ltr'>ἣν</span> <span class='ocrx_word' id='word_1_437' title='bbox 3007 3141 3212 3211; x_wconf 81' lang='grc' dir='ltr'>ἑκάστῃ</span> <span class='ocrx_word' id='word_1_438' title='bbox 3278 3141 3415 3209; x_wconf 81' lang='grc' dir='ltr'>σοφῇ</span> <span class='ocrx_word' id='word_1_439' title='bbox 3467 3156 3527 3190; x_wconf 91' lang='grc' dir='ltr'><strong>τε</strong></span> <span class='ocrx_word' id='word_1_440' title='bbox 3574 3137 3668 3191; x_wconf 77' lang='grc' dir='ltr'>καὶ</span> 
     </span>
    </p>
   </div>
   <div class='ocr_carea' id='block_1_58' title="bbox 409 3230 1978 3305">
    <p class='ocr_par' dir='ltr' id='par_1_58' title="bbox 409 3233 1978 3305">
     <span class='ocr_line' id='line_1_58' title="bbox 409 3233 1978 3305; baseline 0.002 -18"><span class='ocrx_word' id='word_1_441' title='bbox 409 3248 473 3287; x_wconf 89' lang='lat' dir='ltr'><strong>ac</strong></span> <span class='ocrx_word' id='word_1_442' title='bbox 526 3233 720 3288; x_wconf 89' lang='lat' dir='ltr'><strong>bonam</strong></span> <span class='ocrx_word' id='word_1_443' title='bbox 773 3233 998 3290; x_wconf 81' lang='lat' dir='ltr'><strong>confert.</strong></span> <span class='ocrx_word' id='word_1_444' title='bbox 1045 3234 1229 3289; x_wconf 85' lang='lat' dir='ltr'><strong>Psallit</strong></span> <span class='ocrx_word' id='word_1_445' title='bbox 1269 3235 1413 3290; x_wconf 87' lang='lat' dir='ltr'><strong>enim</strong></span> <span class='ocrx_word' id='word_1_446' title='bbox 1462 3235 1693 3305; x_wconf 87' lang='lat' dir='ltr'><strong>quodam</strong></span> <span class='ocrx_word' id='word_1_447' title='bbox 1744 3236 1862 3290; x_wconf 90' lang='lat' dir='ltr'><strong>loco</strong></span> <span class='ocrx_word' id='word_1_448' title='bbox 1912 3236 1978 3290; x_wconf 90' lang='lat' dir='ltr'><strong>ad</strong></span> 
     </span>
    </p>
   </div>
   <div class='ocr_carea' id='block_1_59' title="bbox 2081 3230 3667 3305">
    <p class='ocr_par' dir='ltr' id='par_1_59' title="bbox 2084 3230 3667 3304">
     <span class='ocr_line' id='line_1_59' title="bbox 2084 3230 3667 3304; baseline -0.004 -17"><span class='ocrx_word' id='word_1_449' title='bbox 2084 3233 2262 3304; x_wconf 83' lang='grc' dir='ltr'>ἀγαθῇ</span> <span class='ocrx_word' id='word_1_450' title='bbox 2306 3233 2551 3302; x_wconf 89' lang='grc' dir='ltr'>διανέμει</span> <span class='ocrx_word' id='word_1_451' title='bbox 2598 3233 2763 3303; x_wconf 76' lang='grc' dir='ltr'>ψυχῇ.</span> <span class='ocrx_word' id='word_1_452' title='bbox 2805 3233 3011 3286; x_wconf 80' lang='grc' dir='ltr'>Ψάλλει</span> <span class='ocrx_word' id='word_1_453' title='bbox 3044 3232 3152 3302; x_wconf 89' lang='grc' dir='ltr'><strong>γάρ</strong></span> <span class='ocrx_word' id='word_1_454' title='bbox 3204 3248 3306 3283; x_wconf 90' lang='grc' dir='ltr'><strong>που</strong></span> <span class='ocrx_word' id='word_1_455' title='bbox 3343 3230 3481 3302; x_wconf 79' lang='grc' dir='ltr'>πρὸς</span> <span class='ocrx_word' id='word_1_456' title='bbox 3514 3230 3667 3296; x_wconf 82' lang='grc' dir='ltr'>Θεὸν,</span> 
     </span>
    </p>
   </div>
   <div class='ocr_carea' id='block_1_60' title="bbox 411 3324 1977 3393">
    <p class='ocr_par' dir='ltr' id='par_1_60' title="bbox 411 3324 1977 3393">
     <span class='ocr_line' id='line_1_60' title="bbox 411 3324 1977 3393; baseline 0.004 -16"><span class='ocrx_word' id='word_1_457' title='bbox 411 3324 695 3378; x_wconf 89' lang='lat' dir='ltr'><strong>Dominum</strong></span> <span class='ocrx_word' id='word_1_458' title='bbox 720 3326 908 3381; x_wconf 89' lang='lat' dir='ltr'><strong>beatus</strong></span> <span class='ocrx_word' id='word_1_459' title='bbox 934 3324 1123 3393; x_wconf 85' lang='lat' dir='ltr'><strong>David,</strong></span> <span class='ocrx_word' id='word_1_460' title='bbox 1146 3336 1201 3381; x_wconf 94' lang='lat' dir='ltr'><strong>et</strong></span> <span class='ocrx_word' id='word_1_461' title='bbox 1239 3327 1311 3381; x_wconf 91' lang='lat' dir='ltr'><strong>ait</strong></span> <span class='ocrx_word' id='word_1_462' title='bbox 1342 3345 1355 3380; x_wconf 90' lang='lat'><strong>:</strong></span> <span class='ocrx_word' id='word_1_463' title='bbox 1395 3346 1413 3377; x_wconf 81' lang='grc' dir='ltr'><strong>ι</strong></span> <span class='ocrx_word' id='word_1_464' title='bbox 1439 3326 1559 3381; x_wconf 85' lang='lat' dir='ltr'><strong>Filii</strong></span> <span class='ocrx_word' id='word_1_465' title='bbox 1592 3340 1774 3382; x_wconf 90' lang='lat' dir='ltr'><strong>autem</strong></span> <span class='ocrx_word' id='word_1_466' title='bbox 1810 3328 1977 3383; x_wconf 86' lang='lat' dir='ltr'><strong>homi-</strong></span> 
     </span>
    </p>
   </div>
   <div class='ocr_carea' id='block_1_61' title="bbox 412 3417 1981 3488">
    <p class='ocr_par' dir='ltr' id='par_1_61' title="bbox 412 3417 1981 3488">
     <span class='ocr_line' id='line_1_61' title="bbox 412 3417 1981 3488; baseline 0.003 -18"><span class='ocrx_word' id='word_1_467' title='bbox 412 3432 538 3470; x_wconf 78' lang='lat' dir='ltr'><strong>num</strong></span> <span class='ocrx_word' id='word_1_468' title='bbox 570 3418 621 3471; x_wconf 89' lang='lat' dir='ltr'><strong>in</strong></span> <span class='ocrx_word' id='word_1_469' title='bbox 650 3418 881 3487; x_wconf 82' lang='lat' dir='ltr'><strong>tegmine</strong></span> <span class='ocrx_word' id='word_1_470' title='bbox 919 3417 1122 3472; x_wconf 90' lang='lat' dir='ltr'><strong>alarum</strong></span> <span class='ocrx_word' id='word_1_471' title='bbox 1149 3428 1359 3473; x_wconf 88' lang='lat' dir='ltr'><strong>tuarum</strong></span> <span class='ocrx_word' id='word_1_472' title='bbox 1391 3419 1709 3488; x_wconf 86' lang='lat' dir='ltr'><strong>sperabunt.</strong></span> <span class='ocrx_word' id='word_1_473' title='bbox 1742 3420 1981 3476; x_wconf 76' lang='lat' dir='ltr'><strong>Inebria-</strong></span> 
     </span>
    </p>
   </div>
   <div class='ocr_carea' id='block_1_62' title="bbox 411 3507 1979 3577">
    <p class='ocr_par' dir='ltr' id='par_1_62' title="bbox 411 3507 1979 3577">
     <span class='ocr_line' id='line_1_62' title="bbox 411 3507 1979 3577; baseline 0.003 -15"><span class='ocrx_word' id='word_1_474' title='bbox 411 3508 696 3563; x_wconf 85' lang='lat' dir='ltr'><strong>bunturab</strong></span> <span class='ocrx_word' id='word_1_475' title='bbox 720 3507 964 3563; x_wconf 86' lang='lat' dir='ltr'><strong>ubertate</strong></span> <span class='ocrx_word' id='word_1_476' title='bbox 1004 3509 1193 3564; x_wconf 90' lang='lat' dir='ltr'><strong>domus</strong></span> <span class='ocrx_word' id='word_1_477' title='bbox 1246 3518 1368 3577; x_wconf 67' lang='lat' dir='ltr'><strong>tum,</strong></span> <span class='ocrx_word' id='word_1_478' title='bbox 1424 3520 1477 3566; x_wconf 89' lang='lat' dir='ltr'><strong>et</strong></span> <span class='ocrx_word' id='word_1_479' title='bbox 1540 3521 1774 3569; x_wconf 87' lang='lat' dir='ltr'><strong>torrente</strong></span> <span class='ocrx_word' id='word_1_480' title='bbox 1826 3513 1979 3567; x_wconf 89' lang='lat' dir='ltr'><strong>volu-</strong></span> 
     </span>
    </p>
   </div>
   <div class='ocr_carea' id='block_1_63' title="bbox 411 3600 1980 3674">
    <p class='ocr_par' dir='ltr' id='par_1_63' title="bbox 411 3600 1980 3674">
     <span class='ocr_line' id='line_1_63' title="bbox 411 3600 1980 3674; baseline 0.004 -21"><span class='ocrx_word' id='word_1_481' title='bbox 411 3600 578 3669; x_wconf 77' lang='lat' dir='ltr'><strong>ptatis</strong></span> <span class='ocrx_word' id='word_1_482' title='bbox 618 3610 720 3652; x_wconf 71' lang='lat' dir='ltr'><strong>tua:</strong></span> <span class='ocrx_word' id='word_1_483' title='bbox 746 3600 955 3668; x_wconf 83' lang='lat' dir='ltr'><strong>potabis</strong></span> <span class='ocrx_word' id='word_1_484' title='bbox 1002 3616 1115 3667; x_wconf 86' lang='lat' dir='ltr'><strong>eos,</strong></span> <span class='ocrx_word' id='word_1_485' title='bbox 1144 3602 1402 3670; x_wconf 88' lang='lat' dir='ltr'><strong>quoniam</strong></span> <span class='ocrx_word' id='word_1_486' title='bbox 1443 3605 1582 3674; x_wconf 90' lang='lat' dir='ltr'><strong>apud</strong></span> <span class='ocrx_word' id='word_1_487' title='bbox 1617 3614 1670 3658; x_wconf 89' lang='lat' dir='ltr'><strong>te</strong></span> <span class='ocrx_word' id='word_1_488' title='bbox 1721 3616 1804 3658; x_wconf 86' lang='lat' dir='ltr'><strong>est</strong></span> <span class='ocrx_word' id='word_1_489' title='bbox 1861 3604 1980 3659; x_wconf 89' lang='lat' dir='ltr'><strong>fons</strong></span> 
     </span>
    </p>
   </div>
   <div class='ocr_carea' id='block_1_64' title="bbox 412 3689 1982 3765">
    <p class='ocr_par' dir='ltr' id='par_1_64' title="bbox 412 3689 1982 3765">
     <span class='ocr_line' id='line_1_64' title="bbox 412 3689 1982 3765; baseline 0.006 -24"><span class='ocrx_word' id='word_1_490' title='bbox 412 3689 535 3742; x_wconf 62' lang='lat' dir='ltr'><strong>vitze</strong></span> <span class='ocrx_word' id='word_1_491' title='bbox 555 3689 619 3741; x_wconf 77' lang='lat'><strong>“.</strong></span> <span class='ocrx_word' id='word_1_492' title='bbox 642 3708 659 3740; x_wconf 72' lang='grc' dir='ltr'><strong>ι</strong></span> <span class='ocrx_word' id='word_1_493' title='bbox 695 3689 840 3744; x_wconf 87' lang='lat' dir='ltr'><strong>Adeo</strong></span> <span class='ocrx_word' id='word_1_494' title='bbox 862 3700 1038 3744; x_wconf 88' lang='lat' dir='ltr'><strong>autem</strong></span> <span class='ocrx_word' id='word_1_495' title='bbox 1064 3693 1391 3757; x_wconf 89' lang='lat' dir='ltr'><strong>veneranda,</strong></span> <span class='ocrx_word' id='word_1_496' title='bbox 1413 3702 1468 3748; x_wconf 89' lang='lat' dir='ltr'><strong>et</strong></span> <span class='ocrx_word' id='word_1_497' title='bbox 1496 3695 1640 3764; x_wconf 87' lang='lat' dir='ltr'><strong>larga</strong></span> <span class='ocrx_word' id='word_1_498' title='bbox 1672 3698 1982 3765; x_wconf 83' lang='lat' dir='ltr'><strong>crOgatioue</strong></span> 
     </span>
    </p>
   </div>
   <div class='ocr_carea' id='block_1_65' title="bbox 414 3780 1981 3854">
    <p class='ocr_par' dir='ltr' id='par_1_65' title="bbox 414 3780 1981 3854">
     <span class='ocr_line' id='line_1_65' title="bbox 414 3780 1981 3854; baseline 0.005 -21"><span class='ocrx_word' id='word_1_499' title='bbox 414 3780 557 3851; x_wconf 91' lang='lat' dir='ltr'><strong>digni</strong></span> <span class='ocrx_word' id='word_1_500' title='bbox 596 3781 800 3836; x_wconf 90' lang='lat' dir='ltr'><strong>censeri</strong></span> <span class='ocrx_word' id='word_1_501' title='bbox 835 3780 1028 3835; x_wconf 88' lang='lat' dir='ltr'><strong>debent</strong></span> <span class='ocrx_word' id='word_1_502' title='bbox 1051 3784 1291 3850; x_wconf 84' lang='lat' dir='ltr'><strong>germani</strong></span> <span class='ocrx_word' id='word_1_503' title='bbox 1326 3782 1440 3847; x_wconf 79' lang='lat' dir='ltr'><strong>filii,</strong></span> <span class='ocrx_word' id='word_1_504' title='bbox 1469 3785 1560 3853; x_wconf 92' lang='lat' dir='ltr'><strong>qui</strong></span> <span class='ocrx_word' id='word_1_505' title='bbox 1602 3801 1726 3839; x_wconf 91' lang='lat' dir='ltr'><strong>cum</strong></span> <span class='ocrx_word' id='word_1_506' title='bbox 1755 3786 1981 3854; x_wconf 78' lang='lat' dir='ltr'><strong>integri-</strong></span> 
     </span>
    </p>
   </div>
   <div class='ocr_carea' id='block_1_66' title="bbox 415 3870 1981 3945">
    <p class='ocr_par' dir='ltr' id='par_1_66' title="bbox 415 3870 1981 3945">
     <span class='ocr_line' id='line_1_66' title="bbox 415 3870 1981 3945; baseline 0.004 -22"><span class='ocrx_word' id='word_1_507' title='bbox 415 3880 523 3925; x_wconf 88' lang='lat' dir='ltr'><strong>tate</strong></span> <span class='ocrx_word' id='word_1_508' title='bbox 559 3871 824 3937; x_wconf 81' lang='lat' dir='ltr'><strong>vixerunt,</strong></span> <span class='ocrx_word' id='word_1_509' title='bbox 860 3870 1161 3940; x_wconf 66' lang='lat' dir='ltr'><strong>divinazque</strong></span> <span class='ocrx_word' id='word_1_510' title='bbox 1200 3872 1448 3926; x_wconf 84' lang='lat' dir='ltr'><strong>cbaritati</strong></span> <span class='ocrx_word' id='word_1_511' title='bbox 1482 3873 1615 3927; x_wconf 88' lang='lat' dir='ltr'><strong>nihil</strong></span> <span class='ocrx_word' id='word_1_512' title='bbox 1672 3891 1981 3945; x_wconf 65' lang='lat' dir='ltr'><strong>praeposue-</strong></span> 
     </span>
    </p>
   </div>
   <div class='ocr_carea' id='block_1_67' title="bbox 412 3962 1981 4033">
    <p class='ocr_par' dir='ltr' id='par_1_67' title="bbox 412 3962 1981 4033">
     <span class='ocr_line' id='line_1_67' title="bbox 412 3962 1981 4033; baseline 0.004 -17"><span class='ocrx_word' id='word_1_513' title='bbox 412 3972 561 4016; x_wconf 91' lang='lat' dir='ltr'><strong>runt.</strong></span> <span class='ocrx_word' id='word_1_514' title='bbox 596 3962 967 4017; x_wconf 87' lang='lat' dir='ltr'><strong>Fornicariam</strong></span> <span class='ocrx_word' id='word_1_515' title='bbox 1014 3974 1192 4018; x_wconf 82' lang='lat' dir='ltr'><strong>autem</strong></span> <span class='ocrx_word' id='word_1_516' title='bbox 1222 3966 1531 4033; x_wconf 82' lang='lat' dir='ltr'><strong>inaquosam</strong></span> <span class='ocrx_word' id='word_1_517' title='bbox 1562 3966 1779 4029; x_wconf 74' lang='lat' dir='ltr'><strong>factam,</strong></span> <span class='ocrx_word' id='word_1_518' title='bbox 1821 3978 1874 4021; x_wconf 92' lang='lat' dir='ltr'><strong>ct</strong></span> <span class='ocrx_word' id='word_1_519' title='bbox 1928 3968 1981 4022; x_wconf 89' lang='lat' dir='ltr'><strong>itt</strong></span> 
     </span>
    </p>
   </div>
   <div class='ocr_carea' id='block_1_68' title="bbox 412 4051 1979 4123">
    <p class='ocr_par' dir='ltr' id='par_1_68' title="bbox 412 4051 1979 4123">
     <span class='ocr_line' id='line_1_68' title="bbox 412 4051 1979 4123; baseline 0.002 -17"><span class='ocrx_word' id='word_1_520' title='bbox 412 4052 500 4107; x_wconf 89' lang='lat' dir='ltr'><strong>siti</strong></span> <span class='ocrx_word' id='word_1_521' title='bbox 528 4051 634 4122; x_wconf 83' lang='lat'><strong>35</strong></span> <span class='ocrx_word' id='word_1_522' title='bbox 664 4053 977 4106; x_wconf 89' lang='lat' dir='ltr'><strong>morituram</strong></span> <span class='ocrx_word' id='word_1_523' title='bbox 1010 4052 1255 4106; x_wconf 78' lang='lat' dir='ltr'><strong>aifirmat.</strong></span> <span class='ocrx_word' id='word_1_524' title='bbox 1297 4055 1475 4123; x_wconf 81' lang='lat' dir='ltr'><strong>Atque</strong></span> <span class='ocrx_word' id='word_1_525' title='bbox 1524 4053 1647 4121; x_wconf 88' lang='lat' dir='ltr'><strong>hoc,</strong></span> <span class='ocrx_word' id='word_1_526' title='bbox 1699 4056 1751 4109; x_wconf 89' lang='lat' dir='ltr'><strong>ni</strong></span> <span class='ocrx_word' id='word_1_527' title='bbox 1805 4056 1979 4119; x_wconf 90' lang='lat' dir='ltr'><strong>fallor,</strong></span> 
     </span>
    </p>
   </div>
   <div class='ocr_carea' id='block_1_69' title="bbox 412 4144 1981 4215">
    <p class='ocr_par' dir='ltr' id='par_1_69' title="bbox 412 4144 1981 4215">
     <span class='ocr_line' id='line_1_69' title="bbox 412 4144 1981 4215; baseline 0.001 -16"><span class='ocrx_word' id='word_1_528' title='bbox 412 4154 514 4211; x_wconf 87' lang='lat' dir='ltr'><strong>est,</strong></span> <span class='ocrx_word' id='word_1_529' title='bbox 544 4144 682 4213; x_wconf 92' lang='lat' dir='ltr'><strong>quod</strong></span> <span class='ocrx_word' id='word_1_530' title='bbox 711 4159 803 4214; x_wconf 88' lang='lat' dir='ltr'><strong>per</strong></span> <span class='ocrx_word' id='word_1_531' title='bbox 831 4145 965 4199; x_wconf 87' lang='lat' dir='ltr'><strong>alios</strong></span> <span class='ocrx_word' id='word_1_532' title='bbox 994 4146 1281 4215; x_wconf 85' lang='lat' dir='ltr'><strong>pr0phetas</strong></span> <span class='ocrx_word' id='word_1_533' title='bbox 1318 4146 1384 4202; x_wconf 90' lang='lat' dir='ltr'><strong>de</strong></span> <span class='ocrx_word' id='word_1_534' title='bbox 1418 4146 1531 4215; x_wconf 84' lang='lat' dir='ltr'><strong>ipsa</strong></span> <span class='ocrx_word' id='word_1_535' title='bbox 1569 4147 1789 4202; x_wconf 91' lang='lat' dir='ltr'><strong>dicitur.</strong></span> <span class='ocrx_word' id='word_1_536' title='bbox 1847 4147 1981 4215; x_wconf 85' lang='lat' dir='ltr'><strong>Qui-</strong></span> 
     </span>
    </p>
   </div>
   <div class='ocr_carea' id='block_1_70' title="bbox 414 4238 1981 4309">
    <p class='ocr_par' dir='ltr' id='par_1_70' title="bbox 414 4238 1981 4309">
     <span class='ocr_line' id='line_1_70' title="bbox 414 4238 1981 4309; baseline 0.003 -19"><span class='ocrx_word' id='word_1_537' title='bbox 414 4238 537 4290; x_wconf 87' lang='lat' dir='ltr'><strong>dam</strong></span> <span class='ocrx_word' id='word_1_538' title='bbox 562 4238 704 4291; x_wconf 90' lang='lat' dir='ltr'><strong>euim</strong></span> <span class='ocrx_word' id='word_1_539' title='bbox 735 4239 847 4293; x_wconf 89' lang='lat' dir='ltr'><strong>sic:</strong></span> <span class='ocrx_word' id='word_1_540' title='bbox 878 4259 896 4291; x_wconf 75' lang='grc' dir='ltr'><strong>ι</strong></span> <span class='ocrx_word' id='word_1_541' title='bbox 923 4239 1060 4294; x_wconf 87' lang='lat' dir='ltr'><strong>Ecce</strong></span> <span class='ocrx_word' id='word_1_542' title='bbox 1121 4239 1236 4295; x_wconf 87' lang='lat' dir='ltr'><strong>dies</strong></span> <span class='ocrx_word' id='word_1_543' title='bbox 1268 4240 1505 4306; x_wconf 88' lang='lat' dir='ltr'><strong>venient,</strong></span> <span class='ocrx_word' id='word_1_544' title='bbox 1540 4239 1668 4294; x_wconf 87' lang='lat' dir='ltr'><strong>dicit</strong></span> <span class='ocrx_word' id='word_1_545' title='bbox 1705 4241 1981 4309; x_wconf 88' lang='lat' dir='ltr'><strong>Dominus,</strong></span> 
     </span>
    </p>
   </div>
   <div class='ocr_carea' id='block_1_71' title="bbox 412 4328 1981 4401">
    <p class='ocr_par' dir='ltr' id='par_1_71' title="bbox 412 4328 1981 4401">
     <span class='ocr_line' id='line_1_71' title="bbox 412 4328 1981 4401; baseline 0.002 -19"><span class='ocrx_word' id='word_1_546' title='bbox 412 4338 469 4382; x_wconf 90' lang='lat' dir='ltr'><strong>et</strong></span> <span class='ocrx_word' id='word_1_547' title='bbox 491 4330 731 4383; x_wconf 88' lang='lat' dir='ltr'><strong>emittam</strong></span> <span class='ocrx_word' id='word_1_548' title='bbox 757 4328 952 4384; x_wconf 81' lang='lat' dir='ltr'><strong>famem</strong></span> <span class='ocrx_word' id='word_1_549' title='bbox 974 4346 1133 4401; x_wconf 75' lang='lat' dir='ltr'><strong>super</strong></span> <span class='ocrx_word' id='word_1_550' title='bbox 1165 4339 1384 4396; x_wconf 89' lang='lat' dir='ltr'><strong>terram,</strong></span> <span class='ocrx_word' id='word_1_551' title='bbox 1437 4347 1541 4385; x_wconf 92' lang='lat' dir='ltr'><strong>non</strong></span> <span class='ocrx_word' id='word_1_552' title='bbox 1571 4330 1766 4386; x_wconf 82' lang='lat' dir='ltr'><strong>famem</strong></span> <span class='ocrx_word' id='word_1_553' title='bbox 1805 4333 1981 4401; x_wconf 85' lang='lat' dir='ltr'><strong>panis,</strong></span> 
     </span>
    </p>
   </div>
   <div class='ocr_carea' id='block_1_72' title="bbox 414 4412 1979 4490">
    <p class='ocr_par' dir='ltr' id='par_1_72' title="bbox 414 4412 1979 4490">
     <span class='ocr_line' id='line_1_72' title="bbox 414 4412 1979 4490; baseline 0.001 -17"><span class='ocrx_word' id='word_1_554' title='bbox 414 4436 588 4488; x_wconf 89' lang='lat' dir='ltr'><strong>neque</strong></span> <span class='ocrx_word' id='word_1_555' title='bbox 616 4422 760 4475; x_wconf 90' lang='lat' dir='ltr'><strong>sitim</strong></span> <span class='ocrx_word' id='word_1_556' title='bbox 786 4412 939 4490; x_wconf 69' lang='lat' dir='ltr'><strong>aqua:</strong></span> <span class='ocrx_word' id='word_1_557' title='bbox 962 4461 975 4484; x_wconf 94' lang='lat'><strong>,</strong></span> <span class='ocrx_word' id='word_1_558' title='bbox 1011 4423 1103 4475; x_wconf 89' lang='lat' dir='ltr'><strong>sed</strong></span> <span class='ocrx_word' id='word_1_559' title='bbox 1126 4421 1323 4476; x_wconf 85' lang='lat' dir='ltr'><strong>famem</strong></span> <span class='ocrx_word' id='word_1_560' title='bbox 1350 4423 1599 4475; x_wconf 89' lang='lat' dir='ltr'><strong>audiendi</strong></span> <span class='ocrx_word' id='word_1_561' title='bbox 1629 4423 1849 4476; x_wconf 87' lang='lat' dir='ltr'><strong>verbum</strong></span> <span class='ocrx_word' id='word_1_562' title='bbox 1876 4423 1979 4475; x_wconf 87' lang='lat' dir='ltr'><strong>Do-</strong></span> 
     </span>
    </p>
   </div>
   <div class='ocr_carea' id='block_1_73' title="bbox 414 4509 1980 4577">
    <p class='ocr_par' dir='ltr' id='par_1_73' title="bbox 414 4509 1980 4577">
     <span class='ocr_line' id='line_1_73' title="bbox 414 4509 1980 4577; baseline 0.001 -15"><span class='ocrx_word' id='word_1_563' title='bbox 414 4510 566 4563; x_wconf 89' lang='lat' dir='ltr'><strong>mini.</strong></span> <span class='ocrx_word' id='word_1_564' title='bbox 607 4510 670 4563; x_wconf 84' lang='lat' dir='ltr'><strong>Et</strong></span> <span class='ocrx_word' id='word_1_565' title='bbox 701 4510 768 4563; x_wconf 91' lang='lat' dir='ltr'><strong>ab</strong></span> <span class='ocrx_word' id='word_1_566' title='bbox 789 4510 993 4563; x_wconf 83' lang='lat' dir='ltr'><strong>oriente</strong></span> <span class='ocrx_word' id='word_1_567' title='bbox 1019 4524 1189 4577; x_wconf 87' lang='lat' dir='ltr'><strong>usque</strong></span> <span class='ocrx_word' id='word_1_568' title='bbox 1208 4510 1274 4563; x_wconf 91' lang='lat' dir='ltr'><strong>ad</strong></span> <span class='ocrx_word' id='word_1_569' title='bbox 1300 4509 1633 4563; x_wconf 88' lang='lat' dir='ltr'><strong>occidentem</strong></span> <span class='ocrx_word' id='word_1_570' title='bbox 1657 4512 1980 4565; x_wconf 83' lang='lat' dir='ltr'><strong>circumcur-</strong></span> 
     </span>
    </p>
   </div>
   <div class='ocr_carea' id='block_1_74' title="bbox 414 4599 1982 4667">
    <p class='ocr_par' dir='ltr' id='par_1_74' title="bbox 414 4599 1982 4667">
     <span class='ocr_line' id='line_1_74' title="bbox 414 4599 1982 4667; baseline 0.001 -14"><span class='ocrx_word' id='word_1_571' title='bbox 414 4599 943 4667; x_wconf 70' lang='lat' dir='ltr'><strong>sabunt,‘quazrcntes</strong></span> <span class='ocrx_word' id='word_1_572' title='bbox 967 4600 1189 4653; x_wconf 89' lang='lat' dir='ltr'><strong>verbum</strong></span> <span class='ocrx_word' id='word_1_573' title='bbox 1219 4599 1451 4664; x_wconf 90' lang='lat' dir='ltr'><strong>Domini,</strong></span> <span class='ocrx_word' id='word_1_574' title='bbox 1490 4610 1666 4654; x_wconf 89' lang='lat' dir='ltr'><strong>etnon</strong></span> <span class='ocrx_word' id='word_1_575' title='bbox 1702 4601 1982 4655; x_wconf 87' lang='lat' dir='ltr'><strong>invenient</strong></span> 
     </span>
    </p>
   </div>
   <div class='ocr_carea' id='block_1_75' title="bbox 418 4689 1981 4759">
    <p class='ocr_par' dir='ltr' id='par_1_75' title="bbox 418 4689 1981 4759">
     <span class='ocr_line' id='line_1_75' title="bbox 418 4689 1981 4759; baseline 0.001 -15"><span class='ocrx_word' id='word_1_576' title='bbox 418 4691 480 4744; x_wconf 78' lang='lat'><strong>“.</strong></span> <span class='ocrx_word' id='word_1_577' title='bbox 509 4710 527 4742; x_wconf 85' lang='grc'><strong>›</strong></span> <span class='ocrx_word' id='word_1_578' title='bbox 567 4690 934 4757; x_wconf 84' lang='lat' dir='ltr'><strong>EtJeremias,</strong></span> <span class='ocrx_word' id='word_1_579' title='bbox 961 4689 1113 4759; x_wconf 86' lang='lat' dir='ltr'><strong>quasi</strong></span> <span class='ocrx_word' id='word_1_580' title='bbox 1141 4704 1207 4743; x_wconf 79' lang='lat' dir='ltr'><strong>ex</strong></span> <span class='ocrx_word' id='word_1_581' title='bbox 1235 4703 1466 4759; x_wconf 85' lang='lat' dir='ltr'><strong>persona</strong></span> <span class='ocrx_word' id='word_1_582' title='bbox 1525 4690 1622 4745; x_wconf 94' lang='lat' dir='ltr'><strong>Dci</strong></span> <span class='ocrx_word' id='word_1_583' title='bbox 1656 4708 1669 4745; x_wconf 91' lang='lat'>:</span> <span class='ocrx_word' id='word_1_584' title='bbox 1733 4710 1751 4742; x_wconf 77' lang='grc' dir='ltr'><strong>ι</strong></span> <span class='ocrx_word' id='word_1_585' title='bbox 1790 4691 1981 4746; x_wconf 89' lang='lat' dir='ltr'><strong>Dolore</strong></span> 
     </span>
    </p>
   </div>
   <div class='ocr_carea' id='block_1_76' title="bbox 414 4779 1977 4847">
    <p class='ocr_par' dir='ltr' id='par_1_76' title="bbox 414 4779 1977 4847">
     <span class='ocr_line' id='line_1_76' title="bbox 414 4779 1977 4847; baseline 0.002 -15"><span class='ocrx_word' id='word_1_586' title='bbox 414 4792 466 4833; x_wconf 89' lang='lat' dir='ltr'><strong>et</strong></span> <span class='ocrx_word' id='word_1_587' title='bbox 484 4779 692 4845; x_wconf 76' lang='lat' dir='ltr'><strong>ﬂagello</strong></span> <span class='ocrx_word' id='word_1_588' title='bbox 716 4779 1331 4847; x_wconf 67' lang='lat' dir='ltr'><strong>erudierisJerusalem,</strong></span> <span class='ocrx_word' id='word_1_589' title='bbox 1350 4795 1417 4834; x_wconf 91' lang='lat' dir='ltr'><strong>ne</strong></span> <span class='ocrx_word' id='word_1_590' title='bbox 1439 4782 1841 4835; x_wconf 90' lang='lat' dir='ltr'><strong>recedatanima</strong></span> <span class='ocrx_word' id='word_1_591' title='bbox 1864 4796 1977 4835; x_wconf 88' lang='lat' dir='ltr'><strong>mea</strong></span> 
     </span>
    </p>
   </div>
   <div class='ocr_carea' id='block_1_77' title="bbox 417 4869 1982 4938">
    <p class='ocr_par' dir='ltr' id='par_1_77' title="bbox 417 4869 1982 4938">
     <span class='ocr_line' id='line_1_77' title="bbox 417 4869 1982 4938; baseline 0.003 -19"><span class='ocrx_word' id='word_1_592' title='bbox 417 4882 445 4919; x_wconf 86' lang='lat' dir='ltr'><strong>a</strong></span> <span class='ocrx_word' id='word_1_593' title='bbox 478 4877 548 4928; x_wconf 83' lang='lat' dir='ltr'><strong>te,</strong></span> <span class='ocrx_word' id='word_1_594' title='bbox 576 4884 641 4920; x_wconf 88' lang='lat' dir='ltr'><strong>ne</strong></span> <span class='ocrx_word' id='word_1_595' title='bbox 665 4870 855 4923; x_wconf 83' lang='lat' dir='ltr'><strong>faciam</strong></span> <span class='ocrx_word' id='word_1_596' title='bbox 900 4880 950 4923; x_wconf 92' lang='lat' dir='ltr'><strong>te</strong></span> <span class='ocrx_word' id='word_1_597' title='bbox 978 4882 1173 4922; x_wconf 81' lang='lat' dir='ltr'><strong>terram</strong></span> <span class='ocrx_word' id='word_1_598' title='bbox 1204 4869 1424 4932; x_wconf 89' lang='lat' dir='ltr'><strong>inviam,</strong></span> <span class='ocrx_word' id='word_1_599' title='bbox 1457 4884 1575 4938; x_wconf 72' lang='lat' dir='ltr'><strong>qua:</strong></span> <span class='ocrx_word' id='word_1_600' title='bbox 1612 4885 1715 4923; x_wconf 92' lang='lat' dir='ltr'><strong>non</strong></span> <span class='ocrx_word' id='word_1_601' title='bbox 1773 4872 1982 4923; x_wconf 76' lang='lat' dir='ltr'><strong>habita-</strong></span> 
     </span>
    </p>
   </div>
   <div class='ocr_carea' id='block_1_78' title="bbox 416 4960 1974 5031">
    <p class='ocr_par' dir='ltr' id='par_1_78' title="bbox 416 4960 1974 5031">
     <span class='ocr_line' id='line_1_78' title="bbox 416 4960 1974 5031; baseline 0 -16"><span class='ocrx_word' id='word_1_602' title='bbox 416 4960 560 5015; x_wconf 88' lang='lat' dir='ltr'><strong>bitur</strong></span> <span class='ocrx_word' id='word_1_603' title='bbox 598 4960 659 5012; x_wconf 79' lang='lat'><strong>‘°.</strong></span> <span class='ocrx_word' id='word_1_604' title='bbox 689 4979 707 5011; x_wconf 76' lang='grc' dir='ltr'><strong>ι</strong></span> <span class='ocrx_word' id='word_1_605' title='bbox 736 4961 1034 5031; x_wconf 87' lang='lat' dir='ltr'><strong>Unicuique</strong></span> <span class='ocrx_word' id='word_1_606' title='bbox 1059 4962 1201 5016; x_wconf 90' lang='lat' dir='ltr'><strong>enim</strong></span> <span class='ocrx_word' id='word_1_607' title='bbox 1238 4973 1502 5023; x_wconf 89' lang='lat' dir='ltr'><strong>nostrum,</strong></span> <span class='ocrx_word' id='word_1_608' title='bbox 1534 4973 1591 5013; x_wconf 88' lang='lat' dir='ltr'><strong>ut</strong></span> <span class='ocrx_word' id='word_1_609' title='bbox 1619 4962 1974 5024; x_wconf 68' lang='lat' dir='ltr'><strong>dixi,scru|0o</strong></span> 
     </span>
    </p>
   </div>
   <div class='ocr_carea' id='block_1_79' title="bbox 418 5050 1985 5123">
    <p class='ocr_par' dir='ltr' id='par_1_79' title="bbox 418 5050 1985 5123">
     <span class='ocr_line' id='line_1_79' title="bbox 418 5050 1985 5123; baseline 0.002 -19"><span class='ocrx_word' id='word_1_610' title='bbox 418 5064 511 5104; x_wconf 89' lang='lat' dir='ltr'><strong>nes</strong></span> <span class='ocrx_word' id='word_1_611' title='bbox 548 5065 643 5120; x_wconf 89' lang='lat' dir='ltr'><strong>per</strong></span> <span class='ocrx_word' id='word_1_612' title='bbox 672 5050 927 5120; x_wconf 89' lang='lat' dir='ltr'><strong>Spiritum</strong></span> <span class='ocrx_word' id='word_1_613' title='bbox 952 5056 1192 5108; x_wconf 87' lang='lat' dir='ltr'><strong>immittit</strong></span> <span class='ocrx_word' id='word_1_614' title='bbox 1219 5053 1377 5117; x_wconf 89' lang='lat' dir='ltr'><strong>Deus,</strong></span> <span class='ocrx_word' id='word_1_615' title='bbox 1409 5054 1498 5123; x_wconf 86' lang='lat' dir='ltr'><strong>qui</strong></span> <span class='ocrx_word' id='word_1_616' title='bbox 1561 5063 1785 5123; x_wconf 89' lang='lat' dir='ltr'><strong>possunt</strong></span> <span class='ocrx_word' id='word_1_617' title='bbox 1841 5053 1985 5107; x_wconf 89' lang='lat' dir='ltr'><strong>alere</strong></span> 
     </span>
    </p>
   </div>
   <div class='ocr_carea' id='block_1_80' title="bbox 416 5143 1985 5215">
    <p class='ocr_par' dir='ltr' id='par_1_80' title="bbox 416 5143 1985 5215">
     <span class='ocr_line' id='line_1_80' title="bbox 416 5143 1985 5215; baseline 0.001 -16"><span class='ocrx_word' id='word_1_618' title='bbox 416 5143 624 5199; x_wconf 81' lang='lat' dir='ltr'><strong>animos</strong></span> <span class='ocrx_word' id='word_1_619' title='bbox 653 5144 720 5196; x_wconf 84' lang='lat' dir='ltr'><strong>ad</strong></span> <span class='ocrx_word' id='word_1_620' title='bbox 749 5143 914 5197; x_wconf 88' lang='lat' dir='ltr'><strong>vitam</strong></span> <span class='ocrx_word' id='word_1_621' title='bbox 958 5155 1237 5211; x_wconf 69' lang='lat' dir='ltr'><strong>mternam,</strong></span> <span class='ocrx_word' id='word_1_622' title='bbox 1305 5158 1402 5200; x_wconf 91' lang='lat' dir='ltr'><strong>aut</strong></span> <span class='ocrx_word' id='word_1_623' title='bbox 1460 5146 1628 5201; x_wconf 88' lang='lat' dir='ltr'><strong>etiam</strong></span> <span class='ocrx_word' id='word_1_624' title='bbox 1664 5160 1760 5215; x_wconf 90' lang='lat' dir='ltr'><strong>per</strong></span> <span class='ocrx_word' id='word_1_625' title='bbox 1823 5160 1985 5201; x_wconf 85' lang='lat' dir='ltr'><strong>voces</strong></span> 
     </span>
    </p>
   </div>
   <div class='ocr_carea' id='block_1_81' title="bbox 417 5235 1987 5309">
    <p class='ocr_par' dir='ltr' id='par_1_81' title="bbox 417 5235 1987 5309">
     <span class='ocr_line' id='line_1_81' title="bbox 417 5235 1987 5309; baseline 0 -18"><span class='ocrx_word' id='word_1_626' title='bbox 417 5244 726 5291; x_wconf 85' lang='lat' dir='ltr'><strong>sanctorum</strong></span> <span class='ocrx_word' id='word_1_627' title='bbox 752 5235 947 5305; x_wconf 73' lang='lat' dir='ltr'><strong>saepius</strong></span> <span class='ocrx_word' id='word_1_628' title='bbox 975 5236 1317 5304; x_wconf 82' lang='lat' dir='ltr'><strong>pinguefacit.</strong></span> <span class='ocrx_word' id='word_1_629' title='bbox 1341 5239 1471 5291; x_wconf 89' lang='lat' dir='ltr'><strong>Cum</strong></span> <span class='ocrx_word' id='word_1_630' title='bbox 1499 5238 1789 5294; x_wconf 87' lang='lat' dir='ltr'><strong>fornicaria</strong></span> <span class='ocrx_word' id='word_1_631' title='bbox 1821 5238 1987 5309; x_wconf 87' lang='lat' dir='ltr'><strong>igitur</strong></span> 
     </span>
    </p>
   </div>
   <div class='ocr_carea' id='block_1_82' title="bbox 416 5326 1983 5399">
    <p class='ocr_par' dir='ltr' id='par_1_82' title="bbox 416 5326 1983 5399">
     <span class='ocr_line' id='line_1_82' title="bbox 416 5326 1983 5399; baseline 0.004 -20"><span class='ocrx_word' id='word_1_632' title='bbox 416 5337 589 5382; x_wconf 84' lang='lat' dir='ltr'><strong>matre</strong></span> <span class='ocrx_word' id='word_1_633' title='bbox 619 5326 755 5383; x_wconf 80' lang='lat' dir='ltr'><strong>filios</strong></span> <span class='ocrx_word' id='word_1_634' title='bbox 787 5342 891 5380; x_wconf 88' lang='lat' dir='ltr'><strong>una</strong></span> <span class='ocrx_word' id='word_1_635' title='bbox 920 5328 1038 5383; x_wconf 89' lang='lat' dir='ltr'><strong>sine</strong></span> <span class='ocrx_word' id='word_1_636' title='bbox 1096 5329 1468 5383; x_wconf 89' lang='lat' dir='ltr'><strong>misericordia</strong></span> <span class='ocrx_word' id='word_1_637' title='bbox 1517 5332 1788 5399; x_wconf 88' lang='lat' dir='ltr'><strong>perituros</strong></span> <span class='ocrx_word' id='word_1_638' title='bbox 1833 5331 1983 5386; x_wconf 89' lang='lat' dir='ltr'><strong>dicit.</strong></span> 
     </span>
    </p>
   </div>
   <div class='ocr_carea' id='block_1_83' title="bbox 2086 3320 3665 3395">
    <p class='ocr_par' dir='ltr' id='par_1_83' title="bbox 2086 3320 3665 3395">
     <span class='ocr_line' id='line_1_83' title="bbox 2086 3320 3665 3395; baseline -0.003 -18"><span class='ocrx_word' id='word_1_639' title='bbox 2086 3325 2177 3377; x_wconf 90' lang='grc' dir='ltr'><strong>καί</strong></span> <span class='ocrx_word' id='word_1_640' title='bbox 2208 3342 2369 3394; x_wconf 89' lang='grc' dir='ltr'>φησιν</span> <span class='ocrx_word' id='word_1_641' title='bbox 2402 3327 2429 3378; x_wconf 88' lang='grc' dir='ltr'><strong>ὁ</strong></span> <span class='ocrx_word' id='word_1_642' title='bbox 2467 3324 2733 3395; x_wconf 81' lang='grc' dir='ltr'>μακάριος</span> <span class='ocrx_word' id='word_1_643' title='bbox 2760 3325 2944 3377; x_wconf 88' lang='grc' dir='ltr'>Δαϐίδ·</span> <span class='ocrx_word' id='word_1_644' title='bbox 2983 3345 3000 3374; x_wconf 77' lang='grc' dir='ltr'><strong>ι</strong></span> <span class='ocrx_word' id='word_1_645' title='bbox 3022 3326 3083 3377; x_wconf 87' lang='grc' dir='ltr'><strong>Οἱ</strong></span> <span class='ocrx_word' id='word_1_646' title='bbox 3113 3324 3168 3376; x_wconf 86' lang='grc' dir='ltr'>δὲ</span> <span class='ocrx_word' id='word_1_647' title='bbox 3192 3322 3298 3375; x_wconf 78' lang='grc' dir='ltr'>υἱοὶ</span> <span class='ocrx_word' id='word_1_648' title='bbox 3323 3321 3431 3374; x_wconf 91' lang='grc' dir='ltr'><strong>τῶν</strong></span> <span class='ocrx_word' id='word_1_649' title='bbox 3461 3320 3665 3393; x_wconf 80' lang='grc' dir='ltr'>ἀνθρώο</span> 
     </span>
    </p>
   </div>
   <div class='ocr_carea' id='block_1_84' title="bbox 2086 3409 3669 3485">
    <p class='ocr_par' dir='ltr' id='par_1_84' title="bbox 2086 3409 3669 3485">
     <span class='ocr_line' id='line_1_84' title="bbox 2086 3409 3669 3485; baseline -0.004 -18"><span class='ocrx_word' id='word_1_650' title='bbox 2086 3432 2205 3467; x_wconf 92' lang='grc' dir='ltr'><strong>πων</strong></span> <span class='ocrx_word' id='word_1_651' title='bbox 2227 3416 2283 3467; x_wconf 81' lang='grc' dir='ltr'>ἐν</span> <span class='ocrx_word' id='word_1_652' title='bbox 2319 3414 2494 3485; x_wconf 82' lang='grc' dir='ltr'>σκέπῃ</span> <span class='ocrx_word' id='word_1_653' title='bbox 2519 3415 2628 3467; x_wconf 88' lang='grc' dir='ltr'><strong>τῶν</strong></span> <span class='ocrx_word' id='word_1_654' title='bbox 2654 3414 2937 3484; x_wconf 81' lang='grc' dir='ltr'>πτερύγων</span> <span class='ocrx_word' id='word_1_655' title='bbox 2971 3430 3063 3465; x_wconf 90' lang='grc' dir='ltr'><strong>σου</strong></span> <span class='ocrx_word' id='word_1_656' title='bbox 3086 3411 3351 3467; x_wconf 80' lang='grc' dir='ltr'>ὲλπιοῦσι.</span> <span class='ocrx_word' id='word_1_657' title='bbox 3386 3409 3669 3478; x_wconf 80' lang='grc' dir='ltr'>Μεθυσοή-</span> 
     </span>
    </p>
   </div>
   <div class='ocr_carea' id='block_1_85' title="bbox 2088 3502 3671 3577">
    <p class='ocr_par' dir='ltr' id='par_1_85' title="bbox 2088 3502 3671 3577">
     <span class='ocr_line' id='line_1_85' title="bbox 2088 3502 3671 3577; baseline -0.003 -19"><span class='ocrx_word' id='word_1_658' title='bbox 2088 3523 2270 3560; x_wconf 84' lang='grc' dir='ltr'>σονται</span> <span class='ocrx_word' id='word_1_659' title='bbox 2299 3506 2406 3559; x_wconf 84' lang='grc' dir='ltr'><strong>ἀπὸ</strong></span> <span class='ocrx_word' id='word_1_660' title='bbox 2440 3506 2691 3577; x_wconf 85' lang='grc' dir='ltr'>πιότητος</span> <span class='ocrx_word' id='word_1_661' title='bbox 2730 3507 2881 3560; x_wconf 73' lang='grc' dir='ltr'>οἴκου</span> <span class='ocrx_word' id='word_1_662' title='bbox 2918 3523 3033 3558; x_wconf 91' lang='grc' dir='ltr'>σου.</span> <span class='ocrx_word' id='word_1_663' title='bbox 3082 3506 3194 3559; x_wconf 77' lang='grc' dir='ltr'>Καὶ</span> <span class='ocrx_word' id='word_1_664' title='bbox 3222 3505 3310 3557; x_wconf 87' lang='grc' dir='ltr'>τὸν</span> <span class='ocrx_word' id='word_1_665' title='bbox 3336 3502 3671 3573; x_wconf 77' lang='grc' dir='ltr'>χειμάρρουν</span> 
     </span>
    </p>
   </div>
   <div class='ocr_carea' id='block_1_86' title="bbox 2086 3593 3670 3669">
    <p class='ocr_par' dir='ltr' id='par_1_86' title="bbox 2086 3593 3670 3669">
     <span class='ocr_line' id='line_1_86' title="bbox 2086 3593 3670 3669; baseline -0.003 -20"><span class='ocrx_word' id='word_1_666' title='bbox 2086 3600 2186 3668; x_wconf 84' lang='grc' dir='ltr'><strong>τῆς</strong></span> <span class='ocrx_word' id='word_1_667' title='bbox 2226 3596 2437 3669; x_wconf 78' lang='grc' dir='ltr'>τρυφῆς</span> <span class='ocrx_word' id='word_1_668' title='bbox 2467 3615 2561 3651; x_wconf 88' lang='grc' dir='ltr'><strong>σου</strong></span> <span class='ocrx_word' id='word_1_669' title='bbox 2594 3600 2797 3659; x_wconf 79' lang='grc' dir='ltr'>ποτιεῖς</span> <span class='ocrx_word' id='word_1_670' title='bbox 2828 3597 3045 3660; x_wconf 78' lang='grc' dir='ltr'>αὐτοὺς,</span> <span class='ocrx_word' id='word_1_671' title='bbox 3086 3597 3169 3649; x_wconf 85' lang='grc' dir='ltr'>ὅτι</span> <span class='ocrx_word' id='word_1_672' title='bbox 3212 3596 3365 3665; x_wconf 85' lang='grc' dir='ltr'>παρὰ</span> <span class='ocrx_word' id='word_1_673' title='bbox 3404 3595 3487 3647; x_wconf 83' lang='grc' dir='ltr'><strong>σοὶ</strong></span> <span class='ocrx_word' id='word_1_674' title='bbox 3520 3593 3670 3663; x_wconf 85' lang='grc' dir='ltr'>πηγὴ</span> 
     </span>
    </p>
   </div>
   <div class='ocr_carea' id='block_1_87' title="bbox 2088 3685 3670 3759">
    <p class='ocr_par' dir='ltr' id='par_1_87' title="bbox 2088 3685 3670 3759">
     <span class='ocr_line' id='line_1_87' title="bbox 2088 3685 3670 3759; baseline -0.004 -17"><span class='ocrx_word' id='word_1_675' title='bbox 2088 3688 2255 3759; x_wconf 82' lang='grc' dir='ltr'>ζωῆς.</span> <span class='ocrx_word' id='word_1_676' title='bbox 2284 3707 2301 3740; x_wconf 71' lang='grc' dir='ltr'><strong>ι</strong></span> <span class='ocrx_word' id='word_1_677' title='bbox 2341 3690 2515 3755; x_wconf 78' lang='grc' dir='ltr'>’Λξιοι</span> <span class='ocrx_word' id='word_1_678' title='bbox 2568 3689 2623 3742; x_wconf 85' lang='grc' dir='ltr'>δὲ</span> <span class='ocrx_word' id='word_1_679' title='bbox 2680 3689 2779 3758; x_wconf 83' lang='grc' dir='ltr'><strong>τῆς</strong></span> <span class='ocrx_word' id='word_1_680' title='bbox 2822 3688 2963 3742; x_wconf 76' lang='grc' dir='ltr'>οὕτω</span> <span class='ocrx_word' id='word_1_681' title='bbox 3008 3687 3214 3756; x_wconf 87' lang='grc' dir='ltr'>σεπτῆς</span> <span class='ocrx_word' id='word_1_682' title='bbox 3287 3688 3382 3739; x_wconf 79' lang='grc' dir='ltr'>καὶ</span> <span class='ocrx_word' id='word_1_683' title='bbox 3431 3685 3670 3755; x_wconf 86' lang='grc' dir='ltr'>ἀμφιλα-</span> 
     </span>
    </p>
   </div>
   <div class='ocr_carea' id='block_1_88' title="bbox 2089 3775 3671 3851">
    <p class='ocr_par' dir='ltr' id='par_1_88' title="bbox 2089 3775 3671 3851">
     <span class='ocr_line' id='line_1_88' title="bbox 2089 3775 3671 3851; baseline -0.004 -19"><span class='ocrx_word' id='word_1_684' title='bbox 2089 3780 2223 3848; x_wconf 77' lang='grc' dir='ltr'>φοῦς</span> <span class='ocrx_word' id='word_1_685' title='bbox 2255 3780 2517 3851; x_wconf 78' lang='grc' dir='ltr'>χορηγίας</span> <span class='ocrx_word' id='word_1_686' title='bbox 2562 3775 2671 3833; x_wconf 77' lang='grc' dir='ltr'>εἶεν</span> <span class='ocrx_word' id='word_1_687' title='bbox 2715 3780 2779 3833; x_wconf 84' lang='grc' dir='ltr'>ἂν</span> <span class='ocrx_word' id='word_1_688' title='bbox 2832 3780 2879 3832; x_wconf 87' lang='grc' dir='ltr'>οἱ</span> <span class='ocrx_word' id='word_1_689' title='bbox 2914 3780 3156 3847; x_wconf 87' lang='grc' dir='ltr'>γνήσιοι,</span> <span class='ocrx_word' id='word_1_690' title='bbox 3211 3778 3305 3831; x_wconf 77' lang='grc' dir='ltr'><strong>καὶ</strong></span> <span class='ocrx_word' id='word_1_691' title='bbox 3350 3775 3671 3846; x_wconf 77' lang='grc' dir='ltr'>βεϐιωκότες</span> 
     </span>
    </p>
   </div>
   <div class='ocr_carea' id='block_1_89' title="bbox 2087 3867 3669 3943">
    <p class='ocr_par' dir='ltr' id='par_1_89' title="bbox 2087 3867 3669 3943">
     <span class='ocr_line' id='line_1_89' title="bbox 2087 3867 3669 3943; baseline -0.005 -16"><span class='ocrx_word' id='word_1_692' title='bbox 2087 3874 2281 3943; x_wconf 77' lang='grc' dir='ltr'>ὀρθῶς,</span> <span class='ocrx_word' id='word_1_693' title='bbox 2321 3874 2417 3927; x_wconf 75' lang='grc' dir='ltr'>καὶ</span> <span class='ocrx_word' id='word_1_694' title='bbox 2452 3873 2674 3942; x_wconf 86' lang='grc' dir='ltr'>ἀγάπης</span> <span class='ocrx_word' id='word_1_695' title='bbox 2720 3872 2819 3942; x_wconf 84' lang='grc' dir='ltr'><strong>τῆς</strong></span> <span class='ocrx_word' id='word_1_696' title='bbox 2866 3872 2944 3932; x_wconf 89' lang='grc' dir='ltr'><strong>εἰς</strong></span> <span class='ocrx_word' id='word_1_697' title='bbox 2984 3870 3116 3922; x_wconf 78' lang='grc' dir='ltr'><strong>Θεὸν</strong></span> <span class='ocrx_word' id='word_1_698' title='bbox 3163 3868 3457 3940; x_wconf 83' lang='grc' dir='ltr'>προθέντες</span> <span class='ocrx_word' id='word_1_699' title='bbox 3496 3867 3669 3920; x_wconf 80' lang='grc' dir='ltr'>οὐδέν.</span> 
     </span>
    </p>
   </div>
   <div class='ocr_carea' id='block_1_90' title="bbox 2090 3959 3673 4035">
    <p class='ocr_par' dir='ltr' id='par_1_90' title="bbox 2090 3959 3673 4035">
     <span class='ocr_line' id='line_1_90' title="bbox 2090 3959 3673 4035; baseline -0.005 -16"><span class='ocrx_word' id='word_1_700' title='bbox 2090 3964 2201 4035; x_wconf 80' lang='grc' dir='ltr'>Τὴν</span> <span class='ocrx_word' id='word_1_701' title='bbox 2229 3965 2286 4019; x_wconf 86' lang='grc' dir='ltr'><strong>δέ</strong></span> <span class='ocrx_word' id='word_1_702' title='bbox 2316 3982 2380 4033; x_wconf 91' lang='grc' dir='ltr'><strong>γε</strong></span> <span class='ocrx_word' id='word_1_703' title='bbox 2425 3964 2871 4034; x_wconf 81' lang='grc' dir='ltr'>πεπορνευμένην</span> <span class='ocrx_word' id='word_1_704' title='bbox 2915 3963 3140 4033; x_wconf 81' lang='grc' dir='ltr'>ἄνυδρον</span> <span class='ocrx_word' id='word_1_705' title='bbox 3178 3960 3527 4030; x_wconf 82' lang='grc' dir='ltr'>γεγενῆσθαι,</span> <span class='ocrx_word' id='word_1_706' title='bbox 3580 3959 3673 4011; x_wconf 75' lang='grc' dir='ltr'>καὶ</span> 
     </span>
    </p>
   </div>
   <div class='ocr_carea' id='block_1_91' title="bbox 2093 4043 3669 4126">
    <p class='ocr_par' dir='ltr' id='par_1_91' title="bbox 2093 4043 3669 4126">
     <span class='ocr_line' id='line_1_91' title="bbox 2093 4043 3669 4126; baseline -0.004 -18"><span class='ocrx_word' id='word_1_707' title='bbox 2093 4056 2199 4126; x_wconf 87' lang='grc' dir='ltr'>μὴν</span> <span class='ocrx_word' id='word_1_708' title='bbox 2223 4055 2317 4108; x_wconf 76' lang='grc' dir='ltr'>καὶ</span> <span class='ocrx_word' id='word_1_709' title='bbox 2351 4056 2408 4107; x_wconf 82' lang='grc' dir='ltr'><strong>ὲν</strong></span> <span class='ocrx_word' id='word_1_710' title='bbox 2435 4055 2563 4126; x_wconf 74' lang='grc' dir='ltr'>δίψῃ</span> <span class='ocrx_word' id='word_1_711' title='bbox 2588 4054 2938 4124; x_wconf 80' lang='grc' dir='ltr'>τεθνήξεσθαι</span> <span class='ocrx_word' id='word_1_712' title='bbox 2959 4054 3107 4122; x_wconf 81' lang='grc' dir='ltr'>λέγει</span> <span class='ocrx_word' id='word_1_713' title='bbox 3128 4071 3141 4083; x_wconf 85' lang='grc'><strong>·</strong></span> <span class='ocrx_word' id='word_1_714' title='bbox 3172 4054 3265 4106; x_wconf 77' lang='grc' dir='ltr'>καὶ</span> <span class='ocrx_word' id='word_1_715' title='bbox 3290 4043 3467 4114; x_wconf 74' lang='grc' dir='ltr'>τοῦτο,</span> <span class='ocrx_word' id='word_1_716' title='bbox 3496 4045 3669 4120; x_wconf 84' lang='grc' dir='ltr'>οἶμαι,</span> 
     </span>
    </p>
   </div>
   <div class='ocr_carea' id='block_1_92' title="bbox 2091 4147 3673 4217">
    <p class='ocr_par' dir='ltr' id='par_1_92' title="bbox 2091 4147 3673 4217">
     <span class='ocr_line' id='line_1_92' title="bbox 2091 4147 3673 4217; baseline -0.002 -17"><span class='ocrx_word' id='word_1_717' title='bbox 2091 4150 2207 4201; x_wconf 77' lang='grc' dir='ltr'>ἐστὶ</span> <span class='ocrx_word' id='word_1_718' title='bbox 2252 4152 2314 4201; x_wconf 82' lang='grc' dir='ltr'><strong>τὸ</strong></span> <span class='ocrx_word' id='word_1_719' title='bbox 2362 4147 2449 4201; x_wconf 82' lang='grc' dir='ltr'>διὰ</span> <span class='ocrx_word' id='word_1_720' title='bbox 2498 4147 2684 4217; x_wconf 79' lang='grc' dir='ltr'>φωνῆς</span> <span class='ocrx_word' id='word_1_721' title='bbox 2736 4148 2939 4217; x_wconf 82' lang='grc' dir='ltr'>ἐτέρων</span> <span class='ocrx_word' id='word_1_722' title='bbox 2990 4147 3284 4217; x_wconf 80' lang='grc' dir='ltr'>προφητῶν</span> <span class='ocrx_word' id='word_1_723' title='bbox 3327 4147 3454 4215; x_wconf 72' lang='grc' dir='ltr'>περὶ</span> <span class='ocrx_word' id='word_1_724' title='bbox 3500 4147 3673 4214; x_wconf 77' lang='grc' dir='ltr'>αὐτῆς</span> 
     </span>
    </p>
   </div>
   <div class='ocr_carea' id='block_1_93' title="bbox 2090 4234 3672 4310">
    <p class='ocr_par' dir='ltr' id='par_1_93' title="bbox 2090 4234 3672 4310">
     <span class='ocr_line' id='line_1_93' title="bbox 2090 4234 3672 4310; baseline -0.003 -19"><span class='ocrx_word' id='word_1_725' title='bbox 2090 4240 2396 4310; x_wconf 87' lang='grc' dir='ltr'>εἰρημένον.</span> <span class='ocrx_word' id='word_1_726' title='bbox 2469 4238 2527 4291; x_wconf 85' lang='grc' dir='ltr'>Ὀ</span> <span class='ocrx_word' id='word_1_727' title='bbox 2584 4240 2682 4309; x_wconf 81' lang='grc' dir='ltr'><strong>μὲν</strong></span> <span class='ocrx_word' id='word_1_728' title='bbox 2740 4239 2849 4309; x_wconf 77' lang='grc' dir='ltr'>γὰρ</span> <span class='ocrx_word' id='word_1_729' title='bbox 2911 4238 3168 4305; x_wconf 75' lang='grc' dir='ltr'>ἔφασκεν,</span> <span class='ocrx_word' id='word_1_730' title='bbox 3228 4256 3245 4287; x_wconf 78' lang='grc' dir='ltr'><strong>ι</strong></span> <span class='ocrx_word' id='word_1_731' title='bbox 3280 4236 3410 4288; x_wconf 83' lang='grc' dir='ltr'>Ἰδοὺ</span> <span class='ocrx_word' id='word_1_732' title='bbox 3468 4234 3672 4305; x_wconf 80' lang='grc' dir='ltr'>ἡμέραι</span> 
     </span>
    </p>
   </div>
   <div class='ocr_carea' id='block_1_94' title="bbox 2092 4326 3672 4401">
    <p class='ocr_par' dir='ltr' id='par_1_94' title="bbox 2092 4326 3672 4401">
     <span class='ocr_line' id='line_1_94' title="bbox 2092 4326 3672 4401; baseline -0.004 -18"><span class='ocrx_word' id='word_1_733' title='bbox 2092 4330 2361 4401; x_wconf 74' lang='grc' dir='ltr'>ἔρχονται,</span> <span class='ocrx_word' id='word_1_734' title='bbox 2396 4330 2545 4398; x_wconf 89' lang='grc' dir='ltr'>λέγει</span> <span class='ocrx_word' id='word_1_735' title='bbox 2580 4330 2806 4400; x_wconf 78' lang='grc' dir='ltr'>Κύριος,</span> <span class='ocrx_word' id='word_1_736' title='bbox 2849 4330 2943 4381; x_wconf 74' lang='grc' dir='ltr'>καὶ</span> <span class='ocrx_word' id='word_1_737' title='bbox 2982 4326 3326 4391; x_wconf 74' lang='grc' dir='ltr'>ἐξαποστελῶ</span> <span class='ocrx_word' id='word_1_738' title='bbox 3373 4326 3529 4391; x_wconf 81' lang='grc' dir='ltr'>λιμὸν</span> <span class='ocrx_word' id='word_1_739' title='bbox 3575 4326 3672 4377; x_wconf 72' lang='grc' dir='ltr'>ἐπὶ</span> 
     </span>
    </p>
   </div>
   <div class='ocr_carea' id='block_1_95' title="bbox 2014 4403 3674 4490">
    <p class='ocr_par' dir='ltr' id='par_1_95' title="bbox 2014 4403 3674 4490">
     <span class='ocr_line' id='line_1_95' title="bbox 2014 4403 3674 4490; baseline -0.006 -19"><span class='ocrx_word' id='word_1_740' title='bbox 2014 4403 2057 4458; x_wconf 88' lang='lat' dir='ltr'><strong>D</strong></span> <span class='ocrx_word' id='word_1_741' title='bbox 2083 4420 2182 4490; x_wconf 83' lang='grc' dir='ltr'>τὴν</span> <span class='ocrx_word' id='word_1_742' title='bbox 2216 4420 2353 4489; x_wconf 86' lang='grc' dir='ltr'>γῆν·</span> <span class='ocrx_word' id='word_1_743' title='bbox 2397 4420 2457 4472; x_wconf 79' lang='grc' dir='ltr'><strong>οὐ</strong></span> <span class='ocrx_word' id='word_1_744' title='bbox 2494 4418 2653 4489; x_wconf 82' lang='grc' dir='ltr'>λιμὸν</span> <span class='ocrx_word' id='word_1_745' title='bbox 2694 4419 2880 4488; x_wconf 80' lang='grc' dir='ltr'>ἄρτου.</span> <span class='ocrx_word' id='word_1_746' title='bbox 2920 4416 3040 4470; x_wconf 82' lang='grc' dir='ltr'>οὐδὲ</span> <span class='ocrx_word' id='word_1_747' title='bbox 3070 4414 3228 4483; x_wconf 70' lang='grc' dir='ltr'>δίψαν</span> <span class='ocrx_word' id='word_1_748' title='bbox 3261 4412 3491 4475; x_wconf 78' lang='grc' dir='ltr'>ὓδατος,</span> <span class='ocrx_word' id='word_1_749' title='bbox 3537 4410 3674 4464; x_wconf 82' lang='grc' dir='ltr'>ἀλλὰ</span> 
     </span>
    </p>
   </div>
   <div class='ocr_carea' id='block_1_96' title="bbox 2079 4501 3668 4583">
    <p class='ocr_par' dir='ltr' id='par_1_96' title="bbox 2079 4501 3668 4583">
     <span class='ocr_line' id='line_1_96' title="bbox 2079 4501 3668 4583; baseline -0.004 -20"><span class='ocrx_word' id='word_1_750' title='bbox 2079 4511 2236 4583; x_wconf 71' lang='grc' dir='ltr'>λιμὸν</span> <span class='ocrx_word' id='word_1_751' title='bbox 2264 4510 2356 4565; x_wconf 84' lang='grc' dir='ltr'>τοῦ</span> <span class='ocrx_word' id='word_1_752' title='bbox 2391 4511 2624 4564; x_wconf 79' lang='grc' dir='ltr'>ἀκοῦσαι</span> <span class='ocrx_word' id='word_1_753' title='bbox 2656 4510 2811 4577; x_wconf 86' lang='grc' dir='ltr'>λόγον</span> <span class='ocrx_word' id='word_1_754' title='bbox 2838 4508 3044 4578; x_wconf 85' lang='grc' dir='ltr'>Κυρίου</span> <span class='ocrx_word' id='word_1_755' title='bbox 3064 4526 3078 4537; x_wconf 68' lang='grc' dir='ltr'>σ</span> <span class='ocrx_word' id='word_1_756' title='bbox 3123 4506 3217 4558; x_wconf 76' lang='grc' dir='ltr'><strong>καὶ</strong></span> <span class='ocrx_word' id='word_1_757' title='bbox 3256 4504 3364 4557; x_wconf 79' lang='grc' dir='ltr'><strong>ἀπὸ</strong></span> <span class='ocrx_word' id='word_1_758' title='bbox 3391 4501 3668 4557; x_wconf 87' lang='grc' dir='ltr'>ἀνατολῶν</span> 
     </span>
    </p>
   </div>
   <div class='ocr_carea' id='block_1_97' title="bbox 2079 4592 3673 4669">
    <p class='ocr_par' dir='ltr' id='par_1_97' title="bbox 2079 4592 3673 4669">
     <span class='ocr_line' id='line_1_97' title="bbox 2079 4592 3673 4669; baseline -0.003 -19"><span class='ocrx_word' id='word_1_759' title='bbox 2079 4598 2184 4661; x_wconf 77' lang='grc' dir='ltr'>ἕως</span> <span class='ocrx_word' id='word_1_760' title='bbox 2238 4596 2458 4666; x_wconf 87' lang='grc' dir='ltr'>δυσμῶν</span> <span class='ocrx_word' id='word_1_761' title='bbox 2507 4596 2987 4669; x_wconf 85' lang='grc' dir='ltr'>περιδραμοῦνται,</span> <span class='ocrx_word' id='word_1_762' title='bbox 3033 4594 3325 4664; x_wconf 80' lang='grc' dir='ltr'>ζητοῦντες</span> <span class='ocrx_word' id='word_1_763' title='bbox 3375 4593 3462 4646; x_wconf 79' lang='grc' dir='ltr'>τὸν</span> <span class='ocrx_word' id='word_1_764' title='bbox 3513 4592 3673 4660; x_wconf 91' lang='grc' dir='ltr'>λόγον</span> 
     </span>
    </p>
   </div>
   <div class='ocr_carea' id='block_1_98' title="bbox 2078 4684 3671 4760">
    <p class='ocr_par' dir='ltr' id='par_1_98' title="bbox 2078 4684 3671 4760">
     <span class='ocr_line' id='line_1_98' title="bbox 2078 4684 3671 4760; baseline -0.004 -18"><span class='ocrx_word' id='word_1_765' title='bbox 2078 4689 2304 4760; x_wconf 79' lang='grc' dir='ltr'>Κυρίου,</span> <span class='ocrx_word' id='word_1_766' title='bbox 2341 4691 2434 4743; x_wconf 71' lang='grc' dir='ltr'><strong>καὶ</strong></span> <span class='ocrx_word' id='word_1_767' title='bbox 2461 4690 2523 4744; x_wconf 85' lang='grc' dir='ltr'><strong>οὐ</strong></span> <span class='ocrx_word' id='word_1_768' title='bbox 2554 4692 2629 4760; x_wconf 80' lang='grc' dir='ltr'>μὴ</span> <span class='ocrx_word' id='word_1_769' title='bbox 2662 4689 2912 4759; x_wconf 71' lang='grc' dir='ltr'>εὕρωσιν.</span> <span class='ocrx_word' id='word_1_770' title='bbox 2945 4708 2963 4740; x_wconf 74' lang='grc' dir='ltr'><strong>ι</strong></span> <span class='ocrx_word' id='word_1_771' title='bbox 3020 4686 3287 4757; x_wconf 83' lang='grc' dir='ltr'>Ἱερεμίας</span> <span class='ocrx_word' id='word_1_772' title='bbox 3323 4685 3381 4738; x_wconf 83' lang='grc' dir='ltr'>δὲ</span> <span class='ocrx_word' id='word_1_773' title='bbox 3410 4684 3572 4737; x_wconf 89' lang='grc' dir='ltr'>πάλιν</span> <span class='ocrx_word' id='word_1_774' title='bbox 3594 4684 3671 4747; x_wconf 82' lang='grc' dir='ltr'>ὡς</span> 
     </span>
    </p>
   </div>
   <div class='ocr_carea' id='block_1_99' title="bbox 2088 4776 3676 4853">
    <p class='ocr_par' dir='ltr' id='par_1_99' title="bbox 2088 4776 3676 4853">
     <span class='ocr_line' id='line_1_99' title="bbox 2088 4776 3676 4853; baseline -0.004 -19"><span class='ocrx_word' id='word_1_775' title='bbox 2088 4784 2151 4834; x_wconf 83' lang='grc' dir='ltr'>ὲκ</span> <span class='ocrx_word' id='word_1_776' title='bbox 2180 4781 2470 4853; x_wconf 80' lang='grc' dir='ltr'>προσώπου</span> <span class='ocrx_word' id='word_1_777' title='bbox 2496 4781 2588 4835; x_wconf 68' lang='grc' dir='ltr'>τοῦ</span> <span class='ocrx_word' id='word_1_778' title='bbox 2620 4781 2777 4835; x_wconf 72' lang='grc' dir='ltr'><strong>θεοῦο</strong></span> <span class='ocrx_word' id='word_1_779' title='bbox 2827 4800 2845 4831; x_wconf 88' lang='grc'><strong>‹</strong></span> <span class='ocrx_word' id='word_1_780' title='bbox 2873 4781 3026 4851; x_wconf 84' lang='grc' dir='ltr'>Πόνῳ</span> <span class='ocrx_word' id='word_1_781' title='bbox 3054 4779 3148 4833; x_wconf 79' lang='grc' dir='ltr'><strong>καὶ</strong></span> <span class='ocrx_word' id='word_1_782' title='bbox 3180 4777 3406 4848; x_wconf 71' lang='grc' dir='ltr'>μάστιγι</span> <span class='ocrx_word' id='word_1_783' title='bbox 3451 4776 3676 4829; x_wconf 86' lang='grc' dir='ltr'>παιδευ-</span> 
     </span>
    </p>
   </div>
   <div class='ocr_carea' id='block_1_100' title="bbox 2089 4867 3674 4949">
    <p class='ocr_par' dir='ltr' id='par_1_100' title="bbox 2089 4867 3674 4949">
     <span class='ocr_line' id='line_1_100' title="bbox 2089 4867 3674 4949; baseline -0.004 -24"><span class='ocrx_word' id='word_1_784' title='bbox 2089 4874 2248 4944; x_wconf 78' lang='grc' dir='ltr'>Οήσῃ,</span> <span class='ocrx_word' id='word_1_785' title='bbox 2288 4874 2745 4949; x_wconf 46' lang='grc' dir='ltr'>Ἱερουσαλὴμμὴ</span> <span class='ocrx_word' id='word_1_786' title='bbox 2777 4874 2988 4944; x_wconf 80' lang='grc' dir='ltr'>ἀποστῇ</span> <span class='ocrx_word' id='word_1_787' title='bbox 3093 4872 3238 4942; x_wconf 74' lang='grc' dir='ltr'>ψυχή</span> <span class='ocrx_word' id='word_1_788' title='bbox 3284 4888 3383 4942; x_wconf 85' lang='grc' dir='ltr'><strong>μου</strong></span> <span class='ocrx_word' id='word_1_789' title='bbox 3418 4870 3526 4923; x_wconf 80' lang='grc' dir='ltr'><strong>ἀπὸ</strong></span> <span class='ocrx_word' id='word_1_790' title='bbox 3561 4867 3674 4931; x_wconf 83' lang='grc' dir='ltr'>σοῦ,</span> 
     </span>
    </p>
   </div>
   <div class='ocr_carea' id='block_1_101' title="bbox 2095 4963 3672 5036">
    <p class='ocr_par' dir='ltr' id='par_1_101' title="bbox 2095 4963 3672 5036">
     <span class='ocr_line' id='line_1_101' title="bbox 2095 4963 3672 5036; baseline -0.004 -20"><span class='ocrx_word' id='word_1_791' title='bbox 2095 4964 2168 5035; x_wconf 86' lang='grc' dir='ltr'>μὴ</span> <span class='ocrx_word' id='word_1_792' title='bbox 2197 4968 2408 5035; x_wconf 80' lang='grc' dir='ltr'>ποιήσω</span> <span class='ocrx_word' id='word_1_793' title='bbox 2438 4983 2495 5017; x_wconf 89' lang='grc' dir='ltr'><strong>σε</strong></span> <span class='ocrx_word' id='word_1_794' title='bbox 2531 4966 2729 5019; x_wconf 81' lang='grc' dir='ltr'>ἄϐατον</span> <span class='ocrx_word' id='word_1_795' title='bbox 2756 4966 2879 5035; x_wconf 80' lang='grc' dir='ltr'>γῆν,</span> <span class='ocrx_word' id='word_1_796' title='bbox 2908 4966 3032 5036; x_wconf 72' lang='grc' dir='ltr'>ἥτις</span> <span class='ocrx_word' id='word_1_797' title='bbox 3061 4964 3121 5017; x_wconf 84' lang='grc' dir='ltr'><strong>οὐ</strong></span> <span class='ocrx_word' id='word_1_798' title='bbox 3147 4963 3624 5031; x_wconf 83' lang='grc' dir='ltr'>κατοικηθήσεται.</span> <span class='ocrx_word' id='word_1_799' title='bbox 3656 4976 3672 5008; x_wconf 76' lang='grc' dir='ltr'><strong>ι</strong></span> 
     </span>
    </p>
   </div>
   <div class='ocr_carea' id='block_1_102' title="bbox 2102 5049 3677 5127">
    <p class='ocr_par' dir='ltr' id='par_1_102' title="bbox 2102 5049 3677 5127">
     <span class='ocr_line' id='line_1_102' title="bbox 2102 5049 3677 5127; baseline -0.007 -17"><span class='ocrx_word' id='word_1_800' title='bbox 2102 5058 2347 5126; x_wconf 86' lang='grc' dir='ltr'>Ἐκάστῳ</span> <span class='ocrx_word' id='word_1_801' title='bbox 2388 5056 2497 5127; x_wconf 79' lang='grc' dir='ltr'>γὰρ</span> <span class='ocrx_word' id='word_1_802' title='bbox 2528 5057 2708 5127; x_wconf 83' lang='grc' dir='ltr'>ἡμῶν,</span> <span class='ocrx_word' id='word_1_803' title='bbox 2739 5056 2814 5120; x_wconf 82' lang='grc' dir='ltr'>ὡς</span> <span class='ocrx_word' id='word_1_804' title='bbox 2848 5056 3005 5125; x_wconf 76' lang='grc' dir='ltr'>ἔφην,</span> <span class='ocrx_word' id='word_1_805' title='bbox 3050 5054 3241 5122; x_wconf 83' lang='grc' dir='ltr'>λόγους</span> <span class='ocrx_word' id='word_1_806' title='bbox 3284 5055 3364 5114; x_wconf 86' lang='grc' dir='ltr'><strong>εἰς</strong></span> <span class='ocrx_word' id='word_1_807' title='bbox 3399 5050 3521 5102; x_wconf 81' lang='grc' dir='ltr'>νοῦν</span> <span class='ocrx_word' id='word_1_808' title='bbox 3554 5049 3677 5111; x_wconf 70' lang='grc' dir='ltr'>τοὺ,</span> 
     </span>
    </p>
   </div>
   <div class='ocr_carea' id='block_1_103' title="bbox 2090 5138 3679 5218">
    <p class='ocr_par' dir='ltr' id='par_1_103' title="bbox 2090 5138 3679 5218">
     <span class='ocr_line' id='line_1_103' title="bbox 2090 5138 3679 5218; baseline -0.004 -19"><span class='ocrx_word' id='word_1_809' title='bbox 2090 5147 2176 5200; x_wconf 76' lang='grc' dir='ltr'><strong>διὰ</strong></span> <span class='ocrx_word' id='word_1_810' title='bbox 2204 5147 2296 5200; x_wconf 81' lang='grc' dir='ltr'>τοῦ</span> <span class='ocrx_word' id='word_1_811' title='bbox 2333 5147 2648 5218; x_wconf 79' lang='grc' dir='ltr'>Πνεύματος</span> <span class='ocrx_word' id='word_1_812' title='bbox 2672 5148 2843 5214; x_wconf 79' lang='grc' dir='ltr'>ἐνίησι</span> <span class='ocrx_word' id='word_1_813' title='bbox 2864 5148 3014 5211; x_wconf 75' lang='grc' dir='ltr'>Θεὸς,</span> <span class='ocrx_word' id='word_1_814' title='bbox 3042 5143 3370 5213; x_wconf 81' lang='grc' dir='ltr'>ἀποτρέφειν</span> <span class='ocrx_word' id='word_1_815' title='bbox 3399 5138 3679 5209; x_wconf 76' lang='grc' dir='ltr'>ἰσχύοντας</span> 
     </span>
    </p>
   </div>
   <div class='ocr_carea' id='block_1_104' title="bbox 2084 5232 3679 5310">
    <p class='ocr_par' dir='ltr' id='par_1_104' title="bbox 2084 5232 3679 5310">
     <span class='ocr_line' id='line_1_104' title="bbox 2084 5232 3679 5310; baseline -0.007 -18"><span class='ocrx_word' id='word_1_816' title='bbox 2084 5242 2163 5303; x_wconf 91' lang='grc' dir='ltr'><strong>εἰς</strong></span> <span class='ocrx_word' id='word_1_817' title='bbox 2218 5239 2360 5310; x_wconf 80' lang='grc' dir='ltr'>ζωὴν</span> <span class='ocrx_word' id='word_1_818' title='bbox 2406 5238 2643 5302; x_wconf 78' lang='grc' dir='ltr'>αἰώνιον,</span> <span class='ocrx_word' id='word_1_819' title='bbox 2687 5239 2718 5308; x_wconf 86' lang='grc' dir='ltr'>ἢ</span> <span class='ocrx_word' id='word_1_820' title='bbox 2770 5237 2863 5290; x_wconf 69' lang='grc' dir='ltr'><strong>καὶ</strong></span> <span class='ocrx_word' id='word_1_821' title='bbox 2919 5237 3007 5289; x_wconf 88' lang='grc' dir='ltr'><strong>διά</strong></span> <span class='ocrx_word' id='word_1_822' title='bbox 3060 5234 3243 5303; x_wconf 86' lang='grc' dir='ltr'>φωνῆς</span> <span class='ocrx_word' id='word_1_823' title='bbox 3298 5232 3467 5301; x_wconf 88' lang='grc' dir='ltr'>ἀγίων</span> <span class='ocrx_word' id='word_1_824' title='bbox 3516 5248 3679 5283; x_wconf 74' lang='grc' dir='ltr'>κατα-</span> 
     </span>
    </p>
   </div>
   <div class='ocr_carea' id='block_1_105' title="bbox 2087 5318 3679 5394">
    <p class='ocr_par' dir='ltr' id='par_1_105' title="bbox 2087 5318 3679 5394">
     <span class='ocr_line' id='line_1_105' title="bbox 2087 5318 3679 5394; baseline -0.009 -10"><span class='ocrx_word' id='word_1_825' title='bbox 2087 5331 2290 5383; x_wconf 84' lang='grc' dir='ltr'>πιαίνει</span> <span class='ocrx_word' id='word_1_826' title='bbox 2310 5329 2591 5392; x_wconf 82' lang='grc' dir='ltr'>πολλάκις.</span> <span class='ocrx_word' id='word_1_827' title='bbox 2626 5326 3025 5380; x_wconf 86' lang='grc' dir='ltr'>Συνδιολεῖσοαι</span> <span class='ocrx_word' id='word_1_828' title='bbox 3056 5324 3121 5394; x_wconf 88' lang='grc' dir='ltr'><strong>δὴ</strong></span> <span class='ocrx_word' id='word_1_829' title='bbox 3146 5318 3238 5376; x_wconf 76' lang='grc' dir='ltr'><strong>οὖν</strong></span> <span class='ocrx_word' id='word_1_830' title='bbox 3266 5324 3331 5392; x_wconf 78' lang='grc' dir='ltr'>τῇ</span> <span class='ocrx_word' id='word_1_831' title='bbox 3372 5336 3679 5390; x_wconf 83' lang='grc' dir='ltr'>πεπορνευ-</span> 
     </span>
    </p>
   </div>
   <div class='ocr_carea' id='block_1_106' title="bbox 416 5414 1978 5496">
    <p class='ocr_par' dir='ltr' id='par_1_106' title="bbox 416 5419 1978 5485">
     <span class='ocr_line' id='line_1_106' title="bbox 416 5419 1978 5485; baseline 0.004 -16"><span class='ocrx_word' id='word_1_832' title='bbox 416 5420 585 5485; x_wconf 82' lang='lat' dir='ltr'><strong>Quam</strong></span> <span class='ocrx_word' id='word_1_833' title='bbox 605 5419 671 5473; x_wconf 88' lang='lat' dir='ltr'><strong>ob</strong></span> <span class='ocrx_word' id='word_1_834' title='bbox 698 5433 915 5473; x_wconf 80' lang='lat' dir='ltr'><strong>cau5am</strong></span> <span class='ocrx_word' id='word_1_835' title='bbox 944 5419 965 5471; x_wconf 88' lang='lat'><strong>?</strong></span> <span class='ocrx_word' id='word_1_836' title='bbox 993 5419 1124 5484; x_wconf 87' lang='lat' dir='ltr'><strong>Quia</strong></span> <span class='ocrx_word' id='word_1_837' title='bbox 1166 5420 1256 5471; x_wconf 81' lang='lat' dir='ltr'><strong>filii</strong></span> <span class='ocrx_word' id='word_1_838' title='bbox 1291 5420 1659 5475; x_wconf 85' lang='lat' dir='ltr'><strong>fornicationis</strong></span> <span class='ocrx_word' id='word_1_839' title='bbox 1704 5431 1846 5477; x_wconf 90' lang='lat' dir='ltr'><strong>sunt.</strong></span> <span class='ocrx_word' id='word_1_840' title='bbox 1883 5422 1978 5477; x_wconf 78' lang='lat' dir='ltr'><strong>Nec</strong></span> 
     </span>
    </p>
   </div>
   <div class='ocr_carea' id='block_1_107' title="bbox 2081 5414 3676 5496">
    <p class='ocr_par' dir='ltr' id='par_1_107' title="bbox 2092 5414 3676 5496">
     <span class='ocr_line' id='line_1_107' title="bbox 2092 5414 3676 5496; baseline -0.008 -19"><span class='ocrx_word' id='word_1_841' title='bbox 2092 5424 2230 5496; x_wconf 81' lang='grc' dir='ltr'>μένῃ</span> <span class='ocrx_word' id='word_1_842' title='bbox 2267 5423 2432 5493; x_wconf 72' lang='grc' dir='ltr'>μητρὶ</span> <span class='ocrx_word' id='word_1_843' title='bbox 2460 5423 2526 5475; x_wconf 68' lang='grc' dir='ltr'>τὰ</span> <span class='ocrx_word' id='word_1_844' title='bbox 2560 5422 2726 5474; x_wconf 85' lang='grc' dir='ltr'>τέκνα</span> <span class='ocrx_word' id='word_1_845' title='bbox 2761 5420 2870 5472; x_wconf 89' lang='grc' dir='ltr'>δεῖν</span> <span class='ocrx_word' id='word_1_846' title='bbox 2909 5419 3035 5489; x_wconf 74' lang='grc' dir='ltr'>ἔφη,</span> <span class='ocrx_word' id='word_1_847' title='bbox 3072 5418 3169 5470; x_wconf 78' lang='grc' dir='ltr'><strong>καὶ</strong></span> <span class='ocrx_word' id='word_1_848' title='bbox 3202 5414 3503 5487; x_wconf 86' lang='grc' dir='ltr'>οἰκτιρμῶν</span> <span class='ocrx_word' id='word_1_849' title='bbox 3535 5414 3676 5483; x_wconf 83' lang='grc' dir='ltr'>δίχα.</span> 
     </span>
    </p>
   </div>
   <div class='ocr_carea' id='block_1_108' title="bbox 416 5509 1985 5577">
    <p class='ocr_par' dir='ltr' id='par_1_108' title="bbox 416 5509 1985 5577">
     <span class='ocr_line' id='line_1_108' title="bbox 416 5509 1985 5577; baseline 0.002 -17"><span class='ocrx_word' id='word_1_850' title='bbox 416 5524 548 5561; x_wconf 79' lang='lat' dir='ltr'><strong>sane</strong></span> <span class='ocrx_word' id='word_1_851' title='bbox 577 5509 804 5563; x_wconf 90' lang='lat' dir='ltr'><strong>dicimus</strong></span> <span class='ocrx_word' id='word_1_852' title='bbox 838 5510 1061 5563; x_wconf 85' lang='lat' dir='ltr'><strong>materni</strong></span> <span class='ocrx_word' id='word_1_853' title='bbox 1130 5510 1335 5577; x_wconf 83' lang='lat' dir='ltr'><strong>peccati</strong></span> <span class='ocrx_word' id='word_1_854' title='bbox 1394 5522 1552 5562; x_wconf 84' lang='lat' dir='ltr'><strong>reum.</strong></span> <span class='ocrx_word' id='word_1_855' title='bbox 1618 5524 1737 5563; x_wconf 85' lang='lat' dir='ltr'><strong>esse</strong></span> <span class='ocrx_word' id='word_1_856' title='bbox 1795 5510 1985 5563; x_wconf 76' lang='lat' dir='ltr'><strong>filium.</strong></span> 
     </span>
    </p>
   </div>
   <div class='ocr_carea' id='block_1_109' title="bbox 418 5598 1993 5670">
    <p class='ocr_par' dir='ltr' id='par_1_109' title="bbox 418 5598 1993 5670">
     <span class='ocr_line' id='line_1_109' title="bbox 418 5598 1993 5670; baseline 0.001 -16"><span class='ocrx_word' id='word_1_857' title='bbox 418 5598 668 5654; x_wconf 85' lang='lat' dir='ltr'><strong>Occurrit</strong></span> <span class='ocrx_word' id='word_1_858' title='bbox 698 5600 838 5655; x_wconf 89' lang='lat' dir='ltr'><strong>enim</strong></span> <span class='ocrx_word' id='word_1_859' title='bbox 864 5601 1039 5666; x_wconf 87' lang='lat' dir='ltr'><strong>nobis,</strong></span> <span class='ocrx_word' id='word_1_860' title='bbox 1068 5602 1208 5670; x_wconf 86' lang='lat' dir='ltr'><strong>quod</strong></span> <span class='ocrx_word' id='word_1_861' title='bbox 1242 5601 1440 5655; x_wconf 83' lang='lat' dir='ltr'><strong>alicubi</strong></span> <span class='ocrx_word' id='word_1_862' title='bbox 1480 5610 1659 5655; x_wconf 75' lang='lat' dir='ltr'><strong>exstat</strong></span> <span class='ocrx_word' id='word_1_863' title='bbox 1688 5604 1827 5669; x_wconf 82' lang='lat' dir='ltr'><strong>apud</strong></span> <span class='ocrx_word' id='word_1_864' title='bbox 1862 5603 1993 5655; x_wconf 78' lang='lat' dir='ltr'><strong>Eze-</strong></span> 
     </span>
    </p>
   </div>
   <div class='ocr_carea' id='block_1_110' title="bbox 2090 5504 3679 5580">
    <p class='ocr_par' dir='ltr' id='par_1_110' title="bbox 2090 5504 3679 5580">
     <span class='ocr_line' id='line_1_110' title="bbox 2090 5504 3679 5580; baseline -0.008 -13"><span class='ocrx_word' id='word_1_865' title='bbox 2090 5515 2187 5568; x_wconf 81' lang='grc' dir='ltr'>Διά</span> <span class='ocrx_word' id='word_1_866' title='bbox 2213 5514 2372 5567; x_wconf 85' lang='grc' dir='ltr'>ποίαν</span> <span class='ocrx_word' id='word_1_867' title='bbox 2387 5514 2595 5575; x_wconf 83' lang='grc' dir='ltr'>αἰτίαν;</span> <span class='ocrx_word' id='word_1_868' title='bbox 2629 5513 2747 5564; x_wconf 87' lang='grc' dir='ltr'>’Ὁτι</span> <span class='ocrx_word' id='word_1_869' title='bbox 2772 5510 2938 5563; x_wconf 86' lang='grc' dir='ltr'>τέκνα</span> <span class='ocrx_word' id='word_1_870' title='bbox 2964 5509 3220 5580; x_wconf 89' lang='grc' dir='ltr'>πορνείας</span> <span class='ocrx_word' id='word_1_871' title='bbox 3249 5508 3376 5561; x_wconf 89' lang='grc' dir='ltr'>εἰσί.</span> <span class='ocrx_word' id='word_1_872' title='bbox 3394 5507 3501 5560; x_wconf 68' lang='grc' dir='ltr'><strong>Καὶ</strong></span> <span class='ocrx_word' id='word_1_873' title='bbox 3531 5506 3590 5558; x_wconf 78' lang='grc' dir='ltr'><strong>οὐ</strong></span> <span class='ocrx_word' id='word_1_874' title='bbox 3617 5504 3679 5571; x_wconf 83' lang='grc' dir='ltr'>δή</span> 
     </span>
    </p>
   </div>
   <div class='ocr_carea' id='block_1_111' title="bbox 2095 5598 3677 5677">
    <p class='ocr_par' dir='ltr' id='par_1_111' title="bbox 2095 5598 3677 5677">
     <span class='ocr_line' id='line_1_111' title="bbox 2095 5598 3677 5677; baseline -0.009 -18"><span class='ocrx_word' id='word_1_875' title='bbox 2095 5607 2194 5660; x_wconf 84' lang='grc' dir='ltr'>πού</span> <span class='ocrx_word' id='word_1_876' title='bbox 2223 5624 2400 5677; x_wconf 82' lang='grc' dir='ltr'>φαμεν</span> <span class='ocrx_word' id='word_1_877' title='bbox 2430 5607 2509 5659; x_wconf 75' lang='grc' dir='ltr'><strong>ὅτι</strong></span> <span class='ocrx_word' id='word_1_878' title='bbox 2544 5606 2641 5676; x_wconf 85' lang='grc' dir='ltr'><strong>τῆς</strong></span> <span class='ocrx_word' id='word_1_879' title='bbox 2662 5604 2866 5675; x_wconf 85' lang='grc' dir='ltr'>μητρὸς</span> <span class='ocrx_word' id='word_1_880' title='bbox 2894 5602 3368 5675; x_wconf 85' lang='grc' dir='ltr'>πλημμελήμασιν</span> <span class='ocrx_word' id='word_1_881' title='bbox 3389 5598 3677 5652; x_wconf 79' lang='grc' dir='ltr'>ὑπόκειται</span> 
     </span>
    </p>
   </div>
   <div class='ocr_carea' id='block_1_112' title="bbox 493 5776 2957 5857">
    <p class='ocr_par' dir='ltr' id='par_1_112' title="bbox 493 5776 2957 5857">
     <span class='ocr_line' id='line_1_112' title="bbox 493 5776 2957 5857; baseline 0 -26"><span class='ocrx_word' id='word_1_882' title='bbox 493 5776 543 5857; x_wconf 55' lang='lat' dir='ltr'><em>f‘</em></span> <span class='ocrx_word' id='word_1_883' title='bbox 571 5776 758 5834; x_wconf 75' lang='lat' dir='ltr'><strong>Matth.</strong></span> <span class='ocrx_word' id='word_1_884' title='bbox 784 5795 879 5845; x_wconf 79' lang='lat' dir='ltr'><strong>xu,</strong></span> <span class='ocrx_word' id='word_1_885' title='bbox 920 5780 1119 5835; x_wconf 58' lang='lat'><strong>45-45.</strong></span> <span class='ocrx_word' id='word_1_886' title='bbox 1200 5779 1239 5809; x_wconf 55' lang='grc' dir='ltr'>ιδ</span> <span class='ocrx_word' id='word_1_887' title='bbox 1269 5780 1405 5835; x_wconf 59' lang='lat' dir='ltr'><strong>l’sal.</strong></span> <span class='ocrx_word' id='word_1_888' title='bbox 1443 5798 1599 5844; x_wconf 62' lang='lat' dir='ltr'><strong>xxxv,</strong></span> <span class='ocrx_word' id='word_1_889' title='bbox 1652 5780 1791 5834; x_wconf 83' lang='lat' dir='ltr'><strong>8-l0.</strong></span> <span class='ocrx_word' id='word_1_890' title='bbox 1878 5782 1917 5810; x_wconf 70' lang='grc'><strong>⁸⁸</strong></span> <span class='ocrx_word' id='word_1_891' title='bbox 1958 5784 2141 5834; x_wconf 66' lang='lat' dir='ltr'><strong>Amm.</strong></span> <span class='ocrx_word' id='word_1_892' title='bbox 2176 5796 2288 5844; x_wconf 73' lang='lat' dir='ltr'><strong>VIII,</strong></span> <span class='ocrx_word' id='word_1_893' title='bbox 2328 5783 2405 5841; x_wconf 81' lang='lat' dir='ltr'><strong>II,</strong></span> <span class='ocrx_word' id='word_1_894' title='bbox 2443 5780 2503 5833; x_wconf 74' lang='lat' dir='ltr'><strong>tz‘.</strong></span> <span class='ocrx_word' id='word_1_895' title='bbox 2580 5780 2620 5809; x_wconf 79' lang='grc'>¹⁶</span> <span class='ocrx_word' id='word_1_896' title='bbox 2653 5778 2764 5833; x_wconf 74' lang='lat' dir='ltr'><strong>ler.</strong></span> <span class='ocrx_word' id='word_1_897' title='bbox 2799 5795 2873 5842; x_wconf 69' lang='grc' dir='ltr'>γι,</span> <span class='ocrx_word' id='word_1_898' title='bbox 2904 5780 2957 5833; x_wconf 88' lang='lat' dir='ltr'><strong>S.</strong></span> 
     </span>
    </p>
   </div>
  </div>
