4002 6220
328 235 404 289 65
1252 230 1802 289 COMMENTARIUS
1846 230 1906 284 ΙΝ
1953 233 2175 285 USEAM
2230 232 2669 285 l‘liOl’llE'l‘AM.
3519 236 3586 289 66

330 348 553 401 τέκνον*
600 345 858 416 βαδιεῖται
886 345 993 416 γάρ
1031 347 1160 416 ἡμῖν
1192 347 1313 401 ὅποι
1360 349 1490 401 ποτὲ
1528 349 1588 401 τὸ
1621 348 1705 401 διὰ
1736 352 1914 419 φωνῆς

2024 346 2247 402 chielcm
2277 367 2289 401 :
2328 368 2345 399 ‹
2367 348 2481 401 Non
2516 344 2810 398 morientur
2871 352 3050 413 patres
3083 362 3177 415 pro
3211 348 3355 415 ﬁliis,
3412 363 3588 418 neque

339 437 647 507 Ἱεζεχιήλ·
726 436 892 491 «Οὐκ
979 436 1373 492 ἀποθανοῦνται
1469 441 1697 511 πατέρες
1776 442 1914 510 ὑπὲρ

269 547 285 557 °
325 529 544 582 τέκνων
570 570 585 594 ,
622 527 743 579 οὐδέ
772 527 937 581 τέκνα
966 528 1104 599 ὑπὲρ
1138 529 1420 599 πατέρων
1464 532 1691 594 ἕκαστος
1723 534 1786 602 τῇ
1814 531 1916 600 ἰδίᾳ

329 617 585 688 ἁμαρτίᾳ
626 616 1044 673 ἀποθανεῖται.»
1103 619 1296 671 ’ἰστέον
1332 620 1389 672 δέ
1431 621 1649 690 μᾶλλον,
1691 622 1770 674 ὅτι
1816 621 1917 673 κᾶν

326 708 618 777 ἐπινοῆται
670 708 958 776 πρόσωπον
1009 708 1373 778 πορνευούσης
1432 710 1666 780 μητρὸς,
1739 711 1813 772 ὡς
1861 712 1918 762 ἐν

326 799 491 868 τύπῳ
524 799 623 867 τῆς
662 798 1012 867 Συναγωγῆς,
1060 799 1172 851 ἀλλ’
1203 799 1353 852 οὐδὲν
1375 795 1535 871 ἦττον
1577 801 1727 853 αὐτοὶ
1758 801 1918 853 πάλιν

329 892 399 943 iv
437 887 546 941 εἷεν
577 890 626 940 οἰ
667 888 727 952 ἐξ
774 889 963 957 αὐτῆς.
1014 889 1204 957 Λέγων
1254 890 1330 953 δὲ,
1388 892 1469 943 ὅτι
1519 892 1773 962 πορνείας
1814 892 1919 944 εἰσὶ¹

327 983 523 1041 τέκνα,
554 979 869 1048 παρέδειξεν
902 979 1162 1050 ἐναργῶς,
1189 982 1269 1034 ὅτι
1290 984 1400 1044 τοῖς
1427 983 1525 1052 τῆς
1554 983 1747 1052 νοητῆς
1787 1000 1919 1051 πορ-

331 1072 484 1132 νείας
512 1072 850 1139 ἐγκλήμασιν
878 1070 1051 1140 ἔνοχοι
1093 1071 1487 1142 καθεστήκασι,
1543 1074 1638 1126 καὶ
1674 1074 1829 1126 τοῦτο
1860 1073 1921 1136 ἐξ

331 1162 518 1214 αὐτῶν
568 1162 735 1213 οἱονεὶ
810 1164 1137 1231 σπαργάνων
1194 1165 1284 1214 καὶ
1337 1165 1553 1234 μήτρας
1607 1163 1921 1232 δεδυσσεϐη-

332 1254 514 1314 κότες,
570 1253 663 1304 καὶ
704 1252 823 1304 οὐδὲ
871 1254 1089 1305 πώποτε
1134 1255 1240 1307 τῶν
1293 1256 1371 1318 είς
1416 1255 1695 1307 εὐσέϐειαν
1745 1254 1921 1325 ἔργων

333 1345 630 1412 ἁψάμενοι,
695 1344 1108 1414 ἀνεπιτήδευτον
1152 1344 1208 1397 δὲ
1264 1346 1540 1408 παντελῶς
1584 1345 1682 1416 τὴν
1723 1345 1921 1417 ἀρετὴν

332 1437 652 1505 ἐσχηκότες,
686 1436 785 1504 τὴν
816 1435 1142 1489 ἁνδάνουσαν
1178 1436 1256 1508 τῷ
1294 1436 1411 1507 Θεῷ
1452 1436 1635 1508 τρίϐον
1679 1438 1751 1507 οὐκ
1778 1455 1923 1489 τετι-

335 1529 595 1599 μηκότες.
633 1525 790 1579 Οῦτω
822 1528 917 1579 καὶ
944 1528 971 1578 ό
996 1527 1224 1581 Ψάλλων
1255 1529 1441 1598 φησιν,
1491 1547 1509 1579 ι
1534 1528 1921 1600 Ἀπηλλοτριώ-

274 1604 287 1615 ’
333 1621 511 1689 ϐησαν
557 1620 603 1670 οἱ
649 1618 966 1687 ἁμαρτωλοὶ
991 1618 1098 1670 ἀπὸ
1130 1621 1359 1689 μήτρας,
1405 1620 1783 1690 ἐπλανήθησαν
1818 1620 1924 1674 ἀπὸ

2019 439 2113 494 filii
2141 454 2237 508 pro
2264 440 2544 507 patribus;
2573 436 2945 505 unusquisque
2982 437 3033 490 in
3064 448 3283 505 peccato
3340 453 3439 493 suo
3467 455 3587 493 mo-

2019 530 2189 585 rietur
2218 532 2282 585 ".
2318 551 2336 582 ι
2365 528 2678 582 Tenendum
2734 529 2934 595 potius,
2985 530 3229 597 quamvis
3280 532 3586 599 excogitata

2017 623 2089 677 sit
2150 636 2376 691 persona
2428 620 2743 675 fornicantis
2790 620 3000 686 matris,
3055 630 3111 674 ut
3170 631 3325 690 typus
3368 622 3587 690 quidam

2019 713 2316 783 Synagogze
2353 750 2367 776 ,
2427 710 2783 766 nihilominus
2862 726 3015 779 teque
3071 711 3391 767 fornicarios
3442 727 3584 775 esse,

2019 807 2109 872 qui
2140 819 2207 858 ex
2262 817 2323 855 ea
2359 804 2704 857 exstiterunt.
2735 802 2869 857 Cum
2897 812 3074 854 autem
3106 801 3235 855 dicit
3278 818 3398 857 esse
3449 802 3586 857 filios

2019 894 2404 958 fornicationis,
2434 892 2716 946 manifeste
2775 892 3029 957 ostendit,
3050 891 3418 947 fornicationis
3466 908 3586 961 quae

2021 986 2367 1056 intelligentia
2400 984 2694 1054 percipitur
2720 984 2946 1037 crimine
2979 983 3148 1037 teneri
3177 996 3193 1035 :
3221 994 3274 1037 et
3307 984 3407 1041 hoc
3452 1000 3585 1053 qua-

2021 1080 2064 1133 si
2102 1080 2169 1131 ab
2200 1077 2328 1146 ipsis
2358 1075 2537 1129 fasciis
2567 1082 2621 1129 et
2653 1083 2807 1128 utero
2861 1074 3007 1141 impii
3061 1072 3281 1137 fuerint,
3338 1089 3438 1128 nec
3487 1091 3586 1129 un-

2021 1182 2179 1236 quam
2220 1180 2379 1235 Opera
2427 1164 2637 1233 pietatis
2670 1164 2965 1231 attigerint,
3034 1164 3345 1232 nullamque
3399 1164 3584 1219 virtuti

2020 1273 2233 1326 operam
2270 1257 2511 1309 dederint
2541 1293 2556 1319 ,
2591 1270 2689 1309 nec
2745 1255 2886 1308 viam
2912 1256 3019 1308 Deo
3057 1254 3356 1323 placentem
3409 1256 3586 1323 magni

2022 1348 2267 1403 fecerint.
2296 1347 2437 1400 Idem
2464 1344 2711 1401 Psaltes:
2755 1364 2773 1397 ι
2812 1346 3041 1400 Alienati
3089 1356 3213 1401 sunt
3276 1356 3588 1416 peccatores

2023 1454 2051 1491 a
2075 1439 2252 1503 vulva,
2288 1446 2607 1493 erraverunt
2632 1440 2699 1491 ab
2732 1447 2907 1501 utero,
2934 1436 3090 1491 locuti
3121 1447 3248 1493 sunt
3302 1438 3433 1493 falsa
3458 1438 3523 1503 η,
3561 1456 3581 1490 ι

2024 1544 2142 1583 cum
2173 1540 2358 1583 contra
2386 1529 2603 1598 quilibet
2624 1529 2742 1600 pius
2768 1538 2824 1583 et
2840 1528 3331 1597 operibusjustitize
3354 1530 3588 1587 innutri-

2028 1629 2109 1674 tus
2130 1621 2433 1674 exclamare
2457 1622 2520 1673 ad
2540 1621 2706 1674 Deum
2732 1620 2998 1677 luculente
3027 1623 3226 1692 possit:
3257 1642 3275 1674 ι
3311 1624 3366 1678 ln
3394 1632 3445 1678 te
3463 1638 3589 1693 pro-

337 1708 597 1780 γαστρὸς,
630 1708 895 1778 ἐλάλησαν
913 1708 1079 1779 ψευδῆ
1106 1726 1119 1739 ο
1149 1730 1167 1762 ι
1202 1711 1378 1764 καίτοι
1408 1712 1606 1775 παντὸς
1628 1710 1904 1777 εὐσεϐοῦς»

2029 1718 2178 1763 ectus
2201 1724 2316 1761 sum
2344 1723 2408 1761 ex
2443 1718 2631 1776 utero;
2659 1712 2725 1763 de
2739 1717 2923 1765 ventre
2936 1712 3125 1767 matris
3139 1727 3267 1768 mea:
3284 1713 3422 1769 Deus
3436 1728 3589 1769 meus

337 1801 435 1855 καὶ
498 1803 613 1863 τοῖς
666 1800 767 1870 τῆς
822 1799 1165 1871 δικαιοσύνης
1210 1801 1389 1872 ἔργοις
1449 1803 1905 1875 ὲντεθραμμένου,

332 1891 603 1963 λαμπρῶς
632 1892 931 1959 ἀναφωνεῖν
966 1891 1258 1962 δυναμένου
1289 1894 1425 1964 πρὸς
1453 1894 1604 1959 Θεὸν,
1628 1913 1645 1945 ι
1691 1894 1812 1946 Ἐπὶ
1860 1893 1919 1945 σὲ

342 1983 651 2055 ὲπερῤίφην
698 1982 762 2035 ἐκ
813 1984 1057 2053 μήτρας·
1115 1984 1222 2037 ἀπὸ
1273 1985 1509 2053 γαστρὸς
1564 1984 1769 2055 μητρός
1814 2000 1915 2053 μου

339 2074 477 2136 Θεός
533 2090 636 2143 μου
678 2067 730 2125 εἴ
784 2071 869 2126 σύ.
898 2091 917 2124 ι
972 2073 1181 2144 Ὠσπερ
1230 2076 1285 2127 δὲ
1312 2074 1418 2127 εἰσὶ
1452 2074 1645 2142 φωτὸς,
1682 2075 1775 2127 καὶ
1810 2073 1915 2126 υἱοὶ

333 2165 550 2235 ἡμέρας
579 2163 764 2217 νοοῖντ⁹
791 2163 859 2217 ἂν
886 2163 1128 2227 είκότως,
1160 2165 1209 2217 οἱ
1237 2166 1312 2229 ὡς
1341 2167 1397 2218 ἐν
1427 2165 1565 2233 φωτὶ
1615 2166 1708 2217 καὶ
1737 2163 1917 2235 ἡμέρᾳ

335 2255 748 2325 πολιτευόμενοι
780 2255 1049 2326 λαμπρῶς
1099 2274 1157 2310 τε
1204 2258 1298 2309 καὶ
1335 2256 1718 2328 εὐσχημόνως’
1774 2255 1915 2309 οὕτω

336 2348 442 2401 κᾶν
489 2348 537 2399 εί
577 2346 818 2415 λέγοιντο
866 2348 1121 2417 πορνείας
1168 2349 1332 2401 τέκνα
1372 2348 1535 2412 τινὲς,
1572 2347 1694 2410 τοὺς
1738 2347 1813 2409 ὡς
1855 2348 1913 2399 ἐν

336 2440 594 2509 πορνείῳ,
624 2439 717 2491 καὶ
738 2441 803 2510 τῇ
833 2438 953 2492 λίαν
977 2440 1332 2510 ἐκτοπωτάτῃ
1356 2439 1467 2511 ζωῇ
1485 2439 1701 2508 νοήσεις
1730 2438 1912 2501 πάλιν,

336 2531 433 2593 οῦς
463 2531 858 2600 κατοικτείρειν
904 2530 1005 2582 οὐκ
1057 2530 1216 2595 ἀξιοῖ,
1257 2550 1274 2583 ι
1304 2531 1437 2584 διότι
1482 2530 1845 2599 πεπόρνευκεν
1881 2530 1914 2596 ή

336 2623 522 2691 μήτηρ
550 2619 753 2685 αὐτῶν,
784 2620 1124 2691 κατῄσχυνεν
1179 2624 1212 2691 ὴ
1259 2620 1495 2674 τεκοῦσα
1523 2619 1680 2672 αὐτὰ.
1709 2636 1726 2669 ι
1781 2620 1923 2671 Κατ-

332 2713 535 2783 ᾐσχυνε
561 2712 617 2764 δὲ
642 2712 837 2782 ἑαυτὴν
864 2713 1127 2782 δηλονότι,
1153 2713 1247 2765 καὶ
1271 2712 1339 2764 τὰ
1362 2711 1419 2775 ἐξ
1448 2709 1618 2779 αὐτῆς
1640 2706 1920 2775 ἀναφύντα

2015 1815 2073 1853 es
2112 1809 2165 1852 tu
2190 1800 2285 1854 ¹⁹.»
2309 1799 2762 1866 Quemadmodum
2777 1800 2868 1855 filii
2896 1801 3115 1868 lucis,et
3147 1804 3236 1856 lilii
3258 1804 3362 1858 diei
3393 1806 3588 1859 merito

2024 1901 2223 1957 queant
2250 1890 2493 1961 intelligi,
2522 1892 2613 1959 qui
2645 1902 2702 1946 ut
2731 1893 2783 1947 in
2832 1893 2951 1948 luce
2996 1903 3051 1948 et
3102 1894 3189 1948 die
3233 1896 3487 1962 prmelare
3532 1906 3589 1952 et

2020 1979 2243 2035 honeste
2284 1981 2445 2034 vitam
2475 1982 2712 2052 degunt;
2750 1982 2821 2036 ita
2847 1984 3008 2038 etiam
3044 1986 3087 2039 si
3140 1987 3231 2055 qui
3268 1986 3361 2040 filii
3414 1986 3585 2041 forni-

2021 2072 2250 2125 cationis
2294 2071 2561 2137 dicantur,
2619 2073 2883 2142 intelliges
2932 2074 3166 2129 vicissim
3225 2085 3477 2145 tanquam
3530 2078 3585 2132 in

2021 2160 2286 2231 lupanari,
2319 2174 2373 2219 et
2402 2162 2454 2217 in
2501 2178 2699 2232 genere
2745 2166 2868 2220 vita:
2935 2167 3243 2234 turpissimo
3285 2178 3584 2235 versantes,

2020 2267 2157 2321 quos
2214 2254 2581 2309 misericordia
2615 2271 2720 2311 non
2767 2256 3037 2324 dignatur,
3095 2258 3266 2327 «quia
3325 2258 3588 2314 fornicata

2019 2351 2102 2397 est
2132 2352 2303 2398 mater
2351 2359 2577 2410 eorum;
2627 2346 2831 2415 pudore
2870 2346 3047 2403 affecit
3081 2362 3173 2403 eos
3211 2363 3329 2417 quae
3380 2352 3589 2419 peperit

2021 2448 2132 2487 eos.
2171 2453 2189 2485 ι
2230 2434 2507 2490 l’udefecit
2534 2446 2712 2491 autem
2750 2438 2980 2506 seipsam
3021 2439 3287 2505 videlicet,
3341 2452 3395 2494 et
3451 2443 3589 2497 filios

2022 2541 2083 2579 ex
2117 2542 2175 2579 se
2201 2537 2375 2582 natos.
2409 2528 2560 2582 Sicut
2600 2529 2740 2582 enim
2767 2530 2912 2596 justo
2938 2545 3033 2584 sua
3076 2533 3249 2586 virtus
3301 2533 3482 2587 decori
3533 2543 3589 2588 et

2020 2628 2357 2679 ornamento,
2399 2619 2467 2671 ita
2492 2619 2662 2673 cuivis
2686 2619 2951 2674 scelerato
2973 2635 3070 2674 sua
3104 2621 3307 2675 scelera
3336 2621 3588 2677 dedecori

2023 2722 2082 2759 ac
2119 2710 2307 2776 pudori
2361 2719 2505 2762 sunt.

333 2806 522 2859 τέκνα.
558 2806 767 2876 Ὠσπερ
795 2805 904 2876 γάρ
933 2807 1077 2858 ἐστιν
1108 2807 1164 2858 ὲν
1190 2804 1468 2875 αὐχήμασι
1486 2804 1596 2865 τοῖς
1652 2803 1730 2863 είς
1788 2799 1985 2870 ἀρετὴν
2022 2801 2050 2852 ό
2097 2800 2333 2863 δίκαιος·
2401 2800 2572 2864 οὕτως
2622 2803 2681 2854 ἐν
2726 2802 2977 2874 αἰσχύνῃ,
3037 2803 3130 2857 καὶ
3184 2805 3415 2878 ἐντροπῇ
3483 2801 3592 2857 πᾶς

333 2896 620 2967 δυσσεϐὴς.

404 2983 551 3041 Εἶχε
608 2988 739 3055 γὰρ,
794 2986 1169 3054 Πορεύσομαι
1228 2984 1421 3037 ὀπίσω
1482 2984 1601 3038 τῶν
1652 2978 1919 3048 ἐραστῶν

2091 2979 2201 3049 36
2229 2977 2390 3032 Vens.
2415 2979 2467 3033 5.
2507 2978 2655 3032 Dixit
2718 2981 2854 3033 enim
2878 2998 2895 3034 :
2942 2981 3139 3036 Vadam
3200 2984 3271 3038 ad
3328 2997 3589 3043 amatores

334 3094 483 3145 μου,
510 3074 626 3127 τῶν
649 3076 938 3129 διδόντων
968 3094 1067 3146 μοι
1106 3076 1248 3140 τοὺς
1290 3075 1508 3142 ἄρτους
1545 3091 1684 3141 μου,
1717 3072 1815 3124 καὶ
1856 3071 1923 3123 τὸ

333 3166 499 3234 ὕδωρ
514 3184 652 3234 μου,
691 3168 789 3219 καὶ
834 3167 903 3221 τὰ
931 3165 1130 3235 Ιμάτιά
1162 3184 1302 3235 μου,
1335 3165 1433 3218 καί
1461 3165 1533 3218 τὰ
1557 3163 1760 3217 ὀθόνιά
1782 3180 1924 3232 μου,

335 3258 438 3312 καὶ
469 3258 533 3309 τὸ
562 3257 770 3310 ἔλαιόν
793 3273 933 3325 μου,
964 3256 1062 3309 καί
1094 3255 1290 3309 πάντα
1314 3254 1429 3308 ὅσα
1451 3272 1553 3324 μοι
1584 3253 1851 3319 καθήκει.

410 3349 511 3401 IA'.
564 3346 829 3417 Ἐραστάς
859 3346 1029 3416 αὐτῆς
1053 3343 1188 3399 εἷναί
1242 3362 1375 3414 φησι
1412 3345 1536 3408 τοὺς
1580 3344 1924 3415 ἀκαθάρτους

334 3438 622 3506 δαίμονας,
654 3438 781 3508 περὶ
809 3437 902 3500 οὓς
932 3437 1139 3505 λέγοιτο
1186 3436 1214 3488 ὁ
1262 3437 1364 3506 τῆς
1400 3438 1654 3506 πορνείας
1690 3436 1929 3488 πεποιεῑ-

341 3529 467 3582 σθαι
499 3528 718 3599 τρόπος.
766 3528 840 3580 Τὸ
865 3528 974 3598 γὰρ
1002 3530 1121 3590 ταῖς
1146 3527 1369 3580 ἐκείνων
1398 3526 1629 3579 ἕπεσθαι
1657 3525 1924 3597 γνώμαις,

336 3620 435 3671 καὶ
468 3617 537 3670 τα
560 3618 740 3680 αὐτοῖς
767 3615 1029 3670 δοκοῦντα
1078 3615 1339 3687 πληροῦν,
1378 3615 1555 3678 τοῦτο,
1592 3611 1775 3684 οἶμαι,
1803 3615 1924 3670 ἐστὶ

337 3707 399 3760 τὸ
420 3708 762 3775 ἀσελγαίνειν
792 3707 1113 3779 ἁμαρτίαις,
1142 3708 1237 3759 καὶ
1261 3706 1501 3759 διαϐιοῦν
1535 3706 1797 3775 αἰσχρῶς,
1831 3706 1925 3757 καὶ

338 3800 437 3869 τῆς
472 3800 707 3868 ἐσχάτης
752 3798 1084 3867 φαυλότητος
1118 3796 1613 3868 ἀναπίμπλασθαι,
1668 3796 1826 3865 μόνον
1869 3795 1924 3848 δέ

340 3890 466 3958 οὐχὶ
515 3890 612 3941 καὶ
666 3892 724 3941 ὲν
783 3889 969 3941 ὠδῖσιν
1009 3888 1153 3958 ἔχειν
1204 3889 1312 3941 πᾶν
1369 3883 1509 3950 εἶδος
1556 3885 1920 3956 ἀκαθαρσίας.

342 3979 557 4050 Ὠσπερ
586 3981 693 4051 γὰρ
719 3981 766 4032 οἱ
796 3981 887 4034 τὸν
919 3980 1059 4033 θεῖον
1092 3980 1372 4042 ὠδίνοντες
1398 3980 1581 4048 φόϐον,
1618 3978 1924 4046 ἀνακεκρᾶ-

344 4089 473 4139 γασι
524 4072 658 4143 πρὸς
706 4072 859 4140 Θεὸν,
906 4072 1045 4125 «Διὰ
1105 4071 1195 4123 τὸν
1240 4072 1402 4141 φόϐον
1446 4088 1561 4131 σου,
1616 4068 1805 4139 Κύριε,
1866 4068 1924 4120 ἐν

343 4167 545 4235 γαστρὶ
572 4165 856 4237 ἐλάϐομεν,
913 4168 1008 4233 καὶ
1062 4166 1422 4237 ὠδινήσαμεν,
1492 4166 1586 4218 καὶ
1641 4164 1919 4232 ἐτέκομεν,

345 4256 566 4324 πνεῦμα
595 4258 862 4327 σωτηρίου
898 4275 989 4310 σου
1018 4258 1329 4327 ἐκυήσαμεν
1358 4256 1450 4309 ἐπί
1479 4258 1577 4325 τῆς
1606 4255 1760 4324 γῆς’»
1783 4252 1923 4306 οὕτω

2027 3072 2298 3137 meos,qui
2332 3071 2457 3122 dant
2505 3072 2630 3123 mihi
2661 3088 2817 3137 panes
2878 3090 3038 3139 meos,
3073 3086 3119 3127 et
3158 3092 3349 3145 aquam
3397 3096 3588 3145 meam,

2023 3172 2069 3215 et
2103 3164 2401 3215 vestimenta
2426 3175 2622 3229 mea,et
2655 3163 2813 3216 lintea
2842 3181 2975 3228 mea,
3022 3177 3068 3219 et
3101 3168 3269 3221 oleum
3289 3185 3479 3235 meum,
3539 3181 3589 3226 et

2025 3253 2199 3303 omnia
2228 3268 2546 3321 quacunque
2581 3253 2707 3304 mihi
2734 3256 3069 3307 conveniunt.

2096 3340 2233 3395 XIV.
2264 3344 2547 3395 Amatores
2577 3343 2691 3407 ejus
2731 3344 2805 3396 ait
2831 3358 2950 3397 esse
3007 3345 3243 3409 impuros
3296 3347 3588 3411 daemonas.

2024 3448 2142 3487 cum
2168 3433 2365 3501 quibus
2421 3432 2705 3485 fornit-atio
2747 3432 3137 3500 quodammodo
3176 3436 3459 3490 commissa
3484 3440 3589 3493 dici

2025 3535 2219 3594 potest.
2252 3525 2462 3578 Illorum
2496 3527 2639 3578 enim
2670 3525 2817 3593 sequi
2851 3526 3199 3590 voluntatem,
3238 3535 3429 3595 etquae
3461 3529 3590 3596 ipsis

2024 3618 2236 3686 placent
2268 3627 2599 3686 perpetrare,
2638 3619 2738 3672 hoc
2769 3628 2871 3683 est,
2908 3628 2965 3671 ut
2995 3619 3264 3685 existimo,
3289 3622 3592 3689 protervius

2024 3709 2270 3763 lascivire
2298 3708 2351 3760 in
2374 3710 2630 3777 peccatis,
2661 3717 2713 3761 et
2745 3709 2972 3777 turpiter
2994 3710 3195 3774 vivere,
3231 3720 3285 3764 et
3315 3727 3371 3766 se
3410 3724 3592 3768 extre-

2024 3813 2107 3851 ma
2142 3798 2379 3866 nequitia
2417 3798 2767 3867 ingurgitare,
2806 3808 2859 3851 et
2887 3807 3092 3852 tantum
3121 3814 3223 3853 non
3248 3801 3408 3855 etiam
3431 3818 3592 3858 omne

2022 3904 2190 3959 genus
2215 3889 2567 3943 immunditize
2596 3890 2883 3958 parturire.
2918 3889 3376 3955 Quemadmodum
3440 3895 3586 3947 enim

2022 3980 2112 4048 qui
2149 3980 2394 4034 timorem
2426 3980 2661 4033 divinum
2693 3979 3015 4047 parturiunt,
3036 3978 3271 4034 clamant
3305 3985 3369 4035 ad
3402 3984 3587 4037 Deum:

2029 4089 2047 4121 ι
2082 4069 2306 4139 Propter
2340 4070 2583 4124 timorem
2607 4079 2778 4133 tuum,
2812 4069 3055 4136 Domine,
3091 4070 3143 4123 in
3173 4080 3330 4125 utero
3383 4076 3590 4142 accepi-

2025 4177 2165 4227 mus,
2198 4171 2251 4215 et
2272 4162 2674 4229 parturivimus,
2699 4170 2751 4213 et
2776 4162 3081 4230 peperimus
3099 4206 3114 4229 ,
3134 4165 3380 4233 spiritum
3404 4167 3591 4219 salutis

2028 4260 2129 4303 tua-
2150 4249 2452 4318 peperimus
2467 4262 2628 4318 super
2657 4257 2855 4303 terram
2885 4252 2961 4316 ³ος
3000 4269 3017 4302 ι
3053 4254 3124 4306 ita
3171 4254 3260 4322 qui
3289 4255 3588 4309 dmmonum

346 4346 579 4409 καὶτοῖς
607 4346 715 4399 τῶν
743 4348 1011 4418 δαιμόνων
1072 4348 1388 4418 ἐπιθυμίαις
1418 4346 1635 4408 ἀνέντες
1677 4344 1765 4396 τὸν
1802 4343 1919 4396 νοῦν

2029 4340 2409 4408 cupiditatibus
2434 4341 2653 4406 cedunt,
2686 4341 2829 4397 illico
2877 4352 3108 4397 mentem
3142 4346 3287 4400 omni
3319 4347 3593 4416 impietate

346 4439 568 4507 ἁπάσης
610 4438 769 4503 εὐθὺς
799 4439 1051 4503 ἀσεϐείας
1106 4440 1397 4510 ἐπίμεστον
1447 4438 1682 4507 ἔχουσιν,
1727 4438 1774 4487 οἱ
1814 4433 1919 4486 τῶν

345 4529 512 4582 θείων
574 4530 975 4597 ἀποφοιτῶντες
1048 4532 1252 4602 νόμων,
1310 4530 1531 4600 ἀπάσης
1589 4526 1921 4597 φαυλότητος

345 4619 716 4688 ἑπιτηδευταί.
757 4622 1015 4692 Ἐρασταὶ
1045 4622 1109 4692 δὴ
1126 4618 1218 4675 οῦν
1249 4622 1477 4693 πονηροί
1504 4638 1563 4673 τε
1614 4620 1707 4674 καὶ
1736 4619 1921 4687 ἀλιτή-

350 4727 457 4779 ριοι
484 4710 595 4762 τῶν
628 4713 709 4774 είς
754 4712 1006 4766 ἀσέϐειαν
1040 4713 1478 4766 ἀπονενευκότων
1522 4713 1571 4765 οἱ
1620 4712 1923 4765 ἀποστάται

348 4800 624 4869 δαίμονες,
676 4798 759 4866 οἷς
787 4804 839 4856 et
871 4821 955 4866 τις
986 4804 1163 4856 ἕλοιτο
1214 4804 1502 4875 προσέχειν
1538 4802 1701 4865 θεοῖς,
1736 4802 1924 4853 δυσσε-

347 4892 508 4962 ϐήσει
535 4893 743 4955 δεινῶς.
788 4895 1095 4965 Ἀνατίθησι
1134 4896 1242 4967 γὰρ
1280 4897 1463 4958 αὐτοῖς
1493 4894 1585 4947 καὶ
1610 4888 1682 4946 ὧν
1724 4893 1785 4945 ἂν
1813 4892 1923 4961 ἔχοι

346 4981 445 5051 τήν
472 4980 665 5054 χάριν,
710 4984 801 5037 καὶ
826 4988 947 5048 ταῖς
975 4987 1272 5057 εὐφημίαις
1310 4984 1697 5054 καταγεραίρει
1726 4982 1923 5033 πολλά-

349 5090 457 5135 κις,
507 5075 601 5126 καὶ
643 5076 907 5145 ἀναφέρει
939 5078 1007 5129 τά
1054 5080 1404 5148 χαριστήρια,
1434 5074 1568 5127 Θεὸν
1599 5073 1690 5125 τὸν
1714 5073 1807 5125 ἕνα
1836 5073 1931 5124 καὶ

351 5162 512 5232 φύσει
558 5165 985 5229 καταλελοιπὼς,
1042 5167 1133 5219 τὸν
1180 5164 1520 5238 χορηγοῦντα
1565 5163 1631 5217 τὰ
1684 5162 1931 5233 ζωαρκῆν

348 5252 441 5305 -ιὸν
482 5248 570 5307 οἷά
607 5272 751 5308 τισιν
779 5256 1054 5327 ἐσθήμασι
1103 5256 1579 5328 καταμφιεννύντα
1618 5259 1682 5325 τῇ
1728 5255 1931 5325 χάριτι,

350 5344 445 5395 καὶ
471 5348 589 5409 ταῖς
614 5347 824 5401 ἄνωθεν
890 5350 1225 5419 ἐπικουρίαις
1281 5350 1374 5403 καὶ
1427 5347 1550 5401 νοῦν
1578 5348 1671 5401 καὶ
1713 5348 1933 5416 καρδίαν

349 5442 813 5508 κατασκιάζοντα,
861 5443 954 5497 τὸν
990 5437 1077 5498 οἷά
1121 5462 1227 5515 περ
1270 5444 1435 5514 ἐλαίῳ
1486 5442 1931 5505 καταπιαίνοντα,

424 5620 442 5650 ⁷
472 5621 665 5678 Ezech.
704 5636 860 5681 xvtn,
899 5621 987 5674 9.0.
1069 5622 1111 5653 ¹⁸
1141 5621 1279 5675 Psal.
1321 5638 1449 5683 Lvn,
1490 5621 1539 5671 vi.

1623 5622 1660 5651 ¹⁹
1698 5618 1833 5671 ινιιι.
1885 5631 1997 5674 xxr.
2037 5614 2119 5667 ll.

2029 4432 2282 4486 refertam
2316 4433 2537 4497 habent,
2565 4444 2620 4488 et
2655 4448 2685 4487 a
2740 4434 2936 4489 divinis
2985 4435 3190 4506 legibus
3230 4438 3590 4505 discedentes,

2027 4526 2367 4593 eninigenam
2401 4524 2797 4592 improbitatem
2826 4537 3224 4582 consectantur.
3254 4529 3451 4584 Eorum
3497 4531 3594 4600 igi-

2030 4627 2134 4682 tur,
2188 4616 2277 4684 qui
2318 4616 2383 4669 ad
2427 4617 2752 4685 impietatem
2812 4618 3191 4683 deﬂexerant,’
3228 4621 3465 4689 perversi
3529 4638 3593 4677 ac

2030 4708 2342 4777 pestilentes
2375 4719 2642 4763 amatores
2672 4718 2797 4763 sunt
2826 4711 3097 4766 daemones
3152 4720 3409 4780 apostatae
3434 4729 3449 4778 ;
3477 4716 3594 4783 qni-

2030 4800 2129 4855 bus
2169 4801 2214 4855 si
2250 4801 2370 4869 quis
2393 4808 2643 4869 tanquam
2670 4801 2771 4853 diis
2802 4801 3103 4856 auscultare
3151 4803 3403 4869 voluerit,
3464 4807 3594 4859 insi—

2031 4893 2203 4963 gniter
2237 4893 2432 4960 impius
2472 4892 2681 4946 evadet.
2714 4891 2820 4944 Illis
2858 4893 2999 4945 enim
3034 4904 3253 4963 accepta
3292 4897 3595 4967 refertque:

2032 4982 2229 5048 habet,
2287 4991 2342 5035 et
2391 4981 2701 5050 frequenter
2751 4996 2844 5036 eos
2882 4985 3126 5039 laudibus
3147 4997 3437 5043 veneratur
3471 5030 3486 5051 ,
3546 5002 3597 5041 et

2029 5074 2225 5127 oblatis
2251 5072 2563 5127 muneribus
2585 5073 2787 5141 gratias
2809 5074 2938 5143 agit,
2966 5075 3151 5129 relicto
3182 5094 3287 5132 uno
3318 5089 3374 5133 et
3398 5090 3583 5132 natura

2034 5163 2289 5232 Deozqni
2317 5164 2439 5217 vitae
2460 5164 2822 5220 sustentandae
2860 5165 2999 5233 quod
3052 5166 3284 5223 sufﬁciat
3335 5168 3592 5237 largitur.

2033 5256 2123 5324 qui
2185 5272 2281 5311 nos
2333 5256 2609 5312 beneficiis
2670 5259 2832 5314 veluti
2893 5263 3175 5327 convestit,
3246 5271 3299 5317 et
3354 5260 3597 5328 supernis

2032 5344 2248 5398 auxiliis
2278 5357 2331 5399 et
2363 5360 2593 5402 mentem
2616 5359 2669 5403 et
2691 5365 2787 5404 cor
2821 5351 3150 5417 obumbrat,
3181 5353 3271 5422 qui
3309 5350 3450 5405 velut
3475 5348 3592 5400 oleo
3682 5340 3697 5349 ’

2034 5435 2412 5505 pinguedinem
2466 5443 2751 5508 conciliat,
2818 5450 2871 5496 et
2892 5455 3031 5511 pane
3057 5442 3147 5512 qui
3170 5436 3591 5500 subintelligen-

2198 5614 2242 5643 ¹⁰
2268 5612 2369 5666 ῐςῖι.
2406 5629 2548 5677 xxvi,
2588 5613 2671 5677 l7,
2708 5615 2785 5667 l8.
