4002 6220
382 300 450 359 6¹ῖ
1410 301 1469 359 S.
1510 303 1789 361 CYRILLI
1832 298 2307 358 ALEXANDRINI
2348 296 2644 359 ARCHIEP
3577 296 3648 353 68

381 422 510 477 tiam
534 432 743 478 tantum
774 424 937 489 cadit,
999 422 1168 478 nutrit
1226 421 1291 476 ad
1320 422 1484 476 vitam
1533 421 1847 491 gloriosam,
1906 431 1957 475 et

2063 422 2214 491 ἄρτῳ
2237 418 2315 490 τῷ
2333 416 2509 490 νοητῷ
2530 418 2801 488 τρέφοντα
2832 414 2968 480 πρὸς
2988 413 3134 486 ζωὴν
3166 412 3265 487 τὴν
3326 413 3524 467 εὐκλεᾶ
3554 419 3647 468 καὶ

378 515 543 571 nullis
590 515 803 571 sarculis
838 514 1129 570 ﬁniendam
1156 533 1169 568 :
1201 514 1291 585 qui
1328 529 1464 582 aqua
1499 514 1706 568 vivilica
1756 514 1839 573 ad,
1866 513 1960 567 bo-

378 620 502 661 nam
551 617 605 661 et
637 607 973 677 spiritualcm
1013 623 1110 662 nos
1142 607 1517 661 habitudinem
1551 605 1666 659 alit.
1709 603 1808 671 Qui
1865 620 1960 658 au-

381 698 588 756 tem'ad
622 699 953 770 impietatem
980 698 1290 759 declinavit,
1321 698 1462 751 sicut
1488 696 1739 751 nimirum
1791 695 1960 751 forni-

378 790 551 846 catrlx
578 790 883 864 Synagoga,
917 793 1062 846 hunc
1123 791 1297 859 inquit
1329 805 1455 844 suos
1493 803 1765 844 amatores
1808 790 1958 858 sequi

377 891 651 953 oportere,
677 892 733 939 et
765 882 871 937 illis
901 882 1107 952 gratias
1133 879 1359 940 referre.
1392 890 1690 952 putareque
1736 880 1960 946 victum,

377 972 757 1042 vestitumque
794 971 992 1026 abillis
1022 972 1314 1043 accepisse.
1354 970 1464 1026 Hoc
1498 972 1696 1041 quippe
1744 980 1847 1037 est,
1906 972 1960 1028 ni

381 1061 573 1126 fallor,
622 1061 765 1130 quod
817 1062 915 1117 ait.
989 1062 1132 1116 Dixit
1206 1060 1637 1130 enim:Sequar
1690 1070 1963 1117 amatores

381 1169 532 1209 meos
563 1153 655 1223 qui
684 1152 818 1209 dant
852 1154 983 1207 mihi
1031 1167 1196 1223 panes
1221 1166 1393 1218 meos,
1420 1162 1476 1206 et
1543 1167 1733 1222 aquam
1763 1167 1957 1218 meam,

379 1255 434 1299 et
463 1245 782 1300 vestimenta
810 1259 948 1310 mea,
983 1252 1038 1300 et
1079 1244 1263 1309 lintea,
1318 1250 1374 1298 et
1422 1243 1598 1297 oleum
1636 1258 1841 1307 meum,
1908 1253 1965 1298 et

378 1336 558 1391 omnia
599 1350 719 1405 quae
773 1336 906 1391 mihi
967 1336 1320 1391 conveniunt.
1405 1332 1597 1390 Verum
1649 1335 1961 1406 prudentes,

377 1438 434 1483 et
460 1428 607 1495 boni,
637 1436 692 1482 et
731 1430 839 1482 Deo
860 1428 973 1483 noti
1011 1427 1441 1497 amicissimiqne
1471 1427 1537 1481 ad
1571 1428 1750 1499 ipsum
1784 1429 1964 1482 omni-

381 1530 452 1573 no
473 1519 776 1574 cmlestium
802 1521 1064 1573 bonorum
1100 1519 1463 1589 largitionem,
1515 1529 1963 1590 terrenorumque

380 1613 869 1683 snppeditationem
932 1613 1241 1669 retulerim.
1314 1612 1511 1667 Dicent
1573 1614 1744 1678 enim,
1803 1614 1962 1683 idque

379 1702 691 1771 sapienter:
727 1721 746 1755 ι
775 1701 1044 1772 Numquid
1075 1711 1157 1757 est
1185 1703 1237 1756 in
1270 1702 1426 1757 idolis
1454 1704 1701 1773 gentium
1728 1704 1964 1775 pluens?

2063 513 2369 584 ἀμήρυτον,
2397 511 2488 564 τὸν
2516 509 2669 564 ὕδατι
2698 508 2775 581 τῷ
2812 507 3062 579 ζωοποιῷ
3090 507 3227 580 πρὸς
3261 504 3474 572 εὐεξίαν
3504 506 3646 576 ὑμᾶς

2060 603 2330 674 τρέφοντα
2364 603 2462 673 τὴν
2492 601 2886 673 πνευματικήν.
2918 599 3059 654 Ἀλλ’
3090 600 3119 654 ὃ
3142 615 3207 669 γε
3233 597 3371 669 πρὸς
3392 597 3648 651 ἀσέϐειαν

2062 690 2446 756 διανενευκὼς,
2488 690 2741 762 καθάπερ
2784 690 2975 762 ἀμέλει
3012 690 3107 744 καὶ⁵
3147 691 3181 759 ἡ
3230 687 3646 761 πεπορνευμένη

2061 781 2384 854 Συναγωγὴ,
2418 784 2531 846 τοῖς
2558 782 2709 847 ίδίοις
2737 784 2995 855 ἐρασταῖς
3017 780 3122 851 ἐφη
3145 781 3252 834 δεῖν
3271 781 3521 843 ἕπεσθαι,
3553 783 3649 833 καὶ

2064 874 2248 938 αὐτοῖς
2304 872 2569 927 ἀνάπτειν
2622 873 2694 928 τὰ
2735 874 3084 946 χαριστήρια,
3144 874 3241 927 καὶ
3292 869 3422 944 παρ’
3467 871 3648 925 αὐτῶν

2062 965 2316 1035 ἡγεῖσθαι
2369 965 2554 1018 λαϐεῖν
2585 965 2652 1020 τά
2684 983 2745 1021 τε
2790 965 2870 1028 εἰς
2922 964 3131 1035 τροφὴν
3212 962 3307 1016 καλ¹
3350 962 3642 1034 ’ἀμφίασιψ

2063 1057 2226 1111 Τουτὶ
2264 1057 2392 1131 γὰρ,
2422 1054 2595 1127 οἶμαι,
2638 1056 2757 1111 ἐστὶ
2790 1057 2873 1123 τὸ,
2924 1052 3055 1108 Eine
3092 1053 3223 1126 γὰρ,
3267 1055 3645 1126 Ἀκολουθήσω

2062 1148 2239 1202 ὀπίσω
2283 1148 2394 1201 τῶν
2441 1147 2691 1220 ἐραστῶν
2744 1164 2869 1218 μου,
2924 1145 3031 1200 τῶν
3074 1145 3326 1199 διδόντων
3376 1161 3465 1215 μοι
3523 1145 3649 1208 τοὺς

2064 1241 2261 1311 ἄρτους
2296 1257 2419 1310 μου,
2454 1239 2551 1294 καὶ
2587 1239 2648 1293 τὸ
2699 1236 2844 1309 ὕδωρ
2887 1253 3011 1307 μου,
3058 1237 3154 1289 καὶ
3186 1235 3256 1290 τὰ
3285 1234 3479 1307 ἱμάτιά
3512 1250 3638 1305 μου,

2065 1330 2160 1385 καὶ
2203 1330 2273 1383 τά
2302 1329 2487 1384 όθόνιά
2527 1346 2652 1398 μου,
2693 1329 2789 1382 καὶ
2834 1329 2894 1381 τὸ
2938 1325 3120 1380 ἔλαιόν
3159 1343 3278 1397 μου,
3331 1327 3425 1379 καὶ
3469 1326 3647 1379 πάντα

2064 1420 2165 1474 ὅσα
2216 1437 2304 1491 μοι
2333 1421 2589 1492 καθήκει.
2641 1419 2786 1473 Ἀλλ’
2848 1419 2904 1473 of
2924 1417 3186 1488 γεσοφοί
3217 1432 3277 1471 τε
3332 1418 3428 1471 καὶ
3454 1417 3670 1486 ἀγαθοὶ,

2065 1514 2159 1568 καὶ
2181 1512 2301 1584 Θεῷ
2338 1512 2627 1585 γνώριμοι,
2663 1513 2757 1568 καὶ
2789 1513 3135 1576 οἰκειότατοι,
3165 1511 3315 1581 αὐτῷ
3345 1510 3409 1583 δὴ
3432 1512 3648 1574 πάντως

2065 1602 2315 1661 ἀναθεῖεν
2337 1603 2405 1658 ἂν
2431 1604 2540 1659 τῶν
2567 1603 2834 1675 οὐρανίων
2878 1603 3098 1671 ἀγαθῶν
3127 1603 3226 1669 τὴν
3261 1602 3525 1666 ἐπίδοσιν,
3552 1604 3648 1657 καὶ

2065 1696 2174 1751 τῶν
2219 1696 2479 1766 ἐπιγείων
2525 1697 2626 1768 τὴν
2653 1697 2937 1767 χορηγίαν.
2992 1694 3207 1767 Ἐροῦσι
3259 1693 3369 1764 γὰρ
3414 1693 3499 1765 δὴ,
3553 1696 3648 1748 καὶ

379 1800 432 1849 et
453 1795 498 1850 si
523 1795 717 1849 cmlum
742 1794 888 1850 dabit
910 1795 1211 1849 satietatem
1244 1808 1416 1857 suam,
1435 1810 1611 1849 nonne
1641 1804 1695 1850 tu
1728 1794 1842 1864 ipse
1865 1797 1957 1852 es?

2062 1788 2179 1842 λίαν
2198 1787 2507 1860 ἐμφρόνως·
2539 1807 2557 1839 ι
2586 1788 2677 1859 Μή
2712 1788 2858 1841 ἐστιν
2877 1788 2934 1841 ἐν
2948 1785 3312 1850 τοῖςείδώλοις
3342 1786 3450 1840 τῶν
3472 1785 3647 1840 ἐθνῶν

379 1891 435 1938 et
463 1885 898 1955 exspectabimus
924 1893 1003 1951 te,
1031 1884 1139 1956 37
1158 1885 1283 1954 quia
1314 1893 1368 1939 tu
1410 1885 1587 1940 fecisti
1618 1886 1734 1940 haec
1768 1888 1949 1943 omnia

379 1975 448 2028 εί.
484 1991 504 2027 ι
528 1975 595 2030 Ει
617 1976 929 2032 clamabunt
964 1988 1111 2031 cum‘
1140 1968 1325 2031 divino
1386 1976 1588 2032 David:
1654 1996 1687 2031 τ
1720 1976 1963 2036 Visitasti

380 2074 607 2135 terram,
642 2079 697 2123 et
726 2068 1005 2124 inebriasti
1027 2082 1148 2123 eam
1180 2084 1195 2135 ;
1232 2067 1602 2140 multiplicasti
1626 2069 1960 2142 locupletare

380 2158 590 2213 eam'“.
622 2176 642 2211 ι

388 2337 553 2395 Vens.
591 2337 646 2403 6,
679 2338 732 2392 7.
772 2337 997 2409 Ρτοριετ
1029 2355 1091 2394 ea
1130 2356 1245 2395 ecce
1281 2357 1373 2413 ego
1406 2345 1548 2414 sepia
1587 2346 1722 2400 viam
1761 2346 1874 2417 ejus
1911 2347 1966 2402 in

449 2426 691 2503 sudibus,
715 2437 761 2480 et
790 2428 1060 2483 eburnam
1084 2430 1197 2485 vias
1223 2430 1390 2497 illius,
1414 2443 1461 2486 et
1489 2433 1731 2489 semitam
1756 2436 1891 2506 ejus,
1916 2448 1963 2493 et

454 2532 557 2571 non
588 2519 815 2572 inveniet
848 2534 868 2574 :
902 2522 949 2574 et
982 2522 1285 2590 insequatur
1309 2533 1572 2580 amatores
1604 2542 1747 2594 suos,
1781 2538 1827 2582 et
1861 2545 1964 2584 non

450 2611 800 2677 apprehende:
845 2626 934 2666 ea:
976 2628 998 2669 :
1036 2623 1085 2669 et
1126 2623 1321 2684 quaeret
1364 2631 1474 2683 eos,
1511 2624 1562 2671 et
1603 2632 1705 2672 non
1743 2620 1963 2675 inveniet

449 2701 594 2758 io‘los.

451 2790 570 2847 XV.
609 2792 902 2865 Postquam
930 2797 1100 2863 enim,
1129 2798 1329 2869 inquit,
1358 2800 1438 2855 in‘
1466 2800 1699 2872 seipsam
1728 2802 1966 2860 decrevit

379 2883 557 2950 mala,
605 2893 659 2939 et
716 2886 852 2940 nihil
904 2896 1097 2943 natura
1145 2904 1242 2944 sua
1294 2890 1562 2946 nefarium
1612 2897 1964 2962 praetermisit

380 2972 545 3043 (dixit
571 2974 740 3039 enim,
770 2977 1077 3045 sequendos
1103 2978 1208 3034 sibi
1237 2989 1513 3037 amatores
1539 2996 1691 3047 suos,
1719 2984 1824 3042 hoc
1851 2992 1959 3050 est,

380 3066 646 3140 improbis
690 3067 1037 3123 seductorum
1080 3072 1371 3127 sententiis
1417 3073 1798 3144 applicandum
1841 3078 1959 3132 ani-

2067 1879 2329 1946 ὑετίζων;
2371 1879 2465 1933 καὶ
2504 1879 2553 1932 εί
2583 1880 2612 1932 ό
2645 1876 2875 1949 οὐρανὸς
2908 1876 3070 1931 δώσει
3102 1874 3421 1949 πλησμονὴν
3457 1873 3645 1940 αὑτοῦ,

2058 1971 2185 2040 οὐχὶ
2241 1972 2304 2025 σὺ
2353 1965 2405 2024 εἴ
2434 1972 2464 2025 δ
2509 1970 2705 2034 αὐτόςς
2753 1970 2851 2023 καὶ
2903 1966 3281 2038 ὑπομενοῦμεν
3336 1984 3417 2032 σε,
3457 1967 3539 2021 ὃτι
3579 1966 3645 2022 σὺ

2060 2060 2328 2132 ἐποίησας
2351 2061 2525 2117 ταῦτα
2572 2061 2771 2116 πάντα.
2820 2077 2839 2113 ι
2871 2058 3376 2130 Συνανακράξονται
3433 2058 3491 2112 δέ
3552 2059 3648 2113 καὶ

2064 2157 2215 2229 αύτῷ
2241 2157 2320 2230 τῷ
2350 2157 2625 2229 θεσπεσίῳ
2650 2156 2814 2212 Δαϐῖδ
2832 2172 2879 2209 ⁸(
2921 2154 3241 2226 Ἐπεσκέψω
3268 2154 3367 2224 τὴν
3395 2154 3519 2224 γῆν,
3551 2152 3648 2209 καὶ

2064 2250 2336 2320 ἐμέθυσας
2363 2249 2553 2321 αὐτὴν,
2582 2246 2891 2320 ἐπλήθυνας
2919 2244 3012 2300 τοῦ
3043 2246 3342 2317 πλουτῆσαι
3376 2244 3571 2317 αὐτήν.
3622 2263 3640 2296 ι

2135 2342 2239 2397 Διὰ
2258 2343 2434 2397 τοῦτο
2462 2339 2591 2396 ἰδοὺ
2622 2340 2736 2411 ἐγὼ
2761 2339 3015 2409 φράσσω
3045 2338 3162 2407 τὴν
3191 2337 3336 2393 ὁδόν
3362 2336 3551 2410 αὐτῆς
3575 2336 3647 2391 ἐν

2064 2433 2353 2502 σκόλοψι,
2383 2433 2485 2486 καί
2514 2428 2978 2500 ἀνοικοδομήσω
3012 2431 3120 2497 τὰς
3151 2427 3354 2497 ὁδοὺς.
3384 2428 3488 2487 καί
3530 2428 3647 2497 τὴν

2064 2525 2267 2594 τρίϐον
2296 2522 2508 2594 αὐτῆς,
2544 2523 2641 2577 καί
2674 2525 2746 2578 οὐ
2770 2522 2857 2593 μὴ
2886 2521 3030 2592 εὕρῃ
3054 2537 3066 2552 ”
3093 2520 3193 2575 καί
3224 2519 3647 2585 καταδιώεεται

2062 2615 2207 2683 τοὺς
2223 2615 2483 2685 ἐραστὰς
2502 2610 2712 2683 αὐτῆς,
2736 2613 2834 2668 καὶ
2860 2614 2932 2668 οὐ
2952 2613 3035 2681 μὴ
3061 2612 3368 2682 καταλάϐῃ
3391 2613 3611 2680 αὐτούς
3625 2626 3643 2645 ι

2064 2708 2164 2764 καί
2197 2707 2437 2778 ζητήσει
2464 2706 2707 2774 αὐτοὺς,
2734 2705 2833 2760 καὶ
2863 2707 2937 2761 οὐ
2964 2705 3051 2776 μὴ
3077 2704 3224 2775 εὕρῃ
3257 2707 3500 2773 αὐτούς.

2133 2798 2236 2854 IE'.
2278 2797 2500 2869 Ἐπειδὴ
2531 2801 2641 2870 γὰρ
2694 2796 3065 2868 βεϐούλευται,
3099 2798 3254 2868 φησι,
3284 2795 3497 2869 πονηρά
3524 2790 3650 2851 καθ’

2065 2892 2300 2963 ἑαυτῆς,
2337 2891 2431 2945 καὶ
2472 2890 2579 2945 τῶν
2633 2888 2841 2943 ἀδικεῖν
2878 2887 3201 2959 πεφυκότων
3245 2889 3645 2961 παραλέλοιπεν

2062 2982 2215 3036 οὐδέν
2239 2998 2253 3014 ο
2307 2981 2412 3052 ἔφη
2458 2979 2600 3053 γὰρ,
2630 2978 2766 3036 “δεῖν
2819 2980 3237 3036 κατακολουθεῖν
3285 2981 3499 3037 ἐλέσθαι
3534 2985 3646 3047 τοῖς

2066 3072 2218 3138 ἰδίοις
2258 3074 2538 3144 ἐρασταῖς,
2588 3071 2857 3135 τουτέστι,
2904 3075 3023 3136 ταῖς
3067 3074 3176 3125 τῶν
3219 3073 3644 3145 πεπλανηκότων

381 3168 553 3216 mum,
569 3164 624 3208 ut
643 3154 752 3211 illis
776 3164 983 3212 tantum
1008 3158 1447 3232 obsequeretur);
1471 3162 1678 3229 adbaec,
1704 3166 1957 3234 quoniam

2065 3165 2303 3228 ἀνοσίοις
2326 3165 2574 3235 γνώμαις
2601 3165 2898 3234 ἀπονέμειν
2935 3165 3033 3236 τῆς
3060 3165 3298 3231 διανοίας
3317 3167 3416 3237 τὴν
3448 3166 3641 3239 ῥοπὴν,

378 3257 479 3312 pro
514 3244 579 3297 iis
612 3258 731 3314 quae
762 3259 863 3316 ego
895 3246 1093 3302 donavi
1131 3247 1246 3314 illi,
1284 3249 1403 3314 bis,
1443 3251 1533 3321 qui
1572 3253 1706 3309 nihil
1741 3255 1961 3324 profue-

379 3345 528 3400 runt,
560 3335 921 3402 dmmotiibus,
953 3337 1196 3409 inquam,
1228 3341 1435 3412 gratias
1466 3344 1597 3416 agit,
1630 3345 1836 3403 idcirco
1868 3364 1964 3405 co-

380 3426 674 3494 gitationes
695 3429 813 3497 ejus
838 3428 1031 3488 inanes
1057 3430 1312 3498 reddam,
1337 3435 1698 3507 resistamque
1724 3438 1957 3496 fortiter.

380 3516 596 3588 Sapiam
632 3523 775 3574 enim
808 3521 923 3576 vias
959 3522 1077 3593 ejus
1115 3524 1361 3590 sudibus,
1392 3536 1447 3581 et
1486 3544 1641 3584 muro
1675 3529 1957 3586 obstruunt

378 3611 656 3673 semitam,
693 3621 964 3688 nt’neque
999 3622 1261 3683 sequatur
1292 3627 1564 3681 amatores
1596 3636 1748 3690 suos,
1785 3638 1960 3693 neque

379 3698 481 3753 sibi
518 3698 893 3759 t-ontlucibiles
924 3704 1160 3771 reperiat
1192 3705 1509 3763 seductores
1547 3723 1709 3778 suos,
1741 3714 1958 3770 etiamsi

377 3791 530 3860 sequi
563 3806 658 3845 eos
695 3790 950 3858 fortasse,
986 3793 1090 3850 hoc
1129 3805 1238 3862 est,
1271 3797 1516 3853 studiose
1549 3802 1614 3855 ad
1652 3817 1746 3858 eos
1781 3804 1958 3861 hono-

376 3885 578 3939 randos
622 3883 990 3954 colendosque
1016 3887 1330 3942 incumbere
1354 3889 1605 3945 voluerit.
1656 3892 1829 3949 Snch
1855 3899 1955 3952 'sen

377 3974 530 4043 palos
575 3986 877 4045 praeacutos
919 3978 1155 4047 appellat
1197 3994 1360 4035 casus
1403 3998 1538 4051 quos
1578 3999 1834 4055 expertus
1877 4002 1960 4045 cst

375 4063 577 4133 Israel;
616 4066 754 4121 bella
791 4066 945 4133 dico,
981 4068 1360 4138 captivitates,
1398 4073 1640 4143 famem,
1680 4080 1953 4149 pericula,

376 4159 684 4213 diuturnam
722 4161 1060 4216 servitutem.
1094 4161 1229 4218 Nam
1267 4167 1433 4220 semel
1466 4183 1493 4220 a
1521 4167 1706 4226 Persis
1760 4184 1814 4226 et
1847 4172 1957 4231 Me-

373 4251 460 4307 dis
492 4252 791 4324 subjugatl,
820 4270 926 4310 non
964 4269 1060 4325 per
1086 4257 1259 4313 otium
1297 4262 1364 4313 ad
1398 4257 1544 4328 Banl,
1580 4278 1752 4334 neque
1782 4268 1847 4320 ad
1878 4267 1957 4321 vi-

376 4344 519 4400 tulos
546 4359 743 4401 aureos
770 4344 1134 4416 accedebant;
1164 4352 1256 4404 sed
1286 4367 1507 4407 necesse
1532 4366 1672 4418 erat,
1701 4368 1759 4411 ut
1786 4373 1814 4411 a
1848 4358 1955 4413 Deo

372 4450 630 4492 concessa
688 4446 744 4492 et
785 4439 1112 4495 charissima
1155 4431 1408 4497 libertate
1452 4445 1670 4514 privati,
1707 4457 1761 4501 et
1800 4462 1952 4518 quae-

2062 3256 2141 3320 ὡς
2187 3256 2325 3327 μόνα
2381 3255 2666 3327 πληροῦσα
2710 3258 2778 3309 τά
2824 3255 3080 3311 ἐκείνων
3125 3257 3218 3311 καὶ
3277 3256 3467 3330 ἐπειδὴ
3509 3258 3645 3330 πρὶς

2060 3348 2236 3418 τούτῳ
2263 3347 2372 3401 τῶν
2401 3348 2791 3420 δεδωρημένων
2821 3347 2959 3420 αὐτῇ
3006 3348 3135 3421 παρ’
3164 3348 3301 3420 ἐμοῦ
3341 3352 3455 3413 τοῖς
3492 3350 3644 3404 οὐδὲν

2061 3440 2371 3512 ώφεληκόσι
2410 3444 2523 3505 τοῖς
2574 3441 2824 3512 δαίμοσιν
2880 3440 3109 3494 ἀνάπτει
3158 3440 3229 3495 τὰ
3273 3442 3640 3513 χαριστήρια,

2061 3531 2319 3605 ταύτῃτοι
2363 3533 2600 3603 ματαίαν
2634 3532 2803 3603 αὐτῆς
2845 3532 3112 3601 ἀποφανῶ
3144 3531 3242 3604 τὴν
3289 3533 3500 3604 σκέψιν,
3548 3535 3643 3587 καὶ

2060 3623 2414 3697 ἀντιτάξομαι
2448 3625 2699 3693 γενικῶς.
2732 3624 2928 3696 Φράξω
2960 3625 3069 3695 γὰρ
3114 3624 3284 3696 αὐτῆς
3308 3625 3407 3690 τὴν
3431 3625 3549 3680 ὁδὸν
3586 3629 3641 3679 ἐν

2063 3715 2305 3786 σκόλοψι,
2349 3717 2444 3770 καὶ
2477 3716 2662 3786 τειχιῶ
2691 3716 2789 3788 τὴν
2836 3716 3043 3788 τρίϐον,
3075 3716 3149 3781 ὡς
3198 3716 3264 3771 ἂν
3316 3718 3457 3789 μήτε
3508 3735 3641 3772 κατ-
3677 3764 3690 3779 ,

2060 3810 2404 3883 ακολουθήσῃ
2426 3813 2537 3874 τοῖς
2562 3810 2711 3873 ἰδίοις
2741 3810 3018 3878 ἐρασταῖς,
3051 3812 3185 3880 μήτε
3217 3810 3321 3881 μὴν
3352 3810 3488 3884 εὕρῃ
3508 3827 3641 3882 χρη-

2061 3902 2113 3954 σί
2121 3919 2253 3972 μους
2274 3903 2399 3966 τοὺς
2414 3903 2853 3974 πεπλανηκότας,
2868 3906 2969 3959 κᾶν
2988 3908 3037 3959 εἰ
3058 3905 3274 3960 διώκειν
3288 3906 3462 3960 ἕλοιτο
3482 3907 3642 3976 τυχὸν

2058 3987 2257 4055 αὐτοὺς
2275 4035 2289 4057 ,
2325 3993 2624 4059 τουτέστιν,
2647 3994 2929 4063 ἐγκεῖσθαι
2963 3997 3265 4061 σπουδαίως
3300 3999 3417 4061 ταῖς
3439 3999 3520 4060 είς
3543 4000 3642 4051 αύ-

2057 4083 2185 4146 τοὺς
2207 4086 2393 4154 τιμαῖς
2434 4087 2528 4139 καὶ
2558 4085 2859 4157 λατρείαις.
2883 4087 3158 4150 Σκόλοπας
3181 4087 3237 4140 δέ
3265 4082 3405 4141 εἷναί
3429 4088 3641 4157 φησιτά

2060 4174 2444 4247 συμϐεϐηκότα
2482 4176 2561 4246 τῷ
2594 4177 2809 4248 Ἰσραὴλ
2832 4177 3089 4250 δυσχερῆ,
3119 4179 3246 4241 τοὺς
3275 4176 3541 4248 πολέμους
3573 4176 3640 4250 δὴ

2057 4268 2219 4336 λέγω,
2239 4270 2336 4330 τάς
2356 4269 2756 4339 αἰχμαλωσίας,
2770 4269 2862 4324 τὸν
2882 4269 3059 4338 λιμὸν,
3077 4271 3202 4333 τοὺς
3218 4268 3516 4333 κινδύνους,
3539 4267 3638 4341 τὴν

2057 4361 2114 4414 ἐν
2126 4360 2341 4431 δουλείᾳ
2356 4361 2569 4433 τριϐήν.
2586 4362 2874 4431 Γεγονότες
2899 4361 3006 4434 γὰρ
3019 4360 3167 4426 ἅπαξ
3181 4360 3285 4414 ὑπὸ
3299 4361 3507 4432 Μήδοις
3545 4363 3639 4415 καὶ

2058 4451 2318 4523 Πέρσαις,
2335 4452 2434 4507 οὐκ
2454 4455 2511 4507 ἐν
2535 4453 2698 4525 σχολῇ
2724 4452 3033 4525 προσῄεσαν
3056 4452 3135 4524 τῷ
3163 4451 3310 4506 Βάαλ
3334 4493 3349 4519 ,
3374 4452 3496 4506 οὐδέ
3516 4456 3637 4518 ταῖς

373 4536 556 4583 rentes
606 4527 822 4597 quidem
870 4543 991 4599 qme
1038 4531 1183 4586 domi
1230 4532 1570 4599 habuerant,
1623 4512 1729 4592 illis
1774 4512 1952 4594 autem

2062 4512 2320 4614 δαμάλεσι
2348 4547 2468 4608 ταῖς
2494 4512 2723 4623 χρῦσαῖς
2742 4512 2902 4598 ’.ἀλλέ
2925 4539 2993 4615 ἦν
3037 4512 3154 4607 πως
3177 4512 3414 4615 ἀνάγκη,
3434 4543 3517 4609 τδ,
3540 4512 3637 4599 καί

371 4627 626 4686 egentes,
661 4626 717 4673 et
760 4618 1154 4674 dominantium
1195 4620 1325 4691 iugo
1364 4626 1643 4693 oppressi,
1679 4632 1955 4686 consuetis

371 4710 437 4763 de
475 4720 674 4765 caetero
715 4710 864 4781 fungi
913 4726 1019 4765 non
1067 4724 1309 4781 possent,
1391 4716 1483 4770 sed
1529 4715 1955 4777 lamentarentur

370 4799 571 4868 potius,
600 4810 656 4855 et
686 4800 844 4860 malis
872 4803 1232 4859 atrocissimis
1261 4805 1410 4860 velut
1443 4807 1602 4873 ebrii,
1635 4811 1955 4869 damnarent

368 4888 476 4959 iam
518 4892 867 4959 seductores;
898 4891 1344 4968 quandoquidem
1381 4913 1444 4953 ex
1481 4896 1683 4956 frustra
1721 4905 1951 4972 Speratis

356 4981 661 5065 utilitatem
693 4985 898 5041 nullam
934 5002 1129 5060 capere
1162 4989 1422 5046 licuisset.
1451 4989 1597 5047 Nihil
1627 4993 1824 5064 quippe
1854 4996 1949 5052 ad-

368 5071 465 5141 iuti
484 5084 608 5128 sunt
629 5086 719 5131 aut
747 5076 873 5131 Baal
898 5092 991 5134 eos
1017 5080 1368 5149 defendente,
1397 5083 1548 5154 (quid
1574 5086 1716 5140 enim
1743 5085 1945 5156 lignum

370 5174 574 5219 mutum
611 5166 872 5239 faceret?)
927 5181 1021 5225 aut
1057 5182 1206 5227 certe
1241 5174 1424 5231 vitulis
1463 5175 1695 5246 aliquem
1733 5194 1828 5235 eos
1856 5179 1947 5249 ju-

371 5258 529 5311 vandi
569 5261 783 5314 modum
821 5262 1279 5332 excogitantibns.
1314 5265 1483 5323 Erant
1515 5272 1656 5326 enim
1697 5290 1714 5323 ι
1757 5286 1943 5330 aurum

368 5361 528 5415 opera
561 5365 814 5406 manuum
847 5352 1147 5423 hominum,
1187 5376 1206 5410 ι
1245 5369 1302 5412 ut
1334 5361 1590 5430 scriptum
1623 5373 1708 5419 est
1736 5367 1803 5422 ".
1834 5364 1945 5421 0h-

368 5448 647 5496 strunntnr
681 5442 863 5513 itaque
895 5445 1019 5511 viae,
1062 5447 1170 5503 Deo
1211 5464 1441 5519 peccare
1485 5469 1545 5507 so
1568 5454 1658 5509 itis
1697 5459 1944 5511 semitam

367 5533 433 5586 ad
478 5533 879 5603 improbitatem
934 5538 1076 5593 haud
1128 5541 1509 5609 complanante
1538 5584 1553 5610 ,
1606 5548 1699 5601 sed
1747 5549 1948 5603 utiliter

2051 4632 2221 4703 αὐτῆς
2240 4633 2341 4703 τῆς
2360 4635 2588 4699 ἀνωθεν,
2607 4637 2701 4689 καὶ
2723 4633 2981 4703 φιλτάτης
3005 4632 3317 4705 ἐλευθερίας
3333 4634 3634 4707 ἐστερημέτ

2051 4731 2195 4791 νους,
2225 4727 2319 4781 καὶ
2340 4727 2634 4799 ζητοῦντας
2655 4728 2752 4799 μὲν
2771 4727 2841 4780 τά
2862 4727 3019 4789 οίκοι,
3042 4726 3423 4798 πτωχεύοντας
3442 4727 3518 4791 δὲ,
3541 4728 3636 4784 καὶ

2048 4819 2170 4881 ταῖς
2193 4817 2302 4871 τῶν
2334 4818 2678 4890 κρατούντων
2703 4816 3037 4882 πλεονεξίαις
3069 4818 3495 4890 πεπιεσμένους,
3516 4818 3637 4872 οὐκ·

2051 4908 2132 4961 ἑτι
2157 4908 2253 4978 μὲν
2274 4907 2533 4961 δύνασθαι
2553 4908 2621 4963 τὰ
2644 4907 2848 4980 συνήθη
2877 4907 3119 4980 πληροῦν
3141 4923 3155 4937 ’
3190 4908 3550 4979 ὀλοφύρεσθαι
3577 4908 3653 4991 δὲ⁹

2057 5001 2277 5071 μᾶλλον,
2309 5002 2403 5054 καὶ
2432 5005 2550 5066 ταῖς
2574 5003 2893 5074 ἀνηκέστοις
2920 5001 3285 5073 καταμεθύειν
3304 5003 3631 5072 συμφοραῖς,

2053 5095 2564 5164 καταγινώσκοντας
2594 5096 2698 5169 ἥδη
2735 5096 2845 5151 τῶν
2896 5095 3339 5163 πεπλανηκότων,
3375 5094 3452 5157 ὡς
3481 5093 3633 5146 οὐδὲν

2046 5188 2353 5243 ἀπόνασθαι
2396 5188 2556 5260 μετὸν
2580 5190 2763 5252 αὐτοῖς
2791 5188 2897 5241 τῶν
2939 5190 2997 5241 ἐν
3027 5186 3207 5240 ἐλπίσι
3239 5188 3442 5249 κεναῖς.
3483 5186 3634 5255 Ὀφέ-

2046 5280 2236 5347 ληνται
2274 5280 2382 5353 γὰρ
2409 5281 2638 5351 ούδέν,ἦ
2674 5279 2767 5333 τοῦ
2804 5278 2952 5334 Βάαλ
2995 5276 3370 5348 ἐπαμύνοντος
3392 5295 3406 5311 ο
3440 5279 3495 5333 τί
3524 5278 3630 5350 γὰρ

2047 5367 2112 5424 ἂν
2142 5368 2336 5441 ἔδρασε
2370 5371 2429 5424 τὸ
2476 5370 2689 5438 ἄφωνον
2725 5366 2916 5435 ξύλονς
2963 5368 3131 5438 ἤγουν
3177 5366 3287 5422 τῶν
3343 5368 3630 5440 δαμάλεων

2048 5460 2366 5533 ἐπικουρίας
2392 5461 2572 5523 αὐτοῖς
2585 5459 2914 5512 ἐπινοουσῶν
2936 5476 3053 5513 τινα
3070 5459 3291 5531 τρόπον.
3314 5480 3332 5513 ι
3355 5460 3589 5532 Χρυσδς.
3606 5478 3623 5512 ι

2046 5551 2154 5621 γὰρ
2188 5547 2275 5622 ἦν,
2316 5571 2333 5604 ι
2360 5550 2493 5622 ἔργα
2527 5549 2726 5621 χειρῶν
2758 5547 3116 5620 ἁνθρώπων,ι
3149 5551 3292 5606 κατὰ
3308 5552 3365 5603 τὸ
3383 5569 3628 5622 γεγραμ-

440 5700 480 5732 ⁹¹
521 5706 713 5764 Jcrem.
748 5728 857 5778 xw,
895 5713 983 5775 22.
1060 5717 1126 5749 ²¹·
1166 5716 1305 5772 Psal.
1332 5735 1478 5783 ιςιν,
1505 5721 1583 5776 l0.
1665 5725 1708 5754 ²²
1746 5722 1885 5778 Psal.
1917 5738 2071 5793 CXlll,
2101 5723 2152 5779 4.
