4002 6220
325 343 380 395 ϐυ

319 459 481 530 μένον.
528 457 994 527 Ἀποιρραττονται
1029 459 1207 509 τοίνυν
1241 461 1296 510 at
1333 460 1442 511 ὁδοὶ
1477 459 1632 520 Θεοῦ,
1670 459 1742 528 μὴ
1783 477 1877 509 κα·

315 547 697 610 ταλειαίνοντος
727 550 840 610 τοῖς
872 547 1316 618 φιλαμαρτήμοσι
1345 549 1441 620 τὴν
1468 551 1544 612 εἰς
1573 550 1881 618 φαυλότητα

315 640 503 711 τρίϐον,
535 638 1000 709 ἀποτραχῦνοντος
1025 639 1079 691 δὲ
1111 641 1417 710 χρησίμως⁴ῐ
1455 643 1549 694 καὶ
1577 643 1673 694 οὐκ
1705 641 1881 708 ἐφιέν-

312 749 393 793 τος
440 731 624 792 αὐτοῖς
678 729 743 782 δι’
796 730 1097 801 εὐμαρείας
1146 731 1321 782 ἱέσθαι
1356 731 1449 782 ἐπὶ
1481 733 1540 784 τὸ
1590 731 1882 802 φληνάφως

1218 337 1766 396 ΕΟἏὶῗςίιῗὶὲΪΛΙὶΗζὸ
1805 338 1866 391 ΙΝ
1909 338 2139 394 Obiit-HI
2180 335 2626 392 i’llOl'llLTAM.

3486 339 3554 392 70

1915 483 1952 532 Α
1988 470 2301 526 :tspv't‘ante,
2339 472 2434 508 nec
2471 471 2561 509 eos
2600 458 2942 524 pt‘l'lttillr'lllt}
2976 458 3220 522 expedite
3258 454 3418 522 ferri,
3451 469 3558 523 quo

1989 553 2152 603 stulte
2182 554 2605 618 concupiscunt;
2639 559 2692 599 ut
2724 551 2967 600 uolentes
2999 548 3380 615 impediantur,
3407 558 3459 599 et
3489 545 3554 598 ad

1990 638 2198 703 frugem
2237 646 2546 696 transeant,
2583 636 2672 689 ubi
2711 637 2822 702 ipsa
2860 637 3194 702 eriperientia
3231 635 3553 700 didicerint,

1987 730 2260 780 neruinem
2297 736 2608 796 peccantem
2645 729 2859 795 impune
2891 728 3144 781 laturum.

311 821 507 873 δοκοῦν.
545 822 627 882 Ὠς
670 820 735 873 ἂν
766 821 865 890 οὐχ
893 821 1109 883 ἑκόντες
1158 823 1523 888 ἐγκόπτοιντο,
1588 823 1680 874 καὶ
1743 821 2109 890 μεταχωρεῖεν
2159 819 2252 870 ἐπὶ
2297 819 2356 869 τὸ
2395 818 2650 888 ἄμεινον,
2689 815 2777 869 διὰ
2847 817 3040 887 πείρας
3099 817 3267 886 αὐτῆς
3310 818 3554 887 ἐκμεμα-

313 911 547 979 θηκότες,
578 910 652 970 ὡς
699 911 812 962 ἔστι
857 910 1021 963 παντί
1049 929 1130 981 τῳ
1168 913 1228 963 τὸ
1275 911 1614 983 πλημμελεῖν
1643 913 1743 964 οὐκ
1781 913 2028 981 ἀζήμιον.

373 1002 472 1054 Καὶ
499 1001 641 1069 ἐρεῖ,
679 1002 1075 1070 Πίρεύσομαι,
1103 1002 1199 1055 καὶ
1229 1003 1569 1072 ἐπιστρέψω
1600 1003 1748 1072 πρὸς
1778 1005 1885 1056 τὸν

312 1094 485 1162 ἄνδρα
502 1111 622 1163 μου
656 1095 760 1148 τὸν
793 1096 1100 1165 πρότερον,
1123 1096 1211 1148 ὅτι
1250 1095 1448 1161 καλῶς
1463 1113 1564 1165 μοι
1592 1091 1669 1167 ἦν
1691 1097 1822 1148 τότε
1843 1094 1881 1162 ἢ

312 1186 434 1239 νῦν.

379 1280 496 1346 ις’.
539 1279 709 1342 Σώζει
755 1279 852 1348 μὲν
891 1280 918 1330 6
966 1278 1120 1346 λόγος
1167 1277 1244 1329 ἔτι
1281 1278 1367 1330 τὸν
1429 1279 1577 1349 αὐτῷ
1605 1279 1881 1348 πρέποντα

311 1373 529 1443 τρόπον·
565 1372 638 1433 ὼς
669 1370 776 1441 γὰρ
807 1372 900 1422 ἐπὶ
930 1370 1132 1440 πόρνης
1163 1369 1418 1436 γυναικὸς
1440 1370 1533 1422 ἀπ’
1561 1370 1733 1440 ἀρχῆς
1758 1386 1877 1420 συν-

309 1464 532 1515 τέθειται
569 1463 730 1533 μέχρι
783 1461 993 1524 τέλους.
1046 1462 1142 1514 Διὰ
1175 1462 1352 1523 τοῦτο,
1398 1465 1548 1530 φησι,
1587 1462 1669 1512 ὅτι
1709 1478 1871 1531 μετα-

310 1553 584 1620 γνώσεται,
616 1553 708 1604 καὶ
736 1553 875 1621 ἐρεῖ.
910 1553 1253 1623 Πορεύσομαι
1283 1554 1416 1622 πρὸς
1451 1553 1538 1603 τὸν
1572 1551 1739 1622 ἄνδρα
1772 1569 1873 1621 μου

309 1645 393 1698 τὸν
434 1645 719 1715 πρότερον,
779 1644 860 1696 ὅτι
894 1643 1070 1706 καλῶς
1112 1662 1200 1713 μοι
1237 1639 1305 1714 ἦν
1344 1644 1462 1695 τότε
1495 1642 1527 1712 ἢ
1557 1641 1673 1696 νῦν.
1727 1642 1874 1714 Πλὴν

312 1736 452 1804 ἄθρει
479 1737 584 1788 κάν
606 1734 780 1804 τούτῳ
817 1735 907 1786 τὸν
935 1735 1042 1789 τῶν
1068 1735 1200 1788 ὅλων
1221 1734 1352 1786 Θεὸν
1381 1734 1471 1785 καὶ
1502 1733 1559 1784 ὲν
1581 1732 1716 1803 ὀργῇ
1749 1750 1874 1785 παιο

312 1829 536 1892 δεύοντα,
569 1827 664 1879 καὶ
695 1826 1010 1896 ὠφελοῦντα
1038 1826 1317 1891 ποικίλως,
1354 1827 1446 1879 καὶ
1473 1829 1590 1890 ταῖς
1621 1827 1729 1878 τῶν
1770 1826 1880 1878 δειο

309 1919 404 1970 νῶν
425 1920 744 1986 ἐπαγωγαῖς
800 1917 1227 1987 ἁνασειράζοντα
1253 1917 1378 1979 τοὺς
1413 1915 1877 1986 πεπλανημένους,

305 2010 394 2064 καὶ
443 2007 842 2078 μεταποιοῦντα
897 2009 1032 2080 πρὸς
1062 2007 1123 2060 τὸ
1169 2008 1462 2078 συμφέρον.
1509 2008 1677 2061 Ὂτοιν
1731 2006 1876 2076 γὰρ,

304 2100 488 2170 ςητὶν,
523 2095 1032 2166 ἁποπεφραγμένας
1085 2097 1171 2168 ἴδῃ
1223 2096 1321 2158 τὰς
1385 2095 1581 2165 ἑαυτῆς
1628 2094 1778 2156 ὀδοὺς
1820 2095 1878 2144 ἐν

301 2191 540 2258 σκόλοψι,
591 2187 713 2240 τότε
764 2183 828 2255 δὴ
867 2183 989 2237 τότε
1031 2181 1558 2254 μεταδουλεύσεται,
1610 2181 1703 2232 καὶ
1741 2180 1877 2248 ὅπερ

295 2269 362 2344 ἦν
390 2275 610 2344 ἄμεινον
658 2272 872 2325 ἑλέσθαι
915 2270 1066 2342 δρᾷν,
1100 2269 1254 2322 οὔπω
1295 2271 1400 2323 τῶν
1443 2270 1678 2340 ἀνιαρῶν
1707 2268 1879 2320 εἰσϐε-

297 2367 599 2436 ϐληκότων,
630 2365 733 2420 κᾶν
757 2364 890 2434 γοῦν
912 2364 1031 2434 ὀψὲ,
1068 2365 1162 2417 καὶ
1190 2363 1328 2435 μετὰ
1372 2366 1567 2434 πεῖραν
1614 2363 1837 2432 ἁρπάσῃ
1860 2376 1873 2390 ο

297 2460 573 2528 ἀγαπήσει
603 2457 711 2528 γὰρ
753 2457 875 2509 τότε
925 2455 994 2509 τὰ
1023 2454 1176 2527 παρὰ
1221 2453 1360 2525 Θεῷ,
1394 2453 1485 2508 καὶ
1517 2451 1626 2505 τῶν
1671 2451 1873 2522 μεταξὺ

299 2547 784 2620 πλημμελημάτων
819 2546 892 2610 ὡς
932 2546 996 2599 ὲκ
1026 2544 1284 2616 λογισμοῦ
1313 2543 1404 2597 τοῦ
1440 2543 1713 2611 σώφρονος
1748 2540 1872 2593 ἀλο-

295 2641 537 2711 γήσασα,
572 2639 948 2709 μεταχωρήσει
986 2637 1172 2690 λοιπὸν
1211 2635 1347 2706 πρὸς
1376 2634 1436 2687 τὸ
1481 2633 1702 2704 Θελῆσαι
1729 2631 1788 2682 τὸ
1817 2633 1874 2683 ἐν

293 2734 514 2802 ἀρχαῖς,
541 2731 638 2784 καὶ
674 2730 944 2802 θαυμάσει
975 2730 1043 2783 τὰ
1075 2727 1226 2800 παρὰ
1245 2727 1382 2797 Θεῷ,
1409 2726 1502 2779 καὶ
1526 2723 1874 2794 ἁσυγκρίτοις

293 2819 436 2873 αὐτὰ
472 2819 817 2888 διενεγκόντα
845 2819 1147 2890 διαφοραῖς,
1185 2817 1433 2887 καθάπερ
1465 2817 1527 2868 ὲκ
1553 2813 1722 2884 μέθης
1747 2813 1874 2865 ἀνα-

290 2910 512 2980 νήψασα
559 2909 852 2979 κατόψεται
900 2907 1069 2979 μόλις.
1113 2907 1320 2960 Οὐκοῦν
1368 2907 1468 2958 οὐκ
1510 2904 1766 2972 ἀνόνητον
1814 2901 1874 2954 τὸ

291 3000 667 3064 παιδεύεσθαι,
695 3000 798 3054 κᾶν
820 3002 868 3053 εί
890 3000 1000 3069 ἔχοι
1028 2999 1188 3069 τυχὸν
1215 2998 1275 3051 τὸ
1297 2999 1428 3069 παρ’
1459 2995 1622 3050 αὐτοῦ
1643 2992 1868 3047 λυποῦν.

287 3089 578 3157 Καὶ-τοῦτο
605 3089 804 3154 ειδότες
822 3092 868 3142 oi
888 3088 1159 3160 προφῆται
1187 3105 1367 3156 φασι,‹
1387 3086 1680 3139 Παίδευσον
1705 3086 1870 3157 ἡμᾶς,

285 3180 492 3250 Κύριε.
515 3199 532 3230 ι
557 3179 762 3250 Γράφει
783 3179 848 3232 δὲ
876 3181 904 3231 6
933 3179 1220 3242 Θεσπέσιος
1242 3177 1503 3241 Παῦλος·ι
1532 3177 1595 3229 Εἰ
1620 3176 1870 3230 παιδείαν

286 3273 618 3342 ὑπομένετε,
663 3273 737 3336 ὡς
770 3274 905 3335 υίοῖς
935 3271 1062 3341 ὑμῖν
1106 3272 1476 3342 προσφέρεται
1508 3269 1535 3321 6
1576 3267 1738 3329 Θεός·
1787 3267 1870 3330 τίς

284 3365 402 3434 γάρ
441 3365 591 3416 ἐστιν
621 3363 648 3414 6
678 3363 810 3426 υἱὸς,
854 3362 913 3415 ὃν
943 3363 1002 3414 οὐ
1039 3361 1282 3413 παιδεύει
1321 3362 1507 3430 πατήρ
1533 3377 1546 3426 ;
1573 3379 1590 3408 ι
1620 3361 1868 3413 Δείκνυσι

279 3457 344 3510 δὲ
384 3454 446 3507 τὸ
491 3456 556 3507 ἐκ
586 3453 678 3506 τοῦ
711 3451 1251 3519 παιδεύεσθαιγλυκιὲ
1285 3469 1344 3503 τε
1396 3454 1489 3503 καὶ
1526 3451 1864 3520 ὀνησιφόρον,

281 3550 468 3612 οὕτως
494 3546 700 3616 λέγων’
741 3566 758 3598 ι
783 3548 940 3601 Πᾶσα
966 3547 1179 3599 παιδεία
1211 3546 1347 3616 πρὸς
1383 3545 1478 3613 μὲν
1513 3544 1570 3595 τὸ
1602 3544 1772 3614 παρὸν
1805 3543 1865 3595 οῦ

279 3643 437 3696 δοκεί
465 3641 638 3712 χαρᾶς
669 3635 829 3704 εἶναι,
852 3639 989 3693 ἀλλὰ
1012 3638 1212 3708 λύπης·
1242 3637 1464 3708 ὕστερον
1498 3637 1678 3705 μέντοι
1734 3652 1866 3706 καρ-

280 3733 391 3783 πὸν
421 3731 699 3801 εἰρηνικὸν
733 3732 846 3792 τοῖς
875 3729 942 3781 δι’
973 3729 1141 3799 αὐτῆς
1175 3728 1648 3798 γεγυμνασμένοις
1677 3727 1865 3779 ἀποδί-

277 3821 418 3873 δωσι
449 3819 817 3887 δικαιοσύνης.
855 3839 870 3868 ι

357 3915 466 3966 Kal
509 3911 658 3976 αὓτη
701 3914 811 3964 οὐκ
840 3911 1012 3979 ἔγνω,
1058 3910 1146 3962 ὅτι
1191 3910 1304 3977 ἐγὼ
1346 3909 1535 3960 ἔδωκα
1578 3907 1730 3975 αὐτῇ
1762 3909 1866 3959 τὸν

276 4003 484 4062 σῖτον,
519 4003 614 4054 καὶ
645 4001 746 4054 τὸν
769 3997 957 4064 οἷκον,
984 4001 1079 4053 καὶ
1107 4000 1172 4052 τὸ
1204 3999 1427 4062 ἔλαιον,
1457 3999 1551 4049 καὶ
1587 3998 1865 4065 ἀργύριον

272 4095 602 4159 ἑπλήϋιννα
657 4089 829 4159 αὐτῇ.
887 4092 1047 4158 Αὕτη
1102 4090 1173 4144 δὲ
1204 4088 1430 4159 ἀργυρᾶ
1511 4089 1608 4141 καὶ
1663 4087 1864 4156 χρυσᾶ

268 4186 544 4250 ἐποίησε
573 4182 644 4249 τῇ
669 4183 857 4236 Βάαλ.

347 4277 458 4329 ῙΖ’.
495 4277 617 4326 ὐτι
650 4274 746 4344 μὲν
797 4269 888 4326 οῦν
918 4274 1016 4325 οῦκ
1046 4274 1110 4326 ἂν
1143 4273 1338 4334 ἕλοιτο,
1375 4271 1526 4340 φησι,
1558 4273 1670 4334 τοῖς
1716 4269 1862 4331 ἰδίοις

258 4369 354 4420 ἔτι
405 4363 825 4418 κατακολουθεῖν
868 4366 1141 4434 ἐρασταῖς,
1193 4363 1290 4416 οὐκ
1320 4361 1384 4414 ἂν
1428 4359 1715 4413 ἑνδοιάσειέ
1755 4378 1856 4422 τις.

255 4452 630 4524 Κατορθὼσῃ
653 4453 759 4520 γὰρ
781 4451 959 4513 τοῦτο,
985 4453 1077 4504 καὶ
1110 4452 1225 4503 λίαν
1255 4451 1508 4511 εὐκόλως,
1533 4449 1609 4519 τῷ
1636 4451 1865 4518 epit-cs-

257 4547 410 4601 σθαι
446 4544 552 4613 μὲν
584 4545 681 4614 τὴν
709 4543 826 4596 ὁδὸν
864 4544 1053 4611 αὐτῆς,
1086 4544 1180 4594 καὶ
1205 4543 1303 4604 τὰς
1337 4540 1552 4610 τρίϐους
1591 4540 1863 4607 ἀνατειχί-

251 4640 496 4707 issem,
541 4638 634 4690 καὶ
681 4639 802 4689 κατ’
839 4636 1028 4688 οὐδένα
1064 4634 1339 4696 παντελῶς
1380 4631 1692 4684 εὐοδοῦσθαι
1741 4630 1862 4700 τρό-

254 4750 402 4783 πον.
453 4732 678 4801 Ἐπειδὴ
708 4733 762 4784 δὲ
809 4733 941 4802 πρὸς
972 4731 1048 4801 τῷ
1075 4731 1204 4784 Θεὸν
1249 4730 1508 4800 ὑπάρχειν
1535 4727 1740 4780 οἴεσθαι
1774 4725 1863 4776 τὸν

252 4824 452 4886 Βάαλ,
491 4824 843 4878 ἀνατέθεικεν
873 4826 1018 4894 αὑτῴ
1048 4823 1270 4878 καὶτῶν
1303 4824 1430 4892 παρ’
1464 4821 1598 4890 ἐμοῦ
1632 4836 1860 4889 κεχορτΓ

245 4916 547 4984 γημένων
581 4917 716 4986 αὐτῇ
745 4916 814 4968 τὰ
861 4920 1207 4988 χαριστήρια,
1246 4917 1340 4968 καὶ
1377 4915 1510 4984 πρὸς
1551 4914 1707 4967 τοῦτο
1735 4913 1858 4983 βου-

243 5004 554 5074 λεύσομαι
588 5007 656 5059 τὰ
695 5007 910 5068 εἰκότα,
942 5009 1013 5069 ὡς
1057 5007 1120 5060 ἂν
1147 5005 1415 5075 ἁναμάθοι
1441 5048 1453 5066 ,
1490 5005 1573 5066 τίς
1602 5007 1629 5056 ὁ
1665 5003 1859 5066 διδοὺς,

241 5098 353 5147 καὶ
398 5096 520 5146 τῶν
548 5096 680 5150 ὅλων
711 5097 849 5168 ἔχων
876 5097 970 5168 τὴν
1004 5096 1265 5160 ἐξουσίαν.
1290 5097 1506 5148 Δὲδωκα
1533 5099 1627 5165 μὲν
1659 5095 1764 5164 γὰρ
1796 5095 1864 5146 τὰ

241 5188 543 5257 ζωπρκῆ·
581 5190 741 5248 σῖτον,
779 5190 872 5241 καὶ
903 5184 1062 5249 οἶνον,
1100 5188 1192 5242 καὶ
1239 5188 1436 5246 ἔλαιον,
1475 5186 1566 5238 καὶ
1599 5186 1861 5256 ἀργύριον

237 5279 260 5325 ἐ
275 5275 564 5342 πλήθυνα
585 5276 743 5346 αὐτῇ.
784 5275 940 5328 Ἀλλὰ
958 5280 1074 5340 ταῖς
1098 5278 1254 5346 ἐμαῖς
1287 5275 1612 5345 φιλοτιμίαις
1647 5275 1856 5342 εὐχαρι-

235 5367 357 5435 στῆ
373 5384 478 5418 ται
496 5366 635 5427 δέον,
655 5371 734 5430 είς
752 5368 908 5432 δόξαν
926 5368 1059 5420 αὐτὰ
1073 5369 1363 5438 πεποῖηται
1380 5369 1443 5438 τῇ
1465 5367 1628 5428 Βάαλ,
1644 5367 1670 5419 ὃ
1686 5367 1749 5438 δὴ
1767 5366 1863 5436 τῆς

229 5456 525 5527 ἐσχάτης
552 5457 699 5509 ἐστὶν
738 5458 1093 5527 ἀναισθησίας
1117 5475 1176 5510 τε
1220 5457 1354 5528 ὁμοῦ
1409 5459 1501 5510 καὶ
1538 5458 1860 5526 ἀχαριστίας

226 5546 563 5613 ἀπόδειξις
589 5548 860 5618 ἐναργής·
894 5550 986 5602 καὶ
1021 5549 1120 5605 οὐκ
1158 5549 1425 5612 ἁνικάνως
1452 5549 1509 5602 τὸ
1535 5549 1723 5619 χρῆμα
1751 5548 1860 5618 ἔχει

1452 5726 1496 5756 ³⁸
1528 5726 1655 5779 ibid.
1696 5727 1780 5779 Μ.

313 5727 378 5754 ‘5
423 5724 632 5782 λοι-ειη.
664 5742 720 5790 x,
752 5725 845 5791 ‘24,
921 5727 965 5756 "
1001 5725 1162 5781 llebr.
1194 5741 1289 5792 xu,
1325 5725 1375 5776 '7.

1979 1001 2090 1071 38
2119 998 2185 1052 Et
2213 1002 2388 1054 dicet:
2435 997 2668 1064 Vadam,
2699 1010 2748 1052 et
2794 1009 3024 1053 revertar
3062 999 3129 1051 ad
3171 1016 3337 1052 virum
3381 1016 3550 1052 meum

2029 1095 2280 1162 priorem,
2309 1095 2431 1163 quia
2465 1096 2650 1146 melius
2683 1093 2808 1145 mihi
2838 1102 2959 1146 tunc
2987 1101 3122 1157 erat,
3151 1108 3308 1161 quam
3342 1110 3498 1145 nunc.

2048 1262 2186 1316 XVI.
2231 1264 2426 1317 Servat
2455 1264 2627 1317 adhuc
2657 1264 2834 1318 oratio
2861 1265 3272 1318 convenientem
3305 1265 3404 1318 sibi
3439 1281 3553 1316 ιιιυ-

1981 1354 2105 1407 durn
2141 1372 2154 1407 :
2187 1356 2252 1407 de
2287 1355 2512 1407 muliere
2548 1354 2812 1422 siquidem
2852 1354 3139 1407 meretrice
3174 1353 3243 1407 ab
3279 1353 3436 1407 initio
3469 1368 3555 1404 us-

1981 1460 2084 1512 que
2111 1447 2176 1497 ad
2212 1445 2366 1498 ﬁnem
2403 1446 2645 1498 instituta
2674 1454 2774 1498 est.
2802 1445 3024 1508 ldrirco,
3052 1444 3246 1512 inquit,
3276 1443 3559 1512 pmnitebit

1973 1551 2098 1586 eam
2145 1535 2384 1600 consilii,
2436 1543 2490 1588 et
2533 1534 2719 1588 dicet:
2769 1532 2971 1587 Vadam
3049 1534 3114 1586 ad
3160 1533 3335 1585 virum
3378 1544 3554 1584 meum

1982 1627 2248 1692 priorem,
2281 1627 2405 1692 quia
2442 1627 2634 1679 melius
2666 1626 2794 1678 mihi
2830 1635 2957 1676 tunc
3015 1635 3133 1678 erat
3164 1639 3324 1692 quam
3389 1637 3551 1675 nunc.

1914 1737 1951 1790 Β
1983 1714 2366 1770 Verumtamen
2394 1717 2555 1768 etiam
2589 1717 2639 1768 in
2671 1718 2772 1769 hoc
2799 1717 3174 1770 universorum
3205 1715 3393 1780 Deum,
3418 1727 3472 1769 et
3503 1715 3552 1766 in

1984 1809 2060 1861 ira
2105 1808 2519 1876 corripientem,
2567 1816 2620 1862 et
2671 1806 3001 1860 multimodis
3049 1807 3458 1869 consulentem,
3501 1815 3556 1858 et

1981 1901 2150 1972 plagis
2187 1901 2507 1954 adhibendis
2548 1915 2640 1953 eos
2678 1901 2768 1968 qui
2810 1902 3230 1962 aberraverunt,
3272 1899 3555 1952 retrahen-

1977 2002 2106 2057 tem,
2129 2005 2183 2046 et
2205 1994 2270 2046 ad
2298 1993 2554 2046 salutaria
2580 1993 2951 2046 immutantem
2979 1991 3206 2044 intuere.
3226 1988 3359 2044 Cum
3385 1989 3552 2051 enirn,

1979 2085 2173 2153 inquit,
2200 2085 2310 2138 vias
2336 2100 2460 2138 suas
2485 2085 2705 2139 sudibus
2755 2097 2851 2138 seu
2875 2083 3009 2151 palis
3034 2082 3287 2150 obseptas
3311 2080 3554 2134 animad-
3605 2125 3613 2134 .

1977 2177 2218 2241 verterit,
2245 2185 2371 2228 tunc
2401 2186 2526 2229 tunc
2556 2176 2782 2229 mutabit
2805 2175 3085 2229 consilimn
3108 2190 3123 2239 ;
3149 2173 3364 2242 etquod
3391 2185 3553 2241 agere

1977 2265 2110 2320 velle
2142 2266 2450 2334 praesumat,
2485 2268 2728 2321 tristibus
2762 2267 2996 2321 nondum
3035 2266 3259 2334 illapsis,
3292 2264 3374 2318 vel
3431 2269 3552 2318 sera

1975 2372 2030 2416 et
2061 2369 2183 2429 post
2217 2361 2605 2430 experientiam
2649 2359 2893 2428 arripiet.
2936 2359 3128 2429 Dilige’t
3172 2359 3313 2412 enim
3353 2365 3481 2411 tunc
3521 2373 3550 2409 a

1976 2450 2084 2506 Deo
2114 2455 2460 2520 prmscripta,
2494 2461 2546 2506 et
2578 2453 2814 2521 peccatis
2848 2453 3026 2506 medio
3057 2453 3108 2505 in
3139 2460 3379 2521 tempore
3405 2465 3550 2506 com-

1975 2542 2172 2602 missis.
2216 2552 2289 2596 ut
2337 2544 2584 2611 prudenti
2635 2544 3049 2598 ratiocinatione
3093 2543 3439 2609 posthabitis,
3485 2543 3550 2597 ad

1975 2633 2306 2688 voluntatem
2345 2634 2556 2702 pristini
2594 2633 2769 2688 cultus
2805 2649 2862 2688 se
2899 2636 3241 2701 postmodum
3281 2634 3549 2701 recipiet:

1975 2734 2027 2777 et
2054 2739 2172 2793 quae
2202 2724 2293 2778 Dei
2320 2733 2444 2779 sunt
2474 2725 2860 2791 admirabitur;
2894 2725 3315 2793 discrimiueque
3345 2725 3551 2778 incom—

1973 2815 2200 2882 parabili
2222 2815 2768 2884 prmcellentiaJvelut
2789 2833 2852 2871 ex
2880 2832 2937 2870 se
2959 2818 3219 2871 ebrietate
3254 2818 3548 2888 recipiens,

1974 2906 2062 2958 vix
2089 2911 2302 2959 tandem
2331 2908 2641 2976 perspiciet.
2664 2907 3024 2974 Quamobrem
3050 2909 3304 2978 castigari
3331 2911 3552 2965 minime

1974 2997 2358 3060 incommodat,
2395 2999 2496 3052 etsi
2542 2999 2682 3053 forte
2723 3014 2820 3068 per
2853 3015 2910 3054 se
2955 2999 3257 3054 molestiam
3302 3011 3549 3071 generat.

1903 3092 1943 3150 c
1978 3088 2128 3154 Quod
2199 3091 2476 3159 prophetae
2515 3091 2785 3154 scientes,
2857 3091 3079 3145 dicunt:
3119 3109 3137 3142 ι
3168 3091 3388 3162 Corrige
3430 3109 3548 3160 nos,

1973 3181 2200 3235 Domine
2219 3181 2318 3234 ²³.›
2345 3182 2613 3236 Etscribit
2645 3182 2878 3236 Paulus:
2903 3202 2920 3234 ι
2953 3183 3008 3236 Si
3032 3184 3368 3254 disciplinam
3388 3186 3549 3238 susti-

1972 3273 2134 3335 netis,
2162 3282 2417 3342 tanquam
2451 3273 2574 3327 liliis
2603 3277 2755 3330 vobis
2781 3275 2939 3329 oll'ert
2968 3290 3025 3328 se
3061 3275 3219 3329 Deus.
3246 3275 3376 3342 Quis
3406 3277 3547 3328 enim

1970 3363 2135 3426 tilius,
2168 3378 2326 3432 quem
2369 3380 2474 3418 non
2516 3365 2742 3433 corripit
2784 3375 2935 3431 pater
2959 3365 3046 3416 "?
3085 3382 3103 3414 ι
3146 3364 3346 3419 Deinde
3387 3366 3548 3420 disci-

1971 3453 2128 3519 plina:
2165 3454 2490 3507 suavitatem
2540 3463 2594 3507 et
2634 3454 3072 3508 commoditatem
3117 3455 3199 3507 bis
3236 3455 3414 3509 verbis
3453 3472 3547 3510 ex-

1969 3546 2151 3614 planat
2187 3564 2199 3598 :
2241 3566 2260 3596 ι
2298 3546 2484 3600 Omnis
2517 3547 2803 3615 disciplina
2841 3546 2891 3599 in
2933 3548 3183 3616 praesenti
3219 3548 3438 3616 quidem
3473 3550 3546 3604 vi-

1969 3635 2124 3688 detur
2155 3651 2260 3689 non
2302 3650 2421 3690 esse
2459 3636 2660 3704 gaudii,
2695 3637 2788 3689 sed
2827 3637 3112 3701 mmroris;
3142 3648 3325 3705 postea
3366 3649 3546 3693 autem

1967 3726 2201 3782 fructum
2246 3729 2652 3796 pacatissimum
2698 3728 3014 3783 exercitatis
3057 3743 3152 3798 per
3204 3745 3323 3784 eam
3373 3732 3547 3784 reddit

1960 3819 2184 3887 justitite
2206 3823 2271 3875 ³⁸.
2309 3841 2327 3873 ι

2035 3913 2200 3968 Vens.
2241 3915 2292 3969 8.
2335 3911 2399 3966 Et
2444 3916 2556 3983 ipsa
2602 3932 2703 3968 non
2743 3915 3000 3984 cognovit,
3038 3915 3162 3984 quia
3202 3932 3294 3984 ego
3338 3917 3457 3968 dedi
3500 3917 3546 3967 ci

1964 4009 2308 4076 frumentum,
2341 4016 2390 4059 et
2429 4008 2626 4072 riuum,
2663 4019 2707 4060 et
2747 4007 2933 4070 oleum,
2975 4015 3022 4058 et
3061 4021 3330 4075 argentum
3369 4008 3546 4059 mutti-

1961 4098 2151 4166 plicari
2181 4099 2248 4151 ei.
2285 4096 2414 4150 llwc
2448 4108 2623 4150 autent
2660 4108 2902 4166 argentea
2963 4107 3008 4148 et
3039 4113 3198 4149 aurea
3231 4096 3356 4164 fecit
3387 4095 3541 4150 Baal.

2015 4271 2175 4326 XVII.
2198 4272 2333 4338 Quin
2357 4273 2516 4342 igitur
2539 4275 2669 4326 nolit
2687 4275 2916 4340 amplius
2934 4275 3081 4344 sequi
3106 4285 3372 4331 amatores
3393 4294 3540 4344 suos,

1964 4367 2161 4434 inquit,
2194 4380 2353 4419 nemo
2387 4366 2736 4419 dubitaverit.
2775 4365 2884 4418 lloc
2913 4367 3056 4420 enim
3114 4371 3280 4436 probe
3308 4380 3361 4423 et
3393 4370 3544 4425 facil-

1899 4447 1940 4501 D
1972 4460 2096 4512 limc
2132 4459 2250 4522 ﬁet,
2281 4459 2324 4511 si
2359 4459 2670 4525 obsepiatur
2699 4459 2778 4511 via
2814 4457 2958 4526 ejus,
2991 4470 3038 4514 et
3077 4461 3431 4515 obstruautur
3460 4479 3543 4516 se-

1972 4552 2135 4610 mita',
2178 4560 2224 4601 et
2279 4549 2440 4603 rebus
2489 4559 2669 4602 utatur
2715 4552 2936 4604 minime
2985 4554 3223 4605 onmium
3271 4557 3538 4610 secundis.

1973 4642 2231 4705 Quoaiam
2258 4656 2380 4693 vero
2408 4651 2764 4709 praeterquam
2794 4642 2935 4708 quod
2963 4642 3084 4694 Baal
3116 4659 3213 4712 pro
3244 4642 3352 4696 Deo
3385 4661 3541 4714 repuo

1966 4733 2118 4792 tavit,
2143 4731 2306 4784 etiam
2335 4747 2453 4798 qua:
2486 4747 2515 4784 ιι
2548 4747 2631 4786 me
2657 4736 2994 4802 suppeditata
3026 4735 3258 4806 fuerant,
3283 4737 3454 4788 eidem
3487 4739 3538 4791 in

1967 4822 2200 4888 acceptis
2240 4822 2458 4887 retulit,
2499 4823 2658 4889 eique
2698 4825 2900 4891 gratias
2940 4825 3078 4890 egit,
3120 4826 3279 4878 etiam
3325 4838 3540 4895 propter

1966 4913 2069 4968 hoc
2099 4921 2329 4967 statuam
2362 4926 2723 4968 censentanea
2745 4955 2760 4977 ,
2794 4925 2847 4967 ut
2878 4915 3048 4967 discat
3079 4916 3200 4983 quis
3231 4917 3298 4968 sit
3327 4919 3415 4984 qui
3453 4923 3540 4971 de.

1966 5006 2106 5058 derit
2149 5023 2160 5058 :
2202 5015 2253 5059 et
2300 5018 2462 5073 penes
2507 5020 2662 5072 quem
2713 5006 2782 5057 sit
2827 5005 3065 5057 omnitmt
3113 5017 3370 5075 potestas.
3413 5011 3542 5064 Dedi

1965 5100 2107 5152 enim
2141 5099 2260 5152 vitae
2294 5098 2657 5152 sumentandze
2691 5099 3034 5165 necessaria;
3074 5100 3424 5161 frumentum,
3460 5105 3539 5156 vi—

1967 5207 2125 5256 tmm,
2168 5191 2375 5255 olemu,
2420 5202 2471 5244 ct
2514 5201 2790 5257 argentum
2837 5193 3187 5262 multiplicavi
3233 5196 3304 5248 ei.
3340 5178 3538 5248 Verum

1945 5281 2074 5352 ‘39
2110 5297 2231 5335 cum
2276 5281 2653 5335 mrmilieentiae
2698 5298 2827 5337 mea:
2868 5285 3072 5353 gratias
3110 5286 3349 5348 deberet,
3383 5298 3443 5338 ea
3485 5286 3537 5337 in
3573 5331 3580 5342 .

1967 5377 2130 5428 decus
2160 5382 2210 5427 et
2238 5372 2459 5442 gloriam
2493 5371 2620 5426 Baal
2651 5375 2944 5442 convertit,
2975 5376 3117 5445 quod
3151 5376 3376 5430 extremi
3406 5388 3537 5426 sane

1966 5464 2200 5534 stuporis
2243 5463 2401 5518 simul
2452 5472 2505 5518 et
2572 5467 2734 5522 animi
2783 5467 3128 5536 ingratissimi
3171 5474 3413 5533 apertum
3453 5469 3536 5514 est

1967 5565 2341 5626 argtmtentutn
2375 5575 2387 5611 :
2419 5567 2472 5611 et
2508 5558 2572 5612 ad
2607 5559 2770 5613 Deum
2799 5559 3142 5626 quantumvis
3171 5557 3346 5610 cumis
3376 5565 3533 5606 man-
