4012 6214
426 275 490 336 Ἰί
1448 271 1506 325 S.
1545 269 1817 328 CYRILLI
1858 269 2331 327 ALEXANDRINI
2371 271 2689 329 ARCHIEP.
3614 276 3682 331 72

427 389 729 447 suetudinis
762 388 963 442 fontem
1008 396 1062 440 et
1104 384 1364 453 originem
1400 385 1752 441 meritissimo
1782 399 2005 440 exacer-

2116 387 2249 457 πρός
2288 405 2350 454 γε
2402 388 2463 440 τὸ
2512 388 2621 441 δεῖν
2653 386 2745 440 καὶ
2802 385 3006 455 σφόδρα
3066 386 3288 450 δικαίως
3348 400 3685 461 παροτρῡναι

428 478 661 534 bandqu
692 476 909 531 sullieit.

499 675 894 731 Gravissimum
927 684 1013 730 est
1046 676 1211 746 igitur
1266 685 1320 729 et
1350 689 1509 744 paena
1542 674 1783 745 dignum,
1816 675 2011 730 libera-

430 766 631 820 litatem
684 765 1068 821 beneficiorum
1118 781 1148 819 a
1200 765 1309 820 Deo
1360 766 1722 835 praestitorum
1770 766 1836 820 iis
1876 764 2013 820 velle

429 860 719 922 ascribere,
743 858 834 926 qni
862 857 977 924 ejus
1006 857 1235 926 gloriam
1267 857 1597 911 imminuunt
1620 872 1682 911 ac
1705 856 2009 927 proﬂigant,

432 950 531 1002 hoc
558 959 661 1011 est,
694 948 984 1001 immundis
1017 947 1369 1011 daemonibus,
1400 948 1543 1016 quod
1575 948 1791 1015 quidam
1826 950 1877 1001 in
1908 958 2014 1004 ler-

431 1039 505 1091 ris
542 1038 771 1102 faciunt,
804 1036 976 1093 Graeci
1013 1048 1169 1107 puta,
1207 1049 1263 1092 et
1295 1038 1556 1091 haeretici.
1588 1036 1719 1091 Nam
1753 1038 1825 1091 illi
1847 1079 1859 1102 ,
1890 1056 2010 1094 cum

433 1124 571 1178 Deus
606 1125 807 1179 homini
842 1127 1157 1195 sapientiam
1194 1136 1249 1181 et
1280 1129 1580 1181 oralionem
1639 1128 2008 1197 impertirerit,

431 1214 756 1281 eloquentiae
787 1230 895 1271 suae
929 1216 1241 1271 facultatem
1271 1220 1574 1273 daemonum
1607 1219 1899 1275 honoribus
1925 1237 2011 1276 ee-

430 1302 700 1357 lcbrandis
722 1304 1038 1374 largiuntur.
1065 1306 1453 1362 [hereticorum
1476 1318 1655 1363 autem
1680 1309 1790 1364 Deo
1836 1326 2015 1366 exosae

430 1402 483 1443 et
527 1393 701 1460 impia:
741 1395 913 1449 turba:
949 1395 1149 1451 dolosis
1187 1399 1578 1453 sententiarum
1621 1400 1855 1455 inventis
1897 1403 2016 1471 qui-

432 1481 655 1536 busdam
687 1496 903 1551 nocent,
936 1497 987 1541 et
1017 1488 1406 1557 simpliciorum
1438 1500 1645 1545 mentes
1678 1501 2010 1561 pervertunt,

430 1582 483 1626 et
530 1573 749 1642 laqueos
787 1578 854 1631 ad
900 1579 1203 1645 perdendos
1244 1580 1522 1645 homines,
1565 1582 1709 1637 sicut
1751 1586 2012 1654 scriptum

430 1674 513 1719 est
533 1666 600 1729 “,
637 1680 983 1735 paraverunt.
1019 1671 1189 1724 Ambo
1226 1672 1389 1739 igitur
1421 1672 1708 1728 coluerunt
1742 1674 1871 1730 Baal
1909 1693 1923 1730 :
1961 1686 2016 1733 et

432 1768 636 1811 tantum
668 1774 775 1812 non
802 1760 947 1815 velut
977 1777 1043 1815 ex
1074 1761 1299 1826 divitiis,
1328 1778 1447 1833 qua:
1477 1775 1655 1820 mente
1686 1779 2005 1833 cernuntur,

431 1858 484 1900 et
528 1848 595 1901 ad
637 1849 805 1902 Deum
851 1852 1143 1918 pertinent,
1186 1868 1284 1920 pro
1327 1856 1607 1924 splendido
1644 1860 2006 1927 anathemate,

431 1940 496 1991 ad
528 1939 671 1992 illius
703 1940 828 1994 idoli
860 1942 1086 2012 gloriam
1121 1945 1378 2000 offerunt.
1405 1946 1472 2001 Et
1507 1947 1577 2001 ita
1600 1986 1615 2013 ,
1649 1949 1863 2018 opinor,
1899 1954 2010 2021 spi-

433 2029 698 2084 ritualiter
718 2033 1235 2091 convenientissime
1263 2036 1578 2109 intelligitur
1599 2041 1744 2108 quod
1774 2041 2004 2097 dicitur:

431 2118 541 2189 Ego
596 2120 714 2174 dedi
783 2121 1112 2177 frumentum
1157 2135 1209 2179 et
1256 2126 1439 2181 vinum
1481 2139 1535 2184 et
1591 2130 1796 2195 oleum,
1833 2142 1885 2186 et
1918 2147 2008 2186 ar-

430 2220 647 2279 gentum
684 2213 1031 2281 tttttltiplicaVi
1068 2214 1117 2268 ei
1150 2232 1164 2268 :
1198 2215 1312 2283 ipsa
1366 2233 1496 2273 vero
1532 2230 1791 2289 argentea
1821 2231 1875 2276 et
1909 2236 2005 2276 au-

430 2316 520 2354 rea
582 2300 707 2355 fecit
735 2302 883 2356 Baal.
936 2304 1246 2361 Tribuenda
1274 2321 1396 2361 sunt
1429 2310 1589 2377 igitur
1616 2312 1725 2367 Deo
1754 2328 1871 2381 quae
1903 2312 2002 2369 Dei

429 2401 575 2445 sunt.
610 2391 859 2448 Datorem
894 2396 1038 2450 enim
1107 2406 1161 2450 et
1196 2398 1537 2467 praebitorem
1572 2402 1808 2455 omnium
1843 2402 2010 2458 bono-

430 2496 550 2536 rum
590 2496 896 2539 nostrorum
938 2485 1175 2541 inaurari
1218 2490 1473 2543 convenit
1510 2504 1605 2557 per
1644 2506 1740 2555 ea,
1782 2508 1903 2562 quae
1943 2493 2010 2547 ab

430 2572 547 2642 ipso
585 2575 863 2643 habemus,
902 2590 997 2631 seu
1040 2577 1264 2633 illustris
1306 2580 1378 2633 sit
1414 2580 1607 2643 oratio,
1643 2595 1738 2635 seu
1781 2582 1846 2637 ad
1885 2597 2009 2637 vera

429 2664 688 2734 mysteria
719 2668 1063 2736 percipienda
1097 2684 1249 2723 mens
1283 2670 1494 2724 idonea.

499 2755 667 2811 Vens.
701 2758 755 2822 9,
788 2759 876 2814 10.
911 2758 1137 2829 Propter
1166 2762 1260 2815 ltoc
1294 2771 1541 2825 revertar,
1576 2773 1622 2816 et
1658 2763 1837 2817 toliam
1871 2767 2012 2817 .‘riti-

429 2863 546 2900 cum
583 2864 752 2901 meum
790 2850 844 2901 in
878 2861 1104 2918 tempore
1135 2868 1250 2915 suo,
1289 2862 1335 2904 et
1379 2852 1553 2905 vinum
1594 2870 1762 2906 meum
1797 2854 1849 2907 in
1884 2866 2011 2908 tem-

426 2951 551 2991 oore
584 2954 701 3003 suo,
734 2950 780 2992 et
817 2940 1057 3007 auferam
1093 2943 1395 2995 vestimenta
1428 2960 1564 3006 mea,
1597 2955 1644 2998 et
1678 2946 1841 2999 lintea
1873 2963 2006 3011 mea,

2112 480 2262 543 Θεὸν,
2303 482 2404 533 κᾶν
2455 481 2503 532 εί
2553 481 2733 549 πάσης
2780 479 3115 549 ἡμερότητος
3169 480 3320 551 πηγὴ
3367 483 3540 535 νοοῖτο
3592 485 3686 538 καὶ

2113 570 2345 638 γένεσις.

2185 660 2473 714 Πάνδεινον
2512 655 2604 714 οῦν
2643 660 2771 731 ἄρα,
2807 661 2900 715 καὶ
2931 660 3086 730 δίκης
3124 661 3222 714 οὐκ
3261 662 3544 733 ἀμοιροῦν,
3575 663 3687 717 τῶν

2113 749 2264 820 παρὰ
2310 749 2444 803 Θεοῦ
2491 750 2845 821 χαρισμάτων
2886 750 2983 820 τὴν
3024 750 3331 821 φιλοτιμίαν
3373 753 3685 809 ἀνατιθέναι

2113 840 2296 911 ζητεῖν
2336 844 2447 905 τοῖς
2478 843 2576 913 τὴν
2615 842 2767 908 δόξαν
2795 840 2961 895 αὐτοῦ
3015 841 3373 913 παραλύουσι,
3416 845 3682 911 τουτέστι,

2112 936 2223 996 τοῖς
2255 934 2583 1004 ἀκαθάρτοις
2632 934 2902 1005 δαίμοσιν,
2933 932 2961 985 ὃ
2991 934 3054 1004 δὴ
3102 936 3196 987 καὶ
3227 934 3441 987 ποιοῦσι
3478 935 3587 990 τῶν
3628 939 3686 990 ἐν

2113 1024 2303 1095 κόσμῳ
2322 1026 2484 1089 τινές.
2502 1025 2761 1097 Ἕλληνες
2788 1025 2841 1077 δὲ
2869 1018 3036 1086 οὗτοι,
3068 1025 3161 1077 καὶ
3188 1027 3468 1096 αίρετικοί.
3495 1029 3557 1080 Ui
3586 1027 3686 1098 μὲν

2063 1164 2089 1187 κ
2113 1114 2241 1184 γὰρ,
2275 1114 2409 1166 Θεοῦ
2438 1114 2669 1177 διδόντος
2700 1113 2971 1184 ἀνθρώπῳ
3000 1112 3193 1181 σοφίαν
3251 1114 3345 1167 καὶ
3385 1113 3561 1183 λόγον,
3586 1115 3686 1187 τὴν

2112 1206 2213 1275 τῆς
2245 1206 2576 1274 εὐγλωττίας
2603 1205 2882 1276 δεινότητα
2910 1208 3029 1269 ταῖς
3068 1206 3177 1258 τῶν
3206 1205 3496 1277 δαιμονίων
3536 1207 3688 1279 χαρί-

2116 1295 2298 1360 ζονται
2326 1296 2524 1363 δόξαις.
2556 1296 2637 1349 Τά
2664 1296 2722 1349 δέ
2751 1313 2814 1364 γε
2842 1296 2953 1351 τῶν
2983 1296 3270 1367 αίρετικῶν
3307 1297 3560 1368 Θεομισῆι
3590 1299 3686 1350 καὶ

2114 1387 2304 1441 ἀνόσια
2342 1389 2507 1459 στίφη
2541 1388 2892 1442 πολυπλόκων
2916 1388 3132 1442 ἐννοιῶν
3155 1387 3418 1459 εὑρέμασι
3459 1388 3686 1442 κατασί-

2115 1480 2296 1532 νονταί
2319 1497 2489 1542 τινας,
2515 1479 2609 1532 καὶ
2634 1479 2723 1532 τὸν
2747 1479 2854 1533 τῶν
2884 1479 3231 1548 ἀπλουτὲρων
3254 1478 3684 1549 καταστρέφουσι

2115 1571 2259 1634 νοῦν,
2290 1571 2384 1623 καὶ
2412 1570 2646 1639 παγίδας
2675 1570 2909 1641 ἔστησαν
2941 1570 3249 1639 διαφθεῖραι
3294 1570 3514 1642 ἄνδρας,
3546 1572 3687 1625 κατά

2115 1663 2177 1716 τὸ
2198 1662 2599 1732 γεγραμμένον.
2618 1661 2824 1715 Οὐκοῦν
2857 1661 3022 1732 ἄμφω
3053 1663 3379 1732 τετιμήκασι
3399 1662 3493 1716 τὸν
3514 1662 3681 1721 Βάαλ,

2042 1746 2084 1801 Β
2120 1754 2278 1824 μόνον
2311 1754 2367 1806 δὲ
2402 1754 2524 1823 οὐχ).
2572 1753 2821 1823 καθάπερ
2856 1755 2919 1806 ἐκ
2948 1751 3177 1806 πλούτου
3209 1751 3401 1822 νοητοῦ
3435 1751 3685 1823 λαμπρὸν

2113 1844 2370 1914 ἀνάθημα
2422 1842 2880 1914 προσκομίζουσιν
2917 1847 2995 1908 είς
3044 1844 3201 1909 δόξαν
3233 1845 3411 1897 αὐτῶν
3446 1845 3516 1897 τὰ
3555 1848 3684 1916 περὶ

2110 1932 2265 1986 Θεοῦ.
2313 1933 2421 1986 Καὶ
2441 1933 2619 1996 τοῦτο,
2654 1928 2828 2003 οἶμαι,
2858 1934 2973 1986 ἐστὶ
3028 1935 3411 2003 πνευματικῶς
3438 1930 3496 1987 εὖ
3538 1935 3683 2005 μάλα

2110 2024 2421 2095 νοούμενον,
2464 2025 2546 2091 τὸ,
2614 2024 2754 2093 Ἐγὼ
2803 2024 3013 2078 δέδωκα
3066 2026 3158 2079 τὸν
3210 2028 3378 2092 σῖτον,
3446 2026 3541 2079 καὶ
3590 2025 3684 2079 τὸν

2111 2111 2271 2179 οῐνον,
2304 2118 2399 2169 καὶ
2430 2117 2492 2170 τὸ
2526 2116 2725 2185 ἔλαιον,
2760 2116 2855 2170 καὶ
2898 2116 3161 2188 ἀργύριον
3199 2118 3473 2190 ἐπλήθυνα
3506 2119 3640 2189 αὐτῇ
3664 2132 3681 2150 ο

2111 2207 2248 2277 αὐτὴ
2279 2207 2335 2261 δὲ
2353 2194 2589 2280 ἀργυρᾶ,
2618 2209 2712 2263 καὶ
2736 2210 2913 2280 χρυσᾶ
2938 2208 3160 2279 ἐποίησε
3185 2212 3250 2281 τῇ
3282 2210 3452 2266 Βάαλ.
3523 2210 3684 2264 Ἀνα-

2114 2299 2296 2353 θετέον
2339 2295 2431 2352 οῦν
2471 2301 2578 2371 ἄρα
2616 2300 2735 2372 Θεῷ
2759 2301 2827 2355 τὰ
2853 2300 3041 2355 αὐτοῦ.
3074 2302 3177 2355 Τὸν
3203 2302 3312 2374 γάρ
3356 2319 3435 2355 τοι
3483 2302 3685 2366 παντὸς

2113 2392 2246 2461 ἡμῖν
2302 2392 2510 2459 ἀγαθοῦ
2554 2392 2772 2463 δωτῆρα
2815 2392 2907 2446 καὶ
2936 2391 3168 2465 χορηγὸν
3210 2391 3682 2464 καταχρυσοῦσθαι

2112 2482 2311 2554 πρέπει
2335 2483 2399 2535 δι’
2422 2477 2496 2537 ὧν
2519 2484 2584 2537 ἂν
2610 2484 2828 2554 ἔχοιμεν
2858 2485 2988 2555 παρ’
3016 2482 3203 2551 αὑτοῦ,
3224 2483 3325 2537 κᾶν
3354 2485 3401 2538 εί
3431 2483 3682 2554 λαμπρὸς

2112 2574 2196 2644 εἴη
2227 2574 2407 2643 λόγος,
2441 2572 2541 2627 κᾶν
2571 2575 2620 2627 εί
2664 2574 2787 2637 νοῦς
2813 2575 2951 2644 ἔχων
2985 2574 3299 2645 ἐπιτηδείως
3329 2575 3466 2644 πρὸς
3500 2574 3560 2627 τὸ
3590 2574 3681 2628 δύ-

2112 2667 2304 2720 νασθαι
2336 2668 2475 2719 νοεῖν
2503 2665 2677 2735 ἀληθῆ
2713 2668 3005 2737 μυστήρια.

2182 2757 2284 2810 Διὰ
2312 2756 2485 2811 τοῦτο
2506 2758 2865 2826 ἐπιστρέψω,
2890 2759 2986 2811 καί
3031 2758 3345 2829 κομιοῦμω.
3375 2762 3481 2813 τόν
3507 2759 3681 2814 σῖτόν

2106 2866 2223 2917 μου
2251 2850 2377 2903 καθ’
2402 2849 2561 2917 ὤραν
2581 2852 2789 2916 αὑτοῦ,
2812 2851 2907 2905 καὶ
2929 2851 3034 2903 τὸν
3067 2849 3237 2906 οἶνόν
3258 2870 3375 2921 μου
3398 2854 3469 2907 ἐν
3498 2852 3681 2922 καιρῷ

2110 2940 2314 3003 αὐτοῦ,
2347 2941 2441 2993 καί
2469 2942 2798 3011 ἀφελοῦμαι
2836 2942 2907 2996 τὰ
2938 2942 3133 3011 ἱμάτιά
3164 2962 3304 3012 μου,
3330 2944 3518 2999 καὶτὰ
3545 2945 3677 2998 ὀθό-

429 3042 494 3080 ne
533 3029 768 3093 operiant
808 3031 1145 3099 ignominiam
1182 3032 1319 3099 ejus.
1354 3032 1422 3085 Et
1461 3050 1598 3087 nunc
1635 3036 1867 3089 revelabo
1909 3037 2005 3091 im-

2112 3030 2208 3083 νιιί
2234 3049 2374 3098 μου,
2422 3031 2528 3085 τοῦ
2570 3033 2656 3101 μὴ
2711 3035 3040 3086 καλύπτειν
3089 3034 3202 3101 τὴν
3240 3035 3679 3103 ἀσχημοσύνην

428 3118 739 3171 munditiam
770 3119 881 3188 ejus
907 3120 962 3174 in
990 3133 1266 3189 conspectu
1290 3133 1588 3178 amatorum
1617 3125 1783 3191 illius,
1813 3137 1863 3180 et
1891 3127 2008 3180 nul-

425 3207 511 3262 la:
539 3220 682 3263 eruet
715 3226 833 3264 eam
862 3211 926 3266 de
955 3228 1117 3267 manu
1147 3229 1283 3266 mea.

498 3386 680 3443 XVIII.
717 3386 908 3444 Cernis
933 3388 1204 3456 quomodo
1230 3391 1464 3445 minatus
1489 3392 1561 3445 sit
1587 3391 1888 3446 ablaturum
1917 3410 2001 3459 se,

426 3495 545 3549 quae
577 3482 846 3535 delectare
878 3480 1090 3546 solent,
1124 3496 1223 3535 nec
1256 3480 1309 3534 id
1342 3481 1644 3536 inutiliter?
1677 3483 1826 3538 Sicut
1856 3500 2007 3539 nam-

426 3585 531 3640 que
553 3573 694 3624 viam
720 3570 835 3638 ejus
863 3572 997 3640 palis
1021 3570 1216 3625 defixis
1240 3573 1482 3641 asperari
1513 3572 1581 3627 ad
1608 3574 2005 3642 complectenda

427 3660 726 3715 salubriora
774 3662 1093 3727 inducebat,
1136 3661 1477 3732 faciebatque
1520 3664 1605 3717 vel
1652 3665 1874 3720 invitam
1923 3666 2005 3721 di-

427 3767 592 3806 cere:
644 3752 904 3807 Revertar
938 3754 1003 3805 ad
1041 3753 1211 3806 virum
1259 3769 1435 3807 meum
1468 3755 1725 3822 priorem,
1751 3758 2004 3826 quoniam

428 3843 622 3897 melius
668 3843 795 3895 mihi
843 3852 971 3895 tunc
1010 3852 1146 3908 erat,
1205 3857 1365 3912 quam
1449 3859 1611 3910 nunc,
1671 3848 2007 3913 experientia

427 3937 568 3992 enim
617 3947 900 4007 cognorat,
948 3937 1076 4006 quid
1128 3939 1411 3992 utilitatem
1459 3941 1808 4006 conciliaret,
1858 3954 1911 4000 et
1954 3945 2005 4000 in

427 4028 618 4097 quibus
651 4038 928 4097 praestaret
958 4029 1185 4083 libenter
1213 4030 1459 4087 habitare
1490 4052 1502 4086 :
1533 4033 1605 4086 ita
1635 4033 1681 4087 si
1713 4035 2004 4101 abstulero,

428 4119 624 4189 inquit,
659 4134 776 4188 qua!
812 4136 929 4175 utea
964 4130 1112 4188 sunt,
1150 4133 1275 4177 tunc
1307 4123 1631 4180 omnimodis
1666 4134 2003 4196 erogatorem

429 4211 688 4279 requiret,
720 4222 775 4265 et
790 4212 1121 4268 daemonibus
1144 4224 1350 4285 gratam
1378 4231 1435 4271 se
1459 4217 1717 4273 exhibere
1731 4218 2001 4287 designet;

429 4315 629 4371 eosque
662 4317 788 4357 vere
828 4305 955 4358 deos
988 4305 1270 4370 arbitrari,
1306 4316 1365 4361 ut
1397 4309 1561 4361 etiam
1599 4309 1699 4363 sibi
1736 4309 2004 4378 subjectos

2108 3120 2317 3187 αὐτῆς.
2352 3122 2456 3175 Καὶ
2486 3122 2600 3176 νῦν
2629 3124 3004 3193 ἀποκαλύψω
3039 3125 3149 3192 τὴν
3181 3125 3552 3192 ἀκαθαρσίαν
3568 3128 3677 3178 αὐ-

2109 3209 2217 3278 τῆς
2243 3211 2497 3265 ἐνώπιον
2523 3212 2641 3265 τῶν
2688 3213 2956 3281 ἐραστῶν
2991 3214 3199 3283 αὐτῆς,
3240 3216 3335 3269 καί
3375 3216 3574 3281 οὐδεὶς
3602 3220 3674 3270 οὺ

2105 3301 2190 3371 μὴ
2222 3303 2497 3371 ἐξέληται
2530 3305 2725 3371 αὐτὴν
2761 3306 2829 3358 ἐκ
2859 3309 3059 3373 χειρός
3082 3323 3219 3374 μου.

2178 3396 2283 3449 IH'.
2334 3397 2494 3467 Ὁρᾷς
2521 3398 2668 3459 ὅπως
2698 3398 2961 3467 ἠπείλησε
2978 3398 3075 3469 τὴν
3099 3399 3387 3468 ἀφαίρεσιν
3408 3398 3513 3449 τῶν
3544 3415 3674 3450 κατ-

2108 3486 2419 3555 ευφραίνειν
2450 3486 2687 3552 εἰδότων,
2722 3488 2816 3541 καὶ
2839 3488 2996 3541 τοῦτο
3020 3488 3330 3559 χρησίμως’
3355 3488 3540 3558 ὥσπερ
3566 3489 3673 3558 γὰρ

2107 3573 2169 3624 τὸ
2191 3574 2653 3644 ἀποτραχύνεσθαι
2688 3579 2800 3638 τοῖς
2837 3575 3056 3644 σκόλοψι
3094 3576 3188 3647 τὴν
3220 3577 3334 3629 ὁδὸν
3363 3577 3531 3643 αὐτῆς
3579 3578 3672 3628 ἐπὶ

2107 3665 2167 3716 τὸ
2181 3664 2396 3717 ἑλέσθαι
2413 3668 2625 3735 φρονεῖν
2644 3664 2709 3716 τὰ
2726 3665 2931 3735 ἀμείνω
2948 3666 3278 3736 παρήνεγκε,
3295 3665 3671 3734 παρεσκεύασε

2108 3756 2163 3807 δὲ
2194 3755 2382 3826 ὥσπερ
2406 3756 2499 3808 καὶ
2532 3756 2629 3825 οὐχ
2650 3755 2880 3809 ἑκοῦσαν
2907 3760 3096 3820 εἰπεῖν,
3164 3757 3220 3808 Ἐ
3237 3755 3512 3825 πιστρέψω
3537 3756 3673 3825 πρὸς

2108 3846 2199 3899 τὸν
2221 3848 2388 3917 ἄνδρα
2420 3864 2519 3916 μου
2546 3848 2636 3899 τὸν
2668 3848 2954 3918 πρότερον,
2985 3848 3065 3900 ὅτι
3100 3846 3275 3909 καλῶς
3303 3864 3391 3916 μοι
3428 3842 3495 3916 ἦν
3526 3847 3668 3907 τότε,

2107 3938 2139 4008 ἢ
2170 3938 2291 3992 νῦν’
2349 3938 2489 4007 ἐγνω
2550 3938 2658 4009 γὰρ
2690 3939 2776 3991 διὰ
2824 3939 3015 4008 πείρας
3045 3939 3105 3990 τὸ
3136 3937 3319 3990 τελοῦν
3352 3940 3429 3999 είς
3464 3938 3667 4008 ὄνησιν,

2108 4030 2201 4082 καὶ
2217 4025 2297 4092 οἷς
2319 4025 2385 4100 ἦν
2414 4030 2631 4099 ἄμεινον
2657 4030 3070 4100 ἐμφιλοχωρεῖν·
3093 4029 3261 4091 οὕτως
3287 4031 3332 4080 εί
3365 4028 3577 4096 λάϐοιμι
3601 4027 3671 4080 τὰ

2108 4118 2366 4190 ἐμαυτοῦ,
2391 4120 2543 4188 φησὶ,
2571 4120 2691 4172 τότε
2719 4119 2783 4186 δὴ
2813 4119 3026 4180 πάντως
3054 4118 3274 4187 ζητήσει
3296 4117 3384 4168 τὸν
3410 4118 3665 4184 χορηγὸν,

2107 4212 2200 4263 καὶ
2248 4210 2515 4264 παύσεται
2556 4210 2648 4262 τοῦ
2692 4210 2799 4261 δεῖν
2836 4209 3094 4260 ἀνάπτειν
3126 4210 3236 4269 τοῖς
3276 4206 3568 4274 δαιμονίοις
3600 4208 3670 4261 τὰ

2107 4301 2460 4371 χαριστήρια,
2500 4300 2704 4352 οἴεσθαί
2728 4316 2786 4351 τε
2812 4300 2893 4351 ὅτι
2923 4298 3032 4350 θεοὶ
3062 4297 3201 4350 κατά
3225 4295 3479 4366 ἀλήθειάν
3506 4298 3665 4361 εἰσιν,

429 4393 481 4446 in
502 4393 783 4462 pristinam
805 4395 1111 4449 felicitatem
1131 4398 1417 4451 restituere
1432 4397 1542 4469 40
1557 4407 1775 4468 queant.
1792 4399 1856 4452 Et
1873 4408 2002 4454 tem-

2106 4391 2177 4453 ὡς
2206 4391 2298 4444 καὶ
2330 4390 2629 4452 ἀνασώζειν
2663 4388 2920 4442 δύνασθαι
2958 4389 3081 4451 τοὺς
3122 4388 3212 4440 ὑπ’
3238 4387 3419 4449 αὐτοῖς
3448 4388 3667 4455 γεγονό-

429 4497 557 4550 pore
582 4498 679 4537 suo
706 4483 1035 4537 frumentum
1054 4526 1067 4549 ,
1101 4494 1154 4539 ct
1181 4486 1392 4551 vinv'n,
1422 4500 1476 4540 et
1506 4488 1668 4543 lintea
1697 4488 1997 4545 ablaturum

2109 4484 2357 4545 τας.Καὶ
2406 4483 2463 4535 ἐν
2500 4481 2753 4551 καιρῷδέ
2781 4479 3045 4551 λήψεσθαι
3092 4478 3183 4530 τὸν
3233 4481 3397 4542 σῖτον,
3442 4477 3533 4529 καὶ
3575 4479 3669 4531 τὸν

428 4574 579 4636 dicit,
611 4572 919 4628 fallentibus
952 4574 1088 4627 forte
1115 4590 1214 4628 suo
1244 4585 1480 4644 tempore
1507 4577 1773 4649 frugibus,
1802 4591 1856 4637 et
1886 4598 2001 4635 ma—

2106 4570 2257 4637 οἶνον,
2293 4573 2382 4625 καὶ
2427 4571 2497 4624 τὰ
2540 4571 2725 4624 ὀθόνια
2799 4570 2953 4639 φησι,
2995 4569 3337 4638 ψευδομένων
3370 4570 3508 4637 τάχα
3564 4586 3666 4620 που

429 4665 651 4716 tnritate
677 4675 772 4716 eas
805 4662 1162 4729 destituenle,
1192 4674 1250 4717 ut
1276 4664 1330 4716 in
1366 4674 1508 4719 terra
1539 4667 1765 4723 colenda
1792 4670 2004 4725 labores

428 4768 616 4807 manes
650 4751 819 4807 fuisse
851 4753 1109 4807 toleratos
1139 4763 1411 4823 appareat.
1444 4755 1594 4821 Quod
1625 4759 1671 4812 si
1700 4761 1823 4828 quis
1855 4762 2005 4814 malit

430 4842 723 4908 intelligere
763 4842 975 4897 Iudaeos
1018 4842 1320 4899 frumento-
1366 4855 1420 4899 et
1459 4847 1582 4901 vino
1625 4862 1723 4904 suo
1769 4859 2006 4919 tempore

429 4932 694 4999 privatum
724 4933 812 4995 iri,
845 4941 1027 5000 utpote
1059 4934 1286 5004 mystica
1319 4934 1691 4993 benedictione
1717 4939 1995 5008 spoliatos,

429 5025 593 5091 probe
627 5023 909 5094 intelliget.
938 5025 1125 5079 Lintea
1160 5036 1338 5081 autem
1368 5028 1496 5082 dicit
1527 5044 1817 5099 supernum
1847 5033 1997 5084 auxi-

429 5117 554 5169 lium
580 5155 594 5177 ,
630 5130 736 5183 quo
770 5117 923 5183 quasi
959 5128 1247 5185 coopertus
1281 5121 1547 5188 quispiam
1582 5122 1808 5176 decorus
1841 5124 1945 5174 erit
1979 5140 1993 5175 :

430 5215 576 5257 extra
612 5204 662 5258 id
697 5220 799 5258 non
824 5203 932 5271 jam
965 5207 1120 5261 valde
1148 5208 1341 5265 decens
1362 5248 1377 5275 ,
1406 5211 1499 5265 sed
1531 5210 1817 5266 admodum
1850 5210 1999 5265 inde-

429 5309 584 5357 cens,
617 5305 671 5348 et
703 5305 953 5365 tanquam
986 5299 1159 5352 nudus
1190 5301 1330 5354 inter
1360 5300 1605 5356 homines
1642 5301 1991 5370 permanebit.

430 5383 516 5436 Sic
557 5398 683 5450 ergo
723 5385 1048 5442 ablationem
1092 5389 1409 5456 linteorum,
1445 5407 1513 5445 ne
1550 5400 1731 5460 tegant
1769 5392 1995 5459 ignomi-

430 5474 565 5526 niam
604 5474 748 5541 ejus,
791 5474 1057 5549 intelligas
1094 5479 1236 5536 licet.
1274 5479 1650 5538 Revelaturum
1694 5496 1855 5551 porro
1892 5483 1994 5535 im-

498 5648 543 5681 ³⁸
570 5650 711 5712 Psal.
742 5669 852 5719 LVI,
891 5655 945 5711 7.

2099 4661 2239 4714 κατά
2260 4660 2482 4731 καιροὺς
2515 4660 2621 4711 τῶν
2660 4659 2911 4729 καρπῶν,
2944 4659 3038 4711 καί¹
3069 4658 3457 4729 ὑστεριζόντων
3484 4658 3667 4719 αὐτοῖς

2099 4744 2206 4798 τῶν
2228 4745 2484 4815 ὠρίμων“
2511 4745 2585 4807 ὡς
2619 4747 2877 4815 ματαίους
2901 4745 3193 4815 ἀνατλῆναι
3216 4746 3311 4797 καὶ
3336 4748 3460 4808 τοὺς
3487 4746 3580 4798 ἐπί
3602 4762 3665 4813 γε

2101 4836 2166 4904 τῇ
2220 4836 2461 4904 γηπονίᾳ
2509 4836 2722 4897 πόνους.
2769 4836 2831 4888 Εἰ
2859 4835 2917 4888 δὲ
2967 4835 3029 4904 δή
3064 4852 3146 4897 τις
3175 4834 3346 4887 ἕλοιτο
3383 4839 3519 4888 νοεῖν
3583 4836 3665 4888 ὅτι

2106 4922 2253 4973 σίτου
2297 4923 2390 4974 καὶ
2438 4923 2580 4975 οἴνου
2618 4922 3041 4994 στερηθήσονται
3091 4923 3230 4975 κατά
3277 4924 3499 4993 καιροὺς
3537 4924 3670 4975 Ἰου-

2103 5011 2261 5073 δαῖοι,
2293 5011 2395 5080 τῆς
2424 5013 2689 5083 μυστικῆς
2719 5014 2967 5083 εὐλογίας
2989 5012 3418 5074 ἐκπεπτωκότες,
3446 5015 3668 5082 συνήσει

2105 5104 2304 5168 καλῶς.
2346 5104 2556 5159 Ὀθόνια
2595 5106 2651 5159 δέ
2683 5124 2814 5177 φησι
2867 5106 2964 5175 τὴν
2996 5105 3154 5157 οἰονεὶ
3199 5102 3537 5172 περιστολὴν,
3570 5106 3668 5157 καὶ

2100 5198 2198 5267 τὴν
2226 5196 2429 5250 ἄνωθεν
2454 5197 2792 5265 ἐπικουρίαν,
2828 5196 2916 5263 ὑφ’
3014 5191 3251 5260 γεγονὼς
3282 5191 3432 5244 ἔσται
3458 5208 3541 5253 τις
3578 5193 3660 5243 εὐ·

2104 5291 2346 5360 σχήμων.
2390 5289 2452 5342 Εί
2485 5291 2541 5342 δὲ
2571 5289 2673 5353 ἔξω
2712 5288 2949 5357 φέροιτο,
2978 5284 3306 5356 περικαλλὴς
3336 5284 3435 5353 μὲν
3460 5284 3661 5347 οὐκέτι,

2102 5383 2235 5435 πολὺ
2260 5382 2323 5452 δὴ
2358 5382 2475 5433 λίαν
2508 5382 2788 5450 ἀσχήμων,
2818 5379 2911 5431 καὶ
2943 5376 3103 5429 οἱονεὶ
3134 5376 3339 5445 γυμνὸς
3371 5376 3664 5428 διατελέσει

2100 5474 2238 5530 κατά
2263 5475 2353 5528 τὸν
2379 5475 2600 5544 κόσμον.
2632 5466 2755 5526 Ὧδε
2790 5470 2886 5541 μὲν
2913 5465 3004 5521 οῦν
3033 5469 3131 5537 τὴν
3162 5469 3268 5520 τῶν
3298 5467 3517 5521 ὀθονίων
3542 5464 3667 5533 νοή-
