4002 6220
252 365 325 419 73
1183 353 1729 408 COMMENTARIUS
1762 353 1826 409 lN
1869 355 2101 410 OSEAM
2143 354 2577 410 I’ROPIIETAM.
3439 354 3510 406 ’14

255 497 374 543 σεις
414 476 705 546 ἀφαίρεσιν
728 512 744 538 ,
784 470 922 541 ὑπέρ
955 487 1016 537 γε
1059 469 1151 523 τοῦ
1189 471 1263 541 μὴ
1312 468 1680 524 καλύπτεσθαι
1738 469 1834 539 τὴν

1943 472 2288 536 munditiam,
2321 483 2372 525 ct
2403 485 2582 525 coram
2615 475 2946 529 amatoribus
2974 474 3091 544 ejus
3121 476 3387 546 promittit
3443 493 3513 533 eo

253 567 646 640 ἀσχημοσύνην
694 563 889 632 αὐτῆς.
925 560 1324 630 Ἀποκαλύψειν
1358 561 1416 614 δὲ
1442 561 1540 630 τὴν
1591 560 1834 651 ἀκαθαρ-

257 664 382 716 σίαν
414 659 586 728 αὐτῆς
615 654 1010 724 ἐπαγγέλλεται
1035 693 1049 719 ,
1094 654 1188 706 καὶ
1233 651 1344 705 τῶν
1383 650 1628 720 ἐραστῶν
1668 650 1834 720 αὐτῆς

256 753 524 817 ἐναντίον,
571 750 714 803 κατά
755 748 957 803 τοιόνδε
1022 746 1142 800 τινὰ
1199 745 1400 815 τρόπον
1424 784 1436 808 ,
1477 745 1535 798 ὃν
1577 744 1836 813 ἐλέγομεν

255 846 485 915 ἀρτίως,
507 844 589 895 ὅτι
613 837 988 911 περιπεσοῦσα
1021 839 1133 899 τοῖς
1169 836 1415 905 σκόλοψι,
1439 835 1705 899 τουτέστι,
1727 838 1835 897 τοῖς

252 939 320 989 ὲκ
346 935 444 988 τοῦ
476 933 716 1002 πολέμου
743 932 954 995 κακοῖς,
987 929 1082 981 καὶ
1123 929 1246 990 ταῖς
1285 929 1366 980 ὅτι
1404 926 1638 997 μάλιστα
1669 943 1837 979 κατα-

253 1027 516 1096 πλήττειν
549 1022 876 1092 δυναμέναις
908 1020 1234 1089 συμφοραῖς,
1261 1018 1354 1071 καὶ
1376 1017 1554 1070 αὐτῶν
1574 1016 1836 1088 ἀμελήσει

250 1118 368 1171 τῶν
404 1119 461 1170 ἐν
508 1112 772 1182 ὑπολήψει
816 1111 986 1174 θεῶν,
1027 1110 1127 1162 ούκ
1165 1109 1223 1163 ἐν
1275 1110 1435 1180 σχολῇ
1487 1110 1837 1182 προσάγουσα

254 1207 456 1268 θυσίας
497 1205 710 1266 αὐτοῖς,
744 1200 870 1254 οῦτε
921 1199 1026 1270 μὴν
1053 1199 1123 1252 τὰ
1158 1199 1360 1269 συνήθη
1393 1198 1632 1270 πληροῦν
1675 1199 1834 1251 δυνα-

258 1300 399 1371 μένη
431 1296 568 1367 πρὸς
599 1293 756 1358 δόξαν
781 1291 981 1346 αὐτῶν.
1007 1289 1508 1360 Κατακερτομοῦσα
1532 1291 1588 1344 δέ
1616 1291 1833 1360 μᾶλλον,

252 1391 332 1453 ὡς
360 1387 514 1441 οὐδὲν
537 1385 717 1438 αὐτῶν
745 1383 1048 1437 ἀπόνασθαι
1081 1382 1262 1452 μετὸν,
1285 1383 1379 1435 καὶ
1402 1381 1838 1445 κατονειδίζουσα

255 1499 378 1544 πως
399 1480 460 1532 τὸ
477 1479 665 1532 ἄναλκι
685 1475 984 1538 παντελῶς,
1014 1495 1031 1525 ι
1055 1474 1411 1546 Ὑποστρέψω
1427 1515 1441 1536 ,
1459 1495 1476 1526 ι
1500 1475 1654 1543 φησὶ,
1675 1475 1836 1544 ιπρὺς

254 1573 352 1626 τὸν
380 1568 553 1640 ἄνδρα
583 1586 686 1638 μου
716 1569 808 1620 τὸν
849 1567 1133 1638 πρότερον,
1159 1567 1242 1619 ὅτι
1275 1565 1456 1629 καλῶς
1489 1583 1578 1635 μοι
1601 1560 1669 1636 ἧν
1695 1566 1838 1632 τότε,

253 1663 290 1733 ἣ
321 1661 440 1714 νῦν.
476 1679 493 1710 ι
547 1660 714 1712 Ὅταν
763 1656 946 1713 τοίνυν
995 1654 1332 1726 ἀπαμφιέσω
1381 1655 1478 1724 μὲν
1525 1655 1696 1725 αὐτὴν
1743 1655 1839 1724 τῆς

255 1755 390 1823 παρ’
440 1751 601 1822 ἐμοῦ,
627 1748 812 1820 φησὶν,
852 1747 1191 1816 ἐπικουρίας,
1215 1745 1590 1817 περιπεσοῦσα
1621 1747 1677 1799 δὲ
1726 1748 1838 1807 τοῖς

1941 563 2097 617 modo
2163 577 2268 632 quo
2298 565 2406 630 jam
2443 564 2770 620 dicebamus.
2805 568 3068 633 Quoniam
3103 583 3225 623 cum
3261 569 3510 624 inciderit

1939 654 1991 706 in
2029 654 2207 722 palos,
2243 657 2342 709 hoc
2377 668 2492 721 est,
2527 657 2578 710 in
2614 657 2950 712 calamitates
2985 660 3138 723 belli,
3171 669 3226 714 et
3261 661 3312 714 in
3346 662 3512 716 detri-

1942 751 2149 810 menta,
2195 762 2314 814 qua:
2361 749 2652 815 percellere
2697 750 2929 804 maxime
2972 761 3226 819 possunt,
3267 762 3321 806 et
3365 754 3512 822 ipsos

1941 850 2078 905 quos
2121 838 2341 904 putabat
2385 837 2618 906 negliget
2657 839 2804 904 deos,
2840 853 2944 893 nou
2981 839 3034 892 in
3068 840 3177 892 otio
3209 840 3274 895 iis
3305 840 3514 895 hostias

1939 927 2253 993 immolans,
2294 942 2391 980 nec
2431 938 2686 982 consueta
2729 930 2795 981 ad
2837 929 3073 998 ipsorum
3111 929 3333 998 gloriam
3376 945 3511 998 pra:-

1940 1029 2087 1073 starc
2113 1021 2272 1088 potis.
2299 1019 2550 1086 Quinimo
2576 1020 2834 1075 conviciis
2862 1019 3155 1085 insectans,
3184 1031 3240 1074 ut
3271 1021 3522 1085 inutiles,

1939 1122 1988 1163 et
2033 1111 2427 1179 quodammodo
2470 1126 2732 1165 summam
2781 1111 2910 1179 ipsis
2959 1110 3377 1165 imbecillitatem
3419 1127 3512 1166 ex-

1941 1200 2202 1267 probrans
2254 1218 2266 1252 :
2325 1220 2342 1251 ι
2401 1200 2680 1266 Revertar,
2732 1201 2939 1269 inquit,
2993 1202 3056 1255 ad
3105 1203 3277 1255 virum
3334 1219 3510 1257 mrum

1941 1292 2208 1360 priorem,
2257 1294 2509 1361 quoniam
2563 1293 2754 1347 melius
2802 1294 2931 1346 mihi
2984 1303 3107 1348 tunc
3154 1304 3301 1358 erat,
3350 1310 3512 1362 quam

1942 1397 2101 1436 nunc.
2142 1401 2160 1434 ι
2200 1381 2426 1448 Quando
2463 1384 2644 1451 igitur,
2680 1383 2884 1452 inquit,
2917 1397 3120 1437 exuero
3157 1383 3326 1451 ipsam
3362 1385 3515 1437 auxi-

1942 1475 2025 1528 liis
2057 1474 2224 1536 tneis,
2258 1485 2312 1527 et
2346 1475 2396 1526 in
2435 1474 2569 1528 mala
2605 1475 2912 1538 devenerit,
2947 1474 3315 1544 h0noremqne
3345 1485 3399 1529 et
3430 1477 3514 1528 di-

1941 1567 2222 1621 lectionem
2275 1581 2461 1619 eorum
2491 1568 2893 1636 contempserit,
2919 1567 3206 1636 animoque
3231 1577 3432 1636 διετοιο
3453 1582 3517 1626 ac

1942 1657 2235 1727 pmnitente
2271 1657 2414 1724 ipsos
2448 1657 2750 1723 chpuerit,
2782 1668 2911 1712 tunc
2944 1660 3048 1712 illis
3080 1659 3333 1713 indecora
3368 1658 3516 1712 vidc-

1944 1746 2106 1797 bitur.
2134 1744 2264 1798 Nam
2293 1747 2468 1813 quoad
2502 1748 2606 1801 illis
2659 1749 2841 1801 suavia
2866 1758 2921 1801 et
2951 1749 3120 1802 amica
3174 1756 3402 1816 spectat,
3427 1763 3516 1800 ca-

252 1819 485 1907 δεινοῖς,
549 1843 645 1895 καὶ
686 1819 787 1909 τῆς
837 1841 916 1901 είς
976 1838 1171 1900 αὐτοὺς
1224 1837 1470 1910 ἀλογήσῃ
1523 1836 1690 1907 τιμῆς
1752 1837 1841 1889 καὶ

1945 1834 2188 1888 lanzitosa
2225 1838 2402 1904 potius
2428 1839 2672 1893 videatur
2701 1853 2918 1893 necesse
2953 1849 3069 1903 est,
3103 1841 3148 1894 si
3185 1854 3358 1908 neque
3393 1855 3514 1893 cum

251 1934 478 2001 ἀγάπης
498 1973 512 1993 ,
546 1929 670 1984 τότε
723 1928 815 1980 καὶ
865 1926 1047 1988 αὐτοῖς
1099 1926 1365 1995 ἀσχήμων
1397 1924 1724 1994 ὀφθήσεται,
1757 1941 1843 1976 σα-

251 2023 372 2095 Θρῷ
406 2022 503 2075 καὶ
530 2019 812 2082 κολάζοντι
843 2016 918 2086 νῷ
945 2015 1289 2073 διαπτύσασα
1311 2017 1406 2070 καὶ
1439 2015 1656 2078 αὐτούς.
1677 2016 1842 2069 Ὅσον

248 2116 364 2185 γὰρ
391 2103 530 2184 ἥκει
570 2113 651 2174 εἰς
695 2112 755 2164 το
801 2111 1025 2173 ἐκείνοις
1072 2109 1171 2176 ἡδὺ
1208 2109 1302 2166 καὶ
1357 2107 1551 2176 φίλον,
1589 2106 1839 2178 τληπαθῆ

255 2206 467 2277 μᾶλλον
499 2202 732 2274 ὁρᾶσθαι
757 2203 891 2272 χρή.
918 2201 1030 2254 Καὶ
1062 2199 1183 2257 ούδέ
1213 2199 1271 2252 ἐν
1307 2199 1495 2260 αὑταῖς
1521 2193 1689 2251 οὖσαν
1718 2199 1839 2260 ταῖς

251 2296 517 2367 ἐσχάταις
558 2294 885 2363 συμφοραῖς,
919 2290 1025 2343 τῶν
1071 2290 1255 2352 αὐτοῖς
1289 2289 1584 2342 δοκούντων
1612 2286 1834 2339 ἐπιλαν-

250 2381 540 2435 θάνεσθαι.
567 2378 776 2432 Οὐκοῦν
813 2379 937 2431 ὅσον
966 2378 1092 2447 ἥκει
1126 2379 1206 2440 εἰς
1237 2377 1296 2430 τὸ
1339 2377 1562 2431 ἐκείνων
1601 2375 1830 2447 θέλημα,

250 2475 359 2527 καὶ
393 2473 524 2543 παρ’
551 2471 733 2533 αὐτοῖς
779 2470 1043 2539 ἀσχήμων
1070 2471 1098 2521 ὁ
1149 2468 1390 2539 Ἰσραὴλ,
1420 2467 1513 2532 οὓς
1551 2468 1835 2539 νενόμικεν

249 2564 408 2619 εἶναι
435 2563 612 2626 θεοὺς,
642 2563 703 2615 ού
746 2564 909 2632 μέχρι
939 2562 1142 2623 παντὸς
1169 2559 1389 2630 ἀγαπᾷν
1420 2559 1713 2630 ᾑρημένος.
1747 2563 1839 2614 Ao-

249 2656 424 2711 κεῖδέ
442 2672 529 2725 μοι
548 2655 713 2722 φάναι
744 2671 798 2706 τι
817 2651 1056 2706 τοιοῦτον
1073 2653 1100 2704 ό
1120 2651 1386 2722 μακάριος
1415 2651 1599 2714 Ἠλίας
1618 2667 1632 2681 ο
1665 2671 1682 2702 ι
1696 2652 1840 2715 Ἕως

246 2751 391 2803 πότε
421 2745 581 2817 ὑμεῖς
627 2746 920 2816 χωλανεῖτε
950 2745 1036 2798 ἐπ’
1072 2744 1414 2815 ἀμφοτέραις
1445 2746 1568 2806 ταῖς
1598 2743 1841 2810 ἰγνύαις;

242 2843 319 2896 Εἰ
343 2840 460 2893 ἐστι
490 2837 694 2908 Κύριος
730 2839 759 2890 ό
782 2837 936 2900 Θεὸς,
985 2834 1286 2906 πορεύεσθε
1337 2833 1513 2886 ὀπίσω
1547 2833 1732 2886 αὐτοῦ.
1783 2835 1848 2893 Et

240 2934 308 2987 δὲ
339 2935 368 2986 ὁ
393 2930 541 2985 Βάαλ
562 2929 742 2994 αὐτὸς,
775 2928 1067 2998 πορεύεσθε
1097 2927 1272 2984 όπίσω
1302 2923 1465 2978 αὑτοῦ
1484 2941 1495 2953 ·
1513 2943 1530 2975 ι
1559 2924 1588 2976 ὃ
1615 2924 1848 2995 ἑτέρωθί

1940 1927 2166 1981 Summis
2195 1929 2536 1983 conﬂictatur
2567 1931 2828 1994 miseriis,
2861 1946 3046 1984 eorum
3079 1946 3198 2001 qua:
3232 1932 3363 1999 ipsis
3397 1932 3481 2000 pla
3502 1961 3515 1972 -

1941 2027 2063 2071 cent
2098 2017 2465 2073 obliviscatur.
2501 2021 2652 2086 Quod
2697 2037 2823 2092 ergo
2857 2022 2922 2076 ad
2965 2037 3148 2077 eorum
3187 2021 3515 2075 voluntatem

1940 2108 2152 2171 attinet,
2180 2108 2342 2161 etiam
2373 2109 2510 2177 apud
2544 2111 2688 2178 ipsos
2717 2126 2852 2179 quos
2881 2111 3083 2179 putavit
3115 2110 3244 2165 deos
3276 2126 3396 2165 esse
3423 2111 3518 2163 dc-

1893 2199 1899 2203 “
1939 2197 2126 2254 formis
2156 2208 2238 2254 est
2267 2200 2452 2264 Israel,
2483 2203 2699 2270 quando
2727 2217 2820 2256 eos
2847 2203 3070 2270 diligere
3102 2202 3360 2259 cessavit.
3390 2194 3518 2256 Exi-

1941 2289 2104 2345 stimo
2154 2305 2314 2360 porro
2365 2292 2469 2348 tale
2503 2294 2776 2364 quidpiam
2808 2294 3007 2348 dixisse
3041 2294 3255 2348 beatum
3295 2293 3462 2346 Elian:
3498 2307 3513 2344 :

1947 2399 1964 2430 ι
2004 2379 2296 2451 Usquequo
2350 2399 2442 2438 vos
2473 2385 2847 2440 claudieabitis
2901 2386 3164 2439 ambobus
3227 2383 3518 2453 poplitibus

1939 2473 2172 2528 vestris?
2201 2473 2254 2527 Si
2287 2485 2370 2530 cst
2399 2475 2658 2531 Dominus
2685 2476 2857 2540 Deus,
2893 2477 2968 2531 ite
2999 2487 3116 2546 post
3143 2491 3264 2530 cum
3297 2494 3311 2542 ;
3347 2477 3389 2529 si
3421 2491 3518 2528 au-

1936 2573 2043 2618 tem
2073 2563 2198 2618 Baal
2226 2575 2326 2629 est,
2355 2566 2429 2620 ite
2454 2577 2572 2634 post
2597 2584 2718 2621 eum
2739 2569 2808 2620 ".
2842 2587 2860 2619 ι
2889 2568 3038 2634 Quod
3063 2567 3188 2621 alibi
3211 2567 3286 2620 ait
3312 2580 3326 2618 :
3361 2584 3378 2616 ι
3413 2566 3518 2619 Aut

1939 2652 2067 2706 Baal
2094 2653 2239 2719 Baal,
2265 2668 2358 2709 aut
2385 2656 2495 2710 Deo
2525 2657 2654 2711 Deo.
2692 2677 2709 2708 ι
2740 2657 3018 2712 Neminem
3051 2665 3229 2708 autent
3261 2671 3352 2710 eos
3383 2655 3516 2715 libe-

1942 2760 2066 2799 rare
2103 2761 2281 2814 posse,
2315 2749 2404 2816 qui
2445 2749 2612 2805 semel
2657 2751 2708 2804 in
2754 2751 2887 2804 iram
2933 2749 3024 2804 Dei
3071 2747 3381 2814 inciderint,
3420 2765 3518 2802 uec

1945 2836 2182 2906 erigere,
2214 2849 2266 2890 et
2297 2840 2605 2896 instaurare
2631 2857 2788 2910 quem
2819 2843 2959 2897 Deus
2988 2844 3305 2913 proiecerit,
3333 2852 3516 2896 osten-

1948 2925 2028 2980 dit
2059 2942 2179 2981 cum
2217 2929 2349 2982 dixit
2381 2949 2392 2984 :
2433 2950 2450 2981 ι
2489 2929 2657 2985 Nemo
2686 2944 2836 2986 eruet
2867 2950 2984 2991 eam
3019 2935 3083 2989 de
3116 2950 3278 2989 manu
3313 2949 3450 2989 mea.
3494 2952 3512 2984 ι

241 3042 453 3100 φησιν·
496 3044 516 3077 ι
541 3025 610 3077 Ἦ
644 3022 816 3088 Βάαλ,
855 3021 1083 3090 Βάαλ,ἢ
1113 3019 1233 3091 Θεῷ
1268 3017 1386 3088 Θεῷ
1421 3037 1438 3070 ι
1473 3019 1595 3072 Ὅτι
1623 3018 1678 3070 δέ
1709 3018 1882 3083 οὐδεὶς
1919 3020 2244 3086 ἀπαλλάξειε
2274 3027 2399 3087 τοὺς
2441 3024 2589 3090 ἅπαξ
2635 3027 2738 3080 ὑπὸ
2789 3028 2936 3080 θείαν
2991 3031 3282 3098 γεγονότας
3326 3027 3515 3101 ὀργὴν.

238 3123 366 3176 οὐδ’
389 3123 456 3175 ἂν
488 3115 749 3190 eguissent.
773 3131 857 3177 τις
893 3113 985 3167 τὸν
1015 3110 1451 3182 κατερῤιμμένον
1509 3105 1662 3178 παρά
1699 3106 1856 3171 Θεοῦ,
1935 3108 2170 3180 δέδειχεν
2215 3112 2384 3167 εἰπὼν
2416 3115 2494 3179 τὸ,
2545 3135 2562 3166 ι
2600 3117 2785 3180 Οὐδεὶς
2852 3116 2910 3168 οὐ
2950 3117 3025 3187 μὴ
3060 3118 3306 3189 ἐξέληται
3351 3119 3521 3185 αὐτην

244 3227 317 3275 ἐκ
347 3211 530 3281 χειρός
564 3227 685 3278 μου.
724 3227 742 3258 ι

327 3304 440 3358 Καὶ
482 3298 846 3366 ἀποστρέψω
891 3295 1091 3360 πάσας
1143 3295 1246 3358 τὰς
1296 3291 1675 3360 εὐφροσύνας
1726 3293 1830 3343 αἰν-

2004 3293 2107 3365 41
2171 3295 2331 3348 \‘Ens.
2368 3299 2451 3350 ll.
2497 3296 2563 3350 Et
2607 3310 2836 3352 avertam
2895 3315 3072 3351 outnes
3141 3298 3352 3353 Iit-titius
3381 3303 3516 3370 ejus,

243 3397 390 3465 τῆς,
414 3394 624 3462 ἑορτὰς
662 3389 875 3457 αὐτῆς,
911 3388 1004 3440 καὶ
1032 3388 1137 3451 τὰς
1169 3385 1496 3453 νουμηνίας
1521 3380 1840 3448 αὺτῆς,κιιὶ

243 3492 328 3544 τὰ
371 3487 638 3540 Σάϐϐατα
683 3481 892 3548 αὐτῆς,
930 3480 1024 3533 καὶ
1066 3479 1267 3542 πάσας
1317 3480 1424 3540 τὰς
1476 3475 1840 3543 πανηγύρεις

244 3579 475 3643 αὐτῆς.

359 3670 459 3722 ἰδ’·
501 3669 565 3720 Οἱ
607 3666 716 3735 γὰρ
757 3667 891 3728 ὅλως
935 3665 1045 3724 τοῖς
1078 3661 1219 3713 οὕτω
1269 3659 1523 3728 σκληροῖς
1573 3659 1666 3710 καὶ
1699 3657 1840 3726 ἀφύ-

245 3777 410 3821 κτοις
447 3755 824 3826 ἐνειλημμένοι
857 3755 1066 3814 κακοῖς.
1091 3751 1165 3813 ὡς
1203 3751 1295 3802 καὶ
1343 3750 1446 3802 ὑπὸ
1493 3751 1648 3818 χεῖρα
1681 3750 1834 3816 γενέ·

247 3852 389 3906 σθαι
419 3846 776 3918 βαρϐαρικὴν,
803 3847 895 3897 καὶ
926 3845 983 3895 ἐν
1007 3842 1350 3912 δορυκτήτων
1385 3840 1549 3910 μοίρᾳ
1572 3839 1842 3894 δουλεύειν

241 3939 499 4010 ἐχθροῖς,
526 3936 641 3997 πῶς
673 3935 738 3988 ἂν
779 3933 1126 4004 ἑορτάσειαν;
1160 3932 1229 3983 Ἣ
1265 3932 1414 3982 ποῖον
1444 3931 1508 3983 ἂν
1541 3929 1712 3998 ἔχοιεν
1754 3931 1842 3982 εύ-

244 4029 540 4101 φροσύνης
582 4027 790 4098 καιρὸν,
833 4028 882 4078 οἱ
914 4027 1031 4087 ταῖς
1070 4023 1210 4076 οῦτω
1254 4021 1529 4092 δριμείαις
1569 4023 1843 4092 κατηχθη-

247 4122 422 4192 μένοι
451 4119 718 4190 φροντίσι,
749 4119 842 4170 καὶ¹
873 4117 1163 4186 ἀφορήτοις
1195 4113 1393 4175 λύπαις
1427 4114 1838 4182 ἐντετηγμένοι;

239 4213 482 4272 Καίτοι,
524 4212 638 4273 πῶς
665 4211 762 4262 ούκ
788 4210 1009 4279 ἄμεινον
1042 4209 1216 4260 ἐκεῖνο
1246 4209 1408 4267 νοεῖν,
1437 4205 1513 4268 ὡς
1542 4207 1740 4276 πρέποι
1777 4205 1843 4258 ἂν

239 4303 474 4375 μᾶλλον
518 4304 626 4363 τοῖς
667 4302 745 4362 είς
794 4299 952 4352 τοῦτο
987 4297 1354 4368 ταλαιπωρίας
1424 4297 1800 4366 ἐνηνεγμένοις
1827 4337 1840 4358 ,

231 4397 601 4462 ἀνακραγεῖν
627 4392 685 4444 τὺ
707 4392 794 4445 διά
820 4392 920 4459 τῆς
950 4389 1042 4442 τοῦ
1077 4389 1382 4451 Ψάλλοντος
1408 4388 1576 4458 λύρας
1602 4385 1661 4440 εὖ
1701 4387 1842 4457 μάλα

233 4483 798 4554 παραφωνούμενον·
838 4501 856 4530 ι
902 4480 1023 4532 Ἐπὶ
1072 4479 1179 4532 τῶν
1230 4478 1492 4548 ποταμῶν
1528 4476 1842 4540 Βαϐυλῶνος

1941 3389 2295 3442 solemnitate:
2317 3392 2430 3455 eius
2468 3403 2514 3444 et
2548 3393 2842 3446 neomeuias
2875 3393 3007 3460 ejus,
3027 3401 3072 3444 et
3103 3388 3332 3444 Subbata
3366 3395 3479 3462 ejus
3501 3435 3516 3464 ,

1940 3488 1988 3532 et
2022 3491 2235 3533 cunctas
2263 3481 2561 3549 festivitates
2587 3483 2721 3550 ejus.

2012 3655 2154 3710 XIX.
2207 3656 2304 3722 Qui
2355 3659 2498 3710 enim
2569 3675 2788 3728 prorsus
2860 3663 2994 3715 adeo
3040 3665 3195 3718 smvis
3252 3672 3302 3717 et
3345 3666 3519 3720 inelu-

1943 3747 2227 3801 rtabilibus
2265 3748 2607 3818 circumscpti
2634 3762 2788 3803 erant
2819 3750 3188 3818 incommodis,
3227 3763 3354 3806 utet
3392 3757 3518 3810 bar-

1943 3837 2090 3892 baris
2133 3838 2356 3906 subjecti
2404 3849 2604 3906 essent,
2635 3851 2688 3893 et
2738 3849 2794 3893 nt
2829 3838 2967 3894 bello
3024 3842 3164 3909 Capti
3226 3846 3515 3909 servirent,

1944 3929 2212 3997 quomodo
2273 3930 2463 3985 festum
2527 3931 3038 3986 celebrarent‘laut
3104 3947 3264 4000 quam
3322 3933 3519 3986 Iaztitia:

1945 4023 2400 4090 Opportunitatem
2439 4023 2732 4086 haberent,
2775 4023 2864 4090 qui
2923 4032 3029 4075 tam
3082 4023 3298 4075 acribus
3371 4025 3516 4077 curis

1947 4114 2298 4177 vexabantur,
2333 4125 2385 4166 et
2419 4113 2763 4166 intolerandis
2809 4112 3216 4179 :rgritudinibus
3262 4113 3518 4166 contabe-

1948 4202 2170 4256 scebant
2200 4201 2220 4252 ?
2251 4201 2590 4268 Quanquam,
2644 4215 2741 4254 cur
2780 4215 2882 4252 non
2935 4199 3181 4254 malimus
3214 4201 3283 4253 ita
3326 4203 3517 4256 intelli-

1948 4307 2094 4363 gere,
2134 4291 2368 4348 futurum
2425 4301 2481 4346 ut
2525 4291 2686 4345 tantis
2713 4292 2968 4346 aerumnis
3037 4292 3210 4345 obruti
3264 4311 3365 4348 non
3422 4296 3517 4348 ab-

1948 4381 2111 4433 surde
2151 4380 2475 4444 exclamem,
2508 4379 2647 4449 quod
2691 4377 2885 4433 Psalta:
2915 4379 3028 4448 lyra
3049 4381 3331 4437 verissime
3386 4383 3517 4452 ipsis

1948 4472 2212 4524 acciuuit:
2236 4491 2252 4522 ι
2285 4471 2458 4539 Super
2481 4471 2698 4525 ﬂtttniua
2731 4469 3018 4539 Babylonis
3049 4470 3155 4525 illic
3179 4473 3437 4537 sedimus,
3467 4485 3521 4526 et

227 4578 384 4631 ἐκεῖ
411 4573 764 4642 ἐκαθίσαμεν,
810 4573 905 4625 καὶ
937 4570 1299 4640 ἐκλαύσαμεν,
1327 4572 1384 4623 ἐν
1425 4569 1502 4639 τῷ
1538 4566 1841 4639 μνησθῆναι

1948 4562 2224 4625 ﬂevitnus,
2265 4564 2386 4617 dum
2435 4564 2844 4618 rccordaremur
2880 4562 2975 4630 ttti,
3005 4561 3135 4617 Sion
3158 4559 3234 4612 '3?
3263 4577 3280 4609 ι
3308 4561 3372 4616 Et
3391 4562 3518 4618 licet

227 4668 414 4739 ἡμᾶς
475 4666 574 4735 τῆς
625 4663 795 4730 Σιὼν;
832 4682 850 4714 ι
911 4662 1349 4731 Ἀνεπιτήδευτον
1377 4661 1434 4713 δὲ
1468 4659 1743 4723 παντελῶς
1786 4660 1841 4712 τὸ

1952 4652 2104 4708 festis
2151 4653 2434 4706 actitandis
2483 4653 2680 4706 nullam
2739 4654 2950 4722 penitus
3000 4670 3218 4725 operam
3283 4655 3516 4721 darent,

225 4732 549 4827 ἑορτάξειν
577 4752 811 4822 ἔχοντες,
837 4751 992 4804 οὐδὲν
1021 4747 1182 4822 ἧττόν
1213 4766 1374 4818 φασι·
1413 4769 1429 4800 ι
1461 4751 1583 4812 Πῶς
1625 4750 1841 4820 ᾄσωμεν

1951 4743 2065 4812 lege
2099 4732 2333 4798 saueitas
2370 4745 2420 4797 in
2452 4745 2631 4799 divino
2677 4745 2821 4798 cultu
2885 4747 3256 4810 cmrimonias,
3301 4757 3354 4800 ct
3397 4765 3515 4816 qua:

229 4849 362 4918 τὴν
391 4844 536 4914 ᾠδὴν
563 4843 765 4912 Κυρίου
791 4842 882 4894 ἐπὶ
907 4841 1009 4909 γῆς
1037 4841 1380 4910 ἀλλοτρίας;ι
1419 4840 1533 4892 Οὐκ
1557 4840 1840 4906 ἐφιέντων,

1949 4835 2093 4890 domi
2127 4847 2278 4905 grata
2313 4846 2366 4888 ct
2415 4837 2609 4889 usitata
2655 4838 2921 4900 obibant,
2949 4836 3274 4904 Babyloniis,
3328 4841 3514 4906 credo,

224 4937 422 5010 οἶμαί
455 4953 585 4998 που,
615 4936 721 4988 τῶν
747 4933 1098 4988 Βαϐυλωνίων
1119 4933 1217 4996 τάς
1246 4931 1637 5001 νενομισμένας
1669 4931 1841 4992 αὐτοῖς

1952 4942 2056 4980 non
2085 4927 2516 4994 permittentibus
2564 4943 2576 4977 :
2616 4925 2963 4979 nihilominus
2981 4925 3214 4981 aiunt":
3237 4946 3255 4980 ι
3275 4929 3512 4995 Quomo-

227 5030 546 5099 λατρείας,
577 5028 668 5080 καὶ
694 5027 762 5079 τά
790 5027 926 5079 οἴκοι
961 5025 1088 5094 φίλα
1121 5042 1180 5076 τε
1228 5025 1323 5077 καὶ
1352 5023 1427 5085 ὡς
1467 5025 1522 5075 ἐν
1561 5023 1670 5075 ἔθει
1715 5022 1841 5091 πλην·

1954 5025 2020 5073 do
2051 5021 2389 5074 cantabimus
2419 5021 2682 5073 canticum
2712 5020 2920 5075 Domini
2982 5023 3034 5078 in
3077 5034 3218 5078 terra
3252 5027 3466 5081 aliena?
3496 5049 3512 5079 ι

228 5118 417 5191 ροῦν.
446 5115 590 5168 Ἀλλ’
617 5114 745 5175 ἴσως
767 5115 944 5167 ἐκεῖνο
965 5116 1079 5184 ἐρεῖ
1102 5131 1184 5175 τις
1205 5129 1217 5144 ⁸
1244 5113 1304 5164 Ei
1332 5112 1465 5183 πρὸς
1487 5111 1546 5164 τὸ
1572 5111 1841 5182 λατρεύειν

1955 5107 2060 5161 Sed
2133 5109 2355 5160 forsitan
2427 5108 2646 5175 objiciet
2717 5111 3028 5179 quispiam:
3069 5113 3124 5167 Si
3172 5117 3236 5168 ad
3293 5117 3515 5172 colenda

224 5207 509 5269 εἰδώλοις
546 5206 906 5259 ἀπονένευκεν
937 5208 967 5258 ὁ
1003 5203 1236 5274 Ἰσραὴλ,
1271 5203 1386 5264 πῶς
1421 5202 1486 5254 ἂν
1526 5201 1598 5272 μὴ
1633 5203 1725 5255 καὶ
1755 5201 1841 5253 αύ-

1954 5197 2093 5253 idola
2131 5199 2413 5252 declinavit
2445 5200 2627 5266 Israel,
2653 5205 2923 5270 quomodo
2948 5221 3050 5258 non
3083 5208 3246 5260 etiam
3290 5209 3359 5263 ab
3385 5209 3517 5275 ipsis

222 5302 375 5356 τῶν
421 5297 567 5349 κατά
598 5296 760 5365 νόμον
805 5296 1027 5367 ἑορτῶν,
1062 5294 1356 5348 Σαδδόιτων
1404 5310 1460 5344 τε
1505 5294 1596 5345 καὶ
1650 5309 1841 5361 νουμη-

1955 5287 2106 5342 festis
2173 5289 2288 5356 lege
2323 5289 2606 5358 institutis,
2660 5302 2714 5348 et
2757 5294 3031 5359 Sabbatis,
3065 5307 3120 5350 et
3180 5298 3517 5352 uenmeuiis?

223 5391 428 5454 ’θεῶ-η
461 5386 609 5456 Πρὸς
639 5386 703 5455 δὴ
736 5387 894 5439 τοῦτο
927 5385 1124 5455 φαμὲν,
1153 5385 1234 5436 ὅτι
1264 5383 1602 5454 παρώλισθον
1630 5383 1728 5452 μὲν
1752 5383 1841 5450 τῆς

1952 5381 2380 5449 Respondemus,
2419 5383 2724 5453 prolapsum
2775 5387 2989 5454 quidem
3047 5405 3167 5444 esse
3196 5405 3224 5442 a
3255 5391 3518 5442 cltaritate

222 5485 328 5544 είς
363 5477 505 5530 Θεὸν
541 5476 781 5547 ἀγάπης,
834 5479 928 5530 καὶ
962 5475 1436 5546 προσκεκυνήκασι
1471 5473 1548 5543 τῷ
1577 5473 1719 5526 Βάαλ
1755 5472 1841 5525 καὶ

1953 5473 2005 5525 in
2045 5473 2301 5536 l)«-tnu,et
2341 5475 2598 5530 adorasse
2633 5477 2753 5528 Baal
2791 5487 2842 5530 et
2880 5479 3073 5533 vitulos
3106 5493 3302 5533 auremI
3346 5496 3358 5529 :
3412 5490 3516 5528 non

221 5570 388 5629 ταῖς
426 5565 694 5632 δαμάλεσι
754 5568 871 5628 ταῖς
915 5566 1176 5635 χρυσαῖς,
1221 5563 1280 5614 ού
1319 5561 1424 5630 μὴν
1471 5561 1698 5614 εἱσάπαν
1744 5561 1841 5612 ἀπ-

1950 5573 2126 5618 tamen
2157 5566 2334 5620 omnia
2380 5583 2476 5636 per
2523 5567 2737 5638 Moysen
2781 5571 2983 5622 sancito
3039 5569 3362 5638 repudiasse.
3406 5567 3516 5622 lmo

317 5749 379 5785 ³⁷
426 5746 488 5800 lll
524 5746 655 5813 Heg.
689 5759 843 5806 ινιιι,
871 5746 960 5800 2i.
1023 5742 1067 5773 ’⁸
1100 5739 1240 5796 Psal.
1271 5753 1488 5795 cxxxiii.
1521 5739 1564 5790 ι.
1649 5737 1686 5768 ²⁹
1725 5738 1850 5798 ibid,
1885 5739 1937 5790 ι.

602 5840 870 5906 ιἈτιιοι..
919 5839 1034 5896 Gn.
1087 5833 1298 5894 LXXI.

3079 5831 3115 5894 3
