4002 6220
495 369 568 426 7'5
1497 372 1551 426 S.
1599 371 1869 426 CYlllLLl
1913 373 2375 427 ALEXANDRENI
2421 373 2738 429 Αιιίέιιιιςῐι.
3674 377 3731 435 76

497 495 916 560 perseverabant
951 493 1214 547 ambobus
1246 492 1540 561 poplitibus
1579 493 1946 547 claudicantes
1982 494 2061 546 in-

2171 494 2377 548 ώσαντο
2401 495 2574 561 easta
2595 496 2851 558 Μωσέως.
2877 495 3152 548 Διετέλουν
3181 497 3235 548 δὲ
3262 496 3460 566 μᾶλλον
3487 495 3734 568 ἐπ’ἇμφω

496 583 709 648 cedere,
741 582 891 652 juxta
920 585 1190 654 pr0pbeta:
1221 598 1406 638 vocem
1434 584 1500 649 ⁸ο,
1531 594 1587 636 ιιι
1621 598 1795 652 neque
1827 583 1948 636 Baal
1979 586 2067 637 ab.

496 673 693 738 solute,
730 688 903 742 neque
941 675 1102 730 Deum
1154 675 1527 728 universorum
1579 689 1713 744 pure
1741 689 1804 728 ac
1858 676 2068 729 sincere

498 764 694 818 vellent
732 765 981 821 adorare.
1019 764 1379 830 Quamobrem
1428 773 1483 818 et
1544 764 1702 830 festa,
1729 774 1784 819 et
1836 765 2067 820 celebri-

499 865 658 921 tates,
687 865 740 908 et
797 856 1030 922 laetitias,
1061 866 1116 910 et
1161 855 1396 911 Sabbata
1455 856 1774 921 amiserunt,
1807 870 1905 910 nec
1961 857 2067 911 Deo

495 948 745 1018 permissi
775 947 1012 1017 legitima
1043 947 1371 1017 persolvere,
1400 963 1573 1018 neque
1598 947 1728 1002 Baal
1774 963 1911 1018 quos
1937 948 2068 1003 sole-

497 1039 624 1092 bant
654 1040 820 1094 l'estos
844 1049 1144 1094 conventus
1179 1049 1418 1110 agentes.

567 1219 749 1273 Potest
776 1218 880 1273 hoc
913 1229 964 1273 et
1005 1217 1191 1284 aliam,
1220 1231 1449 1288 eamque
1504 1231 1714 1284 veram,
1746 1225 1801 1271 et
1851 1216 2067 1286 aptissi-

496 1327 636 1362 mam
670 1311 869 1364 habere
889 1311 1239 1363 sententiam.
1281 1308 1616 1362 lleeedentes
1645 1323 1674 1360 a
1704 1306 1834 1372 Deo,
1871 1317 1925 1361 et
1947 1307 2069 1360 cha-

497 1404 708 1456 ritatem
758 1401 874 1472 ejus
919 1411 1262 1470 aspernatos,
1293 1413 1516 1453 necesse
1553 1407 1632 1453 est
1657 1397 1858 1451 tristari
1911 1407 1961 1449 et
2002 1396 2069 1450 ab

493 1495 640 1548 utiuti
683 1493 956 1547 hilaritate
991 1493 1257 1562 refugere.
1291 1509 1310 1542 ι
1338 1490 1452 1545 Non
1499 1490 1644 1545 enim
1690 1499 1772 1543 est
1816 1488 2066 1556 gaudiunt

495 1586 698 1656 impiis,
722 1586 854 1640 dicit
908 1585 1164 1640 Dominus
1187 1585 1253 1650 ³³,
1295 1603 1313 1636 ι
1350 1584 1542 1652 quibus
1569 1583 1768 1635 vermis
1796 1581 2069 1649 sempiter-

495 1693 594 1731 nus
641 1688 948 1732 reservatur
975 1677 1038 1729 3’.
1068 1677 1230 1730 Bonis
1276 1685 1457 1729 autem
1484 1684 1537 1728 et
1599 1675 1741 1743 pium
1805 1687 1869 1726 ac
1903 1672 2072 1726 divini-

493 1767 704 1820 timoris
743 1767 958 1834 plenum
1005 1781 1225 1835 scopum
1277 1765 1596 1820 habentibus
1633 1763 1886 1818 decorum
1956 1761 2069 1816 fue-

2169 586 2474 654 βαίνοντες,
2522 588 2613 639 καὶ
2649 587 2966 653 σκάζοντες,
3012 587 3155 641 κατά
3200 587 3300 658 τὴν
3341 586 3436 640 τοῦ
3469 590 3734 658 προφήτου

2167 677 2371 748 φωνὴν,
2413 677 2487 740 ὼς
2528 679 2664 748 μήτε
2696 678 2775 748 τῷ
2811 679 2956 733 Βάαλ
2984 677 3315 748 ὁλοτρόπως,
3355 679 3494 748 μήτε
3533 679 3637 749 μὴν
3668 679 3735 750 τῷ

2166 767 2276 820 τῶν
2307 769 2443 822 ὅλων
2471 768 2588 838 Θεῷ
2631 769 2882 840 καθαρῶς
2919 769 3130 822 ἑλέσθαι
3163 772 3511 840 προσκυνεῖν.
3539 770 3737 823 Οὐκοῦν

2167 860 2519 914 ἐκπέπτωκεν
2546 860 2748 930 ἑορτῶν
2781 878 2840 913 τε
2879 861 2976 913 καὶ
3000 861 3380 932 πανηγύρεων,
3425 861 3521 914 καὶ
3552 864 3734 930 εὐφρο-

2170 946 2365 1011 συνῶν,
2401 947 2494 1000 καὶ
2525 947 2837 1013 Σαϐϐάτων,
2867 948 2987 1002 οὐτε
3015 948 3134 1018 Θεῷ
3155 948 3395 1020 πληροῦν
3427 950 3495 1001 τὰ
3521 951 3579 1001 ὲν
3602 951 3735 1019 νόμῳ

2169 1039 2638 1110 συγχωρούμενος,
2697 1039 2822 1093 οὐτε
2855 1041 2961 1110 μὴν
2989 1040 3066 1111 τῷ
3095 1041 3242 1095 Βάαλ
3272 1041 3372 1106 τὰς
3411 1043 3469 1094 ὲν
3497 1041 3607 1095 ἔθει
3643 1058 3736 1095 πα-

2167 1130 2423 1200 νηγύρεις
2459 1130 2741 1185 ἐπιτελῶν.

2249 1220 2469 1290 ’Λληθὲς
2505 1221 2563 1274 δὲ
2597 1223 2690 1275 καὶ
2724 1222 2925 1293 ἑτέρως
2959 1222 3042 1292 εἴη
3073 1222 3160 1286 ἂν,
3190 1222 3286 1274 καὶ
3325 1222 3468 1291 μάλα
3498 1222 3731 1285 εἰκότως.

2168 1307 2290 1361 Ὅτι
2338 1311 2461 1373 τούς
2505 1310 2913 1380 ἀποφοιτῶντας
2962 1310 3128 1375 Θεοῦ,
3179 1312 3270 1364 καὶ
3314 1311 3415 1380 τῆς
3456 1312 3534 1374 είς
3588 1314 3737 1365 αὐτὸν

2167 1399 2385 1470 ἀγάπης
2415 1401 2878 1472 ὀλιγωρήσαντας,
2922 1400 3384 1470 καταστυγνάζειν
3425 1403 3734 1472 ἀναγκαῖον,

2167 1493 2264 1545 καὶ
2294 1493 2494 1556 παντὸς
2531 1492 2637 1558 ἔξω
2664 1493 2926 1546 διατελεῖν
2954 1491 3048 1545 τοῦ
3079 1493 3494 1563 κατευφραίνειν
3523 1495 3734 1560 εἰδότος.

2173 1599 2192 1634 t
2225 1583 2301 1635 Οὐ
2338 1582 2447 1654 γὰρ
2477 1583 2592 1636 ἐστι
2623 1585 2834 1654 χαίρειν
2860 1586 2973 1646 τοῖς
3005 1583 3246 1646 ἀσεϐέσι,
3277 1583 3424 1652 λέγει
3459 1583 3690 1655 Κύριος·
3715 1605 3731 1637 ι

2167 1667 2249 1736 οἷς
2277 1674 2304 1725 ὁ
2333 1673 2548 1745 σκώληξ
2587 1676 2666 1738 είς
2695 1675 2865 1728 αἰῶνα
2902 1677 3216 1746 τετήρηται.
3246 1676 3372 1738 Τοῖς
3401 1691 3463 1744 γε
3494 1676 3599 1746 μὴν
3627 1678 3738 1729 ἐπι·

2172 1765 2366 1828 εικέσι,
2399 1766 2494 1818 καὶ
2525 1766 2724 1836 εὐσεϐῆ
2775 1766 2868 1819 καὶ
2898 1766 3146 1837 τιμόθεον
3180 1766 3361 1837 ἔχουσι
3396 1766 3487 1819 τὸν
3524 1768 3735 1834 σκοπὸν,

496 1858 566 1910 rit
628 1866 682 1909 et
713 1859 927 1919 merito.
971 1859 1138 1912 laPtat'i
1173 1874 1334 1926 super
1381 1858 1630 1911 omnibus
1661 1855 1816 1908 bonis
1847 1869 1859 1905 :
1887 1871 1903 1904 ι
1931 1854 2061 1907 laeti-

2171 1854 2365 1924 πρέποι
2411 1855 2476 1908 ἃν
2524 1856 2747 1918 εἰκότως
2790 1857 2883 1909 καὶ
2929 1855 2989 1908 τὸ
3035 1857 3117 1924 ἐφ’
3148 1857 3320 1909 ἆπασι
3367 1859 3481 1920 τοῖς
3525 1856 3739 1924 ἀγαθοῖς

494 1951 567 2000 tia
598 1948 739 2000 enim
775 1950 1100 2016 sempiterna
1149 1963 1312 2016 super
1340 1955 1502 2015 caput
1551 1960 1760 2007 eorum,
1797 1962 1814 1996 ι
1869 1959 2062 1997 seruu-

493 2041 618 2092 dum
669 2039 1006 2108 Scripturam
1033 2055 1078 2104 ;¢
1099 2037 1412 2107 aufugitque
1449 2036 1516 2090 ab
1541 2037 1620 2090 eis
1650 2034 1821 2097 dolor,
1851 2032 2066 2088 tristitia

493 2141 546 2184 ct
578 2130 1130 2199 gemittts”.iQttibtts
1156 2138 1208 2182 et
1247 2129 1446 2183 Paulus
1497 2128 1714 2182 scribit:
1752 2143 1769 2176 ι
1828 2125 2068 2181 Gaudete

495 2225 546 2274 itt
594 2222 822 2276 Domino
880 2236 1127 2291 semper;
1184 2223 1376 2276 iterum
1430 2221 1846 2289 dico,gaudete.
1899 2207 2069 2270 Mode;

493 2314 594 2366 stia
633 2326 810 2366 veStra
844 2321 965 2366 nota
1002 2313 1071 2366 sit
1092 2313 1337 2366 omnibus
1367 2312 1676 2365 hominibus
1698 2309 1766 2367 ³⁸.
1796 2326 1814 2360 ι
1846 2307 1952 2379 42
1978 2307 2066 2359 Et—

493 2407 637 2458 enim
687 2413 740 2458 ut
782 2404 1104 2474 supplicium
1159 2402 1452 2458 sceleratos
1509 2400 1729 2455 omnino
1774 2401 2018 2469 sequitur
2049 2440 2063 2462 ,

495 2499 567 2550 ita
623 2506 676 2550 et
734 2509 964 2564 superna
1028 2494 1299 2565 opulentia
1363 2501 1618 2561 sequetur
1660 2507 1784 2554 eos,
1837 2506 2064 2560 quorum

492 2587 825 2657 propositum
871 2585 1034 2641 fuerit
1085 2587 1250 2639 vitam
1292 2583 1491 2638 virtute
1537 2582 1883 2651 conspicuam
1951 2580 2067 2634 exi-

498 2696 646 2750 gere.

569 2768 730 2822 Vens.
760 2767 846 2821 12.
879 2765 946 2820 Et
983 2766 1280 2835 disperdam
1313 2763 1512 2817 uincam
1545 2765 1680 2830 ejus,
1708 2768 1757 2812 et
1790 2758 1920 2826 ﬁcus
1954 2757 2066 2826 ejus

493 2863 558 2913 de
611 2859 1001 2930 quibuscunque
1066 2857 1221 2922 dixit,
1277 2853 1542 2907 Mercede:
1571 2867 1697 2904 metu
1759 2860 1877 2903 sunt
1929 2850 2064 2909 istm,

493 2969 622 3019 quas
671 2951 925 3004 dederunt
958 2949 1085 3002 mihi
1116 2956 1376 3001 amatores
1408 2945 1526 2999 mei.
1570 2943 1635 2996 Et
1683 2959 1870 3012 ponam
1900 2959 1960 2994 ea
2010 2943 2065 2994 in

493 3042 866 3103 testimonium,
895 3050 939 3094 et
973 3038 1242 3092 comedent
1277 3053 1337 3090 ea
1367 3035 1596 3090 volucres
1627 3033 1763 3095 caeli,
1796 3041 1844 3086 et
1889 3032 2064 3085 bestia:

485 3136 629 3204 agri,
659 3143 708 3189 et
741 3133 945 3202 rep-tilia
997 3142 1171 3186 terrae.

566 3312 606 3366 Χ
622 3311 806 3367 X.lluc
829 3325 1038 3364 rursum
1055 3308 1174 3364 aliis
1190 3307 1371 3362 verbis
1388 3305 1490 3360 dici
1505 3313 1697 3375 potest,
1719 3317 1909 3371 nempe
1926 3301 2028 3357 illis
2053 3319 2064 3354 :

498 3423 518 3455 ί
550 3403 803 3457 Auferam
855 3401 1182 3455 frumentum
1236 3413 1412 3453 meum
1481 3407 1723 3466 tempore
1765 3411 1885 3458 suo,
1908 3403 1962 3448 et
1991 3398 2068 3447 vi-

495 3512 620 3550 num
678 3510 855 3548 meum
905 3507 1147 3562 tempore
1179 3507 1298 3547 suo.
1334 3509 1353 3543 ι
1390 3490 1676 3560 Postquam
1716 3488 1857 3542 enim
1907 3482 2068 3540 Israel

492 3585 762 3640 fructuum
798 3585 1006 3652 copiam
1057 3583 1390 3652 temporibus
1435 3582 1549 3636 suis
1577 3580 1926 3634 exsistentem
1959 3580 2065 3632 da:-

494 3689 711 3729 monum
761 3673 947 3726 virtuti
1005 3681 1061 3726 et
1090 3670 1454 3726 beneficentiae
1499 3668 2071 3735 ascribens,insipien-

495 3765 705 3819 tissime
736 3764 890 3834 ipsis,
921 3780 1026 3817 non
1075 3763 1182 3817 Deo
1210 3763 1386 3830 potius
1441 3771 1651 3831 gratum
1701 3776 1760 3816 se
1797 3759 2066 3826 ostendit;

492 3855 714 3920 idcirco,
780 3855 967 3924 inquit,
1029 3855 1337 3924 disperdam
1388 3863 1444 3908 et
1485 3867 1824 3922 corrumpam
1855 3866 1937 3917 ea,
1977 3868 2071 3921 per

491 3963 612 4016 quae
661 3946 812 4002 male-
848 3946 1073 4006 seducta
1131 3953 1249 4012 est,
1298 3943 1483 3999 dicens
1527 3957 1586 3998 se
1642 3941 1889 3997 mercede
1942 3957 2069 3996 con-

491 4041 709 4093 ductam
735 4039 803 4094 ab
845 4039 1182 4093 amatoribus
1231 4036 1369 4092 suis.
1411 4034 1478 4091 Et
1533 4045 1779 4098 venuste,
1816 4038 2068 4102 tanquam

495 4133 562 4185 de
608 4130 836 4185 muliere
891 4130 1174 4184 libidinosa
1243 4136 1537 4197 conceptus
1589 4137 1670 4182 est
1722 4140 1920 4180 sermo.
1970 4124 2073 4177 Re-

493 4237 620 4277 vera
669 4222 812 4275 enim
845 4218 1190 4275 existimabat
1241 4220 1425 4284 Israel,
1473 4218 1915 4288 tempestivorum
1965 4214 2071 4268 irn-

489 4323 678 4368 ctuum
711 4313 1032 4376 ubertatem,
1064 4321 1118 4364 et
1148 4319 1306 4364 terra:
1337 4309 1668 4364 fertilitatem
1699 4323 1800 4376 qua
1832 4306 2071 4373 potieba-

496 4415 605 4467 tur,
664 4406 713 4458 in
791 4403 1020 4471 pretium
1097 4411 1151 4456 et
1195 4402 1682 4456 remunerationem
1755 4397 1976 4452 honoris
2019 4405 2072 4451 et

2167 1946 2656 2015 κατευφραίνεσθαι
2679 1947 2815 2000 δεῖν’
2841 1966 2858 1998 r
2891 1947 3210 2018 Εὐφροσύνη
3241 1948 3348 2019 γὰρ
3368 1948 3579 2011 αἰώνιος
3605 1948 3738 2018 ὑπὲρ

2166 2036 2404 2106 κεφαλῆς
2421 2036 2620 2102 αὐτῶν,
2648 2056 2665 2088 ι
2702 2037 2844 2091 κατά
2869 2038 2928 2090 τὸ
2956 2039 3357 2108 γεγραμμένον.
3397 2059 3414 2089 ι
3439 2039 3670 2110 Ἀπέδρα
3686 2056 3742 2091 τε

2165 2127 2343 2198 ὀδύνη,
2375 2129 2465 2180 καὶ
2481 2127 2646 2198 λύπη,
2664 2131 2758 2181 καὶ
2783 2129 3137 2199 στεναγμός.»
3177 2123 3271 2190 Οἷς
3299 2128 3392 2181 καὶ
3411 2132 3439 2180 ὁ
3466 2128 3742 2191 θεσπέσιος

2167 2217 2376 2282 Παῦλος
2408 2219 2710 2272 ἐπιστέλλει
2749 2220 2919 2288 λέγων
2941 2237 2954 2250 ·
2995 2220 3260 2290 (Χαίρετε
3295 2220 3352 2271 ἐν
3386 2220 3576 2290 Κυρίῳ
3613 2219 3745 2273 πάν-

2165 2326 2284 2364 τοτε
2308 2325 2323 2339 °
2376 2311 2551 2388 milita
2579 2311 2690 2382 ὲρῶ
2711 2351 2724 2373 ,
2752 2313 2989 2382 χαίρετε.
3043 2312 3116 2364 To
3142 2312 3380 2374 ἐπιεικὲς
3423 2311 3576 2381 ὑμῶν
3607 2329 3737 2379 γνωο

2169 2398 2348 2468 σθήτω
2407 2402 2570 2453 πᾶσιν
2622 2401 2982 2468 ἀνθρώποις.»
3012 2403 3243 2470 Ἔψεται
3269 2404 3378 2474 γὰρ
3419 2403 3609 2474 ῶσπερ
3635 2408 3745 2470 τοῖς

2165 2488 2461 2558 ἁλιτηρίοις
2492 2491 2553 2544 τὸ
2583 2491 2902 2555 κολάζεσθαι
2935 2493 3065 2557 δεῖν,
3091 2493 3234 2553 οὕτω
3271 2496 3364 2546 καὶ
3398 2498 3507 2558 τοῖς
3542 2496 3746 2551 ἄνωθεν

2167 2582 2558 2636 καταπλουτεῖν
2587 2583 2832 2652 ἀγαθοῖς,
2860 2579 2941 2647 οἷς
2973 2583 3039 2637 ἂν
3071 2583 3279 2651 γένοιτο
3313 2588 3513 2651 σκοπὸς
3545 2587 3602 2640 τὸ
3633 2589 3746 2642 δια-

2167 2669 2358 2724 ϐιῶναι
2403 2669 2689 2742 λαμπρῶς.

2235 2760 2345 2812 Καὶ
2398 2759 2628 2828 ἀφανιῶ
2681 2760 2956 2829 ἄμπελον
2999 2762 3222 2830 αὐτῆς,
3267 2763 3366 2816 καὶ
3408 2764 3516 2828 τὰς
3550 2765 3745 2833 συκᾶς

2166 2849 2356 2917 αὐτῆς
2398 2851 2514 2904 ὅσα
2548 2847 2710 2905 εἶπε·
2757 2853 3116 2922 Μισθώματά
3140 2872 3259 2922 μου
3318 2857 3503 2909 ταῦτά
3555 2858 3743 2915 ἐστιν.

2165 2938 2203 2993 ᾰ
2234 2940 2464 2994 ἔδωκάν
2486 2959 2587 3011 μοι
2616 2946 2668 2996 οἱ
2703 2943 2949 3012 ἐρασταί
2991 2963 3134 3012 μου,
3169 2947 3266 2998 καί
3301 2947 3559 3016 θήσομαι
3597 2951 3750 3003 αὐτα

2164 3035 2251 3099 εὶς
2293 3035 2634 3102 μαρτύριον,
2669 3035 2763 3087 καὶ
2801 3041 3198 3106 καταράγεται
3235 3039 3386 3092 αὐτὰ
3420 3040 3595 3109 θηρία
3642 3042 3749 3097 τοῦ

2167 3125 2373 3195 ἀγροῦ,
2424 3126 2522 3179 καὶ
2557 3126 2629 3179 τὰ
2665 3128 2906 3182 πετεινὰ
2938 3129 3043 3183 τοῦ
3081 3131 3369 3199 οὐρανοῦ,
3409 3133 3508 3187 καὶ
3557 3134 3629 3188 τὰ
3657 3134 3753 3202 ἐρ-

2171 3218 2322 3272 πετὰ
2350 3218 2461 3286 τῆς
2499 3219 2632 3290 γῆς.

2243 3310 2324 3365 κ’.
2350 3310 2521 3364 Τοῦτο
2543 3311 2605 3382 δὴ
2631 3313 2792 3367 πάλιν
2835 3315 3035 3385 ἑτέρως
3061 3314 3206 3367 ἔστιν
3235 3317 3426 3379 εἰπεῖν,
3461 3316 3540 3379 τὸ,
3571 3337 3589 3368 ί
3624 3317 3757 3387 Ἀφο-

2171 3399 2399 3470 ελοῦμαι
2425 3403 2514 3456 τὸν
2540 3404 2680 3456 σῖτόν
2710 3422 2808 3473 μου
2841 3405 2964 3458 καθ’
2993 3405 3138 3475 ὥραν
3165 3405 3352 3470 αὐτοῦ,
3371 3408 3464 3459 καὶ
3489 3409 3578 3460 τὸν
3607 3404 3756 3462 οἶνόν

2175 3507 2275 3561 μου
2321 3493 2376 3543 ὲν
2416 3493 2592 3563 καιρῷ
2620 3493 2803 3547 αὐτοῦ.
2834 3514 2851 3547 ι
2895 3496 3111 3566 Ἐπειδὴ
3145 3497 3256 3568 γὰρ
3302 3497 3399 3560 τὰς
3443 3499 3552 3550 τῶν
3589 3499 3756 3568 ὡρῶν

2172 3579 2475 3648 εὐκαρπίας
2501 3583 2621 3643 ταῖς
2657 3583 2764 3635 τῶν
2788 3585 3075 3654 δαιμονίων
3105 3586 3367 3656 δυνάμεσι
3424 3589 3517 3640 καὶ
3549 3588 3759 3655 φιλοτιο

2173 3667 2325 3738 μίαις
2367 3670 2689 3740 προσνέμων
2735 3675 2762 3724 ὁ
2801 3673 3048 3745 Ἰσραὴλ,
3087 3677 3181 3728 καὶ
3217 3677 3551 3730 ἀϐουλότατα
3582 3679 3756 3750 δρῶν,

2171 3757 2354 3819 αὐτοῖς
2379 3758 2610 3811 ἀνετίθει
2642 3759 2709 3813 τά
2730 3764 3075 3833 χαριστήρια,
3109 3763 3204 3816 καὶ
3233 3764 3355 3835 οὐχὶ
3384 3766 3582 3835 μᾶλλον
3606 3766 3760 3835 Θεῷ,

2169 3846 2442 3917 ταύτητοι,
2480 3850 2663 3920 φησιν,
2693 3851 2767 3916 ὡς
2801 3855 3012 3921 ἀφανιῶ
3047 3855 3142 3908 καὶ
3187 3858 3516 3927 καταφθερῶ
3576 3857 3646 3911 τά
3681 3858 3760 3910 δι’

2167 3931 2242 3991 ὧν
2290 3939 2468 4010 ἐκείνη
2515 3941 2772 4012 χειρόνως
2816 3944 3191 4015 πεπλάνηται,
3245 3947 3763 4016 μεμισθαρνηκέναι

2171 4029 2408 4096 λέγουσα
2445 4030 2594 4100 παρά
2640 4031 2750 4085 τῶν
2793 4032 2938 4085 ἰδίων
2986 4032 3250 4101 ἐραστῶν.
3303 4034 3410 4084 Καὶ
3459 4033 3764 4102 πεποίηται

2175 4119 2272 4187 μὲν
2303 4118 2534 4181 ἀστείως
2560 4119 2635 4182 ὡς
2669 4121 2760 4173 ἐπὶ
2793 4121 3086 4190 μαχλὼσης
3113 4121 3366 4188 γυναικὸς
3395 4121 3421 4170 ὁ
3450 4121 3629 4188 λόγος.
3665 4122 3769 4186 Ὠς

2171 4210 2232 4262 τό
2259 4193 2322 4278 *γε
2359 4210 2466 4280 μὴν
2512 4211 2655 4264 κατά
2699 4211 2953 4280 ἀλήθειαν
2983 4213 3010 4262 ὁ
3049 4209 3284 4280 Ἰσραὴλ,
3315 4211 3396 4261 ὅτι
3431 4211 3619 4279 μισθὸς
3651 4212 3769 4263 αὐ-

2169 4306 2282 4364 τοῖς
2331 4305 2427 4356 καὶ
2469 4303 2772 4365 ἀντέκτισις
2811 4304 2906 4373 τῆς
2952 4305 3031 4365 είς
3075 4304 3144 4355 τὰ
3175 4302 3368 4355 εἴδωλα
3423 4303 3590 4373 τιμῆς
3655 4305 3770 4356 καὶ

2171 4388 2446 4460 λατρείας,
2487 4390 2548 4443 τὸ
2577 4389 2682 4442 τῶν
2727 4388 2949 4461 ὼρίμων
2984 4389 3294 4460 ἀμφιλαφὲς
3335 4391 3429 4443 καὶ
3461 4390 3524 4443 τὸ
3552 4390 3775 4462 εὐκαρ-

494 4495 693 4559 cultus,
735 4508 893 4562 quem
945 4491 1098 4546 idolis
1145 4491 1444 4554 adhiberet,
1477 4490 1577 4545 sibi
1617 4490 1856 4559 rependi.
1919 4487 2067 4554 Quod

2174 4497 2273 4534 πον
2321 4482 2738 4551 περιτυγχάνειν
2789 4483 2855 4551 τῇ
2909 4484 3001 4552 γῇ.
3031 4482 3153 4536 Ὅτι
3196 4481 3254 4534 δὲ
3303 4482 3394 4535 καὶ
3439 4481 3536 4552 τῆς
3584 4480 3776 4552 ἄλλης

493 4597 672 4640 autem
721 4584 869 4638 omni
949 4592 1236 4652 prOpterea
1289 4581 1578 4635 securitate
1629 4590 1683 4636 et
1729 4580 2065 4648 iucunditate

491 4678 654 4732 animi
710 4675 1154 4747 praefruerentur,
1199 4674 1338 4727 hanc
1366 4681 1422 4728 et
1478 4671 1645 4727 solam
1696 4687 1912 4727 causam
1973 4685 2066 4726 eos

494 4768 783 4835 nutavisse,
834 4765 1083 4820 facillime
1127 4765 1252 4833 quis
1301 4780 1365 4818 ex
1404 4762 1652 4818 Jerentim
1682 4761 1857 4818 verbis
1907 4761 2066 4816 intel-

495 4860 706 4912 lexerit.
779 4857 1016 4912 ltedacta
1083 4858 1227 4911 enim
1309 4856 1362 4912 in
1433 4855 1669 4910 hostium
1743 4863 2062 4923 potestatem

495 4946 905 5016 Hierosolyma,
957 4961 1078 5001 cum
1155 4944 1374 5014 quidam
1445 4942 1568 4996 belli
1653 4940 1823 4995 aciem
1895 4939 2066 4993 hosti-

494 5034 667 5089 lemve
712 5035 946 5103 gladium
980 5035 1297 5100 evasissent,
1332 5033 1384 5088 in
1431 5030 1724 5102 Egyptutn
1776 5030 2066 5084 descende-

496 5132 640 5190 runt,
688 5130 741 5177 et
775 5123 954 5176 divino
993 5123 1248 5177 mandato
1288 5123 1550 5193 propheta
1598 5137 1717 5177 cum
1761 5121 1907 5190 ipsis.
1958 5120 2067 5174 Illic

495 5213 658 5281 igitur
691 5215 758 5268 ab
807 5213 1123 5268 idololatria:
1189 5214 1609 5283 inquinamentis
1663 5212 2066 5274 abStinendum.

494 5314 550 5358 ct
579 5305 643 5358 ad
685 5303 849 5359 Deum
896 5305 1278 5358 recurrendum
1369 5307 1563 5361 suasit.
1593 5305 1728 5359 Tum
1783 5305 2070 5360 muliercu-

498 5397 669 5451 larum
739 5396 922 5450 inl‘elix
974 5405 1030 5450 et
1096 5395 1473 5450 stultissimum
1528 5413 1738 5468 agmen,
1796 5397 2067 5466 propheta:

497 5489 674 5544 verbis
727 5487 1083 5554 adversando,
1142 5488 1481 5556 nnpudenter
1526 5490 1838 5556 garriebat:
1869 5505 1887 5537 ι
1946 5487 2068 5542 Ser-

497 5594 707 5634 monem
760 5593 918 5648 quem
973 5578 1181 5633 locutus
1215 5592 1273 5632 es
1322 5577 1386 5630 ad
1438 5593 1536 5632 nos
1578 5577 1629 5631 in
1700 5578 1914 5632 nomine
1963 5579 2064 5631 Do-

2172 4573 2389 4642 ἀπάσης
2437 4573 2622 4635 αὐτοῖς
2672 4573 2936 4643 εὐθυμίας
2982 4573 3345 4642 παρακεῖσθαι
3398 4574 3496 4642 τὴν
3535 4571 3775 4642 μέθεξιν

2165 4661 2371 4732 ταύτης
2395 4662 2555 4715 ἕνεκα
2587 4663 2680 4715 καὶ
2722 4665 2888 4734 μόνης
2916 4663 3084 4734 ᾤοντο
3115 4665 3212 4734 τῆς
3242 4663 3443 4726 αἰτίας,
3473 4664 3638 4732 εἰδείη
3668 4681 3777 4728 τις

2168 4755 2234 4808 ἂν
2265 4755 2358 4807 καὶ
2400 4755 2546 4824 μάλα
2581 4755 2800 4824 ῥᾳδίως,
2832 4759 2944 4819 τοῖς
2977 4756 3241 4827 Ἰερεμίου
3273 4757 3448 4824 λόγοις
3491 4756 3772 4828 ἐντυχών.

2178 4845 2353 4899 Ἑάλω
2397 4846 2497 4914 μὲν
2542 4845 2650 4916 γὰρ
2681 4846 2751 4898 τὰ
2790 4847 3175 4916 Ἰεροσόλυμα·
3225 4848 3648 4916 διαπεφευγότες
3697 4849 3775 4902 δέ

2166 4954 2312 5000 τινες
2345 4937 2436 4990 τοῦ
2489 4937 2740 5009 πολέμου»
2780 4939 2878 5010 τὴν
2921 4940 3128 5011 ἀκμὴν,
3165 4939 3480 5010 κατέϐησαν
3519 4942 3598 5002 είς
3651 4942 3780 5011 τὴν

2169 5029 2504 5099 Αἰγυπτίων,
2544 5032 2640 5085 καλ⁸
2689 5033 2784 5087 σὺν
2819 5032 3006 5095 αὐτοῖς
3033 5035 3061 5085 ὁ
3096 5034 3402 5104 προφήτης,
3425 5033 3565 5085 κατά
3601 5032 3782 5084 θείαν

2171 5121 2374 5192 ὀμφήν.
2411 5122 2621 5176 Ἐκεῖσε
2673 5123 2803 5192 γοῦν
2842 5122 3189 5176 συνεϐούλευε
3234 5123 3430 5191 λέγων,
3453 5124 3549 5192 τῆς
3595 5123 3782 5175 εἰδω-

2167 5210 2454 5283 λολατρίας
2505 5213 2818 5266 παύσασθαι
2869 5213 3181 5284 μολυσμῶν,
3223 5216 3318 5267 καὶ
3368 5213 3784 5283 παλινδρομεῖν

2165 5302 2383 5355 ἑλέσθαι
2416 5304 2552 5373 πρὸς
2585 5304 2737 5359 Θεόν.
2769 5301 2900 5358 Εἶτα
2926 5304 3162 5373 γυναίων
3191 5304 3349 5358 ἀθλία
3379 5323 3436 5356 τε
3467 5306 3562 5356 καὶ
3592 5306 3744 5356 ἀνου
3763 5339 3782 5346 -

2167 5395 2333 5465 στάτη
2367 5395 2598 5464 πληθὺς,
2619 5399 2733 5459 τοῖς
2763 5397 2857 5448 τοῦ
2891 5398 3169 5467 προφήτου
3204 5397 3365 5450 πάλιν
3393 5396 3792 5464 ἀντεφέροντο

2161 5485 2354 5553 λόγοις,
2389 5487 2482 5539 καὶ
2510 5487 2573 5556 δὴ
2617 5489 2710 5540 καὶ
2731 5488 2969 5556 ἔφασκον
3000 5488 3230 5551 ἀναιδῶς
3253 5504 3266 5517 ·
3308 5506 3327 5538 ι
3360 5489 3464 5539 Τὸν
3493 5485 3652 5553 λόγον
3692 5488 3780 5537 ὃν

2161 5578 2429 5648 ἐλάλησας
2462 5579 2596 5649 πρὸς
2620 5582 2766 5650 ἡμᾶς
2788 5581 2864 5652 τῷ
2891 5581 3114 5652 ὀνόματι
3145 5581 3373 5649 Κυρίου,
3399 5579 3498 5632 οὐκ
3521 5580 3792 5632 ἀκουσό-

568 5755 614 5788 ³⁰
644 5756 726 5812 lll.
756 5758 882 5826 Reg.
911 5773 1060 5823 xvttt,
1101 5757 1194 5809 ‘ll.
1269 5757 1308 5787 ⁸⁸
1349 5756 1448 5811 lsa.
1490 5768 1676 5817 xum,
1705 5753 1795 5806 2‘2.
1874 5756 1915 5785 θ’
1947 5753 2044 5808 lsa.

2171 5772 2234 5820 t'l,
2268 5756 2360 5810 24.
2438 5760 2482 5790 ³³
2513 5759 2634 5812 lsai.
2677 5777 2840 5826 xxxv,
2879 5764 2960 5816 10.
3038 5764 3081 5795 ³⁸
3115 5763 3346 5831 Philipp.
3380 5777 3451 5825 tv,
3486 5760 3536 5816 5.
