4012 6214
409 311 468 363 77
1303 307 1852 365 COMMENTARIUS
1895 312 1956 364 IN
2001 312 2229 366 OSl-LAM
2272 311 2712 369 PROPllET.\M.
3556 319 3625 375 78

408 419 533 493 μεθά
569 433 687 480 σου,
715 417 794 470 ὅτι
836 417 1080 470 ποιοῦσαι
1115 421 1410 490 ποιήσομεν
1447 424 1619 474 πάντα
1647 422 1738 475 τὸν
1781 423 1956 491 λόγον,

2072 426 2216 488 mini,
2279 440 2381 480 non
2427 429 2706 482 audiemus
2763 437 2833 494 te,
2866 430 2990 499 quia
3038 430 3296 485 facientes
3367 431 3624 488 faciemus

401 512 454 575 ὃς
488 507 824 574 ἐξελεύσεται
865 510 926 560 ἐκ
960 508 1054 560 τοῦ
1097 509 1365 578 στόματος
1414 511 1592 580 ἡμῶν,
1642 511 1843 583 θυμιᾷν
1890 516 1954 583 τῇ

403 601 670 673 βασιλίσσῃ
706 599 800 651 τοῦ
835 599 1084 670 οὐρανοῦ,
1111 601 1203 653 καὶ
1238 601 1486 655 σπένδειν
1520 604 1658 673 αὐτῇ
1703 603 1956 668 σπονδὰς,

401 691 527 747 καθά
571 691 910 760 ἐποιήσαμεν
954 691 1134 761 ἡμεῖς,
1183 693 1279 744 καὶ
1312 694 1361 746 oi
1392 693 1631 766 πατέρες
1657 695 1832 765 ἡμῶν,
1867 695 1960 749 καὶ

401 786 443 838 oi
476 781 710 853 βασιλεῖς
734 781 913 851 ἡμῶν,
943 782 1036 835 καὶ
1065 785 1116 835 oi
1154 784 1410 856 ἄρχοντες
1452 785 1630 855 ἡμῶν,
1658 787 1715 838 ἐν
1746 786 1960 839 πόλεσιν

412 875 600 938 Ἰούδα,
648 873 742 925 καὶ
794 872 992 937 ἔξωθεν
1029 873 1405 946 Ἰερουσαλήμ.
1453 876 1561 929 Καὶ
1613 877 1961 946 ἐπλήσθημεν

401 969 586 1038 ἄρτων,
614 966 710 1018 καὶ
752 966 1046 1036 ἐγενόμεθα
1085 967 1342 1036 χρηστοὶ,
1373 967 1467 1018 καὶ
1512 967 1659 1020 κακά
1684 968 1784 1020 οὐκ
1827 968 1960 1021 εἴδο-

403 1075 506 1129 μεν.
540 1057 651 1109 Καὶ⁹
675 1055 749 1118 ὡς
779 1056 1089 1126 διελίπομεν
1117 1056 1420 1126 θυμιῶντες
1445 1060 1510 1126 τῇ
1553 1057 1840 1129 βασιλίσσῃ
1869 1059 1959 1111 τοῦ

402 1147 639 1214 οὐρανοῦ,
660 1148 1050 1219 ὴλαττώθημεν
1077 1149 1275 1212 πάντες
1299 1151 1478 1219 ἡμεῖς,
1505 1150 1599 1202 καὶ
1617 1151 1675 1204 ἐν
1720 1151 1962 1221 ῥομφαίᾳ

400 1238 479 1290 καὶ
519 1239 576 1289 ἐν
610 1237 766 1308 θυμῷ
803 1237 1138 1308 ἐξελίπομεν.
1169 1257 1186 1289 ι
1231 1240 1427 1308 Συνίης
1463 1234 1554 1292 οὖν
1585 1240 1732 1302 ὅπως
1771 1258 1959 1310 μονον-

398 1331 504 1400 ουχὶ
543 1333 636 1383 καὶ
679 1330 983 1384 ἀντέκτισιν
1030 1330 1122 1384 τοῦ
1168 1331 1542 1402 πεπλανῆσθαί
1577 1351 1739 1402 φησιν
1799 1337 1959 1403 ἐσχη-

399 1423 641 1476 κέναιτά
673 1421 921 1493 ζωαρκῆ,
962 1423 1055 1476 καὶ
1093 1423 1226 1494 πρός
1265 1441 1327 1491 γε
1369 1424 1432 1494 δὴ
1462 1425 1634 1495 τούτῳ
1675 1427 1733 1478 τὸ
1763 1427 1959 1496 εὑημε-

400 1515 537 1582 ρεῖν;
575 1530 594 1562 ι
637 1511 876 1580 Ἀςρανιῶ
914 1513 1224 1584 τοιγαροῦν,
1268 1515 1453 1584 φησὶν,
1499 1514 1536 1568 ἃ
1577 1513 1717 1579 εἶπε,
1745 1516 1962 1570 Μισθώ-

401 1603 536 1673 ματά
567 1620 669 1673 μου
696 1603 870 1658 ταῦτά
899 1607 1068 1671 ἐστιν,
1091 1606 1126 1660 δι
1155 1605 1361 1660 ἔδωκάν
1394 1624 1483 1678 μοι
1511 1611 1557 1662 οἱ
1588 1611 1809 1680 ἐρασταί
1838 1629 1960 1681 μου,

399 1695 478 1746 καὶ
505 1693 747 1764 θήσομεν
777 1697 870 1748 καὶ
902 1696 1038 1750 αὐτὰ
1075 1698 1152 1760 εἰς
1187 1697 1503 1769 μαρτύριον.
1530 1717 1547 1749 ι
1598 1701 1965 1772 Καταμαρτυ-

405 1787 548 1857 ρήσει
580 1785 689 1855 γάρ
736 1786 926 1856 ὥσπερ
981 1789 1079 1856 τῆς
1117 1787 1210 1840 τοῦ
1247 1789 1461 1860 Ἰσραὴλ
1511 1791 1806 1862 μοχθηρίας
1857 1796 1955 1861 ἀφ·

400 1877 639 1947 ιιρημένα
679 1876 855 1938 msh
886 1877 977 1929 καὶ
1007 1877 1104 1949 τὴν
1140 1877 1296 1948 δίκην
1334 1880 1516 1944 αὐτοῖς
1562 1882 1962 1953 ἐπισημοτέραν

397 1969 705 2040 ἐργάσεται,
735 1968 829 2021 καὶ
857 1970 1141 2040 καταφανῆ
1175 1973 1388 2041 ποιήσει
1422 1973 1520 2040 τὴν
1547 1974 1734 2044 ὀργήν.
1766 1995 1782 2024 ι
1813 1977 1964 2028 Ἐδε-

394 2077 469 2112 ται
493 2060 557 2112 δὲ
586 2059 725 2113 αὐτὰ
755 2059 824 2112 τὰ
856 2058 1020 2131 θηρία
1045 2060 1139 2112 τοῦ
1171 2061 1365 2132 ἀγροῦ,
1404 2063 1498 2116 καὶ
1530 2064 1596 2116 τὰ
1626 2066 1842 2119 πετεινά
1871 2066 1963 2120 τοῦ

393 2148 639 2220 οὐρανοῦ,
667 2150 761 2202 καὶ
776 2149 844 2202 τὰ
864 2150 1066 2220 ἑρπετὰ
1079 2151 1344 2222 τῆςγῆς.»
1371 2154 1562 2207 Νοοῖτο
1585 2155 1630 2207 δ’
1660 2155 1725 2209 ἂν
1755 2158 1814 2209 οὐ
1845 2158 1965 2211 καθ’

393 2241 477 2293 ἕνα
507 2241 675 2294 ταυτὶ
701 2241 763 2310 δὴ
790 2242 1007 2311 τρόπον,
1038 2243 1198 2312 τριχῆ
1224 2243 1279 2296 δὲ
1331 2245 1528 2314 μᾶλλον
1556 2245 1624 2298 τὰ
1653 2248 1712 2300 ἐκ
1748 2248 1838 2300 τοῦ
1871 2267 1966 2318 ση-

396 2332 719 2402 μαινομένου
774 2333 1130 2403 ληφθησεται.
1165 2337 1233 2388 Ἢ
1280 2336 1388 2406 γὰρ
1443 2339 1620 2392 ἐκεῖνό
1669 2357 1853 2409 φησιν,
1886 2342 1965 2394 ὅτι

393 2421 594 2493 θηρίων
623 2423 774 2476 ἔσται
805 2426 978 2495 τροφὴ
1008 2425 1074 2477 τὰ
1101 2427 1157 2478 ἐν
1191 2427 1399 2497 ἀγροῖς,
1439 2428 1512 2492 ὼς
1547 2430 1647 2482 οὐκ
1687 2431 1838 2494 ὄντος
1886 2432 1966 2485 ἔτι

392 2514 475 2567 τοῦ
502 2514 888 2577 κατοικοῦντος
912 2516 1007 2586 τὴν
1033 2517 1157 2586 γῆν,
1178 2517 1264 2572 διὰ
1289 2519 1350 2571 τὸ
1375 2519 1656 2583 πλείστους
1689 2523 1787 2592 μὲν
1811 2524 1968 2586 ὅσους

391 2609 551 2660 οἴκων
599 2613 658 2659 τέ
703 2608 794 2660 καὶ
842 2608 1047 2661 πόλεων
1091 2611 1563 2682 ἐκσεσοϐημένους
1631 2615 1968 2684 ἀποδραμείν

391 2700 481 2770 οὐχ
515 2699 752 2763 ἑκῦντας
790 2702 870 2762 εἰς
903 2700 1197 2754 Βαϐυλῶνα
1249 2702 1343 2755 καὶ
1383 2703 1628 2774 Μήδους,
1670 2704 1968 2774 δεδαπανῆ-

397 2792 510 2844 σθαι
551 2792 614 2844 δὲ
654 2791 730 2862 τῷ
765 2791 984 2862 πολέμῳ
1014 2794 1108 2846 καὶ
1147 2793 1366 2864 ἐτέρους
1396 2796 1584 2858 ὅσους,
1631 2796 1706 2859 ὡς
1739 2796 1842 2851 ὑπὸ
1874 2799 1968 2866 μό-

396 2900 491 2935 νων
533 2884 644 2954 ἤδη
690 2883 890 2953 θηρίων
933 2901 991 2935 τε
1039 2884 1131 2936 καὶ
1161 2885 1404 2953 ἑρπετῶν
1443 2887 1550 2939 τῶν
1608 2888 1968 2958 Σαμαρειτῶν

393 2974 663 3027 οἰκεῖσθαι
693 2974 876 3044 χώραν
896 2993 909 3005 ι
937 2976 1100 3045 ἤγουν
1135 2976 1308 3028 ἐκεῖνο
1341 2976 1520 3042 πάλιν,
1549 2979 1630 3032 δτι
1657 2980 1756 3048 τῆς
1790 2979 1968 3050 χώρας

396 3065 698 3138 εὐκαρπίαν
727 3061 817 3120 οἷά
854 3083 997 3128 τινες
1040 3068 1204 3136 θῆρες
1239 3068 1288 3120 oi
1322 3068 1650 3122 Βαϐυλώνιοι
1691 3069 1966 3142 θοινήσον-
1993 3106 2035 3162 C

396 3175 498 3221 ται,
530 3158 646 3211 τῶν
694 3158 1044 3212 ἐνοικούντων
1071 3160 1169 3229 τὴν
1219 3159 1344 3227 γῆν,
1395 3163 1510 3223 ταῖς
1542 3165 1967 3232 τετειχισμέναις

403 3252 506 3304 τῶν
537 3251 755 3304 πόλεων
782 3251 1148 3322 ἐνισχημένων
1201 3252 1294 3304 καὶ
1323 3251 1461 3314 οὐδὲ,
1494 3253 1615 3306 ὅσον
1646 3257 1840 3314 εἰπεῖν,
1873 3257 1968 3307 ἐπ-

395 3347 578 3401 έκεινα.
605 3346 790 3401 πυλῶν
827 3346 960 3399 ἰέναι
987 3344 1332 3416 τολμώντων,
1364 3345 1539 3399 καίτοι
1580 3344 1969 3416 καταφθείρον-

396 3455 483 3500 τος
511 3437 616 3492 τοῦ
643 3435 822 3507 λιμοῦ.

467 3531 528 3583 Εἰ
557 3529 620 3582 δέ
655 3545 731 3597 τῳ
750 3528 898 3580 δοκεῖ
933 3529 1169 3583 συνιέναι
1211 3529 1610 3598 πνευματικῶς,
1647 3529 1740 3581 καὶ
1771 3526 1834 3580 δι’
1863 3527 1973 3580 ἐτέ-

404 3636 496 3687 ρας
539 3619 613 3672 ἂν
663 3619 732 3671 τοι
783 3620 990 3690 τρίϐου.
1048 3621 1351 3690 ’Δμπελῶνι
1395 3621 1493 3690 μὲν
1554 3621 1661 3689 γὰρ
1706 3621 1795 3672 καὶ
1836 3622 1970 3690 συκῇ

400 3711 798 3780 παρεικαστὼν
821 3707 877 3763 εὖ
910 3711 1053 3780 μάλα
1073 3711 1168 3780 τὴν
1191 3711 1278 3764 διὰ
1303 3712 1466 3782 νόμου
1514 3713 1809 3775 παίδευσιν,
1842 3714 1975 3766 ἀπο-

397 3801 736 3869 κομίζουσαν
759 3802 835 3863 εἰς
871 3801 1121 3871 Χριστόν.
1147 3802 1493 3871 Παιδαγωγεί
1525 3803 1634 3873 γὰρ
1675 3804 1752 3866 είς
1797 3803 1971 3865 τοῦτο,

400 3893 536 3944 κατὰ
565 3891 669 3961 τὴν
689 3892 781 3943 τοῦ
807 3893 1080 3962 μακαρίου
1114 3893 1328 3945 Παύλου
1359 3895 1559 3963 φωνήν.
1591 3895 1698 3946 Καὶ
1733 3892 1973 3963 ἄμπελος

408 3982 506 4050 μὲν
571 3982 879 4052 εὐφρασίας
924 3982 990 4035 ἂν
1035 3985 1199 4036 νοοῖτο
1236 3982 1520 4052 σύμϐολον,
1556 3984 1887 4052 γλυκύτητος
1918 3982 1975 4034 δὲ

403 4075 564 4143 συκῆ.
608 4076 734 4126 Ὀτι
776 4073 832 4126 δὲ
862 4073 1004 4142 ψυχῇ
1060 4072 1289 4143 φιλοθέῳ
1320 4073 1521 4141 γλυκὺς
1564 4073 1776 4144 ἀληθῶς
1806 4076 1833 4126 ὁ
1882 4073 1972 4125 τοῦ

396 4164 535 4218 Θεοῦ
571 4165 759 4233 νόμος,
794 4165 886 4216 καὶ
935 4164 1349 4236 κατευφραίνειν
1403 4164 1579 4226 εἰδὼς,
1623 4163 1739 4226 πῶς
1788 4163 1852 4217 ἂν
1885 4164 1970 4214 ἐν·

401 4254 642 4309 δοιάσειέ
669 4272 787 4319 τις;
819 4253 1024 4307 Οὐκοῦν
1051 4255 1312 4324 ἀμέτοχος
1336 4256 1432 4324 μὲν
1460 4257 1487 4306 ὁ
1525 4253 1736 4324 Ἰσραὴλ
1771 4254 1975 4324 ἀπομε-

406 4346 650 4414 μένηκεν
694 4345 1010 4410 ἀναγκαίως
1038 4344 1146 4398 τῶν
1195 4343 1398 4396 ἄνωθεν
1450 4345 1544 4396 καὶ
1597 4342 1976 4412 πνευματικῶν

2061 532 2220 571 omne
2273 519 2517 583 verbum,
2571 521 2714 588 quod
2779 520 3082 588 egredietur
3161 523 3226 576 de
3283 537 3376 577 ore
3418 536 3622 590 nostro,

2060 618 2118 662 ut
2182 609 2492 664 adoleainus
2538 609 2732 678 regina:
2785 608 2926 671 caeli,
2957 619 3010 664 et
3049 609 3276 664 libemus
3331 611 3623 677 libamina,

2061 702 2200 754 sicut
2232 701 2456 755 iecimus
2494 716 2587 754 nos
2638 708 2691 752 ct
2741 710 2922 770 patres
2970 703 3171 768 nostri,
3213 713 3266 758 et
3314 719 3464 772 reges
3525 719 3623 758 no-

2062 790 2181 851 stri,
2226 800 2278 842 et
2318 790 2586 858 principes
2637 791 2826 852 nostri,
2862 791 2912 844 in
2969 791 3190 846 urbibus
3236 792 3395 859 Juda,
3454 805 3508 849 et
3535 796 3625 850 de-

2065 879 2193 933 foris
2263 877 2582 943 Jerusalem,
2641 890 2694 934 ct
2759 883 2979 935 saturati
3028 897 3216 938 sumus
3273 885 3521 952 panibus,
3574 896 3628 939 et

2063 968 2190 1022 facti
2231 984 2415 1023 sumus
2451 969 2595 1034 boni,
2625 970 2830 1022 etmala
2862 987 2963 1024 non
2999 973 3248 1026 vidimus.
3275 974 3336 1027 Et
3365 981 3420 1026 ut
3455 991 3629 1030 cessa-
3657 975 3660 979 ’

2063 1061 2238 1112 vimus
2279 1058 2556 1113 adoleutes
2617 1059 2810 1127 regium
2865 1059 3006 1124 coeli,
3050 1070 3102 1114 et
3148 1063 3374 1117 libantes
3403 1066 3448 1118 ci
3499 1066 3629 1119 liba-

2065 1151 2226 1213 mina,
2270 1149 2595 1218 indiguimus
2655 1165 2844 1203 omnes
2883 1166 2999 1215 nos,
3029 1163 3082 1204 et
3147 1155 3196 1205 in
3238 1155 3432 1222 gladio,
3475 1167 3528 1209 et
3577 1158 3626 1211 in

2065 1241 2204 1293 fame
2253 1240 2548 1293 defecimus
2578 1241 2639 1296 ³³.
2677 1260 2694 1291 ›
2737 1242 3130 1297 Animadvertis
3182 1246 3341 1314 igitur
3404 1263 3628 1316 quomo-

2064 1333 2130 1381 do
2186 1347 2273 1383 res
2341 1333 2404 1382 ad
2465 1347 2615 1384 usuin
2676 1334 2794 1385 vita)
2867 1336 3226 1398 necessarias,
3292 1347 3344 1390 et
3412 1340 3630 1409 insuper
3672 1355 3691 1372 ’

2066 1438 2380 1490 prosperum
2450 1439 2627 1477 rerum
2709 1434 2902 1480 statum
2960 1437 3016 1479 ut
3090 1428 3292 1481 erroris
3361 1429 3444 1480 sui
3489 1446 3629 1484 mer-

2065 1517 2248 1568 cedem
2291 1530 2353 1570 ac
2393 1517 2674 1584 praemium
2717 1534 2773 1573 se
2800 1520 3065 1586 recepisse
3101 1521 3320 1573 dii-ant?
3359 1523 3432 1573 ait
3469 1536 3627 1590 ergo:

2073 1625 2089 1656 ι
2142 1607 2450 1676 Disperdam
2525 1611 2588 1662 de
2653 1613 3058 1679 quibuscumque
3128 1612 3298 1676 dixit,
3356 1611 3632 1668 Meri-edes

2067 1711 2198 1749 mete
2243 1708 2364 1748 sunt
2554 1697 2686 1760 istm,
2735 1714 2867 1764 quas
2909 1699 3169 1752 dederunt
3243 1700 3374 1752 mihi
3431 1709 3631 1754 amato-

2068 1803 2152 1841 res
2193 1787 2314 1848 mei,
2346 1795 2398 1842 et
2437 1803 2627 1856 ponam
2663 1802 2719 1839 ea
2744 1788 2794 1840 in
2839 1788 3252 1841 testimonium.»
3277 1790 3463 1842 Ablata
3487 1789 3630 1844 enim

2067 1879 2181 1933 hare
2251 1878 2466 1933 lsraelis
2538 1881 2942 1948 perversitatem
3009 1882 3437 1934 tcstilicabantur
3495 1896 3628 1949 quo-

2067 1971 2372 2034 dammodo,
2415 1980 2466 2023 et
2507 1971 2668 2040 ipsius
2708 1984 2921 2040 pmnant
2978 1972 3335 2036 illustrabant,
3370 1972 3632 2026 divinam-

2066 2075 2170 2127 que
2221 2060 2353 2112 iram
2407 2061 2665 2113 adversus
2713 2061 2958 2114 eumdem
2985 2061 3352 2117 declarabant.
3387 2080 3407 2111 ι
3441 2063 3632 2118 Come-

2067 2153 2196 2207 dent
2232 2167 2293 2206 ea
2336 2152 2520 2206 bestiae
2558 2152 2693 2219 agri,
2720 2163 2773 2206 et
2809 2153 3052 2207 volucres
3108 2155 3265 2218 cmli,
3316 2163 3370 2208 et
3427 2155 3632 2223 rcptilia

2067 2257 2242 2299 terrae.
2277 2264 2295 2294 ι
2353 2245 2481 2310 Quze
2535 2245 2747 2312 quidem
2799 2260 2901 2298 non
2944 2259 3069 2308 uno,
3113 2245 3207 2298 sed
3256 2246 3424 2299 tribus
3461 2248 3634 2300 modis

2067 2338 2337 2407 explicare
2386 2338 2528 2390 licet.
2590 2337 2700 2390 Aut
2742 2338 2884 2390 enim
2950 2338 3052 2392 hoc
3109 2337 3277 2399 dicit,
3338 2337 3629 2392 bestiarum

2069 2429 2247 2483 cibum
2312 2428 2425 2482 fore
2466 2443 2583 2496 quae
2626 2440 2750 2482 sunt
2807 2429 2858 2482 in
2894 2430 3038 2497 agris
3065 2469 3081 2493 ,
3118 2438 3302 2498 utpote
3371 2445 3473 2482 non
3546 2445 3634 2484 ex-

2067 2529 2243 2572 stante
2303 2518 2531 2586 amplius
2575 2519 2662 2584 qui
2709 2527 2907 2571 terram
2964 2519 3204 2583 habilet;
3245 2519 3495 2586 quoniam
3522 2519 3634 2572 lon—

2069 2624 2134 2679 ge
2189 2609 2399 2677 plurimi
2449 2609 2694 2663 domibus
2742 2618 2796 2661 et
2843 2609 3064 2663 urbibus
3119 2611 3347 2678 expulsi,
3411 2609 3632 2681 Babylo-

2071 2715 2227 2764 nem,
2281 2709 2334 2753 et
2381 2701 2446 2754 ad
2500 2699 2682 2754 Medos
2732 2701 2880 2753 inviti
2912 2700 3175 2765 abierint;
3220 2701 3310 2752 alii
3378 2711 3632 2769 pra'tcrca

2072 2807 2174 2844 non
2228 2792 2381 2860 pauci
2424 2791 2564 2846 bello
2615 2792 2882 2860 absumpti
2932 2793 3058 2854 sint,
3101 2802 3157 2846 ut
3206 2791 3316 2861 jam
3365 2806 3391 2844 a
3453 2792 3638 2846 bestiis

2071 2894 2274 2937 tantum
2312 2893 2363 2938 et
2385 2884 2662 2952 reptilibus
2687 2884 3146 2937 Samaritanorum
3181 2885 3325 2953 regio
3349 2885 3634 2939 incolatur.

2071 2977 2174 3027 Aut
2214 2985 2361 3030 certe
2395 2975 2496 3029 hoc
2546 2978 2697 3039 vult,
2741 2974 2951 3045 frugum
2993 2975 3197 3043 copiam
3250 2977 3484 3045 regiOnis
3536 2975 3637 3027 Ba-

2072 3067 2312 3136 bylonios
2352 3067 2402 3119 in
2463 3082 2666 3122 morem
2711 3067 3001 3121 bestiarum
3045 3069 3432 3132 devoraturos,
3487 3068 3636 3121 inco-

2072 3159 2138 3211 lis
2179 3158 2313 3211 intra
2353 3157 2771 3211 murosnrbium
2823 3171 2881 3211 se
2935 3158 3260 3222 tenentibus,
3293 3172 3391 3212 nec
3431 3157 3511 3210 vel
3571 3160 3636 3211 ad

2074 3259 2401 3304 momentum
2430 3260 2580 3304 extra
2609 3259 2789 3317 portas
2820 3249 3034 3317 prodire
3064 3250 3404 3316 audentibus,
3446 3264 3638 3318 quam-.-

2074 3345 2154 3396 vis
2187 3343 2327 3396 fame
2373 3342 2669 3396 moriantur

2144 3524 2297 3588 Quod
2350 3521 2392 3573 si
2437 3519 2663 3588 cuipiam
2718 3520 2829 3570 hmo
2892 3515 3249 3586 Spiritualitcr
3297 3517 3638 3588 intelligenda

2076 3615 2344 3677 videntur,
2381 3611 2427 3666 ci
2475 3611 2576 3662 alia
2639 3621 2852 3675 quoque
2906 3607 2988 3660 via
3047 3606 3252 3662 licitum
3293 3619 3377 3664 est
3410 3611 3508 3664 ire.
3545 3608 3642 3665 νε.

2076 3721 2190 3760 nea:
2268 3715 2503 3770 namque
2556 3708 2610 3753 et
2662 3697 2783 3751 licui
2849 3697 3289 3750 commodissime
3335 3702 3638 3768 comparari

2076 3806 2251 3866 potest
2287 3811 2382 3864 per
2414 3796 2580 3862 legem
2623 3791 2911 3855 institutio,
2953 3790 3018 3842 ad
3045 3787 3316 3843 Christum
3347 3789 3637 3846 deducens.

2075 3890 2153 3943 Ad
2206 3890 2307 3942 hoc
2349 3887 2487 3941 enim
2527 3885 2616 3939 illa
2659 3893 2843 3936 noster
2881 3881 3199 3950 ptcdagogus
3221 3889 3325 3942 est.
3371 3882 3520 3950 juxta
3551 3899 3643 3938 vo-

2076 3997 2191 4036 cem
2231 3979 2367 4034 heati
2410 3977 2557 4031 Pauli
2583 3977 2645 4028 ³⁶.
2669 3977 2732 4028 Et
2766 3975 2913 4027 vinea
2944 3975 3161 4042 quidem
3205 3974 3420 4039 laetitim,
3457 3975 3641 4029 dulce-

2077 4073 2220 4127 diuis
2262 4081 2440 4125 autem
2504 4069 2634 4123 licus
2683 4065 2985 4135 symbolum
3035 4065 3204 4133 accipi
3255 4074 3448 4132 potest.
3513 4065 3644 4119 Esse

2077 4172 2252 4214 autem
2295 4159 2483 4211 animm
2520 4157 2682 4208 Deum
2731 4153 2931 4205 amanti
2972 4152 3138 4220 legem
3187 4167 3371 4206 revera
3409 4152 3640 4219 dulcem,

2076 4261 2130 4305 et
2197 4265 2353 4318 posse
2399 4261 2515 4298 eam
2547 4243 2869 4306 cxhilarare,
2921 4243 3046 4310 quid
3090 4252 3174 4297 est
3218 4258 3314 4298 cur
3359 4244 3642 4312 quisquam

2080 4338 2325 4393 dubitet?
2391 4335 2726 4405 QuaprOptcr
2776 4331 2939 4387 lsrael
2985 4346 3336 4401 supernorum
3395 4333 3650 4402 spiritua-

405 4436 658 4502 ἀγαθῶν.
684 4435 930 4488 Δέδονται
963 4435 1018 4488 δὲ
1059 4436 1195 4506 πρὸς
1229 4435 1523 4505 μετάληψιν
1561 4435 1669 4496 τοῖς
1702 4433 1862 4486 οἱονεὶ
1891 4434 1969 4502 θη-

2087 4431 2322 4497 liumqne
2378 4428 2638 4481 bonorum
2675 4439 2866 4492 expers
2918 4439 3134 4478 manere
3190 4425 3406 4487 debuit,
3439 4434 3492 4479 et
3530 4433 3649 4478 tan-

399 4527 544 4600 ρίοις
592 4543 652 4580 τε
695 4527 789 4580 καὶ
835 4528 1100 4598 ἑρπετοῖς,
1153 4527 1293 4597 φημὶ
1340 4525 1403 4595 δὴ
1442 4526 1554 4587 τοῖς
1596 4524 1653 4590 ἐξ
1697 4524 1896 4585 ἐθνῶν,
1931 4525 1981 4576 οἳ

403 4619 516 4690 πρὸ
541 4620 644 4688 τῆς
679 4621 928 4688 Σωτῆρος
969 4618 1259 4688 ἐπιδημίας
1295 4617 1448 4686 ὀλίγα
1477 4617 1773 4683 διενεγκεῖν
1802 4613 1981 4684 θηρῶν

399 4728 460 4762 τε
509 4712 608 4764 καὶ
655 4709 897 4780 ἑρπετῶν
951 4709 1166 4763 ἰοϐόλων
1218 4710 1564 4780 ὑπονοηθεῖεν
1607 4709 1702 4770 ἂν,
1751 4707 1836 4760 διὰ
1883 4706 1980 4775 τὴν

406 4802 711 4871 σκαιότητα
745 4801 850 4854 τῶν
899 4800 1135 4872 τρόπων.
1181 4802 1324 4871 Πλὴν
1373 4802 1434 4853 οὐ
1501 4801 1868 4870 μεμενήκασιν
1922 4799 1980 4850 ἐν

397 4891 641 4955 τούτοις,
698 4890 1013 4945 ἀκολουθεῖν
1067 4891 1328 4962 ᾑρημένοι
1375 4892 1580 4960 λέγοντι
1611 4890 1687 4960 τῷ
1723 4888 1974 4960 Χριστῷ·

406 5000 425 5031 ι
460 4982 686 5036 Μὰθετε
709 4984 802 5036 ἀπ’
832 4983 990 5052 ἐμοῦ,
1017 4985 1097 5036 ὅτι
1129 4983 1303 5052 πρᾶός
1341 4984 1456 5047 εἰμι
1497 4981 1588 5034 καὶ
1616 4980 1866 5041 ταπεινὸς
1911 4981 1974 5048 τῇ

398 5073 630 5142 καρδίᾳ,
674 5074 766 5126 καῖ
793 5074 1052 5144 εὑρήσετε
1077 5073 1379 5126 ἀνάπαυσιν
1402 5073 1516 5132 ταῖς
1539 5069 1731 5138 ψυχαῖς
1757 5067 1926 5137 ὑμῶν.
1955 5087 1971 5116 ι

400 5162 712 5233 Προσθείην
734 5164 777 5216 δ’
807 5164 873 5218 διν
902 5163 1076 5232 ἔγωγε
1103 5167 1211 5227 τοῖς
1253 5161 1559 5234 εἰρημένοις
1591 5161 1683 5213 καὶ
1719 5160 1833 5212 1.665
1858 5175 1868 5185 ’
1905 5159 1979 5220 ὡς

395 5253 558 5307 ἐστιν
589 5254 796 5325 ἀνάγκη
842 5257 955 5317 τοῖς
997 5255 1088 5307 τὸν
1127 5255 1398 5324 ἐπάρατον
1444 5251 1538 5305 καὶ
1586 5251 1812 5319 θεομισῆ
1865 5249 1979 5319 τρί-

397 5344 568 5398 ϐουσι
623 5344 756 5414 βίον,
797 5347 894 5399 καὶ
941 5345 1298 5413 ἀπολισθῆναι
1347 5345 1457 5396 δεῖν
1508 5341 1703 5405 παντὸς
1752 5341 1975 5409 ἀγαθοῦ,

397 5437 504 5489 καὶ
550 5437 612 5489 ἐν
659 5441 775 5500 ταῖς
823 5438 1048 5492 ἁπασῶν
1097 5439 1354 5507 ἐσχάταις
1407 5435 1653 5505 γενέσθαι
1704 5434 1978 5486 ταλαιπω-

402 5542 588 5594 ριαις.

482 5703 532 5732 ³⁸
571 5699 764 5758 Jercm.
801 5721 944 5768 XLIV,
979 5707 1154 5760 lii-l8.

2085 4537 2243 4592 quam
2293 4519 2484 4574 helluis
2518 4535 2579 4571 ac
2619 4517 2896 4586 reptilibus
2951 4517 3003 4571 in
3069 4516 3304 4585 praedam
3359 4517 3476 4568 data
3521 4524 3645 4580 est,

2084 4615 2362 4683 gentibus,
2404 4612 2646 4680 inquam,
2693 4625 2829 4679 quas
2868 4619 2992 4662 ante
3043 4607 3242 4662 Christi
3286 4608 3570 4660 adventum
3617 4623 3648 4660 a

2083 4706 2213 4758 feris
2271 4714 2325 4756 et
2383 4703 2661 4770 reptilibus
2740 4699 3049 4764 venenatis,
3103 4708 3324 4766 prepter
3385 4706 3648 4768 agrestem

2084 4809 2290 4850 morum
2337 4793 2752 4846 iunrbanitatcm
2806 4804 2994 4859 parum
3054 4788 3412 4858 discrepuisse
3475 4789 3654 4842 existi-

2087 4903 2230 4941 mare
2258 4885 2399 4938 licet.
2433 4885 2537 4939 Sed
2582 4894 2756 4937 tamen
2797 4882 2930 4936 tales
2962 4897 3063 4934 non
3097 4891 3531 4950 permanserunt,
3564 4880 3650 4934 ubi

2085 4979 2357 5032 Christum
2401 4974 2552 5042 sequi
2596 4973 2971 5036 instituerunt,
3021 4973 3321 5028 dicentem:
3353 4992 3370 5025 ι
3397 4971 3592 5027 Discite
3622 4989 3650 5024 a

2086 5084 2192 5133 me,
2225 5068 2346 5135 quia
2399 5067 2545 5120 mitis
2585 5079 2702 5118 sum
2768 5074 2822 5118 et
2861 5063 3078 5119 humilis
3116 5065 3299 5128 corde,
3331 5075 3386 5120 et
3414 5064 3654 5120 invenie-

2089 5159 2156 5212 tis
2202 5157 2437 5225 requiem
2481 5155 2763 5209 animabus
2797 5157 2992 5209 vestris
3015 5155 3113 5207 ³⁷.)
3145 5154 3246 5208 Fas
3291 5170 3452 5221 porro
3497 5154 3652 5208 dictis

2085 5249 2188 5302 hoc
2228 5262 2389 5300 unum
2443 5245 2659 5311 addere,
2723 5246 3086 5310 maledictam,
3150 5255 3204 5300 et
3259 5244 3367 5299 Dco
3426 5244 3650 5298 invisam

2086 5338 2226 5391 viam
2259 5337 2616 5402 ambulantes,
2637 5337 2803 5392 velint
2827 5337 2998 5391 nolint
3028 5339 3171 5392 omni
3211 5340 3349 5391 bono
3369 5332 3650 5394 excedere,

2089 5437 2142 5481 et
2188 5428 2253 5481 ad
2291 5439 2561 5484 extremas
2594 5426 2842 5482 miserias
2890 5426 3115 5480 devolvi.

1231 5706 1274 5737 ³⁸
1298 5704 1470 5758 Galat.
1516 5700 1712 5766 “1,24.
1753 5699 1792 5729 ³⁷
1830 5697 2013 5750 Matth.
2056 5710 2129 5759 XI,
2166 5694 2252 5745 9.9.
