4002 6220
355 307 438 363 ’79
1346 307 1402 360 S.
1448 306 1718 360 (.‘YllliJJ
1760 305 2226 360 ALEXANDRINI
2271 305 2584 363 ARCHIEP.
3550 317 3618 370 ες)

439 429 502 481 Et
567 429 793 483 ulciscar
842 442 998 495 super
1058 443 1169 478 eam
1232 428 1340 479 dics
1385 426 1613 487 Baalim,
1651 429 1702 479 in
1750 428 1906 496 quibu

2109 428 2214 480 Kal
2246 427 2546 494 ἐκδικήσω
2575 427 2667 478 ἐπ’
2693 429 2885 496 αὐτὴν
2927 429 3032 495 τὰς
3065 430 3277 499 ἡμέρας
3316 432 3433 485 τῶν
3471 436 3614 487 Βαα-

362 518 666 572 immolubat
730 517 821 578 eis,
871 526 916 568 et
961 517 1314 570 circumdabat
1359 515 1469 587 44
1522 518 1728 570 inaures
1774 535 1928 581 suas,

363 621 407 660 et
432 610 646 661 monilia
667 624 786 671 sua,
810 618 854 660 et
887 609 992 659 ibat
1029 615 1143 672 post
1165 617 1424 661 curatores
1450 624 1569 662 suos
1594 623 1610 660 :
1639 610 1735 662 mei
1761 617 1930 662 autent

362 700 524 752 oblita
566 709 664 764 est,
693 699 818 752 dicit
844 697 1121 752 Dominus.

429 877 570 932 XXI.
617 879 748 932 Tum
813 879 1046 944 serene,
1099 880 1204 932 imo
1242 879 1401 932 etiam
1455 880 1507 932 in
1556 879 1674 934 illos
1736 895 1930 935 conve-

363 970 718 1022 nientissima:
749 969 1133 1036 indignationis
1157 987 1372 1024 causam
1411 973 1604 1026 iterum
1631 974 1925 1042 subjungit.

359 1064 492 1127 Quia
527 1061 666 1115 enim
703 1062 752 1118 in
807 1078 992 1114 errore
1055 1063 1342 1115 {ltitllOiilllll
1397 1065 1486 1117 diu
1551 1065 1924 1130 perstiterunt,

358 1153 546 1220 atquali
575 1153 831 1220 temporis
871 1154 1218 1208 diuturnitate
1250 1171 1343 1208 eos
1391 1157 1479 1209 Dei
1521 1157 1653 1208 iram
1682 1167 1930 1224 expertu-

357 1259 445 1296 ros
493 1244 739 1295 aliirmal.
793 1242 899 1295 lloc
939 1245 1036 1295 sibi
1079 1244 1208 1307 vult,
1243 1249 1471 1312 opinor:
1511 1268 1527 1295 ι
1562 1245 1805 1299 Ulciscar
1839 1262 1928 1301 su-

355 1351 450 1398 per
482 1350 599 1387 eam
652 1337 768 1387 dies
808 1333 1030 1396 Baalim,
1070 1354 1087 1383 ι
1124 1336 1222 1387 hoc
1250 1345 1330 1387 est
1364 1335 1640 1388 idolorum.
1665 1336 1924 1406 Exa’qua-

354 1426 486 1478 huut
533 1425 674 1477 enim
727 1425 903 1493 plane,
948 1425 1280 1492 iuquit.dies
1337 1427 1559 1490 erroris,
1602 1427 1794 1493 quibus
1844 1427 1926 1480 in-

354 1529 575 1567 censum
628 1515 861 1568 adolevit
926 1512 1072 1579 Baal,
1115 1515 1227 1569 dies
1288 1515 1533 1583 supplicii
1569 1525 1624 1569 et
1683 1515 1922 1570 ultioois.

357 1605 468 1659 Non
507 1607 646 1658 enim
693 1606 899 1658 destitit
937 1619 992 1657 se
1017 1621 1234 1668 ornare,
1268 1613 1325 1658 et
1373 1605 1507 1659 velle
1575 1607 1922 1660 multifariam

353 1698 562 1764 plmet‘c
613 1697 723 1751 suis
754 1696 1104 1750 amatoribus.
1125 1694 1358 1749 Ornatus
1394 1705 1570 1748 autem
1622 1697 1920 1749 animarum

2038 519 2196 586 λεὶμ,
2235 520 2305 571 ἐν
2337 514 2432 584 αἷς
2463 519 2713 572 ἐπέθυεν
2757 519 2979 585 αὐτοῖς,
3023 521 3120 574 καὶ
3155 523 3513 588 περιετίθετο
3543 523 3616 576 τὰ

2037 609 2245 662 ἐνώτια
2277 609 2486 677 αὐτῆς.
2517 608 2612 660 καὶ
2641 609 2712 663 τὰ
2756 613 3042 678 καθόρμια
3073 611 3263 678 αὐτῆς
3283 627 3299 643 ·
3348 612 3447 665 καὶ
3485 613 3612 665 ἐποο

2031 701 2240 767 ρεύετο
2274 701 2465 752 ὀπίσω
2503 699 2622 753 τῶν
2648 700 2916 767 ἐραστῶν
2973 699 3183 768 αὐτῆς,
3215 701 3362 769 ἐμοῦ
3407 702 3476 755 δὲ
3510 703 3614 756 ἐκ·

2036 788 2308 853 alcidem,
2341 789 2499 857 λέγει
2533 791 2766 860 Κύριος.

2107 881 2235 932 KA'.
2325 880 2603 950 Ἐπιφέρει
2656 879 2814 932 πάλιν
2861 880 3022 942 εὐθὺς
3066 881 3164 950 τῆς
3225 879 3369 933 οὕτω
3407 880 3609 949 δεινῆς,

2039 970 2238 1040 μᾶλλον
2275 970 2330 1023 δὲ
2367 971 2462 1023 καὶ
2513 971 2632 1023 λίαν
2683 971 3138 1042 πρεπωδεστάτης
3193 972 3375 1034 αὐτοῖς
3412 973 3604 1039 ἀγανα-

2035 1062 2280 1131 κτήσεως
2327 1062 2424 1133 τὴν
2470 1063 2647 1115 αἰτίαν
2719 1063 2934 1132 Ἐπειδὴ
2986 1063 3094 1132 γὰρ
3142 1065 3387 1134 μακροὺς
3439 1065 3494 1114 ὲν
3535 1063 3612 1133 τῷ

2035 1148 2410 1218 πεπλανῆσθαι
2436 1149 2836 1202 διατετελέκασι
2867 1151 3109 1220 χρόνους,
3144 1150 3201 1201 ὲν
3237 1151 3376 1211 ἴσαις
3404 1149 3609 1219 καιρῶν

2035 1239 2400 1309 παρατάσεσι,
2432 1242 2614 1310 φησιν,
2646 1241 2828 1307 ἕξουσι
2864 1243 2961 1311 τὴν
2992 1243 3179 1312 ὀργήν.
3211 1240 3402 1303 Τοῦτο,
3431 1236 3607 1310 οἶμαι,

2033 1329 2150 1380 ἐστὶ
2200 1329 2279 1393 τὸ,
2338 1348 2355 1380 ι
2406 1330 2704 1402 Ἐκδικήσω
2749 1332 2836 1383 ἐπ’
2879 1331 3046 1401 αὐτὴν
3093 1333 3191 1394 τὰς
3243 1331 3453 1400 ἡμέρας
3500 1333 3608 1384 τῶν

2034 1417 2296 1488 Βααλεὶμ,
2340 1439 2358 1470 ι
2400 1421 2646 1474 τουτέστι
2673 1422 2779 1474 τῶν
2809 1421 3060 1474 εἰδώλων.
3110 1423 3467 1490 Ἰσομοιρήσει
3497 1423 3606 1491 γὰρ

2033 1510 2270 1574 πάντως,
2308 1511 2461 1580 φησι,
2504 1514 2622 1574 ταῖς
2652 1513 2749 1582 τῆς
2785 1513 3102 1584 πλανήσεως
3141 1513 3393 1582 ἡμέρας
3428 1513 3483 1565 ὲν
3518 1509 3606 1576 αἷς

2030 1598 2227 1668 ὲϐυμία
2254 1603 2318 1671 τῇ
2352 1601 2518 1664 Βάαλ,
2548 1602 2615 1653 τὰ
2647 1603 2710 1654 ἐκ
2739 1603 2927 1674 ποινῆς
2958 1621 3014 1655 τε
3047 1604 3138 1656 καὶ
3187 1604 3360 1674 δίκης.
3395 1606 3469 1658 Οὐ
3495 1606 3604 1677 γὰρ

2028 1687 2360 1742 διαλέλοιπεν
2401 1689 2769 1762 ὡραῖζομένη,
2819 1693 3057 1756 καὶτοῖς
3103 1694 3304 1764 ἑαυτῆς
3346 1698 3603 1766 ἐρασταῖς

355 1790 668 1843 idololatriae
701 1787 1081 1852 implicitarum
1111 1795 1194 1840 est
1243 1786 1328 1839 illa
1373 1787 1620 1856 persequi
1681 1796 1735 1839 et
1771 1786 1907 1839 facti

2027 1780 2330 1834 ἁνδάνουσα
2366 1782 2737 1852 πολυτρόπως.
2774 1783 2992 1854 Κόσμος
3018 1784 3072 1837 δὲ
3101 1785 3297 1856 ψυχαῖς
3322 1787 3600 1842 εἰδωλολαο

356 1891 472 1934 tare
512 1894 629 1946 qua:
671 1878 894 1945 impuris
925 1876 1257 1930 daemonibus
1291 1877 1547 1929 arrident.
1599 1877 1750 1930 Sicut
1779 1879 1918 1930 enim

349 1970 691 2037 «(inspicuam
739 1983 856 2020 esse
889 1967 1120 2020 dicimus
1162 1967 1394 2019 hominis
1451 1969 1706 2029 animam,
1736 1969 1787 2021 in
1815 1983 1916 2036 qua

350 2061 564 2113 virtutis
608 2059 947 2123 excellentia,
975 2066 1026 2110 et
1085 2057 1423 2124 pulchritudo
1465 2057 1815 2124 pet‘s‘picitnr:
1843 2058 1920 2112 sic

350 2156 589 2204 animam
644 2153 880 2219 peccatis
921 2151 1170 2215 amicam,
1202 2151 1634 2217 cogitandumque
1665 2158 1719 2202 et
1759 2165 1919 2218 agen-

349 2251 453 2296 tem
483 2257 545 2294 ex
610 2243 853 2293 imlittito
890 2255 1005 2307 qua-
1054 2240 1354 2292 (itl'llittlltltll
1404 2240 1651 2307 gregibus
1684 2240 1917 2307 jucunda

346 2343 401 2385 et
432 2341 655 2401 accepta
697 2339 851 2393 sunt,
886 2329 1039 2399 longe
1075 2329 1486 2396 pulcherrimam
1522 2329 1622 2381 illis
1661 2345 1783 2384 esse
1806 2339 1917 2383 sta-

347 2424 603 2476 tuendum
650 2432 752 2474 est.
789 2421 933 2474 Talis
974 2422 1149 2474 anima
1190 2435 1308 2473 eum
1377 2419 1598 2473 muliere
1653 2423 1916 2487 improba,

348 2529 480 2566 auro
511 2529 568 2566 se
609 2513 770 2566 stulte
817 2517 1132 2574 exornante,
1158 2511 1593 2577 ornamentisque
1628 2510 1836 2562 aurium
1865 2521 1917 2563 et

347 2604 465 2657 rt)!“
520 2615 820 2657 amatorum
869 2618 1085 2657 suorum
1115 2603 1275 2655 corda
1323 2602 1705 2669 propemodum
1740 2602 1918 2654 incau-

347 2705 493 2748 tante
520 2694 752 2748 conferri
791 2702 984 2762 potest.
1018 2692 1316 2758 Quamdam
1369 2692 1534 2759 igitur
1600 2693 1914 2760 dignitatem

345 2789 486 2856 parit
544 2784 800 2854 improbis
840 2800 1001 2837 omne
1042 2800 1210 2852 genus
1254 2783 1628 2834 immunditite.
1675 2782 1912 2846 Quorum

343 2887 523 2932 autem
564 2892 757 2945 scopus
784 2883 866 2929 est
901 2876 966 2927 ad
999 2874 1083 2926 illa
1116 2873 1405 2940 respicere,
1437 2873 1500 2926 iis
1525 2875 1687 2924 etiam
1724 2873 1914 2925 solem-

344 2987 410 3024 ne
449 2981 504 3023 et
553 2969 914 3024 necessarium
973 2982 1091 3022 esse
1129 2966 1298 3035 ipsius
1334 2981 1545 3034 quoque
1584 2967 1671 3018 Dei
1725 2966 1914 3021 oblivi-

342 3064 440 3126 sei,
471 3061 705 3114 ostendit
751 3075 873 3114 cum
901 3059 1031 3113 dicit
1058 3075 1073 3115 :
1102 3077 1120 3110 ι
1156 3057 1254 3112 Mei
1306 3066 1486 3110 autem
1518 3058 1680 3110 oblita
1710 3068 1811 3122 est,
1838 3059 1914 3110 di-

2023 1874 2170 1941 τρεῖν
2205 1871 2528 1942 ᾑρημέναις,
2563 1874 2624 1927 τὸ
2678 1875 2862 1929 ἐκεῖνα
2910 1875 3178 1946 πληροῦν,
3229 1877 3264 1932 ἃ
3309 1881 3420 1943 τοῖς
3465 1883 3600 1934 ἀκα-

2024 1961 2242 2033 θάρτοις
2287 1963 2584 2034 δαιμονίοις
2629 1965 2794 2020 δοκεῖ.
2845 1968 3052 2038 Ὥσπερ
3097 1971 3204 2038 γὰρ
3261 1969 3599 2024 emetaan

2022 2044 2158 2101 εἷναί
2188 2067 2367 2120 φαμεν
2395 2051 2682 2122 ἀνθρώπου
2709 2053 2903 2123 ψυχὴν,
2931 2049 3072 2126 ᾗπερ
3105 2055 3169 2108 ἂν
3197 2057 3370 2127 ὁρῷτο
3401 2061 3597 2129 προσὸν

2019 2139 2079 2191 τὸ
2109 2141 2429 2213 διαπρέπειν
2464 2144 2522 2194 ὲν
2551 2144 2770 2212 ἀρεταῖς
2791 2161 2802 2174 ·
2832 2145 2974 2198 οὕτω
3009 2146 3101 2199 καὶ
3141 2146 3316 2219 ψυχὴν
3347 2151 3444 2219 τὴν
3472 2151 3594 2220 φιλ-

2020 2236 2385 2302 αμαρτήμονα
2414 2237 2532 2298 ταῖς
2569 2235 2677 2287 τῶν
2729 2237 3020 2307 δαιμονίων
3068 2239 3289 2306 ἀγέλαις
3324 2242 3594 2312 ὑποτοπη-

2018 2323 2136 2376 τέον
2170 2321 2308 2378 εἷναι
2336 2326 2660 2396 περικαλλῆ,
2699 2330 2916 2398 φρονεῖν
2945 2345 3002 2381 τε
3055 2331 3146 2382 καὶ
3175 2331 3305 2402 δρᾷν
3335 2331 3594 2403 ἑλομένην

2018 2417 2125 2469 πᾶν
2153 2418 2178 2468 ὅ
2197 2417 2246 2468 τί
2279 2419 2425 2470 ἐστιν
2455 2419 2550 2489 ἡδύ
2591 2436 2649 2471 τε
2679 2420 2858 2483 αὐτοῖς
2880 2421 2975 2473 καὶ
3005 2423 3176 2490 φίλον.
3201 2425 3594 2495 Παρεικάζοιτο

2016 2508 2058 2560 δ’
2104 2508 2170 2560 ἂν
2227 2511 2259 2580 ἡ
2306 2511 2530 2581 τοιαύτη
2583 2512 2722 2583 ψυχὴ
2780 2516 2999 2580 γυναικὶ
3056 2516 3182 2579 τοὺς
3232 2517 3465 2585 τρόπους
3495 2519 3594 2572 οὑκ

2016 2601 2215 2670 ἀγαθῇ,
2251 2602 2284 2672 ἢ
2338 2603 2426 2654 καί
2461 2601 2721 2674 ὲξιτὴλως
2754 2605 3104 2674 χρυσαῖζεται
3130 2645 3144 2670 ,
3191 2608 3350 2678 μόνον
3383 2609 3439 2661 δὲ
3473 2612 3592 2681 οὑχί

2015 2692 2107 2742 καὶ
2158 2695 2268 2754 τοῖς
2303 2695 2379 2755 είς
2437 2693 2572 2745 ὠτία
2625 2695 2716 2746 καὶ
2768 2695 2928 2765 δέρην
2982 2701 3300 2766 κοσμήμασι
3344 2700 3445 2770 τὴν
3484 2702 3590 2755 τῶν

2015 2780 2264 2852 ἐρώντων
2308 2783 2476 2853 αὐτῆς
2507 2786 2899 2854 καταγοητεύει
2931 2787 3178 2856 καρδίαν.
3217 2790 3479 2859 Σεμνύνει
3525 2791 3588 2863 δὴ

2013 2867 2106 2922 οὖν
2139 2871 2245 2940 ἄρα
2273 2874 2396 2935 τοὺς
2431 2873 2700 2942 πονηροὺς
2736 2875 2840 2926 πᾶν
2889 2868 3026 2938 εἶδος
3071 2876 3430 2949 ἀκαθαρσίας.
3467 2882 3589 2935 Ὅτι

2011 2958 2086 3025 δὲ,
2126 2954 2205 3022 οἷς
2235 2961 2262 3010 ὀ
2293 2962 2492 3025 σκοπὸς
2516 2963 2650 3033 πρὸς
2676 2965 2856 3016 ἐκεῖνα
2887 2964 3127 3032 βλέπειν,
3171 2967 3380 3032 τούτοις
3410 2970 3474 3023 ἂν
3501 2972 3586 3042 εἴη

2017 3050 2248 3122 σύνηθές
2286 3068 2344 3103 τε
2373 3053 2464 3104 καὶ
2519 3054 2812 3121 ἀναγκαῖον
2855 3055 2914 3106 τὸ
2960 3056 3052 3108 καὶ
3083 3057 3250 3128 αὐτῆς
3279 3059 3586 3114 ἀπολισθε-ῖν

341 3154 417 3208 cit
464 3152 786 3207 Dominus.»
839 3147 946 3204 Ubi
1008 3150 1152 3205 enim
1205 3149 1477 3202 inﬁrmata
1521 3157 1638 3213 est,
1693 3148 1904 3217 inquit,

2013 3142 2110 3208 τῆς
2141 3141 2233 3195 τοῦ
2267 3142 2399 3196 Θεοῦ
2449 3147 2686 3214 μνήμης,
2722 3145 2954 3214 δέδειχεν
3000 3147 3202 3200 εἰπών’·
3254 3167 3272 3199 ι
3327 3149 3490 3218 Ἐμοῦ
3531 3151 3584 3204 δὲ

349 3245 678 3298 «finitionibus
730 3241 1086 3306 adhaerendo,
1148 3240 1255 3294 imo
1301 3255 1328 3292 a
1380 3239 1643 3293 desiderio
1685 3248 1738 3292 et
1790 3255 1910 3308 pro.

339 3337 596 3402 pensione
631 3335 695 3388 ad
761 3333 956 3387 bonum
1001 3333 1213 3401 penitus
1255 3331 1600 3396 discedendo,
1634 3332 1743 3400 ipsa
1782 3349 1912 3402 quo—

337 3445 439 3495 qur:
462 3427 550 3479 Dei
578 3425 832 3479 memoria
857 3425 1205 3492 decidit,qua:
1227 3423 1386 3477 totius
1416 3420 1706 3488 impietatis
1725 3430 1908 3490 aperta

339 3517 724 3572 demonstratio
772 3523 874 3570 est.

410 3796 570 3854 Visus.
597 3795 683 3850 H.
714 3794 843 3848 Ideo
867 3809 982 3849 ecce
1009 3810 1099 3864 ego
1143 3795 1334 3848 seduco
1363 3810 1500 3861 eam,
1529 3803 1576 3849 et
1607 3811 1797 3864 ponam
1841 3794 1906 3849 il-

334 3888 441 3939 lum
473 3889 623 3956 quasi
648 3886 928 3941 desertum.

402 3976 567 4030 χχιι.
614 3959 902 4043 Postquam
944 3973 1109 4040 enim,
1167 3974 1357 4043 inquit,
1388 3973 1474 4027 illa
1507 3973 1688 4028 minus
1735 3959 1906 4028 ὼοιὶίε

331 4070 574 4132 oﬂendit,
609 4084 707 4135 ego
753 4077 931 4119 autem
997 4065 1316 4120 defectionis
1368 4079 1556 4135 pamas
1607 4065 1904 4135 iustissime

332 4158 608 4228 repoposci
643 4157 806 4226 (uitus
843 4173 961 4211 sum
994 4157 1135 4211 enim
1182 4172 1344 4227 super
1383 4172 1500 4210 eam
1526 4158 1641 4211 dies
1671 4155 1898 4219 Baalim,

330 4269 383 4304 et
430 4250 773 4318 proportione
813 4249 1130 4304 delictorum
1164 4249 1364 4320 saavii);
1392 4249 1510 4303 ideo
1550 4251 1600 4302 in
1631 4258 1900 4314 posterum

329 4340 394 4391 ad
440 4341 862 4393 miscricordiam
907 4355 990 4393 me
1030 4341 1198 4405 dabo,
1223 4349 1276 4392 et
1315 4355 1431 4393 eam
1477 4342 1541 4392 ad
1583 4340 1822 4404 meliora,
1848 4349 1900 4392 et

2014 3233 2328 3302 ἐπελάϐετο,
2376 3235 2521 3302 λέγει
2570 3237 2791 3306 Κύριος.
2837 3256 2854 3288 ι
2905 3238 3120 3308 Ἐπειδὴ
3159 3240 3266 3310 γὰρ
3296 3243 3582 3311 κατηρῤώ-

2016 3343 2202 3396 στησε,
2232 3328 2383 3396 φησὶ,
2407 3328 2484 3398 τῷ
2519 3329 2872 3399 προσκεῖσθαι
2902 3332 3013 3392 τοῖς
3039 3330 3353 3401 δαιμονίοις,
3384 3334 3581 3402 μᾶλλον

2011 3417 2068 3469 δὲ
2098 3419 2191 3470 καὶ
2220 3418 2528 3488 όλοτρόπως
2584 3421 2883 3490 ἀποφοιτᾷν
2925 3420 3024 3489 τῆς
3065 3424 3142 3485 εἰς
3168 3422 3228 3475 τὸ
3257 3424 3460 3491 ἀγαθὸν
3486 3427 3581 3495 ἐφ’

2015 3508 2182 3572 ἐσεώς
2225 3527 2282 3562 τε
2318 3511 2412 3562 καὶ
2455 3510 2776 3582 προθυμίας,
2828 3513 2922 3564 καὶ
2967 3514 3134 3583 αὐτῆς
3179 3514 3450 3570 ἀπώλισθε
3483 3518 3579 3587 τῆς

2009 3599 2103 3650 τοῦ
2130 3598 2263 3651 Θεοῦ
2303 3601 2540 3669 μνήμης.
2577 3600 2744 3653 Τοῦτο
2776 3601 2832 3654 δέ
2873 3603 2986 3654 ἐστι
3015 3603 3112 3674 τῆς
3143 3605 3369 3658 εἱσᾶπαν
3394 3605 3578 3658 δυσσε-

2011 3691 2160 3754 ϐείας
2193 3693 2467 3758 ἀπόδειξις
2513 3694 2763 3762 ἐναργής.

2076 3781 2180 3834 Διὰ
2217 3781 2389 3835 τοῦτο
2435 3782 2565 3835 ἰδοὺ
2609 3782 2726 3852 ἐγὼ
2771 3781 2980 3837 πλανῶ
3013 3782 3226 3852 αὐτὴν,
3277 3785 3376 3838 καὶ
3418 3785 3575 3851 τάξω

2007 3872 2202 3937 αὐτὴν
2231 3871 2312 3934 ὠς
2345 3871 2586 3940 ἔρημον.

2078 3963 2204 4016 KB’.
2261 3963 2478 4034 Ἐπειδὴ
2521 3964 2666 4035 γὰρ,
2727 3966 2924 4035 φησιν,
2986 3966 3124 4035 αὓτη
3182 3967 3279 4036 μὲν
3322 3965 3570 4033 ἐξώκειλε

2005 4055 2377 4127 πολυτρόπως,
2409 4057 2648 4126 ἐζήτησα
2689 4056 2743 4108 δὲ
2788 4057 2881 4108 καὶ
2932 4057 3050 4109 λίαν
3089 4056 3262 4125 ὀρθῶς
3307 4059 3402 4128 τῆς
3442 4059 3570 4110 ἁπος

2007 4147 2231 4209 στασίας
2261 4147 2358 4208 τὰς
2406 4147 2560 4210 δίκας
2611 4147 2957 4216 (ἐκδεδίκηκα
2999 4149 3107 4215 γὰρ
3137 4149 3223 4200 ἐπ’
3273 4149 3441 4218 αὐτὴν
3474 4150 3570 4212 τὰς

2003 4238 2215 4308 ἡμέρας
2241 4238 2347 4289 τῶν
2381 4238 2640 4308 Βααλεὶμ,
2683 4236 2778 4289 xui.
2810 4237 3034 4308 ἰσοπαλῆ
3082 4240 3192 4300 τοῖς
3237 4239 3570 4310 πταίσμασιν

2004 4332 2304 4400 ὲπενήνοχα
2336 4330 2432 4398 τὴν
2468 4329 2682 4400 όργήν)⁸
2712 4328 2879 4401 ταύτῃ
2927 4347 3006 4382 τοι
3047 4329 3230 4383 λοιπὸν
3270 4333 3349 4394 εἰς
3395 4332 3568 4386 ἔλαιον

327 4433 392 4483 ad
438 4432 743 4486 facultatem
789 4445 852 4482 ea
909 4431 1220 4498 praestandi,
1272 4446 1366 4496 per
1408 4444 1526 4498 qua:
1575 4429 1684 4482 Deo
1743 4440 1892 4499 grata

2013 4423 2436 4491 μεταστήσομαι,
2468 4421 2561 4473 καὶ
2585 4421 2720 4491 πρὸς
2739 4422 2799 4472 τὸ
2825 4423 3046 4490 ἄμεινον
3071 4423 3406 4494 μετακομιῶ,
3433 4425 3566 4495 πρός

325 4525 550 4575 evadere
591 4530 769 4592 queat,
814 4521 1155 4575 transferam.
1192 4522 1324 4588 Quis
1362 4537 1509 4589 ergo,
1557 4522 1747 4588 inquit,
1781 4537 1892 4574 mo-

325 4613 422 4664 dus
448 4615 550 4664 erit
596 4608 946 4664 Sanationis?
999 4626 1016 4659 ι
1064 4609 1200 4662 Ecce
1235 4625 1332 4677 ego
1379 4611 1578 4663 seduco
1627 4609 1774 4662 illaut
1813 4627 1824 4661 :
1867 4627 1884 4659 ι

324 4714 428 4750 ιιοιι
478 4715 606 4753 sane
658 4701 724 4752 ab
767 4715 831 4753 eo
885 4699 1024 4767 quod
1075 4701 1284 4752 tuendae
1339 4701 1457 4750 title
1526 4699 1888 4753 necessarium

319 4795 404 4840 est
441 4797 602 4854 atque
653 4790 800 4854 utile,
831 4798 889 4842 ut
928 4789 1180 4855 deinceps
1228 4787 1342 4840 tale
1394 4787 1630 4862 1101145
1671 4789 1888 4842 sitzsed

321 4896 349 4931 ιι
397 4879 658 4946 turpibus,
689 4891 741 4933 et
767 4896 961 4935 nocere
1003 4879 1176 4932 solitis
1203 4881 1268 4931 ad
1317 4879 1486 4931 utilia.
1527 4880 1887 4942 Quemadmo-

319 4970 442 5022 dum
482 4969 623 5019 euim
660 4985 688 5020 ιι
729 4971 927 5024 virtute
958 4974 1021 5023 ad
1070 4974 1195 5024 vitia
1234 4970 1508 5026 seducitur
1560 4973 1768 5032 anima;
1813 4970 1884 5022 ita

319 5074 397 5120 ut,
441 5059 696 5122 arbitror,
748 5076 776 5112 ιι
827 5063 1066 5113 moribus
1113 5063 1381 5129 perversis
1428 5063 1572 5113 velut
1614 5068 1883 5128 rctmgre-

316 5157 488 5214 diem,
521 5153 736 5204 seducta
770 5155 1154 5219 propemodum
1216 5155 1378 5206 videri
1423 5162 1602 5221 queat,
1641 5171 1670 5206 e
1723 5167 1884 5220 scopo

312 5262 409 5297 suo
463 5245 691 5306 detorta,
722 5254 776 5296 et
813 5245 1082 5310 proposita
1115 5246 1304 5298 semita
1359 5263 1463 5297 non
1495 5247 1727 5313 amplius
1757 5262 1882 5299 cur-

315 5352 459 5389 rens.
507 5336 574 5386 Et
612 5337 750 5388 sicut
799 5335 914 5401 ejus
945 5335 1044 5388 Via:
1073 5335 1274 5388 utiliter
1327 5338 1460 5404 palis
1510 5340 1881 5406 impedieban-

311 5429 417 5492 tur,
474 5445 540 5481 ne
593 5440 859 5479 amatores
900 5443 1024 5480 suos
1077 5438 1456 5496 assequeretur
1484 5447 1497 5480 :
1528 5431 1597 5483 ita
1646 5441 1700 5484 et
1744 5449 1882 5486 nunc

311 5522 472 5573 veluti
529 5535 622 5587 per
649 5535 882 5586 princeps
913 5521 962 5571 in
1001 5519 1290 5586 perniciem
1350 5533 1398 5575 et
1438 5523 1657 5575 exitium
1697 5539 1882 5577 errare

311 5611 538 5672 videtur,
571 5613 635 5663 ad
686 5626 924 5662 amorem
978 5610 1188 5663 virtutis
1234 5610 1339 5663 Deo
1377 5611 1664 5665 miseeranle
1706 5625 1880 5666 trans-

310 5697 438 5762 lata,
475 5710 524 5749 et
563 5715 681 5751 \‘Ct':t
729 5700 818 5752 Dei
854 5699 1157 5768 cognitione
1185 5701 1235 5752 in
1287 5702 1543 5765 animum,
1576 5713 1628 5754 et
1675 5703 1876 5754 lumine

1995 4529 2053 4566 τε
2075 4513 2134 4565 τὸ
2153 4511 2409 4565 δύνασθαι
2434 4510 2669 4581 πληροῦν
2693 4511 2762 4564 τὰ
2785 4513 2850 4565 δι’
2873 4506 2948 4565 ὧν
2973 4512 3038 4565 ἂν
3059 4514 3265 4581 γένοιτο
3291 4514 3561 4587 θεοφιλής.

1995 4606 2089 4668 Τίς
2116 4606 2179 4675 δὴ
2207 4602 2299 4659 οὖν
2331 4605 2456 4676 ἄρα,
2486 4605 2668 4674 φησιν,
2703 4607 2730 4657 ὁ
2757 4603 2856 4673 τῆς
2883 4605 3121 4667 ἁκέσεως
3151 4605 3300 4658 ἔσται
3334 4607 3561 4677 τρόπος;

1998 4714 2014 4747 ι
2073 4697 2200 4748 Ἰδοὺ
2231 4694 2339 4762 ἐγὼ
2382 4694 2567 4747 πλανῶ
2603 4695 2772 4764 αὑτήν
2795 4709 2807 4721 ·
2843 4714 2862 4746 ι
2899 4695 2998 4748 οὐκ
3036 4696 3141 4748 ἀπό
3171 4713 3232 4764 γε
3275 4697 3366 4750 τοῦ
3401 4699 3564 4766 ἀναγ-

1992 4786 2146 4839 καίου
2183 4790 2276 4840 καὶ
2331 4787 2603 4857 χρησίμου
2643 4789 2777 4857 πρὸς
2809 4787 2953 4857 ζωὴν
2992 4787 3126 4857 πρὸς
3161 4788 3222 4840 τὸ
3273 4789 3346 4858 μὴ
3391 4788 3561 4851 οὕτως

1990 4879 2132 4948 ἕχον,
2163 4878 2279 4931 ἀλλ’
2313 4881 2377 4930 ἐκ
2407 4878 2514 4931 τῶν
2560 4879 2844 4948 αἰσχιόνων
2876 4879 2967 4931 καὶ
2996 4879 3199 4930 ἀδικεῖν
3242 4880 3558 4947 πεφυκότων

1990 4972 2080 5022 ἐπὶ
2105 4971 2165 5022 τὸ
2196 4970 2382 5022 τελοῦν
2411 4971 2490 5032 εἰς
2533 4970 2738 5042 ὄνησιν.
2774 4971 2983 5040 ’Ὠσπερ
3016 4969 3123 5038 γὰρ
3169 4971 3225 5034 ἐξ
3253 4971 3452 5040 ἀρετῆς
3481 4973 3556 5035 είς

1989 5063 2298 5132 φαυλότητα
2318 5061 2582 5114 πλανᾶται
2609 5061 2751 5131 ψυχή
2779 5076 2792 5091 ο
2827 5060 2917 5113 τὸν
2944 5060 3126 5123 αὑτὸν,
3157 5057 3332 5130 οἶμαι,
3361 5065 3557 5133 τρόπον

1987 5159 2051 5210 ἐκ
2080 5159 2187 5210 τῶν
2218 5159 2314 5227 τῆς
2339 5158 2666 5226 φαυλότητος
2689 5158 2905 5227 τρόπων
2932 5157 3119 5212 ἀνόπιν
3163 5157 3310 5212 ὥσπε
3319 5179 3351 5230 ρ
3385 5161 3556 5227 ἰοῦσα,

1990 5252 2269 5320 μονονουχὶ
2293 5249 2667 5318 πεπλανῆσθαι
2698 5247 2897 5312 δόξειεν
2939 5248 3025 5312 ἂν,
3058 5249 3152 5302 τοῦ
3173 5231 3318 5305 ’ἰδίου
3353 5255 3554 5308 exemi}

1986 5341 2456 5410 παρενηνεγμένη,
2499 5341 2591 5392 καὶ
2629 5340 2814 5410 τρίϐον
2842 5340 3023 5393 οὐκέτι
3066 5341 3165 5411 τὴν
3199 5344 3554 5412 προτεθεῖσαν

1983 5432 2288 5485 διάττουσα.
2326 5433 2435 5484 Καὶ
2465 5413 2654 5499 ὥσπερ
2684 5431 2852 5500 αὐτῆς
2900 5433 2956 5483 αἱ
2985 5431 3094 5484 ὁδοὶ
3127 5434 3413 5504 χρησίμως
3443 5439 3553 5498 τοῖς

1984 5521 2235 5589 σκόλοψιν
2278 5521 2690 5591 ἀνεφράττοντο,
2726 5521 2812 5573 ἵνα
2839 5521 2911 5589 μὴ
2940 5520 3216 5592 καταλάϐῃ
3242 5524 3366 5586 τοὺς
3385 5523 3552 5592 αὐτῆς

1983 5612 2213 5680 ἐραστάς
2243 5629 2254 5641 ·
2293 5611 2433 5663 οὕτω
2465 5610 2558 5663 καὶ
2604 5609 2698 5661 νῦν
2749 5610 2909 5661 οἱονεί
2939 5628 3054 5673 πως
3101 5612 3365 5681 τρέχουσα
3412 5614 3550 5663 κατὰ

1983 5703 2218 5772 πρανοῦς
2264 5706 2338 5766 εἰς
2370 5703 2587 5772 ὄλεθρον
2634 5702 2725 5754 καὶ
2761 5702 3054 5767 ἀπώλειαν,
3089 5705 3221 5773 ἐλέῳ
3253 5703 3385 5755 Θεοῦ
3415 5703 3541 5761 7:};-
