4002 6220
347 393 404 453 BI
1257 396 1798 453 COMMEN'I'ARIUJ
1837 397 1904 452 IN
1945 397 2176 453 OSEAM
2219 397 2663 454 PIIOPIIE'I‘AM.
3511 395 3596 449 8‘3.

344 603 440 672 τῆς
466 600 699 672 ἀληθοῦς
730 601 1059 669 θεογνωσίας
1087 604 1166 665 είς
1210 602 1336 656 νοῦν
1388 605 1480 656 καὶ
1507 606 1733 675 καρδίαν
1761 605 1909 675 δεχο⁴

348 692 478 762 μένη
507 691 569 743 τὸ
597 689 734 758 φῶς,
765 692 859 743 καὶ
887 691 985 760 τὴν
1030 692 1281 760 ἀρχαίαν,
1304 693 1379 756 ὡς
1408 694 1560 764 ἔφην,
1591 694 1771 747 οὐκέτι
1804 696 1911 764 τρί-

345 783 435 837 δον
458 783 808 852 εύρίσκουσα.
854 783 1045 835 Ίστέον
1065 782 1142 847 δὲ,
1176 785 1258 836 ὅτι
1291 784 1371 847 τὸ,
1405 804 1422 835 ι
1451 784 1644 838 Πλανῶ
1669 785 1856 856 αὐτὴν,
1887 805 1905 838 ι

344 877 452 935 τοῖς
482 876 690 946 ἑτέροις
724 877 1086 945 ἐρμηνευταϊς
1123 877 1336 946 εἴρηται
1371 877 1470 946 μὲν
1516 876 1709 940 ἄλλως.
1742 878 1908 948 Πλὴν,

345 969 423 1031 εἰς
451 968 548 1021 ἕνα
576 968 668 1020 καὶ
699 966 793 1020 τὸν
820 966 983 1020 αὑτὸν
1019 966 1444 1038 ἀποπεραίνεται
1476 969 1616 1022 νοῦν.
1659 968 1911 1022 Ἐκδεδώ-

347 1073 472 1109 κασι
506 1057 634 1126 γὰρ,
677 1057 727 1108 oi
787 1055 908 1125 μὲν,
933 1074 952 1106 ι
987 1057 1068 1109 ὅτι
1097 1056 1205 1108 ἰδοὺ
1233 1054 1344 1123 ἐγὼ
1364 1056 1623 1128 ἀποφέρω
1644 1059 1812 1129 αὐτὴν
1835 1073 1847 1088 ·
1887 1077 1906 1111 ι

344 1149 390 1201 οί
415 1147 493 1210 δὲ,
531 1165 549 1198 ι
580 1148 661 1199 ὅτι
715 1146 908 1203 ἀπατῶ
954 1146 1124 1218 αὑτήν
1144 1164 1158 1178 ο
1191 1166 1210 1199 ι
1240 1148 1629 1218 έτεροτρόπως,
1648 1149 1724 1212 ὡς
1752 1149 1908 1220 ἔφην,

350 1240 480 1292 αὐτὸ
517 1239 582 1307 δὴ
619 1239 778 1292 τοῦτο
815 1239 1189 1308 σημαίνοντες,
1239 1241 1318 1303 τὺ,
1357 1257 1375 1290 ι
1413 1238 1627 1304 Πλανῶ,
1679 1259 1698 1292 ι
1747 1243 1908 1311 φημὶ,

345 1330 629 1399 χρησίμως
673 1332 982 1399 νοούμενον.
1037 1331 1276 1400 Βάσιμον
1319 1330 1377 1383 δὲ
1425 1327 1608 1394 οὖσαν,
1661 1332 1753 1384 καὶ
1802 1330 1911 1386 οἷον

344 1421 563 1490 ἔνυδρον
614 1422 717 1490 γῆν
768 1425 890 1485 ταῖς
937 1421 1043 1473 τῶν
1097 1421 1386 1490 δαιμονίων
1437 1422 1678 1490 ἀγέλαις,
1728 1422 1912 1489 τάξειν

344 1518 549 1588 ἔρημον
587 1512 1007 1582 ἐπαγγέλλεται,
1033 1510 1321 1574 διδάσκων,
1349 1513 1430 1564 ὅτι
1477 1511 1708 1581 σκληρόν
1736 1529 1794 1564 τε
1819 1513 1910 1565 καὶ

346 1607 544 1675 ἀστιϐῆ
578 1605 673 1658 καὶ
705 1603 934 1674 ἄνυδρον
980 1604 1249 1671 ἀποφανεῖ
1291 1604 1400 1664 τοῖς
1429 1603 1650 1658 ἐκείνοιν
1682 1602 1913 1673 θελήμα.

347 1715 447 1759 σιν,
484 1697 561 1759 ὡς
606 1694 922 1764 ἀναπαύλης
951 1694 1136 1746 οὐδένα
1179 1693 1364 1746 λοιπὸν
1397 1692 1746 1764 εὑρίσκοντας
1785 1695 1912 1766 τρό-

347 1807 464 1853 πον,
496 1785 878 1858 παραιτεῖσθαι
919 1786 1010 1837 καὶ
1041 1784 1361 1854 ἀπφοιτᾷν.

411 1879 568 1933 Οῦτω
622 1878 715 1931 καὶ
763 1878 793 1930 ὁ
835 1877 1036 1947 Κύριος
1085 1873 1239 1945 ἡμῶν
1283 1875 1487 1946 Ἰησοῦς
1532 1877 1762 1946 Χριστὸς
1789 1917 1803 1940 ,

343 1972 556 2038 ἐξελθὸν
604 1969 911 2038 ἀκάθαρτον
961 1965 1173 2036 πνεῦμα
1208 1968 1272 2019 ἐκ
1309 1965 1402 2018 τοῦ
1440 1966 1725 2037 ἀνθρώπου
1769 1968 1912 2039 διέρ-

344 2063 535 2135 χεσθαί
565 2080 697 2132 φησι
728 2061 794 2114 δι’
825 2060 1066 2128 ἀνύδρων
1118 2059 1315 2123 τόπων,
1351 2057 1546 2127 ζητοῦν
1587 2059 1911 2124 ἀνάπαυσιν,

342 2155 436 2208 καὶ
489 2153 566 2224 μὴ
619 2152 911 2222 εὑρίσκειν.
944 2151 1154 2220 Ὥσπερ
1194 2153 1301 2218 γὰρ
1351 2148 1658 2220 ἀνθρώποις
1701 2151 1799 2203 οὐκ
1836 2152 1912 2205 oi-

342 2247 580 2315 κήσιμος
623 2244 652 2295 ὁ
700 2242 924 2312 ἄνυδρος
976 2239 1186 2311 χῶρος’
1248 2238 1391 2292 οὕτω
1440 2241 1530 2293 καὶ
1589 2241 1914 2312 ἀκαθάρτοις

342 2337 620 2406 τωεύμασι
648 2335 858 2404 πονηρά
891 2336 984 2388 καὶ
1013 2337 1393 2409 ἀπηχθημένη,
1442 2341 1535 2392 καὶ
1568 2335 1678 2393 οἷον
1716 2340 1911 2406 ἄϐατός

340 2440 404 2475 τε
457 2422 552 2474 καὶ
576 2422 804 2491 ἄνυδρος
831 2423 900 2492 γῆ
927 2426 1084 2476 νοοῖτ’
1107 2424 1171 2477 ἂν
1195 2427 1416 2490 εἰκότως
1450 2429 1482 2498 ἡ
1517 2427 1766 2500 θεοφιλὴς
1819 2431 1914 2484 καὶ

339 2514 465 2566 ὁσία
493 2512 662 2584 ψυχὴ,
691 2514 784 2566 καὶ
821 2514 890 2567 τὰ
921 2514 1147 2579 ἐκείνοις
1180 2518 1300 2570 καθ’
1331 2510 1544 2589 ἡδονὴν,
1583 2520 1615 2589 ἢ
1675 2523 1908 2590 φρονεῖν,

341 2604 382 2671 ἢ
402 2603 536 2674 δρᾷν
567 2603 666 2656 οὐκ
691 2603 1010 2674 ἀνεχομένη.
1055 2606 1402 2676 Ἐπικουρίας
1447 2605 1538 2661 οὖν
1579 2609 1684 2680 ἄρα
1716 2612 1913 2680 τρόπος

341 2698 376 2765 η
424 2695 612 2748 ἐνθάδε
655 2694 917 2765 λεγομένη
959 2696 1242 2767 πλάνησις,
1285 2700 1379 2751 καὶ
1427 2699 1531 2769 μὴν
1581 2701 1673 2754 καὶ
1722 2701 1785 2754 τὸ
1833 2703 1914 2764 είς

339 2787 562 2857 ἔρημον
597 2785 1026 2840 κατατάττεσθαι
1073 2788 1206 2858 γῆν,
1259 2791 1399 2843 κατά
1447 2806 1509 2858 γε
1549 2792 1673 2854 τοὺς
1714 2793 1912 2863 ἀρτίως

339 2879 473 2949 ἡμῖν
501 2879 622 2947 είρη
634 2875 825 2946 μένους
846 2875 1057 2944 λόγους.

408 2969 522 3023 Καὶ
557 2967 809 3033 λαλήσω
840 2967 936 3021 ἐπὶ
962 2969 1077 3035 τὴν
1099 2969 1350 3037 καρδίαν
1373 2969 1582 3038 αὐτῆς,
1616 2971 1714 3025 καί
1739 2970 1927 3026 δώσω-

336 3056 493 3124 uim}
529 3057 600 3111 τὰ
631 3056 898 3125 κτήματα
926 3056 1115 3123 αὐτῆς
1143 3056 1389 3111 ἐκεῖθεν.

412 3150 541 3202 ΚΓ.
561 3150 648 3201 Ἐν
663 3148 868 3212 τούτοις
887 3149 1015 3217 ἡμῖν
1035 3149 1062 3200 ὁ
1077 3147 1230 3216 λόγος
1249 3150 1347 3220 τὴν
1369 3150 1456 3203 διὰ
1472 3150 1704 3220 Χριστοῦ
1731 3168 1908 3221 σωτη-

340 3243 466 3314 ρίαν
502 3239 950 3309 καθυπισχνείται
999 3239 1291 3310 λαμπρῶς,
1347 3242 1440 3292 καὶ
1495 3240 1603 3293 τῶν
1644 3243 1741 3312 τῆς
1788 3245 1910 3296 ἐπι-

333 3332 540 3404 δημίας
565 3331 930 3402 διαμέμνηται
978 3331 1202 3400 χρόνων,
1235 3330 1357 3383 καθ’
1393 3329 1487 3394 οὓς
1523 3332 1912 3402 πεπληρῶσθαί

335 3441 519 3494 φαμεν
570 3423 650 3487 τὸ,
692 3442 709 3475 ι
751 3422 840 3475 Ἐν
862 3425 983 3486 ταῖς
1033 3422 1267 3494 ἡμέραις
1319 3421 1575 3486 ἐκείναις,
1606 3424 1700 3476 καὶ
1736 3425 1793 3476 ἐν
1835 3423 1913 3494 τῷ

334 3516 517 3586 καιρῷ
543 3515 735 3585 ἐκείνῳ
754 3514 928 3578 διδοὺς
974 3513 1128 3566 δώσω
1172 3513 1368 3583 νόμους
1407 3529 1507 3582 μου
1556 3516 1636 3577 είς
1679 3515 1912 3570 διάνοιαν

337 3609 542 3675 αὐτῶν,
574 3609 666 3660 καὶ
710 3607 804 3659 ἐπὶ
853 3606 1074 3677 καρδίας
1097 3606 1278 3658 αὐτῶν
1322 3605 1584 3675 ἐγγράφω
1623 3607 1838 3671 αὐτούς.
1885 3627 1903 3660 ι

335 3701 494 3755 Οὕτω
531 3701 640 3771 γάρ
688 3699 753 3769 δὴ
802 3698 896 3752 καὶ
947 3700 974 3750 ὁ
1020 3699 1326 3766 σοφώτατος
1375 3699 1605 3764 Παῦλος,
1654 3703 1764 3763 τοῖς
1815 3703 1913 3772 τὴν

333 3791 479 3844 οὕτω
523 3789 780 3860 λαμπρὰν
831 3788 926 3842 καὶ
981 3787 1300 3857 ἀξιόληπτον
1344 3788 1560 3859 ἀληθῶς
1614 3791 1916 3845 καταπλου-

335 3883 534 3950 τήσασι
602 3879 763 3949 χάριν
840 3879 1175 3942 ἐπιστέλλει,
1224 3878 1430 3947 λέγων·
1475 3899 1492 3932 ι
1540 3881 1602 3933 Ἡ
1660 3883 1913 3953 ἐπιστολὴ

338 3972 495 4042 ἡμῶν
530 3972 689 4041 ὑμεῖς
721 3971 844 4022 ἐστε
903 3971 1324 4041 ἐγγεγραμμένη
1382 3971 1438 4024 ἐν
1499 3975 1615 4035 ταῖς
1668 3975 1914 4045 καρδίαις

335 4064 514 4134 ἡμῶν,
545 4063 924 4133 γινωσκομένη
971 4062 1065 4114 καὶ
1109 4063 1589 4135 ἀναγινωσκομένη
1624 4065 1728 4118 ὑπὸ
1779 4066 1915 4119 πάν-

331 4173 444 4208 των
504 4152 849 4224 ἀνθρώπων,
894 4152 1284 4223 φανερούμενοι
1338 4154 1420 4207 ὅτι
1478 4155 1600 4208 ἐστὲ
1661 4157 1914 4228 ἐπιστολὴ

331 4247 598 4317 Χριστοῦ,
633 4245 1008 4315 διακονηθεῖσα
1039 4244 1129 4313 ὑφ’
1165 4245 1342 4314 ήμῶν,
1392 4247 1817 4319 ἐγγεγραμμένη
1852 4251 1914 4302 οὐ

335 4338 554 4407 μέλανι,
582 4336 719 4409 ἀλλὰΔ
745 4335 1016 4405 πνεύματι
1064 4334 1198 4388 Θεοῦ
1227 4335 1446 4400 ζῶντος.
1484 4357 1500 4388 ι
1529 4338 1775 4392 Διδακτοὶ
1807 4339 1914 4410 γὰρ

331 4429 478 4483 Θεοῦ
503 4429 802 4498 γεγόναμεν
825 4429 874 4480 οί
903 4428 1342 4491 πεπιστευκότες.
1375 4429 1484 4481 Καὶ
1509 4429 1639 4496 γοῦν
1667 4432 1694 4482 ὁ
1722 4431 1915 4482 θεσπέ-

242 577 246 582 _
346 512 722 573 νᾶσθαιδοκεῖ,
754 511 1123 582 μεθισταμένη
1166 515 1300 584 πρὸς
1327 514 1512 583 ἔφεσιν
1557 515 1774 586 ἀρετῆς,
1816 516 1910 568 καὶ

2019 517 2065 569 in
2109 532 2202 570 cur
2242 525 2515 584 suscepto,
2547 525 2602 568 et
2635 513 2774 566 viam
2841 512 3145 582 pristinam,
3197 520 3252 564 ut
3289 510 3420 573 dixi,
3476 527 3580 564 nun

2017 607 2244 674 amplius
2302 607 2596 660 iuvcniens.
2639 602 2926 658 Sciendum
2973 618 3155 672 porro,
3189 602 3352 654 illudi
3387 603 3584 655 seduco

2019 697 2184 764 ipsam
2229 715 2246 748 ι
2283 695 2420 750 alios
2473 695 2651 750 aliter.
2692 694 3009 748 reddidisse.
3078 689 3452 744 Verumtamen
3516 690 3582 741 ad

2019 803 2180 841 unum
2236 797 2289 841 et
2341 789 2585 840 eumdem
2637 784 2793 838 ﬁnem
2848 783 3058 837 recidit.
3116 783 3410 836 Edideruut
3438 780 3581 834 enim

2018 880 2230 947 quidam
2255 896 2266 930 :
2300 895 2316 928 ι
2341 877 2474 944 Quia
2499 891 2627 931 ccce
2649 891 2746 944 ego
2770 875 2954 930 aufero
2979 875 3167 944 ipsam.
3204 893 3222 924 ι
3253 874 3378 935 Alii,
3410 891 3428 922 ι
3456 873 3582 940 quia

2019 971 2225 1039 decipio
2276 970 2468 1038 ipsam,
2508 987 2526 1021 ι
2579 968 2698 1024 aliis
2760 969 3021 1032 vocibus,
3054 976 3110 1020 ut
3167 966 3427 1029 dicebam,
3485 965 3584 1018 hoc

2019 1061 2189 1129 ipsum
2226 1061 2626 1130 signiﬁcantes;
2664 1057 2793 1113 illud
2818 1057 3347 1125 «seduco,iiuquarn,
3381 1055 3584 1112 utiliter

2019 1152 2369 1207 intellectum.
2438 1151 2683 1205 Perviam
2755 1159 2964 1215 autem,
3029 1157 3083 1202 ct
3131 1147 3274 1202 velut
3325 1162 3578 1214 aquosam

2019 1252 2216 1295 terram
2248 1241 2548 1294 dzemonum
2594 1239 2827 1292 catervis
2866 1237 3165 1304 positurum
3210 1249 3270 1290 se
3312 1235 3581 1288 desertam

2018 1331 2301 1400 promittit,
2330 1331 2548 1393 docens,
2580 1345 2854 1400 asperam,
2908 1327 3104 1380 inviam
3155 1336 3209 1380 ct
3267 1327 3580 1394 iuaquosam

2020 1424 2227 1477 illormn
2261 1422 2642 1492 cupiditatibus
2695 1423 3070 1483 I'acturum,ut
3129 1417 3328 1486 requiei
3379 1417 3581 1469 nullum

2018 1513 2083 1567 de
2117 1523 2310 1568 cmtero
2356 1513 2567 1566 modum
2617 1511 2978 1582 reperientes,
3029 1526 3144 1564 eam
3187 1518 3578 1577 aspernentur,

2019 1611 2072 1656 et
2106 1602 2413 1656 abscedant.

1853 1877 1912 1930 τὸ
1943 1869 1984 1923 Β
2086 1883 2174 1939 Sic
2203 1885 2363 1938 etiam
2409 1883 2662 1937 Dominus
2695 1893 2876 1938 noster
2902 1881 3319 1939 .lesusChristus
3346 1884 3582 1951 8"egres-

2017 1991 2134 2030 sum
2165 1977 2412 2045 spiritum
2455 1976 2787 2049 immundum
2821 1975 2888 2028 ab
2921 1975 3135 2030 homine
3179 1972 3454 2028 ambulare
3506 1972 3585 2027 ait

2013 2081 2110 2136 per
2140 2067 2254 2120 loca
2303 2065 2580 2135 iuaquosa,
2614 2074 2945 2134 quaerentem
2997 2065 3262 2134 requiem,
3303 2078 3400 2118 nec
3434 2063 3584 2118 inve-

2014 2158 2272 2214 nientem.
2303 2156 2433 2211 Nam
2468 2167 2525 2211 ut
2558 2158 2866 2212 hominibus
2901 2156 3050 2213 locus
3077 2157 3231 2224 aquis
3252 2171 3445 2211 carens
3473 2171 3579 2210 non

2013 2257 2096 2302 est
2131 2248 2460 2313 habitabilis,
2504 2251 2576 2302 ita
2620 2259 2674 2303 et
2703 2249 2990 2303 immundis
3037 2247 3318 2318 spiritibus
3357 2248 3498 2300 mala
3528 2257 3586 2302 et

2014 2338 2258 2400 molesta,
2286 2350 2338 2392 et
2364 2339 2667 2393 velutinvia
2716 2347 2770 2394 et
2822 2340 3078 2406 inaquosa
3108 2349 3251 2392 terra
3291 2353 3393 2390 non
3439 2337 3584 2404 inju-

2013 2431 2090 2484 ria
2121 2431 2450 2497 intelligatur
2500 2430 2590 2484 Dei
2619 2445 2829 2494 amans,
2859 2439 2914 2484 et
2961 2431 3027 2482 ad
3061 2429 3272 2484 illorum
3322 2428 3580 2497 placitum

2014 2523 2146 2576 nihil
2181 2531 2272 2576 aut
2297 2525 2534 2592 cogitare
2585 2533 2676 2577 aut
2715 2523 2890 2576 facere
2927 2521 3202 2575 sustinens
3232 2520 3430 2572 anima.
3469 2517 3582 2572 Mo-

2013 2612 2110 2665 dus
2149 2612 2310 2682 igitur
2337 2614 2520 2666 auxilii
2547 2623 2652 2678 est,
2684 2628 2805 2682 qum
2830 2612 2916 2665 hic
2951 2611 3148 2665 dicitur
3193 2610 3456 2673 seductio,
3487 2618 3570 2661 at-

2015 2718 2119 2772 que
2161 2703 2324 2757 etiam
2378 2704 2430 2757 in
2485 2705 2766 2770 desertam.
2814 2713 3038 2767 terram,
3091 2717 3183 2757 seu
3237 2700 3580 2756 solitudinem

2013 2796 2285 2860 c0uslilui,
2313 2795 2467 2864 juxta
2497 2796 2547 2850 id
2575 2796 2713 2864 quod
2741 2794 2850 2863 jam
2884 2808 2914 2848 a
2949 2795 3102 2849 nobis
3128 2794 3324 2849 dictum
3357 2801 3457 2848 est.

2085 2975 2150 3030 Et
2171 2978 2356 3047 loquar
2373 2977 2442 3031 ad
2469 2992 2558 3030 cor
2584 2976 2720 3045 ejus,
2756 2985 2800 3029 et
2822 2975 2957 3029 dabo
2979 2974 3060 3028 illi
3095 2973 3446 3043 possession“
3467 2970 3596 3036 eius.

2014 3070 2156 3123 inde.

2087 3159 2266 3218 XXIII.
2303 3159 2396 3215 llis
2427 3159 2605 3214 verbis
2631 3158 2775 3214 salus
2806 3173 2901 3227 per
2925 3157 3200 3212 Christum
3233 3155 3385 3209 nobis
3420 3153 3581 3223 liqui—

2015 3253 2083 3307 do
2115 3251 2466 3322 promittitur,
2501 3259 2557 3304 et
2597 3259 2836 3317 tempora
2879 3247 3139 3300 adventus
3183 3243 3579 3314 signiﬁcantur,

2016 3345 2208 3413 quibus
2233 3341 2509 3412 impletum
2540 3341 2767 3396 dicimus
2811 3337 2937 3390 illud
2965 3353 2977 3388 :
3009 3354 3026 3387 ι
3057 3335 3113 3389 In
3141 3335 3328 3390 diebus
3377 3333 3503 3398 illis,
3527 3342 3584 3388 et

2015 3436 2068 3489 in
2102 3443 2341 3503 tempore
2388 3431 2476 3487 illo
2511 3432 2644 3484 dans
2680 3428 2818 3482 dabo
2867 3425 3011 3495 leges
3051 3439 3198 3479 meas
3247 3425 3298 3478 in
3345 3431 3580 3477 mentem

2015 3541 2222 3589 eorum,
2255 3525 2388 3578 etin
2419 3523 2579 3578 corda
2606 3535 2790 3576 eorum
2831 3518 3122 3573 inscribam
3166 3532 3260 3571 eas
3304 3516 3369 3570 ³⁹.
3419 3533 3439 3568 ι
3491 3512 3583 3569 Sic

2014 3616 2159 3671 enim
2214 3613 2644 3683 sapientissimus
2683 3610 2879 3665 Paulus
2927 3609 3060 3664 adeo
3108 3608 3283 3677 ampla
3334 3617 3388 3660 et
3431 3621 3584 3660 acce-

2015 3709 2196 3778 ptione
2223 3709 2378 3777 digna
2407 3705 2576 3774 gratia
2607 3717 2732 3758 vere
2757 3702 3010 3758 divitibus
3045 3701 3265 3756 scribit:
3295 3698 3405 3770 46
3427 3697 3580 3766 (Epi-

2015 3801 2151 3856 stola
2209 3809 2390 3854 nostra
2446 3813 2540 3853 vos
2597 3796 2765 3858 estis,
2817 3793 3017 3862 scripta
3076 3793 3128 3846 in
3176 3792 3433 3845 cordibus
3487 3803 3583 3842 no-

2017 3896 2166 3954 stris,
2195 3906 2312 3961 quae
2340 3889 2508 3944 scitur
2532 3897 2584 3941 et
2629 3888 2824 3956 legitur
2850 3885 2917 3939 ab
2948 3880 3199 3937 omnibus
3233 3879 3538 3934 hominibus
3565 3897 3578 3932 :

2017 3982 2366 4045 manifestati,
2401 3980 2543 4049 quod
2575 3978 2800 4048 epistola
2841 3978 2971 4031 estis
3005 3971 3224 4036 Christi,
3281 3970 3582 4023 ministrata

2017 4090 2046 4128 a
2082 4073 2253 4136 nobis,
2293 4073 2491 4140 scripta
2542 4088 2644 4126 non
2697 4077 3018 4132 atramento,
3081 4071 3173 4124 sed
3234 4069 3424 4139 spiritu
3487 4064 3581 4118 Dei

2016 4163 2121 4219 vivi
2151 4165 2218 4216 ⁸ο.
2262 4183 2280 4214 ι
2319 4165 2362 4216 Α
2395 4165 2502 4216 Deo
2521 4166 2663 4216 enim
2695 4161 2839 4216 docti
2882 4160 3176 4223 evasimus,
3212 4160 3301 4228 qui
3354 4157 3583 4213 credidi-

2017 4267 2157 4306 mus.
2192 4250 2374 4319 Itaque
2407 4256 2626 4304 sanctus
2666 4248 2900 4304 Joannes
2943 4249 3024 4304 sic
3077 4263 3174 4303 nos
3226 4247 3516 4315 alloquitur
3565 4262 3578 4298 :

2023 4363 2040 4395 ι
2081 4343 2143 4396 Et
2166 4357 2260 4396 vos
2291 4341 2597 4396 [iunctionem
2625 4341 2832 4396 habetis
2859 4355 2889 4396 a
2920 4350 3125 4406 sancto,
3144 4350 3202 4396 .et
3231 4353 3336 4394 non
3365 4350 3584 4392 necesse

2022 4433 2233 4488 habetis
2270 4442 2330 4487 ut
2371 4431 2568 4501 aliquis
2595 4432 2785 4488 doceat
2829 4447 2925 4487 vos
2969 4447 2984 4486 :
3027 4431 3119 4485 sed
3166 4431 3306 4487 sicut
3360 4428 3582 4498 spiritus

334 4538 454 4584 σιος
511 4520 765 4589 Ἰωάννης
816 4517 1272 4588 προσπεφώνηκε,
1331 4518 1538 4586 λέγων’
1581 4538 1598 4569 ι
1623 4520 1730 4574 Καὶ
1759 4519 1913 4590 ὑμεῖς

2019 4525 2132 4589 ejus
2163 4523 2320 4578 docet
2353 4538 2448 4578 vos
2477 4523 2543 4578 de
2568 4523 2822 4578 omnibus
2863 4523 2928 4577 “.
2969 4521 3083 4576 ιςΕι
3131 4522 3183 4575 in
3234 4521 3394 4576 corde
3438 4519 3585 4571 intus

332 4613 552 4685 χρίσμα
582 4611 729 4681 ἔχετε
773 4611 884 4664 ἀπὸ
915 4609 1009 4663 τοῦ
1035 4609 1189 4676 ἁγίου
1213 4626 1226 4639 ν
1301 4611 1397 4662 καὶ
1435 4611 1496 4662 ού
1531 4611 1717 4681 χρείαν
1742 4610 1914 4681 ἔχετε,

335 4706 427 4757 ἵνα
458 4721 540 4767 τις
571 4704 796 4774 διδάσκῃ
827 4704 1005 4772 ὑμᾶς·
1039 4701 1173 4754 ἀλλά
1209 4700 1390 4763 καθὼς
1427 4702 1486 4755 τὸ
1513 4701 1675 4755 αὐτοῦ
1702 4701 1919 4772 πνεῦμα

333 4797 584 4850 διδάσκει
626 4795 766 4864 ὑμᾶς
795 4794 924 4864 περὶ
951 4793 1184 4847 πάντων.
1225 4811 1244 4845 ι
1277 4793 1386 4846 Καὶ
1434 4795 1513 4856 είς
1556 4793 1779 4859 καρδίαν
1811 4793 1920 4847 ἔσω

331 4889 527 4943 λοιπον
548 4889 760 4956 ἔχοντες
796 4886 957 4940 αὐτὸν
987 4884 1298 4939 ἐνοικοῦντα
1327 4884 1578 4956 Χριστὸν,
1608 4884 1714 4936 τῶν
1748 4886 1918 4952 ἀναγ-

332 4978 517 5032 καίων
563 4975 878 5046 εἰσηγητὴν,
923 4976 1142 5046 ἀπάσης
1186 4975 1348 5037 εὐθὺς
1405 4973 1604 5044 ἀρετῆς
1656 4973 1794 5026 ἰδέαν
1821 4992 1918 5026 πε-

333 5070 746 5139 πλουτηκαμεν,
775 5069 870 5120 καὶ
898 5069 992 5138 τὴν
1024 5067 1132 5120 τῶν
1157 5064 1539 5135 πνευματικῶν
1565 5064 1918 5133 χαρισμάτων

329 5159 636 5230 ἀμφιλαφῆ
661 5175 720 5210 τε
759 5159 855 5212 καὶ
899 5158 1268 5228 ἀναπόϐλητον
1311 5155 1520 5225 κτῆσιν.
1555 5155 1662 5207 Καὶ
1693 5154 1756 5224 δὴ
1782 5155 1918 5226 πρὸς

328 5251 504 5306 τοῦτο
537 5251 685 5320 ἡμᾶς
708 5249 933 5320 ἐμπεδοῖ
961 5249 1186 5322 γράφων
1208 5247 1421 5310 Παῦλος
1443 5263 1455 5274 °
1488 5267 1505 5297 ι
1520 5246 1641 5299 ’Ότι
1665 5245 1699 5299 ἀ
1719 5245 1917 5314 ὀφθαλ-

332 5345 442 5414 pb;
473 5342 577 5394 οὐκ
615 5335 744 5403 εἶδε,
773 5341 866 5394 καὶ
893 5335 983 5403 οὖς
1011 5340 1110 5393 οὐκ
1150 5340 1379 5410 ἤκουσε,
1401 5336 1542 5410 [καὶ]
1564 5338 1653 5390 ἐπὶ⁸
1696 5338 1920 5409 καρδίαν

328 5432 636 5503 ἀνθρώπων
665 5433 762 5486 οὐκ
791 5432 978 5503 ἀνέϐη,
1018 5437 1054 5490 ἃ
1077 5433 1374 5503 ἡτοίμασεν
1400 5434 1429 5485 ὁ
1466 5432 1596 5494 Θεὸς
1643 5434 1754 5495 τοῖς
1791 5434 1924 5500 ἀγα.-

331 5523 526 5576 πῶσιν
576 5523 759 5577 αὐτόν.
794 5542 813 5574 ι
857 5524 1283 5592 Ἐπαγγέλλεται
1324 5524 1502 5577 τοίνυν
1545 5522 1794 5592 λαλήσειν
1846 5523 1925 5584 είς

328 5615 440 5687 τὴν
464 5614 699 5685 καρδίαν
729 5615 896 5685 αὐτῆς
921 5631 937 5646 ο
971 5616 1296 5687 κεκλήσεται
1323 5615 1427 5686 γὰρ
1447 5616 1525 5678 είς
1571 5615 1865 5683 ἐπίγνωσιν
1891 5617 1924 5685 ἡ

415 5788 463 5823 δ’
508 5787 700 5846 Matth.
736 5807 833 5860 ιιι,
859 5793 946 5859 45,
977 5794 1062 5849 ιι.
1142 5795 1184 5826 ³³
1207 5791 1404 5850 Jerem.
1436 5809 1582 5861 uxr,
1613 5793 1697 5852 53.
1778 5797 1820 5827 ⁸ο
1848 5794 1888 5850 Il

2019 5813 2048 5849 '.
2085 5810 2169 5862 ut,
2203 5794 2256 5858 9.,
2293 5796 2344 5848 5.

2019 4615 2086 4669 de
2134 4624 2330 4670 cartero
2376 4613 2649 4668 Christum
2701 4613 3028 4667 habitantem
3085 4612 3442 4674 continentes,
3494 4625 3585 4664 ne-

2019 4707 2378 4760 cessariorum
2435 4707 2780 4769 monitorem,
2840 4705 3082 4774 protinus
3131 4704 3343 4757 virtutis
3387 4701 3582 4765 forma,

2020 4797 2484 4867 Spiritualiumqne
2507 4796 2892 4852 charismatum
2923 4798 3072 4852 uberi
3095 4805 3148 4850 et
3183 4796 3582 4862 iudepraadabili

2021 4891 2358 4958 possessione
2388 4890 2537 4944 dilati
2570 4903 2778 4943 sumus.
2822 4889 2996 4957 Atque
3025 4890 3187 4943 etiam
3229 4889 3295 4942 ad
3331 4889 3432 4942 hoc
3491 4904 3587 4940 nos

2025 4982 2310 5035 conﬁrmat
2337 4979 2557 5044 Paulus,
2584 4977 2825 5034 scribens
2861 4997 2874 5033 :
2915 4997 2932 5031 ι
2972 4979 3107 5046 Quia
3135 4979 3322 5034 oculus
3352 4994 3456 5032 non
3511 4979 3589 5031 vi-

2025 5071 2124 5134 dit,
2149 5078 2205 5122 et
2228 5069 2374 5124 auris
2412 5084 2515 5122 non
2554 5067 2778 5134 audivit,
2823 5076 2876 5122 et
2923 5068 2975 5122 in
3040 5083 3133 5122 cor
3189 5067 3420 5122 hominis
3481 5081 3587 5119 nou

2024 5160 2286 5224 ascendit,
2314 5175 2433 5228 qua:
2468 5160 2787 5229 praeparavit
2821 5161 2960 5216 Deus
2990 5160 3332 5232 diligentibus
3369 5175 3427 5212 se
3453 5159 3516 5212 δ’.
3563 5178 3581 5209 ι

2024 5249 2311 5304 Pollicetur
2339 5250 2520 5318 itaque
2548 5265 2606 5304 se
2633 5251 2932 5305 locuturum
2966 5250 3029 5304 ad
3072 5267 3166 5306 cor
3199 5251 3333 5319 ejus.
3359 5248 3588 5301 Vocabi-

2024 5352 2110 5395 tur
2141 5341 2283 5394 enim
2307 5341 2372 5396 ad
2404 5341 2730 5409 agnitionem
2755 5339 3065 5397 Iudaeorum
3103 5342 3404 5411 Synagoga,
3451 5336 3587 5390 divi-

2023 5449 2122 5487 nas
2152 5432 2293 5501 leges
2317 5441 2495 5487 mente
2527 5431 2826 5501 complexa,
2874 5430 3161 5499 inscriptas
3203 5445 3294 5496 per
3328 5425 3585 5492 Spiritum

2023 5536 2291 5589 sanctum,
2326 5525 2546 5594 perinde
2585 5535 2642 5579 ut
2681 5539 2747 5580 ex
2776 5525 3026 5594 gentibus
3078 5517 3312 5575 Ecclesia
3360 5528 3590 5583 congre-

2024 5629 2172 5686 gata.
2207 5617 2378 5672 Erunt
2408 5625 2586 5670 autem
2623 5614 2994 5684 possessiones
3017 5611 3130 5680 ejus
3155 5608 3298 5670 inde,
3323 5619 3415 5676 pro
3435 5603 3591 5673 hinc,

2424 5795 2460 5825 "‘
2487 5793 2636 5846 Joau.
2675 5807 2735 5855 ιι,
2763 5776 2858 5842 ἲἹ.
2939 5787 2984 5816 δ’
3019 5784 3186 5839 ICor.
3229 5795 3291 5848 ιι,
3318 5783 3370 5837 9.
