4012 6214
350 412 418 466 δε,
1331 413 1388 462 s.
1430 408 1702 463 cmeLt
1743 404 2209 461 ALEXANDHINI
2252 406 2567 462 AltClIIEP.
3514 416 3586 471 δι

349 542 445 581 seu
473 542 536 582 ex
565 530 662 579 hoc
688 533 946 594 tempore,
980 524 1092 578 sive
1120 539 1183 576 es
1219 525 1318 576 hac
1367 537 1443 576 re.
1482 521 1557 574 Ex
1615 535 1721 588 quo
1769 521 1911 575 enim

2017 522 2122 574 τῶν
2163 522 2426 575 Ἰουδαίων
2463 524 2930 596 Συναγωγὴ,τοὺς
2971 525 3147 590 θείους
3195 529 3274 590 είς
3312 527 3436 580 νοῦν
3486 532 3586 581 λα-

349 618 560 670 locntns
591 624 673 668 est
703 614 842 668 Deus
873 614 922 666 in
951 616 1123 678 nobis,
1156 622 1209 668 et
1239 628 1332 682 per
1378 611 1636 680 Spiritum
1680 611 1913 666 insonuit

349 723 683 777 quaecunque
715 709 780 761 ad
807 709 994 772 vitam,
1028 716 1079 761 et
1104 705 1466 773 cognitionem
1499 703 1588 756 Dei
1618 704 1668 756 in
1700 702 1913 756 Christo

347 799 675 856 intellectam
697 799 1062 866 requiruntur,
1096 809 1189 865 per
1209 811 1389 862 quem,
1421 804 1473 849 et
1504 795 1554 847 in
1573 809 1677 862 quo
1699 793 1912 846 Patrem

349 888 606 954 vidimus,
636 903 730 956 spe
761 886 1223 941 immarcescihilis
1249 885 1432 953 gloriae
1457 885 1522 949 ”,
1553 884 1910 954 gloriationis,

347 981 556 1050 gratiae,
581 980 900 1049 adoptionis,
942 977 1218 1033 societatis
1249 976 1503 1044 regnandi
1533 991 1651 1029 cum
1697 974 1912 1029 Christo

347 1075 463 1140 ipso
494 1071 710 1126 divitias
740 1069 1015 1125 consecuti
1048 1083 1255 1122 smnus.
1309 1066 1398 1120 llze
1431 1075 1556 1120 sunt
1603 1076 1910 1119 sanctorum

347 1164 731 1231 possessiones,
751 1161 832 1215 ha:
858 1160 1104 1215 cmlestes
1125 1173 1269 1228 opes.
1302 1157 1442 1212 Nihil
1471 1156 1611 1212 enim
1639 1164 1910 1211 terrenum

343 1269 533 1323 sapere
563 1263 789 1324 queunt,
836 1252 1175 1321 Oderuntque
1229 1251 1484 1304 mundum
1523 1259 1577 1302 et
1614 1262 1734 1317 qua:
1764 1249 1814 1302 in
1848 1261 1911 1302 eo

343 1355 489 1401 sunt.

2011 612 2180 666 ϐοῦσα
2205 613 2422 682 νόμους,
2452 615 2961 685 ἐγκεχαραγμένους
3005 617 3092 670 διὰ
3124 617 3217 670 τοῦ
3243 618 3578 688 Πνεῦματος,

2009 703 2152 757 καθὰ
2184 702 2277 756 καὶ⁸
2321 705 2354 774 ὴ
2394 704 2451 769 ἐξ
2503 703 2670 757 ἐθνῶν
2710 705 3028 776 Ἐκκλησία·
3062 706 3210 760 ἔσται
3250 707 3306 760 δὲ
3348 708 3419 761 τά
3454 710 3585 780 κτη-

2013 809 2158 863 ματα
2186 792 2350 862 αὐτῆς
2376 792 2602 857 ἐκεῖθεν,
2631 794 2751 846 ἀντὶ
2791 795 2884 848 τοῦ
2925 797 3194 860 ἐντεῦθεν,
3229 798 3398 867 ἦγουν
3426 797 3579 852 τοῦδε

2008 885 2102 938 τοῦ
2130 886 2474 956 πράγματος.
2523 885 2655 938 Ἀπὸ
2683 887 2791 958 γάρ
2830 904 2912 939 τοι
2951 888 3045 940 τοῦ
3086 887 3316 958 λαλῆσαι
3362 888 3492 942 Θεὸν
3525 891 3582 941 ὲν

2010 977 2162 1046 ἡμῖν,
2215 974 2477 1045 ὲνηχῆσαί
2521 991 2579 1026 τε
2624 976 2718 1027 καὶ
2769 975 2861 1028 τοῦ
2901 974 3208 1046 πνεύματος
3259 978 3326 1030 τά
3374 979 3583 1048 ὅσαπέρ

2009 1067 2156 1117 ἐστιν
2194 1066 2465 1132 ἀναγκαῖα
2503 1065 2639 1135 πρὸς
2683 1065 2830 1136 ζωὴν
2887 1067 2979 1120 καὶ
3024 1067 3349 1135 θεογνωσίαν
3390 1068 3485 1138 τὴν
3524 1071 3582 1120 ὲν

2008 1157 2229 1228 Χριστῷ
2279 1157 2594 1226 νοουμένην,
2637 1156 2704 1210 δι’
2753 1152 2815 1211 οῦ
2880 1160 2973 1211 καὶ
3025 1162 3082 1212 ὲν
3130 1153 3175 1227 ᾧ
3225 1160 3316 1213 τὸν
3361 1160 3582 1229 Πατέρα

2007 1246 2334 1316 τεθεάμεθα,
2359 1247 2837 1319 πεπλουτήκαμεν,
2864 1249 2939 1312 ὡς
2968 1249 3124 1320 ἔφην,
3145 1250 3246 1319 τὴν
3272 1251 3585 1320 ἀμάραντον

2007 1337 2216 1401 ἐλπίδα,
2253 1337 2354 1408 τὴν
2403 1329 2578 1404 δόξαν,
2604 1339 2671 1392 τά
2707 1341 2998 1409 αὐχήματα
3035 1341 3135 1408 τῆς
3171 1339 3456 1402 υἱοθεσίας,
3483 1341 3582 1410 τὴν

341 1438 522 1507 χάριν,
560 1435 653 1489 καὶ
696 1434 757 1488 τὸ
798 1433 945 1503 αὐτῷ
1019 1433 1445 1504 συμϐασιλεῦσαι
1491 1431 1727 1503 Χριστῷ.
1772 1423 1936 1484 Αὗται
2000 1429 2106 1481 τῶν
2147 1430 2316 1497 ἁγίων
2369 1431 2425 1483 αἱ
2472 1432 2710 1501 κτήσεις,
2753 1425 2906 1496 οὗτος
2962 1431 2990 1484 ὁ
3028 1433 3272 1503 οὐράνιος
3315 1431 3578 1494 πλοῦτος.

342 1535 559 1602 Φρονεῖν
593 1531 691 1600 μὲν
715 1529 822 1600 γὰρ
849 1529 1127 1598 ἀνέχονται
1157 1529 1262 1582 τῶν
1301 1529 1558 1596 ἐπιγείων
1589 1525 1740 1580 οὐδέν
1760 1544 1772 1555 ·
1809 1543 1872 1596 με
1883 1527 2141 1596 μισήκασι
2170 1525 2226 1578 δὲ
2255 1526 2346 1579 τὸν
2369 1527 2570 1596 κόσμον
2603 1528 2696 1580 καὶ
2726 1528 2794 1580 τά
2823 1529 2880 1581 ὲν
2906 1528 3071 1599 αὐτῷ.

414 1622 576 1678 Vens.
610 1625 694 1679 15.
737 1624 799 1678 Et
827 1625 1008 1679 vallem
1047 1625 1241 1688 Achar,
1275 1627 1344 1677 ad
1381 1624 1712 1676 aueriendam
1753 1621 1906 1676 intel-

343 1715 610 1785 ligentiam
637 1715 772 1784 ejus.

2081 1620 2193 1673 Kal
2236 1619 2353 1687 τὴν
2406 1620 2658 1674 κοιλάδα
2719 1621 2914 1692 Ἄχὼρ,
2985 1623 3275 1689 διανοῖξαι
3328 1625 3586 1679 σύνεσιν

2013 1711 2220 1780 αὐτῆς.

416 1803 610 1860 XXIV.
639 1805 1010 1874 Repetendnm
1050 1815 1133 1859 est
1173 1820 1233 1860 ex
1268 1805 1632 1874 superioribus
1665 1803 1909 1868 verbum,

2083 1801 2208 1857 KA’.
2235 1803 2460 1874 Ἕψεται
2495 1804 2656 1858 πάλιν
2683 1804 2762 1876 τῷ
2790 1805 2934 1876 λόγῳ
2957 1805 3038 1870 ab,
3066 1824 3082 1857 ι
3109 1805 3291 1860 Δώσω.
3326 1825 3345 1857 ι
3371 1823 3390 1857 ι
3415 1805 3580 1862 Δώσω

349 1913 368 1945 ι
400 1894 569 1951 Dabo.
600 1915 618 1947 ι
663 1895 1006 1966 inquitenim
1041 1916 1052 1950 :
1121 1914 1138 1946 ι
1173 1896 1316 1950 Dabo
1367 1895 1736 1964 possessiones
1792 1891 1906 1958 ejus

344 1987 522 2044 inde:
595 1987 734 2042 dabo
825 1987 1076 2042 similiter
1138 1987 1331 2041 vallem
1419 1985 1619 2049 Acbor,
1700 1983 1911 2052 aperire

344 2079 752 2148 intelligentiam
778 2078 913 2147 ejus.
951 2098 968 2130 ι
1022 2078 1088 2132 Et
1129 2079 1268 2147 quod
1313 2076 1620 2146 signiﬁcare
1667 2076 1800 2140 vult,
1856 2073 1910 2128 id

344 2169 648 2238 hujusmodi
682 2180 783 2226 est.
808 2171 914 2225 Nos
945 2171 1034 2240 qui
1065 2169 1414 2234 credidimus,
1453 2182 1634 2223 rerum
1679 2165 1914 2236 agenda-

345 2279 466 2318 rum
513 2264 676 2318 veluti
716 2262 940 2317 formam
983 2271 1036 2317 et
1086 2261 1361 2330 exemplar
1408 2260 1564 2315 nobis
1613 2271 1913 2329 proponere

345 2357 622 2410 studentes
640 2371 699 2410 ea
719 2370 836 2424 quae
861 2353 1136 2409 veteribus
1155 2355 1519 2420 contigerunt,
1543 2359 1602 2404 ut
1624 2350 1911 2406 exitiosum

345 2448 598 2518 quiddam
636 2461 953 2500 aversantur
985 2447 1150 2501 Deum
1189 2442 1460 2497 oli'endere
1504 2461 1516 2496 :
1553 2442 1680 2510 quin
1734 2441 1914 2511 potius

343 2540 657 2608 qumrimus,
694 2546 748 2592 et
777 2537 988 2592 solliciti
1022 2551 1224 2599 sumus,
1258 2550 1365 2604 quo
1395 2545 1553 2605 pacto
1597 2535 1671 2589 illi
1719 2534 1912 2604 placita

345 2630 628 2685 faciamus.
661 2628 1100 2700 Sapientissimus
1136 2628 1276 2682 enim
1307 2627 1503 2681 Paulus
1529 2629 1578 2681 in
1612 2627 1728 2681 hrec
1749 2626 1912 2680 verba

347 2739 446 2776 nos
475 2726 721 2777 hortatur
754 2741 767 2776 :
805 2741 822 2774 ι
863 2721 984 2776 Haec
1012 2731 1191 2775 autem
1222 2720 1273 2774 in
1313 2719 1479 2790 ﬁgura
1531 2719 1918 2786 contingebant

346 2813 454 2883 47
481 2813 620 2878 illis;
654 2813 853 2882 scripta
894 2821 1021 2866 sum
1058 2821 1236 2864 autem
1278 2811 1342 2864 ad
1377 2809 1770 2876 correptionem
1819 2822 1914 2861 no-

348 2914 536 2966 stram,
585 2904 637 2957 in
665 2918 800 2970 quos
837 2903 970 2956 ﬁnes
1009 2902 1331 2956 saeculorum
1391 2901 1725 2953 devenerunt
1770 2897 1833 2949 “.
1890 2916 1908 2948 >

350 2993 506 3048 Ratio
538 2995 700 3063 igitur
733 2995 1051 3064 pmdagogite
1088 3008 1180 3048 seu
1230 2990 1584 3046 institutionis
1625 2991 1692 3044 ad
1745 2989 1914 3042 virtu-

349 3098 456 3140 tem
486 3097 587 3152 est,
623 3095 698 3151 ut,
733 3103 851 3155 qua:
882 3086 1148 3141 veteribus
1178 3093 1493 3149 evenerunt,
1520 3082 1675 3136 nobis
1695 3080 1913 3135 omnino

2013 1895 2141 1968 γάρ,
2197 1897 2350 1966 φησι,
2393 1897 2460 1951 τὰ
2502 1899 2760 1968 κτήματα
2809 1899 2981 1970 αὐτῆς
3027 1899 3254 1955 ἐκεῖθεν.
3305 1899 3469 1953 Δώσω
3523 1899 3584 1954 δὲ

2010 1989 2210 2058 ὁμοίως
2235 1988 2332 2061 τὴν
2353 1989 2574 2044 κοιλάδα
2606 1988 2805 2061 Ἀχὼρ,
2829 1988 3082 2054 διανοῖξαι
3109 1990 3321 2045 σύνεσιν
3346 1989 3534 2060 αὐτῆς.
3558 2009 3578 2043 ι

2011 2080 2122 2160 Καὶ
2154 2081 2182 2133 δ
2216 2079 2461 2150 βούλεται
2499 2081 2706 2152 δηλοῦν,
2733 2081 2847 2134 ἔστι
2876 2081 3138 2136 τοιοῦτον·
3173 2083 3361 2152 Ἡμεῖς
3398 2084 3448 2136 οἱ
3483 2099 3584 2135 πε-

2011 2171 2384 2236 πιστευκότες,
2411 2173 2764 2226 ὑποτύπωσίν
2791 2190 2914 2226 τινα
2940 2174 3048 2226 τῶν
3071 2174 3360 2244 πρακτέων
3384 2173 3452 2227 τὰ
3472 2175 3586 2237 τοῖς

2012 2263 2260 2335 ἀρχαίοις
2287 2263 2668 2334 συμϐεϐηκότα
2703 2265 2968 2316 ποιεῖσθαι
3013 2263 3418 2329 σπουδάζοντες,
3447 2281 3586 2335 παρ-

2011 2353 2311 2425 αιτούμεθα
2349 2356 2446 2424 μὲν
2484 2355 2558 2417 ὠς
2594 2354 2812 2425 ὀλέθρου
2846 2355 3106 2424 πρόξενον
3135 2353 3195 2406 τὸ
3230 2353 3585 2424 προσκρούειν

2013 2444 2131 2515 Θεῷ
2148 2462 2161 2475 ο
2185 2443 2461 2520 ζητοῦμεν.
2489 2445 2544 2497 δὲ
2570 2444 2785 2515 μᾶλλον,
2808 2445 2902 2498 καὶ
2929 2443 3016 2498 διὰ
3050 2442 3324 2516 φροντίδος
3361 2445 3586 2514 πεποιή-

2017 2534 2156 2606 μεθα
2185 2535 2246 2588 τὸ
2286 2535 2672 2608 ἀποπεραίνειν
2714 2535 2774 2589 τὸ
2819 2536 3044 2589 ἁνδάνον
3084 2535 3253 2605 αὐτῷ.
3284 2535 3585 2606 Προτρέπει

2013 2627 2122 2698 γὰρ
2157 2628 2303 2698 ἡμᾶς
2348 2628 2428 2690 εἰς
2468 2625 2626 2680 τοῦτο
2653 2625 2746 2680 καὶ
2785 2627 2813 2678 ό
2853 2626 3158 2694 σοφώτατος
3190 2626 3420 2690 Παῦλος,
3444 2625 3588 2680 οὕτω

2014 2717 2224 2784 λέγων’
2267 2737 2286 2768 ι
2338 2717 2520 2770 Ταῦτα
2575 2717 2631 2769 δὲ
2677 2717 2921 2780 τυπικῶς
2975 2717 3286 2770 συνέϐαινεν
3335 2717 3583 2778 ἐκείνοις·

2014 2808 2229 2877 ἐγράφη
2255 2807 2310 2860 δὲ
2337 2808 2474 2878 πρὸς
2503 2807 2784 2861 νουθεσίαν
2812 2809 2989 2878 ἡμῶν,
3013 2810 3093 2871 είς
3115 2809 3207 2873 οὒς
3234 2810 3301 2862 τὰ
3326 2809 3450 2879 τέλη
3474 2808 3589 2862 τῶν

2014 2893 2224 2948 αἰώνων
2253 2897 2605 2966 κατήντησεν.
2640 2916 2658 2948 ›
2699 2899 2909 2967 Τρόπος
2951 2895 3042 2952 οὗν
3074 2901 3180 2970 ἄρα
3214 2900 3588 2968 παιδαγωγίας

2015 2986 2094 3048 είς
2127 2985 2346 3056 ἀρετὴν,
2380 2986 2440 3038 τὸ
2470 2985 2578 3038 δεῖν
2611 2987 2816 3040 οἴεσθαι
2863 2987 3100 3059 καθορᾷν
3130 2989 3198 3042 τὰ
3224 2991 3335 3052 τοῖς
3367 2991 3582 3059 ἀρχαιο-

2015 3075 2193 3146 τέροις
2227 3077 2756 3146 συμϐεϐηκότα.”οτι
2783 3079 2958 3132 τοίνυν
2991 3081 3039 3131 οἱ
3071 3079 3336 3146 ἀπειθεῖς,
3370 3081 3462 3133 καὶ
3499 3081 3587 3146 ἐξ·

350 3181 685 3250 inspicienda
740 3190 795 3235 et
835 3179 1222 3234 consideranda
1269 3186 1536 3246 putemus.
1572 3173 1725 3240 Quod
1757 3172 1913 3242 igitur

2019 3167 2180 3230 ἡνιοι,
2215 3168 2308 3219 καὶ
2339 3167 2448 3219 τῶν
2481 3166 2639 3220 θείων
2672 3171 3098 3240 καταφρονηταὶ,
3133 3170 3280 3240 δεινῇ
3323 3171 3416 3223 καὶ
3444 3171 3588 3239 ἀφύ-

349 3273 611 3326 increduli
667 3281 720 3327 et
777 3271 1002 3326 rebelles
1061 3269 1473 3336 divinorumque
1540 3264 1912 3319 mandatorum

353 3371 752 3432 contemptores
791 3362 844 3414 in
887 3373 1075 3429 pcenas
1127 3357 1414 3414 horribiles
1459 3363 1514 3409 et
1553 3351 1913 3416 inevitabiles,

352 3450 888 3519 Cbristojudicante,
941 3449 1200 3514 incident,
1247 3445 1558 3516 planissime
1606 3441 1913 3503 ostendere,

349 3552 603 3611 tanquam
621 3543 672 3596 in
692 3543 923 3610 imagine
941 3551 1209 3610 poterunt,
1234 3555 1350 3610 qua:
1375 3539 1639 3607 quondam
1667 3537 1716 3590 in
1735 3536 1916 3589 Achar

348 3642 500 3702 gesta
514 3642 638 3685 sunt
655 3630 720 3690 “,
741 3631 1146 3699 quicontempto
1158 3634 1422 3695 praecepto
1433 3624 1632 3685 divino,
1650 3632 1703 3676 et
1721 3622 1786 3674 de
1803 3621 1918 3674 the-

350 3736 511 3776 sauro
529 3719 845 3788 pretiosiora
867 3717 1093 3778 furatus,
1123 3731 1149 3768 a
1176 3711 1302 3766 Jesu
1339 3711 1481 3764 Nave
1499 3708 1698 3764 Christi
1733 3716 1916 3776 typum

348 3821 590 3881 gerente,
603 3825 724 3864 cum
745 3818 851 3862 tota
867 3808 1024 3861 domo
1043 3821 1134 3860 sua
1155 3810 1399 3857 extremo
1415 3799 1675 3868 supplicio
1688 3807 1770 3850 est
1788 3795 1918 3849 mul-

349 3913 513 3956 tatus.
563 3901 723 3956 Duxit
772 3900 916 3953 enim
952 3908 1069 3966 post
1114 3895 1350 3964 Moysem
1394 3889 1664 3962 populum,
1697 3897 1751 3942 et
1777 3886 1916 3940 ﬁlios

346 3993 510 4048 Israel
530 4007 622 4060 per
637 3989 923 4045 Iordanem
941 3986 1198 4052 traduxit,
1213 3985 1463 4053 idemque
1479 3993 1672 4036 terram
1689 3978 1918 4048 promis-

347 4085 518 4141 sionis
533 4082 720 4137 iisdem
739 4079 1011 4134 distribuit
1030 4079 1094 4131 ⁸⁸.
1111 4076 1201 4130 Sic
1215 4085 1392 4130 autem
1410 4074 1475 4128 de
1486 4073 1662 4128 Achar
1679 4084 1916 4126 comme-

345 4185 556 4233 morata
571 4188 628 4229 se
647 4173 866 4228 habent.
880 4171 1048 4225 Simul
1070 4170 1210 4224 enim
1226 4167 1352 4221 furti
1369 4175 1697 4234 compertus,
1717 4171 1771 4218 et
1787 4176 1913 4232 pec-

348 4282 529 4326 catum
559 4267 835 4322 confessus
857 4274 958 4329 est,
985 4285 1002 4316 ι
1024 4274 1079 4318 et
1100 4264 1331 4332 accepit,
1350 4260 1544 4328 inquit,
1564 4255 1720 4310 Iesus
1737 4254 1915 4309 Achar

349 4363 517 4414 tilium
569 4359 738 4423 Zarat,
761 4367 814 4412 et
852 4356 1072 4409 abduxit
1111 4370 1231 4407 eum
1277 4352 1342 4404 ad
1387 4349 1583 4404 vallem
1626 4348 1824 4408 Achor,
1853 4345 1915 4398 li-

347 4455 448 4505 Iios
477 4451 612 4520 ejus,
649 4458 703 4503 et
742 4447 879 4501 ﬁlias
905 4448 1042 4514 ejus,
1075 4456 1127 4499 et
1159 4443 1356 4498 vitulos
1382 4443 1514 4512 ejus,
1541 4449 1594 4496 et
1616 4439 1911 4510 subjugalia

2015 3273 2128 3326 κτῳ
2179 3257 2598 3329 περιπεσοῦνται
2650 3258 2804 3328 δίκῃ,
2849 3260 3125 3330 κρίνοντος
3170 3261 3264 3313 τοῦ
3310 3260 3546 3332 Χριστοῦ
3573 3301 3587 3323 ,

2017 3351 2390 3421 παραδείξειεν
2425 3351 2512 3415 ἂν,
2539 3351 2634 3404 καὶ
2670 3353 2814 3422 μάλα
2845 3353 3061 3424 ῥᾳδίως,
3090 3353 3161 3416 ὡς
3192 3353 3248 3406 ἕν
3268 3370 3329 3422 γε
3360 3357 3470 3417 τοῖς
3495 3354 3590 3406 τύ-

2017 3459 2158 3505 ποις,
2190 3443 2258 3495 ea
2303 3444 2395 3495 ἐπὶ
2435 3443 2512 3514 τῷ
2548 3443 2719 3515 Ἀχαρ
2755 3445 3119 3516 πεπραγμένα
3165 3446 3305 3500 κατὰ
3342 3447 3587 3518 καιρούς.

2023 3535 2118 3597 Ὃς
2139 3534 2238 3603 τῆς
2261 3534 2408 3597 θείας
2436 3534 2704 3606 ἀλογήσας
2724 3535 2959 3605 ἐντολῆς,
2989 3537 3081 3590 καὶ
3109 3537 3388 3606 κεκλοφὼς
3413 3539 3474 3590 ὲκ
3495 3536 3589 3589 τοῦ

2017 3628 2386 3698 ἀναθήματος,
2422 3627 2790 3698 τετιμώρηται
2843 3629 3080 3695 πανοικὶ,
3107 3629 3298 3699 ποινὴν
3347 3629 3589 3698 ὲπαρτή-
3640 3686 3648 3692 _

2021 3735 2211 3780 σαντος
2239 3718 2336 3787 τὴν
2368 3719 2602 3789 ἐσχάτην
2630 3719 2778 3789 αὐτῷ
2813 3719 2986 3790 Ἰησοῦ
3012 3721 3104 3772 τοῦ
3136 3720 3313 3790 Ναυῆ,
3346 3721 3447 3790 τὴν
3493 3719 3588 3772 τοῦ

2016 3807 2250 3877 Χριστοῦ
2281 3807 2614 3878 πληροῦντος
2646 3809 3272 3879 είκόνα.Ἐστρατήγησε
3315 3809 3424 3880 γὰρ
3453 3809 3588 3880 μετά

2017 3899 2237 3961 Ἀίωσὲα,
2266 3901 2358 3952 καὶ
2388 3899 2546 3962 αὐτὸς
2580 3900 2849 3954 διεϐίϐασε
2877 3901 2968 3954 τὸν
3003 3902 3273 3973 Ἰορδάνην
3297 3903 3422 3965 τοὺς
3442 3903 3588 3966 υἱοὺς

2029 3991 2263 4061 Ἰσραὴλ,
2298 3992 2390 4045 καὶ
2433 3992 2592 4055 αὐτὸς
2625 3994 2808 4056 αὐτοῖς
2836 3993 3330 4066 κατεκληροδότησε
3360 3995 3458 4064 τῆς
3487 3998 3588 4046 ἐπ-

2016 4083 2276 4151 αγγελίας
2301 4084 2400 4152 τὴν
2430 4084 2716 4152 γῆν.Ἐχει
2744 4085 2800 4137 δὲ
2831 4084 2972 4138 οὕτω
2997 4086 3063 4138 τὰ
3090 4088 3180 4138 ἐπὶ
3198 4087 3460 4157 τῷ“’Ᾱχαρ
3493 4102 3587 4154 γε-

2017 4173 2326 4244 γραμμένα.
2348 4175 2563 4244 Ἐπειδή
2598 4176 2706 4245 γὰρ
2734 4176 2874 4229 ἑάλω
2921 4177 3219 4246 κεκλοφὼς,
3259 4180 3349 4232 καὶ
3378 4178 3585 4248 ὡμολό-

2015 4282 2150 4336 γησε
2181 4266 2280 4336 τὴν
2329 4265 2621 4335 ἁμαρτίαν,
2650 4285 2666 4316 ι
2692 4267 2802 4320 Καὶ
2823 4267 3002 4332 ἔλαϐε,
3041 4267 3445 4340 φησὶν,Ἰησοῦς
3494 4269 3585 4322 τὸν

2019 4357 2196 4426 Ἀχαρ
2225 4354 2338 4408 υίὸν
2365 4354 2535 4424 Ζαρὰ,
2575 4356 2669 4410 καὶ
2706 4358 2994 4426 ἀπήγαγεν
3019 4359 3181 4412 αὑτὸν
3216 4360 3297 4422 είς
3329 4359 3588 4428 φάραγγα

2015 4444 2213 4516 Ἀχὼρ,
2247 4447 2338 4499 καὶ
2372 4447 2497 4510 τοὺς
2531 4449 2680 4512 υἱοὺς
2709 4449 3004 4514 αὐτοῦ,καὶ
3031 4449 3130 4512 τὰς
3160 4449 3460 4518 θυγατέρας
3487 4452 3589 4503 αὐ-

347 4542 483 4610 ejns,
519 4553 572 4596 et
602 4555 728 4616 oves
744 4538 879 4607 ejus,
902 4547 952 4591 et
990 4534 1389 4590 tabernaculum
1420 4532 1555 4600 ejus,
1586 4543 1640 4586 et
1660 4541 1908 4585 cunctam

2017 4535 2128 4599 τοῦ,
2161 4537 2255 4588 καὶ
2279 4538 2404 4600 τοὺς
2435 4538 2668 4609 μόσχους
2695 4539 2881 4602 αὐτοῦ,
2902 4541 2993 4592 καὶ
3017 4539 3083 4591 τὰ
3108 4537 3374 4606 ὑποζύγια
3398 4539 3585 4604 αὐτοῦ,

349 4635 728 4702 supellectilem
761 4631 896 4699 ejus,
939 4636 994 4682 et
1040 4626 1215 4680 omnis
1266 4625 1493 4695 populus
1541 4639 1662 4678 cum
1718 4638 1802 4688 eo,
1861 4629 1915 4674 et

350 4729 733 4780 duxerunteos
763 4722 827 4776 ad
865 4716 1208 4791 Ἐμεκαχώρ,
1234 4718 1283 4772 id
1307 4727 1382 4770 est
1411 4716 1598 4769 vallem
1625 4714 1821 4768 Achor.
1852 4713 1917 4767 Et

348 4818 482 4872 dixit
505 4816 661 4870 Jesus
687 4817 752 4868 ad
782 4813 962 4868 Achar
993 4830 1007 4866 :
1037 4810 1214 4876 Quare
1247 4807 1525 4876 perdidisti
1564 4806 1695 4861 nos?
1718 4805 1914 4860 Perdat

353 4920 403 4962 te
434 4907 690 4960 Dominus
718 4906 858 4960 sicut
887 4915 941 4958 et
968 4905 1150 4958 hodie.
1189 4901 1255 4955 Et
1282 4899 1536 4968 lapidavit
1567 4913 1688 4952 eum
1736 4896 1912 4950 omnis

347 4999 573 5070 papulus
593 4997 775 5064 Israel,
795 5006 848 5051 et
872 5002 1326 5065 congregaverant
1344 5005 1504 5060 super
1519 5004 1638 5044 enm
1661 5003 1911 5043 acervum

349 5092 586 5161 lapidum
637 5102 886 5155 magnum
916 5087 982 5139 ".
1029 5106 1046 5138 ι
1085 5087 1265 5140 Achor
1301 5085 1463 5154 igitur
1494 5083 1778 5150 exponitur
1809 5082 1917 5135 dis-

351 5182 529 5247 tortio,
562 5194 656 5233 seu
687 5177 966 5247 pervenio.
1001 5175 1190 5229 Juncta
1217 5183 1392 5228 autem
1423 5189 1522 5229 vos
1567 5171 1911 5243 Ἐμεκαχώρ,

351 5269 668 5339 intelligitur
720 5267 871 5323 vallis
931 5266 1290 5337 perversionis.
1330 5265 1402 5318 Ibi
1450 5265 1650 5329 Achar,
1705 5272 1761 5318 ut
1803 5263 1914 5316 Deo

350 5377 596 5426 exosum,
629 5360 1044 5427 divitiarnmque
1093 5357 1306 5410 avidum
1357 5354 1447 5409 lilii
1496 5356 1659 5410 Israel
1707 5355 1918 5410 occide-

350 5461 498 5517 runt,
523 5465 645 5505 cum
673 5450 922 5505 omnibus
945 5465 1062 5519 qua:
1085 5447 1334 5503 habebat.
1359 5447 1628 5515 Scriptum
1660 5455 1743 5500 est
1774 5447 1916 5500 enim

356 5557 377 5592 ι
415 5542 607 5612 impios
633 5542 892 5597 radicitus
925 5542 991 5595 de
1020 5551 1158 5596 terra
1195 5543 1462 5611 perituros
1497 5539 1562 5590 ⁸⁸.
1601 5557 1619 5590 ι
1661 5538 1921 5592 Similiter

352 5629 448 5685 ὕει
474 5633 528 5692 in
560 5633 818 5691 extremis
868 5633 1052 5688 saeculi
1109 5635 1462 5702 temporibus,
1505 5629 1714 5698 quando
1765 5629 1919 5684 nobis

429 5786 477 5821 ⁸³
502 5791 522 5843 ι
550 5787 693 5848 Petr.
727 5811 780 5862 ν,
820 5796 870 5849 4.
951 5798 991 5828 ⁵³
1025 5796 1045 5850 ι
1074 5796 1198 5851 Cor.
1242 5814 1296 5863 ς,
1325 5797 1379 5850 Ξ.
1421 5797 1463 5830 ⁸⁵
1487 5795 1597 5850 Jos.
1641 5813 1734 5860 vn,
1767 5797 1854 5850 25.

1935 5798 1975 5827 κθ
1997 5795 2108 5853 lus.
2149 5815 2229 5866 tn,
2267 5799 2312 5851 I.

2020 4631 2115 4683 καὶ
2164 4633 2233 4684 τά
2285 4633 2531 4702 πρόϐατα
2576 4634 2759 4697 αὐτοῦ,
2791 4637 2884 4688 καὶ
2912 4634 3009 4704 τὴν
3042 4632 3244 4703 σκηνὴν
3275 4630 3461 4696 αὑτοῦ,
3495 4632 3590 4684 καὶ

2021 4721 2196 4774 πάντα
2227 4723 2296 4776 τὰ
2322 4724 2632 4795 ὑπάρχοντα
2659 4726 2847 4788 αὑτοῦ,
2877 4726 2972 4780 καὶ
3001 4727 3108 4788 πᾶς
3142 4723 3321 4787 όλαὸς
3353 4724 3467 4793 μετ’
3490 4722 3589 4775 αὐ-

2005 4815 2132 4878 στοῦ,
2161 4816 2255 4869 καὶ
2291 4817 2564 4883 ἀνήγαγεν
2593 4817 2786 4879 αὐτοὺς
2814 4820 2893 4881 εἰς
2917 4815 3258 4887 Ἑμεκαχώρ.
3290 4815 3398 4869 Καὶ
3440 4809 3590 4867 εἶπεν

2031 4907 2233 4978 Ἰησοῦς
2263 4907 2341 4978 τῷ
2364 4908 2570 4980 Ἀχαρ·
2603 4909 2667 4961 Τί
2691 4908 2772 4961 ὅτι
2800 4909 3141 4980 ὠλόθρευσας
3164 4909 3342 4977 ἡμᾶς;
3384 4905 3590 4969 Ἐξολο-

2021 4999 2244 5071 θρεύσαι
2279 5017 2338 5053 σε
2374 4999 2596 5072 Κύριος,
2625 4999 2766 5054 καθά
2791 5002 2885 5054 καὶ
2918 5002 3174 5071 σήμερον.
3205 4998 3312 5049 Καὶ
3353 4994 3589 5047 ἐλιθοϐό-

2021 5088 2191 5160 λησαν
2215 5091 2375 5143 αὑτὸν
2405 5091 2572 5154 λίθοις
2596 5092 2706 5153 πᾶς
2735 5089 2965 5159 Ἰσραὴλ,
2993 5089 3087 5141 καὶ
3114 5087 3419 5154 ἐπέστησαν
3440 5085 3591 5157 αὐτῷ

2024 5181 2197 5250 σωρὸν
2249 5181 2410 5234 λίθων
2453 5183 2643 5250 μέγαν.
2679 5200 2696 5230 ›
2736 5178 2910 5250 Ἀχὼρ
2954 5179 3053 5248 μὲν
3097 5173 3188 5230 οῦν
3229 5177 3590 5247 ἑρμηνεύεται

2018 5270 2367 5339 διαστροφή.
2402 5269 2979 5340 Προσεπενηνεγμένου
3031 5269 3086 5323 δὲ
3118 5267 3212 5321 τοῦ
3244 5268 3587 5340 Ἐμεκαχὼρ,

2020 5365 2216 5415 νοεῖται
2244 5362 2306 5432 δὴ
2326 5362 2486 5416 πάλιν
2515 5363 2721 5428 κοιλὰς
2735 5359 3125 5430 διαστροφῆς.
3145 5361 3292 5413 Ἐκεῖ
3305 5361 3396 5413 τὸν
3413 5361 3589 5431 Ἀχαρ

2020 5452 2379 5508 ἀπεκτόνασιν
2423 5454 2497 5517 ὠς
2549 5453 2771 5524 θεομισῆ
2834 5452 2929 5506 καὶ
2989 5451 3340 5520 φιλόπλουτον
3383 5453 3431 5503 οἱ
3485 5450 3592 5502 υἱοὶ

2033 5543 2246 5613 Ἰσραὴλ
2267 5585 2280 5609 ,
2315 5544 2638 5614 προσθέντες
2667 5543 2815 5613 αὐτῷ
2851 5543 2944 5595 καὶ
2979 5543 3157 5596 πάντα
3186 5542 3253 5594 τὰ
3282 5539 3468 5594 αὐτοῦ.
3493 5538 3591 5591 Γέ-

2021 5650 2260 5704 γραπται
2312 5633 2458 5704 γὰρ,
2501 5634 2581 5686 ὅτι
2631 5652 2648 5684 ι
2691 5634 2752 5686 Οἱ
2797 5632 3017 5696 ἀσεϐεῖς
3061 5630 3328 5700 όλόρριζοι
3374 5631 3436 5682 ὲκ
3489 5625 3593 5697 γῆς

2391 5799 2431 5830 ³⁷
2471 5798 2580 5855 lus.
2623 5813 2719 5865 vn,
2749 5797 2942 5852 ἒβη-26.
3020 5797 3064 5828 ⁵⁸
3093 5791 3231 5851 Psal.
3269 5807 3342 5857 LI,
3369 5791 3418 5844 7.
