4012 6214
308 337 374 392 85
1215 337 1762 395 COMMENTARIUS
1802 344 1864 397 IN
1911 343 2140 399 OSEAM
2181 342 2630 398 PllOl’llETA-M.
3492 335 3558 390 86

307 456 576 511 ὀλοῦνται.
609 474 625 504 t
667 454 852 517 υῦτως
895 456 1045 510 ἔσται
1081 460 1172 512 καὶ
1205 461 1261 512 ὲν
1288 459 1534 529 ἐσχάτοις
1563 460 1655 513 τοῦ
1695 461 1883 524 αἰῶνος

1989 461 2220 530 desuper
2261 476 2292 516 e
2350 459 2486 514 etnlo
2537 457 2783 513 Christus
2837 457 3104 518 adveniet,
3173 470 3192 506 ι
3257 451 3557 504 redditurus

309 551 542 618 καιροῖς,
594 547 723 599 ὅταν
765 548 896 616 ἡμῖν
945 549 1150 602 ἄνωθεν
1200 550 1258 616 ἐξ
1312 551 1542 620 οὐρανοῦ
1595 552 1886 621 καθίκηται

312 638 568 706 Χριστὸς,
603 656 621 688 ι
645 637 964 692 ’Δποδώσων
990 640 1204 710 ἑκάστῳ
1236 641 1376 694 κατὰ
1403 642 1472 696 τὰ
1504 642 1642 714 ἔργα
1662 643 1880 697 αὐτοῦ.»

311 726 448 788 Τοὺς
477 727 588 795 γὰρ
615 725 862 778 ἀπειθεῖν
895 728 1208 800 ᾑρημένους
1244 735 1366 796 ταῖς
1409 733 1583 797 θείαις
1626 735 1882 799 ἐντολαῖς,

309 817 400 869 καὶ
434 817 504 870 τὰ
531 819 591 868 ὲν
634 817 824 887 κόσμῳ
860 819 1063 886 μᾶλλον
1091 821 1467 894 ἠγαπηκότας,
1504 819 1613 880 οἷον
1655 828 1735 888 είς
1779 826 1883 894 φά-

312 922 490 976 ραγγα
525 906 743 975 βαθεῖαν
784 908 876 961 τὸν
906 908 1040 980 ᾅδην
1072 912 1438 980 κατενεγκὼν,
1479 932 1496 963 ι
1525 917 1728 976 κακοὺς
1775 933 1876 968 κα-

309 997 419 1058 κῶς
459 996 731 1051 ἀπολέσει.
761 1007 830 1050 ι’(
857 999 1024 1054 Δώσω
1045 1019 1063 1051 t
1090 1001 1291 1066 τοίνυν,
1315 1005 1468 1074 φησὶ,
1497 1025 1515 1056 ι
1537 1005 1637 1075 τὴν
1666 1006 1886 1061 κοιλάδα

321 1085 516 1157 Ἀχὼρ,
569 1089 688 1159 ήτοι
723 1089 1083 1160 Ἐμεκαχὼρ,
1139 1094 1216 1156 είς
1257 1094 1318 1146 τὸ
1363 1095 1620 1160 διανοῖξαι
1670 1097 1884 1151 σύνεσιν

307 1178 500 1248 αὐτῆς.
535 1198 556 1230 ι
586 1181 776 1234 Ἔσται
802 1181 912 1252 γὰρ
940 1183 1100 1254 αὐτῇ,
1134 1185 1288 1255 φησὶ,
1319 1185 1426 1240 τῶν
1456 1188 1658 1260 σφόδρα
1690 1189 1882 1260 χρησί-

312 1286 448 1338 μων,
475 1272 555 1334 είς
588 1271 648 1324 τὺ
681 1273 951 1344 ἀνανῆψαι
979 1274 1108 1338 δεῖν,
1141 1276 1235 1328 καὶ
1282 1279 1346 1330 ὲκ
1386 1279 1485 1350 τῆς
1509 1281 1743 1350 αρχαίας
1773 1300 1883 1335 πω-

310 1360 530 1429 ρώσεως
559 1363 660 1433 τῆς
685 1363 921 1427 διανοίας
948 1363 1040 1418 τὸν
1060 1365 1336 1438 ὀφθαλμὸν
1357 1369 1649 1441 ἀνευρῦναι
1672 1371 1879 1438 λοιπὸν,

305 1452 375 1504 τά
427 1457 796 1526 πεπραγμένα
843 1455 983 1509 κατὰ
1033 1460 1256 1528 καιροὺς
1305 1463 1365 1514 ὲν
1413 1465 1480 1534 τῇ
1527 1461 1731 1518 κοιλάδι
1780 1464 1880 1534 τῆς

320 1544 645 1617 Ἐμεκαχὼρ
673 1546 1063 1616 (διαστροφῆς
1075 1546 1132 1601 δὲ
1158 1552 1411 1610 κοιλάδα
1435 1555 1526 1607 τὸν
1553 1555 1728 1624 χῶρον
1749 1555 1880 1608 ώνό-

311 1651 481 1704 μασεν
503 1653 517 1665 ·
545 1639 664 1690 ἐκεῖ
690 1638 798 1710 γάρ
831 1641 1152 1695 πεπτώκασι
1178 1643 1288 1696 τῶν
1318 1643 1379 1708 ἐξ
1407 1645 1620 1721 Ἰσραὴλ
1640 1647 1739 1698 οὐκ
1771 1646 1878 1698 ὀλί-

309 1741 419 1792 γοι,
441 1726 744 1783 διωκόντων
768 1731 963 1795 αὐτοὺς
993 1735 1098 1788 τῶν
1123 1734 1232 1788 άπὸ
1258 1735 1356 1803 τῆς
1388 1734 1535 1796 Γαῒν,
1563 1735 1656 1789 καὶ
1679 1736 1876 1807 πολλὴν

1992 554 2280 622 unicuique
2313 553 2605 606 secundum
2641 565 2801 620 opera
2836 565 2930 602 sua
2959 549 3022 600 ".
3061 566 3078 598 ι
3126 545 3326 598 Divinis
3364 543 3562 609 quippe

1991 646 2260 700 mandatis
2295 644 2682 705 iuobedientes,
2731 652 2786 696 et
2818 642 2906 710 qui
2955 653 3073 710 qua:
3104 639 3156 690 itt
3205 635 3402 689 mundo
3443 639 3568 684 sunt

1989 737 2168 807 potius
2196 737 2521 798 dilexerunt,
2557 750 2655 790 cett
2688 734 2739 789 in
2773 733 2962 787 vallem
3005 727 3324 800 profundam
3369 729 3420 776 in
3479 721 3565 773 itt-

1991 827 2200 882 fernum
2231 825 2544 880 deturbatos
2574 844 2592 876 ι
2633 826 2798 879 malos
2831 823 2968 877 male
2995 821 3184 891 perdet
3220 818 3287 872 ⁸³.
3332 835 3350 866 ι
3391 812 3566 881 Ιιιίιιιὶι

1989 917 2195 987 igitur:
2227 936 2245 970 t
2301 917 2442 972 Dabo
2479 916 2664 971 vallem
2713 916 2892 969 Acltor
2934 913 3067 972 (sive
3106 903 3446 979 Ἐμεκαχώρ)
3499 902 3565 955 ad

1986 1009 2330 1078 aperiendatn
2375 1008 2474 1076 ipsi
2515 1006 2940 1073 intelligentiam.
2991 1023 3008 1055 ι
3067 1004 3181 1055 Erit
3237 1000 3433 1069 quippe
3488 995 3562 1048 illi

1987 1115 2241 1170 perquam
2271 1100 2420 1163 utile,
2457 1099 2650 1167 inquit,
2679 1097 2796 1166 cogi
2832 1097 2896 1149 ad
2935 1091 3379 1162 resipiscendutn,
3410 1094 3463 1140 et
3497 1085 3563 1138 ad

1986 1191 2176 1245 oculos
2214 1191 2410 1244 mentis
2441 1204 2504 1242 ex
2529 1189 2748 1256 antiqua
2782 1185 3024 1239 caecitate
3055 1183 3105 1235 in
3129 1190 3398 1250 posterum
3434 1189 3563 1243 ape-

1988 1279 2395 1335 riendos.Facta
2423 1279 2548 1334 olim
2569 1278 2618 1332 in
2651 1277 2786 1332 valle
2820 1272 3143 1345 Ἐμεκαχώρ
3169 1271 3348 1340 (quem
3381 1267 3560 1319 loettm

1983 1371 2327 1439 perveniant“:
2376 1370 2560 1424 vallem
2595 1367 2927 1436 interpretati
2965 1372 3124 1429 sunt;
3172 1362 3243 1415 ibi
3289 1358 3556 1427 siquidem

1983 1478 2090 1517 non
2121 1436 2274 1531 μςυεί
2304 1477 2366 1516 ex
2405 1460 2566 1514 Israel
2597 1458 2924 1521 ceciderunt,
2961 1455 3150 1510 incolis
3190 1452 3286 1506 l-lai
3315 1465 3408 1504 eos
3442 1462 3564 1516 per-

1982 1554 2350 1621 sequentibus,
2404 1561 2458 1607 et
2505 1552 2670 1606 multa
2724 1552 2922 1607 ibidem
2985 1545 3256 1618 perversio
3315 1541 3562 1608 contigit.

1981 1652 2202 1714 putante
2241 1643 2365 1697 Jesu
2405 1642 2650 1698 lsraeletn
2673 1643 2846 1697 divina
2894 1641 3221 1710 benignitate
3248 1635 3434 1708 ἤδει
3460 1648 3560 1699 0P0

1981 1735 2292 1804 excidisse).
2322 1733 2482 1788 Facta
2514 1735 2693 1803 igitur,
2721 1734 2916 1801 inquit,
2940 1732 2993 1784 in
3021 1729 3157 1782 valle
3180 1725 3561 1797 perversionis,

313 1816 508 1887 συνέϐη
561 1819 817 1886 γενέσθαι
869 1822 1218 1897 διαστροφὴν,
1253 1825 1526 1894 οἰηθέντος
1570 1825 1742 1894 Ἰησοῦ
1787 1827 1883 1896 τῆς

1991 1835 2211 1894 propter
2243 1841 2365 1880 eum
2400 1826 2490 1893 qui
2526 1824 2831 1876 mandatum
2862 1819 3100 1876 divinum
3127 1817 3431 1884 transgredi
3465 1831 3563 1867 au—

310 1909 438 1978 περὶ
466 1909 604 1963 Θεοῦ
660 1911 876 1980 φειδοῦς
905 1917 999 1968 καὶ
1048 1917 1369 1990 ἐπικουρίας
1412 1916 1767 1987 άπολισθῆναι
1799 1918 1888 1972 τὸν

320 2001 565 2070 Ἰσραήλ)
584 2019 598 2030 ·
627 2003 697 2057 τά
726 2008 1092 2078 πεπραγμένα
1119 2009 1183 2080 δὴ
1217 2006 1333 2074 οῦν,
1365 2010 1550 2080 φησὶν,
1600 2011 1656 2062 ὲν
1696 2011 1761 2080 τῇ
1788 2010 1890 2076 φά-

305 2108 474 2160 parm
503 2093 606 2163 τῆς
635 2094 990 2166 διαστροφῆς,
1013 2099 1106 2151 ἐπὶ
1133 2099 1212 2170 τῷ
1242 2101 1339 2170 τὴν
1367 2099 1516 2154 θείαν
1541 2099 1758 2169 ἐντολὴν
1785 2116 1889 2151 πα⁸

307 2181 906 2256 ραλῦσαικτολμήσαντι,
924 2188 1176 2254 διανοίξει
1199 2191 1299 2260 τὴν
1321 2191 1539 2243 σύνεσιν
1560 2191 1731 2261 αὐτῆς
1752 2190 1888 2260 πρὸς

302 2273 361 2324 τὸ
389 2274 594 2328 εἰδέναι
623 2275 908 2348 λαμπρῶς,
935 2280 1014 2344 είς
1034 2276 1144 2334 οἷον
1169 2282 1461 2352 ἐκϐήσεται
1487 2281 1638 2344 τέλος
1663 2284 1774 2345 τοῖς
1797 2299 1888 2335 κα·

302 2369 592 2435 ταφρονεῖν
628 2367 870 2422 ἐθέλουσι
903 2370 965 2423 τὸ
997 2372 1523 2443 ἐγχείρημα.”Αθρει
1565 2372 1621 2424 δὲ
1648 2374 1797 2434 ὅπως
1825 2373 1884 2426 οὐ

305 2457 571 2528 πρότερον
613 2460 819 2515 δέδοται
865 2463 1004 2534 πρὸς
1029 2465 1088 2518 τὸ
1115 2465 1374 2530 διανοῖξαι
1409 2464 1620 2519 σύνεσιν
1653 2466 1822 2535 αὐτῆς
1852 2468 1886 2536 ή

307 2549 485 2612 κοιλὰς
519 2553 553 2619 ἡ
600 2552 806 2625 Ἀχὼρ,
854 2556 981 2626 πρὶν
1005 2556 1071 2610 ἂν
1094 2557 1391 2627 λελάληκεν
1423 2560 1502 2620 είς
1530 2557 1629 2627 τὴν
1659 2558 1886 2628 καρδίαν

306 2637 492 2707 αὐτῆς⁸
530 2640 595 2692 οὐ
625 2641 734 2715 γὰρ
773 2643 838 2696 ἂν
875 2648 1080 2699 συνεῖεν
1113 2646 1209 2710 τὰς
1242 2647 1392 2712 θείας
1427 2647 1644 2710 ἐντολὰς
1686 2649 1736 2700 οἱ
1777 2647 1888 2700 τῶν

317 2729 580 2784 Ἰουδαίων
607 2733 790 2803 δῆμοι,
821 2735 938 2788 ἀλλ’
959 2737 1063 2791 οὐδ’
1083 2739 1148 2793 ἂν
1182 2741 1238 2792 ὲν
1265 2739 1456 2802 τύποις
1481 2737 1886 2808 καταθρήσειαν

305 2820 362 2871 τὸ
395 2822 636 2892 Χριστοῦ
671 2827 998 2898 μυστήριον,
1020 2830 1066 2882 εί
1101 2829 1174 2900 μὴ
1196 2830 1302 2900 ἄρα
1327 2829 1450 2882 καθ’
1470 2830 1615 2900 ἡμᾶς
1636 2829 1759 2890 τοὺς
1783 2828 1883 2899 ἠδη

307 2916 736 2982 πεπιστευκότας
768 2921 867 2991 τὴν
893 2919 987 2973 τοῦ
1032 2922 1186 2989 ἁγίου
1219 2921 1534 2991 Πνεῦματος
1574 2920 1886 2974 καταπλου-

305 3008 524 3075 τήσειαν
557 3007 798 3076 μέθεξιν,
833 3012 929 3064 καὶ
974 3015 1070 3082 τῆς
1119 3011 1324 3066 ἄνωθεν
1355 3012 1718 3080 φωταγωγίας
1749 3012 1886 3065 ἀπο⁴

305 3096 559 3166 δειχθεῖεν
613 3103 1034 3172 μετεσχηκότες.
1070 3102 1406 3156 Πιστώσεται
1451 3103 1507 3155 δὲ
1548 3104 1684 3174 πρὸς
1731 3103 1887 3157 τοῦτο

309 3188 451 3257 ἡμᾶς
475 3191 505 3241 '5
538 3190 812 3262 μακάριος
838 3195 1063 3264 γράφων
1113 3193 1323 3257 Παῦλος
1353 3193 1606 3262 περὶτῶν
1630 3193 1688 3258 ἐξ
1717 3195 1884 3264 αἵμα-

306 3295 393 3341 τος
427 3281 643 3350 Ἰσραήλ
664 3299 677 3312 ·
706 3285 900 3354 «Ἄχρι
933 3286 1040 3356 γὰρ
1070 3287 1169 3356 τῆς
1196 3288 1432 3356 σήμερον
1461 3287 1676 3357 ἡμέρας
1700 3286 1760 3339 τὸ
1786 3288 1888 3340 κά-

307 3368 494 3439 λυμμα
511 3372 603 3424 ἐπὶ
624 3375 688 3442 τῇ
705 3374 1011 3442 ἀναγνώσει
1031 3375 1129 3446 τῆς
1149 3376 1391 3437 Παλαιᾶς
1413 3375 1616 3446 Διαθήκ
1627 3393 1686 3447 ης
1713 3376 1884 3447 μένει,

306 3463 382 3532 μὴ
426 3465 963 3536 ἀνακαλυπτόμενον,
1006 3469 1086 3522 ὅτι
1139 3471 1194 3522 ὲν
1243 3468 1463 3538 Χριστῷ
1513 3471 1884 3538 καταργεῖται.

315 3553 451 3606 Ἀλλ’
487 3555 590 3617 ἕως
645 3557 906 3627 σήμερον,
956 3557 1115 3628 ἡνίκα
1171 3558 1608 3628 ἀναγινώσκεται
1656 3559 1884 3628 Μωσῆς,

302 3646 566 3716 κάλυμμα
597 3647 690 3699 ἐπὶ
720 3649 817 3717 τὴν
844 3649 1067 3718 καρδίαν
1102 3650 1280 3702 αὐτῶν
1308 3651 1500 3703 κεῖται.
1520 3649 1710 3701 Ἡνίκα
1739 3650 1781 3702 δ’
1817 3649 1882 3702 ἂν

305 3735 608 3807 ἐπιστρέψῃ
634 3738 769 3806 πρὸς
797 3737 1022 3805 Κύριον,
1047 3740 1411 3808 περιαιρεῖται
1433 3738 1492 3789 τὸ
1520 3737 1803 3807 κάλυμμα.
1824 3737 1880 3789 Ὀ

304 3824 357 3877 δὲ
402 3826 611 3895 Κύριος
652 3826 715 3879 τὸ
745 3826 967 3897 Πνεῦμά
997 3829 1176 3879 ἐστιν·
1205 3819 1265 3879 οῦ
1298 3827 1354 3880 δὲ
1381 3824 1608 3895 Πνεῦμα
1644 3825 1874 3894 Κυρίου,

306 3915 604 3986 ἐλευθερία.
637 3935 655 3967 ι
695 3918 965 3988 Πρότερον
1006 3917 1184 3970 τοίνυν
1214 3918 1294 3979 εἰς
1325 3917 1422 3986 τὴν
1460 3915 1683 3985 καρδίαν
1711 3914 1878 3983 αὐτῆς

306 4006 554 4077 λαλήσειν
587 4009 1009 4077 ἐπαγγέλλεται,
1038 4010 1162 4073 τοὺς
1198 4008 1374 4072 θείους
1416 4009 1584 4078 αὐτῆς
1613 4007 1882 4076 ἐγχαράτ-

304 4115 484 4162 τοντος
505 4102 725 4170 νόμους,
747 4102 840 4154 καὶ
860 4101 1236 4170 παιδαγωγίαν
1256 4100 1353 4170 τὴν
1381 4100 1588 4153 ἄνωθεν
1609 4098 1703 4152 τοῦ
1729 4098 1881 4164 ἁγίου

305 4190 442 4242 Πνεύ
454 4209 622 4260 ματος
643 4209 658 4224 ·
691 4189 791 4246 εἷθ’
822 4192 994 4257 οὕτως
1017 4195 1268 4263 συνήσειν
1293 4193 1388 4246 καὶ
1411 4192 1479 4245 τὰ
1501 4194 1558 4244 ὲν
1585 4193 1651 4262 τῇ
1676 4189 1880 4243 κοιλάδι

300 4286 726 4357 τῆςἘμεκαχὼρ
740 4287 986 4350 τυπικῶς
998 4305 1056 4340 τε
1074 4287 1165 4340 καὶ
1180 4286 1463 4358 ίστορικῶς
1497 4282 1884 4354 πεπραγμένα,

1991 1931 2086 1972 sus
2118 1915 2312 1978 fuerat,
2359 1916 2601 1985 aperiant
2644 1913 3044 1984 intelligentiam
3098 1910 3233 1978 ejus,
3283 1919 3338 1961 ut
3392 1908 3556 1959 niani—

1991 2008 2128 2064 teste
2159 2005 2318 2072 sciat,
2347 2021 2503 2074 quem
2531 2006 2687 2059 linem
2717 2013 3146 2072 contempturum
3180 2000 3386 2054 facinus
3412 1997 3535 2049 Inani

1993 2108 2168 2152 turum
2200 2097 2291 2154 sit.
2322 2095 2601 2164 Perpende
2631 2105 2807 2150 autem
2839 2093 3108 2164 quomodo
3139 2105 3242 2144 non
3268 2090 3418 2158 prius
3442 2089 3562 2140 dat...

1989 2189 2060 2242 sit
2091 2188 2155 2240 ad
2192 2187 2536 2257 aperiendam
2570 2186 2978 2254 intelligentiam
3019 2182 3134 2250 ejus
3171 2182 3322 2234 vallis
3363 2180 3561 2240 Aeltor,

1989 2293 2146 2348 quam
2177 2278 2484 2346 loqueretur
2508 2279 2574 2332 ad
2604 2293 2698 2332 cor
2729 2277 2863 2346 ejus.
2904 2277 3018 2330 Nec
3049 2275 3192 2328 enim
3221 2273 3401 2327 divina
3430 2286 3564 2340 prat-

1989 2379 2140 2438 eepta
2169 2367 2473 2424 Judmonnn
2513 2371 2736 2440 populus
2774 2368 3126 2437 intelligeret;
3175 2381 3271 2420 nec
3319 2363 3370 2417 in
3425 2362 3565 2432 typis

1988 2461 2191 2518 Christi
2221 2464 2535 2532 mysterium
2569 2462 2886 2532 aspexisset,
2923 2460 3046 2522 nisi,
3082 2469 3133 2512 ut
3170 2471 3287 2516 nos,
3320 2453 3409 2524 qui
3448 2469 3564 2506 ere-

1989 2553 2240 2617 didimus,
2291 2554 2667 2608 communione
2723 2552 2958 2621 Spiritus
3020 2550 3190 2603 sancti
3243 2556 3456 2610 aut-tus,
3509 2555 3563 2595 et

1989 2659 2220 2714 superna
2251 2645 2643 2698 illtnninatione
2676 2645 2921 2712 dignatus
2950 2643 3157 2696 fuisset.
3189 2641 3266 2691 Att
3307 2639 3410 2690 hoc
3444 2651 3576 2708 ere-_

1989 2733 2220 2788 dendum
2247 2749 2347 2788 nos
2372 2734 2586 2788 inducet
2630 2733 2820 2787 beatus
2852 2731 3065 2798 Paulus,
3116 2731 3181 2783 de
3219 2726 3464 2780 oriundis
3494 2739 3559 2777 ex

1988 2826 2249 2894 sanguine
2281 2825 2440 2880 Israel
2480 2826 2619 2879 hunc
2646 2825 2696 2877 in
2725 2823 2940 2877 modum
2993 2821 3233 2876 scribens
3263 2838 3274 2872 :
3309 2837 3327 2869 ι
3383 2816 3560 2885 lisque

1989 2917 2042 2972 in
2080 2917 2394 2972 hodiernum
2429 2918 2572 2970 enim
2623 2916 2760 2970 diem
2805 2915 3033 2982 idipsum
3087 2912 3327 2965 velamen
3382 2909 3433 2961 in
3483 2907 3556 2960 Ie-

1988 3007 2167 3063 ctione
2216 3005 2430 3063 Veteris
2482 3005 2810 3061 Testamenti
2871 3013 3051 3058 manet
3107 3020 3208 3056 non
3269 2999 3559 3053 revelatum

1993 3098 2268 3171 (quoniam
2302 3098 2357 3152 in
2392 3099 2608 3153 Christo
2635 3097 2983 3164 evacuatur);
3048 3093 3141 3148 sed
3175 3107 3342 3162 usque
3376 3092 3426 3144 in
3467 3091 3562 3141 lio-

1988 3191 2236 3246 diernutn
2261 3189 2425 3254 diem,
2455 3189 2671 3257 quando
2702 3188 2896 3258 legitur
2925 3186 3158 3257 Moyses,
3188 3185 3430 3239 velamen
3463 3197 3560 3250 po-

1985 3282 2147 3337 situm
2178 3289 2260 3336 est
2283 3294 2444 3350 super
2476 3295 2571 3335 cor
2601 3294 2806 3334 eorum.
2854 3278 2988 3332 Cum
3039 3287 3217 3330 autem
3269 3287 3562 3329 conversus

1987 3372 2147 3426 fuerit
2180 3355 2246 3426 ad
2302 3371 2610 3432 Dominum,
2658 3367 2932 3422 auferetur
2982 3367 3242 3420 velamen.
3305 3363 3560 3415 Dominus

1987 3472 2164 3517 autetn
2205 3461 2436 3530 Spiritus
2460 3469 2576 3520 est;
2616 3459 2702 3513 tibi
2734 3467 2912 3513 autem
2948 3457 3179 3526 Spiritus
3221 3454 3456 3511 Domini.
3487 3453 3558 3506 ibi

1988 3555 2212 3610 libertas
2249 3555 2316 3605 ⁸¹.
2368 3572 2386 3605 t
2429 3552 2606 3618 Quare
2634 3552 2782 3621 prius
2813 3552 2878 3605 ad
2906 3565 2998 3604 cor
3025 3550 3138 3618 ejus
3170 3548 3470 3602 locuturum
3505 3561 3562 3598 se

1987 3647 2228 3716 Spondet,
2259 3645 2437 3700 divina
2467 3646 2515 3700 ei
2549 3645 2824 3708 mandata,
2865 3652 2919 3697 et
2941 3657 3226 3711 supernam
3273 3639 3561 3694 institutio-

1989 3755 2111 3792 nem
2147 3747 2334 3792 sancto
2365 3737 2568 3806 Spiritu
2607 3735 2983 3804 insculpente:
3017 3734 3208 3788 deinde.
3239 3734 3309 3786 ita
3351 3732 3564 3786 intelle-

1987 3837 2198 3882 eturum
2222 3843 2341 3897 quat
2367 3829 2416 3881 in
2450 3827 2586 3882 valle
2621 3823 2945 3896 Ἐμεκαχώρ
2977 3822 3057 3896 (ιιι
3091 3823 3299 3879 Hebraei
3347 3823 3558 3893 vocant)

1989 3921 2163 3990 typice
2188 3929 2240 3974 et
2273 3921 2528 3975 historice
2550 3929 2757 3989 patrata
2791 3930 2936 3982 sunt,
2965 3931 3082 3986 quae
3110 3916 3175 3970 ad
3209 3915 3558 3984 aperiendum

1985 4011 2346 4080 intelligentiae
2373 4009 2487 4078 ejus
2529 4009 2762 4069 oculum,
2818 4016 2872 4062 et
2919 4023 2950 4061 a
3003 4006 3168 4062 veteri
3227 4006 3468 4061 caecitate
3509 4001 3560 4055 in

1991 4108 2262 4168 posterum
2288 4101 2669 4154 vindicandum
2705 4112 2809 4152 non
2843 4098 2975 4151 satis
3005 4108 3246 4165 possunt.
3286 4113 3304 4144 ι
3335 4092 3561 4147 tlzecitas

1987 4191 2128 4244 enim
2159 4206 2228 4244 ex
2261 4201 2412 4259 parte
2447 4190 2672 4258 contigit
2709 4190 2760 4244 in
2793 4187 2955 4244 Israel
2989 4191 3086 4252 ",t
3129 4195 3236 4240 uta
3272 4184 3438 4239 Paulo
3468 4197 3561 4238 sa—

1986 4280 2194 4349 pienter
2227 4279 2428 4333 dictum
2464 4290 2566 4332 est.

299 4381 396 4432 καὶ
443 4380 546 4431 οὐκ
585 4379 855 4442 ἁνικάνως
889 4377 1077 4447 ἔχοντα
1139 4378 1275 4448 πρὸς
1323 4377 1383 4431 τὸ
1426 4374 1685 4440 διανοῖξαι
1753 4374 1852 4444 τὴν
1891 4370 2106 4424 σύνεσιν
2148 4370 2354 4439 αὐτῆς,
2389 4371 2485 4422 καὶ
2519 4370 2619 4440 τῆς
2645 4368 2878 4439 ἀρχαίας
2912 4365 3220 4437 πωρώσεως
3250 4362 3556 4429 ἀπαλλάξαι

297 4471 506 4524 λοιπόν.
563 4488 580 4520 ι
614 4468 877 4540 Πώρωσις
925 4468 1032 4540 γὰρ
1093 4470 1199 4522 ἀπὸ
1277 4472 1476 4541 μέρους
1544 4468 1734 4536 γέγονε
1763 4465 1840 4536 τῷ
1889 4461 2124 4534 Ἰσραὴλ,
2159 4481 2176 4513 t
2213 4461 2356 4514 καθὰ
2386 4462 2479 4516 καὶ
2504 4464 2531 4515 ὁ
2563 4461 2722 4530 σοφὸς
2747 4460 2947 4532 γράφει
2979 4458 3210 4522 Παῦλος.

369 4563 484 4614 Καὶ
509 4560 1014 4626 ταπεινωθήσεται
1034 4561 1162 4614 ἐκεῖ
1185 4562 1336 4615 κατὰ
1378 4561 1486 4627 τὰς
1532 4560 1755 4630 ἡμέρας
1783 4576 1883 4627 νη-

2065 4555 2127 4609 Et
2159 4555 2523 4609 humiliabitur
2555 4555 2626 4608 ibi
2663 4556 2824 4622 juxta
2864 4555 2974 4607 dies
3009 4551 3299 4621 juventutis
3334 4566 3464 4616 suae,
3511 4557 3559 4604 et

300 4652 583 4717 πιότητος
610 4653 824 4718 αὐτῆς,
853 4651 951 4706 καὶ
982 4652 1132 4706 κατὰ
1157 4654 1261 4720 τὰς
1285 4653 1505 4724 ἡμέρας
1536 4651 1881 4717 ἀναϐάσεως

1987 4653 2128 4714 juxta
2156 4650 2265 4703 dies
2298 4649 2616 4702 ascensionis
2648 4663 2757 4700 suat
2787 4648 2850 4700 de
2879 4657 3020 4700 terra
3043 4643 3283 4715 ngypti.

300 4740 494 4808 αὐτῆς
521 4743 589 4796 ἐκ
620 4741 736 4812 γῆς
761 4743 1086 4811 Αἰγύπτου.

376 4835 504 4888 κεν.
550 4835 718 4889 Ὅταν
754 4835 926 4906 αὐτῆς
961 4836 1042 4898 είς
1079 4834 1203 4888 νοῦν
1233 4835 1328 4888 καὶ
1383 4834 1608 4906 καρδίαν
1640 4832 1883 4904 λαλήσω,

2055 4825 2221 4882 XXV.
2252 4827 2386 4882 Cum
2415 4826 2486 4880 illi
2520 4826 2584 4880 ad
2621 4834 2876 4888 mentem,
2913 4832 2968 4878 et
3015 4837 3109 4878 cor
3138 4822 3347 4875 loeutus
3384 4823 3556 4886 fuero,

300 4927 462 4996 φησὶ,
496 4927 591 4979 καὶ
615 4927 769 4982 δώσω
795 4928 898 4998 τὴν
925 4929 1144 4982 κοιλάδα
1182 4927 1357 4998 Ἀχὼρ
1383 4925 1643 4990 διανοίξαι
1672 4925 1883 4979 σύνεσιν

1987 4919 2183 4988 inquit,
2219 4917 2524 4987 dederoque
2553 4917 2742 4970 vallem
2793 4915 2994 4977 Achar,
3028 4913 3556 4984 aperireintclligcn-

301 5021 496 5089 αὐτῆς,
534 5021 670 5086 ἐκεῖ,
699 5023 945 5074 τουτέστι
970 5020 1028 5073 τὸ
1054 5019 1307 5089 τηνικάδε
1332 5061 1347 5087 ,
1378 5018 1880 5087 ταπεινωθήσεται,

1991 5012 2118 5066 tiam
2145 5011 2282 5082 ejus,
2319 5010 2417 5075 ibi,
2453 5010 2554 5064 hoc
2585 5019 2668 5063 est
2715 5019 2862 5072 tunc,
2898 5005 3286 5074 humiliabitur,
3313 5021 3413 5060 nec
3442 5007 3561 5062 eui-

300 5113 399 5162 καὶ
422 5112 525 5164 οὐκ
553 5110 646 5163 ὲπί
668 5128 722 5163 τι
747 5111 854 5165 τῶν
888 5113 1044 5180 άνιᾷν
1075 5109 1340 5164 εἰωθότων
1393 5107 1690 5178 καθιεμένη
1713 5125 1771 5162 τε
1791 5110 1883 5162 καὶ

1992 5109 2134 5179 piam
2163 5107 2303 5177 quod
2341 5103 2639 5158 molestiam
2681 5100 2874 5155 alierre
2914 5100 3103 5168 possit,
3149 5115 3207 5154 se
3259 5100 3557 5164 submittet,

302 5202 661 5268 ὕφιζάνουσα,
710 5202 914 5273 τρόπον
956 5202 1014 5255 δὲ
1066 5201 1267 5273 μᾶλλον
1318 5202 1516 5270 ἀφεῖσα
1559 5199 1745 5254 λοιπὸν
1798 5198 1883 5252 τὸν

1987 5202 2140 5269 eique
2168 5195 2575 5257 immorabitur;
2609 5193 2701 5246 sed
2736 5191 2972 5246 moribus
3013 5190 3364 5255 rel'ractariis,
3397 5200 3450 5244 et
3478 5191 3558 5243 itt-

298 5291 529 5361 ἀπειθῆ,
561 5292 655 5344 καὶ
697 5291 1035 5360 δυσάγωγον,
1063 5292 1156 5358 κα).
1199 5294 1311 5355 τοῖς
1351 5291 1656 5361 ,ὑπεροψίας
1683 5288 1883 5359 ἐγκλή-

1988 5290 2378 5354 traetabilibus,
2423 5293 2479 5342 et
2507 5301 2627 5340 cum
2686 5283 2949 5354 superbia:
2998 5283 3227 5337 crimine
3257 5281 3556 5350 conjunctis

303 5400 474 5451 μασιν
504 5383 822 5453 ἐνεχόμενον
846 5399 858 5412 ·
905 5382 1120 5447 ἀλαζὼν
1149 5382 1258 5454 γάρ
1286 5384 1314 5436 ό
1340 5382 1593 5453 ἀπειθὴς,
1624 5381 1719 5434 καὶ
1749 5381 1883 5433 οίον-

1987 5383 2164 5452 potius
2207 5380 2458 5448 deinceps
2492 5378 2740 5441 relictis;
2772 5390 3034 5445 arrogans
3068 5375 3211 5428 enim
3240 5383 3321 5428 est
3369 5371 3552 5424 ἰηο1ιρ-

301 5473 354 5525 εί
375 5490 493 5533 πως
525 5473 785 5544 ἀνάντης,
815 5475 909 5528 καὶ
925 5474 1160 5544 ὲξήνιος,
1193 5474 1284 5526 καὶ
1308 5473 1439 5543 παρ’
1459 5473 1610 5534 οὐδὲν
1637 5471 1883 5541 ἡγεῖσθαι

1987 5475 2160 5536 diens,
2191 5481 2246 5527 et
2281 5471 2442 5527 veluti
2487 5469 2724 5532 acclivis,
2755 5477 2810 5522 et
2838 5466 3073 5529 etTrenis,
3103 5473 3157 5520 et
3195 5464 3326 5533 legis
3373 5463 3553 5514 oltser-

307 5565 700 5635 μεμελετηκὼς
738 5568 836 5635 τὴν
877 5568 955 5630 εἷς
985 5584 1049 5636 γε
1083 5567 1141 5620 τὸ
1173 5566 1370 5638 χρῆναι
1406 5564 1647 5635 πληροῦν
1679 5565 1771 5617 τὸν
1797 5564 1883 5617 νό-

1987 5566 2199 5619 vatione
2227 5579 2288 5618 ac
2320 5562 2616 5618 reverentia
2642 5558 3029 5615 contemnenda
3061 5554 3417 5615 exercitatus;
3454 5548 3552 5602 ltu-

2349 5738 2392 5770 ⁵¹
2435 5735 2586 5789 Rom.
2631 5750 2704 5797 st,
2737 5732 2829 5786 9.5.

388 5742 430 5772 “
461 5742 647 5798 Matth.
691 5760 799 5813 va,
834 5746 926 5800 27.
1074 5748 1117 5778 ³⁸
1151 5747 1340 5801 Matth.
1373 5761 1482 5810 xxi,
1520 5744 1595 5798 tl.
1675 5746 1712 5775 ⁵³
1758 5743 1794 5796 11
1831 5745 1953 5798 Cur.
1991 5743 2146 5811 ιιι,1.1
2192 5742 2266 5794 t7.
