4012 6214
408 351 473 422 et
1388 356 1446 420 s.
1487 356 1753 419 CYRILLI
1790 351 2253 418 ALEXANDRINI
2289 363 2580 421 ARCHEP.
3587 352 3675 422 88’

408 479 551 536 milis
582 492 759 535 autem
808 484 1173 547 vehementer,
1221 494 1273 539 et
1308 487 1461 553 quasi
1507 499 1726 539 accessu
1784 484 1974 546 facilis,

2086 499 2183 551 μον
2209 482 2341 535 αίδῶ
2362 501 2374 512 ·
2400 483 2647 543 ταπεινὸς
2673 480 2726 532 δὲ
2744 480 2881 542 λίαν,
2902 484 2991 535 καὶ
3022 485 3183 537 οἱονεί
3202 502 3316 547 πως
3338 483 3657 554 εὐπρόσιτος

406 573 473 625 ad
497 572 860 628 obcdiendum
882 586 1181 649 promptus,
1230 588 1281 630 et
1321 592 1346 629 a
1394 576 1506 631 Deo
1538 577 1590 629 in
1624 576 1814 644 primis
1848 575 1977 629 dile-

406 671 545 717 ctus.
574 663 879 736 @Quare
901 683 997 736 per
1026 658 1338 737 prophetam
1368 668 1652 737 quemdam
1682 667 1856 737 inquit
1878 665 1975 719 ali-

405 754 525 807 cubi
561 772 574 808 :
608 774 625 807 ι
656 758 828 825 Super
854 773 1011 826 quem
1046 758 1351 827 respiciam,
1383 758 1482 811 nisi
1510 771 1671 825 super
1694 756 1974 817 humilem,

404 857 459 899 et
485 847 743 915 quietum,
776 857 829 902 et
854 858 1173 903 trementem
1202 864 1478 905 sermones
1511 863 1658 903 meos
1687 848 1773 902 ⁵³2
1802 866 1820 898 ι
1856 862 1975 900 cum

405 938 569 1007 igitur
600 939 808 994 locutus
839 940 1011 1005 fuero,
1041 942 1232 1011 inquit,
1266 942 1330 995 ad
1356 956 1450 995 cor
1481 939 1619 1008 ejus,
1658 948 1784 993 tunc
1828 948 1974 1002 tunc,

403 1040 456 1083 et
486 1029 598 1098 ipsa
631 1031 1022 1098 humiliabitur,
1066 1033 1203 1087 sicut
1252 1042 1307 1087 et
1352 1033 1406 1086 in
1440 1031 1725 1101 principio,
1762 1032 1977 1100 quando
2022 1024 2025 1025 ⁷

400 1131 630 1177 vocante
670 1123 870 1192 Moyse,
912 1136 966 1179 et
1014 1141 1076 1180 ex
1126 1118 1363 1196 Egypto
1415 1125 1693 1180 discedere
1753 1124 1977 1191 iubente

405 1210 759 1267 misericorde
798 1215 926 1280 Deo,
973 1217 1373 1285 promptissime
1413 1216 1514 1269 hoc
1556 1214 1737 1269 facere
1797 1214 1978 1268 stude-

402 1297 555 1364 bant,
583 1309 636 1354 et
662 1316 691 1355 e
718 1303 876 1358 terris
904 1304 1314 1373 imperiosorum
1352 1302 1690 1356 dominorum
1721 1314 1978 1368 propera-

404 1390 554 1444 bant.
587 1391 817 1448 Ferente
866 1404 1044 1449 autem
1077 1393 1248 1464 legem
1282 1394 1335 1448 in
1382 1392 1619 1456 Choreb,
1668 1388 1975 1459 congregati

404 1496 525 1536 cum
559 1482 740 1553 Moyse
782 1485 847 1538 ad
889 1494 1125 1539 montem
1162 1485 1310 1547 Sina,
1348 1480 1748 1553 promittebant,
1788 1496 1807 1530 ι
1851 1486 1977 1534 0m-

401 1562 490 1627 nia
534 1588 653 1643 Qum
702 1575 836 1630 dixit
861 1576 1013 1630 nobis
1043 1575 1299 1629 Dominus
1361 1574 1644 1634 faciemus,
1692 1580 1745 1624 et
1776 1570 1977 1623 erimus

403 1666 717 1721 obedientes
753 1666 820 1721 “.
861 1686 878 1717 ι
924 1668 1039 1720 Erit
1085 1667 1245 1736 igitur
1293 1665 1510 1719 humilis
1552 1673 1607 1716 et
1655 1660 1972 1723 tractabilis,

402 1760 853 1828 quemadmodum
888 1769 941 1813 et
977 1759 1151 1823 initio,
1183 1758 1398 1827 quando
1428 1772 1520 1823 per
1548 1755 1719 1824 legem
1765 1754 1829 1807 ad
1882 1769 1975 1808 co-

399 1850 692 1916 guitionem
721 1849 815 1906 Dei
852 1856 1126 1919 generata,
1163 1848 1492 1903 voluntatem
1526 1848 1761 1901 divinam
1807 1845 1979 1899 libens
2013 1845 2050 1897 Β

402 1937 883 2008 complectebatur.
930 1938 1054 1993 Dies
1090 1954 1219 2006 ergo
1243 1937 1539 2006 iuventutis
1569 1938 1855 2007 appellavit
1896 1950 1979 1989 re-

401 2031 805 2099 generationem
840 2046 934 2101 per
965 2030 1133 2100 legem
1160 2030 1225 2084 ad
1258 2030 1618 2099 cognitionem
1654 2028 1771 2081 Dei.
1802 2026 1981 2091 Quare

402 2122 566 2176 etiam
602 2122 736 2176 dixit
769 2141 782 2178 :
823 2139 841 2172 ι
876 2116 1275 2189 Primogenitus
1306 2120 1449 2174 filius
1483 2132 1634 2173 meus
1669 2116 1833 2171 Israel
1859 2116 1923 2167 ⁵⁵.
1957 2133 1974 2164 ι

470 2314 636 2369 Vans.
680 2315 767 2381 16,
807 2316 891 2370 l7.
934 2316 999 2369 Et
1023 2317 1144 2379 erit,
1173 2316 1229 2367 iu
1262 2314 1346 2367 die
1370 2313 1482 2376 illa,
1522 2310 1650 2364 dicit
1682 2308 1979 2370 Dominus;

401 2409 604 2462 vocabit
643 2424 724 2460 me
754 2424 769 2461 :
802 2396 897 2460 l’ir
921 2424 1085 2473 meus,
1112 2417 1156 2459 et
1188 2422 1289 2459 non
1322 2406 1524 2458 vocabit
1554 2420 1634 2457 me
1668 2400 1807 2455 ultra
1840 2397 1982 2452 Βαα-

400 2500 514 2556 lim.
564 2499 635 2554 Et
684 2502 943 2571 auferam,
986 2499 1201 2551 nomina
1254 2496 1463 2550 Baalim
1514 2510 1577 2547 ex
1632 2510 1717 2546 ore
1759 2491 1893 2559 ejus,
1932 2502 1979 2544 et

400 2608 504 2645 non
546 2593 963 2646 recordabuntur
994 2591 1131 2644 ultra
1174 2590 1450 2643 nominum
1489 2586 1725 2639 illorum.

471 2752 660 2807 XXVI.
706 2752 853 2805 D'iein
891 2752 995 2805 hoc
1027 2749 1143 2802 loco
1177 2758 1389 2817 tempus
1431 2746 1698 2800 adventus
1734 2744 1979 2798 Salvato-

400 2845 476 2898 ris
504 2844 672 2899 nostri
698 2844 981 2897 nominat:
1032 2840 1245 2910 pr0prie
1282 2840 1430 2891 enim
1485 2852 1548 2889 ac
1580 2851 1705 2888 vere
1736 2835 1852 2888 dies
1880 2848 1977 2887 vo-

401 2938 513 2991 cari
569 2944 748 3006 potest
798 2942 1010 3004 tempus
1078 2930 1468 2986 incarnationis
1521 2926 1818 2995 Unigeniti,
1873 2938 1980 2995 quo

400 3027 575 3099 caligo
603 3027 656 3079 in
694 3025 891 3079 mundo
926 3024 1145 3107 depulsa
1178 3032 1282 3086 est,
1314 3029 1368 3075 et
1391 3016 1686 3090 proﬂigatae
1719 3014 1975 3079 tenebrae,

400 3127 454 3172 et
498 3118 648 3186 quasi
681 3116 899 3185 quidam
942 3106 1256 3182 splendores
1308 3112 1361 3165 in
1408 3109 1605 3164 animis
1644 3106 1974 3162 credentium

399 3210 601 3274 exorti,
656 3208 807 3263 etsol
864 3206 1088 3276 iustitia:
1137 3203 1403 3266 illuxit“,
1466 3215 1603 3253 verae
1656 3196 2048 3266 cognitionisc

399 3303 495 3359 Dei
540 3303 718 3357 lumen
753 3302 998 3354 inserens
1027 3299 1112 3364 iis,
1144 3298 1239 3367 qui
1291 3295 1484 3351 mentis
1523 3292 1709 3348 oculos
1763 3288 1976 3358 aperire

400 3404 687 3449 noverunt.
742 3392 833 3446 Illo
887 3392 1051 3461 igitur
1091 3399 1352 3458 tempore,
1415 3388 1612 3455 inquit,
1669 3393 1857 3439 vocata
1908 3381 1975 3434 ad

402 3481 728 3552 agnitionem
761 3480 870 3534 veri
899 3480 1015 3539 Dei.
1048 3494 1076 3531 a
1107 3479 1273 3532 veteri
1302 3476 1389 3530 illa
1454 3485 1509 3528 et
1540 3474 1725 3529 odiosa
1759 3472 1977 3526 levitate

402 3572 662 3635 discedet,
687 3582 786 3625 nec
807 3571 1036 3640 amplius
1066 3572 1311 3625 alicunde
1335 3570 1400 3622 ad
1421 3568 1744 3638 apostasiam
1777 3582 1803 3618 a
1830 3573 1977 3619 recto

406 3656 677 3712 curriculo
720 3656 877 3710 facile
904 3659 1355 3725 detorquebitur;
1397 3659 1488 3710 sed
1525 3656 1763 3709 animum
1800 3654 1975 3722 potius

406 3761 552 3804 recte
593 3760 646 3803 et
688 3748 978 3803 salubriter
1022 3749 1324 3803 constantia
1370 3749 1589 3817 pietatis
1634 3750 1974 3802 incedentem

404 3832 647 3906 habebit,
675 3844 727 3894 ul
759 3856 933 3910 neque
959 3850 1218 3910 punctum
1250 3840 1506 3907 temporis
1544 3840 1759 3892 nomina
1808 3837 1977 3890 idolo-

404 3951 524 3989 rum
551 3936 603 3989 iu
632 3950 883 3989 sermone
926 3942 1165 4001 usurpet.
1213 3933 1440 3987 Vocabit
1464 3935 1605 3986 enim
1635 3946 1742 3996 me,
1779 3931 1974 3999 inquit,

404 4027 501 4080 Vir
524 4042 694 4091 meus,
730 4036 783 4080 et
812 4034 915 4079 non
946 4025 1161 4079 vocabit
1193 4038 1276 4077 me
1304 4023 1442 4076 ultra
1475 4023 1701 4088 Baalim,
1747 4023 1846 4076 hoc
1897 4031 1979 4076 est

404 4117 729 4187 temperabit
773 4132 801 4169 a
856 4115 1121 4180 libidine,
1176 4126 1231 4168 et
1282 4114 1536 4169 fornicari
1600 4115 1653 4167 in
1703 4124 1975 4181 posterum

402 4209 700 4266 recusabit.
736 4208 911 4279 Magni
940 4217 1121 4263 autem
1169 4208 1481 4271 aestimabit,
1535 4222 1654 4262 esse
1695 4220 1758 4263 se
1806 4206 1978 4275 legiti-

403 4316 568 4368 mam,
603 4310 656 4355 et
682 4283 1056 4369 cognationem
1088 4300 1454 4364 confitebitur,
1487 4298 1835 4366 'Spiritualem
1874 4298 1979 4351 nti-

404 4410 531 4462 que.
584 4392 905 4460 Neuliquam
948 4402 1127 4444 autem
1166 4390 1302 4443 idola
1342 4390 1544 4441 Baalim
1574 4389 1867 4448 invocabit,
1911 4403 1976 4441 ex

404 4488 584 4556 lapide
618 4485 885 4548 confecta,
933 4494 984 4537 et
1013 4483 1375 4553 quorumdam
1425 4480 1654 4534 artificio
1700 4481 1883 4534 solerti
1925 4482 1977 4534 in

2078 572 2253 642 όπρὺς
2276 572 2584 624 εὐπείθειαν
2611 569 2848 633 εὔκολος,
2870 572 2962 624 καὶ
2988 573 3106 643 Θεῷ
3127 575 3245 626 λίαν
3265 577 3453 643 ὴγαπη
3464 574 3621 643 μένος
3638 614 3653 629 .

2077 662 2185 713 Καὶ
2236 660 2367 729 γοῦν
2416 662 2518 729 ἔφη
2566 677 2668 713 που
2715 660 2777 712 δι’
2807 661 2923 724 ἑνὸς
2962 663 3070 714 τῶν
3116 664 3285 731 ἁγίων
3318 664 3655 735 προφητῶν·

2085 773 2102 804 ι
2127 754 2248 806 Ἐπὶ
2297 754 2418 806 τίνα
2467 753 2764 822 ὲπιὸλέψω,
2794 752 2909 806 ἀλλ’
2940 754 2973 824 ἢ
2999 756 3092 807 ἐπὶ
3134 756 3227 808 τὸν
3256 757 3529 817 ταπεινὸν,
3563 756 3659 810 καὶ

2077 845 2322 914 ἡσύχιον,
2350 846 2442 897 καὶ
2475 845 2747 915 τρέμοντά
2778 863 2876 914 μου
2902 848 3029 911 τοῦς
3056 847 3247 915 λόγους
3273 865 3286 912 ;
3325 870 3342 900 ι
3373 850 3539 901 Ὅταν
3566 845 3660 902 οὖν

2077 935 2313 1005 λαλήσω,
2352 937 2535 1005 φησὶν,
2571 936 2661 989 ἐπὶ
2692 937 2789 1005 τὴν
2823 938 3051 1008 καρδίαν
3084 939 3407 1008 αύτῆς,τότε
3429 939 3511 1009 δὴ,
3536 940 3658 991 τότε

2078 1029 2172 1082 καὶ
2214 1028 2351 1097 αὑτὴ
2386 1029 2878 1101 ταπεινωθήσεται,
2915 1031 3057 1085 καθά
3092 1033 3185 1084 καὶ
3235 1034 3292 1085 ἐν
3325 1034 3540 1103 ἀρχαῖς,
3570 1035 3657 1085 ὅτε

2077 1118 2368 1182 καλοῦντος
2428 1120 2707 1184 Μωσέως,
2756 1123 2850 1174 καὶ
2904 1124 3001 1193 τῆς
3052 1125 3361 1191 Αἰγυπτίων
3407 1124 3661 1193 ἀπαίρειν

2078 1214 2510 1283 προστεταχότος
2526 1212 2618 1266 τοῦ
2640 1214 3072 1284 φιλοικτίρμονος
3088 1216 3245 1281 Θεοῦ,
3260 1216 3428 1287 προου
3439 1215 3659 1284 μώτατα

2081 1304 2178 1373 μὲν
2229 1303 2385 1355 τοῦτο
2432 1303 2563 1374 δρᾷν
2622 1304 2973 1367 ἐσπούδαζον,
3037 1306 3133 1359 καὶ
3172 1307 3271 1375 τῆς
3312 1306 3419 1357 τῶν
3469 1304 3641 1356 πλεονν

2078 1394 2383 1447 εκτούντων
2410 1393 2708 1464 ἀπέτρεχον
2731 1394 2853 1464 γῆς.
2897 1384 3203 1465 Ὀρίζοντος
3227 1395 3282 1446 δὲ
3311 1395 3432 1457 τοὺς,
3464 1395 3661 1463 νόμους

2078 1488 2135 1537 ὲν
2156 1483 2377 1555 Χωρήϐ,
2412 1484 2881 1555 συναγηγερμένοι
2918 1484 3056 1554 μετὰ
3085 1484 3325 1547 Μωσέως
3350 1484 3442 1537 ἐπὶ
3462 1484 3521 1535 τὸ
3536 1484 3661 1553 ὅρος

2078 1574 2225 1639 Σινὰ,
2259 1575 2763 1644 κατεπηγγέλλοντο
2793 1574 3045 1642 λέγοντες
3072 1593 3085 1605 ο
3117 1593 3135 1625 ι
3171 1575 3357 1627 Πάντα
3380 1575 3479 1627 ὅσα
3509 1570 3661 1626 εἶπεν

2078 1669 2209 1738 ἡμῖν
2239 1668 2439 1740 Κύριος
2477 1670 2505 1721 6
2556 1668 2707 1733 Θεὸς,
2739 1670 3060 1739 ποιήσομεν,
3098 1669 3193 1721 καὶ
3241 1668 3601 1738 ἀκουσόμεθα.
3636 1686 3655 1719 ι

2081 1761 2288 1813 Οὐκοῦν
2315 1762 2463 1814 ἔσται
2494 1760 2721 1830 ταπεινὴ
2757 1762 2851 1814 καὶ
2881 1762 3111 1831 εὐήνιος,
3138 1760 3281 1813 καθὰ
3312 1761 3404 1813 καὶ
3450 1762 3506 1813 ὲν
3555 1762 3660 1830 ἀρ-

2082 1855 2222 1923 χαῖς,
2254 1853 2341 1905 ὅτε
2385 1853 2484 1922 τήν
2528 1852 2616 1905 διὰ
2666 1852 2832 1921 νόμου
2883 1852 3019 1921 πρὸς
3059 1851 3387 1919 θεογνωσίαν
3419 1849 3663 1903 λαϐοῦσα

2082 1946 2354 2016 γέννησιν,
2388 1945 2641 2016 ἀσμένως
2663 1944 2873 2015 ἐδέχετο
2900 1945 2958 1998 τὸ
2985 1944 3064 2015 τῷ
3089 1942 3208 2012 Θεῷ
3234 1942 3423 1995 δοκοῦν
3467 1942 3663 2011 νηπιό-

2080 2053 2261 2104 τητος.
2291 2036 2481 2089 Τοίνυν
2507 2035 2739 2107 ἡμέρας,
2768 2036 2866 2107 τὴν
2895 2036 2982 2088 διὰ
3027 2035 3192 2104 νόμου
3242 2034 3405 2102 φησὶν
3438 2032 3666 2099 ἀναγέν-

2082 2144 2236 2197 νησιν
2265 2128 2343 2190 είς
2373 2126 2701 2196 θεογνωσίαν
2720 2142 2735 2158 ο
2767 2126 3046 2198 τοιγάρτοι
3082 2125 3176 2177 καὶ
3202 2123 3458 2192 ἔφασκεν,
3489 2142 3507 2173 ι
3534 2123 3665 2187 Υἱὸς

2082 2217 2422 2287 πρωτότοκός
2451 2235 2552 2289 μου
2589 2218 2826 2288 Ἰσραήλ.
2863 2236 2879 2268 ι

2152 2308 2261 2361 Kal
2288 2308 2459 2362 ἔσται
2477 2350 2491 2373 ,
2524 2308 2594 2359 ἐν
2617 2306 2693 2375 τῇ
2732 2306 2919 2376 ἡμέρᾳ
2946 2306 3169 2373 ἐκείνῃ,
3206 2306 3367 2372 λέγει
3406 2302 3620 2369 Κύριος
3644 2339 3661 2365 ,

2080 2399 2328 2455 καλέσει
2350 2416 2427 2468 με
2463 2416 2475 2429 ·
2505 2398 2686 2465 Ἀνήρ
2739 2415 2859 2466 μου
2883 2414 2896 2428 ο
2931 2397 3026 2449 καὶ
3057 2398 3128 2450 οὐ
3160 2393 3403 2448 καλέσει
3442 2409 3518 2461 με
3574 2391 3663 2443 ἔτι

2079 2494 2366 2561 Βααλείμ.
2403 2490 2511 2547 Καὶ
2544 2486 2738 2557 ἐξαρῶ
2770 2487 2839 2540 τὰ
2872 2489 3132 2556 ὀνόματα
3172 2486 3292 2538 τῶν
3313 2482 3573 2549 Βααλεὶμ
3594 2482 3663 2534 ἐκ

2079 2586 2380 2653 στόματος
2405 2580 2617 2650 αὐτῆς,
2672 2580 2769 2634 καί
2808 2582 2880 2633 οὐ
2924 2579 3007 2647 μὴ
3048 2576 3405 2646 μνησθῶσιν
3436 2576 3546 2628 οὐκ
3572 2573 3662 2626 ἐτι

2079 2680 2149 2733 τὰ
2172 2678 2431 2746 ὀνόματα
2459 2673 2676 2729 αὐτῶν.

2148 2769 2292 2832 Κίῖκ
2344 2767 2585 2836 Ἡμέραν
2617 2765 2717 2835 μὲν
2743 2764 2798 2817 ἐν
2823 2762 3031 2823 τούτοις
3059 2761 3149 2813 τὸν
3169 2761 3267 2829 τῆς
3288 2759 3383 2811 τοῦ
3414 2757 3662 2826 Σωτῆρος

2076 2858 2234 2930 ήμῶν
2288 2858 2580 2927 ἐπιδημίας
2616 2856 2872 2925 ὀνομάζει
2900 2852 3091 2924 καιρόν
3116 2867 3131 2881 ⁶
3189 2850 3514 2919 κεκλήσεται
3552 2847 3663 2918 γάρ

2077 2950 2260 3020 ήμέρα
2316 2947 2518 3019 κυρίως
2578 2948 2673 3000 καὶ
2704 2946 2951 3017 ἀληθῶς,
3013 2945 3112 3014 τῆς
3176 2941 3271 2997 τοῦ
3323 2938 3663 3009 Μονογενοῦς

2077 3039 2234 3093 ὲνανθ
2246 3040 2543 3110 ρωπήσεως
2559 3038 2586 3089 6
2618 3037 2827 3107 καιρὸς,
2862 3035 2983 3090 καθ’
3009 3035 3067 3088 ὃν
3091 3037 3122 3105 ἠ
3146 3036 3202 3087 ὲν
3226 3034 3416 3103 κόσμῳ
3444 3032 3659 3084 λέλυται

2082 3128 2181 3198 μὲν
2208 3127 2396 3197 ἀχλύς·
2429 3126 2725 3195 ἠφάνισται
2760 3126 2815 3177 δὲ
2861 3125 2955 3178 καὶ
2981 3125 3041 3177 τὸ
3094 3123 3299 3186 σκότος’
3326 3122 3575 3192 λαμπρού⁸
3604 3121 3661 3173 δὲ

2080 3219 2269 3288 ῶσπερ
2298 3218 2609 3287 ἀνίσχουσιν
2624 3217 2792 3284 αὐγαὶ
2819 3215 2957 3268 κατὰ
2978 3213 3101 3267 νοῦν
3123 3217 3233 3276 τοῖς
3250 3211 3660 3273 πεπιστευκόσι,

2080 3312 2175 3363 καλ⁵
2204 3311 2231 3361 ὁ
2260 3310 2359 3379 τῆς
2385 3307 2732 3377 δικαιοσύνης
2762 3307 3076 3376 ἐπέλαμψεν
3110 3306 3277 3375 ἥλιος,
3306 3305 3404 3373 τῆς
3430 3302 3662 3371 ἀληθοῦς

2081 3398 2410 3466 θεογνωσίας
2451 3396 2511 3449 τὸ
2545 3397 2659 3464 φῶς
2687 3396 2849 3460 ἐνιεὶς
2875 3399 2985 3458 τοῖς
3024 3393 3338 3463 ἀνευρύνειν
3373 3392 3535 3445 εἰδόσι
3563 3393 3663 3462 τῆς

2078 3489 2316 3551 διανοίας
2371 3487 2461 3541 τὸν
2509 3487 2807 3556 ὀφθαλμόν.
2856 3488 2992 3539 Κατ’
3025 3488 3200 3539 ἐκεῖνο
3222 3484 3285 3555 δὴ
3306 3478 3398 3538 οὖν
3420 3483 3513 3535 τοῦ
3541 3501 3664 3535 και-

2081 3582 2199 3655 ροῦ,
2244 3582 2399 3651 φησὶ,
2462 3580 2772 3650 κεκλημένη
2835 3579 2969 3648 πρὸς
3020 3578 3310 3645 ἐπίγνωσιν
3366 3574 3457 3627 τοῦ
3522 3574 3660 3627 κατά

2079 3672 2334 3743 ἀλήθειαν
2360 3673 2509 3733 ὄντος
2541 3671 2697 3733 Θεοῦ,
2733 3670 3023 3737 καταλήξει
3061 3670 3158 3737 μὲν
3184 3667 3285 3735 τῆς
3316 3667 3488 3736 ἀρχῆς
3516 3666 3661 3717 ὲκεί-

2080 3782 2198 3834 νης,
2242 3765 2337 3815 καὶ
2388 3762 2655 3830 στυγητῆς
2694 3761 2957 3830 ὲλαφρίας
2982 3777 2993 3788 ·
3028 3758 3409 3828 εὐπαράφορος
3437 3757 3493 3808 δὲ
3535 3757 3664 3809 οὐκ·

2081 3854 2159 3905 έτι
2215 3854 2349 3923 πρὸς
2418 3850 2756 3904 ἀποστασίαν
2822 3849 2973 3901 ἔσται
3036 3847 3220 3901 ποθέν.
3276 3848 3553 3918 Βεὸηκότα
3604 3846 3662 3899 δὲ

2083 3944 2280 4014 μᾶλλον
2320 3942 2495 4012 ὀρθῶς
2516 3958 2574 3993 τε
2602 3941 2697 3994 καὶ
2736 3940 2922 4009 ὑγιῶς,
2956 3939 3050 3992 καὶ
3098 3939 3433 4009 ἀκράδαντον
3467 3940 3545 4001 είς
3574 3936 3663 3989 εύ-

2083 4034 2294 4088 σὲὄειαν
2325 4032 2434 4097 ’ἐξει
2458 4034 2547 4085 τὸν
2569 4031 2713 4094 νοῦν,
2749 4032 2824 4095 ῶς
2859 4031 2991 4100 μηδὲ
3017 4031 3140 4083 ὅσον
3170 4032 3364 4096 εἰπεῖν,
3396 4030 3475 4090 είς
3498 4029 3661 4094 λόγου

2082 4124 2275 4195 χρῆσιν
2303 4122 2476 4175 ἐλθεῖν
2520 4121 2587 4174 τὰ
2636 4120 2745 4173 τῶν
2782 4119 3014 4172 εἰδώλων
3047 4117 3307 4186 ὀνόματα.
3426 4114 3661 4167 Καλέσει

2081 4214 2189 4284 γάρ
2225 4230 2312 4283 με,
2347 4212 2534 4282 φησιν,
2560 4212 2587 4262 6
2611 4211 2751 4280 ἀνήρ
2778 4226 2901 4277 μου,
2936 4208 3027 4259 καὶ
3054 4208 3116 4257 οὐ
3145 4206 3359 4258 καλέσει
3388 4219 3453 4273 με
3477 4202 3657 4255 οὐκέτι

2082 4304 2352 4375 Βααλείμ·
2415 4302 2715 4367 τουτέστιν,
2735 4299 3113 4353 ἀποπαύσεται
3138 4296 3233 4349 τοῦ
3260 4292 3395 4349 εἶναι
3429 4293 3656 4364 μαχλάς,

2083 4398 2175 4451 καὶ
2204 4396 2607 4467 παραιτήσεται
2639 4394 2737 4463 μὲν
2760 4391 2819 4445 τὸ
2852 4388 3132 4459 πορνεύειν
3158 4387 3256 4440 ἔτι.
3283 4386 3570 4455 Ποιήσεται
3601 4382 3658 4435 δὲ

2083 4489 2210 4557 περὶ
2249 4486 2443 4540 πολλοῦ
2484 4486 2542 4539 τὸ
2588 4482 2728 4538 εἶναι
2774 4483 3003 4552 γνησία,
3041 4480 3135 4533 καὶ
3181 4478 3503 4549 ὁμολογήσει
3562 4474 3659 4545 τὴν

405 4580 639 4647 speciem
699 4577 991 4630 humanam
1037 4572 1371 4627 conformata
1435 4573 1486 4625 in
1524 4572 1627 4625 diis
1667 4587 1977 4626 numerans.

2085 4582 2412 4651 οίκειότητα,
2432 4579 2588 4647 δῆλον
2621 4577 2676 4629 δὲ
2705 4578 2785 4629 ὅτι
2818 4576 2916 4645 τὴν
2951 4572 3342 4639 πνευματικήν.
3374 4565 3659 4620 Ἐπικαλέ-

411 4688 431 4720 ι
464 4670 647 4737 Itaque
693 4681 797 4732 me,
848 4666 1043 4733 inquit,
1082 4663 1417 4717 vocabit'Vir
1451 4677 1621 4718 meus.
1656 4681 1675 4715 ι
1711 4662 1818 4732 50
1843 4662 1976 4716 Nam

404 4770 465 4813 ιιι
494 4761 681 4830 pudica
716 4770 771 4813 et
796 4757 1117 4827 probissima
1154 4770 1209 4809 se
1258 4756 1325 4810 ad
1369 4773 1452 4809 tne
1488 4768 1790 4823 convertet,
1822 4772 1885 4812 ac
1914 4758 1981 4813 de

406 4861 604 4904 crctcro
632 4850 821 4917 diliget
844 4848 1073 4903 aliorum
1100 4848 1371 4901 neminem
1402 4863 1418 4915 ;
1456 4862 1553 4901 nec
1581 4847 1717 4900 ultra
1756 4849 1977 4903 invoca-

404 4943 486 4997 bit
510 4943 734 4997 Baalim.
762 4942 935 4996 Etiam
960 4942 1064 4996 alio
1088 4956 1284 5004 sensu,
1318 4941 1367 4994 si
1398 4941 1481 4995 cui
1518 4939 1803 5009 placuerit,
1836 4942 1978 5009 quod

408 5035 606 5089 dicitur
640 5034 887 5101 accipiet.
912 5032 1111 5087 Baalim
1156 5034 1321 5097 enim,
1350 5031 1491 5101 quod
1530 5042 1731 5086 norunt
1761 5046 1972 5097 omnes,

410 5125 551 5181 idola
594 5124 889 5193 signiﬁcat.
927 5123 1184 5177 Solebant
1230 5134 1412 5177 autem
1456 5123 1694 5178 Hebraeae
1726 5125 1978 5178 mulieres

411 5219 638 5273 maritos
660 5231 789 5270 suos
815 5213 1070 5269 falsorum
1094 5215 1314 5269 deorum
1347 5216 1657 5269 nominibus
1688 5214 1980 5283 appellare,

410 5312 501 5381 qui
532 5325 647 5365 mos
672 5310 1048 5378 iniquissimus
1079 5308 1184 5362 illis
1202 5308 1391 5363 honori
1418 5319 1557 5364 erat.
1590 5308 1719 5377 Ejus
1749 5309 1983 5379 primum

413 5413 649 5457 actorem
694 5400 891 5455 Ninum
937 5400 1294 5472 Babylonium
1356 5401 1564 5468 ferunt,
1628 5407 1717 5470 qui
1774 5411 1983 5470 patrem

413 5508 573 5546 suum
601 5491 897 5546 nominavit
923 5490 1132 5555 Belum,
1182 5506 1210 5545 a
1253 5490 1346 5545 Bel
1370 5490 1512 5545 idolo
1540 5494 1681 5559 quod
1713 5491 1981 5544 colebant.

415 5570 718 5639 Desituram
754 5582 916 5654 igitur
963 5593 1017 5638 et
1060 5582 1200 5637 hanc
1252 5583 1386 5636 adeo
1421 5583 1724 5651 pudendam
1756 5598 1983 5637 consue-

494 5762 535 5791 "
585 5759 684 5818 lsa.
718 5780 862 5831 uvl,
895 5765 945 5819 9..
1026 5765 1069 5796 “
1098 5765 1263 5818 Exod.
1298 5779 1441 5827 xxiv,
1476 5762 1521 5813 7.

2087 4688 2237 4724 σεται
2260 4671 2316 4722 δὲ
2345 4668 2596 4739 οὐδαμῶς
2628 4667 2697 4721 τά
2719 4665 2981 4734 Βααλεὶμ,
3013 4662 3168 4723 θεοὺς
3201 4655 3337 4711 εἶναι
3364 4655 3660 4726 νομίζουσα

2082 4764 2151 4816 τὰ
2179 4764 2241 4816 ὲκ
2278 4763 2442 4815 λίθων
2472 4760 2835 4830 πεποιημένα,
2890 4757 2983 4811 καὶ
3016 4758 3134 4817 ταῖς
3164 4771 3326 4806 τινων
3362 4749 3659 4819 εὐτεκνίαις

2086 4855 2505 4922 πεπλαστουργη
2517 4852 2651 4921 μένα
2688 4852 2825 4920 πρὸς
2851 4846 2989 4911 εἶδος
3013 4848 3075 4900 τὸ
3108 4843 3470 4916 ἀνθρώπινον.
3515 4861 3531 4892 ι
3558 4841 3660 4893 Οὑ-

2088 4948 2217 5002 κοῦν
2238 4949 2337 5016 ἐμὲ
2376 4948 2493 5017 μὲν,
2523 4947 2674 5017 φησὶ,
2707 4946 2926 4999 καλεσει
2970 4946 2998 4997 6
3031 4944 3168 5012 ἀνήρ
3197 4958 3318 5011 μου.
3361 4958 3377 4991 ι
3422 4936 3660 5006 Σώφρων

2085 5039 2194 5111 γὰρ
2220 5034 2307 5093 οἷά
2346 5058 2427 5102 τις
2481 5041 2573 5092 καὶ
2623 5037 3006 5105 ἐπιεικεστάτη
3067 5034 3349 5102 ποιήσεται
3410 5028 3548 5097 πρός
3591 5044 3658 5096 με

2084 5130 2183 5201 τὴν
2211 5131 2559 5199 ἀποστροφήν
2577 5145 2589 5158 ·
2622 5128 2900 5196 ἀγαπήσει
2924 5125 2982 5177 δὲ
3006 5122 3191 5174 λοιπὸν
3218 5119 3325 5171 τῶν
3359 5117 3533 5169 ἄλλων
3564 5119 3656 5169 οὺ·-

2085 5223 2231 5285 δένα,
2265 5222 2645 5275 ἑπικαλέσεται
2696 5222 2752 5273 δὲ
2780 5218 2961 5271 οὐκέτι
2998 5216 3066 5268 τά
3096 5211 3356 5279 Βααλείμ.
3399 5211 3510 5264 Καὶ
3535 5209 3659 5262 καθ’

2084 5314 2267 5384 ἕτερον
2315 5314 2370 5367 δὲ
2411 5314 2626 5385 τρόπον,
2663 5311 2820 5381 εἴπερ
2856 5326 2934 5378 τῳ
2957 5308 3121 5369 δοκεῖ,
3164 5304 3225 5357 τὸ
3248 5302 3535 5376 εἰρημένον
3564 5304 3656 5355 ἐκέ

2084 5405 2310 5468 δέξεται.
2338 5404 2579 5473 Βααλεὶμ
2599 5403 2698 5473 μὲν
2726 5401 2833 5471 γὰρ
2865 5396 3309 5470 ὁμολογουμένως
3337 5396 3657 5465 σημαίνεται

2082 5495 2152 5547 τά
2198 5495 2413 5547 εἴδωλα.
2481 5496 2567 5546 Ἐν
2617 5492 2726 5545 ἔθει
2755 5492 2811 5544 δὲ
2839 5488 2906 5562 ἦν
2942 5492 3063 5551 ταῖς
3124 5486 3390 5557 Ἑϐραίων
3441 5483 3657 5553 γυναιξὶ⁹

2084 5588 2209 5649 τοὺς
2252 5586 2414 5649 ἰδίους
2443 5585 2639 5655 ἄνδρας
2668 5588 2779 5647 τοῖς
2818 5583 2925 5637 τῶν
2956 5579 3321 5651 ψευδωνύμων
3375 5576 3513 5631 θεῶν
3540 5574 3655 5628 όνόο

1622 5765 1665 5793 ³⁵
1700 5766 1864 5821 Exod.
1896 5781 1968 5831 tv,
2011 5766 2095 5819 ἐξ.
2174 5769 2217 5797 ⁵⁵
2249 5768 2471 5823 Μιιιίιιιι.
2517 5784 2585 5833 tv,
2619 5768 2672 5823 ‘3.
