4002 6220
257 360 325 414 ες]
1186 350 1731 406 COMMENTARIUS
1770 350 1837 405 IN
1879 351 2107 408 OSEAM
2150 350 2594 408 PROPllltTAM.
3438 352 3509 407 90
3596 406 3605 416 .

260 488 431 544 μασιν
459 471 775 533 ἀποκαλεῖν,
810 471 903 523 καὶ
928 469 1093 539 τιμῆς
1118 464 1184 538 ἦν
1206 461 1359 532 οὗτος
1393 469 1574 531 αὐτοῖς
1604 470 1839 535 ἐξαίσιος

1967 471 2179 522 ndincm
2238 471 2512 536 indicavit,
2570 486 2691 525 cum
2748 471 2919 523 dixit:
2954 467 3228 521 «Vocabit
3275 483 3360 519 me
3418 466 3511 518 Vir

254 564 483 635 τρόπος.
542 560 846 633 Ἀρξασθαι
900 560 993 612 τοῦ
1055 560 1260 613 τοιοῦδε
1309 560 1631 629 πράγματος
1681 560 1839 613 Νῖνον

254 656 351 708 τὸν
384 653 746 716 Βαϐυλώνιον,
775 651 835 714 ὃς
864 652 954 704 τὸν
981 652 1109 704 ἴδιον
1137 651 1345 720 πατέρα
1366 652 1616 718 ὠνόμασε
1648 650 1839 718 Βῆλον,

257 746 326 797 ὲκ
351 744 451 796 τοῦ
501 744 631 811 παρ’
659 744 841 804 αὐτοῖς
872 741 1111 803 εἰδώλου,
1157 742 1299 810 φημί
1326 740 1389 811 δὴ
1440 740 1534 792 τοῦ
1566 739 1693 809 Βήλ.
1721 741 1842 792 Ὅτι

256 835 444 886 τοίνυν
470 832 918 886 ἀποπεπαύσεται
960 832 1052 884 καὶ
1089 831 1186 900 τῆς
1215 830 1386 893 οὕτως
1435 832 1665 901 αἰσχρᾶς
1715 847 1843 884 συν-

256 924 475 993 ηθείας,
510 922 993 991 καταμεμήνυκεν,
1023 918 1189 971 εἰπών
1214 932 1227 947 ’
1263 918 1526 971 ιΚαλέσει
1557 936 1621 988 με
1643 920 1670 970 ὁ
1697 920 1834 989 ἀνήρ

260 1031 389 1084 μου,
445 1014 541 1065 καὶ
586 1013 645 1064 οὐ
677 1011 895 1064 καλεσει
930 1028 995 1079 με
1026 1010 1206 1062 οὐκέτι
1243 1008 1499 1078 Βααλείμ.
1543 1029 1561 1062 ι
1623 1011 1685 1062 Εἰ
1728 1011 1836 1080 γὰρ

255 1104 459 1165 ἓλοιτο,
490 1101 645 1171 φησί,
672 1100 831 1169 τυχὸν
860 1099 1026 1169 ἄνδρα
1074 1099 1359 1169 ὀνομάζειν
1404 1100 1525 1169 ἐμὲ,
1583 1104 1840 1168 προσερεῖ

1940 576 2113 621 tuens,
2161 569 2217 613 et
2262 575 2364 612 non
2414 560 2625 613 vocabit
2659 575 2742 613 me
2776 559 2912 612 ultra
2953 558 3175 611 Baalim.
3210 576 3227 607 ›
3258 556 3315 609 Si
3359 555 3507 607 enim

1940 649 2202 713 voluerit,
2277 649 2489 717 inquit,
2549 651 2781 704 fortasse
2836 648 3009 701 virum
3067 647 3335 716 appellare
3393 660 3500 706 me,

1939 740 2156 793 omnino
2184 740 2363 804 addet,
2390 748 2444 794 et
2470 740 2811 808 compellabit
2839 754 2944 802 me,
2979 738 3073 791 Vir
3106 752 3275 799 meus,
3312 747 3367 790 et
3403 748 3509 789 non

1940 830 2077 884 ultra
2131 830 2395 884 idolorum
2446 832 2750 885 nominibus
2796 831 3019 885 honoris
3071 830 3242 899 gratia
3288 842 3372 882 me
3415 842 3509 879 vo-

1942 922 2101 974 cabit.
2135 922 2359 984 Idcirco,
2388 922 2580 990 inquit,
2618 939 2636 972 ι
2663 921 2786 989 quia
2816 910 2979 975 etiam
3012 920 3254 980 auferam
3290 918 3511 971 nomina

1944 1012 2143 1065 Baalim
2170 1013 2234 1066 de
2264 1027 2359 1066 ore
2390 1012 2530 1079 ejus,
2564 1027 2664 1068 nec
2698 1010 3127 1066 recordabuntur
3152 1008 3382 1074 amplius
3414 1020 3512 1058 no-

1948 1120 2150 1156 lllllllllll
2178 1118 2388 1157 COI‘UID.
2421 1122 2439 1153 ι

255 1197 322 1298 ἢ
350 1194 677 1298 T-é‘ﬁﬂfa'p
694 1196 835 1264 ἀνήρ
866 1211 988 1296 μου,
1021 1194 1111 1298 xii.
1139 1193 1473 1298 OPitétt.‘roig
1500 1193 1606 1298 τῶν
1651 1196 1884 1248 εἰδώλων
1925 1196 2151 1266 ὀνόμασι
2186 1196 2401 1265 τιμῶσα
2432 1195 2669 1249 καλεσει.
2717 1193 2985 1263 Ταύτῃτοί
3034 1207 3204 1262 φησι,
3241 1190 3322 1241 ὅτι
3359 1206 3377 1238 ι
3403 1185 3514 1239 Kal

262 1286 452 1357 ἔξαρῶ
482 1285 553 1338 τὰ
584 1285 823 1354 ὀνόματα
879 1285 987 1337 τῶν
1049 1285 1295 1354 Βααλεὶμ
1338 1287 1402 1337 ἐκ
1437 1285 1702 1356 στόματος
1740 1287 1910 1359 αὐτῆς
1941 1288 2034 1341 καὶ
2056 1288 2115 1339 οὑ
2153 1287 2228 1357 μὴ
2261 1286 2569 1356 μνησθῶσιν
2596 1285 2776 1337 οὐκέτι
2797 1283 2867 1336 τὰ
2893 1283 3132 1351 ὀνόματα
3154 1279 3352 1332 αὐτῶν.
3384 1294 3403 1325 ι

332 1398 446 1452 Kal
478 1396 836 1465 διαθήσομαι
879 1396 1076 1461 αὐτοῖς
1110 1396 1400 1463 διαθήκην
1441 1397 1508 1450 ἐν
1538 1397 1611 1466 τῇ
1653 1399 1841 1468 ἡμέρᾳ

2007 1400 2279 1454 VERSJS.
2307 1399 2371 1451 Et
2417 1399 2689 1466 disponam
2729 1394 2836 1447 illis
2877 1394 2931 1446 in
2974 1393 3057 1444 die
3101 1390 3194 1441 illa
3242 1398 3511 1440 testamen’

260 1489 470 1554 ἐκείνῃ
487 1488 641 1556 μετὰ
671 1486 787 1539 τῶν
810 1487 1030 1554 θηρίων
1047 1487 1153 1540 τοῦ
1177 1488 1382 1555 ἀγροῦ,
1428 1490 1523 1541 καὶ
1549 1490 1694 1556 μετὰ
1728 1487 1843 1541 τῶν

1963 1507 2044 1542 um
2090 1506 2207 1542 cum
2255 1489 2431 1541 bestiis
2480 1496 2655 1550 terrw,
2702 1496 2748 1538 et
2786 1501 2901 1537 cum
2950 1480 3249 1535 volatilibus
3293 1476 3427 1538 cwii,
3468 1482 3515 1526 et

261 1580 558 1634 πετεινῶν
577 1580 684 1633 τοῦ
709 1580 991 1647 οὐρανοῦ,
1013 1581 1109 1633 καὶ
1141 1580 1259 1632 τῶν
1291 1580 1551 1649 ἑρπετῶν
1573 1581 1680 1648 τῆς
1694 1581 1807 1650 γῆς
1824 1598 1839 1613 ’

1940 1582 2209 1647 reptilibus
2270 1591 2444 1632 terrae.
2493 1576 2561 1630 Et
2609 1592 2812 1641 arcum,
2855 1582 2905 1628 et
2942 1572 3198 1643 gladium,
3236 1577 3284 1622 et
3325 1565 3515 1621 bellum

264 1672 365 1766 καί
387 1672 593 1766 τόξον,
624 1671 725 1766 zeal
756 1671 1078 1740 ῥομφαίαν,
1109 1670 1207 1724 καὶ
1236 1671 1503 1740 πόλεμον
1528 1673 1842 1740 συντρίψω

1963 1678 2211 1725 :onteram
2244 1671 2307 1724 de
2338 1680 2501 1723 terra.

266 1764 386 1817 ἀπὸ
423 1762 538 1830 τῆς
572 1761 704 1832 γῆς.

335 1911 570 1967 ΚΖ⁹ιἙν
608 1915 721 1975 τοῖς
756 1911 858 1981 ἤδη
894 1912 1426 1981 προανεγνωσμένοις
1476 1911 1732 1979 ἔφασκεν,
1766 1910 1849 1963 ὅτι

264 2004 415 2072 καὶῇ
456 2003 697 2071 ’Δφανιῶ
718 2002 958 2071 ἄμπελον
978 2003 1167 2071 αὐτῆς,
1208 2003 1302 2055 καὶ
1328 2002 1426 2064 τὰς
1456 2003 1625 2064 συκᾶς
1655 2001 1847 2069 αὐτῆς,

264 2096 368 2148 δσα
402 2089 552 2159 εἷπε,
583 2092 931 2163 Μισθὼματά
952 2111 1051 2163 μου
1081 2093 1253 2146 ταῦτα
1282 2091 1499 2155 ἐστιν,ἆ
1522 2091 1725 2144 ἔδωκάν
1761 2107 1849 2161 μοι

263 2188 315 2240 οἱ
346 2185 584 2255 ἐρασταί
612 2202 733 2256 μου.
768 2204 786 2236 ι
826 2183 1141 2255 Προσετίθει
1176 2183 1231 2236 δὲ
1258 2182 1485 2246 τούτοις,
1512 2184 1592 2235 ὄτι
1623 2200 1641 2234 ι
1678 2184 1851 2235 Κατα-

266 2281 505 2347 φάγεται
535 2278 678 2331 αὐτὰ
704 2277 774 2331 τὰ
825 2276 989 2347 θηρία
1021 2276 1115 2329 τοῦ
1151 2274 1344 2345 ἀγροῦ,
1398 2276 1490 2329 καὶ
1518 2275 1588 2327 τὰ
1631 2273 1855 2327 πετεινὰ

264 2372 359 2425 τοῦ
385 2371 646 2443 οὐρανοῦ,
672 2372 763 2423 καὶ
794 2370 862 2423 τὰ
890 2368 1096 2439 ἑρπετὰ
1123 2367 1223 2437 τῆς
1262 2368 1384 2437 γῆς.
1415 2386 1433 2419 ι
1462 2366 1846 2436 Διερμηνεύον-

264 2481 356 2527 τες
387 2464 446 2515 δὲ
481 2462 544 2515 τὸ
576 2462 761 2532 ῥητὸν,
793 2460 957 2530 θηρία
1000 2461 1094 2512 καὶ
1146 2460 1366 2512 πετεινὰ
1407 2456 1848 2529 παραδηλοῦσθαι

267 2556 521 2622 πλαγίως
548 2554 808 2623 ἐλέγομεν
838 2555 964 2615 τοὺς
986 2550 1228 2620 ἐχθροὺς,
1245 2551 1293 2601 οἳ
1325 2550 1423 2619 τὴν
1444 2549 1552 2601 τῶν
1585 2548 1852 2600 Ἰουδαίων

268 2645 658 2714 κατεληῖζοντο
689 2645 891 2714 χώραν,
932 2643 1168 2715 Πέρσαι,
1214 2644 1308 2695 καὶ
1338 2643 1529 2711 Μῆδοι,
1553 2643 1648 2694 καὶ
1682 2642 1853 2693 Βαϐυ-

268 2739 478 2795 λώνιοι,
513 2738 609 2789 καί⁴
636 2739 663 2788 ὁ
699 2736 989 2805 παμμιγὴς
1014 2735 1122 2787 τῶν
1154 2735 1327 2789 ἄλλων
1358 2733 1630 2804 πολεμίων
1658 2733 1812 2801 ὄχλος
1835 2770 1849 2795 ,

269 2830 318 2881 οἳ
347 2828 538 2898 θηρῶν
572 2826 779 2897 ἀγρίων
810 2826 966 2892 ὀλίγα
1007 2825 1303 2893 διενεγκεῖν
1335 2825 1525 2876 νοοῖντ’
1559 2823 1645 2885 ἂν,
1672 2823 1759 2875 διά
1787 2839 1851 2889 γε

269 2921 332 2973 τὸ
363 2918 650 2989 μιαιφόνον
688 2916 782 2968 τοῦ
820 2915 1041 2985 τρόπου,
1070 2917 1163 2967 καὶ
1218 2915 1402 2978 μέντοι
1443 2913 1618 2981 πτηνὰ
1646 2913 1733 2965 διὰ
1754 2913 1853 2982 τὴν

270 3012 511 3080 ὀξύτητα
558 3010 650 3062 τοῦ
699 3007 923 3077 δρόμου.

274 3100 689 3174 παμμόχθηροι,
724 3101 818 3152 καὶ
849 3100 1059 3168 δριμεῖς
1098 3097 1177 3158 εἰς
1228 3093 1509 3163 πονηρίαν.
1558 3087 1717 3146 Οὗτοι
1760 3091 1854 3144 τοῦ

288 3198 513 3270 Ἰσραὴλ
540 3199 594 3248 ὲν
613 3198 733 3257 ταῖς
762 3196 857 3263 τῆς
875 3193 1186 3262 Σαμαρείας
1204 3190 1417 3241 πόλεσιν
1441 3184 1858 3254 ἀποκεκλεισμέ-

274 3307 368 3344 νου
412 3286 797 3357 κατεδηδόκασι
829 3282 1003 3336 πάντα
1031 3285 1097 3335 τὰ
1129 3283 1312 3342 ἐντοῖς
1334 3281 1543 3348 ἀγροῖς,
1566 3278 1714 3329 οὐδὲν
1750 3275 1859 3329 τῶν

280 3382 529 3436 ἐκτόπων
570 3378 763 3439 ἐῶντες
805 3374 1239 3443 ἀνεπιτήδευτον.
1291 3369 1434 3423 Ἀλλ’
1482 3370 1626 3430 ὅταν,
1674 3368 1856 3435 φησιν,

280 3474 451 3539 ἐξελῶ
482 3472 552 3524 τὰ
578 3471 819 3539 ὀνόματα
851 3467 958 3520 τῶν
987 3464 1216 3518 εἰδώλων
1254 3461 1431 3515 αὐτῶν
1461 3459 1567 3511 ἀπὸ
1594 3458 1691 3524 τῆς
1717 3459 1818 3526 γῆς
1842 3495 1856 3519 ,

286 3567 411 3618 τότε
435 3564 530 3616 καὶ
554 3561 819 3631 διαθήκην
870 3558 1090 3627 εἰρήνης
1128 3553 1452 3622 διαθήσομαι
1494 3551 1673 3612 αὐτοῖς
1727 3549 1861 3619 πρὸς

283 3662 433 3711 am»
458 3655 608 3726 ὠμὸν
636 3654 730 3706 καὶ
759 3650 1029 3720 βάρϐαρον
1083 3646 1257 3716 γένος.
1312 3644 1570 3714 Ἀργήσει
1610 3641 1715 3709 γὰρ
1763 3640 1861 3709 ἤδη

284 3751 354 3803 τά
386 3749 517 3819 παρ’
548 3742 774 3815 ἐχθρῶν,
809 3742 904 3794 καὶ
941 3739 1175 3808 πολέμου
1232 3734 1325 3788 καὶ
1353 3734 1621 3803 δειμάτων
1676 3729 1864 3800 μενοῦ-

292 3861 376 3896 σιν
406 3839 712 3909 ἀπείρατοι.
746 3855 763 3886 ι
789 3830 1068 3901 Συντρίψω
1088 3828 1198 3898 γὰρ
1215 3827 1397 3888 ὅπλον,
1417 3826 1509 3877 καὶ
1536 3819 1824 3892 ῥομφαίαν,
1841 3840 1858 3873 ι

290 3935 319 3987 ὃ
348 3934 413 4004 δὴ
432 3934 529 3986 καὶ
554 3932 633 3992 εἰς
658 3927 830 3997 πέρας
856 3920 1139 3993 ἰστορικῶς
1161 3918 1516 3989 ὲνηνεγμένον
1543 3916 1861 3985 εὑρήσομεν.

301 4024 524 4093 Ἐπειδὴ
554 4021 661 4091 γὰρ
691 4018 787 4088 τὴν
834 4014 977 4069 κατά
1028 4014 1243 4066 πάντων
1281 4010 1451 4082 ἀρχὴν
1484 4010 1532 4060 0i
1577 4006 1864 4077 περιφανέ-

290 4126 477 4169 στατοι
506 4112 615 4163 τῶν
655 4107 940 4178 Ῥωμαίων
960 4104 1150 4173 ἔλαχον
1197 4099 1511 4171 στρατηγοὶ,
1548 4096 1868 4165 πεποίηνται

284 4208 342 4260 δὲ
377 4203 485 4259 ὑπὸ
516 4204 673 4273 χεῖρα
698 4199 794 4269 τήν
819 4198 908 4250 ὑπ’
935 4194 1182 4265 οὐρανὸν,
1206 4191 1339 4244 Θεοῦ
1372 4189 1470 4259 τὴν
1508 4188 1664 4251 δόξαν
1691 4185 1859 4247 αὐτοῖς

1972 4167 2105 4219 riam
2163 4162 2432 4216 tribuente
2456 4196 2471 4222 ,

286 4292 653 4363 οἰκονομικῶς
707 4286 1124 4358 προσνέμοντος,
1184 4283 1387 4351 Πέρσαι
1442 4279 1538 4348 μὲν
1568 4279 1735 4347 μόνης
1774 4275 1873 4345 τῆς

292 4387 435 4449 ἰδίας
458 4381 880 4452 πεφροντίκασιν
908 4376 1102 4446 ἀρχῆς,
1154 4374 1244 4425 καὶ
1286 4371 1477 4440 ἒληξάν
1516 4386 1575 4421 τε
1624 4368 1717 4419 καὶ
1766 4366 1873 4418 τῶν

290 4477 475 4531 ἄλλων
505 4470 793 4542 βαρϐάρων
820 4469 875 4520 αἰ
907 4464 1049 4519 κατὰ
1070 4461 1263 4534 χωρῶν
1298 4477 1357 4512 τε
1389 4461 1480 4512 καὶ
1520 4456 1726 4508 πόλεων
1759 4455 1876 4506 ἐπι-

292 4564 518 4639 δρομαί.
574 4563 684 4614 Kal
714 4558 1074 4629 διαμέμνηται
1108 4551 1293 4621 σαφῶς
1340 4548 1434 4602 τοῦ
1463 4546 1666 4599 τοιοῦδε
1704 4544 1879 4613 πράγ-

302 4637 474 4731 ματος
522 4657 551 4708 ὁ
593 4654 857 4724 μακάριος
882 4649 1131 4710 Ἡσαΐας,
1149 4645 1341 4713 λέγων·
1367 4660 1384 4691 ι
1410 4640 1518 4693 Kal
1551 4637 1877 4706 συγκόψουσι

301 4728 401 4811 τὰς
425 4746 695 4818 μαχαίρας
714 4740 893 4797 αὐτῶν
930 4740 1008 4801 εἰς
1036 4738 1259 4809 ἄροτρα,
1292 4733 1385 4787 καὶ
1411 4732 1508 4793 τάς
1534 4728 1754 4799 ζιόήνας
1784 4728 1879 4781 αὺ-

304 4841 415 4894 τῶν
443 4841 525 4901 εἰς
551 4837 813 4907 δρέπανα.
846 4834 957 4885 Kal
1009 4829 1069 4882 οὺ
1109 4829 1181 4898 μὴ
1212 4827 1318 4897 ἄρῃ
1354 4825 1503 4887 ἔθνος
1546 4823 1665 4874 κατ’
1695 4821 1880 4883 ἔθνους

310 4930 607 5001 μάχαιρα-ν
646 4926 741 4978 καί
771 4923 831 4976 οὐ
876 4921 948 4991 μὴ
993 4919 1234 4989 μάθωσιν
1285 4916 1364 4968 ἔτι
1424 4914 1696 4983 πολεμεῖν.
1737 4930 1754 4961 ι
1792 4912 1882 4972 Ὠς

306 5022 419 5092 γὰρ
439 5021 539 5090 ἤδη
566 5016 850 5086 γεγονότες
877 5013 966 5079 ὑφ’
996 5012 1091 5063 ἕνα
1117 5008 1298 5075 ζυγὸν,
1352 5006 1647 5076 ἐτράποντο
1688 5002 1885 5071 μᾶλλον

311 5090 666 5177 εἱςνὲπωφελῆ
695 5104 999 5177 φιλεργίαν,
1027 5102 1122 5153 καὶ
1168 5102 1234 5169 τῇ
1262 5096 1504 5167 γεωργίᾳ
1540 5095 1783 5166 χρήσιμα
1812 5090 1880 5143 τὰ

2019 1891 2230 1948 XXVII.
2304 1890 2477 1960 Supra
2539 1886 2808 1942 dicebat:
2875 1901 2895 1933 ‹
2928 1872 3248 1948 Dispcrdam
3300 1876 3513 1929 vineam

1948 1981 2083 2051 ejus,
2113 1989 2163 2036 el
2205 1980 2334 2033 ficus
2368 1976 2502 2045 ejus,
2534 1985 2867 2043 qumeunque
2900 1968 3054 2032 dixit,
3084 1965 3353 2020 Mercedes
3387 1975 3518 2013 meae

1949 2077 2032 2131 ha:
2053 2084 2197 2139 sunt,
2238 2088 2374 2144 quas
2405 2071 2668 2125 dederunt
2704 2067 2831 2121 mihi
2863 2076 3135 2119 amatores
3164 2059 3269 2113 mei
3312 2058 3356 2089 ⁸⁷
3378 2074 3424 2119 ς»
3465 2065 3520 2109 et

1952 2166 2219 2220 addebat:
2255 2180 2273 2213 (
2300 2162 2597 2215 Comedent
2645 2173 2708 2211 ea
2760 2155 2945 2211 bestia:
2982 2152 3121 2219 agri,
3176 2158 3231 2203 et
3273 2148 3518 2201 volucres

1950 2258 2095 2320 cmli,
2130 2266 2183 2310 et
2220 2250 2423 2323 reptilia
2474 2262 2630 2303 terra:
2651 2249 2719 2302 ⁸⁸.
2751 2267 2770 2300 ι
2816 2247 2943 2313 Qua:
2980 2246 3398 2310 interpretantes
3438 2235 3519 2288 di-

1952 2348 2224 2409 cebamus,
2267 2359 2362 2413 per
2388 2342 2593 2396 bestias
2628 2349 2683 2395 et
2710 2338 2957 2392 volucres
2984 2334 3200 2401 oblique
3225 2325 3520 2397 significari

1952 2441 2155 2502 hostes,
2191 2434 2493 2490 Iudaeorum
2524 2433 2792 2501 regionem
2843 2425 3256 2495 depopulantes,
3306 2418 3518 2475 Persas.

1958 2527 2163 2590 Medos,
2212 2523 2553 2594 Babylonios,
2614 2530 2668 2574 et
2710 2534 2776 2573 ex
2827 2518 2947 2569 aliis
2999 2514 3260 2580 cujusque
3310 2505 3523 2575 generis

1951 2619 2285 2674 commistam
2310 2615 2543 2667 hostium
2578 2610 2993 2669 multitudinem,
3021 2604 3110 2671 qui
3179 2618 3205 2654 a
3252 2599 3523 2652 ferocibus

1951 2709 2137 2765 bestiis
2201 2722 2305 2760 non
2365 2704 2591 2758 multum
2629 2699 2865 2754 abfuisse
2900 2693 3117 2761 intelligi
3145 2697 3363 2759 queant,
3394 2701 3523 2755 pro-

1954 2811 2071 2869 pter
2103 2813 2279 2852 mores
2303 2794 2677 2865 sanguinarios
2705 2790 2956 2844 videlicet
2989 2805 3002 2849 ;
3034 2792 3087 2837 et
3121 2783 3370 2835 volucres
3404 2776 3526 2846 qui-

1954 2894 2075 2948 dem
2136 2898 2357 2958 pr0pter
2419 2885 2754 2940 celeritatem
2809 2892 3038 2943 cursus;
3105 2872 3317 2943 reptilia
3374 2882 3523 2931 vero,

988 3004 1226 3075 Ἑρπετὰ
1284 3004 1361 3065 δὲ,
1415 3003 1494 3054 ὅτι
1544 3001 1724 3063 δεινοὶ,
1761 3000 1854 3052 καὶ

1963 2983 2076 3051 quia
2121 2990 2352 3043 atroces,
2402 2984 2457 3031 et
2486 2971 2879 3041 malignissimi,
2923 2978 2977 3022 et
3021 2966 3085 3019 ad
3127 2964 3300 3018 scelus
3350 2972 3524 3013 acres.

1825 3091 1854 3138 δ
1882 3066 1926 3126 C
1961 3073 2048 3138 lli,
2097 3070 2294 3125 lsraele
2332 3069 2387 3122 in
2417 3065 2680 3120 Samaria:
2715 3062 2938 3116 urbibus
2982 3057 3210 3117 incluso,
3251 3050 3430 3106 omnia
3471 3050 3526 3111 in

1961 3164 2105 3233 agris
2134 3162 2486 3220 devorarnnt,
2516 3154 2651 3209 nihil
2687 3151 2988 3206 insolentiae
3022 3149 3343 3200 intentatum
3369 3138 3531 3194 relin-

1960 3262 2208 3323 quentes.
2259 3251 2366 3305 Sed
2414 3264 2534 3303 cum
2579 3243 2845 3305 auferam,
2907 3238 3104 3307 inquit,
3151 3234 3367 3289 nomina
3414 3230 3530 3282 ido-

1961 3347 2134 3399 lorum
2162 3345 2401 3413 ipsorum
2435 3341 2499 3393 de
2528 3347 2669 3392 terra
2690 3377 2703 3397 ,
2738 3344 2865 3387 tunc
2892 3342 2945 3386 et
2972 3336 3352 3385 testamentum
3381 3319 3531 3389 pacis

1961 3438 2237 3505 diSpntlaln
2265 3433 2392 3502 ipsis
2437 3445 2555 3484 cum
2584 3427 2726 3482 omni
2757 3440 2897 3478 saeva
2942 3431 2997 3475 et
3029 3421 3259 3473 barbara
3296 3418 3528 3465 natione.

1961 3500 2451 3584 Cessabuntienim
2495 3531 2603 3573 tum
2650 3515 2900 3579 hostilia,
2946 3510 3267 3573 tolleturque
3311 3500 3532 3563 bellum,

1962 3632 2016 3676 et
2047 3630 2315 3674 terrorum
2374 3624 2629 3683 expertes
2673 3605 2989 3663 manebunt.
3022 3620 3040 3651 ι
3071 3599 3355 3654 Conteram
3389 3590 3533 3646 enim

1965 3727 2112 3766 arma
2150 3718 2204 3762 et
2243 3682 2497 3775 gladium.
2536 3724 2554 3755 ι
2607 3700 2758 3768 Quod
2802 3697 2965 3752 etiam
3016 3691 3080 3745 ad
3129 3690 3287 3741 tinem
3329 3682 3536 3752 perdu-

1964 3812 2129 3866 ctum,
2175 3800 2325 3868 juxta
2374 3796 2655 3851 historiam
2684 3787 3039 3844 invenimus.
3093 3780 3194 3850 51
3241 3777 3533 3843 Postquam

1965 3894 2108 3949 enim
2149 3887 2498 3945 illustrissimi
2539 3885 2907 3938 Romanorum
2952 3877 3114 3929 duces
3163 3866 3444 3936 imperium
3482 3863 3534 3915 in

1968 3997 2154 4038 omnes
2206 3978 2381 4047 adepti
2437 3986 2587 4039 sunt,
2642 3981 2696 4025 ct
2738 3965 2994 4038 quidquid
3043 3960 3123 4017 sol
3171 3957 3387 4027 aspicit,
3436 3953 3538 4007 sub

1969 4077 2228 4130 ditionem
2270 4044 2618 4139 redegerunt,
2655 4066 2763 4118 Deo
2795 4061 2903 4115 illis
2930 4049 3393 4112 administratorie
3424 4044 3537 4112 glo-

2532 4157 2709 4210 Persae
2773 4151 2987 4204 unicum
3045 4140 3327 4209 imperium
3384 4148 3539 4188 suum

1974 4261 2433 4324 procuraverunt,
2498 4258 2555 4300 et
2615 4244 2846 4297 aliorum
2910 4247 3123 4303 quoque
3187 4228 3542 4283 barbarorum

1976 4343 2310 4399 incursiones
2376 4340 2429 4392 in
2492 4335 2796 4406 provincias
2861 4335 2914 4381 et
2980 4324 3141 4377 urbes
3212 4314 3541 4383 conquieve‘

1981 4448 2106 4492 runt
2153 4452 2166 4489 :
2211 4434 2367 4505 cujus
2417 4405 2498 4485 rei
2554 4429 2744 4482 beatus
2788 4420 2954 4475 Isaias
3015 4422 3202 4485 aperte
3254 4405 3543 4463 meminit:

1990 4550 2009 4583 ι
2044 4531 2109 4584 Et
2142 4526 2473 4583 contundent
2521 4518 2729 4589 gladios
2774 4527 2900 4568 suos
2924 4513 2975 4565 in
3018 4518 3283 4567 vomeres,
3333 4509 3387 4554 et
3439 4497 3549 4549 lan-

1988 4637 2111 4679 ceas
2160 4635 2284 4674 suas
2338 4618 2393 4670 in
2450 4614 2663 4675 falces;
2722 4617 2775 4663 et
2826 4621 2933 4661 non
2994 4601 3139 4655 tollet
3199 4608 3329 4666 gens
3361 4599 3546 4645 contra

1986 4721 2196 4784 gentem
2235 4709 2491 4778 gladium,
2528 4714 2581 4758 et
2620 4718 2723 4756 non
2758 4700 2967 4755 discent
3000 4694 3133 4748 ultra
3167 4684 3490 4761 prmliari”.
3525 4698 3544 4732 ι

1987 4806 2103 4860 Jam
2158 4802 2301 4856 enim
2343 4808 2403 4853 ut
2444 4799 2544 4852 sub
2595 4808 2759 4847 unum
2806 4791 2993 4859 jugum
3025 4782 3216 4843 coacti,
3263 4776 3441 4846 potius
3486 4772 3552 4827 ad

1989 4896 2146 4952 utiles
2168 4908 2388 4961 operum
2426 4890 2641 4943 labores
2689 4899 2747 4937 se
2772 4879 3135 4950 applicabant,
3170 4873 3554 4925 instrumenta-

1991 5004 2096 5058 que
2136 4982 2393 5039 militaria
2431 4981 2481 5033 in
2522 4978 2597 5030 rei
2645 4973 2863 5027 rustica:
2906 4968 3093 5020 idonea
3132 4956 3553 5015 commutabant.

1989 5043 2104 5129 lirit
2152 5073 2312 5143 igitur
2355 5084 2481 5138 pax,
2536 5063 2730 5132 inquit,
2779 5068 2833 5113 et
2882 5063 3056 5110 metus
3103 5052 3228 5105 olim
3283 5043 3553 5102 terribiles

1999 5166 2309 5226 cessalmnt,
2348 5161 2456 5212 Deo
2493 5155 2862 5223 eonsopiente,
2890 5156 2945 5203 et
2984 5143 3067 5200 sui
3097 5148 3342 5196 amantes
3373 5132 3560 5190 fructi-

312 5202 410 5255 τοῦ
436 5201 671 5269 πολέμου
734 5195 903 5263 σκεύη
944 5191 1327 5262 μετέπλαττον.
1363 5187 1553 5240 Ἔσται
1604 5183 1780 5236 τοίνυν
1812 5184 1890 5235 εἰ·-

2002 5260 2101 5313 bus
2131 5257 2280 5325 pacis
2310 5251 2672 5307 exhilarante.

319 5297 479 5364 ρήνη,
509 5290 662 5360 φησὶ,
699 5289 791 5341 καὶ
820 5289 869 5340 οἰ
904 5284 1073 5337 πάλαι
1126 5282 1287 5335 δεινοί
1329 5277 1689 5331 πεπαύσονται
1716 5274 1890 5344 φόϐοι,

317 5385 456 5439 Θεοῦ
474 5379 916 5443 κατευνάζοντος,
944 5377 1039 5429 καὶ
1061 5377 1173 5436 τοῖς
1194 5373 1252 5439 ἐξ
1276 5372 1494 5441 εἰρήνης
1514 5368 1736 5437 ἀγαθοῖς
1762 5383 1895 5420 κοιτ-

321 5477 699 5546 ευφραίνοντος
728 5472 853 5535 τοὺς
882 5467 1207 5537 ἀγαπῶντας
1238 5464 1419 5518 αὐτόν.

397 5516 716 5639 Πγρνοσθεϊνάι
740 5516 1025 5632 δὲ,ὀῐμαι,
1064 5516 1283 5612 κάκεῖνο
1323 5556 1522 5625 δεήσει.
1576 5551 1746 5606 Πάλαι
1799 5550 1859 5620 μὲ

2075 5546 2276 5615 Opinor
2318 5550 2495 5596 autem
2549 5547 2601 5593 et
2646 5534 2774 5590 illud
2815 5529 2936 5585 addi
2967 5526 3180 5582 debere.
3226 5516 3361 5572 Olim
3394 5518 3557 5570 eam),

409 5764 451 5799 5'
472 5763 609 5823 Osce
638 5777 695 5827 ll,
730 5760 807 5814 ιε.
889 5758 932 5789 ⁵⁸
968 5730 1073 5812 ibid
1171 5756 1213 5787 δ’
1252 5752 1350 5808 lsa.
1396 5767 1456 5817 ιι,
1486 5750 1538 5803 4.
