4012 6214
425 303 485 356 9I
1401 289 1454 344 ς.
1495 287 1764 344 CYRILLI
1806 274 2273 337 ALEXANDRINI
2307 269 2626 328 ARCIIIEP.
3582 255 3652 309 92

414 414 632 484 quando
669 412 721 468 in
755 422 941 468 errore
965 407 1434 479 permanebamus,
1470 415 1525 457 et
1571 402 1666 455 ﬁlii
1713 401 1808 455 ira:
1834 413 1986 453 voca-

2093 393 2196 461 γάρ
2230 390 2317 442 ὅτε
2347 382 2687 452 διετελοῦμεν
2730 382 2786 433 ὲν
2836 375 3028 446 πλάνῃ,
3088 373 3180 427 καὶ
3219 370 3387 442 ὀργῆς
3411 370 3654 439 ἐχρημα-

413 507 625 571 bamur,
657 504 827 558 instar
865 499 1219 570 quarumdam
1265 494 1526 548 malarum
1566 493 1886 554 bestiarum,
1928 496 1982 543 et

415 594 592 648 avium
625 591 1053 652 carnivorarum,
1096 595 1256 654 atque
1285 583 1448 636 etiam
1485 579 1981 652 perniciosissimo-

416 697 533 736 rum
563 681 857 736 draconum
890 676 1184 747 perdebant
1211 689 1308 727 nos
1344 687 1522 743 pravae
1553 681 1607 726 et
1651 668 1982 724 adversariae

415 774 662 828 virtutes.
720 771 818 827 Ubi
865 779 1044 824 autem
1090 767 1146 820 in
1189 766 1406 822 Christo
1441 779 1624 819 verum
1675 763 1840 817 Deum
1890 775 1982 815 co-

315 873 328 883 '
415 867 737 936 gnovimus,
785 862 1090 928 delictaque
1140 869 1327 912 nostra
1359 871 1455 924 per
1501 855 1694 918 ﬁdem,
1745 861 1800 906 et
1843 850 1983 906 anti-

416 972 576 1025 quam
617 953 934 1009 charitatem
965 950 1257 1014 abluimus,
1291 958 1418 1002 tunc
1443 956 1498 1000 et
1537 945 1728 999 salvati
1771 958 1980 1006 sumus,

419 1063 440 1096 ι
479 1053 533 1098 et
562 1051 881 1113 potestatem
918 1040 1162 1096 calcandi
1196 1054 1358 1108 supra
1388 1045 1689 1104 serpentes,
1733 1046 1788 1089 et
1825 1048 1981 1088 scor-

415 1135 621 1206 piones,
663 1143 717 1188 et
759 1147 924 1202 super
963 1145 1176 1186 omnem
1215 1129 1468 1183 virtutem
1515 1126 1721 1182 inimici
1774 1125 1984 1194 accepi-

417 1239 537 1280 mus
551 1225 615 1279 “.
652 1244 672 1276 ι
711 1224 868 1279 Τιιιιο
897 1224 1025 1278 item
1055 1220 1448 1276 ambulavimus
1479 1233 1640 1288 super
1664 1217 1902 1287 aspidem
1929 1225 1984 1271 et

414 1315 765 1381 basiliscum,
821 1323 879 1369 et
933 1311 1370 1369 conculcavimus
1421 1309 1629 1363 leonem
1684 1317 1740 1361 et
1791 1307 1984 1360 draco-

415 1423 540 1464 nem
565 1408 630 1472 “,
663 1407 882 1462 Christo
921 1413 1261 1476 protegente,
1294 1412 1347 1458 et
1396 1403 1593 1456 virtute
1631 1399 1827 1453 invicta
1858 1412 1985 1453 suos

415 1499 836 1562 communiente,
885 1510 1178 1567 pacemque
1221 1509 1371 1548 suam
1423 1495 1476 1548 in
1521 1492 1732 1546 animos
1774 1498 1985 1544 nostros

415 1591 706 1646 inserente.
763 1591 854 1645 Ait
906 1590 1091 1644 enim:
1126 1605 1144 1638 ι
1186 1586 1381 1640 Pacem
1440 1599 1611 1638 meam
1667 1583 1735 1637 do
1797 1580 1981 1646 vobis,

418 1696 605 1753 pacem
632 1697 805 1737 meam
836 1681 1080 1748 relinquo
1112 1676 1263 1730 vobis
1281 1677 1342 1729 ⁶¹.
1378 1694 1396 1726 ι

486 1839 648 1892 Vens.
685 1835 770 1890 19.
815 1833 880 1886 Et
918 1834 1158 1886 habitare
1185 1832 1377 1902 faciam
1409 1839 1458 1883 te
1498 1831 1554 1883 in
1598 1844 1718 1897 spe;
1760 1835 1808 1881 et
1837 1842 1984 1896 spon-

414 1927 542 1982 cabo
569 1936 618 1978 te
653 1925 780 1978 mihi
813 1925 866 1978 in
895 1923 1169 1976 sarculum.

488 2015 720 2071 XXVIII.
763 2015 878 2068 Non
931 2013 1102 2068 solum
1153 2011 1274 2065 belli
1356 2009 1659 2064 terroribus
1722 2007 1984 2072 liberabo,

416 2109 618 2180 inquit,
668 2109 762 2164 sed
814 2107 1062 2176 adjiciam
1115 2105 1216 2158 hoc
1256 2117 1490 2172 quoque,
1525 2109 1582 2154 ut
1632 2101 1888 2170 deinceps
1933 2101 1993 2154 in

415 2201 555 2256 bona
588 2215 683 2270 spe
726 2199 801 2254 sis
832 2205 1053 2268 propter
1097 2197 1258 2260 bona,
1294 2203 1354 2248 ut
1396 2202 1624 2256 certam,
1669 2204 1722 2246 et
1755 2192 1986 2257 ﬁrmam,

415 2301 471 2348 et
510 2291 837 2345 immobilem
876 2289 1118 2343 Izntitiam
1167 2287 1390 2341 habeas.
1437 2285 1565 2338 Mihi
1602 2286 1744 2338 enim
1795 2293 1846 2338 te
1891 2284 1986 2338 de-

416 2380 705 2451 sponsabo,
734 2379 892 2447 idque
939 2379 991 2432 in
1025 2378 1434 2446 sempiternum.
1468 2374 1604 2440 Quid
1635 2387 1798 2442 porro
1848 2373 1989 2427 istuc

417 2473 536 2526 est?
563 2469 939 2539 Despondebat
974 2470 1077 2523 sibi
1109 2467 1508 2537 quodammodo
1543 2476 1780 2520 veterem
1812 2465 1986 2518 Israe-

417 2563 542 2627 Iem,
573 2562 687 2616 sive
717 2561 1021 2616 Judznornm
1063 2559 1426 2628 Synagogatn,
1452 2565 1507 2610 et
1537 2557 1602 2609 ad
1638 2555 1992 2611 necessitudi-

418 2667 539 2706 nem
563 2653 808 2713 vocabat,
833 2665 928 2718 per
949 2649 1120 2719 legem
1142 2647 1369 2710 scilicet,
1395 2646 1578 2715 Moyse
1597 2645 1989 2707 subserviente,

418 2750 473 2795 et
520 2740 723 2808 angelis
753 2739 1086 2793 administris
1128 2737 1193 2791 ⁸⁸.
1246 2735 1443 2791 Verum
1477 2737 1756 2790 enimvero
1801 2735 1992 2789 modus

418 2830 855 2900 desponsationis
889 2845 992 2884 non
1023 2829 1125 2883 fuit
1149 2838 1464 2897 perpetuus,
1494 2841 1594 2880 nec
1619 2827 1670 2880 in
1704 2827 1990 2895 sempiter-

420 2938 546 2977 num
596 2924 840 2987 duravit;
894 2923 1050 2990 longe
1108 2921 1286 2985 abest;
1341 2933 1451 2972 non
1499 2916 1805 2985 enimlypi,
1862 2935 1880 2966 ι
1937 2925 1992 2969 et

420 3028 590 3082 usque
611 3013 677 3066 ad
713 3024 924 3080 tempus
959 3010 1314 3064 correctionis
1355 3008 1604 3077 imposita
1625 3008 1692 3072 “,
1727 3024 1744 3057 ι
1779 3020 1991 3074 semper

420 3104 652 3158 valitura
701 3115 878 3158 crant.
919 3103 1023 3174 52
1051 3101 1318 3170 Tempore
1370 3111 1549 3153 autem
1598 3099 1983 3161 correctionis,
2015 3091 2055 3146 C

423 3195 526 3249 hoc
563 3202 665 3258 est,
711 3193 975 3248 adventus
1017 3192 1316 3246 Salvatoris
1354 3191 1546 3252 nostri,
1597 3189 1701 3242 alia
1737 3192 1874 3242 ratio
1902 3187 1995 3242 tle-

423 3286 787 3357 sponsalionis
841 3285 1130 3355 apparuit,
1199 3293 1456 3352 perpetua
1512 3292 1567 3336 et
1635 3282 1993 3347 inconcussa,

425 3377 700 3446 muIthue
729 3376 910 3446 priore
941 3374 1273 3444 splendidior
1310 3384 1361 3426 et
1391 3373 1597 3426 umbris
1629 3371 1992 3440 praeslantiur.

425 3464 567 3518 Deus
610 3466 808 3534 quippe
859 3464 1228 3518 universitatis
1278 3461 1443 3515 veluti
1490 3461 1780 3530 quamdam
1817 3462 1996 3514 dotem

425 3564 637 3618 sponsae
666 3565 799 3612 suae,
825 3551 1063 3605 carnalis
1089 3551 1367 3605 servitutis
1397 3550 1736 3604 vacationem
1773 3548 1998 3616 largitus

427 3645 506 3690 est
553 3654 566 3690 :
613 3646 668 3690 et
719 3651 814 3706 per
869 3637 1116 3692 umbram
1177 3640 1489 3708 ﬁgurasque
1540 3640 1607 3693 ad
1659 3639 1995 3709 spiritualeni

425 3728 866 3798 expurgationem
890 3731 1121 3785 vocavit.
1160 3731 1353 3785 Verum
1383 3733 1661 3785 enimvero
1705 3733 1998 3800 desponsa-

429 3817 556 3872 tioni
597 3829 804 3887 tempus
834 3820 1137 3888 praeﬁnivit.
1170 3819 1325 3884 Nam,
1359 3837 1479 3874 cum
1514 3823 1687 3890 prima
1730 3822 1814 3875 illa
1845 3823 1994 3891 culpa

428 3924 532 3962 non
577 3919 796 3964 vacaret
815 3912 880 3976 ⁸⁵,
925 3913 1220 3966 secundum
1255 3911 1403 3964 Pauli
1461 3926 1666 3977 vocem,
1704 3927 1802 3966 nec
1849 3927 2003 3966 sene-

429 4001 592 4055 ctutis
615 4015 808 4069 expers
830 4014 991 4068 esset,
1027 4018 1125 4057 nec
1151 4002 1376 4056 multum
1405 4003 1470 4056 ab
1500 4003 1718 4057 interitu
1751 4003 1996 4070 distaret,

427 4090 577 4146 locus
616 4095 862 4148 secunda:
897 4104 978 4148 est
1029 4095 1336 4163 inquisitus,
1383 4094 1485 4150 hoc
1542 4104 1626 4149 est
1671 4110 1841 4158 nova),
1877 4111 1996 4164 qua:

427 4197 524 4252 per
558 4183 757 4240 Christi
783 4185 1013 4262 .donum,
1059 4187 1303 4256 inquam,
1355 4197 1406 4241 ct
1447 4188 1674 4256 gratiam
1714 4202 1818 4240 non
1866 4196 2002 4241 tem-

427 4273 664 4342 poralem
697 4275 877 4340 nobis,
911 4291 1086 4344 neque
1112 4277 1386 4331 carnalem
1421 4277 1725 4332 libertatem
1762 4278 1993 4332 aIIcrret.

426 4364 656 4433 Cooptat
698 4366 841 4420 enim
895 4381 992 4422 nos
1041 4368 1096 4421 in
1155 4383 1436 4422 numerum
1492 4369 1726 4420 ﬁliorum
1778 4368 1894 4432 Dei,
1946 4378 2001 4422 et

2080 484 2299 551 τίζομεν
2327 479 2520 542 τέκνα,
2578 473 2826 542 καθάπερ
2872 470 3018 532 τινὲς
3046 467 3210 538 θῆρες
3253 462 3500 532 πονηροὶ,
3560 461 3653 513 καὶ

2080 577 2149 630 τὰ
2182 574 2288 627 τῶν
2311 571 2513 642 ὀρνέων
2545 565 2907 638 σαρκοφάγων
2936 560 3184 624 εἰωθότα,
3220 558 3314 612 καὶ
3345 554 3560 627 μήνκαὶ
3604 552 3654 606 οι

2083 665 2423 736 παγχάλεποι
2463 662 2772 731 δράκοντες,
2803 655 3084 710 ἀπώλλυον
3131 653 3276 721 ἡμᾶς
3317 649 3373 702 αἰ
3422 644 3657 736 mvqu

2082 734 2601 823 xathiwtxaipavat
2653 749 2930 818 δυνάμεις.
2998 742 3212 812 Ἐπειδὴ
3241 742 3296 794 δὲ
3329 742 3386 792 ἐν
3436 734 3654 807 Χριστῷ

2083 848 2171 902 τὸν
2203 846 2362 915 φύσει
2401 843 2532 897 Θεὸν
2553 840 2891 911 ἐγνώκαμεν,
2914 833 3296 904 ἀπενιψάμεθα
3314 829 3401 885 διὰ
3423 829 3654 890 πίστεως

2083 939 2176 992 καὶ
2208 939 2302 1008 τῆς
2361 935 2588 1008 ἀρχαίας
2631 931 2851 1002 ἀγάπης
2879 928 2949 982 τά
2998 925 3338 997 ἐγκλήματα,
3385 921 3506 974 τότε
3561 918 3654 971 καὶ

2084 1025 2426 1097 σεσώσμεθα,
2463 1041 2481 1074 ι
2525 1023 2634 1076 Καὶ
2659 1021 2955 1091 εἰλήφαμεν
2983 1015 3228 1081 ἐξουσίαν
3254 1013 3440 1066 πατεῖν
3468 1008 3656 1062 ἐπάνω

2082 1118 2257 1188 ὄφεων
2318 1115 2414 1168 καὶ
2452 1113 2748 1184 σκορπίων,
2793 1111 2887 1164 καὶ
2940 1109 3032 1162 ἐπὶ
3079 1107 3256 1160 πᾶσαν
3305 1104 3404 1174 τὴν
3428 1099 3654 1169 δύναμιν

2081 1208 2176 1263 τοῦ
2219 1206 2434 1278 ἐχθροῦ.
2484 1225 2502 1257 ι
2558 1203 2692 1257 Τότε
2722 1204 2818 1256 καὶ
2871 1199 3149 1270 ἐπέϐημεν
3178 1197 3270 1250 ἐπὶ
3316 1194 3514 1248 ἀσπίδα
3565 1193 3658 1244 καί.

2086 1299 2414 1370 βασιλίσκον,
2443 1292 2841 1366 πεπατήκαμέν
2892 1309 2953 1345 τε
2993 1291 3180 1344 λέοντα
3228 1287 3320 1340 καὶ
3356 1285 3650 1354 δράκοντα,

2085 1390 2328 1463 Χριστοῦ
2361 1387 2811 1460 προασπίζοντος,
2868 1382 2963 1438 καὶ
3000 1381 3240 1451 ἀνικήτῳ
3269 1377 3493 1448 δυνάμει
3530 1375 3655 1437 τοὺς

2088 1483 2248 1545 ἰδίους
2293 1478 2766 1552 περιτειχίζοντος,
2819 1477 2914 1530 καί⁵
2958 1473 3181 1544 εἰρήνην
3219 1471 3350 1540 ἡμῖν
3397 1467 3494 1536 τὴν
3523 1465 3658 1517 ἰδίαν

2088 1573 2256 1636 ἱέντος
2320 1574 2399 1634 εἰς
2456 1569 2609 1624 νοῦν·
2675 1587 2694 1620 ι
2729 1568 2963 1638 Εἰρήνην
3004 1584 3022 1616 ι
3077 1563 3214 1632 γάρ,
3276 1559 3440 1628 φησί,
3501 1575 3519 1607 ι
3557 1555 3658 1624 τὴν

2087 1662 2226 1732 ἐμὴν
2299 1660 2489 1731 δίδωμι
2544 1661 2711 1730 ὑμῖν·
2795 1657 3020 1729 εἰρήνην
3085 1653 3184 1724 τὴν
3251 1649 3389 1721 ἐμὴν
3453 1646 3658 1718 ἀφίημι

2015 1753 2057 1806 Β
2085 1753 2233 1821 ὑμῖν.
2275 1768 2292 1801 ι

2153 1843 2262 1897 Kal
2284 1840 2556 1896 κατοικιῶ
2585 1855 2659 1895 σε
2700 1839 2791 1893 ἐπ’
2825 1836 3043 1892 ἐλπίδι·
3071 1833 3172 1890 καί
3199 1825 3659 1904 μνηστεύσοωί

2085 1949 2159 1988 σε
2191 1932 2424 2002 ἐμαυτῷ
2464 1933 2552 1998 εἰς
2588 1930 2694 1985 τὸν
2719 1929 2922 1984 αἰῶνα.

2157 2024 2290 2077 KH'.
2318 2023 2453 2092 Οὐχὶ
2481 2023 2656 2094 μόνον,
2681 2021 2834 2092 φησι,
2859 2016 3152 2082 ἀπαλλάξω
3169 2019 3281 2070 τῶν
3301 2011 3394 2067 τοῦ
3421 2009 3660 2080 πολέμου

2086 2115 2377 2187 δειμάτων,
2419 2114 2710 2184 προσθήσω
2741 2113 2799 2166 δὲ
2835 2111 2995 2165 τοῦτο
3027 2109 3122 2164 καὶ
3152 2109 3214 2161 τὸ
3244 2109 3300 2160 ἐν
3328 2102 3479 2174 καλῷ
3506 2101 3662 2172 γενέ-

2090 2207 2211 2261 σθαι
2264 2207 2446 2261 λοιπὸν
2495 2207 2594 2276 τῆς
2628 2207 2712 2260 ἐπ’
2753 2205 2974 2274 ἀγαθοῖς
3006 2202 3241 2264 ἐλπίδος,
3283 2198 3359 2259 ὡς
3406 2194 3658 2264 ἀσφαλῆ,

2089 2300 2182 2351 καὶ
2204 2296 2623 2369 ἐρηρεισμένην,
2661 2297 2753 2350 καὶ
2774 2295 3066 2364 ἀκλόνητον
3093 2292 3234 2361 ἔχειν
3255 2289 3352 2359 τὴν
3375 2284 3660 2354 εὐθυμίαν.

2102 2390 2356 2459 Ἐμαυτῷ
2389 2390 2498 2458 γάρ
2539 2406 2596 2440 σε
2657 2385 3081 2457 μνηστεύσομαι,
3133 2381 3226 2434 καί⁸
3286 2379 3443 2432 τοῦτο
3468 2379 3546 2438 εἰς
3572 2374 3665 2428 τὸν

2090 2477 2279 2530 αἰῶνα.
2310 2479 2420 2530 Καὶ
2443 2476 2494 2529 τί
2524 2475 2586 2546 δὴ
2616 2476 2770 2529 τοῦτό
2802 2476 2977 2539 ἐστινς
3005 2471 3180 2525 Οἰονεὶ
3205 2471 3313 2539 γάρ
3343 2485 3458 2530 πως
3495 2467 3667 2536 ἐμνη-

2093 2568 2310 2622 στεύετο
2346 2569 2435 2621 τὸν
2462 2570 2684 2638 ἀρχαῖον
2727 2565 2962 2636 Ἰσραὴλ,
2992 2565 3110 2634 ἦτοι
3137 2563 3236 2633 τὴν
3259 2559 3366 2613 τῶν
3401 2556 3665 2612 Ἰουδαίων

2091 2659 2442 2728 Συναγωγὴν,
2482 2659 2576 2710 καὶ
2619 2657 2754 2727 πρὸς
2809 2657 3110 2724 οἰκειότητα
3159 2652 3414 2720 κέκληκε,
3457 2647 3666 2718 τὴνδιά

2091 2749 2259 2819 νόμου
2299 2750 2463 2818 φημὶ,
2485 2747 2856 2808 διακονοῦντος
2881 2745 3145 2807 Μωσέως,
3174 2743 3266 2796 καὶ
3306 2739 3666 2813 μεσολαῦούν-

2091 2852 2198 2888 των
2226 2835 2496 2902 ἀγγέλων.
2533 2833 2674 2886 Ἀλλ’
2701 2829 2770 2904 ἦν
2812 2833 2912 2901 τῆς
2943 2831 3236 2902 μνηστείας
3285 2832 3313 2883 ό
3359 2830 3556 2900 τρόπος
3599 2827 3662 2881 οὐ

2091 2926 2363 2996 διηνεκὴς,
2393 2925 2515 2979 οὕτε
2549 2925 2654 2996 μὴν
2685 2927 2764 2986 εἰς
2787 2923 2877 2977 τὸν
2900 2923 3092 2986 αἰῶνα,
3116 2921 3310 2975 πολλοῦ
3337 2939 3399 2990 γε
3439 2921 3536 2973 δεῖ.
3586 2919 3662 2974 οὐ

2093 3015 2201 3084 γὰρ
2230 3015 2450 3086 ἔμελλον
2475 3017 2523 3068 οἱ
2544 3014 2699 3067 τύποι
2723 3015 3015 3084 κρατήσειν
3053 3011 3139 3065 διὰ
3159 3011 3376 3075 παντὸς,
3409 3030 3426 3061 ι
3466 3009 3576 3062 Καὶ
3597 3006 3668 3061 τὰ

2093 3104 2252 3174 μέχρι
2277 3103 2466 3174 καιροῦ
2502 3103 2836 3173 διορθώσεως
2877 3099 3212 3170 ἐπικείμενα.
3255 3117 3273 3148 ι
3330 3096 3486 3151 Κατὰ
3525 3095 3580 3148 δέ
3601 3113 3668 3164 γε

2092 3198 2185 3250 τὸν
2210 3197 2308 3265 τῆς
2339 3194 2677 3267 διορθώσεως
2729 3193 2942 3263 καιρὸν,
2988 3191 3268 3256 τουτέστι,
3316 3188 3406 3242 τὸν
3444 3187 3543 3256 τῆς
3573 3185 3666 3240 τοῦ

2095 3287 2346 3356 Σωτῆρος
2390 3286 2548 3356 ἡμῶν
2608 3284 2933 3354 ἐπιδημίας,
2988 3283 3172 3354 ἕτερος
3220 3283 3317 3351 τῆς
3379 3281 3670 3350 μνηστείας

2094 3376 2469 3445 ἀναπέφανται
2498 3376 2718 3446 τρόπος,
2747 3373 3019 3444 διηνεκὴς,
3073 3373 3169 3426 καὶ
3215 3370 3534 3434 ἀσάλευτος,
3574 3369 3671 3422 καὶ

2095 3470 2229 3522 πολὺ
2276 3468 2371 3521 τοῦ
2414 3469 2628 3539 πρώτου
2671 3467 3080 3538 λαμπρότερος,
3119 3467 3214 3518 καὶ
3267 3463 3365 3532 τῆς
3406 3464 3562 3524 σκιᾶς
3611 3463 3669 3514 ἐν

2095 3561 2392 3630 ἀμείνοσιν.
2438 3561 2493 3612 '0
2522 3558 2620 3628 μὲν
2651 3559 2756 3628 γὰρ
2805 3557 2914 3610 τῶν
2943 3557 3078 3610 ὅλων
3136 3557 3268 3620 Θεὸς
3299 3555 3450 3608 ἕδνον
3476 3553 3667 3622 ὥσπερ

2094 3669 2148 3704 τι
2179 3654 2242 3722 τῇ
2267 3651 2473 3721 νύμφῃ,
2523 3652 2620 3721 τῆς
2655 3650 2922 3721 σαρκικῆς
2973 3649 3214 3710 δουλείας
3270 3648 3369 3716 τὴν
3415 3645 3670 3699 ἀπόθεσιν

2097 3742 2398 3812 ἐχαρίζετο,
2454 3741 2549 3794 καὶ
2593 3741 2680 3794 διὰ
2745 3733 2899 3804 σκιᾶς
2947 3741 3040 3793 καὶ
3090 3739 3278 3791 τύπων
3318 3738 3501 3792 ἐκάλει
3535 3737 3669 3806 πρὸς

2098 3833 2474 3904 ἀποκάθαρσιν
2499 3831 2594 3902 τὴν
2627 3833 3021 3901 πνευματικήν.
3050 3829 3194 3900 Πλὴν
3235 3830 3452 3899 ἐμέτρει
3484 3826 3673 3897 καιρὸν

2097 3927 2162 3996 τῇ
2196 3924 2478 3995 μνηστείᾳ.
2505 3924 2577 3976 Οὐ
2607 3922 2713 3995 γὰρ
2743 3921 3030 3992 ἄμεμπτος
3058 3921 3092 3991 ή
3134 3919 3348 3990 πρώτη,
3389 3917 3528 3971 κατὰ
3573 3915 3671 3987 τὴν

2101 4014 2197 4068 τοῦ
2233 4015 2446 4069 Παύλου
2473 4014 2674 4086 φωνὴν,
2705 4012 2826 4066 οὔτε
2857 4013 3077 4082 ἀγήρως
3104 4007 3192 4081 ἦν,
3245 4012 3337 4062 καὶ
3363 4006 3670 4077 ἀφανισμοῦ

2103 4112 2341 4181 μακράν.
2375 4108 2642 4179 Ταύτῃτοι
2671 4109 2766 4161 καὶ
2794 4110 2890 4176 τῆς
2915 4105 3173 4174 δευτέρας
3213 4104 3452 4173 ἐζητεῖτο
3485 4100 3669 4165 τόπος,

2099 4201 2359 4264 τουτέστι,
2389 4200 2488 4269 τῆς
2532 4200 2675 4262 νέας,
2719 4199 2816 4267 τῆς
2849 4197 2936 4249 διὰ
2964 4193 3224 4265 Χριστοῦ,
3263 4193 3426 4262 φημὶ,
3463 4191 3672 4261 δωρεᾶς

2100 4310 2158 4345 τε
2216 4294 2308 4345 καὶ
2346 4292 2587 4362 χάριτος,
2614 4291 2674 4344 οὐ
2701 4291 3028 4361 πρόσκαιρον
3049 4285 3355 4358 ἡμῖν,ὀὺδέ
3405 4283 3672 4355 σαρκικὴν

2101 4379 2521 4450 εἰσκομιζούσης
2538 4377 2870 4448 ἐλευθερίαν.
2892 4373 3248 4444 Καταγράφει
3267 4370 3375 4440 γὰρ
3391 4371 3446 4423 ἐν
3462 4369 3673 4430 τέκνοις

426 4457 618 4526 pignus
649 4458 866 4526 spiritus
892 4457 1188 4513 liberaliter
1214 4459 1648 4528 supperaddit“,
1683 4470 1992 4529 perpetuas-

2100 4444 2372 4536 Θεοῦ,καί
2398 4444 2488 4524 τὸν
2515 4444 2810 4542 ἀρῤαϐώνα
2839 4467 2934 4520 τοῦ
2958 4465 3098 4519 Πνεύ
3107 4481 3275 4534 ματος
3299 4460 3674 4531 ἐπιδαψιλεύε-

425 4562 535 4618 que
568 4549 712 4618 leges
743 4550 1061 4617 praescribit.
1089 4549 1271 4615 Quare
1311 4553 1389 4606 sic
1419 4566 1540 4605 eum
1573 4552 1788 4607 divinus
1828 4551 1996 4607 David

429 4640 721 4710 alloquitur
750 4659 763 4694 :
797 4658 816 4693 ι
845 4639 1059 4697 Justitia
1107 4654 1198 4697 tua
1241 4641 1453 4710 iustitia
1503 4643 1557 4698 in
1611 4652 1899 4710 aeternum,
1943 4655 1997 4700 et

429 4745 610 4788 sermo
637 4741 760 4788 tuus
785 4732 1079 4800 veritas“;
1118 4751 1137 4784 ›
1176 4733 1484 4798 manifeste,
1518 4743 1576 4788 ut
1605 4734 1823 4802 opinor,
1856 4734 1996 4787 iudi-

431 4836 595 4890 cans,
656 4815 834 4895 neque
888 4823 942 4881 in
1000 4825 1388 4895 sempiternum
1439 4840 1660 4880 manere
1711 4841 1829 4894 quae
1882 4827 1996 4896 lege

432 4914 736 4980 traduntur,
793 4915 1050 4972 translata
1108 4917 1299 4972 umbra
1352 4918 1404 4972 in
1455 4918 1774 4985 veritatem;
1821 4934 1996 4988 neque

428 5005 676 5060 veritatis
696 5007 859 5062 decus
883 5009 938 5061 in
969 5008 1162 5064 litteris
1187 5009 1449 5080 legalibus
1481 5024 1640 5080 posse
1665 5026 1692 5064 a
1725 5025 1992 5078 quoquam

433 5101 690 5173 perspici.
740 5101 870 5157 Erat
902 5103 1044 5158 enim
1087 5104 1198 5170 lex,
1237 5113 1304 5158 ιιι.¹
1328 5104 1462 5172 dixi,
1495 5105 1680 5160 umbra
1717 5114 1772 5159 et
1803 5104 1994 5172 ﬁgura.

433 5195 634 5262 Quaerit
672 5195 835 5265 igitur
876 5195 1203 5249 connubium
1245 5195 1396 5264 ejus,
1451 5198 1676 5266 antiquo
1729 5205 1783 5252 et
1820 5197 1998 5266 primo

432 5285 526 5342 illo
553 5285 835 5342 dissoluto.
880 5285 990 5342 Lex
1021 5285 1164 5342 enim
1201 5287 1266 5340 ad
1314 5302 1408 5341 nos
1437 5301 1559 5342 cum
1599 5287 1708 5343 Deo
1761 5288 2000 5357 perfecte

433 5394 498 5436 ac
532 5393 666 5450 pure
695 5377 1023 5450 copulandas
1072 5379 1178 5432 vim
1210 5379 1343 5433 satis
1375 5393 1623 5449 magnam
1669 5393 1773 5435 non
1815 5379 1993 5435 habet.

522 5582 569 5616 “
598 5583 724 5639 Luc.
756 5599 809 5648 ι,
835 5583 920 5640 I9.
996 5582 1039 5615 "
1063 5583 1204 5636 Psal.
1236 5599 1322 5645 xc,
1352 5583 1435 5637 I5.

411 5646 484 5728 ,“
517 5651 558 5704 Il
588 5655 710 5711 Cor.
745 5646 872 5722 v,75.
950 5655 991 5686 ⁸⁷
1031 5654 1169 5710 Psal.
1206 5669 1392 5719 cum,
1423 5653 1538 5708 I42.

1545 5582 1590 5614 "
1618 5582 1766 5638 Joan.
1797 5598 1907 5652 χιιι,
1929 5583 2019 5638 27.

2091 4582 2202 4629 ται,
2232 4565 2325 4617 καὶ
2349 4563 2617 4634 διηνεκεῖς
2641 4560 2813 4632 ὁρίζει
2839 4560 3056 4629 νόμους.
3086 4557 3193 4610 Καὶ
3221 4555 3353 4625 γοῦν
3390 4553 3525 4624 πρὸς
3573 4551 3672 4605 αὐ-

2091 4656 2181 4710 τὸν
2201 4658 2229 4708 ὁ
2255 4655 2394 4719 θεῖος
2418 4655 2522 4725 ἔφη
2561 4653 2724 4707 Δαόίδ
2750 4669 2764 4683 ο
2801 4669 2821 4703 ι
2862 4651 2925 4704 Ἡ
2949 4649 3264 4719 δικαιοσύνη
3309 4663 3426 4708 σου,
3472 4644 3674 4697 δικαιοο

2093 4749 2224 4817 σύνη
2289 4749 2369 4810 εἰς
2418 4745 2507 4799 τὸν
2557 4744 2752 4809 αἰῶνα,
2809 4742 2904 4795 ml.
2958 4743 2986 4795 ὁ
3033 4740 3191 4809 λόγος
3244 4755 3338 4791 σου
3367 4733 3610 4805 ἀλήθεια.
3649 4751 3666 4782 ι

2104 4835 2450 4906 Ἀναφανδδν,
2472 4831 2624 4906 οῗμαί
2655 4852 2780 4903 που,
2806 4832 3100 4904 δηλῶν,δτι
3129 4830 3252 4884 οὔτε
3280 4830 3358 4891 εἰς
3388 4826 3476 4880 τὸν
3503 4823 3674 4878 αἰῶνα

2103 4929 2255 5000 μένει
2297 4929 2365 4982 τὰ
2425 4929 2482 4980 ὲν
2537 4927 2707 4999 νόμῳ,
2749 4924 3226 4998 μεταστησομένης
3253 4919 3354 4988 τῆς
3406 4916 3561 4976 σκιᾶς
3595 4915 3674 4975 εἰς

2102 5020 2375 5091 ἀλήθειαν·
2403 5017 2527 5072 οὒτε
2565 5019 2670 5090 μὴν
2698 5017 2798 5088 τῆς
2824 5015 3079 5083 ἀληθείας
3125 5001 3185 5064 τὸ
3217 5008 3409 5068 κάλλος
3449 5006 3507 5057 ὲν
3561 5005 3674 5064 τοῖς

2095 5115 2341 5186 νομικοῖς
2372 5112 2666 5184 γράμμασι
2693 5108 3010 5178 καταθρήσῃ
3042 5120 3126 5165 τις
3165 5101 3249 5154 ἀν.
3282 5093 3390 5150 Ἦν
3421 5095 3552 5164 γὰρ,
3595 5092 3671 5154 ὡς

2096 5185 2252 5275 ἔφην,
2294 5203 2421 5256 σκιά
2441 5205 2534 5257 καὶ
2563 5202 2732 5264 τύπος
2768 5202 2796 5253 ὁ
2843 5199 3028 5265 νόμος.
3070 5189 3444 5263 Μνηστεύεται
3492 5185 3670 5239 τοίνυν

2097 5297 2284 5367 αὐτὴν.
2312 5297 2402 5350 τὸν
2429 5297 2486 5349 ἐν
2515 5296 2708 5366 ἀρχαῖς
2730 5309 2786 5346 τε
2826 5289 2919 5344 καὶ
2938 5287 3154 5358 πρῶτον
3177 5283 3450 5352 ἀθετήσας
3472 5278 3669 5367 γάμον.

2098 5386 2170 5439 Οὐ
2201 5365 2310 5456 γὰρ
2341 5385 2521 5448 ἱκανὸς
2548 5365 2576 5435 δ
2603 5383 2765 5454 νόμος
2818 5378 3054 5455 συνάψαι
3083 5375 3202 5445 Θεῷ
3232 5374 3454 5434 τελείως
3485 5387 3542 5423 τε
3576 5365 3672 5420 καὶ

2099 5586 2141 5618 ⁸³
2174 5585 2345 5641 Galat.
2381 5600 2463 5650 ιιι,
2494 5582 2578 5639 I9.
2658 5583 2701 5613 ‘l‘
2732 5580 2893 5636 Ichr.
2931 5595 3000 5642 ix,
3041 5578 3127 5634 {0.
3206 5577 3250 5608 "
3288 5572 3446 5629 IIebr.
3469 5585 3586 5635 vm,
3611 5566 3670 5623 7.
