4002 6220
195 343 262 398 93
1130 338 1683 395 COMMENTARIUS
1726 340 1787 394 IN
1827 340 2062 397 OSEAM
2100 339 2541 397 PRUPHETAM.
3395 349 3464 406 947s

191 460 466 533 καθαρῶς·
505 458 808 529 προσίεμεν
861 458 920 510 δὲ
973 457 1119 528 αὑτῷ
1147 459 1214 511 δι’
1263 460 1416 524 Υίοῦ,
1449 463 1542 514 καὶ
1572 462 1679 514 τῶν
1711 462 1776 514 δι’

1905 463 2206 518 tceedimus
2245 474 2425 516 autem
2459 463 2525 515 ad
2559 461 2704 515 illum
2736 477 2831 532 per
2859 463 3079 528 Filium,
3115 472 3169 518 et
3196 472 3462 533 pmcepta

193 552 354 608 αὑτοῦ
380 549 804 618 θεσπισμάτων,
867 549 1138 612 τουτέστι,
1171 550 1281 602 τῶν
1329 552 1720 620 εὐαγγελικῶν,
1754 552 1789 606 ἃ

195 645 285 698 καὶ
320 639 712 710 πνευματικὴν
771 637 886 708 ἔχει
919 638 1019 707 τὴν
1051 638 1266 703 ἕνωσιν,
1302 641 1419 709 ἦτοι
1475 642 1787 710 συνάφειαν.

207 732 508 802 Ἐνούμεθα
530 730 642 802 γὰρ
681 729 757 801 τῷ
787 729 909 798 Θεῷ
938 731 994 782 ὲν
1018 730 1312 798 πνεύματι,
1356 733 1451 784 καὶ
1495 735 1592 801 τῆς
1643 733 1791 796 Θείας

200 824 358 880 αὐτοῦ
390 822 614 892 φύσεως
642 820 982 890 πλουτοῦμεν
1037 821 1137 890 τὴν
1192 822 1431 891 μέθεξιν.
1472 824 1630 888 Εἰκὸς
1659 825 1713 877 δέ
1737 841 1791 879 τι

200 919 286 969 καὶ
310 917 513 984 ἕτερον
544 914 864 981 ὑποφαίνειν
891 913 1120 975 ἀστείως
1137 913 1217 974 τὸ,
1249 916 1702 986 «Μνηστεύσομαί
1729 933 1790 968 σε

199 1007 440 1079 ἐμαυτῷ·
459 1027 476 1058 ι
499 1006 768 1066 συνείσεις
783 1004 889 1074 γὰρ
907 998 1009 1057 ὦδε
1025 1005 1285 1058 «amnti
1301 1006 1410 1075 γὰρ
1425 1006 1484 1058 τὸ
1498 1046 1512 1069 ,
1531 1007 1786 1076 ἐμαυτῷ,

200 1101 360 1171 φησὶν
397 1099 524 1152 ἀντὶ
560 1097 679 1160 τοῦ,
710 1097 785 1149 δι’
814 1097 1079 1164 ἐμαυτοῦ
1101 1137 1115 1160 ,
1157 1099 1217 1150 οὐ
1255 1099 1392 1152 καθὰ
1445 1101 1537 1153 καὶ
1590 1100 1786 1166 πάλαιν,

204 1191 650 1262 μεσολαϐούντων
679 1188 949 1256 ἀγγέλωνο
977 1188 1098 1241 οὔτε
1133 1189 1238 1259 μὴν
1262 1190 1512 1244 διακόνου
1544 1190 1688 1254 τινὸς
1710 1194 1790 1254 είς

200 1283 354 1335 τοῦτο
379 1280 854 1352 παρειλημμένου,
883 1280 1024 1332 κατὰ
1051 1280 1141 1333 τὸν
1173 1280 1266 1334 τοῦ
1298 1281 1539 1344 Μωσέως
1567 1283 1786 1353 τρόπον.

205 1375 274 1427 Οὐ
307 1374 418 1443 γὰρ
455 1371 717 1442 πρέσϐυς,
740 1371 839 1423 οὑκ
864 1371 1113 1440 ἄγγελος,
1138 1371 1279 1424 κατὰ
1297 1373 1359 1425 το
1382 1374 1784 1444 γεγραμμένον,

206 1465 315 1517 ἀλλ’
343 1463 513 1526 αὐτὸς
543 1465 573 1515 ὁ
597 1461 817 1532 Κύριος,
839 1463 944 1514 ὁὲκ
967 1461 1058 1514 τοῦ
1085 1461 1222 1515 Θεοῦ
1249 1463 1459 1531 Πατρὸς
1479 1465 1670 1531 Λόγος,
1698 1465 1790 1519 ἄν..

205 1556 420 1622 opum;
472 1551 713 1621 γεγονὼς
763 1552 1074 1621 καθ’ὴμᾶς,
1125 1552 1300 1623 ἑαυτῷ
1347 1553 1658 1624 παρέστησε
1689 1555 1789 1626 τὴν

218 1643 581 1709 Ἐκκλησίαν·
629 1659 647 1692 ι
690 1641 800 1694 Καὶ
829 1643 955 1704 τοὺς
996 1641 1088 1693 δύο
1129 1641 1292 1705 λαοὺς
1324 1641 1537 1695 ἔκτισεν
1570 1645 1649 1706 είς
1693 1644 1788 1696 ἕνα

209 1736 382 1789 κοινὸν
403 1734 723 1804 ἄνθρωπον,
759 1733 928 1784 ποιῶν
950 1733 1172 1804 εἰρήνην
1193 1773 1207 1798 ,
1248 1735 1342 1787 καὶ
1373 1735 1785 1789 ἀποκαταλλάσ-

213 1845 315 1880 σων
340 1827 468 1888 τοὺς
491 1825 836 1896 ἀμφοτέρους
879 1826 938 1876 ἐν
971 1825 1050 1876 ἐνὶ
1095 1824 1365 1893 πνεύματι
1395 1826 1530 1895 πρὸς
1553 1825 1643 1879 τὸν
1676 1828 1784 1880 Πα-
1815 1805 1858 1860 Β

213 1919 378 1988 τέρα,
443 1937 462 1968 ι
523 1917 668 1970 κατὰ
717 1916 814 1984 τὴν
866 1915 960 1968 τοῦ
1013 1917 1280 1986 μακαρίου
1313 1917 1526 1970 Παύλου
1583 1920 1785 1988 φωνήν.

213 2010 278 2062 Ἣ
325 2009 421 2061 καὶ
489 2007 614 2059 καθ’
660 2006 846 2076 ἕτερον
876 2047 891 2070 ,
955 2006 1002 2057 εί
1064 2006 1283 2076 βούλει,
1336 2008 1536 2077 τρόπον
1599 2009 1787 2080 ὲκδέξῃ

214 2101 268 2152 τὸ
322 2099 640 2169 εἰρημένον.
706 2096 1101 2167 Ἐμνηστεύετο
1151 2097 1297 2168 γὰρ,
1351 2099 1425 2162 ὡς
1486 2099 1668 2170 ἔφην,
1732 2102 1790 2154 ὲν

215 2191 469 2259 Αἰγύπτῳ
537 2189 669 2241 ποτὲ
737 2188 834 2257 τὴν
896 2187 1004 2241 τῶν
1083 2188 1353 2242 Ἰουδαίων
1420 2192 1747 2260 Συναγωγήν
1773 2207 1789 2224 ο

215 2281 319 2334 ἀλλ’
360 2281 529 2333 οἱονεί
562 2297 679 2340 πως
711 2280 882 2350 ἑτέρῳ
917 2279 1134 2349 μᾶλλον,
1167 2281 1264 2348 οὐχ
1309 2280 1508 2350 ἐαυτῷ,
1553 2282 1697 2352 φημὶ
1725 2281 1790 2352 δὴ

216 2373 286 2443 τῷ
313 2373 592 2442 θεσπεσίῳ
621 2374 830 2435 Μωσεῖ,
865 2373 1002 2442 πρὸς
1031 2372 1088 2426 ὃν
1118 2372 1221 2443 ἔφη
1251 2373 1496 2438 «Βάδιζε,
1521 2375 1791 2444 κατάϐηθι

214 2465 269 2518 τὸ
293 2466 459 2534 τάχος
510 2463 766 2516 ἐντεῦθεν
789 2480 802 2494 ’
836 2464 1080 2535 ηνόμησε
1113 2465 1221 2535 γὰρ
1252 2468 1280 2518 ὁ
1299 2465 1424 2528 λαός
1447 2482 1563 2530 σου,
1582 2465 1676 2529 οὓς
1708 2466 1795 2531 ἐξ·

213 2558 412 2626 ήγαγες
465 2557 532 2608 ἐκ
586 2556 689 2624 γῆς
739 2554 1038 2621 Αἰγύπτου.
1087 2575 1107 2609 ι
1176 2556 1440 2621 Ἀκούεις,
1478 2557 1559 2609 ὅτι
1607 2558 1795 2610 Μωσεῖ

214 2646 624 2717 προσνενὲμηκε
665 2647 765 2716 τὴν
798 2649 1304 2719 μεμνηστευμένην,
1341 2650 1460 2719 ἦτοι
1487 2648 1579 2701 τὸν
1629 2648 1791 2711 λαὸν,

213 2741 354 2791 οὔπω
380 2740 481 2808 τῆς
505 2739 843 2808 οἰκειότητος
865 2739 1032 2804 ἀξιῶν
1058 2741 1157 2808 τῆς
1184 2740 1319 2811 πρὸς
1344 2741 1553 2794 ἑαυτόν.
1581 2741 1654 2794 Οὐ
1685 2741 1795 2810 γὰρ

216 2829 430 2893 ἱκανῶς,
459 2830 538 2891 ὡς
565 2830 719 2898 ἔφην,
755 2831 784 2882 ὁ
813 2831 995 2899 νόμος,
1023 2830 1139 2899 ἦτοι
1169 2831 1394 2901 Μωσῆς,
1415 2830 1648 2900 συνάψαι
1678 2829 1797 2899 Θεῷ

213 2920 464 2992 καθαρῶς
498 2937 561 2972 τε
597 2920 690 2972 καὶ
722 2920 1048 2990 ὀλοτρόπως.
1081 2922 1358 2991 Τετήρητο
1403 2923 1512 2992 γὰρ
1551 2923 1628 2985 ὠς
1664 2939 1797 2975 κατ-

211 3011 545 3081 ορθωμάτων
598 3009 844 3079 ἄριστον,
873 3011 967 3062 καὶ
1011 3009 1313 3080 θεοπρεπὲς
1340 3010 1555 3080 ἀληθῶς
1585 3010 1662 3081 τῷ
1706 3027 1800 3080 με-

215 3103 325 3175 σίτῃ
368 3101 512 3156 Θεοῦ
554 3105 648 3156 καὶ
683 3101 985 3173 ἀνθρώπων
1007 3143 1022 3168 ,
1074 3104 1319 3155 τουτέστι
1357 3103 1608 3174 Χριστῷ,
1633 3106 1698 3158 δι’
1731 3097 1792 3157 οὗ

216 3197 301 3249 καὶ
332 3199 394 3248 ἐν
538 3197 674 3266 πρὸς
722 3195 856 3248 Θεὸν
897 3195 1181 3265 ἐνούμεθα.
1217 3197 1328 3248 Καὶ
1360 3197 1468 3266 γάρ
1511 3199 1660 3249 ὲστιν
1700 3199 1795 3250 αὑ-

216 3288 348 3359 τόςιή
378 3289 575 3358 εἰρήνη
612 3288 793 3357 ἡμῶν,
841 3287 980 3342 κατὰ
1007 3287 1107 3350 τὰς
1146 3287 1386 3358 Γραφὰς,
1415 3290 1442 3340 ό
1469 3289 1566 3358 τὴν
1599 3288 1799 3358 μεταξὺ

220 3381 472 3450 κειμένην
512 3377 714 3445 ἐξελὼν
757 3379 1051 3449 ἁμαρτίαν,
1087 3379 1180 3431 καὶ
1206 3379 1478 3449 καθαροὺς
1523 3379 1670 3447 ἡμᾶς
1710 3379 1802 3431 καὶ

224 3472 650 3542 ὲκνενιμμένους
679 3471 756 3540 τῷ
799 3470 1073 3540 Πνεύματι
1109 3469 1350 3539 συνάψας
1389 3469 1585 3539 ἐαυτῷ,
1614 3469 1707 3523 καὶ
1734 3469 1800 3523 δι’

225 3563 409 3616 ἑαυτοῦ
444 3563 522 3632 τῷ
549 3561 667 3630 Θεῷ
697 3562 791 3614 καὶ
837 3562 1031 3632 Πατρί.

289 3653 392 3705 Καὶ
423 3651 884 3720 μνηστεύσομαί
915 3665 988 3704 σε
1043 3650 1276 3720 ἐμαυτῷ
1322 3652 1392 3703 ἐν
1423 3650 1800 3720 δικαιοσύνῃ,

230 3742 400 3794 καὶέν
419 3743 675 3810 κρίματι,
704 3741 804 3793 καὶ
834 3741 903 3793 ἐν
917 3740 1090 3804 ἐλέει,
1119 3742 1216 3794 καὶ
1240 3742 1309 3793 ἐν
1337 3741 1804 3809 οἱκτιρμοῖς.Καὶ

229 3833 671 3901 μνηστεύσομαι
717 3831 951 3901 ἐμαυτῷ
985 3832 1055 3885 ἐν
1084 3832 1303 3896 πίστει,
1347 3831 1447 3885 καὶ
1497 3831 1802 3902 ἐπιγνώσῃ

234 3923 333 3976 τόν
364 3927 608 3991 Κύριον.
936 3914 939 3918 ”

298 4015 422 4068 KB’.
474 4014 780 4084 Ἐξηγεῖται
813 4013 1018 4082 σαφῶς,
1051 4013 1134 4075 τίς
1186 4012 1252 4065 ἂν
1284 4013 1492 4079 γένοιτο
1541 4013 1637 4082 τῆς
1689 4029 1808 4066 συν-

231 4107 464 4175 σφείαςό
492 4108 710 4175 τρόπος,
740 4106 832 4159 καὶ
877 4105 966 4157 διὰ
1017 4103 1185 4156 ποίων
1237 4103 1302 4156 ἂν
1351 4103 1418 4157 τοι
1463 4106 1805 4175 πραγμάτων

231 4200 321 4266 τῆς
372 4198 682 4266 οἰκονομίας
711 4197 771 4249 τὸ
803 4197 1122 4267 μυστήριον.
1158 4214 1176 4246 ι
1225 4196 1312 4248 Ἑν
1341 4195 1653 4268 δικαιοσύνῃ
1697 4195 1806 4266 γὰρ

231 4289 399 4353 ἔσται,
430 4290 583 4358 φησὶ,
607 4291 699 4342 καὶ
728 4291 785 4341 ἐν
813 4289 1062 4359 κρίματι,
1095 4289 1188 4341 καὶ
1216 4288 1400 4357 μέντοι
1446 4289 1540 4341 καί¹
1570 4289 1628 4342 ὲν
1668 4289 1807 4342 ὲλέει

231 4382 319 4433 καὶ
347 4383 406 4432 ἐν
433 4384 750 4452 οἰκτιρμοῖς.
792 4401 810 4432 ι
849 4381 944 4444 Τίς
970 4376 1061 4433 οὖν
1081 4381 1189 4452 ἄρα
1220 4382 1368 4433 ἐστὶν
1403 4382 1435 4451 ἡ
1469 4380 1804 4452 δικαιοσύνη,

1892 555 1960 609 ab
1993 554 2111 623 ipso
2138 554 2354 618 tradita,
2406 553 2740 621 evangelica,
2789 554 3032 623 inquam,
3061 570 3180 622 qua:
3219 563 3271 610 et
3304 554 3464 623 spiri-

1895 646 2090 700 Iualem
2121 645 2372 698 unionem
2429 646 2540 698 sive
2567 645 2961 713 eopulationem
2999 646 3300 700 continent.
3331 645 3465 700 Uni-

1893 749 2017 788 mur
2058 734 2203 787 enim
2240 731 2349 786 Deo
2401 733 2452 786 in
2499 732 2724 800 Spiritu,
2779 743 2830 788 et
2871 734 3066 787 divina:
3106 735 3221 802 ejus
3260 742 3464 788 natura!

1892 824 2386 879 communicatione
2429 823 2840 892 locupletamur.
2877 825 2970 878 Est
3014 835 3193 878 autent
3232 838 3463 878 consen-

1893 927 2135 979 taneum,
2176 915 2319 968 aliud
2351 929 2566 985 quoque
2601 915 2776 970 verbis
2817 916 2954 978 istis,
2991 933 3009 967 ι
3041 915 3376 984 desponsabo
3411 925 3464 968 te

1891 1007 2045 1074 mihi,
2079 1026 2098 1058 ι
2141 1007 2416 1075 eleganter
2484 1007 2897 1061 submonstrari.
2952 1005 3043 1060 Sic
3085 1007 3228 1060 enim
3280 1020 3465 1059 rursus

1890 1114 1949 1153 ea
1997 1098 2285 1167 intelliges.
2336 1100 2444 1151 Aut
2490 1099 2636 1153 enim
2677 1098 2802 1151 mihi
2844 1099 2993 1162 dicit,
3042 1114 3158 1167 pro,
3221 1114 3314 1166 per
3364 1114 3462 1162 me,

1890 1206 1994 1245 non
2040 1191 2180 1244 sicut
2221 1190 2349 1243 olim
2386 1191 2590 1260 angelis
2627 1190 3118 1250 intercedentibus;
3161 1204 3260 1244 nec
3307 1189 3466 1242 mini-

1887 1292 2004 1337 stro
2059 1283 2239 1352 aliquo
2295 1283 2463 1336 instar
2496 1282 2696 1353 Moysis
2740 1284 2806 1337 ad
2855 1283 2955 1336 hoc
3005 1289 3302 1348 assumpto.
3343 1277 3465 1333 Non

1889 1379 2031 1431 enim
2076 1376 2300 1446 legatus,
2344 1391 2448 1430 non
2503 1376 2747 1446 angelus,
2800 1378 2915 1437 sed,
2956 1385 3012 1428 ut
3052 1373 3312 1440 scriptum
3355 1362 3463 1436 est,

1887 1467 2005 1536 ipse
2054 1466 2331 1532 Dominus,
2383 1483 2448 1521 ex
2501 1467 2612 1521 Deo
2659 1466 2818 1520 Patre
2863 1465 3121 1526 Verbum.
3173 1465 3332 1517 homo
3367 1476 3466 1515 no-

1889 1569 2060 1612 strum
2114 1556 2306 1611 similis
2362 1556 2572 1619 factus,
2631 1555 2734 1611 sibi
2797 1555 2910 1624 ipse
2965 1553 3214 1610 exhibuit
3280 1551 3466 1605 Eccle-

1889 1647 2023 1701 siam
2047 1646 2112 1710 “,
2151 1663 2169 1697 ι
2204 1656 2256 1699 et
2283 1647 2508 1715 populos
2535 1647 2664 1700 duos
2689 1647 2741 1700 in
2769 1662 2930 1700 unum
2965 1661 3158 1700 novum
3195 1643 3466 1698 hominem

1890 1737 2148 1798 conditit,
2217 1736 2421 1790 faciens
2472 1751 2679 1804 pacem,
2739 1736 3094 1790 reconcilians
3175 1734 3362 1788 ambos
3414 1731 3466 1785 in

1894 1845 2000 1883 uno
2043 1829 2234 1898 spiritu
2281 1829 2346 1882 ad
2391 1827 2688 1893 Patrem“,
2725 1846 2743 1878 ι
2779 1828 3073 1880 secundum
3110 1827 3248 1879 beati
3321 1824 3467 1877 Pauli

1897 1935 2102 1975 vocem.
2133 1922 2239 1973 Aut
2276 1921 2439 1973 etiam
2467 1919 2574 1972 alio
2607 1919 2783 1983 modo,
2817 1918 2860 1971 si
2895 1916 3062 1978 lubet,
3092 1917 3232 1984 quod
3263 1914 3467 1968 dictum

1895 2020 1978 2066 est
2021 2012 2272 2081 accipies.
2330 2011 2686 2080 Desponsavit
2744 2010 2886 2063 enim
2941 2008 3064 2071 sibi,
3124 2016 3182 2061 ut
3234 2005 3363 2071 dixi,
3413 2006 3466 2058 in

1895 2101 2132 2173 Egypto
2162 2102 2449 2171 aliquando
2493 2102 2828 2171 Synagogam
2859 2097 3164 2157 Iudaeorum
3199 2115 3212 2151 :
3240 2097 3344 2168 53
3375 2095 3468 2150 sed

1895 2193 2041 2247 velut
2071 2192 2226 2246 alteri
2271 2193 2450 2260 potius
2475 2207 2635 2260 quam
2672 2191 2798 2255 sibi,
2831 2190 3022 2260 Moysi,
3050 2189 3293 2258 inquam,
3339 2202 3469 2241 san-

1896 2297 2006 2348 cto,
2037 2285 2122 2338 cui
2149 2285 2284 2339 dixit
2313 2298 2328 2338 :
2361 2303 2380 2335 ι
2421 2282 2584 2349 Vade,
2613 2283 2878 2338 descende
2907 2284 3014 2342 cito
3047 2282 3196 2346 hinc,
3229 2279 3473 2350 peccavit

1897 2377 2038 2430 enim
2084 2376 2315 2445 populus
2357 2386 2500 2442 tuus,
2533 2388 2697 2443 quem
2743 2372 2978 2428 eduxisti
3011 2374 3078 2427 de
3125 2380 3266 2426 terra
3298 2368 3470 2441 Egy-

1899 2468 1973 2536 pti
1996 2467 2139 2521 "4'.
2173 2487 2191 2518 ι
2226 2466 2394 2521 Audis
2423 2467 2696 2534 quomodo
2728 2465 2893 2535 Moysi
2922 2464 3323 2534 deSponsatam,
3358 2462 3474 2517 sive

1900 2558 2178 2628 populum,
2229 2559 2465 2612 nondum
2512 2558 2764 2611 familiari
2813 2556 3201 2609 consuetudine
3249 2569 3344 2607 sua
3387 2555 3471 2608 di-

1900 2656 2118 2718 guatum
2174 2645 2458 2699 attribuit?
2506 2645 2619 2698 Non
2674 2645 2816 2698 enim
2861 2643 3159 2698 sufﬁciebat
3205 2644 3311 2708 lex,
3361 2643 3475 2696 sive

1901 2739 2133 2810 Moyses,
2179 2746 2236 2791 ut
2279 2739 2385 2792 Deo
2433 2752 2566 2805 pure
2600 2746 2654 2791 et
2697 2736 3003 2791 arctissime
3048 2749 3140 2790 eos
3175 2734 3471 2804 copularet.

1905 2829 2017 2884 lloc
2059 2831 2200 2884 enim
2253 2838 2311 2882 ut
2360 2837 2508 2883 recte
2548 2827 2812 2882 factorum
2849 2825 3233 2886 rectissimum,
3268 2839 3331 2878 ac
3366 2821 3476 2878 Deo

1905 2937 2092 2977 revera
2109 2923 2352 2989 dignum,
2373 2917 2652 2973 mediatori
2675 2917 2766 2970 Dei
2785 2914 3135 2968 ethomiuum
3158 2912 3228 2978 ⁸⁸,
3259 2912 3478 2967 Christo

1904 3011 2179 3074 videlicet,
2211 3011 2551 3074 servabatur,
2582 3022 2678 3078 per
2705 3020 2888 3076 quem,
2919 3013 2973 3059 et
3001 3005 3054 3056 in
3089 3019 3195 3072 quo
3221 3017 3339 3057 cum
3370 3003 3480 3057 Deo

1907 3103 2142 3156 unimur.
2179 3119 2198 3153 ι
2229 3101 2350 3171 Ipse
2399 3101 2542 3155 enim
2597 3107 2680 3152 est
2727 3113 2829 3166 pax
2881 3105 3090 3159 nostra,
3122 3113 3141 3144 ι
3177 3092 3488 3153 secundum.

1909 3193 2241 3261 Scripturas,
2276 3193 2365 3259 qui
2415 3190 2741 3255 interiacens
2786 3194 3062 3255 peccatum
3113 3182 3369 3245 sustulit,
3425 3192 3480 3236 et

1909 3299 2072 3354 puros
2112 3298 2227 3347 nos,
2271 3292 2324 3337 et
2369 3297 2464 3350 per
2497 3279 2757 3348 Spiritum
2805 3279 3018 3331 ablutos
3060 3276 3183 3339 sibi,
3217 3286 3271 3330 et
3289 3287 3385 3344 per
3420 3286 3480 3328 se

1907 3379 2018 3431 Deo
2047 3381 2100 3427 et
2127 3371 2275 3426 Patri
2307 3369 2590 3438 conjunxit
2619 3375 2780 3435 atque
2815 3363 3109 3434 colligavit.

1982 3657 2145 3712 Vens.
2186 3655 2384 3720 19,20.
2422 3653 2488 3707 Et
2523 3653 2776 3718 sponsabo
2807 3661 2854 3706 te
2898 3651 3026 3705 mihi
3052 3651 3108 3704 in
3129 3649 3374 3720 justitia,
3432 3656 3484 3703 et

1910 3751 1962 3805 iu
2011 3750 2240 3820 judicio,
2265 3757 2312 3801 et
2356 3745 2410 3800 in
2435 3745 2814 3810 misericordia,
2866 3754 2917 3797 et
2950 3744 3002 3796 in
3035 3740 3480 3794 miserationibus.

1912 3844 1979 3898 Et
2011 3842 2327 3912 sponsabate
2341 3838 2469 3892 mihi
2499 3838 2552 3890 in
2574 3835 2698 3903 ﬁde,
2717 3843 2763 3888 et
2795 3834 2928 3888 acies
2941 3833 3063 3902 quia
3088 3847 3180 3899 ego
3198 3828 3473 3884 Dominus.

1983 4016 2175 4074 XXIX.
2207 4016 2499 4085 Perspicue
2552 4018 2792 4076 enarrat,
2853 4009 2973 4079 quis
3021 4009 3213 4064 modus
3259 4003 3486 4072 conjun-

1913 4111 2110 4166 ctionis
2160 4122 2282 4163 esse
2349 4115 2534 4176 queat,
2592 4114 2646 4159 et
2703 4104 2898 4172 quibus
2959 4100 3118 4154 rebus
3170 4096 3486 4152 oeconomia:

1915 4199 2230 4270 mysterium
2296 4210 2674 4264 processurum
2741 4193 2830 4246 sit.
2901 4209 2919 4240 ι
2965 4189 3021 4242 ln
3075 4187 3284 4256 justitia
3340 4186 3484 4240 enim

1914 4293 2042 4355 erit,
2093 4287 2288 4357 inquit,
2322 4283 2620 4354 injudicio,
2655 4283 2708 4336 in
2734 4279 3125 4341 misericordia,
3159 4277 3290 4332 etin
3322 4275 3485 4330 mise-

1917 4381 2237 4438 rationibus.
2269 4395 2288 4430 ι
2340 4376 2601 4443 Quaenam
2627 4374 2791 4445 igitur
2817 4371 2891 4426 sit
2943 4369 3172 4440 iustitia,
3205 4366 3347 4438 quod
3406 4366 3487 4437 ju-

231 4473 280 4523 τί
306 4473 358 4524 δὲ
403 4471 464 4524 τὸ
522 4475 725 4541 κρῖμα,
760 4471 857 4523 καὶ
910 4474 1016 4540 μὴν
1069 4471 1163 4524 καὶ
1201 4471 1262 4523 τὺ
1302 4471 1484 4537 ἕλεος,
1516 4475 1710 4536 εἰπεῖν,
1733 4474 1797 4536 ὼς

1915 4474 2133 4537 dicium,
2166 4479 2426 4541 praeterea
2451 4482 2571 4538 quae
2596 4461 2988 4525 misericordia,
3014 4461 3297 4516 dicendum
3347 4458 3487 4513 vide-

233 4564 402 4616 ἔοικεν
426 4603 442 4628 ,
471 4565 787 4630 ἀναγκαῖον.
830 4560 1036 4615 Οὐκοῦν
1085 4562 1600 4633 πεπλεονεκτήμεθα
1637 4563 1734 4634 μὲν
1759 4566 1807 4616 οἱ

232 4656 484 4720 τάλανες,
521 4653 905 4726 διαρῐτάζοντος
965 4654 1112 4722 ἡμᾶς
1164 4654 1238 4716 ὡς
1281 4653 1444 4724 θηρὸς
1483 4655 1672 4724 ἀγρίου
1712 4653 1806 4708 τοῦ

233 4749 461 4813 Σατανᾶ,
493 4747 588 4800 καὶ
611 4746 974 4816 ἀποφέροντος
1014 4745 1112 4814 μὲν
1139 4746 1218 4808 εὶς
1252 4745 1538 4815 πλάνησιν,
1574 4748 1807 4811 ὲνιέντος

228 4839 283 4893 δὲ
319 4841 464 4894 κατὰ
493 4840 556 4893 τὸ
588 4839 734 4908 αὐτῷ
775 4837 964 4891 δοκοῦν
990 4840 1103 4900 τοῖς
1134 4837 1233 4905 τῆς
1267 4836 1542 4906 ἁμαρτίας
1575 4836 1808 4907 βόθροις,

227 4931 376 4984 οὐδὲν
419 4931 631 4992 ἑαυτοῖς
659 4927 959 4997 ἐπαμύνειν
991 4925 1292 4996 ίσχύοντας.
1318 4924 1675 4995 Παγχάλεπος
1701 4925 1810 4997 γὰρ

225 5024 318 5076 καὶ
367 5022 674 5092 βιαιότατος
715 5019 933 5094 ἀληθῶς
989 5020 1082 5072 καὶ
1134 5017 1578 5088 ἀνθρωποκτόνος
1611 5020 1638 5071 ὁ
1681 5017 1806 5088 θήρ.

239 5114 456 5184 Ἐπειδὴ
502 5112 557 5166 δὲ
588 5113 669 5177 είς
711 5109 870 5164 τοῦτο
919 5107 1292 5180 ταλαιπωρίας
1337 5105 1710 5176 κατεκομίσθη
1737 5106 1810 5160 τὰ

227 5203 564 5275 ἀνθρώπινα,
594 5203 795 5273 συχνὰς
820 5202 1101 5254 ἐποιοῦντο
1132 5203 1233 5263 τὰς
1257 5198 1413 5263 λιτὰς
1437 5199 1573 5271 πρὸς
1591 5199 1680 5252 τὸν
1709 5199 1809 5251 ἐπ-

1915 4575 2019 4620 tur.
2065 4559 2586 4633 ltaquecirumventi
2634 4573 2817 4612 sumus
2847 4555 3054 4618 miseri,
3097 4553 3337 4624 rapiente
3386 4564 3484 4606 nos

1911 4656 1964 4711 in
2018 4671 2222 4710 morem
2253 4653 2450 4708 atrocis
2483 4649 2669 4705 bestiae
2718 4649 2939 4714 Satana,
2998 4654 3054 4700 et
3098 4645 3149 4698 in
3245 4656 3485 4697 errorem

1913 4757 2127 4818 agente,
2160 4755 2215 4801 et
2255 4759 2350 4814 pro
2383 4743 2644 4797 arbitratu
2679 4756 2777 4796 suo
2798 4742 2851 4794 in
2878 4738 3084 4809 peccati
3115 4735 3321 4790 foveam
3347 4748 3487 4803 prato

1915 4843 2192 4912 cipitante,
2251 4837 2385 4892 nihil
2451 4838 2723 4893 nobismet
2791 4834 2910 4904 opis
2963 4831 3159 4886 afferre
3223 4827 3485 4884 valentes.

1916 4933 2054 4988 Vere
2089 4928 2232 4985 enim
2275 4927 2666 4992 crudelissima,
2707 4933 2762 4980 et
2809 4921 3219 4986 violentissima,
3275 4928 3332 4974 et
3389 4921 3488 4976 ho-

1917 5021 2122 5077 minum
2156 5017 2500 5074 interfectrix
2531 5017 2707 5071 bellua
2725 5023 2825 5070 est.
2847 5013 3030 5070 Rebus
3059 5020 3240 5067 autem
3293 5011 3490 5067 huma-

1916 5112 2002 5168 nis
2029 5113 2134 5168 huc
2161 5110 2506 5166 miseriarum
2541 5105 2796 5174 delapsis,
2825 5104 3050 5160 crebras
3080 5105 3287 5170 'pr'eees
3344 5101 3486 5157 beati

1911 5208 2189 5276 prophetae
2230 5199 2528 5254 fundebant
2586 5197 2653 5252 ad
2735 5196 2924 5258 Deum,
3007 5195 3096 5263 qui
3174 5207 3488 5248 succurrere

227 5295 456 5364 αμύνειν
481 5295 778 5364 δυνάμενον
805 5295 853 5345 οί
880 5292 1142 5363 μακάριοι
1168 5291 1465 5363 προφῆται,
1490 5291 1582 5342 καὶ
1613 5289 1674 5342 τὸ
1700 5306 1797 5344 κοι-

1913 5303 2113 5366 potest,
2147 5302 2598 5356 communemque
2655 5288 2905 5341 humanae
2936 5295 3144 5341 naturze
3203 5296 3486 5354 personam

227 5391 312 5443 νδν
339 5392 440 5460 τῆς
471 5389 894 5460 ἁνθρωπότητος
923 5389 1202 5458 μονονουχὶ
1233 5389 1571 5460 προσωπεῖον
1601 5386 1797 5448 ἑαυτοῖς

1917 5394 2124 5440 tantum
2178 5397 2283 5436 non
2320 5380 2622 5446 induentes,
2684 5377 2986 5446 adjutorem
3039 5385 3095 5430 et
3146 5372 3484 5428 auxiliarium

228 5457 706 5553 περιπλάττοντες,
735 5457 1101 5551 συλλήπτορα,
1139 5457 1232 5534 καὶ
1271 5457 1520 5550 ἆρρωγὸν
1564 5477 1623 5542 ἐξ
1648 5477 1797 5548 οὐρα-

1916 5477 1984 5530 de
2014 5474 2163 5529 caelis
2201 5473 2457 5528 advenire
2488 5472 2680 5526 Filium
2708 5467 3040 5538 ﬂagitabant.
3071 5465 3162 5520 Ait
3224 5457 3485 5553 ιιι-κο.-ᾱί-

391 5573 688 5642 ἀφικέσθαι
741 5547 1082 5645 παρεκάλουν
1123 5572 1212 5627 τὸν
1255 5547 1401 5624 Υίό-ν.
1433 5571 1574 5639 Ἔφη
1627 5547 1797 5636 γοῦνι

1919 5567 2074 5619 vinus
2114 5563 2280 5618 David
2313 5581 2327 5617 :
2383 5581 2402 5614 ι
2453 5563 2647 5632 Surge,
2682 5561 2843 5624 Deus,
2895 5557 3072 5625 iudica
3121 5565 3316 5608 terram
3342 5547 3389 5581 ⁸⁸
3417 5564 3431 5609 ς
3462 5567 3480 5601 ι

300 5737 344 5768 ⁸³
377 5739 499 5793 Act.
523 5753 620 5804 vn,
651 5737 740 5794 38.
821 5737 1078 5806 “Ephcs.
1103 5752 1159 5803 ll,
1184 5735 1268 5791 16.
1311 5737 1432 5770 τοιδδ
1458 5736 1474 5756 ⁶
1502 5735 1652 5790 Deut.
1687 5747 1762 5798 ix,

1929 5731 1973 5763 ³⁵
2000 5729 2176 5784 lTim.
2217 5744 2276 5793 ιι,
2308 5727 2359 5781 5.
2438 5728 2478 5759 ⁵⁷
2501 5725 2697 5795 Ephcs.
2723 5738 2781 5784 ιι,
2815 5721 2899 5774 Η.
2978 5719 3022 5747 ⁵⁸
3045 5713 3186 5770 Psal.
3216 5724 3402 5770 tum.
3428 5706 3484 5760 8ο
