4002 6220
469 319 544 376 95
1453 321 1508 376 S.
1552 321 1825 378 CYRILLI
1870 323 2335 380 ALEXANDRINI
2378 325 2690 381 ARCHIEI’.
3657 329 3726 386 96

464 453 521 498 et
563 455 808 497 rursum:
848 459 866 492 ι
909 439 1070 506 Deus,
1107 441 1158 496 in
1191 441 1406 495 nomine
1435 451 1526 496 tuo
1550 443 1756 497 salvum
1800 460 1883 498 me
1926 443 2029 509 iac,

2152 448 2423 509 leam-Zeto;
2454 449 2640 512 Aa6‘t8,
2666 469 2682 500 ι
2728 448 2957 501 Ἀνάστα
2986 451 3013 503 6
3037 450 3190 513 Θεὸς,
3210 447 3390 521 κρίνον
3433 447 3528 519 τὴν
3561 453 3682 520 γῆν.
3703 476 3720 505 ν

464 547 519 587 ct
548 533 598 586 in
647 533 843 587 virtute
879 541 967 585 tua
998 532 1178 601 judica
1228 535 1396 588 me”.
1442 553 1461 585 ι
1518 532 1790 589 Judicavit
1852 537 2036 604 itaque

467 626 521 679 in
562 624 764 690 iustitia
799 625 957 688 Deus,
1000 634 1054 678 et
1109 626 1336 680 aﬂlictos
1395 629 1654 694 salvavit;
1711 627 2033 683 homicidam

464 725 643 770 autem
690 724 745 771 et
795 715 1108 786 pestiferum
1165 717 1419 771 Satanam
1478 721 1680 788 abegit,
1731 730 1786 772 et
1833 735 1863 772 a
1911 734 2025 773 cer-

465 805 671 861 vicibus
727 807 924 860 nostris
969 807 1186 874 repulit,
1263 808 1662 877 superhumque
1732 808 2034 863 daemonum

464 898 822 967 principatum
851 898 1064 952 evertit.
1111 898 1172 952 Et
1212 899 1312 954 hoc
1385 900 1703 970 mysterium
1758 900 1870 968 ipse
1943 914 2038 967 per

465 989 702 1054 seipsum
729 985 1041 1052 declaravit,
1076 987 1183 1060 54
1201 1006 1320 1044 cum
1339 991 1495 1055 dixit,
1526 1007 1556 1056 p
1577 1007 1634 1044 ro
1657 990 1896 1044 omnium
1926 992 2036 1043 vita

464 1103 678 1142 crucem
723 1103 1090 1156 perpessurus.
1121 1102 1142 1138 ι
1201 1083 1352 1136 Nunc
1397 1080 1661 1151 judicium
1717 1092 1798 1136 est
1855 1081 2037 1135 mundi

464 1179 644 1248 hujus,
688 1188 742 1232 et
779 1179 1024 1248 princeps
1053 1177 1237 1230 mundi
1292 1175 1452 1244 hujus
1503 1173 1749 1241 ejicietur
1810 1171 1978 1226 foras.
2013 1190 2031 1222 ι

465 1269 532 1323 Ει
565 1288 582 1322 ι
609 1269 718 1338 Ego
745 1267 1144 1322 cumexaltatus
1169 1265 1319 1320 fuero
1349 1280 1376 1318 a
1400 1272 1564 1327 terra,
1594 1261 1776 1317 omnia
1819 1260 2029 1314 traham

464 1360 531 1414 ad
565 1363 824 1428 meipsum
855 1359 921 1410 °°.
953 1376 971 1410 ι
1013 1357 1121 1412 Nec
1159 1371 1289 1412 sane
1341 1357 1586 1411 volumus
1624 1357 1826 1412 dixisse
1864 1356 2037 1420 illum,

464 1453 582 1519 ipso
619 1461 859 1518 tempore
891 1449 1159 1502 adventus
1183 1447 1420 1502 futurum
1461 1448 1641 1501 nmndi
1695 1448 1853 1514 hujus
1894 1447 2037 1514 judi-

465 1541 630 1596 cium.
667 1539 801 1594 Nam
833 1548 889 1594 ut
945 1540 1170 1608 ipsemet
1222 1553 1432 1592 rursum
1500 1537 1602 1590 ait:
1640 1557 1658 1588 ‹
1719 1536 1836 1591 Νοιι
1893 1537 2041 1591 misit

465 1635 609 1688 Deus
640 1632 834 1687 Filium
863 1647 1017 1686 suum
1053 1630 1106 1684 in
1137 1627 1714 1695 mundum,utjudicet
1753 1630 2038 1695 mundum,

465 1723 559 1778 sed
589 1732 646 1776 ut
679 1722 918 1778 salvetur
953 1719 1182 1775 mundus
1218 1734 1313 1790 per
1339 1719 1511 1787 ipsum
1559 1720 1600 1750 ⁸⁸
1629 1757 1640 1770 .
1683 1739 1701 1769 ι
1765 1717 2037 1773 Iudicium

2143 540 2252 591 Kal
2278 539 2440 592 πάλιν
2469 557 2481 570 ·
2519 559 2535 590 ι
2580 544 2637 592 '0
2667 540 2815 604 Θεὸς,
2851 544 2909 595 ἐν
2939 542 3018 612 τῷ
3042 542 3266 612 ὀνόματί
3301 559 3394 594 σου
3427 541 3600 596 σῶσόν
3635 561 3728 614 με,

2144 630 2237 682 καὶ
2260 631 2316 683 ἐν
2341 633 2406 701 τῇ
2433 631 2656 701 δυνάμει
2690 643 2795 684 σου·
2815 633 2997 702 κρίνόν
3031 651 3120 703 με.
3161 651 3179 685 t
3216 634 3438 702 Ἔκρινε
3462 632 3640 687 τοίνυν
3669 637 3734 691 ἐν

2142 723 2458 795 δικαιοσύνῃ
2482 725 2507 776 6
2527 723 2681 787 Θεὸς,
2709 725 2800 777 καὶ
2822 725 3028 778 σέσωκε
3055 725 3153 794 μὲν
3183 725 3308 788 τοὺς
3327 726 3729 797 ἠδικημένους·

2142 813 2233 867 τὸν
2267 814 2323 866 δέ
2361 815 2639 884 μιαιφόνον
2671 815 2763 869 καὶ
2797 815 3081 885 ἀλιτήριον
3118 817 3429 884 ἀπεσόὸησε
3461 820 3732 882 Σατανᾶν,

2144 905 2237 957 καὶ
2279 905 2380 974 τῆς
2437 905 2556 958 καθ’
2587 904 2741 976 ήμῶν
2795 906 3085 959 ἀπεώσατο
3121 907 3433 973 πλεονεξίας
3461 949 3474 972 ,
3507 910 3599 962 καὶ
3629 911 3737 980 τὴν

2144 994 2376 1057 ἀλαζόνα
2413 995 2518 1047 τῶν
2556 996 2846 1066 δαιμονίων
2894 997 3142 1050 καθεῖλεν
3188 999 3380 1068 ἀρχήν.
3430 999 3542 1052 Καὶ
3570 999 3738 1054 τοῦτο

2145 1087 2276 1157 ἡμῖν
2303 1087 2364 1139 τὸ
2401 1089 2699 1159 μυστήριον
2728 1088 2890 1152 αὐτὸς
2910 1089 2976 1143 δι’
3007 1089 3200 1145 ἐαυτοῦ
3233 1085 3504 1160 διεσαφεῖ,
3532 1093 3735 1160 λέγων,

2155 1179 2245 1231 ὅτε
2271 1178 2362 1232 τὸν
2389 1179 2528 1250 ὑπὲρ
2561 1179 2664 1248 τῆς
2707 1179 2961 1234 ἁπάντων
3013 1181 3157 1252 ζωῆς
3189 1181 3417 1252 ἔμελλεν
3439 1183 3738 1253 ἀνατλῆναι

2147 1271 2377 1340 σταυρόν
2399 1287 2411 1299 ο
2449 1270 2593 1324 «Νῦν
2611 1272 2792 1342 κρίσις
2815 1274 2932 1325 ἐστὶ
2949 1271 3050 1325 τοῦ
3066 1274 3270 1344 κόσμου
3295 1274 3506 1340 τούτου,
3525 1277 3618 1328 καὶ
3634 1276 3739 1347 ἄρ-

2146 1379 2255 1431 χων
2279 1361 2373 1414 τοῦ
2408 1362 2611 1432 κόσμου
2627 1361 2819 1415 τούτου
2835 1363 3239 1434 ἐκϐληθήσεται
3271 1365 3392 1432 ἔξω.
3411 1385 3430 1418 ι
3454 1367 3740 1435 -ιΚάγὼ

2148 1453 2242 1506 ἐὰν
2275 1454 2472 1523 ὑψωθῶ
2506 1457 2569 1507 ἐκ
2603 1456 2702 1525 τῆς
2735 1456 2857 1525 γῆς,
2893 1457 3074 1510 πάντα
3121 1457 3333 1510 ἐλκύσω
3375 1459 3513 1529 πρὸς
3553 1462 3737 1530 ἐμαυ-

2146 1544 2413 1597 τόν.›Καὶ
2444 1545 2504 1598 ού
2529 1546 2700 1616 δήπου
2731 1546 2928 1614 φαμὲν,
2948 1547 3031 1598 ὅτι
3062 1546 3241 1617 κρίσιν
3263 1547 3366 1616 ἔφη
3395 1547 3489 1600 τοῦ
3523 1549 3738 1619 κόσμου

2147 1635 2338 1687 τούτου
2357 1635 2682 1704 γενήσεσθαι
2701 1637 2830 1705 παρ’
2853 1635 3016 1688 αὐτοῦ
3037 1637 3180 1688 κατά
3199 1636 3289 1689 τὸν
3309 1636 3410 1705 τῆς
3441 1636 3742 1706 ἐπιδημίας

2149 1721 2358 1790 καιρόν.
2401 1721 2488 1783 Ὠς
2516 1721 2625 1792 γάρ
2655 1722 2817 1784 αὐτὸς
2847 1723 2948 1791 ἔφη
2985 1723 3168 1788 πάλιν,
3208 1745 3226 1775 ι
3267 1727 3380 1778 Ούκ
3410 1726 3741 1779 ἀπέστειλεν

466 1823 642 1868 autem
672 1827 793 1868 esse
823 1813 952 1868 dicit
979 1821 1181 1867 rectam
1221 1822 1275 1864 et
1309 1811 1633 1880 inculpatum
1660 1809 1802 1865 velut
1843 1809 2038 1877 dijudi-

2152 1810 2171 1860 5
2203 1810 2334 1874 Θεὸς
2363 1811 2453 1864 τὸν
2480 1811 2607 1864 Υίὸν
2630 1813 2710 1874 είς
2725 1811 2818 1864 τὸν
2844 1813 3067 1882 κόσμον,
3089 1813 3174 1866 ἵνα
3199 1815 3358 1884 κρίνῃ
3387 1816 3477 1868 τὸν
3504 1816 3736 1884 κόσμον,

465 1906 731 1960 cationem
762 1906 1005 1973 ;justum
1041 1905 1183 1959 enim
1237 1904 1411 1969 nobis,
1447 1913 1502 1958 et
1535 1903 1606 1956 illi
1650 1902 1738 1970 jus
1773 1903 1928 1957 dixit.
1975 1902 2038 1955 Et

466 1998 695 2053 salvavit
725 1997 940 2066 quidem
980 2011 1077 2050 nos
1111 1997 1176 2049 ad
1205 2011 1263 2050 se
1296 2004 1522 2056 tractos.
1557 2005 1611 2049 et
1641 1994 1808 2049 nostri
1868 1993 2039 2048 domi-

466 2100 710 2154 nantem,
746 2105 808 2145 ac
862 2088 1192 2143 multimodis
1238 2101 1335 2140 nos
1391 2087 1698 2157 perdentem
1752 2085 2039 2156 tyrannide

466 2181 646 2251 ejecit.
682 2180 882 2235 Salvati
919 2195 1106 2235 sumus
1157 2179 1319 2247 igitur
1380 2179 1674 2232 miserante
1727 2192 1824 2231 nos
1905 2175 2033 2230 Deo.

472 2293 492 2326 ι
523 2273 810 2330 Jusliﬁeati
848 2273 991 2326 enim
1019 2285 1225 2333 sumus,
1277 2284 1382 2324 non
1412 2285 1477 2323 ex
1523 2267 1778 2338 operibus
1815 2267 2040 2337 justitia‘:

468 2381 589 2436 quae
635 2364 862 2419 fecimus
891 2378 1008 2427 nos,
1039 2362 1132 2417 sed
1167 2361 1462 2415 secundum
1510 2375 1774 2428 magnam
1830 2359 2040 2413 miseri-

467 2456 711 2510 cordiam
764 2453 934 2523 ipsius
961 2454 1028 2519 “,
1068 2471 1087 2504 ι
1123 2452 1264 2506 sicut
1287 2452 1543 2518 scriptum
1573 2460 1678 2505 cst.
1711 2449 1898 2504 Vocati
1940 2465 2036 2503 au-

467 2554 578 2601 tem
605 2560 791 2600 sumus
822 2546 890 2598 ad
913 2542 1360 2600 necessitudinem
1387 2542 1720 2609 spiritualem
1739 2555 1832 2609 per
1854 2538 2038 2594 ﬁdem.

468 2640 548 2694 lta
577 2646 756 2692 autem
811 2636 1010 2702 vocati,
1049 2649 1172 2689 eum
1199 2635 1288 2703 qui
1316 2642 1638 2688 est'natura
1685 2633 1824 2686 Deus
1877 2647 2042 2701 agno-

468 2730 664 2785 vimus.
691 2727 920 2792 Idcirco,
942 2727 1132 2796 inquit,
1174 2743 1193 2778 ι
1225 2725 1558 2793 desponsabo
1585 2733 1636 2778 te
1675 2723 1802 2778 mihi
1840 2724 2038 2789 inﬁde,

471 2831 525 2878 et
548 2836 843 2894 cognosces
882 2820 1187 2875 Dominum.
1227 2837 1246 2870 ι
1283 2817 1561 2872 Praecessit
1583 2830 1712 2886 ergo
1745 2815 1898 2869 fides.
1953 2813 2043 2868 Sic

473 2924 654 2968 autem
720 2913 938 2968 Christo
993 2909 1370 2980 cognoscendo
1433 2923 1562 2976 epes
1629 2907 2038 2977 acquisivimus.

474 3005 540 3060 Et
568 3005 690 3072 hoc,
714 3013 770 3058 ut
826 3002 1083 3067 arbitror,
1120 3009 1200 3056 est
1260 3000 1403 3070 quod
1454 3000 1773 3068 quihusdam
1840 3001 2041 3052 dictum

473 3107 598 3153 est:
664 3115 684 3149 ι
757 3094 870 3149 Nisi
938 3092 1299 3156 credideritis,
1360 3108 1464 3147 non
1528 3090 1837 3162 intelligetis
1905 3091 1982 3142 ⁸³.
2020 3109 2038 3142 ι

2145 1900 2258 1954 ἀλλ’
2285 1902 2369 1954 ἵνα
2400 1901 2544 1973 σωθῇ
2576 1905 2604 1956 6
2644 1903 2846 1973 κόσμος
2877 1905 2946 1957 δι’
2972 1904 3158 1958 αὑτοῦ.
3211 1923 3228 1954 t
3265 1905 3456 1974 Κρίσιν
3484 1907 3539 1960 δὲ
3583 1902 3735 1958 εἷναί

2147 2007 2299 2059 φησι,
2332 1991 2432 2062 τὴν
2484 1991 2650 2062 ὀρθὴν
2707 1994 2800 2045 καὶ
2845 1993 3146 2063 ἀμώμητον
3177 1993 3339 2046 οἱονεὶ
3371 1993 3738 2049 διαδικασίαν.

2145 2080 2402 2133 Δεδίκακε
2437 2081 2567 2152 γὰρ,
2593 2081 2668 2144 ὡς
2692 2080 2848 2153 ἔφην,
2873 2082 3048 2153 ὀρθῶς
3099 2086 3230 2153 ἡμῖν
3251 2099 3312 2136 τε
3343 2084 3598 2153 κάκείνῳ.
3623 2086 3743 2138 Καὶ

2147 2170 2352 2224 σέσωκε
2390 2172 2488 2242 μὲν
2516 2173 2682 2242 ἡμᾶς,
2712 2172 2945 2236 ἑλκύσας
2973 2173 3108 2243 πρὸς
3153 2175 3343 2226 ἐαυτόν
3378 2190 3390 2203 ·
3429 2175 3740 2232 ἐκϐέϐληκε

2145 2262 2201 2314 δέ
2253 2263 2350 2331 τῆς
2392 2262 2515 2315 καθ’
2549 2263 2704 2334 ήμῶν
2750 2263 3063 2334 τυραννίδος
3095 2263 3184 2316 τὸν
3219 2266 3640 2320 πλεονεκτοῦντα
3673 2285 3740 2320 τε

2147 2355 2241 2408 καὶ
2267 2353 2545 2409 διολλύντα
2588 2357 2868 2420 ποικίλως.
2896 2356 3225 2427 Σεσώσμεθα
3249 2357 3313 2427 δὴ
3337 2354 3428 2412 οὖν
3457 2359 3742 2423 ἐλεοῦντος

2146 2464 2205 2498 τε
2232 2447 2379 2516 ἡμᾶς
2429 2449 2523 2500 καὶ
2567 2449 3033 2520 κατοικτείροντος
3063 2448 3219 2502 Θεοῦ.
3253 2468 3271 2500 ι
3327 2449 3741 2521 Δεδικαιώμεθα

2147 2537 2277 2608 γὰρ,
2307 2538 2406 2590 οὐκ
2441 2536 2500 2603 ἐξ
2530 2538 2707 2610 ἔργων
2721 2540 2824 2592 τῶν
2845 2542 2901 2593 ἐν
2924 2540 3239 2613 δικαιοσύνῃ
3262 2537 3340 2594 ὧν
3378 2543 3720 2612 ἐποιήσαμεν

2149 2632 2327 2701 ἡμεῖς,
2359 2630 2494 2685 ἀλλά
2538 2633 2678 2685 κατά
2709 2631 2768 2685 τὸ
2817 2632 2950 2686 πολὺ
2981 2632 3144 2686 αὑτοῦ
3185 2633 3353 2697 ἕλεος,
3397 2653 3416 2685 t
3454 2632 3597 2686 καθά
3643 2633 3743 2700 γέ-

2148 2740 2408 2792 γραπται.
2443 2723 2775 2793 Κεκλήμεθά
2813 2738 2874 2776 τε
2908 2724 3044 2794 πρὸς
3077 2725 3387 2796 οἰκειότητα
3417 2725 3514 2797 τὴν
3567 2743 3734 2778 πνευ-

2153 2814 2386 2885 ματικήν
2414 2814 2504 2868 διὰ
2532 2815 2768 2878 πίστεως
2787 2833 2799 2845 ·
2840 2816 3168 2886 κεκλημένοι
3187 2835 3246 2871 τε
3274 2816 3436 2881 οὕτω,
3456 2818 3548 2871 τὸν
3577 2817 3743 2886 φύσει

2149 2906 2280 2959 Θεὸν
2325 2905 2663 2977 ἐγνώκαμεν.
2700 2909 2885 2981 Ταύτῃ
2921 2926 3001 2961 τοι
3049 2911 3216 2980 φησί’
3253 2929 3270 2959 ι
3313 2910 3420 2962 Καὶ
3470 2910 3742 2981 μνηστεύ-

2153 2996 2315 3066 σομαί
2367 3015 2423 3050 σε
2464 2999 2685 3070 ἐμαυτῷ
2732 3001 2788 3053 ἐν
2822 3001 3039 3063 πίστει,
3062 3002 3156 3055 καὶ
3187 3002 3463 3074 ἐπιγνώσῃ
3503 3004 3594 3055 τὸν
3621 3002 3744 3055 Κύ-

2154 3106 2286 3159 ριον.
2331 3107 2347 3142 t
2391 3089 2599 3144 Οὐκοῦν
2651 3092 3065 3163 προεκόἐϐηκεν
3103 3096 3134 3164 ἡ
3183 3093 3397 3161 πίστις,
3433 3095 3745 3167 πεπλουτήο

473 3187 677 3243 Christi
712 3201 840 3240 vero
867 3185 1183 3256 mysterium
1222 3185 1369 3237 clare
1415 3197 1608 3246 nosse;
1671 3193 1888 3236 aeternae
1920 3182 2042 3235 vita:

2152 3195 2323 3247 καμεν
2349 3179 2405 3231 δὲ
2433 3178 2606 3243 οὕτως
2635 3181 2728 3234 καὶ
2757 3183 2820 3235 τὸ
2866 3183 3064 3236 εἰδέναι
3099 3185 3353 3255 Χριστόν.
3394 3187 3506 3241 Καὶ
3556 3188 3742 3255 τοῦτο,

474 3277 764 3348 participes
800 3276 1024 3331 reddere
1052 3291 1147 3332 eos
1195 3275 1285 3344 qui
1322 3275 1466 3344 digni
1507 3282 1652 3338 sunt,
1701 3272 1869 3328 Filius
1934 3273 2047 3341 ipse

474 3371 692 3426 Patrem
759 3369 1038 3426 caelestem
1140 3367 1422 3436 alloquens
1512 3375 1660 3420 certe
1729 3364 2046 3420 conﬁrmat:

479 3480 499 3514 ι
549 3461 674 3517 Haec
712 3471 798 3516 est
839 3460 947 3513 vita
1002 3468 1201 3512 aeterna
1230 3496 1246 3523 ,
1296 3466 1353 3510 ut
1418 3463 1744 3526 cognoscant
1774 3464 1824 3508 te
1877 3453 2047 3508 solum

475 3569 662 3608 verum
693 3553 882 3617 Deum,
911 3560 966 3604 et
993 3563 1152 3618 quem
1185 3548 1380 3602 misisti
1409 3545 1595 3601 Jesum
1626 3547 1901 3601 Christum
1930 3545 1996 3598 ⁸⁵.
2025 3562 2047 3596 ι

2148 3265 2323 3338 οἶμαι,
2351 3271 2468 3323 ἐστὶ
2509 3271 2569 3323 τὸ
2616 3273 2751 3343 πρός
2783 3290 2935 3336 τινας
2972 3275 3261 3344 εἰρημένον
3289 3293 3304 3309 ο
3341 3296 3359 3328 ι
3399 3281 3496 3332 “Av
3527 3278 3632 3350 γὰρ
3664 3279 3745 3350 μὴ

2152 3359 2506 3429 πιστεύσητε,
2546 3361 2666 3414 οὐδὲ
2721 3362 2794 3432 μὴ
2831 3363 3048 3432 συνῆτε.
3093 3383 3111 3416 t
3154 3366 3272 3418 Ὅτι
3308 3367 3365 3419 δὲ
3405 3367 3464 3421 τὸ
3499 3367 3742 3420 συνιέναι

2150 3448 2418 3519 λαμπρῶς
2464 3451 2526 3503 τὸ
2566 3451 2799 3522 Χριστοῦ
2835 3453 3160 3523 μυστήριον,
3189 3457 3288 3526 τῆς
3329 3457 3547 3510 αἰωνίου
3588 3457 3741 3526 ζωῆς

2155 3545 2519 3610 περιποιεῖται
2541 3543 2638 3614 τήν
2673 3543 2888 3615 μέθεξιν
2908 3547 3020 3607 τοῖς
3056 3546 3196 3600 ἐλεῖν
3231 3547 3435 3614 ἀξίοις,
3468 3547 3745 3619 πληρορο-

477 3645 634 3716 ρήσει
661 3641 834 3710 λέγων
864 3640 1024 3703 αὐτὸς
1055 3643 1084 3693 6
1115 3641 1244 3723 Υἱὸς
1289 3640 1423 3710 πρὸς
1451 3639 1540 3691 τὸν
1571 3642 1628 3691 ἐν
1661 3640 1773 3700 τοῖς
1805 3637 2056 3708 οὐρανοῖς
2085 3633 2305 3704 Πατέρα
2335 3634 2429 3687 καὶ
2457 3634 2590 3688 Θεόν
2616 3651 2630 3666 ο
2678 3635 2857 3704 «Αὕτη
2883 3635 2941 3688 δέ
2968 3637 3116 3691 ἐστιν
3150 3640 3183 3708 ἡ
3225 3639 3442 3703 αίώνιος
3481 3640 3616 3712 ζωὴ,
3657 3641 3745 3693 ἵνα

473 3737 784 3809 γινώσκωσι
815 3753 874 3789 σε
900 3736 991 3790 τὸν
1020 3735 1178 3805 μόνον
1210 3732 1460 3802 ἀληθινὸν
1491 3732 1643 3795 Θεὸν,
1674 3731 1766 3784 καὶ
1794 3730 1852 3782 ὃν
1882 3727 2208 3790 ἀπέστειλας
2233 3727 2460 3797 Ἰησοῦν.
2485 3749 2504 3781 ›

549 3831 709 3884 Vnus.
759 3827 849 3889 21,
877 3827 970 3881 22.
1025 3823 1091 3878 Ει
1123 3827 1218 3879 erit
1258 3827 1310 3878 in
1333 3825 1416 3877 die
1445 3824 1558 3888 illa,
1595 3823 1723 3875 dicit
1770 3823 2042 3886 Dominus,

474 3921 758 3978 exaudiam
783 3918 987 3984 caelum,
1016 3928 1060 3971 et
1086 3917 1270 3971 caelum
1299 3915 1543 3968 exaudiet
1570 3925 1784 3977 terram,
1831 3924 1876 3966 et
1907 3925 2047 3966 terra

474 4010 716 4066 exaudiet
772 4010 1115 4080 frumentum,
1168 4016 1217 4062 et
1267 4009 1462 4072 riuum,
1515 4017 1560 4059 et
1593 4006 1785 4067 oleum,
1822 4013 1868 4058 et
1931 4005 2047 4058 inea

474 4104 752 4159 exaudiant
768 4100 996 4156 Jezrael.

533 4278 944 4339 XXXJiursum
959 4279 1048 4343 hic
1059 4277 1198 4334 diem
1216 4277 1485 4334 vocationi
1502 4275 1829 4333 conveniens
1845 4285 2051 4344 tempus

2221 3821 2332 3874 Kal
2381 3822 2551 3875 ἔσται
2599 3821 2670 3874 ἐν
2717 3822 2918 3892 ἐκείνῃ
2962 3823 3036 3893 τῇ
3062 3825 3270 3894 ἡμέρᾳ,
3308 3825 3469 3896 λέγει
3501 3827 3739 3894 Κύριος-ο

2152 3914 2559 3983 ἐπακούσομαι
2580 3913 2659 3979 τῷ
2687 3914 2940 3984 οὐρανῷ,
2977 3917 3076 3971 καὶ
3119 3916 3304 3983 αὐτὸς
3335 3918 3741 3973 ἐπακούσεται

2155 4005 2228 4075 τῇ
2265 4006 2364 4076 γῇ,
2393 4007 2490 4060 καὶ
2533 4009 2570 4076 ἡ
2599 4006 2676 4076 γῆ
2708 4007 3110 4063 ἐπακούσεται
3138 4010 3243 4063 τὸν
3287 4011 3479 4075 σῖτον,
3508 4011 3604 4064 καὶ
3634 4011 3742 4064 τὸν

2154 4094 2322 4152 οἶνον
2350 4097 2450 4151 καὶ
2482 4098 2550 4151 τὸ
2589 4098 2816 4165 ἔλαιον,
2845 4099 2941 4152 καὶ
2970 4099 3124 4154 αὐτὰ
3165 4100 3608 4157 ἐπακούσω-ται
3631 4101 3739 4156 τοῦ

2170 4189 2444 4244 Ἰεζραέλ.

2225 4206 2245 4243 ε
2313 4189 2444 4242 aest.

2225 4187 2309 4332 Λζξῗ
2357 4279 2604 4351 Ἥμέραν
2640 4280 2704 4351 δὴ
2733 4281 2894 4335 πάλιν
2945 4281 3002 4334 ἐν
3050 4282 3261 4346 τούτοις
3291 4284 3382 4336 τὸν
3430 4287 3495 4354 τῇ
3548 4284 3737 4356 κλήσει

475 4379 774 4438 nuncupat.
823 4369 921 4425 llic
963 4371 1160 4438 quippe
1216 4371 1513 4437 Scriptura:
1567 4383 1738 4422 sacra:
1787 4383 1904 4422 mos
1943 4375 2042 4422 est.

2155 4372 2435 4442 πρέποντα
2485 4372 2847 4443 κατονομάζει
2896 4373 3116 4444 καιρόν·
3155 4374 3317 4427 τοῦτο
3365 4375 3472 4446 γὰρ
3522 4375 3640 4440 ἔθος
3669 4379 3736 4448 τῇ

476 4461 536 4516 lu
577 4461 816 4515 omnium
866 4459 1032 4530 igitur
1075 4460 1364 4522 honorum,
1402 4471 1891 4526 supernorumque,
1938 4466 2044 4512 eta

483 4551 594 4607 Deo
626 4550 1087 4620 suppeditatorum
1124 4549 1386 4604 donorum
1451 4548 1723 4604 atlluentia
1797 4547 2048 4604 Israelem

478 4646 585 4702 {ide
625 4646 677 4700 in
709 4645 981 4701 Christum
1023 4642 1309 4711 aliquando
1347 4643 1673 4696 illustratum
1711 4642 1797 4704 iri,
1821 4642 1922 4696 sub
1955 4657 2049 4696 ve-

478 4738 680 4794 lamine
728 4736 961 4808 quodam
1008 4735 1267 4792 ostendit.
1301 4734 1610 4788 Pluviarum
1661 4735 1926 4804 siquidem
1957 4749 2051 4789 co-

480 4830 626 4900 piam
674 4829 790 4885 fore
829 4837 1075 4884 autumat
1115 4829 1230 4898 ipso
1275 4835 1584 4893 annuente;
1624 4827 1726 4881 hoc
1773 4827 1915 4882 enim
1938 4826 2052 4896 opi-

482 4936 604 4986 nor,
654 4930 757 4988 est,
795 4922 935 4991 quod
977 4922 1194 4985 asserit,
1231 4939 1250 4972 ι
1279 4920 1562 4976 exaudiam
1589 4919 1806 4974 coelum.
1836 4938 1854 4969 ι
1911 4917 2051 4984 Quin

483 5019 539 5067 et
592 5012 646 5066 in
711 5022 856 5067 terra
929 5014 1180 5070 deorsum
1249 5013 1566 5068 utilissimos
1621 5022 1676 5068 et
1714 5011 2054 5066 necessarios

484 5101 694 5157 fructus
761 5102 918 5157 nobis
979 5104 1160 5158 datum
1207 5103 1295 5158 iri.
1348 5103 1480 5158 Nam
1525 5106 1640 5159 sine
1705 5107 1812 5159 Deo
1843 5102 1948 5174 55
2000 5113 2056 5158 et

489 5207 722 5263 superno
757 5193 1051 5260 arbitratu,
1110 5207 1209 5248 nec
1249 5194 1446 5249 cretum
1509 5195 1796 5264 aliquando
1829 5195 2054 5248 .imhres

490 5288 543 5339 in
592 5294 790 5340 terram
840 5285 1106 5352 demittet,
1159 5300 1258 5340 nec
1301 5295 1444 5339 terra
1492 5286 1782 5355 aliquando
1850 5285 2055 5340 fructus

493 5391 622 5432 suos
659 5376 937 5446 producet.
967 5375 1021 5430 Id
1063 5377 1207 5446 quod
1249 5377 1426 5432 sciens
1461 5378 1718 5447 prepheta
1753 5378 2052 5439 Jeremias.

487 5468 679 5524 orabat
713 5485 769 5524 ει
815 5463 1065 5536 Nunquid
1111 5477 1191 5522 est
1235 5469 1285 5521 in
1329 5467 1487 5522 idolis
1513 5472 1751 5538 gentium
1812 5468 2055 5537 plucns?

489 5569 546 5613 et
590 5560 630 5614 si
677 5560 874 5617 caelum
912 5559 1062 5615 dabit
1102 5560 1401 5615 satietatem
1445 5575 1619 5624 suam,
1650 5575 1832 5614 nonne
1883 5569 1936 5612 tu
1997 5572 2055 5612 es

568 5737 612 5768 "
644 5737 784 5796 Psal.
817 5756 934 5800 LIII.
968 5741 1020 5796 '5.

1098 5737 1312 5796 6°.loan.
1349 5739 1576 5807 xt:t,31,
1609 5738 1696 5795 52.
1774 5739 1814 5772 "
1854 5737 2005 5795 Joan.
2040 5755 2122 5808 Ill,
2161 5740 2244 5796 l't'.

2153 4462 2495 4534 θεοπνεύστῳ
2555 4465 2771 4535 Γραφῇ.
2821 4465 2945 4518 Ὅτι
3017 4466 3196 4519 τοίνυν
3243 4468 3303 4521 ἐν
3367 4467 3740 4538 μεθέξει,καὶ

2152 4555 2384 4626 ἀφθονίᾳ
2417 4554 2619 4618 παντὸς
2666 4555 2894 4623 ἀγαθοῦ,
2924 4556 3021 4609 καὶ
3051 4557 3159 4610 τῶν
3206 4557 3434 4624 ἄνωθεν,
3469 4561 3562 4612 καὶ
3587 4561 3738 4630 παρά

2153 4644 2287 4698 Θεόῦ
2321 4647 2675 4716 χαρισμάτων
2726 4647 2822 4700 καὶ
2863 4647 3028 4710 αύτὸς
3081 4647 3229 4701 ἔσται
3275 4634 3416 4703 κατά
3459 4650 3738 4721 καιροὺςὸ

2166 4732 2400 4804 Ἰσραὴλ,
2430 4738 2495 4806 τῇ
2525 4738 2603 4798 είς
2634 4736 2870 4807 Χριστὸν
2903 4737 3084 4790 πίστει
3109 4737 3597 4810 λελαμπρυσμένος
3616 4781 3630 4804 ,
3657 4742 3740 4795 ai-

2156 4823 2514 4894 νιγματωδῶς
2549 4825 2856 4894 ὑποφαίνει.
2876 4828 3079 4882 Ὺετῶν
3100 4828 3209 4900 γὰρ
3234 4831 3494 4899 ἀφθονίαν
3525 4831 3738 4884 ἔσεσθαί

2153 4930 2336 4984 φησιν,
2361 4913 2524 4968 αὐτοῦ
2546 4915 2956 4981 κατανεύοντος.
2975 4917 3147 4971 Τοῦτο
3174 4918 3326 4988 γάρ,,
3351 4913 3644 4987 οἷμαι.ἐστὶ
3659 4918 3737 4985 τὸ,

2157 5023 2176 5056 ί
2199 5005 2601 5077 Ἐπακούσομαι
2616 5007 2693 5078 τῷ
2711 5008 2947 5080 οὐρανῷ.
2983 5027 3000 5059 ι
3029 5009 3138 5067 Kal.
3159 5009 3264 5079 μὴν
3287 5009 3378 5062 καὶ
3395 5010 3456 5060 ἐν
3477 5011 3545 5079 γῇ
3568 5011 3737 5074 κάτω,

2150 5097 2276 5161 τοὺς
2325 5098 2406 5151 ὅτι
2468 5098 2702 5168 μάλιστα
2750 5099 3210 5170 χρειωδεστάτους
3260 5097 3355 5150 καὶ
3407 5097 3738 5164 ἀναγκαίους

2159 5193 2291 5261 ἡμῖν
2350 5190 2735 5262 ἐκδοθήσεσθαι
2798 5189 3078 5258 καρπούς.
3129 5189 3266 5242 Θεοῦ
3318 5189 3428 5260 γὰρ
3477 5189 3601 5259 δίχα
3645 5183 3739 5242 καὶ

2161 5282 2354 5354 βουλῆς
2385 5284 2484 5355 τῆς
2512 5283 2736 5346 ἄνωθεν,
2767 5281 2876 5336 οὒτ’
2917 5282 2984 5337 ἂν
3015 5282 3178 5346 αὑτός
3211 5298 3341 5335 ποτε
3377 5283 3491 5344 τοῖς
3524 5280 3616 5332 Earl.
3639 5280 3737 5349 γῆς

2157 5375 2308 5434 οὖσιν
2323 5382 2352 5433 6
2378 5378 2623 5448 οὐρανὸς,
2658 5376 2768 5432 οὔτ’
2783 5376 2849 5430 ἂν
2875 5378 2907 5447 ή
2931 5376 3006 5445 γῆ
3027 5376 3118 5429 τὸν
3143 5377 3340 5429 οἰκεῖον
3361 5373 3501 5437 κατά
3521 5373 3739 5441 καιροὺς

2133 5471 2389 5542 ¹ἀναιρύοι
2422 5469 2650 5540 καρπόν.
2686 5471 2796 5523 Καὶ
2826 5469 2986 5522 τοῦτο
3019 5467 3173 5530 εἰδὼς
3197 5470 3226 5521 6
3268 5467 3550 5540 προφήτης
3582 5465 3739 5534 Ἱερε-

2164 5563 2312 5634 μίας,
2357 5562 2627 5632 ἐλιπάρει,
2651 5560 2826 5629 λέγων
2853 5577 2866 5590 ο
2897 5579 2915 5612 ‹
2949 5560 3040 5632 Μὴ
3071 5559 3216 5613 ἔστιν
3261 5560 3320 5611 ἐν
3353 5556 3592 5618 είδώλοις
3631 5553 3738 5606 τῶν

2323 5742 2365 5773 ⁶²
2399 5739 2504 5796 Tit.
2537 5755 2620 5808 Ill,
2656 5741 2708 5795 5.
2787 5741 2830 5773 ”
2880 5739 2981 5797 lsa.
3017 5754 3106 5808 vn,
3127 5739 3179 5795 9.
3258 5739 3302 5770 “
3329 5736 3484 5793 Joan.
3517 5749 3650 5798 xvu,
3677 5732 3728 5790 3.
