4002 6220
209 283 273 336 97

1127 275 1678 334 COMMENTARIUS
1720 273 1783 328 IN
1823 274 2057 329 OSEAM
2097 273 2542 330 PROPIIETAM.

3393 281 3464 338 98

207 397 372 450 ἐθνῶν
403 395 664 460 ὕετίζων;
695 395 790 449 καὶ
823 395 872 448 εἰ
902 393 1129 465 οὐρανὸς
1155 394 1313 448 δώσει
1345 392 1658 464 πλησμονὴν
1697 393 1786 445 αὐ-

1891 392 2004 462 ipse
2049 393 2306 446 Dominus
2355 393 2494 446 Deus
2547 399 2732 444 noster
2762 391 2784 442 ?
2813 399 2865 444 et
2907 391 3336 461 exspectabimus
3389 406 3462 460 te,

204 489 320 553 τοῦ,
356 487 478 555 οὐχὶ
535 487 599 539 σὺ
632 481 683 538 εἴ
718 485 881 551 Θεός;
915 485 1008 539 καὶ
1065 483 1443 554 ὑπομενοῦμεν
1491 500 1571 546 σε,
1607 484 1688 536 ὅτι
1723 483 1786 536 σὺ

205 580 463 648 ἐποίησας
517 576 690 629 ταῦτα
747 575 948 629 πάντα.
1003 593 1022 626 ι
1071 575 1479 635 Κατανεύοντος
1529 572 1638 642 γὰρ
1663 613 1675 636 ,
1713 573 1788 635 ὡς

207 669 357 736 ἔφην,
390 667 488 719 τοῦ
509 667 868 736 δημιουργοῦ,
897 667 990 720 καὶ
1018 665 1315 729 ἀπλοῦντος
1348 667 1446 736 τὴν
1495 667 1652 736 χεῖρα
1677 668 1788 729 τοῖς

207 757 293 808 ἐπὶ
320 757 419 826 τῆς
455 755 580 825 γῆς,
607 755 764 808 ὑετοῦ
799 756 898 826 μὲν
930 755 1081 809 ἔσται
1110 754 1272 826 δοτὴρ
1309 757 1337 808 6
1367 755 1609 824 οὐρανὸς,
1654 772 1789 824 καρ-

207 847 318 899 πῶν
365 847 421 898 δὲ
453 847 768 913 ἀναγκαίων
827 848 1009 918 μήτηρ
1059 845 1193 916 ἐμοῦ
1251 845 1346 898 καὶ
1391 845 1645 916 τροφὸςή
1689 845 1784 914 γῆ.

213 957 229 988 ι
269 937 679 1006 Ἐπακούσομαι
721 955 741 988 ι
774 937 955 991 τοίνυν
983 974 998 998 ,
1024 937 1179 1005 φησὶ,
1226 935 1331 1005 «τῷ
1363 935 1628 1006 οὐρανῷ,›
1667 935 1788 986 ἀντὶ

206 1029 312 1090 τοῦ,
349 1029 669 1081 κατανεύσω
704 1028 1022 1082 καταθεῖναι
1058 1031 1169 1091 τοῖς
1199 1028 1295 1080 ἐπὶ
1318 1027 1418 1096 τῆς
1451 1004 1554 1096 γιῆς
1577 1026 1781 1089 ὑετούς.

207 1117 274 1173 υἷι
297 1119 359 1189 δὴ
394 1119 1107 1187 γεγονότος,ιὲπακούσεται
1159 1119 1254 1172 καὶ
1306 1119 1464 1189 αὐτὴ,
1495 1118 1585 1170 τὸν
1617 1120 1782 1183 σῖτον,

204 1209 288 1261 τὸν
327 1205 472 1261 οἶνον
495 1249 511 1274 ,
542 1207 725 1262 καὶτὸ
767 1208 1312 1276 ἐλαιον,ιτουτέστιν,
1348 1207 1637 1278 ἀμφιλαφῆ
1673 1210 1786 1269 τοῖς

205 1299 441 1351 οἰκοῦσιν
469 1298 641 1366 αὐτὴν
664 1297 893 1350 ἐκδώσει
913 1298 1139 1367 καρπὸν,
1171 1298 1381 1362 οὐδενὸς
1407 1298 1786 1362 ὲκλελοιπίτος

205 1391 303 1444 τῶν
332 1392 438 1444 ὅσα
467 1391 614 1442 ἐστὶν
646 1391 922 1458 ἀναγκαῖα
956 1390 1050 1444 καὶ
1096 1388 1340 1461 ζωαρκῆ.
1394 1391 1554 1444 Ἀλλὰ
1604 1390 1767 1444 ταυτὶ

210 1482 298 1551 μὲν
323 1480 639 1552 ἱστορικῶς.

282 1573 415 1625 Ἀπὸ
435 1573 492 1625 δέ
519 1589 581 1638 γε
610 1572 718 1625 τῶν
745 1573 1092 1644 σωματικῶν,
1126 1573 1202 1637 ὡς
1245 1573 1303 1638 ἐξ
1333 1574 1539 1637 εἰκόνος
1567 1574 1784 1645 ἐναργε-

210 1663 400 1733 στάτης
463 1665 765 1733 ἀναφοιτᾷν
809 1665 1102 1732 ἀναγκαῖον
1154 1663 1247 1716 ἐπὶ
1301 1663 1368 1716 τὰ
1419 1664 1780 1734 πνευματικά.

1888 483 2013 550 quia
2047 491 2102 535 tu
2132 481 2304 536 fecisti
2329 483 2443 536 htec
2467 481 2646 536 omnia
2669 481 2810 534 ⁶⁵·¹’⁸.
2833 479 3158 537 iAunueute
3179 484 3322 538 enim
3346 486 3466 552 opi-

1889 571 2009 637 ftee,
2039 581 2098 626 ut
2135 572 2264 636 dixi,
2296 581 2350 626 et
2397 586 2614 626 manum
2656 587 2817 640 super
2867 583 3066 626 terram
3107 574 3464 639 extendente,

1889 662 2087 716 ecelum
2123 662 2380 729 pluviam,
2427 670 2480 715 et
2532 660 2741 715 fructus
2792 661 2986 730 quibus
3049 677 3268 732 egemus
3320 675 3464 718 terra

1889 750 2051 804 simul
2087 761 2279 816 mater,
2315 759 2367 806 et
2399 751 2582 806 nutrix
2603 752 2982 821 suppeditabit.
3008 752 3099 807 Ait
3124 769 3282 824 ergo:
3315 772 3333 805 ι
3360 754 3465 808 Ex-

1893 842 2110 896 audiam
2148 841 2370 905 caelum,
2423 861 2441 894 ι
2473 858 2592 913 pro,
2639 858 2871 897 annuam
2906 854 2964 898 ut
3008 844 3186 912 pluvia
3243 846 3461 899 httmum

1891 932 2099 1002 irriget.
2131 931 2247 998 Quo
2279 931 2420 987 facto
2439 943 2495 987 et
2521 933 2631 1001 ipsa
2665 952 2682 984 ι
2711 934 2962 988 exaudiet
2999 936 3258 998 triticum,
3281 937 3461 988 vinum

1891 1031 1946 1076 ct
1989 1023 2186 1089 oleum,
2227 1043 2245 1074 ι
2291 1025 2392 1078 hoc
2419 1032 2504 1078 est
2547 1023 2844 1078 ubertatem
2887 1024 3154 1080 fructuum
3200 1026 3464 1095 indigenis

1887 1109 2000 1163 suis
2040 1112 2367 1180 procreabit,
2401 1113 2546 1167 nullo
2569 1123 2767 1168 “eorum
2805 1115 3106 1179 deficiente,
3131 1129 3250 1184 quae
3289 1118 3356 1171 ad
3383 1117 3464 1170 vi-

1890 1211 1995 1255 tam
2029 1204 2279 1257 tuendam
2328 1206 2623 1259 necessitas
2672 1205 2924 1275 postulat.
2977 1206 3045 1261 Et
3073 1208 3188 1263 Itzec
3243 1209 3458 1278 quidem

1885 1293 1952 1349 ad
1993 1308 2214 1366 sensum
2263 1295 2601 1354 historicum.

1953 1568 1996 1621 A
2037 1568 2315 1638 corporeis
2361 1578 2562 1636 autem,
2593 1578 2652 1624 ut
2678 1571 2745 1625 ab
2783 1571 3016 1642 imagine
3058 1573 3462 1630 evidentissima

1886 1659 1950 1713 ad
1986 1661 2288 1729 spiritualia
2325 1662 2652 1716 redeundum
2692 1673 2793 1718 est.
2820 1664 3064 1730 Quandiu
3103 1665 3242 1719 enim
3275 1666 3459 1735 Israel,

211 1751 342 1815 Ἕως
376 1753 478 1821 μὲν
516 1753 628 1824 γὰρ
661 1753 872 1823 ὲξήνιος
893 1748 980 1823 ἦν,
1005 1753 1098 1806 καὶ
1121 1753 1371 1824 ἀπειθὴς,
1406 1754 1498 1806 καὶ
1521 1753 1785 1823 θεομάχος

1890 1751 2043 1804 vinea
2081 1745 2289 1806 Domini
2323 1771 2340 1802 ι
2368 1753 2573 1808 novella
2609 1753 2873 1824 plantatio
2914 1763 2968 1808 et
3013 1756 3210 1811 dilecta
3231 1758 3296 1824 “,
3319 1777 3338 1811 ι
3372 1773 3459 1813 re-

210 1840 238 1891 6
273 1841 511 1910 Ἰσραὴλ,
541 1843 567 1893 ό
589 1840 851 1910 ἁμπελὼν
874 1841 1098 1909 Κυρίου,
1135 1860 1153 1891 ι
1184 1842 1264 1893 τὸ
1291 1841 1545 1908 νεόφυτον
1570 1842 1630 1894 τὸ
1649 1843 1786 1911 ἠγα-

214 1930 445 1998 πημένον
474 1969 490 1994 ,
529 1948 547 1980 ι
597 1929 902 1982 ἐνετέλλετο
933 1931 1051 1992 ταῖς
1096 1929 1346 1998 νεφέλαις
1377 1930 1404 1981 6
1425 1929 1555 1992 Θεὸς
1586 1929 1679 1982 τοῦ
1710 1930 1783 2000 μὴ

212 2021 384 2091 βρέξαι
416 2023 498 2083 εἰς
522 2020 682 2073 αὐτὸν
701 2020 872 2074 ὑετόν.
897 2021 1141 2089 Νεφέλας
1160 2019 1217 2072 δὲ
1240 2020 1456 2089 νοητέον
1481 2020 1579 2083 τὰς
1625 2021 1786 2088 ἁγίας

211 2114 292 2165 καὶ
333 2112 544 2182 νοητὰς
587 2115 845 2183 δυνάμεις
895 2113 992 2177 τὰς
1031 2114 1235 2167 ἄνωθεν
1283 2114 1376 2166 καὶ
1415 2114 1472 2180 ἐξ
1518 2115 1781 2186 οὐρανῶν,

207 2204 266 2256 δι’
291 2197 359 2257 ὧν
399 2205 469 2257 ἂν
492 2205 706 2273 γένοιτο
736 2204 872 2275 πρὸς
901 2206 1047 2276 ἡμᾶς
1077 2207 1105 2258 6
1143 2206 1240 2275 τῆς
1270 2207 1667 2277 παρακλήσεως
1699 2207 1786 2259 λό-

214 2311 312 2362 γος,
339 2295 505 2364 δῆλον
529 2295 584 2347 δὲ
613 2296 695 2348 ὅτι
721 2295 870 2365 παρὰ
893 2294 1049 2348 Θεοῦ.
1086 2297 1380 2365 Πνεῦματα
1407 2297 1514 2367 γάρ
1545 2299 1650 2350 είσι
1677 2297 1784 2349 λει-

212 2385 486 2454 τουργικὰ,
514 2385 657 2436 κατὰ
676 2384 774 2454 τὴν
799 2383 892 2435 τοῦ
920 2384 1188 2456 μακαρίου
1205 2385 1419 2437 Παύλου
1447 2385 1652 2456 φωνὴν,
1675 2386 1785 2440 ἂνω

210 2493 259 2527 τε
291 2479 377 2528 καὶ
409 2476 564 2528 κάτω
592 2475 898 2537 διαθέοντα,
935 2475 1029 2526 καὶ
1049 2477 1487 2546 ἀποστελλόμενα
1511 2477 1646 2548 πρὸς
1671 2477 1786 2529 δια-

209 2569 402 2630 κονίαν,
450 2567 543 2619 διὰ
597 2568 726 2628 τοὺς
776 2565 1063 2636 μέλλοντας
1096 2566 1449 2636 κληρονομεῖν
1484 2567 1780 2636 σωτηρίαν.

222 2658 424 2730 Ἐπειδὴ
458 2659 521 2710 δὲ
553 2656 884 2727 παρῴχηκεν
912 2660 938 2710 6
959 2657 1059 2726 τῆς
1083 2658 1236 2728 δίκης
1263 2658 1472 2727 καιρὸς,
1513 2657 1783 2709 σέσωσται
1819 2687 1821 2689 -

209 2749 286 2802 διὰ
337 2751 583 2811 πίστεως
635 2751 664 2801 6
722 2748 892 2800 πάλαι
938 2751 1280 2818 κυριοκτόνος
1331 2749 1425 2802 καὶ
1481 2747 1783 2819 παρεδέχθη

211 2842 377 2893 λειπὸν
409 2843 470 2894 ὲν
508 2840 848 2912 δικαιοσύνῃ.
895 2840 988 2892 καὶ
1024 2843 1081 2892 ἐν
1125 2842 1386 2911 κρίματι,
1419 2841 1511 2894 καὶ
1548 2843 1606 2892 ὲν
1653 2839 1786 2910 ἐλέῳ

211 2933 294 2984 καὶ
322 2935 636 3002 οἱκτιρμοῖς
660 2972 674 2994 ,
709 2933 802 2984 καὶ
830 2932 1068 3001 καθῆκεν
1098 2933 1246 3003 αὐτῷ
1270 2934 1369 2997 τὰς
1398 2933 1604 2986 ἄνωθεν
1633 2933 1785 2984 εὐλο-

211 3025 340 3090 γίας,
376 3046 392 3077 ι
443 3026 508 3077 ’0
546 3025 726 3077 πάντα
764 3025 896 3077 πᾶσι
952 3023 1219 3087 πλουσίως
1259 3024 1524 3093 διανέμων
1574 3023 1725 3086 Θεός.
1759 3043 1777 3074 ι

223 3116 552 3168 Ἐνετείλατο
601 3117 710 3185 γὰρ
739 3119 858 3179 ταῖς
911 3115 1160 3184 νεφέλαις
1191 3115 1435 3168 καθεῖναι
1468 3116 1556 3169 τὸν
1591 3115 1743 3168 ὑετὸν
1769 3156 1783 3178 ,

212 3208 297 3276 τὴν
334 3210 418 3270 εἰς
456 3207 585 3260 νοῦν
631 3208 726 3259 καὶ
759 3207 985 3277 καρδίαν
1032 3206 1376 3278 παράκλησίν
1429 3225 1589 3276 φημι.
1639 3207 1785 3275 Πλὴν

212 3298 282 3348 ὅτι
316 3299 411 3349 καὶ
453 3295 594 3365 αὐτὴ
627 3295 735 3347 τῶν
763 3295 1007 3362 ἀγγέλων
1048 3296 1079 3364 ἡ
1121 3293 1280 3361 φύσις
1323 3293 1474 3345 οὐδὲν
1529 3292 1627 3360 μὲν
1659 3291 1786 3343 ἴδιον

212 3385 332 3453 Ιχει,
369 3385 595 3436 πλουτεῖ
625 3383 680 3436 δὲ
717 3385 895 3436 πάντα
927 3383 1075 3451 παρὰ
1103 3380 1258 3443 Θεοῦ,
1289 3380 1557 3449 δεδίδαχεν
1579 3378 1746 3431 εἰπών
1769 3395 1782 3408 ο

219 3495 234 3524 ι
268 3474 680 3539 Ἐπακούσομαι
713 3473 790 3542 τῷ
819 3472 1030 3544 οὐρανῷ
1057 3513 1070 3534 ,
1129 3490 1147 3522 ι
1187 3472 1452 3534 τουτέστι,
1495 3469 1786 3538 πληρωτὴν

215 3567 309 3618 τῶν
336 3567 469 3635 παρ’
497 3563 632 3632 ἐμοῦ
665 3565 876 3633 ποιήσω
905 3564 994 3614 τὸν
1022 3563 1246 3632 οὐρανὸν
1272 3603 1284 3624 ,
1331 3563 1448 3632 ἦτοι
1479 3562 1600 3622 τοὺς
1628 3559 1786 3622 ὄντας

217 3660 266 3707 ἐν
301 3657 555 3726 οὐρανῷ,
598 3655 822 3722 λογικὰς
872 3654 1112 3723 δηλονότι
1161 3654 1254 3706 καὶ
1289 3652 1447 3720 ἁγίας
1497 3650 1784 3719 δυνάμεις,

219 3748 345 3800 ὣστε
375 3748 645 3802 δύνασθαι
689 3747 783 3799 καὶ
825 3746 994 3808 αὑτὰς
1027 3744 1361 3814 παρακαλεῖν
1389 3745 1513 3806 τοὺς
1550 3741 1788 3812 ἠλεημέ-

222 3857 355 3904 νους,
381 3842 476 3893 καὶ
509 3841 625 3891 τότε
673 3838 738 3909 δὴ
767 3839 984 3900 πάντως
1016 3855 1035 3888 ι
1087 3835 1480 3888 Ἐπακούσεται
1507 3835 1539 3903 ἡ
1586 3833 1659 3902 γῆ
1697 3832 1788 3884 τὸν

224 3935 375 3997 σῖτον,
411 3929 626 3984 καὶτὸν
659 3927 820 3993 οἶνον,
853 3928 948 3981 καὶ
969 3928 1029 3981 τὸ
1058 3927 1254 3980 ἔλαιον.
1286 3946 1304 3978 ι
1339 3926 1483 3978 ’Λντὶ
1507 3923 1622 3988 τοῦ,
1652 3940 1788 3992 καρ-

220 4025 615 4092 ποφορήσωσιν
643 4023 690 4073 oi
723 4021 814 4072 ἐπὶ
835 4019 935 4088 τῆς
951 4019 1051 4089 γῆς
1079 4018 1269 4070 ἐλπίδα
1297 4016 1392 4085 τὴν
1421 4015 1512 4067 ἐπὶ
1536 4015 1670 4084 ζωῇ’
1695 4014 1789 4067 καὶ

219 4115 557 4184 εὑφῳσύνῃ,
602 4113 697 4165 καὶ
747 4111 1043 4181 ἱλαρότητι.
1086 4110 1196 4162 Kal
1235 4109 1379 4178 ζωῆς
1425 4107 1524 4177 μὲν
1559 4105 1727 4166 τύπος
1761 4104 1789 4154 6

221 4207 353 4267 σῖτος
379 4247 393 4268 ,
439 4203 583 4268 οἶνός
610 4221 671 4272 γε
705 4203 808 4274 μὴν
853 4202 1208 4274 εὐφροσύνης,
1251 4198 1568 4268 ἱλαρότητος
1601 4196 1658 4248 δὲ
1697 4196 1790 4248 καὶ

218 4301 423 4365 εὐεξίας
454 4300 517 4352 τὸ
542 4301 738 4356 ἔλαιον.
768 4301 981 4353 Ἐνεστι
1011 4299 1118 4368 γὰρ
1142 4297 1206 4368 δὴ
1229 4299 1341 4358 τοῖς
1370 4295 1791 4349 πεπιστευκόσιν

1885 1842 2040 1897 bellis
2070 1852 2124 1898 et
2169 1843 2499 1910 incredulus,
2537 1855 2590 1900 et
2621 1845 2715 1900 Dei
2753 1846 3094 1900 adversarius
3123 1846 3243 1912 fuit,
3307 1864 3461 1902 man-

1887 1933 2049 1987 dabat
2091 1933 2328 1988 nubibus
2367 1934 2538 2001 Deus,
2582 1951 2650 1990 ne
2697 1936 2942 2004 pluerent
2981 1929 3142 2004 Super
3185 1952 3306 1992 eam
3387 1927 3456 1982 "'-

1886 2023 2065 2078 Nubes
2100 2034 2276 2079 autem
2335 2035 2552 2090 sanctae,
2581 2036 2634 2082 et
2689 2042 2822 2096 quas
2858 2028 3051 2083 mentis
3093 2028 3267 2083 oculis
3303 2029 3453 2084 vide-

1885 2130 2023 2180 mus,
2050 2117 2276 2172 virtutes
2315 2117 2678 2188 intelligenda:
2718 2127 2866 2184 sunt,
2906 2134 3155 2188 supernas
3185 2129 3239 2175 et
3296 2121 3459 2176 cmle-

1885 2215 1995 2261 stes
2031 2208 2280 2262 videlicet
2318 2224 2415 2277 per
2453 2225 2588 2278 quas
2630 2224 2810 2264 sermo
2836 2211 3231 2265 exhortationis
3270 2213 3335 2266 ad
3358 2227 3459 2267 nos
3521 2260 3526 2264 .

1885 2315 2204 2368 permanare
2236 2302 2427 2369 possit,
2451 2300 2632 2367 aDeo,
2663 2301 2899 2371 inquam,
2928 2302 3047 2356 sine
3069 2304 3454 2358 controversia.

1887 2393 2025 2446 Sunt
2043 2393 2182 2446 enim
2201 2395 2423 2462 spiritus
2441 2395 3070 2462 administratorii,juxta
3091 2397 3305 2448 beatum
3324 2394 3462 2449 Pau-

1886 2483 2019 2548 lum,
2042 2501 2253 2539 sursum
2272 2495 2325 2538 et
2343 2487 2591 2540 deorsum
2613 2487 3006 2552 discurrentes,
3025 2496 3108 2541 «et
3125 2486 3271 2541 missi
3292 2488 3341 2539 in
3361 2487 3461 2540 mi-

1885 2576 2164 2628 nisterium
2209 2587 2425 2646 propter
2466 2593 2558 2632 eos
2585 2579 2674 2645 qui
2706 2580 3071 2633 haereditatem
3120 2580 3336 2646 capiunt
3371 2593 3459 2632 sa-

1886 2663 2016 2718 Iutis
2053 2664 2121 2716 ‘°.
2155 2683 2174 2716 ι
2215 2664 2314 2717 Ast
2347 2666 2434 2718 ubi
2490 2675 2697 2733 tempus
2725 2665 2945 2718 ul'tionis
2974 2667 3253 2734 praeteriit,
3288 2667 3463 2720 salva-

1888 2762 1975 2808 tus
2011 2762 2094 2806 est
2134 2767 2230 2819 per
2259 2751 2289 2804 ft
2317 2753 2436 2805 dem
2476 2761 2629 2805 vetus
2679 2753 2886 2806 Domini
2921 2753 3252 2819 interfector,
3289 2769 3352 2809 ac
3397 2757 3462 2810 de

1887 2857 2087 2903 cmtero
2126 2854 2432 2914 assumptus
2461 2853 2543 2898 est
2573 2845 2623 2898 in
2671 2843 2911 2910 jnstitia,
2956 2855 3011 2899 et
3048 2845 3271 2912 judicio,
3302 2855 3359 2902 et
3407 2847 3461 2902 in

1887 2937 2284 3001 misericordia,
2317 2935 2626 3005 dimisitque
2665 2935 2712 2989 ei
2776 2937 3178 2991 benedictiones
3232 2938 3299 2991 ab
3353 2938 3462 2993 alto

1811 3067 1853 3123 ε
1889 3028 2092 3092 υοιιε,‹
2129 3026 2218 3094 qui
2263 3024 2536 3079 distribuit
2575 3025 2827 3079 omnibus
2869 3023 3150 3099 afﬂuenter
3175 3027 3241 3080 δ’.
3269 3047 3286 3079 ι
3314 3027 3462 3081 Man-

1889 3120 2032 3173 davit
2069 3117 2212 3170 enim
2274 3116 2504 3170 nubibus
2544 3115 2818 3171 dimittere
2870 3116 3096 3186 pluvias,
3129 3119 3461 3173 exhortatio-

1890 3223 2031 3271 nem,
2066 3207 2305 3274 inquam,
2357 3206 2410 3258 in
2464 3216 2697 3294 mentem
2743 3214 2905 3273 atque
2939 3221 3052 3260 cor.
3091 3206 3464 3262 Verumeuim-

1888 3313 2016 3353 vero
2086 3311 2182 3350 nec
2244 3296 2414 3362 ipsam
2476 3295 2786 3364 angelorum
2841 3304 3088 3350 naturam
3166 3297 3458 3366 quidqttan.

1891 3390 2092 3442 habere
2162 3386 2437 3456 preprinm
2491 3401 2554 3438 ac
2607 3386 2792 3454 suum},
2841 3401 3028 3440 omnes
3093 3395 3269 3440 autem
3334 3403 3465 3457 opes

1889 3494 2012 3532 suas
2039 3494 2065 3530 a
2097 3477 2204 3530 Deo
2239 3483 2583 3530 consecutam
2614 3475 2826 3539 docuit,
2866 3476 2968 3530 illis
2992 3477 3169 3530 verbis
3199 3493 3212 3528 :
3253 3477 3461 3531 cExau-

1888 3571 2028 3622 diam
2069 3567 2320 3632 malum,»
2368 3566 2467 3620 hoc
2511 3575 2614 3629 est,
2648 3581 2930 3619 mtmerum
2966 3581 3206 3620 meorum
3246 3567 3454 3638 largum

1890 3660 2314 3728 dispensatorem
2370 3656 2561 3710 faciam
2609 3655 2825 3721 coelum,
2852 3656 2966 3710 sive
3009 3657 3461 3723 etelicolas,con-

1891 3751 2010 3804 silio
2049 3749 2300 3802 nimirum
2347 3747 2600 3818 praeditas
2669 3754 2724 3801 et
2753 3756 2970 3802 sanctas
3025 3748 3270 3813 virtutes,
3300 3759 3357 3802 ut
3408 3759 3466 3804 et

1891 3842 2020 3910 ipsa:
2053 3839 2478 3893 misericordiam
2525 3848 2843 3893 consecutos
2900 3840 3175 3893 exhortari
3237 3841 3461 3909 possint.

1891 3931 1957 3986 Et
2000 3941 2124 3986 tunc
2162 3931 2316 4000 plane
2343 3949 2362 3981 ι
2402 3940 2542 3984 terra
2591 3930 2841 3985 exaudiet
2873 3929 3236 3995 frumentum,
3271 3931 3457 3986 vinum

1891 4029 1947 4075 et
1987 4019 2186 4085 oleum,
2234 4039 2252 4071 ι
2287 4030 2389 4089 pro
2422 4019 2656 4073 fructum
2693 4018 2863 4073 ferent
2913 4021 3003 4088 qui
3037 4028 3164 4074 sunt
3196 4020 3247 4074 in
3300 4030 3464 4086 terra,

1892 4126 2038 4179 spem
2088 4109 2227 4174 vitaz,
2256 4109 2474 4172 laetitiae,
2508 4109 2894 4162 hilaritudinis.
2941 4109 3009 4163 Et
3044 4120 3200 4179 typus
3245 4109 3462 4178 quidem

1894 4201 2014 4254 vita:
2048 4200 2372 4252 frumentum
2411 4208 2532 4263 est;
2578 4199 2758 4251 vinum
2799 4209 2975 4253 autem
3027 4200 3241 4264 laetitiae,
3287 4200 3462 4255 oleum

1893 4291 2202 4352 hilaritatis,
2239 4297 2294 4342 et
2332 4287 2485 4343 bona:
2519 4289 2866 4342 habitudinis.
2918 4287 3027 4360 56
3057 4289 3198 4344 Inest
3235 4291 3376 4344 enim
3410 4291 3464 4344 in

220 4391 364 4453 ὲλπὶς
397 4391 602 4460 ἀγαθὴ,
635 4391 824 4460 βεϐαία
851 4407 909 4442 τε
940 4391 1034 4443 καὶ
1085 4386 1472 4460 ὲρηρεισμένη.
1509 4385 1621 4439 Καὶ
1657 4386 1783 4438 ἀποο

1893 4384 1978 4438 his
2021 4383 2111 4451 qui
2147 4381 2492 4437 crediderunt
2537 4380 2698 4447 bona,
2729 4389 2783 4433 et
2815 4392 3092 4446 constans,
3143 4389 3196 4435 et
3245 4382 3457 4436 firmata

220 4484 375 4551 φοιτᾷ
421 4483 523 4552 μέν
555 4499 638 4544 τις
684 4482 784 4552 τῆς
823 4481 1192 4551 φαυλότητος,
1249 4479 1458 4546 ἐφίεται
1499 4477 1554 4529 δὲ
1591 4476 1791 4538 παντὸς

219 4573 442 4639 ἀγαθοῦ,
479 4574 574 4625 καὶ
609 4575 721 4635 τοῖς
764 4572 860 4625 τοῦ
908 4574 1157 4641 Σωτῆρος
1196 4570 1377 4638 ζυγοῖς
1411 4567 1672 4638 ὑποφέρει
1702 4567 1791 4618 τὸν

221 4665 436 4732 αὐχένα,
468 4665 628 4733 καλῇ,
657 4665 752 4716 καὶ
784 4662 1163 4733 ἁναμφιϐόλῳ,
1207 4661 1301 4714 καὶ
1329 4659 1518 4730 ἀληθεῖ
1557 4659 1619 4728 δὴ
1661 4656 1794 4710 πάν-

223 4771 320 4816 τως
349 4755 530 4807 ἑλπίδι
560 4755 893 4824 τρεφόμενος
951 4754 1048 4824 τῆς
1078 4754 1158 4815 είς
1185 4753 1246 4805 τὸ
1272 4751 1462 4821 μέλλον
1499 4751 1663 4818 ζωῆς,
1698 4747 1794 4800 καὶ

159 4869 162 4871 λ
225 4843 305 4896 ἵνα
329 4849 444 4907 τοῖς
465 4845 644 4907 ἄλλοις
672 4845 848 4912 ἁγίοις
885 4842 1088 4914 ἀναμὶξ
1124 4841 1508 4913 εὐφραίνηται,
1557 4840 1650 4892 καὶ
1683 4839 1793 4890 ίλα-

224 4936 471 5004 ρωτάτην
511 4935 610 5005 ἔχῃ
641 4935 739 5005 τὴν
788 4935 1034 5002 καρδίαν.
1072 4936 1216 5006 Ἔφη
1247 4934 1354 5004 γάρ
1381 4950 1482 4985 που
1532 4931 1660 5002 περὶ
1689 4929 1795 4981 τῶν

222 5023 384 5088 ἁἰ’ίων
431 5024 462 5075 ὁ
494 5026 780 5096 προφήτης
827 5025 1076 5090 Ἡσαΐας,
1131 5024 1214 5076 ὅτι
1260 5041 1276 5073 ι
1312 5020 1630 5091 Εὐφροσύνη
1665 5018 1795 5071 αἰώ-

221 5130 325 5176 νιος
349 5116 496 5184 ὑπὲρ
542 5116 788 5185 κεφαλῆς
823 5116 1020 5168 αὐτῶν.
1071 5115 1306 5176 Αίνεσις.
1337 5111 1432 5164 καὶ
1461 5107 1792 5176 ἀγαλλίαμα,

222 5206 310 5256 καὶ
333 5207 647 5278 εὐφροσύνη
688 5206 1064 5277 καταλήψεται
1087 5203 1303 5266 αὐτούς.
1352 5201 1586 5269 Ἀπέδρα
1614 5197 1793 5267 ὀδύνη,

220 5300 310 5350 καὶ
341 5298 516 5368 λύπη,
541 5301 635 5353 καὶ
691 5299 1014 5369 στεναγμός.
1052 5316 1068 5348 ι
1104 5295 1313 5350 Οὐκοῦν
1354 5291 1525 5345 ἐλπίδι
1555 5289 1698 5358 ζωῆς
1736 5305 1795 5341 τε

222 5390 310 5442 καὶ
334 5391 672 5462 ἱλαρότητος,
691 5393 790 5447 καὶ
810 5392 992 5462 μέντοι.
1016 5389 1108 5443 καλ¹
1137 5385 1496 5458 εὐφροσύνης,
1525 5385 1642 5446 ταῖς
1660 5381 1797 5434 ἄνω-

221 5481 308 5536 θεν
341 5483 779 5555 παρακλήσεων,
807 5485 928 5553 ἦτοι
961 5482 1074 5544 τοῖς
1103 5481 1314 5550 νοητοῖς
1352 5478 1525 5539 ὑετοῖς
1554 5472 1796 5528 ὑπακού-

295 5635 431 5674 η-ι*
464 5633 657 5691 Jercm.
692 5651 803 5702 xiv,
836 5635 929 5690 22.
1008 5635 1052 5666 ⁸⁸
1094 5633 1197 5689 Isa.
1228 5647 1279 5698 ν,
1323 5631 1372 5684 l.
1449 5631 1495 5661 "
1532 5627 1658 5684 ibid.
1689 5627 1738 5681 6.

1896 4487 2037 4541 spes.
2070 4471 2133 4524 Et
2168 4471 2371 4524 recedit
2407 4469 2530 4537 quis
2566 4468 2632 4522 ab
2662 4469 3045 4536 improbitate;
3076 4480 3265 4524 contra
3308 4485 3468 4524 omne

1895 4565 2094 4618 bonum
2149 4561 2370 4630 appetit,
2407 4570 2462 4614 et
2497 4559 2791 4615 Salvatoris
2836 4560 2966 4630 jugo
3017 4560 3283 4616 cervicem
3332 4561 3463 4616 sub~

1900 4653 2083 4717 mittit,
2114 4651 2273 4715 bona,
2305 4661 2360 4706 et
2388 4651 2611 4706 minime
2655 4651 2836 4716 dubia,
2881 4661 2933 4706 et
2961 4667 3084 4706 vera
3129 4653 3347 4706 omnino
3375 4667 3468 4721 spe

1900 4747 2024 4800 vita:
2058 4745 2248 4798 futurae
2328 4753 2659 4800 sustentatus
2682 4785 2697 4809 ,
2727 4753 2786 4799 ut
2822 4760 2924 4799 una
2959 4761 3078 4800 eum
3122 4747 3321 4800 sanctis
3350 4746 3468 4801 aliis

1899 4836 2133 4901 laetetur,
2211 4843 2266 4889 et
2327 4849 2421 4890 cor
2488 4837 2681 4890 habeat
2724 4851 2883 4904 quam
2942 4837 3346 4891 hilarissimum.
3375 4837 3466 4892 Ait

1889 4927 2033 4981 enim
2065 4924 2263 4978 alicubi
2301 4923 2369 4978 de
2390 4923 2592 4979 sanctis
2641 4925 2900 4992 propheta
2930 4924 3093 4978 Isaias
3127 4941 3140 4976 :
3181 4942 3198 4974 ι
3256 4924 3466 4979 Laetitia

1888 5016 2208 5086 sempiterna
2229 5029 2392 5084 super
2423 5015 2595 5082 capita
2631 5027 2838 5068 eorum.
2867 5013 3032 5077 Laus,
3063 5024 3118 5068 et
3158 5017 3465 5082 exsultatio,

1902 5118 1956 5164 et
1997 5108 2246 5177 gaudium
2276 5105 2695 5175 comprehendet
2726 5119 2837 5160 eos.
2877 5105 3034 5176 Fugit
3077 5107 3250 5171 dolor,
3285 5116 3340 5162 et
3374 5110 3469 5161 tri-

1905 5201 2071 5262 stitia,
2115 5208 2171 5251 et
2204 5197 2454 5267 gemitus.
2497 5215 2515 5248 ι
2551 5197 2735 5267 Itaque
2767 5212 2864 5266 spe
2893 5199 3036 5262 vitm,
3075 5208 3130 5253 et
3157 5199 3466 5263 hilaritatis,

1905 5299 2065 5359 atque
2105 5290 2265 5343 etiam
2296 5288 2474 5342 laetitia
2516 5303 2777 5358 supernas
2809 5290 3164 5353 hortationes,
3197 5291 3309 5344 sive
3352 5290 3469 5358 pln-

1905 5381 2041 5447 vias,
2077 5395 2194 5449 quae
2223 5379 2404 5433 animo
2424 5389 2740 5444 cernuntur,
2758 5381 2987 5435 omnino’
3022 5380 3271 5434 exaudiet
3302 5390 3466 5439 terra,

1907 5472 1960 5527 id
1985 5481 2089 5535 est,
2137 5471 2383 5526 homines
2415 5480 2616 5526 terram
2649 5471 2970 5527 habitantes.
3010 5470 3358 5545 Forelautem
3413 5466 3466 5520 in

1855 5627 1900 5658 "
1944 5625 2106 5682 llebr.
2133 5643 2171 5692 ι,
2208 5625 2295 5693 Μ,
2371 5625 2415 5657 δ’
2444 5640 2559 5680 aac.
2602 5641 2639 5693 ι,
2677 5627 2729 5680 5.
2808 5626 2851 5658 ⁸ο
2880 5624 2979 5680 Isa.
3011 5639 3169 5687 xxxv,
3203 5619 3286 5672 10.
