4002 6220
564 290 636 348 99
1556 279 1614 334 S.
1657 273 1930 332 CYRILLI
1970 271 2438 329 ALEXANDRINI
2481 273 2800 329 ARCHIEP.

3717 270 3826 325 100

565 405 789 474 glmiam
847 399 1046 456 Christi
1093 397 1325 452 fructum
1368 397 1493 451 vita:
1551 408 1896 450 sanctorum:
1935 413 1952 446 ι
1995 409 2132 448 unus

2248 410 2396 447 σεται
2425 393 2639 454 πάντως
2675 394 2708 461 ἡ
2744 391 2839 459 γῆ,
2871 389 3164 452 τουτέστιν,
3204 389 3252 442 oi
3283 388 3380 460 τὴν
3413 388 3516 457 γῆν
3545 386 3825 449 οἰκοῦντες

564 497 705 549 enim
746 508 840 560 pro
869 491 1022 545 nobis
1071 499 1313 543 mortuus
1355 498 1457 551 est,
1488 497 1544 540 ut
1599 487 1843 540 viventes
1877 485 1989 553 jam
2033 501 2138 539 non

563 587 664 642 sibi
711 586 926 647 vivant,
958 583 1052 636 sed
1087 581 1158 646 ei,
1191 580 1283 649 qui
1323 593 1422 648 pro
1456 579 1587 647 ipsis
1617 587 1865 632 mortuus
1914 585 2020 639 est,
2086 585 2142 629 et

563 675 864 732 resurrexit
885 674 984 740 “,3
1014 671 1394 728 ostenditcum
1427 669 1640 726 subdit:
1674 687 1694 720 ι
1723 667 1790 722 Ει
1817 668 1931 736 ipsa
1969 681 2139 722 exau-

561 766 710 821 diem
745 763 973 819 .Iezrael.
1011 781 1030 814 ι
1061 762 1164 831 Ipsi
1191 760 1361 826 enim,
1415 769 1477 814 ut
1520 759 1656 822 dixi,
1712 759 1947 811 fructum
1996 757 2137 811 fere-

561 871 704 922 mus,
743 855 843 924 ipsi
883 854 1048 907 vitam
1087 861 1324 908 nostram
1357 851 1640 906 debentes.
1674 849 1883 904 Dictum
1909 857 1992 902 est
2016 861 2140 917 por-

563 963 626 1001 ro
676 948 887 1015 saepius,
920 942 1127 998 Jezrael
1180 956 1375 997 sonare
1403 959 1422 993 ι
1465 954 1652 995 semen
1683 937 1777 992 Dei
1808 955 1854 1002 ,ι
1891 937 1994 990 hoc
2029 944 2136 1002 est,

561 1038 750 1100 Filius,
788 1051 854 1090 ex
909 1035 1016 1089 Deo
1044 1033 1206 1087 Patre
1244 1031 1540 1087 secundum
1584 1037 1831 1082 naturam
1883 1036 1937 1080 et
1984 1026 2137 1079 inex-

561 1132 793 1201 plicabili
832 1130 990 1185 modo
1036 1129 1270 1197 genitus,
1319 1125 1566 1194 quamvis
1599 1121 1673 1176 rei
1709 1127 2008 1188 corporale:
2045 1131 2136 1172 vo—

561 1225 752 1281 cabulo
790 1222 1073 1278 aﬂiciatur.

633 1399 796 1453 VERS.
835 1397 924 1462 25,
951 1395 1042 1450 24.
1075 1395 1140 1447 Et
1179 1391 1448 1449 semiuabo
1500 1406 1614 1456 eam
1650 1389 1776 1440 mihi
1829 1387 1927 1454 ipsi
1983 1398 2138 1452 super

561 1499 776 1551 terram,
809 1494 855 1539 et
887 1483 1185 1546 miserebor,
1240 1482 1391 1550 cujus
1434 1496 1536 1532 nou
1589 1495 1705 1530 sum
1755 1477 2034 1532 misertus.
2087 1483 2134 1527 et

562 1581 732 1632 dicam
795 1595 895 1632 non
936 1575 1124 1644 papula
1173 1590 1283 1627 meo
1333 1589 1352 1626 :
1390 1571 1619 1639 Populus
1671 1584 1813 1620 meus
1860 1584 1912 1620 es
1953 1579 2052 1629 tu;
2086 1574 2132 1617 et

560 1675 667 1742 ipse
696 1672 865 1724 dicet:
897 1669 1158 1724 Dominus
1191 1666 1331 1720 Deus
1372 1680 1515 1717 meus
1546 1679 1598 1716 es
1631 1673 1708 1717 lu.

633 1762 823 1818 XXXI.
860 1761 1090 1814 Rursum
1134 1772 1293 1810 voces
1327 1774 1346 1806 ι
1379 1753 1508 1807 mihi
1550 1756 1648 1822 ipsi
1683 1771 1701 1803 ι
1747 1750 1994 1806 bifariam
2051 1751 2134 1805 in—
2168 1770 2208 1822 Β

561 1852 794 1920 telliges.
834 1847 1072 1901 Reddam
1113 1845 1282 1909 enim,
1317 1844 1508 1912 inquit,
1556 1844 1693 1896 bene
1727 1840 2026 1905 ﬂorentem,
2083 1851 2137 1892 et

561 1940 900 1998 fructiferam
962 1935 1269 1990 Judzeorum
1333 1933 1668 2002 Synagogam
1731 1929 1994 2000 profecto,
2031 1941 2134 1981 non

567 2035 800 2104 amplius
846 2033 1015 2086 invite
1049 2036 1326 2099 parentem
1352 2027 1554 2096 legibus
1589 2024 1740 2087 meis,
1770 2036 1940 2090 neque
1970 2021 2136 2089 perti-

559 2130 774 2181 naciter
810 2124 949 2194 typis
977 2120 1190 2176 aﬂixam
1236 2128 1290 2173 et
1311 2119 1673 2186 inhaerentem
1696 2131 1710 2179 ;
1735 2115 1827 2168 sed
1860 2113 2000 2182 quod
2027 2126 2140 2165 ma-

561 2219 706 2272 xime
742 2217 914 2271 visum
953 2212 1116 2268 fuerit
1151 2211 1258 2265 Deo
1307 2218 1540 2276 gratum,
1567 2215 1623 2261 et
1653 2206 1793 2274 quod
1844 2204 1914 2258 illi
1946 2217 2139 2272 oppor-

563 2319 751 2363 tunum
782 2303 1199 2368 existimaverit,
1234 2302 1280 2355 id
1335 2311 1574 2368 paratam
1625 2298 1726 2350 rite
1755 2296 2004 2364 exsequi.
2041 2305 2142 2348 tta-

559 2412 666 2468 que
703 2397 830 2451 mihi
864 2396 963 2465 ipsi
1009 2395 1317 2450 semiuabo:
1347 2407 1523 2445 meum
1557 2389 1754 2458 quippe
1793 2401 1976 2441 semen
2029 2401 2142 2442 sus-

561 2491 744 2560 cipiet,
784 2498 840 2543 ut
875 2486 1183 2553 evangelica
1256 2483 1496 2546 oracula,
1544 2497 1648 2536 non
1685 2479 1794 2548 jam
1838 2481 2005 2549 legem
2047 2494 2143 2549 per

561 2580 780 2649 Moysen
823 2579 1244 2646 promulgatam,
1275 2573 1415 2625 sicut
1453 2572 1505 2624 in
1555 2568 1842 2638 principio,
1882 2568 2143 2634 intelliga—

561 2687 699 2726 mus.
762 2669 903 2724 Olim
965 2667 1109 2721 enim
1167 2663 1308 2734 typis
1339 2671 1395 2716 et
1465 2660 1652 2729 ﬁguris
1686 2657 1985 2712 colebatur.
2036 2658 2143 2715 Aut

559 2771 707 2817 certe
737 2779 754 2812 ι
792 2757 920 2813 mihi
957 2755 1080 2825 ipsi,
1117 2773 1135 2806 ι
1191 2753 1296 2807 aiio
1349 2765 1511 2806 sensu
1566 2750 2007 2819 interpretabere.
2043 2749 2145 2802 Per

560 2870 669 2918 me,
700 2851 890 2920 inquit,
923 2849 1090 2917 ipsam
1150 2845 1372 2909 curabo,
1405 2856 1498 2896 seu
1549 2841 1616 2895 ad
1661 2841 1776 2909 ejus
1823 2856 2008 2895 curam
2064 2840 2142 2892 iu-

561 2943 838 3006 cumbam,
871 2949 926 2994 et
956 2937 1107 3006 quasi
1137 2943 1337 2989 terram
1370 2934 1655 3001 quamdam
1707 2933 1975 3002 pinguem,
2025 2945 2145 2984 ara-

564 3043 727 3100 tuque
751 3030 982 3092 facilem,
1003 3041 1105 3082 non
1125 3040 1218 3096 per
1249 3025 1410 3079 alium
1434 3024 1762 3092 quempiam,
1783 3025 1874 3077 sed
1906 3039 2000 3092 per
2030 3037 2144 3076 me-

2243 483 2541 552 ἄνθρωποι.
2584 480 2706 534 Ὅτι
2738 480 2795 534 δὲ
2831 481 2910 542 εἰς
2939 479 3094 544 δόξαν
3119 479 3272 532 ἔσται
3319 479 3554 548 Χριστοῦ
3583 479 3684 546 τῆς
3711 478 3828 531 τῶν

2245 574 2414 641 ἁγίων
2445 574 2589 644 ζωῆς
2610 573 2639 624 ό
2667 571 2876 643 καρπὸς
2896 570 2942 641 (ι
2963 565 3059 629 Εἷς
3075 570 3186 640 γὰρ
3207 571 3349 642 ὑπὲρ
3370 571 3588 624 πάντων
3613 569 3827 622 ἀπέθα-

2240 682 2350 728 νεν,
2383 664 2471 718 ἵνα
2518 667 2566 717 οί
2608 665 2809 729 ζῶντες
2843 663 3041 735 μηκέτι
3084 664 3296 724 ἑαυτοῖς
3331 660 3496 724 ζῶσιν
3522 701 3536 727 ,
3566 659 3700 712 ἀλλά
3743 659 3828 730 τῷ

2241 755 2381 826 ὑπὲρ
2405 755 2583 808 αὐτῶν
2612 755 2936 808 ἀποθανόντι
2961 755 3054 808 καὶ
3082 751 3361 824 ἐγερθέντι
3396 751 3467 821 ι),
3486 751 3830 820 διαμεμήνυ-

2240 863 2334 899 κεν
2363 844 2531 899 εἰπών
2554 862 2567 876 ·
2607 865 2626 896 ι
2661 846 2771 898 Καὶ
2807 846 2948 898 αύτά
2991 845 3351 898 ἐπακούσεται
3379 842 3454 912 τῷ
3500 842 3756 913 Ἰεζραέλ.
3800 861 3820 894 ι

2239 935 2397 1005 Αύτῷ
2417 937 2545 1008 γὰρ,
2571 936 2646 1000 ὼς
2679 937 2836 1008 ἔφην,
2861 936 3372 1007 καρποφορήσομεν,
3396 931 3544 1002 αὐτῷ
3567 933 3664 1005 τὴν
3685 932 3828 986 ἰδίαν

2242 1027 2623 1095 ἐποφείλοντες
2670 1026 2832 1097 ζωήν.
2888 1029 3112 1098 Εἴρηται
3158 1027 3212 1080 δὲ
3243 1026 3581 1088 πλειστάκις,
3616 1025 3699 1078 ὅτι
3739 1023 3826 1088 τὸ,

2252 1117 2491 1188 ἰεζραὲλ
2524 1118 2888 1189 ἑρμηνεύεται
2919 1138 2936 1170 t
2977 1118 3154 1188 σπορά
3179 1117 3336 1179 Θεοῦ,
3368 1135 3386 1167 ι
3415 1116 3508 1168 καὶ
3523 1115 3677 1167 τοῦτό
3705 1117 3829 1166 ἐστι

2237 1208 2316 1270 τὸ,
2350 1207 2503 1271 Υἱὸς,
2533 1209 2606 1272 ὼς
2641 1212 2706 1262 ἐκ
2738 1209 2872 1262 Θεοῦ
2907 1209 3118 1279 Πατρδς
3148 1207 3289 1262 κατά
3335 1206 3494 1274 φύσιν
3523 1207 3615 1258 καὶ
3648 1207 3797 1275 ἁπορ
3817 1234 3829 1242 -

2240 1299 2415 1368 ῥήτως
2427 1300 2907 1369 γεγενημένος,κα“ι
2923 1302 2972 1352 εί
2989 1299 3202 1353 καλοῖτο
3220 1298 3451 1368 πρᾶγμα
3469 1295 3824 1366 σωματικῶς.

2305 1389 2416 1442 Καὶ
2468 1389 2671 1456 σπερῶ
2709 1390 2906 1457 αὐτὴν
2954 1388 3188 1459 ἐμαυτῷ
3237 1389 3335 1441 ἐπὶ
3367 1387 3479 1454 τῆς
3531 1387 3664 1457 γῆς,
3719 1386 3823 1439 καί

2235 1478 2467 1547 ἐλεήσω
2512 1479 2626 1547 τὴν
2660 1483 2771 1534 οὐκ
2803 1481 3172 1549 ἡλεημένην,
3205 1480 3301 1533 καί
3333 1479 3446 1547 ἐρῶ
3471 1480 3550 1544 τῷ
3589 1482 3660 1532 οὺ
3691 1477 3825 1541 λαῷ

2230 1585 2348 1636 μου
2374 1608 2388 1632 ,
2443 1570 2600 1634 Λαός
2621 1588 2743 1637 μου
2772 1568 2832 1625 εἴ
2875 1571 2979 1638 σὺ,
3005 1572 3102 1625 καὶ
3137 1571 3321 1635 αὐτὸς
3369 1570 3509 1638 ἐρεῖ,
3545 1571 3761 1638 Κύριος
3787 1572 3825 1622 ό

2237 1662 2378 1725 Θεός
2401 1679 2520 1729 μου
2541 1659 2601 1715 εἷ
2627 1663 2730 1716 σύ.

2328 1753 2453 1807 AA’.
2487 1752 2560 1804 Τὸ
2593 1771 2610 1802 ι
2652 1753 2874 1824 ἐμαυτῷ
2924 1772 2942 1806 ι
2994 1754 3059 1824 δὴ
3113 1754 3274 1808 πάλιν
3329 1754 3580 1821 συνήσεις
3626 1752 3812 1822 διχῶς.

2252 1842 2536 1910 Ἀποφανῶ
2557 1843 2686 1914 γὰρ,
2717 1845 2899 1914 φησὶν,
2928 1839 3038 1897 οἶόν
3063 1862 3176 1908 πως
3197 1844 3398 1914 εὐθαλῆ
3418 1861 3477 1896 τε
3494 1845 3586 1897 καὶ
3612 1844 3786 1912 ἐγκαρ
3802 1872 3822 1883 ο

2240 1949 2358 1995 πον,
2378 1932 2534 2001 δῆλον
2553 1933 2609 1986 δὲ
2629 1935 2710 1986 ὅτι
2732 1933 2828 2004 τὴν
2849 1935 2957 1988 τῶν
2989 1933 3252 1988 Ἰουδαίων
3271 1933 3614 2002 συναγωγὴν,
3633 1932 3822 1983 ούκέτι

2238 2029 2328 2075 τὸν
2350 2023 2646 2092 ἀϐούλητον
2686 2025 2809 2094 ἐμοὶ
2844 2024 3296 2094 διαπεραίνουσαν
3317 2026 3500 2093 νόμον,
3539 2022 3660 2076 οὕτε
3712 2021 3823 2092 μὴν

2241 2112 2621 2182 προσερεῖσθαι
2641 2115 2751 2174 τοῖς
2778 2111 2988 2176 τύποις,
3014 2111 3181 2181 ἀπρὶξ
3215 2109 3550 2181 ᾑρημένουςο
3575 2107 3709 2162 ἀλλὰ
3734 2107 3819 2168 τὸ,

2240 2203 2320 2254 ὅτι
2358 2203 2594 2272 μάλιστα
2647 2202 2724 2272 τῷ
2756 2202 2875 2273 Θεῷ
2912 2203 3063 2272 φίλον
3101 2219 3162 2254 τε
3190 2201 3401 2266 δοκοῦν,
3432 2200 3526 2253 καὶ
3575 2195 3634 2252 εὖ
3673 2198 3822 2269 ἔχειν

2242 2295 2665 2365 ὑπειλημμένον,
2697 2294 2997 2366 κατορθοῦν
3038 2295 3317 2370 ἑλομένην.
3359 2293 3566 2346 Οὐκοῦν
3597 2291 3821 2361 ἐμαυτῷ

2244 2387 2571 2457 κατασπερῶ
2587 2403 2600 2418 ο
2625 2387 2714 2440 τὸν
2735 2388 2844 2455 γὰρ
2867 2388 2996 2457 ἐμὸν
3020 2386 3311 2451 εἰσδέξεται
3337 2386 3556 2456 σπόρον,
3579 2385 3663 2436 ἵνα
3680 2383 3822 2435 νοῶ-

2250 2494 2346 2545 μεν
2373 2478 2439 2530 τὰ
2487 2478 2816 2545 εύαγγελικὰ
2860 2477 3226 2548 θεσπίσματα,
3273 2480 3364 2531 καὶ
3396 2478 3579 2531 οὐκέτι
3608 2477 3696 2529 τὸν
3732 2476 3824 2527 διὰ

2246 2568 2510 2632 Μωσέως,
2535 2569 2678 2622 καθά
2701 2569 2794 2622 καὶ
2824 2572 2880 2623 ἐν
2903 2570 3118 2640 ἀρχαῖς.
3147 2569 3498 2640 Ἐγεωργεῖτο
3518 2568 3625 2639 γὰρ
3651 2567 3822 2620 πάλαι

2242 2661 2355 2720 τοῖς
2382 2660 2591 2723 τύποις.
2643 2663 2849 2728 Ἥγουν
2879 2661 2941 2714 τὸ
2968 2679 2986 2711 ι
3027 2660 3249 2731 ἐμαυτῷ
3286 2680 3304 2713 ι
3344 2663 3438 2714 καὶ
3465 2661 3587 2714 καθ’
3635 2660 3823 2727 ἕτερον

2245 2751 2436 2823 ἐκδέξῃ
2477 2753 2692 2821 τρόπον.
2733 2750 3042 2822 Αύτουργδς
3075 2751 3182 2823 γὰρ
3221 2751 3436 2822 ἔσομαι,
3489 2751 3649 2820 φησι,
3682 2749 3823 2819 πρὸς

2243 2843 2341 2912 τὴν
2365 2843 2450 2896 ἐπ’
2483 2843 2618 2913 αὐτῇ
2683 2843 2957 2913 φροντίδα,
2993 2843 3086 2896 atat
3117 2838 3226 2896 οἷόν
3261 2861 3382 2896 τινα
3433 2843 3532 2912 γῆν
3576 2843 3734 2894 πίονά
3757 2857 3818 2896 τε

2247 2933 2337 2984 καὶ
2363 2934 2639 3004 εὐήροτον,
2663 2935 2723 2986 οὐ
2757 2933 2822 2987 δι’
2844 2934 3030 3005 ἐτέρου
3057 2934 3222 2998 τινὸς,
3245 2934 3359 2987 ἀλλ’
3387 2933 3621 3003 ἐμαυτοῦ
3652 2950 3821 2985 κατα⁹

2250 3024 2751 3106 σπερῶ.·Λελάληκε
2771 3024 2880 3096 γὰρ
2916 3027 3045 3096 ἡμῖν
3072 3028 3099 3078 ὁ
3115 3027 3245 3090 Θεὸς
3267 3025 3359 3078 καὶ
3385 3025 3573 3095 Πατὴρ
3602 3027 3659 3077 ἐν
3680 3023 3817 3094 Υίῷθ

565 3124 846 3191 mctipsum
871 3133 1174 3176 conseram.
1192 3115 1431 3171 Locutus
1456 3122 1728 3170 estautem
1755 3115 1910 3168 nobis
1939 3115 2073 3167 Deus
2088 3122 2140 3167 et

2245 3115 2421 3168 καίτοι
2465 3117 2630 3178 «Τοῖς
2674 3101 2840 3168 πάλαι
2877 3116 3118 3185 λαλήσας
3159 3117 3247 3169 διὰ
3299 3116 3592 3187 προφητῶν
3646 3115 3821 3182 ἁγίων

566 3213 725 3266 Pater
773 3213 826 3265 in
875 3210 1045 3275 Filio,
1104 3208 1353 3278 quamvis
1420 3209 1691 3260 veteribus
1732 3223 1751 3254 ι
1791 3204 2137 3259 multifariam

566 3303 854 3370 multisque
907 3299 1081 3355 modis
1132 3312 1230 3368 per
1291 3283 1584 3366 prophetas
1649 3303 1868 3350 sanctos
1932 3295 2140 3350 locutus

563 3396 636 3450 sit
671 3394 769 3446 ".2
806 3393 909 3462 57
963 3390 1247 3461 Segetibus
1297 3403 1457 3458 porro
1499 3386 1550 3440 in
1595 3401 1724 3455 agro
1752 3397 1807 3440 et
1848 3385 1959 3453 ipse
2020 3385 2136 3439 Sal-

564 3494 717 3540 valor
761 3486 1077 3538 immensam
1137 3479 1472 3535 credentium
1531 3477 1929 3531 multitudinem
1989 3491 2137 3530 com-

566 3577 792 3646 paravit,
841 3589 963 3629 cum
1028 3570 1287 3642 apostolis
1332 3571 1409 3624 ait
1457 3587 1470 3622 :
1512 3589 1529 3621 ι
1583 3568 1772 3624 Nonne
1824 3585 1917 3623 vos
1961 3567 2138 3622 dicitis

563 3670 706 3737 quod
729 3668 906 3722 adhuc
941 3672 1171 3733 quatuor
1221 3676 1433 3716 menses
1460 3671 1604 3724 sunt,
1639 3671 1692 3715 et
1736 3661 1923 3714 messis
1960 3659 2137 3713 venit?

571 3760 710 3813 Ecce
753 3757 874 3811 dico
912 3753 1099 3808 vobis:
1127 3752 1327 3807 Levate
1373 3752 1558 3806 oculos
1621 3761 1850 3813 vestros,
1877 3758 1930 3803 et
1963 3750 2136 3804 videte

569 3836 834 3917 regiones,
865 3843 1116 3912 quoniam
1174 3841 1307 3894 albae
1345 3849 1473 3894 sunt
1504 3839 1615 3907 jam
1675 3840 1740 3892 ad
1790 3852 2038 3892 messem.
2073 3839 2137 3891 Et

565 3937 659 4006 qui
699 3935 870 3999 metit,
906 3932 1206 3987 mercedem
1244 3930 1460 3998 accipit,
1492 3938 1545 3984 et
1589 3937 1879 3998 congregat
1903 3925 2132 3981 fructum

565 4029 618 4081 in
657 4027 823 4080 vitam
881 4033 1136 4078 aeternam
1179 4021 1278 4074 ⁸³.»
1315 4020 1380 4074 Et
1439 4020 1632 4074 iterum
1677 4019 1854 4073 «alibi:
1890 4036 1908 4070 t
1949 4017 2135 4072 Messis

563 4118 778 4187 quidem
814 4113 1010 4178 multa,
1045 4112 1280 4180 operarii
1307 4119 1486 4164 autem
1520 4109 1698 4180 pauci.
1727 4108 1930 4178 Rogate
1972 4109 2136 4178 igitur

564 4207 856 4262 Dominum
890 4205 1106 4270 messis,
1135 4212 1196 4258 ut
1229 4203 1439 4258 emittat
1472 4202 1746 4271 operarios
1797 4202 1849 4255 in
1902 4217 2130 4255 messem

563 4312 719 4351 suam
745 4295 815 4350 “.
841 4314 860 4347 ι
895 4294 1082 4363 Itaque
1108 4293 1340 4347 demissa
1387 4292 1541 4346 nobis
1565 4307 1594 4344 a
1622 4291 1900 4346 Salvatore
1931 4291 2127 4359 pluvia,

2241 3206 2562 3277 πολυμερῶς
2593 3225 2650 3260 τε
2681 3210 2774 3261 καὶ
2801 3209 3387 3280 πολυτρόπως.ιΛηῖοις
3411 3209 3467 3261 δὲ
3490 3206 3818 3278 παρεικάζει

2237 3301 2349 3362 τοῖς
2371 3300 2426 3351 ἐν
2451 3299 2607 3370 ἀγρῷ
2644 3300 2738 3353 καὶ
2759 3300 2920 3364 αὐτὸς
2955 3304 2983 3355 ὁ
3014 3301 3204 3372 Σωτὴρ
3246 3305 3340 3372 τήν
3376 3301 3680 3370 ἀμέτρητον
3707 3300 3819 3352 τῷν

2240 3391 2679 3444 πεπιστευκότων
2734 3391 2961 3462 πληθύν.
3003 3394 3110 3447 Καὶ
3161 3392 3292 3460 γοῦν
3337 3391 3440 3463 ἔφη
3482 3395 3592 3455 τοῖς
3639 3391 3816 3460 ἁγίοις

2238 3480 2558 3543 ἀποστόλοις
2575 3499 2588 3510 ·
2627 3482 2770 3553 «Οὐχ
2796 3483 2954 3552 ὑμεῖς
2977 3484 3184 3552 λέγετε,
3203 3485 3286 3538 ὅτι
3312 3485 3637 3555 τετράμηνός
3671 3488 3813 3552 ἐστι,

2238 3571 2383 3622 καὶὸ
2410 3570 2667 3642 θερισμὸς
2712 3573 2962 3643 ἔρχεταις
3022 3575 3131 3629 ἰδοῦ
3182 3575 3323 3644 λέγω
3367 3576 3514 3646 ύμῖν,
3569 3578 3812 3648 ἐπάρατε

2235 3660 2360 3723 τοὺς
2380 3661 2691 3730 ὀφθαλμοὺς
2714 3663 2888 3732 ὑμῶν,
2922 3665 3014 3718 καὶ
3039 3665 3307 3719 θεάσασθε
3326 3669 3423 3731 τὰς
3452 3669 3654 3738 χώρας.
3688 3669 3812 3722 Ὅτι

2236 3750 2423 3804 λευκαί
2462 3754 2597 3805 εἰσιν
2639 3754 2738 3824 ἤδη
2774 3755 2908 3826 πρὸς
2949 3756 3236 3826 θερισμόν·
3276 3758 3370 3811 καὶ
3395 3759 3674 3828 ὁθερίζων
3716 3777 3808 3829 μι-

2238 3840 2360 3893 σθὸν
2383 3841 2646 3912 λαμϐάνει
2675 3861 2687 3872 ο
2710 3863 2727 3894 ι
2756 3844 2870 3906 καὶ,
2891 3864 2907 3894 ι
2929 3845 3196 3917 Θερισμὸς
3227 3847 3411 3912 πολὺς,
3428 3850 3478 3901 oi
3505 3849 3560 3902 δὲ
3583 3849 3809 3920 ἐργάται

2233 3932 2421 4001 ὀλίγοι.
2471 3933 2706 4006 Δεήθητε
2748 3932 2840 3988 οῦν
2889 3936 2986 3989 τοῦ
3032 3939 3234 4009 Κυρίου
3276 3939 3369 3992 τοῦ
3411 3940 3691 4012 θερισμοῦ,
3721 3942 3810 3995 ἵνα

2234 4023 2684 4094 ἐκδάλῃὲργάτας
2704 4027 2784 4088 είς
2801 4027 2890 4078 τὸν
2913 4027 3172 4098 θερισμὸν
3191 4029 3376 4083 αὑτοῦ.
3390 4049 3408 4083 ι
3435 4029 3644 4083 Οὐκοῦν
3671 4030 3809 4083 καθ-

2234 4112 2384 4175 έντος
2410 4115 2542 4184 ἡμῖν
2573 4114 2664 4167 τὸν
2686 4117 2874 4185 νοητὸν
2895 4117 3050 4168 ὑετὸν
3082 4115 3177 4168 τοῦ
3209 4116 3457 4186 Σωτῆρος
3503 4117 3679 4187 ἡμῶν,
3714 4134 3809 4184 γε·

2232 4207 2470 4275 γόναμεν
2501 4207 2573 4276 γῆ
2605 4206 2822 4278 θελητή.
2854 4207 2991 4260 κατὰ
3023 4208 3121 4275 τήν
3153 4207 3247 4260 τοῦ
3280 4209 3562 4277 προφήτου
3597 4211 3804 4279 φωνήν.

2235 4296 2496 4366 Ἔσπειρε
2527 4295 2636 4366 γὰρ
2659 4297 2806 4366 ἡμᾶς
2834 4296 3033 4366 ἐαυτῷ,
3060 4300 3154 4350 καὶ
3180 4300 3554 4367 κεχρημάτικε
3576 4299 3637 4351 τὸ
3668 4299 3804 4353 Θεοῦ

561 4404 680 4456 qua:
732 4387 1080 4456 intelligentia
1149 4384 1479 4453 percipitur,
1538 4382 1661 4437 facti
1715 4397 1941 4436 sumusc
1983 4394 2126 4436 terra

2238 4386 2540 4458 γεώργιονὸ
2589 4387 2825 4458 Ἰσραήλ.
2863 4389 3105 4459 Ἐλεήσει
3158 4389 3264 4460 γὰρ
3298 4389 3394 4460 τὴν
3424 4391 3524 4443 οὐκ
3563 4391 3804 4462 ἠλεημέ-

562 4476 884 4542 voluntaria,
922 4493 939 4526 ι
977 4484 1033 4528 ιιι
1063 4473 1322 4543 propheta
1373 4472 1624 4540 loquitur.
1673 4471 1926 4526 Consevit
1983 4473 2126 4528 enim

565 4582 664 4621 nos
701 4567 802 4619 sibi
839 4566 961 4634 ipsi,
1003 4573 1335 4632 vocatusque
1386 4561 1554 4616 Israel
1607 4562 1933 4631 agricultura
2011 4565 2128 4618 Dei.

565 4656 900 4711 hliserebitur
956 4654 1120 4719 enim,
1181 4653 1263 4707 cui
1331 4667 1437 4707 non
1498 4650 1674 4706 fuerat
1739 4653 2029 4706 misertus:
2075 4663 2130 4707 et

561 4747 653 4815 qui
687 4743 975 4812 aliquando
1003 4740 1121 4796 Non
1154 4740 1399 4811 populus,
1451 4741 1724 4796 voeabitur
1753 4740 2018 4811 P0pulus;
2071 4753 2125 4795 et

561 4843 678 4909 ipse
707 4849 900 4896 exutus
931 4852 1167 4894 errorem
1195 4837 1499 4907 pristinum,
1536 4836 1699 4890 Deum
1739 4852 1922 4890 verum
1960 4851 2124 4906 agno-

560 4938 698 4994 scet,
741 4938 797 4984 et
833 4930 976 4984 dicet
1019 4944 1033 4981 :
1106 4946 1124 4980 ι
1153 4928 1292 4983 Deus
1320 4944 1471 4984 meus
1494 4944 1553 4983 es
1584 4938 1659 4991 tu,
1687 4946 1706 4980 ι
1749 4928 1960 4982 tametsi
1993 4929 2119 4982 olim

561 5037 629 5074 ex
679 5021 964 5075 immodica
1024 5023 1240 5075 vesania
1285 5021 1580 5076 clamavit:
1637 5037 1657 5072 ι
1715 5019 1824 5074 Nos
1875 5019 2118 5082 scimus,

559 5111 684 5179 quia
717 5109 881 5179 Moysi
933 5111 1142 5165 locutus
1179 5121 1261 5167 est
1288 5113 1462 5176 Deus;
1500 5113 1643 5166 hunc
1699 5122 1878 5165 autem
1947 5112 2124 5165 nesci-

560 5218 680 5256 mus
709 5202 849 5258 unde
875 5203 948 5256 sit
974 5202 1455 5269 ".tQuauiobrem
1511 5219 1632 5258 cum
1677 5203 1984 5271 ignorarent
2031 5202 2121 5256 Fi-

559 5293 710 5359 lium,
752 5307 851 5349 nec
879 5291 1091 5348 Patrem
1125 5304 1412 5350 noverant:
1449 5295 1589 5362 quod
1623 5293 1693 5347 ita
1740 5301 1967 5346 testatur
1996 5291 2116 5347 Sal-

560 5396 744 5438 vator:
784 5403 802 5436 ι
838 5385 894 5438 Si
941 5401 1024 5440 me
1067 5387 1297 5450 sciretis,
1323 5396 1377 5439 et
1405 5383 1617 5438 Patrem
1656 5398 1833 5437 meum
1894 5381 2118 5437 forsitan

555 5475 770 5532 sciretis
797 5476 896 5530 “.i
935 5476 1224 5546 Postquam
1253 5486 1430 5530 autem
1486 5476 1551 5529 ad
1586 5474 1912 5542 agnitionem
1961 5489 2120 5529 voca-

624 5661 668 5693 "
698 5657 740 5713 ll
769 5659 891 5713 Cor.
928 5675 980 5723 v,
1017 5661 1101 5713 lii.

1176 5662 1219 5691 ⁵¹
1243 5659 1398 5714 Hebr.
1424 5675 1458 5713 ι.
1486 5659 1531 5711 1.
1611 5657 1652 5688 ⁵³
1681 5656 1833 5710 Joan.
1865 5656 2043 5721 ιν,’5ῖὶ,
2076 5656 2164 5710 ⁸56.
2207 5657 2251 5687 ⁸⁸
2270 5656 2452 5710 Matth.
2494 5673 2562 5720 Ix,
2599 5658 2685 5708 57.

2231 4495 2348 4546 νην,
2380 4478 2473 4530 καὶ
2497 4479 2587 4532 τόν
2615 4495 2744 4531 ποτε
2780 4479 2840 4532 ού
2871 4480 3018 4546 λαὸν,
3049 4481 3302 4550 ὀνομάσει
3333 4481 3479 4535 λαόν.
3504 4484 3615 4535 Καὶ
3641 4485 3806 4548 αὐτὸς

2226 4567 2280 4621 δὲ
2316 4567 2413 4636 τῆς
2440 4568 2670 4638 ἀρχαίας
2699 4571 3024 4641 καταλήγων
3067 4572 3296 4642 πλάνης,
3329 4574 3421 4626 τὸν
3465 4574 3639 4645 ἀληθῆ
3671 4578 3804 4630 Θεὸν

2227 4658 2622 4724 ἐπιγνώσεται,
2648 4655 2739 4708 καὶ
2761 4659 2896 4730 ἐρεῖ,
2914 4677 2932 4710 t
2957 4659 3088 4722 Θεός
3113 4679 3214 4731 μου
3234 4658 3284 4714 εἴ
3301 4663 3417 4725 sim
3438 4663 3614 4716 καίτοι
3633 4665 3802 4718 πάλαι

2235 4747 2372 4817 βοῶν
2413 4745 2470 4811 ἐξ
2510 4748 2816 4818 ἀμετρήτου
2856 4749 3514 4822 φρενοδλαϐείας,Ἦμεΐς
3557 4755 3798 4825 οἴδαμεν,
3833 4741 3850 4753 ’

2228 4837 2309 4889 ὅτι
2330 4836 2519 4889 Μωσεῖ
2554 4835 2848 4906 λελάληκεν
2878 4840 2906 4891 ὁ
2934 4838 3066 4903 Θεός
3089 4855 3106 4873 ο
3141 4843 3329 4895 τοῦτον
3363 4843 3419 4895 δὲ
3453 4844 3551 4897 ούκ
3577 4843 3801 4913 οἴδαμεν

2230 4927 2390 4982 πόθεν
2418 4926 2586 4980 ἐστίν.
2618 4927 2827 4982 Οὐκοῦν
2855 4931 3224 5002 ἀγνοήσαντες
3254 4934 3344 4986 τὸν
3372 4934 3516 4997 Υίὺν,
3551 4934 3669 4986 ούδέ
3703 4935 3798 4987 αύο

2223 5019 2314 5072 τὸν
2344 5017 2540 5090 ᾔδεσαν
2565 5019 2656 5071 τὸν
2677 5020 2896 5090 Πατέρα
2917 5041 2930 5053 ·
2950 5025 3044 5076 καὶ
3070 5025 3406 5093 μαρτυρήσει
3437 5024 3610 5092 λέγων
3636 5026 3800 5088 auito;

2225 5112 2254 5162 ό
2284 5110 2496 5180 Σωτήρο
2545 5111 2606 5163 Εἰ
2654 5111 2754 5180 ἐμὲ
2787 5112 2985 5182 ᾔδειτε,
3038 5113 3132 5165 καὶ
3176 5112 3268 5165 τὸν
3310 5114 3530 5183 Πατέρα
3581 5133 3683 5184 μου
3731 5117 3799 5169 ἂν

2226 5202 2424 5272 ᾔδειτε.
2471 5201 2689 5271 Ἐπειδὴ
2715 5202 2772 5255 δὲ
2806 5202 3096 5273 κέκληνται
3143 5203 3278 5274 πρὸς
3324 5205 3652 5273 ἐπίγνωσιν,
3703 5209 3799 5262 καὶ

2225 5293 2608 5363 ὠμολογήκασι
2653 5293 2742 5344 τὸν
2784 5293 2930 5355 Υίὸν,
2982 5293 3267 5348 τεθέανται
3312 5294 3496 5349 λοιπὸν
3526 5297 3592 5350 δι’
3629 5297 3797 5351 αὐτοῦ

2227 5398 2285 5432 τε
2312 5382 2403 5434 καὶ
2434 5384 2490 5434 ἐν
2523 5381 2668 5450 αὐτῷ
2707 5381 2797 5432 τὸν
2828 5381 3064 5450 Πατέρα.
3120 5382 3343 5453 ’Δληθὲς
3371 5383 3500 5452 γὰρ,
3543 5386 3799 5448 omnes

2227 5490 2388 5542 φησιν
2416 5473 2444 5524 ὁ
2489 5474 2819 5542 Ἰωάννηςμδ
2867 5473 3195 5544 ἀρνούμενος
3234 5475 3322 5528 τὸν
3365 5478 3517 5542 Υἱὸν,
3558 5477 3675 5529 οὐδὲ
3704 5477 3798 5530 τὸν

2767 5657 2807 5687 ⁵⁸
2839 5656 2990 5712 Joan.
3027 5675 3102 5724 ix,
3139 5661 3226 5714 50.
3303 5663 3348 5694 ⁵⁶
3377 5661 3528 5716 Joan.
3561 5678 3675 5725 \‘tll.
3707 5663 3790 5718 ιιι.
