4012 6214
361 237 448 288 101
1273 235 1817 292 COMMENTARIUS
1857 235 1922 290 IN
1963 234 2195 290 OSEAM
2239 238 2686 295 PROPIIETAM.

3509 248 3615 304 10‘2

355 351 574 419 Πατέρα
603 349 716 418 ἔχει
739 367 752 380 ο
787 351 814 403 6
843 349 898 402 δὲ
941 349 1220 421 ὁμολογῶν
1251 351 1342 405 τὸν
1370 351 1496 405 Υἱὸν
1524 391 1538 416 ,
1571 352 1825 422 ὁμολογεῖ
1853 353 1924 404 κα

2051 352 2110 415 ti,
2144 362 2193 406 el
2228 353 2422 407 Filium
2459 353 2690 408 confessi
2725 365 2868 420 sunt,
2899 354 3152 425 deinceps
3206 371 3299 425 per
3328 359 3523 426 ipsum,
3553 373 3607 415 et

352 440 439 494 τὸν
472 441 711 512 Πατέρα.

2042 444 2095 496 itt
2129 443 2246 511 ipso
2311 445 2525 499 Patrem
2588 445 2859 500 viderunt.
2903 445 3096 500 Verunt
3139 456 3222 502 est
3265 449 3431 510 enim,
3462 450 3617 516 juxta

350 530 648 598 sapientem
689 528 952 585 Joannem
981 545 996 584 :
1026 547 1045 581 ι
1072 530 1172 601 Qui
1208 540 1367 602 negat
1397 531 1615 600 Filium,
1669 547 1767 588 nec
1827 531 2044 588 Patrem
2114 536 2298 590 habet.
2353 537 2452 602 Qui
2517 547 2694 592 autem
2759 538 3048 592 conﬁtetur
3081 539 3295 606 Filium,
3335 540 3623 596 conﬁtetur

349 632 402 678 et
431 621 650 675 Patrem
688 620 755 672 ⁸⁷.
771 638 791 671 ι

950 733 1206 791 ΚΕΦΑΛ.
1257 735 1331 788 Γ’.

411 865 524 921 Καὶ
559 860 689 918 εἶπε
725 863 944 930 Κύριος
983 865 1132 932 πρός
1166 881 1273 934 με·
1314 866 1442 920 Ἔτι
1465 866 1802 934 πορεύθητι,
1834 866 1934 920 καί

342 957 671 1026 ἀγάπης-ον
711 947 968 1024 τιὸθαῖκα
1015 955 1349 1024 ἀγαπῶσαν
1391 956 1644 1025 πονηρὰ,
1678 959 1775 1011 καὶ
1805 975 1935 1028 μοι·

341 1049 546 1119 χαλίν,
573 1048 767 1114 καθὼς
794 1045 996 1116 ἀγαπᾷ
1035 1051 1068 1102 d
1106 1049 1249 1114 Θεὸς
1276 1048 1418 1114 τοὺς
1451 1049 1621 1116 υἱοὺς
1663 1049 1933 1118 Ἰσραὴλ,

339 1143 438 1195 καὶ
476 1140 643 1194 αὐτοὶ
677 1139 1131 1193 ἀποϐλέπουσιν
1174 1139 1270 1194 ἐπὶ
1326 1139 1509 1204 Θεοὺς
1547 1139 1924 1208 ἀλλοτρίους,

338 1233 437 1285 καί
460 1231 714 1299 φιλοῦσι
740 1231 1014 1300 πέμματα
1036 1231 1186 1301 μετὰ
1210 1232 1536 1301 σταφίδων.

409 1345 535 1398 AB'.
577 1345 644 1397 Τί
675 1344 735 1396 τὸ
760 1346 946 1415 χρῆμα
975 1345 1157 1410 πάλιν,
1187 1345 1219 1415 ἢ
1260 1344 1313 1397 τί
1339 1344 1399 1398 τὸ
1433 1346 1729 1416 μυστήριον
1749 1385 1762 1410 ,
1794 1345 1925 1413 ἀνα-

342 1437 537 1505 μαθεῖν
568 1438 885 1504 ἀναγκαῖον.
921 1439 1040 1489 Δεῖν
1086 1437 1192 1507 γὰρ
1242 1433 1396 1507 οἶμαι
1445 1437 1514 1491 τὰ
1541 1437 1719 1490 τοιάδε
1756 1436 1922 1489 πολυ-

340 1532 704 1600 πραγμονεῖν,
734 1529 827 1581 καὶ
860 1526 1200 1597 καταθρῆσαι
1234 1525 1607 1597 λεπτομερῶς.
1639 1525 1792 1579 Μετά
1822 1525 1930 1594 γάρ

338 1639 424 1675 τοι
454 1603 553 1690 τὴν
586 1619 832 1690 πρώτην,
861 1618 958 1690 τὴν
991 1618 1237 1688 μαχλάδα
1263 1618 1355 1671 καὶ
1382 1617 1776 1687 σεσοϐημένην,
1809 1617 1923 1669 ἓτε-

347 1728 442 1781 ρον
474 1711 547 1779 τῷ
576 1711 833 1782 προφήτῃ
871 1708 1090 1776 γύναιον
1126 1708 1479 1779 εἰσκρίνεται,
1514 1711 1628 1772 τοῖς
1669 1707 1768 1777 τῆς
1803 1725 1921 1777 μοι·

336 1805 494 1874 χείας
521 1802 862 1872 ἐγκλήμασιν
893 1800 1169 1870 ἐχόμενον.
1205 1801 1316 1853 Καὶ
1342 1801 1425 1864 τίς
1446 1803 1474 1853 6
1505 1800 1693 1874 λόγος;
1745 1803 1776 1871 ἡ
1830 1801 1930 1870 μὲν

335 1895 445 1962 γὰρ
486 1892 596 1945 τῶν
632 1891 901 1943 Ἰουδαίων
937 1890 1166 1960 πληθὺς,
1202 1891 1235 1959 ἠ
1272 1889 1379 1960 πρὸ
1410 1892 1508 1961 τῆς
1537 1890 1630 1944 τοῦ
1674 1889 1930 1961 Σωτῆρος

334 1983 500 2052 ἡμῶν
564 1981 897 2052 ἐπιδημίας,
943 1980 1038 2033 ἆτε
1086 1980 1150 2051 δὴ
1196 1980 1292 2032 καὶ
1340 1979 1778 2052 ἀφυλακτότερον
1835 1981 1930 2033 καὶ

337 2075 488 2143 μάλα
511 2074 743 2142 ἑτοίμως
776 2073 930 2126 ἰοῦσα
958 2071 1089 2143 πρὸς
1111 2072 1398 2142 πλάνησιν,
1423 2073 1518 2125 καὶ
1537 2071 1798 2142 δαμάλεσι
1830 2070 1928 2141 μὲν

333 2165 679 2237 λατρεύουσα
713 2165 832 2227 ταῖς
881 2166 1128 2234 χρυσαῖς,
1162 2161 1544 2234 προσκυνοῦσα
1591 2180 1649 2216 τε
1706 2163 1800 2216 καὶ
1834 2161 1929 2215 θύ-

333 2273 476 2309 ουσα
501 2255 582 2324 τῷ
612 2255 776 2320 Βάαλ,
808 2256 926 2324 ἤτοι
954 2255 1030 2325 τῷ
1068 2252 1408 2325 Βεελφεγὼρ,
1444 2255 1616 2328 πόρνῃ
1659 2255 1928 2309 παρεικά-

334 2347 484 2410 ζετο,
521 2345 620 2398 καὶ
655 2344 773 2396 λίαν
822 2345 1066 2409 εἰκότως,
1099 2343 1262 2397 οἰονεί
1289 2361 1407 2407 πως
1440 2345 1734 2414 ὲκκειμένη
1764 2346 1927 2398 παντὶ

332 2435 563 2506 πονηρῷ
617 2435 708 2489 καὶ
751 2435 1045 2505 ἀκαθάρτῳ
1077 2423 1394 2504 πνεύματι,
1439 2436 1539 2498 τὰς
1577 2436 1711 2498 ἰδίας
1739 2435 1932 2505 ἡδονάς

332 2527 697 2597 ἀποπληροῦν
756 2526 1014 2580 ἐθέλοντι.
1070 2527 1462 2598 Προσεδέχοντο
1519 2528 1628 2598 γὰρ
1676 2526 1769 2580 καὶ
1822 2526 1931 2580 τῶν

329 2621 556 2691 ὁμόρων
580 2619 753 2671 ἐθνῶν
773 2619 841 2671 τά
858 2618 1200 2688 σεϐάσματα,
1229 2619 1369 2673 κατὰ
1392 2620 1451 2672 τὸ
1483 2619 1698 2690 ἑκάστῳ
1719 2618 1929 2681 δοκοῦν,

332 2713 570 2774 ἀνοσίως
619 2712 712 2766 καὶ
754 2711 1147 2773 ἀϐασανίστως.
1176 2710 1313 2762 ’Δλλ’
1341 2710 1522 2780 εκείνη
1565 2710 1664 2780 μὲν
1692 2710 1766 2772 ὡς
1792 2709 1931 2762 ἑτοί-

3565 641 3592 652 ειν

2692 739 2846 797 CAP.
2889 738 2977 805 111,

2103 871 2269 928 Vens.
2303 873 2353 928 1.
2385 873 2451 927 Εἰ
2497 875 2634 929 dixit
2686 876 2941 934 Dominus
2978 883 3046 936 ad
3078 899 3160 937 me
3211 885 3439 938 :Adlmc
3488 887 3615 938 unde

2032 974 2079 1017 et
2105 965 2264 1033 dilige
2285 965 2553 1018 mulierem
2584 966 2882 1035 diligentem
2904 972 3063 1036 mala,
3080 981 3127 1024 et
3149 974 3614 1034 adulternm,sicnt

2034 1054 2220 1107 dilexit
2247 1055 2508 1109 Dominus
2522 1056 2663 1124 ﬁlios
2683 1056 2876 1122 Israel,
2897 1070 2946 1113 et
2974 1062 3072 1128 ipsi
3099 1064 3378 1128 respiciunt
3403 1066 3469 1118 ad
3493 1049 3614 1119 deos

2033 1144 2320 1212 alienos,et
2338 1155 2514 1200 amant
2534 1149 2791 1203 coctiones
2828 1166 2946 1202 cum
2987 1152 3233 1210 vinaceis.

2101 1339 2313 1396 XXXII.
2346 1341 2482 1409 Quid
2508 1344 2603 1408 rei,
2629 1353 2718 1398 aut
2751 1347 2988 1416 mysterii
3019 1348 3158 1404 istud
3200 1349 3288 1417 sit,
3325 1365 3616 1421 cognosca-

2030 1448 2151 1488 mus
2175 1444 2408 1505 oportet.
2440 1435 2577 1491 Puto
2606 1438 2857 1507 equidem
2899 1440 3020 1494 talia
3057 1444 3348 1496 scrutanda
3380 1444 3608 1514 diligenc

2037 1526 2140 1579 tius
2189 1535 2241 1578 et
2285 1528 2660 1596 perpendenda
2703 1529 2972 1584 subtilius.
3010 1531 3140 1586 Post
3183 1533 3409 1603 primam
3447 1535 3614 1599 enim,

2033 1628 2260 1682 eamque
2303 1615 2662 1682 meretricem,
2719 1628 2774 1673 et
2817 1622 3117 1689 repulsam,
3151 1623 3256 1677 alia
3300 1623 3614 1679 muliercula

2033 1703 2307 1772 prophetae
2336 1702 2578 1770 olfertur,
2614 1705 2861 1762 adulterii
2902 1708 3120 1780 ﬂagitiis
3173 1713 3434 1768 involuta.
3474 1715 3614 1781 Quid

2033 1793 2145 1847 ita?
2175 1792 2480 1848 Iudaeorum
2529 1811 2758 1865 namque
2802 1800 3110 1866 multitudo,
3149 1818 3270 1871 qua:
3317 1806 3608 1862 adventum
3640 1792 3654 1807 ’

2034 1883 2334 1940 Salvatoris
2373 1888 2540 1941 nostri
2596 1891 2904 1956 antecessit,
2937 1901 3124 1960 utpote
3172 1894 3511 1963 insolentius,
3547 1913 3611 1951 ac

2033 1985 2278 2046 prompte
2315 1976 2475 2032 nimis
2517 1991 2756 2034 errorem
2807 1995 3062 2050 sequens,
3091 1992 3144 2036 et
3180 1984 3374 2039 vitulos
3415 2001 3608 2042 aureos

2033 2067 2236 2134 colens,
2263 2069 2620 2136 adoransque,
2637 2079 2690 2124 et
2711 2073 3023 2128 sacriﬁcans
3043 2076 3193 2141 Baal,
3208 2076 3322 2131 sive
3345 2076 3608 2147 Beelphe-

2032 2171 2148 2227 gor,
2181 2172 2300 2211 cum
2327 2167 2506 2212 scorto
2528 2159 2925 2226 conferebatur,
2956 2163 3064 2234 58
3092 2175 3144 2219 et
3173 2167 3466 2235 aptissime,
3532 2183 3605 2222 ve

2032 2249 2127 2304 luti
2164 2251 2409 2319 exposita
2435 2253 2583 2306 omni
2611 2252 2845 2323 maligno
2863 2265 2917 2309 et
2935 2256 3212 2311 immundo
3234 2258 3611 2327 spiritui,suas

2032 2343 2085 2396 in
2118 2357 2180 2396 ea
2228 2342 2528 2410 voluptates
2568 2345 2788 2414 explere
2813 2347 3072 2413 cupienti.
3105 2345 3238 2400 Nam
3272 2359 3323 2401 et
3356 2351 3609 2404 ﬁnitima-

2032 2446 2149 2484 rum
2177 2433 2410 2501 gentium
2434 2449 2619 2500 sacra;
2637 2445 2795 2505 prout
2825 2436 3020 2504 cuique
3049 2438 3259 2504 liberet,
3283 2440 3486 2508 absque
3506 2441 3610 2494 ttlla

2031 2522 2396 2589 exploratione
2425 2526 2812 2593 suscipiebant.
2847 2525 3046 2578 Verum
3074 2528 3159 2581 illa
3189 2529 3608 2596 quidem,utde-

2031 2612 2316 2666 lectionem
2369 2615 2509 2668 haud
2553 2616 2716 2668 invita
2770 2614 2966 2680 ini'ens,
3016 2629 3230 2682 poenam
3287 2620 3607 2687 condignam

2032 2705 2262 2773 excepit,
2289 2705 2503 2757 redacta
2530 2704 2581 2757 in
2611 2704 3078 2772 captivitatetn,et
3121 2705 3353 2759 hostium
3385 2709 3607 2775 pedibus

335 2819 455 2872 μως
492 2801 651 2854 ἰοῦσα
691 2799 827 2870 πρὸς
859 2799 1157 2853 ἀπόστασιν
1187 2799 1474 2863 ἐκολάζετο
1504 2799 1749 2862 δικαίως,
1786 2816 1924 2869 πεμ-

2033 2795 2296 2863 subjecta.
2343 2795 2532 2864 Aperit
2584 2795 2933 2850 nihilominus
2968 2797 3239 2864 prophetae
3273 2796 3438 2862 Deus,
3478 2807 3610 2853 tent-

333 2893 553 2962 σπομένη
586 2891 722 2963 πρὸς
753 2892 1154 2961 αἰχμαλωσίαν,
1184 2892 1278 2944 καὶ
1312 2891 1415 2944 ὑπὸ
1458 2891 1625 2954 πόδας
1656 2891 1930 2945 πίπτουσα

331 2985 444 3038 τῶν
482 2984 716 3054 ἐχθρῶν.
744 2983 992 3053 Καθίστη
1041 3000 1107 3051 γε
1161 2984 1267 3053 μὴν
1308 2983 1535 3054 ἐναργὲς
1563 2982 1640 3052 τῷ
1674 2984 1927 3054 προφήτῃ

333 3077 498 3140 Θεὸς,
531 3077 612 3128 ὅτι
645 3074 788 3128 κατά
815 3075 906 3128 τὸν
944 3075 1133 3144 καιρὸν
1162 3075 1263 3144 τῆς
1290 3075 1383 3128 τοῦ
1419 3075 1654 3144 ’Ῑεζραὲλ
1678 3075 1888 3146 ἡμέρας
1911 3113 1926 3137 ,

331 3170 437 3237 τῆς
470 3167 549 3228 ὼς
597 3167 814 3236 ἀληθῶς
851 3166 1111 3236 μεγάλης,
1143 3166 1501 3236 ἀναϐήσονται
1551 3168 1616 3218 ἐκ
1662 3167 1758 3235 τῆς
1803 3165 1927 3234 γῆς,

331 3257 608 3317 τουτέστι,
646 3256 746 3324 τῆς
769 3255 878 3308 τῶν
912 3253 1223 3324 ἀλλοφύλων
1253 3254 1695 3325 ἀποδραμοῦνται
1723 3253 1925 3325 χώρας.

334 3349 515 3402 Τοῦτο
541 3349 597 3400 δὲ
626 3342 693 3417 ἦν
719 3345 1132 3416 αἰνιγματωδῶς
1170 3346 1443 3416 ὑποφῆναι
1487 3346 1670 3412 πάλιν,
1700 3346 1782 3398 ὅτι
1827 3362 1926 3397 πε-

334 3439 645 3494 παύσονται
687 3436 780 3488 τοῦ
833 3431 970 3488 εἶναι
1001 3434 1138 3499 ξένοι
1174 3434 1267 3487 καὶ
1310 3433 1600 3503 ἐπήλυτοι,
1633 3433 1830 3502 μᾶλλον
1868 3431 1925 3484 δὲ

335 3533 691 3603 δορύληπτοι,
725 3530 819 3584 καὶ
855 3530 953 3600 τὴν
999 3529 1287 3600 ἀλλοτρίαν
1331 3527 1609 3591 οἰκοῦντες
1641 3528 1741 3580 οὐκ
1774 3526 1924 3580 ἐλευ-

339 3624 535 3693 θέρως.
556 3624 860 3692 Ἐκήρυσσε
898 3620 1004 3692 γάρ
1034 3623 1062 3675 6
1095 3620 1286 3690 Σωτὴρ
1315 3617 1683 3690 αἰχμαλώτοις
1705 3619 1920 3686 ἄφεσιν,

339 3718 431 3768 καὶ
464 3716 687 3783 τυφλοῖς
717 3713 1028 3781 ἀνάϐλεψιν,
1061 3712 1202 3765 κατὰ
1232 3711 1330 3780 τὴν
1362 3709 1456 3763 τοῦ
1497 3710 1778 3781 προφήτου
1808 3727 1922 3778 φω-

340 3809 455 3878 νήν.
484 3807 610 3859 Ὅτι
633 3806 690 3858 δὲ
713 3807 806 3858 καὶ
828 3803 1261 3874 εἰσδεχθήσονται
1285 3803 1374 3856 διὰ
1423 3801 1657 3865 πίστεως
1678 3803 1734 3854 ἐν
1758 3800 1925 3863 ἐλέοις

343 3899 792 3965 καὶ-οἰκτιρμοῖς,
826 3896 918 3949 καὶ⁵
950 3895 1308 3965 κεκλήσονται
1347 3893 1474 3955 λαὸς
1503 3892 1661 3956 Θεοῦ,
1688 3893 1782 3947 καὶ
1818 3892 1922 3962 μὴν

341 3990 434 4040 καὶ
459 3986 776 4055 ἠλεημένοι,
801 3986 1206 4057 διαμεμήνυκεν
1233 3984 1498 4055 ἐναργῶς.
1528 3984 1683 4038 Μετά
1711 3985 1818 4052 γάρ
1841 4001 1922 4037 τοι

340 4079 436 4148 τὴν
469 4081 563 4130 τοῦ
596 4077 846 4147 Σωτῆρος
887 4077 1202 4147 ἐπιδημίαν,
1237 4077 1330 4129 καὶ
1356 4077 1415 4128 τὸ
1444 4075 1538 4128 ἐπὶ
1584 4074 1663 4145 τῷ
1701 4075 1922 4145 σταυρῷ

2035 2902 2165 2956 pore
2192 2887 2293 2940 diei
2333 2885 2567 2949 Jezrael,
2601 2900 2726 2941 vere
2761 2887 2963 2956 magni,
2996 2901 3318 2942 ascensuros
3344 2888 3412 2942 de
3442 2897 3607 2953 terra,

2036 2977 2134 3031 hoc
2154 2987 2258 3041 est,
2295 2992 2325 3030 e
2361 2979 2578 3046 regione
2607 2976 3032 3047 alienigenarum
3073 2980 3401 3034 avolaturos.
3450 2981 3610 3046 Quod

2033 3083 2247 3122 rursum
2266 3077 2383 3121 erat
2415 3067 2514 3121 sub
2569 3076 2876 3136 tegumenta
2925 3069 3469 3133 indicare,desituros
3491 3087 3611 3128 esse

2033 3160 2348 3231 peregrinos
2381 3169 2432 3213 et
2457 3161 2710 3225 advenas,
2735 3161 2840 3214 imo
2870 3159 3011 3214 bello
3047 3170 3254 3230 captos,
3294 3171 3347 3216 et
3372 3163 3603 3219 alienant

2034 3254 2329 3319 regionem,
2356 3268 2459 3305 non
2491 3261 2548 3304 ut
2576 3250 2774 3307 liberos
2801 3251 3046 3315 decebat,
3069 3252 3386 3308 incolentes.
3405 3254 3608 3309 Praedi-

2032 3343 2175 3396 cavit
2203 3342 2345 3397 enim
2384 3341 2634 3396 Salvator
2657 3360 2674 3392 t
2701 3343 2927 3410 captivis
2958 3343 3428 3410 indulgentiam,et
3449 3347 3607 3400 caecis

2031 3441 2282 3500 aspectus
2310 3433 2704 3486 restitutionem
2738 3431 3022 3500 ",tjuxta
3047 3432 3267 3486 verbum
3301 3434 3597 3501 prophetae.

2031 3521 2202 3577 Porro
2226 3537 2323 3592 per
2355 3523 2512 3576 ﬁdem
2545 3523 2597 3576 in
2645 3522 3038 3590 misericordia,
3080 3531 3135 3578 et
3167 3524 3606 3579 miserationibus

2028 3626 2362 3682 susceptum,
2395 3622 2448 3669 et
2474 3622 2722 3669 vocatunt
2755 3615 2820 3668 iri
2869 3615 3094 3684 pepulus
3130 3615 3245 3681 Dei,
3269 3617 3396 3685 quin
3424 3626 3476 3670 et
3502 3617 3604 3670 nti-

2030 3705 2377 3763 sericordiam
2416 3714 2767 3761 consecutum
2805 3706 3039 3761 dilucide
3070 3706 3424 3762 demonstrat.
3458 3705 3595 3760 Nam

2029 3807 2151 3868 post
2187 3797 2480 3852 Salvatoris
2527 3798 2836 3861 adventum,
2875 3806 2930 3852 et
2964 3798 3368 3866 perpessionem
3402 3799 3601 3862 crucis,

2030 3897 2082 3943 et
2117 3889 2167 3942 in
2193 3890 2356 3943 vitam
2401 3887 2652 3953 reditum,
2682 3889 2900 3943 salvatze
2935 3899 3062 3943 sunt
3108 3889 3322 3959 quidem
3362 3890 3604 3959 reliquiae

2031 3979 2399 4049 (crediderunt
2420 3979 2563 4033 enim
2595 3995 2699 4035 non
2740 3980 2893 4048 pauci
2924 3993 3151 4034 numero
3183 3995 3247 4035 ex
3274 3981 3480 4050 Israel);
3510 3994 3601 4034 re-

2029 4072 2230 4125 mansit
2264 4081 2443 4125 tamen
2487 4071 2664 4126 adhuc
2695 4070 2971 4126 incredula
2995 4071 3302 4137 multitudo,
3334 4087 3454 4141 qua:
3485 4087 3603 4125 mu-

343 4171 530 4229 πάθος,
562 4167 657 4219 καὶ
689 4167 788 4237 τὴν
834 4169 898 4219 ὲκ
923 4167 1130 4237 νεκρῶν
1161 4166 1479 4230 ἀναϐίωσιν,
1511 4164 1781 4217 σέσωσται
1825 4163 1922 4234 μὲν

2033 4162 2145 4216 Iieri
2189 4161 2406 4215 lascivae
2465 4162 2708 4230 apposite
2744 4172 3118 4229 comparatur,
3161 4163 3286 4233 quia
3327 4164 3599 4219 caalestem

340 4256 399 4306 τὴ
436 4254 780 4324 κατάλειμμα
831 4253 1268 4325 (πεπιστεύκασι
1295 4253 1403 4324 γὰρ
1430 4255 1531 4307 οὐκ
1562 4252 1920 4324 εὐαρίθμητοι

337 4341 446 4395 τῶν
477 4343 836 4415 ὲξ,’1σραήλ)·
880 4345 1265 4416 ἀπομεμένηκε
1291 4344 1348 4396 δὲ
1373 4344 1532 4401 πάλιν
1560 4345 1592 4413 ἡ
1620 4343 1920 4397 ἀπειθοῦσα

339 4433 571 4501 πληθὺς,
601 4435 670 4504 ἣν
717 4437 983 4506 μοιχαλίδι
1030 4436 1449 4506 παρεικαστέον,
1477 4434 1569 4488 διά
1611 4452 1693 4487 τοι
1739 4433 1800 4486 τὸ
1841 4433 1916 4504 μὴ

339 4523 558 4577 ἑλέσθαι
589 4526 681 4578 τὸν
725 4527 785 4592 ἐξ
818 4527 1048 4597 οὐρανοῦ
1094 4528 1346 4596 νυμφίον,
1381 4527 1474 4578 καὶ
1506 4525 1767 4596 ἀθετῆσαι
1817 4527 1916 4597 μὲν

2029 4252 2294 4322 Sponsum
2326 4267 2430 4305 non
2460 4253 2701 4321 elegerit,
2729 4261 2784 4306 et
2811 4262 3098 4320 aspernata
3133 4255 3204 4309 sit
3229 4256 3318 4324 qui
3345 4255 3516 4325 ipsam
3542 4257 3595 4308 in

2026 4343 2129 4398 ﬁde
2159 4345 2422 4409 ambibat,
2456 4353 2511 4399 et
2533 4344 2738 4401 Scribis
2769 4360 2832 4400 ac
2858 4345 3146 4404 Pharisaeis
3174 4347 3341 4403 veluti
3374 4349 3601 4405 moechis

2024 4437 2348 4506 quibusdam
2448 4437 2687 4492 animum
2746 4438 3070 4506 permiserit.
3128 4440 3397 4497 Ducebant
3454 4442 3598 4496 enim

2027 4531 2329 4584 «doetrinas
2347 4539 2398 4583 et
2417 4531 2667 4584 mandata
2692 4529 2968 4584 hominum
2985 4529 3277 4600 "ultaque
3302 4533 3452 4601 quasi
3477 4547 3596 4587 cum

338 4614 430 4666 τὸν
461 4616 521 4668 ὲν
552 4617 730 4668 πίστει
761 4617 1064 4687 μνώμενον,
1097 4621 1302 4688 μοιχοῖς
1343 4617 1399 4670 δὲ
1440 4616 1628 4684 ὥσπερ
1654 4617 1796 4670 τισίν
1822 4619 1918 4671 ἀν-

2033 4620 2307 4673 rneretrice
2342 4627 2456 4672 erat
2484 4620 2742 4688 propheta
2783 4620 2836 4674 in
2869 4629 3048 4690 typum
3078 4621 3191 4685 Dei,
3216 4621 3599 4676 fornicationes

342 4708 480 4759 εῖναι
527 4707 620 4758 τὸν
669 4707 794 4761 νοῦν
842 4711 954 4771 τοῖς
1002 4709 1390 4779 Γραμματεῦσι
1444 4709 1539 4762 καὶ
1577 4710 1911 4778 Φαρισαίοις.

353 4795 656 4851 Ἐδίδασκον
688 4799 798 4869 γάρ
829 4799 1174 4863 διδασκαλίας
1226 4801 1321 4855 καὶ
1366 4801 1676 4870 ἐντάλματα
1712 4799 1922 4870 ἀνθρώ-

277 4931 283 4936 ,
340 4888 699 4959 πων.Ὦσπερ
725 4885 816 4944 οὖν
846 4894 913 4961 τῇ
949 4892 1121 4961 πόρνῃ
1147 4891 1310 4962 συνῆν
1339 4892 1368 4944 6
1390 4893 1695 4963 προφήτης,
1727 4892 1806 4954 εἰς
1830 4889 1922 4943 τύ-

340 4994 441 5029 πον
474 4978 609 5033 θεοῦ
640 4981 736 5051 τῆς
764 4982 855 5034 τοῦ
894 4982 1107 5052 Ἰσραὴλ
1130 4983 1455 5053 ἀνεχομένου
1487 4982 1744 5053 πορνείας
1764 5021 1778 5046 ,
1825 4982 1918 5035 καὶ

343 5067 659 5132 κολάζοντος
692 5071 792 5138 μὲν
814 5072 1142 5142 συμμέτρως
1172 5075 1250 5135 εἰς
1276 5073 1630 5144 ἐπιστροφὴν,
1656 5073 1918 5143 ἀνακομί-

343 5152 525 5218 ζοντος
553 5157 610 5209 δὲ
647 5158 784 5228 πρὸς
816 5161 1108 5228 ἐπίγνωσιν
1129 5177 1140 5191 ’
1173 5165 1264 5214 τόν
1294 5163 1478 5228 αὑτὸν,
1505 5160 1678 5234 οἶμαι,
1719 5163 1918 5233 τρόπον

345 5245 438 5295 καὶ
495 5246 582 5299 διὰ
633 5249 740 5301 τῶν
796 5251 1170 5320 προκειμένων
1225 5251 1527 5322 μορφοῦται
1574 5253 1738 5306 πάλιν
1787 5254 1917 5322 ἡμῖν

345 5335 572 5398 ἀστείως
613 5337 673 5389 τὸ
725 5335 1039 5408 μυστήριονέ
1081 5341 1171 5402 Εἰς
1202 5339 1366 5392 τύπον
1415 5343 1522 5410 γὰρ
1561 5342 1590 5392 6
1634 5344 1918 5410 προφήτης

344 5421 476 5472 Θεοῦ
517 5425 875 5495 παραδέχεται
905 5428 1003 5498 μὲν
1031 5430 1128 5498 τὴν
1156 5429 1437 5499 μοιχαλίδα
1488 5431 1578 5483 καὶ
1619 5430 1918 5497 ἀγαπῶσαν

2019 4708 2185 4764 Israel
2237 4710 2572 4774 sustinentis,
2623 4712 3012 4780 moderateque
3069 4711 3136 4764 ad
3185 4712 3596 4767 conversionem

2023 4800 2371 4870 punientis,et
2390 4800 2455 4855 ad
2483 4801 2810 4870 agnitionem
2830 4800 3150 4866 revocantis;
3168 4802 3593 4872 eodem,opinor,

2024 4887 2184 4943 modo
2219 4897 2273 4943 et
2309 4902 2406 4956 per
2430 4887 2592 4943 verba
2632 4887 2902 4957 proposita
2955 4902 3172 4942 rursum
3208 4888 3364 4944 nobis
3399 4899 3598 4958 myste-

2023 4979 2164 5034 rium
2195 4979 2329 5034 scite
2361 4980 2702 5033 informatur.
2720 4977 2851 5030 Nam
2874 4992 3160 5046 personam
3195 4992 3258 5034 ac
3287 4991 3467 5049 typum
3499 4980 3594 5035 Dei

2023 5085 2217 5137 gerens
2263 5071 2520 5138 propheta
2559 5067 2857 5122 adulteram
2886 5079 2940 5123 et
2965 5069 3286 5140 diligentem
3320 5073 3458 5127 mala
3504 5072 3594 5125 ad-

2024 5161 2218 5223 mittit;
2253 5160 2346 5212 sed
2378 5160 2520 5212 fovet
2549 5173 2692 5226 eam,
2719 5160 3118 5229 quodammodo
3147 5162 3591 5230 promissionibus

2023 5259 2078 5305 et
2113 5253 2248 5303 bona
2272 5265 2366 5317 spe
2383 5249 2636 5317 saginans
2662 5251 2884 5320 optime,
2903 5252 2968 5305 ad
2989 5251 3417 5317 desperationem
3438 5264 3591 5305 ruere

2027 5355 2132 5392 non
2173 5339 2320 5391 sinit.
2356 5339 2408 5391 lu
2447 5338 2530 5392 his
2552 5340 2694 5393 enim
2721 5341 3021 5395 consistere
3063 5349 3230 5395 totum
3281 5336 3586 5407 mysterium

2027 5429 2267 5483 ostendit
2296 5429 2456 5495 Deus,
2480 5445 2602 5486 cum
2627 5431 2698 5487 ita
2732 5432 3047 5503 praphetam
3073 5429 3444 5501 compellavit:
3473 5423 3588 5478 «Di-

372 5593 418 5625 ετ
457 5593 646 5655 Iloan.
678 5617 740 5666 tt,
769 5602 858 5668 εδ,
935 5606 979 5636 ⁸⁸
1006 5605 1106 5660 lsa.
1141 5622 1248 5671 ωιι,
1284 5606 1330 5659 l.
1409 5609 1451 5641 ⁶⁹
1493 5608 1676 5662 Matth.
1754 5625 1840 5671 xv,
1869 5608 1944 5672 9;
1995 5609 2157 5661 Marc.
2201 5625 2293 5674 vn,
2338 5610 2387 5662 7.
