4012 6214
427 253 531 306 105

1408 246 1466 300 S.
1511 245 1786 301 CYRILLI
1825 245 2295 300 ALEXANDRI‘NI
2336 245 2653 301 ARCIIIEP.

3569 259 3674 313 ιοι

423 360 532 430 lige
565 357 859 413 adulteram
881 366 937 410 et
965 354 1272 424 diligentem
1308 357 1468 420 mala,
1489 359 1631 412 sicut
1659 359 1798 412 Deus
1835 359 1981 428 diligi

2109 358 2176 412 τά
2211 359 2424 430 πονηρά
2445 375 2458 388 ο
2493 358 2816 430 περιθάλπει
2850 360 2926 424 δὲ,
2963 361 3151 433 ὥσπερ
3177 364 3295 426 ταῖς
3321 363 3676 433 ἐπαγγελίαις

430 454 570 506 Iilios
617 449 805 515 Israel,
835 459 889 503 et
919 449 1020 518 ipsi
1067 449 1358 517 respiciunt
1398 452 1464 502 ad
1510 452 1640 503 deos
1687 451 1911 513 alienos,
1942 462 1997 505 et

422 541 899 597 amantcoetiones
931 555 1054 595 cum
1087 540 1374 592 vinaceis.»
1401 539 1719 608 Quanquam
1747 542 1886 594 enim
1921 541 1996 594 iti-

401 633 692 697 ‘eredulos,
725 631 920 700 inquit,
951 641 1007 684 et
1040 630 1143 684 diis
1191 629 1574 682 commentitiis
1613 645 1852 684 amorem
1910 631 1998 684 tri-

425 729 741 788 buentes,et
765 724 999 793 ipsorum
1032 721 1241 774 libidini
1273 721 1495 788 obsequi
1523 736 1626 773 non
1661 732 1992 786 recusantes,

414 815 532 885 59
581 829 644 868 ex
673 815 832 868 insita
869 811 1197 880 benignitate
1236 811 1411 879 diligit
1440 810 1598 879 Deus,
1640 829 1658 861 ι
1685 812 1774 879 qui
1807 825 1996 864 omnes

422 908 670 960 homines
700 905 813 958 vult
837 902 1015 957 salvos
1046 902 1180 965 ﬁeri,
1218 912 1268 954 ct
1298 902 1366 954 ad
1396 902 1725 970 agnitionem
1757 901 1994 955 veritatis

419 996 604 1049 venire
627 995 725 1046 σο.»
756 992 964 1046 llabent
995 1000 1174 1045 autem
1204 990 1593 1060 prepemodum
1634 992 1768 1044 hanc
1791 990 1991 1044 intelli-

417 1087 648 1156 gentiam
669 1085 831 1139 verba
859 1084 978 1150 Dei,
1004 1093 1240 1152 tempore
1270 1082 1529 1135 adventus
1555 1081 1754 1136 Christi
1792 1082 1993 1137 vixisse

419 1175 557 1229 forte
582 1173 949 1243 apui'lJudaaos
984 1174 1158 1228 adhuc
1197 1172 1411 1236 multos,
1433 1172 1520 1240 qui
1553 1171 1796 1226 neutrius
1819 1172 1992 1241 partis

422 1266 516 1320 toti
541 1276 716 1320 essent
736 1283 751 1331 ;
769 1267 857 1334 qui
883 1281 979 1320 nec
1009 1265 1276 1319 mandatis
1300 1262 1548 1318 Mosaicis
1575 1264 1784 1318 sincere
1813 1264 1994 1319 adhae-

421 1367 717 1420 rescerent,
735 1372 832 1411 nec
855 1374 882 1408 a
913 1357 1159 1411 sordibus
1192 1355 1526 1409 seductionis
1551 1354 1790 1424 perfecte
1811 1364 1992 1408 essent

403 1449 594 1513 (liberi,
615 1450 944 1520 respicerent
974 1457 1149 1502 autem
1185 1446 1353 1515 magis
1375 1447 1441 1499 ad
1473 1445 1601 1499 deos
1628 1443 1853 1508 alienos,
1871 1446 1992 1512 qui-

418 1543 522 1594 bus
551 1548 604 1594 et
645 1548 797 1594 cocta
835 1555 953 1593 cum
989 1538 1252 1600 vinaceis,
1293 1551 1384 1591 seu
1431 1537 1547 1588 uvis
1584 1536 1754 1604 passis
1798 1534 1991 1589 oﬂ‘ere-

412 1630 567 1694 bant,
604 1646 808 1700 popana
843 1632 1075 1684 fortasse
1109 1630 1290 1701 (genus
1328 1627 1584 1695 crustuh‘)
1602 1634 1693 1680 aut
1719 1626 1993 1695 placentas

2097 450 2190 502 καὶ
2226 451 2458 518 ἀγαθαῖς
2503 450 2682 503 ἐλπίσι
2734 453 3108 507 καταπιαίνων
3149 450 3208 507 εὖ
3255 454 3421 524 μάλα,
3452 455 3676 510 πίπτειν

2095 541 2193 592 οὐκ
2216 541 2281 611 ἐᾷ
2305 541 2440 611 πρὸς
2466 541 2922 610 ἀπόγνωσιν.”οτι
2955 545 3062 614 γὰρ
3089 546 3145 597 ὲν
3176 544 3385 608 τούτοις
3413 545 3532 598 ὅλον
3558 544 3676 598 ἐστὶ

2096 633 2154 684 τὸ
2189 634 2504 704 μυστήριον,
2532 633 2868 704 παρέδειξεν,
2897 633 3067 688 είπὼν
3119 635 3195 705 τῷ
3240 636 3492 706 προφήτῃ
3541 634 3676 698 Θεὸς

2095 721 2268 785 οὕτως
2293 739 2307 754 ·
2354 724 2666 793 Ἀγάπησον
2709 724 2808 795 τὴν
2841 725 3122 795 μοιχαλίδα
3147 725 3242 778 καὶ
3278 726 3578 793 ἀγαπῶσαν
3603 725 3675 778 τὰ

2096 815 2329 892 πονηρὰ,
2361 817 2544 879 καθὼς
2598 818 2784 890 ἀγαπᾷ
2826 819 2853 870 ὁ
2894 817 3026 881 Θεὸς
3066 818 3194 879 τοὺς
3242 817 3391 878 υίοὺς
3435 816 3669 888 Ἰσραήλ.

2096 909 2210 960 Καὶ
2253 909 2406 963 αὐτοὶ
2456 909 2823 962 ἀποϐλέπουσι
2866 911 3001 980 πρὸς
3035 908 3191 972 θεοὺς
3219 908 3552 982 ἀλλοτρίους,
3580 910 3675 961 καὶ

2095 997 2310 1066 φιλοῦσι
2358 998 2623 1068 πέμματα
2675 996 2814 1066 μετά
2863 996 3154 1066 σταφίδων.
3184 994 3684 1064 Καίτοιγάρ,φησὶ,

2095 1089 2188 1142 καὶ
2223 1086 2468 1141 ἀπειθεῖν
2505 1087 2813 1158 ἑλομένους,
2845 1087 2938 1140 καὶ
2974 1088 3086 1149 τοῖς
3127 1084 3496 1154 ψευδωνύμοις
3529 1081 3672 1144 θεοῖς

2095 1177 2463 1246 ἀπονέμοντας
2510 1177 2609 1246 τὴν
2660 1177 2954 1245 ἀγάπησιν,
2989 1176 3082 1228 καὶ
3109 1175 3293 1236 αὐτοῖς
3336 1173 3406 1226 τὰ
3449 1171 3668 1241 θυμήρη

2093 1267 2334 1338 πληροῦν
2364 1267 2665 1332 ἐθέλοντας,
2704 1265 2762 1330 ἐξ
2796 1267 3039 1336 ἐμφύτου
3069 1264 3433 1335 χρηστότητος
3479 1262 3672 1331 ἀγαπᾷ

2093 1360 2126 1411 όΔ
2149 1357 2388 1426 Θεὸς,ιὸς
2417 1358 2619 1420 πάντας
2650 1357 2967 1428 ἀνθρώπους
2994 1357 3134 1409 θέλει
3166 1355 3421 1424 σωθῆναι,
3453 1354 3545 1406 καὶ
3588 1353 3671 1414 είς

2093 1448 2386 1514 ἐπίγνωσιν
2419 1447 2673 1516 ἀληθείας
2704 1447 2897 1500 ἐλθεῖν.
2928 1465 2948 1497 ›
2982 1446 3174 1498 Δίδωσι
3221 1443 3278 1496 δέ
3325 1459 3444 1504 πως
3480 1442 3613 1510 ἡμῖν
3640 1441 3670 1492 ό

2093 1536 2184 1589 τοῦ
2229 1535 2363 1588 Θεοῦ
2405 1536 2561 1603 λόγος
2605 1537 2826 1599 ἐννοεῖν,
2852 1536 2932 1587 ὅτι
2962 1533 3102 1587 κατὰ
3130 1532 3220 1586 τὸν
3248 1531 3347 1600 τῆς
3377 1529 3669 1599 ἐπιδημίας

2093 1626 2286 1697 καιρὸν
2310 1621 2448 1696 ἦσάν
2475 1643 2576 1679 που
2607 1626 2748 1696 τάχα
2777 1625 2927 1695 παρά
2964 1624 3076 1686 τοῖς
3111 1621 3386 1682 Ἰουδαίοις
3417 1621 3666 1685 ἐπαμφο-

417 1719 830 1773 meilitas.Talia
856 1717 1116 1785 siquidem
1151 1726 1417 1784 pemmata
1445 1715 1776 1769 daamonibns
1808 1715 1859 1767 in
1895 1729 1981 1769 sa-

2095 1719 2384 1790 τερίζοντες
2414 1719 2494 1770 ἔτι
2526 1717 2728 1777 πολλοὶ,
2764 1717 2859 1767 καὶ
2895 1713 3018 1766 οὔτε
3053 1715 3164 1774 τοῖς
3196 1711 3284 1764 διὰ
3310 1709 3551 1767 Μωσέως
3584 1706 3669 1758 ὲν-

336 1795 350 1808 ’
415 1811 678 1864 oriﬁcium
714 1808 908 1862 oﬂ‘erre
937 1817 1350 1862 consueverant.

2092 1807 2330 1876 τάλμασι
2355 1805 2733 1875 προσκείμενοι
2784 1801 3071 1872 καθαρῶςο
3108 1798 3231 1852 οὔτε
3282 1797 3389 1868 μὴν
3437 1793 3660 1847 είσάπαι

411 1900 818 1971 ἀπηλλαγμένοι
855 1899 960 1952 τῶν
1004 1901 1103 1968 τῆς
1147 1899 1464 1968 πλανήσεως
1515 1897 1728 1969 ρύπων,
1756 1898 2155 1964 ἀποϐλέποντες
2192 1900 2249 1952 δὲ
2294 1898 2492 1968 μᾶλλον
2551 1898 2646 1951 καὶ
2713 1897 2792 1960 είς
2823 1896 2976 1958 θεοὺς
3038 1892 3366 1962 ἀλλοτρίους,
3443 1884 3524 1951 οἷς
3568 1883 3667 1939 καὶ

413 1990 678 2061 πέμματα
696 1990 966 2060 προσῆγον
990 1986 1126 2056 μετὰ
1145 1987 1436 2053 σταφίδων,
1461 1987 1684 2041 πόπανά
1703 2005 1807 2041 που
1833 1988 1994 2059 τάχα,
2034 1989 2129 2042 καὶ
2179 1989 2549 2060 μελιττούτας.
2617 1985 3022 2059 Προσεκόμιξον
3056 1985 3164 2054 γὰρ
3210 1985 3290 2046 εἰς
3329 1980 3518 2034 Θυσίαν
3556 1981 3670 2041 τοῖς

411 2083 629 2151 δαίμοσι
660 2080 730 2133 τὰ
761 2079 937 2133 τοιάδε
965 2077 1253 2148 πέμματα.

488 2173 646 2227 \‘Ens.
672 2172 794 2224 2-4.
833 2168 895 2222 Et
924 2171 1152 2223 conduai
1175 2186 1287 2223 eam
1319 2171 1445 2223 mihi
1467 2173 1764 2241 quindecim
1794 2189 1982 2243 argen—

415 2263 598 2326 teis,et
635 2277 815 2330 gomor
847 2260 1048 2320 hordei,
1080 2270 1127 2312 et
1169 2259 1313 2312 nebel
1349 2261 1474 2325 uini,
1510 2270 1557 2314 et
1586 2263 1699 2314 dixi
1723 2261 1790 2314 ad
1825 2277 1938 2315 eam
1964 2280 1983 2318 :

417 2353 538 2406 Dies
569 2352 756 2404 multos
781 2351 978 2403 sedebis
1022 2351 1159 2418 apud
1192 2366 1306 2413 me;
1338 2369 1436 2404 non
1493 2355 1855 2420 fornicaberis,
1889 2368 1984 2407 ne-

413 2457 512 2511 que
537 2443 638 2494 eris
671 2443 778 2494 viro
803 2440 978 2505 alteri,
1005 2449 1055 2494 et
1081 2457 1174 2510 ego
1209 2442 1348 2494 auud
1381 2450 1450 2495 te.

378 2608 394 2623 °
488 2615 724 2671 XXXIII.
784 2615 1027 2671 Mercede
1093 2617 1259 2686 igitur
1321 2617 1689 2674 mulierculam
1733 2624 1988 2679 conducit

414 2710 692 2780 propheta.
716 2708 952 2762 Collocat
981 2717 1162 2763 autem
1187 2709 1560 2776 domi,eteam
1589 2728 1618 2764 a
1658 2715 1898 2782 nequitia
1929 2729 1987 2770 se

415 2800 689 2864 cohibere,
721 2799 1078 2867 adulteriique
1132 2801 1466 2856 lteditatibus
1506 2802 1668 2857 ﬁnem
1713 2804 1988 2874 imponere

412 2888 582 2958 jubet.
617 2887 908 2942 Pollicetur
939 2903 1086 2951 vero,
1122 2889 1166 2940 si
1194 2891 1260 2941 ad
1308 2889 1480 2957 ipsum
1518 2891 1688 2944 solum
1727 2908 1989 2948 conversa

419 2979 487 3032 ab
516 2977 618 3030 alio
655 2978 910 3031 intactam
948 2991 1067 3030 sese
1089 2982 1508 3043 conservaverit,
1545 2982 1685 3050 apud
1736 2983 1905 3051 ipsam
1937 2995 1990 3040 et

419 3076 477 3116 se
501 3062 761 3124 futurum,
807 3060 912 3114 hoc
942 3071 1050 3127 est,
1071 3063 1136 3114 ad
1167 3062 1379 3116 thcrum
1426 3063 1757 3133 coniugalem
1783 3068 1990 3122 adhibi-

421 3161 620 3217 turum,
653 3162 704 3206 et
753 3166 921 3206 unum
983 3167 1103 3205 cum
1163 3152 1277 3219 ipsa
1327 3152 1587 3209 futurum.
1632 3154 1807 3223 luquit
1845 3159 1987 3212 enim

420 3243 695 3312 Scriptura
719 3260 731 3295 :
767 3260 786 3292 ι
818 3243 978 3296 Erunt
1005 3243 1055 3296 hi
1083 3244 1192 3296 duo
1217 3243 1269 3295 in
1287 3257 1447 3297 carne
1475 3261 1577 3297 una
1605 3246 1668 3299 ⁶¹.
1702 3265 1720 3296 ι
1750 3247 1993 3312 Quidau-

421 3343 526 3387 lem
552 3334 664 3388 vult
688 3333 949 3402 aanigma?
977 3332 1280 3388 Iudaeorum
1308 3337 1518 3388 turbam
1558 3337 1908 3404 incredulam,
1937 3350 1991 3394 et

419 3423 630 3481 Domini
680 3425 1072 3489 mactatricem,
1115 3425 1412 3479 adulteram
1465 3438 1516 3479 et
1558 3427 1820 3496 impuram
1872 3440 1986 3498 post

419 3514 619 3570 Christi
672 3513 724 3566 iu
785 3513 951 3567 ccclos
999 3515 1227 3566 reditum
1271 3519 1458 3570 sedere
1503 3517 1676 3586 jubet,
1722 3520 1839 3574 sine
1876 3523 1990 3575 viro

419 3605 672 3674 quidem;
711 3613 1085 3656 verumtamen
1138 3606 1238 3658 nisi
1288 3607 1463 3660 adhuc
1495 3610 1760 3663 fornicata
1806 3609 1987 3677 fuerit,

418 3695 523 3749 hoc
559 3703 662 3757 est,
685 3695 730 3746 si
766 3693 895 3748 deos
922 3694 1124 3748 alienos
1151 3712 1358 3750 rursum
1383 3701 1558 3752 colere
1591 3701 1988 3765 detrectaverit,

418 3787 520 3839 sibi
539 3801 655 3838 eam
683 3800 780 3838 suo
805 3795 1042 3854 tempore
1064 3787 1434 3854 copulaturuni
1458 3792 1990 3862 promittit,gentinm

417 3877 668 3930 videlicet
701 3876 1038 3931 multitudine
1068 3880 1216 3947 prius
1241 3878 1733 3948 ingressa.Positus
1751 3887 1989 3939 estenim

419 3980 450 4019 a
486 3975 632 4034 tergo
657 3965 842 4030 Israel,
873 3967 927 4020 id
964 3977 1064 4033 est,
1098 3969 1311 4038 sequela
1343 3973 1604 4038 quaedam,
1627 3983 1680 4026 et
1703 3977 1986 4044 appendix.

413 4068 472 4113 et
499 4059 552 4112 in
589 4060 897 4128 postremis.
929 4060 1163 4115 Observa
1213 4061 1360 4128 item,
1387 4080 1492 4133 quo
1536 4075 1693 4135 pacto
1740 4070 1992 4137 nuptialis

2160 2171 2270 2224 Καὶ
2316 2171 2768 2240 ἐμισθευσάμην
2815 2168 3048 2241 ἐμαυτῷ
3104 2165 3529 2221 πεντεκαίδεκα
3566 2168 3670 2236 ἀρ·

2089 2261 2356 2331 γυρίους,
2418 2260 2515 2313 καὶ
2574 2261 2754 2331 γομὸρ
2809 2258 3043 2328 κριθῶν,
3083 2258 3183 2311 καί
3239 2255 3413 2309 νέϐελ
3468 2257 3667 2318 οἴνου.

2089 2347 2353 2404 καίεῖπα
2397 2352 2544 2418 πρὸς
2577 2351 2792 2416 αὑτήν
2850 2349 3094 2418 Ἡμέρας
3155 2346 3387 2412 πολλὰς
3433 2346 3668 2414 καθήσῃ

2087 2439 2184 2491 ἐπ’
2240 2439 2401 2508 ἐμοί’
2439 2439 2537 2490 καὶ
2570 2443 2641 2492 οὐ
2669 2438 2754 2508 μὴ
2807 2439 3169 2506 πορνεύσῃς,
3230 2435 3373 2491 οὐδὲ
3399 2436 3480 2504 μὴ
3523 2435 3668 2506 γένῃ

2089 2529 2263 2598 ἀνδρὶ
2288 2529 2486 2598 ἑτέρῳ,
2526 2529 2622 2582 καὶ
2651 2529 2765 2598 ἐγὼ
2798 2525 2895 2582 ἐπὶ
2923 2529 3043 2582 σοι.

2161 2623 2281 2674 AI".
2333 2620 2783 2690 Καταμισθοῦται
2843 2618 2941 2690 μὲν
2989 2615 3082 2672 οὖν
3116 2619 3178 2672 τὸ
3221 2618 3440 2687 γύναιον
3467 2618 3496 2670 ό
3532 2634 3670 2687 προ-

2094 2713 2290 2782 φήτης,
2324 2709 2538 2771 καθίζει
2565 2709 2620 2761 δὲ
2641 2707 2801 2770 οἴκοι,
2827 2708 2918 2760 καὶ
2967 2708 3068 2776 τῆς
3101 2709 3156 2760 ὲν
3187 2706 3300 2761 ἔσει
3341 2705 3672 2775 φαυλότητος

2095 2802 2429 2872 ἀποσχέσθαι
2485 2802 2720 2862 κελεύει,
2751 2802 2843 2853 καὶ
2869 2800 2974 2853 τῶν
3008 2801 3106 2869 τῆς
3161 2799 3406 2869 μοιχείας
3434 2797 3673 2867 καταλῆ-

2093 2897 2178 2962 ξαι
2199 2895 2508 2965 μολυσμῶν.
2546 2892 2971 2960 Ἐπαγγέλῖλεταί
2994 2909 3054 2960 γε
3087 2893 3190 2962 μὴν
3222 2891 3673 2960 σωφῳνεῖνῂρη-

2094 2987 2253 3056 μένῃ,
2306 2985 2400 3038 καὶ
2423 2986 2503 3047 είς
2531 2984 2690 3036 αὑτὸν
2719 2982 2900 3053 ὁρώσῃ
2930 2983 3088 3053 μόνον
3121 2984 3208 3034 ἐπ’
3231 2983 3366 3051 αὐτῇ
3403 2983 3494 3033 καὶ
3512 2980 3674 3036 αὐτὸς

2092 3076 2326 3129 ἔσεσθαι.
2376 3075 2684 3138 Τουτέστιν,
2737 3073 3120 3126 οἰκειώσασθαι
3163 3071 3431 3142 γαμικῶς,
3469 3070 3560 3123 καὶ
3612 3069 3672 3122 ἒν

2093 3165 2310 3219 ἔσεσθαι
2340 3166 2475 3234 πρὸς
2500 3165 2688 3234 αὐτηνο
2721 3184 2738 3215 ι
2757 3163 3011 3216 Ἔσονται
3035 3165 3162 3234 γὰρ,
3205 3163 3389 3232 φησιν,
3407 3163 3455 3215 οί
3481 3162 3571 3214 δύο
3593 3163 3674 3224 εἰς

2095 3256 2271 3323 σάρκα
2317 3256 2500 3324 μίαν.»
2533 3256 2643 3307 Καὶ
2671 3253 2723 3306 τί
2749 3254 2808 3306 τὸ
2836 3256 3098 3324 αίνιγμα;
3126 3253 3234 3323 Τὴν
3255 3253 3361 3306 τῶν
3401 3253 3672 3306 Ἰουδαίων

2094 3347 2323 3416 πληθὺν,
2355 3346 2453 3416 τὴν
2481 3345 2683 3415 ἀπειθῆ
2712 3346 2806 3398 καὶ
2846 3345 3230 3415 Κυριοκτόνον,
3253 3345 3350 3414 τὴν
3391 3345 3672 3414 μοιχαλίδα

2093 3438 2184 3490 καὶ
2217 3437 2438 3506 βέϐηλον
2492 3436 2629 3506 μετά
2674 3437 2736 3489 τὸ
2767 3437 3123 3506 ἀναφοιτῆσαι
3171 3436 3402 3507 Χριστὸν
3435 3439 3513 3498 εἰς
3547 3438 3674 3499 τοὺς

2092 3528 2410 3599 ἀνθρώπους
2439 3529 2650 3592 καθίζει
2685 3529 2837 3591 Θεὸς,
2882 3529 3137 3598 ἄνανδρον
3168 3530 3295 3598 μέν’
3339 3529 3475 3599 πλὴν
3507 3531 3554 3581 εί
3595 3529 3672 3599 μὴ

2095 3620 2441 3690 πορνεύσειεν
2462 3618 2565 3682 ἔτι,
2597 3620 2894 3682 τουτέστιν,
2927 3621 2974 3672 εί
3001 3619 3076 3689 μὴ
3103 3619 3307 3687 βαδίζοι
3333 3619 3493 3672 πάλιν
3531 3619 3670 3688 πρὸς

2092 3711 2150 3764 τὸ
2170 3712 2279 3764 δεῖν
2312 3711 2525 3764 ἑλέσθαι
2556 3712 2720 3780 τιμᾷν
2749 3711 2902 3773 θεοὺς
2936 3710 3247 3780 ἀλλοτρίους
3269 3750 3281 3771 ,
3320 3709 3498 3779 ἐαυτῷ
3547 3725 3671 3760 συν-

2093 3803 2248 3872 άψειν
2273 3803 2414 3856 κατὰ
2443 3803 2668 3873 καιροὺς
2689 3803 3103 3870 ἐπαγγέλλεται,
3136 3803 3233 3871 τῆς
3254 3800 3360 3854 τῶν
3388 3799 3553 3853 ἐθνῶν
3576 3799 3671 3870 δη-

2093 3890 2265 3944 λονότι
2305 3891 2542 3963 πληθύος
2583 3893 3126 3964 προεισκεκριμένης.
3171 3891 3420 3951 Τέθειντο
3450 3890 3557 3961 γὰρ
3589 3892 3668 3954 είς

2093 3983 2259 4036 νῶτον
2307 3985 2356 4036 οἱ
2385 3983 2444 4047 ἐξ
2479 3985 2723 4054 Ἰσραὴλ,
2776 3985 3040 4048 τουτέστι,
3073 3982 3536 4056 παρακολούθημα
3575 3981 3669 4033 καὶ

2093 4075 2265 4126 ὀπίσω
2294 4075 2384 4127 καὶ
2411 4077 2467 4127 ἐν
2486 4078 2596 4138 τοῖς
2614 4077 2881 4145 ἐσχάτοις.
2901 4076 3090 4144 Ἐπιτή
3102 4092 3180 4144 ρει
3195 4075 3270 4138 δὲ,
3288 4074 3434 4134 ὅπως
3453 4071 3667 4134 σύνοδος

417 4164 703 4218 corporum
731 4152 1039 4219 conjunctio
1071 4155 1342 4222 propheta:
1373 4171 1493 4210 cum
1543 4159 1783 4214 adultera
1808 4171 1861 4214 et
1891 4165 1988 4214 im-

2099 4167 2195 4234 μὲν
2209 4167 2422 4242 γαμικὴ
2444 4165 2521 4234 τῷ
2541 4167 2792 4235 προφήτῃ
2817 4166 2952 4234 πρὸς
2965 4165 3062 4234 τὴν
3080 4163 3361 4234 μοιχαλίδα
3394 4162 3486 4215 καὶ
3503 4179 3667 4231 πονη-

415 4241 583 4309 proba
616 4241 755 4294 nulla
799 4243 954 4309 plane
1003 4242 1206 4309 fuerit;
1239 4249 1500 4313 promissa
1533 4265 1660 4304 vero
1703 4259 1821 4320 post
1873 4253 1986 4308 dies

417 4331 635 4394 multos,
672 4333 770 4386 nisi
805 4333 1007 4387 interea
1051 4335 1240 4389 fuisset
1269 4353 1388 4390 cum
1428 4341 1545 4393 viro
1574 4357 1758 4394 rursus
1791 4344 1981 4409 altero,

417 4421 519 4477 hoc
548 4430 650 4487 est,
681 4437 739 4475 se
765 4422 815 4475 in
846 4424 1144 4478 sceleribus
1173 4434 1226 4479 et
1256 4427 1650 4494 impuritatibus
1677 4430 1974 4487 fornicatio-

2096 4255 2196 4326 ράν
2233 4256 2294 4308 οὐ
2346 4255 2567 4323 γέγονεν
2600 4256 2757 4320 ὅλως,
2794 4256 3086 4326 ὑπόσχεσις
3117 4257 3172 4309 δὲ
3218 4255 3312 4309 τοῦ
3344 4256 3666 4325 πράγματος

2093 4349 2230 4416 μετά
2265 4345 2464 4409 πολλὰς
2491 4346 2724 4417 ἡμέρας,
2761 4349 2809 4401 εί
2843 4347 2918 4417 μὴ
2952 4347 3106 4418 ἀνδρὶ
3134 4347 3340 4416 γένοιτο
3371 4346 3530 4400 πάλιν
3560 4344 3668 4397 ἐτέ-

2069 4453 2187 4507 -ρῳ,
2213 4437 2509 4503 τουτέστιν,
2533 4439 2580 4489 εἱ
2603 4438 2891 4507 ἀπόσχοιτο
2920 4437 3025 4490 τῶν
3059 4439 3156 4508 τῆς
3185 4438 3380 4508 νοητῆς
3411 4435 3666 4505 πορνείας

417 4511 502 4565 nis
538 4513 730 4565 animae
761 4523 1082 4580 perpetratae
1113 4529 1217 4568 non
1245 4517 1687 4572 contaminasset.
1721 4519 1987 4590 Suscipiet

2095 4526 2444 4596 ἐγκλημάτων
2509 4527 2602 4579 καὶ
2665 4527 2973 4596 μολυσμῶν.
3022 4527 3332 4592 Εἰσδέξεται
3391 4523 3530 4594 γὰρ,
3591 4521 3665 4584 ὼς

416 4603 583 4665 enim,
621 4613 679 4654 ut
717 4604 865 4667 dixi,
909 4605 1195 4672 aliquando
1240 4608 1538 4661 adulteram
1589 4611 1997 4668 multitudinem‘

419 4708 647 4760 sponsus
680 4695 746 4746 de
785 4693 941 4759 caelo,
969 4695 1011 4747 si
1048 4695 1184 4749 idola
1224 4697 1405 4750 colere
1436 4701 1674 4753 desierit.
1705 4702 1828 4757 Post
1859 4721 1984 4759 cru-

421 4799 538 4838 cem
587 4787 727 4839 enim
784 4785 1080 4842 Salvatoris
1123 4789 1466 4860 solis-Moysi
1520 4792 1726 4862 legibus
1778 4797 1988 4853 deditus

421 4884 540 4925 erat
565 4873 725 4929 lsrael
751 4894 766 4942 ;
802 4875 1020 4932 Ilaccide
1047 4880 1257 4948 quidem
1289 4891 1343 4934 et
1372 4883 1737 4952 negligenter;
1769 4902 1986 4940 verum-

420 4971 602 5016 tamen
629 4965 692 5018 ad
725 4969 1112 5033 pseudolatrias
1153 4971 1450 5026 daemonum
1485 4973 1766 5030 deﬂectere
1793 4992 1896 5030 non
1925 4979 1984 5030 li-

422 5054 600 5106 bebat.
634 5055 897 5110 Caeterum
941 5075 1061 5126 quae
1115 5063 1250 5115 ratio
1297 5065 1420 5117 vitae
1461 5065 1722 5119 adulterio
1749 5067 1980 5134 pollutae,

417 5144 528 5212 60
557 5155 608 5197 et
645 5146 916 5212 prophetae
941 5153 1382 5206 consuetudinem
1420 5164 1660 5223 tempore
1700 5172 1797 5210 suo
1839 5159 1982 5210 lutu-

422 5250 535 5287 rain
565 5238 936 5302 exspectanti?
965 5247 1052 5292 aut
1095 5256 1212 5309 qum
1239 5241 1474 5306 fuerunt,
1501 5247 1695 5314 quibus
1723 5249 1983 5302 conducta

419 5334 523 5388 est,
553 5326 865 5379 mercedes?
901 5327 1264 5393 «Quindecim,
1305 5333 1502 5401 inquit,
1525 5339 1784 5405 argentei,
1815 5347 1866 5392 et
1888 5353 1984 5405 go-

402 5430 540 5488 .inor
573 5417 777 5482 hordei,
801 5428 854 5472 et
895 5420 1046 5479 nebcl
1079 5423 1203 5476 viui.
1247 5443 1265 5475 ο
1301 5423 1690 5481 Pcrsevcrabat
1721 5431 1862 5484 enim
1907 5431 1982 5484 ls-

488 5588 536 5624 ⁶⁰
566 5588 583 5641 1
611 5589 747 5645 Tim.
783 5608 839 5657 Il,
879 5593 930 5649 4.
1010 5596 1048 5625 ⁶¹
1089 5595 1222 5648 Gen.
1258 5611 1316 5654 Il,
1344 5598 1430 5651 ‘25.

2086 4616 2244 4686 ἔφην,
2281 4618 2422 4671 κατά
2451 4620 2676 4688 καιροὺς
2701 4619 2798 4688 τὴν
2827 4620 3108 4689 μοιχαλίδα
3154 4619 3362 4689 πληθὺν
3414 4615 3472 4680 ἐξ
3501 4616 3664 4682 οὖρα-

2088 4707 2178 4759 νοῦ
2209 4707 2458 4776 νυμφίος,
2487 4709 2547 4760 οὐ
2567 4709 2943 4779 λατρεύσασαν
2975 4710 3231 4772 εἰδώλοις.
3265 4707 3415 4762 Μετά
3440 4708 3546 4776 γάρ
3581 4722 3664 4757 τοι

2085 4798 2174 4850 τὸν
2209 4799 2303 4851 τοῦ
2338 4800 2589 4870 Σωτῆρος
2621 4802 2850 4872 σταυρὸν
2873 4841 2886 4865 ,
2940 4803 3118 4873 μόνοις
3155 4805 3267 4864 τοῖς
3292 4799 3377 4853 διά
3426 4796 3667 4859 Μωσέως

2087 4891 2481 4961 προσκείμενος
2517 4891 2702 4962 νόμοις
2767 4897 2795 4946 ό
2864 4895 3099 4966 Ἰσραὴλ,
3143 4893 3356 4962 σαθρῶς
3403 4891 3500 4958 μὲν
3558 4887 3666 4955 γὰρ

2088 4979 2205 5032 λίαν
2240 4980 2333 5033 καὶ
2390 4981 2874 5053 κατημελημένως,
2906 4984 3044 5053 πλὴν
3073 4983 3172 5034 οὐκ
3204 4979 3562 5034 ἀπονένευκεν
3587 4977 3667 5038 εἰς

2091 5072 2152 5122 τὸ
2176 5070 2387 5124 ἑλέσθαι
2416 5075 2581 5143 τιμᾷν
2607 5075 2705 5137 τὰς
2737 5076 2845 5126 τῶν
2886 5073 3176 5142 δαιμονίων
3225 5067 3665 5138 ψευδολατρείας.

2105 5162 2264 5216 Ἀλλά
2295 5165 2377 5226 τίς
2408 5166 2436 5216 ὁ
2481 5166 2678 5235 τρόπος
2712 5166 2809 5234 τῆς
2834 5165 2978 5229 ζωῆς
3006 5166 3071 5233 τῇ
3118 5159 3526 5232 μεμοιχευμένῃ
3575 5159 3669 5210 xa‘t

2095 5255 2459 5326 περιμενούσῃ
2502 5256 2641 5308 κατὰ
2679 5256 2904 5325 καιροὺς
2941 5255 3056 5326 τοῦέ
3089 5255 3369 5324 προφήτου
3411 5252 3510 5322 τὴν
3556 5268 3668 5304 κοι-

2094 5345 2325 5412 νωνίαν;
2357 5347 2389 5416 ἢ
2420 5349 2547 5400 ποῖα
2591 5348 2812 5416 γέγονεν
2840 5347 2976 5417 αὑτῇ
3016 5349 3083 5400 τά
3127 5343 3454 5415 μισθώματα
3476 5343 3669 5410 ;‹Ιῐεν-

2093 5434 2402 5501 τεκαίδεκα,
2449 5440 2634 5508 φησιν,
2676 5435 2933 5507 ἀργύρια,
2965 5438 3057 5490 καὶ
3094 5436 3270 5507 γόμορ
3299 5434 3525 5505 κριθῶν,
3572 5429 3669 5485 καὶ
