4002 6220
290 419 385 476 ΜΕ

1211 421 1754 482 COMMENTARIUS
1795 428 1859 482 1N
1900 430 2133 488 OSEAM
2175 435 2626 494 PROPHETAM.

3440 456 3542 511 106

290 536 435 586 νέὅε).
461 531 632 584 οἴνου.
671 551 689 581 ι
719 533 1066 587 Διατετέλεκε
1097 535 1204 606 γὰρ
1236 539 1263 589 6
1298 537 1513 609 Ἰσραὴλ
1544 542 1632 593 τὸν
1667 545 1833 611 μεταξ

321 626 339 634 -
526 621 855 640 ρ-ηριῃο
927 623 981 640 κ.
1245 625 1256 639 .
1546 629 1555 640 .
1829 633 1835 640 ,

1937 595 1939 605 λ
1972 547 2081 602 rael
2107 565 2274 618 usque
2297 554 2361 606 ad
2387 564 2688 609 extremum
2713 565 2925 626 tempus
2955 563 3249 620 vocationis
3267 583 3376 625 suae
3396 580 3541 640 pasci

292 626 377 693 τῆς
413 623 657 690 ἐσχάτης
687 621 859 673 αὑτοῦ
891 623 1133 692 κλήσεως
1160 625 1368 694 χρόνον,
1404 628 1647 698 ἁδοκίμῳ
1675 633 1864 700 τρεφό-

290 730 442 784 μενος
486 711 655 781 λόγῳ,
701 713 799 764 καὶ⁵
847 712 1216 778 διδασκαλίαις
1249 718 1531 787 προσέχων
1561 723 1679 783 ταῖς
1705 723 1863 791 μυθι-

290 807 403 866 καίς
452 806 551 855 καὶ
585 803 996 874 γραοπρεπέσιν
1031 807 1110 875 (1)
1150 806 1364 876 ἀληθῶς
1411 811 1531 872 ταῖς
1568 811 1675 862 τῶν
1721 812 1865 876 ἰδίως

289 895 632 965 καθηγητῶν.
662 895 860 962 Γέγονε
885 895 939 948 δὲ
964 897 1111 967 αῦτῷ
1140 901 1518 971 κτηνοπρεπὴς
1537 903 1571 952 6
1603 902 1734 970 βίος,
1771 905 1864 956 καὶ

287 988 470 1050 ὁνοῦς
509 989 568 1039 ἐν
604 985 744 1056 μέθη
801 986 895 1038 καὶ
949 987 1142 1058 σκότῳ.
1183 989 1363 1053 Τύπος
1407 990 1452 1043 δ’
1505 991 1572 1044 ἂν
1623 992 1707 1062 είη
1767 994 1863 1046 καὶ

289 1079 428 1148 μάλα
466 1077 679 1147 σαφὴς,
719 1076 878 1144 λόγου
932 1078 1029 1146 μὲν
1054 1079 1436 1133 διδασκαλικοῦ
1469 1081 1529 1134 τὸ
1567 1083 1858 1153 ἀργύριον,

287 1173 422 1226 κατά
453 1190 517 1241 γε
550 1162 719 1225 τὸνδιὰ
750 1173 850 1241 τῆς
877 1172 1100 1225 Ἡσαΐου
1133 1175 1314 1244 φωνῆς
1336 1175 1472 1245 πρὸς
1493 1177 1688 1238 αὐτοὺς
1714 1178 1860 1248 είρηο

288 1265 466 1332 μένονο
491 1281 509 1314 ι
523 1263 595 1315 T6
613 1260 876 1332 ἀργύριον
893 1261 1044 1330 ὑμῶν
1060 1263 1342 1332 ἀδόκιμον,
1359 1265 1478 1317 »καὶ
1495 1265 1636 1318 κατὰ
1651 1266 1747 1336 τὴν
1763 1265 1857 1319 τοῦ

283 1353 537 1423 Σωτῆρος
575 1350 778 1421 φωνὴν,
823 1350 903 1421 τῷ
943 1351 1161 1423 ποντιρῴ
1185 1355 1276 1406 καὶ
1319 1353 1536 1426 ὀκνηρῷ
1565 1355 1737 1426 δούλῳ
1777 1357 1857 1410 δι-

284 1445 448 1507 καίως
470 1442 837 1513 ἐπιτιμῶντος
880 1443 972 1495 καὶ
1001 1443 1303 1511 λέγοντος·ι
1332 1445 1478 1499 Ἔδει
1505 1464 1564 1500 σε
1593 1448 1775 1518 βαλεῖν
1797 1449 1858 1501 τὸ

281 1536 543 1607 ἀργύριόν
578 1552 678 1603 μου
711 1536 825 1597 τοῖς
859 1536 1233 1604 τραπεζίταις.
1270 1555 1288 1589 ι
1321 1539 1530 1592 Οὐκοῦν
1581 1541 1644 1593 τὸ
1683 1541 1856 1612 ἀργύ-

283 1646 414 1698 ριον,
434 1628 494 1680 τὸ
521 1628 634 1679 τῶν
657 1626 1014 1680 διδασκόντων
1043 1626 1233 1698 ἐκδέξῃ
1258 1627 1433 1697 λόγον.

350 1721 412 1771 Εἰ
437 1720 494 1771 δὲ
526 1719 589 1788 δή
615 1734 700 1780 τις
724 1717 898 1769 ἐλοιτο
928 1716 1023 1768 καὶ
1060 1717 1139 1780 είς
1178 1718 1342 1772 αὑτὸν
1366 1719 1457 1772 τὸν
1488 1720 1576 1773 διὰ
1607 1722 1855 1786 Μωσέως

281 1811 512 1863 ἀνοίσειν
538 1809 722 1878 νόμον,
753 1808 1146 1862 πεντεκαίδεκα
1187 1804 1326 1863 εἶναι
1366 1812 1548 1881 φήσει,
1581 1811 1614 1883 ἢ
1650 1813 1730 1866 ὅτι
1765 1814 1854 1866 τέ-

1964 653 2027 692 ac
2051 642 2241 693 nutriri
2275 643 2593 700 adulterinis
2624 649 2983 716 sermonibus,
3021 661 3076 706 et
3111 658 3390 714 attendere
3447 662 3542 715 du-

1963 730 2153 784 ctrinis
2183 730 2440 788 fabulosis
2483 745 2538 788 et
2581 751 2706 792 vere
2749 740 2980 796 anilibus
3002 747 3384 813 magistrorum
3415 767 3542 808 suo-

1963 837 2102 874 rum.
2129 819 2246 875 Vita
2289 833 2466 879 autem
2501 826 2604 879 fuit
2639 829 2685 881 ei
2727 830 3020 886 bestiarum
3069 837 3189 891 vita:
3231 841 3445 908 similis,
3487 857 3542 901 et

1963 927 2113 966 mens
2142 915 2289 968 ebria
2337 932 2403 970 ac
2453 921 2690 974 tenebris
2723 921 2914 981 offusa.
2950 925 3180 986 Evidens
3215 942 3371 1004 typus
3416 952 3540 992 esse

1962 1010 2433 1069 potest,sermonis
2463 1009 2676 1076 quidem
2712 1013 3042 1071 iustituentis
3073 1027 3536 1093 argentunqjux'a

1960 1090 2109 1156 illud,
2135 1095 2276 1161 quod
2315 1097 2382 1149 ab
2417 1096 2553 1151 Isaia
2582 1100 2648 1153 ad
2673 1116 2767 1156 eos
2796 1102 2995 1158 dictum
3026 1118 3142 1164 est:
3185 1130 3202 1162 ι
3233 1090 3531 1183 Argentum

1961 1195 2198 1239 vestrum
2229 1192 2515 1257 reprobum
2543 1191 2585 1222 ⁶²
2613 1208 2661 1258 ς»
2698 1204 2750 1248 et
2779 1196 2932 1264 juxta
2966 1200 3183 1256 verbum
3217 1202 3532 1274 Salvatoris,

1967 1289 2183 1329 servum
2219 1294 2445 1347 nequam
2488 1290 2541 1335 et
2574 1283 2781 1352 pigrqu
2813 1287 2960 1356 juste
3003 1290 3327 1361 increpantis
3358 1313 3428 1352 ae
3454 1301 3533 1353 di-

1959 1363 2162 1419 centis:
2199 1385 2217 1416 ι
2244 1366 2492 1436 Oportuit
2541 1381 2591 1424 te
2641 1377 2979 1433 committere
3017 1391 3294 1449 argentum
3348 1402 3524 1443 meum

1960 1457 2335 1514 nttmmulariis
2361 1459 2428 1515 ⁸³.
2460 1479 2479 1512 ι
2523 1461 2707 1533 Itaque
2731 1470 2939 1537 argenti
2977 1477 3194 1528 nomine
3222 1490 3527 1533 sermonem

1961 1547 2266 1604 docentium
2301 1553 2539 1622 accipies
2564 1606 2578 1616 ,

2033 1722 2179 1788 Quod
2199 1725 2240 1779 si
2266 1727 2348 1779 cui
2374 1726 2632 1796 placuerit
2648 1731 2831 1797 etiam,
2847 1735 2914 1788 ad
2935 1735 3102 1804 ipsam
3129 1739 3326 1812 Moysis
3352 1743 3520 1814 legem

1959 1810 2182 1877 referre,
2217 1815 2520 1881 quindecim
2575 1828 2856 1888 argenteos
2897 1837 3016 1879 esse
3065 1810 3230 1894 (licet,
3264 1843 3355 1886 aut
3397 1810 3519 1902 quia

280 1901 415 1963 λειός
443 1919 502 1953 τε
541 1899 674 1970 ὁμοῦ
720 1900 815 1952 καὶ
852 1897 1046 1968 ἀτελὴς
1074 1900 1102 1952 6
1134 1899 1314 1969 νόμος.
1353 1902 1465 1955 Καὶ
1498 1903 1698 1966 τέλειος
1729 1904 1835 1974 μὲντ

1952 1898 2187 1968 perfecta
2237 1903 2395 1957 simul
2440 1914 2494 1960 et
2544 1906 2854 1978 imperfecta
2901 1924 2986 1968 est
3033 1913 3156 1972 lex:
3189 1889 3242 1971 et
3285 1889 3518 1988 perfecta

275 1996 322 2044 εί
345 1993 522 2043 νοοῖτο
559 1987 941 2058 πνευματικῶς
984 1989 1158 2056 (λαλεῖ
1190 1989 1298 2061 γὰρ
1326 1993 1460 2062 ἡμῖν
1487 1993 1581 2045 τοῦ
1613 1992 1851 2064 Χριστοῦ

276 2081 596 2152 μυστήριον)
614 2098 627 2112 ·
662 2080 858 2152 ἀτελὴς
877 2081 933 2133 δὲ
958 2077 1047 2146 αὖ,
1075 2083 1122 2133 εί
1145 2081 1337 2152 μέχρις
1363 2082 1431 2136 τοι
1462 2082 1556 2136 τοῦ
1590 2086 1851 2155 γράμμα-

269 2192 359 2235 τος
382 2173 494 2225 τῶν
528 2171 1059 2241 παιδαγωγουμένων
1082 2173 1110 2224 ὁ
1141 2171 1283 2236 νοῦς.
1314 2173 1488 2225 Οἱονεὶ
1511 2174 1619 2246 γάρ
1653 2193 1768 2239 πως
1793 2177 1849 2229 ἐν

269 2265 456 2334 ἡμίσει
495 2263 753 2331 γνώσεως
785 2264 881 2332 τῆς
911 2263 1150 2333 ἱστορίας
1180 2263 1242 2316 τὸ
1272 2265 1770 2347 πάχοςηΣύμσολον
1792 2266 1848 2319 δὲ

266 2357 604 2425 τελειότητος
650 2358 677 2408 6
725 2355 857 2409 δέκα
902 2355 1050 2408 ἐστὶν
1083 2355 1346 2427 ἀριθμὸς,
1384 2357 1693 2421 παντέλειος
1729 2358 1804 2412 ὢν
1827 2398 1843 2423 ,

268 2447 408 2500 γατᾶ
425 2448 508 2509 τὸ,
528 2464 547 2497 ι
571 2446 703 2498 Ἐσο
719 2446 903 2499 ἐπάνω
922 2446 1050 2500 δέκα
1080 2446 1285 2500 πόλεων
1302 2461 1317 2476 ⁸
1331 2465 1350 2499 ι
1375 2448 1467 2500 καὶ
1487 2448 1571 2513 τὸ,
1593 2466 1613 2500 ι
1634 2449 1722 2520 Τῷ
1747 2449 1844 2519 μὲν

267 2539 434 2590 ἔδωκε
487 2536 652 2591 πέντε
683 2537 940 2591 τάλαντα.
973 2555 991 2587 ι
1028 2538 1134 2591 Τοῦ
1167 2538 1221 2590 δὲ
1252 2538 1327 2608 μὴ
1373 2537 1547 2602 οὕτως
1595 2539 1840 2610 ἔχοντος,

264 2629 421 2680 mit‘
456 2627 524 2681 ἂν
557 2630 586 2681 6
612 2628 794 2681 πέντε.
835 2628 945 2682 Καὶ
974 2628 1102 2698 γὰρ,
1137 2628 1210 2692 ὡς
1242 2630 1399 2699 ἔφην,
1426 2631 1484 2682 ὲν
1514 2629 1704 2700 ἡμίσει
1735 2631 1842 2686 τῶν

260 2718 417 2770 δέκα.
457 2717 531 2769 Ἦ
582 2717 678 2770 καὶ
725 2717 847 2770 καθ’
893 2717 1076 2787 ἕτερον
1123 2717 1322 2787 τρόπον
1367 2718 1480 2779 τοῖς
1531 2717 1842 2789 εἰρημένοις

261 2808 617 2879 προσϐαλεῖς.
660 2809 718 2862 Ὀ
749 2808 881 2862 δέκα
909 2808 1001 2861 καὶ
1035 2807 1195 2860 πέντε
1235 2806 1465 2878 ἀριθμὸς
1496 2809 1840 2878 περιεκτικός

262 2904 378 2954 ἐστι
411 2902 518 2953 τῶν
550 2901 708 2963 ἑπτὰ,
763 2901 856 2953 καὶ
894 2901 1074 2970 μέντοι
1116 2901 1211 2954 καὶ
1264 2899 1373 2952 τῶν
1420 2900 1584 2954 ὀκτώ.
1631 2900 1839 2971 Σημαί-

260 3009 414 3044 νεται
446 2992 504 3043 δέ
537 3009 653 3054 πως
694 2990 782 3044 ἀεὶ
828 2990 980 3060 παρὰ
1023 2993 1088 3062 τῇ
1131 2990 1472 3060 θεοπνεύστῳ
1505 2991 1716 3062 Γραφῇ,
1749 2991 1839 3044 διὰ

265 3082 362 3151 μὲν
393 3082 490 3134 τοῦ
518 3082 656 3134 ἑπτὰ
691 3081 912 3151 σύμπας
945 3083 973 3135 6
1001 3082 1095 3135 τοῦ
1125 3083 1290 3149 νόμου
1318 3082 1507 3152 καιρὸς
1541 3081 1700 3152 μέχρι
1728 3081 1836 3134 τῶν

265 3174 436 3241 ἁγίων
470 3173 788 3243 προφητῶν,
812 3171 901 3225 διὰ
945 3173 1036 3227 τὸν
1083 3174 1140 3226 ἐν
1168 3173 1369 3244 έὸδόμῃ
1413 3171 1795 3242 Σαϐϐατισμόν
1818 3189 1830 3200 ·

1953 1991 2193 2060 quidem,
2228 1995 2272 2048 si
2316 1997 2664 2064 spiritualiter
2711 2001 3041 2074 intelligatur
3069 2007 3326 2078 (loquitur
3373 2014 3517 2069 enim

1953 2081 2106 2136 nobis
2122 2083 2318 2140 Christi
2351 2091 2706 2162 mysterium);
2731 2093 3122 2164 imperfecta,si
3159 2117 3310 2158 mens
3332 2117 3516 2158 80l'll'll

1950 2173 2040 2242 qui
2075 2191 2135 2228 ea
2184 2177 2561 2244 instituuntur,
2588 2182 2724 2236 ultra
2807 2186 3042 2241 litteram
3080 2203 3182 2244 non
3221 2195 3512 2262 procedat;

1950 2265 2257 2321 velutenim
2296 2270 2575 2327 dimidium
2606 2275 2932 2343 cognitionis
2965 2279 3206 2336 historiae
3237 2287 3514 2341 crassitins

1946 2356 2174 2413 obtinet.
2218 2357 2526 2432 Symbolum
2557 2381 2721 2436 porro
2751 2370 3094 2438 perfectionis
3125 2374 3379 2432 denarius
3431 2391 3514 2435 est

1947 2460 2226 2514 numerus,
2259 2450 2414 2521 longe
2453 2455 2898 2522 perfectissimus,
2937 2460 3089 2523 juxta
3127 2464 3295 2518 illud:
3338 2487 3356 2518 ι
3391 2469 3513 2522 Esto

1945 2550 2110 2607 super
2139 2539 2323 2596 decem
2351 2544 2714 2613 civitates“;t
2745 2557 2800 2602 et
2834 2550 2958 2605 illud
2987 2571 2999 2606 :
3041 2555 3137 2609 «Et
3171 2557 3261 2611 alii
3295 2562 3508 2628 quidem

1943 2627 2088 2682 dedit
2117 2631 2352 2701 quinque
2377 2634 2575 2688 talenta
2607 2637 2685 2703 “;
2715 2657 2734 2690 ι
2779 2639 2864 2692 ubi
2903 2657 3000 2710 per
3025 2627 3328 2712 quinarinm
3368 2654 3508 2720 quod

1941 2731 2116 2787 secus,
2151 2733 2243 2775 seu
2297 2721 2668 2792 imperfectum
2709 2740 2789 2783 est
2827 2729 3124 2802 intelligere
3169 2735 3313 2792 licet.
3349 2739 3503 2804 Nam,

1940 2817 1999 2862 ut
2028 2810 2292 2878 dicebam,
2325 2813 2598 2870 dimidium
2632 2817 2814 2873 decem
2833 2832 2959 2875 sunt
2983 2824 3248 2894 quinque;
3285 2840 3374 2882 aut
3404 2832 3508 2886 alio

1940 2901 2098 2954 modo
2129 2901 2274 2958 dicta
2307 2905 2638 2974 explanabis.
2683 2908 2996 2976 Quindecim
3028 2930 3284 2974 numerus
3307 2931 3390 2974 est
3421 2937 3506 2976 se-

1939 3003 2081 3058 ptem
2106 3003 2160 3048 et
2175 3007 2297 3051 octo
2321 3000 2622 3055 continens.
2645 3001 2988 3070 Significatur
3009 3018 3185 3064 autem
3210 3025 3346 3079 pene
3367 3030 3509 3068 seu:-

1939 3098 2032 3152 per
2069 3085 2118 3137 in
2151 3086 2327 3141 divina
2349 3089 2625 3160 Scriptura
2655 3108 2751 3162 per
2771 3104 2974 3165 septem
3009 3107 3178 3154 totum
3213 3101 3346 3173 legis
3369 3114 3505 3158 tem-

1937 3188 2055 3242 pus,
2093 3191 2263 3245 usque
2287 3180 2351 3233 ad
2378 3193 2594 3236 sanctos
2636 3186 2952 3255 prophetas,
2982 3201 3207 3259 propter
3242 3191 3500 3248 Sabbati-

265 3237 356 3315 ἐπὶ
383 3264 442 3315 δὲ
476 3237 569 3314 τοῦ
593 3237 753 3314 Ἶὸκτὼ
788 3261 950 3314 πάλιν
975 3264 1003 3315 ὁ
1023 3264 1119 3331 τῆς
1149 3261 1272 3322 νέας
1294 3237 1583 3331 δίαθήκης,
1617 3237 1738 3312 καθ’
1767 3260 1832 3328 ἢν

1938 3237 1952 3242 _
2041 3237 2049 3240 _
2177 3237 2192 3245 ,
2636 3237 2650 3253 ,
2739 3237 2952 3255 ,_--,.-,
2982 3237 3197 3259 την---
3242 3237 3463 3248 -.....,....

1937 3279 2228 3332 smum,seu
2257 3271 2491 3339 quietem
2527 3275 2610 3328 die
2632 3277 2859 3345 septima
2884 3278 2950 3334 ".
3004 3280 3226 3348 Contra,
3257 3299 3352 3351 per
3379 3297 3501 3339 octo

266 3356 300 3423 ἡ
323 3358 616 3416 ἀνάστασις
645 3354 737 3407 τοῦ
762 3354 966 3424 Κυρίου
996 3353 1150 3425 ἡμῶν
1190 3352 1364 3423 Ἰησοῦ
1390 3353 1650 3423 Χριστοῦ,
1678 3369 1829 3419 γενο-

273 3445 402 3513 μένη
438 3445 578 3497 κατὰ
631 3446 729 3514 τὴν
781 3445 994 3514 ὀγδόην.
1025 3445 1132 3496 Καὶ
1172 3443 1330 3496 τοῦτο
1370 3439 1521 3513 οἶμαι
1549 3443 1740 3513 δηλοῦν
1771 3443 1832 3495 τὸ

272 3538 678 3603 αἰνιγματωδῶς
701 3537 1009 3608 εἰρημένον⁸
1033 3558 1049 3586 ι
1075 3537 1172 3599 Δὸς
1203 3536 1396 3606 μερίδα
1421 3539 1530 3598 τοῖς
1559 3535 1716 3599 ἑπτὰ,
1736 3537 1829 3588 καί

276 3643 335 3692 γε
369 3630 476 3690 τοῖς
504 3628 661 3688 ὀκτὼ,
686 3649 706 3678 ι
743 3631 985 3681 τουτέστι
1027 3627 1189 3680 τόπον
1229 3627 1500 3697 ἐχέτωσαν
1547 3627 1696 3696 παρὰ
1747 3628 1828 3679 σοὶ

280 3719 428 3786 νόμος
455 3737 512 3771 τε
567 3721 659 3771 καὶ
685 3720 733 3771 οἱ
763 3719 878 3788 μετ’
909 3718 1070 3771 αὑτὸν
1105 3720 1400 3788 προφῆται,
1427 3718 1516 3770 τὸν
1541 3721 1596 3770 ὲν
1625 3718 1824 3788 ἐϐδόμῃ

284 3808 526 3873 τιμῶντες
563 3808 961 3878 Σαϐϐατισμόν.
1007 3809 1306 3876 Ἑχέτωσαν
1338 3809 1392 3860 δὲ
1440 3810 1529 3860 καί
1567 3811 1614 3861 οί
1659 3809 1820 3870 ὀκτὼ,

285 3903 566 3965 τουτέστιν,
615 3903 664 3952 οί
716 3900 853 3969 μετὰ
899 3901 996 3969 τὴν
1035 3901 1402 3970 ἁναστάσιμον
1441 3900 1536 3952 τοῦ
1572 3902 1820 3970 Σωτῆρος

287 3990 478 4062 ἡμέραν
527 3991 814 4044 ἀπόστολοι
855 4009 914 4044 τε
961 3992 1050 4044 καὶ
1097 3991 1495 4058 εὐαγγελισταί.
1532 3992 1822 4060 Συμϐαίνει

280 4078 332 4130 δὲ
368 4080 512 4134 τοῦτο
551 4083 734 4136 καὶτὸ
774 4084 862 4135 διὰ
913 4086 1094 4152 φωνῆς
1122 4083 1215 4134 τοῦ
1251 4083 1527 4152 προφήτου
1579 4082 1821 4148 πλαγίως

281 4169 707 4243 ῦπώηλούμενον·
750 4192 768 4224 ι
807 4175 916 4227 Καὶ
953 4174 1334 4246 ἐγερθήσονται
1361 4174 1448 4227 ἐπ’
1486 4173 1648 4228 αὐτὸν
1681 4175 1818 4227 ἑπτὰ

276 4264 531 4331 ποιμένες,
566 4266 661 4317 καὶ
697 4266 840 4318 ὀκτὼ
860 4265 1110 4336 δήγματα
1135 4265 1456 4338 ἀνθρώπων.
1488 4285 1506 4317 ι
1551 4266 1816 4336 Ἐπιλάμ-

271 4349 456 4416 ᾦαντος
483 4353 588 4422 γὰρ
621 4355 751 4424 ἡμῖν
782 4354 875 4406 τοῦ
912 4355 1159 4424 Σωτῆρος
1187 4355 1340 4424 ἡμῶν
1369 4356 1541 4424 Ἰησοῦ
1560 4356 1814 4425 Χριστοῦ,

269 4441 719 4511 κατεξανέστησαν
748 4443 946 4512 τρόπον
972 4444 1093 4496 τινὰ
1113 4443 1203 4496 τοῦ
1234 4444 1640 4514 παραλύσαντος
1669 4448 1817 4515 ἡμᾶς

1935 3354 2014 3409 lex
2053 3360 2170 3411 novi
2209 3364 2537 3426 testamenti,
2562 3366 2612 3418 in
2649 3381 2755 3435 quo
2781 3371 3107 3424 resurrectio
3158 3371 3368 3428 Domini
3406 3395 3502 3428 nu-

1931 3449 2026 3501 stri
2048 3447 2175 3502 Jesu
2206 3451 2406 3506 Christi
2432 3454 2517 3508 die
2542 3466 2730 3510 octavo
2757 3459 2995 3526 contigit.
3022 3461 3197 3531 Atque
3229 3463 3329 3518 hoc
3368 3469 3496 3520 mihi

1932 3539 2143 3592 videtur
2169 3541 2324 3606 velle,
2352 3544 2489 3610 quod
2520 3544 2808 3601 involutius
2839 3550 3040 3604 dictum
3071 3562 3188 3610 est:
3221 3573 3239 3606 ι
3274 3555 3344 3610 Da
3379 3574 3499 3626 pa:-

1933 3637 2036 3683 tem
2069 3640 2270 3699 septem
2298 3642 2351 3686 et
2381 3645 2502 3689 octo
2532 3637 2597 3701 ⁸⁷,
2627 3657 2644 3688 ι
2679 3638 2779 3693 hoe
2804 3653 2905 3705 est,
2940 3641 3111 3697 locum
3139 3648 3280 3716 apud
3320 3659 3369 3703 te
3405 3652 3494 3703 ha-

1928 3720 2090 3776 beant
2123 3733 2177 3777 et
2227 3723 2333 3786 lex,
2362 3735 2416 3779 et
2439 3727 2529 3795 qui
2576 3740 2695 3796 post
2740 3744 2856 3784 eam
2903 3745 3165 3805 venerunt
3199 3740 3490 3806 prophetas,

1925 3813 2135 3881 septimi
2166 3815 2266 3870 diei
2305 3814 2700 3873 Sahbatismutn
2732 3822 3076 3880 honorantes.
3131 3825 3374 3882 llaheant
3403 3848 3496 3884 att-

1928 3911 2032 3957 tem
2061 3913 2266 3973 partem
2292 3916 2344 3961 et
2368 3918 2512 3975 octo,
2539 3911 2628 3980 qui
2652 3923 2774 3981 post
2801 3917 3242 3969 resurrectionem
3271 3926 3492 3973 exstite-

1927 4001 2050 4046 runt
2074 3996 2300 4062 apostoli
2327 4006 2378 4051 et
2407 4000 2768 4068 evangelista.
2805 4001 2917 4056 Huc
2950 4006 3109 4058 etiam
3159 4009 3285 4061 illud
3325 4023 3490 4077 perti-

1925 4094 2036 4146 net,
2090 4087 2227 4152 quod
2262 4103 2357 4156 per
2401 4104 2462 4142 os
2505 4092 2776 4158 propheta:
2822 4095 3083 4149 occultius
3123 4098 3486 4168 signiﬁcatum

1921 4183 2031 4228 est:
2069 4193 2086 4226 ι
2109 4176 2174 4228 Et
2206 4190 2532 4249 consurgent
2557 4196 2715 4248 super
2745 4199 2864 4235 eum
2907 4195 3109 4250 septem
3139 4199 3401 4255 pastores,
3434 4202 3490 4246 et

1921 4277 2043 4322 octo
2069 4284 2276 4322 morsus
2303 4270 2575 4325 hominum
2611 4273 2678 4328 ⁸⁸.
2709 4291 2726 4324 ι
2757 4274 3042 4342 Postquam
3071 4280 3210 4332 enim
3243 4283 3396 4336 nobis
3420 4285 3486 4335 il-

1920 4358 2054 4413 luxit
2107 4357 2351 4420 Salvator
2391 4373 2573 4418 noster
2615 4363 2772 4420 Jesus
2815 4366 3081 4430 Christus,
3116 4381 3301 4425 contra
3331 4372 3486 4428 Sata—

1921 4467 2066 4514 nam,
2089 4454 2179 4522 qtti
2218 4470 2313 4508 nos
2340 4466 2716 4522 enervaverat,
2743 4461 3010 4526 praeconia
3053 4477 3146 4516 seu
3179 4465 3316 4518 dicta
3350 4467 3486 4536 lega-

265 4527 467 4582 Σατανᾶ
500 4534 694 4601 νομικά
721 4549 778 4584 τε
815 4533 908 4585 καὶ
964 4535 1275 4603 προφητικά
1308 4534 1655 4605 κηρύγματα,
1689 4537 1816 4590 ἁποσ

1941 4543 2136 4615 ia,61
2167 4555 2220 4598 et
2243 4546 2574 4613 prophetica,
2612 4549 2992 4619 institutioque
3043 4555 3336 4621 apostolica
3385 4527 3488 4609 {lv’l-

263 4622 471 4692 στοὶ.ική
511 4640 567 4674 τε
608 4624 907 4687 παίδευσις.
938 4625 1036 4677 Διὰ
1057 4625 1164 4694 γάρ
1179 4641 1260 4677 τοι
1283 4625 1488 4678 τούτων
1509 4627 1808 4698 κατεδήχθη

255 4715 446 4781 τρίπον
488 4717 608 4767 τινὰ
643 4715 736 4766 καὶ
773 4715 1084 4784 σεσύληται.
1123 4717 1228 4768 Καὶ
1262 4717 1402 4770 κατὰ
1428 4717 1525 4786 τὴν
1564 4717 1657 4770 τοῦ
1702 4720 1814 4771 Σω-

250 4805 403 4874 τῆρος
438 4807 622 4876 φωνὴν
670 4806 978 4877 διηρπάσθη
1017 4808 1087 4860 τὰ
1135 4807 1301 4878 σκεύη
1338 4809 1526 4872 αὑτοῦ,
1573 4811 1672 4880 τῆς
1720 4813 1810 4864 ὑπ’

239 4897 388 4966 αὐτῷ
436 4897 675 4959 δουλείας
712 4899 1187 4967 ἐκπεφοιτηκότων
1236 4899 1342 4951 τῶν
1382 4901 1811 4972 πεπλανημένων

237 4989 387 5049 ποτε,
406 4989 498 5040 καὶ
524 4987 784 5056 τὸνφῦσει
804 4989 897 5043 καὶ
924 4989 1137 5058 ἀληθῶς
1160 4989 1312 5055 Θεὸν,
1337 4991 1552 5044 καὶτῶν
1573 4993 1706 5046 ὅλων
1721 4995 1807 5046 δε-

233 5077 443 5147 σπότην
463 5079 871 5146 ἐπεγνωκότων.
894 5079 1101 5132 Οὐκοῦν
1118 5097 1136 5129 ι
1161 5081 1531 5150 ἐπανέστησαν
1553 5083 1647 5152 μὲν
1659 5085 1807 5154 αὐτῷ

229 5170 493 5238 ποιμένες
526 5170 684 5234 ἑπτὰ,
701 5172 794 5224 καὶ
826 5170 969 5224 ὀκτὼ
997 5172 1248 5242 δήγματα
1265 5172 1584 5243 ἀνθρώπων,
1611 5195 1629 5226 ι
1654 5193 1807 5228 τουτ-

224 5258 404 5324 έστιν,
423 5261 471 5312 οἱ
501 5261 606 5330 πρὸ
641 5262 737 5331 τῆς
773 5263 1080 5332 ἐπιδημίας,
1111 5263 1204 5315 καὶ
1239 5264 1291 5315 οἱ
1311 5262 1449 5333 μετὰ
1468 5264 1566 5333 τὴν
1592 5264 1804 5335 ὀγδόην,

219 5350 310 5403 διὰ
338 5351 589 5420 νομικῶν
623 5369 682 5403 τε
727 5353 820 5406 καὶ
850 5354 983 5406 νέων
1016 5353 1361 5423 γραμμάτων
1405 5353 1696 5419 καλοῦντες
1725 5358 1804 5420 είς

291 5546 339 5576 ⁸⁸
384 5545 488 5598 lsa.
526 5561 563 5604 ι.
594 5546 684 5602 2'2.
762 5546 807 5578 ⁸³
836 5545 1299 5626 ψαμμαεγ.
1378 5547 1582 5626 “:ALuc.
1630 5567 1737 5615 xtx,
1781 5554 1835 5605 li

1945 5557 1990 5588 ³³
2030 5557 2215 5613 Matth.
2260 5577 2384 5626 xxv,
2430 5564 2508 5616 15.
2585 5565 2629 5594 πθ
2671 5565 2781 5619 Exn

218 5627 298 5676 XI,
333 5614 394 5668 2.
473 5615 522 5645 ⁸⁸
556 5615 715 5670 Miclt.
753 5632 805 5678 v,
839 5615 892 5668 5.
967 5617 1009 5647 ⁶⁹
1048 5615 1231 5670 Matth.
1273 5631 1366 5680 XII,
1399 5617 1482 5670 ΞΕ).

1917 4647 2024 4701 quo
2045 4633 2202 4686 modo
2228 4635 2656 4691 insurrexerunt.
2680 4638 2781 4692 Per
2809 4642 2920 4694 haec
2945 4642 3086 4694 enim
3117 4658 3328 4698 morsus
3354 4662 3486 4715 qua-

1917 4725 2038 4777 dam
2083 4724 2290 4779 ratione
2322 4737 2374 4780 et
2404 4727 2662 4795 spoliatus
2691 4739 2794 4794 est,
2825 4729 3046 4798 etjuxta
3075 4749 3256 4787 vorem
3294 4734 3482 4790 Salva-

1919 4815 2049 4869 toris
2074 4815 2282 4884 direpta
2319 4832 2446 4870 vasa
2486 4818 2605 4887 ejus
2631 4819 2696 4884 ⁶⁹,
2722 4836 2844 4874 cum
2868 4823 3072 4876 seducti
3105 4825 3228 4876 olim
3254 4841 3283 4878 e
3313 4831 3482 4879 servi-

1919 4913 2029 4958 tute
2078 4904 2192 4970 eius
2250 4906 2418 4975 elapsi
2447 4921 2595 4974 sunt,
2630 4919 2930 4979 naturaque
2957 4920 3011 4963 et
3052 4928 3175 4966 vere
3202 4915 3390 4978 Deum,
3427 4934 3479 4969 «ει
3525 4901 3538 4922 ⁸

1916 4995 2286 5050 universorum
2333 4997 2613 5051 Dominum
2650 5009 3003 5062 agnoverunt.
3033 5002 3210 5066 Quare
3252 5023 3270 5055 ι
3301 5005 3477 5060 insui-

1912 5095 2164 5140 rexerunt
2210 5087 2260 5139 in
2303 5087 2449 5140 illum
2479 5099 2719 5156 pastores
2756 5099 2978 5158 septem,
3010 5103 3063 5145 et
3090 5103 3211 5148 octo
3261 5113 3477 5152 morsus

1910 5178 2208 5243 hominum,
2236 5179 2373 5233 )llOC
2396 5189 2498 5247 est,
2531 5181 2620 5249 qui
2660 5191 2786 5235 ante
2816 5185 3125 5252 adventum,
3153 5194 3206 5240 et
3237 5190 3326 5256 qui
3357 5203 3478 5258 post

1908 5279 2150 5323 octavam
2180 5269 2411 5337 fuerunt,
2453 5287 2548 5340 per
2576 5273 2773 5342 legales
2797 5284 2852 5329 et
2885 5291 3053 5330 novas
3082 5280 3382 5347 scripturas
3405 5287 3471 5333 ad

1909 5360 2135 5414 salutem
2164 5372 2422 5417 vocantes
2449 5364 2538 5434 qui
2570 5377 2909 5422 erraverunt.
2956 5367 3160 5424 Allixtts
3189 5385 3318 5440 ergo
3359 5386 3472 5422 ma-

2829 5607 2841 5620 .
2879 5583 2987 5632 xw,
3032 5569 3121 5620 25.
3197 5563 3240 5596 "’
3277 5558 3483 5630 Επειθῆ

287 5793 374 5865 (Ι)
407 5761 499 5846 Sic
530 5806 626 5860 pro
663 5792 810 5846 edito
845 5793 1256 5862 πραοπρεπέσιν
1282 5795 1660 5863 corrigendum
1689 5810 1835 5852 mone

1937 5797 2194 5855 ‘olclerius
2223 5798 2456 5854 Monum.
2497 5797 2639 5854 Eccl.
2671 5802 2764 5856 Gr.
2797 5802 2859 5866 ll,
2893 5800 3013 5854 634.
3049 5803 3176 5856 ΕΜ*

550 5883 822 5944 ΡΑΤιιοι..
871 5881 988 5942 ϐα.
1037 5882 1252 5950 LXXI.

3110 5888 3147 5949 4
