4012 6214
473 388 576 445 407

1464 375 1521 430 S.
1563 372 1837 428 CYRILLI
1883 372 2349 427 ALEXANDRINI
2389 372 2709 428 AllClllEP.

3618 375 3710 429 105

474 506 634 559 nebat
661 495 909 560 lsracl,ut
932 496 1346 560 docui,suorum
1380 492 1759 563 magistrorum
1787 493 2043 547 adulteri-

2150 492 2422 562 σωτηρίαν
2453 495 2578 555 τοὺς
2642 490 3108 562 πεπλανημένους.
3147 492 3493 545 Διατετέλεκε
3540 487 3711 543 τοίνυν

473 594 559 648 nis
601 589 971 653 vocibus;scn
1006 587 1144 640 nmla
1191 587 1362 639 littera
1412 583 1758 651 pascebatur,
1791 584 2043 649 quamvis

2145 587 2172 636 ὁ
2214 584 2450 656 Ἰσραὴλ,
2497 585 2570 647 ῶς
2609 584 2763 654 ἔφην,
2796 586 2912 645 ταῖς
2949 583 3227 652 ἀδοκίμοις
3257 583 3367 635 τῶν
3401 582 3546 634 ἰδίων
3575 581 3710 634 διδα-

465 692 520 737 et
555 681 641 736 illa
691 696 810 751 qua:
856 689 1060 734 octavae
1104 686 1246 738 sunt,
1282 676 1382 728 hoc
1410 672 1739 737 cst,'Christi
1787 672 2042 741 mysteria

464 775 938 844 complecteretur.
965 768 1114 835 Quod
1151 777 1330 820 autem
1359 765 1528 833 egerit
1561 765 1724 817 vitam
1753 762 2039 832 pecudum,

2147 678 2358 731 σκάλων
2404 679 2627 747 φωναῖς,
2669 677 2786 746 ἦτοι
2817 675 2957 745 ψιλῷ
3004 675 3082 745 τῷ
3131 674 3342 745 νομικῷ
3385 674 3713 744 τρεφόμενος

2145 771 2462 838 γράμματι,
2529 768 2702 820 καίτοι
2781 769 3083 837 περιέχοντι
3161 766 3253 819 καὶ
3313 765 3382 818 τὰ
3453 766 3551 833 τῆς
3621 765 3705 831 ὀγ-

463 877 513 920 et
566 867 631 917 ad
658 862 895 916 carnalia
952 859 1128 913 solum
1174 857 1564 926 propenderit,
1611 853 2043 908 commodissime

2144 859 2290 928 δὸης,
2330 857 2596 919 τουτέστι,
2649 857 2715 909 τὰ
2760 856 2998 926 Χριστοῦ
3047 856 3342 926 μυστήρια.
3388 855 3508 908 Ὅτι
3537 855 3592 906 δὲ
3628 858 3706 906 καὶ

466 953 849 1014 subimlicavit,
899 952 1038 1020 quod
1067 949 1247 1002 datum
1278 957 1361 1001 est
1395 948 1653 1001 hordeum
1695 942 1946 998 adultera:
1978 943 2039 996 ad

469 1044 803 1099 alimoniam.
847 1043 941 1096 Est
970 1043 1113 1096 enim
1160 1040 1310 1095 cibus
1341 1035 1635 1106 pecudibus
1674 1035 2036 1098 conveniens;

467 1135 749 1193 ebrietatis
780 1135 972 1190 deinde
1019 1142 1143 1187 nota
1189 1132 1370 1184 viuum
1407 1143 1526 1184 esse
1569 1126 1791 1196 poterit.
1829 1125 2038 1179 Dictum

467 1239 550 1284 est
583 1239 763 1282 autem
796 1229 861 1282 ad
889 1241 1018 1281 eos:
1051 1243 1068 1277 ι
1094 1224 1290 1278 Audita
1323 1221 1572 1281 audietis.
1615 1229 1669 1274 et
1698 1233 1802 1272 non
1847 1217 2042 1270 intelli-

469 1322 629 1392 getis,
659 1329 713 1374 et
737 1319 979 1374 videntes
1015 1316 1287 1379 videbitis,
1312 1324 1363 1369 et
1389 1328 1495 1367 non
1524 1312 1774 1366 videbitis
1802 1310 1871 1374 "°,
1902 1326 1920 1359 ι
1951 1309 2038 1377 qui

470 1423 596 1468 sunt
626 1411 798 1466 morbi
817 1410 1153 1465 ebriosorum
1188 1418 1243 1462 et
1273 1403 1668 1475 crapulantium
1697 1401 1920 1466 vitia,ut
1950 1415 2042 1452 ne-

468 1521 574 1574 que
622 1503 839 1558 videant
890 1501 1154 1564 videntes,
1188 1510 1364 1566 neque
1413 1493 1697 1548 audientes
1749 1491 2040 1561 quidquam

468 1595 676 1667 possint
702 1592 1040 1662 intelligere;
1080 1588 1174 1645 sed
1210 1595 1442 1641 mentem
1494 1583 1640 1639 velut
1686 1582 2040 1638 incrassatam

467 1697 522 1742 et
545 1686 804 1742 caecitatis
836 1684 1048 1752 plenam
1080 1678 1336 1734 habeant.

2145 948 2529 1019 κτηνοπρεπὴς
2555 949 2582 999 ὁ
2606 947 2716 1017 βίος
2743 947 2911 1017 αὐτῷ,
2938 947 3033 1000 καὶ
3059 947 3192 1015 πρὸς
3223 948 3357 1015 μόνα
3381 945 3449 997 τὰ
3477 943 3714 1015 σαρκικὰ

2142 1042 2481 1094 διανένευκεν
2513 1080 2526 1105 ,
2583 1041 2906 1109 ὑποφήνειεν
2959 1037 3023 1090 ἂν
3069 1033 3150 1090 εὖκ
3187 1037 3331 1106 μάλα
3357 1078 3370 1102 ,
3419 1036 3482 1089 τὸ
3523 1036 3713 1106 κριθὴν

2142 1133 2470 1201 δεδόσθαιτῇ
2527 1130 2794 1201 μοιχαλίδι
2849 1129 2986 1197 πρὸς
3035 1129 3270 1198 τροφήν.
3328 1127 3711 1196 Κτηνοπρεπὲς

2142 1227 2249 1296 γὰρ
2285 1225 2343 1278 τὸ
2374 1225 2597 1293 ἔδεσμα,
2636 1222 2804 1293 μέθης
2834 1221 2876 1274 δ’
2899 1221 2962 1274 ἂν
2989 1221 3198 1290 γένοιτ)
3229 1222 3469 1290 σημεῖον.
3493 1220 3712 1288 Εἴρηται

2141 1317 2195 1370 δὲ
2231 1314 2366 1386 πρὸς
2397 1315 2618 1378 αὑτούς·
2657 1334 2675 1366 ι
2715 1315 2875 1384 Ἀκοῇ
2910 1315 3204 1373 ἀκούσετε,
3241 1311 3335 1364 καὶ
3385 1312 3444 1363 οὑ
3479 1312 3554 1380 μὴ
3601 1327 3714 1360 συν-

2141 1408 2237 1477 ἦτε
2260 1423 2272 1436 ⁸
2309 1407 2403 1460 καὶ
2421 1406 2708 1476 βλέποντες
2731 1405 2976 1475 βλέψετε,
2999 1404 3093 1458 καὶ
3112 1405 3172 1456 ού
3206 1405 3279 1473 μὴ
3313 1403 3480 1472 ίδητε.
3496 1423 3512 1452 ι
3530 1401 3713 1454 Ταῦτα

2141 1496 2196 1549 δέ
2221 1498 2337 1550 ἐστι
2370 1496 2675 1566 μεθυόντων
2706 1495 2878 1564 πάθη,
2908 1495 3003 1548 καὶ
3044 1492 3492 1563 κραιπαλούντων
3525 1492 3716 1561 ἐγκλή-

2143 1606 2310 1659 ματα,
2344 1587 2405 1641 τὸ
2443 1589 2578 1659 μήτε
2613 1588 2744 1659 ὁρᾷν
2780 1587 3044 1657 ὁρῶντας,
3093 1587 3230 1655 μήτε
3266 1582 3559 1644 ἀκούοντας
3588 1599 3711 1634 συν-

2143 1679 2277 1733 ιέναι
2306 1678 2566 1732 δύνασθαί
2596 1695 2681 1732 τι·
2724 1678 3121 1748 πεπαχυμένην
3151 1676 3209 1728 δὲ
3250 1673 3460 1746 ῶσπερ,
3488 1676 3581 1728 καὶ
3612 1691 3717 1727 πω-

2142 1769 2362 1842 ρώσεως
2391 1769 2827 1840 με’μεστωμένην
2849 1769 2946 1840 τὴν
2977 1767 3214 1822 διάνοιαν
3237 1767 3396 1837 ἔχειν.

540 1863 701 1918 Vens.
739 1861 850 1926 4,5.
890 1861 1027 1926 Quia
1075 1859 1254 1911 diebus
1305 1856 1482 1909 multis
1521 1853 1766 1908 sedebant
1812 1849 1909 1917 ﬁlii
1947 1847 2033 1902 Is-

2211 1861 2363 1914 Διότι
2393 1859 2616 1930 ἡμέρας
2654 1859 2892 1926 πολλὰς
2937 1857 3305 1928 χαρήσονται
3355 1861 3410 1910 οἱ
3442 1856 3552 1912 υἱοὶ
3601 1858 3715 1910 Ἰσ-

469 1959 580 2013 ruet
609 2000 625 2024 ,
676 1973 776 2009 non
817 1957 1100 2007 exsistente
1162 1967 1300 2018 rege,
1347 1964 1507 2018 neque
1565 1946 1798 2014 principe
1873 1959 2034 2012 neque

2143 1947 2314 2017 ραὴλ,
2346 1951 2459 2004 οὐκ
2482 1948 2656 2015 ὄντος
2669 1948 3000 2015 βασιλέως,
3035 1949 3177 2004 οὐδὲ
3207 1949 3382 2015 ὄντος
3405 1947 3712 2017 ἄρχοντος,

469 2053 751 2107 exsistente
786 2045 1068 2114 sacriﬁcio,
1115 2057 1274 2110 neque
1305 2041 1577 2093 exsisteme
1617 2036 1774 2090 altari
1807 2074 1821 2098 ,
1875 2049 2035 2102 neque

2143 2041 2281 2096 οὐδὲ
2332 2040 2526 2108 οὔσης
2571 2041 2812 2108 θυσίας,
2862 2040 3006 2095 οὐδὲ
3041 2039 3216 2105 ὄντος
3263 2040 3711 2106 θυσιαστηρίου,

469 2140 788 2204 sacerdotio,
827 2150 986 2205 neque
1013 2131 1329 2201 manifestis.
1357 2127 1422 2182 Et
1451 2138 1563 2196 post
1591 2126 1700 2179 lucc
1721 2133 2038 2177 revertentur

2143 2132 2281 2188 οὐδὲ
2310 2133 2620 2202 ἱερατείας,
2645 2133 2789 2188 οὐδὲ
2825 2132 3046 2201 δήλων,
3072 2132 3169 2187 καὶ
3209 2132 3355 2202 μετὰ
3379 2131 3565 2184 ταῦτα
3592 2131 3716 2183 ἑπι-

470 2233 572 2302 ﬁlii
604 2228 796 2292 Israel,
831 2236 877 2280 et
911 2233 1142 2296 qumrent
1201 2222 1488 2275 Dominum
1541 2217 1705 2271 Deum
1763 2230 1939 2277 suam,
1985 2226 2034 2265 et

2143 2224 2512 2294 στρέψουσιν
2542 2228 2594 2279 οἱ
2635 2225 2754 2280 υιοί
2798 2223 3066 2293 Ἰσραὴλ,
3117 2223 3214 2278 καί
3248 2221 3717 2291 ἐπιζητήσουσιν

473 2322 641 2376 David
679 2334 847 2388 regem
901 2330 1076 2379 suum,
1112 2323 1156 2365 et
1189 2311 1466 2378 stupebant
1493 2309 1548 2360 in
1607 2305 1854 2368 Domum,
1893 2313 1937 2355 et
1980 2303 2034 2354 in

2143 2317 2353 2384 Κύριον
2374 2316 2484 2371 τὸν
2511 2317 2669 2371 Θεὸν
2709 2315 2927 2383 αὐτῶν,
2966 2316 3065 2370 καὶ
3100 2315 3279 2370 Δαϐίδ
3311 2316 3417 2371 τὸν
3451 2316 3718 2380 βασιλέα

469 2413 615 2467 bonis
650 2410 763 2480 ejus
797 2409 848 2460 iu
877 2405 1152 2459 novissimo
1183 2402 1407 2454 dierum.

540 2583 780 2643 XXXIV.
808 2583 1008 2656 Aperta
1054 2578 1382 2646 minimeque
1414 2573 1572 2629 dubia
1599 2571 1866 2642 sequitur,
1892 2577 1948 2621 ut
1979 2567 2039 2622 in

472 2681 581 2746 his,
616 2675 914 2733 declaratio
931 2671 1319 2742 assumptiouis
1345 2666 1605 2722 adultera:
1633 2661 2039 2728 mansionisque

467 2772 614 2828 domi
663 2768 854 2822 diebus
917 2763 1136 2827 multis,
1186 2761 1360 2816 donec
1401 2755 1671 2828 propheta
1731 2753 1871 2821 apud
1915 2765 2037 2804 eam

469 2870 636 2928 esset.
663 2855 944 2928 Scriptum
965 2863 1048 2910 est
1074 2852 1291 2923 quidem
1324 2850 1396 2905 ita
1424 2864 1440 2914 ;
1471 2851 1564 2903 sed
1587 2846 1728 2916 quod
1755 2844 2035 2914 agebatur,

470 2951 766 3007 delineatio
821 2963 915 3002 seu
952 2942 1296 3000 adumbratio
1325 2939 1568 3010 quaedam
1596 2933 1869 3004 eratejus,
1895 2932 2038 3002 quod

471 3042 741 3100 adulterio
775 3038 1089 3094 deformata:
1119 3032 1425 3090 Iudaeorum
1451 3029 1748 3102 Syuagoga!
1795 3027 2038 3096 aliquan-

470 3141 540 3190 do
614 3141 936 3188 eveuturum
995 3136 1134 3182 erat.
1200 3124 1562 3192 Posteaquam
1630 3121 1774 3176 enim
1826 3118 2036 3174 Domini

471 3224 643 3281 nostri
682 3219 808 3276 Jesu
840 3216 1042 3274 Christi
1065 3223 1256 3283 sponte
1291 3227 1388 3268 sua
1415 3225 1634 3267 crucem
1669 3221 1767 3280 pro
1793 3208 2034 3264 omnium
2063 3247 2105 3306 ο

468 3316 643 3372 salute
675 3311 923 3385 pertulit,
962 3306 1312 3362 debacchatis
1344 3305 1397 3358 in
1421 3304 1569 3358 illum
1592 3302 1879 3367 lsraelitis,
1907 3308 2036 3354 tunc

468 3424 656 3463 corum
687 3405 904 3474 regione
929 3400 993 3454 ad
1019 3400 1326 3454 vastitatem
1357 3396 1602 3460 redacta,
1639 3394 1793 3462 quasi
1821 3393 1887 3447 ad
1920 3405 2038 3446 0m-

470 3514 591 3553 nem
621 3497 875 3557 ventum,
933 3506 1026 3546 seu
1082 3489 1267 3543 mundi
1327 3487 1585 3557 angulum
1643 3483 2032 3554 profugerunt.

474 3589 655 3658 Usque
675 3585 834 3640 hodie
863 3591 1045 3637 autem
1074 3580 1233 3634 otiosi
1259 3587 1383 3633 sunt
1414 3577 1556 3647 quod
1588 3579 1654 3631 ad
1705 3577 1879 3645 legem
1915 3575 2040 3628 atti-

470 3689 564 3736 net
595 3718 611 3745 ,
657 3677 988 3732 inﬂammato
1035 3670 1251 3738 quidem
1294 3667 1494 3737 templo
1539 3665 1991 3736 Jerosolymitano
2021 3701 2037 3726 ,

469 3783 659 3826 everso
699 3765 879 3831 altari,
933 3761 1142 3817 sublato
1174 3756 1468 3820 sacriﬁcio,
1517 3763 1572 3810 et
1601 3763 1830 3809 vacante
1855 3767 2038 3808 sacer-

471 3859 639 3925 dotio,
675 3871 773 3911 nec
796 3851 1186 3924 apparentibus
1209 3846 1438 3916 antpliu‘s
1467 3844 1773 3900 manifestis
1793 3843 1864 3897 ".
1897 3841 2029 3896 Nam

469 3967 594 4008 cum
624 3966 729 4006 non
769 3957 912 4003 esset
937 3957 1181 4001 summus
1224 3940 1477 3996 sacerdos
1505 3938 1616 4010 62
1653 3952 1752 4008 pro
1780 3934 2040 4007 dignitate

466 4040 788 4099 sacerdotali
819 4037 1114 4096 secundum
1159 4035 1330 4104 legem
1359 4032 1602 4087 vestlbus
1630 4037 1875 4095 ornatus,
1905 4042 2040 4098 quo-

471 4132 629 4200 modo
654 4131 768 4198 jam
804 4126 1121 4183 manifestos
1173 4124 1358 4178 videre
1395 4120 1595 4178 licebat
1628 4120 1653 4176 ?
1702 4119 1804 4188 Qui
1858 4127 2035 4173 autem

466 4225 615 4295 δῆλοι
647 4219 868 4292 putandi
894 4221 1022 4283 sint,
1049 4217 1220 4282 novit,
1249 4215 1437 4279 credo,
1469 4213 1712 4270 discendi
1740 4211 2032 4274 studiosus;

469 4317 706 4390 breviter
738 4325 1027 4381 suggerere
1061 4323 1168 4361 non
1201 4306 1310 4360 erit
1357 4306 1455 4360 abs
1491 4320 1570 4360 re.
1599 4305 1826 4371 Quando
1857 4304 1923 4358 ad
1957 4317 2037 4355 sa-

465 4406 703 4461 cerdotis
730 4413 980 4457 ornatum
1017 4399 1342 4469 pertinentia
1398 4397 1514 4452 ﬁeri
1569 4397 1716 4451 Deus
1758 4398 2039 4452 universo-

468 4514 584 4552 rum
609 4495 797 4566 jussit,
822 4503 1012 4546 sancto
1040 4489 1208 4560 Moysi
1237 4490 1368 4544 dicit
1397 4504 1412 4542 :
1453 4506 1470 4541 ι
1502 4489 1567 4543 Ει
1590 4488 1754 4544 facies
1779 4489 2040 4542 rationale

2131 2405 2355 2470 αὐτῶν,
2383 2407 2496 2462 ’καὶ
2525 2406 2930 2477 ἐκστήσονται
2967 2406 3067 2461 ἐπὶ
3110 2406 3191 2473 τῷ
3233 2407 3427 2475 Κυρίῳ
3453 2447 3467 2471 ,
3491 2407 3588 2460 καί
3615 2407 3714 2460 ἐπὶ

2134 2495 2262 2564 τοῖς
2307 2497 2552 2568 ἀγαθοῖς
2591 2499 2779 2554 αὐτοῦ
2821 2499 2914 2552 ἐπ’
2964 2499 3242 2568 ἐσχάτων
3293 2497 3413 2552 τῶν
3458 2496 3712 2567 ἡμερῶν.

2208 2588 2328 2642 ΛΔ’.
2372 2590 2557 2660 Σαφὴς
2616 2591 2708 2643 καὶ
2739 2589 3124 2659 ἀναμφιλόγως
3161 2589 3362 2658 ἔχουσα
3405 2587 3608 2653 λοιπὸν,
3639 2587 3717 2650 ὡς

2139 2679 2196 2732 ἓν
2215 2697 2279 2748 γε
2306 2679 2370 2752 δὴ
2399 2682 2631 2745 τούτοις,
2657 2683 2688 2752 ἡ
2723 2680 2955 2750 δήλωσις
2970 2671 3062 2734 τού
3083 2681 3184 2750 τὴν
3220 2679 3499 2750 μοιχαλίδα
3523 2695 3716 2748 παρει-

2138 2769 2360 2840 λῆφθαι,
2395 2771 2487 2823 καὶ
2519 2772 2654 2824 οἴκοι
2689 2770 2872 2842 μένειν
2909 2773 3120 2842 ἡμέρας
3151 2771 3370 2834 πολλὰς,
3402 2771 3561 2840 ἄχρις
3591 2768 3656 2822 ἀν
3689 2771 3723 2822 ὁ

2141 2858 2424 2930 προφήτης
2469 2859 2556 2912 ἐπ’
2594 2859 2730 2929 αὐτῇ
2783 2859 3010 2928 γένοιτο.
3047 2860 3360 2931 Γέγραπται
3421 2859 3528 2929 γὰρ
3576 2857 3671 2911 ὡδί
3697 2875 3716 2890 ν

2139 2947 2487 3013 ὑποτύπωσις
2537 2948 2595 3002 δὲ
2643 2949 2706 3003 τὸ
2757 2949 3032 3021 δρώμενον
3069 2945 3136 3019 ἦν
3177 2948 3273 3002 τοῦ
3307 2949 3450 3002 κατὰ
3494 2949 3721 3019 καιροὺς

2142 3037 2405 3112 ὑπάρξειν
2443 3040 2726 3111 μέλλοντος
2759 3045 2825 3113 τῇ
2869 3041 3276 3115 μεμοιχευμένῃ
3303 3041 3412 3094 τῶν
3451 3040 3722 3094 Ἰουδαίων

2141 3131 2458 3202 Συναγωγῇ.
2522 3131 2739 3203 Ἐπειδὴ
2793 3133 2902 3205 γὰρ
2953 3132 3232 3204 ἐθελοντὴς
3285 3132 3376 3186 τὸν
3432 3132 3569 3203 ὑπὲρ
3616 3134 3721 3198 τῆς

2143 3223 2398 3276 ἁπάντων
2433 3223 2704 3295 σωτηρίας
2740 3224 3126 3294 ὑπομεμένηκε
3164 3224 3394 3294 σταυρὸν
3437 3225 3466 3277 ὀ
3516 3223 3723 3293 Κύριος

2141 3313 2297 3384 ἡμῶν
2339 3314 2544 3386 Ἰησοῦς
2575 3315 2829 3386 Χριστὸς,
2865 3314 3385 3386 ὲμπαροινησάντων
3427 3315 3581 3386 αὑτῷ
3610 3315 3728 3367 τῶν

2141 3405 2200 3469 ἐξ
2247 3405 2481 3476 Ἰσραὴλ,
2513 3404 2632 3459 τότε
2677 3405 2764 3476 δὴ,
2788 3405 2910 3458 τότε
2942 3405 3380 3478 καταδῃωθείσης
3411 3407 3591 3468 αὐτοῖς
3620 3407 3728 3477 τῆς

2139 3494 2343 3568 χώρας,
2367 3494 2571 3567 ῷχοντο
2607 3496 2704 3566 μὲν
2731 3493 2920 3566 ῶσπερ
2945 3496 3025 3558 είς
3058 3497 3236 3549 πάντα
3259 3496 3478 3566 ἄνεμον.
3505 3497 3726 3568 Ἄπρα-

2140 3604 2256 3640 κτοι
2301 3587 2358 3640 δὲ
2407 3588 2500 3640 καὶ⁴
2546 3589 2625 3651 είς
2663 3586 2823 3659 δεῦρο
2861 3589 2989 3658 περὶ
3032 3587 3123 3641 τὸν
3160 3589 3323 3659 νόμον
3362 3591 3518 3655 εἰσὶν,
3555 3591 3726 3659 ἐμπε-

2140 3677 2451 3748 πρησμένου
2485 3677 2583 3748 μὲν
2603 3676 2696 3729 τοῦ
2727 3679 2784 3730 ὲν
2811 3680 2922 3740 τοῖς
2964 3676 3359 3749 Ἰεροσολύμοις
3385 3680 3537 3743 ὄντος
3563 3673 3722 3745 ναοῦ,

2139 3769 2544 3842 περιῃρημένου
2578 3785 2637 3820 τε
2665 3768 2759 3822 τοῦ
2803 3769 3208 3841 θυσιαστηρίου,
3244 3773 3338 3824 καὶ
3369 3773 3723 3843 ἀνῃρημένης

2139 3859 2348 3925 Θυσίας,
2369 3861 2462 3913 καὶ
2489 3859 2765 3932 ἀργούσης
2789 3862 3106 3933 ἱερωσύνης,
3135 3865 3228 3917 καὶ
3258 3863 3432 3935 δήλων
3454 3867 3549 3936 οὐχ
3587 3869 3726 3936 δρω-

2141 3951 2342 4022 μένων.
2375 3951 2449 4003 Οὑ
2483 3951 2591 4024 γὰρ
2621 3952 2768 4014 ὄντος
2814 3951 3113 4023 ἀρχιερέως
3147 3954 3486 4024 ἱεροπρεπῶς
3531 3955 3726 4008 ἐσταλ-

2142 4041 2309 4111 μένου
2342 4043 2485 4095 κατὰ
2517 4043 2608 4098 τὸν
2641 4043 2824 4113 νόμον,
2858 4044 2976 4106 πῶς
3016 4040 3083 4115 ἦν
3117 4045 3196 4097 ἔτι
3221 4045 3410 4115 δήλους
3443 4046 3600 4113 ίδεῖν;
3653 4047 3724 4099 Τί

2132 4133 2192 4185 ’δὲ
2215 4134 2309 4186 καὶ
2321 4135 2369 4186 οἱ
2388 4135 2536 4204 δῆλοι
2548 4134 2848 4205 νομισθεῖεν
2865 4132 3071 4200 ἂν,οἵδε
3093 4137 3370 4206 μὲνῐσωςό
3391 4138 3722 4210 φιλομαθὴς,

2141 4223 2453 4294 ὑπομνῆσαι
2468 4225 2526 4277 δὲ
2545 4225 2631 4277 διὰ
2651 4225 2896 4296 βραχέων
2907 4227 3006 4279 οὑκ
3026 4228 3273 4299 ἀκερδέςο
3300 4229 3428 4281 Ὅτε
3450 4228 3517 4281 τὰ
3533 4230 3610 4292 είς
3628 4231 3724 4283 κό-

2141 4330 2280 4383 σμον
2299 4313 2392 4366 τοῦ
2416 4315 2716 4385 ἀρχιερέως
2737 4315 2988 4383 γενέσθαι
3005 4316 3370 4388 προστέταχεν
3393 4319 3422 4370 ὁ
3453 4318 3558 4372 τῶν
3577 4319 3728 4370 ὅλων

2137 4405 2287 4472 Θεὸς,
2306 4406 2426 4459 τότε
2453 4407 2588 4477 πρὸς
2615 4406 2708 4460 τὸν
2742 4407 2882 4478 ἱερὸν
2906 4406 3007 4477 ἔφη
3031 4409 3231 4461 Μωσέα
3253 4425 3264 4437 '
3290 4427 3308 4459 ι
3333 4411 3442 4463 Καὶ
3475 4411 3725 4480 ποιήσεις

2139 4495 2315 4564 λόγιον
2334 4498 2565 4567 κρίσεως
2585 4497 2744 4568 ἔργον
2765 4499 3020 4567 ὑφαντοῦ,
3041 4500 3318 4570 σπιθαμῆς
3334 4501 3393 4552 τὸ
3409 4500 3602 4569 μῆκος.
3621 4503 3728 4553 καὶ

473 4589 671 4655 iudicii,
700 4600 834 4656 opus
866 4581 1072 4637 textile.
1109 4579 1279 4634 Palmi
1317 4580 1624 4650 longitudo,
1659 4589 1714 4634 et
1760 4582 1922 4649 palmi
1954 4580 2035 4633 la-

2146 4586 2424 4659 σπιθαμῆς
2439 4589 2500 4642 τὸ
2523 4585 2701 4661 εὖρος.
2721 4589 3073 4661 Τετράγωνος
3090 4592 3261 4645 ἔσται.
3296 4612 3312 4644 ι
3336 4588 3469 4646 Εἶτα
3485 4593 3729 4664 προστέν

469 4681 660 4734 titudo.
702 4673 1149 4745 Quadrangulum
1180 4672 1284 4726 erit
1315 4672 1382 4726 ".
1423 4690 1441 4724 ι
1476 4672 1682 4727 Deinde
1712 4671 1918 4742 lapides
1957 4686 2038 4725 ar-

471 4771 700 4827 tilioiose
735 4767 903 4826 inseri
937 4765 1062 4821 huic
1100 4762 1266 4819 textili
1313 4775 1434 4817 cum
1479 4763 1788 4818 nominibus
1835 4765 2036 4818 duode-

468 4868 572 4919 cim
598 4863 832 4918 tribuum
863 4856 1171 4923 mandavit;
1206 4855 1346 4909 inter
1372 4855 1506 4910 alios
1530 4863 1707 4909 autem
1735 4855 1893 4918 duos,
1926 4855 2034 4923 qui-

471 4959 570 5011 bus
619 4953 836 5008 nomiua
891 4949 1258 5006 Manifestatio
1301 4956 1356 5002 et
1404 4944 1643 5000 Veritas.
1682 4945 1885 4999 Deinde
1938 4948 2038 4999 hoc

473 5045 736 5101 rationale
756 5042 944 5111 iudicii
979 5057 1044 5096 ex
1086 5039 1356 5095 liumerali
1380 5038 1558 5094 aureis
1579 5038 1787 5092 catenis
1807 5051 2035 5105 suspen-

471 5152 588 5192 sum
615 5137 667 5191 in
703 5145 888 5203 pectus
915 5134 1108 5188 summi
1145 5131 1444 5188 sacerdotis
1471 5131 1828 5201 dependebat,
1854 5138 2028 5183 erant-

466 5247 575 5300 que
600 5230 651 5283 in
691 5239 874 5299 typum
902 5227 1265 5282 Emmanuelis
1303 5223 1668 5280 Manifestatio
1709 5233 1763 5278 et
1801 5221 2034 5277 Veritas.

477 5342 496 5374 ε
534 5322 724 5379 Omnia
755 5319 897 5374 enim
945 5333 1066 5388 qua:
1104 5318 1312 5373 audivit
1365 5333 1393 5369 a
1429 5315 1591 5370 Patre
1616 5356 1631 5381 ,
1696 5315 2034 5368 annuutiavit

2141 4696 2305 4748 ταχεν
2335 4680 2394 4745 ἐξ
2425 4681 2684 4752 ὀνόματος
2712 4682 2821 4737 τῶν
2856 4684 3038 4752 φυλῶν
3068 4685 3387 4738 δυοκαίδεκα
3415 4685 3491 4755 τῷ
3533 4703 3730 4756 τεχνηι-

2145 4770 2375 4840 τεύματι
2411 4772 2589 4838 σοφῶς
2623 4773 2885 4844 ἐντέχνως
2921 4773 2996 4844 (ι)
3033 4775 3352 4845 ὑφαίνεσθαι
3383 4773 3582 4837 λίθους.
3611 4775 3729 4827 Δύο

2144 4879 2208 4930 γε
2241 4863 2348 4933 μὴν
2379 4862 2597 4933 ἐτέρους
2625 4865 2825 4934 μεταξὺ
2861 4866 2968 4919 τῶν
2991 4865 3184 4930 ἄλλων,
3212 4860 3292 4928 οἷς
3322 4859 3390 4936 ἢν
3419 4865 3658 4935 ὀνόματα
3685 4869 3726 4936 ἡ

2144 4952 2376 5022 δήλωσις
2412 4954 2507 5007 καὶ
2544 4954 2582 5024 ἡ
2626 4954 2872 5026 ἀλήθεια.
2912 4950 3044 5008 Εἶτα
3089 4954 3246 5006 τοῦτο
3288 4954 3347 5005 τὸ
3395 4952 3572 5016 λόγιον
3617 4954 3731 5023 τῆς

2146 5045 2375 5115 κρίσεως
2407 5047 2471 5099 ἐκ
2501 5047 2598 5118 τῆς
2625 5048 2893 5118 ἐπωμίδος
2921 5047 3146 5117 χρυσαῖς
3174 5043 3466 5116 ἁπῃώρητο
3484 5050 3728 5116 σειραῖς.

2159 5135 2482 5205 Ἐπενήχετό
2510 5153 2567 5188 τε
2601 5136 2676 5205 τῷ
2717 5136 2920 5204 στέρνῳ
2952 5133 3043 5187 τοῦ
3089 5133 3408 5203 ἀρχιερέως,
3441 5137 3534 5188 καὶ
3574 5132 3731 5205 ἦσαν

2145 5226 2222 5285 εἰς
2250 5224 2417 5277 τύπον
2451 5226 2544 5276 τοῦ
2585 5222 2928 5294 Ἐμμανουὴλ
2957 5220 3242 5292 ἡδήλωσις
3284 5222 3375 5274 καὶ
3408 5224 3440 5293 ἡ
3468 5222 3730 5293 ἀλήθεια,

2150 5336 2166 5365 ι
2207 5315 2385 5368 Πάντα
2405 5316 2510 5387 γὰρ
2542 5317 2578 5368 ἃ.
2607 5312 2803 5386 ἤκουσε
2829 5313 2978 5385 παρὰ
3005 5312 3098 5366 τοῦ
3129 5314 3360 5386 Πατρὸς,
3384 5313 3732 5381 ἀπήγγειλεν

541 5522 587 5556 ⁷⁸
612 5521 716 5578 lsa.
751 5535 825 5586 Vl,
860 5520 913 5575 9.
988 5520 1030 5550 "
1071 5517 1207 5573 Osee
1241 5534 1323 5581 Ill,
1359 5517 1412 5569 Ιι.
1489 5515 1534 5546 τ’
1566 5515 1734 5568 Exod.
1766 5532 1952 5581 ututi,
1988 5499 2188 5580 15,16.

546 5698 1429 5776 (t)tiotelerjus_§Ienam.___l€£el.
1465 5697 1555 5754 Gr.
1589 5698 1653 5760 ll,
1690 5697 2066 5776 6'l9,_v_ocen:
2109 5697 2370 5768 ἐντέχνως
2417 5706 2570 5767 putat
2617 5713 2738 5754 esse
2794 5699 3058 5770 glossema
3119 5709 3174 5754 et
3217 5695 3732 5768 interpretationem

476 5767 716 5833 adverbii
741 5771 937 5842 σοφῶς.
969 5769 1096 5824 Vide
1119 5770 1302 5839 Cyrilli
1334 5767 1677 5835 T/tcsaurmn,
1713 5785 1764 5836 p.
1792 5767 1878 5821 48.
1905 5768 2061 5820 litin.
