4002 6220
330 387 420 445 109

1233 377 1782 437 COMMENTARIUS
1823 378 1884 432 1N
1927 379 2156 434 OSEAM
2201 379 2634 435 PROPliETAM.

3453 387 3554 440 ΗΟ

333 509 464 577 ἡμῖν.
511 524 529 556 ι
584 503 691 557 Καὶ
737 501 1002 571 δεδήλωκε
1054 501 1111 553 τὸ
1146 500 1354 572 θέλημα
1395 500 1488 554 τοῦ
1527 501 1884 570 γεννήσαντος

2003 501 2144 555 "nobis
2171 501 2238 568 ⁷³,
2281 520 2298 552 ι
2344 513 2397 555 et
2428 501 2792 558 manifestavit
2826 504 3148 559 voluntatem
3184 505 3300 574 ejus
3329 510 3421 576 qui
3459 526 3553 578 ge-

325 599 510 650 αὐτόν’
544 596 635 648 καὶ
686 594 1017 663 κατέστησεν
1067 593 1268 663 ἐναργῆ
1322 595 1419 663 τῆς
1476 593 1744 662 σωτηρίας
1793 593 1888 663 τὴν

327 688 451 743 ὀδόν.
495 689 617 740 Ὅτι
662 685 720 738 δέ
773 684 1013 737 ἐστικαὶ
1055 683 1300 752 ἀλήθεια,
1329 683 1446 747 πῶς
1492 684 1556 737 ἂν
1602 684 1891 736 ἑνδοιὲισειέ.

331 798 419 843 τις,
470 776 635 831 αὑτοῦ
673 776 922 843 λέγοντος
958 774 1223 845 ἐναργῶςο
1279 792 1297 824 ‹
1348 773 1488 841 Ἐγώ
1533 775 1710 844 είμιή
1753 775 1884 843 ἀλὴ-

330 873 470 934 ista;
509 887 528 920 ι
567 867 664 920 Διά
694 865 854 919 τοῦτο
896 866 987 918 καὶ
1028 866 1162 935 αὐτῇ
1211 867 1276 935 τῇ
1307 863 1398 917 τοῦ
1447 863 1744 934 ἀρχιερέως
1783 865 1890 916 ἀπο

329 959 586 1030 εκρέματο
620 955 835 1027 καρδίᾳ,
876 957 1155 1025 μονονουχὶ
1198 954 1428 1024 βοῶντος
1451 953 1544 1006 τοῦ
1568 953 1760 1016 τύπου,
1795 953 1889 1007 καὶ

329 1047 614 1116 ἀναφανδὸν
655 1045 1110 1116 ἀνακεκραγότος,
1135 1045 1214 1098 ὅτι
1238 1044 1327 1096 τὸν
1364 1043 1469 1097 τῶν
1498 1044 1632 1097 ὅλων
1662 1045 1890 1114 Σωτῆρα

327 1141 408 1194 καὶ
462 1136 782 1208 Λυτρωτὴν,
837 1135 932 1205 τὴν
964 1135 1239 1207 ἀλήθειαν,
1277 1135 1369 1188 καὶ
1405 1135 1503 1204 τὴν
1544 1134 1772 1206 δήλωσιν
1809 1135 1890 1199 είς

327 1230 457 1294 νοῦν,
492 1231 586 1282 καὶ
630 1228 857 1299 καρδίαν
900 1227 962 1280 τὸ
1009 1226 1151 1297 ίερὸν
1193 1225 1301 1291 ἕξει
1348 1226 1521 1295 γένος.
1562 1228 1765 1294 Ἥγουν
1808 1227 1889 1279 ὅτι

327 1322 468 1375 πᾶσά
501 1338 617 1378 πως
651 1321 886 1388 ἀνάγκη,
943 1320 1067 1382 τοὺς
1101 1317 1417 1390 ίερουργοὺς
1453 1319 1538 1372 ἀεὶ
1583 1317 1889 1388 μεμνῆσθαι

324 1413 575 1484 Χριστοῦ,
611 1412 703 1464 καὶ
736 1410 1049 1465 ἐνοικοῦντα
1081 1410 1264 1480 φέρειν
1309 1410 1396 1464 διὰ
1427 1408 1520 1463 τοῦ
1553 1410 1885 1480 Πνεύματος.

321 1501 478 1566 οἶκος
517 1502 571 1555 δὲ
610 1499 775 1555 αὑτοῦ
805 1499 931 1564 νοῦς
975 1499 1234 1571 καθαρὸς,
1285 1499 1380 1553 καὶ
1432 1498 1626 1570 καρδία
1661 1499 1887 1569 διεσμη-

323 1596 514 1666 γμένη.
560 1592 928 1648 Καθεδοῦνται
957 1592 1019 1662 δὴ
1061 1588 1154 1646 οὖν
1197 1592 1412 1664 ἡμέρας
1451 1590 1650 1654 πολλὰς
1687 1591 1736 1644 οἱ
1782 1590 1888 1642 υίοὶ

330 1687 564 1757 Ἰσραὴλ,
599 1687 751 1756 φησὶ,
789 1683 1051 1753 βασιλέως
1092 1683 1192 1736 οὐκ
1236 1683 1408 1746 ὄντος,
1457 1680 1577 1734 οὐδὲ
1608 1681 1887 1751 ἄρχοντος,

1992 589 2323 658 nuitipsum,
2357 603 2412 644 et
2443 589 2581 644 viam
2623 591 2814 646 salutis
2841 593 3249 650 demonstravit.
3291 592 3424 651 Esse
3453 614 3552 651 au-

1991 687 2098 734 tem
2143 680 2452 747 veritatem,
2497 682 2587 750 qui
2631 683 2844 738 tandem
2889 685 3217 740 dubitaverit
3261 688 3554 756 quispiam,

1990 787 2110 826 cum
2142 774 2256 840 ipse
2287 782 2474 842 aperte
2507 774 2651 828 dicat
2680 791 2694 831 :
2743 792 2760 826 ι
2828 773 2939 845 Ego
2964 791 3081 830 sum
3106 777 3307 832 veritas
3345 771 3556 833 "‘hltl-

1991 865 2138 920 circo
2165 873 2218 918 et
2248 865 2346 934 ipsi
2377 865 2575 920 summi
2602 865 2897 921 sacerdotis
2925 868 3132 936 pectori
3174 870 3556 938 appendeban-

1993 966 2100 1020 tur,
2130 965 2336 1010 tantum
2366 970 2473 1011 non
2501 957 2774 1012 clamante
2804 966 2950 1028 typo,
2981 967 3037 1013 et
3061 959 3348 1016 manifeste
3371 961 3556 1015 exclu-

1993 1056 2209 1113 mante,
2257 1049 2633 1103 universorum
2690 1047 3029 1104 Salvatorem
3082 1058 3135 1105 et
3185 1050 3556 1118 liberatorem,

1990 1139 2274 1194 veritatem
2321 1148 2378 1194 et
2431 1139 2923 1196 manifestationem
2967 1151 3218 1197 sanctum
3263 1158 3432 1211 genus
3503 1145 3556 1198 in

1991 1241 2170 1287 mente
2199 1240 2252 1286 et
2275 1233 2437 1288 corde
2464 1231 2776 1286 habiturum
2807 1247 2823 1295 ;
2869 1240 2962 1286 aut
2985 1241 3136 1288 certe
3191 1235 3556 1289 necessarium

1991 1335 2112 1380 esse
2138 1323 2380 1386 omnino,
2412 1323 2725 1378 sacerdotes
2747 1322 2950 1379 Christi
2977 1337 3190 1392 semper
3220 1325 3556 1390 meminisse,

1991 1423 2044 1469 et
2075 1428 2172 1481 per
2197 1413 2455 1484 Spiritum
2489 1414 2541 1468 in
2571 1429 2631 1470 se
2676 1414 3009 1470 habitantem
3033 1415 3406 1472 circumferre.
3454 1419 3559 1472 Do-

1993 1519 2112 1559 mus
2128 1505 2244 1572 ejus
2272 1516 2356 1562 est
2378 1522 2528 1563 meus
2552 1523 2684 1577 pura
2718 1519 2774 1564 et
2802 1525 2899 1565 cor
2947 1520 3354 1582 perpurgatum.
3399 1511 3559 1568 Sedc-

1991 1593 2124 1648 hunt
2150 1595 2312 1665 igitur
2333 1597 2451 1651 dies
2477 1598 2675 1653 multos
2709 1599 2802 1654 lilii
2833 1599 3020 1668 Israel,
3067 1603 3264 1673 inquit,
3297 1617 3417 1658 cum
3454 1620 3558 1658 non

1991 1685 2097 1740 erit
2133 1700 2251 1754 rex,
2303 1702 2407 1742 non
2465 1689 2737 1758 princeps,
2791 1691 2895 1746 hoc
2943 1702 3046 1759 est,
3079 1695 3198 1750 sine
3251 1710 3396 1766 rege,
3443 1696 3561 1752 sine

323 1777 613 1840 τουτέστιν,
643 1772 1002 1832 ἀδασίλευτοι,
1035 1769 1128 1825 καὶ
1159 1774 1172 1793 ⁵
1195 1771 1585 1825 ἀνεπίστευτοι.
1617 1768 1752 1822 υῠτε
1783 1767 1889 1838 γάρ

2003 1776 2247 1844 ρτωεῑάο.
2280 1776 2388 1833 Nec
2409 1778 2551 1834 enim
2575 1783 2875 1852 regnabant
2901 1783 2992 1852 qui
3015 1794 3142 1839 sunt
3167 1799 3198 1840 e
3230 1786 3372 1840 tribu
3397 1785 3556 1850 Juda,

322 1866 729 1936 βασιλεύσουσιν
755 1865 804 1917 0i
832 1864 898 1916 ὲκ
931 1861 1103 1933 φυλῆς
1139 1861 1329 1925 Ἰούδα,
1361 1858 1483 1914 οὔτε
1515 1859 1621 1932 μὴν
1658 1860 1708 1912 οί
1752 1858 1891 1911 κατά

2003 1882 2092 1924 nec
2117 1869 2480 1938 praesidehunt
2507 1871 2800 1942 principes,
2827 1873 2931 1929 hoc
2956 1883 3062 1940 est,
3085 1877 3414 1933 sacerdotes.
3447 1877 3559 1934 Nec

319 1959 481 2028 νόμον
510 1953 957 2028 προεδρεύσουσιν
987 1953 1265 2024 ἄρχοντες,
1294 1951 1593 2016 τουτέστιν,
1625 1951 1674 2004 οἱ
1704 1951 1888 2022 ἱερεῖς.

329 2051 467 2103 Ἀλλ’
516 2048 636 2103 οὐδὲ
665 2047 838 2112 ἔσται,
877 2046 1030 2118 φησι,
1076 2046 1481 2116 θυσιαστήριον,
1530 2043 1563 2114 ἢ
1603 2042 1784 2109 Θυσία,
1820 2043 1894 2095 ίε-

321 2142 537 2214 ρωσύνη
557 2157 616 2198 τε
647 2141 741 2194 καὶ
761 2139 933 2210 δῆλοι.
959 2137 1106 2209 Πλὴν
1136 2139 1236 2191 οὐκ
1263 2139 1321 2190 ὲν
1348 2135 1559 2198 τούτοις
1581 2133 1892 2199 διαπαντὸς,

315 2235 432 2288 οὐδὲ
460 2232 824 2302 ἀπόπεμπτος
851 2229 1158 2300 όλοτρόπως
1184 2231 1212 2282 ό
1249 2227 1463 2298 Ἰσραὴλ
1490 2225 1665 2291 ἔσται,
1703 2225 1896 2296 κεκλή.

321 2336 472 2379 σεται
497 2327 607 2395 γὰρ
632 2323 772 2378 κατὰ
802 2322 1044 2393 καιροὺς,
1066 2321 1160 2376 καὶ
1190 2318 1504 2390 ἐπιστρέψει
1524 2317 1610 2372 διὰ
1637 2317 1892 2382 πίστεως,

318 2423 404 2474 καὶ
452 2417 819 2487 ἐπιγνώσεται
863 2417 954 2470 τὸν
985 2412 1090 2469 τῶν
1130 2415 1266 2469 ὅλων
1300 2413 1453 2476 Θεὸν,
1489 2413 1582 2466 καὶ
1620 2412 1717 2466 σὺν
1745 2411 1895 2482 αὐτῷ

317 2515 398 2567 τὸν
453 2511 644 2574 Δαϐὶδ,
691 2508 953 2572 τουτέστι,
1002 2507 1092 2560 τὸν
1141 2507 1205 2558 ἐκ
1255 2505 1563 2573 σπέρματος
1593 2503 1773 2566 Δαϐὶό,
1805 2502 1896 2555 τὸν

319 2605 458 2659 κατὰ
497 2604 678 2674 σάρκα
706 2598 958 2671 Χριστὸν,
991 2598 1081 2650 τὸν
1111 2596 1218 2650 τῶν
1238 2596 1374 2649 ὅλων
1401 2593 1626 2665 βασιλέα
1665 2593 1759 2646 καὶ⁸
1785 2591 1897 2652 Κύ-

323 2716 447 2768 ριον.
486 2697 623 2749 Τότε
653 2693 741 2764 δὴ,
767 2694 888 2746 τότε
913 2689 1422 2759 καταπλαγήσονται
1461 2685 1558 2757 τῆς
1591 2683 1897 2756 φιλοτιμίας

317 2790 372 2842 τὸ
409 2787 672 2859 μέγεθος,
701 2786 796 2839 καὶ
827 2782 927 2854 τὴν
959 2782 1056 2852 τῆς
1091 2779 1425 2852 ἡμερότητος
1454 2777 1760 2848 ἀμέτρητον
1797 2775 1897 2847 χά-

323 2897 418 2950 ριν.
478 2877 892 2949 Συμμεθέξουσι
924 2873 1033 2945 γὰρ
1063 2873 1158 2943 τῆς
1192 2875 1303 2935 τοῖς
1328 2870 1505 2938 ἁγίοις
1531 2867 1899 2941 ηὐτρεπισμέ-

317 2988 410 3040 νης
462 2967 704 3030 ἐλπίδος,
739 2965 832 3018 καὶ
873 2965 994 3025 ταῖς
1043 2961 1150 3016 τῶν
1194 2959 1636 3014 πεπιστευκότων
1678 2958 1899 3026 ἀγέλαις

316 3058 546 3131 ἀναμὶξ,
578 3061 636 3112 ὲν
663 3059 802 3128 νομῇ
833 3054 1034 3125 ἀγαθῇ,
1069 3053 1164 3106 καὶ
1201 3053 1260 3106 ὲν
1305 3050 1455 3122 τόπῳ
1481 3050 1624 3108 πίονι
1650 3048 1898 3120 νεμηθή-

319 3171 528 3208 σονται.
566 3149 773 3221 Καιρὸι,
803 3147 913 3218 γὰρ
957 3146 1139 3210 αὐτοῖς
1177 3143 1276 3214 τῆς
1309 3142 1450 3197 οὕτω
1495 3141 1775 3212 λαμπρᾶς,
1805 3140 1901 3194 καὶ

321 3243 663 3313 ἀξιαγάστου
716 3240 938 3312 χάριτος
980 3239 1009 3291 ό
1059 3236 1366 3299 τελευταῖος
1413 3235 1506 3288 καὶ
1535 3233 1594 3287 ὲν
1631 3233 1898 3304 ἐσχάτοις,

321 3337 414 3391 καὶ
435 3338 500 3390 ὲν
532 3333 775 3406 Χριστῷ,
793 3332 860 3386 δι’
889 3325 971 3395 οὗ,
1002 3332 1096 3385 καὶ
1129 3329 1248 3402 μεθ’
1273 3321 1335 3383 οὗ
1357 3328 1434 3399 τῷ
1462 3325 1581 3393 Θεῷ
1607 3327 1701 3380 καὶ
1726 3325 1903 3398 Πατρὶ

321 3428 356 3497 ὴ
383 3424 540 3491 δόξα,
573 3424 671 3477 σὺν
698 3421 776 3494 τῷ
801 3421 943 3494 ἁγίῳ
974 3420 1274 3492 Πνεύματι,
1311 3419 1392 3484 είς
1411 3417 1538 3484 τοὺς
1565 3417 1764 3484 αἰῶνας
1793 3416 1903 3470 τῶν

322 3518 559 3573 αἰώνων.
609 3515 803 3586 Ἀμήν.

682 3637 1064 3726 ΤΟΜΟΣ
1136 3632 1552 3720 ΤΡΙΤΟΣ.

929 3790 1179 3845 ΚΕΦΔΛ.
1227 3790 1300 3842 Δ’.

398 3910 730 3966 Ἀκούσατε
740 3905 926 3974 λόγον
938 3903 1178 3971 Κυρίου,
1193 3900 1310 3956 υἱοὶ
1327 3898 1588 3967 Ἰσραὴλ,
1609 3897 1695 3951 ὅτι
1712 3896 1907 3966 κρίσις

331 4001 410 4067 τῷ
461 4001 661 4068 Κυρίῳ
710 3996 860 4064 πρὸς
908 3995 1049 4060 τοὺς
1110 3991 1537 4056 κατοικοῦντας
1589 3988 1706 4056 τὴν
1755 3987 1904 4056 γῆνο

326 4092 482 4146 διότι
517 4092 631 4145 οὐκ
657 4090 830 4143 ἐστιν
859 4086 1132 4152 ἀλήθεια,
1194 4083 1318 4138 οὐδ’
1349 4084 1539 4149 ἕλεος,
1589 4079 1732 4134 οὐδὲ
1781 4079 1909 4134 ἐπί-

330 4197 559 4250 γνωσις
610 4177 758 4233 Θεοῦ
808 4176 905 4230 ἐπὶ
941 4175 1072 4246 γῆς.
1141 4173 1298 4242 Ἀρὰ,
1359 4173 1456 4227 καί
1512 4171 1758 4241 ψεῦδος,
1810 4169 1910 4224 καὶ

326 4273 547 4341 φόνος,
576 4269 676 4323 καὶ
710 4268 931 4335 κλοπὴ,
966 4268 1061 4321 καὶ
1099 4266 1332 4336 μοιχεία
1381 4265 1621 4334 κέχυται
1653 4264 1752 4318 ἐπὶ
1799 4262 1910 4332 τῆς

321 4363 468 4433 γῆς,
502 4367 598 4418 καὶ
622 4363 839 4431 αἵματα
869 4358 962 4429 ἐφ’
997 4359 1206 4428 αἵμασι
1240 4359 1588 4428 μίσγουσιν.

396 4470 533 4526 ΛΕ’.
582 4471 903 4539 ’Λναγκαίον
932 4470 1079 4540 ἡμᾶς
1122 4466 1439 4539 διατρανοῦν
1481 4465 1760 4528 ἐθέλοντας
1803 4465 1909 4517 τῶν

1993 1960 2118 2022 erit,
2165 1959 2360 2028 inquit,
2397 1961 2594 2028 altare,
2648 1971 2739 2018 aut
2788 1963 3120 2021 sacriﬁcium
3175 1968 3562 2024 sacerdotium-

1991 2059 2194 2119 que,et
2216 2051 2513 2108 manifesti.
2551 2054 2930 2111 Verumtamen
2957 2072 3062 2112 non
3089 2057 3142 2113 in
3174 2058 3294 2115 istis
3320 2075 3556 2132 semper,

1994 2155 2094 2196 nec
2122 2143 2449 2200 omnimodis
2480 2146 2716 2216 reiectus
2751 2145 2920 2203 Israel
2960 2149 3232 2217 manebit;
3281 2153 3562 2207 vocabitur

1994 2234 2138 2289 enim
2169 2236 2476 2307 aliquando,
2506 2247 2679 2310 etper
2711 2239 2869 2295 ﬁdem
2900 2254 3218 2306 conversus,
3243 2243 3412 2300 Deum
3442 2245 3564 2300 uni-

1994 2340 2273 2380 versorum
2327 2338 2601 2398 agnoscet,
2649 2338 2854 2386 etcum
2908 2333 3026 2402 ipso
3063 2333 3259 2404 David,
3309 2335 3410 2392 hoc
3456 2347 3561 2402 est,

1995 2417 2084 2485 qui
2119 2415 2317 2487 prodiit
2339 2433 2405 2474 ex
2456 2423 2664 2478 semine
2702 2423 2868 2479 David
2891 2465 2906 2490 ,
2955 2427 3231 2484 Christum
3265 2430 3562 2484 secundum

1993 2527 2235 2576 carnem,
2283 2515 2661 2570 universorum
2691 2531 2873 2586 regem
2925 2534 2990 2574 ac
3051 2520 3361 2574 Dominum.
3387 2522 3561 2586 Tunc,

1997 2611 2127 2656 tunc
2162 2601 2532 2664 beneﬁcentiae
2559 2605 3009 2674 magnitudinem,
3040 2616 3096 2662 et
3135 2610 3566 2664 mansuetudinis

1998 2693 2312 2752 immensam
2345 2694 2574 2761 gratiam
2618 2694 3023 2766 obstupescent.
3079 2696 3373 2767 Participes
3417 2699 3564 2754 enim

1997 2788 2156 2835 erunt
2205 2781 2320 2850 spei
2362 2783 2566 2836 sanctis
2596 2791 2945 2853 praeparatae,
3000 2795 3421 2858 sanctorumque
3474 2803 3567 2859 ag-

1998 2871 2234 2926 minibus
2265 2873 2479 2928 admisti
2513 2874 2565 2928 in
2593 2875 2806 2942 pascuis
2839 2874 3014 2942 bouis,
3071 2883 3125 2930 et
3159 2876 3210 2930 in
3239 2875 3361 2932 loco
3382 2877 3565 2947 pingui

1998 2973 2310 3033 pascentur.
2341 2962 2578 3033 Tempus
2611 2965 2754 3019 enim
2788 2965 2924 3020 adeo
2957 2965 3255 3036 splendidae
3301 2975 3357 3022 et
3384 2967 3562 3022 admi-

1999 3051 2182 3107 randa:
2207 3053 2391 3122 gratia:
2423 3052 2553 3120 ipsis
2574 3054 2678 3108 erit
2702 3063 3005 3110 extremum
3032 3054 3184 3123 illud,
3210 3065 3269 3111 et
3297 3056 3565 3118 ultimum,

1998 3149 2055 3197 et
2089 3141 2141 3197 in
2166 3141 2402 3207 Christo,
2435 3142 2545 3214 63
2599 3157 2697 3213 per
2733 3157 2896 3213 quem
2943 3151 3148 3199 etcum
3200 3157 3309 3214 quo
3359 3143 3469 3200 Deo
3517 3155 3572 3198 et

2000 3231 2148 3289 Patri
2180 3232 2369 3302 gloria,
2403 3249 2526 3288 cum
2560 3242 2753 3292 sancto
2780 3233 2989 3305 Spiritu
3014 3234 3066 3289 in
3099 3234 3295 3290 saecula
3337 3235 3570 3290 saeculu-

2004 3341 2146 3385 rum.
2175 3326 2368 3383 Amen.

2275 3629 2661 3722 FOMUS
2757 3631 2983 3720 TER
3019 3631 3316 3723 l‘lUS.

2639 3779 2793 3836 CAP.
2838 3780 2927 3837 IV.

2081 3891 2246 3948 Vens.
2272 3893 2324 3956 l,
2355 3892 2410 3946 2.
2442 3893 2632 3946 Audite
2661 3893 2871 3947 verbum
2948 3891 3180 3959 Domini,
3218 3893 3319 3962 ﬁlii
3387 3895 3575 3959 Israel,

2008 3987 2132 4056 quia
2152 3985 2419 4054 judicium
2469 3984 2695 4038 Domino
2727 3985 2798 4038 ad
2828 3985 3125 4039 habitantes
3173 3996 3409 4050 terram;
3454 3986 3578 4052 quia

2009 4092 2113 4130 non
2135 4086 2210 4130 est
2232 4077 2442 4141 veritas,
2462 4091 2622 4145 neque
2643 4077 3023 4140 misericordia,
3042 4094 3201 4145 neque
3225 4078 3444 4131 scientia
3484 4077 3578 4131 Dei

2009 4181 2166 4230 super
2199 4175 2412 4218 terram.
2441 4163 3207 4229 Malediclio,etmendacium,
3257 4176 3304 4219 et
3357 4167 3580 4220 homiri-

2009 4258 2175 4322 dium,
2210 4267 2254 4310 et
2299 4255 2520 4323 furtum,
2571 4265 2619 4309 et
2649 4255 2965 4309 adulterium
3021 4257 3244 4326 e/j‘usum
3294 4267 3369 4311 est
3427 4274 3582 4327 super

2010 4357 2298 4414 terram,.et
2320 4363 2598 4418 sanguines
2628 4365 2685 4402 ιη
2711 4351 3054 4419 sangutm'bus
3094 4361 3330 4406 νηικθηι.

2084 4460 2304 4517 XXXV.
2335 4461 2562 4517 Necesse
2589 4469 2671 4517 est
2725 4477 2822 4517 nos
2864 4463 3192 4517 sententiam
3226 4463 3420 4517 horum
3463 4478 3584 4516 ver-

323 4563 713 4635 προκειμένων
743 4562 836 4616 τὸν
873 4560 1018 4625 νοῦν,
1066 4559 1344 4632 μονονουχὶ
1387 4558 1752 4629 παλινάγρετα
1789 4572 1899 4608 ποι-

2012 4555 2202 4608 borum
2239 4553 2531 4622 explanare
2557 4554 2826 4619 volentes,
2858 4569 2994 4624 pene
3038 4556 3220 4609 omnia
3249 4571 3276 4608 a
3311 4555 3581 4624 principio

320 4653 511 4706 εἰσθαι
538 4654 609 4706 τὰ
637 4655 695 4707 ὲν
726 4653 941 4725 ἀρχαῖς,
972 4653 1066 4704 καὶ
1093 4651 1213 4704 ὅλον
1235 4650 1421 4720 ὥσπερ
1452 4645 1906 4718 ἀναμηρύσασθαι

323 4745 427 4814 τῆς
465 4745 804 4816 προφητείας
837 4745 929 4798 τὸν
960 4743 1178 4797 σκοπόν.
1221 4743 1447 4806 Οὐκοῦν,
1478 4740 1554 4803 ὡς
1592 4739 1692 4804 ἔνι,
1731 4739 1823 4792 καὶ
1852 4738 1909 4790 ἐν

323 4837 563 4910 βραχέσι
595 4836 948 4904 συνενεγκὼν,
983 4835 1157 4889 ἐκεῖνό
1197 4850 1357 4906 φημι.
1399 4852 1416 4885 ι
1453 4833 1645 4901 Γέγονε
1680 4832 1776 4900 μὲν
1804 4829 1912 4900 γὰρ

320 4928 480 4998 ἀρχὴ
511 4929 669 4998 λόγου
709 4927 914 4998 Κυρίου
961 4928 1020 4981 ἐν
1079 4926 1260 4996 Ὡσηέ.
1301 4945 1320 4976 ι
1355 4923 1806 4997 Διερμηνεύοντες
1854 4921 1912 4975 δὲ

319 5019 394 5072 τὰ
427 5020 637 5083 τοιάδε,
679 5019 813 5087 πρὸς
839 5019 928 5073 τὸν
971 5019 1239 5089 μακάριον
1269 5020 1552 5089 προφήτην
1603 5015 1759 5085 Ὠσηὲ
1787 5015 1913 5076 τοὺς

318 5112 492 5184 παρὰ
518 5110 651 5164 Θεοῦ
681 5111 935 5180 γενέσθαι
966 5110 1157 5181 λόγους
1183 5109 1412 5172 εἰκότως
1441 5109 1722 5176 ἐλέγομεν,
1753 5105 1914 5157 οἱονεὶ

317 5203 823 5276 μυσταγωγοῦντος
863 5203 1045 5268 αὐτὸν,
1089 5203 1182 5256 καὶ
1225 5202 1294 5256 τά
1323 5201 1552 5272 ἐσόμενα
1589 5215 1916 5270 προαναφω-

313 5296 556 5358 νοῦντος
601 5295 689 5348 διά
718 5312 781 5349 τε
809 5294 996 5349 τύπων
1050 5294 1145 5348 καὶ
1196 5293 1388 5361 λόγων.
1424 5291 1610 5363 Ταύτῃ
1654 5309 1734 5344 τοι
1771 5309 1914 5364 παρ-

315 5386 678 5455 ελαμὸἀνετο
713 5388 812 5457 μὲν
844 5389 900 5440 ἐν
930 5388 1123 5458 ἀρχαῖς
1154 5387 1188 5456 ἡ
1206 5385 1415 5456 Γόμερ·
1453 5384 1628 5436 ἔτικτε
1657 5384 1713 5436 δὲ
1740 5383 1830 5436 τόν
1855 5399 1914 5435 τε

309 5481 378 5532 οὐ
438 5479 577 5532 λαόν
631 5496 755 5550 μου,
801 5479 895 5532 καὶ
941 5478 1040 5549 τὴν
1095 5479 1197 5530 οὐκ
1248 5476 1572 5547 ἡλεημένην.
1624 5473 1756 5529 Εἶτα
1796 5474 1914 5545 μετ’

312 5572 556 5642 ἐκείνην
599 5570 952 5642 προσελήφθη
1001 5569 1228 5641 δευτέρα
1285 5568 1528 5642 μοιχαλίς
1576 5586 1637 5621 τε
1683 5569 1775 5622 καὶ
1819 5584 1916 5619 πο-

304 5660 518 5732 νηρὰ,
562 5661 657 5714 καὶ
703 5661 772 5714 τά
805 5662 890 5732 ἐφ’
942 5663 1158 5731 ἑκάστῳ
1209 5659 1409 5713 τούτων
1451 5660 1659 5722 λεπτῶς
1702 5677 1759 5712 τε
1821 5660 1914 5712 καὶ

415 5823 470 5852 ⁷³
517 5819 666 5878 Joau.
700 5839 792 5889 xv,
825 5823 909 5878 l5.
985 5823 1032 5853 7"
1069 5821 1226 5880 Joan.
1259 5836 1366 5886 :uv,
1401 5819 1452 5871 6.
1531 5818 1575 5847 "'5
1611 5814 1750 5869 0500
1787 5830 1822 5880 ι,
1863 5815 1907 5865 ιο

2015 4647 2157 4701 dicta
2213 4661 2508 4710 resumere,
2561 4656 2615 4700 et
2669 4645 2826 4716 quasi
2875 4655 3043 4702 totum
3093 4647 3388 4717 prophetia:
3429 4645 3586 4715 hujus

2015 4753 2237 4807 scopum
2279 4738 2613 4808 recolligere.
2644 4739 2852 4810 itaque,
2897 4749 2958 4795 ut
3002 4740 3150 4805 licet,
3207 4749 3261 4794 et
3297 4740 3350 4794 in
3413 4753 3587 4808 pauca

2015 4830 2302 4887 conferens
2335 4831 2465 4886 illud
2488 4832 2593 4888 aio.
2627 4851 2647 4886 ι
2686 4833 2911 4887 Factum
2956 4843 3040 4887 est
3079 4832 3404 4904 principium
3435 4831 3586 4888 verbi

2018 4922 2230 4976 Domini
2280 4922 2334 4977 in
2368 4923 2504 4980 Osca
2537 4923 2605 4977 ⁷⁸.
2639 4943 2657 4975 ι
2718 4924 2847 4991 Quae
2901 4937 3022 4978 cum
3084 4927 3588 4994 interpretaremur,

2017 5016 2328 5072 dicebamus
2347 5015 2569 5071 verbum
2598 5015 2690 5070 Dei
2718 5017 2783 5069 ad
2811 5017 3023 5071 beatum
3050 5017 3368 5085 prophetam
3393 5013 3589 5072 Oscam

2021 5124 2050 5162 a
2077 5109 2187 5166 Deo
2210 5109 2406 5164 merito
2435 5108 2659 5174 factum,
2689 5107 2852 5164 veluti
2876 5110 3131 5179 mysteria
3160 5108 3335 5179 ipsum
3362 5109 3593 5164 docente

2022 5209 2077 5255 et
2108 5210 2332 5256 ventura
2365 5214 2460 5270 per
2486 5201 2688 5270 liguras
2721 5210 2776 5256 et
2811 5201 2972 5256 verba
3026 5201 3449 5270 prreuuntiaute.
3499 5196 3589 5251 ld-

2022 5293 2167 5347 circo
2204 5291 2358 5346 initio
2398 5292 2567 5348 ascita
2616 5303 2700 5348 est
2729 5293 2951 5359 Gomer,
2983 5293 3302 5362 peperitque
3349 5289 3462 5343 Non
3497 5301 3591 5356 po-

2020 5383 2175 5453 pulus
2234 5400 2407 5449 meus,
2463 5395 2520 5440 et
2572 5385 3000 5441 .‘llisericordiam
3056 5399 3162 5440 non
3216 5387 3584 5439 consecutam.

2022 5475 2212 5530 Postea
2244 5487 2521 5548 assumpta
2556 5487 2640 5532 est
2671 5479 2839 5534 altera
2887 5487 2941 5534 et
2970 5479 3181 5534 moecha
3215 5485 3270 5531 et
3299 5471 3540 5541 improba
3567 5484 3585 5536 ;

2019 5576 2071 5623 et
2095 5569 2430 5638 singulorum
2482 5570 2710 5627 istorum
2746 5586 2942 5626 arcana
2985 5571 3254 5625 subtiliter
3302 5571 3586 5618 accurate-

2021 5674 2125 5727 que
2156 5661 2438 5731 propheta,
2469 5670 2527 5715 ut
2556 5663 2664 5716 dixi
2699 5705 2712 5728 ,
2740 5663 2961 5717 edoctus
2984 5667 3087 5713 cst.
3115 5658 3392 5724 Tanquam
3420 5652 3585 5725 igitur
