4002 6220
387 445 478 499 HI

387 559 624 630 my~terii
659 558 856 611 virtute
925 557 1063 626 apud
1119 571 1176 612 se
1209 558 1564 627 undcqnaque
1617 571 1864 628 ιιριουιιιει
1893 569 1941 609 et

2058 559 2289 628 ἀκριϐῶς
2332 559 2358 610 ό
2394 559 2696 628 προφήτης,

384 650 618 718 cognita,
664 651 914 718 deinceps
940 650 1201 704 Israelitis
1255 651 1433 704 futura
1470 652 1832 720 promulgare,
1893 665 1942 706 et

383 742 706 796 calamitatis
738 742 882 795 brevi
915 758 1008 797 eos
1044 743 1312 797 invasurte
1343 743 1589 795 nuntium
1627 742 1821 796 efferre
1851 784 1864 805 ,
1895 753 1948 796 et

382 831 580 901 quibus
643 834 998 889 exacerbatus
1048 834 1119 887 sit
1191 835 1332 888 Deus
1363 871 1378 896 ,
1433 831 1734 886 clarissime
1778 847 1946 901 expo-

384 938 512 975 nere
539 925 780 990 orditur;
809 933 865 977 ut
895 925 983 992 qui
1019 923 1310 992 puniuntur
1334 923 1509 977 sciant
1555 937 1614 976 se
1646 923 1754 991 pati
1779 923 1901 992 jure
1930 962 1944 987 ,

383 1029 718 1082 quwcunque
735 1031 826 1068 eos
843 1016 950 1083 pati
971 1014 1278 1084 contigerit.
1296 1014 1429 1067 Cum
1450 1015 1592 1067 enim
1615 1014 1682 1067 ab
1701 1013 1949 1068 hostibus

384 1105 630 1173 capiendi
673 1113 872 1169 essent,
903 1116 956 1166 et
977 1105 1209 1161 ludibrio
1235 1105 1400 1159 futuri
1429 1105 1575 1174 ipsos
1603 1113 1755 1158 antea
1781 1105 1951 1158 admi-

385 1197 718 1260 rantibus,et
743 1198 992 1253 lsraelem
1011 1213 1172 1267 supra
1200 1211 1387 1253 omnes
1407 1206 1593 1266 gentes
1620 1197 1755 1250 alias
1783 1212 1950 1266 expu-

384 1295 548 1351 gnatu
570 1285 937 1339 difﬁcillimum
972 1287 1388 1352 arbitrantibus,
1414 1301 1480 1339 ne
1509 1295 1760 1356 putarent
1792 1287 1949 1339 auxi-

385 1374 652 1429 liatricem
675 1386 726 1430 et
746 1377 1093 1432 servatricem
1124 1393 1340 1431 manqu
1367 1379 1417 1431 in
1446 1377 1576 1446 ipsis
1607 1377 1908 1446 elanguisse
1933 1393 1948 1443 ;

383 1467 476 1519 sed
514 1467 891 1535 resipiscerent
920 1471 1117 1537 potius,
1146 1479 1199 1522 et
1240 1469 1306 1523 ad
1365 1468 1626 1523 salutaria
1662 1482 1950 1523 recurrere

392 1557 761 1622 instituerent,
815 1560 1118 1628 cogitantes
1171 1560 1295 1629 quia
1347 1574 1440 1629 per
1480 1559 1840 1628 ignorantiam
1871 1557 1954 1610 of-

386 1648 652 1700 fenderint
698 1663 843 1711 eum,
898 1649 987 1717 qui
1051 1663 1270 1704 servare
1319 1648 1491 1710 novit,
1546 1648 1664 1702 ideo
1712 1646 1953 1701 divinam

385 1739 517 1791 iram
547 1741 597 1792 in
638 1755 697 1794 se
717 1741 1018 1806 execuisse,
1079 1738 1386 1793 necessario
1419 1739 1582 1793 etiam
1627 1747 1755 1792 ante
1788 1737 1952 1792 futu-

385 1843 567 1881 rerum
617 1830 1072 1898 exspectationem
1101 1830 1309 1885 scelera
1343 1845 1532 1886 eorum
1578 1829 1710 1900 ipsis
1741 1844 1953 1883 annun-

385 1920 510 1982 tiat,
564 1918 674 1989 64
725 1929 780 1973 et
813 1920 890 1973 ait
926 1937 940 1974 :
977 1940 997 1972 c
1039 1921 1238 1976 Audite
1291 1923 1516 1976 verbum
1568 1920 1808 1984 Domini,
1856 1919 1950 1973 lilii

383 2009 566 2074 Israel,
615 2011 739 2078 quia
775 2010 1036 2078 judicium
1082 2013 1305 2068 Domino
1360 2013 1427 2067 ad
1472 2012 1778 2067 habitantes
1844 2020 1952 2064 ter—

386 2117 522 2155 rant.
561 2121 579 2153 ι
636 2101 844 2158 Judicio
891 2111 1070 2158 autem
1115 2104 1391 2160 contendit
1442 2119 1564 2159 cum
1617 2103 1948 2166 hominibus,

385 2209 708 2261 roargucns,
736 2208 841 2248 non
874 2195 1200 2250 sententiam
1258 2196 1555 2265 excipiens,
1607 2203 1661 2250 et
1692 2194 1951 2265 impietati

392 2285 444 2336 in
474 2285 648 2353 ipsum
685 2285 934 2339 obnoxiis
989 2297 1172 2356 aperta
1205 2301 1270 2342 ac
1323 2288 1464 2342 nuda
1518 2301 1704 2342 eorum
1749 2285 1952 2340 scelera

387 2377 654 2445 proponit,
690 2377 842 2445 juxta
876 2378 1026 2444 illud,
1063 2379 1256 2448 opinor
1285 2395 1299 2432 :
1341 2397 1361 2430 ι
1397 2380 1630 2448 Arguam
1660 2387 1730 2443 te,
1763 2387 1816 2432 et
1841 2385 1950 2431 sta-

389 2478 536 2521 tuam
575 2481 765 2524 contra
805 2470 998 2525 faciem
1035 2478 1180 2524 luam
1209 2469 1526 2539 iniquitates
1564 2477 1687 2524 tuas
1717 2469 1792 2532 7°;
1827 2488 1843 2521 ι
1887 2483 1952 2522 ne

389 2570 590 2613 temere
620 2561 754 2615 iram
783 2563 832 2615 in
863 2575 920 2617 se
954 2561 1205 2617 collatam
1229 2561 1412 2615 dicant
1442 2577 1458 2627 ;
1503 2561 1596 2615 sed
1630 2569 1689 2614 ut
1715 2559 1953 2614 debitum

388 2653 680 2718 quoddam,
712 2661 767 2706 et
811 2651 1065 2706 maximis
1108 2651 1502 2721 peccatoribus,
1545 2659 1600 2704 et
1647 2649 1956 2705 necessario

387 2745 739 2812 persolutum.
793 2744 931 2811 Quid
979 2757 1140 2814 porro
1185 2741 1319 2797 dicit
1374 2743 1465 2811 qui
1505 2739 1793 2808 disceptat,
1843 2741 1956 2792 sive

386 2837 477 2906 qui
513 2835 726 2904 arguit?
778 2853 796 2886 ‹
838 2831 956 2891 Νοιι
1015 2843 1099 2889 est
1141 2834 1364 2896 veritas.
1418 2847 1518 2886 nec
1558 2829 1952 2893 misericordia,

391 2943 489 2981 nec
518 2927 742 2980 scientia
775 2927 865 2980 Dei
906 2941 1068 2995 super
1109 2934 1334 2980 terram.
1369 2943 1388 2976 ι
1425 2923 1576 2989 Quod
1602 2922 1818 2986 dicitur,
1849 2937 1952 2975 non

388 3033 513 3074 esse
565 3019 873 3081 veritatem,
907 3018 960 3071 id
1005 3018 1265 3079 insinuat,
1315 3025 1371 3070 et
1421 3016 1805 3071 convenienter
1855 3015 1952 3068 ad-

389 3111 629 3175 modum,
662 3107 800 3178 apud
827 3122 1017 3163 omnes
1048 3123 1143 3178 per
1189 3108 1241 3162 id
1273 3118 1481 3177 tempus
1525 3107 1752 3161 multum
1789 3106 1954 3161 fuisse

389 3201 804 3265 calumniarum,
849 3200 1107 3270 perjurii,
1155 3199 1380 3254 fallaciae
1426 3198 1656 3292 ac.doli,
1706 3207 1949 3254 extrema
1979 3234 2021 3292 ο

393 3292 659 3347 malorum
711 3293 976 3346 omnium.
1035 3291 1224 3346 Fuisse
1274 3307 1402 3346 vero
1433 3269 1530 3345 ιιεό
1573 3291 1950 3357 redamantes,

390 3399 490 3438 nec
539 3384 966 3439 misericordiam
1021 3383 1275 3438 habuisse
1309 3384 1474 3439 corde
1513 3383 1745 3452 rigidos,
1783 3384 1956 3438 immi—

393 3485 495 3542 tes,
530 3476 709 3530 animo
739 3475 1076 3536 obiirmatos.
1116 3477 1248 3531 satis
1274 3477 1560 3532 ostendere
1583 3487 1784 3547 potest,
1814 3478 1954 3545 quutl

392 3570 624 3633 dicitur,
674 3583 777 3622 non
826 3583 944 3621 esse
1000 3570 1139 3636 apud
1186 3583 1280 3623 eos
1321 3568 1773 3624 misericordiam.
1831 3557 1957 3621 l‘JSse

395 3673 572 3714 autem
601 3659 896 3726 voluptatis
924 3659 1122 3728 potius,
1155 3674 1315 3728 quam
1344 3660 1439 3714 Dei
1481 3669 1750 3724 amantes,
1776 3670 1828 3714 et
1854 3660 1960 3713 diis

395 3751 785 3807 commentitiis
840 3751 1052 3819 penitus
1095 3751 1360 3817 addictos,
1419 3751 1644 3820 insuper
1694 3751 1957 3816 declarat,

395 3861 519 3896 runt
567 3843 657 3896 Dei
708 3841 991 3896 scientiam
1049 3856 1152 3894 non
1203 3855 1323 3895 esse
1382 3842 1436 3896 in
1499 3844 1655 3897 terris
1707 3841 1956 3897 affirmat.

390 3934 662 3986 I'raaterea
715 3949 817 3985 nou
875 3932 1129 3986 indecens
1182 3931 1365 3998 fuerit,
1419 3943 1525 3988 tam
1585 3935 1740 3990 tetris
1772 3975 1786 3998 ,
1840 3943 1894 3989 et
1930 3952 1958 3987 a

394 4025 603 4077 ratione
631 4023 819 4077 alienis
860 4023 1002 4076 vitiis
1028 4023 1342 4089 obstrictos,
1396 4024 1652 4080 arbitrari
1687 4040 1754 4080 ne
1797 4041 1960 4080 nosse

393 4115 608 4183 quidem
639 4113 867 4182 amplius
903 4114 1066 4168 Deum
1113 4130 1127 4167 :
1167 4115 1432 4183 siquidem
1467 4131 1626 4172 nosse
1673 4118 1825 4172 illum
1879 4119 1961 4172 di-

392 4210 562 4258 cimus
585 4222 706 4260 cum
741 4208 876 4260 bene
911 4206 976 4260 (le
1010 4221 1073 4261 eo
1120 4209 1415 4264 sentientes
1462 4209 1657 4264 divina:
1705 4210 1820 4277 ejus
1868 4226 1963 4264 v0-

393 4301 580 4353 luutati
617 4301 1070 4354 ohsecnndamus.
1096 4301 1351 4371 Adiungit
1379 4303 1488 4366 bis,
1533 4320 1551 4354 ι
1589 4304 1960 4368 maledictum,

395 4394 762 4458 mendacium,
795 4393 1173 4459 homicidium,
1202 4393 1430 4458 furtum,
1477 4395 1800 4450 adulterium
1833 4396 1964 4450 effu-

391 4503 507 4540 sum
545 4500 664 4539 esse
691 4498 851 4552 super
886 4493 1106 4547 terram,
1152 4495 1204 4537 et
1237 4484 1452 4539 misceri
1504 4487 1791 4555 sanguines
1833 4502 1960 4541 sau-

1407 441 1464 496 S.
1506 439 1775 496 CYRlLLl
1819 440 2282 494 ALEXANDNNI
2324 439 2640 496 ARCHIEP.

3527 443 3629 497 ΗΞ

2751 558 2825 622 ὡς
2878 559 3032 629 ἔφην,
3086 559 3479 626 ἐξεπαιδεύετο.
3542 559 3627 622 ἐἰς

2050 647 2140 703 οὖν
2174 651 2498 720 ἀποχρῶσαν
2534 650 2624 702 τοῦ
2667 653 2962 721 μυστηρίου
2989 654 3085 720 τὴν
3126 653 3357 722 δύναμιν
3394 669 3626 720 συναγη·

2051 740 2260 812 γερκὼς
2309 743 2365 793 ἐν
2412 741 2608 810 ἐαυτῷ,
2662 741 2885 811 ἄρχεται
2933 742 3115 794 λοιπὸν
3145 743 3257 804 τοῖς
3291 741 3349 805 ἐξ
3399 742 3629 810 αἵματος

2063 830 2274 902 Ἰσραὴλ
2304 833 2605 901 ἀναφωνεῖν
2628 833 2693 883 τά
2719 831 2998 901 μέλλοντα,
3027 833 3122 885 καὶ
3149 831 3247 900 τῆς
3269 832 3390 884 ὅσον
3419 831 3628 884 οὐδέπω

2051 923 2430 994 παρεσομένης
2463 924 2646 987 αὐτοῖς
2682 926 2964 995 συμφορᾶς
2989 923 3194 994 ἐναργῆ
3221 921 3492 975 ποιεῖσθαι
3528 923 3625 991 τὴν
3677 923 3683 984 έ

2052 1013 2343 1084 πρόφασιν,
2391 1013 2580 1067 καὶτὰ
2630 1015 2713 1081 ἐφ’
2755 1009 2835 1075 οἷς
2870 1012 3166 1082 λελύπηται
3196 1013 3347 1076 Θεὸς,
3383 1007 3439 1064 εὖ
3482 1011 3624 1081 μάλα

2053 1105 2370 1177 διατρανοῦν
2396 1121 2409 1134 °
2449 1107 2513 1159 ἵν’
2545 1106 2734 1158 εἰδεῖεν
2779 1107 2826 1157 οἰ
2863 1103 3213 1175 κολαζόμενοι
3260 1104 3520 1166 παθόντες
3569 1105 3626 1157 ἐν

2051 1197 2194 1268 δίκῃ,
2223 1198 2289 1250 τὰ
2320 1199 2529 1269 ὅσαπερ
2565 1197 2630 1250 ἂν
2655 1197 2894 1268 συμϐαίη
2931 1197 3122 1250 παθεῖν
3149 1197 3363 1261 αύτούς.
3411 1194 3626 1266 Ἐπειδὴ

2052 1289 2159 1360 γὰρ
2194 1288 2413 1358 ἔμελλον
2446 1287 2750 1342 ἁλώσεσθαι
2785 1289 2882 1358 μὲν
2923 1287 3013 1341 ὑπ’
3046 1287 3272 1358 ἐχθρῶν,
3307 1289 3386 1352 εἰς
3416 1287 3628 1356 γέλωτα

2052 1380 2110 1432 δέ
2140 1381 2461 1452 προκεῖσθαι
2487 1381 2674 1435 λοιπὸν
2698 1384 2810 1445 τοῖς
2841 1380 3066 1451 ἀρίστην
3093 1379 3304 1450 ἔχουσιν
3327 1379 3505 1432 αὐτῶν
3531 1379 3628 1449 τὴν

2053 1471 2230 1536 δόξαν,
2269 1472 2364 1527 καὶ
2395 1471 2502 1525 τῶν
2552 1471 2726 1526 ἄλλων
2761 1471 3017 1526 ἁπάντων
3050 1470 3220 1524 ἐθνῶν
3251 1469 3626 1524 δυσαλώτατον

2055 1561 2319 1632 ὑπάρχειν
2363 1562 2630 1632 οἰομένοις
2677 1561 2767 1614 τὸν
2828 1558 3063 1630 Ἰσραὴλ,
3105 1559 3193 1612 ἵνα
3235 1559 3310 1629 μὴ
3348 1559 3628 1630 νομίσειαν

2053 1653 2194 1705 κατὰ
2241 1654 2380 1721 σφᾶς
2416 1653 2612 1715 αὐτοὺς
2643 1651 2738 1722 τὴν
2775 1652 3158 1721 ἐπαμύνουσάν
3187 1668 3246 1704 τε
3304 1651 3395 1704 καὶ
3427 1651 3628 1716 σώζου-

2056 1760 2156 1796 σαν
2179 1744 2441 1813 ἀτονῆσαι
2462 1745 2634 1814 χεῖρα,
2663 1742 3089 1811 μεταγινώσκειν
3111 1742 3168 1794 δέ
3195 1740 3394 1811 μᾶλλον
3425 1741 3628 1794 ἓλοιντό

2053 1849 2114 1884 τε
2153 1833 2246 1884 καὶ
2298 1831 2434 1902 πρὸς
2460 1830 2528 1884 τά
2548 1831 2756 1901 ἀμείνω
2780 1831 3184 1902 παλινδρομεῖν,
3212 1829 3514 1892 ἐννοοῦντες
3546 1833 3626 1884 ὅτι

2054 1921 2563 1992 προσκεκρούκασιν
2625 1921 3016 1992 ἀμαθαίνοντες
3068 1921 3145 1991 τῷ
3199 1921 3392 1985 σώζειν
3442 1922 3623 1985 εἰδότι,

2051 2014 2327 2082 ταύτῃτοι,
2365 2012 2458 2065 καὶ
2505 2012 2857 2066 πεπτώκασιν
2904 2014 3007 2067 ὑπὸ
3045 2013 3194 2067 θείαν
3226 2013 3412 2086 ὀργὴν,
3461 2014 3627 2082 ἀναγ-

2053 2105 2223 2166 καίως
2254 2103 2436 2166 αὐτοῖς
2466 2103 2560 2156 καὶ
2577 2103 2683 2174 πρό
2700 2120 2762 2170 γε
2792 2103 2897 2157 τῶν
2930 2103 3146 2157 ἔσεσθαι
3165 2105 3628 2174 προσδοκωμένων

2053 2195 2532 2268 προσαπαγγέλλει
2562 2196 2629 2249 τὰ
2667 2197 3006 2264 ἐγκλήματα,
3040 2196 3133 2249 καί
3158 2213 3319 2266 φησιν
3340 2213 3352 2226 ο
3393 2214 3410 2247 ι
3451 2195 3630 2248 Ἀκού-

2054 2302 2181 2337 σατε
2213 2285 2366 2354 λόγον
2403 2285 2627 2354 Κυρίου,
2677 2287 2727 2338 οἰ
2761 2288 2867 2338 υἱοὶ
2925 2285 3170 2356 Ἰσραήλ⁶
3225 2286 3306 2338 ὅτι
3350 2283 3526 2356 κρίσις
3553 2284 3629 2354 τῷ

2053 2375 2243 2447 Κυρίῳ
2273 2377 2409 2446 ’πρὸς
2433 2378 2560 2439 τοὺς
2592 2374 2982 2440 κατοικοῦντας
3009 2376 3108 2448 τὴν
3138 2377 3260 2447 γῆν.
3304 2395 3322 2428 ι
3368 2377 3626 2447 Κρίνεται

2054 2467 2110 2522 δέ
2151 2468 2288 2538 πρὸς
2319 2467 2638 2538 ἀνθρώπους
2671 2469 2824 2533 Θεὸς,
2867 2468 3124 2538 ἐλέγχων,
3155 2469 3216 2522 ού
3257 2468 3626 2538 δικαζόμενος,

2053 2558 2146 2610 καὶ
2175 2557 2494 2629 παρατιθεὶς
2523 2561 2634 2622 τοῖς
2677 2561 2758 2623 εἰς
2791 2560 2952 2613 αὐτὸν
2991 2557 3409 2629 δεδυσσεϐηκόσι
3449 2557 3629 2627 γυμνά

2053 2647 2122 2701 τὰ
2149 2647 2493 2718 ἐγκλήματα,
2525 2647 2644 2701 κατ’
2675 2648 2850 2702 ἐκεῖνό
2883 2665 2982 2701 που
3013 2649 3152 2718 τάχα
3193 2647 3254 2700 τὸ
3287 2650 3344 2700 ἐν
3372 2649 3622 2719 Ψαλμοῖς

2055 2739 2389 2810 ὑμνούμενον
2424 2755 2437 2769 ·
2471 2759 2489 2790 ι
2538 2738 2770 2808 Ἐλέγξω
2815 2754 2895 2802 σε,
2947 2740 3040 2792 καὶ
3101 2740 3440 2810 παραστήσω
3493 2741 3632 2793 κατὰ.

2055 2830 2342 2902 πρόσωπόν
2387 2847 2482 2883 σου
2529 2830 2627 2893 τὰς
2673 2831 2902 2899 ἀνομίας
2951 2848 3044 2884 σου
3071 2847 3086 2862 ο
3130 2849 3148 2882 ι
3192 2831 3278 2884 ἵνα
3328 2829 3401 2900 μὴ
3454 2831 3631 2903 μάτην

2053 2925 2235 2987 αὐτοῖς
2275 2923 2627 2993 ἐπενηνέχθαι
2662 2923 2911 2991 φάσκωσι.
2960 2924 3057 2995 τὴν
3089 2923 3281 2995 ὀργὴν,
3309 2923 3422 2978 ἀλλ’
3469 2923 3544 2985 ὡς
3575 2925 3632 2975 ἐν

2052 3014 2366 3086 ὀφλήματος
2394 3014 2544 3082 τάξει
2575 3015 2780 3080 λοιπὸν,
2813 3016 3041 3078 καὶτοῖς
3077 3015 3145 3068 τὰ
3192 3017 3425 3086 μέγιστα
3453 3015 3632 3085 πλημ-

2057 3105 2240 3176 μελεῖν
2293 3106 2530 3173 εἰωθόσι,
2578 3108 2667 3160 καὶ
2705 3105 2763 3170 ἐξ
2796 3107 3040 3177 ἀνάγκης
3091 3106 3512 3177 συμϐαίνουσαν.
3567 3103 3632 3158 Τί

2052 3199 2109 3252 δέ
2141 3217 2304 3270 φησιν
2332 3201 2361 3252 ό
2388 3200 2728 3272 κρινόμενος,
2763 3201 2880 3270 ἦτοι
2913 3200 3238 3270 διελέγχων;
3281 3217 3298 3249 t
3342 3200 3456 3251 Οὐκ
3488 3198 3632 3251 ἐστιν

2057 3291 2300 3361 ἀλήθεια,
2345 3291 2464 3344 ούδέ
2514 3290 2680 3354 ἔλεος,
2721 3291 2841 3343 ούδέ
2888 3291 3181 3359 ἐπίγνωσις
3224 3291 3358 3345 Θεοῦ
3398 3293 3490 3344 ἐπὶ
3535 3291 3633 3360 τῆς

2057 3382 2180 3451 γῆς.
2227 3403 2244 3435 ι
2281 3384 2353 3435 Τὸ
2386 3383 2485 3453 μὲν
2517 3378 2608 3436 οὖν
2641 3382 2897 3452 ἀλήθειαν
2945 3385 3018 3453 μὴ
3062 3379 3196 3437 εἶναι
3227 3383 3422 3452 λέγειν,
3462 3385 3635 3453 ὑπεμ-

2060 3476 2278 3544 φήνειεν
2314 3474 2378 3527 ἂν
2407 3475 2500 3526 καί⁸
2533 3473 2676 3544 μάλα
2706 3474 2946 3538 εἰκότως,
2978 3475 3058 3528 ὅτι
3095 3474 3294 3545 πολλὴν
3324 3474 3472 3544 παρὰ
3498 3475 3634 3527 πᾶσι

2059 3567 2177 3619 κατ’
2213 3568 2384 3618 ἐκεῖνο
2413 3565 2606 3635 καιροῦ
2635 3565 2854 3634 γέγονεν
2882 3567 2912 3635 ἡ
2947 3567 3295 3634 συκοφαντία,
3341 3565 3634 3635 ψευδορκία

2058 3675 2115 3710 τε
2147 3658 2239 3711 καὶ
2278 3658 2482 3728 ἀπάτη,
2519 3657 2612 3710 καὶ
2641 3657 2808 3723 δόλος,
2854 3658 2923 3710 τά
2974 3659 3188 3711 πάντων
3229 3658 3482 3727 αἴσχιστα
3529 3658 3634 3710 τῶν

2060 3748 2264 3802 κακῶν.
2295 3749 2415 3802 ’Ὁτι
2444 3749 2498 3800 δέ
2528 3744 2668 3818 ἦσαν
2713 3749 3060 3820 ἀφιλάλληλοί
3092 3768 3150 3803 τε
3182 3750 3276 3803 καὶ
3308 3750 3636 3820 ἀφιλοικτίρ-

2065 3858 2241 3911 μονες,
2293 3841 2543 3909 ἄτεγκτοί
2597 3857 2656 3892 τε
2707 3842 2799 3894 καὶ
2847 3841 3196 3912 ἀτεράμονες,
3247 3841 3339 3894 καὶ
3385 3843 3477 3894 τὸν
3514 3841 3634 3894 νοῦν

2061 3933 2484 4002 ἀπεσκληκότες,
2512 3933 2911 4004 ὑποσημήνειεν
2956 3933 3021 3986 ἂν
3065 3935 3128 3987 τὸ
3173 3933 3247 4006 μὴ
3295 3935 3434 3988 εἶναι
3463 3936 3632 3997 ἕλεος.

2066 4024 2185 4078 Ὅτι
2216 4024 2272 4077 δὲ
2304 4024 2573 4094 φιλήδονοι
2607 4026 2805 4094 μᾶλλον
2861 4026 2892 4094 ἢ
2923 4024 3175 4094 φιλόθεοι,
3209 4027 3301 4080 καὶ
3341 4029 3450 4090 τοῖς
3479 4027 3636 4095 ψευδ-

2063 4118 2298 4188 ωνύμοις
2348 4120 2489 4182 θεοῖς
2535 4120 2840 4192 όλοτρόπως
2897 4121 3320 4191 προσκείμενοι,
3387 4121 3638 4190 σαφηνιεῖ

2064 4211 2244 4278 πάλιν,
2275 4213 2570 4280 ἐπίγνωσιν
2601 4211 2734 4265 Θεοῦ
2767 4213 2842 4282 μὴ
2872 4209 3008 4264 εἰναι
3046 4212 3218 4278 λέγων
3264 4213 3353 4264 ἐπὶ
3384 4215 3483 4282 τῆς
3510 4213 3632 4281 γῆς.

2069 4304 2275 4367 ’Ἄλλως
2301 4321 2360 4356 τε
2387 4304 2583 4374 πρέποι
2612 4305 2676 4356 ἂν
2706 4305 2930 4366 εἰκότως
2963 4304 3073 4366 τοῖς
3111 4305 3230 4364 ταῖς
3265 4302 3404 4354 οὕτω
3439 4303 3639 4366 δειναῖς

2065 4395 2313 4458 ἀτοπίαις
2362 4395 2731 4465 ἐνισχημένοις
2764 4394 2857 4447 καὶ
2895 4394 2955 4447 τὸ
2995 4393 3168 4447 δοκεῖν
3211 4394 3309 4464 ἤδη
3345 4412 3458 4456 πως
3505 4395 3640 4464 μηδέ

2065 4485 2262 4539 εἰδέναι
2288 4486 2438 4540 Θεόν.
2481 4485 2649 4556 Εἴπερ
2680 4485 2876 4538 εἰδέναι
2917 4485 3096 4555 φαμὲν
3124 4485 3285 4539 αὑτὸν
3320 4485 3640 4556 φρονοῦντος

391 4579 666 4647 guinibus.
705 4594 722 4626 ι
752 4575 920 4630 Audis
945 4576 1215 4644 quomodo
1240 4577 1290 4629 in
1318 4591 1486 4644 genus
1506 4592 1667 4632 omne
1694 4579 1955 4634 scelerum

2061 4578 2256 4649 ὀρθῶς,
2287 4578 2379 4630 καὶ
2407 4579 2532 4641 τοὺς
2559 4581 2669 4642 τοῖς
2717 4579 2880 4643 θείοις
2913 4577 3078 4632 αὑτοῦ
3112 4578 3408 4648 θελήμασιν
3437 4579 3641 4648 ἑπομέ-

397 4670 702 4738 praecipites
738 4667 1005 4732 abierint,
1043 4675 1096 4721 et
1126 4668 1265 4722 ultra
1321 4668 1456 4723 fines
1494 4669 1786 4740 impietatis
1835 4689 1964 4743 pro-

391 4761 585 4828 gressi,
618 4761 680 4813 de
708 4760 902 4829 quibus
931 4774 1110 4814 sermo
1139 4770 1243 4825 est,
1276 4760 1406 4814 nihil
1432 4764 1779 4830 quantumvis
1811 4765 1965 4832 longe

394 4851 875 4905 insolentissimum
924 4852 1262 4922 inexpertum
1315 4850 1674 4921 reliquerint?
1726 4854 1791 4908 Et
1821 4856 1961 4924 quod

395 4942 479 4994 I.is
525 4943 699 4996 adhuc
733 4959 758 4995 a
793 4944 1000 4999 ratione
1046 4944 1210 4997 distat
1245 4943 1479 5014 longius,
1551 4962 1569 4995 ι
1627 4945 1916 5012 sanguines
1947 4984 1961 5007 ,

393 5031 586 5098 inquit,
638 5033 990 5100 sanguiuibus
1032 5035 1283 5091 miscent.
1325 5055 1343 5088 ι
1384 5034 1497 5090 11οο
1551 5038 1712 5090 etiam
1749 5038 1958 5104 signum

392 5121 554 5176 fuerit
607 5122 1002 5188 manifestum,
1054 5142 1226 5194 neque
1277 5129 1520 5184 inducias
1576 5129 1837 5183 malorum
1895 5131 1962 5184 ab

394 5216 460 5268 iis
511 5215 756 5281 admitti,
815 5230 990 5284 neque
1042 5215 1346 5284 huiusmodi
1420 5219 1720 5276 facinorum
1773 5236 1962 5290 perpe—

396 5317 629 5362 tratores
677 5305 782 5360 ulla
834 5309 1169 5377 plenitudine
1229 5319 1399 5364 tactos
1454 5328 1690 5382 unquam
1736 5312 1954 5380 fuisse;

391 5400 484 5452 sed
515 5399 733 5452 aSsiduo
765 5407 1042 5467 peccatum
1079 5411 1300 5469 peccato
1355 5403 1659 5460 cumulare.
1713 5405 1818 5460 Sed
1856 5407 1953 5459 ista

393 5491 606 5557 quidem
666 5505 760 5559 pro
815 5491 1151 5560 expositione
1213 5493 1457 5551 faciliore
1510 5510 1573 5550 ac
1633 5498 1962 5566 promptiore

394 5581 534 5634 dicta
565 5593 744 5636 sunto.

2068 4684 2212 4732 νους.
2232 4671 2576 4740 Προσεπάγει
2593 4669 2649 4722 δέ
2667 4669 2893 4735 τούτοις,
2908 4671 3017 4723 ὅτι(
3043 4669 3195 4740 Ἀρὰ,
3211 4671 3302 4724 καὶ
3317 4669 3526 4739 ψεῦδος,
3547 4670 3642 4722 καὶ

2069 4762 2247 4832 φόνος,
2277 4763 2372 4816 καὶ
2404 4761 2597 4833 κλοπὴ,
2629 4762 2722 4815 καὶ
2767 4764 2978 4833 μοιχεία
3007 4764 3233 4836 κέχυται
3265 4764 3355 4816 ἐπὶ
3382 4761 3478 4830 τῆς
3517 4763 3640 4833 γῆς,

2067 4855 2162 4908 καὶ
2207 4854 2412 4924 αἵματα
2469 4855 2551 4922 ἐφ’
2578 4854 2768 4924 αἵμασι
2819 4855 3124 4926 μίσγουσιν.
3165 4875 3184 4907 ι
3233 4856 3474 4916 Ἀκούεις
3497 4854 3643 4915 ὅπως

2066 4947 2145 5009 εἰς
2173 4945 2325 5016 λῆξιν
2353 4947 2518 5016 ἧκασι
2554 4946 2754 5011 παντὸς
2795 4948 2986 5012 κακοῦ,
3016 4950 3112 5002 καὶ
3150 4948 3376 5001 ἀνοσίων
3400 4948 3638 5016 ἐγχειρη-
3705 4987 3713 4994 .

2070 5037 2255 5109 μάτων
2281 5036 2533 5092 ἐπέκεινα
2567 5038 2773 5103 λοιπὸν,
2793 5041 2839 5092 oi
2869 5041 2995 5110 περὶ
3013 5033 3087 5093 ὧν
3106 5041 3134 5092 ὁ
3156 5039 3333 5106 λόγος,
3365 5039 3470 5090 τῶν
3505 5038 3642 5104 ἄγαν

2065 5129 2454 5187 ἐκτοπωτάτων
2473 5128 2622 5184 οὐδὲν
2649 5129 2842 5193 ἐῶντες
2861 5130 3271 5200 ἀνεπιτήδευτον
3292 5147 3306 5194 ;
3338 5130 3447 5181 Καὶ
3483 5128 3542 5180 τὸ
3563 5126 3644 5178 ἐτι

2063 5217 2253 5270 τούτου
2280 5217 2748 5289 παραλογώτερον,
2772 5219 2978 5289 αἵματα
3002 5219 3085 5287 ἐφ’
3117 5205 3311 5288 αῖμᾶσι
3356 5220 3636 5289 μίσγουσι,

2065 5311 2216 5381 φησί.
2261 5312 2493 5380 Σημεῖον
2546 5313 2589 5364 δ’
2630 5311 2695 5365 ἂν
2731 5311 2939 5379 γένοιτο
2985 5311 3078 5365 καὶ
3117 5311 3275 5364 τοῦτο
3315 5312 3504 5378 σαφὲς,
3549 5306 3642 5360 τοῦ

2069 5405 2203 5474 μήτε
2249 5403 2540 5474 ἀνακωχὴν
2586 5397 3065 5474 παρεισκρίνεσθαι
3103 5405 3214 5467 τοῖς
3247 5406 3463 5463 κακοίςο
3503 5401 3642 5471 μήτε

2072 5494 2177 5566 μὴν
2200 5496 2257 5547 ἐν
2289 5494 2625 5565 μεταγνώσει
2653 5494 2762 5548 τῶν
2790 5494 3205 5565 τετολμημένων
3235 5492 3484 5562 γενέσθαι
3517 5490 3644 5552 τοὺς

2070 5586 2414 5656 δεδρακότας,
2447 5586 2647 5656 συνεχῆ
2684 5586 2739 5639 δέ
2772 5584 2960 5658 ὥσπερ
2998 5586 3094 5639 καὶ
3135 5581 3432 5655 ἐπάλληλον
3467 5597 3644 5651 παρα-

391 5672 646 5724 τετάσθαι
689 5675 785 5743 τὴν
834 5673 1123 5744 ἁμαρτίαν.
1171 5676 1327 5733 Ἀ).λά
1374 5679 1532 5730 ταυτὶ
1595 5679 1693 5748 μὲν
1723 5679 1958 5748 εἰρήσθω
2031 5679 2165 5749 πρὸς
2203 5679 2530 5749 διασάφησιν
2564 5679 2661 5748 τὴν
2690 5677 3131 5749 προχειροτέραν.

431 5848 475 5877 ⁷⁸
507 5839 648 5902 Ρειιίῖ
688 5864 833 5917 aur,
874 5849 967 5902 91.
