  <div class='ocr_page' id='page_1' title='image "/cluster/home/n/w/nwhite01/storage/ocr_20150623/71/hvd.32044073502007/062.png"; bbox 0 0 4002 6220; ppageno 0'>
   <div class='ocr_carea' id='block_1_1' title="bbox 361 301 470 356">
    <p class='ocr_par' dir='ltr' id='par_1_1' title="bbox 361 301 470 356">
     <span class='ocr_line' id='line_1_1' title="bbox 361 301 470 356; baseline 0 0"><span class='ocrx_word' id='word_1_1' title='bbox 361 301 470 356; x_wconf 75' lang='lat'><em>“3</em></span> 
     </span>
    </p>
   </div>
   <div class='ocr_carea' id='block_1_2' title="bbox 434 419 2010 491">
    <p class='ocr_par' dir='ltr' id='par_1_2' title="bbox 434 419 2010 491">
     <span class='ocr_line' id='line_1_2' title="bbox 434 419 2010 491; baseline -0.005 -15"><span class='ocrx_word' id='word_1_2' title='bbox 434 424 624 476; x_wconf 86' lang='grc' dir='ltr'>Ἔοικε</span> <span class='ocrx_word' id='word_1_3' title='bbox 653 421 709 474; x_wconf 82' lang='grc' dir='ltr'>δὲ</span> <span class='ocrx_word' id='word_1_4' title='bbox 743 421 904 475; x_wconf 71' lang='grc' dir='ltr'>πάλιν</span> <span class='ocrx_word' id='word_1_5' title='bbox 931 421 958 472; x_wconf 81' lang='grc' dir='ltr'><strong>ὁ</strong></span> <span class='ocrx_word' id='word_1_6' title='bbox 989 421 1256 491; x_wconf 65' lang='grc' dir='ltr'>μακάριος</span> <span class='ocrx_word' id='word_1_7' title='bbox 1287 422 1569 490; x_wconf 77' lang='grc' dir='ltr'>προφήτης</span> <span class='ocrx_word' id='word_1_8' title='bbox 1605 419 1907 489; x_wconf 74' lang='grc' dir='ltr'>μυστικωτὲ</span> <span class='ocrx_word' id='word_1_9' title='bbox 1972 428 2010 477; x_wconf 75' lang='grc' dir='ltr'><strong>Λ</strong></span> 
     </span>
    </p>
   </div>
   <div class='ocr_carea' id='block_1_3' title="bbox 363 510 1938 582">
    <p class='ocr_par' dir='ltr' id='par_1_3' title="bbox 363 510 1938 582">
     <span class='ocr_line' id='line_1_3' title="bbox 363 510 1938 582; baseline -0.004 -17"><span class='ocrx_word' id='word_1_10' title='bbox 363 530 464 577; x_wconf 80' lang='grc' dir='ltr'><strong>ραν</strong></span> <span class='ocrx_word' id='word_1_11' title='bbox 502 510 772 564; x_wconf 84' lang='grc' dir='ltr'>ποιεῖσθαι</span> <span class='ocrx_word' id='word_1_12' title='bbox 799 512 933 582; x_wconf 77' lang='grc' dir='ltr'>ἡμῖν</span> <span class='ocrx_word' id='word_1_13' title='bbox 961 510 1061 581; x_wconf 83' lang='grc' dir='ltr'><strong>τὴν</strong></span> <span class='ocrx_word' id='word_1_14' title='bbox 1090 512 1386 580; x_wconf 76' lang='grc' dir='ltr'>ἀφήγησιν,</span> <span class='ocrx_word' id='word_1_15' title='bbox 1424 511 1516 564; x_wconf 77' lang='grc' dir='ltr'><strong>καὶ</strong></span> <span class='ocrx_word' id='word_1_16' title='bbox 1560 511 1938 563; x_wconf 76' lang='grc' dir='ltr'>καταιτι-Ξίσθαι</span> 
     </span>
    </p>
   </div>
   <div class='ocr_carea' id='block_1_4' title="bbox 359 600 1942 672">
    <p class='ocr_par' dir='ltr' id='par_1_4' title="bbox 359 600 1942 672">
     <span class='ocr_line' id='line_1_4' title="bbox 359 600 1942 672; baseline -0.001 -19"><span class='ocrx_word' id='word_1_17' title='bbox 359 604 453 654; x_wconf 77' lang='grc' dir='ltr'><strong>τὸν</strong></span> <span class='ocrx_word' id='word_1_18' title='bbox 497 602 718 672; x_wconf 86' lang='grc' dir='ltr'>Ἰσραὴλ</span> <span class='ocrx_word' id='word_1_19' title='bbox 764 601 857 654; x_wconf 72' lang='grc' dir='ltr'><strong>ἐπὶ</strong></span> <span class='ocrx_word' id='word_1_20' title='bbox 900 603 1017 664; x_wconf 88' lang='grc' dir='ltr'>ταῖς</span> <span class='ocrx_word' id='word_1_21' title='bbox 1065 605 1145 665; x_wconf 80' lang='grc' dir='ltr'>εἰς</span> <span class='ocrx_word' id='word_1_22' title='bbox 1195 602 1425 672; x_wconf 85' lang='grc' dir='ltr'>Χριστὸν</span> <span class='ocrx_word' id='word_1_23' title='bbox 1472 601 1798 671; x_wconf 83' lang='grc' dir='ltr'>παροινίαις,</span> <span class='ocrx_word' id='word_1_24' title='bbox 1847 600 1942 652; x_wconf 76' lang='grc' dir='ltr'>καὶ</span> 
     </span>
    </p>
   </div>
   <div class='ocr_carea' id='block_1_5' title="bbox 364 691 1942 764">
    <p class='ocr_par' dir='ltr' id='par_1_5' title="bbox 364 691 1942 764">
     <span class='ocr_line' id='line_1_5' title="bbox 364 691 1942 764; baseline 0 -20"><span class='ocrx_word' id='word_1_25' title='bbox 364 693 703 762; x_wconf 71' lang='grc' dir='ltr'>μιαιφονίαις</span> <span class='ocrx_word' id='word_1_26' title='bbox 746 695 868 754; x_wconf 85' lang='grc' dir='ltr'>ταῖς</span> <span class='ocrx_word' id='word_1_27' title='bbox 897 694 975 756; x_wconf 83' lang='grc' dir='ltr'><strong>είς</strong></span> <span class='ocrx_word' id='word_1_28' title='bbox 1002 692 1162 744; x_wconf 81' lang='grc' dir='ltr'>αὐτὸν</span> <span class='ocrx_word' id='word_1_29' title='bbox 1191 694 1286 745; x_wconf 77' lang='grc' dir='ltr'><strong>καὶ</strong></span> <span class='ocrx_word' id='word_1_30' title='bbox 1311 691 1517 760; x_wconf 85' lang='grc' dir='ltr'>ἁγίους.</span> <span class='ocrx_word' id='word_1_31' title='bbox 1558 713 1574 744; x_wconf 86' lang='grc' dir='ltr'><strong>ι</strong></span> <span class='ocrx_word' id='word_1_32' title='bbox 1617 693 1808 764; x_wconf 83' lang='grc' dir='ltr'>Κρίσις</span> <span class='ocrx_word' id='word_1_33' title='bbox 1833 692 1942 760; x_wconf 75' lang='grc' dir='ltr'>γὰρ</span> 
     </span>
    </p>
   </div>
   <div class='ocr_carea' id='block_1_6' title="bbox 361 781 1939 853">
    <p class='ocr_par' dir='ltr' id='par_1_6' title="bbox 361 781 1939 853">
     <span class='ocr_line' id='line_1_6' title="bbox 361 781 1939 853; baseline -0.004 -13"><span class='ocrx_word' id='word_1_34' title='bbox 361 782 439 850; x_wconf 78' lang='grc' dir='ltr'><strong>τῷ</strong></span> <span class='ocrx_word' id='word_1_35' title='bbox 477 781 668 852; x_wconf 78' lang='grc' dir='ltr'>Κυρίῳ</span> <span class='ocrx_word' id='word_1_36' title='bbox 699 781 836 850; x_wconf 82' lang='grc' dir='ltr'>πρὸς</span> <span class='ocrx_word' id='word_1_37' title='bbox 859 783 985 846; x_wconf 72' lang='grc' dir='ltr'>τοὺς</span> <span class='ocrx_word' id='word_1_38' title='bbox 1014 781 1396 845; x_wconf 78' lang='grc' dir='ltr'><strong>κατοικοῦντας</strong></span> <span class='ocrx_word' id='word_1_39' title='bbox 1440 781 1539 853; x_wconf 76' lang='grc' dir='ltr'>τὴν</span> <span class='ocrx_word' id='word_1_40' title='bbox 1565 784 1684 851; x_wconf 76' lang='grc' dir='ltr'>γῆν.</span> <span class='ocrx_word' id='word_1_41' title='bbox 1728 803 1745 834; x_wconf 81' lang='lat' dir='ltr'><strong>I</strong></span> <span class='ocrx_word' id='word_1_42' title='bbox 1801 782 1939 835; x_wconf 86' lang='grc' dir='ltr'>Ἀνθ’</span> 
     </span>
    </p>
   </div>
   <div class='ocr_carea' id='block_1_7' title="bbox 362 872 1943 944">
    <p class='ocr_par' dir='ltr' id='par_1_7' title="bbox 362 872 1943 944">
     <span class='ocr_line' id='line_1_7' title="bbox 362 872 1943 944; baseline 0.001 -20"><span class='ocrx_word' id='word_1_43' title='bbox 362 874 512 933; x_wconf 78' lang='grc' dir='ltr'>ὅτου,</span> <span class='ocrx_word' id='word_1_44' title='bbox 549 873 641 925; x_wconf 77' lang='grc' dir='ltr'><strong>καὶ</strong></span> <span class='ocrx_word' id='word_1_45' title='bbox 675 873 768 924; x_wconf 78' lang='grc' dir='ltr'>ἐπὶ</span> <span class='ocrx_word' id='word_1_46' title='bbox 798 872 974 938; x_wconf 89' lang='grc' dir='ltr'>τίσιν;</span> <span class='ocrx_word' id='word_1_47' title='bbox 1036 872 1311 942; x_wconf 77' lang='grc' dir='ltr'>Ἐπεφάνη</span> <span class='ocrx_word' id='word_1_48' title='bbox 1361 874 1469 944; x_wconf 86' lang='grc' dir='ltr'>γὰρ</span> <span class='ocrx_word' id='word_1_49' title='bbox 1495 876 1627 942; x_wconf 75' lang='grc' dir='ltr'>ἡμῖν</span> <span class='ocrx_word' id='word_1_50' title='bbox 1665 875 1692 927; x_wconf 86' lang='grc' dir='ltr'>ὁ</span> <span class='ocrx_word' id='word_1_51' title='bbox 1743 873 1943 944; x_wconf 82' lang='grc' dir='ltr'>Κύριος</span> 
     </span>
    </p>
   </div>
   <div class='ocr_carea' id='block_1_8' title="bbox 364 963 1943 1036">
    <p class='ocr_par' dir='ltr' id='par_1_8' title="bbox 364 963 1943 1036">
     <span class='ocr_line' id='line_1_8' title="bbox 364 963 1943 1036; baseline 0.001 -21"><span class='ocrx_word' id='word_1_52' title='bbox 364 963 525 1033; x_wconf 74' lang='grc' dir='ltr'>ἡμῶν</span> <span class='ocrx_word' id='word_1_53' title='bbox 564 963 770 1026; x_wconf 82' lang='grc' dir='ltr'>Ἰησοῦς</span> <span class='ocrx_word' id='word_1_54' title='bbox 799 965 827 1015; x_wconf 86' lang='grc' dir='ltr'>ὁ</span> <span class='ocrx_word' id='word_1_55' title='bbox 860 965 1112 1036; x_wconf 73' lang='grc' dir='ltr'>Χριστος,</span> <span class='ocrx_word' id='word_1_56' title='bbox 1147 966 1237 1017; x_wconf 70' lang='grc' dir='ltr'><strong>καὶ</strong></span> <span class='ocrx_word' id='word_1_57' title='bbox 1265 966 1564 1036; x_wconf 79' lang='grc' dir='ltr'><strong>ἀπεστάλη,</strong></span> <span class='ocrx_word' id='word_1_58' title='bbox 1598 967 1738 1018; x_wconf 82' lang='grc' dir='ltr'><strong>καθά</strong></span> <span class='ocrx_word' id='word_1_59' title='bbox 1783 982 1943 1034; x_wconf 82' lang='grc' dir='ltr'>φησιν</span> 
     </span>
    </p>
   </div>
   <div class='ocr_carea' id='block_1_9' title="bbox 275 1054 1938 1127">
    <p class='ocr_par' dir='ltr' id='par_1_9' title="bbox 275 1054 1938 1127">
     <span class='ocr_line' id='line_1_9' title="bbox 275 1054 1938 1127; baseline 0.001 -22"><span class='ocrx_word' id='word_1_60' title='bbox 275 1081 290 1093; x_wconf 78' lang='grc' dir='ltr'><em>ο</em></span> <span class='ocrx_word' id='word_1_61' title='bbox 367 1055 549 1117; x_wconf 76' lang='grc' dir='ltr'>αὐτὸς,</span> <span class='ocrx_word' id='word_1_62' title='bbox 581 1073 599 1104; x_wconf 81' lang='grc' dir='ltr'><strong>ι</strong></span> <span class='ocrx_word' id='word_1_63' title='bbox 637 1055 731 1117; x_wconf 74' lang='lat' dir='ltr'><strong>Ei;</strong></span> <span class='ocrx_word' id='word_1_64' title='bbox 757 1054 825 1107; x_wconf 76' lang='grc' dir='ltr'>τὰ</span> <span class='ocrx_word' id='word_1_65' title='bbox 851 1055 1164 1108; x_wconf 79' lang='grc' dir='ltr'><strong>ἀπολωλότα</strong></span> <span class='ocrx_word' id='word_1_66' title='bbox 1195 1056 1442 1126; x_wconf 77' lang='grc' dir='ltr'>πρόϐατα</span> <span class='ocrx_word' id='word_1_67' title='bbox 1472 1057 1619 1109; x_wconf 79' lang='grc' dir='ltr'>οἴκου</span> <span class='ocrx_word' id='word_1_68' title='bbox 1656 1057 1891 1127; x_wconf 77' lang='grc' dir='ltr'>Ἰσραὴλ,</span> <span class='ocrx_word' id='word_1_69' title='bbox 1921 1075 1938 1107; x_wconf 75' lang='grc' dir='ltr'><strong>ι</strong></span> 
     </span>
    </p>
   </div>
   <div class='ocr_carea' id='block_1_10' title="bbox 369 1146 1948 1218">
    <p class='ocr_par' dir='ltr' id='par_1_10' title="bbox 369 1146 1948 1218">
     <span class='ocr_line' id='line_1_10' title="bbox 369 1146 1948 1218; baseline 0 -20"><span class='ocrx_word' id='word_1_70' title='bbox 369 1148 457 1198; x_wconf 79' lang='grc' dir='ltr'><strong>ἵνα</strong></span> <span class='ocrx_word' id='word_1_71' title='bbox 487 1146 694 1216; x_wconf 82' lang='grc' dir='ltr'>φωτίσῃ</span> <span class='ocrx_word' id='word_1_72' title='bbox 743 1149 809 1218; x_wconf 83' lang='grc' dir='ltr'>τῇ</span> <span class='ocrx_word' id='word_1_73' title='bbox 863 1146 950 1200; x_wconf 81' lang='grc' dir='ltr'>διὰ</span> <span class='ocrx_word' id='word_1_74' title='bbox 982 1147 1294 1218; x_wconf 76' lang='grc' dir='ltr'>Πνεῦματος</span> <span class='ocrx_word' id='word_1_75' title='bbox 1343 1147 1596 1218; x_wconf 72' lang='grc' dir='ltr'>δᾳδουχίᾳ</span> <span class='ocrx_word' id='word_1_76' title='bbox 1637 1147 1762 1210; x_wconf 79' lang='grc' dir='ltr'>τοὺς</span> <span class='ocrx_word' id='word_1_77' title='bbox 1793 1149 1948 1199; x_wconf 81' lang='grc' dir='ltr'>ὲσκο-</span> 
     </span>
    </p>
   </div>
   <div class='ocr_carea' id='block_1_11' title="bbox 372 1238 1947 1308">
    <p class='ocr_par' dir='ltr' id='par_1_11' title="bbox 372 1238 1947 1308">
     <span class='ocr_line' id='line_1_11' title="bbox 372 1238 1947 1308; baseline 0.001 -19"><span class='ocrx_word' id='word_1_78' title='bbox 372 1238 678 1307; x_wconf 80' lang='grc' dir='ltr'>τισμένους,</span> <span class='ocrx_word' id='word_1_79' title='bbox 727 1238 814 1290; x_wconf 73' lang='grc' dir='ltr'>ἵνα</span> <span class='ocrx_word' id='word_1_80' title='bbox 856 1238 957 1308; x_wconf 82' lang='grc' dir='ltr'>τῆς</span> <span class='ocrx_word' id='word_1_81' title='bbox 985 1239 1213 1308; x_wconf 77' lang='grc' dir='ltr'>νομικῆς</span> <span class='ocrx_word' id='word_1_82' title='bbox 1258 1238 1569 1303; x_wconf 77' lang='grc' dir='ltr'><strong>ἀπαλλάξας</strong></span> <span class='ocrx_word' id='word_1_83' title='bbox 1616 1240 1792 1301; x_wconf 77' lang='grc' dir='ltr'>σκιᾶς,</span> <span class='ocrx_word' id='word_1_84' title='bbox 1837 1241 1947 1302; x_wconf 87' lang='grc' dir='ltr'>τοῖς</span> 
     </span>
    </p>
   </div>
   <div class='ocr_carea' id='block_1_12' title="bbox 314 1328 1946 1400">
    <p class='ocr_par' dir='ltr' id='par_1_12' title="bbox 314 1328 1946 1400">
     <span class='ocr_line' id='line_1_12' title="bbox 314 1328 1946 1400; baseline 0 -22"><span class='ocrx_word' id='word_1_85' title='bbox 314 1353 325 1378; x_wconf 71' lang='grc' dir='ltr'><strong><em>ς</em></strong></span> <span class='ocrx_word' id='word_1_86' title='bbox 376 1329 467 1398; x_wconf 73' lang='grc' dir='ltr'>τῆς</span> <span class='ocrx_word' id='word_1_87' title='bbox 500 1328 734 1398; x_wconf 74' lang='grc' dir='ltr'>ἀληθοῦς</span> <span class='ocrx_word' id='word_1_88' title='bbox 761 1329 1018 1398; x_wconf 78' lang='grc' dir='ltr'><strong>λατρείας</strong></span> <span class='ocrx_word' id='word_1_89' title='bbox 1048 1329 1320 1400; x_wconf 77' lang='grc' dir='ltr'>ὲμὸιϐάσῃ</span> <span class='ocrx_word' id='word_1_90' title='bbox 1344 1329 1586 1400; x_wconf 81' lang='grc' dir='ltr'>τρόποις,</span> <span class='ocrx_word' id='word_1_91' title='bbox 1620 1328 1704 1382; x_wconf 81' lang='grc' dir='ltr'>ἵνα</span> <span class='ocrx_word' id='word_1_92' title='bbox 1730 1329 1946 1382; x_wconf 72' lang='grc' dir='ltr'>δικαιωο</span> 
     </span>
    </p>
   </div>
   <div class='ocr_carea' id='block_1_13' title="bbox 377 1417 1945 1488">
    <p class='ocr_par' dir='ltr' id='par_1_13' title="bbox 377 1417 1945 1488">
     <span class='ocr_line' id='line_1_13' title="bbox 377 1417 1945 1488; baseline 0 -18"><span class='ocrx_word' id='word_1_93' title='bbox 377 1435 472 1480; x_wconf 88' lang='grc' dir='ltr'><strong>σας</strong></span> <span class='ocrx_word' id='word_1_94' title='bbox 504 1421 568 1487; x_wconf 85' lang='grc' dir='ltr'>τῇ</span> <span class='ocrx_word' id='word_1_95' title='bbox 621 1419 803 1470; x_wconf 79' lang='grc' dir='ltr'>πίστει</span> <span class='ocrx_word' id='word_1_96' title='bbox 851 1419 974 1480; x_wconf 72' lang='grc' dir='ltr'>τοὺς</span> <span class='ocrx_word' id='word_1_97' title='bbox 1013 1421 1132 1479; x_wconf 87' lang='grc' dir='ltr'>ταῖς</span> <span class='ocrx_word' id='word_1_98' title='bbox 1179 1418 1470 1488; x_wconf 75' lang='grc' dir='ltr'>ἁμαρτίαις</span> <span class='ocrx_word' id='word_1_99' title='bbox 1504 1417 1945 1487; x_wconf 76' lang='grc' dir='ltr'><strong>ἐνειλημμένους,</strong></span> 
     </span>
    </p>
   </div>
   <div class='ocr_carea' id='block_1_14' title="bbox 372 1508 1946 1581">
    <p class='ocr_par' dir='ltr' id='par_1_14' title="bbox 372 1508 1946 1581">
     <span class='ocr_line' id='line_1_14' title="bbox 372 1508 1946 1581; baseline 0 -21"><span class='ocrx_word' id='word_1_100' title='bbox 372 1508 585 1581; x_wconf 61' lang='grc' dir='ltr'>συνάψῃ</span> <span class='ocrx_word' id='word_1_101' title='bbox 614 1509 678 1562; x_wconf 86' lang='grc' dir='ltr'>δι’</span> <span class='ocrx_word' id='word_1_102' title='bbox 711 1508 904 1561; x_wconf 75' lang='grc' dir='ltr'>ἑαυτοῦ</span> <span class='ocrx_word' id='word_1_103' title='bbox 938 1508 1013 1578; x_wconf 80' lang='grc' dir='ltr'>τῷ</span> <span class='ocrx_word' id='word_1_104' title='bbox 1043 1509 1162 1579; x_wconf 83' lang='grc' dir='ltr'><strong>Θεῷ</strong></span> <span class='ocrx_word' id='word_1_105' title='bbox 1196 1510 1287 1562; x_wconf 75' lang='grc' dir='ltr'><strong>καὶ</strong></span> <span class='ocrx_word' id='word_1_106' title='bbox 1316 1508 1509 1580; x_wconf 85' lang='grc' dir='ltr'>Πατρί.</span> <span class='ocrx_word' id='word_1_107' title='bbox 1543 1509 1679 1561; x_wconf 79' lang='grc' dir='ltr'>Ἀλλ’</span> <span class='ocrx_word' id='word_1_108' title='bbox 1704 1509 1804 1560; x_wconf 77' lang='grc' dir='ltr'><strong>οὐκ</strong></span> <span class='ocrx_word' id='word_1_109' title='bbox 1832 1508 1946 1560; x_wconf 79' lang='grc' dir='ltr'><strong>ἐδό-</strong></span> 
     </span>
    </p>
   </div>
   <div class='ocr_carea' id='block_1_15' title="bbox 371 1596 1948 1669">
    <p class='ocr_par' dir='ltr' id='par_1_15' title="bbox 371 1596 1948 1669">
     <span class='ocr_line' id='line_1_15' title="bbox 371 1596 1948 1669; baseline -0.001 -19"><span class='ocrx_word' id='word_1_110' title='bbox 371 1614 456 1650; x_wconf 86' lang='grc' dir='ltr'>κει</span> <span class='ocrx_word' id='word_1_111' title='bbox 511 1601 724 1667; x_wconf 73' lang='grc' dir='ltr'>φρονεῖν</span> <span class='ocrx_word' id='word_1_112' title='bbox 769 1596 944 1667; x_wconf 82' lang='grc' dir='ltr'>ὀρθῶς</span> <span class='ocrx_word' id='word_1_113' title='bbox 993 1600 1104 1661; x_wconf 86' lang='grc' dir='ltr'>τοῖς</span> <span class='ocrx_word' id='word_1_114' title='bbox 1151 1597 1211 1662; x_wconf 79' lang='grc' dir='ltr'>ἐξ</span> <span class='ocrx_word' id='word_1_115' title='bbox 1270 1599 1503 1668; x_wconf 79' lang='grc' dir='ltr'>Ἰσραήλ.</span> <span class='ocrx_word' id='word_1_116' title='bbox 1549 1599 1652 1650; x_wconf 75' lang='grc' dir='ltr'>Τὸν</span> <span class='ocrx_word' id='word_1_117' title='bbox 1699 1597 1806 1669; x_wconf 87' lang='grc' dir='ltr'><strong>γάρ</strong></span> <span class='ocrx_word' id='word_1_118' title='bbox 1857 1599 1948 1650; x_wconf 78' lang='grc' dir='ltr'><strong>ἐπὶ</strong></span> 
     </span>
    </p>
   </div>
   <div class='ocr_carea' id='block_1_16' title="bbox 368 1687 1944 1760">
    <p class='ocr_par' dir='ltr' id='par_1_16' title="bbox 368 1687 1944 1760">
     <span class='ocr_line' id='line_1_16' title="bbox 368 1687 1944 1760; baseline 0.001 -19"><span class='ocrx_word' id='word_1_119' title='bbox 368 1688 580 1751; x_wconf 76' lang='grc' dir='ltr'>τούτοις</span> <span class='ocrx_word' id='word_1_120' title='bbox 609 1687 669 1752; x_wconf 78' lang='grc' dir='ltr'><strong>ἐξ</strong></span> <span class='ocrx_word' id='word_1_121' title='bbox 700 1689 944 1758; x_wconf 75' lang='grc' dir='ltr'>οὐρανῶν</span> <span class='ocrx_word' id='word_1_122' title='bbox 969 1689 1268 1760; x_wconf 78' lang='grc' dir='ltr'>ἀφιγμένον</span> <span class='ocrx_word' id='word_1_123' title='bbox 1293 1689 1708 1760; x_wconf 72' lang='grc' dir='ltr'>ἐκϐεϐλήκασιν,</span> <span class='ocrx_word' id='word_1_124' title='bbox 1755 1690 1944 1743; x_wconf 85' lang='grc' dir='ltr'>ἀπεδο-</span> 
     </span>
    </p>
   </div>
   <div class='ocr_carea' id='block_1_17' title="bbox 1267 287 2695 352">
    <p class='ocr_par' dir='ltr' id='par_1_17' title="bbox 1267 287 2695 352">
     <span class='ocr_line' id='line_1_17' title="bbox 1267 287 2695 352; baseline -0.007 -2"><span class='ocrx_word' id='word_1_125' title='bbox 1267 292 1846 352; x_wconf 67' lang='grc' dir='ltr'><strong>·(ἸΟΜ·ΜΕΝΤᾹΗΗ8</strong></span> <span class='ocrx_word' id='word_1_126' title='bbox 1887 289 1948 344; x_wconf 77' lang='lat' dir='ltr'><strong>l.\&#39;</strong></span> <span class='ocrx_word' id='word_1_127' title='bbox 1987 288 2215 344; x_wconf 58' lang='grc' dir='ltr'><strong>Οέἰᾴᾆξιῖιί</strong></span> <span class='ocrx_word' id='word_1_128' title='bbox 2261 287 2530 342; x_wconf 65' lang='grc' dir='ltr'><strong>ι’ὶὶΟἱῚιὶί</strong></span> <span class='ocrx_word' id='word_1_129' title='bbox 2551 289 2695 346; x_wconf 63' lang='lat' dir='ltr'><strong>MM.</strong></span> 
     </span>
    </p>
   </div>
   <div class='ocr_carea' id='block_1_18' title="bbox 3511 293 3611 348">
    <p class='ocr_par' dir='ltr' id='par_1_18' title="bbox 3511 293 3611 348">
     <span class='ocr_line' id='line_1_18' title="bbox 3511 293 3611 348; baseline 0 -1"><span class='ocrx_word' id='word_1_130' title='bbox 3511 293 3611 348; x_wconf 58' lang='lat' dir='ltr'><strong>ll’c</strong></span> 
     </span>
    </p>
   </div>
   <div class='ocr_carea' id='block_1_19' title="bbox 2120 411 3596 482">
    <p class='ocr_par' dir='ltr' id='par_1_19' title="bbox 2120 411 3596 482">
     <span class='ocr_line' id='line_1_19' title="bbox 2120 411 3596 482; baseline 0.003 -20"><span class='ocrx_word' id='word_1_131' title='bbox 2120 415 2336 466; x_wconf 63' lang='lat' dir='ltr'><strong>Videtur</strong></span> <span class='ocrx_word' id='word_1_132' title='bbox 2371 424 2547 467; x_wconf 84' lang='lat' dir='ltr'><strong>autem</strong></span> <span class='ocrx_word' id='word_1_133' title='bbox 2576 415 2762 466; x_wconf 87' lang='lat' dir='ltr'><strong>hcatus</strong></span> <span class='ocrx_word' id='word_1_134' title='bbox 2793 411 3047 482; x_wconf 80' lang='lat' dir='ltr'><strong>prephcla</strong></span> <span class='ocrx_word' id='word_1_135' title='bbox 3089 428 3299 466; x_wconf 84' lang='lat' dir='ltr'><strong>rursum</strong></span> <span class='ocrx_word' id='word_1_136' title='bbox 3338 431 3534 467; x_wconf 76' lang='lat' dir='ltr'><strong>arcana</strong></span> <span class='ocrx_word' id='word_1_137' title='bbox 3550 433 3596 468; x_wconf 83' lang='grc' dir='ltr'><strong>ιιι</strong></span> 
     </span>
    </p>
   </div>
   <div class='ocr_carea' id='block_1_20' title="bbox 2044 505 3608 576">
    <p class='ocr_par' dir='ltr' id='par_1_20' title="bbox 2044 505 3608 576">
     <span class='ocr_line' id='line_1_20' title="bbox 2044 505 3608 576; baseline 0.004 -22"><span class='ocrx_word' id='word_1_138' title='bbox 2044 506 2328 572; x_wconf 83' lang='lat' dir='ltr'><strong>quamdam</strong></span> <span class='ocrx_word' id='word_1_139' title='bbox 2359 516 2410 560; x_wconf 87' lang='lat' dir='ltr'><strong>et</strong></span> <span class='ocrx_word' id='word_1_140' title='bbox 2439 505 2718 576; x_wconf 75' lang='lat' dir='ltr'><strong>mysticam</strong></span> <span class='ocrx_word' id='word_1_141' title='bbox 2745 505 2898 559; x_wconf 88' lang='lat' dir='ltr'><strong>nobis</strong></span> <span class='ocrx_word' id='word_1_142' title='bbox 2925 505 3289 559; x_wconf 85' lang='lat' dir='ltr'><strong>narrationem</strong></span> <span class='ocrx_word' id='word_1_143' title='bbox 3320 507 3608 566; x_wconf 74' lang='lat' dir='ltr'><strong>adducere.</strong></span> 
     </span>
    </p>
   </div>
   <div class='ocr_carea' id='block_1_21' title="bbox 2044 596 3608 666">
    <p class='ocr_par' dir='ltr' id='par_1_21' title="bbox 2044 596 3608 666">
     <span class='ocr_line' id='line_1_21' title="bbox 2044 596 3608 666; baseline 0.001 -18"><span class='ocrx_word' id='word_1_144' title='bbox 2044 609 2099 648; x_wconf 90' lang='lat' dir='ltr'><strong>ct</strong></span> <span class='ocrx_word' id='word_1_145' title='bbox 2146 596 2396 650; x_wconf 89' lang='lat' dir='ltr'><strong>lsraelem</strong></span> <span class='ocrx_word' id='word_1_146' title='bbox 2445 605 2665 666; x_wconf 87' lang='lat' dir='ltr'><strong>prepter</strong></span> <span class='ocrx_word' id='word_1_147' title='bbox 2702 596 3160 654; x_wconf 83' lang='lat' dir='ltr'><strong>debacchationes</strong></span> <span class='ocrx_word' id='word_1_148' title='bbox 3203 599 3254 651; x_wconf 93' lang='lat' dir='ltr'><strong>in</strong></span> <span class='ocrx_word' id='word_1_149' title='bbox 3304 599 3608 658; x_wconf 80' lang='lat' dir='ltr'><strong>Christum,</strong></span> 
     </span>
    </p>
   </div>
   <div class='ocr_carea' id='block_1_22' title="bbox 2043 685 3613 754">
    <p class='ocr_par' dir='ltr' id='par_1_22' title="bbox 2043 685 3613 754">
     <span class='ocr_line' id='line_1_22' title="bbox 2043 685 3613 754; baseline -0.003 -15"><span class='ocrx_word' id='word_1_150' title='bbox 2043 696 2096 740; x_wconf 89' lang='lat' dir='ltr'><strong>et</strong></span> <span class='ocrx_word' id='word_1_151' title='bbox 2127 687 2299 742; x_wconf 71' lang='lat' dir='ltr'><strong>rae-des</strong></span> <span class='ocrx_word' id='word_1_152' title='bbox 2336 687 2386 738; x_wconf 93' lang='lat' dir='ltr'><strong>in</strong></span> <span class='ocrx_word' id='word_1_153' title='bbox 2433 687 2603 754; x_wconf 90' lang='lat' dir='ltr'><strong>ipsum</strong></span> <span class='ocrx_word' id='word_1_154' title='bbox 2644 695 2699 739; x_wconf 91' lang='lat' dir='ltr'><strong>et</strong></span> <span class='ocrx_word' id='word_1_155' title='bbox 2740 698 2959 740; x_wconf 86' lang='lat' dir='ltr'><strong>sanctos</strong></span> <span class='ocrx_word' id='word_1_156' title='bbox 2995 685 3114 754; x_wconf 87' lang='lat' dir='ltr'><strong>ejus</strong></span> <span class='ocrx_word' id='word_1_157' title='bbox 3156 686 3476 739; x_wconf 82' lang='lat' dir='ltr'><strong>commissas</strong></span> <span class='ocrx_word' id='word_1_158' title='bbox 3521 702 3613 738; x_wconf 74' lang='lat' dir='ltr'><strong>at:-</strong></span> 
     </span>
    </p>
   </div>
   <div class='ocr_carea' id='block_1_23' title="bbox 2046 775 3614 832">
    <p class='ocr_par' dir='ltr' id='par_1_23' title="bbox 2046 775 3614 832">
     <span class='ocr_line' id='line_1_23' title="bbox 2046 775 3614 832; baseline 0 -1"><span class='ocrx_word' id='word_1_159' title='bbox 2046 793 2258 832; x_wconf 79' lang='lat' dir='ltr'><strong>eusare.</strong></span> <span class='ocrx_word' id='word_1_160' title='bbox 2321 796 2337 828; x_wconf 85' lang='grc' dir='ltr'><strong>ι</strong></span> <span class='ocrx_word' id='word_1_161' title='bbox 2402 775 2669 832; x_wconf 80' lang='lat' dir='ltr'><strong>Judiciutn</strong></span> <span class='ocrx_word' id='word_1_162' title='bbox 2715 778 2860 832; x_wconf 88' lang='lat' dir='ltr'><strong>enim</strong></span> <span class='ocrx_word' id='word_1_163' title='bbox 2913 777 3142 832; x_wconf 88' lang='lat' dir='ltr'><strong>Domino</strong></span> <span class='ocrx_word' id='word_1_164' title='bbox 3197 778 3263 830; x_wconf 90' lang='lat' dir='ltr'><strong>ad</strong></span> <span class='ocrx_word' id='word_1_165' title='bbox 3305 778 3614 832; x_wconf 79' lang='lat' dir='ltr'><strong>habitantes</strong></span> 
     </span>
    </p>
   </div>
   <div class='ocr_carea' id='block_1_24' title="bbox 2049 867 3614 938">
    <p class='ocr_par' dir='ltr' id='par_1_24' title="bbox 2049 867 3614 938">
     <span class='ocr_line' id='line_1_24' title="bbox 2049 867 3614 938; baseline -0.001 -17"><span class='ocrx_word' id='word_1_166' title='bbox 2049 880 2269 922; x_wconf 75' lang='lat' dir='ltr'><strong>terram.</strong></span> <span class='ocrx_word' id='word_1_167' title='bbox 2307 887 2324 920; x_wconf 73' lang='grc' dir='ltr'><strong>ι</strong></span> <span class='ocrx_word' id='word_1_168' title='bbox 2349 867 2640 934; x_wconf 79' lang='lat' dir='ltr'><strong>Quorsum,</strong></span> <span class='ocrx_word' id='word_1_169' title='bbox 2691 878 2743 923; x_wconf 90' lang='lat' dir='ltr'><strong>et</strong></span> <span class='ocrx_word' id='word_1_170' title='bbox 2775 870 2970 938; x_wconf 87' lang='lat' dir='ltr'><strong>quibus</strong></span> <span class='ocrx_word' id='word_1_171' title='bbox 3016 869 3082 924; x_wconf 89' lang='lat' dir='ltr'><strong>de</strong></span> <span class='ocrx_word' id='word_1_172' title='bbox 3112 868 3329 924; x_wconf 85' lang='lat' dir='ltr'><strong>causis?</strong></span> <span class='ocrx_word' id='word_1_173' title='bbox 3355 871 3614 937; x_wconf 81' lang='lat' dir='ltr'><strong>Apparuit</strong></span> 
     </span>
    </p>
   </div>
   <div class='ocr_carea' id='block_1_25' title="bbox 2045 958 3617 1024">
    <p class='ocr_par' dir='ltr' id='par_1_25' title="bbox 2045 958 3617 1024">
     <span class='ocr_line' id='line_1_25' title="bbox 2045 958 3617 1024; baseline -0.001 -12"><span class='ocrx_word' id='word_1_174' title='bbox 2045 961 2186 1013; x_wconf 88' lang='lat' dir='ltr'><strong>enim</strong></span> <span class='ocrx_word' id='word_1_175' title='bbox 2217 958 2369 1013; x_wconf 89' lang='lat' dir='ltr'><strong>nobis</strong></span> <span class='ocrx_word' id='word_1_176' title='bbox 2405 960 2660 1014; x_wconf 84' lang='lat' dir='ltr'><strong>Dominus</strong></span> <span class='ocrx_word' id='word_1_177' title='bbox 2690 970 2874 1014; x_wconf 90' lang='lat' dir='ltr'><strong>noster</strong></span> <span class='ocrx_word' id='word_1_178' title='bbox 2899 959 3058 1016; x_wconf 82' lang='lat' dir='ltr'><strong>Jesns</strong></span> <span class='ocrx_word' id='word_1_179' title='bbox 3092 961 3364 1024; x_wconf 77' lang='lat' dir='ltr'><strong>Christus,</strong></span> <span class='ocrx_word' id='word_1_180' title='bbox 3401 973 3452 1012; x_wconf 89' lang='lat' dir='ltr'><strong>et</strong></span> <span class='ocrx_word' id='word_1_181' title='bbox 3488 962 3617 1012; x_wconf 74' lang='lat' dir='ltr'><strong>mis-</strong></span> 
     </span>
    </p>
   </div>
   <div class='ocr_carea' id='block_1_26' title="bbox 2046 1050 3617 1122">
    <p class='ocr_par' dir='ltr' id='par_1_26' title="bbox 2046 1050 3617 1122">
     <span class='ocr_line' id='line_1_26' title="bbox 2046 1050 3617 1122; baseline -0.001 -18"><span class='ocrx_word' id='word_1_182' title='bbox 2046 1066 2159 1114; x_wconf 85' lang='lat' dir='ltr'><strong>sus,</strong></span> <span class='ocrx_word' id='word_1_183' title='bbox 2194 1052 2330 1104; x_wconf 86' lang='lat' dir='ltr'><strong>sicut</strong></span> <span class='ocrx_word' id='word_1_184' title='bbox 2379 1050 2456 1104; x_wconf 89' lang='lat' dir='ltr'><strong>ait</strong></span> <span class='ocrx_word' id='word_1_185' title='bbox 2495 1051 2608 1120; x_wconf 91' lang='lat' dir='ltr'><strong>ipse</strong></span> <span class='ocrx_word' id='word_1_186' title='bbox 2630 1050 2728 1104; x_wconf 71' lang='lat' dir='ltr'><strong>«ad</strong></span> <span class='ocrx_word' id='word_1_187' title='bbox 2767 1066 2896 1106; x_wconf 92' lang='lat' dir='ltr'><strong>oves</strong></span> <span class='ocrx_word' id='word_1_188' title='bbox 2937 1067 3057 1122; x_wconf 78' lang='lat' dir='ltr'><strong>qua:</strong></span> <span class='ocrx_word' id='word_1_189' title='bbox 3105 1053 3383 1122; x_wconf 88' lang='lat' dir='ltr'><strong>perierunt</strong></span> <span class='ocrx_word' id='word_1_190' title='bbox 3427 1057 3617 1105; x_wconf 80' lang='lat' dir='ltr'><strong>domus</strong></span> 
     </span>
    </p>
   </div>
   <div class='ocr_carea' id='block_1_27' title="bbox 2049 1141 3617 1213">
    <p class='ocr_par' dir='ltr' id='par_1_27' title="bbox 2049 1141 3617 1213">
     <span class='ocr_line' id='line_1_27' title="bbox 2049 1141 3617 1213; baseline -0.001 -19"><span class='ocrx_word' id='word_1_191' title='bbox 2049 1141 2211 1195; x_wconf 77' lang='lat' dir='ltr'><strong>Israel</strong></span> <span class='ocrx_word' id='word_1_192' title='bbox 2241 1143 2308 1205; x_wconf 88' lang='grc'><strong>⁷⁷,</strong></span> <span class='ocrx_word' id='word_1_193' title='bbox 2349 1160 2366 1193; x_wconf 85' lang='grc'><strong>›</strong></span> <span class='ocrx_word' id='word_1_194' title='bbox 2405 1141 2511 1213; x_wconf 77' lang='grc'><strong>65</strong></span> <span class='ocrx_word' id='word_1_195' title='bbox 2545 1151 2602 1195; x_wconf 84' lang='grc' dir='ltr'><strong>ιιι</strong></span> <span class='ocrx_word' id='word_1_196' title='bbox 2635 1142 2875 1197; x_wconf 80' lang='lat' dir='ltr'><strong>tenebris</strong></span> <span class='ocrx_word' id='word_1_197' title='bbox 2898 1151 3114 1210; x_wconf 83' lang='lat' dir='ltr'><strong>opertos</strong></span> <span class='ocrx_word' id='word_1_198' title='bbox 3142 1141 3377 1211; x_wconf 91' lang='lat' dir='ltr'><strong>Spiritus</strong></span> <span class='ocrx_word' id='word_1_199' title='bbox 3409 1142 3617 1195; x_wconf 78' lang='lat' dir='ltr'><strong>facibus</strong></span> 
     </span>
    </p>
   </div>
   <div class='ocr_carea' id='block_1_28' title="bbox 2049 1231 3617 1301">
    <p class='ocr_par' dir='ltr' id='par_1_28' title="bbox 2049 1231 3617 1301">
     <span class='ocr_line' id='line_1_28' title="bbox 2049 1231 3617 1301; baseline 0.001 -18"><span class='ocrx_word' id='word_1_200' title='bbox 2049 1231 2418 1298; x_wconf 56' lang='lat' dir='ltr'><strong>illnntinaret;</strong></span> <span class='ocrx_word' id='word_1_201' title='bbox 2461 1242 2517 1285; x_wconf 88' lang='grc' dir='ltr'><strong>ιιι</strong></span> <span class='ocrx_word' id='word_1_202' title='bbox 2553 1231 2814 1301; x_wconf 78' lang='lat' dir='ltr'><strong>legalibus</strong></span> <span class='ocrx_word' id='word_1_203' title='bbox 2859 1234 3063 1285; x_wconf 90' lang='lat' dir='ltr'><strong>umbris</strong></span> <span class='ocrx_word' id='word_1_204' title='bbox 3106 1233 3389 1300; x_wconf 77' lang='lat' dir='ltr'><strong>expeditos</strong></span> <span class='ocrx_word' id='word_1_205' title='bbox 3421 1233 3485 1284; x_wconf 89' lang='lat' dir='ltr'><strong>ad</strong></span> <span class='ocrx_word' id='word_1_206' title='bbox 3529 1247 3617 1284; x_wconf 63' lang='grc' dir='ltr'><strong>νο⁸</strong></span> 
     </span>
    </p>
   </div>
   <div class='ocr_carea' id='block_1_29' title="bbox 2050 1324 3616 1394">
    <p class='ocr_par' dir='ltr' id='par_1_29' title="bbox 2050 1324 3616 1394">
     <span class='ocr_line' id='line_1_29' title="bbox 2050 1324 3616 1394; baseline 0 -19"><span class='ocrx_word' id='word_1_207' title='bbox 2050 1339 2162 1375; x_wconf 82' lang='lat' dir='ltr'><strong>rant</strong></span> <span class='ocrx_word' id='word_1_208' title='bbox 2201 1324 2366 1378; x_wconf 81' lang='lat' dir='ltr'><strong>divini</strong></span> <span class='ocrx_word' id='word_1_209' title='bbox 2391 1325 2568 1378; x_wconf 90' lang='lat' dir='ltr'><strong>cultus</strong></span> <span class='ocrx_word' id='word_1_210' title='bbox 2594 1342 2836 1379; x_wconf 87' lang='lat' dir='ltr'><strong>normam</strong></span> <span class='ocrx_word' id='word_1_211' title='bbox 2891 1326 3276 1384; x_wconf 86' lang='lat' dir='ltr'><strong>introduceret,</strong></span> <span class='ocrx_word' id='word_1_212' title='bbox 3313 1340 3419 1394; x_wconf 86' lang='lat' dir='ltr'><strong>quo</strong></span> <span class='ocrx_word' id='word_1_213' title='bbox 3453 1326 3616 1394; x_wconf 83' lang='lat' dir='ltr'><strong>justi-</strong></span> 
     </span>
    </p>
   </div>
   <div class='ocr_carea' id='block_1_30' title="bbox 2051 1415 3619 1488">
    <p class='ocr_par' dir='ltr' id='par_1_30' title="bbox 2051 1415 3619 1488">
     <span class='ocr_line' id='line_1_30' title="bbox 2051 1415 3619 1488; baseline 0.003 -21"><span class='ocrx_word' id='word_1_214' title='bbox 2051 1415 2236 1468; x_wconf 80' lang='lat' dir='ltr'><strong>iicatos</strong></span> <span class='ocrx_word' id='word_1_215' title='bbox 2263 1431 2356 1484; x_wconf 86' lang='lat' dir='ltr'><strong>per</strong></span> <span class='ocrx_word' id='word_1_216' title='bbox 2381 1416 2562 1483; x_wconf 87' lang='lat' dir='ltr'><strong>tidem,</strong></span> <span class='ocrx_word' id='word_1_217' title='bbox 2587 1419 2676 1487; x_wconf 86' lang='lat' dir='ltr'><strong>qui</strong></span> <span class='ocrx_word' id='word_1_218' title='bbox 2705 1429 2863 1472; x_wconf 88' lang='lat' dir='ltr'><strong>erant</strong></span> <span class='ocrx_word' id='word_1_219' title='bbox 2884 1418 3408 1488; x_wconf 76' lang='lat' dir='ltr'><strong>peccatisitnpliciti,</strong></span> <span class='ocrx_word' id='word_1_220' title='bbox 3448 1433 3542 1487; x_wconf 89' lang='lat' dir='ltr'><strong>per</strong></span> <span class='ocrx_word' id='word_1_221' title='bbox 3558 1433 3619 1471; x_wconf 87' lang='lat' dir='ltr'><strong>se</strong></span> 
     </span>
    </p>
   </div>
   <div class='ocr_carea' id='block_1_31' title="bbox 2049 1507 3622 1579">
    <p class='ocr_par' dir='ltr' id='par_1_31' title="bbox 2049 1507 3622 1579">
     <span class='ocr_line' id='line_1_31' title="bbox 2049 1507 3622 1579; baseline 0.004 -22"><span class='ocrx_word' id='word_1_222' title='bbox 2049 1519 2168 1558; x_wconf 88' lang='lat' dir='ltr'><strong>cum</strong></span> <span class='ocrx_word' id='word_1_223' title='bbox 2197 1507 2304 1561; x_wconf 85' lang='lat' dir='ltr'><strong>Deo</strong></span> <span class='ocrx_word' id='word_1_224' title='bbox 2331 1518 2386 1563; x_wconf 90' lang='lat' dir='ltr'><strong>et</strong></span> <span class='ocrx_word' id='word_1_225' title='bbox 2406 1507 2564 1562; x_wconf 82' lang='lat' dir='ltr'><strong>Patre</strong></span> <span class='ocrx_word' id='word_1_226' title='bbox 2585 1510 2960 1579; x_wconf 78' lang='lat' dir='ltr'><strong>conjungeret.</strong></span> <span class='ocrx_word' id='word_1_227' title='bbox 2991 1509 3188 1564; x_wconf 81' lang='lat' dir='ltr'><strong>Verum</strong></span> <span class='ocrx_word' id='word_1_228' title='bbox 3216 1509 3398 1566; x_wconf 84' lang='lat' dir='ltr'><strong>lsraeli</strong></span> <span class='ocrx_word' id='word_1_229' title='bbox 3415 1525 3518 1564; x_wconf 92' lang='lat' dir='ltr'><strong>non</strong></span> <span class='ocrx_word' id='word_1_230' title='bbox 3537 1516 3622 1564; x_wconf 83' lang='lat' dir='ltr'><strong>est</strong></span> 
     </span>
    </p>
   </div>
   <div class='ocr_carea' id='block_1_32' title="bbox 2050 1595 3621 1672">
    <p class='ocr_par' dir='ltr' id='par_1_32' title="bbox 2050 1595 3621 1672">
     <span class='ocr_line' id='line_1_32' title="bbox 2050 1595 3621 1672; baseline 0.005 -26"><span class='ocrx_word' id='word_1_231' title='bbox 2050 1595 2221 1648; x_wconf 83' lang='lat' dir='ltr'><strong>visum</strong></span> <span class='ocrx_word' id='word_1_232' title='bbox 2249 1612 2461 1666; x_wconf 81' lang='lat' dir='ltr'><strong>sapere.</strong></span> <span class='ocrx_word' id='word_1_233' title='bbox 2497 1599 2645 1653; x_wconf 90' lang='lat' dir='ltr'><strong>Illum</strong></span> <span class='ocrx_word' id='word_1_234' title='bbox 2675 1615 2906 1669; x_wconf 83' lang='lat' dir='ltr'><strong>namque</strong></span> <span class='ocrx_word' id='word_1_235' title='bbox 2937 1601 3026 1670; x_wconf 87' lang='lat' dir='ltr'><strong>qui</strong></span> <span class='ocrx_word' id='word_1_236' title='bbox 3058 1601 3213 1666; x_wconf 84' lang='lat' dir='ltr'><strong>hujus</strong></span> <span class='ocrx_word' id='word_1_237' title='bbox 3236 1615 3365 1672; x_wconf 91' lang='lat' dir='ltr'><strong>ergo</strong></span> <span class='ocrx_word' id='word_1_238' title='bbox 3390 1602 3454 1655; x_wconf 88' lang='lat' dir='ltr'><strong>de</strong></span> <span class='ocrx_word' id='word_1_239' title='bbox 3481 1600 3621 1656; x_wconf 72' lang='lat' dir='ltr'><strong>emlo</strong></span> 
     </span>
    </p>
   </div>
   <div class='ocr_carea' id='block_1_33' title="bbox 2051 1688 3622 1758">
    <p class='ocr_par' dir='ltr' id='par_1_33' title="bbox 2051 1688 3622 1758">
     <span class='ocr_line' id='line_1_33' title="bbox 2051 1688 3622 1758; baseline 0.008 -23"><span class='ocrx_word' id='word_1_240' title='bbox 2051 1698 2290 1752; x_wconf 81' lang='lat' dir='ltr'><strong>venerat,</strong></span> <span class='ocrx_word' id='word_1_241' title='bbox 2322 1688 2619 1758; x_wconf 89' lang='lat' dir='ltr'><strong>ejecerunt,</strong></span> <span class='ocrx_word' id='word_1_242' title='bbox 2659 1692 3020 1758; x_wconf 81' lang='lat' dir='ltr'><strong>reproharuut</strong></span> <span class='ocrx_word' id='word_1_243' title='bbox 3053 1694 3336 1746; x_wconf 76' lang='lat' dir='ltr'><strong>veritatem</strong></span> <span class='ocrx_word' id='word_1_244' title='bbox 3374 1701 3429 1746; x_wconf 89' lang='lat' dir='ltr'><strong>et</strong></span> <span class='ocrx_word' id='word_1_245' title='bbox 3460 1693 3622 1746; x_wconf 82' lang='lat' dir='ltr'><strong>mise-</strong></span> 
     </span>
    </p>
   </div>
   <div class='ocr_carea' id='block_1_34' title="bbox 371 1776 1960 1851">
    <p class='ocr_par' dir='ltr' id='par_1_34' title="bbox 371 1780 1944 1851">
     <span class='ocr_line' id='line_1_34' title="bbox 371 1780 1944 1851; baseline 0.001 -19"><span class='ocrx_word' id='word_1_246' title='bbox 371 1781 634 1848; x_wconf 78' lang='grc' dir='ltr'>κίμασαν,</span> <span class='ocrx_word' id='word_1_247' title='bbox 654 1782 754 1833; x_wconf 75' lang='grc' dir='ltr'><strong>οὐκ</strong></span> <span class='ocrx_word' id='word_1_248' title='bbox 777 1780 1045 1850; x_wconf 77' lang='grc' dir='ltr'>ἠθέλησαν</span> <span class='ocrx_word' id='word_1_249' title='bbox 1066 1780 1206 1850; x_wconf 76' lang='grc' dir='ltr'>ἔχειν</span> <span class='ocrx_word' id='word_1_250' title='bbox 1231 1782 1289 1833; x_wconf 85' lang='grc' dir='ltr'>ὲν</span> <span class='ocrx_word' id='word_1_251' title='bbox 1315 1782 1525 1842; x_wconf 79' lang='grc' dir='ltr'>ἑαυτοῖς</span> <span class='ocrx_word' id='word_1_252' title='bbox 1546 1781 1641 1851; x_wconf 83' lang='grc' dir='ltr'>τὴν</span> <span class='ocrx_word' id='word_1_253' title='bbox 1670 1780 1944 1851; x_wconf 77' lang='grc' dir='ltr'>ἀλήθειαν,</span> 
     </span>
    </p>
   </div>
   <div class='ocr_carea' id='block_1_35' title="bbox 2061 1776 3624 1851">
    <p class='ocr_par' dir='ltr' id='par_1_35' title="bbox 2061 1776 3624 1842">
     <span class='ocr_line' id='line_1_35' title="bbox 2061 1776 3624 1842; baseline 0.006 -17"><span class='ocrx_word' id='word_1_254' title='bbox 2061 1776 2358 1842; x_wconf 74' lang='lat' dir='ltr'><strong>ricordiam,</strong></span> <span class='ocrx_word' id='word_1_255' title='bbox 2390 1777 2672 1834; x_wconf 80' lang='lat' dir='ltr'><strong>scientiam</strong></span> <span class='ocrx_word' id='word_1_256' title='bbox 2697 1779 2785 1834; x_wconf 82' lang='lat' dir='ltr'><strong>Dei</strong></span> <span class='ocrx_word' id='word_1_257' title='bbox 2815 1791 2866 1832; x_wconf 88' lang='lat' dir='ltr'><strong>et</strong></span> <span class='ocrx_word' id='word_1_258' title='bbox 2891 1779 3067 1836; x_wconf 86' lang='lat' dir='ltr'><strong>Patris</strong></span> <span class='ocrx_word' id='word_1_259' title='bbox 3091 1797 3273 1836; x_wconf 90' lang='lat' dir='ltr'><strong>secum</strong></span> <span class='ocrx_word' id='word_1_260' title='bbox 3303 1783 3504 1835; x_wconf 89' lang='lat' dir='ltr'><strong>habere</strong></span> <span class='ocrx_word' id='word_1_261' title='bbox 3526 1798 3624 1834; x_wconf 84' lang='lat' dir='ltr'><strong>uo-</strong></span> 
     </span>
    </p>
   </div>
   <div class='ocr_carea' id='block_1_36' title="bbox 369 1861 1964 1944">
    <p class='ocr_par' dir='ltr' id='par_1_36' title="bbox 369 1861 1964 1944">
     <span class='ocr_line' id='line_1_36' title="bbox 369 1861 1964 1944; baseline 0.004 -24"><span class='ocrx_word' id='word_1_262' title='bbox 369 1869 431 1921; x_wconf 75' lang='grc' dir='ltr'><strong>τὸ</strong></span> <span class='ocrx_word' id='word_1_263' title='bbox 488 1869 668 1934; x_wconf 80' lang='grc' dir='ltr'>ἕλεος,</span> <span class='ocrx_word' id='word_1_264' title='bbox 726 1870 822 1940; x_wconf 81' lang='grc' dir='ltr'>τὴν</span> <span class='ocrx_word' id='word_1_265' title='bbox 890 1869 1182 1938; x_wconf 73' lang='grc' dir='ltr'>ἐπίγνωσιν</span> <span class='ocrx_word' id='word_1_266' title='bbox 1239 1871 1330 1923; x_wconf 82' lang='grc' dir='ltr'><strong>τοῦ</strong></span> <span class='ocrx_word' id='word_1_267' title='bbox 1377 1871 1513 1923; x_wconf 87' lang='grc' dir='ltr'>Θεοῦ</span> <span class='ocrx_word' id='word_1_268' title='bbox 1577 1872 1668 1924; x_wconf 72' lang='grc' dir='ltr'><strong>καὶ</strong></span> <span class='ocrx_word' id='word_1_269' title='bbox 1709 1861 1964 1944; x_wconf 46' lang='grc' dir='ltr'>Πατρόςξ</span> 
     </span>
    </p>
   </div>
   <div class='ocr_carea' id='block_1_37' title="bbox 373 1961 1946 2035">
    <p class='ocr_par' dir='ltr' id='par_1_37' title="bbox 373 1961 1946 2035">
     <span class='ocr_line' id='line_1_37' title="bbox 373 1961 1946 2035; baseline 0.001 -22"><span class='ocrx_word' id='word_1_270' title='bbox 373 1961 498 2014; x_wconf 84' lang='grc' dir='ltr'>Ὀτι</span> <span class='ocrx_word' id='word_1_271' title='bbox 534 1962 643 2032; x_wconf 77' lang='grc' dir='ltr'>γὰρ</span> <span class='ocrx_word' id='word_1_272' title='bbox 673 1962 900 2033; x_wconf 82' lang='grc' dir='ltr'>ἀλήθειά</span> <span class='ocrx_word' id='word_1_273' title='bbox 927 1964 986 2015; x_wconf 86' lang='grc' dir='ltr'><strong>τέ</strong></span> <span class='ocrx_word' id='word_1_274' title='bbox 1021 1965 1136 2015; x_wconf 78' lang='grc' dir='ltr'>ἐστι</span> <span class='ocrx_word' id='word_1_275' title='bbox 1182 1963 1276 2016; x_wconf 70' lang='grc' dir='ltr'>καὶ</span> <span class='ocrx_word' id='word_1_276' title='bbox 1321 1964 1466 2025; x_wconf 82' lang='grc' dir='ltr'>ἕλεος</span> <span class='ocrx_word' id='word_1_277' title='bbox 1517 1966 1544 2016; x_wconf 78' lang='grc' dir='ltr'>ὁ</span> <span class='ocrx_word' id='word_1_278' title='bbox 1596 1963 1853 2035; x_wconf 71' lang='grc' dir='ltr'>Χριστὸς,</span> <span class='ocrx_word' id='word_1_279' title='bbox 1885 1964 1946 2016; x_wconf 82' lang='grc' dir='ltr'><strong>οὐ</strong></span> 
     </span>
    </p>
   </div>
   <div class='ocr_carea' id='block_1_38' title="bbox 374 2049 1952 2130">
    <p class='ocr_par' dir='ltr' id='par_1_38' title="bbox 374 2049 1952 2130">
     <span class='ocr_line' id='line_1_38' title="bbox 374 2049 1952 2130; baseline 0.003 -27"><span class='ocrx_word' id='word_1_280' title='bbox 374 2051 626 2121; x_wconf 73' lang='grc' dir='ltr'>μακρῶν,</span> <span class='ocrx_word' id='word_1_281' title='bbox 659 2049 830 2124; x_wconf 73' lang='grc' dir='ltr'>οἶμαι,</span> <span class='ocrx_word' id='word_1_282' title='bbox 878 2053 1062 2123; x_wconf 85' lang='grc' dir='ltr'>δεήσει</span> <span class='ocrx_word' id='word_1_283' title='bbox 1109 2053 1244 2124; x_wconf 82' lang='grc' dir='ltr'>πρὸς</span> <span class='ocrx_word' id='word_1_284' title='bbox 1289 2054 1560 2128; x_wconf 67' lang='grc' dir='ltr'>ἀπόδειξιν</span> <span class='ocrx_word' id='word_1_285' title='bbox 1584 2055 1784 2130; x_wconf 82' lang='grc' dir='ltr'>λόγων,</span> <span class='ocrx_word' id='word_1_286' title='bbox 1818 2057 1952 2108; x_wconf 77' lang='grc' dir='ltr'>ἁποο</span> 
     </span>
    </p>
   </div>
   <div class='ocr_carea' id='block_1_39' title="bbox 368 2136 2004 2216">
    <p class='ocr_par' dir='ltr' id='par_1_39' title="bbox 368 2136 2004 2216">
     <span class='ocr_line' id='line_1_39' title="bbox 368 2136 2004 2216; baseline 0.003 -22"><span class='ocrx_word' id='word_1_287' title='bbox 368 2141 594 2212; x_wconf 81' lang='grc' dir='ltr'>χρώσης</span> <span class='ocrx_word' id='word_1_288' title='bbox 623 2145 702 2207; x_wconf 81' lang='grc' dir='ltr'><strong>είς</strong></span> <span class='ocrx_word' id='word_1_289' title='bbox 729 2144 887 2196; x_wconf 90' lang='grc' dir='ltr'>τοῦτο</span> <span class='ocrx_word' id='word_1_290' title='bbox 915 2145 1014 2215; x_wconf 83' lang='grc' dir='ltr'>τῆς</span> <span class='ocrx_word' id='word_1_291' title='bbox 1058 2143 1416 2200; x_wconf 84' lang='grc' dir='ltr'>θεοπνεύστου</span> <span class='ocrx_word' id='word_1_292' title='bbox 1463 2147 1702 2216; x_wconf 56' lang='grc' dir='ltr'>Γραφῖκ,</span> <span class='ocrx_word' id='word_1_293' title='bbox 1749 2146 1860 2199; x_wconf 79' lang='grc' dir='ltr'><strong>ἀνω</strong></span> <span class='ocrx_word' id='word_1_294' title='bbox 1892 2164 1953 2199; x_wconf 88' lang='grc' dir='ltr'><strong>τε</strong></span> <span class='ocrx_word' id='word_1_295' title='bbox 1984 2136 2004 2149; x_wconf 53' lang='grc'><em>”</em></span> 
     </span>
    </p>
   </div>
   <div class='ocr_carea' id='block_1_40' title="bbox 370 2217 1955 2303">
    <p class='ocr_par' dir='ltr' id='par_1_40' title="bbox 370 2217 1955 2303">
     <span class='ocr_line' id='line_1_40' title="bbox 370 2217 1955 2303; baseline -0.001 -19"><span class='ocrx_word' id='word_1_296' title='bbox 370 2235 470 2284; x_wconf 70' lang='grc' dir='ltr'><strong>καὶ</strong></span> <span class='ocrx_word' id='word_1_297' title='bbox 505 2233 654 2284; x_wconf 77' lang='grc' dir='ltr'>κάτω</span> <span class='ocrx_word' id='word_1_298' title='bbox 685 2231 919 2302; x_wconf 85' lang='grc' dir='ltr'>Χριστὸν</span> <span class='ocrx_word' id='word_1_299' title='bbox 955 2232 1325 2302; x_wconf 80' lang='grc' dir='ltr'>ὁνομαζούσης</span> <span class='ocrx_word' id='word_1_300' title='bbox 1359 2217 1487 2303; x_wconf 80' lang='grc' dir='ltr'>ἡμῖν</span> <span class='ocrx_word' id='word_1_301' title='bbox 1513 2232 1680 2294; x_wconf 76' lang='grc' dir='ltr'>ἕλεος,</span> <span class='ocrx_word' id='word_1_302' title='bbox 1712 2233 1805 2286; x_wconf 72' lang='grc' dir='ltr'><strong>καὶ</strong></span> <span class='ocrx_word' id='word_1_303' title='bbox 1832 2231 1955 2302; x_wconf 82' lang='grc' dir='ltr'>ἀλή-</span> 
     </span>
    </p>
   </div>
   <div class='ocr_carea' id='block_1_41' title="bbox 374 2322 1954 2396">
    <p class='ocr_par' dir='ltr' id='par_1_41' title="bbox 374 2322 1954 2396">
     <span class='ocr_line' id='line_1_41' title="bbox 374 2322 1954 2396; baseline 0 -20"><span class='ocrx_word' id='word_1_304' title='bbox 374 2322 599 2396; x_wconf 78' lang='grc' dir='ltr'>θεια[ν].</span> <span class='ocrx_word' id='word_1_305' title='bbox 624 2325 743 2378; x_wconf 79' lang='grc' dir='ltr'>Ὀτι</span> <span class='ocrx_word' id='word_1_306' title='bbox 771 2323 827 2378; x_wconf 78' lang='grc' dir='ltr'><strong>δέ</strong></span> <span class='ocrx_word' id='word_1_307' title='bbox 855 2327 969 2380; x_wconf 78' lang='grc' dir='ltr'>ἐστι</span> <span class='ocrx_word' id='word_1_308' title='bbox 998 2326 1092 2378; x_wconf 81' lang='grc' dir='ltr'>καὶ</span> <span class='ocrx_word' id='word_1_309' title='bbox 1117 2325 1408 2393; x_wconf 77' lang='grc' dir='ltr'>ἐπίγνωσις</span> <span class='ocrx_word' id='word_1_310' title='bbox 1429 2324 1852 2394; x_wconf 78' lang='grc' dir='ltr'>Θεοῦ,διαμάθοι</span> <span class='ocrx_word' id='word_1_311' title='bbox 1871 2342 1954 2388; x_wconf 87' lang='grc' dir='ltr'><strong>τις</strong></span> 
     </span>
    </p>
   </div>
   <div class='ocr_carea' id='block_1_42' title="bbox 367 2415 1955 2487">
    <p class='ocr_par' dir='ltr' id='par_1_42' title="bbox 367 2415 1955 2487">
     <span class='ocr_line' id='line_1_42' title="bbox 367 2415 1955 2487; baseline 0 -20"><span class='ocrx_word' id='word_1_312' title='bbox 367 2415 439 2468; x_wconf 81' lang='grc' dir='ltr'>ἂν</span> <span class='ocrx_word' id='word_1_313' title='bbox 495 2417 589 2468; x_wconf 82' lang='grc' dir='ltr'><strong>καὶ</strong></span> <span class='ocrx_word' id='word_1_314' title='bbox 634 2416 750 2469; x_wconf 75' lang='grc' dir='ltr'>Αίαν</span> <span class='ocrx_word' id='word_1_315' title='bbox 795 2416 1041 2480; x_wconf 83' lang='grc' dir='ltr'>ἀκονιτὶ,</span> <span class='ocrx_word' id='word_1_316' title='bbox 1095 2416 1409 2485; x_wconf 87' lang='grc' dir='ltr'>σαφέστατά</span> <span class='ocrx_word' id='word_1_317' title='bbox 1457 2433 1514 2470; x_wconf 84' lang='grc' dir='ltr'><strong>τε</strong></span> <span class='ocrx_word' id='word_1_318' title='bbox 1568 2416 1662 2468; x_wconf 73' lang='grc' dir='ltr'><strong>καὶ</strong></span> <span class='ocrx_word' id='word_1_319' title='bbox 1710 2415 1955 2487; x_wconf 76' lang='grc' dir='ltr'>ἐναργῶς</span> 
     </span>
    </p>
   </div>
   <div class='ocr_carea' id='block_1_43' title="bbox 371 2505 1956 2577">
    <p class='ocr_par' dir='ltr' id='par_1_43' title="bbox 371 2505 1956 2577">
     <span class='ocr_line' id='line_1_43' title="bbox 371 2505 1956 2577; baseline -0.002 -18"><span class='ocrx_word' id='word_1_320' title='bbox 371 2505 541 2559; x_wconf 75' lang='grc' dir='ltr'>αὑτοῦ</span> <span class='ocrx_word' id='word_1_321' title='bbox 573 2506 1017 2576; x_wconf 76' lang='grc' dir='ltr'>διακεκραγότος-</span> <span class='ocrx_word' id='word_1_322' title='bbox 1051 2525 1070 2558; x_wconf 75' lang='grc' dir='ltr'><strong>ι</strong></span> <span class='ocrx_word' id='word_1_323' title='bbox 1115 2508 1172 2561; x_wconf 90' lang='lat'><strong>&#39;0</strong></span> <span class='ocrx_word' id='word_1_324' title='bbox 1193 2505 1454 2577; x_wconf 78' lang='grc' dir='ltr'>ἑωρακὼς</span> <span class='ocrx_word' id='word_1_325' title='bbox 1482 2506 1605 2575; x_wconf 74' lang='grc' dir='ltr'>ἐμὲ,</span> <span class='ocrx_word' id='word_1_326' title='bbox 1635 2505 1848 2576; x_wconf 77' lang='grc' dir='ltr'>ἑώρακε</span> <span class='ocrx_word' id='word_1_327' title='bbox 1866 2505 1956 2557; x_wconf 69' lang='grc' dir='ltr'>τὸν</span> 
     </span>
    </p>
   </div>
   <div class='ocr_carea' id='block_1_44' title="bbox 371 2595 1956 2668">
    <p class='ocr_par' dir='ltr' id='par_1_44' title="bbox 371 2595 1956 2668">
     <span class='ocr_line' id='line_1_44' title="bbox 371 2595 1956 2668; baseline -0.001 -20"><span class='ocrx_word' id='word_1_328' title='bbox 371 2596 612 2666; x_wconf 83' lang='grc' dir='ltr'>Πατέρα.</span> <span class='ocrx_word' id='word_1_329' title='bbox 629 2615 748 2648; x_wconf 79' lang='grc' dir='ltr'>ι-ι</span> <span class='ocrx_word' id='word_1_330' title='bbox 761 2597 955 2666; x_wconf 85' lang='grc' dir='ltr'>Κρίσις</span> <span class='ocrx_word' id='word_1_331' title='bbox 967 2597 1146 2650; x_wconf 84' lang='grc' dir='ltr'>τοίνυν</span> <span class='ocrx_word' id='word_1_332' title='bbox 1162 2597 1237 2668; x_wconf 84' lang='grc' dir='ltr'>τῷ</span> <span class='ocrx_word' id='word_1_333' title='bbox 1253 2597 1461 2668; x_wconf 82' lang='grc' dir='ltr'>Κυρίῳ,</span> <span class='ocrx_word' id='word_1_334' title='bbox 1477 2596 1662 2665; x_wconf 72' lang='grc' dir='ltr'>φησὶν,</span> <span class='ocrx_word' id='word_1_335' title='bbox 1679 2595 1811 2665; x_wconf 81' lang='grc' dir='ltr'>πρὸς</span> <span class='ocrx_word' id='word_1_336' title='bbox 1831 2597 1956 2659; x_wconf 76' lang='grc' dir='ltr'>τοὺς</span> 
     </span>
    </p>
   </div>
   <div class='ocr_carea' id='block_1_45' title="bbox 373 2686 1956 2760">
    <p class='ocr_par' dir='ltr' id='par_1_45' title="bbox 373 2686 1956 2760">
     <span class='ocr_line' id='line_1_45' title="bbox 373 2686 1956 2760; baseline -0.001 -20"><span class='ocrx_word' id='word_1_337' title='bbox 373 2689 765 2752; x_wconf 81' lang='grc' dir='ltr'>κατοικοῦντας</span> <span class='ocrx_word' id='word_1_338' title='bbox 801 2689 910 2760; x_wconf 86' lang='grc' dir='ltr'>τὴν-</span> <span class='ocrx_word' id='word_1_339' title='bbox 932 2689 1035 2759; x_wconf 81' lang='grc' dir='ltr'><strong>γῆν</strong></span> <span class='ocrx_word' id='word_1_340' title='bbox 1057 2706 1068 2718; x_wconf 90' lang='grc'><strong>·</strong></span> <span class='ocrx_word' id='word_1_341' title='bbox 1099 2709 1116 2742; x_wconf 76' lang='grc' dir='ltr'><strong>ι</strong></span> <span class='ocrx_word' id='word_1_342' title='bbox 1151 2689 1307 2759; x_wconf 85' lang='grc' dir='ltr'>δῆλον</span> <span class='ocrx_word' id='word_1_343' title='bbox 1335 2689 1391 2742; x_wconf 86' lang='grc' dir='ltr'>δὲ</span> <span class='ocrx_word' id='word_1_344' title='bbox 1429 2689 1511 2741; x_wconf 74' lang='grc' dir='ltr'>ὅτι</span> <span class='ocrx_word' id='word_1_345' title='bbox 1548 2687 1646 2758; x_wconf 82' lang='grc' dir='ltr'>τὴν</span> <span class='ocrx_word' id='word_1_346' title='bbox 1676 2686 1784 2739; x_wconf 81' lang='grc' dir='ltr'><strong>τῶν</strong></span> <span class='ocrx_word' id='word_1_347' title='bbox 1824 2689 1956 2739; x_wconf 69' lang='grc' dir='ltr'>ἰουο</span> 
     </span>
    </p>
   </div>
   <div class='ocr_carea' id='block_1_46' title="bbox 369 2780 1957 2852">
    <p class='ocr_par' dir='ltr' id='par_1_46' title="bbox 369 2780 1957 2852">
     <span class='ocr_line' id='line_1_46' title="bbox 369 2780 1957 2852; baseline -0.001 -19"><span class='ocrx_word' id='word_1_348' title='bbox 369 2780 541 2833; x_wconf 83' lang='grc' dir='ltr'>δαίων</span> <span class='ocrx_word' id='word_1_349' title='bbox 565 2797 580 2811; x_wconf 76' lang='lat'>&#39;</span> <span class='ocrx_word' id='word_1_350' title='bbox 615 2781 700 2835; x_wconf 76' lang='grc' dir='ltr'><strong>ὅτι</strong></span> <span class='ocrx_word' id='word_1_351' title='bbox 745 2780 818 2852; x_wconf 84' lang='grc' dir='ltr'>μὴ</span> <span class='ocrx_word' id='word_1_352' title='bbox 844 2781 933 2833; x_wconf 87' lang='grc' dir='ltr'>ὅτε</span> <span class='ocrx_word' id='word_1_353' title='bbox 965 2782 1092 2852; x_wconf 84' lang='grc' dir='ltr'>παρ’</span> <span class='ocrx_word' id='word_1_354' title='bbox 1123 2781 1304 2844; x_wconf 83' lang='grc' dir='ltr'>αὐτοῖς</span> <span class='ocrx_word' id='word_1_355' title='bbox 1331 2783 1364 2850; x_wconf 81' lang='grc' dir='ltr'><strong>ἡ</strong></span> <span class='ocrx_word' id='word_1_356' title='bbox 1404 2780 1630 2850; x_wconf 79' lang='grc' dir='ltr'>ἀλήθειά</span> <span class='ocrx_word' id='word_1_357' title='bbox 1661 2796 1720 2831; x_wconf 88' lang='grc' dir='ltr'><strong>τε</strong></span> <span class='ocrx_word' id='word_1_358' title='bbox 1754 2780 1847 2832; x_wconf 71' lang='grc' dir='ltr'>καὶ</span> <span class='ocrx_word' id='word_1_359' title='bbox 1900 2780 1957 2832; x_wconf 80' lang='grc' dir='ltr'><strong>τὸ</strong></span> 
     </span>
    </p>
   </div>
   <div class='ocr_carea' id='block_1_47' title="bbox 373 2869 1954 2943">
    <p class='ocr_par' dir='ltr' id='par_1_47' title="bbox 373 2869 1954 2943">
     <span class='ocr_line' id='line_1_47' title="bbox 373 2869 1954 2943; baseline -0.001 -19"><span class='ocrx_word' id='word_1_360' title='bbox 373 2872 547 2934; x_wconf 78' lang='grc' dir='ltr'>ἔλεος.</span> <span class='ocrx_word' id='word_1_361' title='bbox 607 2873 763 2943; x_wconf 80' lang='grc' dir='ltr'>καὶὴ</span> <span class='ocrx_word' id='word_1_362' title='bbox 810 2873 1108 2940; x_wconf 78' lang='grc' dir='ltr'>ἐπίγνωσις</span> <span class='ocrx_word' id='word_1_363' title='bbox 1151 2872 1245 2927; x_wconf 86' lang='grc' dir='ltr'><strong>τοῦ</strong></span> <span class='ocrx_word' id='word_1_364' title='bbox 1291 2872 1506 2942; x_wconf 84' lang='grc' dir='ltr'>Πατρός</span> <span class='ocrx_word' id='word_1_365' title='bbox 1530 2888 1544 2903; x_wconf 89' lang='grc'><strong>·</strong></span> <span class='ocrx_word' id='word_1_366' title='bbox 1576 2869 1820 2942; x_wconf 84' lang='grc' dir='ltr'>κρίνεται</span> <span class='ocrx_word' id='word_1_367' title='bbox 1856 2869 1954 2939; x_wconf 84' lang='grc' dir='ltr'>μὲν</span> 
     </span>
    </p>
   </div>
   <div class='ocr_carea' id='block_1_48' title="bbox 373 2960 1958 3035">
    <p class='ocr_par' dir='ltr' id='par_1_48' title="bbox 373 2960 1958 3035">
     <span class='ocr_line' id='line_1_48' title="bbox 373 2960 1958 3035; baseline -0.002 -19"><span class='ocrx_word' id='word_1_368' title='bbox 373 2960 471 3016; x_wconf 70' lang='grc' dir='ltr'><strong>οῦν</strong></span> <span class='ocrx_word' id='word_1_369' title='bbox 507 2964 642 3034; x_wconf 75' lang='grc' dir='ltr'>πρὸς</span> <span class='ocrx_word' id='word_1_370' title='bbox 663 2965 788 3027; x_wconf 81' lang='grc' dir='ltr'>τοὺς</span> <span class='ocrx_word' id='word_1_371' title='bbox 816 2963 885 3016; x_wconf 79' lang='grc' dir='ltr'>τὰ</span> <span class='ocrx_word' id='word_1_372' title='bbox 910 2964 1085 3016; x_wconf 86' lang='grc' dir='ltr'>τοιάδε</span> <span class='ocrx_word' id='word_1_373' title='bbox 1115 2964 1188 3035; x_wconf 74' lang='grc' dir='ltr'>μὴ</span> <span class='ocrx_word' id='word_1_374' title='bbox 1213 2963 1450 3033; x_wconf 74' lang='grc' dir='ltr'>ἔχοντας.</span> <span class='ocrx_word' id='word_1_375' title='bbox 1474 2962 1876 3031; x_wconf 81' lang='grc' dir='ltr'>Διαπεφεύγασι</span> <span class='ocrx_word' id='word_1_376' title='bbox 1901 2961 1958 3014; x_wconf 79' lang='grc' dir='ltr'>δὲ</span> 
     </span>
    </p>
   </div>
   <div class='ocr_carea' id='block_1_49' title="bbox 377 3050 1958 3124">
    <p class='ocr_par' dir='ltr' id='par_1_49' title="bbox 377 3050 1958 3124">
     <span class='ocr_line' id='line_1_49' title="bbox 377 3050 1958 3124; baseline -0.002 -19"><span class='ocrx_word' id='word_1_377' title='bbox 377 3053 441 3105; x_wconf 79' lang='grc' dir='ltr'><strong>τὸ</strong></span> <span class='ocrx_word' id='word_1_378' title='bbox 467 3052 746 3122; x_wconf 87' lang='grc' dir='ltr'>κρίνεσθαι</span> <span class='ocrx_word' id='word_1_379' title='bbox 785 3053 918 3122; x_wconf 82' lang='grc' dir='ltr'>πρὸς</span> <span class='ocrx_word' id='word_1_380' title='bbox 951 3053 1133 3117; x_wconf 74' lang='grc' dir='ltr'>αὐτὸν,</span> <span class='ocrx_word' id='word_1_381' title='bbox 1167 3054 1285 3124; x_wconf 75' lang='grc' dir='ltr'>ἦτοι</span> <span class='ocrx_word' id='word_1_382' title='bbox 1330 3052 1467 3122; x_wconf 80' lang='grc' dir='ltr'>πρὸς</span> <span class='ocrx_word' id='word_1_383' title='bbox 1506 3050 1689 3112; x_wconf 76' lang='grc' dir='ltr'>αὐτοῦ,</span> <span class='ocrx_word' id='word_1_384' title='bbox 1719 3051 1818 3120; x_wconf 80' lang='grc' dir='ltr'>τὴν</span> <span class='ocrx_word' id='word_1_385' title='bbox 1865 3051 1958 3104; x_wconf 89' lang='grc' dir='ltr'>πί-</span> 
     </span>
    </p>
   </div>
   <div class='ocr_carea' id='block_1_50' title="bbox 2053 1867 3618 1928">
    <p class='ocr_par' dir='ltr' id='par_1_50' title="bbox 2053 1867 3618 1928">
     <span class='ocr_line' id='line_1_50' title="bbox 2053 1867 3618 1928; baseline 0.006 -9"><span class='ocrx_word' id='word_1_386' title='bbox 2053 1867 2284 1924; x_wconf 89' lang='lat' dir='ltr'><strong>luerunt.</strong></span> <span class='ocrx_word' id='word_1_387' title='bbox 2309 1868 2583 1924; x_wconf 86' lang='lat' dir='ltr'><strong>Christum</strong></span> <span class='ocrx_word' id='word_1_388' title='bbox 2601 1871 2743 1925; x_wconf 90' lang='lat' dir='ltr'><strong>enim</strong></span> <span class='ocrx_word' id='word_1_389' title='bbox 2765 1885 2885 1926; x_wconf 83' lang='lat' dir='ltr'><strong>esse</strong></span> <span class='ocrx_word' id='word_1_390' title='bbox 2911 1872 3194 1926; x_wconf 74' lang='lat' dir='ltr'><strong>veritatem</strong></span> <span class='ocrx_word' id='word_1_391' title='bbox 3221 1884 3276 1927; x_wconf 90' lang='lat' dir='ltr'><strong>et</strong></span> <span class='ocrx_word' id='word_1_392' title='bbox 3309 1874 3618 1928; x_wconf 76' lang='lat' dir='ltr'><strong>miscricor-</strong></span> 
     </span>
    </p>
   </div>
   <div class='ocr_carea' id='block_1_51' title="bbox 2053 1957 3626 2028">
    <p class='ocr_par' dir='ltr' id='par_1_51' title="bbox 2053 1957 3626 2028">
     <span class='ocr_line' id='line_1_51' title="bbox 2053 1957 3626 2028; baseline 0.007 -20"><span class='ocrx_word' id='word_1_393' title='bbox 2053 1957 2194 2012; x_wconf 90' lang='lat' dir='ltr'><strong>diam</strong></span> <span class='ocrx_word' id='word_1_394' title='bbox 2225 1975 2328 2014; x_wconf 90' lang='lat' dir='ltr'><strong>non</strong></span> <span class='ocrx_word' id='word_1_395' title='bbox 2354 1961 2456 2015; x_wconf 90' lang='lat' dir='ltr'><strong>erit</strong></span> <span class='ocrx_word' id='word_1_396' title='bbox 2478 1977 2718 2028; x_wconf 90' lang='lat' dir='ltr'><strong>necesse,</strong></span> <span class='ocrx_word' id='word_1_397' title='bbox 2742 1973 2797 2016; x_wconf 90' lang='lat' dir='ltr'><strong>ut</strong></span> <span class='ocrx_word' id='word_1_398' title='bbox 2822 1964 3096 2026; x_wconf 82' lang='lat' dir='ltr'><strong>existimo,</strong></span> <span class='ocrx_word' id='word_1_399' title='bbox 3120 1965 3301 2018; x_wconf 89' lang='lat' dir='ltr'><strong>multis</strong></span> <span class='ocrx_word' id='word_1_400' title='bbox 3323 1965 3502 2018; x_wconf 80' lang='lat' dir='ltr'><strong>verbis</strong></span> <span class='ocrx_word' id='word_1_401' title='bbox 3532 1965 3626 2018; x_wconf 86' lang='lat' dir='ltr'><strong>de-</strong></span> 
     </span>
    </p>
   </div>
   <div class='ocr_carea' id='block_1_52' title="bbox 2055 2055 3623 2126">
    <p class='ocr_par' dir='ltr' id='par_1_52' title="bbox 2055 2055 3623 2126">
     <span class='ocr_line' id='line_1_52' title="bbox 2055 2055 3623 2126; baseline 0.006 -24"><span class='ocrx_word' id='word_1_402' title='bbox 2055 2062 2376 2119; x_wconf 84' lang='lat' dir='ltr'><strong>monstrare,</strong></span> <span class='ocrx_word' id='word_1_403' title='bbox 2401 2067 2522 2108; x_wconf 91' lang='lat' dir='ltr'><strong>cum</strong></span> <span class='ocrx_word' id='word_1_404' title='bbox 2552 2055 2617 2110; x_wconf 88' lang='lat' dir='ltr'><strong>ad</strong></span> <span class='ocrx_word' id='word_1_405' title='bbox 2641 2055 2747 2111; x_wconf 89' lang='lat' dir='ltr'><strong>hoc</strong></span> <span class='ocrx_word' id='word_1_406' title='bbox 2776 2056 3031 2111; x_wconf 86' lang='lat' dir='ltr'><strong>divinitus</strong></span> <span class='ocrx_word' id='word_1_407' title='bbox 3059 2056 3317 2126; x_wconf 83' lang='lat' dir='ltr'><strong>inspirata</strong></span> <span class='ocrx_word' id='word_1_408' title='bbox 3346 2056 3623 2125; x_wconf 81' lang='lat' dir='ltr'><strong>Scriptura</strong></span> 
     </span>
    </p>
   </div>
   <div class='ocr_carea' id='block_1_53' title="bbox 2053 2143 3626 2216">
    <p class='ocr_par' dir='ltr' id='par_1_53' title="bbox 2053 2143 3626 2216">
     <span class='ocr_line' id='line_1_53' title="bbox 2053 2143 3626 2216; baseline 0.002 -18"><span class='ocrx_word' id='word_1_409' title='bbox 2053 2143 2280 2199; x_wconf 78' lang='lat' dir='ltr'><strong>snliiciat</strong></span> <span class='ocrx_word' id='word_1_410' title='bbox 2310 2160 2324 2197; x_wconf 92' lang='lat'><strong>:</strong></span> <span class='ocrx_word' id='word_1_411' title='bbox 2355 2159 2474 2214; x_wconf 71' lang='lat' dir='ltr'><strong>qua:</strong></span> <span class='ocrx_word' id='word_1_412' title='bbox 2503 2147 2700 2216; x_wconf 86' lang='lat' dir='ltr'><strong>passim</strong></span> <span class='ocrx_word' id='word_1_413' title='bbox 2721 2147 3000 2203; x_wconf 73' lang='lat' dir='ltr'><strong>Christum</strong></span> <span class='ocrx_word' id='word_1_414' title='bbox 3022 2149 3306 2202; x_wconf 72' lang='lat' dir='ltr'><strong>veritatem</strong></span> <span class='ocrx_word' id='word_1_415' title='bbox 3337 2157 3389 2202; x_wconf 91' lang='lat' dir='ltr'><strong>et</strong></span> <span class='ocrx_word' id='word_1_416' title='bbox 3417 2148 3626 2201; x_wconf 86' lang='lat' dir='ltr'><strong>miseri—</strong></span> 
     </span>
    </p>
   </div>
   <div class='ocr_carea' id='block_1_54' title="bbox 2053 2234 3627 2299">
    <p class='ocr_par' dir='ltr' id='par_1_54' title="bbox 2053 2234 3627 2299">
     <span class='ocr_line' id='line_1_54' title="bbox 2053 2234 3627 2299; baseline 0.003 -12"><span class='ocrx_word' id='word_1_417' title='bbox 2053 2234 2292 2288; x_wconf 87' lang='lat' dir='ltr'><strong>cordiam</strong></span> <span class='ocrx_word' id='word_1_418' title='bbox 2315 2236 2468 2290; x_wconf 90' lang='lat' dir='ltr'><strong>nobis</strong></span> <span class='ocrx_word' id='word_1_419' title='bbox 2494 2236 2747 2292; x_wconf 81' lang='lat' dir='ltr'><strong>inculcat.</strong></span> <span class='ocrx_word' id='word_1_420' title='bbox 2776 2236 2906 2292; x_wconf 82' lang='lat' dir='ltr'><strong>Esse</strong></span> <span class='ocrx_word' id='word_1_421' title='bbox 2923 2246 3101 2292; x_wconf 87' lang='lat' dir='ltr'><strong>autem</strong></span> <span class='ocrx_word' id='word_1_422' title='bbox 3117 2237 3488 2299; x_wconf 86' lang='lat' dir='ltr'><strong>etscientiam,</strong></span> <span class='ocrx_word' id='word_1_423' title='bbox 3513 2235 3627 2292; x_wconf 85' lang='lat' dir='ltr'><strong>sive</strong></span> 
     </span>
    </p>
   </div>
   <div class='ocr_carea' id='block_1_55' title="bbox 2055 2327 3627 2399">
    <p class='ocr_par' dir='ltr' id='par_1_55' title="bbox 2055 2327 3627 2399">
     <span class='ocr_line' id='line_1_55' title="bbox 2055 2327 3627 2399; baseline 0.003 -21"><span class='ocrx_word' id='word_1_424' title='bbox 2055 2327 2384 2396; x_wconf 83' lang='lat' dir='ltr'><strong>agnitionem</strong></span> <span class='ocrx_word' id='word_1_425' title='bbox 2412 2328 2528 2394; x_wconf 88' lang='lat' dir='ltr'><strong>Dei,</strong></span> <span class='ocrx_word' id='word_1_426' title='bbox 2561 2329 2772 2384; x_wconf 84' lang='lat' dir='ltr'><strong>discere</strong></span> <span class='ocrx_word' id='word_1_427' title='bbox 2793 2339 2966 2399; x_wconf 86' lang='lat' dir='ltr'><strong>potest</strong></span> <span class='ocrx_word' id='word_1_428' title='bbox 2989 2329 3254 2398; x_wconf 84' lang='lat' dir='ltr'><strong>quispiam</strong></span> <span class='ocrx_word' id='word_1_429' title='bbox 3272 2329 3355 2383; x_wconf 88' lang='lat' dir='ltr'><strong>vel</strong></span> <span class='ocrx_word' id='word_1_430' title='bbox 3375 2329 3514 2383; x_wconf 85' lang='lat' dir='ltr'><strong>cit-ra</strong></span> <span class='ocrx_word' id='word_1_431' title='bbox 3544 2329 3627 2382; x_wconf 90' lang='lat' dir='ltr'><strong>ul-</strong></span> 
     </span>
    </p>
   </div>
   <div class='ocr_carea' id='block_1_56' title="bbox 2056 2417 3630 2489">
    <p class='ocr_par' dir='ltr' id='par_1_56' title="bbox 2056 2417 3630 2489">
     <span class='ocr_line' id='line_1_56' title="bbox 2056 2417 3630 2489; baseline 0.003 -21"><span class='ocrx_word' id='word_1_432' title='bbox 2056 2417 2163 2470; x_wconf 90' lang='lat' dir='ltr'><strong>lum</strong></span> <span class='ocrx_word' id='word_1_433' title='bbox 2188 2418 2456 2488; x_wconf 78' lang='lat' dir='ltr'><strong>negotium</strong></span> <span class='ocrx_word' id='word_1_434' title='bbox 2483 2419 2768 2476; x_wconf 80' lang='lat' dir='ltr'><strong>manifeste</strong></span> <span class='ocrx_word' id='word_1_435' title='bbox 2779 2431 2833 2475; x_wconf 86' lang='lat' dir='ltr'><strong>et</strong></span> <span class='ocrx_word' id='word_1_436' title='bbox 2855 2420 3173 2476; x_wconf 91' lang='lat' dir='ltr'><strong>clarissimis</strong></span> <span class='ocrx_word' id='word_1_437' title='bbox 3187 2421 3366 2475; x_wconf 86' lang='lat' dir='ltr'><strong>verbis</strong></span> <span class='ocrx_word' id='word_1_438' title='bbox 3396 2421 3512 2489; x_wconf 84' lang='lat' dir='ltr'><strong>ipso</strong></span> <span class='ocrx_word' id='word_1_439' title='bbox 3526 2420 3630 2474; x_wconf 86' lang='lat' dir='ltr'><strong>cla-</strong></span> 
     </span>
    </p>
   </div>
   <div class='ocr_carea' id='block_1_57' title="bbox 2057 2508 3629 2578">
    <p class='ocr_par' dir='ltr' id='par_1_57' title="bbox 2057 2508 3629 2578">
     <span class='ocr_line' id='line_1_57' title="bbox 2057 2508 3629 2578; baseline 0.001 -17"><span class='ocrx_word' id='word_1_440' title='bbox 2057 2517 2268 2562; x_wconf 81' lang='lat' dir='ltr'><strong>mante:</strong></span> <span class='ocrx_word' id='word_1_441' title='bbox 2299 2527 2316 2560; x_wconf 81' lang='grc' dir='ltr'><strong>ι</strong></span> <span class='ocrx_word' id='word_1_442' title='bbox 2341 2508 2440 2576; x_wconf 85' lang='lat' dir='ltr'><strong>Qui</strong></span> <span class='ocrx_word' id='word_1_443' title='bbox 2464 2511 2597 2564; x_wconf 87' lang='lat' dir='ltr'><strong>vidit</strong></span> <span class='ocrx_word' id='word_1_444' title='bbox 2623 2526 2730 2578; x_wconf 84' lang='lat' dir='ltr'><strong>me,</strong></span> <span class='ocrx_word' id='word_1_445' title='bbox 2754 2512 2888 2566; x_wconf 89' lang='lat' dir='ltr'><strong>vidit</strong></span> <span class='ocrx_word' id='word_1_446' title='bbox 2912 2522 2967 2566; x_wconf 90' lang='lat' dir='ltr'><strong>et</strong></span> <span class='ocrx_word' id='word_1_447' title='bbox 2987 2510 3201 2566; x_wconf 81' lang='lat' dir='ltr'><strong>Patrem</strong></span> <span class='ocrx_word' id='word_1_448' title='bbox 3226 2511 3516 2566; x_wconf 69' lang='lat' dir='ltr'><strong>meum&quot;.t</strong></span> <span class='ocrx_word' id='word_1_449' title='bbox 3546 2509 3629 2562; x_wconf 91' lang='lat' dir='ltr'><strong>ltt-</strong></span> 
     </span>
    </p>
   </div>
   <div class='ocr_carea' id='block_1_58' title="bbox 2056 2599 3624 2671">
    <p class='ocr_par' dir='ltr' id='par_1_58' title="bbox 2056 2599 3624 2671">
     <span class='ocr_line' id='line_1_58' title="bbox 2056 2599 3624 2671; baseline 0.002 -20"><span class='ocrx_word' id='word_1_450' title='bbox 2056 2601 2169 2666; x_wconf 85' lang='lat' dir='ltr'><strong>quit</strong></span> <span class='ocrx_word' id='word_1_451' title='bbox 2187 2599 2398 2670; x_wconf 70' lang='lat' dir='ltr'><strong>igitum</strong></span> <span class='ocrx_word' id='word_1_452' title='bbox 2421 2601 2684 2671; x_wconf 88' lang='lat' dir='ltr'><strong>judicium</strong></span> <span class='ocrx_word' id='word_1_453' title='bbox 2706 2604 2931 2659; x_wconf 91' lang='lat' dir='ltr'><strong>Domino</strong></span> <span class='ocrx_word' id='word_1_454' title='bbox 2947 2605 3012 2657; x_wconf 90' lang='lat' dir='ltr'><strong>ad</strong></span> <span class='ocrx_word' id='word_1_455' title='bbox 3029 2605 3334 2658; x_wconf 84' lang='lat' dir='ltr'><strong>habitantes</strong></span> <span class='ocrx_word' id='word_1_456' title='bbox 3355 2612 3575 2666; x_wconf 88' lang='lat' dir='ltr'><strong>terram,</strong></span> <span class='ocrx_word' id='word_1_457' title='bbox 3601 2619 3624 2654; x_wconf 71' lang='grc' dir='ltr'><strong>ι</strong></span> 
     </span>
    </p>
   </div>
   <div class='ocr_carea' id='block_1_59' title="bbox 2055 2690 3628 2762">
    <p class='ocr_par' dir='ltr' id='par_1_59' title="bbox 2055 2690 3628 2762">
     <span class='ocr_line' id='line_1_59' title="bbox 2055 2690 3628 2762; baseline 0.001 -18"><span class='ocrx_word' id='word_1_458' title='bbox 2055 2690 2174 2744; x_wconf 88' lang='lat' dir='ltr'><strong>sine</strong></span> <span class='ocrx_word' id='word_1_459' title='bbox 2214 2694 2581 2747; x_wconf 88' lang='lat' dir='ltr'><strong>controversia</strong></span> <span class='ocrx_word' id='word_1_460' title='bbox 2604 2692 2911 2749; x_wconf 68' lang='lat' dir='ltr'><strong>Judazorum</strong></span> <span class='ocrx_word' id='word_1_461' title='bbox 2947 2703 3171 2762; x_wconf 88' lang='lat' dir='ltr'><strong>terram,</strong></span> <span class='ocrx_word' id='word_1_462' title='bbox 3205 2693 3455 2762; x_wconf 87' lang='lat' dir='ltr'><strong>quoniam</strong></span> <span class='ocrx_word' id='word_1_463' title='bbox 3489 2693 3628 2762; x_wconf 86' lang='lat' dir='ltr'><strong>apud</strong></span> 
     </span>
    </p>
   </div>
   <div class='ocr_carea' id='block_1_60' title="bbox 2056 2783 3631 2852">
    <p class='ocr_par' dir='ltr' id='par_1_60' title="bbox 2056 2783 3631 2852">
     <span class='ocr_line' id='line_1_60' title="bbox 2056 2783 3631 2852; baseline 0.001 -17"><span class='ocrx_word' id='word_1_464' title='bbox 2056 2794 2151 2835; x_wconf 91' lang='lat' dir='ltr'><strong>eos</strong></span> <span class='ocrx_word' id='word_1_465' title='bbox 2172 2783 2401 2852; x_wconf 89' lang='lat' dir='ltr'><strong>amplius</strong></span> <span class='ocrx_word' id='word_1_466' title='bbox 2415 2799 2519 2839; x_wconf 87' lang='lat' dir='ltr'><strong>non</strong></span> <span class='ocrx_word' id='word_1_467' title='bbox 2541 2787 3065 2852; x_wconf 81' lang='lat' dir='ltr'><strong>exstabantveritas,</strong></span> <span class='ocrx_word' id='word_1_468' title='bbox 3081 2795 3136 2840; x_wconf 90' lang='lat' dir='ltr'><strong>et</strong></span> <span class='ocrx_word' id='word_1_469' title='bbox 3165 2784 3557 2846; x_wconf 82' lang='lat' dir='ltr'><strong>misericordia,</strong></span> <span class='ocrx_word' id='word_1_470' title='bbox 3578 2792 3631 2837; x_wconf 87' lang='lat' dir='ltr'><strong>et</strong></span> 
     </span>
    </p>
   </div>
   <div class='ocr_carea' id='block_1_61' title="bbox 2057 2874 3633 2946">
    <p class='ocr_par' dir='ltr' id='par_1_61' title="bbox 2057 2874 3633 2946">
     <span class='ocr_line' id='line_1_61' title="bbox 2057 2874 3633 2946; baseline -0.002 -18"><span class='ocrx_word' id='word_1_471' title='bbox 2057 2874 2280 2930; x_wconf 89' lang='lat' dir='ltr'><strong>scientia</strong></span> <span class='ocrx_word' id='word_1_472' title='bbox 2311 2875 2505 2932; x_wconf 86' lang='lat' dir='ltr'><strong>Patris.</strong></span> <span class='ocrx_word' id='word_1_473' title='bbox 2539 2875 2818 2946; x_wconf 88' lang='lat' dir='ltr'><strong>Discrepat</strong></span> <span class='ocrx_word' id='word_1_474' title='bbox 2839 2877 3001 2946; x_wconf 79' lang='lat' dir='ltr'><strong>igitur</strong></span> <span class='ocrx_word' id='word_1_475' title='bbox 3021 2892 3141 2929; x_wconf 81' lang='lat' dir='ltr'><strong>eum</strong></span> <span class='ocrx_word' id='word_1_476' title='bbox 3164 2876 3263 2930; x_wconf 89' lang='lat' dir='ltr'><strong>ista</strong></span> <span class='ocrx_word' id='word_1_477' title='bbox 3293 2891 3395 2928; x_wconf 84' lang='lat' dir='ltr'><strong>non</strong></span> <span class='ocrx_word' id='word_1_478' title='bbox 3431 2875 3633 2929; x_wconf 84' lang='lat' dir='ltr'><strong>haben-</strong></span> 
     </span>
    </p>
   </div>
   <div class='ocr_carea' id='block_1_62' title="bbox 2060 2966 3631 3038">
    <p class='ocr_par' dir='ltr' id='par_1_62' title="bbox 2060 2966 3631 3038">
     <span class='ocr_line' id='line_1_62' title="bbox 2060 2966 3631 3038; baseline -0.002 -17"><span class='ocrx_word' id='word_1_479' title='bbox 2060 2967 2228 3022; x_wconf 87' lang='lat' dir='ltr'><strong>tibus.</strong></span> <span class='ocrx_word' id='word_1_480' title='bbox 2289 2966 2606 3038; x_wconf 80' lang='lat' dir='ltr'><strong>Ell‘ugerunt</strong></span> <span class='ocrx_word' id='word_1_481' title='bbox 2640 2978 2818 3023; x_wconf 83' lang='lat' dir='ltr'><strong>autem</strong></span> <span class='ocrx_word' id='word_1_482' title='bbox 2855 2977 2947 3020; x_wconf 88' lang='lat' dir='ltr'><strong>aut</strong></span> <span class='ocrx_word' id='word_1_483' title='bbox 2977 2967 3237 3036; x_wconf 81' lang='lat' dir='ltr'><strong>judicium</strong></span> <span class='ocrx_word' id='word_1_484' title='bbox 3294 2966 3631 3021; x_wconf 87' lang='lat' dir='ltr'><strong>subcumlnm</strong></span> 
     </span>
    </p>
   </div>
   <div class='ocr_carea' id='block_1_63' title="bbox 2060 3060 3629 3130">
    <p class='ocr_par' dir='ltr' id='par_1_63' title="bbox 2060 3060 3629 3130">
     <span class='ocr_line' id='line_1_63' title="bbox 2060 3060 3629 3130; baseline 0 -20"><span class='ocrx_word' id='word_1_485' title='bbox 2060 3060 2318 3114; x_wconf 81' lang='lat' dir='ltr'><strong>adversus</strong></span> <span class='ocrx_word' id='word_1_486' title='bbox 2340 3061 2548 3130; x_wconf 86' lang='lat' dir='ltr'><strong>ipsum;</strong></span> <span class='ocrx_word' id='word_1_487' title='bbox 2569 3061 2937 3129; x_wconf 88' lang='lat' dir='ltr'><strong>autjudiciutn</strong></span> <span class='ocrx_word' id='word_1_488' title='bbox 2966 3060 3349 3130; x_wconf 75' lang='lat' dir='ltr'><strong>perferendum</strong></span> <span class='ocrx_word' id='word_1_489' title='bbox 3384 3060 3452 3114; x_wconf 88' lang='lat' dir='ltr'><strong>ab</strong></span> <span class='ocrx_word' id='word_1_490' title='bbox 3489 3062 3629 3127; x_wconf 87' lang='lat' dir='ltr'><strong>ipso,</strong></span> 
     </span>
    </p>
   </div>
   <div class='ocr_carea' id='block_1_64' title="bbox 378 3125 1960 3222">
    <p class='ocr_par' dir='ltr' id='par_1_64' title="bbox 378 3141 1956 3214">
     <span class='ocr_line' id='line_1_64' title="bbox 378 3141 1956 3214; baseline -0.001 -19"><span class='ocrx_word' id='word_1_491' title='bbox 378 3160 500 3195; x_wconf 88' lang='grc' dir='ltr'>στιν</span> <span class='ocrx_word' id='word_1_492' title='bbox 549 3145 597 3195; x_wconf 83' lang='grc' dir='ltr'>οἱ</span> <span class='ocrx_word' id='word_1_493' title='bbox 651 3143 1084 3214; x_wconf 84' lang='grc' dir='ltr'>προσηκάμενοι.</span> <span class='ocrx_word' id='word_1_494' title='bbox 1139 3144 1248 3197; x_wconf 74' lang='grc' dir='ltr'><strong>Καὶ</strong></span> <span class='ocrx_word' id='word_1_495' title='bbox 1294 3145 1450 3195; x_wconf 85' lang='grc' dir='ltr'>τοῦτο</span> <span class='ocrx_word' id='word_1_496' title='bbox 1497 3141 1628 3194; x_wconf 82' lang='grc' dir='ltr'>αὐτὸ</span> <span class='ocrx_word' id='word_1_497' title='bbox 1678 3142 1846 3211; x_wconf 79' lang='grc' dir='ltr'>σαφὲς</span> <span class='ocrx_word' id='word_1_498' title='bbox 1891 3141 1956 3194; x_wconf 84' lang='grc' dir='ltr'>ἂν</span> 
     </span>
    </p>
   </div>
   <div class='ocr_carea' id='block_1_65' title="bbox 2061 3125 3631 3222">
    <p class='ocr_par' dir='ltr' id='par_1_65' title="bbox 2067 3149 3631 3222">
     <span class='ocr_line' id='line_1_65' title="bbox 2067 3149 3631 3222; baseline 0.003 -22"><span class='ocrx_word' id='word_1_499' title='bbox 2067 3149 2221 3202; x_wconf 76' lang='lat' dir='ltr'><strong>[idem</strong></span> <span class='ocrx_word' id='word_1_500' title='bbox 2275 3152 2562 3221; x_wconf 80' lang='lat' dir='ltr'><strong>complexi.</strong></span> <span class='ocrx_word' id='word_1_501' title='bbox 2605 3153 2758 3219; x_wconf 84' lang='lat' dir='ltr'><strong>Quod</strong></span> <span class='ocrx_word' id='word_1_502' title='bbox 2806 3154 3148 3222; x_wconf 87' lang='lat' dir='ltr'><strong>perspicuum</strong></span> <span class='ocrx_word' id='word_1_503' title='bbox 3197 3153 3285 3206; x_wconf 88' lang='lat' dir='ltr'><strong>liet</strong></span> <span class='ocrx_word' id='word_1_504' title='bbox 3344 3167 3414 3205; x_wconf 69' lang='lat' dir='ltr'><strong>ex</strong></span> <span class='ocrx_word' id='word_1_505' title='bbox 3452 3151 3631 3214; x_wconf 77' lang='lat' dir='ltr'><strong>verbis</strong></span> 
     </span>
    </p>
   </div>
   <div class='ocr_carea' id='block_1_66' title="bbox 377 3233 1962 3306">
    <p class='ocr_par' dir='ltr' id='par_1_66' title="bbox 377 3233 1962 3306">
     <span class='ocr_line' id='line_1_66' title="bbox 377 3233 1962 3306; baseline -0.002 -19"><span class='ocrx_word' id='word_1_506' title='bbox 377 3234 612 3302; x_wconf 83' lang='grc' dir='ltr'>γένοιτο,</span> <span class='ocrx_word' id='word_1_507' title='bbox 661 3233 897 3306; x_wconf 79' lang='grc' dir='ltr'>Χριστοῦ</span> <span class='ocrx_word' id='word_1_508' title='bbox 953 3234 1201 3303; x_wconf 84' lang='grc' dir='ltr'>λέγοντος</span> <span class='ocrx_word' id='word_1_509' title='bbox 1242 3234 1435 3286; x_wconf 71' lang='grc' dir='ltr'>πὰλιψ</span> <span class='ocrx_word' id='word_1_510' title='bbox 1496 3252 1517 3284; x_wconf 73' lang='grc' dir='ltr'><strong>ι</strong></span> <span class='ocrx_word' id='word_1_511' title='bbox 1569 3234 1761 3304; x_wconf 79' lang='grc' dir='ltr'>Ἀμὴν,</span> <span class='ocrx_word' id='word_1_512' title='bbox 1815 3234 1962 3304; x_wconf 79' lang='grc' dir='ltr'>ἀμὴν</span> 
     </span>
    </p>
   </div>
   <div class='ocr_carea' id='block_1_67' title="bbox 379 3325 1961 3397">
    <p class='ocr_par' dir='ltr' id='par_1_67' title="bbox 379 3325 1961 3397">
     <span class='ocr_line' id='line_1_67' title="bbox 379 3325 1961 3397; baseline 0 -18"><span class='ocrx_word' id='word_1_513' title='bbox 379 3327 526 3394; x_wconf 79' lang='grc' dir='ltr'>λέγω</span> <span class='ocrx_word' id='word_1_514' title='bbox 559 3328 709 3397; x_wconf 82' lang='grc' dir='ltr'>ὑμῖν,</span> <span class='ocrx_word' id='word_1_515' title='bbox 756 3329 784 3379; x_wconf 74' lang='grc' dir='ltr'>ὁ</span> <span class='ocrx_word' id='word_1_516' title='bbox 825 3327 1097 3381; x_wconf 79' lang='grc' dir='ltr'>πιστεύων</span> <span class='ocrx_word' id='word_1_517' title='bbox 1140 3327 1220 3390; x_wconf 80' lang='grc' dir='ltr'>εις</span> <span class='ocrx_word' id='word_1_518' title='bbox 1252 3326 1373 3396; x_wconf 85' lang='grc' dir='ltr'>ἐμὲ,</span> <span class='ocrx_word' id='word_1_519' title='bbox 1407 3326 1520 3396; x_wconf 82' lang='grc' dir='ltr'>ἕχει</span> <span class='ocrx_word' id='word_1_520' title='bbox 1551 3325 1695 3397; x_wconf 79' lang='grc' dir='ltr'>ζωὴν</span> <span class='ocrx_word' id='word_1_521' title='bbox 1724 3327 1961 3391; x_wconf 75' lang='grc' dir='ltr'>αἰώνιον,</span> 
     </span>
    </p>
   </div>
   <div class='ocr_carea' id='block_1_68' title="bbox 385 3417 1966 3489">
    <p class='ocr_par' dir='ltr' id='par_1_68' title="bbox 385 3417 1966 3489">
     <span class='ocr_line' id='line_1_68' title="bbox 385 3417 1966 3489; baseline -0.001 -17"><span class='ocrx_word' id='word_1_522' title='bbox 385 3418 482 3472; x_wconf 68' lang='grc' dir='ltr'><strong>καὶ</strong></span> <span class='ocrx_word' id='word_1_523' title='bbox 525 3420 604 3480; x_wconf 86' lang='grc' dir='ltr'><strong>είς</strong></span> <span class='ocrx_word' id='word_1_524' title='bbox 633 3419 812 3489; x_wconf 80' lang='grc' dir='ltr'>κρίσιν</span> <span class='ocrx_word' id='word_1_525' title='bbox 839 3419 939 3471; x_wconf 74' lang='grc' dir='ltr'><strong>οὐκ</strong></span> <span class='ocrx_word' id='word_1_526' title='bbox 978 3417 1218 3489; x_wconf 80' lang='grc' dir='ltr'>ἔρχεται.</span> <span class='ocrx_word' id='word_1_527' title='bbox 1261 3437 1278 3469; x_wconf 77' lang='grc' dir='ltr'><strong>ι</strong></span> <span class='ocrx_word' id='word_1_528' title='bbox 1316 3420 1378 3471; x_wconf 87' lang='grc' dir='ltr'><strong>Τί</strong></span> <span class='ocrx_word' id='word_1_529' title='bbox 1409 3418 1586 3471; x_wconf 83' lang='grc' dir='ltr'>τοίνυν</span> <span class='ocrx_word' id='word_1_530' title='bbox 1616 3419 1697 3483; x_wconf 82' lang='grc' dir='ltr'><strong>τὸ,</strong></span> <span class='ocrx_word' id='word_1_531' title='bbox 1735 3436 1754 3469; x_wconf 77' lang='grc' dir='ltr'><strong>ι</strong></span> <span class='ocrx_word' id='word_1_532' title='bbox 1794 3419 1966 3488; x_wconf 86' lang='grc' dir='ltr'>Κεχυ-</span> 
     </span>
    </p>
   </div>
   <div class='ocr_carea' id='block_1_69' title="bbox 389 3507 1964 3579">
    <p class='ocr_par' dir='ltr' id='par_1_69' title="bbox 389 3507 1964 3579">
     <span class='ocr_line' id='line_1_69' title="bbox 389 3507 1964 3579; baseline -0.001 -18"><span class='ocrx_word' id='word_1_533' title='bbox 389 3509 550 3578; x_wconf 86' lang='grc' dir='ltr'>μένον</span> <span class='ocrx_word' id='word_1_534' title='bbox 590 3511 682 3562; x_wconf 78' lang='grc' dir='ltr'><strong>ἐπὶ</strong></span> <span class='ocrx_word' id='word_1_535' title='bbox 727 3509 824 3579; x_wconf 84' lang='grc' dir='ltr'><strong>τῆς</strong></span> <span class='ocrx_word' id='word_1_536' title='bbox 871 3511 1014 3579; x_wconf 88' lang='grc' dir='ltr'>γῆς;</span> <span class='ocrx_word' id='word_1_537' title='bbox 1054 3508 1206 3578; x_wconf 80' lang='grc' dir='ltr'>Ἀρὰ,</span> <span class='ocrx_word' id='word_1_538' title='bbox 1239 3509 1330 3560; x_wconf 72' lang='grc' dir='ltr'><strong>καὶ</strong></span> <span class='ocrx_word' id='word_1_539' title='bbox 1373 3507 1588 3576; x_wconf 62' lang='grc' dir='ltr'>ψεῦδος,</span> <span class='ocrx_word' id='word_1_540' title='bbox 1633 3509 1729 3561; x_wconf 69' lang='grc' dir='ltr'><strong>καὶ</strong></span> <span class='ocrx_word' id='word_1_541' title='bbox 1786 3507 1964 3575; x_wconf 85' lang='grc' dir='ltr'>φόνος,</span> 
     </span>
    </p>
   </div>
   <div class='ocr_carea' id='block_1_70' title="bbox 386 3599 1967 3669">
    <p class='ocr_par' dir='ltr' id='par_1_70' title="bbox 386 3599 1967 3669">
     <span class='ocr_line' id='line_1_70' title="bbox 386 3599 1967 3669; baseline -0.001 -17"><span class='ocrx_word' id='word_1_542' title='bbox 386 3603 486 3652; x_wconf 73' lang='grc' dir='ltr'>καὶ</span> <span class='ocrx_word' id='word_1_543' title='bbox 519 3600 715 3669; x_wconf 80' lang='grc' dir='ltr'>κλοπὴ,</span> <span class='ocrx_word' id='word_1_544' title='bbox 746 3601 840 3652; x_wconf 71' lang='grc' dir='ltr'><strong>καὶ</strong></span> <span class='ocrx_word' id='word_1_545' title='bbox 873 3599 1086 3669; x_wconf 83' lang='grc' dir='ltr'>μοιχεία</span> <span class='ocrx_word' id='word_1_546' title='bbox 1107 3615 1120 3628; x_wconf 74' lang='grc' dir='ltr'><strong>ο</strong></span> <span class='ocrx_word' id='word_1_547' title='bbox 1151 3601 1242 3652; x_wconf 75' lang='grc' dir='ltr'><strong>καὶ</strong></span> <span class='ocrx_word' id='word_1_548' title='bbox 1285 3600 1490 3669; x_wconf 76' lang='grc' dir='ltr'>αἵματα</span> <span class='ocrx_word' id='word_1_549' title='bbox 1540 3599 1626 3668; x_wconf 84' lang='grc' dir='ltr'>ἐφ’</span> <span class='ocrx_word' id='word_1_550' title='bbox 1657 3599 1852 3669; x_wconf 83' lang='grc' dir='ltr'>αἵμασι</span> <span class='ocrx_word' id='word_1_551' title='bbox 1881 3599 1967 3669; x_wconf 84' lang='grc' dir='ltr'>μί-</span> 
     </span>
    </p>
   </div>
   <div class='ocr_carea' id='block_1_71' title="bbox 393 3690 1949 3762">
    <p class='ocr_par' dir='ltr' id='par_1_71' title="bbox 393 3690 1949 3762">
     <span class='ocr_line' id='line_1_71' title="bbox 393 3690 1949 3762; baseline 0 -20"><span class='ocrx_word' id='word_1_552' title='bbox 393 3709 602 3758; x_wconf 77' lang='grc' dir='ltr'>σγουσι.</span> <span class='ocrx_word' id='word_1_553' title='bbox 646 3710 664 3743; x_wconf 72' lang='grc' dir='ltr'><strong>ι</strong></span> <span class='ocrx_word' id='word_1_554' title='bbox 695 3692 804 3745; x_wconf 77' lang='grc' dir='ltr'><strong>Καὶ</strong></span> <span class='ocrx_word' id='word_1_555' title='bbox 858 3691 942 3754; x_wconf 84' lang='grc' dir='ltr'><strong>τίς</strong></span> <span class='ocrx_word' id='word_1_556' title='bbox 984 3693 1017 3762; x_wconf 80' lang='grc' dir='ltr'><strong>ἡ</strong></span> <span class='ocrx_word' id='word_1_557' title='bbox 1066 3691 1210 3761; x_wconf 84' lang='grc' dir='ltr'>ἀρά;</span> <span class='ocrx_word' id='word_1_558' title='bbox 1247 3690 1561 3746; x_wconf 77' lang='grc' dir='ltr'>Καταλαλιὰ</span> <span class='ocrx_word' id='word_1_559' title='bbox 1600 3693 1693 3744; x_wconf 75' lang='grc' dir='ltr'><strong>καὶ</strong></span> <span class='ocrx_word' id='word_1_560' title='bbox 1755 3690 1909 3760; x_wconf 74' lang='grc' dir='ltr'>ὕϐρις</span> <span class='ocrx_word' id='word_1_561' title='bbox 1937 3705 1949 3718; x_wconf 78' lang='grc'><strong><em>⁸</em></strong></span> 
     </span>
    </p>
   </div>
   <div class='ocr_carea' id='block_1_72' title="bbox 373 3777 1968 3853">
    <p class='ocr_par' dir='ltr' id='par_1_72' title="bbox 373 3777 1968 3853">
     <span class='ocr_line' id='line_1_72' title="bbox 373 3777 1968 3853; baseline -0.001 -19"><span class='ocrx_word' id='word_1_562' title='bbox 373 3777 759 3835; x_wconf 75' lang='grc' dir='ltr'>’διαλελοίπασι</span> <span class='ocrx_word' id='word_1_563' title='bbox 811 3782 920 3852; x_wconf 85' lang='grc' dir='ltr'>γὰρ</span> <span class='ocrx_word' id='word_1_564' title='bbox 964 3781 1214 3851; x_wconf 75' lang='grc' dir='ltr'>οὐδαμῶς</span> <span class='ocrx_word' id='word_1_565' title='bbox 1251 3782 1360 3834; x_wconf 81' lang='grc' dir='ltr'><strong>τῶν</strong></span> <span class='ocrx_word' id='word_1_566' title='bbox 1418 3782 1684 3853; x_wconf 78' lang='grc' dir='ltr'>Ἐϐραίων</span> <span class='ocrx_word' id='word_1_567' title='bbox 1718 3783 1764 3834; x_wconf 81' lang='lat' dir='ltr'><strong>ei</strong></span> <span class='ocrx_word' id='word_1_568' title='bbox 1805 3781 1968 3852; x_wconf 76' lang='grc' dir='ltr'>δῆμοι</span> 
     </span>
    </p>
   </div>
   <div class='ocr_carea' id='block_1_73' title="bbox 392 3873 1969 3944">
    <p class='ocr_par' dir='ltr' id='par_1_73' title="bbox 392 3873 1969 3944">
     <span class='ocr_line' id='line_1_73' title="bbox 392 3873 1969 3944; baseline 0.001 -20"><span class='ocrx_word' id='word_1_569' title='bbox 392 3873 833 3944; x_wconf 72' lang='grc' dir='ltr'>περιυϐρίςοντες</span> <span class='ocrx_word' id='word_1_570' title='bbox 874 3873 966 3926; x_wconf 73' lang='grc' dir='ltr'><strong>τὸν</strong></span> <span class='ocrx_word' id='word_1_571' title='bbox 1002 3873 1209 3944; x_wconf 86' lang='grc' dir='ltr'>Ἰησοῦν</span> <span class='ocrx_word' id='word_1_572' title='bbox 1255 3873 1440 3944; x_wconf 82' lang='grc' dir='ltr'>ἀθύρῳ</span> <span class='ocrx_word' id='word_1_573' title='bbox 1481 3890 1541 3926; x_wconf 88' lang='grc' dir='ltr'><strong>τε</strong></span> <span class='ocrx_word' id='word_1_574' title='bbox 1601 3873 1694 3927; x_wconf 75' lang='grc' dir='ltr'>καὶ</span> <span class='ocrx_word' id='word_1_575' title='bbox 1733 3873 1969 3943; x_wconf 83' lang='grc' dir='ltr'>ἀχαλίνῳ</span> 
     </span>
    </p>
   </div>
   <div class='ocr_carea' id='block_1_74' title="bbox 391 3965 1966 4037">
    <p class='ocr_par' dir='ltr' id='par_1_74' title="bbox 391 3965 1966 4037">
     <span class='ocr_line' id='line_1_74' title="bbox 391 3965 1966 4037; baseline 0.001 -22"><span class='ocrx_word' id='word_1_576' title='bbox 391 3965 609 4035; x_wconf 82' lang='grc' dir='ltr'>γλώσσῃ</span> <span class='ocrx_word' id='word_1_577' title='bbox 640 3965 1187 4034; x_wconf 81' lang='grc' dir='ltr'>κατεπεμὸαίνοντες,</span> <span class='ocrx_word' id='word_1_578' title='bbox 1214 3966 1290 4028; x_wconf 85' lang='grc' dir='ltr'>ὡς</span> <span class='ocrx_word' id='word_1_579' title='bbox 1322 3966 1450 4017; x_wconf 84' lang='grc' dir='ltr'>ποτὲ</span> <span class='ocrx_word' id='word_1_580' title='bbox 1479 3966 1576 4036; x_wconf 83' lang='grc' dir='ltr'>μὲν</span> <span class='ocrx_word' id='word_1_581' title='bbox 1603 3965 1966 4037; x_wconf 86' lang='grc' dir='ltr'>Σαμαρείτην,</span> 
     </span>
    </p>
   </div>
   <div class='ocr_carea' id='block_1_75' title="bbox 395 4056 1970 4129">
    <p class='ocr_par' dir='ltr' id='par_1_75' title="bbox 395 4056 1970 4129">
     <span class='ocr_line' id='line_1_75' title="bbox 395 4056 1970 4129; baseline 0.001 -21"><span class='ocrx_word' id='word_1_582' title='bbox 395 4057 523 4110; x_wconf 77' lang='grc' dir='ltr'>ποτὲ</span> <span class='ocrx_word' id='word_1_583' title='bbox 549 4057 604 4110; x_wconf 83' lang='grc' dir='ltr'>δὲ</span> <span class='ocrx_word' id='word_1_584' title='bbox 637 4057 866 4126; x_wconf 77' lang='grc' dir='ltr'>μέθυσον</span> <span class='ocrx_word' id='word_1_585' title='bbox 901 4056 1214 4122; x_wconf 85' lang='grc' dir='ltr'>ἀποκαλεῖν,</span> <span class='ocrx_word' id='word_1_586' title='bbox 1245 4057 1339 4110; x_wconf 76' lang='grc' dir='ltr'>καὶ</span> <span class='ocrx_word' id='word_1_587' title='bbox 1367 4059 1430 4110; x_wconf 83' lang='grc' dir='ltr'>ὲκ</span> <span class='ocrx_word' id='word_1_588' title='bbox 1463 4057 1720 4129; x_wconf 84' lang='grc' dir='ltr'>πορνείας</span> <span class='ocrx_word' id='word_1_589' title='bbox 1749 4073 1970 4126; x_wconf 81' lang='grc' dir='ltr'>γεγενηο</span> 
     </span>
    </p>
   </div>
   <div class='ocr_carea' id='block_1_76' title="bbox 402 4148 1970 4220">
    <p class='ocr_par' dir='ltr' id='par_1_76' title="bbox 402 4148 1970 4220">
     <span class='ocr_line' id='line_1_76' title="bbox 402 4148 1970 4220; baseline -0.001 -19"><span class='ocrx_word' id='word_1_590' title='bbox 402 4150 574 4218; x_wconf 81' lang='grc' dir='ltr'>μένον.</span> <span class='ocrx_word' id='word_1_591' title='bbox 614 4151 803 4220; x_wconf 81' lang='grc' dir='ltr'>’ῼοντο</span> <span class='ocrx_word' id='word_1_592' title='bbox 845 4149 954 4220; x_wconf 87' lang='grc' dir='ltr'><strong>γάρ</strong></span> <span class='ocrx_word' id='word_1_593' title='bbox 983 4149 1122 4202; x_wconf 76' lang='grc' dir='ltr'>κατὰ</span> <span class='ocrx_word' id='word_1_594' title='bbox 1154 4151 1313 4217; x_wconf 79' lang='grc' dir='ltr'>σφᾶς,</span> <span class='ocrx_word' id='word_1_595' title='bbox 1351 4150 1446 4219; x_wconf 78' lang='grc' dir='ltr'>τὴν</span> <span class='ocrx_word' id='word_1_596' title='bbox 1476 4149 1636 4217; x_wconf 89' lang='grc' dir='ltr'>ἀγίαν</span> <span class='ocrx_word' id='word_1_597' title='bbox 1675 4148 1970 4218; x_wconf 86' lang='grc' dir='ltr'>μεμοιχεῦ-</span> 
     </span>
    </p>
   </div>
   <div class='ocr_carea' id='block_1_77' title="bbox 400 4240 1968 4314">
    <p class='ocr_par' dir='ltr' id='par_1_77' title="bbox 400 4240 1968 4314">
     <span class='ocr_line' id='line_1_77' title="bbox 400 4240 1968 4314; baseline -0.001 -20"><span class='ocrx_word' id='word_1_598' title='bbox 400 4243 520 4296; x_wconf 77' lang='grc' dir='ltr'>σθαι</span> <span class='ocrx_word' id='word_1_599' title='bbox 557 4243 854 4314; x_wconf 82' lang='grc' dir='ltr'>Παρθένον.</span> <span class='ocrx_word' id='word_1_600' title='bbox 881 4243 1090 4296; x_wconf 79' lang='grc' dir='ltr'>Οὐκοῦν</span> <span class='ocrx_word' id='word_1_601' title='bbox 1121 4244 1153 4312; x_wconf 85' lang='grc' dir='ltr'>ὴ</span> <span class='ocrx_word' id='word_1_602' title='bbox 1183 4243 1292 4313; x_wconf 90' lang='grc' dir='ltr'><strong>ἀρά</strong></span> <span class='ocrx_word' id='word_1_603' title='bbox 1334 4243 1430 4313; x_wconf 83' lang='grc' dir='ltr'><strong>μὲν</strong></span> <span class='ocrx_word' id='word_1_604' title='bbox 1461 4243 1518 4294; x_wconf 82' lang='grc' dir='ltr'>ὲν</span> <span class='ocrx_word' id='word_1_605' title='bbox 1557 4240 1784 4305; x_wconf 84' lang='grc' dir='ltr'>τούτοις.</span> <span class='ocrx_word' id='word_1_606' title='bbox 1821 4243 1968 4294; x_wconf 86' lang='grc' dir='ltr'>Κατ-</span> 
     </span>
    </p>
   </div>
   <div class='ocr_carea' id='block_1_78' title="bbox 399 4330 1971 4403">
    <p class='ocr_par' dir='ltr' id='par_1_78' title="bbox 399 4330 1971 4403">
     <span class='ocr_line' id='line_1_78' title="bbox 399 4330 1971 4403; baseline 0 -20"><span class='ocrx_word' id='word_1_607' title='bbox 399 4333 682 4399; x_wconf 64' lang='grc' dir='ltr'>εψεῦδοντο</span> <span class='ocrx_word' id='word_1_608' title='bbox 727 4333 782 4385; x_wconf 80' lang='grc' dir='ltr'>δὲ</span> <span class='ocrx_word' id='word_1_609' title='bbox 834 4333 926 4387; x_wconf 73' lang='grc' dir='ltr'>καὶ</span> <span class='ocrx_word' id='word_1_610' title='bbox 958 4333 1056 4402; x_wconf 80' lang='grc' dir='ltr'><strong>τῆς</strong></span> <span class='ocrx_word' id='word_1_611' title='bbox 1081 4331 1238 4403; x_wconf 81' lang='grc' dir='ltr'>δόξης</span> <span class='ocrx_word' id='word_1_612' title='bbox 1288 4331 1473 4395; x_wconf 83' lang='grc' dir='ltr'>αὐτοῦ,</span> <span class='ocrx_word' id='word_1_613' title='bbox 1501 4332 1776 4401; x_wconf 84' lang='grc' dir='ltr'>δαιμόνιον</span> <span class='ocrx_word' id='word_1_614' title='bbox 1826 4330 1971 4400; x_wconf 75' lang='grc' dir='ltr'>ἔχειν</span> 
     </span>
    </p>
   </div>
   <div class='ocr_carea' id='block_1_79' title="bbox 2061 3239 3630 3308">
    <p class='ocr_par' dir='ltr' id='par_1_79' title="bbox 2061 3239 3630 3308">
     <span class='ocr_line' id='line_1_79' title="bbox 2061 3239 3630 3308; baseline 0 -15"><span class='ocrx_word' id='word_1_615' title='bbox 2061 3239 2261 3294; x_wconf 80' lang='lat' dir='ltr'><strong>Christi</strong></span> <span class='ocrx_word' id='word_1_616' title='bbox 2298 3241 2491 3295; x_wconf 86' lang='lat' dir='ltr'><strong>iterum</strong></span> <span class='ocrx_word' id='word_1_617' title='bbox 2521 3243 2746 3297; x_wconf 84' lang='lat' dir='ltr'><strong>dicentis</strong></span> <span class='ocrx_word' id='word_1_618' title='bbox 2773 3262 2786 3298; x_wconf 90' lang='lat'>:</span> <span class='ocrx_word' id='word_1_619' title='bbox 2826 3261 2844 3294; x_wconf 78' lang='grc' dir='ltr'><strong>ι</strong></span> <span class='ocrx_word' id='word_1_620' title='bbox 2888 3242 3082 3308; x_wconf 85' lang='lat' dir='ltr'><strong>Amen,</strong></span> <span class='ocrx_word' id='word_1_621' title='bbox 3113 3258 3267 3296; x_wconf 87' lang='lat' dir='ltr'><strong>amen</strong></span> <span class='ocrx_word' id='word_1_622' title='bbox 3295 3243 3415 3296; x_wconf 89' lang='lat' dir='ltr'><strong>dico</strong></span> <span class='ocrx_word' id='word_1_623' title='bbox 3456 3242 3630 3307; x_wconf 79' lang='lat' dir='ltr'><strong>vobis,</strong></span> 
     </span>
    </p>
   </div>
   <div class='ocr_carea' id='block_1_80' title="bbox 2065 3330 3630 3401">
    <p class='ocr_par' dir='ltr' id='par_1_80' title="bbox 2065 3330 3630 3401">
     <span class='ocr_line' id='line_1_80' title="bbox 2065 3330 3630 3401; baseline -0.001 -16"><span class='ocrx_word' id='word_1_624' title='bbox 2065 3333 2153 3400; x_wconf 88' lang='lat' dir='ltr'><strong>qui</strong></span> <span class='ocrx_word' id='word_1_625' title='bbox 2190 3333 2360 3386; x_wconf 88' lang='lat' dir='ltr'><strong>credit</strong></span> <span class='ocrx_word' id='word_1_626' title='bbox 2390 3334 2573 3399; x_wconf 87' lang='lat' dir='ltr'><strong>inme,</strong></span> <span class='ocrx_word' id='word_1_627' title='bbox 2631 3334 2790 3388; x_wconf 87' lang='lat' dir='ltr'><strong>ltabet</strong></span> <span class='ocrx_word' id='word_1_628' title='bbox 2835 3335 3000 3388; x_wconf 89' lang='lat' dir='ltr'><strong>vitam</strong></span> <span class='ocrx_word' id='word_1_629' title='bbox 3035 3345 3320 3396; x_wconf 84' lang='lat' dir='ltr'><strong>aeternam,</strong></span> <span class='ocrx_word' id='word_1_630' title='bbox 3345 3341 3400 3385; x_wconf 78' lang='lat' dir='ltr'><strong>et</strong></span> <span class='ocrx_word' id='word_1_631' title='bbox 3445 3332 3500 3384; x_wconf 90' lang='lat' dir='ltr'><strong>in</strong></span> <span class='ocrx_word' id='word_1_632' title='bbox 3541 3330 3630 3401; x_wconf 89' lang='lat' dir='ltr'><strong>jn-</strong></span> 
     </span>
    </p>
   </div>
   <div class='ocr_carea' id='block_1_81' title="bbox 2065 3421 3635 3493">
    <p class='ocr_par' dir='ltr' id='par_1_81' title="bbox 2065 3421 3635 3493">
     <span class='ocr_line' id='line_1_81' title="bbox 2065 3421 3635 3493; baseline 0 -19"><span class='ocrx_word' id='word_1_633' title='bbox 2065 3422 2262 3475; x_wconf 86' lang='lat' dir='ltr'><strong>dicittm</strong></span> <span class='ocrx_word' id='word_1_634' title='bbox 2291 3438 2396 3477; x_wconf 90' lang='lat' dir='ltr'><strong>non</strong></span> <span class='ocrx_word' id='word_1_635' title='bbox 2425 3425 2573 3477; x_wconf 87' lang='lat' dir='ltr'><strong>venit</strong></span> <span class='ocrx_word' id='word_1_636' title='bbox 2605 3424 2671 3478; x_wconf 74' lang='grc'><strong>⁷⁸.</strong></span> <span class='ocrx_word' id='word_1_637' title='bbox 2715 3443 2733 3475; x_wconf 76' lang='grc' dir='ltr'><strong>ι</strong></span> <span class='ocrx_word' id='word_1_638' title='bbox 2770 3425 2907 3490; x_wconf 87' lang='lat' dir='ltr'><strong>Quid</strong></span> <span class='ocrx_word' id='word_1_639' title='bbox 2940 3439 3067 3493; x_wconf 85' lang='lat' dir='ltr'><strong>ergo</strong></span> <span class='ocrx_word' id='word_1_640' title='bbox 3094 3432 3178 3476; x_wconf 82' lang='lat' dir='ltr'><strong>est</strong></span> <span class='ocrx_word' id='word_1_641' title='bbox 3209 3441 3226 3474; x_wconf 82' lang='grc' dir='ltr'><strong>ι</strong></span> <span class='ocrx_word' id='word_1_642' title='bbox 3271 3421 3497 3475; x_wconf 68' lang='lat' dir='ltr'><strong>effusum</strong></span> <span class='ocrx_word' id='word_1_643' title='bbox 3545 3437 3635 3474; x_wconf 85' lang='lat' dir='ltr'><strong>su-</strong></span> 
     </span>
    </p>
   </div>
   <div class='ocr_carea' id='block_1_82' title="bbox 2067 3512 3634 3583">
    <p class='ocr_par' dir='ltr' id='par_1_82' title="bbox 2067 3512 3634 3583">
     <span class='ocr_line' id='line_1_82' title="bbox 2067 3512 3634 3583; baseline -0.002 -16"><span class='ocrx_word' id='word_1_644' title='bbox 2067 3529 2162 3583; x_wconf 87' lang='lat' dir='ltr'><strong>per</strong></span> <span class='ocrx_word' id='word_1_645' title='bbox 2193 3515 2432 3568; x_wconf 84' lang='lat' dir='ltr'><strong>terram?</strong></span> <span class='ocrx_word' id='word_1_646' title='bbox 2463 3515 2793 3579; x_wconf 76' lang='lat' dir='ltr'><strong>Maledictio,</strong></span> <span class='ocrx_word' id='word_1_647' title='bbox 2821 3529 2875 3571; x_wconf 88' lang='lat' dir='ltr'><strong>et</strong></span> <span class='ocrx_word' id='word_1_648' title='bbox 2904 3515 3267 3580; x_wconf 82' lang='lat' dir='ltr'><strong>mendacium,</strong></span> <span class='ocrx_word' id='word_1_649' title='bbox 3299 3523 3353 3568; x_wconf 86' lang='lat' dir='ltr'><strong>et</strong></span> <span class='ocrx_word' id='word_1_650' title='bbox 3403 3512 3634 3566; x_wconf 90' lang='lat' dir='ltr'><strong>homici-</strong></span> 
     </span>
    </p>
   </div>
   <div class='ocr_carea' id='block_1_83' title="bbox 2067 3603 3630 3675">
    <p class='ocr_par' dir='ltr' id='par_1_83' title="bbox 2067 3603 3630 3675">
     <span class='ocr_line' id='line_1_83' title="bbox 2067 3603 3630 3675; baseline -0.003 -17"><span class='ocrx_word' id='word_1_651' title='bbox 2067 3606 2237 3669; x_wconf 88' lang='lat' dir='ltr'><strong>dium,</strong></span> <span class='ocrx_word' id='word_1_652' title='bbox 2263 3615 2315 3660; x_wconf 85' lang='lat' dir='ltr'><strong>et</strong></span> <span class='ocrx_word' id='word_1_653' title='bbox 2346 3606 2572 3672; x_wconf 75' lang='lat' dir='ltr'><strong>furtum,</strong></span> <span class='ocrx_word' id='word_1_654' title='bbox 2603 3617 2655 3661; x_wconf 89' lang='lat' dir='ltr'><strong>et</strong></span> <span class='ocrx_word' id='word_1_655' title='bbox 2688 3607 3031 3668; x_wconf 85' lang='lat' dir='ltr'><strong>adulterium,</strong></span> <span class='ocrx_word' id='word_1_656' title='bbox 3057 3616 3109 3660; x_wconf 88' lang='lat' dir='ltr'><strong>et</strong></span> <span class='ocrx_word' id='word_1_657' title='bbox 3134 3606 3356 3675; x_wconf 82' lang='lat' dir='ltr'><strong>sanguis</strong></span> <span class='ocrx_word' id='word_1_658' title='bbox 3381 3603 3630 3673; x_wconf 79' lang='lat' dir='ltr'><strong>sanguini</strong></span> 
     </span>
    </p>
   </div>
   <div class='ocr_carea' id='block_1_84' title="bbox 2071 3697 3636 3766">
    <p class='ocr_par' dir='ltr' id='par_1_84' title="bbox 2071 3697 3636 3766">
     <span class='ocr_line' id='line_1_84' title="bbox 2071 3697 3636 3766; baseline -0.001 -16"><span class='ocrx_word' id='word_1_659' title='bbox 2071 3699 2280 3752; x_wconf 87' lang='lat' dir='ltr'><strong>mislus.</strong></span> <span class='ocrx_word' id='word_1_660' title='bbox 2329 3716 2351 3752; x_wconf 72' lang='grc' dir='ltr'><strong>ι</strong></span> <span class='ocrx_word' id='word_1_661' title='bbox 2403 3699 2659 3766; x_wconf 61' lang='lat' dir='ltr'><strong>Quaenam</strong></span> <span class='ocrx_word' id='word_1_662' title='bbox 2704 3699 3050 3753; x_wconf 86' lang='lat' dir='ltr'><strong>maledictio?</strong></span> <span class='ocrx_word' id='word_1_663' title='bbox 3145 3697 3483 3753; x_wconf 75' lang='lat' dir='ltr'><strong>Obtrectatio</strong></span> <span class='ocrx_word' id='word_1_664' title='bbox 3520 3738 3534 3760; x_wconf 96' lang='lat'><strong>,</strong></span> <span class='ocrx_word' id='word_1_665' title='bbox 3585 3706 3636 3749; x_wconf 78' lang='lat' dir='ltr'><strong>et</strong></span> 
     </span>
    </p>
   </div>
   <div class='ocr_carea' id='block_1_85' title="bbox 2069 3788 3631 3862">
    <p class='ocr_par' dir='ltr' id='par_1_85' title="bbox 2069 3788 3631 3862">
     <span class='ocr_line' id='line_1_85' title="bbox 2069 3788 3631 3862; baseline 0.001 -22"><span class='ocrx_word' id='word_1_666' title='bbox 2069 3791 2428 3857; x_wconf 80' lang='lat' dir='ltr'><strong>contumelia;</strong></span> <span class='ocrx_word' id='word_1_667' title='bbox 2473 3806 2747 3860; x_wconf 86' lang='lat' dir='ltr'><strong>nunquam</strong></span> <span class='ocrx_word' id='word_1_668' title='bbox 2777 3791 2920 3846; x_wconf 88' lang='lat' dir='ltr'><strong>enim</strong></span> <span class='ocrx_word' id='word_1_669' title='bbox 2951 3791 3175 3862; x_wconf 86' lang='lat' dir='ltr'><strong>populus</strong></span> <span class='ocrx_word' id='word_1_670' title='bbox 3209 3790 3513 3844; x_wconf 71' lang='lat' dir='ltr'><strong>Judteorttm</strong></span> <span class='ocrx_word' id='word_1_671' title='bbox 3542 3788 3631 3842; x_wconf 82' lang='lat' dir='ltr'><strong>Je-</strong></span> 
     </span>
    </p>
   </div>
   <div class='ocr_carea' id='block_1_86' title="bbox 2070 3878 3638 3948">
    <p class='ocr_par' dir='ltr' id='par_1_86' title="bbox 2070 3878 3638 3948">
     <span class='ocr_line' id='line_1_86' title="bbox 2070 3878 3638 3948; baseline -0.001 -14"><span class='ocrx_word' id='word_1_672' title='bbox 2070 3895 2186 3934; x_wconf 90' lang='lat' dir='ltr'><strong>sum</strong></span> <span class='ocrx_word' id='word_1_673' title='bbox 2231 3881 2776 3937; x_wconf 86' lang='lat' dir='ltr'><strong>contumeliosissime</strong></span> <span class='ocrx_word' id='word_1_674' title='bbox 2817 3897 3017 3936; x_wconf 79' lang='lat' dir='ltr'><strong>vexare</strong></span> <span class='ocrx_word' id='word_1_675' title='bbox 3065 3880 3294 3943; x_wconf 87' lang='lat' dir='ltr'><strong>destitit,</strong></span> <span class='ocrx_word' id='word_1_676' title='bbox 3340 3878 3638 3948; x_wconf 89' lang='lat' dir='ltr'><strong>impudenti</strong></span> 
     </span>
    </p>
   </div>
   <div class='ocr_carea' id='block_1_87' title="bbox 2069 3967 3639 4040">
    <p class='ocr_par' dir='ltr' id='par_1_87' title="bbox 2069 3967 3639 4040">
     <span class='ocr_line' id='line_1_87' title="bbox 2069 3967 3639 4040; baseline -0.004 -15"><span class='ocrx_word' id='word_1_677' title='bbox 2069 3981 2124 4025; x_wconf 88' lang='lat' dir='ltr'><strong>et</strong></span> <span class='ocrx_word' id='word_1_678' title='bbox 2153 3971 2409 4026; x_wconf 79' lang='lat' dir='ltr'><strong>effrenata</strong></span> <span class='ocrx_word' id='word_1_679' title='bbox 2443 3971 2619 4040; x_wconf 78' lang='lat' dir='ltr'><strong>lingua</strong></span> <span class='ocrx_word' id='word_1_680' title='bbox 2653 3973 2708 4026; x_wconf 89' lang='lat' dir='ltr'><strong>in</strong></span> <span class='ocrx_word' id='word_1_681' title='bbox 2734 3988 2854 4026; x_wconf 90' lang='lat' dir='ltr'><strong>eum</strong></span> <span class='ocrx_word' id='word_1_682' title='bbox 2888 3972 3176 4034; x_wconf 88' lang='lat' dir='ltr'><strong>insultans,</strong></span> <span class='ocrx_word' id='word_1_683' title='bbox 3229 3982 3285 4024; x_wconf 90' lang='lat' dir='ltr'><strong>ttt</strong></span> <span class='ocrx_word' id='word_1_684' title='bbox 3319 3971 3477 4025; x_wconf 91' lang='lat' dir='ltr'><strong>modo</strong></span> <span class='ocrx_word' id='word_1_685' title='bbox 3526 3967 3639 4022; x_wconf 77' lang='lat' dir='ltr'><strong>Sa-</strong></span> 
     </span>
    </p>
   </div>
   <div class='ocr_carea' id='block_1_88' title="bbox 2073 4058 3639 4130">
    <p class='ocr_par' dir='ltr' id='par_1_88' title="bbox 2073 4058 3639 4130">
     <span class='ocr_line' id='line_1_88' title="bbox 2073 4058 3639 4130; baseline -0.001 -18"><span class='ocrx_word' id='word_1_686' title='bbox 2073 4062 2417 4124; x_wconf 85' lang='lat' dir='ltr'><strong>tttaritatttttn,</strong></span> <span class='ocrx_word' id='word_1_687' title='bbox 2451 4063 2608 4117; x_wconf 84' lang='lat' dir='ltr'><strong>modo</strong></span> <span class='ocrx_word' id='word_1_688' title='bbox 2639 4063 2909 4116; x_wconf 83' lang='lat' dir='ltr'><strong>ebriosum</strong></span> <span class='ocrx_word' id='word_1_689' title='bbox 2945 4063 3238 4130; x_wconf 88' lang='lat' dir='ltr'><strong>appellaret</strong></span> <span class='ocrx_word' id='word_1_690' title='bbox 3265 4062 3334 4124; x_wconf 74' lang='grc'><strong>⁸⁸,</strong></span> <span class='ocrx_word' id='word_1_691' title='bbox 3360 4070 3416 4112; x_wconf 88' lang='lat' dir='ltr'><strong>et</strong></span> <span class='ocrx_word' id='word_1_692' title='bbox 3438 4074 3506 4112; x_wconf 83' lang='lat' dir='ltr'><strong>ex</strong></span> <span class='ocrx_word' id='word_1_693' title='bbox 3525 4058 3639 4112; x_wconf 79' lang='lat' dir='ltr'><strong>for-</strong></span> 
     </span>
    </p>
   </div>
   <div class='ocr_carea' id='block_1_89' title="bbox 2074 4151 3638 4222">
    <p class='ocr_par' dir='ltr' id='par_1_89' title="bbox 2074 4151 3638 4222">
     <span class='ocr_line' id='line_1_89' title="bbox 2074 4151 3638 4222; baseline -0.003 -18"><span class='ocrx_word' id='word_1_694' title='bbox 2074 4153 2341 4206; x_wconf 85' lang='lat' dir='ltr'><strong>nicatione</strong></span> <span class='ocrx_word' id='word_1_695' title='bbox 2391 4154 2730 4222; x_wconf 82' lang='lat' dir='ltr'><strong>progenitum</strong></span> <span class='ocrx_word' id='word_1_696' title='bbox 2755 4155 2959 4207; x_wconf 89' lang='lat' dir='ltr'><strong>diceret</strong></span> <span class='ocrx_word' id='word_1_697' title='bbox 3009 4169 3022 4202; x_wconf 90' lang='lat'><strong>:</strong></span> <span class='ocrx_word' id='word_1_698' title='bbox 3074 4152 3442 4221; x_wconf 87' lang='lat' dir='ltr'><strong>opinabantur</strong></span> <span class='ocrx_word' id='word_1_699' title='bbox 3493 4151 3638 4203; x_wconf 82' lang='lat' dir='ltr'><strong>enim</strong></span> 
     </span>
    </p>
   </div>
   <div class='ocr_carea' id='block_1_90' title="bbox 2071 4239 3638 4308">
    <p class='ocr_par' dir='ltr' id='par_1_90' title="bbox 2071 4239 3638 4308">
     <span class='ocr_line' id='line_1_90' title="bbox 2071 4239 3638 4308; baseline -0.004 -16"><span class='ocrx_word' id='word_1_700' title='bbox 2071 4241 2209 4307; x_wconf 87' lang='lat' dir='ltr'><strong>apud</strong></span> <span class='ocrx_word' id='word_1_701' title='bbox 2238 4241 2447 4293; x_wconf 87' lang='lat' dir='ltr'><strong>animos</strong></span> <span class='ocrx_word' id='word_1_702' title='bbox 2483 4256 2648 4302; x_wconf 89' lang='lat' dir='ltr'><strong>suos,</strong></span> <span class='ocrx_word' id='word_1_703' title='bbox 2701 4252 2942 4294; x_wconf 86' lang='lat' dir='ltr'><strong>sanetam</strong></span> <span class='ocrx_word' id='word_1_704' title='bbox 2992 4239 3268 4308; x_wconf 84' lang='lat' dir='ltr'><strong>Virginem</strong></span> <span class='ocrx_word' id='word_1_705' title='bbox 3318 4246 3638 4305; x_wconf 80' lang='lat' dir='ltr'><strong>constupra-</strong></span> 
     </span>
    </p>
   </div>
   <div class='ocr_carea' id='block_1_91' title="bbox 2075 4331 3636 4400">
    <p class='ocr_par' dir='ltr' id='par_1_91' title="bbox 2075 4331 3636 4400">
     <span class='ocr_line' id='line_1_91' title="bbox 2075 4331 3636 4400; baseline 0 -17"><span class='ocrx_word' id='word_1_706' title='bbox 2075 4341 2203 4384; x_wconf 86' lang='lat' dir='ltr'><strong>tam.</strong></span> <span class='ocrx_word' id='word_1_707' title='bbox 2243 4331 2542 4386; x_wconf 80' lang='lat' dir='ltr'><strong>Maledietio</strong></span> <span class='ocrx_word' id='word_1_708' title='bbox 2603 4331 2785 4400; x_wconf 86' lang='lat' dir='ltr'><strong>itaque</strong></span> <span class='ocrx_word' id='word_1_709' title='bbox 2827 4331 2878 4384; x_wconf 90' lang='lat' dir='ltr'><strong>itt</strong></span> <span class='ocrx_word' id='word_1_710' title='bbox 2935 4332 3016 4384; x_wconf 90' lang='lat' dir='ltr'><strong>his</strong></span> <span class='ocrx_word' id='word_1_711' title='bbox 3069 4333 3242 4400; x_wconf 87' lang='lat' dir='ltr'><strong>posita</strong></span> <span class='ocrx_word' id='word_1_712' title='bbox 3292 4331 3636 4399; x_wconf 79' lang='lat' dir='ltr'><strong>intelligitur.</strong></span> 
     </span>
    </p>
   </div>
   <div class='ocr_carea' id='block_1_92' title="bbox 397 4419 1960 4513">
    <p class='ocr_par' dir='ltr' id='par_1_92' title="bbox 397 4421 1960 4490">
     <span class='ocr_line' id='line_1_92' title="bbox 397 4421 1960 4490; baseline 0 -17"><span class='ocrx_word' id='word_1_713' title='bbox 397 4423 644 4490; x_wconf 81' lang='grc' dir='ltr'>λέγοντες</span> <span class='ocrx_word' id='word_1_714' title='bbox 673 4425 854 4490; x_wconf 82' lang='grc' dir='ltr'>αὑτὸν,</span> <span class='ocrx_word' id='word_1_715' title='bbox 893 4423 989 4477; x_wconf 79' lang='grc' dir='ltr'><strong>καὶ</strong></span> <span class='ocrx_word' id='word_1_716' title='bbox 1029 4424 1147 4486; x_wconf 86' lang='grc' dir='ltr'>ταῖς</span> <span class='ocrx_word' id='word_1_717' title='bbox 1193 4422 1287 4476; x_wconf 90' lang='grc' dir='ltr'><strong>τοῦ</strong></span> <span class='ocrx_word' id='word_1_718' title='bbox 1337 4421 1632 4487; x_wconf 78' lang='grc' dir='ltr'>Βελζεϐοὺλ</span> <span class='ocrx_word' id='word_1_719' title='bbox 1664 4422 1960 4490; x_wconf 74' lang='grc' dir='ltr'><strong>1δυνάμεσιν</strong></span> 
     </span>
    </p>
   </div>
   <div class='ocr_carea' id='block_1_93' title="bbox 2061 4419 3637 4513">
    <p class='ocr_par' dir='ltr' id='par_1_93' title="bbox 2075 4419 3637 4492">
     <span class='ocr_line' id='line_1_93' title="bbox 2075 4419 3637 4492; baseline -0.003 -16"><span class='ocrx_word' id='word_1_720' title='bbox 2075 4422 2469 4477; x_wconf 74' lang='lat' dir='ltr'><strong>Mentiebantur</strong></span> <span class='ocrx_word' id='word_1_721' title='bbox 2505 4423 2633 4477; x_wconf 88' lang='lat' dir='ltr'><strong>item</strong></span> <span class='ocrx_word' id='word_1_722' title='bbox 2662 4423 2925 4478; x_wconf 90' lang='lat' dir='ltr'><strong>adversus</strong></span> <span class='ocrx_word' id='word_1_723' title='bbox 2993 4423 3218 4492; x_wconf 74' lang='lat' dir='ltr'><strong>gloriam</strong></span> <span class='ocrx_word' id='word_1_724' title='bbox 3276 4422 3393 4491; x_wconf 87' lang='lat' dir='ltr'><strong>ejus</strong></span> <span class='ocrx_word' id='word_1_725' title='bbox 3421 4463 3437 4487; x_wconf 89' lang='lat'><strong>,</strong></span> <span class='ocrx_word' id='word_1_726' title='bbox 3492 4419 3637 4474; x_wconf 87' lang='lat' dir='ltr'><strong>allir-</strong></span> 
     </span>
    </p>
   </div>
   <div class='ocr_carea' id='block_1_94' title="bbox 398 4513 1972 4584">
    <p class='ocr_par' dir='ltr' id='par_1_94' title="bbox 398 4513 1972 4584">
     <span class='ocr_line' id='line_1_94' title="bbox 398 4513 1972 4584; baseline -0.001 -19"><span class='ocrx_word' id='word_1_727' title='bbox 398 4514 760 4584; x_wconf 82' lang='grc' dir='ltr'>ἀπονέμοντες</span> <span class='ocrx_word' id='word_1_728' title='bbox 804 4515 900 4576; x_wconf 77' lang='grc' dir='ltr'><strong>τὰς</strong></span> <span class='ocrx_word' id='word_1_729' title='bbox 930 4513 1273 4583; x_wconf 85' lang='grc' dir='ltr'>θεοσημείας.</span> <span class='ocrx_word' id='word_1_730' title='bbox 1307 4513 1426 4565; x_wconf 87' lang='grc' dir='ltr'>Ὅτι</span> <span class='ocrx_word' id='word_1_731' title='bbox 1469 4513 1524 4564; x_wconf 80' lang='grc' dir='ltr'>δὲ</span> <span class='ocrx_word' id='word_1_732' title='bbox 1563 4513 1655 4565; x_wconf 77' lang='grc' dir='ltr'>καὶ</span> <span class='ocrx_word' id='word_1_733' title='bbox 1689 4513 1972 4580; x_wconf 78' lang='grc' dir='ltr'>μιαιφόνον</span> 
     </span>
    </p>
   </div>
   <div class='ocr_carea' id='block_1_95' title="bbox 399 4604 1968 4677">
    <p class='ocr_par' dir='ltr' id='par_1_95' title="bbox 399 4604 1968 4677">
     <span class='ocr_line' id='line_1_95' title="bbox 399 4604 1968 4677; baseline -0.001 -19"><span class='ocrx_word' id='word_1_734' title='bbox 399 4607 485 4658; x_wconf 81' lang='grc' dir='ltr'><strong>ἐπ’</strong></span> <span class='ocrx_word' id='word_1_735' title='bbox 524 4604 684 4673; x_wconf 75' lang='grc' dir='ltr'>αὐτῷ·</span> <span class='ocrx_word' id='word_1_736' title='bbox 713 4605 812 4677; x_wconf 80' lang='grc' dir='ltr'>τὴν</span> <span class='ocrx_word' id='word_1_737' title='bbox 842 4605 1081 4658; x_wconf 81' lang='grc' dir='ltr'>διάνοιαν</span> <span class='ocrx_word' id='word_1_738' title='bbox 1124 4605 1420 4674; x_wconf 76' lang='grc' dir='ltr'>ἐσχηκότες</span> <span class='ocrx_word' id='word_1_739' title='bbox 1467 4604 1643 4657; x_wconf 83' lang='grc' dir='ltr'>ἁλοῖεν</span> <span class='ocrx_word' id='word_1_740' title='bbox 1673 4604 1758 4669; x_wconf 85' lang='grc' dir='ltr'><strong>ἂν,</strong></span> <span class='ocrx_word' id='word_1_741' title='bbox 1804 4605 1968 4676; x_wconf 84' lang='grc' dir='ltr'>εἰδείη</span> 
     </span>
    </p>
   </div>
   <div class='ocr_carea' id='block_1_96' title="bbox 397 4693 1969 4764">
    <p class='ocr_par' dir='ltr' id='par_1_96' title="bbox 397 4693 1969 4764">
     <span class='ocr_line' id='line_1_96' title="bbox 397 4693 1969 4764; baseline 0 -18"><span class='ocrx_word' id='word_1_742' title='bbox 397 4712 477 4758; x_wconf 79' lang='grc' dir='ltr'><strong>τις</strong></span> <span class='ocrx_word' id='word_1_743' title='bbox 511 4694 575 4760; x_wconf 59' lang='grc' dir='ltr'>ἂν</span> <span class='ocrx_word' id='word_1_744' title='bbox 601 4695 708 4759; x_wconf 71' lang='grc' dir='ltr'>ἀπό</span> <span class='ocrx_word' id='word_1_745' title='bbox 726 4711 788 4763; x_wconf 90' lang='grc' dir='ltr'><strong>γε</strong></span> <span class='ocrx_word' id='word_1_746' title='bbox 814 4694 908 4748; x_wconf 86' lang='grc' dir='ltr'><strong>τοῦ</strong></span> <span class='ocrx_word' id='word_1_747' title='bbox 930 4695 1095 4754; x_wconf 83' lang='grc' dir='ltr'>λίθοις</span> <span class='ocrx_word' id='word_1_748' title='bbox 1117 4693 1407 4764; x_wconf 74' lang='grc' dir='ltr'>βεϐλῆσθαι</span> <span class='ocrx_word' id='word_1_749' title='bbox 1433 4693 1692 4756; x_wconf 84' lang='grc' dir='ltr'>πολλάκις</span> <span class='ocrx_word' id='word_1_750' title='bbox 1714 4694 1842 4764; x_wconf 86' lang='grc' dir='ltr'>παρ’</span> <span class='ocrx_word' id='word_1_751' title='bbox 1875 4695 1969 4746; x_wconf 82' lang='grc' dir='ltr'><strong>αὺ-</strong></span> 
     </span>
    </p>
   </div>
   <div class='ocr_carea' id='block_1_97' title="bbox 396 4783 1970 4858">
    <p class='ocr_par' dir='ltr' id='par_1_97' title="bbox 396 4783 1970 4858">
     <span class='ocr_line' id='line_1_97' title="bbox 396 4783 1970 4858; baseline -0.004 -18"><span class='ocrx_word' id='word_1_752' title='bbox 396 4790 504 4840; x_wconf 78' lang='grc' dir='ltr'><strong>τῶν</strong></span> <span class='ocrx_word' id='word_1_753' title='bbox 530 4789 618 4840; x_wconf 70' lang='grc' dir='ltr'>τὸν</span> <span class='ocrx_word' id='word_1_754' title='bbox 658 4786 1031 4858; x_wconf 82' lang='grc' dir='ltr'>Ἐμμανουήλ·</span> <span class='ocrx_word' id='word_1_755' title='bbox 1069 4785 1504 4856; x_wconf 65' lang='grc' dir='ltr'>ἀποκομισθῖψαι</span> <span class='ocrx_word' id='word_1_756' title='bbox 1538 4783 1594 4836; x_wconf 85' lang='grc' dir='ltr'>δὲ</span> <span class='ocrx_word' id='word_1_757' title='bbox 1640 4785 1732 4837; x_wconf 80' lang='grc' dir='ltr'><strong>καὶ</strong></span> <span class='ocrx_word' id='word_1_758' title='bbox 1780 4783 1970 4853; x_wconf 85' lang='grc' dir='ltr'>μέχρις</span> 
     </span>
    </p>
   </div>
   <div class='ocr_carea' id='block_1_98' title="bbox 398 4875 1971 4951">
    <p class='ocr_par' dir='ltr' id='par_1_98' title="bbox 398 4875 1971 4951">
     <span class='ocr_line' id='line_1_98' title="bbox 398 4875 1971 4951; baseline -0.003 -18"><span class='ocrx_word' id='word_1_759' title='bbox 398 4881 566 4951; x_wconf 76' lang='grc' dir='ltr'>αὐτῆς</span> <span class='ocrx_word' id='word_1_760' title='bbox 599 4881 800 4951; x_wconf 80' lang='grc' dir='ltr'>ὀφρύος</span> <span class='ocrx_word' id='word_1_761' title='bbox 832 4879 924 4933; x_wconf 84' lang='grc' dir='ltr'><strong>τοῦ</strong></span> <span class='ocrx_word' id='word_1_762' title='bbox 966 4879 1143 4950; x_wconf 78' lang='grc' dir='ltr'>ὅρους,</span> <span class='ocrx_word' id='word_1_763' title='bbox 1175 4879 1262 4931; x_wconf 83' lang='grc' dir='ltr'><strong>ἴνα</strong></span> <span class='ocrx_word' id='word_1_764' title='bbox 1295 4875 1808 4948; x_wconf 81' lang='grc' dir='ltr'>κατακρημνίζοιτο.</span> <span class='ocrx_word' id='word_1_765' title='bbox 1863 4876 1971 4928; x_wconf 75' lang='grc' dir='ltr'>Καὶ</span> 
     </span>
    </p>
   </div>
   <div class='ocr_carea' id='block_1_99' title="bbox 399 4966 1970 5041">
    <p class='ocr_par' dir='ltr' id='par_1_99' title="bbox 399 4966 1970 5041">
     <span class='ocr_line' id='line_1_99' title="bbox 399 4966 1970 5041; baseline -0.003 -17"><span class='ocrx_word' id='word_1_766' title='bbox 399 4974 457 5024; x_wconf 71' lang='grc' dir='ltr'>οὗ</span> <span class='ocrx_word' id='word_1_767' title='bbox 511 4972 672 5041; x_wconf 85' lang='grc' dir='ltr'>μέχρι</span> <span class='ocrx_word' id='word_1_768' title='bbox 717 4970 919 5023; x_wconf 78' lang='grc' dir='ltr'>τούτων</span> <span class='ocrx_word' id='word_1_769' title='bbox 965 4970 1033 5023; x_wconf 78' lang='grc' dir='ltr'>τὰ</span> <span class='ocrx_word' id='word_1_770' title='bbox 1087 4970 1444 5039; x_wconf 79' lang='grc' dir='ltr'>ἐγκλήματα·</span> <span class='ocrx_word' id='word_1_771' title='bbox 1491 4966 1850 5036; x_wconf 87' lang='grc' dir='ltr'>ὲκτετίμηντο</span> <span class='ocrx_word' id='word_1_772' title='bbox 1914 4967 1970 5020; x_wconf 80' lang='grc' dir='ltr'>δὲ</span> 
     </span>
    </p>
   </div>
   <div class='ocr_carea' id='block_1_100' title="bbox 398 5058 1971 5132">
    <p class='ocr_par' dir='ltr' id='par_1_100' title="bbox 398 5058 1971 5132">
     <span class='ocr_line' id='line_1_100' title="bbox 398 5058 1971 5132; baseline -0.001 -19"><span class='ocrx_word' id='word_1_773' title='bbox 398 5062 518 5116; x_wconf 79' lang='grc' dir='ltr'>λίαν</span> <span class='ocrx_word' id='word_1_774' title='bbox 548 5064 641 5115; x_wconf 75' lang='grc' dir='ltr'>καὶ</span> <span class='ocrx_word' id='word_1_775' title='bbox 671 5061 730 5114; x_wconf 75' lang='grc' dir='ltr'>τὸ</span> <span class='ocrx_word' id='word_1_776' title='bbox 758 5062 945 5132; x_wconf 78' lang='grc' dir='ltr'>χρῆμα</span> <span class='ocrx_word' id='word_1_777' title='bbox 973 5061 1072 5129; x_wconf 85' lang='grc' dir='ltr'>τῆς</span> <span class='ocrx_word' id='word_1_778' title='bbox 1114 5061 1324 5129; x_wconf 81' lang='grc' dir='ltr'>κλοπῆς</span> <span class='ocrx_word' id='word_1_779' title='bbox 1344 5077 1357 5090; x_wconf 85' lang='grc'>·</span> <span class='ocrx_word' id='word_1_780' title='bbox 1396 5059 1822 5127; x_wconf 83' lang='grc' dir='ltr'>κατεμισθοῦντο</span> <span class='ocrx_word' id='word_1_781' title='bbox 1862 5058 1971 5131; x_wconf 84' lang='grc' dir='ltr'>γὰρ</span> 
     </span>
    </p>
   </div>
   <div class='ocr_carea' id='block_1_101' title="bbox 399 5135 1973 5222">
    <p class='ocr_par' dir='ltr' id='par_1_101' title="bbox 399 5135 1973 5222">
     <span class='ocr_line' id='line_1_101' title="bbox 399 5135 1973 5222; baseline 0 -20"><span class='ocrx_word' id='word_1_782' title='bbox 399 5155 482 5203; x_wconf 74' lang='grc' dir='ltr'><strong>ἐπ’</strong></span> <span class='ocrx_word' id='word_1_783' title='bbox 534 5151 702 5222; x_wconf 76' lang='grc' dir='ltr'>αὐτῷ,</span> <span class='ocrx_word' id='word_1_784' title='bbox 756 5152 848 5205; x_wconf 79' lang='grc' dir='ltr'><strong>τὸν</strong></span> <span class='ocrx_word' id='word_1_785' title='bbox 880 5135 1413 5221; x_wconf 75' lang='grc' dir='ltr'>προδότην”ῐούδαν,</span> <span class='ocrx_word' id='word_1_786' title='bbox 1457 5149 1549 5203; x_wconf 84' lang='grc' dir='ltr'><strong>τὸν</strong></span> <span class='ocrx_word' id='word_1_787' title='bbox 1589 5150 1973 5221; x_wconf 71' lang='grc' dir='ltr'>αἰσχροκερδῆ,</span> 
     </span>
    </p>
   </div>
   <div class='ocr_carea' id='block_1_102' title="bbox 401 5241 1972 5312">
    <p class='ocr_par' dir='ltr' id='par_1_102' title="bbox 401 5241 1972 5312">
     <span class='ocr_line' id='line_1_102' title="bbox 401 5241 1972 5312; baseline 0 -18"><span class='ocrx_word' id='word_1_788' title='bbox 401 5245 491 5295; x_wconf 69' lang='grc' dir='ltr'><strong>καὶ</strong></span> <span class='ocrx_word' id='word_1_789' title='bbox 521 5243 934 5296; x_wconf 81' lang='grc' dir='ltr'>κλεπτίστατον.</span> <span class='ocrx_word' id='word_1_790' title='bbox 974 5243 1168 5312; x_wconf 74' lang='grc' dir='ltr'>Μοιχοὶ</span> <span class='ocrx_word' id='word_1_791' title='bbox 1213 5242 1270 5294; x_wconf 86' lang='grc' dir='ltr'>δὲ</span> <span class='ocrx_word' id='word_1_792' title='bbox 1309 5241 1497 5312; x_wconf 84' lang='grc' dir='ltr'>ὥσπερ</span> <span class='ocrx_word' id='word_1_793' title='bbox 1524 5241 1670 5304; x_wconf 80' lang='grc' dir='ltr'>τινὲς</span> <span class='ocrx_word' id='word_1_794' title='bbox 1705 5241 1972 5312; x_wconf 77' lang='grc' dir='ltr'>ἀλιτήριοι</span> 
     </span>
    </p>
   </div>
   <div class='ocr_carea' id='block_1_103' title="bbox 397 5333 1974 5407">
    <p class='ocr_par' dir='ltr' id='par_1_103' title="bbox 397 5333 1974 5407">
     <span class='ocr_line' id='line_1_103' title="bbox 397 5333 1974 5407; baseline 0.001 -21"><span class='ocrx_word' id='word_1_795' title='bbox 397 5337 682 5403; x_wconf 81' lang='grc' dir='ltr'>γεγονότες</span> <span class='ocrx_word' id='word_1_796' title='bbox 724 5337 772 5388; x_wconf 86' lang='grc' dir='ltr'>οἱ</span> <span class='ocrx_word' id='word_1_797' title='bbox 812 5337 1096 5407; x_wconf 80' lang='grc' dir='ltr'>Φαρισαῖοι</span> <span class='ocrx_word' id='word_1_798' title='bbox 1143 5334 1244 5403; x_wconf 85' lang='grc' dir='ltr'>τῆς</span> <span class='ocrx_word' id='word_1_799' title='bbox 1317 5333 1581 5386; x_wconf 85' lang='grc' dir='ltr'>Ἰουδαίων</span> <span class='ocrx_word' id='word_1_800' title='bbox 1631 5333 1974 5403; x_wconf 81' lang='grc' dir='ltr'>συναγωγῆς,</span> 
     </span>
    </p>
   </div>
   <div class='ocr_carea' id='block_1_104' title="bbox 399 5423 1974 5496">
    <p class='ocr_par' dir='ltr' id='par_1_104' title="bbox 399 5423 1974 5496">
     <span class='ocr_line' id='line_1_104' title="bbox 399 5423 1974 5496; baseline -0.001 -18"><span class='ocrx_word' id='word_1_801' title='bbox 399 5427 699 5479; x_wconf 73' lang='grc' dir='ltr'>ἁπεσόϐουν</span> <span class='ocrx_word' id='word_1_802' title='bbox 729 5426 826 5496; x_wconf 80' lang='grc' dir='ltr'>μὲν</span> <span class='ocrx_word' id='word_1_803' title='bbox 856 5424 1028 5494; x_wconf 77' lang='grc' dir='ltr'>αὐτῆς</span> <span class='ocrx_word' id='word_1_804' title='bbox 1058 5424 1149 5477; x_wconf 78' lang='grc' dir='ltr'>τὸν</span> <span class='ocrx_word' id='word_1_805' title='bbox 1178 5424 1236 5488; x_wconf 76' lang='grc' dir='ltr'><strong>ἐξ</strong></span> <span class='ocrx_word' id='word_1_806' title='bbox 1262 5423 1490 5494; x_wconf 81' lang='grc' dir='ltr'>οὐρανοῦ</span> <span class='ocrx_word' id='word_1_807' title='bbox 1529 5424 1780 5494; x_wconf 82' lang='grc' dir='ltr'>νυμφίον,</span> <span class='ocrx_word' id='word_1_808' title='bbox 1818 5441 1974 5477; x_wconf 77' lang='grc' dir='ltr'>τουτ-</span> 
     </span>
    </p>
   </div>
   <div class='ocr_carea' id='block_1_105' title="bbox 478 5597 1420 5665">
    <p class='ocr_par' dir='ltr' id='par_1_105' title="bbox 478 5597 1420 5665">
     <span class='ocr_line' id='line_1_105' title="bbox 478 5597 1420 5665; baseline -0.003 -12"><span class='ocrx_word' id='word_1_809' title='bbox 478 5601 520 5632; x_wconf 79' lang='grc' dir='ltr'><strong>⁷τ</strong></span> <span class='ocrx_word' id='word_1_810' title='bbox 560 5599 749 5655; x_wconf 75' lang='lat' dir='ltr'><strong>Matth.</strong></span> <span class='ocrx_word' id='word_1_811' title='bbox 781 5614 870 5664; x_wconf 77' lang='lat' dir='ltr'><strong>xv,</strong></span> <span class='ocrx_word' id='word_1_812' title='bbox 903 5598 1009 5665; x_wconf 62' lang='lat'><strong>24;</strong></span> <span class='ocrx_word' id='word_1_813' title='bbox 1039 5597 1194 5654; x_wconf 80' lang='lat' dir='ltr'><strong>Joan.</strong></span> <span class='ocrx_word' id='word_1_814' title='bbox 1229 5615 1340 5663; x_wconf 77' lang='lat' dir='ltr'><strong>xtv,</strong></span> <span class='ocrx_word' id='word_1_815' title='bbox 1367 5598 1420 5652; x_wconf 88' lang='lat'><strong>9.</strong></span> 
     </span>
    </p>
   </div>
   <div class='ocr_carea' id='block_1_106' title="bbox 402 5669 1505 5736">
    <p class='ocr_par' dir='ltr' id='par_1_106' title="bbox 402 5669 1505 5736">
     <span class='ocr_line' id='line_1_106' title="bbox 402 5669 1505 5736; baseline -0.002 -12"><span class='ocrx_word' id='word_1_816' title='bbox 402 5670 512 5736; x_wconf 62' lang='lat' dir='ltr'><strong>Si;</strong></span> <span class='ocrx_word' id='word_1_817' title='bbox 544 5670 700 5726; x_wconf 79' lang='lat' dir='ltr'><strong>Joan.</strong></span> <span class='ocrx_word' id='word_1_818' title='bbox 744 5685 860 5734; x_wconf 77' lang='lat' dir='ltr'><strong>VIII,</strong></span> <span class='ocrx_word' id='word_1_819' title='bbox 903 5669 993 5724; x_wconf 80' lang='grc'><strong>48.</strong></span> <span class='ocrx_word' id='word_1_820' title='bbox 1072 5670 1116 5701; x_wconf 79' lang='grc'><strong>⁸³</strong></span> <span class='ocrx_word' id='word_1_821' title='bbox 1147 5669 1280 5724; x_wconf 76' lang='lat' dir='ltr'><strong>an.</strong></span> <span class='ocrx_word' id='word_1_822' title='bbox 1313 5685 1388 5734; x_wconf 86' lang='lat' dir='ltr'><strong>tv,</strong></span> <span class='ocrx_word' id='word_1_823' title='bbox 1418 5670 1505 5722; x_wconf 66' lang='grc' dir='ltr'><strong>Ξῖ.</strong></span> 
     </span>
    </p>
   </div>
   <div class='ocr_carea' id='block_1_107' title="bbox 1521 5598 1951 5663">
    <p class='ocr_par' dir='ltr' id='par_1_107' title="bbox 1521 5598 1951 5663">
     <span class='ocr_line' id='line_1_107' title="bbox 1521 5598 1951 5663; baseline 0 -12"><span class='ocrx_word' id='word_1_824' title='bbox 1521 5600 1566 5630; x_wconf 67' lang='grc'><strong>⁷³</strong></span> <span class='ocrx_word' id='word_1_825' title='bbox 1593 5598 1745 5651; x_wconf 84' lang='lat' dir='ltr'><strong>Joan.</strong></span> <span class='ocrx_word' id='word_1_826' title='bbox 1778 5613 1828 5663; x_wconf 75' lang='grc' dir='ltr'><strong>ν,</strong></span> <span class='ocrx_word' id='word_1_827' title='bbox 1861 5599 1951 5652; x_wconf 69' lang='grc'><strong>24.</strong></span> 
     </span>
    </p>
   </div>
   <div class='ocr_carea' id='block_1_108' title="bbox 2055 5597 3039 5662">
    <p class='ocr_par' dir='ltr' id='par_1_108' title="bbox 2055 5597 3039 5662">
     <span class='ocr_line' id='line_1_108' title="bbox 2055 5597 3039 5662; baseline -0.003 -10"><span class='ocrx_word' id='word_1_828' title='bbox 2055 5599 2098 5629; x_wconf 81' lang='grc' dir='ltr'><strong>⁸ο</strong></span> <span class='ocrx_word' id='word_1_829' title='bbox 2138 5597 2292 5652; x_wconf 72' lang='lat' dir='ltr'><strong>Joan.</strong></span> <span class='ocrx_word' id='word_1_830' title='bbox 2327 5611 2444 5662; x_wconf 75' lang='lat' dir='ltr'><strong>vm,</strong></span> <span class='ocrx_word' id='word_1_831' title='bbox 2477 5597 2578 5661; x_wconf 71' lang='lat'><strong>48;</strong></span> <span class='ocrx_word' id='word_1_832' title='bbox 2628 5597 2814 5652; x_wconf 80' lang='lat' dir='ltr'><strong>Matth.</strong></span> <span class='ocrx_word' id='word_1_833' title='bbox 2850 5612 2924 5661; x_wconf 70' lang='grc' dir='ltr'>ιι,</span> <span class='ocrx_word' id='word_1_834' title='bbox 2953 5598 3039 5650; x_wconf 84' lang='grc'><strong>19.</strong></span> 
     </span>
    </p>
   </div>
   <div class='ocr_carea' id='block_1_109' title="bbox 1583 5669 2012 5734">
    <p class='ocr_par' dir='ltr' id='par_1_109' title="bbox 1583 5669 2012 5734">
     <span class='ocr_line' id='line_1_109' title="bbox 1583 5669 2012 5734; baseline 0.012 -13"><span class='ocrx_word' id='word_1_835' title='bbox 1583 5671 1625 5699; x_wconf 72' lang='grc'><strong>⁸⁸</strong></span> <span class='ocrx_word' id='word_1_836' title='bbox 1659 5669 1790 5723; x_wconf 84' lang='lat' dir='ltr'><strong>Luc.</strong></span> <span class='ocrx_word' id='word_1_837' title='bbox 1825 5686 1896 5734; x_wconf 80' lang='lat' dir='ltr'><strong>\‘l,</strong></span> <span class='ocrx_word' id='word_1_838' title='bbox 1924 5669 2012 5726; x_wconf 75' lang='grc'><strong>16.</strong></span> 
     </span>
    </p>
   </div>
   <div class='ocr_carea' id='block_1_110' title="bbox 2079 4513 3640 4578">
    <p class='ocr_par' dir='ltr' id='par_1_110' title="bbox 2079 4513 3640 4578">
     <span class='ocr_line' id='line_1_110' title="bbox 2079 4513 3640 4578; baseline -0.002 -10"><span class='ocrx_word' id='word_1_839' title='bbox 2079 4526 2287 4570; x_wconf 87' lang='lat' dir='ltr'><strong>mantes</strong></span> <span class='ocrx_word' id='word_1_840' title='bbox 2321 4517 2518 4569; x_wconf 89' lang='lat' dir='ltr'><strong>habere</strong></span> <span class='ocrx_word' id='word_1_841' title='bbox 2549 4516 2889 4578; x_wconf 72' lang='lat' dir='ltr'><strong>daemonium,</strong></span> <span class='ocrx_word' id='word_1_842' title='bbox 2929 4527 2982 4567; x_wconf 91' lang='lat' dir='ltr'><strong>et</strong></span> <span class='ocrx_word' id='word_1_843' title='bbox 3017 4516 3195 4568; x_wconf 89' lang='lat' dir='ltr'><strong>divina</strong></span> <span class='ocrx_word' id='word_1_844' title='bbox 3239 4513 3494 4568; x_wconf 84' lang='lat' dir='ltr'><strong>miracula</strong></span> <span class='ocrx_word' id='word_1_845' title='bbox 3534 4515 3640 4565; x_wconf 86' lang='lat' dir='ltr'><strong>vir-</strong></span> 
     </span>
    </p>
   </div>
   <div class='ocr_carea' id='block_1_111' title="bbox 2078 4607 3638 4675">
    <p class='ocr_par' dir='ltr' id='par_1_111' title="bbox 2078 4607 3638 4675">
     <span class='ocr_line' id='line_1_111' title="bbox 2078 4607 3638 4675; baseline 0 -15"><span class='ocrx_word' id='word_1_846' title='bbox 2078 4609 2176 4661; x_wconf 88' lang='lat' dir='ltr'><strong>tuti</strong></span> <span class='ocrx_word' id='word_1_847' title='bbox 2194 4608 2490 4664; x_wconf 85' lang='lat' dir='ltr'><strong>Beelzebub</strong></span> <span class='ocrx_word' id='word_1_848' title='bbox 2508 4609 2840 4664; x_wconf 89' lang='lat' dir='ltr'><strong>ascribentes</strong></span> <span class='ocrx_word' id='word_1_849' title='bbox 2857 4607 3006 4663; x_wconf 78' lang='grc'><strong>⁸¹-⁸².</strong></span> <span class='ocrx_word' id='word_1_850' title='bbox 3024 4607 3280 4662; x_wconf 88' lang='lat' dir='ltr'><strong>Cnnviuci</strong></span> <span class='ocrx_word' id='word_1_851' title='bbox 3313 4607 3474 4662; x_wconf 88' lang='lat' dir='ltr'><strong>etiam</strong></span> <span class='ocrx_word' id='word_1_852' title='bbox 3510 4620 3638 4675; x_wconf 82' lang='lat' dir='ltr'><strong>pos-</strong></span> 
     </span>
    </p>
   </div>
   <div class='ocr_carea' id='block_1_112' title="bbox 2077 4699 3630 4769">
    <p class='ocr_par' dir='ltr' id='par_1_112' title="bbox 2077 4699 3630 4769">
     <span class='ocr_line' id='line_1_112' title="bbox 2077 4699 3630 4769; baseline -0.001 -16"><span class='ocrx_word' id='word_1_853' title='bbox 2077 4711 2202 4753; x_wconf 88' lang='lat' dir='ltr'><strong>sunt</strong></span> <span class='ocrx_word' id='word_1_854' title='bbox 2243 4709 2475 4754; x_wconf 89' lang='lat' dir='ltr'><strong>mentem</strong></span> <span class='ocrx_word' id='word_1_855' title='bbox 2499 4701 2614 4769; x_wconf 84' lang='lat' dir='ltr'><strong>ejus</strong></span> <span class='ocrx_word' id='word_1_856' title='bbox 2655 4699 3014 4755; x_wconf 77' lang='lat' dir='ltr'><strong>interficiendi</strong></span> <span class='ocrx_word' id='word_1_857' title='bbox 3061 4699 3311 4768; x_wconf 79' lang='lat' dir='ltr'><strong>cupidam</strong></span> <span class='ocrx_word' id='word_1_858' title='bbox 3357 4707 3630 4768; x_wconf 85' lang='lat' dir='ltr'><strong>gestasse.</strong></span> 
     </span>
    </p>
   </div>
   <div class='ocr_carea' id='block_1_113' title="bbox 2081 4791 3639 4861">
    <p class='ocr_par' dir='ltr' id='par_1_113' title="bbox 2081 4791 3639 4861">
     <span class='ocr_line' id='line_1_113' title="bbox 2081 4791 3639 4861; baseline 0.001 -18"><span class='ocrx_word' id='word_1_859' title='bbox 2081 4791 2317 4847; x_wconf 85' lang='lat' dir='ltr'><strong>Probare</strong></span> <span class='ocrx_word' id='word_1_860' title='bbox 2347 4792 2398 4845; x_wconf 95' lang='lat' dir='ltr'><strong>id</strong></span> <span class='ocrx_word' id='word_1_861' title='bbox 2433 4793 2557 4846; x_wconf 88' lang='lat' dir='ltr'><strong>licet</strong></span> <span class='ocrx_word' id='word_1_862' title='bbox 2592 4807 2658 4846; x_wconf 82' lang='lat' dir='ltr'><strong>ex</strong></span> <span class='ocrx_word' id='word_1_863' title='bbox 2689 4808 2774 4858; x_wconf 90' lang='lat' dir='ltr'><strong>eo,</strong></span> <span class='ocrx_word' id='word_1_864' title='bbox 2817 4794 2956 4861; x_wconf 88' lang='lat' dir='ltr'><strong>quod</strong></span> <span class='ocrx_word' id='word_1_865' title='bbox 2990 4793 3256 4860; x_wconf 85' lang='lat' dir='ltr'><strong>lapidibus</strong></span> <span class='ocrx_word' id='word_1_866' title='bbox 3310 4791 3639 4845; x_wconf 86' lang='lat' dir='ltr'><strong>Emmanue-</strong></span> 
     </span>
    </p>
   </div>
   <div class='ocr_carea' id='block_1_114' title="bbox 2078 4882 3640 4952">
    <p class='ocr_par' dir='ltr' id='par_1_114' title="bbox 2078 4882 3640 4952">
     <span class='ocr_line' id='line_1_114' title="bbox 2078 4882 3640 4952; baseline 0.003 -17"><span class='ocrx_word' id='word_1_867' title='bbox 2078 4882 2178 4935; x_wconf 85' lang='lat' dir='ltr'><strong>letn</strong></span> <span class='ocrx_word' id='word_1_868' title='bbox 2199 4897 2300 4938; x_wconf 89' lang='lat' dir='ltr'><strong>non</strong></span> <span class='ocrx_word' id='word_1_869' title='bbox 2314 4883 2476 4937; x_wconf 89' lang='lat' dir='ltr'><strong>semel</strong></span> <span class='ocrx_word' id='word_1_870' title='bbox 2500 4884 2892 4952; x_wconf 87' lang='lat' dir='ltr'><strong>appetiverunt,</strong></span> <span class='ocrx_word' id='word_1_871' title='bbox 2913 4893 2968 4937; x_wconf 89' lang='lat' dir='ltr'><strong>et</strong></span> <span class='ocrx_word' id='word_1_872' title='bbox 2990 4887 3054 4937; x_wconf 87' lang='lat' dir='ltr'><strong>ad</strong></span> <span class='ocrx_word' id='word_1_873' title='bbox 3075 4884 3417 4952; x_wconf 88' lang='lat' dir='ltr'><strong>supercilium</strong></span> <span class='ocrx_word' id='word_1_874' title='bbox 3441 4883 3640 4939; x_wconf 85' lang='lat' dir='ltr'><strong>montis</strong></span> 
     </span>
    </p>
   </div>
   <div class='ocr_carea' id='block_1_115' title="bbox 2078 4973 3637 5041">
    <p class='ocr_par' dir='ltr' id='par_1_115' title="bbox 2078 4973 3637 5041">
     <span class='ocr_line' id='line_1_115' title="bbox 2078 4973 3637 5041; baseline 0 -15"><span class='ocrx_word' id='word_1_875' title='bbox 2078 4973 2464 5041; x_wconf 79' lang='lat' dir='ltr'><strong>perduxerunt,</strong></span> <span class='ocrx_word' id='word_1_876' title='bbox 2524 4983 2581 5026; x_wconf 88' lang='grc' dir='ltr'><strong>ιιι</strong></span> <span class='ocrx_word' id='word_1_877' title='bbox 2634 4973 2756 5026; x_wconf 89' lang='lat' dir='ltr'><strong>inde</strong></span> <span class='ocrx_word' id='word_1_878' title='bbox 2810 4974 3137 5041; x_wconf 60' lang='lat' dir='ltr'><strong>prateipitem</strong></span> <span class='ocrx_word' id='word_1_879' title='bbox 3173 4974 3524 5029; x_wconf 88' lang='lat' dir='ltr'><strong>deturbarent</strong></span> <span class='ocrx_word' id='word_1_880' title='bbox 3567 4973 3637 5026; x_wconf 82' lang='grc'><strong>⁸⁸.</strong></span> 
     </span>
    </p>
   </div>
   <div class='ocr_carea' id='block_1_116' title="bbox 2078 5063 3634 5132">
    <p class='ocr_par' dir='ltr' id='par_1_116' title="bbox 2078 5063 3634 5132">
     <span class='ocr_line' id='line_1_116' title="bbox 2078 5063 3634 5132; baseline 0.001 -17"><span class='ocrx_word' id='word_1_881' title='bbox 2078 5063 2184 5118; x_wconf 73' lang='lat' dir='ltr'><strong>Nec</strong></span> <span class='ocrx_word' id='word_1_882' title='bbox 2216 5079 2344 5118; x_wconf 89' lang='lat' dir='ltr'><strong>vero</strong></span> <span class='ocrx_word' id='word_1_883' title='bbox 2385 5063 2660 5132; x_wconf 76' lang='lat' dir='ltr'><strong>hucusque</strong></span> <span class='ocrx_word' id='word_1_884' title='bbox 2715 5072 2923 5116; x_wconf 90' lang='lat' dir='ltr'><strong>tantum</strong></span> <span class='ocrx_word' id='word_1_885' title='bbox 2973 5065 3176 5118; x_wconf 85' lang='lat' dir='ltr'><strong>scelera</strong></span> <span class='ocrx_word' id='word_1_886' title='bbox 3231 5073 3634 5132; x_wconf 82' lang='lat' dir='ltr'><strong>processerunt.</strong></span> 
     </span>
    </p>
   </div>
   <div class='ocr_carea' id='block_1_117' title="bbox 2077 5153 3638 5224">
    <p class='ocr_par' dir='ltr' id='par_1_117' title="bbox 2077 5153 3638 5224">
     <span class='ocr_line' id='line_1_117' title="bbox 2077 5153 3638 5224; baseline -0.001 -17"><span class='ocrx_word' id='word_1_887' title='bbox 2077 5154 2398 5224; x_wconf 83' lang='lat' dir='ltr'><strong>Magnopere</strong></span> <span class='ocrx_word' id='word_1_888' title='bbox 2422 5168 2633 5222; x_wconf 88' lang='lat' dir='ltr'><strong>quoque</strong></span> <span class='ocrx_word' id='word_1_889' title='bbox 2659 5153 2857 5207; x_wconf 77' lang='lat' dir='ltr'><strong>furtum</strong></span> <span class='ocrx_word' id='word_1_890' title='bbox 2891 5156 3222 5208; x_wconf 82' lang='lat' dir='ltr'><strong>honorarnnt</strong></span> <span class='ocrx_word' id='word_1_891' title='bbox 3247 5172 3264 5219; x_wconf 86' lang='lat'><strong>;</strong></span> <span class='ocrx_word' id='word_1_892' title='bbox 3291 5157 3466 5222; x_wconf 88' lang='lat' dir='ltr'><strong>pretio</strong></span> <span class='ocrx_word' id='word_1_893' title='bbox 3493 5155 3638 5210; x_wconf 88' lang='lat' dir='ltr'><strong>enim</strong></span> 
     </span>
    </p>
   </div>
   <div class='ocr_carea' id='block_1_118' title="bbox 2077 5243 3640 5317">
    <p class='ocr_par' dir='ltr' id='par_1_118' title="bbox 2077 5243 3640 5317">
     <span class='ocr_line' id='line_1_118' title="bbox 2077 5243 3640 5317; baseline -0.001 -21"><span class='ocrx_word' id='word_1_894' title='bbox 2077 5246 2400 5312; x_wconf 86' lang='lat' dir='ltr'><strong>proditorem</strong></span> <span class='ocrx_word' id='word_1_895' title='bbox 2428 5243 2542 5311; x_wconf 89' lang='lat' dir='ltr'><strong>ejus</strong></span> <span class='ocrx_word' id='word_1_896' title='bbox 2572 5243 2762 5299; x_wconf 72' lang='lat' dir='ltr'><strong>ludam</strong></span> <span class='ocrx_word' id='word_1_897' title='bbox 2799 5248 3177 5301; x_wconf 76' lang='lat' dir='ltr'><strong>conduxerunt</strong></span> <span class='ocrx_word' id='word_1_898' title='bbox 3207 5247 3273 5309; x_wconf 64' lang='grc'><strong>⁸³,</strong></span> <span class='ocrx_word' id='word_1_899' title='bbox 3319 5246 3428 5317; x_wconf 77' lang='grc'>66</span> <span class='ocrx_word' id='word_1_900' title='bbox 3468 5245 3640 5311; x_wconf 86' lang='lat' dir='ltr'><strong>turpis</strong></span> 
     </span>
    </p>
   </div>
   <div class='ocr_carea' id='block_1_119' title="bbox 2077 5331 3634 5401">
    <p class='ocr_par' dir='ltr' id='par_1_119' title="bbox 2077 5331 3634 5401">
     <span class='ocr_line' id='line_1_119' title="bbox 2077 5331 3634 5401; baseline -0.003 -13"><span class='ocrx_word' id='word_1_901' title='bbox 2077 5336 2206 5389; x_wconf 76' lang='lat' dir='ltr'><strong>lucri</strong></span> <span class='ocrx_word' id='word_1_902' title='bbox 2259 5335 2473 5389; x_wconf 87' lang='lat' dir='ltr'><strong>avidum</strong></span> <span class='ocrx_word' id='word_1_903' title='bbox 2524 5346 2576 5389; x_wconf 91' lang='lat' dir='ltr'><strong>et</strong></span> <span class='ocrx_word' id='word_1_904' title='bbox 2620 5336 3042 5393; x_wconf 84' lang='lat' dir='ltr'><strong>fttracissitnutn.</strong></span> <span class='ocrx_word' id='word_1_905' title='bbox 3107 5339 3166 5391; x_wconf 82' lang='lat' dir='ltr'><strong>Et</strong></span> <span class='ocrx_word' id='word_1_906' title='bbox 3200 5338 3340 5389; x_wconf 83' lang='lat' dir='ltr'><strong>velut</strong></span> <span class='ocrx_word' id='word_1_907' title='bbox 3385 5331 3634 5401; x_wconf 80' lang='lat' dir='ltr'><strong>llagitiosi</strong></span> 
     </span>
    </p>
   </div>
   <div class='ocr_carea' id='block_1_120' title="bbox 2074 5419 3638 5498">
    <p class='ocr_par' dir='ltr' id='par_1_120' title="bbox 2074 5419 3638 5498">
     <span class='ocr_line' id='line_1_120' title="bbox 2074 5419 3638 5498; baseline 0.001 -21"><span class='ocrx_word' id='word_1_908' title='bbox 2074 5426 2290 5495; x_wconf 82' lang='lat' dir='ltr'><strong>quidam</strong></span> <span class='ocrx_word' id='word_1_909' title='bbox 2321 5425 2515 5480; x_wconf 79' lang='lat' dir='ltr'><strong>mtechi</strong></span> <span class='ocrx_word' id='word_1_910' title='bbox 2552 5423 2860 5481; x_wconf 67' lang='lat' dir='ltr'><strong>JlldiBOI&#39;Ulll</strong></span> <span class='ocrx_word' id='word_1_911' title='bbox 2908 5427 3225 5498; x_wconf 71' lang='lat' dir='ltr'><strong>Sy-Izt30gm,</strong></span> <span class='ocrx_word' id='word_1_912' title='bbox 3277 5419 3527 5478; x_wconf 72' lang='lat' dir='ltr'><strong>Pharisaei</strong></span> <span class='ocrx_word' id='word_1_913' title='bbox 3567 5419 3638 5472; x_wconf 74' lang='lat' dir='ltr'><strong>ab</strong></span> 
     </span>
    </p>
   </div>
   <div class='ocr_carea' id='block_1_121' title="bbox 3163 5589 3633 5660">
    <p class='ocr_par' dir='ltr' id='par_1_121' title="bbox 3163 5589 3633 5660">
     <span class='ocr_line' id='line_1_121' title="bbox 3163 5589 3633 5660; baseline -0.004 -17"><span class='ocrx_word' id='word_1_914' title='bbox 3163 5595 3282 5634; x_wconf 69' lang='grc' dir='ltr'>ἰτ-θ’</span> <span class='ocrx_word' id='word_1_915' title='bbox 3317 5589 3498 5643; x_wconf 73' lang='lat' dir='ltr'><strong>Matth.</strong></span> <span class='ocrx_word' id='word_1_916' title='bbox 3531 5602 3633 5660; x_wconf 73' lang='lat' dir='ltr'><strong>xu,</strong></span> 
     </span>
    </p>
   </div>
  </div>
