4002 6220
333 266 438 326 113

1349 267 1408 323 S.
1447 265 1718 323 CYRILLI
1762 266 2225 323 ALEXANDRINI
2263 260 2578 321 ARCHIEP.

3478 246 3579 306 “6

334 382 449 454 ipsa
473 383 756 440 caelestem
774 383 1071 455 Sponsum,
1097 383 1374 440 Christum
1403 397 1554 455 puta,
1584 389 1898 460 abegerunt;

2035 405 2139 452 στι,
2172 384 2425 457 Χριστόν.
2470 375 2866 446 Συνεπόρνευον
2898 373 2953 426 δὲ
3026 370 3148 436 ταῖς
3181 369 3337 460 ἰδίαις
3360 368 3583 460 ᾖδοναῖς

335 475 604 545 simulque
652 476 903 534 fornicati
937 485 1081 539 sunt,
1114 476 1345 545 propriis
1375 479 1741 548 voluptatibus
1774 495 1902 535 sua-

336 565 529 620 dentes
564 581 781 635 operam
806 567 954 621 dare.
992 566 1056 621 Et
1096 568 1430 624 miscuerunt
1457 571 1750 640 sanguines
1780 586 1907 626 san-

338 657 608 725 guinibus.
641 656 919 724 Quomodo
946 659 1207 713 tandem?
1242 661 1439 716 occisis
1488 662 1635 716 enim
1692 662 1905 717 sanctis

339 748 639 816 prophetis,
694 748 874 818 ipsum
910 765 1123 820 quoque
1178 752 1563 821 prephetarum
1619 752 1906 807 Dominum

339 836 681 892 addiderunt.
738 837 1095 905 Quamobrem
1130 840 1322 895 beatus
1367 839 1674 911 Stephanus
1715 842 1768 895 in
1800 842 1904 897 Ac-

341 927 484 982 tibus
518 928 882 997 apostolorum
912 944 1017 984 non
1050 931 1321 989 immerito
1346 931 1450 989 illis
1504 933 1799 1003 exprobrat
1822 932 1907 989 his

342 1016 523 1073 verbis
557 1036 571 1072 :
611 1036 629 1067 ι
689 1018 857 1084 Quem
897 1020 1281 1089 prophetarum
1320 1038 1423 1079 non
1473 1033 1599 1079 sunt
1640 1024 1911 1094 persecuti

342 1116 526 1177 patres
554 1109 757 1162 vestri?
782 1120 835 1164 et
868 1112 1181 1167 occiderunt
1204 1129 1317 1182 eos,
1355 1116 1446 1185 qui
1476 1116 1914 1185 praenuntiaruut

341 1197 407 1252 de
432 1199 664 1253 adventu
696 1199 855 1268 .lusti,
890 1202 1043 1272 cujus
1071 1218 1164 1259 vos
1201 1220 1342 1261 nunc
1393 1207 1700 1275 proditores
1729 1217 1782 1263 et
1818 1208 1913 1262 ho-

346 1290 557 1344 micidae
584 1291 759 1346 fuistis
787 1292 832 1324 ⁸⁵
866 1332 880 1346 .
926 1313 943 1346 ι
983 1294 1122 1360 Quin
1160 1304 1213 1351 et
1256 1294 1502 1353 Salvator
1533 1297 1829 1354 Pbarisa-is
1861 1306 1916 1355 et

345 1378 554 1434 Scribis
581 1381 857 1451 improbos
909 1395 1138 1441 conatus
1167 1386 1456 1454 objiciens,
1487 1388 1663 1443 aiebat
1698 1407 1711 1444 :
1746 1408 1765 1442 ι
1804 1388 1912 1443 lm-

345 1468 484 1537 plete
521 1486 828 1526 mensuram
859 1486 1072 1543 patrum
1104 1484 1405 1530 vestrorum
1441 1477 1509 1531 ⁸⁸.
1546 1497 1563 1529 ι

418 1558 578 1614 VERS.
614 1563 667 1617 ὅ.
706 1562 831 1616 Ideo
864 1564 1055 1633 lugebit
1107 1579 1267 1629 terra,
1313 1576 1362 1617 et
1399 1566 1740 1619 imminuatur
1798 1583 1915 1620 cum

346 1653 587 1705 omnibus
611 1655 700 1721 qui
733 1653 971 1707 habitant
1004 1671 1140 1717 eam,
1175 1670 1290 1706 cum
1338 1654 1513 1707 bestiis
1553 1656 1689 1723 agri,
1719 1664 1768 1707 et
1799 1670 1916 1707 cum

2008 478 2299 548 ὑπηρετεῖν
2327 468 2731 528 ἀναπείθοντες.
2770 463 3035 533 Ἔμισγον
3065 460 3123 513 δὲ
3163 459 3259 513 καὶ
3291 456 3382 526 ἐφ’
3415 457 3581 548 αἵμα-

2009 585 2094 621 σιν
2121 547 2347 636 αἵματα.
2379 560 2542 625 Πῶς,
2576 558 2610 629 ἢ
2652 556 2773 610 τίνα
2807 553 3044 623 τρόπον;
3096 550 3452 611 ἀπεκτονότες
3477 547 3585 617 γὰρ

2007 661 2133 722 τοὺς
2158 657 2345 726 ἁγίους
2369 653 2673 724 προφήτας.
2695 648 2789 701 xa‘t
2814 646 2975 700 αὑτὸν
2998 642 3225 705 ἐκείνοις
3246 639 3588 711 προσέθεσαν

2008 752 2099 806 τὸν
2128 750 2235 803 τῶν
2268 742 2565 818 προφητῶν
2593 739 2879 807 δεσπότην.
2924 736 3038 790 Καὶ
3082 732 3214 802 γοῦν
3258 734 3287 785 δ
3320 730 3590 802 μακάριος

2010 842 2282 909 Στέφανος
2311 837 2367 890 ὲν
2411 836 2531 897 ταῖς
2569 832 2677 884 τῶν
2722 826 3034 882 ἀποστόλων
3081 823 3319 895 Πράξεσι
3365 821 3590 883 δικαίως

2012 932 2194 994 αὑτοῖς
2224 925 2491 991 ὀνειδίζει,
2529 923 2703 990 λέγων
2727 936 2741 949 ·
2786 937 2805 970 ι
2856 918 2989 972 Τίνα
3021 916 3130 969 τῶν
3166 912 3460 986 προφητῶν
3490 912 3590 965 οὐκ

2012 1021 2231 1085 ἐδίωξαν
2263 1019 2312 1071 oi
2341 1015 2573 1086 πατέρες
2600 1011 2786 1083 ὑμῶν;
2820 1009 2916 1063 καὶ
2947 1007 3279 1062 ἀπέκτειναν
3302 1006 3428 1067 τοὺς
3465 1018 3593 1073 προ-

2014 1110 2480 1179 καταγγείλαντας
2527 1104 2781 1176 περὶτῆς
2824 1100 3092 1163 ὲλεύσεως
3112 1096 3207 1151 τοῦ
3238 1097 3485 1161 Δικαίου,
3529 1086 3590 1147 οὗ

2014 1205 2108 1260 νῦν
2150 1204 2305 1273 ὑμεῖς
2350 1199 2604 1271 προδόται
2653 1195 2748 1249 καὶ
2807 1194 2986 1262 φονεῖς
3029 1189 3301 1258 ἐγένεσθε.
3348 1208 3366 1240 ι
3430 1186 3591 1240 Ἀλλὰ

2015 1298 2109 1350 καί
2139 1297 2167 1348 ό
2192 1293 2383 1364 Σωτὴρ
2408 1293 2520 1353 τοῖς
2554 1286 2864 1359 Φαρισαίοις
2894 1284 2989 1337 καὶ
3014 1279 3439 1354 Γραμματεῦσιν
3462 1279 3597 1331 ὀνειο

2014 1385 2175 1449 δίζων
2206 1383 2277 1437 τὰ
2319 1379 2719 1451 τετολμημένα.
2758 1376 2939 1443 ἔλεγεν
2973 1391 2990 1424 ι
3040 1372 3149 1426 Καὶ
3180 1372 3336 1442 ὑμεῖς
3376 1366 3595 1439 πληρώο

2020 1492 2150 1531 σατε
2179 1475 2242 1527 τὺ
2275 1475 2471 1545 μέτρον
2503 1471 2607 1524 τῶν
2642 1469 2898 1539 πατέρων
2932 1465 3104 1536 ὑμῶν.
3145 1481 3163 1515 ι
3253 1529 3264 1540 κ

2088 1566 2192 1619 Διά
2229 1563 2405 1617 τοῦτο
2432 1560 2720 1627 πενθήσει
2761 1558 2799 1625 ἡ
2825 1554 2920 1625 γῆ,
2946 1555 3043 1609 καὶ
3078 1549 3595 1623 σμικρυνθήσεται

2019 1656 2142 1710 σὺν
2182 1653 2331 1710 πᾶσι
2371 1654 2496 1716 τοῖς
2521 1647 2911 1704 κατοικοῦσιν
2947 1644 3162 1713 αὐτὴν,
3184 1643 3306 1696 σὺν
3341 1640 3467 1706 τοῖς
3495 1642 3598 1708 θη·

348 1743 619 1808 reptilibus
663 1753 841 1809 terrm,
889 1758 935 1797 et
980 1762 1097 1798 cum
1131 1745 1433 1798 volatilibus
1478 1746 1613 1798 caeli.
1660 1745 1726 1799 EI
1753 1748 1919 1814 pisces

2030 1748 2171 1815 βίοις
2193 1747 2300 1801 τοῦ
2332 1744 2541 1814 ἀγροῦ,
2573 1742 2669 1797 καὶ
2709 1740 2833 1795 σὺν
2860 1739 2985 1805 τοῖς
3014 1734 3281 1807 ἑρπετοῖς
3308 1732 3420 1803 τῆς
3462 1730 3596 1803 γῆς,

347 1835 510 1887 maris
538 1833 798 1903 deﬁcient,
830 1843 887 1887 ut
915 1835 1088 1889 nullus
1107 1836 1504 1905 nequejudicet,
1540 1853 1703 1907 neque
1734 1846 1920 1907 arguat

346 1926 638 1993 quisquam.

419 2092 662 2152 XXXVI.
684 2095 973 2169 Postquam
992 2102 1157 2171 enim,
1185 2094 1378 2172 inquit,
1396 2104 1530 2159 adeo
1555 2104 1664 2160 Deo‘
1679 2119 1920 2169 exosam,

349 2196 404 2242 et
438 2202 700 2259 perquam
758 2190 1138 2260 inhumanam,
1174 2184 1418 2263 impiam,
1455 2204 1715 2265 metuque
1748 2196 1922 2266 legum

351 2280 588 2334 solutam
616 2282 781 2336 vitam
814 2288 1132 2353 exegerunt,
1160 2286 1574 2356 cogitaruntque
1600 2296 1653 2343 et
1679 2287 1926 2345 fecerunt

352 2387 470 2441 qua:
510 2373 590 2427 fas
627 2387 731 2427 non
770 2385 874 2441 est,
908 2376 1076 2431 Deum
1122 2377 1356 2435 ludibrio
1402 2378 1685 2436 habentes.
1718 2379 1925 2437 Idcirco

351 2469 407 2516 et
448 2461 745 2532 iustissime
775 2464 1090 2522 inexilium
1129 2468 1377 2534 abibunt,
1423 2468 1640 2540 lugente
1665 2471 1927 2539 quodam-

353 2552 511 2606 modo
542 2562 707 2621 terra,
739 2568 858 2625 quae
896 2557 1137 2613 vastitati
1171 2557 1407 2627 dabitur,
1437 2570 1491 2614 et
1534 2561 1777 2616 habitum
1816 2577 1929 2617 mu-

356 2644 508 2707 tabit,
539 2652 595 2699 et
621 2644 817 2701 faciem
854 2647 1107 2718 praeferet
1152 2649 1505 2717 inamaenam,
1542 2652 1766 2707 urbibus
1790 2665 1927 2709 exu-

353 2736 474 2803 stis,
506 2738 754 2794 domibus
804 2741 1033 2807 eversis,
1070 2742 1345 2813 segetibus
1390 2757 1455 2797 ac
1504 2742 1767 2812 stirpibus
1805 2758 1928 2798 suc-

352 2827 503 2883 cisis.
535 2828 740 2884 Similis
790 2838 982 2885 sensus
1026 2832 1131 2886 erit
1166 2833 1526 2888 habitantium
1561 2842 1783 2898 terram,
1821 2846 1926 2889 una

356 2918 768 2973 lamentantium
795 2927 849 2974 et
870 2920 1188 2990 ejulantium
1216 2939 1231 2977 :
1256 2937 1381 2977 nam
1421 2934 1475 2978 et
1509 2923 1610 2993 ipsi
1646 2924 1924 2993 Iugebunt,

358 3013 459 3067 hoc
480 3022 581 3077 est,
604 3012 672 3066 ab
694 3013 841 3067 omni
873 3013 1052 3068 laetitia
1083 3022 1138 3068 et
1169 3013 1422 3070 felicitate
1451 3015 1639 3084 procul
1670 3018 1923 3071 aberunt.

356 3103 456 3170 Qui
498 3112 662 3173 porro
710 3113 837 3159 sunt
880 3105 1218 3161 habitatores
1253 3106 1381 3161 isti?
1413 3105 1563 3173 ferae,
1597 3117 1651 3162 et
1695 3107 1928 3178 reptilia,

356 3202 412 3247 ct
441 3194 658 3263 insuper
677 3193 943 3250 volatilia.
974 3194 1082 3251 Sed
1108 3210 1446 3267 nequaquam
1476 3198 1932 3263 existimabimus,

358 3285 404 3339 si
444 3294 591 3340 recte
619 3284 990 3356 intelligimus,
1033 3286 1097 3341 de
1143 3288 1447 3357 agrestibus
1477 3287 1686 3355 bestiis,
1720 3297 1815 3341 aut
1844 3302 1935 3341 rc-

359 3375 605 3445 ptilibus,
637 3387 732 3432 aut
782 3378 1088 3433 volucribus
1144 3380 1465 3449 prophetam
1509 3379 1664 3434 nobis
1710 3378 1932 3434 concios-

359 3472 477 3525 nari
512 3488 527 3526 :
564 3479 710 3526 esset
735 3471 878 3525 enim
915 3470 1018 3526 hoc
1045 3472 1272 3527 stultum
1306 3470 1465 3540 plane
1514 3481 1569 3527 et
1609 3471 1932 3542 insipientiai

359 3560 599 3629 plenum.
647 3560 993 3615 Arbitramur
1038 3561 1181 3615 enim
1230 3563 1432 3631 potius,
1474 3573 1678 3617 rectum
1715 3572 1768 3618 et
1812 3577 1935 3633 ger-

362 3661 578 3699 manum
606 3660 823 3700 sensum
872 3647 1124 3716 amplexi,
1154 3646 1459 3705 Judzeorum
1489 3665 1666 3706 mores
1712 3651 1796 3704 his
1822 3651 1931 3720 jam

362 3739 523 3795 dictis
562 3738 818 3809 exprimi.
857 3738 936 3794 Ac
987 3754 1085 3808 per
1128 3739 1324 3795 bestias
1372 3742 1588 3810 quidem
1625 3743 1935 3811 potentissi-

363 3843 500 3893 mos,
538 3839 594 3884 et
623 3829 713 3903 qui
755 3829 890 3884 alios
920 3838 1126 3885 terrere
1173 3841 1423 3900 possunt,
1456 3842 1699 3900 agrestes
1745 3842 1801 3889 et
1832 3849 1931 3903 op-

360 3932 660 3988 pressores,
695 3930 752 3975 et
799 3922 1072 3977 trucidare
1104 3922 1313 3990 solitos,
1343 3935 1395 3977 et
1430 3924 1673 3979 moribus
1706 3940 1933 3996 magno-

363 4027 488 4081 pere
522 4013 688 4078 feros,
715 4024 767 4068 et
817 4015 1055 4070 immites
1086 4016 1374 4086 signiﬁcat.
1420 4016 1524 4070 Per
1560 4017 1769 4087 reptilia
1805 4032 1933 4072 vero

358 4103 466 4175 67
496 4106 547 4157 in
582 4120 789 4158 morum
820 4105 1113 4159 acerbitate
1141 4105 1622 4162 exercitatissimos
1649 4117 1705 4161 et
1732 4107 1934 4176 impro-

362 4199 529 4251 bitate
576 4196 684 4264 jam
717 4208 1143 4253 consummatos.
1194 4197 1284 4253 Sic
1324 4201 1468 4253 enim
1518 4207 1572 4252 et
1602 4198 1796 4253 alicubi
1847 4213 1932 4251 sa-

362 4290 513 4355 piens
564 4289 800 4343 Joannes
848 4291 1303 4359 improbissimam
1338 4290 1734 4345 l’harismornm
1779 4288 1933 4345 Scri-

2022 1841 2121 1895 καὶ
2174 1838 2296 1892 σὺν
2349 1835 2477 1902 τοῖς
2522 1833 2812 1897 πετεινοῖς
2866 1831 2973 1886 τοῦ
3029 1826 3310 1898 οὐρανοῦ.
3365 1825 3473 1879 Καὶ
3540 1826 3599 1879 οι

2026 1929 2228 1999 ἰχθύες
2248 1925 2359 1993 τῆς
2396 1923 2716 1990 θαλάσσης
2747 1922 3164 1990 ἐκλείψουσιν,
3191 1919 3351 1983 ὅπως
3385 1915 3596 1985 μηδεὶς

2019 2020 2171 2089 μήτε
2197 2014 2516 2085 δικάζηται,
2539 2013 2691 2084 μήτε
2720 2013 2939 2083 ἐλέγχῃ
2959 2011 3191 2082 μηδείς.

2094 2112 2235 2178 Aq'.
2294 2107 2512 2179 Ἐπειδὴ
2547 2107 2655 2176 γὰρ
2685 2106 2776 2159 τὸν
2801 2105 2963 2170 οὑτω,
2997 2105 3150 2175 φησι,
3204 2102 3465 2172 θεοστυγῆ
3506 2100 3600 2155 καὶ

2026 2202 2378 2272 παγχάλεπον
2398 2200 2679 2270 διεξήκασι
2704 2198 2837 2270 βίον,
2856 2197 2945 2251 τὸν
2971 2194 3205 2264 δυσσεϐῆ
3250 2195 3344 2247 καὶ
3364 2193 3597 2265 έξήνιον,

2026 2292 2402 2364 πεφρονήκασί
2427 2308 2487 2344 τε
2518 2290 2611 2344 καὶ
2657 2289 2981 2360 δεδράκασιν
3023 2286 3059 2340 ἃ
3103 2285 3177 2356 μὴ
3206 2284 3361 2357 θέμις
3381 2324 3395 2349 ,
3422 2284 3601 2354 ἐμπαο

2031 2384 2331 2455 ροινοῦντες
2360 2382 2480 2452 Θεῷ
2500 2397 2513 2411 ⁸
2536 2379 2710 2454 ταύτῃ
2724 2398 2827 2444 τοι,
2854 2370 2955 2433 καὶ
2982 2378 3126 2450 μάλα
3159 2375 3405 2441 δικαίως,
3445 2374 3603 2445 οἰχή-

2029 2489 2210 2526 σονται
2235 2470 2369 2544 πρὸς
2396 2470 2692 2535 ἀπώλειαν,
2713 2467 3014 2538 πενθούσης
3045 2466 3142 2536 μὲν
3170 2464 3335 2519 οἱονεὶ
3356 2464 3453 2533 τῆς
3473 2463 3597 2532 γῆς·

2029 2563 2506 2634 καταδῃωθήσεται
2535 2562 2646 2631 γὰρ
2664 2560 2823 2631 αῦτη,
2844 2558 2940 2612 καὶ
2972 2557 3296 2628 μεταμείψει
3314 2555 3374 2609 τὸ
3392 2554 3599 2625 σχῆμα,

2032 2656 2129 2710 καὶ
2153 2654 2369 2726 ἀτερπῆ
2397 2653 2617 2724 φορέσει
2645 2652 2745 2723 τὴν
2768 2650 2912 2720 ὅφιν,
2946 2649 3155 2702 πόλεων
3192 2647 3292 2717 μὲν
3312 2647 3603 2716 ἐμπεπρη-

2034 2748 2271 2819 σμένων,
2294 2746 2457 2799 οῐκων
2490 2743 2548 2798 δὲ
2584 2738 3121 2811 κατασεσεισμένων,
3154 2738 3253 2790 καὶ
3283 2734 3470 2807 ἀγρῶν
3508 2733 3603 2787 ὲκ·-

2028 2838 2406 2909 κεκομμένων.
2425 2832 2899 2889 Συνδιακείσονται
2927 2833 3002 2902 τῇ,
3025 2832 3093 2901 γῇ
3124 2828 3220 2883 καὶ
3253 2830 3302 2882 oi
3337 2827 3603 2888 κὰτοικοι,

2034 2926 2519 3000 συνολοφυρόμενοί
2562 2942 2623 2979 τε
2654 2925 2749 2979 καὶ
2780 2921 3221 2993 συνοιμώζοντες.
3265 2917 3604 2988 Πενθήσουσι

1957 3053 2002 3115 C
2034 3020 2143 3091 γάρ
2195 3020 2290 3073 καὶ
2339 3017 2531 3081 αὐτοὶ,
2578 3015 2890 3078 τουτέστιν,
2947 3012 3164 3079 ἀπάσης
3199 3009 3461 3115 εὑθμμίρις
3510 3007 3606 3060 καὶ

2035 3111 2332 3183 εὑημερίας
2360 3108 2615 3164 ἀποτάτω
2638 3107 2977 3177 γενήσονται.
2996 3104 3153 3166 Τίνες
3181 3102 3238 3156 δὲ
3260 3102 3310 3155 oi
3339 3101 3603 3172 κάτοικοις

2036 3203 2198 3274 θῆρές
2228 3220 2286 3256 τε
2326 3202 2423 3255 καὶ
2448 3198 2675 3272 ἑρπετὰ,
2695 3198 2789 3252 καὶ⁵
2818 3197 2954 3270 πρός
2981 3213 3045 3264 γε
3074 3195 3285 3258 τούτοις
3311 3193 3380 3247 τά
3402 3192 3604 3246 διιπτά-

2038 3310 2196 3365 μενα.
2229 3293 2341 3346 Καὶ
2366 3292 2425 3345 οὑ
2453 3291 2623 3361 δήπου
2645 3287 2961 3361 νομιοῦμεν,
2981 3288 3096 3356 εἴγε
3127 3286 3380 3356 συνίεμεν
3405 3285 3603 3356 ὀρθῶς,

2035 3386 2116 3440 ὅτι
2149 3383 2330 3455 θηρῶν
2356 3382 2587 3454 ἀγρίων,
2612 3382 2778 3452 ἠγουν
2808 3380 3074 3453 ἑρπετῶν,
3102 3379 3136 3450 ἢ
3164 3376 3382 3448 πτηνῶν
3409 3377 3438 3429 ὁ
3470 3392 3601 3446 προσ

2036 3476 2263 3545 φητικὸς
2292 3476 2423 3546 ἡμῖν
2456 3474 2842 3544 κατακέκραγε
2873 3472 3052 3540 λόγος.
3082 3469 3291 3540 Εὑηθες
3326 3466 3436 3538 γὰρ
3471 3484 3606 3532 παν-

2034 3566 2224 3629 τελῶς,
2252 3568 2343 3619 καὶ
2369 3565 2658 3628 ἀσυνεσίας
2679 3563 2915 3635 ἔμπλεον
2938 3562 2998 3615 τὸ
3027 3562 3152 3632 τῇδε
3174 3562 3333 3615 νοεῖν.
3366 3556 3614 3629 Οίόμεθτι.⁸

2034 3659 2143 3730 γὰρ
2179 3658 2379 3729 μᾶλλον
2401 3698 2414 3722 ,
2448 3656 2582 3727 ὀρθὰ
2631 3656 2848 3725 φρονεῖν
2892 3652 3217 3721 ἐγνωκότες,
3258 3653 3371 3714 τοῖς
3403 3650 3606 3720 ἀρτίως

2036 3753 2169 3820 ἡμῖν
2225 3748 2537 3821 εἰρημένοις
2590 3748 2714 3810 τοὺς
2757 3746 2863 3799 τῶν
2915 3744 3183 3798 Ἰουδαίων
3232 3740 3606 3814 ἐξομοιοῦσθαι

2034 3841 2287 3909 τρόπους.
2334 3838 2440 3891 Καὶ
2494 3835 2581 3889 διὰ
2627 3836 2727 3905 μὲν
2765 3834 2875 3887 τῶν
2906 3834 3111 3905 θηρίων
3144 3834 3270 3897 τοὺς
3297 3830 3606 3885 δυνατωτά-

2034 3948 2178 3995 τους,
2208 3932 2301 3983 καὶ
2335 3927 2685 3998 ἐκδειματοῦν
2718 3926 2936 3998 ἑτέρους
2984 3925 3181 3989 ἱκανῶς
3211 3925 3454 3995 ἔχοντας,
3480 3921 3607 3985 τοὺς

2036 4021 2261 4092 ἀγρίους
2286 4020 2379 4073 καὶ
2410 4018 2848 4082 ἐπελευστικοὺς,
2877 4016 2972 4069 καὶ
2998 4016 3304 4086 μιαιφονεῖν
3324 4013 3606 4073 εἰωθότας,

2035 4115 2131 4167 καὶ
2171 4112 2302 4166 πολὺ
2341 4113 2462 4165 λίαν
2491 4112 2715 4182 ἔχοντας
2751 4110 2812 4163 τὸ
2845 4109 3119 4179 ἀνήμερον
3149 4106 3518 4175 ὑπεμφὴνειεν
3540 4102 3607 4155 ἂν

2035 4207 2064 4259 ό
2088 4205 2263 4273 λόγος.
2301 4205 2398 4258 Διά
2429 4204 2486 4256 δέ
2515 4220 2578 4271 γε
2602 4204 2711 4256 τῶν
2741 4202 2987 4273 ἑρπετῶν
3009 4201 3134 4261 τοὺς
3167 4197 3351 4267 ἄκρως
3375 4195 3607 4265 ἐξησκη-

2040 4296 2231 4366 μένους
2259 4295 2319 4347 τὸ
2358 4294 2553 4365 πικρὸν
2582 4296 2662 4355 εἰς
2684 4294 2936 4363 τρόπους,
2966 4292 3059 4344 καὶ
3084 4290 3161 4352 είς
3190 4288 3339 4359 λῆξιν
3357 4286 3457 4356 τῆς
3479 4284 3607 4355 ὅλης

364 4382 661 4448 harumque
700 4381 1098 4435 multitmlinem
1132 4381 1500 4449 reprehendit,
1532 4380 1856 4446 acclamans,
1878 4388 1924 4434 el

2037 4387 2136 4459 ἤδη
2169 4388 2400 4457 ἥκοντας
2442 4387 2726 4457 πονηρίας.
2767 4384 2922 4439 Οὑτω
2954 4384 3062 4454 γάρ
3100 4399 3202 4435 που
3231 4380 3324 4434 καὶ
3370 4381 3399 4432 ό
3445 4376 3607 4447 σοφὸς

363 4484 645 4543 serpentes
690 4489 753 4527 ac
789 4475 1097 4542 progeniem
1133 4474 1438 4540 viperarum
1477 4474 1761 4527 nominans
1786 4473 1930 4530 87-“.

360 4564 464 4619 Per
520 4565 759 4619 volatilia
810 4564 1113 4619 rectissime
1165 4563 1472 4633 intelliges,
1534 4565 1622 4633 qui
1686 4575 1934 4635 prompte

360 4659 428 4713 ad
483 4658 839 4713 defectionem
892 4671 920 4708 a
964 4655 1071 4710 Deo
1116 4657 1421 4726 eriguntur,
1474 4656 1588 4711 sive
1640 4658 1733 4727 qui
1783 4672 1934 4711 exse-

361 4752 558 4805 cranda
595 4750 845 4819 superbia
895 4748 1168 4813 laborant,
1196 4758 1252 4803 et
1294 4762 1505 4803 sumunt
1550 4747 1704 4813 ferri,
1734 4759 1788 4801 et
1825 4748 1932 4803 alta

359 4858 552 4912 sapere
597 4850 1014 4896 consueverunt.
1049 4839 1273 4895 Videtur
1309 4850 1486 4894 autem
1533 4851 1586 4895 et
1630 4841 1806 4909 pisces
1841 4856 1931 4895 vo-

359 4951 485 4989 care
514 4936 759 4988 sordidos
784 4943 836 4987 ct
866 4935 1159 5005 gregarios,
1189 4935 1309 4988 vitae
1342 4933 1801 4989 sollicitudinibus
1826 4933 1929 4987 im-

361 5041 602 5094 mersos,
642 5036 698 5080 et
748 5038 978 5080 mentem
1028 5027 1094 5081 iis
1139 5027 1295 5093 quasi
1344 5026 1571 5080 oll'usam
1628 5025 1930 5089 habentes,

361 5129 539 5173 mutos
569 5128 620 5172 et
659 5119 884 5172 rationis
920 5119 1157 5172 maxime
1208 5128 1498 5186 expertes:
1543 5125 1625 5172 est
1670 5118 1814 5171 enim
1846 5117 1932 5185 pi-

362 5213 468 5267 scis
504 5226 591 5265 res
641 5227 668 5263 a
716 5225 849 5264 voce
884 5210 1268 5263 remotissima.
1304 5208 1369 5260 Et
1417 5209 1711 5261 secundum
1765 5206 1927 5259 alium

361 5316 604 5367 sensum,
634 5314 726 5353 eos
750 5300 838 5368 qui
872 5299 1249 5352 imbecilliores
1277 5298 1422 5350 velut
1443 5297 1745 5364 deglutiunt
1775 5313 1790 5349 :
1819 5312 1929 5350 mu-

364 5406 450 5447 tua
491 5395 635 5448 enim
663 5392 1013 5446 devoratione
1048 5392 1222 5458 pisces
1269 5390 1533 5457 imprimis
1559 5393 1811 5459 gaudent.
1845 5388 1930 5441 In-

362 5488 480 5555 quit
512 5500 677 5556 ergo:
709 5504 727 5535 ‹
760 5483 987 5554 Lugebit
1020 5492 1159 5535 terra
1189 5495 1288 5533 una
1322 5496 1443 5534 cum
1486 5480 1876 5536 habitantibus.
1904 5498 1923 5532 ι

2048 4481 2300 4550 Ἰωάννης
2355 4480 2454 4549 τὴν
2516 4478 2926 4548 μοχθηροτάτην
2982 4476 3090 4528 τῶν
3144 4472 3451 4545 Φαρισαίων
3516 4470 3609 4525 καὶ

2034 4570 2410 4642 Γραμματέων
2442 4569 2637 4639 ἤλεγχε
2673 4568 2901 4638 πληθὺν,
2928 4566 3163 4620 ἐπιϐοῶν
3186 4580 3244 4617 τε
3278 4564 3372 4617 καὶ
3400 4562 3572 4631 λέγων
3590 4578 3605 4593 ο

2042 4682 2060 4713 ι
2077 4665 2283 4730 Ὄφεις,
2304 4663 2616 4731 γεννήματα
2639 4660 2880 4729 ἐχιδνῶν.
2894 4678 2912 4711 ι
2937 4658 3037 4712 Διὰ
3057 4658 3113 4712 δέ
3133 4675 3195 4727 γε
3217 4657 3325 4710 τῶν
3346 4654 3609 4708 πετεινῶν

2034 4750 2093 4809 εὖ
2138 4754 2283 4825 μάλα
2332 4756 2581 4822 συνήσεις
2623 4755 2749 4816 τοὺς
2790 4753 3021 4823 ἑτοίμως
3047 4749 3484 4819 ἀνεπτοημένους
3529 4747 3609 4811 είς

2038 4849 2337 4903 ἀπόστασιν
2382 4847 2482 4917 τὴν
2528 4847 2635 4899 ἀπὸ
2679 4846 2835 4909 Θεοῦ,
2891 4844 2990 4898 εἴτ’
3044 4839 3136 4897 οὖν
3188 4842 3286 4913 τὴν
3338 4841 3609 4911 ἐπάρατον

2039 4939 2326 5002 νοσοῦντας
2380 4937 2713 5009 ὑπεροψίαν,
2764 4939 2859 4992 καὶ
2899 4938 3009 4992 ἅνω
3054 4952 3157 4988 που
3200 4931 3460 5003 φέρεσθαι
3518 4930 3611 4983 καὶ

2039 5030 2218 5099 ὑψηλά
2242 5031 2454 5101 φρονεῖν
2492 5029 2767 5091 εἰωθότας.
2798 5026 2983 5081 "Eous
3024 5025 3080 5077 δὲ
3128 5024 3222 5076 καὶ
3252 5022 3440 5091 ἰχθύας
3474 5022 3611 5073 ἀπο-

2040 5122 2226 5176 καλεῖν
2268 5123 2391 5185 τοὺς
2442 5120 2821 5193 συρφετώδεις,
2868 5118 2962 5170 καὶ
2990 5115 3294 5184 ἀγελαίους,
3325 5113 3452 5174 τοὺς
3489 5112 3609 5172 ταῖς

2040 5210 2134 5263 τοῦ
2178 5210 2290 5280 βίου
2326 5210 2574 5279 φροντίσι
2606 5204 3088 5277 βεϐαπτισμένους,
3132 5204 3226 5255 καὶ
3282 5199 3610 5270 ὑποϐρύχιον

2035 5300 2223 5371 ῶσπερ
2252 5302 2470 5370 ἔχοντας
2490 5299 2635 5365 νοῦν,
2670 5300 2794 5361 τοὺς
2818 5295 3064 5366 ἀφώνους
3090 5295 3184 5347 καὶ
3211 5293 3606 5361 ἀλογωτάτους.

2048 5394 2418 5462 Ἀφωνότατον
2452 5393 2560 5461 γὰρ
2589 5390 2696 5443 τῶν
2734 5390 2930 5460 ἰχθύων
2978 5389 3041 5441 τὸ
3080 5387 3287 5458 χρῆμα.
3336 5386 3445 5439 Καὶ
3486 5382 3606 5437 καθ’

2036 5485 2122 5538 ἓτε
2129 5503 2219 5557 ρον
2236 5486 2292 5537 δὲ
2308 5484 2528 5555 τρόπον,
2546 5483 2671 5547 τοὺς
2687 5478 2797 5537 οἷον
2821 5481 3217 5544 καταπίνοντας
3245 5479 3369 5543 τοὺς
3385 5476 3611 5533 ἀσθενε-

440 5645 483 5674 θθ
510 5663 627 5718 Act.
656 5677 749 5723 vn,
781 5660 863 5713 52.
944 5660 987 5689 εδ
1022 5658 1208 5712 Matth.
1243 5674 1392 5717 χχιιι,
1424 5659 1509 5713 5‘2.
1591 5657 1708 5699 “7-”
1744 5659 1869 5719 Luc.
1906 5678 1919 5715 ι

2030 5664 2081 5725 i;
2118 5661 2303 5715 Matth,
2341 5677 2493 5721 χχιιι,
2526 5661 2609 5717 53.
