  <div class='ocr_page' id='page_1' title='image "/cluster/home/n/w/nwhite01/storage/ocr_20150623/71/hvd.32044073502007/064.png"; bbox 0 0 4002 6220; ppageno 0'>
   <div class='ocr_carea' id='block_1_1' title="bbox 318 265 418 344">
    <p class='ocr_par' dir='ltr' id='par_1_1' title="bbox 318 265 418 344">
     <span class='ocr_line' id='line_1_1' title="bbox 318 265 418 344; baseline -0.02 -24"><span class='ocrx_word' id='word_1_1' title='bbox 318 265 418 344; x_wconf 64' lang='lat' dir='ltr'><strong>in</strong></span> 
     </span>
    </p>
   </div>
   <div class='ocr_carea' id='block_1_2' title="bbox 1225 259 2645 337">
    <p class='ocr_par' dir='ltr' id='par_1_2' title="bbox 1225 259 2645 337">
     <span class='ocr_line' id='line_1_2' title="bbox 1225 259 2645 337; baseline -0.007 -10"><span class='ocrx_word' id='word_1_2' title='bbox 1225 269 1790 337; x_wconf 74' lang='lat' dir='ltr'><strong>_COMMENTAR|US</strong></span> <span class='ocrx_word' id='word_1_3' title='bbox 1830 265 1892 322; x_wconf 80' lang='grc' dir='ltr'><strong>ΙΝ</strong></span> <span class='ocrx_word' id='word_1_4' title='bbox 1932 261 2162 319; x_wconf 76' lang='lat' dir='ltr'><strong>OSEAM</strong></span> <span class='ocrx_word' id='word_1_5' title='bbox 2208 259 2645 318; x_wconf 61' lang='lat' dir='ltr'><strong>l’liOPllETAM.</strong></span> 
     </span>
    </p>
   </div>
   <div class='ocr_carea' id='block_1_3' title="bbox 3455 268 3558 326">
    <p class='ocr_par' dir='ltr' id='par_1_3' title="bbox 3455 268 3558 326">
     <span class='ocr_line' id='line_1_3' title="bbox 3455 268 3558 326; baseline 0.019 -2"><span class='ocrx_word' id='word_1_6' title='bbox 3455 268 3558 326; x_wconf 76' lang='lat' dir='ltr'><strong>HS</strong></span> 
     </span>
    </p>
   </div>
   <div class='ocr_carea' id='block_1_4' title="bbox 313 374 1892 459">
    <p class='ocr_par' dir='ltr' id='par_1_4' title="bbox 313 377 1890 459">
     <span class='ocr_line' id='line_1_4' title="bbox 313 377 1890 459; baseline 0.004 -27"><span class='ocrx_word' id='word_1_7' title='bbox 313 377 562 448; x_wconf 82' lang='grc' dir='ltr'>στέρους·</span> <span class='ocrx_word' id='word_1_8' title='bbox 589 379 963 451; x_wconf 78' lang='grc' dir='ltr'>ἀλληλοφαγία</span> <span class='ocrx_word' id='word_1_9' title='bbox 979 385 1087 456; x_wconf 80' lang='grc' dir='ltr'><strong>γὰρ</strong></span> <span class='ocrx_word' id='word_1_10' title='bbox 1126 387 1360 455; x_wconf 83' lang='grc' dir='ltr'>μάλιστα</span> <span class='ocrx_word' id='word_1_11' title='bbox 1387 388 1538 459; x_wconf 82' lang='grc' dir='ltr'><strong>παρὰ</strong></span> <span class='ocrx_word' id='word_1_12' title='bbox 1564 391 1672 451; x_wconf 83' lang='grc' dir='ltr'>τοῖς</span> <span class='ocrx_word' id='word_1_13' title='bbox 1715 386 1890 458; x_wconf 77' lang='grc' dir='ltr'>ἰχθῦσι</span> 
     </span>
    </p>
   </div>
   <div class='ocr_carea' id='block_1_5' title="bbox 1995 374 3553 459">
    <p class='ocr_par' dir='ltr' id='par_1_5' title="bbox 1995 374 3553 448">
     <span class='ocr_line' id='line_1_5' title="bbox 1995 374 3553 448; baseline 0.001 -14"><span class='ocrx_word' id='word_1_14' title='bbox 1995 379 2055 434; x_wconf 86' lang='grc' dir='ltr'>Ει</span> <span class='ocrx_word' id='word_1_15' title='bbox 2085 394 2202 448; x_wconf 71' lang='lat' dir='ltr'><strong>qua:</strong></span> <span class='ocrx_word' id='word_1_16' title='bbox 2237 377 2393 447; x_wconf 78' lang='lat' dir='ltr'><strong>hujus</strong></span> <span class='ocrx_word' id='word_1_17' title='bbox 2424 379 2498 432; x_wconf 88' lang='lat' dir='ltr'><strong>rei</strong></span> <span class='ocrx_word' id='word_1_18' title='bbox 2531 377 2734 432; x_wconf 85' lang='lat' dir='ltr'><strong>causa?</strong></span> <span class='ocrx_word' id='word_1_19' title='bbox 2771 395 2788 428; x_wconf 81' lang='grc' dir='ltr'><strong>ι</strong></span> <span class='ocrx_word' id='word_1_20' title='bbox 2831 374 2898 432; x_wconf 90' lang='lat' dir='ltr'><strong>Ut</strong></span> <span class='ocrx_word' id='word_1_21' title='bbox 2929 378 3109 434; x_wconf 87' lang='lat' dir='ltr'><strong>nullus</strong></span> <span class='ocrx_word' id='word_1_22' title='bbox 3137 392 3306 447; x_wconf 87' lang='lat' dir='ltr'><strong>neque</strong></span> <span class='ocrx_word' id='word_1_23' title='bbox 3328 380 3553 448; x_wconf 77' lang='lat' dir='ltr'><strong>Judicet,</strong></span> 
     </span>
    </p>
   </div>
   <div class='ocr_carea' id='block_1_6' title="bbox 310 470 1889 550">
    <p class='ocr_par' dir='ltr' id='par_1_6' title="bbox 310 470 1889 550">
     <span class='ocr_line' id='line_1_6' title="bbox 310 470 1889 550; baseline 0.011 -28"><span class='ocrx_word' id='word_1_24' title='bbox 310 470 632 540; x_wconf 84' lang='grc' dir='ltr'>τετίμηται.</span> <span class='ocrx_word' id='word_1_25' title='bbox 690 492 708 524; x_wconf 79' lang='grc' dir='ltr'><strong>ι</strong></span> <span class='ocrx_word' id='word_1_26' title='bbox 752 474 1019 547; x_wconf 80' lang='grc' dir='ltr'>Πενοήσει</span> <span class='ocrx_word' id='word_1_27' title='bbox 1071 475 1270 542; x_wconf 89' lang='grc' dir='ltr'>τοίνυν,</span> <span class='ocrx_word' id='word_1_28' title='bbox 1323 481 1524 550; x_wconf 76' lang='grc' dir='ltr'>φησὶν,</span> <span class='ocrx_word' id='word_1_29' title='bbox 1573 479 1607 548; x_wconf 81' lang='grc' dir='ltr'>ὴ</span> <span class='ocrx_word' id='word_1_30' title='bbox 1660 477 1732 547; x_wconf 80' lang='grc' dir='ltr'>γῆ</span> <span class='ocrx_word' id='word_1_31' title='bbox 1779 479 1889 540; x_wconf 84' lang='grc' dir='ltr'>τοῖς</span> 
     </span>
    </p>
   </div>
   <div class='ocr_carea' id='block_1_7' title="bbox 309 559 1886 638">
    <p class='ocr_par' dir='ltr' id='par_1_7' title="bbox 309 559 1886 638">
     <span class='ocr_line' id='line_1_7' title="bbox 309 559 1886 638; baseline 0.011 -24"><span class='ocrx_word' id='word_1_32' title='bbox 309 559 664 615; x_wconf 77' lang='grc' dir='ltr'>κατοικοῦσιν</span> <span class='ocrx_word' id='word_1_33' title='bbox 715 562 872 632; x_wconf 86' lang='grc' dir='ltr'>ὁμοῦ.</span> <span class='ocrx_word' id='word_1_34' title='bbox 926 584 944 617; x_wconf 78' lang='grc' dir='ltr'><strong>ι</strong></span> <span class='ocrx_word' id='word_1_35' title='bbox 996 566 1107 618; x_wconf 77' lang='grc' dir='ltr'><strong>Καὶ</strong></span> <span class='ocrx_word' id='word_1_36' title='bbox 1155 566 1238 630; x_wconf 90' lang='grc' dir='ltr'><strong>τίς</strong></span> <span class='ocrx_word' id='word_1_37' title='bbox 1293 568 1326 638; x_wconf 80' lang='grc' dir='ltr'><strong>ἡ</strong></span> <span class='ocrx_word' id='word_1_38' title='bbox 1373 565 1528 620; x_wconf 84' lang='grc' dir='ltr'>τοῦδε</span> <span class='ocrx_word' id='word_1_39' title='bbox 1582 566 1886 637; x_wconf 69' lang='grc' dir='ltr'>πρόφασιςῖ</span> 
     </span>
    </p>
   </div>
   <div class='ocr_carea' id='block_1_8' title="bbox 316 652 1888 729">
    <p class='ocr_par' dir='ltr' id='par_1_8' title="bbox 316 652 1888 729">
     <span class='ocr_line' id='line_1_8' title="bbox 316 652 1888 729; baseline 0.007 -27"><span class='ocrx_word' id='word_1_40' title='bbox 316 671 333 701; x_wconf 75' lang='grc' dir='ltr'><strong>ι</strong></span> <span class='ocrx_word' id='word_1_41' title='bbox 367 652 560 714; x_wconf 84' lang='grc' dir='ltr'><strong>Ὅπως</strong></span> <span class='ocrx_word' id='word_1_42' title='bbox 594 652 783 722; x_wconf 71' lang='grc' dir='ltr'>μηδεὶς</span> <span class='ocrx_word' id='word_1_43' title='bbox 821 654 960 725; x_wconf 82' lang='grc' dir='ltr'>μήτε</span> <span class='ocrx_word' id='word_1_44' title='bbox 992 655 1300 726; x_wconf 80' lang='grc' dir='ltr'>δικάζηται,</span> <span class='ocrx_word' id='word_1_45' title='bbox 1352 657 1490 728; x_wconf 87' lang='grc' dir='ltr'>μήτε</span> <span class='ocrx_word' id='word_1_46' title='bbox 1535 656 1733 729; x_wconf 77' lang='grc' dir='ltr'><strong>ἐλέγχῃ</strong></span> <span class='ocrx_word' id='word_1_47' title='bbox 1782 673 1888 726; x_wconf 79' lang='grc' dir='ltr'>μη-</span> 
     </span>
    </p>
   </div>
   <div class='ocr_carea' id='block_1_9' title="bbox 310 740 1889 821">
    <p class='ocr_par' dir='ltr' id='par_1_9' title="bbox 310 740 1889 821">
     <span class='ocr_line' id='line_1_9' title="bbox 310 740 1889 821; baseline 0.005 -29"><span class='ocrx_word' id='word_1_48' title='bbox 310 740 442 804; x_wconf 85' lang='grc' dir='ltr'>δείς.</span> <span class='ocrx_word' id='word_1_49' title='bbox 485 761 504 793; x_wconf 72' lang='grc' dir='ltr'><strong>ι</strong></span> <span class='ocrx_word' id='word_1_50' title='bbox 555 743 774 816; x_wconf 78' lang='grc' dir='ltr'>Ἐπειδὴ</span> <span class='ocrx_word' id='word_1_51' title='bbox 803 748 909 818; x_wconf 75' lang='grc' dir='ltr'>γὰρ</span> <span class='ocrx_word' id='word_1_52' title='bbox 940 746 1086 817; x_wconf 80' lang='grc' dir='ltr'>ἀρὰ,</span> <span class='ocrx_word' id='word_1_53' title='bbox 1117 747 1212 801; x_wconf 75' lang='grc' dir='ltr'>καὶ</span> <span class='ocrx_word' id='word_1_54' title='bbox 1245 746 1460 819; x_wconf 73' lang='grc' dir='ltr'>ψεῦδος,</span> <span class='ocrx_word' id='word_1_55' title='bbox 1489 750 1660 821; x_wconf 83' lang='grc' dir='ltr'>κλοπή</span> <span class='ocrx_word' id='word_1_56' title='bbox 1702 765 1760 802; x_wconf 88' lang='grc' dir='ltr'><strong>τε</strong></span> <span class='ocrx_word' id='word_1_57' title='bbox 1796 749 1889 802; x_wconf 72' lang='grc' dir='ltr'>καὶ</span> 
     </span>
    </p>
   </div>
   <div class='ocr_carea' id='block_1_10' title="bbox 314 833 1888 911">
    <p class='ocr_par' dir='ltr' id='par_1_10' title="bbox 314 833 1888 911">
     <span class='ocr_line' id='line_1_10' title="bbox 314 833 1888 911; baseline 0.004 -27"><span class='ocrx_word' id='word_1_58' title='bbox 314 833 496 899; x_wconf 64' lang='grc' dir='ltr'>φόνος,</span> <span class='ocrx_word' id='word_1_59' title='bbox 532 835 626 886; x_wconf 66' lang='grc' dir='ltr'><strong>καὶ</strong></span> <span class='ocrx_word' id='word_1_60' title='bbox 649 836 866 906; x_wconf 79' lang='grc' dir='ltr'>μοιχεία</span> <span class='ocrx_word' id='word_1_61' title='bbox 900 837 1128 907; x_wconf 80' lang='grc' dir='ltr'><strong>κέχυται</strong></span> <span class='ocrx_word' id='word_1_62' title='bbox 1158 839 1251 892; x_wconf 76' lang='grc' dir='ltr'><strong>ἐπὶ</strong></span> <span class='ocrx_word' id='word_1_63' title='bbox 1283 839 1381 910; x_wconf 81' lang='grc' dir='ltr'><strong>τῆς</strong></span> <span class='ocrx_word' id='word_1_64' title='bbox 1414 840 1539 911; x_wconf 86' lang='grc' dir='ltr'>γῆς,</span> <span class='ocrx_word' id='word_1_65' title='bbox 1561 840 1654 893; x_wconf 76' lang='grc' dir='ltr'><strong>καὶ</strong></span> <span class='ocrx_word' id='word_1_66' title='bbox 1682 840 1888 911; x_wconf 81' lang='grc' dir='ltr'><strong>αἵματα</strong></span> 
     </span>
    </p>
   </div>
   <div class='ocr_carea' id='block_1_11' title="bbox 313 923 1889 1001">
    <p class='ocr_par' dir='ltr' id='par_1_11' title="bbox 313 923 1889 1001">
     <span class='ocr_line' id='line_1_11' title="bbox 313 923 1889 1001; baseline 0.007 -27"><span class='ocrx_word' id='word_1_67' title='bbox 313 925 402 992; x_wconf 71' lang='grc' dir='ltr'><strong>ἐφ’</strong></span> <span class='ocrx_word' id='word_1_68' title='bbox 431 923 630 993; x_wconf 77' lang='grc' dir='ltr'>αἵμασι</span> <span class='ocrx_word' id='word_1_69' title='bbox 657 926 912 996; x_wconf 88' lang='grc' dir='ltr'>μίσγουσι</span> <span class='ocrx_word' id='word_1_70' title='bbox 933 945 946 959; x_wconf 67' lang='grc' dir='ltr'>υ</span> <span class='ocrx_word' id='word_1_71' title='bbox 1001 929 1259 1000; x_wconf 81' lang='grc' dir='ltr'>ταύτῃτοι</span> <span class='ocrx_word' id='word_1_72' title='bbox 1283 930 1557 1001; x_wconf 81' lang='grc' dir='ltr'><strong>πενθήσει,</strong></span> <span class='ocrx_word' id='word_1_73' title='bbox 1594 931 1687 985; x_wconf 73' lang='grc' dir='ltr'>καὶ</span> <span class='ocrx_word' id='word_1_74' title='bbox 1719 931 1889 1001; x_wconf 79' lang='grc' dir='ltr'>ἀργή-</span> 
     </span>
    </p>
   </div>
   <div class='ocr_carea' id='block_1_12' title="bbox 314 1013 1883 1091">
    <p class='ocr_par' dir='ltr' id='par_1_12' title="bbox 314 1013 1883 1091">
     <span class='ocr_line' id='line_1_12' title="bbox 314 1013 1883 1091; baseline 0.004 -26"><span class='ocrx_word' id='word_1_75' title='bbox 314 1030 400 1066; x_wconf 90' lang='grc' dir='ltr'><strong>σει</strong></span> <span class='ocrx_word' id='word_1_76' title='bbox 455 1013 645 1069; x_wconf 79' lang='grc' dir='ltr'>λοιπὸν</span> <span class='ocrx_word' id='word_1_77' title='bbox 689 1016 912 1085; x_wconf 77' lang='grc' dir='ltr'>ψεῦδος,</span> <span class='ocrx_word' id='word_1_78' title='bbox 963 1019 1055 1072; x_wconf 76' lang='grc' dir='ltr'><strong>καὶ</strong></span> <span class='ocrx_word' id='word_1_79' title='bbox 1108 1020 1315 1090; x_wconf 84' lang='grc' dir='ltr'><strong>ἀπάτη,</strong></span> <span class='ocrx_word' id='word_1_80' title='bbox 1374 1021 1470 1074; x_wconf 77' lang='grc' dir='ltr'>καὶ</span> <span class='ocrx_word' id='word_1_81' title='bbox 1532 1020 1883 1091; x_wconf 80' lang='grc' dir='ltr'>συκοφαντία.</span> 
     </span>
    </p>
   </div>
   <div class='ocr_carea' id='block_1_13' title="bbox 324 1105 1886 1182">
    <p class='ocr_par' dir='ltr' id='par_1_13' title="bbox 324 1105 1886 1182">
     <span class='ocr_line' id='line_1_13' title="bbox 324 1105 1886 1182; baseline 0.004 -25"><span class='ocrx_word' id='word_1_82' title='bbox 324 1105 760 1176; x_wconf 76' lang='grc' dir='ltr'>Ἑποιμώζοντες</span> <span class='ocrx_word' id='word_1_83' title='bbox 806 1109 911 1181; x_wconf 60' lang='grc' dir='ltr'>γὰρ</span> <span class='ocrx_word' id='word_1_84' title='bbox 968 1112 1081 1174; x_wconf 67' lang='grc' dir='ltr'>τοῖς</span> <span class='ocrx_word' id='word_1_85' title='bbox 1115 1113 1244 1182; x_wconf 89' lang='grc' dir='ltr'>παρ’</span> <span class='ocrx_word' id='word_1_86' title='bbox 1274 1111 1463 1164; x_wconf 85' lang='grc' dir='ltr'>ἐλπίδα</span> <span class='ocrx_word' id='word_1_87' title='bbox 1495 1111 1886 1182; x_wconf 78' lang='grc' dir='ltr'>συμϐεϐηκόσι,</span> 
     </span>
    </p>
   </div>
   <div class='ocr_carea' id='block_1_14' title="bbox 312 1195 1891 1273">
    <p class='ocr_par' dir='ltr' id='par_1_14' title="bbox 312 1195 1891 1273">
     <span class='ocr_line' id='line_1_14' title="bbox 312 1195 1891 1273; baseline 0.004 -27"><span class='ocrx_word' id='word_1_88' title='bbox 312 1195 408 1247; x_wconf 75' lang='grc' dir='ltr'><strong>καὶ</strong></span> <span class='ocrx_word' id='word_1_89' title='bbox 438 1197 538 1266; x_wconf 80' lang='grc' dir='ltr'>τὴν</span> <span class='ocrx_word' id='word_1_90' title='bbox 564 1197 624 1249; x_wconf 83' lang='grc' dir='ltr'><strong>ἐν</strong></span> <span class='ocrx_word' id='word_1_91' title='bbox 655 1197 802 1268; x_wconf 77' lang='grc' dir='ltr'>χειρὶ</span> <span class='ocrx_word' id='word_1_92' title='bbox 828 1198 1102 1265; x_wconf 83' lang='grc' dir='ltr'>κλαίοντες</span> <span class='ocrx_word' id='word_1_93' title='bbox 1130 1202 1542 1273; x_wconf 71' lang='grc' dir='ltr'>συμφορὰν,καὶ</span> <span class='ocrx_word' id='word_1_94' title='bbox 1562 1203 1658 1271; x_wconf 81' lang='grc' dir='ltr'><strong>οὐχ</strong></span> <span class='ocrx_word' id='word_1_95' title='bbox 1677 1202 1891 1264; x_wconf 80' lang='grc' dir='ltr'>ἑκόντες</span> 
     </span>
    </p>
   </div>
   <div class='ocr_carea' id='block_1_15' title="bbox 310 1287 1888 1365">
    <p class='ocr_par' dir='ltr' id='par_1_15' title="bbox 310 1287 1888 1365">
     <span class='ocr_line' id='line_1_15' title="bbox 310 1287 1888 1365; baseline 0.005 -26"><span class='ocrx_word' id='word_1_96' title='bbox 310 1287 606 1353; x_wconf 55' lang='grc' dir='ltr'>ἀφέξονται</span> <span class='ocrx_word' id='word_1_97' title='bbox 635 1287 741 1341; x_wconf 82' lang='grc' dir='ltr'><strong>τῶν</strong></span> <span class='ocrx_word' id='word_1_98' title='bbox 770 1290 1023 1343; x_wconf 79' lang='grc' dir='ltr'>τοιούτων</span> <span class='ocrx_word' id='word_1_99' title='bbox 1048 1291 1555 1364; x_wconf 80' lang='grc' dir='ltr'>πλημμελημάτων.</span> <span class='ocrx_word' id='word_1_100' title='bbox 1585 1294 1658 1346; x_wconf 76' lang='grc' dir='ltr'><strong>Τὸ</strong></span> <span class='ocrx_word' id='word_1_101' title='bbox 1680 1295 1786 1365; x_wconf 81' lang='grc' dir='ltr'><strong>γάρ</strong></span> <span class='ocrx_word' id='word_1_102' title='bbox 1807 1311 1888 1347; x_wconf 88' lang='grc' dir='ltr'><strong>τοι</strong></span> 
     </span>
    </p>
   </div>
   <div class='ocr_carea' id='block_1_16' title="bbox 310 1377 1891 1458">
    <p class='ocr_par' dir='ltr' id='par_1_16' title="bbox 310 1377 1891 1458">
     <span class='ocr_line' id='line_1_16' title="bbox 310 1377 1891 1458; baseline 0.007 -30"><span class='ocrx_word' id='word_1_103' title='bbox 310 1377 651 1448; x_wconf 71' lang='grc' dir='ltr'>δικάζεσθαι,</span> <span class='ocrx_word' id='word_1_104' title='bbox 683 1381 778 1434; x_wconf 76' lang='grc' dir='ltr'>καὶ</span> <span class='ocrx_word' id='word_1_105' title='bbox 807 1381 1070 1451; x_wconf 79' lang='grc' dir='ltr'>ἐλέγχειν,</span> <span class='ocrx_word' id='word_1_106' title='bbox 1098 1384 1180 1455; x_wconf 77' lang='grc' dir='ltr'><strong>εἴη</strong></span> <span class='ocrx_word' id='word_1_107' title='bbox 1217 1385 1282 1438; x_wconf 80' lang='grc' dir='ltr'><strong>ἂν</strong></span> <span class='ocrx_word' id='word_1_108' title='bbox 1305 1385 1489 1458; x_wconf 76' lang='grc' dir='ltr'>ἕτερον</span> <span class='ocrx_word' id='word_1_109' title='bbox 1524 1385 1695 1452; x_wconf 82' lang='grc' dir='ltr'>οὐδὲν,</span> <span class='ocrx_word' id='word_1_110' title='bbox 1722 1386 1891 1439; x_wconf 80' lang='grc' dir='ltr'>καθά-</span> 
     </span>
    </p>
   </div>
   <div class='ocr_carea' id='block_1_17' title="bbox 310 1465 1889 1548">
    <p class='ocr_par' dir='ltr' id='par_1_17' title="bbox 310 1465 1889 1548">
     <span class='ocr_line' id='line_1_17' title="bbox 310 1465 1889 1548; baseline 0.006 -27"><span class='ocrx_word' id='word_1_111' title='bbox 310 1488 419 1541; x_wconf 81' lang='grc' dir='ltr'><strong>περ</strong></span> <span class='ocrx_word' id='word_1_112' title='bbox 444 1465 680 1541; x_wconf 79' lang='grc' dir='ltr'>ἐγῷμαι,</span> <span class='ocrx_word' id='word_1_113' title='bbox 711 1471 848 1544; x_wconf 81' lang='grc' dir='ltr'>πλὴν</span> <span class='ocrx_word' id='word_1_114' title='bbox 875 1475 954 1525; x_wconf 77' lang='grc' dir='ltr'>ὅτι</span> <span class='ocrx_word' id='word_1_115' title='bbox 983 1473 1042 1525; x_wconf 84' lang='grc' dir='ltr'>τὺ</span> <span class='ocrx_word' id='word_1_116' title='bbox 1071 1479 1415 1545; x_wconf 78' lang='grc' dir='ltr'>κατηγορεῖν,</span> <span class='ocrx_word' id='word_1_117' title='bbox 1452 1477 1546 1529; x_wconf 77' lang='grc' dir='ltr'><strong>καὶ</strong></span> <span class='ocrx_word' id='word_1_118' title='bbox 1576 1477 1889 1548; x_wconf 73' lang='grc' dir='ltr'>καταψηφί-</span> 
     </span>
    </p>
   </div>
   <div class='ocr_carea' id='block_1_18' title="bbox 308 1561 1893 1638">
    <p class='ocr_par' dir='ltr' id='par_1_18' title="bbox 308 1561 1893 1638">
     <span class='ocr_line' id='line_1_18' title="bbox 308 1561 1893 1638; baseline 0.006 -24"><span class='ocrx_word' id='word_1_119' title='bbox 308 1561 501 1625; x_wconf 80' lang='grc' dir='ltr'>ζεσθαί</span> <span class='ocrx_word' id='word_1_120' title='bbox 547 1581 729 1630; x_wconf 90' lang='grc' dir='ltr'>τινων,</span> <span class='ocrx_word' id='word_1_121' title='bbox 762 1565 880 1635; x_wconf 78' lang='grc' dir='ltr'>ἦτοι</span> <span class='ocrx_word' id='word_1_122' title='bbox 927 1564 1411 1638; x_wconf 69' lang='grc' dir='ltr'>ψευδομαρτυρεῖν.</span> <span class='ocrx_word' id='word_1_123' title='bbox 1459 1569 1631 1622; x_wconf 85' lang='grc' dir='ltr'>Τοῦτό</span> <span class='ocrx_word' id='word_1_124' title='bbox 1677 1587 1756 1622; x_wconf 88' lang='grc' dir='ltr'><strong>τοι</strong></span> <span class='ocrx_word' id='word_1_125' title='bbox 1797 1571 1893 1623; x_wconf 75' lang='grc' dir='ltr'>καὶ·</span> 
     </span>
    </p>
   </div>
   <div class='ocr_carea' id='block_1_19' title="bbox 308 1653 1890 1731">
    <p class='ocr_par' dir='ltr' id='par_1_19' title="bbox 308 1653 1890 1731">
     <span class='ocr_line' id='line_1_19' title="bbox 308 1653 1890 1731; baseline 0.006 -27"><span class='ocrx_word' id='word_1_126' title='bbox 308 1653 497 1723; x_wconf 60' lang='grc' dir='ltr'><strong>ἕτεροί³</strong></span> <span class='ocrx_word' id='word_1_127' title='bbox 547 1655 680 1724; x_wconf 83' lang='grc' dir='ltr'>ἡμῖν</span> <span class='ocrx_word' id='word_1_128' title='bbox 721 1655 830 1707; x_wconf 82' lang='grc' dir='ltr'>τῶν</span> <span class='ocrx_word' id='word_1_129' title='bbox 873 1656 1041 1724; x_wconf 85' lang='grc' dir='ltr'><strong>ἁγίων</strong></span> <span class='ocrx_word' id='word_1_130' title='bbox 1074 1660 1369 1729; x_wconf 78' lang='grc' dir='ltr'>προφητῶν</span> <span class='ocrx_word' id='word_1_131' title='bbox 1389 1700 1404 1723; x_wconf 92' lang='grc'><strong>,</strong></span> <span class='ocrx_word' id='word_1_132' title='bbox 1436 1659 1544 1714; x_wconf 83' lang='grc' dir='ltr'><strong>τῶν</strong></span> <span class='ocrx_word' id='word_1_133' title='bbox 1573 1660 1630 1726; x_wconf 80' lang='grc' dir='ltr'>ἐξ</span> <span class='ocrx_word' id='word_1_134' title='bbox 1660 1660 1890 1731; x_wconf 81' lang='grc' dir='ltr'>αἵματος</span> 
     </span>
    </p>
   </div>
   <div class='ocr_carea' id='block_1_20' title="bbox 321 1730 1963 1822">
    <p class='ocr_par' dir='ltr' id='par_1_20' title="bbox 321 1730 1963 1822">
     <span class='ocr_line' id='line_1_20' title="bbox 321 1730 1963 1822; baseline 0.005 -28"><span class='ocrx_word' id='word_1_135' title='bbox 321 1744 546 1812; x_wconf 79' lang='grc' dir='ltr'>Ἰσραὴλ</span> <span class='ocrx_word' id='word_1_136' title='bbox 584 1745 1007 1815; x_wconf 78' lang='grc' dir='ltr'>κατεκεκρὰγει,</span> <span class='ocrx_word' id='word_1_137' title='bbox 1051 1747 1253 1815; x_wconf 78' lang='grc' dir='ltr'><strong>λέγων⁸</strong></span> <span class='ocrx_word' id='word_1_138' title='bbox 1297 1767 1315 1801; x_wconf 80' lang='grc' dir='ltr'><strong>ι</strong></span> <span class='ocrx_word' id='word_1_139' title='bbox 1349 1748 1418 1800; x_wconf 86' lang='lat' dir='ltr'><strong>O&#39;t&#39;</strong></span> <span class='ocrx_word' id='word_1_140' title='bbox 1447 1767 1557 1820; x_wconf 89' lang='grc' dir='ltr'>μοι,</span> <span class='ocrx_word' id='word_1_141' title='bbox 1592 1730 1772 1822; x_wconf 63' lang='grc' dir='ltr'>ψυχή,</span> <span class='ocrx_word' id='word_1_142' title='bbox 1805 1752 1888 1803; x_wconf 80' lang='grc' dir='ltr'>ὅτι</span> <span class='ocrx_word' id='word_1_143' title='bbox 1923 1730 1963 1784; x_wconf 77' lang='grc' dir='ltr'><strong>Β</strong></span> 
     </span>
    </p>
   </div>
   <div class='ocr_carea' id='block_1_21' title="bbox 308 1833 1886 1913">
    <p class='ocr_par' dir='ltr' id='par_1_21' title="bbox 308 1833 1886 1913">
     <span class='ocr_line' id='line_1_21' title="bbox 308 1833 1886 1913; baseline 0.008 -29"><span class='ocrx_word' id='word_1_144' title='bbox 308 1833 592 1886; x_wconf 73' lang='grc' dir='ltr'>ἀπόλωλεν</span> <span class='ocrx_word' id='word_1_145' title='bbox 648 1836 886 1906; x_wconf 76' lang='grc' dir='ltr'>εὐλαϐὴς</span> <span class='ocrx_word' id='word_1_146' title='bbox 920 1837 1026 1890; x_wconf 82' lang='grc' dir='ltr'>ἀπὸ</span> <span class='ocrx_word' id='word_1_147' title='bbox 1060 1839 1160 1911; x_wconf 83' lang='grc' dir='ltr'><strong>γῆς</strong></span> <span class='ocrx_word' id='word_1_148' title='bbox 1201 1840 1294 1893; x_wconf 71' lang='grc' dir='ltr'>καὶ</span> <span class='ocrx_word' id='word_1_149' title='bbox 1331 1842 1358 1894; x_wconf 83' lang='grc' dir='ltr'>ὁ</span> <span class='ocrx_word' id='word_1_150' title='bbox 1393 1842 1672 1913; x_wconf 76' lang='grc' dir='ltr'>κατορθῶν</span> <span class='ocrx_word' id='word_1_151' title='bbox 1700 1843 1757 1894; x_wconf 84' lang='grc' dir='ltr'><strong>ἐν</strong></span> <span class='ocrx_word' id='word_1_152' title='bbox 1795 1843 1886 1895; x_wconf 85' lang='grc' dir='ltr'>ἁν-</span> 
     </span>
    </p>
   </div>
   <div class='ocr_carea' id='block_1_22' title="bbox 308 1924 1884 2003">
    <p class='ocr_par' dir='ltr' id='par_1_22' title="bbox 308 1924 1884 2003">
     <span class='ocr_line' id='line_1_22' title="bbox 308 1924 1884 2003; baseline 0.006 -26"><span class='ocrx_word' id='word_1_153' title='bbox 308 1924 551 1998; x_wconf 83' lang='grc' dir='ltr'>θρώποις</span> <span class='ocrx_word' id='word_1_154' title='bbox 595 1929 694 1981; x_wconf 76' lang='grc' dir='ltr'><strong>οὐκ</strong></span> <span class='ocrx_word' id='word_1_155' title='bbox 747 1929 881 1989; x_wconf 80' lang='grc' dir='ltr'>ἔστι,</span> <span class='ocrx_word' id='word_1_156' title='bbox 936 1930 1137 1994; x_wconf 81' lang='grc' dir='ltr'>πάντες</span> <span class='ocrx_word' id='word_1_157' title='bbox 1181 1934 1261 1994; x_wconf 86' lang='grc' dir='ltr'>εἰς</span> <span class='ocrx_word' id='word_1_158' title='bbox 1306 1932 1513 2003; x_wconf 83' lang='grc' dir='ltr'>αἵματα</span> <span class='ocrx_word' id='word_1_159' title='bbox 1558 1933 1884 2001; x_wconf 82' lang='grc' dir='ltr'>δικάζονται,</span> 
     </span>
    </p>
   </div>
   <div class='ocr_carea' id='block_1_23' title="bbox 303 2020 1883 2097">
    <p class='ocr_par' dir='ltr' id='par_1_23' title="bbox 303 2020 1883 2097">
     <span class='ocr_line' id='line_1_23' title="bbox 303 2020 1883 2097; baseline 0.003 -26"><span class='ocrx_word' id='word_1_160' title='bbox 303 2020 542 2083; x_wconf 76' lang='grc' dir='ltr'>ἕκαστος</span> <span class='ocrx_word' id='word_1_161' title='bbox 574 2020 665 2073; x_wconf 79' lang='grc' dir='ltr'><strong>τὸν</strong></span> <span class='ocrx_word' id='word_1_162' title='bbox 710 2021 938 2092; x_wconf 81' lang='grc' dir='ltr'>πλησίον</span> <span class='ocrx_word' id='word_1_163' title='bbox 983 2022 1145 2076; x_wconf 80' lang='grc' dir='ltr'>αὑτοῦ</span> <span class='ocrx_word' id='word_1_164' title='bbox 1194 2023 1530 2079; x_wconf 77' lang='grc' dir='ltr'>ἐκθλίϐουσιν</span> <span class='ocrx_word' id='word_1_165' title='bbox 1575 2025 1818 2097; x_wconf 80' lang='grc' dir='ltr'>ἐκθλιϐῇ.</span> <span class='ocrx_word' id='word_1_166' title='bbox 1863 2045 1883 2076; x_wconf 69' lang='grc' dir='ltr'><strong>ι</strong></span> 
     </span>
    </p>
   </div>
   <div class='ocr_carea' id='block_1_24' title="bbox 315 2111 1030 2184">
    <p class='ocr_par' dir='ltr' id='par_1_24' title="bbox 315 2111 1030 2184">
     <span class='ocr_line' id='line_1_24' title="bbox 315 2111 1030 2184; baseline 0.006 -21"><span class='ocrx_word' id='word_1_167' title='bbox 315 2111 480 2164; x_wconf 70' lang='grc' dir='ltr'>Ἀλλὰ</span> <span class='ocrx_word' id='word_1_168' title='bbox 512 2111 684 2164; x_wconf 87' lang='grc' dir='ltr'>ταῦτα</span> <span class='ocrx_word' id='word_1_169' title='bbox 722 2114 1030 2184; x_wconf 81' lang='grc' dir='ltr'>ἱστορικῶς.</span> 
     </span>
    </p>
   </div>
   <div class='ocr_carea' id='block_1_25' title="bbox 377 2203 1887 2281">
    <p class='ocr_par' dir='ltr' id='par_1_25' title="bbox 377 2203 1887 2281">
     <span class='ocr_line' id='line_1_25' title="bbox 377 2203 1887 2281; baseline 0.006 -27"><span class='ocrx_word' id='word_1_170' title='bbox 377 2203 529 2273; x_wconf 71' lang='grc' dir='ltr'>Πρὸς</span> <span class='ocrx_word' id='word_1_171' title='bbox 555 2205 790 2257; x_wconf 73' lang='grc' dir='ltr'>διάνοιαν</span> <span class='ocrx_word' id='word_1_172' title='bbox 822 2206 878 2258; x_wconf 83' lang='grc' dir='ltr'><strong>δὲ</strong></span> <span class='ocrx_word' id='word_1_173' title='bbox 908 2205 1005 2276; x_wconf 82' lang='grc' dir='ltr'>τὴν</span> <span class='ocrx_word' id='word_1_174' title='bbox 1027 2207 1286 2262; x_wconf 75' lang='grc' dir='ltr'>ἐσωτάτω</span> <span class='ocrx_word' id='word_1_175' title='bbox 1310 2209 1400 2261; x_wconf 80' lang='grc' dir='ltr'><strong>τὸν</strong></span> <span class='ocrx_word' id='word_1_176' title='bbox 1430 2209 1529 2280; x_wconf 81' lang='grc' dir='ltr'>τῆς</span> <span class='ocrx_word' id='word_1_177' title='bbox 1554 2210 1887 2281; x_wconf 80' lang='grc' dir='ltr'>προφητείας</span> 
     </span>
    </p>
   </div>
   <div class='ocr_carea' id='block_1_26' title="bbox 303 2297 1886 2376">
    <p class='ocr_par' dir='ltr' id='par_1_26' title="bbox 303 2297 1886 2376">
     <span class='ocr_line' id='line_1_26' title="bbox 303 2297 1886 2376; baseline 0.004 -28"><span class='ocrx_word' id='word_1_178' title='bbox 303 2297 631 2360; x_wconf 67' lang='grc' dir='ltr'>εὐθύνοντες</span> <span class='ocrx_word' id='word_1_179' title='bbox 669 2298 857 2368; x_wconf 78' lang='grc' dir='ltr'>λόγον,</span> <span class='ocrx_word' id='word_1_180' title='bbox 888 2300 1060 2354; x_wconf 78' lang='grc' dir='ltr'>ἐκεῖνό</span> <span class='ocrx_word' id='word_1_181' title='bbox 1096 2317 1295 2371; x_wconf 75' lang='grc' dir='ltr'>φαμεν.</span> <span class='ocrx_word' id='word_1_182' title='bbox 1338 2301 1556 2372; x_wconf 79' lang='grc' dir='ltr'>Ἐπειδὴ</span> <span class='ocrx_word' id='word_1_183' title='bbox 1591 2302 1700 2373; x_wconf 79' lang='grc' dir='ltr'>γὰρ</span> <span class='ocrx_word' id='word_1_184' title='bbox 1730 2303 1789 2355; x_wconf 85' lang='grc' dir='ltr'><strong>ἐν</strong></span> <span class='ocrx_word' id='word_1_185' title='bbox 1819 2305 1886 2376; x_wconf 77' lang='grc' dir='ltr'>τῇ</span> 
     </span>
    </p>
   </div>
   <div class='ocr_carea' id='block_1_27' title="bbox 303 2388 1888 2462">
    <p class='ocr_par' dir='ltr' id='par_1_27' title="bbox 303 2388 1888 2462">
     <span class='ocr_line' id='line_1_27' title="bbox 303 2388 1888 2462; baseline 0.004 -22"><span class='ocrx_word' id='word_1_186' title='bbox 303 2389 416 2440; x_wconf 78' lang='grc' dir='ltr'><strong>τῶν</strong></span> <span class='ocrx_word' id='word_1_187' title='bbox 453 2388 725 2442; x_wconf 77' lang='grc' dir='ltr'>Ἰουδαίων</span> <span class='ocrx_word' id='word_1_188' title='bbox 752 2393 822 2461; x_wconf 83' lang='grc' dir='ltr'>γῇ</span> <span class='ocrx_word' id='word_1_189' title='bbox 849 2431 863 2454; x_wconf 88' lang='grc'><strong>,</strong></span> <span class='ocrx_word' id='word_1_190' title='bbox 901 2391 1066 2461; x_wconf 72' lang='grc' dir='ltr'>ἤγουν</span> <span class='ocrx_word' id='word_1_191' title='bbox 1099 2393 1229 2462; x_wconf 78' lang='grc' dir='ltr'>παρ’</span> <span class='ocrx_word' id='word_1_192' title='bbox 1257 2393 1440 2456; x_wconf 76' lang='grc' dir='ltr'>αὐτοῖς</span> <span class='ocrx_word' id='word_1_193' title='bbox 1482 2393 1750 2460; x_wconf 81' lang='grc' dir='ltr'>Ἰουδαίοις</span> <span class='ocrx_word' id='word_1_194' title='bbox 1789 2395 1888 2448; x_wconf 76' lang='grc' dir='ltr'><strong>οὐκ</strong></span> 
     </span>
    </p>
   </div>
   <div class='ocr_carea' id='block_1_28' title="bbox 303 2479 1884 2552">
    <p class='ocr_par' dir='ltr' id='par_1_28' title="bbox 303 2479 1884 2552">
     <span class='ocr_line' id='line_1_28' title="bbox 303 2479 1884 2552; baseline 0.005 -21"><span class='ocrx_word' id='word_1_195' title='bbox 303 2481 458 2532; x_wconf 76' lang='grc' dir='ltr'>ἐστιν</span> <span class='ocrx_word' id='word_1_196' title='bbox 509 2479 757 2550; x_wconf 78' lang='grc' dir='ltr'>ἀλήθεια,</span> <span class='ocrx_word' id='word_1_197' title='bbox 818 2482 939 2533; x_wconf 74' lang='grc' dir='ltr'>οὐδὲ</span> <span class='ocrx_word' id='word_1_198' title='bbox 996 2481 1162 2545; x_wconf 76' lang='grc' dir='ltr'>ἕλεος,</span> <span class='ocrx_word' id='word_1_199' title='bbox 1210 2483 1329 2536; x_wconf 79' lang='grc' dir='ltr'><strong>ούδέ</strong></span> <span class='ocrx_word' id='word_1_200' title='bbox 1375 2484 1672 2552; x_wconf 74' lang='grc' dir='ltr'>ἐπίγνωσις</span> <span class='ocrx_word' id='word_1_201' title='bbox 1716 2486 1884 2539; x_wconf 83' lang='grc' dir='ltr'>Θεοῦ·</span> 
     </span>
    </p>
   </div>
   <div class='ocr_carea' id='block_1_29' title="bbox 312 2569 1886 2649">
    <p class='ocr_par' dir='ltr' id='par_1_29' title="bbox 312 2569 1886 2649">
     <span class='ocr_line' id='line_1_29' title="bbox 312 2569 1886 2649; baseline 0.006 -27"><span class='ocrx_word' id='word_1_202' title='bbox 312 2570 492 2624; x_wconf 83' lang='grc' dir='ltr'>ταῦτα</span> <span class='ocrx_word' id='word_1_203' title='bbox 520 2571 576 2624; x_wconf 76' lang='grc' dir='ltr'>δὲ</span> <span class='ocrx_word' id='word_1_204' title='bbox 608 2569 748 2625; x_wconf 83' lang='grc' dir='ltr'>εἷναί</span> <span class='ocrx_word' id='word_1_205' title='bbox 779 2590 839 2626; x_wconf 88' lang='grc' dir='ltr'><strong>τε</strong></span> <span class='ocrx_word' id='word_1_206' title='bbox 885 2573 980 2626; x_wconf 75' lang='grc' dir='ltr'><strong>καὶ</strong></span> <span class='ocrx_word' id='word_1_207' title='bbox 1011 2573 1262 2641; x_wconf 78' lang='grc' dir='ltr'>λέγεσθαι</span> <span class='ocrx_word' id='word_1_208' title='bbox 1295 2575 1384 2628; x_wconf 80' lang='grc' dir='ltr'><strong>τὸν</strong></span> <span class='ocrx_word' id='word_1_209' title='bbox 1422 2577 1768 2649; x_wconf 71' lang='grc' dir='ltr'>Ἐμμανουήλ</span> <span class='ocrx_word' id='word_1_210' title='bbox 1807 2581 1886 2631; x_wconf 77' lang='grc' dir='ltr'><strong>εζ-</strong></span> 
     </span>
    </p>
   </div>
   <div class='ocr_carea' id='block_1_30' title="bbox 307 2665 1889 2738">
    <p class='ocr_par' dir='ltr' id='par_1_30' title="bbox 307 2665 1889 2738">
     <span class='ocr_line' id='line_1_30' title="bbox 307 2665 1889 2738; baseline 0.018 -29"><span class='ocrx_word' id='word_1_211' title='bbox 307 2665 563 2735; x_wconf 71' lang='grc' dir='ltr'>ρήκαμεν</span> <span class='ocrx_word' id='word_1_212' title='bbox 581 2680 596 2693; x_wconf 88' lang='grc'><strong>·</strong></span> <span class='ocrx_word' id='word_1_213' title='bbox 627 2665 940 2736; x_wconf 72' lang='grc' dir='ltr'>κεκράτηκε</span> <span class='ocrx_word' id='word_1_214' title='bbox 970 2665 1028 2718; x_wconf 84' lang='grc' dir='ltr'>δὲ</span> <span class='ocrx_word' id='word_1_215' title='bbox 1054 2667 1252 2736; x_wconf 82' lang='grc' dir='ltr'>μᾶλλον</span> <span class='ocrx_word' id='word_1_216' title='bbox 1273 2667 1398 2738; x_wconf 80' lang='grc' dir='ltr'>ἀρὰ,</span> <span class='ocrx_word' id='word_1_217' title='bbox 1434 2670 1528 2722; x_wconf 78' lang='grc' dir='ltr'><strong>καὶ</strong></span> <span class='ocrx_word' id='word_1_218' title='bbox 1559 2668 1772 2738; x_wconf 74' lang='grc' dir='ltr'>ψεῦδος.</span> <span class='ocrx_word' id='word_1_219' title='bbox 1795 2672 1889 2724; x_wconf 68' lang='grc' dir='ltr'>καὶ</span> 
     </span>
    </p>
   </div>
   <div class='ocr_carea' id='block_1_31' title="bbox 304 2753 1886 2828">
    <p class='ocr_par' dir='ltr' id='par_1_31' title="bbox 304 2753 1886 2828">
     <span class='ocr_line' id='line_1_31' title="bbox 304 2753 1886 2828; baseline 0.004 -23"><span class='ocrx_word' id='word_1_220' title='bbox 304 2753 598 2823; x_wconf 84' lang='grc' dir='ltr'>τετίμηται</span> <span class='ocrx_word' id='word_1_221' title='bbox 631 2753 822 2824; x_wconf 86' lang='grc' dir='ltr'>κλοπὴ,</span> <span class='ocrx_word' id='word_1_222' title='bbox 850 2753 945 2807; x_wconf 72' lang='grc' dir='ltr'><strong>καὶ</strong></span> <span class='ocrx_word' id='word_1_223' title='bbox 982 2755 1188 2825; x_wconf 81' lang='grc' dir='ltr'>αἵματα</span> <span class='ocrx_word' id='word_1_224' title='bbox 1225 2757 1310 2824; x_wconf 80' lang='grc' dir='ltr'><strong>ἐφ’</strong></span> <span class='ocrx_word' id='word_1_225' title='bbox 1339 2757 1532 2828; x_wconf 82' lang='grc' dir='ltr'>αἵμασι</span> <span class='ocrx_word' id='word_1_226' title='bbox 1569 2758 1886 2828; x_wconf 88' lang='grc' dir='ltr'>μίσγουσιν·</span> 
     </span>
    </p>
   </div>
   <div class='ocr_carea' id='block_1_32' title="bbox 306 2845 1890 2922">
    <p class='ocr_par' dir='ltr' id='par_1_32' title="bbox 306 2845 1890 2922">
     <span class='ocr_line' id='line_1_32' title="bbox 306 2845 1890 2922; baseline 0.004 -24"><span class='ocrx_word' id='word_1_227' title='bbox 306 2845 674 2909; x_wconf 73' lang='grc' dir='ltr'>ἀπεκτονότες</span> <span class='ocrx_word' id='word_1_228' title='bbox 705 2847 814 2918; x_wconf 78' lang='grc' dir='ltr'>γὰρ</span> <span class='ocrx_word' id='word_1_229' title='bbox 839 2847 966 2909; x_wconf 83' lang='grc' dir='ltr'>τοὺς</span> <span class='ocrx_word' id='word_1_230' title='bbox 997 2850 1302 2919; x_wconf 81' lang='grc' dir='ltr'>προφήτας,</span> <span class='ocrx_word' id='word_1_231' title='bbox 1327 2850 1402 2912; x_wconf 86' lang='grc' dir='ltr'>ὡς</span> <span class='ocrx_word' id='word_1_232' title='bbox 1431 2849 1588 2922; x_wconf 76' lang='grc' dir='ltr'>ἔφην,</span> <span class='ocrx_word' id='word_1_233' title='bbox 1607 2851 1700 2904; x_wconf 80' lang='grc' dir='ltr'><strong>καὶ</strong></span> <span class='ocrx_word' id='word_1_234' title='bbox 1731 2852 1890 2904; x_wconf 77' lang='grc' dir='ltr'>αὐτὸν</span> 
     </span>
    </p>
   </div>
   <div class='ocr_carea' id='block_1_33' title="bbox 305 2936 1889 3013">
    <p class='ocr_par' dir='ltr' id='par_1_33' title="bbox 305 2936 1889 3013">
     <span class='ocr_line' id='line_1_33' title="bbox 305 2936 1889 3013; baseline 0.006 -25"><span class='ocrx_word' id='word_1_235' title='bbox 305 2937 650 2989; x_wconf 76' lang='grc' dir='ltr'>ἀπεκτόνασι</span> <span class='ocrx_word' id='word_1_236' title='bbox 676 2936 767 2992; x_wconf 81' lang='grc' dir='ltr'><strong>τὸν</strong></span> <span class='ocrx_word' id='word_1_237' title='bbox 805 2937 1034 3008; x_wconf 80' lang='grc' dir='ltr'>Ἰησοῦν.</span> <span class='ocrx_word' id='word_1_238' title='bbox 1066 2939 1485 3011; x_wconf 84' lang='grc' dir='ltr'>Καταπενθήσει</span> <span class='ocrx_word' id='word_1_239' title='bbox 1519 2942 1703 2997; x_wconf 83' lang='grc' dir='ltr'>λοιπὸν</span> <span class='ocrx_word' id='word_1_240' title='bbox 1735 2943 1768 3013; x_wconf 74' lang='grc' dir='ltr'>ἡ</span> <span class='ocrx_word' id='word_1_241' title='bbox 1819 2942 1889 3013; x_wconf 82' lang='grc' dir='ltr'>γῆ</span> 
     </span>
    </p>
   </div>
   <div class='ocr_carea' id='block_1_34' title="bbox 1991 471 3557 542">
    <p class='ocr_par' dir='ltr' id='par_1_34' title="bbox 1991 471 3557 542">
     <span class='ocr_line' id='line_1_34' title="bbox 1991 471 3557 542; baseline 0.001 -16"><span class='ocrx_word' id='word_1_242' title='bbox 1991 487 2164 541; x_wconf 89' lang='lat' dir='ltr'><strong>neque</strong></span> <span class='ocrx_word' id='word_1_243' title='bbox 2209 481 2396 542; x_wconf 86' lang='lat' dir='ltr'><strong>arguat</strong></span> <span class='ocrx_word' id='word_1_244' title='bbox 2432 473 2741 540; x_wconf 79' lang='lat' dir='ltr'><strong>quisquam.</strong></span> <span class='ocrx_word' id='word_1_245' title='bbox 2779 489 2797 520; x_wconf 73' lang='grc' dir='ltr'><strong>ι</strong></span> <span class='ocrx_word' id='word_1_246' title='bbox 2843 471 3108 537; x_wconf 84' lang='lat' dir='ltr'><strong>Quoniam</strong></span> <span class='ocrx_word' id='word_1_247' title='bbox 3154 472 3301 526; x_wconf 88' lang='lat' dir='ltr'><strong>enim</strong></span> <span class='ocrx_word' id='word_1_248' title='bbox 3334 473 3557 528; x_wconf 89' lang='lat' dir='ltr'><strong>maledi—</strong></span> 
     </span>
    </p>
   </div>
   <div class='ocr_carea' id='block_1_35' title="bbox 1990 562 3558 631">
    <p class='ocr_par' dir='ltr' id='par_1_35' title="bbox 1990 562 3558 631">
     <span class='ocr_line' id='line_1_35' title="bbox 1990 562 3558 631; baseline 0.002 -13"><span class='ocrx_word' id='word_1_249' title='bbox 1990 573 2156 628; x_wconf 89' lang='lat' dir='ltr'><strong>ctum,</strong></span> <span class='ocrx_word' id='word_1_250' title='bbox 2186 571 2240 616; x_wconf 79' lang='lat' dir='ltr'><strong>et</strong></span> <span class='ocrx_word' id='word_1_251' title='bbox 2275 563 2638 627; x_wconf 83' lang='lat' dir='ltr'><strong>mendacium,</strong></span> <span class='ocrx_word' id='word_1_252' title='bbox 2682 562 2905 628; x_wconf 84' lang='lat' dir='ltr'><strong>furtum,</strong></span> <span class='ocrx_word' id='word_1_253' title='bbox 2938 572 2992 616; x_wconf 89' lang='lat' dir='ltr'><strong>et</strong></span> <span class='ocrx_word' id='word_1_254' title='bbox 3020 563 3217 631; x_wconf 65' lang='lat' dir='ltr'><strong>caedes,</strong></span> <span class='ocrx_word' id='word_1_255' title='bbox 3247 573 3302 618; x_wconf 87' lang='lat' dir='ltr'><strong>et</strong></span> <span class='ocrx_word' id='word_1_256' title='bbox 3347 565 3558 621; x_wconf 88' lang='lat' dir='ltr'><strong>adulte-</strong></span> 
     </span>
    </p>
   </div>
   <div class='ocr_carea' id='block_1_36' title="bbox 1990 652 3556 724">
    <p class='ocr_par' dir='ltr' id='par_1_36' title="bbox 1990 652 3556 724">
     <span class='ocr_line' id='line_1_36' title="bbox 1990 652 3556 724; baseline 0.002 -17"><span class='ocrx_word' id='word_1_257' title='bbox 1990 654 2129 707; x_wconf 90' lang='lat' dir='ltr'><strong>rium</strong></span> <span class='ocrx_word' id='word_1_258' title='bbox 2161 652 2350 708; x_wconf 70' lang='lat' dir='ltr'><strong>diffusa</strong></span> <span class='ocrx_word' id='word_1_259' title='bbox 2381 663 2506 708; x_wconf 89' lang='lat' dir='ltr'><strong>sunt</strong></span> <span class='ocrx_word' id='word_1_260' title='bbox 2531 669 2692 722; x_wconf 87' lang='lat' dir='ltr'><strong>super</strong></span> <span class='ocrx_word' id='word_1_261' title='bbox 2729 664 2952 720; x_wconf 87' lang='lat' dir='ltr'><strong>terram,</strong></span> <span class='ocrx_word' id='word_1_262' title='bbox 2984 663 3038 708; x_wconf 88' lang='lat' dir='ltr'><strong>et</strong></span> <span class='ocrx_word' id='word_1_263' title='bbox 3091 656 3384 724; x_wconf 70' lang='lat' dir='ltr'><strong>sanguines</strong></span> <span class='ocrx_word' id='word_1_264' title='bbox 3429 672 3556 712; x_wconf 90' lang='lat' dir='ltr'><strong>san-</strong></span> 
     </span>
    </p>
   </div>
   <div class='ocr_carea' id='block_1_37' title="bbox 1990 744 3559 817">
    <p class='ocr_par' dir='ltr' id='par_1_37' title="bbox 1990 744 3559 817">
     <span class='ocr_line' id='line_1_37' title="bbox 1990 744 3559 817; baseline 0.003 -20"><span class='ocrx_word' id='word_1_265' title='bbox 1990 744 2242 812; x_wconf 78' lang='lat' dir='ltr'><strong>guinibus</strong></span> <span class='ocrx_word' id='word_1_266' title='bbox 2308 745 2874 800; x_wconf 80' lang='lat' dir='ltr'><strong>miscenturzidcirco</strong></span> <span class='ocrx_word' id='word_1_267' title='bbox 2929 745 3152 817; x_wconf 89' lang='lat' dir='ltr'><strong>lugebit,</strong></span> <span class='ocrx_word' id='word_1_268' title='bbox 3216 759 3271 801; x_wconf 86' lang='lat' dir='ltr'><strong>et</strong></span> <span class='ocrx_word' id='word_1_269' title='bbox 3323 750 3559 804; x_wconf 86' lang='lat' dir='ltr'><strong>cessabit</strong></span> 
     </span>
    </p>
   </div>
   <div class='ocr_carea' id='block_1_38' title="bbox 1992 836 3563 910">
    <p class='ocr_par' dir='ltr' id='par_1_38' title="bbox 1992 836 3563 910">
     <span class='ocr_line' id='line_1_38' title="bbox 1992 836 3563 910; baseline 0.004 -23"><span class='ocrx_word' id='word_1_270' title='bbox 1992 837 2245 905; x_wconf 80' lang='lat' dir='ltr'><strong>deinceps</strong></span> <span class='ocrx_word' id='word_1_271' title='bbox 2274 836 2635 900; x_wconf 87' lang='lat' dir='ltr'><strong>mendacium,</strong></span> <span class='ocrx_word' id='word_1_272' title='bbox 2667 848 2718 891; x_wconf 90' lang='lat' dir='ltr'><strong>et</strong></span> <span class='ocrx_word' id='word_1_273' title='bbox 2753 836 2996 903; x_wconf 81' lang='lat' dir='ltr'><strong>fallacia,</strong></span> <span class='ocrx_word' id='word_1_274' title='bbox 3025 847 3081 892; x_wconf 86' lang='lat' dir='ltr'><strong>et</strong></span> <span class='ocrx_word' id='word_1_275' title='bbox 3111 839 3404 894; x_wconf 85' lang='lat' dir='ltr'><strong>calumnia.</strong></span> <span class='ocrx_word' id='word_1_276' title='bbox 3435 841 3563 910; x_wconf 83' lang='lat' dir='ltr'><strong>Eju-</strong></span> 
     </span>
    </p>
   </div>
   <div class='ocr_carea' id='block_1_39' title="bbox 1991 929 3554 1001">
    <p class='ocr_par' dir='ltr' id='par_1_39' title="bbox 1991 929 3554 1001">
     <span class='ocr_line' id='line_1_39' title="bbox 1991 929 3554 1001; baseline 0.003 -19"><span class='ocrx_word' id='word_1_277' title='bbox 1991 929 2165 984; x_wconf 79' lang='lat' dir='ltr'><strong>lnntes</strong></span> <span class='ocrx_word' id='word_1_278' title='bbox 2211 930 2354 983; x_wconf 89' lang='lat' dir='ltr'><strong>enim</strong></span> <span class='ocrx_word' id='word_1_279' title='bbox 2408 943 2570 998; x_wconf 84' lang='lat' dir='ltr'><strong>super</strong></span> <span class='ocrx_word' id='word_1_280' title='bbox 2622 929 2704 982; x_wconf 87' lang='lat' dir='ltr'><strong>his</strong></span> <span class='ocrx_word' id='word_1_281' title='bbox 2747 944 2867 998; x_wconf 60' lang='lat' dir='ltr'><strong>quae</strong></span> <span class='ocrx_word' id='word_1_282' title='bbox 2915 940 3112 998; x_wconf 70' lang='lat' dir='ltr'><strong>praeter</strong></span> <span class='ocrx_word' id='word_1_283' title='bbox 3155 947 3304 1001; x_wconf 84' lang='lat' dir='ltr'><strong>spem</strong></span> <span class='ocrx_word' id='word_1_284' title='bbox 3342 933 3554 987; x_wconf 80' lang='lat' dir='ltr'><strong>accide-</strong></span> 
     </span>
    </p>
   </div>
   <div class='ocr_carea' id='block_1_40' title="bbox 1993 1020 3650 1089">
    <p class='ocr_par' dir='ltr' id='par_1_40' title="bbox 1993 1020 3650 1089">
     <span class='ocr_line' id='line_1_40' title="bbox 1993 1020 3650 1089; baseline 0.002 -16"><span class='ocrx_word' id='word_1_285' title='bbox 1993 1029 2135 1084; x_wconf 92' lang='lat' dir='ltr'><strong>runt,</strong></span> <span class='ocrx_word' id='word_1_286' title='bbox 2164 1030 2218 1074; x_wconf 90' lang='lat' dir='ltr'><strong>et</strong></span> <span class='ocrx_word' id='word_1_287' title='bbox 2263 1020 2627 1074; x_wconf 83' lang='lat' dir='ltr'><strong>calamitatem</strong></span> <span class='ocrx_word' id='word_1_288' title='bbox 2667 1029 2988 1088; x_wconf 77' lang='lat' dir='ltr'><strong>praesentem</strong></span> <span class='ocrx_word' id='word_1_289' title='bbox 3035 1022 3396 1089; x_wconf 79' lang='lat' dir='ltr'><strong>deplorantes,</strong></span> <span class='ocrx_word' id='word_1_290' title='bbox 3437 1023 3561 1076; x_wconf 86' lang='lat' dir='ltr'><strong>tali-</strong></span> <span class='ocrx_word' id='word_1_291' title='bbox 3645 1080 3650 1086; x_wconf 69' lang='grc'><strong>,</strong></span> 
     </span>
    </p>
   </div>
   <div class='ocr_carea' id='block_1_41' title="bbox 1989 1111 3556 1176">
    <p class='ocr_par' dir='ltr' id='par_1_41' title="bbox 1989 1111 3556 1176">
     <span class='ocr_line' id='line_1_41' title="bbox 1989 1111 3556 1176; baseline 0.001 -11"><span class='ocrx_word' id='word_1_292' title='bbox 1989 1112 2089 1165; x_wconf 86' lang='lat' dir='ltr'><strong>bus</strong></span> <span class='ocrx_word' id='word_1_293' title='bbox 2113 1111 2321 1166; x_wconf 80' lang='lat' dir='ltr'><strong>delictis</strong></span> <span class='ocrx_word' id='word_1_294' title='bbox 2343 1111 2506 1166; x_wconf 74' lang='lat' dir='ltr'><strong>etiam</strong></span> <span class='ocrx_word' id='word_1_295' title='bbox 2534 1111 2687 1166; x_wconf 88' lang='lat' dir='ltr'><strong>inviti</strong></span> <span class='ocrx_word' id='word_1_296' title='bbox 2718 1111 3088 1166; x_wconf 89' lang='lat' dir='ltr'><strong>abstinehunt.</strong></span> <span class='ocrx_word' id='word_1_297' title='bbox 3111 1112 3367 1168; x_wconf 84' lang='lat' dir='ltr'><strong>Judicare</strong></span> <span class='ocrx_word' id='word_1_298' title='bbox 3390 1116 3556 1176; x_wconf 88' lang='lat' dir='ltr'><strong>enim,</strong></span> 
     </span>
    </p>
   </div>
   <div class='ocr_carea' id='block_1_42' title="bbox 1990 1202 3557 1274">
    <p class='ocr_par' dir='ltr' id='par_1_42' title="bbox 1990 1202 3557 1274">
     <span class='ocr_line' id='line_1_42' title="bbox 1990 1202 3557 1274; baseline -0.001 -16"><span class='ocrx_word' id='word_1_299' title='bbox 1990 1214 2043 1258; x_wconf 87' lang='lat' dir='ltr'><strong>ct</strong></span> <span class='ocrx_word' id='word_1_300' title='bbox 2086 1219 2311 1274; x_wconf 78' lang='lat' dir='ltr'><strong>arguere</strong></span> <span class='ocrx_word' id='word_1_301' title='bbox 2339 1203 2471 1258; x_wconf 87' lang='lat' dir='ltr'><strong>nihil</strong></span> <span class='ocrx_word' id='word_1_302' title='bbox 2505 1219 2625 1258; x_wconf 89' lang='lat' dir='ltr'><strong>mea</strong></span> <span class='ocrx_word' id='word_1_303' title='bbox 2661 1203 2934 1258; x_wconf 89' lang='lat' dir='ltr'><strong>sententia</strong></span> <span class='ocrx_word' id='word_1_304' title='bbox 2991 1202 3136 1257; x_wconf 88' lang='lat' dir='ltr'><strong>aliud</strong></span> <span class='ocrx_word' id='word_1_305' title='bbox 3188 1203 3351 1258; x_wconf 78' lang='lat' dir='ltr'><strong>fuerit</strong></span> <span class='ocrx_word' id='word_1_306' title='bbox 3395 1219 3557 1272; x_wconf 84' lang='lat' dir='ltr'><strong>quam</strong></span> 
     </span>
    </p>
   </div>
   <div class='ocr_carea' id='block_1_43' title="bbox 1990 1293 3556 1364">
    <p class='ocr_par' dir='ltr' id='par_1_43' title="bbox 1990 1293 3556 1364">
     <span class='ocr_line' id='line_1_43' title="bbox 1990 1293 3556 1364; baseline -0.002 -17"><span class='ocrx_word' id='word_1_307' title='bbox 1990 1309 2271 1359; x_wconf 85' lang='lat' dir='ltr'><strong>accusare,</strong></span> <span class='ocrx_word' id='word_1_308' title='bbox 2291 1305 2344 1348; x_wconf 91' lang='lat' dir='ltr'><strong>et</strong></span> <span class='ocrx_word' id='word_1_309' title='bbox 2365 1294 2688 1350; x_wconf 85' lang='lat' dir='ltr'><strong>sententiam</strong></span> <span class='ocrx_word' id='word_1_310' title='bbox 2719 1294 2858 1349; x_wconf 86' lang='lat' dir='ltr'><strong>male</strong></span> <span class='ocrx_word' id='word_1_311' title='bbox 2884 1293 3027 1349; x_wconf 80' lang='lat' dir='ltr'><strong>ferre</strong></span> <span class='ocrx_word' id='word_1_312' title='bbox 3051 1305 3237 1348; x_wconf 85' lang='lat' dir='ltr'><strong>contra</strong></span> <span class='ocrx_word' id='word_1_313' title='bbox 3270 1296 3556 1364; x_wconf 84' lang='lat' dir='ltr'><strong>quosdam,</strong></span> 
     </span>
    </p>
   </div>
   <div class='ocr_carea' id='block_1_44' title="bbox 1990 1384 3562 1441">
    <p class='ocr_par' dir='ltr' id='par_1_44' title="bbox 1990 1384 3562 1441">
     <span class='ocr_line' id='line_1_44' title="bbox 1990 1384 3562 1441; baseline -0.004 -1"><span class='ocrx_word' id='word_1_314' title='bbox 1990 1387 2103 1440; x_wconf 82' lang='lat' dir='ltr'><strong>sive</strong></span> <span class='ocrx_word' id='word_1_315' title='bbox 2133 1386 2325 1440; x_wconf 81' lang='lat' dir='ltr'><strong>falsum</strong></span> <span class='ocrx_word' id='word_1_316' title='bbox 2369 1385 2664 1440; x_wconf 76' lang='lat' dir='ltr'><strong>testificari.</strong></span> <span class='ocrx_word' id='word_1_317' title='bbox 2721 1384 2832 1441; x_wconf 90' lang='lat' dir='ltr'><strong>Iloc</strong></span> <span class='ocrx_word' id='word_1_318' title='bbox 2867 1385 3022 1440; x_wconf 86' lang='lat' dir='ltr'><strong>nobis</strong></span> <span class='ocrx_word' id='word_1_319' title='bbox 3071 1393 3124 1437; x_wconf 83' lang='lat' dir='ltr'><strong>et</strong></span> <span class='ocrx_word' id='word_1_320' title='bbox 3173 1384 3312 1437; x_wconf 88' lang='lat' dir='ltr'><strong>alius</strong></span> <span class='ocrx_word' id='word_1_321' title='bbox 3346 1393 3562 1438; x_wconf 83' lang='lat' dir='ltr'><strong>sancto-</strong></span> 
     </span>
    </p>
   </div>
   <div class='ocr_carea' id='block_1_45' title="bbox 1993 1475 3559 1546">
    <p class='ocr_par' dir='ltr' id='par_1_45' title="bbox 1993 1475 3559 1546">
     <span class='ocr_line' id='line_1_45' title="bbox 1993 1475 3559 1546; baseline -0.003 -14"><span class='ocrx_word' id='word_1_322' title='bbox 1993 1493 2110 1532; x_wconf 82' lang='lat' dir='ltr'><strong>rum</strong></span> <span class='ocrx_word' id='word_1_323' title='bbox 2150 1477 2534 1546; x_wconf 86' lang='lat' dir='ltr'><strong>prephetarnm</strong></span> <span class='ocrx_word' id='word_1_324' title='bbox 2581 1491 2646 1530; x_wconf 81' lang='lat' dir='ltr'><strong>ex</strong></span> <span class='ocrx_word' id='word_1_325' title='bbox 2695 1477 2963 1546; x_wconf 82' lang='lat' dir='ltr'><strong>sanguine</strong></span> <span class='ocrx_word' id='word_1_326' title='bbox 2996 1475 3162 1530; x_wconf 88' lang='lat' dir='ltr'><strong>lsrael</strong></span> <span class='ocrx_word' id='word_1_327' title='bbox 3189 1475 3559 1544; x_wconf 87' lang='lat' dir='ltr'><strong>proclamavit,</strong></span> 
     </span>
    </p>
   </div>
   <div class='ocr_carea' id='block_1_46' title="bbox 1991 1565 3562 1635">
    <p class='ocr_par' dir='ltr' id='par_1_46' title="bbox 1991 1565 3562 1635">
     <span class='ocr_line' id='line_1_46' title="bbox 1991 1565 3562 1635; baseline 0 -16"><span class='ocrx_word' id='word_1_328' title='bbox 1991 1583 2112 1621; x_wconf 91' lang='lat' dir='ltr'><strong>cum</strong></span> <span class='ocrx_word' id='word_1_329' title='bbox 2144 1568 2280 1621; x_wconf 82' lang='lat' dir='ltr'><strong>dixit</strong></span> <span class='ocrx_word' id='word_1_330' title='bbox 2310 1585 2323 1621; x_wconf 90' lang='lat'><strong>:</strong></span> <span class='ocrx_word' id='word_1_331' title='bbox 2359 1585 2378 1618; x_wconf 82' lang='grc' dir='ltr'><strong>ι</strong></span> <span class='ocrx_word' id='word_1_332' title='bbox 2424 1565 2510 1621; x_wconf 70' lang='lat' dir='ltr'><strong>Va:</strong></span> <span class='ocrx_word' id='word_1_333' title='bbox 2551 1567 2711 1630; x_wconf 88' lang='lat' dir='ltr'><strong>mihi,</strong></span> <span class='ocrx_word' id='word_1_334' title='bbox 2740 1568 2946 1629; x_wconf 89' lang='lat' dir='ltr'><strong>anima,</strong></span> <span class='ocrx_word' id='word_1_335' title='bbox 2978 1569 3103 1635; x_wconf 91' lang='lat' dir='ltr'><strong>quia</strong></span> <span class='ocrx_word' id='word_1_336' title='bbox 3145 1567 3306 1635; x_wconf 92' lang='lat' dir='ltr'><strong>periit</strong></span> <span class='ocrx_word' id='word_1_337' title='bbox 3351 1565 3562 1634; x_wconf 54' lang='lat' dir='ltr'><strong>religio.</strong></span> 
     </span>
    </p>
   </div>
   <div class='ocr_carea' id='block_1_47' title="bbox 1991 1658 3560 1728">
    <p class='ocr_par' dir='ltr' id='par_1_47' title="bbox 1991 1658 3560 1728">
     <span class='ocr_line' id='line_1_47' title="bbox 1991 1658 3560 1728; baseline -0.003 -14"><span class='ocrx_word' id='word_1_338' title='bbox 1991 1675 2082 1714; x_wconf 77' lang='lat' dir='ltr'><strong>sus</strong></span> <span class='ocrx_word' id='word_1_339' title='bbox 2122 1661 2188 1714; x_wconf 89' lang='lat' dir='ltr'><strong>de</strong></span> <span class='ocrx_word' id='word_1_340' title='bbox 2222 1667 2386 1725; x_wconf 89' lang='lat' dir='ltr'><strong>terra,</strong></span> <span class='ocrx_word' id='word_1_341' title='bbox 2419 1669 2473 1713; x_wconf 91' lang='lat' dir='ltr'><strong>et</strong></span> <span class='ocrx_word' id='word_1_342' title='bbox 2505 1659 2595 1728; x_wconf 87' lang='lat' dir='ltr'><strong>qui</strong></span> <span class='ocrx_word' id='word_1_343' title='bbox 2638 1670 2784 1714; x_wconf 85' lang='lat' dir='ltr'><strong>recte</strong></span> <span class='ocrx_word' id='word_1_344' title='bbox 2821 1659 2987 1713; x_wconf 81' lang='lat' dir='ltr'><strong>faciat</strong></span> <span class='ocrx_word' id='word_1_345' title='bbox 3018 1659 3068 1712; x_wconf 90' lang='lat' dir='ltr'><strong>in</strong></span> <span class='ocrx_word' id='word_1_346' title='bbox 3104 1658 3428 1722; x_wconf 87' lang='lat' dir='ltr'><strong>hominibus,</strong></span> <span class='ocrx_word' id='word_1_347' title='bbox 3453 1672 3560 1711; x_wconf 88' lang='lat' dir='ltr'><strong>non</strong></span> 
     </span>
    </p>
   </div>
   <div class='ocr_carea' id='block_1_48' title="bbox 1989 1749 3563 1818">
    <p class='ocr_par' dir='ltr' id='par_1_48' title="bbox 1989 1749 3563 1818">
     <span class='ocr_line' id='line_1_48' title="bbox 1989 1749 3563 1818; baseline -0.001 -13"><span class='ocrx_word' id='word_1_348' title='bbox 1989 1760 2109 1806; x_wconf 86' lang='lat' dir='ltr'><strong>est:</strong></span> <span class='ocrx_word' id='word_1_349' title='bbox 2160 1763 2348 1803; x_wconf 91' lang='lat' dir='ltr'><strong>omnes</strong></span> <span class='ocrx_word' id='word_1_350' title='bbox 2405 1749 2456 1802; x_wconf 90' lang='lat' dir='ltr'><strong>in</strong></span> <span class='ocrx_word' id='word_1_351' title='bbox 2506 1750 2799 1818; x_wconf 83' lang='lat' dir='ltr'><strong>sanguines</strong></span> <span class='ocrx_word' id='word_1_352' title='bbox 2857 1749 3139 1818; x_wconf 88' lang='lat' dir='ltr'><strong>judicant,</strong></span> <span class='ocrx_word' id='word_1_353' title='bbox 3193 1750 3563 1818; x_wconf 81' lang='lat' dir='ltr'><strong>unusquisque</strong></span> 
     </span>
    </p>
   </div>
   <div class='ocr_carea' id='block_1_49' title="bbox 1989 1839 3571 1912">
    <p class='ocr_par' dir='ltr' id='par_1_49' title="bbox 1989 1839 3571 1912">
     <span class='ocr_line' id='line_1_49' title="bbox 1989 1839 3571 1912; baseline -0.001 -19"><span class='ocrx_word' id='word_1_354' title='bbox 1989 1843 2294 1912; x_wconf 83' lang='lat' dir='ltr'><strong>proximum</strong></span> <span class='ocrx_word' id='word_1_355' title='bbox 2328 1855 2484 1895; x_wconf 89' lang='lat' dir='ltr'><strong>suum</strong></span> <span class='ocrx_word' id='word_1_356' title='bbox 2515 1840 2772 1896; x_wconf 79' lang='lat' dir='ltr'><strong>tribulam</strong></span> <span class='ocrx_word' id='word_1_357' title='bbox 2809 1839 3150 1895; x_wconf 83' lang='lat' dir='ltr'><strong>tribulatione</strong></span> <span class='ocrx_word' id='word_1_358' title='bbox 3175 1841 3239 1894; x_wconf 70' lang='grc' dir='ltr'><strong>δ’.</strong></span> <span class='ocrx_word' id='word_1_359' title='bbox 3278 1859 3296 1890; x_wconf 77' lang='grc' dir='ltr'><strong>ι</strong></span> <span class='ocrx_word' id='word_1_360' title='bbox 3325 1840 3428 1894; x_wconf 85' lang='lat' dir='ltr'><strong>Sed</strong></span> <span class='ocrx_word' id='word_1_361' title='bbox 3450 1839 3571 1908; x_wconf 56' lang='lat' dir='ltr'><strong>hanc,</strong></span> 
     </span>
    </p>
   </div>
   <div class='ocr_carea' id='block_1_50' title="bbox 1989 1933 2516 2002">
    <p class='ocr_par' dir='ltr' id='par_1_50' title="bbox 1989 1933 2516 2002">
     <span class='ocr_line' id='line_1_50' title="bbox 1989 1933 2516 2002; baseline 0 -18"><span class='ocrx_word' id='word_1_362' title='bbox 1989 1934 2204 2002; x_wconf 90' lang='lat' dir='ltr'><strong>quidem</strong></span> <span class='ocrx_word' id='word_1_363' title='bbox 2240 1933 2516 1989; x_wconf 83' lang='lat' dir='ltr'><strong>historice.</strong></span> 
     </span>
    </p>
   </div>
   <div class='ocr_carea' id='block_1_51' title="bbox 2060 2215 3560 2291">
    <p class='ocr_par' dir='ltr' id='par_1_51' title="bbox 2060 2215 3560 2291">
     <span class='ocr_line' id='line_1_51' title="bbox 2060 2215 3560 2291; baseline -0.005 -13"><span class='ocrx_word' id='word_1_364' title='bbox 2060 2224 2139 2278; x_wconf 84' lang='lat' dir='ltr'><strong>Ad</strong></span> <span class='ocrx_word' id='word_1_365' title='bbox 2191 2223 2438 2280; x_wconf 88' lang='lat' dir='ltr'><strong>intimum</strong></span> <span class='ocrx_word' id='word_1_366' title='bbox 2474 2234 2639 2291; x_wconf 90' lang='lat' dir='ltr'><strong>porro</strong></span> <span class='ocrx_word' id='word_1_367' title='bbox 2681 2235 2900 2276; x_wconf 88' lang='lat' dir='ltr'><strong>sensum</strong></span> <span class='ocrx_word' id='word_1_368' title='bbox 2935 2218 3174 2274; x_wconf 85' lang='lat' dir='ltr'><strong>vaticinii</strong></span> <span class='ocrx_word' id='word_1_369' title='bbox 3217 2218 3377 2272; x_wconf 86' lang='lat' dir='ltr'><strong>verba</strong></span> <span class='ocrx_word' id='word_1_370' title='bbox 3429 2215 3560 2271; x_wconf 88' lang='lat' dir='ltr'><strong>diri-</strong></span> 
     </span>
    </p>
   </div>
   <div class='ocr_carea' id='block_1_52' title="bbox 1989 2306 3560 2383">
    <p class='ocr_par' dir='ltr' id='par_1_52' title="bbox 1989 2306 3560 2383">
     <span class='ocr_line' id='line_1_52' title="bbox 1989 2306 3560 2383; baseline -0.005 -17"><span class='ocrx_word' id='word_1_371' title='bbox 1989 2324 2198 2383; x_wconf 78' lang='lat' dir='ltr'><strong>gentes,</strong></span> <span class='ocrx_word' id='word_1_372' title='bbox 2235 2312 2366 2367; x_wconf 91' lang='lat' dir='ltr'><strong>illud</strong></span> <span class='ocrx_word' id='word_1_373' title='bbox 2405 2312 2658 2367; x_wconf 89' lang='lat' dir='ltr'><strong>dicimus.</strong></span> <span class='ocrx_word' id='word_1_374' title='bbox 2698 2311 2831 2378; x_wconf 83' lang='lat' dir='ltr'><strong>Quia</strong></span> <span class='ocrx_word' id='word_1_375' title='bbox 2873 2310 2926 2364; x_wconf 92' lang='lat' dir='ltr'><strong>in</strong></span> <span class='ocrx_word' id='word_1_376' title='bbox 2976 2310 3199 2380; x_wconf 86' lang='lat' dir='ltr'><strong>regione</strong></span> <span class='ocrx_word' id='word_1_377' title='bbox 3230 2306 3560 2374; x_wconf 61' lang='lat' dir='ltr'><strong>Judaeorum,</strong></span> 
     </span>
    </p>
   </div>
   <div class='ocr_carea' id='block_1_53' title="bbox 1989 2398 3565 2472">
    <p class='ocr_par' dir='ltr' id='par_1_53' title="bbox 1989 2398 3565 2472">
     <span class='ocr_line' id='line_1_53' title="bbox 1989 2398 3565 2472; baseline -0.003 -16"><span class='ocrx_word' id='word_1_378' title='bbox 1989 2403 2104 2457; x_wconf 83' lang='lat' dir='ltr'><strong>sive</strong></span> <span class='ocrx_word' id='word_1_379' title='bbox 2151 2403 2292 2472; x_wconf 87' lang='lat' dir='ltr'><strong>apud</strong></span> <span class='ocrx_word' id='word_1_380' title='bbox 2325 2403 2470 2470; x_wconf 87' lang='lat' dir='ltr'><strong>ipsos</strong></span> <span class='ocrx_word' id='word_1_381' title='bbox 2495 2401 2707 2457; x_wconf 65' lang='lat' dir='ltr'><strong>Iudaeos</strong></span> <span class='ocrx_word' id='word_1_382' title='bbox 2755 2417 2860 2455; x_wconf 89' lang='lat' dir='ltr'><strong>non</strong></span> <span class='ocrx_word' id='word_1_383' title='bbox 2905 2400 3242 2465; x_wconf 85' lang='lat' dir='ltr'><strong>est&#39;veritas,</strong></span> <span class='ocrx_word' id='word_1_384' title='bbox 3273 2414 3372 2454; x_wconf 84' lang='lat' dir='ltr'><strong>nec</strong></span> <span class='ocrx_word' id='word_1_385' title='bbox 3402 2398 3565 2452; x_wconf 86' lang='lat' dir='ltr'><strong>mise-</strong></span> 
     </span>
    </p>
   </div>
   <div class='ocr_carea' id='block_1_54' title="bbox 1993 2488 3562 2562">
    <p class='ocr_par' dir='ltr' id='par_1_54' title="bbox 1993 2488 3562 2562">
     <span class='ocr_line' id='line_1_54' title="bbox 1993 2488 3562 2562; baseline -0.001 -18"><span class='ocrx_word' id='word_1_386' title='bbox 1993 2495 2252 2559; x_wconf 87' lang='lat' dir='ltr'><strong>ricordia,</strong></span> <span class='ocrx_word' id='word_1_387' title='bbox 2280 2511 2378 2550; x_wconf 89' lang='lat' dir='ltr'><strong>nec</strong></span> <span class='ocrx_word' id='word_1_388' title='bbox 2408 2497 2636 2550; x_wconf 89' lang='lat' dir='ltr'><strong>scientia</strong></span> <span class='ocrx_word' id='word_1_389' title='bbox 2667 2493 2759 2548; x_wconf 89' lang='lat' dir='ltr'><strong>Dei</strong></span> <span class='ocrx_word' id='word_1_390' title='bbox 2803 2493 2939 2562; x_wconf 82' lang='lat' dir='ltr'><strong>(haec</strong></span> <span class='ocrx_word' id='word_1_391' title='bbox 2975 2502 3152 2545; x_wconf 87' lang='lat' dir='ltr'><strong>autem</strong></span> <span class='ocrx_word' id='word_1_392' title='bbox 3202 2506 3324 2544; x_wconf 89' lang='lat' dir='ltr'><strong>esse</strong></span> <span class='ocrx_word' id='word_1_393' title='bbox 3370 2499 3424 2544; x_wconf 89' lang='lat' dir='ltr'><strong>et</strong></span> <span class='ocrx_word' id='word_1_394' title='bbox 3457 2488 3562 2543; x_wconf 86' lang='lat' dir='ltr'><strong>dici</strong></span> 
     </span>
    </p>
   </div>
   <div class='ocr_carea' id='block_1_55' title="bbox 1991 2579 3562 2662">
    <p class='ocr_par' dir='ltr' id='par_1_55' title="bbox 1991 2579 3562 2662">
     <span class='ocr_line' id='line_1_55' title="bbox 1991 2579 3562 2662; baseline -0.001 -26"><span class='ocrx_word' id='word_1_395' title='bbox 1991 2584 2398 2662; x_wconf 38' lang='lat' dir='ltr'><strong>Ennnanuel’em</strong></span> <span class='ocrx_word' id='word_1_396' title='bbox 2436 2585 2788 2653; x_wconf 88' lang='lat' dir='ltr'><strong>monuimus),</strong></span> <span class='ocrx_word' id='word_1_397' title='bbox 2819 2584 3152 2652; x_wconf 85' lang='lat' dir='ltr'><strong>invaluitque</strong></span> <span class='ocrx_word' id='word_1_398' title='bbox 3181 2584 3360 2650; x_wconf 90' lang='lat' dir='ltr'><strong>potius</strong></span> <span class='ocrx_word' id='word_1_399' title='bbox 3391 2579 3562 2634; x_wconf 84' lang='lat' dir='ltr'><strong>male-</strong></span> 
     </span>
    </p>
   </div>
   <div class='ocr_carea' id='block_1_56' title="bbox 1991 2672 3563 2739">
    <p class='ocr_par' dir='ltr' id='par_1_56' title="bbox 1991 2672 3563 2739">
     <span class='ocr_line' id='line_1_56' title="bbox 1991 2672 3563 2739; baseline -0.004 -9"><span class='ocrx_word' id='word_1_400' title='bbox 1991 2677 2189 2732; x_wconf 80' lang='lat' dir='ltr'><strong>dictum</strong></span> <span class='ocrx_word' id='word_1_401' title='bbox 2233 2686 2286 2730; x_wconf 91' lang='lat' dir='ltr'><strong>et</strong></span> <span class='ocrx_word' id='word_1_402' title='bbox 2325 2675 2688 2739; x_wconf 86' lang='lat' dir='ltr'><strong>mendacium,</strong></span> <span class='ocrx_word' id='word_1_403' title='bbox 2716 2684 2770 2729; x_wconf 90' lang='lat' dir='ltr'><strong>ct</strong></span> <span class='ocrx_word' id='word_1_404' title='bbox 2804 2675 3124 2728; x_wconf 87' lang='lat' dir='ltr'><strong>studuerunt</strong></span> <span class='ocrx_word' id='word_1_405' title='bbox 3155 2672 3332 2737; x_wconf 80' lang='lat' dir='ltr'><strong>furtis,</strong></span> <span class='ocrx_word' id='word_1_406' title='bbox 3363 2679 3416 2726; x_wconf 90' lang='lat' dir='ltr'><strong>et</strong></span> <span class='ocrx_word' id='word_1_407' title='bbox 3436 2686 3563 2724; x_wconf 88' lang='lat' dir='ltr'><strong>san-</strong></span> 
     </span>
    </p>
   </div>
   <div class='ocr_carea' id='block_1_57' title="bbox 1992 2758 3562 2834">
    <p class='ocr_par' dir='ltr' id='par_1_57' title="bbox 1992 2758 3562 2834">
     <span class='ocr_line' id='line_1_57' title="bbox 1992 2758 3562 2834; baseline -0.001 -20"><span class='ocrx_word' id='word_1_408' title='bbox 1992 2764 2178 2834; x_wconf 80' lang='lat' dir='ltr'><strong>guines</strong></span> <span class='ocrx_word' id='word_1_409' title='bbox 2207 2763 2259 2817; x_wconf 89' lang='lat' dir='ltr'><strong>in</strong></span> <span class='ocrx_word' id='word_1_410' title='bbox 2293 2763 2646 2832; x_wconf 84' lang='lat' dir='ltr'><strong>sanguinibus</strong></span> <span class='ocrx_word' id='word_1_411' title='bbox 2692 2762 3028 2815; x_wconf 89' lang='lat' dir='ltr'><strong>miscuerunt</strong></span> <span class='ocrx_word' id='word_1_412' title='bbox 3071 2758 3288 2830; x_wconf 87' lang='lat' dir='ltr'><strong>(occisis</strong></span> <span class='ocrx_word' id='word_1_413' title='bbox 3330 2772 3562 2826; x_wconf 86' lang='lat' dir='ltr'><strong>namque</strong></span> 
     </span>
    </p>
   </div>
   <div class='ocr_carea' id='block_1_58' title="bbox 1992 2849 3566 2922">
    <p class='ocr_par' dir='ltr' id='par_1_58' title="bbox 1992 2849 3566 2922">
     <span class='ocr_line' id='line_1_58' title="bbox 1992 2849 3566 2922; baseline -0.002 -17"><span class='ocrx_word' id='word_1_414' title='bbox 1992 2853 2290 2922; x_wconf 85' lang='lat' dir='ltr'><strong>prophetis,</strong></span> <span class='ocrx_word' id='word_1_415' title='bbox 2320 2863 2378 2906; x_wconf 90' lang='lat' dir='ltr'><strong>ut</strong></span> <span class='ocrx_word' id='word_1_416' title='bbox 2408 2851 2538 2915; x_wconf 74' lang='lat' dir='ltr'><strong>dixi,</strong></span> <span class='ocrx_word' id='word_1_417' title='bbox 2571 2861 2622 2906; x_wconf 91' lang='lat' dir='ltr'><strong>et</strong></span> <span class='ocrx_word' id='word_1_418' title='bbox 2653 2852 2827 2921; x_wconf 89' lang='lat' dir='ltr'><strong>ipsum</strong></span> <span class='ocrx_word' id='word_1_419' title='bbox 2866 2850 3047 2906; x_wconf 82' lang='lat' dir='ltr'><strong>Jesum</strong></span> <span class='ocrx_word' id='word_1_420' title='bbox 3079 2850 3435 2919; x_wconf 78' lang='lat' dir='ltr'><strong>ceciderunt).</strong></span> <span class='ocrx_word' id='word_1_421' title='bbox 3457 2849 3566 2902; x_wconf 85' lang='lat' dir='ltr'><strong>Lu-</strong></span> 
     </span>
    </p>
   </div>
   <div class='ocr_carea' id='block_1_59' title="bbox 1993 2942 3560 3016">
    <p class='ocr_par' dir='ltr' id='par_1_59' title="bbox 1993 2942 3560 3016">
     <span class='ocr_line' id='line_1_59' title="bbox 1993 2942 3560 3016; baseline -0.004 -19"><span class='ocrx_word' id='word_1_422' title='bbox 1993 2944 2138 3016; x_wconf 81' lang='lat' dir='ltr'><strong>gebit</strong></span> <span class='ocrx_word' id='word_1_423' title='bbox 2173 2944 2226 2998; x_wconf 91' lang='lat' dir='ltr'><strong>in</strong></span> <span class='ocrx_word' id='word_1_424' title='bbox 2281 2953 2558 3014; x_wconf 88' lang='lat' dir='ltr'><strong>posterum</strong></span> <span class='ocrx_word' id='word_1_425' title='bbox 2619 2952 2760 2998; x_wconf 86' lang='lat' dir='ltr'><strong>terra</strong></span> <span class='ocrx_word' id='word_1_426' title='bbox 2805 2959 2906 2997; x_wconf 86' lang='lat' dir='ltr'><strong>una</strong></span> <span class='ocrx_word' id='word_1_427' title='bbox 2951 2957 3074 2996; x_wconf 90' lang='lat' dir='ltr'><strong>cum</strong></span> <span class='ocrx_word' id='word_1_428' title='bbox 3126 2942 3560 3004; x_wconf 75' lang='lat' dir='ltr'><strong>habitatoribus,</strong></span> 
     </span>
    </p>
   </div>
   <div class='ocr_carea' id='block_1_60' title="bbox 304 3028 1892 3131">
    <p class='ocr_par' dir='ltr' id='par_1_60' title="bbox 304 3028 1887 3107">
     <span class='ocr_line' id='line_1_60' title="bbox 304 3028 1887 3107; baseline 0.006 -30"><span class='ocrx_word' id='word_1_429' title='bbox 304 3031 422 3090; x_wconf 78' lang='grc' dir='ltr'>τοῖς</span> <span class='ocrx_word' id='word_1_430' title='bbox 468 3028 746 3093; x_wconf 80' lang='grc' dir='ltr'>κατοίκοις</span> <span class='ocrx_word' id='word_1_431' title='bbox 789 3029 926 3101; x_wconf 84' lang='grc' dir='ltr'>ὁμοῦ</span> <span class='ocrx_word' id='word_1_432' title='bbox 968 3033 1088 3095; x_wconf 86' lang='grc' dir='ltr'>ταῖς</span> <span class='ocrx_word' id='word_1_433' title='bbox 1149 3032 1435 3104; x_wconf 83' lang='grc' dir='ltr'>Ῥωμαίων</span> <span class='ocrx_word' id='word_1_434' title='bbox 1496 3035 1887 3107; x_wconf 83' lang='grc' dir='ltr'>ἐμπιπραμένη</span> 
     </span>
    </p>
   </div>
   <div class='ocr_carea' id='block_1_61' title="bbox 1995 3028 3564 3131">
    <p class='ocr_par' dir='ltr' id='par_1_61' title="bbox 1997 3035 3564 3096">
     <span class='ocr_line' id='line_1_61' title="bbox 1997 3035 3564 3096; baseline -0.003 -8"><span class='ocrx_word' id='word_1_435' title='bbox 1997 3037 2240 3090; x_wconf 86' lang='lat' dir='ltr'><strong>manibus</strong></span> <span class='ocrx_word' id='word_1_436' title='bbox 2287 3037 2658 3090; x_wconf 80' lang='lat' dir='ltr'><strong>Romanorum</strong></span> <span class='ocrx_word' id='word_1_437' title='bbox 2711 3037 2949 3090; x_wconf 89' lang='lat' dir='ltr'><strong>incensa.</strong></span> <span class='ocrx_word' id='word_1_438' title='bbox 2991 3035 3160 3089; x_wconf 85' lang='lat' dir='ltr'><strong>Erunt</strong></span> <span class='ocrx_word' id='word_1_439' title='bbox 3201 3045 3378 3088; x_wconf 85' lang='lat' dir='ltr'><strong>antem</strong></span> <span class='ocrx_word' id='word_1_440' title='bbox 3424 3037 3564 3096; x_wconf 60' lang='lat' dir='ltr'><strong>hare.</strong></span> 
     </span>
    </p>
   </div>
   <div class='ocr_carea' id='block_1_62' title="bbox 307 3120 1891 3199">
    <p class='ocr_par' dir='ltr' id='par_1_62' title="bbox 307 3120 1891 3199">
     <span class='ocr_line' id='line_1_62' title="bbox 307 3120 1891 3199; baseline 0.008 -30"><span class='ocrx_word' id='word_1_441' title='bbox 307 3120 526 3190; x_wconf 79' lang='grc' dir='ltr'>χερσίν.</span> <span class='ocrx_word' id='word_1_442' title='bbox 562 3123 756 3174; x_wconf 81' lang='grc' dir='ltr'>Ἔσται</span> <span class='ocrx_word' id='word_1_443' title='bbox 785 3121 842 3174; x_wconf 84' lang='grc' dir='ltr'><strong>δέ</strong></span> <span class='ocrx_word' id='word_1_444' title='bbox 869 3123 1062 3188; x_wconf 89' lang='grc' dir='ltr'>ταῦτα,</span> <span class='ocrx_word' id='word_1_445' title='bbox 1099 3127 1313 3197; x_wconf 78' lang='grc' dir='ltr'>φησὶν,ι</span> <span class='ocrx_word' id='word_1_446' title='bbox 1353 3126 1472 3180; x_wconf 84' lang='grc' dir='ltr'>Ἵνα</span> <span class='ocrx_word' id='word_1_447' title='bbox 1503 3128 1639 3197; x_wconf 84' lang='grc' dir='ltr'>μήτε</span> <span class='ocrx_word' id='word_1_448' title='bbox 1669 3127 1891 3199; x_wconf 76' lang='grc' dir='ltr'>δικάζη-</span> 
     </span>
    </p>
   </div>
   <div class='ocr_carea' id='block_1_63' title="bbox 306 3213 1892 3290">
    <p class='ocr_par' dir='ltr' id='par_1_63' title="bbox 306 3213 1892 3290">
     <span class='ocr_line' id='line_1_63' title="bbox 306 3213 1892 3290; baseline 0.003 -26"><span class='ocrx_word' id='word_1_449' title='bbox 306 3229 424 3275; x_wconf 78' lang='grc' dir='ltr'>ται,</span> <span class='ocrx_word' id='word_1_450' title='bbox 477 3213 616 3283; x_wconf 86' lang='grc' dir='ltr'>μήτε</span> <span class='ocrx_word' id='word_1_451' title='bbox 665 3213 868 3286; x_wconf 77' lang='grc' dir='ltr'>ἐλέγχῃ</span> <span class='ocrx_word' id='word_1_452' title='bbox 919 3216 1125 3286; x_wconf 84' lang='grc' dir='ltr'>μηδείς.</span> <span class='ocrx_word' id='word_1_453' title='bbox 1163 3235 1183 3269; x_wconf 68' lang='grc' dir='ltr'><strong>ι</strong></span> <span class='ocrx_word' id='word_1_454' title='bbox 1224 3217 1402 3290; x_wconf 86' lang='grc' dir='ltr'>Ὅπερ</span> <span class='ocrx_word' id='word_1_455' title='bbox 1452 3218 1602 3270; x_wconf 75' lang='grc' dir='ltr'>ἐστὶν</span> <span class='ocrx_word' id='word_1_456' title='bbox 1645 3218 1892 3290; x_wconf 80' lang='grc' dir='ltr'>ἐναργῶς</span> 
     </span>
    </p>
   </div>
   <div class='ocr_carea' id='block_1_64' title="bbox 307 3305 1892 3381">
    <p class='ocr_par' dir='ltr' id='par_1_64' title="bbox 307 3305 1892 3381">
     <span class='ocr_line' id='line_1_64' title="bbox 307 3305 1892 3381; baseline 0.004 -23"><span class='ocrx_word' id='word_1_457' title='bbox 307 3305 715 3377; x_wconf 77' lang='grc' dir='ltr'>ἐπαιτιωμένου</span> <span class='ocrx_word' id='word_1_458' title='bbox 744 3308 866 3371; x_wconf 79' lang='grc' dir='ltr'>τοὺς</span> <span class='ocrx_word' id='word_1_459' title='bbox 911 3308 1217 3376; x_wconf 83' lang='grc' dir='ltr'>Ἰουδαίους,</span> <span class='ocrx_word' id='word_1_460' title='bbox 1252 3310 1328 3372; x_wconf 86' lang='grc' dir='ltr'>ὡς</span> <span class='ocrx_word' id='word_1_461' title='bbox 1371 3310 1770 3381; x_wconf 82' lang='grc' dir='ltr'>δικασαμένους</span> <span class='ocrx_word' id='word_1_462' title='bbox 1797 3313 1892 3365; x_wconf 86' lang='grc' dir='ltr'><strong>ἀν-</strong></span> 
     </span>
    </p>
   </div>
   <div class='ocr_carea' id='block_1_65' title="bbox 307 3397 1892 3474">
    <p class='ocr_par' dir='ltr' id='par_1_65' title="bbox 307 3397 1892 3474">
     <span class='ocr_line' id='line_1_65' title="bbox 307 3397 1892 3474; baseline 0.002 -22"><span class='ocrx_word' id='word_1_463' title='bbox 307 3400 498 3462; x_wconf 80' lang='grc' dir='ltr'>οσίως,</span> <span class='ocrx_word' id='word_1_464' title='bbox 519 3400 615 3452; x_wconf 72' lang='grc' dir='ltr'><strong>καὶ</strong></span> <span class='ocrx_word' id='word_1_465' title='bbox 647 3401 1097 3469; x_wconf 79' lang='grc' dir='ltr'>κατελέγξαντας,</span> <span class='ocrx_word' id='word_1_466' title='bbox 1125 3403 1243 3474; x_wconf 69' lang='grc' dir='ltr'>ἦτοι</span> <span class='ocrx_word' id='word_1_467' title='bbox 1267 3397 1892 3474; x_wconf 73' lang='grc' dir='ltr'>ψευδομαρτυρήσαντας</span> 
     </span>
    </p>
   </div>
   <div class='ocr_carea' id='block_1_66' title="bbox 308 3492 1894 3566">
    <p class='ocr_par' dir='ltr' id='par_1_66' title="bbox 308 3492 1894 3566">
     <span class='ocr_line' id='line_1_66' title="bbox 308 3492 1894 3566; baseline 0.002 -22"><span class='ocrx_word' id='word_1_468' title='bbox 308 3493 411 3545; x_wconf 77' lang='grc' dir='ltr'><strong>τοῦ</strong></span> <span class='ocrx_word' id='word_1_469' title='bbox 456 3493 716 3563; x_wconf 77' lang='grc' dir='ltr'>Χριστοῦ.</span> <span class='ocrx_word' id='word_1_470' title='bbox 759 3492 825 3548; x_wconf 78' lang='lat' dir='ltr'><strong>Ol</strong></span> <span class='ocrx_word' id='word_1_471' title='bbox 873 3495 970 3564; x_wconf 81' lang='grc' dir='ltr'><strong>μὲν</strong></span> <span class='ocrx_word' id='word_1_472' title='bbox 1012 3495 1122 3565; x_wconf 75' lang='grc' dir='ltr'>γὰρ</span> <span class='ocrx_word' id='word_1_473' title='bbox 1171 3494 1462 3566; x_wconf 78' lang='grc' dir='ltr'>ἡγούμενοι</span> <span class='ocrx_word' id='word_1_474' title='bbox 1495 3496 1768 3565; x_wconf 80' lang='grc' dir='ltr'>προσῆγον</span> <span class='ocrx_word' id='word_1_475' title='bbox 1798 3496 1894 3548; x_wconf 91' lang='grc' dir='ltr'><strong>Πι-</strong></span> 
     </span>
    </p>
   </div>
   <div class='ocr_carea' id='block_1_67' title="bbox 310 3582 1891 3656">
    <p class='ocr_par' dir='ltr' id='par_1_67' title="bbox 310 3582 1891 3656">
     <span class='ocr_line' id='line_1_67' title="bbox 310 3582 1891 3656; baseline 0.003 -22"><span class='ocrx_word' id='word_1_476' title='bbox 310 3583 502 3653; x_wconf 64' lang='grc' dir='ltr'>λᾶτῳ,</span> <span class='ocrx_word' id='word_1_477' title='bbox 561 3582 906 3653; x_wconf 78' lang='grc' dir='ltr'>δικαζόμενοι</span> <span class='ocrx_word' id='word_1_478' title='bbox 964 3601 1022 3636; x_wconf 87' lang='grc' dir='ltr'><strong>τε</strong></span> <span class='ocrx_word' id='word_1_479' title='bbox 1077 3584 1172 3637; x_wconf 60' lang='grc' dir='ltr'><strong>καὶ⁵</strong></span> <span class='ocrx_word' id='word_1_480' title='bbox 1226 3584 1658 3656; x_wconf 87' lang='grc' dir='ltr'>κατηγοροῦντες</span> <span class='ocrx_word' id='word_1_481' title='bbox 1704 3583 1891 3639; x_wconf 78' lang='grc' dir='ltr'>αὑτοῦ.</span> 
     </span>
    </p>
   </div>
   <div class='ocr_carea' id='block_1_68' title="bbox 313 3675 1895 3749">
    <p class='ocr_par' dir='ltr' id='par_1_68' title="bbox 313 3675 1895 3749">
     <span class='ocr_line' id='line_1_68' title="bbox 313 3675 1895 3749; baseline 0.003 -22"><span class='ocrx_word' id='word_1_482' title='bbox 313 3675 689 3745; x_wconf 77' lang='grc' dir='ltr'>ΙΙ-αρελθόντες</span> <span class='ocrx_word' id='word_1_483' title='bbox 714 3676 770 3729; x_wconf 85' lang='grc' dir='ltr'><strong>δέ</strong></span> <span class='ocrx_word' id='word_1_484' title='bbox 799 3693 945 3740; x_wconf 83' lang='grc' dir='ltr'>τινες</span> <span class='ocrx_word' id='word_1_485' title='bbox 969 3675 1440 3747; x_wconf 82' lang='grc' dir='ltr'>κατεμαρτύρουν,</span> <span class='ocrx_word' id='word_1_486' title='bbox 1479 3677 1641 3747; x_wconf 87' lang='grc' dir='ltr'>μόνον</span> <span class='ocrx_word' id='word_1_487' title='bbox 1679 3676 1736 3731; x_wconf 72' lang='grc' dir='ltr'>δὲ</span> <span class='ocrx_word' id='word_1_488' title='bbox 1775 3678 1895 3749; x_wconf 84' lang='grc' dir='ltr'>οὐχὶ</span> 
     </span>
    </p>
   </div>
   <div class='ocr_carea' id='block_1_69' title="bbox 316 3770 1891 3844">
    <p class='ocr_par' dir='ltr' id='par_1_69' title="bbox 316 3770 1891 3844">
     <span class='ocr_line' id='line_1_69' title="bbox 316 3770 1891 3844; baseline 0 -20"><span class='ocrx_word' id='word_1_489' title='bbox 316 3775 414 3824; x_wconf 77' lang='grc' dir='ltr'><strong>καὶ</strong></span> <span class='ocrx_word' id='word_1_490' title='bbox 437 3772 680 3842; x_wconf 82' lang='grc' dir='ltr'>ἐλέγχειν</span> <span class='ocrx_word' id='word_1_491' title='bbox 723 3771 1044 3842; x_wconf 81' lang='grc' dir='ltr'>ἀπετόλμων</span> <span class='ocrx_word' id='word_1_492' title='bbox 1064 3787 1077 3800; x_wconf 88' lang='grc'><strong>·</strong></span> <span class='ocrx_word' id='word_1_493' title='bbox 1109 3770 1535 3844; x_wconf 74' lang='grc' dir='ltr'>ψευδοεποῦντες</span> <span class='ocrx_word' id='word_1_494' title='bbox 1565 3771 1614 3823; x_wconf 79' lang='grc' dir='ltr'>οἱ</span> <span class='ocrx_word' id='word_1_495' title='bbox 1646 3771 1891 3837; x_wconf 86' lang='grc' dir='ltr'>δείλαιοι,</span> 
     </span>
    </p>
   </div>
   <div class='ocr_carea' id='block_1_70' title="bbox 318 3862 1893 3935">
    <p class='ocr_par' dir='ltr' id='par_1_70' title="bbox 318 3862 1893 3935">
     <span class='ocr_line' id='line_1_70' title="bbox 318 3862 1893 3935; baseline 0.001 -19"><span class='ocrx_word' id='word_1_496' title='bbox 318 3866 452 3918; x_wconf 81' lang='grc' dir='ltr'>ποτὲ</span> <span class='ocrx_word' id='word_1_497' title='bbox 500 3866 620 3934; x_wconf 78' lang='grc' dir='ltr'>μὲν,</span> <span class='ocrx_word' id='word_1_498' title='bbox 670 3865 752 3917; x_wconf 81' lang='grc' dir='ltr'>ὅτι</span> <span class='ocrx_word' id='word_1_499' title='bbox 798 3862 1110 3935; x_wconf 73' lang='grc' dir='ltr'>διαστρέφει</span> <span class='ocrx_word' id='word_1_500' title='bbox 1161 3863 1252 3917; x_wconf 72' lang='grc' dir='ltr'>τὸν</span> <span class='ocrx_word' id='word_1_501' title='bbox 1299 3863 1462 3917; x_wconf 79' lang='grc' dir='ltr'>λαόν·</span> <span class='ocrx_word' id='word_1_502' title='bbox 1506 3863 1634 3916; x_wconf 87' lang='grc' dir='ltr'><strong>ποτέ</strong></span> <span class='ocrx_word' id='word_1_503' title='bbox 1683 3862 1760 3926; x_wconf 85' lang='grc' dir='ltr'><strong>δέ,</strong></span> <span class='ocrx_word' id='word_1_504' title='bbox 1813 3864 1893 3918; x_wconf 82' lang='grc' dir='ltr'>ὅτι</span> 
     </span>
    </p>
   </div>
   <div class='ocr_carea' id='block_1_71' title="bbox 319 3953 1896 4026">
    <p class='ocr_par' dir='ltr' id='par_1_71' title="bbox 319 3953 1896 4026">
     <span class='ocr_line' id='line_1_71' title="bbox 319 3953 1896 4026; baseline -0.002 -17"><span class='ocrx_word' id='word_1_505' title='bbox 319 3957 511 4009; x_wconf 82' lang='grc' dir='ltr'>τούτου</span> <span class='ocrx_word' id='word_1_506' title='bbox 564 3956 817 4024; x_wconf 76' lang='grc' dir='ltr'>λέγοντος</span> <span class='ocrx_word' id='word_1_507' title='bbox 846 3954 1185 4024; x_wconf 84' lang='grc' dir='ltr'>ἀκηκόαμεν,</span> <span class='ocrx_word' id='word_1_508' title='bbox 1232 3953 1307 4016; x_wconf 82' lang='grc' dir='ltr'>ὡς</span> <span class='ocrx_word' id='word_1_509' title='bbox 1341 3953 1399 4005; x_wconf 85' lang='grc' dir='ltr'><strong>ἐν</strong></span> <span class='ocrx_word' id='word_1_510' title='bbox 1443 3953 1623 4024; x_wconf 80' lang='grc' dir='ltr'>τρισὶν</span> <span class='ocrx_word' id='word_1_511' title='bbox 1660 3953 1896 4026; x_wconf 84' lang='grc' dir='ltr'>ἡμέραις</span> 
     </span>
    </p>
   </div>
   <div class='ocr_carea' id='block_1_72' title="bbox 320 4043 1894 4118">
    <p class='ocr_par' dir='ltr' id='par_1_72' title="bbox 320 4043 1894 4118">
     <span class='ocr_line' id='line_1_72' title="bbox 320 4043 1894 4118; baseline -0.001 -18"><span class='ocrx_word' id='word_1_512' title='bbox 320 4047 618 4100; x_wconf 76' lang='grc' dir='ltr'>καταλύσει</span> <span class='ocrx_word' id='word_1_513' title='bbox 657 4048 749 4100; x_wconf 79' lang='grc' dir='ltr'><strong>τὸν</strong></span> <span class='ocrx_word' id='word_1_514' title='bbox 777 4046 904 4099; x_wconf 75' lang='grc' dir='ltr'>ναὸν</span> <span class='ocrx_word' id='word_1_515' title='bbox 935 4045 1027 4098; x_wconf 91' lang='grc' dir='ltr'><strong>τοῦ</strong></span> <span class='ocrx_word' id='word_1_516' title='bbox 1058 4045 1216 4109; x_wconf 82' lang='grc' dir='ltr'>Θεοῦ,</span> <span class='ocrx_word' id='word_1_517' title='bbox 1247 4045 1338 4097; x_wconf 78' lang='grc' dir='ltr'><strong>καὶ</strong></span> <span class='ocrx_word' id='word_1_518' title='bbox 1376 4046 1560 4118; x_wconf 89' lang='grc' dir='ltr'>ἐγερεῖ</span> <span class='ocrx_word' id='word_1_519' title='bbox 1599 4043 1762 4098; x_wconf 82' lang='grc' dir='ltr'>πάλιν</span> <span class='ocrx_word' id='word_1_520' title='bbox 1797 4046 1894 4098; x_wconf 86' lang='grc' dir='ltr'>αύ-</span> 
     </span>
    </p>
   </div>
   <div class='ocr_carea' id='block_1_73' title="bbox 316 4136 1892 4209">
    <p class='ocr_par' dir='ltr' id='par_1_73' title="bbox 316 4136 1892 4209">
     <span class='ocr_line' id='line_1_73' title="bbox 316 4136 1892 4209; baseline -0.002 -19"><span class='ocrx_word' id='word_1_521' title='bbox 316 4140 434 4191; x_wconf 76' lang='grc' dir='ltr'>τόν.</span> <span class='ocrx_word' id='word_1_522' title='bbox 475 4137 922 4209; x_wconf 80' lang='grc' dir='ltr'>Ἀναιρεθήσεται</span> <span class='ocrx_word' id='word_1_523' title='bbox 951 4137 1150 4201; x_wconf 88' lang='grc' dir='ltr'>τοίνυν,</span> <span class='ocrx_word' id='word_1_524' title='bbox 1180 4136 1334 4208; x_wconf 72' lang='grc' dir='ltr'>φησὶ,</span> <span class='ocrx_word' id='word_1_525' title='bbox 1357 4136 1504 4206; x_wconf 86' lang='grc' dir='ltr'>δίκη,</span> <span class='ocrx_word' id='word_1_526' title='bbox 1536 4136 1630 4189; x_wconf 72' lang='grc' dir='ltr'><strong>καὶ</strong></span> <span class='ocrx_word' id='word_1_527' title='bbox 1653 4136 1892 4206; x_wconf 78' lang='grc' dir='ltr'>ἔλεγχος,</span> 
     </span>
    </p>
   </div>
   <div class='ocr_carea' id='block_1_74' title="bbox 316 4229 1898 4303">
    <p class='ocr_par' dir='ltr' id='par_1_74' title="bbox 316 4229 1898 4303">
     <span class='ocr_line' id='line_1_74' title="bbox 316 4229 1898 4303; baseline -0.001 -21"><span class='ocrx_word' id='word_1_528' title='bbox 316 4235 440 4303; x_wconf 74' lang='grc' dir='ltr'>ἦτοι</span> <span class='ocrx_word' id='word_1_529' title='bbox 495 4229 916 4301; x_wconf 85' lang='grc' dir='ltr'>καταμαρτυρία</span> <span class='ocrx_word' id='word_1_530' title='bbox 967 4231 1083 4290; x_wconf 78' lang='grc' dir='ltr'>,καὶ</span> <span class='ocrx_word' id='word_1_531' title='bbox 1127 4229 1305 4299; x_wconf 73' lang='grc' dir='ltr'>ψῆφος</span> <span class='ocrx_word' id='word_1_532' title='bbox 1353 4229 1451 4281; x_wconf 81' lang='grc' dir='ltr'><strong>οὐκ</strong></span> <span class='ocrx_word' id='word_1_533' title='bbox 1509 4229 1735 4300; x_wconf 80' lang='grc' dir='ltr'>ἀληθὴς,</span> <span class='ocrx_word' id='word_1_534' title='bbox 1798 4230 1898 4282; x_wconf 79' lang='grc' dir='ltr'><strong>οὐκ</strong></span> 
     </span>
    </p>
   </div>
   <div class='ocr_carea' id='block_1_75' title="bbox 315 4316 1898 4393">
    <p class='ocr_par' dir='ltr' id='par_1_75' title="bbox 315 4316 1898 4393">
     <span class='ocr_line' id='line_1_75' title="bbox 315 4316 1898 4393; baseline -0.004 -17"><span class='ocrx_word' id='word_1_535' title='bbox 315 4327 476 4386; x_wconf 73' lang='grc' dir='ltr'>ὄντος</span> <span class='ocrx_word' id='word_1_536' title='bbox 525 4322 810 4393; x_wconf 83' lang='grc' dir='ltr'>βασιλέως,</span> <span class='ocrx_word' id='word_1_537' title='bbox 855 4319 976 4373; x_wconf 81' lang='grc' dir='ltr'>οὐδὲ</span> <span class='ocrx_word' id='word_1_538' title='bbox 1031 4319 1290 4391; x_wconf 83' lang='grc' dir='ltr'>ἄρχοντος</span> <span class='ocrx_word' id='word_1_539' title='bbox 1319 4318 1412 4372; x_wconf 86' lang='grc' dir='ltr'><strong>τοῦ</strong></span> <span class='ocrx_word' id='word_1_540' title='bbox 1444 4318 1684 4383; x_wconf 76' lang='grc' dir='ltr'>δικάζειν</span> <span class='ocrx_word' id='word_1_541' title='bbox 1712 4316 1898 4372; x_wconf 80' lang='grc' dir='ltr'>εἰωθό-</span> 
     </span>
    </p>
   </div>
   <div class='ocr_carea' id='block_1_76' title="bbox 1995 3123 3561 3196">
    <p class='ocr_par' dir='ltr' id='par_1_76' title="bbox 1995 3123 3561 3196">
     <span class='ocr_line' id='line_1_76' title="bbox 1995 3123 3561 3196; baseline -0.006 -15"><span class='ocrx_word' id='word_1_542' title='bbox 1995 3127 2188 3196; x_wconf 85' lang='lat' dir='ltr'><strong>inquit,</strong></span> <span class='ocrx_word' id='word_1_543' title='bbox 2225 3143 2246 3177; x_wconf 83' lang='grc'><em>‹</em></span> <span class='ocrx_word' id='word_1_544' title='bbox 2294 3136 2351 3180; x_wconf 93' lang='lat' dir='ltr'><strong>ut</strong></span> <span class='ocrx_word' id='word_1_545' title='bbox 2399 3139 2572 3194; x_wconf 90' lang='lat' dir='ltr'><strong>neque</strong></span> <span class='ocrx_word' id='word_1_546' title='bbox 2613 3123 2842 3194; x_wconf 70' lang='lat' dir='ltr'><strong>iudicet,</strong></span> <span class='ocrx_word' id='word_1_547' title='bbox 2876 3139 3052 3192; x_wconf 90' lang='lat' dir='ltr'><strong>neque</strong></span> <span class='ocrx_word' id='word_1_548' title='bbox 3097 3133 3288 3193; x_wconf 79' lang='lat' dir='ltr'><strong>arguat</strong></span> <span class='ocrx_word' id='word_1_549' title='bbox 3324 3123 3464 3178; x_wconf 88' lang='lat' dir='ltr'><strong>ullus</strong></span> <span class='ocrx_word' id='word_1_550' title='bbox 3493 3140 3507 3176; x_wconf 93' lang='lat'><strong>:</strong></span> <span class='ocrx_word' id='word_1_551' title='bbox 3541 3141 3561 3172; x_wconf 74' lang='grc' dir='ltr'><strong>ι</strong></span> 
     </span>
    </p>
   </div>
   <div class='ocr_carea' id='block_1_77' title="bbox 1995 3214 3564 3288">
    <p class='ocr_par' dir='ltr' id='par_1_77' title="bbox 1995 3214 3564 3288">
     <span class='ocr_line' id='line_1_77' title="bbox 1995 3214 3564 3288; baseline -0.003 -16"><span class='ocrx_word' id='word_1_552' title='bbox 1995 3219 2137 3288; x_wconf 89' lang='lat' dir='ltr'><strong>quod</strong></span> <span class='ocrx_word' id='word_1_553' title='bbox 2177 3226 2263 3274; x_wconf 87' lang='lat' dir='ltr'><strong>est</strong></span> <span class='ocrx_word' id='word_1_554' title='bbox 2299 3218 2586 3272; x_wconf 81' lang='lat' dir='ltr'><strong>manifeste</strong></span> <span class='ocrx_word' id='word_1_555' title='bbox 2618 3231 2877 3271; x_wconf 79' lang='lat' dir='ltr'><strong>accusare</strong></span> <span class='ocrx_word' id='word_1_556' title='bbox 2911 3215 3146 3280; x_wconf 64' lang='lat' dir='ltr'><strong>Judmos,</strong></span> <span class='ocrx_word' id='word_1_557' title='bbox 3178 3225 3234 3269; x_wconf 86' lang='lat' dir='ltr'><strong>ut</strong></span> <span class='ocrx_word' id='word_1_558' title='bbox 3264 3215 3353 3284; x_wconf 91' lang='lat' dir='ltr'><strong>qui</strong></span> <span class='ocrx_word' id='word_1_559' title='bbox 3401 3214 3564 3284; x_wconf 86' lang='lat' dir='ltr'><strong>impie</strong></span> 
     </span>
    </p>
   </div>
   <div class='ocr_carea' id='block_1_78' title="bbox 1987 3305 3566 3378">
    <p class='ocr_par' dir='ltr' id='par_1_78' title="bbox 1987 3305 3566 3378">
     <span class='ocr_line' id='line_1_78' title="bbox 1987 3305 3566 3378; baseline -0.003 -17"><span class='ocrx_word' id='word_1_560' title='bbox 1987 3309 2076 3377; x_wconf 88' lang='lat' dir='ltr'><strong>jus</strong></span> <span class='ocrx_word' id='word_1_561' title='bbox 2103 3309 2375 3372; x_wconf 83' lang='lat' dir='ltr'><strong>dixerunt,</strong></span> <span class='ocrx_word' id='word_1_562' title='bbox 2411 3317 2466 3363; x_wconf 91' lang='lat' dir='ltr'><strong>et</strong></span> <span class='ocrx_word' id='word_1_563' title='bbox 2492 3309 2905 3378; x_wconf 80' lang='lat' dir='ltr'><strong>redarguerunt,</strong></span> <span class='ocrx_word' id='word_1_564' title='bbox 2937 3307 3052 3361; x_wconf 87' lang='lat' dir='ltr'><strong>sive</strong></span> <span class='ocrx_word' id='word_1_565' title='bbox 3091 3306 3285 3359; x_wconf 66' lang='lat' dir='ltr'><strong>falsum</strong></span> <span class='ocrx_word' id='word_1_566' title='bbox 3324 3305 3566 3358; x_wconf 86' lang='lat' dir='ltr'><strong>testimo-</strong></span> 
     </span>
    </p>
   </div>
   <div class='ocr_carea' id='block_1_79' title="bbox 1994 3395 3559 3468">
    <p class='ocr_par' dir='ltr' id='par_1_79' title="bbox 1994 3395 3559 3468">
     <span class='ocr_line' id='line_1_79' title="bbox 1994 3395 3559 3468; baseline -0.004 -14"><span class='ocrx_word' id='word_1_567' title='bbox 1994 3402 2142 3455; x_wconf 90' lang='lat' dir='ltr'><strong>nium</strong></span> <span class='ocrx_word' id='word_1_568' title='bbox 2170 3401 2224 3454; x_wconf 92' lang='lat' dir='ltr'><strong>in</strong></span> <span class='ocrx_word' id='word_1_569' title='bbox 2255 3400 2530 3456; x_wconf 86' lang='lat' dir='ltr'><strong>Christum</strong></span> <span class='ocrx_word' id='word_1_570' title='bbox 2564 3398 2924 3468; x_wconf 86' lang='lat' dir='ltr'><strong>protulerunt.</strong></span> <span class='ocrx_word' id='word_1_571' title='bbox 2967 3397 3079 3468; x_wconf 81' lang='lat'><strong>68</strong></span> <span class='ocrx_word' id='word_1_572' title='bbox 3113 3395 3392 3465; x_wconf 89' lang='lat' dir='ltr'><strong>Principes</strong></span> <span class='ocrx_word' id='word_1_573' title='bbox 3417 3395 3559 3450; x_wconf 88' lang='lat' dir='ltr'><strong>enim</strong></span> 
     </span>
    </p>
   </div>
   <div class='ocr_carea' id='block_1_80' title="bbox 1994 3486 3565 3556">
    <p class='ocr_par' dir='ltr' id='par_1_80' title="bbox 1994 3486 3565 3556">
     <span class='ocr_line' id='line_1_80' title="bbox 1994 3486 3565 3556; baseline -0.004 -10"><span class='ocrx_word' id='word_1_574' title='bbox 1994 3492 2330 3548; x_wconf 85' lang='lat' dir='ltr'><strong>adduxerunt</strong></span> <span class='ocrx_word' id='word_1_575' title='bbox 2385 3505 2507 3546; x_wconf 90' lang='lat' dir='ltr'><strong>eum</strong></span> <span class='ocrx_word' id='word_1_576' title='bbox 2579 3491 2644 3544; x_wconf 90' lang='lat' dir='ltr'><strong>ad</strong></span> <span class='ocrx_word' id='word_1_577' title='bbox 2709 3488 2960 3553; x_wconf 81' lang='lat' dir='ltr'><strong>Pilatum,</strong></span> <span class='ocrx_word' id='word_1_578' title='bbox 3029 3489 3177 3541; x_wconf 85' lang='lat' dir='ltr'><strong>illum</strong></span> <span class='ocrx_word' id='word_1_579' title='bbox 3261 3486 3565 3556; x_wconf 85' lang='lat' dir='ltr'><strong>judicantes</strong></span> 
     </span>
    </p>
   </div>
   <div class='ocr_carea' id='block_1_81' title="bbox 1995 3578 3562 3652">
    <p class='ocr_par' dir='ltr' id='par_1_81' title="bbox 1995 3578 3562 3652">
     <span class='ocr_line' id='line_1_81' title="bbox 1995 3578 3562 3652; baseline -0.006 -11"><span class='ocrx_word' id='word_1_580' title='bbox 1995 3596 2049 3641; x_wconf 91' lang='lat' dir='ltr'><strong>et</strong></span> <span class='ocrx_word' id='word_1_581' title='bbox 2076 3592 2413 3640; x_wconf 87' lang='lat' dir='ltr'><strong>accusantes.</strong></span> <span class='ocrx_word' id='word_1_582' title='bbox 2447 3582 2726 3652; x_wconf 79' lang='lat' dir='ltr'><strong>Progressi</strong></span> <span class='ocrx_word' id='word_1_583' title='bbox 2755 3580 2946 3634; x_wconf 89' lang='lat' dir='ltr'><strong>deinde</strong></span> <span class='ocrx_word' id='word_1_584' title='bbox 2975 3581 3194 3648; x_wconf 89' lang='lat' dir='ltr'><strong>quidam</strong></span> <span class='ocrx_word' id='word_1_585' title='bbox 3227 3579 3278 3632; x_wconf 92' lang='lat' dir='ltr'><strong>in</strong></span> <span class='ocrx_word' id='word_1_586' title='bbox 3304 3578 3562 3642; x_wconf 86' lang='lat' dir='ltr'><strong>medium,</strong></span> 
     </span>
    </p>
   </div>
   <div class='ocr_carea' id='block_1_82' title="bbox 1997 3672 3562 3744">
    <p class='ocr_par' dir='ltr' id='par_1_82' title="bbox 1997 3672 3562 3744">
     <span class='ocr_line' id='line_1_82' title="bbox 1997 3672 3562 3744; baseline -0.004 -13"><span class='ocrx_word' id='word_1_587' title='bbox 1997 3677 2369 3732; x_wconf 84' lang='lat' dir='ltr'><strong>testimonium</strong></span> <span class='ocrx_word' id='word_1_588' title='bbox 2408 3685 2597 3730; x_wconf 89' lang='lat' dir='ltr'><strong>contra</strong></span> <span class='ocrx_word' id='word_1_589' title='bbox 2631 3674 2806 3744; x_wconf 88' lang='lat' dir='ltr'><strong>ipsum</strong></span> <span class='ocrx_word' id='word_1_590' title='bbox 2843 3672 3253 3744; x_wconf 89' lang='lat' dir='ltr'><strong>perhibuerunt,</strong></span> <span class='ocrx_word' id='word_1_591' title='bbox 3277 3681 3328 3726; x_wconf 90' lang='lat' dir='ltr'><strong>et</strong></span> <span class='ocrx_word' id='word_1_592' title='bbox 3356 3679 3562 3726; x_wconf 78' lang='lat' dir='ltr'><strong>lunlum</strong></span> 
     </span>
    </p>
   </div>
   <div class='ocr_carea' id='block_1_83' title="bbox 1995 3763 3564 3838">
    <p class='ocr_par' dir='ltr' id='par_1_83' title="bbox 1995 3763 3564 3838">
     <span class='ocr_line' id='line_1_83' title="bbox 1995 3763 3564 3838; baseline -0.005 -14"><span class='ocrx_word' id='word_1_593' title='bbox 1995 3785 2102 3825; x_wconf 84' lang='lat' dir='ltr'><strong>non</strong></span> <span class='ocrx_word' id='word_1_594' title='bbox 2162 3768 2338 3837; x_wconf 89' lang='lat' dir='ltr'><strong>ipsum</strong></span> <span class='ocrx_word' id='word_1_595' title='bbox 2400 3779 2615 3838; x_wconf 84' lang='lat' dir='ltr'><strong>quoque</strong></span> <span class='ocrx_word' id='word_1_596' title='bbox 2667 3764 3001 3835; x_wconf 80' lang='lat' dir='ltr'><strong>argumentis</strong></span> <span class='ocrx_word' id='word_1_597' title='bbox 3060 3764 3380 3818; x_wconf 88' lang='lat' dir='ltr'><strong>convincere</strong></span> <span class='ocrx_word' id='word_1_598' title='bbox 3447 3763 3564 3817; x_wconf 81' lang='lat' dir='ltr'><strong>ausi</strong></span> 
     </span>
    </p>
   </div>
   <div class='ocr_carea' id='block_1_84' title="bbox 1995 3855 3561 3923">
    <p class='ocr_par' dir='ltr' id='par_1_84' title="bbox 1995 3855 3561 3923">
     <span class='ocr_line' id='line_1_84' title="bbox 1995 3855 3561 3923; baseline -0.005 -9"><span class='ocrx_word' id='word_1_599' title='bbox 1995 3869 2140 3923; x_wconf 90' lang='lat' dir='ltr'><strong>sunt,</strong></span> <span class='ocrx_word' id='word_1_600' title='bbox 2165 3858 2492 3913; x_wconf 87' lang='lat' dir='ltr'><strong>mentientes</strong></span> <span class='ocrx_word' id='word_1_601' title='bbox 2515 3856 2720 3920; x_wconf 89' lang='lat' dir='ltr'><strong>miseri,</strong></span> <span class='ocrx_word' id='word_1_602' title='bbox 2756 3871 2921 3918; x_wconf 85' lang='lat' dir='ltr'><strong>nunc,</strong></span> <span class='ocrx_word' id='word_1_603' title='bbox 2954 3870 3075 3908; x_wconf 89' lang='lat' dir='ltr'><strong>eum</strong></span> <span class='ocrx_word' id='word_1_604' title='bbox 3107 3855 3365 3909; x_wconf 87' lang='lat' dir='ltr'><strong>seducere</strong></span> <span class='ocrx_word' id='word_1_605' title='bbox 3391 3868 3561 3923; x_wconf 80' lang='lat' dir='ltr'><strong>popu-</strong></span> 
     </span>
    </p>
   </div>
   <div class='ocr_carea' id='block_1_85' title="bbox 1999 3947 3569 4017">
    <p class='ocr_par' dir='ltr' id='par_1_85' title="bbox 1999 3947 3569 4017">
     <span class='ocr_line' id='line_1_85' title="bbox 1999 3947 3569 4017; baseline -0.002 -15"><span class='ocrx_word' id='word_1_606' title='bbox 1999 3954 2142 4017; x_wconf 90' lang='lat' dir='ltr'><strong>lum;</strong></span> <span class='ocrx_word' id='word_1_607' title='bbox 2171 3948 2336 4014; x_wconf 81' lang='lat' dir='ltr'><strong>mine,</strong></span> <span class='ocrx_word' id='word_1_608' title='bbox 2384 3964 2446 4004; x_wconf 86' lang='lat' dir='ltr'><strong>se</strong></span> <span class='ocrx_word' id='word_1_609' title='bbox 2485 3949 2586 4003; x_wconf 89' lang='lat' dir='ltr'><strong>hoc</strong></span> <span class='ocrx_word' id='word_1_610' title='bbox 2636 3947 2808 4015; x_wconf 83' lang='lat' dir='ltr'><strong>ipsum</strong></span> <span class='ocrx_word' id='word_1_611' title='bbox 2839 3947 3105 3999; x_wconf 82' lang='lat' dir='ltr'><strong>dicentem</strong></span> <span class='ocrx_word' id='word_1_612' title='bbox 3135 3947 3425 4007; x_wconf 84' lang='lat' dir='ltr'><strong>audivisse,</strong></span> <span class='ocrx_word' id='word_1_613' title='bbox 3470 3947 3569 3999; x_wconf 81' lang='lat' dir='ltr'><strong>tri-</strong></span> 
     </span>
    </p>
   </div>
   <div class='ocr_carea' id='block_1_86' title="bbox 1999 4030 3560 4108">
    <p class='ocr_par' dir='ltr' id='par_1_86' title="bbox 1999 4030 3560 4108">
     <span class='ocr_line' id='line_1_86' title="bbox 1999 4030 3560 4108; baseline -0.007 -9"><span class='ocrx_word' id='word_1_614' title='bbox 1999 4048 2097 4099; x_wconf 89' lang='lat' dir='ltr'><strong>bus</strong></span> <span class='ocrx_word' id='word_1_615' title='bbox 2127 4045 2316 4098; x_wconf 88' lang='lat' dir='ltr'><strong>diebus</strong></span> <span class='ocrx_word' id='word_1_616' title='bbox 2346 4041 2600 4108; x_wconf 85' lang='lat' dir='ltr'><strong>templum</strong></span> <span class='ocrx_word' id='word_1_617' title='bbox 2643 4039 2730 4091; x_wconf 86' lang='lat' dir='ltr'><strong>Dei</strong></span> <span class='ocrx_word' id='word_1_618' title='bbox 2773 4038 3177 4091; x_wconf 80' lang='lat' dir='ltr'><strong>destructurnm</strong></span> <span class='ocrx_word' id='word_1_619' title='bbox 3231 4030 3288 4092; x_wconf 70' lang='lat' dir='ltr'><strong>et</strong></span> <span class='ocrx_word' id='word_1_620' title='bbox 3330 4036 3560 4091; x_wconf 66' lang='lat' dir='ltr'><strong>recediti—</strong></span> 
     </span>
    </p>
   </div>
   <div class='ocr_carea' id='block_1_87' title="bbox 1999 4130 3564 4200">
    <p class='ocr_par' dir='ltr' id='par_1_87' title="bbox 1999 4130 3564 4200">
     <span class='ocr_line' id='line_1_87' title="bbox 1999 4130 3564 4200; baseline -0.006 -10"><span class='ocrx_word' id='word_1_621' title='bbox 1999 4148 2244 4190; x_wconf 89' lang='lat' dir='ltr'><strong>caturum</strong></span> <span class='ocrx_word' id='word_1_622' title='bbox 2267 4134 2336 4187; x_wconf 65' lang='lat'><strong>9°.</strong></span> <span class='ocrx_word' id='word_1_623' title='bbox 2367 4132 2610 4187; x_wconf 86' lang='lat' dir='ltr'><strong>Tolletur</strong></span> <span class='ocrx_word' id='word_1_624' title='bbox 2646 4131 2830 4200; x_wconf 84' lang='lat' dir='ltr'><strong>igitur,</strong></span> <span class='ocrx_word' id='word_1_625' title='bbox 2861 4130 3053 4198; x_wconf 88' lang='lat' dir='ltr'><strong>inquit,</strong></span> <span class='ocrx_word' id='word_1_626' title='bbox 3079 4130 3368 4196; x_wconf 86' lang='lat' dir='ltr'><strong>judicium,</strong></span> <span class='ocrx_word' id='word_1_627' title='bbox 3397 4138 3450 4182; x_wconf 91' lang='lat' dir='ltr'><strong>et</strong></span> <span class='ocrx_word' id='word_1_628' title='bbox 3476 4143 3564 4182; x_wconf 89' lang='lat' dir='ltr'><strong>re-</strong></span> 
     </span>
    </p>
   </div>
   <div class='ocr_carea' id='block_1_88' title="bbox 2000 4219 3567 4296">
    <p class='ocr_par' dir='ltr' id='par_1_88' title="bbox 2000 4219 3567 4296">
     <span class='ocr_line' id='line_1_88' title="bbox 2000 4219 3567 4296; baseline -0.004 -19"><span class='ocrx_word' id='word_1_629' title='bbox 2000 4225 2310 4296; x_wconf 84' lang='lat' dir='ltr'><strong>prehensio,</strong></span> <span class='ocrx_word' id='word_1_630' title='bbox 2346 4225 2460 4278; x_wconf 88' lang='lat' dir='ltr'><strong>sive</strong></span> <span class='ocrx_word' id='word_1_631' title='bbox 2515 4221 2806 4277; x_wconf 85' lang='lat' dir='ltr'><strong>testimonii</strong></span> <span class='ocrx_word' id='word_1_632' title='bbox 2853 4219 3039 4285; x_wconf 87' lang='lat' dir='ltr'><strong>dictio,</strong></span> <span class='ocrx_word' id='word_1_633' title='bbox 3069 4228 3125 4273; x_wconf 91' lang='lat' dir='ltr'><strong>et</strong></span> <span class='ocrx_word' id='word_1_634' title='bbox 3155 4220 3423 4272; x_wconf 84' lang='lat' dir='ltr'><strong>sententia</strong></span> <span class='ocrx_word' id='word_1_635' title='bbox 3464 4234 3567 4272; x_wconf 90' lang='lat' dir='ltr'><strong>non</strong></span> 
     </span>
    </p>
   </div>
   <div class='ocr_carea' id='block_1_89' title="bbox 1999 4307 3569 4384">
    <p class='ocr_par' dir='ltr' id='par_1_89' title="bbox 1999 4307 3569 4384">
     <span class='ocr_line' id='line_1_89' title="bbox 1999 4307 3569 4384; baseline -0.005 -15"><span class='ocrx_word' id='word_1_636' title='bbox 1999 4331 2148 4384; x_wconf 90' lang='lat' dir='ltr'><strong>vera,</strong></span> <span class='ocrx_word' id='word_1_637' title='bbox 2179 4329 2300 4369; x_wconf 91' lang='lat' dir='ltr'><strong>cum</strong></span> <span class='ocrx_word' id='word_1_638' title='bbox 2349 4327 2456 4368; x_wconf 88' lang='lat' dir='ltr'><strong>non</strong></span> <span class='ocrx_word' id='word_1_639' title='bbox 2487 4312 2592 4367; x_wconf 90' lang='lat' dir='ltr'><strong>erit</strong></span> <span class='ocrx_word' id='word_1_640' title='bbox 2627 4325 2743 4377; x_wconf 76' lang='lat' dir='ltr'><strong>rex,</strong></span> <span class='ocrx_word' id='word_1_641' title='bbox 2777 4323 2960 4378; x_wconf 85' lang='lat' dir='ltr'><strong>neque</strong></span> <span class='ocrx_word' id='word_1_642' title='bbox 2982 4309 3260 4380; x_wconf 90' lang='lat' dir='ltr'><strong>princeps,</strong></span> <span class='ocrx_word' id='word_1_643' title='bbox 3288 4309 3381 4379; x_wconf 91' lang='lat' dir='ltr'><strong>qui</strong></span> <span class='ocrx_word' id='word_1_644' title='bbox 3424 4307 3569 4377; x_wconf 88' lang='lat' dir='ltr'><strong>judi-</strong></span> 
     </span>
    </p>
   </div>
   <div class='ocr_carea' id='block_1_90' title="bbox 316 4395 1892 4485">
    <p class='ocr_par' dir='ltr' id='par_1_90' title="bbox 316 4405 1892 4485">
     <span class='ocr_line' id='line_1_90' title="bbox 316 4405 1892 4485; baseline -0.004 -17"><span class='ocrx_word' id='word_1_645' title='bbox 316 4433 437 4478; x_wconf 81' lang='grc' dir='ltr'>τος.</span> <span class='ocrx_word' id='word_1_646' title='bbox 476 4413 764 4485; x_wconf 72' lang='grc' dir='ltr'>Ταύτῃτοι,</span> <span class='ocrx_word' id='word_1_647' title='bbox 806 4410 1058 4482; x_wconf 82' lang='grc' dir='ltr'>καθάπερ</span> <span class='ocrx_word' id='word_1_648' title='bbox 1097 4405 1334 4482; x_wconf 80' lang='grc' dir='ltr'>ἐγῷμαι,</span> <span class='ocrx_word' id='word_1_649' title='bbox 1358 4411 1452 4464; x_wconf 70' lang='grc' dir='ltr'>καὶ</span> <span class='ocrx_word' id='word_1_650' title='bbox 1493 4411 1521 4462; x_wconf 82' lang='grc' dir='ltr'><strong><em>ὁ</em></strong></span> <span class='ocrx_word' id='word_1_651' title='bbox 1565 4409 1892 4483; x_wconf 77' lang='grc' dir='ltr'>προφητικδς</span> 
     </span>
    </p>
   </div>
   <div class='ocr_carea' id='block_1_91' title="bbox 1995 4395 3570 4485">
    <p class='ocr_par' dir='ltr' id='par_1_91' title="bbox 2003 4395 3570 4468">
     <span class='ocr_line' id='line_1_91' title="bbox 2003 4395 3570 4468; baseline -0.008 -6"><span class='ocrx_word' id='word_1_652' title='bbox 2003 4422 2127 4462; x_wconf 85' lang='lat' dir='ltr'><strong>care</strong></span> <span class='ocrx_word' id='word_1_653' title='bbox 2157 4406 2322 4461; x_wconf 89' lang='lat' dir='ltr'><strong>norit.</strong></span> <span class='ocrx_word' id='word_1_654' title='bbox 2348 4403 2461 4458; x_wconf 81' lang='lat' dir='ltr'><strong>Hac</strong></span> <span class='ocrx_word' id='word_1_655' title='bbox 2487 4402 2552 4457; x_wconf 90' lang='lat' dir='ltr'><strong>de</strong></span> <span class='ocrx_word' id='word_1_656' title='bbox 2577 4395 2762 4468; x_wconf 76' lang='lat' dir='ltr'><strong>causa,</strong></span> <span class='ocrx_word' id='word_1_657' title='bbox 2797 4410 2856 4455; x_wconf 89' lang='lat' dir='ltr'><strong>ut</strong></span> <span class='ocrx_word' id='word_1_658' title='bbox 2884 4413 2984 4468; x_wconf 83' lang='lat' dir='ltr'><strong>ego</strong></span> <span class='ocrx_word' id='word_1_659' title='bbox 3021 4398 3218 4462; x_wconf 88' lang='lat' dir='ltr'><strong>sentio,</strong></span> <span class='ocrx_word' id='word_1_660' title='bbox 3245 4398 3410 4453; x_wconf 90' lang='lat' dir='ltr'><strong>etiam</strong></span> <span class='ocrx_word' id='word_1_661' title='bbox 3443 4411 3570 4466; x_wconf 80' lang='lat' dir='ltr'><strong>pro-</strong></span> 
     </span>
    </p>
   </div>
   <div class='ocr_carea' id='block_1_92' title="bbox 321 4501 1901 4579">
    <p class='ocr_par' dir='ltr' id='par_1_92' title="bbox 321 4501 1901 4579">
     <span class='ocr_line' id='line_1_92' title="bbox 321 4501 1901 4579; baseline -0.002 -19"><span class='ocrx_word' id='word_1_662' title='bbox 321 4511 461 4579; x_wconf 73' lang='grc' dir='ltr'>ἡμῖν</span> <span class='ocrx_word' id='word_1_663' title='bbox 507 4507 664 4576; x_wconf 83' lang='grc' dir='ltr'>λόγος</span> <span class='ocrx_word' id='word_1_664' title='bbox 706 4507 820 4568; x_wconf 90' lang='grc' dir='ltr'>τοῖς</span> <span class='ocrx_word' id='word_1_665' title='bbox 859 4503 1232 4568; x_wconf 77' lang='grc' dir='ltr'>ἀϐασιλεύτοις</span> <span class='ocrx_word' id='word_1_666' title='bbox 1277 4504 1386 4558; x_wconf 84' lang='grc' dir='ltr'>τῶν</span> <span class='ocrx_word' id='word_1_667' title='bbox 1417 4503 1571 4568; x_wconf 81' lang='grc' dir='ltr'>ζώων</span> <span class='ocrx_word' id='word_1_668' title='bbox 1619 4503 1746 4566; x_wconf 82' lang='grc' dir='ltr'>τοὺς</span> <span class='ocrx_word' id='word_1_669' title='bbox 1791 4501 1901 4557; x_wconf 86' lang='grc' dir='ltr'>τῶν</span> 
     </span>
    </p>
   </div>
   <div class='ocr_carea' id='block_1_93' title="bbox 335 4595 1901 4670">
    <p class='ocr_par' dir='ltr' id='par_1_93' title="bbox 335 4595 1901 4670">
     <span class='ocr_line' id='line_1_93' title="bbox 335 4595 1901 4670; baseline -0.004 -16"><span class='ocrx_word' id='word_1_670' title='bbox 335 4600 602 4654; x_wconf 79' lang='grc' dir='ltr'>Ἰουδαίων</span> <span class='ocrx_word' id='word_1_671' title='bbox 655 4598 980 4670; x_wconf 81' lang='grc' dir='ltr'>παρεικάζει</span> <span class='ocrx_word' id='word_1_672' title='bbox 1022 4596 1203 4660; x_wconf 81' lang='grc' dir='ltr'>λαοὺς,</span> <span class='ocrx_word' id='word_1_673' title='bbox 1261 4597 1422 4668; x_wconf 74' lang='grc' dir='ltr'>θηρσὶ</span> <span class='ocrx_word' id='word_1_674' title='bbox 1472 4595 1558 4665; x_wconf 82' lang='grc' dir='ltr'>δὴ,</span> <span class='ocrx_word' id='word_1_675' title='bbox 1587 4595 1752 4664; x_wconf 85' lang='grc' dir='ltr'>λέγω,</span> <span class='ocrx_word' id='word_1_676' title='bbox 1809 4596 1901 4648; x_wconf 76' lang='grc' dir='ltr'>καὶ</span> 
     </span>
    </p>
   </div>
   <div class='ocr_carea' id='block_1_94' title="bbox 321 4689 1899 4765">
    <p class='ocr_par' dir='ltr' id='par_1_94' title="bbox 321 4689 1899 4765">
     <span class='ocr_line' id='line_1_94' title="bbox 321 4689 1899 4765; baseline -0.004 -18"><span class='ocrx_word' id='word_1_677' title='bbox 321 4696 595 4765; x_wconf 78' lang='grc' dir='ltr'>ἑρπετοῖς,</span> <span class='ocrx_word' id='word_1_678' title='bbox 643 4693 740 4746; x_wconf 70' lang='grc' dir='ltr'><strong>καὶ</strong></span> <span class='ocrx_word' id='word_1_679' title='bbox 783 4695 1070 4756; x_wconf 86' lang='grc' dir='ltr'>πετεινοῖς,</span> <span class='ocrx_word' id='word_1_680' title='bbox 1117 4693 1211 4744; x_wconf 74' lang='grc' dir='ltr'>καὶ</span> <span class='ocrx_word' id='word_1_681' title='bbox 1263 4690 1491 4761; x_wconf 73' lang='grc' dir='ltr'>ἰχθύσιν.</span> <span class='ocrx_word' id='word_1_682' title='bbox 1537 4689 1692 4744; x_wconf 73' lang='grc' dir='ltr'>Οὕτω</span> <span class='ocrx_word' id='word_1_683' title='bbox 1741 4691 1834 4742; x_wconf 80' lang='grc' dir='ltr'><strong>καὶ</strong></span> <span class='ocrx_word' id='word_1_684' title='bbox 1871 4692 1899 4742; x_wconf 84' lang='grc' dir='ltr'>ὁ</span> 
     </span>
    </p>
   </div>
   <div class='ocr_carea' id='block_1_95' title="bbox 327 4780 1894 4857">
    <p class='ocr_par' dir='ltr' id='par_1_95' title="bbox 327 4780 1894 4857">
     <span class='ocr_line' id='line_1_95' title="bbox 327 4780 1894 4857; baseline -0.002 -20"><span class='ocrx_word' id='word_1_685' title='bbox 327 4787 597 4857; x_wconf 76' lang='grc' dir='ltr'>μακάριος</span> <span class='ocrx_word' id='word_1_686' title='bbox 622 4785 903 4854; x_wconf 68' lang='grc' dir='ltr'>προφήτης</span> <span class='ocrx_word' id='word_1_687' title='bbox 947 4781 1178 4836; x_wconf 81' lang='grc' dir='ltr'>’Λϐακοῦ</span> <span class='ocrx_word' id='word_1_688' title='bbox 1189 4799 1226 4852; x_wconf 88' lang='grc' dir='ltr'><strong>μ</strong></span> <span class='ocrx_word' id='word_1_689' title='bbox 1246 4780 1350 4852; x_wconf 74' lang='grc' dir='ltr'><strong>ἔφη</strong></span> <span class='ocrx_word' id='word_1_690' title='bbox 1372 4799 1475 4835; x_wconf 91' lang='grc' dir='ltr'><strong>που</strong></span> <span class='ocrx_word' id='word_1_691' title='bbox 1501 4781 1636 4851; x_wconf 75' lang='grc' dir='ltr'>πρὸς</span> <span class='ocrx_word' id='word_1_692' title='bbox 1665 4781 1754 4833; x_wconf 82' lang='grc' dir='ltr'><strong>τὸν</strong></span> <span class='ocrx_word' id='word_1_693' title='bbox 1786 4780 1894 4834; x_wconf 82' lang='grc' dir='ltr'><strong>τῶν</strong></span> 
     </span>
    </p>
   </div>
   <div class='ocr_carea' id='block_1_96' title="bbox 326 4868 1894 4942">
    <p class='ocr_par' dir='ltr' id='par_1_96' title="bbox 326 4868 1894 4942">
     <span class='ocr_line' id='line_1_96' title="bbox 326 4868 1894 4942; baseline -0.003 -15"><span class='ocrx_word' id='word_1_694' title='bbox 326 4876 462 4928; x_wconf 64' lang='grc' dir='ltr'>ὅλων</span> <span class='ocrx_word' id='word_1_695' title='bbox 494 4875 625 4928; x_wconf 79' lang='grc' dir='ltr'>Θεόν</span> <span class='ocrx_word' id='word_1_696' title='bbox 644 4890 656 4901; x_wconf 91' lang='grc'>·</span> <span class='ocrx_word' id='word_1_697' title='bbox 691 4893 709 4924; x_wconf 75' lang='grc' dir='ltr'><strong>ι</strong></span> <span class='ocrx_word' id='word_1_698' title='bbox 731 4868 824 4935; x_wconf 83' lang='grc' dir='ltr'><strong>Εἰς</strong></span> <span class='ocrx_word' id='word_1_699' title='bbox 848 4872 900 4925; x_wconf 88' lang='grc' dir='ltr'><strong>τί</strong></span> <span class='ocrx_word' id='word_1_700' title='bbox 925 4871 1236 4934; x_wconf 53' lang='lat' dir='ltr'><strong>meum;</strong></span> <span class='ocrx_word' id='word_1_701' title='bbox 1269 4873 1362 4924; x_wconf 77' lang='grc' dir='ltr'><strong>ἐπὶ</strong></span> <span class='ocrx_word' id='word_1_702' title='bbox 1388 4872 1859 4942; x_wconf 75' lang='grc' dir='ltr'>καταφρονοῦντας</span> <span class='ocrx_word' id='word_1_703' title='bbox 1880 4889 1894 4937; x_wconf 90' lang='grc'><strong>;</strong></span> 
     </span>
    </p>
   </div>
   <div class='ocr_carea' id='block_1_97' title="bbox 329 4960 1898 5036">
    <p class='ocr_par' dir='ltr' id='par_1_97' title="bbox 329 4960 1898 5036">
     <span class='ocr_line' id='line_1_97' title="bbox 329 4960 1898 5036; baseline -0.001 -19"><span class='ocrx_word' id='word_1_704' title='bbox 329 4965 743 5036; x_wconf 75' lang='grc' dir='ltr'>Ηαρασιωπήσῃ</span> <span class='ocrx_word' id='word_1_705' title='bbox 770 4964 828 5016; x_wconf 88' lang='grc' dir='ltr'><strong>ἐν</strong></span> <span class='ocrx_word' id='word_1_706' title='bbox 872 4960 949 5031; x_wconf 83' lang='grc' dir='ltr'>τῷ</span> <span class='ocrx_word' id='word_1_707' title='bbox 984 4961 1304 5014; x_wconf 78' lang='grc' dir='ltr'>καταπίνειν</span> <span class='ocrx_word' id='word_1_708' title='bbox 1337 4962 1507 5032; x_wconf 77' lang='grc' dir='ltr'><strong>ἀσεὸῆ</strong></span> <span class='ocrx_word' id='word_1_709' title='bbox 1538 4962 1627 5013; x_wconf 83' lang='grc' dir='ltr'><strong>τὸν</strong></span> <span class='ocrx_word' id='word_1_710' title='bbox 1667 4962 1898 5024; x_wconf 86' lang='grc' dir='ltr'>δίκαιον,</span> 
     </span>
    </p>
   </div>
   <div class='ocr_carea' id='block_1_98' title="bbox 325 5053 1903 5128">
    <p class='ocr_par' dir='ltr' id='par_1_98' title="bbox 325 5053 1903 5128">
     <span class='ocr_line' id='line_1_98' title="bbox 325 5053 1903 5128; baseline -0.003 -18"><span class='ocrx_word' id='word_1_711' title='bbox 325 5060 419 5110; x_wconf 69' lang='grc' dir='ltr'><strong>καὶ</strong></span> <span class='ocrx_word' id='word_1_712' title='bbox 468 5060 715 5128; x_wconf 81' lang='grc' dir='ltr'>ποιήσεις</span> <span class='ocrx_word' id='word_1_713' title='bbox 761 5059 887 5121; x_wconf 71' lang='grc' dir='ltr'>τοὺς</span> <span class='ocrx_word' id='word_1_714' title='bbox 935 5055 1253 5128; x_wconf 79' lang='grc' dir='ltr'>ἀνθρώπους</span> <span class='ocrx_word' id='word_1_715' title='bbox 1286 5053 1360 5116; x_wconf 78' lang='grc' dir='ltr'>ὡς</span> <span class='ocrx_word' id='word_1_716' title='bbox 1400 5059 1524 5116; x_wconf 73' lang='grc' dir='ltr'>τοὺς</span> <span class='ocrx_word' id='word_1_717' title='bbox 1566 5054 1752 5123; x_wconf 75' lang='grc' dir='ltr'>ἰχθύας</span> <span class='ocrx_word' id='word_1_718' title='bbox 1803 5054 1903 5124; x_wconf 81' lang='grc' dir='ltr'>τῆς</span> 
     </span>
    </p>
   </div>
   <div class='ocr_carea' id='block_1_99' title="bbox 324 5147 1904 5221">
    <p class='ocr_par' dir='ltr' id='par_1_99' title="bbox 324 5147 1904 5221">
     <span class='ocr_line' id='line_1_99' title="bbox 324 5147 1904 5221; baseline 0 -21"><span class='ocrx_word' id='word_1_719' title='bbox 324 5150 639 5221; x_wconf 75' lang='grc' dir='ltr'>θαλάσσης,</span> <span class='ocrx_word' id='word_1_720' title='bbox 681 5151 776 5205; x_wconf 78' lang='grc' dir='ltr'>καὶ</span> <span class='ocrx_word' id='word_1_721' title='bbox 830 5151 906 5214; x_wconf 86' lang='grc' dir='ltr'>ὡς</span> <span class='ocrx_word' id='word_1_722' title='bbox 958 5152 1025 5204; x_wconf 84' lang='grc' dir='ltr'><strong>τὰ</strong></span> <span class='ocrx_word' id='word_1_723' title='bbox 1075 5149 1281 5221; x_wconf 64' lang='grc' dir='ltr'>ἐρπετὲι</span> <span class='ocrx_word' id='word_1_724' title='bbox 1341 5150 1441 5199; x_wconf 80' lang='grc' dir='ltr'><strong>οὐκ</strong></span> <span class='ocrx_word' id='word_1_725' title='bbox 1487 5148 1679 5218; x_wconf 74' lang='grc' dir='ltr'>ἔχοντα</span> <span class='ocrx_word' id='word_1_726' title='bbox 1741 5147 1904 5218; x_wconf 79' lang='grc' dir='ltr'>ἡγού-</span> 
     </span>
    </p>
   </div>
   <div class='ocr_carea' id='block_1_100' title="bbox 325 5257 579 5309">
    <p class='ocr_par' dir='ltr' id='par_1_100' title="bbox 325 5257 579 5309">
     <span class='ocr_line' id='line_1_100' title="bbox 325 5257 579 5309; baseline 0.016 -19"><span class='ocrx_word' id='word_1_727' title='bbox 325 5257 512 5309; x_wconf 80' lang='grc' dir='ltr'>μενον.</span> <span class='ocrx_word' id='word_1_728' title='bbox 560 5262 579 5294; x_wconf 74' lang='grc' dir='ltr'><strong>ι</strong></span> 
     </span>
    </p>
   </div>
   <div class='ocr_carea' id='block_1_101' title="bbox 413 5329 1900 5403">
    <p class='ocr_par' dir='ltr' id='par_1_101' title="bbox 413 5329 1900 5403">
     <span class='ocr_line' id='line_1_101' title="bbox 413 5329 1900 5403; baseline 0 -19"><span class='ocrx_word' id='word_1_729' title='bbox 413 5333 464 5384; x_wconf 90' lang='grc' dir='ltr'><strong><em>Ὁ</em></strong></span> <span class='ocrx_word' id='word_1_730' title='bbox 493 5333 559 5385; x_wconf 84' lang='grc' dir='ltr'>δὲ</span> <span class='ocrx_word' id='word_1_731' title='bbox 605 5334 755 5399; x_wconf 76' lang='grc' dir='ltr'>λαός</span> <span class='ocrx_word' id='word_1_732' title='bbox 778 5351 899 5402; x_wconf 80' lang='grc' dir='ltr'>μου</span> <span class='ocrx_word' id='word_1_733' title='bbox 942 5334 1021 5399; x_wconf 87' lang='grc' dir='ltr'>ὡς</span> <span class='ocrx_word' id='word_1_734' title='bbox 1059 5333 1520 5403; x_wconf 71' lang='grc' dir='ltr'>ἀναλεγόμενος</span> <span class='ocrx_word' id='word_1_735' title='bbox 1549 5329 1757 5400; x_wconf 76' lang='grc' dir='ltr'>ἱερεὺς,</span> <span class='ocrx_word' id='word_1_736' title='bbox 1801 5331 1900 5384; x_wconf 77' lang='grc' dir='ltr'>καὶ</span> 
     </span>
    </p>
   </div>
   <div class='ocr_carea' id='block_1_102' title="bbox 323 5419 1899 5494">
    <p class='ocr_par' dir='ltr' id='par_1_102' title="bbox 323 5419 1899 5494">
     <span class='ocr_line' id='line_1_102' title="bbox 323 5419 1899 5494; baseline -0.001 -18"><span class='ocrx_word' id='word_1_737' title='bbox 323 5421 655 5492; x_wconf 67' lang='grc' dir='ltr'>ἀσθενήσει</span> <span class='ocrx_word' id='word_1_738' title='bbox 702 5423 949 5494; x_wconf 76' lang='grc' dir='ltr'>ἡμέρας,</span> <span class='ocrx_word' id='word_1_739' title='bbox 996 5424 1092 5478; x_wconf 74' lang='grc' dir='ltr'>καὶ</span> <span class='ocrx_word' id='word_1_740' title='bbox 1134 5421 1460 5490; x_wconf 72' lang='grc' dir='ltr'>ἀσθενήσει</span> <span class='ocrx_word' id='word_1_741' title='bbox 1514 5423 1545 5475; x_wconf 89' lang='grc' dir='ltr'><strong><em>ό</em></strong></span> <span class='ocrx_word' id='word_1_742' title='bbox 1593 5419 1899 5490; x_wconf 57' lang='grc' dir='ltr'>προφήτης</span> 
     </span>
    </p>
   </div>
   <div class='ocr_carea' id='block_1_103' title="bbox 325 5513 644 5582">
    <p class='ocr_par' dir='ltr' id='par_1_103' title="bbox 325 5513 644 5582">
     <span class='ocr_line' id='line_1_103' title="bbox 325 5513 644 5582; baseline 0.013 -17"><span class='ocrx_word' id='word_1_743' title='bbox 325 5513 474 5582; x_wconf 82' lang='grc' dir='ltr'>μετὰ</span> <span class='ocrx_word' id='word_1_744' title='bbox 504 5514 644 5569; x_wconf 81' lang='grc' dir='ltr'>σοῦ.</span> 
     </span>
    </p>
   </div>
   <div class='ocr_carea' id='block_1_104' title="bbox 407 5689 1641 5757">
    <p class='ocr_par' dir='ltr' id='par_1_104' title="bbox 407 5689 1641 5757">
     <span class='ocr_line' id='line_1_104' title="bbox 407 5689 1641 5757; baseline -0.003 -13"><span class='ocrx_word' id='word_1_745' title='bbox 407 5690 446 5721; x_wconf 72' lang='grc'><strong>⁸³</strong></span> <span class='ocrx_word' id='word_1_746' title='bbox 481 5690 637 5747; x_wconf 78' lang='lat' dir='ltr'><strong>Mich.</strong></span> <span class='ocrx_word' id='word_1_747' title='bbox 674 5709 770 5757; x_wconf 87' lang='lat' dir='ltr'><strong>vn,</strong></span> <span class='ocrx_word' id='word_1_748' title='bbox 807 5693 862 5746; x_wconf 75' lang='lat'><strong>‘2.</strong></span> <span class='ocrx_word' id='word_1_749' title='bbox 941 5693 984 5723; x_wconf 63' lang='lat'><strong>9°</strong></span> <span class='ocrx_word' id='word_1_750' title='bbox 1023 5691 1209 5746; x_wconf 83' lang='lat' dir='ltr'><strong>Matth.</strong></span> <span class='ocrx_word' id='word_1_751' title='bbox 1242 5704 1387 5753; x_wconf 75' lang='lat' dir='ltr'><strong>xxvi,</strong></span> <span class='ocrx_word' id='word_1_752' title='bbox 1421 5689 1641 5757; x_wconf 83' lang='lat' dir='ltr'><strong>passim.</strong></span> 
     </span>
    </p>
   </div>
   <div class='ocr_carea' id='block_1_105' title="bbox 2003 4493 3574 4573">
    <p class='ocr_par' dir='ltr' id='par_1_105' title="bbox 2003 4493 3574 4573">
     <span class='ocr_line' id='line_1_105' title="bbox 2003 4493 3574 4573; baseline -0.01 -15"><span class='ocrx_word' id='word_1_753' title='bbox 2003 4501 2252 4573; x_wconf 86' lang='lat' dir='ltr'><strong>pheticus</strong></span> <span class='ocrx_word' id='word_1_754' title='bbox 2277 4514 2457 4556; x_wconf 89' lang='lat' dir='ltr'><strong>sermo</strong></span> <span class='ocrx_word' id='word_1_755' title='bbox 2478 4496 2786 4553; x_wconf 66' lang='lat' dir='ltr'><strong>Iudaeorum</strong></span> <span class='ocrx_word' id='word_1_756' title='bbox 2818 4494 3073 4566; x_wconf 88' lang='lat' dir='ltr'><strong>populum</strong></span> <span class='ocrx_word' id='word_1_757' title='bbox 3097 4493 3418 4548; x_wconf 88' lang='lat' dir='ltr'><strong>animalibus</strong></span> <span class='ocrx_word' id='word_1_758' title='bbox 3449 4503 3574 4558; x_wconf 78' lang='lat' dir='ltr'><strong>rege</strong></span> 
     </span>
    </p>
   </div>
   <div class='ocr_carea' id='block_1_106' title="bbox 2001 4579 3571 4658">
    <p class='ocr_par' dir='ltr' id='par_1_106' title="bbox 2001 4579 3571 4658">
     <span class='ocr_line' id='line_1_106' title="bbox 2001 4579 3571 4658; baseline -0.009 -10"><span class='ocrx_word' id='word_1_759' title='bbox 2001 4593 2312 4648; x_wconf 87' lang='lat' dir='ltr'><strong>carentibus</strong></span> <span class='ocrx_word' id='word_1_760' title='bbox 2333 4597 2632 4658; x_wconf 88' lang='lat' dir='ltr'><strong>comparat,</strong></span> <span class='ocrx_word' id='word_1_761' title='bbox 2663 4585 2876 4650; x_wconf 87' lang='lat' dir='ltr'><strong>belluis,</strong></span> <span class='ocrx_word' id='word_1_762' title='bbox 2904 4584 3144 4654; x_wconf 87' lang='lat' dir='ltr'><strong>inquam,</strong></span> <span class='ocrx_word' id='word_1_763' title='bbox 3183 4589 3238 4637; x_wconf 87' lang='lat' dir='ltr'><strong>et</strong></span> <span class='ocrx_word' id='word_1_764' title='bbox 3271 4579 3571 4650; x_wconf 86' lang='lat' dir='ltr'><strong>reptilibus,</strong></span> 
     </span>
    </p>
   </div>
   <div class='ocr_carea' id='block_1_107' title="bbox 2000 4669 3571 4750">
    <p class='ocr_par' dir='ltr' id='par_1_107' title="bbox 2000 4669 3571 4750">
     <span class='ocr_line' id='line_1_107' title="bbox 2000 4669 3571 4750; baseline -0.009 -11"><span class='ocrx_word' id='word_1_765' title='bbox 2000 4694 2054 4739; x_wconf 91' lang='lat' dir='ltr'><strong>et</strong></span> <span class='ocrx_word' id='word_1_766' title='bbox 2082 4682 2413 4746; x_wconf 85' lang='lat' dir='ltr'><strong>volucribus,</strong></span> <span class='ocrx_word' id='word_1_767' title='bbox 2451 4669 2506 4735; x_wconf 83' lang='lat' dir='ltr'><strong>et</strong></span> <span class='ocrx_word' id='word_1_768' title='bbox 2554 4679 2817 4750; x_wconf 91' lang='lat' dir='ltr'><strong>piscibus.</strong></span> <span class='ocrx_word' id='word_1_769' title='bbox 2867 4674 2948 4728; x_wconf 90' lang='lat' dir='ltr'><strong>lta</strong></span> <span class='ocrx_word' id='word_1_770' title='bbox 2993 4684 3048 4728; x_wconf 89' lang='lat' dir='ltr'><strong>et</strong></span> <span class='ocrx_word' id='word_1_771' title='bbox 3099 4676 3286 4731; x_wconf 89' lang='lat' dir='ltr'><strong>beatus</strong></span> <span class='ocrx_word' id='word_1_772' title='bbox 3317 4671 3571 4728; x_wconf 84' lang='lat' dir='ltr'><strong>Habach</strong></span> 
     </span>
    </p>
   </div>
   <div class='ocr_carea' id='block_1_108' title="bbox 2001 4763 3573 4841">
    <p class='ocr_par' dir='ltr' id='par_1_108' title="bbox 2001 4763 3573 4841">
     <span class='ocr_line' id='line_1_108' title="bbox 2001 4763 3573 4841; baseline -0.01 -10"><span class='ocrx_word' id='word_1_773' title='bbox 2001 4775 2371 4831; x_wconf 69' lang='lat' dir='ltr'><strong>univcrsitatis</strong></span> <span class='ocrx_word' id='word_1_774' title='bbox 2403 4772 2569 4828; x_wconf 91' lang='lat' dir='ltr'><strong>Deum</strong></span> <span class='ocrx_word' id='word_1_775' title='bbox 2603 4771 2913 4841; x_wconf 88' lang='lat' dir='ltr'><strong>alloquitur.</strong></span> <span class='ocrx_word' id='word_1_776' title='bbox 2953 4786 2971 4820; x_wconf 80' lang='grc' dir='ltr'><strong>ι</strong></span> <span class='ocrx_word' id='word_1_777' title='bbox 3004 4767 3183 4835; x_wconf 87' lang='lat' dir='ltr'><strong>Quare</strong></span> <span class='ocrx_word' id='word_1_778' title='bbox 3227 4763 3451 4833; x_wconf 89' lang='lat' dir='ltr'><strong>respicis</strong></span> <span class='ocrx_word' id='word_1_779' title='bbox 3478 4779 3573 4818; x_wconf 82' lang='lat' dir='ltr'><strong>sn-</strong></span> 
     </span>
    </p>
   </div>
   <div class='ocr_carea' id='block_1_109' title="bbox 2003 4855 3574 4936">
    <p class='ocr_par' dir='ltr' id='par_1_109' title="bbox 2003 4855 3574 4936">
     <span class='ocr_line' id='line_1_109' title="bbox 2003 4855 3574 4936; baseline -0.009 -14"><span class='ocrx_word' id='word_1_780' title='bbox 2003 4882 2099 4936; x_wconf 87' lang='lat' dir='ltr'><strong>per</strong></span> <span class='ocrx_word' id='word_1_781' title='bbox 2123 4873 2528 4934; x_wconf 79' lang='lat' dir='ltr'><strong>contemptores</strong></span> <span class='ocrx_word' id='word_1_782' title='bbox 2550 4861 2571 4916; x_wconf 83' lang='lat'><strong>?</strong></span> <span class='ocrx_word' id='word_1_783' title='bbox 2597 4861 2829 4917; x_wconf 88' lang='lat' dir='ltr'><strong>Tacebis</strong></span> <span class='ocrx_word' id='word_1_784' title='bbox 2859 4877 2979 4916; x_wconf 89' lang='lat' dir='ltr'><strong>cum</strong></span> <span class='ocrx_word' id='word_1_785' title='bbox 3012 4856 3352 4914; x_wconf 87' lang='lat' dir='ltr'><strong>devoraverit</strong></span> <span class='ocrx_word' id='word_1_786' title='bbox 3379 4855 3574 4924; x_wconf 86' lang='lat' dir='ltr'><strong>impius</strong></span> 
     </span>
    </p>
   </div>
   <div class='ocr_carea' id='block_1_110' title="bbox 2001 4945 3575 5024">
    <p class='ocr_par' dir='ltr' id='par_1_110' title="bbox 2001 4945 3575 5024">
     <span class='ocr_line' id='line_1_110' title="bbox 2001 4945 3575 5024; baseline -0.007 -14"><span class='ocrx_word' id='word_1_787' title='bbox 2001 4956 2229 5024; x_wconf 88' lang='lat' dir='ltr'><strong>justum,</strong></span> <span class='ocrx_word' id='word_1_788' title='bbox 2276 4964 2329 5010; x_wconf 91' lang='lat' dir='ltr'><strong>et</strong></span> <span class='ocrx_word' id='word_1_789' title='bbox 2379 4953 2544 5008; x_wconf 78' lang='lat' dir='ltr'><strong>iacies</strong></span> <span class='ocrx_word' id='word_1_790' title='bbox 2585 4953 2832 5007; x_wconf 89' lang='lat' dir='ltr'><strong>homines</strong></span> <span class='ocrx_word' id='word_1_791' title='bbox 2887 4951 3042 5021; x_wconf 89' lang='lat' dir='ltr'><strong>quasi</strong></span> <span class='ocrx_word' id='word_1_792' title='bbox 3097 4948 3272 5018; x_wconf 83' lang='lat' dir='ltr'><strong>pisces</strong></span> <span class='ocrx_word' id='word_1_793' title='bbox 3308 4945 3478 5002; x_wconf 89' lang='lat' dir='ltr'><strong>maris</strong></span> <span class='ocrx_word' id='word_1_794' title='bbox 3523 4954 3575 4999; x_wconf 84' lang='lat' dir='ltr'><strong>ct</strong></span> 
     </span>
    </p>
   </div>
   <div class='ocr_carea' id='block_1_111' title="bbox 2007 5041 3247 5117">
    <p class='ocr_par' dir='ltr' id='par_1_111' title="bbox 2007 5041 3247 5117">
     <span class='ocr_line' id='line_1_111' title="bbox 2007 5041 3247 5117; baseline -0.004 -19"><span class='ocrx_word' id='word_1_795' title='bbox 2007 5049 2157 5117; x_wconf 82' lang='lat' dir='ltr'><strong>quasi</strong></span> <span class='ocrx_word' id='word_1_796' title='bbox 2200 5046 2433 5116; x_wconf 87' lang='lat' dir='ltr'><strong>reptilia,</strong></span> <span class='ocrx_word' id='word_1_797' title='bbox 2467 5060 2570 5099; x_wconf 90' lang='lat' dir='ltr'><strong>non</strong></span> <span class='ocrx_word' id='word_1_798' title='bbox 2603 5044 2856 5099; x_wconf 88' lang='lat' dir='ltr'><strong>habentia</strong></span> <span class='ocrx_word' id='word_1_799' title='bbox 2889 5044 3078 5097; x_wconf 86' lang='lat' dir='ltr'><strong>ducem</strong></span> <span class='ocrx_word' id='word_1_800' title='bbox 3118 5041 3192 5087; x_wconf 78' lang='lat'><strong>&quot;-</strong></span> <span class='ocrx_word' id='word_1_801' title='bbox 3227 5059 3247 5094; x_wconf 73' lang='grc' dir='ltr'><strong>ι</strong></span> 
     </span>
    </p>
   </div>
   <div class='ocr_carea' id='block_1_112' title="bbox 2082 5317 3573 5393">
    <p class='ocr_par' dir='ltr' id='par_1_112' title="bbox 2082 5317 3573 5393">
     <span class='ocr_line' id='line_1_112' title="bbox 2082 5317 3573 5393; baseline -0.006 -15"><span class='ocrx_word' id='word_1_802' title='bbox 2082 5325 2244 5378; x_wconf 69' lang='lat' dir='ltr'><strong>Vens.</strong></span> <span class='ocrx_word' id='word_1_803' title='bbox 2283 5325 2335 5376; x_wconf 78' lang='grc'>4.</span> <span class='ocrx_word' id='word_1_804' title='bbox 2398 5324 2462 5376; x_wconf 84' lang='lat' dir='ltr'><strong>At</strong></span> <span class='ocrx_word' id='word_1_805' title='bbox 2515 5325 2736 5393; x_wconf 79' lang='lat' dir='ltr'><strong>papulas</strong></span> <span class='ocrx_word' id='word_1_806' title='bbox 2785 5339 2928 5376; x_wconf 83' lang='lat' dir='ltr'><strong>meus</strong></span> <span class='ocrx_word' id='word_1_807' title='bbox 2993 5322 3148 5393; x_wconf 78' lang='lat' dir='ltr'><strong>quasi</strong></span> <span class='ocrx_word' id='word_1_808' title='bbox 3197 5323 3437 5373; x_wconf 79' lang='lat' dir='ltr'><strong>sacerdos</strong></span> <span class='ocrx_word' id='word_1_809' title='bbox 3491 5317 3573 5370; x_wconf 78' lang='lat' dir='ltr'><strong>rm’</strong></span> 
     </span>
    </p>
   </div>
   <div class='ocr_carea' id='block_1_113' title="bbox 2009 5407 3572 5482">
    <p class='ocr_par' dir='ltr' id='par_1_113' title="bbox 2009 5407 3572 5482">
     <span class='ocr_line' id='line_1_113' title="bbox 2009 5407 3572 5482; baseline -0.008 -14"><span class='ocrx_word' id='word_1_810' title='bbox 2009 5416 2408 5478; x_wconf 78' lang='lat' dir='ltr'><strong>contradicitur,</strong></span> <span class='ocrx_word' id='word_1_811' title='bbox 2433 5423 2482 5466; x_wconf 85' lang='lat' dir='ltr'><strong>et</strong></span> <span class='ocrx_word' id='word_1_812' title='bbox 2513 5412 2869 5482; x_wconf 74' lang='lat' dir='ltr'><strong>inﬁrmabuur</strong></span> <span class='ocrx_word' id='word_1_813' title='bbox 2899 5428 2992 5480; x_wconf 79' lang='lat' dir='ltr'><strong>per</strong></span> <span class='ocrx_word' id='word_1_814' title='bbox 3013 5414 3147 5479; x_wconf 80' lang='lat' dir='ltr'><strong>dies,</strong></span> <span class='ocrx_word' id='word_1_815' title='bbox 3183 5422 3231 5466; x_wconf 83' lang='lat' dir='ltr'><strong>et</strong></span> <span class='ocrx_word' id='word_1_816' title='bbox 3275 5407 3572 5476; x_wconf 77' lang='lat' dir='ltr'><strong>inﬁrmubi-</strong></span> 
     </span>
    </p>
   </div>
   <div class='ocr_carea' id='block_1_114' title="bbox 1984 5510 2574 5577">
    <p class='ocr_par' dir='ltr' id='par_1_114' title="bbox 1984 5510 2574 5577">
     <span class='ocr_line' id='line_1_114' title="bbox 1984 5510 2574 5577; baseline 0.005 -15"><span class='ocrx_word' id='word_1_817' title='bbox 1984 5510 1988 5515; x_wconf 80' lang='grc'><em>’</em></span> <span class='ocrx_word' id='word_1_818' title='bbox 2007 5522 2094 5562; x_wconf 80' lang='lat' dir='ltr'><strong>tur</strong></span> <span class='ocrx_word' id='word_1_819' title='bbox 2114 5510 2363 5577; x_wconf 79' lang='lat' dir='ltr'><strong>prapheta</strong></span> <span class='ocrx_word' id='word_1_820' title='bbox 2387 5519 2574 5565; x_wconf 79' lang='lat' dir='ltr'><strong>tecum.</strong></span> 
     </span>
    </p>
   </div>
   <div class='ocr_carea' id='block_1_115' title="bbox 1749 5651 2320 5752">
    <p class='ocr_par' dir='ltr' id='par_1_115' title="bbox 1749 5651 2320 5752">
     <span class='ocr_line' id='line_1_115' title="bbox 1749 5651 2320 5752; baseline -0.005 -13"><span class='ocrx_word' id='word_1_821' title='bbox 1749 5690 1788 5718; x_wconf 72' lang='grc' dir='ltr'><strong>ει</strong></span> <span class='ocrx_word' id='word_1_822' title='bbox 1827 5651 2028 5740; x_wconf 71' lang='lat' dir='ltr'><strong>tlabac.</strong></span> <span class='ocrx_word' id='word_1_823' title='bbox 2065 5699 2100 5752; x_wconf 75' lang='grc' dir='ltr'><strong>ι,</strong></span> <span class='ocrx_word' id='word_1_824' title='bbox 2145 5684 2224 5747; x_wconf 76' lang='lat'><strong>15,</strong></span> <span class='ocrx_word' id='word_1_825' title='bbox 2257 5682 2320 5736; x_wconf 79' lang='lat' dir='ltr'><strong>tt</strong></span> 
     </span>
    </p>
   </div>
  </div>
