4002 6220
438 307 541 365 “9

1424 314 1481 368 S.
1523 309 1797 366 CYIULLI
1834 314 2300 370 ALEXANDRIM
2339 314 2655 371 ARCIIIEP.

3572 313 3673 369 120

511 429 770 487 XXXVII.
812 432 1103 487 Considera
1141 434 1269 487 mihi
1302 436 1512 487 beatum
1548 437 1862 503 prophetam
1895 437 1988 493 alit

2176 438 2295 495 AZ'.
2322 438 2511 508 Ἀθρει
2543 439 2603 510 δή
2639 455 2727 508 μοι
2759 438 2849 490 τὸν
2884 442 3154 507 μακάριον
3190 436 3470 507 προφήτην
3493 435 3674 502 ἑτερο-

433 522 595 577 modo
626 524 1007 593 proferentem,
1044 541 1167 594 qua:
1206 526 1303 594 ipsi
1342 540 1369 577 a
1414 524 1522 579 Deo
1571 528 1710 581 dicta
1763 526 1998 585 fuerant.

435 613 694 667 Audierat
739 613 885 667 enim
935 625 1122 684 aperte
1161 615 1283 668 dies
1334 614 1527 668 mullos
1569 632 1817 671 sessuros
1868 618 2003 673 lilios

435 702 617 765 Israel,
652 703 942 759 destitutos
974 720 1116 773 rege,
1171 705 1433 773 principe,
1485 706 1777 771 sacrilicio,
1822 708 2000 774 altari,

434 794 763 861 sacerdotio,
790 810 844 851 et
877 797 1177 850 manifestis
1202 797 1267 850 ".
1297 799 1368 851 At
1396 797 1509 866 ipse
1543 800 1637 851 ira:
1672 800 1999 863 vehementi,

436 886 518 940 his
554 888 731 941 verbis
757 888 1071 955 signiﬁcata
1102 889 1254 957 quasi
1290 891 1492 943 cursim
1526 891 1842 957 succedens,
1870 906 2002 945 con-

435 979 661 1031 tractius
710 979 1076 1047 reprehendit,
1138 981 1539 1049 muderatisque
1576 983 2001 1038 obscuritatibus

432 1082 737 1123 sermonem
774 1071 1084 1125 obumbrat.
1119 1070 1253 1124 Nam
1301 1072 1419 1126 sine
1463 1073 1816 1141 principibus,
1857 1087 1997 1142 rege,

434 1160 775 1216 institutione
804 1162 1115 1232 aliquandiu
1150 1180 1451 1226 mansuros,
1474 1164 1746 1218 iuvolucro
1767 1164 1999 1233 quodam

433 1250 706 1305 subtiliter
734 1252 961 1319 indicat,
992 1254 1316 1309 animalibus
1342 1269 1519 1323 regem
1546 1269 1649 1309 non
1682 1255 2001 1310 habentibus

431 1359 526 1398 eos
551 1360 896 1415 comparans.
932 1347 1222 1403 Exclusum
1275 1358 1453 1403 autem
1508 1350 1574 1403 iri
1609 1348 1896 1403 sacriﬁciis
1948 1360 2001 1403 et

434 1435 671 1505 liturgiis
715 1438 1058 1493 sacerdotum
1118 1439 1479 1506 subostendit,
1509 1440 1696 1495 eodem
1729 1440 1846 1496 loco
1886 1440 2000 1495 fore

432 1530 639 1590 dicens,
670 1545 776 1597 quo
814 1531 1146 1595 sacerdotes,
1182 1532 1379 1602 quibus
1412 1532 1823 1587 contradicitur.
1865 1531 1998 1598 Qui-

434 1636 555 1673 nam
585 1630 762 1675 autem
794 1621 879 1677 isti
914 1622 1072 1676 sunt?
1097 1624 1329 1692 autquis
1362 1632 1446 1677 est
1476 1623 1729 1679 sacerdos
1756 1625 1841 1679 cui
1870 1640 2000 1677 con-

433 1713 760 1768 tradicitur?
788 1712 890 1781 Qui
934 1715 1197 1768 maculam
1225 1721 1278 1767 et
1310 1715 1556 1768 morbum
1591 1714 1772 1769 carnis
1807 1714 1995 1781 habet,

2103 529 2323 599 τρόπως
2374 529 2676 599 ἐκφέροντα
2721 528 2789 581 τὰ
2830 528 2964 597 πρὸς
3010 527 3169 581 αὐτὸν
3212 527 3475 595 εἰρημένα
3524 523 3675 594 παρὰ

2104 620 2264 673 Θεοῦ.
2298 622 2534 672 ’Ἠκουσε
2568 619 2665 690 μὲν
2703 619 2810 690 γὰρ
2838 619 3100 689 ἐναργῶς,
3130 620 3209 671 ὅτι
3238 617 3448 687 ἡμέρας
3476 616 3673 679 πολλὰς

2106 711 2434 782 καθήσονται
2486 713 2537 765 oi
2588 712 2694 765 υίο¹ι
2736 710 2951 782 Ἰσραὴλ
2977 750 2991 771 ,
3031 711 3131 762 οὐκ
3175 709 3325 771 ὄντος
3375 706 3669 777 βασιλέως,

2104 804 2224 857 οὐδὲ
2251 804 2528 874 ἄρχοντος,
2566 803 2665 856 οὐκ
2691 801 2858 872 οὔσης
2888 801 3098 863 θυσίας,
3130 799 3249 851 οὐδὲ
3292 798 3443 859 ὄντος
3483 797 3673 849 θυσια-

2105 894 2350 963 στηρίου,
2384 893 2507 946 οὔτε
2540 895 2581 945 ίε
2594 893 2828 963 ρατείας,
2864 891 2986 945 οὔτε
3019 891 3214 960 δήλων.
3247 890 3587 962 ’Υποτρέχων
3614 889 3671 941 δὲ

2104 982 2254 1036 ὥσπε
2262 1003 2293 1051 ρ
2312 984 2473 1047 αὐτὸς
2495 984 2601 1036 τῶν
2632 984 2996 1053 ἀκροωμένων
3021 983 3082 1034 τὸ
3101 981 3352 1051 ἀχάλινον
3376 981 3454 1042 εἰς
3476 978 3666 1049 ὀργὰς,

2105 1075 2522 1143 ὑπεσταλμένως
2578 1074 2825 1142 ἐλέγχει,
2866 1075 2960 1125 καὶ
3002 1072 3336 1140 συμμέτροις
3380 1068 3668 1137 ἀσαφείαις

2103 1166 2459 1230 κατασκιάζει
2500 1167 2589 1219 τὸν
2636 1165 2813 1233 λόγον.
2867 1164 2989 1216 Ὅτι
3043 1163 3139 1233 μὲν
3189 1161 3296 1231 γὰρ
3353 1160 3667 1230 ἡγουμένων

2104 1258 2227 1327 δίχα
2256 1259 2350 1310 καὶ
2387 1257 2479 1309 τοῦ
2507 1256 2876 1327 βασιλεύοντος
2909 1254 3271 1307 διατελέσουσι
3300 1253 3542 1321 καιροὺς,
3574 1252 3665 1302 καὶ

2101 1349 2545 1419 ἀπαιδαγώγητοι
2596 1346 2866 1419 μενοῦσιν,
2913 1346 3108 1417 ἰσχνῶς
3141 1345 3524 1407 ὲπαινίττεται,
3558 1344 3665 1403 τοῖς

2102 1441 2211 1492 τῶν
2238 1438 2391 1503 ζώων
2422 1439 2800 1502 ἀϐασιλεύτοις
2833 1436 3179 1507 παρεικάζων
3209 1435 3422 1497 αὐτούς.
3457 1434 3577 1486 Ὅτι
3610 1431 3666 1486 δὲ

2102 1532 2198 1584 καὶ
2245 1529 2447 1583 θυσιῶν
2511 1530 2894 1600 ἐξωθὴσονται,
2956 1530 3047 1581 καὶ
3097 1525 3437 1597 λειτουργίας
3482 1523 3665 1594 ἱερῶν,

2104 1623 2424 1691 ὑποφαίνει,
2458 1623 2651 1691 λέγων,
2688 1623 2744 1674 ὲν
2782 1621 2880 1691 ἴσῳ
2928 1618 3255 1688 γεγενῆσθαι
3298 1618 3409 1679 τοῖς
3438 1615 3546 1668 τῶν
3590 1617 3669 1666 ίε-

2107 1715 2245 1785 ρέων
2268 1713 2724 1783 ἀντιλεγομένοις.
2752 1714 2861 1767 Καὶ
2896 1712 3037 1775 τίνες
3068 1711 3133 1764 ἂν
3161 1706 3269 1763 εἶεν
3296 1704 3439 1763 obeat
3468 1708 3667 1774 πάλιν;

430 1810 485 1855 et
539 1802 745 1858 idcirco
791 1777 1004 1873 liturgia
1051 1803 1383 1860 excluditur.
1432 1805 1541 1858 Aut
1589 1805 1729 1858 enim
1777 1777 1988 1873 propter

2104 1777 2222 1876 ῆτοι
2267 1805 2348 1869 τίς
2391 1807 2419 1858 ὁ
2452 1777 2863 1875 ἀντιλεγόμενος
2907 1802 3117 1875 ίερεύς;
3185 1803 3241 1854 '0
3272 1801 3462 1871 μῶμον
3507 1799 3665 1869 ἔχων,

430 1892 624 1957 cruris,
654 1899 746 1947 aut
782 1894 1058 1949 oculorum
1093 1895 1306 1960 vitium,
1344 1904 1436 1948 aut
1473 1894 1857 1949 contritionem
1903 1908 1995 1963 pe-

429 1983 531 2049 dis,
557 1995 650 2037 aut
692 1986 850 2040 aliam
901 1986 971 2041 ob
1018 2002 1238 2041 causam
1265 1988 1480 2055 quidam
1520 1987 1694 2042 cilicio
1741 1988 1994 2043 sacerdo-

428 2078 519 2130 tali
576 2079 952 2144 movebantur,
978 2079 1332 2148 quantumvis
1368 2079 1434 2133 de
1469 2080 1610 2133 tribu
1636 2089 1691 2133 et
1731 2079 1993 2147 sanguine

426 2164 555 2221 Levi
609 2176 812 2223 essent.
863 2168 918 2221 ld
946 2168 1086 2237 quod
1129 2168 1310 2222 divina
1346 2167 1433 2223 lex
1473 2183 1567 2237 per
1596 2168 1815 2238 Moysen
1855 2182 1991 2236 prae-

425 2261 589 2328 cepit.
629 2257 721 2314 Sic
746 2260 909 2330 igitur
938 2260 1059 2325 erit,
1093 2260 1287 2330 inquit,
1317 2260 1546 2329 p0pulus
1572 2275 1744 2313 meus.
1780 2259 1989 2313 Etenim

424 2367 545 2405 cum
579 2352 648 2405 sit
692 2366 847 2405 sacer
880 2362 1099 2421 propter
1138 2361 1321 2420 patres
1370 2352 1482 2422 69
1518 2360 1571 2405 et
1611 2351 1861 2418 dignatus
1900 2365 1989 2404 sa-

425 2442 657 2507 criticio,
688 2454 841 2495 extra
875 2451 1117 2496 sanctum
1147 2444 1555 2496 tabernaculum
1585 2442 1811 2506 sedebit,
1836 2450 1988 2495 extra

422 2533 720 2603 liturgiam,
752 2544 807 2589 et
832 2535 1166 2590 sacerdotes.
1198 2532 1312 2587 Non
1341 2535 1484 2588 enim
1518 2533 1869 2597 sacriﬁcium,
1897 2547 1989 2586 ne-

429 2640 537 2694 que
567 2627 788 2680 odorem
823 2625 1111 2680 suavitatis
1138 2625 1320 2679 offeret
1357 2626 1498 2689 Deo;
1524 2622 1805 2692 :rgrutavit
1836 2622 1982 2675 enim

424 2731 529 2770 non
566 2716 678 2784 jam
711 2714 1082 2771 mediocribus
1111 2711 1449 2768 detrimentis
1477 2712 1665 2774 animi,
1691 2718 1746 2764 et
1772 2710 1989 2763 vitiatus

420 2816 503 2860 est
529 2805 715 2869 corde,
748 2813 803 2856 et
835 2802 1029 2857 merito
1052 2801 1167 2870 jam
1226 2800 1523 2868 rejectitius
1558 2810 1720 2868 atque
1769 2797 1988 2852 odiosus

419 2897 615 2951 evasit.
640 2894 973 2949 Eventurum
1007 2902 1188 2948 autem
1231 2891 1504 2957 lsraelitis,
1540 2899 1596 2944 ut
1633 2901 1688 2943 et
1713 2890 1987 2959 propheta:

424 2997 658 3052 taceant,
704 2985 1003 3042 declaravit
1050 2986 1135 3041 bis
1177 2984 1401 3038 verbis:
1443 2999 1461 3033 ι
1514 2981 1583 3037 Ει
1623 2979 1987 3035 infirmabitur

419 3079 685 3152 propheta
719 3087 894 3133 tecum
920 3114 938 3143 ,
983 3095 1003 3129 ι
1038 3077 1330 3131 secundum
1380 3074 1510 3128 illud
1546 3072 1751 3142 utique,
1777 3073 1918 3141 quod
1954 3086 1986 3125 a

421 3167 529 3221 Deo
559 3166 625 3221 ad
679 3166 892 3220 beatum
937 3163 1274 3219 Ezechielem
1314 3163 1519 3217 dictum
1567 3169 1693 3215 est:
1729 3178 1748 3213 ι
1784 3160 1849 3215 Et
1883 3161 1987 3215 Iin-

420 3273 578 3329 guam
616 3266 762 3311 tuam
788 3256 1041 3327 alligabo,
1072 3264 1126 3310 et
1158 3255 1270 3309 eris
1305 3264 1509 3319 mutus,
1542 3263 1597 3307 et
1622 3267 1728 3307 non
1751 3252 1859 3307 eris
1885 3252 1988 3308 illis

422 3347 474 3400 in
524 3347 700 3400 virum
757 3345 1132 3414 obiurgantem
1164 3383 1182 3409 ,
1236 3343 1361 3411 quia
1420 3344 1612 3397 domus
1659 3356 1988 3410 exasperatis

418 3447 503 3493 cst
535 3438 601 3491 “.
635 3455 654 3489 ι
687 3436 812 3492 Haec
864 3451 1026 3507 porro
1070 3436 1253 3489 omnia
1314 3446 1533 3505 propter
1567 3434 1896 3503 impietatem
1933 3434 1985 3487 in

418 3531 719 3593 Christum,
744 3540 799 3584 et
824 3530 1029 3584 scelera
1064 3529 1115 3583 in
1144 3529 1433 3598 prophetas
1465 3527 1747 3598 designata
1774 3527 1988 3582 contin-

420 3630 566 3691 gent.
614 3620 1003 3674 Verumtamen
1054 3634 1160 3672 non
1204 3619 1609 3686 inperpetuum
1658 3617 1985 3674 inﬁrmatum

420 3713 487 3767 iri
530 3712 807 3775 lsraelem,
851 3711 945 3766 sed
996 3725 1089 3779 per
1127 3709 1241 3764 dies
1293 3710 1443 3765 dicit.
1500 3710 1703 3766 Salutis
1744 3713 1883 3766 enim
1934 3721 1987 3768 et

418 3803 789 3862 conversionis
851 3802 920 3858 ad
982 3802 1142 3858 ﬁdem
1220 3810 1432 3871 tempus
1507 3802 1582 3857 illi
1649 3814 1983 3860 reservatum

416 3904 519 3951 est.

490 4188 652 4241 Vsus.
687 4187 739 4249 5,
778 4187 829 4240 6.
871 4186 1029 4240 Nocti
1064 4185 1349 4241 assimilavi
1381 4197 1595 4240 matrem
1631 4195 1794 4241 tuam.
1839 4186 1984 4241 Assi-

416 4278 630 4332 milatus
656 4289 729 4330 est
752 4278 972 4347 populus
1004 4294 1148 4331 meus
1175 4276 1329 4347 quasi
1356 4294 1453 4331 non
1475 4278 1666 4332 habens
1687 4279 1979 4333 scientiam.

418 4370 555 4434 Quia
583 4369 851 4421 scientiam
903 4370 1160 4436 repulisti,
1179 4378 1226 4421 et
1252 4374 1343 4436 ego
1369 4369 1611 4435 repellant
1632 4379 1700 4431 te,
1720 4385 1783 4421 ne
1811 4385 1985 4423 sacer-

2104 1896 2196 1948 xa‘t
2219 1894 2561 1966 ἀρρώστημα
2594 1895 2873 1966 σαρκικόν·
2901 1894 3155 1966 ταύτῃτοι
3180 1892 3273 1946 καὶ
3304 1891 3402 1960 τῆς
3425 1890 3667 1959 λειτουρ-

2100 1986 2225 2055 γίας
2279 1987 2614 2057 εἰργόμενος.
2642 1987 2713 2038 Ἢ
2745 1986 2853 2057 γὰρ
2892 1985 2981 2038 διὰ
3027 1984 3248 2045 σκέλους
3298 1983 3330 2051 ἦ
3376 1981 3667 2051 ὀφθαλμῶν

2101 2079 2387 2149 ἐπήρειαν,
2420 2078 2452 2147 ἢ
2486 2077 2572 2131 διά
2600 2078 2910 2149 σύντριμμα
2940 2076 3117 2140 ποδὸς,
3146 2076 3179 2145 ἢ
3211 2074 3332 2128 καθ’
3364 2073 3553 2143 ἑτέραν
3581 2072 3670 2123 αί-

2098 2170 2219 2222 τίαν
2270 2169 2638 2240 ἐξεπέμποντο
2686 2186 2830 2232 τινες
2866 2169 2960 2221 τοῦ
3006 2166 3256 2238 ἱερᾶσθαι
3297 2165 3427 2228 δεῖν,
3489 2162 3664 2217 καίτοι

2098 2246 2465 2328 γεγονότεςιὲκ
2499 2259 2672 2328 φυλῆς
2707 2276 2766 2311 τε
2800 2259 2893 2313 καὶ
2918 2259 3145 2329 αἵματος
3186 2257 3334 2309 Λευῖ.
3367 2257 3665 2324 Κεχρησμ-

2100 2353 2277 2423 ᾡδηκε
2320 2351 2430 2423 γὰρ
2482 2349 2653 2414 οὕτως
2678 2353 2705 2403 ό
2731 2351 2819 2404 διὰ
2864 2351 3106 2413 Μωσέως
3130 2349 3312 2418 νόμος.
3345 2345 3529 2408 Οῦτως
3572 2340 3664 2396 οὖν

2099 2444 2274 2507 ἔσται,
2304 2443 2496 2513 φησὶν,
2515 2444 2542 2495 ό
2562 2442 2689 2505 λαός
2709 2459 2831 2512 μου.
2867 2441 2978 2496 Καὶ
3003 2440 3111 2511 γάρ
3136 2457 3216 2492 τοι
3242 2438 3499 2508 ὑπάρχων
3522 2436 3664 2504 ἱερὸς

2097 2536 2185 2590 διά
2215 2537 2347 2599 τοὺς
2379 2535 2643 2606 πατέρας,
2676 2535 2771 2588 καὶ
2796 2534 2887 2588 τοῦ
2915 2534 3061 2588 θύειν
3087 2531 3405 2602 ἠξιωμένος,
3429 2530 3532 2595 ἔξω
3564 2532 3665 2599 τῆς

2099 2630 2259 2697 ἁγίας
2284 2628 2593 2681 καθεδεῖται
2626 2626 2849 2696 σκηνῆς,
2876 2624 2979 2689 ἔξω
3003 2622 3341 2693 λειτουργίας
3361 2621 3454 2673 καὶ
3481 2620 3662 2688 ἱερῶν.

2098 2723 2171 2774 Οὐ
2221 2720 2326 2793 γὰρ
2373 2719 2650 2790 προσοίσει
2682 2717 2907 2783 θυσίας,
2939 2715 3062 2769 οὗτε
3097 2715 3202 2787 μὴν
3234 2713 3408 2783 ὀσμὴν
3437 2711 3667 2782 εύῳδίας

2096 2815 2298 2868 ἀνοίσει
2329 2814 2404 2884 τῷ
2437 2814 2583 2884 Θεῷο
2626 2811 3053 2885 κατηρρώστησε
3080 2810 3188 2880 γὰρ
3221 2808 3402 2863 οὐκέτι
3430 2806 3664 2877 μετρίως

2095 2906 2193 2976 τὴν
2219 2910 2295 2969 είς
2326 2906 2448 2959 νοῦν
2476 2907 2579 2977 ὲπή
2591 2923 2761 2976 ρειαν,
2801 2904 2896 2958 καὶ
2923 2901 3369 2971 καταλελώϐηται
3398 2900 3498 2970 τὴν
3526 2916 3660 2969 καρ-

2094 2999 2233 3062 δίαν,
2270 2998 2464 3067 γέγονέ
2504 3015 2561 3049 τε
2598 2996 2823 3059 δικαίως
2853 2995 3215 3065 ὰπόπεμπτος
3247 2993 3381 3064 ἥδη,
3430 2992 3524 3045 καὶ
3564 2993 3665 3046 ἀπ-

2094 3091 2421 3163 ηχθημένος.
2454 3092 2577 3145 Ὅτι
2606 3090 2663 3144 δὲ
2690 3093 2803 3154 τοῖς
2838 3087 2899 3154 ἐξ
2937 3088 3154 3160 Ἰσραὴλ
3186 3087 3525 3159 συμϐήσεται
3567 3087 3661 3139 xal.

2091 3186 2151 3235 τὸ
2191 3183 2414 3252 σιγῆσαι
2444 3182 2765 3254 προφήτας,
2796 3181 3206 3251 διαμεμήνυκεν
3251 3177 3453 3231 εἰπών’
3493 3196 3511 3229 ι
3549 3178 3665 3233 Καὶ

2090 3275 2375 3346 ἀσθενήσει
2404 3274 2499 3327 καὶ
2534 3274 2817 3344 προφήτης
2849 3271 2987 3342 μετὰ
3020 3269 3135 3335 σοῦ,
3165 3289 3183 3321 ι
3204 3269 3323 3323 κατ’
3344 3269 3517 3322 ἐκεῖνό
3556 3281 3660 3321 που

2089 3366 2309 3429 πάντως
2340 3364 2398 3417 τὸ
2435 3364 2723 3435 εἰρημένον
2750 3362 2900 3434 παρά
2922 3362 3057 3414 Θεοῦ
3106 3360 3242 3430 πρὸς
3268 3360 3359 3413 τὸν
3390 3359 3661 3431 μακάριον

2102 3455 2385 3527 Ἰεζεχιήλ·
2431 3473 2449 3507 t
2487 3455 2598 3509 Καὶ
2638 3454 2736 3525 τὴν
2779 3452 3032 3522 γλῶσσάν
3088 3469 3180 3504 σου
3226 3452 3504 3521 συνδήσω,
3564 3449 3660 3504 καὶ

2088 3548 2538 3619 ἀποκωφωθήσῃ,
2583 3546 2676 3599 καὶ
2706 3545 2804 3597 οὐκ
2848 3544 2949 3615 ἔσῃ
2981 3545 3163 3607 αὐτοῖς
3191 3544 3268 3606 είς
3297 3542 3462 3613 ἄνδρα
3504 3539 3662 3594 εὐθύ-

2088 3658 2267 3707 νοντα,
2308 3640 2474 3709 ῆγουν
2516 3637 2830 3707 ἐλέγχοντα,
2875 3636 2956 3689 ὅτι
3004 3631 3150 3698 οἶκος
3203 3631 3659 3704 παραπικραίνων

2088 3731 2223 3785 ὲστί.
2257 3749 2275 3782 ι
2332 3729 2521 3783 Ταῦτα
2570 3729 2625 3782 δὲ
2670 3729 2847 3783 πάντα
2899 3728 3238 3798 συμϐήσεται
3281 3726 3370 3779 διὰ
3432 3725 3531 3796 τὴν
3580 3726 3660 3788 είς

2086 3820 2320 3894 Χριστὸν
2349 3820 2625 3885 ἀσέϐειαν,
2654 3819 2749 3871 καὶ
2773 3819 2842 3872 τὰ
2873 3819 2953 3881 είς
2988 3819 3273 3888 προφήτας
3310 3816 3656 3887 ἐγκλήματα.

2087 3913 2234 3983 Πλὴν
2257 3912 2357 3966 οὐκ
2391 3913 2469 3975 είς
2500 3910 2651 3965 ἅπαν
2681 3909 3000 3980 ἀσθενήσειν
3026 3910 3121 3962 τὸν
3161 3909 3395 3980 Ἰσραὴλ,
3432 3907 3545 3961 ἀλλ’
3578 3908 3658 3969 είς

2087 4006 2298 4077 ἡμέρας
2344 4004 2496 4077 φησί.
2548 4004 2855 4076 Τετήρηται
2901 4004 3005 4074 γὰρ
3053 4002 3200 4072 αύτῷ
3246 4001 3517 4072 σωτηρίας
3564 3999 3659 4055 καὶ

2088 4099 2423 4171 ἐπιστροφῆς
2451 4098 2547 4168 τῆς
2570 4096 2646 4159 ὡς
2670 4099 2727 4149 ὲν
2753 4096 2934 4149 πίστει
2968 4095 3174 4165 καιρός.

2156 4190 2341 4244 Νυκτὶ
2387 4190 2663 4257 ὡμοίωσα
2711 4187 2826 4256 τὴν
2862 4186 3085 4256 μητέρα
3129 4202 3262 4238 σου.
3314 4182 3590 4252 Ὡμοιώθη
3625 4182 3658 4236 ὁ

2084 4284 2234 4347 λαός
2252 4298 2369 4350 μου
2396 4281 2476 4346 ὡς
2502 4280 2612 4332 οὐκ
2634 4279 2793 4348 ἔχων·
2819 4278 3063 4347 γνῶσιν.
3089 4277 3208 4328 Ὅτι.
3232 4273 3311 4328 σὺ
3331 4274 3659 4341 ἐπίγνωσιν

2084 4372 2324 4435 ἀπώσω,
2368 4372 2527 4442 κάγὼ
2559 4372 2872 4438 ἀπώσομαί
2917 4387 2990 4423 σε
3023 4368 3127 4422 τοῦ
3166 4366 3485 4435 ἱερατεύειν
3533 4382 3653 4433 μοι.

414 4463 554 4515 dolio
585 4461 824 4530 fungaris
853 4462 999 4513 milii.
1034 4460 1096 4511 Et
1126 4461 1285 4512 obiita
1314 4476 1366 4513 ea
1398 4460 1524 4529 legis
1554 4458 1655 4513 Dei
1678 4460 1778 4525 tui,
1816 4470 1864 4513 et
1890 4477 1981 4531 ego

2096 4466 2192 4518 Καὶ
2220 4464 2514 4518 ἐπελάθου
2540 4465 2727 4533 νόμου
2759 4462 2905 4517 Θεοῦ
2936 4479 3073 4525 σου,
3104 4459 3263 4529 κάγὼ
3292 4454 3655 4523 ἐπιλήσομαι

412 4554 691 4608 obliviscar
710 4552 942 4620 ﬁliorum
977 4561 1205 4605 tuorum.

482 4644 768 4701 XXXVIII.
802 4644 992 4698 Adhuc
1019 4657 1198 4696 sermo
1228 4640 1372 4695 velut
1400 4643 1466 4695 ad
1496 4641 1800 4697 Judaeorum
1830 4658 1981 4698 men-

411 4741 597 4793 dacem
628 4748 684 4793 et
712 4736 927 4806 impiam
980 4732 1373 4786 multitudinem
1429 4732 1696 4802 dirigitur.
1755 4732 1977 4786 Matrem

410 4831 525 4895 ejus
560 4831 787 4901 appellat
824 4829 1184 4899 Syuagogam,
1232 4825 1680 4893 quemadmodum
1735 4824 1983 4880 videlicet

412 4925 462 4975 iu
493 4923 705 4977 Christo
732 4922 1145 4989 jusulicatorum
1192 4917 1505 4973 Ecclesiam.
1562 4916 1696 4971 Cum
1730 4916 1974 4971 obscuri-

412 5027 518 5069 tate
545 5014 709 5084 igitur
740 5024 793 5067 et
836 5013 1072 5068 tenebris
1122 5026 1243 5081 apte
1278 5010 1578 5065 .Iudzcorutu
1635 5008 1973 5079 Synagogam

410 5107 641 5163 confert.
669 5103 898 5158 Proinde
927 5116 977 5158 ct
1007 5104 1438 5171 sapientissimus
1485 5102 1682 5156 Paulus
1714 5103 1779 5156 de
1812 5117 1888 5167 se,
1925 5109 1979 5155 et

413 5202 464 5253 in
493 5200 592 5252 fide
628 5197 905 5251 illustratis
941 5194 1243 5249 rectissime
1277 5213 1290 5247 :
1333 5215 1349 5245 ι
1403 5194 1515 5248 Νοιι
1554 5209 1739 5249 sumus
1780 5194 1974 5256 noctis,

412 5308 506 5347 nec
534 5291 900 5351 tenebrarum,
941 5287 1033 5343 sed
1064 5303 1247 5341 sumus
1285 5288 1372 5341 lilii
1412 5288 1544 5342 lucis
1594 5296 1647 5342 et
1691 5288 1793 5341 diei
1842 5288 1909 5340 νδ.
1952 5306 1969 5338 ι

409 5386 611 5439 Similis
648 5391 731 5437 est
758 5396 934 5452 porro,
978 5381 1164 5448 inquit,
1195 5389 1249 5433 et
1299 5379 1520 5448 populus
1561 5394 1711 5432 meus
1744 5394 1847 5433 non
1881 5378 1978 5431 ba-

408 5477 658 5533 bentibus
699 5475 1001 5536 scientiam,
1026 5472 1272 5541 quamvis
1301 5471 1416 5538 lego
1445 5481 1714 5537 prmeuute
1732 5487 1792 5525 ac
1824 5487 1975 5524 mou-

408 5582 613 5625 Strnule
646 5572 782 5623 viam
824 5569 991 5621 dives.
1031 5565 1258 5621 Vocatus
1281 5565 1422 5619 enim
1452 5564 1516 5617 ad
1549 5562 1828 5617 scientiam
1860 5566 1971 5617 veri

490 5739 529 5771 ⁹²
555 5748 689 5801 Osce
723 5761 800 5809 ιιι,
837 5745 887 5797 4.

965 5744 1009 5775 9³
1048 5741 1241 5798 Ειυιίι.
1277 5757 1356 5803 ιιι,
1388 5741 1473 5795 30.
1554 5739 1598 5772 9‘
1632 5739 1649 5793 ι
1689 5740 1877 5795 Thess.
1916 5757 1965 5806 ν,

2080 4557 2305 4609 τέκνων
2342 4569 2481 4609 σου.

2149 4647 2277 4702 AH’.
2313 4647 2433 4699 Ἔτι
2476 4646 2573 4717 μὲν
2604 4640 2696 4699 οῦν
2722 4647 2750 4698 ὁ
2780 4645 2935 4713 λόγος
2963 4642 3038 4708 ὡς
3082 4643 3217 4715 πρὸς
3249 4642 3346 4713 τὴν
3378 4640 3483 4694 τῶν
3520 4640 3652 4692 ’1ου-

2080 4735 2242 4790 δαίων
2281 4734 2600 4806 ἀμαρτοεπῆ
2639 4752 2697 4787 τε
2748 4734 2843 4787 καὶ
2879 4733 3097 4787 ἀνοσίαν
3144 4732 3371 4803 πληθύν.
3425 4729 3652 4799 Μητέρα

2081 4844 2145 4895 γε
2198 4827 2302 4896 μὴν
2336 4827 2507 4897 αὐτῆς
2551 4827 2804 4897 ὀνομάζει
2854 4825 2951 4896 τὴν
2999 4825 3347 4895 Συναγωγὴν,
3402 4821 3650 4890 καθάπερ

2082 4918 2275 4989 ἀμέλει
2309 4919 2401 4971 καὶ
2427 4918 2534 4972 τῶν
2576 4919 2635 4972 ὲν
2668 4918 2887 4990 Χριστῷ
2915 4917 3348 4985 δεδικαιωμένων
3393 4914 3489 4981 τὴν
3530 4910 3655 4964 Ἐκ-

2084 5012 2329 5082 κλησίαν.
2360 5014 2651 5083 Ἀιρεγγείᾳ
2677 5013 2853 5066 τοίνυν
2906 5013 2999 5065 καὶ
3031 5011 3206 5079 σκότῳ
3234 5005 3553 5078 παρεικάζει
3587 5004 3657 5057 δι-

2085 5106 2254 5167 καίως
2295 5105 2390 5176 τὴν
2425 5106 2531 5159 τῶν
2566 5108 2829 5161 Ἰουδαίων
2864 5104 3206 5173 Συναγωγήν.
3244 5100 3531 5168 Τοιγάρτοι
3561 5097 3656 5151 καὶ

2085 5199 2113 5249 ὁ
2147 5197 2454 5266 σοψώτατος
2504 5198 2711 5260 Παῦλος
2761 5197 2948 5250 ἑαυτοῦ
2992 5213 3050 5247 τε
3092 5193 3252 5263 πέρι,
3302 5192 3396 5245 καὶ
3439 5189 3547 5243 τῶν
3595 5190 3655 5243 εν

2084 5288 2263 5341 πίστει
2291 5288 2809 5361 λελαμπρυσμένων,
2842 5286 2900 5344 εὖ
2932 5291 3073 5359 μάλα
3100 5287 3281 5358 φησίν
3314 5286 3460 5339 (Οὐκ
3488 5283 3653 5353 ἐσμὲν

2079 5382 2289 5445 νυκτὸς,
2321 5383 2441 5435 οὐδὲ
2480 5383 2723 5446 σκότους,
2751 5382 2863 5436 ἀλλ’
2891 5380 2996 5434 υἱοὶ
3028 5380 3204 5449 φωτὸς
3232 5379 3327 5432 καὶ
3355 5376 3588 5448 ἡμέρας·
3628 5392 3647 5426 ³

2083 5474 2264 5525 Ἔοικε
2307 5473 2382 5538 δὲ,
2414 5474 2580 5544 φησι,
2623 5475 2715 5527 καὶ
2740 5476 2768 5527 ὁ
2805 5474 2929 5537 λαὸς
2968 5474 2996 5525 ό
3034 5472 3165 5543 ἐμὸς
3197 5473 3307 5534 τοῖς
3338 5472 3437 5522 οὐκ
3470 5468 3651 5538 ἔχουσι

2082 5567 2302 5633 γνῶσιν,
2349 5569 2526 5622 καίτοι
2567 5568 2662 5639 τὴν
2712 5568 2799 5622 διὰ
2852 5566 3018 5639 νόμου
3084 5562 3473 5633 πεπλουτηκὼς
3520 5560 3649 5615 1:06-
