4002 6220
293 271 392 326 1ἳί

1221 272 1774 333 COM'MENTARICS
1815 277 1877 332 ΙΝ
1918 279 2149 333 (lSEAM
2196 279 2643 337 ΡίὶΟΡΗΕΤᾸΜ.

3454 289 3564 348 122

293 387 486 458 ηγίαν.
513 387 794 457 Κέκληται
828 386 934 457 γὰρ
971 387 1104 458 πρὸς
1138 386 1429 458 ἐπίγνωσιν
1459 391 1552 443 τοῦ
1581 393 1720 445 κατὰ
1753 394 1884 464 ἀλή-

1996 394 2106 460 Dei,
2145 405 2202 450 et
2224 414 2318 467 per
2347 397 2604 451 miracula
2637 405 2780 451 certa
2815 395 2886 450 illi
2919 397 3050 466 fides
3097 399 3234 454 facta
3283 417 3296 455 :
3336 409 3392 456 et
3429 405 3564 461 nihil

296 479 452 533 θειαν
501 479 653 542 ὄντος
693 478 854 542 θεοῦ,
910 478 1388 549 πεπληροφορηται
1438 479 1525 533 διὰ
1573 481 1884 551 θαυμάτων,

271 566 579 619 -ἐλλέλοιπε
623 566 678 618 δὲ
711 564 988 627 παντελῶς
1023 566 1176 618 οὐδὲν
1223 567 1331 620 τῶν
1377 568 1478 621 ὅσα
1513 571 1769 637 φωτίζειν
1801 567 1891 624 οἷά

297 675 357 711 τε
398 659 530 721 τοὺς
571 657 1023 726 ἐσκοτισμένους,
1076 657 1168 710 καὶ
1202 658 1529 727 ἀξιάγαστον
1563 665 1674 725 τοῖς
1721 663 1890 732 εὐμα-

300 749 586 817 θεστέροις
616 749 822 802 ἐνιέναι
855 748 1057 816 γνῶσιν
1083 749 1181 802 οὐκ
1203 750 1473 813 ἀνικάνως
1502 752 1632 821 ἔχει.
1675 753 1890 822 Ἐπειδὴ

300 840 355 892 δὲ
389 839 622 902 ἀπώσω,
670 840 826 910 φησί,
868 839 966 910 τὴν
1011 840 1327 907 ἐπίγνωσιν,
1360 842 1603 895 τουτέστι
1634 844 1885 913 Χριστὸν,

299 929 365 980 δι’
397 922 480 991 οὗ,
513 929 606 981 καὶ
636 931 692 982 ἐν
717 923 762 997 ᾧ
788 929 1042 1000 προσιτός
1069 946 1130 980 τε
1161 930 1274 998 ἅμα
1308 931 1402 983 καὶ
1455 931 1692 998 γνωστὸς
1721 935 1747 986 ὁ
1781 934 1890 986 Πα-

302 1019 426 1090 τὴρ,
462 1021 710 1090 ἑξωθήσῃ
741 1020 922 1074 λοιπὸν
958 1018 1052 1072 τοῦ
1094 1015 1234 1072 εἶναι
1268 1020 1432 1091 ἱερὸς,
1467 1023 1560 1074 καὶ
1593 1022 1685 1075 τοῦ
1721 1039 1889 1093 προσ-

305 1111 461 1178 ἀγειν
510 1111 698 1173 Θυσίας
724 1150 740 1174 ,
783 1111 858 1174 ὡς
907 1111 1152 1181 βέβηλος.
1206 1113 1315 1166 Καὶ
1362 1113 1549 1185 ἐπειδὴ
1590 1113 1696 1167 τῶν
1731 1115 1888 1168 θείων

305 1204 384 1264 εἰς
414 1201 585 1272 λήθην
624 1185 956 1266 κατώλισθες
993 1203 1193 1273 νόμων,
1231 1205 1368 1274 μήτε
1387 1204 1458 1256 τὰ
1481 1205 1722 1268 Μωσέως
1765 1207 1888 1275 νοή-

305 1308 401 1353 σας
461 1291 880 1362 πνευματικῶς,
922 1293 1057 1363 μήτε
1097 1296 1208 1356 τοῖς
1247 1293 1334 1346 διὰ
1384 1293 1622 1365 Χριστοῦ
1669 1294 1888 1347 παιδεύ-

307 1400 472 1452 μασιν
513 1384 688 1454 ἰσχνόν
717 1402 776 1438 τε
812 1385 904 1438 καὶ
927 1386 1105 1453 εὐφυᾶ
1141 1385 1230 1438 τὸν
1255 1386 1377 1438 νοῦν
1408 1387 1588 1450 ἐνιεὶς,
1619 1387 1697 1450 εἰς
1719 1387 1888 1457 λήθην

306 1473 458 1541 κάγὼ
507 1475 616 1526 τῶν
645 1475 755 1527 σῶν
802 1476 962 1529 οίονεί
1007 1493 1124 1539 πως
1173 1477 1611 1547 ύπενεχθήσομαι
1657 1476 1884 1543 τέκνων,

304 1570 603 1634 τουτέστιν,
644 1571 828 1624 οὐκέτι
864 1573 1238 1642 μεμνήσομαι,
1273 1572 1362 1625 διά
1407 1589 1468 1639 γε
1500 1572 1592 1626 τοῦ
1627 1573 1720 1626 καὶ
1767 1591 1888 1642 φειο

305 1662 426 1724 δοῦς
479 1665 574 1714 καὶ
605 1663 885 1732 φροντίδος
913 1663 1116 1727 ἀξιοῦν.
1145 1660 1243 1717 Ὧν
1272 1665 1378 1736 γὰρ
1403 1664 1544 1730 ἀξιοῖ
1582 1663 1887 1733 μεμνῆσθαι

1989 502 2212 556 prorsus
2247 487 2416 540 del‘uit
2444 487 2706 550 omnium,
2752 502 3085 556 quiecunque
3119 490 3422 548 illuminare
3474 510 3564 548 ve-

1989 576 2068 629 lut
2107 576 2160 629 in
2195 577 2428 631 tenebris
2457 588 2752 640 versantes,
2786 585 2840 631 et
2875 579 2940 630 ad
2978 581 3348 634 admirabilem
3387 583 3564 636 scien—

1991 667 2118 718 tiam
2164 666 2509 720 inserendam
2541 666 2832 720 sumciunt.
2865 666 3125 733 Quoniam
3160 685 3287 722 vero
3321 671 3558 738 repuliin

1989 756 2292 822 scientiam,
2339 757 2531 825 inquit,
2568 757 2668 812 hoc
2705 767 2803 818 est,
2840 756 3133 821 Christum,
3172 773 3265 824 per
3297 773 3480 827 quem,
3509 767 3563 812 et

1990 846 2183 915 inquo
2236 849 2417 900 accedi
2453 858 2508 900 et
2545 848 2794 915 cognosci
2847 858 3021 916 potest
3069 847 3251 912 Pater,
3305 849 3556 917 repellam

1989 952 2088 1005 ego
2121 938 2185 992 de
2217 948 2412 992 caetero
2444 947 2518 1002 te,
2549 953 2617 991 ne
2650 938 2779 990 mihi
2808 939 2882 991 sis
2909 949 3147 1000 sanctus,
3177 949 3228 991 et
3268 955 3334 991 ne
3365 937 3560 993 offeras

1990 1029 2117 1082 mihi
2151 1029 2498 1092 sacriﬁcium,
2527 1038 2712 1097 utpote
2759 1029 3036 1098 profanus.
3093 1029 3157 1083 Et
3201 1031 3454 1097 quoniam
3505 1031 3556 1082 in

1989 1119 2309 1173 oblivionem
2335 1119 2637 1173 divinarum
2664 1120 2836 1187 legum
2875 1119 3052 1187 lapsus
3079 1134 3156 1184 es,
3192 1136 3362 1188 neque
3400 1119 3560 1172 intel-

1988 1209 2164 1263 lexisti
2196 1209 2426 1266 Mosaica
2457 1213 2828 1283 spiritualiter,
2875 1229 3048 1282 neque
3076 1214 3370 1267 doctrinam
3403 1213 3559 1267 Chri-

1988 1301 2057 1354 sti
2088 1311 2276 1357 exacte
2308 1313 2361 1356 et
2393 1318 2513 1359 cum
2562 1304 2822 1359 industria
2870 1305 3344 1374 comprehendisti,
3397 1306 3557 1358 etiam

1989 1407 2088 1460 ego
2117 1394 2167 1446 in
2189 1393 2512 1450 oblivionem
2542 1404 2753 1449 tuorum
2789 1396 2897 1465 70
2924 1396 3150 1450 liliorum
3199 1397 3344 1451 velut
3386 1397 3559 1466 prola-

1989 1484 2105 1548 bar,
2151 1485 2254 1538 hoc
2293 1495 2394 1550 est,
2437 1487 2720 1540 immemor
2751 1501 2864 1551 ero,
2917 1496 2974 1540 ut
3005 1502 3098 1542 eos
3137 1488 3460 1557 indulgentia
3504 1495 3559 1540 et

1988 1579 2350 1633 sollicitudine
2389 1579 2597 1648 dignari
2630 1579 2896 1634 desinam.
2926 1581 3162 1647 Quorum
3195 1580 3335 1633 enim
3367 1579 3555 1646 digna-

1993 1680 2078 1723 tur
2133 1669 2428 1736 recordari,
2487 1669 2606 1723 illos
2661 1685 2754 1724 sua
2811 1671 3138 1739 benignitate
3198 1671 3552 1739 prosequitur.

308 1757 470 1820 83k,
519 1759 730 1821 τούτοις
783 1758 882 1828 τὴν
940 1759 1074 1812 ἰδίαν
1131 1758 1394 1827 ἀπονέμει
1450 1755 1876 1828 φιλανθρωπίαν.

1996 1758 2192 1814 )blitus
2215 1769 2296 1814 est
2323 1769 2500 1813 autem
2543 1770 2597 1814 et
2627 1759 2784 1814 aliter
2813 1759 3006 1813 divinae
3056 1760 3208 1828 legis,
3261 1770 3316 1812 et
3365 1759 3558 1825 repulit

321 1850 646 1904 ‘Emldﬂno
703 1851 759 1903 δὲ
814 1851 908 1904 καὶ
959 1851 1160 1922 ἑτέρως
1202 1849 1295 1903 τοῦ
1345 1849 1491 1902 θείου
1539 1849 1739 1918 νόμου,
1788 1849 1879 1902 καὶ

306 1945 568 1998 ἀπώσατο
612 1945 710 2016 τὴν
753 1946 1045 2014 ἐπίγνωσιν
1087 1945 1544 2016 εἰδωλολατρήσας
1577 1944 1604 1995 ὁ
1643 1945 1877 2015 Ἰσραήλ.

373 2036 538 2091 Κατὰ
578 2037 642 2089 τὸ
681 2035 914 2105 πλῆθος
947 2035 1164 2100 αὐτῶν,
1216 2037 1402 2102 οὕτως
1453 2037 1721 2105 ἥμαρτέν
1756 2053 1876 2106 μοι.

309 2129 428 2196 Τὴν
459 2129 653 2193 δόξαν
682 2127 882 2182 αὐτῶν
907 2130 994 2195 εἰς
1021 2128 1262 2198 ἀτιμίαν
1287 2127 1562 2199 θήσομαι.

375 2309 501 2362 ΛΘ’.
555 2305 920 2376 Ἦμερότητος
951 2304 1049 2365 μὲν
1091 2303 1308 2374 ἀπάσης
1336 2303 1430 2356 καὶ
1466 2304 1639 2374 πηγὴ,
1671 2303 1763 2358 καὶ
1791 2303 1882 2372 γέ-

303 2415 470 2461 νεσις,
501 2396 596 2449 καὶ
646 2396 968 2464 αὐτόχρημα
995 2393 1055 2446 τὸ
1083 2381 1284 2460 ἀγαθὸν
1315 2393 1348 2463 ή
1399 2392 1518 2445 θεία
1550 2393 1610 2446 τέ
1642 2396 1756 2446 ἐστι
1790 2395 1882 2447 καὶ

305 2491 617 2560 ἀπόρρητος
658 2486 836 2555 φύσις.
888 2485 1032 2556 Πλὴν
1059 2485 1158 2537 οὐκ
1203 2483 1434 2537 εἰσάπαν
1476 2485 1584 2537 τῶν
1627 2485 1882 2555 πλημμε-

304 2581 538 2634 λούντων
563 2579 832 2649 ἀνέχεται,
866 2580 977 2640 τοῖς
1004 2577 1059 2630 δὲ
1099 2576 1364 2647 ἀχαλίνως
1405 2578 1484 2640 εἰς
1513 2575 1667 2628 τοῦτο
1713 2577 1881 2638 ἰοῦσι,

306 2675 402 2735 τὰς
426 2673 613 2735 αὐτοῖς
642 2669 958 2741 πρεπούσας
985 2669 1231 2740 ἐπιφέρει
1258 2668 1433 2732 δίκας.
1465 2667 1781 2737 Ἀφικέσθαι
1821 2667 1884 2738 δὴ

304 2762 396 2819 οὖν
433 2767 516 2826 είς
537 2762 696 2815 τοῦτο
735 2760 1062 2830 φαυλότητος
1099 2759 1490 2830 διισχυρίζεται
1525 2759 1614 2813 τὸν
1648 2759 1882 2830 Ἰσραήλ,

310 2859 385 2920 ὡς
418 2856 605 2909 οὐκέτι
648 2853 746 2924 μὲν
775 2853 960 2922 οἰστὴν
1007 2850 1258 2920 γενέσθαι
1284 2849 1382 2922 τὴν
1412 2850 1686 2914 ἀπόνοιαν,
1721 2851 1887 2920 ἰσάριο

307 2948 441 3016 Θμον
472 2945 530 2998 δέ
559 2944 749 3014 ῶσπερ
779 2944 961 3005 αὐτοῖς
1013 2943 1238 3013 ὁρᾶσθαι
1270 2941 1366 3012 τὴν
1398 2942 1693 3012 ἁμαρτίαν.
1726 2942 1888 2994 Αὐτοὶ

1981 1852 2288 1916 scientiam,
2319 1851 2474 1904 idolis
2508 1852 2602 1905 abs
2627 1866 2684 1906 se
2711 1850 2870 1905 cultis
2897 1849 3085 1903 Israel.

2055 2029 2216 2084 Vens.
2248 2030 2300 2085 7.
2328 2031 2627 2085 Secundum
2654 2030 3046 2084 multitudinem
3084 2044 3282 2092 eorum,
3318 2027 3392 2080 sic
3436 2042 3560 2095 pec-

1981 2134 2224 2178 cat-erunt
2285 2125 2433 2178 mihi.
2483 2123 2719 2180 Gloriam
2767 2139 2947 2178 eorum
2988 2122 3044 2176 in
3085 2121 3421 2191 ignominiam
3463 2136 3558 2190 po—

1983 2233 2124 2269 nunt.

2051 2304 2286 2360 XXXIX.
2306 2305 2493 2362 Omnis
2507 2302 2930 2360 mansuetudinis
2943 2311 2994 2356 ct
3012 2300 3403 2368 fons,etorigo,
3419 2305 3471 2352 et
3485 2310 3561 2350 re-

1982 2414 2109 2452 vera
2128 2399 2322 2453 bonum
2349 2400 2519 2466 ipsum
2549 2398 2727 2452 divina
2746 2407 2800 2451 et
2824 2396 3110 2451 ineﬂ'abilis
3128 2403 3319 2448 natura
3333 2402 3433 2446 est.
3451 2392 3559 2447 Ve-

1985 2501 2282 2545 rumtamen
2319 2499 2601 2559 peccantes
2671 2504 2776 2542 non
2853 2501 3236 2558 usquequaque
3292 2485 3556 2546 sustinet;

1985 2583 2077 2638 sed
2112 2581 2366 2635 ell‘renate
2416 2595 2480 2634 eo
2529 2595 2589 2634 se
2637 2581 2910 2644 dantibus,
2972 2593 3162 2647 pinnas
3215 2577 3558 2629 commeritas

1987 2670 2196 2740 inﬂigit.
2234 2669 2347 2723 lluc
2376 2670 2537 2738 igitur
2570 2669 2832 2724 scelerum
2861 2667 3113 2723 lsraclem
3163 2666 3373 2719 venisse
3417 2663 3561 2716 allir-

1988 2772 2115 2829 mat,
2153 2771 2210 2815 ut
2250 2763 2486 2814 amentia
2533 2759 2651 2828 ejus
2698 2758 2917 2813 tolerari
2962 2757 3191 2827 amplius
3220 2771 3322 2809 non
3369 2757 3557 2824 possit.

1985 2853 2211 2909 Peccata
2277 2861 2456 2907 autem
2517 2867 2798 2906 numerum
2865 2851 3099 2918 capitum
3170 2848 3562 2917 quodammodo

1987 2960 2228 3014 :equasse
2264 2945 2451 3000 videri.
2482 2943 2583 3013 lpsi
2630 2945 2772 2998 enim
2803 2953 2960 2996 erant
3004 2961 3021 2992 ι
3065 2941 3207 2994 velut
3245 2940 3411 2995 stellae
3440 2939 3561 2994 coeli

309 3039 408 3109 μέν
434 3037 544 3108 γάρ
571 3032 712 3107 ἦσαν
741 3053 758 3085 ι
790 3034 920 3087 ὡσεὶ
941 3033 1008 3086 τά
1034 3033 1210 3102 ἄστρα
1222 3029 1314 3086 τοῦ
1330 3031 1556 3102 ούρανοῦ
1579 3030 1655 3101 τῷ
1670 3031 1884 3102 πλήθει,

1996 3037 2358 3102 multitudine,
2387 3045 2480 3089 aut
2503 3036 2647 3089 velut
2688 3049 2850 3089 arena
2884 3035 2938 3088 in
2981 3034 3163 3088 littore
3204 3032 3369 3087 maris
3411 3032 3478 3097 ’⁸,
3538 3050 3558 3082 ›

307 3132 403 3185 καὶ
437 3131 519 3188 ὡς
554 3131 588 3199 ἡ
633 3129 816 3197 ἄμμος
852 3127 886 3196 ή
931 3125 1083 3196 παρά
1113 3125 1173 3178 τὸ
1205 3124 1378 3195 χεῖλος
1410 3124 1508 3194 τῆς
1532 3123 1826 3194 Θαλάσσης,
1861 3144 1879 3176 ι

310 3221 451 3274 κατά
477 3219 538 3272 τὸ
566 3216 970 3290 γεγραμμένον.
997 3215 1160 3268 Οὑδέν
1190 3214 1246 3266 δὲ
1274 3213 1368 3268 τοῦ
1403 3212 1638 3283 πλήθους
1669 3214 1886 3267 ἀποδεῖν

311 3314 417 3383 εφη
441 3313 513 3364 τά
534 3309 826 3381 πλημμελή
837 3325 1000 3379 ματα.
1029 3305 1221 3369 Τοῦτο,
1240 3301 1413 3377 οἶμαι,
1432 3306 1548 3359 ἐστί
1575 3305 1635 3358 τὸ
1656 3322 1696 3358 ἰ
1732 3305 1887 3358 Κατά

308 3408 371 3459 τὺ
407 3404 614 3474 πλῆθος
661 3401 862 3464 αὐτῶν,
888 3399 1046 3462 οὕτω,
1081 3398 1329 3471 ἥμαρτόν
1371 3415 1482 3468 μοι.
1519 3417 1538 3451 ι
1579 3397 1797 3469 Ἐπειδὴ
1831 3397 1887 3450 δὲ

309 3504 394 3564 εἰς
443 3497 605 3552 τοῦτο
652 3495 984 3550 κατώλισθον
1047 3492 1357 3564 ἀθλιότητος
1401 3509 1463 3545 τε
1528 3491 1624 3545 καὶ
1668 3491 1890 3544 δυσϐου-

309 3592 432 3650 λτλς
452 3632 465 3650 ,
491 3592 584 3643 καὶ
619 3587 738 3658 Θεῷ
770 3585 1199 3658 προσκρούοντες
1237 3585 1297 3638 οὑ
1319 3583 1680 3638 διαλελοίπασι
1700 3626 1714 3649 ,
1749 3584 1888 3654 «Τὴν

313 3685 470 3751 δόξαν
489 3681 668 3736 αὐτῶν
694 3681 774 3744 εἰς
803 3678 1026 3748 ἀτιμίαν
1055 3674 1292 3747 θήσομαι
1313 3692 1327 3707 ο
1360 3695 1379 3727 ›
1411 3675 1707 3742 τουτέστιν,
1735 3676 1820 3745 ἐφ’
1844 3667 1887 3741 ᾧ

323 3777 533 3849 μεγαλα
569 3774 787 3846 φρονεῖν
833 3767 1155 3838 ἐγνώκασιν,
1181 3769 1266 3820 ἐπ’
1291 3765 1440 3836 αὑτῷ
1470 3766 1534 3836 δὴ
1561 3766 1736 3836 τούτῳ
1763 3782 1889 3818 κατ-

321 3866 785 3938 αισχυνθήσονται.
814 3860 938 3924 Πῶς
961 3859 1133 3932 ἢτίνα
1156 3857 1386 3930 τρόπον;
1410 3857 1752 3927 Αὐχημάτων
1778 3857 1886 3927 γὰρ

318 3957 717 4014 ἀποπεσοῦνται
757 3953 865 4007 τῶν
897 3952 989 4005 ἐπὶ
1043 3949 1236 4020 πλήθει
1283 3948 1497 4019 πολλῷ,
1543 3949 1889 4013 δαπανῶντος

319 4048 414 4102 τοῦ
446 4047 680 4116 πολέμου
711 4044 820 4106 τοῖς
852 4039 1110 4112 μαχίμοις
1140 4036 1274 4107 ὁμοῦ
1305 4039 1398 4090 καὶ
1427 4037 1526 4106 τὴν
1558 4036 1724 4105 ἄλλην
1759 4036 1891 4090 ἀπα.

322 4156 420 4192 σαν
437 4137 672 4209 ἡλικίαν.
698 4131 993 4201 Κένανδροι
1023 4128 1130 4197 γὰρ
1169 4125 1529 4198 ἀπομενοῦσιν
1544 4123 1678 4178 οἶκοί
1704 4143 1762 4179 τε
1796 4127 1892 4180 καὶ

321 4231 526 4293 πόλεις.
552 4227 665 4281 Καὶ
691 4225 776 4277 ἐπ’
799 4223 947 4292 αύτῷ
981 4221 1037 4275 δέ
1064 4219 1238 4290 τούτῳ
1269 4219 1365 4290 τὴν
1400 4218 1657 4272 Ἰουδαίαν
1686 4220 1713 4271 ὁ
1756 4235 1890 4289 προ-

320 4324 499 4393 φήτης
531 4317 799 4388 Ἱερεμίας
821 4314 1058 4386 ἐθρήνει,
1081 4311 1283 4380 λέγων’
1315 4330 1332 4363 ι
1365 4310 1488 4373 Πῶς
1511 4309 1729 4363 ἐκάθισε
1757 4310 1892 4379 μόνη

1994 3139 2053 3184 ut
2095 3131 2351 3197 scriptum
2387 3137 2514 3183 est:
2560 3144 2590 3183 a
2633 3143 2732 3198 qua
2780 3127 3123 3182 multitudine
3173 3126 3248 3179 ait
3292 3141 3394 3179 non
3450 3126 3562 3178 dis-

1993 3233 2218 3287 crepare
2273 3219 2586 3273 delictorum
2630 3220 2860 3286 copiam.
2893 3218 3004 3271 lloc
3036 3225 3139 3280 est,
3175 3217 3385 3285 opinor,
3429 3234 3447 3260 α
3481 3229 3566 3268 se-

1993 3312 2225 3369 cundum
2252 3311 2647 3366 multitudinem
2669 3325 2879 3372 eorum,
2899 3309 2975 3363 sic
2993 3306 3511 3377 peccaveruntniihi.
3539 3323 3558 3356 ι

1996 3402 2097 3458 Ubi
2133 3413 2310 3457 autem
2348 3418 2413 3457 eo
2446 3403 2678 3456 miserire
2714 3399 3062 3468 stultitiaque
3100 3399 3450 3460 devenerunt,
3507 3408 3564 3449 ut

1995 3492 2105 3546 Deo
2137 3506 2277 3560 aegre
2310 3489 2486 3545 facere
2516 3505 2619 3544 non
2647 3490 2988 3552 desisterent,
3025 3487 3121 3550 ait,
3155 3506 3174 3538 ι
3212 3487 3448 3541 Gloriam
3473 3500 3565 3538 eo-

1996 3600 2114 3638 rum
2139 3584 2190 3636 in
2220 3582 2568 3654 ignominiam
2596 3597 2812 3652 ponam,
2845 3600 2863 3634 ι
2900 3582 3002 3636 hoc
3037 3589 3135 3646 est,
3166 3587 3382 3648 propter
3424 3578 3564 3646 quod

1995 3675 2186 3728 ell'erre
2209 3689 2266 3727 se
2300 3675 2603 3738 voluerunt,
2643 3683 2862 3743 propter
2908 3673 3010 3728 hoc
3054 3672 3226 3740 ipsum
3278 3669 3568 3724 dedecora-

1994 3766 2211 3820 buntur.
2243 3764 2478 3831 Qui,aut
2505 3779 2738 3834 quonam
2770 3762 2968 3818 modo?
3001 3762 3261 3815 Amittent
3290 3759 3430 3812 enim
3474 3772 3568 3810 oc-

1995 3859 2266 3913 casionem
2302 3855 2564 3927 gloriandi
2598 3854 2662 3909 de
2689 3852 3054 3916 multitudine,
3102 3849 3240 3904 bello
3289 3860 3394 3901 una
3446 3859 3564 3898 cum

1995 3948 2344 4005 bellatoribus
2377 3949 2635 4017 reliquam
2673 3958 2887 4013 quoque
2918 3951 3130 3996 aetatem
3166 3954 3377 3995 omnem
3408 3937 3568 3991 absu-

1997 4050 2197 4093 tnentc.
2247 4039 2442 4092 Vacua:
2490 4049 2722 4102 namque
2751 4032 3062 4088 heminibus
3088 4039 3141 4084 et
3176 4029 3365 4082 domus
3394 4037 3448 4079 et
3477 4040 3567 4077 ur-

1997 4132 2093 4185 bes
2120 4130 2429 4184 manebunt.
2456 4128 2533 4180 Ac
2569 4134 2788 4195 prepter
2822 4125 2924 4177 hoc
2972 4124 3142 4191 ipsum
3193 4119 3449 4188 propheta
3481 4115 3568 4170 Je-

1999 4221 2194 4276 relnias
2221 4218 2458 4272 .Iudzeam
2494 4216 2721 4271 deﬂebat
2752 4216 2836 4268 his
2864 4215 3023 4266 dictis
3059 4231 3072 4266 :
3118 4230 3138 4263 ι
3176 4211 3452 4277 Quomodo
3485 4223 3569 4260 se-

2001 4313 2090 4366 det
2114 4312 2224 4364 sola
2257 4311 2449 4364 civitas
2484 4307 2636 4376 plena
2687 4305 2920 4375 pepulo?
2961 4304 3211 4374 princeps
3262 4299 3561 4370 provincia-

321 4418 359 4486 ὴ
391 4414 542 4475 πόλις
566 4414 601 4482 ἡ
640 4405 1060 4477 πεπληθυσμένη
1105 4404 1283 4469 λαῶν;
1312 4405 1551 4473 ἄρχουσα
1579 4404 1638 4455 ἐν
1670 4403 1893 4474 χώραις,

2000 4419 2116 4457 rum
2146 4402 2281 4456 facta
2309 4412 2394 4455 est
2426 4401 2525 4454 sub
2558 4399 2759 4453 tributo
2792 4397 2858 4449 ⁸⁸.
2892 4415 2912 4448 ι

325 4508 556 4580 ἐγενήθη
597 4508 675 4569 εἰς
705 4504 886 4574 φόρον.
905 4521 924 4553 ›

397 4602 510 4656 Καὶ
547 4598 748 4668 ἐτέρως
776 4594 833 4648 δέ
859 4609 873 4624 ·
899 4592 1017 4662 Θεῷ
1045 4587 1495 4660 προσκρούοντες,
1542 4585 1758 4655 ἀπάσης
1805 4585 1897 4636 εὐ-

330 4692 511 4754 κλείας
534 4690 610 4751 ὡς
640 4685 892 4741 ἀποτάτω
923 4679 1218 4751 κεισόμεθα
1244 4676 1506 4748 δρῶντες,
1538 4674 1574 4728 ὃ.
1605 4675 1680 4744 μὴ
1710 4672 1896 4742 θέμις·

333 4785 423 4838 καί
453 4783 536 4852 ἐφ’
568 4775 646 4843 οἷς
678 4773 1023 4848 αἰσχύνεσθαι
1056 4771 1161 4843 χρὴ
1185 4809 1199 4833 ,
1251 4768 1336 4820 ἐπ’
1370 4765 1552 4827 αὐτοῖς
1584 4763 1646 4834 δὴ
1694 4762 1901 4825 τούτοις

335 4877 442 4930 ἐσθ’
471 4877 559 4928 ὅτε
598 4867 1119 4942 μεγαλαυχούμενοι,
1163 4861 1256 4914 καὶ
1285 4857 1492 4928 ὑψηλὴν
1530 4857 1774 4924 αἴροντες
1804 4852 1902 4923 τὴν

335 4967 504 5039 ὀφρύν
524 4983 536 4997 ·
569 4965 645 5026 ὼς
667 4961 887 5020 δικαίως
918 4955 1171 5024 λέγεσθαι
1203 4953 1297 5006 καὶ
1324 4950 1450 5020 περὶ
1485 4949 1658 5019 ήμῶνο
1697 4968 1714 4999 ι
1736 4943 1837 4999 Ὧν
1867 4947 1900 5016 ή

335 5036 455 5123 δόξα
482 5057 539 5107 ἐν
570 5057 636 5124 τῇ
670 5049 900 5120 αἰσχύνῃ
923 5044 1121 5099 αὐτῶν.
1154 5062 1173 5093 ι
1219 5039 1426 5094 Οὐκοῦν
1457 5038 1550 5091 καὶ
1580 5036 1718 5089 κατά
1751 5036 1900 5089 τόνδε

337 5150 422 5200 τὸν
471 5147 594 5198 νοῦν
641 5141 833 5210 ἐκδέξῃ
887 5137 1046 5190 πάλιν
1091 5134 1154 5186 τὸ
1195 5131 1501 5203 εἰρημένον,
1543 5147 1560 5176 α
1597 5127 1708 5197 Τὴν
1749 5126 1906 5192 δόξαν

341 5238 516 5293 αὐτῶν
551 5239 629 5299 εἰς
658 5233 880 5304 ἀτιμίαν
911 5230 1200 5299 θήσομαι.»
1227 5226 1348 5277 ’Ότι
1383 5223 1490 5292 γάρ
1528 5217 1908 5290 παραδίδονταί

339 5348 481 5393 τινες
515 5349 532 5379 ι
575 5330 653 5389 είς
681 5325 934 5393 ἀδόκιμον
964 5321 1110 5382 νοῦν,
1140 5319 1312 5370 ποιεῖν
1340 5314 1407 5368 τὰ
1442 5311 1515 5383 μὴ
1543 5310 1904 5380 καθήκοντα,ι

342 5419 457 5482 πῶς
497 5419 640 5471 ἔστιν
670 5413 1020 5487 ἀμφιϐαλεῖν,
1049 5408 1143 5463 τοῦ
1183 5405 1450 5479 μακαρίου
1482 5402 1693 5457 Παύλου
1728 5400 1912 5468 σαφῶς

341 5511 617 5583 εἰρηκότος
635 5527 650 5576 ;

414 5689 463 5718 ³⁵
495 5687 627 5741 Gen.
665 5702 798 5753 xxii,
839 5684 922 5736 Π.

2072 4583 2244 4636 Aliter
2277 4580 2461 4634 etiam.
2494 4579 2660 4633 Deum
2707 4577 3041 4632 oﬂ'endentes
3094 4575 3162 4629 ab
3205 4573 3350 4629 omni
3405 4571 3570 4640 gloria

2002 4673 2312 4742 longissime
2342 4669 2677 4732 recedemus,
2715 4668 2974 4722 facientes
3014 4680 3132 4734 qua:
3175 4663 3254 4716 fas
3290 4676 3395 4714 non
3430 4669 3512 4713 est
3555 4677 3568 4712 :

2003 4773 2058 4821 et
2083 4767 2152 4819 ob
2184 4780 2302 4833 qua:
2332 4761 2652 4818 erubescere
2683 4761 2938 4830 oportuit,
2979 4759 3030 4811 in
3071 4758 3137 4811 iis
3171 4755 3299 4822 ipsis
3335 4754 3571 4822 aliquan-

2007 4859 2075 4910 do
2103 4855 2493 4924 uosjactantes
2522 4861 2577 4906 et
2623 4850 2971 4919 supercilium
3031 4847 3298 4912 tollentes,
3350 4855 3408 4898 ut
3471 4862 3573 4899 non

2006 4947 2202 5015 injuria
2238 4946 2399 5001 etiam
2425 4943 2491 4997 de
2525 4942 2680 4995 nobis
2717 4940 2926 4993 dicatur
2969 4951 2984 4990 :
3037 4955 3055 4990 ι
3114 4937 3354 5003 Quorum
3407 4936 3574 5006 gloria

2007 5037 2059 5091 in
2091 5036 2405 5092 confusione
2459 5034 2697 5103 ipsorum
2751 5031 2816 5084 ".
2884 5048 2903 5081 ι
2958 5029 3135 5096 Quare
3184 5037 3239 5081 et
3283 5028 3575 5082 secundum

2008 5129 2150 5182 hunc
2187 5142 2402 5181 sensum
2435 5124 2576 5192 quod
2613 5123 2812 5176 dictum
2843 5130 2923 5176 est
2966 5121 3217 5189 accipies,
3273 5137 3292 5170 (
3354 5118 3575 5188 gloriam

2010 5234 2197 5274 eorum
2230 5218 2282 5270 in
2315 5214 2660 5284 ignominiam
2701 5227 2917 5283 ponam.
2955 5231 2974 5265 ι
3012 5209 3143 5266 Nam
3175 5210 3436 5280 quosdam
3467 5217 3567 5260 tra-

2013 5309 2154 5362 ditos
2188 5324 2206 5356 ι
2243 5307 2293 5358 in
2326 5303 2610 5373 reprobum
2671 5316 2911 5366 sensum,
2937 5309 2996 5354 ut
3031 5298 3270 5354 facerent
3311 5308 3430 5364 qua:
3472 5307 3574 5344 non

2013 5399 2339 5455 conveniunt
2364 5396 2432 5462 *⁸,
2469 5413 2488 5448 ι
2523 5411 2619 5451 cur
2648 5395 2931 5464 quisquam
2959 5391 3185 5456 dubitet,
3211 5402 3329 5444 cum
3359 5387 3407 5440 id
3435 5381 3577 5436 Pau-

2017 5494 2099 5548 lus
2127 5491 2408 5562 perspicue
2435 5487 2754 5544 conﬁrmet?

1002 5681 1044 5712 9“
1087 5679 1286 5734 Tbrcn.
1319 5693 1358 5745 ι,
1403 5677 1450 5730 1.
1527 5675 1570 5706 ’⁷
1605 5672 1833 5743 Philipp.
1870 5687 1948 5736 Ill,
1979 5671 2061 5727 19.
2139 5671 2182 5704 "
2218 5670 2370 5723 Iliun.
2398 5684 2432 5732 t,
2461 5666 2531 5722 9.8
