4002 6220
420 326 522 382 1⁵23

415 531 776 598 iniquitatibus
799 546 976 584 eorum
1010 529 1262 598 accipient
1301 528 1506 581 animus
1538 544 1736 582 eorum.
1779 525 1846 579 lat
1891 526 1989 581 erit

415 623 547 675 sicut
571 622 814 690 populus,
840 621 915 675 ita
940 629 988 675 et
1020 620 1286 675 sacerdos.

488 714 590 781 71
659 711 769 766 XL.
807 712 1130 782 Perscriptis
1159 711 1336 766 causis
1358 709 1449 764 ira:
1476 710 1527 764 in
1560 708 1987 773 multitudinem,

417 819 718 857 sermonem
751 804 816 856 ad
845 818 1060 858 sacrum
1088 802 1330 857 ordinem
1363 799 1638 864 transfert,
1663 799 1990 855 convenien-

421 904 521 957 ter,
541 906 595 948 ut
620 909 720 966 ego
750 896 945 959 sentio,
982 893 1030 948 ei
1054 893 1195 964 quod
1231 893 1388 946 modo
1423 907 1451 945 a
1484 891 1636 946 nobis
1660 892 1859 944 dictum
1885 899 1988 954 est,

425 985 676 1055 «gloriam
696 1000 876 1040 eorum
899 985 949 1039 in
970 985 1318 1055 ignominiam
1342 998 1556 1053 ponam.
1573 981 1779 1038 iGloria
1797 983 1990 1052 quippe

418 1074 722 1130 Judccorum
761 1075 1059 1146 Synagogte
1081 1083 1163 1130 est
1180 1082 1424 1129 sanctum
1444 1082 1494 1127 et
1519 1072 1776 1127 selectum
1798 1087 1987 1142 genus.

419 1161 706 1232 Operietur
739 1164 922 1233 itaque
969 1164 1288 1236 ignominia,
1321 1164 1514 1233 inquit,
1551 1172 1604 1217 et
1643 1163 1710 1216 ad
1757 1163 1989 1217 dedecus

420 1254 750 1311 devolvetur.
783 1255 898 1322 Qua
939 1256 1005 1312 de
1034 1255 1235 1311 causa?
1268 1255 1529 1319 Quoniam
1565 1253 1822 1323 neglectis
1869 1267 1988 1322 quae

420 1358 487 1398 ex
521 1345 756 1415 ipsorum
808 1347 983 1402 oflicio
1030 1355 1208 1411 erant,
1263 1347 1327 1401 ad
1382 1347 1732 1400 defectionem
1785 1345 1988 1399 seducti

421 1447 562 1504 sunt,
615 1454 788 1505 neque
837 1455 991 1493 suum
1041 1440 1399 1508 principatum
1453 1447 1825 1494 servaverunt.
1873 1435 1987 1490 Non

421 1526 658 1579 scierunt
715 1529 975 1581 rationem
1037 1528 1345 1583 sacerdotii.
1403 1526 1518 1580 Non
1575 1527 1986 1592 cogitaverunt,

425 1633 445 1666 ι
482 1617 620 1685 quod
648 1627 864 1686 peccata
895 1618 1070 1687 populi
1107 1620 1209 1672 mei
1246 1619 1552 1682 comedent,
1588 1617 1714 1669 etin
1739 1615 1990 1684 iniquita-

425 1707 566 1764 tibus
595 1723 779 1762 eorum
821 1711 1088 1777 accipient
1137 1709 1347 1761 animas
1388 1722 1594 1760 eorum.
1655 1725 1673 1757 ι
1726 1704 1987 1772 Quoniam

421 1813 551 1854 vero
578 1801 752 1853 oratio
787 1801 1073 1868 plurimum
1105 1797 1451 1852 obscuritatis
1485 1797 1664 1859 habet,
1705 1812 1802 1865 age
1846 1812 1988 1851 nunc
2018 1769 2064 1828 Β

423 1904 518 1956 pro
544 1890 678 1942 virili
705 1891 964 1952 dicamus,
991 1903 1098 1959 quo
1122 1899 1278 1958 pacto
1309 1903 1426 1942 eam
1452 1887 1750 1956 intelligere
1776 1889 1985 1941 deceat.

423 1981 615 2034 llircus
654 1983 720 2036 de
752 1984 929 2048 capris
970 1997 1066 2052 pro
1096 1991 1317 2051 peccato
1348 1980 1711 2046 mactabatur;
1747 1979 1816 2033 ob
1852 1980 1988 2035 hanc

422 2088 638 2127 causam
666 2074 828 2128 etiam
871 2072 1192 2128 sacrificium
1222 2075 1519 2129 vocabatur
1554 2086 1851 2142 peccatum.
1886 2071 1989 2125 Ve-

424 2181 540 2220 rum
575 2164 858 2221 offerentes
885 2180 1045 2236 super
1077 2166 1246 2220 altare
1277 2166 1484 2220 hircmn
1511 2165 1578 2229 ⁸³,
1611 2166 1701 2234 qui
1732 2181 1828 2234 pro
1858 2174 1990 2219 tem-

424 2268 552 2323 pore
592 2265 745 2307 erant
785 2255 1113 2318 sacerdotes,
1164 2252 1458 2308 offerebant
1504 2254 1717 2322 quidem
1767 2263 1889 2307 exta
1935 2263 1990 2307 et

423 2345 700 2414 adipem‘,
737 2345 943 2413 reliquo
986 2361 1052 2400 ex
1094 2346 1286 2399 divinae
1337 2345 1470 2414 legis
1528 2345 1838 2413 praescripto
1888 2344 1989 2414 ipsi

423 2436 792 2489 vescebantur.
829 2434 1012 2503 Itaque
1055 2446 1309 2504 tanquam
1360 2437 1627 2489 mediator
1670 2435 1763 2489 Dei
1800 2445 1854 2490 et
1895 2437 1991 2490 ho-

423 2526 625 2580 minum
660 2527 912 2582 sacerdos
945 2527 1256 2590 assumitur,
1285 2527 1583 2595 suscipiens
1613 2527 1825 2595 quidem
1853 2528 1989 2580 dona

422 2633 451 2672 a
483 2618 698 2688 populo,
727 2627 781 2674 et
811 2634 933 2672 cum
971 2619 1126 2673 altari
1157 2619 1400 2674 dividens
1446 2619 1489 2683 ⁸,
1543 2619 1682 2674 sicut
1731 2622 1991 2690 scriptum

422 2722 525 2777 est,
557 2712 790 2780 seipsum
823 2720 1001 2765 autem
1047 2712 1204 2781 quasi
1250 2710 1566 2766 sacrificans
1609 2725 1707 2780 pro
1758 2709 1994 2778 peccatis

423 2801 631 2871 populi;
683 2803 822 2856 sicut
875 2803 1128 2857 nimirum
1185 2811 1241 2857 et
1302 2801 1562 2856 Dominus
1608 2812 1790 2856 noster
1837 2800 1993 2856 Jesus

419 2891 689 2948 Christus.
733 2891 871 2947 Vera
921 2901 1100 2946 autem
1148 2906 1232 2946 me
1273 2892 1472 2956 dicere,
1509 2900 1698 2945 testem
1728 2891 1994 2945 adducant

425 2984 594 3052 legem
619 2998 783 3052 super
813 2983 984 3047 hirco,
1018 2998 1135 3051 qua:
1167 2983 1245 3036 sic
1272 2983 1431 3036 habet
1465 3000 1479 3037 ι
1513 3001 1531 3034 ι
1569 2981 1632 3034 Ει
1656 2983 1864 3037 hircum
1901 2982 1991 3051 qui

424 3089 522 3142 pro
560 3085 778 3142 peccato
800 3087 1044 3142 quaerens
1069 3073 1315 3144 quaesivit
1351 3072 1580 3142 Moyses,
1625 3082 1679 3128 et
1721 3073 1808 3128 hic
1843 3087 1994 3128 com-

423 3163 613 3220 bustus
639 3162 832 3218 fuerat.
872 3163 936 3217 Et
965 3163 1132 3218 iratus
1163 3173 1246 3217 est
1292 3163 1500 3234 Moyses
1546 3174 1732 3218 contra
1773 3163 1995 3219 Eleazar

423 3267 476 3310 et
507 3256 740 3310 Ithamar
772 3254 908 3309 filios
939 3256 1116 3309 Aaron
1146 3255 1386 3324 relictos,
1421 3256 1608 3310 dicens
1660 3272 1675 3310 :
1726 3254 1837 3310 Cur
1888 3271 1995 3309 non

423 3348 733 3404 comedistis
753 3347 894 3416 quod
929 3362 1024 3416 pro
1051 3357 1274 3418 peccato
1325 3348 1376 3402 in
1427 3347 1543 3403 loco
1592 3348 1818 3402 sancto?
1861 3347 1996 3414 Quia

425 3441 566 3495 enim
598 3439 794 3496 Sancta
827 3448 1136 3495 sanctorum
1174 3449 1276 3502 est,
1318 3441 1421 3495 huc
1463 3441 1606 3495 dedit
1636 3440 1786 3495 vobis
1851 3456 1998 3494 com-

427 3532 604 3595 edere,
625 3530 952 3586 utauferatis
981 3542 1262 3600 peccatum
1282 3541 1474 3593 cretus,
1501 3541 1555 3586 et
1580 3531 1880 3602 prepitietis
1902 3547 1996 3602 pro

425 3625 505 3678 eis
537 3638 716 3678 coram
747 3622 972 3677 Domino
995 3623 1036 3675 ⁸.
1087 3641 1105 3674 ι
1156 3622 1316 3678 Vides
1351 3625 1617 3694 quomodo
1673 3623 1996 3678 mediatores

428 3720 611 3783 agunt,
638 3713 728 3781 qui
757 3712 938 3766 divino
965 3712 1124 3766 altari
1175 3724 1373 3776 astant,
1415 3729 1510 3782 pro
1556 3724 1774 3783 peccato
1817 3713 1992 3768 oblata

428 3804 791 3869 comedentes,
820 3815 871 3858 et
897 3803 1218 3859 castissimis
1251 3806 1500 3873 precibus
1519 3805 1654 3858 iram
1691 3805 1742 3857 in
1764 3819 1992 3873 peccan-

429 3908 506 3950 tes
537 3897 852 3951 intentatam
894 3894 1230 3959 amolientes,
1277 3903 1330 3949 et
1390 3904 1592 3949 tantum
1640 3909 1744 3949 non
1784 3895 1994 3950 animas

427 4003 552 4043 suas
586 4003 682 4058 pro
717 3988 950 4056 peccatis
975 3987 1152 4056 populi
1195 3988 1246 4041 in
1291 3986 1511 4041 odorem
1563 3985 1844 4040 suavitatis
1887 3984 1994 4040 Deo

424 4081 820 4137 sacrificantes?
847 4079 998 4136 Sicut
1027 4081 1152 4134 item
1187 4079 1398 4134 divinus
1440 4079 1620 4132 Aaron
1656 4078 1850 4148 populo
1895 4079 1991 4132 ab-

425 4173 560 4225 sumi
597 4172 902 4242 incipiente.
937 4170 1026 4226 Sic
1055 4171 1198 4225 enim
1245 4169 1504 4238 scriptum
1556 4179 1637 4224 est
1676 4183 1691 4224 :
1733 4187 1751 4221 ι
1798 4170 1993 4224 Thuri-

424 4261 550 4314 hulo
581 4271 797 4330 arrepto
837 4271 892 4314 et
940 4260 1189 4330 imposito
1228 4259 1596 4330 thymiamate,
1647 4261 1794 4315 stetit
1851 4261 1996 4314 inter

427 4364 665 4408 tumtuos
691 4363 744 4408 et
778 4353 947 4419 vivos,
988 4363 1043 4408 et
1079 4355 1305 4408 cessavit
1347 4353 1501 4423 plaga
1531 4354 1574 4406 ⁸.
1621 4372 1639 4406 ι
1672 4353 1747 4406 ita
1782 4368 1994 4422 quoque

1409 282 1475 376 ε.
1518 317 1788 377 CYBlLLl
1829 317 2298 375 ALEXANDRINI
2337 319 2659 378 ARCIIIEP.

491 439 648 493 Vrsas.
679 437 734 504 8,
770 438 821 494 9.
853 437 1074 491 Peccata
1125 434 1302 504 populi
1349 436 1446 488 mei
1495 436 1779 501 comedent,
1829 444 1874 488 et
1929 434 1985 487 in
2013 438 2059 494 Α

3556 330 3656 388 124

2170 435 2472 504 ’Δμαρτίας
2525 435 2676 489 λαοῦ
2721 453 2839 505 μου
2895 437 3215 508 φάγονται,
3268 442 3366 496 καί
3417 441 3488 495 ἐν
3532 441 3664 508 ταῖς

2091 525 2346 589 ἀδικίαις
2373 525 2570 578 αὐτῶν
2608 524 2905 592 λήψονται
2935 526 3040 591 τὰς
3072 527 3275 596 ψυχὰς
3306 529 3524 584 αὐτῶν.
3554 529 3664 584 Kal

2090 617 2258 670 ἔσται
2290 616 2485 680 καθὼς
2523 619 2556 670 ό
2598 617 2768 682 λαὸς,
2806 617 2994 684 οὕτως
3023 620 3119 674 καὶ
3150 623 3182 674 ὀ
3220 624 3429 688 ἱερεύς.

2160 707 2249 761 Μ’.
2283 704 2574 778 Γεγραφὼς
2603 707 2700 770 τὰς
2729 709 2905 772 αίτίας
2933 710 3030 779 τῆς
3053 712 3130 774 είς
3151 712 3212 764 τὸ
3238 711 3438 780 πλῆθος
3467 712 3662 784 ὀργῆς,

2094 796 2442 866 μεταϐιϐάζει
2485 796 2574 850 τὸν
2617 797 2772 865 λόγον
2808 800 2900 852 ἐπὶ
2935 801 2997 853 τὸ
3036 802 3224 871 τάγμα
3250 802 3310 855 τὸ
3347 804 3510 874 ἱερὸν,
3559 805 3664 874 ἁρ-

2093 885 2243 954 μόσει
2279 885 2429 951 δ’ἂν,
2477 885 2551 948 ὥς
2583 903 2646 954 γε
2677 881 2861 957 οἶμαι,
2899 887 2974 958 τῷ
3007 889 3178 960 λόγῳ,
3226 894 3318 945 καὶ
3361 893 3422 944 τὸ
3461 893 3664 964 ἀρτίως

2091 977 2220 1048 ἡμῖν
2259 978 2562 1049 εἰρημένον,
2598 997 2616 1030 ι
2646 979 2755 1049 Τὴν
2783 979 2938 1044 δόξαν
2968 980 3148 1034 αὐτῶν
3193 984 3272 1046 είς
3300 983 3528 1052 ἀτιμίαν
3562 983 3664 1054 θή-

2093 1086 2274 1140 σομαι.
2302 1089 2320 1121 t
2355 1071 2492 1136 Δόξα
2526 1072 2624 1141 μὲν
2656 1072 2761 1142 γὰρ
2794 1071 2891 1140 τῆς
2926 1072 3190 1126 Ἰουδαίων
3212 1075 3560 1144 Συναγωγῆς,
3602 1074 3666 1128 τὸ

2095 1161 2235 1230 ίερὸν
2288 1162 2346 1215 τέ
2387 1164 2501 1214 ἐστι
2545 1164 2638 1216 καὶ
2669 1163 2963 1216 ἁπόλεκτον
2993 1165 3162 1232 γένος.
3195 1166 3664 1237 Περιὸληθήσεται

2090 1253 2266 1306 τοίνυν
2321 1255 2549 1326 ἀτιμία,
2603 1256 2770 1324 φησὶ,
2822 1257 2916 1309 καὶ
2977 1250 3355 1328 μεταχωρήσει
3419 1258 3555 1327 πρὸς
3603 1257 3664 1310 τὸ

2089 1345 2337 1409 ἀκαλλὲς.
2377 1349 2487 1400 Καὶ
2511 1347 2596 1401 διὰ
2625 1348 2780 1402 ποίαν
2819 1348 3028 1413 αίτίαν;
3054 1349 3176 1402 ’Ότι
3207 1349 3314 1403 τῶν
3348 1351 3496 1418 σφίσι
3529 1367 3664 1418 πρε-

2091 1437 2444 1492 πωδεστάτων
2511 1439 2946 1511 ὀλιγωρήσαντες
3027 1439 3458 1512 παρεκομίζοντο
3527 1441 3664 1511 πρὸς

2092 1529 2407 1586 ἀπόστασιν.
2439 1532 2512 1582 Οὐ
2558 1533 2892 1602 τετηρήκασι
2927 1533 3024 1604 τὴν
3075 1533 3284 1586 ἑαυτῶν
3325 1532 3523 1604 ἀρχὴν,
3562 1532 3664 1586 οὐκ

2090 1618 2332 1685 ἔγνωσαν
2366 1620 2462 1690 τῆς
2504 1622 2799 1691 ἱερωσύνης
2836 1623 2926 1676 τὸν
2959 1623 3185 1693 τρόπον,
3206 1624 3306 1676 οὑκ
3349 1623 3660 1692 ὲνενόησαν,

2099 1727 2116 1761 ι
2146 1710 2266 1762 ’Ότι
2300 1711 2569 1782 ἁμαρτίας
2607 1711 2734 1764 λαοῦ
2769 1730 2867 1783 μου
2913 1714 3194 1782 φάγονται,
3226 1715 3318 1766 καὶ
3346 1713 3402 1764 ὲν
3430 1712 3664 1776 ἀδικίαις

2094 1800 2272 1854 αὐτῶν
2333 1801 2590 1873 λήψονται
2645 1804 2742 1866 τὰς
2799 1804 2976 1874 ψυχὰς
3029 1804 3229 1858 αὐτῶν.
3262 1823 3280 1856 ›
3341 1804 3558 1874 Ἐπειδὴ
3606 1803 3662 1855 δὲ

2095 1891 2347 1961 πλείστην
2383 1893 2494 1962 ἔχει
2520 1894 2617 1963 τὴν
2647 1894 2912 1962 ἀσάφειαν
2936 1897 2964 1949 ὁ
2991 1895 3166 1963 λόγος,
3203 1895 3336 1964 φέρε
3367 1895 3552 1958 πάλιν,
3585 1894 3664 1958 ώς

2093 1977 2202 2042 ἔνι,
2243 1979 2486 2051 λέγωμεν
2535 1981 2615 2046 τὸ,
2659 1984 2804 2046 ὅπως
2851 1983 2915 2037 ἂν
2945 1985 3104 2039 αὐτὸν
3152 1985 3389 2039 νοεῖσθαι
3441 1985 3660 2055 πρέποι.

2093 2069 2337 2141 Χίμαρος
2374 2072 2548 2126 τοίνυν
2582 2071 2639 2136 ἐξ
2678 2074 2848 2142 αἰγῶν
2877 2075 3017 2145 ὑπὲρ
3049 2075 3322 2146 ἁμαρτίας
3367 2073 3660 2143 ἐσφάζετο·

2093 2158 2297 2228 ταύτης
2333 2177 2391 2212 τε
2426 2161 2588 2215 ἕνεκα
2630 2164 2728 2232 τῆς
2767 2165 2945 2228 αίτίας
2994 2165 3236 2219 ἐκαλεῖτο
3286 2166 3376 2220 καὶ
3421 2164 3667 2237 ἁμαρτία

2093 2251 2154 2304 τὸ
2202 2251 2370 2322 θῦμα.
2421 2254 2580 2308 Ἀλλὰ
2639 2257 3002 2326 προσάγοντες
3043 2257 3122 2326 τῷ
3169 2258 3538 2328 θυσιαστηρίῳ
3573 2257 3665 2312 τὸν

2095 2341 2325 2414 χίμαρον
2362 2346 2410 2397 οἱ
2453 2344 2592 2397 κατὰ
2631 2348 2856 2416 καιροὺς
2911 2348 3099 2418 ἱερεῖς,
3140 2348 3401 2420 ἀνέφερον
3459 2349 3556 2418 μὲν
3595 2349 3664 2404 τὰ

2097 2435 2341 2490 ὲνδόσθια
2396 2438 2488 2490 καὶ
2524 2438 2623 2508 τὴν
2671 2439 2903 2510 πιμελὴν
2923 2479 2938 2504 ,
2967 2441 3150 2510 ἢσθιον
3177 2441 3232 2494 δὲ
3263 2443 3322 2494 τὸ
3351 2442 3535 2496 λοιπὸν
3564 2443 3664 2495 αὑ-

2097 2525 2208 2589 τοὶ,
2252 2525 2410 2580 τοῦτο
2449 2527 2543 2581 τοῦ
2574 2528 2718 2582 θείου
2766 2533 3189 2602 προστάττοντος
3219 2533 3405 2602 νόμου,
3457 2533 3666 2587 Οὐκοῦν

2102 2616 2324 2685 μεσίτης
2351 2618 2378 2669 ὁ
2415 2618 2590 2689 ἱερεὺς
2617 2618 2805 2692 ῶσπερ
2838 2622 2971 2676 Θεοῦ
3023 2623 3117 2676 καὶ
3154 2624 3455 2695 ἀνθρώπων
3491 2642 3666 2696 παρα-

2097 2706 2446 2777 λαμϐάνεται,
2489 2711 2774 2781 δεχόμενος
2807 2712 2905 2782 μὲν
2930 2715 3026 2777 τὰς
3061 2715 3211 2786 παρὰ
3249 2716 3354 2769 τῶν
3389 2716 3532 2769 λαῶν
3561 2716 3664 2769 δω-

2099 2800 2394 2870 ροφορίας,
2459 2803 2550 2855 καὶ
2623 2805 3086 2876 συμμεριζόμενος
3137 2807 3213 2878 τῷ
3273 2809 3664 2881 θυσιαστηρίῳ,

2099 2892 2238 2944 καθὰ
2269 2893 2603 2964 γέγραπται,
2646 2897 2833 2952 ἑαυτὸν
2871 2899 2928 2953 δὲ
2961 2899 3148 2971 ῶσπερ
3189 2902 3484 2975 ἱερουργῶν
3526 2903 3665 2974 ὑπὲρ

2097 2978 2204 3032 τῶν
2240 2980 2332 3033 τοῦ
2369 2982 2499 3035 λαοῦ
2527 2984 3036 3058 πλημμελημάτων,
3070 2990 3318 3062 καθάπερ
3349 2992 3541 3062 ἀμέλει
3572 2994 3669 3047 καὶ

2097 3071 2126 3123 ὁ
2154 3071 2356 3144 Κύριος
2399 3075 2554 3145 ἡμῶν
2593 3077 2797 3149 Ἰησοῦς
2824 3083 2851 3135 ὁ
2883 3082 3139 3152 Χριστός.
3168 3083 3289 3138 Ὅτι
3315 3085 3372 3138 δὲ
3417 3086 3610 3155 ἀληθὲς
3638 3089 3670 3142 ὃ

2099 3179 2269 3232 φημι,
2315 3166 2474 3219 αὑτὸν
2510 3170 2810 3241 παραθήσω
2853 3172 2944 3226 τὸν
2973 3175 3066 3226 ἐπὶ
3094 3174 3172 3245 τῷ
3219 3177 3438 3248 χιμάρῳ
3483 3178 3664 3249 νόμον.

2101 3255 2252 3324 Ἔχει
2299 3256 2354 3308 δὲ
2401 3255 2609 3321 οὕτως’
2649 3278 2668 3312 ι
2699 3261 2805 3315 Καὶ
2836 3262 2928 3317 τὸν
2976 3265 3208 3336 χίμαρον
3255 3266 3346 3319 τὸν
3391 3267 3520 3339 περὶ
3568 3268 3667 3338 τῆς

2099 3343 2367 3415 ἁμαρτίας
2416 3344 2592 3416 ζητῶν
2641 3348 2931 3421 ὲξεζήτησε
2979 3353 3212 3422 Μωσῆς,
3247 3353 3275 3404 ὁ
3317 3353 3373 3406 δὲ
3417 3356 3668 3426 ἐμπεπυ-

2099 3453 2266 3507 ριστο.
2303 3438 2411 3490 Καὶ
2443 3439 2698 3510 ἐθυμώθη
2731 3442 2934 3514 Μωσῆς
2965 3443 3057 3496 ἐπὶ
3087 3443 3368 3517 Ἐλεάζαρ,
3399 3447 3494 3500 καὶ
3531 3446 3671 3500 Ἰθά-

2100 3543 2211 3596 μαρ
2241 3527 2366 3589 τοὺς
2399 3528 2546 3591 υἱοὺς
2584 3528 2790 3600 ’Δαρὼν
2820 3531 2946 3594 τοὺς
2988 3532 3542 3604 καταλελειμμένους,
3578 3533 3668 3585 λέο

2097 3635 2240 3686 γων·
2269 3617 2418 3670 Διατί
2467 3619 2566 3671 οὑκ
2614 3620 2843 3688 ἐφάγετε
2887 3621 2946 3674 τὸ
2995 3624 3121 3694 περὶ
3164 3623 3264 3692 τῆς
3307 3625 3578 3695 ἁμαρτίας
3614 3627 3672 3678 ἐν

2099 3709 2247 3778 τόπῳ
2299 3710 2468 3779 ἁγίῳ;
2495 3710 2616 3764 Ὅτι
2658 3711 2766 3781 γὰρ
2811 3711 2962 3781 ἅγιον
2994 3714 3162 3781 ἁγίων
3209 3715 3357 3779 ἐστὶ,
3397 3715 3554 3769 τοῦτο
3585 3717 3671 3770 δέ-

2098 3795 2268 3850 δωκεν
2318 3798 2444 3867 ὑμῖν
2483 3801 2698 3867 φαγεῖν,
2746 3799 2831 3851 ἵνα
2871 3799 3105 3870 ἀφέλητε
3140 3800 3236 3871 τὴν
3274 3801 3544 3872 ἁμαρτίαν
3573 3803 3670 3871 τῆς

2100 3889 2449 3958 συναγωγῆς,
2491 3890 2582 3942 καὶ
2611 3888 2929 3960 ὲξιλάσησθε
2966 3891 3095 3960 περὶ
3126 3891 3304 3944 αὐτῶν
3349 3891 3525 3945 ἔναντι
3557 3893 3672 3944 Κυ-

2103 3980 2275 4050 ρίου.»
2315 3981 2473 4052 Ὁρᾷς
2511 3982 2659 4045 ὅπως
2687 3983 3027 4051 μεσιτεύουσι
3075 3983 3144 4036 τὰ
3179 3984 3317 4054 ὑπὲρ
3345 3982 3454 4036 τῶν
3498 3984 3670 4055 ἁμαρ-

2099 4071 2226 4123 τιῶν
2247 4071 2513 4136 ἐσθίοντες
2534 4073 2581 4126 οἱ
2609 4072 2684 4142 τῷ
2707 4073 2834 4144 θείῳ
2855 4074 3222 4147 θυσιαστηρίῳ
3245 4076 3669 4146 παρεστηκότες,

2098 4166 2194 4219 καὶ
2227 4166 2642 4236 καθαρωτάταις
2674 4165 2848 4230 λιταῖς
2879 4166 2976 4234 τὴν
3003 4168 3094 4219 ἐπὶ
3121 4170 3233 4230 τοῖς
3268 4167 3670 4238 ἁμαρτάνουσιν

2095 4257 2262 4328 ὀργὴν
2278 4257 2712 4321 κατευνάζοντες,
2748 4259 2840 4314 καὶ
2873 4261 3150 4330 μονονουχὶ⁸
3185 4259 3283 4323 τὰς
3325 4260 3459 4324 ιδίας
3495 4258 3672 4330 ψυχὰς

2097 4347 2237 4417 ὑπὲρ
2278 4347 2386 4401 τῶν
2429 4347 2520 4400 τοῦ
2566 4346 2696 4400 λαοῦ
2733 4347 3216 4419 πλημμελημάτων
3254 4350 3333 4412 είς
3361 4349 3536 4420 ὀσμὴν
3579 4349 3672 4401 εὑ-

426 4463 484 4502 se
517 4449 860 4514 interponens
893 4447 1087 4501 beatus
1113 4446 1322 4515 Moyses
1349 4445 1607 4499 exorabat
1631 4445 1821 4506 Deum,
1871 4461 1992 4498 cum

2099 4439 2261 4502 ωδίας
2313 4438 2692 4509 καθιεροῦντες
2737 4438 2888 4510 Θεῷ,
2948 4439 3211 4511 Καθάπερ
3264 4439 3453 4510 ἀμέλει
3505 4440 3601 4493 καλ⁸
3644 4441 3673 4494 ὁ

427 4539 680 4591 Israelita:
712 4539 762 4591 iu
795 4539 1007 4592 deserto
1040 4537 1264 4590 vitulum
1306 4536 1702 4590 cotttlavissent.
1737 4537 1842 4604 72
1895 4536 1989 4591 Se-

434 4627 610 4696 ipsum
647 4628 788 4682 enim
823 4627 1216 4695 quodammodo
1243 4625 1506 4695 supplicio
1546 4625 1882 4695 subjiciehat,
1908 4641 1994 4680 ro-

427 4735 557 4787 gans
582 4730 636 4773 et
659 4719 884 4774 dicens:
921 4737 934 4769 I
975 4718 1250 4787 Siquidem
1276 4718 1499 4772 dimittis
1543 4716 1672 4786 ipsis
1695 4727 1992 4787 peccatum,

425 4809 632 4863 «imitte
663 4811 782 4865 :sin
813 4818 1013 4875 autem,
1045 4809 1159 4864 dele
1189 4818 1242 4864 et
1269 4822 1354 4863 me
1395 4809 1460 4863 de
1503 4808 1642 4864 libro
1686 4809 1787 4864 hoc
1836 4824 1994 4878 quem

424 4901 685 4968 scripsisti
713 4901 755 4954 '.
801 4921 819 4954 ι
850 4901 1143 4957 Comedent
1174 4900 1336 4969 igitur
1373 4908 1592 4970 peccata
1644 4899 1822 4968 pepuli
1866 4899 1992 4965 mei,

425 4991 530 5046 hoc
552 4999 654 5054 cst,
682 4993 946 5047 sacrificia
977 5009 1071 5061 pro
1108 4993 1341 5061 peccatis
1377 4996 1614 5060 ipsorum
1648 4990 1847 5045 oblata.
1877 5009 1894 5042 ι
1929 4990 1994 5044 Et

425 5081 479 5133 in
523 5081 890 5148 iniquitatibus
935 5099 1118 5138 eorum
1172 5084 1380 5154 (utique
1433 5080 1818 5146 lsraelitarttm,
1881 5082 1994 5136 sive

425 5169 624 5238 populi)
657 5171 753 5238 ipsi
788 5187 912 5226 suus
945 5174 1150 5227 animas
1183 5176 1466 5242 accipient,
1504 5191 1519 5224 ι
1567 5188 1681 5240 pro,
1717 5171 1823 5226 Deo
1856 5170 1991 5226 olfe-

397 5311 399 5320 ,
427 5269 566 5312 rent.
599 5260 773 5313 Sumit
797 5261 938 5315 enim
968 5262 1145 5314 divina
1167 5265 1458 5332 Scriptura
1492 5280 1675 5318 vocem
1727 5263 1882 5332 hujus
1917 5265 1989 5318 rei

428 5349 837 5419 significantem.
875 5351 1124 5406 Ohlatum
1169 5354 1310 5406 enim
1356 5356 1480 5418 Deo,
1540 5366 1591 5410 et
1647 5367 1904 5424 paratum.
1944 5356 1996 5410 in

431 5440 754 5496 Sacriﬁcium
784 5444 1060 5498 dicebatur
1089 5445 1280 5514 aceipi,
1313 5458 1365 5500 et
1400 5447 1634 5512 positum
1659 5458 1741 5503 est
1769 5450 2000 5502 vocabu-

429 5532 537 5587 lum
576 5533 700 5588 huic
748 5535 824 5590 rei
879 5536 1239 5604 exprimcuda:
1287 5538 1552 5608 imprimis
1600 5539 1890 5606 idoneum,
1942 5551 1998 5593 ut

502 5716 545 5745 '9
575 5713 742 5771 Levit.
782 5733 858 5784 Ix,
891 5719 971 5772 15.
1049 5719 1064 5749 ‘
1100 5716 1268 5772 chit.
1310 5733 1387 5782 ιιι,
1421 5717 1452 5768 5

2097 4531 2382 4593 θεσπέσιος
2428 4530 2654 4601 Ἀαρὼν,
2694 4531 2995 4602 ἀρχομένου
3042 4531 3336 4604 θραύεσθαι
3384 4531 3475 4584 τοῦ
3518 4530 3670 4586 λαοῦ.

2096 4623 2404 4691 Γέγραπται
2423 4622 2529 4693 γὰρ
2547 4621 2640 4674 ώδί
2659 4637 2670 4648 ·
2696 4642 2711 4673 ι
2736 4623 2806 4674 Τὸ
2827 4626 3045 4693 πυρεῖον
3064 4624 3334 4695 ἁρπάσας,
3350 4623 3442 4676 καὶ
3465 4621 3672 4685 ἐπιθεὶς

2095 4714 2155 4767 τὸ
2186 4712 2458 4783 θυμίαμα,
2485 4713 2633 4782 ἔστη,
2663 4715 2846 4784 φησιν,
2870 4715 2971 4768 ἁνὰ
3009 4715 3169 4785 μέσον
3199 4716 3305 4768 τῶν
3341 4714 3672 4784 τεθνηκότων

2097 4807 2191 4860 καὶ
2236 4805 2344 4859 τῶν
2389 4804 2624 4868 ζώντων,
2673 4806 2767 4858 καὶ
2814 4807 3080 4860 ἐκόπασεν
3123 4808 3156 4877 ἡ
3196 4807 3480 4878 θραῦσις.»
3519 4805 3674 4859 Οὕτω

2101 4897 2398 4969 μεσιτεύων
2428 4899 2520 4952 καὶ
2549 4899 2576 4950 ὁ
2611 4899 2880 4969 μακάριος
2909 4901 3133 4970 Μωσῆς,
3164 4898 3489 4966 ἐξεδυσώπει
3519 4898 3671 4962 Θεὸν,

2103 4986 2648 5057 μεμοσχοποιηκότων
2678 4988 2817 5040 κατὰ
2841 4987 2938 5058 τὴν
2968 4989 3170 5060 ἔρημον
3204 4989 3310 5040 τῶν
3345 4987 3404 5054 ἐξ
3435 4986 3669 5058 Ἰσραήλ.

2111 5078 2330 5131 Ἑαυτὸν
2354 5078 2460 5149 γὰρ
2487 5078 2673 5150 ὥσπερ
2699 5079 2920 5148 ὑπετίθη
2945 5083 3009 5150 τῇ
3043 5080 3184 5148 δίκῃ,
3228 5077 3560 5148 παρακαλῶν
3613 5095 3672 5130 τε

2101 5171 2195 5224 καὶ
2235 5171 2440 5238 λέγων’
2484 5191 2500 5221 ι
2549 5173 2609 5224 Ei
2667 5172 2764 5240 μὲν
2814 5171 2954 5240 ἀφῇς
3003 5170 3182 5231 αὐτοῖς
3229 5169 3325 5238 τὴν
3379 5168 3672 5239 ἁμαρτίαν,

2100 5263 2412 5316 anu-45:.
2490 5265 2501 5280 ε
2566 5261 2825 5302 ιεσεςμσμ
2872 5278 2884 5290 ς
2919 5259 3009 5296 ’.ξ
3044 5261 3063 5296 ξ
3132 5261 3230 5290 -η
3263 5258 3363 5310 θεε-
3469 5279 3498 5294 η
3553 5259 3603 5290 ο..
3649 5278 3672 5290 ρ

2143 5295 2231 5331 γε,
2288 5301 2313 5315 ..
2392 5305 2413 5315 υ
2444 5282 2538 5334 μη,
2567 5279 2840 5329 ιςαΑ...,ωθ
2873 5277 3012 5329 ιαμ..
3042 5277 3104 5310 ..κ
3143 5275 3228 5329 ,ης
3261 5283 3309 5327 ρ.
3352 5273 3440 5312 Αου
3480 5277 3670 5328 ..αυυης

2103 5349 2170 5424 ἧς
2211 5353 2474 5424 ἔγραψας.
2521 5375 2538 5406 ι
2573 5355 2838 5422 Φάγονται
2888 5351 3064 5402 τοίνυν
3108 5350 3204 5413 τὰς
3245 5351 3520 5421 ἁμαρτίας
3578 5351 3672 5403 τοῦ

2104 5446 2230 5498 λαοῦ
2270 5463 2392 5516 μου,
2419 5446 2681 5509 τουτέστι,
2720 5446 2787 5498 τὰ
2816 5444 2955 5515 ὑπὲρ
2987 5444 3267 5512 ἁμαρτιῶν
3310 5442 3673 5514 προσκομιζό-

2107 5555 2240 5607 μενα
2271 5537 2503 5606 θύματα,
2531 5557 2546 5586 ι
2587 5538 2696 5590 Καὶ
2733 5539 2790 5589 ἐν
2822 5538 2940 5598 ταῖς
2963 5534 3197 5597 ἀδικίαις
3225 5535 3425 5598 αὐτῶν,
3463 5553 3480 5583 ι
3515 5549 3671 5585 τουτ-

1551 5719 1569 5746 ²
1599 5717 1614 5770 Ι
1645 5716 1767 5772 Cor.
1803 5734 1854 5780 χ,
1891 5717 1972 5768 12.

2098 5716 2234 5768 .cvit.
2270 5731 2321 5774 ιι,
2365 5713 2445 5777 16,
2485 5712 2565 5767 l7.
2645 5714 2661 5740 δ
2691 5711 2838 5765 Num.
2880 5712 3056 5778 xvt,7.
3136 5714 3154 5743 ⁵
3187 5711 3351 5765 Exod.
3380 5725 3548 5776 xxxn,
3580 5708 3670 5762 2‘2.
