4002 6220
225 314 321 373 125

1139 314 1685 375 COMMENTARIUS
1720 314 1788 372 IN
1826 305 2059 372 USEAM
2097 314 2542 373 PROPHETAM.
3369 323 3439 376 l2

220 438 385 501 ἐστιν,
428 434 496 488 ἐν
536 432 724 506 καιρῷ
758 433 858 505 τῆς
893 433 1108 500 ἀδικίας
1146 437 1356 493 αὐτῶν·
1399 439 1557 512 δῆλον
1597 439 1676 503 δὲ,
1712 439 1796 493 ὅτι

1925 439 2060 493 nodo
2089 437 2219 494 dixi.
2259 437 2442 508 Itaque
2476 437 2526 491 in
2563 434 2834 499 Numeris,
2873 437 3087 506 quando
3117 437 3200 493 lex
3233 439 3298 494 de
3345 419 3489 495 vac-I

219 529 324 583 τῶν
368 527 432 593 ἐξ
481 527 726 599 Ἰσραὴλ,
752 527 870 597 ἤτοι
903 528 1012 581 τῶν
1055 528 1228 584 λαῶν·
1269 549 1289 582 ι
1314 531 1477 585 Αὐτοὶ
1522 530 1622 594 τὰς
1662 531 1797 594 ιδίας

1925 544 1959 582 ιι
1991 528 2109 583 rul‘a
2145 525 2440 591 ferebatur,
2476 527 2611 582 dixit
2647 526 2784 582 Deus
2829 527 2897 582 ad
2925 527 3165 599 Moysen,
3197 544 3476 585 sacrorum

221 622 482 692 λήψονται
531 619 775 697 ψυχάςμ
796 619 918 672 ἀντὶ
949 618 1064 683 τοῦ,
1103 621 1499 692 προσκομιοῦσι
1532 621 1610 693 τῷ
1657 620 1797 692 Θεῷ.

1901 619 2296 686 interpretem:
2344 634 2362 668 ι
2421 613 2546 669 Haec
2608 614 2882 670 distinctio
2923 615 3080 688 legis,
3145 634 3482 689 quaecunque

222 712 440 778 Δέχεται
477 708 587 778 γὰρ
636 709 732 778 τὴν
788 707 934 772 λέξιν
980 709 1015 778 ὴ
1061 707 1421 774 θεόπνευστος
1462 707 1796 783 Γραφὴ,τοῦ

1925 707 2184 764 :onstituit
2224 708 2498 774 Dominus,
2549 705 2734 762 dicens
2773 724 2785 759 :
2823 705 3068 777 Loquere
3112 710 3234 764 tiliis
3290 709 3480 775 Israel,

222 799 422 853 τοιοῦδε
464 799 826 870 σημαντικήν.
854 798 928 852 Τὸ
960 798 1067 870 γὰρ
1098 799 1179 871 τῷ
1211 800 1329 872 Θεῷ
1363 801 1802 873 προσκομιζόμεο

223 908 327 953 νον,
372 891 474 943 καὶ
515 889 873 960 εὐτρεπισθὲν
904 892 984 954 είς
1031 890 1242 958 θυσίαν,
1286 892 1500 962 ἐλέγετο
1531 892 1803 964 λαμϐάνε-

224 985 365 1037 σθαι.
410 982 525 1037 Καὶ
552 983 586 1052 ἠ
615 981 761 1048 λέξις
788 983 1050 1047 τέθειται,
1074 982 1168 1037 τοῦ
1203 984 1405 1039 τοιοῦδε
1443 985 1675 1056 μάλιστα
1700 1002 1799 1057 ση-

226 1074 491 1145 μαντικὴ,
534 1073 787 1146 καθάπερ
831 1074 966 1145 ἔφην
997 1075 1222 1146 ἀρτίως.
1268 1076 1559 1144 Καὶ-γοῦν
1607 1079 1663 1131 ὲν
1691 1079 1803 1140 τοῖς

234 1167 531 1236 ’Δριθμοίς,
557 1167 645 1218 ὅτε
683 1167 810 1230 τοὺς
850 1167 979 1236 περὶ
1013 1166 1114 1235 τῆς
1139 1166 1428 1236 δαμάλεως
1453 1167 1554 1237 τῆς
1583 1167 1804 1240 πυρρᾶς

225 1257 450 1328 ὡρίζετο
481 1257 698 1326 νόμους,
729 1257 833 1327 ἔφη
867 1257 998 1320 Θεὸς
1034 1257 1170 1328 πρὸς
1197 1257 1287 1310 τὸν
1319 1257 1650 1329 ἱεροφάντην
1684 1258 1806 1312 Mui-

230 1349 320 1400 σέα
372 1367 390 1399 ι
427 1347 577 1417 Αὕτη
607 1348 640 1417 ἡ
666 1346 917 1418 διαστολὴ
942 1347 1035 1400 τοῦ
1069 1348 1252 1418 νόμου,
1284 1350 1382 1403 ὅσα
1411 1348 1667 1416 συνέταξε
1699 1347 1807 1401 Κύ-

230 1455 370 1508 ριος,
418 1436 626 1504 λέγων’
661 1437 914 1508 Λάλησον
957 1439 1071 1501 τοῖς
1114 1439 1248 1501 υἱοῖς
1294 1439 1508 1510 Ἰσραὴλ
1530 1480 1544 1505 ,
1578 1439 1672 1493 καὶ
1707 1439 1806 1492 λα-

229 1531 469 1583 κτωσαν
494 1528 629 1600 πρὸς
652 1529 711 1582 σὲ
733 1528 964 1599 δάμαλιν
978 1522 1221 1600 πυρρὰν,
1244 1529 1492 1601 ἄμωμον.
1526 1550 1544 1583 ι
1564 1529 1809 1594 Ἀκούεις

230 1621 304 1686 τὸ,
325 1620 674 1683 λαϐέτωσανς
697 1617 943 1671 τουτέστι
963 1617 1500 1689 προσκομιζέτωσαν,
1512 1620 1630 1689 ἢτοι
1643 1636 1810 1690 προσ-

229 1712 606 1780 αγαγὲτωσαν.
645 1709 786 1780 Περὶ
822 1708 878 1761 δέ
912 1725 976 1776 γε
1002 1710 1095 1762 τοῦ
1141 1708 1640 1781 καθαρισθήσεσθαι
1678 1708 1807 1778 μέ).-

1905 810 1960 856 et
1993 799 2264 869 accipiant
2291 800 2356 855 ad
2385 813 2443 854 se
2479 812 2694 853 vaccam
2720 798 2918 864 rufam,
2948 799 3350 855 immaculatam
3375 801 3418 853 ⁸.
3452 817 3479 853 ι

1905 891 2072 947 Audis
2097 891 2247 952 illud.
2277 889 2581 960 accipiant?
2631 889 2733 945 hoc
2781 899 2887 956 est,
2939 888 3190 954 olferant,
3241 892 3354 946 sive
3387 891 3483 946 ad-

1905 989 2174 1036 moveant.
2209 981 2281 1036 De
2315 980 2626 1036 mnndando
2677 989 2856 1035 autem
2897 996 2925 1035 a
2973 981 3122 1052 lepra
3166 997 3354 1039 rursus
3407 985 3491 1040 ita-

1906 1075 1981 1130 ait
2016 1093 2030 1130 :
2069 1093 2087 1127 ι
2130 1074 2448 1143 Egredietur
2476 1074 2732 1130 sacerdos
2763 1084 2917 1130 extra
2959 1083 3159 1140 castra,
3204 1085 3258 1130 et
3284 1076 3486 1131 videbit

1906 1167 2177 1230 Sacerdos,
2212 1175 2266 1221 et
2291 1179 2418 1222 ecce
2448 1176 2674 1221 sanatur
2713 1175 2888 1221 tactus
2921 1166 3079 1235 lepra:
3107 1182 3137 1220 a
3165 1168 3395 1236 leproso.
3422 1168 3487 1221 Et

1903 1255 2114 1325 jubebit
2142 1256 2416 1323 sacerdos,
2439 1267 2494 1312 et
2523 1258 2790 1327 accipient
2818 1259 3075 1312 mundato
3101 1259 3236 1313 duos
3268 1273 3488 1327 passer-

1907 1349 2058 1402 culos
2090 1348 2262 1416 vivos,
2294 1363 2458 1418 puros
2485 1349 2528 1402 ⁷.
2568 1367 2587 1400 ι
2629 1349 2763 1403 Cum
2813 1349 2975 1418 igitur
3015 1349 3176 1403 etiam
3211 1349 3278 1404 de
3304 1363 3487 1403 sacer-

1908 1442 2125 1496 d0tibus
2157 1459 2176 1493 ι
2213 1442 2476 1511 accipient
2511 1459 2532 1494 ι
2563 1441 2729 1506 dicat,
2767 1442 2960 1496 merito
3010 1441 3340 1510 intelligatur
3383 1455 3485 1494 vox

1909 1548 2026 1601 pro,
2061 1531 2303 1590 oll'erent.
2341 1533 2400 1586 ln
2459 1525 2698 1602 tempore
2734 1533 3284 1602 igituriniquitatum,
3309 1546 3484 1601 popu-

1911 1622 1945 1676 li
1981 1623 2250 1684 videlicet,
2291 1623 2391 1690 ipsi
2419 1621 2705 1687 accipient,
2739 1623 2840 1676 hoc
2869 1632 2972 1688 est,
3027 1619 3256 1675 oﬂ'crcnt
3293 1619 3347 1674 in
3396 1633 3487 1676 sa-

1910 1711 2196 1774 criﬁcium,
2225 1720 2280 1766 et
2314 1711 2368 1764 in
2399 1711 2620 1766 odorem
2671 1712 2952 1765 suavitatis
2993 1710 3326 1779 Spiritualem
3379 1709 3488 1764 Deo

231 1805 407 1864 λοντος
458 1800 692 1870 λεπροῦ,
729 1799 892 1852 πάλιν
935 1793 1035 1853 ὧδέ
1068 1815 1238 1870 φησιο
1273 1818 1291 1851 ι
1320 1800 1430 1854 Καὶ
1472 1798 1812 1865 ἐξελεύσεται

1925 1805 2124 1858 animas
2165 1818 2311 1868 suas,
2349 1803 2512 1872 probe
2564 1803 2818 1857 nimirum
2865 1813 3268 1868 conversantes,
3318 1810 3372 1856 et
3407 1803 3488 1855 vi.

233 1897 257 1946 ὸ
287 1895 467 1966 ἱερεὺς
512 1893 616 1959 ἔξω
653 1892 754 1962 τῆς
784 1890 1154 1962 παρεμϐολῆς,
1189 1892 1284 1945 καὶ
1315 1890 1505 1960 ὄψεται
1539 1891 1567 1944 ό
1602 1891 1779 1962 ἱερεὺς
1800 1931 1818 1958 ,

231 1990 315 2042 καὶ
346 1989 458 2040 ἰδοὺ
487 1987 632 2039 ἰᾶται
652 1987 685 2055 ὴ
714 1983 826 2055 ἁφὴ
848 1983 945 2054 τῆς
972 1983 1180 2054 λέπρας
1200 1983 1307 2036 ἀπὸ
1333 1983 1427 2036 τοῦ
1450 1983 1674 2054 λεπροῦ.
1699 1983 1809 2036 Καὶ

233 2081 422 2150 πράξει
461 2082 491 2132 ὁ
527 2077 736 2149 ἱερεὺς,
779 2077 875 2131 καὶ
918 2076 1180 2146 λήψονται
1227 2075 1305 2147 τῷ
1354 2076 1808 2147 κεκαθαρισμένῳ

231 2169 312 2224 δύο
350 2169 568 2238 ὀρνίθια
614 2167 814 2230 ζῶντα,
845 2166 1077 2238 καθαρά.
1106 2184 1125 2218 ι
1158 2165 1328 2220 Ὅταν
1376 2165 1552 2220 τοίνυν
1584 2167 1677 2220 καὶ
1717 2167 1810 2220 ἐπὶ

231 2261 328 2313 τῶν
361 2259 560 2331 ἱερέων
599 2257 679 2322 τὸ,
732 2256 1038 2329 λήψονται,
1063 2256 1233 2324 λέγοι,
1267 2257 1423 2309 νοοῖτ⁴
1467 2255 1532 2309 ἀν
1587 2256 1811 2318 εἰκότως

234 2353 346 2406 ἀντὶ
377 2351 501 2415 τοῦ,
522 2351 923 2421 προσοίσουσιν,
949 2351 982 2420 ἠ
1015 2349 1190 2420 φωνή.
1219 2349 1306 2403 Ἑν
1333 2347 1508 2418 καιρῷ
1527 2348 1814 2420 τοιγαροῦν

235 2439 334 2489 τῶν
357 2437 611 2502 ἀδικιῶν,
635 2437 746 2490 τῶν
770 2436 866 2490 τοῦ
890 2437 1020 2490 λαοῦ
1052 2436 1315 2508 δηλονότι,
1345 2436 1497 2490 αὐτοὶ
1528 2437 1812 2506 λήψονται,

236 2530 502 2591 τουτέστι,
529 2529 910 2598 προσοίσουσιν
938 2530 1020 2591 είς
1046 2527 1257 2593 θυσίαν,
1290 2528 1383 2581 καὶ
1412 2528 1668 2598 εὐοσμίαν
1699 2527 1816 2597 Θεῷ

236 2623 324 2693 τὴν
353 2621 741 2692 πνευματικὴν
781 2619 880 2683 τὰς
908 2619 1114 2673 ἑαυτῶν
1142 2618 1340 2689 ψυχὰς,
1373 2617 1549 2688 ὀρθῶς
1576 2617 1814 2688 δηλονότι
1872 2637 1874 2639 '

239 2712 645 2783 πολιτευόμενοι
665 2752 680 2775 ,
724 2713 818 2766 καὶ
851 2711 1236 2781 εὐνομωτάτην
1279 2710 1491 2781 ἔχοντες
1524 2711 1688 2780 ζωὴν,
1724 2709 1820 2762 καὶ

238 2808 298 2861 τὰ
323 2809 444 2870 τοῖς
479 2803 689 2876 ἱερεῦσι
733 2803 1012 2876 πρέποντα
1049 2807 1266 2876 φρονεῖν
1307 2819 1366 2858 τε
1407 2804 1500 2857 καὶ
1547 2801 1682 2874 δρᾷν
1733 2802 1816 2856 ὅτι

1917 1903 2021 1948 tam
2049 1893 2254 1964 legibus
2296 1893 2523 1948 miriﬁce
2572 1902 2988 1948 consentaneam
3036 1892 3397 1959 traducentes,
3436 1901 3493 1946 et

1913 2000 2031 2055 qua:
2059 1983 2431 2040 sacerdotibus
2475 1985 2668 2039 decora
2705 1993 2853 2048 sunt,
2909 1983 3168 2050 cogitare,
3220 1992 3273 2038 et
3309 1983 3486 2039 facere

1914 2091 2123 2131 summo
2151 2075 2332 2131 studio
2360 2076 2644 2130 enitentes.
2678 2073 2864 2130 Potest
2894 2074 3036 2129 enim
3067 2075 3186 2129 talis
3214 2075 3490 2144 populum,

1915 2168 2004 2237 qui
2038 2169 2090 2222 in
2122 2167 2379 2223 oﬂ‘ensam
2414 2169 2508 2223 Dei
2545 2168 2791 2232 incurrit,
2822 2179 2874 2222 et
2898 2168 3068 2238 legem
3105 2168 3287 2238 inique
3325 2167 3491 2220 viola-

1917 2260 2014 2325 vit,
2045 2257 2098 2312 in
2129 2259 2411 2329 pristinum
2446 2259 2620 2314 locum
2650 2259 2958 2314 restituere.
2990 2258 3496 2322 Verumenimvero,

1919 2350 1984 2402 ad
2027 2349 2126 2404 hoc
2163 2349 2418 2416 instituti,
2467 2349 2662 2419 inquit,
2698 2365 2803 2404 una
2838 2365 2961 2405 cum
3007 2349 3126 2405 aliis
3171 2349 3304 2418 lapsi
3347 2357 3493 2402 sunt.

1919 2438 2263 2510 ldcircojure
2304 2441 2569 2497 vacabunt
2619 2456 2795 2507 sacra,
2853 2441 3089 2497 cessabit
3148 2455 3384 2504 sacrum,
3443 2445 3504 2494 et

1920 2533 2234 2588 honora'bilc
2264 2550 2455 2604 genus,
2509 2552 2529 2586 ι
2579 2535 2684 2588 erit
2724 2533 2953 2602 populus
2993 2541 3052 2586 ut
3094 2533 3350 2587 sacerdos
3402 2547 3417 2584 :
3472 2548 3493 2583 ι

1919 2623 2052 2677 nihil
2080 2624 2344 2694 siquidem
2383 2625 2525 2680 inter
2558 2624 2811 2694 populum
2871 2633 2925 2678 et
2955 2621 3289 2677 sacerdotem
3323 2621 3494 2677 dista-

1918 2712 2017 2768 bit.
2052 2713 2228 2783 Atque
2278 2715 2380 2770 hoc
2417 2725 2503 2770 est
2547 2714 2799 2780 fortasse,
2851 2732 2870 2767 t
2927 2713 3155 2786 gloriam
3212 2728 3399 2768 eorum
3445 2711 3502 2767 in

1921 2805 2275 2875 ignominiam
2301 2821 2519 2876 ponam.
2553 2824 2573 2859 ι

243 2900 479 2970 μάλιστα
505 2897 973 2961 διεσπουδακότες.
1011 2897 1215 2959 Ἱκανὸς
1275 2895 1382 2966 γὰρ
1408 2895 1436 2948 ό
1494 2894 1732 2958 τοιοῦτος
1799 2897 2078 2952 ἀνασῶσαι
2126 2899 2290 2964 λαοὺς
2328 2900 2421 2954 καὶ
2452 2900 2568 2970 Θεῷ
2607 2898 3154 2974 προσκεκρουκότας,
3203 2899 3297 2952 καὶ
3335 2898 3500 2967 νόμον

239 2993 592 3062 ἠδικηκότας.
622 2989 759 3043 Ἀλλ’
781 2991 830 3042 oi
855 2989 990 3060 πρὸς
1009 2986 1164 3042 τοῦτο
1189 2986 1639 3057 παρειλημμένοι,
1661 2987 1813 3058 φησὶ,
1855 2991 2295 3057 συγκατώλισθον
2351 2995 2464 3056 τοῖς
2520 2992 2720 3057 ἄλλοις.
2743 2989 3013 3064 Ταύτῃτοι
3031 2989 3253 3055 δικαίως
3267 2989 3498 3061 ἀργήσει

241 3088 301 3140 τὰ
351 3086 514 3158 ἱερὰ,
562 3082 902 3138 πεπαύσεται
946 3082 1008 3135 τὸ
1050 3083 1191 3152 ἱερὸν
1236 3081 1330 3134 κα)⁸
1361 3082 1538 3152 τίμιον
1576 3081 1763 3149 γένος·
1811 3100 1831 3135 ι
1870 3081 2060 3139 Ἔσται
2091 3087 2118 3138 ὁ
2171 3086 2295 3152 λαὸς
2333 3086 2409 3150 ὡς
2447 3087 2657 3156 ἱερεύς·
2695 3106 2714 3139 ι
2750 3086 2993 3140 κείσεται
3017 3084 3126 3154 γὰρ
3155 3084 3305 3138 οὐδὲν
3333 3083 3412 3136 ἐτι
3443 3085 3512 3138 τδ

246 3181 450 3254 μεταξὺ
479 3177 607 3231 λαοῦ
635 3193 692 3230 τε
734 3177 827 3230 καὶ
862 3175 1069 3247 ἱερέως.
1115 3175 1224 3228 Καὶ
1255 3174 1411 3226 τοῦτο
1447 3168 1514 3244 ἦν
1546 3173 1652 3246 ἄρα
1688 3175 1768 3241 τὸ,
1814 3193 1832 3228 t
1861 3177 1974 3249 Τὴν
2005 3178 2160 3244 δόξαν
2186 3179 2364 3233 αὐτῶν
2398 3181 2474 3242 εἰς
2501 3179 2740 3249 ἀτιμίαν.
2768 3195 2788 3229 ι

305 3275 427 3331 Καὶ
468 3271 778 3342 φάγονται,
811 3266 910 3322 καί
943 3267 1014 3321 οὐ
1047 3264 1132 3334 μὴ
1167 3263 1622 3334 ἐμπλησθῶσιν
1655 3265 1822 3335 ἐπόρ-

1999 3270 2162 3325 Vens.
2198 3269 2285 3323 l0.
2312 3267 2378 3321 Et
2415 3268 2699 3330 comedent,
2731 3275 2776 3320 et
2824 3278 2927 3318 non
2960 3258 3350 3329 fundebantur;
3391 3259 3501 3328 for-

243 3382 506 3426 νευσαν,
541 3363 638 3416 καί
669 3361 741 3414 οὐ
769 3357 856 3427 μὴ
888 3353 1394 3413 κατευθυνθῶσιν.

311 3459 462 3513 MA'.
502 3452 687 3514 Ὀδοὺς
722 3448 841 3520 μὲν,
871 3447 946 3512 ὡς
981 3446 1144 3514 ἔοικε,
1175 3447 1274 3510 τὰς
1302 3448 1358 3499 ὲν
1391 3445 1574 3516 ἔργοις
1607 3445 1832 3518 πορείας

244 3551 440 3616 λέγει·
497 3543 776 3600 διαδούλια
822 3539 880 3593 δὲ
911 3534 1010 3606 αὖ,
1050 3538 1118 3593 τά
1171 3541 1236 3593 ὲκ
1289 3539 1563 3609 λογισμῶν
1618 3539 1834 3593 ἀτόπων

247 3642 594 3710 πταίσματα.
651 3632 869 3702 Ἐπειδὴ
899 3632 1096 3695 τοίνυν,
1143 3631 1309 3700 φησι,
1354 3629 1684 3702 πεπόρευται
1736 3629 1835 3700 μὲν

248 3735 343 3786 οὐκ
399 3728 605 3799 ὀρθῶς,
655 3725 755 3795 τῆς
799 3723 1010 3786 εὐθείας
1067 3719 1435 3785 ἐκνενευκὼς,
1478 3720 1571 3774 καὶ
1621 3719 1836 3790 ἀπάσης

250 3822 449 3892 ὥςπερ
475 3817 813 3887 ἀνοσιότητος
838 3814 1036 3891 ἐλάσας
1059 3813 1262 3885 τρίϐον,
1297 3811 1655 3867 ἐϐουλεύσατο
1685 3810 1740 3864 δὲ
1766 3809 1836 3864 τά

256 3919 484 3971 πάντων
519 3911 773 3984 αἴσχιστά
825 3925 885 3962 τε
932 3909 1024 3962 καὶ
1061 3905 1434 3970 ὲκτοπώτατα,
1467 3904 1558 3958 τὸν
1602 3902 1700 3974 μὲν
1730 3901 1837 3954 τῶν

250 4011 386 4062 ὅλων
427 4007 699 4076 ἀτιμάσας
738 4003 892 4062 Θεὸν,
922 3999 1214 4062 ἀποκλίνας
1257 3997 1314 4052 δὲ
1345 3997 1438 4051 καὶ
1469 3995 1632 4058 αὐτὸς
1664 3994 1746 4056 είς
1777 3991 1838 4045 τὸ

252 4099 546 4171 ⁴λιιιτρεύειν
592 4093 852 4157 εἰδώλοις,
889 4110 909 4142 ι
953 4089 1252 4160 Ἐκδικήσω
1291 4086 1377 4139 ἐπ’
1405 4083 1589 4150 αὐτὸν,
1635 4101 1653 4135 ι
1686 4096 1841 4133 τουτ-

253 4193 395 4254 έστι,
427 4190 534 4257 τὴν
559 4187 672 4248 τοῖς
713 4182 1179 4254 πλημμελήμασιν
1227 4175 1564 4246 ίσοστόιθμως
1611 4172 1841 4244 ἔχουσαν

253 4283 467 4334 ὲποίσω
494 4278 672 4345 δίκην.
701 4275 824 4328 ’Ότι
860 4272 919 4326 δὲ
946 4275 1056 4336 τοῖς
1087 4267 1420 4339 ἀποφοιτῶσι
1454 4266 1553 4335 τῆς
1597 4265 1676 4327 είς
1711 4261 1842 4316 Θεὸν

250 4373 487 4441 ἀγάπης
519 4369 579 4420 τὸ
627 4368 684 4420 ὲν
719 4365 881 4419 παντὶ
936 4361 1187 4433 γενέσθαι
1233 4359 1389 4429 κακῷ
1417 4357 1594 4426 πάντη
1639 4371 1699 4406 τε
1747 4351 1844 4406 καὶ

251 4464 484 4523 πάντως
507 4457 867 4529 συμϐήσεται,
896 4453 1012 4518 πῶς
1038 4453 1181 4506 ἔστιν
1207 4447 1561 4520 ἁμφιϐαλεῖνς
1591 4441 1711 4497 οὔτε
1736 4441 1844 4513 γὰρ

251 4554 435 4624 ὀρθήν
463 4568 529 4604 τε
564 4551 658 4603 καὶ
692 4547 993 4618 ἀμώμητον
1011 4543 1242 4598 διελάσει
1265 4540 1468 4612 τρίϐον,
1491 4536 1602 4590 οὔτ’
1621 4536 1687 4589 ἂν
1707 4531 1845 4602 σοφά

1932 3363 2096 3416 nicati
2123 3369 2266 3422 sunt,
2290 3369 2338 3414 et
2366 3376 2466 3414 non
2487 3359 2804 3428 dirigentur.

1999 3451 2136 3508 XLI.
2171 3454 2296 3508 Vias
2316 3452 2554 3522 quidem,
2578 3458 2637 3503 ut
2660 3453 2902 3516 apparet,
2920 3443 3161 3498 incessus
3180 3455 3231 3494 in
3250 3437 3507 3509 operibus

1930 3541 2209 3608 nominat;
2251 3539 2474 3596 consilia
2516 3551 2643 3591 vero
2673 3550 2734 3589 ex
2765 3529 3183 3604 cogitationibus
3205 3526 3506 3583 indecenti-

1931 3632 2033 3688 bns
2070 3630 2284 3686 delicta.
2311 3628 2575 3696 Quoniam
2603 3626 2784 3696 igitur,
2817 3622 3011 3691 inquit,
3055 3635 3221 3691 prave
3264 3617 3510 3680 incessit,

1932 3729 1986 3776 et
2009 3737 2038 3776 a
2068 3730 2215 3775 recto
2240 3720 2429 3774 itinere
2454 3715 2692 3780 deﬂexit,
2723 3723 2777 3769 et
2808 3712 3194 3783 propemodum
3227 3709 3374 3764 omni
3425 3723 3511 3762 se-

1935 3814 2066 3868 mita
2095 3812 2388 3879 impietatis
2416 3808 2734 3872 ambulavit,
2771 3806 3011 3861 omnium
3052 3801 3157 3874 73
3202 3799 3511 3869 turpissima

1935 3911 1992 3958 et
2019 3917 2050 3956 a
2079 3903 2284 3956 ratione
2309 3898 2636 3954 alienissima
2663 3896 2801 3966 apud
2830 3909 2889 3950 se
2916 3893 3127 3954 statuit,
3159 3889 3511 3945 etuniverso—

1937 4007 2059 4048 rum
2089 3991 2260 4047 Deum
2286 3989 2632 4059 contempsit,
2678 3997 2734 4042 et
2775 3988 2888 4055 ipse
2925 3996 3136 4054 quoque
3167 3981 3232 4034 ad
3267 3977 3511 4033 servien-

1939 4087 2063 4140 dum
2093 4084 2251 4138 idolis
2299 4081 2608 4144 declinavit,
2673 4096 2693 4130 ι
2741 4079 2976 4134 ulciscar
3018 4088 3183 4142 super
3229 4071 3426 4139 ipsum,
3489 4087 3513 4119 ι

1943 4177 2042 4230 hoc
2067 4182 2171 4240 est,
2195 4189 2407 4244 poenam
2429 4172 2727 4227 sceleribus
2759 4168 3173 4239 respondentem
3207 4175 3513 4232 reposcam.

1942 4268 2261 4322 Deserentes
2321 4271 2500 4318 autem
2557 4264 2651 4318 Dei
2705 4260 3022 4316 charitatem
3064 4254 3321 4309 omnibus
3362 4250 3520 4304 malis

1943 4356 2265 4414 omnimodis
2295 4351 2699 4416 circumveniri,
2749 4349 2880 4403 nulli
2935 4345 3095 4417 piane
3144 4345 3365 4398 dubium
3410 4351 3513 4396 est.

1946 4452 2054 4505 Nec
2082 4449 2224 4505 enim
2262 4456 2408 4500 recta
2432 4456 2486 4499 et
2518 4443 2789 4512 inculpata
2835 4438 3209 4510 progredictur
3255 4437 3364 4503 via,
3421 4447 3519 4488 nec

1946 4542 2216 4611 sapienter
2247 4539 2541 4608 quidquam
2587 4535 2863 4605 cogitabit,
2910 4532 2999 4602 qui
3033 4532 3267 4585 divinam
3303 4527 3518 4598 sapien-

256 4621 625 4715 βουλεύσαιτό
662 4657 818 4706 ποτε,
844 4640 942 4708 τὴν
978 4637 1130 4690 θείαν
1155 4635 1254 4688 οὐκ
1283 4633 1421 4704 ἔχων
1450 4626 1822 4700 ἐπικουροῦσα

1950 4633 2079 4687 tiam
2106 4633 2465 4699 virtutemque
2495 4625 2889 4697 opitulatricem
2926 4638 3030 4678 non
3066 4621 3335 4676 habuerit.

254 4737 420 4805 αὗτῷ
460 4733 656 4801 σοφίαν
682 4747 743 4784 τε
771 4730 867 4783 καὶ
905 4727 1154 4797 δύναμιν.

334 4826 450 4880 Καὶ
481 4823 792 4892 φάγονται,
819 4819 922 4874 καὶ
965 4819 1036 4872 οὐ
1068 4814 1151 4885 μὴ
1181 4809 1644 4884 ἐμπλησθῶσιν·
1675 4812 1849 4876 ἐπόρ-

253 4934 510 4974 νευσαν
543 4915 638 4968 καὶ
687 4917 757 4969 οὐ
791 4913 878 4982 μὴ
921 4907 1428 4965 κατευθυνθῶσιν.

331 5009 484 5064 MB'.
538 5008 818 5076 Τετήρηκε
860 5004 1022 5058 πάλιν
1077 5003 1188 5064 τοῖς
1237 4999 1294 5065 ἐξ
1340 4998 1568 5068 αἵματος
1633 4994 1847 5066 Ἰσραὴλ

2025 4809 2093 4866 Ει
2126 4809 2412 4871 comedent,
2441 4814 2488 4859 et
2522 4820 2622 4860 non
2656 4801 3043 4872 implebantur;
3087 4798 3334 4867 fornicati
3376 4803 3525 4861 sunt,

1955 4912 2004 4959 et
2033 4918 2135 4954 non
2161 4901 2472 4968 dirigentur.

2029 4991 2183 5048 χιιι.
2220 4990 2408 5043 Adhuc
2442 4983 2700 5052 reliquias
2731 4979 2990 5034 lsraelitis
3038 4977 3356 5032 reservavit.
3405 4973 3528 5028 Non

253 5103 320 5155 τὸ
373 5067 758 5168 καταλείμμῷ
817 5097 941 5150 Ὅτι
986 5095 1096 5166 γὰρ
1146 5092 1246 5146 οὐκ
1291 5067 1523 5145 εἰσάπαν
1579 5088 1822 5158 οίχήσετσ

1959 5088 2101 5144 enim
2134 5085 2384 5159 universe
2411 5091 2530 5133 cum
2560 5072 2932 5128 sacerdotibus
2953 5071 3220 5141 perituros
3263 5067 3527 5129 declarat,

255 5201 378 5258 τοῖς
431 5157 643 5263 ἱερεῦσι
666 5157 724 5244 τὸ
769 5157 1295 5260 χρῆμαίδιάτρανοῖ
1331 5181 1540 5250 λέγων,
1569 5181 1652 5232 ὅτι
1692 5198 1710 5231 ι
1748 5179 1822 5231 Φά

1961 5193 2082 5235 cum
2118 5157 2266 5238 dicit,
2305 5193 2323 5225 ‹
2364 5169 2651 5227 comedent
2683 5164 2923 5237 quidem,
2956 5163 3048 5218 sed
3082 5175 3184 5215 non
3212 5157 3531 5214 saturabun-

255 5253 471 5356 γον-εει
490 5253 622 5352 μὲν,
654 5253 979 5351 πλὴνηοόνμὴ
1005 5253 1412 5348 ἐμπλησθῶσιν.
1448 5291 1466 5323 ι
1489 5271 1612 5325 Εἴτε
1629 5271 1736 5341 γὰρ
1759 5270 1822 5323 τὰ

1961 5279 2066 5327 tur.
2108 5289 2127 5322 ι
2160 5270 2284 5324 Sive
2304 5267 2444 5322 enim
2477 5271 2690 5318 vctercs
2716 5258 2832 5313 illas
2859 5253 3074 5311 lsraclis
3102 5253 3530 5319 transmigratio-

225 5336 526 5448 ¹ἀρχαίας
577 5336 790 5434 ὲκείνας
843 5336 936 5422 eoi")
968 5336 1216 5438 ’Ἰσραήλ
1275 5365 1699 5438 μεταναστάσεις
1761 5379 1822 5415 κα

1965 5379 2060 5416 nes
2089 5369 2142 5413 et
2172 5357 2537 5428 captivitates,
2572 5355 2686 5410 sive
2711 5357 2930 5422 propter
2972 5345 3248 5399 Christum
3290 5353 3382 5408 per
3424 5336 3531 5434 Ro-

226 5451 232 5468 ’
259 5439 668 5537 αίέξιαλωσίας
698 5459 968 5532 ἐννοήσειέ
1004 5476 1108 5520 τις,
1138 5457 1246 5510 εἴτε
1271 5457 1369 5527 τὴν
1403 5457 1494 5509 ὲπὶ
1523 5453 1742 5527 Χριστῷ
1772 5453 1822 5506 δι

1967 5467 2155 5508 manus
2192 5448 2386 5502 Iudaeae
2427 5447 2630 5501 illatam
2675 5441 2979 5497 vastitatem
3010 5439 3272 5505 quispiam
3327 5439 3531 5537 rccpgt-

900 5514 1205 5622 xstpbgn‘tﬁ;
1252 5514 1509 5612 Ἰουδαίας
1559 5514 1822 5619 έρήμῶσιι

1968 5553 2063 5609 tct,
2102 5543 2154 5596 in
2188 5540 2430 5610 reliquiis
2479 5536 2728 5595 lsraelem
2763 5535 2958 5604 ipsum,
3000 5535 3054 5583 et
3092 5525 3292 5580 cultum
3343 5529 3371 5566 a
3418 5514 3539 5578 lege

353 5735 376 5763 "
413 5735 587 5790 ﬁunt.
620 5751 726 5800 xix,
756 5730 814 5786 2.
892 5734 909 5762 ⁷
953 5731 1120 5787 chit.
1158 5746 1261 5796 xiv,
1295 5731 1348 5795 5,
1377 5729 1428 5783 4.
