4012 6214
491 291 595 350 1ὶῖ

491 497 671 550 ductis
699 497 840 551 enim
877 507 1000 550 tunc
1034 512 1130 566 per
1160 496 1508 550 Salmanasar
1549 509 1603 552 et
1647 497 2056 567 Theglatphala-

490 601 580 638 sar
608 587 674 638 ad
715 586 965 656 Assyrios
995 595 1048 640 et
1089 586 1294 648 Medos,
1350 587 1700 641 nihilominus
1731 588 1908 655 exigui
1953 604 2055 640 nn-

491 691 662 737 mero,
698 687 748 730 et
781 677 1124 746 paucissimi,
1145 686 1197 731 et
1230 693 1295 731 ex
1321 676 1574 732 Israelitis
1603 677 1796 741 relicti,
1821 677 2056 746 legitima

490 769 863 822 sacerdotibus
909 767 1230 832 oll'erebant,
1277 769 1470 832 obviis,
1506 778 1559 821 et
1594 784 1711 837 qua:
1741 770 1804 821 ad
1842 783 2055 821 manum

488 869 642 912 erant
674 875 764 913 eos
797 862 1142 924 honorantes,
1183 871 1238 913 et
1273 877 1298 913 a
1344 861 1620 914 consuetis
1661 860 1800 913 haud
1847 862 2058 928 penitus

492 949 825 1002 recedentes.
871 949 1064 1002 Eodein
1096 951 1254 1002 modo
1278 956 1330 1002 et
1366 951 1415 1000 in
1453 962 1722 1018 postremo
1750 950 1911 1016 bello,
1957 953 2056 1006 sub

490 1040 732 1105 Angusto
758 1038 990 1100 Ca‘sare,
1024 1041 1260 1107 inquam,
1294 1042 1730 1109 populationibus
1758 1041 2056 1096 deformata

490 1127 725 1196 ipsorum
757 1130 1032 1199 provincia
1065 1133 1128 1183 ad
1175 1147 1388 1186 omnem
1426 1144 1665 1194 ventum,
1726 1147 1818 1186 seu
1871 1133 2054 1187 mundi

490 1217 764 1283 angulum,
798 1233 998 1287 perque
1031 1235 1218 1276 omnes
1253 1222 1501 1291 regiones
1546 1231 1600 1275 et
1639 1224 1800 1276 urbes
1829 1223 2055 1291 dispersi

489 1317 611 1360 sunt
636 1307 676 1363 ⁸.
709 1307 1067 1362 Nihilominus
1095 1311 1438 1365 mediocriter
1467 1313 1642 1365 adhuc
1693 1322 1958 1377 sanctum,
2004 1325 2058 1369 et

492 1397 748 1452 sclectum
805 1414 976 1467 genus
1021 1412 1359 1466 venerantes,
1416 1418 1535 1470 qua:
1573 1412 1820 1470 poterant
1861 1403 2056 1459 offere-

488 1490 639 1552 bant,
669 1499 722 1546 et
755 1493 915 1546 etiam
943 1499 1077 1557 tum,
1105 1509 1411 1563 quanquam
1453 1496 1666 1550 abolitis
1699 1507 1938 1550 veterum
1967 1513 2052 1551 sa-

487 1581 811 1637 criﬁciorum
849 1585 1202 1649 caeremoniis,
1256 1601 1461 1640 morem
1518 1589 1677 1640 istum
1734 1588 2054 1643 retinebant.

488 1673 697 1728 Amissa
755 1675 952 1743 quippe
1005 1673 1362 1745 Jerosolyma,
1400 1678 1712 1732 sacriﬁcare
1753 1680 1819 1733 de
1862 1692 2057 1734 caatero

1507 295 1562 349 S.
1605 292 1875 349 CYRILLI
1913 288 2377 346 ALEXANDRINI
2421 287 2739 344 ARCIIIEP.

489 405 860 475 praiscriptum
892 405 1067 461 adhuc
1093 415 1473 461 conservatum
1509 408 1920 461 animadvertet.
1950 408 2053 460 Ab-

2160 406 2214 456 ὲν
2244 404 2517 473 λειψάνοις
2542 405 2770 473 εὑρήσει·
2792 401 3160 472 τετηρημένον
3197 395 3358 450 αὐτόν
3411 413 3462 448 τε

3628 277 3729 332 123

3507 392 3592 446 τὸν
3632 395 3732 447 ἰσ-

2166 495 2323 566 ραὴλ,
2357 495 2448 547 καὶ
2477 495 2574 564 τὴν
2611 494 2752 546 κατὰ
2796 492 2958 562 νόμον
2997 489 3275 560 λατρείαν.
3313 487 3736 556 Ἀποκομισθέν-

2162 603 2274 637 των
2301 586 2408 655 γὰρ
2445 585 2504 637 τὸ
2541 583 2790 654 τηνικάδε
2839 582 2928 636 διά
2981 599 3041 634 τε
3081 579 3175 633 τοῦ
3225 577 3591 648 Σαλμανασὰρ
3641 577 3755 696 καὶ(

2166 676 2252 696 ,κ-
2287 675 2563 696 ομλμημπ
2584 674 2713 696 ,4-ι-
2759 675 2833 696 -1-
2875 671 3192 696 ia---.-l-.._
3249 671 3336 696 ...Α
3376 669 3591 696 ILLR-..-
3641 669 3722 696 ’.θη

2161 676 2254 728 τοῦ
2286 674 2718 744 Θεγλαφαλασὰρ
2755 675 2834 738 είς
2875 671 3192 743 ’Λσσυρίους
3249 671 3343 723 καὶ
3375 669 3612 738 Μήδους,
3640 669 3753 719 οὐινῖ

2162 767 2247 820 sev
2280 761 2440 838 ἦττον
2491 769 2539 819 οἱ
2571 766 2791 836 βραχεῖς
2833 765 2924 818 καὶ
2952 764 3219 830 όλιγοστο¹ί¹
3249 763 3342 815 καὶ
3387 761 3736 831 περιλελειμ-

2167 860 2316 930 μένοι
2349 859 2454 910 τῶν
2489 858 2546 924 ἐξ
2582 857 2816 928 Ἰσραὴλ,
2846 855 3122 924 προσῆγον
3159 856 3273 915 τοῖς
3307 852 3509 922 ἱερεῦσι
3547 853 3616 904 τὰ
3645 870 3737 904 νε-

2163 950 2484 1020 νομισμένα,
2507 952 2618 1011 τοῖς
2651 947 2790 1000 κατὰ
2828 949 2985 1016 χεῖρα
3024 944 3292 1012 τιμῶντες
3314 961 3329 974 ·
3366 944 3460 996 καὶ
3490 945 3590 994 οὐκ
3622 943 3728 1006 ἔξω

2162 1041 2269 1093 τῶν
2315 1043 2372 1093 ἐν
2413 1041 2521 1092 ἔθει
2550 1039 2821 1109 γινόμενοι
2854 1037 3151 1098 παντελῶς.
3196 1035 3350 1088 Κατὰ
3383 1035 3472 1086 τὸν
3513 1035 3624 1086 ἴσον
3675 1034 3734 1086 δὲ

2161 1133 2362 1202 τρόπον
2395 1132 2488 1184 καὶ
2524 1133 2580 1184 ὲν
2621 1130 2697 1200 τῷ
2723 1130 2918 1198 λοίσθῳ
2947 1130 3187 1199 πολέμῳ,
3218 1126 3294 1196 τῷ
3325 1127 3418 1178 ἐπὶ
3457 1127 3734 1197 Καίσαρος

2165 1221 2494 1290 Αὐγούστου,
2523 1223 2687 1292 φημὶ,
2724 1219 3166 1290 καταδῃωθείσης
3197 1221 3378 1280 αὐτοῖς
3403 1219 3502 1287 τῆς
3531 1217 3734 1288 χώρας,

2163 1311 2600 1383 ἐσκορπίσθησαν
2633 1311 2731 1379 μὲν
2773 1311 2850 1370 εἰς
2889 1309 3065 1361 πάντα
3100 1308 3318 1378 ἄνεμον,
3359 1309 3453 1360 καὶ
3482 1309 3537 1360 ὲν
3583 1308 3736 1380 πάσῃ

2163 1401 2318 1472 χώρᾳ
2351 1420 2407 1454 τε
2441 1403 2535 1454 καὶ
2581 1400 2755 1454 πόλει.
2802 1400 2950 1468 Πλὴν
2985 1399 3064 1452 ἔτι
3111 1399 3348 1470 μετρίως
3377 1398 3436 1450 τὺ
3473 1398 3613 1468 ἱερὸν
3642 1401 3738 1450 καὶ

2164 1491 2458 1543 ἀπόλεκτον
2506 1489 2774 1560 τιμῶντες
2803 1490 2979 1558 γένος,
3013 1489 3286 1558 προσῆγον
3319 1487 3386 1540 τὰ
3407 1489 3549 1541 κατὰ
3573 1487 3736 1540 δύνα-

2168 1599 2277 1650 μιν.
2310 1581 2417 1634 Καὶ
2439 1582 2574 1633 εἰσὶν
2601 1584 2656 1632 ὲν
2675 1580 2884 1642 τούτοις
2907 1580 3005 1644 ἔτι,
3034 1579 3209 1632 καίτοι
3231 1578 3337 1630 τῶν
3360 1578 3606 1630 παλαιῶν
3635 1578 3733 1630 θυ-

2167 1673 2294 1724 σιῶν
2340 1671 2850 1741 ἁνατετραμμένων.
2911 1670 3057 1736 "Ego;
3096 1669 3204 1740 γὰρ
3239 1669 3339 1738 τῆς
3380 1669 3737 1739 Ἰερουσαλὴμ

490 1765 640 1820 nefas
689 1775 826 1819 erat.
870 1785 890 1816 ι
933 1766 1226 1820 Comedcnt
1265 1767 1444 1838 igitur,
1481 1767 1674 1837 inquit,
1725 1780 1777 1822 et
1816 1788 1918 1825 non
1955 1770 2053 1824 im-

2166 1763 2408 1831 γεγονόσι
2430 1763 2491 1814 τὸ
2521 1762 2665 1814 θύειν
2694 1761 2772 1814 ἔτι
2815 1761 3149 1830 παράνομον.
3187 1778 3205 1810 ι
3241 1759 3506 1826 Φὰγονται
3528 1759 3734 1822 τοίνυν,

489 1854 792 1921 plebuntur,
820 1874 839 1907 ι
873 1856 974 1911 hoc
1003 1866 1084 1910 est
1109 1873 1303 1927 pauca,
1336 1869 1388 1913 ct
1421 1860 1506 1912 vix
1550 1862 1814 1929 accipient
1857 1871 1909 1915 et
1942 1877 2061 1930 quae

489 1946 554 1996 ad
584 1945 886 1998 satietatem
933 1947 1070 2000 haud
1115 1947 1402 2003 sulliciant.
1441 1947 1670 2003 Docetnr
1713 1952 2061 2006 nihilominus

488 2036 572 2090 his
602 2036 783 2091 verbis
812 2037 1017 2108 antiqui
1058 2037 1276 2093 honoris
1322 2040 1532 2095 illorum
1570 2042 1873 2108 subversio,
1917 2059 2060 2112 pne-

491 2129 764 2199 teritaeque
790 2130 1096 2186 securitatis
1121 2131 1360 2186 amissio.
1412 2151 1431 2183 ι
1486 2133 1751 2200 Quoniam
1806 2135 2058 2190 fornicati

488 2232 634 2288 sunt,
672 2221 864 2290 inquit,
912 2238 1015 2276 non
1064 2222 1384 2292 dirigentur.
1451 2241 1469 2275 ι
1529 2222 1862 2294 lmpossibile
1915 2228 2057 2281 enim

487 2320 590 2376 est,
619 2319 676 2365 ut
705 2313 835 2376 dixi,
867 2312 1032 2368 Deum
1069 2315 1379 2370 deserentes
1409 2313 1535 2383 (hoc
1577 2317 1721 2370 enim
1759 2317 2060 2386 Spiritualis

491 2404 775 2460 fornicatio
809 2415 860 2459 et
895 2407 1108 2459 nomine
1132 2416 1185 2459 et
1227 2421 1284 2460 re
1315 2407 1418 2461 sibi
1451 2407 1582 2473 vult)
1617 2417 1708 2462 aut
1741 2409 1806 2462 ad
1835 2411 2061 2464 satieta-

487 2504 593 2549 tem
619 2497 754 2551 bona
784 2498 1120 2564 suppeditata
1154 2498 1382 2563 habere;
1404 2509 1538 2553 aute
1564 2501 1734 2564 cmlis,
1755 2501 2060 2571 etdesuper

486 2587 738 2642 alimenta
775 2600 1144 2656 comportare;
1180 2598 1274 2642 aut
1309 2591 1360 2644 in
1394 2591 1657 2666 consiliis,
1688 2593 1770 2647 vel
1800 2593 1851 2646 in
1890 2596 2060 2648 actio-

486 2681 644 2735 nibus
688 2679 844 2750 dirigi
889 2694 1070 2748 posse.
1121 2680 1261 2736 Deus
1309 2683 1452 2736 enim
1505 2684 1743 2738 omnium
1796 2685 2056 2739 bonorum

488 2781 791 2825 nostrorum
839 2781 1185 2828 conservator
1217 2783 1271 2829 et
1304 2780 1500 2832 mentis
1546 2787 1740 2830 nostra:
1787 2779 2058 2847 guberna-

483 2863 662 2918 culum
695 2873 798 2918 est.

2162 1855 2312 1922 φησὶ,
2354 1851 2444 1904 καὶ
2482 1853 2542 1904 οὐ
2568 1852 2641 1921 μὴ
2663 1849 3036 1920 ὲμπλησθῶσι,
3077 1868 3093 1898 ι
3124 1849 3418 1908 τουτέστιν,
3449 1847 3605 1914 όλίγα
3634 1847 3734 1915 λή-

2160 1941 2348 2010 ψονται
2376 1943 2468 1993 καὶ
2499 1940 2672 2010 μόλις,
2713 1939 2806 1991 καὶ
2849 1939 2946 1990 ὅσα
2979 1938 3114 2006 πρὸς
3147 1937 3308 2008 κόρον
3351 1937 3448 1989 οὑκ
3487 1936 3732 2006 ἐξαρκεῖ.

2161 2032 2552 2085 Καταδεικνὺει
2586 2031 2641 2084 δὲ
2673 2031 2822 2083 οὐδὲν
2855 2026 3014 2102 ἦττον
3049 2029 3144 2082 xal.
3172 2030 3328 2081 τοῦτο
3369 2029 3468 2096 τῆς
3497 2029 3738 2098 ἀρχαίας

2161 2124 2338 2177 αὐτῶν
2383 2123 2546 2192 τιμῆς
2576 2121 2673 2192 τὴν
2712 2121 3052 2190 καθαίρεσιν,
3099 2121 3190 2172 καὶ
3223 2119 3323 2188 τῆς
3354 2119 3736 2190 προλαόούσης

2161 2216 2425 2286 εὐθυμίας
2474 2215 2573 2285 τὴν
2627 2213 2921 2282 ἀποϐολήν.
2980 2233 2997 2265 ι
3063 2211 3260 2282 Επειδὴ
3304 2210 3735 2284 πεπορνεύκασι,

2161 2306 2345 2374 φησὶν,
2389 2304 2449 2357 οὐ
2489 2304 2563 2374 μὴ
2607 2301 3060 2356 κατευθυνθῶσιν.
3091 2319 3108 2351 ι
3160 2301 3461 2370 Ἀμήχανον
3488 2301 3617 2370 γὰρ,
3654 2299 3738 2364 ὡς

2161 2399 2317 2468 ἔφην,
2371 2398 2496 2460 τοὺς
2534 2394 2942 2465 ἁποφοιτῶντας
2985 2393 3117 2446 Θεοῦ
3171 2393 3348 2463 (τοῦτο
3379 2393 3508 2463 γὰρ,
3552 2389 3733 2463 οῐμαι,

2161 2493 2251 2543 ἐπὶ
2273 2491 2332 2542 τὸ
2359 2489 2461 2559 τῆς
2497 2491 2694 2559 νοητῆς
2722 2487 2977 2559 πορνείας
3009 2485 3179 2556 ὄνομά
3201 2503 3257 2539 τε
3290 2486 3384 2540 καὶ
3416 2486 3664 2556 χρῆμα),
3693 2485 3731 2557 ἢ

2159 2583 2238 2644 εἰς
2284 2579 2444 2650 κόρον
2473 2579 2615 2650 ἔχειν
2636 2578 2732 2650 τὴν
2760 2578 2869 2631 τῶν
2895 2577 3112 2646 ἀγαθῶν
3133 2577 3416 2648 χορηγίαν,
3442 2577 3608 2646 ἤγουν
3639 2576 3738 2628 δύ-

2159 2671 2354 2725 νασθαι
2399 2670 2497 2733 τὰς
2543 2670 2600 2736 ἐξ
2632 2667 2876 2740 οὐρανῶν
2926 2668 3019 2720 καὶ
3057 2665 3262 2720 ἄνωθεν
3302 2664 3736 2735 συγκομίζεσθαι

2157 2763 2386 2833 τροφὰς,
2407 2761 2439 2832 ἢ
2463 2763 2522 2814 ὲν
2551 2761 2785 2831 βουλαῖς,
2815 2761 2848 2830 ἢ
2873 2761 2931 2811 ἐν
2964 2758 3252 2828 πράγμασι
3285 2755 3734 2811 κατευθύνεσθαι.

2158 2858 2289 2921 Θεὸς
2344 2856 2451 2930 γάρ
2505 2858 2650 2908 ἐστιν
2679 2857 2707 2907 ὁ
2741 2851 2939 2914 παντὸς
2990 2852 3119 2922 ἡμῖν
3153 2848 3356 2918 ἀγαθοῦ
3397 2848 3603 2920 Σωτὴρ,
3636 2847 3738 2901 καὶ

2158 2948 2256 3018 τῆς
2277 2947 2440 3019 οὔσης
2465 2949 2520 3000 ὲν
2558 2948 2686 3017 ἡμῖν
2713 2943 2949 3007 διανοίας
2973 2942 3034 2994 τὸ
3065 2943 3341 3011 πηδάλιον.

559 3038 666 3110 ’14
704 3039 862 3094 Vens.
909 3040 994 3094 Il.
1037 3036 1176 3105 Quia
1225 3041 1510 3097 Dominum
1555 3045 1960 3117 dereliquerunt,
2001 3059 2053 3104 ιιι

2229 3043 2383 3094 Διότι
2435 3038 2542 3092 τὸν
2598 3038 2814 3105 Κύριον
2864 3035 3275 3104 ἐγκατέλιπον,
3324 3031 3431 3086 τοῦ
3466 3032 3737 3101 φυλάξαι

488 3130 808 3183 custodirent
839 3131 1260 3198 fornicationem,
1305 3143 1354 3186 et
1403 3135 1596 3200 vinum,
1653 3146 1702 3190 et
1744 3140 1884 3208 quod
1951 3141 2054 3194 in-

489 3219 696 3274 ebriare
724 3231 908 3289 potest,
937 3223 1158 3290 suscepit
1185 3239 1275 3276 cor
1305 3224 1483 3291 populi
1514 3226 1633 3278 ntei.

561 3311 738 3366 XLIII.
777 3311 873 3368 Hic
899 3315 1120 3384 exponit
1155 3330 1367 3378 causas,
1407 3331 1576 3385 quare
1601 3332 1774 3388 neque
1802 3319 2056 3378 alimento

490 3404 798 3472 repleantur
847 3408 1181 3472 sacerdotes,
1242 3422 1415 3477 neque
1464 3409 1692 3476 amplius
1735 3411 2051 3482 dirigantur.

487 3495 748 3561 Quoniam
781 3497 921 3550 enim
971 3505 1025 3552 et
1057 3498 1156 3567 ipsi
1197 3513 1224 3552 a
1275 3499 1499 3555 Domino
1534 3501 1917 3568 discesserunt,
1971 3507 2054 3560 in-

487 3589 622 3657 quit,
653 3598 706 3642 et
739 3589 975 3658 magistri
1012 3605 1130 3643 cum
1164 3591 1465 3661 discipulis,
1499 3608 1618 3647 cum
1643 3596 1870 3650 subditis
1893 3613 2056 3666 penes

487 3694 620 3746 quos
647 3687 904 3748 potestas,
935 3691 988 3734 et
1008 3682 1100 3750 qui
1134 3681 1359 3736 aliorum
1385 3685 1548 3738 duces
1574 3695 1729 3740 erant
1757 3689 2056 3757 praecipites

487 3769 724 3835 fuerunt,
773 3771 977 3826 idcirco
1016 3771 1251 3827 divinam
1303 3775 1439 3829 iram
1483 3776 1626 3846 juste
1677 3781 1953 3845 subibunt,
2001 3792 2056 3836 et

485 3875 605 3928 qua:
631 3861 749 3916 sine
780 3861 884 3916 ﬁne
931 3873 1310 3930 peccaverunt,
1350 3879 1538 3920 eorum
1592 3882 1778 3937 premas
1824 3872 2057 3927 sustine-

486 3953 636 4006 bunt.
670 3969 689 4003 ι
728 3952 1109 4008 Custodierunt
1131 3955 1274 4009 enim
1308 3955 1738 4024 fornicationem,
1778 3980 1796 4013 ι
1831 3963 1929 4018 hoc
1946 3976 2050 4031 est,

484 4047 878 4112 ellecerunt,ut
901 4049 1094 4116 quibus
1121 4059 1406 4118 praeerant,
1445 4051 1498 4104 in
1534 4067 1719 4108 errore
1742 4068 2052 4125 manerent;

485 4139 699 4194 tametsi
731 4140 907 4208 potius
936 4153 1057 4193 eum
1101 4139 1334 4207 abjicere
1376 4150 1430 4196 et
1476 4145 1838 4201 exterminare
1888 4148 2053 4205 debe-

483 4232 633 4285 bant.
678 4229 1054 4299 Magistrorum
1098 4231 1240 4286 enim
1271 4232 1557 4302 vigilantia:
1581 4245 1682 4300 est,
1737 4239 1977 4295 studiose
2022 4257 2054 4297 e

481 4324 658 4378 medio
695 4338 969 4379 removere
1004 4325 1143 4393 quod
1186 4325 1381 4394 populo
1427 4327 1602 4391 obest,
1637 4338 1692 4383 et
1724 4333 1866 4399 quod
1917 4334 2054 4389 Deus

2158 3132 2461 3199 πορνείαν,
2497 3129 2593 3183 καὶ
2630 3127 2815 3195 οἶνον,
2859 3128 2955 3181 καὶ
2988 3127 3267 3197 μέθυσμα
3301 3125 3547 3190 ἐδέξατο
3591 3142 3740 3194 καρ-

2156 3223 2256 3277 δία
2286 3223 2439 3276 λαοῦ
2453 3240 2596 3290 μου.

2227 3315 2471 3376 ΜΓ’.Τὰ;
2494 3315 2672 3378 αἰτίας
2696 3312 2886 3367 ἐνθάδε
2909 3311 3166 3382 φησὶ,τοῦ
3188 3312 3323 3382 μήτε
3348 3312 3552 3382 τροφῆς
3568 3311 3743 3382 ἐμπί-

2157 3406 2412 3468 πλασθαι,
2452 3407 2588 3476 μήτε
2633 3406 2738 3478 μὴν
2787 3405 2864 3458 ἔτι
2905 3403 3328 3458 κατευθύνεσθαι
3361 3406 3486 3467 τοὺς
3527 3405 3743 3476 ἱερουρ-

2155 3496 2303 3566 γούς.
2347 3496 2562 3565 Ἐπειδὴ
2610 3495 2717 3566 γὰρ
2751 3494 3050 3566 ἀπῴχοντο,
3107 3495 3258 3566 φησι,
3296 3496 3389 3548 καὶ
3435 3497 3590 3548 αὐτοὶ
3637 3496 3742 3548 τοῦ

2156 3588 2383 3658 Κυρίου,
2442 3590 2536 3640 καὶ
2595 3585 2998 3640 συναπώλισοον
3053 3589 3166 3650 τοῖς
3223 3586 3630 3658 παιδευομένοις
3682 3590 3742 3642 οἱ

2157 3679 2458 3742 παιδευταί,
2495 3681 2606 3741 τοῖς
2634 3678 2736 3730 ὑπὸ
2772 3681 2927 3749 χεῖρα
2980 3679 3072 3732 καὶ
3121 3678 3364 3742 ἐξουσίαν
3393 3680 3440 3732 οἱ
3475 3683 3744 3750 καθηγεῖφ

2157 3771 2276 3823 σθαι
2297 3771 2568 3841 λαχόντες,
2609 3769 2864 3840 ταύτῃτοι
2903 3770 3123 3833 δικαίως
3168 3770 3272 3823 ὑπὸ
3329 3769 3476 3824 θείαν
3517 3771 3743 3828 ἔσονται

2159 3866 2407 3935 μήνισιν,
2442 3865 2535 3916 καὶ
2579 3864 2734 3927 δίκας
2777 3862 3030 3933 ὑφέξουσι
3072 3862 3180 3916 τῶν
3222 3864 3612 3934 ἁκαταλὴκτως
3649 3865 3742 3918 δι-

2157 3957 2550 4027 επταισμὲνων.
2587 3975 2604 4006 t
2632 3958 2980 4026 Τετηρήκασι
3029 3957 3137 4027 γὰρ
3184 3957 3458 4027 πορνείαν,
3523 3977 3540 4008 ι
3578 3973 3743 4008 τουτ-

2156 4049 2293 4111 έστι,
2338 4048 2606 4113 σώζεσθαι
2657 4048 3074 4120 παρεσκεύασαν
3129 4051 3240 4111 τοῖς
3270 4049 3378 4100 ὑπὸ
3421 4050 3579 4118 χεῖρα
3629 4047 3743 4114 τὴν

2155 4141 2439 4203 πλάνησιν,
2471 4141 2648 4194 καίτοι
2677 4139 2876 4211 μᾶλλον
2911 4139 3082 4210 αὐτὴν
3106 4139 3169 4191 ὲκ
3193 4139 3358 4210 μέσου
3382 4138 3742 4211 διαρρίπτειν

2155 4229 2248 4282 καὶ
2287 4229 2572 4298 ἀφανίζειν
2611 4230 2934 4298 ὀφείλοντες.
2981 4231 3324 4284 Διδασκάλων
3383 4231 3492 4301 γὰρ
3543 4230 3738 4300 νῆψις,

2153 4321 2214 4373 τὺ
2265 4320 2428 4383 λαοὺς
2451 4320 2678 4394 ’ἀδικοῦν
2718 4323 2780 4374 ἐκ
2814 4321 2980 4392 μέσου
3021 4320 3290 4375 ποιεῖσθαι
3336 4320 3424 4374 διὰ
3467 4322 3734 4393 σπουδῆς,

480 4415 612 4481 odit,
643 4415 759 4469 sine
785 4428 934 4469 mora
964 4414 1170 4469 tollere.
1207 4415 1361 4480 Quod
1395 4417 1438 4470 si
1467 4417 1644 4472 facere
1669 4420 2046 4488 abhorrentes,

2159 4413 2245 4465 καὶ
2279 4411 2354 4480 τῷ
2381 4411 2499 4482 Θεῷ
2527 4412 2794 4482 στυγητὴν
2831 4411 3095 4483 ἀμελλητὶ
3128 4411 3548 4483 καταστρέφειν.
3578 4413 3640 4465 Εἰ
3673 4414 3738 4468 δὲ

480 4521 702 4574 manere
730 4505 1143 4576 quodammodo,
1176 4512 1232 4558 et
1262 4504 1480 4558 retineri
1509 4521 1670 4574 opera
1699 4511 1900 4564 erroris
1925 4526 2049 4577 per-

480 4600 738 4664 mittunt,
790 4598 898 4652 imo
949 4603 1136 4650 contra
1192 4598 1369 4664 potius
1421 4599 1760 4664 conﬁrmant,
1818 4610 1946 4657 tunc
1993 4613 2050 4658 et

480 4706 635 4746 mens
667 4703 854 4745 eorum
879 4687 969 4756 qui
995 4687 1334 4754 erudiuntur,
1368 4697 1621 4756 tanquam
1657 4691 1836 4744 vinum
1864 4703 1918 4746 et
1970 4697 2051 4748 in-

478 4783 877 4838 ebriamentum
904 4779 1126 4833 omnino
1147 4777 1581 4846 suscipiet.Unde
1607 4781 1771 4847 enim,
1805 4794 1896 4836 aut
1917 4801 2049 4854 quo-

479 4875 640 4928 modo
684 4873 980 4943 vigilabunt
1029 4869 1301 4940 discipuli,
1353 4872 1653 4940 mentisque
1712 4875 1928 4928 oculum
1979 4879 2045 4930 ad

479 4978 606 5016 vere
633 4971 686 5015 et
713 4971 902 5017 natura
939 4961 1106 5017 Deum
1152 4961 1417 5032 aperient,
1464 4962 1508 5014 si
1547 4975 1641 5017 eos
1686 4963 1956 5035 padagogi
1994 4975 2049 5021 et

479 5055 893 5110 conducibilium
929 5054 1179 5109 doctores
1215 5055 1389 5107 adhuc
1419 5053 1485 5106 ad
1518 5067 1756 5108 errorem
1793 5058 2048 5112 corrobo-

479 5147 633 5202 rant?
673 5148 735 5200 Et
759 5147 862 5201 hoc
887 5155 990 5210 est,
1029 5147 1082 5200 ni
1118 5145 1294 5208 fallor,
1329 5146 1470 5214 quod
1511 5146 1650 5215 apud
1703 5145 1862 5200 alium
1916 5163 2044 5216 pro-

478 5238 694 5308 phetam
734 5236 959 5308 legimus
989 5249 1006 5290 :
1055 5253 1074 5286 ι
1106 5235 1429 5290 Sacerdotes
1465 5252 1568 5291 non
1614 5238 1864 5293 dixerunt
1893 5255 1906 5290 :
1941 5239 2042 5296 Ubi

477 5337 559 5383 est
590 5327 882 5382 Dominus?
914 5336 967 5380 et
991 5327 1080 5396 qui
1110 5326 1460 5382 adhaerebant
1487 5327 1586 5397 legi
1619 5343 1769 5393 meae,
1800 5346 1903 5386 non
1929 5345 2046 5385 crc-

478 5417 730 5476 diderunt
759 5417 813 5471 in
847 5431 953 5484 me,
997 5425 1053 5472 et
1093 5426 1340 5487 pastores
1375 5419 1537 5487 impie
1577 5430 1801 5490 egerunt
1839 5421 1889 5476 in
1939 5437 2042 5486 me,

474 5521 533 5569 et
565 5511 836 5582 propheta;
859 5511 1252 5580 prophetabant
1305 5509 1430 5566 Baal
1471 5513 1528 5579 ⁹;
1581 5531 1600 5566 ι
1657 5523 1712 5568 et
1758 5530 1968 5569 rursum
2027 5534 2042 5571 :

551 5689 572 5720 ⁸
600 5687 764 5746 Zach.
803 5704 864 5754 ιι,
892 5688 943 5742 6.
1019 5684 1172 5743 'Jcr.
1209 5701 1269 5756 Il,
1310 5687 1360 5742 8.
1551 5691 1592 5713 '

2148 4504 2214 4575 δὴ
2256 4503 2410 4557 τοῦτο
2456 4504 2588 4575 δρᾷν
2622 4505 2723 4557 οὑκ
2781 4505 3116 4575 ἀνεχόμενοι,
3165 4507 3346 4576 μένειν
3391 4505 3578 4576 ὥσπερ
3631 4509 3738 4562 καὶ

2152 4595 2419 4658 σώζεσθαι
2461 4596 2560 4665 τῆς
2592 4595 2908 4667 πλανήσεως
2942 4597 3079 4669 ἔργα
3124 4597 3498 4669 συγχωροῦσιν
3546 4599 3732 4666 αὐτοὶ,

2153 4687 2352 4758 μᾶλλον
2378 4688 2434 4740 δὲ
2463 4689 2557 4742 καὶ
2598 4691 2921 4744 συνιστῶσιν
2949 4693 3014 4746 ὲκ
3038 4692 3146 4745 τῶν
3181 4693 3458 4756 ἐναντίων,
3488 4693 3548 4744 τὸ
3577 4710 3738 4763 τηνι-

2149 4779 2276 4832 κάδε
2302 4779 2365 4850 δὴ
2402 4779 2619 4843 πάντως
2651 4777 2791 4835 οἶνον
2825 4781 3012 4853 ὥσπερ
3055 4801 3106 4836 τι
3156 4783 3247 4836 καὶ
3282 4783 3538 4853 μέθυσμα
3579 4784 3678 4837 καὶ
3702 4787 3738 4838 ὁ

2149 4872 2256 4926 τῶν
2278 4872 2806 4943 παιδαγωγουμένων
2846 4874 3147 4939 είσδὲξεται
3183 4874 3344 4936 νοῦς.
3383 4874 3554 4927 Πόθεν
3591 4855 3762 4946 γὰρ,ί

2149 4965 2182 5036 ἢ
2224 4964 2339 5029 πῶς
2364 4965 2430 5020 ἂν
2454 4965 2609 5036 ἔσχον
2639 4967 2828 5038 νήφειν
2859 4968 2910 5020 οἱ
2933 4967 3191 5037 μαθηταὶ,
3223 4968 3320 5020 καὶ
3361 4965 3733 5033 διανοιγνύναι

2151 5055 2408 5109 δύνασθαι
2453 5058 2553 5127 τῆς
2586 5057 2826 5121 διανοίας
2856 5057 2946 5111 τὸν
2975 5056 3249 5126 ὀφθαλμὸν
3294 5057 3429 5126 πρὸς
3458 5057 3550 5110 τὸν
3599 5057 3736 5129 ἁλη-

2151 5144 2258 5208 θῶς
2313 5147 2407 5198 καὶ
2460 5147 2618 5215 φύσει
2654 5147 2806 5211 Θεὸν,
2859 5148 3016 5216 εἴπερ
3049 5147 3244 5208 αὐτοὺς
3281 5147 3333 5198 οἱ
3365 5147 3727 5216 παιδαγωγοὶ,

2151 5236 2364 5290 καὶτῶν
2385 5238 2771 5309 συμφερόντων
2793 5237 3080 5308 εἰσηγηταὶ
3101 5237 3195 5290 καὶ
3219 5254 3385 5310 προσε
3395 5239 3734 5308 μπαιδεύουο

2152 5346 2236 5382 σιν
2263 5328 2343 5381 ἔτι
2393 5328 2528 5400 πρὸς
2562 5329 2623 5381 τὸ
2670 5327 2970 5382 πλανᾶσθαι
3002 5327 3146 5393 δεῖν;
3177 5329 3286 5382 Καὶ
3328 5329 3503 5396 τοῦτο,
3541 5326 3725 5401 οἶμαι,

2149 5422 2265 5474 ἐστὶ
2286 5421 2348 5474 τὸ
2379 5421 2447 5475 δι’
2489 5422 2676 5494 ἑτέρου
2715 5422 2993 5492 προφήτου
3031 5423 3216 5490 σαφῶς
3261 5424 3569 5496 εἰρημένον·
3603 5442 3622 5475 ι
3656 5428 3725 5479 Οί

2153 5515 2315 5585 ἱερεῖς
2340 5514 2439 5567 οὐκ
2463 5509 2642 5567 εἶπαν·
2678 5513 2786 5566 Ποῦ
2810 5512 2922 5566 ἐστι
2948 5514 3186 5584 Κύριος;
3211 5516 3320 5570 Καὶ
3346 5518 3396 5570 ot
3425 5516 3728 5586 ἀντεχόμε-
