4002 6220
311 301 405 357 ιεο

1220 298 1773 355 COMMENTARIUS
1818 296 1880 351 IN
1925 295 2153 350 OSEMI
2197 296 2640 354 PROI’HETAM.

3470 310 3571 366 150

311 444 380 477 mg
414 423 508 476 τοῦ
540 423 709 494 νόμου
742 441 844 494 μου
873 423 975 477 οὐκ
1009 424 1306 493 ἠπίσταντό
1325 445 1411 498 με.
1437 430 1546 483 Καὶ
1568 433 1616 482 οἱ
1645 429 1895 500 ποιμένες

2007 446 2025 478 ι
2068 428 2186 483 Filii
2229 432 2354 494 mei,
2387 442 2440 486 ct
2469 447 2597 488 oves
2644 446 2774 490 mea:
2816 450 2922 491 non
2965 447 3112 504 sunt,
3165 454 3272 496 non
3304 447 3384 496 est
3419 437 3572 491 locus

311 516 582 585 ὴσέϐησαν
610 517 692 578 είς
719 515 842 586 ἐμὲ
879 516 978 567 καὶ
1021 516 1071 566 oi.
1105 518 1382 587 προφῆται
1426 522 1796 590 προεφήτευον
1821 522 1889 590 τῇ

310 609 470 661 Βάαλ.
498 627 518 659 ι
555 609 667 661 Καὶ
701 607 898 660 πάλιν·
939 626 957 659 ι
995 608 1056 660 Ol
1100 609 1204 660 υἱοί
1254 626 1355 678 μου
1407 613 1502 663 καὶ
1534 613 1601 664 τὰ
1642 611 1892 681 πρόϐατά

310 716 405 766 μου
431 699 534 750 οὐκ
561 698 721 761 εἰσιν,
747 697 848 749 οὐκ
879 695 996 748 ἐστι
1024 696 1185 760 τόπος
1213 699 1313 767 τῆς
1346 700 1549 770 σκηνῆς
1578 717 1702 770 μου,
1731 701 1892 762 τόπος

2001 525 2216 578 tcntorii
2251 527 2376 591 mei,
2413 526 2563 584 locus
2586 529 2801 597 pellium
2842 547 3113 598 mearum;
3151 536 3276 603 quia
3324 540 3573 604 pastores

1998 616 2160 669 stulte
2189 629 2434 687 egerunt,
2465 629 2519 672 et
2551 617 2830 676 Dominu'm
2861 638 2965 678 non
2998 627 3388 694 exquisierunl.
3432 621 3570 676 Pro-

2000 718 2118 776 pter
2135 710 2234 762 hoc
2249 725 2351 764 non
2367 711 2811 768 intellexitomnis
2828 730 2979 783 grex,
2997 726 3050 770 et
3066 717 3291 786 dispersi
3310 727 3434 770 sunt
3453 715 3516 767 ¹⁰.
3543 730 3563 764 ι

308 789 408 840 τῶν
437 787 674 860 δὲρῤεὼν
702 806 827 858 μου.
862 789 984 841 Ὅτι
1031 789 1287 859 ποιμένες
1326 791 1750 862 ὴφρονεύσαντο,
1798 796 1892 848 καὶ
1929 799 2019 854 τὸν
2057 801 2265 872 Κύριον
2325 805 2425 857 οὐκ
2489 803 2838 877 ἐξεζήτησαν.
2889 808 2988 862 Διὰ
3021 810 3180 863 τοῦτο
3228 809 3326 864 οὐκ
3377 808 3568 876 ἐνόησε

308 884 454 934 πᾶσα
476 883 512 950 ὴ
543 879 703 951 νομὴ,
742 881 837 932 καὶ
858 881 1376 952 διεσκορπίσθησαν.
1411 901 1430 932 ι

385 1017 482 1066 Ἐν
513 1015 844 1082 συμϐόλοις
870 1015 1206 1084 ἐπηρώτων,
1257 1016 1358 1071 καὶ
1394 1017 1464 1071 ἐν
1501 1018 1748 1086 ῥάϐδοις
1793 1021 1894 1073 αὐ·
1924 1057 1933 1068 .

304 1105 426 1159 τῶν
452 1105 847 1176 ἀπήγγελλον
862 1107 1039 1172 αὐτῷ.

373 1245 505 1296 ΜΔΕ
548 1244 680 1296 Τίνα
723 1244 926 1314 τρόπον
960 1246 1378 1300 καταλελοίπασι
1411 1247 1508 1317 μὲν
1539 1247 1630 1300 τὸν
1659 1247 1884 1320 Κύριον,

301 1336 640 1403 τετηρήκασι
692 1335 747 1388 δὲ
803 1337 904 1406 τὴν
947 1338 1228 1407 πορνείαν,
1264 1338 1585 1409 καθίστησιν
1631 1341 1884 1410 ἐναργές.

302 1426 648 1494 Συνθελητὴν
689 1426 797 1496 γὰρ
817 1430 929 1490 τοῖς
951 1427 1320 1498 πλανωμένοις
1344 1429 1634 1498 ἀποφαίνει
1650 1430 1740 1483 τὸν
1761 1449 1892 1484 παι-

299 1519 494 1588 ἰευτήν
515 1535 529 1546 ο
557 1518 652 1570 καὶ
667 1517 763 1581 οὓς
787 1515 854 1589 ἦν
879 1520 1043 1584 είκὺς,
1067 1521 1264 1591 μᾶλλον
1284 1522 1339 1574 δὲ
1362 1523 1459 1593 ἤδη
1479 1524 1570 1575 καὶ
1591 1524 1887 1590 ἀναγκαῖον

300 1612 414 1670 τοῖς
444 1609 612 1671 θείοις
649 1609 879 1662 ἔπεσθαι
901 1611 1104 1680 νόμοις,
1133 1613 1226 1665 καὶ
1246 1613 1602 1682 ἀποκομίζειν
1625 1617 1704 1677 εἰς
1731 1613 1887 1667 τοῦτο

2071 1023 2234 1081 Vsus.
2267 1027 2352 1081 I2.
2388 1027 2453 1081 In
2485 1031 2733 1099 symbolis
2772 1033 3180 1102 interrogabant,
3223 1043 3269 1086 et
3307 1035 3358 1087 in
3406 1035 3563 1104 virgis

1993 1122 2104 1173 suis
2131 1123 2514 1176 annuntiabant
2548 1125 2594 1177 ei

2068 1250 2256 1305 XLIV.
2291 1252 2534 1319 Quonam
2568 1262 2726 1308 modo
2758 1253 3042 1310 Dominum
3087 1254 3416 1323 reliquerint,
3452 1255 3563 1312 for-

1990 1344 2314 1401 nicationem
2357 1357 2542 1401 autem
2587 1348 2959 1412 custodierint,
2993 1347 3275 1402 manifeste
3307 1349 3562 1404 ostendit.

1994 1435 2363 1492 lnstitutorem
2397 1439 2541 1493 enim
2573 1455 2692 1493 cum
2727 1439 2962 1494 seductis
3002 1439 3342 1510 conspirasse
3385 1440 3562 1492 docet.

1992 1525 2059 1580 Et
2084 1543 2218 1596 quos
2246 1541 2690 1596 consentaneum,
2723 1530 2806 1586 vel
2846 1530 3023 1598 potius
3050 1531 3416 1584 necessarium
3446 1539 3566 1584 erat

1992 1617 2202 1673 divinas
2237 1619 2380 1689 leges
2423 1622 2598 1688 sequi,
2643 1629 2696 1674 et
2728 1635 2793 1676 eo
2822 1620 3092 1688 subjectos
3120 1622 3406 1686 adducere,
3442 1622 3562 1686 bos,

301 1702 427 1762 τοὺς
454 1699 920 1771 ύπεζευγμὲνους,
937 1701 1176 1769 τούτους,
1194 1703 1270 1766 ὠς
1291 1702 1448 1772 ἔφην,
1470 1703 1539 1757 τὰ
1559 1704 1657 1774 τῆς
1680 1704 1886 1772 πλάνης

1999 1718 2049 1765 ut
2072 1712 2202 1777 dixi,
2234 1711 2562 1766 seductiouis
2590 1711 2798 1780 piacula
2837 1713 3178 1766 committere
3215 1715 3429 1782 planum
3481 1710 3564 1764 t'a-

298 1792 648 1860 πληροῦντας
698 1793 1021 1864 ἐγκλήματα
1056 1794 1324 1848 δείκνυσιν
1371 1795 1637 1868 ἐναργῶς.
1680 1798 1887 1869 ’ῌεσαν

300 1881 400 1951 μὲν
457 1881 571 1952 γὰρ
601 1881 736 1952 πρὸς
772 1881 970 1947 αὐτούς
1016 1901 1181 1949 τινες,
1240 1884 1532 1956 μανθάνειν
1585 1885 1880 1954 ἐθέλοντες,

295 1973 618 2043 φησιν,ἧτοι
642 1973 709 2027 τὰ
740 1975 972 2045 ἐσόμενα
987 1975 1169 2046 τυχὸν,
1196 1976 1362 2046 ῆγουν
1387 1976 1455 2029 τὰ
1488 1977 1607 2030 καθ’
1637 1978 1884 2043 ἑαυτοὺς,

299 2064 393 2115 καὶ
419 2066 478 2116 ἐν
507 2061 593 2125 οἷς
621 2064 688 2118 ἂν
717 2061 828 2118 εἷεν
862 2067 1090 2135 καιροῖς,
1123 2066 1156 2136 ἢ
1189 2067 1529 2137 πράγμασιν.
1572 2068 1634 2120 Oi
1669 2067 1725 2120 δὲ
1763 2068 1888 2131 τοὺς

297 2157 629 2226 προσιόντας
667 2159 858 2222 αὐτοῖς
901 2159 1084 2212 οὐκέτι
1107 2158 1259 2230 παρὰ
1285 2159 1420 2212 Θεοῦ
1457 2159 1526 2214 τὰ
1554 2159 1730 2214 τοιάδε
1766 2159 1887 2230 βού-

297 2248 486 2300 λεσθαι
522 2249 703 2319 ζητεῖν
720 2251 1112 2314 δυσσεϐοὖντες
1145 2249 1448 2312 ἀνέπειθον,
1472 2250 1586 2304 ἀλλ’
1610 2253 1667 2304 ἐν
1688 2251 1890 2322 συμϐό-

303 2340 420 2402 ὶοις
487 2340 812 2411 ἐπηρώτων,
849 2342 1115 2405 τουτέστι,
1163 2342 1250 2396 διὰ
1296 2343 1539 2413 σημείων
1591 2344 1752 2397 τινῶν
1794 2344 1889 2398 καὶ

300 2433 684 2501 ἐπιτηρήσεων
711 2432 860 2501 παρὰ
893 2432 1001 2484 τῶν
1027 2432 1353 2504 ἀκαθάρτων
1385 2434 1710 2503 πνευμάτων
1751 2450 1888 2504 μαν-

303 2521 485 2575 θάνειν
521 2524 766 2592 ἐζήτουν.
811 2524 1078 2595 Καθάπερ
1107 2524 1297 2594 ἀμέλει
1331 2525 1424 2577 καὶ
1457 2525 1683 2596 Βαλαὰμ
1723 2543 1888 2579 κατα-

303 2614 664 2681 μαντεύεσθαί
702 2631 832 2668 ποτε
883 2615 992 2668 τῶν
1036 2617 1093 2682 ἐξ
1134 2615 1348 2687 Ἰσραὴλ
1393 2618 1698 2687 ἐπεχείρειο
1733 2617 1891 2671 τοῦτο

305 2706 411 2772 γὰρ
438 2705 657 2758 ἐκέλευε
684 2706 817 2776 δρᾷν
849 2706 1034 2760 Βαλὰκ
1065 2707 1176 2770 υίὸς
1202 2706 1376 2778 Βεώρ.
1406 2707 1466 2759 Ὀ
1492 2707 1567 2772 δὲ,
1611 2729 1627 2759 ι
1662 2709 1892 2778 Ποίησον

302 2814 417 2865 μοι,
459 2816 478 2848 ι
522 2798 706 2867 φησὶν,
749 2817 767 2849 ι
802 2790 904 2851 ὧδε
948 2797 1088 2851 ἑπτὰ
1136 2797 1374 2869 βωμοὺς,
1424 2800 1519 2851 καὶ
1563 2801 1765 2869 σφάξον
1802 2817 1890 2871 μοι

301 2890 444 2940 ἐτττὰ
508 2890 764 2959 μόσχους,
821 2891 917 2942 καὶ
962 2891 1102 2944 ἐπτὰ
1145 2892 1353 2961 κριοὺς,
1404 2895 1499 2946 καὶ
1551 2892 1890 2963 πορεύσομαι

303 2978 592 3032 κατέναντι
616 2980 724 3031 τῶν
755 2979 982 3035 οἰωνῶν.
1021 3001 1038 3034 ι
1073 2982 1142 3034 Ἢ
1165 2983 1274 3053 γὰρ
1307 2983 1433 3046 τοὺς
1478 2984 1725 3054 καρποὺς
1767 2983 1891 3046 τοὺς

1992 1802 2086 1856 cit.
2118 1801 2297 1856 lerant
2325 1803 2468 1856 enim
2497 1803 2636 1872 apud
2667 1817 2759 1858 eos
2789 1802 3029 1872 quidam,
3067 1803 3262 1872 inquit,
3304 1811 3564 1857 eventura

1995 1897 2242 1959 fortasse,
2268 1895 2373 1964 75
2405 1904 2496 1948 aut
2524 1895 2625 1950 sibi
2652 1894 2828 1948 futura
2857 1895 3098 1948 volentes
3121 1907 3470 1963 cognoscere,
3510 1901 3565 1946 et

1993 1985 2047 2038 in
2083 2001 2202 2054 quae
2234 1994 2499 2054 tempora,
2533 1994 2624 2039 aut
2672 1999 2851 2039 rerum
2894 1991 3088 2039 statum
3137 1982 3388 2037 devenire
3435 1996 3561 2049 pos-

1992 2084 2133 2132 sent.
2167 2076 2244 2130 Illi
2276 2091 2404 2131 vero
2435 2077 2499 2130 ad
2535 2091 2594 2131 se
2622 2074 2942 2131 adeuntibus
2985 2089 3088 2128 non
3129 2071 3260 2140 jam,
3284 2081 3344 2126 ut
3385 2087 3414 2125 a
3455 2072 3564 2125 Deo

1995 2166 2297 2234 huiusmodi
2348 2167 2717 2235 exquirerent,
2765 2165 2928 2236 impie
2975 2165 3306 2231 suadebant;
3371 2163 3463 2217 sed
3511 2163 3562 2216 in

1995 2257 2256 2328 symbolis
2285 2257 2712 2325 interrogabant,
2747 2256 2850 2310 hoc
2880 2264 2981 2319 est,
3017 2269 3113 2324 per
3139 2253 3289 2323 signa
3321 2251 3565 2320 quaedam

1994 2359 2048 2404 et
2071 2348 2480 2404 observationes
2511 2348 2580 2402 ab
2607 2347 2832 2416 impuris
2865 2345 3144 2416 spiritibus
3173 2345 3379 2398 discere
3403 2356 3567 2395 cona-

1996 2441 2223 2502 bantur;
2251 2437 2389 2493 sicut
2415 2447 2467 2490 et
2494 2436 2710 2492 Balaam
2738 2437 3025 2505 aliquando
3073 2436 3355 2488 adversum
3397 2431 3564 2486 Israel

1999 2530 2309 2584 vaticinium
2366 2529 2642 2590 tentabat;
2697 2529 2746 2582 id
2791 2530 2934 2582 enim
2992 2527 3170 2581 facere
3215 2525 3376 2578 Balac
3425 2524 3566 2576 filius

1997 2618 2132 2672 Beor
2161 2619 2446 2688 jubebat.c
2485 2618 2740 2681 Exstrue,
2789 2619 2983 2685 inquit,
3041 2617 3167 2670 mihi
3222 2617 3310 2669 hic
3360 2626 3564 2682 septem

1997 2725 2142 2772 aras,
2173 2719 2224 2764 et
2261 2719 2433 2762 macta
2463 2710 2589 2762 mihi
2615 2719 2816 2777 septem
2853 2707 3069 2773 vitulos,
3094 2717 3146 2761 et
3189 2717 3393 2772 septem
3427 2706 3566 2760 arie-

1997 2807 2098 2864 tes,
2135 2809 2188 2855 et
2217 2800 2444 2868 captabo
2475 2801 2757 2869 augurium
2801 2799 2866 2853 “.
2905 2817 2924 2851 ι
2974 2799 3081 2851 Aut
3126 2799 3267 2850 enim
3311 2797 3493 2865 l'ruges
3535 2812 3566 2850 e

1997 2893 2169 2948 Sucris
2196 2890 2327 2945 focis
2355 2890 2666 2951 exsilientes
2711 2890 3148 2953 considerabant,
3194 2902 3300 2956 quo
3339 2897 3395 2942 et
3430 2901 3567 2956 quo-

2025 2983 2158 3038 mdo
2185 2981 2526 3050 prosilirent;
2575 2991 2664 3035 aut
2709 2981 3090 3052 palpitationes
3141 2979 3400 3050 jecinoris
3445 2994 3567 3048 spe-

303 3072 368 3122 ἐκ
431 3070 541 3122 τῶν
606 3069 806 3123 θυσιῶν
870 3071 1321 3142 ἀναθρώσκοντας
1399 3072 1890 3134 κατασκέπτονται,

1999 3073 2318 3128 culabantur
2345 3073 2564 3137 miseri;
2605 3083 2698 3127 aut
2731 3083 2877 3128 certe
2908 3073 3116 3128 volatus
3143 3074 3320 3127 avium
3355 3073 3568 3126 curiose

304 3164 410 3232 Ξπη
433 3179 495 3214 τε
521 3163 614 3214 καὶ
635 3164 806 3226 ὅπως,
839 3162 974 3232 ὑψοῦ
1006 3182 1064 3216 τε
1093 3166 1186 3219 καὶ
1212 3165 1322 3218 ἄνω
1345 3165 1679 3218 διάττουσιν·
1709 3164 1741 3231 ἣ
1769 3164 1894 3227 τοὺς

304 3254 362 3304 ὲν
414 3254 588 3323 ἥπατι
677 3254 1028 3325 σφαδασμοὺς
1089 3255 1476 3327 περιαθροῦσιν
1529 3257 1578 3307 oi
1638 3255 1889 3308 δείλαιοι·

303 3348 473 3418 ἦγουν
505 3347 606 3409 τάς
643 3348 701 3413 ἐξ
738 3348 946 3401 οἰωνῶν
970 3349 1425 3420 περιεργάζονται
1466 3350 1714 3419 πτήσεις.
1759 3349 1896 3400 Οἰω-

305 3439 594 3491 νοσκοπίαι
626 3439 704 3499 δὲ,
741 3441 836 3492 καὶ
879 3440 1133 3511 μαντικὴ,
1193 3441 1287 3492 και⁵
1339 3440 1516 3493 τοιάδε
1568 3439 1676 3492 τῶν
1709 3438 1894 3491 κακῶν

306 3531 406 3599 τῆς
432 3533 513 3592 εἰς
543 3530 700 3599 λῆξιν
723 3530 960 3601 ἡκούσης
999 3530 1317 3592 δυσσεϐείας
1339 3529 1682 3600 ἐγκλήματα,
1707 3530 1802 3581 καὶ
1831 3530 1890 3583 ἐν

308 3625 417 3686 τοῖς
447 3622 785 3686 κατωτάτοις
810 3623 910 3693 τῆς
944 3621 1382 3692 είδωλολατρείας
1403 3621 1652 3691 ἔρχονται
1677 3621 1886 3690 μυχοῖς.

317 3735 335 3764 ι
377 3716 486 3768 Καὶ
519 3718 579 3768 ἐν
605 3715 822 3784 ῥάϐδοις
849 3715 1025 3769 αὐτῶν
1058 3713 1397 3785 ἀπήγγελλον
1424 3714 1592 3783 αὐτῷ.
1623 3733 1640 3764 ι
1689 3713 1899 3781 Ἀφικο-

320 3807 520 3872 μένοις,
546 3807 702 3876 φησι,
730 3806 867 3876 πρὸς
885 3807 1080 3868 αὐτοὺς
1104 3807 1216 3868 τοῖς
1241 3805 1302 3868 ἐξ
1337 3803 1571 3874 Ἰσραὴλ,
1595 3802 1757 3856 καίτι
1788 3803 1896 3855 τῶν

319 3896 458 3946 ἰδίων
482 3896 738 3949 διειδέναι
778 3895 1189 3958 σπουδάζουσιν,
1224 3895 1345 3965 οὐχὶ
1397 3893 1556 3963 μόνον
1594 3895 1652 3945 ἐν
1693 3891 1897 3962 συμϐό-

314 3995 441 4051 λοις,
473 3988 611 4040 ἀλλὰ
658 3989 750 4039 καὶ
777 3991 834 4040 ἐν
867 3986 1081 4056 ῥάϐδοις
1114 3986 1292 4040 αὐτῶν
1322 3984 1659 4055 ἀπήγγελλον
1692 3984 1894 4045 αὐτοῖς.

312 4079 525 4142 Τρόπκ
572 4078 630 4131 δὲ
674 4072 829 4140 οὗτος
879 4079 1096 4148 ἀπάτης
1141 4077 1348 4147 ἕτερος,
1408 4073 1801 4146 ραὄδομαντεία
1836 4073 1898 4126 τὸ

313 4173 521 4242 γρῆμα,
555 4171 650 4224 καὶ
678 4170 889 4241 εὖρεμά
913 4188 1014 4223 που
1037 4171 1177 4240 τάχα
1221 4171 1316 4238 τῆς
1349 4168 1632 4222 Χαλδαίων
1675 4183 1897 4236 περιερ-
1953 4209 1956 4214 ,

311 4262 454 4329 γίας.
513 4261 968 4330 Κατεμαντεύετο
1015 4260 1124 4332 γὰρ
1165 4260 1338 4323 οὓτως
1390 4259 1491 4328 τῆς
1547 4256 1900 4328 Ἰερουσαλὴμ

315 4351 805 4421 Ναϐουχοδονόσορ,
870 4352 1015 4404 καθὰ
1063 4353 1157 4404 καὶ
1205 4353 1232 4404 ό
1282 4351 1565 4408 θεσπέσιος
1619 4348 1899 4416 προφήτης

1995 3167 2377 3221 observabant.
2409 3167 2659 3235 Auspicia
2691 3181 2870 3234 porro,
2905 3178 2959 3219 et
2991 3165 3337 3230 divinatoria,
3379 3175 3430 3219 et
3464 3165 3565 3219 bu-

1991 3256 2290 3323 jnscemodi
2337 3255 2492 3320 mala,
2526 3256 2753 3310 crimina
2789 3255 3083 3322 impietatis
3125 3264 3270 3319 sunt,
3308 3265 3360 3308 et
3393 3269 3454 3308 cx
3486 3255 3567 3308 in-

1997 3346 2142 3399 limis
2194 3343 2510 3399 idololatria
2561 3343 2858 3396 visceribus
2902 3349 3246 3411 promanant.
3308 3358 3327 3390 ι
3389 3339 3453 3392 Ει
3510 3340 3563 3392 in

1995 3438 2163 3507 virgis
2188 3437 2301 3491 suis
2327 3434 2720 3488 annuntiabant
2767 3432 2838 3486 ei.
2894 3451 2914 3484 ι
2979 3429 3326 3484 Venientibns
3391 3430 3455 3482 ad
3507 3443 3566 3482 se

1996 3527 2274 3590 lsraelitis,
2331 3525 2526 3594 inquit,
2563 3533 2615 3576 et
2661 3521 2861 3591 aliquid
2899 3532 3118 3575 suarum
3177 3535 3363 3575 rerum
3410 3535 3566 3574 nosse

1997 3618 2351 3680 studentibus,
2381 3631 2485 3669 non
2529 3614 2686 3668 modo
2727 3614 2777 3667 in
2813 3612 3094 3683 symbolis,
3150 3610 3244 3666 sed
3299 3613 3459 3665 etiam
3512 3611 3563 3663 iu

1996 3707 2162 3776 virgis
2190 3706 2424 3775 ipsorum
2455 3702 2845 3757 annuntiabant
2875 3701 2974 3757 eis.
3004 3700 3100 3754 Est
3132 3699 3218 3754 hic
3246 3699 3383 3754 alter
3414 3699 3568 3753 falla-

1998 3799 2096 3853 cia:
2127 3799 2335 3860 modus,
2369 3797 2630 3851 divinatio
2665 3809 2760 3864 per
2803 3794 2998 3862 virgas,
3050 3801 3104 3847 et
3159 3791 3456 3856 inventum,
3511 3791 3565 3844 ni

2000 3889 2173 3953 fallor,
2204 3886 2508 3940 Chaldaicze
2537 3884 2887 3937 curiositatis.
2923 3881 3013 3935 Sic
3057 3881 3200 3935 enim
3245 3889 3431 3935 contra
3476 3879 3567 3934 Je-

2000 3980 2232 4034 rusalem
2263 3978 2538 4031 divinabat
2565 3975 3060 4028 Nabuchodonosor
3089 3973 3153 4036 “,
3177 3974 3314 4027 sicut
3347 3982 3398 4025 et
3431 3971 3568 4024 divi-

2000 4086 2100 4124 nus
2129 4071 2389 4138 prapheta
2418 4065 2665 4120 Ezechiel
2719 4073 2965 4118 testatur.
3015 4061 3154 4114 Duas
3195 4061 3336 4114 enim
3389 4059 3566 4127 virgas

2000 4169 2319 4219 statuentes,
2375 4156 2569 4209 deinde
2613 4154 2828 4207 arcanis
2882 4151 3200 4220 quibusdam
3244 4149 3420 4204 verbis
3472 4163 3566 4201 eas

2003 4250 2363 4304 incantantes,
2392 4254 2450 4296 ut
2477 4253 2665 4310 agente
2704 4239 2916 4294 diabolo
2968 4237 3328 4306 prociderent,
3372 4246 3425 4289 et
3476 4251 3566 4288 ca-

2004 4339 2192 4391 dentes
2223 4349 2434 4388 rursum
2459 4332 2834 4393 observabant,
2873 4336 3052 4381 utrum
3089 4340 3341 4394 prorsum
3368 4339 3432 4378 an
3483 4341 3568 4376 re-

315 4442 479 4510 φιςσὶν
539 4441 818 4510 Ἰεζεχιήλ.
875 4440 979 4492 Δύο
1037 4442 1143 4510 γὰρ
1190 4439 1436 4499 ἱστάντες
1487 4436 1733 4505 ῥάϐδους,
1780 4429 1895 4485 εἷτά

2005 4441 2259 4489 trorsum,
2292 4430 2340 4480 in
2373 4427 2622 4480 dextrum
2677 4440 2742 4477 an
2774 4423 2826 4476 in
2858 4422 3136 4476 sinistrum
3163 4418 3458 4472 ferrentur.
3481 4415 3571 4469 Sic

317 4548 438 4583 τινα
485 4532 593 4583 τῶν
618 4533 948 4601 ἀπορρήτων
969 4531 1150 4592 αὐτοῖς
1185 4528 1600 4598 κατεπᾴδοντες,
1638 4523 1897 4577 κατακλί-

321 4623 504 4675 νεσθαι
538 4620 1090 4693 παρεσκεύαζονταῖς
1109 4620 1212 4674 τῶν
1239 4619 1527 4690 δαιμονίων
1569 4615 1891 4686 ἐνεργείαις.

321 4713 424 4765 Καὶ
456 4712 760 4775 πιπτούσας
808 4713 1106 4781 ἐπετήρουν
1134 4711 1256 4763 ὅποι
1299 4708 1546 4778 φέροιντο
1578 4704 1760 4766 πάλιν,
1802 4703 1897 4754 πόα

319 4821 470 4873 τερον
507 4803 636 4854 εύθὺ
684 4804 716 4872 ἢ
769 4802 981 4864 ἀνόπιν,
1032 4801 1111 4862 εἰς
1171 4797 1404 4866 δεξιὸνῆ
1462 4797 1540 4858 είς
1595 4792 1894 4860 εὐώνυμον.

318 4894 471 4946 Οὕτω
498 4911 556 4944 τε
581 4893 767 4945 λοιπὸν
788 4893 846 4945 τὸ
865 4893 1053 4944 δοκοῦν
1073 4893 1182 4953 τοῖς
1205 4887 1515 4957 προσιοῦσιν
1534 4882 1894 4954 ἀπήγγελλον.

319 4985 486 5037 Τοῦτό
520 4985 638 5037 ἐστι
686 4987 746 5037 τὸ
772 5025 786 5051 ,
830 5003 848 5036 ι
873 4984 962 5036 Ἐν
994 4983 1210 5054 ῥάϐδοις
1249 4978 1640 5051 ἀπήγγελλον.»
1676 4975 1900 5027 Πάνδει-

320 5093 407 5129 νον
442 5073 535 5128 οὖν
565 5075 802 5145 ἀληθῶς,
839 5075 1052 5128 ὅτιτῶν
1098 5073 1271 5128 ἄλλων
1317 5072 1363 5123 οἱ
1418 5066 1772 5135 παιδαγωγοὶ,
1808 5065 1900 5117 καὶ

318 5168 454 5238 πρὸς
478 5170 540 5222 τὸ
575 5170 652 5239 τῷ
674 5169 793 5240 Θεῷ
817 5169 965 5238 φίλον
1008 5165 1364 5240 ἀποκομίζειν
1387 5159 1489 5215 οἷοί
1527 5177 1607 5225 τε,
1641 5159 1733 5213 καὶ
1765 5157 1899 5210 πλα-

320 5261 510 5313 νᾶσθαι
563 5259 998 5331 παρεσκεύαζον,
1068 5258 1162 5312 καὶ
1303 5270 1466 5324 φησιν
1514 5253 1542 5304 ὁ
1601 5251 1904 5319 προφήτης,

326 5351 563 5404 ιΜανίαν
606 5355 665 5404 ὲν
695 5353 831 5422 οἴκῳ
861 5351 1067 5421 Κυρίου
1106 5347 1441 5416 κατέπηξαν.
1485 5361 1503 5394 ι
1538 5341 1751 5395 Μανίαν
1798 5337 1906 5406 γάρ

323 5457 454 5509 φησι
480 5443 576 5513 τὴν
602 5443 1051 5512 ψευδομαντείαν.
1094 5437 1507 5509 ’Υποκρίνονται
1532 5432 1638 5504 γὰρ
1669 5433 1717 5483 οἱ
1741 5426 1910 5481 τοιοῦο

321 5534 553 5605 τοιδρᾷν
574 5535 847 5597 εἰωθότες,
877 5533 1011 5605 μηδέ
1056 5531 1251 5585 εἰδέναι
1277 5527 1481 5592 λοιπὸν,
1516 5521 1746 5591 ὅποιπερ
1779 5520 1904 5572 εἰσι.

401 5708 444 5739 ’⁸
470 5707 578 5762 Jer.
614 5725 663 5777 ν,
698 5711 788 5774 9.0,
829 5711 892 5764 ει
1001 5710 1040 5741 ⁸³
1070 5709 1224 5763 Num.
1255 5721 1411 5771 χχιιι,
1452 5704 1500 5760 1.

1579 5704 1622 5733 ¹¹
1660 5699 1853 5753 Ezech.
1890 5709 2001 5758 XXI,
2035 5692 2253 5762 passim.

2005 4520 2254 4588 deinceps
2291 4519 2430 4586 quod
2467 4516 2573 4569 illis
2620 4515 2865 4584 placebat
2913 4510 3294 4566 accedentibus
3351 4509 3568 4562 nuntia-

2003 4611 2150 4664 bant.
2186 4609 2297 4664 IIoc
2327 4608 2425 4664 sibi
2459 4607 2589 4672 vult,
2621 4608 2761 4676 quod
2792 4605 2885 4668 ait,
2923 4623 2940 4654 ι
2985 4605 3037 4657 in
3074 4603 3239 4671 virgis
3279 4602 3568 4654 annuntia-

2003 4704 2150 4757 bant.
2194 4720 2212 4752 ι
2259 4699 2398 4754 Vere
2447 4699 2608 4767 igitur
2656 4697 3100 4765 insignissimum,
3148 4693 3288 4762 quod
3338 4692 3569 4744 aliorum

2005 4792 2266 4861 magistri,
2302 4800 2353 4844 et
2376 4790 2463 4859 qui
2489 4789 2553 4843 ad
2574 4789 2739 4841 Deum
2762 4798 2984 4840 cancros
3009 4785 3274 4836 adducere
3299 4791 3570 4850 poterant,

2006 4885 2165 4936 etiam
2200 4882 2560 4944 abducebant,
2590 4888 2644 4932 et
2673 4887 2731 4930 ut
2760 4877 2834 4928 ait
2862 4873 3118 4942 propheta
3163 4887 3178 4926 :
3230 4888 3250 4922 ι
3304 4871 3570 4924 Insaniam

2005 4972 2056 5026 in
2086 4974 2241 5024 domo
2277 4971 2366 5024 Dei
2397 4972 2732 5024 contixerunt
2757 4966 2820 5020 ¹⁸.
2868 4984 2885 5016 ι
2926 4965 3190 5017 Insaniam
3219 4961 3361 5015 enim
3384 4977 3573 5014 emen-

2004 5065 2158 5116 titum
2197 5061 2507 5114 vaticinium
2547 5055 2796 5125 appellat.
2844 5054 3108 5108 Simulaut
3156 5052 3299 5106 enim
3331 5053 3418 5121 qui
3458 5052 3574 5104 istis

2006 5158 2133 5208 dant
2165 5167 2404 5222 operam,
2440 5165 2537 5202 nec
2570 5149 2710 5202 scire
2732 5163 2788 5200 se
2812 5146 3041 5214 amplius
3067 5145 3151 5198 ubi
3177 5145 3306 5198 sint.
3334 5142 3574 5197 lnsanire

2006 5251 2148 5302 enim
2181 5260 2273 5300 eos
2303 5251 2357 5297 et
2403 5241 2583 5296 divino
2615 5241 2795 5294 furore
2840 5240 3095 5308 percitos,
3147 5245 3203 5289 ut
3230 5235 3358 5289 deos
3390 5233 3572 5302 plenos

2007 5335 2223 5406 quidam
2273 5331 2608 5385 dictitabant.
2636 5329 2955 5399 Ignorabant
2993 5328 3187 5396 quippe
3227 5325 3569 5378 seductorum

2008 5423 2516 5479 corimmundorum
2555 5422 2838 5491 spirituum
2866 5421 3009 5474 velut
3046 5415 3367 5472 domicilium
3404 5413 3571 5477 qund-

2011 5516 2158 5579 dam,
2186 5521 2239 5567 et
2267 5512 2571 5581 speluncam
2597 5526 2735 5566 esse.

2336 5689 2375 5718 ³³
2410 5688 2544 5741 Osee
2573 5702 2646 5748 ix,
2677 5686 2710 5738 8
