4002 6220
459 351 556 423 ist

1445 363 1500 416 S.
1541 359 1810 416 CYRILLI
1851 358 2320 416 ALEXANDIUNI
2361 355 2682 413 ARClIlEP.

3615 355 3722 410 152

457 478 885 549 Ηαίνεσθαιγὰρ
913 480 1127 542 αὐτοὺς,
1155 473 1560 546 καὶ“ἐνθουσιᾷν
1605 476 1840 545 ἔφασκον
1875 493 2036 537 τινες,
2077 475 2151 538 ὼς
2183 477 2325 528 θείου
2359 475 2841 544 πεπληρωμένους.
2885 473 2956 526 Ub
2994 473 3099 543 γὰρ
3151 472 3346 542 ᾔδεσαν
3394 469 3720 541 ἀκαθάρτων

485 593 537 625 τι
586 573 693 624 τῶν
764 571 1088 639 πνευμάτων
1137 566 1283 632 οἶκος
1339 569 1532 639 ὥσπερ
1578 585 1662 630 τις
1715 567 1808 619 καὶ
1852 566 2116 636 σπήλαιον
2173 568 2206 635 ἡ
2276 567 2385 618 τῶν
2424 564 2790 634 πλανωμένων
2816 565 2934 616 ἐστὶ
2957 564 3179 635 καρδία.

528 663 690 716 Vsus.
723 662 812 715 15.
844 659 1428 731 Spirilufornicattonis
1459 662 1660 716 seducti
1686 669 1830 725 sunt,
1849 669 1897 713 et
1921 661 2025 728 for-

2206 660 2502 728 ιινεύματι
2535 659 2816 725 πορνείας
2839 657 3298 723 ἐπλανήθησαν,
3333 654 3431 707 καὶ
3471 654 3720 722 ἐξεπόρ-

457 756 620 806 uictui
663 764 784 805 sunt
824 771 854 804 a
883 754 987 806 Deo
1014 754 1270 820 ipsorum.
1308 753 1479 821 Super
1527 749 1739 806 vertices
1779 755 2036 805 montium

425 887 427 890 ι
457 843 849 906 sacri/icnbant,
879 843 988 912 76
1024 854 1067 894 et
1099 858 1262 911 super
1283 843 1439 897 colles
1480 842 1826 896 immolabant
1861 844 2038 896 suth

455 950 724 1004 quercum,
748 943 795 986 et
818 934 1089 1000 papulum,
1115 943 1163 986 et
1183 935 1419 988 arborem
1443 935 1764 1001 umbrosam,
1798 937 1924 1005 quia
1949 937 2039 990 bo-

458 1040 582 1078 num
611 1018 998 1077 urit-braculum.

528 1114 691 1170 XLV.
727 1113 842 1169 Non
870 1115 985 1170 sine
1021 1114 1246 1184 impuris
1269 1124 1322 1170 et
1358 1115 1607 1186 malignis
1643 1116 1926 1187 spiritibus
1955 1126 2036 1172 ta-

455 1206 526 1261 lia
560 1205 675 1260 ﬁeri
728 1206 1009 1276 perspicue
1030 1207 1204 1262 docet.
1245 1208 1420 1263 Omne
1438 1210 1638 1264 etenim
1670 1225 1844 1279 genus
1868 1211 2037 1266 scele-

455 1298 533 1353 ris
565 1308 618 1354 et
667 1300 733 1353 ab
766 1300 898 1368 ipsis
932 1299 1314 1368 proﬁciscitur,
1349 1308 1401 1354 et
1432 1301 1564 1355 nihil
1601 1302 2034 1370 turpissimarum

453 1405 636 1445 rerum
685 1405 791 1444 non
850 1400 1259 1456 consectantur,
1287 1393 1377 1463 qui
1417 1407 1604 1448 eorum
1644 1395 1905 1450 voluntati
1943 1395 2036 1449 ob-

453 1491 756 1553 temperare
800 1483 1172 1537 decreverunt.
1207 1482 1386 1552 lnqnit
1423 1499 1573 1556 ergo,
1613 1503 1632 1536 ‹
1659 1484 1880 1540 Seducti
1911 1494 2037 1539 sunt

453 1576 643 1646 spiritu
682 1575 1079 1640 fornicationis,
1108 1593 1126 1628 ι
1162 1585 1217 1632 et
1246 1591 1276 1631 a
1303 1575 1412 1631 Deo
1441 1577 1754 1646 longissime
1794 1580 2034 1648 separati

452 1674 601 1730 sunt,
625 1665 919 1734 voluptatis
942 1675 1206 1729 amantes,
1235 1675 1288 1720 et
1313 1666 1363 1720 in
1409 1667 1667 1735 operibus
1687 1668 2036 1724 idololatricis

452 1755 636 1810 carnis
664 1755 1027 1810 dcmulcenda:
1055 1755 1495 1810 commoditatem
1531 1759 1900 1826 quwritantes.
1931 1759 2033 1815 Sa-

451 1847 769 1901 criﬁcabant
798 1846 962 1912 enim,
989 1845 1153 1900 colles
1179 1855 1235 1900 et
1270 1854 1480 1902 montes
1516 1851 1957 1913 conscendentes,
1980 1858 2035 1904 et

451 1937 684 1990 terrenis
719 1936 1136 1992 celsitudinibus
1172 1939 1446 1993 daemonas
1486 1940 1585 1994 sub
1616 1950 1816 1995 terram
1849 1942 2032 1995 detru-

2136 765 2367 803 ονευσαν
2398 748 2514 801 ἀπὸ
2542 746 2648 801 τοῦ
2687 748 2834 800 Θεοῦ
2869 745 3086 800 αὐτῶν.
3120 745 3250 798 Ἐπὶ
3294 745 3400 809 τὰς
3447 747 3719 811 κορυφὰς

2131 839 2255 893 τῶν
2285 841 2469 907 ὀρέων
2493 838 2826 902 ἐθυσίαζον,
2850 838 2946 890 καὶ
2968 836 3064 890 ἐπὶ
3094 835 3230 900 τοὺς
3253 833 3523 898 ,βουνοὺς
3539 834 3714 887 ἔθυον

2137 933 2411 988 ὑποκάτω
2467 931 2670 1000 δρυὸς,
2719 931 2818 984 καὶ
2861 930 3109 995 λεύκης,
3157 926 3256 982 καὶ
3307 925 3558 993 δένδρου
3603 940 3710 977 av-

2135 1023 2506 1089 σκιάζοντος,
2535 1023 2626 1076 ὅτι
2665 1023 2815 1078 καλέ
2827 1039 2864 1076 ν
2891 1022 3112 1090 σκέπη.

2206 1118 2340 1171 ME'.
2381 1116 2502 1169 ’Ὀτι
2526 1117 2600 1186 μὴ
2621 1115 2742 1185 δίχα
2762 1115 3090 1184 πνευμάτων
3118 1113 3227 1166 τῶν
3256 1111 3585 1183 ἀκαθάρτων
3623 1112 3717 1165 καὶ

2137 1209 2391 1282 πονηρῶν
2415 1210 2484 1264 τὰ
2504 1210 2683 1264 τοιάδε
2700 1209 3023 1280 πράττεται,
3040 1206 3280 1260 διδάσκει
3302 1205 3509 1274 σαφῶς.
3531 1204 3720 1258 Ἂπαν

2125 1302 2244 1372 ιγὰρ
2274 1301 2411 1365 εἶδος
2453 1301 2803 1373 φαυλότητος,
2855 1298 2986 1372 παρ’
3015 1298 3241 1352 ἐκείνων
3285 1297 3424 1354 ἐστί.
3462 1295 3573 1349 Καὶ
3604 1297 3718 1349 τῶν

2129 1395 2429 1463 αἰσχίστων
2483 1394 2635 1448 οὐδὲν
2678 1391 3098 1462 ἀνεπιτήδευτον
3137 1392 3249 1452 τοῖς
3295 1387 3365 1441 τὰ
3397 1387 3582 1449 αὐτοῖς
3631 1386 3718 1440 δο-

2134 1487 2337 1540 κοῦντα
2364 1485 2606 1556 πληροῦν
2629 1485 2949 1558 ᾑρημένοις.
2993 1502 3010 1534 ι
3045 1483 3423 1552 Πεπλάνηνται
3459 1500 3479 1534 ι
3509 1479 3715 1544 τοίνυν,

2131 1576 2304 1646 φησὶ,
2362 1595 2381 1629 ‹
2425 1576 2696 1647 πνεύματι
2765 1575 3024 1645 πορνείας
3056 1614 3072 1638 ,
3107 1593 3126 1627 ι
3178 1574 3274 1628 καὶ
3323 1574 3400 1638 ὡς
3455 1572 3717 1628 άποτάτω

2127 1670 2386 1738 γεγόνασι
2443 1669 2535 1722 τοῦ
2589 1667 2745 1723 Θεοῦ.
2785 1667 3060 1739 Φιλήδονοί
3099 1683 3159 1719 τε
3205 1666 3562 1736 ὑπάρχοντες,
3617 1665 3717 1718 καὶ.

2136 1760 2492 1831 φιλοσαρκίας
2541 1759 2796 1831 ἀφορμὴν
2841 1759 2910 1814 τὰ
2957 1759 3059 1829 τῆς
3109 1757 3521 1830 εἰδωλολατρίας
3572 1757 3714 1829 ἔργα

2125 1851 2467 1922 ποιούμενοι.
2500 1851 2693 1906 Ἐθυον
2709 1853 2838 1923 γὰρ,
2855 1850 3076 1921 βουνούς
3098 1868 3157 1904 τε
3183 1850 3277 1904 καὶ
3301 1851 3401 1922 ὅρη
3427 1849 3716 1920 καταλαμ-

2130 1942 2404 2007 ϐάνοντες,
2465 1943 2561 1996 καὶ
2606 1943 2816 2012 γηῖνοις
2867 1942 3127 2013 ὑψώμασι
3172 1942 3233 1995 τὸ
3265 1941 3374 1995 τῶν
3418 1941 3716 2011 δαιμονίων

449 2042 541 2084 sos
569 2037 910 2084 venerantes.
956 2029 1156 2084 Deinde
1200 2029 1311 2083 aris
1355 2031 1454 2085 sub
1483 2047 1706 2100 quercu,
1739 2042 1798 2087 et
1835 2033 2025 2102 populo

2133 2036 2502 2110 xauatppupéc
2546 2034 2961 2107 θεραπεύοντες.
3007 2031 3140 2089 Εἶτα
3189 2035 3406 2106 βωμοὺς
3451 2033 3716 2087 ὑποκάτω

449 2121 1120 2190 θκοίῑιιιὶς,οροι·ιιι)ιιηιιιι·,
1145 2121 1418 2191 nymphis,
1446 2121 1672 2178 forsitan
1707 2125 2030 2197 hamadrya-

451 2210 608 2266 dibus
650 2209 949 2264 secundum
993 2211 1245 2282 ﬁgmenta
1284 2211 1618 2280 Graecorum,
1653 2217 1908 2271 honorem
1951 2218 2028 2272 is-

449 2309 564 2356 tum
591 2312 889 2358 sacrantes.
921 2301 1178 2358 Scribunt
1202 2305 1346 2359 enim
1382 2308 1592 2362 illorum
1645 2318 1814 2376 poetae
1842 2311 2030 2380 praci-

448 2393 562 2462 pui,
589 2401 644 2446 et
683 2393 904 2461 stirpes,
935 2402 988 2447 et
1022 2393 1165 2462 ligna
1193 2397 1365 2450 amari
1396 2397 1462 2452 ab
1507 2397 1730 2466 impuris
1770 2400 2028 2454 daemoni-

449 2484 570 2550 bus,
604 2498 723 2553 quae
764 2484 896 2552 ipsis
927 2484 1104 2539 nescio
1129 2501 1235 2555 quo
1267 2489 1426 2543 modo
1455 2491 1717 2560 nymphas
1747 2491 2030 2546 nominare

448 2574 794 2644 complacuit.
844 2574 1027 2629 Visum
1067 2577 1231 2646 igitur
1271 2579 1400 2644 illis,
1436 2581 1631 2649 inquit,
1659 2585 1852 2636 sectari
1906 2599 2028 2637 unl-

448 2669 597 2730 bras,
629 2675 681 2722 et
729 2667 783 2720 in
831 2668 1212 2723 virentissimis
1253 2671 1482 2727 saltibus
1513 2673 1722 2730 deliciis
1759 2678 2026 2740 enervari,

448 2759 839 2828 laudantesque
883 2761 1084 2829 dicere,
1134 2763 1301 2831 «quia
1346 2764 1540 2818 bonum
1583 2766 2023 2821 umbraculum.»

449 2851 635 2921 Itaque
661 2866 848 2905 ainans
872 2852 1167 2921 voluptatis
1195 2868 1298 2906 non
1325 2856 1660 2922 poteritesse
1693 2870 1880 2910 amans
1910 2855 2024 2911 Dei.

449 2941 837 2997 Testimonium
884 2943 1016 2998 feret
1065 2945 1283 3011 Paulus,
1333 2946 1519 3000 dicens
1572 2947 1639 3000 de
1677 2949 2022 3016 quibusdam,

496 3049 616 3090 esse
662 3035 995 3103 voluptatum
1040 3045 1314 3091 amatores
1355 3038 1526 3107 magis
1566 3053 1726 3106 quam
1779 3039 1868 3092 Dei
1905 3038 1970 3093 “.

447 3127 596 3182 Beati
619 3143 747 3197 ergo
775 3129 865 3197 qui
922 3128 1080 3182 modo
1105 3127 1291 3198 lugent
1317 3127 1388 3194 ‘5,
1418 3138 1475 3183 ut
1503 3128 1635 3184 dicit
1673 3128 1938 3195 Salvator,
1972 3140 2028 3186 et

448 3220 704 3292 patientia
747 3220 799 3274 in
840 3219 1112 3276 laboribus
1165 3221 1388 3276 utilibus
1421 3221 1763 3292 suspicienda
1807 3237 2026 3292 magno-

447 3324 575 3381 pere
605 3325 671 3365 ac
697 3311 970 3382 diligenda
1009 3320 1110 3366 est.

523 3401 683 3458 Vsus.
717 3403 805 3457 Ην.
842 3403 1129 3471 Propterea
1195 3405 1600 3474 foruicabuntur
1638 3405 1770 3474 ﬁlio:
1815 3414 2016 3472 vestrm,

445 3501 495 3548 et
520 3510 724 3561 sponsa:
754 3506 935 3549 vestra:
966 3497 1376 3550 masc/tabuntur.
1399 3499 1465 3549 Et
1497 3513 1597 3551 non
1628 3497 1841 3550 visitabo
1870 3513 2025 3565 super

445 3584 586 3652 ﬁlias
615 3595 811 3658 vestras
843 3583 959 3638 cum
992 3588 1268 3653 fornicata:
1301 3589 1518 3656 fuerint,
1555 3600 1602 3642 et
1629 3605 1784 3656 super
1809 3605 2025 3654 sponsos

445 3681 663 3736 uestras.
694 3691 808 3726 cum
854 3675 1168 3728 adulterata:
1209 3677 1446 3744 fuerint;
1487 3680 1734 3746 quoniam
1771 3679 1871 3743 ipsi
1909 3694 2026 3730 cum

446 3766 804 3819 meretricibus
832 3765 1321 3832 commiscebuntur,
1352 3777 1400 3821 et
1429 3785 1546 3820 cum
1584 3768 1807 3821 initiatis
1845 3770 2027 3824 immo-

445 3854 648 3909 labant.

515 3943 701 4001 XLVI.
722 3947 856 4012 Quia
886 3948 1050 4014 enim,
1082 3946 1278 4016 inquit,
1309 3940 1564 4002 eximium
1597 3951 1847 4019 quiddam
1871 3951 2022 4006 vide-

449 4047 555 4104 tur,
586 4040 685 4092 sub
715 4039 911 4092 arbore
934 4047 987 4093 et
1015 4039 1219 4094 umbris
1246 4041 1475 4094 emolliri
1518 4051 1677 4111 atque
1709 4044 1951 4107 dissolvi,
1971 4053 2024 4097 et

443 4130 702 4200 voluptati
739 4130 972 4187 duxistis
995 4133 1134 4202 quod
1168 4135 1296 4188 mihi
1335 4134 1600 4203 displicet,
1635 4135 2022 4190 exsecrabilem

442 4223 696 4277 videlicet
735 4225 1107 4278 seductionem
1153 4235 1207 4281 et
1248 4227 1639 4281 immunditiam
1682 4243 1697 4282 :
1741 4238 2020 4298 propterea

443 4313 854 4370 fornicabuntur
892 4313 1011 4371 ﬁlia:
1047 4326 1266 4384 vesti-te;
1296 4334 1508 4387 sponsa:
1541 4300 1749 4382 autem,
1788 4319 1888 4372 hoc
1911 4329 2017 4382 est,

443 4406 673 4462 ﬁliorum
728 4423 960 4472 uxores,
1011 4409 1274 4461 adulteria
1326 4411 1732 4478 perpetrabunt.
1787 4410 1850 4462 Et
1895 4423 2019 4462 cum

444 4498 557 4552 haec
595 4499 942 4568 contigerint,
975 4500 1248 4568 quiescam
1291 4508 1344 4552 et
1371 4514 1488 4567 ego,
1525 4516 1622 4554 nec
1653 4500 1901 4553 visitabo.
1928 4501 2020 4555 V’i-

441 4589 596 4643 detur
618 4603 745 4644 sane
778 4603 870 4656 per
898 4589 1009 4642 haec
1041 4589 1222 4642 clades
1251 4589 1395 4650 belli,
1415 4601 1462 4642 et
1488 4591 1826 4643 incommoda
1847 4592 2018 4659 Capll-

2130 2127 2292 2199 δρυὸς
2341 2127 2435 2181 καὶ
2483 2126 2682 2199 λεύκης
2724 2127 3052 2198 ἐγείροντες,
3111 2128 3388 2198 προσῆγον
3440 2125 3672 2189 σπονδὰς
3695 2166 3712 2192 ν

2131 2220 2389 2290 νύμφαις,
2423 2219 2569 2290 τάχα
2599 2236 2704 2272 που
2731 2223 2852 2284 ταῖς
2879 2219 3212 2291 ἁμαδρυάσι,
3253 2218 3394 2272 κατὰ
3421 2219 3546 2282 τοὺς
3587 2217 3715 2271 Ἐλ-

2132 2310 2305 2382 λήνων
2337 2310 2559 2383 μύθους,
2587 2311 2750 2382 τιμὰς
2776 2313 3216 2382 ἀποπέμποντες.
3243 2312 3381 2365 Φασὶ
3399 2311 3508 2381 γὰρ
3523 2312 3571 2363 οἰ
3598 2310 3714 2364 τῶν

2141 2399 2406 2472 Ἐλλήνων
2425 2402 2648 2472 ποιηταὶ
2679 2402 2772 2455 καὶ
2790 2402 3033 2470 λογάδες,
3069 2401 3164 2455 καὶ
3181 2401 3384 2470 φυτῶν,
3412 2401 3507 2454 καὶ
3537 2400 3712 2466 ξύλων

2132 2492 2262 2563 ἐρᾷν
2289 2493 2416 2556 τοὺς
2439 2493 2780 2566 ἀκαθάρτους
2794 2495 3072 2566 δαίμονας,
3091 2495 3127 2549 ἃ
3157 2494 3376 2565 νύμφας
3401 2493 3710 2564 ὠνόμαζον»

2131 2582 2272 2634 κατὰ
2287 2581 2346 2635 τὸ
2357 2583 2537 2646 αὐτοῖς
2557 2585 2658 2638 οὐκ
2683 2580 2779 2638 οἶδ’
2796 2586 2942 2650 ὅπως
2956 2585 3166 2639 δοκοῦν.
3185 2585 3387 2638 Ἐδόκει
3405 2586 3584 2640 τοίνυν
3611 2586 3714 2637 αύ-

2130 2675 2240 2735 τοίς
2270 2673 2648 2745 ἀποδέχεσθαι,
2669 2677 2821 2747 φησὶ,
2843 2676 2937 2740 τὰς
2968 2678 3144 2744 σκιὰς,
3167 2677 3262 2731 καὶ⁹
3296 2675 3402 2730 ὑπό
3421 2679 3531 2740 τοῖς
3547 2677 3713 2732 εὐαν-

2131 2764 2407 2830 θεστάτοις
2440 2767 2773 2838 θρύπτεσθαι
2813 2768 3037 2840 δρυμοῖς
3057 2783 3072 2799 ο
3111 2769 3356 2823 ἐπαινεῖν
3383 2785 3445 2822 τε
3497 2769 3594 2823 καὶ.
3619 2768 3713 2823 λέ-

2129 2874 2247 2927 γειν
2267 2877 2280 2890 ·
2316 2877 2334 2910 ι
2347 2861 2466 2912 ’Ὁτι
2491 2859 2654 2914 καλὸν
2672 2859 2868 2931 σκέπη.
2884 2879 2903 2912 ι
2924 2859 3134 2914 Οὐκοῦν
3151 2859 3178 2911 6
3191 2861 3489 2933 φιλήδονος,
3526 2863 3620 2915 οὐκ
3639 2861 3713 2918 ἂν

2128 2953 2336 3021 γένοιτο
2368 2953 2462 3007 καὶ
2499 2953 2764 3022 φιλόθεος.
2793 2954 2905 3007 Καὶ
2936 2957 3277 3027 μαρτυρήσει
3311 2957 3483 3027 λέγων
3509 2960 3538 3010 ὁ
3563 2957 3711 3012 Παῦ-

2127 3043 2218 3108 λος
2249 3044 2376 3115 περί
2408 3062 2593 3111 τινων,
2625 3047 2709 3099 ὅτι
2739 3045 3010 3116 φιλήδονοι
3063 3047 3263 3118 μᾶλλόν
3302 3050 3462 3117 εἰσιν,
3490 3051 3523 3122 ἢ
3555 3050 3711 3120 φιλό-

2128 3135 2261 3190 θεοι.
2294 3136 2569 3209 Μακάριοι
2598 3137 2663 3210 δὴ
2695 3134 2787 3192 οὖν
2812 3139 2861 3192 οἰ
2889 3137 3213 3205 πενθοῦντες
3238 3140 3352 3204 νῦν,
3380 3141 3522 3197 καθά
3541 3159 3709 3214 φησιν

2126 3231 2155 3283 6
2194 3230 2404 3302 Σωτὴρ,
2433 3231 2526 3284 καὶ
2543 3230 2604 3284 1:6
2634 3231 2908 3303 τληπαθὲς
2939 3233 3018 3296 εἰς
3045 3233 3244 3298 πόνους
3261 3234 3388 3298 τοὺς
3407 3235 3708 3305 ἐπωφελεῖς

2125 3324 2312 3395 τιμᾷν,
2347 3324 2428 3377 ὅτι
2464 3323 2696 3394 μάλιστα
2720 3326 2814 3380 καὶ
2839 3326 3079 3397 ἀγαπᾷν.

2198 3416 2302 3471 Διὰ
2330 3415 2506 3470 τοῦτο
2539 3415 3059 3486 ἐκπορνεύσουσιν
3089 3417 3149 3470 αἰ
3175 3415 3496 3486 θυγατέρες
3515 3415 3704 3487 ὑμῶν,

2127 3511 2226 3563 καὶ
2257 3511 2316 3563 αἰ
2349 3509 2576 3579 rumpat
2594 3509 2762 3575 ὑμῶν
2780 3509 3199 3580 μοιχεύσουσι.
3229 3509 3337 3564 Καὶ
3366 3511 3438 3565 οὐ
3460 3508 3549 3580 μὴ
3574 3511 3706 3564 ἐπι-

2127 3601 2430 3671 σκέψομαι
2461 3600 2560 3654 ἐπὶ
2589 3602 2698 3668 τὰς
2731 3600 3058 3670 θυγατέρας
3084 3599 3254 3670 ὑμῶν
3282 3600 3429 3657 ὅταν
3451 3602 3705 3669 πορνεύ-

2127 3709 2299 3757 σωσι,
2320 3695 2418 3749 καὶ
2443 3694 2543 3749 ἐπὶ
2562 3694 2668 3760 τὰς
2681 3693 2915 3763 νύμφας
2944 3692 3100 3762 ὑμῶν
3132 3693 3278 3746 ὅταν
3295 3696 3668 3764 μοιχεύσωσι
3682 3709 3700 3726 ο

2126 3785 2215 3840 ὅτι
2249 3787 2414 3840 αὐτοί
2442 3789 2593 3855 μετὰ
2621 3786 2740 3839 τῶν
2767 3783 3006 3853 πορνῶν
3035 3785 3555 3856 -συνανεςρύροντο,
3601 3785 3704 3840 καί

2120 3877 2272 3946 μετὰ
2293 3877 2411 3946 τῶν
2439 3879 2883 3946 τετελεσμένων
2914 3878 3114 3930 ἔθυον.

2195 3945 2348 4015 atq'.
2393 3948 2612 4018 Ἐπειδὴ
2647 3945 2775 4019 γάρ.
2809 3949 2992 4017 φησιν,
3026 3946 3355 4032 ἀξιάγαστον
3390 3948 3519 4020 ὑμῖν
3557 3945 3702 4003 εἶναι

2122 4039 2268 4092 δοκεῖ
2287 4038 2347 4092 τὸ
2368 4037 2472 4091 ὑπὸ
2507 4039 2656 4109 φυτῷ
2691 4037 3027 4110 θρύπτεσθαι
3050 4039 3144 4092 καὶ
3175 4040 3353 4102 σκιαῖς
3383 4039 3476 4093 καὶ
3505 4039 3700 4111 ἡδονὴν

2123 4130 2419 4201 πεποίησθε
2440 4131 2499 4184 τὸ
2515 4129 2716 4182 λυποῦν
2731 4128 2855 4199 ἐμὲ,
2872 4128 2970 4200 τὴν
2994 4128 3265 4200 ἐπάρατον
3285 4128 3536 4201 δηλονότι
3566 4132 3700 4186 πλάα

2123 4223 2350 4292 νην,καὶ
2366 4220 2728 4289 ἀκαθαρσίανσ
2760 4219 3015 4290 ταύτῃ-τοι
3034 4220 3396 4291 πορνεύσουσι
3415 4221 3513 4292 μὲν
3543 4222 3699 4292 ὑμῶν

2121 4317 2177 4368 αἰ
2199 4315 2516 4385 θυγατέρες·
2543 4313 2600 4365 αἰ
2627 4312 2683 4365 δὲ
2699 4311 3291 4382 νύμφαι,τουτέστιν,αἱ
3305 4311 3412 4364 τῶν
3438 4311 3568 4365 υἱῶν
3592 4330 3698 4381 γα-

2123 4403 2304 4474 μεταὶ.
2334 4401 2804 4474 μοιχευθησονται.
2833 4400 2954 4454 Κᾶν
2979 4403 3027 4454 εί
3057 4400 3228 4455 ταῦτα
3247 4401 3481 4470 γένοιτο,
3509 4404 3694 4474 φησὶν,

2119 4494 2382 4565 ἠρεμήσω
2419 4493 2594 4560 κάγὼ,
2637 4492 2730 4545 καὶ
2756 4493 2854 4545 οὑκ
2882 4491 3271 4564 ἐπισκέψομαι.
3315 4495 3500 4549 Ἐοικε
3526 4495 3579 4547 δὲ
3604 4495 3695 4550 διὰ

2117 4586 2322 4640 τούτων
2347 4585 2416 4638 τὰ
2432 4588 2495 4637 ἐκ
2523 4584 2616 4638 τοῦ
2641 4584 2874 4656 πολέμου
2901 4586 3394 4656 προκαταγγέλλειν
3422 4589 3563 4642 κατὰ
3582 4589 3694 4643 τῶν

439 4682 622 4736 vitatis
643 4681 1021 4752 peccatoribus
1055 4690 1311 4734 eventura
1336 4681 1718 4748 praenuntiam.
1738 4681 1838 4747 Qui
1871 4684 2012 4736 enim

2130 4678 2520 4750 ἡμαρτηκότων
2547 4679 2780 4747 ἐσόμενα
2815 4678 3007 4748 βλάϐη,
3041 4679 3134 4732 καὶ
3165 4680 3234 4732 τά
3262 4683 3379 4745 ταῖς
3410 4681 3695 4751 αἰχμαλωο

437 4772 605 4826 semel
671 4772 807 4828 alios
851 4779 1227 4840 expugnarunt
1289 4773 1675 4841 vicorumque,
1726 4773 1778 4824 iu
1829 4784 2015 4839 captos

437 4863 743 4928 consulunt,
773 4872 832 4918 ut
858 4862 1025 4930 lubet,
1061 4861 1167 4934 77
1211 4873 1476 4930 pelestate
1511 4864 1831 4932 impotenter
1866 4875 2018 4919 uten-

439 4961 540 5018 tes,
561 4962 617 5006 et
647 4954 852 5023 impetu
886 4954 1246 5026 incastigabili
1293 4955 1511 5024 quidvis
1541 4952 1757 5007 tandem
1799 4955 1898 5009 sibi
1931 4955 2018 5024 ju-

435 5043 670 5100 cundum
719 5047 1120 5112 aggredientes,
1155 5058 1211 5102 et
1241 5061 1417 5117 neque
1462 5046 1593 5117 legis
1623 5049 1881 5100 rationem
1916 5047 2016 5100 du-

435 5142 638 5195 centes,
690 5146 868 5200 neqne
919 5135 1046 5202 quid
1097 5146 1522 5192 consentaneum
1567 5143 1661 5189 aut
1707 5135 1905 5191 decens
1945 5137 2017 5192 sit

435 5225 672 5294 cogitare
704 5224 1070 5293 sustinentes;
1097 5227 1242 5282 velut
1269 5229 1501 5284 indurati
1535 5238 1799 5296 antem,et
1834 5229 2012 5284 animo

434 5330 694 5384 perquam
745 5324 943 5383 truces,
974 5331 1204 5386 parcere
1243 5320 1456 5374 miseris
1499 5322 1828 5376 omnimodis
1860 5322 2013 5374 dedi-

433 5417 690 5475 gnautur.
738 5405 966 5463 Liberos
1013 5407 1179 5476 igitur
1217 5409 1464 5464 hostibus
1512 5413 1578 5464 ad
1623 5412 2006 5467 contumeliam

430 5510 484 5554 et
511 5499 821 5568 spurcitiem
846 5496 1216 5556 fornicationis
1254 5503 1557 5572 evpositum
1601 5503 1662 5556 iri
1691 5504 1893 5572 liquido
1923 5503 2007 5555 in-

433 5593 595 5646 dicat.

511 5765 549 5799 “
581 5768 618 5823 ll
648 5767 782 5824 Tim.
819 5783 905 5835 ιιι,
943 5769 997 5827 4.
1076 5769 1118 5850 ξδ
1147 5768 1336 5826 Matth.
1373 5783 1424 5837 v,
1455 5769 1513 5826 ὃ.

2124 4772 2264 4832 aiat;
2293 4769 2552 4838 ἑπόμενα.
2577 4767 2639 4821 Οἱ
2663 4767 2770 4838 γὰρ
2791 4768 2934 4834 ἅπαξ
2957 4768 3188 4832 ἑλόντες,
3207 4770 3305 4823 καὶ
3324 4771 3691 4841 νενικηκότες,

2117 4864 2445 4933 πράττουσιν
2466 4863 2546 4924 εἰς
2570 4861 2695 4923 τοὺς
2719 4859 2945 4924 ἁλόντας
2979 4861 3039 4914 τὸ
3072 4861 3281 4928 δοκοῦν,
3312 4863 3577 4932 ἀχαλίνως
3602 4865 3692 4931 ἐξ-

2114 4954 2323 5016 ουσίαις
2339 4952 2630 5025 χρώμενοι,
2651 4954 2746 5006 καὶ
2758 4953 3179 5023 ἀνεπιπλήκτοις
3199 4956 3396 5023 ὁρμαῖς
3415 4955 3550 5025 πρὸς
3583 4959 3693 5010 πᾶν

2113 5043 2289 5098 ὁτιοῦν
2328 5045 2438 5098 τῶν
2465 5045 2650 5108 αὐτοῖς
2699 5045 2822 5100 καθ’
2857 5045 3049 5116 ἡδονὴν
3075 5045 3380 5116 ἐρχόμενοι,
3431 5050 3526 5109 καί
3567 5046 3691 5101 οὔτε

2113 5135 2277 5205 νόμον
2307 5133 2766 5205 ὑπολογιζόμενοι,
2786 5133 2911 5186 οὔτε
2931 5133 2991 5186 1:6
3015 5133 3162 5195 εἰκὸς
3193 5132 3225 5203 ἢ
3259 5133 3468 5200 πρέπον
3489 5134 3690 5188 ἐννοεῖν

2111 5226 2444 5298 ἀνεχόμενοι,
2479 5225 2886 5296 ἁπεσκληκότες
2931 5223 2988 5276 δὲ
3022 5222 3230 5295 ὥσπερ,
3264 5225 3358 5278 καί
3400 5226 3536 5279 πολὺ
3578 5227 3691 5296 βλέ.

2115 5336 2283 5372 ποντα
2312 5319 2447 5389 πρὸς
2473 5319 2744 5389 ἀνήμερον
2778 5318 2991 5387 ἔχοντες
3020 5315 3166 5380 νοῦν,
3192 5315 3449 5387 οὐδεμιᾶς
3477 5316 3689 5382 ἀξιοῦσι

2113 5409 2325 5480 φειδοῦς
2345 5412 2470 5473 τοὺς
2499 5410 2698 5472 ἀθλίως
2733 5407 3100 5479 πεπραχότας.
3133 5408 3257 5462 Ὅτι
3276 5410 3454 5464 τοίνυν
3477 5410 3690 5480 προκεὶ-

2114 5518 2296 5557 σονται
2340 5505 2452 5565 τοῖς
2479 5501 2693 5572 ἐχθροῖς
2723 5500 2804 5563 εἰς
2830 5500 2986 5572 ὕϐριν
3017 5501 3111 5554 καὶ
3136 5501 3525 5574 αἰσχρουργίαν
3578 5503 3688 5555 τῶν

2111 5594 2556 5668 πεποριευκότων
2584 5595 2650 5647 τὰ
2680 5592 2868 5648 παιδία
2915 5596 3378 5669 καταμεμήνυκεν
3416 5593 3684 5666 ἐναργῶς.
