4012 6214
399 345 467 360 α’

406 365 463 378 »_\

369 348 467 399 F"

402 379 468 400 νυ

1292 344 1845 400 COMMENTARIUS
1885 342 1948 396 ΙΝ
1990 342 2216 397 OSEAM
2261 339 2702 394 l’llOPllETAM.

3519 347 3618 401 154

432 461 494 513 Εί
523 460 577 511 δὲ
609 459 638 511 δ
699 475 782 522 τις
809 459 1002 522 ἕλοιτο,
1039 460 1129 512 καὶ
1149 461 1271 511 καθ’
1303 462 1489 531 ἕτερον
1516 463 1695 530 νοήσει
1720 463 1940 531 τρόπον.

2122 460 2218 525 Qui
2248 458 2403 520 volet,
2430 459 2596 512 etiam
2628 457 2733 512 alio
2764 471 2923 511 sensu
2955 456 3130 511 locum
3167 457 3310 512 hunc
3339 456 3616 528 intelliget.

298 596 301 598 .
373 550 800 602 Ἐττισκέπτεται
853 550 971 619 μὲν.
1003 551 1109 618 γὰρ
1157 552 1184 601 ’5
1227 550 1333 602 τῶν
1367 551 1504 603 ὅλων
1535 552 1685 614 Θεὸς,
1733 551 1824 613 οὓς
1879 551 1941 604 ἂν

366 642 611 711 βούλοιτο
638 641 803 709 τιμᾷν
859 657 919 692 τε
954 641 1047 692 καὶ
1075 642 1314 710 ἀγαπᾷν.
1357 641 1474 694 Κᾶν
1505 644 1583 705 εἰς
1614 641 1674 695 τὸ
1705 642 1943 712 ῥᾴθυμον

364 737 448 805 ἴῃ
470 733 1001 803 παρενηνεγμένους,
1020 735 1112 785 καὶ
1143 734 1266 803 δρᾷ»
1298 734 1580 796 ἐθέλοντας
1607 734 1642 788 ἃ
1672 735 1744 804 μὴ
1769 734 1939 803 θέμις,

364 827 596 895 ἐπιτιμᾷ
656 824 1005 894 συμμέτρως,
1067 825 1454 896 παλινδρομεῖν
1501 826 1812 880 ἀναπείθων
1851 826 1944 878 ἐπὶ

365 919 422 968 τὸ
479 919 722 987 ἄμεινον.
785 917 1072 988 Τοιγάρτοι
1135 918 1299 988 φησιν
1349 919 1378 970 ὁ
1423 917 1702 980 θεσπέσιος
1733 917 1944 981 Παῦλος

368 1012 481 1070 τοῖς
527 1011 608 1070 είς
638 1007 924 1077 εὐδόκιμον
953 1008 1312 1078 κεκλημένοις
1353 1008 1526 1079 ζωήνο
1564 1027 1582 1060 ι
1610 1011 1673 1062 Εἰ
1701 1009 1945 1064 παιδείαν

369 1097 694 1168 ὑπομένετε,
732 1097 807 1159 ὡς
835 1099 974 1162 υἱοῖς
1017 1099 1144 1168 ὑμῖν
1179 1099 1543 1168 προσφέρεται
1585 1102 1612 1152 ὁ
1653 1099 1805 1162 Θεύς.
1849 1099 1945 1162 Τίς

366 1192 473 1262 γάρ
501 1192 650 1242 ἐστιν
682 1190 812 1252 υίὸς,
848 1189 907 1242 ὃν
939 1190 998 1242 οὐ
1033 1188 1272 1242 παιδεύει
1295 1192 1508 1261 ttae-1'39;
1537 1209 1554 1241 ι
1605 1191 1663 1243 '0
1689 1191 1744 1243 δέ
1767 1207 1828 1258 γε
1860 1209 1946 1243 σο-

369 1281 619 1349 φώτατος
674 1281 1083 1352 Παροιμιαστὴς
1129 1281 1558 1353 διαμαρτύρεται
1597 1284 1691 1335 καί
1754 1298 1939 1352 φησιν·

377 1394 393 1425 ι
430 1376 524 1425 Ὃν
569 1373 679 1444 γὰρ
726 1375 915 1442 ἀγαπᾷ
981 1373 1202 1443 Κύριος,
1245 1374 1521 1428 παιδεύει³
1584 1377 1839 1444 μαστιγοῖ
1887 1374 1944 1426 δὲ

369 1465 547 1517 πάντα
578 1463 713 1524 υἱὸν,
741 1463 800 1516 ὃν
828 1463 1207 1533 παραδέχεται.
1233 1483 1250 1515 ι
1304 1465 1510 1518 Οὐκοῦν
1555 1465 1649 1528 οὒς
1679 1465 1940 1531 παιδεύει,

369 1554 461 1607 καὶ
489 1555 785 1615 ἐποπτείας
814 1553 973 1616 ἀξιοῖ,
1004 1553 1079 1615 ὡς
1117 1554 1352 1621 ἀγαθοὺς
1394 1556 1489 1609 καὶ
1532 1556 1940 1626 ἠγαπημένους.

382 1646 585 1714 Ἐφορᾷ
627 1644 684 1696 δὲ
733 1644 988 1713 οὐδαμῶς
1025 1644 1150 1708 τοὺς
1183 1645 1386 1714 σφόδρα
1413 1645 1940 1716 προσκεκρουκότας,

380 1736 656 1806 μονονουχὶ
688 1735 744 1787 δὲ
783 1735 974 1802 λέγων·
1010 1753 1028 1786 ι
1059 1737 1171 1790 Οὐκ
1194 1733 1310 1788 οἶδα
1343 1737 1506 1806 ὑμᾶς.
1529 1755 1548 1789 ι
1593 1756 1611 1789 ι
1646 1737 1946 1807 Ὀφθαλμοὶ

2045 548 2240 602 Visitat
2293 549 2434 602 enim
2489 550 2861 602 universorum
2914 549 3052 602 Deus
3091 563 3224 616 quos
3269 549 3538 604 honorare
3565 559 3620 604 et

2045 640 2263 706 diligere
2303 639 2547 692 voluerit.
2585 640 2693 694 Etsi
2730 640 2793 693 ad
2841 639 3104 708 ignaviam
3154 640 3394 695 detortos
3425 641 3621 696 viderit

2047 730 2381 800 nefandaque
2432 731 2729 796 molientes,
2763 731 2955 786 leniter
3007 733 3297 800 increpitos
3324 733 3387 786 ad
3417 733 3619 788 saluta-

2048 824 2125 876 ria
2178 824 2356 877 denuo
2400 823 2648 891 impellit.
2685 824 2917 879 Proinde
2963 825 3177 879 divinus
3199 825 3392 879 Paulus
3420 826 3485 880 ad
3525 841 3620 880 eos

2045 915 2134 984 qui
2163 916 2226 968 ad
2253 915 2412 969 vitam
2442 915 2761 971 laudabilem
2795 917 2969 972 vocati
3000 928 3124 972 sunt
3149 918 3615 986 HSldlSClplillam

2045 1007 2342 1072 sustinetis,
2408 1016 2661 1076 tanquam
2696 1007 2821 1062 filiis
2854 1010 3002 1064 vobis
3024 1010 3183 1065 oli‘ert
3213 1025 3270 1064 se
3293 1010 3451 1066 Deus.
3487 1009 3618 1076 Quis

2045 1098 2186 1150 enim
2225 1097 2382 1162 lilius,
2409 1113 2568 1166 quem
2623 1113 2726 1152 non
2774 1099 2996 1168 corrigit
3030 1111 3181 1168 pater
3212 1100 3299 1152 *°?
3331 1118 3349 1152 ι
3384 1101 3617 1155 Attesta-

2048 1198 2134 1241 tur
2165 1191 2300 1242 idem
2331 1190 2760 1258 sapientissimus
2795 1190 3198 1255 Parmmiastcs,
3238 1194 3436 1258 «Quem
3471 1195 3612 1246 enim

2046 1275 2213 1343 diligit
2250 1275 2529 1341 Dominus,
2552 1278 2779 1348 castigat
2805 1295 2818 1344 ;
2845 1277 3078 1349 flagellat
3105 1291 3279 1334 autem
3317 1297 3529 1335 onmem
3563 1285 3617 1334 li-

2045 1364 2175 1418 lium
2209 1381 2365 1434 quem
2408 1367 2600 1437 recipit
2626 1369 2690 1422 ”.
2719 1389 2738 1422 ι
2774 1369 2954 1435 Quare
3001 1387 3134 1440 quos
3180 1375 3425 1442 castigat,
3452 1375 3613 1428 etiam

2045 1458 2353 1514 visitatione
2399 1463 2652 1517 utbouos
2698 1473 2753 1518 et
2781 1463 3005 1520 dilectos
3051 1466 3388 1536 dignatur.A
3423 1469 3617 1536 quibus

2047 1559 2222 1603 autem
2259 1562 2342 1606 est
2387 1552 2643 1621 majorem
2675 1555 2727 1608 in
2766 1557 2982 1610 modum
3022 1555 3274 1622 olfensus,
3321 1572 3412 1612 eos
3445 1559 3618 1612 neuti-

2045 1657 2205 1708 quam
2243 1643 2455 1712 aspicit,
2474 1653 2680 1698 tantum
2705 1661 2809 1700 non
2838 1648 3042 1710 dicens,
3079 1649 3223 1702 (Non
3253 1649 3378 1703 novi
3405 1649 3608 1703 vos“.i

2047 1731 2179 1786 Nam
2209 1744 2266 1785 ut
2294 1736 2552 1805 scriptum
2585 1746 2685 1801 est,
2711 1737 2889 1792 «Oculi
2921 1741 3124 1794 Domini
3147 1756 3307 1810 super
3334 1741 3608 1808 justos".r

374 1804 481 1898 γὰρ
525 1825 757 1898 Κυρίου,
791 1825 883 1878 ἐπὶ
915 1825 1171 1889 δικαίους,
1203 1845 1220 1878 ›
1251 1804 1394 1880 καθά
1442 1804 1767 1899 γέγραπται.
1806 1804 1942 1882 Ούκ-

2049 1824 2210 1892 Ergo,
2259 1825 2302 1878 si
2339 1828 2704 1895 peccaverint,
2737 1830 2933 1898 inquit,
2970 1847 3072 1884 non
3115 1833 3360 1894 visitabo,
3389 1833 3486 1886 hoc
3511 1841 3614 1896 est,

367 1919 463 1972 οῦν
515 1918 620 1972 κᾶν
669 1918 1071 1989 πλημμελῶσι,
1121 1918 1321 1989 φησιν,
1388 1920 1488 1973 οὐκ
1535 1920 1942 1990 ἐπισκέψομαι,

371 2008 672 2072 τουτέστιν,
715 2011 777 2062 οὐ
816 2009 1074 2079 φροντιῶ,
1112 2010 1214 2063 οὐκ
1259 2010 1571 2080 ἐπιστρέψω
1609 2012 1745 2083 πρὸς
1775 2014 1942 2084 ὲμαυ-

367 2101 481 2166 τὸν,
511 2101 725 2164 οὐδενὸς
745 2101 929 2165 ἀξίους
949 2103 1247 2172 ἡγήσομαι.
1269 2101 1368 2155 Διά
1397 2103 1555 2156 ποίαν
1592 2103 1802 2170 αἰτίαν;
1835 2105 1945 2159 Καὶ

369 2193 481 2264 γὰρ
517 2193 676 2264 ὑμεῖς
700 2193 872 2258 αὐτοὶ,
903 2194 1086 2263 φησὶν,
1118 2196 1164 2247 oi
1191 2194 1248 2245 ὲν
1275 2193 1424 2258 τάξει
1451 2195 1724 2265 πατέρων,
1759 2197 1945 2250 τοσοῦ-

367 2303 460 2338 τον
484 2286 832 2355 ἀφεστήκατε
874 2285 971 2338 τοῦ
999 2285 1171 2338 θέλειν
1217 2287 1474 2356 ἐπιτιμᾷν
1519 2288 1726 2350 ἑαυτοῖς
1763 2305 1821 2340 τε
1853 2289 1944 2342 καὶ

363 2381 480 2440 τοῖς
523 2377 582 2444 ἐξ
621 2378 796 2448 ὑμῶν,
847 2377 959 2454 κᾶν
1007 2379 1056 2430 εἰ
1101 2381 1213 2442 τοῖς
1268 2381 1516 2450 ἐσχάτοις
1573 2383 1946 2452 μεταποιοῖντο

370 2470 725 2539 φαυλότητος,
768 2469 844 2532 ὡς
876 2471 1345 2541 συναναφύρεσθαι
1386 2473 1629 2542 πόρναις.
1680 2470 1944 2524 Συντεθύ-

370 2581 497 2616 κατε
525 2564 634 2632 γὰρ
660 2567 773 2626 τοῖς
794 2563 1220 2633 τετελεσμένοις.
1259 2565 1466 2634 Πόρνας
1492 2565 1546 2617 δέ
1575 2581 1735 2633 φησιν
1767 2563 1945 2626 ίδικῶς

370 2654 467 2714 τὰς
497 2653 592 2706 τοῦ
624 2654 949 2724 Βεελφεγὼρ
990 2656 1210 2726 ἱερείας.
1250 2654 1568 2726 Βεελφεγὼρ
1605 2656 1661 2710 δέ
1707 2658 1874 2718 ἐστιν,
1916 2657 1945 2708 ὁ

371 2744 702 2814 καλούμενος
728 2747 998 2815 Πρίαπος.
1023 2747 1086 2799 Ai
1107 2747 1163 2799 δὲ
1183 2747 1242 2799 τὸ
1261 2747 1434 2811 οὕτως
1459 2747 1681 2818 αἰσχρὸν
1704 2747 1943 2816 τιμῶσαι

371 2835 682 2904 βδέλυγμα,
725 2837 920 2908 πόρναι
972 2837 1157 2892 λοιπὸν
1206 2839 1670 2908 ὁμολογουμένως.
1718 2839 1946 2891 Τετελε-

370 2927 598 2994 σμένους
660 2928 718 2980 δὲ
769 2929 1024 2999 ὀνομάζει
1079 2929 1244 2983 πάλιν
1288 2931 1413 2992 τοὺς
1465 2929 1793 3000 ίερομύστας
1847 2930 1944 2984 τοῦ

369 3017 712 3090 Βεελφεγὼρ,
735 3019 928 3090 ἄνδρες
954 3019 1009 3072 δὲ
1039 3014 1180 3090 ἦσαν
1206 3036 1222 3052 ·
1255 3014 1395 3072 εἶναι
1427 3019 1525 3090 μὲν
1553 3020 1608 3073 δὲ
1634 3021 1746 3074 ούκυ
1760 3021 1946 3092 ἀνεχό-

2047 1933 2153 1972 ιιοιι
2191 1917 2322 1972 mihi
2359 1934 2504 1972 cura:
2527 1919 2655 1983 erit,
2693 1935 2799 1975 non
2834 1929 3119 1975 convertar
3145 1923 3210 1977 ad
3251 1937 3363 1986 eos,
3394 1923 3619 1990 vilipeu-

2047 2011 2169 2065 dam
2198 2009 2341 2064 illos.
2377 2010 2546 2076 Quam
2587 2014 2654 2065 ob
2702 2013 2959 2066 causam?
2987 2012 3194 2069 Etenim
3248 2028 3340 2066 vos
3383 2013 3502 2082 ipsi,
3537 2013 3616 2066 in-

2047 2101 2183 2171 quit,
2220 2102 2309 2170 qui
2343 2101 2394 2155 in
2424 2117 2648 2156 numero
2681 2113 2736 2156 et
2763 2103 2953 2157 ordine
2984 2113 3193 2172 patrum
3218 2104 3370 2167 eStis,
3410 2113 3615 2159 tantum

2045 2199 2197 2252 abest
2225 2208 2283 2252 ut
2312 2197 2618 2268 hujusmodi
2649 2198 2701 2252 in
2736 2198 2887 2253 vobis
2921 2199 3050 2268 ipsis
3079 2183 3371 2267 liberisque
3400 2200 3614 2263 vestris,

2047 2289 2298 2356 quamvis
2342 2296 2592 2341 extreme
2639 2288 2747 2341 siut
2787 2288 3036 2356 improbi,
3063 2288 3457 2356 n-prebeudere
3486 2289 3617 2342 veli-

2048 2379 2138 2443 tis,
2180 2388 2237 2432 ut
2269 2394 2389 2433 cum
2434 2379 2808 2434 meretricibus
2849 2380 3330 2434 commisceamini.
3377 2379 3619 2434 Immola-

2045 2481 2142 2524 stis
2170 2473 2311 2524 enim
2342 2486 2462 2524 cum
2491 2471 2739 2525 initiatis.
2774 2470 3083 2526 Meretrices
3108 2474 3320 2541 proprie
3343 2473 3617 2525 sacriﬁcas

2048 2563 2374 2633 Beelpbegor
2390 2565 2650 2617 nominat.
2673 2562 2770 2618 Est
2793 2573 2970 2618 autem
3001 2564 3327 2633 Beelphcgor
3349 2566 3439 2632 qui
3473 2581 3611 2618 nuu-

2047 2662 2278 2721 cupatur
2330 2652 2575 2720 Priapus.
2616 2651 2747 2706 Tam
2808 2654 3192 2706 exsecrabilem
3236 2655 3614 2722 turpitudinem

2043 2745 2302 2810 colentes,
2336 2753 2698 2814 congruenter
2734 2746 3049 2800 meretrices
3095 2745 3330 2800 fuerunt.
3372 2745 3615 2799 Initiatos

2045 2849 2206 2903 porro
2233 2845 2392 2890 vocat
2421 2835 2778 2906 bieromystas
2800 2832 3155 2904 Beelpbegor,
3181 2836 3269 2904 qui
3306 2849 3410 2889 non
3446 2835 3613 2889 susti-

2046 2934 2380 2981 nerentesse
2401 2925 2548 2996 quod
2585 2935 2773 2991 erant;
2806 2927 2902 2981 sed
2931 2927 3108 2995 potius
3148 2927 3199 2981 in
3237 2927 3446 2983 animos
3495 2941 3614 2980 mu-

2046 3017 2242 3073 liebres
2276 3018 2668 3086 immigrarent,
2686 3017 2866 3073 verbis
2889 3026 2943 3072 et
2967 3017 3207 3075 moribus
3226 3017 3428 3074 nefarie
3446 3019 3618 3074 emol-

375 3132 523 3187 μενοι
562 3113 709 3167 τοῦθ’
738 3114 876 3183 ὅπερ
907 3113 1032 3174 είσὶ,
1070 3113 1506 3182 μεταφοιτῶντες
1538 3112 1596 3166 δὲ
1637 3112 1836 3183 μᾶλλον
1864 3116 1942 3178 είς

2050 3109 2148 3177 liti,
2182 3125 2317 3180 quos
2344 3111 2582 3165 nonnulli
2626 3109 2966 3166 effeminatos
3009 3121 3063 3166 et
3094 3111 3280 3166 molles
3308 3112 3611 3181 appellant;

368 3208 623 3279 φρόνημα
680 3205 740 3259 τὸ
797 3204 1174 3276 θηλυπρεπὲς,
1223 3203 1404 3273 λόγοις
1453 3221 1511 3257 τε
1581 3204 1674 3257 καὶ
1724 3205 1944 3277 τρόποις

357 3298 596 3360 ’ἀνοσίως
650 3294 1096 3366 μαλακιζόμενοι.
1138 3293 1438 3366 Θηλυδρίας
1502 3294 1560 3348 δὲ
1603 3295 1695 3348 καὶ
1727 3296 1943 3367 μαλθά-

367 3407 546 3452 κωνας
597 3389 722 3450 τοὺς
764 3386 1037 3449 τοιούτους
1087 3384 1423 3441 ἀποκαλοῦσι
1467 3401 1632 3450 τινες,
1685 3385 1734 3438 οἳ
1772 3403 1948 3452 γυναι-

368 3483 543 3547 κείαις
577 3482 877 3550 ὀλολυγαῖς,
903 3480 996 3533 καὶ
1021 3480 1320 3550 κυμϐάλοις
1345 3477 1636 3550 χρώμενοι,
1671 3496 1735 3530 πε
1745 3478 1948 3549 ριθέον-

365 3576 454 3639 τές
481 3592 636 3638 τινας
666 3574 827 3646 δᾷδας
852 3576 894 3596 “
922 3573 1298 3643 μυσταγωγεῖν
1322 3571 1694 3641 ὑπεκρίνοντο,
1726 3571 1822 3640 τῆς
1851 3569 1945 3623 τοῦ

365 3667 690 3739 Βεελφεγὼρ
724 3665 984 3736 αἰσχύνης
1007 3664 1340 3735 πληροῦντες
1371 3662 1438 3716 τὰ
1467 3663 1711 3731 παίγνια.
1750 3662 1944 3714 Ἔθυον

2047 3201 2138 3270 qui
2165 3215 2288 3255 cum
2320 3199 2570 3256 femineis
2599 3200 2886 3258 ululatibus
2908 3211 2964 3257 et
2995 3202 3252 3272 cymbalis
3289 3205 3617 3258 circumcur-

2048 3301 2251 3358 santes,
2277 3292 2419 3346 inter
2439 3292 2584 3346 faces
2616 3307 2768 3347 sacra
2793 3294 2986 3349 docere
3004 3294 3347 3358 simulabant,
3371 3297 3615 3362 pudenda

2043 3380 2373 3451 Bt-elpbegor
2394 3383 2597 3436 ludicra
2617 3385 2898 3438 obeuntes.
2920 3384 3304 3440 Sacrilicabant
3320 3387 3479 3455 igitur
3496 3404 3615 3440 cum

2045 3475 2292 3541 initiatis,
2325 3475 2518 3544 inquit,
2558 3475 2660 3529 lioc
2689 3484 2793 3538 est,
2831 3476 3023 3529 initiati
3066 3488 3221 3530 erant
3253 3477 3466 3531 illorum
3503 3494 3619 3546 my-

2044 3567 2248 3631 steriis,
2276 3577 2330 3621 et
2357 3583 2476 3620 cum
2508 3569 2643 3621 adeo
2668 3568 2938 3638 corruptis
2955 3569 3262 3624 hominibus
3288 3569 3619 3640 Beelpbegur

2043 3658 2306 3714 sacrificia
2335 3657 2675 3714 factitabant.

368 3765 566 3830 τοίνυν,
619 3760 777 3832 φησὶ,
834 3757 970 3830 μετὰ
1029 3757 1137 3810 τῶν
1195 3755 1610 3826 τετελεσμένων,
1675 3753 1940 3821 τουτέστι,
1991 3753 2265 3825 μεμύηντο
2308 3753 2379 3806 τὰ
2422 3752 2667 3820 ἐκείνων,
2701 3753 2794 3809 καὶ
2838 3753 2973 3824 ὁμοῦ
2996 3756 3107 3820 τοῖς
3145 3754 3286 3809 οὓτω
3311 3757 3618 3828 κατεφθαρ-

369 3859 549 3928 μένοις
581 3853 854 3924 προσῆγον
883 3850 1070 3914 θυσίας
1099 3849 1176 3920 τῷ
1203 3848 1543 3918 Βεελιρεγώρ.

434 3949 541 4003 Kal
605 3949 640 4000 ό
697 3943 844 4009 λαὸς
913 3945 946 3996 ό
1010 3940 1242 3996 συνιὼν
1310 3941 1720 3994 συνεπλέκετο
1801 3939 1943 4015 μετὰ

362 4041 614 4109 πόρνηςο

434 4133 567 4184 ΜΖ’.
597 4127 969 4198 Μετακομίζει
993 4125 1084 4178 τὸν
1106 4125 1262 4193 λόγον
1291 4125 1384 4177 ἐπὶ
1411 4124 1502 4176 τὸν
1535 4121 1753 4186 Ἰούδαν,
1788 4128 1938 4173 τουτ-

360 4220 506 4284 έστι,
558 4220 670 4280 τοῖς
703 4218 767 4269 ὲκ
815 4215 986 4284 φυλῆς
1042 4213 1217 4267 Ἰούδα
1271 4212 1366 4264 καὶ
1409 4210 1685 4280 Βενιαμὶν,
1722 4209 1771 4262 οἳ
1827 4209 1924 4278 τὴν

371 4309 731 4383 Ἰερουσαλὴμ
777 4306 1050 4368 οἰκοῦντες
1099 4305 1201 4367 ἔτι,
1271 4305 1364 4356 καὶ
1413 4302 1474 4354 τὸ
1531 4303 1670 4356 θεῖον
1730 4301 1944 4370 ἔχοντες

359 4402 752 4470 θυσιαστήριον
799 4399 1166 4468 (συνειστήκει
1202 4396 1310 4466 γὰρ
1341 4397 1368 4448 ὁ
1393 4393 1574 4463 ναὸς),
1604 4393 1674 4446 τὰ
1702 4393 1946 4455 Μωσέως

2123 3937 2233 4008 78
2269 3934 2336 3992 Et
2375 3937 2601 4008 populus
2651 3936 2740 3991 ille
2787 3935 3078 4006 intelligens
3113 3935 3413 3991 adhaerebat
3456 3953 3618 3991 mere-

2049 4038 2066 4080 ι
2075 4029 2186 4081 rici.

2120 4118 2326 4173 XLVII.
2360 4118 2674 4173 Sermonem
2713 4117 2778 4171 ad
2811 4117 3002 4172 Judam
3031 4118 3257 4182 derivat,
3297 4119 3399 4172 boe
3424 4130 3526 4183 est,
3551 4121 3614 4174 ad

2049 4209 2250 4264 tribum
2282 4207 2416 4263 Juda
2450 4215 2502 4262 et
2534 4206 2834 4274 Beniamin,
2863 4207 2953 4276 qui
2995 4207 3170 4262 adhuc
3192 4205 3486 4263 Jerusalem
3523 4214 3618 4263 lia-

2046 4299 2314 4362 bitantes,
2360 4305 2415 4352 et
2456 4306 2862 4352 sacrosanctum
2905 4298 3074 4355 altare
3111 4300 3374 4355 habentes
3415 4303 3618 4374 (stabat

2046 4390 2188 4444 enim
2225 4390 2504 4460 templum)
2531 4389 2731 4462 Moysis
2763 4401 3028 4460 prteeepta
3053 4407 3295 4457 servare,
3335 4402 3388 4446 et
3413 4395 3614 4449 intelli-

361 4496 678 4565 ἐντάλματα
728 4493 912 4563 τηρεῖν
960 4489 1216 4558 ἔφασκον,
1261 4487 1353 4539 καὶ
1397 4485 1497 4556 τὴν
1539 4483 1626 4537 διὰ
1656 4483 1748 4536 τοῦ
1779 4484 1942 4552 νόμου

2047 4484 2276 4550 gentiam
2297 4481 2429 4552 legis
2449 4483 2649 4537 habere
2679 4497 2738 4538 se
2767 4483 3174 4551 profitebantur.
3205 4483 3406 4539 Verum
3433 4498 3486 4540 ct
3517 4488 3612 4556 ipsi

363 4589 584 4641 σύνεσιν
649 4585 814 4655 ἔχειν.
877 4580 1038 4634 Ἀλλά
1094 4579 1188 4632 καὶ
1238 4577 1391 4631 αὐτοὶ
1441 4574 1827 4645 λελατρεύκασι
1872 4577 1938 4644 τῇ

372 4677 670 4746 Ἀστάρτῃ,
721 4671 1150 4744 προσοχθίσματι
1196 4667 1482 4721 Σιδωνίων.
1537 4664 1836 4735 ’Λστάρτην
1884 4663 1940 4715 δὲ

363 4763 506 4820 εἷναί
540 4783 674 4835 φασι
697 4765 794 4834 τὴν
829 4762 960 4832 παρ’
989 4761 1264 4830 Ἕλλησιν,
1301 4758 1400 4811 οὐκ
1424 4752 1518 4810 οἵδ’
1544 4757 1710 4820 ὅπως,
1738 4755 1938 4825 ὀνομα-

361 4859 600 4927 ζομένην
635 4855 972 4925 ’Λφροδίτην.
1006 4853 1244 4921 Ἐστηκε
1283 4850 1339 4902 δὲ
1371 4849 1431 4902 τὸ
1459 4847 1681 4916 ἄγαλμα
1710 4845 1936 4914 γυμνὸν,

362 4951 459 5002 tu".
489 4950 563 5013 ὡς
594 4949 652 5001 ὲν
680 4948 807 5000 εῖδει
834 4946 1056 5016 πόρνης,
1088 4941 1432 5013 αίσχημόνως
1454 4939 1802 5009 ἀπογυμνοῦν
1826 4938 1940 4998 τοῖς

365 5041 622 5094 ἁπάντων
681 5036 979 5106 ὀφθαλμοῖς
1017 5031 1109 5087 καὶ
1159 5032 1228 5086 τὰ
1274 5031 1493 5084 ἄποπτα
1535 5027 1630 5081 τοῦ
1690 5025 1939 5097 σώματος

368 5134 529 5202 μέρη.
574 5129 784 5183 Οὐκοῦν
831 5129 892 5181 οὐ
937 5125 1116 5197 μόνος,
1166 5121 1350 5193 φησὶν,
1405 5121 1434 5173 ὁ
1479 5117 1716 5191 Ἰσραὴλ,
1763 5117 1942 5169 καίτοι

364 5224 624 5293 πλείστην
675 5223 805 5292 ὅσην
858 5218 1113 5274 ἀδουλίαν
1163 5212 1486 5283 νενοσηκὼς,
1549 5208 1944 5279 συνανεφύρετο

365 5312 612 5382 πόρναις,
637 5311 732 5362 καὶ
755 5309 892 5379 μετὰ
914 5307 1021 5360 τῶν
1037 5303 1434 5374 τετελεσμένων
1458 5300 1632 5354 ἔθυεν·
1651 5298 1786 5352 ἀλλὰ
1809 5316 1826 5349 ι
1850 5296 1945 5350 καὶ

363 5401 526 5464 αὐτὸς
563 5403 591 5453 ὁ
627 5400 752 5464 λαὸς
785 5402 813 5453 ὁ
855 5398 1072 5462 συνιὼν,
1113 5416 1134 5450 ι
1170 5395 1467 5459 τουτέστιν,
1498 5394 1526 5446 ὁ
1555 5390 1654 5463 τὴν
1683 5393 1746 5443 ἐκ
1779 5389 1941 5458 νόμου

363 5493 582 5547 σύνεσιν
636 5492 716 5545 ἔτι
771 5491 960 5555 σώζειν
990 5486 1432 5559 ὑποκρινόμενος,
1471 5503 1489 5535 ι
1521 5480 1944 5537 συνανεπλέκετο

363 5583 560 5654 πόρνῃ.
592 5602 612 5634 ι
647 5581 1127 5652 Προσκεκυνήκασι
1155 5576 1375 5648 γὰρ,ὡς
1397 5569 1941 5646 ἔφην,τῇ’Δστάρτῃ.

441 5752 486 5784 ⁸⁸
524 5752 684 5808 llebr.
714 5770 809 5821 xu,
843 5755 894 5809 7.
974 5755 1014 5785 "
1045 5752 1202 5809 Prov.
1233 5767 1312 5820 ιιι,
1351 5751 1434 5808 l2.

1517 5750 1556 5782 ’⁸
1585 5748 1773 5804 Matth.
1813 5763 1906 5814 vit,
1941 5746 2028 5801 “2'5.

2047 4573 2245 4628 divinis
2275 4574 2572 4628 honoribus
2609 4575 2888 4639 Astarten,
2922 4573 3234 4632 scahdalum
3268 4576 3612 4632 Sidoniorum

2046 4665 2348 4718 coluerunt.
2382 4664 2634 4720 Astarten
2666 4675 2840 4720 autem
2865 4679 2988 4722 esse
3019 4669 3170 4724 aiunt
3209 4673 3349 4740 apud
3376 4670 3614 4732 Grmcos,

2046 4754 2226 4808 nescio
2279 4769 2480 4823 quare,
2526 4754 2856 4824 Apbroditen
2894 4755 3204 4823 (Venerem)
3265 4758 3612 4811 nominatam.

2047 4842 2234 4896 Stabat
2264 4843 2462 4896 nudum
2489 4841 2853 4908 simulacrum,
2871 4842 3041 4898 forma
3068 4846 3252 4912 scorti,
3279 4856 3462 4915 partes
3498 4847 3618 4902 illas

2046 4933 2286 5002 corporis
2313 4935 2378 4987 ab
2404 4941 2625 5002 aspectu
2655 4933 3011 4988 removendas
3039 4935 3262 4989 minime
3301 4946 3469 5000 tectas
3497 4953 3612 4992 om-

2045 5023 2190 5075 nium
2233 5022 2403 5076 oculis
2462 5022 2686 5089 turpiter
2748 5020 3029 5077 exhibens.
3084 5023 3445 5090 Quamobrem
3511 5043 3615 5080 non

2047 5111 2216 5166 solum
2244 5110 2647 5180 lsrae|,inquit,
2689 5112 2934 5178 quamvis
2964 5114 3150 5170 morbo
3191 5119 3440 5174 amentiae
3486 5118 3617 5171 alle-

2052 5213 2171 5256 ctus
2199 5203 2453 5267 maxime,
2483 5216 2603 5256 cum
2635 5203 3010 5259 meretricibus
3035 5206 3383 5271 miscebatur,
3415 5218 3466 5260 et
3493 5221 3614 5260 eum

2047 5293 2273 5346 initiatis
2314 5293 2688 5360 sacrificabat;
2731 5295 2823 5350 sed
2859 5313 2877 5347 ι
2905 5305 2962 5351 et
3005 5297 3118 5366 ipse
3159 5299 3386 5367 populus
3416 5297 3612 5351 intelli-

2045 5395 2194 5451 gens,
2222 5399 2240 5433 ι
2271 5381 2371 5436 hoc
2399 5391 2500 5446 est,
2534 5383 2625 5452 qui
2659 5383 2997 5452 prudentiam
3036 5386 3260 5457 legalem
3291 5386 3466 5440 adhuc
3505 5399 3614 5452 prze

2047 5489 2105 5527 se
2129 5473 2368 5536 ferebat,
2421 5475 2742 5530 «meretrici
2809 5477 3178 5533 adhaerebat.)
3242 5477 3614 5530 Adoraveruut

2046 5566 2289 5631 enim,ut
2310 5564 2440 5629 dixi,
2465 5565 2738 5621 Astarten.
2777 5565 3030 5623 Salomon
3060 5569 3200 5624 enim
3239 5564 3535 5619 libidinoste
3559 5575 3615 5618 et

2124 5749 2163 5778 ιθ
2199 5743 2338 5800 Psal.
2379 5759 2571 5807 χχχιιι,
2612 5745 2695 5798 16.
