  <div class='ocr_page' id='page_1' title='image "/cluster/home/n/w/nwhite01/storage/ocr_20150623/71/hvd.32044073502007/073.png"; bbox 0 0 4002 6220; ppageno 0'>
   <div class='ocr_carea' id='block_1_1' title="bbox 408 291 514 348">
    <p class='ocr_par' dir='ltr' id='par_1_1' title="bbox 408 291 514 348">
     <span class='ocr_line' id='line_1_1' title="bbox 408 291 514 348; baseline 0.019 -2"><span class='ocrx_word' id='word_1_1' title='bbox 408 291 514 348; x_wconf 70' lang='grc'><strong>135</strong></span> 
     </span>
    </p>
   </div>
   <div class='ocr_carea' id='block_1_2' title="bbox 1395 292 2640 355">
    <p class='ocr_par' dir='ltr' id='par_1_2' title="bbox 1395 292 2640 355">
     <span class='ocr_line' id='line_1_2' title="bbox 1395 292 2640 355; baseline 0.009 -11"><span class='ocrx_word' id='word_1_2' title='bbox 1395 292 1450 344; x_wconf 85' lang='lat' dir='ltr'><strong>S.</strong></span> <span class='ocrx_word' id='word_1_3' title='bbox 1492 292 1771 346; x_wconf 71' lang='lat' dir='ltr'><strong>(.YlllLLl</strong></span> <span class='ocrx_word' id='word_1_4' title='bbox 1813 293 2276 349; x_wconf 71' lang='lat' dir='ltr'><strong>ALEXANDlllNl</strong></span> <span class='ocrx_word' id='word_1_5' title='bbox 2320 298 2640 355; x_wconf 53' lang='grc' dir='ltr'>ΑιιιιιλιιΕΡ.</span> 
     </span>
    </p>
   </div>
   <div class='ocr_carea' id='block_1_3' title="bbox 3555 309 3656 365">
    <p class='ocr_par' dir='ltr' id='par_1_3' title="bbox 3555 309 3656 365">
     <span class='ocr_line' id='line_1_3' title="bbox 3555 309 3656 365; baseline 0.02 -2"><span class='ocrx_word' id='word_1_6' title='bbox 3555 309 3656 365; x_wconf 71' lang='lat' dir='ltr'><strong>L36</strong></span> 
     </span>
    </p>
   </div>
   <div class='ocr_carea' id='block_1_4' title="bbox 405 411 1966 496">
    <p class='ocr_par' dir='ltr' id='par_1_4' title="bbox 405 411 1966 486">
     <span class='ocr_line' id='line_1_4' title="bbox 405 411 1966 486; baseline 0 -17"><span class='ocrx_word' id='word_1_7' title='bbox 405 415 700 486; x_wconf 81' lang='lat' dir='ltr'><strong>peregrinae</strong></span> <span class='ocrx_word' id='word_1_8' title='bbox 730 414 1176 484; x_wconf 80' lang='lat' dir='ltr'><strong>mulierigratum</strong></span> <span class='ocrx_word' id='word_1_9' title='bbox 1207 411 1432 482; x_wconf 75' lang='lat' dir='ltr'><strong>faciens,</strong></span> <span class='ocrx_word' id='word_1_10' title='bbox 1457 415 1734 469; x_wconf 77' lang='lat' dir='ltr'><strong>delubrum</strong></span> <span class='ocrx_word' id='word_1_11' title='bbox 1766 419 1814 470; x_wconf 89' lang='lat' dir='ltr'><strong>ei</strong></span> <span class='ocrx_word' id='word_1_12' title='bbox 1840 433 1966 470; x_wconf 86' lang='lat' dir='ltr'><strong>cou-</strong></span> 
     </span>
    </p>
   </div>
   <div class='ocr_carea' id='block_1_5' title="bbox 2073 411 3654 496">
    <p class='ocr_par' dir='ltr' id='par_1_5' title="bbox 2080 418 3654 496">
     <span class='ocr_line' id='line_1_5' title="bbox 2080 418 3654 496; baseline 0.008 -27"><span class='ocrx_word' id='word_1_13' title='bbox 2080 418 2330 487; x_wconf 82' lang='grc' dir='ltr'>Σολομὼν</span> <span class='ocrx_word' id='word_1_14' title='bbox 2356 419 2463 490; x_wconf 68' lang='grc' dir='ltr'><strong>γὰρ</strong></span> <span class='ocrx_word' id='word_1_15' title='bbox 2495 422 2631 492; x_wconf 80' lang='grc' dir='ltr'>αὐτῇ</span> <span class='ocrx_word' id='word_1_16' title='bbox 2662 423 2885 494; x_wconf 86' lang='grc' dir='ltr'>τέμενος</span> <span class='ocrx_word' id='word_1_17' title='bbox 2926 425 3273 495; x_wconf 76' lang='grc' dir='ltr'>ἀνεδείματο,</span> <span class='ocrx_word' id='word_1_18' title='bbox 3301 427 3560 496; x_wconf 78' lang='grc' dir='ltr'>μαχλώσῃ</span> <span class='ocrx_word' id='word_1_19' title='bbox 3599 446 3654 481; x_wconf 81' lang='grc' dir='ltr'><strong>τε</strong></span> 
     </span>
    </p>
   </div>
   <div class='ocr_carea' id='block_1_6' title="bbox 406 505 692 560">
    <p class='ocr_par' dir='ltr' id='par_1_6' title="bbox 406 505 692 560">
     <span class='ocr_line' id='line_1_6' title="bbox 406 505 692 560; baseline -0.003 0"><span class='ocrx_word' id='word_1_20' title='bbox 406 506 604 560; x_wconf 83' lang='lat' dir='ltr'><strong>struxit</strong></span> <span class='ocrx_word' id='word_1_21' title='bbox 625 505 692 559; x_wconf 74' lang='lat'><strong>&quot;.</strong></span> 
     </span>
    </p>
   </div>
   <div class='ocr_carea' id='block_1_7' title="bbox 477 591 1970 662">
    <p class='ocr_par' dir='ltr' id='par_1_7' title="bbox 477 591 1970 662">
     <span class='ocr_line' id='line_1_7' title="bbox 477 591 1970 662; baseline 0 -14"><span class='ocrx_word' id='word_1_22' title='bbox 477 595 637 648; x_wconf 75' lang='lat' dir='ltr'><strong>Vens.</strong></span> <span class='ocrx_word' id='word_1_23' title='bbox 686 595 772 648; x_wconf 72' lang='grc'><strong>45.</strong></span> <span class='ocrx_word' id='word_1_24' title='bbox 805 592 879 646; x_wconf 84' lang='lat' dir='ltr'><strong>Tu</strong></span> <span class='ocrx_word' id='word_1_25' title='bbox 905 601 1100 654; x_wconf 81' lang='lat' dir='ltr'><strong>autem,</strong></span> <span class='ocrx_word' id='word_1_26' title='bbox 1131 591 1323 658; x_wconf 73' lang='lat' dir='ltr'><strong>Israel,</strong></span> <span class='ocrx_word' id='word_1_27' title='bbox 1357 609 1419 645; x_wconf 82' lang='lat' dir='ltr'><strong>ne</strong></span> <span class='ocrx_word' id='word_1_28' title='bbox 1456 594 1683 662; x_wconf 75' lang='lat' dir='ltr'><strong>ignores,</strong></span> <span class='ocrx_word' id='word_1_29' title='bbox 1713 605 1761 648; x_wconf 87' lang='lat' dir='ltr'><strong>et</strong></span> <span class='ocrx_word' id='word_1_30' title='bbox 1805 595 1970 662; x_wconf 84' lang='lat' dir='ltr'><strong>Juda,</strong></span> 
     </span>
    </p>
   </div>
   <div class='ocr_carea' id='block_1_8' title="bbox 403 682 1974 752">
    <p class='ocr_par' dir='ltr' id='par_1_8' title="bbox 403 682 1974 752">
     <span class='ocr_line' id='line_1_8' title="bbox 403 682 1974 752; baseline 0.001 -14"><span class='ocrx_word' id='word_1_31' title='bbox 403 701 465 739; x_wconf 81' lang='lat' dir='ltr'><strong>ne</strong></span> <span class='ocrx_word' id='word_1_32' title='bbox 496 685 866 752; x_wconf 74' lang='lat' dir='ltr'><strong>ingrediamini</strong></span> <span class='ocrx_word' id='word_1_33' title='bbox 905 684 956 737; x_wconf 85' lang='lat' dir='ltr'><strong>in</strong></span> <span class='ocrx_word' id='word_1_34' title='bbox 998 682 1244 752; x_wconf 73' lang='lat' dir='ltr'><strong>Galgala,</strong></span> <span class='ocrx_word' id='word_1_35' title='bbox 1279 693 1326 736; x_wconf 83' lang='lat' dir='ltr'><strong>et</strong></span> <span class='ocrx_word' id='word_1_36' title='bbox 1355 699 1416 736; x_wconf 83' lang='lat' dir='ltr'><strong>ne</strong></span> <span class='ocrx_word' id='word_1_37' title='bbox 1459 687 1751 738; x_wconf 81' lang='lat' dir='ltr'><strong>ascendatis</strong></span> <span class='ocrx_word' id='word_1_38' title='bbox 1783 687 1836 738; x_wconf 86' lang='lat' dir='ltr'><strong>in</strong></span> <span class='ocrx_word' id='word_1_39' title='bbox 1876 688 1974 739; x_wconf 87' lang='lat' dir='ltr'><strong>do-</strong></span> 
     </span>
    </p>
   </div>
   <div class='ocr_carea' id='block_1_9' title="bbox 328 774 1899 845">
    <p class='ocr_par' dir='ltr' id='par_1_9' title="bbox 328 774 1899 845">
     <span class='ocr_line' id='line_1_9' title="bbox 328 774 1899 845; baseline 0.001 -17"><span class='ocrx_word' id='word_1_40' title='bbox 328 803 336 813; x_wconf 39' lang='lat'><strong><em>,</em></strong></span> <span class='ocrx_word' id='word_1_41' title='bbox 407 793 548 830; x_wconf 87' lang='lat' dir='ltr'><strong>mum</strong></span> <span class='ocrx_word' id='word_1_42' title='bbox 583 775 898 845; x_wconf 74' lang='lat' dir='ltr'><strong>iniquitatis,</strong></span> <span class='ocrx_word' id='word_1_43' title='bbox 929 783 978 827; x_wconf 82' lang='lat' dir='ltr'><strong>et</strong></span> <span class='ocrx_word' id='word_1_44' title='bbox 1004 790 1065 828; x_wconf 83' lang='lat' dir='ltr'><strong>ne</strong></span> <span class='ocrx_word' id='word_1_45' title='bbox 1085 774 1275 842; x_wconf 80' lang='lat' dir='ltr'><strong>jurctis</strong></span> <span class='ocrx_word' id='word_1_46' title='bbox 1314 776 1560 829; x_wconf 73' lang='lat' dir='ltr'><strong>viventem</strong></span> <span class='ocrx_word' id='word_1_47' title='bbox 1598 775 1899 829; x_wconf 83' lang='lat' dir='ltr'><strong>Dominum.</strong></span> 
     </span>
    </p>
   </div>
   <div class='ocr_carea' id='block_1_10' title="bbox 476 953 1973 1024">
    <p class='ocr_par' dir='ltr' id='par_1_10' title="bbox 476 953 1973 1024">
     <span class='ocr_line' id='line_1_10' title="bbox 476 953 1973 1024; baseline -0.001 -15"><span class='ocrx_word' id='word_1_48' title='bbox 476 954 703 1009; x_wconf 73' lang='lat' dir='ltr'><strong>XLVIII.</strong></span> <span class='ocrx_word' id='word_1_49' title='bbox 730 954 846 1008; x_wconf 82' lang='lat' dir='ltr'><strong><em>Dixi</em></strong></span> <span class='ocrx_word' id='word_1_50' title='bbox 877 954 986 1024; x_wconf 88' lang='lat' dir='ltr'><strong>jam</strong></span> <span class='ocrx_word' id='word_1_51' title='bbox 1023 953 1199 1020; x_wconf 89' lang='lat' dir='ltr'><strong>toties,</strong></span> <span class='ocrx_word' id='word_1_52' title='bbox 1229 953 1410 1008; x_wconf 86' lang='lat' dir='ltr'><strong>decem</strong></span> <span class='ocrx_word' id='word_1_53' title='bbox 1442 953 1613 1008; x_wconf 90' lang='lat' dir='ltr'><strong>tribus</strong></span> <span class='ocrx_word' id='word_1_54' title='bbox 1647 955 1700 1008; x_wconf 92' lang='lat' dir='ltr'><strong>in</strong></span> <span class='ocrx_word' id='word_1_55' title='bbox 1729 953 1973 1008; x_wconf 81' lang='lat' dir='ltr'><strong>Samaria</strong></span> 
     </span>
    </p>
   </div>
   <div class='ocr_carea' id='block_1_11' title="bbox 404 1042 1972 1116">
    <p class='ocr_par' dir='ltr' id='par_1_11' title="bbox 404 1042 1972 1116">
     <span class='ocr_line' id='line_1_11' title="bbox 404 1042 1972 1116; baseline -0.001 -16"><span class='ocrx_word' id='word_1_56' title='bbox 404 1062 435 1100; x_wconf 86' lang='lat' dir='ltr'><strong>a</strong></span> <span class='ocrx_word' id='word_1_57' title='bbox 485 1046 757 1116; x_wconf 74' lang='lat' dir='ltr'><strong>prophetis</strong></span> <span class='ocrx_word' id='word_1_58' title='bbox 810 1044 1075 1098; x_wconf 90' lang='lat' dir='ltr'><strong>nominari</strong></span> <span class='ocrx_word' id='word_1_59' title='bbox 1117 1042 1312 1108; x_wconf 83' lang='lat' dir='ltr'><strong>Israel;</strong></span> <span class='ocrx_word' id='word_1_60' title='bbox 1340 1043 1530 1099; x_wconf 71' lang='lat' dir='ltr'><strong>ludam</strong></span> <span class='ocrx_word' id='word_1_61' title='bbox 1577 1059 1723 1110; x_wconf 90' lang='lat' dir='ltr'><strong>vero,</strong></span> <span class='ocrx_word' id='word_1_62' title='bbox 1747 1056 1801 1099; x_wconf 88' lang='lat' dir='ltr'><strong>et</strong></span> <span class='ocrx_word' id='word_1_63' title='bbox 1840 1061 1972 1099; x_wconf 87' lang='lat' dir='ltr'><strong>nou-</strong></span> 
     </span>
    </p>
   </div>
   <div class='ocr_carea' id='block_1_12' title="bbox 407 1135 1974 1206">
    <p class='ocr_par' dir='ltr' id='par_1_12' title="bbox 407 1135 1974 1206">
     <span class='ocr_line' id='line_1_12' title="bbox 407 1135 1974 1206; baseline 0.001 -15"><span class='ocrx_word' id='word_1_64' title='bbox 407 1152 678 1206; x_wconf 86' lang='lat' dir='ltr'><strong>nunquam</strong></span> <span class='ocrx_word' id='word_1_65' title='bbox 714 1135 1012 1204; x_wconf 86' lang='lat' dir='ltr'><strong>Benjamin,</strong></span> <span class='ocrx_word' id='word_1_66' title='bbox 1035 1136 1168 1198; x_wconf 83' lang='lat' dir='ltr'><strong>duas</strong></span> <span class='ocrx_word' id='word_1_67' title='bbox 1201 1135 1372 1191; x_wconf 92' lang='lat' dir='ltr'><strong>tribus</strong></span> <span class='ocrx_word' id='word_1_68' title='bbox 1404 1137 1455 1190; x_wconf 88' lang='lat' dir='ltr'><strong>in</strong></span> <span class='ocrx_word' id='word_1_69' title='bbox 1486 1135 1974 1199; x_wconf 65' lang='lat' dir='ltr'><strong>JerusalemJuda:</strong></span> 
     </span>
    </p>
   </div>
   <div class='ocr_carea' id='block_1_13' title="bbox 409 1223 1969 1294">
    <p class='ocr_par' dir='ltr' id='par_1_13' title="bbox 409 1223 1969 1294">
     <span class='ocr_line' id='line_1_13' title="bbox 409 1223 1969 1294; baseline 0.001 -16"><span class='ocrx_word' id='word_1_70' title='bbox 409 1236 532 1293; x_wconf 90' lang='lat' dir='ltr'><strong>puta</strong></span> <span class='ocrx_word' id='word_1_71' title='bbox 560 1236 610 1280; x_wconf 91' lang='lat' dir='ltr'><strong>et</strong></span> <span class='ocrx_word' id='word_1_72' title='bbox 633 1225 928 1294; x_wconf 85' lang='lat' dir='ltr'><strong>Benjamin.</strong></span> <span class='ocrx_word' id='word_1_73' title='bbox 950 1223 1210 1294; x_wconf 88' lang='lat' dir='ltr'><strong>Loquitur</strong></span> <span class='ocrx_word' id='word_1_74' title='bbox 1232 1225 1284 1278; x_wconf 85' lang='lat' dir='ltr'><strong>in</strong></span> <span class='ocrx_word' id='word_1_75' title='bbox 1315 1240 1554 1294; x_wconf 61' lang='lat' dir='ltr'><strong>praesens</strong></span> <span class='ocrx_word' id='word_1_76' title='bbox 1581 1225 1651 1280; x_wconf 77' lang='lat' dir='ltr'><strong>de.</strong></span> <span class='ocrx_word' id='word_1_77' title='bbox 1688 1227 1969 1292; x_wconf 85' lang='lat' dir='ltr'><strong>ambobus,</strong></span> 
     </span>
    </p>
   </div>
   <div class='ocr_carea' id='block_1_14' title="bbox 405 1316 1972 1386">
    <p class='ocr_par' dir='ltr' id='par_1_14' title="bbox 405 1316 1972 1386">
     <span class='ocr_line' id='line_1_14' title="bbox 405 1316 1972 1386; baseline 0.001 -15"><span class='ocrx_word' id='word_1_78' title='bbox 405 1328 458 1372; x_wconf 91' lang='lat' dir='ltr'><strong>et</strong></span> <span class='ocrx_word' id='word_1_79' title='bbox 497 1317 774 1386; x_wconf 89' lang='lat' dir='ltr'><strong>utriusque</strong></span> <span class='ocrx_word' id='word_1_80' title='bbox 814 1316 1169 1370; x_wconf 91' lang='lat' dir='ltr'><strong>multitudinis</strong></span> <span class='ocrx_word' id='word_1_81' title='bbox 1219 1318 1463 1371; x_wconf 86' lang='lat' dir='ltr'><strong>morbum</strong></span> <span class='ocrx_word' id='word_1_82' title='bbox 1522 1317 1781 1385; x_wconf 84' lang='lat' dir='ltr'><strong>increpat.</strong></span> <span class='ocrx_word' id='word_1_83' title='bbox 1837 1316 1972 1372; x_wconf 73' lang='lat' dir='ltr'><strong>Vide</strong></span> 
     </span>
    </p>
   </div>
   <div class='ocr_carea' id='block_1_15' title="bbox 407 1406 1974 1478">
    <p class='ocr_par' dir='ltr' id='par_1_15' title="bbox 407 1406 1974 1478">
     <span class='ocr_line' id='line_1_15' title="bbox 407 1406 1974 1478; baseline -0.001 -15"><span class='ocrx_word' id='word_1_84' title='bbox 407 1410 548 1463; x_wconf 88' lang='lat' dir='ltr'><strong>enim</strong></span> <span class='ocrx_word' id='word_1_85' title='bbox 574 1408 842 1478; x_wconf 88' lang='lat' dir='ltr'><strong>quomodo</strong></span> <span class='ocrx_word' id='word_1_86' title='bbox 873 1406 1123 1461; x_wconf 88' lang='lat' dir='ltr'><strong>lsraelem</strong></span> <span class='ocrx_word' id='word_1_87' title='bbox 1157 1416 1214 1461; x_wconf 93' lang='lat' dir='ltr'><strong>ut</strong></span> <span class='ocrx_word' id='word_1_88' title='bbox 1240 1422 1498 1477; x_wconf 86' lang='lat' dir='ltr'><strong>perquam</strong></span> <span class='ocrx_word' id='word_1_89' title='bbox 1534 1407 1875 1476; x_wconf 76' lang='lat' dir='ltr'><strong>insipientem</strong></span> <span class='ocrx_word' id='word_1_90' title='bbox 1920 1417 1974 1463; x_wconf 91' lang='lat' dir='ltr'><strong>et</strong></span> 
     </span>
    </p>
   </div>
   <div class='ocr_carea' id='block_1_16' title="bbox 406 1499 1974 1570">
    <p class='ocr_par' dir='ltr' id='par_1_16' title="bbox 406 1499 1974 1570">
     <span class='ocr_line' id='line_1_16' title="bbox 406 1499 1974 1570; baseline -0.001 -15"><span class='ocrx_word' id='word_1_91' title='bbox 406 1501 604 1555; x_wconf 88' lang='lat' dir='ltr'><strong>mentis</strong></span> <span class='ocrx_word' id='word_1_92' title='bbox 633 1501 864 1569; x_wconf 87' lang='lat' dir='ltr'><strong>inopem,</strong></span> <span class='ocrx_word' id='word_1_93' title='bbox 895 1507 950 1554; x_wconf 90' lang='lat' dir='ltr'><strong>et</strong></span> <span class='ocrx_word' id='word_1_94' title='bbox 995 1509 1280 1570; x_wconf 83' lang='lat' dir='ltr'><strong>eapropter</strong></span> <span class='ocrx_word' id='word_1_95' title='bbox 1301 1501 1461 1554; x_wconf 87' lang='lat' dir='ltr'><strong>etiam</strong></span> <span class='ocrx_word' id='word_1_96' title='bbox 1503 1499 1831 1553; x_wconf 82' lang='lat' dir='ltr'><strong>desertorem</strong></span> <span class='ocrx_word' id='word_1_97' title='bbox 1864 1499 1974 1553; x_wconf 82' lang='lat' dir='ltr'><strong>fac-</strong></span> 
     </span>
    </p>
   </div>
   <div class='ocr_carea' id='block_1_17' title="bbox 406 1591 1972 1662">
    <p class='ocr_par' dir='ltr' id='par_1_17' title="bbox 406 1591 1972 1662">
     <span class='ocr_line' id='line_1_17' title="bbox 406 1591 1972 1662; baseline -0.001 -17"><span class='ocrx_word' id='word_1_98' title='bbox 406 1603 518 1646; x_wconf 92' lang='lat' dir='ltr'><strong>tum</strong></span> <span class='ocrx_word' id='word_1_99' title='bbox 567 1592 834 1662; x_wconf 85' lang='lat' dir='ltr'><strong>vituperet</strong></span> <span class='ocrx_word' id='word_1_100' title='bbox 862 1611 874 1646; x_wconf 93' lang='lat'>:</span> <span class='ocrx_word' id='word_1_101' title='bbox 900 1591 1163 1660; x_wconf 83' lang='lat' dir='ltr'><strong>siquidem</strong></span> <span class='ocrx_word' id='word_1_102' title='bbox 1211 1591 1531 1660; x_wconf 62' lang='lat' dir='ltr'><strong>insipientia:</strong></span> <span class='ocrx_word' id='word_1_103' title='bbox 1573 1591 1774 1644; x_wconf 83' lang='lat' dir='ltr'><strong>crimen</strong></span> <span class='ocrx_word' id='word_1_104' title='bbox 1815 1605 1972 1660; x_wconf 87' lang='lat' dir='ltr'><strong>repu-</strong></span> 
     </span>
    </p>
   </div>
   <div class='ocr_carea' id='block_1_18' title="bbox 409 1681 1973 1752">
    <p class='ocr_par' dir='ltr' id='par_1_18' title="bbox 409 1681 1973 1752">
     <span class='ocr_line' id='line_1_18' title="bbox 409 1681 1973 1752; baseline 0 -15"><span class='ocrx_word' id='word_1_105' title='bbox 409 1685 510 1738; x_wconf 84' lang='lat' dir='ltr'><strong>tari</strong></span> <span class='ocrx_word' id='word_1_106' title='bbox 551 1699 759 1752; x_wconf 72' lang='lat' dir='ltr'><strong>zequum</strong></span> <span class='ocrx_word' id='word_1_107' title='bbox 809 1693 915 1746; x_wconf 88' lang='lat' dir='ltr'><strong>est,</strong></span> <span class='ocrx_word' id='word_1_108' title='bbox 969 1682 1198 1736; x_wconf 88' lang='lat' dir='ltr'><strong>cultibus</strong></span> <span class='ocrx_word' id='word_1_109' title='bbox 1250 1681 1511 1736; x_wconf 87' lang='lat' dir='ltr'><strong>idolorum</strong></span> <span class='ocrx_word' id='word_1_110' title='bbox 1570 1681 1973 1750; x_wconf 82' lang='lat' dir='ltr'><strong>frequentandis</strong></span> 
     </span>
    </p>
   </div>
   <div class='ocr_carea' id='block_1_19' title="bbox 2075 508 3500 586">
    <p class='ocr_par' dir='ltr' id='par_1_19' title="bbox 2075 508 3500 586">
     <span class='ocr_line' id='line_1_19' title="bbox 2075 508 3500 586; baseline 0.005 -26"><span class='ocrx_word' id='word_1_111' title='bbox 2075 508 2170 560; x_wconf 76' lang='grc' dir='ltr'>καὶ</span> <span class='ocrx_word' id='word_1_112' title='bbox 2192 509 2474 580; x_wconf 73' lang='grc' dir='ltr'><strong>ἀλλοφύλῳ</strong></span> <span class='ocrx_word' id='word_1_113' title='bbox 2499 513 2716 578; x_wconf 74' lang='grc' dir='ltr'>γυναικὶ</span> <span class='ocrx_word' id='word_1_114' title='bbox 2749 513 2817 567; x_wconf 87' lang='grc' dir='ltr'><strong>τά</strong></span> <span class='ocrx_word' id='word_1_115' title='bbox 2845 515 3215 586; x_wconf 78' lang='grc' dir='ltr'>κεχαρισμένα</span> <span class='ocrx_word' id='word_1_116' title='bbox 3254 515 3500 585; x_wconf 78' lang='grc' dir='ltr'><strong>πληρῶν.</strong></span> 
     </span>
    </p>
   </div>
   <div class='ocr_carea' id='block_1_20' title="bbox 2145 600 3657 674">
    <p class='ocr_par' dir='ltr' id='par_1_20' title="bbox 2145 600 3657 674">
     <span class='ocr_line' id='line_1_20' title="bbox 2145 600 3657 674; baseline 0.005 -23"><span class='ocrx_word' id='word_1_117' title='bbox 2145 600 2228 652; x_wconf 84' lang='grc' dir='ltr'><strong>Σὺ</strong></span> <span class='ocrx_word' id='word_1_118' title='bbox 2251 600 2337 665; x_wconf 85' lang='grc' dir='ltr'>δὲ,</span> <span class='ocrx_word' id='word_1_119' title='bbox 2358 602 2614 669; x_wconf 77' lang='grc' dir='ltr'>Ἰσραὴλ,</span> <span class='ocrx_word' id='word_1_120' title='bbox 2630 603 2715 672; x_wconf 81' lang='grc' dir='ltr'>μὴ</span> <span class='ocrx_word' id='word_1_121' title='bbox 2742 605 2964 673; x_wconf 77' lang='grc' dir='ltr'>ἀγνόει,</span> <span class='ocrx_word' id='word_1_122' title='bbox 2984 606 3082 658; x_wconf 81' lang='grc' dir='ltr'><strong>καὶ</strong></span> <span class='ocrx_word' id='word_1_123' title='bbox 3099 605 3315 669; x_wconf 79' lang='grc' dir='ltr'>Ἰούδα,</span> <span class='ocrx_word' id='word_1_124' title='bbox 3337 607 3422 674; x_wconf 76' lang='grc' dir='ltr'>μὴ</span> <span class='ocrx_word' id='word_1_125' title='bbox 3450 608 3627 659; x_wconf 75' lang='grc' dir='ltr'><strong>εἰσπο</strong></span> <span class='ocrx_word' id='word_1_126' title='bbox 3642 639 3657 648; x_wconf 88' lang='grc'><strong>-</strong></span> 
     </span>
    </p>
   </div>
   <div class='ocr_carea' id='block_1_21' title="bbox 2066 693 3659 765">
    <p class='ocr_par' dir='ltr' id='par_1_21' title="bbox 2066 693 3659 765">
     <span class='ocr_line' id='line_1_21' title="bbox 2066 693 3659 765; baseline 0.003 -20"><span class='ocrx_word' id='word_1_127' title='bbox 2066 693 2321 759; x_wconf 78' lang='grc' dir='ltr'>ρεύεσθε</span> <span class='ocrx_word' id='word_1_128' title='bbox 2375 696 2464 757; x_wconf 83' lang='grc' dir='ltr'><strong>είς</strong></span> <span class='ocrx_word' id='word_1_129' title='bbox 2515 695 2820 764; x_wconf 69' lang='grc' dir='ltr'><strong>Γάλγαλα,</strong></span> <span class='ocrx_word' id='word_1_130' title='bbox 2878 696 2975 749; x_wconf 83' lang='grc' dir='ltr'><strong>καὶ</strong></span> <span class='ocrx_word' id='word_1_131' title='bbox 3041 697 3126 765; x_wconf 82' lang='grc' dir='ltr'><strong>μὴ</strong></span> <span class='ocrx_word' id='word_1_132' title='bbox 3170 697 3522 750; x_wconf 66' lang='grc' dir='ltr'>ἀναϐαίιοέτε</span> <span class='ocrx_word' id='word_1_133' title='bbox 3572 701 3659 763; x_wconf 83' lang='grc' dir='ltr'><strong>εἰς</strong></span> 
     </span>
    </p>
   </div>
   <div class='ocr_carea' id='block_1_22' title="bbox 2074 779 3658 855">
    <p class='ocr_par' dir='ltr' id='par_1_22' title="bbox 2074 779 3658 855">
     <span class='ocr_line' id='line_1_22' title="bbox 2074 779 3658 855; baseline 0.006 -23"><span class='ocrx_word' id='word_1_134' title='bbox 2074 781 2185 834; x_wconf 72' lang='grc' dir='ltr'><strong>τὸν</strong></span> <span class='ocrx_word' id='word_1_135' title='bbox 2232 779 2401 836; x_wconf 75' lang='grc' dir='ltr'>οἶκον</span> <span class='ocrx_word' id='word_1_136' title='bbox 2445 781 2552 849; x_wconf 85' lang='grc' dir='ltr'>τῆς</span> <span class='ocrx_word' id='word_1_137' title='bbox 2597 783 2851 850; x_wconf 81' lang='grc' dir='ltr'><strong>ἀδικίας,</strong></span> <span class='ocrx_word' id='word_1_138' title='bbox 2901 787 2998 838; x_wconf 80' lang='grc' dir='ltr'><strong>καί</strong></span> <span class='ocrx_word' id='word_1_139' title='bbox 3045 785 3130 855; x_wconf 78' lang='grc' dir='ltr'>μὴ</span> <span class='ocrx_word' id='word_1_140' title='bbox 3177 788 3423 855; x_wconf 80' lang='grc' dir='ltr'><strong>ὀμνύετε</strong></span> <span class='ocrx_word' id='word_1_141' title='bbox 3477 787 3658 848; x_wconf 78' lang='grc' dir='ltr'>ζῶντα</span> 
     </span>
    </p>
   </div>
   <div class='ocr_carea' id='block_1_23' title="bbox 2074 873 2316 939">
    <p class='ocr_par' dir='ltr' id='par_1_23' title="bbox 2074 873 2316 939">
     <span class='ocr_line' id='line_1_23' title="bbox 2074 873 2316 939; baseline 0 -15"><span class='ocrx_word' id='word_1_142' title='bbox 2074 873 2316 939; x_wconf 78' lang='grc' dir='ltr'><strong>Κύριον.</strong></span> 
     </span>
    </p>
   </div>
   <div class='ocr_carea' id='block_1_24' title="bbox 2145 963 3656 1039">
    <p class='ocr_par' dir='ltr' id='par_1_24' title="bbox 2145 963 3656 1039">
     <span class='ocr_line' id='line_1_24' title="bbox 2145 963 3656 1039; baseline 0.006 -24"><span class='ocrx_word' id='word_1_143' title='bbox 2145 963 2286 1017; x_wconf 84' lang='lat' dir='ltr'><strong>MH&#39;.</strong></span> <span class='ocrx_word' id='word_1_144' title='bbox 2313 964 2488 1035; x_wconf 87' lang='grc' dir='ltr'>Ἕφην</span> <span class='ocrx_word' id='word_1_145' title='bbox 2517 966 2617 1035; x_wconf 75' lang='grc' dir='ltr'>ἤδη</span> <span class='ocrx_word' id='word_1_146' title='bbox 2651 967 2990 1032; x_wconf 83' lang='grc' dir='ltr'><strong>πλειστάκις,</strong></span> <span class='ocrx_word' id='word_1_147' title='bbox 3036 968 3116 1021; x_wconf 83' lang='grc' dir='ltr'>ὃτι</span> <span class='ocrx_word' id='word_1_148' title='bbox 3145 969 3244 1032; x_wconf 83' lang='grc' dir='ltr'><strong>τὰς</strong></span> <span class='ocrx_word' id='word_1_149' title='bbox 3280 969 3376 1039; x_wconf 78' lang='grc' dir='ltr'><strong>μὲν</strong></span> <span class='ocrx_word' id='word_1_150' title='bbox 3399 971 3526 1024; x_wconf 80' lang='grc' dir='ltr'>δέκα</span> <span class='ocrx_word' id='word_1_151' title='bbox 3554 990 3624 1039; x_wconf 88' lang='grc' dir='ltr'><strong>φυ</strong></span> <span class='ocrx_word' id='word_1_152' title='bbox 3645 1002 3656 1010; x_wconf 90' lang='grc'><strong><em>-</em></strong></span> 
     </span>
    </p>
   </div>
   <div class='ocr_carea' id='block_1_25' title="bbox 2077 1051 3656 1131">
    <p class='ocr_par' dir='ltr' id='par_1_25' title="bbox 2077 1051 3656 1131">
     <span class='ocr_line' id='line_1_25' title="bbox 2077 1051 3656 1131; baseline 0.008 -27"><span class='ocrx_word' id='word_1_153' title='bbox 2077 1051 2194 1115; x_wconf 71' lang='grc' dir='ltr'><strong>λάς,</strong></span> <span class='ocrx_word' id='word_1_154' title='bbox 2221 1053 2332 1117; x_wconf 73' lang='grc' dir='ltr'>’τὰς</span> <span class='ocrx_word' id='word_1_155' title='bbox 2364 1056 2420 1106; x_wconf 83' lang='grc' dir='ltr'>ὲν</span> <span class='ocrx_word' id='word_1_156' title='bbox 2450 1058 2516 1126; x_wconf 81' lang='grc' dir='ltr'>τῇ</span> <span class='ocrx_word' id='word_1_157' title='bbox 2565 1058 2866 1128; x_wconf 77' lang='grc' dir='ltr'><strong>Σαμαρείᾳ,</strong></span> <span class='ocrx_word' id='word_1_158' title='bbox 2924 1059 3030 1112; x_wconf 86' lang='grc' dir='ltr'><strong>τῶν</strong></span> <span class='ocrx_word' id='word_1_159' title='bbox 3067 1061 3361 1130; x_wconf 77' lang='grc' dir='ltr'><strong>προφητῶν</strong></span> <span class='ocrx_word' id='word_1_160' title='bbox 3415 1065 3462 1114; x_wconf 80' lang='grc' dir='ltr'>οἱ</span> <span class='ocrx_word' id='word_1_161' title='bbox 3511 1064 3656 1131; x_wconf 86' lang='grc' dir='ltr'>λόγοι</span> 
     </span>
    </p>
   </div>
   <div class='ocr_carea' id='block_1_26' title="bbox 2077 1144 3655 1224">
    <p class='ocr_par' dir='ltr' id='par_1_26' title="bbox 2077 1144 3655 1224">
     <span class='ocr_line' id='line_1_26' title="bbox 2077 1144 3655 1224; baseline 0.007 -27"><span class='ocrx_word' id='word_1_162' title='bbox 2077 1144 2328 1198; x_wconf 76' lang='grc' dir='ltr'>καλοῦσιν</span> <span class='ocrx_word' id='word_1_163' title='bbox 2384 1148 2624 1220; x_wconf 83' lang='grc' dir='ltr'>Ἰσραήλ·</span> <span class='ocrx_word' id='word_1_164' title='bbox 2661 1149 2860 1203; x_wconf 81' lang='grc' dir='ltr'>Ἰούδαν</span> <span class='ocrx_word' id='word_1_165' title='bbox 2891 1167 2955 1218; x_wconf 92' lang='grc' dir='ltr'><strong>γε</strong></span> <span class='ocrx_word' id='word_1_166' title='bbox 2989 1151 3096 1222; x_wconf 75' lang='grc' dir='ltr'><strong>μὴν</strong></span> <span class='ocrx_word' id='word_1_167' title='bbox 3137 1152 3231 1205; x_wconf 80' lang='grc' dir='ltr'>καὶ</span> <span class='ocrx_word' id='word_1_168' title='bbox 3263 1154 3516 1224; x_wconf 78' lang='grc' dir='ltr'>Βενιαμὶν</span> <span class='ocrx_word' id='word_1_169' title='bbox 3546 1156 3655 1209; x_wconf 76' lang='grc' dir='ltr'>ἐσθ’</span> 
     </span>
    </p>
   </div>
   <div class='ocr_carea' id='block_1_27' title="bbox 2074 1236 3653 1324">
    <p class='ocr_par' dir='ltr' id='par_1_27' title="bbox 2074 1236 3653 1324">
     <span class='ocr_line' id='line_1_27' title="bbox 2074 1236 3653 1324; baseline 0.008 -35"><span class='ocrx_word' id='word_1_170' title='bbox 2074 1236 2162 1289; x_wconf 88' lang='grc' dir='ltr'><strong>δτε</strong></span> <span class='ocrx_word' id='word_1_171' title='bbox 2203 1237 2303 1300; x_wconf 85' lang='grc' dir='ltr'><strong>τάς</strong></span> <span class='ocrx_word' id='word_1_172' title='bbox 2355 1239 2412 1291; x_wconf 79' lang='grc' dir='ltr'>ὲν</span> <span class='ocrx_word' id='word_1_173' title='bbox 2463 1241 2574 1302; x_wconf 86' lang='grc' dir='ltr'>τοῖς</span> <span class='ocrx_word' id='word_1_174' title='bbox 2615 1240 3003 1310; x_wconf 81' lang='grc' dir='ltr'>Ἰεροσολύμοις</span> <span class='ocrx_word' id='word_1_175' title='bbox 3049 1242 3140 1296; x_wconf 92' lang='grc' dir='ltr'><strong>δύο</strong></span> <span class='ocrx_word' id='word_1_176' title='bbox 3172 1244 3361 1312; x_wconf 86' lang='grc' dir='ltr'>φυλὰς,</span> <span class='ocrx_word' id='word_1_177' title='bbox 3411 1254 3519 1324; x_wconf 61' lang='grc' dir='ltr'>τὴν</span> <span class='ocrx_word' id='word_1_178' title='bbox 3561 1249 3653 1301; x_wconf 85' lang='grc' dir='ltr'>τοῦ</span> 
     </span>
    </p>
   </div>
   <div class='ocr_carea' id='block_1_28' title="bbox 2088 1327 3654 1411">
    <p class='ocr_par' dir='ltr' id='par_1_28' title="bbox 2088 1327 3654 1411">
     <span class='ocr_line' id='line_1_28' title="bbox 2088 1327 3654 1411; baseline 0.008 -33"><span class='ocrx_word' id='word_1_179' title='bbox 2088 1327 2276 1392; x_wconf 81' lang='grc' dir='ltr'><strong>Ἰούδα,</strong></span> <span class='ocrx_word' id='word_1_180' title='bbox 2311 1329 2473 1399; x_wconf 82' lang='grc' dir='ltr'>φημὶ,</span> <span class='ocrx_word' id='word_1_181' title='bbox 2499 1331 2593 1382; x_wconf 75' lang='grc' dir='ltr'>καὶ</span> <span class='ocrx_word' id='word_1_182' title='bbox 2640 1331 2734 1383; x_wconf 82' lang='grc' dir='ltr'>τοῦ</span> <span class='ocrx_word' id='word_1_183' title='bbox 2771 1333 3042 1402; x_wconf 87' lang='grc' dir='ltr'>Βενιαμίν.</span> <span class='ocrx_word' id='word_1_184' title='bbox 3088 1334 3284 1402; x_wconf 82' lang='grc' dir='ltr'><strong>Γέγονε</strong></span> <span class='ocrx_word' id='word_1_185' title='bbox 3319 1339 3495 1390; x_wconf 83' lang='grc' dir='ltr'>τοίνυν</span> <span class='ocrx_word' id='word_1_186' title='bbox 3527 1340 3654 1411; x_wconf 80' lang='grc' dir='ltr'>περὶ</span> 
     </span>
    </p>
   </div>
   <div class='ocr_carea' id='block_1_29' title="bbox 2077 1416 3656 1502">
    <p class='ocr_par' dir='ltr' id='par_1_29' title="bbox 2077 1416 3656 1502">
     <span class='ocr_line' id='line_1_29' title="bbox 2077 1416 3656 1502; baseline 0.01 -35"><span class='ocrx_word' id='word_1_187' title='bbox 2077 1416 2277 1486; x_wconf 80' lang='grc' dir='ltr'>ἀμφοῖν</span> <span class='ocrx_word' id='word_1_188' title='bbox 2316 1421 2393 1481; x_wconf 89' lang='grc' dir='ltr'><strong>είς</strong></span> <span class='ocrx_word' id='word_1_189' title='bbox 2425 1420 2485 1473; x_wconf 89' lang='grc' dir='ltr'><strong>τὸ</strong></span> <span class='ocrx_word' id='word_1_190' title='bbox 2518 1421 2688 1493; x_wconf 84' lang='grc' dir='ltr'>παρὸν</span> <span class='ocrx_word' id='word_1_191' title='bbox 2711 1425 2738 1476; x_wconf 98' lang='lat'><strong>6</strong></span> <span class='ocrx_word' id='word_1_192' title='bbox 2765 1422 2940 1490; x_wconf 83' lang='grc' dir='ltr'>λόγος,</span> <span class='ocrx_word' id='word_1_193' title='bbox 2971 1425 3065 1477; x_wconf 71' lang='grc' dir='ltr'><strong>καὶ</strong></span> <span class='ocrx_word' id='word_1_194' title='bbox 3090 1426 3187 1496; x_wconf 81' lang='grc' dir='ltr'><strong>τὴν</strong></span> <span class='ocrx_word' id='word_1_195' title='bbox 3221 1429 3489 1497; x_wconf 80' lang='grc' dir='ltr'><strong>ἑκατέρας</strong></span> <span class='ocrx_word' id='word_1_196' title='bbox 3520 1431 3656 1502; x_wconf 60' lang='grc' dir='ltr'>πλη-</span> 
     </span>
    </p>
   </div>
   <div class='ocr_carea' id='block_1_30' title="bbox 2078 1506 3653 1584">
    <p class='ocr_par' dir='ltr' id='par_1_30' title="bbox 2078 1506 3653 1584">
     <span class='ocr_line' id='line_1_30' title="bbox 2078 1506 3653 1584; baseline 0.012 -26"><span class='ocrx_word' id='word_1_197' title='bbox 2078 1506 2201 1570; x_wconf 93' lang='grc' dir='ltr'>θύος</span> <span class='ocrx_word' id='word_1_198' title='bbox 2226 1509 2514 1580; x_wconf 83' lang='grc' dir='ltr'>ἀπελέγχει</span> <span class='ocrx_word' id='word_1_199' title='bbox 2543 1512 2710 1565; x_wconf 80' lang='grc' dir='ltr'>νόσον.</span> <span class='ocrx_word' id='word_1_200' title='bbox 2743 1513 2850 1566; x_wconf 83' lang='grc' dir='ltr'>Θέα</span> <span class='ocrx_word' id='word_1_201' title='bbox 2878 1515 2985 1584; x_wconf 81' lang='grc' dir='ltr'>γὰρ</span> <span class='ocrx_word' id='word_1_202' title='bbox 3006 1517 3151 1579; x_wconf 81' lang='grc' dir='ltr'>ὅπως</span> <span class='ocrx_word' id='word_1_203' title='bbox 3177 1521 3530 1584; x_wconf 77' lang='grc' dir='ltr'>κατονειδίζει</span> <span class='ocrx_word' id='word_1_204' title='bbox 3561 1524 3653 1578; x_wconf 84' lang='grc' dir='ltr'><strong>τὸν</strong></span> 
     </span>
    </p>
   </div>
   <div class='ocr_carea' id='block_1_31' title="bbox 2090 1597 3649 1684">
    <p class='ocr_par' dir='ltr' id='par_1_31' title="bbox 2090 1597 3649 1684">
     <span class='ocr_line' id='line_1_31' title="bbox 2090 1597 3649 1684; baseline 0.012 -34"><span class='ocrx_word' id='word_1_205' title='bbox 2090 1597 2320 1670; x_wconf 81' lang='grc' dir='ltr'>Ἰσραὴλ,</span> <span class='ocrx_word' id='word_1_206' title='bbox 2377 1601 2453 1664; x_wconf 83' lang='grc' dir='ltr'>ὡς</span> <span class='ocrx_word' id='word_1_207' title='bbox 2496 1604 2752 1658; x_wconf 79' lang='grc' dir='ltr'>ἀσύνετον</span> <span class='ocrx_word' id='word_1_208' title='bbox 2809 1607 3025 1678; x_wconf 81' lang='grc' dir='ltr'>κομιδῇ,</span> <span class='ocrx_word' id='word_1_209' title='bbox 3085 1609 3178 1661; x_wconf 74' lang='grc' dir='ltr'><strong>καὶ</strong></span> <span class='ocrx_word' id='word_1_210' title='bbox 3229 1611 3649 1684; x_wconf 84' lang='grc' dir='ltr'>ὀλιγογνώμονα,</span> 
     </span>
    </p>
   </div>
   <div class='ocr_carea' id='block_1_32' title="bbox 2078 1691 3650 1774">
    <p class='ocr_par' dir='ltr' id='par_1_32' title="bbox 2078 1691 3650 1774">
     <span class='ocr_line' id='line_1_32' title="bbox 2078 1691 3650 1774; baseline 0.012 -32"><span class='ocrx_word' id='word_1_211' title='bbox 2078 1691 2339 1763; x_wconf 74' lang='grc' dir='ltr'>ταύτητοι</span> <span class='ocrx_word' id='word_1_212' title='bbox 2373 1695 2633 1762; x_wconf 82' lang='grc' dir='ltr'>γεγονότα</span> <span class='ocrx_word' id='word_1_213' title='bbox 2659 1697 2752 1750; x_wconf 72' lang='grc' dir='ltr'>καὶ</span> <span class='ocrx_word' id='word_1_214' title='bbox 2794 1698 3122 1770; x_wconf 80' lang='grc' dir='ltr'>ἀποστάτην.</span> <span class='ocrx_word' id='word_1_215' title='bbox 3156 1702 3326 1774; x_wconf 82' lang='grc' dir='ltr'>Εἴπερ</span> <span class='ocrx_word' id='word_1_216' title='bbox 3366 1705 3650 1772; x_wconf 81' lang='grc' dir='ltr'>ἀσυνεσίας</span> 
     </span>
    </p>
   </div>
   <div class='ocr_carea' id='block_1_33' title="bbox 405 1769 1966 1852">
    <p class='ocr_par' dir='ltr' id='par_1_33' title="bbox 405 1769 1966 1840">
     <span class='ocr_line' id='line_1_33' title="bbox 405 1769 1966 1840; baseline 0.001 -14"><span class='ocrx_word' id='word_1_217' title='bbox 405 1775 684 1836; x_wconf 85' lang='lat' dir='ltr'><strong>delectari,</strong></span> <span class='ocrx_word' id='word_1_218' title='bbox 712 1783 765 1826; x_wconf 89' lang='lat' dir='ltr'><strong>et</strong></span> <span class='ocrx_word' id='word_1_219' title='bbox 792 1788 821 1825; x_wconf 89' lang='lat' dir='ltr'><strong>a</strong></span> <span class='ocrx_word' id='word_1_220' title='bbox 849 1771 1115 1826; x_wconf 85' lang='lat' dir='ltr'><strong>cliaritate</strong></span> <span class='ocrx_word' id='word_1_221' title='bbox 1138 1770 1193 1824; x_wconf 90' lang='lat' dir='ltr'><strong>in</strong></span> <span class='ocrx_word' id='word_1_222' title='bbox 1221 1769 1386 1824; x_wconf 90' lang='lat' dir='ltr'><strong>Deum</strong></span> <span class='ocrx_word' id='word_1_223' title='bbox 1410 1771 1671 1839; x_wconf 86' lang='lat' dir='ltr'><strong>separari.</strong></span> <span class='ocrx_word' id='word_1_224' title='bbox 1701 1769 1966 1840; x_wconf 75' lang='lat' dir='ltr'><strong>Signiﬁcat</strong></span> 
     </span>
    </p>
   </div>
   <div class='ocr_carea' id='block_1_34' title="bbox 2073 1769 3652 1852">
    <p class='ocr_par' dir='ltr' id='par_1_34' title="bbox 2080 1769 3652 1852">
     <span class='ocr_line' id='line_1_34' title="bbox 2080 1769 3652 1852; baseline 0.014 -24"><span class='ocrx_word' id='word_1_225' title='bbox 2080 1776 2330 1848; x_wconf 79' lang='grc' dir='ltr'>ἔγκλημα</span> <span class='ocrx_word' id='word_1_226' title='bbox 2375 1782 2532 1832; x_wconf 86' lang='grc' dir='ltr'>νοοίτ’</span> <span class='ocrx_word' id='word_1_227' title='bbox 2565 1783 2632 1835; x_wconf 88' lang='grc' dir='ltr'><strong>ἂν</strong></span> <span class='ocrx_word' id='word_1_228' title='bbox 2684 1785 2931 1852; x_wconf 80' lang='grc' dir='ltr'><strong>εἰκότως,</strong></span> <span class='ocrx_word' id='word_1_229' title='bbox 2975 1787 3037 1840; x_wconf 89' lang='grc' dir='ltr'><strong>τὸ</strong></span> <span class='ocrx_word' id='word_1_230' title='bbox 3062 1769 3197 1852; x_wconf 81' lang='grc' dir='ltr'>ταῖς</span> <span class='ocrx_word' id='word_1_231' title='bbox 3256 1769 3363 1844; x_wconf 82' lang='grc' dir='ltr'><strong>τῶν</strong></span> <span class='ocrx_word' id='word_1_232' title='bbox 3416 1769 3652 1850; x_wconf 80' lang='grc' dir='ltr'>εἰδώλων</span> 
     </span>
    </p>
   </div>
   <div class='ocr_carea' id='block_1_35' title="bbox 404 1860 1976 1936">
    <p class='ocr_par' dir='ltr' id='par_1_35' title="bbox 404 1860 1976 1936">
     <span class='ocr_line' id='line_1_35' title="bbox 404 1860 1976 1936; baseline -0.001 -16"><span class='ocrx_word' id='word_1_233' title='bbox 404 1881 534 1936; x_wconf 84' lang='lat' dir='ltr'><strong>ergo</strong></span> <span class='ocrx_word' id='word_1_234' title='bbox 572 1867 674 1920; x_wconf 90' lang='lat' dir='ltr'><strong>hoc</strong></span> <span class='ocrx_word' id='word_1_235' title='bbox 713 1864 849 1928; x_wconf 90' lang='lat' dir='ltr'><strong>loco,</strong></span> <span class='ocrx_word' id='word_1_236' title='bbox 885 1881 904 1914; x_wconf 77' lang='grc' dir='ltr'><strong>ι</strong></span> <span class='ocrx_word' id='word_1_237' title='bbox 933 1877 998 1916; x_wconf 90' lang='lat' dir='ltr'><strong>ne</strong></span> <span class='ocrx_word' id='word_1_238' title='bbox 1049 1863 1284 1934; x_wconf 86' lang='lat' dir='ltr'><strong>ignores,</strong></span> <span class='ocrx_word' id='word_1_239' title='bbox 1310 1879 1328 1912; x_wconf 74' lang='grc' dir='ltr'><strong>ι</strong></span> <span class='ocrx_word' id='word_1_240' title='bbox 1365 1876 1432 1915; x_wconf 90' lang='lat' dir='ltr'><strong>ne</strong></span> <span class='ocrx_word' id='word_1_241' title='bbox 1471 1861 1546 1915; x_wconf 89' lang='lat' dir='ltr'><strong>sis</strong></span> <span class='ocrx_word' id='word_1_242' title='bbox 1591 1860 1791 1926; x_wconf 82' lang='lat' dir='ltr'><strong>fatuus,</strong></span> <span class='ocrx_word' id='word_1_243' title='bbox 1841 1878 1976 1918; x_wconf 84' lang='lat' dir='ltr'><strong>neve</strong></span> 
     </span>
    </p>
   </div>
   <div class='ocr_carea' id='block_1_36' title="bbox 404 1951 1975 2024">
    <p class='ocr_par' dir='ltr' id='par_1_36' title="bbox 404 1951 1975 2024">
     <span class='ocr_line' id='line_1_36' title="bbox 404 1951 1975 2024; baseline -0.002 -13"><span class='ocrx_word' id='word_1_244' title='bbox 404 1967 645 2011; x_wconf 79' lang='lat' dir='ltr'><strong>extrema</strong></span> <span class='ocrx_word' id='word_1_245' title='bbox 681 1953 985 2024; x_wconf 85' lang='lat' dir='ltr'><strong>insipientia</strong></span> <span class='ocrx_word' id='word_1_246' title='bbox 1022 1953 1228 2021; x_wconf 90' lang='lat' dir='ltr'><strong>plenus.</strong></span> <span class='ocrx_word' id='word_1_247' title='bbox 1274 1951 1555 2007; x_wconf 85' lang='lat' dir='ltr'><strong>Pudelacit</strong></span> <span class='ocrx_word' id='word_1_248' title='bbox 1594 1953 1788 2008; x_wconf 91' lang='lat' dir='ltr'><strong>deinde</strong></span> <span class='ocrx_word' id='word_1_249' title='bbox 1821 1953 1975 2008; x_wconf 87' lang='lat' dir='ltr'><strong>babi-</strong></span> 
     </span>
    </p>
   </div>
   <div class='ocr_carea' id='block_1_37' title="bbox 405 2042 1974 2112">
    <p class='ocr_par' dir='ltr' id='par_1_37' title="bbox 405 2042 1974 2112">
     <span class='ocr_line' id='line_1_37' title="bbox 405 2042 1974 2112; baseline -0.002 -11"><span class='ocrx_word' id='word_1_250' title='bbox 405 2057 580 2101; x_wconf 90' lang='lat' dir='ltr'><strong>tantcs</strong></span> <span class='ocrx_word' id='word_1_251' title='bbox 605 2044 923 2110; x_wconf 82' lang='lat' dir='ltr'><strong>Jerusalem,</strong></span> <span class='ocrx_word' id='word_1_252' title='bbox 960 2058 1151 2112; x_wconf 88' lang='lat' dir='ltr'><strong>nempe</strong></span> <span class='ocrx_word' id='word_1_253' title='bbox 1176 2043 1392 2107; x_wconf 86' lang='lat' dir='ltr'><strong>Judam,</strong></span> <span class='ocrx_word' id='word_1_254' title='bbox 1424 2052 1482 2098; x_wconf 92' lang='lat' dir='ltr'><strong>ut</strong></span> <span class='ocrx_word' id='word_1_255' title='bbox 1507 2042 1875 2099; x_wconf 88' lang='lat' dir='ltr'><strong>simulatorem</strong></span> <span class='ocrx_word' id='word_1_256' title='bbox 1920 2053 1974 2099; x_wconf 86' lang='lat' dir='ltr'><strong>et</strong></span> 
     </span>
    </p>
   </div>
   <div class='ocr_carea' id='block_1_38' title="bbox 403 2134 1974 2208">
    <p class='ocr_par' dir='ltr' id='par_1_38' title="bbox 403 2134 1974 2208">
     <span class='ocr_line' id='line_1_38' title="bbox 403 2134 1974 2208; baseline 0 -15"><span class='ocrx_word' id='word_1_257' title='bbox 403 2138 566 2206; x_wconf 90' lang='lat' dir='ltr'><strong>impie</strong></span> <span class='ocrx_word' id='word_1_258' title='bbox 593 2136 908 2206; x_wconf 86' lang='lat' dir='ltr'><strong>injuriosum</strong></span> <span class='ocrx_word' id='word_1_259' title='bbox 927 2173 943 2198; x_wconf 95' lang='lat'><strong>,</strong></span> <span class='ocrx_word' id='word_1_260' title='bbox 975 2135 1116 2204; x_wconf 87' lang='lat' dir='ltr'><strong>quod</strong></span> <span class='ocrx_word' id='word_1_261' title='bbox 1141 2134 1403 2190; x_wconf 89' lang='lat' dir='ltr'><strong>ambobus</strong></span> <span class='ocrx_word' id='word_1_262' title='bbox 1431 2137 1674 2203; x_wconf 85' lang='lat' dir='ltr'><strong>incedat;</strong></span> <span class='ocrx_word' id='word_1_263' title='bbox 1709 2137 1815 2192; x_wconf 92' lang='lat' dir='ltr'><strong>imo</strong></span> <span class='ocrx_word' id='word_1_264' title='bbox 1832 2139 1974 2208; x_wconf 86' lang='lat' dir='ltr'><strong>quod</strong></span> 
     </span>
    </p>
   </div>
   <div class='ocr_carea' id='block_1_39' title="bbox 403 2227 1974 2297">
    <p class='ocr_par' dir='ltr' id='par_1_39' title="bbox 403 2227 1974 2297">
     <span class='ocr_line' id='line_1_39' title="bbox 403 2227 1974 2297; baseline -0.001 -13"><span class='ocrx_word' id='word_1_265' title='bbox 403 2231 665 2284; x_wconf 80' lang='lat' dir='ltr'><strong>ambobus</strong></span> <span class='ocrx_word' id='word_1_266' title='bbox 691 2227 979 2297; x_wconf 89' lang='lat' dir='ltr'><strong>p0p|itibus</strong></span> <span class='ocrx_word' id='word_1_267' title='bbox 1021 2227 1178 2296; x_wconf 83' lang='lat' dir='ltr'><strong>juxta</strong></span> <span class='ocrx_word' id='word_1_268' title='bbox 1219 2228 1440 2281; x_wconf 86' lang='lat' dir='ltr'><strong>verbum</strong></span> <span class='ocrx_word' id='word_1_269' title='bbox 1470 2229 1742 2297; x_wconf 84' lang='lat' dir='ltr'><strong>prophetae</strong></span> <span class='ocrx_word' id='word_1_270' title='bbox 1773 2228 1974 2283; x_wconf 84' lang='lat' dir='ltr'><strong>claudi-</strong></span> 
     </span>
    </p>
   </div>
   <div class='ocr_carea' id='block_1_40' title="bbox 404 2317 1972 2390">
    <p class='ocr_par' dir='ltr' id='par_1_40' title="bbox 404 2317 1972 2390">
     <span class='ocr_line' id='line_1_40' title="bbox 404 2317 1972 2390; baseline 0.001 -16"><span class='ocrx_word' id='word_1_271' title='bbox 404 2330 490 2374; x_wconf 86' lang='lat' dir='ltr'><strong>cet</strong></span> <span class='ocrx_word' id='word_1_272' title='bbox 514 2320 580 2372; x_wconf 79' lang='grc'>³⁸.</span> <span class='ocrx_word' id='word_1_273' title='bbox 617 2317 876 2386; x_wconf 84' lang='lat' dir='ltr'><strong>Fingebat</strong></span> <span class='ocrx_word' id='word_1_274' title='bbox 909 2318 1052 2371; x_wconf 89' lang='lat' dir='ltr'><strong>enim</strong></span> <span class='ocrx_word' id='word_1_275' title='bbox 1080 2317 1317 2372; x_wconf 92' lang='lat' dir='ltr'><strong>studium</strong></span> <span class='ocrx_word' id='word_1_276' title='bbox 1347 2327 1398 2373; x_wconf 92' lang='lat' dir='ltr'><strong>et</strong></span> <span class='ocrx_word' id='word_1_277' title='bbox 1425 2333 1664 2374; x_wconf 84' lang='lat' dir='ltr'><strong>amorem</strong></span> <span class='ocrx_word' id='word_1_278' title='bbox 1697 2319 1972 2390; x_wconf 80' lang='lat' dir='ltr'><strong>religionis</strong></span> 
     </span>
    </p>
   </div>
   <div class='ocr_carea' id='block_1_41' title="bbox 403 2409 1968 2485">
    <p class='ocr_par' dir='ltr' id='par_1_41' title="bbox 403 2409 1968 2485">
     <span class='ocr_line' id='line_1_41' title="bbox 403 2409 1968 2485; baseline -0.004 -15"><span class='ocrx_word' id='word_1_279' title='bbox 403 2429 530 2485; x_wconf 82' lang='lat' dir='ltr'><strong>erga</strong></span> <span class='ocrx_word' id='word_1_280' title='bbox 548 2413 735 2477; x_wconf 89' lang='lat' dir='ltr'><strong>Deum,</strong></span> <span class='ocrx_word' id='word_1_281' title='bbox 763 2423 817 2468; x_wconf 91' lang='lat' dir='ltr'><strong>et</strong></span> <span class='ocrx_word' id='word_1_282' title='bbox 845 2409 1110 2467; x_wconf 82' lang='lat' dir='ltr'><strong>sacriﬁcia</strong></span> <span class='ocrx_word' id='word_1_283' title='bbox 1138 2411 1342 2480; x_wconf 80' lang='lat' dir='ltr'><strong>legibus</strong></span> <span class='ocrx_word' id='word_1_284' title='bbox 1372 2410 1612 2464; x_wconf 87' lang='lat' dir='ltr'><strong>instituta</strong></span> <span class='ocrx_word' id='word_1_285' title='bbox 1634 2409 1968 2477; x_wconf 86' lang='lat' dir='ltr'><strong>celebrabat,</strong></span> 
     </span>
    </p>
   </div>
   <div class='ocr_carea' id='block_1_42' title="bbox 405 2503 1972 2574">
    <p class='ocr_par' dir='ltr' id='par_1_42' title="bbox 405 2503 1972 2574">
     <span class='ocr_line' id='line_1_42' title="bbox 405 2503 1972 2574; baseline -0.002 -13"><span class='ocrx_word' id='word_1_286' title='bbox 405 2507 498 2562; x_wconf 85' lang='lat' dir='ltr'><strong>sed</strong></span> <span class='ocrx_word' id='word_1_287' title='bbox 523 2506 830 2574; x_wconf 86' lang='lat' dir='ltr'><strong>neutiquam</strong></span> <span class='ocrx_word' id='word_1_288' title='bbox 877 2503 1051 2558; x_wconf 88' lang='lat' dir='ltr'><strong>adhuc</strong></span> <span class='ocrx_word' id='word_1_289' title='bbox 1079 2504 1143 2556; x_wconf 88' lang='lat' dir='ltr'><strong>ad</strong></span> <span class='ocrx_word' id='word_1_290' title='bbox 1181 2503 1453 2557; x_wconf 66' lang='lat' dir='ltr'><strong>dmmones</strong></span> <span class='ocrx_word' id='word_1_291' title='bbox 1494 2503 1638 2571; x_wconf 82' lang='lat' dir='ltr'><strong>ipsos</strong></span> <span class='ocrx_word' id='word_1_292' title='bbox 1668 2503 1972 2558; x_wconf 82' lang='lat' dir='ltr'><strong>adorandos</strong></span> 
     </span>
    </p>
   </div>
   <div class='ocr_carea' id='block_1_43' title="bbox 403 2592 1967 2666">
    <p class='ocr_par' dir='ltr' id='par_1_43' title="bbox 403 2592 1967 2666">
     <span class='ocr_line' id='line_1_43' title="bbox 403 2592 1967 2666; baseline -0.003 -16"><span class='ocrx_word' id='word_1_293' title='bbox 403 2610 695 2666; x_wconf 88' lang='lat' dir='ltr'><strong>properare</strong></span> <span class='ocrx_word' id='word_1_294' title='bbox 736 2594 1034 2660; x_wconf 89' lang='lat' dir='ltr'><strong>desinebat,</strong></span> <span class='ocrx_word' id='word_1_295' title='bbox 1073 2593 1182 2664; x_wconf 81' lang='lat'><strong>79</strong></span> <span class='ocrx_word' id='word_1_296' title='bbox 1225 2594 1325 2648; x_wconf 86' lang='lat' dir='ltr'><strong>etsi</strong></span> <span class='ocrx_word' id='word_1_297' title='bbox 1366 2594 1415 2646; x_wconf 92' lang='lat' dir='ltr'><strong>id</strong></span> <span class='ocrx_word' id='word_1_298' title='bbox 1459 2608 1564 2646; x_wconf 91' lang='lat' dir='ltr'><strong>non</strong></span> <span class='ocrx_word' id='word_1_299' title='bbox 1605 2592 1738 2647; x_wconf 88' lang='lat' dir='ltr'><strong>adeo</strong></span> <span class='ocrx_word' id='word_1_300' title='bbox 1772 2593 1967 2662; x_wconf 89' lang='lat' dir='ltr'><strong>palam,</strong></span> 
     </span>
    </p>
   </div>
   <div class='ocr_carea' id='block_1_44' title="bbox 403 2683 1970 2755">
    <p class='ocr_par' dir='ltr' id='par_1_44' title="bbox 403 2683 1970 2755">
     <span class='ocr_line' id='line_1_44' title="bbox 403 2683 1970 2755; baseline -0.001 -13"><span class='ocrx_word' id='word_1_301' title='bbox 403 2703 589 2742; x_wconf 87' lang='lat' dir='ltr'><strong>verum</strong></span> <span class='ocrx_word' id='word_1_302' title='bbox 625 2685 832 2741; x_wconf 85' lang='lat' dir='ltr'><strong>occulte</strong></span> <span class='ocrx_word' id='word_1_303' title='bbox 867 2693 921 2739; x_wconf 92' lang='lat' dir='ltr'><strong>et</strong></span> <span class='ocrx_word' id='word_1_304' title='bbox 957 2683 1207 2739; x_wconf 84' lang='lat' dir='ltr'><strong>latenter.</strong></span> <span class='ocrx_word' id='word_1_305' title='bbox 1251 2683 1430 2750; x_wconf 79' lang='lat' dir='ltr'><strong>Quare</strong></span> <span class='ocrx_word' id='word_1_306' title='bbox 1469 2683 1659 2740; x_wconf 89' lang='lat' dir='ltr'><strong>beatus</strong></span> <span class='ocrx_word' id='word_1_307' title='bbox 1709 2687 1970 2755; x_wconf 87' lang='lat' dir='ltr'><strong>propheta</strong></span> 
     </span>
    </p>
   </div>
   <div class='ocr_carea' id='block_1_45' title="bbox 405 2775 1972 2847">
    <p class='ocr_par' dir='ltr' id='par_1_45' title="bbox 405 2775 1972 2847">
     <span class='ocr_line' id='line_1_45' title="bbox 405 2775 1972 2847; baseline -0.003 -15"><span class='ocrx_word' id='word_1_308' title='bbox 405 2779 654 2834; x_wconf 86' lang='lat' dir='ltr'><strong>Ezechiel</strong></span> <span class='ocrx_word' id='word_1_309' title='bbox 689 2778 969 2847; x_wconf 80' lang='lat' dir='ltr'><strong>perfodere</strong></span> <span class='ocrx_word' id='word_1_310' title='bbox 1013 2777 1271 2846; x_wconf 90' lang='lat' dir='ltr'><strong>parietem</strong></span> <span class='ocrx_word' id='word_1_311' title='bbox 1308 2776 1492 2844; x_wconf 85' lang='lat' dir='ltr'><strong>jussus</strong></span> <span class='ocrx_word' id='word_1_312' title='bbox 1532 2783 1648 2841; x_wconf 87' lang='lat' dir='ltr'><strong>est;</strong></span> <span class='ocrx_word' id='word_1_313' title='bbox 1685 2791 1792 2844; x_wconf 91' lang='lat' dir='ltr'><strong>quo</strong></span> <span class='ocrx_word' id='word_1_314' title='bbox 1829 2775 1972 2829; x_wconf 68' lang='lat' dir='ltr'><strong>far-io</strong></span> 
     </span>
    </p>
   </div>
   <div class='ocr_carea' id='block_1_46' title="bbox 402 2867 1969 2935">
    <p class='ocr_par' dir='ltr' id='par_1_46' title="bbox 402 2867 1969 2935">
     <span class='ocr_line' id='line_1_46' title="bbox 402 2867 1969 2935; baseline -0.001 -13"><span class='ocrx_word' id='word_1_315' title='bbox 402 2871 538 2924; x_wconf 83' lang='lat' dir='ltr'><strong>vidit</strong></span> <span class='ocrx_word' id='word_1_316' title='bbox 563 2870 741 2924; x_wconf 87' lang='lat' dir='ltr'><strong>omnia</strong></span> <span class='ocrx_word' id='word_1_317' title='bbox 775 2867 914 2922; x_wconf 89' lang='lat' dir='ltr'><strong>idola</strong></span> <span class='ocrx_word' id='word_1_318' title='bbox 943 2867 1104 2920; x_wconf 87' lang='lat' dir='ltr'><strong>Israel</strong></span> <span class='ocrx_word' id='word_1_319' title='bbox 1133 2867 1342 2935; x_wconf 81' lang='lat' dir='ltr'><strong>depicta</strong></span> <span class='ocrx_word' id='word_1_320' title='bbox 1375 2867 1425 2918; x_wconf 92' lang='lat' dir='ltr'><strong>in</strong></span> <span class='ocrx_word' id='word_1_321' title='bbox 1460 2867 1774 2934; x_wconf 88' lang='lat' dir='ltr'><strong>parietibus.</strong></span> <span class='ocrx_word' id='word_1_322' title='bbox 1815 2867 1876 2920; x_wconf 88' lang='lat' dir='ltr'><strong>Et</strong></span> <span class='ocrx_word' id='word_1_323' title='bbox 1903 2867 1969 2920; x_wconf 88' lang='lat' dir='ltr'><strong>ad</strong></span> 
     </span>
    </p>
   </div>
   <div class='ocr_carea' id='block_1_47' title="bbox 337 2955 1966 3032">
    <p class='ocr_par' dir='ltr' id='par_1_47' title="bbox 337 2955 1966 3032">
     <span class='ocr_line' id='line_1_47' title="bbox 337 2955 1966 3032; baseline -0.004 -14"><span class='ocrx_word' id='word_1_324' title='bbox 337 3017 339 3019; x_wconf 79' lang='grc'><strong>,</strong></span> <span class='ocrx_word' id='word_1_325' title='bbox 405 2964 576 3032; x_wconf 91' lang='lat' dir='ltr'><strong>ipsum</strong></span> <span class='ocrx_word' id='word_1_326' title='bbox 626 2961 994 3013; x_wconf 89' lang='lat' dir='ltr'><strong>universorum</strong></span> <span class='ocrx_word' id='word_1_327' title='bbox 1034 2959 1218 3010; x_wconf 86' lang='lat' dir='ltr'><strong>Deus:</strong></span> <span class='ocrx_word' id='word_1_328' title='bbox 1263 2975 1282 3007; x_wconf 73' lang='grc' dir='ltr'><strong>ι</strong></span> <span class='ocrx_word' id='word_1_329' title='bbox 1313 2955 1542 3020; x_wconf 82' lang='lat' dir='ltr'><strong>Vidisti,</strong></span> <span class='ocrx_word' id='word_1_330' title='bbox 1583 2957 1654 3011; x_wconf 84' lang='lat' dir='ltr'><strong>ﬁli</strong></span> <span class='ocrx_word' id='word_1_331' title='bbox 1702 2959 1966 3022; x_wconf 88' lang='lat' dir='ltr'><strong>hominis,</strong></span> 
     </span>
    </p>
   </div>
   <div class='ocr_carea' id='block_1_48' title="bbox 404 3048 1968 3124">
    <p class='ocr_par' dir='ltr' id='par_1_48' title="bbox 404 3048 1968 3124">
     <span class='ocr_line' id='line_1_48' title="bbox 404 3048 1968 3124; baseline -0.003 -16"><span class='ocrx_word' id='word_1_332' title='bbox 404 3054 532 3124; x_wconf 82' lang='lat' dir='ltr'><strong>quid</strong></span> <span class='ocrx_word' id='word_1_333' title='bbox 560 3053 802 3108; x_wconf 78' lang='lat' dir='ltr'><strong>seniores</strong></span> <span class='ocrx_word' id='word_1_334' title='bbox 821 3051 1011 3104; x_wconf 91' lang='lat' dir='ltr'><strong>domus</strong></span> <span class='ocrx_word' id='word_1_335' title='bbox 1035 3049 1199 3104; x_wconf 84' lang='lat' dir='ltr'><strong>Israel</strong></span> <span class='ocrx_word' id='word_1_336' title='bbox 1231 3049 1429 3103; x_wconf 84' lang='lat' dir='ltr'><strong>faciant</strong></span> <span class='ocrx_word' id='word_1_337' title='bbox 1453 3048 1580 3102; x_wconf 84' lang='lat' dir='ltr'><strong>hic?</strong></span> <span class='ocrx_word' id='word_1_338' title='bbox 1602 3051 1968 3120; x_wconf 66' lang='lat' dir='ltr'><strong>unusquisque</strong></span> 
     </span>
    </p>
   </div>
   <div class='ocr_carea' id='block_1_49' title="bbox 2075 1867 3654 1953">
    <p class='ocr_par' dir='ltr' id='par_1_49' title="bbox 2075 1867 3654 1953">
     <span class='ocr_line' id='line_1_49' title="bbox 2075 1867 3654 1953; baseline 0.013 -34"><span class='ocrx_word' id='word_1_339' title='bbox 2075 1867 2354 1937; x_wconf 81' lang='grc' dir='ltr'>λατρείαις</span> <span class='ocrx_word' id='word_1_340' title='bbox 2383 1873 2742 1940; x_wconf 84' lang='grc' dir='ltr'>προσκεῖσθαι</span> <span class='ocrx_word' id='word_1_341' title='bbox 2771 1874 2966 1942; x_wconf 79' lang='grc' dir='ltr'>φιλεῖν,</span> <span class='ocrx_word' id='word_1_342' title='bbox 2995 1878 3089 1930; x_wconf 78' lang='grc' dir='ltr'>καὶ</span> <span class='ocrx_word' id='word_1_343' title='bbox 3117 1878 3217 1948; x_wconf 81' lang='grc' dir='ltr'>τῆς</span> <span class='ocrx_word' id='word_1_344' title='bbox 3249 1882 3328 1943; x_wconf 85' lang='grc' dir='ltr'><strong>είς</strong></span> <span class='ocrx_word' id='word_1_345' title='bbox 3357 1881 3487 1936; x_wconf 87' lang='grc' dir='ltr'>Θεὸν</span> <span class='ocrx_word' id='word_1_346' title='bbox 3517 1885 3654 1953; x_wconf 83' lang='grc' dir='ltr'>ἀγά-</span> 
     </span>
    </p>
   </div>
   <div class='ocr_carea' id='block_1_50' title="bbox 2077 1959 3653 2046">
    <p class='ocr_par' dir='ltr' id='par_1_50' title="bbox 2077 1959 3653 2046">
     <span class='ocr_line' id='line_1_50' title="bbox 2077 1959 3653 2046; baseline 0.011 -36"><span class='ocrx_word' id='word_1_347' title='bbox 2077 1975 2184 2027; x_wconf 86' lang='grc' dir='ltr'><strong>πης</strong></span> <span class='ocrx_word' id='word_1_348' title='bbox 2209 1959 2970 2034; x_wconf 79' lang='grc' dir='ltr'>ἀπονοσφίζεσθαι.Σημαίνει</span> <span class='ocrx_word' id='word_1_349' title='bbox 2995 1966 3057 2038; x_wconf 83' lang='grc' dir='ltr'>δὴ</span> <span class='ocrx_word' id='word_1_350' title='bbox 3091 1962 3183 2020; x_wconf 76' lang='grc' dir='ltr'><strong>οὖν</strong></span> <span class='ocrx_word' id='word_1_351' title='bbox 3215 1968 3398 2023; x_wconf 75' lang='grc' dir='ltr'>ἐνθάδε</span> <span class='ocrx_word' id='word_1_352' title='bbox 3429 1973 3506 2038; x_wconf 90' lang='grc' dir='ltr'><strong>τὸ,</strong></span> <span class='ocrx_word' id='word_1_353' title='bbox 3535 1994 3554 2025; x_wconf 85' lang='grc'><strong><em>‹</em></strong></span> <span class='ocrx_word' id='word_1_354' title='bbox 3577 1975 3653 2046; x_wconf 84' lang='grc' dir='ltr'>μὴ</span> 
     </span>
    </p>
   </div>
   <div class='ocr_carea' id='block_1_51' title="bbox 2073 2049 3653 2137">
    <p class='ocr_par' dir='ltr' id='par_1_51' title="bbox 2073 2049 3653 2137">
     <span class='ocr_line' id='line_1_51' title="bbox 2073 2049 3653 2137; baseline 0.012 -36"><span class='ocrx_word' id='word_1_355' title='bbox 2073 2049 2308 2118; x_wconf 74' lang='grc' dir='ltr'>ἀγνόει,»</span> <span class='ocrx_word' id='word_1_356' title='bbox 2332 2052 2411 2116; x_wconf 90' lang='grc' dir='ltr'><strong>τὸ,</strong></span> <span class='ocrx_word' id='word_1_357' title='bbox 2436 2054 2508 2124; x_wconf 81' lang='grc' dir='ltr'>μὴ</span> <span class='ocrx_word' id='word_1_358' title='bbox 2532 2053 2621 2106; x_wconf 74' lang='grc' dir='ltr'>ἔσο</span> <span class='ocrx_word' id='word_1_359' title='bbox 2646 2056 2847 2126; x_wconf 89' lang='grc' dir='ltr'>μωρὸς,</span> <span class='ocrx_word' id='word_1_360' title='bbox 2869 2057 3113 2130; x_wconf 81' lang='grc' dir='ltr'>μηδὲτῆς</span> <span class='ocrx_word' id='word_1_361' title='bbox 3147 2063 3224 2126; x_wconf 87' lang='grc' dir='ltr'><strong>εἰς</strong></span> <span class='ocrx_word' id='word_1_362' title='bbox 3246 2063 3396 2133; x_wconf 80' lang='grc' dir='ltr'>λῆξιν</span> <span class='ocrx_word' id='word_1_363' title='bbox 3415 2067 3653 2137; x_wconf 76' lang='grc' dir='ltr'>ἡκούσης</span> 
     </span>
    </p>
   </div>
   <div class='ocr_carea' id='block_1_52' title="bbox 2073 2141 3651 2219">
    <p class='ocr_par' dir='ltr' id='par_1_52' title="bbox 2073 2141 3651 2219">
     <span class='ocr_line' id='line_1_52' title="bbox 2073 2141 3651 2219; baseline 0.011 -26"><span class='ocrx_word' id='word_1_364' title='bbox 2073 2141 2360 2208; x_wconf 81' lang='grc' dir='ltr'>ἀσυνεσίας</span> <span class='ocrx_word' id='word_1_365' title='bbox 2390 2144 2656 2215; x_wconf 73' lang='grc' dir='ltr'>ἔμπλεως.</span> <span class='ocrx_word' id='word_1_366' title='bbox 2706 2148 2987 2219; x_wconf 85' lang='grc' dir='ltr'>Ἐντρέπει</span> <span class='ocrx_word' id='word_1_367' title='bbox 3031 2149 3087 2203; x_wconf 83' lang='grc' dir='ltr'>δὲ</span> <span class='ocrx_word' id='word_1_368' title='bbox 3122 2153 3280 2206; x_wconf 84' lang='grc' dir='ltr'>πάλιν</span> <span class='ocrx_word' id='word_1_369' title='bbox 3328 2155 3569 2219; x_wconf 73' lang='grc' dir='ltr'>καὶτοὺς</span> <span class='ocrx_word' id='word_1_370' title='bbox 3593 2158 3651 2210; x_wconf 83' lang='grc' dir='ltr'>ὲν</span> 
     </span>
    </p>
   </div>
   <div class='ocr_carea' id='block_1_53' title="bbox 2073 2235 3651 2316">
    <p class='ocr_par' dir='ltr' id='par_1_53' title="bbox 2073 2235 3651 2316">
     <span class='ocr_line' id='line_1_53' title="bbox 2073 2235 3651 2316; baseline 0.01 -32"><span class='ocrx_word' id='word_1_371' title='bbox 2073 2235 2185 2295; x_wconf 86' lang='grc' dir='ltr'>τοῖς</span> <span class='ocrx_word' id='word_1_372' title='bbox 2215 2235 2627 2307; x_wconf 84' lang='grc' dir='ltr'>Ἱεροσολύμοις,</span> <span class='ocrx_word' id='word_1_373' title='bbox 2660 2239 2903 2292; x_wconf 84' lang='grc' dir='ltr'>τουτέστι</span> <span class='ocrx_word' id='word_1_374' title='bbox 2937 2241 3026 2292; x_wconf 88' lang='grc' dir='ltr'><strong>τὸν</strong></span> <span class='ocrx_word' id='word_1_375' title='bbox 3066 2242 3282 2306; x_wconf 82' lang='grc' dir='ltr'>Ἰούδαν,</span> <span class='ocrx_word' id='word_1_376' title='bbox 3318 2244 3392 2306; x_wconf 85' lang='grc' dir='ltr'>ὡς</span> <span class='ocrx_word' id='word_1_377' title='bbox 3427 2245 3651 2316; x_wconf 84' lang='grc' dir='ltr'>ὐποκρι-</span> 
     </span>
    </p>
   </div>
   <div class='ocr_carea' id='block_1_54' title="bbox 2074 2323 3648 2406">
    <p class='ocr_par' dir='ltr' id='par_1_54' title="bbox 2074 2323 3648 2406">
     <span class='ocr_line' id='line_1_54' title="bbox 2074 2323 3648 2406; baseline 0.01 -30"><span class='ocrx_word' id='word_1_378' title='bbox 2074 2323 2193 2394; x_wconf 82' lang='grc' dir='ltr'>τὴν,</span> <span class='ocrx_word' id='word_1_379' title='bbox 2230 2326 2322 2378; x_wconf 79' lang='grc' dir='ltr'><strong>καὶ</strong></span> <span class='ocrx_word' id='word_1_380' title='bbox 2348 2327 2576 2393; x_wconf 88' lang='grc' dir='ltr'>ἀνοσίως</span> <span class='ocrx_word' id='word_1_381' title='bbox 2612 2330 2919 2401; x_wconf 76' lang='grc' dir='ltr'>ὑϐρίζοντα,</span> <span class='ocrx_word' id='word_1_382' title='bbox 2970 2332 3058 2386; x_wconf 90' lang='grc' dir='ltr'>διά</span> <span class='ocrx_word' id='word_1_383' title='bbox 3088 2351 3151 2403; x_wconf 90' lang='grc' dir='ltr'><strong>γε</strong></span> <span class='ocrx_word' id='word_1_384' title='bbox 3185 2335 3279 2388; x_wconf 60' lang='lat' dir='ltr'><strong>sui?</strong></span> <span class='ocrx_word' id='word_1_385' title='bbox 3328 2337 3530 2406; x_wconf 84' lang='grc' dir='ltr'>βαίνειν</span> <span class='ocrx_word' id='word_1_386' title='bbox 3561 2339 3648 2392; x_wconf 73' lang='grc' dir='ltr'>ἐπ’</span> 
     </span>
    </p>
   </div>
   <div class='ocr_carea' id='block_1_55' title="bbox 2073 2415 3648 2499">
    <p class='ocr_par' dir='ltr' id='par_1_55' title="bbox 2073 2415 3648 2499">
     <span class='ocr_line' id='line_1_55' title="bbox 2073 2415 3648 2499; baseline 0.011 -33"><span class='ocrx_word' id='word_1_387' title='bbox 2073 2415 2260 2485; x_wconf 78' lang='grc' dir='ltr'>ἄμφω,</span> <span class='ocrx_word' id='word_1_388' title='bbox 2320 2418 2519 2486; x_wconf 82' lang='grc' dir='ltr'>μᾶλλον</span> <span class='ocrx_word' id='word_1_389' title='bbox 2569 2420 2625 2472; x_wconf 86' lang='grc' dir='ltr'><strong>δὲ</strong></span> <span class='ocrx_word' id='word_1_390' title='bbox 2688 2422 2944 2491; x_wconf 81' lang='grc' dir='ltr'>χωλεύειν</span> <span class='ocrx_word' id='word_1_391' title='bbox 2998 2425 3085 2477; x_wconf 79' lang='grc' dir='ltr'><strong>ἐπ’</strong></span> <span class='ocrx_word' id='word_1_392' title='bbox 3138 2428 3475 2499; x_wconf 82' lang='grc' dir='ltr'>ἀμφοτέραις</span> <span class='ocrx_word' id='word_1_393' title='bbox 3531 2433 3648 2494; x_wconf 86' lang='grc' dir='ltr'>ταῖς</span> 
     </span>
    </p>
   </div>
   <div class='ocr_carea' id='block_1_56' title="bbox 2077 2507 3648 2588">
    <p class='ocr_par' dir='ltr' id='par_1_56' title="bbox 2077 2507 3648 2588">
     <span class='ocr_line' id='line_1_56' title="bbox 2077 2507 3648 2588; baseline 0.011 -29"><span class='ocrx_word' id='word_1_394' title='bbox 2077 2507 2302 2576; x_wconf 75' lang='grc' dir='ltr'>ἰγνύαις,</span> <span class='ocrx_word' id='word_1_395' title='bbox 2332 2511 2470 2563; x_wconf 82' lang='grc' dir='ltr'><strong>κατά</strong></span> <span class='ocrx_word' id='word_1_396' title='bbox 2506 2511 2602 2575; x_wconf 78' lang='grc' dir='ltr'>τὴν</span> <span class='ocrx_word' id='word_1_397' title='bbox 2633 2513 2725 2566; x_wconf 79' lang='grc' dir='ltr'>τοῦ</span> <span class='ocrx_word' id='word_1_398' title='bbox 2759 2519 3036 2585; x_wconf 71' lang='grc' dir='ltr'>προφήτου</span> <span class='ocrx_word' id='word_1_399' title='bbox 3071 2520 3274 2588; x_wconf 88' lang='grc' dir='ltr'>φωνήν.</span> <span class='ocrx_word' id='word_1_400' title='bbox 3328 2521 3648 2576; x_wconf 82' lang='grc' dir='ltr'>Ἐπλάττετο</span> 
     </span>
    </p>
   </div>
   <div class='ocr_carea' id='block_1_57' title="bbox 2075 2601 3646 2685">
    <p class='ocr_par' dir='ltr' id='par_1_57' title="bbox 2075 2601 3646 2685">
     <span class='ocr_line' id='line_1_57' title="bbox 2075 2601 3646 2685; baseline 0.01 -32"><span class='ocrx_word' id='word_1_401' title='bbox 2075 2601 2172 2672; x_wconf 80' lang='grc' dir='ltr'>μὲν</span> <span class='ocrx_word' id='word_1_402' title='bbox 2215 2603 2321 2673; x_wconf 87' lang='grc' dir='ltr'><strong>γάρ</strong></span> <span class='ocrx_word' id='word_1_403' title='bbox 2363 2605 2698 2675; x_wconf 81' lang='grc' dir='ltr'>ἐπιτηδεύειν</span> <span class='ocrx_word' id='word_1_404' title='bbox 2741 2624 2798 2660; x_wconf 86' lang='grc' dir='ltr'><strong>τε</strong></span> <span class='ocrx_word' id='word_1_405' title='bbox 2849 2610 2942 2663; x_wconf 73' lang='grc' dir='ltr'><strong>καὶ</strong></span> <span class='ocrx_word' id='word_1_406' title='bbox 2988 2611 3206 2680; x_wconf 82' lang='grc' dir='ltr'>ἀγαπᾷν</span> <span class='ocrx_word' id='word_1_407' title='bbox 3246 2613 3345 2685; x_wconf 81' lang='grc' dir='ltr'>τὴν</span> <span class='ocrx_word' id='word_1_408' title='bbox 3387 2615 3466 2678; x_wconf 84' lang='grc' dir='ltr'><strong>είς</strong></span> <span class='ocrx_word' id='word_1_409' title='bbox 3515 2615 3646 2670; x_wconf 87' lang='grc' dir='ltr'>Θεὸν</span> 
     </span>
    </p>
   </div>
   <div class='ocr_carea' id='block_1_58' title="bbox 2075 2692 3647 2777">
    <p class='ocr_par' dir='ltr' id='par_1_58' title="bbox 2075 2692 3647 2777">
     <span class='ocr_line' id='line_1_58' title="bbox 2075 2692 3647 2777; baseline 0.01 -34"><span class='ocrx_word' id='word_1_410' title='bbox 2075 2692 2376 2759; x_wconf 80' lang='grc' dir='ltr'>εὐσέϐειαν,</span> <span class='ocrx_word' id='word_1_411' title='bbox 2405 2695 2500 2748; x_wconf 73' lang='grc' dir='ltr'><strong>καὶ</strong></span> <span class='ocrx_word' id='word_1_412' title='bbox 2531 2695 2626 2760; x_wconf 78' lang='grc' dir='ltr'>τὰς</span> <span class='ocrx_word' id='word_1_413' title='bbox 2660 2698 2802 2752; x_wconf 85' lang='grc' dir='ltr'>κατὰ</span> <span class='ocrx_word' id='word_1_414' title='bbox 2829 2699 2990 2770; x_wconf 85' lang='grc' dir='ltr'>νόμον</span> <span class='ocrx_word' id='word_1_415' title='bbox 3019 2702 3208 2767; x_wconf 86' lang='grc' dir='ltr'>θυσίας</span> <span class='ocrx_word' id='word_1_416' title='bbox 3241 2705 3442 2758; x_wconf 80' lang='grc' dir='ltr'>ἐτέλει·</span> <span class='ocrx_word' id='word_1_417' title='bbox 3474 2706 3647 2777; x_wconf 79' lang='grc' dir='ltr'>ἀπήλ-</span> 
     </span>
    </p>
   </div>
   <div class='ocr_carea' id='block_1_59' title="bbox 2071 2784 3646 2863">
    <p class='ocr_par' dir='ltr' id='par_1_59' title="bbox 2071 2784 3646 2863">
     <span class='ocr_line' id='line_1_59' title="bbox 2071 2784 3646 2863; baseline 0.01 -27"><span class='ocrx_word' id='word_1_418' title='bbox 2071 2784 2236 2838; x_wconf 90' lang='grc' dir='ltr'>λακτο</span> <span class='ocrx_word' id='word_1_419' title='bbox 2287 2787 2342 2838; x_wconf 83' lang='grc' dir='ltr'><strong>δὲ</strong></span> <span class='ocrx_word' id='word_1_420' title='bbox 2394 2787 2642 2858; x_wconf 80' lang='grc' dir='ltr'>οὐδαμῶς</span> <span class='ocrx_word' id='word_1_421' title='bbox 2681 2791 2775 2844; x_wconf 82' lang='grc' dir='ltr'>τοῦ</span> <span class='ocrx_word' id='word_1_422' title='bbox 2819 2791 2913 2844; x_wconf 73' lang='grc' dir='ltr'><strong>καὶ</strong></span> <span class='ocrx_word' id='word_1_423' title='bbox 2947 2793 3129 2856; x_wconf 84' lang='grc' dir='ltr'>αὐτοῖς</span> <span class='ocrx_word' id='word_1_424' title='bbox 3175 2796 3488 2863; x_wconf 81' lang='grc' dir='ltr'>ἐπείγεσθαι</span> <span class='ocrx_word' id='word_1_425' title='bbox 3534 2802 3646 2862; x_wconf 84' lang='grc' dir='ltr'>τοῖς</span> 
     </span>
    </p>
   </div>
   <div class='ocr_carea' id='block_1_60' title="bbox 2069 2874 3642 2955">
    <p class='ocr_par' dir='ltr' id='par_1_60' title="bbox 2069 2874 3642 2955">
     <span class='ocr_line' id='line_1_60' title="bbox 2069 2874 3642 2955; baseline 0.009 -28"><span class='ocrx_word' id='word_1_426' title='bbox 2069 2874 2364 2942; x_wconf 82' lang='grc' dir='ltr'>δαιμονίοις</span> <span class='ocrx_word' id='word_1_427' title='bbox 2422 2882 2766 2948; x_wconf 87' lang='grc' dir='ltr'>προσκυνεῖν,</span> <span class='ocrx_word' id='word_1_428' title='bbox 2811 2882 2857 2933; x_wconf 84' lang='grc' dir='ltr'><strong>εί</strong></span> <span class='ocrx_word' id='word_1_429' title='bbox 2905 2882 2998 2933; x_wconf 61' lang='grc' dir='ltr'><strong>καί⁸</strong></span> <span class='ocrx_word' id='word_1_430' title='bbox 3046 2883 3120 2952; x_wconf 85' lang='grc' dir='ltr'>μὴ</span> <span class='ocrx_word' id='word_1_431' title='bbox 3162 2883 3279 2938; x_wconf 85' lang='grc' dir='ltr'>λίαν</span> <span class='ocrx_word' id='word_1_432' title='bbox 3322 2888 3642 2955; x_wconf 84' lang='grc' dir='ltr'>ἀναφανδὸν,</span> 
     </span>
    </p>
   </div>
   <div class='ocr_carea' id='block_1_61' title="bbox 2071 2963 3645 3046">
    <p class='ocr_par' dir='ltr' id='par_1_61' title="bbox 2071 2963 3645 3046">
     <span class='ocr_line' id='line_1_61' title="bbox 2071 2963 3645 3046; baseline 0.01 -28"><span class='ocrx_word' id='word_1_433' title='bbox 2071 2965 2184 3019; x_wconf 89' lang='grc' dir='ltr'>ἀλλ’</span> <span class='ocrx_word' id='word_1_434' title='bbox 2225 2963 2318 3020; x_wconf 74' lang='grc' dir='ltr'>οὖν</span> <span class='ocrx_word' id='word_1_435' title='bbox 2364 2971 2759 3039; x_wconf 82' lang='grc' dir='ltr'>κεκρυμμένως</span> <span class='ocrx_word' id='word_1_436' title='bbox 2799 2972 2891 3024; x_wconf 77' lang='grc' dir='ltr'><strong>καὶ</strong></span> <span class='ocrx_word' id='word_1_437' title='bbox 2931 2973 3251 3043; x_wconf 82' lang='grc' dir='ltr'>λεληθότως.</span> <span class='ocrx_word' id='word_1_438' title='bbox 3292 2978 3402 3030; x_wconf 77' lang='grc' dir='ltr'>Καὶ</span> <span class='ocrx_word' id='word_1_439' title='bbox 3444 2979 3570 3046; x_wconf 80' lang='grc' dir='ltr'>γοῦν</span> <span class='ocrx_word' id='word_1_440' title='bbox 3616 2983 3645 3033; x_wconf 90' lang='lat'><strong>6</strong></span> 
     </span>
    </p>
   </div>
   <div class='ocr_carea' id='block_1_62' title="bbox 2075 3057 3645 3141">
    <p class='ocr_par' dir='ltr' id='par_1_62' title="bbox 2075 3057 3645 3141">
     <span class='ocr_line' id='line_1_62' title="bbox 2075 3057 3645 3141; baseline 0.01 -33"><span class='ocrx_word' id='word_1_441' title='bbox 2075 3057 2340 3128; x_wconf 81' lang='grc' dir='ltr'>μακάριος</span> <span class='ocrx_word' id='word_1_442' title='bbox 2367 3061 2648 3130; x_wconf 86' lang='grc' dir='ltr'>προφήτης</span> <span class='ocrx_word' id='word_1_443' title='bbox 2703 3062 2958 3135; x_wconf 81' lang='grc' dir='ltr'>Ἰεζεχιὴλ</span> <span class='ocrx_word' id='word_1_444' title='bbox 2991 3066 3235 3136; x_wconf 86' lang='grc' dir='ltr'>ὀρύττειν</span> <span class='ocrx_word' id='word_1_445' title='bbox 3278 3069 3335 3120; x_wconf 74' lang='grc' dir='ltr'>ἐν</span> <span class='ocrx_word' id='word_1_446' title='bbox 3374 3070 3450 3140; x_wconf 83' lang='grc' dir='ltr'><strong>τῷ</strong></span> <span class='ocrx_word' id='word_1_447' title='bbox 3483 3071 3645 3141; x_wconf 77' lang='grc' dir='ltr'>τοίχῳ</span> 
     </span>
    </p>
   </div>
   <div class='ocr_carea' id='block_1_63' title="bbox 405 3141 1966 3219">
    <p class='ocr_par' dir='ltr' id='par_1_63' title="bbox 405 3141 1966 3211">
     <span class='ocr_line' id='line_1_63' title="bbox 405 3141 1966 3211; baseline -0.002 -12"><span class='ocrx_word' id='word_1_448' title='bbox 405 3159 590 3199; x_wconf 90' lang='lat' dir='ltr'><strong>eorum</strong></span> <span class='ocrx_word' id='word_1_449' title='bbox 617 3144 670 3198; x_wconf 77' lang='lat' dir='ltr'><strong>in</strong></span> <span class='ocrx_word' id='word_1_450' title='bbox 698 3142 944 3197; x_wconf 88' lang='lat' dir='ltr'><strong>cubiculo</strong></span> <span class='ocrx_word' id='word_1_451' title='bbox 959 3141 1276 3196; x_wconf 86' lang='lat' dir='ltr'><strong>abscondito</strong></span> <span class='ocrx_word' id='word_1_452' title='bbox 1295 3157 1508 3196; x_wconf 87' lang='lat' dir='ltr'><strong>eorum.</strong></span> <span class='ocrx_word' id='word_1_453' title='bbox 1533 3141 1666 3207; x_wconf 82' lang='lat' dir='ltr'><strong>Quia</strong></span> <span class='ocrx_word' id='word_1_454' title='bbox 1699 3141 1966 3211; x_wconf 82' lang='lat' dir='ltr'><strong>dixerunt,</strong></span> 
     </span>
    </p>
   </div>
   <div class='ocr_carea' id='block_1_64' title="bbox 2073 3141 3642 3219">
    <p class='ocr_par' dir='ltr' id='par_1_64' title="bbox 2073 3148 3642 3219">
     <span class='ocr_line' id='line_1_64' title="bbox 2073 3148 3642 3219; baseline 0.01 -19"><span class='ocrx_word' id='word_1_455' title='bbox 2073 3150 2481 3219; x_wconf 84' lang='grc' dir='ltr'>προσετάττετο.</span> <span class='ocrx_word' id='word_1_456' title='bbox 2523 3148 2650 3205; x_wconf 76' lang='grc' dir='ltr'>Εἶτα</span> <span class='ocrx_word' id='word_1_457' title='bbox 2683 3155 2935 3209; x_wconf 85' lang='grc' dir='ltr'>τεθέαται</span> <span class='ocrx_word' id='word_1_458' title='bbox 2965 3157 3142 3211; x_wconf 71' lang='grc' dir='ltr'>πάντα</span> <span class='ocrx_word' id='word_1_459' title='bbox 3180 3159 3246 3211; x_wconf 79' lang='grc' dir='ltr'><strong>τὰ</strong></span> <span class='ocrx_word' id='word_1_460' title='bbox 3273 3160 3462 3215; x_wconf 75' lang='grc' dir='ltr'>εἴδωλα</span> <span class='ocrx_word' id='word_1_461' title='bbox 3494 3164 3642 3216; x_wconf 76' lang='grc' dir='ltr'>οἴκου</span> 
     </span>
    </p>
   </div>
   <div class='ocr_carea' id='block_1_65' title="bbox 403 3233 1962 3305">
    <p class='ocr_par' dir='ltr' id='par_1_65' title="bbox 403 3233 1962 3305">
     <span class='ocr_line' id='line_1_65' title="bbox 403 3233 1962 3305; baseline -0.003 -15"><span class='ocrx_word' id='word_1_462' title='bbox 403 3236 702 3305; x_wconf 86' lang='lat' dir='ltr'><strong>Dereliquit</strong></span> <span class='ocrx_word' id='word_1_463' title='bbox 732 3235 1006 3302; x_wconf 85' lang='lat' dir='ltr'><strong>Dominus,</strong></span> <span class='ocrx_word' id='word_1_464' title='bbox 1031 3248 1133 3287; x_wconf 92' lang='lat' dir='ltr'><strong>non</strong></span> <span class='ocrx_word' id='word_1_465' title='bbox 1169 3234 1298 3287; x_wconf 84' lang='lat' dir='ltr'><strong>vidit</strong></span> <span class='ocrx_word' id='word_1_466' title='bbox 1336 3233 1590 3287; x_wconf 88' lang='lat' dir='ltr'><strong>Dominus</strong></span> <span class='ocrx_word' id='word_1_467' title='bbox 1621 3242 1818 3287; x_wconf 89' lang='lat' dir='ltr'><strong>terram</strong></span> <span class='ocrx_word' id='word_1_468' title='bbox 1852 3237 1916 3287; x_wconf 77' lang='lat'><strong>”.</strong></span> <span class='ocrx_word' id='word_1_469' title='bbox 1944 3254 1962 3286; x_wconf 73' lang='grc' dir='ltr'><strong>ι</strong></span> 
     </span>
    </p>
   </div>
   <div class='ocr_carea' id='block_1_66' title="bbox 403 3324 1970 3398">
    <p class='ocr_par' dir='ltr' id='par_1_66' title="bbox 403 3324 1970 3398">
     <span class='ocr_line' id='line_1_66' title="bbox 403 3324 1970 3398; baseline -0.002 -14"><span class='ocrx_word' id='word_1_470' title='bbox 403 3330 492 3384; x_wconf 86' lang='lat' dir='ltr'><strong>Ait</strong></span> <span class='ocrx_word' id='word_1_471' title='bbox 545 3330 673 3384; x_wconf 88' lang='lat' dir='ltr'><strong>item</strong></span> <span class='ocrx_word' id='word_1_472' title='bbox 720 3327 1001 3398; x_wconf 86' lang='lat' dir='ltr'><strong>propheta,</strong></span> <span class='ocrx_word' id='word_1_473' title='bbox 1045 3341 1104 3381; x_wconf 91' lang='lat' dir='ltr'><strong>se</strong></span> <span class='ocrx_word' id='word_1_474' title='bbox 1147 3325 1420 3394; x_wconf 78' lang='lat' dir='ltr'><strong>aspexisse</strong></span> <span class='ocrx_word' id='word_1_475' title='bbox 1470 3324 1718 3380; x_wconf 88' lang='lat' dir='ltr'><strong>mulieres</strong></span> <span class='ocrx_word' id='word_1_476' title='bbox 1757 3340 1970 3395; x_wconf 87' lang='lat' dir='ltr'><strong>quoque</strong></span> 
     </span>
    </p>
   </div>
   <div class='ocr_carea' id='block_1_67' title="bbox 404 3413 1965 3488">
    <p class='ocr_par' dir='ltr' id='par_1_67' title="bbox 404 3413 1965 3488">
     <span class='ocr_line' id='line_1_67' title="bbox 404 3413 1965 3488; baseline -0.003 -14"><span class='ocrx_word' id='word_1_477' title='bbox 404 3419 652 3474; x_wconf 88' lang='lat' dir='ltr'><strong>sedentes</strong></span> <span class='ocrx_word' id='word_1_478' title='bbox 703 3429 756 3472; x_wconf 89' lang='lat' dir='ltr'><strong>ct</strong></span> <span class='ocrx_word' id='word_1_479' title='bbox 788 3418 1102 3488; x_wconf 85' lang='lat' dir='ltr'><strong>plangentes</strong></span> <span class='ocrx_word' id='word_1_480' title='bbox 1157 3415 1484 3476; x_wconf 73' lang='lat' dir='ltr'><strong>Thammuz,</strong></span> <span class='ocrx_word' id='word_1_481' title='bbox 1524 3414 1612 3484; x_wconf 85' lang='lat' dir='ltr'><strong>qui</strong></span> <span class='ocrx_word' id='word_1_482' title='bbox 1657 3413 1965 3470; x_wconf 64' lang='lat' dir='ltr'><strong>Graecorum</strong></span> 
     </span>
    </p>
   </div>
   <div class='ocr_carea' id='block_1_68' title="bbox 403 3506 1967 3580">
    <p class='ocr_par' dir='ltr' id='par_1_68' title="bbox 403 3506 1967 3580">
     <span class='ocr_line' id='line_1_68' title="bbox 403 3506 1967 3580; baseline -0.001 -17"><span class='ocrx_word' id='word_1_483' title='bbox 403 3511 578 3580; x_wconf 81' lang='lat' dir='ltr'><strong>lingua</strong></span> <span class='ocrx_word' id='word_1_484' title='bbox 613 3519 695 3563; x_wconf 90' lang='lat' dir='ltr'><strong>est</strong></span> <span class='ocrx_word' id='word_1_485' title='bbox 715 3509 940 3563; x_wconf 85' lang='lat' dir='ltr'><strong>Adonis.</strong></span> <span class='ocrx_word' id='word_1_486' title='bbox 957 3507 1207 3576; x_wconf 88' lang='lat' dir='ltr'><strong>Perspice</strong></span> <span class='ocrx_word' id='word_1_487' title='bbox 1231 3506 1414 3576; x_wconf 80' lang='lat' dir='ltr'><strong>igitur,</strong></span> <span class='ocrx_word' id='word_1_488' title='bbox 1441 3522 1546 3576; x_wconf 91' lang='lat' dir='ltr'><strong>quo</strong></span> <span class='ocrx_word' id='word_1_489' title='bbox 1569 3519 1746 3576; x_wconf 83' lang='lat' dir='ltr'><strong>pacto,</strong></span> <span class='ocrx_word' id='word_1_490' title='bbox 1774 3521 1967 3576; x_wconf 85' lang='lat' dir='ltr'><strong>quam-</strong></span> 
     </span>
    </p>
   </div>
   <div class='ocr_carea' id='block_1_69' title="bbox 401 3597 1968 3666">
    <p class='ocr_par' dir='ltr' id='par_1_69' title="bbox 401 3597 1968 3666">
     <span class='ocr_line' id='line_1_69' title="bbox 401 3597 1968 3666; baseline -0.002 -12"><span class='ocrx_word' id='word_1_491' title='bbox 401 3602 482 3654; x_wconf 80' lang='lat' dir='ltr'><strong>vis</strong></span> <span class='ocrx_word' id='word_1_492' title='bbox 522 3599 761 3653; x_wconf 86' lang='lat' dir='ltr'><strong>divinum</strong></span> <span class='ocrx_word' id='word_1_493' title='bbox 792 3597 1048 3666; x_wconf 87' lang='lat' dir='ltr'><strong>templum</strong></span> <span class='ocrx_word' id='word_1_494' title='bbox 1085 3597 1449 3652; x_wconf 85' lang='lat' dir='ltr'><strong>venerabundi</strong></span> <span class='ocrx_word' id='word_1_495' title='bbox 1490 3598 1722 3665; x_wconf 89' lang='lat' dir='ltr'><strong>obirent,</strong></span> <span class='ocrx_word' id='word_1_496' title='bbox 1758 3606 1812 3652; x_wconf 90' lang='lat' dir='ltr'><strong>et</strong></span> <span class='ocrx_word' id='word_1_497' title='bbox 1852 3599 1968 3651; x_wconf 78' lang='lat' dir='ltr'><strong>cul-</strong></span> 
     </span>
    </p>
   </div>
   <div class='ocr_carea' id='block_1_70' title="bbox 403 3687 1968 3758">
    <p class='ocr_par' dir='ltr' id='par_1_70' title="bbox 403 3687 1968 3758">
     <span class='ocr_line' id='line_1_70' title="bbox 403 3687 1968 3758; baseline 0 -15"><span class='ocrx_word' id='word_1_498' title='bbox 403 3701 512 3744; x_wconf 90' lang='lat' dir='ltr'><strong>tum</strong></span> <span class='ocrx_word' id='word_1_499' title='bbox 540 3690 778 3744; x_wconf 89' lang='lat' dir='ltr'><strong>divinum</strong></span> <span class='ocrx_word' id='word_1_500' title='bbox 804 3689 1101 3743; x_wconf 90' lang='lat' dir='ltr'><strong>secundum</strong></span> <span class='ocrx_word' id='word_1_501' title='bbox 1139 3687 1310 3757; x_wconf 86' lang='lat' dir='ltr'><strong>legem</strong></span> <span class='ocrx_word' id='word_1_502' title='bbox 1346 3687 1446 3741; x_wconf 89' lang='lat' dir='ltr'><strong>sibi</strong></span> <span class='ocrx_word' id='word_1_503' title='bbox 1481 3689 1758 3756; x_wconf 90' lang='lat' dir='ltr'><strong>proprium</strong></span> <span class='ocrx_word' id='word_1_504' title='bbox 1797 3699 1852 3743; x_wconf 90' lang='lat' dir='ltr'><strong>et</strong></span> <span class='ocrx_word' id='word_1_505' title='bbox 1883 3705 1968 3758; x_wconf 81' lang='lat' dir='ltr'><strong>pc-</strong></span> 
     </span>
    </p>
   </div>
   <div class='ocr_carea' id='block_1_71' title="bbox 401 3777 1965 3842">
    <p class='ocr_par' dir='ltr' id='par_1_71' title="bbox 401 3777 1965 3842">
     <span class='ocr_line' id='line_1_71' title="bbox 401 3777 1965 3842; baseline -0.001 -7"><span class='ocrx_word' id='word_1_506' title='bbox 401 3781 654 3835; x_wconf 85' lang='lat' dir='ltr'><strong>culiarem</strong></span> <span class='ocrx_word' id='word_1_507' title='bbox 693 3795 814 3834; x_wconf 87' lang='lat' dir='ltr'><strong>esse</strong></span> <span class='ocrx_word' id='word_1_508' title='bbox 853 3778 1191 3842; x_wconf 88' lang='lat' dir='ltr'><strong>simularent,</strong></span> <span class='ocrx_word' id='word_1_509' title='bbox 1235 3777 1586 3833; x_wconf 88' lang='lat' dir='ltr'><strong>nihilominus</strong></span> <span class='ocrx_word' id='word_1_510' title='bbox 1630 3778 1965 3834; x_wconf 87' lang='lat' dir='ltr'><strong>clandestine</strong></span> 
     </span>
    </p>
   </div>
   <div class='ocr_carea' id='block_1_72' title="bbox 401 3867 1966 3932">
    <p class='ocr_par' dir='ltr' id='par_1_72' title="bbox 401 3867 1966 3932">
     <span class='ocr_line' id='line_1_72' title="bbox 401 3867 1966 3932; baseline -0.003 -4"><span class='ocrx_word' id='word_1_511' title='bbox 401 3872 630 3928; x_wconf 86' lang='lat' dir='ltr'><strong>cultibus</strong></span> <span class='ocrx_word' id='word_1_512' title='bbox 663 3871 912 3925; x_wconf 91' lang='lat' dir='ltr'><strong>absurdis</strong></span> <span class='ocrx_word' id='word_1_513' title='bbox 943 3879 998 3924; x_wconf 88' lang='lat' dir='ltr'><strong>et</strong></span> <span class='ocrx_word' id='word_1_514' title='bbox 1023 3867 1320 3932; x_wconf 89' lang='lat' dir='ltr'><strong>diabolicis,</strong></span> <span class='ocrx_word' id='word_1_515' title='bbox 1353 3879 1407 3923; x_wconf 90' lang='lat' dir='ltr'><strong>et</strong></span> <span class='ocrx_word' id='word_1_516' title='bbox 1439 3868 1546 3924; x_wconf 90' lang='lat' dir='ltr'><strong>Deo</strong></span> <span class='ocrx_word' id='word_1_517' title='bbox 1573 3869 1760 3924; x_wconf 89' lang='lat' dir='ltr'><strong>invisis</strong></span> <span class='ocrx_word' id='word_1_518' title='bbox 1789 3887 1847 3925; x_wconf 89' lang='lat' dir='ltr'><strong>se</strong></span> <span class='ocrx_word' id='word_1_519' title='bbox 1885 3873 1966 3924; x_wconf 84' lang='lat' dir='ltr'><strong>di-</strong></span> 
     </span>
    </p>
   </div>
   <div class='ocr_carea' id='block_1_73' title="bbox 400 3958 1965 4029">
    <p class='ocr_par' dir='ltr' id='par_1_73' title="bbox 400 3958 1965 4029">
     <span class='ocr_line' id='line_1_73' title="bbox 400 3958 1965 4029; baseline 0.001 -15"><span class='ocrx_word' id='word_1_520' title='bbox 400 3962 672 4016; x_wconf 85' lang='lat' dir='ltr'><strong>videbant.</strong></span> <span class='ocrx_word' id='word_1_521' title='bbox 731 3961 990 4026; x_wconf 87' lang='lat' dir='ltr'><strong>Quocirca</strong></span> <span class='ocrx_word' id='word_1_522' title='bbox 1037 3977 1056 4010; x_wconf 78' lang='grc' dir='ltr'><strong>ι</strong></span> <span class='ocrx_word' id='word_1_523' title='bbox 1085 3959 1162 4012; x_wconf 89' lang='lat' dir='ltr'><strong>Tu</strong></span> <span class='ocrx_word' id='word_1_524' title='bbox 1197 3958 1379 4023; x_wconf 83' lang='lat' dir='ltr'><strong>Israel,</strong></span> <span class='ocrx_word' id='word_1_525' title='bbox 1413 3978 1431 4011; x_wconf 77' lang='grc' dir='ltr'><strong>ι</strong></span> <span class='ocrx_word' id='word_1_526' title='bbox 1466 3959 1556 4029; x_wconf 91' lang='lat' dir='ltr'><strong>qui</strong></span> <span class='ocrx_word' id='word_1_527' title='bbox 1612 3960 1831 4013; x_wconf 89' lang='lat' dir='ltr'><strong>omnino</strong></span> <span class='ocrx_word' id='word_1_528' title='bbox 1871 3962 1965 4016; x_wconf 79' lang='lat' dir='ltr'><strong>de-</strong></span> 
     </span>
    </p>
   </div>
   <div class='ocr_carea' id='block_1_74' title="bbox 398 4048 1964 4120">
    <p class='ocr_par' dir='ltr' id='par_1_74' title="bbox 398 4048 1964 4120">
     <span class='ocr_line' id='line_1_74' title="bbox 398 4048 1964 4120; baseline -0.001 -14"><span class='ocrx_word' id='word_1_529' title='bbox 398 4053 595 4108; x_wconf 74' lang='lat' dir='ltr'><strong>llexisti</strong></span> <span class='ocrx_word' id='word_1_530' title='bbox 626 4069 638 4106; x_wconf 89' lang='lat'><strong>:</strong></span> <span class='ocrx_word' id='word_1_531' title='bbox 665 4051 730 4105; x_wconf 86' lang='lat' dir='ltr'><strong>de</strong></span> <span class='ocrx_word' id='word_1_532' title='bbox 762 4053 844 4104; x_wconf 87' lang='lat' dir='ltr'><strong>via</strong></span> <span class='ocrx_word' id='word_1_533' title='bbox 873 4068 891 4100; x_wconf 86' lang='grc'><strong>‹</strong></span> <span class='ocrx_word' id='word_1_534' title='bbox 921 4064 986 4104; x_wconf 89' lang='lat' dir='ltr'><strong>ne</strong></span> <span class='ocrx_word' id='word_1_535' title='bbox 1017 4052 1252 4120; x_wconf 86' lang='lat' dir='ltr'><strong>ignores,</strong></span> <span class='ocrx_word' id='word_1_536' title='bbox 1287 4068 1304 4098; x_wconf 76' lang='grc' dir='ltr'><strong>ι</strong></span> <span class='ocrx_word' id='word_1_537' title='bbox 1336 4049 1528 4118; x_wconf 89' lang='lat' dir='ltr'><strong>inquit.</strong></span> <span class='ocrx_word' id='word_1_538' title='bbox 1561 4048 1616 4104; x_wconf 89' lang='lat' dir='ltr'><strong>Id</strong></span> <span class='ocrx_word' id='word_1_539' title='bbox 1636 4052 1964 4114; x_wconf 73' lang='lat' dir='ltr'><strong>eat,abstiue</strong></span> 
     </span>
    </p>
   </div>
   <div class='ocr_carea' id='block_1_75' title="bbox 401 4137 1960 4210">
    <p class='ocr_par' dir='ltr' id='par_1_75' title="bbox 401 4137 1960 4210">
     <span class='ocr_line' id='line_1_75' title="bbox 401 4137 1960 4210; baseline -0.003 -13"><span class='ocrx_word' id='word_1_540' title='bbox 401 4145 469 4199; x_wconf 87' lang='lat' dir='ltr'><strong>ab</strong></span> <span class='ocrx_word' id='word_1_541' title='bbox 517 4137 824 4210; x_wconf 85' lang='lat' dir='ltr'><strong>imperitia;</strong></span> <span class='ocrx_word' id='word_1_542' title='bbox 858 4141 1055 4195; x_wconf 86' lang='lat' dir='ltr'><strong>desiste</strong></span> <span class='ocrx_word' id='word_1_543' title='bbox 1087 4140 1153 4194; x_wconf 89' lang='lat' dir='ltr'><strong>ab</strong></span> <span class='ocrx_word' id='word_1_544' title='bbox 1197 4140 1297 4192; x_wconf 90' lang='lat' dir='ltr'><strong>hac</strong></span> <span class='ocrx_word' id='word_1_545' title='bbox 1326 4148 1433 4192; x_wconf 86' lang='lat' dir='ltr'><strong>tam</strong></span> <span class='ocrx_word' id='word_1_546' title='bbox 1477 4154 1617 4194; x_wconf 86' lang='lat' dir='ltr'><strong>vana</strong></span> <span class='ocrx_word' id='word_1_547' title='bbox 1659 4150 1710 4194; x_wconf 88' lang='lat' dir='ltr'><strong>et</strong></span> <span class='ocrx_word' id='word_1_548' title='bbox 1741 4141 1960 4210; x_wconf 70' lang='lat' dir='ltr'><strong>profana</strong></span> 
     </span>
    </p>
   </div>
   <div class='ocr_carea' id='block_1_76' title="bbox 400 4231 1959 4302">
    <p class='ocr_par' dir='ltr' id='par_1_76' title="bbox 400 4231 1959 4302">
     <span class='ocr_line' id='line_1_76' title="bbox 400 4231 1959 4302; baseline -0.003 -12"><span class='ocrx_word' id='word_1_549' title='bbox 400 4235 718 4300; x_wconf 82' lang='lat' dir='ltr'><strong>voluntate;</strong></span> <span class='ocrx_word' id='word_1_550' title='bbox 759 4233 986 4287; x_wconf 88' lang='lat' dir='ltr'><strong>admitte</strong></span> <span class='ocrx_word' id='word_1_551' title='bbox 1029 4232 1368 4300; x_wconf 89' lang='lat' dir='ltr'><strong>prudentiam</strong></span> <span class='ocrx_word' id='word_1_552' title='bbox 1418 4231 1520 4302; x_wconf 81' lang='lat' dir='ltr'><strong>legi</strong></span> <span class='ocrx_word' id='word_1_553' title='bbox 1563 4243 1618 4287; x_wconf 88' lang='lat' dir='ltr'><strong>et</strong></span> <span class='ocrx_word' id='word_1_554' title='bbox 1667 4235 1959 4302; x_wconf 73' lang='lat' dir='ltr'><strong>pl‘OpilCliS,</strong></span> 
     </span>
    </p>
   </div>
   <div class='ocr_carea' id='block_1_77' title="bbox 399 4323 1958 4391">
    <p class='ocr_par' dir='ltr' id='par_1_77' title="bbox 399 4323 1958 4391">
     <span class='ocr_line' id='line_1_77' title="bbox 399 4323 1958 4391; baseline -0.005 -10"><span class='ocrx_word' id='word_1_555' title='bbox 399 4329 513 4382; x_wconf 83' lang='lat' dir='ltr'><strong>sive</strong></span> <span class='ocrx_word' id='word_1_556' title='bbox 553 4323 768 4379; x_wconf 92' lang='lat' dir='ltr'><strong>Christo</strong></span> <span class='ocrx_word' id='word_1_557' title='bbox 808 4335 860 4378; x_wconf 89' lang='lat' dir='ltr'><strong>et</strong></span> <span class='ocrx_word' id='word_1_558' title='bbox 889 4323 1178 4391; x_wconf 82' lang='lat' dir='ltr'><strong>Evangelia</strong></span> <span class='ocrx_word' id='word_1_559' title='bbox 1223 4334 1659 4378; x_wconf 89' lang='lat' dir='ltr'><strong>consentaneam.</strong></span> <span class='ocrx_word' id='word_1_560' title='bbox 1696 4344 1714 4374; x_wconf 74' lang='grc' dir='ltr'><strong>ι</strong></span> <span class='ocrx_word' id='word_1_561' title='bbox 1746 4323 1958 4376; x_wconf 81' lang='lat' dir='ltr'><strong>EtJnda</strong></span> 
     </span>
    </p>
   </div>
   <div class='ocr_carea' id='block_1_78' title="bbox 399 4414 1961 4486">
    <p class='ocr_par' dir='ltr' id='par_1_78' title="bbox 399 4414 1961 4486">
     <span class='ocr_line' id='line_1_78' title="bbox 399 4414 1961 4486; baseline -0.003 -15"><span class='ocrx_word' id='word_1_562' title='bbox 399 4431 467 4471; x_wconf 88' lang='lat' dir='ltr'><strong>ne</strong></span> <span class='ocrx_word' id='word_1_563' title='bbox 513 4416 850 4486; x_wconf 85' lang='lat' dir='ltr'><strong>ingredimini</strong></span> <span class='ocrx_word' id='word_1_564' title='bbox 881 4417 930 4467; x_wconf 91' lang='lat' dir='ltr'><strong>in</strong></span> <span class='ocrx_word' id='word_1_565' title='bbox 959 4414 1196 4482; x_wconf 85' lang='lat' dir='ltr'><strong>Galgala,</strong></span> <span class='ocrx_word' id='word_1_566' title='bbox 1237 4425 1290 4468; x_wconf 91' lang='lat' dir='ltr'><strong>et</strong></span> <span class='ocrx_word' id='word_1_567' title='bbox 1325 4415 1376 4467; x_wconf 90' lang='lat' dir='ltr'><strong>in</strong></span> <span class='ocrx_word' id='word_1_568' title='bbox 1417 4415 1629 4468; x_wconf 89' lang='lat' dir='ltr'><strong>domum</strong></span> <span class='ocrx_word' id='word_1_569' title='bbox 1664 4415 1961 4480; x_wconf 81' lang='lat' dir='ltr'><strong>iniquitatis</strong></span> 
     </span>
    </p>
   </div>
   <div class='ocr_carea' id='block_1_79' title="bbox 399 4491 2037 4581">
    <p class='ocr_par' dir='ltr' id='par_1_79' title="bbox 399 4491 2037 4581">
     <span class='ocr_line' id='line_1_79' title="bbox 399 4491 2037 4581; baseline -0.004 -21"><span class='ocrx_word' id='word_1_570' title='bbox 399 4523 465 4562; x_wconf 89' lang='lat' dir='ltr'><strong>ne</strong></span> <span class='ocrx_word' id='word_1_571' title='bbox 508 4508 818 4570; x_wconf 85' lang='lat' dir='ltr'><strong>ascendite,</strong></span> <span class='ocrx_word' id='word_1_572' title='bbox 859 4516 919 4581; x_wconf 88' lang='lat' dir='ltr'><strong>_et</strong></span> <span class='ocrx_word' id='word_1_573' title='bbox 955 4521 1025 4568; x_wconf 74' lang='lat' dir='ltr'><strong>ne</strong></span> <span class='ocrx_word' id='word_1_574' title='bbox 1058 4505 1238 4574; x_wconf 82' lang='lat' dir='ltr'><strong>jurate</strong></span> <span class='ocrx_word' id='word_1_575' title='bbox 1286 4505 1550 4557; x_wconf 77' lang='lat' dir='ltr'><strong>viventem</strong></span> <span class='ocrx_word' id='word_1_576' title='bbox 1599 4503 1904 4558; x_wconf 89' lang='lat' dir='ltr'><strong>Dominum.</strong></span> <span class='ocrx_word' id='word_1_577' title='bbox 1937 4524 1955 4554; x_wconf 76' lang='grc' dir='ltr'><strong>ι</strong></span> <span class='ocrx_word' id='word_1_578' title='bbox 1995 4491 2037 4546; x_wconf 74' lang='lat' dir='ltr'><strong>D</strong></span> 
     </span>
    </p>
   </div>
   <div class='ocr_carea' id='block_1_80' title="bbox 397 4594 1962 4663">
    <p class='ocr_par' dir='ltr' id='par_1_80' title="bbox 397 4594 1962 4663">
     <span class='ocr_line' id='line_1_80' title="bbox 397 4594 1962 4663; baseline -0.003 -12"><span class='ocrx_word' id='word_1_579' title='bbox 397 4596 549 4651; x_wconf 81' lang='lat' dir='ltr'><strong>Haud</strong></span> <span class='ocrx_word' id='word_1_580' title='bbox 580 4598 722 4651; x_wconf 90' lang='lat' dir='ltr'><strong>enim</strong></span> <span class='ocrx_word' id='word_1_581' title='bbox 766 4596 1016 4649; x_wconf 81' lang='lat' dir='ltr'><strong>decorum</strong></span> <span class='ocrx_word' id='word_1_582' title='bbox 1047 4606 1129 4648; x_wconf 91' lang='lat' dir='ltr'><strong>est</strong></span> <span class='ocrx_word' id='word_1_583' title='bbox 1153 4610 1249 4663; x_wconf 90' lang='lat' dir='ltr'><strong>per</strong></span> <span class='ocrx_word' id='word_1_584' title='bbox 1277 4595 1441 4647; x_wconf 88' lang='lat' dir='ltr'><strong>Deum</strong></span> <span class='ocrx_word' id='word_1_585' title='bbox 1483 4594 1683 4663; x_wconf 87' lang='lat' dir='ltr'><strong>jurare,</strong></span> <span class='ocrx_word' id='word_1_586' title='bbox 1709 4605 1866 4663; x_wconf 82' lang='lat' dir='ltr'><strong>atque</strong></span> <span class='ocrx_word' id='word_1_587' title='bbox 1913 4600 1962 4647; x_wconf 84' lang='lat' dir='ltr'><strong>in</strong></span> 
     </span>
    </p>
   </div>
   <div class='ocr_carea' id='block_1_81' title="bbox 397 4685 1963 4759">
    <p class='ocr_par' dir='ltr' id='par_1_81' title="bbox 397 4685 1963 4759">
     <span class='ocr_line' id='line_1_81' title="bbox 397 4685 1963 4759; baseline -0.004 -15"><span class='ocrx_word' id='word_1_588' title='bbox 397 4691 581 4759; x_wconf 88' lang='lat' dir='ltr'><strong>lingua</strong></span> <span class='ocrx_word' id='word_1_589' title='bbox 620 4689 820 4743; x_wconf 88' lang='lat' dir='ltr'><strong>habere</strong></span> <span class='ocrx_word' id='word_1_590' title='bbox 862 4685 1131 4740; x_wconf 83' lang='lat' dir='ltr'><strong>viventem</strong></span> <span class='ocrx_word' id='word_1_591' title='bbox 1179 4686 1488 4750; x_wconf 90' lang='lat' dir='ltr'><strong>Dominum,</strong></span> <span class='ocrx_word' id='word_1_592' title='bbox 1527 4697 1580 4739; x_wconf 88' lang='lat' dir='ltr'><strong>et</strong></span> <span class='ocrx_word' id='word_1_593' title='bbox 1616 4687 1832 4740; x_wconf 87' lang='lat' dir='ltr'><strong>interim</strong></span> <span class='ocrx_word' id='word_1_594' title='bbox 1873 4689 1963 4739; x_wconf 67' lang='lat' dir='ltr'><strong>atl-</strong></span> 
     </span>
    </p>
   </div>
   <div class='ocr_carea' id='block_1_82' title="bbox 397 4777 1965 4834">
    <p class='ocr_par' dir='ltr' id='par_1_82' title="bbox 397 4777 1965 4834">
     <span class='ocr_line' id='line_1_82' title="bbox 397 4777 1965 4834; baseline -0.001 0"><span class='ocrx_word' id='word_1_595' title='bbox 397 4781 597 4834; x_wconf 89' lang='lat' dir='ltr'><strong>dictum</strong></span> <span class='ocrx_word' id='word_1_596' title='bbox 629 4795 746 4834; x_wconf 86' lang='lat' dir='ltr'><strong>esse</strong></span> <span class='ocrx_word' id='word_1_597' title='bbox 769 4777 924 4834; x_wconf 90' lang='lat' dir='ltr'><strong>idolis</strong></span> <span class='ocrx_word' id='word_1_598' title='bbox 958 4787 1012 4833; x_wconf 91' lang='lat' dir='ltr'><strong>ct</strong></span> <span class='ocrx_word' id='word_1_599' title='bbox 1036 4779 1234 4833; x_wconf 88' lang='lat' dir='ltr'><strong>vitulos</strong></span> <span class='ocrx_word' id='word_1_600' title='bbox 1264 4778 1532 4832; x_wconf 78' lang='lat' dir='ltr'><strong>inanimes</strong></span> <span class='ocrx_word' id='word_1_601' title='bbox 1563 4779 1965 4832; x_wconf 85' lang='lat' dir='ltr'><strong>adorare.Con-</strong></span> 
     </span>
    </p>
   </div>
   <div class='ocr_carea' id='block_1_83' title="bbox 395 4867 1954 4940">
    <p class='ocr_par' dir='ltr' id='par_1_83' title="bbox 395 4867 1954 4940">
     <span class='ocr_line' id='line_1_83' title="bbox 395 4867 1954 4940; baseline -0.001 -15"><span class='ocrx_word' id='word_1_602' title='bbox 395 4872 570 4925; x_wconf 89' lang='lat' dir='ltr'><strong>stituit</strong></span> <span class='ocrx_word' id='word_1_603' title='bbox 601 4873 798 4940; x_wconf 86' lang='lat' dir='ltr'><strong>quippe</strong></span> <span class='ocrx_word' id='word_1_604' title='bbox 825 4870 1108 4925; x_wconf 81' lang='lat' dir='ltr'><strong>Jeroboam</strong></span> <span class='ocrx_word' id='word_1_605' title='bbox 1135 4885 1297 4924; x_wconf 89' lang='lat' dir='ltr'><strong>unum</strong></span> <span class='ocrx_word' id='word_1_606' title='bbox 1332 4869 1384 4922; x_wconf 92' lang='lat' dir='ltr'><strong>in</strong></span> <span class='ocrx_word' id='word_1_607' title='bbox 1417 4867 1623 4932; x_wconf 88' lang='lat' dir='ltr'><strong>Bethel,</strong></span> <span class='ocrx_word' id='word_1_608' title='bbox 1646 4870 1870 4922; x_wconf 87' lang='lat' dir='ltr'><strong>alterum</strong></span> <span class='ocrx_word' id='word_1_609' title='bbox 1903 4871 1954 4923; x_wconf 90' lang='lat' dir='ltr'><strong>in</strong></span> 
     </span>
    </p>
   </div>
   <div class='ocr_carea' id='block_1_84' title="bbox 396 4961 1958 5031">
    <p class='ocr_par' dir='ltr' id='par_1_84' title="bbox 396 4961 1958 5031">
     <span class='ocr_line' id='line_1_84' title="bbox 396 4961 1958 5031; baseline 0 -15"><span class='ocrx_word' id='word_1_610' title='bbox 396 4963 508 5016; x_wconf 88' lang='lat' dir='ltr'><strong>Dan</strong></span> <span class='ocrx_word' id='word_1_611' title='bbox 542 4963 606 5014; x_wconf 71' lang='lat'><strong>&quot;2</strong></span> <span class='ocrx_word' id='word_1_612' title='bbox 641 4962 753 5015; x_wconf 84' lang='lat' dir='ltr'><strong>Non</strong></span> <span class='ocrx_word' id='word_1_613' title='bbox 792 4964 919 5016; x_wconf 92' lang='lat' dir='ltr'><strong>sinit</strong></span> <span class='ocrx_word' id='word_1_614' title='bbox 944 4963 1102 5031; x_wconf 89' lang='lat' dir='ltr'><strong>igitur</strong></span> <span class='ocrx_word' id='word_1_615' title='bbox 1125 4963 1376 5030; x_wconf 81' lang='lat' dir='ltr'><strong>pietatem</strong></span> <span class='ocrx_word' id='word_1_616' title='bbox 1399 4976 1528 5031; x_wconf 88' lang='lat' dir='ltr'><strong>erga</strong></span> <span class='ocrx_word' id='word_1_617' title='bbox 1556 4961 1721 5016; x_wconf 90' lang='lat' dir='ltr'><strong>Deum</strong></span> <span class='ocrx_word' id='word_1_618' title='bbox 1757 4961 1958 5030; x_wconf 74' lang='lat' dir='ltr'><strong>[ingere</strong></span> 
     </span>
    </p>
   </div>
   <div class='ocr_carea' id='block_1_85' title="bbox 395 5051 1956 5124">
    <p class='ocr_par' dir='ltr' id='par_1_85' title="bbox 395 5051 1956 5124">
     <span class='ocr_line' id='line_1_85' title="bbox 395 5051 1956 5124; baseline -0.001 -16"><span class='ocrx_word' id='word_1_619' title='bbox 395 5071 489 5124; x_wconf 86' lang='lat' dir='ltr'><strong>per</strong></span> <span class='ocrx_word' id='word_1_620' title='bbox 523 5052 1009 5122; x_wconf 80' lang='lat' dir='ltr'><strong>pronuntiationem</strong></span> <span class='ocrx_word' id='word_1_621' title='bbox 1061 5052 1292 5107; x_wconf 88' lang='lat' dir='ltr'><strong>nominis</strong></span> <span class='ocrx_word' id='word_1_622' title='bbox 1324 5051 1557 5117; x_wconf 87' lang='lat' dir='ltr'><strong>Domini,</strong></span> <span class='ocrx_word' id='word_1_623' title='bbox 1584 5059 1640 5107; x_wconf 80' lang='lat' dir='ltr'><strong>et</strong></span> <span class='ocrx_word' id='word_1_624' title='bbox 1685 5052 1956 5106; x_wconf 86' lang='lat' dir='ltr'><strong>nihilomi-</strong></span> 
     </span>
    </p>
   </div>
   <div class='ocr_carea' id='block_1_86' title="bbox 395 5142 1950 5213">
    <p class='ocr_par' dir='ltr' id='par_1_86' title="bbox 395 5142 1950 5213">
     <span class='ocr_line' id='line_1_86' title="bbox 395 5142 1950 5213; baseline -0.003 -12"><span class='ocrx_word' id='word_1_625' title='bbox 395 5162 495 5201; x_wconf 90' lang='lat' dir='ltr'><strong>nus</strong></span> <span class='ocrx_word' id='word_1_626' title='bbox 526 5147 589 5198; x_wconf 86' lang='lat' dir='ltr'><strong>ad</strong></span> <span class='ocrx_word' id='word_1_627' title='bbox 617 5142 944 5196; x_wconf 87' lang='lat' dir='ltr'><strong>idololatrias</strong></span> <span class='ocrx_word' id='word_1_628' title='bbox 964 5156 1083 5195; x_wconf 92' lang='lat' dir='ltr'><strong>cum</strong></span> <span class='ocrx_word' id='word_1_629' title='bbox 1109 5144 1313 5196; x_wconf 84' lang='lat' dir='ltr'><strong>ratione</strong></span> <span class='ocrx_word' id='word_1_630' title='bbox 1335 5153 1633 5213; x_wconf 87' lang='lat' dir='ltr'><strong>pugnantes</strong></span> <span class='ocrx_word' id='word_1_631' title='bbox 1649 5143 1872 5208; x_wconf 82' lang='lat' dir='ltr'><strong>auferri,</strong></span> <span class='ocrx_word' id='word_1_632' title='bbox 1901 5145 1950 5198; x_wconf 92' lang='lat' dir='ltr'><strong>in</strong></span> 
     </span>
    </p>
   </div>
   <div class='ocr_carea' id='block_1_87' title="bbox 391 5233 1951 5306">
    <p class='ocr_par' dir='ltr' id='par_1_87' title="bbox 391 5233 1951 5306">
     <span class='ocr_line' id='line_1_87' title="bbox 391 5233 1951 5306; baseline 0.001 -17"><span class='ocrx_word' id='word_1_633' title='bbox 391 5237 632 5306; x_wconf 79' lang='lat' dir='ltr'><strong>Galgala,</strong></span> <span class='ocrx_word' id='word_1_634' title='bbox 672 5243 725 5287; x_wconf 89' lang='lat' dir='ltr'><strong>et</strong></span> <span class='ocrx_word' id='word_1_635' title='bbox 771 5234 822 5286; x_wconf 92' lang='lat' dir='ltr'><strong>in</strong></span> <span class='ocrx_word' id='word_1_636' title='bbox 857 5234 1072 5288; x_wconf 91' lang='lat' dir='ltr'><strong>domum</strong></span> <span class='ocrx_word' id='word_1_637' title='bbox 1109 5233 1404 5302; x_wconf 86' lang='lat' dir='ltr'><strong>iniquitatis</strong></span> <span class='ocrx_word' id='word_1_638' title='bbox 1441 5235 1817 5292; x_wconf 88' lang='lat' dir='ltr'><strong>ascendentes.</strong></span> <span class='ocrx_word' id='word_1_639' title='bbox 1846 5238 1951 5290; x_wconf 85' lang='lat' dir='ltr'><strong>Do-</strong></span> 
     </span>
    </p>
   </div>
   <div class='ocr_carea' id='block_1_88' title="bbox 393 5325 1950 5394">
    <p class='ocr_par' dir='ltr' id='par_1_88' title="bbox 393 5325 1950 5394">
     <span class='ocr_line' id='line_1_88' title="bbox 393 5325 1950 5394; baseline -0.002 -12"><span class='ocrx_word' id='word_1_640' title='bbox 393 5346 538 5383; x_wconf 83' lang='lat' dir='ltr'><strong>mum</strong></span> <span class='ocrx_word' id='word_1_641' title='bbox 574 5325 875 5394; x_wconf 86' lang='lat' dir='ltr'><strong>iniquitatis</strong></span> <span class='ocrx_word' id='word_1_642' title='bbox 908 5336 1063 5379; x_wconf 83' lang='lat' dir='ltr'><strong>vocat</strong></span> <span class='ocrx_word' id='word_1_643' title='bbox 1089 5325 1286 5379; x_wconf 83' lang='lat' dir='ltr'><strong>Bethet.</strong></span> <span class='ocrx_word' id='word_1_644' title='bbox 1316 5326 1527 5392; x_wconf 88' lang='lat' dir='ltr'><strong>Quare?</strong></span> <span class='ocrx_word' id='word_1_645' title='bbox 1548 5329 1786 5382; x_wconf 89' lang='lat' dir='ltr'><strong>redditur</strong></span> <span class='ocrx_word' id='word_1_646' title='bbox 1809 5330 1950 5382; x_wconf 85' lang='lat' dir='ltr'><strong>enim</strong></span> 
     </span>
    </p>
   </div>
   <div class='ocr_carea' id='block_1_89' title="bbox 394 5416 1952 5482">
    <p class='ocr_par' dir='ltr' id='par_1_89' title="bbox 394 5416 1952 5482">
     <span class='ocr_line' id='line_1_89' title="bbox 394 5416 1952 5482; baseline -0.001 -10"><span class='ocrx_word' id='word_1_647' title='bbox 394 5418 576 5473; x_wconf 73' lang='lat' dir='ltr'><strong>lietliel</strong></span> <span class='ocrx_word' id='word_1_648' title='bbox 613 5417 805 5470; x_wconf 84' lang='lat' dir='ltr'><strong>Domus</strong></span> <span class='ocrx_word' id='word_1_649' title='bbox 843 5416 958 5470; x_wconf 79' lang='lat' dir='ltr'><strong>Dei.</strong></span> <span class='ocrx_word' id='word_1_650' title='bbox 999 5417 1104 5472; x_wconf 90' lang='lat' dir='ltr'><strong>Sed</strong></span> <span class='ocrx_word' id='word_1_651' title='bbox 1133 5420 1319 5472; x_wconf 84' lang='lat' dir='ltr'><strong>domus</strong></span> <span class='ocrx_word' id='word_1_652' title='bbox 1359 5417 1482 5471; x_wconf 89' lang='lat' dir='ltr'><strong>idoli</strong></span> <span class='ocrx_word' id='word_1_653' title='bbox 1526 5417 1669 5472; x_wconf 81' lang='lat' dir='ltr'><strong>facta</strong></span> <span class='ocrx_word' id='word_1_654' title='bbox 1709 5427 1811 5482; x_wconf 91' lang='lat' dir='ltr'><strong>cst,</strong></span> <span class='ocrx_word' id='word_1_655' title='bbox 1835 5433 1952 5471; x_wconf 91' lang='lat' dir='ltr'><strong>cum</strong></span> 
     </span>
    </p>
   </div>
   <div class='ocr_carea' id='block_1_90' title="bbox 392 5506 1955 5578">
    <p class='ocr_par' dir='ltr' id='par_1_90' title="bbox 392 5506 1955 5578">
     <span class='ocr_line' id='line_1_90' title="bbox 392 5506 1955 5578; baseline -0.001 -14"><span class='ocrx_word' id='word_1_656' title='bbox 392 5509 566 5578; x_wconf 77' lang='lat' dir='ltr'><strong>aliqua</strong></span> <span class='ocrx_word' id='word_1_657' title='bbox 596 5507 789 5578; x_wconf 83' lang='lat' dir='ltr'><strong>injuria</strong></span> <span class='ocrx_word' id='word_1_658' title='bbox 811 5516 864 5563; x_wconf 88' lang='lat' dir='ltr'><strong>et</strong></span> <span class='ocrx_word' id='word_1_659' title='bbox 892 5510 968 5562; x_wconf 88' lang='lat' dir='ltr'><strong>rei</strong></span> <span class='ocrx_word' id='word_1_660' title='bbox 1007 5518 1064 5562; x_wconf 89' lang='lat' dir='ltr'><strong>et</strong></span> <span class='ocrx_word' id='word_1_661' title='bbox 1095 5508 1465 5578; x_wconf 87' lang='lat' dir='ltr'><strong>cognominis:</strong></span> <span class='ocrx_word' id='word_1_662' title='bbox 1499 5506 1688 5561; x_wconf 89' lang='lat' dir='ltr'><strong>domus</strong></span> <span class='ocrx_word' id='word_1_663' title='bbox 1723 5523 1955 5578; x_wconf 86' lang='lat' dir='ltr'><strong>namque</strong></span> 
     </span>
    </p>
   </div>
   <div class='ocr_carea' id='block_1_91' title="bbox 461 5682 2222 5758">
    <p class='ocr_par' dir='ltr' id='par_1_91' title="bbox 461 5682 2222 5758">
     <span class='ocr_line' id='line_1_91' title="bbox 461 5682 2222 5758; baseline 0.007 -21"><span class='ocrx_word' id='word_1_664' title='bbox 461 5683 510 5716; x_wconf 81' lang='lat'>“</span> <span class='ocrx_word' id='word_1_665' title='bbox 538 5683 602 5738; x_wconf 89' lang='lat' dir='ltr'><strong>lll</strong></span> <span class='ocrx_word' id='word_1_666' title='bbox 635 5685 766 5756; x_wconf 76' lang='lat' dir='ltr'><strong>Reg.</strong></span> <span class='ocrx_word' id='word_1_667' title='bbox 801 5702 876 5754; x_wconf 75' lang='lat' dir='ltr'><strong>XI,</strong></span> <span class='ocrx_word' id='word_1_668' title='bbox 907 5686 956 5741; x_wconf 81' lang='lat'><strong>5.</strong></span> <span class='ocrx_word' id='word_1_669' title='bbox 1034 5687 1076 5719; x_wconf 86' lang='grc'>²¹</span> <span class='ocrx_word' id='word_1_670' title='bbox 1111 5686 1173 5741; x_wconf 93' lang='lat' dir='ltr'><strong>lll</strong></span> <span class='ocrx_word' id='word_1_671' title='bbox 1199 5686 1333 5754; x_wconf 78' lang='lat' dir='ltr'><strong>Reg.</strong></span> <span class='ocrx_word' id='word_1_672' title='bbox 1364 5699 1516 5750; x_wconf 81' lang='lat' dir='ltr'><strong>xvm,</strong></span> <span class='ocrx_word' id='word_1_673' title='bbox 1546 5682 1638 5737; x_wconf 69' lang='grc'><strong>21.</strong></span> <span class='ocrx_word' id='word_1_674' title='bbox 1715 5685 1758 5715; x_wconf 72' lang='grc'><strong>’⁸</strong></span> <span class='ocrx_word' id='word_1_675' title='bbox 1785 5685 1978 5744; x_wconf 78' lang='lat' dir='ltr'><strong>Ezecli.</strong></span> <span class='ocrx_word' id='word_1_676' title='bbox 2009 5707 2105 5758; x_wconf 80' lang='lat' dir='ltr'><strong>vn,</strong></span> <span class='ocrx_word' id='word_1_677' title='bbox 2143 5695 2222 5751; x_wconf 66' lang='grc' dir='ltr'>Η.</span> 
     </span>
    </p>
   </div>
   <div class='ocr_carea' id='block_1_92' title="bbox 2084 3237 3643 3325">
    <p class='ocr_par' dir='ltr' id='par_1_92' title="bbox 2084 3237 3643 3325">
     <span class='ocr_line' id='line_1_92' title="bbox 2084 3237 3643 3325; baseline 0.011 -35"><span class='ocrx_word' id='word_1_678' title='bbox 2084 3237 2302 3311; x_wconf 79' lang='grc' dir='ltr'>Ἰσραὴλ</span> <span class='ocrx_word' id='word_1_679' title='bbox 2333 3240 2784 3313; x_wconf 87' lang='grc' dir='ltr'>διαγεγραμμένα</span> <span class='ocrx_word' id='word_1_680' title='bbox 2827 3246 2918 3298; x_wconf 80' lang='grc' dir='ltr'>ἐπὶ</span> <span class='ocrx_word' id='word_1_681' title='bbox 2957 3248 3067 3301; x_wconf 89' lang='grc' dir='ltr'><strong>τῶν</strong></span> <span class='ocrx_word' id='word_1_682' title='bbox 3108 3251 3320 3320; x_wconf 85' lang='grc' dir='ltr'>τοίχων.</span> <span class='ocrx_word' id='word_1_683' title='bbox 3361 3253 3468 3306; x_wconf 72' lang='grc' dir='ltr'>Καὶ</span> <span class='ocrx_word' id='word_1_684' title='bbox 3507 3256 3643 3325; x_wconf 87' lang='grc' dir='ltr'>πρὸς</span> 
     </span>
    </p>
   </div>
   <div class='ocr_carea' id='block_1_93' title="bbox 2069 3330 3640 3414">
    <p class='ocr_par' dir='ltr' id='par_1_93' title="bbox 2069 3330 3640 3414">
     <span class='ocr_line' id='line_1_93' title="bbox 2069 3330 3640 3414; baseline 0.01 -33"><span class='ocrx_word' id='word_1_685' title='bbox 2069 3330 2232 3382; x_wconf 87' lang='grc' dir='ltr'>αὐτὸν</span> <span class='ocrx_word' id='word_1_686' title='bbox 2253 3332 2280 3383; x_wconf 91' lang='lat'><strong>6</strong></span> <span class='ocrx_word' id='word_1_687' title='bbox 2320 3333 2428 3384; x_wconf 88' lang='grc' dir='ltr'><strong>τῶν</strong></span> <span class='ocrx_word' id='word_1_688' title='bbox 2461 3333 2596 3386; x_wconf 82' lang='grc' dir='ltr'>ὅλων</span> <span class='ocrx_word' id='word_1_689' title='bbox 2623 3335 2753 3397; x_wconf 90' lang='grc' dir='ltr'>Θεός</span> <span class='ocrx_word' id='word_1_690' title='bbox 2777 3351 2791 3366; x_wconf 82' lang='lat'><strong><em>°</em></strong></span> <span class='ocrx_word' id='word_1_691' title='bbox 2829 3355 2847 3386; x_wconf 76' lang='grc' dir='ltr'><strong>ι</strong></span> <span class='ocrx_word' id='word_1_692' title='bbox 2889 3338 3185 3409; x_wconf 80' lang='grc' dir='ltr'>Ἑώρακας,</span> <span class='ocrx_word' id='word_1_693' title='bbox 3220 3343 3300 3393; x_wconf 79' lang='grc' dir='ltr'>υἱὲ</span> <span class='ocrx_word' id='word_1_694' title='bbox 3333 3342 3640 3414; x_wconf 79' lang='grc' dir='ltr'>ἀνθρώπου,</span> 
     </span>
    </p>
   </div>
   <div class='ocr_carea' id='block_1_94' title="bbox 2067 3419 3644 3498">
    <p class='ocr_par' dir='ltr' id='par_1_94' title="bbox 2067 3419 3644 3498">
     <span class='ocr_line' id='line_1_94' title="bbox 2067 3419 3644 3498; baseline 0.009 -25"><span class='ocrx_word' id='word_1_695' title='bbox 2067 3419 2104 3473; x_wconf 79' lang='grc' dir='ltr'><strong>ἃ</strong></span> <span class='ocrx_word' id='word_1_696' title='bbox 2125 3421 2173 3472; x_wconf 79' lang='lat' dir='ltr'><strong>oi</strong></span> <span class='ocrx_word' id='word_1_697' title='bbox 2197 3421 2552 3493; x_wconf 88' lang='grc' dir='ltr'>πρεσϐύτεροι</span> <span class='ocrx_word' id='word_1_698' title='bbox 2571 3426 2718 3478; x_wconf 79' lang='grc' dir='ltr'>οἴκου</span> <span class='ocrx_word' id='word_1_699' title='bbox 2747 3427 2960 3498; x_wconf 81' lang='grc' dir='ltr'>Ἰσραὴλ</span> <span class='ocrx_word' id='word_1_700' title='bbox 2982 3429 3224 3483; x_wconf 78' lang='grc' dir='ltr'>ποιοῦσιν</span> <span class='ocrx_word' id='word_1_701' title='bbox 3253 3426 3352 3484; x_wconf 77' lang='grc' dir='ltr'>ὦδε</span> <span class='ocrx_word' id='word_1_702' title='bbox 3375 3450 3389 3498; x_wconf 92' lang='grc'><strong>;</strong></span> <span class='ocrx_word' id='word_1_703' title='bbox 3417 3433 3644 3498; x_wconf 75' lang='grc' dir='ltr'>ἕκαστος</span> 
     </span>
    </p>
   </div>
   <div class='ocr_carea' id='block_1_95' title="bbox 2068 3511 3643 3592">
    <p class='ocr_par' dir='ltr' id='par_1_95' title="bbox 2068 3511 3643 3592">
     <span class='ocr_line' id='line_1_95' title="bbox 2068 3511 3643 3592; baseline 0.008 -28"><span class='ocrx_word' id='word_1_704' title='bbox 2068 3513 2127 3565; x_wconf 77' lang='grc' dir='ltr'>ὲν</span> <span class='ocrx_word' id='word_1_705' title='bbox 2155 3511 2231 3582; x_wconf 83' lang='grc' dir='ltr'><strong>τῷ</strong></span> <span class='ocrx_word' id='word_1_706' title='bbox 2265 3514 2572 3584; x_wconf 87' lang='grc' dir='ltr'>κοιτῶνιτῷ</span> <span class='ocrx_word' id='word_1_707' title='bbox 2595 3516 2818 3586; x_wconf 81' lang='grc' dir='ltr'>κρυπτῷ</span> <span class='ocrx_word' id='word_1_708' title='bbox 2845 3519 3041 3574; x_wconf 87' lang='grc' dir='ltr'>αὐτῶν.</span> <span class='ocrx_word' id='word_1_709' title='bbox 3061 3522 3203 3573; x_wconf 89' lang='grc' dir='ltr'>Διότι</span> <span class='ocrx_word' id='word_1_710' title='bbox 3226 3519 3407 3575; x_wconf 77' lang='grc' dir='ltr'>εἶπαν·</span> <span class='ocrx_word' id='word_1_711' title='bbox 3448 3525 3643 3592; x_wconf 84' lang='grc' dir='ltr'>Ἐγκα-</span> 
     </span>
    </p>
   </div>
   <div class='ocr_carea' id='block_1_96' title="bbox 2066 3600 3634 3682">
    <p class='ocr_par' dir='ltr' id='par_1_96' title="bbox 2066 3600 3634 3682">
     <span class='ocr_line' id='line_1_96' title="bbox 2066 3600 3634 3682; baseline 0.008 -29"><span class='ocrx_word' id='word_1_712' title='bbox 2066 3600 2347 3655; x_wconf 84' lang='grc' dir='ltr'>ταλέλοιπε</span> <span class='ocrx_word' id='word_1_713' title='bbox 2408 3603 2630 3674; x_wconf 85' lang='grc' dir='ltr'>Κύριος,</span> <span class='ocrx_word' id='word_1_714' title='bbox 2693 3606 2792 3658; x_wconf 86' lang='grc' dir='ltr'><strong>οὐκ</strong></span> <span class='ocrx_word' id='word_1_715' title='bbox 2845 3610 3018 3679; x_wconf 78' lang='grc' dir='ltr'>ἐφορᾷ</span> <span class='ocrx_word' id='word_1_716' title='bbox 3080 3611 3281 3681; x_wconf 85' lang='grc' dir='ltr'>Κύριος</span> <span class='ocrx_word' id='word_1_717' title='bbox 3320 3612 3417 3682; x_wconf 76' lang='grc' dir='ltr'>τὴν</span> <span class='ocrx_word' id='word_1_718' title='bbox 3467 3615 3634 3682; x_wconf 76' lang='grc' dir='ltr'>γῆν.»</span> 
     </span>
    </p>
   </div>
   <div class='ocr_carea' id='block_1_97' title="bbox 2069 3694 3638 3772">
    <p class='ocr_par' dir='ltr' id='par_1_97' title="bbox 2069 3694 3638 3772">
     <span class='ocr_line' id='line_1_97' title="bbox 2069 3694 3638 3772; baseline 0.008 -24"><span class='ocrx_word' id='word_1_719' title='bbox 2069 3694 2366 3749; x_wconf 80' lang='grc' dir='ltr'>Τεθεᾶσθαι</span> <span class='ocrx_word' id='word_1_720' title='bbox 2405 3697 2462 3750; x_wconf 83' lang='grc' dir='ltr'><strong>δέ</strong></span> <span class='ocrx_word' id='word_1_721' title='bbox 2505 3714 2668 3766; x_wconf 86' lang='grc' dir='ltr'>φησιν</span> <span class='ocrx_word' id='word_1_722' title='bbox 2696 3697 2734 3750; x_wconf 74' lang='grc' dir='ltr'>δ’</span> <span class='ocrx_word' id='word_1_723' title='bbox 2759 3703 3039 3772; x_wconf 75' lang='grc' dir='ltr'>προφήτης</span> <span class='ocrx_word' id='word_1_724' title='bbox 3079 3703 3172 3755; x_wconf 73' lang='grc' dir='ltr'><strong>καὶ</strong></span> <span class='ocrx_word' id='word_1_725' title='bbox 3207 3709 3466 3772; x_wconf 85' lang='grc' dir='ltr'>γυναῖκας</span> <span class='ocrx_word' id='word_1_726' title='bbox 3505 3707 3638 3759; x_wconf 82' lang='grc' dir='ltr'>καθ-</span> 
     </span>
    </p>
   </div>
   <div class='ocr_carea' id='block_1_98' title="bbox 2068 3786 3640 3862">
    <p class='ocr_par' dir='ltr' id='par_1_98' title="bbox 2068 3786 3640 3862">
     <span class='ocr_line' id='line_1_98' title="bbox 2068 3786 3640 3862; baseline 0.006 -25"><span class='ocrx_word' id='word_1_727' title='bbox 2068 3786 2293 3854; x_wconf 87' lang='grc' dir='ltr'>ημένας,</span> <span class='ocrx_word' id='word_1_728' title='bbox 2319 3788 2411 3839; x_wconf 79' lang='grc' dir='ltr'>καὶ</span> <span class='ocrx_word' id='word_1_729' title='bbox 2435 3787 2735 3857; x_wconf 88' lang='grc' dir='ltr'>θρηνούσας</span> <span class='ocrx_word' id='word_1_730' title='bbox 2762 3790 2851 3844; x_wconf 91' lang='grc' dir='ltr'><strong>τὸν</strong></span> <span class='ocrx_word' id='word_1_731' title='bbox 2865 3791 3147 3862; x_wconf 76' lang='grc' dir='ltr'>Θαμμούζ,</span> <span class='ocrx_word' id='word_1_732' title='bbox 3167 3795 3224 3856; x_wconf 84' lang='grc' dir='ltr'><strong>ὃς</strong></span> <span class='ocrx_word' id='word_1_733' title='bbox 3247 3797 3392 3848; x_wconf 79' lang='grc' dir='ltr'>ἐστιν</span> <span class='ocrx_word' id='word_1_734' title='bbox 3418 3798 3640 3861; x_wconf 69' lang='grc' dir='ltr'>’Ἄδωνις</span> 
     </span>
    </p>
   </div>
   <div class='ocr_carea' id='block_1_99' title="bbox 2065 3879 3641 3956">
    <p class='ocr_par' dir='ltr' id='par_1_99' title="bbox 2065 3879 3641 3956">
     <span class='ocr_line' id='line_1_99' title="bbox 2065 3879 3641 3956; baseline 0.009 -27"><span class='ocrx_word' id='word_1_735' title='bbox 2065 3881 2130 3947; x_wconf 83' lang='grc' dir='ltr'>τῇ</span> <span class='ocrx_word' id='word_1_736' title='bbox 2182 3879 2447 3949; x_wconf 82' lang='grc' dir='ltr'>Ἑλλήνων</span> <span class='ocrx_word' id='word_1_737' title='bbox 2479 3885 2648 3953; x_wconf 80' lang='grc' dir='ltr'>φωνῇ.</span> <span class='ocrx_word' id='word_1_738' title='bbox 2683 3884 2872 3954; x_wconf 79' lang='grc' dir='ltr'>’Λθρει</span> <span class='ocrx_word' id='word_1_739' title='bbox 2906 3885 2970 3956; x_wconf 87' lang='grc' dir='ltr'>δὴ</span> <span class='ocrx_word' id='word_1_740' title='bbox 2997 3883 3111 3952; x_wconf 82' lang='grc' dir='ltr'>οὖν,</span> <span class='ocrx_word' id='word_1_741' title='bbox 3139 3888 3286 3951; x_wconf 84' lang='grc' dir='ltr'>ὅπως</span> <span class='ocrx_word' id='word_1_742' title='bbox 3332 3890 3507 3942; x_wconf 88' lang='grc' dir='ltr'>καίτοι</span> <span class='ocrx_word' id='word_1_743' title='bbox 3551 3890 3641 3943; x_wconf 88' lang='grc' dir='ltr'><strong>τὸν</strong></span> 
     </span>
    </p>
   </div>
   <div class='ocr_carea' id='block_1_100' title="bbox 2067 3969 3638 4051">
    <p class='ocr_par' dir='ltr' id='par_1_100' title="bbox 2067 3969 3638 4051">
     <span class='ocr_line' id='line_1_100' title="bbox 2067 3969 3638 4051; baseline 0.01 -31"><span class='ocrx_word' id='word_1_744' title='bbox 2067 3969 2206 4021; x_wconf 85' lang='grc' dir='ltr'>θεῖον</span> <span class='ocrx_word' id='word_1_745' title='bbox 2231 3972 2586 4042; x_wconf 82' lang='grc' dir='ltr'>περιέποντες</span> <span class='ocrx_word' id='word_1_746' title='bbox 2612 3975 2759 4038; x_wconf 91' lang='grc' dir='ltr'>ναὸν,</span> <span class='ocrx_word' id='word_1_747' title='bbox 2784 3978 2876 4029; x_wconf 73' lang='grc' dir='ltr'><strong>καὶ</strong></span> <span class='ocrx_word' id='word_1_748' title='bbox 2901 3978 2999 4047; x_wconf 86' lang='grc' dir='ltr'>τῆς</span> <span class='ocrx_word' id='word_1_749' title='bbox 3026 3980 3166 4032; x_wconf 89' lang='grc' dir='ltr'>κατὰ</span> <span class='ocrx_word' id='word_1_750' title='bbox 3191 3982 3353 4050; x_wconf 87' lang='grc' dir='ltr'>νόμον</span> <span class='ocrx_word' id='word_1_751' title='bbox 3385 3981 3638 4051; x_wconf 84' lang='grc' dir='ltr'>λατρείας</span> 
     </span>
    </p>
   </div>
   <div class='ocr_carea' id='block_1_101' title="bbox 2068 4064 3635 4144">
    <p class='ocr_par' dir='ltr' id='par_1_101' title="bbox 2068 4064 3635 4144">
     <span class='ocr_line' id='line_1_101' title="bbox 2068 4064 3635 4144; baseline 0.009 -32"><span class='ocrx_word' id='word_1_752' title='bbox 2068 4064 2480 4130; x_wconf 82' lang='grc' dir='ltr'>μεταποιεῖσθαι</span> <span class='ocrx_word' id='word_1_753' title='bbox 2513 4067 2989 4138; x_wconf 86' lang='grc' dir='ltr'>προσποιούμενοι,</span> <span class='ocrx_word' id='word_1_754' title='bbox 3020 4069 3317 4141; x_wconf 84' lang='grc' dir='ltr'>λεληθότως</span> <span class='ocrx_word' id='word_1_755' title='bbox 3342 4073 3635 4144; x_wconf 84' lang='grc' dir='ltr'>κατεμερί-</span> 
     </span>
    </p>
   </div>
   <div class='ocr_carea' id='block_1_102' title="bbox 2065 4152 3635 4232">
    <p class='ocr_par' dir='ltr' id='par_1_102' title="bbox 2065 4152 3635 4232">
     <span class='ocr_line' id='line_1_102' title="bbox 2065 4152 3635 4232; baseline 0.009 -28"><span class='ocrx_word' id='word_1_756' title='bbox 2065 4152 2217 4216; x_wconf 80' lang='grc' dir='ltr'>ζοντο</span> <span class='ocrx_word' id='word_1_757' title='bbox 2252 4155 2388 4224; x_wconf 84' lang='grc' dir='ltr'>πρὸς</span> <span class='ocrx_word' id='word_1_758' title='bbox 2420 4156 2672 4228; x_wconf 85' lang='grc' dir='ltr'>λατρείας</span> <span class='ocrx_word' id='word_1_759' title='bbox 2722 4162 2818 4223; x_wconf 79' lang='grc' dir='ltr'>τὰς</span> <span class='ocrx_word' id='word_1_760' title='bbox 2865 4161 3182 4223; x_wconf 85' lang='grc' dir='ltr'>ἀλλοκότους</span> <span class='ocrx_word' id='word_1_761' title='bbox 3222 4162 3314 4214; x_wconf 75' lang='grc' dir='ltr'>καὶ</span> <span class='ocrx_word' id='word_1_762' title='bbox 3346 4162 3635 4232; x_wconf 87' lang='grc' dir='ltr'>δαιμονιώ-</span> 
     </span>
    </p>
   </div>
   <div class='ocr_carea' id='block_1_103' title="bbox 2062 4242 3636 4325">
    <p class='ocr_par' dir='ltr' id='par_1_103' title="bbox 2062 4242 3636 4325">
     <span class='ocr_line' id='line_1_103' title="bbox 2062 4242 3636 4325; baseline 0.008 -31"><span class='ocrx_word' id='word_1_763' title='bbox 2062 4242 2190 4305; x_wconf 88' lang='grc' dir='ltr'>δεις,</span> <span class='ocrx_word' id='word_1_764' title='bbox 2257 4244 2348 4296; x_wconf 83' lang='grc' dir='ltr'><strong>καὶ</strong></span> <span class='ocrx_word' id='word_1_765' title='bbox 2403 4246 2520 4316; x_wconf 83' lang='grc' dir='ltr'>Θεῷ</span> <span class='ocrx_word' id='word_1_766' title='bbox 2573 4251 3072 4321; x_wconf 85' lang='grc' dir='ltr'>κατεστυγημένας.</span> <span class='ocrx_word' id='word_1_767' title='bbox 3121 4251 3502 4307; x_wconf 75' lang='grc' dir='ltr'>ΟὐκοῦνοιΣὺ</span> <span class='ocrx_word' id='word_1_768' title='bbox 3538 4255 3636 4325; x_wconf 79' lang='grc' dir='ltr'><strong>μὲν</strong></span> 
     </span>
    </p>
   </div>
   <div class='ocr_carea' id='block_1_104' title="bbox 2076 4331 3627 4412">
    <p class='ocr_par' dir='ltr' id='par_1_104' title="bbox 2076 4331 3627 4412">
     <span class='ocr_line' id='line_1_104' title="bbox 2076 4331 3627 4412; baseline 0.008 -30"><span class='ocrx_word' id='word_1_769' title='bbox 2076 4331 2308 4402; x_wconf 75' lang='grc' dir='ltr'>Ἰσραὴλ,</span> <span class='ocrx_word' id='word_1_770' title='bbox 2334 4353 2351 4384; x_wconf 73' lang='grc' dir='ltr'><strong>ι</strong></span> <span class='ocrx_word' id='word_1_771' title='bbox 2408 4335 2711 4405; x_wconf 86' lang='grc' dir='ltr'>ὀλοτρόπως</span> <span class='ocrx_word' id='word_1_772' title='bbox 2758 4340 3120 4406; x_wconf 85' lang='grc' dir='ltr'>ἐκκεκλικὼς,</span> <span class='ocrx_word' id='word_1_773' title='bbox 3169 4360 3187 4392; x_wconf 78' lang='lat' dir='ltr'><strong>t</strong></span> <span class='ocrx_word' id='word_1_774' title='bbox 3219 4341 3293 4412; x_wconf 81' lang='grc' dir='ltr'>μὴ</span> <span class='ocrx_word' id='word_1_775' title='bbox 3323 4342 3567 4411; x_wconf 86' lang='grc' dir='ltr'>μάγνόει,</span> <span class='ocrx_word' id='word_1_776' title='bbox 3610 4363 3627 4394; x_wconf 72' lang='grc' dir='ltr'><strong>ι</strong></span> 
     </span>
    </p>
   </div>
   <div class='ocr_carea' id='block_1_105' title="bbox 2063 4425 3636 4505">
    <p class='ocr_par' dir='ltr' id='par_1_105' title="bbox 2063 4425 3636 4505">
     <span class='ocr_line' id='line_1_105' title="bbox 2063 4425 3636 4505; baseline 0.01 -33"><span class='ocrx_word' id='word_1_777' title='bbox 2063 4425 2217 4490; x_wconf 69' lang='grc' dir='ltr'>φησὶ,</span> <span class='ocrx_word' id='word_1_778' title='bbox 2244 4426 2518 4478; x_wconf 85' lang='grc' dir='ltr'>τουτέστιν</span> <span class='ocrx_word' id='word_1_779' title='bbox 2545 4428 2783 4498; x_wconf 85' lang='grc' dir='ltr'>ἀπόσχου</span> <span class='ocrx_word' id='word_1_780' title='bbox 2819 4433 2916 4500; x_wconf 78' lang='grc' dir='ltr'><strong>τῆς</strong></span> <span class='ocrx_word' id='word_1_781' title='bbox 2946 4433 3202 4502; x_wconf 84' lang='grc' dir='ltr'>ἀμαθίας,</span> <span class='ocrx_word' id='word_1_782' title='bbox 3231 4434 3506 4505; x_wconf 83' lang='grc' dir='ltr'>κατάληγε</span> <span class='ocrx_word' id='word_1_783' title='bbox 3537 4435 3636 4504; x_wconf 87' lang='grc' dir='ltr'>τῆς</span> 
     </span>
    </p>
   </div>
   <div class='ocr_carea' id='block_1_106' title="bbox 2065 4512 3634 4592">
    <p class='ocr_par' dir='ltr' id='par_1_106' title="bbox 2065 4512 3634 4592">
     <span class='ocr_line' id='line_1_106' title="bbox 2065 4512 3634 4592; baseline 0.008 -29"><span class='ocrx_word' id='word_1_784' title='bbox 2065 4512 2235 4572; x_wconf 73' lang='grc' dir='ltr'>οὕτως</span> <span class='ocrx_word' id='word_1_785' title='bbox 2285 4516 2489 4578; x_wconf 81' lang='grc' dir='ltr'>εἰκαίας</span> <span class='ocrx_word' id='word_1_786' title='bbox 2536 4519 2628 4571; x_wconf 68' lang='grc' dir='ltr'><strong>καὶ</strong></span> <span class='ocrx_word' id='word_1_787' title='bbox 2675 4518 2897 4589; x_wconf 76' lang='grc' dir='ltr'>βεϐήλου</span> <span class='ocrx_word' id='word_1_788' title='bbox 2939 4521 3182 4592; x_wconf 83' lang='grc' dir='ltr'>γνώμης,</span> <span class='ocrx_word' id='word_1_789' title='bbox 3226 4523 3375 4589; x_wconf 78' lang='grc' dir='ltr'>δέξαι</span> <span class='ocrx_word' id='word_1_790' title='bbox 3422 4523 3634 4575; x_wconf 87' lang='grc' dir='ltr'>σύνεσιν</span> 
     </span>
    </p>
   </div>
   <div class='ocr_carea' id='block_1_107' title="bbox 2065 4605 3630 4685">
    <p class='ocr_par' dir='ltr' id='par_1_107' title="bbox 2065 4605 3630 4685">
     <span class='ocr_line' id='line_1_107' title="bbox 2065 4605 3630 4685; baseline 0.006 -29"><span class='ocrx_word' id='word_1_791' title='bbox 2065 4605 2162 4674; x_wconf 77' lang='grc' dir='ltr'><strong>τὴν</strong></span> <span class='ocrx_word' id='word_1_792' title='bbox 2191 4605 2278 4657; x_wconf 70' lang='grc' dir='ltr'>διὰ</span> <span class='ocrx_word' id='word_1_793' title='bbox 2297 4607 2457 4677; x_wconf 85' lang='grc' dir='ltr'>νόμου</span> <span class='ocrx_word' id='word_1_794' title='bbox 2496 4611 2588 4662; x_wconf 75' lang='grc' dir='ltr'><strong>καὶ</strong></span> <span class='ocrx_word' id='word_1_795' title='bbox 2632 4613 2957 4682; x_wconf 82' lang='grc' dir='ltr'>προφητῶν,</span> <span class='ocrx_word' id='word_1_796' title='bbox 2995 4615 3113 4684; x_wconf 74' lang='grc' dir='ltr'>ἦτοι</span> <span class='ocrx_word' id='word_1_797' title='bbox 3157 4615 3255 4685; x_wconf 83' lang='grc' dir='ltr'><strong>τὴν</strong></span> <span class='ocrx_word' id='word_1_798' title='bbox 3281 4615 3367 4668; x_wconf 80' lang='grc' dir='ltr'>διὰ</span> <span class='ocrx_word' id='word_1_799' title='bbox 3396 4613 3630 4685; x_wconf 75' lang='grc' dir='ltr'>Χριστοῦ</span> 
     </span>
    </p>
   </div>
   <div class='ocr_carea' id='block_1_108' title="bbox 2065 4696 3634 4777">
    <p class='ocr_par' dir='ltr' id='par_1_108' title="bbox 2065 4696 3634 4777">
     <span class='ocr_line' id='line_1_108' title="bbox 2065 4696 3634 4777; baseline 0.008 -31"><span class='ocrx_word' id='word_1_800' title='bbox 2065 4696 2157 4747; x_wconf 70' lang='grc' dir='ltr'><strong>καὶ</strong></span> <span class='ocrx_word' id='word_1_801' title='bbox 2199 4698 2575 4768; x_wconf 78' lang='grc' dir='ltr'>εὐαγγελικήν.</span> <span class='ocrx_word' id='word_1_802' title='bbox 2621 4723 2637 4753; x_wconf 78' lang='grc' dir='ltr'><strong>ι</strong></span> <span class='ocrx_word' id='word_1_803' title='bbox 2663 4705 2770 4756; x_wconf 69' lang='grc' dir='ltr'><strong>Καὶ</strong></span> <span class='ocrx_word' id='word_1_804' title='bbox 2804 4705 2993 4768; x_wconf 82' lang='grc' dir='ltr'>Ἰούδα,</span> <span class='ocrx_word' id='word_1_805' title='bbox 3030 4704 3104 4777; x_wconf 85' lang='grc' dir='ltr'>μὴ</span> <span class='ocrx_word' id='word_1_806' title='bbox 3143 4707 3523 4777; x_wconf 85' lang='grc' dir='ltr'>είσπορεύεσθε</span> <span class='ocrx_word' id='word_1_807' title='bbox 3555 4710 3634 4771; x_wconf 80' lang='grc' dir='ltr'><strong>εἰς</strong></span> 
     </span>
    </p>
   </div>
   <div class='ocr_carea' id='block_1_109' title="bbox 2064 4787 3631 4867">
    <p class='ocr_par' dir='ltr' id='par_1_109' title="bbox 2064 4787 3631 4867">
     <span class='ocr_line' id='line_1_109' title="bbox 2064 4787 3631 4867; baseline 0.007 -28"><span class='ocrx_word' id='word_1_808' title='bbox 2064 4787 2334 4854; x_wconf 82' lang='grc' dir='ltr'>Γάλγαλα,</span> <span class='ocrx_word' id='word_1_809' title='bbox 2358 4790 2447 4842; x_wconf 73' lang='grc' dir='ltr'><strong>καὶ</strong></span> <span class='ocrx_word' id='word_1_810' title='bbox 2469 4793 2549 4854; x_wconf 88' lang='grc' dir='ltr'><strong>εἰς</strong></span> <span class='ocrx_word' id='word_1_811' title='bbox 2564 4793 2652 4843; x_wconf 88' lang='grc' dir='ltr'><strong>τὸν</strong></span> <span class='ocrx_word' id='word_1_812' title='bbox 2672 4791 2817 4847; x_wconf 83' lang='grc' dir='ltr'>οἷκον</span> <span class='ocrx_word' id='word_1_813' title='bbox 2837 4795 2935 4865; x_wconf 80' lang='grc' dir='ltr'>τῆς</span> <span class='ocrx_word' id='word_1_814' title='bbox 2961 4797 3171 4859; x_wconf 85' lang='grc' dir='ltr'>ἀδικίας</span> <span class='ocrx_word' id='word_1_815' title='bbox 3197 4797 3270 4867; x_wconf 83' lang='grc' dir='ltr'>μὴ</span> <span class='ocrx_word' id='word_1_816' title='bbox 3295 4797 3631 4860; x_wconf 78' lang='grc' dir='ltr'>ἀναϐαίνετε,</span> 
     </span>
    </p>
   </div>
   <div class='ocr_carea' id='block_1_110' title="bbox 2062 4879 3634 4957">
    <p class='ocr_par' dir='ltr' id='par_1_110' title="bbox 2062 4879 3634 4957">
     <span class='ocr_line' id='line_1_110' title="bbox 2062 4879 3634 4957; baseline 0.004 -26"><span class='ocrx_word' id='word_1_817' title='bbox 2062 4881 2154 4932; x_wconf 78' lang='grc' dir='ltr'><strong>καὶ</strong></span> <span class='ocrx_word' id='word_1_818' title='bbox 2193 4879 2267 4951; x_wconf 83' lang='grc' dir='ltr'>μὴ</span> <span class='ocrx_word' id='word_1_819' title='bbox 2305 4881 2526 4949; x_wconf 79' lang='grc' dir='ltr'>ὀμνύετε</span> <span class='ocrx_word' id='word_1_820' title='bbox 2561 4883 2736 4946; x_wconf 78' lang='grc' dir='ltr'>ζῶντα</span> <span class='ocrx_word' id='word_1_821' title='bbox 2769 4886 2974 4957; x_wconf 83' lang='grc' dir='ltr'>Κύριον</span> <span class='ocrx_word' id='word_1_822' title='bbox 3000 4926 3016 4944; x_wconf 90' lang='grc'><strong>.</strong></span> <span class='ocrx_word' id='word_1_823' title='bbox 3039 4908 3055 4938; x_wconf 74' lang='grc' dir='ltr'><strong>ι</strong></span> <span class='ocrx_word' id='word_1_824' title='bbox 3101 4889 3209 4940; x_wconf 75' lang='grc' dir='ltr'>Καὶ</span> <span class='ocrx_word' id='word_1_825' title='bbox 3234 4888 3341 4957; x_wconf 84' lang='grc' dir='ltr'><strong>γάρ</strong></span> <span class='ocrx_word' id='word_1_826' title='bbox 3380 4888 3494 4939; x_wconf 82' lang='grc' dir='ltr'>ἐστι</span> <span class='ocrx_word' id='word_1_827' title='bbox 3527 4888 3634 4938; x_wconf 85' lang='grc' dir='ltr'><strong>τῶν</strong></span> 
     </span>
    </p>
   </div>
   <div class='ocr_carea' id='block_1_111' title="bbox 2063 4971 3634 5046">
    <p class='ocr_par' dir='ltr' id='par_1_111' title="bbox 2063 4971 3634 5046">
     <span class='ocr_line' id='line_1_111' title="bbox 2063 4971 3634 5046; baseline 0.005 -23"><span class='ocrx_word' id='word_1_828' title='bbox 2063 4971 2298 5034; x_wconf 87' lang='grc' dir='ltr'>ἀτόπων,</span> <span class='ocrx_word' id='word_1_829' title='bbox 2325 4973 2508 5043; x_wconf 78' lang='grc' dir='ltr'>ὅρκιον</span> <span class='ocrx_word' id='word_1_830' title='bbox 2543 4976 2642 5045; x_wconf 78' lang='grc' dir='ltr'><strong>μὲν</strong></span> <span class='ocrx_word' id='word_1_831' title='bbox 2668 4979 2937 5032; x_wconf 85' lang='grc' dir='ltr'>ποιεῖσθαι</span> <span class='ocrx_word' id='word_1_832' title='bbox 2960 4979 3110 5041; x_wconf 88' lang='grc' dir='ltr'>Θεὸν,</span> <span class='ocrx_word' id='word_1_833' title='bbox 3142 4979 3233 5030; x_wconf 76' lang='grc' dir='ltr'><strong>καὶ</strong></span> <span class='ocrx_word' id='word_1_834' title='bbox 3267 4979 3358 5029; x_wconf 75' lang='grc' dir='ltr'><strong>ἐπὶ</strong></span> <span class='ocrx_word' id='word_1_835' title='bbox 3389 4977 3634 5046; x_wconf 81' lang='grc' dir='ltr'>γλώττης</span> 
     </span>
    </p>
   </div>
   <div class='ocr_carea' id='block_1_112' title="bbox 2064 5059 3629 5138">
    <p class='ocr_par' dir='ltr' id='par_1_112' title="bbox 2064 5059 3629 5138">
     <span class='ocr_line' id='line_1_112' title="bbox 2064 5059 3629 5138; baseline 0.007 -27"><span class='ocrx_word' id='word_1_836' title='bbox 2064 5059 2205 5129; x_wconf 80' lang='grc' dir='ltr'>ἔχειν</span> <span class='ocrx_word' id='word_1_837' title='bbox 2250 5062 2340 5114; x_wconf 88' lang='grc' dir='ltr'><strong>τὸν</strong></span> <span class='ocrx_word' id='word_1_838' title='bbox 2388 5063 2564 5128; x_wconf 77' lang='grc' dir='ltr'>ζῶντα</span> <span class='ocrx_word' id='word_1_839' title='bbox 2607 5067 2846 5138; x_wconf 79' lang='grc' dir='ltr'>Κύριον,</span> <span class='ocrx_word' id='word_1_840' title='bbox 2895 5067 3245 5137; x_wconf 84' lang='grc' dir='ltr'>προσκεῖσθαι</span> <span class='ocrx_word' id='word_1_841' title='bbox 3307 5065 3363 5117; x_wconf 86' lang='grc' dir='ltr'>δὲ</span> <span class='ocrx_word' id='word_1_842' title='bbox 3410 5065 3488 5136; x_wconf 86' lang='grc' dir='ltr'>τῷ</span> <span class='ocrx_word' id='word_1_843' title='bbox 3541 5069 3629 5122; x_wconf 53' lang='grc' dir='ltr'>καὶ</span> 
     </span>
    </p>
   </div>
   <div class='ocr_carea' id='block_1_113' title="bbox 2061 5151 3598 5228">
    <p class='ocr_par' dir='ltr' id='par_1_113' title="bbox 2061 5151 3598 5228">
     <span class='ocr_line' id='line_1_113' title="bbox 2061 5151 3598 5228; baseline 0.008 -28"><span class='ocrx_word' id='word_1_844' title='bbox 2061 5151 2298 5214; x_wconf 82' lang='grc' dir='ltr'>εἰδώλοις</span> <span class='ocrx_word' id='word_1_845' title='bbox 2327 5155 2421 5204; x_wconf 76' lang='grc' dir='ltr'><strong>καὶ</strong></span> <span class='ocrx_word' id='word_1_846' title='bbox 2458 5154 2684 5225; x_wconf 73' lang='grc' dir='ltr'>ἀψύχοις</span> <span class='ocrx_word' id='word_1_847' title='bbox 2708 5157 2998 5226; x_wconf 72' lang='grc' dir='ltr'>δαμάλεσιν</span> <span class='ocrx_word' id='word_1_848' title='bbox 3045 5155 3255 5209; x_wconf 79' lang='grc' dir='ltr'>ἑλέσθαι</span> <span class='ocrx_word' id='word_1_849' title='bbox 3286 5161 3598 5228; x_wconf 82' lang='grc' dir='ltr'>προσκυνε’ν</span> 
     </span>
    </p>
   </div>
   <div class='ocr_carea' id='block_1_114' title="bbox 2075 5242 3600 5320">
    <p class='ocr_par' dir='ltr' id='par_1_114' title="bbox 2075 5242 3600 5320">
     <span class='ocr_line' id='line_1_114' title="bbox 2075 5242 3600 5320; baseline 0.008 -27"><span class='ocrx_word' id='word_1_850' title='bbox 2075 5242 2331 5296; x_wconf 85' lang='grc' dir='ltr'>Ἀπέθετο</span> <span class='ocrx_word' id='word_1_851' title='bbox 2369 5245 2478 5315; x_wconf 78' lang='grc' dir='ltr'>γὰρ</span> <span class='ocrx_word' id='word_1_852' title='bbox 2522 5247 2822 5317; x_wconf 75' lang='grc' dir='ltr'>Ὶεροϐοάμ,</span> <span class='ocrx_word' id='word_1_853' title='bbox 2854 5249 2951 5318; x_wconf 84' lang='grc' dir='ltr'>τὴν</span> <span class='ocrx_word' id='word_1_854' title='bbox 2981 5247 3108 5317; x_wconf 87' lang='grc' dir='ltr'>μίαν</span> <span class='ocrx_word' id='word_1_855' title='bbox 3144 5251 3224 5312; x_wconf 89' lang='grc' dir='ltr'><strong>εἰς</strong></span> <span class='ocrx_word' id='word_1_856' title='bbox 3266 5249 3468 5320; x_wconf 80' lang='grc' dir='ltr'>Βαιθὴλ</span> <span class='ocrx_word' id='word_1_857' title='bbox 3490 5291 3504 5315; x_wconf 93' lang='grc'><strong>,</strong></span> <span class='ocrx_word' id='word_1_858' title='bbox 3537 5269 3554 5302; x_wconf 64' lang='lat'><strong>7</strong></span> <span class='ocrx_word' id='word_1_859' title='bbox 3575 5270 3600 5307; x_wconf 75' lang='lat'><strong>1</strong></span> 
     </span>
    </p>
   </div>
   <div class='ocr_carea' id='block_1_115' title="bbox 2059 5331 3600 5410">
    <p class='ocr_par' dir='ltr' id='par_1_115' title="bbox 2059 5331 3600 5410">
     <span class='ocr_line' id='line_1_115' title="bbox 2059 5331 3600 5410; baseline 0.006 -27"><span class='ocrx_word' id='word_1_860' title='bbox 2059 5331 2154 5402; x_wconf 78' lang='grc' dir='ltr'>τὴν</span> <span class='ocrx_word' id='word_1_861' title='bbox 2188 5333 2379 5403; x_wconf 82' lang='grc' dir='ltr'>ἑτέραν</span> <span class='ocrx_word' id='word_1_862' title='bbox 2413 5337 2491 5398; x_wconf 79' lang='grc' dir='ltr'><strong>εἰς</strong></span> <span class='ocrx_word' id='word_1_863' title='bbox 2518 5338 2643 5390; x_wconf 80' lang='grc' dir='ltr'>Δάν.</span> <span class='ocrx_word' id='word_1_864' title='bbox 2694 5339 2803 5390; x_wconf 83' lang='grc' dir='ltr'>Οὐκ</span> <span class='ocrx_word' id='word_1_865' title='bbox 2835 5339 2900 5408; x_wconf 78' lang='grc' dir='ltr'><strong>ἐᾷ</strong></span> <span class='ocrx_word' id='word_1_866' title='bbox 2931 5338 3218 5409; x_wconf 83' lang='grc' dir='ltr'>τοιγαροῦν</span> <span class='ocrx_word' id='word_1_867' title='bbox 3245 5340 3547 5410; x_wconf 74' lang='grc' dir='ltr'>ὑποκρίνεσι</span> <span class='ocrx_word' id='word_1_868' title='bbox 3579 5358 3600 5393; x_wconf 66' lang='grc' dir='ltr'><strong>τ</strong></span> 
     </span>
    </p>
   </div>
   <div class='ocr_carea' id='block_1_116' title="bbox 2062 5424 3597 5502">
    <p class='ocr_par' dir='ltr' id='par_1_116' title="bbox 2062 5424 3597 5502">
     <span class='ocr_line' id='line_1_116' title="bbox 2062 5424 3597 5502; baseline 0.003 -27"><span class='ocrx_word' id='word_1_869' title='bbox 2062 5425 2160 5492; x_wconf 81' lang='grc' dir='ltr'><strong>μὲν</strong></span> <span class='ocrx_word' id='word_1_870' title='bbox 2187 5424 2282 5495; x_wconf 81' lang='grc' dir='ltr'>τὴν</span> <span class='ocrx_word' id='word_1_871' title='bbox 2319 5428 2397 5488; x_wconf 86' lang='grc' dir='ltr'><strong>εἰς</strong></span> <span class='ocrx_word' id='word_1_872' title='bbox 2428 5427 2562 5481; x_wconf 83' lang='grc' dir='ltr'>Θεὸν</span> <span class='ocrx_word' id='word_1_873' title='bbox 2589 5429 2889 5494; x_wconf 80' lang='grc' dir='ltr'>εὐσέϐειαν,</span> <span class='ocrx_word' id='word_1_874' title='bbox 2921 5431 3009 5483; x_wconf 76' lang='grc' dir='ltr'><strong>διὰ</strong></span> <span class='ocrx_word' id='word_1_875' title='bbox 3041 5429 3135 5483; x_wconf 86' lang='grc' dir='ltr'>τοῦ</span> <span class='ocrx_word' id='word_1_876' title='bbox 3158 5431 3248 5485; x_wconf 91' lang='grc' dir='ltr'><strong>τὸν</strong></span> <span class='ocrx_word' id='word_1_877' title='bbox 3281 5431 3484 5502; x_wconf 86' lang='grc' dir='ltr'>Κύριον</span> <span class='ocrx_word' id='word_1_878' title='bbox 3511 5431 3597 5481; x_wconf 80' lang='grc' dir='ltr'>ὀνο</span> 
     </span>
    </p>
   </div>
   <div class='ocr_carea' id='block_1_117' title="bbox 2063 5514 3627 5591">
    <p class='ocr_par' dir='ltr' id='par_1_117' title="bbox 2063 5514 3627 5591">
     <span class='ocr_line' id='line_1_117' title="bbox 2063 5514 3627 5591; baseline 0.003 -24"><span class='ocrx_word' id='word_1_879' title='bbox 2063 5514 2275 5584; x_wconf 75' lang='grc' dir='ltr'>μάζειν,</span> <span class='ocrx_word' id='word_1_880' title='bbox 2313 5517 2772 5588; x_wconf 74' lang='grc' dir='ltr'>κατακομίζεσθαι</span> <span class='ocrx_word' id='word_1_881' title='bbox 2800 5520 2856 5572; x_wconf 78' lang='grc' dir='ltr'>δὲ</span> <span class='ocrx_word' id='word_1_882' title='bbox 2899 5521 3034 5591; x_wconf 87' lang='grc' dir='ltr'>πρὸς</span> <span class='ocrx_word' id='word_1_883' title='bbox 3069 5521 3330 5586; x_wconf 85' lang='grc' dir='ltr'>ὲκτόπους</span> <span class='ocrx_word' id='word_1_884' title='bbox 3373 5519 3627 5590; x_wconf 70' lang='grc' dir='ltr'>ψευδολχο</span> 
     </span>
    </p>
   </div>
   <div class='ocr_carea' id='block_1_118' title="bbox 2300 5695 2874 5766">
    <p class='ocr_par' dir='ltr' id='par_1_118' title="bbox 2300 5695 2874 5766">
     <span class='ocr_line' id='line_1_118' title="bbox 2300 5695 2874 5766; baseline 0.003 -15"><span class='ocrx_word' id='word_1_885' title='bbox 2300 5697 2344 5727; x_wconf 75' lang='grc'><em>³³</em></span> <span class='ocrx_word' id='word_1_886' title='bbox 2385 5695 2452 5752; x_wconf 91' lang='lat' dir='ltr'><strong>lll</strong></span> <span class='ocrx_word' id='word_1_887' title='bbox 2490 5695 2620 5766; x_wconf 83' lang='lat' dir='ltr'><strong>Reg.</strong></span> <span class='ocrx_word' id='word_1_888' title='bbox 2657 5711 2751 5762; x_wconf 84' lang='lat' dir='ltr'><strong>xn,</strong></span> <span class='ocrx_word' id='word_1_889' title='bbox 2785 5696 2874 5753; x_wconf 72' lang='lat'><strong>29.</strong></span> 
     </span>
    </p>
   </div>
  </div>
