4002 6220
318 322 420 377 157

1244 317 1791 376 COMMENTARIUS
1832 320 1898 375 IN
1938 320 2167 377 OSEAM
2207 323 2646 379 PROPIIETAM.

3461 338 3565 394 158

308 434 520 505 τρείας,
543 431 935 495 ἀναϐαίνοντας
982 433 1061 493 είς
1088 430 1359 500 Γάλγαλα,
1394 436 1486 487 καὶ
1529 439 1607 501 εἰς
1632 438 1723 490 τὸν
1754 434 1884 493 οἶκοι

2005 440 2099 496 Dei
2131 443 2321 498 domus
2362 443 2489 499 idoli
2524 445 2716 511 evasit,
2763 454 2821 499 ut
2860 446 2990 502 dixi.
3023 446 3207 518 Itaque
3242 450 3437 507 alicubi
3474 468 3570 524 per

307 526 409 593 τῆς
438 523 677 586 ἀδικίας.
713 519 874 575 Οἶκον
905 522 962 575 δὲ
996 522 1207 587 ἀδικίας
1251 525 1504 595 ὀνομάζει
1537 530 1635 599 τὴν
1669 530 1892 600 Βαιθήλ.

1998 546 2059 587 os
2104 531 2352 588 Jeremia:
2371 535 2437 589 de
2465 536 2659 606 popqu
2684 533 2848 592 Israel
2887 540 3001 594 ait:
3036 556 3055 590 ι
3087 540 3227 607 Quid
3264 542 3468 599 dilecta
3514 546 3568 599 in

308 613 406 665 Διά
432 612 595 665 ποίαν
624 611 836 677 αἰτίαν;
876 611 1289 682 διερμηνεύεται
1319 614 1419 683 μὲν
1461 616 1569 687 γάρ
1618 620 1647 687 ἡ
1700 619 1884 690 Βαιθὴ)

2004 622 2164 676 domo
2205 637 2321 685 mea
2369 623 2496 679 fecit
2537 628 3142 684 ahominationetn“?t
3178 634 3380 689 Dixerit
3408 651 3569 705 porro

308 699 473 768 οἶκος
506 703 676 760 Θεοῦ,
707 703 845 755 Ἀλλ’
866 700 1012 765 οἶκος
1028 703 1243 756 εἰδώλου
1271 705 1510 774 γέγονεν,
1535 710 1895 774 ἀδικηθέντων

307 796 509 867 τρόπον
546 796 690 857 nvi,
721 796 813 846 καὶ
844 793 937 846 τοῦ
979 794 1320 865 πράγματος,
1370 799 1463 851 καὶ
1504 800 1673 867 αὐτῆς
1711 802 1765 853 δὲ
1799 806 1897 873 τῆς

1995 713 2115 779 jure
2149 714 2523 769 universorum
2564 717 2702 773 Dens
2751 736 2912 790 super
2945 723 3010 777 iis
3042 725 3131 793 qui
3176 736 3299 778 sunt
3331 726 3394 780 de
3429 728 3568 780 lrilnt

2001 802 2132 857 .Iuda
2161 816 2212 859 et
2247 805 2558 874 Benjatnin:
2589 828 2605 859 ι
2632 812 3038 883 Appropinquat
3070 816 3197 869 mihi
3231 817 3453 885 populus
3481 818 3568 871 hic

308 888 661 957 ἐπωνυμίας·
697 883 843 950 οἶκος
871 886 999 955 γάρ,
1035 886 1111 949 ὠς
1150 886 1307 957 ἔφην,
1349 888 1567 943 εἰδώλου
1610 893 1830 960 γέγονεν
1870 897 1884 946 ἐ

2001 894 2176 960 labiis,
2204 911 2299 950 cor
2337 906 2729 963 autemﬁeorum
2763 904 2917 972 longe
2934 914 3015 958 est
3044 921 3071 958 a
3100 923 3183 960 me
3204 909 3268 963 ".

306 986 452 1051 οἶκος
485 986 579 1041 τοῦ
619 986 774 1041 Θεοῦ.
800 989 911 1041 Καὶ
942 989 1069 1057 γοῦν
1100 989 1202 1061 ἔφη
1234 1009 1336 1043 που
1402 988 1490 1043 διὰ
1546 987 1642 1057 τῆς
1687 989 1950 1059 Ἰερεμίου
1992 991 2177 1060 φωνῆς
2227 994 2355 1064 περὶ
2404 994 2502 1057 τῆς
2554 995 2789 1064 πληθύος
2834 998 2944 1051 τῶν
2981 1001 3042 1065 ἐξ
3081 1002 3329 1074 Ἰσραήλ”
3390 1005 3491 1056 «Τί
3534 1007 3566 1075 ἡ

306 1084 644 1153 ἠγαπημένη
700 1085 758 1135 ἐν
802 1084 879 1154 τῷ
914 1087 1045 1155 οἴκῳ
1096 1103 1198 1155 μου
1250 1085 1471 1155 ἐποίησε
1520 1084 1830 1154 βδέλυγμα;
1861 1102 1876 1132 t
1921 1083 2056 1153 Φαίη
2099 1084 2141 1137 δ’
2185 1084 2250 1138 ἂν
2321 1086 2547 1148 εἰκότως
2576 1090 2603 1139 6
2631 1088 2738 1140 τῶν
2800 1089 2935 1143 ὅλων
2965 1092 3115 1157 Θεὸς,
3159 1095 3249 1147 ἐπί
3278 1112 3339 1161 γε
3372 1096 3469 1165 τῆς
3507 1097 3566 1162 ἐξ

319 1178 493 1231 Ἰούδα
542 1180 634 1231 καὶ¹
681 1178 972 1248 Βενιαμίν·
1032 1196 1049 1229 ι
1090 1179 1330 1247 Ἐγγίζει
1388 1198 1476 1249 μοι
1528 1180 1555 1231 6
1586 1179 1710 1241 λαὸς
1778 1172 1932 1241 οὗτος
1999 1180 2249 1248 χείλεσιν.
2312 1182 2373 1234 Ἦ
2413 1182 2469 1233 δὲ
2528 1182 2720 1251 καρδία
2763 1185 2940 1239 αὐτῶν
2982 1188 3169 1259 πόρρω
3223 1190 3414 1260 ἀπέχει
3472 1192 3567 1245 ἀπ’

306 1271 464 1340 ἐμοῦ.
499 1291 517 1321 ι

380 1365 534 1417 Διότι
572 1362 653 1428 ὡς
679 1362 937 1429 δάμαλις
982 1366 1424 1434 παροιστρῶσα,
1466 1368 1653 1433 οὕτως
1686 1367 1895 1435 παροί-

202 1455 215 1460 ’
304 1470 578 1524 στρησεν
610 1454 869 1523 Ἰσραήλ.
900 1457 1007 1510 Καὶ
1027 1458 1144 1511 νῦν
1166 1458 1411 1527 νεμήσει
1435 1460 1655 1526 αὐτοὺς
1681 1460 1884 1528 Κύριος

1998 1464 2072 1507 est
2111 1448 2312 1509 Israclf
2346 1454 2505 1509 Nunc
2544 1467 2717 1525 pascet
2762 1474 2846 1512 eos
2889 1458 3144 1514 Dominus
3188 1473 3243 1516 ut
3281 1481 3469 1533 agnum
3515 1470 3566 1521 in

302 1551 386 1614 ώς
422 1549 620 1616 ἀμνὸν
652 1548 1074 1616 ἐνεύρυχάῳῳ.

383 1641 518 1696 Μθι.
561 1642 749 1710 Σοφῶς
774 1659 856 1705 τις
876 1643 1023 1713 ἡμᾶς
1054 1641 1162 1694 τῶν
1194 1643 1360 1710 ἁγίων
1382 1643 1474 1695 ἐπὶ
1505 1643 1601 1714 τὴν
1631 1643 1723 1695 τοῦ
1754 1659 1889 1713 συμ-

306 1735 566 1805 φέροντος
592 1733 764 1803 θήραν
786 1734 1131 1804 ἀποκομίζει,
1159 1733 1348 1802 λέγων·
1373 1735 1520 1799 «res,
1550 1736 1623 1806 μὴ
1644 1732 1888 1806 ζηλούτω

308 1841 402 1877 σου
432 1827 465 1895 ή
501 1826 697 1895 καρδία
730 1827 1103 1897 ἁμαρτωλοὺς,
1140 1827 1254 1881 ἀλλ’
1288 1829 1344 1880 ὲν
1372 1828 1520 1897 φόϐῳ
1548 1829 1752 1899 Κυρίου
1781 1828 1886 1883 ἴσθι

303 1917 433 1985 ὅλην
461 1918 562 1987 τὴν
584 1918 814 1988 ἡμέραν.
849 1937 867 1969 t
916 1916 1022 1981 Οὓς
1048 1918 1157 1989 γὰρ
1185 1917 1250 1971 ἄν
1278 1935 1361 1981 τις
1392 1917 1736 1986 καταψέξειε,
1774 1916 1890 1980 πῶς

302 2009 368 2061 ἂν
398 2008 576 2060 ἕλοιτο
605 2006 832 2078 ζηλοῦν;
866 2008 1099 2062 τοιοῦτόν
1135 2026 1185 2062 τι
1213 2008 1291 2079 τῷ
1324 2008 1494 2079 Ἰούδᾳ
1524 2010 1687 2079 φησὶν
1723 2010 1750 2062 6
1780 2008 1888 2061 τῶν

302 2097 441 2151 ὅλων
480 2098 632 2161 Θεός.
679 2098 768 2169 Μὴ
809 2099 915 2170 γάρ
943 2116 1024 2152 σοι
1066 2098 1308 2167 γενέσθω
1348 2098 1622 2171 πρόφασις
1651 2100 1728 2163 εἰς
1758 2100 1889 2152 ἀπό-

306 2207 499 2243 στασιν
532 2190 593 2243 τδ
624 2192 1025 2261 παροιστρῆσαι
1064 2192 1155 2245 τὸν
1196 2192 1433 2263 Ἰσραὴλ,
1476 2192 1571 2245 καὶ
1602 2192 1763 2246 οἱονεὶ
1793 2192 1889 2263 τῆς

301 2283 508 2351 ἀγέλης
570 2284 926 2355 ἀποδραμεῦι,
972 2286 1029 2337 ὲν
1071 2283 1169 2355 ἴσῳ
1224 2284 1535 2355 δαμάλεσιν,
1606 2280 1693 2348 αἷς
1731 2286 1887 2356 εἴπερ

301 2373 521 2444 οἶστρος
577 2376 897 2445 ἐνιζήσειεν,
954 2377 1071 2447 ῆτοι
1119 2372 1589 2447 βούτυπος(εῐδος
1632 2377 1688 2431 δὲ
1731 2377 1889 2430 τοῦτο

300 2467 551 2536 ἐμπίδος,
593 2465 890 2537 δακνούσης
928 2467 989 2520 οὐ
1005 2467 1301 2538 φορητῶς),
1337 2468 1601 2538 ἀποφέρει
1631 2468 1731 2539 τῆς
1766 2470 1889 2537 ἀγέο

301 2557 421 2626 λης,
450 2559 545 2610 καὶ⁸
586 2556 699 2622 ὀξεῖ
728 2556 989 2628 φέρεσθαι
1016 2559 1201 2629 δρόμῳ
1232 2558 1644 2631 παρασκευάζει
1678 2558 1883 2627 λοιπὸν,

302 2650 533 2720 ὅποιπερ
585 2649 653 2703 ἂν
698 2650 857 2722 τύχῃ.
921 2650 991 2703 ’Ἡ
1052 2651 1172 2720 οὐχὶ
1225 2650 1383 2704 τοῦτο
1441 2650 1743 2704 πεπονθότα
1795 2652 1886 2705 τὸν

315 2742 533 2813 Ἰσραὴλ
616 2744 951 2813 εὑρήσομεν;
1040 2741 1397 2812 ’Δπεφοίτησε
1455 2743 1555 2813 μὲν
1616 2742 1723 2815 γὰρ
1775 2744 1885 2797 τῶν

312 2832 724 2905 Ἰεροσολύμων,
755 2835 849 2887 καὶ
884 2834 971 2887 τὸν
1002 2834 1194 2888 ἑαυτοῦ
1236 2835 1459 2887 αἰπόλον
1497 2835 1676 2903 ἀφεὶς,
1724 2852 1885 2889 τουτ-

300 2928 420 2979 ἐστι
462 2926 619 2989 Θεὸν,
664 2926 843 2998 δεινὴν
888 2928 980 2979 καὶ
1014 2926 1288 2997 ἐπάρατον
1314 2925 1604 2997 ἐποιήσατο
1630 2926 1727 2997 τὴν
1754 2928 1884 2981 ἀπό⁹

300 3032 517 3068 στασιν.
556 3014 646 3085 Μὴ
686 3013 938 3086 ζηλώσῃς
973 3012 1277 3084 τοιγαροῦν,
1313 3004 1377 3065 ὦ
1409 3012 1597 3076 Ἰούδα,
1634 3013 1792 3083 φησί’
1833 3014 1882 3066 εἰ

2076 1362 2238 1416 Vens.
2286 1362 2373 1417 16.
2419 1363 2684 1429 Quoniam
2714 1368 2851 1419 sicut
2895 1384 3047 1422 vacca
3089 1379 3244 1424 oestro
3280 1376 3567 1431 concitatus

1995 1548 2245 1612 spatioso.

2064 1634 2248 1689 XLIX.
2269 1637 2552 1705 Sapienter
2575 1640 2791 1708 quidam
2811 1652 3121 1698 sanctorum
3150 1646 3216 1698 ad
3241 1661 3566 1717 persequen-

1993 1726 2115 1779 dam
2146 1726 2429 1781 utilitatem
2466 1739 2705 1782 nostram
2743 1746 2839 1785 nos
2880 1734 3115 1800 deducit,
3147 1737 3259 1806 80
3288 1754 3408 1793 cum
3444 1743 3517 1796 ait
3546 1760 3559 1796 :

1998 1839 2016 1870 ι
2058 1818 2184 1883 Fili,
2219 1834 2325 1873 non
2357 1821 2641 1875 aemuletur
2675 1836 2768 1874 cor
2806 1832 2950 1875 tuum
2995 1836 3336 1896 peccatores,
3374 1833 3466 1886 sed
3510 1835 3562 1886 in

1991 1910 2183 1965 timore
2237 1911 2444 1965 Domini
2498 1923 2614 1965 esto
2660 1924 2766 1966 tota
2813 1914 2897 1969 die
2923 1915 2988 1970 ’⁸.
3026 1936 3045 1967 ι
3086 1920 3230 1983 Quos
3268 1924 3410 1975 enim
3443 1926 3565 1993 quis

1990 2001 2310 2070 culpaverit,
2346 2004 2614 2071 quomodo
2642 2004 2840 2058 imitari
2876 2008 3098 2075 cupiat?
3144 2011 3273 2065 Tale
3307 2015 3563 2082 quiddam

1990 2094 2055 2148 ad
2092 2092 2229 2149 Juda
2272 2096 2642 2149 universorum
2681 2095 2820 2151 Deus
2856 2116 2868 2152 :
2906 2098 2982 2153 Ne
3016 2108 3066 2156 te
3096 2104 3160 2156 ad
3206 2103 3559 2163 defectionem

1992 2185 2268 2253 sollicitet,
2302 2187 2499 2256 inquit,
2530 2190 2672 2257 quod
2714 2188 2879 2245 Israel
2924 2203 3094 2248 oestro
3123 2196 3425 2264 exagitatus
3454 2209 3559 2266 est,

1988 2285 2044 2331 et
2085 2288 2342 2347 tanquam
2390 2292 2587 2341 vaccas,
2633 2279 2831 2348 quibus
2867 2280 3142 2346 tabanum,
3176 2293 3267 2336 aut
3298 2282 3561 2353 βούτυπος

1989 2384 2111 2423 cum
2143 2369 2339 2424 insedit
2371 2370 2601 2442 (species
2630 2380 2713 2425 est
2741 2371 2951 2437 culicis,
2981 2373 3394 2431 intolerabiliter
3415 2393 3562 2432 mor-

1989 2458 2211 2530 dentis),
2249 2462 2317 2514 ab
2349 2470 2594 2515 armento
2627 2472 2863 2532 separat,
2895 2472 3055 2532 atque
3080 2465 3145 2520 ad
3173 2467 3403 2522 celerem
3434 2483 3559 2523 cur-

1988 2566 2104 2606 sum
2150 2567 2255 2622 qua
2310 2552 2395 2606 via
2450 2554 2607 2606 datur
2652 2554 2860 2608 incitat.
2907 2560 3119 2611 Annon
3178 2558 3319 2612 istud
3375 2558 3561 2615 Isracli

1986 2643 2274 2712 contigisse
2300 2643 2546 2698 constat?
2578 2645 2834 2700 Discessit
2863 2646 3003 2700 enim
3040 2646 3440 2720 Hierosolyma,
3476 2664 3551 2718 et,

1986 2744 2201 2805 pastore
2238 2749 2336 2790 suo
2364 2735 2574 2801 relicto,
2607 2737 2709 2791 hoc
2760 2748 2840 2793 est
2884 2737 3020 2805 Dco,
3058 2747 3247 2793 tetram
3284 2755 3347 2796 ac
3408 2743 3558 2797 dete-

1985 2827 2231 2881 standam
2260 2827 2534 2896 apOStasin
2581 2827 2899 2898 designavit.
2950 2828 3027 2883 Ne
3070 2830 3235 2901 igitur
3266 2832 3559 2902 astutuleris,

1984 2930 2017 2970 o
2049 2916 2209 2982 Juda,
2242 2918 2434 2987 inquit.
2470 2917 2730 2985 Quamvis
2772 2920 2916 2974 enim
2962 2921 3138 2977 instar
3176 2937 3355 2978 vacca:
3392 2935 3564 2981 (nstro

1984 3009 2222 3078 percitus
2253 3008 2419 3065 Israel
2451 3010 2517 3064 ad
2548 3010 2923 3066 defectionem
2969 3012 3224 3083 profugit,
3258 3023 3433 3070 tamen
3478 3016 3561 3070 fa-

298 3106 410 3177 γάρ
453 3107 548 3158 καὶ
598 3105 653 3157 ὲν
697 3106 795 3175 ἴσῳ
842 3104 1106 3175 δαμάλεσι
1147 3104 1556 3175 παροιστρήσας
1598 3105 1626 3157 6
1667 3104 1883 3176 Ἰσραὴλ

1993 3102 2140 3158 cinus
2169 3103 2340 3156 audax
2377 3117 2482 3157 non
2511 3102 2723 3173 impune
2743 3104 3039 3158 admiserit.
3063 3103 3306 3175 Migrabit
3330 3121 3561 3177 namque

296 3197 476 3267 ᾣχετο
517 3196 653 3266 πρὸς
703 3196 1026 3260 ἀπόστασιν,
1080 3195 1195 3249 ἀλλ’
1241 3195 1340 3247 οὐκ
1374 3196 1609 3265 ἀζήμιον
1643 3194 1793 3248 ἔσται
1824 3195 1885 3249 τὸ

298 3288 610 3359 ἐγχείρημα
636 3287 803 3357 αὐτῷ.
847 3286 1229 3339 Ἀπελεύσεται
1259 3286 1367 3356 γὰρ
1398 3286 1760 3356 αἰχμάλωτος,
1791 3288 1885 3340 καὶ

299 3381 401 3449 τὴν
484 3377 816 3446 ὲνεγκοῦσαν
871 3377 1049 3445 ἀφεὶς,
1105 3377 1203 3447 τὴν
1258 3376 1482 3447 Περσῶν
1534 3376 1629 3428 καὶ
1686 3376 1884 3444 Μήδων

296 3469 695 3539 νεμηθήσεται.
729 3467 926 3520 Ούκέτι
964 3466 1187 3537 θρασὺς,
1217 3466 1311 3517 καὶ
1343 3465 1623 3528 οἱονείπως
1651 3463 1879 3535 ὲξήνιος,

298 3563 391 3614 καὶ
436 3559 778 3629 ἀτιμαγέλης
822 3557 1081 3628 (τοιαύτη
1117 3556 1224 3628 γὰρ
1253 3556 1459 3619 ἀείπως
1489 3556 1635 3608 ἐστὶν
1673 3556 1706 3626 ἡ
1746 3572 1885 3626 παρ-

295 3645 578 3716 οιστρῶτα
658 3646 949 3719 δάμαλις),
1006 3645 1119 3698 ἀλλ’
1193 3646 1250 3697 ὲν
1307 3645 1405 3715 ῐσῳ
1475 3644 1713 3713 γεγονὼς
1772 3648 1883 3709 τοῖς

297 3740 635 3807 ὴπιωτάτοις
683 3739 893 3808 ἀμνοῖς.
931 3737 1196 3791 Ταπεινδν
1239 3735 1348 3807 γὰρ
1389 3736 1476 3791 ἀεὶ
1504 3737 1598 3791 καὶ
1637 3737 1885 3807 περιδεὲς

298 3832 406 3885 τῶν
458 3830 820 3901 αἰχμαλώτων
865 3830 926 3883 τὸ
962 3830 1183 3901 χρῆμα,
1228 3829 1322 3882 καὶ
1365 3832 1465 3899 τῆς
1508 3828 1601 3881 τοῦ
1649 3828 1878 3898 πάσχειν

300 3925 485 3988 κακῶς
518 3923 733 3988 ἐλπίδος
764 3923 823 3974 οὐ
863 3920 1103 3991 μακράν,
1145 3921 1240 3975 καὶ
1280 3924 1346 3992 τῇ
1394 3920 1503 3974 τῶν
1538 3922 1881 3991 κρατούντων

298 4012 586 4084 πλεονεξίᾳ
628 4011 1063 4081 κατηχθημένον.
1127 4011 1449 4081 Εὐρύχωρον
1494 4012 1550 4064 δὲ
1602 4011 1701 4081 τὴν
1750 4014 1882 4082 Περ-

300 4105 409 4157 σῶν
429 4122 491 4155 τε
546 4104 641 4155 καὶ
660 4103 860 4173 Μήδων
890 4101 1145 4171 ὀνομάζει
1168 4103 1293 4171 γῆν,
1329 4102 1611 4173 μονονουχὶ
1642 4102 1880 4156 τοιοῦτόν

291 4214 347 4249 τι
378 4197 559 4263 λέγων
583 4213 597 4227 ·
647 4195 741 4256 Εἰς
788 4195 1046 4248 πλατεῖαν
1084 4195 1177 4248 καὶ
1215 4195 1590 4265 ἀκατάληκτον
1642 4195 1881 4267 νεμηθή-

294 4304 453 4341 σεται
482 4288 606 4358 γῆν,
642 4288 735 4339 καὶ
777 4286 977 4349 πολλάς
1000 4286 1220 4356 ἀμείψει
1250 4288 1475 4359 χωρίοις,
1504 4288 1563 4340 οὐ
1598 4288 1686 4340 τὸν
1718 4288 1879 4340 αὐτὸν

291 4379 437 4448 ἔχων
484 4378 574 4430 ἀεὶ
604 4378 894 4441 δεσπότην,
940 4376 1075 4430 ἀλλά
1112 4378 1247 4448 πρὸς
1300 4378 1398 4448 τὴν
1447 4376 1540 4430 τοῦ
1591 4377 1877 4448 δεχομένου

1993 3194 2240 3263 captivus
2269 3204 2322 3249 et
2350 3195 2583 3249 extorris
2626 3195 2820 3263 patria,
2867 3194 3154 3250 Persarum
3191 3212 3254 3251 ac
3282 3198 3557 3253 Medorum

1993 3294 2169 3340 terras
2221 3286 2505 3350 habitabit,
2555 3300 2660 3339 non
2710 3286 2942 3356 amplius
2990 3290 3165 3342 audax
3238 3300 3291 3345 et
3340 3292 3560 3348 ell‘renis

1991 3376 2410 3445 quodammodo,
2445 3386 2500 3430 et
2534 3390 2564 3430 a
2594 3391 2755 3446 grege
2788 3392 2846 3432 se
2874 3378 3187 3449 disjungens
3219 3381 3375 3450 (talis
3412 3383 3559 3436 enim

1990 3482 2203 3536 semper
2230 3478 2314 3521 est
2348 3480 2511 3522 vacca
2540 3476 2709 3522 (astro
2744 3467 3063 3535 stimulata),
3100 3470 3194 3524 sed
3235 3470 3427 3526 similis
3455 3474 3555 3527 erit

1990 3557 2145 3625 agnis
2169 3556 2642 3612 mansuetissimis.
2673 3556 2899 3626 Semper
2921 3558 3065 3613 enim
3089 3560 3283 3629 captivi
3306 3560 3554 3626 humiles,

1990 3654 2045 3699 et
2066 3644 2385 3708 metieulosi,
2410 3654 2466 3699 et
2499 3644 2567 3698 ab
2594 3645 3059 3702 incommodorum
3088 3650 3556 3718 perpetiendornm

1996 3737 2187 3790 timore
2220 3735 2362 3790 haud
2395 3736 2583 3806 procul
2609 3738 2827 3801 absunt,
2858 3748 2912 3794 et
2939 3740 3278 3795 dominorum
3320 3742 3556 3812 imperiis

1989 3838 2303 3883 onerantur.
2357 3828 2658 3899 Spatiosam
2690 3839 2869 3885 autem
2917 3830 3205 3887 Persarum
3254 3834 3561 3889 Medorum.

1988 3935 2095 3990 que
2149 3921 2421 3991 regionem
2490 3922 2749 3991 appellat,
2801 3926 3183 3992 propemodum
3250 3925 3552 3996 hujusmodt

1988 4012 2262 4082 quidpiam
2291 4013 2474 4067 dicens
2498 4030 2511 4064 :
2536 4014 2593 4067 In
2630 4024 2771 4070 terra
2812 4014 2916 4067 lata
2955 4024 3005 4069 et
3046 4012 3305 4071 immensa
3344 4017 3547 4072 habita-

1989 4105 2085 4167 bit,
2118 4116 2172 4157 et
2205 4104 2402 4157 multas
2426 4106 2672 4173 regiones
2705 4120 2825 4158 cum
2854 4106 3084 4160 dominis
3122 4100 3365 4161 mutabit.
3404 4107 3553 4172 Quoc

1988 4194 2298 4262 contingere
2348 4202 2524 4262 potest
2575 4195 2737 4247 etiam
2805 4194 2998 4248 anima:
3058 4210 3176 4263 quae
3235 4196 3551 4252 charitatem

1986 4301 2111 4357 erga
2140 4285 2309 4340 Deum
2338 4284 2605 4355 neglexit;
2630 4286 3027 4355 circumagetur
3058 4287 3199 4340 enim
3233 4297 3551 4359 quocunque

1997 4381 2211 4434 tandem
2248 4378 2578 4432 dzntnonibus
2619 4376 2922 4433 collibuerit
2977 4379 3209 4448 captiva,
3258 4381 3452 4436 misera
3498 4391 3551 4437 et

295 4472 781 4541 μετανιστάμενος.
816 4470 985 4525 Πάθοι
1022 4470 1067 4522 δ’
1094 4470 1160 4522 ἂν
1195 4468 1351 4521 τοῦτο
1387 4468 1518 4521 αὐτὸ
1552 4470 1645 4521 καὶ
1671 4469 1877 4541 ἀνθρώ-

1993 4470 2231 4524 imbellis.
2272 4470 2449 4538 Atque
2493 4468 2715 4539 insuper
2750 4469 2870 4538 jure
2898 4470 3080 4525 audiet
3114 4485 3143 4524 a
3177 4469 3283 4525 Deo
3315 4489 3329 4527 :
3364 4490 3382 4522 ι
3418 4473 3547 4526 Ern-

292 4579 399 4615 που
434 4562 605 4632 ψυχὴ,
653 4563 751 4631 τῆς
778 4564 911 4633 πρὸς
941 4564 1031 4617 τὸν
1059 4561 1190 4616 Θεὸν
1219 4561 1439 4631 ἀγάπης
1470 4560 1874 4632 ὀλιγωρήσασα.

293 4656 790 4727 Περιενεχθὴσεται
821 4655 927 4725 γὰρ
955 4655 1035 4719 εἰς
1073 4656 1179 4707 πᾶν
1209 4653 1386 4707 ὁτιοῦν
1417 4653 1524 4705 τῶν
1552 4656 1661 4715 τοῖς
1690 4654 1869 4725 δαιμο-

1984 4563 2093 4615 dict
2151 4568 2202 4614 te
2257 4559 2526 4627 apostasia
2578 4569 2705 4627 tua,
2751 4569 2805 4615 et
2856 4559 3054 4615 malitia
3096 4569 3184 4615 tua
3248 4570 3299 4616 te
3364 4562 3549 4617 redar-

1984 4663 2107 4723 guet
2134 4652 2201 4705 ".
2234 4669 2251 4702 ι
2347 4671 2358 4680 ·

294 4751 431 4813 νίοις
492 4750 886 4818 ἡγαπημὲνων.
947 4748 1319 4819 Λίχμάὶωτος,
1380 4749 1475 4801 καὶ
1539 4748 1707 4819 δειλὴ,
1777 4751 1871 4803 καὶ
1940 4748 2185 4811 ἄναλκις,
2254 4748 2347 4801 καὶ
2396 4748 2459 4819 δὴ
2508 4748 2601 4801 καὶ
2678 4748 2900 4813 δικαίως
2948 4750 3238 4805 ἀκούσεται
3305 4750 3550 4822 λέγοντος

292 4841 433 4896 Θεοῦ
456 4860 467 4870 ’
512 4861 530 4893 ι
562 4840 847 4893 Παιδεύσει
876 4858 933 4893 σε
963 4841 996 4910 ἡ
1027 4841 1328 4893 ἀποστασία
1368 4857 1480 4902 σου,
1513 4840 1608 4893 καὶ
1642 4842 1674 4911 ἠ
1705 4843 1869 4895 κακία
1906 4859 1999 4895 σου
2026 4842 2231 4909 ἐλέγξει
2275 4858 2356 4895 σε.
2384 4860 2400 4891 ι

363 4933 635 5000 Μέτοχος
668 4931 927 4985 εἰδώλων
970 4930 1209 4999 Ἕςρραῒμ
1239 4931 1451 4997 ἔθηκεν
1484 4930 1672 4995 ἐαυτῷ
1692 4931 1878 4985 σκάν-

216 5010 224 5019 ’
290 5026 474 5087 aula,
512 5024 737 5092 ᾐρέτιζε
786 5023 1178 5087 Χαναναίους.
1211 5023 1610 5091 Πορνεύοντες
1637 5022 1878 5092 ἐξεπόρ-

291 5132 552 5179 revocr,
592 5115 920 5185 ἠγάπησαν
954 5114 1194 5184 ἀτιμίαν
1240 5114 1309 5167 ἐκ
1356 5113 1735 5183 φρυάγματος
1775 5116 1880 5168 αὐ-

293 5205 436 5259 τῶν.
462 5205 781 5274 Συστροφὴ
810 5206 1147 5274 πνεύματος
1168 5204 1249 5258 σὺ
1282 5199 1339 5258 εἴ
1358 5204 1427 5257 ἐν
1443 5203 1571 5269 ταῖς
1594 5202 1879 5272 πτέρυξιν

290 5294 510 5361 αὐτῆς,
543 5296 639 5349 καὶ
667 5292 1294 5363 καταισχυνθήσονται
1331 5294 1398 5346 ἐκ
1423 5290 1541 5345 τῶν
1556 5294 1883 5361 θυσιαστηο

282 5390 442 5456 pitur
465 5388 684 5441 αὐτῶν.

366 5482 449 5533 N'.
487 5481 608 5533 Ἔτι
655 5479 733 5550 τῷ
768 5480 1021 5550 προφήτῃ
1070 5478 1204 5549 πρὸς
1246 5477 1336 5530 τὸν
1380 5475 1580 5529 Ἰούδαν
1625 5474 1653 5527 ὁ
1695 5474 1869 5542 λόγος,

2056 4934 2223 4989 Vens.
2267 4933 2454 4988 17-19.
2498 4933 2767 4999 Particeps
2799 4932 3058 4986 idolorum
3094 4932 3343 5002 Ephraim
3372 4944 3548 5007 posuit
3587 4994 3592 4999 .

1983 5025 2085 5080 sibi
2122 5026 2397 5089 scandala,
2422 5034 2470 5077 et
2498 5025 2647 5093 elegit
2679 5022 3029 5080 Chananwos.
3063 5025 3408 5087 Fornicaules
3439 5033 3547 5101 for-

1986 5117 2149 5170 nicati
2192 5125 2350 5180 sunt,
2395 5123 2446 5169 et
2500 5114 2794 5168 dilexerunt
2834 5115 3175 5185 ignominiam
3228 5138 3292 5175 ex
3338 5124 3548 5193 fremitu

1985 5220 2184 5259 eorum.
2219 5204 2393 5257 Turbo
2424 5204 2640 5272 spiritus
2668 5216 2725 5258 tu
2759 5222 2811 5261 es
2841 5205 2895 5262 in
2924 5206 3028 5263 alis
3063 5210 3196 5279 ejus,
3237 5223 3285 5267 et
3323 5214 3546 5284 confuno

1981 5296 2172 5349 dentur
2215 5311 2279 5348 ea:
2318 5295 2573 5348 altaribus
2612 5297 2739 5350 suis.

2046 5472 2108 5527 L.
2151 5473 2339 5528 Adhuc
2361 5474 2621 5544 propheta
2637 5473 2825 5529 Judam
2848 5475 3158 5547 alloquitur,
3181 5478 3541 5545 simulantem,

295 5572 776 5643 ὑποπλαττόμενον
835 5559 957 5641 μὲν,
1006 5572 1080 5634 ὼς
1137 5570 1294 5641 ἔφην,
1337 5569 1400 5621 τὸ
1457 5565 1867 5638 μεταποιεῖσθαι

1993 5574 2025 5620 ιι
2066 5564 2198 5630 disi,
2247 5580 2304 5621 se
2348 5566 2517 5634 legem
2556 5575 2613 5619 ut
2658 5566 2925 5635 propriam
2974 5567 3075 5621 slbi
3124 5577 3443 5635 capessere,
3486 5576 3539 5621 et

366 5684 417 5717 ³⁸
446 5684 557 5743 Jer.
583 5702 660 5752 ιι,
692 5688 781 5742 15.
859 5687 903 5719 ⁸⁸
937 5688 1043 5741 lsa.
1076 5701 1224 5747 xxxx,
1266 5685 1347 5739 l5.
1424 5684 1467 5715 "
1503 5682 1661 5738 Prov.
1694 5699 1843 5751 mn,
1886 5682 1970 5734 l7.
2048 5681 2090 5712 ³⁷
2124 5681 2281 5737 Prov.
2317 5697 2390 5745 Vl,
2424 5681 2504 5734 l2.

662 5782 933 5841 PATROL.
978 5782 1091 5839 Gn.
1148 5779 1345 5837 LXXI.

3074 5771 3106 5829 5
