4002 6220
641 296 739 350 ίῐῐ)

1632 292 1688 344 S.
1731 290 1998 344 (ZYRIIJJ
2044 289 2508 344 ALEXANIHiINI
2550 288 2866 346 AIICIIIISI‘.

635 411 849 481 pictatis
880 423 1002 478 erga
1039 411 1202 463 ht‘lIlII
1241 409 1502 461 rationem
1536 423 1639 459 tton
1675 407 1948 475 vulgarem
1984 408 2203 471 ducere,

2176 426 2203 471 ι,
2238 416 2274 470 Λ
2310 406 2402 458 τοῦ
2431 406 2616 475 νόμου,
2653 407 2743 457 καὶ
2775 405 2874 475 τὴν
2908 408 2984 468 είς
3031 406 3160 460 Θεὸν
3188 410 3465 464 εὐσέϐειαν
3495 415 3589 466 οὐκ
3619 415 3670 467 ἐν
3702 433 3756 484 μι

635 514 755 550 eum
791 498 994 550 interea
1041 499 1178 548 clatn
1215 511 1241 546 a
1281 497 1516 548 colendis
1555 497 1856 549 dzcntonum
1903 497 2207 551 simulacris

637 591 776 642 haud
805 590 1143 642 abhorreret.
1169 590 1274 658 8]
1305 588 1463 656 Ergo,
1498 589 1638 656 quod
1668 589 2012 656 sequebatur,
2052 609 2069 640 ι
2094 591 2208 643 ido-

635 683 806 734 lorum
863 681 1135 750 particeps
1195 683 1367 735 lactus
1415 690 1498 734 est
1556 681 1845 749 Epltraitn,
1881 699 1899 731 ι
1953 681 2052 734 hoc
2091 692 2204 746 est,

634 772 835 836 Israel;
878 773 956 827 sic
1005 774 1146 826 enim
1195 771 1504 824 nominatur
1545 787 1571 824 a
1611 772 1750 825 tribu
1797 787 1917 840 qua:
1969 774 2107 841 apud
2150 789 2208 826 se

637 879 816 916 rerum
847 865 1168 931 potiebatur,
1199 864 1530 928 Jerohoami,
1575 864 1819 932 inquam,
1853 865 1918 918 de
1947 872 2129 918 ntonte
2154 874 2208 919 et

634 954 777 1007 tribu
830 956 1083 1024 Iiphraint
1125 951 1362 1011 oriundi.
1416 956 1478 1010 Et
1515 958 1969 1025 quemadmodum
2013 957 2205 1012 Iudam

634 1053 789 1097 vocat
838 1062 956 1098 cant
992 1062 1109 1114 qtta‘
1152 1056 1268 1100 erat
1311 1046 1715 1116 Hierosolymis,
1752 1049 1994 1117 regnanti
2046 1048 2205 1102 tribui

632 1133 1041 1202 appellationem
1076 1152 1227 1189 suam
1268 1151 1526 1202 servans;
1572 1139 1652 1192 sic
1683 1146 1736 1191 et
1776 1139 1826 1192 itt
1877 1138 2045 1194 Israel
2083 1156 2204 1192 cum

632 1225 868 1278 nominat
922 1225 1197 1294 Ephraint,
1249 1242 1276 1280 a
1331 1227 1494 1293 tribu,
1549 1243 1716 1297 penes
1777 1244 1937 1298 quam
1983 1245 2204 1300 regnum

628 1327 764 1382 erat,
809 1319 1070 1371 nominat.
1140 1319 1414 1388 Partieeps
1486 1321 1649 1390 igitur
1699 1320 1872 1374 factus
1907 1330 1990 1375 cst
2038 1321 2204 1374 idolo-

638 1422 754 1460 runt
809 1406 1084 1475 Epltraitn,
1135 1409 1326 1479 inquit.
1402 1411 1658 1489 Adoravit
1706 1412 1850 1464 enim
1923 1410 2205 1481 digyptio-

628 1509 746 1546 runt
793 1510 1013 1559 numen,
1071 1498 1324 1550 nimirum
1376 1499 1553 1567 Apim,
1597 1499 1710 1553 sive
1750 1499 1997 1563 vitulum,
2045 1514 2204 1566 quem

628 1588 703 1641 illi
752 1603 848 1656 pro
891 1587 999 1642 Deo
1059 1589 1321 1643 colebant.
1351 1590 1496 1642 'Fuit
1544 1591 1895 1644 nihilominus
1939 1593 2207 1660 particeps

628 1677 919 1746 impietatis
957 1687 1008 1731 et
1041 1693 1266 1732 summa:
1296 1678 1580 1730 dementia:
1607 1678 2060 1741 Cltauanzeoruut,
2111 1680 2202 1747 qtti

2313 500 2580 552 ποιεῖσθαι
2633 500 2795 568 λόγῳ,
2829 498 3210 554 διανενευκότα
3254 503 3311 555 δὲ
3365 505 3656 576 λεληθότως
3689 509 3757 559 ἐπ’

2313 591 2506 662 χρῆναι
2544 591 2711 658 τιμᾷν
2731 589 2798 641 τὰ
2828 588 2934 640 τῶν
2963 588 3252 658 δαιμονίων
3303 591 3612 661 ἰνδάλματα.
3654 596 3758 646 υύκ

2318 700 2334 728 ι
2365 680 2577 747 Γέγονε,
2609 698 2626 730 ι
2669 680 2852 749 φησὶν,
2890 679 3334 750 ὁμολογουμένως
3361 702 3377 732 ι
3400 683 3619 753 μέτοχος
3651 685 3757 736 εἱδιὶ

2311 772 2622 843 Ἐφραῖμ,›
2685 771 2979 834 τουτέστιν,
3038 773 3066 823 ὁ
3126 772 3363 844 Ἰσραήλ.
3443 776 3754 846 Ὠνόμασται

2309 861 2479 924 οὕτως
2513 861 2622 914 ἀπὸ
2647 862 2744 930 τῆς
2766 863 2895 930 παρ’
2921 862 3069 932 αὐτῷ
3091 865 3397 936 κρατούσης
3424 869 3612 936 φυλῆς,
3638 871 3758 938 φημ’

2307 955 2404 1022 τῆς
2449 950 2542 1004 τοῦ
2605 952 2898 1022 Ἱεροϐοάμ·
2961 949 3028 1023 ἦν
3079 954 3187 1024 γὰρ
3244 956 3300 1022 ἐξ
3348 957 3507 1028 ὖρους
3567 959 3655 1010 καὶ
3709 978 3758 1027 ιρι

2322 1043 2584 1112 Ἐφραίμ.
2638 1044 2745 1094 Καὶ
2777 1043 2963 1114 ὥσπερ
3001 1045 3201 1099 Ἰούδαν
3229 1046 3326 1118 τὴν
3358 1049 3413 1100 έν
3441 1050 3552 1112 τοῖς
3592 1050 3757 1120 Ἱεροσ

2313 1151 2430 1203 μοις
2474 1134 2759 1198 ἀποκαλεῖ,
2819 1138 2884 1206 τῇ
2939 1135 3300 1208 ϐασιλευούσῃ
3347 1139 3486 1210 φυλῇ
3543 1141 3638 1211 τὴν
3690 1142 3757 1206 κλη

2309 1225 2646 1295 τετηρηκὼς,
2677 1226 2848 1289 οὕτως
2872 1228 2965 1279 καὶ
2991 1229 3082 1278 ἐπὶ
3102 1228 3194 1278 τοῦ
3230 1230 3466 1300 Ἰσραὴλ,
3492 1231 3614 1284 ὅταν
3643 1233 3758 1303 ὀνομ

2308 1317 2398 1367 τὸν
2440 1316 2698 1386 Ἐφραῒμ,
2745 1317 2853 1370 ἀπὸ
2884 1319 2979 1386 τῆς
3010 1319 3395 1389 βασιλευούσης
3435 1322 3603 1390 φυλῆς
3651 1342 3758 1377 ποιε

2307 1406 2405 1475 τὴν
2433 1405 2750 1474 ὀνομασίαν.
2793 1409 3035 1477 Μετέσχε
3075 1407 3139 1478 δὴ
3163 1404 3254 1461 οῦν
3296 1410 3324 1460 ὁ
3355 1411 3589 1481 Ἐφραῖμ
3629 1412 3758 1465 είδῶῖ

2309 1494 2462 1564 φησί.
2497 1497 2913 1567 Προσκεκύνηκε
2960 1498 3067 1568 γάρ
3097 1498 3174 1567 τῷ
3217 1500 3528 1566 Αἰγυπτίων
3559 1501 3758 1571 σεΰάσμ

2312 1588 2478 1650 Ἀπις
2502 1587 2558 1639 δὲ
2586 1583 2674 1657 ἦν,
2703 1590 2820 1657 ἦτοι
2840 1589 3066 1658 δάμαλις
3087 1591 3146 1642 τὸ
3169 1592 3393 1644 ἐκείνων
3420 1593 3603 1656 σέϐας.
3635 1595 3758 1646 Μετ;

2307 1679 2362 1732 δὲ
2390 1679 2543 1733 οὐδὲν
2571 1675 2736 1750 ἦττον
2779 1681 2871 1734 καὶ
2900 1681 3000 1750 τῆς
3030 1683 3136 1734 τῶν
3167 1684 3492 1738 Χαναναίων
3535 1687 3758 1739 ἀνοσιὸττ

631 1777 738 1820 tant
791 1778 946 1836 turpe
1000 1767 1218 1829 idolum,
1253 1766 1583 1838 Beelphegor
1641 1768 1869 1831 scilicet,
1922 1770 2098 1823 colere
2143 1780 2194 1824 et

2179 1780 2194 1822 l
2228 1769 2268 1828 Β
2299 1772 2392 1824 καὶ
2413 1772 2650 1842 ἀμέτρου
2669 1774 3107 1844 φρενοϐλαῦείας,
3130 1777 3178 1828 οἳ
3201 1776 3259 1828 τὸ
3277 1778 3500 1849 αἰσχρὸν
3526 1778 3694 1842 οὕτως
3723 1782 3757 1832 εἲ

628 1859 854 1911 adorare
897 1857 1198 1912 voluerunt.
1237 1858 1432 1911 Verum
1487 1859 1588 1912 hoc
1625 1858 1766 1914 facto
1807 1859 2062 1929 Ephraiut
2110 1861 2203 1912 iut-

625 1947 801 2015 posuit
844 1946 945 2001 sibi
1000 1946 1270 2000 scandala.
1329 1946 1602 2016 Opiferum
1651 1948 1794 2003 enim
1849 1958 1902 2002 et
1959 1949 2200 2002 datorem

629 2040 790 2092 lleuut
822 2038 1063 2093 violavit.
1103 2057 1120 2088 ι
1157 2038 1327 2108 Elegit
1357 2040 1716 2106 Cltanantcos,
1757 2059 1773 2090 ι
1811 2056 1929 2109 pro,
1964 2042 2200 2109 ipsorum

627 2132 1044 2186 consuetudines
1083 2141 1137 2184 et
1190 2133 1323 2186 ritus
1360 2132 1622 2188 electione
1663 2143 1718 2187 et
1771 2134 2067 2186 imitatione
2119 2133 2200 2186 di-

625 2240 755 2294 gnos
788 2226 1013 2278 censuit.
1051 2224 1216 2277 Erant
1270 2226 1319 2278 lti
1368 2225 1607 2279 conﬁnes
1649 2225 1953 2279 Judatorunt
1980 2266 1994 2288 ,
2033 2226 2202 2279 homi-

627 2333 722 2370 nes
771 2317 1018 2371 scelerati
1065 2327 1118 2370 et
1159 2315 1477 2372 idololatraa.
1523 2317 1742 2387 Insuper
1793 2336 1808 2365 ι
1842 2315 2202 2371 Fornicantes

629 2410 872 2463 .ornicati
920 2419 1065 2468 sunt.
1097 2427 1116 2460 ι
1158 2408 1446 2473 Israelitaa,
1501 2408 1621 2462 sine
1682 2408 1880 2473 dubio,
1939 2409 2064 2477 quia
2111 2408 2205 2461 itn-

627 2503 901 2555 tnoderate
935 2511 990 2555 et
1016 2501 1172 2569 plane
1203 2500 1646 2554 inconvenienter
1676 2498 2055 2564 fornicationi,
2090 2499 2200 2567 spi-

625 2594 808 2646 rituali
861 2594 1100 2661 scilicet,
1146 2594 1488 2657 studuerunt,
1541 2602 1596 2644 et
1637 2593 1898 2661 sacrilega
1933 2591 2202 2661 apostasia

623 2703 720 2740 sua
784 2687 848 2740 ad
905 2686 1292 2754 turpitudinem
1350 2685 1762 2739 descenderunt.
1824 2702 1841 2733 ι
1892 2684 2204 2738 Dilcxcrunt

630 2793 758 2829 vero
786 2778 950 2830 etiam
985 2778 1332 2844 ignominiam
1365 2792 1428 2829 ex
1471 2777 1775 2830 fremitibus
1803 2791 2012 2838 eorum,
2051 2794 2067 2825 ι
2101 2776 2202 2828 Ιιοο

622 2875 724 2929 est,
775 2879 841 2918 ex
893 2866 1081 2934 grandi
1130 2864 1268 2918 fastu
1313 2875 1367 2918 ct
1405 2863 1690 2930 jactantia,
1747 2873 1967 2932 propter
2011 2863 2198 2927 Deum,

623 2969 676 3011 et
734 2957 957 3026 gloriam
1014 2970 1174 3023 quam
1224 2956 1291 3008 ab
1333 2955 1448 3023 ipso
1484 2955 1787 3023 capiebant.
1822 2955 2006 3023 Itaque
2054 2971 2200 3008 cotu-

622 3047 823 3115 pressis
857 3045 1134 3115 spiritibus
1162 3043 1406 3112 pristinis
1439 3044 1687 3098 inhonori
1713 3053 1766 3099 et
1789 3044 2007 3111 abiecti,
2038 3047 2199 3100 misc-

2309 1863 2400 1914 λον
2431 1863 2714 1933 περιέπειν
2745 1882 2804 1916 τε
2833 1866 2924 1918 καὶ
2950 1868 3275 1936 προσκυνεῖν
3298 1867 3697 1935 ὲγνὼκασι,τὸν
3728 1871 3758 1920 Ρ

2306 1952 2512 2024 φεγώρ.
2555 1952 2714 2006 Ἀλλὰ
2745 1953 2901 2007 τοῦτο
2929 1955 3201 2023 δεδρακὼς
3246 1958 3273 2009 ὁ
3318 1959 3576 2030 Ἐφραίμ,
3613 1959 3758 2013 ι”Εθτ

2306 2042 2484 2112 ἑαυτῷ
2515 2041 2837 2096 σκάνδαλα.»
2865 2044 3279 2114 Προσκέκρουκε
3297 2046 3403 2117 γὰρ
3444 2047 3521 2118 τῷ
3548 2049 3640 2101 καὶ
3671 2051 3758 2101 ἐπε

2305 2149 2470 2196 νοντι,
2504 2133 2596 2185 καὶ
2626 2133 2910 2197 διασώζειν
2937 2135 3219 2207 δυναμένῳ
3237 2137 3372 2208 Θεῷ.
3400 2159 3416 2191 t
3441 2140 3684 2211 ᾘρέτισε
3704 2145 3757 2194 Χε

2305 2223 2506 2287 ναίους,
2540 2243 2556 2271 ι
2592 2224 2712 2276 ἀντὶ
2743 2225 2861 2285 τοῦ,
2897 2227 3100 2296 Λίρετά
3130 2231 3224 2281 καὶ
3251 2229 3552 2302 ἁξιόληπτα
3588 2235 3757 2285 πεποί

2304 2313 2371 2366 τὰ
2419 2316 2740 2368 Χαναναίων
2776 2317 2908 2387 ἔθη·
2953 2319 3141 2390 ὅμοροι
3186 2320 3240 2373 δὲ
3279 2317 3420 2375 οῦτοι
3463 2324 3562 2393 τῆς
3616 2325 3758 2377 ’1ουδ;

2303 2403 2506 2475 χώρας,
2547 2406 2826 2470 δυσσεϐεῖς
2865 2410 2958 2461 καὶ
2987 2411 3386 2479 εἰδωλολάτραι.
3421 2414 3530 2468 Καὶ
3565 2417 3699 2486 πρός
3727 2435 3757 2484 γ

2302 2497 2531 2561 τούτοις,
2566 2517 2582 2547 ι
2612 2499 2972 2569 Πορνεύοντες
2997 2502 3393 2574 ἐξεπόρνευσαν
3423 2525 3441 2558 ›
3467 2508 3515 2559 οἱ
3544 2508 3601 2574 ἐξ
3641 2510 3757 2579 Ίσρη

2305 2587 2474 2657 Δῆλον
2508 2589 2588 2652 δὲ,
2624 2590 2704 2642 δτι
2733 2591 2822 2643 διά
2858 2610 2935 2644 τοι
2971 2593 3028 2644 τὸ
3057 2594 3195 2664 πέρα
3225 2596 3446 2666 μέτρου,
3490 2599 3700 2652 καὶτοῦ
3735 2618 3756 2652 ε

2303 2698 2410 2744 τως
2434 2681 2689 2734 ἐπέκεινα
2715 2683 2813 2752 τὴν
2843 2683 3036 2754 νοητὴν
3079 2687 3426 2755 ἐπιτηδεῦσαι
3471 2691 3744 2760 πορνείαν,

2303 2774 2382 2836 εἰς
2418 2773 2569 2842 λῆξιν
2609 2775 2961 2845 αἰσχρότητος
3009 2776 3107 2843 τῆς
3151 2779 3484 2843 ἀποστασίας
3516 2782 3699 2846 αὐτοῖς
3729 2784 3750 2835 ἕ

2305 2861 2427 2913 σθαι
2451 2862 2519 2913 τὰ
2549 2864 2889 2934 ἐγκλήματα.
2925 2886 2940 2915 ι
2967 2867 3317 2938 Ἠγαπήκασι
3339 2870 3395 2923 δὲ
3427 2873 3520 2924 καὶ
3543 2873 3642 2943 τὴν
3658 2875 3758 2942 ἀτι,

2303 2951 2365 3003 ἐκ
2391 2952 2764 3020 φρυαγμάτων
2791 2953 2990 3015 αὐτῶν,
3018 2971 3036 3004 t
3067 2955 3366 3020 τουτέστιν,
3397 2957 3454 3023 ἐξ
3477 2958 3697 3029 ὑψηλῶν
3715 2979 3757 3011 α

2307 3040 2511 3108 μάτων,
2547 3040 2690 3110 ειπερ
2712 3037 2876 3110 εἶχον,
2913 3041 3006 3094 ἐπὶ
3026 3042 3144 3112 Θεῷ
3170 3045 3263 3096 καὶ
3285 3044 3411 3117 δόξῃ
3441 3048 3505 3116 τῇ
3531 3047 3662 3118 παρ’
3693 3051 3758 3100 αὑ

623 3137 910 3204 ιἰιὺὶιοεξοι
947 3136 1186 3195 omnium
1247 3135 1473 3205 pedibus
1507 3137 1718 3206 protriti
1773 3151 1959 3190 revera
2010 3151 2196 3191 evase-

2165 3154 2196 3188 ι-
2224 3118 2269 3180 C
2300 3118 2507 3184 Οὐκοῦν
2553 3132 2738 3200 ἄτιμοι
2786 3132 2878 3184 ml.
2916 3135 3369 3205 κατερῤιμμένοι,
3410 3138 3618 3207 οἰκτροὶ
3651 3139 3745 3193 καὶ

622 3241 765 3287 runt.
805 3228 920 3286 Non
965 3231 1108 3285 enim
1153 3229 1218 3284 de
1263 3239 1460 3283 cretero
1496 3230 1830 3283 vocabuntur
1876 3229 2064 3292 liberi;
2102 3230 2196 3281 sed

598 3326 803 3393 potius
841 3324 892 3378 itt
936 3322 1320 3378 contumeliam
1375 3334 1429 3377 et
1478 3321 1828 3390 ignominiam
1878 3320 2090 3383 vadem,
2145 3329 2198 3372 et

627 3416 726 3470 sub
753 3415 984 3470 dominis
1018 3414 1264 3485 tyrannls
1285 3423 1466 3468 erunt.
1507 3412 1706 3467 Verum
1740 3412 1868 3466 licet
1901 3412 1985 3466 his
2018 3410 2194 3464 omni-

622 3507 723 3560 bus
757 3505 916 3561 simul
957 3504 1308 3560 stolidissima
1341 3504 1628 3559 multitudo
1660 3504 1914 3573 Ephraim
1955 3505 2195 3574 subjecta

621 3597 712 3658 sit,
757 3604 934 3649 tamen
979 3604 1056 3658 tu,
1079 3593 1236 3659 Juda,
1284 3594 1356 3648 illi
1401 3593 1550 3648 fuisti
1585 3591 1746 3648 veluti
1786 3594 2002 3663 quidam
2043 3594 2196 3646 turbo

624 3685 814 3758 spiritu
872 3687 923 3740 itt
998 3685 1096 3740 alis
1152 3686 1404 3741 volucris.
1464 3684 1673 3740 Norunt
1718 3700 1907 3740 omnes
1963 3683 2196 3739 volatilia

621 3789 780 3835 vento
844 3778 1144 3833 vehementi
1195 3790 1271 3854 ea
1328 3776 1669 3846 impellente,
1727 3785 1781 3830 et
1836 3785 2042 3830 tantum
2091 3791 2196 3830 non

621 3881 870 3940 cogente,
900 3869 1090 3939 procul
1118 3869 1282 3926 dubio
1313 3870 1500 3924 volare
1533 3867 1791 3924 celerius.
1845 3865 1986 3933 Ergo
2024 3866 2196 3934 prola-

620 3977 748 4033 psus
792 3971 876 4018 est
922 3961 1106 4027 Israel,
1140 3961 1462 4032 deﬂexitque
1500 3961 1567 4015 ad
1601 3959 1900 4030 apostasia.
1951 3957 2030 4012 Tu
2072 3973 2198 4012 vero

623 4053 767 4108 fuisti
808 4054 856 4107 ei
910 4069 928 4104 t
963 4052 1121 4107 turbo
1169 4053 1390 4122 spiritus
1427 4053 1480 4106 in
1541 4051 1664 4106 alis.
1702 4069 1721 4104 ι
1758 4048 2066 4116 Quomodo,
2108 4059 2201 4103 aut

620 4161 727 4214 qua
759 4144 1010 4200 ratione?
1037 4143 1330 4213 Postquam
1366 4143 1509 4198 enim
1551 4143 1685 4197 vidit
1727 4152 1800 4207 te,
1836 4142 1926 4212 qui
1963 4156 2112 4196 esses
2145 4141 2198 4195 itt

620 4235 741 4303 lege
773 4232 1077 4299 institutus,
1116 4233 1358 4288 divinum
1385 4232 1642 4302 templum
1677 4232 1895 4286 assiduo
1930 4231 2196 4296 trivisses,

620 4342 776 4382 sacra
823 4329 1032 4398 legibus
1071 4330 1324 4383 mandata
1362 4327 1681 4397 peregisses,
1712 4326 1822 4394 jam
1862 4326 2092 4379 inertem
2135 4337 2198 4377 ac

617 4420 874 4489 supinum
932 4419 1236 4489 iisdemque
1287 4419 1525 4488 peccatis
1575 4417 1871 4485 illigatum,
1929 4415 2193 4468 maturius

2298 3243 2442 3294 πατη
2453 3227 2600 3295 μένοι
2618 3227 2902 3294 γεγόνασιν
2928 3229 3163 3298 ἀληθῶς,
3182 3230 3289 3283 τῶν
3317 3232 3562 3302 ἀρχαίων
3591 3251 3756 3304 φρυαπ

2297 3335 2403 3370 των
2432 3319 2914 3388 ἀπολισθήσαντες·
2951 3322 3306 3391 κεκλήσονται
3347 3323 3454 3394 γὰρ
3475 3324 3753 3397 ἐλεύθεροι

2297 3409 2481 3462 οὐκέτι
2502 3427 2514 3441 ⁸
2559 3409 2862 3479 βαδιοῦνται
2891 3411 2944 3464 δὲ
2979 3413 3177 3481 μᾶλλον
3207 3416 3285 3478 είς
3319 3414 3474 3485 ὓϐριν
3509 3419 3602 3470 καὶ
3637 3419 3756 3487 ἀτιρ

2299 3501 2391 3552 καὶ
2427 3501 2530 3553 ὑπὸ
2552 3504 2766 3572 πικροῖς
2802 3502 3012 3556 ἔσονται
3031 3503 3340 3570 δεσπόταις.
3379 3506 3518 3560 Ἀλλ’
3551 3509 3600 3560 εί
3638 3511 3730 3560 καὶ

2297 3607 2408 3654 τοις
2435 3591 2628 3656 ἅπασι,
2661 3596 2846 3662 φησὶν,
2877 3596 2909 3664 ἡ
2943 3596 3243 3667 ἀνουστάτη
3277 3598 3371 3651 τοῦ
3406 3599 3645 3671 Ἐφραῒμ
3677 3602 3752 3652 ύπ

2299 3682 2404 3751 χθη
2441 3683 2668 3753 πληθύς⁹
2701 3684 2835 3751 ἀλλ’,
2859 3679 2903 3737 ὦ
2945 3685 3136 3756 Ἰούδα,
3159 3689 3223 3741 σὺ
3253 3689 3480 3757 γέγονας
3518 3691 3657 3760 αὐτῇ
3687 3686 3754 3744 οἷς

2301 3770 2609 3840 πνεύματος
2643 3774 2942 3844 συστροξὴ,
2984 3776 3041 3827 ἐν
3068 3775 3293 3846 πτέρυξι
3324 3778 3594 3833 πετεινοῦ.
3633 3779 3754 3831 "Es:

2299 3861 2460 3914 παντί
2488 3879 2590 3914 που
2613 3862 2790 3932 δῆλον,
2808 3866 2889 3916 ὅτι
2917 3865 3094 3935 πάντη
3125 3883 3182 3918 τε
3228 3868 3319 3920 καὶ
3343 3867 3561 3932 πάντως
3584 3868 3654 3922 τὰ
3679 3869 3747 3921 διι

2302 3965 2459 4016 μενα,
2497 3950 2810 4020 πνεύματος
2847 3952 2985 4006 αὐτὰ
3009 3955 3413 4028 προσωθοῦντος
3451 3958 3648 4028 βιαίου,
3697 3977 3752 4029 με

2303 4042 2422 4110 ουχὶ
2467 4043 2560 4096 καὶ
2604 4042 3115 4112 έπαναγκὰζοντος,
3173 4047 3436 4119 ὀξυτέραν
3479 4051 3602 4103 τότε
3647 4068 3752 4102 ποι;

2298 4133 2394 4203 τὴν
2420 4135 2636 4204 πτῆσιν.
2666 4136 2875 4188 Οὐκοῦν
2908 4137 3162 4201 ἐξώκειλε
3197 4139 3294 4207 μὲν
3341 4141 3368 4191 ὁ
3425 4142 3638 4212 Ἰσραὴλ
3685 4145 3752 4196 ἁτ

2299 4225 2503 4288 νευκὼς
2537 4227 2617 4289 είς
2655 4227 2974 4282 ἀπόστασιν.
3008 4232 3077 4283 Σὺ
3098 4231 3152 4282 δὲ
3174 4233 3399 4300 γέγονας
3428 4233 3575 4302 αὐτῷ
3612 4253 3629 4284 ι
3651 4237 3750 4287 Eu:

2301 4318 2374 4386 φὴ
2412 4317 2720 4387 πνεύματος
2755 4321 2812 4371 ἐν
2843 4323 2961 4384 ταῖς
3009 4323 3290 4392 πτέρυξι.»
3332 4324 3472 4387 Πῶς,
3518 4325 3550 4395 ἢ
3593 4327 3717 4380 τίνα

2303 4426 2442 4474 πον;
2489 4410 2707 4480 Ἐπειδὴ
2757 4413 2875 4482 γάρ
2916 4412 2972 4465 σὲ
3022 4414 3272 4468 τεθέαται
3308 4416 3396 4468 τὸν
3433 4417 3508 4486 τῷ
3536 4417 3688 4489 νόμῳ
3729 4438 3750 4470 τ

619 4507 862 4564 descivit.
902 4509 1290 4563 Verumtamen
1333 4507 1385 4560 ltt
1427 4506 1685 4568 dedecus,
1738 4515 1786 4559 et
1824 4505 2104 4573 pudorem,
2140 4513 2192 4557 et

2175 4513 2192 4556 t
2224 4481 2268 4538 θ
2298 4501 2682 4570 αγωγούμενον
2705 4542 2719 4566 ,
2747 4502 2837 4555 τὸν
2861 4502 2988 4573 θείῳ
3031 4504 3434 4575 προσιζήσαντα
3477 4508 3610 4577 ναῷ,
3657 4509 3749 4562 καὶ

600 4599 944 4667 ignominiam
975 4612 1127 4655 suam
1159 4598 1396 4652 inveniet
1427 4598 1618 4652 altaria
1650 4611 1769 4652 sua.

2301 4592 2438 4646 κατά
2472 4592 2635 4661 νόμον
2673 4593 2932 4648 τελοῦντα
2977 4595 3197 4658 θυσίας,
3234 4597 3614 4667 ῥᾳθυμοῦντα,
3647 4602 3738 4652 καὶ

621 4692 754 4756 ἴσοις
776 4689 1241 4763 πλημμελήμασιν
1268 4687 1597 4758 ἐνεχόμενον,
1659 4688 1915 4758 ὀξυτέραν
1973 4687 2267 4758 ἐποιήσατο
2303 4684 2398 4754 τὴν
2467 4683 2801 4754 ἀποδρομήν.
2878 4684 3019 4753 Πλὴν
3083 4686 3159 4747 εἰς
3232 4687 3492 4757 αἰσχύνην
3557 4690 3748 4761 εὑρήσε

619 4787 712 4838 ικαὶ
757 4787 1024 4856 ἐντροπῆς
1070 4786 1162 4838 καὶ
1199 4783 1423 4853 ἀτιμίας
1468 4782 1702 4853 πρόξενα
1733 4782 1801 4834 τὰ
1829 4781 2186 4852 θυσιαστήρια
2225 4779 2421 4834 αὐτῶν.

689 4876 799 4946 82
830 4877 1013 4946 Itaque
1043 4877 1296 4946 quoniam
1338 4877 1426 4945 qui
1457 4876 1701 4929 videmur
1726 4884 1897 4939 stare,
1917 4876 1986 4928 ad
2026 4876 2195 4930 hone-

625 4975 764 5025 stam
799 4967 963 5019 vitam
1023 4975 1078 5021 et
1104 4967 1231 5020 nulli
1271 4962 1674 5036 reprehensioni
1701 4962 1911 5018 aIIiuetn
1947 4961 2190 5030 obligati,

623 5068 813 5123 segnes
851 5062 906 5106 et
941 5055 1115 5124 ignavi
1160 5057 1210 5108 in
1253 5057 1354 5110 hoc
1403 5055 1736 5118 invenimur;
1785 5050 2192 5121 imo,similiter

625 5155 682 5198 ιιι
715 5145 824 5210 alii,
875 5145 965 5198 Dei
999 5145 1392 5213 beneplacitunt
1448 5147 1744 5215 aspernati,
1795 5161 1900 5200 non
1933 5145 2102 5200 soluat
2137 5143 2188 5197 in

626 5254 723 5292 nos
750 5237 893 5306 ipsos
925 5234 1090 5302 iniqui
1121 5235 1346 5300 erimus,
1373 5237 1466 5290 sed
1507 5252 1608 5291 una
1646 5238 1926 5294 nobiscum
1963 5235 2186 5306 perditis

622 5333 785 5385 etiaut
828 5329 969 5393 aliis,
1015 5327 1207 5398 duplex
1258 5327 1580 5396 supplicium
1609 5331 2016 5384 sustinebimus.
2056 5327 2187 5381 Nam

624 5438 746 5478 cunt
785 5420 1023 5477 seductis
1067 5429 1123 5473 et
1167 5419 1409 5487 improbe
1455 5419 1757 5474 virentibus
1797 5423 1864 5474 ad
1900 5420 2187 5487 imaginem

622 5526 678 5568 et
711 5494 940 5568 formam
977 5510 1190 5564 virtutis
1239 5508 1500 5578 propositi
1544 5521 1664 5561 esse
1709 5509 2052 5569 debebamus,
2092 5521 2185 5560 oc-

621 5604 770 5658 casio
796 5604 1031 5659 scandali
1067 5602 1190 5656 facti
1228 5615 1436 5655 sumus.
1475 5598 1614 5664 Quid
1663 5598 1726 5650 ad
1763 5599 1872 5651 haec
1900 5598 2187 5688 Christus?

632 5712 650 5747 ο
687 5693 786 5761 Qui
825 5693 1267 5752 scandalizaverit
1299 5707 1460 5747 unum
1492 5693 1556 5745 de
1584 5691 1790 5760 pusillis
1825 5689 1964 5757 istis,
2003 5691 2091 5759 qui
2136 5690 2187 5743 itt

2371 4873 2600 4935 Οὐκοῦν,
2624 4873 2750 4925 ὅταν
2779 4871 2826 4922 οἱ
2856 4869 3139 4935 δοκοῦντες
3177 4872 3418 4937 ἑστάναι,
3453 4875 3636 4940 καλῶς
3672 4894 3731 4930 τε

2299 4967 2712 5036 ἀνεπιπλήκτως
2739 4964 3044 5033 ὀφείλοντες
3065 4965 3392 5037 ζῇν,νωθροί
3415 4984 3471 5018 τε
3516 4970 3609 5021 καὶ
3644 4970 3744 5039 ρᾁ

2300 5056 2426 5124 περὶ
2459 5056 2614 5108 τοῦτο
2669 5055 3057 5126 εὑρισκόμεθαο
3095 5057 3295 5126 μᾶλλον
3327 5057 3381 5108 δὲ
3411 5059 3503 5109 καὶ
3535 5060 3592 5112 ἐν
3634 5061 3735 5129 ἴσῳ

2297 5146 2474 5210 ἄλλοις
2502 5147 2711 5200 ἀθετεῖν
2765 5148 3026 5218 ᾑρημένοι
3071 5149 3131 5200 τὸ
3192 5149 3414 5202 ἀνδὰνον
3443 5147 3519 5218 τῷ
3570 5150 3712 5220 Θεῷ,

2301 5235 2492 5305 μόνους
2525 5239 2747 5297 ἑαυτοὺς
2774 5237 3121 5306 ἀδικήσομεν,
3177 5237 3650 5307 προσαπολλύντες
3692 5241 3746 5293 δὲ

2297 5326 2538 5394 ἑτέρους,
2569 5327 2761 5395 διπλῆν
2785 5325 3161 5395 ὑπομενοῦμεν
3193 5328 3290 5398 τὴν
3346 5329 3585 5383 κόλασιν,
3618 5331 3746 5383 Δέον

2299 5415 2616 5486 προκεῖσθαι
2632 5418 2742 5478 τοῖς
2773 5414 3230 5486 πεπλανημένοις,
3247 5419 3338 5468 καὶ
3363 5418 3460 5488 ζῇν
3478 5419 3578 5472 οῦκ
3601 5419 3744 5471 έθέλ(

2296 5506 2488 5577 ὀρθῶς,
2516 5507 2594 5568 είς
2623 5508 2805 5559 εἰκόνα
2828 5507 2918 5559 καὶ
2942 5505 3285 5562 ὑποτύπωσιν
3317 5507 3537 5578 ἀρετῆς,
3575 5512 3669 5563 καὶ
3707 5529 3743 5563 σς

2295 5597 2452 5648 δαλου
2492 5597 2789 5668 γεγόναμεν
2817 5599 3060 5666 ἀφορμή.
3125 5598 3189 5648 Τί
3215 5594 3309 5651 οὖν
3336 5599 3364 5650 ὀ
3397 5601 3668 5670 Χριστός;
3719 5617 3735 5651 ι

2299 5689 2392 5743 ἐὰν
2408 5689 2732 5762 σκανδαλίσῃ
2755 5690 2849 5742 ’ἕνα
2867 5689 2973 5741 τῶν
2990 5689 3200 5759 μικρῶν
3229 5690 3433 5744 τούτων
3460 5691 3568 5743 τῶν
3587 5709 3743 5744 πιστε
