4002 6220
357 304 455 360 Ml

1277 305 1828 366 COMMENTARIUS
1862 310 1933 364 IN
1973 309 2202 368 OSEAM
2246 314 2687 375 PROPHETAM.

3498 335 3602 393 142

344 437 460 473 των
518 419 600 482 είς
653 419 777 489 ἐμὲ,
813 422 966 492 φησι,
1005 421 1268 492 συμφέρει
1307 422 1478 494 αὐτῷ,
1519 424 1606 476 ἵνα
1640 424 1908 497 κρεμασθῇ

2037 442 2126 482 me
2173 430 2422 496 credunt,
2461 434 2679 504 expedit
2727 436 2776 492 ei
2813 448 2872 493 ut
2918 442 3278 510 suspendatur
3319 447 3457 503 mola
3498 453 3605 506 σείς

347 509 516 578 μύλος
533 508 715 572 ὀνικὸς
749 511 877 579 περὶ
911 510 1004 565 τὸν
1035 511 1304 582 τράχηλον
1335 512 1523 578 αὑτοῦ,
1557 515 1650 568 καί
1686 532 1947 571 καταπον-

373 599 618 669 τισθῇέν
653 599 733 669 τῷ
761 601 990 670 πελάγει
1011 603 1110 673 τῆς
1134 603 1429 675 θαλάσσης.
1465 625 1483 656 ι

957 738 1210 791 ΚΕΦΛΛ.
1254 740 1328 792 Ε’.

428 847 754 901 Ἀκούσατε
771 848 983 913 ταῦτα,
1000 853 1052 904 οι
1070 851 1264 920 ἱερεῖς,
1288 852 1384 905 καὶ
1400 856 1744 924 προσέχετε,
1765 853 1927 922 οἶκος

352 940 593 1008 Ἰσραὴλ
614 979 628 1005 ,
683 942 782 994 καί
838 937 1000 1008 οἶκος
1051 942 1158 996 τοῦ
1201 944 1529 1012 βασιλέως,
1563 947 1922 1013 ἐνωτίζεσθε,

336 1031 490 1084 διότι
513 1030 664 1098 πρὸς
693 1031 850 1100 ὑμᾶς
881 1032 1011 1086 ἐστι
1046 1033 1113 1086 τὸ
1147 1035 1343 1104 κρῖμα,
1371 1035 1462 1090 ὅτι
1507 1038 1685 1107 παγίς
1714 1039 1924 1109 ἐγενή-

337 1128 483 1191 θητε
527 1124 609 1193 τῇ
665 1123 913 1191 σκοπιᾷ,
965 1125 1063 1178 καί
1113 1127 1196 1192 ὡς
1229 1127 1481 1192 δίκτυον
1526 1131 1925 1203 ἐκτεταμένον

335 1218 436 1271 ἐπὶ
474 1217 540 1270 τὸ
594 1216 936 1283 Ἰταϐύριον,
971 1217 1001 1270 ὂ
1059 1220 1114 1271 οἱ
1159 1221 1516 1291 ἀγρεύοντες
1544 1221 1657 1293 τὴν
1695 1224 1919 1294 θήραν,

336 1308 706 1373 κατέπηξαν.

2035 520 2181 574 naria
2247 522 2298 575 in
2355 524 2493 577 collo
2525 525 2759 586 eius.et
2787 529 3132 602 demergatur
3160 536 3213 590 in
3276 540 3599 607 profundum

2033 613 2196 665 maris
2220 614 2282 664 ".
2322 632 2337 663 ι

2684 753 2832 812 CAP.
2883 756 2945 836 v_.

2103 861 2265 914 Vens.
2306 863 2353 920 l.
2398 865 2450 917 ’2.
2499 867 2689 920 Audite
2723 869 2855 931 Itazc,
2889 878 3207 941 sacerdotes,
3239 887 3287 932 et
3322 883 3597 947 attendite,

2028 953 2214 1008 domus
2238 953 2426 1022 Israel,
2455 970 2502 1010 et
2535 959 2719 1012 domus
2753 977 2906 1030 regis,
2935 967 3153 1022 auribus
3176 971 3444 1040 percipite,
3474 977 3598 1045 quia

2027 1045 2095 1095 ad
2148 1059 2234 1097 vos
2287 1056 2361 1099 est
2395 1046 2694 1115 judicium,
2742 1055 2991 1121 quoniam
3036 1056 3253 1128 laqueus
3298 1061 3428 1130 [acti
3475 1068 3598 1118 estis

2025 1129 2393 1198 speculatioui,
2425 1142 2476 1186 et
2501 1136 2632 1189 sicut
2659 1149 2764 1192 rete
2784 1155 3072 1210 expansum
3103 1162 3259 1216 super
3277 1129 3595 1222 Itabyrium,

2022 1218 2161 1285 quod
2196 1222 2287 1288 qui
2312 1223 2524 1290 capiant
2554 1229 2900 1297 uenationem,
2923 1232 3307 1303 depanateruut.

406 1424 537 1478 NA’.
579 1425 1063 1498 Προκατητιάσατο
1099 1426 1192 1479 τὸν
1223 1427 1444 1490 Ἰούδαν,
1486 1427 1563 1492 ὼς
1616 1429 1908 1501 πνεύματος

2093 1416 2180 1475 LI.
2223 1420 2515 1479 Accusavit
2550 1439 2707 1484 antea
2737 1431 2954 1500 ludam,
2987 1445 3046 1492 ut
3078 1440 3344 1499 turbinem
3377 1446 3598 1517 spintus

337 1485 648 1586 συστροφὴν
675 1485 936 1586 γεγοῦότα
965 1518 1040 1588 τῷ
1075 1517 1310 1589 Ἰσραὴλ,
1327 1485 1472 1573 κατά
1596 1520 1688 1573 τὸν
1714 1485 1908 1592 ἀρτίως

2024 1507 2229 1564 factum
2261 1510 2472 1582 lsracli,
2498 1516 2652 1585 juxta
2683 1524 2949 1582 rationem
2979 1543 3006 1581 a
3044 1532 3202 1586 nobis
3241 1485 3598 1610 modorexpli-

333 1608 468 1676 ἡμῖν
491 1608 894 1679 προειρημένον
917 1612 1139 1678 τρόπον.
1170 1608 1475 1679 Μεθίστησι
1517 1608 1573 1661 δὲ
1608 1611 1792 1662 λοιπὸν
1830 1611 1908 1710 τοι

2023 1609 2220 1658 calam.
2278 1604 2550 1679 Deinceps
2603 1616 2764 1669 verba
2810 1619 3206 1690 objurgationis
3262 1627 3328 1681 ad
3371 1604 3596 1687 fallacia:

334 1700 432 1767 τῆς
461 1699 804 1768 ὲπιπλήξεως
835 1699 990 1768 λόγον
1020 1701 1114 1754 ἐπὶ
1141 1703 1266 1765 τοὺς
1312 1701 1412 1771 τῆς
1451 1703 1665 1772 ἀπάτης
1697 1704 1790 1757 καὶ
1821 1705 1908 1773 τῆς

2022 1697 2076 1744 et
2124 1693 2458 1764 deceptionis
2507 1700 2836 1771 inventores,
2884 1718 2936 1762 et
2961 1712 3027 1765 ad
3056 1715 3228 1771 morbi
3259 1725 3311 1773 et
3344 1722 3596 1778 amentia:

338 1789 559 1859 πλάνης
608 1790 857 1861 εὑρετὰς,
912 1791 1005 1845 καὶ
1053 1791 1150 1862 τὴν
1188 1791 1290 1861 τῆς
1341 1791 1684 1865 ἀποπληξίας
1736 1793 1908 1856 αὐτοῖς

2025 1780 2183 1850 hujus
2204 1795 2456 1841 auctores
2481 1795 2766 1848 convertit.
2799 1795 2860 1852 Hi
2891 1811 3051 1855 erant
3075 1808 3384 1865 sacerdotes
3409 1825 3596 1869 emcn-

335 1880 774 1950 προξενήσαντας
793 1883 967 1935 νόσον.
991 1876 1148 1936 οὗτοι
1169 1883 1229 1936 -ὁέ
1256 1879 1397 1953 ἦσαν
1413 1883 1462 1936 οἱ
1492 1884 1654 1954 ἱερεῖς
1681 1885 1731 1936 οἱ
1757 1883 1916 1954 ψευδο

331 1972 573 2042 ώνυμοι,
622 1973 718 2026 καὶ
743 1974 846 2027 οὐκ
878 1973 938 2037 ἐξ
965 1974 1193 2044 αἵματος
1221 1974 1311 2027 τοῦ
1350 1974 1498 2038 Λευῒ,
1556 1975 1670 2028 ἀλλ’
1701 1977 1916 2046 ὠνητὴν

332 2065 548 2134 ἔχοντες
577 2064 678 2135 τὴν
729 2065 1048 2135 ἱερωσύνην,
1106 2068 1200 2120 καί
1235 2067 1513 2138 χρήμασιν
1562 2068 1915 2140 ἐκπριάμενοι

330 2159 392 2208 τὸ
410 2157 524 2209 δεῖν
555 2156 795 2221 εἰδώλοις
827 2159 1151 2228 ἱερουργεῖν.
1187 2159 1500 2229 Γέγραπται
1535 2161 1644 2230 γὰρ
1671 2163 1913 2232 περὶτοῦ

345 2249 650 2319 Ἱεροδοὰμ,
687 2250 768 2303 ὅτι
794 2267 812 2300 ι
850 2251 908 2303 ’Θ
949 2250 1267 2321 βουλόμενος
1321 2252 1559 2324 ἐπλήρου
1615 2255 1714 2324 τὴν
1757 2257 1914 2325 χεῖρα

330 2340 521 2403 αὐτοῦ,
548 2341 645 2394 καὶ
678 2341 888 2408 ἐγίνετο
917 2343 1093 2412 ἱερεὺς
1123 2341 1232 2396 τῶν
1267 2341 1508 2415 ὑψηλῶν.
1539 2365 1558 2399 ι
1597 2346 1797 2416 ’Ἐρπει
1848 2347 1912 2418 δὴ

330 2427 424 2482 οὖν
458 2431 683 2495 εἰκότως
703 2433 740 2484 ίὸ
771 2432 928 2500 λόγος
960 2435 1046 2486 ἐπ’
1078 2433 1272 2498 αὐτούς
1302 2453 1359 2487 τε
1403 2437 1528 2500 τοὺς
1563 2439 1911 2508 ίερουργοὺς,

331 2522 426 2574 καὶ
447 2523 540 2574 ἐπὶ
563 2521 654 2575 τὸν
680 2517 828 2576 οἶκον
888 2524 981 2577 τοῦ
1015 2523 1298 2594 βασιλέως,
1337 2526 1912 2598 συμπεριειλημμένου

330 2615 453 2675 ταῖς
473 2612 677 2677 αἰτίαις
710 2614 804 2667 καὶ
827 2614 993 2668 αὐτοῦ
1029 2614 1123 2668 τοῦ
1178 2615 1416 2687 Ἰσραήλ.
1463 2619 1537 2669 τΟἱ
1583 2616 1682 2688 μὲν
1712 2617 1821 2689 γὰρ
1846 2619 1914 2674 τὰ

333 2703 470 2774 πρὸς
515 2704 776 2758 σύστασιν
823 2705 924 2776 τῆς
969 2707 1380 2779 εἰδωλολατρίας
1413 2706 1654 2777 ἔφασκόν
1692 2727 1751 2762 τε
1817 2711 1913 2763 καὶ

332 2794 536 2864 ἔδρων,
604 2794 822 2866 βωμοὺς
866 2796 1218 2862 ἀνιστάντες,
1275 2797 1505 2862 σπονδὰς
1571 2799 1664 2853 καὶ
1723 2799 1913 2863 θυσίας

333 2884 723 2952 προσάγοντες,
754 2885 848 2938 καὶ
882 2887 980 2955 τὴν
1025 2887 1122 2955 τῆς
1154 2887 1426 2952 ἀπωλείας
1465 2891 1578 2952 τοῖς
1612 2891 1909 2960 ἀπατωμέ-

332 2991 442 3037 νοις
471 2976 892 3047 κατευρύνοντες
919 2977 1129 3049 τρίϐον.
1155 2979 1389 3050 Εὗρεταὶ
1420 2979 1476 3033 δὲ
1511 2983 1612 3052 τῆς
1666 2981 1908 3054 πλάνης,

333 3066 380 3116 ci
413 3063 674 3134 βασιλεῖς.
697 3068 987 3138 Τοιγάρτοι
1007 3069 1136 3138 φησι
1166 3069 1300 3140 πρὸς
1323 3071 1542 3137 αὐτοὺς,
1571 3072 1654 3125 ὅτι
1690 3089 1710 3122 ι
1737 3074 1909 3142 Παγὶς

2020 1873 2116 1928 ιίιο
2159 1877 2401 1944 nomine,
2440 1896 2535 1934 nec
2574 1883 2640 1938 de
2677 1877 2943 1958 sanguine
2969 1890 3136 1962 Levi;
3167 1907 3330 1965 -et,ut
3371 1913 3595 1971 possent

2017 1964 2177 2023 idolis
2225 1972 2558 2042 sacriﬁcare,
2605 1983 2980 2040 sacerdotium
3014 1991 3192 2060 pretio
3223 1993 3327 2049 sibi
3370 1964 3593 2068 compa-

2017 2068 2290 2115 raverant.
2325 2061 2596 2135 Scriptum
2627 2079 2711 2125 ost
2755 2073 2900 2130 enim
2926 2077 3002 2134 de
3040 2079 3325 2139 Jeroboam
3359 2105 3376 2143 :
3411 2104 3431 2139 ι
3455 2061 3593 2156 Qui-

2016 2160 2226 2218 cunque
2268 2152 2502 2221 volebat,
2553 2157 2810 2230 implebat
2852 2181 3070 2223 manum
3112 2187 3287 2242 suam,
3322 2185 3377 2232 et
3421 2152 3592 2236 ﬁebat

2015 2243 2275 2299 sacerdos
2309 2247 2646 2305 excelsorum
2670 2255 2738 2306 η.
2779 2274 2796 2306 ι
2832 2254 2962 2314 lure
3001 2261 3164 2328 igitur
3201 2278 3379 2323 sermo
3405 2258 3592 2339 p‘roceo

2016 2331 2094 2386 dit
2135 2335 2200 2388 ad
2258 2341 2573 2398 sacerdotes
2633 2344 2779 2415 ipsos
2832 2359 2890 2405 et
2931 2353 2997 2406 ad
3044 2355 3260 2411 domum
3311 2331 3486 2430 regis;
3537 2373 3592 2418 et

2014 2420 2180 2479 Israel
2209 2426 2324 2497 ipse
2355 2431 2516 2487 simul
2557 2449 2864 2495 accusatur.
2896 2442 2972 2496 llli
3008 2447 3150 2501 enim
3183 2465 3302 2518 qua:
3331 2453 3398 2507 ad
3429 2453 3593 2510 idolo.

2014 2511 2227 2571 Istriam
2281 2523 2713 2582 constituendam
2769 2534 3102 2599 pertinerent
3143 2511 3213 2594 οι-
3238 2542 3494 2599 dicebant
3534 2554 3591 2601 et

2014 2603 2302 2677 faciebant,
2333 2625 2458 2668 aras
2485 2616 2779 2686 erigentes,
2816 2623 3075 2682 libamina
3099 2637 3154 2683 et
3177 2631 3422 2688 victimas
3449 2634 3587 2691 οσον

2014 2703 2235 2764 rentes,
2291 2709 2346 2756 et
2399 2703 2714 2772 perditionis
2769 2711 2910 2765 viam
2976 2715 3218 2774 seductis
3274 2720 3586 2781 dilatuntes.

2012 2787 2306 2848 Architecti
2361 2804 2539 2850 autem
2579 2801 2783 2857 erroris
2830 2815 2988 2860 erant
3042 2823 3215 2880 reges.
3247 2812 3483 2872 Proinde
3520 2819 3588 2874 ad

2013 2879 2132 2935 illos
2176 2882 2252 2938 ait
2283 2901 2296 2938 :
2329 2903 2348 2937 ι
2383 2883 2580 2956 Laquei
2636 2889 2763 2946 facti
2813 2895 2948 2951 estis
2990 2879 3364 2969 speculationi.
3398 2923 3418 2959 ι
3453 2907 3588 2980 Spe-

2012 2972 2335 3031 culatiouem
2391 2989 2548 3035 vocat
2597 2986 2709 3039 sub
2771 2988 3150 3048 sacerdotibus
3205 2995 3318 3067 (qui
3366 2972 3588 3068 quidem

2012 3075 2172 3120 erant
2220 3068 2333 3123 veri
2385 3072 2740 3146 sacerdotes),
2793 3087 2849 3134 et
2906 3081 3010 3136 sub
3066 3082 3198 3152 ipsis
3253 3087 3590 3162 principibus

336 3157 626 3226 ἐγενήθητε
641 3161 713 3229 τῇ
745 3161 962 3230 σκοπιᾷ.
988 3181 1006 3210 ι
1042 3161 1280 3215 Σκοπιὰν
1319 3162 1376 3215 δὲ
1408 3162 1554 3232 λέγει
1584 3163 1682 3234 τὴν
1721 3165 1824 3218 ὑπό
1851 3181 1908 3233 γε

2018 3159 2472 3228 speculationem,
2538 3179 2636 3221 seu
2699 3183 2886 3225 curam
2952 3174 3154 3244 populi.
3227 3155 3592 3248 speculantur

333 3248 441 3300 τῶν
477 3249 687 3317 ἱερέων,
711 3249 872 3322 εἴπερ
899 3247 1037 3322 ἦσαν
1070 3253 1236 3318 ὅντως
1267 3256 1453 3326 ἱερεῖς,
1485 3256 1580 3309 καὶ
1613 3256 1703 3309 ὑπ’
1732 3255 1912 3311 αὐτῶν

334 3325 530 3390 taken
579 3341 897 3410 ἡγουμένων
954 3325 1464 3418 περισκοπουμένην
1498 3346 1739 3418 πληθύν·
1787 3348 1912 3417 Ἐφ-

333 3430 495 3498 ορῶσι
527 3431 637 3501 γὰρ
666 3433 819 3486 αὐτοὶ
847 3434 906 3487 τδ
935 3434 1195 3506 ὑπήκοονο
1230 3437 1264 3507 ἢ
1295 3440 1389 3492 καὶ
1412 3438 1722 3511 ἁφορῶνται
1762 3439 1913 3510 παρὰ

336 3518 437 3572 τῶν
467 3522 575 3574 ὑπὸ
604 3525 782 3594 χεῖρα,
806 3527 908 3580 καὶ
939 3527 1170 3598 ὅποιπερ
1189 3529 1255 3582 ἂν
1285 3533 1395 3592 τοῖς
1424 3532 1682 3604 κρατοῦσι
1715 3531 1908 3597 δόξειε,

333 3613 747 3684 παρατρέπουσι
775 3617 837 3670 τὸ
868 3618 1124 3690 ὑπήκοον·
1151 3620 1342 3676 ἕπεται
1371 3623 1428 3676 δὲ
1454 3625 1566 3686 τοῖς
1609 3623 1715 3677 τῶν
1749 3625 1910 3694 ἡγου-

338 3703 509 3771 μένων
541 3705 812 3778 Θελήμασι
845 3709 904 3763 τὸ
931 3711 1357 3783 ὕπεζευγμένον.
1407 3716 1669 3785 Γεγόνατε
1702 3716 1906 3780 τοίνυν,

335 3796 516 3866 φησιν,
540 3797 616 3861 ὡς
639 3801 805 3869 παγὶς
835 3805 898 3874 τῇ
925 3804 1014 3872 ὑφ’
1033 3806 1186 3876 ὑμῶν
1213 3808 1654 3880 ὲπισκοπουμένῃ
1685 3807 1904 3880 πληθύῖ,

334 3885 462 3954 ἦτοι,
483 3891 552 3958 τῇ
575 3890 656 3952 εἰς
683 3891 828 3961 ὑμᾶς
853 3894 1111 3968 άφορώσῃ
1151 3899 1334 3968 τυχόν.
1373 3919 1391 3951 ι
1429 3900 1694 3969 Γεγόνατε
1728 3901 1784 3954 δὲ
1813 3902 1907 3954 καὶ

332 3975 406 4038 ὡς
430 3977 643 4032 δίκτυον
662 3982 1017 4053 ἐκτεταμένον
1043 3987 1135 4039 ἐπὶ
1159 3988 1220 4041 τὸ
1261 3990 1575 4062 Ἰταϐύριον.
1607 4011 1625 4042 ι
1660 3993 1822 4063 Ὄρος
1850 3991 1906 4045 δὲ

2018 3249 2161 3304 enim
2193 3250 2317 3322 ipsi,
2349 3264 2404 3310 et
2438 3257 2732 3329 inspiciunt
2769 3265 3055 3334 subditos;
3098 3271 3379 3325 autetiam
3415 3273 3589 3344 inspi-

2017 3339 2236 3399 ciuntur
2260 3360 2291 3400 a
2325 3349 2578 3418 subditis,
2617 3363 2671 3408 et
2700 3369 2808 3424 quo
2837 3355 3074 3414 dominis
3104 3360 3279 3416 visum
3311 3339 3593 3431 fucrit,veo

2018 3433 2262 3492 subditos
2300 3449 2586 3508 avertunt,
2624 3444 2734 3515 83
2764 3445 2856 3515 qui
2899 3448 3233 3506 voluntatem
3286 3454 3588 3527 principum

2019 3535 2344 3595 sequuntur.
2368 3530 2571 3589 Fuistis
2602 3535 2788 3606 igitur,
2824 3538 3024 3610 inquit,
3057 3553 3114 3597 ut
3147 3542 3375 3615 laqueus
3405 3547 3591 3605 multi-

2019 3617 2188 3672 tudini
2241 3635 2401 3690 quam
2449 3627 2841 3698 speculamini,
2898 3642 2992 3688 aut
3037 3636 3270 3699 fortasse
3311 3653 3438 3710 quae
3496 3658 3591 3699 vos

2016 3709 2348 3778 speculatur,
2403 3724 2507 3772 tet
2550 3717 2729 3776 fuistis
2786 3732 2846 3778 ut
2897 3733 3012 3782 rete
3081 3709 3378 3801 expansum
3429 3749 3592 3805 super

2015 3800 2348 3874 ltabyrium,
2383 3826 2402 3860 ι
2459 3808 2550 3879 qui
2591 3821 2675 3866 est
2719 3829 2872 3870 mons
2912 3800 3587 3893 Galilmzeﬂnnbilissimus,

2014 3894 2253 3952 ferarum
2290 3899 2579 3971 aviumque
2609 3915 2805 3961 venatu
2854 3907 3012 3980 longe
3043 3910 3344 3970 ditissimus
3369 3926 3594 3986 propter

2013 3989 2410 4058 celsitudinem,
2444 3993 2733 4052 arboribus
2764 4013 2827 4053 ac
2872 4001 3160 4060 fruticibus
3207 4006 3588 4066 densissimus.

332 4069 487 4122 τοῦτο
529 4074 1014 4142 περιφανέστατον,
1069 4081 1126 4132 ἐν
1185 4083 1252 4151 τῇ
1309 4081 1568 4153 Γαλιλαίᾳ
1628 4083 1899 4153 κείμενον,
1978 4082 2239 4152 πλείστην
2299 4098 2358 4135 τε
2417 4086 2548 4156 ὅσην
2596 4091 2694 4142 καὶ⁹
2746 4091 3036 4164 ἀμφιλαφῆ
3104 4096 3206 4167 τὴν
3256 4099 3431 4170 ἄγραν
3469 4098 3591 4170 ἔχον

332 4164 534 4236 θηρίων
565 4184 624 4220 τε
677 4168 770 4220 καὶ
822 4173 1062 4242 πτηνῶν,
1092 4174 1179 4228 διὰ
1212 4177 1272 4229 τὸ
1323 4173 1490 4248 ἧρθαί
1521 4196 1582 4232 τε
1619 4179 1776 4250 ὑψοῦ,
1843 4179 1936 4233 καὶ
1976 4177 2442 4232 καταδασύνεσθαι
2476 4183 2681 4253 σφόδρα
2713 4186 2936 4256 δρυμοῖς
2961 4207 3020 4243 τε
3074 4164 3171 4246 καί
3195 4164 3445 4266 λόχμαις.

411 4257 560 4327 Ἐγὼ
613 4258 680 4311 δὲ
750 4261 1075 4332 παιδευτὴς
1149 4266 1316 4337 ὑμῶν
1347 4309 1361 4334 ,
1397 4269 1510 4340 ἐγὼ
1561 4271 1753 4340 ἔγνων
1803 4270 1908 4324 τὸν

2089 4267 2252 4324 Vsus.
2280 4269 2334 4324 5.
2361 4271 2471 4341 Ego
2522 4289 2638 4328 vero
2689 4278 2924 4332 eruditur
2961 4291 3147 4353 vester,
3213 4303 3306 4358 ego
3371 4295 3588 4363 cognovi

340 4349 612 4418 ‘E;pa2;t,
641 4349 738 4406 καί
780 4352 1027 4422 Ἰσραὴλ
1057 4358 1167 4410 οὐκ
1191 4358 1425 4429 ἀπέστη
1459 4363 1561 4415 ἀπ’
1591 4362 1760 4431 ἐμοῦ.

400 4437 529 4490 NB’.
565 4439 628 4491 Οἱ
651 4440 748 4508 μὲν
773 4436 866 4494 οῦν
895 4444 1082 4513 ἱερεῖς,
1110 4447 1204 4500 καὶ
1248 4447 1353 4519 μὴν
1378 4453 1472 4505 καὶ
1509 4453 1556 4504 oi
1580 4452 1638 4520 ἐξ
1671 4455 1901 4524 αἵματος

332 4527 642 4596 βασιλικοῦ,
673 4531 838 4594 λίνον,
877 4536 973 4587 καὶ
1002 4537 1174 4605 πάγη,
1202 4539 1295 4592 καὶ
1325 4540 1465 4612 θήρα
1494 4547 1750 4613 γεγόνασι
1790 4550 1902 4612 τοῖς

327 4614 493 4679 λαοῖς.
525 4616 722 4690 Θυμιᾷν
770 4624 884 4686 τοῖς
939 4623 1189 4698 δαίμοσιν
1239 4631 1642 4701 ἐπιτάττοντες,
1672 4639 1764 4692 καὶ
1796 4641 1900 4712 πρό

326 4721 391 4772 γε
410 4706 518 4759 τῶν
545 4710 720 4764 ἄλλων
749 4712 984 4784 δρῶντες
1010 4718 1181 4784 αὐτοὶ,
1216 4722 1311 4775 καὶ
1344 4729 1557 4795 φρονεῖν
1582 4729 1900 4786 ἀναπείθον-

326 4814 414 4861 τες
439 4799 474 4852 ﬁ
497 4801 572 4872 μὴ
611 4801 787 4874 Θέμις,
823 4809 918 4860 καὶ
944 4811 1058 4873 τοῖς
1082 4811 1308 4876 ἀνοσίως
1337 4815 1728 4890 ὲξηυρημένοις
1765 4822 1901 4877 πλά-

327 4903 422 4956 νης
486 4893 710 4963 ἑτέρους
767 4902 1204 4970 προσεπάγοντες
1255 4907 1527 4978 τρόπους,
1581 4911 1650 4966 τὰ
1696 4913 1898 4986 ὑψηλά,

327 4983 488 5051 ᾳημὶ,
528 4985 620 5037 τὸν
652 4986 992 5062 Βεελφεγὼρ,
1023 4994 1082 5046 τὸ
1114 4996 1224 5050 τῶν
1276 5000 1542 5056 Σιδωνίων
1586 4983 1896 5076 βδέλυγμα,

323 5072 413 5124 τὸν
445 5075 613 5142 Βάαλ,
665 5078 764 5133 τὸν
784 5082 1008 5153 Χαμώς.
1033 5089 1292 5145 Ἐσεσῦαι
1321 5092 1376 5145 δὲ
1407 5072 1898 5174 αὐτῶν-παιδευτὴς

325 5163 506 5228 αὐτὸς,
534 5170 631 5220 καὶ
666 5169 768 5223 οὐκ
795 5172 876 5235 είς
907 5178 1144 5246 μακράν,
1191 5181 1588 5252 ἐπαγγέλλεται
1609 5231 1623 5255 ,
1671 5191 1746 5256 ὡς
1777 5163 1900 5248 ὅσον

322 5253 532 5309 οὐδέπω
587 5258 656 5312 τά
714 5261 779 5315 ὲκ
819 5263 992 5338 Θυμοῦ
1046 5270 1143 5323 καὶ
1193 5272 1365 5343 ὀργῆς
1410 5253 1687 5349 ἐπιθήσων
1727 5253 1894 5340 κακά.

328 5344 478 5414 Ἔχει
506 5349 561 5401 δὲ
584 5351 645 5403 τὸ
671 5352 900 5424 ἀτρεκὲς
930 5358 958 5410 ὁ
984 5358 1162 5428 λόγος.
1198 5365 1261 5416 0i
1291 5364 1390 5435 μὲν
1412 5367 1519 5439 γάρ
1546 5344 1604 5436 ἐξ
1628 5372 1774 5426 οἴκου
1801 5375 1894 5430 τοῦ

321 5433 602 5504 βασιλικοῦ
653 5440 852 5509 δειναῖς
889 5450 984 5503 καὶ
1012 5451 1272 5520 ἀφύκτοις
1304 5459 1646 5530 ἐνισχημένοι
1685 5482 1894 5537 συμφο-

323 5526 464 5594 ραῖς,
486 5530 535 5578 οἱ
567 5529 667 5599 μὲν
695 5532 996 5603 διολώλασι,
1017 5543 1165 5596 κατά
1183 5561 1246 5612 γε
1278 5546 1377 5618 τὴν
1401 5550 1579 5604 πίστιν
1601 5554 1708 5608 τῶν
1734 5557 1894 5628 ίερῶν

397 5705 440 5738 ³³
480 5708 669 5764 Matth.
708 5728 860 5782 xvnt,
894 5717 945 5771 6.
1025 5721 1069 5751 ’θ
1103 5719 1168 5775 Ill
1202 5723 1331 5793 Reg.
1375 5743 1492 5791 stu,
1522 5731 1607 5784 55.

2001 4357 2278 4430 Ep/traim,
2311 4374 2358 4417 et
2389 4362 2558 4418 Israel
2587 4382 2690 4420 non
2719 4372 2930 4426 recessit
2953 4391 2985 4428 a
3012 4392 3111 4432 me.

2085 4473 2192 4529 Lll.
2218 4473 2538 4536 Sacerdotes
2565 4481 2748 4552 igitur,
2774 4493 2938 4555 atque
2968 4490 3132 4546 etiam
3190 4494 3336 4566 regio
3361 4498 3588 4565 sangui-

2001 4583 2068 4622 ne
2093 4571 2343 4639 prognati
2374 4580 2509 4636 rete,
2542 4583 2597 4629 et
2625 4575 2872 4646 laqueus,
2901 4590 2954 4635 et
2988 4584 3200 4640 venatio
3222 4589 3418 4656 populo
3453 4589 3580 4646 facti

1999 4669 2144 4724 sunt,
2174 4662 2449 4718 incensum
2470 4665 2805 4726 daemonibus
2834 4673 3052 4730 adolere
3079 4676 3433 4746 jubentes,et
3456 4692 3585 4740 ante

2006 4750 2142 4807 alios
2170 4752 2268 4824 ipsi
2288 4763 2342 4809 et
2363 4753 2644 4824 facientes,
2665 4769 2719 4816 et
2751 4764 2954 4820 sentire
3005 4767 3295 4827 suadentes
3350 4773 3581 4842 nefaria,

2007 4851 2062 4897 et
2095 4842 2322 4900 aliorum
2348 4846 2508 4918 impia
2531 4849 2742 4907 iuventa
2768 4871 2782 4907 :
2812 4857 3046 4924 excelsa,
3072 4859 3307 4930 inquam,
3333 4865 3584 4936 Beelplte-

2008 4947 2124 5002 εον,
2144 4936 2601 4997 abominationem
2625 4943 2987 5013 Sidoniorum,
3013 4949 3161 5017 Baal,
3181 4953 3417 5015 Chamos
3431 4963 3583 5017 novis

2013 5026 2313 5084 rationibus
2339 5031 2668 5087 seductionis
2697 5035 3107 5105 aniplilicantes.
3138 5041 3277 5102 Fore
3295 5059 3477 5108 autem
3522 5067 3583 5108 se

2005 5127 2190 5172 eorum
2218 5122 2568 5189 eruditorem,
2601 5140 2701 5182 nec
2729 5127 2802 5182 ita
2845 5131 3015 5188 multo
3028 5145 3172 5203 post,
3193 5139 3496 5208 pollicetur,
3523 5153 3582 5197 ut

2008 5219 2131 5259 mox
2158 5222 2266 5275 pro
2293 5207 2475 5266 furore
2499 5223 2550 5268 et
2592 5213 2670 5270 ira
2699 5231 2794 5272 sua
2836 5220 3012 5288 ptenis
3046 5238 3140 5278 eos
3170 5207 3575 5295 prosecuturus.

2005 5293 2072 5348 Et
2095 5310 2252 5352 verus
2314 5309 2398 5356 est
2424 5317 2622 5361 sermo.
2649 5305 2786 5363 Nam
2813 5312 2901 5379 qui
2926 5324 3081 5369 erant
3111 5293 3185 5372 de
3216 5319 3376 5375 domo
3397 5321 3578 5388 regia.

2003 5385 2280 5442 atrocibus
2325 5399 2380 5444 et
2410 5391 2806 5454 inevitabilibus
2831 5403 2987 5460 malis
3018 5393 3320 5476 constricti,
3369 5385 3578 5476 alii—pe-

2001 5474 2228 5546 rierunt,
2263 5479 2414 5549 juxta
2443 5489 2806 5546 narrationem
2867 5506 3178 5552 sanctarum
3223 5499 3574 5563 Litterarum;

1998 5566 2086 5624 alii
2102 5568 2340 5628 abierunt
2354 5612 2368 5639 ,
2385 5575 2798 5648 Babyloniorum
2831 5585 3211 5660 Medorumque
3241 5585 3573 5658 tyrannidem
