4012 6214
375 310 477 365 Hii

1370 307 1428 363 S.
1471 307 1741 363 CYRILLI
1777 306 2245 362 ALEXANDRINI
2286 308 2608 365 ARClllEP.

3518 314 3619 368 1M

373 423 651 493 perlaturi.
708 419 882 477 Occisi
935 432 1057 477 sunt
1110 434 1286 477 autem
1341 425 1559 489 misere,
1615 426 1720 478 imo
1766 423 1929 492 juste,

2045 424 2410 495 Γραμμάτων·
2448 426 2495 478 οί
2527 425 2581 477 δὲ
2617 424 2916 494 ἀπῴχοντο,
2950 428 3066 489 ταῖς
3117 425 3474 480 Βαϐυλωνίων
3530 422 3625 481 καὶ

368 513 901 581 pseudosaeerdotes,
938 524 989 567 ct
1049 516 1274 582 pecunia
1323 518 1550 583 gradum
1614 517 1755 569 hunc
1818 514 1929 569 ade-

2047 517 2248 585 Μήδων
2301 516 2633 581 πλεονεξίαις
2683 517 3118 587 ὑποκεισόμενοι.
3186 515 3624 587 Ἀποτεθνῆκασι

367 606 468 673 pti,
507 604 595 657 alii
627 620 655 657 a
682 602 841 667 Jehu,
870 605 958 657 alii
997 620 1025 658 a
1058 604 1225 671 Josia,
1258 606 1348 673 qui
1385 605 1484 660 fuit
1514 621 1579 659 ex
1608 607 1751 661 tribu
1804 606 1940 661 Juda

367 695 481 750 sive
507 695 673 749 David
702 696 765 748 ³⁰.
797 696 968 764 Atque
1013 697 1113 750 hoc
1153 696 1235 748 vir
1277 694 1367 749 Dei
1399 736 1415 763 ,
1444 697 1785 751 sacriﬁcante
1846 698 1944 752 ali-

367 786 581 854 quando
616 785 900 841 Jeroboam
943 797 997 841 et
1049 798 1224 842 Stante
1268 788 1334 843 ad
1388 789 1581 854 altare,
1616 789 1944 844 vaticinatus

366 887 470 939 est,
500 877 581 933 his
607 879 784 934 verbis
814 896 825 930 :
858 898 876 930 ι
913 880 1115 942 Altare,
1139 881 1325 942 altare,
1354 881 1466 937 haec
1498 882 1624 935 dicit
1653 882 1937 938 Dominus:

366 966 503 1020 Ecce
543 967 780 1021 nascitur
815 968 953 1023 ﬁlius
980 969 1031 1022 in
1068 971 1227 1023 domo
1284 971 1468 1034 David,
1514 969 1688 1026 Josias
1744 986 1938 1027 nomen

364 1052 501 1120 ejus,
537 1063 587 1107 et
623 1065 782 1123 ponet
831 1070 995 1126 super
1025 1067 1074 1109 te
1111 1060 1421 1112 sacerdotes
1468 1059 1827 1123 excelsorum,
1861 1076 1941 1115 sa-

365 1143 668 1199 criﬁcantes
690 1160 850 1215 super
877 1158 928 1200 te
958 1147 1020 1200 ³⁸.
1039 1164 1055 1195 ι
1078 1145 1258 1215 Itaque
1280 1146 1640 1201 comminatus
1662 1157 1743 1202 cSt
1769 1163 1827 1203 se
1855 1162 1940 1202 ca-

362 1235 683 1302 stigaturum
744 1238 797 1291 in
847 1237 1026 1293 lurore
1063 1245 1115 1291 et
1151 1238 1231 1291 ira
1287 1238 1640 1307 speculationi
1688 1238 1935 1308 laqueum

362 1322 898 1392 factos,saccrdotes,
934 1330 1172 1397 inquam,
1209 1337 1263 1384 et
1298 1329 1563 1397 sanguine
1617 1330 1766 1400 regio
1814 1346 1938 1400 pro-

359 1416 938 1487 creatos.Neutiqnam
982 1434 1107 1474 vero
1137 1404 1502 1475 inaccusatqu
1538 1420 1763 1474 dimittit
1813 1426 1934 1476 eum

360 1510 450 1579 qui
476 1509 728 1578 deceptus
754 1519 857 1574 est,
883 1520 1011 1580 puta
1040 1509 1310 1566 lsraclem.
1337 1509 1559 1578 Idcirco,
1587 1512 1807 1582 inquit,¢
1836 1528 1939 1583 ego

361 1605 586 1673 cognovi
635 1604 907 1673 Ephraim,
958 1615 1019 1660 et
1060 1606 1221 1661 Israel
1275 1622 1380 1661 non
1421 1608 1656 1681 recessit.
1693 1623 1721 1661 a
1773 1623 1876 1662 me.
1906 1628 1924 1659 ι

358 1694 436 1746 Ac
461 1696 505 1749 si
536 1695 718 1749 dicat:
753 1695 885 1762 Quis
914 1706 998 1751 est
1028 1696 1130 1751 iste
1182 1699 1270 1766 qui
1310 1698 1448 1752 celat
1499 1714 1584 1754 me
1624 1701 1929 1767 consilium,

2045 606 2099 659 δὲ
2126 606 2345 669 ἀθλίως.
2399 605 2597 675 μᾶλλον
2631 605 2687 658 δὲ
2732 607 2912 671 ὁσίως,
2948 609 2994 658 οἱ
3048 605 3389 675 ψευδώνυμοι
3429 622 3488 658 τε
3529 605 3624 659 καὶ

2045 696 2321 766 χρήμασιν
2349 695 2531 764 ἱερεῖς,
2553 695 2602 746 οἱ
2637 693 2735 764 μέν
2763 694 2885 746 ὑπὸ
2905 694 3069 764 Ἰηοὺ,
3092 696 3140 746 οἱ
3171 694 3227 746 δὲ
3251 694 3355 746 ὑπὸ
3391 694 3619 759 Ἰωσίου,

2043 788 2326 855 γεγονότος
2356 787 2420 839 ἐκ
2458 786 2628 856 φυλῆς
2666 785 2854 851 Ἰούδα,
2888 786 3006 856 ἦτοι
3051 785 3235 838 Δαϐίδ.
3263 785 3434 839 Τοῦτο
3465 787 3493 839 6
3521 786 3619 839 ἄν·

2042 878 2259 946 θρωπος
2287 876 2381 929 τοῦ
2416 864 2572 942 Θεοῦ,
2607 876 2827 939 θύοντος
2883 893 3014 929 ποτε
3062 877 3156 929 τοῦ
3198 875 3479 949 ἰεροὸοὰμ
3526 878 3621 930 καὶ

2042 969 2401 1039 ἐφεστηκότος
2438 968 2517 1038 τῷ
2567 967 2953 1039 θυσιαστηρίῳ,
2986 969 3382 1038 προεφήτευσε,
3408 968 3582 1036 λέγων
3603 984 3615 997 ·

2049 1078 2066 1111 ι
2108 1060 2524 1130 θυσιαστήριον,
2580 1060 2981 1131 θυσιαστήριον,
3023 1060 3147 1114 τάδε
3187 1060 3333 1129 λέγει
3386 1061 3612 1130 Κύριος·

2054 1153 2183 1206 Ἰδοὺ
2212 1153 2323 1216 υἱὸς
2369 1152 2613 1207 τίκτεται
2648 1155 2706 1205 ἐν
2758 1151 2891 1223 οἴκῳ
2946 1151 3130 1214 Δαϐὶδ,
3193 1151 3401 1216 Ἰωσίας
3448 1152 3619 1222 ὄνομα

2039 1244 2209 1315 αὐτῷ·
2253 1247 2346 1299 καὶ
2381 1244 2530 1298 θύσει
2583 1244 2677 1297 ἐπὶ
2737 1246 2794 1297 σέ
2826 1245 2953 1307 τοὺς
3005 1245 3170 1315 ἱερεῖς
3223 1243 3331 1298 τῶν
3375 1243 3617 1314 ὑψηλῶν,

2035 1337 2160 1399 τοὺς
2189 1336 2512 1398 ἐπιθύοντας
2568 1336 2661 1388 ἐπὶ
2693 1336 2796 1388 σοί.
2831 1354 2849 1385 ι
2883 1333 3089 1387 Οὐκοῦν
3117 1332 3448 1403 ἐπηπείλησε
3486 1349 3618 1386 παι-

2035 1427 2244 1480 δεύσειν
2277 1429 2334 1480 ὲν
2370 1426 2527 1497 θυμῷ
2560 1426 2650 1480 καὶ
2675 1428 2811 1497 ὀργῇ
2845 1425 2968 1488 τοὺς
2990 1427 3054 1495 τῇ
3084 1425 3283 1493 σκοπιᾷ
3305 1424 3486 1493 πάγην
3518 1440 3615 1492 γε-

2035 1518 2279 1586 γονότας,
2321 1519 2499 1588 ἱερέας
2527 1535 2587 1571 τε
2649 1518 2816 1587 φημὶ,
2849 1517 2944 1570 καὶ
2980 1516 3104 1579 τοὺς
3127 1514 3186 1579 ἐξ
3205 1515 3436 1584 αἵματος
3458 1513 3616 1583 βασι-

2035 1609 2209 1663 λικοῦ.
2268 1609 2678 1663 ’Δκαταιτίατον
2733 1608 2791 1660 δὲ
2849 1603 3099 1676 οὐδαμῶς
3129 1604 3220 1658 τὸν
3269 1604 3615 1673 ἠπατημένον

2032 1702 2199 1771 ἠφίει,
2228 1700 2496 1765 τουτέστι,
2516 1701 2606 1755 τὸν
2622 1698 2848 1771 Ἰσραήλ.
2875 1696 3143 1767 Ταύτῃτοί
3164 1699 3347 1766 φησιν·
3370 1694 3615 1762 «Ἔγνων

358 1786 641 1842 continens
663 1788 823 1843 verba
852 1789 904 1842 in
928 1789 1109 1852 corde,
1143 1799 1197 1844 et
1222 1805 1306 1845 me
1339 1798 1490 1858 putat
1516 1808 1674 1862 posse
1715 1795 1881 1851 latere
1910 1798 1929 1850 ‘.’

2039 1765 2124 1846 τὸν
2186 1765 2447 1864 Ἑφραῖμ,
2495 1792 2588 1845 καὶ
2650 1765 2863 1864 Ἰσραὴλ
2905 1789 3007 1843 οὐκ
3034 1765 3285 1843 ηᾶπεστιν
3331 1786 3425 1840 ἀπ’
3457 1784 3641 1857 ἐμοῦ.)

374 1895 391 1927 ι
417 1876 655 1948 Cognovi
710 1879 850 1932 enim
886 1878 1163 1950 Ephraim,
1195 1900 1213 1932 ι
1251 1881 1444 1952 inquit,
1477 1900 1496 1934 ι
1524 1894 1577 1938 et
1615 1899 1719 1939 non
1760 1901 1932 1942 reces-

323 2018 327 2024 ,
357 1969 402 2022 si
450 1968 518 2021 ab
540 1967 754 2035 .lsrael.;
799 1987 818 2020 ι
847 1999 918 2011 -
946 1988 967 2022 ι
998 1969 1138 2027 Deus
1160 1972 1303 2027 enim
1343 1974 1778 2045 appropinquans
1832 1992 1930 2048 ego

356 2069 580 2123 suimet
603 2075 707 2114 non
763 2059 902 2116 Deus
942 2062 1008 2117 de
1059 2062 1233 2132 longe.
1289 2063 1345 2119 Si
1375 2063 1739 2121 abscondetur
1769 2069 1929 2125 homo

358 2151 410 2204 in
449 2150 695 2214 occultis,
725 2160 778 2205 et
800 2166 896 2222 ego
925 2168 1026 2207 nou
1051 2154 1244 2207 videbo
1283 2167 1403 2208 cum
1424 2154 1469 2187 ⁸²
1498 2156 1522 2209 ?
1550 2176 1567 2207 ι
1595 2157 1658 2213 Ει
1682 2159 1877 2215 iterum
1911 2178 1924 2214 :

363 2259 381 2293 ι
409 2237 524 2295 Non
559 2256 587 2295 a
623 2255 705 2296 me
724 2244 1087 2299 abscondetur
1114 2244 1386 2315 quidpiam
1415 2246 1457 2277 ³³
1486 2246 1507 2301 ?
1544 2267 1561 2300 ι

420 2523 708 2596 “Vtilis.
740 2524 791 2579 4.
816 2525 954 2591 Quia
981 2544 1116 2581 nunc
1142 2528 1433 2594 fornicatus
1464 2543 1539 2587 est
1578 2532 1849 2601 Ephi‘aiill,
1879 2549 1923 2591 ct

356 2616 740 2670 contaminatus
795 2626 870 2671 est
926 2618 1113 2683 Israel,
1152 2636 1253 2674 non
1291 2623 1542 2677 dederunt
1590 2627 1925 2695 cogitationes

353 2722 497 2768 suos,
531 2715 588 2758 ut
623 2717 947 2761 revertantur
999 2713 1066 2762 ait
1114 2709 1297 2777 Deum,
1331 2714 1455 2782 quia
1513 2718 1729 2785 spiritus
1759 2719 1928 2788 forni-

354 2797 574 2850 cationis
629 2799 786 2853 est-in
845 2800 989 2866 ipsis,
1027 2801 1312 2857 Dominum
1344 2822 1459 2860 vero
1514 2824 1617 2861 non
1675 2826 1923 2881 cognora-

356 2896 498 2945 runt.

418 2978 552 3032 Llll.
615 2980 878 3047 Quoniam
932 2982 1080 3044 enim,
1142 2999 1298 3041 renes
1346 2996 1399 3042 et
1454 2992 1615 3044 corda
1690 2992 1925 3049 intuetur

2032 1881 2177 1939 Ἶσον
2208 1886 2272 1956 δὴ
2330 1884 2489 1938 τοῦτο
2540 1885 2770 1954 ἐκείνῳο
2801 1882 2896 1945 Τίς
2955 1872 3129 1943 οὗτος,
3177 1880 3205 1932 6
3258 1877 3512 1948 κρύπτων
3543 1894 3614 1947 με

2035 1977 2251 2049 βουλὴν.
2302 1977 2539 2046 συνέχων
2595 1977 2816 2046 ῥήματα
2843 1976 2902 2027 ἐν
2935 1972 3153 2044 καρδίᾳ,
3205 1973 3306 2042 ἐμὲ
3354 1970 3411 2023 δέ
3442 1970 3614 2023 οἴεται

2031 2070 2328 2141 κρύπτειν;
2371 2070 2622 2137 Ἔγνωκα
2664 2069 2772 2140 γὰρ
2820 2065 2911 2119 τὸν
2972 2062 3242 2133 Ἐφραῒμ,
3303 2062 3472 2133 φησὶ,
3519 2061 3618 2116 καὶ

2029 2148 2127 2213 οὐκ
2192 2160 2471 2228 ἀφέστηκα
2534 2155 2627 2210 τοῦ
2689 2155 2923 2227 Ἰσραήλ.
2956 2152 3134 2217 «Θεὸς
3205 2150 3312 2223 γὰρ
3380 2150 3650 2220 ἐγγίζων³

2029 2250 2139 2319 ἐγώ
2175 2252 2317 2319 εἰμι,
2341 2250 2435 2302 καὶ
2460 2249 2582 2319 ούχὶ
2632 2247 2766 2312 Θεὸς
2807 2246 3108 2319 πόρρωθεν.
3155 2244 3216 2298 Εἰ
3270 2241 3604 2314 κρυὸησεται

2028 2340 2312 2413 ἄνθρωπος
2342 2340 2400 2395 ἐν
2423 2320 2732 2411 κρύφαίοις,
2750 2340 2844 2393 καὶ
2875 2338 2985 2407 ἐγὼ
3011 2338 3111 2391 οὐκ
3130 2335 3333 2406 ὄψομαι
3360 2332 3556 2400 αὑτόν;
3586 2350 3606 2385 ι

2028 2434 2139 2486 Καὶ
2158 2433 2338 2496 πάλιν,
2378 2450 2395 2483 ι
2418 2431 2510 2501 Μὴ
2544 2431 2639 2484 ἀπ’
2665 2430 2802 2500 ἐμοῦ
2841 2428 3176 2500 κρυϐήσεταί
3206 2443 3288 2491 τι;
3325 2444 3346 2477 ι

2099 2528 2251 2580 Διότι
2314 2524 2432 2578 νῦν
2500 2523 2942 2591 ἐξεπόρνευσεν
3016 2518 3263 2590 Ἐξεραῒμ
3289 2558 3304 2584 ,
3360 2515 3610 2586 ἐμιάνθη

2042 2619 2305 2689 Ἰσραὴλ,
2349 2619 2458 2672 οὐκ
2485 2615 2720 2670 ἔδωκαν
2775 2615 2847 2670 τὰ
2900 2614 3211 2669 διαϐούλια
3265 2607 3462 2665 αὐτῶν
3505 2606 3615 2661 τοῦ

2027 2710 2385 2777 ἐπιστρέψαι
2428 2708 2579 2776 πρὸς
2626 2705 2734 2759 τὸν
2785 2704 2953 2765 Θεὸν,
2980 2700 3199 2771 αὐτῶν,
3240 2700 3331 2754 ὅτι
3374 2697 3613 2768 πνεῦμα

2027 2800 2309 2869 πορνείας
2337 2799 2406 2853 ἐν
2430 2798 2633 2862 αὐτοῖς
2657 2797 2786 2851 ἐστι
2811 2837 2824 2863 ,
2859 2796 2965 2850 τὸν
2995 2793 3064 2848 δὲ
3086 2794 3307 2862 Κύριον
3366 2790 3475 2845 οὐκ
3505 2790 3611 2844 ἐπ-

2026 2895 2317 2963 ἐγνωσαν.

2096 2982 2223 3036 Nl".
2241 2980 2459 3052 Ἐπειδὴ
2481 2980 2589 3050 γὰρ
2617 2980 2693 3043 εἰς
2721 2978 2950 3050 νεφροὺς
2975 2978 3078 3048 ὁρᾷ
3094 2976 3188 3029 καὶ
3207 2976 3432 3048 καρδίας
3454 2974 3611 3028 ὁτῶν

354 3068 728 3123 universorum
768 3068 908 3124 Deus
963 3080 1014 3125 et
1049 3077 1267 3139 prbrsus
1342 3075 1481 3130 nihil
1512 3078 1693 3132 estilli
1733 3081 1929 3152 inaspe.

2039 3075 2175 3128 ὅλων
2206 3073 2357 3138 Θεὸς,
2379 3072 2621 3126 ἄποπτον
2643 3070 2699 3123 δὲ
2727 3069 2878 3139 αὐτῷ
2911 3067 3187 3130 παντελῶς
3219 3065 3393 3133 οὐδὲν,
3440 3066 3611 3135 ἐγνω-

354 3159 550 3213 ctabile
574 3159 641 3224 δι’,
667 3161 916 3230 cognovit
945 3160 1263 3218 fornicatum
1290 3180 1428 3231 esse,
1463 3178 1517 3223 et
1557 3169 1623 3224 ad
1658 3169 1928 3243 fastigium

2039 3184 2147 3229 κεν,
2185 3165 2266 3217 ὄτι
2298 3164 2639 3234 πεπόρνευκε
2681 3160 2800 3232 μὲν,
2837 3161 2931 3218 καὶ
2980 3161 3058 3225 είς
3088 3158 3255 3230 ἀκρον
3280 3152 3383 3230 ἧκε
3411 3155 3612 3227 φαυλό-

356 3249 715 3319 improbitatis
766 3254 1075 3321 pervenisse
1116 3254 1313 3320 Israel,
1359 3257 1475 3314 sive
1514 3259 1791 3329 Ephraim.
1829 3264 1928 3321 Ve-

355 3350 658 3395 rumtamen
700 3356 799 3397 nec
859 3343 925 3397 ad
969 3353 1227 3412 punctum
1282 3350 1536 3417 temporis
1597 3354 1927 3420 poenitentia:

355 3429 736 3500 cogitationem
776 3433 969 3488 saltem
996 3424 1258 3506 suscepit,
1290 3440 1428 3507 quod
1460 3456 1488 3493 a
1529 3444 1720 3510 spiritu
1770 3445 1931 3502 forni-

355 3523 502 3577 cario
542 3532 690 3579 esset
731 3537 1050 3596 occupatus,
1092 3545 1385 3599 verumque
1453 3531 1736 3591 Dominum
1784 3554 1926 3608 qum-

358 3628 480 3668 rere
514 3613 698 3669 nollet.
736 3617 931 3671 Verum
993 3630 1074 3674 est
1110 3621 1268 3690 igitur
1299 3627 1440 3691 quod
1496 3628 1571 3679 ait
1629 3629 1877 3685 Salvator
1910 3650 1921 3686 :

361 3721 379 3753 ι
412 3701 579 3757 Nemo
610 3711 787 3771 potest
845 3707 1053 3763 duobus
1108 3710 1343 3765 dominis
1374 3715 1578 3770 servire
1607 3717 1706 3771 ³⁸.»

428 3875 589 3931 Vens.
623 3876 672 3932 5.
714 3877 778 3930 Et
815 3880 1180 3935 Inunitiabitur
1231 3884 1427 3953 injuria
1460 3885 1632 3942 Israel
1661 3890 1712 3943 in
1740 3891 1927 3959 [aciem

356 3966 488 4034 ejus.
545 3963 609 4018 Et
647 3964 834 4031 Israel,
875 3980 920 4022 et
958 3970 1215 4037 Ephraim
1252 3974 1662 4042 iii/irniabnntur
1724 3982 1775 4035 in
1827 3984 1928 4035 ini-

355 4051 639 4118 quitatibus
682 4054 836 4119 suis;
870 4066 918 4108 et
953 4057 1314 4125 inﬁt-maliitur
1363 4078 1565 4132 quoque
1603 4064 1773 4135 ludas
1808 4086 1926 4122 cum

356 4158 449 4196 (318.

430 4232 573 4289 LIV.
613 4233 867 4306 lnjuriam
902 4238 1006 4319 'hic
1038 4241 1269 4311 appellat
1324 4245 1691 4303 detestandam
1738 4266 1928 4320 super-

284 4324 296 4333 “
359 4327 539 4380 hiatu:
587 4337 668 4382 est
706 4330 849 4384 enim
898 4332 1191 4401 injuriosus
1223 4338 1508 4406 superbus.
1574 4339 1923 4395 lltuniliatutu

2028 3275 2186 3329 τητος
2216 3259 2245 3310 6
2295 3255 2531 3327 Ἰσραὴλ,
2567 3255 2733 3324 ἥγουν
2758 3256 2789 3307 6
2856 3253 3126 3325 Ἐφραῖμ’
3163 3252 3302 3323 πλὴν
3332 3252 3464 3317 οὐδ’,
3488 3252 3613 3305 ὅσον

2031 3348 2228 3411 εἰπεῖν,
2261 3346 2339 3407 είς
2396 3342 2523 3397 νοῦν
2571 3344 2669 3397 καὶ
2721 3342 2950 3415 καρδίαν
3004 3342 3110 3396 κᾶν
3163 3341 3293 3412 γοῦν
3318 3343 3376 3395 τὸ
3416 3340 3613 3414 χρῆναι

2035 3439 2317 3508 μετανοεῖν
2358 3434 2685 3500 εἰσεδέξατο,
2742 3434 2832 3488 διὰ
2882 3451 2945 3502 γε
2995 3434 3055 3487 τὸ
3107 3432 3480 3504 κεκρατῆσθαι
3532 3432 3613 3501 τῷ

2034 3527 2312 3597 πορνεύειν
2333 3525 2494 3579 αὑτὸν
2519 3525 2865 3579 ἀναπείθοντι
2895 3515 3185 3595 πνεύματι,
3206 3525 3298 3577 καὶ
3320 3523 3408 3577 τὸν
3434 3522 3611 3592 ἀληθῆ

2030 3619 2308 3689 Δεσπότην
2346 3617 2420 3689 μὴ
2450 3616 2699 3687 ἐθελῆσαι
2730 3617 2932 3687 ζητεῖν.
2967 3616 3189 3688 Ἀληθές
3218 3611 3308 3669 οὖν
3338 3616 3440 3677 ὅτι,
3470 3613 3615 3668 καθά

2031 3727 2195 3781 φησιν
2226 3712 2254 3764 6
2275 3709 2487 3779 Σωτὴρ,
2541 3727 2559 3760 ι
2589 3709 2779 3772 Οὐδεὶς
2816 3708 3039 3763 δύναται
3080 3708 3202 3761 δυσὶ
3236 3707 3450 3777 κυρίοις
3486 3706 3609 3759 δουσ

2030 3799 2226 3853 λεύειν.
2266 3816 2283 3849 ι

2102 3891 2209 3944 Kal
2240 3889 2743 3957 ταπεινωθήσεται
2802 3889 2840 3957 ἡ
2892 3888 3055 3956 ὕϐρις
3084 3889 3192 3942 τοῦ
3243 3889 3485 3958 Ἰσραὴλ
3522 3891 3609 3954 εἰς

2029 3984 2352 4048 πρόσωπον
2427 3978 2631 4033 αὑτοῦ.
2705 3979 2815 4031 Καὶ
2885 3979 3136 4047 Ἰσραὴλ
3207 3979 3305 4032 καὶ
3368 3978 3609 4046 Ἐφραῒμ

2027 4070 2480 4136 ἀσθενήσουο-ιν
2505 4071 2575 4124 ἐν
2597 4069 2722 4135 ταῖς
2747 4068 3005 4135 ἀδικίαις
3032 4067 3248 4126 αὐτῶν·
3295 4068 3391 4123 καὶ
3425 4069 3605 4123 ἀσθε-

2026 4165 2203 4234 νήσει
2229 4164 2326 4217 καί
2367 4162 2591 4228 Ἰούδας
2624 4161 2749 4231 μετ’
2771 4159 2986 4213 αὐτῶν.

2095 4253 2217 4305 ΝΔ’.
2248 4250 2444 4319 Ὕὸριν
2475 4250 2660 4302 ἐνθάδε
2693 4250 2827 4318 φησὶ
2853 4248 2949 4320 τὴν
2978 4248 3249 4318 ἐπάρατον
3280 4249 3602 4321 ὑπεροψίαν

2027 4343 2285 4414 ὑϐριστὴς
2332 4342 2439 4411 γὰρ
2490 4343 2518 4394 6
2570 4338 2806 4402 ἀλαζὼν.
2855 4339 3369 4410 Ταπεινωθήσεσθαι
3426 4341 3605 4395 τοίνυν

358 4434 488 4487 ergo
519 4420 582 4472 iri
612 4423 919 4489 superbiam
952 4424 1165 4478 lsraelis
1225 4427 1418 4496 inquit,
1451 4431 1539 4484 ubi
1597 4432 1683 4484 illa
1735 4448 1925 4502 passus

2039 4436 2163 4507 φησι
2190 4434 2287 4505 τὴν
2315 4431 2614 4504 ὑπεροψίαν
2663 4429 2758 4482 τοῦ
2803 4428 3039 4503 Ἰσραὴλ,
3076 4433 3261 4485 ἐκεῖνα
3305 4433 3602 4501 παθόντος,

357 4508 537 4575 fuerit,
566 4519 629 4589 et
668 4512 1038 4579 meritissimo,
1088 4531 1207 4585 qua:
1269 4529 1323 4573 et
1356 4519 1610 4575 humilem
1650 4523 1843 4590 ‘illum,
1880 4534 1933 4579 et

359 4599 741 4665 miserandum,
772 4611 827 4656 et
860 4602 1149 4672 abiectum,
1179 4617 1234 4661 et
1260 4610 1482 4665 materia
1545 4612 1612 4666 de
1666 4613 1775 4670 Deo
1822 4615 1934 4685 glo-

357 4690 531 4746 riandi
575 4693 913 4761 destitutum,
962 4711 1307 4769 supernaque
1363 4711 1418 4757 et
1461 4704 1633 4772 patria
1687 4705 1934 4762 libertate

358 4780 643 4847 spoliatqu
687 4784 935 4839 reddent.
960 4783 1024 4839 ’ln
1074 4785 1265 4843 faciem
1319 4803 1479 4859 porro
1527 4791 1645 4861 ejus
1680 4792 1931 4862 injuriam

358 4884 717 4940 reversurum,
768 4875 1175 4947 intelligendum
1214 4889 1295 4936 est
1340 4895 1498 4936 onme
1550 4897 1722 4952 genus
1768 4884 1922 4952 igno-

356 4960 535 5015 minia:
560 4966 955 5032 quodammodo
998 4969 1176 5026 simile
1206 4971 1322 5028 fore
1351 4972 1522 5045 plagis
1553 4974 1606 5027 in
1639 4973 1774 5029 facie
1843 4988 1925 5030 ac-

355 5049 545 5119 ceptis.
583 5052 646 5106 Et
694 5054 768 5107 ait
808 5056 1159 5117 inm-mandes
1220 5063 1378 5119 simul
1431 5080 1552 5120 cum
1583 5062 1717 5119 Inda
1756 5062 1924 5120 Israe-

358 5144 497 5200 litas.
536 5144 669 5201 Nam
719 5147 886 5218 Syriae
937 5162 991 5206 et
1030 5152 1310 5211 Persarum
1339 5173 1493 5229 reges
1528 5156 1582 5212 in
1622 5156 1920 5212 Samariam

359 5242 625 5297 hostiliter
688 5247 956 5313 grassati,
1025 5265 1129 5304 non
1184 5251 1427 5307 siverunt
1468 5254 1757 5309 immunem
1803 5266 1924 5307 esse

355 5332 585 5388 Judam:
636 5334 849 5388 lsraelis
889 5338 1085 5407 quippe
1152 5339 1375 5397 urbibus
1424 5344 1585 5397 etiam
1634 5344 1922 5398 nonnullas

358 5426 424 5479 ad
468 5426 662 5479 tribum
698 5424 831 5480 .lnda
883 5438 934 5482 et
994 5427 1267 5498 Benjamin
1314 5433 1640 5501 pertinentes
1708 5434 1921 5488 addide-

358 5526 502 5571 runt.
554 5516 863 5572 Universam
902 5531 1079 5575 autem
1132 5521 1490 5576 calamitatem
1532 5523 1664 5576 citra
1708 5523 1919 5578 dubita—

2027 4533 2123 4582 καὶ
2151 4526 2356 4598 σφόδρα
2396 4523 2639 4588 δικαίως,
2694 4522 2731 4576 6t
2760 4524 2854 4577 xui.
2886 4525 3141 4578 ταπεινὸν
3181 4524 3342 4588 αὑτὸν
3382 4525 3605 4595 ἔμελλον

2028 4616 2368 4686 ἀποφαίνειν,
2401 4614 2620 4683 οἰκτρὸν
2659 4614 2751 4668 καὶ
2808 4615 3265 4686 κατεῤῥιμμένον,
3297 4616 3391 4671 καὶ
3430 4618 3604 4688 αὐχη-

2030 4709 2213 4779 μάτων
2236 4707 2439 4779 ἐρημον
2463 4704 2569 4759 τῶν
2595 4704 2687 4758 ἐπὶ
2698 4704 2834 4775 Θεῷ,
2869 4707 2964 4760 καὶ
2982 4708 3151 4777 αὐτῆς
3175 4706 3233 4760 δὲ
3256 4708 3359 4778 τῆς
3387 4708 3600 4762 ἄνωθεν

2029 4801 2122 4854 καὶ
2148 4796 2409 4869 πατρῴας
2439 4797 2623 4861 αὐτοῖς
2671 4796 2984 4868 ἐλευθερίας
3018 4799 3404 4871 ἐστερημένον.
3436 4800 3511 4852 Τὸ
3547 4799 3604 4853 δὲ

2029 4893 2109 4955 είς
2145 4891 2435 4961 πρόσωπον
2488 4887 2655 4942 αὑτοῦ
2693 4888 2793 4961 τὴν
2849 4888 3009 4961 ὕϐριν
3063 4891 3601 4963 ἁποστραφήσεσθαι,

2031 4982 2246 5053 νοητέον
2276 4980 2363 5034 διὰ
2386 4979 2449 5033 τὸ
2485 4981 2592 5035 πᾶν
2638 4974 2779 5046 εἶδος
2829 4981 3054 5052 ἀτιμίας
3077 4982 3313 5036 ἐοικέναι
3346 4999 3461 5045 πως
3482 4985 3623 5048 ταῖς,

2031 5071 2171 5126 κατὰ
2200 5071 2489 5141 πρόσωπον
2545 5069 2801 5142 πληγαῖς.
2854 5058 3202 5143 Ἀσθενὴσειν
3257 5071 3313 5124 δὲ
3357 5071 3493 5142 ὁμοῦ
3523 5072 3605 5143 τῷ

2044 5159 2211 5230 Ἰούδα
2241 5160 2374 5230 φησὶ
2401 5159 2524 5222 τοὺς
2576 5159 2637 5224 ἐξ
2687 5160 2923 5232 Ἰσραήλ.
2978 5160 3443 5231 Καταδῃώσαντες
3491 5164 3604 5234 γὰρ

2029 5251 2130 5304 ὅτε
2151 5249 2250 5321 τῆς
2278 5249 2477 5321 Συρίας
2505 5251 2596 5305 καὶ
2633 5251 2856 5322 Περσῶν
2881 5251 3117 5322 βασιλεῖς
3144 5253 3243 5325 τὴν
3271 5254 3601 5325 Σαμάρειαν,

2028 5342 2127 5395 οὐκ
2157 5340 2380 5411 ἁπλῆ-τα
2441 5342 2896 5413 συγκεχωρήκασι
2930 5342 3205 5414 διαμεῖναι
3233 5346 3325 5399 τὸν
3365 5346 3600 5410 Ἰούδαν,

2027 5433 2355 5503 προσθέντες
2388 5436 2508 5496 ταῖς
2564 5434 2659 5486 τοῦ
2701 5434 2913 5505 Ἰσραὴλ
2960 5434 3147 5489 πόλεσι
3197 5438 3290 5490 καί
3318 5456 3467 5502 τινας
3496 5439 3602 5494 τῶν
3678 5426 3683 5429 ⁷

2026 5523 2341 5595 ἀνηκουσῶν
2361 5526 2471 5588 τοῖς
2494 5524 2551 5591 ἐξ
2580 5524 2747 5578 Ἰούδα
2763 5525 2858 5580 καὶ
2876 5528 3153 5598 Βενιαμίν.
3175 5530 3297 5583 ’Ότι
3312 5530 3366 5584 δέ
3386 5531 3601 5599 ἁπάσης

427 5631 583 5714 iam
605 5634 732 5697 Βεκ.
758 5636 928 5714 XL“.
988 5639 1029 5670 ³¹
1061 5638 1126 5692 lll
1165 5638 1293 5710 Reg.
1330 5656 1445 5705 xm,
1473 5640 1526 5694 2.
1605 5642 1647 5671 ³²
1676 5639 1785 5695 Jer.
1816 5657 1921 5695 xm

2039 5642 2086 5695 3.
2168 5642 2210 5671 ³³
2233 5639 2343 5696 Jcr.
2377 5654 2601 5712 xxxviii,
2626 5641 2711 5695 14.
2790 5642 2833 5673 ⁸⁸
2860 5642 2969 5699 Jer.
2999 5644 3182 5714 “,20;
3216 5644 3377 5701 llebr.
3409 5660 3481 5711 tv,
3512 5645 3599 5701 12.

356 5703 400 5735 ³⁸
436 5702 624 5759 Matth.
660 5718 734 5771 vt,
775 5704 863 5759 94.
