4002 6220
345 344 440 398 145

1269 347 1796 402 Ῐ.ΟΜῘίΙΕΝΤΛΙὶΙ[]8
1837 346 1900 401 IN
1942 348 2172 402 ()SEAM
2212 349 2650 404 l’IiUI‘itlﬂI‘AM.

3482 359 3578 413 Iit}

342 463 517 523 αὐτοῖς
551 465 836 532 συμφορᾶς
870 467 1244 536 προμνήστρια
1278 469 1499 535 γέγονεν
1541 467 1904 538 ὁμολογουμέ-

2034 467 2208 522 ionem
2270 470 2587 538 importasse
2623 471 2724 524 illis
2777 473 3099 540 impietatem
3129 482 3180 526 et
3225 473 3473 540 injuriam
3528 480 3577 527 in

341 570 442 615 me;
483 554 516 623 ἡ
563 555 642 616 είς
677 555 810 606 Θεὸν
862 557 1086 612 ἀσέϐειά
1139 575 1196 610 τε
1250 559 1341 612 καὶ
1397 559 1574 630 ὕϐρις,
1617 559 1907 628 δεδίδαχεν,

341 644 529 708 εἰπὼν,
564 646 642 716 μὴ
673 647 739 700 ἂν
761 649 962 719 ἑτέρως
987 651 1169 714 αὐτοῖς
1214 652 1274 706 τὸ
1325 654 1422 723 τῆς
1461 653 1743 717 ἀσθενείας
1775 671 1914 723 συμ-

339 737 600 803 ϐήσεσθαι
628 739 816 802 πάθος,
848 740 962 792 ἀλλ’
989 741 1020 811 ἢ
1056 743 1234 811 μόνον,
1267 743 1347 796 ὅτι
1371 763 1387 795 ι
1420 744 1828 814 ’Λσθενήσουσιν
1855 745 1910 796 ὲν

339 832 459 890 ταῖς
512 828 750 893 ἀδικίαις
812 831 1012 886 αὐτῶν.
1069 851 1087 883 ι
1143 835 1426 905 Χρήσιμον
1483 832 1576 888 οὖν
1635 837 1744 906 ἄρα
1819 837 1912 889 καὶ

337 920 770 987 τιμαλφέστατον
817 923 1030 993 ἀληθῶς
1062 927 1093 995 ἡ
1126 927 1206 988 εἰς
1253 926 1384 979 Θεὸν
1441 927 1707 992 εὐσέϐεια,
1740 929 1807 981 δι’
1844 924 1910 999 ἦς

337 1008 402 1060 ἂν
437 1009 647 1076 γένοιτο
673 1011 766 1064 καὶ
796 1012 858 1064 τὸ
882 1013 1049 1066 ἐθνῶν
1073 1015 1329 1070 δύνασθαι
1351 1019 1587 1088 κρατεῖν,
1615 1020 1706 1071 καὶ
1735 1019 1913 1073 πάντα

341 1098 549 1167 ἰσχύειν
581 1102 883 1172 κατορθοῦν
909 1105 1165 1170 εὐκόλως.
1189 1109 1299 1162 Καὶ
1319 1110 1597 1180 ἀληθεύων
1619 1111 1856 1179 ἔφασκεν
1885 1114 1915 1164 ὁ

243 1260 252 1274 ἱ
338 1192 554 1260 Σωτὴρ,
585 1193 667 1246 ὅτι
700 1211 718 1244 ι
753 1197 936 1266 Χωρὶς
965 1196 1098 1267 ἐμοῦ
1133 1199 1194 1252 οὐ
1224 1199 1452 1253 δύνασθε
1486 1201 1664 1254 οὐδέν.
1709 1220 1727 1252 ι
1763 1202 1912 1256 Ψάλ-

336 1283 418 1335 λει
453 1284 508 1337 δέ
561 1303 662 1338 που
715 1287 809 1340 καὶ
849 1291 878 1341 ὁ
934 1290 1276 1361 Δαϐὶδ,ὀρθὰ
1331 1296 1548 1363 φρονεῖν
1603 1295 1909 1365 ᾑρημένος,

341 1392 359 1422 ι
403 1372 579 1441 Ίσχύς
606 1390 708 1443 μου
730 1376 823 1427 καὶ
853 1375 1079 1447 ὕμνησίς
1108 1396 1208 1448 μου
1228 1380 1256 1430 ὁ
1286 1379 1505 1450 Κύριος.
1536 1400 1555 1432 ι

407 1465 568 1517 Μετὰ
598 1465 907 1532 προϐάτων
949 1468 1045 1520 καί
1071 1469 1324 1536 μόσχων
1355 1472 1774 1539 πορεύσονται,
1808 1473 1913 1526 τοῦ

335 1553 664 1621 ἐκζητῆσαι
717 1555 823 1609 τὸν
877 1558 1114 1626 Κύριον,
1147 1561 1242 1612 καὶ
1292 1561 1378 1628 μὴ
1406 1561 1664 1628 εὕρωσιν
1692 1563 1910 1615 αὐτόν’

336 1645 424 1696 ἔτι
456 1645 768 1708 ἐξέκλινεν
795 1649 896 1702 ἀπ’
925 1648 1141 1715 αὐτῶν,
1180 1650 1266 1703 ὅτι
1315 1653 1421 1704 τὸν
1452 1652 1673 1720 Κύριον
1707 1654 1915 1722 ἐγκατ-

335 1738 575 1789 έλιπον·
624 1736 711 1790 ὅτι
741 1739 920 1792 τέκνα
943 1739 1227 1808 ἀλλότρια
1252 1743 1665 1810 ἐγεννήθησαν
1688 1741 1912 1808 αὐτοῖς.

2016 560 2177 612 Deum
2219 560 2402 612 docuit
2457 576 2579 614 cum
2620 561 2772 624 dixit,
2829 579 2933 616 non
2983 564 3140 617 aliter
3195 565 3328 632 ipsis
3382 563 3578 616 malum

2015 651 2340 706 inﬁrmitatis
2377 662 2716 716 eventurum,
2749 655 2849 708 nisi
2874 655 3000 724 quia
3021 673 3039 704 ι
3082 656 3497 710 intirmabuntur
3527 657 3577 710 in

2014 742 2384 811 iniquitatibus
2425 743 2588 796 suis.»
2621 743 2773 800 Utilis
2803 747 2982 815 igitur,
3013 757 3067 801 et
3104 762 3189 802 res
3213 749 3456 816 proiecto
3485 750 3582 802 ho»

2014 832 2160 885 noris
2191 832 2500 900 plenissima
2530 835 2702 902 pietas
2727 849 2851 905 erga
2888 836 3075 900 Deum,
3107 837 3261 906 cujus
3285 852 3386 907 ope
3415 839 3578 892 etiam

2015 922 2200 977 hostes
2227 924 2455 990 domari,
2497 934 2550 978 et
2573 925 2752 978 omnia
2789 927 2901 981 ﬁeri
2932 943 3052 981 cum
3081 927 3237 982 laude
3275 940 3438 997 atque
3470 930 3578 982 vir-

2021 1023 2129 1068 tute
2169 1015 2324 1070 facile
2368 1025 2586 1086 queant,
2614 1031 2678 1068 ac
2722 1031 2880 1070 verus
2913 1029 2997 1072 est
3035 1017 3281 1075 Salvator
3314 1036 3436 1074 cum
3490 1021 3573 1073 di-

2014 1105 2088 1157 cit
2117 1124 2129 1157 :
2161 1123 2178 1155 ι
2220 1105 2348 1160 Siue
2393 1121 2476 1159 me
2510 1105 2640 1160 nihil
2672 1107 2898 1174 potestis
2925 1107 3100 1164 facere
3135 1111 3234 1164 ".p
3292 1109 3475 1164 Psaliit
3528 1120 3583 1163 et

2016 1188 2184 1244 David
2247 1191 2441 1247 alicubi
2478 1208 2542 1247 ex
2595 1208 2720 1248 vero
2777 1209 2975 1250 sensu:
3009 1217 3026 1248 ι
3065 1196 3343 1253 Fortitudo
3366 1209 3418 1254 et
3470 1197 3583 1253 laus

2015 1295 2132 1334 mea
2174 1281 2431 1339 Dominus
2447 1284 2510 1338 ³⁷.
2527 1303 2545 1335 ι

2084 1456 2192 1527 85
2229 1457 2392 1518 Vens.
2433 1463 2485 1527 li,
2521 1462 2572 1518 7.
2605 1463 2736 1519 Cant
2771 1467 2948 1518 ovibus
3005 1476 3055 1519 et
3108 1467 3282 1520 vitulis
3336 1467 3498 1530 ibunt,
3532 1479 3582 1518 ut

2015 1561 2250 1617 qua'raul
2303 1552 2600 1619 Dominum,
2623 1566 2670 1610 et
2727 1573 2829 1610 non
2882 1557 3132 1610 invenient
3155 1574 3312 1620 eum;
3355 1557 3583 1610 declina-

2017 1641 2086 1692 rit
2141 1643 2274 1693 enim
2325 1644 2389 1694 ab
2442 1644 2568 1705 illis,
2615 1648 2737 1715 quia
2799 1647 3076 1700 Dominum
3134 1649 3469 1715 reliquerunt,
3533 1658 3583 1702 et

2016 1729 2115 1796 ﬁlii
2143 1731 2304 1785 alieni
2350 1736 2459 1786 nati
2493 1747 2636 1791 sunt.
2662 1736 2818 1790 Nunc
2869 1740 3131 1792 devoravit
3158 1755 3242 1794 eos
3290 1740 3493 1810 rubigo,
3537 1749 3584 1796 et

337 1823 471 1876 Νῦν
496 1825 890 1895 καταφάγεται
935 1828 1156 1893 αὐτοὺς
1199 1831 1236 1898 ἡ
1289 1830 1534 1900 ἑρυσίϐη
1562 1872 1575 1895 ,
1641 1831 1737 1885 καὶ
1777 1832 1916 1898 τοὺς
1950 1833 1988 1886 Β
2016 1833 2180 1876 εονιεδ
2226 1839 2426 1877 Corum.

336 1914 532 1980 κλήρο
540 1934 609 1980 υς
645 1915 862 1971 αὐτῶν.

409 2005 540 2058 NE'.
584 2007 807 2078 Ἀληθές
855 2011 1050 2080 ὁρᾶται
1105 2011 1191 2064 διά
1248 2015 1620 2085 πραγμάτων,
1658 2015 1736 2068 ὅτι
1779 2013 1919 2068 καθά

335 2112 510 2163 φησιν
539 2096 874 2160 ὀθεσπέσιος
927 2100 1159 2166 Παῦλος,
1199 2103 1459 2156 ἀδύνατον
1512 2101 1652 2174 αἷμα
1695 2103 1908 2174 ταύρων

337 2189 440 2240 καὶ
469 2189 686 2258 τράγων
719 2189 936 2257 ἀφελεῖν
988 2192 1285 2262 ἁμαρτίας,
1321 2195 1416 2248 καὶ
1453 2194 1596 2248 ἔστιν
1627 2195 1917 2264 ἀπρόσιτος

334 2279 432 2332 διὰ.
461 2280 627 2348 νόμου
661 2281 810 2343 Θεός.
845 2282 1024 2351 Νόμον
1065 2283 1120 2336 δέ
1149 2302 1312 2354 φημι,
1344 2285 1439 2354 τὴν
1471 2285 1609 2339 κατὰ
1635 2287 1798 2356 νόμον
1826 2286 1918 2338 λα-

336 2371 558 2439 τρείαν,
601 2369 699 2439 τὴν
737 2371 803 2423 δι’
858 2373 1103 2440 αἱμάτων
1144 2374 1237 2427 καὶ
1301 2375 1518 2430 θυσιῶν.
1569 2377 1775 2430 Οὐκοῦν
1817 2374 1919 2427 κᾶν

336 2461 676 2528 προσάγοιεν
702 2462 754 2511 οἱ
784 2461 842 2524 ἐξ
887 2461 1098 2531 Ἰσραὴλ
1151 2462 1220 2514 τὰ
1273 2465 1635 2534 νενομισμένα
1671 2466 1916 2536 θύματα,

336 2552 457 2603 τῶν
490 2551 722 2614 ἀνοσίως
778 2553 959 2617 αὐτοῖς
1009 2553 1387 2624 ὲπταισμένων
1452 2555 1786 2620 ἐξαιτοῦντες
1825 2558 1920 2628 τὴν

339 2649 563 2717 ipsum,
601 2649 765 2718 ἧγουν
797 2648 896 2717 τὴν
947 2650 1081 2718 πρὸς
1106 2649 1195 2702 τὸν
1224 2651 1357 2704 Θεὸν
1389 2650 1676 2720 ζητοῦντες
1708 2653 1920 2705 οἰκείω-

340 2758 453 2802 σιν,
489 2741 592 2792 οὐκ
621 2738 686 2791 ἂν
716 2739 1004 2807 ἐφίκοιντο,
1049 2741 1232 2809 φησὶν,
1267 2740 1375 2793 οὐδ’
1407 2740 1814 2818 ἂνιὲξανύσειαν
1861 2744 1923 2795 τὸ

340 2831 627 2901 εὑρίσκειν
681 2831 936 2886 δύνασθαι
992 2832 1083 2886 τὸν
1117 2833 1270 2895 Θεὸν,
1306 2833 1419 2886 ἀλλ’
1448 2833 1555 2885 οὐδ’
1596 2832 1660 2886 ἂν
1715 2834 1924 2903 γένοιτο

341 2919 606 2991 προσιτὸς
631 2923 744 2984 τοῖς
765 2920 908 2974 οὕτω
938 2921 1453 2990 μεταγινώσκουσιν.
1478 2924 1801 2995 Εὑρίσκεται
1818 2927 1924 2998 γὰρ

339 3015 437 3066 διὰ
472 3013 640 3083 μόνης
690 3013 789 3083 τῆς
832 3015 888 3065 ὲν
939 3015 1157 3085 Χριστῷ
1186 3014 1349 3084 ζωῆς,
1390 3011 1458 3088 ἧς
1505 3018 1570 3070 ἂν
1597 3020 1766 3070 νοοῖτο
1796 3036 1926 3088 προ-

342 3101 572 3172 εισϐολὴ
596 3101 656 3154 τὸ
697 3102 849 3172 ῥῆμα
885 3104 981 3172 τῆς
1011 3103 1266 3167 πίστεως,
1295 3106 1388 3158 καὶ
1412 3107 1633 3176 προσέτι
1667 3107 1840 3177 τούτῳ
1867 3108 1953 3162 τὸ-

2092 2007 2195 2060 LV.
2231 2007 2334 2062 Res
2357 2007 2469 2076 ipsa
2502 2010 2813 2078 comprobat
2848 2012 2989 2079 quod
3020 2010 3235 2064 divinus
3268 2010 3463 2064 Paulus
3486 2011 3585 2076 ait,

2022 2099 2334 2168 sanguinem
2379 2108 2652 2152 taurorum
2696 2108 2788 2153 aut
2822 2100 3094 2154 hircorum
3125 2099 3339 2154 abolere
3370 2109 3584 2169 peccata

2023 2207 2123 2246 non
2171 2206 2327 2259 posse
2352 2191 2416 2257 ³⁸,
2449 2201 2502 2244 et
2531 2205 2624 2259 per
2661 2191 2827 2260 legem
2866 2205 3141 2246 accessum
3183 2191 3248 2245 ad
3283 2191 3584 2244 Deumn0n

2023 2285 2172 2347 dari,
2221 2284 2392 2359 legem.
2423 2293 2600 2336 autem
2647 2286 2767 2338 dico
2815 2285 3017 2338 cultum
3069 2283 3362 2338 secundum
3393 2283 3584 2351 legem.

2023 2389 2116 2442 per
2177 2375 2465 2442 sanguines
2505 2382 2558 2426 ct
2611 2373 2900 2428 sacriﬁcia.
2941 2373 3145 2444 Itaque,
3178 2373 3300 2427 licet
3361 2371 3590 2427 oﬁ‘erant

2024 2464 2273 2519 Israelita:
2311 2465 2512 2520 hostias
2547 2464 2828 2532 legitimas,
2864 2463 3121 2518 scelerate
3167 2463 3428 2518 factorum
3473 2478 3569 2515 suo

2025 2573 2140 2610 rum
2183 2557 2626 2612 condonationcm
2680 2565 2921 2623 petentes
2946 2597 2960 2619 ,
2996 2556 3109 2610 sive
3161 2555 3589 2624 conjunctionem

2024 2664 2144 2703 cum
2197 2647 2304 2702 Deo
2341 2658 2395 2702 et
2437 2649 2729 2702 amicitiam
2776 2658 3097 2717 quaerentes,
3131 2663 3234 2700 non
3280 2661 3396 2700 eam
3441 2661 3590 2699 assc-

2024 2748 2286 2807 quentur,
2317 2739 2516 2808 inquit,
2561 2754 2731 2808 neque
2788 2731 3066 2808 proﬁcient
3123 2739 3188 2791 ad
3234 2738 3398 2790 Deum
3448 2738 3594 2790 inve-

2026 2831 2302 2894 niendum,
2340 2845 2513 2900 neque
2562 2829 2652 2884 tali
2699 2829 2858 2883 modo
2888 2828 3477 2897 pmnitentibusaditns
3525 2826 3593 2878 ad

2025 2942 2147 2981 eum
2178 2925 2398 2994 patebit.
2441 2924 2542 2978 I’er
2588 2924 2757 2978 solam
2808 2923 3005 2992 quippe
3070 2921 3233 2974 vitam
3282 2920 3333 2974 in
3379 2919 3595 2974 Christo

2028 3020 2318 3080 invenitur,
2373 3017 2524 3084 cujus
2594 3015 2828 3086 prmvius
2877 3016 3154 3085 ingressus
3177 3013 3369 3074 haberi
3420 3019 3597 3081 potest

2031 3113 2246 3163 verbum
2281 3108 2426 3174 ﬁdei,
2474 3116 2677 3161 etcum
2719 3121 2784 3162 eo
2833 3106 3068 3160 salutare
3109 3105 3396 3174 baptisma,
3449 3102 3598 3156 iami-

344 3195 620 3264 σωτήριον
654 3194 958 3264 βάπτισμα,
992 3198 1090 3267 τὴν
1125 3198 1182 3249 ἐν
1239 3198 1518 3267 πνεύματι.
1537 3200 1668 3270 πρὸς
1693 3199 1822 3253 Θεὸν
1847 3204 1924 3252 οἱ-

2032 3203 2212 3257 liarem
2248 3216 2368 3255 cum
2406 3202 2510 3254 Deo
2546 3199 2982 3267 coniunctionem
3016 3199 3068 3252 in
3109 3198 3312 3265 Spiritu
3341 3195 3594 3250 clﬁciens.

343 3287 575 3339 κείωσιν
616 3287 929 3356 προξενοῦν.
961 3288 1189 3355 Οὐκοῦν,
1210 3290 1309 3342 οὐκ
1341 3289 1407 3342 ἂν
1433 3289 1584 3361 εὖροι
1607 3291 1694 3343 τὸν
1726 3291 1927 3362 Κύριον

344 3375 374 3426 ὁ
436 3373 656 3444 Ἰσραὴλ
697 3374 784 3428 διά
836 3393 898 3444 γε
955 3379 1052 3446 τῆς
1095 3377 1236 3431 κατά
1281 3379 1444 3446 νόμον
1482 3380 1751 3450 λατρείας.
1808 3383 1927 3434 Ἐκ-

345 3464 576 3517 κέκλικε
602 3465 708 3538 γὰρ
734 3467 824 3519 ἀπ’
850 3468 1047 3531 αὐτῶν,
1072 3470 1152 3522 ὅτι
1184 3471 1276 3522 καὶ
1299 3472 1450 3524 αὐτοὶ
1481 3472 1926 3528 καταλελοίπασιν

347 3556 536 3619 αὐτὸν,
560 3558 944 3627 ἀποπηδῶντες
988 3560 1238 3613 τοσοῦτον
1257 3601 1271 3620 ,
1318 3560 1393 3625 ὡς
1425 3561 1517 3614 καὶ
1545 3563 1747 3616 τέκνων
1773 3563 1928 3616 ἀλλο-

351 3645 523 3713 τρίων
575 3646 827 3712 γενέσθαι
885 3649 1138 3720 πατέρες.
1201 3670 1219 3703 ι
1263 3651 1538 3723 ’Λλλότρια
1597 3654 1653 3706 δὲ
1705 3656 1871 3709 τέκνα
1905 3676 1922 3708 ι

351 3737 510 3806 φησὶ,
539 3738 606 3790 τὰ
631 3732 742 3791 οἷον
768 3742 831 3792 ὲκ
872 3741 1104 3811 μήτρας,
1133 3744 1223 3795 καὶ
1255 3743 1313 3808 ἐξ
1341 3744 1518 3797 αὐτῶν
1552 3745 1656 3798 τῶν
1677 3749 1927 3818 σπαργά-

355 3843 490 3889 νων,
524 3830 645 3891 ταῖς
700 3829 807 3882 τῶν
859 3831 1092 3884 εἰδώλων
1132 3834 1463 3904 ἀνακείμενα
1513 3836 1713 3903 δόξαις,
1760 3855 1928 3908 προσ-

359 3921 603 3988 αγόντων
624 3922 765 3993 τάχα
793 3942 893 3977 που
923 3929 1031 3989 τοῖς
1057 3926 1350 3996 δαιμονίοις
1373 3929 1437 3983 τά
1462 3931 1807 4001 χαριστήρια.
1838 3933 1931 3986 καὶ

269 4008 280 4018 ’
354 4015 454 4074 τὰς
483 4016 577 4067 ἐπὶ
602 4019 720 4079 ταῖς
736 4017 887 4070 ὠδῖσι
916 4018 1122 4086 θυσίας,
1141 4021 1248 4074 τῶν
1267 4021 1930 4095 γεγεν[ν]ηκ6των.Τέκνα

357 4109 535 4161 τοίνυν
563 4110 839 4180 ἀλλότρια,
868 4113 936 4165 τά
970 4114 1043 4184 μὴ
1071 4117 1127 4167 ἐν
1169 4116 1288 4185 Θεῷ
1314 4136 1325 4146 ·
1359 4117 1390 4185 ἢ
1433 4117 1554 4169 καθῖ
1595 4118 1779 4188 ἕτερον
1809 4119 1933 4188 τρό-

357 4218 479 4264 πον,
505 4202 572 4254 τά
604 4203 668 4254 ἐκ
697 4205 968 4269 γυναικῶν
1021 4207 1342 4275 ἀλλογενῶν.
1390 4209 1782 4277 Ἐπεμίγνυντο
1825 4211 1932 4281 γὰρ

357 4294 776 4361 ἀπερισκέπτως
798 4300 844 4349 οἱ
873 4298 930 4364 ἐξ
960 4300 1174 4371 Ἰσραὴλ
1201 4303 1321 4363 ταῖς
1349 4300 1454 4352 τῶν
1477 4301 1646 4354 ἐθνῶν
1668 4302 1934 4374 θυγατράο

359 4402 466 4447 σιν,
504 4386 1014 4459 είδωλολατρούσαις
1057 4390 1157 4455 ἔτι,
1191 4392 1364 4444 καίτοι
1406 4392 1498 4446 τοῦ
1541 4394 1705 4464 νόμου
1753 4395 1934 4463 λέγον-

357 4493 450 4538 τος
491 4477 736 4547 ἐναργῶς
766 4480 846 4543 τὸ,
876 4481 950 4552 μὴ
977 4481 1086 4533 δεῖν
1134 4483 1497 4536 συνάπτεσθαι
1530 4483 1780 4554 γαμικῶς
1819 4488 1929 4548 τοῖς

357 4569 690 4636 ἀλλογενέσι.
738 4590 756 4621 ι
788 4574 898 4643 Τὴν
957 4574 1227 4647 θυγατέρα
1281 4593 1373 4627 σου
1430 4576 1568 4648 γὰρ,
1631 4578 1830 4646 φησὶν,
1873 4579 1933 4630 οὐ

358 4661 554 4725 δώσεις
585 4663 662 4732 τῷ
695 4666 1002 4734 υίῴαὺτοῦ,
1060 4669 1153 4721 καὶ
1206 4669 1305 4740 τὴν
1353 4669 1629 4740 θυγατέρα
1672 4669 1838 4722 αὑτοῦ
1873 4671 1932 4722 οὐ

362 4750 506 4821 λήψῃ
537 4751 619 4822 τῷ
652 4754 752 4822 υἱῷ
783 4773 877 4807 σου
903 4768 916 4782 ⁸
959 4757 1242 4829 ἀποστήσῃ
1277 4758 1385 4830 γὰρ
1410 4759 1498 4811 τὸν
1547 4760 1660 4812 υἱόν
1711 4777 1805 4812 σου
1837 4760 1936 4813 ἀπ’

362 4843 518 4912 ἐμοῦ,
537 4847 629 4896 καὶ¹
649 4848 931 4917 πορευθεὶς
948 4850 1232 4921 λατρεύσει
1264 4851 1403 4914 θεοῖς
1430 4853 1655 4920 ἑτέροις.
1671 4871 1688 4903 ι
1721 4854 1937 4924 Ἐπειδὴ

363 4934 534 4987 ταῦτα
555 4937 864 5007 δεδράκασι,
899 4961 915 4989 ι
942 4943 1328 5010 Καταφάγεται
1357 4944 1552 5007 αὐτοὺς
1637 4945 1888 5015 ὲρυσίϐη.
1917 4964 1933 4995 ι

364 5030 626 5098 Σημαίνει
676 5032 731 5084 δὲ
787 5033 946 5085 πάλιν
996 5037 1406 5104 αἰνιγματωδῶς
1464 5037 1551 5090 διὰ
1592 5037 1782 5090 τούτου
1839 5039 1937 5107 τὴν

365 5120 629 5191 ἐσομένην
658 5123 839 5185 αὐτοῖς
879 5125 1117 5177 κάκωσίν
1167 5143 1224 5178 τε
1281 5129 1372 5179 καὶ
1407 5128 1605 5197 βλάϐην
1626 5130 1690 5180 ἐκ
1719 5130 1816 5197 τῆς
1846 5128 1938 5180 τοῦ

366 5209 605 5278 πολέμου
637 5212 962 5281 προσϐολῆς,
989 5215 1089 5266 οὐκ
1117 5216 1384 5279 ἀνικάνως
1414 5219 1641 5287 ἐχούσης
1675 5218 1939 5288 ἐρυσίϐης

363 5299 520 5361 δίκην
574 5303 835 5370 ἀφανίσαι
883 5305 1069 5368 δεινῶς
1118 5307 1311 5371 αὐτούς
1354 5327 1411 5360 τε
1473 5310 1568 5362 καὶ
1622 5310 1688 5362 τὰ
1727 5310 1934 5362 αὐτῶν·

364 5391 525 5443 τοῦτο
554 5394 663 5463 γὰρ
701 5397 751 5446 οι
805 5394 1011 5465 κλῆροι.
1046 5397 1167 5450 Ὅτι
1209 5399 1263 5451 δὲ
1300 5401 1373 5470 μὴ
1405 5404 1482 5463 εἰς
1509 5401 1797 5471 ὑπέρθεσιν
1850 5401 1942 5452 καί

367 5489 658 5558 ἀνακωχὴν
691 5491 720 5540 ὁ
765 5490 1018 5560 πόλεμος,
1068 5492 1182 5543 ἀλλ’
1228 5492 1390 5554 εὐθὺς
1438 5493 1528 5544 καὶ
1594 5492 1899 5554 καταπὸδας
1926 5532 1938 5553 ,

369 5580 862 5651 πεπληροφὸρηκεν
897 5582 1083 5635 εἰπών·
1151 5603 1169 5635 ι
1200 5583 1311 5636 Νῦν
1346 5584 1717 5652 καταφάγεται
1748 5584 1943 5643 αὐτοὺς

450 5766 489 5798 ¹⁶
517 5763 672 5826 Joan.
707 5785 791 5835 xv,
831 5769 878 5822 5.
963 5769 1001 5799 ³ῖ
1039 5770 1155 5825 l'sal
1213 5786 1374 5833 CMII,
1417 5771 1493 5822 ll.

1576 5772 1615 5800 ³³
1653 5767 1810 5823 IIebr.
1844 5782 1918 5835 lx,
1957 5765 2039 5819 I2.

2029 3296 2206 3361 Quare
2245 3293 2407 3347 Israel
2458 3292 2739 3345 Dominum
2787 3307 2881 3359 per
2914 3288 3047 3357 legis
3086 3287 3440 3342 cmrcmouias
3492 3300 3596 3338 non

2030 3389 2262 3443 inveniet
2291 3401 2304 3438 :
2338 3385 2625 3440 declinavit
2670 3383 2813 3437 enim
2848 3383 2914 3436 ab
2942 3381 3089 3450 ipsis,
3132 3368 3384 3448 quoniam
3424 3386 3477 3430 et
3501 3377 3598 3444 ipsi

2029 3479 2422 3547 dercliquerunt
2450 3491 2596 3540 eum,
2638 3489 2808 3543 usque
2832 3474 2964 3527 adeo
3005 3472 3332 3532 resilientes,
3359 3477 3416 3521 ut
3445 3478 3499 3522 et
3537 3467 3597 3519 Ii-

2031 3569 2222 3623 Iiorum
2268 3568 2565 3622 alienorum
2604 3575 2787 3635 patres
2835 3565 3043 3618 ﬁerent.
3099 3582 3117 3614 ι
3159 3562 3373 3615 Alienus
3406 3559 3545 3613 ﬁlios
3579 3578 3596 3609 ι

2032 3659 2292 3725 nominat,
2317 3659 2407 3728 qui
2451 3658 2604 3728 quasi
2644 3673 2708 3711 ex
2763 3665 2916 3710 utero
2963 3654 3111 3709 etab
3147 3652 3277 3722 ipsis
3325 3649 3601 3706 cunabulis

2031 3750 2197 3805 cultui
2248 3750 2507 3806 idolorqu
2561 3749 2759 3804 addicti
2817 3756 2976 3814 sunt,
3031 3745 3341 3815 parentibus
3382 3743 3600 3798 forsitan

2030 3857 2124 3896 eos
2181 3842 2510 3896 daemonibus
2554 3857 2651 3910 pro
2705 3856 2925 3894 munere
2977 3839 3304 3906 gratiarum,
3338 3843 3390 3889 et
3426 3837 3476 3888 in
3511 3850 3602 3886 sa-

2037 3932 2298 3986 criﬁcium
2339 3948 2434 4001 pro
2462 3931 2598 3986 felici
2647 3943 2800 4000 partu
2829 3929 3047 3982 obtento
3093 3924 3472 3986 oﬁerentibus;
3510 3930 3603 3973 aut

2033 4022 2227 4086 aliter,
2269 4024 2357 4092 qui
2415 4021 2523 4075 nati
2589 4031 2714 4075 sunt
2773 4035 2838 4072 ex
2898 4015 3207 4070 mulieribus
3263 4012 3597 4080 alienigenis.

2031 4114 2180 4167 Citra
2229 4112 2394 4166 ullum
2439 4113 2633 4180 quippe
2673 4110 2929 4180 pudorem
2975 4108 3067 4175 qui
3105 4106 3170 4180 de
3212 4103 3370 4158 Israel
3422 4112 3601 4160 erant.

2034 4225 2154 4263 cum
2219 4209 2456 4276 gentium
2523 4205 2734 4258 ﬁliabus
2786 4203 3084 4256 etiamnum
3120 4176 3260 4251 idola
3304 4195 3604 4250 colentibus

2036 4309 2259 4363 corpora
2307 4293 2658 4362 copulabant,
2691 4290 2904 4345 tametsi
2933 4286 3350 4355 Ieahujrmmodi
3393 4284 3606 4351 nuptias

2035 4403 2289 4458 expresse
2309 4396 2542 4446 _vetaret.
2579 4385 2668 4438 Ait
2697 4383 2838 4438 enim
2868 4401 2881 4436 :
2917 4402 2934 4433 ι
2972 4379 3162 4434 Filiam
3197 4387 3341 4430 tuam
3380 4391 3482 4429 non
3511 4375 3606 4428 (Ia-

2040 4481 2122 4535 bis
2173 4481 2280 4535 ﬁlio
2316 4479 2450 4546 ejus,
2481 4489 2534 4533 et
2571 4478 2729 4532 ﬁliam
2764 4479 2880 4548 ejus
2907 4493 3011 4530 non
3049 4473 3279 4541 accipies
3325 4469 3430 4523 lilio
3473 4475 3602 4522 tuo:

2041 4581 2245 4626 avertet
2266 4573 2407 4625 enim
2453 4565 2616 4623 lilium
2672 4580 2818 4623 tuum
2856 4585 2885 4622 :1
2919 4584 3000 4621 me
3028 4610 3041 4633 ,
3077 4576 3132 4620 et
3165 4563 3360 4617 vadens
3411 4560 3611 4614 serviet

2040 4665 2143 4718 diis
2177 4664 2366 4718 alienis
2395 4663 2460 4715 '9.
2487 4682 2503 4714 ι
2532 4663 2799 4728 Quoniam
2827 4671 3004 4715 autem
3035 4659 3148 4712 hinc
3175 4656 3440 4716 iecerunt,
3465 4668 3482 4702 ι
3523 4651 3611 4703 de-

2038 4756 2250 4809 vorabit
2285 4771 2376 4810 eos
2408 4756 2648 4825 rubigo.»
2696 4754 2792 4807 Per
2819 4753 2957 4821 quod
2984 4760 3041 4804 ut
3065 4750 3116 4802 in
3141 4746 3425 4814 :enigmate
3453 4743 3612 4810 signi-

2043 4849 2185 4911 Iicat,
2218 4864 2376 4916 quam
2431 4846 2770 4901 aillictioncm
2812 4847 3175 4908 damnumque
3221 4836 3450 4890 subituri
3503 4836 3612 4888 sint

2041 4957 2104 4994 ex
2143 4941 2494 5010 impressione
2553 4938 2755 5002 hostili,
2803 4936 2958 5004 cujus
3004 4948 3106 4986 non
3158 4930 3335 4983 minor
3380 4928 3462 4983 vis
3510 4927 3615 4981 erit

2046 5049 2204 5100 quam
2252 5032 2510 5101 rubiginis
2540 5031 2603 5083 ad
2641 5031 2807 5095 ipsos,
2838 5037 2890 5082 et
2940 5041 3056 5095 qum
3107 5027 3348 5094 ipsorum
3370 5021 3617 5078 suntmi~

2047 5142 2165 5178 sere
2191 5124 2540 5192 ilispenlemla
2569 5140 2580 5174 :
2616 5123 2713 5176 hoc
2748 5122 2888 5174 enim
2921 5130 3044 5173 sunt
3082 5119 3233 5182 cleri,
3266 5119 3379 5172 sive
3404 5127 3598 5171 sortes.

2049 5219 2196 5284 Quml
2243 5232 2365 5270 vero
2410 5215 2606 5269 bellum
2652 5215 2782 5268 citra
2841 5211 3377 5281 procrastinationet'n
3430 5217 3484 5263 et
3531 5209 3612 5260 in-

2048 5311 2233 5364 ducias
2282 5308 2331 5360 in
2379 5308 2601 5375 vestigio
2653 5309 2752 5372 sit,
2806 5314 2954 5359 certo
3002 5302 3228 5367 astruit,
3257 5316 3391 5358 .cum
3445 5298 3603 5350 dicit:

2053 5418 2068 5449 ι
2109 5398 2254 5450 Nunc
2295 5397 2537 5449 comedet
2567 5411 2659 5449 cos
2700 5397 2902 5464 rubigo.
2936 5413 2952 5445 ι
3016 5393 3238 5446 Perinde
3269 5405 3329 5443 ac
3358 5389 3398 5439 si
3425 5380 3564 5438 dical
3594 5399 3609 5436 :

2058 5491 2228 5544 Verba
2259 5505 2373 5542 mea
2435 5488 2668 5541 tristium
2712 5487 3042 5554 experientia
3099 5487 3408 5548 sequentur.
3445 5486 3612 5540 prope

2050 5591 2168 5634 sunt
2206 5578 2339 5646 jam,
2363 5587 2416 5633 et
2457 5588 2580 5637 ante
2618 5578 2757 5630 tores
2801 5589 3069 5628 aerumnae.
3096 5571 3206 5641 86
3240 5562 3477 5622 Iiestabit
3512 5561 3609 5630 ig:-

2121 5767 2161 5798 ³⁹
2203 5766 2348 5820 Deut.
2387 5770 2478 5826 vit,
2521 5759 2573 5826 '5,
2607 5759 2654 5812 i.
