4012 6214
441 354 542 409 ii'i

1418 354 1478 411 S.
1517 354 1787 410 CYRILLI
1827 355 2299 417 ALEXANDRINI
2337 361 2656 418 ARCIIIEP.

3573 363 3675 416 148

435 483 524 525 tnr
567 472 732 526 Deum
781 470 1111 536 laedentibus,
1137 483 1195 526 ιιι
1233 487 1376 534 eum,
1408 472 1652 542 quamvis
1699 483 2000 544 quaerentes

2107 480 2133 550 ἡ
2169 479 2417 550 ὲρυσῑδη.
2460 499 2478 531 ι
2510 481 2732 551 Ὅμοιον
2755 481 2829 544 ὡς
2861 481 2908 533 εί
2931 479 3078 548 λέγοι
3102 495 3115 508 ·
3150 478 3392 532 Κατόπιν
3423 477 3548 547 ἥξει
3573 477 3679 530 τῶν

439 561 678 616 invenire
707 571 998 629 nequeant,
1029 561 1264 632 ﬁmitque
1293 562 1590 616 alienorum
1633 564 1864 619 ﬁliorum
1906 583 2001 635 pa-

438 665 573 719 tres,
623 653 726 708 hoc
775 662 878 718 est,
912 670 1015 708 non
1070 657 1303 711 habeant
1355 655 1564 711 nobiles
1605 668 1659 710 et
1717 674 2002 728 germanos

437 745 666 809 fructus,
692 761 827 816 quos
849 746 1023 802 virtus
1072 756 1125 802 et
1151 747 1503 802 sanctimonia
1536 750 1656 803 vita:
1687 750 2001 820 proferunt;

435 845 661 904 pereant
722 844 903 890 autem
957 837 1157 907 potius,
1202 845 1262 892 ut
1323 837 1566 907 rubigine
1616 841 1844 910 quadam
1902 856 1999 896 sua

436 927 672 996 ipsorum
708 928 1052 991 improbitate
1096 937 1150 984 et
1177 929 1394 985 miseria
1423 929 1655 986 confecti
1697 940 1857 1002 atque
1880 949 2002 989 eon-

435 1018 658 1088 sumpti.
709 1017 776 1072 Et
804 1019 1159 1077 nihilominus
1180 1020 1390 1078 donauit-
1429 1037 1458 1076 a
1486 1024 1594 1078 Deo
1624 1034 1800 1081 sortes
1849 1025 2001 1080 dam—

435 1120 504 1160 na
555 1105 844 1176 accipiant,
878 1107 946 1164 de
983 1109 1179 1178 quibus
1203 1119 1259 1166 et
1303 1111 1518 1168 divinus
1570 1113 1732 1168 David
1784 1114 2000 1169 univer-

433 1213 615 1254 sorum
661 1199 924 1256 Salvatori
954 1202 1063 1258 Deo
1090 1204 1270 1258 canit:
1308 1223 1326 1256 ι
1360 1207 1418 1258 In
1470 1202 1729 1260 manibus.
1764 1207 1867 1261 tuis
1896 1220 2006 1261 sor-

437 1301 517 1346 tes
553 1307 686 1348 mea:
705 1293 772 1345 ⁸ο.
811 1313 830 1346 ι
875 1294 1065 1352 Omnis
1116 1297 1312 1367 quippe
1365 1310 1485 1352 sors
1537 1307 1594 1351 et
1639 1300 1814 1353 omnis
1878 1313 2005 1368 pars

436 1393 619 1438 nostra
659 1385 710 1439 in
755 1395 1018 1456 potestate
1053 1387 1145 1443 Dei
1181 1399 1280 1455 est,
1311 1399 1365 1444 et
1404 1389 1518 1458 ipse
1543 1389 1738 1458 estqui
1770 1403 2000 1444 coronas

435 1474 724 1530 distribuit.

2107 569 2278 639 λόγων
2313 571 2430 624 τῶν
2470 571 2708 643 ἀνιαρῶν
2748 572 2782 641 ἡ
2832 574 2996 642 πεῖρα
3027 587 3041 601 ο
3091 570 3257 639 ἐγγυς
3315 569 3414 640 ἢδη
3458 569 3551 621 καὶ
3590 569 3680 620 ἐπὶ

2107 659 2304 734 θύραις
2332 665 2366 733 ἡ
2398 663 2672 734 συμφορά.
2725 662 3017 734 Περιέσται
3048 659 3113 732 δὴ
3157 657 3252 713 οὖν
3302 660 3417 722 τοῖς
3451 657 3680 710 λυποῦσι

2107 722 2369 816 Egomet;
2429 722 2890 826 pilis-sugkatva
2954 722 3117 806 αὐτὸν
3165 750 3446 812 δύνασθαι,
3497 748 3602 802 κᾶν
3633 751 3680 800 εἰ

2107 844 2313 898 ἕλοιντο
2358 845 2560 916 ζητεῖι,
2603 845 2854 912 γενέσθαι
2896 845 2952 897 δέ
3007 843 3101 897 καὶ
3146 842 3354 894 τέκνων
3385 838 3681 910 ἀλλοτρίων

2107 937 2384 1007 πατέρας,
2437 937 2752 1002 τουτέστιν,
2806 937 2905 990 οὐκ
2956 937 3196 1004 εὐγενεῖς
3263 934 3354 986 καί
3425 931 3681 1001 γνησίους

2107 1027 2252 1098 ἔχειν
2290 1029 2534 1098 καρποὺς
2557 1019 2724 1096 (οὗτοι
2748 1026 2794 1079 δ’
2821 1025 2887 1078 ἂν
2917 1021 3028 1079 εἶεν
3063 1026 3111 1078 οἱ
3154 1023 3222 1088 ἐξ.
3241 1021 3442 1094 ἀρετῆς
3468 1037 3528 1074 τε
3587 1021 3680 1070 καὶ

2106 1118 2264 1186 ἁγίας
2289 1115 2454 1188 ζωῆς)
2481 1133 2492 1144 ·
2525 1116 2820 1170 ἀπολέσθαι
2839 1115 2896 1169 δέ
2925 1115 3146 1186 μᾶλλον,
3170 1112 3420 1182 καθάπερ
3451 1110 3678 1181 ὲρυσίδῃ

2109 1210 2216 1264 τινὶ
2260 1211 2325 1280 τῇ
2385 1209 2536 1278 σφῶν
2562 1208 2740 1263 αὐτῶν
2798 1207 3296 1279 περιθραυομένους
3364 1203 3532 1274 κακίᾳ
3586 1202 3680 1254 καὶ

2110 1301 2520 1372 whom-timui.
2546 1301 2769 1371 προσέτι
2795 1299 3110 1362 τούτοιςκαὶ
3129 1298 3326 1360 αὐτοὺς
3353 1292 3680 1366 ζημιοῦσθαι

2107 1392 2232 1454 τοὺς
2277 1390 2430 1461 παρά
2467 1389 2602 1443 Θεοῦ
2634 1389 2889 1462 κλήρους.
2921 1389 3055 1460 Περὶ
3107 1381 3182 1442 ὧν
3219 1387 3313 1440 καὶ
3341 1388 3370 1439 ὁ
3398 1383 3680 1445 Θεσπέσιος

2105 1483 2296 1553 ψάλλει
2350 1481 2534 1548 Δαδὶδ,
2589 1481 2727 1554 πρὸς
2755 1481 2849 1534 τὸν
2886 1480 2994 1534 τῶν
3038 1481 3175 1534 ὅλων
3229 1478 3460 1548 Σωτῆρα
3505 1474 3677 1528 Θεὸν·

440 1587 466 1620 «τ
495 1569 584 1622 Ἐν
609 1569 726 1632 ταῖς
767 1570 924 1638 χερσί
977 1586 1070 1622 σου
1124 1571 1174 1623 οι
1234 1572 1426 1643 κλῆροι
1459 1590 1581 1643 μου.
1618 1593 1638 1624 ι
1695 1574 1875 1635 Ἅπας
1925 1574 2032 1646 γὰρ
2070 1575 2226 1646 ἡμῶν
2262 1575 2482 1648 κλῆρος,
2547 1577 2642 1629 καὶ
2669 1577 2828 1630 πᾶσα.
2852 1575 3008 1644 μερὶς
3040 1573 3098 1626 ἐν
3133 1570 3350 1642 ἐξουσίᾳ
3384 1567 3542 1631 Θεοῦ,
3586 1567 3682 1619 καὶ

435 1662 594 1726 αὐτός
625 1663 771 1718 ἐστιν
792 1663 820 1716 ὁ
851 1664 962 1717 τῶν
982 1664 1260 1733 στεφάνων
1292 1665 1596 1736 διανομεύς.

505 1754 668 1812 Vens.
697 1754 752 1819 8,
793 1755 846 1810 9.
880 1753 1120 1824 Clangite
1152 1755 1278 1809 tuba
1310 1772 1464 1826 super
1493 1756 1668 1819 colles,
1699 1764 1881 1811 sonare
1910 1772 2001 1811 su-

2173 1756 2517 1809 Σαλπίσατε
2533 1752 2819 1821 σάλπιγγι
2832 1751 2930 1804 ἐπὶ
2947 1749 3084 1812 τοὺς
3100 1747 3388 1814 βουνοὺς,
3410 1749 3682 1818 ἠχήσατε

432 1859 525 1912 per
567 1843 800 1908 excelsis,
860 1844 1141 1912 prwdicate
1191 1845 1245 1897 in
1289 1845 1440 1898 domo
1492 1843 1585 1908 ὢν,
1648 1845 1819 1900 Mente
1864 1849 2001 1899 exci-

433 1934 513 1986 dit
554 1932 853 2004 Benjamiu,
885 1934 1135 2005 Ephraiut
1168 1936 1220 1990 in
1247 1935 1618 1991 desolationem
1675 1937 1847 2004 factus
1901 1945 1997 1990 est.

432 2025 503 2078 In
555 2025 736 2079 diebus
790 2027 1129 2095 correptionis
1166 2027 1221 2079 iu
1282 2027 1514 2080 tribubus
1554 2026 1728 2082 Israel
1799 2029 2000 2083 ostendi

434 2118 634 2184 ﬁdelia.

505 2208 639 2264 LVI.
672 2208 854 2266 Plania
899 2211 1078 2266 verbis
1111 2211 1314 2266 dictum
1357 2222 1442 2268 est
1469 2227 1652 2281 supra,
1707 2213 2000 2270 detestabi-

435 2300 538 2354 lem
584 2298 872 2356 Jeroboam
899 2315 1022 2356 cum
1050 2302 1232 2359 vitulis
1262 2304 1442 2359 aureis
1483 2304 1650 2359 etiam
1689 2305 1826 2361 alios
1851 2320 2004 2376 quos-

434 2389 560 2445 dam
611 2390 924 2448 idololatriae
970 2392 1318 2464 pestiferique
1383 2395 1586 2450 erroris
1640 2399 1825 2452 modos
1863 2399 2000 2466 apud

434 2481 708 2539 Israelitas
744 2484 1126 2542 introduxisse.
1177 2486 1586 2557 Superstitiosis
1623 2489 1766 2544 enim
1811 2490 2003 2544 ritibus

433 2573 665 2630 Chamos
721 2585 776 2632 et
843 2575 1176 2648 Deelpbegoc
1220 2578 1274 2632 in
1351 2579 1623 2636 montibus
1672 2589 1727 2636 et
1777 2580 2004 2637 collibus

433 2668 537 2722 sub
567 2681 797 2738 quercu,
825 2677 879 2724 et
907 2669 1124 2739 populo,
1162 2678 1218 2726 et
1269 2669 1464 2725 arbore
1495 2671 1746 2726 umbrosa
1779 2687 2001 2726 venera-

432 2759 650 2814 bantur.
686 2758 1016 2814 Visebantur
1051 2768 1252 2825 autem,
1293 2769 1353 2816 ut
1380 2761 1524 2829 dixi,
1553 2761 1714 2816 etiam
1742 2763 1794 2816 in
1820 2762 2004 2818 Bctbel

433 2860 490 2903 et
527 2849 638 2904 Dan
670 2849 825 2904 vituli
858 2851 1029 2905 aurei.
1067 2849 1134 2905 Et
1176 2850 1290 2906 lucc
1322 2851 1541 2920 quidem
1589 2850 1806 2906 Israelis
1846 2853 2004 2907 sedu-

433 2941 544 2996 ctio
585 2939 704 2994 fuit.
731 2939 902 2996 ludas
932 2951 1132 3008 autem,
1159 2941 1273 2996 sive
1318 2941 1618 3014 Benjamin,
1658 2942 2004 2998 nihilominus

2100 1846 2334 1902 ἐπὶτῶν
2367 1844 2640 1914 ὑψηλῶν,
2673 1843 2968 1912 κηρύξατε
2985 1843 3053 1896 ἐν
3077 1840 3157 1907 τῷ
3175 1842 3319 1906 alme
3339 1843 3445 1896 Ὧν
3469 1857 3484 1873 ο
3521 1842 3680 1907 Ἐξέ.

2101 1954 2216 2006 στη
2236 1937 2537 2006 Βενιαμὶν,
2565 1935 2811 2005 Ἐφραῒμ
2833 1936 2918 2000 εις
2934 1934 3276 2004 ἀφανισμὸν
3300 1933 3551 2002 ἐγένετο.
3584 1937 3683 1988 Ἐν

2101 2026 2345 2095 ἡμέραις
2393 2025 2646 2095 ἐλέγχου
2694 2025 2763 2078 ἐν
2806 2023 2935 2089 ταῖς
2987 2022 3208 2092 φυλαῖς
3268 2021 3375 2076 τοῦ
3435 2024 3680 2093 Ἰσραὴλ

2103 2117 2305 2183 ἔδειξα
2351 2116 2558 2171 πιστά.
2877 2169 2882 2172 ,

2172 2211 2314 2278 NQ".
2345 2209 2674 2282 Προείρηται
2708 2207 2916 2278 σαφῶς,
2949 2208 3032 2261 ὅτι
3084 2208 3221 2279 πρὸς
3251 2210 3370 2272 ταῖς
3416 2208 3679 2279 δαμάλεσι

2102 2305 2220 2367 ταῖς
2249 2306 2474 2374 χρυσαῖς
2505 2304 2598 2357 καὶ
2654 2304 2876 2374 ἐτέρους
2910 2304 3022 2365 τοῖς
3057 2301 3116 2366 ἐξ
3156 2302 3374 2374 Ἰσραὴλ
3402 2303 3681 2358 εἰδωλολαο

2103 2397 2260 2467 τρίας
2297 2396 2518 2466 ὀλέθρου
2547 2413 2606 2449 τε
2637 2396 2733 2449 καὶ
2787 2395 2995 2465 πλάνης
3029 2395 3376 2464 εἰσκεκὸμικε
3399 2397 3632 2468 τρόπους
3653 2401 3681 2451 ὁ

2104 2488 2378 2558 ἐπάρατος
2409 2487 2710 2558 Ίεροδοάμ.
2751 2485 3112 2556 Ἒθρήσκευον
3139 2487 3248 2557 γὰρ
3298 2489 3356 2540 ἐν
3389 2487 3538 2556 ὄρεσι
3584 2488 3679 2541 καὶ

2107 2579 2312 2648 βουνοῖς
2337 2580 2427 2632 τὸν
2451 2577 2676 2649 Χαμὼς,
2713 2579 2801 2631 τὸν
2832 2577 3174 2648 Βεελφεγὼρ,
3211 2579 3467 2632 ὑποκάτω
3499 2579 3676 2650 δρυὸς,

2105 2673 2200 2724 καὶ
2233 2669 2452 2740 λεύκης,
2493 2671 2586 2723 καὶ
2639 2669 2862 2740 δένδρου
2889 2669 3290 2733 συσκιάζοντοςο
3329 2665 3476 2739 ἦσαν
3499 2671 3574 2731 δέ,
3605 2669 3682 2732 ὡς

2105 2763 2260 2832 ἔφην,
2291 2763 2384 2814 καὶ
2411 2765 2466 2814 ἐν
2492 2761 2691 2832 Βαιθὴλ
2726 2763 2820 2813 καὶ
2851 2763 2907 2814 ἐν
2933 2761 3041 2814 Δὰν
3085 2762 3140 2813 ai
3171 2763 3368 2832 χρυσαί
3397 2761 3676 2831 δαμάλεις.
3755 2811 3760 2816 .

2118 2855 2256 2907 Ἀλλ’
2281 2855 2375 2924 ἥδε
2400 2853 2496 2924 μὲν
2522 2851 2615 2906 τοῦ
2658 2835 2926 2923 ἰσραὴλή
2969 2851 3250 2921 πλάνησις.
3279 2851 3335 2904 '0
3364 2851 3420 2904 δέ
3454 2868 3516 2919 γε
3545 2851 3680 2903 Ἰού-

2104 2948 2220 3011 δας,
2256 2947 2425 3016 ἡγουν
2448 2945 2476 2996 ὁ
2507 2945 2789 3014 Βενιαμὶν.
2821 2943 2973 2996 οὐδὲν
3001 2938 3164 3014 ἦττον
3195 2942 3554 3013 πεπλάνηντο,
3586 2941 3683 2994 καὶ

435 3032 648 3088 θραυοιί
679 3040 826 3097 sunt,
848 3040 902 3087 et
928 3032 1206 3099 Astarten,
1225 3031 1607 3090 oli‘endicuium
1661 3035 2001 3090 Sitlnniorum

2107 3034 2500 3107 λελατρεύκασι
2531 3035 2631 3105 μὲν
2658 3037 2725 3105 τῇ
2763 3033 3030 3104 Ἀστάρτῃ
3066 3031 3492 3104 προσοχθίσματι
3518 3031 3680 3084 Σιδω-

433 3123 736 3179 coluerunt.
767 3121 1050 3194 Supplices
1077 3123 1274 3179 ﬁebant
1309 3135 1568 3194 praeterea
1602 3126 1720 3191 soli,
1747 3130 1888 3195 quod
1919 3143 2001 3180 no-

2111 3131 2258 3184 νίων.
2300 3127 2680 3200 Προσεκύνουν
2717 3127 2774 3180 δὲ
2803 3126 2897 3180 καὶ
2926 3125 3007 3196 τῷ
3051 3124 3206 3196 ἡλίῳ,
3239 3126 3332 3177 καὶ
3364 3124 3520 3177 τοῦτο
3549 3126 3680 3192 ἡμῖν

433 3216 519 3274 bis
545 3215 705 3272 etiam
730 3231 824 3286 per
851 3215 1188 3271 Eaecbiclem
1215 3215 1456 3285 liquebit.
1496 3215 1694 3270 Ductus
1723 3225 1810 3270 est
1839 3217 2001 3281 enim,

2112 3221 2336 3293 ἐναργὲς
2384 3221 2538 3274 ἔσται
2599 3219 2762 3273 πάλιν
2801 3219 2888 3272 διά
2929 3217 3112 3288 φωνῆς
3162 3215 3441 3286 Ἰεζεχιήλ.
3499 3216 3678 3284 Ἤχθη

435 3317 496 3365 ut
517 3309 711 3366 scribit
730 3311 864 3379 ipse,
895 3309 1320 3379 Hierosolymam
1349 3309 1401 3364 in
1434 3309 1638 3365 visione
1664 3311 1776 3366 Dei.
1809 3311 2001 3365 Deinde

2112 3315 2210 3384 μὲν
2237 3314 2366 3385 γάρ,
2390 3312 2465 3376 ὥς
2485 3328 2646 3382 φησιν
2685 3311 2868 3374 αὐτὸς,
2893 3311 2972 3372 εἰς
3014 3308 3382 3378 Ἱεροσόλυμα,
3413 3307 3470 3359 ἐν
3491 3306 3680 3377 δράσει

435 3399 572 3455 vidit
600 3398 970 3455 seductionem
1015 3397 1315 3452 incolarum
1365 3399 1500 3468 ejus.
1531 3419 1549 3449 ι
1587 3401 1702 3454 Vidi
1736 3400 1899 3462 enim,
1927 3402 2001 3453 in-

2108 3405 2262 3459 θεοῦ.
2290 3401 2422 3457 Εἶτα
2451 3403 2704 3455 τεθέαται
2756 3401 2856 3471 τὴν
2915 3399 3023 3453 τῶν
3066 3401 3426 3451 ἐνοικούντων
3447 3396 3675 3468 πλάνην.

434 3492 573 3561 quit,
633 3491 787 3560 quasi
838 3491 1027 3562 viginti
1081 3491 1320 3560 quinque
1378 3491 1540 3547 viros.
1583 3491 1746 3546 Dorsa
1821 3506 2001 3548 eorum

2115 3515 2132 3547 ι
2167 3492 2322 3550 Εἶδον
2352 3493 2482 3566 γὰρ,
2513 3494 2695 3564 φησιν,
2733 3492 2806 3554 ὡς
2833 3492 3004 3544 εἴκοσι
3032 3490 3125 3542 καὶ
3159 3489 3318 3542 πέντε
3357 3489 3554 3559 ἄνδρας
3575 3529 3589 3550 ,
3611 3488 3679 3541 τὰ

436 3593 623 3638 contra
650 3583 904 3654 templum
945 3583 1176 3649 Domini,
1207 3593 1263 3639 et
1296 3584 1463 3638 iacies
1482 3599 1665 3639 eorum
1701 3593 1912 3646 contra.
1955 3593 2001 3638 ct

2107 3584 2329 3640 ὀπίσθια
2357 3583 2536 3638 αὐτῶν
2568 3582 2701 3653 πρὸς
2736 3582 2826 3634 τὸν
2865 3581 2989 3633 ναὸν
3018 3579 3247 3650 Κυρίου,
3273 3580 3368 3632 καὶ
3399 3580 3467 3634 τὰ
3507 3579 3672 3650 πρόσ-

435 3675 523 3729 isti
544 3673 842 3730 adorabaut
864 3675 1028 3730 solem
1049 3677 1115 3729 ad
1143 3675 1406 3730 orientem
1438 3675 1503 3728 δι.
1520 3695 1537 3726 ι
1568 3675 1860 3729 Considera
1877 3690 2008 3744 ergo

435 3767 702 3834 quomodo
734 3776 940 3836 pestem
963 3775 1020 3821 et
1043 3765 1266 3820 exitium
1299 3765 1445 3821 varie
1471 3767 1571 3820 sibi
1601 3767 2004 3836 comparabant,

435 3857 618 3913 multis
667 3859 840 3915 modis
891 3858 1056 3912 Deum
1110 3857 1442 3914 oﬁ‘endentes
1492 3865 1547 3912 et
1585 3857 1877 3912 irritanws.
1907 3856 2008 3912 Vo-

437 3952 609 4004 lentes
651 3950 812 4018 igitur
838 3951 1004 4008 etiam
1051 3950 1102 4005 in
1150 3950 1446 4022 propinqua
1477 3951 1880 4017 exspectatione
1910 3964 2004 4017 po-

433 4043 572 4098 sitos
601 4049 813 4097 vastare
852 4040 1176 4108 Samariam,
1211 4052 1393 4096 etnon
1423 4055 1612 4110 parum
1675 4039 2003 4094 conturbare

435 4132 775 4200 Jerusalem,
822 4132 1110 4204 Assyrios,
1159 4135 1397 4204 inquam,
1449 4143 1504 4188 et
1544 4131 1756 4196 Persas,
1815 4142 1869 4184 et
1903 4129 2002 4184 Du-

433 4239 739 4292 mascenos,
770 4224 937 4296 Syros
986 4227 1152 4297 puta(
1178 4229 1488 4282 invaserunt
1513 4227 1655 4280 enim
1684 4225 1841 4278 ambo
1892 4225 2004 4276 suis

435 4316 787 4384 temporibus,
839 4315 981 4371 alias
1020 4315 1123 4370 alia
1177 4317 1242 4370 de
1261 4331 1424 4370 causa
1480 4317 1544 4368 ad
1595 4316 1694 4369 hoc
1749 4312 2000 4377 inritati)

436 4405 506 4459 ob
545 4420 750 4460 moram
773 4413 832 4460 et
865 4405 1266 4460 cuncta-tionem
1299 4405 1614 4472 irruptionis
1641 4413 1846 4456 tantum
1897 4419 2000 4455 non

2109 3689 2237 3727 ωπα
2270 3671 2453 3724 αὐτῶν
2483 3669 2763 3735 ἀπέναντι,
2808 3671 2902 3724 καὶ
2965 3663 3108 3722 οὗτοι
3142 3670 3508 3740 προσεκύνουν
3537 3671 3678 3722 κατὰ

2108 3764 2372 3829 ἀνατολάς
2400 3763 2478 3835 τῷ
2499 3764 2651 3835 ἡλίῳ.
2693 3784 2710 3814 ι
2753 3763 2852 3816 Ἀθ
2865 3781 2944 3833 ρει
2977 3765 3041 3834 δὴ
3063 3760 3158 3818 οὖν
3184 3764 3333 3826 ὅπως
3364 3763 3680 3834 ἐμερίζοντο

2106 3856 2205 3926 τὴν
2229 3855 2524 3919 ἀπώλειαν,
2543 3855 2684 3907 κατὰ
2704 3854 2931 3918 πολλοὺς
2964 3855 3396 3925 προσκρούοντες
3423 3855 3674 3924 τρόπους,

2108 3951 2202 4005 καὶ
2229 3947 2521 4011 λυποῦντες
2543 3947 2693 4002 Θεὸν.
2731 3947 2936 4001 Οὐκοῦν
2961 3950 3072 4010 τοῖς
3088 3945 3392 4018 καταδῃοῦν
3415 3946 3674 4007 ἐθέλουσι,

2108 4045 2202 4099 καὶ
2231 4045 2358 4100 ὅσον
2402 4040 2613 4095 οὐδέπω
2661 4040 3146 4112 προσδοκωμένοις,
3178 4039 3278 4109 τὴν
3331 4039 3674 4108 Σαμάρειαν,

2107 4135 2200 4187 καὶ
2231 4133 2480 4203 θορυϐεῖν
2505 4132 2564 4184 οὐ
2598 4131 2832 4202 μετρίως
2876 4129 3126 4200 μέλλουσι
3163 4129 3260 4200 τὴν
3301 4127 3674 4199 Ἰερουσαλὴμ,

2117 4226 2421 4296 Ἀσσυρίοις
2448 4242 2506 4277 τε
2545 4224 2707 4294 φημὶ,
2737 4225 2831 4276 καὶ
2873 4222 3140 4291 Πέρσαις,
3168 4219 3262 4272 καί
3299 4220 3410 4281 τοῖς
3442 4218 3550 4272 ἀπὸ
3574 4222 3677 4270 Δα-

2108 4315 2340 4387 μασκοῦ,
2373 4316 2514 4385 φημὶ
2539 4313 2625 4383 δὴ,
2658 4315 2772 4376 τοῖς
2802 4312 2992 4382 Σύροις
3025 4310 3228 4382 (ἔθεντο
3247 4309 3354 4382 γὰρ
3378 4307 3676 4379 ἀμφότεροι

2106 4405 2246 4459 κατὰ
2273 4406 2519 4475 καιροὺς,
2549 4403 2696 4457 ἄλλοι
2726 4420 2786 4455 τε
2833 4401 3008 4466 ἄλλως
3055 4402 3133 4464 είς
3161 4399 3320 4454 τοῦτο
3363 4398 3679 4470 παραθηγό-

431 4495 700 4564 objurgat,
727 4503 780 4546 et
807 4493 972 4547 ordiri
997 4493 1192 4546 bellum
1210 4493 1450 4562 iubebat,
1489 4493 2001 4560 circumclangeut‘cs

2109 4499 2302 4564 μενοι),
2329 4493 2609 4564 μονονουχὶ
2640 4494 2734 4548 καὶ⁸
2771 4491 2992 4560 ἐγκαλεῖ
3031 4491 3132 4562 τῆς
3173 4490 3358 4562 ἐφόδου
3411 4491 3510 4561 τὴν
3551 4489 3679 4558 μὲλ-

433 4585 689 4646 bucciua,
715 4591 1092 4650 terrorumque
1128 4581 1393 4649 primitias
1447 4581 1716 4635 mentibus
1757 4583 2008 4635 seducto-

433 4691 553 4729 rum
609 4675 949 4730 incutientes.
981 4673 1089 4745 87
1138 4671 1397 4754 Quoniam
1449 4672 1592 4725 enim
1635 4686 1728 4726 eos
1784 4682 1839 4726 et
1886 4687 2004 4727 sor-

433 4775 515 4819 tes
565 4765 801 4834 ipsorum
840 4763 1028 4834 rubigo
1061 4765 1380 4820 deroratura
1412 4764 1786 4833 esl(dixitnus
1827 4775 2002 4817 autem

433 4869 534 4908 nos
609 4856 905 4925 rubiginem
967 4856 1145 4910 vocari
1209 4855 1388 4910 clades
1446 4857 1566 4908 belli
1614 4867 1664 4909 et
1719 4855 2003 4909 desolatio-

434 4958 554 4996 nem
586 4948 634 5012 ),
665 4947 862 4999 docens
896 4946 1094 5000 malum
1145 4947 1242 5000 boc
1277 4960 1396 5000 esse
1429 4961 1592 5013 supra
1649 4953 1827 5013 caput,
1874 4943 1991 4997 bre-

435 5035 590 5100 vique
623 5044 961 5100 eventurum,
998 5039 1119 5090 tuba
1160 5054 1353 5091 canere
1387 5037 1768 5089 convenienter
1823 5036 2001 5088 admu-

433 5129 558 5179 dmn
631 5127 806 5197 jussit,
851 5137 905 5179 et
963 5138 1084 5180 ante
1146 5130 1246 5181 alia
1297 5144 1458 5198 super
1504 5128 1635 5182 locis
1695 5128 1997 5189 idolorum;

433 5228 527 5272 aut
552 5227 608 5271 ut
637 5219 1030 5286 quamprimum
1083 5218 1444 5275 incendentlos
1482 5230 1534 5273 et
1566 5221 1874 5287 diruendas,
1911 5228 2003 5273 aut

433 5311 558 5378 quia
604 5311 698 5379 ipsi
741 5310 1174 5362 ronnmoditatem
1223 5313 1463 5364 bellicum
1514 5311 1792 5376 baberent,
1821 5321 1876 5365 ct
1919 5313 1998 5365 in-

434 5404 500 5456 de
529 5403 776 5457 seductos
815 5400 1175 5455 infestissime
1209 5417 1517 5470 oppugnare
1545 5404 1746 5458 liceret.
1776 5404 1996 5470 Quando

434 5494 620 5565 itaque
661 5495 791 5550 dicit
825 5493 1124 5548 canendum
1169 5495 1290 5547 tuba
1321 5507 1480 5563 super
1524 5495 1711 5560 colles,
1747 5506 1802 5549 et
1832 5510 1996 5565 super

432 5589 666 5648 excelsa,
700 5596 751 5641 et
795 5586 845 5640 in
895 5585 1051 5638 domo
1080 5585 1174 5647 ὢν,
1225 5585 1483 5638 idolorum
1545 5587 1659 5642 loca
1707 5587 1990 5660 intelliges.

508 5765 551 5794 “
592 5764 730 5819 l's:-l.
770 5782 893 5828 nx,
940 5765 1018 5816 lli.
1103 5768 1137 5792 “
1171 5765 1365 5820 lizcclt.
1404 5780 1517 5830 \‘lll,
1552 5765 1632 5820 l6.

2104 4585 2258 4656 λησιν
2287 4599 2299 4611 ·
2333 4582 2674 4654 ἀπάρχεσθαι
2698 4581 2753 4634 δὲ
2783 4582 2882 4652 ἤδη
2916 4579 3010 4635 τοῦ
3039 4581 3274 4653 πολέμου
3303 4581 3639 4652 προστέταχε
3661 4619 3675 4642 ,

2104 4674 2497 4745 περιηχοῦντας
2522 4675 2640 4736 ταῖς
2667 4673 2943 4741 σάλπιγξι,
2980 4676 3075 4727 καὶ
3102 4674 3202 4737 τάς
3225 4673 3335 4726 τῶν
3364 4672 3676 4742 δειγμάτων

2102 4767 2354 4836 ἀπαρχὰς
2403 4767 2521 4828 ταῖς
2573 4765 2682 4818 τῶν
2730 4766 3097 4836 πλανωμένων
3150 4769 3392 4831 ἐνιέντας
3454 4765 3674 4836 ψυχαῖς.

2113 4859 2328 4930 Ἐπειδὴ
2363 4860 2490 4931 γὰρ,
2519 4860 2643 4930 ἔφη,
2675 4859 2768 4913 νῦν
2799 4862 3174 4928 καταφάγεται
3205 4861 3402 4923 αὐτοὺς
3429 4861 3462 4929 ἠ
3491 4859 3680 4929 ἐρυσίο

2109 4950 2177 5019 6η
2210 4951 2305 5004 καὶ
2352 4952 2478 5012 τοὺς
2537 4949 2766 5020 κλήρους
2810 4950 2988 5004 αὐτῶν
3039 4949 3338 5019 (ἐλέγομεν
3369 4948 3426 5000 δὲ
3479 4949 3675 5017 ἡμεῖς,

2105 5041 2366 5112 ἐρυσίϐην
2407 5041 2722 5110 ὠνομάσθαι
2771 5041 2868 5112 τὴν
2899 5043 2962 5094 ἐκ
3012 5040 3104 5092 τοῦ
3139 5039 3378 5108 πολέμου
3435 5037 3679 5090 κάκωσιν

2105 5134 2197 5186 καὶ
2224 5134 2314 5185 τὸν
2348 5133 2696 5202 ἀφανισμὸν),
2715 5135 2976 5188 διδάσκων
3008 5136 3088 5185 ὅτι
3114 5131 3334 5198 γέγονεν
3355 5128 3445 5180 ἐπὶ
3463 5128 3676 5200 θύραις,

2106 5225 2440 5292 συμϐήσεται
2496 5224 2574 5287 δὲ,
2622 5225 2716 5276 καὶ
2759 5225 2856 5274 οὐκ
2886 5223 2965 5284 είς
3020 5219 3255 5290 μακράν,
3311 5217 3591 5283 σαλπίζειν
3617 5214 3678 5273 εὖ

2110 5317 2256 5386 μάλα
2290 5316 2645 5386 προστέταχε,
2680 5315 2773 5366 καὶ
2804 5314 2908 5383 πρό
2934 5329 2996 5380 γε
3034 5312 3141 5364 τῶν
3170 5311 3344 5366 ἄλλων
3399 5311 3494 5364 ἐπὶ
3552 5312 3680 5374 τοὺς

2104 5409 2212 5460 τῶν
2237 5407 2468 5460 είδώλων
2497 5408 2693 5470 τόπους
2722 5425 2731 5434 ·
2753 5407 2785 5476 ἦ
2814 5406 2889 5468 ὼς
2913 5406 3036 5458 ὅσον
3059 5405 3266 5458 οὐδέπω
3292 5401 3684 5475 καταπρησθῆ-

2103 5499 2292 5552 σεσθαὶ
2344 5499 2631 5569 μέλλοντας
2691 5499 2786 5551 καὶ
2849 5497 3330 5568 σεισθησομένους,
3381 5496 3545 5567 ἦγουν
3594 5495 3681 5547 ὅτι

2101 5590 2386 5658 γεγόνασιν
2437 5588 2588 5643 αὐτοὶ
2639 5587 2731 5643 τοῦ
2791 5587 3025 5660 πολέμου
3077 5587 3348 5659 πρόφασις
3419 5585 3511 5639 καὶ
3578 5582 3679 5653 τῆς
