4012 6214
365 307 464 360 H9

1279 314 1824 373 COMMENTARIUS
1865 316 1929 370 IN
1969 312 2197 370 OSEAM
2239 308 2674 364 PR-OPIIETAM.
3511 312 3626 364 ιδυ-

362 423 662 483 ὰνηκέστου
700 429 982 496 συμφορᾶς
1013 429 1118 490 τοῖς
1152 430 1608 501 πεπλανημένοις.
1645 435 1812 486 ’Ὁταν
1844 429 1929 486 οὖν

2041 432 2326 484 Sciendum
2373 447 2498 486 vero
2559 432 2688 482 alios
2740 431 3254 499 interpretes,quod
3305 431 3494 483 attinet
3547 435 3610 484 ad

360 513 493 584 λέγῃ
526 515 586 566 τὸ
619 516 810 585 χρῆναι
841 517 1120 581 σαλπίζειν
1151 520 1244 572 ἐπὶ
1289 523 1411 584 τοὺς
1445 525 1686 591 βουνοὺς,
1721 526 1812 576 καὶ
1843 525 1934 578 ἐπὶ

359 607 427 660 τὰ
473 608 678 676 ὑψηλὰ,
721 611 814 661 καὶ
853 610 910 661 ὲν
962 612 1039 680 τῷ
1068 613 1199 682 οτκῳ
1234 615 1346 676 Ὧν,
1394 616 1519 677 τοὺς
1552 616 1659 670 τῶν
1705 617 1934 669 εἰδώλων

362 699 574 766 νοήσεις
597 699 811 762 τόπους.
854 701 1048 753 Ἰστέον
1071 703 1147 765 δὲ,
1194 705 1274 756 ὅτι
1309 709 1422 768 τοῖς
1459 706 1636 770 ἄλλοις
1670 709 1933 777 ὲρμηνευ·

361 791 474 850 ταῖς
509 791 588 849 εἰς
625 790 704 853 τὸ,
742 791 862 844 «Ἐν
888 791 967 861 τῷ
998 793 1129 863 οἴκῳ
1165 796 1310 856 Ὤν,›
1348 797 1408 848 οὐ
1447 797 1849 867 συνηνέχθησαν
1884 799 1932 850 οἱ

372 882 800 950 Ἑϐδομήκοντα.
841 886 904 938 Οἱ
938 887 1037 954 μὲν
1087 889 1196 954 γὰρ
1249 890 1530 960 εἰρήκασιν
1562 906 1575 920 '
1611 910 1628 941 ι
1663 892 1756 954 Et;
1786 886 1934 942 οἷκον

360 971 690 1038 ἀνωφελοῦς,
717 992 735 1023 ι
776 975 1071 1039 τουτέστιν,
1102 978 1318 1031 εἰδώλου
1351 981 1570 1042 παντός’
1601 983 1650 1034 οἱ
1681 982 1759 1043 δὲ,
1800 1001 1817 1032 ι
1845 983 1934 1035 Ἐν

359 1062 434 1132 τῷ
466 1064 603 1133 οἴκῳ
638 1052 755 1118 Ὠν.
802 1085 823 1116 ι
867 1067 1177 1137 Οίησὸμεθα
1205 1070 1269 1139 δὴ
1300 1065 1413 1136 οὖν,
1444 1074 1619 1124 ἐκεῖνο
1649 1072 1933 1142 βούλεσθαι

360 1155 473 1206 νυνὶ
497 1155 588 1206 τὸν
615 1159 948 1227 προφητικὸν
973 1161 1104 1228 ἡμῖν
1131 1161 1479 1234 ὑποσημῆναι
1507 1163 1684 1232 λόγον,
1713 1165 1794 1217 ὅτι
1828 1165 1933 1235 χρὴ

360 1245 645 1309 σαλπίζειν
689 1249 906 1314 αὐτοὺς,
938 1252 1037 1304 οὐκ
1072 1252 1164 1305 ἐπὶ
1192 1255 1384 1322 μόνους
1418 1257 1543 1318 τοὺς
1579 1256 1799 1326 βουνοὺς
1840 1257 1933 1308 καὶ

356 1336 422 1389 τὰ
453 1337 655 1407 ὑψηλὰ,
689 1341 985 1405 τουτέστιν,
1030 1343 1087 1395 οὐ
1142 1344 1281 1396 κατὰ
1315 1346 1480 1417 μόνης
1523 1348 1621 1417 τῆς
1655 1347 1933 1399 εἰδωλολα-

354 1428 512 1496 τρίας
538 1430 633 1482 τοῦ
674 1433 917 1502 Ἰσραὴλ,
971 1436 1087 1504 ἦτοι
1140 1436 1248 1488 τῶν
1292 1437 1420 1490 δέκα
1484 1439 1666 1507 φυλῶν
1711 1440 1820 1492 τῶν
1877 1441 1932 1492 ἐν

357 1519 659 1590 Σαμαρείᾳ,
693 1523 827 1576 ἀλλὰ
855 1524 948 1577 καὶ
982 1525 1118 1578 κατὰ
1148 1526 1349 1596 ταύτης
1383 1529 1479 1598 τῆς
1533 1529 1703 1598 οὔσης
1737 1532 1793 1583 ἐν
1822 1533 1931 1594 τοῖς

370 1606 762 1679 Ἱεροσολύμοις
785 1611 938 1682 παρά
987 1629 1045 1665 τε
1080 1613 1157 1683 τῷ
1195 1615 1364 1686 Ἰούδα.
1413 1618 1506 1669 καὶ
1544 1617 1620 1686 τῷ
1651 1617 1928 1687 Βενιαμίν.

367 1698 738 1768 Προσεκῦνουν
768 1703 897 1774 γὰρ,
934 1705 1007 1768 ὡς
1035 1705 1190 1774 ἔφην,
1221 1705 1297 1776 τῷ
1325 1706 1456 1777 ἡλίῳ
1487 1709 1608 1776 (Ὣν
1650 1708 1704 1760 δέ
1732 1710 1878 1761 ἐστιν
1903 1710 1930 1760 6

364 1790 715 1859 ἧλιος),Θεδν
756 1795 1068 1863 ῥιπτοῦντες
1107 1798 1358 1860 κατόπιν,
1396 1799 1487 1851 καὶ
1518 1801 1926 1871 ἀποστρεφόμε-

363 1896 439 1932 νοι
465 1884 529 1935 τὰ
565 1884 754 1937 αὐτοῦ.
781 1885 950 1938 Τοῦτο
1005 1888 1111 1957 γὰρ
1162 1884 1312 1958 οἶμαι
1352 1889 1564 1959 δηλοῦν,
1596 1891 1656 1943 τὸ
1693 1891 1835 1961 ἔχειν
1864 1893 1932 1945 τὰ

359 1975 580 2026 ὀπίσθια
614 1977 752 2046 πρὸς
778 1978 868 2030 τὸν
891 1979 1016 2031 ναὸν
1047 1981 1272 2051 Κυρίου,
1303 1982 1395 2035 καὶ
1431 1982 1498 2034 τὰ
1519 1983 1784 2050 πρόσωπα
1833 1985 1929 2037 αὺ-

356 2063 466 2115 τῶν
496 2065 776 2130 ἀπέναντι,
810 2067 966 2137 δῆλον
997 2070 1051 2122 δὲ
1086 2071 1167 2124 ὅτι
1220 2070 1314 2123 τοῦ
1354 2071 1521 2141 ἡλίου.
1553 2074 1718 2125 Ὅταν
1754 2073 1931 2127 τοίνυν

359 2155 598 2226 ἀκούσῃς
642 2158 721 2222 τὸ,
781 2179 798 2209 ι
831 2158 1017 2231 Ἐντῷ
1045 2163 1176 2232 οἴκῳ
1217 2164 1315 2216 Ὣν
1337 2207 1348 2226 ,
1392 2183 1408 2216 ι
1469 2160 1616 2218 οἷκον
1646 2165 1677 2236 ἢ
1707 2167 1931 2237 τέμενος

339 2247 573 2313 ’νοήσεις
617 2248 739 2300 θεοῦ
769 2250 1118 2321 ψευδωνύμου
1153 2255 1350 2317 παντὸς
1387 2256 1481 2309 καὶ
1538 2258 1928 2329 πεποιημένου,

358 2339 475 2406 ﬁta:
496 2338 594 2389 τοῦ
627 2340 795 2408 ἡλίου.
841 2343 1075 2396 Ἄτοπον
1118 2345 1175 2398 δὲ
1230 2346 1399 2412 οὐδὲν,
1439 2347 1470 2418 ἢ
1504 2349 1764 2402 ἀπίθανον
1792 2345 1930 2405 εἷναί

359 2447 432 2497 τῳ
468 2429 672 2486 δόξειεν
707 2432 792 2495 ἂν,
823 2430 969 2486 οἷκον
1003 2436 1152 2505 ἡλίου
1180 2438 1302 2500 τοὺς
1334 2438 1467 2508 ἡλίῳ
1492 2441 1930 2510 προσκυνοῦντας

355 2521 589 2572 νοεῖσθαί
650 2539 708 2574 τε
759 2524 850 2576 καὶ
887 2526 1267 2595 ὀνομάζεσθαι,
1324 2531 1572 2602 καθάπερ
1601 2533 1793 2602 ᾁμέλει
1839 2535 1930 2586 καὶ

355 2607 497 2673 οἶκος
529 2613 666 2666 Θεοῦ
690 2617 930 2686 νοηθεῖεν
961 2618 1024 2671 ἂν
1051 2622 1096 2671 οἱ
1127 2620 1194 2672 τὰ
1235 2621 1397 2674 αὑτοῦ
1429 2623 1780 2691 φρονοῦντες,
1839 2624 1930 2676 καὶ

359 2704 502 2772 αὐτῷ
530 2705 591 2756 τὸ
618 2705 780 2770 σέϐας
812 2709 1158 2773 ἀνάπτοντες.
1220 2713 1279 2764 Ei
1308 2712 1364 2764 δὲ
1419 2713 1656 2781 βούλοιτό
1715 2733 1799 2778 τις
1836 2716 1929 2769 καὶ

359 2793 452 2862 τὴν
474 2794 709 2863 δάμαλιν
744 2797 841 2866 τὴν
894 2798 1100 2867 χρυσῆν
1136 2799 1231 2850 Ὧν
1273 2799 1670 2864 ὀνομάζεσθαι,
1712 2803 1928 2873 φορέσει

357 2884 448 2935 καὶ
472 2884 645 2948 οὕτως
672 2883 733 2936 τὸ
771 2886 990 2940 πιθανὸν
1019 2890 1047 2940 6
1083 2889 1258 2956 λόγος.
1307 2890 1364 2942 '0
1405 2891 1502 2960 μὲν
1533 2891 1640 2962 γὰρ
1674 2892 1930 2962 θεομισὴς

368 2974 647 3044 Ἱεροὸοᾶμ
679 2975 813 3045 πρὸς
861 2976 922 3029 τὸ
956 2978 1061 3030 τῶν
1104 2981 1413 3046 Αἰγυπτίων
1450 2981 1632 3045 σέϐας,
1681 2984 1822 3052 φημὶ
1867 2984 1928 3055 δὴ

2038 520 2163 572 illud
2201 521 2282 572 ciu
2307 521 2461 573 domo
2495 520 2621 582 63v,»
2665 535 2766 573 non
2793 520 3077 573 convenire
3104 521 3610 588 cumScptuaginla.

2037 609 2168 662 Nam
2206 610 2277 662 illi
2318 613 2745 663 transtulerth
2793 611 2844 663 in
2881 610 3096 663 domum
3160 610 3386 674 inutilis,
3425 629 3442 660 ι
3508 611 3607 664 hoc

2035 711 2137 766 est,
2195 704 2370 755 omnis
2423 702 2570 754 idoli.
2624 703 2720 755 Ast
2778 702 2854 765 hi,
2889 721 2902 752 ι
2938 701 2986 754 in
3037 703 3194 755 dumo
3224 701 3318 753 ὧν.
3357 720 3372 748 ι
3432 703 3612 766 Quare

2035 791 2465 847 existimabimus
2509 789 2634 842 illud
2699 805 2842 844 nunc
2897 791 3263 859 propheticum
3308 803 3611 843 sermonem
3653 853 3660 859 _

2035 883 2172 938 velle
2225 889 2471 950 oportere
2524 881 2644 935 illos
2701 895 2916 945 cauere,
2951 896 3053 934 non
3084 896 3246 949 super
3274 881 3437 936 colles
3500 893 3611 933 lan-

2039 981 2230 1026 tumet
2275 985 2438 1040 super
2473 970 2707 1033 excelsa,
2745 972 2846 1025 hoc
2895 983 2996 1038 est,
3036 987 3139 1025 non
3191 983 3376 1026 contra
3440 971 3610 1028 solam

2038 1064 2392 1118 idolulatriam
2434 1063 2665 1128 lsraelis,
2704 1067 2816 1119 sive
2867 1067 3048 1120 decem
3101 1066 3336 1120 tribuum
3392 1068 3442 1119 in
3507 1066 3604 1119 Sa-

2038 1158 2205 1210 maria
2233 1198 2246 1220 ,
2277 1156 2368 1210 sed
2402 1167 2590 1210 contra
2643 1172 2762 1212 eam
2795 1171 3008 1226 quoque
3061 1173 3183 1226 qua:
3213 1169 3329 1210 erat
3366 1155 3609 1209 Hieroso-

2038 1246 2194 1317 lymis
2245 1249 2382 1314 apud
2411 1247 2605 1301 Judam
2645 1257 2699 1301 et
2729 1247 3002 1317 Benjamin
3033 1267 3044 1302 :
3082 1249 3380 1302 adnranant
3413 1250 3608 1316 quippe

2035 1340 2222 1403 solem,
2261 1350 2319 1392 ut
2355 1341 2463 1393 dixi
2492 1339 2601 1410 (ὢν
2623 1350 2798 1394 autem
2843 1348 2926 1394 est
2958 1339 3033 1394 sol
3068 1342 3122 1408 ),
3159 1340 3324 1393 Deum
3357 1349 3475 1408 post
3508 1348 3609 1392 ter-

2035 1447 2157 1500 gum
2193 1431 2556 1500 projicientes,
2593 1442 2646 1486 et
2675 1447 2828 1486 sacra
2865 1431 2979 1499 ejus
3016 1439 3350 1484 aversantes.
3383 1429 3491 1481 lloc
3534 1430 3604 1480 si-

2035 1525 2249 1591 quidem
2317 1526 2508 1594 opinor
2558 1524 2864 1593 significare
2948 1523 3089 1591 quod
3161 1521 3456 1589 posteriora
3511 1535 3605 1571 sua

1999 1635 2006 1652 ι
2035 1617 2378 1670 obverterent
2423 1616 2618 1685 templo
2654 1616 2885 1681 Domini,
2912 1625 2967 1669 et
3016 1614 3183 1670 facies
3229 1629 3355 1668 suas
3387 1621 3606 1674 contra,
3637 1668 3642 1669 γ

2037 1708 2174 1762 haud
2198 1708 2380 1773 dubie,
2416 1716 2598 1761 contra
2629 1707 2966 1760 solennCum
2985 1707 3146 1776 igitur
3178 1705 3351 1768 audis,
3379 1722 3396 1752 ι
3425 1705 3476 1756 in
3511 1703 3606 1755 do-

2038 1814 2124 1852 mo
2179 1797 2276 1862 ὢν,
2311 1815 2328 1848 ι
2377 1798 2556 1850 fanum
2597 1806 2684 1850 aut
2721 1796 2803 1850 dei
2851 1797 3060 1865 penitus
3110 1796 3230 1850 falsi
3276 1804 3330 1848 et
3361 1795 3488 1856 ficti,
3517 1801 3619 1846 ant-

2035 1891 2164 1944 solis
2215 1888 2468 1958 intelligo.
2543 1887 2685 1941 Nihil
2736 1902 2894 1956 porro
2951 1886 3242 1941 absurdqu
3290 1894 3381 1938 aut
3436 1886 3608 1938 incre—

2035 1982 2196 2036 dibile
2232 1981 2458 2050 cuipiam
2510 1980 2767 2043 videatur,
2836 1980 3052 2033 domum
3105 1978 3234 2032 solis
3283 1976 3502 2044 intelligi
3553 1985 3605 2027 et

2034 2075 2290 2144 appellari
2340 2074 2403 2126 iis
2451 2072 2542 2140 qui
2568 2072 2735 2124 solem
2778 2070 3027 2135 adorant,
3067 2069 3518 2138 quemadmodum
3555 2077 3605 2119 et

2033 2163 2248 2218 domum
2287 2163 2377 2216 Dei
2439 2160 2516 2215 fas
2547 2170 2629 2214 est
2672 2159 2973 2228 intelligi-rc
3027 2171 3120 2212 eos
3163 2159 3250 2226 qui
3311 2171 3429 2225 qua:
3481 2165 3604 2208 sunt

2036 2256 2179 2312 illius
2228 2257 2475 2325 sapiunt,
2505 2257 2818 2323 cultumque
2861 2267 2923 2306 ac
2981 2250 3381 2305 venerationem
3429 2247 3604 2302 eidem

2033 2349 2369 2418 impendunt.
2407 2348 2558 2414 Quod
2615 2347 2657 2401 si
2699 2346 2784 2400 cui
2859 2343 3113 2414 placebit,
3162 2342 3324 2394 etiam
3380 2340 3602 2393 vitulum

2032 2451 2252 2490 aureum
2302 2436 2377 2489 ὣν
2425 2438 2628 2503 vocari,
2682 2445 2736 2490 et
2786 2435 2865 2490 sic
2922 2431 3218 2503 probabilis
3258 2429 3364 2486 erit
3408 2428 3600 2482 oratio.

2033 2529 2142 2583 Deo
2189 2529 2330 2583 enim
2374 2529 2579 2584 invisus
2635 2527 2924 2582 Jeroboam
2971 2526 3038 2578 ad
3079 2522 3383 2590 exemplum
3440 2519 3607 2589 [Egy-

2033 2621 2126 2689 ptii
2146 2621 2398 2682 numinis,
2423 2621 2551 2688 Apis
2579 2619 2845 2682 videlicet,
2867 2616 3058 2670 vitulos
3093 2613 3349 2669 conflavit
3380 2652 3395 2665 .
3423 2611 3594 2664 llono-

2034 2719 2220 2765 rarunt
2250 2719 2426 2765 autem
2451 2709 2686 2780 Egyptii
2710 2709 2888 2777 Apim,
2917 2706 3055 2760 luna:
3084 2704 3248 2758 lilium
3275 2710 3595 2757 asserentes.

2032 2799 2291 2866 Quocirca
2311 2800 2512 2854 etlunze
2533 2799 2818 2869 imaginem
2840 2797 3049 2866 signum
3080 2794 3317 2849 referens
3348 2793 3398 2846 in
3427 2791 3603 2845 fronte

2033 2892 2284 2955 habebat,
2319 2901 2374 2947 et
2411 2892 2564 2959 quasi
2629 2889 2762 2945 solis
2813 2898 3057 2958 nepotem
3117 2885 3410 2940 credebant
3461 2896 3599 2947 esse,

2032 2983 2194 3050 quod,
2226 2991 2283 3036 ut
2323 2983 2420 3052 ipsi
2472 2983 2750 3051 putabant,
2783 2995 2812 3033 a
2856 2979 2969 3034 sole
3006 2978 3133 3032 luna
3188 2975 3600 3029 illuminaretur.

357 3066 446 3117 τὸν
479 3067 667 3129 Ἀπιν,
698 3069 799 3130 τὰς
844 3068 1104 3138 δαμάλεις
1143 3071 1444 3140 εἰργάζετο.
1494 3073 1829 3143 ἰἐτιμήκασι
1870 3076 1927 3126 δὲ

2034 3075 2393 3142 Quamobrem
2443 3085 2498 3126 ut
2524 3073 2660 3128 lunze
2689 3073 2907 3140 quidem
2939 3072 3129 3137 tilium,
3159 3069 3291 3125 solis
3328 3082 3455 3123 vero
3487 3076 3578 3121 tan

355 3157 443 3208 τὸν
481 3159 643 3210 Ἀπιν
665 3159 970 3228 Αἰγύπτιοι,
999 3161 1227 3232 σελήνης
1258 3163 1354 3232 μὲν
1376 3163 1564 3216 τέκνον
1595 3162 1728 3217 εἶναι
1750 3166 1931 3233 λέγον-

355 3266 445 3311 τες
485 3251 782 3320 (τοιγάρτοι
832 3253 927 3305 καὶ
984 3253 1257 3322 μηνοειδὲς
1286 3254 1377 3305 ἐπὶ
1407 3253 1658 3322 μετώπου
1683 3251 1794 3324 εἶχε
1833 3273 1928 3324 ση-

360 3343 554 3408 μεῖον).
595 3344 814 3410 ἔκγονον
839 3345 895 3398 δὲ
930 3345 1120 3416 ὥσπερ
1160 3346 1310 3417 ἡλίου
1374 3348 1719 3410 πιστεύοντες
1769 3346 1928 3413 εῖναι,

355 3433 442 3485 διὰ
470 3436 549 3496 τὸ,
585 3437 788 3504 κατά-δέ
811 3437 870 3488 τὸ
891 3438 1069 3500 αὐτοῖς
1089 3437 1297 3502 δοκοῦν,
1316 3439 1374 3505 ἐξ
1408 3438 1553 3508 ἡλίου
1584 3440 1680 3509 τὴν
1705 3439 1930 3509 σελήνην

363 3527 530 3590 sunt;
537 3545 557 3578 ε
569 3529 707 3581 σθαι.
737 3529 944 3581 Οὐκοῦν
980 3529 1052 3592 ὡς
1079 3532 1306 3603 σελήνης
1333 3532 1428 3602 μὲν
1452 3532 1662 3595 τέκνον,
1704 3532 1853 3600 ἡλίου
1875 3531 1930 3583 δὲ

357 3617 576 3683 ἔκγονον
600 3619 800 3688 ἐτίμων
831 3620 922 3673 τὸν
955 3621 1138 3674 Ἆπιν.
1178 3621 1506 3692 Ἀπεκόμιζε
1533 3623 1588 3675 δὲ
1618 3623 1813 3684 αὐτοὺς
1854 3622 1932 3684 είς

355 3708 509 3761 τοῦτο
533 3711 594 3779 δὴ
629 3712 831 3781 πλάνης
869 3712 959 3764 καὶ
989 3712 1260 3782 λογισμῶν
1277 3712 1592 3782 ἀθλιότητος
1633 3716 1662 3766 6
1692 3712 1933 3781 πολυμή-

357 3817 515 3867 χανος
571 3801 807 3870 δράκων,
838 3802 1116 3854 τουτέστιν
1149 3804 1176 3854 6
1206 3803 1467 3865 Σατανᾶς.
1517 3802 1810 3865 Σαλπίζειν
1840 3798 1932 3854 οὖν

355 3889 458 3956 ἄρα
494 3889 865 3959 προστέταχεν
892 3890 981 3941 ἐπὶ
1013 3889 1136 3951 τοὺς
1187 3891 1427 3959 βουνοὺς,
1469 3891 1562 3944 καὶ¹
1608 3890 1676 3942 τὰ
1714 3889 1890 3961 ὑψηλὰ
1915 3930 1930 3956 ,

358 3979 450 4029 καὶ
479 3981 535 4030 ἑν
566 3979 644 4049 τῷ
673 3982 806 4049 οἴκῳ
831 3982 950 4043 Ὢν,
968 3982 1212 4034 τουτέστι
1237 3983 1333 4050 τῆς
1357 3981 1640 4052 δαμάλεως
1665 3981 1766 4052 τῆς
1794 4000 1930 4052 χρυ-

356 4069 472 4134 εῆς.
512 4071 646 4122 [Ιοῐα
672 4071 725 4122 δὲ
759 4066 825 4139 ἦν
855 4071 963 4140 ἄρα
1005 4071 1073 4123 τὰ
1112 4072 1311 4139 ἀμφοῖν
1351 4069 1703 4140 ἐγκλήματα,
1759 4073 1850 4123 καὶ
1903 4072 1931 4122 6

352 4160 446 4212 τοῦ
486 4164 684 4232 χρῆναι
738 4163 1059 4226 κολάζεσθαι
1110 4163 1286 4230 λόγος,
1333 4163 1652 4231 καθίστησιν
1678 4165 1924 4233 ἐναργὲς,

348 4255 633 4322 ἐπιφέρων
670 4254 854 4317 εὐθύς·
909 4274 927 4304 ι
987 4255 1204 4323 Ἐξὲστη
1238 4255 1510 4323 Βενιαμὶν,
1549 4274 1567 4305 ι
1618 4255 1740 4307 ἀντὶ
1798 4255 1926 4320 τοῦ,

348 4346 474 4397 Τῶν
509 4346 652 4399 ἰδίων
685 4347 1080 4416 ὲκπεφοίτηκεν
1115 4345 1248 4398 ἐθῶν
1274 4385 1286 4408 ,
1333 4346 1499 4415 ἤγουν
1521 4385 1535 4408 ,
1565 4345 1663 4413 τῆς
1694 4346 1923 4415 ἀρίστης

2035 3180 2196 3234 quam
2248 3175 2494 3234 nepotem
2541 3163 2836 3219 honoribus
2891 3163 3048 3232 Apim
3113 3161 3602 3230 prosequebantur.

2035 3254 2091 3308 In
2126 3255 2266 3309 hanc
2307 3255 2507 3309 erroris
2547 3255 2968 3322 opinionumque
3000 3253 3268 3308 miseriam
3315 3250 3600 3303 multorum

2034 3347 2369 3401 machinator
2416 3347 2600 3410 draco,
2627 3355 2751 3414 puta
2785 3344 3038 3407 Satanas,
3083 3357 3178 3396 eos
3223 3341 3466 3394 abduxit.
3514 3337 3602 3392 Ju-

2035 3439 2123 3491 bet
2166 3453 2294 3504 ergo
2331 3453 2528 3492 cauere
2555 3439 2681 3489 tuba
2708 3450 2868 3504 super
2913 3433 3078 3488 colles
3108 3441 3162 3486 et
3189 3430 3423 3494 excelsa,
3458 3441 3512 3483 et
3541 3431 3594 3483 in

2033 3528 2191 3582 domo
2215 3528 2311 3592 ὢν,
2343 3529 2456 3598 88
2493 3529 2591 3582 hoc
2627 3536 2732 3592 est,
2769 3527 2921 3580 vituli
2954 3525 3126 3578 aurci.
3167 3523 3370 3578 Deinde
3416 3521 3600 3576 statim

2035 3637 2153 3690 qua:
2198 3621 2303 3674 sint
2334 3622 2614 3674 amborum
2675 3620 2878 3672 scelera
2926 3626 2979 3671 et
3021 3617 3155 3670 ratio
3204 3631 3375 3686 preme
3425 3615 3598 3668 mani-

2035 3712 2212 3766 festat.
2250 3730 2268 3761 ι
2302 3711 2475 3766 Mente
2508 3711 2719 3764 excedit
2740 3709 3038 3778 Beniamin,
3069 3728 3087 3760 ι
3121 3723 3236 3779 pro,
3270 3722 3447 3761 mores
3477 3721 3602 3759 suos

2034 3804 2292 3870 deseruit,
2319 3819 2412 3857 seu
2441 3804 2653 3871 optimze
2683 3802 2894 3855 vivendi
2929 3817 3131 3856 norma:
3160 3799 3446 3861 valedixit;
3476 3813 3601 3851 vere

2033 3896 2174 3950 enim
2218 3896 2316 3950 hoc
2355 3897 2519 3949 verbo
2554 3897 2605 3948 in
2657 3895 2854 3948 malum
2887 3893 3111 3948 mutatio
3139 3890 3357 3958 intelligi
3399 3894 3596 3956 potest.

2037 4004 2055 4037 ι
2087 3986 2151 4039 Ει
2181 3985 2431 4053 Ephraim
2469 3987 2742 4041 desolatus
2772 3996 2872 4039 est.
2909 4003 2926 4035 ι
2969 3983 3347 4037 Verumtamen
3383 3995 3486 4032 non
3528 3980 3596 4031 ita

2035 4078 2146 4131 hare
2195 4092 2426 4146 semper,
2459 4078 2651 4146 inquit.
2690 4097 2706 4128 ι
2737 4077 2789 4130 In
2836 4077 3026 4129 diebus
3057 4074 3200 4128 enim
3243 4069 3599 4137 correptionis

2033 4169 2238 4234 peccati
2280 4169 2556 4222 amborum
2599 4170 2808 4223 ostendi
2863 4168 3060 4230 fidelia,
3096 4185 3114 4216 ι
3154 4166 3338 4220 firmos
3361 4171 3414 4217 et
3443 4177 3599 4216 veros

2032 4262 2408 4316 demonstrans
2436 4275 2710 4314 sermones
2753 4275 2920 4314 meos.
2949 4259 3301 4327 Contigerunt
3328 4257 3471 4310 enim
3496 4254 3599 4307 illis

2033 4367 2150 4420 qua:
2183 4350 2293 4418 jam
2337 4352 2579 4420 prtedixi,
2611 4351 2851 4419 nihilque
2895 4349 3180 4402 verborum
3212 4361 3454 4401 meorum
3506 4360 3600 4399 cos

350 4437 630 4489 άπώλισθε
659 4439 872 4508 φρενός.
903 4438 1072 4489 Τοῦτο
1104 4438 1210 4505 γὰρ
1240 4436 1453 4507 ἀληθῶς
1494 4438 1524 4506 ἡ
1557 4436 1812 4499 ἔκστασις
1839 4438 1929 4489 ἐπὶ

2039 4443 2243 4498 fefellit.
2278 4442 2348 4496 Ut
2387 4445 2528 4498 enim
2560 4460 2586 4497 a
2615 4445 2852 4497 moribus
2892 4441 3128 4510 antiquis
3161 4447 3518 4502 recesserunt,
3545 4445 3600 4490 et

352 4528 535 4595 φαῦλα
580 4533 772 4582 νοοῖτο.
837 4549 853 4580 ι
897 4529 1303 4598 Κατηνράνισται
1363 4529 1418 4580 δὲ
1464 4530 1556 4580 καὶ
1617 4529 1870 4600 Ἐφραῖμ.
1905 4550 1921 4581 ι

353 4621 497 4691 Πλὴν
529 4623 626 4690 οὐχ
651 4621 792 4673 οὕτω
817 4621 990 4673 ταῦτα
1032 4621 1116 4672 διὰ
1154 4621 1354 4683 παντός
1388 4637 1552 4688 φησιν
1573 4635 1586 4649 ·
1621 4640 1637 4669 ι
1686 4621 1775 4673 Ἐν
1822 4621 1929 4692 γὰρ

351 4715 585 4781 ἡμέραις
637 4714 859 4781 ἐλέγχου
915 4716 1014 4782 τῆς
1070 4714 1270 4780 ἀμφοῖν
1327 4711 1703 4781 πλημμελείας
1753 4712 1928 4778 ἔδειξα

2036 4536 2228 4588 bonam
2271 4545 2502 4590 mentem
2543 4537 2863 4598 amiserunt,
2891 4535 3057 4587 etiam
3108 4533 3327 4600 regione
3362 4544 3458 4584 sua
3489 4527 3599 4596 pul-

2035 4625 2079 4677 si
2116 4632 2258 4688 sunt,
2298 4634 2352 4678 et
2393 4624 2643 4678 similiter
2673 4625 2936 4680 charitatc
2969 4624 3061 4678 Dei
3107 4631 3159 4676 et
3204 4620 3347 4676 onmi
3381 4633 3600 4688 prospe-

2037 4717 2193 4771 ritate
2233 4719 2570 4772 exciderunt.

353 4804 538 4863 πιστὰ,
569 4823 586 4853 ι
615 4804 862 4873 βεϐαίους
915 4804 1008 4856 καὶ
1043 4804 1260 4873 ἀληθεῖς
1279 4805 1408 4866 τοὺς
1475 4805 1641 4873 ἐμοὺς
1703 4806 1987 4878 ἀποφήνας
2027 4811 2234 4879 λόγους.
2271 4812 2588 4882 Συμϐέϐηκε
2623 4813 2730 4881 γὰρ
2759 4812 2938 4872 αὐτοῖς
2959 4853 2970 4874 ,
3000 4812 3142 4880 ἅπερ
3181 4811 3280 4879 ἤδη
3309 4811 3598 4878 προεῖπον,

349 4899 442 4949 καὶ
473 4899 626 4950 οὐδὲν
674 4898 981 4967 διέψευσται
1027 4901 1131 4950 τῶν
1178 4901 1343 4968 ἐμῶν,
1384 4901 1600 4969 Ἐπειδὴ
1645 4901 1754 4972 γὰρ
1820 4903 2112 4976 ἐξέστησαν
2167 4907 2275 4960 τῶν
2339 4909 2583 4978 ἀρχαίων
2648 4908 2807 4970 ἐθῶν,
2831 4908 2921 4959 καὶ
2986 4906 3176 4976 φρενὸς
3217 4905 3322 4969 ἔξω
3371 4903 3599 4972 γεγόναο

355 5006 437 5040 σιν
464 4992 692 5060 ἀγαθῆς,
725 4991 1037 5062 ἐξώσθησαν
1091 4995 1180 5046 καὶ
1225 4995 1388 5063 αὐτῆς
1427 4994 1524 5064 τῆς
1576 4997 1784 5049 ἑαυτῶν
1844 4998 2046 5071 χώρας,
2100 5003 2194 5055 καὶ
2248 5004 2709 5056 ἁποπεπτώκασιν
2758 5002 2956 5072 ὁμοίως
2982 5003 3079 5072 τῆς
3109 5004 3186 5065 είς
3215 5002 3345 5055 Θεὸν
3381 5001 3600 5069 ἀγάπης

355 5086 444 5135 καὶ
475 5087 654 5156 πάσης
697 5087 1014 5158 εὐημερίας.

425 5175 653 5243 Ἐψεται
685 5177 741 5228 δὲ
770 5179 862 5230 καὶ
894 5179 1094 5248 ἑτέρως
1139 5182 1247 5243 τοῖς
1277 5180 1745 5250 καταλιμπάνουσι
1773 5182 1926 5246 Θεὸν,

353 5267 411 5315 τὸ
442 5266 752 5328 ἐξίστασθαι
791 5271 902 5321 δεῖν
937 5270 1032 5323 καὶ
1079 5272 1290 5341 ἀγαθῆς
1323 5273 1536 5343 ἁπάσης
1577 5275 1802 5340 ἐννοίας,
1837 5278 1929 5330 καὶ

355 5355 460 5424 μὴν
485 5359 574 5407 καὶ
599 5359 762 5426 ἔργον
787 5360 987 5423 παντὸς
1011 5361 1102 5414 τοῦ
1136 5363 1512 5433 τετραμμένου
1539 5365 1672 5435 πρὸς
1705 5367 1925 5436 ἀρετήν·

353 5447 664 5502 Ηαδιοῦνται
719 5451 776 5502 δὲ
833 5452 967 5521 πρὸς
1008 5455 1310 5524 ἀφανισμὸν
1357 5455 1664 5526 ὲλέγχοντός
1715 5475 1773 5509 τε
1841 5461 1931 5512 καὶ

352 5539 710 5608 ἐπιτιμῶντος
765 5543 904 5595 Θεοῦ
932 5584 943 5605 ,
981 5546 1070 5596 κοιλ¹
1127 5547 1227 5614 τῆς
1276 5546 1549 5618 ῥᾳθυμίας
1582 5549 1925 5615 ἐξαιτοῦντος

353 5629 520 5692 δίκας.
555 5634 840 5703 Χρήσιμον
872 5632 963 5688 οὖν
1011 5635 1114 5707 ἄρα
1141 5679 1152 5701 ,
1191 5639 1282 5690 καὶ
1315 5640 1610 5705 ἀναγκαῖον
1646 5643 1722 5702 είς
1759 5641 1924 5710 ζωὴν,

353 5732 414 5768 ’.τι
469 5716 600 5775 εἶναι
641 5726 778 5794 μετὰ
825 5726 995 5792 Θεοῦ,
1050 5729 1204 5798 μόνον
1226 5729 1280 5782 δὲ
1337 5729 1453 5799 οὐχὶ
1498 5729 1557 5781 τδ
1593 5731 1647 5784 ἐν
1683 5733 1927 5801 Ψαλμοῖς

2098 5183 2362 5251 Sequetur
2407 5193 2584 5237 autem
2625 5182 2820 5253 alioqui
2858 5184 3022 5238 Deum
3069 5185 3500 5253 derelinquentes
3531 5185 3600 5238 ab

2028 5276 2172 5326 omni
2213 5273 2349 5326 bona
2381 5276 2702 5343 cogitatione
2726 5276 3003 5340 discessio,
3037 5285 3196 5345 atque
3224 5279 3356 5331 adeo
3397 5279 3462 5331 ab
3487 5291 3598 5329 om-

2029 5363 2080 5414 ni
2111 5378 2270 5432 opere
2303 5364 2367 5417 ad
2398 5365 2651 5419 virtutem
2693 5368 3015 5435 pertinente.
3054 5369 3115 5421 Et
3151 5369 3442 5437 proccdent
3497 5366 3596 5418 hn-

2022 5455 2254 5523 jnsmodi
2294 5457 2356 5508 ad
2387 5458 2770 5513 desolationem
2796 5500 2809 5524 ,
2853 5461 3178 5528 corripiente
3205 5468 3258 5513 et
3290 5460 3598 5522 increpante

2038 5552 2161 5616 nec,
2211 5562 2263 5608 et
2316 5555 2538 5624 ignavim
2604 5572 2795 5625 pmnas
2849 5567 3191 5626 exposcente.
3248 5552 3596 5605 Conducihile

2039 5644 2195 5709 igitur
2230 5655 2282 5698 et
2329 5648 2692 5701 necessarium
2754 5657 2833 5701 est
2867 5647 2934 5698 ad
2963 5647 3143 5705 vitam,
3174 5657 3292 5695 esse
3318 5656 3436 5696 cum
3469 5643 3595 5705 Deo,

2036 5744 2081 5787 ct
2120 5747 2319 5791 tantum
2367 5755 2467 5794 non
2509 5739 2633 5792 illud
2665 5755 2728 5792 ex
2766 5738 2995 5793 Psalmis
3040 5736 3303 5790 clamare:
3349 5752 3367 5784 ι
3400 5734 3598 5790 Adhae-

2381 5952 2405 5974 ἱ
