4012 6214
405 310 502 366 {Si

1391 307 1446 360 S.
1485 304 1756 382 CYlilLLl
1799 304 2267 362 ALEXANDRINI
2311 310 2624 368 ARCHIEP.

3543 328 3666 382 152'

403 431 472 480 sit
536 429 713 482 anima
779 441 895 480 mea
956 435 1079 494 post
1127 435 1176 479 te
1201 425 1313 479 ⁸³.»
1357 423 1630 493 Suscipiet
1698 424 1864 487 enim,
1919 433 1959 476 el

2075 429 2251 481 ἐκεῖνο
2282 428 2431 500 βοᾷν,
2472 449 2491 483 ι
2533 431 2866 503 Ἑκκολλήθη
2896 436 2927 504 ἡ
2958 434 3102 506 ψυχή
3140 455 3242 506 μου
3275 440 3451 493 ὀπίσω
3479 457 3594 495 σου.
3619 463 3638 494 ι

404 526 648 585 prompte
687 514 1035 584 cpitulabitur
1066 515 1283 568 dextera
1325 513 1724 582 Omnipotentis
1777 529 1807 569 e
1866 527 1967 582 qua

404 623 562 662 neruo
607 607 777 676 rapiet
805 605 871 670 “,
907 614 962 659 ut
1008 605 1252 660 Salvator
1283 614 1524 659 testatur.

474 780 636 834 Vens.
669 779 755 834 10.
790 779 941 833 Facti
974 791 1093 832 sum
1140 778 1394 846 principes
1430 777 1573 830 Juda
1617 778 1751 830 velut
1797 788 1967 832 trans-

400 883 642 939 ponenles
683 875 932 926 terminos
954 913 971 937 ,
1008 886 1160 938 super
1193 887 1276 923 eos
1303 870 1569 937 e/fuudam
1594 870 1725 922 sicut
1777 886 1967 937 aquam

400 963 650 1029 impetum
699 979 888 1017 meum.
1880 951 1885 956 ’

470 1050 624 1104 LVII.
695 1049 807 1104 lloc
847 1059 934 1104 est
985 1050 1274 1119 (quamvis
1323 1048 1422 1105 sub
1468 1048 1782 1118 involucro)
1823 1049 1966 1116 quod

397 1140 626 1206 dicebat,
661 1162 679 1193 ι
710 1143 921 1197 excedit
961 1150 1137 1195 mente
1170 1142 1468 1210 Benj=unin.
1509 1161 1525 1192 ι
1560 1138 1776 1194 Similes
1821 1139 1962 1191 enim

396 1235 632 1296 fuerunt,
665 1234 856 1303 inquit,
921 1234 1178 1288 terminos
1237 1231 1710 1295 transferentibus,
1741 1239 1795 1283 et
1834 1229 1967 1282 olim

394 1327 612 1380 deﬁnita
649 1326 948 1394 transgredi
1009 1324 1330 1379 volentibus.
1367 1324 1466 1389 Qui
1515 1323 1659 1376 enim
1712 1323 1808 1377 soli
1855 1321 1963 1375 Deo

391 1418 789 1482 convenientia,
827 1417 1182 1486 ipsiquejure
1237 1418 1446 1482 dicata,
1487 1415 1828 1477 charitatem,
1881 1415 1960 1466 in-

391 1523 576 1578 quam,
635 1509 929 1574 honorem,
960 1509 1326 1564 adorationcm
1369 1507 1488 1561 aliis
1533 1507 1793 1571 tribuunt,
1837 1506 1961 1572 quia

391 1600 530 1653 forte
564 1598 752 1661 solem,
774 1609 863 1652 aut
889 1597 1170 1664 lunam,'et
1199 1608 1340 1654 astra
1369 1599 1618 1668 precibus
1645 1597 1958 1662 sollicitant,

392 1689 523 1743 nihil
551 1704 734 1744 revera
763 1690 966 1744 faciunt
993 1690 1135 1744 aliud
1189 1704 1348 1758 quam
1381 1690 1522 1758 quod
1574 1689 1795 1742 υιιιηίιιο
1848 1695 1958 1742 ter-

2086 520 2457 592 Ἀντιλήψεται
2485 521 2594 592 γὰρ
2623 525 2742 576 τότε
2773 526 2866 578 καὶ
2895 527 3250 599 ἐπικουρήσει
3285 531 3581 602 προθύμως
3609 534 3644 603 ἡ

2071 608 2221 675 δεξιά
2257 609 2349 663 τοῦ
2383 610 2559 664 πάντα
2593 613 2899 682 ἰσχύοντος,
2949 616 3043 685 ἀφ’
3082 611 3150 687 ἧς
3185 618 3361 682 οὐδεὶς
3403 620 3644 691 ἁρπάσει

2071 699 2212 753 κατά
2236 701 2333 771 τὴν
2367 701 2459 754 τοῦ
2481 703 2730 774 Σωτῆρος
2759 707 2962 776 φωνήν.

2153 791 2463 859 Ἐγένοντο
2492 795 2545 846 oi
2572 794 2859 864 ἄρχοντες
2888 797 3081 852 Ἰούδα
3111 799 3191 862 ὡς
3235 801 3646 869 μετατιθέντες

2071 883 2214 950 ὅρια,
2251 885 2341 937 eu‘
2386 886 2603 951 αὐτοὺς
2634 887 2819 955 ἐκχεῶ
2847 890 2925 954 ὡς
2955 889 3108 958 ὕδωρ
3141 890 3207 944 τὸ
3246 891 3480 961 ὅρμημὰ
3500 911 3642 962 μου.

2120 1057 2240 1110 NZ'.
2257 1059 2423 1112 Τοῦτό
2440 1061 2586 1112 ἐστιν
2605 1061 3013 1130 αἰνιγματωδῶς
3027 1063 3107 1116 ἰδ’
3127 1063 3346 1134 Ἑξέστη
3366 1065 3641 1136 Βενιαμίν.

2070 1148 2330 1215 Γεγόνασι
2352 1149 2460 1219 γὰρ
2495 1153 2552 1204 ὲν
2587 1151 2704 1220 ἴσῳ,
2735 1153 2889 1223 φησὶ,
2931 1156 3044 1217 τοῖς
3100 1155 3460 1224 μετατιθεῖσιν
3497 1157 3642 1230 ὅρια,

2067 1242 2161 1292 καὶ
2193 1241 2539 1310 ὑπερϐαίνειν
2578 1243 2817 1296 ἐθέλουσι
2861 1243 2931 1298 τὰ
2984 1247 3152 1299 πάλαι
3179 1247 3530 1319 διωρισμένα.
3581 1251 3646 1303 Ut

2067 1332 2174 1401 γὰρ
2203 1332 2269 1384 τὰ
2305 1333 2451 1403 μόνῳ
2485 1333 2763 1404 πρέποντα
2817 1335 2895 1405 τῷ
2924 1336 3065 1406 Θεῷ,
3104 1339 3196 1392 καὶ
3242 1341 3391 1410 αὐτῷ
3420 1341 3648 1406 δικαίως

2066 1421 2488 1492 ἀνατεθειμένα,
2530 1423 2628 1493 τὴν
2671 1426 2892 1496 ἀγάπην
2916 1427 2972 1478 δὲ
3007 1428 3170 1496 λέγω,
3201 1429 3299 1500 τὴν
3331 1431 3514 1501 τιμὴν,
3546 1431 3646 1504 τὴν

2067 1511 2430 1580 προσκύνησιν
2488 1513 2837 1581 μεθιστάντες
2879 1518 2958 1580 εἰς
3009 1519 3249 1588 ἑτέρους,
3306 1521 3394 1574 διά
3438 1539 3502 1586 γε
3547 1523 3642 1576 τοῦ

2066 1606 2388 1670 προσκυνεῖν
2436 1605 2570 1674 ἡλίῳ
2603 1606 2761 1676 τυχὸν
2783 1647 2794 1669 ,
2827 1607 2995 1677 ἤγουν
3031 1609 3228 1684 σελήνῃ
3255 1611 3348 1664 καὶ
3390 1611 3642 1683 ἄστροις,

2066 1690 2237 1761 δρῷεν
2290 1693 2355 1746 ἂν
2394 1693 2579 1764 ἕτερον
2603 1696 2775 1758 οὐδὲν,
2809 1697 2950 1750 κατὰ
2991 1716 3052 1766 γε
3095 1701 3157 1752 τὸ
3208 1701 3382 1764 εἰκὸς,
3411 1703 3442 1773 ἦ
3473 1705 3643 1776 ὁτιδὴ

394 1780 572 1833 minos
607 1789 834 1834 mutant.
859 1779 1051 1835 Judam
1084 1789 1281 1839 autem.
1302 1781 1414 1833 sive
1443 1779 1716 1848 Beniamin
1743 1778 1959 1848 gloriam

2073 1784 2289 1847 πάντως
2324 1785 2640 1853 μεθιστᾶσιν
2673 1788 2813 1856 ὅρια.
2851 1787 2976 1842 ’Ότι
3003 1790 3057 1842 δὲ
3097 1790 3194 1861 τὴν
3218 1791 3529 1859 πρέπουσαν
3566 1794 3647 1866 τῷ

390 1870 502 1924 Deo
553 1871 784 1924 debitam
852 1873 994 1935 soli,
1033 1881 1086 1925 et
1124 1873 1296 1934 lunae,
1331 1879 1384 1926 et
1447 1872 1609 1926 astris
1661 1872 1964 1938 dicavisse,

390 1975 456 2014 ex
489 1976 555 2016 eo
584 1961 750 2018 claret
799 1963 938 2032 quod
974 1964 1038 2017 ad
1079 1963 1364 2017 .lcremiam
1406 1963 1723 2032 prophetam
1747 1964 1823 2016 ait
1864 1963 1966 2016 Do-

389 2055 606 2108 minus:
638 2073 656 2104 ι
683 2056 763 2108 Αη
787 2069 890 2108 non
909 2054 1056 2107 vides
1080 2055 1207 2123 quid
1233 2054 1315 2108 isti
1355 2055 1554 2108 faciunt
1581 2053 1633 2106 in
1665 2051 1968 2108 civitatibus

389 2144 524 2200 Juda
557 2156 610 2200 et
657 2148 707 2200 in
764 2149 864 2201 viis
907 2147 1247 2200 Jerusalem?
1296 2145 1413 2200 Filii
1463 2163 1650 2200 eorum
1711 2146 1965 2215 colligunt

390 2239 558 2308 ligna,
611 2249 666 2292 et
699 2245 876 2309 patres
905 2255 1092 2294 eorum
1129 2239 1459 2294 succendunt
1508 2240 1705 2308 ignem,
1741 2248 1793 2292 et
1850 2254 1966 2292 mu-

388 2329 549 2384 lieres
590 2344 776 2385 eorum
811 2332 1160 2386 commiscenl
1209 2331 1590 2398 similaginem,
1649 2341 1705 2385 ut
1767 2331 1965 2386 faciant

388 2420 664 2489 placentas
708 2422 908 2477 militiae
935 2423 1095 2488 cmii;
1125 2429 1176 2475 et
1215 2423 1518 2477 libaverunt
1560 2422 1812 2476 libamina
1860 2421 1964 2476 diis

388 2513 602 2580 alienis,
639 2523 695 2567 ut
731 2515 796 2568 ad
847 2515 1180 2568 iracundiam
1243 2523 1533 2583 provocent
1586 2531 1670 2567 me
1701 2514 1801 2566 ".i
1833 2512 1964 2568 'I‘er-

389 2604 564 2658 minos
593 2606 774 2674 itaque
817 2613 1095 2660 moverunt
1125 2604 1392 2674 principes
1425 2604 1597 2659 tribus
1645 2605 1758 2676 89
1802 2604 1961 2668 Juda,

386 2696 488 2749 hoc
532 2707 635 2760 est,
665 2712 912 2766 suprema
971 2705 1025 2751 et
1063 2697 1206 2768 regia
1250 2695 1692 2752 circumﬂuentes
1748 2697 1915 2766 gloria
1943 2736 1958 2761 ,

387 2804 521 2856 quos
553 2789 742 2860 vulgus
779 2798 1023 2845 errantes
1072 2799 1130 2843 ut
1172 2787 1502 2858 exemplaria
1557 2789 1708 2858 sequi
1767 2803 1963 2843 conve-

387 2882 587 2938 niebat.
635 2883 827 2937 Verum
859 2901 880 2933 ι
939 2883 1110 2936 instar
1155 2895 1309 2951 aquae
1368 2897 1489 2935 cum
1540 2861 1740 2950 impetu
1781 2877 1962 2934 eﬂ‘usae

386 2975 659 3029 ell‘undam
707 2976 758 3028 in
799 2989 892 3029 eos
947 2975 1225 3042 impetum,
1268 2988 1361 3027 seu
1427 2973 1661 3027 furorem
1712 2988 1954 3028 meum.»

387 3067 734 3124 Calamitates
779 3068 1046 3134 siquidem
1075 3081 1103 3121 a
1146 3064 1256 3119 Deo
1305 3066 1442 3119 irato
1503 3064 1765 3134 impositae
1805 3080 1959 3135 pror-
1987 3103 2028 3162 ο

386 3174 480 3214 sus
523 3171 622 3214 nec
654 3157 782 3212 ferri
833 3157 1176 3226 tolerarique,
1217 3170 1314 3208 nec
1350 3154 1530 3224 repelli
1563 3162 1791 3224 queunt,
1820 3168 1958 3224 quo-

385 3252 546 3308 modo
579 3251 834 3305 nimirum
872 3265 970 3304 nec
1007 3264 1143 3318 aqua
1195 3248 1359 3303 multa
1395 3247 1624 3301 ubertim
1667 3246 1834 3303 effusa
1867 3263 1955 3304 re-

385 3358 568 3412 prum.

457 3521 620 3572 Vnus.
667 3519 723 3571 ‘ll
756 3560 770 3581 ,
819 3518 904 3571 19..
952 3518 1217 3586 Oppressit
1277 3517 1526 3588 Ephraim
1595 3518 1955 3570 adrersarium

383 3626 561 3674 suum,
593 3619 638 3661 et
667 3610 986 3662 conculcavit
1019 3611 1304 3678 judicium,
1341 3611 1462 3677 quia
1489 3610 1642 3678 coepit
1673 3609 1816 3662 abire
1843 3617 1959 3676 post

383 3716 539 3754 vana.
568 3699 634 3750 Et
681 3717 774 3766 ego
814 3702 966 3767 quasi
1021 3700 1352 3754 conturbatio
1395 3699 1672 3767 Ephraim,
1717 3709 1764 3753 et
1807 3701 1958 3768 quasi

381 3792 629 3846 stimulus
657 3792 837 3844 domui
868 3790 1034 3845 Iuda.

454 3973 634 4028 LVlll.
667 3974 907 4040 Quonam
961 3974 1117 4028 modo
1147 3972 1423 4040 Benjautin
1461 3981 1640 4026 mente
1693 3971 1957 4025 alienatus

383 4071 470 4128 sit,
503 4067 644 4120 haud
675 4067 905 4120 obscure
933 4063 1248 4118 declaravit.
1290 4062 1432 4118 Dixit
1462 4065 1604 4118 enim
1645 4063 1814 4118 factos
1839 4078 1958 4133 esse.

387 4159 659 4228 principes
691 4157 850 4222 Juda,
897 4168 952 4212 ut
989 4158 1083 4228 qui
1115 4158 1373 4212 terminos
1401 4157 1748 4212 transferunt.
1814 4156 1956 4223 Quo-

382 4249 543 4304 modo
573 4258 750 4304 autem
796 4260 849 4304 et
898 4249 1156 4318 prraim
1199 4249 1586 4304 desolationem
1638 4264 1831 4318 passus
1863 4249 1953 4314 sit,

383 4336 635 4409 deinceps
648 4342 867 4410 exponit
896 4341 1102 4395 ctaddil
1121 4358 1164 4396 τι
1186 4339 1464 4409 Oppressit
1485 4340 1741 4408 prraim
1766 4341 1956 4395 adver-

2067 1874 2187 1944 Θεῷ
2218 1875 2396 1939 δόξαν,
2428 1877 2580 1947 ἡλίῳ,
2601 1879 2694 1930 καὶ
2730 1880 2954 1951 σελήνη,
2988 1881 3084 1934 καὶ
3119 1882 3338 1953 ἄστροις
3367 1885 3646 1939 ἀνατέθει-

2068 1984 2162 2019 κεν
2187 1969 2215 2019 ὁ
2258 1967 2475 2031 Ἰούδας,
2506 1971 2671 2039 ἦγουν
2711 1971 2738 2022 ὁ
2773 1973 3050 2042 Βενιαμὶν,
3106 1975 3292 2043 σαφῶς
3338 1974 3404 2029 ἂν
3437 1980 3627 2040 νοοῖτο,

2069 2057 2204 2127 πρὸς
2245 2057 2332 2110 τὸν
2365 2061 2644 2130 προφήτην
2684 2061 2955 2131 Ἰερεμίαν
2991 2063 3244 2131 λέγοντος
3291 2066 3428 2119 Θεοῦ
3457 2082 3471 2096 ·
3512 2087 3529 2119 ι
3571 2070 3644 2122 Ἦ

2065 2150 2162 2220 ούχ
2187 2151 2318 2220 ὁρᾷς
2347 2153 2374 2204 ὅ
2404 2169 2454 2204 τι
2482 2146 2627 2204 οὗτοι
2652 2155 2893 2206 ποιοῦσιν
2941 2157 2998 2207 ἐν
3023 2159 3143 2218 ταῖς
3185 2157 3404 2212 πόλεσιν
3451 2159 3642 2226 Ἰούδα,

2067 2242 2159 2293 καὶ
2187 2243 2244 2294 ἐν
2268 2244 2386 2304 ταῖς
2410 2242 2547 2305 ὁδοῖς
2589 2244 2971 2316 Ἰερουσαλήμ;
3013 2248 3075 2299 Οἱ
3107 2247 3211 2300 υίοὶ
3243 2247 3422 2302 αὐτῶν
3457 2248 3646 2302 συλλέδ

2065 2348 2219 2398 γουσι
2246 2331 2376 2397 ξύλα
2393 2373 2406 2397 ,
2429 2335 2521 2386 καὶ
2543 2335 2588 2387 οἱ
2617 2334 2852 2406 πατέρες
2875 2336 3052 2391 αὐτῶν
3075 2338 3287 2390 καίουσι
3307 2339 3437 2411 πῦρ,
3462 2341 3554 2394 καὶ
3588 2343 3642 2394 αἱ

2065 2426 2318 2490 γυναῖκες
2341 2424 2520 2476 αὐτῶν
2558 2427 2802 2497 τρίϐουσι
2829 2429 3000 2493 σταὶς,
3023 2430 3116 2482 τοῦ
3138 2432 3359 2503 ποιῆσαι
3395 2434 3644 2504 χαυῶνας

2064 2519 2130 2586 τῇ
2200 2521 2430 2588 στρατιᾷ
2481 2519 2575 2572 τοῦ
2635 2520 2888 2592 ούρανοῦ,
2944 2523 3035 2575 καὶ
3100 2522 3358 2578 ἔσπεισαν
3413 2527 3645 2590 σπονδὰς

2065 2607 2204 2670 θεοῖς
2260 2608 2591 2678 ἀλλοτρίοις,
2641 2609 2727 2661 ἵνα
2769 2610 3147 2680 παροργίσωσί
3191 2629 3278 2682 με.
3314 2632 3330 2664 ι
3368 2614 3532 2684 "Opta
3578 2614 3643 2685 δή

2063 2694 2155 2753 οὖν
2187 2700 2635 2770 μετατεθείκασιν
2675 2703 2722 2753 οἱ
2773 2702 2832 2769 ἐξ
2872 2702 3042 2756 Ἰούδα
3094 2704 3266 2773 φυλῆς
3315 2704 3642 2775 ἡγούμενοι,

2063 2790 2357 2854 τουτέστιν,
2415 2794 2462 2844 οἱ
2513 2791 2610 2862 τὴν
2641 2793 2898 2848 ἀνωτάτω
2969 2795 3060 2849 καί⁵
3099 2794 3345 2864 βασιλίδα
3395 2799 3642 2869 περικεί-

2066 2899 2214 2950 μενοι
2237 2883 2414 2948 δόξαν,
2442 2877 2522 2946 οἷς
2551 2879 2618 2955 ἧν
2662 2885 2809 2949 εἰκὸς
2857 2887 3269 2940 κατακολουθεῖν
3298 2889 3512 2943 ἑλέσθαι
3545 2907 3643 2944 πε-

2063 2974 2429 3045 πλανημένοις
2455 2976 2554 3046 τὴν
2602 2977 2862 3044 ἀγελαίαν
2909 2977 3137 3047 πληθύν.
3179 2978 3318 3032 Ἀλλ’
3349 2998 3368 3031 ι
3409 2979 3643 3044 "rem;

2062 3063 2217 3134 δίκην
2275 3065 2682 3136 ραγδαιοτάτου,
2743 3067 2926 3137 φησιν,
2987 3069 3073 3120 ἐπ’
3115 3068 3310 3130 αὐτοὺς
3355 3069 3530 3140 ἐκχεῶ
3578 3071 3639 3124 τὸ

2063 3156 2293 3226 ὅρμημά
2345 3174 2468 3227 μου.
2501 3177 2520 3210 ι
2575 3157 2839 3210 Δύσοιστα
2885 3159 3028 3228 γὰρ,
3074 3159 3168 3212 καὶ
3221 3160 3504 3229 ἀφόρητα,
3541 3162 3640 3213 καὶ

2063 3248 2510 3317 ἀνανταγώνιστα
2539 3249 2818 3312 παντελῶς
2849 3249 2916 3302 τὰ
2951 3253 3014 3302 ὲκ
3045 3249 3193 3314 θείας
3225 3250 3415 3321 ὀργῆς.
3454 3250 3640 3304 Raeci-

2063 3353 2172 3407 περ
2210 3337 2404 3407 ἀμέλει
2457 3340 2550 3390 καὶ
2606 3339 2795 3409 χρῆμα
2846 3339 3175 3409 δυσάντητον
3222 3341 3254 3410 ἡ
3304 3339 3470 3410 πολλὴ
3539 3340 3635 3394 καὶ

2062 3428 2387 3499 ἀμφιλαφὴς
2413 3429 2520 3482 τῶν
2545 3431 2750 3483 ὑδάτων
2782 3431 2941 3500 φορά.

2132 3519 2704 3575 Κατεὸυνάστευσεν
2742 3522 2989 3592 Ἐφραίμ
3031 3522 3137 3575 τὸν
3179 3521 3485 3575 ἀντίδικον
3523 3524 3633 3576 αὑ-

2062 3611 2187 3677 τοῦ,
2220 3613 2318 3665 καί
2365 3613 2742 3679 κατεπάτησε
2782 3613 2847 3666 τὸ
2881 3613 3099 3682 κρῖμα,
3133 3613 3220 3667 ὅτι
3259 3613 3483 3682 ἤρξατο
3523 3629 3633 3668 ποι

2053 3706 2334 3772 ρεύεσθαι
2385 3705 2575 3758 ὀπίσω
2623 3704 2742 3757 τῶν
2783 3707 3068 3774 ματαίων.
3109 3704 3216 3760 Καὶ
3261 3703 3374 3774 ἐγὼ
3417 3704 3635 3774 ἔσομαι

2060 3798 2139 3863 ὡς
2178 3797 2408 3868 ταραχὴ
2439 3795 2518 3861 τῷ
2567 3798 2834 3867 Ἐφραῒμ,
2876 3798 2972 3852 καὶ
3004 3799 3083 3866 ὠς
3105 3797 3355 3867 κέντρον
3385 3795 3463 3862 τῷ
3491 3798 3634 3862 οἴκῳ

2074 3889 2284 3943 Ἰούδα.
3229 3963 3231 3965 ι

2129 3981 2260 4033 NH’.
2285 3980 2418 4033 Τίνα
2448 3981 2545 4050 μὲν
2571 3982 2769 4052 τρόπον
2798 3981 2987 4053 ἐξέστη
3017 3983 3293 4052 Βενιαμὶν,
3317 3966 3630 4050 ἀτῖοδέδειχε

2062 4069 2266 4139 σαφῶς.
2319 4072 2462 4140 Ἔφη
2503 4072 2610 4142 γὰρ
2636 4113 2649 4135 ,
2701 4075 2782 4126 ὅτι
2835 4073 3118 4140 γεγόνασιν
3153 4073 3418 4143 ἄρχοντες
3460 4071 3632 4126 Ἰούδα

2059 4161 2132 4225 ὡς
2164 4162 2538 4226 μετατιθέντες
2567 4165 2707 4233 ὅρια.
2735 4164 2856 4226 Πῶς
2886 4164 2940 4215 δὲ
2974 4163 3066 4216 καὶ
3101 4163 3339 4234 Ἐφραῒμ
3372 4164 3452 4226 είς
3491 4163 3630 4231 ἀφα-

2060 4254 2248 4323 νισμὸν
2272 4254 2484 4320 ἐγένετο
2503 4296 2516 4314 ,
2552 4254 2894 4324 διερμηνεύει
2919 4254 3100 4317 πάλιν,
3127 4252 3368 4307 ἐπειπών
3394 4271 3406 4283 ο
3435 4273 3452 4304 ι
3475 4249 3622 4306 Κατ-

2061 4345 2446 4399 εδυνάστευσεν
2484 4345 2721 4417 Ἐφραῖμ
2779 4347 2869 4400 τὸν
2929 4347 3195 4400 ἀντίδικον
3223 4346 3408 4401 αὑτοῦ.
3464 4365 3483 4399 ι
3521 4347 3632 4400 Καὶ

380 4431 584 4484 sarium
615 4446 792 4486 suum.
827 4450 846 4482 ι
881 4431 945 4484 Et
975 4431 1226 4484 videntur
1249 4433 1394 4485 velut
1427 4445 1546 4484 cum
1569 4430 1875 4483 urbanitate
1894 4429 1959 4482 ad

2067 4434 2213 4489 δοκεῖ
2239 4451 2357 4498 πως
2384 4438 2442 4488 ὲν
2472 4433 2591 4505 ¹ἢθει
2630 4433 2957 4503 πεποιῆσθαι
3001 4435 3119 4487 νυνὶ
3158 4433 3294 4505 πρὸς
3314 4433 3464 4502 ἡμᾶς
3491 4432 3518 4484 δ
3545 4432 3634 4486 λό-

382 4537 479 4577 nos
511 4523 675 4577 verba
712 4523 848 4574 ﬁeri.
884 4521 1140 4587 Quaenam
1191 4522 1356 4591 igitur
1385 4521 1662 4575 accusatio
1689 4523 1757 4574 sit
1785 4521 1953 4575 tribus

382 4615 658 4682 prraim,
683 4621 775 4667 aut
805 4613 872 4667 de
898 4628 1004 4681 quo
1042 4613 1353 4667 adversario
1380 4612 1621 4665 divinum
1672 4611 1950 4665 oraculum

380 4701 629 4771 loquatur
710 4717 868 4771 quem
924 4700 1254 4770 oppresserit
1307 4699 1596 4768 Ephraim,
1660 4701 1953 4769 explanare

378 4803 636 4862 quantum
671 4796 721 4848 in
770 4809 854 4849 me
886 4803 969 4848 est
1000 4793 1258 4848 conabor.
1290 4791 1542 4846 'l‘ribules
1570 4794 1713 4846 enim
1736 4790 1872 4845 .luda
1898 4803 1951 4846 et

380 4878 663 4952 Benjamiu
693 4887 1078 4941 reverebantur
1109 4884 1440 4954 aliquantum
1478 4883 1623 4951 leges
1667 4882 1947 4950 Mosaicas,

379 4987 428 5028 et
458 4978 840 5032 adhuc'earum
868 4980 1131 5033 rationem
1165 4977 1454 5040 ducebant,
1481 4975 1786 5042 dabantque
1834 4983 1950 5025 stu-

382 5069 528 5119 diose
577 5082 792 5134 operam
832 5068 1074 5134 iustitiae.
1111 5067 1224 5121 Non
1260 5068 1404 5122 eiiim
1439 5078 1624 5119 omnes
1651 5063 1942 5117 declinave-

381 5167 543 5222 runt;
575 5159 666 5212 sed
691 5169 847 5212 erant
894 5176 997 5214 non
1052 5161 1205 5227 pauci
1264 5161 1567 5228 transfugas
1608 5159 1947 5227 deplorantes

381 5264 443 5302 ac
473 5249 847 5316 lamentantes,
871 5258 923 5302 et
969 5249 1207 5302 dolorem
1253 5251 1431 5304 animo
1469 5264 1574 5302 non
1624 5248 1948 5301 mediocrem

380 5341 776 5408 concipientes,
839 5357 957 5394 cum
1010 5340 1227 5410 quidam
1284 5340 1538 5409 despecto
1583 5339 1950 5394 universitatis

382 5434 491 5486 Deo
528 5448 705 5486 mores
769 5433 1128 5487 idololatricos
1187 5433 1519 5488 inveherent.
1567 5431 1700 5487 Hinc
1761 5432 1948 5486 beatus

380 5525 646 5590 Ezechiel,
683 5527 871 5580 missos
906 5525 978 5580 ait
1013 5536 1197 5580 contra
1237 5523 1531 5579 Jerusalem
1573 5537 1694 5577 cum
1741 5521 1947 5576 securi-

454 5653 496 5682 "
524 5663 662 5719 Psal.
704 5681 834 5726 Lxu,
868 5666 916 5717 9.
999 5663 1041 5693 "‘
1075 5662 1222 5718 Joau.
1260 5677 1311 5723 Χ,
1348 5659 1435 5715 ‘28.

2057 4540 2172 4592 γος.
2224 4525 2382 4577 Ποῖον
2432 4520 2523 4579 οὖν
2569 4524 2677 4594 ἄρα
2706 4523 2767 4576 τὸ
2813 4525 3197 4594 κατηγόρημα,
3241 4523 3301 4576 τὸ
3349 4523 3415 4575 ἐκ
3461 4521 3634 4591 φυλῆς

2072 4616 2406 4687 Ἐφραῖμ,ἥ
2449 4619 2599 4669 ποῖον
2632 4617 2900 4670 ἀντίδικον
2942 4616 3004 4668 τὸ
3047 4615 3190 4668 θεῖον
3221 4616 3352 4686 ἡμῖν
3415 4629 3634 4684 χρησμο

2055 4707 2248 4776 ᾠδημά
2279 4724 2434 4777 φησι,
2463 4707 2520 4758 ὃν
2550 4707 3038 4760 κατεδυνάστευσεν
3057 4709 3086 4759 ὁ
3129 4705 3388 4778 Ἐφραῒμ,
3408 4704 3634 4757 διειπεῖν

2056 4798 2131 4861 ὡς
2157 4799 2234 4850 ἔνι
2266 4799 2616 4869 πειράσομαι.
2650 4800 2712 4850 Οί
2744 4799 2841 4868 μὲν
2880 4799 2987 4869 γὰρ
3016 4801 3080 4852 ἐκ
3110 4799 3282 4870 φυλῆς
3327 4799 3496 4852 Ἰούδα
3541 4799 3635 4851 καὶ

2058 4890 2336 4958 Βενιαμὶν,
2369 4889 2501 4943 αἰδῶ
2530 4907 2651 4942 τινα
2680 4891 2772 4944 καὶ
2807 4890 2963 4958 λόγον
3007 4891 3086 4944 ἔτι
3128 4891 3234 4945 τῶν
3256 4891 3342 4945 διὰ
3389 4890 3634 4954 Μωσέως

2062 4979 2344 5035 ἐποιοῦντο
2397 4981 2612 5051 νόμων,
2670 4981 2990 5053 ἐπετήδευον
3033 5000 3090 5034 τε
3135 4981 3232 5050 τὴν
3263 4981 3627 5049 δικαιοσύνην.

2059 5070 2133 5120 Οὐ
2175 5071 2278 5139 γὰρ
2318 5071 2517 5131 πάντες
2542 5071 2944 5135 ἐκκεκλίκασιν,
2981 5071 3098 5123 ἀλλ’
3130 5065 3269 5138 ἦσαν
3308 5070 3408 5120 οὐκ
3443 5070 3633 5139 εὐαρί-

2059 5162 2252 5231 θμητοι
2304 5161 2580 5224 κλαίοντές
2608 5179 2663 5216 τε
2693 5164 2790 5215 καὶ
2822 5161 3202 5230 ὀλοφυρόμενοι
3232 5159 3327 5229 τὴν
3350 5159 3458 5214 τῶν
3495 5161 3630 5215 πλα-

2060 5253 2316 5320 νωμένων
2345 5253 2673 5320 ἀπόστασιν,
2701 5255 2795 5307 καὶ
2814 5251 3255 5321 δυσχεραίνοντες
3283 5251 3342 5304 οὐ
3367 5252 3627 5322 μετρίως,

2061 5341 2181 5395 ἐπεί
2204 5358 2287 5398 τοι
2315 5342 2404 5394 τὸν
2433 5344 2541 5394 τῶν
2576 5342 2711 5395 ὅλων
2733 5339 3086 5410 ἀτιμάζοντες
3115 5341 3266 5409 Θεὸν,
3280 5342 3402 5405 τοὺς
3431 5345 3529 5414 τῆς
3554 5346 3632 5397 ei—

2055 5429 2415 5501 δωλολατρίας
2455 5432 2596 5498 τινὲς
2629 5432 2953 5501 ἐπετήδευον
2979 5433 3235 5503 τρόπους.
3268 5432 3378 5484 Καὶ
3426 5433 3558 5500 γοῦν
3601 5437 3632 5487 ὁ

2062 5525 2329 5596 μακάριός
2382 5542 2513 5596 φησι
2569 5525 2853 5596 προφήτης
2894 5522 3185 5597 Ἰεζεχιήλο
3215 5524 3631 5583 Ἀπεστέλλοντο

1516 5659 1558 5688 ὀδ
1598 5657 1698 5710 Ier.
1728 5672 1822 5724 γη,
1855 5656 2051 5721 17,18.
2098 5674 2102 5678 '
