4002 6220
319 325 427 385 153

1242 332 1785 393 COMMENTARiUS
1823 334 1887 391 IN
1928 336 2162 394 OSEAM
2206 340 2658 397 PROPHETAM.

3475 348 3571 405 151

320 448 425 517 μέν
452 460 599 537 τινες
634 449 783 537 κατα
804 443 903 537 τῆς
945 448 1319 537 Ἰερουσαλὴμ,
1368 452 1617 518 πελέκεις
1647 455 1889 526 ἠρμένοι1

2002 460 2137 524 hus;
2172 462 2385 516 audisse
2417 473 2594 515 autem
2634 462 2799 517 Deum
2831 467 2979 519 clare
3013 467 3306 531 dicentem,
3351 470 3574 537 precin-

315 536 518 606 ἢκουόν
542 552 604 588 τε
636 535 825 604 σαφῶς
856 536 991 589 Θεοῦ
1039 537 1309 606 λέγοντος,
1341 540 1569 596 ἕπεσθαι
1604 546 1701 614 μὲν
1739 545 1891 617 δεί[ν]

316 628 397 698 τῷ
421 627 513 680 τὸν
537 626 745 698 ποδήρη
768 626 1130 699 διεζωσμένῳ,
1154 629 1494 697 φείδεσθαιδὲ
1512 635 1785 704 μηδενός.ι
1810 633 1898 691 Εἴ-

317 720 405 773 δον
434 719 566 789 γὰρ,
609 720 761 788 φησι,
804 720 896 771 καὶ
939 719 1047 773 ἰδοὺ
1088 720 1145 787 ἓξ
1173 720 1363 793 ἄνδρες
1406 725 1635 795 ἤρχοντο
1668 727 1754 780 διὰ
1792 731 1892 796 τῆς

322 811 499 879 erile:
523 811 621 878 τῆς
649 810 954 880 βλεπούσης
981 811 1116 881 πρὸς
1133 812 1356 885 βορρᾶν,
1380 816 1473 868 καὶ
1495 817 1709 888 ἑκάστῳ
1731 819 1897 884 πέλυξ

319 902 376 952 ἐν
428 904 496 971 τῇ
544 902 689 970 χειρὶ
722 901 911 966 αὑτοῦ,
961 904 1056 955 καὶ
1100 899 1221 955 εἷπε
1277 904 1356 974 τῷ
1400 907 1575 977 ἀνδρὶ,
1631 910 1784 979 φησι.
1820 912 1897 982 τῷ

320 990 615 1062 ἐζωσμένῳ
641 993 733 1044 τὸν
786 994 994 1064 ποδήρη
1018 1010 1031 1023 ·
1065 994 1247 1048 Δίελθε
1281 996 1452 1067 μέσην
1493 998 1591 1069 τὴν
1625 1000 1895 1071 Ἰερουσα-

319 1082 450 1151 λὴμ,
484 1082 576 1134 καὶ
599 1082 687 1144 δὸς
710 1082 770 1134 τὸ
803 1086 1028 1152 σημεῖον
1070 1086 1163 1138 ἐπὶ
1188 1086 1255 1140 τὰ
1286 1088 1512 1156 μέτωπα
1544 1090 1652 1142 τῶν
1687 1092 1896 1162 ἀνδρῶν

319 1174 849 1239 καταστεναζόντων,
907 1177 999 1229 καὶ
1056 1178 1515 1250 κατοδυνωμένων
1559 1182 1651 1235 ἐπὶ
1693 1184 1897 1248 πάσαις

318 1268 437 1328 ταῖς
471 1266 707 1328 ἀδικίαις
751 1269 872 1329 ταῖς
910 1270 1221 1339 γινομέναις
1275 1272 1331 1324 ἐν
1382 1274 1530 1344 μέσῳ
1563 1276 1752 1346 αὐτῆς.
1787 1278 1895 1330 Καὶ

316 1358 526 1419 τούτοις
552 1355 705 1409 εἶπεν
731 1358 1019 1423 ἀκούοντός
1067 1378 1194 1430 μου*
1233 1364 1532 1433 Πορεύεσθε
1563 1369 1642 1430 εἰς
1669 1369 1768 1438 τὴν
1801 1370 1895 1421 πό-

317 1448 398 1499 λιν
432 1449 607 1501 ὀπίσω
638 1449 823 1513 αὑτοῦ,
849 1452 943 1504 καὶ
974 1452 1225 1519 κόπτετε,
1259 1455 1353 1509 καὶ
1386 1458 1459 1527 μὴ
1489 1459 1733 1526 φείδεσθε
1758 1476 1770 1488 ·
1802 1462 1895 1513 καὶ

320 1540 713 1612 πρεσϐύτερον,
772 1542 865 1595 καὶ
911 1544 1190 1597 νεανίσκον
1217 1587 1230 1608 ,
1268 1548 1455 1618 νήπια,
1498 1551 1595 1602 καὶ
1633 1555 1894 1618 γυναῖκας

316 1633 673 1685 ἀποκτείνατε
729 1635 809 1697 είς
853 1635 1146 1703 ὲξάλειψιν.
1201 1638 1321 1691 Ἐπὶ
1355 1640 1411 1692 δὲ
1453 1641 1661 1705 πάντας
1691 1645 1773 1711 ἐφ’
1798 1644 1890 1708 οὒς

318 1724 432 1776 ἐστι
482 1724 541 1776 τὸ
595 1726 822 1793 σημεῖον
876 1726 949 1794 μὴ
982 1726 1256 1797 ὲγγίσητε.
1297 1749 1316 1781 ι
1366 1731 1605 1794 Ἀκούεις
1639 1734 1719 1786 ὅτι
1762 1752 1894 1787 κατ--

1999 563 2141 604 ctum
2173 553 2223 605 in
2267 563 2414 607 veste
2445 554 2595 607 talari
2637 564 3014 623 sequerentur,
3049 568 3439 627 parcerentque
3482 573 3572 614 ne-

1999 644 2152 697 mini.
2189 645 2361 713 lnquit
2410 646 2595 701 enim:
2636 664 2655 697 ο
2690 645 2830 712 Vidi,
2860 656 2913 702 et
2952 663 3078 703 ecce
3110 664 3201 703 sex
3244 651 3349 704 viri
3387 652 3574 705 venie-

2002 735 2127 789 bant
2154 750 2249 804 per
2270 745 2479 804 portam
2508 738 2879 806 respicientem
2917 740 2981 791 ad
3016 740 3413 807 aquilonem,et
3451 742 3573 793 nni-

1999 830 2191 894 cuique
2229 827 2442 881 securis
2487 829 2537 879 in
2587 845 2744 883 manu
2785 845 2901 884 sua.
2947 830 3009 884 Et
3040 830 3173 883 dixit
3226 832 3343 886 viro
3382 832 3575 885 vestito

1998 916 2199 969 vestitu
2233 916 2425 969 talari:
2465 915 2657 973 Transi
2693 933 2786 987 per
2814 920 3045 974 mediam
3071 919 3394 984 Jerusalem,
3428 930 3482 975 et
3506 921 3573 974 da

1997 1006 2210 1073 signum
2246 1020 2409 1074 super
2444 1004 2650 1061 frontes
2681 1008 2916 1061 virorum
2947 1010 3278 1078 gementium
3303 1020 3356 1065 et
3386 1011 3575 1065 dolen-

2001 1096 2128 1149 tium
2155 1110 2316 1165 super
2346 1098 2557 1151 cunctis
2587 1097 2956 1165 iniquitatibus
2985 1114 3102 1167 quae
3136 1101 3271 1154 liunt
3313 1101 3364 1154 in
3398 1101 3575 1154 medio

1996 1202 2205 1243 eorum.
2241 1188 2308 1243 Et
2334 1188 2469 1243 dixit
2499 1189 2625 1254 illis,
2657 1190 2906 1243 audiente
2944 1204 3068 1243 me:
3105 1189 3181 1244 lte
3208 1191 3261 1245 in
3302 1191 3574 1246 civitatem

1997 1292 2117 1351 post
2164 1298 2307 1347 eum,
2336 1290 2388 1336 et
2427 1284 2713 1350 pereutite,
2745 1291 2798 1336 et
2820 1296 2923 1335 nou
2974 1283 3230 1351 parcatis,
3263 1293 3317 1337 et
3362 1298 3571 1345 senem,

1996 1382 2051 1425 et
2091 1372 2359 1437 iuvenem,
2398 1383 2453 1426 et
2498 1371 2753 1436 infantes,
2786 1381 2838 1425 et
2885 1373 3138 1427 mulieres
3183 1372 3472 1427 interﬁcite
3508 1374 3573 1425 ad

1997 1465 2353 1529 deletioncm;
2402 1479 2566 1531 super
2615 1478 2803 1517 omnes
2848 1473 3049 1524 autem,
3100 1477 3264 1531 super
3309 1478 3443 1532 quos
3493 1473 3576 1516 est

1996 1556 2229 1621 sigmim,
2260 1570 2324 1607 ne
2347 1554 2787 1627 appropiuqiictis
2820 1553 2884 1606 ⁵⁸.
2926 1572 2943 1604 ι
2985 1553 3157 1606 Audis
3186 1555 3424 1622 signatos
3454 1568 3576 1606 esse

1995 1646 2277 1714 quosdam,
2300 1654 2357 1697 nt
2387 1643 2454 1696 ab
2487 1643 2711 1706 ultione,
2744 1651 2800 1695 et
2836 1642 2936 1705 ira,
2962 1653 3015 1697 et
3044 1659 3072 1696 a
3098 1642 3252 1710 culpa
3284 1644 3573 1704 immunes,

1997 1736 2119 1803 quia
2167 1734 2412 1788 videlicet
2460 1743 2605 1787 recte
2659 1747 2868 1799 sapere,
2913 1744 3074 1800 atque
3126 1732 3288 1786 etiam
3328 1748 3392 1785 ex
3442 1732 3574 1799 legi-

317 1811 677 1881 εσημαίνοντό
704 1830 845 1876 τινες
873 1815 947 1875 ὡς
975 1813 1077 1878 ἔξω
1101 1794 1272 1885 δίκης,
1299 1818 1392 1870 καὶ
1414 1818 1604 1888 θυμοῦ.
1629 1822 1722 1875 καὶ
1751 1824 1889 1876 ἁπά-

2000 1826 2097 1881 bus
2144 1826 2339 1889 vivere,
2368 1832 2421 1878 et
2470 1823 2731 1893 justitiam
2772 1822 3101 1891 colere,90
3144 1833 3193 1875 ct
3232 1823 3573 1875 dilectionem

320 1920 415 1968 σης
457 1903 611 1966 ὄντες
656 1904 855 1986 αἰτίας,
888 1905 974 1959 διά
998 1924 1079 1961 τοι
1107 1908 1168 1961 τὸ
1201 1908 1414 1962 ἑλέσθαι
1441 1916 1657 1981 φρονεῖν
1686 1916 1860 1985 ὀρθῶς
1878 1956 1892 1979 ,

316 1997 408 2047 καὶ
442 1996 551 2066 μὴν
594 1998 688 2049 καὶ
722 1996 872 2065 βιοῦν
914 1999 1189 2069 ἐννόμως,
1225 2003 1316 2055 καὶ
1353 2002 1704 2077 δικαιοσύνης
1732 2007 1896 2060 ἄπτε-

320 2084 481 2148 σθαι,
512 2084 608 2138 καὶ
640 2086 740 2154 τῆς
776 2087 855 2149 εἰς
892 2088 1023 2140 Θεὸν
1046 2090 1268 2159 ἀγάπης
1295 2092 1713 2165 ἀνεπιπλήκτως
1744 2099 1891 2168 ἐρᾷν.

328 2178 412 2228 Ἐν
430 2176 489 2229 δέ
506 2194 569 2243 γε
592 2180 655 2246 τῇ
681 2178 962 2249 Σαμαρείᾳ
986 2181 1290 2252 ὀλο-τρόπιος
1308 2184 1592 2248 ἐξώκειλεν
1609 2189 1635 2238 ὁ
1661 2188 1894 2260 Ἰσραὴλ,

315 2270 445 2331 οὐδ’,
479 2270 604 2321 ὅσον
630 2270 826 2335 είπεῖν,
857 2270 956 2323 κᾶν
984 2272 1111 2338 γοῦν
1141 2274 1359 2343 μνήμης
1379 2277 1517 2345 τάχα
1545 2295 1644 2330 που
1671 2280 1737 2332 τὰ
1763 2281 1894 2333 Μω-

314 2362 450 2422 σέως
480 2359 646 2423 ἀξιῶν
666 2400 681 2424 ,
711 2362 1021 2431 μαχομένην
1047 2364 1100 2415 δὲ
1130 2364 1320 2437 ὥσπερ
1356 2367 1451 2419 καὶ
1490 2371 1568 2431 εἰς
1616 2369 1761 2423 ἅπαν
1800 2373 1895 2425 αὑ-

311 2455 421 2512 τοῖς
451 2453 913 2521 ἀντιτεταγμένην
937 2455 1225 2525 ἐπετήδευε
1253 2455 1419 2528 ζωὴν,
1474 2460 1548 2522 ὡς
1579 2462 1672 2513 καὶ
1700 2462 1893 2535 ἐχθρὸν

312 2543 562 2612 ἡγεῖσθαι
598 2543 689 2595 τὸν
737 2544 831 2596 τοῦ
886 2544 1021 2597 6εοῦ
1060 2547 1221 2616 νόμον
1247 2564 1259 2577 ·
1291 2548 1413 2601 ὅσον
1446 2551 1567 2619 ἣκει
1595 2553 1796 2617 εἰπεῖν,
1820 2554 1895 2615 ὠς

315 2634 446 2704 μηδὲ
475 2634 674 2688 εἰδέναι
702 2634 876 2688 θέλειν
904 2637 1087 2700 αὐτὸν,
1113 2639 1399 2707 ἀτιμάζειν
1425 2640 1480 2693 δὲ
1508 2641 1598 2694 τὸν
1620 2644 1894 2712 παιδαγω⁸

310 2725 423 2792 τὸν,
455 2724 633 2778 καίτοι
685 2725 877 2789 σώζειν
921 2728 1116 2791 εἰδότα,
1144 2730 1238 2781 καὶ
1285 2730 1642 2801 ἀποκομίζειν
1662 2729 1720 2787 εὖ
1751 2735 1894 2804 μάλα

309 2819 604 2888 δυνάμενον
660 2821 741 2882 εἰς
784 2818 914 2890 εὺθῆ
966 2837 1024 2873 τε
1082 2821 1177 2874 καὶ
1224 2823 1653 2878 ἁκατάσκωπτον
1725 2826 1890 2897 ζωήν.

314 2913 489 2967 Τοῦτο
541 2912 746 2973 τοίνυν,
800 2912 875 2974 ὡς
911 2912 1104 2974 ἔοικεν,
1145 2914 1174 2966 ὁ
1218 2916 1557 2985 προφητικέος
1599 2917 1893 2972 αἰνίττεται

308 3001 486 3071 λόγος.
518 3002 819 3071 Πεποίηται
851 3002 907 3055 δὲ
964 3004 1079 3071 μετ’
1106 3003 1301 3074 ἤθους.
1340 3005 1415 3065 ὡς
1465 3005 1619 3075 ἔφην.
1654 3025 1670 3057 ι
1713 3009 1891 3061 Κατε-

312 3092 637 3145 δυνάστευσε
699 3094 839 3162 γὰρ,
887 3094 1081 3162 φησὶν,
1130 3096 1157 3147 ὁ
1199 3094 1437 3166 Ἐφραῖμ
1484 3098 1574 3149 τὸν
1624 3098 1889 3153 ἀντίδικον

313 3185 496 3250 αὑτοῦ,
534 3205 553 3234 ι
598 3184 715 3237 ἀντὶ
744 3184 858 3247 τοῦ,
884 3182 1057 3253 Νίκην
1086 3186 1489 3256 ἐκτοπωτάτην,
1534 3190 1627 3241 καὶ
1660 3189 1879 3261 ὀλέθρου

312 3276 570 3345 πρόξενον
596 3274 879 3345 νενίκηκεν
914 3276 942 3327 ὁ
984 3274 1224 3345 Ἐφραίμ
1243 3316 1258 3339 ,
1291 3278 1783 3333 κατεδυνάστευσεν
1814 3282 1889 3346 ὼς

311 3369 439 3421 ἴδιον
496 3367 726 3437 ἐχθρὸν,
766 3367 1044 3429 τουτέστι,
1088 3368 1339 3433 νενίκηκε
1404 3370 1636 3436 γενικῶς
1692 3372 1751 3424 δν
1790 3391 1889 3442 με·

312 3456 508 3525 μίσηκε
533 3456 718 3524 νόμον.
752 3454 969 3526 Ἐπειδὴ
997 3456 1053 3508 δέ
1086 3458 1231 3509 ἐστιν
1250 3458 1490 3528 ἀμυδρδς
1513 3460 1540 3511 ὁ
1575 3460 1749 3529 λόγος,
1780 3463 1891 3516 ἑτέ.

310 3565 416 3618 ρως
440 3545 574 3599 αὐτὸ
606 3546 899 3617 διατρανοῖ,
933 3547 1105 3615 λέγων
1126 3565 1138 3577 '
1176 3566 1193 3599 ι
1221 3550 1583 3621 Κατεπάτησε
1639 3556 1832 3624 κρῖμα,
1864 3574 1881 3605 ›

304 3637 605 3697 τουτέστιν,
638 3637 700 3688 οὐ
740 3636 1102 3705 πεφρόντικεν
1131 3635 1267 3699 ὅλως
1297 3638 1396 3707 τῆς
1427 3639 1483 3690 ἐν
1514 3640 1661 3710 νόμω
1694 3642 1890 3694 δικαιο-

310 3727 493 3796 σύνης.
554 3726 665 3779 Ἀεὶ
694 3726 800 3796 γάρ
843 3744 959 3789 πως
988 3727 1049 3779 τὸ
1077 3728 1579 3798 καταπατούμενον,
1608 3733 1664 3781 ἐν
1696 3731 1889 3803 ἀτιμία

306 3823 525 3885 νοεῖται,
568 3819 662 3870 καὶ
700 3818 910 3880 οὐδενος
956 3818 1100 3882 ἄξιον
1133 3820 1525 3889 καταφωρᾶται
1562 3820 1741 3887 λόγου.
1780 3823 1887 3873 Καὶ

308 3910 432 3979 γοῦν
472 3913 500 3962 ὁ
536 3909 738 3979 Κύριος
797 3908 952 3978 ἡμῶν
993 3908 1203 3979 Ἰησοῦς
1251 3910 1506 3980 Χριστὸς,
1565 3929 1581 3960 ι
1621 3911 1797 3963 Καλὸν
1826 3913 1887 3965 τὸ

305 4004 458 4064 ἅλας,
518 4000 717 4071 φησίν·
759 4002 851 4052 ἐὰν
885 4000 941 4051 δὲ
980 4000 1039 4052 τὸ
1078 4000 1210 4064 ἆλας
1255 4000 1609 4071 μωρανθῇ,ὲν
1633 4002 1736 4053 τίνι
1771 4003 1885 4055 ἅλις

307 4094 598 4164 σθὴσεταις
632 4093 724 4154 Εἰς
756 4090 906 4144 οὐδὲν
932 4091 1220 4161 ἰσχύειὲτι,
1243 4093 1290 4143 εί
1324 4092 1396 4161 μὴ
1422 4092 1726 4163 [βε]6ληοὲν
1758 4095 1882 4160 ἔξω,

309 4183 745 4237 καταπατεῖσθαι
792 4181 894 4234 ὑπὸ
937 4180 1042 4233 τῶν
1097 4180 1423 4249 ἀνθρώπων.
1464 4203 1479 4232 ι
1514 4184 1681 4236 Ὅταν
1707 4184 1885 4238 τοίνυν

302 4278 477 4347 κρῖμα
509 4275 666 4346 λέγῃ,
690 4275 903 4343 νοήσεις
929 4274 1017 4325 τὸν
1041 4275 1221 4344 νόμον.
1246 4274 1399 4326 Οὕτω
1428 4277 1521 4327 καὶ
1540 4278 1567 4328 ὁ
1600 4274 1885 4339 θεσπέσιος

302 4366 470 4419 Δασιδ
494 4365 773 4433 ὀνομάζων
807 4364 988 4427 αὐτὸν,
1023 4364 1295 4430 ἀναφωνεῖ
1326 4365 1459 4435 πρὸς
1490 4365 1621 4417 Θεὸν
1642 4383 1654 4396 ·
1692 4384 1709 4416 ι
1750 4368 1883 4438 Κρῖ-

1994 1931 2119 1985 erga
2172 1917 2334 1969 Deum
2379 1916 2645 1969 sinceram
2694 1914 2892 1967 habere
2937 1914 3233 1965 voluerunt.
3288 1912 3341 1965 In
3381 1913 3572 1965 Sama-

1997 2010 2074 2061 ria
2107 2023 2235 2061 vero
2265 2006 2590 2060 omnimodis
2628 2006 2681 2058 in
2708 2004 2969 2058 oﬂetisaiii
2998 2004 3223 2057 incurrit
3251 2002 3433 2064 lsrael,
3463 2002 3573 2056 for-

1998 2099 2154 2151 tassis
2200 2112 2297 2151 nec
2326 2097 2575 2165 dignatus
2617 2092 2923 2148 meminisse
2958 2092 3207 2151 Mosaica,
3235 2090 3377 2143 velut
3418 2104 3573 2155 repu-

1994 2199 2266 2259 gnantem,
2296 2198 2351 2243 et
2384 2187 2758 2243 universeillis
2808 2188 3184 2239 adversantem
3244 2195 3576 2251 persequens

1998 2284 2183 2346 vitam,
2218 2292 2271 2335 ut
2312 2282 2492 2335 etiam
2529 2281 2619 2333 Dei
2677 2280 2849 2349 legem
2884 2278 3155 2331 inimicam
3203 2276 3569 2329 arbitraretur

1995 2374 2413 2440 quodammodo,
2451 2382 2504 2427 et
2534 2386 2652 2424 eam
2702 2386 2799 2425 uec
2849 2384 3009 2424 nosse
3039 2369 3220 2434 vellet,
3260 2375 3572 2438 sperneret-

1993 2478 2098 2531 que
2135 2466 2510 2533 pzcdagogum,
2547 2464 2796 2532 quamvis
2852 2476 3105 2524 servare,
3142 2469 3197 2516 et
3251 2460 3316 2513 ad
3364 2467 3567 2512 rectam

1995 2552 2234 2622 nullique
2252 2554 2530 2606 calumnia:
2561 2552 2844 2606 obnoxiam
2879 2552 3041 2603 vitam
3069 2551 3269 2618 optime
3302 2550 3573 2603 adducere

1995 2652 2199 2711 posset.
2236 2645 2347 2697 Hoc
2382 2643 2564 2709 igitur,
2591 2654 2649 2696 ut
2683 2645 2912 2709 videtur,
2938 2642 3245 2709 prophetica
3281 2641 3446 2693 verba
3489 2639 3573 2691 iu-

1994 2735 2229 2789 sinuant.
2262 2732 2470 2787 llaheut
2497 2743 2675 2787 autem
2710 2734 3074 2796 festivitatem,
3107 2748 3199 2787 seu
3227 2732 3479 2797 ironiam,
3514 2742 3571 2785 ut

1994 2826 2126 2880 dixi.
2188 2828 2279 2880 Ait
2320 2827 2483 2891 enim,
2516 2827 2830 2897 «Oppressit
2884 2827 3139 2895 Ephraim
3192 2824 3569 2878 adversarium

1994 2932 2175 2978 suum,
2210 2936 2229 2968 ι
2268 2931 2383 2985 pro,
2421 2917 2642 2968 victoria
2701 2914 3033 2984 turpissima,
3062 2922 3117 2967 et
3162 2912 3387 2966 exitiosa
3440 2910 3573 2964 vicit

1992 3009 2269 3078 Ephraim.
2321 3006 2598 3079 Oppressit
2638 3016 2696 3061 ut
2731 3008 2938 3062 hostem
2978 3020 3156 3072 suum,
3185 3004 3287 3058 hoc
3321 3001 3574 3067 esl,vicit

1994 3116 2252 3171 generose
2287 3100 2454 3169 legem
2485 3116 2642 3169 quam
2675 3101 2881 3152 oderat.
2930 3097 3061 3165 Quia
3105 3112 3233 3152 vero
3263 3096 3437 3150 oratio
3494 3106 3573 3150 te-

1993 3191 2132 3243 ctior
2164 3198 2268 3254 est,
2305 3191 2458 3243 aliter
2494 3191 2661 3257 ipsam
2692 3189 2947 3252 declarat,
2974 3190 3201 3242 dicens:
3238 3208 3254 3236 ι
3279 3184 3570 3241 Conculca-

1991 3282 2371 3350 vitjudicium,
2406 3300 2424 3332 ι
2466 3281 2566 3335 hoc
2596 3290 2699 3345 est,
2756 3280 3020 3346 justitiam
3050 3278 3162 3347 lege
3194 3276 3564 3345 praescriptam

1992 3374 2140 3426 nullo
2172 3374 2329 3427 modo
2360 3374 2599 3437 curarit;
2626 3387 2837 3440 semper
2870 3370 3014 3422 enim
3048 3369 3186 3437 quod
3218 3366 3569 3421 conculcatur

1990 3464 2314 3534 dcspicahile
2366 3465 2727 3533 cognoscitur,
2762 3461 3018 3527 nullaque
3065 3458 3423 3513 a~stimatioue
3478 3456 3563 3511 di-

1990 3570 2150 3623 gnum
2195 3553 2634 3622 deprehenditur.
2669 3551 2849 3617 Quare
2892 3550 3151 3603 Dominus
3199 3557 3383 3601 noster
3412 3544 3568 3601 Jesus

1988 3643 2255 3707 Christus,
2276 3662 2293 3693 ι
2326 3642 2525 3695 Βοιιιιιιι
2545 3651 2624 3696 est
2640 3641 2737 3704 sal,
2760 3660 2777 3692 ι
2802 3640 3012 3708 inquit;
3048 3658 3065 3689 ι
3092 3639 3133 3691 si
3159 3636 3569 3691 autemsaleva-

1989 3734 2188 3797 nuerit,
2217 3733 2269 3786 in
2301 3746 2409 3801 quo
2440 3731 2703 3785 salietur?
2734 3730 2811 3783 Ad
2836 3730 3059 3783 nihilum
3097 3727 3237 3780 valet
3272 3727 3431 3791 ultra,
3461 3726 3565 3780 nisi

1988 3832 2048 3878 ut
2072 3826 2317 3878 mittatur
2342 3822 2509 3889 foras,
2536 3831 2590 3877 et
2621 3822 2970 3877 conculcetur
2994 3822 3061 3874 ab
3088 3820 3398 3874 hominibus
3427 3820 3497 3871 ⁸⁷.
3539 3834 3561 3869 ν

1988 3918 2155 3979 Igitur
2186 3916 2566 3985 perjudicium
2621 3913 2857 3981 intellige
2901 3913 3090 3979 legem.
3126 3910 3201 3964 lta
3264 3920 3318 3965 et
3351 3911 3567 3965 divinus

1990 4006 2179 4072 David,
2216 4020 2332 4058 eam
2365 4004 2671 4066 nominans,
2701 4003 2865 4056 Deum
2896 3997 3129 4055 aﬂatur:
3166 4018 3185 4052 ι
3221 4000 3489 4055 Judicium
3514 4009 3569 4053 et

1980 4097 2243 4167 justitiam
2271 4098 2321 4149 in
2343 4096 2508 4150 Jacob
2563 4105 2614 4146 tu
2643 4094 2816 4148 fecisti
2841 4094 2981 4145 δί’-δ’,
3011 4112 3029 4143 ι
3054 4092 3144 4145 Dei
3168 4094 3309 4145 enim
3342 4100 3425 4145 est
3456 4092 3565 4155 lex,

1986 4188 2182 4242 dictata
2206 4202 2301 4256 per
2322 4186 2556 4251 angelos.
2587 4183 2785 4236 Verum
2805 4184 3079 4237 enimvero
3101 4196 3219 4250 qum
3249 4196 3410 4235 causa
3441 4180 3555 4235 fue-

1988 4280 2079 4345 rit,
2118 4280 2285 4346 legem
2342 4294 2436 4346 pro
2488 4278 2639 4330 hoste
2668 4275 2919 4341 ducendi,
2954 4285 3007 4327 et
3036 4273 3297 4342 judicium
3335 4273 3563 4327 concul-

1987 4369 2171 4432 candi,
2209 4383 2330 4423 mox
2364 4367 2618 4434 deinceps
2650 4364 2883 4418 ostendit
2908 4364 2991 4418 his
3019 4363 3217 4426 verbis,
3251 4380 3269 4410 ι
3301 4362 3424 4429 quia
3449 4376 3565 4417 ca:-

305 4477 379 4527 μα
426 4458 523 4509 καὶ
563 4456 903 4525 δικαιοσύνην
940 4457 997 4508 ἐν
1034 4456 1228 4508 Ἰακὼϐ
1267 4457 1329 4509 σὺ
1380 4457 1659 4526 ἐποίησας.
1703 4476 1719 4508 ι
1748 4457 1881 4510 Θεοῦ

1992 4462 2068 4528 pit
2103 4460 2253 4513 abire
2286 4469 2404 4528 post
2433 4472 2593 4510 vana.
2619 4474 2636 4506 ι
2675 4455 3005 4524 Principium
3060 4454 3216 4521 hujus
3262 4453 3456 4518 morbi,
3485 4453 3564 4505 iu-

304 4552 411 4620 γὰρ
445 4551 475 4602 ο
508 4548 689 4617 νόμος,
714 4549 803 4600 καὶ
833 4549 879 4599 εί
925 4547 1163 4601 λαλεῖται
1205 4549 1271 4601 δι’
1304 4548 1569 4615 ἀγγέλων.
1618 4548 1776 4601 Ἀλλὰ
1804 4550 1886 4612 τίς

306 4640 637 4711 ἠπῴσασις
680 4638 794 4702 τοῦ,
830 4639 921 4691 καὶ
962 4638 1150 4707 ἐχθρὸν
1203 4638 1505 4708 ἡγήσασθαι
1551 4639 1640 4691 τὸν
1682 4639 1843 4706 νόμον
1868 4678 1882 4702 ,

307 4734 399 4783 καὶ
434 4729 821 4798 καταπατῆσαι
853 4730 911 4781 τὸ
942 4732 1134 4799 κρῖμα,
1162 4730 1443 4799 παρέδειξε
1494 4730 1673 4792 πάλιν,
1724 4731 1885 4792 εὐθὺς

306 4821 491 4886 εἰπὼν,
516 4841 533 4872 ι
550 4822 671 4875 Ὀτι
697 4820 898 4891 ἤρξατο
929 4819 1251 4889 πορεύεσθαι
1268 4820 1557 4873 ὀπίσωτῶν
1581 4821 1843 4891 ματαίων.
1860 4839 1878 4871 ι

319 4913 482 4982 Ἀρχὴ
507 4912 609 4980 τῆς
638 4911 849 4964 τοιᾶσδε
876 4910 1054 4965 νόσου.
1085 4911 1237 4977 φησι,
1289 4910 1349 4962 τὸ
1380 4913 1543 4980 τιμᾷν
1571 4911 1787 4963 ἑλέσθαι
1817 4910 1885 4962 τὰ

308 5004 530 5072 ματαια,
564 5004 657 5055 καὶ
690 5002 1110 5055 κατακολουθεῖν
1146 5000 1403 5063 εἰδώλοις.
1450 5003 1753 5071 Ἀμήχανον
1782 5003 1888 5073 γὰρ

306 5096 363 5145 ἐν
394 5094 577 5163 ταυτῷ
603 5094 697 5146 καὶ
724 5094 841 5164 Θεῴ
869 5094 1128 5146 δύνασθαι
1191 5093 1627 5156 κατακολουθεῖν,
1660 5095 1753 5146 καὶ
1773 5097 1887 5157 τοῖς

308 5189 583 5254 πονηροῖς,
624 5187 718 5239 καὶ
762 5185 1091 5255 ἀκαθάρτοις
1150 5184 1442 5248 πνεύμασι.
1479 5185 1577 5237 Διά
1610 5184 1766 5236 τοῦτο
1792 5184 1886 5235 καὶ

306 5278 333 5328 ὁ
363 5277 647 5339 θεσπέσιος
682 5276 883 5344 γράφει
934 5276 1141 5337 Παῦλος
1162 5292 1175 5305 ’
1220 5295 1238 5326 ί
1280 5276 1350 5327 0'3
1380 5274 1603 5327 δύνασθε
1628 5274 1885 5344 ποτήριον

304 5367 397 5418 τοῦ
454 5367 661 5433 Κυρίου
707 5366 901 5427 πίνειν,
950 5367 1040 5418 καὶ
1091 5368 1346 5435 ποτήριον
1392 5364 1706 5433 δαιμονίων.
1756 5384 1773 5415 ι
1806 5367 1879 5417 Οὐ

304 5455 531 5509 δύνασθε
577 5457 856 5527 τραπέζης
880 5458 1085 5526 Κυρίου
1139 5458 1405 5527 μετέχειν,
1452 5457 1547 5508 καὶ
1600 5456 1878 5525 τραπέζης

305 5547 615 5619 δαιμονίων.
648 5550 990 5618 Μονότροπος
1022 5550 1126 5620 γὰρ
1151 5550 1178 5599 ὁ
1204 5546 1475 5616 θεοφιλὴς,
1506 5547 1871 5616 ἀλλοπρόσαλ-

384 5730 643 5801 “Εῑοε1ι.
679 5762 751 5811 ικ,
786 5746 899 5800 2-6.
980 5749 1019 5777 δ’
1065 5746 1249 5802 Matth.
1291 5763 1341 5810 ν,
1384 5747 1461 5801 is.

1991 4553 2128 4621 quit,
2159 4553 2371 4605 dedisse
2400 4565 2456 4604 se
2481 4549 2635 4603 vanis
2668 4547 3019 4609 honorandis,
3067 4556 3120 4599 et
3166 4554 3407 4598 secutum
3443 4558 3564 4599 esse

1992 4644 2151 4697 idola.
2183 4641 2321 4696 Fieri
2351 4642 2491 4695 enim
2517 4657 2621 4692 non
2650 4648 2828 4707 potest
2880 4647 2935 4689 ιιι
2969 4638 3019 4691 iu
3052 4636 3236 4689 eodem
3286 4645 3339 4689 et
3395 4633 3561 4690 Deum

1990 4745 2043 4788 et
2074 4750 2301 4803 nequam
2340 4744 2499 4802 atque
2528 4731 2833 4783 immundos
2864 4730 3088 4798 spiriius
3122 4728 3387 4797 sequaris.
3420 4727 3565 4793 Quo-

1989 4825 2134 4879 circa
2170 4834 2222 4879 et
2270 4824 2481 4877 divinus
2513 4821 2745 4874 Paulus:
2782 4837 2799 4869 ι
2829 4818 2941 4871 Non
2982 4818 3219 4887 poteSIis,
3261 4818 3449 4885 inquit,
3483 4818 3563 4870 bi-

1991 4917 2116 4971 bere
2149 4915 2368 4970 calicem
2426 4912 2629 4966 Domini
2672 4922 2727 4964 et
2769 4912 2988 4963 ealitem
3032 4910 3413 4962 daemoniorum
3436 4911 3503 4964 ⁸ο.
3539 4928 3558 4960 ι

1997 5008 2234 5061 Moribus
2259 5006 2453 5073 quippe
2475 5002 2759 5055 uniformis
2787 5011 2869 5054 est
2897 5001 2987 5070 qui
3021 5000 3194 5069 diligit
3222 5001 3383 5054 Deum
3411 5019 3425 5065 ;
3456 5017 3563 5054 mu.

2000 5097 2175 5150 labilis
2225 5105 2423 5157 autem,
2454 5102 2507 5146 et
2561 5091 2845 5151 ﬂuctuans,
2874 5099 2928 5143 et
2960 5100 3188 5159 utroque
3222 5106 3435 5144 versum
3484 5092 3563 5143 ire

1988 5201 2184 5255 gnarus
2220 5188 2525 5245 Suhversor,
2551 5190 2604 5235 et
2643 5182 2796 5235 facile
2831 5182 3029 5237 vadens
3052 5197 3157 5251 quo
3203 5198 3322 5237 sors
3354 5183 3557 5236 tulerit.

1993 5297 2009 5326 ι
2041 5284 2223 5344 ttapie
2260 5274 2383 5327 facti
2416 5283 2559 5337 sunt,
2596 5272 2796 5339 inquit,
2835 5273 3107 5341 principes
3135 5270 3269 5327 Juda
3302 5283 3357 5325 ut
3385 5284 3560 5325 trans-
3632 5322 3639 5327 κ

1986 5376 2244 5437 μίιιιοιιιιιε
2302 5366 2578 5418 terminos.
2604 5363 2883 5432 Oppressit
2910 5379 3035 5417 vero
3070 5373 3124 5418 et
3160 5363 3413 5431 Ephraim
3463 5362 3557 5411 ad-

1982 5459 2276 5512 vers‘arium
2306 5467 2552 5517 suum,et
2580 5456 2918 5510 conculcavit
2940 5455 3216 5521 judicium.
3240 5455 3341 5506 Ero
3368 5458 3550 5502 autem

1983 5556 2033 5604 iu
2060 5563 2329 5618 posterum
2358 5550 2511 5617 quasi
2538 5549 2881 5604 conturbatio
2909 5546 3180 5614 Ephraim,
3199 5555 3250 5596 et
3273 5536 3425 5610 quasi
3456 5537 3555 5591 8ιὶ-

1544 5748 1658 5779 “M9
1692 5746 1832 5802 Ρέίιιο
1870 5761 2049 5809 “illi,
2092 5745 2131 5797 ί.
2214 5747 2255 5777 ⁸ο
2284 5746 2299 5797 l
2327 5746 2450 5799 Car.
2483 5762 2534 5809 Χ,
2570 5746 2656 5800 9.0.
