3954 6208
404 326 516 385 455

1398 322 1455 381 S.
1499 323 1770 379 CYRILLI
1811 325 2280 382 ALEXANDRINI
2316 325 2630 381 ARCllilil‘.

3549 326 3651 381 156

407 443 585 494 mulus
617 436 774 494 .luda.
811 456 832 491 ι
872 438 1046 506 Quod,
1081 439 1210 508 quid
1250 439 1322 494 sit
1383 454 1606 495 necesse
1639 448 1722 496 est
1767 457 1975 495 accura-

2092 444 2180 507 λος
2215 445 2272 498 δὲ
2298 443 2390 496 καὶ
2417 441 2832 511 σεσαλευμένος,
2851 440 2942 494 καὶ
2964 441 3049 494 ἐπ’
3072 439 3238 510 ἄμφω
3259 438 3460 509 βαίνειν
3483 437 3654 504 εἰδὼς,

408 527 517 581 tius
541 526 875 597 indagemus.
937 527 1040 581 Alii
1077 527 1240 597 igitur
1274 528 1600 598 interpretes
1631 544 1728 599 pro
1750 548 1766 580 ι
1797 532 1979 584 turba-

411 619 507 679 tio.
536 636 555 669 ι
588 627 847 672 comestor
878 619 1247 683 reddiderunt,
1281 628 1336 674 et
1364 633 1461 688 pro
1490 638 1509 672 ι
1537 621 1805 685 stimulus,
1830 640 1851 673 ι
1884 638 1975 690 pn-

410 708 577 763 tredo.
606 709 711 779 91
740 709 809 763 At
849 708 1198 781 Septuaginta
1239 709 1592 765 turbationem
1628 720 1683 766 et
1712 713 1979 766 stimulum
2009 769 2020 777 λ

411 799 776 854 nominarunt.
796 800 1129 857 Conturbato
1155 799 1299 855 enim
1326 815 1429 856 non
1463 801 1673 856 modice
1701 801 1978 871 Ephraim,

413 892 526 945 sive
555 893 736 948 decem
770 892 1011 947 tribubus
1037 903 1254 962 propter
1281 892 1476 948 bellum
1516 892 1713 962 partim
1746 908 1778 947 a
1814 893 1979 948 liniti-

412 983 517 1037 mis
546 982 717 1053 Syris,
745 984 937 1049 partim
975 998 1004 1036 a
1039 982 1219 1038 Persis
1244 992 1299 1039 et
1320 983 1558 1054 Assyriis
1585 984 1865 1054 ingruens,
1891 985 1982 1039 do-

414 1074 555 1130 lebat
593 1075 850 1142 graviter,
886 1090 988 1129 nec
1022 1089 1211 1142 parum
1252 1074 1577 1130 formidabat
1630 1075 1797 1131 Judas
1824 1092 1839 1141 ;
1870 1078 1983 1132 sive

410 1165 590 1233 potius
618 1166 796 1220 animo
825 1165 1089 1220 testuabat
1113 1166 1477 1232 vehementer,
1507 1167 1646 1234 quod
1672 1165 1980 1234 propediem

411 1257 579 1325 paria,
598 1266 687 1310 aut
722 1257 876 1327 longe
899 1258 1164 1312 deteriora
1191 1257 1330 1312 mala
1357 1258 1408 1311 in
1433 1257 1738 1313 cervicibus
1762 1258 1862 1312 sibi
1897 1256 1981 1312 lu-

412 1358 527 1399 tura
548 1346 832 1400 divinaret.
851 1346 1263 1417 ingravescente
1283 1349 1427 1403 enim
1460 1348 1621 1411 bello,
1638 1359 1692 1403 et
1724 1347 1983 1404 Samaria:

409 1436 602 1506 oppida
654 1446 897 1505 urgente,
933 1451 1153 1493 necesse
1182 1447 1298 1493 erat
1328 1438 1513 1506 utique
1544 1437 1791 1506 ﬁnitima,
1821 1438 1979 1504 Jutla,

408 1528 655 1597 inquam,
687 1538 741 1583 et
774 1529 1069 1599 Bettjamin,
1093 1529 1251 1585 simul
1282 1531 1477 1598 perire.
1507 1531 1864 1597 Quamobrem
1896 1534 1983 1588 hic

411 1620 649 1675 turbatio
680 1620 802 1675 belli
826 1620 1076 1675 hostilem
1103 1621 1677 1684 adventum,stimulus
1700 1631 1882 1677 autem
1915 1638 1982 1677 ex

411 1714 630 1767 tristitia
661 1722 717 1768 et
770 1727 1006 1768 maerore
1037 1714 1338 1767 cruciatum
1370 1712 1696 1776 subindicat,
1725 1727 1755 1767 a
1787 1712 1981 1783 quibus

2081 534 2110 585 6
2151 532 2467 601 ἀνασφαλὴς
2489 570 2506 595 ,
2544 531 2636 584 καὶ
2668 532 2753 599 ἐφ’
2782 530 2917 600 ὅπερ
2948 528 3015 584 ἀν
3047 527 3201 598 τύχοι
3235 526 3463 597 βαδίζων
3500 526 3657 580 εὐκό-

2081 623 2207 687 λως.
2256 621 2488 688 Οὐκοῦν,
2551 642 2570 673 ι
2605 622 2864 689 Γεγόνασι
2900 621 3001 689 μὲν
3041 620 3093 673 οἱ
3144 618 3403 690 ἄρχοντες
3466 618 3657 681 Ἰούδα,

2082 715 2267 784 φησὶν,
2297 713 2373 777 ὼς
2395 712 2774 783 μετατιθέντες
2802 712 2946 782 ὅρια.
2975 709 3453 763 Κατεδυνάστευσε
3476 708 3533 763 δὲ
3568 710 3659 763 καὶ

2080 806 2110 857 ὁ
2151 802 2392 875 Ἐφραίμ
2435 804 2528 857 τὸν
2571 803 2840 857 ἀντίδικον
2865 802 3052 866 αὐτοῦ,
3101 801 3446 871 κατεπάτησε
3483 799 3538 853 δὲ
3565 801 3659 855 καὶ

2082 897 2290 965 κρῖμα·
2348 894 2543 965 ἔσομαι
2571 894 2627 947 δὲ
2673 894 2857 948 λοιπὸν
2897 893 2973 958 ὡς
3017 893 3231 965 ταραχὴ
3278 891 3357 962 τῷ
3397 890 3656 962 Ἐφραῒμ,

2083 987 2176 1039 καὶ
2193 986 2269 1049 ὼς
2288 985 2510 1058 κέντρον
2529 984 2605 1057 τῷ
2633 984 2819 1038 Ἰούδα.
2836 1004 2853 1036 ι
2879 984 2990 1037 Καὶ
3008 983 3060 1037 τί
3079 984 3145 1054 δὴ
3165 982 3322 1037 τοῦτό
3342 984 3480 1046 ἐστι,
3503 980 3661 1034 πολυ-

2083 1073 2419 1141 πραγμονεῖν
2443 1071 2762 1139 ἀναγκαῖον.
2791 1074 2853 1125 Οἱ
2896 1071 2995 1142 μὲν
3033 1066 3129 1124 οὖν
3154 1072 3333 1140 ἕτεροι
3354 1071 3464 1124 τῶν
3495 1071 3662 1142 ὲρμη-
3730 1094 3737 1099 ·

2082 1163 2305 1226 νευτῶν,
2330 1163 2450 1217 ἀντὶ
2481 1163 2576 1216 τοῦ
2622 1181 2642 1214 ι
2682 1163 2914 1234 ταραχὴ,
2948 1181 2967 1213 ι
2989 1163 3276 1233 ,ϐρωστὴρ
3332 1164 3618 1233 εἰρήκασιν
3646 1179 3657 1191 ο

2082 1255 2203 1307 ἀντι
2225 1253 2281 1306 δὲ
2311 1274 2329 1306 ι
2358 1254 2449 1308 τοῦ
2485 1254 2731 1325 κέντρου,
2765 1254 3060 1323 ισῆψιςόί
3086 1254 3142 1307 δέ
3175 1271 3236 1323 γε
3259 1254 3661 1325 Ἐϐδομήκοντα

2082 1343 2373 1414 ταραχὴν,
2389 1344 2483 1398 καὶ
2521 1343 2769 1413 κέντρον
2782 1346 3094 1415 ὠνόμασαν.
3115 1345 3355 1417 Θορυϐου
3363 1346 3523 1415 μένου
3547 1344 3659 1415 γάρ

2081 1436 2144 1489 οὐ
2168 1434 2400 1506 μετρίως
2435 1435 2531 1489 τοῦ
2560 1435 2817 1506 Ἑφραῒμ,
2843 1437 2961 1507 ἦτοι
2999 1436 3108 1489 τῶν
3139 1436 3274 1489 δέκα
3304 1436 3511 1506 φυλῶν,
3555 1436 3662 1489 ὑπὸ

2081 1526 2177 1579 τοῦ
2213 1527 2665 1599 κατασκήψαντος
2710 1529 2893 1593 αὐτοῖς
2924 1528 3186 1600 πολέμου,
3220 1529 3381 1583 τοῦτο
3422 1530 3520 1601 μὲν
3555 1529 3661 1583 ὑπὸ

2082 1619 2320 1688 γείτονος
2364 1619 2455 1673 τοῦ
2489 1620 2639 1691 παρὰ
2659 1620 2866 1692 Σύρων,
2904 1621 3067 1693 φημὶ,
3107 1620 3268 1675 τοῦτο
3304 1622 3363 1675 δὲ
3421 1621 3524 1675 ὑπὸ
3562 1620 3658 1675 τοῦ

2082 1711 2351 1782 Περσικοῦ
2370 1712 2464 1765 καὶ
2479 1713 2542 1765 ὲκ
2555 1712 2654 1780 τῆς
2674 1712 2782 1766 τῶν
2812 1713 3111 1783 Ἀσσυρίων
3126 1712 3351 1783 ἥκοντος
3376 1713 3581 1782 χώρας,
3599 1713 3657 1765 ὲν

408 1805 661 1860 tutissimi
694 1813 853 1859 erunt
891 1818 1083 1873 sapere
1114 1803 1357 1858 volentes
1409 1818 1529 1873 quze
1558 1801 1760 1858 Christi
1819 1812 1975 1858 sunt:

2085 1804 2299 1868 ὀδύναις
2322 1799 2413 1875 ἦν,
2446 1805 2537 1857 καὶ
2563 1804 2662 1858 οὐκ
2693 1806 2751 1857 ὲν
2783 1803 3070 1876 μέτρ[ί]οις
3105 1804 3356 1875 δείμασιν
3376 1806 3406 1858 6
3436 1805 3658 1867 Ἰούδας,

409 1911 504 1967 per
554 1911 712 1966 quem
745 1906 800 1950 et
854 1912 974 1950 rum
1032 1912 1140 1966 quo
1199 1896 1306 1950 Deo
1354 1904 1409 1951 et
1461 1893 1607 1949 Patri
1633 1894 1802 1963 gloria
1852 1909 1973 1950 cum

2086 1895 2285 1965 μᾶλλον
2311 1895 2369 1948 δὲ
2400 1896 2492 1949 καὶ
2524 1897 2582 1948 ὲν
2623 1895 2833 1966 ἀγωνίᾳ
2882 1888 3073 1966 πολλῇ.
3108 1895 3482 1966 Προσεδόκησε
3525 1896 3655 1966 γὰρ.

406 1998 595 2042 sancto
626 1988 830 2059 Spiritu
864 1987 916 2042 in
941 2003 1155 2043 omnem
1181 1987 1562 2043 aeternitatem.
1599 1988 1795 2040 Amen.

2083 1984 2177 2038 κατ.
2200 1985 2300 2037 ούκ
2332 1985 2413 2047 είς
2436 1984 2673 2056 μακρὰν,
2706 1986 2816 2048 τοῖς
2842 1984 2977 2048 ἴσοις
2998 1985 3179 2055 τυχὸν,
3203 1985 3235 2055 ἢ
3263 1985 3395 2039 πολῦ
3421 1986 3659 2057 χείρονος

405 2081 666 2135 ἐναλῶναι
699 2085 917 2145 κακοῖς·
946 2082 1317 2152 ἐπιϐρίθοντας
1345 2081 1451 2153 γὰρ
1474 2080 1569 2134 τοῦ
1632 2080 1891 2151 πολέμου,
1917 2080 2010 2133 καὶ
2081 2081 2202 2141 ταῖς
2252 2080 2392 2131 κατὰ
2422 2079 2520 2148 τὴν
2560 2078 2876 2149 Σαμάρειαν
2925 2079 3147 2133 πόλεσιν
3204 2080 3657 2149 ἐπισκήπτοντός,

406 2178 554 2230 πᾶσὰ
596 2195 711 2239 πως
757 2179 969 2247 ἀνάγκη
1005 2174 1071 2249 ἦν
1130 2178 1527 2232 συνδιόλλυσθαι
1559 2177 1658 2241 τὰς
1718 2177 1973 2248 ὁμόρους,
2012 2177 2110 2239 τὰς
2160 2175 2267 2228 τῶν
2327 2174 2386 2239 ἐξ
2421 2175 2613 2240 Ἰούδα,
2655 2176 2820 2245 φημὶ.
2874 2178 2971 2230 καὶ
3035 2176 3312 2245 Βενιαμίν.
3373 2176 3579 2229 Οὐκοῦν
3621 2178 3656 2247 ή

407 2267 506 2337 μὲν
536 2252 746 2339 Imperii]
779 2270 872 2323 τοῦ
903 2270 1140 2339 πολέμου
1165 2270 1261 2340 τὴν
1326 2270 1534 2339 ἔφοδον,
1574 2269 1634 2322 τὸ
1695 2268 1753 2322 δὲ
1783 2268 2005 2340 κέντρον
2078 2270 2135 2321 ἐν
2175 2266 2385 2329 τούτοις
2414 2266 2513 2336 τὴν
2560 2268 2625 2319 ὲκ
2658 2267 2835 2336 λύπης
2865 2284 2923 2321 τε
2990 2268 3088 2321 καὶ
3132 2266 3437 2336 δυσθυμίας
3463 2267 3658 2337 ὀδύνην

405 2361 675 2431 ὑποδηλοῖ,
739 2354 813 2413 ὧν
854 2359 958 2427 ἔξω
993 2379 1094 2413 που
1125 2363 1339 2425 πάντως
1389 2356 1498 2415 εἶεν
1552 2360 1619 2415 ἂν
1665 2362 1715 2414 οἱ
1752 2362 1985 2433 φρονεῖν,
2005 2354 2279 2422 ἐθέλοντες
2344 2358 2411 2411 τὰ
2476 2358 2712 2429 Χριστοῦ
2737 2374 2751 2387 σ
2779 2358 2846 2412 δι’
2876 2350 2939 2411 οὗ
2972 2358 3064 2412 καὶ
3093 2358 3212 2428 μεθ’
3236 2354 3297 2410 ού
3323 2357 3399 2428 τῷ
3424 2358 3541 2428 θεῷ
3565 2352 3662 2412 καὶ

406 2452 578 2524 Πατρὶ
615 2453 648 2523 ἡ
687 2452 816 2518 δόξα
853 2454 948 2506 σὺν
990 2454 1127 2523 ἁγίῳ
1161 2455 1436 2525 Πνεύματι
1474 2456 1552 2517 είς
1579 2455 1706 2518 τοὺς
1753 2453 1955 2518 αἰῶνας
1992 2453 2098 2506 τῶν
2120 2451 2351 2507 αἰώνων.
2397 2453 2591 2523 Ἀμήν.

655 2604 1059 2696 TOMUS
1133 2608 1723 2712 QUARTUS-

472 2752 635 2807 νιος.
671 2755 758 2808 15.
798 2754 865 2808 Et
902 2756 1030 2809 vidit
1064 2755 1316 2822 Epitraim
1341 2758 1576 2811 morbum
1608 2776 1781 2821 suum.
1805 2771 1850 2813 et
1874 2759 1973 2813 Ju-

401 2844 497 2898 dJs
528 2845 759 2899 dolorem
796 2862 970 2910 suum,
990 2856 1035 2899 et
1074 2847 1204 2901 abiit
1241 2848 1492 2918 Epitraim
1530 2852 1599 2903 ad
1634 2853 1897 2921 Assyrios,
1928 2867 1973 2909 et

2342 2601 2728 2687 ΤΟΜΟΣ
2798 2600 3392 2686 ΤΕΤΛΡΤΟΣ.

2145 2757 2255 2809 Κ(ιί
2290 2753 2450 2810 εἶδεν
2483 2757 2726 2825 Ἐρραῒμ
2752 2755 2862 2825 τὴν
2891 2757 3082 2810 νόσον
3112 2757 3318 2821 αὑτοῦ,
3361 2755 3459 2810 καὶ
3506 2755 3658 2810 Ἰού-

2072 2847 2181 2914 δας
2212 2847 2322 2916 τὴν
2373 2848 2602 2915 ὀδύνην
2631 2848 2845 2913 αὐτοῦ,
2899 2849 2995 2901 καὶ
3058 2848 3353 2915 ἐπορεύθη
3407 2846 3657 2916 Ἐφραῒμ
3747 2857 3753 2862 ’

402 2936 541 2989 misit
566 2935 760 3005 legatos
789 2937 858 2989 ad
885 2953 1049 3005 regem
1074 2937 1257 3002 lat-im,
1276 2953 1322 2992 et
1353 2942 1437 2993 Itic
1470 2957 1575 2994 non
1596 2945 1761 3010 potuit
1786 2963 1974 3000 sanare

2080 2941 2225 3007 πρὸς
2265 2941 2645 3009 'Ao‘o‘vplovc,
2693 2940 2792 2993 καὶ
2839 2938 3158 2994 ἀπέστειλε
3204 2940 3479 3007 πρέσϐεις
3506 2939 3658 3005 πρὸς

402 3042 509 3092 vos,
541 3036 587 3080 et
621 3042 722 3080 non
758 3025 913 3095 faciet
944 3043 1148 3082 cessare
1169 3047 1199 3081 a
1234 3030 1375 3083 vobis
1400 3029 1655 3086 dolorem.

474 3327 606 3382 LIX.
664 3328 1020 3399 Posteaquam
1070 3329 1245 3386 fartus
1302 3342 1386 3386 est
1431 3332 1573 3388 Deus
1633 3335 1975 3392 conturbatio

400 3419 690 3489 Epltraim,
739 3428 795 3475 et
833 3430 1090 3492 tanquam
1141 3422 1394 3480 stimulus
1444 3426 1625 3481 domui
1654 3424 1812 3492 Jnda,
1843 3430 1975 3484 vidit

401 3514 651 3567 morbum
679 3526 860 3575 suum,
892 3513 1006 3569 sive
1035 3515 1453 3572 imbecillitatem
1500 3527 1557 3573 et
1602 3518 1972 3576 inﬁrmitatem

400 3618 553 3658 suam
579 3602 835 3672 Ephraim
869 3622 885 3659 :
916 3605 1046 3675 quin
1074 3614 1130 3662 et
1163 3606 1330 3663 Judas
1358 3609 1601 3665 dolorem
1636 3626 1800 3667 suum
1827 3629 1841 3665 :
1869 3628 1973 3667 una

400 3693 544 3747 enim
572 3707 697 3748 cum
757 3693 1001 3748 Samaria
1046 3696 1180 3752 lines
1205 3697 1486 3769 Beniamin
1518 3701 1777 3757 incursati
1823 3713 1970 3759 sunt.

402 3784 610 3840 Deinde
637 3785 708 3839 ob
740 3785 845 3841 hoc
875 3786 1080 3841 fractus
1133 3787 1511 3856 desperatione
1537 3790 1813 3861 prraim,
1875 3807 1975 3849 nec

400 3877 543 3946 potis
577 3877 796 3932 casibus
817 3877 935 3934 istis
963 3878 1159 3933 robore
1177 3895 1276 3935 suo
1304 3879 1592 3945 obsistere,
1625 3897 1726 3939 nec
1753 3884 1974 3941 bellicas

400 3969 581 4026 clades
610 3969 842 4036 amoliri,
875 3971 1051 4027 denuo
1074 3971 1496 4042 omnipotentem
1524 3971 1691 4028 Deum
1728 3972 1973 4040 oll’endit,

2071 3034 2339 3098 βασιλέα
2375 3032 2610 3101 Ἰωρείμ,
2642 3032 2739 3086 καὶ
2800 3028 2980 3096 οὗτος
3011 3034 3121 3085 οὐκ
3154 3030 3462 3099 ἠδυνάσθη
3492 3030 3652 3083 ἱείσα-

2076 3129 2214 3178 σθαι
2244 3125 2417 3195 ὑμᾶς,
2450 3127 2546 3179 καὶ
2590 3127 2661 3180 οὐ
2694 3123 2779 3195 μὴ
2824 3123 3135 3193 διαπειύσῃ
3185 3124 3253 3190 ἐξ
3296 3124 3461 3195 ὑμῶν
3516 3125 3658 3177 ὀὸὐο

2078 3233 2214 3282 νην.

2146 3331 2255 3385 ΝΘ¹
2284 3330 2420 3384 Θεού
2446 3330 2729 3400 γεγονότος
2768 3328 2845 3394 ὡς
2873 3330 3117 3400 ταραχῆς
3149 3328 3227 3401 τῷ
3266 3325 3523 3399 Ἐφραῒμ,
3560 3331 3656 3382 καὶ

2079 3423 2185 3495 μὴν
2209 3423 2300 3476 καὶ
2319 3423 2393 3484 ὡς
2422 3422 2648 3492 κέντρου
2679 3421 2755 3491 τῷ
2776 3422 2907 3491 οἴκῳ
2940 3421 3128 3484 Ἰούδα,
3154 3418 3403 3474 τεθέαται
3425 3420 3521 3490 μὲν
3548 3419 3648 3487 τὴν

2075 3518 2270 3572 ἑαυτοῦ
2311 3516 2486 3579 νόσον,
2517 3515 2636 3585 ἦτοι
2649 3515 2708 3568 τὸ
2724 3513 2914 3568 ἀναλκι
2945 3512 3303 3577 καὶάσθενὲς,
3323 3515 3351 3565 ό
3378 3512 3651 3581 Ἐφραίμ·

2077 3614 2169 3668 καὶ
2202 3612 2306 3684 μὴν
2339 3614 2434 3665 καὶ
2470 3610 2670 3673 Ἰούδας
2716 3610 2815 3678 τὴν
2847 3606 3043 3678 ὀδύνην
3089 3606 3286 3662 αὐτοῦ’
3319 3606 3656 3678 συγκατεδη-

2073 3707 2199 3760 οὖτο
2225 3706 2352 3775 γάρ,
2380 3704 2454 3768 ὡς
2479 3704 2637 3774 ἔφην,
2672 3703 2785 3765 τοῖς
2808 3702 2865 3753 ὲν
2895 3700 3181 3771 Σαμαρείᾳ
3209 3700 3390 3753 καὶτὰ
3414 3700 3537 3770 ὅρια
3560 3700 3654 3751 τού

2077 3795 2359 3863 Βενιαμίν.
2416 3792 2548 3846 Εἶτα
2578 3791 2712 3862 πρὸς
2763 3789 2921 3845 τοῦτο
2961 3788 3278 3860 ἀπειρηκὼς
3311 3792 3339 3843 ό
3394 3787 3653 3860 Ἐφραίμ,

2075 3887 2169 3938 καὶ⁸
2205 3885 2363 3949 ἰδίαις
2392 3884 2684 3954 δυνάμεσιν
2706 3882 3091 3952 ἀντιφέρεσθαι
3113 3884 3224 3945 τοῖς
3250 3880 3657 3950 συμϐεϐηκόσιν

2073 3978 2175 4032 οὐκ
2203 3977 2361 4049 ἔχων,
2399 3975 2523 4031 οὔτε
2555 3976 2661 4048 μὴν
2701 3974 3056 4030 ἀποσείεσθαι
3099 3973 3166 4027 τά
3199 3974 3262 4025 ὲκ
3291 3972 3385 4026 τοῦ
3416 3972 3654 4042 πολέμου

400 4076 501 4119 nec
525 4062 579 4118 in
608 4062 738 4132 ipsis
753 4061 1000 4135 ﬂagellis,
1029 4072 1088 4119 ut
1140 4065 1211 4119 ita
1251 4064 1453 4131 dicam,
1480 4066 1772 4122 utilitatem
1820 4081 1973 4123 suam

2080 4073 2249 4145 βλάϐη
2301 4072 2621 4142 δυνάμενος,
2679 4070 3086 4141 προσκέκρουκε
3138 4066 3300 4119 πάλιν
3342 4063 3421 4134 τῷ
3478 4065 3656 4118 πάντα

398 4155 683 4225 cognovit;
747 4165 801 4211 et
856 4170 978 4211 cum
1027 4157 1333 4215 advenisset
1380 4167 1594 4228 tempus
1647 4174 1753 4229 quo
1798 4160 1974 4230 potius

2080 4165 2317 4237 ἰσχύοντι
2345 4164 2488 4233 Θεῷ.
2523 4164 2644 4217 οὐδὲ
2678 4163 2736 4214 ὲν
2773 4162 2986 4226 αὑταῖς,
3022 4159 3087 4212 ἵν’
3122 4157 3294 4221 οὕτως
3324 4158 3481 4219 sine),
3537 4159 3656 4219 ταῖς

398 4247 643 4301 converti
678 4249 744 4301 ad
779 4248 946 4304 Deum
981 4249 1278 4316 debuisset,
1304 4260 1433 4305 tunc
1465 4252 1701 4308 maxime
1757 4254 1806 4307 ei
1858 4268 1973 4307 mo-

2080 4253 2331 4325 μάστιξιν
2377 4249 2707 4320 ὲννενοηκὼς
2738 4248 2798 4301 τὸ
2834 4246 3137 4317 συμφέρον.
3182 4241 3565 4312 Ἐνεστηκότος
3596 4240 3655 4293 δὲ

395 4334 609 4393 lestiam
640 4338 917 4406 exhibere,
942 4349 998 4395 et
1029 4340 1349 4397 insolentius
1375 4342 1443 4396 ab
1466 4356 1531 4396 eo
1554 4343 1830 4397 discedere
1863 4359 1968 4399 non

2080 4316 2167 4401 τοῦ
2221 4316 2439 4413 καιροῦ,
2473 4316 2599 4396 καθ’
2629 4342 2688 4394 ὃν
2722 4341 2830 4394 ἔδει
2882 4316 3084 4410 μᾶλλον
3118 4336 3472 4407 ἐπιστρέφειν
3517 4334 3655 4405 πρὸς

399 4429 681 4483 dubitavit.
743 4428 861 4483 Non
893 4431 1034 4484 enim
1102 4430 1385 4497 ignorabat
1418 4433 1595 4485 omnis
1632 4433 1817 4500 gloriae
1861 4448 1973 4489 sua:

2080 4436 2162 4489 τὸν
2206 4434 2360 4496 Θεὸν,
2409 4432 2528 4486 τότε
2575 4431 2640 4500 δὴ
2693 4427 2931 4496 μάλιστα
2987 4426 3179 4478 λυπεῖν
3228 4421 3522 4494 ᾑρημένος,
3561 4419 3655 4471 καὶ

399 4528 775 4583 auctorem,ac
804 4527 1034 4575 tutorem
1075 4521 1240 4574 Deum
1262 4536 1405 4583 esse,
1437 4523 1528 4591 qui
1559 4524 1701 4578 vires
1735 4526 1801 4578 ad
1827 4524 1973 4580 fran-

399 4609 604 4675 gendos
631 4609 972 4663 adversarios
993 4624 1206 4678 semper
1234 4610 1475 4679 largitur.
1513 4611 1616 4666 Sed
1654 4613 1784 4667 nihil
1807 4614 1973 4681 pluri-

400 4701 500 4755 bus
531 4716 663 4771 opus
689 4710 792 4763 est,
818 4716 940 4757 cum
991 4710 1164 4756 exstet
1192 4701 1277 4755 illa
1308 4716 1404 4755 vox
1438 4702 1635 4773 Moysis
1679 4704 1970 4775 sapientis‘

398 4791 522 4846 simi
563 4810 577 4847 :
614 4810 633 4844 ι
667 4791 924 4846 Dominus
976 4801 1260 4847 conterens
1286 4791 1460 4858 bella;
1488 4790 1743 4849 Dominus
1777 4810 1971 4849 nomen

398 4883 626 4950 ejus“,i
654 4886 947 4956 doceatque
975 4884 1112 4940 idem
1141 4885 1423 4956 perspicue
1477 4886 1618 4954 quod
1668 4901 1763 4956 per
1796 4887 1972 4956 ipsum

397 4984 453 5031 et
483 4974 535 5028 in
570 4976 684 5045 ipso
712 4994 731 5027 ι
760 4993 899 5031 unus
926 4985 1282 5048 persequetur
1311 4975 1476 5042 mille,
1497 4985 1552 5030 et
1579 4978 1685 5031 duo
1709 4976 1974 5047 lugabunt

399 5066 583 5119 decem
614 5066 778 5119 millia
810 5068 877 5121 ⁸³.
911 5086 930 5120 ι
969 5069 1171 5125 Deinde
1214 5084 1337 5125 cum
1370 5069 1437 5121 ab
1465 5068 1582 5136 ipso
1606 5079 1662 5124 et
1691 5069 1807 5124 solo
1836 5084 1970 5125 con-

400 5164 613 5211 suetum
643 5157 904 5211 auxilium
938 5159 1136 5214 iterum
1181 5171 1382 5230 petere,
1408 5160 1517 5231 92
1541 5171 1594 5215 et
1625 5161 1878 5231 precibus
1904 5164 1972 5218 ad

398 5248 822 5303 succurrendum
851 5248 954 5304 sibi
986 5250 1311 5307 salvatorem
1348 5253 1643 5310 sollicitare
1664 5264 1963 5325 oporteret,

400 5341 515 5395 dira
555 5340 606 5393 in
637 5350 802 5409 caput
823 5356 979 5395 suum
1011 5342 1300 5397 meditatus
1324 5353 1424 5397 est.
1454 5344 1617 5401 Missa
1644 5348 1787 5401 enim
1822 5346 1967 5417 lega-

400 5433 548 5487 tione
575 5433 640 5486 ad
701 5432 902 5487 alienos
932 5442 987 5487 et
1032 5432 1237 5498 hostes,
1282 5447 1378 5487 cos
1409 5436 1685 5503 suppetias
1736 5437 1963 5504 rogavit.

405 5541 423 5576 ‹
453 5523 651 5582 Fartus
673 5535 755 5581 est
778 5525 919 5580 enim
953 5525 1204 5596 I‘Iphraim
1232 5536 1291 5581 ut
1319 5526 1563 5580 colmnba
1598 5528 1877 5597 insipiens,
1914 5537 1967 5583 et

474 5698 512 5729 ³⁸
556 5698 759 5769 Jadith,
802 5720 907 5765 xw.
943 5705 990 5757 5,
1068 5703 1111 5736 ⁸³
1145 5701 1293 5757 Dent.
1328 5718 1496 5763 xxxii,
1534 5704 1616 5757 πθ.

2068 4526 2343 4596 ἁπεφοίτα
2379 4521 2735 4594 ἀγριώτερον.
2764 4518 2880 4573 Οὐκ
2909 4518 3095 4589 ἠγνόει
3125 4516 3222 4588 μὲν
3253 4515 3362 4584 γάρ
3389 4513 3480 4567 τὸν
3516 4511 3655 4567 ἀπά-

2070 4635 2170 4687 σης
2191 4618 2373 4679 αὐτοῖς
2397 4612 2648 4676 εὐκλείας
2682 4611 2775 4664 καὶ
2817 4608 3075 4681 χορηγὸν,
3113 4607 3209 4660 καὶ
3242 4606 3531 4677 πρύτανιν,
3561 4602 3656 4655 τὸν

2069 4709 2163 4762 τοῦ
2194 4708 2460 4761 δύνασθαι
2494 4706 2715 4774 κρατεῖν
2744 4702 2852 4756 τῶν
2888 4699 3304 4770 ἀνθεστηκότων
3336 4696 3421 4751 ἀεὶ
3451 4694 3654 4765 δοτῆρα

2068 4799 2219 4853 Θεόν.
2278 4798 2417 4851 Ἀλλ’
2463 4796 2676 4860 οὐδενὸς
2713 4796 2866 4865 ἠξίου
2917 4793 2980 4847 τὸ
3019 4792 3207 4863 χρῆμα
3258 4789 3435 4858 λόγου,
3475 4786 3654 4840 καίτοι

2069 4892 2161 4945 τοῦ
2190 4891 2463 4959 πανσόφου
2486 4888 2910 4960 διακεκραγότος
2930 4887 3175 4949 Μωσέως
3196 4901 3208 4916 ·
3240 4902 3259 4936 ι
3294 4881 3497 4952 Κύριος
3529 4897 3651 4933 συν-

2067 4983 2269 5054 τρίϐων
2296 4982 2585 5053 πολέμους,
2609 4980 2813 5050 Κύριος
2837 4979 3012 5049 ὄνομα
3058 4975 3228 5045 αὐτῷ,
3264 4994 3282 5026 ι
3312 4970 3651 5033 διδάσκοντὸς

2069 5092 2130 5127 τε
2163 5074 2371 5142 σαφῶς,
2394 5073 2479 5127 ὅτι
2503 5072 2569 5125 δι’
2596 5070 2763 5125 αὐτοῦ
2794 5086 2853 5123 τε
2928 5070 3023 5122 καὶ⁴
3055 5067 3112 5119 ὲν
3145 5063 3292 5134 αὐτῷ
3327 5082 3346 5112 ι
3391 5061 3651 5126 Διώξεται

2073 5164 2155 5233 εἷς
2186 5168 2406 5239 χιλίους,
2442 5166 2536 5219 καὶ
2550 5164 2643 5218 δύο
2669 5162 3094 5234 μετακινήσουσι
3127 5155 3412 5227 μυριάδας.
3447 5173 3466 5205 ι
3496 5149 3648 5216 Εἶτα,

2074 5262 2190 5315 δέον
2219 5261 2350 5331 παρ’
2372 5258 2535 5313 αὐτοῦ
2570 5257 2634 5328 δὴ
2669 5255 2762 5309 καὶ
2788 5254 2952 5323 μόνου
2974 5249 3072 5321 τὴν
3096 5247 3302 5319 συνήθη
3337 5247 3499 5300 πάλιν
3533 5249 3645 5299 ὲπι-

2075 5354 2299 5423 κουρίαν
2325 5353 2515 5413 αἰτεῖν,
2550 5349 2644 5403 καὶ
2672 5347 2844 5408 λιταῖς
2895 5341 3208 5397 ἀναπείθειν
3237 5339 3441 5412 ἀμῦναί
3475 5339 3525 5390 οἱ
3560 5338 3648 5391 τὸν

2075 5445 2336 5508 σώζοντα,
2367 5441 2540 5512 πικρά
2570 5439 2709 5494 κατά
2733 5437 2832 5506 τῆς
2880 5436 3014 5498 ἰδίας
3057 5433 3352 5513 ἐσκέπτετο
3384 5428 3646 5497 κεφαλῆς.

2088 5529 2478 5601 Ἐπρεπίὶεύετο
2534 5527 2642 5597 γὰρ
2675 5526 2808 5597 πρὸς
2862 5523 3208 5592 ἀλλοφύλους,
3259 5524 3350 5574 καὶ
3392 5519 3487 5588 τὴν
3520 5520 3646 5588 παρ’
