4002 6220
311 331 412 386 157

1234 325 1776 383 COMMENTARIUS
1811 327 1873 382 ΙΝ
1914 326 2143 382 OSEAM
2189 329 2623 386 PR‘OPIIETAM.

3444 342 3549 400 153

307 454 518 525 ἐχθρῶν
585 450 920 520 συμμαχίαν.
981 467 999 500 ι
1061 448 1306 518 Ἐγένετο
1345 449 1452 519 γὰρ
1513 448 1752 519 Ἐφραίμ
1801 448 1876 512 ὡς

1980 466 2074 505 cor
2097 467 2200 504 non
2224 451 2758 525 habensJEgyptum
2797 457 3103 528 invocabat,
3120 471 3173 516 ct
3203 465 3270 517 ad
3303 464 3554 536 Assyrios

307 541 608 614 περιστερὰ
659 540 840 603 ἄνους,
903 538 1003 590 οὐκ
1067 537 1264 607 ἔχουσα
1301 537 1548 608 καρδίαν.
1607 537 1881 605 Αἴγυπτον

307 634 646 699 ἐπεκαλεῖτο,
685 634 781 685 καὶ
811 631 894 692 εἰς
945 628 1260 699 ’Δσσυρίους
1295 627 1586 698 ἐπορεύετο
1609 644 1626 659 ·
1653 646 1672 678 ι
1703 627 1879 696 ἀπηλ-

307 727 502 796 λάχθαι
519 724 632 778 τῶν
665 719 1060 793 ἐπηρτημένων
1081 718 1248 790 ᾤοντο
1270 717 1475 772 κακῶν.
1499 718 1609 771 Καὶ
1630 718 1696 789 δὴ
1725 718 1879 788 βασισ

307 816 555 878 λεύοντος
581 816 640 867 ὲν
680 817 748 884 τῇ
792 809 1077 882 Σαμαρείᾳ
1102 809 1201 863 τοῦ
1230 808 1481 878 Μαναῒμ,
1513 807 1679 879 ἀνέϐη
1706 807 1882 871 Φύλας

309 907 560 978 βασιλεὺς
597 904 898 975 ’Δσσυρίων
947 903 1042 955 ἐπὶ
1068 900 1160 955 τὸν
1210 899 1448 971 Ἰσραήλ.
1480 894 1612 952 Εἶτα
1639 899 1880 970 χρήμασι

308 1003 400 1054 καὶ
419 997 738 1071 πρεσϐείαις
764 993 1044 1049 ἀνέπειθον
1070 991 1404 1062 ἀποσχέσθαι
1424 992 1522 1060 τῆς
1547 989 1672 1060 γῆς.
1700 986 1882 1042 Τοιοῦ-

305 1093 368 1147 τό
395 1095 514 1144 ἐστι
539 1089 621 1150 τὸ,
651 1108 669 1140 ι
716 1084 1018 1157 Ἐπορεύθη
1061 1083 1302 1154 Ἐφραίμ
1325 1081 1458 1154 πρὸς
1492 1082 1827 1153 Ἀσσυρίους.
1854 1101 1874 1134 ι

305 1184 484 1239 Φακεὲ
515 1181 756 1236 δέ-πάλιν
777 1221 793 1246 ,
825 1181 855 1232 ὁ
885 1177 977 1232 τοῦ
1007 1175 1308 1248 Ῥομελίου,
1345 1175 1598 1246 βασιλεὺς
1639 1175 1877 1247 Ἰσραὴλ,

306 1271 704 1346 κατεμισθοῦτό
759 1286 887 1324 ποτε
925 1269 1014 1322 τὸν
1047 1267 1324 1332 Ῥαασὼν,
1373 1266 1602 1338 βασιλέα
1656 1267 1878 1338 Συρίας,

306 1368 400 1420 καὶ
449 1363 802 1433 πεπολέμηκε
827 1359 906 1431 τῷ
950 1360 1118 1432 Ἰούδα
1148 1360 1246 1414 καίΔ
1263 1362 1376 1422 τοῖς
1402 1361 1466 1413 ἐκ
1495 1359 1669 1428 φυλῆς
1695 1361 1880 1412 Βενια-

308 1459 426 1526 μὶν,
457 1452 832 1525 βασιλεύοντος
869 1449 1078 1520 Ἀχατζ
1120 1447 1212 1501 τοῦ
1257 1447 1495 1519 Ἰωάθαμ
1533 1447 1670 1512 υἱοῦ,
1705 1447 1762 1511 ὃς
1789 1448 1876 1500 δε-

305 1549 426 1610 διὼς
457 1548 556 1617 τὴν
583 1544 791 1614 ἔφοδον,
832 1540 1148 1611 πρεσϐείαις
1172 1538 1264 1592 καὶ
1289 1539 1564 1609 χρήμασιν
1598 1538 1878 1591 ἀναπείθει

303 1642 398 1692 τὸν
433 1636 720 1707 Ἀσσύριον
765 1631 1196 1702 θεγλαφαλασὰρ
1226 1629 1505 1699 ἐπαμῦναι
1532 1630 1700 1700 αὐτῷ.
1738 1631 1794 1683 ὐ
1821 1630 1877 1682 δὲ

302 1733 398 1803 τὴν
433 1727 725 1800 Δαμασκὸν
749 1724 1092 1795 κατακράτος
1121 1721 1282 1786 ἐλὼν,
1317 1725 1381 1774 ἐκ
1409 1721 1574 1792 μέσου
1609 1720 1702 1773 καὶ
1717 1719 1876 1773 αὐτὸν

305 1787 752 1878 ἐπέοίειίάασών.
790 1787 1009 1869 Ἀλλ’-εί
1036 1815 1132 1868 καὶ
1159 1787 1513 1885 πεπόρευται,
1551 1813 1704 1882 φησι,
1740 1811 1878 1882 πρὸς
1909 1787 1948 1841 Β

314 1916 629 1983 Ἀσσυρίους
663 1911 692 1963 ὁ
725 1906 982 1978 Ἐφραϊμ,
1012 1906 1107 1959 καὶ
1145 1904 1424 1975 χρήμασιν
1453 1902 1746 1974 ὲξεπρίατο
1781 1902 1877 1954 καὶ

300 2007 474 2066 λιταῖς
501 2003 601 2073 τῆς
639 2000 828 2068 ἐφόδου
855 1999 952 2068 τὴν
994 1996 1287 2067 ἀνάϐλησιν
1309 2011 1324 2026 ο
1374 1995 1476 2048 κᾶν
1509 1995 1558 2047 εἰ
1591 1993 1874 2047 ἀπέστειλε

301 2095 562 2166 πρέσϐεις
599 2095 733 2162 πρὸς
773 2090 998 2160 βασιλέα
1033 2088 1264 2159 ἰαρεὶμ,
1303 2087 1599 2150 τουτέστιν,
1641 2085 1874 2150 ἔκδικον,

298 2188 414 2258 ἦτοι
447 2184 738 2254 ἐκδικητὴν
759 2181 938 2252 (τοῦτο
967 2180 1075 2250 γὰρ
1105 2180 1164 2234 τὸ
1200 2179 1408 2251 Ἰαρεὶμ
1430 2177 1728 2248 σημαίνει),
1759 2178 1874 2232 ἀλλ’

298 2276 356 2327 οὐ
387 2274 707 2341 νενικήκασι
733 2273 833 2340 τὴν
869 2269 1016 2323 θείαν
1044 2269 1232 2340 ὀργὴν,
1259 2266 1377 2320 οὔτε
1406 2266 1510 2337 μὴν
1534 2267 1874 2337 περιέσονται

298 2363 454 2425 Θεοῦ,
473 2363 572 2431 τῆς
595 2359 738 2412 οὕτω
763 2358 942 2429 δεινῆς
966 2357 1299 2420 ἀποστασίας
1322 2356 1658 2421 ἐξαιτοῦντος
1687 2356 1869 2420 δίκας.

299 2453 370 2506 Οὐ
414 2451 526 2522 γὰρ
558 2451 768 2520 ἴσχυσε,
823 2449 1006 2520 φησιν,
1042 2450 1070 2501 ὁ
1093 2449 1368 2518 χρήμασιν
1404 2448 1873 2518 ἀναπεπεισμένος

299 2539 581 2610 ἠρεμῆσαι
610 2538 809 2608 βραχὺ,
845 2535 962 2590 ἀλλ’
992 2535 1112 2589 οὐδὲ
1137 2535 1322 2605 ἕτερός
1354 2552 1436 2598 τις
1474 2535 1584 2588 τῶν
1615 2535 1874 2606 μεμισθοο

300 2632 619 2702 φορηκότων
651 2629 905 2684 ἰάσασθαι
939 2629 1102 2698 ὑμᾶς.
1151 2626 1498 2681 Πεπαύσεται
1526 2626 1584 2679 δὲ
1616 2627 1866 2697 οὐδαμῶς

298 2722 396 2790 τῆς
427 2720 622 2790 ὀδύνης
640 2719 703 2772 τὸ
727 2719 971 2789 κέντρον.
996 2717 1281 2772 Πάνδεινον
1307 2713 1399 2771 οῦν
1422 2716 1548 2787 ἄρα,
1571 2717 1633 2770 τὸ
1659 2717 1734 2789 μὴ
1769 2716 1874 2770 σώ-

299 2812 489 2878 ζεσθαι
512 2813 714 2883 μᾶλλον
739 2810 1027 2880 ἐπιθυμεῖν
1047 2809 1134 2862 διὰ.
1158 2809 1256 2879 τῆς
1273 2806 1838 2882 ἀνωθενιημερότητος
1854 2849 1871 2876 ,

297 2908 665 2978 ἐπιθαρῤῆσαι
690 2905 748 2958 δὲ
778 2905 897 2967 ταῖς
919 2903 977 2969 ἐξ
999 2901 1299 2975 ἀνθρώπων
1333 2900 1684 2970 ἐπικουρίαις
1701 2916 1714 2930 ·
1752 2901 1874 2954 καί·

295 3017 376 3052 τοι
405 2997 638 3068 βοῶντος
665 2995 758 3049 τοῦ
792 2994 930 3048 Πνεύ
940 3011 1102 3064 ματος
1126 2993 1212 3046 διὰ
1249 2992 1344 3062 μὲν
1367 2993 1551 3064 φωνῆς
1563 2991 1658 3045 τοῦ
1693 3008 1873 3062 μακαδ

303 3091 416 3161 ρίου
475 3087 642 3142 Δαϐίδ
665 3104 680 3119 ·
726 3104 745 3138 ι
795 3084 1020 3154 Ἀγαθὸν
1067 3083 1408 3188 πεποιθέναι.
1565 3081 1799 3188 Κύριονζ
1901 3132 1943 3188 C

299 3179 616 3233 πεποιθέναι
652 3177 736 3231 ἐπ’
767 3177 1072 3248 ἄνθρωπον.
1117 3175 1342 3244 Ἀγαθὸν
1365 3175 1603 3240 ἐλπίζειν
1633 3176 1726 3228 ἐπὶ
1758 3174 1873 3228 K6-

301 3290 434 3344 ριον,
463 3271 496 3342 ἦ
529 3269 769 3334 ἐλπίζειν
805 3270 888 3322 ἐπ’
938 3267 1234 3339 ἄρχοντας·
1277 3286 1297 3319 ι
1321 3268 1412 3320 διὰ
1449 3267 1506 3320 δὲ
1542 3267 1636 3320 τοῦ
1665 3269 1868 3338 προφή-

298 3381 392 3418 του
419 3361 882 3432 πάλινίερεμίου·
923 3380 940 3412 ι
964 3361 1395 3431 Ἐπικατάρατος
1423 3361 1450 3413 ὁ
1479 3359 1786 3430 ἄνθρωπος,
1815 3359 1874 3423 ὃς

297 3456 391 3526 τὴν
414 3453 609 3508 ἐλπίδα
641 3453 754 3523 ἔχει
785 3453 921 3521 πρὸς
949 3451 1250 3524 ἄνθρωπον,
1274 3451 1368 3504 καὶ
1391 3451 1634 3522 στηρίσει
1663 3451 1871 3522 σάρκας

301 3544 588 3615 βραχίονος
621 3541 786 3596 αὐτοῦ
816 3540 903 3593 ἐπ’
943 3541 1125 3606 αὐτὸν,
1153 3541 1248 3594 καὶ
1278 3540 1385 3593 ἀπὸ
1413 3540 1618 3610 Κυρίου
1657 3542 1866 3612 ἀποστῇ

299 3635 332 3703 ἡ
360 3633 561 3704 καρδία
602 3631 790 3696 αὑτοῦ,
837 3631 931 3682 καὶ
968 3628 1118 3682 ἐσται
1152 3630 1289 3699 ὡςή
1323 3629 1695 3700 ἀγριομυρίκη
1741 3631 1774 3700 ἡ
1815 3632 1872 3682 ἐν

300 3728 364 3796 τῇ
404 3727 622 3797 ἐρήμῳ,
653 3726 688 3795 ἢ
721 3725 821 3778 ούκ
878 3723 1066 3794 ὄψεται
1109 3725 1234 3777 ὅταν
1277 3721 1406 3794 ἔλθῃ
1437 3723 1504 3776 τὰ
1535 3722 1731 3790 ἀγαθά.
1766 3723 1874 3776 Καὶ

299 3816 659 3886 εὐλογημένος
683 3817 711 3868 ὁ
732 3813 1036 3886 ἄνθρωπος,
1065 3813 1125 3877 ὃς
1155 3812 1416 3866 πέποιθεν
1443 3813 1533 3865 ἐπὶ
1561 3811 1636 3882 τῷ
1664 3811 1873 3883 Κυρίῳ,

299 3907 394 3958 καὶ
427 3907 584 3959 ἔσται
631 3905 834 3976 Κύριος
877 3905 1028 3968 ἐλπὶς
1060 3903 1245 3958 αὐτοῦ.
1280 3905 1386 3958 Καὶ
1436 3903 1589 3958 ἐσται
1618 3903 1692 3967 ὡς
1722 3903 1876 3968 ξύλον

302 3996 556 4066 εὐθηνοῦν
583 3996 713 4068 παρ’
735 3995 906 4060 ὕδατι,
937 3996 1027 4048 καὶ
1047 3995 1138 4047 ἐπὶ
1163 3994 1363 4065 ἰκμάδα
1393 3992 1574 4063 βάλλει
1601 3992 1758 4065 ῥίζας
1782 3995 1878 4047 αὐ-

1986 545 2094 596 ibat
2123 543 2188 608 ⁵³,
2221 562 2240 594 ι
2285 553 2430 598 ratus
2490 561 2548 599 se
2604 548 3030 617 impendentibus
3056 553 3210 608 malis
3265 555 3550 611 liberatum

1984 635 2072 690 iri.
2101 635 2272 689 Etiam
2306 647 2558 704 regnante
2586 636 2835 702 Mauain,
2865 638 3058 696 Phulas
3090 658 3181 696 rex
3206 646 3549 713 Assyriorum

1982 736 2166 780 contra
2201 725 2447 782 lsraelem
2473 731 2820 784 ascendit“:
2854 733 2938 785 cui
2973 732 3162 803 legalis
3198 744 3251 788 et
3303 737 3551 802 pecuniis

1983 833 2274 888 persuasus
2301 828 2382 872 est
2417 820 2656 886 reditus;
2701 826 2799 875 hoc
2833 832 2935 886 est,
2981 843 3000 875 ι
3034 825 3166 879 abiit
3194 826 3445 893 Ephraim
3480 830 3546 882 ad

1979 907 2251 978 Assyrios.
2281 926 2302 959 ι
2341 906 2541 962 Deinde
2573 907 2801 973 Pbacee,
2830 910 2970 964 [ilius
3010 911 3285 975 Ronaeliaa.
3322 930 3412 969 rex
3474 913 3548 970 ls-

1982 997 2113 1064 rael,
2147 997 2317 1065 pretio
2347 997 2600 1051 conduxit
2640 997 2925 1067 aliquando
2960 998 3125 1054 Rasin
3146 1017 3323 1072 regem
3355 1003 3547 1074 Syriae,

1979 1090 2410 1161 oppugnavitque
2436 1088 2626 1143 Judam
2652 1099 2705 1144 et
2736 1092 2956 1147 tribules
2974 1092 3270 1163 Beniamin,
3291 1106 3552 1166 regnante

1978 1183 2182 1247 Achaz,
2217 1182 2323 1237 lilio
2366 1180 2658 1238 Joatbam:
2696 1184 2783 1253 qui
2811 1183 3170 1241 incursionem
3214 1187 3430 1250 timens,
3458 1202 3551 1254 per

1979 1273 2182 1343 legatos
2234 1284 2513 1328 numerata
2575 1274 2802 1343 pecunia
2831 1273 3314 1345 Theglatplialasar
3346 1280 3418 1331 ad
3443 1275 3550 1331 sibi

1977 1363 2344 1431 opitulandum
2373 1365 2582 1432 impulit
2609 1367 2676 1419 ⁸⁸.
2709 1365 2809 1432 Qui
2859 1365 3120 1423 Damasco
3163 1369 3331 1425 armis
3369 1381 3548 1440 capta,

1980 1451 2141 1506 [lasin
2166 1469 2195 1506 e
2226 1454 2398 1507 medio
2429 1454 2663 1510 sustulit.
2695 1454 2799 1510 Sed
2831 1458 3078 1526 quamvis
3099 1459 3320 1524 abierit,
3346 1462 3544 1531 inquit,

1979 1542 2044 1595 ad
2083 1544 2328 1613 Assyrios
2363 1543 2638 1613 Ephraim,
2677 1549 3014 1617 pecuniaque
3047 1559 3100 1604 et
3133 1551 3382 1619 precibus
3417 1553 3548 1606 dila-

1982 1633 2176 1687 tionem
2203 1635 2512 1702 irruptionis
2544 1639 2758 1702 emerit,
2779 1641 2987 1694 tametsi
3011 1639 3216 1711 legatos
3241 1643 3448 1698 miserit
3480 1645 3547 1698 ad

1980 1737 2156 1792 regem
2176 1722 2354 1787 Iarim,
2394 1726 2493 1779 hoc
2518 1737 2622 1791 est,
2652 1726 2992 1782 defensorem
3028 1730 3142 1785 sive
3173 1731 3398 1786 ultorem
3423 1731 3548 1802 (hoc

1977 1815 2120 1870 enim
2148 1814 2304 1869 larim
2332 1817 2534 1884 sonat),
2559 1825 2740 1871 tamen
2771 1818 3007 1871 divinam
3040 1821 3176 1873 iram
3203 1837 3307 1874 non
3333 1822 3548 1876 domue-
3646 1880 3656 1890 _

1978 1915 2124 1972 runt,
2156 1922 2332 1977 neque
2359 1906 2470 1962 Deo
2498 1908 2880 1978 praevalebunt,
2917 1909 3073 1977 hujus
3117 1910 3250 1965 adeo
3282 1919 3434 1965 tetrae
3462 1913 3549 1966 de-

1976 1991 2226 2047 fectionis
2255 2009 2446 2062 pceuas
2480 1997 2738 2067 exigenti.
2770 1997 2885 2052 Non
2918 1999 3061 2054 enim
3120 2001 3319 2069 potuit,
3346 2003 3543 2070 inquit,

1975 2087 2196 2155 pecunia
2221 2102 2509 2156 persuasus
2537 2090 2747 2144 ellicere
2809 2100 2867 2145 ut
2904 2093 3118 2160 paulum
3166 2093 3542 2162 quiesceretis,

1975 2191 2074 2232 nec
2097 2179 2234 2232 alius
2263 2181 2509 2236 mercede
2537 2180 2832 2236 conductus
2863 2197 3060 2239 sanare
3092 2199 3208 2239 vos.
3257 2185 3542 2254 Nunquam

1975 2280 2153 2324 autem
2210 2271 2412 2326 doloris
2470 2273 2720 2328 Stimulus
2767 2276 3020 2330 cessabit.
3054 2275 3149 2330 Est
3182 2277 3346 2346 igitur
3379 2277 3547 2346 pessi-

1974 2376 2144 2426 mum,
2176 2377 2280 2416 non
2307 2363 2478 2434 magis
2508 2381 2704 2435 cupere
2731 2367 2924 2421 salvari
2952 2383 3046 2437 per
3069 2383 3360 2438 supernam
3388 2384 3544 2422 man-

1973 2456 2337 2522 suetudinem,
2363 2459 2454 2512 sed
2488 2459 2736 2514 humanis
2764 2463 2952 2530 opibus
2987 2462 3170 2526 fidere,
3207 2477 3327 2516 cum
3363 2477 3458 2530 per
3485 2478 3546 2515 os

1973 2546 2113 2602 beati
2147 2548 2311 2604 David
2337 2549 2570 2619 Spiritus
2601 2551 2828 2606 clamet:
2862 2572 2879 2604 ι
2909 2553 3110 2608 Βοιιιιιιι
3139 2563 3222 2607 est
3273 2552 3547 2607 conlidere

1974 2639 2026 2692 in
2059 2637 2303 2703 Domino,
2351 2657 2512 2710 quam
2555 2644 2827 2698 conlidere
2876 2644 2927 2696 in
2953 2643 3188 2697 homine.
3237 2643 3441 2696 Bonum
3466 2653 3546 2694 rst

1972 2743 2193 2797 sperare
2223 2731 2274 2783 in
2306 2730 2551 2794 Domino,
2581 2747 2736 2801 quam
2776 2734 2827 2787 in
2859 2734 3190 2801 principibus
3219 2734 3284 2786 ⁵⁸.
3315 2751 3336 2786 ι
3363 2731 3429 2786 Ει
3453 2746 3547 2801 per

1972 2820 2259 2876 Jeremiam
2294 2839 2308 2878 :
2342 2841 2361 2874 ι
2389 2822 2702 2880 lllaledictus
2735 2825 2895 2879 homo
2949 2825 3038 2895 qui
3070 2840 3218 2892 spem
3272 2840 3422 2879 suam
3453 2837 3547 2892 po-

1975 2912 2054 2966 nit
2107 2913 2160 2966 in
2222 2915 2457 2979 homine,
2483 2926 2537 2970 et
2568 2916 2800 2970 ﬁrmabit
2828 2931 3043 2971 carnem
3094 2915 3300 2970 brachii
3328 2915 3409 2969 sui
3447 2929 3542 2968 sn-

1975 3019 2070 3072 per
2113 3019 2259 3071 eum,
2290 3015 2344 3060 et
2377 3023 2405 3060 a
2439 3007 2664 3062 Domino
2717 3007 2944 3063 recessit
3009 3022 3104 3062 cor
3157 3009 3292 3076 ejus.
3325 3007 3389 3060 Et
3443 3007 3549 3060 erit

1975 3097 2128 3164 quasi
2151 3096 2628 3170 silvesuismyrica
2661 3115 2780 3168 quae
2809 3111 2891 3155 est
2924 3101 2976 3153 in
3005 3100 3220 3155 deserto
3254 3115 3270 3166 ;
3331 3114 3436 3152 non
3472 3102 3548 3151 vi-

1977 3184 2124 3240 debit
2163 3201 2286 3240 eum
2310 3190 2556 3242 venerint
2586 3189 3084 3245 bona.Benedictus
3116 3190 3274 3243 homo
3298 3189 3389 3258 qui
3419 3202 3549 3242 cou-

1977 3271 2094 3326 ﬁdi-t
2121 3273 2177 3326 in
2207 3275 2446 3341 Domino,
2473 3279 2644 3331 eterit
2665 3277 2924 3332 Dominus
2959 3278 3153 3332 ﬁducia
3186 3276 3322 3344 ejus,
3355 3288 3410 3330 et
3441 3277 3548 3330 erit

1977 3364 2127 3432 quasi
2162 3364 2360 3434 lignum
2396 3367 2676 3423 abundans
2721 3367 2874 3436 juxta
2921 3382 3110 3436 aquas,
3142 3376 3194 3422 et
3246 3381 3411 3434 super
3443 3366 3546 3420 hu-

1978 3469 2183 3510 morem
2211 3458 2389 3512 mittet
2422 3459 2632 3514 radices
2652 3473 2800 3522 suas,
2833 3459 2887 3512 e‘t
2923 3474 3027 3513 non
3064 3457 3276 3512 timebit
3299 3471 3420 3511 cum
3450 3471 3536 3509 vc-

1977 3546 2116 3599 nerit
2137 3556 2322 3613 aestus,
2355 3557 2409 3603 et
2440 3549 2494 3603 in
2546 3564 2611 3605 eo
2644 3551 2780 3605 rami
2850 3548 3134 3613 frondosi;
3187 3547 3242 3602 in
3277 3561 3414 3601 anno
3443 3547 3523 3602 sic

1979 3637 2153 3692 citatis
2179 3653 2282 3692 nou
2298 3639 2524 3706 timebit,
2541 3649 2594 3694 et
2618 3657 2722 3698 non
2749 3641 2956 3697 desinet
2986 3639 3188 3695 faciens
3207 3638 3545 3693 fructum".r

1979 3723 2168 3780 Melius
2191 3727 2351 3798 igitur
2383 3729 2448 3784 ad
2474 3731 2639 3785 Deum
2665 3745 2725 3785 se
2758 3729 3069 3801 adiungere,
3102 3739 3156 3784 et
3180 3728 3310 3783 illud
3330 3728 3550 3797 sapiens

1979 3815 2180 3872 dictum
2210 3834 2332 3875 cum
2356 3821 2493 3877 bona
2517 3823 2846 3879 conscientia
2877 3837 3136 3893 usurpare
3163 3838 3176 3876 :
3211 3840 3230 3874 ι
3259 3819 3408 3874 Tuus
3428 3833 3548 3873 sum

1980 3920 2104 3977 ego,
2131 3909 2276 3964 salva
2308 3927 2410 3977 me,
2436 3913 2688 3982 quoniam
2732 3913 3144 3982 juslilicationes
3196 3919 3315 3966 tuas
3359 3907 3551 3979 exqui-

1983 3997 2081 4052 sivi
2107 3999 2172 4054 ⁸⁸.
2206 4020 2226 4053 ι

298 4091 413 4154 τοῦ,
465 4093 558 4145 καὶ
585 4092 645 4145 οὐ
679 4091 753 4162 μὴ
795 4090 1008 4162 φοϐηθῇ
1055 4091 1182 4144 ὅταν
1212 4089 1338 4161 ἔλθῃ
1369 4088 1573 4158 καῦμα.
1628 4089 1738 4140 Καὶ
1781 4087 1867 4142 ἐπ’
1907 4090 2054 4162 αὐτῷ
2121 4095 2344 4167 στελέχη
2368 4096 2599 4169 ἀλσώδη,
2636 4100 2694 4152 ὲν
2759 4099 2986 4168 ἐνιαυτῷ
3018 4096 3274 4168 ἀϐροχίας
3293 4094 3354 4146 ού
3382 4091 3550 4163 φοϐη-

299 4189 554 4258 θήσεται,
584 4186 680 4239 καὶ
702 4186 761 4239 ού
793 4184 1054 4255 διαλείψει
1083 4183 1270 4238 ποιοῦν
1297 4182 1525 4256 καρπόν.
1558 4203 1576 4234 ι
1617 4183 1873 4254 ’Ἄμεινον
1909 4180 2004 4238 οὖν
2052 4187 2181 4258 ἄρα,
2254 4189 2733 4260 προσοικειοῦσθαι
2759 4192 2896 4262 Θεῷ,
2931 4193 3022 4244 καὶ
3085 4190 3146 4242 τὸ
3176 4187 3342 4257 σοφὸν
3372 4187 3551 4241 ἐκεῖνο

296 4281 478 4347 λέγειν
525 4281 588 4344 ἐξ
619 4279 830 4348 αίαθῆς
857 4281 1096 4342 διανοίας
1121 4295 1134 4308 ·
1173 4297 1191 4330 ι
1241 4279 1340 4342 Σός
1369 4281 1482 4349 είμι
1517 4277 1646 4346 ἐγὼ.
1704 4277 1877 4332 σῶσόν
1919 4298 2008 4352 με,
2039 4284 2208 4338 ama
2235 4284 2582 4355 δικαιώματά
2609 4303 2702 4340 σου
2739 4287 3061 4356 ἐξεζήτησα.
3102 4302 3121 4335 ι

367 4375 527 4429 Διότι
557 4372 670 4442 ἐγώ
694 4374 810 4434 εἰμι
837 4371 917 4436 ὡς
954 4371 1187 4438 adv-011p
1243 4368 1323 4435 τῷ
1383 4369 1645 4438 Ἐρραῒμ,
1675 4369 1774 4424 καί
1803 4369 1878 4436 ὠς

2051 4373 2540 4446 93Vens.14,15.
2564 4377 2701 4444 Quia
2728 4394 2818 4446 ego
2834 4379 2984 4446 quasi
2999 4375 3249 4446 panthera
3272 4372 3547 4443 Ephraim,

296 4467 458 4520 λέων
484 4464 566 4528 τῷ
607 4466 750 4529 οἴκῳ
794 4463 1008 4528 Ἰούδα,
1043 4465 1141 4516 καὶ
1175 4461 1289 4529 ἐγὼ
1318 4459 1608 4530 άρπῶμαι,
1643 4461 1740 4514 καὶ
1771 4475 1876 4514 πο-

292 4561 608 4627 ρεύσομαι,
637 4557 734 4611 καί
757 4557 1049 4626 λήψομαι,
1075 4555 1173 4609 καί
1199 4556 1309 4609 οὐκ
1349 4552 1516 4607 ἔσται
1545 4554 1577 4606 ό
1612 4552 1876 4618 ἐξαιρού-

294 4668 499 4720 μενος.
541 4651 935 4718 Πορεύσομαι,
958 4649 1056 4702 καὶ
1089 4646 1431 4716 ἐπιστρέψω
1459 4647 1545 4710 εἰς
1565 4645 1670 4697 τὸν
1689 4644 1876 4698 τόπον

295 4760 437 4810 μου,
471 4741 583 4806 ἕως
609 4737 681 4796 οὗ
709 4737 1107 4810 agam-woman

373 4835 448 4889 ε’.
511 4834 748 4904 Ἐναργῆ
779 4832 1068 4902 καθίστησι
1119 4830 1217 4900 τὴν
1248 4828 1426 4882 αἰτίαν
1475 4829 1541 4882 δι’
1566 4830 1629 4900 ἢν
1666 4827 1879 4896 ὤνησαν

306 4926 405 4996 μὲν
435 4926 586 4979 οὐδὲν
624 4928 674 4979 oi.
716 4925 795 4996 τῷ
841 4923 1083 4995 Ἐφραίμ
1124 4921 1516 4992 ὲπαμύνοντες,
1579 4921 1639 4974 οὐ
1693 4921 1881 4973 διαπεα

303 5018 576 5072 παύσεται
597 5018 654 5071 δὲ
684 5019 750 5071 τὰ
779 5019 878 5089 τῆς
904 5017 1094 5086 ὀδύνης
1136 5015 1338 5078 αὐτοῖς.
1367 5033 1385 5065 ι
1423 5011 1564 5082 Ἐγὼ
1603 5013 1711 5082 γάρ
1745 5013 1880 5082 εἰμι,

304 5111 474 5181 φησι,
540 5110 615 5173 ὡς
668 5109 884 5180 πανθηρ
925 5107 1004 5178 τῷ
1065 5105 1321 5178 Ἐφραῒμ,
1358 5105 1452 5160 και¹
1506 5104 1581 5166 ὡς
1636 5103 1774 5156 λέων
1806 5101 1884 5172 τῷ

303 5204 440 5272 ήκω
485 5203 676 5255 Ἰούδα.
718 5221 737 5254 ι
773 5201 1045 5272 Πρόδηλον
1080 5195 1194 5264 οὖν,
1221 5200 1301 5252 ὅτι
1325 5196 1458 5250 Θεοῦ
1493 5194 1882 5266 παραλύοντος,

306 5299 336 5351 ὀ
361 5297 550 5350 σώσων
571 5295 796 5358 ούδείς.ι
831 5295 941 5364 Τὴν
967 5293 1075 5365 γὰρ
1103 5295 1258 5364 χεῖρα
1284 5291 1378 5360 τὴν
1397 5289 1606 5359 ὑψηλὴν
1652 5286 1732 5349 τίς
1752 5286 1884 5340 ἀπο-

311 5389 572 5460 στρέψει;
603 5388 775 5442 »κατὰ
794 5387 854 5441 τὸ
882 5384 1414 5456 γεγραμμένον.”οτι
1435 5381 1487 5434 δὲ
1512 5383 1603 5434 καὶ
1627 5381 1885 5450 ἡμερότη·

306 5498 396 5545 τος
417 5481 639 5551 ἁπάσης
662 5479 1024 5552 ἐξῃρημένης,
1051 5477 1118 5530 τὰ
1149 5477 1235 5529 ἐπ’
1262 5475 1450 5536 αὐτοῖς·
1477 5472 1731 5540 γενέσθαι
1752 5488 1884 5539 συμ-

1978 4474 2028 4518 et
2059 4467 2211 4535 quasi
2237 4466 2314 4520 leo
2337 4469 2515 4520 domui
2545 4466 2713 4532 Juda,
2746 4475 2794 4519 et
2823 4482 2913 4536 ego
2941 4465 3162 4533 rapiam,
3184 4471 3234 4516 et
3270 4461 3479 4524 cadam,
3502 4467 3550 4513 et

1982 4557 2185 4622 tollam,
2215 4565 2264 4609 et
2295 4573 2395 4610 non
2422 4556 2520 4611 erit
2557 4557 2646 4626 qui
2681 4564 2852 4608 eruat.
2892 4553 3010 4619 Ibo,
3039 4562 3086 4608 et
3118 4559 3346 4606 revertar
3377 4548 3431 4602 in
3464 4546 3550 4600 lo-

1981 4665 2098 4701 cum
2127 4665 2320 4714 meam,
2348 4651 2511 4704 donec
2539 4651 2858 4719 dispeream.

2049 4823 2163 4878 LX.
2201 4823 2550 4880 Manifestum
2583 4825 2738 4881 aﬁ'ert
2781 4825 3038 4878 rationem
3102 4833 3270 4892 quare
3299 4817 3555 4890 Ephraim

1980 4916 2237 4971 auxilium
2271 4915 2506 4972 ferentes
2538 4917 2668 4971 nihil
2721 4914 3102 4984 promoverint,
3133 4923 3186 4968 et
3227 4927 3333 4968 non
3363 4925 3547 4966 cessa-

1986 5019 2137 5064 turus
2162 5009 2236 5065 sit
2264 5009 2332 5063 ab
2353 5011 2431 5064 eis
2456 5008 2613 5063 dolor
2642 5021 2850 5062 eorum.
2889 5024 2908 5058 ι
2932 5004 3041 5076 Ego
3073 5005 3217 5060 enim
3242 5020 3385 5068 sum,
3414 5022 3432 5055 ι
3470 5003 3559 5057 in-

1986 5101 2116 5168 quit,
2139 5113 2159 5148 ι
2185 5097 2440 5166 Ephraim
2465 5099 2816 5170 utpanthera,
2845 5108 2899 5154 et
2922 5110 2980 5152 ut
3023 5101 3107 5153 leo
3135 5095 3317 5153 domui
3345 5093 3501 5150 Juda.
3533 5111 3551 5143 ι
3627 5099 3633 5105 ’

1987 5191 2179 5261 Liquet
2213 5195 2489 5262 ergo,Dco
2521 5193 2776 5262 perdente
2803 5193 3068 5246 neminem
3104 5189 3220 5244 fore
3245 5187 3336 5260 qui
3366 5186 3555 5243 salvet.

1995 5305 2012 5337 ‹
2036 5284 2242 5340 Manum
2275 5286 2416 5340 enim
2447 5285 2712 5340 excelsam
2742 5286 2862 5355 quis
2896 5295 3103 5339 avertet
3121 5285 3167 5316 "
3189 5283 3212 5337 τ
3235 5301 3254 5335 ι
3308 5291 3367 5335 ιιι
3419 5279 3548 5335 seri-

1991 5388 2139 5443 ptum
2165 5387 2264 5430 est.
2289 5377 2591 5445 Cutiligisse
2617 5388 2794 5431 autem
2813 5377 2917 5430 illis
2947 5391 3065 5446 qua:
3084 5375 3440 5442 contigerunt,
3466 5367 3558 5422 de-

1993 5469 2149 5523 sertis
2199 5469 2265 5524 ab
2311 5469 2454 5524 omni
2499 5470 2777 5526 clementia
2813 5468 2904 5524 Dei
2932 5508 2948 5535 ,
2984 5468 3081 5523 sub
3107 5467 3427 5521 velamento,
3464 5456 3562 5510 ἰιιι-

384 5668 429 5698 ⁵³
463 5667 622 5727 Osce,
659 5682 755 5728 vn,
780 5668 858 5720 ll.
937 5665 981 5696 ⁵⁸⁸
1020 5662 1084 5716 ιν
1118 5664 1246 5734 Reg.
1282 5677 1369 5729 xv,
1407 5659 1484 5714 19.
1565 5657 1607 5690 ⁵⁵
1652 5655 1713 5713 IV
1748 5655 1857 5726 [ἴε-ε

1981 5673 2014 5721 ι,
2057 5657 2102 5708 7.
2183 5657 2222 5690 5“
2268 5654 2406 5711 Psal.
2433 5671 2598 5723 cmi,
2627 5655 2749 5720 8,9.
2826 5654 2868 5683 ⁸⁷
2897 5652 3000 5709 Jcr.
3038 5663 3164 5711 xm,
3196 5642 3308 5697 5-8.
3341 5639 3384 5668 ³³
3413 5636 3558 5695 l‘sal.

316 5756 406 5792 ut
439 5753 521 5801 ut,
558 5737 646 5792 56.
721 5740 763 5770 ⁵9
798 5740 895 5791 lsa.
934 5751 1040 5797 xiv,
1065 5735 1151 5787 ΞΠ.
