3954 6208
432 322 537 378 459

1415 332 1473 386 S.
1514 332 1782 392 CYRlLLl
1821 337 2289 395 ALEXANDRINI
2329 345 2648 400 ARClllEP.

3572 354 3670 408 160

433 448 615 508 petum
677 453 830 494 suum
885 441 1209 499 terribilibus
1257 445 1752 520 robustissimisqne
1809 455 1994 509 belluis

2100 458 2349 528 ϐέϐηκεν,
2383 461 2658 532 ύπέφηνεν
2697 464 3131 531 αἰνιγματωδῶς,
3164 466 3274 526 τοῖς
3323 463 3404 516 ὅτι
3440 464 3672 532 μάλιστα

435 542 752 597 comparans
780 532 1121 602 signiﬁcavit.
1158 534 1424 592 Panthera
1456 541 1598 595 enim
1628 544 2000 603 incitatissimo

433 632 593 672 cursu
635 620 807 674 fertur
834 623 886 676 in
922 640 1058 692 quos
1084 627 1216 691 vult,
1253 631 1494 700 adeoque
1539 633 1638 688 levi
1670 639 1802 705 pede
1852 641 1996 708 salit,

433 718 492 762 ut
515 711 599 764 vix
634 713 916 782 vestigium
948 717 1065 786 ejus
1093 730 1552 791 cernatur,ncqne
1585 728 1748 783 ullum
1787 732 1996 802 signum

434 798 582 854 humi
619 803 902 873 relinquat.
933 808 1027 861 Ast
1057 808 1137 863 leo
1165 815 1496 868 tremendum
1537 819 1750 886 quidem
1781 833 1833 876 ct
1869 825 1996 879 hor-

436 892 674 947 risonum
732 897 784 948 in
832 899 1102 955 montibus
1150 903 1322 970 rugi‘t.
1385 908 1600 963 tonitrui
1653 912 1858 979 instar,
1903 931 1998 971 au-

434 982 746 1053 dientesque
783 989 1022 1055 percellit
1067 994 1483 1061 quodammodo.
1519 1001 1604 1053 Ait
1627 1003 1805 1059 enim:
1845 1025 1863 1056 ε
1890 1007 1998 1062 Leo

433 1071 627 1138 rugiet,
660 1083 714 1128 et
755 1077 873 1144 quis
910 1094 1010 1132 non
1065 1081 1377 1139 timebit“?
1400 1109 1417 1139 ι
1458 1090 1568 1145 Nec
1605 1093 1720 1160 ejus
1751 1112 1997 1154 accessus

431 1161 626 1228 arceri,
667 1173 721 1217 et
767 1167 846 1220 vis
879 1167 1178 1226 invadentis
1225 1173 1511 1234 diﬂieulter
1557 1185 1736 1251 repelli
1794 1197 1992 1256 potest.

431 1250 584 1314 Quod
628 1256 966 1324 corripuerit,
1005 1261 1146 1317 illico
1187 1269 1382 1335 perdit,
1407 1285 1507 1326 nec
1553 1274 1836 1344 quisquam
1881 1279 1997 1348 ejus

433 1344 700 1410 unguibus
740 1348 1057 1417 implicitum
1089 1357 1318 1412 auferat.
1360 1360 1682 1420 Pantheram
1713 1384 1872 1436 porro
1906 1386 1998 1427 ce-

432 1430 643 1489 leritate
666 1437 842 1492 valere
867 1451 922 1495 et
944 1444 1126 1500 volare
1157 1454 1534 1517 propemodum
1559 1459 1734 1525 prteda
1763 1461 1992 1530 direpta;

431 1520 638 1576 leonem
680 1526 902 1584 bestiam
938 1549 1057 1588 esse
1091 1539 1341 1607 Validam,
1378 1543 1810 1613 imperterritam,
1844 1553 1997 1622 cujus

429 1627 684 1671 occursus
715 1621 1064 1692 periculosus,
1096 1628 1206 1696 ipse
1245 1635 1476 1686 Ostendit
1523 1651 1643 1690 eum
1674 1640 1949 1712 subjuugit
1978 1663 1991 1698 :

435 1722 452 1752 ι
487 1703 549 1757 Ει
577 1722 675 1775 ego
723 1713 947 1779 rapiam,
983 1727 1031 1770 et
1076 1721 1284 1786 vadam,
1316 1735 1368 1777 et
1396 1725 1611 1791 tollam;
1641 1739 1697 1783 et
1747 1746 1850 1785 neu
1895 1737 1996 1788 erit

429 1795 519 1860 qui
555 1809 728 1854 eruat.
762 1819 779 1850 ι
814 1803 925 1858 lloc
955 1808 1095 1860 enim
1135 1809 1353 1868 leonum.
1380 1817 1556 1872 robori
1605 1825 1887 1880 convenit:
1913 1839 1994 1881 ast
2028 1792 2068 1848 Β

431 1885 578 1951 illud,
614 1905 632 1936 ι
659 1887 904 1958 Rapiam,
941 1906 993 1948 et
1029 1900 1237 1962 vadam.
1265 1914 1319 1958 et
1366 1907 1589 1972 tollam,»
1622 1917 1878 1980 panthera
1917 1918 1996 1972 l'a-

429 1975 523 2037 cit,
565 1986 622 2030 ut
650 1978 782 2034 dixi.
817 1982 967 2048 Quod
999 1997 1175 2043 autem
1214 1992 1467 2053 Dominus
1509 1975 1656 2056 eos
1686 2005 1878 2073 quibus
1912 2009 1995 2062 of-

431 2063 610 2123 fensus
645 2080 726 2126 est
754 2075 1064 2135 dcscrturns
1115 2083 1207 2145 sit,
1242 2095 1296 2139 et
1329 2089 1581 2144 auxilium
1610 2109 1744 2162 pene
1784 2099 1997 2152 subtra-

430 2168 638 2224 cturus,
661 2172 714 2214 et
731 2163 1096 2226 benevolentia
1133 2187 1226 2228 sua
1261 2191 1353 2231 eos
1387 2181 1711 2249 privaturus,
1743 2186 1997 2244 iudicavit

431 2248 533 2301 illis
565 2252 759 2320 verbis,
790 2274 807 2307 ι
835 2257 1020 2323 Ibo,et
1053 2277 1293 2320 revertar
1318 2269 1369 2322 in
1405 2270 1577 2326 locum
1610 2290 1805 2343 meum,
1827 2279 1996 2337 donec

430 2341 755 2410 dispercant.
788 2365 807 2399 ι
843 2349 996 2406 Nullo
1029 2356 1240 2422 quidem
1281 2360 1440 2417 modo
1482 2364 1736 2422 divinitas
1767 2369 1883 2425 loco
1909 2372 1996 2426 in-

428 2429 662 2485 cluditur
690 2451 750 2489 ac
769 2439 1042 2499 delinitur.
1070 2444 1174 2500 Sed
1203 2450 1393 2506 adesse
1429 2455 1748 2521 quibusdam
1777 2462 1994 2529 dicitur,

429 2532 548 2572 cum
581 2535 672 2578 eos
707 2531 878 2594 gratia
907 2544 957 2586 et
990 2534 1172 2592 favore
1200 2555 1296 2594 suo
1327 2545 1526 2599 donat:
1563 2549 1756 2606 abesse
1784 2569 1994 2610 rursum

429 2610 496 2663 ab
522 2612 590 2668 iis
622 2617 712 2683 qui
752 2635 1129 2690 peccaverunt,
1153 2635 1365 2698 quando
1402 2651 1495 2692 eos
1525 2650 1828 2710 aversatur,
1866 2645 1996 2702 leni-

429 2709 699 2774 tatemque
731 2725 880 2764 suam
918 2715 1045 2784 ipsis
1079 2722 1311 2778 tribuere
1337 2727 1551 2785 desiuit.
1582 2731 1654 2786 De
1699 2732 1808 2789 Deo
1849 2739 1994 2794 enim

429 2809 580 2851 more
609 2799 842 2856 humano
879 2804 1154 2875 loquitur;
1182 2816 1274 2868 sed
1307 2832 1367 2869 ea
1407 2829 1563 2886 prout
1606 2822 1677 2876 illi
1710 2836 1996 2882 consenta-

432 2903 590 2943 neum
621 2904 706 2948 est
730 2895 1100 2969 intelligimus.

503 3061 567 3117 Et
625 3069 887 3137 requirent
941 3075 1128 3143 facient
1191 3097 1355 3135 meam
1417 3101 1534 3138 cum

427 3153 541 3211 tali.

500 3245 634 3304 LXI.
668 3249 993 3322 lmpotenter
1017 3260 1083 3314 ad
1119 3262 1320 3318 nefaria
1350 3266 1762 3338 declinantibus,
1790 3282 1843 3328 et
1880 3276 1996 3332 sine

430 3341 533 3394 line
562 3356 784 3410 peccare
798 3348 967 3404 solitis
1003 3368 1104 3405 non
1134 3362 1352 3419 temere,
1378 3361 1470 3414 sed
1501 3363 1568 3417 ad
1594 3365 1878 3421 utilitatem
1904 3383 1995 3438 po-

429 3431 556 3496 tius,
587 3445 640 3489 et
669 3445 923 3508 tauquam
961 3445 1281 3502 medicinam
1313 3464 1342 3502 a
1382 3452 1488 3506 Deo
1515 3470 1882 3524 smpennmero
1915 3461 1996 3514 in.

425 3525 703 3578 commoda
746 3528 1047 3598 importari,
1079 3535 1267 3591 iterum
1297 3539 1408 3611 9ﬁ,
1434 3542 1608 3599 docet.
1647 3547 1994 3620 Contempto-

429 3625 512 3664 res
540 3615 681 3667 enim
711 3617 902 3674 divinae
938 3629 1362 3684 mansuetudinis
1401 3643 1453 3685 et
1487 3634 1796 3703 ignorantes
1824 3656 1881 3696 se
1929 3644 1995 3696 ad

428 3699 795 3765 pmnitentiam
843 3717 950 3762 tam
984 3706 1281 3770 incredibili
1313 3719 1592 3778 tolerantia
1638 3726 1876 3794 invitari,
1911 3731 1996 3783 in-

424 3789 750 3849 ﬂammatam
784 3798 904 3868 ejus
938 3801 1071 3856 iram
1126 3822 1230 3860 non
1279 3807 1533 3878 elfugient
1580 3817 1687 3870 ullo
1739 3825 1895 3876 modo
1913 3823 1992 3889 ⁶¹;

425 3883 668 3950 quinitno
703 3890 1028 3949 calamitatis
1072 3897 1366 3955 acerbitate
1414 3903 1569 3958 l'racti
1611 3923 1674 3961 ac
1711 3910 1994 3981 debilitati,

427 3974 554 4041 quid
581 3976 680 4031 sibi
725 3983 989 4038 conducat
1019 3985 1350 4058 intelligent:
1388 4003 1442 4048 ct
1477 3997 1672 4063 quibus
1707 4001 1836 4056 nihil
1866 3974 1994 4072 pro;

427 4064 529 4120 fuit
554 4067 980 4141 benignitas,eos
1007 4081 1072 4135 ad
1109 4083 1352 4137 notitiam
1387 4086 1632 4145 utilitatis
1661 4106 1771 4148 sua}
1796 4109 1994 4151 terum-

426 4173 616 4212 narum
644 4164 900 4233 supplicia
934 4169 1214 4227 inducunt.
1248 4175 1710 4242 Quemadmodum
1744 4187 1886 4240 enim
1911 4190 1993 4242 af-

425 4247 594 4304 fectus
628 4267 910 4323 corporum
943 4264 1311 4328 graviores,ct
1345 4268 1552 4324 lenibus
1587 4274 1996 4334 medicamentis

425 4355 528 4392 non
567 4343 836 4412 cedentes,
872 4349 979 4418 igni
1010 4351 1256 4422 ferroque
1295 4357 1602 4426 frequenter
1631 4377 1990 4431 superantur:

422 4432 634 4496 eodem,
663 4436 874 4503 opinor,
911 4442 1070 4496 modo
1095 4459 1158 4498 ac
1193 4447 1402 4500 ratione
1435 4451 1714 4509 animabus

423 4517 645 4578 allectus
685 4540 777 4580 seu
818 4529 943 4582 vitia
987 4533 1352 4603 contingentia
1399 4539 1499 4593 nisi
1541 4543 1759 4599 mitibus
1808 4550 1987 4606 verbis

421 4615 634 4680 cedant,
655 4627 707 4670 et
740 4622 984 4686 prudenti
1021 4625 1429 4685 ratiocinatione
1453 4633 1756 4702 vincantur,
1786 4638 1984 4696 labori-

423 4707 543 4768 bus,
566 4719 619 4762 et
654 4709 896 4781 ﬂagellis,
923 4727 975 4770 ct
1010 4719 1167 4773 suavis
1199 4721 1596 4780 calamitatibus
1624 4727 1982 4798 depelluntur.

423 4794 788 4858 'l‘ribulatioue
827 4807 991 4872 igitur
1033 4815 1228 4877 pressi,
1262 4823 1372 4868 tum
1404 4818 1490 4870 vix
1531 4820 1761 4886 tandem,
1794 4826 1986 4896 inquit,

429 4904 446 4935 ι
470 4886 658 4945 faciem
703 4911 876 4952 meam
911 4902 1206 4970 requirent.
1234 4923 1251 4956 ι
1289 4905 1419 4960 Cum
1457 4909 1598 4964 enim
1638 4912 1774 4967 bona
1807 4917 1857 4970 in
1897 4934 1988 4987 po-

425 4988 613 5034 testate
652 4998 796 5051 suut,
824 4992 1064 5050 homines
1103 4995 1470 5067 imprudentes
1510 5004 1638 5071 ipsis
1680 5010 1873 5075 gaudia
1905 5011 1988 5065 la-

422 5072 650 5124 ctentem
683 5092 786 5129 non
818 5084 1044 5137 multum
1073 5091 1367 5144 curant.At
1396 5093 1438 5146 si
1467 5096 1990 5162 optatissituisexua-

425 5176 565 5228 mur,
594 5172 702 5219 tum
740 5183 866 5225 vero
901 5176 1075 5231 acrius
1110 5193 1172 5232 ea
1207 5181 1590 5252 desiderantes,
1619 5203 1836 5244 sensum
1874 5209 1986 5246 meo

425 5254 596 5311 lestia:
644 5258 1012 5320 incredibilem
1086 5279 1139 5324 ct
1194 5272 1631 5334 inconsolabilem
1686 5284 1983 5341 haurimus.

430 5348 604 5403 illum
634 5351 814 5422 itaque
860 5359 1096 5422 tribulati
1148 5362 1362 5429 fuerint,
1397 5377 1521 5424 tunc.
1579 5372 1770 5430 facient
1817 5393 1988 5434 meam

353 5488 355 5490 .
427 5443 716 5510 thttit‘cut.
755 5467 772 5498 ι

1582 3089 1774 3154 fuerint
1833 3095 1994 3148 lribu-
2023 3125 2066 3185 Ο

2098 549 2287 612 δεινοῖς
2337 551 2429 603 καὶ
2473 551 2872 621 ἀλκιμωτάτοις
2919 553 3126 623 θηρίοις
3177 553 3276 623 τὴν
3320 555 3529 606 οίκείαν
3581 557 3668 623 ὁρ-

2101 639 2208 710 μὴν
2235 642 2600 711 παρεικάζων.
2657 645 2716 697 '0
2747 646 2843 714 μὲν
2875 645 2983 714 γὰρ
3019 643 3234 714 πάνθηρ
3265 643 3510 714 ὀξυτάτῳ
3551 646 3672 700 λίαν

2099 732 2219 784 καθ’
2241 728 2314 786 ὧν
2341 734 2406 787 ἂν
2433 735 2602 789 ἕλοιτο
2635 738 2857 805 φέρεται
2892 737 3095 807 δρόμῳ,
3133 737 3387 805 ἐλαφροῖς
3412 737 3468 790 δὲ
3498 737 3671 803 οὕτως

2098 822 2246 893 ᾄττει
2276 825 2451 892 ποσὶν,
2478 827 2553 890 ὡς
2570 828 2702 897 μηδὲ
2735 829 2901 898 ἴχνοις
2931 827 3160 897 ὁρᾶσθαι
3184 827 3325 897 τάχα
3359 845 3484 891 που,
3522 831 3659 900 μήτε

2101 915 2206 986 μὴν
2233 917 2651 987 ἐνσημαίνεσθαι
2679 937 2730 972 τι
2758 921 2824 989 τῇ
2863 920 2953 988 γῇ.
2997 917 3055 971 '0
3104 919 3160 971 δὲ
3197 918 3332 972 λέων
3383 919 3665 990 ἐρεύγεται

2099 1006 2199 1075 μὲν
2239 1007 2296 1059 ἐν
2337 1010 2450 1071 τοῖς
2487 1008 2637 1078 ὄρεσι
2677 1009 2865 1074 δεινὸν,
2911 1010 3006 1062 καὶ
3045 1009 3339 1081 διασριθὲς,
3380 1012 3474 1064 καὶ
3509 1011 3666 1081 βρον-

2095 1098 2161 1167 τῇ
2201 1098 2596 1170 παραπλήσιον,
2649 1101 2742 1154 καὶ
2807 1101 3205 1171 καταπλήττειν
3259 1096 3368 1155 οἷόν
3413 1120 3473 1155 τε
3522 1104 3649 1165 τοὺς

2096 1184 2836 1260 ἀκροωμένους.‹Λέωνγάρ,
2883 1193 3068 1262 φησὶν,
3118 1192 3419 1262 ὲρεύξεται,
3451 1193 3544 1246 καὶ
3582 1193 3666 1256 τίς

2095 1276 2156 1328 οὐ
2199 1277 2593 1349 φοϐηθήσεταιο
2630 1299 2647 1331 ι
2685 1281 2895 1351 ἄμαχον
2943 1281 2998 1334 δὲ
3041 1281 3225 1352 ἔφοδον
3248 1281 3381 1352 ἔχει,
3413 1283 3506 1336 καὶ
3539 1283 3669 1352 σφό-

2095 1367 2194 1436 δρα
2221 1367 2543 1439 δυσάντητον
2568 1370 2664 1439 τὴν
2701 1371 2898 1440 ὁρμήν.
2925 1371 2986 1422 Εἰ
3017 1370 3073 1422 δὲ
3119 1370 3183 1440 δή
3223 1389 3273 1424 τι
3305 1371 3479 1434 λάϐοι,
3505 1371 3665 1424 τοῦτο

2094 1459 2340 1512 διόλωλεν
2399 1461 2578 1525 εὐθὺς,
2634 1463 2725 1515 καὶ
2776 1463 2876 1515 οὐκ
2935 1463 3001 1515 ἃν
3050 1462 3284 1528 ἐξέλοιτό
3337 1459 3498 1525 τιςτὸ
3525 1463 3665 1514 ὲνει-

2094 1546 2436 1618 λημ[μ]ἐνον.
2463 1550 2584 1601 Ὅτι
2623 1549 2678 1601 δὲ
2724 1550 2908 1620 θηρίον
2943 1549 3035 1615 ὀξὺ
3077 1552 3105 1603 6
3157 1551 3392 1620 πάνθηρ,
3425 1550 3664 1618 ἀφίπτα-

2095 1658 2182 1692 ται
2211 1640 2267 1692 δὲ
2300 1639 2508 1710 ὥσπερ,
2539 1641 2598 1693 τὸ
2633 1642 2888 1710 ὲπιτυχὸν
2927 1641 3178 1711 ἀρπάσας
3203 1657 3218 1670 ’
3262 1641 3565 1712 ἄθραυστον
3605 1641 3664 1694 δὲ

2095 1732 2304 1802 χρῆμα,
2331 1731 2424 1784 καὶ
2456 1731 2628 1796 ἀδεὲς,
2660 1732 2754 1785 καὶ
2783 1733 3111 1802 δυσάντητον
3138 1735 3166 1785 6
3197 1733 3332 1785 λέων
3370 1732 3533 1797 ἐστὶν,
3567 1733 3664 1784 αύ-

2096 1823 2187 1884 τὸς
2219 1823 2529 1893 παρέδειξεν
2579 1823 2844 1876 ἐπειπών·
2887 1842 2905 1875 ι
2943 1825 3050 1878 Καὶ
3083 1823 3194 1892 ἐγὼ
3234 1825 3512 1894 ἀρπῶμαι,
3570 1826 3664 1878 καὶ

2097 1913 2453 1984 πορεύσομαι,
2487 1917 2578 1966 καὶ
2607 1915 2870 1984 λήψομαι,
2897 1917 2988 1968 καὶ
3019 1916 3120 1968 οὐκ
3153 1916 3302 1969 ἔσται
3345 1916 3665 1986 ἐξαιρούμε-

2096 2022 2203 2068 νος.
2220 2024 2236 2055 ι
2258 2005 2628 2078 ’Λρμόζειγάρ
2640 2007 2796 2059 τοῦτο
2818 2009 2882 2077 τῇ
2901 2006 3130 2060 λεόντων
3150 2008 3309 2078 ἀλκῇ⁶
3329 2007 3389 2058 τὸ
3411 2007 3486 2070 δὲ,
3502 2028 3517 2057 ι
3541 2008 3665 2077 ’Λρ-

2097 2098 2310 2168 πῶμαι,
2355 2101 2447 2152 καὶ
2472 2098 2828 2169 πορεύσομαι,
2871 2118 2887 2150 ι
2909 2098 3158 2169 δράσειεν
3191 2098 3257 2151 ἂν
3280 2099 3308 2150 6
3337 2097 3664 2169 πάνθηρ,ὼς

2096 2186 2251 2255 ἔφην.
2283 2187 2407 2239 ’Ότι
2451 2186 2507 2238 δὲ
2548 2187 2642 2240 καὶ
2683 2188 3037 2257 ἀποφοιτήσει
3080 2187 3188 2240 τῶν
3231 2187 3607 2254 λελυπηκότων
3635 2187 3664 2237 6

2097 2278 2317 2350 Κύριος,
2347 2280 2438 2332 καὶ
2465 2280 2744 2350 μονονουχὶ
2781 2278 3026 2332 συστελεῖ
3052 2281 3152 2351 τὴν
3190 2279 3526 2352 ἐπικουρίαν,
3570 2279 3664 2332 καὶ

2095 2366 2457 2437 ἀποστερήσει
2476 2369 2533 2420 τὸ
2553 2368 2797 2438 εὐμενὲς,
2827 2370 3252 2441 διαμεμήνυκεν,
3277 2372 3464 2424 εἰπών’
3503 2390 3519 2421 ι
3562 2373 3665 2423 Πο-

2101 2458 2383 2528 ρεύσομαι,
2413 2461 2506 2513 καὶ
2536 2461 2847 2532 ἐπιστρέψω
2882 2465 2962 2526 εἰς
2989 2464 3081 2516 τὺν
3122 2463 3284 2515 τόπον
3318 2481 3439 2532 μου,
3467 2463 3570 2563 ἓως
3596 2456 3661 2563 ei:

2096 2549 2454 2617 ἀφανισθῶσι.
2480 2569 2498 2600 ι
2531 2551 2692 2621 Τόπῳ
2723 2553 2819 2622 μὲν
2843 2553 2951 2622 γὰρ
2979 2552 3359 2623 ἀπεριόριστον
3386 2551 3662 2613 παντελῶς

2095 2641 2155 2694 τὸ
2178 2640 2330 2694 Θεῖόν
2363 2643 2478 2695 ἐστι
2498 2659 2510 2672 ·
2539 2646 2789 2714 παρεῖναι
2822 2644 2879 2696 δὲ
2909 2643 3126 2711 λέγεταί
3157 2660 3320 2707 τισιν,
3353 2644 3480 2696 ὅταν
3508 2640 3664 2711 χαρί-

2095 2731 2254 2802 ζηται
2287 2733 2385 2803 τὴν
2406 2734 2691 2803 εὐμένειαν
2713 2752 2726 2761 ·
2759 2734 2974 2786 ἀπεῖναι
3011 2733 3067 2789 δὲ
3099 2727 3165 2785 αὗ
3195 2732 3302 2784 τῶν
3344 2731 3663 2802 ἡμαρτηκό-

2093 2841 2219 2888 των,
2261 2825 2386 2878 ὅταν
2417 2826 2612 2887 αὐτοὺς
2643 2825 3072 2895 ἀποστρέφηται,
3122 2825 3216 2878 καὶ
3246 2825 3523 2893 ἀνακόπτῃ
3561 2825 3664 2892 τὴν

2095 2915 2425 2986 ἡμερότητα.
2472 2916 2725 2969 Λαλεῖται
2770 2917 2868 2986 μὲν
2908 2916 3016 2986 γὰρ
3052 2916 3406 2988 ἀνθρωπίνως
3438 2915 3506 2968 τά
3534 2914 3665 2981 περὶ

2094 3005 2249 3067 Θεοῦ,
2274 3007 2471 3060 νοεῖταί
2499 3024 2560 3074 γε
2600 3007 2725 3078 μὴν,
2755 3006 2830 3070 ὡς
2855 3005 2922 3061 ἂν
2951 3006 3098 3076 αύτῷ
3134 3007 3352 3076 πρέποι.

2169 3098 2276 3151 Καὶ
2308 3097 2729 3166 ἐπιζητήσουσι
2768 3100 2830 3153 τὸ
2860 3099 3186 3168 πρόσωπόν
3216 3114 3336 3167 μου
3366 3096 3509 3150 ὅταν
3538 3099 3668 3151 0.1L-

2097 3187 2302 3241 ϐῶσιν.

2165 3279 2284 3333 ΞΑν.
2345 3280 2464 3334 ’Ὁτι
2505 3280 2579 3350 μὴ
2619 3281 2742 3350 είκῆ
2773 3282 2882 3344 τοῖς
2937 3280 3188 3350 ἀχάλινον
3227 3279 3438 3350 ἔχουσιν
3473 3278 3564 3331 ἐπὶ
3598 3277 3669 3331 τᾶι

2096 3372 2290 3442 αἰσχίω
2335 3372 2430 3442 τὴν
2466 3372 2656 3443 ῥοπὴν,
2714 3373 2804 3425 καὶ
2851 3375 2962 3434 τοῖς
3009 3372 3403 3441 ἀκαταλήκτως
3449 3369 3667 3422 εἰωθόσι

2098 3464 2436 3534 πλημμελεῖν
2464 3465 2786 3534 ἐπιφέρεται
2809 3463 3063 3527 πολλάκις
3089 3463 3236 3535 παρὰ
3253 3462 3387 3515 Θεοῦ
3406 3462 3473 3515 τά
3495 3461 3667 3526 δεινὰ,

2098 3555 2232 3624 πρὸς
2265 3555 2530 3624 ὡφελείας
2562 3556 2618 3608 δὲ
2650 3556 2867 3625 μᾶλλον,
2895 3556 2988 3608 καὶ
3017 3557 3090 3618 ὡς
3118 3558 3174 3608 ἐν
3205 3556 3432 3623 ἰάματος
3454 3553 3667 3623 τρόπῳ,

2095 3647 2335 3702 διδάσκει
2369 3648 2550 3701 πάλιν.
2577 3649 2639 3700 Οί
2672 3646 2780 3717 γὰρ
2819 3647 2917 3716 τῆς
2966 3645 3112 3708 θείας
3143 3645 3479 3715 ἡμερότητος
3506 3660 3671 3696 κατα-

2097 3739 2382 3810 φρονηταὶ,
2421 3739 2514 3790 καὶ
2541 3739 2872 3808 ἠγνοηκότες
2897 3740 2977 3790 ὅτι
3003 3737 3156 3789 καλεῖ
3192 3737 3326 3807 πρὸς
3384 3735 3669 3806 μετάγνω-

2099 3849 2182 3884 σιν
2213 3830 2272 3882 τό
2301 3832 2398 3900 τῆς
2429 3831 2778 3896 ἀνεξικακίας
2808 3829 3059 3899 μέγεθος,
3083 3828 3190 3881 τῶν
3218 3828 3276 3892 ἐξ
3307 3828 3474 3898 ὀργῆς
3511 3845 3670 3895 κινη-

2101 3922 2283 3993 μάτων
2341 3923 2402 3975 ού
2466 3921 2804 3994 περιέσονταί
2849 3921 3011 3974 ποθεν
3057 3939 3069 3950 ·
3109 3921 3562 3992 περιθραυόμενοι
3611 3919 3670 3970 δὲ

2101 4014 2298 4093 μᾶλλον
2342 4017 2408 4084 τῇ
2451 4015 2547 4085 τῆς
2601 4015 2885 4084 συμφορᾶς
2935 4013 3240 4116 ἀγριότητι,
3289 4011 3350 4116 τό
3391 4011 3672 4116 σμμιρέρον

2099 4083 2545 4174 ἐπιγινώσκωσι·
2580 4107 2672 4160 καὶ
2693 4107 2785 4170 οὓς
2805 4107 2956 4160 οὐδὲν
2981 4106 3187 4176 ὤνησεν
3209 4106 3241 4175 ἡ
3268 4102 3667 4182 φιλανθρωπια,

2099 4198 2234 4269 πρὸς
2272 4199 2370 4268 τὴν
2399 4199 2490 4251 τοῦ
2528 4200 2896 4268 συμφέροντος
2926 4199 3190 4270 ἀποφέρει
3212 4196 3410 4265 γνῶσιν
3443 4193 3504 4246 τὸ
3533 4209 3668 4247 κατ-

2098 4289 2419 4352 αικίζεσθαι.
2468 4289 2566 4342 ’⁸ον
2614 4289 2719 4359 γὰρ
2779 4289 2978 4360 τρόπον
3020 4289 3087 4342 τά
3142 4291 3198 4342 ὲν
3246 4291 3358 4351 τοῖς
3415 4287 3667 4356 σώμασιν

2099 4382 2444 4453 ἀγριαίνοντα
2476 4381 2584 4434 τῶν
2610 4381 2814 4440 παθῶν,
2840 4382 2940 4444 καὶ,
2959 4383 3058 4435 ὅσα
3089 4381 3162 4452 μὴ
3189 4383 3298 4444 τοῖς
3321 4381 3504 4448 ἡπίοις
3530 4380 3671 4433 εἴκει

1746 4455 1995 4514 humanis
2028 4464 2071 4517 Ι)
2102 4472 2430 4541 φαρμάκοις,
2466 4471 2594 4541 πυρὶ
2615 4472 2706 4523 καὶ
2733 4471 2933 4542 σιδήρῳ
2963 4474 3177 4524 νικᾶται
3205 4471 3461 4531 πολλάκις
3486 4487 3499 4500 ·
3530 4469 3671 4522 κατὰ

2103 4564 2193 4615 τὸν
2222 4558 2354 4625 ἴσον,
2392 4559 2563 4630 οἶμαι,
2592 4564 2787 4632 τρόπον
2818 4579 2874 4614 τε
2922 4564 3014 4615 καὶ
3046 4562 3224 4630 λόγον,
3257 4562 3350 4615 καὶ
3375 4562 3442 4615 τά
3463 4564 3520 4614 ἐν
3548 4563 3669 4624 ταῖς

2101 4653 2466 4724 ἀνθρωπίναις
2517 4653 2715 4720 ψυχαῖς
2778 4652 3238 4722 ἐπισυμϐαίνοντα
3276 4653 3466 4748 ἐπάθηὶ
3493 4654 3540 4704 εί

2103 4746 2355 4812 χρηστοῖς
2405 4743 2614 4795 ὑπείκει
2647 4741 2843 4809 λόγοις.
2889 4744 3023 4813 μηδὲ
3068 4742 3310 4812 λογισμῷ
3346 4744 3558 4796 νικᾶται
3591 4759 3672 4810 τῳ

2105 4835 2373 4905 σώφρονι,
2428 4835 2572 4903 πόνῳ
2622 4834 2715 4886 καὶ
2765 4834 2990 4902 μάστιγι
3047 4837 3141 4888 καὶ
3186 4837 3302 4897 ταῖς
3350 4833 3672 4940 ἀνηκέστρις

2104 4927 2490 4998 παραχωροῦσι
2544 4930 2867 4998 συμφοραῖς.
2928 4927 3374 4997 Ἐκτεθλιμμένοι
3433 4925 3497 4996 δὴ
3554 4925 3670 4989 οὖν,

2094 5018 2210 5070 τότε
2239 5017 2303 5088 δὴ
2329 5016 2500 5082 μόλις,
2527 5019 2681 5087 φησὶ,
2728 5037 2745 5066 ι
2779 5017 2850 5070 T6
2883 5019 3015 5086 ἐμὸν
3056 5017 3451 5082 ὲπιζητήσουσι
3499 5014 3673 5084 πρόσ-

2092 5126 2259 5162 ωπον.
2292 5129 2309 5159 ι
2369 5110 2650 5179 Κειμὲνων
2686 5110 2794 5180 γὰρ
2823 5113 2879 5161 ἐν
2925 5108 3142 5177 ἐξουσία
3183 5106 3292 5158 τῶν
3325 5107 3571 5172 ἀγαθῶν,
3606 5107 3667 5158 ού

2095 5199 2262 5270 πολλὴ
2301 5201 2409 5261 τοῖς
2460 5200 2734 5261 ἀσυνέτως
2768 5200 2796 5267 ἡ
2828 5197 2921 5250 τοῦ
2956 5193 3443 5266 κατευφραίνοντος
3477 5194 3671 5256 αἴσθη-

2097 5307 2198 5352 σις.
2228 5290 2291 5342 ΕΞ
2318 5289 2372 5341 δὲ
2398 5290 2462 5359 δὴ
2482 5290 2586 5341 τῶν
2609 5289 2780 5350 οὕτως
2813 5287 3211 5340 εύκταιοτάτων
3243 5285 3668 5355 ἀποστερεῖσθαι

2101 5381 2403 5449 συμόαίνοι,
2444 5383 2563 5433 τότε
2613 5381 2676 5450 δὴ
2732 5379 2964 5449 μάλιστα
3014 5379 3362 5450 δριμυτέραις
3402 5377 3486 5428 ἐπ’
3527 5375 3669 5428 αύτά

2097 5475 2212 5535 ταῖς
2254 5472 2567 5541 ἐπιθυμίαις
2610 5471 2900 5541 ἐρχόμεθα.
2953 5471 3318 5540 Εἰσδεχόμεθα
3356 5469 3411 5520 δὲ
3469 5466 3666 5534 πολλὴν

431 5538 524 5588 λαὶ
562 5538 961 5607 ἀνταγώνιστον
995 5542 1084 5595 τθῧ
1146 5545 1438 5613 λυποῦντος
1501 5553 1595 5620 τὴν
1644 5556 1910 5628 αἴσθησιν.
1957 5564 2119 5618 «Ὅτε
2152 5565 2326 5618 τοίνυν
2385 5563 2625 5628 θλιϐὦσι,
2698 5562 2816 5616 τότε
2865 5561 2925 5614 τὸ
2978 5562 3106 5633 ἐμὸν
3162 5563 3450 5632 ζητησουσι
3503 5557 3668 5628 πρόσ-

425 5645 593 5680 (έΗῖἉΙ.
628 5648 643 5680 1

497 5721 539 5748 “0
575 5720 755 5789 Anius,
785 5741 863 5790 ιιι,
895 5726 945 5780 8.
1026 5728 1063 5758 "‘
1099 5727 1248 5783 lium,
1286 5746 1344 5792 Il,
1369 5731 1396 5783 ὖ
1429 5747 1545 5800 sqq.
