4002 6220
398 325 504 382 163

1381 316 1439 372 S.
1480 309 1758 370 CYRILLI
1797 299 2266 363 ALEXANDRINI
2302 298 2622 356 ARCIIIEP.

3539 296 3642 350 1θό

395 442 537 510 cipio
568 439 803 495 hominis
836 448 1085 494 naturam
1119 438 1288 494 Adam
1321 453 1338 491 :
1366 436 1549 492 statim
1569 433 1764 504 quippe
1798 429 1960 484 maleo

2085 425 2288 493 ῇσομεν.
2325 421 2576 490 Ἦρπασε
2622 419 2718 490 μὲν
2759 419 2868 489 γάρ
2909 418 2968 471 ἐν
2996 416 3193 488 ἀρχαῖς
3215 413 3312 485 τὴν
3357 411 3644 484 ἀνθρώπου

399 533 547 588 dicto
588 530 878 585 obnoxiam
926 530 1176 595 reddidit,
1221 527 1488 596 mortique
1535 537 1588 581 et
1638 524 1968 593 corruptioni

397 622 645 691 subjecit.
683 620 954 676 Percussit
991 603 1154 692 igitur
1184 621 1298 686 ira;
1346 625 1440 674 sed
1470 618 1639 688 gratia
1671 616 1815 670 velut
1837 617 1970 669 llna-

399 723 582 768 mcuto
617 711 671 767 in
724 712 916 766 vulnus
957 712 1210 781 imposito
1265 711 1496 767 curavit.
1553 708 1781 764 Sauavit
1827 713 1970 761 enim

399 804 674 870 Christus;
708 803 772 856 ad
799 804 1126 871 agnitionem
1157 816 1294 858 vera:
1327 789 1548 856 visionis
1574 800 1769 854 divina:
1810 813 1970 854 voca-

400 895 509 962 vit;
543 911 640 965 per
683 895 942 966 Spiritum
987 896 1050 948 ad
1107 895 1476 948 mandatorum
1541 893 1971 949 observationem

401 989 770 1053 confirmavit;
815 988 1000 1041 beatos
1044 988 1236 1042 iterum
1297 986 1455 1052 fecit;
1501 985 1834 1055 (τοι-τυριὶοηὶ
1875 998 1974 1038 ex-

402 1081 552 1144 emit,
580 1089 633 1132 et
665 1079 940 1133 veteribus
981 1078 1205 1143 morbis,
1235 1087 1452 1148 peccato
1470 1078 1674 1132 scilicet
1703 1091 1762 1131 ae
1779 1076 1977 1146 passio-

408 1167 592 1233 nibus,
625 1167 891 1221 liberavit.
922 1167 1226 1222 Evenerant
1274 1179 1449 1222 autem
1507 1169 1620 1222 haec
1661 1167 1976 1223 mortalibus

404 1274 509 1314 non
547 1269 607 1313 ut
645 1259 820 1327 primo
853 1261 1106 1326 maxime,
1144 1269 1236 1312 aut
1287 1259 1519 1314 secundo
1571 1269 1833 1329 tempore.
1882 1258 1977 1313 sed

406 1361 464 1402 ut
493 1351 544 1404 in
575 1350 754 1411 tertio,
797 1351 894 1402 hoc
917 1359 1020 1412 est,
1058 1349 1110 1402 in
1145 1349 1332 1402 ultimo
1365 1365 1429 1403 ac
1470 1364 1741 1417 supremo.
1787 1349 1977 1404 Omnia

404 1440 669 1508 siquidem
701 1450 938 1508 tempora
969 1439 1144 1512 tribus
1173 1441 1424 1510 gradibus
1463 1439 1576 1510 96
1616 1439 1975 1505 continentur,

403 1534 602 1602 primo,
635 1533 832 1597 medio,
867 1532 1076 1596 ultimo,
1107 1547 1212 1602 quo
1243 1531 1398 1586 nobis
1427 1531 1674 1587 Christus
1709 1535 1975 1602 apparuit.

405 1624 609 1680 Idcirco
643 1629 786 1679 velut
817 1639 879 1678 ex
911 1626 1113 1678 medica
1149 1624 1482 1691 experientia
1510 1625 1689 1678 dicunt
1718 1642 1731 1678 :
1763 1624 1980 1680 Curatio

407 1719 560 1772 nobis
608 1727 726 1786 post
769 1719 884 1772 dies
928 1719 1062 1770 duos
1099 1717 1330 1780 eveniet,
1377 1717 1694 1785 prophetico
1730 1730 1982 1772 sermone

2071 514 2232 584 φύσιν
2259 516 2286 567 6
2337 512 2530 582 Ἀδάμ·
2565 511 2836 583 ἐπάρατον
2858 509 2966 580 γὰρ
2993 508 3271 578 ἀπέφηνεν
3303 504 3487 567 εὐθὺς,
3516 505 3649 556 ὑπο-

2071 606 2182 669 θεὶς
2233 603 2447 672 θανάτῳ
2496 603 2589 656 καὶ
2651 602 2846 672 φθορᾷ.
2892 599 3100 653 Οὐκοῦν
3140 596 3372 667 ἐπληξεν
3419 593 3648 666 ήὸργὴ,

2070 694 2184 748 ἀλλ’
2238 694 2513 764 ὲμότωσεν
2562 693 2596 762 ή
2655 691 2832 761 χάρις.
2890 689 3103 742 ’ἰάσατο
3157 687 3267 756 γάρ
3319 687 3348 738 ὁ
3389 683 3648 755 Χριστὸς,

2073 785 2344 855 κέκληκεν
2389 784 2526 855 πρὸς
2580 783 2880 849 ἐπίγνωσιν
2929 781 3028 850 τῆς
3082 777 3315 848 ἀληθοῦς
3369 776 3651 839 θεοπτίας,

2073 877 2320 947 ἑδραίους
2378 876 2626 944 ἀπέφηνε
2679 871 2766 925 διά
2802 870 2895 924 τοῦ
2939 871 3252 939 Πνεῦματος
3301 868 3380 930 είς
3420 867 3652 936 τήρησιν

2073 969 2320 1030 ὲντολῶν,
2354 966 2626 1037 ζηλωτοὺς
2669 963 2917 1030 ἀπέδειξε
2969 961 3129 1015 πάλιν
3167 958 3494 1029 καιφθορὲἰς
3523 959 3654 1010 επέ-

2074 1077 2228 1115 κεινα
2283 1058 2472 1122 τιθεὶς,
2525 1056 2620 1110 καὶ
2670 1055 2777 1108 τῶν
2834 1051 3076 1124 ἀρχαίων
3133 1049 3278 1120 ἡμᾶς
3338 1047 3653 1114 ἀπαλλάξας

2075 1150 2558 1224 ἀρρωστημάτων,
2610 1145 2883 1218 ἁμαρτίας
2937 1145 3023 1213 δὴ,
3065 1141 3226 1210 λέγω,
3277 1140 3374 1194 ,καὶ
3442 1137 3651 1192 παθῶν.

2077 1244 2404 1316 Συμόἐϐηκε
2431 1243 2487 1295 δὲ
2517 1241 2583 1294 τά
2613 1239 2787 1292 τοιάδε
2821 1239 2932 1299 τοῖς
2967 1235 3058 1287 ἐπὶ
3083 1234 3182 1302 τῆς
3217 1231 3342 1300 γῆς,
3371 1230 3470 1300 οὐχ
3494 1229 3570 1292 ὠς
3596 1231 3656 1280 ἐν

2079 1335 2280 1410 πρώτῳ
2309 1334 2531 1405 μᾶλλον,
2563 1333 2732 1401 ἤγουν
2760 1331 2816 1381 ὲν
2848 1326 3084 1395 δευτέρῳ
3114 1321 3313 1394 καιρῷ,
3347 1320 3462 1376 ἀλλ’
3492 1321 3569 1383 ὡς
3597 1321 3656 1372 ὲν

2077 1429 2268 1500 τρίτῳ,
2298 1425 2564 1488 τουτέστι,
2596 1422 2677 1492 τῷ
2704 1418 2899 1489 λοίσθῳ
2954 1417 3048 1468 καὶ
3099 1414 3411 1482 τελευταίῳ.
3457 1411 3656 1482 Χρόνοι

2083 1521 2180 1590 μὲν
2220 1519 2328 1588 γάρ
2373 1518 2421 1569 oi
2471 1514 2670 1576 πάντες
2731 1507 3090 1582 ἀριθμοῦνται
3135 1507 3301 1577 τρεῖς,
3353 1503 3570 1574 πρῶτός
3596 1518 3654 1554 τε

2082 1611 2175 1663 καὶ
2213 1609 2394 1680 μέσος,
2433 1606 2526 1660 καὶ
2556 1605 2880 1665 τελευταῖος,
2918 1599 3039 1654 καθ’
3078 1598 3136 1651 ὃν
3172 1599 3304 1666 ἡμῖν
3328 1594 3598 1664 ὲπέφανεν
3629 1595 3659 1646 ὁ

2083 1699 2338 1769 Χριστός.
2363 1695 2628 1767 Ταύτῃτοί
2655 1708 2838 1762 φασιν,
2869 1691 2949 1743 ὃτι
2973 1689 3040 1741 τά
3073 1687 3172 1756 τῆς
3211 1682 3496 1756 μοτώσεως
3524 1683 3658 1752 ἡμῖν

407 1823 572 1861 unum
602 1808 741 1862 diem
775 1824 872 1876 pro
910 1818 1151 1874 tempore
1183 1807 1336 1861 nobis
1370 1809 1638 1863 metiente.
1687 1806 1856 1872 Tunc,
1895 1807 1976 1862 in-

2085 1790 2332 1860 καθάπερ
2367 1789 2426 1855 ἐξ
2459 1785 2707 1857 ἰατρικῆς
2735 1777 3201 1876 ὲμπειρίαςιέσται
3229 1774 3370 1875 μετά
3401 1774 3495 1828 δύο
3519 1773 3660 1874 me:

407 1899 548 1967 quit,
579 1914 597 1948 ι
644 1895 1057 1966 Persequemur.
1093 1908 1153 1952 ιιι
1181 1913 1566 1969 cognoscamus
1612 1897 1918 1953 Dominum.
1955 1917 1973 1950 ι

406 1986 818 2060 Persequemur.
847 2004 960 2058 pro,
994 1991 1348 2056 studebimus,
1379 1989 1712 2046 aiuut.Tuuc
1738 2000 1792 2046 et
1827 2011 1844 2043 ι
1880 1990 1984 2045 Rc-

411 2095 720 2147 surgemus,
753 2089 805 2133 et
847 2080 1088 2132 vivemus
1124 2095 1306 2133 coram
1335 2081 1442 2134 illo.
1477 2101 1495 2132 ι
1539 2081 1982 2136 Consurrcxiums

411 2171 553 2224 enim
589 2188 708 2224 cum
741 2171 958 2225 Christo
991 2171 1066 2235 ⁸⁹;
1095 2182 1146 2224 et
1179 2173 1426 2239 quoniam
1453 2188 1590 2228 unus
1619 2189 1714 2242 pro
1737 2176 1983 2229 omnibus

411 2273 654 2317 mortuus
687 2271 790 2326 est,
848 2263 964 2330 ejus
1009 2262 1175 2316 vitam
1223 2262 1450 2316 vivimus
1499 2265 1565 2328 “,
1616 2279 1721 2318 non
1760 2263 1867 2333 jam
1915 2265 1983 2319 ab

412 2354 585 2408 oculis
626 2353 718 2408 Dei
765 2362 986 2422 propter
1025 2355 1510 2423 transgressionem
1549 2355 1763 2422 remeti,
1809 2369 1985 2425 neque

415 2460 669 2517 tauquam
708 2456 828 2515 post
859 2457 1068 2515 tergum
1095 2455 1316 2515 propter
1341 2457 1613 2516 peccatum
1633 2446 1856 2514 abjccti;
1888 2449 1981 2502 sed

413 2541 478 2594 ad
526 2549 868 2608 conspectum
913 2538 980 2592 de
1031 2547 1228 2592 caetero
1262 2540 1503 2600 admissi,
1538 2549 1590 2593 et
1631 2541 1874 2596 fiduciam
1929 2543 1980 2596 in

415 2632 531 2700 ipso
552 2640 771 2699 propter
793 2629 1058 2698 justitiam
1088 2628 1138 2682 in
1164 2628 1374 2684 Christo
1406 2629 1684 2685 habentes.
1718 2630 1779 2684 Et
1802 2646 1894 2699 per
1922 2629 1986 2684 il-

414 2723 522 2776 lum
547 2724 708 2774 etiam
751 2724 922 2789 ipsum
970 2718 1185 2775 Patrem
1226 2736 1321 2776 uos
1347 2721 1681 2792 cognovisse,
1711 2734 1764 2776 et
1794 2722 1984 2776 Filium

415 2813 582 2865 nostri
609 2810 836 2865 similem
869 2809 1090 2873 factum,
1123 2808 1509 2877 plenitudinem
1540 2809 1691 2862 nobis
1729 2824 1846 2863 esse
1870 2813 1988 2864 oni-

413 2901 500 2955 nis
521 2901 641 2955 boui
668 2899 1013 2964 conﬁtentur,
1037 2899 1298 2961 dicentes,
1335 2916 1352 2949 ι
1377 2898 1539 2964 Quasi
1567 2915 1721 2954 mane
1739 2911 1984 2968 paratum

414 2991 749 3046 inveniemus
789 3003 931 3050 eum,
975 3007 992 3040 ι
1035 2987 1135 3042 Ιιοο
1177 2997 1282 3052 est,
1324 2996 1386 3041 ut
1416 2988 1595 3042 lumen
1630 2991 1900 3053 exoriens,
1931 3000 1988 3044 ut

2084 1893 2204 1947 ρας,
2275 1875 2488 1945 ἡμέραν
2569 1874 2699 1942 ἡμῖν
2767 1872 2846 1934 είς
2900 1866 3090 1938 καιρὸν
3161 1864 3257 1918 τοῦ
3318 1864 3657 1934 προφητικοῦ

2085 1967 2407 2038 μετροῦντος
2439 1965 2616 2032 λόγου.
2653 1963 2806 2026 Τότε,
2855 1958 3006 2030 φησὶ,
3042 1975 3062 2010 ι
3088 1956 3384 2026 Διῶξομεν,
3403 1955 3497 2008 τοῦ
3522 1955 3660 2008 είδέ-

2082 2074 2170 2110 ναι
2198 2056 2287 2109 τδν
2310 2054 2534 2126 Κύριον.
2550 2073 2568 2105 ι
2597 2052 2690 2118 Τὸ,
2713 2051 3004 2120 Διώξομεν,
3023 2049 3142 2102 ἀντὶ
3157 2047 3249 2101 τοῦ
3276 2045 3658 2115 Σπουδάσομεν

2086 2148 2257 2218 φασί.
2307 2147 2438 2199 Τότε
2492 2145 2588 2198 καὶ
2638 2141 3070 2213 ἀναστησόμεθα,
3111 2139 3201 2192 καὶ
3247 2136 3522 2209 ζησόμεθα
3573 2137 3659 2190 ὲνο

2084 2241 2254 2294 ώπιον
2293 2237 2478 2292 αὑτοῦ.
2509 2233 2965 2306 Συνεγηγέρμεθα
3007 2233 3114 2304 γάρ
3137 2230 3212 2301 τῷ
3252 2229 3472 2301 Χριστῷ
3495 2245 3510 2260 ·
3562 2230 3659 2282 καὶ

2085 2330 2275 2402 ἐπειδὴ
2307 2324 2386 2393 εἷς
2434 2327 2577 2399 ὑπὲρ
2599 2330 2819 2382 πάντων
2850 2323 3113 2389 ἀπέθανε,
3160 2323 3256 2394 τὴν
3283 2321 3448 2374 αὑτοῦ
3476 2321 3659 2391 ζῶμεν

2086 2424 2250 2495 ζωὴν,
2283 2422 2381 2475 οὐκ
2423 2423 2480 2488 ἐξ
2522 2418 2816 2491 ὀφθαλμῶν
2856 2418 2934 2470 ἔτι
2975 2417 3213 2488 κείμενοι
3248 2415 3404 2481 Θεοῦ,
3438 2414 3527 2469 διά
3561 2414 3659 2485 τὴν

2088 2519 2437 2592 παράϐασινο
2479 2518 2601 2572 οὔτε
2655 2519 2761 2589 μὴν
2798 2517 2872 2581 ὡς
2914 2515 3233 2589 ἐρριμμένοι
3277 2515 3528 2579 κατόπιν,
3569 2513 3660 2566 διὰ

2086 2610 2182 2682 τὴν
2217 2611 2518 2681 ἁμαρτίαν·
2558 2609 2670 2661 ἀλλ’
2688 2611 2751 2661 -ὲν
2783 2607 2900 2676 ὖψει
2940 2606 3124 2660 λοιπὸν
3163 2603 3531 2677 ὲνηνεγμένοι,
3563 2602 3659 2656 καὶ

2086 2702 2396 2775 παρρησίαν
2446 2701 2659 2771 ἔχοντες
2691 2701 2819 2772 παρ’
2858 2700 3027 2771 αὐτῷ,
3064 2698 3152 2752 διὰ
3201 2698 3298 2770 τὴν
3343 2700 3399 2753 ὲν
3438 2696 3659 2770 Χριστῷ

2085 2792 2448 2864 δικαιοσύνην.
2478 2793 2584 2846 Καὶ
2607 2793 2688 2845 ὅτι
2717 2791 2785 2844 δι’
2813 2791 2999 2856 αὐτοῦ,
3028 2793 3123 2845 καὶ
3153 2791 3314 2846 αὐτὸν
3339 2790 3658 2860 ἐγνώκαμεν

2084 2886 2175 2938 τὸν
2206 2884 2445 2954 Πατέρα,
2473 2885 2557 2936 ὅτι
2587 2883 2644 2936 δὲ
2677 2884 2954 2954 πλήρωσις
2990 2887 3121 2954 ἡμῖν
3153 2887 3269 2938 ἐστι
3301 2883 3501 2946 παντὸς
3523 2883 3661 2950 ἀγαο

2087 2974 2178 3028 θοῦ
2207 2973 2327 3026 καθ’
2359 2976 2505 3044 ἡμᾶς
2533 2972 2770 3042 γεγονὼς
2790 2980 2818 3029 6
2845 2976 2994 3042 Υἱὸς,
3016 2975 3341 3046 ὁμολογοῦσι
3370 2975 3620 3041 λέγοντες
3641 2989 3656 3004 ο

414 3082 601 3146 solem,
638 3078 1070 3148 ut'spleudorem
1098 3077 1294 3148 fugatis
1339 3079 1594 3134 tenebris.
1649 3079 1760 3134 Erit
1803 3091 1978 3136 autem

2093 3084 2112 3117 ι
2147 3067 2235 3130 Ὠς
2263 3065 2458 3138 ὄρθρον
2500 3067 2712 3136 ἕτοιμον
2753 3069 3057 3140 εὑρήσομεν
3091 3068 3273 3134 αὑτὸν,
3305 3087 3322 3119 ι
3360 3067 3659 3134 τουτέστιν,

415 3173 570 3226 nobis
608 3189 625 3221 ι
673 3180 728 3222 ιιι
759 3169 1105 3236 tempestivus
1135 3180 1188 3222 et
1219 3170 1488 3223 serotiuus
1521 3171 1712 3225 imber.
1758 3189 1778 3223 ι
1823 3169 1980 3240 Rigat

414 3262 556 3316 enim
594 3275 689 3314 nos
732 3260 822 3327 qui
857 3259 1012 3312 iidem
1055 3260 1412 3328 suscepimus,
1449 3269 1502 3314 et
1542 3261 1829 3314 adventum
1874 3261 1989 3330 ejus

418 3355 518 3408 rite
553 3353 906 3422 cognovimus
951 3350 1147 3420 duplici
1185 3352 1366 3416 modo,
1420 3363 1476 3406 ut
1519 3353 1730 3422 opinor.
1769 3352 1988 3408 lievelat

417 3459 650 3512 namque
675 3443 726 3495 in
774 3442 966 3510 spiritu
1006 3452 1245 3497 veterum
1287 3455 1340 3496 et
1379 3443 1649 3508 legalium,
1688 3456 1741 3498 et
1772 3445 1988 3515 insuper

418 3536 852 3602 prOpheticarutn
888 3534 1256 3588 doctrinarum
1305 3537 1568 3590 notitiam.
1633 3535 1698 3590 Et
1746 3539 1877 3602 lucc,
1929 3545 1988 3591 ut

418 3635 568 3693 puto,
606 3634 691 3678 est
738 3633 1084 3692 temporanca
1117 3625 1329 3694 pluvia:
1359 3627 1441 3680 eui
1472 3625 1866 3694 quodammodo
1896 3643 1986 3682 se-

418 3715 650 3767 rotinam
700 3712 925 3774 addidit,
973 3715 1296 3784 evangelicae
1343 3716 1638 3786 disciplina:
1693 3718 1978 3787 intelligent

419 3807 546 3859 tiam
593 3814 647 3859 et
677 3804 1088 3875 apostolicarum
1121 3807 1556 3874 praedicationum
1589 3809 1984 3876 optatissimum

417 3897 757 3952 beneﬁcium.
787 3895 937 3951 Facti
974 3913 1160 3952 sumus
1197 3909 1393 3963 autem,
1439 3909 1496 3952 ιιι
1538 3911 1620 3954 est
1668 3903 1807 3970 apud
1863 3918 1987 3971 pro-

417 3987 654 4055 phetam,
689 4007 708 4036 ι
749 3998 890 4040 terra
917 3987 1118 4054 cupita.
1161 4005 1180 4038 ι
1218 3989 1294 4043 Ac
1325 3989 1550 4042 fortasse
1579 3992 1641 4043 de
1665 3989 1820 4044 nobis
1846 3991 1982 4059 psal-

416 4081 475 4134 lit
510 4081 698 4133 beatus
735 4078 900 4132 David
939 4097 952 4132 :
997 4097 1014 4129 ι
1059 4079 1298 4134 V’isitasti
1345 4091 1561 4145 terram,
1616 4090 1670 4135 et
1702 4082 1980 4136 iuebriasti

415 4191 556 4238 eam,
595 4173 952 4243 uzultiplicasti
982 4173 1304 4242 locupletare
1333 4189 1448 4227 eam
1473 4173 1538 4228 7°.
1574 4193 1593 4225 ι
1625 4172 1982 4239 Quamobrem

416 4266 559 4318 dedit
614 4265 842 4318 fructum
895 4279 1082 4327 suum,
1135 4265 1520 4327 centesimum,
1567 4266 1982 4336 sexagesimum,

415 4356 747 4412 tricesimum
788 4357 855 4419 7‘,
882 4357 1033 4424 juxta
1069 4371 1249 4408 vocem
1279 4357 1594 4409 Salvatoris.

2085 3161 2159 3224 ὼς
2186 3160 2301 3230 φῶς
2327 3161 2565 3232 ἀνίαχον,
2599 3162 2674 3224 ὡς
2707 3162 2878 3232 ἥλιον,
2923 3163 2995 3226 ὡς
3047 3164 3240 3235 αὐγὴν,
3269 3164 3661 3237 παρῳχηκότος

2085 3251 2179 3305 τοῦ
2212 3253 2458 3314 σκότους.
2491 3253 2687 3306 Ἔσται
2717 3254 2948 3324 δὲ”ήμῖν
2983 3273 3001 3305 ι
3034 3255 3123 3319 Ὠς
3151 3255 3402 3327 πρώῖμός
3449 3273 3507 3309 τε
3565 3259 3661 3310 καὶ

2084 3345 2279 3416 δψιμος
2314 3346 2486 3410 ὐετός.
2517 3365 2535 3398 ι
2567 3345 2836 3414 Κατάρδει
2864 3345 2972 3418 γὰρ
3005 3349 3151 3418 ἡμᾶς
3184 3348 3311 3413 τοὺς
3352 3348 3449 3420 τὴν
3476 3347 3660 3402 πίστιν

2087 3438 2546 3508 είσδεδεγμένους,
2587 3440 2679 3492 καὶ
2717 3440 3094 3507 ἐπεγνωκότας
3126 3440 3301 3510 ὀρθῶς
3329 3441 3430 3512 τὴν
3463 3441 3660 3510 ἐπιφά-

2085 3547 2232 3583 νειαν
2261 3531 2448 3596 αὐτοῦ,
2479 3532 2620 3585 κατὰ
2641 3531 2836 3595 διττὸν,
2869 3525 3042 3604 οἶμαι,
3091 3535 3311 3604 τρόπον.
3361 3533 3662 3587 Ἀποκαλύ-

2093 3640 2214 3676 πτει
2247 3623 2345 3694 μὲν
2371 3623 2478 3695 γὰρ
2503 3624 2561 3676 ὲν
2584 3625 2854 3695 πνεύματι
2887 3625 2994 3679 τῶν
3024 3628 3264 3697 ἀρχαίων
3283 3644 3342 3680 τε
3390 3629 3485 3682 καὶ
3505 3645 3661 3699 νομι-

2093 3714 2205 3768 κῶν
2238 3716 2330 3767 καὶ
2360 3715 2494 3786 πρὸς
2525 3716 2733 3779 τούτοις
2778 3717 2858 3770 ἐτι
2891 3718 3243 3789 προφητικῶν
3279 3718 3660 3790 παιδευμάτων

2091 3806 2192 3877 τὴν
2233 3807 2454 3875 γνῶσιν.
2505 3807 2614 3860 Καὶ
2656 3808 2835 3871 τοῦτο,
2886 3805 3061 3878 οἶμαι,
3121 3811 3269 3863 ἐστὶν
3324 3813 3352 3864 6
3410 3811 3660 3884 πρώῖμος

2095 3896 2268 3959 ὑετός.
2298 3896 2532 3967 Ὄψιμον
2567 3897 2623 3950 δὲ
2663 3897 2851 3969 ὥσπερ
2883 3897 3062 3971 [πρὸς]
3097 3902 3290 3974 ἐκείνῳ
3317 3903 3498 3956 δίδωσι
3549 3905 3660 3957 τῶν

2088 3988 2456 4058 εὐαγγελικῶν
2497 3991 2877 4061 παιδευμάτων
2906 3992 3003 4064 τὴν
3045 3995 3248 4064 νόησιν,
3299 3998 3392 4049 καὶ
3423 3998 3659 4050 ἀποστο-

2087 4082 2253 4134 λικῶν
2287 4085 2654 4154 κηρυγμάτων
2684 4084 2780 4155 τὴν
2807 4087 3127 4158 τριπόθητον
3144 4088 3320 4159 χάριν.
3352 4089 3660 4160 Γεγόναμεν

2088 4174 2166 4238 δὲ,
2198 4175 2272 4237 ὼς
2305 4177 2332 4228 6
2364 4178 2648 4247 προφήτης
2698 4181 2849 4248 φησι,
2904 4197 2922 4230 ι
2947 4179 3022 4249 Γῆ
3065 4180 3284 4252 θελητή·
3317 4201 3332 4232 ι
3379 4183 3474 4235 καὶ
3514 4183 3660 4254 τάχα

2092 4270 2222 4339 περὶ
2259 4270 2416 4340 ἡμῶν
2442 4271 2633 4339 ψάλλει
2659 4272 2830 4338 λέγων
2857 4274 2884 4325 ὁ
2919 4275 3185 4345 μακάριος
3221 4276 3414 4328 Δαείδ·
3453 4295 3470 4327 ι
3527 4276 3660 4330 Ἑπ-

2093 4359 2305 4428 εσκέψω
2337 4361 2433 4430 τὴν
2456 4362 2577 4431 γῆν,
2611 4363 2704 4414 καὶ
2733 4361 3003 4433 ὲμέθυσας
3024 4367 3212 4436 αὐτήν·
3234 4365 3536 4437 ὲπλὴθυνας
3561 4368 3656 4421 τοῦ

418 4451 716 4518 πλουτῆσαι
755 4449 946 4518 αὐτήν.
974 4467 993 4498 ι
1065 4449 1174 4500 Καὶ
1223 4446 1353 4514 γοῦν
1398 4447 1596 4499 δέδωκε
1645 4446 1736 4499 τὸν
1776 4448 1986 4520 καρπὸν
2062 4450 2231 4520 αὐτῆς
2259 4452 2472 4516 ἑκατὸν,
2517 4454 2799 4525 ἐξήκοντα,
2852 4457 2946 4510 καὶ
3021 4458 3333 4530 τριάκοντα,
3382 4461 3522 4514 κατά
3556 4461 3660 4533 τὴν

414 4548 506 4599 τοῦ
533 4547 782 4615 Σωτῆρος
810 4543 1016 4613 φωνήν.

485 4635 650 4689 Vens.
680 4635 732 4687 5.
762 4631 900 4697 Quid
931 4631 1022 4683 tibi
1054 4631 1268 4698 facium,
1304 4627 1597 4697 Epiri-uim?
1628 4633 1750 4700 quid
1781 4634 1874 4686 tibi
1896 4633 1981 4700 [αι

2161 4629 2219 4682 Τί
2241 4645 2337 4681 σοι
2367 4627 2618 4694 ποιήσω,
2651 4633 2932 4700 Ἐςςραῐὶκ
2960 4637 3015 4687 τί
3039 4652 3134 4689 σοι
3166 4641 3414 4704 ποιήσω,
3434 4644 3662 4711 Ἰούδας

415 4729 570 4788 ciam,
607 4725 790 4778 Iuda?
823 4720 1186 4774 Misericordia
1233 4732 1403 4775 autent
1450 4737 1563 4773 mea
1615 4726 1763 4792 quasi
1824 4725 1982 4778 unbcs

415 4819 702 4881 matutina,
726 4827 771 4868 et
795 4815 946 4886 quasi
985 4830 1068 4867 ros
1098 4814 1382 4866 matutinus
1407 4817 1780 4883 pcrtruusieus.

488 4911 667 4964 LXIII.
701 4909 813 4965 Non
843 4919 967 4964 sunt
1009 4908 1170 4963 verba
1209 4907 1504 4962 dubitantis
1553 4925 1567 4960 :
1623 4923 1794 4976 neque
1838 4909 1978 4962 enim

419 5003 699 5072 ignorabat
731 5003 869 5056 Deus
897 5003 1020 5071 quid
1048 5001 1356 5056 errantibus
1389 5001 1680 5070 expediret,
1724 5014 1894 5068 neque
1921 5001 1982 5073 il-

421 5092 525 5142 lum
585 5091 756 5142 vit-zus
809 5089 1007 5144 defecit
1065 5091 1130 5141 ad
1180 5092 1477 5158 pra-standa
1531 5105 1648 5158 qua:
1701 5089 1981 5143 tliaholicis

421 5181 625 5249 laqueis
675 5179 899 5233 irrctitis
954 5182 1210 5248 prodesse
1265 5191 1516 5250 possent;
1579 5181 1705 5250 quin
1764 5189 1985 5234 accusat

415 5292 509 5327 eos
553 5272 728 5342 potius
759 5271 926 5338 quod,
967 5287 1086 5323 cum
1141 5272 1206 5324 ad
1273 5273 1605 5325 curationem
1669 5273 1800 5326 nihil
1861 5273 1989 5341 ipsis

416 5369 644 5426 deesset,
680 5373 853 5416 taueu
900 5363 1098 5430 itupetu
1147 5363 1449 5416 voluntario
1484 5366 1548 5418 ad
1601 5366 1781 5419 illicita
1833 5365 1989 5419 faeti-

418 5461 575 5511 tauda
617 5433 951 5510 deﬂexerint.
982 5453 1209 5506 Perinde
1267 5457 1408 5506 enim
1450 5468 1527 5508 est
1578 5455 1807 5511 fortasse
1846 5476 1908 5514 ac
1942 5460 1984 5514 si

417 5552 561 5604 dicat
587 5565 602 5603 :
632 5545 792 5613 Cujus
829 5544 1170 5613 ittdulgcutite
1199 5553 1251 5596 ct
1293 5544 1474 5597 auxilii
1507 5550 1692 5599 modus
1719 5550 1988 5618 exiogita-

490 5729 534 5758 cs
564 5729 772 5780 (ἷωθδθο
807 5743 885 5790 ¹¹¹ι
921 5726 965 5777 io
1045 5729 1087 5754 Μ’
1123 5726 1156 5777 Η
1181 5726 1304 5776 Cur.
1344 5739 1392 5785 ι’,
1431 5724 1506 5773 ίξῖ.

2095 4720 2163 4774 Τὸ
2191 4720 2256 4772 δὲ
2277 4721 2449 4785 ἔλεός
2469 4739 2588 4789 μου
2609 4721 2688 4786 ὡς
2707 4723 2929 4791 νεφέλη
2953 4728 3198 4796 πρωὶισὴ,
3227 4731 3323 4783 καὶ
3339 4733 3417 4797 ὡς
3437 4734 3662 4807 δρόσος

2087 4812 2327 4879 ὀρθρινὶι
2361 4813 2750 4880 πορευομένη.

2158 4905 2275 4959 El".
2308 4905 2420 4957 Οὐκ
2447 4905 2792 4976 ὴπορηκότος
2831 4909 2860 4960 6
2893 4909 3067 4980 λόγος·
3099 4914 3159 4966 οὐ
3188 4915 3296 4986 γὰρ
3336 4917 3402 4971 ἂν
3424 4919 3661 4992 ἠγνόησε

2089 4995 2220 5060 Θεὸς
2259 4997 2317 5050 τὸ
2362 4999 2474 5060 τοῖς
2523 4997 2897 5070 πλανωμένοις
2941 5005 3234 5076 χρήσιμον·
3289 5009 3404 5064 ἀλλ’
3446 5012 3552 5065 οὐδ’
3593 5016 3667 5072 ἂν

2088 5088 2315 5158 ὴτὸνησε
2376 5088 2508 5159 πρὸς
2552 5091 2886 5160 κατόρθωσιν
2917 5095 3025 5146 τῶν
3069 5095 3298 5163 ὠφελεῖν
3337 5107 3668 5173 πεφυκότων

2088 5179 2215 5242 τοὺς
2249 5180 2360 5241 τοῖς
2385 5178 2705 5242 διαδολικοῖς
2737 5181 3021 5245 ἐναλόντας
3047 5183 3279 5254 βρόχοις.
3317 5190 3641 5250 Ἐπαιτιᾶτα

2087 5271 2143 5323 δὲ
2181 5271 2405 5341 μᾶλλον,
2435 5273 2809 5336 ἐκλελοιπότος
2841 5274 2940 5343 μὲν
2970 5275 3152 5340 αὐτοῖς
3182 5280 3288 5332 τῶν
3329 5283 3464 5354 πρὸς
3493 5287 3664 5356 θερα-

2089 5362 2517 5425 πείαψούὂενδς,
2549 5362 2874 5428 ὲθελουσίοις
2914 5365 2970 5419 δὲ
3019 5369 3222 5437 μᾶλλον
3273 5375 3668 5443 ἐκκεκλικὸτας

2086 5454 2283 5524 ὁρμαῖς
2313 5455 2406 5504 icti.
2434 5454 2492 5505 τὸ
2519 5454 2648 5524 δρᾷν
2681 5455 2715 5509 ἂ
2755 5458 2828 5528 μὴ
2871 5458 3046 5529 θέμις.
3095 5463 3322 5533 Ὅμοιον
3356 5469 3462 5538 γὰρ
3495 5469 3572 5530 ὡς
3613 5472 3664 5525 εί

2089 5548 2181 5599 καὶ
2221 5545 2367 5612 λέγοι
2428 5546 2608 5614 τυχόν
2647 5549 2802 5612 Ποῖ-ις
2836 5542 3185 5621 emensos;
3220 5559 3310 5610 καὶ
3342 5561 3665 5629 ἐπικουρίας

1586 5725 1629 5752 7"
1658 5723 1793 5774 l’~:=l.
1827 5740 1970 5790 μιν,
2001 5727 2081 5778 ίΟ.
2159 5727 2407 5780 “.‘ilatth.
2469 5745 2580 5794 Mli,
2616 5729 2668 5783 8.
