3954 6208
264 289 358 344 I65

1179 286 1730 344 COMMENTARIUS
1766 287 1831 342 IN
1873 287 2096 342 OSEAM
2138 289 2576 346 PROI‘IIETAM.

3396 299 3497 355 106

253 400 342 451 οἰκ
384 397 682 467 ἐξηύρηται
717 400 956 468 τρόπος;
995 398 1086 450 καὶ
1119 397 1171 450 τί
1205 399 1321 467 μετ’
1363 399 1547 451 ἐκεῖνα
1579 400 1822 468 ﬁatﬁat»;

1934 409 2010 452 lus
2042 414 2146 453 non
2190 402 2304 455 est?
2347 410 2399 454 et
2445 401 2570 470 quid
2620 411 2737 469 post
2786 401 2899 456 haec
2943 403 3178 457 faciant?
3233 412 3500 474 quonme

252 488 560 558 ἀποκρούσῃ
582 488 635 540 δὲ
665 489 814 551 ὅπως
848 489 948 559 τὴν
981 488 1324 558 ἀρρωστίαν;
1368 488 1401 559 ἢ
1433 489 1609 551 ποίοις
1637 489 1820 541 λοιπὸν

249 580 552 652 ἀγιασθήσῃ
586 581 930 649 φαρμάκοις;
977 580 1130 649 Ἐξῆν
1159 579 1257 649 μὲν
1287 579 1394 650 γὰρ
1421 563 1548 650 ὑμῖν
1574 580 1648 643 ὡς
1676 581 1824 648 νεφέ-

251 671 338 741 λης
368 669 851 739 καταπιαινούσης,
897 669 991 722 καὶ
1035 669 1238 738 σφόδρα
1276 668 1566 731 πλουσίως,
1607 671 1701 722 καὶ
1749 669 1823 732 ὡς

253 763 618 833 καταρδούσης
647 762 838 832 δρόσου
877 762 978 832 τῆς
1020 761 1248 832 ἑωθινῆς
1299 762 1624 831 μεταλαχεῖν
1666 762 1819 814 διὶνα⁹

255 852 387 913 σθαι,
428 853 523 904 καὶ
565 849 724 903 τοῦτο
756 849 1108 921 ἀμφιλαφῶς,
1171 851 1268 918 τῆς
1307 850 1448 920 ἐμῆς
1488 850 1822 920 ἡμερότητος

253 944 336 994 καὶ
402 941 739 1012 ἀσυγκριτου
807 942 1250 1011 φιλανθρωπίας·
1333 942 1446 994 ἀλλ’
1497 942 1708 1005 οὐδενὸς
1763 943 1822 994 τὸ

254 1033 453 1103 χρῆμα,
473 1035 629 1103 φησὶ,
663 1032 938 1102 ἠξιώσατε
965 1034 1124 1102 λόγου
1149 1051 1162 1064 ·
1196 1034 1326 1104 παρ’
1349 1034 1498 1086 οὐδὲν
1523 1034 1819 1104 πεποίησθε

251 1125 339 1195 τὴν
371 1123 510 1177 οὕτω
544 1126 746 1195 σεπτὴν
776 1125 869 1177 καὶ
894 1125 1218 1177 πολύευκτον
1253 1125 1435 1195 χάριν.

325 1216 609 1285 Ἀρμόσειε
641 1216 684 1268 δ’
720 1216 782 1268 ἂν
812 1216 892 1268 ὅτι
923 1215 1154 1285 μάλιστα
1178 1218 1242 1285 τῇ
1272 1215 1358 1266 διὰ
1388 1214 1823 1285 Χριστοῦιδωρεᾷ

253 1307 341 1376 τῆς
371 1307 705 1377 προφητείας
725 1310 756 1377 ἡ
782 1305 1027 1374 δύναμις.
1053 1307 1222 1369 Αὐτὸς
1247 1306 1355 1376 γάρ
1381 1309 1527 1359 ἐστιν
1558 1309 1589 1378 ἡ
1622 1307 1822 1376 κατάρ-

251 1399 402 1449 Eous-1
440 1397 660 1466 νεφέλη,
713 1401 746 1467 ἡ
775 1397 1212 1451 καταπιαὶνουσα
1259 1398 1480 1468 δρόσος·
1509 1398 1704 1467 ἑωθινὴ
1744 1397 1818 1462 δὲ,

251 1490 323 1540 ὅτι
370 1490 511 1559 μετά
550 1488 718 1541 νύκτα
761 1489 962 1559 τρόπον
1007 1488 1128 1541 τινὰ
1176 1489 1276 1559 τὴν
1308 1490 1381 1553 ὡς
1422 1492 1480 1542 ἐν
1524 1488 1681 1557 ἀχλύῖ
1729 1490 1821 1541 καὶ

253 1580 420 1649 σκότῳ
459 1582 758 1651 νοουμένην
809 1579 1117 1650 διαϐολικῷ.
1180 1581 1670 1650 Καταπεφοίτηκεν
1727 1577 1821 1633 οὖν

251 1671 551 1740 οὐρανόθεν.
595 1672 841 1739 ’Λφῖκται
876 1670 984 1740 γὰρ
1027 1669 1235 1724 ἀνωθεν
1284 1670 1378 1724 καὶ
1423 1671 1572 1739 παρὰ
1606 1669 1819 1740 Πατρός

1925 492 2169 544 morbum
2199 492 2537 560 proﬂigabis?
2574 493 2682 562 97
2737 503 2828 547 aut
2869 495 3066 563 quibus
3117 497 3167 550 in
3225 509 3498 567 poster-un.

1924 582 2330 636 medicamentis
2377 587 2659 637 sanitatem
2705 585 2967 653 recipies?
3009 585 3143 641 Cum
3186 591 3328 642 enim
3363 590 3500 645 Ietti-

1925 683 2084 724 tatem
2115 681 2167 726 et
2196 674 2665 742 incomparabilem
2703 677 3088 746 benignitatem
3118 694 3286 734 meam
3320 691 3377 736 ttt
3401 698 3500 735 nu-

1923 767 2040 821 betn
2111 767 2572 822 abundantissime
2632 769 3154 838 pittgttel'acienlcm,
3204 782 3260 826 et
3294 783 3352 827 ut
3414 791 3498 830 ro-

1925 873 2036 912 rem
2067 860 2384 911 matutinum
2427 860 2643 926 copiose
2682 851 2992 929 irriganIem
3025 867 3284 932 consequi
3315 880 3499 933 posset-

1925 950 2014 1013 tis,
2041 964 2150 1000 retu
2179 957 2380 1000 tantam
2421 947 2572 1000 nihili
2604 948 2842 1011 fecistis;
2898 950 3128 1018 gratiam
3159 952 3292 1006 adeo
3337 969 3497 1008 vene-

1925 1041 2146 1094 randam
2178 1049 2231 1095 et
2277 1039 2527 1095 omnibus
2577 1041 2714 1094 votis
2759 1043 3112 1109 exoptandum
3169 1045 3494 1114 cetttentpsi-

1923 1139 2040 1184 stts.

1993 1219 2267 1288 Prtrcipne
2303 1229 2480 1272 autem
2507 1219 2560 1271 in
2591 1220 2934 1274 donationem
2966 1235 3061 1289 per
3094 1223 3366 1277 Christum
3398 1225 3498 1278 hoc

1923 1313 2236 1365 vaticinium
2266 1311 2571 1379 qttadrahir.
2605 1312 2729 1365 Iitec
2760 1322 2840 1366 est
2876 1327 3108 1381 namque
3137 1313 3364 1383 irrigans
3395 1331 3497 1367 nu-

1923 1398 2468 1468 bes,pingnei‘acietts
2513 1414 2633 1464 ros;
2694 1410 2749 1454 et
2808 1402 3124 1463 matutinus,
3167 1404 3288 1469 quia
3346 1403 3498 1470 quasi

1924 1503 2040 1560 post
2070 1503 2303 1552 noetetn,
2346 1507 2462 1559 qute
2492 1492 2543 1544 itt
2587 1493 2815 1561 caligine
2859 1504 2913 1547 et
2956 1495 3191 1548 tenebris
3223 1494 3500 1550 tliabolicis

1924 1583 2260 1652 intelligitur.
2306 1582 2594 1636 Descendit
2637 1584 2798 1651 igitur
2845 1584 2912 1638 de
2966 1585 3122 1638 ρωῐο.
3170 1583 3326 1638 Venit
3357 1585 3497 1638 enim

1923 1675 2152 1740 desuper
2179 1684 2230 1726 et
2255 1690 2280 1724 a
2312 1673 2470 1726 Patre
2501 1673 2565 1724 ad
2597 1689 2695 1726 nos
2719 1674 2973 1729 Verbum.
3005 1695 3021 1725 ι
3049 1675 3442 1738 Pertransietts,
3472 1693 3491 1726 ι

252 1739 377 1833 πρὸς
425 1765 576 1832 ἡμᾶς
629 1764 659 1815 ό
714 1763 906 1829 Λόγος.
956 1739 1387 1832 ιΠορευομένηι
1439 1761 1516 1824 δὲ,
1557 1761 1637 1813 ὅτι
1675 1739 1818 1813 κατὰ

1934 1765 2050 1833 quia
2085 1778 2179 1830 per
2201 1773 2414 1816 omnem
2455 1763 2542 1831 qui
2579 1763 2679 1816 sub
2706 1764 2842 1818 coelo
2876 1775 2957 1818 est
3008 1768 3262 1819 mundum
3307 1781 3498 1834 perva-

252 1856 419 1925 πάσης
454 1855 671 1924 ἔρχεται
699 1853 798 1923 τῆς
835 1854 926 1906 ὑπ’
969 1853 1216 1924 οὐρανόν.
1261 1853 1444 1907 Πλατὺ
1478 1853 1587 1924 γὰρ
1612 1852 1731 1905 λίαν
1759 1851 1818 1904 τὸ

251 1948 508 2016 σωτήριον
549 1947 831 2016 κηρυγμα,
895 1944 988 1996 καὶ
1040 1943 1260 2014 ἁπάσης
1303 1944 1402 2014 τῆς
1457 1944 1546 1996 ὑπ’
1592 1942 1819 2013 οὐρανὸν

251 2037 527 2109 μονονουχὶ
558 2037 951 2106 κατευρύνεται
979 2053 991 2066 ·
1026 2038 1203 2090 καίτοι
1229 2036 1320 2089 τοῦ
1338 2037 1501 2106 νόμου
1532 2035 1819 2088 συνεσταλο

249 2131 403 2198 μένου
432 2129 633 2200 τρόπον
662 2129 804 2190 τινὰ,
839 2130 933 2180 καὶ
970 2128 1135 2197 μόνην
1171 2129 1268 2198 τὴν
1305 2127 1566 2179 Ἰουδαῖων
1594 2143 1821 2196 περιπο-

247 2219 458 2281 λοῦντος
492 2217 695 2288 χώραν.
749 2235 766 2267 ι
791 2216 1036 2279 Γνωστὸς
1079 2217 1176 2285 μὲν
1203 2213 1401 2286 γὰρῆν
1430 2219 1487 2268 ἐν
1525 2216 1752 2286 Ἰουδαίᾳ
1791 2216 1819 2267 ό

247 2311 388 2373 Θεὸς,
416 2331 435 2362 ι
487 2310 630 2364 κατά
657 2309 756 2380 τὴν
784 2307 877 2361 τοῦ
912 2308 1214 2371 Ψάλλοντος
1255 2312 1456 2378 φωνήν.
1482 2310 1722 2376 Ἔγνωκε
1764 2307 1818 2360 δὲ

250 2406 278 2474 ἡ
324 2402 589 2472 σύμπασα
631 2401 722 2454 τὸν
773 2404 882 2452 τῶν
939 2398 1076 2451 ὅλων
1111 2399 1341 2470 Σωτῆρα
1380 2399 1473 2451 καὶ
1502 2397 1816 2469 Λυτρωτὴν,

248 2495 482 2547 τουτέστι
513 2494 766 2563 Χριστόν.

307 2586 410 2638 Διὰ
473 2585 652 2638 τοῦτο
713 2582 1039 2652 ἀπεθέρισα
1088 2581 1230 2647 τοὺς
1274 2581 1586 2649 προφήτας
1631 2579 1816 2648 ὑμῶν,

249 2677 559 2730 ἀπέκτεινα
593 2676 814 2741 αὐτοὺς
842 2677 910 2730 ἐν
939 2675 1158 2744 ῥήματι
1184 2676 1480 2742 στόματός
1503 2691 1642 2742 μου.

310 2771 421 2822 ΞΔν.
456 2769 676 2832 Φειδοῦς
702 2769 795 2821 καὶ
823 2770 1042 2837 ἀγάπης
1066 2769 1163 2838 τῆς
1190 2769 1268 2829 εἰς
1303 2766 1500 2828 αὐτοὺς
1524 2762 1816 2828 ἀπόδειξις,

251 2864 281 2930 η
303 2861 410 2914 τῶν
431 2860 760 2914 πλανώντων
787 2861 972 2931 ἀναῐρε
983 2877 1083 2922 σις.
1107 2859 1364 2926 Γεγόνασι
1400 2856 1497 2926 μὲν
1519 2855 1621 2926 γὰρ
1635 2854 1820 2924 ψευδο-

251 2953 517 3022 προφῆται
566 2953 708 3005 κατὰ
749 2953 973 3023 καιροὺς
1019 2951 1111 3004 ἐπὶ
1152 2950 1244 3002 τὸν
1300 2948 1532 3019 Ἰσραὴλ,
1576 2950 1687 3010 τοῖς
1727 2945 1818 2999 τοῦ

253 3044 391 3098 Βάαλ
424 3043 678 3113 τεμένεσι
717 3041 1193 3115 προσεδρεύοντες,
1229 3041 1323 3094 καὶ
1355 3038 1682 3100 πλανῶντες,
1724 3036 1818 3090 καὶ
1848 3077 1891 3135 ί,

420 3133 426 3135 Α
849 3133 859 3135 _
1184 3132 1192 3135 .
1333 3130 1428 3135 ___
1536 3132 1545 3135 ,
1605 3129 1616 3135 -
1868 3116 1891 3135 Α

264 3133 622 3203 πλανώμενοι,
647 3135 787 3186 κατά
815 3133 876 3185 τὸ
904 3132 1308 3203 γεγραμμένον.
1333 3130 1477 3201 Πλὴν
1524 3129 1819 3200 ἀνῄρηνται

253 3227 381 3278 κατὰ
412 3225 660 3295 καιροὺς,
705 3224 1172 3294 προηγορευκὸτος
1216 3223 1308 3276 καὶ
1336 3221 1491 3274 τοῦτο
1531 3220 1688 3283 Θεοῦ,
1732 3221 1826 3272 καὶ

251 3317 392 3367 ὁσίαν
429 3314 517 3366 ἐπ’
555 3314 737 3374 αὐτοῖς
781 3313 1157 3378 ἐξενεγκόντος
1189 3312 1286 3380 τὴν
1317 3311 1514 3379 ψῆφον.
1552 3311 1690 3371 Τοὺς
1727 3308 1825 3379 μὲν

252 3406 352 3476 γὰρ
413 3405 626 3458 ἀνεῖλεν
692 3404 870 3457 Ἠλιοῦ
927 3403 1076 3474 παρὰ
1125 3402 1185 3454 τὸ
1234 3402 1380 3456 Βάαλ
1424 3401 1822 3471 θυσιαστήριον,

251 3495 725 3566 εἰκαιομυθοῦντάς
778 3512 837 3546 τε
891 3495 984 3549 καὶ
1043 3495 1336 3564 λέγοντας·
1419 3513 1438 3545 ι
1493 3495 1824 3548 Ἐπάκουσον

252 3588 456 3663 ήμῶνρ
475 3587 642 3650 Βάαλ,
670 3586 974 3640 ἐπάκουσον
996 3585 1154 3654 ἡμῶν
1178 3603 1192 3616 ·
1219 3604 1237 3636 ι
1267 3585 1392 3649 τοὺς
1417 3585 1474 3638 δὲ
1505 3584 1826 3637 ἀπέκτεινεν

265 3680 420 3748 Ἰηοῦ,
465 3679 524 3732 ὃν
560 3678 784 3751 κέχρικε
824 3677 1044 3746 βασιλέα
1069 3677 1164 3730 ὲπὶ
1202 3677 1289 3730 τὸν
1334 3677 1547 3748 Ἰσραὴλ
1583 3679 1610 3729 ό
1651 3678 1826 3747 μακά-

256 3787 366 3839 pto;
409 3772 697 3842 προφήτης
749 3769 1018 3823 Ἑλισσαιὲ
1065 3770 1131 3822 δι’
1175 3771 1290 3833 ἑνὸς
1339 3769 1448 3822 τῶν
1502 3769 1822 3839 παιδαρίων,

251 3862 381 3914 Θεοῦ
406 3864 502 3916 καὶ
533 3863 691 3915 τοῦτο
724 3862 977 3930 γενέσθαι
1001 3863 1440 3934 προστάττοντος.
1479 3863 1573 3924 Ὃς
1591 3861 1714 3914 ἐπεὶ
1743 3878 1854 3915 τοι-

256 3953 556 4023 κέχριισται,
593 3953 730 4006 Θεοῦ
752 3957 860 4016 τοῖς
890 3954 1164 4008 πλανῶσιν
1195 3954 1634 4024 ὲπιμηνίσαντοςν
1674 3953 1826 4024 πρῶ-

249 4061 336 4097 τον
371 4045 471 4113 μὲν
500 4043 677 4095 ἀνεῖλε
706 4043 796 4095 τὸν
825 4043 1049 4113 Ἀχαά6,
1076 4043 1161 4096 ἐπ’
1184 4041 1330 4112 αὐτῷ
1353 4041 1411 4094 δὲ
1442 4040 1538 4111 τὴν
1575 4039 1825 4104 Ἰεζάϐελ,

247 4131 367 4188 εἶτα
402 4135 530 4197 τοὺς
560 4135 710 4197 υἱοὺς
739 4133 924 4198 αὑτοῦ,
946 4136 1072 4198 τοὺς
1107 4135 1162 4187 ἐν
1192 4134 1288 4205 ὅλῃ
1316 4131 1615 4203 Σαμαρείᾳ.
1655 4132 1828 4200 Προσ-

247 4229 617 4298 ποιησάμενος
652 4227 707 4280 δὲ
741 4226 801 4279 τὸ
830 4225 1114 4296 βούλεσθαι
1162 4225 1255 4278 καὶ
1286 4223 1552 4276 ἐπιτελεῖν
1577 4221 1654 4292 τῷ
1685 4222 1829 4276 Βάαλ

244 4322 487 4389 ἑορτὴν,
542 4321 747 4382 πάντας
791 4317 1115 4387 συνεκόμισε
1166 4315 1292 4377 τοὺς
1344 4313 1827 4384 ψευδοπροφήτας,

1921 1857 2013 1910 sit.
2053 1856 2218 1910 Valde
2252 1857 2396 1910 enim
2446 1855 2780 1910 late-dilI‘ttsa
2825 1855 3120 1912 Salvatoris
3165 1859 3497 1924 prtediratio,

1923 1961 2125 2017 perque
2160 1948 2436 2001 universas
2457 1947 2604 2001 orbis
2631 1947 2934 2015 provincias
2959 1957 3163 2002 tantum
3198 1963 3301 2002 non
3327 1949 3499 2003 instar

1919 2040 2179 2108 genuinis
2204 2041 2422 2093 dilatata
2468 2054 2531 2093 ac
2567 2048 2855 2109 propagata
2900 2047 3003 2105 est,
3037 2054 3158 2094 cum
3209 2040 3315 2106 lex,
3342 2040 3496 2110 quasi

1920 2142 2220 2197 contracta,
2268 2132 2437 2186 solam
2483 2131 2786 2186 Judteorunt
2838 2132 3166 2200 provinciam
3219 2135 3493 2204 complexa

1923 2224 2013 2278 sit.
2044 2243 2061 2275 ι
2094 2223 2262 2278 Notus
2284 2224 2424 2277 enim
2455 2224 2504 2277 itt
2538 2223 2718 2278 Jttdtea
2771 2224 2908 2277 Deus
2936 2225 3003 2286 7',
3042 2242 3063 2282 ι
3107 2224 3262 2293 juxta
3310 2239 3494 2280 vocem

1922 2317 2238 2372 l’salmistae.
2288 2314 2455 2370 Totus
2491 2326 2674 2370 contra
2721 2327 2984 2369 terrarum
3031 2315 3177 2369 orbis
3218 2317 3495 2372 universo-

1924 2427 2040 2463 rum
2099 2408 2382 2464 Dontittum
2435 2407 2902 2478 Salvatoretnqne,
2948 2409 3046 2462 hoc
3081 2420 3164 2462 est
3199 2409 3496 2472 Christum,

1922 2501 2191 2568 cognovit.

1992 2592 2157 2646 Vens.
2210 2591 2262 2644 5.
2306 2587 2588 2655 Propterea
2634 2588 2894 2642 (ἔειπεςεαὶ
2950 2589 3228 2656 ριοορΙιειαε
3279 2598 3497 2664 υεειῳε,

1921 2682 2088 2737 occidi
2113 2697 2198 2734 eos
2225 2680 2276 2733 in
2312 2681 2460 2733 verba
2496 2681 2604 2730 oris
2640 2679 2761 2730 mei.

1992 2771 2176 2827 LXIV.
2203 2769 2544 2838 Indulgentia:
2578 2778 2629 2822 et
2663 2768 2944 2822 charitatis
2983 2769 3034 2821 in
3086 2769 3231 2837 ipsos
3277 2770 3497 2823 demon-

1922 2865 2134 2928 stratio,
2185 2861 2554 2918 seducentium
2600 2861 2922 2916 interfectio.
2975 2859 3312 2916 Exstiterttnt
3351 2863 3496 2916 enim

1923 2957 2208 3026 aliquando
2244 2954 2723 3025 pseudopropheta:
2763 2953 2814 3007 itt
2862 2951 3049 3020 Israel,
3091 2941 3497 3008 ιιοιιὼιίἐΒιιοι

1924 3048 2243 3108 assidentes,
2307 3044 2626 3100 sedtteetttes
2662 3051 2716 3097 et
2743 3043 2948 3097 seducti
3012 3043 3078 3106 ⁷³,
3127 3052 3186 3096 ut
3229 3043 3490 3112 scriptum

1868 3116 1892 3139 ⁴
1927 3149 2027 3194 est.
2064 3136 2448 3192 Verumtamen
2495 3135 2688 3190 deinde
2730 3133 2924 3189 sublati
2956 3142 3085 3188 sunt
3112 3149 3142 3185 e
3173 3135 3367 3201 medio,
3395 3148 3496 3201 po-

1921 3236 2136 3296 stquam
2193 3235 2247 3281 et
2290 3227 2389 3280 ltoc
2437 3225 2575 3279 Deus
2638 3225 2918 3294 przedixit,
2973 3233 3026 3277 et
3066 3223 3266 3291 justam
3310 3226 3361 3277 itt
3405 3239 3500 3278 eos

1927 3316 2251 3372 sententiam
2291 3315 2432 3368 tulit.
2475 3313 2624 3368 Alios
2660 3313 2802 3366 enim
2845 3313 3040 3366 occidit
3074 3313 3215 3366 Elias
3243 3312 3392 3377 justa
3415 3315 3498 3365 al-

1931 3416 2042 3460 tare
2064 3405 2218 3469 Baal,
2243 3405 2421 3459 inania
2453 3404 2773 3472 garrientes,
2811 3403 3154 3470 dicetttesque
3185 3419 3200 3456 :
3243 3421 3262 3453 ι
3297 3402 3500 3457 Exaudi

1929 3511 2046 3561 nos,
2076 3495 2223 3558 Baal,
2251 3494 2442 3548 exaudi
2474 3508 2574 3547 nos
2612 3492 2689 3556 7‘;
2732 3510 2750 3543 ι
2801 3491 2935 3547 alios
2963 3491 3096 3546 Jehu
3125 3507 3282 3560 quem
3315 3494 3500 3547 beatus

1928 3589 2190 3658 propheta
2221 3586 2427 3641 Eliseus
2463 3599 2558 3654 per
2591 3583 2864 3639 servulum
2906 3598 3068 3652 super
3116 3582 3279 3636 Israel
3323 3599 3503 3653 regem

1930 3679 2082 3733 unxit
2106 3679 2174 3745 ⁷⁵,
2214 3679 2321 3732 Deo
2348 3687 2403 3730 ct
2431 3678 2534 3731 ltoc
2569 3677 2887 3746 imperante.
2927 3674 3029 3741 Qui
3059 3674 3150 3729 ubi
3176 3684 3367 3729 unctus
3393 3686 3500 3738 est,

1933 3771 2038 3826 Deo
2066 3770 2451 3840 itnposloribus
2482 3770 2641 3832 irato,
2692 3768 2922 3838 primum
2954 3766 3169 3837 quidem
3205 3767 3320 3821 neci
3357 3768 3504 3822 dedit

1929 3863 2134 3928 Achab,
2187 3871 2305 3930 post
2339 3861 2515 3930 ipsum
2558 3858 2795 3926 Iezabel,
2844 3859 3037 3913 deinde
3070 3857 3210 3911 ﬁlios
3258 3859 3373 3927 ejus
3407 3873 3506 3926 per

1932 3961 2095 4004 totam
2130 3947 2453 4004 Samariam.
2490 3948 2555 4002 Et
2585 3948 2848 4002 simulans
2869 3945 3004 4000 velte
3043 3961 3102 4001 se
3137 3946 3262 3999 Baal
3308 3946 3501 4000 festum

1929 4056 2111 4112 agere,
2146 4057 2336 4096 omnes
2398 4039 2893 4108 pseudoprophetas
2935 4039 3300 4106 congregavit,
3338 4035 3507 4089 sacri-

1931 4135 2217 4200 ﬁciutnque
2266 4140 2564 4201 praztexens
2593 4170 2608 4194 ,
2641 4131 2691 4183 itt
2727 4131 2887 4184 domo
2911 4127 3192 4182 conclusos
3243 4127 3308 4178 ad
3339 4140 3503 4179 unum

1932 4224 2180 4294 peremit.
2214 4223 2458 4276 Detraxit
2489 4221 2612 4276 itetn
2651 4220 2775 4274 Baal
2811 4221 3007 4288 ipsum,
3033 4228 3088 4273 et
3131 4227 3339 4272 statuas
3386 4219 3506 4286 ejus

1933 4315 2160 4382 exussit,
2193 4323 2250 4368 ut
2286 4313 2478 4368 litteris
2501 4314 2810 4366 mandatum
2837 4320 2938 4366 est.
2968 4310 3309 4380 Indulgentia:
3344 4310 3508 4379 igitur

247 4415 341 4464 καὶ
378 4412 534 4464 θύειν
569 4409 1017 4480 ὑποκρινάμενος,
1070 4407 1514 4477 συνειλεγμένους
1563 4407 1641 4468 εἰς
1681 4401 1826 4458 οἷκον

1934 4419 1989 4465 et
2021 4407 2325 4472 charitatis,
2352 4415 2409 4459 ιιι
2437 4405 2571 4469 dixi,
2609 4403 2720 4474 98
2749 4419 2876 4472 erga
2920 4401 3170 4457 Israeletn
3220 4415 3507 4472 argumen-

246 4500 570 4570 ἀπέσφαξεν
621 4501 741 4553 καθ’
773 4499 892 4554 ἕνα.
938 4499 1268 4553 Κατέσπασε
1319 4498 1376 4550 δὲ
1411 4498 1503 4550 καὶ
1541 4496 1705 4548 αὑτὸν
1737 4496 1828 4549 τὸν

250 4591 422 4654 Βάαλ,
470 4591 565 4642 καὶ
620 4590 716 4652 τὰς
759 4589 958 4660 στήλας
986 4588 1148 4641 αὑτοῦ
1191 4587 1494 4656 ἐνέπρησε·
1529 4586 1837 4656 γέγραπται

250 4685 357 4752 γὰρ
389 4682 510 4736 ὡδί.
566 4681 774 4736 Οὐκοῦν
803 4682 886 4734 ὅτι
915 4680 1145 4750 φειδοῦς,
1173 4681 1264 4732 καὶ
1299 4679 1536 4748 ἀγάπης,
1573 4678 1647 4742 ὡς
1677 4677 1833 4748 ἔφην,

253 4773 351 4841 τῆς
397 4775 477 4837 et;
518 4791 582 4842 γε
628 4773 716 4826 τὸν
757 4773 971 4845 Ἰσραὴλ
1013 4771 1285 4838 ἀπόδειξις
1323 4765 1392 4840 ἦν
1432 4772 1463 4841 ἡ
1501 4770 1609 4822 τῶν
1645 4769 1834 4839 ψευδο-

1937 4511 2045 4554 ιυιιι
2076 4499 2435 4554 certissintttm
2475 4510 2598 4550 esse
2645 4496 3239 4565 pscudopropbctarum
3283 4492 3504 4553 aedem,

1934 4591 2117 4645 docuit
2145 4589 2228 4642 bis
2263 4588 2486 4642 verbis:
2529 4603 2547 4638 ι
2591 4586 2877 4655 Propterea
2905 4587 3173 4640 detncssui
3217 4585 3510 4654 prophetas

1939 4691 2169 4735 vestros.
2206 4698 2225 4731 ι
2272 4679 2528 4749 Apposite
2567 4697 2586 4730 ι
2640 4677 2928 4740 detnessui,
2987 4696 3006 4728 ›
3062 4678 3257 4746 inquit;
3315 4690 3511 4744 magno

1939 4773 2084 4826 enim
2119 4787 2362 4835 numero,
2395 4772 2566 4825 instar
2607 4771 2874 4839 spicarum
2908 4770 3136 4823 demessi
3178 4769 3509 4823 ceciderunt.

256 4862 552 4932 προφητῶν
601 4863 902 4937 ἀναίρεσις,
944 4863 1199 4928 ἐδίδαξεν,
1259 4861 1428 4916 εἰπών
1459 4879 1469 4889 ·
1501 4862 1637 4914 (Διὰ
1678 4861 1836 4914 τοῦτο
1875 4861 2175 4933 ἀπεθέρισα
2235 4865 2360 4926 τοὺς
2404 4863 2690 4934 προφήτας
2721 4861 2892 4931 ὑμῶν.
2931 4880 2947 4911 ι
2989 4857 3062 4913 Εὖ
3086 4861 3142 4913 δὲ
3173 4858 3237 4930 δὴ
3269 4859 3388 4913 λίαν
3420 4860 3510 4914 καὶ

256 4955 338 5017 τὸ,
367 4979 384 5005 ‹
416 4955 738 5025 ἀπεθέρισα,
766 4975 783 5007 ι
816 4956 968 5024 φησί.
1004 4955 1327 5008 Πεπτώκασι
1361 4955 1469 5026 γὰρ
1502 4955 1642 5007 κατά
1674 4955 1902 5024 πληθὺν,
1935 4955 2219 5025 ἀσταχύων
2247 4955 2401 5024 δίκην
2433 4953 2730 5024 ἁμώμενοι.

327 5046 438 5100 Καὶ
482 5046 547 5098 τὸ
587 5045 762 5114 κρῖμὰ
804 5062 924 5114 μου
955 5045 1034 5109 ὡς
1076 5045 1202 5113 φῶς
1244 5045 1642 5110 ἐξελεύσεται,
1687 5043 1834 5096 διότι

258 5141 432 5206 ἔλεος
474 5139 666 5201 θέλω,
709 5139 748 5203 ἢ
793 5139 1032 5201 θυσίαν,
1076 5136 1174 5190 καὶ
1202 5137 1528 5204 ἐπίγνωσιν
1575 5135 1752 5202 Θεοῦ,
1794 5135 1833 5204 ἢ

261 5229 743 5297 ὁλοκαυτώματα.

334 5321 450 5374 EE’.
492 5321 721 5390 Ἕτερον
779 5319 908 5389 ἡμῖν
955 5317 1168 5386 φειδοῦς
1216 5319 1309 5371 καὶ
1353 5317 1572 5385 ἀγάπης
1613 5317 1712 5384 τῆς
1757 5314 1835 5376 εἰς

263 5413 457 5475 αὐτοὺς
490 5414 764 5481 ἐξηγεῖται
812 5412 1034 5480 τρόπον,
1074 5410 1152 5472 ὃς,
1199 5409 1354 5479 εἴπερ
1381 5407 1654 5461 τετέλεστο
1694 5406 1835 5459 κατά

264 5503 327 5556 τὺ
362 5503 508 5574 αὐτῷ
548 5503 762 5566 δοκοῦν,
815 5503 1054 5556 σέσωστο
1113 5502 1330 5570 σύμπας
1374 5502 1402 5552 ό
1456 5499 1690 5569 Ἰσραὴλ,
1745 5500 1837 5550 καὶ

338 5685 382 5717 ⁷³
426 5683 568 5739 Ps‘al.
604 5699 763 5753 ωιτν,
792 5683 846 5738 2.

921 5683 967 5714 ⁷³
1007 5682 1190 5737 Matth.
1237 5697 1382 5744 χειν,
1421 5679 1501 5733 11.
1536 5678 1578 5710 ’³
1608 5676 1666 5731 111
1709 5676 1840 5741 ne.
1875 5689 2028 5729 xvttt.
2070 5673 2158 5728 26.

2021 5046 2175 5099 Vsus.
2204 5045 2256 5100 6.
2299 5043 2366 5096 EI
2382 5045 2647 5109 judicium
2681 5058 2848 5095 meum
2881 5043 3032 5112 quasi
3074 5043 3170 5096 lita:
3200 5043 3508 5113 egredietur,

1941 5137 2063 5205 quia
2091 5135 2503 5206 tttisericordiam
2528 5135 2661 5198 volo,
2690 5143 2740 5187 et
2771 5150 2872 5187 non
2900 5135 3240 5206 sacriﬁcium,
3271 5146 3318 5188 et
3346 5136 3515 5190 scien-

1945 5227 2071 5278 tiam
2097 5225 2190 5278 Dei
2221 5227 2387 5294 magis
2419 5204 2574 5295 quam
2598 5226 2920 5281 holocausta.

2016 5316 2175 5370 LXV.
2211 5317 2385 5368 Alittttt
2416 5317 2760 5387 indulgentim
2794 5319 3186 5387 cltatitatisque
3217 5332 3344 5387 erga
3394 5316 3512 5370 illos
3553 5337 3562 5344 ν

1945 5410 2159 5463 modum
2194 5419 2437 5472 enarrat,
2479 5411 2568 5478 qui
2605 5411 2670 5473 si,
2707 5418 2763 5463 ut
2793 5411 2906 5478 ipse
2958 5408 3188 5471 volebat,
3235 5411 3300 5461 ad
3352 5407 3509 5458 tinent

1944 5500 2236 5569 perductus
2263 5498 2419 5564 foret,
2456 5501 2737 5555 universus
2777 5500 2937 5556 Israel
2974 5512 3026 5556 et
3070 5499 3237 5555 ludas
3269 5502 3514 5549 scrvalus

2239 5675 2373 5729 "IV
2429 5673 2554 5743 ιιυε.
2596 5691 2669 5738 ις,
2730 5677 2772 5728 ι.
