4002 6220
428 285 529 342 ili?

1416 285 1473 341 S.
1516 285 1784 343 CYRILLI
1824 284 2295 341 ALEXANDRINI
2331 283 2652 341 ARClllEP.

3575 287 3676 344 168

423 414 592 461 esset.
630 392 744 458 Non
777 402 917 458 enim
948 403 1318 457 tantummodo
1353 403 1737 459 sceleratorum
1773 404 2001 474 prophe-

2115 404 2333 468 Ἰούδας.
2361 404 2435 456 Οὐ
2459 402 2567 474 γὰρ
2593 403 2752 472 μόνον
2784 403 2880 474 τὴν
2911 403 3018 456 τῶν
3047 403 3275 456 ἀνοσίων
3303 402 3685 478 ψευδοπροφη-

425 507 600 550 tarum
634 496 1027 549 multitudinem
1055 494 1374 561 detotondit,
1409 495 1566 564 digna
1599 496 1650 548 in
1685 494 1806 550 illos
1829 504 2001 547 morte

423 586 748 643 constituta:
789 587 879 640 sed
915 586 1076 640 etiam
1109 587 1444 654 temporibus
1472 588 1585 640 suis
1608 587 1781 656 ipsum
1807 586 1999 641 Filiqu

426 680 573 734 misit
609 679 748 734 Deus
782 688 835 732 et
870 680 1050 744 Pater,
1089 679 1180 749 qui
1227 680 1492 748 sanguine
1535 679 1826 734 Israelitico
1873 693 2000 746 pro-

423 779 639 840 gnatus,
673 787 780 841 prae
809 772 930 825 aliis
975 772 1167 824 bonam
1211 771 1330 840 ejus
1372 772 1704 825 voluntatem
1737 769 2003 839 pateface-

426 870 528 925 ret,
559 860 928 930 judiciumque
978 861 1297 916 declararet.
1345 860 1578 916 Proinde
1627 861 1839 915 diccbat
1873 859 2001 913 illud

425 967 604 1018 peros
631 952 944 1005 Davidicum
984 973 995 1007 :
1040 971 1057 1004 ι
1099 953 1207 1021 Ego
1242 955 1566 1006 constitutus
1613 964 1759 1006 sum‘
1793 965 1882 1004 rex
1935 951 2001 1004 ab

423 1056 487 1096 eo
523 1059 683 1106 super
734 1044 864 1098 Sion
913 1055 1145 1097 montem
1195 1053 1438 1098 sanctum
1495 1043 1634 1110 ejus,
1677 1042 2003 1096 annuntians

425 1144 747 1203 pmreptum
799 1135 1006 1188 Domini
1055 1136 1123 1188 ⁷⁸.
1178 1154 1196 1184 ι
1251 1135 1313 1188 Ει
1365 1151 1458 1204 per
1504 1137 1760 1202 seipsum,
1811 1133 2002 1188 similis

426 1224 593 1278 uosni
616 1224 807 1285 factus,
840 1225 1004 1287 idest,
1033 1225 1193 1278 homo
1249 1243 1265 1274 ι
1290 1223 1332 1276 Α
1376 1225 1578 1292 mcipso
1595 1241 1697 1276 non
1718 1223 1905 1293 loquor
1925 1224 2002 1288 7';

424 1317 518 1370 sed
553 1316 643 1384 qui
679 1317 824 1370 misit
855 1332 938 1370 me
967 1314 1151 1378 Pater,
1202 1315 1316 1385 ipse
1361 1316 1633 1369 mandavit
1688 1316 1814 1368 mihi
1875 1314 2003 1383 quid

426 1407 620 1468 dicam,
649 1415 704 1460 et
727 1406 851 1476 quid
878 1405 1067 1476 loquar
1100 1406 1165 1458 ⁷⁸.
1207 1425 1225 1456 ι
1265 1405 1440 1474 lnquit
1467 1421 1614 1475 ergo,
1648 1424 1665 1456 ι
1700 1405 2006 1475 egredietur

420 1498 680 1564 judicium
711 1513 883 1551 meum
915 1508 971 1552 ut
1006 1499 1118 1563 lux,
1155 1519 1174 1552 ι
1211 1500 1312 1553 hoc
1351 1510 1454 1564 est,
1482 1516 1586 1554 non
1629 1499 2005 1570 aauigmatibus

425 1589 744 1643 obumbrata
779 1590 1024 1644 voluntas
1057 1607 1196 1655 mea,
1229 1593 1322 1646 sed
1363 1593 1504 1645 nude
1551 1601 1604 1645 et
1648 1602 1834 1660 aperte
1886 1606 2004 1645 om—

427 1681 575 1734 nium
608 1682 878 1735 mentibus
927 1681 1229 1736 inhaerebit.
1280 1680 1417 1735 Olim
1463 1691 1643 1735 autem
1686 1690 2003 1751 prazsentem

2105 495 2214 547 τῶν
2233 494 2492 565 ἀπέκειρε
2517 493 2745 564 πληθὺν,
2769 494 2860 548 τὸν
2885 495 3063 555 αὐτοῖς
3089 495 3365 564 πρέποντα
3389 495 3683 565 καθορίσας

2105 584 2356 650 Θάνατον,
2403 584 2542 638 ἁλλά
2575 586 2668 638 καὶ
2711 585 2872 638 αίτὸν
2914 585 3055 639 κατά
3089 587 3311 655 καιροὺς
3348 585 3561 656 ἔπεμψε
3596 587 3687 640 τὸν

2105 675 2233 728 Υίὸν
2275 677 2303 728 6
2339 675 2470 738 Θεὸς
2511 676 2604 728 καὶ
2657 676 2865 746 Πατὴρ,
2923 677 3291 747 σαφηνιοῦντα
3341 678 3436 731 καὶ
3471 679 3577 750 πρό
3623 696 3685 744 γε

2103 765 2211 817 τῶν
2243 765 2418 819 ἄλλων
2447 767 2558 828 τοῖς
2587 765 2647 830 ἐξ
2678 767 2909 836 αἵματος
2955 767 3170 839 Ἰσραὴλ
3198 770 3258 819 τὺ
3281 766 3481 836 ἀγαοδν
3520 768 3686 822 αὑτοῦ

2105 855 2336 924 θέλημα,
2382 857 2476 908 καὶ
2527 857 2752 927 ἐναργὲς
2801 856 3149 910 καθιστῶντα
3179 858 3241 910 τὸ
3279 862 3452 930 κρῖμα
3497 859 3685 916 αὐτοῦ.

2105 947 2394 1018 Τοιγάρτοι
2415 948 2724 1017 καὶξὲφασκε
2763 949 2832 1002 τὰ
2870 949 2999 1021 [διὰ]
3043 950 3140 1020 μὲν
3176 951 3355 1021 φωνῆς
3379 951 3683 1006 τοῦΔαϐίδο
3761 938 3768 943 ³

2111 1055 2130 1086 ι
2179 1039 2319 1106 Ἐγὼ
2341 1038 2396 1091 δὲ
2430 1039 2770 1109 κατεστάθην
2791 1039 3061 1109 ,βασιλεὺς
3089 1040 3179 1094 ὑπ’
3208 1041 3396 1106 αὑτοῦ,
3427 1043 3519 1095 ἐπὶ
3548 1043 3689 1098 Σιὼν

2105 1128 2230 1196 ὄρος
2257 1129 2316 1182 τὸ
2341 1129 2495 1197 ἆγιον
2520 1128 2710 1194 αὐτοῦ,
2746 1131 3074 1200 διαγγέλλων
3102 1132 3162 1185 τὸ
3208 1134 3536 1204 πρόσταγμα
3572 1137 3692 1188 Κυ-

2110 1219 2245 1289 ρίου.
2271 1239 2290 1272 ι
2352 1221 2524 1284 Αύτδς
2553 1221 2610 1274 δὲ
2655 1223 2721 1274 δι’
2774 1222 2969 1276 ἑαυτοῦ
3017 1223 3306 1293 γενόμενος
3349 1224 3471 1277 καθ’
3514 1226 3686 1295 ἡμᾶς,

2105 1312 2408 1379 τουτέστιν,
2443 1311 2729 1384 ἄνθρωπος
2752 1354 2766 1380 ,
2813 1333 2830 1365 ι
2855 1315 2975 1368 Ἀπ’
2998 1314 3236 1384 ἐμαυτοῦ
3266 1316 3326 1368 ού
3363 1315 3508 1369 λαλῶ
3529 1333 3540 1345 ·
3569 1315 3688 1371 ἀλλ’

2105 1404 2133 1456 6
2186 1402 2408 1474 πέμψας
2458 1421 2524 1474 με
2566 1404 2773 1475 Πατὴρ,
2822 1406 2985 1468 αὐτός
3032 1423 3122 1476 μοι
3169 1406 3386 1477 ἐντολὴν
3423 1406 3594 1461 ἔδωκε
3637 1408 3690 1460 τί

2108 1495 2280 1556 εἴπω,
2336 1494 2428 1547 καὶ
2485 1495 2539 1546 τί
2582 1493 2816 1565 λαλήσω.
2849 1514 2866 1546 ι
2902 1526 2974 1539 —~
3008 1515 3024 1546 ι
3057 1495 3426 1562 Ἐξελεύσεται
3471 1496 3533 1568 δὴ
3594 1494 3689 1551 οὖν

2106 1584 2166 1637 τὸ
2221 1585 2398 1653 κρῖμά
2457 1601 2591 1654 μου,
2638 1584 2840 1654 φησιν,
2872 1586 2948 1647 ὡς
2989 1585 3163 1655 φῶς,ι
3209 1586 3514 1655 τουτέστιν,
3574 1589 3689 1642 Οὐκ

2111 1678 2400 1748 αἰνίγμασι
2425 1677 2889 1747 κατεσκιασμένον
2935 1677 2996 1729 τὸ
3041 1675 3249 1746 Θέλημα
3279 1676 3339 1730 τὸ
3367 1677 3518 1748 ὲμὺν,
3550 1679 3689 1733 ἀλλά

430 1771 833 1825 Eunnauuelem
886 1773 1138 1826 seductos
1184 1785 1286 1824 nou
1340 1769 1404 1824 ad
1461 1770 1657 1840 legales
1719 1772 2002 1842 religiones

2109 1764 2332 1835 γυμνῶς
2407 1765 2501 1818 καὶ
2566 1765 2860 1834 ἀκρύπτως
2912 1767 3032 1828 ταῖς
3095 1765 3350 1820 ἁπάντων
3416 1768 3689 1832 διανοίαις

429 1871 845 1926 revocaturum;
894 1877 992 1917 nec
1032 1878 1150 1933 qua:
1183 1863 1234 1917 in
1275 1861 1458 1932 ﬁguris
1491 1865 1668 1918 adhuc
1702 1873 1756 1919 et
1801 1863 2002 1918 umbris

429 1953 814 2023 contingebant
843 1954 1108 2010 honorare
1141 1971 1456 2019 suasurum;
1493 1955 1670 2024 petius
1708 1964 1885 2008 autem
1934 1953 2001 2008 ad

425 2046 754 2112 aequitatem,
789 2045 1189 2113 benignitatem,
1221 2047 1670 2112 misericordiam,
1707 2055 1763 2100 et
1809 2046 1875 2100 ad
1915 2060 2003 2100 ve-
2059 2109 2068 2118 ι

428 2150 540 2188 ram
579 2135 906 2204 minimeque
951 2135 1184 2192 fucatam
1232 2137 1322 2192 Dei
1366 2138 1696 2209 agnitionem
1745 2137 2004 2192 deductu-

430 2242 568 2293 rum,
607 2229 1028 2298 scopumjiune,
1064 2230 1304 2297 inquam,
1350 2229 1539 2299 judicii
1587 2229 1804 2299 planum
1853 2228 2002 2295 facit,

427 2328 482 2373 et
510 2320 602 2385 ait,
645 2339 662 2371 ι
699 2319 834 2386 Quia
877 2322 1300 2378 misericordiam
1351 2322 1491 2388 volo,
1535 2333 1588 2378 et
1646 2338 1750 2378 non
1791 2321 2004 2378 sacriﬁ-

427 2412 592 2478 cium,
629 2423 682 2468 et
711 2415 990 2469 scientiam
1028 2415 1119 2470 Dei
1167 2417 1339 2486 magis
1380 2431 1541 2486 quam
1598 2415 1932 2472 holocausta.
1980 2435 1999 2468 ι

428 2501 564 2568 Quid
605 2503 748 2557 enim
781 2504 992 2559 dicebat
1029 2505 1317 2560 Salvator?
1367 2523 1385 2556 ι
1440 2504 1630 2560 Omnia
1668 2505 1828 2575 igitur
1856 2518 2005 2572 qua:—

427 2609 637 2662 eunque
668 2593 827 2648 vultis
855 2604 911 2648 ut
959 2595 1158 2650 faciant
1207 2597 1359 2651 vobis
1404 2596 1667 2663 homines,
1711 2595 1898 2650 eadem
1953 2605 2009 2651 et

429 2672 529 2737 vos
555 2684 658 2738 illis
683 2683 843 2740 facile
871 2685 1120 2740 similiter
1152 2687 1218 2740 ⁷⁵.
1281 2705 1298 2738 ι
1339 2685 1508 2740 Tenet
1551 2696 1726 2739 autem
1771 2699 1875 2739 non
1915 2699 2006 2755 po-

429 2786 660 2831 stremas
691 2776 832 2845 apud
874 2776 1064 2841 Deum,
1107 2777 1197 2846 qui
1239 2776 1556 2831 cbaritatem
1611 2785 1849 2831 exercet.
1889 2793 1908 2828 ι
1948 2775 2004 2829 ln

430 2868 552 2930 hoc,
591 2866 790 2934 inquit,
816 2878 1145 2936 cognoscent
1174 2880 1382 2927 omnes,
1432 2865 1572 2934 quod
1609 2865 1853 2934 discipuli
1899 2866 2005 2920 mei

428 2957 581 3023 estis,
615 2957 658 3009 si
708 2955 1051 3011 dilectionem
1104 2957 1402 3010 habueritis
1442 2957 1508 3009 ad
1571 2947 1798 3022 invicem
1852 2956 1919 3010 ⁸ο.
1981 2975 1999 3008 ι

425 3043 545 3099 Jam
595 3044 744 3097 illum
793 3046 952 3116 adse
990 3046 1298 3099 adeuntium
1350 3047 1559 3099 animos
1604 3047 1669 3100 ad
1719 3046 2001 3100 scientiam

2106 1853 2438 1921 ἐγκείσεται.
2472 1854 2594 1907 ’Ότι
2623 1854 2680 1907 δὲ
2709 1854 3010 1925 ἀφιγμένος
3053 1855 3194 1908 κατὰ
3226 1858 3450 1927 καιροὺς
3478 1859 3506 1912 6
3553 1859 3689 1928 Ἐμ-

2107 1942 2369 2014 μανουὴλ,
2417 1943 2521 1997 οὐκ
2565 1944 2659 1996 ἐπὶ
2706 1944 2938 2015 νομικὴν
2989 1945 3226 2015 μετοίσει
3263 1946 3518 2017 λατρείαν
3563 1949 3694 2015 τοὺς

2105 2035 2574 2106 πεπλανημένους,
2635 2035 2758 2089 οὔτε
2805 2037 2912 2108 μὴν
2969 2037 3039 2090 τά
3093 2039 3152 2092 ὲν
3205 2037 3394 2103 τύποις
3453 2039 3532 2093 ἔτι
3594 2040 3694 2095 καὶ

2106 2130 2288 2191 σκιαῖς
2342 2128 2625 2181 ἀναπείσει
2676 2131 2861 2200 τιμᾷν,
2913 2130 3207 2200 ἀποκομιεί
3256 2129 3312 2184 δὲ
3367 2131 3565 2201 μᾶλλον
3608 2134 3694 2198 είς

2105 2218 2428 2285 ἐπιείκειαν,
2475 2220 2568 2272 καὶ
2600 2221 2965 2290 χρηστότητα,
3011 2221 3103 2274 καὶ
3132 2222 3552 2292 εύσπλαγχνίαν,
3594 2224 3692 2278 καὶ

2105 2309 2185 2371 είς
2227 2308 2447 2379 ἀγάπην
2487 2308 2584 2379 τὴν
2628 2309 2767 2380 πρὸς
2803 2309 3083 2382 ἀλλήλους,
3115 2313 3208 2366 καὶ
3244 2314 3324 2375 εἰς
3364 2312 3536 2383 ἀληθῆ
3593 2315 3694 2368 καὶ

2105 2399 2539 2471 ἀπαραλόγιστον
2573 2401 2870 2469 ἐπίγνωσιν
2915 2402 3008 2455 τοῦ
3053 2402 3211 2466 Θεοῦ,
3248 2403 3391 2474 σαφῆ
3427 2421 3520 2457 του
3562 2405 3691 2476 κρί-

2113 2508 2283 2562 ματος
2315 2491 2567 2545 ἀποτελεῖ
2607 2491 2698 2545 τδν
2725 2493 2949 2554 σκοπὸν,
2984 2493 3078 2548 καί
3117 2510 3302 2565 φησιν,
3341 2513 3360 2546 ι
3382 2495 3505 2548 Ὅτι
3538 2494 3693 2560 ἔλεος

2112 2583 2279 2647 θέλω,
2313 2584 2408 2637 καὶ
2435 2583 2495 2636 ού
2529 2573 2719 2638 Θυσίαν
2767 2587 2861 2637 καὶ
2897 2585 3189 2653 ἐπίγνωσιν
3217 2585 3372 2648 Θεοῦ,
3403 2585 3435 2656 ἢ
3473 2585 3699 2639 ὁλοκαυ-

2107 2676 2352 2745 τώματα.
2379 2695 2397 2727 ι
2449 2675 2514 2728 Τί
2559 2675 2668 2746 γάρ
2697 2673 2935 2745 ἔφασκεν
2981 2677 3008 2728 6
3040 2677 3270 2748 Σωτήρ;
3319 2678 3542 2731 «Πάντα
3593 2674 3695 2732 οὖν

2105 2767 2204 2821 ὅσα
2232 2767 2324 2820 ὲάν
2359 2766 2550 2838 Θέλητε
2585 2767 2669 2820 ἵνα
2702 2767 2931 2821 ποιῶσιν
2974 2768 3102 2839 ὑμῖν
3131 2769 3182 2821 oi
3211 2767 3510 2839 ἄνθρωποι,
3547 2768 3695 2822 οὕτω

2105 2860 2199 2912 καὶ
2224 2861 2380 2929 ὑμεῖς
2405 2863 2608 2913 ποιεῖτε
2634 2861 2818 2924 αὐτοῖς
2855 2861 3076 2930 ὁμοίως.
3104 2878 3123 2912 ι
3152 2861 3268 2931 Χρῆ
3279 2877 3353 2929 μα
3377 2860 3434 2913 δὲ
3468 2861 3550 2914 ὅτι
3584 2860 3695 2928 μά-

2104 2950 2260 3002 λιστα
2286 2951 2437 3022 παρά
2467 2949 2586 3022 Θεῷ
2613 2951 2792 3022 τίμιον
2823 2951 2922 3023 τὴν
2945 2953 3164 3020 ἀγάπην
3202 2953 3529 3016 ἐπιδεικνὺς,
3556 2968 3580 3005 α
3599 2953 3695 3006 Ἐν

2105 3041 2278 3111 τούτῳ
2323 3045 2621 3109 γνώσονται
2673 3042 2894 3104 πάντες,
2946 3044 3103 3112 φησὶ,
3143 3045 3224 3096 ὅτι
3276 3043 3400 3114 ἐμοὶ
3449 3043 3696 3114 μαθηταί

428 3137 542 3192 veri
572 3136 664 3191 Dei
693 3113 965 3202 eduxisse,
1011 3152 1118 3206 quo
1173 3147 1329 3207 pacto
1377 3137 1607 3192 dubitari
1655 3137 1862 3206 potest?
1903 3137 2003 3191 Se-

2107 3133 2251 3196 ἐστε,
2287 3133 2382 3185 ὲάν
2417 3133 2639 3204 ἀγάπην
2671 3134 2832 3206 ἔχητε
2860 3135 2940 3197 εἰς
2975 3111 3258 3205 ἀλλήλους.
3282 3111 3462 3189 hoc;
3494 3135 3550 3188 δὲ
3579 3111 3695 3192 τῶν

429 3227 604 3299 ipsum
637 3230 780 3283 enim
819 3230 972 3283 nobis
1013 3244 1108 3299 pro
1143 3229 1370 3299 imagine
1409 3229 1680 3284 Geuitoris
1707 3229 2004 3298 proposuit,

428 3335 550 3373 eum
587 3320 723 3374 dixit
752 3319 995 3389 Philippo
1025 3334 1281 3388 germano
1311 3319 1572 3389 discipulo
1600 3339 1611 3373 :
1643 3339 1662 3372 ι
1706 3318 1818 3373 Non
1876 3335 2008 3374 cre-

429 3414 510 3468 dis
562 3413 688 3480 quia
725 3427 824 3483 ego
865 3413 916 3466 in
951 3411 1132 3477 Patre,
1163 3410 1275 3481 99
1305 3421 1358 3464 et
1384 3410 1543 3466 Pater
1577 3413 1629 3465 in
1659 3426 1744 3467 me
1778 3411 1894 3467 est?
1915 3412 2006 3481 qui

413 3505 563 3559 vidit
599 3519 701 3567 me,
728 3505 860 3576 vidit
891 3514 946 3558 et
977 3503 1190 3558 Patrem
1221 3503 1286 3556 ⁸⁸.
1317 3502 1426 3574 Ego
1456 3513 1509 3557 et
1534 3504 1696 3559 Pater
1721 3519 1883 3557 unum
1917 3518 2009 3558 su-

429 3611 548 3649 mus
599 3597 663 3647 ⁸³.
723 3613 740 3646 ι
773 3595 926 3660 Quod
956 3595 1000 3649 si
1034 3596 1154 3664 quis
1181 3605 1235 3650 et
1269 3596 1442 3665 ipsum
1495 3595 1689 3650 Filium
1740 3595 2007 3650 amrmare

432 3685 659 3740 voluerit
687 3685 861 3740 Patris
902 3686 1330 3740 misericordiam
1361 3702 1502 3748 esse,
1553 3688 1697 3741 omni
1741 3688 2007 3742 sacrificio

432 3787 487 3830 et
522 3776 842 3830 holocausto
892 3775 1150 3844 majorem
1191 3783 1337 3828 recte
1385 3773 1689 3828 allirmabit.
1728 3775 1817 3828 Sic
1863 3776 2002 3828 enim

428 3885 456 3921 a
493 3867 668 3920 divina
699 3864 976 3933 Scriptura
1006 3871 1228 3917 vocatus
1257 3873 1362 3917 est.
1395 3863 1514 3932 ipse
1539 3863 1681 3916 enim
1718 3863 1910 3916 alicubi
1940 3865 2006 3916 de

430 3958 548 4026 ipso
576 3958 718 4010 Deus
749 3965 802 4008 et
832 3955 992 4008 Pater
1023 3955 1178 4009 nobis
1209 3954 1336 4008 dicit
1367 3972 1381 4009 :
1415 3972 1432 4004 ι
1463 3954 1867 4022 Appropinquat
1897 3955 2004 4006 cito

424 4047 631 4118 justitia
667 4062 806 4114 mea,
846 4057 902 4100 et
928 4046 1297 4101 misericordia
1345 4061 1462 4100 mea
1495 4054 1551 4099 ut
1589 4046 1849 4100 reveletur
1875 4045 1939 4099 ⁸³.
1979 4063 1998 4097 ι

433 4141 498 4194 Et
534 4140 799 4209 Propheta
834 4140 900 4194 ad
948 4140 1095 4193 illum
1130 4156 1145 4191 :
1193 4159 1212 4192 ι
1265 4141 1497 4194 Ostende
1552 4140 1726 4203 uobis,
1759 4139 2002 4202 Domine,

430 4232 853 4286 misericordiam
881 4232 1370 4298 tuam,etsalutare
1399 4234 1625 4286 tuumda
1646 4233 1800 4286 nobis
1820 4231 1996 4286 δι’δι’.»

436 4321 570 4378 Vere
597 4325 738 4378 enim
769 4325 1140 4378 misericordia
1175 4341 1202 4378 a
1234 4325 1394 4379 Patre
1419 4335 1501 4380 est
1527 4327 1795 4386 Christus,
1819 4332 2003 4391 utpote

429 4417 520 4484 qui
555 4416 689 4469 tollit
723 4427 960 4485 peccata,
1021 4427 1076 4471 et
1123 4417 1349 4470 crimina
1383 4416 1627 4478 dimittit,
1691 4425 1744 4468 et
1775 4415 1876 4468 title
1911 4415 1997 4484 ju-
2033 4447 2075 4501 Ι)

428 4508 648 4572 stiﬁcat,
683 4517 736 4561 et
770 4509 1009 4575 perditos
1044 4508 1096 4561 in
1131 4507 1415 4575 pristinum
1443 4505 1631 4559 salutis
1670 4514 1869 4558 statum
1917 4519 2000 4557 re-

431 4600 624 4664 stituit,
659 4608 712 4652 et
740 4614 768 4653 a
795 4608 969 4653 morte
999 4599 1226 4654 invictos
1261 4599 1455 4663 reddit,
1484 4608 1535 4652 et
1567 4599 1819 4666 quidnam
1847 4611 2001 4664 egre-

431 4695 598 4761 gium,
626 4702 679 4747 et
705 4693 755 4746 in
781 4693 966 4760 primis
996 4690 1260 4748 laudabile
1286 4691 1442 4745 nobis
1468 4705 1572 4744 non
1606 4689 1800 4742 donat?
1823 4687 2001 4752 Quare

431 4783 622 4837 melior
654 4792 735 4837 est
770 4783 1034 4838 sacrificio
1065 4793 1118 4837 et
1162 4782 1485 4837 holocaustis
1523 4782 1745 4836 scicntia
1785 4782 1898 4844 Dei,
1944 4789 2000 4834 ut

433 4873 484 4926 in
515 4875 727 4929 Christo
758 4876 1017 4944 perfecta.
1073 4875 1434 4946 Cognovimus
1481 4876 1624 4928 enim
1680 4888 1774 4940 per
1826 4870 1994 4939 ipsum

430 4975 482 5018 et
518 4966 568 5017 iu
602 4968 716 5034 ipso
746 4967 1054 5032 Patrcm,et
1077 4968 1457 5036 justiﬁcatione
1483 4967 1533 5020 in
1567 4965 1668 5048 ﬁde
1690 4963 1994 5033 locupletati

429 5072 634 5110 SUlllllS.

2109 3226 2440 3297 προσιόντων
2463 3225 2552 3280 τὸν
2595 3227 2718 3280 νοῦν
2747 3227 3035 3298 ἀνεκόμιζε
3083 3227 3220 3298 πρὸς
3255 3227 3550 3296 ἐπίγνωσιν
3592 3229 3694 3283 τοῦ

2107 3317 2248 3373 κατά
2290 3318 2545 3390 ἀλήθειαν
2595 3319 2747 3381 ὄντος
2782 3319 2940 3384 Θεοῦ,
2990 3318 3107 3384 πῶς
3146 3319 3212 3373 ἂν
3247 3321 3341 3374 καὶ
3392 3321 3690 3376 ὲνδοιάσειέ

2105 3427 2218 3475 τις;
2261 3411 2484 3465 Ἑαυτὸν
2508 3411 2614 3483 γὰρ
2638 3413 2767 3483 ἡμῖν
2798 3413 2878 3476 εἰς
2903 3411 3085 3465 εἰκόνα
3129 3412 3221 3466 τοῦ
3252 3412 3696 3485 γεγενῘν]ηκότος

2106 3502 2421 3575 παρετίθει,
2490 3503 2661 3571 λέγων
2709 3503 2786 3574 τῷ
2845 3504 3058 3575 γνησίῳ
3117 3505 3330 3576 μαθητῇ
3392 3505 3696 3576 (Φίλιππος

2105 3591 2259 3659 οὗτος
2290 3592 2380 3668 ἦν)
2407 3612 2421 3627 ·
2456 3615 2473 3647 ι
2498 3596 2572 3648 Οὐ
2595 3595 2893 3659 πιστεύεις,
2925 3596 3005 3648 ὅτι
3029 3596 3137 3664 ἐγὼ
3161 3597 3217 3650 ἐν
3242 3596 3318 3666 τῷ
3343 3597 3644 3666 {lmphata}.
3663 3599 3696 3650 6

2106 3688 2296 3760 Πατὴρ
2361 3690 2418 3740 ὲν
2473 3687 2592 3756 ἐμοί
2661 3687 2837 3751 estw;
2899 3689 2927 3740 6
2981 3689 3240 3758 ἑωρακὼς
3307 3688 3426 3757 ἐμὲ,
3474 3688 3692 3759 ἑώρακε

2104 3780 2195 3834 τὸν
2221 3780 2454 3850 Πατέρα.
2494 3778 2633 3847 Ἐγὼ
2672 3780 2766 3831 καὶ
2796 3779 2823 3830 6
2853 3778 3042 3849 Πατὴρ
3067 3779 3124 3832 ἓν
3167 3781 3354 3849 ἐσμεν.
3381 3797 3400 3829 ι
3437 3779 3499 3832 Εἰ
3532 3779 3588 3832 δὲ
3623 3779 3690 3851 δή

2104 3889 2188 3934 τις
2215 3873 2389 3925 ἕλοιτο
2422 3871 2515 3925 καὶ
2555 3871 2717 3924 αὑτὸν
2747 3868 2884 3924 εἶναι
2919 3870 3098 3939 λέγειν
3132 3870 3238 3923 τὸν
3261 3872 3386 3924 Υίὺν
3437 3871 3498 3924 τὺ
3539 3872 3692 3936 ἔλεος

2103 3963 2198 4015 τοῦ
2236 3963 2467 4033 Πατρὸς,
2497 3962 2558 4015 τὸ
2597 3962 2737 4034 ὑπὲρ
2763 3961 2952 4016 Θυσίαν
2983 3963 3074 4016 καὶ
3108 3962 3488 4033 ὁλοκαύτωμα,
3560 3979 3689 4016 συν·-

2104 4056 2223 4124 ήσει
2264 4054 2466 4118 καλῶς.
2536 4053 2810 4124 Κέκληται
2872 4055 2979 4126 γάρ
3049 4053 3221 4117 οὕτως
3279 4056 3430 4125 παρά
3489 4071 3554 4122 γε
3616 4057 3686 4125 τῇ

2105 4149 2446 4219 θεοπνεύστῳ
2486 4149 2701 4219 Γραφῇ.
2747 4147 2916 4210 Αὐτὸς
2972 4147 3070 4215 μὲν
3106 4148 3212 4218 γὰρ
3256 4146 3357 4216 ἔφη
3403 4163 3506 4199 που
3555 4146 3688 4216 περὶΙ

2105 4238 2269 4293 αὐτοῦ
2306 4239 2441 4309 πρὸς
2472 4241 2619 4308 ἡμᾶς
2644 4241 2671 4291 6
2700 4239 2831 4301 Θεὸς
2855 4238 2947 4291 καὶ
2978 4238 3189 4310 Πατήρ·
3226 4257 3243 4289 ι
3279 4238 3520 4306 Ἑγγίζει
3547 4240 3686 4308 ταχὺ

2104 4331 2136 4398 ἠ
2167 4328 2478 4396 δικαιοσύνη
2536 4344 2636 4396 μου
2671 4326 2764 4379 καὶ
2789 4325 2846 4379 τὸ
2872 4326 3019 4389 ἔλεός
3047 4344 3146 4397 μου
3177 4326 3682 4395 ἀποκαλυφθῆναι.»

2106 4417 2166 4469 Οἱ
2195 4416 2252 4468 δέ
2282 4433 2346 4483 γε
2371 4415 2648 4485 προφῆται
2693 4415 2829 4484 πρὸς
2873 4416 3064 4468 αὐτόν⁸
3113 4434 3131 4467 ι
3161 4416 3339 4482 Δεῖξον
3378 4419 3532 4486 ἡμῖν,
3568 4413 3686 4468 Κύ-

2109 4526 2211 4578 ριε,
2239 4507 2300 4560 τὸ
2331 4507 2480 4569 ἔλεός
2520 4525 2633 4571 του,
2671 4507 2764 4559 καὶ
2790 4507 2850 4582 τὸ
2878 4508 3140 4579 σωτήριόν
3173 4525 3264 4560 σου
3297 4507 3441 4578 δῴης
3479 4509 3629 4578 ἡμῖν,
3659 4527 3679 4558 ι

2108 4599 2295 4662 Ἔλεος
2327 4598 2433 4668 γὰρ
2465 4597 2680 4667 ἀληθῶς
2708 4597 2769 4649 τὸ
2802 4601 2951 4668 παρὰ
2987 4599 3200 4669 Πατρδς
3245 4601 3273 4652 6
3301 4599 3555 4668 Χριστὸς,
3607 4599 3688 4662 ὡς

2103 4689 2353 4760 ἀφαιρῶν
2408 4689 2716 4757 ἁμαρτίας,
2765 4688 2841 4750 ὡς
2903 4690 3072 4754 ἀνιεὶς
3137 4689 3529 4761 ἐγκλημάτων,
3590 4691 3687 4742 καὶ

2103 4779 2330 4834 δικαιῶν
2360 4781 2426 4850 τῇ
2457 4780 2660 4844 πίστει,
2693 4778 2786 4831 καὶ
2823 4778 3120 4842 ἀνασώζων
3159 4781 3284 4844 τοὺς
3311 4778 3680 4841 ἀπολωλότας,

2105 4874 2198 4924 καὶ
2239 4871 2466 4923 Θανάτου
2492 4869 2804 4940 κρείττονας
2838 4871 3171 4939 ἀποφαίνων,
3215 4872 3308 4923 καὶ
3347 4870 3400 4922 τί
3423 4869 3530 4940 γὰρ
3561 4870 3684 4938 οὐχὶ

2104 4963 2212 5015 τῶν
2241 4961 2535 5030 παγκάλων
2559 4960 2901 5034 δωρούμενος
2927 4983 2940 5028 ;
2969 4963 3176 5018 Οὐκοῦν
3201 4965 3439 5035 ἀμείνων
3467 4965 3678 5028 Θυσίας,

2105 5057 2200 5108 καὶ
2245 5055 2708 5125 ὁλοκαυτωμάτων
2743 5057 2774 5125 ἡ
2813 5056 2946 5108 Θεοῦ
2978 5056 3200 5124 γνῶσις,
3243 5057 3319 5121 ὡς
3363 5059 3420 5111 ἐν
3459 5054 3682 5125 Χριστῷ

428 5147 746 5219 τελουμένη.
809 5149 1155 5220 Ἐγνὼκαμεν
1195 5150 1303 5221 γὰρ
1347 5149 1411 5203 δι’
1453 5147 1621 5224 αὐτοῦ
1669 5164 1726 5201 τε
1779 5146 1871 5201 κοιλ⁸
1929 5147 1987 5200 ἐν
2062 5147 2210 5217 αὐτῷ
2257 5145 2347 5198 τὸν
2404 5145 2658 5216 Πατέρα,
2718 5146 2810 5198 καὶ
2894 5145 2993 5215 τὴν
3053 5147 3111 5197 ἐν
3162 5147 3345 5200 πίστει
3399 5146 3683 5201 δικαίωσιν

429 5237 904 5309 πεπλουτήκαμεν.

503 5350 666 5405 Vsus.
711 5352 762 5403 ’1.
801 5352 909 5420 Ipsi
948 5363 1119 5406 autem
1153 5361 1272 5406 sunt
1322 5366 1376 5407 ut
1430 5356 1583 5409 homo
1639 5356 1994 5425 prwvaricuns

431 5456 817 5499 testamentunt.

501 5676 547 5708 τε
580 5672 718 5726 Psal.
743 5688 801 5735 tt,
836 5672 889 5724 6.
966 5672 1007 5701 ⁷⁷
1029 5669 1182 5724 Joau.
1218 5685 1326 5731 sitv,
1361 5670 1447 5722 10.
1522 5671 1565 5698 ’⁸
1599 5668 1753 5722 Joau.
1793 5669 1993 5729 xit,49.

432 5744 593 5809 9,10.
671 5743 715 5771 δ’
744 5741 897 5796 .loau.
929 5758 980 5806 κ,
1012 5743 1097 5795 50.
1182 5742 1226 5772 ⁸³
1266 5746 1362 5795 lsa.
1399 5755 1504 5793 LVI.
1546 5740 1588 5790 l.

2087 5672 2130 5704 ⁷9
2166 5671 2355 5724 Matth.
2393 5687 2491 5734 vn,
2532 5670 2610 5725 l2.
2689 5671 2734 5702 ⁵ο
2767 5669 2925 5725 Joan.
2953 5685 3073 5737 xm,
3101 5670 3192 5727 55.

1667 5740 1710 5769 8"
1740 5741 1782 5770 ³⁵
1817 5739 1959 5792 l’sal.
1997 5755 2177 5807 Lxstv,
2205 5743 2254 5793 8.

2177 5349 2356 5402 Αὐτοὶ
2393 5347 2458 5402 δέ
2491 5350 2646 5402 εἰσιν
2686 5347 2766 5412 ὡς
2797 5347 3107 5416 ἅνθρωπος
3136 5352 3516 5419 παραϐαίνων
3554 5353 3682 5409 δια-

2109 5442 2322 5510 θήκην.

3297 5670 3337 5702 ⁸³
3376 5671 3529 5726 Joan.
3566 5685 3681 5740 xlv,
