3954 6208
306 345 405 403 169

1229 342 1776 402 COMMENTARIUS
1816 344 1880 399 IN
1919 339 2149 400 OSEAM
2192 345 2635 403 PltUl’llETAM.

3459 356 3558 409 170

364 467 501 533 EQ”.
547 463 890 534 Πανταχόθεν
938 465 1087 534 ἡμᾶς
1126 466 1605 537 πολυπραγμονεῖν
1642 461 1699 519 εῦ
1734 466 1868 536 μάλα

2058 465 2238 523 LXVI.
2286 468 2657 539 Undecumque
2707 485 2804 523 nos
2850 470 3052 539 optimo
3098 470 3324 524 consilio
3372 486 3557 527 verum

299 563 356 614 τὸ
385 559 584 626 ἀληθὲς
613 558 1030 625 σπουδάζοντας,
1086 559 1180 612 καὶ
1212 559 1306 611 νῦν
1342 562 1518 614 εἰπεῖν
1554 562 1875 628 ἀναγκαῖον,

299 655 373 714 ὼς
399 654 432 721 ή
450 650 572 704 καθ’
589 649 870 721 Ἐϐραίους
886 649 1092 714 ἔκδοσις
1111 650 1230 704 ἀντὶ
1250 651 1364 714 τοῦ,
1398 671 1416 703 ι
1445 651 1520 715 ῶς
1536 651 1840 722 ἄνθρωπος,
1856 671 1874 704 ι

300 747 372 808 ὡς
409 744 583 813 Ἀδὰμ
621 743 808 813 εἴρηκε
860 742 1214 813 παραϐαίνων
1257 744 1546 816 διαθήκην,
1595 747 1680 798 ἵνα
1711 748 1879 798 νοοῖτο

299 836 474 890 τοιάδε
521 852 607 899 τις
653 835 760 888 τῶν
799 833 859 901 ἐξ
900 836 1114 908 Ἰσραὴλ
1146 840 1178 906 ή
1211 838 1543 909 παράϐασις,
1589 839 1748 891 ὁποία
1787 838 1878 906 γέο

299 945 452 995 γονεν
475 929 537 979 ἐν
563 927 758 996 Ἀδάμ.
787 928 966 980 Μετὸν
994 927 1101 998 γὰρ
1123 929 1314 999 ἐκείνῳ
1347 931 1438 982 καὶ
1465 929 1564 1000 τὴν
1589 928 1725 1000 πρὸς
1745 929 1878 982 Θεὸν

297 1020 572 1073 οἰκείωσιν
601 1020 765 1090 ἔχειν,
804 1021 900 1073 καὶ
924 1021 978 1072 ἐν
1004 1021 1281 1092 ἀφθαρσίᾳ
1309 1022 1595 1086 διατελεῖν,
1631 1023 1725 1074 καὶ
1757 1025 1876 1085 ταῖς

297 1110 389 1164 τοῦ
423 1113 758 1182 παραδείσου
788 1116 1026 1183 τρυφαῖς
1055 1113 1472 1184 ἐναϐρύνεσθαι,
1524 1113 1875 1184 κατημέλησε

297 1204 396 1272 τῆς
444 1203 593 1267 θείας
633 1204 876 1274 ἐντολῆς,
913 1201 1045 1257 ἐἶτα
1091 1203 1363 1258 διόλλυται
1411 1203 1504 1258 ἐπὶ
1543 1199 1874 1275 ἰὰ-αἰσχίω,

300 1302 407 1354 τῶν
433 1298 678 1369 ἀρχαίων
703 1298 982 1368 ἀδοκήτως
998 1298 1384 1367 ἐστερημένος.
1413 1296 1569 1351 Οὕτω
1602 1298 1696 1350 καὶ
1722 1297 1877 1351 αὐτοὶ

298 1393 464 1464 (φημὶ
497 1391 554 1443 δὲ
585 1390 647 1459 δὴ
679 1389 864 1454 πάλιν,
897 1389 944 1440 οἱ
973 1388 1032 1455 ἐξ
1069 1388 1301 1460 Ἰσραὴλ)
1335 1389 1535 1459 εὐμενῆ
1584 1391 1677 1442 καὶ
1725 1388 1876 1458 φίλον

295 1484 383 1536 τὸν
416 1483 524 1534 τῶν
572 1481 708 1534 ὅλων
754 1479 969 1549 ἔχοντες
1003 1480 1155 1544 Θεὸν,
1188 1478 1448 1544 σώζοντα,
1477 1481 1569 1533 καὶ
1607 1497 1877 1551 προεστη-

298 1575 452 1634 κότα,
489 1574 583 1625 καὶ
616 1571 942 1642 προτιθέντα
983 1571 1042 1624 τὸ
1086 1571 1254 1634 ἔλεος·
1288 1572 1494 1637 αὐτοῖς,
1541 1572 1615 1635 ὡς
1649 1572 1877 1642 νεφέλην

297 1665 564 1736 πρωῖνὴν,
600 1664 800 1727 καὶῶς
829 1661 1018 1734 δρόσον
1053 1661 1312 1735 ὀρθρινὴν
1359 1663 1756 1733 πορευομένην,
1793 1663 1879 1728 ἐξ·

301 1760 500 1828 ἁγοντα
527 1757 587 1811 δὲ
609 1757 702 1810 καὶ
735 1757 812 1820 ὡς
842 1755 956 1825 φῶς
991 1755 1054 1808 τὸ
1079 1755 1254 1826 κρίμα
1286 1752 1475 1820 αὐτοῦ,
1513 1755 1608 1808 καὶ
1641 1757 1705 1826 τῇ
1735 1753 1879 1810 κατὰ

300 1852 462 1922 νόμον
504 1849 878 1920 στεφανοῦντα
909 1847 1154 1919 λατρεία,
1189 1847 1421 1920 ρᾴθυμοι
1449 1848 1705 1916 γεγόνασι
1748 1850 1877 1918 περὶ

298 1943 360 1998 τὸ
383 1945 569 2012 σφισιν
595 1943 780 2004 αὐτοῖς
808 1943 1126 2009 ἀναγκαῖον,
1161 1940 1256 1994 καὶ
1288 1939 1558 2010 χρήσιμον
1580 1940 1658 2004 είς
1681 1940 1878 2010 εὐημε-

299 2032 421 2105 ρίαν
471 2031 568 2086 καὶ
606 2031 784 2097 δόξαν,
839 2028 932 2084 καὶ
965 2030 1484 2100 καταπεφρονήκασι
1516 2029 1610 2083 τοῦ
1658 2031 1875 2084 πάντων

297 2123 629 2196 γρατοῦντος
662 2120 823 2176 Θεοῦο
871 2121 1050 2176 καίτοι
1087 2121 1342 2190 λέγοντος
1371 2121 1616 2193 ἐναργῶς
1655 2121 1742 2174 διὰ
1780 2122 1872 2175 τοῦ

296 2215 578 2284 πανσόφου
617 2215 887 2278 Μωσέως,
920 2232 938 2266 ι
972 2214 1045 2266 Οὐ
1087 2213 1333 2284 ποιήσεις
1379 2212 1592 2284 σεαυτῷ
1634 2212 1871 2276 εἴδωλον,

293 2308 413 2363 ιῦδέ
452 2307 658 2371 παντὸς
693 2306 968 2378 ὁμοίωμα,
999 2307 1100 2360 ὅσα
1131 2307 1188 2358 ἐν
1227 2304 1306 2376 τῷ
1351 2305 1565 2376 οὐρανῷ
1599 2303 1733 2367 ἄνω,
1780 2305 1874 2357 καὶ

295 2403 396 2456 ὅσα
423 2403 482 2455 ἐν
511 2404 578 2472 τῇ
604 2402 675 2471 γῇ
711 2400 889 2464 κάτω,
921 2398 1014 2452 καὶ
1042 2399 1143 2452 ὅσα
1174 2398 1232 2450 ἐν
1263 2399 1374 2460 τοῖς
1402 2395 1586 2450 ῦδασιν
1614 2397 1874 2450 ὑποκάτω

293 2493 390 2564 τῆς
414 2491 538 2563 γῆς.
567 2511 588 2544 ι
633 2493 746 2545 Καὶ
773 2489 961 2544 πάλινο
1001 2509 1017 2540 ι
1051 2491 1165 2544 Οὐκ
1193 2488 1405 2544 ἔσονταί
1435 2507 1514 2543 σοι
1551 2487 1664 2542 θεοὶ
1694 2487 1872 2559 ἕτεροι

292 2583 432 2656 πλὴν
477 2582 634 2655 ἐμοῦ.
668 2603 688 2635 ι
738 2581 954 2654 Ἐπειδὴ
994 2582 1052 2635 δὲ
1100 2583 1158 2635 ἐν
1193 2583 1292 2653 ῐσῳ
1338 2580 1416 2652 τῷ
1454 2579 1679 2653 πρώτῳ,
1715 2597 1872 2634 τουτ-

298 2678 430 2742 έστι,
478 2676 559 2748 τῷ
612 2675 807 2747 Ἀδὰμ,
863 2672 1205 2746 παρώλισθον
1253 2675 1333 2737 εἰς
1375 2673 1735 2739 ἀποστασίαν,
1775 2674 1871 2727 καὶ

293 2769 445 2823 αὐτοὶ
481 2769 546 2841 δή
579 2769 798 2831 πάντως
831 2766 936 2832 ἔξω
983 2765 1278 2820 πεσοῦνται
1323 2765 1417 2820 τοῦ
1448 2766 1869 2840 κατευφραίνειν

294 2861 524 2924 ειδὸτος·
559 2859 986 2931 παραϐεϐήκασι
1019 2857 1129 2931 γὰρ
1158 2855 1444 2930 διαθήκην.

362 2955 424 3008 El.
445 2954 503 3006 δέ
532 2952 598 3023 δὴ
631 2953 802 3005 νοοῖτο
833 2949 1260 3022 μυστικώτερον,
1290 2950 1365 3014 ῶς
1399 2950 1491 3003 ἐπὶ
1521 2949 1782 3020 Χριστοῦ,
1810 2948 1870 3002 τὸ

292 3045 694 3120 χρησμῴδημα,
736 3043 901 3097 πάλιν
944 3045 1122 3096 ἐκεῖνο
1171 3041 1430 3114 ἐροῦμεν,
1482 3041 1700 3112 ἐμφανῆ
1759 3040 1869 3094 τῶν

1984 562 2291 632 diligentius
2335 564 2591 633 indagare
2645 572 2928 630 conantes,
2961 580 3104 619 nunc
3150 580 3362 634 quoque
3405 568 3558 622 fateri

1981 663 2214 722 oportet,
2252 654 2543 710 editionem
2571 654 2920 710 Hebraeorum
2965 670 3062 724 pro
3116 676 3132 707 ι
3195 667 3249 710 ιιι
3300 659 3481 726 1ιοηιο,
3537 679 3555 712 ι

1981 749 2203 814 habere,
2235 767 2253 799 ι
2297 759 2352 802 ιιι
2380 749 2550 801 Adam
2597 748 2999 818 transgrediens
3034 759 3248 818 pactum
3283 768 3294 803 :
3339 768 3357 802 ι
3392 760 3453 805 ιιι
3479 761 3562 804 la-

1982 840 2046 895 lis
2106 841 2472 894 lsraelitarum
2534 841 2895 910 transgressio
2954 841 3319 909 intelligatur,
3385 844 3557 910 qualis

1978 934 2170 987 Adami
2219 933 2336 989 fuit.
2380 934 2512 988 Nam
2550 950 2671 989 cum
2701 935 2774 988 illi
2810 936 2998 990 liceret
3029 951 3150 990 cum
3187 936 3294 989 Deo
3337 935 3551 1004 conjun-

1979 1037 2125 1082 ctum
2177 1029 2642 1098 immortalemque
2710 1031 2891 1084 vivere
2944 1039 3000 1086 et
3049 1029 3287 1096 paradisi
3353 1029 3559 1085 deliciis

1981 1115 2261 1179 illustrari,
2296 1119 2533 1172 divinum
2582 1120 2890 1172 mandatum
2944 1120 3175 1189 neglexit
3203 1137 3219 1176 ε
3251 1119 3444 1174 deinde
3492 1133 3557 1172 an

1981 1207 2278 1278 indigniora
2331 1210 2633 1277 pessumiit,
2665 1211 2938 1279 primusvrs
2971 1209 3266 1265 honoribus
3292 1219 3344 1264 et
3383 1209 3560 1264 excel-

1980 1296 2158 1352 lentiis
2206 1308 2402 1368 praeter
2448 1302 2907 1369 exspectationem
2957 1301 3236 1368 spoliatus.
3295 1299 3560 1356 Similiter

1979 1401 2033 1443 et
2063 1391 2162 1460 ipsi
2193 1391 2468 1458 lsraelitae,
2504 1393 2746 1462 inquam,
2779 1393 3067 1463 benignum
3101 1400 3154 1445 et
3184 1392 3414 1445 amicum
3440 1389 3562 1444 uni-

1981 1498 2258 1538 versorum
2288 1484 2450 1539 Deum
2491 1486 2768 1550 habentes,
2819 1496 3152 1541 servatorem
3195 1494 3247 1540 et
3304 1493 3558 1543 tutorem.

1981 1585 2035 1628 ct
2085 1577 2176 1643 qui
2221 1585 2574 1645 proposuerat
2618 1577 2696 1631 eis
2755 1575 3207 1639 misericordiam,
3255 1582 3311 1628 et
3361 1573 3560 1627 nubem

1984 1664 2321 1731 matutinum,
2354 1674 2407 1720 et
2440 1679 2495 1718 ut
2522 1681 2698 1721 rorem
2725 1668 3044 1721 matutinum
3066 1671 3558 1735 pertranseuntem,

1979 1763 2034 1809 et
2067 1756 2382 1812 educentem
2412 1757 2675 1828 judicium
2708 1774 2864 1813 suum
2901 1760 3054 1829 quasi
3085 1759 3279 1818 lucem,
3318 1766 3372 1810 et
3402 1757 3559 1810 latria

1980 1848 2281 1902 secundum
2309 1848 2481 1918 legem
2511 1865 2604 1905 eos
2629 1851 3093 1916 cohonestantem,
3130 1851 3183 1904 in
3213 1849 3428 1919 negotio
3457 1849 3557 1903 sibi

1977 1941 2309 2008 necessario,
2341 1949 2393 1997 et
2427 1942 2493 1996 ad
2524 1941 2734 1999 felicem
2780 1953 2980 1998 statum
3031 1951 3084 1997 et
3133 1941 3361 2012 gloriam
3415 1939 3556 2004 utili,

1979 2033 2236 2089 socordes
2260 2045 2566 2102 evaserunt,
2597 2044 2651 2090 et
2693 2036 3113 2106 omnipotentem
3160 2035 3324 2088 Deum
3377 2033 3558 2088 ﬂocci-

1979 2125 2302 2193 penderunt,
2359 2142 2670 2198 quanquam
2717 2127 3124 2198 sapientissimo
3172 2125 3352 2196 Moyse
3394 2125 3558 2180 claris

1979 2217 2158 2272 verbis
2185 2217 2400 2274 dicente
2434 2237 2447 2272 :
2487 2236 2505 2271 ι
2539 2218 2653 2274 Non
2686 2217 2853 2275 facies
2893 2219 2986 2273 tibi
3020 2219 3242 2282 idolum,
3281 2228 3379 2272 nec
3406 2216 3527 2272 simi
3549 2248 3561 2254 -

1978 2307 2255 2365 litudinem
2307 2311 2488 2376 ullius,
2526 2325 2859 2380 quaecunque
2913 2311 2961 2365 in
3018 2311 3156 2366 coelo
3206 2325 3444 2376 sursum,
3502 2321 3558 2362 et

1977 2415 2312 2471 quaecunque
2338 2402 2392 2457 in
2417 2413 2558 2458 terra
2591 2405 2840 2458 deorsum
2864 2403 2930 2456 ⁸⁸.
2969 2421 2986 2456 ι
3019 2402 3298 2457 Etiterum
3332 2420 3345 2458 :
3384 2421 3402 2453 ι
3435 2402 3548 2454 Non

1975 2495 2341 2552 erunttibidii
2371 2495 2460 2548 alii
2494 2505 2692 2564 praeter
2749 2510 2834 2550 me
2883 2496 2950 2550 ⁸⁷.
2984 2515 3004 2548 ι
3060 2494 3324 2562 Quoniam
3374 2504 3552 2548 autem

1976 2597 2128 2651 atque
2161 2593 2221 2637 ut
2248 2586 2477 2653 primus,
2503 2586 2605 2641 hoc
2643 2596 2746 2651 est,
2781 2586 2952 2640 Adam
2998 2585 3050 2638 in
3103 2583 3427 2653 apostasiam
3473 2582 3551 2634 in-

1976 2671 2242 2739 ciderunt,
2273 2674 2372 2742 ipsi
2403 2689 2618 2745 quoque
2651 2675 2872 2730 omnino
2918 2677 2986 2729 ab
3018 2688 3084 2730 eo
3131 2674 3221 2743 qui
3277 2671 3554 2727 laetiticare

1975 2764 2126 2820 novit
2150 2765 2528 2823 destituentur.
2554 2767 2901 2840 Transgressi
2934 2777 3060 2825 sunt
3084 2768 3230 2824 enim
3260 2775 3552 2823 testamen-

1978 2869 2110 2912 tum.

2048 2953 2206 3024 100
2249 2952 2400 3021 Quod
2453 2955 2499 3009 si
2551 2954 2830 3010 oraculum
2890 2957 3319 3026 μυστικῶτερον,
3371 2961 3430 3008 ιιι
3486 2952 3553 3006 tie

1931 3049 1937 3056 '
1973 3044 2209 3112 Christo,
2238 3047 2585 3117 intelligatur,
2616 3063 2827 3102 rursum
2850 3047 2914 3102 ad
2938 3045 3263 3103 sententiam
3286 3045 3549 3100 dictorum

293 3141 601 3210 λεγομένων
628 3136 987 3200 καθιστάντες
1017 3135 1109 3190 τὸν
1141 3131 1292 3188 νοῦψ
1333 3133 1618 3204 Ἔπεμψεν
1651 3134 1718 3186 ἐκ
1754 3131 1866 3186 τῶν

1974 3139 2315 3208 aperiendam
2349 3141 2478 3197 illud
2510 3143 2793 3197 dicemus:
2825 3141 2973 3197 Misit
3014 3142 3082 3197 de
3111 3140 3250 3196 coelo
3305 3140 3444 3194 Deus
3499 3147 3554 3192 ct

294 3232 536 3304 ιῦρανῶν
602 3232 630 3283 ὁ
675 3229 811 3292 Θεὸς
861 3228 956 3282 καὶ
1003 3227 1194 3298 Πατὴρ
1253 3227 1344 3280 τὸν
1390 3225 1518 3278 Υἱὸν
1568 3223 1870 3293 φωτιοῦντα

291 3325 412 3388 τοὺς
437 3322 498 3389 ἐξ
523 3319 762 3392 Ἰσραὴλ,
793 3321 887 3372 καὶ
911 3317 1144 3390 φανερὸν
1173 3316 1584 3386 καταστήσοντα
1605 3315 1666 3367 τὸ
1693 3314 1868 3386 κρίμα

290 3414 606 3480 αὑτοὶ-καὶ
631 3413 715 3466 ἵνα
751 3410 1052 3480 καταλῆξαι
1086 3410 1185 3478 μὲν
1219 3406 1493 3480 ἀναπείσῃ
1540 3405 1739 3460 θυσιῶν
1773 3406 1869 3477 ἀρ-

289 3505 480 3574 χαίων,
522 3503 620 3557 καὶ
643 3501 1110 3572 ὁλοκαυτωμάτων
1137 3499 1245 3554 τῶν
1276 3499 1418 3553 κατὰ
1445 3500 1636 3569 νόμον·
1667 3495 1868 3568 ἐλεήσῃ

287 3597 341 3652 ἰέ
370 3596 598 3668 μᾶλλον,
627 3593 855 3649 δικαιῶν
884 3595 948 3664 τῇ
977 3594 1181 3657 πίστει,
1221 3591 1314 3645 καὶ
1339 3590 1549 3663 καλέσῃ
1579 3589 1715 3662 πρὸς
1743 3588 1866 3642 ἐπίο

286 3707 488 3760 γνωσιν
543 3687 638 3742 τοῦ
682 3686 826 3741 κατὰ
877 3686 1139 3756 ἀλήθειαν
1183 3683 1334 3746 ὄντος
1373 3681 1531 3738 Θεοῦ.
1571 3683 1650 3734 Δι’
1700 3678 1865 3734 αὐτοῦ

288 3783 394 3853 γὰρ
449 3783 545 3836 καὶ
575 3782 633 3835 ἐν
658 3777 808 3851 αὐτῷ
838 3776 1143 3848 τεθεάμεθα
1174 3776 1263 3830 τὸν
1315 3774 1554 3844 Πατέρα,
1591 3774 1685 3826 καὶ
1712 3774 1867 3843 ἐσχὴο

288 3893 462 3946 καμεν
495 3874 595 3946 τὴν
625 3871 1013 3945 προσαγωγὴν,
1037 3869 1112 3934 ῶς
1146 3884 1249 3922 που
1288 3868 1383 3923 καὶ
1425 3867 1666 3938 Γράμμα
1699 3865 1864 3936 φησιν

287 3968 447 4039 ιερόν.
483 3965 647 4020 Ἀλλὰ
681 3965 970 4034 γεγόνασιν
999 3963 1050 4015 οἱ
1079 3961 1138 4028 ἐξ
1163 3959 1378 4032 Ἰσραὴλ
1416 3975 1434 4010 ι
1474 3957 1549 4021 ὡς
1582 3957 1865 4028 ἄνθρωπος

283 4043 642 4132 παραϐαίνων
673 4059 959 4131 διαθήκην.
997 4078 1016 4109 ι
1060 4057 1174 4111 Καὶ
1197 4057 1250 4109 τί
1276 4057 1340 4127 δὴ
1369 4055 1527 4110 τοῦτό
1556 4053 1724 4120 ἐστιν,
1753 4053 1865 4124 ἐρῶ

280 4154 464 4217 πάλιν,
481 4153 630 4216 ὅπως
656 4153 723 4207 ἂν
745 4152 1010 4222 δύνωμαι.
1030 4149 1153 4203 Ὅτι
1181 4147 1270 4217 ὑφ’
1299 4147 1487 4218 ἐτέρου
1512 4145 1864 4219 γραφομένην

279 4245 638 4316 ⁴παραϐαίνων
686 4244 974 4314 διαθήκην,
1002 4243 1036 4313 ἢ
1069 4243 1128 4295 οὐ
1160 4241 1442 4313 πρόσεισιν
1471 4236 1632 4304 αὐτὸς
1657 4238 1734 4310 τῷ
1769 4240 1864 4292 ἐκ·-

277 4337 570 4406 νεμηθέντι
601 4337 786 4407 κλήρῳ
802 4335 954 4406 παρὰ
978 4333 1072 4390 τοῦ
1096 4334 1442 4405 γεγραφότος
1478 4333 1668 4404 αὑτήψ
1694 4333 1862 4404 ἤγουν

275 4428 502 4501 ἐτέρους
532 4426 639 4479 τῶν
667 4426 1132 4498 ἐγγεγραμμένων
1155 4425 1262 4480 τῶν
1284 4427 1467 4488 αὐτοῖς
1493 4423 1862 4494 ὀφειλομένων

1971 3227 2132 3285 Pater
2166 3226 2383 3298 Filium,
2415 3233 2843 3288 illuminaturum
2877 3233 3015 3288 ﬁlios
3055 3232 3220 3289 Israel
3246 3242 3300 3287 et
3326 3232 3549 3284 manife-

1971 3328 2241 3376 staturum
2293 3321 2556 3392 judicium
2607 3323 2746 3392 ejus,
2791 3333 2845 3377 et
2895 3333 2954 3377 ut
2999 3322 3220 3392 antiqua
3281 3320 3547 3375 sacriﬁcia

1971 3423 2135 3483 atque
2182 3412 2492 3468 holocausta
2558 3413 2744 3484 legalia
2799 3413 3048 3483 abrogari
3089 3421 3324 3480 curaret,
3379 3417 3550 3485 magis

1972 3516 2150 3559 autem
2185 3505 2609 3560 misericordiam
2657 3514 2926 3575 erogaret,
2976 3505 3081 3560 [ide
3121 3505 3447 3574 justiﬁeans,
3496 3517 3552 3561 et

1969 3598 2036 3651 ad
2065 3596 2394 3666 agnitionem
2428 3597 2539 3652 veri
2567 3596 2658 3652 Dei
2686 3607 2921 3654 vocaret.
2956 3595 3062 3652 Per
3089 3600 3266 3668 ipsum
3306 3599 3472 3664 enim,
3496 3607 3552 3654 et

1969 3689 2022 3744 in
2043 3692 2160 3759 ipso
2177 3689 2406 3743 vidimus
2426 3687 2663 3755 Patrem,
2685 3699 2740 3744 et
2761 3705 3038 3746 accessum
3063 3690 3243 3761 adepti
3271 3707 3460 3747 sumus
3480 3692 3547 3753 ⁸⁸,

1968 3790 2028 3836 ιιι
2051 3779 2248 3836 alicubi
2281 3792 2366 3837 est
2410 3782 2462 3837 in
2494 3783 2663 3838 sacris
2699 3783 2939 3839 Litteris.
2975 3782 3242 3840 Caeterum
3291 3783 3549 3840 ΙειιιυΙὶιω

1968 3873 2096 3928 facti
2131 3885 2258 3930 sunt
2285 3893 2304 3927 ι
2337 3886 2394 3929 ιιι
2434 3875 2596 3930 homo
2635 3877 2999 3945 praevaricans.
3045 3885 3452 3930 teStamentum.
3523 3896 3541 3928 ι

1969 3967 2084 4023 Hoc
2117 3968 2247 4037 quid
2283 3969 2374 4034 sit,
2412 3969 2587 4022 dicam
2635 3978 2694 4022 ut
2741 3979 2947 4037 potero.
2996 3967 3079 4023 Ab
3133 3969 3239 4024 alio
3285 3970 3547 4038 scriptum

1972 4069 2354 4116 testamentum
2381 4061 2817 4130 transgrediens;
2848 4072 2940 4115 aut
2968 4062 3032 4114 ad
3059 4062 3402 4116 distributam
3429 4078 3547 4116 sor—

1971 4161 2076 4206 tem
2109 4167 2138 4205 a
2167 4152 2444 4207 conditore
2480 4153 2787 4207 testamenti
2831 4168 2935 4206 non
2972 4153 3214 4216 accedit,
3267 4162 3361 4207 aut
3416 4153 3549 4207 alios

1966 4251 2116 4296 certe
2149 4250 2471 4295 testamento
2502 4242 2814 4310 inscriptos,
2866 4241 3064 4295 debitis
3105 4243 3344 4310 ipsorum
3392 4242 3549 4296 bonis

1968 4329 2200 4385 fraudat.
2239 4327 2367 4384 Tale
2413 4331 2666 4401 quiddam
2701 4332 3092 4387 commiserunt
3132 4331 3326 4397 Judaei,
3390 4333 3550 4402 idque

1969 4423 2020 4477 in
2049 4423 2283 4478 Christo.
2318 4423 2418 4491 Qui
2445 4423 2694 4478 tandem?
2731 4425 2868 4478 Deus
2904 4423 3046 4476 enim
3097 4434 3151 4480 et
3197 4423 3359 4480 Pater
3409 4425 3546 4480 velut

275 4521 596 4590 ἀποστερεῖ.
634 4518 889 4572 Τοιοῦτόν
928 4535 982 4571 τι
1031 4517 1381 4588 πεπράκασιν
1438 4517 1716 4580 Ἰουδαῖοι,
1768 4517 1862 4570 καὶ

1974 4516 2300 4585 splendidam
2350 4516 2638 4585 quamdam
2684 4525 2739 4572 et
2795 4517 3123 4586 peculiarem
3176 4517 3541 4572 hmreditatcnt
3582 4502 3600 4592 τί

275 4611 434 4664 τοῦτο
463 4609 558 4662 ἐπὶ
594 4608 835 4680 Χριστῷ.
870 4609 1016 4675 Πῶς,
1062 4609 1096 4678 ἢ
1125 4610 1246 4663 τινα
1278 4609 1510 4682 τρόπον;
1553 4611 1580 4662 ὁ
1615 4609 1717 4680 μὲν
1754 4610 1862 4678 γὰρ

276 4702 406 4766 Θεὸς
456 4703 553 4755 καὶ
589 4701 780 4773 Πατὴρ
813 4701 1015 4772 κλῆρον
1059 4699 1250 4772 ὥσπερ
1301 4700 1424 4755 τινὰ
1480 4701 1734 4773 λαμπρὸν
1771 4702 1864 4754 καὶ

279 4795 555 4864 ἐξαίρετον
587 4795 686 4864 τὴν
729 4796 869 4848 κατὰ
902 4793 995 4847 τοῦ
1024 4794 1210 4858 ἔθνους
1253 4794 1548 4866 ἠγεμονίαν
1577 4794 1860 4866 ἐχαρίζετο

276 4882 350 4952 τῷ
382 4883 518 4953 Υἱῷ.
546 4885 892 4954 Διακέκραγε
921 4883 1030 4956 γὰρ
1049 4925 1064 4949 ,
1099 4886 1176 4948 ῶς
1204 4885 1361 4956 ἔφην,
1402 4902 1421 4936 ι
1467 4883 1607 4953 Ἐγὼ
1643 4884 1700 4938 δὲ
1729 4903 1860 4938 κατ-

276 4978 510 5048 ιστάθην
539 4977 797 5047 βασιλεὺς
827 4979 918 5032 ὑπ’
944 4979 1131 5045 αὐτοῦ,
1177 4981 1269 5032 ἐπὶ
1296 4978 1431 5032 Σιὼν
1458 4979 1584 5050 ὅρος
1610 4979 1670 5031 τὸ
1701 4979 1854 5046 ἂγιον

276 5069 436 5122 αὐτοῦ
457 5084 474 5100 ⁸
511 5089 530 5121 ι
564 5069 660 5122 καὶ
685 5069 884 5124 δέδωκε
923 5071 1000 5141 τῷ
1035 5070 1149 5141 Υἱῷ
1180 5072 1273 5125 τὸν
1313 5071 1502 5142 νοητὸν
1534 5069 1852 5140 ἀμπελῶνα,

272 5161 536 5225 τουτέστι,
591 5162 682 5216 τὸν
738 5163 1026 5234 Ἰσραήλ.ι
1073 5164 1130 5216 '0
1161 5163 1271 5234 γὰρ
1325 5162 1588 5234 ἁμπελῶν
1647 5161 1855 5231 Κυρίου

273 5251 532 5306 Σαϐϐαίυο
555 5291 570 5316 ,
617 5274 635 5306 ι
673 5255 816 5308 κατὰ
847 5255 910 5308 τὸ
943 5255 1350 5327 γεγραμμένον,
1385 5274 1402 5306 ι
1436 5253 1721 5323 ἄνθρωπος
1759 5253 1853 5304 τοῦ

283 5345 476 5410 Ἰούδα,
535 5347 816 5416 νεόφυτον,
849 5350 1232 5419 ἠγαπημένον.
1277 5369 1294 5400 ι
1345 5347 1507 5412 Ἀλλ’,
1559 5347 1632 5410 ὥς
1689 5362 1855 5415 φησιν

271 5436 297 5487 ὁ
332 5439 602 5508 μακάριος
654 5439 1047 5512 εὐαγγελιστὴς
1087 5439 1369 5511 Ἰωάννης·
1428 5458 1445 5490 ι
1481 5439 1573 5500 Εἰς
1621 5439 1691 5491 τὰ
1747 5437 1854 5490 ίδια

270 5522 418 5600 ἦλθε,
453 5532 548 5584 καὶ
577 5533 626 5584 οἱ
671 5531 794 5586 ἴδιοι
843 5532 1003 5587 αὑτὸν
1034 5534 1096 5587 οὐ
1127 5532 1454 5605 παρέλαϐον.
1489 5553 1508 5586 ι
1555 5530 1852 5602 Ἐκϐεϐλή-

333 5712 381 5746 ⁶⁶
401 5713 572 5792 ἑξκΛοιῆ
611 5731 704 5780 xx,
734 5717 788 5772 4.
867 5718 910 5750 ⁸⁷
942 5718 1148 5774 ibid.5.
1225 5721 1269 5753 ³⁸
1310 5720 1506 5792 Ephes.
1550 5735 1610 5788 ιι,
1638 5718 1726 5773 18.
1801 5717 1849 5752 ⁸⁸

1974 5715 2030 5770 ι1.
2064 5729 2130 5784 ιι,
2159 5713 2210 5768 6.
2287 5715 2332 5748 ὀ
2365 5711 2471 5769 Isa.
2514 5727 2566 5778 ν,
2605 5711 2657 5766 1.
2734 5710 2778 5744 ⁹¹
2804 5709 2964 5766 Joan.
2998 5723 3037 5772 ι,
3075 5706 3158 5762 ll.

275 5798 388 5848 ut,
426 5783 517 5836 38.

509 5875 783 5939 PATROL.
833 5879 950 5940 GR.
995 5879 1196 5940 LXXI.

1969 4607 2326 4678 principatum
2356 4608 2532 4676 gentis
2563 4607 2616 4663 ei
2650 4609 2890 4664 donavit.
2921 4609 3257 4662 Exclamavit
3287 4609 3452 4673 enim,
3494 4622 3539 4664 ut
3580 4628 3588 4686 ς

1965 4700 2074 4754 dixi
2107 4717 2120 4753 :
2161 4718 2178 4750 ι
2219 4699 2332 4771 Ego
2362 4708 2540 4756 autem
2573 4701 2904 4756 constitutus
2936 4717 3054 4757 sum
3090 4718 3179 4755 rex
3206 4702 3272 4764 ab
3299 4716 3364 4755 eo
3387 4717 3544 4770 super
3587 4703 3591 4708 ”

1964 4796 2092 4849 Sion
2124 4803 2358 4850 montem
2391 4802 2639 4849 sanctum
2668 4795 2784 4863 ejus
2809 4795 2872 4857 ⁸ο,
2930 4814 2947 4842 ι
2999 4794 3253 4862 deditque
3289 4791 3428 4847 Filio
3473 4794 3552 4846 vi-

1965 4901 2144 4949 ncam,
2180 4899 2300 4955 qua:
2349 4895 2528 4939 mente
2577 4885 2896 4954 percipitur,
2950 4886 3057 4938 hoc
3109 4894 3216 4948 est,
3267 4881 3544 4938 lsraelem.

1972 4998 1988 5027 ι
2035 4977 2195 5032 Vinea
2229 4977 2370 5031 enim
2402 4977 2612 5031 Domini
2651 4975 2914 5037 Sabaoth,
2965 4995 2983 5026 ι
3034 4985 3090 5028 ut
3121 4974 3382 5043 scriptum
3441 4984 3546 5038 est,

1972 5089 1988 5120 ι
2035 5072 2192 5124 homo
2225 5067 2384 5132 Juda,
2412 5067 2632 5144 (novella
2674 5067 2957 5135 plantatio,
2995 5067 3192 5121 dilecta
3231 5067 3298 5121 ³ο.
3348 5085 3366 5118 ι
3413 5065 3545 5130 Sed,

1967 5171 2019 5214 ut
2054 5170 2137 5215 est
2180 5159 2319 5227 apud
2371 5146 2585 5224 beatum
2633 5157 3019 5226 evangelistam
3068 5155 3354 5225 Joannem,
3411 5177 3429 5209 ι
3489 5158 3545 5211 lu

1963 5243 2177 5322 propria
2209 5250 2381 5316 venit,
2409 5261 2463 5304 et
2497 5249 2577 5306 sui
2605 5263 2727 5304 eum
2755 5265 2859 5305 non
2891 5261 3210 5319 receperunt
3250 5250 3316 5304 “.
3377 5268 3396 5301 ι
3441 5249 3548 5302 Ex-

1966 5351 2044 5396 tra
2076 5351 2289 5411 portam
2331 5339 2473 5393 enim
2513 5339 2791 5409 ejecernnt
2834 5356 2981 5404 eum,
3030 5350 3086 5394 et
3132 5349 3304 5394 morte
3349 5337 3543 5392 multa-

1962 5444 2110 5500 runt,
2135 5434 2414 5489 dicentes:
2457 5452 2475 5484 ι
2508 5431 2608 5488 llic
2634 5444 2717 5490 est
2749 5433 2957 5502 hazres;
3007 5433 3205 5497 venite,
3228 5431 3531 5487 occidamm

1960 5542 2106 5597 eum,
2135 5535 2191 5582 et
2220 5526 2539 5583 habebimus
2568 5525 2937 5582 hmreditatem
2967 5526 3084 5595 ejus
3113 5526 3178 5579 θ’.
3203 5543 3222 5575 ›
3245 5518 3538 5577 Considera

3261 5702 3304 5733 "
3335 5697 3534 5757 Matth.

3141 5867 3178 5931 6
