4002 6220
396 349 486 401 171
1383 343 1440 398 S.
1480 342 1756 398 CYRILLI
1798 340 2266 398 ALEXANDRINI
2308 343 2626 402 ARCHIEP.

3563 344 3664 400 I72

394 467 556 534 igitur
579 461 1032 533 quemadmodum
1058 460 1184 516 facti
1210 458 1338 524 sint,
1370 478 1388 511 ι
1422 469 1478 513 ut
1521 460 1682 516 homo
1716 468 1975 532 transgre

2083 480 2205 515 κασι
2241 462 2349 533 γὰρ
2391 459 2496 525 ἔξω
2539 461 2637 532 τῆς
2685 461 2882 532 πύλης,
2932 460 3025 513 καὶ
3071 457 3289 528 Θανάτῳ
3337 457 3666 531 παρέδοσαν,

391 557 544 609 cliens
581 561 985 609 testamentum.
1033 570 1052 602 ›
1103 549 1414 621 Cognovisti
1465 551 1766 607 haeredem?
1817 553 1976 622 igitur

393 643 761 700 hacreditatem
792 642 864 695 illi
899 643 1213 696 attributam
1249 641 1430 696 redde.
1471 640 1818 716 Transgressi
1851 653 1976 700 sunt

371 693 517 805 3ergo
584 742 963 791 testamentum
1019 734 1217 798 Patris,
1258 745 1518 803 quantum
1583 693 1828 806 invipsis
1876 736 1976 792 fuit

390 827 659 883 iueredem
692 826 1127 882 exltteredautes.
1162 826 1267 881 Sed
1299 842 1470 902 neque
1507 828 1604 896 ipsi
1637 828 1701 883 ad
1745 831 1972 898 gratiam

387 928 753 983 accesserunt,
785 919 1002 988 quando
1049 932 1362 974 concessam
1396 919 1495 974 sibi
1544 933 1572 972 a
1614 917 1725 974 Deo
1771 929 1972 975 sortem

389 1026 496 1066 non
527 1011 878 1064 admiserunt.
933 1009 1022 1062 Ait
1077 1010 1219 1064 enim
1270 1024 1368 1080 per
1403 1010 1716 1080 prophetam
1767 1009 1909 1066 Deus
1957 1031 1970 1066 :

396 1121 415 1154 ι
449 1101 588 1158 Ecce
614 1101 729 1156 dies
763 1101 1003 1168 venient,
1043 1102 1173 1155 dicit
1207 1101 1488 1167 Dominus,
1518 1105 1974 1159 etconsummabo

390 1209 552 1264 super
589 1193 775 1259 Israel,
821 1203 875 1248 et
914 1208 1078 1263 super
1127 1191 1349 1247 domum
1403 1189 1538 1247 Juda
1589 1202 1972 1252 testamentum

388 1299 610 1352 novum,
647 1299 751 1340 non
795 1284 1086 1340 secundum
1121 1293 1500 1341 testamentum
1544 1286 1685 1355 quod
1733 1286 1971 1355 disposui

389 1378 633 1447 patribus
679 1390 866 1433 eorum
903 1378 954 1431 in
989 1378 1078 1432 die
1124 1377 1176 1431 in
1223 1392 1326 1447 qua
1382 1379 1707 1446 apprehendi
1755 1395 1970 1433 manum

389 1483 598 1532 eorum,
628 1478 685 1523 ut
715 1469 996 1524 educerem
1025 1483 1120 1524 eos
1154 1471 1218 1524 de
1243 1479 1384 1524 terra
1410 1467 1628 1539 Egypti
1659 1469 1724 1524 “.
1767 1489 1785 1521 ι
1821 1469 1972 1535 Quod

389 1561 433 1614 si
469 1574 591 1614 cum
624 1559 806 1630 priore
832 1567 1160 1614 testamento
1196 1574 1393 1613 novum
1443 1559 1772 1626 conteratur,
1817 1561 1973 1631 longe

389 1650 624 1704 maxima
673 1650 1063 1720 promissorum
1099 1651 1363 1704 bonorum
1420 1649 1724 1705 diﬂ‘erentia
1765 1651 1973 1720 perspi-

386 1742 578 1796 cietur.
621 1741 732 1796 Illic
772 1741 918 1797 enim
961 1740 1424 1806 Amorrhaaorum,
1463 1739 1870 1811 Gergesaeorum
1918 1750 1972 1796 et

2077 555 2346 623 λέγοντες,
2396 573 2413 604 ι
2450 549 2618 616 Οὗτός
2663 555 2811 608 ἐστιν
2861 555 2889 608 ὁ
2923 551 3283 624 κληρονόμος,
3330 550 3485 605 δεῦτε
3531 552 3668 607 ἀπο-

2078 647 2374 718 κτείνωμεν
2422 646 2604 710 αύτὸν,
2647 647 2742 700 καὶ
2792 644 3009 716 σχῶμεν
3053 644 3153 716 τὴν
3198 643 3595 715 κληρονομίαν.
3643 664 3662 699 ι

2080 737 2270 808 Ἀθρει
2305 736 2366 806 δὴ
2392 733 2486 789 οὖν
2514 737 2660 800 ὅπως
2689 735 2974 804 γεγόνασιν
3002 753 3019 784 t
3047 734 3123 796 ὼς
3170 734 3458 805 ἄνθρωπος
3487 753 3668 807 παρα-

2076 827 2276 881 ϐαίνων
2305 827 2592 899 διαθήκην.
2630 847 2648 879 ι
2686 827 2960 894 Ἐπέγνως
2989 825 3079 878 τὸν
3107 823 3481 895 κληρονόμον;
3519 827 3667 880 Oti-x-

2079 918 2173 974 οῦν
2199 919 2397 984 ἀπόδος
2420 918 2512 973 τὸν
2536 917 2904 989 ὲκνεμηθέντα
2929 915 3128 987 κλῆρον
3149 914 3318 987 αύτῷ.
3345 916 3668 990 Παραϐεϐή-

2075 1025 2203 1064 κασι
2233 1007 2410 1062 τοίνυν
2464 1006 2560 1078 τὴν
2602 1006 2870 1078 διαθήκην
2905 1005 2999 1058 τοῦ
3043 1004 3279 1076 Πατρὸς,
3321 1005 3387 1059 τὺ
3420 1006 3544 1059 ὅσον
3577 1007 3666 1080 ἐφ’

2074 1101 2309 1164 ἑαυτοῖς,
2367 1097 2796 1170 ἀποστεροῦντες
2833 1096 2922 1150 τὸν
2975 1096 3334 1168 κληρονόμον,
3376 1096 3493 1150 ἀλλ’
3541 1098 3665 1151 οὐδὲ
3763 1104 3768 1108 “

2075 1193 2228 1246 αὐτοὶ
2269 1191 2575 1262 προσῆλθον
2606 1193 2672 1262 τῇ
2701 1189 2907 1261 χάριτι,
2944 1189 3006 1243 ού
3038 1190 3418 1260 προσήκαντες
3445 1189 3537 1243 τὸν
3573 1190 3660 1243 δο-

2084 1283 2248 1338 θέντα
2284 1283 2468 1346 αύτοῖς
2506 1281 2659 1354 παρὰ
2687 1280 2781 1334 τοῦ
2813 1280 2949 1334 Θεοῦ
2982 1281 3206 1352 κλῆρον.
3241 1282 3388 1353 Ἔφη
3423 1283 3520 1352 μὲν
3555 1280 3667 1354 γὰρ

2072 1374 2160 1428 διά
2210 1374 2304 1426 τοῦ
2360 1375 2640 1444 προφήτου
2684 1373 2850 1436 Θεός·
2904 1391 2922 1424 ι
2975 1373 3104 1426 Ἰδοὺ
3145 1371 3350 1443 ἡμέραι
3392 1373 3664 1444 ἔρχονται,

2073 1465 2456 1536 λέγειΚύριος,
2483 1466 2577 1519 καὶ
2598 1464 2900 1520 συντελέσω
2923 1465 3015 1517 ἐπὶ
3037 1463 3127 1518 τὸν
3151 1460 3299 1517 οἷκον
3324 1465 3541 1536 Ἰσραὴλ
3571 1465 3666 1519 καὶ⁵

2073 1558 2165 1610 ἐπὶ
2212 1557 2305 1611 τὸν
2346 1553 2493 1612 οἷκον
2531 1557 2698 1611 Ἰούδα
2737 1558 3002 1628 διαθήκην
3035 1555 3258 1626 καινὴν,
3286 1557 3348 1610 ού
3391 1557 3532 1610 κατά
3563 1556 3666 1628 τὴν

2073 1647 2334 1720 διαθήκην
2363 1651 2429 1720 ἢν
2459 1649 2718 1721 διεθέμην
2747 1652 2857 1713 τοῖς
2888 1649 3162 1719 πατράσιν
3185 1645 3365 1702 αὐτῶν
3392 1650 3449 1703 ὲν
3479 1649 3664 1720 ἡμέρᾳ

2074 1739 2468 1810 ἐπιλαϐομένου
2499 1757 2600 1810 μου
2632 1741 2732 1811 τῆς
2763 1740 2947 1811 χειρὸς
2995 1738 3198 1804 αὐτῶν,
3231 1739 3523 1808 ἐξαγαγεῖν
3562 1739 3664 1792 αὐ-

387 1833 692 1897 Evaeorum,
731 1833 883 1902 101
920 1842 973 1887 et
999 1830 1368 1887 Jebuszcorum
1398 1839 1544 1888 terra
1586 1832 1718 1903 ipsis
1741 1832 1974 1903 promis-

2083 1832 2204 1893 τοὺς
2227 1833 2293 1884 ὲκ
2326 1832 2429 1901 γῆς
2457 1831 2756 1900 Αἰγύπτου.
2799 1851 2816 1881 ι
2867 1832 2929 1884 Ei
2957 1830 3014 1883 δὲ
3047 1831 3112 1903 δὴ
3153 1829 3502 1900 δοκιμάζοιτο
3527 1830 3666 1903 πρὸς

386 1939 444 1978 sa
488 1931 593 1978 est.
647 1922 855 1978 Novum
907 1933 1086 1978 autem
1138 1931 1542 1988 testamentum,
1583 1924 1687 1978 hoc
1727 1931 1830 1986 est,
1877 1936 1972 1990 per

384 2016 660 2071 Christum
700 2024 887 2071 sancta
921 2025 976 2069 et
1008 2016 1276 2080 instituta,
1311 2031 1406 2086 per
1437 2017 1596 2070 tidem
1631 2016 1696 2070 ad
1726 2015 1971 2086 adoptio-

386 2126 510 2164 nem
545 2109 802 2174 tiliorum,
847 2108 913 2164 ad
953 2108 1439 2178 incorruptionem,
1473 2110 1540 2161 ad
1572 2108 1734 2161 vitam
1768 2107 1968 2178 sempi-

387 2211 622 2267 ternam,
671 2201 737 2255 ad
798 2200 1232 2266 communionem
1276 2200 1368 2254 Dei
1423 2214 1519 2270 per
1563 2198 1844 2269 Spiritum,
1902 2199 1969 2253 ad

387 2309 613 2363 regnum
642 2291 903 2348 caelorum
950 2292 1237 2348 vocabant.
1285 2291 1484 2347 Verum
1527 2291 1600 2346 illi
1641 2302 1840 2347 sortem
1877 2306 1973 2360 per

388 2381 585 2436 Filium
619 2398 645 2435 a
673 2381 781 2436 Deo
805 2389 860 2435 et
893 2380 1056 2450 Patre
1095 2380 1226 2450 ipsis
1263 2381 1518 2435 tributam
1555 2381 1754 2436 habere
1788 2380 1973 2436 nolue-

388 2481 532 2525 runt.
564 2469 872 2529 Secundum
903 2477 1194 2539 utrumque
1221 2469 1386 2539 igitur
1413 2470 1763 2524 irritaverunt
1783 2469 1972 2536 Deum,

386 2574 441 2618 et
471 2562 930 2632 transgredientes
955 2571 1361 2625 testamentum,
1393 2570 1448 2615 et
1481 2561 1773 2626 lueredetn,
1807 2570 1865 2615 ut
1893 2561 1976 2615 di-

387 2657 598 2719 cebam,
627 2663 887 2726 quantum
918 2654 968 2709 in
1000 2655 1129 2724 ipsis
1154 2654 1269 2720 fuit,
1295 2655 1420 2709 data
1455 2654 1504 2710 ei
1549 2669 1577 2708 a
1614 2653 1770 2710 Patre
1806 2655 1976 2710 haere-

389 2747 557 2800 ditate
585 2745 938 2816 expellentes,
979 2746 1190 2816 ipsique
1235 2760 1265 2800 a
1323 2747 1430 2802 Deo
1480 2745 1583 2802 sibi
1648 2746 1700 2800 in
1754 2745 1974 2803 Christo

391 2837 605 2892 donatis
634 2837 972 2894 excidentes.

2077 1919 2175 1991 τὴν
2205 1919 2429 1992 πρώτην
2463 1923 2495 1992 ἡ
2528 1921 2642 1988 νέα,
2681 1921 2904 1994 πλείστη
2929 1939 3012 1986 τις
3042 1923 3142 1992 ὅση
3172 1921 3282 1975 τῶν
3317 1923 3666 1994 ἐπηγγελμέ-

2079 2029 2183 2064 νων
2218 2013 2251 2082 ή
2282 2012 2515 2084 διαφορά
2553 2014 2899 2085 νοηθήσεται.
2940 2015 3088 2068 Ἑκεί
3133 2014 3233 2085 μὲν
3281 2015 3392 2087 γὰρ
3421 2015 3518 2086 τὴν
3552 2015 3665 2068 τῶν

2089 2103 2454 2176 Ἀμορραίων,
2506 2105 2602 2158 καὶ
2643 2105 3006 2176 Γεργεσαίων,
3059 2105 3152 2158 καὶ
3199 2106 3414 2160 Εὐαίων
3453 2107 3660 2170 αὐτοῖς,

2076 2195 2170 2248 καὶ
2194 2196 2302 2266 μὴν
2331 2197 2424 2248 καὶ
2469 2197 2806 2272 Ἰεϐουσαίων
2834 2197 3140 2269 ἐπήγγελτο
3173 2197 3277 2264 γῆν
3298 2215 3311 2227 ’
3341 2200 3374 2269 ἡ
3402 2198 3458 2251 δὲ
3483 2199 3663 2271 Καινὴ

2076 2286 2343 2358 Διαθήκη,
2371 2289 2641 2355 τουτέστι,
2682 2290 2748 2342 τὰ
2778 2289 2867 2343 διὰ
2893 2289 3131 2362 Χριστοῦ
3167 2290 3538 2360 θεσπίσματα,
3574 2291 3664 2345 διὰ

2080 2378 2320 2444 πίστεως
2350 2380 2577 2434 ἐκάλουν
2603 2383 2682 2446 είς
2709 2382 2983 2436 υἱοθεσίαν
3016 2381 3174 2450 Θεοῦ,
3210 2385 3290 2446 είς
3329 2383 3662 2454 ἀφθαρσίαν,

2081 2473 2162 2536 είς
2197 2472 2479 2543 ἀμήρυτον
2516 2472 2682 2542 ζωὴν,
2718 2473 2798 2537 είς
2826 2471 3044 2543 μέθεξιν
3073 2473 3232 2540 Θεοῦ,
3263 2474 3362 2545 τὴν
3389 2473 3477 2528 διὰ
3501 2473 3666 2528 Πνεύ-

2085 2580 2277 2634 ματος,
2320 2565 2399 2627 είς
2434 2561 2709 2632 βασιλείαν
2754 2565 3017 2635 οὐρανῶν.
3057 2565 3196 2620 Ἀλλ’
3243 2566 3344 2618 οὐκ
3391 2565 3667 2637 ἠθέλησαν

2080 2655 2223 2724 ἔχειν
2247 2655 2340 2708 τὸν
2363 2656 2737 2726 ὲκνεμηθέντα
2770 2657 2970 2730 κλῆρον
3004 2658 3187 2722 αὐτοῖς
3226 2656 3294 2710 δι’
3328 2656 3482 2721 Υίοῦ,
3510 2676 3583 2710 πα
3596 2658 3666 2728 ρὰ

2076 2745 2170 2799 τοῦ
2199 2746 2334 2800 Θεοῦ
2359 2750 2450 2801 καὶ
2479 2749 2709 2820 Πατρός.
2746 2749 2880 2803 Κατ’
2908 2749 3075 2820 ἄμφω
3095 2748 3158 2822 δὴ
3189 2745 3281 2804 οὗν
3313 2749 3662 2820 λελυπήκασι

2079 2839 2510 2911 παραϐαίνοντες
2545 2845 2643 2914 τὴν
2690 2842 2976 2914 διαθήκην,
3027 2843 3252 2896 καὶτὸν
3300 2842 3664 2913 κληρονόμον,

389 2930 464 2993 ὡς
492 2930 648 3001 ἔφην,
669 2928 730 2981 τὸ
753 2929 876 2982 ὅσον
906 2931 992 2999 ἐφ’
1021 2931 1229 2994 ἑαυτοῖς
1256 2930 1349 2984 τοῦ
1389 2931 1633 2995 δοθέντος
1689 2930 1836 3001 αὐτῷ
1894 2931 2046 3003 παρὰ
2081 2931 2176 2985 τοῦ
2233 2933 2446 3005 Πατρός
2513 2935 2813 3001 ἐξώσαντες
2864 2935 3088 3007 κλήρου,
3143 2935 3558 2999 ἐκπεπτωκότες
3608 2934 3667 2988 δὲ

391 3025 485 3078 καὶ
514 3022 666 3076 αὐτοὶ
718 3021 827 3074 τῶν
873 3021 1024 3093 παρὰ
1065 3021 1198 3074 Θεοῦ
1239 3022 1626 3093 δεδωρημένων
1659 3024 1840 3087 αὐτοῖς
1877 3025 1934 3077 έν
1969 3025 2208 3097 Χριστῷ.

479 3115 642 3171 Vsus.
673 3116 727 3170 8.
778 3114 862 3170 Ibi
905 3117 1208 3184 contempsit
1252 3133 1332 3170 me
1381 3115 1612 3183 Galaad,
1655 3119 1838 3173 civitas
1865 3136 1980 3190 quae
2008 3127 2052 3183 C

393 3222 645 3280 operatur
673 3225 830 3271 vana,
883 3208 1202 3262 conturbans
1235 3225 1453 3278 aquam,
1487 3221 1534 3263 et
1581 3208 1838 3277 fortitudo
1888 3220 1979 3265 tua

393 3303 439 3356 ri
447 3303 489 3355 ri
519 3303 726 3364 piratw.

463 3394 673 3451 LXVII.
712 3393 1036 3466 Regreditur
1071 3393 1135 3448 ad
1169 3394 1471 3448 enarranda
1501 3394 1730 3458 scelera,
1759 3403 1979 3465 propter

391 3502 512 3558 qua:
567 3487 704 3558 apud
755 3501 848 3542 eos
901 3485 1128 3540 scelesta
1179 3485 1773 3556 pseudoprophetarum
1826 3487 1977 3541 turba

388 3580 512 3647 jure
555 3578 816 3632 trucidata
875 3588 976 3632 est.
1023 3577 1096 3632 lbi
1140 3577 1308 3642 enim,
1367 3577 1539 3647 inquit
1574 3579 1701 3649 (hoc
1734 3586 1837 3643 est,
1891 3578 1980 3634 illo

395 3681 660 3739 tempore,
695 3686 802 3739 quo
846 3669 1137 3724 declinavit
1166 3669 1354 3735 lsrael,
1403 3681 1458 3724 et
1505 3671 1558 3724 in
1607 3685 1729 3725 eum
1779 3677 1976 3724 statum

395 3764 634 3825 devenit,
675 3772 736 3817 ut
781 3762 945 3816 etiam
998 3762 1270 3815 darmones
1308 3761 1540 3816 adorare
1589 3777 1695 3816 non
1733 3758 1980 3814 reformi-

395 3857 568 3917 daret,
609 3854 711 3908 hoc
737 3854 878 3907 enim
902 3853 1004 3907 sibi
1035 3851 1148 3906 vult
1174 3851 1323 3917 illud,
1364 3869 1384 3902 ι
1418 3851 1512 3916 ibi,
1550 3871 1568 3903 ι
1607 3853 1651 3906 si
1685 3849 1975 3907 secundum

397 3959 508 3998 rem
535 3954 591 3999 et
623 3945 915 4006 actionem,
941 3958 1044 3996 non
1080 3943 1374 3999 secundum
1406 3944 1580 3997 locum
1609 3943 1786 4013 potius
1820 3941 1978 3995 intel~

396 4038 638 4106 ligatur),
671 4037 1020 4090 Vehementer
1044 4036 1368 4105 contempsit
1395 4052 1480 4090 tne
1514 4035 1736 4091 Galaad.
1766 4033 1974 4089 Nomen

395 4127 544 4183 urbis
570 4136 653 4182 est
696 4139 844 4181 trans
886 4125 1204 4193 Jordanem,
1237 4141 1356 4196 quae
1399 4126 1553 4197 juxta
1602 4127 1974 4197 prmscriptum

395 4221 596 4293 Iloysis
630 4221 792 4275 cessit
831 4217 1034 4273 Levitis
1067 4217 1135 4271 ⁸⁵.
1175 4219 1305 4272 Erat
1346 4220 1529 4288 itaque
1560 4223 1899 4274 sacerdotum
1925 4229 1978 4273 et

395 4311 709 4367 Levitarum
764 4311 976 4366 civitas.
1018 4311 1123 4365 Sed
1157 4311 1250 4381 qui
1300 4311 1437 4366 alios
1477 4313 1543 4364 ab
1586 4326 1775 4365 errore
1815 4312 1974 4365 debe-

394 4407 524 4462 bant
557 4415 824 4469 avertere,
858 4415 912 4458 et
938 4404 1003 4456 ad
1040 4405 1324 4458 veritatem
1355 4405 1833 4473 cognitionemque
1865 4405 1974 4457 uti-

2169 3121 2322 3176 Ἐκεῐ
2341 3124 2760 3192 κατεφρόνησέ
2789 3140 2909 3194 μου
2939 3122 3210 3186 Γαλαὰδ,
3236 3121 3413 3188 πόλις
3439 3120 3669 3190 ἐργαζο-

2079 3209 2234 3280 μένη
2263 3211 2504 3280 μάταια,
2540 3212 2936 3281 ταράσσουσα
2957 3213 3132 3281 ὕδωρ,
3152 3211 3247 3265 καὶ
3269 3211 3308 3278 ἡ
3341 3212 3518 3281 ἰσχύς
3545 3228 3666 3267 σου

2082 3302 2303 3370 ἀνδρὸς
2338 3304 2637 3371 sta/parcit.

2153 3396 2267 3451 ΞΖ¹.
2308 3398 2362 3451 Ἐ
2376 3400 2584 3450 πάνεισι
2616 3397 2774 3450 πάλιν
2807 3399 2834 3449 ὁ
2869 3396 3022 3464 λόγος
3053 3398 3131 3460 είς
3166 3396 3442 3466 ἀφήγησιν
3468 3393 3667 3465 ἐγκλη-

2086 3491 2291 3562 μάτων,
2340 3489 2423 3558 ὲφ’
2465 3486 2544 3554 οἷς
2579 3489 2802 3552 εἰκότως
2853 3486 3120 3558 ἀνῄρηται
3163 3485 3269 3539 τῶν
3319 3485 3452 3555 παρ’
3483 3485 3666 3547 αὐτοῖς

2082 3581 2543 3652 ψευδοπροφητῶν
2593 3581 2624 3650 ἡ
2657 3579 2846 3632 ἀνοσία
2889 3579 3118 3647 πληθύς.
3159 3577 3307 3630 Ἐκεῖ
3343 3577 3472 3645 γὰρ,
3509 3577 3664 3644 φησι,

2081 3674 2353 3739 τουτέστι,
2390 3673 2511 3726 κατ’
2547 3675 2725 3725 έκεῖνο
2752 3671 2847 3724 τοῦ
2879 3671 3096 3743 καιροῦ,
3124 3670 3244 3725 καθ’
3271 3669 3330 3722 ὃν
3359 3669 3610 3723 κέκλικεν
3639 3671 3666 3721 ό

2095 3765 2330 3836 Ἰσραὴλ,
2365 3765 2458 3818 καὶ
2487 3766 2545 3818 ἐν
2583 3767 2648 3835 τῇ
2674 3764 2853 3834 τοιᾷδε
2886 3762 3216 3816 καταστάσει
3247 3761 3488 3831 γέγονεν,
3525 3761 3664 3815 ὥστε

2082 3857 2174 3911 καὶ
2222 3857 2437 3910 ἑλέσθαι
2485 3857 2784 3927 δαιμονίοις
2828 3856 3153 3926 προσκυνεῖν
3199 3854 3376 3924 (τοῦτο
3405 3856 3514 3926 γάρ
3548 3855 3665 3906 ὲστι

2079 3949 2158 4016 τὸ,
2194 3969 2211 4002 ‹
2252 3950 2386 4012 ἐκεῖ,
2422 3968 2439 4001 ›
2503 3947 2908 4020 πραγματικῶς
2949 3946 3258 4018 νοούμενον,
3311 3947 3405 4000 καὶ
3449 3946 3570 4015 οὐχὶ
3600 3946 3666 4017 δὴ

2084 4041 2284 4112 μᾶλλον
2333 4040 2628 4110 τοπικῶς),
2666 4039 2871 4110 σφόδρα
2933 4054 3033 4108 μου
3084 4037 3573 4106 καταπεφρόνηκεν
3629 4039 3663 4106 ἡ

2081 4131 2308 4185 Γαλαάδ.
2353 4129 2514 4193 Πόλις
2541 4129 2596 4183 δὲ
2627 4128 2765 4198 αὕτη
2815 4128 2912 4198 μία
2951 4127 3061 4182 τῶν
3099 4127 3368 4197 Ἰορδάνου
3399 4127 3661 4196 ναμάτων

2080 4223 2366 4288 ἐπέκεινα,
2416 4225 2448 4292 ἡ
2494 4221 2588 4274 καὶ
2634 4218 2999 4289 ὲκνεμηθεῖσα
3049 4220 3161 4282 τοῖς
3205 4218 3478 4279 Λευῖταις,
3525 4217 3667 4269 κατὰ

2079 4314 2167 4367 τὸν
2213 4313 2458 4377 Μωσέως
2515 4313 2695 4382 νόμον.
2753 4306 2863 4363 Ἦν
2897 4305 2990 4363 οῦν
3049 4309 3238 4380 ἱερέων
3287 4308 3381 4361 καὶ
3426 4307 3667 4362 Λευῖτῶν

2080 4407 2254 4470 πόλις.
2297 4405 2438 4460 Ἀλλ’
2485 4406 2534 4458 oi
2564 4405 2688 4467 τοὺς
2723 4403 2913 4468 ἄλλους
2957 4401 3262 4471 ὀφείλοντες
3307 4398 3667 4471 ἀποκομίζειν

394 4497 525 4552 lium
561 4497 802 4560 erudire,
840 4513 857 4546 ι
892 4494 1031 4549 labia
1063 4495 1207 4548 enim
1236 4495 1537 4549 sacerdotis
1563 4497 1870 4549 cnstodient
1896 4497 1975 4565 jn-

2083 4500 2179 4570 τῆς
2213 4499 2440 4568 πλάνης,
2491 4497 2585 4551 καὶ
2615 4496 2984 4565 παιδαγωγεῖν
3015 4497 3095 4559 εἰς
3133 4493 3416 4564 ἀλήθειαν,
3457 4493 3550 4545 καὶ
3586 4494 3668 4557 εἰς

395 4592 615 4656 dicium,
659 4597 713 4642 et
754 4587 926 4655 legem
976 4585 1259 4654 requirent
1305 4600 1370 4639 ex
1425 4601 1521 4640 ore
1567 4585 1682 4656 ejus
1706 4585 1777 4653 ⁸⁵,
1810 4606 1828 4638 ι
1874 4587 1974 4656 ipsi

399 4684 539 4738 idola
578 4681 996 4737 introduxerunt
1035 4687 1091 4732 et
1127 4693 1264 4732 vana
1295 4678 1540 4734 fabricati
1587 4688 1730 4735 sunt.
1771 4699 1790 4732 ι
1831 4677 1974 4751 Ope-

398 4775 501 4830 rati
540 4784 666 4830 sunt
711 4772 851 4826 enim
903 4783 1064 4834 vana,
1107 4787 1126 4821 ι
1162 4769 1266 4824 hoc
1297 4780 1402 4836 est,
1433 4771 1598 4826 idola.
1640 4792 1656 4823 ι
1693 4771 1973 4828 Turbave-

399 4874 526 4920 runt
563 4865 732 4919 etiam
770 4879 961 4933 aquam
989 4906 1003 4930 ,
1047 4882 1064 4915 ι
1113 4863 1165 4917 id
1207 4873 1290 4918 est
1318 4901 1333 4928 ,
1381 4863 1716 4920 confusionis
1759 4866 1975 4926 occasio

396 4956 642 5025 populari
676 4955 1006 5010 multitudini
1043 4953 1280 5008 luerunt.
1317 4947 1431 5010 Mos
1455 4957 1596 5010 enim
1628 4954 1976 5013 sacraa'Scri-

397 5056 570 5115 pturae
592 5055 696 5112 est,
717 5047 1057 5102 innumeram
1082 5045 1364 5100 hominum
1395 5047 1794 5104 multitudinem
1824 5042 1977 5117 aqua

398 5140 728 5205 as'similare,
767 5140 894 5195 inde
930 5156 1051 5196 cum
1086 5151 1274 5197 essent
1308 5140 1766 5212 frequentissimae
1797 5141 1973 5212 Baby-

396 5233 484 5288 lon
511 5241 565 5286 et
593 5229 989 5295 Ninive,tsicut
1017 5233 1792 5302 piscina,tinquit,¢aqttarttm
1823 5247 1975 5302 aqua:

387 5323 514 5393 ejus
543 5321 611 5376 “.
649 5339 669 5372 ι
715 5322 874 5400 Quod.
913 5323 1052 5377 idem
1090 5333 1175 5378 est
1225 5339 1288 5378 ac
1331 5326 1375 5379 si
1409 5325 1632 5390 diceret,
1668 5333 1724 5381 ut
1762 5324 1973 5395 piscina

397 5418 555 5486 plena
583 5425 669 5470 est
702 5415 879 5485 aquis,
915 5416 987 5470 ita
1030 5415 1321 5472 multitudo
1347 5417 1485 5486 ejus.
1520 5417 1623 5470 Aut
1657 5417 1762 5471 alio
1795 5416 1971 5480 modo,

400 5511 750 5566 turbaverant
776 5521 995 5582 aquam,
1013 5512 1167 5580 quasi
1198 5509 1466 5566 turbidam
1494 5519 1546 5563 et
1571 5523 1850 5563 caenosam
1877 5508 1974 5561 do-

402 5601 628 5656 ctrinam
675 5615 735 5657 se
767 5601 1213 5658 convenientibus
1242 5597 1717 5672 proponentes,‘et
1763 5601 1974 5670 simpli-

469 5777 514 5809 ”
549 5778 746 5835 Jerem.
781 5753 934 5844 tim,
960 5778 1051 5844 51,
1091 5777 1184 5832 '52.

1278 5776 1326 5808 "
1381 5775 1537 5830 Num.
1567 5775 1867 5846 lxxxt1,29.
1945 5777 1990 5808 ’⁸
2033 5777 2265 5832 Malach.
2336 5792 2395 5841 tt,
2448 5775 2500 5842 7,

2083 4589 2180 4661 τὴν
2201 4588 2295 4642 τοῦ
2323 4589 2694 4660 συμφέροντος
2718 4588 2816 4658 τὴν
2837 4587 3039 4656 γνῶσιν
3055 4586 3101 4658 (ι
3124 4586 3291 4655 Χείλη
3313 4587 3422 4655 γὰρ
3453 4585 3664 4656 ἱερέως,

2085 4682 2240 4752 φησὶ,
2277 4680 2568 4750 φυλάξεται
2605 4681 2808 4751 κρίσιν,
2839 4678 2931 4733 καὶ
2961 4679 3124 4750 νόμον
3157 4677 3553 4748 έκζητήσουσιν
3599 4679 3664 4729 ὲκ

2085 4775 2348 4844 στόματος
2379 4771 2635 4842 αὐτοῦι),
2669 4771 2962 4840 γεγόνασιν
2993 4769 3147 4822 αὐτοὶ
3176 4769 3284 4822 τῶν
3311 4768 3545 4821 εἰδώλων
3577 4769 3669 4822 εύ-

2083 4867 2256 4935 ρεταὶ,
2288 4866 2382 4918 καὶ
2408 4865 2517 4918 τῶν
2554 4864 2800 4934 ματαίων
2831 4865 2880 4915 οἱ
2909 4860 3247 4933 τεχνουργοί.
3284 4879 3302 4910 ι
3333 4860 3670 4931 Είργάζοντο

2083 4955 2191 5028 γὰρ
2222 4957 2449 5028 μάταια,
2495 4975 2514 5009 ι
2546 4955 2816 5019 τουτέστι,
2845 4952 2914 5006 τὰ
2950 4952 3166 5007 εἴδωλα.
3211 4971 3229 5002 ι
3254 4950 3584 5020 Ἐτάραττον
3611 4950 3670 5004 δὲ

2083 5051 2177 5104 καὶ⁸
2217 5048 2382 5121 ὕδωρ,
2422 5068 2440 5100 ι
2474 5048 2745 5126 τουτέστι,
2785 5047 3100 5118 συγχύσεως
3127 5043 3350 5115 ἀφορμὴ
3391 5045 3503 5105 τοῖς
3533 5043 3667 5109 ἀγε-

2083 5143 2256 5206 λαίοις
2302 5140 2832 5211 γεγόνασιν.-“Υδατι
2890 5138 2996 5210 γὰρ
3035 5135 3394 5209 παρεικάζειν
3441 5133 3562 5195 ἔθος
3600 5135 3665 5204 τῇ

2083 5235 2219 5306 ἁγίᾳ
2250 5234 2441 5306 Γραφῇ
2481 5233 2580 5314 τὴν
2610 5223 2918 5310 ἀμέτρητον
2953 5229 3062 5281 τῶν
3098 5226 3401 5297 ἀνθρώπων
3436 5223 3664 5314 πληθύν.

2083 5326 2195 5380 Καὶ
2224 5325 2353 5394 γοῦν
2386 5312 2826 5395 πολῦανδρούσης
2857 5321 2996 5388 ἄγαν
3023 5319 3119 5390 τῆς
3154 5315 3534 5377 Βαϐυλωνίων,
3575 5313 3671 5364 καὶ

2080 5417 2292 5480 Νινευῖ,
2339 5417 2492 5490 φησὶ,
2558 5435 2575 5468 ι
2628 5417 2702 5478 ῶς
2755 5412 3111 5484 κολυμϐήθρα
3163 5410 3352 5471 ὓδατος
3390 5406 3460 5460 τά
3502 5405 3670 5458 ὕδατα

2085 5510 2280 5580 αὐτῆς,
2318 5528 2336 5560 ι
2383 5510 2504 5564 ἀντί
2537 5507 2653 5573 τοῦ,
2687 5507 2762 5570 ὡς
2792 5503 3151 5575 κολυμϐήθρα
3188 5501 3402 5572 πλήρης
3437 5499 3666 5560 ὑδάτων,

2079 5603 2221 5656 οὕτω
2252 5602 2312 5655 τὸ
2367 5602 2569 5673 πλῆθος
2623 5600 2810 5668 αὐτῆς.
2861 5596 2954 5662 Ἦ,
3013 5594 3136 5650 καθ’
3193 5594 3382 5665 ἓτερον
3440 5588 3666 5661 τρόπον,

2576 5775 2621 5806 ⁸⁸
2654 5771 2868 5826 Naltum
2904 5787 2965 5839 ll,
3000 5772 3053 5825 3.
