4002 6220
400 307 504 363 HS

1324 315 1875 374 COMMENTARIUS
1913 320 1979 373 ΙΝ
2023 319 2255 376 OSEAM
2299 323 2739 380 PROPIIETAM.

3556 339 3656 394 174

395 427 696 497 ἐτάραττον
759 426 923 497 ὕδωρ,
991 431 1366 503 τεθολωμένην
1431 433 1618 503 ὥσπερ
1688 437 1810 489 τινὰ
1883 439 1955 490 κα

2078 439 2218 492 cium
2251 449 2462 496 mentes
2508 443 2893 498 incrassautcs.
2932 443 3212 501 Docebant
3241 448 3384 503 enim
3427 452 3658 510 alorare

391 519 582 585 ιλιώδη
632 516 979 572 διδασκαλίαν
1028 524 1138 584 τοῖς
1186 523 1472 595 προσιοῦσι
1522 527 1832 597 προθέντες,
1885 531 1976 581 καὶ

396 608 480 661 τὸν
516 608 625 660 τῶν
668 608 1070 681 άκεραιοτέρων
1119 615 1448 682 παχύνοντες
1485 617 1628 672 νοῦν.
1675 619 1976 672 Ἐδίδασκον

395 701 498 770 γάρ
535 698 733 754 εἴδωλα
761 706 1107 770 προσκυνεῖν.
1143 706 1252 758 Καὶ
1295 705 1424 774 γοῦν
1463 708 1552 760 διὰ
1599 709 1783 780 φωνῆς
1819 709 1976 774 Ἰεζε·

385 790 514 860 lvi-,1
544 792 735 864 ᾐτιᾶτο
784 793 945 847 πάλιν
976 795 1172 859 αὐτοὺς
1201 799 1228 850 ὁ
1263 797 1370 851 τῶν
1393 799 1531 852 ὅλων
1570 801 1734 865 Θεὸς,
1767 802 1860 854 καὶ
1901 802 1974 864 ὡς

391 882 531 951 πρὸς
567 883 776 950 κριοὺς,
815 885 907 936 καὶ
956 885 1051 956 τῆς
1085 887 1288 958 ἀγέλης
1337 890 1653 962 καθηγητὰς
1691 895 1976 966 προσεφὼ-

391 988 494 1036 νει,
531 971 704 1039 λέγων
727 989 739 1000 ·
788 990 805 1022 ι
843 975 952 1028 Καὶ
984 976 1142 1044 ὑμεῖς
1178 978 1444 1049 πρόϐατα,
1487 983 1611 1035 τάδε
1660 982 1806 1051 λέγει
1857 985 1974 1039 Κύ-

392 1081 535 1133 ριος·
584 1065 711 1118 Ἰδοὺ
767 1066 880 1133 ἐγὼ
924 1068 1184 1139 διακρίνω
1235 1072 1507 1142 ἁναμέσον
1556 1076 1830 1146 προϐάτου
1882 1079 1974 1132 καὶ

390 1155 693 1226 προϐάτου,
733 1159 827 1210 καὶ
868 1158 1060 1228 κριῶν,
1103 1162 1196 1216 καὶ
1229 1164 1469 1234 τράγων.
1508 1166 1616 1220 Καὶ
1647 1168 1745 1237 οὐχ
1792 1169 1973 1222 ἱκανὸν

389 1249 542 1318 ὑμῖν,
573 1249 652 1302 δτι
695 1249 792 1320 τὴν
824 1251 994 1322 καλὴν
1028 1253 1198 1324 νομὴν
1249 1257 1528 1327 ὲνέμεσθε.
1570 1262 1677 1314 Καὶ
1710 1262 1778 1314 τὰ
1801 1263 1972 1316 κατά·

388 1341 554 1393 λοιπα
581 1342 679 1410 τῆς
703 1345 876 1413 νομῆς
902 1350 1262 1400 κατεπατεῖτε
1295 1352 1406 1414 τοῖς
1434 1351 1562 1404 ποσὶ
1592 1353 1768 1424 ὑμῶν,
1794 1355 1886 1408 καὶ
1912 1355 1972 1408 τὸ

388 1429 734 1500 καθεστηκὸς
768 1429 911 1502 ὕδωρ
950 1431 1185 1499 ἐπίνετε,
1218 1437 1314 1489 καὶ
1356 1437 1416 1492 τὸ
1445 1438 1630 1493 λοιπὸν
1674 1444 1786 1506 τοῖς
1815 1444 1971 1496 ποσὶν

387 1520 543 1590 ὑμῶν
569 1521 920 1591 ὲταράσσετε,
951 1525 1046 1579 κα)⁴
1073 1525 1142 1578 τὰ
1168 1527 1417 1598 πρόϐατά
1439 1547 1540 1601 μου
1570 1531 1637 1585 τὰ
1671 1535 1970 1606 πατήματα

386 1611 495 1663 τῶν
532 1611 708 1664 ποδῶν
749 1611 904 1682 ὑμῶν
975 1613 1266 1684 ἐνέμοντο,
1326 1618 1422 1671 καὶ
1465 1617 1525 1671 τὸ
1563 1621 1970 1691 τεταραγμένον

388 1703 533 1774 ὕδωρ
561 1703 664 1756 ὑπὸ
699 1703 806 1758 τῶν
837 1705 1014 1759 ποδῶν
1045 1706 1200 1776 ὑμῶν
1231 1707 1435 1762 ἔπινον.
1454 1711 1830 1781 »Νομομαθεῖς
1860 1713 1968 1785 γάρ

2081 527 2238 580 idola.
2269 528 2445 594 Quare
2473 547 2571 600 per
2602 531 2940 587 Ezechielem
2965 535 3340 593 universorum
3371 541 3512 598 Dens
3537 561 3653 601 rur-

2080 634 2198 672 sum
2228 633 2321 672 eos
2353 632 2572 676 accusat
2615 633 2669 678 et
2704 624 2866 679 veluti
2905 627 3133 694 arietes,
3161 638 3215 682 et
3259 632 3442 702 gregis
3487 634 3656 692 duces

2079 710 2221 764 hunc
2245 712 2296 764 in
2335 714 2550 768 modum
2579 732 2671 772 eos
2693 718 2982 786 compellat
3012 736 3024 772 :
3061 738 3078 771 ι
3119 720 3186 776 Ει
3215 738 3310 778 vos
3341 739 3471 781 oves
3495 743 3652 793 meae,

2080 802 2193 855 haec
2221 801 2351 856 dicit
2385 803 2643 860 Dominus
2669 826 2683 861 :
2717 808 2856 864 Ecce
2881 825 2981 882 ego
3004 811 3313 880 dijudicabo
3334 816 3476 871 inter
3501 833 3656 874 ovem
3715 851 3722 859 -

2077 901 2130 945 et
2155 907 2330 956 ovem,
2352 895 2554 949 arietes
2575 898 2734 971 102
2760 908 2813 953 et
2841 901 3041 958 hircos.
3084 904 3149 958 Et
3177 921 3281 960 non
3318 909 3452 965 satis
3481 914 3656 979 vobis,

2076 983 2202 1051 quia
2231 985 2429 1038 bonum
2461 998 2673 1056 pastum
2710 993 3036 1060 pasccluatis.
3072 994 3138 1050 Et
3183 998 3436 1068 reliquias
3470 1015 3657 1071 pastus

2077 1075 2246 1127 vestri
2279 1076 2686 1132 conculcabatis
2715 1081 2946 1149 pedibus
2978 1087 3198 1151 vestris,
3234 1100 3285 1142 et
3313 1093 3654 1156 purissimam

2078 1178 2273 1230 aquam
2305 1164 2598 1232 bibebatis,
2633 1179 2688 1223 et
2718 1171 2984 1240 reliquum
3025 1179 3223 1231 vestris
3270 1181 3500 1249 pedibus
3542 1193 3658 1237 tur-

2075 1253 2325 1322 babatis;
2354 1267 2406 1311 et
2426 1272 2553 1313 oves
2583 1274 2714 1315 meae
2739 1265 3186 1321 conculcamenta
3220 1272 3413 1338 pedum
3447 1287 3659 1329 vestru-

2076 1363 2192 1400 rum
2229 1350 2617 1416 pascebantur,
2667 1363 2723 1408 et
2783 1357 3056 1412 turbatam
3121 1376 3315 1429 aquam
3355 1379 3385 1418 a
3427 1366 3661 1433 pedibus

2073 1441 2275 1492 vestris
2302 1439 2562 1496 bibebant
2595 1443 2660 1499 "’.
2696 1462 2718 1497 ο
2757 1444 2984 1503 Oriundi
3017 1451 3161 1504 enim
3189 1454 3254 1507 de
3298 1453 3460 1511 domo
3499 1457 3656 1522 Levi,

2073 1543 2194 1582 cum
2236 1542 2421 1585 essent
2455 1532 2774 1602 legisperiti,
2821 1536 3190 1609 haberentque
3221 1541 3368 1596 velut
3407 1545 3660 1614 pulcher-

2075 1615 2210 1668 rima
2248 1633 2468 1686 pascua,
2506 1630 2833 1694 tenuemque
2866 1639 2916 1681 et
2951 1628 3276 1696 pellucidam
3307 1649 3503 1703 aquam
3534 1652 3662 1692 eru-

2073 1707 2332 1762 ditionem
2391 1710 2704 1780 Mosaicam,
2759 1732 2881 1786 qua:
2925 1721 2992 1773 ad
3045 1722 3418 1781 deducendum
3467 1743 3561 1786 eos
3601 1730 3658 1785 in

384 1799 536 1860 ὄντες
569 1798 617 1849 ot
645 1798 703 1863 ἐξ
730 1798 961 1870 αἵματος
1002 1800 1155 1864 Λευῖ,
1189 1801 1285 1854 καὶ
1330 1801 1622 1874 καλλίστην
1667 1803 1856 1876 ῶσπερ
1887 1824 1955 1860 νο·

2073 1799 2211 1854 viom
2236 1801 2485 1856 veritatis
2511 1804 2806 1871 suliiceret,
2831 1810 3225 1869 conculcabant
3256 1818 3659 1885 quodammodo

385 1889 516 1960 μὴν,
566 1889 763 1948 λεπτόν
799 1908 862 1944 τε
912 1891 1005 1946 καὶ
1054 1891 1246 1956 διειδὲς
1289 1893 1504 1964 ἔχοντες
1538 1894 1714 1966 ὕδωρ,
1750 1898 1849 1967 τὴν
1881 1898 1968 1952 διὰ

381 1980 629 2042 Μωσέως
661 1979 940 2035 παίδευσιν
993 1983 1095 2035 οὐκ
1139 1982 1413 2046 ἀνικάνως
1451 1983 1679 2054 ἔχουσαν
1713 1986 1970 2056 ποδηγεῖν

379 2075 466 2134 εἰς
498 2070 778 2143 ἀλήθειαν,
831 2072 1170 2127 κατεπάτουν
1218 2074 1417 2144 τρόπον
1459 2074 1582 2130 τινὰ
1626 2076 1725 2150 τὴν
1771 2079 1962 2149 νομὴν,

381 2163 779 2232 συνετάραττον
833 2163 890 2218 δὲ
936 2163 1030 2218 καὶ
1078 2164 1139 2217 τὸ
1186 2163 1352 2236 ὕδωρ,
1383 2166 1615 2237 παχεῖάν
1659 2183 1809 2235 τινα,
1874 2170 1968 2222 καὶ

382 2254 592 2324 Ξλιώδη,
643 2255 738 2308 καὶ
772 2254 1008 2324 γεώδους
1052 2254 1394 2328 ἀκαθαρσίας
1441 2257 1692 2328 ἔμπλεων
1737 2277 1968 2332 παρατι-

377 2347 569 2410 θέντες
607 2347 980 2412 διδασκαλίαν,
1010 2351 1126 2412 τοῖς
1153 2351 1210 2402 ὲν
1249 2349 1399 2414 τάξει
1425 2351 1713 2422 προϐάτων
1740 2352 1962 2407 ἀκολου-

376 2437 565 2491 θοῦσιν
595 2439 780 2502 αὐτοῖς
810 2438 886 2503 ὡς
922 2441 1114 2510 κριοῖς.
1156 2438 1544 2509 Ἐγκαλοῦνται
1573 2441 1752 2497 τοίνυν
1780 2444 1828 2495 oi
1862 2444 1962 2514 τῆς

378 2529 594 2584 Γαλαὰδ
667 2531 880 2584 πολῖται
959 2532 1055 2585 καὶ
1113 2533 1423 2603 οἰκήτορες,
1469 2533 1546 2596 ὼς
1603 2533 1959 2606 ταράττοντες

378 2623 547 2694 ὕδωρ,
583 2622 897 2694 ἐλέγχονται
943 2623 1003 2677 δὲ
1051 2623 1144 2678 καὶ
1196 2625 1274 2689 ῶς
1321 2625 1472 2694 ἰσχὺν
1516 2623 1732 2695 ἔχοντες
1764 2625 1960 2697 ἀνδρὸς

379 2719 553 2788 σαφὲς
583 2718 1021 2788 καταστήσομεν,
1057 2715 1126 2770 τὰ
1151 2715 1349 2784 ἑφεξῆς
1377 2716 1796 2787 ἑρμηνεύοντες.

452 2811 761 2881 Ἐκρυψαν
797 2810 971 2880 ἱερεῖς
1017 2809 1182 2876 ὁδὸν,
1222 2811 1569 2879 ἐφόνευσαν
1605 2813 1842 2881 Σίκιμα,
1869 2811 1959 2865 ὅτι

374 2907 636 2974 ἀνομίαν
674 2905 975 2972 ἐποίησαν
1014 2905 1085 2957 ἐν
1115 2902 1197 2970 τῷ
1243 2904 1386 2970 οἴκῳ
1418 2904 1524 2959 τοῦ
1565 2903 1822 2973 Ἰσραήλ.
1856 2901 1957 2958 Εἴ-

374 2999 487 3052 δετν
507 2996 774 3066 φρικώδη
804 2995 949 3060 ἐκεῖ,
967 2997 1256 3065 πορνείαν
1283 2997 1389 3051 τοῦ
1421 2998 1684 3067 Ἐφραῒμ,
1706 2997 1955 3067 ἐμιάνθη

388 3087 629 3156 Ἰσραὴλ
654 3088 754 3141 καὶ
795 3086 1008 3141 Ἰούδα.

445 3179 571 3234 Ξυθ.
612 3179 882 3250 Ἰστοριῶν
911 3179 1022 3232 ἔσθ’
1053 3179 1144 3232 ὅτε
1187 3179 1348 3233 τινῶν
1386 3183 1416 3234 ὀ
1462 3179 1570 3234 τῶν
1616 3179 1787 3248 ἁγίων
1827 3197 1956 3254 προ-

377 3270 565 3341 φητῶν
603 3269 968 3340 διαμέμνηται
1007 3269 1192 3337 λόγος,
1226 3269 1291 3334 ἃς
1319 3269 1481 3342 εἴπερ
1507 3287 1589 3333 τις
1620 3269 1792 3323 ἕλοιτο
1827 3287 1957 3324 σιω-

380 3365 508 3432 πᾷν,
552 3363 661 3414 οὐδ’
690 3361 756 3416 ἂν
805 3362 1022 3415 δύναιτο
1052 3362 1374 3434 διατρανοῦν
1403 3363 1510 3416 τῶν
1535 3363 1840 3435 εἰρημένων
1867 3363 1958 3415 τὸν

375 3453 520 3508 νοῦν,
567 3455 688 3524 Χρὴ
737 3453 1024 3525 τοιγαροῦν
1063 3457 1222 3507 ὄκνου
1291 3455 1390 3524 μὲν
1449 3450 1590 3508 εἶναι
1643 3455 1956 3525 κρείττονας

377 3549 503 3610 τοὺς
531 3546 604 3600 τὰ
633 3547 814 3600 τοιάδε
856 3546 1042 3617 σαφῶς
1081 3546 1458 3618 διερμηνεύειν
1484 3545 1788 3610 ἐθέλοντας,
1817 3563 1952 3600 παν-

373 3638 598 3707 ταχόθεν
642 3637 698 3690 δὲ
746 3641 858 3700 τοῖς
900 3639 1270 3710 ἀκροωμένοις
1308 3637 1369 3690 τὸ
1401 3637 1591 3691 τελοῦν
1643 3640 1722 3702 εἰς
1771 3639 1954 3710 ὄνησιν

372 3727 765 3798 ἐξεργάζεσθαι
801 3727 994 3796 φιλεῖν.
1027 3728 1295 3801 Ταύτῃτοι
1336 3729 1428 3782 καὶ
1455 3728 1550 3782 νῦν
1579 3729 1671 3783 ὲπί
1695 3746 1748 3782 τι
1775 3729 1953 3783 τοιοῦ-

370 3835 460 3870 τον
483 3820 709 3890 ἥξομεν.
733 3819 933 3891 Σίκιμα
953 3819 1129 3874 τοίνυν
1157 3820 1380 3890 πολίχνη
1411 3821 1496 3884 τίς
1525 3822 1676 3874 ἐστιν
1697 3821 1953 3874 ἐπέκεινα

369 3911 473 3963 τῶν
509 3911 776 3982 Ἰορδάνου
830 3913 1088 3981 ναμάτων
1125 3929 1182 3964 τε
1227 3914 1321 3966 καὶ
1365 3913 1564 3983 ὅμορος
1607 3915 1674 3984 τῇ
1718 3912 1949 3977 Γαλαὰδ,

371 4004 434 4071 ἣν
461 4006 577 4066 τοῖς
623 4003 685 4069 ἐξ
724 4002 958 4073 αἵματος
985 4001 1080 4055 τοῦ
1129 4002 1264 4056 Λευῒ
1308 4003 1548 4058 δεδόσθαι
1595 4002 1949 4075 προείπομεν,

366 4095 714 4164 διανέμοντος
740 4095 839 4165 τῆς
861 4094 1194 4164 ἐπαγγελίας
1217 4093 1313 4166 τὴν
1331 4096 1433 4168 γῆν
1450 4093 1624 4168 Ἰησοῦ
1646 4093 1738 4147 τοῦ
1764 4094 1945 4164 Ναυῆ.

365 4185 692 4256 Συμὸέδηκε
741 4187 940 4249 τοίνυν,
986 4187 1180 4256 ἑορτῆς
1210 4185 1379 4258 οὔσης
1431 4187 1612 4255 ἁγίας,
1661 4186 1761 4256 τῆς
1808 4186 1948 4240 κατὰ

363 4279 530 4348 νόμον
585 4279 985 4348 σκηνοπηγίας,
1025 4280 1186 4349 φημὶ,
1234 4279 1322 4332 ὅτε
1363 4278 1571 4341 πάντας
1601 4275 1946 4348 πανταχόθεν

359 4370 679 4424 ἀναϐαίνειν
712 4367 779 4440 ἦν
818 4370 938 4433 ἔθος
981 4373 1063 4433 εἰς
1103 4371 1484 4442 Ἰεροσόλυμα,
1533 4371 1623 4424 καὶ
1655 4370 1814 4423 τοῦτο
1850 4369 1944 4423 τοῦ

2074 1906 2299 1960 pascua,
2351 1903 2404 1946 et
2455 1909 2650 1963 aquam
2713 1901 3134 1968 conturbabant,
3184 1920 3425 1961 crassam
3465 1924 3660 1978 quam-

2073 1983 2198 2036 dam
2236 1993 2290 2037 et
2319 1984 2591 2051 limosam,
2641 1997 2696 2040 et
2746 1999 2973 2045 terrena:
3024 1992 3170 2048 faecis
3198 1995 3412 2065 plenam
3455 2002 3659 2056 doctri-

2075 2089 2200 2128 nam
2254 2077 2596 2146 exhibentes,
2654 2079 2799 2149 ipsos
2838 2091 3093 2153 tanquam
3145 2101 3275 2142 oves
3322 2090 3524 2147 arietes
3565 2108 3656 2149 se-

2071 2171 2386 2239 quentibus.
2418 2170 2840 2245 Redarguuntur
2867 2177 3052 2248 itaque
3083 2180 3231 2237 cives
3259 2191 3313 2237 et
3335 2183 3527 2238 incolae
3549 2184 3659 2240 Ga-

2074 2262 2198 2319 laad
2245 2272 2303 2319 ut
2349 2266 2630 2322 turbantes
2675 2285 2914 2339 aquam;
2959 2284 3013 2327 et
3060 2276 3558 2345 reprehenduntur,
3592 2288 3652 2330 ut

2070 2353 2447 2412 fortitudinem
2478 2374 2574 2412 seu
2620 2359 2787 2415 robur
2817 2361 3082 2420 habentes
3106 2365 3213 2420 viri
3247 2368 3460 2436 piratae.
3500 2369 3654 2436 Quod

2066 2462 2173 2516 quo
2205 2459 2366 2518 pacto
2409 2451 2565 2506 nobis
2609 2452 3024 2526 intelligendum
3055 2458 3146 2527 sit,
3179 2463 3461 2531 sequentia
3488 2463 3658 2518 inter-

2059 2548 2338 2606 pretantes
2373 2541 2787 2602 dcclarabimus.

1999 2629 2278 2700 πειρατοῦ.
2330 2632 2454 2696 Πῶς
2492 2633 2537 2686 δ’
2561 2633 2627 2688 ἂν
2684 2636 2778 2688 καὶ
2816 2637 2972 2692 τοῦτο
2992 2640 3138 2710 ἡμᾶς
3162 2643 3400 2696 συνιέναι
3428 2642 3649 2716 πρέποι,

2139 2812 2305 2869 Vens.
2333 2815 2385 2881 9,
2421 2815 2504 2869 10.
2541 2817 2936 2874 Absconderunt
2961 2822 3259 2880 sacerdotes
3294 2829 3454 2898 viam,
3483 2832 3649 2889 inter-

2064 2906 2297 2974 fecerunt
2330 2905 2584 2970 Sic/rima,
2615 2910 2742 2978 quia
2773 2909 3107 2981 iniquitatem
3136 2915 3373 2984 fecerunt
3408 2921 3463 2974 in
3494 2925 3649 2980 domo

2065 2997 2255 3053 Israel.
2298 2997 2420 3052 Vidi
2472 3002 2748 3055 horribilia
2786 3003 2877 3069 ibi,
2915 3006 3318 3073 fornicationem
3351 3009 3604 3082 Ephraim
3627 3034 3648 3072 :

2067 3088 2461 3141 contaminatus
2487 3100 2566 3142 est
2607 3087 2801 3157 Israel,
2831 3103 2877 3146 et
2901 3092 3098 3151 ludas.

2134 3175 2364 3233 LXVIII.
2423 3179 2820 3252 Nonnunquam
2866 3186 3216 3245 historiarum
3284 3198 3643 3262 quarumdam

2063 3267 2312 3321 meminit
2343 3270 2694 3340 propheticus
2725 3290 2925 3342 sermo,
2958 3292 3091 3346 quas
3123 3281 3167 3333 si
3207 3285 3331 3352 quis
3365 3290 3646 3353 praaterire

2062 3359 2316 3427 voluerit,
2363 3365 2654 3420 verborum
2706 3371 3102 3438 propositorum
3127 3379 3467 3434 sententiam
3511 3401 3645 3439 enti-

2061 3450 2239 3506 cleare
2270 3469 2376 3508 non
2419 3458 2608 3526 possit.
2640 3458 2904 3525 Quocirca
2942 3463 3064 3516 talia
3098 3480 3373 3536 exponere
3415 3475 3641 3542 cupien-

2063 3553 2166 3611 tes,
2197 3547 2482 3614 segnitiem
2518 3549 2586 3604 ab
2631 3566 2689 3607 se
2731 3565 3019 3609 amoveant
3046 3569 3280 3628 oportet,
3319 3573 3375 3616 et
3415 3569 3642 3634 quodin

2061 3650 2174 3691 rem
2215 3639 2550 3694 audientium
2597 3644 2691 3708 sit,
2728 3646 2870 3700 unde
2911 3648 3052 3704 unde
3098 3651 3282 3708 labore
3311 3671 3408 3710 suo
3445 3674 3644 3729 reprae-

2057 3737 2294 3785 sentent.
2327 3729 2469 3788 Hinc
2496 3743 2550 3788 et
2591 3738 2752 3792 modo
2783 3738 2848 3793 ad
2881 3740 2983 3795 tale
3014 3744 3270 3810 quiddam
3301 3747 3638 3807 del.:bemur.

2058 3819 2299 3878 Sichima
2336 3825 2502 3895 igitur
2541 3829 2858 3898 oppidulum
2915 3843 2999 3889 est
3034 3845 3182 3892 trans
3217 3839 3414 3894 ﬂuenta
3444 3842 3640 3900 Jorda-

2057 3914 2140 3968 nis
2170 3915 2237 3979 ³⁵⁵,
2277 3918 2535 3984 vicinum,
2582 3932 2633 3975 et
2673 3925 2884 3980 contine
2925 3927 3147 3992 Galaad,
3180 3947 3342 3999 quam
3376 3934 3502 3990 Levi
3543 3953 3638 4006 po-

2055 4006 2216 4063 steris
2260 4009 2590 4080 assignatam
2633 4029 2794 4086 supra
2844 4018 3100 4087 diximus,
3151 4019 3276 4078 Jesu
3333 4024 3443 4080 tilio
3490 4026 3639 4082 Nave

2057 4108 2257 4153 terram
2323 4104 2706 4170 promissionis
2761 4107 3142 4177 dispertiente.
3215 4113 3458 4184 Contigit
3506 4132 3638 4188 ergo

2051 4207 2172 4246 cum
2213 4193 2330 4247 dies
2360 4205 2581 4250 sanctus
2612 4206 2666 4250 et
2695 4198 2862 4254 festus
2909 4212 3164 4272 ageretur
3195 4219 3262 4259 ex
3305 4208 3636 4265 auctoritate

2052 4282 2204 4353 legis,
2251 4282 2606 4356 Scenopegia,
2632 4288 2874 4358 inquam,
2903 4295 3116 4360 quando
3149 4310 3214 4349 ex
3252 4312 3406 4353 more
3427 4315 3621 4355 omnes

2053 4375 2414 4446 uiidequaque
2485 4376 2915 4452 Hierosolymam
2995 4385 3108 4454 lege
3187 4387 3268 4443 sic
3343 4392 3634 4446 mandante

363 4463 528 4534 νόμου
580 4462 865 4533 τηρεῖσθαι
913 4463 1342 4533 προστάττοντος
1365 4504 1378 4526 ,
1411 4463 1519 4518 τῶν
1561 4463 1669 4517 ἀπὸ
1702 4463 1944 4534 Σικίμων

2063 4467 2438 4531 ascendebant,
2481 4470 2742 4539 quosdam
2786 4472 2852 4528 de
2904 4473 3205 4532 Sichimitis
3246 4488 3340 4535 aut
3375 4497 3632 4552 compun-

366 4557 534 4621 τινάς,
571 4555 604 4626 ἢ
640 4554 1096 4626 κατανυχθέντας,
1129 4555 1222 4608 καὶ
1257 4556 1353 4608 ἐπὶ
1375 4559 1442 4626 τῇ
1479 4553 1740 4627 πλανήσει
1770 4574 1942 4627 μετα-

353 4648 748 4716 γινώσκοντας,
780 4649 946 4718 ἣγουν
980 4648 1074 4700 καὶ
1104 4649 1182 4711 είς
1205 4647 1367 4717 νῆψιν
1397 4648 1767 4719 κεκλημένους
1791 4649 1943 4718 παρά

359 4739 517 4802 Θεοῦ,
568 4739 756 4792 λοιπὸν
798 4739 1056 4810 ἐθελῆσαι
1094 4743 1206 4804 τοῖς
1254 4739 1416 4801 θείοις
1448 4741 1694 4795 ὑπείκειν
1735 4743 1938 4814 νόμοις,

360 4834 451 4885 καὶ
478 4831 752 4901 ἀναϐῆναι
801 4832 987 4902 ζητεῖν
1027 4833 1108 4896 εἰς
1144 4830 1519 4903 Ἰεροσόλυμα,
1554 4832 1843 4903 βούλεσθαί
1881 4851 1938 4887 τε

359 4923 545 4987 θυσίας
575 4922 898 4993 προσάγειν,
930 4927 1025 4976 καὶ
1053 4923 1152 4993 τὴν
1187 4922 1330 4976 κατὰ
1355 4923 1554 4995 νόμους
1583 4925 1776 4997 ἑορτὴν
1796 4927 1934 4980 ἀπο-

355 5016 635 5086 περαίνειν
692 5015 827 5068 ἐκεῖ.
873 5013 1049 5068 Τοῦτο
1085 5013 1141 5067 δὲ
1190 5008 1258 5084 ἦν
1299 5014 1442 5086 ἀρχή
1481 5031 1565 5078 τις
1599 5014 1788 5087 ὥσπερ
1819 5017 1938 5070 ἑπι-

356 5109 614 5176 στροφῆς,
644 5104 739 5158 καὶ
761 5105 856 5158 τοῦ
893 5102 1231 5175 καταλήγειν
1256 5103 1350 5156 τοῦ
1377 5104 1734 5175 προσκεῖσθαι
1758 5105 1934 5160 θέλειν

353 5201 465 5262 ταῖς
517 5199 626 5250 τῶν
679 5196 918 5250 εἰδώλων
952 5195 1248 5268 λατρείαις.
1295 5197 1413 5251 Ἵνα
1445 5197 1554 5267 γὰρ
1605 5198 1680 5269 μὴ
1732 5199 1933 5252 θυσιῶν

351 5291 508 5343 ἕνεκά
537 5307 598 5341 τε
645 5289 741 5341 καὶ
773 5288 978 5358 ἑορτῶν
1007 5287 1116 5341 τῶν
1163 5291 1305 5342 κατὰ
1341 5290 1506 5359 νόμον
1561 5291 1930 5346 ἀναϐαίνωσιν

346 5381 412 5434 ἐκ
451 5383 548 5452 τῆς
589 5381 908 5451 Σαμαρείας
952 5382 1034 5444 είς
1083 5381 1430 5453 Ἱεροσόλυμα
1476 5382 1583 5436 τῶν
1614 5382 1674 5447 ἐξ
1714 5384 1931 5454 Ἰσραήλ

345 5485 505 5534 τινες,
536 5471 811 5534 τουτέστι,
857 5469 964 5523 τῶν
994 5469 1126 5524 δέκα
1167 5470 1370 5540 φυλῶν,
1412 5467 1533 5526 εἶτα
1576 5473 1716 5526 κατὰ
1752 5472 1927 5543 βραχὺ

347 5562 666 5628 μεταθοῖντο
705 5562 838 5632 πρὸς
864 5561 924 5614 τὸ
954 5563 1010 5614 ἐν
1040 5563 1256 5634 ἀρχαῖς,
1288 5565 1379 5617 καὶ
1417 5563 1519 5616 ὑπό
1541 5581 1603 5632 γε
1627 5566 1725 5636 τὴν
1758 5566 1926 5620 Ἰούδα

416 5744 459 5775 ’⁷
490 5743 689 5798 Ezech.
727 5758 913 5808 xxxrv,
965 5741 1148 5798 17-19.
1226 5744 1269 5774 ³⁸
1299 5742 1474 5800 Jlltlit'.
1504 5760 1576 5811 ιτ,
1603 5744 1688 5800 95-

2051 4569 2192 4624 ctos,
2241 4569 2294 4615 et
2335 4576 2500 4631 super
2547 4565 2862 4620 seductione
2908 4582 3004 4622 sua
3047 4573 3396 4638 poenitentes,
3441 4585 3526 4628 aut
3564 4579 3629 4628 ad

2049 4670 2236 4708 sanam
2269 4667 2502 4710 mentem
2538 4672 2566 4710 a
2605 4657 2714 4713 Deo
2740 4671 2962 4716 vocatos
2997 4665 3226 4730 posthac
3263 4667 3399 4722 velle
3428 4669 3629 4725 divinis

2051 4744 2259 4815 legibus
2339 4747 2564 4817 obsequi
2603 4788 2620 4814 ,
2691 4750 3107 4824 desiderareque
3186 4756 3620 4832 Hierosolymam

2049 4840 2368 4905 ascendere,
2397 4850 2450 4894 et
2477 4840 2813 4908 sacriﬁcare,
2847 4842 3155 4914 festumque
3194 4862 3224 4901 a
3261 4849 3378 4920 lege
3414 4857 3628 4908 manda-

2049 4940 2164 4984 tum
2213 4931 2384 4986 obire.
2433 4932 2609 5002 Atque
2652 4933 2756 4988 hoc
2803 4937 3175 4993 conversionis
3201 4951 3257 4994 et
3303 4946 3626 5002 cessationis

2046 5037 2073 5074 a
2107 5021 2251 5076 cultu
2285 5023 2577 5086 idolorum,
2608 5023 2694 5078 cui
2727 5039 2784 5079 se
2833 5026 3184 5098 devoverant,
3231 5033 3374 5088 velut
3428 5039 3629 5107 princi-

2043 5112 2187 5179 pium
2223 5121 2360 5170 erat.
2414 5114 2491 5168 Ne
2538 5116 2680 5170 enim
2724 5118 3116 5175 sacriﬁciorum
3171 5134 3224 5178 et
3269 5126 3392 5181 festi
3439 5145 3622 5190 causa,

2044 5215 2096 5254 ut
2133 5203 2217 5257 lex
2251 5207 2622 5274 praecipiebat,
2660 5209 2816 5280 103
2846 5228 2875 5266 e
2901 5212 3148 5269 Samaria
3193 5217 3623 5291 Hierosolymam

2039 5303 2288 5362 peterent
2316 5310 2381 5350 ex
2417 5295 2614 5352 lsraele
2643 5301 2886 5368 quitum,
2933 5305 3033 5359 hoc
3071 5317 3175 5370 est,
3206 5324 3272 5361 ex
3315 5312 3498 5363 decem
3530 5309 3617 5359 tri-

2038 5385 2233 5452 bubus,
2279 5403 2342 5443 ac
2371 5389 2567 5446 deinde
2595 5395 2856 5463 paulatim
2889 5398 2956 5451 ad
2987 5414 3170 5453 mores
3208 5402 3459 5468 antiquos
3498 5401 3620 5453 reli-

2037 5479 2360 5551 gionemque
2395 5485 2659 5552 redirent,
2699 5497 2753 5543 et
2781 5490 2880 5543 sub
2923 5504 3092 5559 regno
3122 5489 3261 5545 Juda
3296 5499 3496 5554 essent,
3523 5505 3621 5545 ex-

2037 5573 2295 5642 COgitavit
2354 5575 2506 5633 initio
2550 5578 2748 5635 vitulos
2798 5595 2996 5635 aureos
3055 5581 3368 5658 Jeroboam,
3417 5579 3620 5646 quibus
