4002 6220
362 329 461 384 175

1344 332 1400 385 S.
1442 330 1716 385 CHHILI
1762 331 2228 389 ALEXANDRIM
2268 336 2586 392 ARCHIEP.

3513 338 3608 392 176

354 452 596 504 sancitas
651 448 859 519 legibus
901 449 1248 504 caerimonias
1298 452 1557 507 adhibere
1591 453 1773 523 jussit,
1816 455 1911 525 git)

2038 457 2275 523 γένοιντο
2310 457 2607 525 βασιλείαν,
2644 457 2933 528 ἐπενόησεν
2975 458 3029 510 ἐν
3067 458 3258 528 ἀρχαῖς
3293 456 3391 520 τὰς
3429 457 3606 527 δαμά-

353 542 487 594 riam
524 540 634 595 Deo
660 542 987 595 destinatam
1023 541 1393 598 suisinventis
1417 544 1582 600 miser
1606 546 1923 614 decernens,

354 643 407 685 ut
444 633 546 687 sibi
575 647 797 703 regnum
828 647 982 687 suum
1020 641 1134 687 tuto
1166 634 1486 703 possideret,
1520 646 1573 692 et
1622 638 1759 693 Deus
1802 655 1926 707 pro-

351 723 483 792 priis
525 722 682 777 velut
703 723 1069 778 fraudaretur.
1108 726 1249 796 Ergo
1299 729 1592 783 ascendere
1628 729 1929 800 Hierosoly-

351 830 489 869 mam
522 814 838 871 Sichitnitas
873 818 1159 873 nonnullos
1192 835 1496 889 aggressos,
1534 820 1699 875 vicini
1742 838 1772 877 e
1816 823 1926 878 Ga-

350 908 467 963 laad
500 910 549 961 id
580 907 759 963 facere
799 910 1191 977 prohibebant;
1223 927 1554 980 quanquam,
1592 923 1651 968 ut
1700 915 1832 980 dixi,
1862 917 1927 971 de

350 1000 494 1052 tribu
524 1000 653 1053 Levi
694 1010 896 1064 essent,
927 1016 955 1053 a
1001 1002 1120 1071 lege
1166 1003 1231 1056 ad
1274 1004 1541 1058 sacrificia
1586 1007 1821 1060 curanda
1876 1017 1927 1062 et

324 1090 640 1167 fat-litanda
672 1093 975 1145 constituti.
1007 1094 1271 1159 Quoniam
1320 1102 1502 1149 autem
1559 1100 1925 1165 operabantur

316 1196 481 1237 ,vana
510 1182 653 1251 (cum
683 1183 914 1237 artificio
944 1184 1086 1237 enim
1133 1184 1275 1239 idola
1302 1186 1737 1259 fabricabantur)
1769 1192 1922 1259 quasi

346 1285 435 1324 ars
482 1271 642 1339 paulo
678 1281 800 1339 post
855 1272 905 1324 in
942 1272 1170 1325 nihilum
1221 1273 1352 1342 ipsis
1384 1289 1635 1330 recasura
1682 1276 1839 1343 foret,
1876 1279 1921 1331 si

345 1363 409 1415 de
453 1372 650 1416 cmtero
685 1362 847 1417 Israel
892 1363 1157 1417 idolorum
1188 1365 1392 1419 cultum
1438 1378 1801 1434 aversaretur,
1842 1370 1921 1423 ira

343 1455 829 1509 exacerbabantnr.
866 1454 930 1507 Et
964 1456 1090 1523 quia
1124 1457 1305 1511 verbis
1345 1473 1454 1513 non
1504 1461 1918 1528 persuadebunt,

344 1546 409 1597 ad
460 1544 620 1613 impia
660 1543 884 1598 consilia
925 1555 981 1598 et
1020 1544 1160 1599 facta
1210 1547 1630 1604 descendebant.
1678 1551 1921 1605 Colloca-

344 1636 475 1689 bant
497 1636 640 1689 enim
683 1635 947 1703 quosdam
981 1635 1034 1688 in
1073 1637 1253 1692 medio
1284 1639 1494 1705 itinere,
1527 1642 1615 1709 qui
1650 1641 1919 1696 latronum

342 1744 491 1781 more
548 1734 928 1797 grassarentur
961 1768 976 1793 ,
1018 1736 1072 1781 et
1119 1728 1435 1786 Sichimitas
1483 1731 1916 1804 Hierosolymam

342 1822 471 1889 ipsis
516 1823 699 1876 invitis
730 1825 1024 1880 ascendere
1066 1826 1418 1880 instituentes
1463 1836 1786 1882 mactarent.
1815 1825 1915 1894 Qui
1950 1808 1989 1861 Β

340 1923 518 1965 autem
553 1914 715 1969 salvis
770 1917 1091 1985 corporibus
1122 1932 1308 1973 eorum
1356 1932 1550 1972 manus
1577 1917 1913 1986 effugissent,

340 2006 584 2061 destituti
612 2007 718 2073 his,
748 2024 867 2077 quae
899 2010 965 2064 ad
993 2010 1321 2065 sacrificium
1368 2011 1747 2079 apportabant,
1781 2009 1918 2065 ditii-

339 2099 514 2153 culter
546 2100 596 2153 in
632 2100 865 2168 patriam
896 2101 1167 2156 redibant.
1199 2101 1571 2171 Reprehendit
1599 2102 1766 2171 igitur
1793 2102 1914 2155 uni-

342 2205 624 2245 versurum
654 2192 795 2246 Deus
822 2192 1158 2259 Galaaditas,
1195 2194 1335 2262 quod
1370 2209 1491 2248 cum
1519 2202 1577 2249 ut
1601 2192 1822 2259 Levilte,
1864 2203 1919 2248 et

336 2284 725 2350 sacerdotium,
756 2293 809 2340 et
841 2284 963 2340 aliis
990 2285 1266 2356 praeeundi
1313 2285 1548 2341 cilicium
1593 2286 1795 2353 sortiti,
1828 2299 1916 2341 se-

337 2376 515 2430 dnctis
576 2377 717 2430 viam
788 2379 1001 2448 pietatis
1066 2377 1415 2447 constticuam
1463 2393 1526 2433 ac
1570 2378 1913 2434 manifestam

340 2466 567 2521 reddere
596 2468 883 2534 deberent,
916 2468 1019 2537 ipsi
1051 2478 1245 2528 contra
1270 2482 1389 2522 eam
1422 2468 1777 2535 occultarent,
1807 2482 1913 2523 non

336 2558 575 2613 sinentes
617 2569 762 2615 recte
796 2575 987 2630 sapere
1016 2569 1109 2615 aut
1148 2571 1343 2630 suopte
1374 2561 1621 2627 consilio,
1649 2570 1743 2615 aut
1768 2572 1916 2617 certe

335 2666 571 2719 superna
604 2653 775 2721 gratia
819 2664 1198 2723 compunctos,
1256 2656 1324 2710 ad
1373 2669 1512 2710 onus
1562 2655 1914 2711 daemoniacae

333 2740 672 2809 deceptionis
700 2742 961 2813 deinceps
993 2745 1399 2799 excutiendum.
1430 2744 1690 2815 Aitcrgo,
1728 2763 1746 2796 ι
1786 2747 1911 2800 abs-

341 2832 645 2886 condernnt
728 2834 1042 2889 sacerdotes
1090 2834 1234 2890 viam
1291 2835 1527 2890 Domini.
1568 2854 1587 2887 ι
1628 2836 1742 2891 Hoc
1783 2836 1911 2891 item

331 2931 436 2989 est,
479 2923 621 2991 quod
674 2923 742 2978 ab
793 2924 901 2978 alio
949 2926 1211 2994 propheta
1268 2925 1388 2980 aliis
1439 2926 1624 2982 verbis
1670 2926 1909 2981 dicitur:

337 3032 356 3065 ι
400 3013 724 3069 Sacerdotes
774 3030 880 3069 non
927 3015 1199 3081 dixerunt,
1238 3014 1343 3071 Ubi
1389 3024 1473 3072 est
1516 3016 1813 3072 Dominus?
1859 3027 1913 3073 et

332 3104 652 3176 profitentes
679 3106 853 3177 legem
886 3109 1205 3163 nesciebant
1235 3122 1321 3163 me
1348 3148 1364 3176 ,
1392 3118 1447 3164 et
1472 3117 1718 3180 pastores
1748 3109 1912 3177 impie

2032 545 2143 607 λεις
2178 545 2478 616 ’1εροϐοάμ,
2508 547 2599 599 καὶ
2629 545 2868 616 πληροῦν
2910 546 3158 599 ἐκέλευεν
3197 548 3284 598 ἐπ’
3322 548 3514 610 αὐταῖς
3539 548 3607 600 τὰ

2033 638 2419 706 νενομισμένα,
2473 639 2571 707 τὴν
2618 637 2696 706 τῷ
2748 638 2868 708 Θεῷ
2924 640 3238 709 πρέπουσαν
3283 639 3439 705 δόξαν
3495 641 3605 703 τοῖς

2010 728 2181 791 ’ἰδίοις
2215 729 2510 800 εύρέμασιν
2554 732 2811 784 ἀνάπτων
2854 734 2881 785 ό
2919 730 3179 794 δείλαιος·
3226 730 3294 784 ἶν’
3346 732 3457 800 ἐχοι
3510 732 3608 801 μὲν

2030 821 2188 883 αὐτὸς
2216 821 2275 873 τὸ
2309 822 2612 891 βασιλεύειν
2644 824 2918 893 ἀσφαλῶς,
2948 824 3305 894 ἀποστεροῖτο
3335 825 3392 877 δέ
3414 824 3604 894 ὥσπερ

2026 911 2133 963 τῶν
2164 912 2307 965 ἰδίων
2339 914 2488 976 Θεός.
2537 914 2744 968 υύκοῦν
2780 915 3095 969 ἀναϐαίνειν
3139 916 3222 979 εἰς
3257 915 3606 986 Ἰεροσόλυμα

2026 1002 2132 1056 τῶν
2182 1004 2288 1056 ἀπὸ
2334 1005 2574 1074 Σικίμων
2647 1007 2966 1078 ἐπεχείρουν
3016 1006 3180 1071 τινές,
3241 1007 3502 1077 ἀπεῖργον
3550 1007 3605 1060 δὲ

2025 1094 2182 1147 τοῦτο
2232 1097 2363 1167 δρᾷν
2412 1099 2460 1149 οί
2514 1099 2622 1151 ἀπὸ
2678 1098 2781 1169 τῆς
2825 1099 3065 1166 γείτονος
3108 1096 3342 1163 Γαλαὰδ,
3400 1098 3602 1159 καίτοι,

2027 1187 2274 1259 καθάπερ
2312 1189 2469 1259 ἑφην,
2501 1188 2560 1253 ἐξ
2588 1191 2817 1260 αἵματος
2854 1190 3005 1253 ὄντες
3055 1190 3365 1254 Λευῖτικοῦ,
3411 1206 3606 1257 τεταγο

2029 1277 2176 1346 μένοι
2222 1277 2365 1331 κατά
2412 1279 2502 1332 τὸν
2547 1284 2709 1350 νόμον
2753 1282 2831 1343 είς
2879 1280 3211 1351 ἱερουργίαν.
3260 1279 3476 1351 Ἐπειδὴ
3547 1280 3604 1331 δέ

2024 1368 2339 1439 εἰργάζοντο
2358 1370 2424 1423 τά
2453 1372 2655 1441 μάταια
2670 1372 3004 1443 (τεχνουργοὶ
3028 1373 3136 1443 γάρ
3154 1368 3293 1442 ἦσαν
3324 1371 3599 1437 εἰδώλων),

2025 1461 2099 1523 ὼς
2126 1462 2248 1516 ὅσον
2281 1463 2490 1516 οὐδέπω
2542 1464 2639 1533 τῆς
2674 1465 2867 1535 τέχνης
2898 1464 3080 1526 αὑτοῖς
3120 1461 3481 1533 οἰχησομένης
3522 1462 3599 1522 εἰς

2024 1549 2084 1603 τὸ
2125 1552 2311 1621 μηδὲν,
2340 1555 2388 1605 εξ
2429 1557 2748 1622 παραιτοῖτο
2780 1552 2965 1606 λοιπὸν
2995 1552 3231 1615 εἰδώλοις
3258 1550 3545 1622 λατρεύειν
3571 1551 3599 1602 ὁ

2037 1640 2269 1711 Ἰσραὴλ,
2321 1644 2807 1713 κατεπικραίνοντο
2854 1642 2989 1712 πρὸς
3031 1642 3218 1711 ὀργάς.
3273 1642 3361 1705 Ὠς
3406 1640 3462 1693 δέ
3498 1640 3600 1693 οὐκ

2023 1733 2237 1787 ἔπειθον
2275 1734 2472 1804 λόγοις,
2523 1736 2611 1788 ἐπ’
2655 1736 2899 1799 ἀνοσίους
2938 1731 3100 1805 ἦλθον
3147 1733 3347 1804 βουλάς
3392 1750 3449 1785 τε
3502 1732 3598 1786 καὶ

2021 1826 2269 1897 πράξεις.
2309 1827 2727 1897 Παρεσκεύαζον
2769 1827 2876 1897 γάρ
2916 1843 3067 1888 τινας
3111 1825 3251 1878 κατά
3299 1824 3469 1895 μέσην
3497 1823 3598 1893 τὴν

2019 1919 2137 1973 ὁδὸν
2154 1918 2474 1989 λῃστρικαῖς
2502 1920 2709 1988 ἐφόδοις
2737 1918 3058 1989 κεχρῆσθαι,
3085 1917 3181 1969 καὶ
3204 1918 3372 1987 φονᾷν
3391 1915 3596 1985 ἀγρίως

2020 2011 2161 2087 κατά
2193 2009 2512 2081 Σικιμιτῶν,
2545 2012 2591 2063 εἰ
2632 2011 2945 2064 ἀναϐαίνειν
2978 2009 3182 2063 ἕλοιντο
3210 2007 3363 2078 παρά
3400 2006 3462 2058 τὸ
3500 2006 3596 2059 αὺ-

2018 2102 2132 2161 τοῖς
2160 2098 2349 2153 δοκοῦν
2395 2101 2473 2163 εἰς
2508 2101 2879 2171 Ἰεροσόλυμα.
2912 2100 3023 2153 Καὶ
3068 2098 3309 2152 πλεῖστοι
3346 2097 3444 2168 μὲν
3478 2097 3595 2150 ὅσοι

2018 2190 2355 2245 διολώλασιν.
2407 2193 2470 2243 Ui
2529 2192 2585 2245 δὲ
2628 2192 2765 2256 ὅλως
2812 2193 3255 2263 άνασεσωσμένοι
3282 2231 3297 2255 ,
3352 2192 3445 2245 καὶ
3492 2192 3595 2262 τῆς

2018 2282 2242 2337 ἐκείνων
2273 2282 2454 2354 χειρὸς
2485 2284 2824 2355 ἀποδραμεῖν
2881 2283 3228 2354 ἰσχύσαντες,
3263 2283 3457 2354 ἔρημοι
3497 2299 3594 2351 γε-

2017 2376 2232 2445 γονότες
2288 2372 2361 2429 ὧν
2405 2376 2730 2446 ἐπεφέροντο
2776 2375 2912 2446 πρὸς
2958 2376 3169 2442 θυσίαν,
3214 2376 3596 2445 ἀνεκομίζοντο

2020 2469 2170 2540 μόλις
2202 2468 2281 2532 εἰς
2306 2468 2405 2537 τὴν
2432 2466 2664 2521 ἑαυτῶν.
2705 2467 2959 2536 Ἐγκαλεῖ
3002 2467 3179 2522 τοίνυν
3212 2469 3325 2530 τοῖς
3362 2467 3470 2520 ἀπὸ
3495 2469 3594 2537 τῆς

2016 2560 2228 2616 Γαλαὰδ
2255 2564 2283 2615 ὁ
2303 2560 2409 2615 τῶν
2432 2560 2566 2615 67.1w
2590 2561 2889 2631 Δεσπότης,
2913 2561 2993 2615 ὅτι
3024 2561 3197 2614 καίτοι
3221 2560 3421 2629 μᾶλλον
3441 2558 3591 2627 ὀφεί-

2016 2652 2196 2715 λοντες
2226 2653 2301 2715 ὼς
2338 2651 2585 2716 Λευῖται,
2631 2652 2725 2705 καί
2756 2652 3050 2722 ἱερουργοὶ,
3090 2650 3181 2704 καὶ
3219 2650 3277 2703 τὸ
3331 2650 3593 2719 καθηγεῖ-

2018 2744 2142 2798 σθαι
2187 2743 2294 2797 τῶν
2327 2743 2501 2798 ἀλλων
2534 2743 2811 2813 λαχόντες,
2858 2743 2999 2796 κατά
3048 2742 3138 2795 τὸν
3183 2740 3346 2812 νόμον
3385 2740 3593 2810 ἐναργῆ

2014 2839 2129 2899 τοῖς
2175 2835 2611 2907 πεπλανημένοις
2651 2835 2750 2907 τὴν
2789 2834 2891 2904 τῆς
2945 2834 3226 2898 εὐσεϐείας
3274 2835 3595 2903 ἀποφαίνειν

2014 2930 2153 2996 ὁδὸν,
2191 2930 2256 2982 ἑκ
2287 2928 2396 2981 τῶν
2420 2928 2677 2982 ἐναντίων
2704 2929 2800 2981 καὶ
2823 2926 3179 2998 κρύπτουσιν,
3212 2927 3347 2999 ὀρθά
3378 2929 3595 2999 φρονεῖν

2015 3018 2115 3073 οὐκ
2143 3018 2340 3081 ἐῶντες
2377 3017 2505 3081 τοὺς
2543 3017 2602 3083 ἐξ
2634 3017 2771 3080 ἰδίας
2801 3017 3017 3087 βουλῆς,
3050 3018 3219 3088 ήγουν
3253 3017 3346 3071 καὶ
3385 3019 3449 3070 ἐκ
3486 3016 3589 3087 τῆς

2016 3109 2221 3164 ἀνωθεν
2257 3109 2541 3181 εὐμενείας
2590 3108 3099 3179 κατανενυγμένους
3145 3111 3223 3173 εἰς
3269 3108 3330 3162 τὸ
3375 3109 3591 3163 ἑλέσθαι

332 3197 563 3266 agebant
590 3196 644 3249 in
682 3211 769 3252 me
802 3198 869 3251 θ’.
912 3216 930 3251 ι
970 3197 1153 3267 Neque
1182 3213 1313 3254 vero
1343 3199 1434 3255 hic
1477 3199 1685 3255 scelera
1716 3198 1911 3254 Galaa-

2014 3200 2197 3254 λοιπὸν
2236 3201 2336 3271 τὴν
2374 3200 2483 3253 τῶν
2535 3200 2827 3271 δαιμονίων
2860 3201 3329 3272 ἀποφορτίσασθαι
3361 3201 3589 3270 πλάνην.

329 3290 565 3344 ditarum
615 3290 957 3359 quieverunt.
1004 3290 1140 3345 Nam
1191 3299 1557 3362 prazterquam
1587 3293 1730 3362 quod
1763 3292 1906 3347 viam

333 3382 542 3437 lloniini
590 3383 1007 3448 absconderant,
1050 3384 1214 3438 etiam
1271 3383 1581 3438 Sichimitas
1615 3398 1711 3453 per
1744 3382 1909 3437 latro-

2020 3309 2041 3344 ι
2073 3291 2359 3363 Ἔκρυψαν
2394 3311 2412 3343 ι
2443 3292 2646 3357 τοίνυν,
2675 3290 2863 3361 φησὶν,
2900 3310 2919 3343 t
2958 3293 3127 3362 ἰερεῖς
3155 3291 3272 3344 ὁδὸν
3306 3290 3533 3361 Κυρίου.
3566 3309 3584 3342 ι

2016 3383 2186 3438 Τοῦτο
2230 3383 2391 3437 πάλιν
2435 3384 2583 3436 ἐστὶν
2628 3384 2828 3455 ἑτέρως
2880 3384 2940 3437 τὸ
2979 3383 3046 3437 δι’
3083 3383 3272 3453 ἐτέρου
3310 3385 3589 3455 προφήτου

329 3475 533 3527 cinium
574 3484 855 3544 raptantcs
886 3476 1301 3532 interflciebant.
1330 3475 1695 3543 Quamobrem
1745 3484 1801 3529 et
1835 3476 1908 3530 ita

2014 3475 2202 3545 σαφῶς
2242 3476 2562 3546 εἰρημένον·
2600 3492 2617 3526 t
2654 3476 2716 3529 Oi
2757 3477 2920 3545 ἱερεῖς
2961 3476 3061 3529 οὐκ
3107 3471 3286 3530 εἶπαν·
3317 3474 3428 3532 Ποῦ
3473 3477 3591 3529 ἑστι

326 3565 531 3619 Galaad
565 3566 962 3636 alloquebatur,
1005 3587 1023 3620 ι
1070 3566 1143 3623 Ει
1178 3568 1439 3625 fortitudo
1473 3578 1562 3623 tua
1595 3576 1652 3623 ut
1691 3568 1790 3624 viri
1826 3568 1911 3638 pl-

2014 3571 2250 3643 Κύριος;
2282 3571 2376 3623 καὶ
2405 3571 2454 3623 oi
2484 3570 2833 3641 ἀντεχόμενοι
2863 3569 2956 3622 τοῦ
2987 3569 3152 3640 νόμου
3175 3570 3274 3622 οὐκ
3294 3567 3593 3638 ἠπίσταντό

330 3668 483 3711 ralm.
529 3676 548 3709 ι
2012 3678 2102 3732 με,
2134 3661 2228 3714 καὶ
2253 3660 2303 3712 οἱ
2334 3658 2591 3730 ποιμένες
2623 3659 2852 3728 ἠσέϐουν
2893 3660 2971 3723 εἰς
3002 3658 3121 3730 ἐμέ.
3153 3677 3172 3711 ι
3222 3657 3364 3711 Ἀλλ’
3392 3657 3452 3710 οὐ
3488 3655 3589 3727 μέ-

329 3767 420 3820 χρι
445 3749 638 3803 τούτου
665 3749 773 3805 τῶν
798 3750 1146 3803 Γαλααδιτῶν
1166 3750 1235 3805 τά
1262 3753 1598 3823 γεννήματα.
1622 3752 1767 3824 Πρὸς
1791 3751 1899 3826 γάρ
1937 3751 2017 3823 τῷ
2062 3752 2267 3823 κρύψαι
2304 3749 2403 3821 τὴν
2466 3750 2582 3803 όδδν
2613 3751 2819 3821 Κυρίου
2854 3751 2949 3803 καὶ
3000 3750 3329 3803 ἀπεκτόνασι
3362 3747 3587 3818 Σίκιμα,

332 3846 521 3918 χερσὶν
549 3848 917 3919 ὑποφέροντες
959 3848 1299 3919 λῃστρικαῖς.
1331 3848 1430 3903 Διά
1477 3850 1587 3921 γὰρ
1626 3849 1785 3904 τοῦτο
1823 3848 1917 3903 καὶ
1956 3849 2164 3920 ἔφασκε
2238 3849 2374 3921 πρὸς
2407 3847 2641 3914 Γαλαὰδ,
2678 3867 2696 3901 ι
2732 3848 2842 3903 Καὶ
2877 3850 2910 3919 ἡ
2973 3847 3125 3919 ἰσχύς
3162 3864 3257 3901 σου
3293 3847 3368 3910 ὼς
3397 3845 3588 3916 ἀνδρὸς

322 3958 608 4013 πειρατου.
651 3959 669 3993 ι

392 4033 649 4101 Perspice
693 4042 873 4088 autem
905 4034 1173 4100 quomodo
1218 4032 1651 4090 recordationem
1696 4034 1894 4089 veteris

321 4123 565 4179 historia:
601 4123 742 4181 Deus
790 4123 946 4180 nobis
986 4134 1231 4192 renovat,
1268 4134 1623 4192 veterumque
1674 4124 1901 4179 delicto-

320 4232 442 4270 rum
488 4214 616 4269 Levi
647 4216 910 4271 meminit.
955 4214 1105 4282 Quod
1155 4216 1298 4282 dieo,
1334 4225 1417 4272 est
1464 4216 1729 4286 ejusmodi
1782 4231 1901 4269 rur-

320 4320 460 4359 sum.
500 4305 633 4359 Dina
677 4303 870 4371 Jacob,
922 4305 1035 4361 sive
1084 4304 1299 4360 Israelis
1349 4306 1455 4360 [ilia
1501 4306 1788 4375 (mutatum
1820 4315 1901 4360 est

317 4398 463 4451 enim
494 4398 566 4452 illi
602 4413 796 4453 nomen
825 4395 990 4451 Jacob
1016 4398 1068 4451 in
1104 4398 1263 4468 ιοιε,
1295 4396 1458 4452 lsrael
1484 4397 1541 4468 ί)
1572 4413 1787 4467 egressa
1818 4406 1901 4452 cst

317 4492 607 4561 aliquando
635 4506 666 4546 e
695 4490 929 4545 tentorio
964 4490 1153 4559 patris,
1175 4490 1318 4559 quod
1346 4490 1483 4544 filias
1514 4491 1891 4559 indigenarum
1928 4516 1970 4570 υ

319 4584 501 4637 videre
531 4590 772 4651 cuperet.
804 4581 935 4635 Erat
975 4595 1139 4649 porro
1182 4582 1234 4635 in
1269 4582 1544 4636 Sichimis.
1575 4582 1713 4636 Tum
1760 4597 1893 4637 con-

316 4686 504 4744 specta
557 4674 755 4746 puella,
786 4673 1009 4728 Emmor
1056 4671 1199 4728 ﬁlius
1250 4672 1468 4729 Sichem
1502 4675 1567 4729 de
1602 4674 1894 4744 improviso

316 4781 682 4835 compressam
709 4762 1025 4835 virginitate
1059 4764 1226 4817 exuit.
1255 4764 1309 4818 ld
1336 4764 1679 4834 iniquissime
1709 4765 1890 4820 feren-

316 4868 400 4913 tes
445 4858 863 4913 adolescentulae
912 4856 1110 4911 fratres
1160 4854 1291 4912 Levi
1329 4864 1382 4911 et
1415 4854 1660 4920 Simeon,
1715 4857 1891 4911 dolum

317 4957 558 5002 struunt.
596 4948 915 5004 Sichimitas
940 4948 1224 5014 inducunt,
1257 4948 1331 5001 uti
1366 4962 1425 5002 se
1456 4948 1768 5002 circumcidi
1800 4963 1894 5017 pa-

288 5022 543 5094 ttiantur.
586 5040 703 5104 Quo
748 5041 912 5105 facto,
944 5041 1121 5096 adhuc
1168 5056 1198 5095 e
1247 5041 1472 5096 vulnere
1519 5041 1682 5095 etiam
1730 5050 1892 5109 atque

314 5131 477 5187 etiam
507 5131 960 5197 vehementerque
985 5130 1248 5194 dolentes,
1276 5133 1341 5184 ad
1384 5146 1546 5185 unum
1586 5145 1778 5186 omnes
1797 5129 1888 5199 ju-

315 5221 537 5294 gulant,
590 5218 717 5272 illud
787 5217 970 5287 patri,
1030 5218 1380 5286 impotentem
1426 5234 1612 5273 eorum
1676 5220 1889 5274 iracun-

315 5314 457 5367 diam
523 5308 806 5379 castiganti
883 5307 1295 5376 respondentes,
1371 5329 1388 5360 ‹
1446 5309 1582 5364 Num
1625 5321 1883 5380 tanquam

314 5413 496 5459 scorto
530 5410 749 5457 utentur
800 5414 990 5454 sorore
1036 5400 1261 5453 nostra?
1295 5418 1312 5449 ι
1351 5398 1671 5469 llujusmodi
1714 5404 1887 5458 histo-

315 5498 449 5551 riam
472 5510 611 5552 nunc
645 5494 695 5547 in
729 5491 1049 5547 memoriam
1080 5490 1235 5545 nobis
1262 5492 1478 5562 redigit,
1508 5509 1630 5548 cum
1655 5496 1885 5563 quadam

315 5591 642 5653 urbanitate,
690 5603 753 5641 ac
793 5582 1230 5639 dissimulatione
1278 5585 1481 5651 dicens,
1531 5605 1547 5636 ι
1598 5584 1888 5642 later-fece-

375 5747 419 5778 ’³
456 5766 565 5823 Jer.
599 5784 660 5837 ll,
690 5766 742 5821 8.
824 5768 1003 5839 ’\Geu.
1034 5764 1312 5832 xxxu,28.

2072 4027 2215 4098 Ὅρα
2258 4026 2315 4079 δέ
2359 4026 2508 4089 ὅπως
2544 4028 2624 4090 είς
2668 4026 2973 4096 ἀνάμνησιν
3023 4026 3123 4095 τῆς
3158 4025 3390 4096 ἀρχαίας
3437 4027 3585 4097 ἡμᾶς

2001 4118 2242 4189 ἱστορίας
2284 4118 2551 4188 ἀποφέρει
2598 4117 2751 4184 Θεὸς,
2798 4118 2893 4171 καὶ
2928 4116 3175 4170 παλαιῶν
3223 4116 3585 4187 ἐγκλημάτων

1999 4208 2368 4280 διαμέμνηται
2395 4209 2488 4262 τοῦ
2528 4210 2681 4263 Λευῖ.
2720 4210 2877 4263 Ἐστι
2910 4210 2967 4261 δὲ
2999 4211 3027 4262 ὅ
3076 4226 3218 4279 φημι
3251 4210 3492 4263 τοιοῦτόν
3531 4228 3586 4264 τι

1999 4298 2184 4351 πάλιν.
2218 4298 2346 4352 Δίνα
2379 4298 2478 4368 μὲν
2509 4297 2618 4369 γάρ
2648 4299 2680 4368 η
2705 4296 2797 4350 τοῦ
2840 4296 3058 4361 Ἰακὼϐ,
3089 4299 3208 4369 ἤτοι
3236 4297 3331 4351 τοῦ
3369 4300 3586 4369 Ἰσραὴλ

2002 4389 2254 4460 θυγάτηρ
2284 4388 2729 4459 (μετωνόμασται
2758 4388 2865 4460 γάρ
2902 4389 3095 4442 Ἰακὼϐ
3129 4391 3209 4453 εἰς
3243 4390 3302 4443 τὸ
3346 4389 3585 4461 Ἰσραὴλ)

2000 4483 2189 4556 ἐξῆλθέ
2218 4500 2344 4535 ποτε
2367 4484 2467 4552 τῆς
2501 4482 2595 4535 τοῦ
2622 4484 2829 4554 πατρὸς
2867 4483 3097 4553 σκηνῆς·
3129 4484 3447 4556 ἐπεθύμησε
3475 4489 3586 4559 γὰρ

2003 4578 2130 4630 ἰδεῖν
2167 4576 2265 4640 τάς
2302 4576 2412 4629 τῶν
2451 4576 2731 4645 ἐγχωρίων
2786 4573 3111 4645 θυγατέρας.
3157 4571 3266 4628 Ἦν
3299 4576 3355 4629 δὲ
3391 4579 3449 4629 ἐν
3490 4580 3585 4631 Σι-

2000 4668 2199 4738 κίμοις.
2243 4663 2373 4719 Εἶτα
2414 4666 2511 4737 τὴν
2552 4666 2818 4736 παρθένον
2859 4665 3035 4736 εὑρὼν
3072 4666 3303 4738 Ἑμμὼρ
3338 4672 3367 4721 ὁ
3400 4669 3587 4739 Συχὲμ

2000 4761 2146 4825 υἱὸς,
2192 4760 2468 4830 ἀδοκήτως
2534 4758 2914 4823 κατεϐιάζετοο
2972 4759 3395 4831 διεπαρθένευσε
3448 4762 3580 4833 γάρ.

1999 4851 2468 4921 Δεδυσφορηκότες
2497 4850 2675 4904 τοίνυν
2713 4850 2849 4921 πρὸς
2891 4849 3049 4904 τοῦτο
3080 4851 3201 4904 λίαν
3236 4852 3285 4904 οἰ
3317 4853 3417 4921 τῆς
3453 4854 3585 4907 νεά-

2003 4944 2141 5007 νιδος
2186 4943 2433 5012 ἀδελφοὶ,
2477 4943 2605 4996 Λευῒ
2651 4960 2710 4995 τε
2739 4943 2833 4997 καὶ
2863 4944 3097 5014 Σιμεὼν,
3127 4944 3274 4997 δόλον
3302 4945 3580 5017 ἀρτύουσι.

2002 5035 2431 5107 Περιτέμνεσθαι
2463 5036 2571 5105 γὰρ
2609 5036 2893 5090 ἀνέπειθον
2921 5038 3049 5099 τοὺς
3077 5036 3183 5090 ἀπὸ
3216 5038 3478 5107 Σικίμων.
3507 5036 3584 5091 OB

1998 5126 2061 5196 δὴ
2105 5127 2407 5195 γεγονότος,
2436 5127 2733 5195 ἀλγοῦντας
2778 5127 2858 5179 ἑτι
2912 5128 3005 5180 καὶ
3041 5129 3161 5190 ταῖς
3192 5127 3406 5190 ὀδύναις
3441 5146 3580 5181 νενι-

1998 5222 2271 5291 κημένους
2316 5222 2483 5291 ἄρδην
2513 5221 2899 5285 ἀπεκτόνασιν,
2932 5221 3109 5272 ἐκεῖνο
3138 5220 3391 5287 λέγοντες
3417 5222 3557 5287 ἑγκα

1996 5312 2173 5365 λοῦντι
2211 5313 2287 5383 τῷ
2327 5314 2494 5382 πατρί
2518 5313 2579 5364 τὸ
2606 5312 2857 5381 ἀχάλινον
2893 5312 2972 5372 εἰς
2998 5310 3167 5379 ὀργάς
3186 5327 3200 5341 ⁶
3231 5329 3248 5361 t
3285 5309 3584 5363 autem

1995 5403 2167 5473 πόρνῃ
2212 5404 2505 5473 χρήσονται
2544 5405 2611 5472 τῇ
2653 5400 2853 5469 ἀδελφῇ
2902 5397 3092 5467 ἡμῶνς
3121 5417 3138 5449 ι
3180 5398 3294 5468 Τῆς
3326 5396 3583 5466 τοιαύτης

1996 5496 2236 5566 ἰστορίας
2273 5496 2419 5565 ἡμᾶς
2469 5496 2547 5556 εἰς
2593 5494 2897 5561 ἀνάμνησιν
2952 5488 3220 5560 ἀποφέρει
3270 5488 3388 5551 νῦν,
3446 5489 3584 5558 μετά

1996 5604 2136 5650 τινος
2164 5587 2325 5657 ἡθους
2351 5587 2541 5655 λέγων,
2578 5604 2596 5637 t
2638 5584 2961 5654 Ἐφόνευσαν
2992 5583 3216 5651 Σίκιμα,
3245 5584 3327 5637 ὅτι
3351 5581 3584 5651 ἀνομίαν
