3954 6208
331 329 435 388 177

1165 383 1170 388 .
1246 336 1797 400 COMMENTARIUS
1833 341 1903 400 IN
1940 343 2175 407 OSEAM
2215 349 2664 410 PROPHETAM.

3494 363 3597 421 I78

324 442 588 515 ἐποίησαν
621 444 679 498 ἐν
709 445 785 517 τῷ
811 447 943 518 οἴκῳ
980 447 1211 522 Ἰσραήλ.
1239 472 1256 503 ι
1297 455 1486 524 Τοῦτο,
1525 461 1710 530 φησὶν,
1748 463 1912 531 ἐγκα-

2018 480 2142 522 runt
2178 470 2441 539 Sicltima,
2483 475 2610 544 quia
2663 475 3004 544 iniquitatem
3051 477 3296 532 fecerunt
3337 477 3392 532 in
3439 478 3598 533 domn

324 535 550 600 λοῦντες
587 539 738 605 τότε,
789 541 872 594 ὄτι
922 542 1452 617 πεπλημμελήκασιν
1497 553 1577 614 εἰς
1629 553 1718 606 τὸν
1767 551 1916 609 οἷκον

332 625 559 694 Ἰακὼϐ,
601 629 724 700 ἦτοι
769 631 864 685 τοῦ
915 633 1162 706 Ἰσραὴλ,
1207 637 1772 711 διαπαρθενεύσαντες
1819 647 1917 719 τὴν

322 716 559 783 νεάνιδα,
605 718 859 794 ταύτῃτοι
907 723 1000 776 καὶ
1041 727 1201 796 ἡμεῖς
1250 729 1634 803 ἀπεκτόναμεν
1685 736 1910 808 Σίκιμα.

333 810 492 866 Ἀλλᾶ
522 808 622 865 νῦν
651 811 1059 879 ἐδουλεύσαντο,
1088 818 1272 888 φησὶν,
1302 821 1632 895 ἐπιστρέψαι
1660 829 1799 899 πρὸς
1823 831 1915 884 τὸν

319 903 471 966 Οεὸν,
499 903 788 974 ἀγαπῆσαι
817 904 887 958 τὰ
925 907 984 959 ἐν
1015 908 1184 980 νόμῳ,
1218 911 1506 985 πληρῶσαι
1553 916 1766 986 Θυσίας,
1794 921 1914 975 ἐπι-

320 992 493 1046 τελεῖν
521 994 734 1066 ἐορτὰς,
763 996 1128 1070 ἀποφοιτῆσαι
1163 1001 1348 1058 λοιπὸν
1370 1005 1480 1061 τῶν
1509 1008 1606 1077 τῆς
1628 1011 1912 1066 εἰδωλολα-

318 1083 500 1174 τρείας
525 1084 826 1157 λογισμῶν.
853 1087 920 1140 Τί
946 1084 1040 1142 οὖν
1072 1091 1120 1144 οἱ
1147 1093 1370 1151 Λευῖται
1392 1113 1406 1162 ;
1443 1116 1460 1148 ι
1487 1098 1772 1171 Ἐκρυψαν
1815 1103 1913 1174 τὴν

323 1173 442 1228 ὁδὸν
489 1176 724 1247 Κυρίου,
765 1179 1062 1249 ἐφόνευσαν
1103 1185 1326 1258 Σίκιμα.
1355 1207 1373 1240 ι
1406 1191 1476 1243 Ἦ
1507 1191 1647 1262 τάχα
1678 1194 1773 1247 καὶ⁵
1817 1173 1912 1248 νῦν

321 1267 574 1334 ἐγκαλεῖν
604 1269 840 1340 ἔχουσιν,
879 1274 961 1327 ὅτι
1010 1275 1241 1346 ἀνομίαν
1271 1280 1533 1350 ἐποίησαν
1579 1286 1636 1337 ἐν
1667 1283 1744 1354 τῷ
1776 1285 1910 1356 οἴκῳ

333 1360 580 1432 Ἰσραήλς
631 1363 771 1416 Ποία
805 1364 900 1418 καὶ
945 1365 1042 1420 νῦν
1090 1368 1321 1439 ὑϐρίσθη
1367 1375 1580 1438 νεᾶνις;
1624 1376 1703 1440 εἰς
1750 1377 1910 1430 ποίαν

320 1450 479 1504 Δίναν
535 1449 879 1523 ἐξήμαρτον;
925 1457 1055 1510 ποῖα
1101 1459 1399 1530 Σικιμιτῶν
1450 1464 1516 1516 τά
1554 1466 1905 1537 ἐγκλήματα;

321 1541 428 1595 τῶν
473 1544 851 1613 τετιμηκότων
896 1546 1050 1614 Θεὸν,
1093 1549 1203 1602 τῶν
1247 1552 1616 1623 ήγαπηκότων
1664 1558 1733 1611 τὰ
1773 1559 1908 1631 ὀρθά

320 1633 505 1686 λοιπὸν
535 1633 751 1690 ἑλέσθαι
785 1640 1023 1707 φρονεῖν,
1055 1641 1146 1693 καὶ
1175 1643 1565 1715 ἀποπεραίνειν
1590 1649 1907 1718 ἐπείγεσθαι

320 1723 387 1774 τὰ
426 1724 483 1775 ἐν
519 1724 694 1796 νόμῳ.
733 1745 752 1777 ι
780 1727 1058 1800 Τεθέαμαι
1091 1749 1109 1782 ι
1139 1733 1342 1797 τοίνυν,
1371 1736 1536 1806 φησὶ,
1585 1756 1603 1788 ι
1635 1743 1906 1810 φρικωδε-

2020 560 2181 618 Israel
2215 565 2256 620 '.
2294 584 2310 615 ι
2347 565 2482 633 IIoc,
2536 567 2732 635 inquit,
2763 569 3088 638 ohjicientes
3120 577 3286 635 tunc;
3319 569 3442 638 quia
3472 585 3598 635 pec-

2017 664 2276 708 caverunt
2306 655 2358 708 in
2389 657 2605 711 domum
2631 657 2821 724 Jacob,
2868 659 2983 714 sive
3023 658 3210 724 Israel,
3245 660 3422 729 puella
3464 674 3597 715 con-

2016 753 2288 813 Stuprata,
2338 746 2546 804 idcirco
2590 760 2644 804 et
2693 766 2791 806 nos
2841 752 3082 807 Sicliima
3126 752 3446 807 occidimus.
3490 750 3598 806 Sed

2017 854 2158 892 nunc
2184 849 2513 905 statuerunt,
2543 843 2737 913 inquit,
2771 846 3011 900 converti
3042 845 3108 899 ad
3149 845 3340 908 Deum,
3374 843 3598 914 diligere

2016 931 2208 1002 legem,
2235 933 2548 996 persolvere
2569 935 2857 1004 sacriﬁcia,
2886 951 3146 1007 peragere
3170 937 3288 992 dies
3316 935 3508 998 festos,
3539 934 3594 988 in

2017 1023 2252 1078 futurum
2285 1041 2313 1078 a
2341 1025 2766 1095 cogitationibus
2795 1028 3160 1096 superstitiosi
3200 1028 3425 1084 deorum
3469 1027 3589 1081 cul-

2017 1123 2102 1168 tus
2143 1112 2440 1170 discedere.
2493 1116 2632 1182 Quid
2680 1117 2745 1172 ad
2792 1117 2906 1172 lucc
2941 1118 3177 1173 Levites?
3211 1136 3230 1169 ε
3277 1117 3595 1173 Absconda-

2015 1215 2138 1259 runt
2189 1206 2332 1260 viam
2387 1205 2640 1272 Domini,
2685 1207 3079 1264 interfecerunt
3131 1209 3399 1264 Sicbima.
3439 1227 3457 1259 ι
3509 1209 3595 1261 An

2012 1294 2245 1352 fortasse
2288 1299 2450 1352 etiam
2501 1313 2644 1354 nunc
2690 1312 2784 1354 eos
2836 1313 3097 1355 accusare
3146 1310 3396 1378 possunt,
3449 1301 3594 1369 quod

2013 1385 2355 1458 iniquitatem
2410 1386 2642 1444 fecerint
2700 1390 2754 1444 in
2819 1391 2980 1447 domo
3024 1390 3230 1446 Israel?
3270 1391 3400 1457 Quae
3446 1391 3594 1446 enim

2012 1477 2189 1546 puella
2222 1486 2278 1533 et
2327 1494 2468 1534 nunc
2502 1478 2772 1549 injuriose
2805 1490 3034 1536 tractata
3076 1481 3198 1536 est?
3229 1481 3281 1535 in
3313 1496 3474 1549 quam
3508 1480 3598 1534 Di-

2011 1585 2132 1622 nam
2157 1581 2518 1637 peccaverunt
2539 1573 2830 1642 ?qua3nam
2852 1571 3266 1629 Sicliimitarum
3301 1572 3543 1627 facinora
3567 1573 3592 1624 ἲ

2010 1660 2108 1726 Qui
2128 1659 2292 1715 Deum
2317 1663 2675 1733 honorarunt,
2693 1666 2784 1734 qui
2804 1666 2870 1720 de
2888 1666 3098 1736 reliquo
3129 1674 3339 1720 mutare
3357 1674 3593 1719 mentem

2011 1767 2204 1822 magna
2238 1753 2515 1810 voluntate
2543 1757 2924 1822 decreverunt,
2960 1768 3013 1812 et
3068 1756 3307 1812 studiose
3338 1766 3596 1825 praestare

324 1814 523 1886 στάτην
571 1815 672 1886 τὴν
727 1817 848 1870 ἐκεῖ
906 1821 1165 1892 πορνείαν
1221 1823 1313 1878 τοῦ
1366 1825 1624 1900 Ἐφραῖμ.
1657 1848 1676 1882 ›
1722 1833 1908 1888 Κατα-

2018 1814 2134 1912 [ιυαζ
2185 1842 2395 1915 legibus
2458 1846 2657 1902 divinis
2709 1814 3126 1918 praecipiuntur.
3177 1814 3356 1916 Inquii
3409 1847 3592 1916 igitur,

321 1904 552 1976 πλατείη
592 1906 702 1977 γὰρ
731 1908 796 1962 ἄν
824 1925 929 1976 τις,
973 1912 1067 1965 καὶ
1098 1914 1302 1986 σφόδρα
1347 1917 1598 1984 εἰκότως,
1641 1923 1911 1978 τοσούτων

318 1995 462 2066 ὀρῶν
490 1998 853 2064 ἀπονενευκὺς
883 2003 983 2072 τῆς
1014 2005 1095 2067 εἰς
1125 2005 1258 2060 Θεὸν
1283 2008 1505 2080 ἀγάπης
1531 2012 1592 2064 τὸ
1618 2013 1764 2084 ἱερὸν
1817 2019 1913 2072 καὶ

317 2089 619 2145 ἀπόλεκτον
657 2093 834 2160 γένος,
862 2094 938 2160 ὼς
980 2095 1056 2167 μὴ
1091 2096 1250 2165 μόνον
1294 2101 1490 2166 αὐτοὺς
1535 2104 1644 2160 τῶν
1674 2106 1911 2163 εἰδώλων

317 2184 551 2254 εὑρετὰς
591 2186 846 2254 γενέσθαι
889 2192 1002 2255 τοῖς
1042 2191 1257 2259 ἄλλοις,
1291 2193 1426 2249 ἀλλά
1464 2198 1558 2251 καὶ
1591 2199 1912 2259 διακωλύειν

319 2274 555 2341 αὐτοὺς,
591 2278 641 2329 εἰ
680 2278 900 2350 ἀγαπᾷν
932 2281 1136 2336 ἐλοιντο
1172 2285 1239 2338 τὰ
1280 2287 1374 2340 τοῦ
1415 2289 1573 2348 Θεοῦ.
1612 2309 1630 2344 t
1658 2293 1914 2366 Καταμε-

320 2365 543 2434 μίανται
585 2368 783 2434 τοίνυν,
814 2388 834 2422 ι
886 2373 1070 2443 φησὶν,
1125 2395 1144 2427 ι
1190 2376 1406 2450 Ἰσραὴλ
1468 2383 1564 2436 καὶ¹
1624 2365 1842 2451 Ἰούδας.
1889 2407 1906 2441 ι

318 2459 481 2512 Ὥστε
519 2463 616 2516 καὶ
649 2465 702 2516 ετ
729 2481 782 2516 τι
816 2465 1037 2520 πάθοιεν
1075 2467 1183 2523 τῶν
1221 2474 1706 2546 προσδοκωμένων,
1748 2480 1913 2550 ἐγκα-

319 2551 479 2605 λεετω
518 2554 708 2625 μηδεὶς
741 2556 1139 2625 ἀγανακτοῦντι
1169 2561 1308 2633 Θεῷ.

390 2732 607 2802 Ἀρχου
646 2735 874 2806 τρυγᾶν
918 2740 1154 2806 σεαυτῷ
1183 2742 1253 2797 ἐν
1285 2743 1366 2810 τῷ
1411 2746 1794 2820 ἐπιστρέφειν
1833 2771 1912 2823 με

319 2821 432 2888 τὶτν
455 2825 877 2894 αἰχμαλωσίαν
912 2830 1020 2886 τοῦ
1047 2834 1202 2889 ,λαοῦ
1221 2853 1363 2906 μου,
1405 2838 1476 2891 ἐν
1517 2840 1596 2907 τῷ
1625 2821 1914 2900 ἰάσασθαί

316 2929 388 2980 με
415 2912 526 2967 τὸν
561 2915 824 2986 Ἰσραήλ.

387 3004 507 3058 ΞΘθ.
545 3006 706 3062 Ἔστι
745 3010 910 3065 πάλιν
929 3013 958 3066 ό
986 3013 1146 3085 λόγος
1181 3019 1320 3091 πρὸς
1342 3021 1434 3076 τὸν
1465 3025 1565 3094 τῆς
1594 3025 1807 3081 Γαλαὰδ
1836 3031 1912 3083 οἰ-

319 3098 546 3167 κήτορα.
583 3098 833 3154 Διδάσκει
869 3103 946 3170 δὲ,
972 3106 1054 3161 ὃτι
1096 3107 1239 3178 Ἐγὼ
1271 3110 1370 3182 μὲν
1400 3112 1656 3186 ἠρξάμην
1675 3118 1750 3181 ὡς
1781 3120 1912 3183 Θεὸς

321 3187 500 3283 ἰᾶσθαι
537 3206 599 3243 τε
647 3194 742 3246 καὶ
790 3195 1144 3269 ἐπιστρέφειν
1201 3203 1294 3256 τὸν
1342 3205 1584 3277 Ἰσραήλ·
1633 3210 1744 3264 καὶ
1781 3212 1910 3279 γοῦν
1939 3229 1980 3283 ί)

317 3279 628 3371 ἐπεθύμουν
668 3284 948 3357 Σικιμῖται
977 3290 1156 3345 λοιποὶ
1197 3293 1495 3366 ὑποφέρειν
1540 3298 1658 3371 Θεῷ
1687 3302 1778 3355 τὸν
1816 3305 1915 3357 αὑ-

317 3370 470 3439 χένα,
497 3372 596 3425 καὶ
618 3374 794 3430 τελεῖν
822 3378 1038 3447 ἑορτὰς,
1070 3381 1170 3446 τὰς
1205 3383 1306 3453 μὲν
1338 3386 1435 3438 τοῦ
1473 3370 1758 3460 Ἱεροδοάμ
1787 3392 1916 3445 οὐκ·

317 3462 420 3528 έτι,
444 3461 545 3527 τὰς
573 3465 718 3518 κατά
741 3467 905 3537 νόμον
931 3468 986 3522 δὲ
1021 3472 1243 3542 μᾶλλον,
1271 3476 1365 3528 καὶ
1391 3475 1493 3547 τῆς
1518 3479 1619 3533 οὐκ
1646 3474 1745 3534 οἷδ’
1765 3482 1914 3546 ὅπως

315 3549 699 3625 ἐξηυρημένης
739 3556 956 3629 ἀπάτης
995 3560 1356 3634 ἀποδραμείν.
1407 3567 1482 3621 Σὺ
1515 3568 1572 3621 δέ
1606 3570 1833 3638 αὐτοὺς,
1867 3565 1918 3628 ὦ

317 3642 643 3711 Γαλααδίτα,
689 3652 972 3722 μονονουχὶ
1001 3653 1094 3706 καὶ
1121 3655 1454 3730 ἀπέκειρας,
1499 3662 1618 3732 ἦτοι
1647 3665 1912 3737 τετρυγη-

319 3751 439 3800 κας,
471 3737 569 3790 καὶ
611 3737 843 3794 πλοῦτον
871 3743 1057 3799 ἄδικον
1086 3746 1330 3819 ἐποιήσω
1370 3751 1438 3805 τὰ
1475 3753 1584 3806 ἀπὸ
1635 3755 1908 3827 λῃστείας.

331 3827 631 3921 Ἐπιφωνεὶ
672 3831 728 3886 δὲ
776 3835 940 3890 πάλιν
995 3838 1052 3892 ἐν
1095 3839 1214 3910 ἤθει
1263 3842 1346 3908 τὸ,
1393 3861 1412 3894 σ
1446 3845 1648 3917 Ἀρχου
1705 3852 1912 3921 τρυγᾷν

322 3919 558 3993 σεαυτῷ,
585 3940 604 3974 ι
659 3928 942 3997 μονονουχὶ
995 3929 1235 3985 τοιοῦτόν
1280 3950 1333 3987 τι
1379 3932 1573 4004 λέγων,
1624 3919 1911 4009 μᾶλλονδὲ

317 4011 420 4064 κᾶν
463 4016 512 4068 εἰ
557 4015 634 4088 μὴ
667 4016 835 4087 λέγοι,
865 4020 1078 4086 λεπτῶς
1121 4025 1500 4098 ὑπεμφαίνων,
1528 4032 1611 4084 ὅτι
1647 4033 1818 4102 Κάγὼ
1851 4035 1911 4089 σὲ

318 4107 618 4178 ποιήσομαι
652 4111 762 4166 τῶν
795 4113 1180 4186 κολαζομένων
1217 4119 1314 4191 τὴν
1347 4123 1544 4193 ἀρχήν.
1583 4125 1911 4196 Ἀρχόμενος

315 4196 425 4286 γᾴρ
454 4198 772 4272 ἀποκείρειν
795 4202 886 4256 τὸν
925 4205 1162 4278 Ἰσραὴλ,
1195 4211 1290 4262 καὶ
1318 4213 1632 4284 ἀποτρυγᾷν
1658 4217 1782 4280 τοὺς
1810 4219 1910 4286 τῆς

313 4285 463 4340 οὕτω
497 4287 679 4360 δεινῆς
707 4293 1052 4365 ἀνοσιότητος
1077 4299 1458 4370 ἐπιτηδευτάς,
1486 4305 1813 4376 πρωτόλειόν
1848 4285 1907 4359 σε

317 4381 616 4450 ποιήσομαι
660 4383 760 4454 τῆς
804 4387 992 4457 ὀργῆς.
1037 4391 1250 4444 Εξδέναι
1299 4392 1408 4464 γὰρ
1451 4397 1774 4465 ἀναγκαῖον,
1823 4400 1906 4452 ὅτι

313 4469 526 4533 ⁴ιοιῦλας
549 4469 804 4540 βασιλεὺς
836 4476 1160 4546 Ἀσσυρίων,
1187 4483 1216 4533 ὁ
1240 4483 1458 4554 πρῶτος
1485 4486 1656 4541 ἐλθὼν
1680 4489 1822 4543 κατά
1845 4507 1904 4542 τε

2019 1953 2038 1987 ι
2092 1933 2220 1990 Vidi
2289 1937 2364 1993 ibi
2441 1939 2710 2009 imprimis
2778 1940 3094 1995 horribilem
3179 1939 3592 1994 fornicationem

2015 2027 2295 2099 Ephraim.
2336 2049 2354 2082 ι
2385 2029 2752 2102 Obstupescat
2784 2041 2968 2086 autem
3005 2031 3271 2101 quispiam
3305 2038 3357 2085 et
3393 2031 3594 2099 :cquis-

2013 2120 2175 2185 sime,
2208 2135 2440 2178 cernens
2476 2132 2725 2178 sanctum
2752 2133 2806 2180 et
2837 2123 3069 2180 electum
3097 2139 3268 2194 genus
3301 2123 3438 2176 adeo
3462 2125 3595 2176 cha-

2017 2211 2178 2266 ritate
2225 2229 2351 2284 erga
2401 2213 2569 2268 Deum
2613 2212 2836 2279 abiisse,
2884 2223 2945 2268 ut
2976 2229 3080 2268 non
3113 2213 3284 2267 solum
3333 2212 3432 2281 ipsi
3473 2210 3595 2264 aliis

2013 2302 2154 2358 idola
2209 2305 2541 2369 invenerint,
2594 2305 2690 2360 sed
2730 2315 2784 2359 et
2811 2305 2948 2360 alios
2995 2319 3024 2358 a
3067 2303 3356 2372 diligendis
3394 2301 3593 2356 divinis

2015 2393 2381 2450 cohibuerint.
2437 2412 2457 2448 c
2507 2394 2926 2451 Contaminatus
2968 2404 3052 2450 est
3103 2395 3292 2465 igitur,
3336 2412 3353 2446 ι
3395 2393 3590 2462 inquit,

2019 2503 2037 2536 ι
2073 2483 2289 2552 Israel,
2341 2496 2396 2542 et
2448 2485 2638 2543 Judas.
2675 2506 2694 2540 ι
2736 2488 2916 2555 Quare
2966 2489 3011 2544 si
3065 2489 3192 2557 quid
3238 2487 3403 2541 etiam
3448 2485 3594 2555 passi

2016 2577 2216 2632 fuerint
2241 2595 2455 2647 eorum,
2484 2596 2605 2651 qua:
2643 2581 2976 2651 impendent,
3011 2581 3179 2635 Deum
3221 2580 3593 2651 indignantem

2015 2673 2174 2726 nemo
2202 2673 2542 2727 criminetur.

2087 2760 2250 2816 Vens.
2286 2763 2372 2816 II.
2407 2761 2587 2832 Incipe
2617 2764 2937 2819 vindemiare
2970 2765 3065 2819 tibi
3089 2781 3208 2818 cum
3239 2775 3481 2818 converto
3501 2778 3594 2834 ego

2013 2855 2366 2922 captivitatem
2393 2856 2576 2925 populi
2601 2857 2724 2921 mei,
2764 2873 2884 2912 cum
2909 2874 3039 2912 sano
3067 2874 3159 2927 ego
3188 2857 3377 2913 Israel.

2085 3031 2272 3087 LXIX.
2305 3032 2498 3089 Sermo
2529 3051 2716 3092 rursus
2758 3036 2826 3091 ad
2855 3027 3233 3090 habitatorem
3275 3035 3477 3091 Galaad
3513 3037 3592 3091 di-

2015 3126 2209 3195 rigitur
2257 3127 2357 3182 hac
2394 3129 2684 3183 sententia.
2727 3129 2840 3199 Ego
2893 3131 3110 3200 quidem
3156 3131 3296 3198 ςαξρί
3339 3140 3593 3199 tanquam

2018 3214 2158 3270 Deus
2201 3230 2422 3282 sanare,
2447 3227 2501 3273 et
2535 3227 2860 3275 convertere
2889 3220 3077 3275 Israel.
3109 3219 3346 3275 Proinde
3372 3221 3596 3290 cupiunt

2020 3306 2319 3362 Sicltimitaa
2344 3308 2411 3363 de
2445 3318 2648 3366 caetero
2683 3310 2957 3380 subjicere
2985 3313 3094 3367 Deo
3127 3313 3391 3376 cervices,
3423 3323 3477 3366 et
3504 3327 3596 3374 ce:

2016 3395 2228 3452 lelirare
2256 3396 2374 3452 dies
2428 3397 2613 3466 festos,
2648 3415 2755 3455 non
2809 3401 3040 3470 amplius
3075 3403 3291 3470 quidem
3341 3403 3409 3456 ab
3442 3401 3597 3458 Jero—

2016 3487 2174 3541 boam
2199 3486 2482 3542 institutos
2518 3487 2677 3544 illos:
2709 3489 2804 3544 sed
2837 3505 2866 3542 a
2921 3489 3036 3560 lege
3079 3500 3134 3546 et
3181 3507 3210 3545 a
3251 3492 3434 3546 nescio
3460 3507 3593 3562 quo-

2016 3578 2175 3632 modo
2204 3577 2415 3632 invecta
2444 3577 2660 3634 fallacia
2683 3577 2953 3649 refugere.
2987 3580 3067 3634 Tu
3098 3581 3254 3651 105
3283 3592 3463 3637 autem
3491 3581 3596 3637 Ga-

2012 3668 2237 3735 laadita,
2305 3669 2699 3740 propemodum
2764 3679 2821 3726 et
2883 3671 3209 3740 detondisti,
3253 3677 3370 3729 sive
3405 3673 3598 3729 vinde-

2017 3761 2227 3828 miasti,
2278 3772 2332 3817 et
2373 3763 2664 3818 latrocinio
2705 3763 2924 3820 divitias
2975 3765 3204 3835 injustas
3247 3768 3594 3836 comparasti.

2013 3854 2294 3910 Acclamat
2331 3872 2496 3926 porro
2524 3872 2763 3922 rursum,
2799 3865 2853 3912 et
2895 3873 3020 3913 cum
3072 3858 3326 3914 irrisione
3358 3860 3596 3928 quadam

2014 3947 2188 4012 illud,
2249 3967 2267 4000 ι
2327 3947 2509 4018 Incipe
2545 3949 2882 4004 vindemiare
2933 3950 3068 4016 tibi;
3117 3973 3135 4002 ι
3192 3951 3296 4007 tale
3338 3952 3597 4022 quiddam

2012 4040 2168 4108 quasi
2202 4039 2413 4108 dicens,
2442 4048 2536 4094 aut
2563 4041 2754 4094 saltem
2789 4040 3065 4096 subtiliter
3088 4042 3249 4097 tacite
3285 4043 3592 4097 insinuans.

2011 4129 2078 4183 Et
2129 4145 2228 4201 ego
2273 4140 2326 4187 te
2386 4130 2581 4186 faciam
2636 4131 2913 4201 primitias
2952 4134 3282 4202 punitorum.
3315 4135 3597 4202 ‘Iitcipiens

2010 4223 2154 4276 enim
2184 4223 2683 4288 detonderelsrael,
2715 4235 2770 4279 et
2800 4225 3133 4280 vindemiare
3168 4225 3301 4280 adeo
3341 4227 3596 4281 nefandae

2014 4311 2311 4382 impietatis
2349 4322 2776 4381 consectatores,
2827 4314 3098 4384 primitias
3136 4325 3186 4369 te
3233 4315 3429 4372 faciam
3472 4319 3590 4372 iraa.

2011 4406 2302 4462 Sciendum
2362 4407 2507 4461 enim
2564 4405 2794 4461 lelam
2851 4421 3032 4477 regem
3084 4409 3453 4479 Assyriorum,
3501 4411 3595 4480 qui

2009 4500 2217 4568 primus
2251 4498 2557 4554 Samariam
2587 4510 2641 4555 et
2671 4500 2838 4556 Israel
2869 4500 3088 4568 invasit,
3119 4503 3324 4571 primas
3349 4504 3593 4572 captivas

312 4562 411 4632 τῆς
436 4563 751 4636 Σαμαρείας
780 4571 874 4623 καὶ
901 4570 998 4624 τοῦ
1053 4574 1292 4646 Ἰσραὴλ,
1326 4575 1546 4646 πρώτας
1572 4579 1907 4651 ἀπεκόμισεν

2018 4594 2233 4648 duxisse
2285 4592 2460 4648 tribus
2493 4602 2643 4649 trans
2695 4593 2992 4649 Jordancm
3029 4605 3084 4650 et
3117 4610 3184 4649 ex
3218 4596 3443 4650 urbibus
3488 4595 3594 4650 illis

315 4655 391 4716 εἰς
438 4655 820 4727 αἰχμαλωσίαν
859 4661 958 4728 τὰς
1014 4664 1185 4735 πέραν
1231 4666 1326 4719 τοῦ
1386 4668 1650 4736 Ἰορδάνου
1704 4673 1899 4741 φυλάς.

315 4745 476 4809 Πόλις
515 4749 576 4802 δὲ
613 4745 683 4822 ἦν
710 4753 820 4806 τῶν
853 4756 1029 4809 ἐκεῖσε
1065 4759 1165 4827 μία
1197 4761 1292 4812 καὶ
1331 4761 1364 4830 ἡ
1415 4759 1644 4816 Γαλαὰδ.
1693 4765 1904 4818 Οὐκοῦν

316 4836 502 4910 ὥσπερ
545 4842 681 4914 ἐμοῦ
713 4845 806 4899 τὸν
841 4847 1056 4920 Ἰσραὴλ
1098 4851 1551 4922 ἐπιστρέφοντος,
1595 4855 1903 4928 ἀρξαμένου

315 4945 373 4982 τε
422 4932 675 4988 ἰάσασθαι
708 4937 912 5002 λοιπὸν,
950 4941 1013 4992 σὺ
1061 4943 1441 5014 τετρύγηκας,
1485 4939 1530 4999 ὦ
1566 4947 1605 4998 Γ
1609 4948 1901 5016 αλααδῖτα,

317 5022 528 5094 σεαυτῷ
577 5024 646 5078 τὰ
693 5027 802 5080 ἀπὸ
835 5027 1122 5100 λῃστείας*
1177 5032 1321 5088 οὕτω
1370 5036 1526 5106 κάγὼ
1575 5039 1904 5111 παραδιδοὺς

326 5115 632 5189 ’Δσσυριοις
661 5120 754 5174 τὸν
791 5121 1028 5195 Ἰσραὴλ,
1063 5127 1121 5179 σὲ
1153 5129 1448 5200 ποιήσομαι
1477 5130 1586 5184 τῶν
1617 5134 1895 5203 πεμπομέ-

319 5225 420 5262 νων
451 5211 553 5282 τὴν
577 5212 852 5286 ἀπαρχήν.

383 5301 632 5374 Συγγενῆ
669 5304 726 5358 δὲ
757 5305 827 5360 τὰ
864 5307 1062 5379 ἀρχαῖα
1092 5313 1204 5375 τοῖς
1239 5313 1332 5366 ἐπὶ
1373 5314 1594 5387 Χριστῷ
1628 5315 1736 5369 τῶν
1774 5319 1901 5372 ’1ου-

316 5390 479 5445 δαίων
520 5395 868 5466 ἐγκλήματα.
907 5400 1121 5454 Ἑκάλει
1174 5404 1272 5473 μὲν
1319 5405 1427 5478 γὰρ
1473 5407 1765 5477 σύμπαντα
1811 5411 1901 5464 τὸν

330 5481 544 5556 Ἰσραὴλ
580 5489 610 5540 ὁ
652 5489 787 5552 Θεὸς
811 5492 904 5544 καὶ
955 5493 1146 5570 Πατὴρ
1176 5498 1254 5560 εἰς
1284 5498 1344 5549 τὸ
1374 5500 1587 5554 ἐλέσοαι
1622 5502 1805 5556 λοιπὸν
1835 5504 1902 5556 τὰ

317 5573 522 5643 ἀμείνω
554 5581 796 5649 φρονεῖν,
821 5583 915 5635 καὶ
949 5586 1245 5656 καταλῆξαι
1282 5588 1380 5658 μὲν
1412 5591 1509 5663 τῆς
1541 5593 1595 5644 ἐν
1629 5594 1776 5663 νόμῳ
1808 5595 1900 5646 λα-

387 5754 408 5784 ’
435 5753 768 5824 Gcn.xxxtv,
793 5759 878 5813 51.

2015 4701 2175 4740 unam
2235 4686 2400 4742 fuisse
2442 4686 2667 4742 Galaad.
2699 4687 2967 4754 Quocirca
3010 4688 3153 4743 sicut
3202 4703 3286 4742 me
3334 4687 3591 4743 lsraelem

2012 4789 2380 4844 convertenle,
2414 4790 2470 4835 et
2501 4781 2792 4850 incipiente
2825 4796 3019 4836 sanare
3047 4767 3364 4846 de'castero,
3399 4791 3451 4834 tu
3483 4780 3595 4834 vin-

2014 4873 2264 4927 demiasti
2299 4871 2420 4938 tibi,
2447 4887 2480 4926 ο
2525 4871 2832 4936 Galaadita,
2864 4888 2982 4940 quae
3024 4872 3318 4928 latrocinio
3355 4874 3602 4942 acquisi-

2013 4964 2177 5030 visti;
2223 4964 2295 5018 ita
2338 4973 2392 5019 et
2430 4977 2553 5033 ego,
2587 4977 2711 5017 cum
2755 4964 3030 5018 tradidero
3058 4965 3300 5036 Assyriis
3335 4966 3522 5032 Israel,
3552 4977 3601 5021 te

2011 5071 2198 5112 eorum
2232 5055 2323 5126 qui
2361 5054 2699 5110 abducentur
2720 5055 2990 5124 primitias
3025 5057 3265 5113 reddam.

2079 5321 2315 5390 Antiqua
2347 5329 2525 5375 autem
2575 5320 2663 5375 illa
2708 5320 2910 5376 scelera
2946 5322 3172 5392 hisquae
3219 5323 3271 5376 in
3315 5323 3585 5377 Christum

2009 5412 2176 5467 Judaei
2224 5422 2607 5482 perpetrarunt
2634 5454 2648 5479 ,
2692 5424 2922 5485 cognata
2965 5425 3110 5468 sunt.
3153 5415 3392 5468 Vocabat
3438 5414 3585 5465 enim

2011 5505 2321 5560 universum
2380 5506 2633 5562 Israelem
2687 5508 2826 5564 Deus
2877 5517 2931 5560 et
2994 5508 3176 5571 Pater,
3237 5515 3292 5557 nt
3331 5504 3588 5572 deinceps

2011 5598 2167 5651 aliter
2199 5600 2399 5653 sentire.
2427 5609 2476 5653 et
2509 5598 2772 5653 desistere
2803 5615 2831 5651 a
2863 5597 3009 5651 cultu
3060 5595 3354 5649 secundum
3389 5593 3585 5663 legem,
