4002 6220
347 297 451 350 181
1279 291 1830 353 COMMENTARIUS
1868 294 1936 350 IN
1975 293 2204 352 OSEAM
2243 293 2693 350 PROPIIETAM.
3519 293 3625 351 182

415 402 549 459 UA'.
584 403 731 466 Ἕως
758 401 838 456 ἔτι
871 403 1086 476 φορητά
1114 405 1208 459 καὶ
1255 410 1644 480 μεμετρημένα
1691 411 1917 480 πλημμε

2122 407 2306 463 LXXI.
2337 409 2584 476 Quamlin
2638 407 2812 460 adhuc
2861 403 3213 460 tolerabiliter
3239 404 3628 476 moderateque

334 493 574 566 λοῦμεν,
619 495 697 557 ῶς
743 495 1058 567 ἄνθρωποι,
1110 498 1206 550 καὶ
1255 498 1534 553 εὐόλισϐον
1599 501 1812 568 ἔχοντες
1860 505 1918 552 ei:

2045 516 2351 571 peccamus,
2413 509 2469 554 ut
2531 498 2778 552 homines
2840 505 2892 551 et
2944 507 3192 551 naturam
3240 497 3305 552 ad
3339 509 3624 568 peccatum

345 591 630 662 ἃμαρτίαν
655 590 753 660 τὴν
782 590 966 660 φύσιν,
999 591 1429 662 παραπέμπεται
1457 594 1586 656 Θεὸς
1615 596 1674 658 ἐξ
1700 593 1918 665 spes—.01

2043 591 2334 661 proclivem
2362 592 2638 654 habentes,
2661 591 2800 644 Deus
2822 606 2884 644 ex
2905 590 3139 644 naturali
3165 589 3500 660 benignitate
3526 606 3622 646 sua

342 681 782 751 φιλανθρωπίας.
815 678 938 734 Οίδε
969 682 1077 754 γάρ
1109 681 1168 736 τὸ
1204 682 1427 754 πλάσμα
1452 686 1484 753 ὴ
1496 685 1632 754 μῶν,
1667 685 1917 756 μέμνητα

2042 682 2336 738 connivet:
2374 700 2394 734 ι
2430 683 2576 736 novit
2598 681 2744 736 enim
2775 681 3090 750 ﬁgurantem
3118 690 3362 737 nostrum
3404 683 3482 754 (et
3515 699 3627 737 me-

343 776 408 833 Ξέ,
455 773 539 824 δτι
575 773 670 824 καὶ
703 771 833 842 χοῦς
860 773 1048 842 ἐσμεν,
1077 774 1218 827 κατά
1243 774 1339 844 τὴν
1368 774 1462 827 τοῦ
1499 774 1791 844 ψάλλοντος
1824 793 1918 844 φωε

2043 771 2244 840 minit),
2285 771 2414 840 quia
2443 770 2616 840 pulvis
2643 770 2888 836 sumus",
2922 787 2941 822 ι
2982 769 3139 838 juxta
3179 783 3367 827 vocem
3399 768 3628 823 Psalmi-

514 863 684 918 Ἐπάν
722 863 780 916 δέ
815 882 869 917 τι
911 866 1088 934 μέγα,
1124 866 1218 920 καὶ
1250 865 1504 932 ἐξαίσιον,
1537 869 1630 920 καὶ
1660 868 1918 920 δύσοιστοε

2043 872 2158 915 sta».
2192 862 2250 916 Si
2281 863 2408 931 quid
2437 872 2618 915 autem
2651 877 2907 930 magnum
2936 871 2990 915 et
3019 875 3245 916 enorme
3279 875 3518 931 vereque
3551 862 3625 915 in-

339 956 564 1025 ἀληθῶς
598 957 904 1028 πράττηται
937 960 1064 1027 παρ’
1093 957 1278 1028 ἡμῶν,
1304 958 1332 1011 δ
1359 960 1452 1010 καὶ
1493 959 1666 1030 αὐτὴν
1701 959 1814 1012 ἐσθ’
1848 960 1918 1013 δτι

2040 952 2322 1008 tolerabile
2361 968 2390 1006 a
2433 954 2588 1007 nobis
2632 955 2976 1018 admittatur,
3021 954 3164 1022 quod
3214 961 3268 1007 et
3311 953 3490 1022 ipsam
3526 952 3652 1007 ali-‘

342 1047 440 1117 τὴν
470 1047 566 1100 τοῦ
595 1048 874 1119 κρίνοντος
903 1047 1171 1120 ὴπιότητα
1199 1049 1510 1121 παραθήγει
1539 1051 1744 1112 λοιπὸν,
1777 1052 1918 1121 μόνοι

2043 1045 2266 1114 quando
2286 1042 2486 1112 judicis
2504 1044 2778 1100 lenitatem
2796 1046 3046 1114 deinceps
3067 1053 3316 1104 exacnat,
3333 1055 3387 1098 et
3413 1051 3617 1100 tantnrr
3649 1049 3656 1100 ζ

341 1137 398 1188 δὲ
432 1139 557 1208 οὐχὶ
585 1139 677 1191 καὶ
704 1140 805 1193 οὐκ
839 1137 1129 1193 ἐθέλουσαν
1155 1141 1546 1206 καταϐιάζεται
1579 1143 1716 1213 πρὸς
1744 1144 1913 1215 ὀργὴν

2040 1151 2144 1188 non
2185 1136 2410 1191 inritam
2439 1137 2503 1190 ad
2532 1137 2668 1190 iram
2707 1136 3014 1205 compellat,
3045 1146 3192 1200 tunc,
3229 1145 3288 1189 ut
3311 1137 3383 1189 ita
3415 1135 3594 1188 dicam
3640 1151 3661 1184 ι

343 1231 403 1280 τὸ
433 1231 692 1299 τηνικάδε
721 1231 904 1302 τρέχει
945 1232 1080 1303 πρὸς
1107 1232 1433 1304 ἀνάμνησιν,
1463 1235 1537 1298 ὡς
1581 1236 1710 1298 ἔπος
1741 1237 1934 1297 εἰπεῖν,

342 1323 452 1371 τῶν
482 1338 596 1374 τισι
633 1323 1206 1394 πεπλημμελημένων.
1249 1325 1517 1397 ταύτῃτοί
1547 1345 1680 1398 φησι
1721 1329 1848 1401 περί
1875 1346 1935 1382 τε

341 1411 436 1462 τοῦ
476 1410 716 1484 Ἐςεραῒμ
769 1415 860 1466 καὶ
890 1414 987 1484 τῆς
1017 1416 1348 1487 Σαμαρείας,
1374 1418 1454 1470 ὅτι
1489 1419 1674 1483 Πάσας
1701 1420 1798 1482 τὰς
1829 1438 1932 1472 κα-

340 1501 467 1563 κίας
514 1503 694 1555 αὐτῶν
724 1503 1026 1574 ἐμνήσθην.
1074 1505 1231 1568 Εἰκὸς
1263 1505 1318 1558 δὲ
1352 1507 1513 1559 πάλιν
1545 1508 1764 1560 κάκεῖνο
1803 1507 1933 1577 ἡμῖν

342 1594 397 1641 ἐν
431 1591 644 1656 τούτοις
672 1593 732 1646 τὸ
761 1595 1098 1665 προφητικὸν
1126 1595 1302 1649 Θίλειν
1353 1597 1653 1668 ὑποδηλοῦν
1717 1615 1931 1669 χρησμ-

338 1685 558 1753 ᾡδημα.
601 1686 838 1755 Παρῆκα
875 1685 977 1756 μὲν
1007 1686 1115 1756 γάρ
1141 1686 1486 1754 φιλαγάοως,
1534 1687 1694 1757 φησι,
1723 1689 1829 1742 τῶν
1875 1690 1933 1741 ἐν

2041 1227 2091 1280 in
2129 1229 2468 1290 memoriam,
2514 1242 2545 1282 a
2590 1227 2914 1297 quibusdam
2962 1228 3170 1282 nefarie
3204 1227 3616 1282 comn'tissorttm

2038 1320 2360 1385 regreditur.
2393 1317 2602 1374 Idcirco
2630 1320 2696 1374 de
2725 1317 2983 1388 Epitraim
3029 1326 3085 1373 et
3130 1319 3378 1372 Samaria
3419 1317 3619 1386 inquit,

2036 1425 2094 1464 se
2126 1424 2315 1466 omnes
2370 1426 2558 1466 eorum
2613 1412 2852 1467 malitias
2895 1412 3240 1468 recordatum
3298 1424 3444 1466 esse.
3475 1410 3621 1464 Cou-

2036 1511 2352 1556 sentanenm
2389 1513 2471 1557 est
2509 1518 2722 1572 quoque
2744 1504 3117 1572 pr0pheticum
3145 1503 3429 1558 oraculum
3453 1503 3619 1556 etiam

2037 1593 2164 1646 illud
2196 1594 2353 1648 nobis
2395 1593 2553 1664 107
2583 1594 2719 1650 velle
2769 1595 3066 1650 insinuare.
3105 1595 3407 1650 Vindictam
3455 1593 3620 1650 caudis

2043 1683 2451 1739 Sichimitarum
2499 1701 2529 1737 a
2577 1686 2727 1749 Levi,
2765 1696 2987 1756 propter
3015 1686 3212 1742 Dinam
3243 1687 3408 1740 filiam
3448 1684 3622 1740 Jacob

341 1777 593 1845 Σικίμοις
636 1776 998 1831 ἀπολωλότων
1027 1778 1132 1831 ὑπὸ
1163 1778 1295 1831 Λευῒ
1333 1779 1432 1847 τὴν
1465 1781 1696 1850 σφαγὴν,
1729 1781 1819 1836 διά
1849 1798 1918 1834 τοι

2035 1775 2372 1844 petulantius
2406 1786 2694 1833 tractatam
2725 1777 3034 1832 commissa
3087 1779 3433 1847 prmtermis't.
3467 1780 3616 1844 Quo-

341 1867 597 1938 ὖδρίσθαι
636 1868 798 1922 Δίναν
834 1869 936 1940 τὴν
987 1869 1044 1936 ἐξ
1079 1871 1294 1923 Ἰακώϐ.
1339 1871 1555 1944 Ἐπειδὴ
1590 1873 1646 1926 δέ
1697 1875 1792 1926 καὶ
1836 1873 1930 1926 νῦν

335 1959 708 2024 ἀπεκτόνασι,
767 1962 1117 2033 μεμνήσομαι
1167 1963 1261 2016 καὶ
1306 1963 1406 2034 τῆς
1455 1965 1692 2035 ἀρχαίας
1751 1967 1932 2019 αὐτῶν

335 2049 574 2116 ἀδικίας,
610 2052 706 2105 καὶ
735 2052 813 2116 ὡς
856 2055 1123 2124 φονευτὴν
1163 2055 1261 2127 ἢδη
1307 2057 1402 2109 καὶ
1457 2057 1641 2128 ἀπηνῆ
1684 2059 1781 2110 καὶ
1821 2059 1932 2111 τῶν

337 2140 509 2194 πάλαι
536 2141 1032 2214 πλημμελημάτων
1064 2145 1337 2218 ἐξαιτὴσω
1366 2148 1540 2212 δίκας.
1573 2168 1590 2200 ι
1624 2151 1927 2222 Ἐκύκλησε

332 2232 445 2303 γὰρ
469 2234 690 2298 αὐτοὺς,
723 2236 879 2307 φησι,
907 2237 978 2290 τά
1013 2237 1291 2292 διαϐούλια
1319 2241 1520 2295 αὐτῶν.
1547 2262 1565 2294 ι
1598 2244 1824 2314 Ὅμοιον
1853 2245 1930 2309 ὠς

331 2325 381 2376 εί
424 2325 606 2394 λέγοι,
650 2327 1120 2401 Πεπολιόρκηνται
1167 2333 1351 2386 λοιπὸν
1386 2334 1490 2388 ὑπὸ
1518 2335 1626 2388 τῶν
1663 2335 1808 2390 ἰδίων
1840 2339 1927 2389 ἐν-

333 2417 698 2488 Θυμημάτων,
734 2421 828 2474 καὶ
872 2423 1106 2478 ἀνοσίων
1156 2427 1423 2495 σκέψεων·
1462 2428 1792 2483 ἀπεκτόνασι
1829 2429 1928 2501 μὲν

329 2509 445 2581 γὰρ
476 2511 613 2582 δόλῳ
663 2513 757 2566 καὶ
801 2515 984 2587 ἀπάτῃ
1021 2519 1146 2580 τοὺς
1172 2518 1280 2571 ἀπὸ
1326 2519 1569 2590 Σικίμων
1621 2521 1774 2583 ποτὲ,
1807 2523 1927 2576 νυνὶ

329 2603 387 2656 δὲ
413 2605 711 2677 λῃστείαις,
732 2606 911 2660 καίτοι
934 2609 1068 2680 πρὸς
1085 2610 1215 2663 Θεὸν
1237 2614 1682 2683 ἐπιστρέφοντας.
1708 2614 1925 2685 Ἐπειδὴ

330 2695 389 2748 δὲ
438 2697 580 2766 πέρα
620 2697 780 2767 λόγου
833 2699 903 2753 τά
948 2701 1404 2774 πλημμελήματα
1443 2703 1628 2757 λοιπὸν
1661 2707 1924 2759 ἀπέναντι

330 2787 428 2840 τοῦ
449 2788 745 2858 προσώπου
770 2809 873 2862 μου
897 2793 1162 2861 ἐγένοντο,
1182 2796 1242 2848 οὐ
1267 2796 1374 2866 γὰρ
1395 2797 1741 2868 περιόψομαι,
1770 2799 1923 2868 φησι,

330 2883 402 2932 τά
432 2881 610 2934 τοιάδε
653 2883 765 2935 τῶν
796 2885 1007 2949 κακῶν,
1036 2885 1163 2940 οὗτε
1199 2887 1305 2958 μὴν
1332 2888 1390 2953 ἐξ
1418 2890 1682 2959 ὀμμάτων
1729 2891 1808 2944 ἔτι
1842 2910 1924 2945 τι-

335 2972 474 3036 θεὶς,
510 2974 715 3046 βραδὺς
745 2976 943 3047 ἔσομαι
972 2979 1264 3050 κολαστής.

414 3066 762 3120 Ἔκύκλωσαν
805 3069 1089 3134 Ἰουδαίους
1136 3070 1204 3124 τὰ
1249 3067 1528 3126 διαδούλια
1577 3075 1776 3135 αὐτῶν,
1826 3076 1924 3128 καὶ

2035 1867 2177 1922 niam
2214 1879 2395 1924 autem
2427 1877 2481 1924 et
2516 1883 2659 1924 nunc
2692 1869 2866 1924 caedes
2897 1868 3236 1932 factitarunt,
3268 1870 3431 1924 etiam
3464 1879 3615 1924 vete-

2032 1960 2109 2015 ris
2159 1959 2374 2015 illorum
2409 1961 2711 2031 iniquitatis
2757 1962 3104 2026 recordabor,
3153 1969 3207 2015 et
3255 1969 3512 2030 tanquam
3547 1959 3616 2014 ab

2031 2050 2319 2106 bomicidis
2345 2060 2400 2106 et
2441 2051 2752 2108 crudelibus
2782 2053 3088 2122 priscorum
3131 2067 3349 2121 quoque
3387 2051 3615 2107 delicto-

2033 2157 2150 2195 rum
2199 2155 2392 2212 pmnas
2432 2159 2664 2200 sumam.
2703 2162 2723 2196 ι
2777 2143 3263 2200 Circumdedetunt
3305 2145 3448 2198 enim
3485 2159 3611 2210 eos,

2032 2232 2233 2302 inquit,
2275 2235 2636 2306 cogitationes
2681 2237 2943 2306 ipsorum.
2986 2255 3006 2289 ι
3042 2237 3205 2304 Quasi
3247 2237 3414 2301 dicat,
3437 2239 3612 2293 Jama

2030 2326 2265 2395 propriis
2326 2328 2754 2399 cogitationibus
2807 2339 2863 2384 et
2902 2329 3086 2400 impiis
3139 2327 3614 2385 commentationi-

2029 2417 2131 2472 bus
2153 2418 2362 2474 obsessi
2407 2427 2557 2475 sunt.
2599 2418 2705 2474 Per
2731 2420 2908 2476 dolum
2947 2421 3090 2475 enim
3130 2430 3188 2476 et
3218 2419 3489 2474 fallaciam
3527 2416 3616 2472 Si-

2027 2513 2280 2567 chimitas
2342 2513 2474 2568 olim
2527 2513 2949 2581 obtruncarunt;
3008 2529 3192 2580 nunc,
3235 2522 3300 2568 ut
3347 2517 3607 2577 latrones,

2026 2602 2189 2657 etiam
2244 2603 2311 2656 ad
2379 2601 2548 2656 Deum
2597 2617 2658 2657 se
2703 2612 3082 2658 conrertentes
3135 2612 3503 2671 peremerunt.
3549 2601 3615 2655 Et.

2027 2692 2282 2762 quoniam
2317 2702 2541 2762 peccata
2567 2695 2820 2762 graviora
2851 2708 3014 2764 quam
3046 2693 3152 2748 dici
3182 2703 3360 2762 potest
3388 2694 3439 2746 in
3472 2709 3606 2747 con-

2028 2795 2214 2854 spectu
2273 2799 2394 2840 meo
2445 2793 2661 2854 patrata
2721 2795 2893 2850 sunt,
2951 2782 3100 2839 tanta
3149 2785 3288 2838 mala
3349 2801 3455 2839 non
3511 2799 3611 2840 ne-

2026 2878 2246 2948 gligant,
2287 2889 2463 2948 neque
2505 2891 2568 2932 ea
2613 2879 2686 2932 ab
2714 2877 2888 2933 oculis
2938 2893 3246 2942 removens,
3290 2878 3478 2933 tardus
3516 2892 3611 2933 ero

2027 2948 2264 3036 punito;

2095 3060 2582 3116 Circumdederunt
2609 3060 2823 3118 Judtcos
2841 3062 3203 3132 cogitationes
3222 3078 3411 3118 eorum
3438 3064 3603 3118 etiam

331 3155 421 3207 ἐπί
443 3173 508 3224 γε
545 3159 658 3221 τοῖς
682 3159 824 3212 κατά
854 3160 1113 3231 Χριστόν.
1155 3163 1511 3216 Ἀπεκτόνασι
1543 3164 1643 3233 μὲν
1665 3164 1775 3234 γάρ
1795 3167 1918 3229 τοὺς

2028 3152 2077 3205 in
2111 3152 2174 3205 lis
2206 3166 2327 3221 quae
2374 3153 2638 3208 adversus
2691 3153 2971 3209 Christum
3023 3155 3403 3224 designarunt.
3450 3155 3606 3210 Occi-

329 3249 642 3319 προφήτας,
671 3251 1120 3316 ἀνεξικακοῦντος
1149 3253 1228 3307 ἔτι
1268 3253 1424 3309 Θεοῦ.
1476 3256 1694 3328 Ἐπειδὴ
1739 3257 1794 3310 δὲ
1827 3275 1919 3326 γε-

327 3343 523 3410 γόνασι
573 3343 667 3397 καὶ
717 3345 1094 3416 Κυριοκτόνοι,
1151 3366 1169 3398 ι
1222 3347 1569 3402 Ἐκύκλωσαν
1608 3351 1806 3414 αὐτοὺς
1848 3352 1917 3406 τὰ

328 3433 611 3489 διαὸούλια
643 3437 841 3500 αὐτῶν,
875 3438 968 3491 καὶ
997 3438 1176 3503 πάσας
1201 3439 1380 3494 αὐτῶν
1406 3440 1503 3504 τὰς
1532 3441 1730 3506 κακίας
1757 3444 1918 3516 ἐμνή-

331 3527 433 3600 σθη
463 3531 492 3583 ό
519 3530 632 3584 τῶν
655 3529 791 3584 δλων
820 3530 969 3594 Θεός.
1010 3554 1029 3584 ο

412 3708 517 3761 Ἐν
552 3705 682 3771 ταῖς
714 3707 951 3773 κακίαις
998 3707 1199 3762 αὐτῶν
1247 3709 1556 3780 εὔφραναν
1600 3711 1909 3780 βασιλεῖς,

329 3795 428 3850 καὶ
453 3797 526 3849 ἐν
561 3796 686 3861 τοῖς
718 3799 1013 3866 ψεύδεσιν
1049 3799 1250 3854 αὐτῶν
1280 3800 1596 3869 ἄρχοντας.

397 3887 520 3940 οΒ¹.
565 3885 712 3940 Ἔδει
741 3886 806 3957 δὴ
843 3887 1040 3956 μᾶλλον
1088 3889 1586 3959 άγαθουργοῦντας,
1622 3895 1775 3964 φησὶ,
1817 3897 1911 3950 καὶ

330 3979 431 4049 ζῇν
475 3978 765 4049 ἑλομένους
809 3980 1068 4050 ἐννόμως,
1098 3982 1398 4053 ἐξημεροῦν
1447 3984 1658 4048 ἑαυτοῖς
1692 3986 1785 4038 τὸν
1818 3985 1911 4039 λυ-

329 4070 562 4140 τρωτὴν,
599 4071 692 4124 καὶ
720 4074 1136 4143 κατευφραίνειν
1164 4075 1254 4128 τὸν
1283 4075 1543 4139 σώζοντα,
1579 4076 1672 4130 καὶ
1700 4079 1913 4149 ἄμαχον

327 4161 516 4230 ἔχοντα
549 4163 685 4232 πρὸς
720 4161 878 4214 τοῦτο
912 4163 1084 4232 ἰσχύν.
1133 4162 1199 4218 Οἱ
1225 4165 1280 4218 δὲ
1314 4165 1472 4219 τοῦτο
1505 4168 1604 4238 μὲν
1635 4169 1694 4220 οὐ
1720 4169 1912 4239 δεδρά-

327 4270 474 4315 κασι,
529 4253 760 4325 ρᾴθυμοι
809 4253 863 4307 δὲ
924 4256 1208 4324 γεγονότες
1257 4257 1377 4311 λίαν
1428 4261 1556 4331 περὶ⁵
1611 4261 1674 4314 τὸ
1728 4262 1911 4330 σφίσιν

327 4346 620 4412 ἀναγκαῖον
653 4347 732 4414 είς
761 4343 928 4416 ζωὴν,
965 4347 1058 4400 καὶ
1089 4349 1356 4419 χρήσιμον
1389 4353 1465 4413 είς
1495 4352 1818 4423 εὐημερίαν,
1853 4355 1911 4405 έν

325 4437 503 4491 οὐδενὶ
553 4437 651 4507 μὲν
703 4438 999 4508 πεποίηντο
1045 4437 1187 4509 λόγῳ
1237 4441 1298 4494 τὸ
1350 4444 1710 4514 προσκρούειν
1768 4446 1907 4516 Θεῷ.

2019 3243 2217 3298 derunt
2249 3243 2396 3298 enim
2451 3245 2766 3314 prophetas,
2825 3246 3088 3301 tolerante
3117 3248 3295 3302 adhuc
3343 3246 3478 3302 Deo.
3533 3248 3608 3303 At

2020 3344 2304 3406 postquam
2323 3335 2702 3392 interfectores
2729 3337 2944 3393 Domini
2977 3349 3290 3404 evaserunt,
3325 3358 3342 3390 ι
3369 3340 3608 3394 circum-

2019 3428 2281 3483 dederunt
2333 3443 2428 3484 eos
2485 3429 2848 3500 cogitationes
2907 3446 3096 3485 eorum
3131 3472 3147 3497 ,
3202 3441 3258 3486 et
3320 3435 3606 3489 universas

2019 3519 2334 3574 earumdem
2364 3518 2603 3574 malitias
2655 3524 3034 3576 universorum
3090 3522 3230 3578 Deus
3273 3521 3596 3578 recordatus

2019 3620 2121 3667 est.
2161 3631 2180 3664 ι

2089 3704 2252 3762 Vens.
2290 3707 2343 3763 5.
2383 3705 2449 3760 In
2482 3706 2756 3776 maleﬁciis
2783 3706 2896 3760 suis
2932 3706 3335 3776 (arti/Scaurum
3362 3725 3528 3780 reget,
3551 3720 3601 3765 et

2017 3800 2071 3854 in
2099 3799 2385 3854 mendaciis
2411 3801 2524 3856 suis
2557 3801 2846 3870 principes.

2087 3891 2297 3948 LXXII.
2333 3892 2630 3963 Oportebat
2669 3892 2852 3962 potius
2893 3893 2958 3948 ad
2985 3891 3241 3948 virtutem
3278 3893 3600 3948 incumben-

2018 3995 2119 4053 tes,
2155 3995 2211 4040 et
2251 3986 2421 4042 vitam
2454 4002 2520 4041 ex
2556 3986 2765 4056 legibus
2813 3996 3204 4056 capessentes,
3247 3987 3598 4058 liberatorem
3657 3970 3662 3976 ’

2016 4077 2117 4132 sibi
2179 4078 2449 4147 placatum
2505 4077 2760 4144 efficere,
2815 4077 3180 4134 etlaztillcare
3235 4088 3598 4140 servatorem,

2015 4167 2168 4236 cujus
2195 4169 2262 4222 ad
2301 4170 2530 4223 salutem
2562 4168 2791 4222 dandam
2818 4169 2963 4223 vires
2999 4180 3122 4223 sunt
3159 4171 3393 4226 invictae.
3423 4173 3517 4228 Ast
3540 4174 3596 4228 bi

2017 4257 2157 4311 istuc
2190 4273 2296 4311 non
2327 4257 2592 4320 fecerunt,
2635 4257 2945 4326 segnissimi
2977 4268 3158 4312 autem
3215 4259 3268 4314 in
3309 4275 3374 4314 eo
3405 4299 3418 4323 ,
3446 4265 3588 4330 quod

2016 4351 2147 4419 ipsis
2179 4349 2245 4402 ad
2284 4351 2446 4402 vitam
2475 4356 2619 4403 esset
2657 4348 3051 4415 necessarium,
3085 4359 3140 4403 et
3169 4352 3236 4404 ad
3270 4351 3586 4408 felicitatem

2018 4440 2358 4511 frugiferum,
2402 4438 2570 4493 Deum
2600 4437 2874 4494 oll'endere
2910 4454 3010 4509 pro
3039 4439 3208 4495 niltilo
3256 4442 3584 4499 habuerunt.

328 4529 790 4599 Συνυπεκρίνοντο
840 4530 896 4582 δὲ
930 4533 1043 4594 τοῖς
1077 4532 1286 4585 ἑαυτῶν
1323 4532 1624 4602 βασιλεῦσι,
1675 4538 1768 4591 καὶ
1800 4543 1910 4603 τοῖς

2028 4533 2189 4589 Simul
2240 4548 2368 4588 vero
2441 4532 2655 4602 regibus
2707 4531 2821 4587 suis
2877 4530 3078 4586 adulati
3127 4545 3293 4600 sunt,
3369 4549 3596 4592 assensu

327 4621 671 4692 ἡγουμένοις,
724 4625 792 4693 τῇ
843 4622 980 4693 πρὸς
1013 4625 1121 4676 πᾶν
1167 4625 1344 4678 ὁτιοῦν
1391 4626 1498 4680 τῶν
1548 4627 1776 4693 ἐκείνοις
1817 4631 1905 4684 δο-

329 4717 567 4768 κούντων
587 4715 856 4786 συνδρομῇ
880 4717 1387 4788 κατευφραίνοντες,
1420 4719 1510 4773 καὶ
1541 4721 1608 4774 τά
1635 4721 1905 4776 λυποῦντα

328 4810 455 4863 Θεὸν
484 4811 566 4873 είς
593 4809 788 4880 ἡδονήν
827 4826 886 4862 τε
919 4810 1012 4862 καὶ
1039 4811 1228 4880 τέρψιν
1277 4815 1389 4876 τοῖς
1421 4812 1670 4867 πλανῶσι
1701 4816 1898 4886 δωροῦ.

328 4918 496 4972 μενοι.
531 4902 776 4955 Δίτιᾶται
802 4901 859 4954 δὲ
893 4901 1074 4964 πάλιν,
1104 4902 1180 4965 ὠς
1225 4903 1302 4972 τῷ
1347 4903 1623 4976 Ἰεροδοάμ
1677 4907 1905 4972 καὶτοῖς

327 4994 416 5047 ὑπ’
450 4994 612 5049 αὐτὸν
658 4993 886 5065 ἄρχουσι
921 4993 1448 5067 συνδεδραμηκότας,
1509 5000 1603 5052 καὶ
1647 4999 1910 5072 ἀμελλητὶ

327 5085 761 5148 κατανεύσαντας
789 5084 888 5156 τὴν
916 5085 1007 5138 ἐπί⁷
1054 5087 1175 5147 ταῖς
1218 5085 1483 5156 δαμάλεσι
1514 5091 1634 5153 ταῖς
1683 5095 1910 5161 χρυσαῖς

327 5176 628 5230 ἐπινοοῦντι
645 5215 661 5240 ,
686 5177 780 5239 καὶ
802 5175 938 5245 πρὸς
959 5174 1153 5245 ἐτέραν
1183 5173 1437 5246 λατρείαν
1463 5177 1692 5241 ἀνοσίως
1714 5180 1910 5244 αὐτοὺς

325 5269 677 5340 ἀποκομίζειν
724 5267 979 5321 ἐθέλοντι.
1022 5269 1168 5322 Ἔδει
1200 5268 1308 5340 γὰρ
1329 5309 1344 5334 ,
1381 5271 1487 5324 ἔδει
1541 5275 1653 5336 τοῖς
1686 5274 1908 5328 ἐκείνων

327 5361 607 5433 σκέμμασι
659 5361 752 5414 καὶ
786 5361 1037 5426 ἐκτόποις
1060 5363 1198 5430 ἄγαν
1244 5364 1667 5436 ἐπιχειρήμασιν
1713 5367 1907 5432 ἀντεξ-

326 5455 475 5523 άγειν
505 5455 738 5523 γενικῶς
766 5454 865 5524 τῆς
898 5456 976 5517 εἰς
1023 5455 1153 5508 Θεὸν
1190 5455 1411 5527 ἀγάπης
1437 5457 1497 5509 τὸ
1536 5459 1778 5530 γνήσιον,
1816 5461 1908 5513 καὶ

325 5547 615 5617 πειρᾶσθαι
645 5546 877 5601 κωλύειν
909 5537 1422 5621 ἀφραίνοντας,ὀὺχ
1467 5553 1697 5624 ἑτοίμως
1732 5555 1905 5619 ἰόντας

325 5641 403 5702 εἰς
438 5639 740 5691 συναίνεσιν
786 5642 1197 5709 κατευςρραίνειν
1228 5643 1442 5705 αὐτούς.

397 5754 415 5782 ⁸³
448 5757 588 5812 Psai.
632 5773 725 5818 Cll,
773 5757 852 5810 Η.

2016 4624 2516 4695 approbationeqne
2561 4623 2808 4677 omnium
2864 4636 2988 4692 quae
3032 4621 3136 4678 illis
3183 4624 3455 4694 placerent
3503 4643 3597 4682 eos

2015 4717 2335 4779 bilarantes,
2362 4725 2415 4770 et
2433 4715 2600 4769 Deum
2631 4715 2902 4769 irritantia
2921 4715 3297 4770 seducentinm
3335 4717 3595 4788 voluptati

2014 4810 2468 4879 delectationique
2494 4809 2886 4877 gratificantes.
2945 4807 3222 4863 Insimulat
3275 4817 3457 4866 autem
3502 4827 3593 4870 eos

2015 4918 2221 4968 rursus,
2255 4911 2311 4955 ut
2359 4900 2451 4972 qui
2483 4899 2869 4956 .leroboamum
2919 4907 2974 4954 ct
3003 4899 3282 4971 principes
3333 4903 3456 4974 ejus
3512 4906 3590 4960 ad-

2005 4993 2275 5062 juverint,
2306 4993 2555 5063 citraque
2586 4991 3092 5061 tergiversationem
3137 4992 3425 5064 profanum
3456 4995 3596 5051 vitu-

2014 5087 2186 5140 lorum
2224 5099 2514 5139 anrcornm
2542 5085 2747 5138 cultum
2776 5083 3105 5154 excogitanti
3133 5127 3148 5154 ,
3205 5097 3257 5142 et
3300 5089 3368 5143 ad
3397 5105 3595 5146 novam

2012 5175 2329 5244 religionem
2360 5190 2454 5230 eos
2506 5173 2672 5245 impie
2729 5175 3012 5230 traducere
3071 5177 3314 5235 molienti
3352 5195 3596 5250 assense-~

2015 5270 2142 5321 rint.
2176 5267 2412 5322 Debebat
2439 5266 2604 5329 enim,
2667 5267 2898 5322 debebat
2956 5268 3172 5324 illorum
3235 5273 3494 5343 cogitatis
3536 5284 3590 5328 et

2016 5361 2238 5416 ausibus
2278 5358 2648 5415 stolidissimis
2686 5373 2949 5429 generose
2973 5360 3192 5417 obviam
3232 5364 3309 5418 ire
3333 5378 3593 5432 germana

2014 5469 2139 5524 erga
2174 5449 2343 5505 Deum
2403 5449 2667 5515 Charitas,
2733 5459 2788 5505 et
2825 5451 2893 5505 ad
2939 5461 3167 5506 conatus
3217 5452 3587 5520 insipientium

2017 5545 2386 5617 impediendas
2422 5546 2579 5611 eniti,
2629 5560 2733 5601 non
2777 5556 3023 5614 prompte
3080 5544 3472 5600 subscribendo
3531 5545 3593 5597 iis

2018 5640 2238 5695 delicia-3
2266 5637 2462 5694 faccre.
