3898 6212
231 237 334 293 I83

309 357 474 408 Verus
505 361 586 408 est
617 363 796 411 autem
827 370 1029 420 sermo,
1065 358 1314 427 quamvis
1340 357 1504 413 etiam
1535 358 1601 413 de
1625 358 1805 413 cruci-
1838 363 1883 420 Α

227 445 496 500 fixoribus
524 446 900 504 Emmanuelis
933 451 1262 507 intellectus.
1299 450 1460 520 108
1487 450 1809 506 Mentientcs

227 546 465 605 namque
501 551 555 591 et
582 538 978 596 calumniantes
1033 557 1178 604 cum,
1211 541 1468 611 gaudium
1516 541 1716 597 Ilerodi
1753 554 1812 596 et

225 626 420 681 Pontio
474 628 668 696 Pilato,
706 639 762 685 et
793 633 1119 698 praesidibus
1168 631 1466 704 Synagogtc
1519 633 1808 687 dederunt.

224 719 316 772 Ait
345 718 491 774 enim
524 721 722 776 alicubi
760 733 815 778 et
843 723 1061 778 divinus
1087 723 1285 780 Petrus
1314 724 1379 777 ad
1418 725 1800 779 universorum

224 810 444 884 Patrem
478 827 540 867 ac
571 814 734 870 Deum
768 834 782 870 :
830 834 850 868 ι
891 816 1274 872 Convencrunt
1305 819 1450 871 enim
1475 832 1604 873 vere
1633 817 1686 872 in
1721 819 1800 872 ci-

222 901 392 956 vitate
419 900 521 956 hac
551 904 812 960 adversus
844 916 1095 962 sanctum
1135 921 1361 977 puerum
1409 915 1557 962 tuum
1591 906 1800 976 Jesum,

223 1007 383 1060 quem
419 995 648 1059 unxisti,
691 996 932 1054 Herodes
949 1009 1003 1052 et
1033 999 1261 1055 Pontius
1291 1000 1502 1057 Pilatus
1524 1015 1649 1056 cum
1681 1016 1810 1070 gen-

225 1083 369 1140 tibus
408 1094 465 1142 et
497 1088 708 1160 populis
735 1091 972 1146 Israel’.
1003 1112 1023 1145 ι

307 1178 470 1235 VERS.
509 1180 566 1234 4.
603 1180 796 1238 Omnes
827 1184 1184 1239 adulterantes
1229 1185 1382 1255 quasi
1443 1185 1680 1240 clibanus
1728 1203 1810 1239 ar-

229 1269 436 1325 densin
463 1273 750 1327 coetionem
779 1274 1160 1330 combustiom‘s
1219 1293 1250 1330 α
1285 1278 1525 1347 ﬂamma,
1575 1294 1606 1331 a
1661 1293 1807 1331 com-

229 1361 472 1416 mistione
519 1365 763 1434 [ermenti
813 1367 978 1422 donec
1032 1369 1403 1438 fermentatum
1482 1379 1556 1424 est
1614 1371 1804 1439 ipsum.

231 1455 358 1510 Dies
387 1472 564 1526 regum
595 1469 906 1516 vestrorum.

303 1546 538 1604 LXXIII.
576 1549 821 1617 Quonam
869 1552 1030 1608 modo
1069 1552 1122 1606 in
1171 1552 1453 1609 maleficiis
1493 1553 1611 1609 suis
1656 1554 1810 1610 exbi-

233 1639 533 1698 laraverint
582 1658 760 1714 rcges,
807 1644 938 1698 etin
968 1644 1274 1700 mendaciis
1319 1645 1616 1716 principes,
1659 1645 1805 1702 clare

233 1733 388 1788 nobis
445 1735 754 1802 exponitur.
809 1733 986 1789 Habet
1036 1744 1216 1791 autem
1273 1736 1500 1792 historia
1547 1738 1614 1793 ad
1667 1737 1810 1793 hunc

236 1825 475 1891 modum,
512 1842 672 1896 quam
705 1827 750 1882 si
774 1831 897 1898 quis
933 1827 1073 1884 forte
1131 1830 1423 1900 cognorit,
1461 1831 1648 1901 utique
1682 1845 1812 1901 pro-

232 1918 430 1988 phetiae
474 1934 695 1976 sensum
728 1923 970 1992 perfecte
1016 1935 1334 1996 cognoscet.
1377 1927 1608 1994 Quando
1647 1927 1817 1998 igitur

236 2010 484 2079 abruptis
525 2011 713 2068 decem
747 2014 995 2073 tribubus
1048 2032 1276 2088 regnum
1316 2032 1480 2088 super
1509 2032 1606 2073 eas
1655 2017 1814 2072 inivit

235 2103 607 2160 exsecrandus
655 2102 974 2175 Jeroboam,
1002 2107 1182 2164 timuit
1227 2125 1556 2181 magnopere
1601 2124 1668 2165 ne
1710 2108 1816 2164 for-

238 2199 382 2249 tasse
405 2205 626 2265 propter
660 2196 830 2253 festos
862 2199 980 2256 dies
1014 2200 1070 2254 in
1123 2201 1241 2270 lege
1280 2213 1582 2274 praeceptas
1625 2200 1816 2256 Hiero—

235 2287 497 2360 solymam
551 2290 942 2358 ascendentes,
999 2293 1204 2349 sensim
1251 2309 1317 2350 eo
1365 2295 1769 2351 adducerentur
1797 2333 1814 2360 ,

236 2387 294 2433 ut
327 2382 394 2436 de
427 2380 636 2452 integro
670 2384 900 2453 sceptris
923 2383 1062 2440 Iuda
1095 2401 1155 2442 se
1186 2386 1503 2452 subderent,
1536 2397 1810 2444 veterum-

236 2483 343 2538 que
370 2469 569 2527 rituum
616 2483 872 2529 renovata
905 2477 1189 2544 memoria,
1239 2485 1333 2533 aut
1376 2479 1555 2550 ipsum
1604 2479 1818 2536 occide-

237 2571 381 2628 rent,
442 2571 534 2617 aut
566 2575 714 2620 certe
749 2581 912 2637 regno
943 2568 1028 2624 vel
1063 2580 1455 2640 repugnantem
1495 2581 1683 2644 postea
1721 2586 1819 2628 ex-

238 2654 538 2710 turbarent.
573 2655 684 2712 Hae
714 2657 781 2713 de
821 2674 985 2716 causa
1030 2660 1140 2716 Deo
1164 2661 1396 2728 invisus,
1428 2673 1484 2718 et
1527 2665 1694 2720 miser
1726 2681 1816 2720 au-

241 2759 364 2800 reos
392 2745 591 2802 vitulos
636 2747 769 2816 ipsis
817 2764 1145 2808 consecrare
1193 2753 1535 2818 deliberavit,
1589 2764 1644 2810 et
1698 2769 1818 2811 sce-

240 2835 389 2891 lestas
433 2838 816 2907 pseudolatriae
861 2841 1126 2898 rationem
1169 2843 1395 2909 invenit,
1421 2855 1475 2900 et
1506 2861 1674 2904 novos
1701 2848 1816 2903 dies

242 2925 410 2981 festos
449 2926 503 2980 in
540 2927 771 2996 gratiam
832 2928 1124 2985 vitulorum
1164 2932 1424 2999 instituit,
1465 2937 1817 3003 quemadmo-

243 3017 368 3072 dum
422 3019 578 3075 libris
626 3019 972 3077 Hebraeorum
1028 3024 1282 3080 traditur.
1339 3025 1618 3098 Principio
1653 3028 1818 3097 igitur

244 3127 442 3178 magno
483 3111 534 3166 in
589 3112 786 3169 timore
819 3123 960 3179 erat,
999 3132 1067 3173 ne
1097 3116 1237 3173 forte
1281 3118 1548 3187 superiori
1583 3127 1638 3175 et
1664 3121 1822 3176 avita:

243 3203 418 3262 latriae
445 3206 872 3275 patrocinantes,
903 3219 996 3265 aut
1026 3211 1166 3266 solio
1205 3226 1266 3268 se
1300 3214 1641 3284 expellerent
1671 3257 1685 3281 ,
1725 3226 1819 3272 aut

243 3297 428 3365 etiam,
474 3299 617 3355 sicut
663 3300 799 3366 dixi,
857 3301 1258 3370 interficerent,
1297 3307 1692 3379 repudiatoque
1739 3309 1823 3363 in-

244 3399 421 3458 coepto
453 3391 521 3446 ad
562 3393 850 3462 pristinmn
897 3409 1078 3465 regem
1130 3397 1308 3453 redire
1367 3399 1639 3466 mallent,
1683 3416 1825 3473 agre

243 3479 503 3548 ferentes,
543 3492 598 3538 et
629 3485 968 3557 indignantes
1013 3490 1230 3557 merito,
1276 3489 1500 3562 Moysen
1543 3502 1822 3550 contume-

243 3571 380 3628 liose
417 3573 687 3641 habitum,
715 3587 772 3632 et
809 3579 1050 3635 divinum
1083 3583 1398 3638 mandatum
1443 3600 1472 3640 a
1510 3601 1569 3642 se
1597 3587 1825 3656 pedibus

247 3666 644 3723 conculcatum.
712 3672 975 3736 Quocirca
1013 3687 1136 3727 cum
1168 3683 1312 3731 esset
1361 3675 1572 3747 vulpes,
1621 3695 1650 3733 a
1703 3679 1827 3735 dolo

247 3759 556 3829 praesidium
609 3761 771 3830 petit,
821 3763 1018 3818 multos
1068 3781 1136 3820 ex
1174 3765 1340 3820 Israel
1379 3769 1696 3834 submittit,
1740 3771 1825 3839 ja—

247 3856 461 3905 ctantes
501 3849 857 3921 dicentesque
897 3853 1030 3921 ipsis
1068 3854 1299 3908 vitulum
1355 3855 1722 3922 eonllandmn,
1773 3868 1828 3914 et

249 3958 418 3998 novos
461 3943 579 3998 dies
619 3943 788 3999 festos
839 3960 902 4001 ac
951 3948 1201 4017 proprios
1256 3947 1626 4020 inducendos,
1665 3962 1828 4022 atque

247 4037 425 4105 ipsum
457 4051 488 4090 a
520 4052 644 4106 rege
679 4039 1134 4094 contendendum.
1169 4037 1267 4096 Ubi
1317 4041 1573 4111 populum
1613 4043 1680 4098 ad
1728 4044 1829 4100 hoc

246 4143 510 4197 perquam
540 4137 790 4200 paratum
833 4144 897 4185 ac
923 4145 1276 4201 propensum,
1310 4145 1364 4188 et
1397 4133 1554 4203 hujus
1583 4136 1661 4192 rei
1702 4152 1829 4192 sua-

247 4218 465 4273 soribus
492 4219 797 4288 astipulari,
841 4234 1061 4289 unaque
1088 4221 1281 4276 iisdem
1317 4222 1557 4291 gaudere
1590 4223 1824 4288 didicit,

247 4318 438 4363 coacta
475 4311 740 4366 concione
787 4311 964 4380 palam
1021 4313 1404 4382 promulgavit,
1449 4315 1825 4371 adorationem

1258 243 1316 297 S.
1359 240 1632 297 CYRILLI
1673 239 2140 298 ALEXANDRINI
2182 244 2498 300 ARCHIEP.

3399 238 3499 294 {8-5

1996 362 2226 434 Ἀληθὴς
2271 364 2328 417 δὲ
2375 365 2404 416 6
2446 362 2622 432 λόγος,
2650 360 2753 415 κᾶν
2782 360 2832 414 εί
2865 361 3037 415 νοοῖτο
3076 359 3239 414 πάλιν
3273 356 3366 411 ἐπὶ
3390 355 3500 410 τῶν

1916 471 2046 507 σταυ
2057 455 2344 524 ρωσόιντων
2367 455 2458 507 τὸν
2493 453 2858 526 Ἐμμανουήλ.
2894 453 3228 522 Ψευδόμενοι
3249 450 3379 520 γὰρ,
3405 448 3503 503 καὶ

1915 541 2372 612 συκοφαντοῦντες
2400 543 2580 606 αὑτὸν,
2609 542 2820 615 χαίρειν
2860 537 3275 612 παρεσκεύαζον
3323 536 3504 607 Ἠρώ-

1911 635 2008 706 δην
2037 652 2096 687 τε
2124 635 2220 688 καὶ
2244 634 2467 688 Πόντιον
2500 633 2754 699 Πιλᾶτον,
2794 633 3043 695 καὶτοὺς
3073 627 3504 702 προεδρεύοντας

1911 727 2011 796 τῆς
2043 726 2394 797 Συναγωγῆς.
2434 726 2577 795 Ἔφη
2622 724 2731 796 γάρ
2762 741 2865 776 που
2891 722 2984 777 καὶ
3017 725 3045 776 6
3076 720 3363 782 Θεσπέσιος
3394 717 3500 770 Πέ-

1913 835 2040 888 τρος
2068 816 2204 888 πρὸς
2257 817 2348 869 τὸν
2397 816 2506 868 τῶν
2539 816 2678 869 ὅλων
2721 815 2942 886 Πατέρα
2974 814 3070 867 καὶ
3104 811 3257 866 Θεόν·
3313 829 3331 860 ι
3363 811 3501 861 Συν-

1913 907 2160 978 ήχθησαν
2187 907 2296 978 γὰρ
2326 906 2411 960 ἐπ’
2439 906 2696 976 ἀληθείας
2730 907 2787 958 ἐν
2814 908 2880 976 τῇ
2913 905 3066 958 πόλει
3096 903 3266 974 ταύτῃ
3291 902 3382 956 ἐπὶ
3406 901 3500 953 τὸν

1913 997 2067 1068 ἅγιον
2100 999 2265 1053 παῖδά
2312 1016 2405 1052 σου
2469 997 2698 1070 Ἰησοῦν,
2739 998 2798 1051 ὃν
2849 997 3094 1070 ἔχρισας,
3137 996 3385 1066 Ἡρώδης
3438 1010 3499 1044 τε

1912 1093 2007 1147 καὶ
2032 1093 2254 1156 Πόντιος
2285 1091 2516 1155 Πιλᾶτος
2552 1091 2648 1144 σὺν
2683 1090 2861 1145 ἔθνεσι
2909 1091 3003 1145 καὶ
3025 1090 3174 1153 λαοῖς
3209 1089 3446 1159 Ἰσραήλ.
3477 1106 3494 1136 ι

1982 1185 2207 1252 Πάντες
2235 1185 2620 1254 μοιχεύοντες
2644 1184 2724 1249 ὡς
2750 1184 3036 1249 κλίϐανος
3063 1182 3381 1251 καιόμενος
3411 1181 3502 1244 εἱς

1913 1278 2102 1346 πέψιν
2149 1277 2615 1346 κατακαύματοο
2635 1276 2753 1330 ἀπὸ
2782 1275 2892 1344 τῆς
2935 1273 3194 1344 φλογῆς,
3240 1274 3360 1327 ἀπὸ
3393 1290 3502 1341 59v-

1904 1370 2143 1437 ράσεως
2173 1369 2425 1434 στέατος
2451 1367 2562 1434 ἕως
2584 1366 2690 1421 τοῦ
2711 1366 3043 1436 ζυμωθῆναι
3075 1365 3244 1420 αὐτό.
3283 1361 3502 1432 Ἡμέρα

1908 1459 2222 1525 βασιλέων
2257 1458 2447 1529 ὑμῶν.

1985 1551 2104 1606 Ol".
2142 1549 2301 1606 Κατὰ
2329 1550 2451 1604 τίνα
2476 1549 2535 1604 δὲ
2563 1551 2762 1622 τρόπον
2790 1549 2848 1603 ἐν
2880 1549 2979 1619 μὲν
3000 1548 3121 1611 ταῖς
3149 1545 3371 1609 κακίαις
3402 1544 3504 1600 αύ-

1917 1643 2026 1699 τῶν
2056 1641 2342 1716 ηὖφραναν
2357 1643 2615 1714 βασιλεῖς,
2631 1645 2688 1697 ἐν
2715 1643 2773 1698 δέ
2789 1659 2852 1711 γε
2884 1644 2997 1703 τοῖς
3025 1638 3274 1710 ψεύδεσιν
3304 1638 3504 1708 ᾇρχον-

1913 1756 2034 1803 τας,
2055 1739 2114 1792 ἐν
2142 1737 2349 1802 τούτοις
2371 1737 2502 1808 ἡμῖν
2529 1736 2804 1807 ἐξηγεῖται
2830 1733 3034 1803 σαφῶς.
3064 1734 3217 1804 Ἔχει
3246 1731 3302 1784 δὲ
3325 1729 3505 1796 οὕτως

1915 1833 2014 1903 τῆς
2068 1830 2310 1901 ἱστορίας
2360 1832 2389 1883 6
2434 1827 2612 1897 λόγος,
2665 1817 2732 1900 ἦν
2783 1827 2941 1899 εἴπερ
2986 1844 3070 1890 τις
3118 1824 3281 1896 εἰδείη
3315 1822 3502 1894 τυχὸν,

1916 1921 2123 1976 εἴσεταί
2167 1939 2271 1976 που
2313 1920 2532 1984 πάντως
2568 1920 2669 1990 τῆς
2703 1919 3039 1991 προφητείας
3068 1917 3160 1971 τὸν
3189 1915 3334 1971 νοῦν.
3369 1916 3505 1969 Ὅτε

1915 2013 2111 2080 τοίνυν,
2144 2010 2560 2084 ἀποῤῥαγεισῶν
2587 2010 2696 2065 τῶν
2715 2011 2846 2065 δέκα
2875 2009 3079 2079 φυλῶν,
3113 2005 3505 2078 βεϐασίλευκεν

1917 2109 2004 2162 ἐπ’
2037 2106 2205 2171 αὐτὰς
2229 2108 2258 2161 6
2285 2105 2560 2176 ἐπάρατος
2598 2103 2897 2175 Ἱεροὸοὰμ,
2925 2100 3094 2171 ἐδεδίη
3145 2097 3371 2170 σφόδρα,
3424 2097 3504 2167 μὴ

1917 2201 2025 2272 ἄρα
2055 2217 2172 2264 πως
2201 2199 2310 2253 τῶν
2339 2197 2541 2270 ἑορτῶν
2566 2196 2727 2249 ἓνεκα
2755 2193 2864 2248 τῶν
2898 2192 3040 2247 κατὰ
3060 2191 3149 2244 τὸν
3170 2190 3335 2261 νόμον
3363 2189 3499 2243 ἀνα-

1918 2293 2194 2356 ϐαίνοντες
2217 2295 2296 2356 εἰς
2321 2290 2689 2362 Ἰεροσόλυμα,
2713 2285 3126 2359 μεταπεισθεῖεν
3157 2281 3508 2352 καταϐραχὺ,

1916 2383 1979 2438 τό
2019 2383 2185 2438 Ἰούδα
2234 2383 2510 2453 σκῆπτρον
2543 2378 2861 2435 ἀνθελέσθαι
2905 2377 3090 2436 πάλιν,
3140 2374 3234 2427 mi.
3267 2372 3377 2426 τῶν
3403 2374 3505 2442 ἀρ-

1919 2479 2090 2551 χαίων
2124 2476 2262 2531 ἐθῶν
2297 2475 2608 2546 ἐνεχθέντες
2656 2475 2737 2536 εἰς
2783 2471 3110 2543 ἀνάμνησιν,
3160 2469 3192 2539 ἢ
3241 2467 3509 2521 ἀνέλωσιν

1921 2571 2103 2634 αὐτὸν,
2134 2569 2302 2640 ἤγουν
2336 2565 2617 2634 ἐξώσειαν,
2651 2565 2748 2618 καὶ
2793 2564 2892 2633 οὐχ
2939 2563 3131 2615 ἑκόντα
3178 2559 3384 2622 λοιπὸν,
3405 2557 3508 2625 τῆς

1919 2659 2062 2716 κατά
2097 2659 2246 2728 σφῶν
2290 2658 2486 2729 ἀρχῆς.
2524 2655 2742 2725 Ταύτης
2776 2653 2940 2708 ἕνεκα
2969 2653 3068 2715 τῆς
3105 2650 3283 2712 αἰτίας
3310 2651 3339 2702 6
3387 2647 3509 2701 θεο-

1923 2754 2084 2824 μισὴς
2106 2752 2200 2805 καὶ
2223 2750 2451 2812 δείλαιος
2476 2749 2575 2812 τὰς
2603 2747 2810 2818 χρυσᾶς
2860 2746 3045 2807 αὐτοῖς
3070 2742 3327 2814 δαμάλεις
3357 2741 3510 2810 ἀφιε-

1924 2843 2048 2916 ροῦν
2079 2843 2392 2905 ἐσκέπτετο,
2427 2841 2520 2895 καὶ
2571 2839 2660 2894 τὸν
2709 2838 2809 2910 τῆς
2855 2837 3068 2892 ἀνοσίου
3116 2832 3511 2906 ψευδολατρίας

1919 2937 2131 2991 ἐπενόει
2166 2934 2385 3007 τρόπον,
2425 2933 2519 2988 καὶ¹
2563 2933 2904 3002 καινοτομεῖν
2958 2929 3236 3000 ἐπεχείρει
3268 2927 3366 2990 τὰς
3413 2925 3510 2983 ἐπὶ

1847 3061 1896 3124 c
1925 3032 2045 3094 ταῖς
2076 3027 2373 3098 δαμάλεσιν
2402 3025 2626 3124 ιέορτὸις1
2655 3025 2730 3088 ὡς
2763 3026 2790 3077 6
2827 3024 2925 3094 τῆς
2969 3020 3248 3124 Ἱὲἒίῦραίων⁵
3271 3017 3512 3089 παραδό-

1929 3141 2066 3188 σεως
2092 3123 2204 3193 ἐχει
2231 3123 2405 3190 λόγος.
2433 3116 2542 3174 Ἦν
2567 3116 2660 3174 οὖν
2693 3121 2752 3173 ἐν
2778 3120 2974 3189 ἀρχαῖς
2997 3116 3058 3170 οὐ
3091 3114 3327 3185 μετρίως
3355 3127 3510 3181 περι-

1924 3213 2070 3282 δεὴς,
2126 3211 2200 3282 μὴ
2249 3211 2359 3283 ἄρα
2409 3213 2477 3282 τῇ
2525 3209 2731 3264 ἄνωθεν
2782 3209 2878 3262 καὶ
2919 3211 2984 3262 ἐκ
3034 3206 3285 3276 πατέρων
3324 3203 3508 3264 αὐτοῖς

1927 3304 2136 3377 ἡκούσῃ
2174 3302 2398 3375 λατρεία
2447 3301 2918 3373 συναγορεύοντες,
2949 3299 2981 3370 ἢ
3007 3299 3113 3352 τῶν
3165 3297 3370 3368 θρόνων
3417 3295 3508 3360 ἐξ-

1927 3395 2144 3457 ώσειαν,
2181 3393 2214 3464 ἢ
2250 3393 2344 3447 καὶ
2373 3391 2657 3457 ἀνέλωσιν,
2685 3391 2760 3456 ὡς
2790 3390 2946 3462 ἔφην,
2984 3391 3078 3444 καὶ
3119 3387 3508 3458 παρωσάμενοι

1927 3487 1987 3540 τὸ
2013 3487 2339 3557 ἐγχείρημα,
2376 3484 2761 3555 παλινδρομεῖν
2786 3483 2990 3536 ἕλοιντο
3033 3482 3168 3551 πρὸς
3198 3479 3288 3532 τὸν
3318 3481 3376 3530 ἐν
3405 3479 3506 3548 ἁρ-

1928 3581 2068 3649 χαῖς,
2113 3577 2475 3648 λελυπημένοι
2538 3593 2599 3628 τε
2645 3574 2740 3628 καὶ
2788 3571 3220 3643 ἀγανακτοῦντες
3258 3567 3507 3629 εἰκότως,

1927 3673 2002 3735 ὡς
2024 3669 2352 3743 ὑϐρισμένου
2386 3667 2650 3732 Μωσέως,
2683 3667 2779 3721 καὶ
2818 3666 2918 3735 τῆς
2947 3665 3096 3726 θείας
3123 3663 3304 3724 αὐτοῖς
3331 3675 3510 3728 πατη-

1929 3763 2114 3832 θείσης
2142 3760 2376 3832 ἐντολῆς.
2399 3759 2666 3830 Ταύτῃτοι
2686 3757 2911 3828 ἀλώπηξ
2941 3756 3017 3809 ὣν
3047 3756 3126 3818 εἰς
3153 3749 3511 3814 δόλους,κοιθ‹

1933 3857 2043 3927 ίησι
2097 3853 2323 3917 πολλοὺς
2371 3855 2428 3907 ἐν
2481 3851 2558 3923 τῷ
2623 3851 2876 3923 Ἰσραὴλ,
2947 3845 3400 3918 διαθρυλιλοῦντὰς
3447 3860 3509 3896 τε

1929 3947 2024 4001 καὶ
2051 3945 2327 4015 λέγοντας,
2365 3945 2448 3998 ὅτι
2496 3944 2602 4015 χρὴ
2652 3945 2746 3998 καὶ
2793 3944 3135 4015 μοσχοποιεῖν
3169 3940 3385 4003 αὐτοὺς,
3416 3938 3510 3992 καὶ

1930 4041 2273 4111 καινουργεῖν
2305 4038 2492 4108 ἐορτάς
2531 4037 2684 4100 ἰδίας,
2723 4036 2818 4090 καὶ
2851 4035 3008 4089 τοῦτο
3048 4033 3181 4086 αὐτὸ
3223 4032 3372 4103 παρᾶ
3415 4029 3509 4083 τοῦ

1933 4132 2196 4203 βασιλέως
2227 4133 2418 4186 αἰτεῖν.
2474 4130 2690 4201 Ἐπειδὴ
2730 4130 2786 4183 δέ
2834 4130 2959 4191 τοὺς
3003 4127 3194 4197 ὄχλους
3242 4123 3512 4191 ἐμάνθανε

1931 4225 2064 4279 πολὺ
2097 4224 2161 4296 δὴ
2195 4224 2314 4277 λίαν
2348 4223 2568 4294 ἔχοντας
2599 4221 2849 4292 ἑτοίμους
2881 4221 2959 4284 είς
2986 4218 3165 4282 τοῦτο,
3199 4214 3512 4270 συναινοῦν-

1930 4316 2030 4380 τάς
2068 4333 2128 4369 τε
2170 4316 2265 4368 καὶ
2295 4314 2685 4385 συνηδομένους
2727 4315 2839 4376 τοῖς
2883 4311 2952 4365 τὰ
2989 4310 3167 4364 τοιάδε
3211 4306 3515 4379 συμϐεϐου-

247 4401 435 4461 νὶιυιῐε,
473 4403 653 4457 aureis
695 4401 1132 4469 impertiendam,
1182 4413 1236 4458 et
1271 4404 1415 4459 diem
1459 4406 1600 4460 festo
1650 4408 1819 4462 octavi

1933 4408 2170 4474 λευκόσι,
2207 4405 2530 4474 συναγαγὼν
2559 4405 2824 4467 ἅπαντας,
2855 4400 3321 4474 προσπεφώνηκεν
3353 4400 3515 4468 ἐναρ-

247 4495 452 4550 mensis
484 4495 753 4549 decimum
784 4495 1034 4565 quintum
1064 4499 1247 4552 sanxit
1274 4499 1341 4563 ¹⁰,
1371 4500 1514 4554 sicut
1560 4501 1823 4571 scriptum

247 4585 494 4655 legimus.
536 4584 696 4656 109
729 4584 851 4640 llmc
884 4593 998 4640 tum
1023 4585 1348 4644 Jeroboamo
1404 4589 1652 4654 dicente,
1711 4591 1825 4645 lau-

249 4679 412 4732 dabat
450 4677 698 4748 populus,
728 4688 781 4732 et
814 4678 1193 4733 exclamabat:
1235 4698 1252 4730 ι
1291 4679 1417 4735 Haec
1457 4692 1541 4736 est
1590 4683 1705 4738 dies
1733 4698 1822 4739 rc-

249 4768 331 4836 gis
367 4785 380 4820 :
417 4787 436 4819 ι
479 4770 618 4826 idem
648 4779 704 4826 et
735 4771 890 4826 nobis
918 4773 1024 4826 erit
1055 4773 1420 4842 propositum,
1453 4785 1509 4830 et
1560 4776 1678 4832 aliis
1699 4779 1824 4847 qui-

249 4857 478 4912 busdam
503 4860 874 4931 hujuscemodi
909 4862 1159 4917 laudibus
1182 4877 1303 4916 eum
1338 4866 1642 4920 recreabat.
1693 4867 1824 4922 Cum

253 4951 452 5020 populo
493 4965 670 5008 autem
711 4955 1096 5011 auferebantur
1133 4966 1187 5011 et
1242 4958 1406 5012 duces
1435 4958 1558 5027 ipsi,
1610 4974 1733 5013 cum
1766 4973 1830 5013 eo

255 5041 574 5104 sentientes,
607 5053 663 5096 et
696 5058 809 5096 rem
839 5049 1218 5115 approbantes.
1255 5047 1457 5104 Horum
1509 5050 1558 5103 in
1593 5066 1830 5116 praesens

253 5134 516 5203 propheta
567 5137 833 5190 meminit.
879 5157 895 5188 ι
955 5140 1174 5202 Omnes,
1214 5141 1412 5211 inquit,
1456 5144 1830 5199 adulterantes

252 5237 312 5280 ut
361 5225 606 5281 clibanus
647 5227 847 5282 ardens
892 5229 946 5282 in
1008 5231 1313 5286 coetionem
1362 5236 1756 5291 comlmstionis
1799 5253 1828 5290 a

253 5318 489 5373 flamma.
522 5338 540 5372 ι
573 5318 708 5386 Quia
735 5321 879 5373 enim
928 5322 978 5373 in
1017 5322 1428 5379 fornicationem
1468 5331 1828 5396 spirilttztlem,

255 5415 366 5466 sive
401 5415 455 5467 in
501 5412 858 5468 defectionem
904 5431 930 5467 a
991 5413 1097 5468 Deo
1131 5413 1462 5471 deflexerant
1511 5422 1634 5490 (hoc
1686 5425 1828 5475 enim

260 5518 340 5558 est
375 5505 686 5575 fornicatio)
735 5504 1109 5572 clibanosjam
1154 5521 1464 5575 succenses,
1518 5524 1570 5567 et
1611 5516 1677 5570 ad
1731 5518 1828 5570 im-

329 5693 349 5731 ⁹
391 5693 505 5756 Act.
540 5711 616 5763 tv,
667 5695 758 5749 27.
838 5695 880 5728 ¹⁰
911 5694 980 5751 III
1024 5694 1157 5770 Ileg.
1200 5711 1299 5764 xtl,
1342 5694 1431 5761 52.

1935 4499 2066 4569 γῶς,
2100 4500 2182 4552 ὅτι
2226 4499 2320 4552 καὶ
2359 4500 2478 4561 ταῖς
2514 4497 2778 4568 δαμάλεσι
2811 4497 2930 4559 ταῖς
2969 4497 3198 4567 χρυσαῖς
3246 4491 3516 4562 προσήκει

1935 4594 2284 4666 προσκυνεῖν,
2329 4591 2422 4644 καὶ
2463 4590 2562 4658 τὴν
2606 4590 2703 4660 τῆς
2733 4588 2929 4660 ἑορτῆς
2963 4586 3352 4656 πεφανέρωκεν
3379 4582 3516 4653 ἡμέ-

1937 4704 2056 4760 ραν,
2087 4683 2179 4738 τοῦ
2232 4682 2420 4752 ὀγδόου
2468 4682 2636 4752 μηνὸς
2681 4681 2784 4751 τὴν
2825 4677 3339 4746 πεντεκαιδεκάτην,
3370 4674 3516 4727 καθὰ

1933 4779 2263 4849 γέγραπται.
2286 4774 2471 4828 Ταῦτα
2498 4773 2554 4826 δὲ
2583 4773 2832 4841 λέγοντος
2865 4771 3179 4842 τοτηνικόιδε
3213 4769 3304 4821 τοῦ
3353 4766 3520 4837 Ἱερο·

1930 4870 2073 4941 ϐοὰιμ
2105 4869 2426 4937 ὲπεφήμουν
2456 4867 2504 4919 οί
2547 4865 2732 4936 δῆμοι,
2769 4864 2864 4917 καὶ
2893 4862 3300 4934 ἀνεκράγησαν,
3325 4878 3342 4909 ‹
3368 4858 3520 4928 Αὕτη

1930 4965 1963 5033 ὴ
1991 4963 2177 5034 ἡμέρα
2220 4963 2315 5016 τοῦ
2365 4961 2664 5032 βασιλέως⁸
2701 4979 2718 5011 ι
2756 4958 2900 5012 οὕτω
2932 4957 3024 5011 καὶ
3071 4957 3231 5025 ἡμεῖς
3273 4950 3522 5020 ἑψόμεθα

1931 5052 2008 5123 τῷ
2039 5053 2244 5124 σκοπῷ,
2278 5055 2372 5107 καὶ
2403 5053 2607 5124 ἑτέροις
2627 5052 2683 5104 δέ
2700 5069 2807 5104 τισι
2827 5049 3091 5110 τοιούτοις
3117 5045 3360 5104 ἐπαίνοις
3385 5058 3516 5094 κατ·

1931 5145 2240 5215 ευφραίνειν
2281 5131 2500 5215 ἤθελον.
2551 5142 3057 5212 Συναπεκομίζοντο
3113 5138 3169 5190 δέ
3198 5138 3310 5199 τοῖς
3338 5133 3520 5204 ὄχλοις

1935 5239 2030 5290 καὶ
2079 5239 2127 5288 οἱ
2174 5235 2530 5308 καθηγεῖσθαι
2574 5234 2849 5303 λαχόντες,
2902 5229 3260 5302 σεονηχοῦντές
3305 5244 3365 5280 τε
3428 5225 3524 5279 καὶ

1939 5328 2311 5391 συναινοῦντες
2337 5330 2539 5391 αὐτοῖς.
2565 5326 2781 5380 Τούτων
2809 5327 2942 5396 ἡμῖν
2971 5325 3051 5386 εἰς
3080 5324 3140 5375 τὸ
3169 5321 3343 5391 παρὸν
3378 5321 3406 5371 6
3427 5316 3522 5370 τοῦ

1941 5423 2218 5494 προφήτου
2253 5424 2621 5494 διαμέμνηται
2664 5419 2842 5488 λόγος·
2881 5437 2899 5469 ε
2950 5418 3158 5479 Πάντες
3189 5415 3321 5486 γὰρ’
3364 5411 3520 5482 φη⁶ὶ’

1945 5517 2286 5588 μοιχεύοντες
2317 5517 2390 5580 ὡς
2430 5516 2678 5578 κλίϐανος
2714 5513 2999 5584 καιόμενος
3033 5511 3112 5574 εἰς
3161 5509 3322 5579 πέψιν
3357 5522 3524 5560 κατασ
