3954 6208
203 289 308 353 183

1123 297 1671 356 COMMENTARIUS
1710 297 1781 353 IN
1817 297 2048 354 OSEAM
2089 293 2534 354 PROPHETAM.

3356 289 3460 348 186

214 412 508 484 καύματος,
538 411 648 466 ἀπὸ
677 411 778 482 τῆς
807 412 1021 482 φλογός.
1067 432 1084 466 ι
1124 417 1536 482 Διανενευκότες
1565 416 1672 488 γὰρ
1705 417 1783 479 είς

1903 415 2049 469 nissa
2091 413 2372 483 coquenda
2398 419 2618 480 paratos
2668 407 2993 463 referebant.
3039 405 3281 460 Flamma
3314 407 3457 460 enim

214 503 460 575 πορνείαν
504 502 604 572 τὴν
637 504 852 573 νοητὴν,
882 506 1047 575 ἤγουν
1079 507 1158 568 είς
1204 507 1508 562 ἀπόστασιν
1547 508 1642 578 τὴν
1673 506 1780 561 ἀπὸ

210 591 332 647 Θεοῦ
366 592 548 662 (τοῦτο
567 592 674 664 γὰρ
699 595 731 664 ἡ
761 595 1026 664 πορνεία),
1059 596 1328 662 κλιϐάνοις
1351 599 1596 652 ἐοίκεσαν
1626 600 1780 651 ἐκκε·

211 684 496 752 κσυμένοις
526 684 626 755 ήδη
651 702 786 746 πως,
820 687 914 738 καὶ
945 687 1182 758 ἑτοίμοις
1213 690 1292 752 είς
1329 689 1491 760 πέψιν
1515 684 1590 743 ὧν
1612 689 1676 743 ἄν
1699 706 1782 751 τις

207 773 450 843 ἐμΰάλοι.
510 776 711 843 Φλογὸς
756 777 866 848 γάρ
911 773 1048 848 ἦσαν
1098 781 1527 851 μεμεστωμένοι,
1577 780 1784 851 θερμῆς

209 858 472 935 δηλονότι,
509 869 603 921 καὶ
631 869 792 920 οἱονεὶ
824 869 1256 940 διακεκαυμένης
1283 870 1600 940 ἐπιθυμίας.
1645 870 1782 923 Ἐοί-

208 972 369 1007 κεσαν
397 957 457 1010 δὲ
485 959 581 1012 καὶ
612 959 892 1028 φυράματι
907 961 1147 1025 στέατος,
1162 961 1335 1031 ἔχοντι
1356 963 1452 1032 μὲν
1469 962 1568 1032 ἤδη
1588 961 1684 1033 τὴν
1701 960 1788 1025 ζύ-

211 1063 335 1116 μην,
355 1048 664 1117 ζυμωθέντι
685 1050 742 1103 δέ
763 1051 1002 1114 τελείως,
1025 1054 1081 1105 ἐν
1098 1053 1280 1124 ἡμέρα
1303 1052 1564 1122 βασιλέως
1584 1053 1782 1118 αὐτῶν,

209 1137 311 1199 ὅτε,
339 1139 597 1210 καθάπερ
632 1143 767 1212 ἔφην
791 1143 1008 1214 ἀρτίως,
1056 1144 1356 1213 ἀναφανδὸν
1397 1145 1673 1216 εἰρηκότος
1691 1144 1786 1198 τοῦ

220 1229 523 1301 ἰεροὸοάμ,
556 1233 638 1286 ὃτι
667 1233 773 1304 χρὴ
809 1233 954 1287 θύειν
985 1237 1104 1297 ταῖς
1132 1235 1415 1306 δαμάλεσι,
1453 1237 1544 1290 καὶ
1573 1236 1672 1299 τὰς
1701 1237 1786 1290 ἐπ’

212 1318 388 1380 αὐτοῖς
438 1319 612 1372 τελεῖν
665 1323 878 1391 ἑορτάς,
930 1322 1240 1392 ἐπεφώνουν
1289 1325 1455 1378 αὑτοίο
1497 1345 1515 1377 ι
1559 1325 1708 1398 Αὕτη
1751 1327 1785 1396 ὴ

211 1407 390 1478 ἡμέρα
440 1412 536 1464 τοῦ
588 1411 874 1482 βασιλέως,
916 1433 934 1466 ι
972 1415 1243 1488 καθάπερ,
1290 1417 1364 1482 ώς
1409 1418 1567 1489 ἔφην,
1614 1419 1642 1470 ὁ
1687 1417 1788 1488 τῆς

213 1501 562 1568 παραδόσεως
591 1504 704 1574 ἔχει
739 1507 915 1575 λόγος.
951 1507 1083 1560 Τότε
1135 1509 1228 1562 καὶ
1259 1509 1513 1581 ἐζυμώθη
1547 1509 1785 1574 τελείως,

215 1593 510 1657 τουτέστιν,
539 1595 566 1647 ό
596 1596 752 1666 λόγος
781 1598 840 1665 ἐξ
872 1599 994 1652 ὅλου
1027 1599 1216 1668 γέγονε
1245 1603 1310 1671 τῇ
1335 1601 1622 1670 δυσσεϐείᾳ
1655 1601 1787 1654 κάτ-

1885 514 2044 561 erant
2091 505 2266 573 pleni,
2313 503 2539 558 ferventi
2593 501 2844 555 videlicet
2892 507 2948 553 et
3010 500 3156 554 velut
3208 498 3460 568 ﬂagranti

1887 596 2200 666 cupiditate.
2250 595 2464 649 Similes
2511 595 2638 649 item
2692 607 2884 646 massa:
2935 592 3158 646 habenti
3193 591 3306 659 jam
3353 593 3462 645 fer-

1887 697 2161 754 mentum,
2223 686 2431 757 integre
2475 695 2652 741 autcm
2700 685 3037 739 fermentatus
3083 685 3136 738 in
3185 684 3272 738 die
3321 682 3464 753 regis

1891 779 2171 850 ipsorum;
2211 787 2395 848 utpote
2423 791 2572 841 cum,
2628 786 2687 832 ut
2718 776 2878 831 modo
2916 777 3183 839 dicebam,
3231 773 3465 828 manife-

1893 870 2138 926 stissime
2168 869 2415 925 edicentc
2436 868 2747 935 .leroboam,
2784 868 3201 923 sacriﬁcandum
3229 881 3352 920 esse
3385 865 3460 918 vi-

1895 960 2020 1015 tulis
2045 968 2098 1015 et
2115 960 2352 1030 agendos
2373 961 2427 1014 in
2443 960 2700 1014 honorem
2727 960 2964 1029 ipsorum
2988 959 3104 1014 dies
3129 958 3316 1021 festos,
3347 971 3464 1011 suc-

1896 1053 2209 1109 clamarunt
2237 1053 2312 1107 illi
2348 1071 2403 1108 :r
2429 1051 2554 1107 Haec
2577 1051 2694 1106 dies
2726 1053 2890 1122 regis.
2917 1069 2936 1102 ι
2963 1059 3020 1104 ιιι
3049 1050 3304 1104 traditum
3327 1049 3468 1102 litte-

1894 1143 1970 1198 ris
1991 1143 2222 1200 aiebam.
2253 1144 2404 1198 Tunc
2443 1142 2824 1197 fermentatum
2848 1149 2928 1196 est
2948 1142 3206 1210 perfecte,
3230 1141 3331 1194 hoc
3359 1148 3464 1204 est,

1893 1249 2072 1289 sermo
2101 1235 2274 1289 editus
2323 1244 2407 1288 est
2440 1249 2505 1288 ex
2531 1247 2650 1287 asse
2671 1233 2890 1301 impius.
2936 1232 3104 1302 Igitur
3130 1230 3455 1300 prmaccensi

1892 1326 2087 1380 animis
2127 1325 2460 1380 ferventibus
2497 1332 2552 1379 et
2592 1324 2980 1392 impotentibus
3027 1323 3093 1375 ad
3146 1332 3453 1391 transgres-

1890 1417 2095 1473 sionem
2133 1418 2540 1486 cupiditatibus,
2570 1416 2806 1486 etprius
2861 1414 3168 1469 fermentati
3202 1413 3434 1482 quodam

1893 1512 2053 1563 modo
2081 1511 2377 1564 secundum
2405 1509 2548 1562 hunc
2577 1509 2752 1576 ipsum
2803 1507 3018 1560 modum
3070 1505 3124 1558 in
3156 1506 3243 1559 die
3283 1503 3424 1574 regis
3449 1542 3466 1569 ,

1893 1601 1945 1655 in
1971 1609 2268 1655 extremam
2310 1601 2644 1669 impietatem
2682 1598 2918 1653 devoluti
2953 1607 3100 1652 sunt.

215 1699 353 1751 οχος.
415 1686 646 1752 Οὐκοῦν,
709 1691 1143 1761 προκεκαυμένοι
1175 1692 1264 1745 τὸν
1327 1691 1451 1745 νοῦν
1481 1695 1600 1756 ταῖς
1632 1694 1712 1756 εἰς
1782 1694 2092 1764 παράϐασιν
2158 1693 2386 1762 θερμαῖς
2434 1693 2527 1744 καὶ
2575 1691 2898 1754 ἀκαθέκτοις
2957 1689 3294 1760 ἐπιθυμίαις,
3333 1707 3470 1760 προ-

217 1771 556 1844 ζυμωθέντες
584 1778 638 1832 δὲ
667 1779 852 1851 ὥσπερ
879 1780 1020 1834 κατά
1046 1779 1234 1836 τοῦτον
1265 1783 1426 1837 αὐτὸν
1451 1782 1544 1837 τὸν
1569 1785 1769 1855 τρόπον
1800 1784 1858 1836 ἐν
1893 1784 2076 1856 ἡμέρᾳ
2101 1781 2387 1854 βασιλέως,
2427 1783 2508 1844 είς
2536 1781 2596 1835 τὸ
2627 1781 2728 1850 τῆς
2758 1781 3094 1852 φαυλότητος
3135 1781 3470 1865 κατώλισθον

220 1869 407 1938 ρας.

283 1959 537 2014 Τοιοῦτόν
556 1977 608 2014 τι
630 1961 950 2033 δεδράκασιν
982 1962 1223 2017 Ἰουδαῖοι
1252 1963 1411 2019 πάλιν
1434 1963 1525 2020 ἐπὶ
1547 1961 1787 2035 Χριστῷ.

1961 1956 2093 2014 Tale
2136 1957 2395 2028 quiddam
2442 1965 2497 2013 et
2539 1955 2714 2012 Judaei
2761 1956 2818 2011 in
2864 1956 3145 2012 Christum
3199 1959 3464 2017 fecerunt.

218 2051 694 2122 Καταψευδόμενοι
748 2053 855 2125 γάρ
905 2055 1004 2123 τῆς
1050 2055 1207 2125 δόξης
1257 2055 1446 2122 αὑτοῦ,
1503 2056 1595 2108 καὶ
1647 2055 1790 2107 κατά

159 2220 162 2223 Ι
222 2141 389 2212 βραχὺ
420 2143 548 2205 τοὺς
596 2142 786 2212 ὄχλους
832 2143 1139 2210 ἐξέλκοντες
1180 2146 1282 2217 τῆς
1331 2148 1412 2210 είς
1450 2147 1610 2200 αὑτὸν
1650 2146 1788 2214 ἀγά-

221 2251 322 2304 πης
359 2235 411 2286 οἱ
444 2233 795 2304 Γραμματεῖς
851 2253 912 2288 τε
945 2238 1038 2290 καὶ
1067 2239 1347 2307 Φαρισαῖοι
1385 2237 1789 2310 πεπορνεύκασι

223 2325 442 2396 νοητῶς,
477 2328 885 2396 ἀποστήσαντες
931 2327 1094 2382 αὑτοῦ
1139 2329 1239 2400 τὴν
1267 2331 1529 2399 ἀγελαίαν
1560 2329 1786 2400 πληθύν.

287 2417 582 2484 Ἤρξαντο
638 2422 689 2473 οἱ
746 2419 1034 2488 ἄρχοντες
1087 2421 1421 2490 θυμοῦσθαι
1470 2422 1541 2488 ἐξ
1598 2424 1789 2488 οἴνου,

223 2506 478 2570 ἐξέτεινε
534 2507 650 2576 τὴν
702 2510 873 2578 χεῖρα
930 2510 1116 2565 αὑτοῦ
1157 2514 1310 2581 μετὰ
1368 2513 1611 2583 λοιμῶν,
1647 2513 1793 2568 διότι

223 2599 645 2666 ἀνεκαύθησαν
674 2601 754 2667 ὡς
801 2603 1084 2668 κλίϐανος
1111 2607 1171 2657 αἱ
1207 2603 1440 2674 καρδίαι
1470 2605 1687 2662 αὐτῶν.

288 2691 402 2745 ΟΔ’.
447 2687 624 2754 Οἶνον,
653 2692 728 2756 ὡς
756 2693 950 2760 ἔοικεν,
977 2695 1161 2750 ἐνθάδε
1189 2698 1322 2767 φησὶ
1345 2696 1437 2749 τὸν
1468 2695 1524 2762 ἐξ
1550 2694 1792 2766 ἀμπέλου

227 2781 488 2852 fana/agam,
522 2782 616 2836 τὸν
662 2786 1145 2855 καταμεθῦσκοντα
1186 2787 1434 2858 καρδίας,
1466 2787 1559 2840 καὶ
1607 2785 1793 2839 ἐπιθο-

227 2871 413 2925 λοῦντα
457 2873 553 2926 τὸν
601 2875 744 2940 νοῦν,
796 2878 890 2929 καὶ
932 2877 1127 2948 ἀχλύος
1161 2879 1323 2932 αὐτὸν
1371 2878 1797 2947 ἀναπιμπλάντα

229 2965 318 3033 τῆς
343 2963 594 3034 ὀλεθρίου
629 2967 721 3020 καὶ
753 2965 1030 3038 βδελυρᾶς.
1066 2969 1554 3039 Δεδυσιρορηκότων
1593 2967 1658 3039 δὴ
1703 2963 1796 3021 οὖν

230 3053 378 3107 ἐνίων
411 3055 504 3106 ἐπί
539 3072 598 3108 τε
625 3059 690 3128 τῇ
726 3057 834 3111 τῶν
876 3059 1161 3129 δαμάλεων
1200 3060 1539 3130 καινοτομίᾳ,
1567 3060 1660 3114 καὶ
1697 3059 1797 3131 μέν

231 3162 304 3198 τοι
345 3147 458 3200 τῶν
492 3149 715 3218 ἑορτῶν,
748 3149 1123 3220 παρεθήγοντο
1171 3151 1305 3221 πρὸς
1349 3152 1517 3223 ὀργὰς
1545 3153 1652 3206 τῶν
1697 3152 1798 3223 ἀρ-

231 3235 422 3304 χόντων
449 3238 612 3302 τινές.
637 3239 752 3292 Ἵνα
775 3240 832 3293 δέ
869 3239 942 3312 μὴ
970 3241 1144 3312 ὁρῷτο
1172 3242 1278 3295 τῶν
1305 3244 1674 3314 σεσιγηκότων
1705 3243 1799 3297 καὶ⁵

231 3329 494 3400 εὐφημεῖν
538 3331 638 3384 οὐκ
670 3333 1012 3403 ἀνεχομένων
1045 3335 1077 3403 ἡ
1109 3334 1524 3405 σωφρονεστέρα
1567 3335 1794 3406 πληθὺς,

230 3420 376 3472 αὐτοὶ
409 3423 523 3484 τοῖς
551 3421 728 3492 ὄχλοις
758 3423 855 3487 τάς
885 3427 1073 3494 χεῖρας
1103 3425 1550 3490 συνεκτείνοντες,
1587 3425 1800 3496 ἐπεφώ-

228 3528 348 3563 νουν
380 3514 479 3565 καὶ
512 3512 592 3566 ἔτι
641 3513 920 3582 μειζόνως,
963 3533 981 3566 ι
1021 3514 1168 3588 Αὕτη
1217 3518 1250 3588 ἡ
1295 3516 1476 3587 ἡμέρα
1509 3515 1601 3570 τοῦ
1646 3517 1800 3587 βασι-

229 3600 376 3666 λέως,
415 3622 434 3654 ι
479 3604 574 3656 καὶ
618 3605 740 3668 τοὺς
784 3605 883 3675 τῆς
917 3607 1259 3676 ἀνοσιότητος
1305 3607 1628 3677 ἀπεδέχοντο
1675 3603 1798 3680 τρό-

231 3707 382 3755 πους.
415 3694 726 3764 Ὠργίζοντο
741 3695 917 3749 τοίνυν
951 3697 1374 3768 μεμεθυσμένοι,
1395 3699 1577 3768 φησὶν,
1609 3698 1798 3768 ἀνοσία

233 3782 390 3854 μέθῃ,
426 3786 522 3838 καὶ
554 3787 666 3850 τοῖς
703 3787 778 3858 μὴ
822 3789 1167 3859 συντρέχουσι
1202 3791 1312 3851 τοῖς
1352 3787 1523 3852 οῦτως
1557 3791 1799 3859 αἰσχροῖς

230 3876 353 3938 τοὺς
393 3875 614 3942 ὀδόντας
645 3878 950 3950 ἐπέτριζον,
973 3880 1180 3949 λοιμοῖς
1230 3873 1654 3944 συνεκτείνοντες
1702 3882 1801 3945 τάς

233 3967 438 4022 ἑαυτῶν
489 3972 700 4040 χεῖρας.
735 3972 971 4044 Αοιμοὺς
1007 3973 1064 4026 δέ
1097 3990 1228 4044 φησι
1260 3975 1386 4036 τοὺς
1418 3974 1625 4044 ὄχλους.
1673 3974 1801 4026 Ἐπ-

233 4060 485 4132 εκρότουν
503 4064 633 4132 γὰρ,
655 4064 838 4134 φησὶν,
857 4065 930 4128 ώς
950 4065 1102 4139 ἔφην,
1132 4065 1307 4119 καίτοι
1327 4067 1690 4136 παιδαγωγεῖν
1719 4069 1799 4133 είς

231 4152 512 4206 εὐσέϐειαν
544 4154 865 4223 ὀφείλοντες,
895 4157 986 4210 καὶ
1015 4156 1108 4228 τὴν
1138 4157 1231 4210 τοῦ
1262 4157 1630 4229 συμφέροντος
1671 4157 1801 4212 ἀνα-

231 4242 470 4312 καλύψαι
502 4245 707 4315 τρίϐον.
751 4246 892 4298 Ἀλλ’
917 4244 1056 4318 ἦσαν
1099 4247 1291 4320 θερμοὶ
1322 4250 1420 4320 τὴν
1451 4249 1676 4319 καρδίαν
1705 4249 1800 4302 καὶ

229 4335 402 4404 αὐτοὶ,
440 4337 597 4404 φησι,
629 4337 723 4408 τῆς
757 4339 836 4401 είς
871 4339 1180 4410 παράϐασιν
1211 4340 1502 4413 ἐπιθυμίας
1537 4342 1636 4411 τὴν
1681 4341 1799 4394 ὀλε-

231 4423 385 4494 θρίαν
417 4427 502 4488 είς
526 4427 647 4480 νοῦν
675 4427 956 4498 δεξάμενοι
991 4430 1186 4498 φλόγα.

307 4519 411 4572 Ἐν
440 4518 524 4583 τῷ
550 4521 986 4590 καταρῤάσσειν
1008 4522 1248 4586 αὐτοὺς,
1283 4522 1438 4589 ὅλην
1467 4525 1582 4590 τὴν
1612 4523 1801 4577 νύκτα

1888 2049 2210 2104 Ilentientes
2247 2048 2392 2104 enim
2422 2057 2612 2102 contra
2640 2048 2867 2116 gloriam
2921 2049 3090 2118 ipsius
3117 2089 3134 2114 ,
3176 2053 3468 2120 paulatim-

1887 2156 1992 2212 que
2020 2141 2208 2196 turbas
2241 2141 2309 2196 ab
2345 2141 2462 2208 ejus
2505 2139 2798 2196 dilectione
2830 2140 3211 2198 abstrahentes
3247 2144 3454 2202 Scribae

1888 2244 1944 2288 et
1989 2233 2272 2299 Pharisaei,
2310 2233 2559 2288 fornicati
2605 2241 2732 2288 sunt
2784 2233 3142 2303 spiritualiter
3194 2237 3464 2308 plebeiam

1890 2326 2289 2382 multitudinem
2323 2327 2391 2380 ab
2423 2326 2542 2396 ipso
2567 2335 2906 2382 avertentes.

1964 2417 2128 2474 Vens.
2177 2417 2230 2472 5.
2262 2417 2537 2487 Coeperunt
2580 2419 2840 2485 principes
2880 2419 3056 2489 [urere
3103 2438 3135 2473 α
3181 2421 3322 2485 vino,
3380 2437 3474 2477 ea:-

1890 2512 2051 2565 tendit
2079 2527 2290 2565 manum
2311 2527 2462 2564 suam
2484 2526 2602 2564 cum
2625 2511 2874 2580 pestibus,
2909 2512 3036 2581 quia
3064 2529 3311 2568 succensa
3349 2522 3471 2567 sunt

1891 2603 2044 2671 quasi
2073 2602 2310 2655 clibanus
2345 2602 2506 2654 corda
2537 2617 2743 2654 eorum.

1964 2691 2198 2748 LXXIV.
2234 2690 2454 2755 Vinum,
2481 2699 2541 2744 ut
2591 2678 2839 2759 apparet,
2889 2689 3124 2759 appellat
3167 2690 3254 2744 hic
3293 2705 3356 2744 ex
3389 2690 3471 2744 vi-

1895 2798 1993 2839 nea
2029 2783 2386 2837 Sodomorum
2419 2780 2698 2836 inebrians
2735 2779 2924 2847 corda,
2963 2789 3016 2834 et
3047 2781 3275 2834 turbans
3319 2796 3469 2834 ruen-

1898 2885 2002 2932 tem
2029 2917 2046 2942 ,
2087 2889 2316 2944 eamque
2376 2873 2681 2943 perniciosa
2719 2881 2773 2927 et
2825 2873 3190 2927 abominanda
3224 2873 3460 2943 caligine

1897 2966 2145 3035 impleas.
2175 2965 2507 3032 Quibusdam
2544 2963 2708 3035 igitur
2746 2964 3044 3019 novitatem
3075 2963 3368 3018 vitulorum
3395 2964 3472 3016 in-

1898 3057 2293 3123 troductorum,
2330 3065 2490 3127 atque
2522 3057 2684 3112 etiam
2735 3057 2867 3112 festa
2903 3055 3177 3126 indignius
3239 3053 3463 3110 ferenti-

1899 3151 2020 3215 bus,
2052 3149 2300 3205 nonnulli
2326 3149 2598 3218 principes
2654 3148 2737 3203 ira
2784 3158 3126 3203 exarserunt.
3172 3145 3250 3201 Ne
3281 3157 3466 3202 autem

1904 3241 2219 3307 tacentium,
2246 3250 2301 3296 et
2333 3241 2554 3295 laudare
2583 3255 2688 3295 non
2723 3240 3111 3295 sustinentium
3136 3249 3309 3295 cretus
3337 3255 3460 3309 pruo

1900 3332 2111 3388 dentior
2145 3339 2445 3402 putaretur,
2485 3331 2585 3400 ipsi
2614 3346 2734 3385 cum
2777 3331 2975 3401 populo
3029 3346 3221 3384 manus
3271 3339 3470 3383 exten-

1901 3427 2090 3482 dentes
2147 3425 2523 3480 acclamabant
2568 3423 2800 3478 validius
2850 3424 3030 3478 adhuc
3061 3440 3074 3476 :
3111 3440 3130 3474 ι
3173 3421 3296 3476 llaec
3339 3422 3459 3476 dies

1901 3516 2041 3588 regis
2071 3556 2085 3581 ,
2122 3533 2142 3568 ι
2182 3515 2340 3585 ιιο
2363 3523 2419 3569 et
2453 3529 2634 3569 mores
2666 3513 2865 3583 impios
2911 3512 3300 3582 approbabunt.
3354 3511 3469 3566 lra-

1901 3609 2190 3662 scebantur
2244 3607 2426 3675 itaque
2483 3603 2757 3670 inebriati,
2808 3603 3006 3674 inquit,
3057 3603 3322 3658 ebrietate
3348 3618 3469 3659 sce-

1902 3700 2094 3764 lerata,
2129 3707 2181 3755 et
2215 3713 2379 3767 super
2412 3698 2478 3752 iis
2521 3697 2613 3766 qui
2669 3698 2719 3751 in
2760 3705 2866 3751 tam
2913 3697 3055 3766 turpi
3090 3698 3304 3768 negotio
3357 3711 3467 3751 non

1902 3790 2216 3846 conferrent
2274 3804 2534 3858 operam,
2570 3789 2821 3843 dentibus
2883 3787 3213 3852 stridebant,
3274 3802 3467 3841 manus

1876 3872 2032 3938 'suas
2080 3897 2200 3936 cum
2254 3879 2498 3951 pestibus
2569 3879 2941 3935 extendentes.
2995 3879 3182 3934 Pestes
3239 3878 3472 3950 appellat

1903 3971 2220 4040 μόροισι-ειη
2269 3967 2650 4038 frequentiam.
2713 3968 3130 4039 Applaudebant
3173 3968 3342 4032 enim,
3390 3967 3471 4021 in-

1901 4063 2038 4133 quit,
2068 4072 2126 4116 ut
2160 4061 2269 4115 dixi
2297 4100 2313 4126 ,
2353 4075 2662 4131 quanquam
2688 4061 2826 4114 alios
2875 4060 3094 4115 erudire
3123 4061 3190 4114 ad
3227 4060 3472 4113 rationes

1901 4155 2116 4225 pietatis
2169 4162 2224 4208 et
2277 4153 2530 4206 utilitatis
2577 4153 2680 4207 iter
2730 4153 2969 4221 pandere
3027 4151 3304 4205 deberent.
3363 4149 3471 4204 Sed

1902 4245 2181 4302 fervebant
2231 4243 2486 4299 cordibus
2541 4254 2590 4298 et
2652 4243 2804 4312 ipsi,
2888 4242 3102 4310 inquit,
3161 4241 3470 4310 perniciosa

1902 4339 2120 4395 ﬂamma
2175 4333 2489 4405 cupiditatis
2551 4331 2834 4388 deiiciendi
2887 4331 2940 4384 in
2997 4331 3236 4385 animum
3301 4334 3473 4395 intro-

1902 4447 2090 4488 “"588.

1973 4521 2137 4576 Vens.
2165 4519 2218 4575 6.
2262 4517 2396 4576 Cum
2444 4517 2544 4588 ipsi
2573 4516 2997 4586 pra'cipitarent,
3052 4525 3215 4569 totam
3269 4523 3470 4569 noctem

231 4606 424 4662 ὕπνου
470 4609 716 4679 Ἐφραῖμ
763 4611 1146 4680 ἀνεπλήσθη.
1177 4612 1334 4681 Πρωῒ
1368 4610 1640 4681 ἐγενήθη,
1696 4613 1793 4668 ἀν-

1905 4631 2084 4670 somno
2130 4612 2379 4679 Epitraim
2433 4611 2658 4677 repletus
2704 4619 2800 4662 est.
2839 4607 2995 4663 Mane
3045 4607 3244 4676 factum
3283 4616 3385 4671 est,
3419 4616 3468 4660 et

231 4700 446 4767 εκαύθη
488 4699 568 4765 ὠς
597 4701 785 4768 πυρὸς
818 4702 1055 4772 φέγγος.

301 4793 417 4846 OE'.
447 4791 646 4864 Ἔφην,
670 4795 750 4846 ὅτι
779 4793 1027 4864 περιδεὴς
1051 4789 1119 4863 ἦν
1147 4793 1282 4860 ἄγαν
1305 4793 1334 4845 ὁ
1359 4792 1619 4864 θεομισὴς
1649 4792 1801 4862 Ἱερο-

236 4880 392 4951 σοὰμ,
438 4883 499 4934 ἐν
543 4883 732 4951 μόναις
780 4882 855 4935 ὢν
885 4882 965 4935 ἔτι
1007 4887 1128 4946 ταῖς
1161 4882 1382 4952 σκέψεσι
1419 4884 1528 4937 τῶν
1571 4883 1799 4936 ἀνοσίων

238 4974 662 5045 ἐγχειρημάτων.
675 4977 828 5046 ’ῼετο
852 4976 980 5047 γὰρ,
1012 4976 1105 5028 καὶ
1140 4975 1609 5045 σφόδραῗείκότως.
1638 4976 1797 5042 ἀγαν-

235 5065 489 5135 ακτήσειν
531 5064 623 5117 τὸν
679 5065 914 5136 Ἰσραὴλ,
983 5066 1031 5116 εί
1079 5065 1390 5118 διαπύθοιτό
1437 5083 1490 5118 τι
1535 5065 1795 5131 τοιοῦτον,

235 5155 324 5208 καὶ
343 5155 450 5208 τῶν
477 5155 747 5226 πατρῴων
786 5156 922 5209 ἐθῶν
949 5157 1044 5226 τὴν
1065 5157 1376 5231 παράϐασιν
1411 5158 1510 5211 οὐκ
1534 5159 1590 5212 ἐν
1619 5156 1800 5229 μικρῷ

238 5248 548 5317 ποιήσεσθαι
579 5247 743 5318 λόγῳ.
783 5249 995 5319 Ἐπειδὴ
1025 5250 1080 5302 δὲ
1111 5253 1542 5322 προσπεφώνηκε
1571 5251 1668 5320 μὲν
1690 5254 1802 5315 τοῖς

237 5337 633 5406 ὄχλοις,αὐτὸς,
689 5341 770 5393 ὅτι
820 5340 923 5410 χρὴ
970 5343 1091 5404 ταῖς
1145 5342 1408 5411 δαμάλεσι
1456 5345 1799 5414 προσκυνεῖν·

240 5433 578 5502 προσήκαντο
606 5433 663 5487 δὲ
694 5435 942 5502 ἀσμένως
970 5435 1068 5506 τὴν
1096 5434 1284 5502 σκέψιν
1326 5435 1502 5500 αὐτοὶ,
1534 5437 1626 5488 καὶ
1667 5436 1801 5502 ὁμοῦ

241 5524 341 5584 τοῖς
372 5523 630 5594 ἄρχουσιν
656 5527 1004 5594 ἐπεκρότουν,
1049 5527 1122 5590 ώς
1151 5527 1287 5596 ὀρθὰ
1321 5528 1420 5580 καὶ·
1455 5529 1802 5598 συμφέροντα

241 5617 448 5681 φρονεῖν
498 5632 556 5667 τε
617 5617 712 5669 καὶ
753 5617 887 5687 δρᾷν
934 5619 1217 5688 ᾑρημένοι·
1269 5619 1478 5688 ἀπέστη
1514 5621 1803 5689 δειμάτων,

241 5703 659 5785 ἀποκεχώρηκεν
701 5707 953 5777 ὑποψίας,
989 5708 1224 5778 εῠθυμός
1256 5727 1314 5764 τε
1345 5710 1566 5766 διετέλει
1603 5711 1804 5779 λοιπὸν,

1903 4709 2144 4761 incensus
2191 4718 2264 4759 est
2300 4703 2431 4758 velut
2471 4703 2606 4771 ignis
2637 4702 2830 4754 lumen.

1975 4795 2185 4852 LXXV.
2230 4797 2434 4859 Monui,
2485 4795 2796 4857 Jeroboam,
2845 4809 3055 4847 summo
3103 4803 3376 4848 versatum
3415 4793 3469 4846 in

1903 4897 2074 4952 metu,
2107 4887 2230 4942 dum
2259 4887 2437 4940 adhuc
2477 4885 2543 4939 de
2591 4885 2758 4952 impio
2799 4885 3044 4938 facinore
3097 4883 3471 4952 aggredinndo

1903 4979 2243 5036 deliberaret.
2279 4977 2671 5047 Suspicabatur
2721 4976 2890 5039 enim,
2955 4986 3008 5030 et
3046 4975 3262 5044 quidem
3285 4977 3474 5032 rectis-

1903 5070 2060 5136 sime,
2115 5084 2258 5140 aegre
2320 5069 2558 5122 laturum
2621 5063 2836 5132 Israel,
2879 5067 2922 5119 si
2975 5067 3103 5130 quid
3158 5066 3471 5137 hnjusmodi

1905 5160 2246 5230 comperiret,
2284 5157 2692 5228 patriorumque
2723 5156 2922 5209 rituum
2969 5156 3322 5211 violationem
3358 5173 3462 5211 non

1907 5253 2296 5322 neglecturum.
2357 5249 2648 5318 Postquam
2705 5259 2884 5302 autem
2939 5249 3192 5318 populum
3244 5250 3357 5319 ipse
3405 5250 3471 5304 de

1905 5343 2087 5396 vitulis
2118 5341 2408 5396 aderandis
2446 5339 2812 5408 compellavit,
2858 5348 2912 5395 et
2966 5342 3199 5411 cogitata
3235 5343 3352 5412 ejus
3402 5341 3467 5394 li-

1907 5437 2096 5489 benter
2126 5433 2480 5497 admiserunt,
2510 5441 2565 5488 et
2595 5433 2753 5488 simul
2785 5448 2906 5486 cum
2945 5435 3278 5504 principibus
3317 5435 3466 5500 plau-

1908 5543 2023 5580 sum
2054 5541 2217 5595 super
2239 5540 2303 5580 eo
2342 5526 2624 5590 dederunt,
2661 5537 2915 5594 tanquam
2949 5527 3036 5592 qui
3059 5524 3200 5590 justa
3235 5534 3287 5575 ct
3349 5521 3464 5574 fru-

1899 5628 2088 5673 ctuosa
2119 5613 2256 5673 cum’
2281 5633 2494 5688 sapere,
2529 5627 2638 5671 tum
2669 5618 2846 5671 facere
2867 5616 3254 5676 instituissent,
3291 5621 3464 5665 terro-

1899 5726 2012 5766 rem
2047 5709 2316 5782 deposuit,
2373 5707 2736 5780 suspicionem
2784 5706 2997 5774 abjecit,
3063 5701 3463 5770 tranquilloque
