3898 6212
311 381 414 435 ΗΠ

1330 380 1386 438 S.
1430 381 1707 451 CYR'LLI
1746 376 2216 436 ALEXANDRINI
2257 374 2570 433 ARClllEl‘.

3464 366 3567 420 {RR

307 496 565 564 deinceps
612 495 797 550 animo
844 502 899 550 et
935 494 1297 563 iucunditatis
1342 499 1504 568 pleno
1562 500 1874 569 permansit.

1988 496 2083 550 xui
2122 493 2336 567 τρυφῆς
2380 487 2448 564 ἦν
2486 490 2687 553 πλέως.
2718 487 2925 544 Οὐκουν
2953 501 3011 539 εν
3041 483 3119 555 τῷ
3160 481 3565 553 καταρῤάσσειν

309 589 499 657 Itaque
522 588 647 642 dum
700 589 800 657 ipsi
854 590 1281 659 praecipitarent,
1317 591 1424 645 hoc
1478 596 1602 656 es’t,
1638 600 1881 660 tempore

310 680 421 741 illo,
447 680 662 747 quando
697 678 750 733 in
798 680 1092 749 perniciem
1138 689 1194 736 et
1242 681 1523 736 interitum
1573 683 1880 755 praecipites

309 769 754 836 devolvebantur,
782 781 1087 827 annnentes
1120 781 1175 827 et
1223 773 1586 829 assentientcs
1631 773 1728 835 illi.
1771 774 1882 828 dis-

309 861 723 932 t-essionemque
759 878 789 916 a
841 863 1136 919 dilectione
1169 872 1296 934 erga
1342 866 1507 920 Deum
1538 866 1877 936 amplecten-

310 960 411 1015 Ics,
443 959 591 1015 tunc,
620 954 815 1021 inquit,
844 951 1244 1022 Ephraim,lioc
1275 966 1379 1023 est,
1408 972 1438 1012 e
1457 958 1598 1011 tribu
1624 957 1878 1026 Epliraim

310 1052 604 1108 prognatus
639 1042 950 1108 Jeroboam,
1003 1063 1023 1096 ι
1065 1054 1229 1099 totam
1282 1057 1495 1102 noctem
1536 1048 1811 1101 dormivit.
1854 1066 1874 1100 ι

306 1131 383 1182 Ᾱο
410 1131 455 1183 si
482 1131 686 1186 diceret
714 1148 728 1185 :
753 1134 886 1187 Cum
906 1145 1062 1190 antea
1092 1152 1156 1190 ex
1183 1138 1465 1193 timoribus
1500 1149 1554 1194 et
1576 1140 1883 1210 suspicione

307 1222 637 1291 evigilasset,
673 1241 800 1280 cura
826 1227 939 1297 jam
970 1244 1177 1285 vacuus
1232 1232 1299 1287 de
1341 1242 1540 1287 caetero
1572 1234 1878 1303 triumpha-

307 1313 401 1368 bat
428 1316 645 1384 gaudio,
674 1326 729 1373 et
760 1318 906 1372 molli
941 1320 995 1374 in
1042 1321 1239 1375 lectulo
1287 1332 1398 1378 tota
1440 1334 1597 1378 nocte
1634 1340 1881 1380 somnum

309 1404 598 1473 carpebat;
649 1416 735 1461 ast
758 1408 849 1462 ubi
902 1410 1063 1466 terris
1108 1414 1317 1467 reddita
1358 1415 1449 1469 lux
1496 1425 1613 1482 est,
1668 1416 1883 1473 fervore

309 1496 447 1552 alios
474 1502 770 1567 superavit.
808 1519 827 1554 ι
871 1502 1179 1559 Succensus
1214 1515 1298 1560 est
1342 1509 1487 1561 enim
1539 1510 1690 1577 quasi
1743 1509 1883 1579 ignis

308 1589 491 1646 lumen
526 1605 621 1647 seu
651 1592 890 1660 ﬂamma,
931 1615 950 1648 ι
986 1612 1202 1667 unaque
1237 1613 1359 1652 cum
1396 1599 1594 1668 populo
1624 1600 1879 1667 incaluit;

308 1696 407 1737 nec
453 1684 520 1738 ad
566 1692 824 1755 punctum
891 1690 1151 1759 temporis
1200 1706 1313 1745 rem
1367 1690 1739 1759 prolatandum
1792 1709 1881 1747 ra-

309 1783 432 1840 tus,
480 1776 619 1831 mira
670 1778 951 1833 alacritate
1006 1779 1252 1837 nefanda:
1298 1782 1593 1839 molitionis
1636 1799 1770 1855 opus
1816 1785 1882 1840 ad

306 1864 555 1920 ell'ectum
586 1866 760 1935 palam
789 1869 1064 1936 perduxit.

375 1953 543 2012 Vens.
603 1957 656 2012 7.
712 1957 904 2014 Omnes
951 1962 1195 2031 calefacti
1247 1972 1410 2028 sunt,
1452 1966 1606 2036 quasi
1641 1963 1881 2020 clibanus

305 2048 465 2101 corda
506 2064 687 2103 eorum
713 2090 729 2114 ,
770 2062 816 2105 et
863 2051 1200 2107 comederunt
1226 2053 1435 2122 judices
1482 2072 1627 2110 suos.
1687 2055 1882 2110 Omnes

306 2153 449 2208 reges
474 2154 653 2194 eorum
680 2143 999 2208 ceciderunt,
1039 2160 1142 2198 non
1172 2155 1285 2199 erat
1316 2148 1459 2199 inter
1486 2147 1605 2201 illos
1630 2147 1880 2202 invocans

303 2231 372 2282 ad
392 2246 491 2285 me.

375 2320 614 2376 LXXVI.
652 2323 790 2378 Vera
815 2325 980 2394 igitur
1009 2341 1129 2396 qua:
1150 2326 1283 2391 dixi,
1309 2328 1604 2383 calefactus
1635 2339 1715 2385 est
1734 2328 1879 2384 enim

303 2411 651 2466 detesrandus
676 2412 986 2483 Jcroboant,
1012 2424 1064 2471 et
1085 2432 1380 2471 succensus
1406 2427 1459 2470 ut
1483 2416 1695 2471 ﬂamina
1716 2419 1876 2488 ignis.

302 2498 441 2554 Num
478 2502 641 2571 igitur
682 2504 824 2559 illius
862 2514 1068 2559 tantum
1111 2508 1301 2562 aud‘aci
1333 2506 1577 2563 facinore
1629 2510 1880 2578 impietas

302 2608 361 2649 se
386 2595 689 2651 continuit?
723 2594 877 2667 ιιι
903 2598 1273 2670 Nequaquam,
1298 2601 1407 2665 ait;
1433 2618 1451 2652 ι
1479 2601 1722 2657 calefacti
1752 2614 1881 2657 sunt

300 2685 443 2739 enim
488 2701 712 2752 omnes,
771 2706 790 2741 ι
835 2690 999 2744 etiam
1053 2705 1403 2745 successores
1444 2689 1581 2759 ejus,
1624 2702 1681 2746 ct
1721 2692 1879 2748 istius

299 2776 496 2832 caloris
522 2780 789 2835 exitiosus
838 2781 976 2850 ignis
1019 2793 1209 2837 omnes
1256 2799 1445 2838 eorum
1490 2783 1701 2855 judices
1752 2801 1879 2840 con-

298 2868 562 2936 sumpsit,
593 2879 648 2923 et
677 2886 829 2939 reges
863 2888 987 2928 eum
1015 2884 1230 2928 secutos
1283 2874 1527 2929 sustulit.
1577 2872 1692 2930 Non
1729 2877 1874 2930 enim

297 2958 402 3014 fuit
432 2961 573 3016 inter
600 2962 740 3027 illos,
781 2966 869 3033 qui
909 2980 994 3019 me
1033 2967 1265 3020 adorare
1324 2967 1505 3034 vellet,
1553 2978 1608 3023 et
1656 2969 1878 3023 univer-

297 3066 479 3107 sorum
516 3052 625 3108 Deo
663 3055 1077 3125 supplicandum
1105 3071 1389 3129 censeret,
1439 3062 1583 3117 etde
1623 3076 1749 3117 vera
1785 3075 1877 3117 co-

297 3149 541 3219 guitione
580 3150 671 3205 Dei
712 3152 1187 3213 condecoraretur.

368 3325 533 3383 Vens.
568 3327 622 3384 8.
654 3328 913 3398 Eii/irai":
939 3332 995 3386 in
1027 3331 1233 3400 populis
1267 3332 1378 3388 suis
1414 3333 1869 3390 comminabatur.

296 3416 555 3486 Ephraim
601 3421 773 3491 factus
816 3435 893 3478 est
951 3424 1358 3492 subcinericius,
1407 3427 1499 3499 qui
1548 3443 1653 3481 non
1696 3444 1872 3483 rever-

293 3520 467 3565 εαιιιν.

367 3597 631 3655 LXXV".
669 3601 925 3660 Graviter
956 3605 1433 3679 vituperat,penes
1476 3621 1611 3679 quos
1639 3620 1707 3663 ex
1731 3608 1872 3663 tribu

293 3690 552 3762 Ephraim
603 3694 777 3749 honor
810 3684 996 3766 regius
1029 3705 1147 3752 erat
1188 3699 1238 3753 in
1270 3699 1541 3764 Samaria,
1573 3700 1662 3770 qui
1691 3699 1866 3755 nihilo

293 3784 491 3840 melius
547 3800 710 3856 quam
768 3787 1100 3853 subditi,et
1157 3789 1326 3843 intimi
1397 3791 1602 3861 quique
1644 3791 1871 3846 animati

291 3881 476 3930 essent
506 3892 522 3942 ;
571 3876 665 3930 sed
697 3876 749 3929 in
783 3876 1038 3931 omnibus
1072 3893 1194 3932 cum
1228 3878 1334 3933 illis
1379 3891 1786 3951 congruerent,
1819 3892 1875 3937 et

294 3964 396 4018 levi
434 3974 709 4019 momento
743 3981 1065 4036 quocunque
1094 3984 1197 4022 una
1232 3968 1568 4038 auferentur,
1601 3986 1724 4025 cum
1751 4011 1768 4039 ,
1815 3982 1874 4028 ut

294 4060 459 4112 duces
487 4071 550 4111 ac
582 4058 854 4129 principes
901 4060 966 4113 ad
1013 4061 1268 4116 virtutem
1308 4062 1503 4132 praeire
1538 4065 1718 4133 potius
1750 4105 1766 4130 ,
1818 4074 1873 4121 et

292 4150 361 4205 ad
416 4150 643 4205 salutem
694 4150 909 4207 illorum
966 4154 1295 4223 pertinentia
1348 4155 1646 4226 perfectius
1702 4158 1873 4213 subli-

292 4240 542 4314 niiusque
598 4246 910 4316 perSpicere
934 4260 1029 4303 eos
1083 4258 1382 4320 oporteret,
1437 4251 1585 4319 quod
1642 4250 1871 4307 minime

290 4337 654 4408 praestabant:
684 4352 867 4394 verum
897 4342 1390 4398 counniscebantur
1423 4344 1583 4415 vulgo
1605 4384 1621 4411 ,
1682 4345 1868 4399 eadem

291 4439 347 4486 et
384 4430 580 4501 aequali
610 4432 884 4486 dementia
917 4448 1109 4489 omnes
1144 4445 1510 4506 aegrotantes;
1571 4438 1869 4506 pertinacia

293 4522 518 4592 insuper
552 4525 605 4579 in
641 4524 995 4592 improbitate
1025 4535 1079 4580 et
1128 4529 1471 4582 contumacia
1524 4529 1829 4585 voluntatis
1852 4570 1867 4595 ,

1915 1860 1959 1919 Β

1980 587 2196 650 αὐτοὺς,
2219 584 2484 647 τουτέστι,
2526 584 2646 636 κατ’
2669 583 2843 635 ἐκεῖνο
2868 577 3083 650 καιροῦ,
3112 576 3201 630 ὅτε
3228 573 3564 627 κατέπιπτον

1981 682 2060 744 είς
2104 676 2323 749 ὄλεθρον
2357 677 2451 730 καὶ
2485 674 2781 737 ἀπώλειαν,
2828 667 3322 740 συγκατανεύοντές
3378 682 3437 718 τε
3471 665 3566 719 καὶ

1982 770 2357 834 συναινοῦντες
2385 767 2551 839 αὐτῷ,
2582 766 2679 819 καὶ
2708 765 2806 837 τῆς
2836 766 2916 826 είς
2942 761 3074 815 Θεὸν
3106 760 3328 828 ἀγάπης
3362 755 3569 827 τιμῶν-

1980 880 2072 927 τες
2115 861 2214 933 τὴν
2260 859 2593 932 παράϐασιν,
2625 857 2745 911 τότε
2794 854 2977 925 φησὶν,
3016 853 3046 905 ὁ
3102 848 3365 921 Ἐφραῖμ,
3413 865 3569 901 τουτ-

1982 955 2153 1020 έστιν,
2208 956 2238 1008 ὁ
2289 954 2354 1007 ὲκ
2388 951 2560 1021 φυλῆς
2590 946 2830 1020 Ἐφραίμ
2870 942 3171 1016 Ὶεροόοὰμ,
3206 959 3225 993 ι
3262 940 3390 1010 ὅλην
3424 941 3572 991 ἐκοι-

1985 1046 2131 1119 μήθη
2184 1047 2284 1117 τὴν
2333 1044 2519 1098 νύκτα.
2573 1061 2592 1094 ι
2650 1041 2873 1111 Ὅμοιον
2921 1036 2997 1100 ὡς
3053 1036 3102 1088 εί
3157 1033 3326 1101 λέγον
3370 1030 3570 1084 Καίτοι

1982 1141 2149 1194 πάλαι
2179 1138 2550 1213 διεγρηγορὼς
2577 1137 2641 1189 ἐκ
2670 1133 2941 1202 δειμάτων
2963 1130 3057 1184 καὶ
3080 1125 3337 1213 ὑποψίας,
3366 1123 3573 1192 ἄφρον-

1981 1246 2067 1293 τις
2102 1228 2179 1282 ὢν
2237 1210 2447 1300 ἐτρύφα
2494 1225 2699 1288 λοιπὸν,
2733 1216 2920 1277 καὶέν
2964 1217 3235 1291 μαλακαῖς
3273 1210 3342 1285 ἦν
3383 1213 3573 1273 εὐναῖς

1982 1321 2110 1391 ὅλην
2142 1321 2239 1391 τὴν
2268 1320 2440 1373 νύκτα
2477 1316 2838 1387 κοιμώμενος,
2882 1310 3068 1382 ἐπειδὴ
3098 1309 3155 1363 δὲ
3184 1305 3326 1380 πρωῒ
3352 1304 3569 1373 γέγονε,

1983 1411 2308 1483 θερμότερος
2341 1405 2408 1480 ἦν
2438 1408 2548 1461 τῶν
2579 1406 2811 1461 ἀλλων.‹
2833 1398 3134 1469 ’Δνεκαύθη
3162 1397 3270 1468 γὰρ
3290 1396 3365 1459 ὡς
3395 1392 3573 1463 πυρὸς

1984 1504 2202 1573 φέγγος,
2239 1521 2256 1553 ι
2294 1503 2389 1555 καὶ
2436 1503 2542 1563 τοῖς
2570 1498 2750 1569 ὄχλοις
2784 1490 3264 1565 συνεθερμαίνετο,
3295 1486 3403 1540 οὐδ’
3440 1485 3574 1538 ὅσον

1983 1594 2156 1647 εἰπεῖν
2192 1591 2502 1663 μελλησμοῦ
2543 1591 2641 1661 τὴν
2679 1585 2934 1641 ὑπόθεσιν
2962 1582 3149 1649 ἀξιῶν,
3189 1579 3305 1634 ἀλλ’
3351 1580 3430 1641 είς
3471 1576 3574 1629 πέ-

1986 1702 2085 1758 ρας
2129 1685 2300 1752 ἄγων,
2331 1684 2424 1736 καὶ
2460 1681 2604 1751 μάλα
2644 1678 2962 1752 προθύμως,
2996 1675 3105 1731 τῶν
3134 1673 3363 1729 ἀνοσίων
3393 1673 3575 1742 ἐγχειο

1952 1848 1957 1857 _
1989 1777 2246 1849 ρημάτων
2273 1773 2370 1846 τὴν
2397 1769 2683 1837 ἀνάδειξιν.

2057 1953 2290 2017 Πάντες
2310 1952 2782 2023 ἐθερμάνθησαν,
2803 1952 2884 2019 ὠς
2915 1951 3203 2015 κλίϐανος
3231 1951 3293 2003 αἱ
3327 1947 3574 2018 καρδίαι

1987 2042 2205 2107 αὐτῶν,
2241 2044 2341 2098 καὶ
2370 2043 2708 2115 κατέφαγον
2745 2044 2886 2109 τοὺς
2918 2042 3121 2111 κριτὰς
3157 2040 3376 2097 αὐτῶν.
3408 2039 3574 2094 Πάν-

1987 2153 2085 2202 τες
2120 2140 2173 2189 οί
2196 2135 2481 2202 βασιλεῖς
2511 2134 2712 2190 αὐτῶν
2738 2136 2985 2202 ἔπεσον,
3014 2137 3124 2190 οὐκ
3152 2131 3229 2205 ἦν
3257 2134 3327 2188 ἐν
3363 2131 3577 2199 αὐτοῖς

1988 2228 2020 2279 ό
2053 2226 2532 2295 ἐπικαλούμενος
2558 2227 2707 2293 πρός
2731 2243 2828 2295 με.

2056 2319 2191 2387 Οτῖη
2245 2317 2444 2388 Ἀληθῆ
2473 2317 2570 2387 μὲν
2588 2314 2679 2373 οὖν
2710 2317 2852 2389 άπερ
2885 2316 3045 2389 ἔφην’
3073 2315 3436 2387 τεθέρμανται
3460 2314 3576 2385 γὰρ

1986 2410 2036 2464 οἱ
2064 2410 2208 2480 ἀμφὶ
2237 2409 2328 2463 τὸν
2371 2410 2643 2481 ἐπάρατον
2690 2408 2995 2481 Ἰεροὸοάμ,
3044 2409 3140 2462 καὶ
3190 2406 3575 2476 ἁνεκαύθησαν

1985 2502 2060 2567 ὡς
2096 2502 2263 2573 πυρὸς
2293 2503 2518 2571 φέγγος.
2549 2499 2673 2574 Ἆρ’
2712 2498 2804 2555 οὖν
2838 2503 3000 2575 μέχρι
3030 2502 3135 2554 τῶν
3162 2501 3354 2570 ἐκείνῳ
3387 2499 3575 2553 τετολ-

1990 2596 2247 2666 μημένων
2274 2596 2341 2649 τὰ
2379 2595 2480 2665 τῆς
2509 2593 2826 2657 δυσσεϐείας
2860 2593 3240 2665 προϐέϐηκεν;
3269 2590 3566 2662 Οὐδαμῶς,

1987 2683 2172 2753 φησίνο
2198 2704 2215 2734 ι
2238 2684 2651 2756 ὲθερμάνθησαν
2666 2684 2775 2757 γὰρ
2805 2683 3024 2751 πάντες,
3051 2702 3070 2736 ι
3093 2684 3187 2736 xui
3205 2685 3253 2738 οἱ
3277 2685 3394 2754 μετ’
3424 2682 3577 2735 ἐκεῖ·

1985 2792 2075 2830 νον
2106 2774 2205 2839 ἔτι,
2238 2776 2331 2829 καὶ
2362 2777 2461 2846 τῆς
2489 2776 2741 2847 τοιαύτης
2771 2774 3073 2847 θερμασίας
3101 2775 3164 2829 τὸ
3195 2773 3435 2843 ὀλέθριον
3457 2771 3576 2845 πῦρ

1985 2866 2203 2931 πάντας
2235 2867 2335 2937 μὲν
2367 2867 2548 2920 αὐτῶν
2584 2868 2929 2939 δεδαπάνηκε
2974 2868 3100 2931 τούς
3144 2865 3359 2938 κριτὰς,
3388 2865 3574 2919 ἀνεῖλε

1983 2958 2039 3011 δὲ
2089 2959 2181 3011 καὶ
2223 2959 2430 3022 πάντας
2478 2960 2604 3023 τοὺς
2651 2959 2887 3030 καθεξῆς
2941 2962 3058 3030 μετ’
3093 2959 3299 3012 ἐκεῖνον
3347 2957 3576 3028 βεϐασι-

1981 3050 2261 3113 λευκότας.
2299 3050 2374 3102 Οὐ
2409 3050 2517 3121 γὰρ
2544 3046 2612 3122 ἦν
2643 3052 2701 3104 ἐν
2733 3052 2914 3111 αὐτοῖς
2937 3052 2967 3104 ὁ
3003 3051 3328 3122 προσκυνεῖν
3366 3047 3577 3101 ὲθέλων

1984 3141 2106 3213 ἐμὲ,
2142 3142 2236 3195 καὶ
2258 3142 2348 3195 τὸν
2373 3142 2482 3195 τῶν
2512 3143 2648 3196 ὅλων
2676 3143 2810 3197 Θεὸν
2834 3142 3174 3216 ὲκλιπαρεῖν,
3204 3140 3433 3212 ἀληθοῦς
3457 3141 3577 3195 θεο-

1907 3246 1950 3303 c
1986 3235 2225 3303 γνωσίας
2259 3234 2397 3305 ἔχων
2427 3237 2516 3304 ἐφ’
2547 3235 2728 3307 ἐαυτῷ
2753 3235 2819 3290 τὰ
2845 3235 3161 3306 αὐχήματα.

1978 3393 1985 3397 ἠ
2060 3325 2309 3394 Ἑφραῒμ
2371 3326 2442 3380 ἐν
2494 3326 2620 3394 τοῖς
2669 3326 2843 3393 λαοῖς
2890 3326 3077 3381 αὐτοῦ
3139 3324 3572 3395 συνεμίγνυτο.

1989 3420 2237 3491 Ἐφραῒμ
2268 3420 2509 3491 ἐγένετο
2545 3421 2877 3492 ἐγκρυφίας
2914 3420 2988 3476 οὐ
3029 3419 3569 3491 μετατρεφόμενος.

2047 3596 2165 3655 OZ'.
2206 3596 2522 3670 Καταψέγει
2551 3597 2671 3652 λίαν
2716 3596 2847 3662 τούς
2888 3596 2954 3651 ἐκ
2988 3595 3164 3667 φυλῆς
3199 3592 3440 3669 Ἐφραῒμ
3468 3596 3571 3666 τὴν

1985 3689 2234 3760 βασιλίδα
2282 3690 2447 3762 τιμὴν
2481 3689 2833 3761 ἀνημμένους
2861 3690 2956 3744 ἐπὶ
2997 3689 3090 3745 τδν
3131 3690 3350 3762 Ἰσραὴλ
3388 3691 3448 3745 ὲν
3499 3694 3570 3762 τῇ

1975 3783 2258 3855 Σαμαρείᾳ
2287 3824 2302 3849 ,
2345 3784 2422 3847 ὼς
2477 3782 2633 3837 οὐδὲν
2683 3783 2907 3854 ἄμεινον
2954 3783 3063 3837 τῶν
3108 3783 3214 3836 ὐπὸ
3260 3785 3418 3856 χεῖρα
3476 3785 3573 3837 καί

1974 3876 2244 3945 ἀγελαίων
2296 3880 2517 3953 φρονεζν
2573 3873 2866 3939 εἰωθότας*
2906 3875 3024 3930 ἀλλ’
3063 3877 3143 3940 εἰς
3198 3875 3345 3931 ἀπαν
3383 3876 3574 3941 αὐτοῖς

1975 3968 2304 4033 συνθέοντας
2330 3986 2391 4023 τε
2421 3969 2517 4023 xui
2568 3969 3117 4041 συναποφερομένους
3156 3969 3414 4034 εὐκόλως,
3444 3969 3572 4023 καί-

1972 4077 2055 4113 τοι
2087 4061 2241 4126 δέον,
2291 4061 2367 4125 ὡς
2405 4060 2777 4134 ἡγουμένους,
2817 4059 3074 4129 ποδηγεῖν
3111 4061 3192 4123 είς
3233 4059 3295 4112 τὸ
3339 4058 3568 4128 ἀγαθὸν,

1974 4153 2068 4205 καὶ
2094 4152 2454 4225 ὑψηλοτέραις
2484 4152 2806 4222 διασκέψεσι
2832 4151 2893 4205 τὸ
2922 4150 3109 4204 τελοῦν
3136 4151 3322 4215 αὐτοῖς
3351 4151 3432 4215 είς
3462 4168 3572 4204 σωα

1972 4244 2169 4317 τηρίαν
2222 4248 2376 4318 ὁρᾷν.
2440 4244 2602 4299 Ἀλλά
2642 4240 2803 4299 τοῦτο
2845 4244 2943 4316 μὲν
2984 4245 3083 4298 οὐκ
3120 4243 3322 4315 ἔδρων
3380 4261 3573 4299 συναν-

1974 4337 2247 4410 εφύροντο
2279 4338 2336 4392 δὲ
2373 4339 2485 4402 τοῖς
2520 4336 2723 4407 ὄχλοις,
2769 4335 2897 4408 μίαν
2953 4336 3002 4389 οἱ
3051 4335 3251 4400 πάντες
3286 4335 3381 4390 καὶ
3441 4334 3568 4405 ἴσην

1974 4428 2391 4502 ἀρρωστοῦντες
2425 4427 2523 4500 τὴν
2556 4427 2816 4483 ἀὸουλίαν
2845 4468 2860 4493 ,
2906 4428 3003 4482 καὶ
3031 4426 3165 4499 πρός
3200 4443 3267 4496 γε
3311 4425 3468 4481 τοῦτο
3506 4426 3571 4480 τὸ

1973 4522 2208 4593 ἔμμονον
2236 4523 2318 4586 είς
2344 4521 2682 4592 φαυλότητα,
2717 4521 2814 4575 καὶ
2853 4520 3256 4591 ἀμεταποίητον
3283 4519 3381 4591 τῆς
3425 4517 3572 4588 γνώ-

291 4614 507 4684 penitus
533 4629 640 4669 non
691 4614 1039 4680 dimittentis,
1093 4630 1214 4684 qua:
1238 4614 1419 4670 facere
1446 4617 1748 4679 statuisset,
1790 4627 1869 4673 ta-

1986 4632 2107 4686 μης,
2135 4615 2196 4668 οὐ
2227 4614 2557 4687 μεθιεμένης
2604 4613 2884 4678 παντελῶς
2911 4652 2927 4679 ,
2973 4606 3049 4669 ὧν
3087 4614 3153 4668 ἂν
3196 4611 3373 4667 ἕλοιτο
3407 4613 3579 4686 δρᾷν,

292 4707 450 4763 metsi
481 4723 542 4763 ea
576 4718 782 4777 pestem
812 4717 868 4763 et
897 4706 1178 4763 interitum
1200 4709 1308 4763 illis
1349 4708 1629 4765 ail‘errent.
1668 4708 1867 4764 Panem

291 4797 475 4871 itaque
547 4782 989 4856 subcinericium.
1026 4816 1132 4856 non
1190 4810 1530 4857 reversatum
1600 4802 1865 4872 Ephraim

290 4890 491 4947 factum
528 4908 650 4949 esse
701 4901 970 4958 autumat,
1013 4909 1142 4949 usus
1189 4895 1429 4967 imagine
1487 4911 1581 4951 seu
1614 4899 1869 4967 exemplo

290 4997 492 5053 panum
514 4999 679 5054 super
701 4984 973 5055 lapidibus
1006 4995 1334 5055 assatorum,
1362 5001 1499 5057 quos
1526 4988 1629 5042 nisi
1659 5004 1866 5052 verses,

290 5075 452 5146 plane
499 5076 672 5142 exuri,
717 5077 903 5148 etiam
936 5078 1152 5135 inutiles
1206 5079 1419 5147 videri,
1469 5087 1526 5133 et
1574 5079 1716 5148 quod
1753 5079 1870 5135 esui

289 5176 407 5221 crat
442 5167 720 5234 idoneum,
751 5168 1039 5226 immodica
1083 5171 1299 5227 ﬂamma
1339 5172 1612 5242 corrumpi
1649 5186 1873 5243 necesse

287 5268 391 5315 est.

362 5436 524 5495 Vens.
546 5439 600 5494 9.
626 5437 979 5495 Camerinum
1011 5444 1174 5496 alieni
1205 5443 1335 5497 uires
1368 5462 1480 5514 ejus
1501 5488 1517 5513 ,
1552 5447 1661 5515 ipse
1694 5457 1869 5500 autem

291 5550 396 5587 non
419 5533 653 5604 cognovit
688 5547 708 5585 .°
746 5542 795 5586 et
829 5536 947 5587 cani
977 5536 1329 5606 eminuerunt,
1381 5547 1433 5590 et
1476 5539 1587 5606 ipse
1627 5555 1728 5591 non
1775 5554 1865 5591 τοι

291 5628 488 5695 gnovil.

369 5714 646 5774 LXXi‘lll.
698 5719 919 5776 Alienus
957 5719 1198 5775 nominat
1240 5720 1573 5792 alienigenas
1603 5765 1616 5789 ,
1672 5734 1724 5777 et
1771 5738 1865 5775 ox-

304 5815 473 5873 tcros,
503 5808 697 5866 Persas
722 5821 872 5879 puta,
905 5821 960 5868 ct
986 5812 1225 5869 contines
1280 5811 1517 5879 illorum,
1549 5813 1865 5880 vicinosque

1977 4698 2078 4761 κᾶν
2106 4708 2156 4760 εί
2188 4705 2409 4776 ὀλέθρου
2440 4705 2678 4777 πρόξενα
2705 4705 2800 4760 καὶ
2841 4705 3111 4771 ἀπωλείας
3165 4707 3350 4770 αὐτοῖς
3383 4705 3501 4761 ὐπά
3514 4728 3581 4782 ρ-

1976 4817 2061 4871 χει
2093 4797 2272 4855 ταυτί.
2322 4798 2660 4868 Ἐγκρυφίαν
2698 4798 2764 4869 δὴ
2797 4792 2892 4852 οὖν
2941 4797 3003 4851 οὐ
3052 4797 3577 4871 μεταστρεφόμενον

1975 4890 2302 4961 γεγενῆσθαί
2345 4907 2479 4961 φησι
2513 4890 2604 4945 τὸν
2646 4888 2908 4962 Ἐφραῖμ,
2942 4889 3018 4953 ὡς
3046 4890 3105 4957 ἐξ
3133 4888 3360 4962 εἰκύνος,
3393 4890 3466 4962 ἧγ
3480 4908 3581 4944 ουν

1976 4983 2420 5056 παραδείγματος
2458 4982 2568 5037 τῶν
2605 4981 2698 5036 ἐπὶ
2734 4981 2906 5045 λίθοις
2958 4982 3295 5052 ὀπτωμένων
3340 4980 3528 5051 ἀρτων
3560 5019 3576 5041 .

1975 5074 2090 5140 οὒς,
2128 5076 2174 5128 εί
2218 5076 2294 5146 μή
2339 5092 2424 5139 τις
2457 5073 2846 5146 μεταστρέφοι,
2893 5074 3043 5128 πᾶσα
3098 5073 3286 5145 δήπως
3341 5072 3562 5144 ἀνάγκη

1969 5168 2444 5241 καταφρύττεσθαί
2493 5184 2555 5221 τε
2617 5168 2711 5222 καὶ
2767 5166 3025 5239 ἀχρείους
3065 5165 3298 5238 ὁρᾶσθαι
3347 5166 3559 5232 λοιπὸν,

1968 5262 2065 5317 καὶ
2127 5264 2193 5334 τῇ
2249 5262 2349 5334 τῆς
2401 5261 2597 5331 φλογὸς
2656 5259 2890 5333 ἀφθονίᾳ
2935 5258 3262 5331 ζημιοῦσθαι
3308 5261 3370 5313 τὸ
3425 5260 3560 5314 ἑδώ-

1965 5353 2139 5406 διαον.

2062 5371 2139 5406 ον.

2022 5371 2389 5511 μλίατέφαγον
2424 5440 2730 5508 ἀλλότριοι
2759 5437 2874 5507 τὴν
2909 5440 3095 5510 ἰσχὺν
3124 5443 3336 5505 αὐτοῦ,
3372 5442 3556 5508 αὐτὸς

1966 5532 2033 5587 δὲ
2056 5536 2166 5588 οὐκ
2208 5536 2392 5605 ἐγνω-
2443 5536 2542 5589 καί
2591 5532 2794 5588 πολιαί
2843 5533 3199 5603 ἐξήνθησαν
3234 5533 3415 5600 αὐτῷ,
3452 5535 3553 5588 καὶ

1967 5626 2150 5692 αὐτὸς
2177 5630 2286 5680 οὐκ
2316 5627 2487 5697 ἔγνω.

2042 5722 2168 5773 Oii'.
2231 5721 2565 5791 Ἀλλοτρίους
2623 5720 2877 5792 ὀνομάζει
2916 5720 3041 5783 τούς
3076 5720 3409 5787 ἀλλοφύλους
3455 5721 3551 5774 aui

1970 5812 2331 5885 ἑτερογενεῖς,
2377 5813 2588 5882 Πέρσας
2645 5814 2710 5885 δὴ
2761 5814 2943 5881 λέγω,
2998 5813 3091 5867 καὶ
3144 5813 3271 5876 τοὺς
3311 5811 3547 5882 ὁμόρους
