3898 6212
163 293 263 350 189

1079 289 1634 348 COMMENTARIUS
1673 289 1742 345 IN
1781 290 2016 349 OSEAM
2057 292 2510 353 ΡΠΟΡΠΕΤΑΜ.

3327 310 3432 366 190

162 408 344 469 αὐτοῖς
368 445 384 467 ,
437 405 534 458 καὶ
564 404 810 473 γείτονας
857 404 1186 469 Μωαϐίτας,
1247 406 1341 461 καὶ
1386 406 1716 477 Ἰδουμαίους
1733 447 1746 470 ν

1867 408 2138 478 lloabitas,
2203 423 2255 468 et
2301 412 2586 478 Idumaeos,
2634 423 2685 470 et
2733 416 2994 488 Syrorum
3053 428 3302 490 gentem,
3338 426 3429 493 qui

163 498 256 552 καὶ
283 496 350 548 τὰ
381 495 572 566 Σύρων
612 495 780 564 ἔθνη,
819 495 869 548 οἳ
912 498 1194 566 μονονουχὶ
1235 498 1630 568 κατεδηδόκασι
1660 500 1752 553 τὸν

173 590 434 660 Ἐᾳραῖμ.
481 588 702 658 Ἐπειδὴ
727 588 838 658 γὰρ
865 588 1027 659 ἄρτον
1065 590 1228 643 αὐτὸν
1275 590 1579 661 ἐγκρυφίαν
1623 590 1754 660 ἔφη,

163 682 473 753 μεμένηκεν
511 683 569 734 ὲν
600 681 666 750 τῇ
716 681 812 734 τοῦ
842 680 1003 749 λόγου
1046 684 1245 752 τροπῇ.
1288 681 1460 752 Ἰσχὺν
1486 682 1544 736 δὲ
1586 683 1752 735 αὑτοῦ

159 788 289 842 φησι
317 769 422 842 τὴν
464 770 708 841 ἀριθμοῦ
745 771 1033 841 κρείττονα
1065 770 1297 842 πληθύν.
1333 772 1758 844 Πολυανδροῦσα

159 865 261 934 γὰρ
291 864 418 918 λίαν
443 865 479 935 ἡ
513 863 677 934 φυλὴ,
715 864 951 935 μάλιστα
981 863 1074 917 τοῦ
1115 865 1211 934 Ἐφ
1224 862 1378 936 ραῒμ,
1409 865 1504 918 καὶ
1543 865 1764 935 ὑψηλὴν

158 958 248 1009 ἐπὶ
279 957 461 1027 τούτῳ
490 957 592 1027 τὴν
632 957 808 1026 ὀφρὺν
846 956 1221 1021 ἀνατείνουσα,
1257 957 1405 1028 δεινὴ
1439 958 1533 1011 καὶ
1558 959 1756 1011 ἀναντ-

160 1049 464 1116 αγώνιστος
492 1048 630 1120 ᾤετό
678 1067 784 1103 που
817 1051 912 1103 καὶ
945 1051 1132 1113 αὐτοῖς
1162 1049 1381 1103 ἔσεσθαι
1409 1053 1522 1114 τοῖς
1571 1051 1757 1103 Ἀσσυ-

161 1139 288 1209 ρίων
326 1139 699 1208 καθηγηταῖς,
725 1141 846 1210 ἦτοι
872 1142 1217 1210 στρατηγοῖς.
1249 1139 1467 1210 Ἐπειδὴ
1493 1139 1549 1191 δὲ
1580 1156 1756 1209 παρα-

161 1235 420 1299 γεγόνασι
436 1232 531 1285 τὸν
547 1234 668 1284 κατ’
686 1233 868 1286 αὐτῶν
896 1235 1160 1304 ἀράμενοι
1179 1232 1431 1299 πόλεμον,
1451 1231 1657 1284 ἀκονιτὶ
1679 1232 1757 1284 δε·

157 1323 487 1393 δαπάνηται,
516 1324 611 1376 καὶ
630 1325 826 1395 ἡγοντο
846 1325 980 1397 πρὸς
1007 1324 1404 1395 αἰχμαλωσίαν.
1424 1323 1584 1387 Ἀλλ’,
1610 1343 1626 1373 ‹
1641 1325 1756 1376 Οὐκ

158 1415 314 1485 ἔγνω,
340 1435 364 1468 ι
394 1417 552 1488 φησι,
581 1417 888 1483 τουτέστιν,
914 1418 1014 1470 οὐκ
1051 1417 1305 1486 ἐνενόησε
1337 1416 1436 1486 τῆς
1472 1418 1757 1488 συμφορᾶς

156 1505 248 1577 τὴν
272 1508 488 1573 αἰτίαν,
522 1508 703 1562 καίτοι
725 1508 846 1562 δέον
873 1510 1036 1563 αὑτὸν
1066 1509 1168 1563 κᾶν
1204 1508 1333 1577 γοῦν
1360 1508 1449 1561 διὰ
1477 1508 1584 1561 τῶν
1620 1525 1756 1578 συμο

157 1596 476 1670 ὁεδηκότων
511 1600 644 1654 ἰέναι
680 1601 820 1672 πρὸς
847 1601 1119 1673 αἴσθησιν.
1151 1604 1217 1656 '0
1251 1602 1360 1673 γὰρ
1399 1603 1496 1672 οὐχ
1538 1603 1754 1673 ὁρᾶται,

156 1692 423 1756 πολλάκις
470 1694 539 1746 ἐκ
587 1692 938 1765 προμηθείας
985 1696 1044 1746 ἐν
1089 1693 1386 1764 ὀφθαλμοῖς
1443 1696 1650 1747 ἱστᾶσιν
1699 1695 1753 1745 αἱ

158 1787 367 1856 πεῖραι.
407 1785 520 1837 Καὶ
551 1786 778 1856 ἄμεινον
809 1785 906 1856 μὲν
939 1786 999 1838 τὸ
1038 1787 1516 1840 κατασκέπτεσοαι
1542 1787 1602 1840 τὸ
1626 1804 1756 1857 συμ-

157 1877 341 1949 ψέρον,
379 1876 483 1948 τὴν
512 1881 711 1947 πεῖραν
751 1879 852 1931 οὐκ
880 1879 1268 1948 ἀναμένοντας.
1297 1879 1358 1931 Εἰ
1386 1879 1442 1931 δὲ
1468 1879 1530 1950 δὴ
1563 1879 1752 1932 τούτου

159 1970 369 2040 γένοιτο
424 1971 524 2022 καὶ
555 1971 926 2041 ἀφαμαρτεῖν,
965 1971 1077 2024 ἀλλ’
1126 1968 1219 2024 οὖν
1269 1971 1559 2024 πεπονθόσι
1593 1989 1752 2044 περι-

159 2061 305 2116 ἐσται
343 2061 541 2115 λοιπὸν
567 2062 628 2115 τὸ
657 2063 760 2115 κᾶν
788 2063 844 2129 ἐξ
869 2063 1035 2133 αὑτῆς
1065 2062 1324 2116 δύνασθαι
1349 2065 1488 2116 νοεῖν
1517 2065 1613 2134 τῆς
1645 2065 1754 2117 πεί-

163 2174 250 2230 ρας
276 2160 345 2211 τὸ
384 2158 688 2225 ἀναγκαῖον
718 2157 813 2210 καὶ
845 2157 1188 2227 ὀνησιφόρον.
1225 2157 1338 2209 Οὐκ
1392 2156 1533 2225 ἔγνω
1555 2157 1751 2219 τοίνυν,

162 2249 341 2320 φησὶν,
399 2251 429 2303 ό
462 2247 731 2317 Ἐφραῒμ,
777 2247 953 2300 καίτοι
993 2247 1436 2319 πεπολιωμένος,
1481 2251 1750 2315 τουτέστι,

165 2338 376 2410 μακροῦ
413 2338 794 2407 διαγεγονότος
817 2337 1029 2407 χρόνου,
1049 2337 1144 2390 καὶ
1179 2338 1277 2391 οὐκ
1298 2337 1566 2402 ἀνικὰνως
1600 2339 1754 2408 ἔχον-

163 2447 237 2496 τος
280 2433 372 2496 εἰς
406 2431 470 2484 τὸ
518 2429 810 2484 παιδεῦσαι
845 2430 1051 2493 λοιπὸν,
1091 2431 1184 2483 καὶ
1214 2431 1506 2486 ἀναπεῖσαι
1541 2431 1750 2501 μαθεῖν,

163 2523 272 2576 τίνα
290 2524 366 2594 δὴ
408 2523 618 2595 τρόπον
639 2523 824 2586 αὐτοῖς
852 2521 920 2574 τά
952 2523 1132 2575 τοιάδε
1173 2523 1509 2594 συμϐέϐηκε.
1536 2525 1645 2577 Καὶ
1671 2526 1749 2577 ὅτι

161 2618 580 2687 προσκέκρουκε
629 2616 711 2686 τῷ
758 2615 1046 2680 διασώζειν
1106 2615 1340 2687 ἰσχύοντι
1369 2658 1381 2680 ,
1418 2617 1610 2681 δεινοῖς
1661 2619 1753 2671 καὶ

161 2709 442 2780 ἀδοκήτοις
468 2709 760 2762 ὲνὼλισθον
789 2713 998 2770 κακοῖς.

219 2803 330 2856 Kal
382 2800 897 2867 ταπεινωθήσεται
939 2801 977 2868 ἡ
1015 2801 1179 2869 ὕϐρις
1217 2801 1324 2855 τοῦ
1373 2801 1610 2869 Ἰσραὴλ
1668 2802 1754 2867 εις

161 2893 494 2960 πρόσωπον
519 2890 733 2956 αὐτοῦ,
772 2889 872 2943 καὶ
903 2893 1014 2943 οὐκ
1045 2891 1430 2960 ἐπέστρεψαν
1453 2892 1602 2960 πρὸς
1640 2894 1752 2945 Κύ-

159 3001 279 3054 ριον
306 2983 427 3037 τὸν
455 2983 608 3037 Θεέν
638 2982 860 3051 αὐτῶν,
898 2983 993 3037 καὶ
1025 2985 1136 3038 οὐκ
1165 2983 1534 3051 ἐξεζήτησαν
1569 2983 1756 3038 αὐτὸν

161 3072 402 3127 ἐνπᾶσι
436 3073 694 3137 τούτοις.

224 3160 352 3218 09'.
399 3160 732 3232 Ἐρμηνεύει
784 3161 969 3230 σαφῶς
990 3162 1124 3233 ὅπερ
1168 3161 1292 3232 ἔφη.
1336 3162 1411 3215 Τὸ
1457 3163 1586 3234 γὰρ,
1640 3164 1755 3217 Οὐκ

165 3253 335 3321 ἔγνω,
387 3253 573 3304 καίτοι
625 3251 1036 3322 πεπολιωμὲνος
1084 3255 1112 3304 ὁ
1158 3252 1433 3323 Ἐφραῒμ,
1480 3253 1762 3325 διατρανοῖ

166 3345 346 3399 πάλιν.
388 3345 456 3397 Ἦ
499 3344 611 3413 γὰρ
643 3343 822 3414 ὕϐρις,
851 3344 1004 3414 ensi,
1043 3344 1136 3397 τοῦ
1181 3344 1418 3415 Ἰσραὴλ,
1450 3346 1756 3406 τουτέστιν,

166 3437 548 3506 ἡάπόστασις,
586 3436 653 3506 ἦν
692 3437 948 3505 νενόηκεν
995 3436 1056 3501 ἐξ
1098 3435 1420 3508 ὑπεροψίας,
1469 3437 1533 3490 δι’
1564 3439 1631 3508 ἣν
1667 3438 1762 3490 καὶ

165 3529 529 3584 ἀπονενευκεν
554 3528 647 3580 ἐπὶ
676 3527 834 3591 θεοὺς
871 3527 1205 3599 ἀλλοτρίους,
1238 3529 1328 3582 τὸν
1375 3529 1533 3597 φύσει
1577 3547 1633 3582 τε
1669 3530 1763 3582 καὶ

165 3621 381 3692 ἀληθῶς
424 3619 711 3690 ἀτιμάζων
755 3621 920 3686 Θεὸν,
956 3623 1442 3693 ἀποστραφήσεται
1484 3622 1763 3693 είςπρόσ-

168 3731 308 3768 ωπον
337 3714 531 3768 αὐτοῦ.
562 3715 788 3784 Ὅμοιον
822 3712 896 3776 ὡς
924 3715 972 3765 εἰ
1005 3713 1174 3781 λέγον
1209 3713 1460 3784 ’Ὕϐρεως
1489 3714 1636 3784 αὑτῷ
1667 3715 1761 3767 καὶ

170 3808 391 3878 ἀτιμίας
435 3807 797 3877 ἀναφανεῖται
848 3805 1127 3876 πρόξενος.
1178 3805 1348 3858 Τοῦτο
1408 3805 1513 3874 γὰρ
1568 3805 1628 3858 τὸ
1679 3807 1760 3870 είς

171 3902 460 3971 πρόσωπόν
490 3914 634 3963 τινος
673 3899 1115 3971 ἀποστρέφεσοαί
1148 3915 1222 3952 τι.
1266 3897 1432 3951 Ἀλλὰ
1473 3897 1648 3951 καίτοι
1692 3898 1762 3952 τὰ

170 3995 346 4048 τοιάδε
370 3992 683 4059 πεπονθὼς,
712 3993 875 4047 πάλιν
900 3994 1000 4046 οὐκ
1025 3992 1165 4061 ἔγνω
1188 3992 1341 4054 Θεὶιν,
1368 3990 1491 4044 οὔτε
1526 3991 1758 4070 μὴνοτῆς

172 4085 305 4157 πρὸς
339 4087 509 4140 αὐτὸν
542 4086 876 4157 ἐπιστροφῆς
901 4084 1182 4138 ἐποιοῦντο
1216 4084 1393 4153 λόγον.
1418 4083 1653 4155 Σκληροὶ
1679 4083 1758 4147 δὲ,

173 4180 258 4232 καὶ
277 4180 561 4247 ἄτεγκτοι,
597 4179 693 4231 καὶ
723 4177 860 4230 πολὺ
909 4176 1192 4240 νοσοῦντες
1216 4176 1278 4229 τὸ
1328 4175 1630 4246 ἀφιλόθεον,
1667 4175 1761 4229 καὶ

172 4271 226 4322 ἐν
251 4271 436 4332 αὐτοῖς
460 4269 729 4341 ὁρώμενοι
756 4271 869 4332 τοῖς
905 4268 1120 4333 δεινοῖς,
1159 4267 1542 4338 Ἀναισοησίας
1575 4267 1631 4320 δὲ
1663 4269 1762 4339 τῆς

174 4363 403 4434 ἐσχάτης
454 4362 706 4432 ἔγκλημα
738 4361 910 4424 τουτὶ,
943 4362 1036 4414 καὶ
1069 4362 1165 4432 τῆς
1195 4363 1273 4426 είς
1319 4361 1473 4432 λῆξιν
1519 4359 1760 4432 ἡκούσης

174 4454 504 4527 ἀδελτηρίας
530 4454 801 4520 ἀπόδειξις
829 4457 1084 4528 ἐναργής.

240 4548 350 4602 Καὶ
379 4543 462 4618 ἦν
484 4548 733 4617 Ἐρραῒμ
759 4549 840 4614 ὡς
870 4546 1195 4617 περιστερὰ
1219 4546 1427 4613 ἄνους,
1445 4547 1556 4600 οὐκ
1585 4545 1762 4616 ἔχου-

173 4656 256 4692 σα
284 4639 561 4708 καρδίαν.
593 4641 1279 4710 Αῐγυπτονὲπεκαλεῒτο,
1299 4641 1395 4695 καὶ
1429 4642 1515 4706 εὶς
1546 4641 1766 4694 Ἀσσυ-

168 4733 340 4799 ρίους
383 4733 827 4801 ἐπορεύθησαν.
861 4735 1071 4801 Καθὼς
1114 4735 1190 4788 ἂν
1231 4735 1598 4802 πορεύωνται
1641 4733 1766 4785 ἑπι-

174 4824 336 4878 Εαλῶ
373 4826 470 4880 ἐπ’
495 4826 722 4893 αὐτοὺς
763 4828 829 4881 τὸ
878 4827 1127 4882 δίκτυόν
1147 4846 1289 4898 μου.
1327 4829 1536 4894 Καθὼς
1564 4825 1635 4880 τὰ
1668 4841 1770 4880 πε·

173 4917 335 4970 τεινὰ
384 4917 493 4971 τοῦ
546 4918 809 4986 οὐρανοῦ
864 4919 1100 4984 κατάξω
1151 4921 1396 4987 αὐτούς.
1451 4921 1764 4976 Παιδεύσω

172 5008 395 5074 αὐτοὺς
431 5009 504 5063 ἐν
535 5008 691 5079 ἀκουῇ
729 5009 841 5078 τῆς
869 5013 1134 5079 θλίψεως
1167 5010 1385 5065 αὐτῶν.

243 5101 326 5154 Πν.
371 5101 713 5172 Ἀναμνῆσαι
739 5102 822 5155 δεῖ
854 5102 1015 5156 πάλιν
1043 5103 1151 5158 τῶν
1175 5104 1577 5176 γεγραμμένων
1603 5106 1660 5158 ἐν
1692 5107 1758 5175 τῇ

173 5191 406 5263 τετάρτῃ
435 5193 546 5246 τῶν
578 5193 900 5248 Βασιλειῶν·
940 5196 1243 5269 συνήσομεν
1264 5197 1373 5268 γὰρ
1404 5197 1639 5261 εὐκόλως
1666 5195 1762 5249 ὡδὶ

174 5282 282 5334 τῶν
327 5285 704 5356 προκειμένων
736 5287 828 5339 τὸν
867 5287 1013 5341 νοῦν.
1056 5288 1218 5360 Ὠσηὲ
1256 5288 1435 5344 τοίνυν
1479 5289 1593 5353 υίὸς
1629 5288 1762 5342 Ἦλά

180 5373 560 5442 βεϐασίλευκεν
605 5378 664 5430 ὲν
712 5375 996 5451 Σαμαρείᾳ
1044 5380 1136 5434 ἐστὶ
1182 5380 1273 5434 τὸν
1329 5382 1568 5453 Ἰσραήλ.
1619 5380 1763 5453 Πρὸς

179 5467 358 5522 τοῦτον
384 5470 651 5538 ἀγγέλους
673 5471 930 5543 πέπομςε
981 5473 1384 5548 Σαλαμανασάρ
1414 5475 1756 5546 ὁἈσσύριος,

178 5559 247 5614 τὰ
287 5561 486 5634 συνήθη
531 5563 683 5635 δῶρα
734 5564 1202 5638 τυραννικώτερον
1229 5566 1478 5634 ἐξαιτῶν,
1511 5568 1668 5638 μόνον
1704 5569 1760 5621 δὲ

252 5741 290 5774 ⁸¹
326 5743 388 5798 ιν
417 5743 552 5815 Reg.
589 5761 727 5811 xvu,
770 5746 817 5799 l.

1858 512 2068 558 tantum
2106 520 2210 559 non
2252 507 2590 562 devorarunt
2634 509 2918 578 prraim.
2965 512 3234 579 Quoniam
3287 517 3432 571 enim

1855 597 2034 666 ipsum
2093 613 2288 668 panem
2347 601 2777 657 subcinericium
2825 605 3139 674 appellavit,
3184 608 3438 662 consistit

1857 692 1908 744 in
1937 692 2187 748 oratione
2212 692 2440 760 tropica,
2498 693 3070 766 innumerabilemque
3131 697 3437 752 multitudi-

1856 799 1978 838 nem
2011 785 2180 839 rohur
2224 783 2341 852 ejus
2405 795 2702 855 nuncupat.
2741 786 3041 842 Numerosa
3103 789 3246 842 enim
3307 790 3438 842 viris

1857 885 2198 942 unaquzeque
2224 874 2419 939 tribus,
2450 876 2749 943 praesertim
2786 863 3198 945 prraiinitiea,
3229 877 3357 944 fuit,
3383 887 3439 931 et

1855 965 1927 1019 ob
1961 967 2012 1018 id
2044 966 2393 1034 supercilium
2423 966 2639 1031 tollens,
2673 969 3071 1023 formidabilem
3098 981 3151 1023 et
3178 970 3434 1023 invictam

1858 1057 1939 1111 vel
1977 1057 2109 1126 ipsis
2141 1057 2489 1128 Assyriorum
2536 1059 2660 1112 belli
2705 1060 2956 1123 ducibus,
3008 1062 3123 1114 sive
3187 1060 3426 1127 impera-

1861 1152 2068 1206 toribus
2093 1166 2151 1206 se
2175 1152 2290 1206 fore
2339 1153 2730 1208 arbitrabatur.
2791 1153 2891 1219 Qui
2928 1155 3016 1206 ubi
3051 1163 3300 1221 suscepta
3338 1169 3438 1206 ex-

1858 1243 2131 1312 peditione
2160 1244 2474 1310 adfuerunt,
2524 1259 2660 1315 quas
2710 1244 2819 1299 dixi
2867 1244 3041 1298 tribus
3099 1244 3236 1297 citra
3295 1243 3435 1298 ditii-

1858 1337 2113 1391 cultatem
2157 1337 2429 1402 contriL'e,
2485 1347 2539 1393 et
2599 1353 2696 1407 pro
2719 1338 2948 1406 captivis
2991 1338 3237 1390 abductae
3283 1344 3430 1391 sunt.

1860 1428 1987 1492 Sed,
2014 1446 2034 1479 ι
2064 1443 2168 1482 non
2198 1431 2473 1499 cognovit,
2499 1449 2516 1480 ι
2539 1429 2734 1497 inquit,
2762 1431 2864 1484 hoc
2895 1439 3000 1493 est,
3039 1427 3196 1497 112
3219 1442 3438 1481 causam

1859 1517 2186 1572 calamitatis
2225 1535 2328 1573 non
2368 1521 2656 1587 cogitavit;
2690 1520 2905 1574 tametsi
2944 1519 3137 1574 saltem
3176 1535 3242 1573 ex
3272 1533 3440 1572 even-

1862 1613 1929 1665 tis
1951 1609 2006 1665 in
2047 1611 2163 1680 ejus
2197 1611 2563 1681 cognitionem
2609 1612 2799 1666 venire
2844 1612 3048 1666 debuit.
3107 1609 3260 1677 Quod
3296 1609 3439 1663 enim

1861 1704 2041 1757 animo
2072 1719 2178 1757 non
2219 1703 2454 1769 videtur,
2513 1717 2887 1771 saepenumero
2933 1702 3270 1770 experientia
3314 1713 3442 1754 ante

1863 1798 2048 1853 oculos
2082 1796 2383 1852 constituit.
2421 1795 2488 1850 Et
2541 1803 2759 1865 praestat
2791 1811 2896 1849 non
2923 1805 3239 1861 exspectata
3277 1807 3443 1860 expe-

1866 1887 2058 1942 rientia
2107 1886 2533 1957 circumSpicere
2585 1886 2714 1954 quid
2772 1885 3062 1940 conducat.
3127 1884 3168 1936 A
3234 1898 3342 1952 quo
3393 1883 3439 1934 si

1864 1979 2124 2036 aberrare
2158 1981 2462 2048 contingat,
2496 1982 2600 2035 boe
2627 1991 2805 2035 tamen
2837 1979 3168 2048 relinquitur
3192 2019 3207 2041 ,
3238 1984 3296 2030 ut
3324 1978 3437 2045 ipsa

1862 2075 2195 2146 experientia
2233 2073 2364 2143 quid
2405 2072 2552 2128 facto
2585 2087 2722 2143 Opus
2761 2073 2853 2134 sit,
2890 2072 3129 2140 quidque
3155 2069 3437 2138 expediat,

1865 2167 2167 2238 intelligere
2219 2166 2514 2237 possimus.
2569 2165 2752 2234 lnquit
2803 2165 2990 2234 igitur,
3023 2167 3144 2220 Non
3191 2161 3442 2230 cognovit

1863 2262 2144 2330 Ephraim,
2175 2261 2426 2332 quamvis
2463 2260 2615 2315 canis
2662 2274 2938 2328 aspersus,
2993 2258 3096 2312 hoc
3123 2265 3227 2322 est,
3283 2255 3442 2323 longo

1865 2363 2106 2423 tempore
2135 2353 2339 2422 elapso,
2369 2354 2511 2422 quod
2551 2367 2646 2407 eos
2695 2351 2965 2422 potuisset
3003 2359 3192 2420 postea
3230 2349 3427 2406 docere

1863 2455 1918 2500 et
1950 2445 2208 2500 credibile
2235 2445 2450 2510 facere,
2484 2459 2722 2514 quonam
2765 2444 2924 2497 modo
2949 2442 3064 2496 haec
3090 2441 3222 2511 ipsis
3259 2439 3433 2493 couti-

1864 2535 2072 2605 gerint;
2101 2545 2151 2590 et
2174 2535 2298 2604 quia
2332 2535 2662 2589 olfenderint
2691 2550 2857 2604 penes
2879 2549 3039 2602 quem
3070 2541 3155 2586 est
3194 2532 3362 2596 salus,
3389 2530 3441 2583 in

1861 2627 2065 2683 atrocia
2091 2635 2143 2681 et
2163 2627 2533 2696 inexspectata
2563 2626 2704 2679 mala
2728 2625 3008 2679 incidisse.

1933 2806 2098 2862 Vens.
2135 2804 2221 2859 10.
2260 2803 2328 2857 Et
2351 2803 2724 2857 Immiliabitur
2753 2803 2953 2873 injuria
2979 2800 3152 2856 Israel
3177 2801 3229 2854 in
3254 2799 3439 2870 faciem

1862 2900 1994 2970 ejus,
2035 2909 2082 2954 et
2116 2916 2218 2953 non
2250 2899 2440 2953 reversi
2477 2907 2598 2951 sunt
2629 2897 2696 2948 ad
2726 2895 3010 2949 Dominum
3045 2894 3210 2947 Deum
3235 2907 3438 2958 eorum,

1859 3007 1906 3048 et
1935 3010 2035 3047 non
2063 2993 2412 3063 quasiverunt
2436 3007 2556 3046 eum
2585 2990 2640 3043 in
2671 2989 2910 3042 omnibus
2941 2989 3042 3041 Itis.

1932 3161 2172 3222 LXXIX.
2227 3165 2385 3219 Clare
2430 3163 2825 3234 interpretatur
2887 3159 3036 3231 quod
3082 3158 3242 3213 dixit.
3304 3153 3440 3210 Nam

1860 3274 1958 3316 cur
1990 3275 2097 3314 non
2125 3239 2440 3328 cognoverit
2468 3253 2749 3323 prraim,
2775 3253 2905 3306 licet
2936 3264 3107 3305 canus
3140 3289 3155 3312 ,
3188 3249 3444 3314 deinceps

1861 3351 2123 3406 declarat.
2158 3348 2359 3418 lujuria
2400 3348 2544 3402 enim
2573 3345 2760 3407 lsrael,
2814 3343 3008 3410 inquit,
3047 3341 3151 3392 hoc
3175 3348 3278 3401 est,
3330 3339 3437 3390 dis-

1860 3443 2057 3508 cessio,
2083 3455 2242 3510 quam
2265 3455 2333 3494 ex
2358 3438 2609 3507 superbia
2644 3435 2934 3489 meditatus
2955 3440 3058 3496 est,
3088 3440 3143 3486 et
3178 3430 3250 3483 ob
3273 3444 3438 3499 quam

1861 3536 2024 3590 etiam
2060 3533 2127 3587 ad
2158 3533 2287 3586 deos
2323 3530 2530 3583 alienos
2577 3525 2893 3591 declinavit,
2955 3532 3151 3578 natura
3201 3532 3254 3578 et
3287 3522 3434 3577 veri-

1863 3637 1971 3681 tate
2001 3626 2171 3680 B'eum
2209 3631 2556 3693 aspernatus,
2599 3628 2954 3675 convertetur
2993 3617 3046 3671 in
3080 3615 3276 3671 faciem
3303 3613 3440 3683 ejus.

1862 3718 2025 3786 Quasi
2058 3718 2224 3782 dicat,
2247 3713 2502 3785 lnjuriam
2533 3722 2588 3767 et
2619 3718 2993 3779 contemptum
3023 3710 3071 3764 ei
3103 3724 3296 3778 parere
3330 3721 3446 3759 ma-

1862 3812 2058 3867 nifeste
2083 3809 2354 3865 videbitur
2392 3823 2406 3862 :
2454 3807 2555 3860 hoc
2585 3806 2728 3858 enim
2775 3813 2876 3870 est,
2921 3802 2976 3856 in
3028 3801 3221 3855 faciem
3271 3799 3440 3852 alicu-

1855 3902 1944 3974 jus
1983 3903 2226 3959 converti
2251 3899 2550 3970 quidpiam.
2583 3895 2689 3951 Sed
2727 3906 2779 3950 et
2811 3896 2914 3948 ista
2951 3908 3165 3964 passus,
3194 3893 3436 3946 nondum

1862 3995 2342 4068 cognovitDeum;
2392 4004 2624 4046 nemeae
2655 3988 2720 4041 ad
2767 3988 2889 4042 illos
2946 3985 3318 4041 conversionis
3354 3999 3443 4037 ra-

1863 4092 2066 4145 tionem
2090 4087 2386 4150 duxerunt,
2415 4083 2617 4152 asperi,
2654 4091 2710 4134 et
2740 4079 3069 4134 inﬂexibiles
3091 4119 3107 4144 ,
3151 4087 3206 4132 et
3238 4077 3288 4129 in
3325 4087 3445 4130 stu-

1863 4182 1952 4236 dio
1983 4193 2112 4247 erga
2153 4179 2322 4232 Deum
2362 4172 2695 4228 imbecillimi
2733 4172 2897 4225 etiam
2942 4171 2993 4223 in
3039 4170 3170 4238 ipsis
3212 4167 3445 4222 miseriis

1862 4278 2206 4342 apparentes,
2249 4277 2304 4323 et
2339 4267 2481 4336 quod
2518 4263 2748 4320 extremi
2804 4261 3047 4332 stuporis
3092 4261 3287 4316 vitium
3337 4268 3442 4323 est,

1863 4376 1917 4420 et
1939 4363 2252 4421 stoliditatis
2275 4361 2498 4417 evidens
2527 4364 2937 4429 argumentum.

1933 4557 2098 4610 Vens.
2135 4552 2338 4621 ΝΛΞ.
2407 4549 2474 4604 Et
2517 4555 2632 4604 erat
2681 4545 2938 4616 Ephraim
2997 4545 3150 4616 quasi
3199 4542 3446 4597 columba

1863 4651 2141 4720 insipiens,
2180 4662 2285 4700 non
2333 4643 2530 4697 habent
2569 4656 2680 4695 cor.
2715 4638 3011 4709 JEgyptum
3042 4639 3341 4701 invocabat,
3399 4648 3446 4690 et

1864 4747 1932 4799 ad
1965 4741 2209 4812 Assyrios
2237 4738 2368 4791 ibat.
2401 4735 2552 4791 Sicut
2583 4733 2767 4788 iuerint
2799 4732 3008 4785 mittant
3036 4746 3193 4797 super
3213 4745 3299 4782 eos
3333 4739 3438 4782 rete

1865 4849 2059 4887 meum.
2093 4829 2245 4886 Sicut
2274 4827 2514 4881 volatilia
2548 4824 2661 4879 caeli
2685 4823 2964 4878 detraham
2992 4837 3102 4875 eos.
3146 4817 3449 4889 Corripiam

1870 4945 1954 4983 eos
1985 4927 2040 4980 in
2068 4925 2255 4980 auditu
2281 4919 2638 4977 tribulationis
2664 4919 2919 4986 ipsorum.

1939 5104 2154 5162 LXXX.
2215 5103 2273 5158 ln
2329 5100 2647 5159 memoriam
2697 5097 2876 5152 denuo
2925 5094 3289 5150 revocandum
3342 5102 3448 5157 est,

1868 5202 2013 5273 quod
2076 5199 2339 5268 scriptum
2396 5201 2579 5251 exstat
2615 5203 2810 5263 quarto
2844 5191 3050 5261 Regum
3103 5207 3118 5244 :
3170 5188 3251 5243 sic
3303 5188 3448 5240 enim

1869 5291 2028 5348 facile
2055 5288 2409 5359 intelligimus
2448 5286 2577 5356 quid
2625 5285 2728 5340 sibi
2774 5285 2938 5339 verba
2982 5282 3214 5337 recitata
3257 5281 3448 5334 velint.

1869 5389 2005 5438 Usee
2050 5381 2218 5451 igitur
2265 5379 2409 5434 ﬁlius
2455 5377 2549 5432 Eia
2601 5376 2860 5447 regnavit
2907 5375 2962 5429 in
3004 5373 3250 5428 Samaria
3289 5384 3444 5439 supet

1866 5474 2034 5530 Israel
2071 5473 2112 5504 “
2151 5493 2164 5529 :
2201 5473 2266 5527 ad
2299 5486 2459 5542 quem
2483 5470 2703 5524 nuntios
2751 5468 2898 5523 misit
2945 5465 3298 5520 Salmanasar-
3340 5458 3444 5511 As-

1869 5573 2071 5639 syrius,
2128 5574 2386 5622 consueta
2450 5577 2679 5620 munera
2727 5560 3052 5632 imperiosus
3101 5556 3326 5625 exigens
3382 5564 3443 5602 ai-
