3898 6212
398 144 421 183 ἃ

328 279 421 334 191
1314 273 1373 329 S.
1414 272 1687 330 CYRILLI
1726 270 2199 328 ALEXANDRINI
2238 270 2555 328 ARCIIIEP.
3483 254 3593 313 1θέ

326 389 709 459 propemodum
771 386 932 442 ctiam
994 386 1203 442 tributa
1257 386 1442 442 lsraeli
1495 388 1771 456 imponere
1811 402 1904 440 cu-

2011 384 2127 457 ούχί
2174 386 2267 440 καὶ
2316 383 2669 456 δασμολογεῖν
2718 381 2917 436 ἐθέλων
2967 380 3058 432 τὸν
3114 375 3349 450 Ἰσραήλ.
3412 375 3471 427 '0
3531 374 3594 424 δὲ

328 480 503 547 piens.
539 477 695 547 113
721 477 857 531 Osee
883 477 1141 531 servitute
1163 488 1407 532 recusata
1440 480 1505 531 ad
1537 479 1900 534 resistendum

2012 478 2263 531 ἀνένευσε
2297 477 2395 547 τὴν
2432 474 2698 537 δουλείαν,
2741 471 2970 543 ἐμελέτα
3003 469 3060 522 δέ
3102 467 3301 538 μᾶλλον
3348 463 3446 533 τὴν
3496 464 3595 514 ἀν-

328 582 453 622 sese
482 568 833 637 comparabat
861 608 877 634 ,
905 569 948 623 si
1008 568 1147 624 forte
1198 572 1264 625 ad
1295 585 1446 624 arma
1481 571 1731 626 lsraelem
1762 585 1908 624 com-

334 658 582 722 pelleret.
645 658 844 713 Deinde
923 659 989 713 ad
1059 658 1230 728 Segor
1282 659 1663 731 Egyptiorum
1726 676 1903 730 regem

329 752 529 805 auxilia
576 752 803 820 petitum
842 752 1010 815 misit,
1042 753 1185 821 quod
1211 767 1268 807 se
1316 754 1409 808 illo
1438 754 1765 821 adjuvante,
1801 753 1899 807 As-

330 841 477 910 syrio
508 842 840 909 superiorem
892 841 1005 896 fore
1043 842 1363 900 conﬁderet.
1391 841 1472 898 01)
1508 844 1611 898 hoc
1651 843 1907 913 Assyrius

332 929 535 999 ingenti
562 931 748 986 dolore
795 939 850 985 et
898 933 1185 987 iracundia
1220 934 1545 1002 concitatus,
1583 935 1776 988 bellum
1825 932 1906 989 ls~

335 1021 463 1075 raeli
498 1020 648 1085 facit,
678 1028 733 1076 et
762 1020 899 1077 Osee
930 1023 1092 1093 capit,
1137 1030 1192 1078 et
1229 1039 1351 1079 cum
1396 1040 1462 1079 eo
1510 1034 1697 1094 captus
1744 1024 1907 1078 Israel

336 1109 584 1165 Samaria
677 1113 948 1192 emigrare
1015 1114 1246 1184 cogitur.
1322 1114 1508 1185 Itaque
1573 1115 1750 1170 factus
1825 1126 1909 1170 est

335 1199 585 1270 Rphraim
620 1212 679 1255 ut
710 1204 960 1257 columba
998 1204 1471 1273 insipientissima,
1528 1221 1632 1260 non
1682 1207 1818 1261 bene
1853 1216 1909 1262 et

330 1302 631 1360 opportune
658 1295 904 1364 simplex.
944 1295 1172 1351 Proinde
1202 1306 1256 1351 et
1304 1297 1574 1361 Christus,
1620 1317 1638 1349 ι
1688 1297 1901 1362 Estote,

335 1386 531 1454 inquit,
560 1387 855 1454 prudentes
883 1388 1024 1442 sicut
1055 1396 1353 1457 serpentes,
1387 1398 1442 1443 et
1468 1388 1739 1459 simplices
1771 1389 1911 1444 sicut

338 1476 606 1530 columbae
636 1477 699 1529 ".
766 1477 973 1531 illorum
1006 1479 1203 1547 quippe
1229 1478 1546 1548 simplicitas
1570 1494 1691 1533 cum
1729 1479 1909 1532 animo

335 1567 547 1621 liberali
580 1568 773 1623 merito
802 1570 1023 1623 maximi
1052 1568 1297 1623 facienda
1323 1578 1426 1624 est.
1458 1570 1698 1624 Absente
1726 1576 1906 1623 autem

335 1660 645 1727 prudentia,
681 1659 1003 1729 simplicitas
1038 1661 1521 1726 detrimentosa,et
1558 1661 1789 1715 stultitia
1833 1662 1903 1716 de

2008 569 2277 630 τίστασιν,
2321 567 2426 619 κᾶν
2479 568 2526 620 εἰ
2577 566 2749 619 ἕλοιτο
2801 561 2963 632 τυχὸν
2991 560 3083 613 τὸν
3137 556 3377 626 πολέμου
3424 555 3594 624 νόμον

2011 652 2382 723 ἐπιθέσθαιτῷ
2418 653 2653 723 Ἰσραήλ.
2689 648 2823 706 Εἶτα
2850 650 2984 721 πρὸς
3001 646 3197 719 Σηγὼρ
3228 644 3600 715 ἐπρεσϐεύετο

2011 744 2104 797 τὸν
2146 743 2424 812 Αἰγύπτου
2488 744 2785 814 τύραννον,
2828 740 3147 812 ἐπικουρίαν
3188 738 3376 792 αἰτῶν.
3428 736 3601 807 ’ῼὴοη

2013 836 2142 908 γάρ,
2174 837 2254 890 ὅτι
2284 834 2564 906 περιέσται
2600 836 2696 889 σὺν
2730 832 2876 903 αὐτῷ
2906 834 3004 904 τῆς
3036 829 3340 901 Ἀσσυρίων
3387 828 3599 899 χειρός.

2014 928 2158 999 Πρὸς
2185 926 2347 980 τοῦτο
2382 926 2439 979 δὲ
2480 926 2716 996 μάλιστα
2755 922 3129 993 λελυπημένος
3173 922 3404 984 ἐκεῖνος,
3441 918 3605 971 πόλε-

2018 1037 2116 1090 μον
2148 1021 2363 1091 αἴρεται
2405 1018 2549 1073 κατά
2600 1019 2693 1071 τοῦ
2738 1016 2972 1089 Ἰσραήλ.
3008 1010 3141 1068 Εἶτα
3176 1013 3400 1081 γέγονεν
3450 1008 3609 1078 αὐτῴ

2013 1113 2198 1177 δοῦλος
2258 1113 2453 1184 Ὠσηὲ,
2500 1111 2835 1183 δορύληπτος
2872 1110 2929 1163 δέ
2986 1109 3082 1162 σὺν
3119 1105 3267 1175 αὐτῷ
3301 1105 3393 1158 καὶ
3435 1101 3608 1162 αὐτὸς

2014 1205 2325 1276 ἀπῳκίζετο
2359 1205 2460 1276 τῆς
2488 1203 2801 1274 Σαμαρείας
2830 1204 2858 1254 ὀ
2887 1196 3347 1272 ’Ῑσραήλ.οὐκοῦν
3369 1196 3608 1264 γέγονεν

2028 1297 2267 1368 Ἐφραῖμ
2306 1296 2384 1360 ὡς
2408 1295 2712 1364 ἀνουστάτη
2747 1291 3069 1365 περιστερὰ,
3099 1290 3200 1343 οὐκ
3229 1289 3321 1341 ἐπὶ
3354 1286 3504 1357 καλῷ
3542 1283 3607 1336 τὸ

2014 1390 2270 1460 ἀκέραιον
2306 1388 2465 1459 ἔχων.
2503 1388 2792 1458 Τοιγάρτοι
2823 1385 2918 1439 καί
2962 1387 2990 1437 ὁ
3020 1381 3276 1453 Χριστὸς,
3306 1378 3595 1441 «Γίνεσθε,

2016 1480 2171 1551 φησὶ,
2198 1480 2450 1550 φρόνιμοι
2482 1478 2615 1530 ὡσεί
2646 1478 2819 1547 ὄφεις,
2853 1476 2945 1529 καί
2967 1475 3216 1543 ἀκέραιοι
3252 1473 3327 1534 ὡς
3346 1472 3403 1525 αἱ
3432 1486 3597 1539 περι-

2019 1569 2228 1640 στεραί.
2260 1587 2278 1619 ι
2306 1568 2572 1637 Ἀπλότης
2619 1566 2717 1637 μὲν
2750 1565 2858 1637 γὰρ
2888 1563 3056 1633 ἠθῶν,
3085 1563 3181 1615 καὶ
3214 1562 3274 1613 τὸ
3306 1558 3598 1628 ἐλεύθερον

2019 1661 2293 1731 φρόνημα,
2321 1659 2509 1728 γένοιτ’
2537 1658 2605 1712 ἂν
2638 1659 2861 1721 εἰκότως
2883 1655 2976 1710 τοῦ
2999 1653 3201 1718 παντὸς
3234 1652 3381 1718 ἄξιον
3407 1652 3595 1721 λόγου.

335 1760 534 1806 czetero
601 1752 871 1806 censenda
933 1760 1034 1806 est.
1087 1752 1356 1821 [nsipiens
1418 1754 1582 1823 igitur
1629 1752 1904 1823 Ephraim.

2012 1752 2285 1814 Συνέσεως
2322 1751 2378 1804 δὲ
2414 1750 2697 1820 ἀπούσης,
2750 1749 2814 1802 τὸ
2868 1748 3072 1803 ἁπλοῦν
3124 1746 3446 1817 ἐπιδήμιον,
3495 1744 3596 1797 καὶ

335 1842 578 1907 Quonam
613 1843 827 1897 tandem
858 1842 1059 1897 modo?
1085 1842 1374 1899 luvocabat
1407 1845 1552 1901 enim
1596 1843 1902 1915 Egyptios,

334 1931 429 1985 sed
466 1931 574 1985 ibat
599 1932 841 2001 captivus
868 1932 934 1986 ad
964 1932 1237 2002 Assyrios,
1266 1947 1389 1987 cum
1429 1930 1601 2003 Segor
1642 1933 1905 1987 auxilium

335 2032 625 2092 apportare
651 2038 757 2078 non
784 2023 1008 2079 valeret.
1031 2024 1099 2077 Et
1124 2026 1396 2094 quomodo
1434 2040 1541 2080 non
1578 2025 1902 2094 expediebat

334 2129 630 2183 supernum
662 2115 860 2184 potius,
905 2116 1361 2186 inexpugnabile,
1407 2132 1571 2186 quam
1612 2117 1910 2172 humanum

334 2220 580 2275 quaerere
607 2206 960 2273 praesidium?
994 2206 1230 2262 Proinde
1257 2215 1311 2261 et
1348 2207 1729 2263 universorum
1761 2207 1904 2263 Deus

334 2310 431 2363 per
463 2296 654 2350 Isaiam
681 2313 695 2351 :
735 2314 755 2348 ι
789 2296 881 2351 V32
906 2296 995 2364 qui
1026 2296 1361 2352 descendunt
1415 2297 1470 2351 in
1509 2296 1804 2369 Egyptum
1837 2300 1904 2352 ad

335 2387 619 2451 auxilium,
638 2387 691 2441 in
715 2388 870 2457 equis
886 2388 1221 2443 confidentes
1241 2397 1294 2443 et
1318 2388 1369 2441 in
1387 2389 1636 2444 curribus
1651 2389 1716 2443 ¹³.
1747 2409 1766 2442 ι
1794 2390 1909 2445 Non

334 2486 512 2531 autem
547 2477 750 2546 absque
773 2477 957 2531 divino
983 2485 1116 2532 nutu
1145 2478 1347 2532 auxilia
1371 2479 1610 2548 ipsorum
1642 2479 1912 2535 defecisse

331 2568 587 2631 ostendit,
637 2584 761 2624 cum
820 2570 897 2623 ait
943 2582 1023 2636 se,
1092 2584 1419 2640 quocunque
1468 2570 1701 2633 iverint,
1740 2572 1914 2626 instar

333 2660 768 2730 passerculorum
800 2674 894 2715 eos
956 2662 1333 2716 detracturum
1365 2700 1380 2723 ,
1430 2660 1577 2716 velut
1630 2676 1909 2730 sagenam,

331 2759 428 2803 aut
454 2760 569 2805 rete
613 2749 1046 2819 superjaciendo,
1085 2765 1184 2805 nec
1239 2751 1469 2805 sinendo
1511 2750 1769 2820 gloriari;
1815 2753 1908 2808 sed

332 2838 480 2893 velut
508 2853 575 2893 ex
603 2838 712 2892 alto
748 2840 800 2893 in
834 2848 1057 2906 terram,
1084 2841 1187 2895 hoc
1216 2849 1322 2907 est,
1357 2855 1388 2893 a
1432 2842 1649 2897 sublimi
1679 2852 1734 2899 et
1766 2844 1909 2901 elato

332 2929 625 2998 supercilio
673 2929 739 2983 ad
804 2930 1061 3000 lugubres
1110 2940 1166 2986 et
1215 2932 1488 2987 modestas
1527 2935 1907 3005 cogitationes,

331 3029 387 3075 et
414 3034 534 3089 quas
563 3020 808 3075 hostibus
838 3020 1109 3089 subjectos
1137 3023 1365 3078 deceant
1388 3022 1725 3079 deducendo.
1757 3026 1910 3083 Sub-

325 3110 529 3179 jungit,
569 3127 588 3162 ι
624 3107 928 3180 Corripiam
960 3126 1057 3167 eos
1104 3113 1161 3168 in
1201 3114 1389 3169 auditu
1425 3115 1793 3173 tribulationis
1826 3120 1909 3190 ip-

331 3217 537 3267 sorum,
575 3221 594 3255 ο
634 3201 763 3257 illud
795 3203 1107 3273 signiticare
1140 3203 1347 3270 volens,
1376 3215 1435 3260 ut
1476 3208 1608 3262 mihi
1664 3210 1905 3266 videtur.

331 3294 660 3349 Futurorum
694 3294 863 3363 ipsam
887 3294 1283 3363 experientiam
1335 3311 1582 3353 rumores
1612 3301 1906 3355 antecede-

330 3386 486 3450 bant,
515 3392 571 3439 et
602 3384 807 3439 auditio
845 3384 1106 3440 terribilis
1153 3400 1343 3440 omnes
1390 3386 1442 3440 in
1487 3386 1733 3443 Samaria
1773 3405 1906 3444 con-

330 3478 633 3534 sternabat.
667 3475 1117 3547 Corripiehantur
1151 3478 1363 3545 itaque,
1421 3477 1649 3549 jamjam
1681 3480 1815 3549 ipsis
1848 3481 1903 3534 in

331 3569 637 3625 cervicibus
669 3567 904 3621 futuram
955 3567 1361 3624 tribulationem
1410 3571 1716 3626 audientes.
1756 3571 1909 3638 Quod

332 3656 376 3710 si
408 3654 744 3723 sapuissent,
776 3662 832 3707 et
889 3653 992 3707 hoc
1042 3654 1146 3708 illis
1173 3656 1239 3708 ad
1294 3658 1704 3713 conversionem
1747 3659 1911 3714 sull‘e-

331 3746 520 3803 cisset.
558 3745 665 3801 Sed
694 3760 815 3800 cum
848 3745 917 3799 ab
943 3746 1264 3815 accipiendo
1319 3748 1509 3804 dolore
1529 3762 1715 3806 essent
1772 3751 1907 3805 alie-

331 3838 561 3902 nissimi,
593 3852 660 3891 ne
694 3837 808 3906 ipsa
838 3836 1055 3906 quidem
1086 3837 1422 3906 experientia
1448 3850 1577 3895 sunt
1616 3841 1907 3905 commoti,

330 3931 511 3985 animo
531 3929 817 3999 praefracto
845 3938 900 3984 et
919 3927 1115 3993 ferreo,
1135 3938 1188 3983 et
1218 3931 1285 3985 ab
1318 3932 1693 3988 incredulitate
1716 3933 1909 3999 aﬂ'ecto

326 4036 582 4093 pessime.

2016 1843 2197 1913 μωρία
2237 1841 2298 1895 τὸ
2329 1841 2518 1913 χρῆμα
2550 1840 2755 1895 λοιπόν.
2792 1840 2989 1902 Ἀνους
3022 1837 3087 1909 δὴ
3126 1833 3218 1890 οὖν
3256 1838 3284 1889 ό
3330 1834 3597 1905 Ἐφραῗμ,

2014 1934 2148 1997 πῶς,
2197 1935 2389 2004 ἣτίνα
2437 1933 2668 2004 τρόπον;
2710 1930 3063 1984 Ἐπεκαλείτο
3122 1929 3220 2000 μὲν
3268 1928 3375 1996 γὰρ
3420 1927 3597 1993 Αἰγυ-

2012 2024 2223 2086 πτίους.
2267 2022 2408 2075 Ἀλλ’
2442 2021 2686 2086 ἐϐάδιζον
2718 2019 3055 2090 αἰχμάλωτοι
3081 2017 3216 2088 πρὸς
3245 2016 3595 2084 Ἀσσυρίους,

2012 2115 2373 2186 ἀτονήσαντος
2417 2114 2495 2176 εἰς
2530 2110 2851 2181 ἐπικουρίαν
2882 2108 2977 2161 τοῦ
3032 2105 3246 2177 Σηγώρ.
3295 2103 3427 2158 Εἶτα
3473 2104 3597 2167 πῶς

2011 2209 2112 2261 οὐκ
2141 2208 2363 2278 ἄμεινον
2396 2201 2465 2275 ἦν
2506 2203 2653 2275 αὐτῷ
2705 2202 2779 2275 μὴ
2810 2202 2906 2273 τὴν
2939 2200 2999 2265 ἐξ
3029 2198 3331 2272 ἀνθρώπων
3365 2196 3597 2267 μᾶλλον,

2012 2297 2148 2351 ἀλλά
2175 2297 2270 2367 τὴν
2299 2294 2506 2350 ἀνωθεν
2537 2292 2633 2348 καὶ
2684 2288 3130 2359 ἀκαταγώνιστον
3160 2284 3390 2357 ζητῆσαι
3426 2299 3595 2353 φρον-

2011 2389 2163 2456 τίδα;
2196 2388 2489 2459 Τοιγάρτοι
2520 2387 2615 2441 καὶ
2656 2384 2894 2454 ἔφασκεν
2940 2384 2969 2435 ὁ
3012 2381 3119 2435 τῶν
3153 2378 3289 2432 ὅλων
3335 2375 3465 2439 Θεὸς
3501 2374 3598 2431 διὰ

2013 2481 2198 2551 φωνῆς
2225 2480 2471 2535 Ἠσαίου*
2527 2498 2546 2530 ι
2582 2478 2716 2532 Οὐαὶ
2749 2478 2797 2530 οί
2832 2474 3253 2535 καταϐαίνοντες
3295 2471 3375 2533 είς
3418 2466 3594 2536 Αἴγυ-

2013 2589 2145 2625 πτον
2172 2572 2264 2623 ἐπὶ
2291 2569 2567 2642 βοήθειαν,
2621 2570 2670 2622 οἰ
2694 2568 2779 2635 ἐφ’
2811 2567 3000 2629 ἵπποις
3033 2562 3352 2624 πεποιθότες
3381 2560 3475 2613 καὶ
3504 2557 3595 2627 ἐφ’

2011 2664 2273 2735 ἅρμασιν.
2308 2682 2326 2715 ι
2361 2662 2569 2717 Ὅτιδέ
2610 2661 2671 2714 ού
2716 2659 2837 2729 δίχα
2867 2657 3000 2711 Θεοῦ
3040 2656 3134 2710 καὶ
3171 2657 3205 2727 ἡ
3238 2654 3346 2707 τῶν
3376 2653 3592 2721 ἐπαμυ-

2011 2758 2208 2810 νόντων
2235 2756 2419 2819 αὐτοῖς
2447 2746 2728 2824 ’ἠσθένησε
2768 2751 2915 2823 χεὶρ,
2962 2750 3231 2819 δέδειχεν,
3278 2746 3468 2807 εἰπὼν,
3514 2743 3595 2805 ὡς

2009 2850 2242 2919 ὅποιπερ
2273 2846 2338 2900 ἂν
2382 2844 2756 2915 πορεύωνται,
2800 2840 3096 2913 στρουθίων
3131 2838 3329 2900 αὐτοὺς
3368 2832 3595 2898 κατάξει

2010 2939 2184 3009 δίκην,
2208 2937 2423 2991 δίκτυον
2453 2936 2642 3006 ὥσπερ
2668 2936 2701 3007 ἢ
2729 2934 2872 2988 λίνον
2902 2930 3228 2993 ἐπιϐάλλων,
3268 2928 3361 2981 καὶ
3394 2924 3594 2989 ἀλαζο-

2012 3030 2263 3085 νεύεσθαι
2320 3030 2418 3100 μὲν
2467 3028 2568 3081 οὐκ
2621 3026 2815 3095 ἐφιεὶς,
2869 3021 3252 3092 κατακομίζων
3295 3018 3351 3072 δὲ
3401 3017 3597 3085 ὥσπερ

2014 3122 2209 3192 ὑψόθεν
2236 3124 2315 3184 είς
2342 3121 2463 3191 γῆν,
2488 3118 2789 3181 τουτέστιν,
2829 3117 2888 3182 ἐξ
2920 3114 3122 3187 ὀφρύος
3146 3113 3246 3181 τῆς
3282 3112 3421 3178 ἄγαν
3452 3108 3596 3178 ὑψη-

2012 3210 2111 3279 λῆς
2153 3210 2246 3263 καί
2286 3207 2605 3279 ἐπηρμένης
2652 3207 2732 3270 εἰς
2771 3204 2986 3275 οἰκτρὸν
3045 3203 3140 3256 καὶ
3197 3200 3415 3272 μέτριον
3455 3196 3597 3265 φρό-

2011 3315 2184 3368 νημα,
2216 3299 2310 3352 καὶ
2333 3298 2466 3368 ὅπερ
2492 3297 2555 3350 ἂν
2586 3295 2785 3367 πρέπει
2813 3296 2926 3356 τοῖς
2968 3292 3073 3345 ὑπὸ
3112 3293 3271 3361 χεῖρα
3312 3284 3596 3356 γεγονόσιν

2010 3386 2240 3459 ἐχθρῶν.
2278 3381 2414 3439 Εἶτά
2458 3401 2645 3454 φησιν,
2679 3385 2759 3437 ὅτι
2802 3401 2822 3435 ι
2863 3380 3146 3436 Παιδεύσω
3183 3377 3378 3438 αὐτοὺς
3415 3376 3473 3428 ἐν
3522 3376 3595 3445 τῇ

2011 3480 2149 3550 ἀκοῇ
2204 3477 2305 3548 τῆς
2359 3477 2589 3546 θλίψεως
2624 3474 2824 3537 αὐτῶν,
2867 3493 2886 3526 ι
2938 3471 3112 3526 ἐκεῖνό
3167 3487 3292 3531 που,
3339 3465 3594 3536 καθάπερ

2017 3562 2250 3639 ἐγῷμαι,
2296 3566 2490 3637 δηλοῦν
2540 3564 2758 3618 ἐθέλων.
2802 3561 3163 3636 Προεϐάδιζον
3197 3560 3295 3629 μὲν
3344 3557 3451 3627 γὰρ
3492 3555 3593 3625 τῆς

2016 3660 2212 3729 πείρας
2237 3658 2405 3726 αὐτῆς
2435 3656 2545 3708 τῶν
2565 3655 2838 3725 ἐσομένων
2856 3654 2904 3707 οἱ
2928 3652 3168 3722 ϐρύλλοι,
3192 3649 3287 3702 καὶ
3312 3643 3593 3718 φρικώδης

2006 3750 2143 3821 ἀκοὴ
2197 3748 2484 3803 κατεπτὸει
2517 3764 2619 3800 που
2676 3748 2885 3809 πάντας
2933 3747 2989 3798 ἐν
3037 3740 3337 3813 Σαμαρείᾳ.
3378 3736 3593 3790 Οὐκοῦν

2010 3840 2394 3904 ἐπαιδεύοντο,
2427 3838 2524 3909 τὴν
2564 3839 2687 3891 ὅσον
2730 3837 2940 3893 οὐδέπω
2985 3835 3364 3907 παρεσομένην
3404 3830 3592 3895 αὐτοῖς

2009 3932 2297 3995 ἀκούοντες
2333 3930 2534 4000 θλίψιν.
2576 3930 2717 3982 Ἀλλ’
2771 3929 2928 4000 είπερ
2976 3924 3117 3999 ἦσαν
3152 3926 3325 3995 σοφοὶ,
3357 3924 3590 3996 ἤρκεσεν

2012 4025 2079 4079 ἂν
2107 4025 2290 4087 αὐτοῖς
2321 4024 2399 4087 εἰς
2441 4021 2777 4092 ἐπιστροφὴν
2809 4021 2903 4074 καί
2937 4020 3110 4073 τοῦτο.
3158 4019 3493 4088 ᾼυσάλγητοι
3529 4014 3589 4068 δὲ

325 4116 476 4178 ὄντες
531 4111 674 4176 λίαν,
714 4110 835 4164 οὐδὲ
879 4110 978 4182 τὴν
1030 4113 1222 4183 πεῖραν
1280 4113 1450 4185 αὐτὴν
1501 4113 1932 4186 δεδυσώπηνται,
1975 4117 2208 4192 σκληρόν
2253 4133 2313 4170 τε
2359 4115 2453 4168 καὶ
2520 4114 2856 4186 ἄθραυστον,
2906 4114 3002 4165 καὶ
3051 4112 3184 4165 πολὺ
3228 4110 3486 4163 νοσοῦντα
3526 4105 3590 4160 τὸ

324 4204 549 4268 ἀπειθὲς
575 4202 790 4274 ἔχοντες
822 4202 967 4256 νοῦν.

395 4296 562 4351 Vens.
601 4295 687 4349 15.
729 4292 815 4348 Va:
847 4295 950 4357 eis,
985 4294 1234 4362 quoniam
1269 4296 1566 4350 resilierunt
1596 4312 1627 4349 a
1660 4313 1759 4351 me.
1798 4296 1904 4352 Mi-

2086 4296 2230 4350 Οὺαί
2271 4295 2497 4361 αὐτοῖς,
2534 4294 2622 4348 ὅτι
2658 4292 3062 4361 ἀπεπήδησαν
3110 4290 3212 4345 ἀπ’
3251 4289 3417 4359 ἐμοῦ.
3464 4290 3587 4342 Δεί-

323 4388 429 4444 seri
464 4394 615 4448 sunt,
645 4385 895 4455 quoniam
930 4384 1086 4451 impie
1119 4396 1333 4452 egerunt
1368 4385 1423 4437 in
1459 4401 1558 4438 me.
1750 4442 1755 4447 I

395 4473 869 4531 LXXXI.Causam
896 4473 1153 4527 malorum
1180 4472 1345 4527 fuisse
1369 4470 1499 4541 ipsis
1523 4474 1905 4531 discessionem

324 4586 354 4625 a
388 4570 516 4634 Deo,
544 4566 705 4621 etiam
736 4566 819 4620 his
863 4564 1047 4619 verbis
1099 4564 1290 4633 aperit.
1347 4564 1506 4636 114
1547 4566 1906 4633 Quemadmo-

321 4660 448 4715 dum
474 4659 618 4714 enim
645 4657 737 4726 qui
767 4656 1086 4724 corporibus
1139 4662 1427 4719 aegrotant,
1460 4655 1561 4710 sibi
1592 4658 1902 4712 morborum

321 4749 685 4805 cruciamenta
720 4746 1013 4800 accersisse
1047 4744 1462 4809 convincuntur,
1501 4746 1546 4800 si
1584 4749 1821 4803 medicos
1852 4758 1905 4804 et

321 4842 714 4896 medicamenta
758 4837 1009 4893 sedandis
1055 4835 1421 4905 pellendisque
1464 4837 1739 4896 doloribus
1781 4840 1899 4897 ido-

323 4945 421 4986 nea
454 4931 792 5001 respuerint;
823 4930 896 4983 ita
926 4944 1023 4985 nos
1049 4943 1261 4998 quoque
1287 4930 1540 4986 charitati
1571 4947 1695 5002 erga
1730 4931 1895 4987 Deum

319 5029 533 5078 nosmet
566 5021 975 5086 subtrahentes,
1014 5036 1117 5077 non
1154 5022 1497 5077 mediocriter
1528 5023 1891 5092 peccabimus.

310 5114 451 5168 Nam
489 5111 580 5181 qui
619 5111 786 5165 Deum
825 5111 1075 5175 oll‘endit,
1114 5127 1235 5167 eum
1279 5115 1421 5183 quod
1460 5113 1668 5169 salvare
1707 5123 1894 5184 queat,

310 5201 443 5258 nihil
479 5211 582 5257 est.
613 5200 749 5267 Quia
784 5201 947 5269 igitur
976 5218 1002 5254 a
1040 5203 1148 5257 Deo
1177 5205 1530 5275 aufugerunt,
1564 5207 1763 5260 idcirco
1796 5208 1895 5261 nti-

312 5294 416 5349 <eri
470 5299 527 5349 et
570 5291 860 5346 maledicti.
902 5290 1038 5356 Quia
1075 5306 1205 5345 vero
1256 5295 1415 5364 impie
1461 5306 1709 5363 egerunt,
1753 5296 1895 5366 quod

311 5387 474 5442 faisos
508 5385 637 5440 deos
671 5385 998 5447 adorarunt,
1032 5383 1354 5454 divinosque
1389 5389 1493 5442 illis
1530 5389 1766 5445 honores
1801 5389 1896 5443 tri-

312 5474 571 5540 buerunt,
597 5472 948 5542 subjaccbunt
975 5488 1072 5526 vae.
1104 5494 1120 5524 ι
1155 5472 1366 5529 Etenim
1395 5477 1438 5531 si
1468 5478 1723 5534 clauserit
1751 5478 1893 5534 Deus

384 5648 427 5679 “
460 5648 646 5703 Matth.
684 5665 738 5716 Χ,
784 5649 866 5704 16.
950 5649 1122 5704 “Isti.
1158 5663 1306 5712 εχει,
1348 5649 1394 5701 1.

2007 4387 2172 4440 lato!
2197 4388 2375 4447 εἰσιν,
2418 4384 2507 4437 ὅτι
2532 4383 2852 4452 ἠσέϐησαν
2878 4384 2967 4445 εἰς
3001 4380 3123 4449 ἐμέ.

2077 4478 2204 4530 IIA'.
2225 4478 2347 4529 Ὅτι
2369 4478 2639 4548 πρόφασις
2660 4475 2843 4536 αὐτοῖς
2861 4473 2968 4525 τῶν
2988 4472 3173 4525 δεινῶν
3202 4470 3263 4524 τὸ
3283 4469 3587 4542 ἀποστῆναι

2006 4571 2163 4635 Θεοῦ,
2182 4572 2275 4623 καὶ
2290 4570 2375 4623 διὰ
2396 4571 2599 4622 τούτων
2624 4570 2755 4639 ἡμῖν
2777 4566 3097 4637 καθίστησιν
3121 4564 3587 4636 ἐναργές.”ονπερ

2006 4663 2115 4733 γὰρ
2144 4662 2344 4732 τρόπον
2392 4661 2443 4714 οἱ
2498 4658 2908 4732 ἀρρωστοῦντες
2955 4656 3321 4727 σωματικῶς,
3374 4657 3587 4720 ἐαυτοίς

2007 4753 2288 4825 παραίτιοι
2317 4754 2602 4822 γεγονότες
2631 4753 2728 4822 τῆς
2764 4751 2873 4804 τῶν
2910 4749 3233 4821 νοσημάτων
3262 4749 3585 4819 ἀγριότητος

2006 4843 2182 4897 ἁλοῖεν
2219 4842 2305 4909 ἂν,
2346 4844 2394 4896 εί
2434 4843 2507 4913 μὴ
2550 4841 2921 4913 παραδέχοντο
2947 4841 3073 4903 τοὺς
3117 4840 3354 4909 ἰατροὺς,
3390 4839 3485 4892 καὶ
3516 4840 3585 4892 τὸ

2003 4934 2070 4987 δι’
2100 4926 2173 4989 ὧν
2218 4934 2282 4987 ἂν
2308 4934 2553 4987 δύναιντο
2605 4931 3033 4995 κατευνάζεσθαι
3071 4931 3130 4984 τὸ
3176 4929 3403 4983 λυποῦν·
3439 4928 3585 4983 οὕτω

2003 5027 2095 5079 καὶ
2119 5029 2279 5099 ἡμεῖς
2295 5028 2393 5098 τῆς
2413 5028 2492 5089 εἰς
2518 5025 2651 5079 Θεὸν
2679 5025 2897 5094 ἀγάπης
2922 5022 3147 5086 ἑαυτοὺς
3174 5022 3583 5091 ἐκκομίζοντες,

2000 5117 2062 5171 οῦ
2090 5118 2324 5188 μετρίως
2356 5117 2724 5187 ἀδικήσωμεν.
2757 5114 2925 5180 Σώζει
2958 5114 3066 5184 γὰρ
3098 5114 3249 5166 οὐδὲν
3279 5112 3371 5164 τὸν
3413 5126 3578 5180 προσ-

1995 5207 2257 5279 κρούοντα
2289 5208 2426 5278 Θεῷ.
2488 5211 2612 5263 ’Ότι
2659 5207 2837 5261 τοίνυν
2884 5206 3369 5277 ἀποδεδραμήκασι
3420 5201 3580 5259 Θεοῦ.

1991 5297 2248 5369 ταύτῃτοι
2285 5298 2505 5351 δείλαιοι
2566 5298 2660 5351 καὶ
2689 5298 2980 5367 ἐπάρατοι.
3009 5292 3477 5365 Δεδυσσεϐηκότες
3498 5290 3580 5353 δὲ,

1991 5387 2081 5440 διά
2109 5406 2172 5456 γε
2200 5388 2294 5441 τοῦ
2344 5392 2670 5461 προσκυνεῖν
2699 5392 2812 5451 τοῖς
2838 5388 3213 5459 ψευδωνύμοις
3255 5386 3396 5451 θεοῖς
3420 5424 3434 5447 ,
3485 5382 3578 5435 καὶ

1993 5479 2257 5536 ἀνάπτειν
2296 5482 2475 5545 αὐτοῖς
2518 5482 2576 5536 τὸ
2627 5482 2814 5549 σέϐας,
2866 5482 3247 5536 ὑποκείσονται
3296 5478 3372 5549 τῷ
3430 5476 3577 5532 οὐαί.
