3898 6212
176 298 279 355 193

1097 306 1649 369 COMMENTARIUS
1683 309 1749 365 IN
1783 312 2014 372 OSEAM
2056 320 2502 379 PROPIIETAM.

3349 336 3455 392 194

180 435 198 466 ι
221 414 347 469 Ἐὰν
370 415 481 486 γάρ
504 415 693 489 κλείσῃ
721 418 862 472 κατά
884 418 1172 491 ἀνθρώπου
1202 423 1355 490 Θεὸς,
1381 426 1463 489 τίς
1488 427 1718 495 ἀνοίξεις
1744 450 1748 481 ι

1872 445 2058 489 contra
2094 439 2391 505 hominem,
2419 441 2542 510 quis
2573 443 2873 511 aperiet“?
2903 464 2919 497 ι
2957 454 3011 499 ιιι
3046 448 3309 518 scriptum
3345 462 3449 510 est.

175 506 311 560 κατά
338 506 402 559 τὸ
429 510 836 578 γεγραμμένον.

253 636 400 704 Ἐγὼ
431 633 502 689 δὲ
533 637 970 707 ἐλυτρωσάμην
999 641 1244 707 αὐτοὺς,
1285 644 1455 697 αὐτοὶ
1508 646 1577 697 δὲ
1621 663 1763 699 κατ-

170 726 493 794 ελάλησαν
532 732 658 782 κατ’
710 730 859 799 ἐμοῦ
902 730 1135 799 ψευδῆ,
1191 732 1291 785 καὶ
1337 736 1451 787 οὐκ
1499 736 1766 804 ἐϐόησαν

174 818 321 884 πρός
367 835 446 886 με
486 822 544 872 al
594 819 832 887 καρδίαι
869 820 1090 884 αὐτῶν,
1115 822 1253 874 ἀλλ’
1287 822 1325 889 ἢ
1373 823 1675 884 ὼλόλυζον
1696 826 1765 878 ἐν

177 907 303 972 ταῖς
366 910 599 975 κοίταις
635 910 858 976 αὐτῶν,
901 911 998 965 ἐπὶ
1037 912 1182 978 σίτῳ
1225 911 1325 966 καί
1362 914 1506 979 οἴνῳ
1531 916 1763 969 κατετέ-

173 1014 416 1065 {tr-erro.

244 1130 373 1182 ΠΗ.
404 1131 525 1183 Ὀτι
546 1133 655 1193 τοῖς
680 1131 917 1186 ἑκάστου
943 1133 1413 1209 πλημμελήμασιν
1443 1141 1762 1213 ίσομέτρους

177 1222 370 1290 ἐπάγει
416 1224 518 1286 τὰς
549 1224 727 1288 δίκας,
767 1226 1098 1297 ὑπεμφαίνει
1158 1230 1340 1283 πάλιν.
1383 1233 1759 1302 Κατειρήκασι

178 1314 281 1385 γὰρ
317 1314 417 1367 τοῦ
446 1315 872 1387 λυτρωσάμενον
909 1317 1069 1382 Θεοῦ,
1112 1320 1206 1373 καὶ
1240 1322 1297 1386 ἐξ
1337 1322 1485 1375 οἴκου
1518 1323 1759 1389 δουλείας

176 1407 533 1479 ὲξαγηοχότος
569 1428 587 1459 ι
618 1409 676 1461 ἐν
730 1412 873 1480 χειρὶ
947 1414 1217 1483 κραταιᾷ,
1268 1414 1360 1466 καὶ
1411 1415 1469 1467 ὲν
1514 1416 1757 1487 βραχίονι

177 1500 388 1570 ὑψηλῷ,
404 1519 421 1551 ι
445 1499 590 1552 καθά
620 1500 954 1571 γέγραπται,
975 1504 1070 1556 καὶ
1092 1504 1191 1574 τῆς
1216 1506 1530 1573 Αἰγυπτίων
1561 1508 1754 1560 πλεον-

174 1590 321 1652 εξίας
383 1590 832 1658 ἐκκεκομικὸτος.
903 1592 1292 1661 Κατελάλησαν
1340 1594 1395 1646 δὲ
1451 1596 1549 1664 τῆς
1600 1597 1756 1667 δόξης

173 1678 357 1744 αὐτοῦ,
394 1678 490 1741 τὰς
517 1679 658 1749 ὑπὲρ
685 1673 759 1733 ὧν
799 1681 864 1733 ἂν
896 1682 1117 1735 πάθοιεν
1160 1683 1435 1753 εὐφημίας
1470 1689 1580 1749 τοῖς
1623 1689 1759 1742 ἀκα-

174 1771 391 1840 θάρτοις
439 1771 776 1831 ἀνάπτοντες
832 1771 1086 1843 δαίμοσι,
1133 1774 1227 1828 καὶ
1266 1777 1380 1839 τοῖς
1424 1777 1603 1846 ἔργοις
1650 1779 1757 1831 τῶν

173 1861 367 1931 χειρῶν
394 1859 505 1912 τῶν
537 1860 701 1923 ἰδίων,
724 1861 975 1934 καθάπερ
1000 1866 1191 1935 ἀμέλει
1225 1872 1757 1941 μεμοσχοποιηκότες

173 1954 305 2006 κατὰ
338 1952 444 2021 τὴν
469 1953 694 2022 ἔρημον,
733 1957 1016 2026 μονονουχὶ
1060 1957 1151 2010 τὸν
1203 1958 1485 2031 λυτρωτὴν
1528 1964 1757 2027 ἀνοσίως

170 2043 639 2115 περιυϐρίζοντες,
672 2043 733 2108 ἐξ
785 2045 1127 2117 ἀποπληξίας
1158 2048 1399 2116 ἔφασκον
1420 2069 1432 2080 ·
1464 2070 1480 2100 ι
1514 2046 1671 2107 Οὗτοι
1706 2056 1755 2108 οἱ

172 2138 275 2190 θεοί
305 2154 429 2200 σου,
466 2136 706 2206 Ἰσραὴλ,
739 2138 933 2200 οἵτινες
960 2139 1238 2210 ἀνήγαγόν
1276 2159 1335 2194 σε
1365 2144 1429 2196 ἐκ
1458 2145 1562 2215 γῆς
1586 2146 1754 2214 Αιγύ-

173 2248 317 2284 πτον.
358 2249 379 2282 ›
427 2229 626 2300 ’Υϐρις
676 2225 770 2283 οὖν
808 2232 948 2301 ἄρα,
998 2234 1093 2286 καὶ
1145 2237 1399 2306 παροινία
1445 2228 1627 2291 λοιπὸν
1676 2242 1755 2304 είς

172 2322 324 2383 Θεὸν,
376 2321 474 2374 καὶ
528 2322 900 2393 ὲναργεστάτη
946 2326 1315 2398 κατάρῤησις,
1371 2329 1433 2382 τὸ
1493 2330 1754 2398 γλυπτοῖς

173 2413 253 2466 καὶ
280 2412 546 2481 δαίμοσιν
580 2411 858 2466 ἀναθεῖναι
901 2415 963 2467 τὸ
1011 2416 1196 2482 σέϐας,
1247 2419 1341 2472 καὶ
1369 2421 1554 2485 αὐτοῖς
1582 2440 1751 2493 προσ-

174 2504 315 2571 άγειν
362 2506 435 2557 τὰ
469 2506 822 2576 χαριστήρια,
869 2507 962 2560 καὶ
1012 2508 1114 2577 τῆς
1156 2510 1416 2566 ἀνωτάτω
1451 2513 1610 2584 δόξης
1652 2515 1752 2585 τὴν

173 2596 441 2666 ὑπεροχὴν
469 2596 863 2661 καταϐιϐάζειν
896 2601 975 2661 είς
1005 2601 1164 2654 αὑτά.
1204 2599 1315 2655 Καὶ
1343 2605 1463 2673 οὐχὶ
1490 2605 1552 2678 δὴ
1591 2606 1751 2676 μόνον

170 2689 530 2758 κατειρήκασι
566 2689 661 2741 τοῦ
707 2688 865 2754 Θεοῦ,
902 2691 1154 2764 καθάπερ
1186 2694 1322 2763 ἔφην
1358 2697 1583 2767 ἀρτίως,
1615 2697 1751 2751 ἀλλά

169 2780 255 2832 καὶ
285 2780 603 2832 ἀπένευσαν
634 2781 912 2844 παντελῶς
965 2783 1056 2835 τοῦ
1088 2785 1193 2838 κᾶν
1228 2786 1356 2854 γοῦν
1403 2788 1612 2842 οἴεσθαι
1648 2790 1744 2859 μό·

168 2887 268 2933 νον,
302 2870 392 2922 ὅτι
416 2870 551 2940 παρ’
585 2869 753 2924 αὑτοῦ
792 2873 905 2935 τοῖς
937 2875 995 2926 ἐν
1028 2873 1217 2945 κόσμῳ
1252 2877 1318 2929 τὰ
1352 2876 1597 2948 ζωαρκῆ.
1623 2897 1642 2931 ι
1674 2881 1747 2933 υύ

168 2962 265 3033 γὰρ
299 2961 605 3033 βεϐοήκασι
633 2964 771 3034 πρός
803 2982 891 3035 με,
924 2966 1109 3036 φησὶν,
1155 2971 1207 3022 αἱ
1254 2971 1473 3042 καρδίαι
1496 2972 1693 3037 αὐτῶν,
1725 2994 1744 3026 ι

168 3054 465 3119 τουτέστιν,
499 3053 651 3108 οὐδὲν
692 3055 1024 3128 ἐξεζήτησαν
1058 3061 1188 3130 παρ’
1232 3060 1387 3132 ἐμοῦ,
1421 3063 1596 3116 καίτοι
1636 3064 1751 3118 δια-

168 3146 403 3215 κείμενοι
467 3147 563 3199 καὶ
624 3150 1083 3213 πεπιστευκότες,
1152 3153 1232 3205 ὅτι
1296 3154 1496 3219 παντὸς
1543 3156 1748 3224 ἀγαθοῦ

166 3237 421 3306 χορηγός’
454 3238 574 3306 είμι
622 3238 717 3291 καὶ¹
776 3239 961 3312 δοτήρ.
1015 3243 1135 3296 Ὅτι
1180 3242 1238 3311 δὲ
1285 3244 1415 3314 βοῆς
1463 3247 1524 3298 ού
1578 3247 1748 3302 δεῖται

167 3325 311 3389 Θεὸς,
344 3325 646 3390 διαθέσεως
674 3328 730 3381 δὲ
772 3330 971 3398 μᾶλλον
1003 3336 1101 3404 τῆς
1132 3335 1211 3397 εἰς
1239 3333 1361 3387 νοῦν
1385 3337 1476 3389 καὶ
1498 3338 1746 3407 καρδίαν,

165 3417 251 3471 καὶ
301 3417 394 3470 διὰ
433 3418 643 3472 τούτων
691 3421 971 3491 εἰσόμεθα.
1028 3424 1237 3478 Οὐκοῦν
1288 3426 1411 3479 οὔτε
1455 3427 1748 3500 βεϐοήκασι

163 3509 297 3579 πρὸς
317 3509 457 3563 Θεόν
474 3523 489 3538 ⁸
513 3510 650 3564 ἀλλά
666 3510 774 3583 γὰρ
803 3515 896 3566 καὶ
923 3515 1350 3571 ἀπονενεύκασιν
1375 3520 1644 3590 ἀχαλίνως
1669 3525 1749 3585 είς

162 3601 425 3666 ἐκτύπους
448 3602 832 3675 φιλοσαρκίας,
865 3606 940 3668 ὡς
968 3607 1064 3660 κα)⁹
1092 3606 1367 3673 ὀλολύζειν
1394 3612 1487 3665 ἐπὶ
1517 3613 1744 3677 κοίταις.

162 3694 413 3765 Δίσχρῶν
470 3694 527 3747 δὲ
570 3696 790 3766 τρόπων
828 3697 1101 3763 ἀπόδειξις
1140 3699 1204 3752 τὸ
1242 3700 1433 3772 χρῆμά
1474 3704 1610 3769 ἐστι,
1650 3707 1746 3760 καὶ

162 3788 255 3856 τῆς
290 3788 375 3850 εἰς
404 3787 663 3858 πορνείαν
701 3789 1039 3861 ἐπιπλήκτου
1052 3792 1263 3863 κροπῆς,
1292 3793 1388 3846 καὶ
1425 3793 1516 3849 νοῦ
1548 3796 1747 3851 κεκλα-

164 3878 359 3947 σμένου
386 3878 525 3949 πρὸς
550 3878 763 3949 ἡδονάς.
797 3880 1004 3952 Πρέποι
1031 3881 1077 3935 δ’
1101 3881 1168 3936 ἂν
1196 3882 1377 3953 μόνοις
1406 3887 1485 3949 είς
1514 3887 1745 3959 αἰσχράν

161 3966 299 4019 οὕτω
346 3967 443 4020 καὶ
477 3967 886 4041 βδελυρωτάτην
906 3972 1019 4039 ἕξιν
1050 3974 1384 4029 κατολισθεῖν
1409 3979 1521 4041 τοῖς
1543 3980 1610 4034 τά
1635 3980 1745 4035 τῶν

158 4057 371 4129 ἀνδρῶν
418 4060 697 4132 ἐξαίρετα,
754 4063 890 4133 πρὸς
924 4065 994 4118 τὰ
1037 4065 1146 4121 τῶν
1198 4069 1439 4136 γυναίων
1489 4071 1615 4142 ἔθη,
1650 4074 1745 4127 καὶ

160 4152 456 4221 σχήματα,
491 4152 585 4205 καὶ
628 4153 815 4221 φωνὰς
861 4156 1287 4223 καταϐιάζεσθαι
1323 4164 1739 4234 μεμελετηκὸσι.

159 4242 445 4297 Γυναικίαι
483 4243 538 4297 δὲ
580 4236 747 4311 οὗτοι,
788 4249 883 4300 καὶ⁵
934 4249 1068 4303 πολὺ
1115 4249 1237 4304 λίαν
1285 4253 1738 4326 ὲκτεθηλυμένοι,

158 4337 243 4387 καὶ
264 4337 353 4398 είς
384 4335 543 4404 λῆξιν
580 4337 805 4407 ἥκοντες
833 4339 931 4409 τῆς
958 4341 1016 4393 ὲν
1047 4341 1356 4414 ἀνθρώποις
1379 4347 1738 4420 ἀκαθαρσίας.

158 4428 220 4480 Τό
243 4446 311 4496 γε
348 4428 462 4500 μὴν
505 4430 591 4482 ἐπ’
628 4430 757 4502 οἴνῳ
799 4433 893 4485 καὶ
920 4434 1050 4505 σίτῳ
1094 4438 1534 4508 κατατέμνεσθαι
1564 4441 1741 4510 λέγειν

1940 661 2103 715 Vens.
2141 663 2227 717 14.
2264 660 2376 732 Ego
2419 680 2535 717 vero
2572 664 2767 717 redemi
2801 681 2906 731 eos,
2947 666 3045 735 ipsi
3081 677 3255 720 autem
3291 668 3453 723 locuti

1866 761 1987 804 sunt
2018 762 2197 804 contra
2230 768 2311 804 me
2343 754 2651 817 mendacia;
2678 763 2725 806 et
2759 770 2862 807 non
2898 756 3251 810 clamauerunt
3279 759 3348 810 ad
3372 775 3454 812 me

1865 844 2025 895 corda
2059 859 2270 907 eorum,
2305 844 2394 896 sed
2428 844 2703 896 ululabant
2738 846 2789 899 in
2822 846 3082 901 cubilibus
3114 848 3245 901 suis.
3281 846 3452 917 Super

1864 932 2128 1001 frumento
2153 944 2199 987 et
2230 935 2349 987 vino
2378 935 2805 990 concidebantur.

1932 1149 2202 1206 LXXXII.
2244 1151 2484 1206 lnsinuat
2511 1152 2664 1215 item,
2690 1167 2749 1206 se
2778 1154 3198 1225 uniuscujusque
3224 1166 3448 1226 peccata

1862 1243 2083 1311 paribus
2115 1243 2291 1311 pcenis
2319 1243 2526 1298 ulcisci.
2558 1242 2802 1298 Oblocuti
2836 1256 2963 1300 sunt
2991 1247 3135 1300 enim
3166 1246 3442 1303 liberatori

1861 1347 1959 1385 suo
1994 1322 2133 1397 Deo,
2178 1334 2266 1400 qui
2306 1347 2402 1387 eos
2440 1335 2505 1388 de
2545 1334 2705 1389 domo
2742 1336 3021 1390 servitutis
3062 1338 3276 1401 eduxit,
3326 1356 3343 1389 ι
3395 1340 3445 1392 in

1862 1438 2020 1476 manu
2049 1426 2274 1492 potenti,
2301 1433 2354 1479 et
2380 1424 2601 1480 brachio
2627 1428 2841 1483 excelso
2861 1430 2928 1493 ”,
2968 1449 2985 1481 ι
3019 1430 3161 1484 sicut
3186 1432 3446 1499 scriptum

1859 1523 1962 1577 est,
1987 1525 2041 1569 et
2066 1530 2095 1569 e
2126 1517 2405 1571 dominatu
2430 1517 2807 1588 Egyptiorum
2840 1522 3156 1589 asportavit.
3187 1522 3447 1578 Detraxe—

1861 1614 1987 1658 runt
2022 1616 2200 1659 autem
2238 1610 2303 1662 de
2336 1608 2508 1677 gloria
2545 1611 2695 1679 ejus,
2733 1612 2919 1666 laudes
2952 1628 3050 1680 pro
3084 1616 3323 1683 acceptis
3353 1618 3447 1670 be-

1860 1697 2069 1752 neﬁciis
2113 1699 2337 1766 impuris
2382 1702 2752 1763 daemOnibus,
2794 1713 2849 1756 et
2890 1704 3144 1771 operibus
3188 1721 3444 1761 manuum

1860 1803 2082 1843 suarum
2119 1790 2449 1856 tribuentes;
2478 1791 2621 1845 sicut
2650 1807 2842 1862 nempe
2870 1809 2990 1847 cum
3017 1796 3241 1850 vitulum
3275 1798 3327 1851 in
3356 1813 3446 1853 so-

1790 1844 1830 1900 B
1861 1878 2088 1933 litudine
2130 1879 2416 1946 fecissent,
2462 1844 2847 1951 propemodurnt
2892 1882 3235 1938 liberatorem
3280 1886 3444 1954 impie

1858 1982 1913 2025 ct
1936 1974 2326 2028 contumeliose
2350 1974 2776 2041 proscindentes,
2800 1989 2865 2028 ex
2891 1978 3124 2030 amentia
3149 1978 3399 2033 dicebant
3425 1997 3439 2032 :

1861 2078 1879 2110 ι
1918 2060 1981 2114 lli
2016 2072 2141 2115 sunt
2174 2063 2246 2117 dii
2284 2066 2379 2127 tui,
2418 2065 2603 2129 Israel,
2638 2065 2727 2132 qui
2764 2065 3065 2121 eduxerunt
3103 2076 3155 2121 te
3189 2068 3256 2123 de
3292 2078 3440 2123 terra

1854 2152 2072 2224 Egypti
2105 2155 2166 2207 ¹⁶.
2214 2174 2233 2206 ι
2281 2155 2477 2224 lnjuria
2521 2156 2683 2227 igitur
2720 2167 2776 2212 et
2816 2159 3136 2213 contumelia
3178 2159 3231 2214 in
3272 2159 3439 2215 Deum

1855 2247 2077 2301 minime
2119 2247 2276 2301 dubia
2331 2248 2684 2318 opprobratlo
2723 2256 2834 2315 est,
2871 2249 3212 2319 sculptilibus
3253 2263 3309 2305 et
3344 2251 3426 2306 de

1853 2339 2101 2394 monibus
2135 2340 2338 2394 cultum
2373 2342 2612 2394 divinum
2651 2341 2987 2411 impendere,
3033 2341 3205 2412 iisque
3239 2344 3442 2413 gratias

1852 2430 2091 2495 referre,
2119 2441 2173 2486 et
2203 2448 2472 2502 suprema:
2501 2434 2688 2503 gloria:
2715 2433 3094 2489 excellentiam
3127 2436 3189 2489 ad
3221 2450 3315 2491 eos
3345 2436 3440 2491 de-

1853 2522 2047 2579 rivare.
2086 2515 2195 2578 Nec
2229 2524 2403 2578 solum
2450 2526 2590 2579 male
2632 2524 2795 2579 locuti
2836 2535 2962 2580 sunt
3008 2526 3136 2591 Deo,
3176 2537 3234 2580 ut
3278 2528 3439 2581 modo

1851 2614 1992 2679 dixi;
2026 2616 2119 2670 sed
2153 2616 2312 2669 etiam
2350 2617 2523 2685 ipsam
2559 2618 2889 2686 opinionem,
2922 2617 3173 2671 omnibus
3208 2618 3258 2671 in
3301 2621 3439 2673 orbe

1851 2707 2115 2759 terrarum
2151 2706 2514 2760 animantibus
2546 2709 2669 2761 vita:
2700 2708 3007 2763 necessaria
3037 2709 3104 2762 ab
3134 2722 3199 2763 eo
3230 2710 3431 2777 imper-

1853 2797 1958 2862 tiri,
1987 2797 2197 2867 penitus
2222 2798 2554 2864 abjecerunt.
2590 2816 2609 2849 ι
2646 2797 2758 2852 Non
2789 2800 2933 2853 enim
2969 2799 3340 2855 clamaverunt
3365 2801 3432 2854 ad

1849 2901 1963 2954 me,
1994 2887 2200 2957 inquit,
2229 2888 2390 2943 corda
2422 2904 2607 2943 eorum
2629 2930 2642 2953 ,
2680 2909 2697 2940 ι
2738 2890 2835 2943 hoc
2866 2900 2980 2955 est,
3011 2890 3143 2947 nihil
3171 2890 3437 2961 quaesive-

1849 2989 1973 3034 runt
1999 2996 2027 3034 a
2049 2996 2136 3034 me
2156 2980 2408 3050 quamvis
2430 2982 2714 3046 sentirent,
2739 2989 2793 3035 et
2815 2983 3121 3047 crederent,
3150 2998 3234 3037 me
3257 2983 3436 3038 omnis

1846 3069 1973 3124 boni
2009 3071 2468 3140 suppeditalorem
2500 3084 2562 3124 ac
2593 3072 2935 3145 przebitoregt
2966 3085 3106 3126 esse.
3140 3072 3307 3126 Deum
3335 3087 3434 3125 au-

1776 3191 1818 3247 c
1853 3171 1959 3215 tem
1991 3178 2097 3216 non
2129 3177 2290 3231 egere
2320 3161 2590 3226 clamore,
2621 3164 2713 3215 sed
2743 3161 2938 3216 affectu
2972 3163 3149 3231 potius
3179 3162 3347 3216 animi
3380 3169 3436 3216 et

1855 3253 2055 3319 cordis,
2080 3255 2242 3307 etiam
2271 3253 2400 3307 hinc
2426 3267 2833 3322 cognoscemus.
2860 3252 3000 3321 Ergo
3026 3266 3201 3321 neque
3222 3250 3433 3305 clama-

1856 3354 2049 3399 verunt
2082 3346 2149 3398 ad
2192 3345 2398 3407 Deum;
2443 3344 2553 3398 imo
2590 3346 2914 3413 impotentes
2949 3346 3016 3397 ab
3050 3357 3115 3396 eo
3151 3343 3216 3397 ad
3253 3342 3432 3397 studia

1855 3438 2035 3491 carnis
2077 3437 2290 3491 sordida
2334 3435 2701 3503 deﬂexerun‘t,
2748 3444 2805 3487 ut
2850 3434 3011 3488 etiam
3063 3432 3331 3487 ulularent
3377 3437 3430 3488 in

1854 3529 2119 3583 cubilibus
2149 3528 2261 3584 suis
2289 3546 2303 3582 :
2332 3543 2438 3597 qua
2468 3543 2527 3583 re
2558 3526 2685 3581 foedi
2719 3540 2899 3581 mores
2938 3534 2992 3580 et
3023 3518 3313 3596 propensio
3342 3541 3432 3580 ca-

1853 3622 2114 3692 stigabilis
2144 3622 2210 3678 ad
2238 3621 2677 3685 fornicationem,
2706 3631 2761 3676 et
2796 3619 2954 3691 115
2986 3634 3136 3675 mens
3166 3618 3337 3674 fracta
3366 3619 3433 3674 ad

1853 3714 2157 3784 voluptates
2207 3714 2630 3768 demonstratur.
2685 3712 2767 3767 Ad
2824 3711 3127 3779 huiusmodi
3184 3720 3434 3780 turpem,

1853 3806 2197 3876 maximeque
2221 3806 2613 3862 exsecrandum
2642 3805 2881 3861 habitum
2906 3802 3083 3859 delabi
3103 3816 3198 3857 eos
3221 3810 3428 3856 tantum

1851 3898 2127 3963 convenit,
2158 3898 2250 3968 qui
2282 3913 2403 3969 quae
2432 3898 2672 3952 virorum
2706 3896 3004 3967 peculiaria
3035 3902 3182 3961 sunt,
3212 3894 3279 3949 ad
3310 3908 3429 3947 mo-

1852 4004 1966 4055 res,
2023 4000 2078 4047 et
2128 3990 2376 4055 habitus,
2424 3999 2479 4045 et
2522 4004 2681 4045 voces
2735 3976 3430 4057 feminarum'detorquere

1849 4080 2263 4136 contenderunt.
2298 4081 2363 4135 Hi
2396 4091 2521 4136 sunt
2551 4080 2872 4143 muliebres,
2904 4088 2957 4133 et
2989 4080 3224 4132 immane
3255 4093 3429 4145 quan-

1852 4180 1962 4227 tum
2006 4171 2321 4238 effeminati,
2368 4181 2422 4226 et
2467 4172 2716 4226 humanae
2760 4169 3115 4223 immunditim
3157 4168 3427 4238 fastigium

1851 4272 2055 4320 tenent.
2075 4263 2227 4330 Quod
2249 4262 2449 4317 dicitur
2468 4276 2563 4316 eos
2589 4275 2753 4330 super
2775 4259 3051 4312 frumento
3070 4266 3124 4311 et
3149 4257 3275 4312 vino
3301 4273 3431 4311 con-

1848 4356 1954 4411 cidi
1978 4395 1993 4421 ,
2027 4355 2212 4420 illum,
2243 4354 2457 4423 opinor,
2491 4368 2707 4407 sensum
2744 4352 2924 4406 habet.
2958 4351 3177 4405 Gratias
3208 4361 3429 4420 agentes

1849 4448 2007 4504 idolis
2042 4448 2155 4504 suis
2188 4458 2410 4516 propter
2441 4447 2635 4501 uberes
2670 4459 2922 4516 agrorum
2961 4451 3275 4513 proventus,
3313 4442 3426 4494 fru-

158 4520 368 4583 αύωὺς,
388 4522 591 4585 ἐκεῖνο,
624 4518 779 4593 οἶμαί
813 4541 936 4589 που,
974 4527 1317 4598 παραδηλοῦν
1348 4529 1540 4585 ἔοικεν.
1570 4534 1741 4603 Εύχα-

1855 4552 2109 4606 mentum,
2144 4541 2384 4610 inquam,
2415 4550 2470 4593 et
2496 4540 2704 4603 vinum,
2734 4552 2854 4608 qua:
2883 4545 3143 4591 vocantur
3172 4535 3423 4604 mysteria

158 4611 473 4680 ριστοῦντες
516 4614 625 4684 γάρ
672 4617 778 4679 τοῖς
833 4616 1043 4671 ἑαυτῶν
1094 4602 1335 4685 εἰδώλοις
1384 4624 1476 4676 ἐπὶ
1520 4602 1747 4692 ταῖςῗὲξ

155 4701 339 4771 ἀγρῶν
372 4702 725 4772 εὐκαρπίαις,
762 4705 895 4777 σίτῳ
916 4724 998 4771 τε,
1026 4710 1189 4779 φημὶ,
1214 4712 1308 4765 καὶ
1334 4716 1446 4776 τοῖς
1466 4712 1527 4779 ἐξ
1559 4716 1742 4786 ἀμπέ-

132 4790 266 4878 λου,
312 4794 413 4856 τὰς
467 4794 808 4866 καλουμένας
861 4797 1081 4864 τελετάς
1140 4803 1482 4874 ἐπιτηδεύειν
1528 4807 1740 4878 ἦθελον.

140 4876 276 4949 ξῡῖον
317 4883 706 4950 ἐνθουσιῶντές
751 4905 809 4940 τε
856 4890 951 4942 καὶ
999 4892 1351 4962 μαινόμενοι,
1395 4898 1488 4949 καὶ
1542 4876 1744 4969 σιδήρῳ

156 4975 221 5027 τὰ
254 4977 477 5048 στέρνα,
517 4979 614 5032 καὶ
659 4979 829 5050 ἄμφω
884 4982 962 5052 τῷ
1008 4985 1155 5055 χεῖρε
1198 4988 1597 5057 χαράττοντες,
1647 4992 1740 5045 καὶ

156 5068 371 5132 ἀτόπως
396 5070 538 5140 τάχα
565 5072 625 5125 τὸ
672 5073 803 5126 ἴδιον
852 5070 992 5145 αἷμα
1045 5082 1328 5150 μονονουχὶ
1380 5082 1740 5148 καταθύοντες

154 5162 263 5222 τοῖς
298 5161 580 5230 γλυπτοῖς,
613 5167 702 5219 ἐπ’
741 5168 947 5239 ἐσχάτῃ
976 5170 1160 5223 λοιπὸν
1196 5173 1477 5246 άφιλοθεΐᾳ
1512 5191 1734 5243 κατεγι-

156 5250 442 5308 νώσκοντο.
482 5256 707 5320 Τούτοις
756 5277 861 5312 που
908 5261 1047 5331 τάχα
1087 5265 1178 5315 καὶ
1217 5266 1503 5335 προῳήτης
1548 5266 1733 5336 ἕτερος

155 5343 452 5415 ἐπιμειδιᾷ,
480 5346 678 5415 λέγων’
712 5367 730 5399 ι
766 5348 978 5403 Θύσατε
1014 5351 1355 5423 ἀνθρώπους·
1395 5355 1583 5424 μόσχοι
1625 5355 1733 5427 γὰρ

155 5433 551 5493 ἐκλελοίπασιν.
585 5458 607 5491 ι
654 5440 839 5495 Ἱκανά
868 5441 924 5495 δὲ
970 5444 1039 5497 τὰ
1069 5446 1245 5499 τοιάδε
1294 5447 1623 5501 καταλυπεῖν
1652 5449 1732 5501 ὅτι

158 5524 389 5594 μάλιστα
445 5530 538 5586 τὸν
585 5531 697 5587 τῶν
743 5533 881 5587 ὅλων
931 5536 1423 5603 κατεξουσιάζοντα
1469 5539 1636 5602 Θεὸν,
1690 5532 1735 5607 ᾦ

1844 4631 2085 4687 studiose
2114 4630 2486 4694 celebrabant,
2515 4639 2570 4685 et
2599 4629 2744 4684 velut
2775 4643 2805 4681 a
2842 4628 2952 4681 Deo
2980 4624 3165 4689 amati,
3197 4635 3248 4678 et
3279 4624 3427 4677 iusa-

1847 4724 2055 4779 nientes
2073 4765 2088 4791 ,
2123 4722 2269 4779 ferro
2300 4737 2516 4793 quoque
2545 4729 2768 4791 pectora
2795 4720 3093 4789 ambasque
3122 4730 3313 4772 manus
3346 4717 3428 4770 in-

1843 4816 2120 4879 ciderunt,
2165 4822 2218 4869 et
2258 4816 2537 4884 proprium
2586 4813 2933 4882 sanguinem,
2978 4809 3171 4873 credo,
3217 4816 3425 4861 tantum

1844 4921 1949 4959 non
1984 4904 2327 4975 sculptilibus
2362 4903 2604 4971 improbe
2638 4902 3043 4965 sacrificantes,
3077 4905 3297 4968 propter
3329 4913 3425 4952 ex-

1847 5006 2075 5053 tremam
2126 4998 2380 5066 deinceps
2421 5012 2450 5051 a
2493 4997 2604 5051 Deo
2651 4994 3026 5049 alienationem
3074 4991 3424 5045 damnantur.

1848 5088 1955 5143 llos
1985 5087 2209 5143 forsitan
2237 5097 2291 5143 et
2322 5088 2461 5142 alius
2490 5087 2749 5157 propheta
2780 5084 2993 5150 irridet,
3016 5084 3201 5138 dicens
3228 5099 3242 5136 :
3275 5100 3293 5132 ι
3324 5080 3428 5135 Im-

1844 5176 2043 5232 molate
2079 5177 2354 5242 homines,
2392 5177 2543 5230 vituli
2581 5175 2727 5232 enim
2767 5174 3083 5232 defecerunt
3108 5174 3171 5228 ".
3214 5191 3233 5225 ι
3273 5169 3423 5227 Talia

1842 5270 1908 5322 ad
1943 5269 2106 5322 Deum
2134 5268 2314 5323 omnia
2348 5277 2612 5337 potestate
2637 5268 3184 5337 comprehendentem
3213 5279 3424 5321 summe

1841 5344 2162 5411 irritandum
2206 5357 2340 5412 satis
2378 5356 2589 5425 valent,
2629 5358 2715 5413 cui
2756 5357 2961 5427 gratias
3004 5369 3165 5427 agere
3210 5356 3420 5424 potius,

1842 5464 2000 5517 quam
2023 5448 2433 5504 convenientem
2460 5450 2685 5520 gloriam
2714 5450 2871 5520 lignis
2896 5458 2951 5505 et
2975 5446 3240 5519 lapidibus
3260 5442 3423 5500 stulte

1843 5541 2085 5596 tribuere
2112 5542 2490 5598 conveniebat.

227 5703 269 5738 “
299 5707 402 5762 ιω.
440 5709 689 5774 “11,22.
770 5713 811 5744 ¹⁸
843 5711 981 5767 Psal.
1014 5716 1319 5777 cxxxv,12.
1398 5717 1438 5747 ⁸⁸
1479 5716 1645 5773 Exod.
1682 5732 1748 5771 xx

1894 5717 1946 5771 4.
2026 5720 2065 5750 ¹⁷
2102 5718 2226 5775 Ose.
2263 5734 2380 5786 xm,
2417 5718 2475 5774 Ξ.
