3954 6208
523 294 541 344 l
557 295 625 348 9.5

1545 291 1600 347 S.
1642 290 1913 347 CYRILLI
1941 294 2409 354 ALEXANDRlNl
2445 300 2763 357 ARCHLLP.

3674 306 3782 362 196

517 407 715 478 μᾶλλον
748 406 853 461 ἔδει
880 406 1178 478 προσάγειν
1210 409 1279 462 τὰ
1320 409 1672 479 χαριστήρια,
1706 412 1798 464 καὶ
1828 412 1949 481 οὐχὶ
1992 413 2089 483 τὴν
2130 416 2277 486 αὐτῷ
2342 420 2661 489 πρέπουσαν
2716 421 2873 486 δόξαν
2900 422 3194 493 ἀπονέμειν
3221 422 3463 487 ἀϐούλως
3495 422 3672 489 ξύλοις
3722 441 3782 476 τε

514 500 606 548 καὶ
638 496 826 559 λίθοις.

584 630 744 683 Vens.
774 630 859 683 15.
888 630 1098 689 Eruditi
1122 642 1239 685 sunt
1267 633 1318 683 in
1344 650 1443 697 me,
1467 644 1511 687 et
1535 651 1625 704 ego
1653 638 1943 707 conformati
1970 643 2089 694 bra-

507 722 623 772 chia
660 735 873 785 eorum,
909 730 954 773 et
991 729 1175 773 contra
1212 738 1290 774 me
1324 724 1679 791 cogitaverunt
1715 727 1877 783 mala.
1912 728 2094 785 Aversi

506 822 626 864 sunt
664 813 716 865 in
746 813 911 877 nihil,
940 813 1069 881 facti
1099 822 1221 867 sunt
1249 816 1399 885 quasi
1430 832 1586 872 arcus
1618 828 1881 874 extensus.

575 1054 867 1109 LXXXIII.
900 1056 1057 1111 Aliud
1086 1057 1280 1126 ingrati
1308 1057 1473 1111 animi
1503 1059 1708 1113 crimen
1740 1060 1843 1115 illis
1869 1062 2086 1132 objicit,

506 1148 699 1213 impios
736 1149 1173 1219 negligentesque
1211 1151 1608 1206 demonstrans.
1644 1152 1757 1223 Ego
1794 1155 1970 1220 enim,
2011 1157 2092 1210 itt-

502 1239 653 1304 quit,
702 1253 1011 1306 quanquam
1062 1239 1187 1292 olim
1238 1238 1371 1292 nihil
1418 1255 1447 1293 a
1500 1240 1673 1296 brutis
1719 1242 2087 1299 animantibus

504 1330 838 1393 diﬂercntes,
866 1342 922 1385 et
949 1332 1401 1398 imperitissimos,
1432 1342 1486 1387 et
1517 1333 1631 1403 lege
1661 1334 1891 1399 institui,
1921 1345 1974 1389 et
2001 1350 2085 1390 sa-

506 1423 732 1488 pientes,
762 1434 815 1476 et
848 1423 1092 1478 utilitatis
1125 1441 1343 1494 gnaros,
1375 1435 1426 1481 et
1457 1428 1594 1479 viam
1619 1426 1860 1494 iustitiae,
1888 1437 1943 1483 et
1970 1444 2083 1482 om-

506 1529 625 1566 nem
655 1516 911 1568 decentia:
944 1526 1144 1569 rectam
1178 1518 1704 1573 administrationem
1738 1520 1975 1575 scientes
2005 1523 2080 1576 ef-

504 1604 640 1668 l'eei,
688 1613 744 1657 ut
792 1605 898 1672 jam
943 1608 1106 1661 etiam
1155 1608 1293 1675 apud
1340 1622 1398 1662 se
1443 1610 1733 1677 gaudentes
1782 1610 2024 1664 dicerent
2067 1629 2080 1665 :

506 1713 524 1745 ε
562 1696 708 1748 Beati
736 1711 926 1749 sumus
954 1696 1138 1758 Israel,
1167 1697 1419 1763 quoniam
1450 1713 1569 1767 quae
1599 1700 1790 1768 placita
1825 1711 1951 1754 sunt
1983 1703 2084 1755 Do-

503 1787 669 1845 mino,
698 1796 826 1839 nota
861 1799 986 1839 sunt
1016 1788 1169 1843 nobis
1190 1789 1286 1841 ιδ.»
1321 1789 1503 1859 Neque
1534 1792 1618 1845 hic
1646 1791 1760 1859 ejus
1785 1808 1907 1863 erga
1941 1796 2083 1863 ipsos

502 1878 854 1930 beneﬁcentia
891 1879 1128 1946 quievit;
1165 1881 1260 1933 sed
1299 1883 1517 1950 insuper
1552 1882 1897 1948 fortissimos,
1928 1897 1982 1938 et
2015 1888 2080 1939 ad

2275 640 2754 709 Ἐπαιδεύθησαν
2806 643 2874 695 ἐν
2906 643 3073 711 ἐμοὶ,
3126 643 3225 697 καὶ
3264 641 3379 712 ἐγὼ
3434 646 3787 714 κατίσχυσα

2201 732 2344 797 τοὺς
2370 734 2706 803 βραχίονας
2755 733 2973 798 αὐτῶν,
3016 734 3114 789 καὶ
3148 737 3234 801 εἰς
3275 735 3379 804 ἐμὲ
3416 736 3787 806 ἑλογίσαντο

2202 825 2434 893 πονηρά
2501 825 3007 894 Ἀπεστράφησαν
3034 829 3121 892 εἰς
3153 827 3354 892 οὐδὲν,
3388 827 3669 897 ἐγένοντο
3705 829 3787 895 ὡς

2199 917 2379 982 τόξον
2408 916 2820 986 ἐντεταμένον.

2270 1051 2392 1104 III".
2435 1050 2660 1119 Ἕτερον
2713 1049 2895 1111 αὐτοῖς
2947 1048 3271 1117 ἀχαριστίας
3319 1047 3497 1100 αὐτῶν
3549 1049 3785 1103 ἐπισυν-

2197 1141 2357 1193 άπτει
2389 1138 2628 1210 τρόπον,
2690 1138 2939 1200 ἀνοσίους
2988 1138 3146 1199 ὄντας
3202 1138 3295 1189 καὶ
3340 1136 3784 1207 όλιγογνώμονας

2196 1231 2529 1299 ἀποφαίνων.
2552 1229 2692 1299 Ἐγὼ
2706 1231 2803 1300 μὲν
2830 1229 2961 1300 γὰρ,
2990 1230 3144 1299 φησι,
3163 1230 3340 1282 καίτοι
3367 1229 3535 1282 πάλαι
3564 1230 3782 1300 κτηνῶν

2194 1324 2404 1392 ἀλόγων
2445 1323 2820 1391 διενεγκόντας
2853 1321 3005 1375 οὐδὲν
3032 1322 3126 1375 καὶ
3163 1321 3457 1384 ἀσυνέτους
3480 1321 3643 1384 ὄντας
3686 1338 3781 1374 κο-

2198 1416 2345 1486 μιδῇ,
2370 1417 2477 1468 -καί
2508 1416 2656 1485 νόμῳ
2687 1414 3079 1483 πεπαίδευμαι,
3111 1414 3204 1467 καὶ
3252 1415 3449 1482 σοφοὺς
3491 1414 3774 1479 ἀπέδειξα,

2194 1506 2372 1559 καὶτὸ
2417 1506 2699 1576 συμφέρον
2749 1505 2976 1568 εἰδότας,
3012 1504 3107 1557 καὶ
3147 1504 3246 1573 τὴν
3293 1507 3392 1575 τῆς
3428 1504 3777 1580 δικαιοσύνης

2190 1597 2327 1657 όδὸν,
2359 1596 2453 1649 καὶ
2478 1596 2697 1666 ἁπάσης
2734 1594 3031 1664 εὐκοσμίας
3064 1594 3403 1664 κατόρθωσιν
3441 1596 3540 1649 οὐκ
3571 1598 3774 1669 ἠγνοη-

2188 1689 2385 1752 κότας,
2434 1687 2510 1750 ὡς
2550 1688 2649 1757 ἤδη
2699 1687 2793 1739 καὶ
2836 1686 3014 1753 λέγειν
3057 1686 3348 1756 χαίροντας
3389 1688 3474 1755 ἐφ’
3527 1689 3770 1755 ἑαυτοῖς,

2196 1797 2213 1828 ι
2258 1778 2531 1848 Μακάριοί
2585 1780 2772 1848 ἐσμεν,
2820 1778 3055 1848 Ἰσραὴλ,
3103 1778 3185 1829 ὅτι
3232 1778 3303 1830 τά
3347 1779 3555 1849 ἀρεστά
3581 1779 3771 1851 Κυρίῳ

2189 1870 2406 1939 γνωστὰ
2441 1872 2569 1940 ἡμῖν
2594 1870 2729 1921 ἐστι.
2758 1889 2776 1920 ι
2812 1868 2924 1921 Καὶ
2953 1870 3012 1920 ού
3041 1870 3205 1939 μέχρι
3236 1868 3440 1922 τούτων
3470 1870 3540 1923 τὰ
3564 1872 3661 1941 τῆς
3690 1874 3772 1935 εἰς

497 1970 745 2035 quemvis
770 1970 1143 2023 adversarium
1162 1972 1542 2027 debellandum
1567 1975 1803 2030 valentes
1829 1979 2073 2032 reddidit.

2188 1962 2389 2024 αὐτοὺς
2419 1961 2609 2029 γέγονε
2641 1959 2951 2029 φιλοτιμίας
2978 1976 2992 1991 ’
3038 1960 3173 2013 ἀλλὰ
3206 1960 3314 2031 γὰρ
3357 1960 3775 2031 ἀλκιμωτάτους

497 2062 691 2115 Multas
736 2062 953 2129 quippe
978 2077 1307 2132 magnasque
1341 2074 1526 2131 gentes
1561 2068 1680 2120 sine
1714 2067 1896 2122 labore
1937 2070 2084 2123 devi-

496 2161 705 2206 cerunt.
731 2152 1088 2208 Nihilominus
1117 2155 1168 2208 in
1200 2170 1283 2208 me
1312 2156 1497 2210 talium
1528 2157 1788 2212 bonorum
1818 2160 1952 2229 ipsis
1982 2178 2083 2215 au-

495 2254 697 2297 ctorem
733 2244 977 2313 perversi
1012 2246 1367 2312 exstiterunt,
1405 2258 1809 2325 contemptores
1834 2252 2083 2307 videlicet

493 2346 549 2389 et
578 2338 906 2402 desertores,
938 2345 992 2390 et
1019 2339 1323 2393 aversionis
1352 2341 1489 2394 ratio
1516 2341 1619 2395 illis
1649 2344 1701 2395 in
1733 2343 1959 2398 nihilum
1993 2360 2080 2400 re-

494 2426 645 2477 cidit.
674 2425 816 2479 Nihil
844 2426 989 2480 enim
1022 2429 1238 2496 penitus
1266 2440 1349 2482 est
1376 2444 1440 2482 ex
1473 2431 1694 2484 materia
1726 2432 1827 2486 sub
1854 2448 2073 2487 sensum

492 2518 718 2572 cadente
748 2518 1111 2572 mannl‘actum
1141 2520 1519 2577 simulacrum.
1542 2523 1621 2575 Ac
1647 2523 1691 2577 si
1720 2524 1935 2591 quidem
1965 2542 2078 2580 me-

494 2610 625 2663 liora
664 2612 1029 2679 reperissent,
1060 2622 1243 2679 posset
1278 2616 1642 2683 transgressio
1675 2617 1914 2684 ipsorum
1948 2634 2075 2685 pro-

494 2700 744 2759 babiliter
778 2701 1012 2756 defendi.
1048 2703 1313 2769 Quoniam
1352 2715 1533 2758 autem
1575 2721 1695 2759 cum
1734 2707 1846 2762 Deo
1882 2709 2075 2763 collata

494 2795 625 2846 nihil
653 2805 797 2856 sunt,
836 2797 997 2866 116
1019 2798 1129 2850 .ista
1161 2814 1409 2865 prorsus,
1441 2798 1540 2853 nisi
1577 2801 1716 2853 risus
1746 2810 1802 2855 et
1832 2801 2074 2867 fatuitas,

488 2893 546 2936 et
578 2899 913 2952 quascunque
950 2887 1140 2939 horum
1177 2888 1372 2940 similia
1394 2928 1408 2950 ,
1442 2889 1740 2944 aversionis
1772 2905 1882 2945 sua:
1918 2893 2076 2945 ratio-

494 2990 615 3025 nem
663 2976 1015 3029 verisimilem
1073 2978 1273 3031 nullam
1329 2979 1543 3033 habent.
1593 2979 1789 3051 Itaque
1824 2985 1888 3036 ad
1945 2984 2075 3037 nihil

490 3064 662 3116 aversi
690 3075 837 3116 sunt.
869 3066 945 3116 Ad
976 3066 1091 3120 hmc
1120 3068 1242 3119 fat-ti
1273 3077 1397 3121 sunt
1430 3088 1447 3120 ι
1481 3077 1537 3123 ιιι
1561 3085 1722 3127 arcus
1742 3083 2016 3134 extensus,
2052 3094 2069 3125 ι

493 3172 598 3208 non
628 3171 687 3209 se
716 3159 1097 3213 sulnnittentes
1128 3161 1192 3213 ad
1226 3163 1629 3228 pmnitentiam,
1665 3180 1767 3217 non
1801 3167 2077 3221 remitten-

446 3302 451 3307 ,
493 3260 571 3302 tes
598 3249 975 3317 intentionem,
1000 3266 1104 3320 qua
1130 3254 1195 3308 ad
1227 3266 1432 3308 tantum
1460 3256 1696 3310 dedecus
1722 3258 2073 3313 dementiam-

2183 2053 2477 2123 ἀπέφηνα,
2531 2054 2625 2106 καί¹
2682 2051 2882 2115 ἱκανῶς
2931 2051 3154 2121 ἔχοντας
3209 2053 3345 2122 πρὸς
3397 2051 3458 2104 τὸ
3507 2052 3774 2106 δύνασθαι

2184 2144 2382 2206 παντὸς
2428 2142 2714 2196 καταθλεῖν
2749 2142 2842 2195 τοῦ
2897 2142 3155 2211 πολεμεῖν
3203 2142 3477 2206 ἐθέλοντος
3510 2144 3602 2196 καὶ
3634 2144 3772 2198 ἀνθ-

2183 2236 2496 2305 εστηκότος.
2525 2236 2862 2305 Νενικήκασι
2896 2236 3004 2305 γὰρ
3030 2235 3158 2305 ἔθνη
3197 2234 3367 2287 πολλὰ
3400 2235 3492 2288 καὶ
3532 2236 3770 2306 μεγάλα,

2183 2328 2277 2380 καὶ
2301 2326 2458 2379 τοῦτο
2482 2326 2744 2396 ἀμογητί.
2782 2326 2920 2377 Ἀλλ’
2949 2328 3029 2389 εἰς
3058 2327 3156 2396 ἐμὲ
3187 2326 3278 2381 τὸν
3300 2326 3557 2380 τοιούτων
3584 2328 3773 2391 αὐτοῖς

2180 2420 2380 2491 δοτῆρα
2416 2419 2549 2472 Θεὸν
2601 2420 2859 2487 γεγόνασι
2914 2422 3172 2489 πονηροὶ,
3220 2422 3628 2492 καταφρονηταὶ
3672 2421 3772 2492 δη-

2182 2512 2480 2565 λονότι-καὶ
2508 2511 2813 2564 ἀποστάται
2836 2528 2848 2540 ·
2875 2512 2968 2563 καὶ
2995 2512 3023 2563 ὁ
3041 2511 3240 2579 τρόπος
3285 2512 3466 2575 αὐτοῖς
3502 2512 3598 2582 τῆς
3631 2513 3773 2564 ἀπο-

2183 2607 2425 2676 στροφῆς
2477 2605 2698 2673 γέγονεν
2750 2607 2829 2667 εἰς
2861 2604 3032 2658 οὐδέν.
3074 2605 3238 2657 Οὐδὲν
3279 2605 3388 2674 γὰρ
3442 2604 3577 2669 ὅλως
3617 2605 3676 2657 τὸ
3706 2604 3774 2669 ἐξ

2182 2697 2314 2766 ὕλης
2336 2696 2598 2767 αἰσθητῆς
2632 2697 3010 2768 χειροποίητον
3036 2696 3278 2765 ἄγαλμα.
3321 2696 3458 2749 Ἀλλ’
3480 2698 3529 2748 εἰ
3559 2696 3658 2765 μὲν
3678 2713 3770 2749 τοι

2178 2788 2238 2839 τὸ
2266 2787 2488 2857 ἄμεινον
2538 2788 2871 2857 εὑρήκασιν,
2918 2785 3031 2856 ἔχοι
3089 2786 3154 2838 ἂν
3189 2786 3412 2849 εἰκότως
3461 2787 3554 2839 καὶ
3606 2786 3772 2855 λόγον

2182 2882 2366 2945 αὐτοῖς
2411 2884 2443 2952 ἡ
2500 2881 2832 2951 παράϐασις.
2883 2880 3102 2949 Ἐπειδὴ
3136 2880 3192 2932 δὲ
3242 2880 3381 2952 πρὸς
3432 2879 3563 2933 Θεὸν
3610 2880 3772 2935 οὐδὲν

2181 2973 2457 3036 παντελῶς
2489 2971 2557 3025 τὰ
2584 2971 2783 3036 τοιάδε,
2823 2970 3102 3041 γελοιότης
3138 2971 3195 3024 δὲ
3223 2972 3317 3027 καὶ
3342 2970 3637 3042 ὴλιθιότης,
3669 2974 3771 3026 καὶ

2177 3068 2277 3117 ὅσα
2304 3064 2515 3127 τούτοις
2548 3064 2735 3131 ἐγγὺς,
2761 3062 2934 3125 οὐδεὶς
2964 3063 3147 3126 αὐτοῖς
3170 3064 3287 3117 ἐστι
3317 3062 3473 3130 λόγος
3494 3062 3595 3132 τῆς
3629 3063 3771 3115 ἀποο

2180 3159 2439 3229 στροφῆς,
2495 3158 2727 3225 πιθανὴν
2788 3156 2927 3226 ἔχων
2982 3158 3185 3212 αἰτίαν.
3233 3155 3440 3209 Οὐκοῦν
3490 3157 3569 3218 εἰς
3608 3155 3769 3209 οὐδὲν

2176 3252 2625 3321 ἀπεστράφησαν.
2664 3250 2925 3317 Γεγόνασι
2971 3251 3028 3303 δὲ
3073 3251 3209 3320 πρὸς
3246 3250 3462 3313 τούτοις
3494 3251 3586 3302 καὶ
3635 3270 3655 3301 ς
3684 3250 3769 3314 ὡς

489 3356 596 3409 qne
627 3353 1008 3408 pervenerunt.
1066 3347 1356 3400 Sciendum
1390 3362 1552 3416 porro
1593 3348 1726 3403 alios
1756 3350 2073 3419 interpretes

2183 3344 2327 3410 τόξον
2355 3344 2728 3413 ἐντεταμένον,
2760 3362 2775 3393 ι
2807 3343 2867 3395 ού
2900 3340 3203 3413 χαλώμενοι
3234 3344 3369 3416 πρὸς
3393 3344 3763 3414 μετάγνωσιν,

489 3434 755 3496 edidisse,
798 3453 817 3486 ι
859 3435 985 3490 facti
1029 3449 1156 3490 sunt
1197 3446 1253 3491 ut
1294 3455 1452 3493 arcus
1495 3441 1545 3493 in
1586 3443 1919 3496 contrarium
1958 3460 2075 3498 ver-

488 3539 599 3587 sus,
630 3544 649 3575 ι
681 3542 775 3578 seu
803 3528 1064 3582 obversus
1089 3540 1147 3582 ut
1172 3540 1429 3599 pra‘lerea
1459 3531 1733 3601 quidpiam
1764 3534 2071 3601 hujnsmodi

488 3614 683 3668 fecisse
722 3616 884 3670 Israel
923 3619 1332 3688 intelligeretur.
1369 3622 1515 3687 Quos
1550 3624 1695 3678 enim
1733 3624 1910 3691 potius
1950 3640 2072 3680 cun-

489 3706 739 3759 veniebat
776 3709 932 3775 quasi
972 3724 1158 3763 arcum
1198 3724 1384 3765 contra
1422 3715 1605 3770 hostes
1645 3716 1882 3779 intendi,
1915 3726 1968 3771 et
2003 3722 2067 3769 ad

485 3800 901 3866 Oppugnandum
935 3811 1151 3867 paratos
1177 3802 1351 3855 valide
1382 3804 1564 3870 ferire,
1594 3822 1699 3859 nun
1733 3808 2070 3861 animadver-

489 3898 702 3950 terunt,
733 3904 840 3956 quo
873 3900 1032 3959 pacto
1066 3895 1388 3964 semetipsos
1419 3898 1560 3950 velut
1593 3898 1806 3955 emissis
1837 3900 1905 3953 ab
1935 3914 2061 3954 arcu

485 3978 697 4045 sagittis
726 3980 922 4036 acerbe
954 3982 1319 4040 vulnerarent.
1351 3985 1517 4039 Deum
1551 3989 1692 4042 enim
1725 3986 2061 4044 oﬂendentes

480 4070 630 4133 juxta
667 4070 853 4124 modos
879 4071 988 4138 jam
1024 4072 1199 4127 dictos
1228 4075 1354 4141 quid
1384 4076 1527 4130 aliud
1559 4092 1718 4146 agere
1746 4079 2065 4133 convincen-

485 4172 589 4224 tnr,
624 4177 785 4229 quam
824 4174 1016 4218 contra
1059 4168 1379 4236 semetipsos
1417 4184 1542 4224 suas
1581 4187 1797 4226 armare
1834 4172 2067 4226 manus?

2172 3438 2231 3489 ού
2283 3436 2639 3504 καθυφιέντες
2680 3435 2894 3489 τουτουῖ
2943 3435 3035 3487 τοῦ
3070 3436 3204 3507 πρὸς
3243 3436 3514 3508 τοσαύτην
3564 3437 3768 3500 αὐτοὺς

2171 3528 2537 3597 ἀποφέροντπ
2570 3526 2830 3596 αἰσχύνην
2876 3526 2971 3578 καὶ
3025 3526 3302 3579 ἀδουλίαν.
3347 3528 3539 3580 Ἰστέον
3568 3527 3645 3592 δὲ,
3678 3529 3764 3581 ὅτι

2170 3619 2325 3670 τοῦτο
2348 3619 2796 3691 διερμηνεύοντες
2822 3618 3186 3671 ὲκδεδώκασιν
3215 3618 3412 3690 ἕτεροι,
3433 3639 3451 3671 ι
3477 3620 3764 3689 Ἐγένοντο

2169 3707 2243 3768 ὡς
2267 3705 2421 3769 τόξον
2460 3708 2958 3777 ἀπεστραμμένον,
2995 3726 3014 3759 ο
3062 3708 3149 3760 ἵνα
3180 3725 3233 3760 τι
3265 3708 3505 3762 τοιοῦτον
3548 3727 3767 3779 πεπρα-

2174 3798 2283 3866 χὼς
2309 3799 2495 3867 νοῆται
2532 3798 2693 3851 πάλιν
2722 3799 2749 3851 ὁ
2794 3798 3029 3869 Ἰσραήλ.
3067 3798 3178 3863 υῦς
3214 3802 3324 3872 γὰρ
3369 3802 3476 3854 ἔδει
3528 3802 3759 3872 μᾶλλον,

2174 3889 2422 3961 καθάπερ
2480 3906 2533 3941 τι
2566 3889 2740 3953 τόξον,
2799 3890 3131 3943 ἐντείνεσθαι
3178 3895 3296 3945 κατ’
3349 3892 3559 3964 ἐχθρῶν
3591 3932 3605 3959 ,
3660 3894 3765 3947 καὶ

2175 3981 2386 4050 βάλλειν
2415 3981 2647 4043 εὐτόνως
2692 3982 2818 4044 τοὺς
2855 3982 3242 4035 ἀντανίσταθαι
3285 3985 3756 4055 μεμελετηκότας,

2171 4073 2512 4145 διαλελήθασι
2559 4074 2701 4141 σφᾶς
2743 4074 2938 4137 αὐτοὺς
2980 4075 3143 4127 οἱονεὶ
3170 4075 3338 4140 τόξων
3386 4076 3536 4129 ἀκίσι
3585 4076 3761 4145 πλήτ-

2172 4182 2357 4228 τοντες
2416 4168 2658 4235 πικραῖς.
2695 4165 2815 4236 Θεῷ
2849 4166 2957 4235 γὰρ
3009 4166 3459 4237 προσκρούοντες,
3497 4168 3642 4221 κατά
3685 4184 3757 4235 γε

480 4252 607 4315 τοὺς
668 4254 765 4324 ἤδη
828 4258 1264 4329 προειρημένους
1324 4263 1577 4332 τρόπους,
1627 4263 1679 4316 τί
1728 4264 1963 4334 δρῶντες
1997 4264 2182 4333 ἕτερον
2222 4260 2399 4313 ἁλοῖεν
2452 4259 2552 4319 ἂν,
2611 4257 2643 4326 ἢ
2692 4258 2810 4310 καθ’
2866 4258 3074 4311 ἑαυτῶν
3109 4258 3207 4321 τὰς
3267 4258 3401 4323 ἰδίας
3439 4260 3760 4325 ὁπλίζοντες

480 4364 701 4417 χειρας;

550 4438 758 4494 Poterit
795 4451 976 4495 autem
1010 4446 1151 4511 quod
1189 4449 1524 4517 propositum
1558 4460 1642 4503 est
1677 4450 1744 4503 ad
1784 4450 2059 4506 declaran-

481 4531 631 4593 dum,
666 4531 710 4587 si
741 4532 973 4601 cuipiam
1009 4536 1262 4604 placebit,
1290 4551 1347 4593 et
1379 4540 1535 4594 aliter
1565 4542 1811 4612 intelligi.
1845 4542 2057 4597 Univer-

2235 4446 2427 4498 Νοοῖτο
2457 4444 2500 4497 δ’
2544 4444 2608 4497 ἂν
2642 4444 2700 4496 τὸ
2737 4445 3116 4515 προκείμενον,
3149 4446 3305 4517 εἰπερ
3337 4464 3413 4518 τῳ
3442 4447 3609 4514 δοκεῖ,
3652 4450 3756 4503 καλ⁵

2166 4539 2287 4592 καθ’
2318 4539 2504 4609 ἕτερον
2534 4537 2754 4606 τρόπον.
2809 4537 2867 4587 ὐ
2913 4538 3009 4606 μὲν
3036 4538 3141 4608 γὰρ
3173 4536 3279 4589 τῶν
3307 4539 3442 4591 ὅλων
3474 4538 3609 4602 Θεὸς
3656 4542 3751 4593 ὲν-

480 4637 662 4676 sorum
707 4638 942 4692 namque
986 4626 1126 4680 Deus
1169 4628 1421 4684 lsraelem
1465 4631 1624 4686 veluti
1671 4650 1854 4688 arcum
1897 4651 2053 4689 suum

2183 4633 2365 4683 Ξτεινεν
2393 4629 2675 4691 οἰονείπως
2703 4629 2794 4681 τὸν
2831 4628 3046 4700 Ἰσραὴλ
3069 4628 3145 4691 ὡς
3181 4629 3311 4681 ἴδιον
3340 4630 3512 4693 τόξον,
3550 4633 3615 4701 τῇ
3648 4632 3753 4685 τοῦ

479 4713 728 4777 intendit,
753 4712 949 4769 diaboli
975 4719 1313 4787 tyrannidem
1340 4735 1515 4790 pugna
1542 4722 1833 4787 lacessens,
1858 4736 1911 4779 et
1934 4742 2055 4779 eum

480 4803 829 4861 idololatrica:
859 4806 1174 4876 imposturaa
1201 4826 1497 4881 opponens.
1529 4815 1687 4870 Solus
1715 4818 1857 4871 enim
1890 4819 2056 4873 Israel

476 4909 543 4947 ex
579 4898 831 4954 omnibus
870 4902 1121 4971 gentibus
1162 4920 1257 4973 per
1292 4908 1480 4961 orbem
1524 4907 1831 4963 universum
1854 4950 1868 4974 ,
1903 4913 2053 4979 juxm

478 4997 712 5040 mentem
753 4990 886 5058 legis
924 4995 1138 5063 repulsa
1180 4996 1443 5053 idolorum
1485 5001 1799 5055 adoratione
1838 5014 2051 5066 natura,

476 5085 530 5127 et
560 5091 743 5130 revera
778 5083 1145 5141 universitatis
1178 5090 1402 5145 Domino
1426 5091 1672 5147 addictus
1697 5102 1751 5147 et
1775 5108 2054 5149 consecra-

476 5358 868 5413 pugnaverunt.
907 5350 1055 5407 Facti
1095 5367 1220 5410 sunt
1260 5360 1442 5427 igitur,
1480 5374 1538 5419 ut
1571 5382 1730 5425 arcus
1766 5369 2047 5435 obversus,

2164 4720 2407 4775 διαϐόλου
2440 4721 2710 4791 τυραννίδι
2738 4721 3065 4791 μαχόμενος,
3104 4722 3196 4773 καί
3227 4723 3289 4791 τῇ
3322 4720 3421 4791 τῆς
3463 4722 3780 4827 εἰδωλολαη

2162 4820 2348 4888 τρείας
2377 4816 2683 4882 ἀντεξάγων
2722 4814 2930 4886 ἀπάτῃ.
2967 4814 3143 4875 Μόνος
3166 4812 3276 4880 γὰρ
3298 4815 3361 4866 ὲκ
3391 4812 3608 4866 πάντων
3635 4818 3751 4869 τῶν

2163 4910 2269 4964 ἀνὰ
2295 4913 2473 4963 πᾶσαν
2498 4908 2597 4977 τὴν
2622 4907 2950 4977 οἰκουμένην
2984 4905 3150 4958 ἐθνῶν
3179 4907 3206 4957 ὀ
3240 4904 3476 4974 Ἰσραὴλ,
3515 4907 3658 4960 κατά
3680 4925 3746 4975 γε

2159 5001 2235 5072 τῷ
2263 5002 2415 5071 νόμῳ
2465 4999 2678 5060 δοκοῦν,
2725 4998 3011 5050 ἀπεσείετο
3055 4998 3154 5066 μὲν
3204 4997 3303 5067 τὴν
3353 4997 3463 5051 τῶν
3505 4998 3746 5052 εἰδώλων

2159 5092 2553 5164 προσκύνησιν,
2584 5088 2904 5157 προσέκειτο
2935 5088 2991 5138 δὲ
3012 5087 3088 5156 τῷ
3116 5087 3275 5153 φύσει
3302 5104 3360 5139 τε
3404 5086 3499 5139 καὶ
3526 5088 3747 5157 ἀληθῶς

2155 5184 2263 5237 τῶν
2291 5183 2426 5235 ὅλων
2454 5180 2714 5249 Δεσπότῃ.
2748 5178 2883 5230 Ἀλλ’
2910 5178 3204 5247 ἐτράποντο
3230 5178 3364 5248 πρὸς
3390 5182 3451 5231 τὸ
3476 5181 3740 5234 ἐναντίον,

2159 5276 2219 5327 Oi
2270 5274 2377 5343 γὰρ
2411 5274 2585 5325 ἐκεῖνο
2614 5270 2874 5341 πράττειν
2923 5268 3246 5338 ὀφείλοντες,
3291 5271 3432 5337 ὑπὲρ
3480 5272 3581 5339 τῆς
3629 5272 3741 5324 τῶν

2159 5364 2392 5417 εἰδώλων
2420 5365 2575 5434 δόξης
2613 5361 3029 5432 πεπολεμήκασι
3055 5360 3131 5429 τῷ
3162 5360 3300 5431 Θεῷ.
3332 5362 3592 5429 Γεγόνασι
3625 5363 3740 5416 τοί-

473 5439 699 5508 sagittas
728 5440 777 5493 in
810 5446 1142 5501 contrarium
1175 5451 1491 5522 dirigentes.

2190 5474 2251 5508 υν
2275 5455 2350 5518 ὡς
2380 5456 2530 5519 τόξον
2562 5454 3063 5524 ἀντεστραμμένον,
3103 5453 3321 5523 ἐναντίᾳ
3362 5453 3634 5524 χρώμενοι
3667 5458 3735 5526 τῇ

2156 5546 2356 5610 τοξεία.

543 5696 586 5727 ²⁵
612 5696 823 5753 Bul‘llfil
860 5716 932 5767 tv,
960 5708 1013 5757 4.
