3954 6208
238 305 260 357 θ
274 303 336 358 97

229 506 638 570 ἀπαιδευσίας
667 500 959 571 γλώσσης
988 500 1206 556 αὐτῶν.

232 608 439 663 ΠΧ.οὐ
463 604 605 660 κατά
632 606 794 675 μόνον
834 595 974 667 ἣξει,
1015 595 1170 665 φησὶ,
1208 594 1317 649 τῶν
1358 597 1470 658 τοῖς
1500 595 1821 666 ἡγουμένοις

230 689 681 761 ὑπεστρωμένων
726 701 797 738 τα
839 684 900 750 ἐξ
945 684 1136 754 ὀργῆς,
1184 683 1559 753 καταλήψεται
1594 682 1688 745 δὲ,
1731 682 1823 735 κα)⁵

231 788 379 857 μάλα
416 784 659 853 γοργῶς,
684 780 778 833 καὶ
813 780 938 841 τοὺς
968 782 1089 843 ταῖς
1120 777 1382 831 ἀνωτάτω
1408 779 1597 847 τιμαῖς
1633 778 1821 847 ἐντρυ-

229 880 334 949 gina
363 875 649 935 είωθότας.
689 868 991 925 Πεσοῦνται
1020 869 1128 941 γὰρ
1169 869 1226 922 ὲν
1262 868 1524 939 ῥομφαίᾳ,
1559 866 1824 946 καὶδπρό-

230 986 400 1039 φασις
450 962 726 1020 ἔσταιτοῦ
783 961 977 1015 παθεῖν
1031 962 1249 1023 αὐτοὺς,
1312 960 1409 1029 τῆς
1463 955 1716 1028 γλώσσης
1764 957 1825 1009 τὸ

230 1060 486 1129 ἀσελγές.
535 1054 887 1111 Ἀπαιδευσία
920 1054 1027 1125 γάρ
1078 1050 1297 1121 άληθῶς
1346 1051 1407 1104 τὸ
1449 1049 1527 1120 τῷ
1562 1049 1703 1118 ξύλῳ
1738 1048 1826 1101 λέ-

232 1174 376 1225 γειν,
420 1173 438 1203 ι
471 1149 607 1212 Θεός
646 1164 749 1218 μου
786 1141 835 1199 εἷ
863 1146 925 1198 σύ
946 1160 958 1174 ·
992 1147 1087 1200 καὶ
1120 1146 1197 1216 τῷ
1241 1144 1396 1214 λίθῳ,
1425 1144 1497 1197 Σὺ
1526 1142 1825 1215 ἐγέννησας

236 1266 323 1320 με.
358 1267 380 1300 ι

314 1337 611 1409 Ἀρμόσειε
653 1335 697 1389 δ’
731 1333 797 1388 ἂν
828 1328 885 1386 εὖ
920 1331 1066 1401 μάλα
1102 1330 1196 1383 καὶ
1228 1328 1295 1382 τὰ
1324 1327 1500 1381 τοιάδε
1531 1326 1712 1395 λέγειν
1746 1326 1824 1397 τῷ

246 1418 642 1501 Ἐ’μμανουὴλ,
695 1426 815 1480 καθ’
869 1421 929 1479 οὗ
972 1424 1069 1493 τὴν
1124 1421 1449 1475 ἀπαίδευτον
1504 1421 1824 1491 κεκινήκασι

232 1525 491 1594 γλῶσσαν
557 1522 606 1575 οἱ
648 1518 685 1573 Γ
692 1517 999 1591 ραμματεῖς
1032 1531 1089 1567 τε
1148 1514 1243 1567 καὶ
1289 1513 1598 1583 Φαρισαῖοι,
1646 1511 1824 1564 καίτοι

233 1616 589 1678 παιδεύοντός
636 1630 694 1667 τε
726 1612 820 1666 καὶ
846 1606 1252 1678 κατισχύοντος,
1282 1606 1439 1676 δῆλον
1464 1604 1521 1658 δὲ
1544 1606 1625 1658 ὅτι
1655 1622 1821 1657 πνευ-

240 1709 516 1783 ματικῶς.
545 1702 644 1761 Ὧν
698 1704 851 1759 οὐδὲν
888 1700 1374 1769 ὑπολογισάμενοι,
1410 1699 1505 1751 καὶ
1548 1698 1825 1768 ἀπεστρά-

1162 293 1717 348 (ΣΟΜΜΕΝἸΑἰὶιυδ
1758 293 1823 345 ΙΝ
1869 293 2101 347 OSEAM
2144 294 2594 346 l’liUl’llE'IAM.

300 416 644 475 Πεσοῦνται
679 413 751 466 ἐν
775 410 1048 480 ῥομφαίᾳ
1092 414 1145 463 οὶ
1188 410 1475 480 ἄρχοντες
1507 410 1723 477 αὐτῶν,
1750 410 1821 463 δι’
1854 418 1895 471 Α

3426 303 3521 356 198

1999 412 2157 467 γωδ,
2194 412 2280 471 16,
2314 412 2513 462 (ludent
2554 411 2607 463 in
2643 410 2820 477 gladio
2858 410 3125 478 principes
3152 428 3367 478 eorum,
3398 434 3519 486 ρλ-ο.

1925 515 2041 571 pter
2067 505 2388 567 imperitiam
2423 504 2619 572 linguw
2649 519 2853 555 eorum.

1998 592 2282 649 LXXXIV.
2328 594 2444 648 Non
2485 607 2670 648 contra
2715 594 2860 648 solos
2905 591 3239 663 principibus
3276 596 3524 659 subditos

1929 685 2010 738 ira
2046 683 2326 753 suppliciis
2362 685 2577 750 saeviet;
2611 684 3034 753 comprehendet
3076 684 3267 750 etiam,
3299 696 3354 740 et
3383 687 3523 743 velo-

1927 776 2164 841 cissime,
2195 777 2284 845 qui
2317 776 2366 829 iu
2399 777 2629 831 summis
2665 776 2960 830 honoribus
2987 790 3117 830 suas
3149 776 3352 832 habere
3382 777 3503 832 volu

1924 881 2105 939 ptates
2137 880 2556 935 consueverunt.
2582 889 2601 923 ι
2631 870 2841 931 Cadent
2869 872 3011 926 enim
3036 871 3089 924 iu
3122 870 3523 943 glatii0,).(],l|0tl

1927 963 2127 1016 malum
2178 962 2284 1019 illis
2330 964 2510 1032 pariet
2558 962 2755 1032 lingua:
2801 966 3151 1031 protervitas.
3195 965 3335 1020 Vere
3379 967 3522 1020 enim

1927 1052 2155 1111 stultitia
2199 1062 2314 1119 est,
2353 1053 2497 1123 ligno
2528 1052 2721 1109 dicere
2759 1071 2772 1107 :
2816 1072 2833 1104 ι
2880 1054 3021 1115 Deus
3058 1069 3211 1115 meus
3246 1071 3306 1112 es
3345 1066 3434 1121 tu;
3470 1066 3524 1112 et

1927 1143 2089 1214 lapidi
2125 1163 2137 1198 :
2169 1144 2248 1199 Tu
2282 1159 2369 1199 me
2398 1146 2635 1215 genuisti
2660 1147 2726 1198 η.
2769 1164 2789 1198 ι

1998 1324 2147 1380 Talia
2178 1336 2232 1381 et
2264 1326 2586 1385 Emmanuel
2622 1334 2745 1397 apte
2779 1328 2960 1388 dicet,
3002 1326 3054 1380 in
3091 1341 3253 1395 quem
3289 1327 3523 1397 linguam

1930 1419 2234 1487 imperitam
2266 1428 2550 1473 moverunt
2577 1418 2784 1473 Scriba:
2812 1429 2865 1472 et
2898 1418 3182 1484 Pharisaei,
3212 1433 3524 1486 quanquam

1928 1524 2022 1562 eos
2052 1509 2383 1563 crudientetn
2418 1518 2472 1563 et
2505 1508 2946 1573 conﬁrmantem,
2978 1507 3337 1577 spiritualiter
3368 1507 3527 1559 uimi-

1930 1616 2069 1652 rmn.
2093 1599 2331 1664 Quorum
2365 1600 2499 1654 nihil
2530 1610 2879 1671 reputantes,
2911 1610 2964 1655 et
2992 1601 3170 1657 aversi
3200 1608 3325 1657 sunt
3351 1601 3416 1654 ad
3445 1599 3526 1652 ni-

1930 1690 2001 1743 hil
2043 1692 2319 1762 (conversi
2359 1703 2482 1747 sunt
2520 1697 2718 1765 quippe
2754 1696 2820 1749 ad
2856 1694 3135 1749 doctrinas
3174 1704 3228 1748 et
3268 1694 3523 1747 mandata

238 1820 418 1875 (βησαν
448 1802 529 1863 εἰς
582 1798 755 1852 οὐδέν.
802 1796 1131 1866 Ἐτράποντο
1178 1793 1287 1860 γάρ
1333 1793 1411 1855 εἰς
1454 1790 1822 1853 διδασκαλίας,

1947 1786 2205 1838 tominum
2229 1785 2319 1851 ³ο),
2379 1795 2434 1841 et
2471 1787 2596 1841 facti
2635 1796 2762 1841 sunt
2799 1797 2855 1853 ut
2892 1803 3055 1841 arcus
3090 1787 3144 1840 iu
3179 1786 3517 1841 contrarium

238 1895 555 1965 ἐντάλματα
584 1888 907 1962 ἀνθρώπων.
941 1889 1047 1941 Καὶ
1079 1885 1370 1955 γεγόνασιν
1402 1884 1478 1947 ὡς
1506 1883 1659 1948 τόξον
1692 1884 1825 1937 ἀντ-

236 1984 642 2058 εστραμμένον,
698 1981 985 2052 βάλλοντες
1012 1978 1238 2042 ἀνοσίως
1270 1977 1359 2030 τὸν
1390 1976 1595 2031 ἑαυτῶν
1625 1975 1828 2028 Δεσπό-

238 2099 354 2150 try,
403 2072 469 2131 οὗ
528 2075 729 2147 μᾶλλον
783 2074 951 2145 ἐχρῆν
1004 2071 1381 2143 ὑπεραθλῆσαι
1416 2068 1688 2137 γενικῶς,
1734 2065 1827 2119 καὶ

234 2174 390 2243 νικᾷν
425 2168 749 2237 ἐπείγεσθαι
787 2168 913 2229 τοὺς
947 2166 1455 2235 ἀντιτεταγμένους,
1485 2163 1624 2217 καθὰ
1660 2160 1753 2215 καὶ
1777 2159 1827 2212 οἱ

236 2266 340 2319 τῶν
371 2262 794 2317 πιστευσάντων
826 2261 1037 2331 γνήσιοι
1070 2258 1328 2331 μαθηταί.

843 2395 1094 2449 ΚΕΦΑΛ.
1140 2396 1220 2448 H'.

308 2507 502 2576 Οὗτος
536 2512 570 2563 ό
602 2506 949 2578 φαυλισμὸς
973 2502 1170 2559 αὐτῶν
1198 2505 1269 2559 ἐν
1303 2502 1382 2574 τῇ
1411 2506 1709 2573 Αἰγύπτῳ,
1743 2508 1830 2572 εἰς

239 2597 475 2650 κόλπον
509 2595 729 2649 αὐτῶν.
779 2594 877 2659 Ὠς
920 2591 1017 2661 γῆ,
1048 2593 1128 2656 ὡς
1173 2592 1348 2658 ἀετὸς
1391 2593 1485 2646 ἐπ’
1519 2589 1687 2646 οἷκον
1710 2598 1827 2647 Κυ-

234 2690 388 2756 ρίου,
425 2688 561 2741 ἀνθ’
588 2680 676 2739 ὧν
712 2685 1065 2754 παρέϐησαν
1091 2684 1203 2753 τὴν
1241 2684 1536 2753 διαθήκην
1562 2703 1701 2756 μου,
1733 2686 1830 2739 καὶ

242 2783 388 2836 κατὰ
427 2779 539 2835 τοῦ
568 2781 755 2848 νόμου
783 2778 1121 2847 ἠσέϐησαν.

323 2986 456 3039 IIE'.
539 2981 792 3051 Ἀσαφῶς
850 2980 950 3051 μὲν
1007 2980 1127 3032 λίαν
1187 2979 1403 3050 εἴρηται
1481 2981 1672 3047 ταυτὶ,
1732 2981 1830 3050 τῆς

254 3077 546 3149 Ἑϐραίων,
580 3075 832 3145 καθάπερ
864 3068 1100 3142 ἐγῷμαι,
1132 3076 1316 3142 φωνῆς
1345 3072 1542 3143 πολλὴν
1571 3074 1830 3143 ἐμποιού-

1934 1891 2125 1932 versus
2159 1878 2422 1931 scelerate
2459 1877 2742 1933 Dominum
2779 1894 2934 1933 suum
2970 1878 3248 1940 ferientes,
3286 1892 3383 1946 pro
3418 1892 3524 1945 quo

1936 1968 2113 2037 potius
2143 1969 2369 2025 viriliter
2404 1970 2561 2040 117
2594 1979 2831 2036 certare,
2866 1979 2918 2024 et
2952 1969 3018 2025 ad
3055 1968 3399 2023 adversarios
3433 1983 3524 2022 su-

1937 2061 2236 2129 perandos,
2282 2062 2422 2115 sicut
2468 2075 2536 2114 cx
2585 2062 2934 2117 credentibus
2979 2060 3225 2132 germani
3274 2058 3525 2128 discipuli

1936 2154 2068 2207 dare
2099 2168 2219 2208 sese
2250 2153 2573 2213 debuerunt.

2563 2395 2716 2453 CAP.
2772 2397 2907 2452 \‘lll.

2011 2509 2175 2566 Vsus.
2210 2509 2399 2565 LIsla
2442 2510 2787 2564 subsannatio
2845 2527 3021 2564 corum
3054 2511 3109 2564 in
3157 2519 3298 2563 terra
3351 2507 3524 2580 Egy-

1936 2611 2048 2668 plo,
2073 2603 2127 2656 in
2149 2604 2320 2656 sinum
2354 2618 2554 2655 eorum.
2594 2601 2761 2667 Quasi
2793 2611 2953 2665 terra,
2988 2601 3139 2669 quasi
3165 2600 3343 2668 aquila
3370 2615 3525 2668 super

1938 2695 2149 2745 domum
2202 2692 2431 2757 Domini,
2486 2707 2580 2759 pro
2630 2706 2689 2744 eo
2723 2692 2863 2760 quod
2903 2693 3216 2760 transgressi
3264 2698 3387 2744 sunt
3443 2700 3522 2743 le-

1938 2793 2253 2837 stamentum
2301 2797 2490 2847 meum,
2536 2791 2585 2835 et
2655 2790 2841 2836 contra
2911 2780 3073 2852 legem
3142 2796 3306 2834 meam
3364 2780 3523 2847 impie

1938 2886 2171 2948 egerunt,

2012 2990 2276 3047 LXXXV.
2320 2990 2464 3057 Haec,
2530 3001 2589 3045 ut
2653 3007 2755 3062 ego
2817 2991 3014 3056 sentio,
3047 2990 3226 3060 lingua
3297 2989 3520 3044 llebraaa

1938 3086 2328 3139 obscurissime
2361 3085 2563 3155 scripta
2596 3094 2739 3149 sunt,
2779 3086 2920 3139 unde
2954 3083 3341 3153 interpretibus
3383 3082 3518 3135 mul-

230 3189 339 3241 ησης
362 3171 481 3232 τοῖς
510 3166 930 3239 διερμηνεύουσι
950 3166 1046 3236 τὴν
1078 3166 1416 3234 δυσχέρειαν.
1463 3156 1749 3236 Ἑπὸμενοι
1772 3166 1827 3218 δὲ

1942 3188 1987 3230 ta
2027 3176 2321 3231 difﬁcultas
2365 3176 2641 3245 obiicitur.
2681 3176 2790 3231 Nos
2822 3192 2950 3231 vero
3025 3176 3311 3229 sententia:
3375 3174 3523 3228 ordi-

242 3266 397 3334 ἡμεῖς
414 3265 484 3333 τῇ
498 3260 608 3312 τῶν
621 3258 910 3331 νοημάτων
924 3258 1092 3327 τάξει,
1112 3257 1172 3311 τὸ
1186 3259 1264 3320 εἰς
1280 3256 1403 3310 νοῦν
1421 3252 1553 3328 ἧκον
1574 3258 1699 3326 ἐροῦ
1710 3276 1829 3328 μεν.

246 3376 263 3405 ι
294 3353 467 3418 Οὗτος
498 3354 681 3407 τοίνυν
711 3355 738 3406 ὀ
771 3351 1081 3421 φαυλισμὸς
1114 3351 1313 3411 αὐτῶν,
1347 3369 1363 3401 ι
1406 3352 1593 3421 φησιν,
1622 3372 1638 3401 ι
1672 3353 1730 3403 ὲν
1761 3354 1829 3422 γῇ

240 3446 527 3515 Αἰγύπτῳ,
558 3462 577 3495 ι
600 3441 899 3504 τουτέστιν,
920 3441 1217 3511 ἐπειδήπερ
1236 3442 1259 3492 ὲ
1268 3439 1334 3511 μὲ
1356 3443 1445 3493 τὸν
1460 3441 1545 3493 ἀεὶ
1570 3440 1830 3507 σώζοντα,

240 3540 330 3591 καὶ
364 3535 717 3600 παιδεύοντα,
739 3533 834 3587 καὶ
864 3533 1308 3602 ἁκαταγώνιστον
1322 3532 1540 3586 τιθέντα
1566 3536 1675 3596 τοῖς
1702 3535 1833 3587 άνθ-

241 3630 533 3701 εστηκόσιν
587 3629 865 3698 (ὲνίσχυσα
894 3628 1004 3697 γὰρ
1058 3626 1276 3693 αὐτοὺς)
1316 3625 1693 3696 ἐξεφαύλησαν
1735 3627 1823 3678 ἀνο

241 3720 426 3783 θείως,
462 3718 763 3788 δαιμονίοις
800 3718 894 3787 μὲν
914 3715 1280 3786 ἀπονέμοντες
1303 3714 1577 3787 λατρείας,
1610 3714 1835 3784 ἐπιθαρ-

245 3813 512 3881 σήσαντες
536 3811 593 3863 δὲ
624 3809 720 3863 καὶ
753 3811 817 3880 τῇ
852 3808 959 3861 τῶν
994 3807 1305 3876 Αἰγυπτίων
1344 3810 1434 3876 γῇ,
1468 3807 1561 3859 καὶ
1592 3808 1832 3875 ἀποχρή-

246 3921 357 3956 σειν
390 3904 583 3965 αὐτοῖς
630 3904 710 3965 εἰς
760 3902 1059 3972 εὐημερίας
1104 3900 1201 3967 τὰς
1255 3899 1465 3957 ἐκεῖθεν
1515 3900 1833 3969 ἐπικουρίας

242 4000 501 4067 οἰόμενοι,
533 3994 790 4067 ταύτῃτοι
826 3995 917 4046 καὶ
963 3996 1042 4057 εἰς
1082 3993 1282 4049 κόλπον
1330 3991 1511 4047 αὐτῶν
1554 3995 1831 4063 ἀποστρα-

287 4092 480 4160 ήσεται
506 4087 569 4139 τὸ
593 4086 918 4156 ἐγχείρημα,
957 4087 1048 4137 καὶ
1072 4086 1168 4154 τῆς
1202 4086 1412 4137 ἑαυτῶν
1436 4083 1832 4146 εἰκαιοϐουλίας

243 4182 342 4234 οὐκ
395 4180 609 4247 ἀγαθάς
645 4180 970 4249 εὑρήσουσιν
1016 4177 1271 4248 ἀμοιϐάς.
1334 4176 1725 4247 ’Λπολήψονται
1776 4176 1830 4228 δὲ

245 4271 503 4340 καθάπερ
534 4272 613 4332 είς
644 4269 845 4322 κόλπον
876 4270 976 4332 τὰς
998 4269 1174 4333 δίκας.
1212 4268 1370 4335 ’Ἥξει
1398 4268 1522 4338 γάρ,
1556 4268 1694 4338 ἥξει,
1730 4286 1832 4339 tm-

248 4366 347 4426 σιν,
370 4364 400 4415 ό
439 4362 802 4433 καταδῃώσας
842 4361 1056 4426 αὐτοὺς,
1082 4361 1190 4415 τῶν
1227 4361 1527 4433 Ἀσσυρίων
1575 4363 1602 4415 ὁ
1631 4360 1829 4429 τύρανο

253 4474 329 4518 μσς
360 4454 605 4526 ἀριθμοῦ
621 4455 906 4525 κρείττονα
926 4454 1022 4524 τὴν
1040 4454 1147 4515 τῶν
1174 4454 1425 4524 μαχίμων
1442 4453 1578 4523 ἔχων
1598 4453 1827 4524 πληθύν.

248 4549 409 4612 Ἥξει
441 4565 503 4600 τε
530 4548 713 4610 αὐτοῖς
748 4548 823 4611 ὡς
850 4548 947 4617 ὅλη
984 4548 1075 4618 γῆ,
1101 4548 1194 4600 καὶ
1218 4546 1368 4619 χώρα
1388 4549 1483 4600 καὶ
1509 4548 1725 4618 πατρὶς.
1748 4548 1837 4600 ἵνα

246 4657 326 4699 τις
354 4640 538 4709 οἴηται
572 4639 671 4709 τὴν
694 4638 922 4708 Περσῶν
956 4640 1051 4694 καὶ
1075 4639 1273 4709 Μήδων
1296 4638 1423 4708 ὃλην
1441 4638 1499 4704 ἐξ
1521 4639 1639 4691 ὅλου
1670 4656 1836 4708 μετα-

253 4733 445 4802 στῆναι
476 4731 685 4802 χώραν,
716 4732 811 4787 καὶ
832 4733 913 4794 εἰς
940 4731 1253 4805 Σαμάρειαν
1290 4730 1467 4784 ἐλθεῖν
1486 4748 1498 4761 ·
1528 4731 1687 4784 τοῦτό
1721 4734 1837 4783 ἐστι

253 4823 332 4885 τὸ,
374 4841 392 4873 ι
430 4822 506 4884 ὡς
531 4823 623 4893 γῆ.
660 4841 679 4874 ι
716 4820 875 4887 Ἥξει
900 4822 957 4875 δὲ
986 4824 1079 4877 καὶ
1107 4822 1181 4886 ὠς
1205 4824 1234 4875 ὁ
1266 4821 1426 4885 ἀετὸς
1450 4824 1527 4891 είς
1554 4818 1701 4876 οἷκον
1726 4824 1832 4875 Κυ-

254 4913 386 4984 ρίου,
437 4913 740 4978 τουτέστιν,
790 4914 1162 4984 άναπτήσεται
1206 4914 1295 4967 ἐπ’
1338 4913 1500 4967 αὑτὸν
1558 4912 1682 4977 ὀξὺς
1747 4915 1841 4969 καὶ.

250 5005 419 5070 δεινὸς
473 5004 567 5058 τὸν
602 5005 729 5063 ναὸν
762 5003 857 5058 τοῦ
909 5005 1064 5072 Θεοῦ,
1118 5006 1212 5060 καὶ
1260 5005 1692 5077 καταδραμεῖται
1738 5006 1835 5075 τῆς

264 5097 430 5155 Ἰούδα
481 5096 757 5167 βασιλείας
806 5098 899 5152 καὶ
947 5098 1053 5153 τῶν
1127 5098 1533 5169 Ἰεροσολύμων,
1577 5096 1837 5169 ἁρπάζων

252 5188 510 5258 ἀμογητὶ,
544 5190 637 5241 καὶ
661 5188 1013 5259 άποκομίζων
1042 5190 1121 5252 είς
1143 5190 1240 5259 τὴν
1265 5189 1481 5244 ἑαυτοῦ.
1511 5189 1709 5259 Πρώτη
1740 5189 1838 5259 μὲν

253 5280 357 5350 γὰρ
384 5284 418 5351 ἡ
464 5282 823 5351 Σαμαρειτῶν
868 5282 1212 5354 πεπόρθηται
1260 5282 1432 5354 χώρα,
1464 5283 1558 5337 καὶ
1600 5285 1658 5335 ὲν
1697 5284 1835 5354 αὑτῇ

252 5387 349 5429 που
378 5371 602 5436 πάντως
635 5372 665 5422 ὁ
706 5372 941 5442 Ἰσραήλ.
978 5374 1246 5443 ’Ὕστερον
1270 5374 1326 5427 δὲ
1355 5375 1449 5427 καὶ
1490 5375 1631 5446 αὐτὴ
1652 5374 1837 5429 λοιπὸν

253 5462 595 5534 ήδιαῦόητος
614 5463 831 5534 ἐλήφθη
860 5464 1036 5529 πόλις,
1066 5466 1152 5533 ἐφ’
1264 5467 1358 5520 καὶ
1386 5469 1413 5520 ό
1440 5468 1839 5538 προφήτηςῚε-

254 5556 443 5623 pauiu;
480 5556 724 5627 ἐθρήνει,
753 5556 956 5625 λέγων·
989 5576 1008 5609 ι
1042 5558 1166 5621 Πῶς
1191 5558 1413 5613 ἐκάθισε
1460 5560 1594 5631 μόνη
1621 5561 1654 5632 ἡ
1683 5560 1837 5623 πόλις

328 5735 371 5763 ¹⁹
402 5733 506 5789 lsa.
539 5750 599 5800 lt,
638 5734 727 5788 9.7.
807 5736 851 5766 ²⁰
888 5733 1074 5791 Matth.
1108 5749 1195 5801 xv,
1228 5736 1281 5791 9.

1936 3281 2056 3319 nem
2090 3276 2407 3335 sequentes,
2442 3268 2586 3334 quod
2618 3267 2668 3319 in
2706 3275 2939 3319 mentem
2992 3265 3217 3328 venerit,
3256 3265 3518 3317 dicemus.

1936 3360 2111 3427 lnqttit
2176 3360 2359 3429 igitur,
2400 3377 2419 3409 ι
2452 3359 2559 3412 Ista
2620 3357 2975 3418 subsannatio
3035 3370 3221 3409 eorum
3278 3356 3327 3408 in
3379 3364 3521 3409 terra

1935 3450 2188 3520 Egypto,
2224 3469 2243 3502 ι
2280 3451 2381 3504 hoc
2420 3457 2522 3514 est,
2563 3458 2849 3517 postquam
2895 3462 2978 3501 me
3031 3460 3246 3516 semper
3304 3461 3524 3502 servan-

1937 3552 2039 3597 tem
2092 3558 2225 3606 eos,
2287 3552 2338 3595 et
2375 3542 2714 3595 erudieutem
2749 3581 2761 3603 ,
2826 3551 2883 3595 et
2941 3540 3008 3595 ab
3053 3540 3378 3595 adversariis
3445 3540 3521 3592 iu-

1935 3634 2106 3688 vietos
2147 3640 2487 3703 praestantem
2521 3631 2911 3700 (corrottoravi
2970 3630 3115 3684 enim
3161 3630 3301 3696 eos)
3357 3630 3520 3699 impie

1934 3728 2430 3785 subsannaverunt,
2471 3724 2742 3779 daemones
2776 3739 2872 3791 pro
2909 3723 3015 3777 tliis
3067 3723 3327 3785 colentes,
3365 3732 3421 3775 et
3460 3722 3521 3774 ii—

1934 3818 2127 3870 derunt
2167 3825 2324 3870 terra:
2374 3813 2792 3883 Egyptiorum,
2835 3824 2891 3868 et
2934 3814 3131 3866 auxilia
3174 3813 3383 3866 illorum
3414 3811 3518 3866 sibi

1934 3908 1998 3962 ad
2046 3922 2357 3977 prOSperam
2397 3907 2524 3961 vitae
2546 3905 2923 3961 conditionem
2970 3904 3260 3959 sull‘ectttra
3306 3903 3519 3973 jutliea-

1935 4010 2082 4063 runt,
2130 4000 2333 4055 idcirco
2382 3999 2437 4053 in
2474 3999 2654 4059 sinum
2708 4012 2898 4051 eorum
2950 4007 3257 4051 revertetur
3297 4006 3522 4051 conatus

1933 4103 2146 4155 eorum,
2183 4100 2235 4144 et
2266 4090 2593 4145 temeritatis
2639 4103 2749 4142 suae
2806 4088 3108 4142 mercedem
3171 4102 3275 4141 non
3325 4088 3520 4141 bonam

1936 4181 2209 4235 invenient
2236 4199 2249 4245 ;
2281 4180 2428 4234 velut
2461 4180 2602 4233 enim
2626 4179 2676 4232 in
2710 4180 2885 4231 sinum
2912 4190 3100 4246 poenas
3118 4177 3394 4246 recipient.
3429 4176 3526 4233 Ve-

1936 4276 2046 4326 niet
2113 4272 2422 4340 siquidem,
2474 4270 2693 4333 veniet,
2751 4269 2956 4336 inquit,
2995 4269 3088 4337 qui
3146 4269 3383 4324 vastabit
3432 4283 3525 4324 eos

1934 4363 2280 4432 Assyriorum
2340 4372 2605 4433 lyrauuus
2655 4375 2776 4415 cum
2820 4360 3205 4415 innumerabili
3257 4362 3521 4427 exercitu,

1936 4457 2225 4525 uenietque
2271 4456 2402 4526 ipsis
2451 4468 2507 4510 ut
2544 4464 2650 4508 tota
2686 4462 2938 4519 terra,et
2994 4454 3170 4523 regio,
3214 4465 3270 4508 et
3319 4454 3521 4522 patria,

1935 4558 1996 4602 ut
2033 4548 2158 4617 quis
2187 4546 2474 4602 Persarum
2520 4558 2576 4601 et
2608 4545 2884 4601 Medorum
2937 4554 3102 4598 totam
3134 4557 3166 4601 e
3203 4555 3315 4599 toto
3348 4544 3523 4613 regio-

1920 4656 2061 4701 .netn
2093 4640 2372 4710 migrasse,
2404 4641 2549 4693 etin
2594 4639 2897 4693 Samariam
2969 4637 3183 4691 venisse
3228 4636 3521 4691 existimet.

1938 4731 2049 4787 Hoc
2074 4732 2207 4796 vult,
2250 4734 2391 4798 quod
2422 4732 2639 4797 dicitur,
2678 4750 2699 4781 ι
2728 4731 2887 4800 quasi
2920 4738 3088 4784 terra.
3125 4746 3144 4779 ι
3178 4728 3370 4782 Veniet
3400 4730 3524 4783 item

1944 4843 1962 4875 ‹
1993 4824 2144 4892 quasi
2173 4823 2353 4894 aquila
2395 4824 2447 4877 in
2485 4823 2702 4881 domum
2744 4822 2992 4887 Domini,
3050 4840 3070 4873 ι
3100 4819 3205 4876 hoc
3237 4830 3344 4888 est,
3380 4821 3529 4876 subi-

1942 4928 2028 4971 tus
2065 4926 2119 4971 et
2152 4916 2407 4971 terribilis
2440 4917 2697 4986 templum
2736 4914 2833 4967 Dei
2877 4912 3160 4977 involabit,
3203 4923 3257 4968 et
3298 4929 3523 4984 regnum

1944 5007 2114 5075 Iudae,
2150 5017 2310 5077 atque
2343 5007 2768 5077 Hierosolymam
2805 5006 3137 5071 incursabit,
3193 5006 3329 5061 citra
3382 5007 3529 5058 Iaho-

1949 5117 2060 5156 retn
2105 5103 2338 5170 rapiens,
2372 5112 2425 5154 et
2476 5102 2527 5154 in
2565 5116 2787 5169 regnum
2837 5114 2994 5155 suum
3043 5109 3353 5170 exportans.
3406 5098 3525 5152 i‘ri‘

1942 5208 2088 5249 mum
2162 5194 2306 5248 enim
2374 5192 2768 5246 Samaritarum
2841 5192 2990 5262 regio
3055 5192 3526 5260 depOpnlationem

1941 5285 2127 5350 subiit,
2181 5296 2235 5339 et
2264 5284 2406 5339 inca
2454 5284 2640 5353 utique
2699 5284 2882 5338 Israel.
2920 5283 3273 5338 Postmodum
3326 5289 3381 5336 et
3439 5282 3528 5333 illa

1942 5377 2210 5432 celebrata
2248 5376 2377 5430 urbs
2406 5389 2559 5447 capta
2620 5386 2722 5441 est,
2763 5391 2924 5446 quam
2963 5386 3017 5431 et
3057 5376 3318 5446 propheta
3374 5364 3527 5425 ,ιω-οε

1941 5472 2078 5524 mias
2108 5468 2340 5533 deﬂevit,
2377 5469 2461 5524 bis
2492 5485 2619 5523 usus
2638 5468 2813 5524 verbis
2843 5486 2855 5519 :
2887 5486 2904 5519 ι
2934 5467 3217 5533 Quomodo
3240 5464 3387 5518 sedet
3411 5461 3523 5513 sola

1942 5565 2129 5619 civitas
2174 5562 2328 5632 plena
2373 5562 2630 5633 populis?
2656 5562 2906 5631 princeps
2942 5558 3343 5629 provinciarum
3382 5555 3500 5605 lact,
