3954 6208
427 320 530 376 19ῡ

1412 311 1469 367 S.
1506 308 1786 364 CYlllLLl
1830 305 2305 365 ALEXANDRIM
2345 300 2663 365 ARCHIEP.

3576 312 3683 367 200

424 443 519 498 est,
560 432 840 487 tributaria
868 430 966 480 ".i
1001 428 1136 494 Quin
1172 428 1314 480 enim
1363 442 1464 479 una
1515 442 1641 479 cum
1699 428 1831 481 urbe
1887 442 2002 479 cre-

2115 430 2139 497 ἡ
2184 427 2611 497 πεπληθυσμένη
2655 426 2828 491 λαῶν,
2862 425 3099 495 ἄρχουσα
3127 425 3185 479 ἐν
3215 422 3419 495 χώραις
3450 426 3682 497 ἐγενήθη

426 530 627 577 malum
667 520 736 572 sit
768 517 1045 586 templum,
1085 516 1225 569 nulla
1258 525 1341 569 est
1365 515 1653 570 dubitatio.
1690 516 1863 583 Atque
1892 520 2005 569 bare

425 612 528 665 illis
578 610 846 672 evenient,
879 608 1071 676 inquit,
1095 608 1219 675 quia
1251 605 1490 659 divinum
1532 605 1851 673 transgressi
1881 614 2005 658 sunt

426 710 827 765 testamentum,
854 708 908 752 et
938 708 1123 751 contra
1160 698 1330 764 legem
1367 697 1432 749 de
1477 710 1579 764 qua
1612 696 1869 759 diximus,
1900 695 2005 747 im-

425 795 510 861 pie
572 800 817 861 egerunt.
882 789 1115 844 Omnino
1174 789 1316 841 enim
1396 802 1491 855 per
1548 786 2003 856 sapientissimum

422 885 641 955 Moysen
681 884 935 938 divinitus
976 880 1135 934 cﬂ‘ata
1199 879 1637 949 parviducentes,
1700 878 1862 931 vitam
1910 894 2006 946 pro

423 980 643 1034 libidine
676 992 771 1031 sua
805 975 1110 1044 transigere
1154 974 1524 1038 conabantur,
1556 981 1609 1025 et
1655 971 1816 1041 118
1845 972 2006 1040 quili-

421 1072 511 1123 bet
559 1068 843 1122 arbitrium
898 1082 1054 1123 suum
1096 1075 1151 1121 et
1196 1066 1528 1136 religionem,
1573 1071 1628 1118 et
1668 1063 1837 1132 legem
1891 1062 1998 1118 sibi

420 1162 718 1215 statuebat.

492 1252 656 1306 Vens.
699 1252 754 1319 2,
784 1253 837 1309 '5.
863 1250 951 1305 Me
989 1250 1313 1314 clamabunt,
1346 1250 1505 1315 Deus,
1529 1254 1863 1323 cognovimus
1893 1260 1941 1306 te
1980 1267 2000 1315 ;

418 1346 543 1414 quia
616 1343 786 1397 Israel
855 1344 1072 1413 projecit
1153 1346 1307 1407 bona,
1380 1344 1654 1399 inimicum
1743 1344 2003 1411 persecuti

420 1446 561 1490 sunt.

492 1526 775 1583 LXXXVI.
828 1526 1003 1595 Super
1048 1526 1321 1581 frumento
1363 1535 1417 1582 et
1480 1527 1607 1581 vino
1675 1527 1898 1592 concisi,
1949 1536 2004 1581 et

422 1621 713 1675 immundis
772 1619 1101 1673 daemonibus
1160 1618 1326 1673 festos
1374 1618 1494 1673 dies
1545 1630 1882 1689 peragentes,
1912 1619 2002 1687 qni

421 1714 679 1769 cordibus
718 1712 829 1766 suis
875 1711 941 1764 ad
990 1711 1156 1763 Deum
1228 1726 1331 1763 non
1381 1710 1769 1774 clamaverunt,
1828 1725 2002 1781 neque

2106 521 2185 581 είς
2234 519 2418 589 φόρον.
2460 537 2477 569 ι
2513 518 2634 569 Ὅτι
2661 518 2768 587 γὰρ
2820 516 3168 587 συνεπρήσθη
3212 518 3280 587 τῇ
3329 516 3483 569 πόλει
3519 517 3613 570 καὶ
3658 520 3687 570 ὁ

2106 611 2253 673 ναὸς,
2286 609 2583 679 οὐδαμόθεν
2605 608 2925 679 ἀμφίλογον.
2959 606 3143 661 Ταῦτα
3176 606 3233 659 δὲ
3262 607 3445 669 αὐτοῖς
3473 606 3682 677 συμϐής

2109 716 2278 764 σεται,
2318 701 2500 769 φησὶν,
2531 700 2611 753 ὅτι
2639 699 2737 768 τὴν
2770 697 2918 751 Θείαν
2950 696 3372 767 παραϐεϐήκασι
3396 696 3683 765 διαθήκην,

2105 792 2201 845 καὶ
2245 793 2520 861 ἠσέϐησαν
2565 795 2705 846 κατὰ
2746 792 2839 845 τοῦ
2881 789 3203 861 λαληθέντος
3242 789 3427 858 νόμον.
3475 788 3686 855 Ὀλίγου

2105 882 2213 952 γὰρ
2244 882 2520 945 παντελῶς
2560 882 2836 946 ἀξιοῦντες
2861 883 3020 949 λόγου
3064 880 3132 934 τὰ
3164 880 3249 933 διὰ
3273 879 3365 933 τοῦ
3408 880 3685 947 πανσόφου

2106 973 2350 1036 Μωσέως
2379 973 2805 1043 τεθεσπισμένα,
2832 976 2945 1036 τοῖς
2993 972 3141 1035 ίδίοις
3180 970 3446 1041 θελήμασ.
3495 969 3717 1039 διαξῇν.

2105 1066 2457 1129 ἐσπούδαζον,
2501 1066 2593 1119 καὶ
2636 1066 2866 1129 ἕκαστος
2895 1065 2957 1118 rb
3003 1062 3211 1126 δοκοῦν,
3245 1061 3341 1115 καί¹
3388 1060 3690 1131 θρητκείας

2102 1160 2305 1230 τρόπον
2336 1158 2634 1223 ἐποιοῦντο,
2664 1159 2758 1211 καὶ
2794 1159 2977 1228 νόμον.

2189 1252 2326 1321 Ἐμὲ
2348 1250 2758 1317 κεκράξονται,
2788 1253 2820 1303 ό
2858 1249 3020 1315 Θεὸς,
3069 1248 3413 1319 ἐγνώκαμέν
3451 1262 3544 1301 σε’
3594 1245 3690 1304 ὅτι

2120 1343 2370 1411 Ἰσραὴλ
2422 1341 2844 1410 ἀπεστρέψατο
2885 1341 3097 1408 ἀγαθὰ,
3148 1338 3367 1408 ἐχθρὸν
3408 1336 3689 1392 κατεδίω-

2107 1434 2239 1498 ξαν.

2180 1524 2322 1589 nq'.
2360 1523 2424 1575 Οἱ
2462 1523 2553 1575 ἐπὶ
2604 1522 2734 1592 σίτῳ
2778 1522 2871 1576 καὶ
2903 1522 3033 1591 οἴνῳ
3070 1520 3557 1590 κατατεμνόμενοι,
3592 1518 3691 1572 καὶ

2105 1619 2217 1679 τοῖς
2243 1615 2572 1686 ἀκαθάρτοις
2592 1615 2810 1685 δαίμοσι
2842 1613 3122 1677 τελοῦντες
3142 1613 3238 1676 τὰς
3257 1612 3467 1682 ἐορτάς,
3494 1612 3544 1664 οἱ
3566 1614 3689 1673 ταῖς

2108 1706 2318 1760 ἑαυτῶν
2345 1704 2593 1775 καρδίαις
2621 1694 2697 1756 οὐ’
2718 1703 3039 1774 βεϐοηκότες
3067 1701 3205 1773 πρὸς
3232 1699 3384 1766 Θεὸν,
3413 1700 3535 1753 οὐδὲ
3578 1700 3687 1771 μὴν

420 1805 598 1858 onmis
645 1818 829 1857 eorum
884 1801 1259 1870 prosperitatis
1323 1801 1656 1871 largitorem,
1714 1812 1769 1857 et
1826 1813 2003 1857 custo-

2115 1796 2478 1863 ἐπεγνωκότες
2503 1795 2591 1848 τὸν
2619 1793 2799 1863 πάσης
2832 1793 3015 1856 αὐτοῖς
3057 1791 3311 1863 εὐθηνίας
3361 1791 3560 1861 δοτῆρα
3594 1791 3690 1843 καὶ

424 1897 545 1949 dem
596 1905 986 1964 cognoverunt,
1019 1907 1193 1963 neque
1224 1892 1418 1949 debitis
1443 1910 1563 1949 eum
1607 1895 1794 1966 gratiis
1832 1895 2005 1949 hono-

422 1997 630 2052 rarunl,
666 1987 920 2057 quoniam
956 1987 1006 2039 in
1036 2001 1215 2040 rerum
1254 1987 1620 2041 secundarum
1653 1987 2007 2056 amplitudine

419 2094 543 2134 eum
598 2078 924 2143 nescierunt,
974 2077 1162 2131 saltem
1215 2078 1407 2144 scient,
1439 2078 1526 2131 ubi
1582 2094 1700 2146 qum
1750 2094 1843 2133 eos
1894 2094 2008 2131 ma-

420 2177 550 2222 nent
576 2168 888 2237 patientur;
927 2176 979 2221 et
1004 2168 1197 2220 cnmin
1225 2166 1458 2222 infelicis
1488 2167 1697 2222 consilii
1735 2168 1815 2221 sui
1855 2182 2009 2223 acer-

418 2262 547 2316 bum
600 2269 656 2314 et
706 2259 1063 2313 aversandum
1111 2258 1269 2313 finem
1302 2260 1639 2325 devenerint,
1671 2259 2007 2328 clamabunt,

417 2358 475 2403 et
503 2348 595 2403 vix
652 2348 866 2402 tandem
908 2347 1232 2402 iuvocabunt
1275 2364 1379 2415 me,
1420 2349 1779 2405 ltorribilibus
1828 2361 1883 2406 et
1930 2362 2009 2407 te-

422 2439 660 2494 teri-imis
713 2440 1110 2493 calamitatibus
1145 2440 1411 2509 oppressi.
1452 2442 1530 2496 Ac
1580 2442 1726 2497 velut
1754 2444 2008 2499 consilia-

419 2531 498 2584 ria
544 2534 711 2585 ascita
757 2532 1068 2585 eornmdem
1122 2531 1384 2585 malorum
1445 2533 1807 2601 experientia,
1879 2544 2005 2590 tunc

417 2622 700 2677 stultitiam
724 2636 877 2676 suam
900 2626 1250 2686 accusabunt,
1285 2623 1411 2677 illud
1450 2624 1677 2679 forsitan
1730 2626 2005 2681 dicentes:

426 2713 638 2770 ilsrael
665 2712 887 2784 projecit
933 2715 1094 2769 bona.
1122 2736 1140 2766 ι
1172 2713 1308 2770 Cum
1365 2718 1509 2770 enim
1572 2716 1759 2772 liceret
1805 2732 1868 2774 ea
1911 2718 2009 2772 ba-

420 2808 572 2871 bere,
607 2806 768 2874 idque
811 2806 1039 2871 aifatim,
1083 2821 1205 2860 cum
1274 2807 1385 2861 Deo
1440 2808 1826 2875 constabilitos,
1861 2820 1912 2862 et
1956 2809 2004 2864 ei

418 2896 611 2964 placita
653 2897 707 2949 in
754 2910 891 2965 Opus
922 2897 1174 2951 conferre
1205 2899 1406 2964 enisos,
1437 2915 1455 2947 ι
1493 2897 1769 2953 inimicum
1823 2914 2004 2968 perse-

415 2987 530 3041 cuti
562 2998 728 3052 sunt,
760 3006 779 3038 ι
823 2988 927 3042 hoc
995 2996 1098 3052 est,
1137 2995 1346 3041 tantum
1404 3004 1510 3042 non
1572 2998 1761 3058 sponte
1796 3005 1890 3043 sua
1938 2991 2006 3045 ad

418 3079 671 3133 inimicos
733 3088 1128 3143 cucurrerunt,
1182 3088 1237 3134 et
1283 3079 1382 3134 sub
1448 3089 1770 3148 potestatem
1837 3081 2000 3135 Deum

420 3169 726 3224 odientinm
771 3168 975 3224 redacti
996 3177 1143 3236 sunt,
1174 3183 1389 3240 semper
1418 3178 1658 3225 tuentem
1683 3170 2003 3226 ctadversa-

420 3263 521 3319 riis
571 3261 904 3316 valentiores
956 3260 1299 3325 reddentem,
1334 3276 1562 3330 quorum
1606 3262 2003 3317 defectionibus

418 3355 596 3411 fuerat
627 3354 890 3409 irritatus.
916 3352 1386 3424 Sapientissimnm
1416 3352 1579 3424 igitur
1604 3368 1835 3422 vereque
1873 3354 2004 3409 utile

418 3447 622 3504 factum
682 3446 946 3501 malorum
1008 3444 1401 3514 experientiam
1466 3458 1573 3499 non
1636 3454 2000 3514 exspectare;

416 3539 511 3592 sed
556 3536 733 3591 adhuc
770 3536 1050 3591 absentem
1097 3535 1381 3605 repudiare
1416 3543 1470 3589 et
1504 3537 1741 3590 aversari
1801 3536 2000 3605 potius,

416 3639 471 3685 et
507 3628 897 3683 antevertendo
926 3627 996 3681 ad
1029 3626 1394 3682 conducibilia
1460 3626 1833 3697 perspicienda
1868 3642 2001 3682 con-

416 3720 658 3774 tendere.

491 3807 657 3864 Vsas.
695 3808 747 3862 4.
774 3806 1130 3875 Sibimetipsis
1164 3815 1532 3877 regnaverunt,
1568 3816 1615 3861 et
1644 3823 1748 3861 non
1794 3823 1885 3875 per
1921 3823 2003 3862 me

414 3902 676 3971 principes
710 3901 1041 3961 exstiterunt,
1078 3908 1125 3951 et
1164 3914 1269 3951 non
1303 3899 1666 3951 indicaverunt
1704 3898 1854 3952 mihi.
1905 3899 2004 3952 Ar-

414 4004 628 4063 gentum
653 4010 807 4047 suum
853 4004 901 4047 et
935 4008 1127 4046 aurum
1176 4007 1332 4046 suum
1391 3991 1621 4059 fecerunt
1671 3990 1769 4045 sibi
1832 3990 1999 4058 idola,

416 4094 474 4136 ut
528 4084 847 4145 dispereunt.

487 4172 798 4228 LXXXVII.
852 4170 966 4227 Non
1004 4173 1253 4243 agnoscit
1302 4187 1529 4244 regnum
1560 4182 1616 4228 et
1657 4171 1997 4240 Jeroboami,

415 4275 470 4322 ct
505 4266 835 4335 reliquorum
886 4266 1143 4334 deinceps
1179 4279 1365 4335 regum
1418 4266 1580 4320 Israel
1610 4266 1663 4320 in
1712 4265 1956 4321 Samaria
1982 4307 1997 4332 ,

2109 1886 2395 1957 πρύτανιν,
2437 1886 2549 1939 ἀλλ’
2585 1886 2706 1938 οὐδὲ
2735 1887 2857 1948 ταῖς
2902 1884 3274 1955 καθηκούσαις
3316 1882 3691 1953 εὐχαριστίαις

2106 1979 2481 2047 τετιμηκότες,
2514 1977 2812 2048 ἐπειδήπερ
2839 1979 2896 2029 ἐν
2922 1976 2999 2047 τῷ
3041 1975 3232 2029 πλάτει
3259 1978 3357 2047 τῆς
3384 1973 3689 2045 εὐημερίας

2106 2069 2438 2138 ἠγνοήκασιν
2471 2066 2651 2132 αὐτὸν,
2687 2066 2801 2119 ἀλλ’
2831 2062 2924 2119 οῦν
2955 2063 3190 2118 εἴσονται
3232 2063 3493 2125 παθόντες
3516 2061 3552 2116 ἃ
3582 2062 3687 2125 δεῖ,

2108 2158 2325 2228 καὶτῆς
2356 2156 2561 2211 ἑαυτῶν
2596 2156 2916 2220 δυσϐουλίας
2944 2159 3022 2221 εἰς
3069 2153 3263 2225 πικρόν
3291 2171 3349 2205 τε
3379 2154 3472 2207 καὶ
3511 2153 3688 2205 ἀπευο

2108 2250 2234 2304 κτὸν
2272 2250 2626 2322 καταίροντες
2662 2249 2834 2317 τέλος,
2882 2248 3259 2321 κεκράξονται,
3306 2248 3397 2300 καὶ
3432 2244 3690 2298 ἐπικαλέ-

2109 2360 2292 2397 σονται
2345 2344 2521 2413 μόλις,
2555 2343 2755 2407 δειναῖς
2802 2359 2861 2396 τε
2916 2342 3010 2395 καὶ
3047 2341 3366 2411 ἀνηκέστοις
3412 2335 3689 2408 ἐνολισθή·

2110 2451 2301 2498 σαντες
2337 2437 2666 2505 συμφοραῖς.
2708 2433 3017 2503 Σύμϐουλον
3052 2432 3107 2486 δὲ
3150 2431 3338 2502 ὥσπερ
3368 2430 3466 2501 τὴν
3504 2428 3689 2482 αὐτῶν

2106 2526 2215 2581 τῶν
2252 2526 2442 2579 δεινῶν
2492 2526 2776 2596 δεξάμενοι
2825 2528 3041 2595 πεῖραν,
3085 2524 3522 2595 κατηγορήσουσι
3565 2521 3689 2573 τότε

2106 2618 2206 2689 τῆς
2230 2617 2436 2671 ἑαυτῶν
2468 2618 2743 2689 εὐηθείας,
2778 2618 2952 2671 ἐκεῖνό
2980 2633 3080 2671 που
3107 2616 3378 2686 λέγοντες,
3409 2633 3427 2667 ι
3470 2610 3689 2684 Ἰσραήλ

2108 2711 2487 2781 ἀπεστρέψατο
2530 2710 2729 2778 ἀγαθά.
2779 2730 2796 2762 ι
2849 2709 2997 2774 Ἐξὺν
3047 2709 3158 2779 γὰρ
3193 2708 3335 2779 ἔχειν
3378 2707 3535 2772 αὐτὰ,
3590 2702 3689 2758 καὶ

2107 2801 2265 2855 τοῦτο
2304 2801 2595 2866 πλουσίως,
2642 2800 3067 2873 ἐρηρεισμένους
3122 2799 3260 2871 μετὰ
3292 2796 3450 2865 Θεοῦ,
3482 2796 3575 2851 καὶ
3616 2798 3690 2851 τὰ

2108 2894 2255 2965 αὐτῷ
2274 2894 2534 2949 δοκοῦντα
2558 2894 2925 2965 διαπεραίνειν
2950 2888 3008 2947 εὖ
3037 2892 3183 2963 μάλα
3204 2889 3685 2957 διεσπουδακότας,

2113 3002 2131 3036 ι
2156 2984 2379 3055 Ἐχθρὸν
2408 2984 2793 3051 κατεδίωξαν,ι
2820 2985 3085 3049 τουτέστι,
3108 2984 3389 3055 μονονουχὶ
3417 2984 3509 3036 καὶ
3532 2982 3687 3035 ἐκόν-

2107 3093 2198 3140 τες
2230 3076 2384 3130 αὐτοὶ
2411 3076 2786 3150 δεδραμήκασι
2820 3078 2956 3149 πρὸς
2991 3064 3240 3150 ἐχθροὺς,
3270 3077 3362 3132 καὶ
3388 3076 3491 3129 ὑπὸ
3524 3078 3687 3148 χεῖρα

2105 3170 2362 3239 γεγόνασι
2410 3172 2518 3225 τῶν
2564 3174 2970 3244 μεμισηκὸτων,
3008 3174 3100 3227 τὸν
3132 3175 3220 3229 ἀεὶ
3260 3174 3499 3238 σώζοντα
3526 3171 3684 3239 Θεὸν,

2104 3265 2195 3317 καὶ
2224 3265 2483 3334 ἀμείνους
2524 3265 2741 3319 τιθέντα
2769 3265 2877 3319 τῶν
2919 3264 3351 3337 ἀνθεστηκότων,
3384 3268 3504 3329 ταῖς
3547 3265 3690 3318 ἀπο-

2106 3358 2351 3419 στασίαις
2379 3358 2766 3429 λελυπηκότες.
2827 3358 3108 3428 Πάνσοιρον
3145 3354 3238 3413 οὖν
3277 3359 3384 3431 ἄρα
3422 3358 3516 3412 καὶ
3554 3358 3685 3429 ὁνηο

2105 3447 2323 3519 σιφόρον
2342 3449 2579 3519 ἀληθῶς,
2605 3450 2666 3503 τὸ
2690 3451 2765 3521 μὴ
2782 3449 2879 3521 τὴν
2898 3450 3006 3503 τῶν
3026 3450 3214 3505 δεινῶν
3232 3449 3544 3521 ἐκδέχεσθαι
3574 3451 3690 3503 πεῖ-

2107 3556 2235 3609 ραν·
2262 3540 2648 3611 παραιτεῖσθαι
2692 3540 2748 3594 δὲ
2796 3541 2996 3611 μᾶλλον
3039 3541 3283 3595 ἀποῦσαν
3310 3540 3414 3605 ἔτι,
3453 3541 3549 3594 καὶ
3576 3540 3688 3611 πρὸ

2104 3630 2271 3701 αὐτῆς
2307 3630 2624 3700 ἐπείγεσθαι
2662 3632 2956 3703 καταθρείν
2988 3632 3048 3685 rb
3084 3632 3382 3703 συμφέρον.

2184 3804 2456 3872 Ἐαυτοῒς
2483 3806 2911 3871 ἐϐασίλευσαν,
2944 3806 3041 3860 καὶ
3074 3808 3145 3861 οὐ
3190 3806 3262 3861 δι’
3292 3806 3439 3875 ἐμοῦ
3466 3802 3683 3877 ἦρξαν,

2103 3895 2202 3949 καὶ
2232 3898 2344 3950 οὐκ
2376 3896 2711 3966 ἐγνώρισάν
2738 3915 2863 3966 μοι.
2921 3897 2991 3951 Τὸ
3040 3897 3324 3967 ἀργύριον
3362 3896 3561 3951 αὐτῶν
3584 3897 3685 3950 καὶ

2101 3988 2168 4041 τὸ
2200 3990 2459 4058 χρυσίον
2477 3988 2675 4044 αὐτῶν
2697 3990 2995 4058 ἐποίησαν
3024 3989 3228 4055 αὐτοῖς
3257 3988 3494 4053 εἴδωλα,
3523 3988 3685 4053 ὅπως

2103 4079 2639 4149 ἐξολοθρευθῶσιν.

2174 4174 2297 4227 IlZ'.
2345 4174 2613 4244 Ἀρνεῖται
2659 4175 2760 4246 τὴν
2807 4172 3081 4244 βασιλείαν
3133 4173 3233 4241 τήν
3274 4189 3332 4225 τε
3376 4170 3473 4224 τοῦ
3511 4171 3683 4241 Ἰερο-

2102 4264 2268 4335 ϐοὰμ,
2287 4265 2383 4318 καὶ
2394 4266 2501 4320 τῶν
2518 4266 2753 4336 καθεξῆς
2767 4265 3228 4337 βεϐασιλευκότων
3244 4264 3335 4317 ἐπὶ
3348 4264 3439 4317 τὸν
3464 4263 3683 4336 Ἰσραὴλ

416 4356 667 4427 quamvis
704 4356 817 4425 ipse
850 4369 1107 4425 expresse
1155 4354 1377 4421 dixerit,
1409 4372 1427 4406 ι
1455 4355 1491 4409 Α
1518 4370 1604 4409 me
1645 4354 1850 4410 factum
1918 4364 2001 4410 est

2115 4360 2159 4410 ὲν
2200 4360 2265 4428 τῇ
2313 4358 2616 4430 Σαμαρείᾳ,
2672 4358 2846 4412 καίτοι
2875 4357 3167 4441 διαρρήδην
3202 4356 3363 4419 αὐτὸς
3416 4353 3679 4427 εἰρηκὼς,

416 4453 639 4504 verbum
677 4448 780 4503 hoc
814 4449 916 4510 ’⁸,ι
966 4456 1022 4500 et
1052 4446 1286 4500 minatus
1311 4447 1383 4501 sit
1419 4446 1695 4501 Salomoni
1734 4446 1858 4516 ipsi,
1906 4447 1996 4516 qui

2115 4448 2184 4499 ὅτι
2221 4466 2239 4498 ι
2280 4448 2418 4519 Παρ’
2451 4448 2584 4517 ἐμοῦ
2618 4448 2807 4517 γέγονε
2833 4449 2893 4503 rb
2916 4450 3066 4520 ῥῆμα
3094 4448 3280 4501 τοῦτο·
3321 4466 3339 4498 ι
3377 4446 3683 4516 ἀπειλήσας

431 4538 754 4609 alienigenis
804 4536 1123 4589 mulieribus
1149 4534 1461 4599 obsecutus,
1489 4535 1745 4603 templum
1775 4545 1828 4591 et
1874 4552 1997 4592 aras

2115 4535 2158 4589 ῑὲ
2189 4537 2286 4589 καὶ
2310 4535 2457 4606 αὐτῷ
2486 4536 2757 4607 Σολομῶνι
2789 4540 2908 4601 ταῖς
2932 4537 3040 4590 τῶν
3070 4537 3380 4606 ἀλλοφύλων
3406 4535 3682 4604 γυναικῶν

416 4631 632 4687 illarum
683 4628 993 4683 numinibus
1018 4634 1416 4691 construxerat,
1468 4626 1554 4682 his
1586 4628 1764 4683 verbis
1795 4644 1809 4681 :
1845 4647 1863 4681 ι
1900 4629 1989 4684 Di-

2115 4627 2524 4698 ίκολουθήσαντι
2580 4629 2847 4700 γνώμαις,
2902 4631 2995 4683 καὶ⁴
3047 4632 3247 4701 τεμένη
3309 4631 3403 4683 καὶ
3464 4630 3683 4699 βωμοὺς

415 4723 657 4777 scindam
705 4735 929 4791 regnum
958 4729 1131 4781 tuum,
1165 4726 1220 4771 et
1243 4717 1384 4773 dabo
1422 4716 1549 4773 illud
1584 4735 1740 4775 servo
1781 4722 1988 4777 ιυου.»

2115 4722 2206 4783 ῖοίς
2250 4720 2475 4774 ἐκείνων
2525 4720 2863 4790 σεϐάσμασιν
2911 4721 3301 4787 ἀνατεθεικότι,
3355 4722 3436 4775 ὅτι
3470 4739 3487 4772 ι
3523 4722 3684 4791 Διαρ·

415 4814 557 4881 Quid
602 4814 846 4869 dicemus
895 4808 1106 4883 igitur?
1156 4807 1497 4879 falsiloquum
1551 4824 1673 4865 esse
1715 4812 1999 4869 universo-

2115 4810 2246 4881 δ’ήξω
2288 4811 2389 4881 τὴν
2421 4810 2697 4881 βασιλείαν
2738 4828 2855 4877 σου,
2884 4815 2976 4868 καὶ
3008 4814 3165 4868 δώσω
3206 4814 3374 4884 αὐτὴν
3405 4812 3482 4883 τῷ
3509 4812 3685 4884 δούλῳ

418 4919 537 4957 rum
566 4904 777 4959 Deum?
806 4904 977 4959 absit!
1013 4901 1194 4973 potius
1216 4901 1283 4956 ad
1309 4909 1506 4956 rectam
1532 4901 1801 4957 dictorum
1838 4904 1995 4959 intel-

2115 4921 2213 4957 ron.
2245 4922 2264 4956 ι
2297 4904 2363 4957 Τί
2389 4899 2482 4959 οῦν
2503 4905 2770 4976 ὲροῦμεν;
2801 4906 3074 4978 ψευδοεπῆ
3102 4909 3191 4961 τὸν
3214 4906 3320 4959 τῶν
3342 4907 3477 4959 ὅλων
3506 4905 3639 4957 Θεόν
3666 4924 3682 4969 ;

417 4996 691 5066 ligentiam
744 5012 844 5052 nos
876 4996 1144 5061 dabimus,
1177 4991 1480 5066 cogitantes
1526 4992 1677 5047 illud.
1715 4992 1989 5063 Scriptum

2115 4995 2189 5065 ι1ὴ
2219 4994 2459 5063 γένοιτο·
2491 4995 2875 5068 τετραψόμεθα
2906 4997 2963 5049 δὲ
3012 4996 3211 5065 μᾶλλον
3240 4995 3333 5047 ἐπὶ
3377 4995 3437 5047 τὸ
3483 4996 3683 5065 χρῆναι

388 5066 394 5081 ,
417 5097 502 5143 est
521 5088 597 5138 ’δι
626 5087 776 5141 «Non
795 5097 877 5142 est
892 5088 1093 5141 malum
1120 5088 1173 5142 in
1197 5088 1434 5152 civitate,
1454 5088 1595 5156 quod
1615 5101 1721 5140 non
1740 5086 1864 5141 fecit
1888 5088 1990 5142 Do-

2115 5089 2315 5158 ρρονείν
2376 5088 2573 5160 ὀρθῶς,
2636 5066 3017 5160 περινοοῦντες
3072 5089 3265 5141 ἐκεῖνο.
3323 5087 3681 5156 Γέγραπται,

418 5179 619 5233 minus.
652 5191 674 5227 ι
696 5174 893 5229 Malum
920 5176 1155 5246 appellat
1173 5175 1537 5233 aﬂiictionem.
1566 5174 1674 5230 Res
1702 5178 1845 5231 enim
1863 5176 1996 5233 alias

2115 5197 2118 5228 ι
2155 5179 2245 5248 Μή
2278 5180 2393 5232 ἐστι
2418 5180 2586 5233 κακία
2616 5181 2675 5233 ὲν
2698 5180 2871 5240 πόλει,
2904 5181 2970 5249 ἣν
2997 5177 3200 5247 Κύριος
3224 5178 3324 5230 οὐκ
3355 5178 3615 5248 ἐποίησε;
3658 5198 3678 5229 ι

418 5271 533 5338 ipse
550 5282 647 5322 sua
669 5266 941 5322 sententia
960 5280 1022 5321 ac
1045 5265 1326 5323 voluntate
1349 5267 1483 5323 facit
1508 5282 1523 5321 :
1554 5267 1714 5339 119
1728 5268 1861 5324 alias
1878 5267 1995 5325 fieri

2115 5270 2308 5326 ὶακίαν
2323 5271 2379 5323 δὲ
2404 5272 2553 5341 λέγει
2579 5271 2676 5343 τὴν
2708 5272 2969 5326 κάκωσιν.
2997 5270 3077 5324 Τὰ
3106 5270 3204 5340 μέν
3230 5269 3340 5341 γὰρ
3366 5270 3473 5323 τῶν
3503 5287 3678 5339 πραγι

418 5362 703 5431 permittit,
730 5368 789 5414 ut
840 5359 1033 5429 puniat
1065 5358 1348 5429 quosdam,
1377 5364 1593 5416 tametsi
1628 5364 1763 5416 citra
1812 5362 1995 5416 volun-

2115 5364 2286 5418 κάτων
2316 5364 2476 5428 αὐτὸς
2513 5367 2632 5419 κατ’
2662 5365 2799 5419 ίδίαν
2825 5362 3119 5433 ἐργάζεται
3147 5361 3394 5433 γνώμην,
3416 5362 3484 5416 τὰ
3505 5363 3560 5416 δὲ
3585 5363 3683 5414 καὶ

416 5464 583 5509 tatem
632 5454 749 5523 ejus
781 5452 930 5507 fiant.
970 5450 1108 5518 Quia
1141 5465 1273 5506 vero
1319 5468 1440 5507 cum
1488 5454 1775 5522 prohibere
1804 5456 1993 5525 possit,

2115 5456 2341 5523 τίνεσθαι
2377 5460 2672 5528 συγχωρεῖ,
2706 5455 2949 5518 κολάζων
2979 5455 3152 5519 τινὰς,
3189 5455 3292 5509 κᾶν
3315 5457 3363 5508 εί
3391 5453 3684 5524 πράττοιτό

414 5543 833 5615 sinitquidpiam
847 5539 1239 5611 dispensatorie
1266 5556 1637 5613 smpeuutnero
1659 5543 1797 5608 ﬁeri,
1831 5546 1995 5600 etiam

2115 5565 2215 5610 τως
2247 5547 2587 5617 ἀνεθελήτως
2619 5550 2792 5619 αὐτῷ.
2837 5548 3057 5620 Ἐπειδὴ
3094 5548 3151 5603 δὲ
3182 5548 3411 5602 κωλύειν
3448 5545 3683 5616 δυνάμε-

487 5726 533 5759 ¹¹
557 5723 755 5783 Thren.
799 5740 838 5791 t,
866 5725 915 5779 1.
991 5724 1036 5756 ²²
1064 5721 1127 5777 lll
1163 5721 1294 5793 Reg.
1325 5739 1417 5788 XII,
1450 5720 1538 5776 30.
1615 5722 1662 5753 ’³
1694 5722 1754 5777 Ill
1793 5724 1925 5795 Reg.
1954 5743 2003 5779 x1

2115 5727 2152 5781 Β.
2233 5729 2276 5758 ³⁸
2303 5727 2469 5781 Amos
2497 5744 2577 5783 ιιι.
2616 5730 2645 5772 δέ
