3898 6212
197 239 292 296 20!

1127 231 1677 290 LOMMENTARIUS
1717 229 1781 285 IN
1809 228 2040 285 OSEAM
2081 227 2523 284 I’IIOI’HETAM.

3353 237 3459 293 202

198 371 309 418 νος,
335 351 526 422 ἐφίησι
571 368 624 404 τι
676 351 772 404 καὶ
806 349 1050 420 γίνεσθαι
1097 351 1357 414 πολλάκις
1407 349 1783 420 οἰκονομικῶς,

1891 346 2006 401 hare
2065 345 2316 414 operari,
2375 361 2670 415 eorumque
2733 356 2919 402 auctor
2979 347 3193 403 dicitur.
3259 347 3457 404 Exem-

197 444 273 507 ὡς
295 444 462 506 αὐτὸς
491 443 756 514 ὑπάρχων
788 442 1025 512 ἐργάτης
1050 443 1144 494 καὶ
1169 440 1374 494 τούτων
1394 441 1628 508 λέγεται.
1656 434 1780 492 Οἷον

202 535 311 607 (ἐπ’
355 534 523 587 αὐτὸν
551 533 660 603 γὰρ
707 533 806 604 ἤδη
849 533 939 585 τὸν
982 531 1272 602 Σολομῶνα
1304 529 1652 601 βαδιούμεθα)
1698 529 1784 582 δέ-

197 624 339 676 δωκε
374 623 473 692 μὲν
503 621 613 690 γὰρ
629 621 778 690 αὑτῴ
819 621 910 674 τὸν
949 622 1014 673 ἐκ
1060 620 1222 674 λίθων
1247 621 1304 674 ὲν
1340 623 1452 683 τοῖς
1493 617 1783 690 Ἱεροσολύ-

203 732 326 785 μοις
378 712 776 783 ἀναδείμασθαι
833 712 979 777 ναὸν,
1033 713 1195 781 σοφὸν
1238 711 1509 772 ἀπετέλει,
1552 709 1644 761 καὶ
1694 709 1781 759 ἐπ’

199 806 521 876 ἀσυγκρίτῳ
563 803 776 857 συνέσει
809 804 1107 875 διαπρεπῆ.
1147 805 1347 876 Ἔργον
1384 803 1541 854 τοῦτο
1564 801 1662 870 τῆς
1686 801 1783 853 αὑ-

199 892 294 946 τοῦ
325 892 575 962 γνώμης.
611 891 1042 963 Συγκεχὼρηκεν
1076 891 1242 945 αὐτοῦ
1287 892 1516 962 ῥαγῆναι
1555 891 1652 962 τὴν
1684 890 1781 960 βα·

203 984 430 1048 σιλείαν,
459 984 560 1036 οὐκ
584 984 745 1048 αὐτὸς
775 985 854 1047 είς
885 970 1043 1038 τοῦτο
1069 983 1210 1038 κατά
1235 982 1458 1054 γνώμην
1492 983 1626 1036 ἰδίαν
1647 983 1783 1035 ἀπο-

202 1078 388 1148 φέρων
431 1077 500 1129 τά
551 1076 874 1147 πράγματα,
926 1077 1149 1130 σιωπῶν
1195 1076 1252 1128 δὲ
1295 1075 1503 1147 ὥσπερ,
1554 1077 1647 1129 καὶ⁹
1691 1076 1782 1128 ἐπὶ

199 1175 312 1233 τοῖς
341 1170 686 1240 ἀϐουλήτοις,
719 1169 807 1223 διὰ
853 1168 952 1240 τὴν
1004 1170 1140 1240 πρὸς
1184 1169 1346 1223 αὑτὸν
1389 1169 1780 1239 ἀγανάκτησιν.

201 1263 416 1317 Οὐκοῦν
443 1265 495 1315 εί
526 1263 620 1315 καὶ
649 1262 1036 1332 βεϐασίλευκεν
1075 1262 1380 1334 Ἱεροϐοάμ,
1423 1263 1517 1315 καὶ
1561 1262 1611 1313 οἱ
1651 1259 1783 1312 καθ-

200 1355 348 1424 εξῆς,
375 1354 494 1407 ἀλλ’
523 1355 646 1424 οὐχὶ
682 1355 739 1406 δὲ
764 1355 980 1418 πάντως
1007 1355 1142 1408 Θεοῦ
1178 1354 1538 1416 συννεύοντος.
1572 1352 1650 1404 Τά
1676 1352 1783 1420 γὰρ

200 1447 260 1511 ἐξ
284 1448 456 1517 ὀργῆς
485 1447 584 1516 τῆς
610 1445 748 1516 πρός
773 1463 924 1510 τινας
970 1446 1045 1509 ὡς
1073 1447 1130 1498 ἐν
1155 1445 1374 1500 κολάσει
1397 1443 1780 1514 συμϐαίνοντα,

200 1541 401 1610 τρόπον
427 1540 617 1610 ἕτερον
646 1540 782 1609 ἔχει,
817 1539 912 1591 καὶ
934 1538 1032 1590 οὐκ
1060 1538 1124 1591 ἂν
1155 1539 1324 1590 νοοῖτο
1345 1535 1570 1589 τοιαῦτα
1597 1531 1780 1602 τυχὸν,

199 1633 359 1685 ὁποῖά
387 1648 492 1702 πρ
515 1633 583 1685 ἂν
610 1631 696 1701 εἴη
726 1630 794 1683 τά
813 1629 955 1683 κατὰ
984 1627 1239 1698 βούλησιν
1261 1626 1498 1692 άληθῶς.
1541 1624 1783 1684 Ἐαυτοῖς

1884 438 1955 509 pli
1985 453 2145 493 causa
2172 437 2192 508 (
2217 448 2277 494 ut
2308 440 2373 492 ad
2406 437 2749 494 Salomouem
2787 440 3065 496 veniamus
3097 441 3287 512 )dedit
3343 442 3456 508 illi,

1884 529 1948 585 de
1968 529 2501 598 lapidibustemplum
2532 528 2917 601 Hierosolymis
2943 533 3218 600 excitare;
3250 533 3458 601 sap-icu-

1887 621 1955 674 tia
2003 618 2454 688 perfectissimum
2514 631 2568 675 et
2627 622 3033 692 incomparabili
3101 623 3455 693 intell‘geutia

1884 713 2228 780 conspicuum
2287 709 2536 766 reddidit.
2573 711 2718 781 Opus
2755 713 2857 768 hoc
2908 712 3008 768 fuit
3040 714 3332 769 voluntatis
3375 715 3456 782 ip-

1885 801 2016 855 sius.
2071 799 2324 856 Permisit
2365 802 2482 871 ejus
2532 819 2752 872 regnum
2798 804 2991 868 scindi,
3042 820 3145 859 non
3193 805 3306 874 ipse
3348 805 3456 859 huc

1884 889 2156 946 voluntate
2205 907 2300 946 sua
2333 907 2444 947 rem
2478 893 2796 962 perducens,
2821 897 2910 948 sed
2938 905 3157 966 propter
3206 895 3454 964 indigna-

1883 982 2084 1036 tionem
2135 983 2394 1038 adversus
2428 985 2805 1054 ipsnm,qnasi
2855 1003 3015 1056 super
3081 987 3456 1041 involuntariis

1887 1081 2089 1126 tacens.
2147 1071 2507 1138 Quamobrem
2555 1075 2656 1128 etsi
2714 1084 3006 1145 regnarunt
3059 1074 3345 1131 Jeroboam
3399 1084 3456 1129 et

1885 1177 2225 1220 successores
2262 1164 2397 1234 ejus,
2437 1181 2544 1221 non
2570 1174 2748 1221 tamen
2769 1166 2879 1222 Deo
2908 1167 3066 1237 plane
3119 1168 3455 1238 approbante

1884 1263 2192 1325 regnarunt.
2219 1255 2347 1322 Quae
2377 1256 2521 1310 enim
2559 1272 2625 1311 ex
2655 1257 2734 1310 ira
2782 1257 3070 1312 adversum
3105 1258 3314 1328 aliquos
3336 1258 3453 1313 loco

1884 1362 2056 1416 paena:
2101 1348 2439 1416 contingunt,
2475 1347 2633 1402 aliam
2668 1348 2931 1402 rationem
2969 1348 3188 1414 habent,
3216 1364 3316 1404 nec
3340 1364 3456 1419 pos-

1884 1446 2009 1491 sunt
2063 1436 2202 1491 forte
2249 1438 2374 1490 talia
2424 1437 2668 1506 intelligi,
2707 1438 2889 1506 qualia
2940 1453 3060 1507 quae
3093 1454 3215 1494 vere
3265 1453 3456 1494 secun-

1885 1527 2011 1580 dum
2057 1526 2384 1581 voluntatem
2433 1526 2588 1582 fiunt.
2618 1529 2980 1598 Sibimetipsis
3007 1529 3191 1599 igitur,
3221 1543 3326 1584 non
3360 1542 3458 1596 per
3501 1516 3512 1530 ’

1887 1630 1972 1669 me
2028 1625 2336 1687 regnarunt.
2388 1616 2680 1687 Postquam
2743 1628 2926 1672 autem
2978 1619 3248 1688 principes
3290 1619 3458 1674 exsti-

199 1721 491 1792 τοιγαροῦν
524 1720 964 1791 βεδασιλεύκασι,
999 1720 1092 1773 καὶ
1121 1721 1181 1772 οὐ
1208 1719 1277 1771 δι’
1303 1717 1456 1787 ἐμοῦ.
1493 1713 1708 1784 Ἐπειδὴ
1727 1712 1784 1765 δὲ

1889 1714 2088 1771 terunt,
2117 1715 2320 1761 tantum
2352 1723 2458 1761 non
2483 1709 2757 1764 nesciente
2786 1709 2895 1763 Deo
2926 1714 2942 1778 (
2970 1711 3119 1778 quod
3152 1711 3296 1766 enim
3321 1725 3458 1779 prac-

207 1811 402 1885 ἦρξαν,
424 1813 712 1884 μονονουχὶ
745 1811 879 1885 μηδὲ
911 1811 1207 1880 ἐγνωκότος
1227 1809 1360 1862 Θεοῦ
1388 1809 1469 1878 (τὸ
1495 1807 1602 1878 γὰρ
1635 1804 1786 1876 παρὰ

203 1905 430 1975 γνώμην
484 1903 612 1957 οὐδὲ
656 1904 854 1956 εἰδέναι
899 1903 1086 1970 δοκεῖ),
1117 1901 1366 1968 ιγὲγονεν
1408 1897 1638 1966 ἀσθενὴς
1694 1895 1787 1948 καὶ

201 1999 474 2061 εῶάλωτος
504 2000 538 2068 ἡ
578 1997 742 2068 ἀρχὴ,
796 1996 887 2049 καὶ
920 1996 1188 2058 ἀνικάνως
1223 1993 1420 2063 ἔχουσα
1467 1990 1604 2059 πρὸς
1638 1987 1785 2041 ἀντί-

204 2106 412 2151 στασιν,
449 2091 545 2142 καὶ
599 2087 882 2150 διασώζειν
920 2086 1018 2155 οὐχ
1044 2081 1134 2138 οἷά
1176 2100 1236 2135 τε
1274 2082 1402 2145 τοὺς
1443 2077 1782 2148 ὑπεζευγμέ-

203 2197 341 2242 νους.
379 2196 400 2229 ι
431 2179 514 2231 Δι’
545 2177 710 2230 αὐτοῦ
745 2177 853 2248 γὰρ
890 2175 1126 2245 βασιλεῖς
1174 2174 1534 2244 βασιλεύουσι,
1572 2171 1664 2224 καὶ
1693 2169 1784 2222 τύ-

206 2289 384 2341 ραννοι
442 2269 706 2342 κρατοῦσι
749 2272 870 2339 γῆς.
912 2287 930 2320 ι
967 2269 1085 2320 Ὂτι
1140 2266 1196 2318 δὲ
1235 2263 1433 2334 πολλὴν
1474 2264 1564 2315 ἐπὶ
1609 2265 1782 2332 τούτῳ

205 2363 448 2415 νοσοῦσιν
499 2361 879 2430 ἀναισθησίαν,
928 2361 1020 2412 καὶ
1072 2362 1182 2422 τοῖς
1211 2356 1410 2410 δοθεῖσι
1455 2355 1605 2425 παρὰ
1647 2353 1781 2408 Θεοῦ

204 2455 336 2524 trp";
385 2453 484 2523 τὴν
536 2454 661 2507 κατ’
688 2452 852 2507 αὑτοῦ
898 2453 1074 2523 λύπην
1109 2451 1428 2521 ἐχρήσαντο,
1487 2448 1686 2519 μᾶλλον
1725 2446 1784 2500 δὲ

205 2547 294 2600 καὶ
340 2548 424 2609 εἰς
461 2545 682 2617 ὀλεθρον
725 2543 834 2597 τῶν
889 2543 1034 2596 ἰδίων
1075 2543 1286 2613 ψυχῶν,
1329 2537 1563 2604 ἐδίδαξεν
1591 2538 1780 2592 εἰπών’

207 2658 224 2689 t
265 2638 340 2691 Τὸ
369 2637 634 2710 ἀργύριον
656 2636 854 2700 αὐτῶν,
898 2635 993 2688 καὶ
1021 2634 1080 2686 τὸ
1111 2633 1334 2704 χρυσίον
1369 2631 1629 2700 ἐποίησαν
1654 2632 1781 2684 ἑαυο

202 2733 312 2793 τοῖς
346 2730 564 2795 εἴδωλα,
611 2731 759 2791 ὅπως
801 2725 1273 2798 ὲξολοθρευθῶσιν.
1309 2742 1328 2776 ι
1364 2721 1526 2778 Ὅθεν
1572 2723 1680 2792 γὰρ
1714 2717 1782 2792 ἧν

203 2821 404 2882 αὐτοὺς
441 2819 746 2887 εὐδοκιμεῖν
796 2816 1075 2881 δύνασθαι,
1112 2814 1584 2884 κατοικτείροντας
1631 2812 1782 2865 ἁδελ-

204 2915 353 2983 φοὺς,
385 2912 636 2966 ἐντεῦθεν
662 2911 781 2981 Θεῷ
809 2908 1228 2981 προσκρούουσι,
1261 2907 1355 2960 καὶ
1381 2906 1479 2976 τῆς
1513 2905 1783 2975 σωτηρίας

204 3006 289 3057 τὸν
317 3006 529 3074 τρόπον
550 3003 932 3072 μετανιστᾶσιν
953 3000 1194 3062 ἀδούλως
1232 2998 1322 3052 ἐπί
1351 3014 1415 3067 γε
1443 2997 1504 3050 τὸ
1534 2995 1593 3060 ἐξ
1617 2993 1779 3048 αὑτοῦ

205 3097 512 3150 διόλλυσθαι
535 3095 666 3147 δεῖν.

288 3188 635 3254 Ἀπότριψαι
680 3187 786 3239 τὸν
824 3186 1064 3254 μόσχον
1097 3201 1234 3247 σου,
1276 3180 1590 3250 Σαμάρεια,
1637 3193 1783 3246 παρ-

207 3281 444 3347 ωξύνθη
471 3283 504 3333 ό
534 3281 721 3347 θυμός
743 3295 862 3354 μου
891 3278 983 3330 ἐπ’
1004 3274 1182 3341 αὐτῷ.
1211 3277 1358 3341 Ἕως
1394 3275 1557 3338 τίνος
1596 3273 1667 3325 οὐ
1693 3269 1780 3339 μὴ

209 3370 503 3424 δύνωνται
525 3366 949 3436 καθιερωθῆναι
973 3369 1043 3420 ἐν
1069 3366 1148 3431 τῷ
1192 3363 1474 3433 Ἰσραήλ;
1502 3361 1608 3416 Καὶ
1636 3360 1782 3414 αὐτὸ

207 3458 430 3512 τέκτων
458 3457 733 3524 ἐποίησε,
765 3455 863 3509 καὶ
900 3457 970 3510 οὐ
1002 3456 1144 3521 Θεός
1173 3456 1325 3517 ἐστι,
1355 3452 1504 3507 διότι
1537 3448 1785 3505 πλανῶν

207 3547 284 3621 ἦν
303 3555 336 3604 ό
363 3551 602 3620 μόσχος
627 3565 765 3614 σου,
805 3549 1116 3618 Σαμάρεια.

276 3643 410 3695 HH’.
456 3642 546 3704 Ὠς
587 3638 714 3708 εὖγε
755 3639 822 3710 δὴ
871 3639 991 3692 λίαν
1041 3639 1101 3692 τὸ
1135 3657 1152 3689 t
1207 3635 1504 3707 ἀπότριψαι
1557 3653 1574 3684 ι
1615 3634 1782 3702 φησι,

212 3733 282 3796 ὡς
308 3733 401 3785 ἐπὶ⁸
435 3732 674 3802 κηλίδος,
701 3731 794 3784 καὶ
825 3729 1124 3800 μολυσμοῦ,
1157 3728 1249 3781 καὶ
1276 3729 1374 3797 τῆς
1401 3727 1632 3796 ἐσχάτης
1653 3725 1786 3777 ἀκα-

216 3825 474 3895 θαρσίαςῑ
506 3825 676 3877 Τοῦτο
717 3823 828 3893 γὰρ
869 3821 1083 3893 άληθῶς
1122 3821 1221 3891 τῆς
1272 3818 1682 3888 εἰδωλολατρίας
1726 3816 1786 3868 τὸ

215 3915 582 3985 χρῆμα,βδελυ
591 3916 691 3986 ράν
705 3931 764 3967 τε
800 3913 895 3966 καὶ
914 3914 1214 3982 κάκοσμον,
1234 3912 1326 3964 καὶ
1348 3907 1612 3981 κατη[φη]
1620 3909 1786 3979 μένην

216 4007 365 4078 παρά
385 4007 505 4077 Θεῷ
532 4007 632 4077 τὴν
653 4004 748 4057 τοῦ
769 4002 1082 4072 ἀκαθάρτου
1109 4001 1289 4072 ψυχὴν
1311 4000 1626 4054 ἀποτελοῦν.
1649 4000 1721 4051 Συ
1730 4017 1788 4068 μ-

213 4099 456 4152 ϐουλεὺει
503 4098 568 4169 δὴ
599 4093 692 4150 οὖν
730 4096 803 4159 ὡς
845 4094 1257 4166 φιλοικτίρμων,
1295 4094 1389 4146 καὶ
1429 4091 1652 4160 ἀγαθὸς,
1691 4108 1787 4162 με·

212 4192 527 4246 τατίθεσθαι
549 4189 687 4261 πρὸς
709 4189 771 4241 τὸ
791 4188 1036 4258 ἄμεινον,
1071 4187 1165 4240 καὶ
1192 4183 1664 4247 ἀποσκευάζεσθαι
1691 4184 1788 4254 τὴν

213 4285 401 4354 ὀργὴν,
436 4283 533 4335 καὶ
566 4281 663 4343 τὰς
700 4277 806 4333 τῶν
839 4277 1268 4349 συμϐησομένων
1297 4277 1475 4338 αίτίας
1517 4278 1788 4346 περιστεῖ-

1887 1809 1969 1852 ter
2001 1797 2118 1867 ejus
2151 1799 2474 1854 sententiam
2521 1799 2602 1865 fit,
2639 1815 2739 1856 nec
2769 1801 2911 1855 scire
2951 1801 3166 1870 quidem
3197 1801 3453 1871 videtur),

1885 1888 2192 1945 debilitatus
2231 1900 2286 1944 et
2319 1901 2621 1961 expugnatu
2671 1891 2844 1948 facilis
2878 1893 3050 1948 evasit
3093 1894 3452 1962 principatus,

1884 1991 1939 2033 et
1964 1981 2032 2035 ad
2067 1981 2424 2036 resistendum
2459 1982 2782 2047 imbecillus,
2820 1995 2875 2038 et
2901 1984 3166 2053 impotens
3209 1985 3275 2038 ad
3299 1994 3454 2037 tuen-

1885 2071 1981 2125 dos
2031 2071 2320 2142 subjectos.
2368 2089 2386 2123 ι
2418 2071 2520 2128 Per
2574 2073 2749 2142 ipsum
2796 2074 2940 2129 enim
3001 2089 3156 2144 reges
3207 2083 3452 2144 regnant,

1884 2168 1937 2213 et
1971 2161 2181 2230 tyranni
2241 2163 2590 2218 dominantur
2625 2173 2781 2218 terrae
2811 2165 2912 2217 ⁸⁸.»
2946 2161 3097 2234 Ipsos
3123 2172 3300 2218 autem
3327 2179 3455 2232 pro-

1885 2258 2065 2318 pterea
2097 2253 2261 2307 multa
2306 2254 2574 2309 dementia
2617 2255 2886 2321 laborare,
2935 2266 2988 2312 et
3017 2256 3231 2311 donatis
3264 2272 3292 2309 a
3347 2256 3455 2310 Deo

1884 2341 1953 2397 ad
1984 2343 2159 2412 ipsum
2203 2345 2553 2412 irritandum,
2603 2348 2708 2402 imo
2769 2349 2834 2402 ad
2885 2348 3185 2402 animarum
3234 2362 3454 2402 suarum

1883 2437 2177 2506 perniciem
2213 2440 2431 2505 abusos,
2485 2442 2671 2496 docuit
2714 2442 2785 2496 ita
2818 2456 2832 2492 :
2871 2459 2888 2492 ι
2922 2444 3215 2512 Argentum
3264 2451 3320 2496 et
3353 2456 3454 2495 au-

1884 2543 2004 2582 rum
2034 2543 2188 2584 suum
2212 2529 2456 2585 fecerunt
2498 2531 2600 2585 sibi
2632 2533 2796 2597 idola,
2833 2541 2894 2586 ut
2924 2533 3248 2601 dispereant.
3288 2551 3308 2584 ι
3341 2531 3453 2587 Un-

1885 2621 1952 2676 de
1986 2621 2129 2677 enim
2168 2621 2374 2676 laudari
2432 2631 2685 2692 poterant
2721 2624 2789 2678 ab
2834 2623 3107 2688 omnibus,
3138 2639 3205 2679 ex
3224 2611 3453 2679 miseri-

1884 2713 2065 2767 cordia
2106 2714 2158 2767 in
2189 2711 2384 2769 fratres
2429 2724 2733 2784 erogantes,
2777 2715 2898 2769 inde
2943 2714 3109 2771 Deum
3154 2713 3451 2786 oﬁendunt,
3500 2746 3502 2748 τ

1883 2811 1937 2855 et
1969 2802 2383 2857 instrumentum
2429 2803 2618 2859 salutis
2648 2806 2710 2858 ad
2740 2806 2963 2860 exitium
2988 2805 3115 2861 inde
3157 2807 3260 2862 sibi
3304 2821 3453 2862 com-

1885 2891 2185 2960 parandum
2213 2893 2357 2948 fatue
2393 2905 2734 2950 convertunt.
2788 2887 2791 2892 ’

1957 3177 2120 3231 Vens.
2167 3178 2223 3243 5,
2260 3177 2312 3233 6.
2357 3176 2547 3234 Extare
2591 3184 2810 3237 vitulum
2843 3194 3013 3249 tuum,
3043 3185 3310 3254 Samaria,
3339 3205 3456 3243 con-

1884 3270 2072 3322 citatus
2112 3279 2184 3322 est
2219 3270 2369 3339 furor
2403 3287 2549 3325 meus
2579 3290 2736 3340 super
2761 3291 2841 3328 eo.
2885 3275 3161 3346 Usquequa
3210 3296 3312 3332 non
3363 3298 3458 3346 po-

1885 3372 2058 3416 terunt
2109 3365 2383 3417 emundari
2437 3365 2490 3416 iu
2533 3363 2746 3418 Israel?
2786 3363 2859 3419 Et
2887 3368 2982 3420 hoc
3015 3369 3211 3436 artifex
3240 3372 3382 3437 fecit,
3411 3384 3456 3426 et

1887 3469 1991 3506 non
2045 3452 2182 3506 Deus
2225 3463 2323 3518 est,
2360 3455 2483 3523 quia
2516 3456 2765 3508 seducens
2803 3467 2914 3508 erat
2949 3459 3142 3513 vitulus
3183 3471 3325 3523 tuus,
3357 3461 3458 3515 Sa-

1887 3546 2078 3597 maria.

1956 3633 2286 3690 LXXXVIII.
2323 3634 2492 3702 Quam
2544 3636 2682 3692 belle
2734 3649 2788 3693 et
2832 3645 3239 3697 accommodate
3285 3643 3461 3714 inquit

1895 3747 1913 3778 ι
1935 3738 2142 3792 extere,
2172 3745 2192 3778 ι
2225 3730 2376 3798 quasi
2405 3729 2471 3783 de
2509 3733 2715 3784 macula
2744 3739 2799 3785 et
2845 3732 3270 3802 inquinamento,
3306 3752 3368 3791 ac
3392 3738 3458 3792 de

1887 3828 2132 3874 extrema
2183 3821 2434 3890 quapiam
2465 3821 2723 3890 spurcitie
2767 3822 3116 3893 loqueretur!
3151 3824 3290 3882 Vere
3311 3828 3456 3883 enim

1888 3911 2190 3967 idololatria
2235 3911 2336 3966 ista
2390 3912 2821 3978 abominandam,
2869 3924 2923 3969 et
2955 3916 3094 3971 male
3112 3917 3368 3982 olentem,
3403 3929 3460 3973 et

1888 4002 2129 4058 odiosam
2177 4002 2317 4071 apud
2355 4001 2520 4056 Deum
2562 4004 2820 4058 immundi
2853 4007 3086 4061 animam
3128 4007 3280 4063 facit.
3321 4009 3458 4064 Sua-

1890 4096 1980 4148 det
2009 4092 2175 4162 igitur
2204 4104 2261 4146 ut
2299 4093 2610 4147 misericors
2639 4102 2693 4147 et
2743 4094 2917 4150 bonus
2957 4096 3252 4168 transferre
3284 4115 3344 4155 se
3389 4102 3456 4156 ad

1891 4185 2138 4252 meliora,
2175 4193 2232 4239 et
2272 4183 2483 4238 amoliri
2515 4183 2675 4248 iram,
2710 4193 2767 4239 et
2791 4201 2990 4242 causas
3013 4187 3316 4246 futurorum
3359 4207 3455 4247 co-

1891 4277 2076 4331 hibere
2119 4275 2186 4330 de
2224 4283 2442 4342 caetero,
2477 4284 2530 4330 et
2560 4275 2875 4344 poenitentia
2917 4279 3212 4346 praacidere
3277 4283 3452 4350 mala,

215 4375 299 4426 λιιι
318 4374 532 4435 λοιτοὺν,
555 4373 648 4423 καὶ
667 4374 782 4433 ταῖς
809 4367 1212 4440 μεταγνώσεσιν
1233 4367 1497 4437 ἀνακόψαι
1519 4369 1589 4419 τά
1611 4365 1781 4429 δεινὰ,

1891 4372 2052 4442 120
2099 4386 2221 4428 sero
2275 4370 2466 4428 saltem
2537 4372 2940 4442 resipiscentes.
2989 4373 3217 4445 Propter
3281 4376 3455 4446 ipsum
3537 4387 3539 4390 ‘

218 4465 315 4518 xiv
348 4465 485 4532 γοῦν
512 4463 610 4532 ὀψὲ
634 4461 1048 4532 διεκνήψαντας.
1090 4460 1206 4512 Ἐπ’
1229 4458 1376 4529 αὐτῷ
1411 4458 1519 4528 γάρ
1547 4458 1785 4527 δηλονότι

217 4558 292 4628 τῷ
327 4559 514 4627 μόσχῳ
567 4552 915 4625 παρωξύνθαι
951 4552 1106 4622 φησὶ,
1148 4549 1398 4613 δεικνὺς,
1429 4550 1511 4602 ὅτι
1557 4549 1786 4620 παρίησι

225 4647 317 4714 μὲν
344 4645 457 4697 ἔσθ’
493 4645 582 4697 ὅτε
631 4642 1009 4712 φιλάνθρωπος
1054 4640 1130 4693 ὢν
1177 4640 1243 4693 τὰ
1271 4640 1328 4706 ἐξ
1372 4639 1652 4703 ἀσθενείας
1690 4641 1788 4710 τῆς

226 4736 562 4807 ἀνθρωπίνης
591 4735 929 4804 πταίσματα,
960 4730 1178 4794 κολάζει
1199 4732 1254 4784 δὲ
1289 4731 1499 4795 πάντως
1523 4731 1622 4803 τὴν
1655 4734 1789 4785 ἀπο-

227 4830 475 4898 στροφήν.
509 4825 800 4878 Δὺσοιστόν
832 4842 890 4877 τε
923 4825 1154 4877 ποιεῖται
1184 4823 1284 4894 τὴν
1325 4823 1433 4877 τῶν
1463 4823 1788 4894 ὑϐριζόντων

228 4920 531 4981 ἀπόνευσιν,
561 4918 640 4979 εἷς
685 4934 750 4984 γε
779 4916 841 4969 τὸ
879 4917 1098 4986 χρῆναι,
1130 4916 1292 4986 φημὶ,
1341 4918 1453 4978 τοῖς
1498 4915 1791 4985 δαιμονίοις

228 5011 560 5075 προσκυνεῖν.
595 5008 772 5078 Μέχρι
814 5006 924 5076 γὰρ
953 5006 1094 5068 τίνος
1127 5006 1184 5058 ὲν
1223 5005 1532 5077 ἀκαθαρσία
1569 5005 1788 5074 γεγονό-

230 5116 310 5161 τες
332 5098 726 5168 ἀμεταποίητοι
755 5100 998 5167 μενεῖτε;
1044 5097 1201 5158 Ποίος
1243 5098 1370 5166 ὑμῖν
1402 5096 1629 5168 ἀρκέσει
1669 5114 1789 5149 και-

235 5189 314 5258 pb;
350 5193 424 5253 εἰς
447 5191 548 5261 τὴν
570 5191 670 5259 τῆς
692 5187 943 5258 εὐηθείας
963 5188 1219 5241 ἀπόθεσιν
1244 5205 1258 5253 ;
1279 5191 1342 5242 Ὃ
1367 5189 1474 5260 γὰρ
1495 5190 1788 5260 εἰργάσατο

232 5281 445 5345 τέκτων,
471 5280 603 5334 Θεὸν
631 5275 768 5332 εἶναι
800 5280 1086 5333 πιστεύετε
1105 5296 1118 5311 ·
1146 5283 1239 5333 καὶ
1268 5281 1326 5334 τὸ
1352 5281 1594 5350 ὠφελοῦν
1615 5283 1784 5347 οὐδὲν,

233 5372 555 5436 ἀποκομίζον
579 5372 636 5424 δὲ
668 5371 866 5434 μᾶλλον
889 5371 1008 5424 δλεθ
1019 5389 1128 5441 ρον,
1153 5374 1246 5425 καὶ
1267 5372 1562 5438 ἀπώλειαν,
1594 5375 1788 5427 σεπτὸν

232 5463 458 5528 ἡγεῖσθε,
490 5465 588 5516 καὶ⁵
619 5463 961 5531 ἀξιόληπτον.
1013 5464 1196 5535 Πλανᾷ
1237 5465 1343 5536 γὰρ
1372 5469 1400 5520 ὁ
1447 5467 1664 5539 μόσχος,
1696 5469 1790 5521 καὶ

231 5557 402 5623 ἕτερον
434 5554 609 5609 οὐδέν.

293 5670 336 5701 ³³
367 5669 525 5727 Prov.
565 5685 683 5732 vm,
719 5672 802 5726 l5.

535 5766 804 5826 ΙἈτιιοῑ..
857 5764 976 5826 Gn.
1025 5765 1226 5827 LXXI.

1887 4468 2033 4521 enim
2071 4465 2296 4520 vitulum
2322 4465 2527 4521 scilicet
2559 4480 2619 4521 se
2672 4466 3009 4522 concitatum
3038 4469 3196 4541 dicit,
3267 4480 3457 4526 osten-

1889 4558 2023 4612 dens
2050 4571 2109 4612 se
2150 4570 2536 4626 nonnunquam
2589 4557 2781 4612 delicta
2821 4574 2889 4613 ex
2937 4561 3170 4615 humana
3218 4561 3458 4617 imbecil-

1890 4648 2040 4704 litate
2067 4649 2300 4704 admissa
2344 4663 2412 4703 ex
2455 4649 2788 4719 benignitate
2823 4651 3106 4720 praeterire
3129 4691 3144 4716 ,
3177 4652 3269 4706 sed
3301 4668 3459 4707 aver-
3546 4649 3554 4658 '

1891 4742 2096 4796 sionem
2155 4744 2378 4797 omnino
2437 4742 2649 4812 punire.
2698 4741 3082 4799 Protervorum
3125 4755 3302 4800 autem
3366 4748 3459 4802 de-

1891 4831 2234 4888 clinationem
2288 4835 2354 4888 ad
2401 4833 2654 4890 colendos
2723 4834 2998 4889 daemones
3065 4835 3458 4892 intolerandam

1889 4925 2057 4979 ducit.
2113 4924 2404 4993 Quousque
2455 4926 2596 4979 enim
2651 4925 2704 4977 in
2755 4925 3149 4980 immunditiam
3211 4927 3459 4998 delapsi,

1888 5014 2250 5070 immutabiles
2313 5015 2642 5069 manebitis?
2698 5014 2851 5081 Quod
2918 5016 3071 5072 vobis
3121 5026 3332 5090 tempus
3394 5024 3460 5078 ad

1887 5104 2254 5174 deponendam
2295 5103 2594 5156 fatuitatem
2628 5103 2862 5158 sufﬁcit?
2892 5103 3043 5171 Quod
3076 5109 3218 5162 enim
3265 5112 3458 5165 artifex

1894 5195 2190 5250 fabricatus
2241 5203 2342 5259 est,
2371 5195 2529 5250 deum
2583 5209 2704 5250 esse
2741 5196 3003 5263 creditis;
3039 5208 3094 5253 et
3135 5202 3277 5270 quod
3325 5202 3457 5256 nihil

1895 5294 2133 5357 prodest,
2160 5289 2266 5342 imo
2301 5296 2502 5356 pestem
2555 5297 2609 5341 et
2648 5287 2924 5344 interitum
2984 5289 3160 5358 all'ert,
3198 5309 3459 5349 veneran—

1896 5380 2021 5433 dum
2052 5375 2590 5446 amplectendamque
2617 5375 2874 5433 statuitis.
2902 5376 3124 5435 Seducit
3157 5379 3300 5436 enim
3333 5379 3461 5432 vitu-

1898 5472 2000 5535 lus,
2028 5471 2168 5525 aliud
2207 5469 2339 5525 nihil
2371 5467 2509 5526 valet
