3954 6208
260 250 366 304 905

1183 239 1736 298 COMMENTARIUS
1781 240 1843 294 IN
1884 238 2114 294 OSEAM
2157 237 2597 294 PIiUI‘IIETAM.

3413 248 3522 301 2οο

271 361 511 432 Ἰσραὴλ,
565 360 659 414 καὶ
706 358 926 428 γέγονεν
981 360 1037 412 ὲν
1095 362 1208 424 τοῖς
1259 360 1465 414 ἔθνεσιν
1516 360 1591 423 ὼς
1655 357 1843 420 σκεῦος

1951 357 2120 410 evasit
2163 356 2368 410 inutilis
2428 355 2664 424 penitus,
2699 370 2760 408 ex
2809 369 2993 409 eorum
3049 356 3272 414 cerebro
3335 375 3526 429 Sztpt'l’e

258 455 556 524 ἄχρηστον.
604 471 622 502 ι
692 451 1161 522 ’Λπενηνεγμένος
1216 452 1325 522 γὰρ
1381 453 1458 514 είς
1523 448 1843 520 Ἀσσυρίους

257 548 352 598 καὶ⁵
397 545 641 616 Μήδους,
685 543 960 614 ὴχρειιὶιθη
1011 543 1308 607 παντελῶς,
1362 542 1431 594 τὰ
1480 541 1710 603 ἐκείνοις
1757 539 1843 592 δο-

259 635 460 688 κοῦντα
494 637 711 705 φρονεῖν
747 635 886 702 τάχα
937 652 1038 687 που
1085 634 1454 704 βεϐιασμένος.
1498 634 1721 701 Ἦγουν,
1763 633 1844 684 ὅτι

258 727 451 794 γέγονε
498 725 692 789 σκεῦος
734 726 1046 796 ἄχρηστον,
1091 725 1350 796 ταύτῃτοι
1390 724 1484 777 καὶ
1545 723 1843 792 κατεπόθη,

259 820 352 870 καὶ
379 817 481 888 τὴν
508 819 834 886 ἐνεγκοῦσαν
866 818 1044 886 ἀφεὶς,
1083 819 1470 888 μετεςοίτησεν
1497 817 1576 880 είς
1603 817 1671 870 τὰ
1695 815 1842 886 ἔθνη.

257 911 484 962 Τοιοῦτό
512 911 566 962 τί
593 926 755 980 φησιν
799 911 826 961 ό
862 911 1078 964 πάντων
1098 909 1376 981 Δεσπότης
1402 910 1497 963 καὶ
1534 908 1624 962 διὰ
1665 909 1846 977 φωνῆς

269 1000 563 1069 Ἱερεμίου,
606 1000 733 1071 περί
769 1017 916 1064 τινος
948 1000 1056 1054 τῶν
1098 1003 1156 1053 ὲν
1198 1000 1481 1072 Σαμαρείᾳ
1535 999 1847 1070 βεϐασιλευ-

252 1093 434 1143 -κὸτων
493 1092 585 1143 ἐπὶ
627 1091 718 1144 τὸν
777 1090 1012 1163 Ἰσραηλο
1078 1110 1096 1143 ι
1134 1091 1416 1162 Ἦτιμώθη
1478 1091 1730 1162 Ἰεχονίας
1771 1091 1846 1154 ὼς

256 1182 478 1245 σκεῦος,
508 1179 572 1237 οῦ
597 1184 696 1236 οὐκ
735 1182 850 1236 ἐστι
881 1184 1038 1254 χρεία
1066 1183 1256 1246 αὑτοῦ,
1312 1184 1393 1236 ὅτι
1427 1183 1709 1254 ἐξερρίφη,
1751 1185 1846 1236 καὶ

255 1275 527 1344 assam
555 1277 637 1337 εἰς
666 1278 790 1346 γῆν,
819 1275 884 1346 ἢν
910 1277 1009 1328 οὐκ
1047 1275 1186 1345 ᾔδει.
1233 1275 1329 1345 Γῆ,
1357 1274 1450 1344 γῆ,
1486 1274 1651 1328 ἄκουε
1689 1275 1846 1341 λόγον

255 1367 493 1437 Κυρίου,
520 1366 733 1436 γράψον
760 1365 852 1418 τὸν
874 1364 1046 1436 ἀνδρα
1073 1364 1262 1416 τοῦτον
1287 1365 1625 1434 ὲκκήρυκτον
1647 1363 1849 1434 ἄνθρω-

257 1478 382 1513 πον.
437 1478 455 1509 ι
503 1456 809 1528 Ἦχρειὼθη
853 1457 1032 1510 τοίνυν
1076 1457 1104 1510 ό
1165 1455 1399 1526 Ἰσραὴλ,
1445 1455 1537 1508 καὶ
1573 1455 1844 1526 ἠτιμώθη.

252 1550 394 1603 Ποία
439 1549 549 1618 γὰρ
595 1547 754 1618 χρεία
801 1547 980 1616 ψυχῆς
1023 1545 1103 1616 τῷ
1146 1546 1265 1616 Θεῷ
1311 1545 1692 1616 πλανωμένης,
1753 1547 1846 1598 καὶ

252 1641 760 1712 φιλαμαρτήμονος,
789 1641 884 1692 καὶ
918 1637 1328 1708 ἀποτρεχούσης
1362 1638 1597 1700 εὐκόλως
1627 1639 1706 1701 εἰς
1735 1638 1842 1691 πᾶν

1947 448 2172 503 forsitan
2222 449 2555 518 compulsus.
2587 448 2694 502 Aut
2724 462 2857 503 sane
2901 449 3024 517 quia
3072 450 3248 506 l'actus
3299 462 3384 508 est
3434 469 3527 507 vas

1951 539 2156 602 inutile,
2207 540 2406 594 idcirco
2449 549 2502 594 et
2530 541 2822 609 absorptus
2863 549 2965 605 est,
3027 551 3080 595 et
3116 541 3298 598 relicta
3347 547 3523 612 patria

1949 632 2013 684 ad
2048 642 2235 701 gentes
2271 633 2699 703 transmigravit.
2734 631 2921 687 Simile
2951 633 3080 702 quid
3121 635 3197 689 ait
3224 637 3389 690 etiam
3425 652 3521 707 per

1947 722 2238 778 Jeremiam
2262 725 2500 778 omnium
2538 725 2801 780 Dominus
2833 728 2898 782 dc
2925 727 3157 795 quodam
3194 743 3318 799 rege
3348 730 3522 785 Israe-

1955 816 2018 870 IIS
2053 815 2106 869 in
2149 815 2392 870 Samaria
2422 835 2475 872 ει
2513 817 2871 872 lnbouoratus
2905 829 2988 873 est
3030 818 3336 886 Jcchonias,
3370 823 3522 890 quasi

1950 922 2043 960 vas
2101 907 2256 975 cujus
2298 923 2404 963 non
2463 917 2547 962 est
2588 923 2718 962 usus
2771 909 2908 976 ejus,
2951 912 3074 980 quia
3129 911 3400 981 projectus
3439 924 3524 970 eet

1950 1001 2002 1052 in
2048 1009 2248 1054 terram
2286 1015 2446 1068 quam
2484 1001 2778 1055 nesciebat.
2808 1001 2998 1069 Terra,
3033 1013 3202 1067 terra,
3242 1006 3366 1058 audi
3399 1021 3522 1060 vcr-

1950 1093 2073 1146 ltum
2118 1092 2350 1146 Domini.
2384 1092 2572 1148 Scribe
2611 1093 2783 1146 virum
2837 1094 2996 1147 istum
3058 1095 3364 1150 abdicatum
3419 1098 3522 1152 Ito-

1950 1182 2146 1236 minem
2170 1180 2269 1236 ¹⁸.›
2310 1180 2506 1238 Factus
2535 1191 2617 1238 est
2648 1183 2813 1253 igitur
2840 1183 3046 1236 inutilis
3081 1195 3134 1238 et
3169 1185 3523 1240 inhonoratus

1950 1274 2132 1329 Israel.
2177 1275 2307 1342 Quae
2340 1290 2571 1346 namque
2599 1276 2804 1330 utilitas
2826 1276 2893 1330 ab
2924 1277 3103 1329 anima
3137 1277 3228 1330 Dei
3257 1277 3518 1331 desertri-

1949 1382 2030 1428 ce,
2071 1378 2124 1421 et
2161 1368 2399 1436 peccatis
2429 1367 2631 1433 dedita,
2683 1377 2737 1422 et
2775 1367 2935 1422 facile
2963 1368 3016 1422 in
3061 1382 3220 1422 omne
3280 1384 3448 1438 genus
3492 1384 3523 1424 a

1951 1457 2154 1512 ratione
2192 1459 2600 1514 abhorrentium
2652 1459 3046 1529 praecipitante,
3089 1469 3146 1514 et
3174 1461 3317 1530 quod
3351 1460 3523 1515 malo-

1950 1565 2066 1603 rum
2111 1559 2272 1619 caput
2309 1559 2424 1611 est,
2469 1565 2497 1602 a
2527 1551 2790 1605 servitute
2822 1549 2914 1604 Dei
2945 1565 3065 1604 sese
3091 1557 3398 1616 avertente,
3423 1565 3523 1604 ex-

1949 1643 2235 1708 spectanda
2271 1650 2350 1694 est
2372 1642 2394 1694 ?
2417 1641 2588 1708 Quam
2631 1642 2796 1710 igitur
2831 1642 2900 1696 ob
2933 1656 3152 1696 causam
3188 1641 3304 1697 haec
3333 1657 3526 1711 passus

250 1733 435 1785 ὁτιοῦν
467 1732 575 1784 τῶν
603 1730 870 1794 ἐκτόπων,
910 1731 1003 1783 καὶ
1023 1731 1102 1791 εἰς
1129 1729 1189 1781 τὸ
1215 1730 1432 1799 πάντων
1458 1729 1713 1783 ἐπέκεινα
1737 1728 1843 1782 τῶν

1951 1741 2029 1785 est
2069 1731 2283 1785 Israel?
2322 1749 2340 1782 ι
2371 1731 2504 1798 Quia
2569 1732 2666 1799 ipsi
2719 1732 3100 1785 ascenderunt.
3135 1749 3152 1781 ι
3201 1730 3281 1784 Ad
3344 1731 3527 1785 hostes

252 1824 467 1887 κακῶν,
508 1823 606 1892 τῆς
636 1820 740 1874 ὑπὸ
769 1821 903 1874 Θεοῦ
940 1820 1182 1883 δουλείας
1214 1821 1315 1890 τὴν
1347 1821 1699 1890 ἀποστροφήν
1733 1837 1748 1884 ;
1781 1820 1845 1872 Τί

252 1913 353 1970 οὖν
378 1918 409 1986 ἡ
437 1915 587 1968 αίτία
618 1913 712 1967 τοῦ
743 1913 810 1966 τὰ
834 1914 1010 1967 τοιάδε
1042 1913 1274 1982 πάσχειν
1295 1911 1385 1964 τὸν
1411 1911 1660 1983 Ἰσραήλς
1693 1911 1846 1963 ι”Οτι

252 2010 413 2062 αὐτοὶ
445 2007 740 2075 ἀνέδησαν.
768 2026 786 2058 ι
819 2005 1120 2075 Μονονουχι
1164 2003 1296 2074 γὰρ,
1334 2004 1516 2073 φησιν,
1560 2002 1846 2073 αὐτόμολοι

251 2100 630 2170 δεδραμῆκασι
660 2097 795 2168 πρδς
826 2095 1069 2167 ἐχθρούς.
1103 2095 1295 2165 Πῶς,ἣ
1320 2096 1438 2147 τίνα
1468 2095 1705 2164 τρόπον;
1747 2097 1844 2146 Δε-

253 2192 429 2253 διότες
454 2193 565 2260 γὰρ
591 2191 690 2260 τὴν
724 2188 948 2242 ἐκείνων
985 2187 1196 2256 ἔφοδον,
1244 2187 1306 2239 οὐ
1335 2186 1433 2255 τὴν
1467 2185 1600 2238 Θεοῦ
1648 2184 1847 2256 μᾶλλον

256 2282 581 2354 ἐπικουρίαν
640 2282 884 2352 ἐζήτουν,
950 2278 1471 2350 μεταγινώσκοντες.
1531 2277 1736 2347 Δώροις
1788 2277 1847 2330 δὲ

260 2377 461 2446 μᾶλλον
517 2375 972 2444 μεταπεπείκασι,
1025 2373 1412 2445 κατηρεμῆσαι
1469 2372 1666 2444 βραχὺ,
1727 2369 1847 2428 εἶτα

257 2469 352 2538 τὴν
393 2468 608 2520 τοιάνδε
638 2467 850 2536 σκέψιν,
881 2466 956 2528 ὡς
986 2466 1198 2518 εἰκαίαν
1224 2467 1407 2528 αὐτοῖς
1440 2465 1722 2538 ἐσομένην,
1753 2467 1847 2518 καὶ

257 2562 552 2630 ἄχρηστον,
581 2560 803 2631 διαγελᾷ
831 2560 1040 2630 τρόπον
1069 2559 1214 2624 τινὰ,
1245 2558 1418 2627 λέγων
1456 2557 1585 2628 περὶ
1623 2557 1732 2610 τῶν
1782 2559 1847 2611 ὲκ

255 2655 431 2724 ςυλῆς
461 2653 705 2726 Ἐφραῒμ.
737 2654 1223 2724 βεϐασιλευκότων,
1257 2654 1305 2708 οἳ
1341 2653 1434 2707 καὶ
1457 2652 1606 2725 δῶρα
1636 2654 1848 2724 πεπόμ-

255 2762 389 2812 φασι
442 2749 558 2808 τοῖς
611 2747 912 2817 Ἀσσυρίων
976 2746 1261 2816 τυράννοις
1292 2761 1308 2778 ο
1363 2765 1382 2798 ι
1419 2746 1668 2799 Ἀνέθαλε
1725 2747 1848 2800 καθ’

254 2837 443 2890 ἑαυτὸν
496 2838 756 2908 Ἐφραῖμ.
786 2857 804 2888 ι
867 2839 1092 2907 Ὅμοιον
1144 2838 1220 2901 ὡς
1283 2840 1330 2890 εἰ
1381 2837 1568 2907 λέγον
1622 2839 1846 2892 Μέλλων

255 2931 621 2984 ἑκκόπτεσθαι
648 2930 898 3001 καθάπερ
921 2948 973 2984 τι
999 2931 1244 3001 στέλεχος
1273 2933 1300 2984 ό
1325 2933 1388 2983 ἐκ
1413 2931 1580 3001 φυλῆς
1609 2930 1846 3001 Ἐφραῒμ

257 3016 683 3084 βεϐασιλευκὼς,
724 3019 816 3072 καὶ
857 3017 968 3072 οἷον
1004 3021 1105 3072 ὑπὸ
1140 3021 1310 3090 πυρὸς
1345 3020 1444 3090 τῆς
1481 3020 1629 3084 θείας
1674 3021 1846 3092 ὀργῆς

1949 1823 2098 1889 quasi
2140 1821 2280 1876 ultro
2334 1823 2761 1892 transfugerunt.
2803 1821 2905 1888 Qui
2943 1821 3205 1876 tandem?
3245 1820 3523 1876 Timentes

1949 1913 2092 1966 enim
2119 1913 2330 1968 illorum
2360 1914 2740 1983 irruptionem,
2763 1930 2889 1979 non,
2912 1923 3229 1984 utparerat,
3247 1915 3340 1970 Dei
3367 1931 3522 1984 opem

1948 2004 2275 2073 pmnitentes
2337 2014 2734 2075 poposcerunt;
2801 2005 2894 2061 sed
2968 2005 3282 2059 muneribus
3345 2008 3524 2076 potius

1952 2094 2054 2149 illis
2085 2096 2636 2164 persuaseruntaliud
2660 2135 2676 2161 ,
2707 2106 2765 2149 ιιι
2795 2096 3126 2165 aliquantum
3160 2097 3521 2167 quiescerent.

1953 2184 2150 2241 Deinde
2181 2187 2554 2257 hujuscemodi
2592 2187 2880 2244 consilium
2935 2195 2992 2241 ut
3048 2203 3244 2242 vanum
3285 2188 3417 2256 ipsis
3472 2197 3527 2242 et

1951 2277 2141 2332 inutile
2179 2277 2420 2334 futurum
2472 2279 2660 2333 irridet
2694 2279 2875 2348 aliquo
2907 2282 3107 2345 modo,
3148 2278 3304 2348 122
3337 2279 3525 2333 dicens

1949 2369 2015 2423 de
2071 2370 2288 2440 regibus
2349 2387 2414 2426 ex
2452 2371 2593 2426 tribu
2638 2372 2916 2442 Epltraim,
2945 2373 3036 2441 qui
3080 2381 3132 2426 et
3193 2371 3333 2426 dona
3362 2373 3528 2445 Assy-

1950 2462 2154 2516 riorum
2187 2464 2433 2535 tyrannis
2476 2465 2739 2518 miserunt
2769 2481 2785 2519 :
2821 2481 2840 2516 ι
2869 2463 3132 2518 Reﬂoruit
3164 2479 3262 2535 per
3290 2465 3522 2534 seipsum

1951 2554 2229 2622 Epliraim.
2265 2576 2284 2608 ι
2318 2558 2394 2611 Ac
2439 2557 2484 2611 si
2522 2557 2662 2612 dicat
2699 2574 2712 2610 :
2753 2556 3162 2611 Exscindcndus
3209 2557 3348 2610 sicut
3375 2567 3526 2611 trun-

1950 2660 2046 2700 cus
2093 2661 2183 2700 rex
2239 2647 2305 2701 de
2366 2647 2506 2702 tribu
2551 2647 2830 2717 Ephraim,
2861 2657 2917 2702 et
2974 2657 3228 2718 tanquam
3281 2648 3349 2703 ab
3404 2649 3528 2719 igne

1949 2739 2144 2792 divinae
2217 2739 2312 2794 ira;
2363 2742 2785 2805 consumendus,
2833 2741 3073 2796 reﬂoruit
3131 2756 3226 2811 per
3261 2741 3522 2810 seipsum.

1949 2829 2051 2885 hoc
2084 2841 2188 2895 εει,
2227 2831 2346 2887 sine
2389 2847 2510 2898 me;
2537 2843 2593 2888 ct
2643 2833 3027 2903 aspirationem
3066 2848 3238 2887 meam
3271 2848 3378 2889 non
3429 2834 3528 2887 ba-

1950 2921 2104 2988 bens,
2137 2924 2344 2992 putavit
2393 2937 2452 2979 se
2476 2924 2768 2988 victurum,
2804 2933 2860 2979 et
2912 2923 3122 2978 radices
3165 2924 3303 2980 altas
3369 2934 3525 2978 actu-

1951 3031 2092 3080 rum,
2168 3026 2223 3072 et
2275 3018 2524 3072 thronum
2592 3033 2752 3072 suum
2817 3031 2921 3071 non
2991 3017 3338 3072 amissurum.
3386 3017 3528 3072 Emit

255 3111 764 3181 καταμαραίνεσθαι
791 3151 807 3174 ,
862 3112 1087 3164 ἁνέθαλε
1123 3112 1248 3165 καθ’
1278 3112 1489 3174 ἑαυτὸν,
1542 3113 1839 3174 τουτέστιν,

1951 3106 2094 3161 enim
2120 3106 2434 3162 dilationem
2469 3108 2599 3162 mali
2632 3109 2697 3162 ad
2731 3117 2942 3177 tempus
2969 3109 3265 3174 modicum,
3305 3118 3528 3164 conten-

253 3202 383 3272 ἐμοῦ
417 3204 567 3272 δίχα,
599 3205 692 3256 καὶ
715 3204 1020 3274 σύμπνοιαν
1049 3204 1145 3274 τὴν
1177 3204 1318 3274 ἐμὴν
1347 3205 1444 3258 οὐκ
1473 3203 1629 3274 ἔχων,
1663 3204 1836 3276 ᾠήθη,

255 3294 432 3363 φησιν,
473 3297 558 3347 ὅτι
591 3293 838 3365 ζήσεται,
895 3297 988 3348 καὶ
1014 3294 1173 3348 δώσει
1202 3295 1356 3366 ῥίζαν
1395 3296 1475 3359 είς
1516 3295 1698 3366 βάθος,
1747 3297 1839 3349 καὶ

252 3384 354 3434 τῶν
381 3385 533 3437 ἰδίων
559 3385 660 3438 οὐκ
683 3386 1102 3456 ἁπολισθῆσεται
1129 3387 1352 3458 θρόνων.
1389 3387 1704 3460 Ἐξεπρίατο
1729 3389 1836 3460 γὰρ

253 3475 589 3546 πρόσκαιρόν
653 3494 713 3529 τε
773 3481 864 3530 και
915 3479 1102 3549 ὀλίγην
1155 3479 1450 3550 ἀνάδλησιν
1491 3481 1586 3532 τοῦ
1644 3479 1837 3546 κακοῦ,

252 3564 393 3636 δῶρα
424 3568 731 3636 ἀγαπήσας
774 3569 836 3620 οὐ
883 3569 1132 3638 δέχεσθαι
1176 3569 1398 3640 μᾶλλον,
1439 3569 1576 3623 ἀλλὰ
1614 3570 1834 3623 διδόναι.

253 3659 358 3712 Καὶ
386 3661 440 3712 τί
480 3661 544 3712 τὸ
584 3661 864 3727 ὲντεῦθεν;
925 3663 1114 3730 ὄφελος
1157 3662 1257 3732 μὲν
1297 3662 1469 3726 οὐδὲν,
1524 3661 1834 3734 παραδοθή-

1954 3208 2043 3253 tus
2081 3199 2218 3252 dona
2255 3214 2361 3254 non
2408 3199 2679 3268 accipere,
2722 3201 2816 3254 sed
2845 3201 2993 3256 dare.
3027 3200 3164 3266 Quid
3200 3200 3368 3254 inde?
3407 3199 3526 3256 Uti-

1949 3292 2074 3347 litas
2110 3290 2278 3346 nulla.
2336 3291 2646 3347 Tradentur
2712 3301 2892 3347 autem
2943 3293 3207 3363 gentibus,
3245 3301 3299 3346 et
3336 3306 3430 3360 per
3462 3307 3523 3348 ea

1947 3400 2068 3455 qua:
2097 3384 2277 3439 futura
2309 3393 2433 3439 sunt
2475 3393 2824 3455 cognoscent,
2856 3384 3124 3438 neminem
3157 3385 3525 3454 regcrminare

1949 3491 2044 3546 per
2095 3491 2174 3541 sc,
2208 3491 2381 3544 neque
2431 3476 2689 3545 prodesse
2725 3475 2892 3530 Deum
2942 3474 3340 3531 oliendeutibus
3383 3476 3522 3531 dona

1948 3569 2078 3623 dare
2131 3568 2415 3634 hostibus;
2473 3566 2630 3636 paulo
2660 3575 2780 3637 post
2828 3566 2972 3621 enim
3025 3566 3288 3638 supplicio
3339 3566 3524 3636 subja-

1944 3659 2162 3714 cebunt.

259 3767 433 3804 σονται
466 3752 524 3804 δὲ
555 3754 670 3815 τοῖς
695 3754 898 3821 ἔθνεσι,
940 3755 1034 3808 καὶ
1074 3755 1142 3808 δι’
1185 3754 1364 3807 αὐτῶν
1394 3755 1694 3826 μαθήσουσι
1766 3755 1872 3807 τῶν
1913 3751 2364 3823 συμϐησομένων,
2394 3752 2468 3814 ὡς
2490 3751 2589 3804 οὐκ
2617 3751 2682 3805 ἄν
2746 3768 2829 3813 τις
2861 3751 3116 3806 ἀναθάλοι
3148 3752 3269 3807 καθ’
3309 3752 3521 3816 ἑαυτὸν,

257 3841 356 3893 οὐδ’
388 3843 450 3894 iv
497 3842 712 3914 ὀνήσειε
763 3847 890 3908 τοὺς
943 3845 1062 3915 Θεῷ
1109 3845 1548 3916 προσκρούοντας
1593 3846 1654 3900 τὸ
1686 3845 1835 3916 δῶρα
1869 3845 2069 3898 διδόναι
2103 3845 2218 3908 τοῖς
2275 3842 2489 3915 ἐχθροῖς
2525 3857 2540 3874 ⁸
2584 3844 2964 3898 ὑποκείσονται
2991 3844 3130 3915 γὰρ,
3174 3847 3265 3898 καὶ
3299 3847 3399 3899 οὐκ
3443 3847 3522 3908 είς

262 3936 496 4005 μακρὰν,
527 3939 594 4005 τῇ
629 3936 774 4008 δίκῃ.

324 4027 449 4081 Νῦν
464 4028 813 4097 εἰσδέξομαι
836 4029 1077 4095 αὐτοὺς,
1109 4029 1202 4082 καὶ
1229 4029 1572 4083 κοπὰσουσι
1601 4028 1836 4099 μικρὸν,

258 4119 356 4172 τοῦ
384 4121 582 4187 χρίειν
614 4121 882 4185 ,ϐασιλέα
910 4123 1006 4175 καὶ
1035 4122 1350 4191 ἄρχοντας.

324 4213 437 4277 ιιΑν.
495 4211 760 4282 Ἀπάσης,
800 4213 875 4276 ὡς
917 4213 1045 4277 ἔπος
1085 4215 1280 4276 εἰπεῖν,
1343 4213 1442 4282 τῆς
1482 4211 1575 4265 τοῦ
1623 4212 1836 4284 Ἰσραὴλ
1869 4246 1918 4306 υ

262 4303 595 4374 φαυλότητος
647 4305 928 4373 παραίτιοι
978 4304 1268 4372 γεγόνασιν
1311 4306 1360 4356 οἱ
1397 4305 1460 4356 ἐκ
1519 4302 1691 4372 φυλῆς
1745 4303 1839 4355 τοῦ

273 4396 504 4466 Ἐ’,ιραῒμ
555 4396 643 4447 ἐπ’
691 4397 885 4459 αὐτοὺς
950 4395 1418 4465 βεϐασιλευκὸτες.
1473 4394 1694 4465 Πρῶτος
1739 4391 1838 4461 μὲν

262 4489 360 4558 γὰρ
397 4489 424 4538 ό
463 4488 739 4558 ἐπάρατος
793 4487 1072 4560 Ἰεροὸοὰμ
1115 4492 1211 4559 τῆς
1241 4486 1576 4549 ἀποστασίσς
1611 4485 1837 4553 γέγονεν

259 4582 508 4651 εὑρετὴς,
557 4583 820 4651 δαμάλεις
867 4583 1051 4644 αὐτοῖς
1098 4583 1405 4653 ἀναστήσας
1465 4580 1690 4650 χρυσᾶς.
1743 4577 1836 4630 καὶ

255 4675 360 4726 τῶν
406 4674 759 4742 καλουμένων
810 4674 1049 4746 ὑψηλῶν,
1096 4674 1364 4735 τουτέστι,
1407 4672 1514 4725 τῶν
1553 4672 1610 4724 ὲν
1657 4671 1829 4740 ὄρεσι,

260 4766 352 4815 καὶ
403 4765 612 4833 βουνοῖς
647 4765 886 4834 τεμενῶν
932 4764 1194 4827 καθιστὰς
1235 4766 1418 4834 ἱερεῖς,
1456 4763 1579 4825 τοὺς
1624 4763 1724 4814 οὐκ
1771 4762 1834 4812 ἐκ

259 4856 427 4926 φυλῆς
463 4855 614 4917 Aeni,
655 4854 768 4908 ἀλλ’
798 4857 912 4908 ὅσοι
937 4855 1136 4927 μᾶλλον
1166 4873 1182 4905 ι
1225 4854 1522 4925 Ἐπλήρουν
1555 4853 1653 4924 τὴν
1681 4853 1837 4922 χεῖρα

260 4946 456 5005 αὑτῶν,
483 4965 500 4997 ι
550 4946 693 4998 κατὰ
733 4946 794 4998 τὸ
827 4946 1230 5018 γεγραμμένον.
1271 4943 1405 5000 Εἶτα
1452 4945 1567 5015 μετ’
1609 4946 1836 5010 ἐκεῖνον,

261 5038 364 5090 τῶν
401 5039 701 5110 Ἀσσυρίων
733 5039 1217 5109 προσδοκωμένων,
1263 5039 1320 5091 ὲν
1346 5036 1522 5108 καιρῷ
1551 5035 1650 5106 τῆς
1687 5035 1840 5106 βασι·

263 5132 407 5195 λείας
428 5133 674 5204 Νιαναῖμ,
715 5132 1038 5202 πεπόμφασι
1074 5132 1352 5201 χρήματα,
1385 5128 1664 5190 πείθοντες
1702 5128 1838 5179 ἁπο-

266 5225 479 5294 σχὲσθαι
516 5225 617 5294 τῆς
666 5227 790 5296 γῆς.
832 5224 1100 5296 Ταύτῃτοι
1144 5222 1429 5292 δικαίωςή
1469 5220 1588 5274 θεία
1619 5220 1838 5288 γέγονεν

265 5315 452 5387 ἀπειλὴ
477 5317 622 5370 κατὰ
647 5316 752 5386 τῆς
791 5315 1089 5385 βασιλείας,
1130 5313 1230 5382 τῆς
1267 5315 1331 5364 ἐκ
1379 5311 1552 5382 φυλῆς
1598 5307 1840 5378 Ἐφραίμ

265 5410 626 5480 γεγενημένης
673 5409 770 5460 ὲπὶ
827 5407 916 5459 τὸν
976 5405 1209 5477 Ἰσραήλ.
1273 5401 1432 5456 «Νῦν
1485 5402 1593 5471 γὰρ
1641 5400 1840 5462 αὐτοὺς

267 5500 580 5571 εἰσδέξομαι,
613 5519 632 5554 ι
674 5499 865 5571 φησιν,
909 5499 1005 5569 οὐχ
1027 5497 1101 5561 ὡς
1135 5497 1336 5570 τρόπον
1365 5494 1584 5565 ἔχοντας
1611 5490 1838 5561 ἀγαθὸν,

332 5669 373 5700 ’⁸
407 5681 512 5740 Jer.
556 5700 693 5750 χχιι,
729 5681 929 5737 28-50.
1007 5682 1050 5716 ”
1089 5678 1151 5734 lll
1185 5677 1317 5747 Reg.
1356 5692 1474 5744 xm,
1508 5677 1596 5732 55.

2023 4019 2185 4074 Vens.
2214 4020 2302 4076 IO.
2337 4019 2493 4073 Nunc
2512 4022 2794 4088 suscipiam
2819 4039 2926 4088 eos,
2952 4035 2998 4077 et
3022 4025 3285 4092 quiescent
3306 4041 3519 4095 parumo

1947 4127 2002 4164 ut
2032 4122 2227 4180 ungunt
2258 4128 2426 4178 regem
2453 4121 2502 4165 et
2536 4113 2817 4184 principes.

2015 4203 2148 4257 XCI.
2196 4201 2384 4257 Omnis
2413 4202 2770 4271 improbitatis
2795 4203 2980 4269 Israel,
3022 4213 3080 4257 ut
3105 4205 3280 4260 dicam
3306 4211 3518 4278 paucis,

1946 4307 2110 4348 causa
2146 4292 2384 4355 fuerunt,
2417 4292 2506 4361 qui
2562 4291 2628 4345 de
2689 4291 2830 4346 tribu
2879 4292 3137 4362 prraim
3182 4311 3400 4367 regnum
3466 4302 3521 4356 in

1947 4397 2041 4436 eos
2113 4390 2426 4436 tenuerunt.
2488 4379 2701 4436 Primus
2760 4383 2903 4436 enim
2962 4390 3332 4445 exsecrandus
3377 4391 3522 4445 Jero~

1947 4474 2104 4528 beam
2155 4473 2437 4542 apostasia:
2486 4473 2734 4529 inventor
2759 4473 2884 4540 fuit,
2917 4479 3134 4546 quando
3165 4478 3296 4548 ipsis
3347 4481 3520 4536 erexit

1945 4567 2078 4620 duos
2107 4566 2323 4630 vitulos,
2376 4575 2430 4620 et
2491 4571 2701 4620 excelsa
2755 4583 2875 4636 qua:
2931 4579 3210 4636 vocantur,
3261 4580 3364 4626 hoc
3415 4581 3516 4638 est,

1945 4657 2137 4726 templa
2169 4657 2219 4711 in
2257 4658 2526 4714 montibus
2570 4669 2619 4712 et
2656 4659 2900 4722 collibus,
2933 4661 3238 4717 constitutis
3267 4665 3521 4719 sacerdo-

1946 4749 2085 4803 tibus
2137 4751 2225 4820 qui
2257 4766 2360 4806 non
2387 4761 2541 4804 erant
2588 4754 2653 4806 de
2687 4751 2828 4807 tribu
2878 4749 3028 4822 Levi,
3065 4754 3158 4810 sed
3197 4755 3286 4824 qui
3334 4755 3514 4826 potius

1952 4861 1970 4894 ι
2009 4843 2296 4913 implerent
2345 4859 2560 4898 manum
2615 4860 2766 4898 suam
2799 4846 2843 4878 "
2874 4884 2888 4909 ,
2935 4865 2953 4896 ι
3003 4855 3060 4901 υι
3102 4847 3362 4917 scriptum
3412 4859 3515 4904 est.

1947 4934 2149 4991 Deinde
2186 4944 2304 5004 post
2361 4935 2534 4999 illum,
2601 4949 2719 4988 cum
2768 4935 2976 5005 Assyrii
3034 4947 3514 5006 cxspectarentur,

1950 5037 2205 5098 regnante
2239 5025 2502 5090 Mauaim,
2535 5027 2795 5080 miserunt
2836 5027 3116 5096 pecunias,
3173 5030 3373 5100 quibus
3421 5047 3516 5086 eos

1947 5135 1974 5172 ιι
2007 5119 2326 5172 vastitudine
2359 5116 2640 5173 inferenda
2679 5119 3010 5173 abstinerent
3039 5119 3103 5173 ³ο.
3143 5121 3319 5188 Quare
3351 5124 3517 5178 meri-

1947 5225 1998 5268 to
2029 5213 2188 5268 mina:
2238 5220 2424 5266 contra
2476 5224 2720 5281 regnum,
2752 5225 2817 5265 ex
2855 5210 2992 5264 tribu
3052 5209 3307 5282 prraim
3352 5227 3518 5282 super

1944 5303 2105 5358 Israel
2139 5302 2439 5360 institutum
2471 5301 2731 5356 divinitus
2785 5301 3059 5357 intentata:
3119 5311 3265 5356 sunt.
3306 5319 3326 5354 ι
3367 5301 3519 5356 Νυιιο

1942 5397 2086 5451 enim
2122 5410 2217 5452 eos
2247 5395 2536 5465 suscipiam
2563 5433 2578 5461 ,
2603 5413 2622 5447 ι
2656 5395 2848 5464 inquit,
2881 5409 2984 5449 non
3007 5395 3218 5450 utbene
3257 5405 3516 5459 moratos,

1945 5502 2118 5558 neque
2159 5487 2498 5559 utoptimam
2551 5486 2764 5542 vivendi
2799 5486 2938 5542 viam
3000 5487 3290 5556 ingressos,
3343 5497 3521 5554 neque

1685 5675 1728 5708 ³ο
1759 5671 1823 5728 ιν
1857 5671 1990 5744 Reg.
2032 5687 2120 5738 xv,
2154 5670 2244 5727 I9.
