3954 6208
401 307 504 363 207

1437 302 1496 357 S.
1540 299 1810 356 CYRILLI
1849 297 2320 355 ALEXANDllINl
2359 297 2681 355 ARCHIEP.

3541 304 3648 358 9.ιὸ

403 423 651 495 legalium
717 421 1083 478 institutorum
1115 417 1360 488 cupidos,
1395 418 1487 473 sed
1537 428 1593 471 ut
1625 426 1902 473 corrector
1934 433 1961 471 ε

2089 415 2210 468 οὐδὲ
2247 413 2322 477 ὼς
2351 415 2550 484 ἄριστα
2580 414 2727 484 βιοῦν
2753 414 3058 485 ἑλομένους,
3102 415 3227 470 οὔτε
3262 415 3371 487 μὴν
3402 419 3543 472 κατὰ
3570 419 3664 474 τὶν

401 527 590 584 ρωηαε
616 511 858 581 exigens,
889 517 944 564 et
970 507 1074 576 iam
1121 506 1185 560 ad
1215 507 1480 574 judicium
1516 522 1735 560 vocans.
1765 505 1983 574 Suppli-

401 607 485 659 cia
519 601 684 664 enim,
739 615 862 669 qua:
897 599 1067 653 iratus
1135 597 1480 660 inveberem,
1511 597 1784 666 prmterito
1843 606 1982 650 tem-

399 708 534 765 pore
584 708 652 748 ex
704 689 1118 746 mansuetudine
1166 688 1374 743 distuli.
1438 687 1545 742 Sed
1573 687 1757 743 «Nunc
1809 687 1980 742 susci-

397 788 541 854 piam
571 800 686 851 eos,
730 802 749 836 ι
780 783 972 854 inquit,
1003 791 1061 836 ut
1097 781 1358 837 malorum
1396 779 1734 849 experientia
1772 779 1982 834 discant

399 878 614 931 tandem
657 890 716 930 se
770 874 870 928 sub
924 873 1173 941 Omnino,
1213 887 1310 926 nec
1347 880 1496 925 extra
1541 884 1759 924 manum
1807 884 1979 930 meam

403 984 546 1026 esse.
605 967 720 1022 Non
759 975 938 1021 autem
973 980 1164 1036 pmnas
1199 964 1412 1019 diutius
1445 963 1667 1018 dilatum
1693 963 1779 1029 iri,
1832 972 1981 1017 certo

412 1071 662 1125 testatur,
690 1059 890 1115 utenda
917 1057 1182 1128 particula
1232 1072 1394 1112 nunc.
1439 1055 1686 1125 Snscepti
1731 1055 1895 1125 igitur
1925 1064 1980 1108 ut

399 1152 785 1220 corripiantur,
820 1152 1072 1219 deinceps
1102 1163 1307 1217 ungere
1368 1163 1547 1219 regem
1601 1157 1656 1202 et
1704 1146 1977 1216 principes

409 1245 695 1299 desistent.
730 1241 970 1310 Assyriis
1023 1254 1261 1309 namque
1290 1248 1344 1295 et
1373 1235 1980 1307 Medis.servicntes,ad

395 1350 559 1403 opera
595 1335 876 1408 apostasiam
925 1329 1313 1399 frequentanda
1365 1329 1510 1398 quod
1572 1327 1788 1383 tandem
1812 1327 1980 1382 otium

395 1427 680 1487 haberent,
711 1422 867 1492 123
902 1423 1258 1475 lamentantes
1300 1419 1598 1483 assidue.et
1641 1419 1981 1488 inexspecta-

395 1529 502 1569 tam
570 1515 933 1569 calamitatem
997 1502 1376 1579 deplorantes?
1437 1509 1726 1564 Sciendum
1778 1518 1978 1580 autem,

394 1616 684 1676 postquam
749 1604 922 1676 Cyrus
995 1603 1279 1671 Cambysae
1343 1601 1484 1655 filius
1532 1601 1784 1656 lsraelem
1843 1601 1980 1654 libe-

392 1715 512 1751 rum
538 1698 766 1762 dimisit,
792 1711 894 1750 non
925 1696 1089 1750 fuisse
1119 1703 1312 1748 unctos
1345 1694 1398 1747 in
1440 1693 1686 1747 Samaria
1731 1693 1798 1748 de
1833 1690 1976 1746 tribu

2085 507 2249 576 νόμον
2283 505 2557 568 πολιτείας
2586 505 2924 576 ἐφιεμένους,
2958 508 3074 561 ἀλλ’
3113 509 3188 572 ὡς
3220 509 3532 581 παιδευτὴς,
3567 513 3663 565 καὶ

2082 596 2235 659 δίκας
2265 595 2449 658 αἰτῶν,
2486 595 2581 648 καὶ
2613 595 2714 649 ὑπὸ
2743 597 2919 668 κρίσιν
2950 599 3048 667 ἤδη
3078 597 3278 651 καλῶν.
3308 599 3538 670 Παρῆκα
3564 601 3664 670 μὲν

2083 687 2192 758 γὰρ
2216 687 2274 753 ἐξ
2302 686 2638 758 ἡμερότητος
2665 688 2746 750 εἰς
2783 687 3073 757 ὑπέρθεσιν
3103 689 3168 741 τὰ
3199 689 3264 741 ἐκ
3297 688 3446 751 Θείας
3466 690 3659 758 ὀργῆς.

2081 777 2225 832 κατὰ
2242 778 2333 832 τὸν
2361 778 2461 849 ἤδη
2492 780 2858 849 παρῳχηκότα
2887 780 3096 850 καιρόν.
3128 779 3286 833 ’Λλλά
3321 779 3442 832 (νῦν
3466 781 3666 844 αὐτοὺς

2081 869 2412 940 εἰσδέξομαι,
2439 887 2457 922 ι
2499 871 2682 940 φησὶν,
2737 870 2822 925 ἵνα
2867 873 2931 941 τῇ
2963 869 3070 922 τῶν
3105 870 3292 923 δεινῶν
3325 873 3491 942 πείρᾳ
3525 890 3662 942 μανι

2081 959 2287 1014 θάνωσι
2323 961 2494 1032 μόλις,
2532 961 2612 1013 ὅτι
2661 960 2756 1013 καὶ
2805 960 2908 1012 ὑπὸ
2955 960 3221 1028 δεσπότην
3258 960 3385 1024 etot,
3433 962 3525 1014 καὶ
3562 961 3664 1031 τῆς

2082 1052 2226 1122 ἐμῆς
2253 1051 2354 1105 οὐκ
2391 1051 2495 1118 ἔξω
2533 1052 2734 1123 χειρός.
2771 1052 2892 1104 Ὅτι
2923 1051 3002 1112 δὲ,
3036 1051 3136 1104 οὐκ
3168 1053 3247 1114 εἰς
3269 1051 3566 1120 ἀνάϐλησιν
3591 1054 3665 1106 τά

2080 1143 2142 1207 ἐξ
2181 1142 2374 1214 ὀργῆς,
2402 1143 2482 1196 ἔτι
2518 1142 3001 1214 πεπληροφόρηκε,
3033 1143 3204 1211 λέγων
3250 1143 3332 1206 τὸ,
3372 1143 3486 1196 νῦν.
3536 1145 3664 1196 Εἰσ-

2078 1232 2357 1304 δεχθέντες
2409 1233 2474 1304 δὴ
2533 1229 2625 1286 οὖν
2680 1234 2767 1287 ἴνα
2833 1233 3209 1296 παιδεύωνται,
3286 1233 3663 1287 πεπαύσονται

2079 1323 2264 1379 λοιπὸν
2290 1325 2384 1379 τοῦ
2407 1326 2582 1396 χρίειν
2608 1325 2834 1395 βασιλέα
2863 1324 2956 1378 καὶ
2999 1326 3282 1394 ἄρχοντας.
3308 1323 3663 1387 Δουλεύοντες

2078 1417 2189 1487 γάρ
2229 1418 2534 1488 ’Λσσυρίοις
2562 1417 2657 1470 καὶ
2684 1418 2908 1488 Μήδοις,
2935 1417 3092 1470 ποίαν
3116 1416 3223 1488 γὰρ
3254 1416 3411 1486 ἔσχον
3462 1416 3662 1487 σχολὴν

2077 1509 2148 1562 τὰ
2172 1510 2270 1579 τῆς
2298 1509 2636 1572 ἀποστασίας
2665 1509 2802 1579 ἔργα
2829 1508 3091 1579 πληροῦν,
3118 1508 3233 1576 οἵγε
3263 1510 3356 1561 καὶ
3383 1508 3663 1577 κατοιμώ-

2079 1599 2264 1666 ζοντες
2331 1603 2630 1666 διετέλουν,
2681 1603 2776 1656 καὶ
2823 1601 2921 1673 τὴν
2977 1601 3237 1671 ἀδόκητον
3291 1599 3660 1669 κατεθρήνουν

2082 1693 2407 1763 συμφοράνς
2465 1693 2660 1746 Ἰστέον
2706 1693 2762 1745 δὲ
2792 1693 2895 1756 ὅτι,
2930 1691 3068 1761 μετὰ
3131 1691 3192 1743 τὸ
3230 1691 3440 1744 ἀνεῖναι
3475 1689 3661 1761 Κῦρον

397 1789 680 1858 Ephraim,
717 1788 811 1840 sed
837 1800 1034 1841 censos
1083 1786 1288 1839 ab'uno
1327 1784 1456 1855 jngo
1485 1798 1692 1848 omnes,
1727 1781 1967 1839 Hieroso«

2079 1783 2173 1838 τοῦ
2225 1783 2525 1854 Καμϐύσου
2578 1783 2678 1852 τῆς
2732 1782 3107 1853 αἰχμαλωσίας
3156 1781 3246 1836 τὸν
3301 1781 3536 1852 Ἰσραὴλ,
3594 1783 3658 1833 οὐ

394 1880 554 1949 lymis
584 1881 650 1933 de
684 1878 824 1932 tribu
867 1875 1003 1932 Juda
1051 1877 1420 1946 regnantibus.
1471 1876 1589 1932 Non
1647 1877 1790 1931 enim
1835 1875 1975 1932 ultra

389 1970 605 2023 divisim
661 1967 996 2031 habitabant,
1039 1969 1131 2021 sed
1163 1965 1554 2038 Hierosolymis
1598 1967 1856 2022 universi.
1891 1966 1974 2021 ln-

388 2061 515 2128 ιιίβίι
550 2070 727 2114 autem
761 2061 968 2129 primus
999 2067 1123 2126 post
1149 2059 1519 2129 captivitatem
1551 2067 1732 2112 tenere
1753 2067 1966 2111 utrum-

389 2162 496 2215 que
529 2161 770 2215 regnum,
818 2145 1006 2212 lsrael,
1038 2152 1280 2215 inquam,
1309 2156 1361 2201 et
1393 2145 1556 2213 Inda,
1581 2146 1694 2201 sive
1726 2147 1964 2200 omnium

386 2239 670 2292 duodecim
735 2238 996 2302 tribuum,
1055 2237 1356 2294 Zorobabel
1412 2238 1558 2294 filius
1613 2237 1873 2294 Salathiel
1910 2238 1978 2293 de

387 2329 529 2382 tribu
581 2327 716 2384 Juda
743 2329 807 2391 ³⁸,
841 2328 967 2384 Jesu
1003 2329 1110 2384 filio
1155 2329 1380 2387 Josedec
1457 2330 1702 2400 principe
1767 2330 1977 2386 ordinis

386 2418 628 2485 Levitici,
664 2429 719 2476 et
758 2423 953 2476 stnnmi
997 2421 1283 2477 sacerdotii
1334 2422 1701 2476 ministerium
1745 2422 1976 2476 admini-

390 2521 621 2565 strante.

2075 1872 2399 1945 κεχρίκασιν
2446 1875 2505 1927 ἐν
2554 1874 2840 1944 Σαμαρείᾳ
2887 1873 3014 1937 τοὺς
3052 1875 3117 1926 ὲκ
3163 1873 3337 1942 φυλῆς
3393 1870 3652 1942 Ἐφραῒμ,

2073 1964 2187 2018 ἀλλ’
2217 1965 2305 2033 ὑφ’
2327 1963 2424 2017 ἕνα
2456 1964 2655 2027 πάντες
2679 1965 2934 2033 γεγόνασι
2961 1964 3146 2032 ζυγὸν,
3180 1963 3567 2033 βασιλευόντων
3596 1965 3655 2014 ὲν

2081 2055 2476 2126 Ἰεροσολύμοις
2504 2057 2611 2109 τῶν
2633 2057 2691 2123 ἐξ
2725 2056 2893 2110 ’ἰούδα
2921 2055 3111 2125 φυλῆς.
3143 2056 3516 2127 Κατῳκήκασι
3544 2053 3658 2123 γὰρ

2067 2147 2254 2201 οὐκέτι
2330 2148 2696 2220 διῃρημένως,
2782 2148 2896 2201 ἀλλ’
2951 2149 3008 2200 ἐν
3080 2151 3191 2211 τοῖς
3263 2147 3658 2220 Ἰεροσολύμοις

2080 2239 2338 2302 ἅπαντες.
2370 2241 2630 2308 Ἀρχεται
2654 2239 2709 2292 δὲ
2751 2239 2963 2310 πρῶτος
2999 2239 3137 2309 μετά
3181 2240 3304 2302 τοὺς
3339 2238 3439 2308 τῆς
3488 2238 3654 2306 αἰχμ-

2079 2332 2318 2395 αλωσίας
2348 2332 2572 2402 καιροὺς
2598 2329 2698 2400 τῆς
2729 2332 2815 2384 ἐπ’
2848 2333 3051 2401 ἀμφοῖν
3095 2331 3394 2402 βασιλείας,
3426 2329 3567 2400 φημὶ
3590 2328 3657 2397 δὴ

2078 2423 2177 2476 τοῦ
2216 2441 2275 2476 τε
2316 2423 2531 2495 Ἰσραὴλ
2583 2423 2677 2476 καὶ
2719 2423 2813 2475 τοῦ
2854 2423 3046 2486 Ἰούδα,
3097 2423 3215 2492 ἤτοι
3265 2422 3454 2474 πασῶν
3481 2418 3655 2482 ἀπαξ-

2077 2511 2262 2574 απλῶς
2289 2512 2395 2564 τῶν
2420 2511 2739 2565 δυοκαίδεκα
2777 2512 2956 2580 φυλῶν
2986 2512 3286 2583 Ζοροϐάϐελ
3317 2513 3344 2563 ὁ
3375 2510 3464 2563 τοῦ
3482 2511 3655 2562 Σαλα-

387 2605 601 2675 θιὴλὲκ
631 2606 802 2676 φυλῆς
847 2604 1036 2670 Ἰούδα,
1070 2605 1180 2661 τῶν
1252 2607 1559 2661 Λευιτῖκῶν
1628 2605 2040 2676 καθηγουμένου
2077 2605 2393 2676 ταγμάτων,
2451 2606 2545 2659 καὶ
2599 2609 2697 2675 τήν
2745 2605 2846 2675 τῆς
2907 2605 3317 2676 ἀρχιερωσύνης
3373 2603 3655 2658 διέποντος

384 2701 730 2773 λειτουργίαν
791 2701 967 2771 Ἰησοῦ
1016 2701 1111 2754 τοῦ
1173 2702 1438 2770 Ἰωσεδὲκ,
1489 2701 1583 2755 τοῦ
1635 2701 1825 2772 ἱερέως
1876 2701 1968 2754 τοῦ
2008 2701 2267 2770 μεγάλου.

457 2791 623 2848 νεῐιε.
657 2795 746 2857 H,
784 2794 872 2847 12.
905 2793 1046 2858 Quia
1077 2795 1447 2863 multiplicauit
1493 2795 1745 2866 Ephraim
1777 2796 1969 2848 altaria

381 2886 436 2940 in
463 2886 854 2956 peccata,farta
885 2893 1008 2938 sum
1035 2887 1080 2938 ei
1106 2888 1303 2940 altaria
1332 2887 1545 2941 dilecta.
1575 2886 1882 2941 Describam
1923 2893 1990 2966 ei.

359 2980 792 3050 .‘tnultimdinem,
835 2989 882 3034 et
907 2979 1139 3048 legitima
1169 2995 1369 3035 eorum.
1402 2978 1466 3035 In
1501 2979 1674 3035 aliena
1713 2991 1950 3049 reputate

383 3081 504 3126 sunt
534 3074 580 3126 ei
605 3070 803 3125 altaria
831 3073 1043 3128 dilecta.

453 3247 609 3304 XCII.
640 3249 870 3315 Causam
903 3250 1130 3320 profert,
1169 3259 1390 3321 propter
1429 3229 1591 3322 quam
1640 3250 1784 3320 iuste
1811 3263 1962 3319 pote-

384 3349 496 3394 stas
513 3341 658 3412 regia
684 3341 902 3396 tollatur
926 3341 977 3396 in
1001 3341 1488 3412 posterum.Longe
1506 3343 1736 3412 plurima
1763 3344 1961 3414 quippe

381 3431 574 3485 altaria
600 3431 652 3484 in
677 3439 1029 3501 peccata,seu
1057 3432 1124 3486 ad
1157 3433 1490 3502 peccandum
1524 3434 1654 3489 fecit
1682 3435 1957 3505 Ephraim.

383 3521 645 3592 Tangitur
677 3524 825 3590 prior
851 3523 1161 3592 Jeroboam,
1193 3524 1286 3595 qui
1319 3525 1384 3581 de
1413 3526 1551 3581 tribu
1585 3526 1838 3596 Ephraim
1867 3542 1960 3580 na-

384 3621 471 3668 tus
496 3614 757 3683 regnavit,
794 3624 850 3669 et
885 3616 976 3684 qui
1008 3631 1133 3671 eum
1164 3617 1355 3672 ordine
1384 3627 1737 3686 exceperunt,
1760 3618 1960 3687 quique

383 3704 438 3757 in
473 3703 620 3757 omni
665 3712 847 3758 monte
870 3713 923 3757 et
951 3705 1092 3759 colle
1123 3719 1248 3760 aras
1282 3705 1617 3762 daemonibus
1643 3717 1957 3773 erexerunt,

381 3805 438 3850 et
490 3795 760 3850 lsraelitas
790 3794 856 3850 ad
911 3796 1329 3851 sacrificandum
1370 3796 1723 3854 induxerunt.
1756 3799 1961 3855 Deinde

373 3902 504 3942 {cum
519 3901 679 3954 super
694 3888 828 3943 adeo
850 3888 1083 3944 infandis
1111 3887 1440 3944 facinoribus
1471 3889 1652 3944 dolere
1680 3889 1957 3955 deberent,

377 3996 409 4028 -‹
432 3979 854 4047 multiplicarunt
895 3981 1038 4035 enim
1070 3981 1262 4035 altaria
1298 3981 1350 4036 in
1386 3991 1664 4051 peccata,»
1691 3979 1957 4048 fecerunt,

385 4071 578 4140 inquit,
599 4071 760 4124 etiam
785 4091 802 4123 ι
833 4072 1058 4140 dilecta,
1093 4081 1146 4128 et
1179 4072 1398 4144 insuper
1424 4073 1477 4128 in
1503 4073 1676 4129 aliena
1711 4085 1960 4147 reputata

382 4170 511 4214 sunt
528 4159 656 4226 illi,»
684 4161 870 4232 utique
891 4161 1194 4230 Ephraim,¢
1211 4162 1398 4218 altaria
1424 4164 1962 4237 dileclaaSigniticat

382 4250 541 4321 plane
571 4250 623 4304 in
656 4252 822 4306 veteri
843 4252 1209 4319 tabernaculo,
1238 4254 1350 4310 sive
1376 4253 1766 4329 Hierosolymis
1800 4259 1851 4313 in
1881 4258 1962 4313 di-

380 4343 506 4396 vino
525 4341 718 4412 templo
748 4343 940 4412 posita.
966 4341 1134 4398 Erant
1157 4355 1338 4400 autem
1365 4345 1490 4411 duo,
1521 4361 1683 4402 unum
1718 4348 1960 4402 victima-

382 4449 501 4487 rum
553 4435 604 4488 in
651 4435 827 4503 primo
880 4449 972 4490 seu
1013 4437 1286 4492 exteriore
1329 4437 1700 4505 tabernaculo,
1731 4439 1959 4495 alterum

385 4523 747 4596 thymiamatis
774 4538 1019 4588 aureum,
1045 4524 1098 4578 in
1130 4526 1371 4582 secundo
1396 4535 1450 4580 et
1478 4528 1672 4582 intimo
1706 4528 1954 4582 taberna-

382 4614 587 4669 culo".
621 4613 782 4667 Multa
820 4613 984 4684 igitur
1014 4628 1200 4685 regum
1226 4615 1689 4684 Ephraimitarum
1713 4618 1953 4674 scelera:

383 4707 616 4775 primum
650 4705 886 4774 quidem,
919 4701 1043 4773 quia
1063 4705 1499 4776 multiplicarunt
1526 4708 1714 4764 altaria
1748 4710 1803 4764 in
1835 4725 1958 4780 pec-

385 4807 541 4855 cata;
571 4804 777 4864 postea,
805 4795 929 4864 quia
960 4805 1015 4850 et
1052 4793 1246 4849 dilecta
1279 4795 1548 4863 fecerunt,
1582 4796 1652 4852 ob
1699 4813 1817 4865 qua:
1839 4800 1960 4869 jure

385 4886 670 4939 lamentari
700 4895 753 4940 et
788 4886 971 4958 lugere
1009 4885 1340 4950 debuissent,
1374 4897 1431 4942 ut
1461 4889 1554 4959 qui
1589 4888 1758 4946 Deum
1790 4891 1960 4947 otl‘en-

385 4979 619 5043 dissent;
675 4987 730 5034 et
769 4981 912 5048 quod
956 4980 1131 5051 majus
1169 4988 1276 5046 est,
1310 4989 1369 5034 ut
1409 4981 1501 5050 qui
1553 4981 1605 5036 in
1651 4985 1956 5043 vecordiam

386 5070 666 5136 abiissent,
712 5071 994 5140 alienaque
1031 5073 1310 5129 duxissent
1359 5073 1554 5129 dilecta
1580 5073 1795 5141 altaria,
1839 5092 1960 5147 quae

388 5161 522 5217 adeo
545 5161 772 5232 diligere
814 5172 868 5215 et
890 5163 1037 5216 omni
1067 5167 1370 5220 reverentia
1388 5166 1640 5236 prosequi
1669 5168 1957 5222 convenie-

387 5255 496 5309 bat.
529 5253 872 5323 lnterjectum
905 5262 988 5309 est
1026 5265 1245 5311 autem:
1276 5277 1294 5310 ι
1319 5258 1654 5327 Describam,
1703 5274 1798 5315 seu
1826 5276 1958 5317 cnn-

387 5345 618 5401 scribam
652 5345 701 5399 ei
730 5344 1125 5401 multitudinem
1150 5359 1205 5400 et
1231 5347 1469 5418 legitima
1500 5351 1636 5420 ejus.
1656 5370 1676 5406 ι
1714 5351 1956 5420 Quonam

389 5438 594 5494 sensu?
627 5437 786 5510 124
813 5436 1202 5492 Multitudinem
1242 5439 1387 5493 enim
1438 5441 1725 5509 altarium,
1759 5444 1954 5514 inquit,

389 5530 444 5584 in
483 5541 705 5601 peccata
735 5533 801 5588 ab
847 5530 981 5602 ipsis
1014 5539 1470 5589 constructorum.
1507 5543 1560 5591 et
1587 5535 1828 5606 legitima
1871 5551 1957 5593 eo-

459 5700 506 5736 ³¹
535 5701 734 5764 lEsdr.
765 5719 844 5770 ut.
878 5702 932 5761 8.
1005 5705 1049 5739 ³⁸
1089 5704 1259 5762 Exod.
1302 5720 1389 5772 η,
1418 5705 1507 5760 27.

2145 2797 2273 2848 Ὅτι
2349 2794 2692 2860 ἐπλήθυνεν
2773 2794 3022 2863 Ἐφραῒμ
3086 2791 3485 2859 θυσιαστήρια
3563 2794 3653 2856 εἰς

2071 2886 2381 2956 ἁμαρτίας,
2433 2886 2711 2956 ἐγένοντο
2757 2885 2917 2950 αὑτῷ
2966 2884 3365 2952 θυσιαστήρια
3417 2884 3650 2952 ἠγαπη-

2066 2979 2241 3046 μένα.
2274 2977 2645 3047 Καταγφὰψω
2695 2977 2854 3042 αὐτῷ
2883 2977 3137 3046 πλῆθος,
3194 2975 3291 3030 καὶ
3320 2976 3391 3028 τὰ
3431 2976 3651 3043 νόμιμα

1990 3062 2034 3122 C
2067 3064 2287 3121 αὐτῶν.
2338 3071 2441 3132 Εἰς
2469 3070 2754 3136 ἀλλότρια
2787 3069 3200 3139 ἐλογίσθησαν
3231 3065 3389 3131 αὐτῷ
3437 3067 3650 3118 θυσίαν

2063 3159 2282 3230 στήριιι
2312 3160 2384 3213 τὰ
2407 3159 2781 3229 ήγαπημένα.

2131 3255 2244 3320 ιιιγ.
2303 3253 2604 3322 Ἐξηγείται
2658 3250 2755 3322 τὴν
2799 3249 3000 3316 αἰτίαν,
3051 3248 3118 3304 δι’
3163 3248 3229 3320 ἢν
3277 3247 3496 3310 εἰκότως
3533 3246 3646 3308 τοῖς

2061 3344 2404 3416 βασιλεύουσι
2445 3346 2507 3397 τὸ
2554 3344 2944 3398 ἀποπεσεῖσθαι
2973 3344 3070 3414 τῆς
3097 3343 3269 3414 ἀρχῆς
3299 3341 3427 3404 δεῖν,
3456 3339 3648 3407 ἐπιφέ-

2064 3455 2142 3508 ρει
2165 3436 2368 3491 λοιπόν.
2398 3436 2629 3489 Πλεῖστα
2654 3435 2751 3506 μὲν
2783 3435 2890 3504 γὰρ
2917 3435 3014 3487 ὅσα
3049 3434 3429 3503 Θυσιαστήρια,
3463 3430 3532 3483 τὰ
3565 3432 3648 3492 εἰς

2060 3529 2337 3600 ἁμαρτίας
2361 3527 2658 3596 πεποίηται
2689 3527 2766 3596 τῷ
2801 3527 3060 3595 Ἐφραίμ.
3097 3527 3294 3577 ’Ἀπτει
3330 3524 3385 3576 δὲ
3425 3525 3452 3576 ὁ
3488 3522 3645 3590 λόγος

2059 3620 2155 3673 καὶ
2176 3620 2268 3674 ἐπὶ
2297 3619 2388 3674 τὸν
2413 3620 2627 3688 πρῶτον
2665 3619 2968 3690 Ἰεροϐοὰμ,
3002 3617 3090 3672 τὸν
3119 3620 3181 3671 ὲκ
3207 3616 3379 3686 φυλῆς
3395 3614 3592 3684 Ἑφραῒ
3608 3633 3648 3684 μ

2062 3708 2477 3779 βασιλεύσαντα,
2513 3709 2605 3762 καὶ
2637 3712 2756 3779 μετ’
2789 3712 2996 3763 ἐκεῖνον
3032 3711 3112 3772 εἰς
3149 3710 3273 3771 τοὺς
3323 3706 3542 3778 ἑφεξῆς,
3592 3705 3642 3758 οἳ

2061 3802 2120 3854 ὲν
2148 3801 2263 3872 ὄρει
2285 3801 2449 3853 παντὶ
2471 3801 2564 3854 καὶ
2599 3800 2772 3872 βουνῷ
2804 3800 3020 3870 βωμοὺς
3052 3799 3364 3862 ἀνιστάντες
3391 3799 3504 3861 τοῖς
3524 3796 3642 3850 δαί-

2063 3908 2210 3963 μοσι,
2242 3891 2389 3945 θύειν
2423 3891 2637 3945 ἔπειθον
2666 3893 2792 3954 τοὺς
2818 3892 2875 3959 ἐξ
2925 3891 3157 3963 Ἰσραήλ.
3190 3885 3322 3944 Εἶτα
3355 3887 3646 3943 λυπεῖσθαι

2059 3977 2175 4032 δέον
2200 3980 2290 4033 ἐπὶ
2317 3981 2429 4043 τοῖς
2450 3979 2620 4045 οὕτως
2642 3981 2891 4044 ὲκτόποις
2911 3981 3355 4052 ἐπιχειρήμασιν,
3392 4001 3408 4032 ι
3441 3979 3645 4049 Ἐπλῄο

2060 4068 2224 4124 Θυναν
2248 4069 2356 4142 γὰρ
2381 4071 2739 4144 θυσιαστήρια
2761 4073 2831 4126 τὰ
2852 4072 2930 4136 εἰς
2947 4073 3238 4143 ἁμαρτίας,
3255 4091 3271 4123 ι
3296 4073 3642 4142 ἐποιήσαντο,

2060 4163 2248 4235 φησιν,
2285 4163 2423 4218 αὐτὰ
2455 4165 2548 4217 καὶ
2589 4185 2607 4216 ι
2647 4163 3027 4235 Ἦγαπημένα,
3061 4163 3154 4216 καὶ
3175 4162 3398 4232 προσέτι
3433 4161 3644 4222 τούτοις

2061 4257 2139 4320 εἰς
2191 4256 2448 4326 ἀλλότρια
2495 4257 2854 4327 ἐλογίσθησαν
2880 4254 3027 4325 αὐτῷ
3129 4254 3316 4325 (δῆλον
3346 4254 3402 4306 δὲ
3433 4253 3516 4306 ὅτι
3570 4251 3645 4322 τῷ

2075 4345 2357 4418 Ἐφραῖμ)
2415 4345 2779 4417 θυσιαστήρια
2839 4345 2906 4398 τά
2960 4344 3348 4413 ἠγαπημέναδ
3372 4342 3532 4412 Δηλοί
3587 4341 3645 4393 δὲ

2065 4437 2286 4499 πάντως
2313 4435 2378 4489 τὰ
2403 4437 2461 4488 ἐν
2491 4438 2556 4507 τῇ
2590 4437 2794 4507 ἀρχαίᾳ
2819 4439 3013 4507 σκηνῇ,
3041 4435 3208 4506 ἧγουν
3236 4434 3294 4486 ὲν
3320 4436 3434 4495 τοῖς
3478 4433 3645 4502 Ἰερο-

2069 4528 2342 4598 σολύμοις,
2399 4528 2456 4580 ὲν
2499 4527 2577 4597 τῷ
2616 4526 2744 4598 θείῳ
2785 4527 3010 4597 κείμενα
3059 4525 3192 4596 ναῷ.
3245 4525 3349 4577 Δύο
3407 4523 3462 4575 δὲ
3501 4519 3645 4592 ἦσαν

2067 4621 2245 4684 ταυτὶ,
2265 4619 2325 4672 τὸ
2350 4619 2447 4690 μὲν
2471 4619 2580 4673 τῶν
2613 4619 3020 4690 καρπωμάτων,
3055 4620 3113 4670 ὲν
3139 4619 3204 4688 τῇ
3233 4615 3420 4687 πρώτῃ
3445 4617 3641 4685 σκηνῇ,

2063 4712 2122 4765 τὸ
2155 4712 2212 4765 δὲ
2248 4711 2434 4782 ἕτερον
2465 4709 2560 4764 τοῦ
2592 4710 2935 4782 θυμιάματος
2959 4711 3018 4764 τὸ
3042 4708 3298 4781 χρυσοῦν,
3332 4710 3387 4759 ἐν
3415 4710 3479 4776 τῇ
3520 4706 3645 4758 δευ-

2059 4805 2215 4876 τέρᾳ,
2245 4805 2340 4858 καὶ
2362 4803 2636 4858 ἐσωτάτω.
2659 4801 2836 4856 Πολλὰ
2862 4801 3151 4872 τοιγαροῦν
3179 4802 3287 4853 τῶν
3317 4797 3375 4865 ἐξ
3405 4796 3646 4868 Ἐφραῖμ

2061 4897 2524 4968 βεδασιλευκότων
2586 4894 2655 4948 τὰ
2710 4893 3050 4965 ἐγκλήματα·
3106 4892 3323 4963 πρῶτον
3392 4890 3491 4960 μὲν
3556 4889 3643 4941 ὅτι

2058 4989 2366 5061 ὲπλήθυναν
2408 4988 2770 5060 Θυσιαστήρια
2805 4989 2884 5052 εἰς
2916 4987 3223 5058 ἁμαρτίας·
3270 4978 3388 5035 εἶτα
3425 4982 3504 5034 ὅτι
3546 4981 3643 5033 καὶ

2056 5081 2390 5153 ὴγαπημένα
2434 5080 2777 5151 πεποίηνται,
2812 5079 2899 5143 τὰ,
2931 5078 3016 5146 ἐφ’
3053 5071 3134 5138 οἷς
3158 5072 3223 5146 ἧν
3259 5075 3405 5137 εἰκὸς
3443 5072 3642 5141 ὀλοφύ-

2063 5171 2252 5243 ρεσθαι
2283 5173 2377 5226 καὶ
2415 5171 2653 5242 θρηνεῖν,
2703 5171 2778 5232 ὡς
2821 5164 3333 5238 προσκεκρουκότας
3367 5181 3381 5194 ’
3436 5162 3531 5215 καὶ
3579 5162 3645 5214 τὸ

2064 5263 2142 5318 ἔτι
2176 5264 2384 5330 μεῖζον,
2418 5264 2493 5327 ὼς
2519 5260 2937 5322 ἀπονενευκότες
2960 5259 3039 5320 εἰς
3065 5257 3341 5317 ἀπόνοιαν,
3383 5253 3643 5323 ἀλλότρια

2063 5355 2386 5428 πεποίηνται
2434 5354 2504 5409 τὰ
2559 5351 2889 5424 ἡγαπημένα
2923 5348 3320 5420 θυσιαστήρια,
3377 5345 3414 5400 ἃ
3469 5345 3642 5414 ἐχρῆν

2061 5444 2234 5510 οὕτως
2269 5447 2491 5518 ἀγαπᾷν
2534 5446 2629 5499 καὶ
2671 5446 2730 5496 ὲν
2769 5442 2929 5499 παντὶ
2971 5438 3240 5494 ποιεῖσθαι
3278 5437 3437 5507 λόγῳ.
3458 5437 3641 5506 [lpos-

2061 5537 2285 5610 έρῥιπτε
2318 5537 2376 5590 δὲ
2403 5537 2490 5592 διὰ
2526 5537 2691 5608 μέσου
2744 5535 2804 5589 τό
2830 5552 2843 5566 ·
2883 5553 2900 5586 ι
2937 5529 3291 5604 Καταγράψω
3318 5525 3464 5596 αὑτῷ
3496 5524 3640 5596 πλῆ-
