3954 6208
231 344 340 400 2-39
1160 341 1715 400 COMMENTARIUS
1754 342 1819 399 IN
1861 341 2098 400 OSEAM
2140 341 2592 400 PROPIIETAM.
3411 331 3528 392 210

237 462 356 523 υος,
382 452 480 509 καὶ
504 452 574 507 τὰ
601 457 809 524 νόμιμα
838 451 1026 506 αὐτοῦ.
1056 473 1072 504 ι
1118 455 1229 508 Καὶ
1253 453 1306 506 τί
1337 453 1578 508 τοιοῦτον
1623 455 1826 527 ὑποδη-
1857 511 1863 524 Α

1976 472 2076 524 nn,
2110 457 2212 512 hoc
2234 466 2339 524 est,
2365 467 2630 527 praeterea
2660 453 2898 525 legitima
2947 455 3187 524 ipsorum
3230 450 3522 519 sacriﬁcia,

232 548 359 611 λοῖ;
400 545 471 598 Τὸ
528 545 636 614 γάρ
676 561 758 597 τοι
807 544 1029 614 πλῆθος,
1072 544 1225 615 φησι,
1282 544 1390 599 τῶν
1435 547 1515 610 είς
1561 547 1840 618 ἁμαρτίας

1977 546 2061 602 ive
2089 547 2485 602 sacriﬁciorum
2531 555 2796 614 tempora,
2819 552 2912 597 aut
2952 543 3162 606 modos,
3195 542 3392 611 quibus
3429 541 3529 594 im-

235 638 425 698 αὐτοῖς
469 634 857 704 πεποιημένων
895 632 1321 706 θυσιαστηρίων,
1366 635 1462 688 καὶ
1511 636 1579 688 τὰ
1633 637 1840 708 νόμιμα

1976 654 2108 695 uras
2158 639 2507 694 crerimonias
2550 638 2858 693 tractabant
2889 637 3338 705 (concidebantur
3383 621 3530 689 enim

233 730 443 791 αὐτῶν,
504 729 778 793 τουτέστι,
830 728 996 781 πάλιν
1044 728 1145 791 τὰς
1194 728 1380 791 αὐτοῖς
1434 730 1840 800 νενομισμένας

1976 746 2106 801 nper
2151 731 2426 786 frumento
2467 742 2521 785 et
2560 731 2710 798 vino,
2733 740 2789 786 ct
2837 731 2941 784 alia
2977 728 3234 783 nonnulla
3287 727 3408 782 istis
3441 740 3547 780 co--

237 821 456 884 θυσίας,
499 822 616 892 ἦτοι
664 820 792 883 τοὺς
837 819 947 872 τῶν
992 819 1194 872 θυσιῶν
1232 821 1457 887 καιροὺς
1501 821 1532 892 ἢ
1579 822 1836 894 τρόπους,

1981 835 2106 878 nata
2142 823 2322 880 facere
2352 824 2689 892 studebant),
2723 824 2777 878 in
2819 833 3040 895 peccata
3072 822 3201 893 ipsis
3245 832 3302 876 et
3335 819 3540 874 delicta-

235 917 364 970 καθ’
421 914 517 979 οῦς
563 914 665 977 τὰς
714 913 974 985 βεϐήλους
1026 913 1308 984 προσῆγον
1379 911 1604 976 τελετὰς
1663 913 1838 976 (κατ-

1979 920 2306 972 (inscribam.

236 1007 534 1076 ετέμνοντο
566 1003 676 1074 γὰρ
721 1003 814 1056 ἐπὶ
862 1003 992 1073 σίτῳ
1027 1003 1122 1056 καὶ
1161 1003 1310 1072 οίνῳ,
1355 1003 1448 1055 καὶ
1490 1003 1656 1075 ἕτερα
1695 1005 1833 1059 ἆττα
1865 1006 2079 1071 τούτοις
2121 1008 2340 1064 ὲοικότα
2399 1009 2534 1080 δρᾷν
2561 1007 2935 1076 ἐσπούδαζον)
2981 1008 3062 1071 εἰς
3106 1004 3381 1078 ἁμαρτίας
3412 1002 3514 1054 αὖ·
3541 1073 3552 1084 ο

235 1104 356 1162 τοῖς
391 1098 730 1169 καταγράψαι
760 1096 828 1150 τά
857 1096 1200 1169 ἐγκλήματα.
3542 1087 3552 1154 ἷ

314 1190 525 1258 Χρῆμα
583 1187 649 1259 δὴ
686 1185 779 1240 οὖν
831 1189 1117 1259 σωτήριον,
1174 1187 1236 1241 τὸ
1267 1189 1378 1244 τῶν
1424 1191 1586 1244 θείων
1621 1191 1841 1262 ἔχεσθαι

243 1280 676 1351 θυσιαστηρίων,
721 1279 818 1333 καὶ
872 1280 1288 1351 μεταποιεῖσθαι
1337 1281 1446 1335 τῶν
1497 1281 1650 1354 παρά
1680 1280 1837 1345 Θεοῦ,

244 1375 343 1427 καὶ
383 1372 460 1442 μὴ
494 1372 676 1441 ζητεῖν
707 1371 775 1424 τὰ
805 1371 1028 1442 ἑτέρων,
1057 1370 1094 1425 ἃ.
1122 1372 1216 1425 καὶ
1239 1371 1387 1426 ἔστιν
1421 1375 1502 1437 είς
1533 1372 1835 1444 ἁμαρτίαν.

244 1466 421 1519 Τοῦτο
492 1463 740 1517 ποιοῦσιν
789 1463 838 1517 οί
893 1463 967 1535 μὴ
1027 1463 1266 1536 γνησίως
1331 1463 1836 1538 χριστιανίζοντες,

1949 1291 2076 1337 sunt
2131 1298 2159 1335 a
2209 1283 2340 1351 Deo,
2369 1297 2678 1352 capessere,
2717 1297 2817 1336 nec
2855 1281 3084 1334 alinrmn
3119 1295 3385 1349 qna-rere,
3417 1296 3538 1348 quae

1949 1375 2000 1428 in
2027 1384 2305 1444 peccatum
2339 1385 2486 1431 sunt.
2509 1375 2620 1428 Hoc
2652 1374 2856 1428 faciunt
2880 1390 2988 1427 non
3011 1372 3535 1438 sinecriChristiani,

1945 1469 2034 1537 qui
2067 1477 2186 1539 post
2216 1468 2508 1523 salutarem
2545 1468 2874 1538 baptismum
2923 1467 2989 1520 ad
3039 1465 3460 1521 consuetudines
3486 1475 3542 1520 et

247 1559 617 1620 ἐκπίπτοντες
665 1556 722 1608 δὲ
769 1556 910 1627 μετά
954 1556 1014 1610 τὸ
1059 1559 1330 1630 σωτήριον
1373 1559 1660 1630 βάπτισμα
1704 1559 1841 1631 πρὸς

1979 1557 2351 1615 bservationes
2397 1558 2646 1614 ethnicas
2676 1557 2995 1612 delabuntur
3027 1575 3040 1611 :
3078 1556 3278 1627 quibus
3304 1573 3538 1612 consen-

249 1654 346 1724 ἔθη
392 1654 487 1706 καὶ
531 1654 950 1724 παρατηρήσεις
1004 1652 1324 1724 Ἑλληνικὰς
1351 1697 1366 1721 ,
1415 1649 1498 1720 οἷς
1550 1655 1843 1710 ἀκόλουθον

1976 1667 2167 1706 aneum
2196 1660 2279 1705 est
2309 1652 2564 1705 occinere
2587 1649 2716 1704 illud
2750 1649 2904 1703 Pauli
2930 1667 2944 1704 :
2970 1649 3114 1704 «Non
3149 1650 3542 1719 potestismen-

252 1748 427 1800 εἰπεῖν
459 1747 522 1799 τὸ
547 1746 634 1800 διὰ
667 1747 766 1816 τῆς
805 1745 900 1800 τοῦ
940 1745 1151 1800 Παύλου
1197 1747 1419 1818 φωνῆς·
1460 1767 1479 1799 ι
1509 1748 1584 1802 Οὐ
1621 1747 1850 1803 δύνασθε

1976 1761 2029 1800 .ze
2049 1744 2258 1799 Domini
2285 1743 2578 1815 participes
2593 1757 2735 1810 esse,
2751 1751 2802 1796 et
2832 1758 3031 1798 mensze
3046 1742 3504 1799 daanioniorum“.
3518 1760 3537 1794 ι

255 1837 537 1910 τραπέζης
591 1839 800 1910 Κυρίου
849 1839 1122 1910 μετέχειν,
1186 1841 1282 1893 καὶ
1323 1839 1608 1912 τραπέζης
1658 1841 1850 1910 δαιμο-

1976 1838 2261 1904 Quinetiam
2297 1837 2388 1907 qui
2421 1835 2705 1890 sceleratis
2733 1833 3004 1890 lnereticis
3036 1849 3094 1888 se
3129 1834 3456 1903 adiungunt,
3487 1843 3542 1888 et

257 1933 408 1984 νίων.
440 1950 459 1982 ι
504 1929 616 1983 Καὶ
677 1931 785 2001 μὴν
844 1932 938 1984 καὶ
988 1931 1038 1982 οἱ
1092 1932 1207 1994 τοῖς
1257 1930 1495 1994 ἀνοσίοις
1554 1933 1850 2003 αἰρετικοῖς

1976 1945 2073 2000 [uae
2103 1929 2242 1998 apud
2275 1928 2421 2000 ipsos
2445 1935 2593 1990 sunt,
2632 1926 2880 1981 altarium
2912 1925 3202 1995 participes
3235 1925 3387 1990 ﬁunt,
3420 1925 3542 1994 qui-

259 2024 682 2094 συναπτόμενοι,
741 2023 838 2076 καὶ
875 2022 982 2075 τῶν
1022 2025 1154 2093 παρ’
1203 2023 1390 2087 αὐτοῖς
1444 2023 1852 2094 θυσιαστηρίων

1976 2038 2055 2077 ms
2077 2036 2204 2077 vere
2237 2021 2292 2075 in
2328 2020 2502 2076 aliena
2530 2019 2672 2074 facta
2702 2028 2832 2073 sunt
2868 2017 3060 2071 altaria
3099 2015 3328 2078 dilecta;
3360 2015 3544 2068 multi-

261 2118 602 2190 μετέχοντες,
657 2109 738 2178 οἷς
803 2115 896 2169 καὶ
952 2116 1094 2168 κατὰ
1144 2114 1410 2185 ἀλήθειαν
1457 2116 1538 2179 είς
1591 2114 1852 2186 ἀλλότρια

1976 2113 2222 2168 dicarunt
2263 2113 2408 2168 enim
2451 2113 2555 2167 sibi
2592 2110 2783 2166 altaria
2817 2110 2870 2164 in
2910 2118 3156 2180 peccata,
3189 2108 3401 2190 ,Agnum
3442 2122 3542 2161 ev-

2020 1192 2477 1262 Salutareitaque
2499 1191 2699 1245 divinis
2733 1191 2996 1245 altaribus
3026 1190 3551 1255 adlnnrere,etqn:c.
3626 1174 3631 1178 ’
3725 1171 3729 1175 ’

257 2209 600 2280 ἐγενήθησαν
631 2207 996 2276 θυσιαστήρια
1021 2206 1090 2260 τὰ
1111 2208 1467 2278 ἡγαπημένα.
1513 2206 1854 2279 Ἐπλήθυναν

257 2304 366 2374 γὰρ
425 2303 642 2364 ἑαυτοῖς
694 2299 763 2352 τὰ
814 2301 895 2363 εἰς
955 2300 1255 2371 ἁμαρτίας,
1317 2299 1424 2365 ἔξω
1487 2299 1709 2362 θύοντες
1763 2299 1855 2352 τὸν

257 2395 454 2465 ἀμνὸν,
485 2393 587 2464 τῆς
623 2394 778 2465 ἱερᾶς
824 2409 882 2444 τε
911 2395 1004 2446 καὶ
1038 2391 1190 2456 θείας
1223 2392 1415 2462 αὐλῆς,
1450 2392 1722 2458 τουτέστι,
1757 2391 1856 2462 τῆς

271 2485 626 2557 Ἐκκλησίας.

327 2577 485 2630 Διότι
538 2576 647 2629 ἐὰν
699 2577 929 2629 θύσωσι
961 2575 1201 2638 θυσίαν,
1255 2574 1354 2627 καί
1404 2572 1639 2642 φάγωσι
1690 2571 1852 2640 κρέα,

261 2671 476 2734 Κύριος
509 2669 582 2721 οὐ
620 2665 1017 2735 προσδέξεται
1063 2665 1231 2720 αὑτά.
1276 2666 1406 2720 Νῦν
1439 2665 1858 2736 μνησθήσεται

264 2761 370 2824 τὰς
398 2758 640 2826 ἀδικίας
674 2757 895 2825 αὐτῶν,
925 2757 1022 2813 καὶ
1067 2757 1380 2828 ἐκδικήσει
1428 2757 1531 2824 τὰς
1565 2757 1860 2826 ἁμαρτίας

266 2868 300 2902 ιι
309 2867 484 2902 ιντων.

333 2942 449 3008 ιτῐν.
491 2941 618 2996 Ὀτι
663 2941 923 3011 γεγόνασι
971 2941 1070 2994 καὶ
1131 2939 1510 3010 πεπλήθυνται
1558 2938 1710 3011 παρὰ
1761 2943 1858 2991 τοῦ

279 3034 522 3106 Ἰιῖερραῒμ
550 3035 617 3087 τὰ
646 3035 723 3097 είς
751 3032 1028 3105 ἁμαρτίας
1057 3033 1442 3104 θυσιαστήρια,
1491 3032 1585 3086 καὶ
1615 3032 1702 3084 διὰ
1732 3028 1861 3082 τού-ο

269 3146 370 3179 των
393 3123 465 3180 εὖ
509 3126 654 3197 μάλα
687 3126 857 3197 δηλοῖ.
903 3126 970 3178 "A
1004 3125 1112 3196 γὰρ
1161 3125 1370 3189 θύουσι,
1411 3125 1598 3195 φησιν,
1626 3125 1687 3176 οὐ
1739 3121 1858 3192 Θεῷ

273 3219 494 3288 μᾶλλον,
520 3217 658 3271 ἀλλά
684 3219 797 3280 τοῖς
822 3217 929 3270 τῶν
962 3218 1196 3270 εἰδώλων
1231 3219 1484 3286 τεμένεσι
1517 3217 1644 3287 παρ’
1679 3218 1859 3270 αὐτῶν

270 3311 666 3382 προσφέρεται.
700 3308 818 3363 Κᾶν
845 3309 1174 3380 ἐορτάζωσιν
1205 3310 1298 3364 ἐπὶ
1325 3312 1444 3372 ταῖς
1469 3309 1703 3374 θυσίαις,
1734 3326 1859 3380 τρο-

270 3401 383 3468 ςὼν
411 3401 445 3467 ἢ
475 3398 656 3452 ποτῶν
677 3399 1181 3470 ἀναπιμπλάμενοι,
1231 3401 1366 3472 πρὸς
1404 3400 1536 3453 Θεὸν
1580 3401 1640 3453 τὸ
1673 3405 1864 3473 χρῆμα

270 3493 440 3544 οὐδέν.
474 3493 551 3545 Οὐ
582 3492 690 3562 γὰρ
724 3491 871 3563 αὐτῷ
907 3491 1122 3548 τελοῦσι
1163 3493 1262 3564 τὴν
1295 3493 1621 3563 πανήγυριν,
1668 3493 1750 3546 ὅτι
1793 3491 1864 3544 τὰ

271 3588 347 3648 si;
374 3583 538 3648 δόξαν
572 3583 862 3654 δαιμονίων
889 3585 1261 3656 πραττόμενα,
1300 3586 1422 3638 κατ’
1449 3584 1641 3637 οὐδένα
1664 3584 1864 3655 τρόπον

273 3678 642 3750 περαδέξαιτο
670 3679 734 3731 ἂν
769 3679 802 3748 ἡ
830 3677 948 3730 θεία
982 3695 1041 3730 τε
1085 3677 1178 3729 καὶ
1207 3677 1480 3746 ἀκήρατος
1505 3676 1687 3744 φύσις.
1715 3677 1868 3747 [lup-

272 3772 522 3835 οξύνετει
569 3771 626 3824 δὲ
682 3769 882 3840 μᾶλλον
925 3770 1001 3833 ὡς
1042 3768 1367 3840 ὑϐρισμένη.
1421 3769 1598 3823 Μόνον
1645 3769 1702 3822 δὲ
1745 3769 1867 3839 οὐχὶ

277 3866 368 3919 καὶ
392 3867 490 3934 οὐχ
522 3864 723 3917 ἑκοῦσα
749 3862 1138 3928 καταϐιάζεται
1169 3863 1308 3935 πρός
1335 3879 1398 3931 γε
1436 3862 1498 3916 τὸ
1535 3863 1734 3934 χρῆναι
1758 3861 1868 3915 λοι-

279 3959 376 4010 πῖον
439 3960 554 4019 τοῖς
602 3958 684 4019 είς
732 3954 892 4008 τοῦτο
949 3954 1206 4008 καλοῦσιν
1259 3955 1430 4027 ὀργῆς
1486 3955 1712 4024 ἐπάγειν
1770 3954 1869 4018 τὰς

276 4054 452 4116 δίκας,
491 4051 795 4106 καὶλοιπδν
838 4048 970 4102 ἰέναι
999 4048 1135 4119 πρὸς
1167 4047 1473 4116 ἀνάμνησιν
1516 4048 1751 4110 πάντων,
1795 4046 1871 4109 ὡς

277 4145 406 4207 ἔπος
461 4145 656 4205 εἰπεῖν,
707 4142 816 4196 τῶν
862 4143 976 4204 τοῖς
1026 4140 1425 4212 προσκρούουσι
1477 4139 1872 4210 πεπλημμελη-

282 4239 482 4305 μένων.
509 4231 584 4290 υῦ
607 4236 672 4304 δὴ
701 4234 1010 4302 γεγονότος,
1043 4234 1184 4297 ὀξεῖς
1207 4235 1256 4285 ol
1286 4231 1468 4302 θυμοὶ,
1514 4230 1664 4303 παρά
1705 4231 1873 4293 πόδας

281 4331 312 4398 ἡ
361 4328 514 4396 δίκη.
552 4326 644 4378 καὶ
677 4325 850 4390 οὐδεὶς
901 4326 929 4378 ό
980 4323 1385 4395 ἐξαιρούμενος.
1451 4339 1472 4374 ι
1499 4322 1734 4392 Φοϐερδν
1779 4317 1874 4376 οῦν

1957 2216 2038 2261 tra
2084 2221 2301 2261 sacrum
2335 2214 2390 2260 ct
2437 2204 2678 2262 divinum
2729 2201 2892 2268 ovile,
2929 2201 3226 2258 Ecclesiani
3270 2200 3539 2263 videlicet,

1957 2299 2358 2355 sacriﬁcantes.

2032 2593 2197 2646 Vsus.
2228 2589 2316 2644 15.
2371 2588 2510 2653 Quia
2540 2603 2584 2640 st
2613 2585 2999 2640 rmmolaverint
3025 2583 3273 2644 hostiam,
3306 2593 3351 2634 et
3377 2596 3552 2633 come-

1959 2683 2130 2738 derint
2190 2695 2410 2742 carnes,
2459 2677 2716 2730 Dominus
2784 2693 2890 2730 non
2940 2675 3186 2743 suscipiet
3242 2689 3324 2726 ea.
3390 2670 3548 2725 Nunc

1961 2773 2326 2832 recordabitur
2365 2770 2675 2841 iniquitates
2703 2783 2910 2833 eorum,
2939 2775 2988 2820 et
3030 2765 3313 2823 ulciscclur
3337 2774 3550 2833 peccata

1961 2884 2167 2925 eorum.

2030 2959 2211 3015 XCIII.
2268 2957 2438 3013 Facta
2489 2964 2542 3009 et
2593 2952 2947 3024 multiplicata
2993 2966 3116 3008 esse
3170 2951 3239 3006 ab
3295 2947 3564 3019 Ephraim-

1963 3053 2156 3108 altaria
2205 3051 2258 3106 in
2310 3058 2557 3120 peccata,
2617 3049 2780 3103 etiam
2835 3045 2922 3100 bis
2967 3043 3242 3098 evidenter
3293 3040 3549 3096 ostendit.

1963 3148 2095 3214 Qua:
2123 3146 2269 3202 enim
2294 3142 2630 3205 sacriﬁcant,
2661 3139 2861 3209 inquit,
2894 3152 3001 3192 non
3035 3136 3146 3191 Deo
3173 3134 3364 3202 magis,
3391 3147 3552 3200 quam

1964 3239 2232 3293 idolorum
2262 3235 2506 3292 delubris
2541 3234 2608 3288 ab
2638 3233 2773 3304 ipsis
2812 3229 3139 3285 oﬁ‘eruntur.
3167 3229 3346 3296 Atque
3389 3225 3552 3278 etiam

1963 3328 2007 3382 si
2063 3327 2205 3382 diem
2271 3326 2472 3381 festum
2523 3323 2576 3377 in
2635 3319 2921 3377 sacriﬁciis
2985 3318 3108 3372 cibo
3181 3324 3274 3368 aut
3337 3312 3554 3381 potione

1963 3418 2215 3490 completi
2259 3417 2540 3478 duxerint,
2591 3412 2726 3468 nihil
2777 3411 2880 3465 hoc
2920 3408 2985 3461 ad
3021 3407 3212 3461 Deum.
3255 3403 3374 3458 Non
3407 3402 3550 3456 enim

1968 3512 2068 3579 ipsi
2118 3510 2436 3580 panegyrim
2487 3520 2583 3560 seu
2633 3502 3012 3558 celebritatem
3060 3497 3374 3553 instituunt.
3425 3494 3556 3560 Qua:

1971 3613 2207 3669 namque
2240 3597 2307 3652 ad
2333 3598 2640 3653 daemonum
2664 3589 2892 3664 gloriam
2936 3589 3091 3653 ﬁunt,
3123 3587 3304 3642 divina
3327 3586 3554 3638 immor-

1969 3691 2202 3762 talisque
2235 3699 2428 3745 natura
2466 3687 2613 3742 nullo
2645 3683 2806 3738 modo
2833 3680 3110 3745 admittit;
3140 3679 3272 3750 quin
3304 3677 3551 3732 irritatur

1970 3783 2172 3853 potius,
2207 3789 2266 3836 ut
2293 3779 2548 3850 injuriam
2583 3787 2758 3846 passa.
2795 3781 2851 3827 et
2885 3779 3097 3825 tantum
3139 3783 3244 3823 non
3283 3766 3447 3820 invita
3489 3763 3556 3816 ad

1971 3891 2160 3946 poenas
2205 3876 2311 3930 huc
2357 3887 2477 3929 eam
2525 3866 2947 3940 provocantibns
2997 3879 3066 3917 ex
3118 3861 3197 3914 ira
3238 3858 3558 3928 inﬁigendas

1972 3971 2229 4041 adigitur,
2274 3979 2331 4022 et
2373 3967 2442 4020 ad
2491 3958 2887 4019 recordandum
2927 3956 2994 4010 de
3040 3961 3242 4010 caetero
3287 3951 3558 4013 οιιιιιίιιιιι,

1974 4069 2032 4113 ιιι
2061 4058 2227 4112 verbo
2252 4056 2455 4118 dicam,
2485 4067 2605 4121 quin
2633 4065 2663 4104 a
2695 4044 3134 4114 delinquentibus
3174 4043 3228 4097 in
3256 4057 3314 4094 se
3343 4049 3552 4108 patrata

1974 4127 2124 4204 sunt:
2152 4147 2306 4213 Quod
2335 4145 2426 4200 ubi
2459 4143 2664 4198 factum
2702 4137 2888 4200 fuerit,
2921 4136 3212 4188 vehemens
3242 4133 3348 4185 erit
3383 4131 3554 4193 furor,

1977 4249 2102 4294 ante
2131 4237 2298 4308 pedes
2331 4233 2590 4300 vindicta,
2619 4239 2674 4284 et
2701 4243 2862 4284 nemo
2889 4227 2982 4296 qui
3013 4223 3228 4292 eripiat.
3260 4240 3278 4272 ι
3314 4221 3557 4274 llnrren-

1975 4332 2102 4385 dum
2155 4329 2319 4398 igitur
2367 4325 2609 4382 incidere
2671 4324 2725 4378 in
2779 4333 2975 4375 manus
3035 4315 3131 4371 Dei
3177 4313 3409 4368 viventis
3433 4312 3498 4364 ³⁵.
3534 4331 3552 4362 ι

279 4421 386 4491 ἄρα
448 4419 512 4471 τὸ
546 4419 806 4488 ἐμπεσεῖν
844 4418 924 4480 εἰς
955 4419 1145 4487 χεῖρας
1184 4414 1320 4468 Θεοῦ
1360 4415 1562 4480 ζῶντος
1591 4454 1604 4469 .
1632 4433 1650 4466 ι
1690 4416 1863 4484 Προσ-

1981 4425 2144 4480 Decet
2166 4421 2365 4492 magis,
2393 4429 2450 4473 et
2481 4419 2619 4473 citra
2649 4412 3112 4485 comparationem
3149 4406 3343 4462 melius
3371 4416 3475 4467 est,
3507 4411 3559 4456 et

279 4517 402 4581 ήκει
436 4511 495 4563 δὲ
535 4509 758 4580 μᾶλλον,
797 4510 893 4563 καὶ
918 4509 1144 4579 ἄμεινον
1174 4508 1544 4578 ἀσυγκρίτως,
1573 4507 1667 4560 καὶ
1690 4507 1872 4578 πάσης

282 4607 412 4674 ἡμῖν
439 4603 741 4674 εὐημερίας
766 4601 1044 4674 πρόξενον,
1066 4600 1148 4664 τὸ,
1180 4599 1302 4670 Θεῷ
1322 4600 1633 4671 προσάγειν
1661 4598 1872 4666 θυσίας,

287 4695 664 4764 πνευματικὰς
712 4694 978 4765 δηλονότι,
1037 4692 1133 4747 καὶ
1181 4692 1331 4763 αὑτῷ
1370 4691 1612 4762 πληροῦν
1658 4691 1870 4762 ἑορτὰς,

286 4786 527 4840 διαϐιοῦν
550 4786 729 4856 ὀρθῶς
761 4786 1094 4858 ᾑρημένους,
1130 4785 1224 4838 καὶ
1256 4785 1318 4837 τὸ
1341 4784 1481 4838 κατά
1504 4799 1557 4836 τι
1577 4782 1709 4852 γοῦν
1738 4782 1876 4845 ὅλως

287 4880 596 4933 διαπίπτειν
631 4877 1162 4942 ἀωσπουὸἀζοντας.

349 4969 528 5025 Αὐτοὶ
576 4969 644 5023 δὲ
707 4974 796 5035 εις
840 4970 1148 5040 Αιγυπτον
1193 4967 1606 5039 ἀπέστρεψαν,
1657 4968 1756 5022 καί
1803 4967 1873 5021 ἐν

302 5064 638 5132 Ἀσσυρίοις
658 5061 959 5130 ἀκάθαρτα
984 5060 1298 5131 φάγονται.

359 5161 471 5222 ινιν.
506 5156 756 5208 Αίτιᾶται
782 5154 967 5218 πάλιν,
988 5153 1063 5217 ὡς
1084 5152 1389 5207 ἀνούστατά
1419 5169 1480 5205 τε
1527 5152 1620 5205 καὶ
1646 5151 1873 5215 ἀνοσίως

294 5248 487 5318 κομιδῇ
541 5247 733 5318 διαζῇν
783 5247 1089 5313 ἐθέλοντας,
1129 5247 1224 5300 καὶ
1267 5245 1498 5300 είσάπαν
1537 5245 1873 5315 ἠγνοηκότας

290 5340 387 5410 τὴν
409 5341 507 5393 τοῦ
541 5339 913 5410 συμφέροντος
938 5339 1146 5410 τρίὸον.
1195 5337 1338 5407 Ἐγὼ
1369 5338 1468 5408 μὲν
1513 5337 1643 5408 γὰρ,
1684 5337 1870 5408 φησὶν,

291 5433 370 5494 είς
405 5430 568 5484 τοῦτο
594 5429 821 5500 γνώμης
863 5430 1258 5500 ἐνηνεγμένους
1297 5429 1504 5491 λοιπὸν,
1553 5429 1874 5496 ὑπενεγκεῖν

291 5523 564 5593 ἠπείλησα
596 5523 720 5585 ταῖς
746 5524 955 5593 ὀργαῖς,
990 5522 1084 5575 καὶ
1117 5521 1426 5591 ὲκδικήσειν
1463 5521 1562 5584 τὰς
1601 5521 1874 5592 ἁμαρτίας

294 5615 493 5678 αὐτῶν,
542 5616 638 5668 καὶ
696 5613 1213 5686 ἀναμνησθήσεσθαι
1260 5614 1440 5677 πάσας
1495 5613 1592 5676 τὰς
1647 5612 1876 5684 ἀνομίας

367 5793 458 5848 ³³ι
495 5793 620 5850 Cor.
665 5810 716 5859 χ,
746 5792 835 5846 eo.
915 5792 957 5824 αι
993 5792 1150 5848 ιιοιη.
1191 5808 1246 5860 κ,
1280 5792 1367 5846 ει.

1970 4531 2186 4572 ntimem
2245 4514 2406 4570 nobis
2464 4510 2779 4566 felicitatem
2839 4504 3126 4568 conciliat,
3185 4500 3294 4554 Deo
3353 4497 3556 4551 hostias

1971 4604 2191 4670 θεῖοι-ιε,
2227 4599 2541 4672 spirituales
2567 4597 2844 4662 nimirum,
2871 4603 2928 4649 et
2963 4592 3064 4662 ipsi
3097 4589 3376 4645 celebrare
3399 4587 3555 4645 festa,
3587 4605 3596 4616 τ

1974 4699 2142 4752 vitam
2177 4705 2325 4750 recte
2356 4691 2712 4757 instituendo,
2743 4697 2799 4743 et
2823 4687 2906 4743 vel
2937 4685 3188 4741 minimas
3209 4681 3375 4736 animi
3407 4679 3525 4732 labe
3549 4688 3573 4723 δ

1976 4805 2201 4862 prorsus
2230 4785 2564 4858 repellenda.

2033 4967 2211 5038 1.25
2242 4966 2354 5035 Ipsi
2387 4981 2507 5021 vero
2545 4964 2600 5017 in
2641 4959 2935 5030 Egyptum
2971 4950 3202 5008 conversi
3232 4958 3375 5013 sunt,
3415 4957 3460 5002 et
3504 4946 3558 4999 in

1977 5059 2211 5128 Assyriis
2239 5057 2510 5110 immunda
2543 5050 2832 5106 comedent.

2050 5147 2232 5205 XCIV.
2289 5146 2524 5200 Rursum
2575 5156 2674 5196 eos
2719 5139 2775 5193 in
2817 5133 3242 5206 reprehensione
3282 5129 3454 5198 ponit,
3503 5134 3557 5176 ut

1975 5241 2068 5312 qui
2131 5234 2575 5307 insipientissime
2626 5237 2682 5285 ct
2736 5225 3063 5298 impiissirne
3127 5222 3293 5277 vitam
3356 5218 3560 5314 agitare

1979 5329 2387 5392 constituerint,
2429 5333 2486 5381 et
2531 5321 2627 5395 qui
2675 5321 2924 5376 semitam
2962 5313 3214 5371 utilitatis
3259 5313 3560 5380 ignorarunt

1981 5428 2220 5498 penitus.
2259 5421 2372 5492 Ego
2417 5418 2662 5490 quidem,
2697 5413 2897 5485 inquit,
2939 5411 2994 5466 in
3030 5423 3149 5464 eam
3191 5397 3552 5498 momenti-1".“

1981 5487 2175 5574 delatis
2207 5487 2405 5570 iratum
2438 5487 2566 5570 frore
2597 5525 2682 5565 me
2708 5505 3071 5564 comminatus
3107 5513 3249 5560 sum.
3283 5504 3337 5548 θῑ
3380 5487 3558 5543 νηιάδ-

1980 5621 2227 5667 caturum
2269 5614 2490 5679 peccata
2546 5617 2758 5662 eorum,
2817 5609 2870 5656 et
2917 5592 3324 5653 recordatum“
3369 5591 3558 5636 0""“35
