3898 6212
443 361 543 418 ειι

1475 367 1531 424 S.
1576 366 1848 426 CYRILLI
1883 369 2353 433 ALEXANDRINI
2399 377 2712 441 ARClllEP.

3604 393 3716 449 212

447 481 765 552 iniquitates
823 497 1031 540 eorum.
1087 483 1156 540 Et
1207 485 1523 557 incipiebat,
1577 489 1720 559 quod
1781 490 2022 548 futurum

2144 497 2325 551 ιύτῶν.
2352 499 2461 552 Καὶ
2490 494 2556 570 ἦν
2583 500 2641 554 ἐν
2676 503 2870 572 ἀρχαῖς
2901 502 2960 555 τὸ
2987 503 3360 575 συμϐήσεσθαι
3397 509 3713 578 προσδοκὼ-

447 574 906 643 exspectabatur,
966 585 1208 632 terrcnte
1258 577 1371 646 jam
1425 577 1678 635 lsraelem
1733 581 1912 649 bello,
1969 594 2023 638 et

450 667 621 721 ferme
649 667 760 736 jam
792 669 1125 737 provinciam
1161 669 1472 726 invadente.
1513 670 1716 726 Deinde
1750 688 1872 728 cum
1898 690 2018 745 sup-

449 756 698 825 plicando
729 768 786 813 et
828 760 1199 830 resipiscendo
1245 761 1414 815 Deum
1459 761 1709 833 mitigare
1739 765 2020 830 deberem,

451 850 714 921 aliterque
748 853 814 906 ad
855 853 970 921 ejus
1010 853 1402 922 beneplacitum
1435 855 1660 918 erudiri,
1704 865 1758 909 et
1799 872 2025 912 conver-

453 943 604 995 sione
650 943 715 995 ad
770 943 992 998 meliora
1038 945 1170 998 iram
1203 945 1440 1012 ejusdem
1489 943 1730 1010 ﬂectere,
1771 957 2023 1016 tanquam

452 1032 518 1085 ad
559 1033 903 1088 utilissimum
937 1036 1214 1104 quiddam,
1251 1049 1304 1092 et
1339 1039 1481 1092 unde
1529 1038 1756 1092 liberari
1784 1050 2025 1110 possent,

455 1125 629 1179 aversi
661 1135 790 1180 sunt
815 1126 870 1180 in
899 1126 1212 1198 Egyptum,
1248 1127 1521 1182 hominem
1557 1128 1892 1200 1Egyptium,
1921 1147 2025 1184 non

453 1214 644 1280 Deum,
705 1217 948 1272 subsidio
996 1231 1271 1282 vocantes,
1324 1237 1342 1270 ι
1379 1234 1574 1274 carnes
1621 1236 1885 1290 equorum
1903 1222 1970 1289 ⁸⁸,
2004 1243 2022 1275 ι

409 1318 414 1322 ·
452 1307 605 1374 juxta
639 1307 996 1378 Scripturam.
1036 1329 1055 1362 ι
1086 1311 1244 1380 Atqui
1274 1324 1379 1364 non
1415 1311 1648 1366 salvabit
1678 1327 1774 1365 rex
1807 1324 2030 1383 propter

459 1400 680 1454 multam
727 1403 1006 1469 virtutem,
1057 1415 1111 1458 et
1165 1406 1316 1475 gigas
1366 1422 1472 1462 non
1523 1408 1755 1462 εειινιιιήι
1813 1419 2032 1478 propter

459 1494 858 1551 multitudinem
922 1496 1254 1554 fortitudinis
1323 1515 1467 1566 sum;
1518 1501 1680 1556 fallax
1742 1517 1912 1570 equus
1964 1503 2032 1556 ad

455 1587 686 1642 salutem
709 1589 776 1642 ⁸⁸.
807 1589 1014 1645 Bonum
1049 1591 1324 1647 confidere
1352 1593 1404 1647 in
1429 1593 1678 1659 Domino,
1709 1609 1869 1662 quam
1905 1609 2034 1648 cou-

458 1679 625 1735 fldcre
659 1681 712 1736 in
747 1681 1056 1738 hominibus
1079 1683 1146 1738 ".
1177 1702 1194 1734 ι
1230 1681 1375 1738 Nihil
1403 1694 1585 1738 autem
1619 1684 1698 1738 eis
1728 1693 1835 1738 tam
1867 1694 2033 1739 teme-

459 1773 660 1827 rarium
723 1775 1005 1829 consilium
1067 1773 1357 1843 profuisse,
1421 1776 1554 1842 ipsa,
1623 1775 1817 1844 inquit,
1873 1789 2036 1844 expe-

2131 605 2309 658 μενον,
2341 590 2776 656 καταπτοοῦντος
2803 593 2900 664 ἤδη
2936 594 3028 647 τὸν
3071 596 3292 668 Ἰσραὴλ
3322 597 3416 650 τοῦ
3445 599 3713 668 πολέμου,

2128 681 2222 732 καὶ
2261 683 2549 750 μονονουχὶ
2591 685 2658 754 τῇ
2713 685 2867 756 χώρᾳ
2911 686 3328 756 προϐάλλοντος.
3380 686 3534 754 Εἶτα,
3595 691 3717 743 δέον

2129 769 2326 834 αὐτοὺς
2371 770 2546 833 λιταῖς
2576 790 2635 824 τε
2671 774 2766 826 καὶ
2801 773 3211 842 μεταγνώσεσιν
3265 777 3718 846 ἐκμειλίσσεσθαι

2128 862 2280 927 Θεὸν,
2315 862 2410 915 καὶ
2435 865 2924 933 μεταπαιδεύεσθαι
2958 867 3056 937 μὲν
3082 867 3142 920 τὸ
3177 869 3368 922 δοκοῦν
3395 870 3564 940 αὐτῷ,
3592 875 3719 934 ταῖς

2128 954 2181 1007 δὲ
2208 955 2287 1017 είς
2313 955 2372 1007 τὸ
2401 955 2622 1025 ἄμεινον
2653 959 2985 1030 ἀναδρομαῖς
3001 959 3365 1014 ὲπιδυσωπεῖν
3399 963 3496 1031 τὴν
3521 963 3716 1032 ὀργὴν,

2130 1047 2204 1107 ὡς
2237 1047 2328 1100 ἐπί
2357 1065 2408 1100 τι
2439 1047 2545 1100 τῶν
2579 1047 2718 1117 ἄγαν
2747 1051 3031 1121 χρησίμων
3063 1051 3342 1116 ἐξελέσθαι
3400 1053 3721 1122 δυναμένων

2132 1139 2350 1202 αὐτοὺς,
2400 1139 2749 1211 ἀπέστρεψαν
2789 1144 2866 1204 είς
2921 1142 3211 1211 Αἴγυπτον,
3288 1145 3576 1208 καλοῦντες
3633 1149 3719 1210 είς

2134 1229 2456 1301 ἐπικουρίαν
2532 1232 2818 1303 ἄνθρωπον
2891 1233 3208 1302 Αίγύπτιον,
3290 1235 3385 1287 καὶ
3441 1237 3501 1288 ού
3558 1236 3717 1290 Θεὸν.

2140 1338 2158 1372 ι
2188 1319 2398 1374 Ἵππων
2450 1322 2720 1393 acip-41;,»
2761 1321 2902 1376 κατά
2947 1325 3008 1376 τὸ
3047 1326 3454 1394 γεγραμμένον.
3511 1347 3527 1376 ε
3573 1325 3719 1378 Ἀλλ’

2135 1412 2194 1464 οὔ
2231 1412 2465 1477 σώζεται
2506 1415 2761 1484 βασιλεὺς
2795 1415 2882 1469 διὰ
2916 1416 3116 1486 πολλὴν
3145 1417 3396 1487 δύναμιν,
3432 1418 3524 1471 καὶ
3552 1418 3718 1486 γίγας

2135 1504 2196 1556 ού
2230 1504 2536 1574 σωθήσεται
2567 1506 2625 1557 ἐν
2651 1504 2845 1575 πλήθει
2874 1505 3057 1576 ἰσχύος
3088 1505 3276 1568 αὑτοῦ,
3311 1507 3511 1578 ψευδὴς
3549 1509 3722 1572 ἵππος

2137 1595 2214 1657 εἰς
2263 1595 2555 1666 σωτηρίαν.
2611 1597 2839 1665 Ἀγαθδν
2892 1598 3212 1652 πεποιθέναι
3266 1601 3357 1652 ἐπὶ
3397 1601 3622 1670 Κύριον,
3681 1603 3716 1671 ἢ

2138 1687 2456 1741 πεποιθέναι
2499 1689 2584 1742 ἐπ’
2621 1689 2927 1760 ἄνθρωπον.
2954 1710 2971 1742 ι
3001 1692 3123 1744 Ὅτι
3155 1691 3209 1743 δέ
3237 1692 3317 1754 εἰς
3348 1691 3501 1744 οὐδὲν
3533 1694 3722 1756 αὐτοῖς

2137 1778 2246 1831 τῶν
2270 1779 2582 1848 ἀναγκαίων
2609 1782 2678 1834 τὰ
2707 1782 2805 1852 τῆς
2835 1782 3070 1846 τοιᾶσδε,
3106 1783 3292 1852 φησὶν,
3321 1784 3721 1847 εἰκαιοϐουλίας

457 1864 651 1919 rientia
706 1866 966 1935 magistra
1022 1877 1374 1934 cognoscent.
1427 1866 1708 1936 Deportati
1769 1868 1912 1921 enim
1966 1867 2032 1921 ad

2144 1873 2456 1944 ἐκϐέϐηκεν,
2514 1873 2573 1939 ἐξ
2616 1876 2788 1945 αὐτῆς
2835 1876 3070 1929 εἴσονται
3110 1876 3210 1945 τῆς
3256 1875 3470 1947 πείρας,
3511 1877 3721 1928 ἀποκο-

456 1957 716 2026 Assyrios
751 1968 914 2027 atque
956 1957 1164 2022 Medos,
1209 1977 1228 2011 ι
1259 1960 1330 2014 ibi
1365 1960 1639 2013 immunda
1671 1961 1973 2022 comedent,
2009 1977 2027 2010 ι

460 2049 561 2102 hoc
588 2059 695 2114 est,
722 2065 894 2104 atrum
925 2055 1211 2106 traducent
1246 2051 1448 2121 rejecta
1489 2068 1606 2121 qurc
1633 2053 1873 2108 reatabat
1906 2069 2034 2122 erga

458 2144 630 2214 legem
666 2147 988 2208 reverentia,
1037 2156 1093 2200 et
1125 2147 1342 2216 quidvis
1382 2146 1517 2200 citra
1564 2161 1778 2200 omnem
1810 2160 2036 2214 scrupu-

460 2238 566 2289 lum
602 2237 966 2292 comedentes.
1006 2237 1112 2292 Sed
1163 2237 1384 2307 objiciet
1429 2237 1664 2291 fortasse
1711 2237 1977 2305 quispiam
2016 2254 2031 2290 :

455 2325 740 2393 Quomodo
797 2327 900 2381 hoc
952 2327 1205 2396 scrupulo
1247 2341 1368 2381 esse
1423 2326 1682 2380 lsraelitis
1731 2327 1936 2392 potuit,
1986 2327 2029 2381 si

456 2415 679 2486 quidem
711 2416 879 2472 falsos
918 2412 1046 2472 deo's
1080 2417 1335 2472 colendos
1357 2417 1751 2486 susceperant?
1782 2415 2030 2486 Respon-

459 2511 650 2564 demus
710 2510 850 2566 huic.
886 2509 1217 2578 quaestioni,
1273 2509 1326 2562 in
1377 2522 1620 2564 errorem
1679 2523 1737 2563 se
1795 2508 2034 2563 induisse

459 2603 842 2667 concorditer;
869 2604 963 2658 sed
988 2603 1040 2656 in
1066 2603 1264 2656 animis
1290 2617 1479 2657 eorum
1507 2600 1682 2656 adhuc
1703 2602 2034 2670 aliquantam

457 2693 873 2750 sollicitudinem
915 2693 1051 2765 legis
1093 2693 1450 2762 superfuisse,
1491 2703 1543 2747 et
1587 2708 1682 2748 eos
1728 2709 1756 2745 a
1799 2691 2038 2747 Judaicis

458 2785 944 2842 consuetudinibus
991 2801 1095 2841 non
1143 2786 1208 2840 ad
1243 2800 1471 2854 unguem
1519 2785 1860 2851 discessisse,
1898 2793 2037 2838 tam-

459 2878 566 2932 etsi
608 2880 661 2932 in
695 2877 958 2932 idolorum
1004 2877 1218 2944 templis
1248 2891 1438 2945 preces
1477 2876 1850 2944 conciperent.
1893 2875 2037 2939 Quo-

457 2969 610 3024 circa
639 2979 690 3024 et
721 2969 911 3023 beatus
946 2967 1204 3036 propheta
1238 2967 1384 3020 Elias
1417 2975 1476 3019 ut
1501 2965 1712 3020 duobus
1742 2965 2035 3034 poplitibus

460 3056 857 3122 claudicantes,
897 3065 952 3111 ct
1004 3071 1179 3125 neque
1229 3054 1361 3109 Baal
1407 3058 1648 3122 omnino,
1700 3071 1876 3123 neque
1926 3054 2034 3108 Deo

459 3147 704 3215 perfecte
728 3149 1008 3202 adhaerere
1026 3147 1268 3200 volentes
1287 3147 1578 3217 aliquando
1602 3145 2029 3216 reprehendit”.

467 3237 662 3296 Verum
700 3240 949 3296 redactus
980 3241 1031 3294 in
1076 3241 1441 3316 captiritatem
1489 3237 1676 3303 Israel,
1711 3238 1844 3308 legis
1879 3253 2034 3292 reve-

463 3331 687 3387 rentiam
717 3331 960 3388 funditus
988 3331 1203 3402 abjecit,
1230 3347 1406 3388 mores
1435 3341 1490 3386 et
1519 3333 1663 3400 leges
1688 3329 2031 3384 dominorum

464 3439 683 3479 suorum
729 3425 1055 3482 necessitate
1105 3428 1325 3482 adactus
1360 3442 1612 3496 sequens.
1652 3425 1719 3480 Et
1750 3426 1874 3490 hoc,
1917 3423 2035 3494 opi-

463 3533 606 3582 nor,
662 3528 779 3584 est,
823 3521 965 3588 quod
1024 3529 1080 3574 et
1137 3523 1253 3590 ipse
1301 3521 1551 3575 Christus
1593 3519 1729 3573 dixit
1777 3535 1790 3571 :
1831 3535 1847 3568 ι
1877 3515 2034 3572 Omni

468 3610 686 3663 habenti
723 3611 958 3676 dabitur,
1002 3622 1057 3667 et
1105 3613 1419 3666 abundabit.
1472 3613 1554 3666 Ab
1603 3627 1667 3666 co
1715 3621 1894 3664 autem
1946 3608 2037 3677 qui

469 3715 576 3755 non
626 3699 809 3764 habet,
854 3712 907 3756 et
937 3705 1078 3770 quod
1129 3704 1337 3758 videtur
1381 3703 1598 3766 habere,
1655 3701 1931 3754 auferetur
1971 3701 2038 3752 ah

461 3793 621 3847 ‘eo".
661 3813 681 3845 ι
740 3791 855 3848 Non
911 3803 1037 3848 sunt
1094 3793 1253 3863 igitur
1301 3794 1458 3848 nobis
1500 3792 1802 3861 spernenda
1858 3791 2039 3844 divina

469 3885 830 3953 charismata;
879 3886 973 3939 sed
1019 3900 1137 3955 qua:
1191 3882 1536 3938 habuerimus
1575 3899 1605 3937 a
1651 3884 1780 3945 Deo,
1821 3884 2038 3937 maximi

468 3977 812 4033 astimanda.
856 3976 990 4030 Nam
1040 3977 1087 4031 si
1131 3975 1281 4031 cordi
1331 3975 1486 4030 nobis
1533 3974 1756 4041 fuerint,
1808 3976 2043 4030 libenter

466 4069 644 4142 gratia
692 4079 747 4124 et
794 4071 992 4124 donum
1046 4069 1100 4122 in
1161 4067 1315 4122 nobis
1365 4065 1649 4122 habitabit.
1717 4067 1809 4121 Sin
1864 4077 2043 4120 autem

469 4163 650 4233 ignavi
701 4172 756 4216 et
805 4160 1018 4217 remissi
1082 4162 1136 4214 in
1198 4173 1263 4214 eo
1325 4157 1683 4214 custodiendo
1738 4158 2042 4222 fuerimus,

471 4252 646 4324 ipsum
683 4268 908 4321 prorsus
945 4251 1200 4306 avolabit.

544 4343 705 4415 126
739 4343 898 4398 Vens.
929 4343 1014 4399 14.
1053 4343 1114 4397 Et
1140 4344 1330 4398 oblitus
1361 4352 1437 4397 est
1464 4341 1634 4397 Israel
1662 4343 1776 4410 ejus
1805 4341 1891 4411 qui
1922 4339 2046 4409 fecit

469 4433 645 4490 illum.
680 4435 746 4488 Et
777 4435 1170 4503 auliﬁcarerunt
1196 4436 1346 4504 fana.
1386 4433 1450 4486 Et
1482 4431 1652 4486 ludas
1684 4432 2048 4499 multiplicauit

2139 1964 2422 2034 μισθέντες
2464 1964 2572 2034 γάρ
2617 1967 2697 2028 είς
2762 1967 3080 2037 Ἀσσυρίους
3116 1966 3212 2018 καὶ
3256 1966 3494 2036 Μήδους,
3554 1985 3572 2016 ι
3603 1969 3727 2020 ἐκεῖ

2135 2056 2422 2126 ἀκάθαρτα
2453 2057 2735 2125 φάγονται,
2761 2077 2779 2108 ι
2806 2056 3074 2120 τουτέστι,
3097 2055 3479 2110 διαϐιώσονται
3507 2058 3605 2126 τῆς
3638 2059 3726 2122 εἷς

2133 2147 2226 2200 τὸν
2255 2148 2414 2218 νόμον
2451 2145 2632 2210 αἰδοῦς
2658 2147 3022 2210 ἀποϐαλόντες
3057 2148 3115 2200 τὸ
3141 2147 3414 2217 λείψανον,
3455 2149 3546 2200 καὶ
3575 2149 3726 2215 ἀφυ-

2135 2241 2349 2304 λάκτως
2375 2239 2648 2304 ἐσθίοντες
2665 2241 2722 2294 τὸ
2749 2241 3080 2310 παρατυχόν.
3131 2240 3270 2292 Ἀλλ’
3305 2241 3436 2300 ἴσως
3467 2242 3583 2311 ἐρεῖ
3610 2255 3722 2302 tu;-

2137 2333 2263 2396 Πῶς
2293 2333 2449 2386 τοῦτο
2473 2331 2776 2401 λελύπηκεν
2810 2333 2875 2386 ἂν
2901 2330 3026 2394 τοὺς
3059 2330 3116 2397 ἐξ
3167 2330 3401 2403 Ἰσραὴλ,
3435 2330 3726 2382 εἰδωλολα-

2134 2428 2283 2496 τρεῖν
2318 2425 2639 2494 ἐλομὲνουςς
2671 2423 2814 2495 Πρὸς
2846 2422 3020 2477 ταῦτά
3065 2440 3262 2493 φαμεν,
3292 2424 3373 2476 ὃτι
3405 2423 3726 2493 πεπλάνην-

2135 2534 2226 2570 ται
2282 2516 2379 2587 μὲν
2426 2514 2893 2586 ὁμολογουμένως,
2942 2514 3054 2567 ἀλλ’
3089 2509 3156 2584 ἦν
3208 2532 3292 2578 τις
3343 2516 3529 2575 αὐτοῖς
3579 2517 3727 2568 κατὰ

2137 2608 2260 2662 νοῦν
2283 2607 2364 2661 ἐτι
2393 2607 2567 2679 μικρὰ
2587 2606 2680 2661 τοῦ
2703 2608 2869 2678 νόμου
2903 2608 3140 2679 φροντὶς,
3171 2608 3264 2660 καὶ
3292 2609 3398 2662 τῶν
3415 2609 3727 2662 Ἰουδαϊκῶν

2139 2701 2277 2754 ἐθῶν
2304 2700 2403 2753 οὐκ
2424 2699 2733 2752 ἀπὼλισθον
2756 2699 3053 2760 παντελῶς,
3086 2699 3263 2751 καίτοι
3291 2698 3729 2770 προσκυνοῦντες

2136 2795 2194 2846 ἐν
2229 2793 2340 2855 τοῖς
2372 2792 2478 2845 τῶν
2509 2791 2744 2844 εἰδώλων
2777 2793 2940 2854 ναοῖς.
2968 2790 3237 2861 Ταύτῃτοι
3267 2791 3360 2843 καὶ
3389 2793 3416 2843 ὁ
3451 2789 3729 2860 μακάριος

2138 2883 2426 2954 προφήτης
2486 2883 2688 2948 Ἠλιοῦ,
2733 2883 2810 2946 ὡς
2856 2883 3007 2935 δυσὶν
3043 2882 3254 2951 ίγνύαις
3288 2881 3729 2950 ἐπιχωλεύοντας

2137 2975 2430 3047 κατῃτιᾶτό
2480 2992 2608 3028 ποτε
2637 3013 2650 3038 ,
2711 2975 2804 3028 καὶ
2861 2979 2996 3046 μήτε
3041 2974 3118 3045 τῷ
3183 2975 3330 3027 Βάαλ
3389 2973 3725 3044 ὀλοτρὸπως,

2139 3067 2276 3136 μήτε
2333 3065 2439 3136 μὴν
2476 3065 2595 3135 Θεῷ
2632 3065 2852 3127 τελείως
2882 3065 3237 3135 προσκεῖσθαι
3270 3062 3726 3132 βεϐουλημένους.

2139 3155 2347 3209 Οὐκοῦν
2371 3153 2611 3224 γεγονὼς
2640 3156 2982 3226 αἰχμάλωτος
3026 3157 3054 3208 ὁ
3102 3156 3336 3226 Ἰσραὴλ,
3377 3153 3732 3222 ἀποϐέϐληκε

2137 3247 2356 3311 τελείως
2383 3247 2482 3318 τὴν
2512 3248 2592 3309 είς
2622 3246 2713 3300 τὸν
2738 3247 2902 3318 νόμον
2923 3247 3071 3311 αίδῶ,
3097 3250 3210 3310 τοῖς
3242 3247 3348 3300 τῶν
3375 3245 3734 3318 κρατούντων

2135 3338 2283 3391 ἔθεσί
2315 3355 2394 3400 τε,
2447 3337 2542 3391 καὶ
2569 3337 2774 3408 νόμοις,
2812 3337 2889 3400 ὡς
2932 3337 2991 3403 ἐξ
3020 3339 3264 3408 ἀνάγκης
3293 3338 3572 3406 ἑπόμενος.
3611 3337 3735 3390 Καὶ

2136 3429 2314 3493 τοῦτο,
2340 3425 2514 3499 οἶμαι,
2566 3428 2716 3481 ἐστὶν
2765 3428 2792 3480 ὃ
2821 3428 2914 3482 καὶ
2960 3429 3123 3492 αὐτὸς
3183 3431 3285 3500 ἔφη
3334 3430 3591 3497 Χριστὸς,
3638 3428 3733 3483 ὅτι

2144 3542 2163 3573 ι
2189 3522 2361 3575 Παντὶ
2407 3521 2483 3590 τῷ
2517 3519 2692 3590 ἔχοντι
2721 3521 3030 3591 δοθήσεται,
3072 3522 3166 3574 καὶ
3205 3521 3728 3592 περισσευθήσεται-

2152 3614 2284 3666 um
2305 3613 2360 3666 δὲ
2392 3612 2484 3666 τοῦ
2514 3614 2586 3683 μὴ
2619 3612 2857 3682 ἔχοντος,
2892 3613 2986 3667 καὶ
3007 3613 3206 3679 ὃδοκεῖ
3237 3614 3398 3683 ἔχειν,
3426 3613 3731 3684 ἀρθήσεται

2143 3704 2237 3756 ἀπ’
2264 3702 2483 3756 αὐτοῦ.»
2511 3706 2601 3756 Δεῖ
2617 3703 2680 3773 δὴ
2715 3700 2808 3756 οὖν
2830 3705 2937 3775 ἄρα
2963 3705 3071 3758 τῶν
3100 3703 3256 3756 θείων
3279 3705 3425 3773 ἡμᾶς
3443 3702 3730 3774 χαρισμά-

2143 3813 2247 3849 των
2310 3795 2383 3865 μὴ
2431 3797 2826 3864 καταφρονεῖν·
2885 3795 3000 3848 ἀλλ’
3047 3789 3122 3849 ὧν
3174 3796 3239 3848 ἂν
3295 3795 3511 3864 ἔχοιμεν
3573 3796 3731 3864 παρὰ

2143 3887 2301 3952 Θεοῦ,
2341 3889 2588 3942 πλεῖστον
2619 3889 2743 3941 ὅσον
2786 3888 3056 3942 ποιεῖσθαι
3104 3889 3280 3957 λόγον.
3329 3886 3728 3958 Πεφροντικόσι

2151 3981 2246 4050 μὲν
2273 3979 2382 4050 γὰρ
2417 3979 2866 4051 ἐμφυλοχωρήσει
2904 3979 2964 4033 τὺ
2994 3979 3260 4052 χάρισμα.
3285 3980 3348 4032 El
3376 3978 3432 4032 δὲ
3464 3979 3727 4050 ῥᾴθυμοι,

2145 4071 2241 4123 καὶ
2288 4070 2746 4132 ἀναπεπτωκότες
2785 4070 2914 4141 περὶ
2959 4069 3091 4122 αὐτὸ
3123 4068 3404 4139 γινόμεθα,
3453 4068 3548 4121 καὶ
3590 4065 3732 4121 αὐτὸ

2146 4163 2209 4233 δὴ
2245 4162 2463 4224 πάντως
2493 4163 2885 4234 ἀποπτήσεται.

2220 4336 2330 4392 Καὶ
2351 4335 2672 4391 ἐπελάθετο
2709 4334 2957 4404 Ἰσραὴλ
2989 4335 3093 4389 τοῦ
3119 4333 3491 4399 ποιήσαντος
3513 4334 3728 4390 αὐτόν.

2150 4428 2261 4481 Kal
2290 4427 2686 4496 ᾠκοδόμησαν
2722 4425 2959 4494 τεμένη.
3006 4425 3113 4478 Kal
3157 4425 3268 4478 Ἰοί
3277 4423 3386 4489 δας
3419 4422 3732 4490 ἐπλήθυνε

470 4528 622 4583 urbes
660 4539 914 4580 muratas.
964 4525 1034 4580 Et
1079 4528 1286 4584 mittam
1325 4526 1496 4594 ignem
1545 4524 1597 4577 in
1644 4524 1873 4576 civitates
1909 4523 2036 4590 ejus,

2151 4521 2360 4584 πόλεις
2403 4517 2867 4586 τετειχισμένας.
2906 4515 3016 4569 Kal
3045 4514 3429 4579 ἐξαποστελῶ
3469 4514 3591 4584 πῦρ
3640 4517 3733 4582 εὶς

471 4629 519 4672 et
550 4617 815 4672 devorabit
845 4617 1188 4685 fundamenta
1217 4615 1452 4668 illarum.

548 4792 703 4847 XCV.
744 4789 917 4845 Ambo
963 4804 1124 4859 regna
1161 4787 1430 4858 objurgat,
1475 4785 1755 4853 Samaria},
1803 4791 2044 4858 inquam,

473 4883 709 4951 etJuda,
741 4897 932 4955 nempe
954 4883 1096 4954 quod
1140 4890 1222 4938 est
1246 4879 1659 4950 Hierosolymis.
1692 4879 1829 4947 Quid
1865 4889 2045 4933 autem

477 4973 639 5027 ambo
663 4974 912 5039 fecerint,
954 4971 1241 5028 videndum
1271 4981 1326 5026 et
1359 4971 1732 5040 exponendum
1766 4979 1867 5024 est.
1909 4967 2046 5023 Cum

479 5063 679 5120 bellum
722 5074 1146 5133 exspectaretur,
1184 5073 1238 5119 et
1281 5072 1454 5118 terror
1498 5061 1884 5131 propemodum
1917 5060 2049 5128 ipsis

480 5153 689 5210 foribus
740 5156 1068 5218 immineret,
1125 5164 1508 5224 oporteretque
1567 5163 1678 5206 tum
1723 5152 2045 5214 Samaritas,

479 5256 598 5302 tum
636 5247 700 5302 de
736 5247 876 5301 tribu
906 5245 1043 5300 Juda
1075 5257 1361 5314 regnantes
1387 5261 1415 5299 a
1441 5247 1550 5299 Deo
1582 5244 1867 5299 Salvatore
1901 5244 2050 5297 auxi-

481 5343 614 5397 lium
664 5353 926 5410 quaerere,
981 5339 1025 5394 si
1073 5338 1292 5407 quidem
1321 5349 1374 5392 ct
1419 5338 1634 5392 inutiles
1675 5345 1729 5392 et
1783 5337 2052 5404 improbas

479 5431 836 5502 cogitationes
886 5444 1014 5484 suas
1079 5437 1384 5492 mutarent,
1440 5437 1495 5481 et
1549 5443 1671 5482 cum
1722 5427 2053 5496 pcenitentiis

480 5525 684 5592 colere,
731 5524 959 5593 amplius
1001 5521 1424 5590 omnipotentem
1473 5519 1758 5575 Dominum
1795 5523 2054 5574 adversus

479 5633 547 5672 se
581 5617 884 5672 irritabant.
923 5615 1085 5669 Israel
1124 5613 1290 5678 enim,
1336 5613 1436 5667 hoc
1486 5622 1590 5680 est,
1625 5613 1808 5668 decem
1855 5612 2049 5678 tribus,

549 5780 596 5810 ⁸³
630 5794 825 5848 Ezerli.
870 5809 1046 5858 χχχιιι,
1079 5791 1167 5844 20.
1248 5791 1290 5823 ³⁵
1323 5789 1465 5846 Psal.
1491 5805 1661 5853 nail,
1692 5789 1908 5857 16,11.
1969 5788 2006 5821 ³⁷

2152 5787 2184 5839 1.
2238 5803 2402 5853 cxvn,
2441 5785 2490 5840 8.
2572 5786 2614 5818 ³⁸
2646 5783 2713 5840 Ill
2749 5785 2876 5856 Reg.
2919 5802 3048 5841 ιιγιιι
3076 5784 3166 5842 ‘21.

2149 4611 2254 4676 τὰς
2304 4612 2513 4674 πόλεις
2583 4609 2801 4676 αὐτοῦ,
2890 4607 3289 4678 καταφάγεται
3341 4607 3414 4661 τὰ
3481 4606 3736 4676 θεμέλια

2149 4701 2368 4756 αὐτῶν.
3511 4705 3534 4717 ‘

2225 4794 2336 4860 LE.
2357 4794 2717 4865 Ἀμφοτέραις
2746 4793 3064 4863 ἐπιπλήττει
3089 4793 3206 4856 ταῖς
3231 4789 3548 4860 βασιλείαις,
3574 4791 3642 4859 τῇ
3672 4807 3734 4842 τε

2155 4886 2212 4936 ἐν
2241 4883 2544 4954 Σαμαρείᾳ,
2585 4885 2748 4953 φημὶ,
2785 4883 2876 4936 καὶ
2901 4885 2967 4954 τῇ
2999 4881 3092 4935 τοῦ
3138 4881 3329 4944 Ἰούδα,
3356 4879 3623 4942 τουτέστι,
3664 4882 3732 4950 τῇ

2152 4973 2288 5044 οῦσῃ
2313 4973 2453 5027 κατά
2477 4973 2574 5043 τὴν
2589 4972 2962 5043 Ἰερουσαλήμ.
2996 4972 3060 5026 Τί
3086 4972 3191 5043 γὰρ
3218 4972 3384 5041 ἄμφω
3411 4968 3732 5040 δεδράκασι,

2156 5063 2491 5135 καταθρῆσαί
2538 5081 2596 5116 τε
2653 5064 2770 5134 ἅμα
2807 5063 2901 5117 καὶ
2941 5063 3115 5115 εἰπεῖν
3174 5063 3489 5130 ἀναγκαῖον.
3549 5059 3737 5128 Προσ-

2153 5155 2458 5225 δοκωμένου
2504 5153 2613 5224 γὰρ
2652 5154 2870 5206 ἔσεσθαι
2912 5153 3004 5206 τοῦ
3051 5151 3308 5222 πολέμου,
3345 5151 3626 5221 μονονουχὶ
3673 5147 3734 5200 δὲ

2156 5247 2249 5299 καὶ
2284 5245 2370 5299 ἐπ’
2403 5245 2593 5308 αὑταῖς
2635 5245 2735 5314 ἤδη
2773 5245 3056 5312 γεγονότος
3098 5247 3216 5306 ταῖς
3255 5243 3447 5314 θύραις
3494 5240 3587 5294 τοῦ
3621 5240 3734 5292 δεί-

2159 5354 2349 5407 ματος,
2384 5337 2501 5390 δέον
2523 5337 2720 5399 αὐτοὺς
2743 5337 2870 5399 τούς
2911 5353 2968 5388 τε
3016 5337 3074 5390 ἐν
3108 5336 3413 5408 Σαμαρείᾳ,
3463 5336 3556 5388 καὶ
3601 5334 3731 5396 τοὺς

2157 5425 2535 5494 βασιλεύοντας
2561 5427 2626 5478 ἐκ
2649 5425 2819 5493 φυλῆς
2859 5425 3045 5489 Ἰούδα,
3076 5425 3174 5494 τὴν
3201 5425 3353 5495 παρὰ
3376 5423 3510 5476 Θεοῦ
3537 5422 3737 5486 σώζον-

2153 5535 2245 5581 τος
2299 5517 2620 5588 ἐπικουρίαν
2651 5515 2855 5586 ζητεῖν,
2888 5518 2937 5568 ei
2975 5515 3259 5579 ἐκτύπους,
3294 5516 3389 5568 καὶ
3431 5514 3734 5582 ἀνωφελεῖς

2155 5611 2452 5680 ἐτράποντο
2476 5608 2718 5680 γνώμας,
2742 5610 2834 5662 καὶ
2859 5611 2974 5670 ταῖς
3007 5606 3378 5678 μεταγνώσεσι
3407 5605 3735 5678 θεραπεύειν

3255 5785 3298 5819 ³³
3324 5785 3454 5841 Luc.
3486 5799 3599 5850 xu,
3633 5781 3726 5837 ‘36.
