3898 6212
299 367 411 421 ΞΠ)

1240 358 1795 417 COMMENTARIUS
1834 357 1899 414 IN
1939 358 2168 414 OSEAM
2208 359 2647 417 PRUPHETAM.

3462 363 3566 414 Eli-

302 473 639 541 ὀφείλοντες,
678 469 1037 542 κατηρέθιζον
1065 473 1146 540 ἐφ’
1171 471 1384 534 ἑαυτοῖς
1409 471 1503 524 καὶ
1531 471 1610 523 ἐτι
1635 471 1886 541 μειζόνως

1995 481 2047 526 et
2090 472 2142 526 in
2200 487 2294 527 eas
2334 481 2581 527 tenentes
2625 465 2932 541 imperium,
2987 471 3113 535 diis,
3164 482 3221 526 ut
3267 489 3296 526 a
3351 474 3567 528 miseris

305 565 396 618 τὸν
420 563 535 617 τῶν
567 562 705 616 ὅλων
731 559 1036 632 κρατοῦντα
1083 561 1234 616 Θεόν.
1278 561 1335 614 '0
1365 560 1461 630 μὲν
1500 559 1609 630 γὰρ
1651 560 1886 630 Ἰσραὴλ,

307 655 611 718 τουτέστιν,
657 656 713 707 at
743 654 875 707 δέκα
900 653 1084 722 φυλαὶ,
1117 653 1209 705 καὶ
1243 653 1292 704 οἱ
1332 651 1536 706 τούτων
1581 651 1886 721 ἀνημμένοι

307 745 367 796 τὸ
407 744 634 815 κράτος,
675 743 751 808 ὠς
793 743 1186 813 λελυπημένοις
1235 741 1334 813 τὴν
1377 741 1594 807 ἅλωσιν,
1653 742 1744 794 καὶ
1788 742 1888 806 τὰς

311 835 420 887 τῶν
471 835 746 905 πολεμίων
786 836 1120 905 ἀνατρέπειν
1152 834 1456 904 φάλαγγας,
1497 834 1592 886 καὶ
1637 833 1886 896 πλείονας

310 929 392 980 ἔτι
436 928 539 987 τὰς
592 926 886 996 θεραπείας
938 925 1230 997 προσῆγον.
1291 923 1763 995 Ἰσὶκμελισσόμενοι
1835 923 1892 978 δὲ

310 1017 524 1084 ῶσπερ,
556 1015 651 1068 καὶ
679 1016 1034 1078 καθιστάντες
1063 1015 1306 1083 εὐμενεῖς
1328 1013 1636 1083 ᾠκοδόμουν
1663 1012 1887 1083 τεμένη,

310 1106 406 1157 καὶ
436 1105 656 1174 βωμοὺς
704 1103 1102 1166 ὲναπετίθεντο,
1144 1103 1239 1154 καὶ
1283 1102 1521 1155 πλείοσιν
1559 1103 1638 1154 ἔτι
1680 1101 1891 1165 θυσίαις

306 1198 537 1266 ἐτίμων.
574 1194 635 1250 Ὀ
663 1195 719 1248 δέ
744 1212 809 1264 γε
841 1195 1041 1256 Ἰούδας
1075 1193 1420 1265 ὀχυρωτέρας
1443 1193 1612 1246 ἐποίει
1635 1193 1732 1256 τὰς
1764 1194 1890 1245 έαυυ

307 1286 404 1339 τοῦ
435 1287 638 1350 πόλεις,
664 1285 832 1348 λίθοις
869 1285 1068 1355 μᾶλλον
1096 1284 1491 1355 ἐπιθαρσὴσας,
1528 1284 1620 1337 καὶ
1649 1285 1708 1338 οὐ
1743 1284 1883 1354 Θεῷ,

311 1377 491 1429 καίτοι
543 1375 755 1443 λέγοντι
809 1373 994 1441 σαφῶς
1044 1374 1172 1444 περὶ
1216 1377 1316 1444 τῆς
1369 1373 1744 1446 Ἰερουσαλὴμ,
1803 1375 1885 1426 ὅτι

311 1488 331 1518 ι
367 1467 509 1534 Ἐγὼ
553 1467 749 1536 ἔσομαι
812 1467 972 1536 αὐτῇ,
1026 1465 1175 1532 λέγει
1219 1466 1443 1537 Κύριος,
1485 1470 1663 1537 τεῖχος
1716 1467 1888 1538 πυρὸς

309 1560 594 1618 κυκλόθεν.
627 1560 721 1612 καὶ
765 1560 846 1621 είς
897 1558 1054 1623 δόξαν
1094 1560 1287 1629 ἔσομαι
1337 1560 1394 1610 ἐν
1448 1560 1596 1630 μέσῳ
1642 1561 1828 1628 αὐτῆς.
1868 1579 1885 1610 ι

320 1651 458 1703 Ἀλλ’
493 1650 646 1703 οὐδὲν
682 1651 780 1720 μὲν
810 1648 988 1719 ὢνησε
1017 1651 1078 1703 τὸ
1117 1651 1304 1721 χρῆμα
1348 1651 1437 1704 τὸν
1484 1651 1718 1722 Ἰσραήλ.
1777 1653 1892 1723 Πῦρ

1995 561 2362 629 captivitatem
2419 561 2792 630 depellerent,
2852 572 2908 615 ct
2958 561 3190 616 hostium
3268 563 3568 633 phalangas

1994 662 2323 716 everterent,
2369 654 2572 720 majora
2623 653 2879 722 obsequia
2932 654 3279 718 exhibebant,
3326 666 3378 710 et
3410 659 3566 725 quasi

1992 755 2086 796 eos
2103 741 2489 804 demulcentes,
2515 757 2810 811 eorumque
2835 743 2935 798 sibi
2958 743 3388 799 benevolentiam
3419 760 3568 799 corn-

1993 844 2266 903 parantes,
2301 834 2422 887 l'ana
2455 831 2813 897 (editicabant,
2845 844 2901 889 et
2941 851 3066 890 aras
3096 837 3147 889 in
3189 837 3252 890 iis
3283 847 3566 892 construe-

1998 924 2147 988 bant,
2189 933 2243 978 et
2282 924 2524 994 pluribus
2555 939 2647 979 eos
2687 926 2968 981 sacriﬁciis
3016 928 3370 982 honorabant.
3399 928 3589 1002 ludas.

1999 1017 2158 1071 urbes
2193 1031 2318 1070 suas
2359 1017 2763 1071 communiebat
2797 1018 3048 1082 validius,
3083 1019 3264 1087 potius
3297 1020 3565 1086 lapidibus

1997 1122 2158 1177 quam
2196 1109 2302 1162 Deo
2327 1109 2585 1172 conlisus,
2613 1109 2861 1178 quamvis
2889 1109 2976 1162 ille
3005 1111 3068 1162 de
3109 1108 3408 1163 Jerusalem
3441 1126 3565 1178 per-

1997 1199 2196 1266 spicuis
2242 1199 2422 1253 verbis
2469 1199 2740 1253 dixiSset:
2785 1217 2805 1251 ι
2835 1198 2945 1268 Ego
2987 1214 3080 1252 ero
3109 1200 3180 1260 ei,
3217 1199 3346 1252 dicit
3386 1199 3566 1253 Domi-

1994 1306 2116 1353 nus,
2161 1306 2346 1345 murus
2380 1293 2570 1360 igneus
2621 1293 2672 1344 in
2723 1291 2976 1353 circuitu,
3007 1301 3060 1344 et
3110 1292 3161 1344 in
3205 1292 3430 1360 gloriam
3469 1309 3568 1346 ero

1985 1382 2038 1434 in
2099 1382 2280 1436 medio
2335 1382 2453 1451 ejus
2475 1384 2540 1439 ⁸ο.
2583 1403 2601 1434 ι
2659 1383 2856 1437 Verum
2914 1384 3046 1436 nihil
3099 1400 3161 1436 ex
3220 1399 3284 1436 co
3339 1383 3567 1450 profecit

1993 1474 2182 1530 Israel.
2234 1477 2414 1544 ignem
2469 1487 2650 1529 autent
2708 1477 2959 1545 deinceps
3010 1476 3061 1528 in
3105 1476 3265 1530 urbes
3315 1475 3450 1529 Juda
3508 1493 3567 1530 se

1990 1567 2359 1620 itnmissurum
2421 1569 2657 1622 minatur
2720 1571 2898 1631 Deus,
2958 1567 3266 1638 Babyloniis
3312 1569 3565 1622 nimirum

1992 1658 2087 1711 irzn
2121 1659 2317 1713 divina:
2343 1660 2679 1713 administris
2713 1676 2804 1714 cas
2837 1659 3273 1714 incendentilms.

307 1742 361 1795 δὲ
398 1745 520 1805 ταῖς
556 1743 772 1798 πόλεσιν
811 1745 1113 1813 ἐπαφήσειν
1154 1745 1272 1805 ταῖς
1317 1743 1506 1806 Ἰούδα,
1549 1745 1730 1798 λοιπὸν
1794 1747 2082 1818 ἐπηπείλει
2139 1752 2270 1816 Θεός
2309 1767 2321 1781 ’
2361 1753 2870 1822 καταπιμπράντων
2935 1751 3104 1816 αὑτὰς
3171 1751 3414 1822 δηλονότι
3458 1751 3566 1803 τῶν

309 1833 686 1899 Βαϐυλωνίων,
742 1835 791 1887 οἳ
840 1834 938 1904 τῆς
993 1837 1072 1898 εἰς
1124 1835 1322 1898 αὐτοὺς
1368 1837 1534 1906 ὀργῆς
1598 1838 1882 1905 γεγόνασιν
1915 1841 2200 1914 ὑπουργοί.

911 1968 1157 2021 ΚΕΦΑΛ.
1209 1968 1284 2021 Θ’.

374 2076 470 2142 Μὴ
505 2075 696 2144 χαῖρε,
737 2076 999 2144 Ἰσραὴλ.
1044 2075 1182 2144 μηδ’
1223 2078 1552 2145 εὐφραίνου
1604 2080 1793 2147 καθὼς
1834 2084 1888 2135 oi

303 2165 460 2229 λαοί,
504 2166 594 2218 ὅτι
625 2165 1000 2233 ἐπόρνευσας
1045 2167 1163 2221 ἀπὸ
1200 2168 1307 2221 τοῦ
1343 2169 1490 2222 Θεοῦ
1533 2186 1669 2224 σου.
1717 2171 1887 2241 Ἠγά-

304 2274 509 2326 ana/ac
555 2258 782 2327 δόματα
822 2260 918 2312 ἐπὶ
951 2260 1148 2314 πάντα
1200 2261 1402 2315 ἅλωνα
1437 2263 1630 2316 σίτου.
1677 2264 1887 2327 "Matr,

303 2352 403 2404 καὶ
426 2352 618 2418 ληνὸς
641 2353 751 2404 οὐκ
777 2351 930 2419 ἔγνω
955 2353 1196 2418 αὐτοὺς,
1222 2353 1319 2406 καί
1347 2357 1380 2409 ό
1401 2355 1562 2420 σίνος
1589 2356 1889 2422 ἐψεύσατο

301 2445 548 2506 αὐτούς.
613 2446 694 2496 Οὺ
733 2443 1091 2510 κατῴκησαν
1139 2445 1211 2497 ἐν
1254 2444 1328 2514 τῇ
1370 2445 1446 2514 γῆ
1495 2447 1598 2500 τοῦ
1645 2449 1886 2514 Kvpt'ov.

303 2534 676 2602 Katq'mna'er
703 2535 951 2603 Ἐφραῒμ
972 2536 1296 2604 Αιγυπτον,
1328 2539 1425 2591 καὶ
1443 2540 1512 2591 ἐν
1549 2540 1891 2608 Ἀσσιψιόις

304 2625 618 2691 ἀκάθαρτα
676 2624 987 2695 φάγονται.
1041 2629 1162 2680 Οὐκ
1221 2628 1519 2682 ἔσπεισαν
1567 2628 1647 2693 τῷ
1700 2630 1892 2698 Κυρίῳ

304 2713 495 2781 οἶνον,
531 2717 626 2770 καί
653 2719 765 2785 οὺχ
805 2716 1040 2783 ῆδυναν
1064 2716 1246 2783 αὐτῷ,
1274 2721 1333 2772 αἱ
1360 2721 1559 2772 θυσίαι
1587 2719 1784 2773 αὐτῶν
1812 2721 1892 2786 ὡς

302 2810 482 2879 ἄρτος
518 2810 778 2876 πένθους
806 2811 1029 2876 αὐτοῖς.
1070 2811 1294 2876 Πάντες
1331 2815 1386 2864 oi
1413 2812 1718 2878 ἐσθίοντες
1741 2814 1892 2867 αὐτὰ

302 2902 762 2971 μιανθήσονται,
799 2903 948 2956 διότι
979 2907 1031 2956 οί
1070 2904 1236 2971 ἄρτοι
1265 2903 1464 2957 αὐτῶν
1508 2905 1638 2971 ταῖς
1666 2907 1894 2976 ψυχαῖς

307 2992 515 3046 αὐτῶν
551 2995 662 3046 οὐκ
694 2994 1148 3048 εἰσελεύσονται
1194 2995 1282 3058 είς
1310 2993 1416 3047 τὸν
1451 2989 1622 3048 οἶκον
1651 2998 1892 3062 Κυρίου.

377 3109 512 3173 ιιςῖι.
545 3107 676 3169 Ταῖς
712 3105 818 3157 τῶν
863 3105 1032 3158 ἐθνῶν
1066 3105 1307 3174 ἀγέλαις,
1342 3107 1462 3160 ἐπεί
1511 3125 1592 3161 τοι
1633 3107 1893 3180 πλείστην

307 3198 439 3266 ὅσην
472 3195 688 3250 νοσοῦσι
711 3198 806 3266 τὴν
838 3197 1091 3252 ἀϐουλίαν
1131 3198 1525 3270 (πεπλάνηνται
1554 3199 1664 3270 γὰρ
1706 3201 1895 3270 ὁμολοο

307 3289 778 3358 γοδμένωςδ,ἕθος
814 3283 883 3358 ἦν
934 3290 1257 3358 ἀρχομένοις
1304 3293 1402 3361 τῆς
1449 3292 1748 3358 γεωπόνου,
1799 3294 1892 3345 καὶ

304 3378 476 3448 ἀροῦν
501 3379 752 3448 μέλλουσι
767 3379 864 3451 τὴν
885 3379 1010 3448 γῆν,
1033 3379 1220 3443 θυσίας
1241 3382 1504 3434 ἐπιτελεῖν
1523 3385 1633 3445 τοῖς
1649 3383 1885 3453 δαίμοσι,

307 3471 401 3522 καὶ
434 3473 566 3540 παρ’
602 3470 779 3523 αὐτῶν
831 3472 1003 3523 αἰτεῖν
1053 3470 1152 3535 τὰς
1187 3472 1295 3525 τῶν
1337 3472 1523 3543 ἀγρῶν
1561 3474 1882 3544 εὐκαρπίας.

321 3565 598 3635 Ἀμῶντες
625 3565 682 3618 δὲ
715 3565 896 3632 πάλιν,
925 3565 1116 3636 καιροῦ
1149 3565 1442 3630 καλοῦντος
1473 3567 1554 3629 είς
1579 3565 1756 3631 τοῦτο,
1792 3567 1886 3619 καὶ

311 3659 417 3726 μὴν
458 3658 555 3708 καὶ
609 3655 789 3726 ληνοῖς
832 3657 1132 3720 ὲντιθέντες
1172 3657 1264 3711 τὸν
1329 3658 1545 3728 βότρυν,
1607 3657 1884 3722 ἔσπενδον,

309 3748 462 3800 ἑθυον
492 3751 614 3811 ταῖς
641 3748 830 3818 ὥραις,
853 3743 978 3822 ᾖδον
1025 3749 1123 3812 τὰς
1151 3748 1459 3818 ὲπιληνίους
1487 3747 1653 3818 ᾠδὰς,
1689 3747 1885 3816 ἀναφέ-

315 3854 494 3905 ροντες
518 3837 584 3890 τὰ
610 3838 956 3908 χαριστήρια,
989 3836 1266 3909 χαίροντές
1291 3855 1350 3890 τε
1399 3838 1493 3891 καὶ
1523 3837 1882 3906 εὐφραινόμε-

313 3945 388 3979 νοι
411 3927 705 3981 διετέλουν.
743 3929 914 3982 Τοῦτο
944 3929 1186 4000 δρῶντας
1225 3931 1349 3993 τοὺς
1371 3927 1432 3994 ἐξ
1473 3929 1687 4001 Ἰσραὴλ
1728 3931 1885 3982 ἐπαι-

311 4021 490 4072 τιᾶται
545 4021 699 4084 Θεός.
761 4021 853 4091 Μὴ
917 4021 1025 4091 γὰρ
1072 4021 1136 4092 δὴ
1191 4024 1390 4092 χρῆναι
1461 4022 1672 4092 χαίρειν
1723 4023 1883 4075 αὐτὸν

311 4111 699 4182 διισχυρίζεται
733 4112 940 4182 σαφῶς,
973 4111 1112 4165 καθὰ
1146 4115 1238 4170 καὶ
1271 4112 1338 4166 τὰ
1365 4113 1525 4166 λοιπὰ
1556 4115 1664 4166 τῶν
1693 4114 1881 4170 ἐθνῶν.

309 4205 406 4258 Διά
434 4204 594 4256 ποίαν
617 4206 824 4270 αἰτίαν,
853 4207 900 4258 οί
939 4205 1036 4275 μὲν
1074 4204 1183 4276 γὰρ
1230 4205 1563 4275 ἠγνοηκότες
1609 4207 1882 4270 παντελῶς

308 4297 398 4348 τὸν
447 4296 609 4364 φύσει
639 4313 699 4348 τε
733 4296 827 4348 καὶ
852 4295 1068 4366 ἀληθῶς
1100 4297 1230 4349 ὅντα
1271 4295 1423 4358 Θεὸν,
1451 4297 1804 4367 γεννηθέντες
1826 4297 1881 4350 δὲ

313 4389 513 4456 μᾶλλον
560 4389 618 4439 ὲν
663 4389 858 4458 πλάνῃ,
895 4388 1034 4457 τάχα
1073 4405 1172 4440 που
1205 4387 1302 4456 τῆς
1344 4387 1674 4458 ἀρρωστίας,
1715 4388 1881 4458 ἧγουν

310 4479 546 4546 ἀμαθίας
561 4478 659 4531 οὐκ
678 4478 938 4531 ἀπίθανον
959 4479 1138 4549 ἔχουσι
1162 4478 1337 4546 λόγον.
1373 4478 1431 4530 'U
1459 4478 1515 4531 δέ
1545 4495 1607 4547 γε
1645 4478 1879 4549 Ἰσραὴλ,

312 4572 484 4624 καίτοι
517 4571 668 4641 νόμῳ
695 4571 1225 4641 παιδαγωγουμενος,
1258 4571 1349 4624 καὶ
1373 4571 1463 4622 τὸν
1487 4571 1594 4623 τῶν
1623 4570 1759 4623 ὅλων
1787 4573 1882 4622 Δε-

2639 1974 2786 2030 (ΣΛΡ.
2829 1975 2915 2028 ΙΧ.

2066 2089 2225 2143 Vens.
2280 2090 2393 2143 1-4.
2463 2090 2544 2143 Ne
2592 2093 2842 2158 gaudeas,
2880 2089 3086 2154 Israel,
3153 2106 3314 2160 neque
3373 2089 3564 2143 la’teris

1990 2182 2122 2235 sicut
2153 2182 2350 2250 populi,
2381 2182 2502 2250 quia
2539 2182 2831 2249 fornicatus
2871 2199 2923 2234 es
2961 2198 2991 2232 a
3031 2181 3136 2233 Deo
3175 2191 3284 2233 tuo.
3325 2179 3565 2232 lli/existi

1991 2276 2114 2326 data
2141 2291 2296 2342 super
2329 2290 2532 2327 onmem
2561 2291 2734 2326 aream
2766 2273 3031 2340 frumenti.
3087 2272 3220 2324 Area
3247 2282 3293 2324 et
3332 2271 3566 2323 torcular

1994 2381 2091 2416 non
2134 2365 2370 2433 cognovit
2407 2380 2517 2426 eos,
2545 2373 2592 2417 et
2629 2365 2800 2416 vinum
2835 2365 3029 2430 decepit
3074 2379 3178 2415 eos.
3216 2362 3332 2414 Non
3361 2363 3566 2414 habita-

1992 2466 2168 2508 verunt
2200 2456 2253 2508 in
2297 2467 2436 2508 terra
2492 2456 2726 2510 Domini.
2782 2455 3048 2508 Habitavit
3097 2454 3348 2520 Epltraim
3395 2453 3565 2522 .4593;-

1990 2554 2156 2612 ptum,
2184 2559 2230 2599 et
2262 2548 2315 2600 in
2338 2548 2572 2616 Assyriis
2603 2549 2873 2600 imammla
2905 2549 3192 2600 comedent.
3229 2545 3348 2598 Non
3377 2545 3567 2597 libare-

1991 2646 2110 2688 runt
2150 2636 2371 2689 Domino
2399 2640 2594 2699 vinum,
2631 2648 2676 2690 et
2713 2654 2814 2689 non
2841 2635 3147 2702 placuerunt
3183 2636 3266 2697 ei;
3299 2636 3564 2702 sacriﬁcia

1992 2743 2191 2792 eorum,
2224 2729 2547 2797 quasipanis
2583 2727 2750 2780 luctus
2789 2728 2932 2794 ipsis.
2975 2727 3165 2781 Omnes
3196 2727 3565 2780 manducantes

1991 2833 2051 2870 ea
2075 2819 2596 2881 contaminabuntur,
2623 2820 2744 2888 quia
2768 2835 2927 2884 panes
2951 2820 3225 2872 animabus
3256 2833 3432 2872 eorum
3464 2832 3565 2870 non

1993 2909 2353 2978 ingredientur
2383 2909 2437 2962 in
2471 2911 2681 2962 domum
2717 2907 2947 2961 Domini.

2070 3110 2226 3179 127
2263 3105 2442 3165 XCVI.
2486 3109 2734 3165 Gentium
2777 3109 3052 3178 gregibus,
3101 3116 3287 3179 utpote
3334 3109 3564 3163 stultitia

1996 3202 2285 3270 plurimum
2322 3203 2695 3257 laborantibus
2719 3204 3133 3271 (aberraverunt
3157 3203 3434 3256 enimvero
3460 3217 3568 3254 uno

1995 3295 2307 3364 consensu),
2341 3309 2458 3348 mos
2495 3304 2611 3348 erat
2643 3293 3025 3361 agriculturam
3053 3293 3480 3362 auspicantibus,
3513 3304 3567 3346 et

1992 3393 2190 3439 terram
2223 3395 2404 3439 aratro
2433 3385 2808 3454 proscissuris,
2859 3386 3068 3439 hostias
3099 3394 3336 3437 mactare
3367 3385 3567 3438 datum—

1991 3475 2184 3538 nibus,
2236 3477 2303 3529 ab
2350 3475 2522 3543 iisque
2583 3474 2797 3544 frugum
2850 3475 3149 3530 ubertatem
3204 3477 3563 3544 compreCari.

1990 3564 2200 3618 Rursus
2244 3574 2488 3632 tempore
2522 3565 2773 3617 hortante
2820 3574 3056 3634 segetem
3089 3565 3440 3630 demetentes,
3477 3571 3564 3617 at-

1987 3669 2096 3723 que
2145 3654 2311 3709 etiam
2372 3652 2740 3708 torcularibus
2805 3669 2940 3708 uvas
2992 3653 3309 3718 inferentes,
3359 3655 3562 3708 deabus

1987 3754 2221 3816 quatuor
2283 3746 2410 3799 anni
2475 3755 2772 3816 temporum
2825 3747 3144 3816 praesidibus
3213 3747 3450 3800 libabant
3511 3759 3565 3800 ct

1986 3835 2389 3902 sacriﬁcabant,
2423 3836 2833 3905 torcularesque
2875 3837 3175 3892 cantilenas
3222 3838 3562 3891 modulantes

1987 3927 2217 3996 gratias,
2259 3935 2311 3982 et
2344 3927 2600 3996 gaudium
2636 3927 2988 3996 iustitiamque
3017 3928 3362 3982 continenter
3391 3929 3558 3997 agita-

1987 4019 2139 4072 bant.
2169 4017 2281 4072 lloc
2324 4018 2467 4072 idem
2502 4017 2762 4073 facientes
2807 4017 3084 4074 lsraelitas
3131 4029 3349 4072 accusat
3396 4019 3556 4082 Deus,

1985 4109 2256 4163 allirmans
2279 4109 2448 4175 clare,
2495 4125 2602 4163 non
2649 4109 2843 4164 decere
2870 4109 3016 4178 ipsos
3053 4123 3204 4164 more
3239 4119 3556 4163 cacterarum

1985 4200 2223 4268 gentium
2253 4200 2446 4253 laetari.
2479 4199 2650 4264 Quam
2682 4199 2751 4252 ob
2781 4213 2999 4253 causam
3020 4198 3158 4264 ?Qui
3195 4200 3336 4253 enim
3367 4209 3556 4255 natura

1985 4301 2039 4344 et
2082 4304 2209 4344 vere
2257 4289 2425 4343 Deum
2476 4304 2579 4342 non
2623 4297 2981 4357 agnoverunt,
3037 4304 3390 4358 erroremque
3433 4307 3556 4346 eum

1984 4380 2124 4435 lacte
2207 4380 2434 4435 nutricis
2509 4390 2805 4446 suxerunt,
2882 4380 3130 4436 fortassis
3209 4385 3380 4436 morbi
3445 4385 3560 4439 sive

1986 4475 2236 4530 ruditatis
2283 4491 2394 4530 suae
2443 4477 2844 4530 excusationem
2890 4491 2993 4531 non
3033 4478 3406 4532 incredibilem
3456 4481 3555 4533 ba-
3620 4477 3630 4489 ”

1983 4567 2130 4621 bent.
2179 4565 2342 4620 Israel
2379 4576 2557 4622 autem
2598 4569 2809 4622 tametsi
2854 4568 2972 4638 iege
3021 4569 3318 4632 institutus,
3374 4581 3434 4623 et
3464 4571 3552 4624 Dei

312 4662 512 4731 σπότην
571 4660 923 4729 ἐπεγνωκὼς,
980 4660 1350 4731 πεπόρνευκεν
1410 4661 1490 4723 είς
1560 4659 1877 4713 ἀπόστασιν.

1992 4658 2288 4727 cognitione
2319 4658 2574 4726 imbutus,
2618 4659 2682 4712 ad
2720 4657 3077 4714 defectionem
3108 4671 3191 4714 est
3235 4660 3554 4714 fornicatus.

314 4752 517 4805 υὺκοῦν
543 4753 701 4804 νοοῖτ⁹
758 4751 825 4804 ἂν
872 4751 1096 4814 εἰκότως
1126 4751 1219 4804 καὶ
1258 4753 1316 4804 ὲν
1362 4750 1510 4820 αἰτίᾳ⁸
1538 4749 1776 4818 γεγονὼς
1820 4753 1884 4819 τῇ

317 4844 706 4914 φορτικωτέρᾳ,
729 4843 822 4895 καὶ
849 4842 1239 4911 δυσδιάφυκτον
1273 4841 1411 4912 ἔχων
1443 4842 1539 4911 τῆς
1569 4843 1886 4905 δυσσεϐείας

315 4934 373 4984 τὸ
398 4934 670 5002 ἔγκλημα.
703 4933 874 4996 Εἰδὼς
899 4933 1007 5002 γὰρ
1032 4933 1093 4986 τὸ
1121 4933 1330 5004 θέλημα
1346 4931 1439 4984 τοῦ
1462 4932 1668 5002 Κυρίου
1698 4931 1883 4996 αὑτοῦ,

319 5026 710 5096 κατημέλησεν,
741 5026 801 5077 οὐ
843 5026 1130 5094 πεποίηκε.
1187 5026 1491 5096 Δαρήσεται
1523 5024 1586 5094 δὴ
1628 5022 1719 5078 οὖν
1754 5025 1884 5078 πολ-

319 5115 433 5178 Li;-
468 5116 562 5168 τοῦ
595 5117 671 5186 μὴ
694 5115 912 5178 εἰδότος,
955 5110 1071 5167 εἶτα
1101 5115 1175 5186 μὴ
1207 5115 1547 5185 δεδρακότος,
1575 5114 1761 5182 ὀλίγας
1789 5114 1880 5168 δα-

323 5202 633 5271 ρησομένου,
668 5203 807 5254 κατὰ
829 5203 926 5272 τὴν
953 5201 1046 5254 τοῦ
1081 5203 1330 5274 Σωτῆρος
1361 5204 1542 5273 φωνήν
1564 5241 1577 5256 .
1607 5202 1698 5272 Μὴ
1725 5205 1878 5274 χαῖρε

319 5293 378 5361 δὴ
409 5289 499 5346 οὖν
541 5293 724 5356 καθὼς
748 5294 798 5346 oi.
823 5293 961 5359 λαοὶ,
998 5293 1182 5363 φησίν.
1222 5295 1282 5346 (li
1313 5293 1412 5364 μὲν
1448 5295 1553 5364 γὰρ
1583 5313 1600 5344 ι
1652 5295 1746 5346 Ἐκ
1777 5295 1883 5364 μή·

319 5396 444 5448 τρας
498 5384 915 5452 πεπλάνηνταιο
963 5401 980 5433 t
1028 5385 1092 5436 σὺ
1125 5383 1181 5436 δὲ
1221 5384 1368 5454 νόμῳ
1422 5383 1880 5452 παιδαγωγηθεὶς,

319 5473 752 5544 ὲκπεπύρνευκας
780 5475 889 5527 ἀπὸ
931 5474 1086 5527 Θεοῦ.
1117 5477 1226 5528 Καὶ
1249 5476 1330 5538 τίς
1362 5476 1539 5528 αὐτῶν
1568 5477 1758 5544 γέγονε
1786 5478 1883 5547 τῆς

321 5566 567 5629 πορνείας
602 5567 630 5617 ὁ
670 5567 900 5635 τρόποςς
967 5567 1244 5637 Ἢγαπησε
1294 5567 1520 5636 δόματα,
1578 5567 1764 5638 φησὶν,
1819 5569 1880 5620 οὐ

383 5739 426 5767 ’⁸
463 5737 629 5794 Zacb.
662 5757 716 5805 ιι,
881 5743 918 5772 ⁵³
957 5742 1085 5797 Luc.
1127 5758 1221 5806 xu,
1258 5743 1339 5809 i7,
1380 5743 1456 5797 ιε.

1986 4748 2164 4815 Quare
2225 4750 2416 4804 merito
2464 4751 2730 4820 gravioris
2793 4751 2960 4819 eulpae
3015 4765 3164 4810 reus,
3225 4759 3280 4802 et
3331 4750 3558 4804 crimine

1986 4840 2279 4911 impietatis
2310 4843 2618 4911 neutiquam
2651 4843 2948 4897 cxcusabili
2984 4842 3283 4896 obstrictus
3334 4842 3555 4912 intelligi

1984 4939 2180 5001 potest.
2212 4929 2345 4985 Nam
2397 4933 2576 4986 sciens
2608 4931 2937 4986 voluntatem
2975 4930 3184 4984 Domini
3221 4931 3325 4997 sui,
3382 4931 3558 4986 facere

1983 5023 2240 5092 neglexit,
2264 5023 2534 5092 vapulabit
2562 5024 2724 5092 igitur
2749 5022 2930 5076 multis
2957 5040 2972 5089 ;
2998 5037 3120 5076 cum
3148 5039 3178 5076 e
3203 5023 3439 5089 diverso,
3465 5024 3554 5094 qui

1984 5113 2231 5176 nescivit,
2274 5124 2330 5168 et
2363 5123 2540 5168 tamen
2583 5128 2686 5168 non
2731 5113 2876 5175 fecit,
2919 5113 3270 5181 vapulatttrus
3321 5117 3392 5170 sit
3424 5132 3556 5185 pau-

1985 5203 2154 5269 cis",
2182 5205 2337 5274 juxta
2385 5219 2567 5258 vocem
2625 5203 2942 5259 Salvatoris.
3011 5204 3086 5261 Ne
3141 5209 3314 5275 gaude
3374 5208 3552 5277 itaque

1987 5296 2127 5349 sicut
2169 5296 2370 5364 populi,
2416 5295 2607 5366 inquit.
2650 5293 2728 5350 illi
2779 5297 2922 5351 enim
2963 5316 2981 5350 ι
3017 5299 3082 5353 ab
3129 5309 3285 5354 utero
3331 5315 3548 5354 errave-

1986 5395 2108 5440 runt
2133 5387 2218 5440 ⁶¹ε
2253 5405 2273 5438 ι
2327 5397 2383 5442 ιιι
2429 5397 2608 5442 autem
2679 5387 2812 5457 legis
2861 5388 3109 5443 doctrina
3164 5391 3477 5452 instructus,
3514 5402 3543 5440 a

1985 5477 2094 5532 Deo
2126 5477 2420 5534 fornicatus
2459 5494 2538 5533 es.
2584 5478 2830 5546 Quonam
2877 5491 3056 5535 autem
3100 5481 3257 5534 modo
3299 5477 3545 5530 fornicati

1981 5570 2137 5624 sunt?
2175 5568 2371 5625 Dilexit
2400 5571 2543 5634 data,
2591 5571 2786 5640 inquit,
2821 5585 2923 5626 no.t
2967 5571 3184 5639 quidem
3225 5584 3252 5622 a
3291 5569 3422 5630 Deo,
3453 5568 3550 5622 sed

1540 5744 1578 5774 ⁸³
1614 5743 1755 5798 I‘sal.
1788 5759 1921 5811 Lt'tt,
1954 5746 1998 5800 ί.
