3898 6212
365 268 472 323 915

1401 265 1460 320 S.
1502 264 1774 319 CYBlLlJ
1815 263 2284 318 ALEXANDRINI
2323 265 2644 323 ARCHI‘EP.

3532 265 3642 322 2l6

369 403 394 431 τι
439 380 622 435 vitulis
652 390 706 436 et
739 395 766 434 a
802 379 952 444 Baal,
988 395 1300 450 quanquam
1333 381 1469 434 nihil
1505 380 1702 436 darent
1729 383 1950 450 petenti-

2075 383 2207 452 παρὰ
2245 383 2380 436 Θεοῦ
2431 385 2648 454 μᾶλλον,
2697 383 2832 438 ἀλλὰ
2862 385 2928 439 τὰ
2955 385 3018 437 ἐκ
3051 385 3159 437 τῶν
3188 383 3494 452 δαμάλεων,
3536 385 3638 438 καὶ

373 475 491 525 ittlS.
529 464 958 540 Qnmnatn‘ergo
986 474 1106 526 data
1140 487 1234 526 seu
1267 487 1492 526 munera
1529 474 1596 528 ab
1633 473 1764 542 ipsis
1794 475 1948 526 anth-

377 560 598 613 tcbant?
643 581 659 610 (
693 561 868 631 Super
908 576 1124 614 onlnem
1175 575 1356 614 aream
1409 559 1688 614 frumenti.
1724 578 1741 612 ι
1787 559 1952 628 Inipie

379 650 641 716 siquidem
696 661 750 704 et
800 651 1120 719 insipienter
1169 650 1342 704 visum
1400 660 1484 705 est
1529 651 1609 706 eis
1661 651 1730 704 ab
1794 651 1951 706 idolis

381 739 632 794 inanibus
677 740 894 810 frugum
927 742 1134 809 cupiam
1178 755 1245 794 ex
1281 741 1428 810 agris
1467 750 1674 810 petere,
1713 753 1770 795 ut
1815 742 1946 796 dixi.

379 830 635 894 ancsivit
670 831 831 898 igitur
863 829 1027 885 Israel
1068 831 1191 884 data
1242 846 1337 886 seu
1374 832 1636 886 beneficia
1671 834 1738 887 ab
1769 833 1947 886 idolis.

378 927 459 976 An
496 910 628 978 vero
659 925 948 992 petitiones
975 923 1023 976 ei
1051 932 1352 978 evenerunt
1387 939 1454 978 ex
1477 924 1782 978 sententia?
1807 923 1952 978 Nihil

382 1019 580 1071 minus.
625 1036 642 1068 ι
675 1017 814 1071 Area
847 1019 1012 1081 enim,
1056 1026 1111 1071 et
1138 1017 1373 1071 torcular
1405 1033 1511 1072 non
1548 1017 1801 1087 cognovit
1834 1032 1948 1081 eos,

377 1119 433 1161 et
463 1109 646 1162 vinum
678 1108 890 1178 decepit
928 1123 1040 1161 eos.
1085 1128 1103 1158 ι
1139 1108 1216 1160 Ac
1255 1107 1522 1161 neminem
1562 1107 1803 1162 discendi
1833 1117 1950 1162 stu-

379 1198 669 1254 diosiorem
699 1199 866 1252 latent
905 1197 1252 1268 pestilentiae,
1295 1197 1611 1252 sterilitates
1642 1206 1696 1252 et
1730 1199 1951 1253 siccita-

383 1302 464 1347 tes
522 1291 730 1360 longae,
791 1306 910 1360 quae
972 1290 1274 1345 Samariam
1328 1298 1682 1359 occuparunt.
1747 1288 1953 1357 Lapsus

380 1390 462 1436 cst
502 1396 633 1452 ergo
663 1396 779 1452 spe,
809 1398 912 1436 non
946 1383 1172 1453 adeptus
1203 1395 1322 1449 quae
1353 1381 1594 1449 petebat.
1635 1379 1701 1432 Et
1731 1381 1954 1448 insuper

381 1473 449 1526 ab
479 1472 595 1541 ipsa
624 1481 767 1527 terra
814 1481 1004 1528 sancta
1051 1481 1416 1534 recesserunt,
1457 1481 1512 1526 et
1550 1470 1779 1542 ingressi
1829 1479 1954 1524 sunt

383 1563 700 1635 ngyptum,
751 1574 810 1619 ut
858 1565 1134 1634 regionem
1197 1563 1498 1627 munitam,
1565 1561 1652 1615 ubi
1712 1560 1955 1630 pluribus

382 1657 550 1711 etiam
582 1657 684 1711 diis
723 1658 1050 1712 servierunt.
1087 1655 1230 1709 Mille
1263 1655 1408 1708 enim
1444 1653 1498 1707 in
1535 1652 1774 1724 Aigypto
1809 1653 1950 1708 idola

2054 475 2200 528 Βάαλ
2219 493 2232 506 ·
2265 477 2442 528 καίτοι
2468 475 2718 530 διδόντων
2743 479 2853 539 τοῖς
2885 476 3130 529 αἰτοῦσιν
3155 475 3327 528 οὐδέν.
3374 476 3497 528 Ἐπὶ
3527 475 3642 530 τίσι

2052 570 2109 623 δὲ
2142 571 2272 640 παρ’
2303 569 2482 622 αὐτῶν
2512 569 2691 640 ἐζήτει
2716 570 2964 639 Mum-ca;
3021 586 3039 619 ι
3079 569 3203 620 Ἐπὶ
3239 569 3419 622 πάντα
3443 568 3633 620 ἆλωνα

2055 661 2222 714 σίτου.
2277 681 2295 712 ι
2344 659 2548 713 Ἐδόκει
2599 659 2708 730 γὰρ
2757 659 2987 722 ἀνοσίως
3028 660 3212 720 αὐτοῖς
3255 659 3350 710 καὶ
3395 658 3643 721 ἀϐούλως

2051 756 2150 819 τὰς
2197 755 2257 818 ἐξ
2306 752 2494 824 ἀγρῶν
2539 754 2710 805 αἰτεῖν
2764 751 3094 821 εὐκαρπίας,
3133 751 3208 814 ὡς
3243 749 3398 820 ἔφην,
3429 753 3494 803 ἐκ
3531 749 3644 804 τῶν

2052 848 2312 902 διακενῶν
2341 845 2721 917 σεϐασμὰτων·
2766 862 2784 895 ι
2812 845 2937 914 Ἆρ’
2985 839 3079 897 οὖν
3109 842 3290 913 ἐζήτει
3329 845 3493 911 μὲν-ὁ
3533 844 3644 896 Ἰσι-

2055 941 2191 1012 ραὴλ
2224 938 2375 1011 παρὰ
2414 938 2522 991 τῶν
2571 935 2804 990 εἰδώλων
2847 936 2919 990 τὰ
2959 935 3188 1006 δόματα.
3239 935 3539 1005 Ἐκϐέϐηκε
3582 934 3645 987 δὲ

2053 1031 2201 1102 αὐτῴ
2239 1032 2358 1086 κατ’
2389 1031 2554 1100 εὐχὴν
2603 1029 2671 1081 τὰ
2717 1030 3028 1098 αίτήματα;
3070 1026 3369 1096 Οὐμενουν.
3404 1047 3421 1078 ι
3457 1027 3647 1079 Ἃλων

2054 1126 2186 1195 γὰρ,
2220 1125 2315 1178 καὶ
2343 1122 2502 1193 ληνὸς
2528 1123 2630 1175 οὐκ
2666 1120 2807 1189 ἔγνω
2839 1120 3058 1185 αὐτοὺς,
3101 1119 3199 1173 καὶ
3232 1120 3260 1170 6
3293 1114 3434 1180 οἶνος
3475 1116 3650 1188 ἐψεύ-

2055 1235 2182 1270 σατο
2213 1215 2427 1279 αὐτούς.
2471 1235 2488 1266 ι
2519 1215 2676 1267 Ἔστι
2718 1214 2773 1267 δέ
2804 1213 2956 1267 οὐδὲν
2995 1211 3105 1266 τῶν
3157 1210 3649 1281 φιλομαθεστέρων

2054 1310 2372 1378 ἀμφίλογον,
2421 1309 2502 1360 ὅτι
2544 1306 2721 1376 λοιμοὶ
2777 1304 3068 1374 γεγόνασιν
3106 1304 3163 1357 ἐν
3207 1305 3272 1373 τῇ
3333 1301 3647 1372 Σαμαρείᾳ,

2055 1400 2276 1472 ἀφορίαι
2331 1417 2386 1452 τε
2443 1400 2537 1451 καὶ
2583 1396 2834 1469 ἀϐροχῖαι
2897 1393 3130 1466 μακραί.
3187 1392 3509 1463 Ἢμάρτηκε
3577 1391 3651 1462 δὴ

2055 1487 2146 1544 οὖν
2175 1488 2402 1551 ἐλπίδος,
2433 1489 2490 1540 οὐ
2515 1487 2698 1541 λαϐὼν
2717 1488 2786 1541 τὰ
2810 1487 3086 1554 αἰτήματα
3107 1500 3122 1516 ο
3147 1483 3243 1536 καὶ
3271 1482 3495 1552 προσέτι
3515 1482 3650 1534 τού-

2054 1601 2151 1652 τῳ,
2178 1581 2269 1634 καὶ
2291 1579 2461 1649 αὐτῆς
2483 1578 2768 1649 ἁπῴχοντο
2801 1578 2902 1646 τῆς
2939 1575 3100 1645 ἁγίας
3128 1575 3251 1644 γῆς,
3277 1575 3368 1628 καὶ
3395 1572 3652 1642 εἰσῆλθον

2057 1678 2136 1739 είς
2158 1673 2450 1740 Αἴγυπτον,
2481 1672 2556 1730 ὡς
2589 1674 2669 1731 εἰς
2701 1667 2885 1740 χώραν
2917 1667 3355 1738 τετειχισμένην,
3402 1666 3498 1719 καὶ
3529 1667 3651 1730 τοῖς

383 1749 721 1812 visebantur,
765 1759 821 1804 et
867 1749 1158 1803 colentium
1214 1748 1331 1816 ipsa
1379 1745 1607 1801 mirifica
1649 1747 1714 1801 de
1766 1759 1955 1800 eorum

2075 1731 2139 1822 ξτῖ
2170 1731 2376 1823 πλείοσι
2411 1731 2552 1828 θεοῖς
2582 1731 2890 1834 ἐλάτρευον.
2937 1731 3125 1833 Μυρία
3161 1731 3360 1831 γὰρ’ἦν
3386 1762 3443 1812 ἐν
3477 1757 3656 1826 Αίγύ-

385 1841 622 1908 potentia
647 1839 852 1909 opinio.
883 1839 1043 1909 128
1060 1838 1281 1906 Magicis
1305 1838 1506 1908 quippe
1536 1836 1744 1890 artibus
1775 1836 1956 1889 omnia

379 1929 488 1983 'tevi
526 1929 740 1997 negotio
768 1931 1048 1983 counuode
1078 1928 1405 1983 efﬁciebant.
1441 1926 1605 1981 Vetiti
1635 1935 1762 1980 sunt
1792 1926 1957 1994 igitur

385 2022 549 2076 etiam
602 2022 852 2076 habitare
886 2021 939 2076 in
974 2031 1116 2074 terra
1145 2037 1174 2073 a
1207 2020 1314 2076 Deo
1361 2020 1555 2082 electa,
1597 2033 1756 2088 quam
1792 2017 1960 2072 idolo-

389 2129 507 2168 runt
538 2115 759 2184 regione
785 2122 1211 2168 commutarnut.
1253 2112 1358 2168 Sed
1384 2112 1631 2180 quamvis
1675 2111 1777 2164 ltoc
1817 2109 1955 2163 fece-

388 2204 520 2267 rint,
567 2203 880 2272 migrabunt
924 2202 991 2255 ad
1043 2202 1318 2270 Assyrios.
1357 2219 1377 2252 ι
1411 2199 1524 2255 Non
1575 2199 1815 2253 libabant
1857 2199 1958 2252 Do-

391 2296 557 2350 mino.
595 2315 612 2346 ι
654 2296 921 2366 Cougesto
967 2294 1110 2348 enim
1165 2294 1217 2347 in
1261 2293 1504 2348 torcular
1546 2291 1723 2347 fructu
1767 2292 1958 2354 vineae,

390 2387 655 2454 primitias
680 2387 923 2441 libabant
961 2385 1214 2449 daemoni,
1249 2399 1352 2438 non
1386 2383 1518 2447 Deo,
1559 2385 1702 2438 unde
1734 2397 1962 2451 accepe-

391 2487 532 2534 rant.
568 2478 896 2532 Dedicabant
924 2476 1085 2530 etiam
1124 2491 1312 2544 panes,
1357 2484 1417 2529 ut
1449 2475 1720 2544 primitias
1749 2476 1962 2528 messis.

389 2573 462 2624 At
499 2570 642 2623 enim
687 2571 738 2624 in
789 2568 1302 2624 contaminationem
1338 2577 1393 2622 et
1435 2568 1867 2636 profanationem
1902 2581 1964 2620 ea

392 2673 480 2714 res
510 2659 640 2728 ipsis
681 2659 853 2722 cedet,
900 2659 1094 2726 inquit,
1133 2669 1182 2712 et
1228 2667 1284 2711 ut
1325 2673 1492 2726 panes
1539 2658 1719 2712 luctus
1749 2668 1965 2725 reputa-

395 2758 612 2813 buntur,
651 2765 769 2819 qnze
817 2749 1138 2816 offeruntur,
1191 2750 1294 2804 hoc
1338 2760 1438 2810 est.
1490 2750 1871 2814 abominanda,
1914 2757 1969 2801 et

394 2839 641 2907 profana,
669 2849 726 2894 et.
768 2839 979 2894 odiosa.
1011 2839 1121 2895 Cur
1157 2840 1270 2892 ita?
1300 2840 1408 2893 Lex
1440 2840 1582 2894 enim
1633 2840 1967 2892 innuundnm

395 2931 743 2996 decernebat,
791 2933 881 2999 qui
931 2931 1389 3000 appropinquaret
1425 2941 1639 2984 mortuo
1664 2929 1728 2982 ⁸³.
1761 2930 1969 2998 Appro-

2059 1879 2178 1930 πτῳ
2201 1859 2268 1912 τὰ
2291 1857 2628 1926 σεϐάσματα,
2654 1855 2747 1908 καὶ
2769 1853 2882 1907 τῶν
2911 1851 3325 1925 θεραπευόντων
3347 1849 3485 1902 αὐτὰ
3517 1848 3656 1902 θαυ-

2062 1951 2239 2020 μαστή
2270 1967 2353 2012 τις
2382 1947 2650 2017 ὑπόληψις
2685 1946 2779 1999 ἐπὶ
2809 1945 3174 2007 δυναστείαις,
3211 1943 3286 2006 ὼς
3325 1945 3445 2005 ταῖς
3484 1959 3662 2011 μαγι-

2061 2045 2182 2105 καῖς
2210 2039 2524 2112 ἐμπειρίαις
2555 2039 2735 2093 πάντα
2759 2035 3062 2108 κατορθοῦν
3089 2035 3330 2097 εὐκόλως
3351 2034 3658 2104 δεδυνημέ-

2060 2153 2185 2190 νων,
2219 2135 2577 2206 Ἀπειρήκασι
2602 2131 2666 2202 δὴ
2689 2127 2859 2185 οὖντὸ
2877 2131 3152 2183 κατοικεῖν
3180 2129 3237 2180 ἐν
3267 2130 3332 2198 τῇ
3363 2127 3660 2197 ἁπολέκτῳ

2062 2229 2212 2299 παρὰ
2239 2226 2358 2296 Θεῷ
2393 2228 2488 2295 γῇ,
2515 2224 2610 2278 καὶ
2637 2223 2735 2283 τὴν
2769 2223 2880 2277 τῶν
2928 2221 3164 2275 εἰδώλων
3199 2219 3500 2290 ἠλλάξαντο
3534 2218 3655 2289 χώ-

2067 2336 2185 2390 ραν.
2227 2317 2364 2370 Ἀλλ’
2387 2318 2436 2370 εί
2474 2317 2570 2370 καὶ
2612 2313 2772 2368 τοῦτο
2810 2314 3125 2385 δεδράκασι,
3165 2310 3473 2383 βαδιοῦνται
3512 2311 3661 2381 πρδς

2077 2408 2394 2480 Ἀσσυρίους
2445 2425 2461 2457 ι
2497 2405 2610 2458 Οὐκ
2657 2403 2910 2457 ἔσπενδον
2944 2402 3020 2473 τῷ
3054 2403 3266 2474 Κυρίῳ.
3320 2422 3338 2455 ι
3378 2402 3655 2469 Συνενεγ-

2066 2503 2253 2564 κόντες
2275 2500 2384 2571 γὰρ
2415 2501 2472 2553 ἐν
2503 2500 2685 2569 ληνοῖς
2712 2498 2803 2552 τὸν
2827 2497 2884 2564 ἐξ
2915 2496 3163 2567 ἀμπέλου
3193 2497 3425 2567 καρπὸν,
3458 2493 3666 2547 ἔσπεν-

2066 2595 2152 2646 δον
2180 2596 2288 2656 τοῖς
2311 2590 2528 2662 δαίμοσι
2556 2589 2653 2652 τὰς
2682 2587 2956 2659 ἀπαρχὰς,
2985 2588 3081 2640 καὶ
3109 2588 3231 2658 οὐχὶ
3259 2585 3338 2657 τῷ
3355 2587 3494 2639 δόντι
3512 2585 3661 2654 Θεῷ.

2081 2686 2364 2753 Ἀνέφερον
2399 2681 2455 2735 δὲ
2487 2682 2580 2733 καὶ
2621 2681 2841 2751 ἄρτους,
2891 2680 2966 2741 ὡς
2999 2680 3055 2730 ἐν
3095 2677 3315 2748 ἀπαρχῇ
3367 2673 3662 2744 θερισμοῦ.

2068 2774 2214 2842 Πλὴν
2252 2775 2332 2835 είς
2366 2769 2642 2841 μολυσμὸν
2687 2770 2781 2822 καὶ
2823 2768 3123 2838 βεϐήλωσιν
3152 2767 3210 2820 τὸ
3239 2767 3428 2837 χρῆμα
3469 2767 3667 2828 αὐτοῖς

2068 2867 2376 2936 γενήσεται,
2423 2865 2576 2932 φησὶ.
2615 2861 2709 2915 καὶ
2733 2861 2810 2923 ὡς
2842 2860 3040 2931 ἄρτους
3082 2859 3313 2923 πένθους
3361 2857 3668 2925 καταλογι-

2072 2959 2331 3028 σθὴσεται
2357 2954 2426 3008 τὰ
2454 2952 2959 3024 προσκομιζόμενα,
3001 2951 3272 3015 τουτέστι,
3312 2948 3544 3020 βδελυρά
3572 2965 3664 3012 τε,

392 3022 684 3090 pinquaret
735 3031 945 3084 autem,
1008 3032 1100 3075 aut
1148 3037 1242 3090 per
1287 3022 1566 3091 sanguinis
1618 3023 1967 3076 communita-

2075 3022 2416 3118 καῖβέϐηλα,
2460 3022 2552 3098 καὶ
2586 3022 2971 3113 ἀπηχθημένα.
3018 3039 3118 3093 Διὰ
3167 3041 3328 3094 ποίαν
3380 3037 3595 3101 αἱτίαν;
3633 3039 3668 3092 ὁ

395 3123 528 3176 tcm,
569 3123 662 3166 aut
709 3129 802 3182 per
856 3115 1028 3183 ipsum
1080 3125 1407 3173 contactum.
1459 3116 1759 3188 Oportebat
1810 3120 1971 3188 igitur

396 3219 596 3272 genere
625 3209 976 3277 propinquos,
1011 3221 1104 3264 aut
1142 3211 1344 3266 amicus
1384 3227 1722 3268 mortuorum
1753 3223 1972 3281 propter

400 3301 600 3354 luctum
632 3301 1012 3366 contaminari,
1046 3311 1302 3358 curantes
1345 3315 1640 3370 mortuum,
1671 3314 1723 3357 et
1747 3304 1890 3371 justa
1922 3305 1968 3357 ei

401 3393 581 3446 facere
621 3393 917 3462 cupientes.
975 3394 1042 3448 Et
1083 3403 1238 3448 erant
1283 3395 1556 3448 immunda
1613 3395 1814 3459 omnia,
1856 3410 1974 3462 qua:

399 3484 474 3535 illi
511 3483 646 3538 forte
694 3487 1020 3556 attigissent.
1062 3487 1222 3543 Panis
1276 3489 1458 3556 itaque
1505 3488 1681 3543 luctus
1731 3499 1835 3553 est,
1881 3490 1972 3554 qui

402 3583 674 3627 mortuum
700 3574 1003 3644 lugentibus
1031 3578 1321 3645 apponitur
1350 3577 1402 3630 in
1431 3577 1775 3641 alimentum,
1812 3591 1971 3645 quem

401 3663 485 3717 vel
516 3672 735 3732 gustare
773 3665 1118 3718 durissimum
1151 3667 1453 3732 videbatur,
1501 3665 1849 3735 pollutionet'u
1894 3682 1977 3719 su-

405 3771 502 3822 per
549 3766 763 3811 mortuo
801 3755 1040 3822 effugere
1094 3757 1412 3812 nitentibus.
1474 3758 1669 3812 Polluti
1724 3759 1887 3827 igitur
1924 3767 1980 3813 et

406 3845 690 3914 objiciendi
725 3847 886 3900 etiam
937 3846 1032 3915 ipsi
1064 3862 1250 3915 panes,
1285 3848 1477 3916 inquit,
1514 3849 1603 3916 qui
1642 3849 1756 3903 loco
1790 3850 1977 3916 primi-

399 3939 606 4016 tiarum
661 3938 853 3992 messis
900 3937 1060 3990 oblati
1114 3935 1332 4002 fuerint,
1385 3955 1404 3988 ι
1438 3949 1494 3992 et
1542 3941 1633 4008 qui
1693 3941 1982 3994 comedunt

406 4044 522 4093 eos,
551 4028 876 4097 polluentnr.
912 4047 930 4080 ι
971 4028 1139 4082 Utiles
1163 4041 1342 4085 autem
1377 4031 1554 4100 potius
1580 4039 1737 4084 erunt
1771 4031 1979 4084 anima-

410 4122 508 4175 bus
543 4121 804 4190 ipsorum,
857 4121 910 4175 id
955 4130 1056 4184 est,
1091 4123 1156 4174 ad
1203 4136 1353 4177 csum
1401 4122 1662 4190 ipsorum.
1693 4141 1710 4172 ιι
1740 4121 1856 4175 Non
1898 4124 1979 4175 in-

407 4213 720 4278 gredieutur
760 4213 905 4267 enim
953 4214 1004 4267 in
1037 4213 1253 4267 domum
1300 4213 1604 4268 Domini“.
1638 4232 1658 4265 ι
1694 4212 1981 4268 Sciendum

411 4320 574 4372 porro
609 4305 780 4374 legem
832 4319 1047 4374 quoque
1089 4306 1355 4372 primitias
1404 4306 1618 4371 messis,
1657 4306 1981 4374 manipulos-

2078 3143 2240 3213 νόμος
2287 3140 2384 3210 μὲν
2408 3137 2517 3209 γὰρ
2548 3135 2861 3205 ἀκάθαρτον
2910 3135 3082 3186 ἐποίει
3128 3132 3220 3185 τὸν
3257 3131 3545 3200 ἐγγίζοντα
3572 3145 3670 3181 νε·-

2079 3235 2216 3307 κρῷ·
2255 3232 2542 3301 ἐγγίζοντα
2576 3229 2654 3292 δέ,
2685 3227 2717 3297 ἢ
2742 3225 2865 3280 καθ’
2887 3225 3119 3296 αἵματος
3139 3225 3470 3294 οἰκειότητα,
3492 3223 3669 3294 ἤγουν

2080 3330 2172 3382 καὶ
2206 3326 2325 3379 κατ’
2356 3322 2524 3392 αὐτὴν
2541 3320 2640 3388 τὴν
2663 3318 2759 3371 τοῦ
2781 3317 3036 3387 σώματος
3060 3317 3225 3386 ἁφήν.
3249 3311 3360 3368 Ἦν
3379 3308 3473 3368 οῦν
3495 3313 3668 3382 ἀνάγ-

2080 3437 2150 3488 κη
2181 3417 2306 3477 τοὺς
2344 3413 2482 3466 κατὰ
2510 3413 2666 3479 γένος
2690 3408 2876 3478 ἐγγὺς,
2906 3407 2939 3478 ἢ
2974 3407 3163 3475 φίλους
3200 3405 3309 3460 τῶν
3344 3404 3667 3473 τετελευτη-

2084 3514 2253 3566 κότων
2284 3507 2375 3560 ἐπὶ
2427 3505 2504 3574 τῷ
2550 3503 2737 3555 πένθει
2790 3500 3122 3572 μιαίνεσθαι,
3177 3499 3538 3570 περιέποντας
3573 3496 3671 3550 τὸν

2082 3602 2295 3672 νεκρὸν,
2322 3598 2417 3650 καὶ
2444 3597 2575 3666 δρᾷν
2601 3593 2884 3655 ἐθέλοντας
2898 3593 2984 3645 ἐπ’
3009 3589 3160 3660 αὐτῷ
3182 3591 3249 3644 τὰ
3267 3588 3634 3659 νενομισμένα
3650 3603 3667 3618 °

2085 3694 2261 3746 πάντα
2289 3690 2343 3742 δέ
2369 3683 2436 3759 ἦν
2465 3685 2748 3756 ἀκάθαρτα
2780 3677 2854 3736 ὧν
2897 3682 2962 3736 ἂν
3012 3682 3212 3744 αὐτοὺς
3243 3679 3440 3750 συνέϐη
3471 3679 3668 3746 θίγειν.

2089 3782 2285 3851 Ἀρτος
2311 3775 2402 3831 οὖν
2444 3775 2670 3838 πένθους
2697 3775 2724 3826 6
2753 3774 2866 3836 τοῖς
2889 3769 3144 3825 πενθοῦσι
3173 3770 3369 3839 νεκρὸν
3401 3767 3674 3837 παρακεί-

2090 3888 2246 3943 μενος
2275 3873 2354 3933 εἰς
2401 3868 2637 3940 τροφήνο
2692 3857 2752 3918 οὐ
2804 3864 2900 3918 καὶ
2937 3860 3331 3931 ἀπογεύεσθαι,
3389 3858 3674 3912 πάνδεινον

2088 3965 2391 4026 ἐδόκειτοῖς
2417 3957 2803 4030 παραιτεῖσθαι
2830 3954 3232 4028 μεμελετηκόσι
3259 3951 3351 4006 τδν
3377 3951 3471 4005 ἐπὶ
3489 3950 3676 4022 νεκρῷ

2091 4057 2388 4130 μολυσμὸν.
2425 4055 2627 4125 Μιαροὶ
2667 4049 2958 4121 τοιγαροῦν
2992 4048 3086 4101 καὶ
3114 4046 3408 4116 ἀπόϐλητοι
3445 4045 3538 4098 καὶ
3569 4043 3674 4097 αὐ-

2088 4150 2190 4210 τοὶ,
2217 4149 2401 4218 φησὶν,
2429 4147 2479 4199 οἱ
2509 4145 2685 4215 ἄρτοι,
2719 4143 2878 4212 οἵπερ
2910 4141 2976 4193 ἂν
3006 4137 3460 4210 προσκομισθεῖεν
3495 4136 3572 4198 ὡς
3615 4136 3676 4187 ἐν

2090 4242 2313 4310 ἀπαρχῇ
2353 4237 2549 4308 θερῶν,
2591 4254 2610 4285 ι
2648 4234 2759 4288 Καὶ
2787 4236 2834 4286 οἱ
2869 4231 3142 4292 ἐσθίοντες
3177 4230 3395 4291 αὐτοὺς,
3439 4225 3674 4298 μιανθή-

2094 4347 2301 4381 σονται.
2341 4347 2357 4377 ι
2398 4325 2655 4377 Ἔσονται
2683 4322 2740 4375 δέ
2767 4322 3028 4392 χρήσιμοι
3078 4317 3276 4388 μᾶλλον
3318 4318 3438 4380 ταῖς
3474 4315 3675 4384 ψυχαῖς

409 4415 516 4463 ene
553 4411 609 4454 et
637 4415 830 4469 panem
879 4401 932 4454 in
968 4400 1292 4454 sacrificium
1336 4399 1520 4453 offerri
1555 4400 1874 4468 praecepisse
1913 4399 1960 4430 "

2091 4418 2288 4478 αὐτῶν,
2341 4415 2636 4479 τουτέστιν,
2660 4414 2740 4475 είς
2765 4411 2966 4483 βρῶσιν
2997 4409 3198 4471 αὐτοῖς.
3243 4425 3262 4458 ι
3293 4407 3408 4460 Οὐκ
3437 4404 3679 4458 εἰσελεύ-

405 4491 432 4544 J
459 4507 528 4544 tm
577 4506 706 4545 vero
741 4489 924 4548 Israel.
975 4505 1093 4559 qua:
1147 4488 1250 4541 sibi
1286 4487 1454 4558 gloria
1498 4489 1592 4543 Dei
1639 4488 1966 4554 vindicabat,

411 4579 716 4635 simulacris
752 4577 1035 4642 offerebat,
1072 4577 1182 4631 Deo
1230 4578 1358 4631 licet
1397 4577 1680 4632 manifeste
1722 4577 1938 4632 dicente
1969 4595 1982 4630 :

421 4691 438 4717 ι
469 4670 710 4726 Gloriam
760 4684 937 4724 meam
985 4667 1140 4722 alteri
1179 4683 1284 4720 non
1339 4668 1498 4734 dabo,
1545 4683 1718 4736 neque
1761 4669 1987 4723 tirtutes

412 4777 560 4816 ineas
590 4762 892 4816 simulacris
911 4760 975 4816 ‘°.
1005 4780 1024 4813 ι

488 5049 750 5115 Quocirca
784 5051 850 5103 ad
886 5052 1050 5104 vitam
1084 5051 1492 5105 sustentandam
1527 5051 1785 5120 requisita
1814 5065 1844 5104 a
1880 5051 1990 5107 Deo

415 5141 643 5211 petenda
697 5151 842 5205 sunt,
877 5143 1346 5213 confitendumque
1375 5145 1546 5213 ipsum
1586 5152 1706 5199 esse
1744 5145 1987 5199 datorem

414 5247 470 5291 et
516 5233 824 5304 largitorem
871 5235 1050 5288 omnis
1080 5234 1345 5288 ubertatis
1381 5247 1600 5301 nostrae,
1643 5239 1756 5291 sive
1806 5237 1893 5290 illa
1927 5237 1990 5291 ad

419 5341 640 5398 corpus,
675 5325 789 5379 sive
814 5324 878 5376 ad
920 5324 1170 5393 spiritum
1203 5326 1491 5391 pertineat.
1534 5327 1640 5381 Nec
1671 5330 1812 5382 enim
1856 5329 1991 5383 :dius

418 5431 503 5477 cst
533 5427 730 5489 prmter
762 5416 911 5470 illum
945 5417 1034 5484 qui
1068 5413 1296 5484 plnat",
1340 5423 1397 5467 ut
1435 5417 1695 5484 scriptum
1743 5429 1863 5484 est;
1895 5421 1988 5474 sed

419 5524 552 5568 nutu
586 5511 701 5582 ejus
736 5511 915 5580 fruges
948 5507 1278 5577 temporibus
1319 5507 1428 5561 suis
1460 5511 1571 5562 ruri
1616 5511 1906 5575 exsistunt,
1937 5521 1992 5566 et

489 5697 534 5728 ιδ
566 5695 722 5751 Num.
758 5713 870 5761 tux,
898 5698 986 5751 “22.

415 5765 442 5788 \

1065 5697 1106 5728 “
1147 5695 1292 5750 Exod
1351 5711 1504 5766 χχιιι,
1544 5697 1624 5752 10.

1707 5696 1747 5728 ⁸⁵
1775 5695 1946 5752 Levit.
1981 5712 2072 5762 vn,
2116 5695 2196 5760 ll,
2235 5695 2316 5750 ιε.
2391 5699 2437 5730 ³⁸
2470 5695 2571 5752 lsa.
2609 5697 2812 5758 xut.8.

2096 4527 2275 4564 σονται
2305 4508 2412 4578 γὰρ
2444 4509 2522 4569 είς
2559 4502 2707 4559 οἷκον
2749 4504 2974 4572 Κυρίου.
3018 4519 3036 4552 ι
3071 4499 3285 4552 Είδέναι
3316 4498 3373 4550 δέ
3421 4497 3547 4568 χρὴ,
3593 4497 3680 4548 ὃτι

2094 4603 2188 4654 καὶ
2219 4601 2246 4652 6
2284 4600 2476 4668 νόμος,
2529 4595 2782 4667 ἀπαρχὴν
2818 4592 3103 4665 θερισμοῦ,
3137 4588 3427 4660 δράγματα
3460 4604 3520 4640 τε
3582 4587 3680 4640 καὶ

2095 4692 2257 4763 ἄρτον
2274 4689 2570 4760 προσάγειν
2601 4687 2848 4739 ἐκέλευεν
2873 4687 2953 4748 είς
2983 4682 3192 4737 θυσίαν.
3241 4679 3586 4750 Μετεκὸμισε
3620 4677 3683 4729 δὲ

2095 4786 2124 4837 6
2164 4781 2378 4853 Ἰσραὴλ
2407 4780 2475 4834 τὰ
2504 4781 2583 4844 εἰς
2611 4780 2772 4846 δόξαν
2807 4777 2944 4831 Θεοῦ
2993 4780 3107 4841 τοῖς
3158 4775 3438 4844 γλυπτοῖς.
3481 4771 3682 4826 Καίτοι

2096 4871 2232 4925 Θεοῦ
2273 4870 2521 4939 λέγοντος
2554 4869 2800 4942 ἐναργῶς
2821 4885 2835 4901 ο
2867 4889 2883 4920 ι
2920 4867 3030 4938 Τὴν
3059 4866 3216 4931 δόξαν
3257 4882 3358 4936 μου
3403 4863 3573 4934 ἑτέρῳ
3616 4863 3680 4914 οὐ

2097 4960 2406 5022 δώσω,οὐδὲ
2433 4959 2530 5023 τὰς
2561 4959 2764 5031 ἀρετάς
2799 4975 2900 5028 μου
2929 4959 3042 5021 τοῖς
3066 4956 3342 5024 γλυπτοῖς.
3374 4971 3393 5004 ι

2169 5053 2378 5107 Οὐκοῦν
2410 5054 2706 5120 ἀναγκαῖον
2741 5053 2916 5105 αίτεῖν
2951 5048 3102 5120 παρὰ
3133 5047 3268 5101 Θεοῦ
3307 5046 3376 5099 τὰ
3429 5042 3679 5114 ζωαρκῆ,

2099 5147 2192 5198 καὶ
2243 5144 2406 5198 αὐτὸν
2463 5144 2746 5214 ὁμολογεῖν
2796 5143 3000 5215 δοτῆρα
3043 5141 3140 5193 καλ⁸
3178 5136 3414 5210 χορηγὸν
3459 5136 3684 5206 ἁπάσης

2098 5240 2228 5306 ἡμῖν
2280 5237 2585 5308 εὐκαρπίας
2639 5235 2960 5306 σωματικῆς
2997 5233 3092 5287 καὶ
3145 5229 3525 5302 πνευματικῆς
3555 5245 3568 5256 ·
3618 5227 3684 5281 οὐ

2095 5329 2204 5399 γάρ
2236 5331 2381 5382 ἐστιν
2409 5329 2594 5399 ἐτερος
2629 5329 2756 5398 παρ’
2787 5325 2950 5380 αὐτὸν
2983 5323 3238 5391 ὐετίζων,
3286 5321 3429 5376 κατὰ
3480 5321 3542 5374 τὸ
3584 5337 3684 5388 γε·

2095 5419 2433 5490 γραμμένον,
2460 5419 2595 5472 ἀλλὰ
2623 5420 2734 5480 τοῖς
2761 5415 2924 5469 αὐτοῦ
2949 5418 3210 5486 νεύμασι,
3231 5414 3324 5468 καὶ
3349 5413 3417 5468 τὰ
3445 5411 3503 5476 ἐξ
3521 5411 3688 5482 ὡρῶν

2093 5511 2303 5581 ἀνίσχει
2329 5512 2448 5564 κατ’
2487 5511 2710 5580 ἀγροὺς,
2743 5509 2836 5560 καὶ
2877 5509 2976 5578 τῆς
3006 5509 3216 5563 ἄνωθεν
3261 5501 3512 5572 εὐλογίας
3548 5503 3705 5573 ἀναν--³

2893 5698 2934 5727 ιτ
2967 5695 3077 5751 ,Ιιιιχ
3117 5704 3236 5751 τιν,
3268 5689 3356 5742 ‘32.
