3898 6212
221 314 322 368 ΞΠ

1143 320 1697 382 COMMENTARIUS
1735 325 1807 381 IN
1842 326 2076 384 OSEAM
2115 328 2559 387 PROPIIETAM.

3383 346 3489 402 ‘ZIS

221 435 603 506 πιμπλάμεθα,
640 434 730 490 τδν
757 437 944 509 νοητὸν
977 439 1138 510 ἄρτον
1168 444 1512 516 τρεφόμενοι,
1545 449 1639 500 καὶ
1660 442 1796 501 οἶνον

1907 467 2137 521 soperna
2197 455 2575 508 benedictione
2625 456 2915 524 replcmur,
2961 475 3101 530 pane
3147 464 3246 518 snb
3292 465 3490 518 intelli-

219 527 431 596 ἔχοντες
460 525 554 579 τὸν
585 527 646 593 ἐξ
677 530 933 599 οὐρανοῦ,
965 549 983 582 ι
1025 532 1129 585 Τὸν
1180 536 1540 606 εὐφραίνοντα
1572 539 1801 610 καρδίαν

219 618 525 688 ἀνθρώπου.
565 636 585 670 ι
623 619 808 673 Ταῦτα
841 625 1052 693 φρονεῖν
1082 625 1370 696 ᾑρημένοι,
1402 632 1802 702 κατοικήσομεν

221 711 315 779 τὴν
370 710 535 777 ἁγίαν
573 711 700 780 γῆν.
770 713 1039 783 Ἐσόμεθα
1091 721 1196 788 γὰρ
1239 719 1372 786 μετὰ
1407 719 1565 782 Θεοῦ,
1618 723 1709 775 καὶ
1743 724 1801 775 ἐν

231 799 543 869 Ἀσσυρίοις
575 800 862 870 ἀκάθαρτα
892 802 952 854 οὑ
1007 804 1315 873 φαγόμεθα.
1383 808 1801 862 Κατασόσκουσι

215 888 321 957 γὰρ
346 889 405 942 ἐν
431 889 798 960 ἀκαθαρσίαις
821 891 946 953 τοὺς
980 893 1306 962 προσιόντας
1338 895 1520 960 αὑτοῖς
1564 915 1582 948 ι
1618 899 1680 951 0i
1707 915 1799 951 κο·

216 981 596 1051 σμοκράτορες
627 982 723 1033 τοῦ
758 983 952 1046 αἰῶνος
971 983 1185 1047 τούτου,
1217 984 1287 1037 τὰ
1323 988 1670 1058 πνευματικὰ
1701 991 1799 1061 τῆς

215 1073 482 1144 πινηρίας
514 1075 572 1124 ἐν
597 1074 709 1134 τοῖς
739 1074 1100 1146 ἐπουρανίοις.
1138 1096 1156 1129 ι

284 1163 348 1218 Τί
386 1163 677 1230 ποιήσετε
695 1164 766 1218 ἐν
791 1165 979 1234 ἡμέρᾳ
1003 1171 1408 1240 πανηγύρεως,
1442 1173 1538 1226 καὶ
1568 1173 1638 1226 ἐν
1659 1173 1799 1244 ἡμέ-

206 1272 340 1322 μιις
379 1252 594 1322 ἑορτῆς
624 1255 847 1323 Κυρίου
867 1271 886 1319 ;

275 1349 397 1412 L_Z'.
419 1346 640 1416 Ἐπειδὴ
655 1347 763 1418 γὰρ
788 1349 866 1411 εἰς
890 1348 1066 1416 τοῦτο,
1087 1351 1242 1421 φησὶ,
1269 1352 1369 1405 καθ
1380 1353 1559 1406 ίκεσθε
1572 1354 1799 1408 δυσϐου-

202 1435 323 1498 λίας
372 1435 470 1488 καὶ
515 1435 908 1507 ἀσεΰημάτων,
953 1438 1200 1512 βδελυροὶ
1247 1442 1304 1495 δὲ
1340 1441 1482 1496 οὕτω
1515 1444 1794 1512 γεγόνατε,

203 1531 296 1581 καὶ
332 1529 749 1601 ἀπηχθημένοι,
781 1533 932 1594 ποῖος
959 1532 1086 1602 ὑμῖν
1118 1533 1224 1601 ἄρα
1268 1533 1526 1607 βοηθήσει
1557 1537 1794 1608 τρόπος;

202 1622 313 1692 ἦτε
353 1622 702 1694 πεπραχότες
751 1626 846 1676 καὶ
897 1623 1338 1698 βουλευσάμενοι,
1386 1628 1488 1699 τῆς
1520 1628 1663 1683 οὓτω
1691 1619 1799 1683 δει-

201 1715 297 1782 νῆς
334 1716 433 1768 καὶ
473 1716 677 1786 ἀγρίας
721 1717 1008 1772 ἐκνεύσετε
1059 1724 1380 1792 συμφορᾶς,
1417 1724 1543 1776 ὅταν
1602 1725 1635 1796 ή
1687 1723 1795 1795 ἐμὴ

1905 544 2138 612 gentiam
2188 547 2420 600 cadente
2471 548 2683 611 nutriti,
2734 561 2787 602 et
2837 552 3022 605 vinum
3069 554 3336 610 habentes
3370 573 3486 610 cu:-

1905 634 2058 700 leste,
2094 653 2111 685 ι
2144 637 2283 704 quod
2323 637 2561 690 Letificat
2604 654 2699 691 cor
2747 640 3062 698 hominis".
3091 663 3110 694 ι
3156 643 3231 698 Ita
3284 646 3482 713 affecti,

1905 733 2105 778 terram
2159 736 2403 780 sanctam
2461 727 2846 786 habitabimus.
2894 731 3111 788 Erimus
3160 737 3302 789 enim
3360 752 3498 791 cum.

1904 815 2036 882 Deo,
2089 827 2142 871 et
2193 818 2338 872 inter
2384 819 2637 890 Assyrios
2678 823 2975 878 immundis
3023 841 3126 879 non
3175 841 3481 883 vescemur.

1902 905 2140 964 Pascunt
2190 911 2332 964 enim
2397 912 2447 964 in
2508 912 2863 968 immunditiis
2920 918 2986 968 ad
3048 932 3108 971 se
3163 921 3483 974 accedentes

1908 1019 1925 1052 ι
1958 1003 2226 1072 principes
2281 1005 2461 1057 mundi
2523 1005 2704 1074 hujus,
2757 1007 3061 1076 spiritualia
3121 1011 3374 1080 nequitiae
3428 1013 3482 1067 in

1901 1093 2212 1148 coelestibus
2232 1095 2299 1148 δ’.
2337 1114 2355 1148 ι

1974 1183 2136 1252 129
2181 1183 2321 1249 Quid
2348 1185 2554 1253 facietis
2595 1188 2648 1242 in
2679 1188 2763 1244 die
2806 1203 3108 1259 conventus,
3139 1204 3185 1248 et
3215 1196 3268 1248 in
3303 1195 3483 1250 diebus

1899 1273 2244 1329 solemnitatis
2303 1276 2560 1332 Domini?

1967 1364 2174 1424 XCVII.
2208 1367 2470 1432 Quoniam
2504 1370 2647 1424 enim
2675 1371 2778 1425 huc
2807 1388 2979 1443 usque
3007 1375 3145 1430 male
3176 1377 3329 1432 vobis
3352 1393 3483 1432 con-

1897 1457 2123 1512 suleudo
2148 1469 2200 1513 et
2235 1458 2399 1529 impie
2427 1463 2636 1530 agendo
2689 1467 3053 1532 processistis,
3105 1468 3346 1537 adeoque
3391 1470 3485 1522 de-

1900 1549 2176 1604 testabiles
2209 1559 2263 1604 et
2296 1552 2470 1606 odiosi
2518 1554 2803 1620 evasistis,
2852 1572 3086 1626 quonam
3135 1559 3292 1612 modo
3331 1561 3481 1615 vobis

1898 1643 2278 1696 succurrctur?
2304 1652 2396 1696 aut
2420 1644 2548 1712 quid
2579 1645 2871 1715 incipietis,
2907 1649 3107 1717 quidve
3135 1652 3343 1705 consilii
3393 1667 3486 1707 ca-

1900 1736 2080 1804 pietis,
2111 1745 2166 1788 ut
2198 1744 2305 1789 tam
2330 1735 2500 1789 diram
2533 1746 2584 1791 et
2612 1747 2848 1792 atrocem
2885 1741 3243 1798 calamitatem
3262 1741 3482 1811 effugia-

199 1806 428 1876 τελῆται
486 1809 816 1882 πανήγυρις,
869 1809 1217 1875 δαπανῶντος
1258 1813 1352 1866 τοῦ
1397 1814 1796 1886 πολέμουίτοὺς

1907 1827 1990 1892 lis,
2025 1826 2241 1896 quando
2273 1827 2481 1882 scilicet
2517 1829 2659 1884 bello
2694 1829 3014 1885 absumente
3043 1834 3136 1900 qui
3190 1847 3274 1886 me
3307 1806 3480 1887 elicu-

201 1898 604 1970 λελυπηκότας;
634 1899 845 1953 Οὑκοῦν
882 1901 1076 1973 ἑορτὴν
1111 1901 1245 1955 ἰδίαν
1289 1905 1545 1975 ὀνομάζει
1583 1905 1611 1957 ὁ
1640 1905 1794 1970 Θεὸς,

198 1992 285 2043 τὸν
315 1992 518 2062 καιρὸν
539 1992 802 2063 δηλονότι,
831 1993 952 2046 καθ’
969 1993 1028 2047 ὃν
1055 1995 1082 2046 ό
1108 1995 1328 2068 Ἰσραὴλ
1351 1997 1616 2060 ἐξαιτοῖτο
1643 1997 1798 2060 δίκας

199 2083 304 2134 τῶν
337 2084 422 2147 εἰς
456 2083 621 2137 αὑτὸν
647 2086 1228 2156 πεπλημμελημένων.

261 2176 393 2247 Χρὴ
418 2177 722 2248 τοιγαροῦν
756 2177 832 2247 μὴ
856 2177 1044 2241 ἁπλῶς
1073 2177 1133 2230 τὸ
1157 2175 1348 2230 δοκοῦν
1377 2178 1797 2248 ἀπερισκέπτως

199 2269 494 2331 ἐπιτελεῖν,
531 2271 626 2321 καὶ⁹
653 2270 768 2332 τοῖς
799 2269 1067 2339 παροῦσιν
1093 2267 1411 2339 ἐφήδεσθαι,
1448 2269 1796 2340 συναρπαζο-

201 2361 404 2430 μένους
468 2363 590 2424 ταῖς
640 2360 957 2432 ἐπιθυμίαις
1002 2361 1082 2424 εἰς
1133 2361 1192 2413 τὸ
1241 2359 1609 2432 προσκρούειν
1653 2361 1794 2432 Θεῷ,

203 2469 262 2505 πε
271 2454 536 2525 ριαθρεῖν
599 2453 656 2506 δὲ
710 2451 912 2523 μᾶλλον
941 2451 1036 2504 καὶ
1069 2451 1137 2504 τὰ
1163 2450 1421 2520 ἐσόμενα,
1463 2451 1558 2503 καὶ
1586 2449 1798 2504 διεκδύ-

199 2567 310 2603 νειν
346 2545 670 2615 ἐπείγεσθαι
700 2545 770 2598 τὰ
804 2546 870 2598 ἐκ
893 2544 1044 2608 Θείας
1077 2545 1266 2616 ὀργῆς
1299 2543 1535 2615 ἐσόμεθα
1564 2544 1676 2616 γὰρ
1702 2543 1797 2596 οὑ-

199 2660 273 2696 τω
303 2640 488 2710 σοφοὶ,
517 2640 610 2692 καὶ
633 2638 744 2692 τῶν
772 2639 1161 2710 συμφερόντων
1193 2637 1580 2709 ἐπιστήμονες.

268 2819 379 2872 Διά
399 2815 581 2871 τοῦτο
611 2815 744 2870 ἰδοὺ
766 2815 1123 2884 πορεύονται
1151 2815 1220 2868 ἐκ
1257 2814 1662 2883 ταλαιπωρίας
1697 2815 1795 2868 Αι-

203 2916 464 2984 τύπτου,
491 2910 590 2965 καὶ
620 2909 925 2974 ἐκδέξεται
957 2907 1178 2973 αὐτοὺς
1207 2907 1458 2976 Μέμφις,
1494 2906 1592 2960 καί
1617 2905 1796 2974 θάψει

206 3006 431 3072 αὐτοὺς
485 3002 764 3072 May-adq.
825 3001 893 3056 Τὸ
949 3001 1233 3070 ἀργύριον
1302 2996 1501 3052 αὐτῶν
1549 2996 1796 3064 ὄλεθρος

208 3095 691 3165 κληρονομήσει,
766 3092 1018 3147 ἄκανθαι
1083 3091 1154 3145 ἐν
1221 3089 1346 3157 τοῖς
1399 3088 1796 3160 σκηνώμασιν

207 3189 424 3244 αὐτῶν.

276 3284 403 3350 1.,Η’.
436 3278 872 3352 Καταδῃοὺντων
901 3277 1000 3350 τὴν
1036 3279 1350 3350 Σαμάρειαν
1386 3279 1496 3331 τῶν
1539 3277 1796 3331 Βαϐυλω-

207 3378 354 3441 νίων,
379 3376 431 3428 οἰ
462 3374 744 3443 διαφυγεῖν
779 3371 1123 3443 ἰσχύσαντες,
1178 3372 1331 3442 μόλις
1363 3370 1684 3442 ἀπέδραμον
1717 3371 1798 3432 εἰς

207 3473 306 3541 τήν
321 3466 668 3537 Αἰγυπτίων.
683 3466 846 3520 Ἀλλὰ
861 3467 956 3519 καὶ
978 3464 1146 3536 αὑτὴν
1165 3465 1392 3518 ἐλόντων
1413 3465 1513 3536 τὴν
1529 3465 1593 3517 Ἰε
1603 3478 1798 3534 ρουσα-

208 3555 336 3627 λὴμ,
372 3557 434 3608 ἐν
473 3552 690 3624 χρόνοις
730 3551 830 3620 τῆς
867 3549 1134 3621 Ἰερεμίου
1183 3550 1559 3621 προφητείας,
1611 3545 1798 3618 εὑαρί-

211 3649 406 3720 θμητοι
453 3647 652 3718 κομιδῇ
691 3644 1125 3717 κατελείφθησαν
1158 3646 1223 3698 ἐκ
1266 3644 1366 3713 τῆς
1411 3643 1579 3696 Ἰούδα
1624 3641 1797 3711 φυλῆς

211 3746 303 3798 καὶ
321 3741 606 3813 Βενιαμίν.
637 3734 798 3796 Οὗτοί
823 3756 883 3792 τε
909 3737 1159 3806 εἰσῆλθον
1189 3739 1269 3801 εἰς
1297 3735 1594 3804 Αἴγυπτον,
1619 3733 1795 3786 καίτοι

217 3833 638 3906 παρεγγυῶντος
667 3830 802 3884 Θεοῦ
819 3830 907 3882 διὰ
931 3829 1117 3900 φωνῆς
1128 3828 1260 3900 ἰερε
1271 3827 1414 3899 μίου,
1437 3827 1530 3879 καὶ
1545 3825 1794 3894 λέγοντος

219 3927 478 3998 ἐναργῶς,
517 3925 592 3997 μὴ
614 3926 811 3996 χρῆναι
843 3922 1081 3993 βαδίζειν
1125 3921 1226 3993 τὴν
1259 3920 1590 3989 ἐνεγκοῦσαν
1633 3919 1797 3988 ἀφέν-

217 4036 305 4085 τας
334 4024 416 4083 είς
447 4020 549 4088 τὴν
579 4017 918 4086 Αἰγυπτίων,
956 4014 1310 4084 ἠπειληκότος
1347 4013 1427 4078 δέ,
1476 4014 1558 4066 ὅτι
1599 4011 1706 4065 κᾶν
1745 4011 1794 4064 εἰ

218 4119 363 4172 τοῦτο
385 4116 557 4187 δρῷεν
583 4114 731 4186 παρὰ
749 4115 810 4166 τὸ
830 4112 976 4182 αὑτῷ
993 4109 1204 4174 δοκοῦν,
1229 4109 1654 4180 περιπεσοὺνται
1684 4107 1797 4169 τοῖς

221 4210 368 4273 ίσοις,
413 4207 447 4278 ἢ
494 4209 610 4271 τοῖς
643 4206 724 4258 ἔτι
773 4205 1213 4275 φορτικωτέροις.
1275 4202 1428 4271 Ἔχει
1465 4200 1521 4253 δέ
1559 4199 1702 4254 οὑτω
1735 4199 1796 4252 τὸ

219 4301 596 4374 γεγραμμένον
613 4297 850 4360 ἰΟὑτως
864 4293 983 4350 εἷπε
1013 4297 1217 4368 Κὺριος
1238 4311 1253 4324 ·
1329 4294 1454 4346 Ἐὰν
1481 4293 1638 4363 ὑμεῖς
1660 4292 1794 4345 δῶτε

217 4396 270 4448 τὸ
297 4394 596 4465 πρόσωπον
619 4391 771 4462 ὑμῶν
799 4393 882 4454 εἰς
915 4388 1189 4458 Αἴγυπτον
1222 4389 1316 4442 καὶ
1365 4385 1644 4457 εἰσέλθητε
1678 4387 1796 4438 ἐκεῖ

1822 3174 1869 3235 C

1901 1918 2111 1982 derant,
2137 1919 2425 1974 celebritas
2450 1935 2566 1975 mea
2599 1923 2928 1992 peragetur?
2955 1922 3138 1992 Itaque
3167 1924 3482 1979 solemnita-

1902 2020 2008 2064 tem
2045 2026 2196 2064 suam
2226 2021 2384 2066 vocat
2416 2012 2580 2078 Deus,
2612 2023 2822 2084 tempus
2863 2017 3126 2079 videlicet.
3168 2033 3273 2086 quo
3315 2017 3479 2073 Israel

1899 2117 2122 2156 suorum
2161 2103 2213 2156 in
2246 2103 2420 2173 ipsum
2452 2116 2792 2174 peccatorum
2825 2121 3014 2176 pinnas
3048 2109 3118 2163 sit
3148 2111 3389 2164 daturus.

1971 2195 2329 2262 Quamobrem
2361 2197 2500 2264 quod
2538 2196 2790 2261 lubt-scit,
2817 2213 2920 2251 non
2951 2198 3272 2268 simpliciter
3306 2209 3360 2252 et
3397 2199 3477 2252 in-

1898 2287 2238 2342 considerate
2265 2290 2691 2357 exsequendum,
2739 2296 2792 2342 et
2834 2290 3192 2357 praesentibus
3237 2291 3478 2358 gauden-

1898 2377 2021 2431 dum
2047 2384 2149 2441 est,
2175 2377 2220 2431 si
2251 2392 2350 2432 nos
2378 2378 2701 2447 cupiditates
2729 2388 2927 2433 nostra:
2969 2380 3033 2432 ad
3079 2379 3171 2433 Dei
3221 2378 3478 2434 olfensam

1897 2470 2244 2539 pertrabant;
2280 2469 2374 2523 sed
2404 2469 2580 2522 futura
2625 2470 2802 2539 potius
2840 2471 3347 2537 circumspicienda,
3384 2485 3480 2522 cu-

1897 2561 2233 2629 randumque
2263 2561 2472 2624 sedulo,
2510 2563 2584 2615 uti
2616 2562 2894 2630 suppliciis
2941 2564 3007 2614 ab
3052 2563 3191 2615 irato
3230 2561 3340 2614 Deo
3381 2562 3482 2613 im-

1896 2650 2177 2704 mittendis
2209 2650 2506 2705 elabamur.
2542 2651 2632 2706 Sic
2662 2653 2805 2706 enim
2836 2653 3112 2720 sapientes
3139 2661 3194 2707 et
3227 2653 3480 2706 utilitatis

1896 2751 2098 2796 nostra:
2125 2742 2360 2796 scientes
2388 2743 2610 2796 erimus.

1967 2832 2132 2888 Vens.
2166 2833 2218 2898 5,
2252 2831 2305 2887 6.
2357 2833 2581 2897 Pr0pter
2627 2835 2726 2888 hoc
2776 2849 2891 2889 ecce
2952 2835 3100 2887 ibunt
3152 2851 3216 2889 ea:
3268 2835 3480 2887 miseria

1895 2924 2136 2995 Egi/pii,
2158 2936 2207 2978 et
2229 2926 2470 2995 suscipiet
2497 2943 2581 2980 eos
2600 2925 2878 2995 Memphis,
2897 2938 2942 2981 et
2965 2927 3175 2993 sepeliet
3195 2944 3280 2981 eos
3301 2926 3483 2980 Maeli-

1897 3036 2030 3072 ηεαδ.
2075 3019 2366 3087 Argentum
2413 3019 2546 3072 enim
2598 3036 2778 3072 eorum
2828 3021 3071 3074 interitus
3124 3019 3483 3084 hwreditabit;

1897 3114 2064 3183 spina:
2090 3114 2146 3167 in
2182 3113 2534 3167 tabernaculis
2563 3129 2764 3168 eorum.

1969 3287 2198 3344 XCVIII.
2253 3289 2612 3344 Vastantibus
2664 3289 2966 3344 Samariam
3019 3289 3349 3360 Babyloniis,
3390 3287 3484 3358 qui

1899 3380 2130 3452 eliugere
2174 3391 2482 3448 potuerunt,
2523 3382 2610 3434 vix
2660 3381 2712 3434 in
2763 3379 3057 3451 {Egyptum
3106 3388 3482 3449 penetrarunt.

1899 3474 1998 3540 Qui
2030 3489 2150 3527 cum
2198 3484 2252 3527 et
2296 3473 2467 3541 ipsam
2508 3472 2961 3543 Hierosolymam,
3021 3470 3256 3525 Jeremia
3292 3471 3485 3526 vatici-

1899 3573 2081 3627 nantc,
2117 3567 2461 3624 evertissent,
2492 3562 2804 3632 paucissimi
2836 3562 2904 3618 de
2938 3562 3079 3615 tribu
3108 3561 3241 3616 Juda
3269 3560 3484 3616 etBen-

1892 3655 2060 3720 jamin
2096 3654 2290 3719 relicti,
2329 3653 2382 3706 in
2417 3651 2710 3723 {Egyptum
2747 3669 2805 3708 se
2837 3655 3213 3719 contulerunt;
3267 3653 3483 3707 tametsi

1898 3747 2038 3802 Deus
2061 3762 2156 3818 per
2183 3745 2476 3802 Jeremiam
2536 3760 2794 3814 expresse
2837 3747 3035 3815 jubcns
3091 3747 3324 3810 dixerat,
3376 3761 3486 3800 non

1898 3855 2020 3896 esse
2062 3840 2167 3894 illis
2208 3840 2382 3909 patria
2433 3839 2648 3894 deserta
2710 3840 3116 3908 ingrediendam
3168 3838 3484 3909 Egyptum,

1897 3933 2261 3989 comminatus
2292 3932 2530 3999 insuper,
2565 3931 2609 3985 si
2659 3931 2710 3985 id
2736 3945 2793 3985 se
2839 3932 3054 3985 nolente
3103 3931 3381 3995 fecissent,
3430 3929 3486 3984 in

1898 4025 2125 4092 similes,
2151 4033 2238 4079 aut
2266 4023 2428 4078 etiam
2460 4024 2740 4095 graviores
2773 4022 3112 4077 calamitates
3146 4022 3480 4076 incursuros.

1901 4121 1992 4174 Sic
2025 4129 2205 4173 autem
2236 4127 2320 4174 est
2346 4118 2412 4172 ad
2455 4117 2713 4172 verbum:
2751 4134 2769 4166 ι
2798 4115 2889 4169 Sic
2919 4116 3054 4168 dixit
3087 4115 3345 4169 Dominus
3377 4131 3389 4167 :
3426 4114 3484 4168 Si

1900 4227 1995 4266 vos
2037 4211 2295 4265 dederitis
2331 4209 2519 4262 faciem
2569 4217 2803 4261 vestram
2853 4208 2904 4260 in
2949 4205 3266 4276 Egyptum,
3295 4215 3348 4261 et
3403 4207 3485 4259 in-

1897 4302 2068 4373 gressi
2121 4300 2331 4355 fueritis
2381 4299 2506 4353 illuc
2549 4306 2608 4352 ut
2660 4297 2943 4363 habitetis;
2996 4307 3052 4353 et
3111 4299 3236 4365 erit,
3273 4299 3482 4368 gladius

1897 4408 2058 4462 quem
2095 4407 2188 4446 vos
2212 4391 2512 4445 formidatis
2539 4405 2569 4444 a
2611 4389 2748 4445 facie
2793 4389 2932 4460 ejus,
2987 4389 3228 4446 inveniet
3275 4405 3371 4445 vos
3428 4391 3483 4446 in

218 4486 303 4538 τοῦ
363 4486 664 4548 κατοικεῖν,
702 4483 797 4536 καὶ
838 4482 1011 4546 ἔσται,
1045 4483 1078 4552 ἡ
1114 4479 1358 4552 ῥομφαία
1400 4481 1467 4548 ἣν
1501 4479 1660 4549 ὑμεῖς
1699 4494 1794 4545 φο-

1907 4483 2136 4555 ιΕεγριο
2165 4483 2235 4537 ⁸⁰.
2278 4501 2295 4534 ι
2334 4481 2631 4552 Postquam
2663 4481 2808 4536 enim
2848 4479 3226 4554 Egyptiorum
3267 4482 3484 4537 auxiliis

219 4576 394 4630 δεῖσθε
420 4576 531 4629 ἀπὸ
556 4574 849 4646 προσώπου
879 4574 1070 4643 αὑτῆς,
1095 4573 1316 4644 εὑρήσει
1356 4571 1500 4642 ὑμᾶς
1530 4572 1586 4623 ἐν
1626 4567 1794 4636 Αἰγύ-

220 4685 383 4738 πτῳ.»
431 4666 649 4738 Ἐπειδὴ
678 4666 787 4738 γὰρ
815 4669 934 4730 ταῖς
960 4665 1272 4734 Αἰγυπτίων
1306 4661 1648 4734 ἐπικουρίαις
1674 4665 1794 4714 ἐπι-

223 4760 584 4832 θαρσήσαντες
604 4759 964 4831 ἀντεφέροντο
989 4761 1102 4821 τοῖς
1130 4755 1516 4819 Βαϐυλωνίοις,
1539 4753 1795 4826 ταὺτῃτοι

221 4853 578 4923 ὶελωπημένοι
639 4851 780 4922 μετὰ
822 4851 921 4921 τὴν
958 4851 1068 4903 τῶν
1115 4848 1506 4922 Ἱεροσολύμων
1551 4847 1646 4900 καὶ
1694 4846 1794 4914 τῆς

223 4945 525 5013 Σαμαρείας
549 4943 774 5008 ἅλωσιν,
811 4941 1113 5012 ἐτράποντο
1158 4941 1298 4994 κατὰ
1336 4941 1446 4993 τῶν
1480 4938 1794 5006 Αἰγυπτίων

223 5038 270 5087 οἱ
313 5035 662 5098 Βαϐυλώνιοι,
708 5034 802 5089 καὶ
852 5034 1090 5106 ἀμογητὶ
1117 5034 1458 5103 νενικήκασι,
1504 5031 1624 5083 τότε
1660 5048 1796 5101 συμ-

225 5125 415 5198 ϐέϐηκε
444 5128 572 5190 τοὺς
620 5125 1064 5197 περιλειφθέντας
1097 5124 1156 5190 ἐξ
1198 5122 1465 5178 Ἰουδαίων
1497 5121 1799 5175 συνδιόλλυ-

229 5219 344 5270 σθαι
382 5221 494 5282 τοῖς
534 5218 872 5286 Αἰγυπτίοις.
910 5219 973 5271 Οί
1021 5218 1077 5270 δὲ
1131 5217 1196 5286 δὴ
1257 5217 1542 5283 διαφυγεῖν
1599 5214 1698 5285 τὴν
1739 5216 1798 5268 ἐν

226 5312 474 5382 Αἰγύπτῳ
529 5312 904 5382 ταλαιπωρίαν
962 5311 1298 5382 ἰσχύσαντες,
1336 5308 1489 5379 μόλις
1540 5309 1798 5362 ἐπέκεινα

227 5401 637 5475 δεδραμήκασιν,
670 5404 764 5457 ἐπὶ
794 5405 892 5476 τὴν
928 5403 1204 5474 Ἀρκάδων
1237 5402 1403 5466 ἰόντες
1438 5401 1640 5472 χώραν.
1686 5402 1796 5454 Καὶ

226 5494 296 5556 ὼς
318 5497 388 5559 είς
430 5496 585 5550 πόλιν
629 5497 981 5567 ὀχυρωτάτην
1018 5496 1375 5567 κατῳκήκασι
1421 5494 1517 5564 τὴν
1547 5493 1793 5563 Μέμφιν,

228 5585 314 5636 καὶ
337 5587 431 5657 τὴν
460 5587 727 5660 Μαχμὰς,
757 5587 917 5659 ἐτέρα
941 5589 997 5642 δὲ
1019 5587 1154 5658 αὕτη
1189 5586 1388 5656 γείτων
1418 5603 1516 5638 που
1555 5586 1790 5649 πάντως,

1901 4577 2042 4642 freti,
2077 4575 2387 4646 Babyloniis
2420 4575 2754 4641 restiterunt,
2785 4589 2959 4644 eaque
2988 4589 3047 4629 re
3081 4574 3276 4629 irritati
3308 4573 3485 4644 Baby~

1900 4666 2052 4733 lonii,
2081 4664 2452 4734 Hierosolyma
2485 4675 2539 4720 ct
2568 4665 2815 4720 Samaria
2846 4665 3168 4736 subiugatis,
3222 4666 3272 4719 in
3317 4664 3486 4735 Egy-

1901 4761 2044 4829 ptios
2073 4767 2380 4823 moverunt,
2410 4773 2476 4813 ac
2515 4757 2661 4812 nullo
2714 4759 2932 4828 negotio
2964 4759 3030 4813 de
3074 4757 3141 4812 iis
3188 4753 3500 4826 triumpha:

1907 4860 2048 4916 runt,
2098 4862 2210 4905 tum
2247 4850 2339 4920 qui
2370 4849 2650 4904 restabant
2679 4848 2846 4906 Judaei
2878 4849 3035 4904 simul
3065 4865 3186 4904 cum
3216 4849 3486 4920 Egyptiis

1903 4945 2204 5015 perierunt.
2241 4941 2450 5008 Quibus
2482 4952 2662 4996 autem
2695 4941 2970 4995 miseriam
3004 4939 3314 5012 Egyptiam
3363 4943 3487 5014 fuga

1903 5039 2077 5092 vitare
2112 5034 2283 5099 licuit,
2335 5033 2548 5088 tandem
2589 5033 2642 5086 in
2687 5032 2955 5086 Arcadum
3003 5032 3277 5103 regionem
3323 5017 3489 5090 vene-

1906 5137 2052 5194 runt,
2084 5136 2138 5182 et
2163 5126 2454 5194 Memphim
2497 5125 2710 5189 urbem,
2761 5133 2821 5177 ut
2862 5119 3308 5191 munitissimam,
3339 5127 3489 5181 inco-

1902 5208 2135 5285 luerunt,
2177 5219 2337 5295 130
2359 5217 2635 5272 Machmas
2665 5216 2791 5270 item
2822 5215 2984 5270 aliam
3028 5217 3234 5284 urbem,
3272 5227 3326 5272 et
3357 5217 3489 5273 vici.

1901 5326 2024 5365 nam
2069 5309 2250 5380 plane,
2299 5320 2354 5364 et
2409 5308 2631 5378 reliquis
2675 5307 3067 5364 florentiorem.
3125 5307 3200 5362 Ibi
3248 5322 3484 5377 quoque,

1899 5400 2160 5456 confectis
2187 5399 2435 5455 videlicet
2470 5399 2644 5468 longis
2670 5398 2793 5452 vitaz
2823 5397 3036 5467 spatiis,
3064 5397 3336 5460 obierunt,
3362 5411 3484 5450 cum

1900 5493 1953 5546 in
1985 5490 2223 5546 Judaam
2255 5491 2450 5547 reverti
2495 5490 2886 5554 nequivissent.
2937 5487 3029 5543 Ait
3069 5501 3231 5557 porro
3270 5501 3485 5540 rursum

1895 5581 2268 5641 Jeremiasliis
2295 5582 2476 5640 verbis
2509 5599 2522 5636 :
2559 5600 2577 5634 ι
2618 5572 2845 5650 Propter
2867 5579 2970 5635 boc
3000 5577 3079 5634 sic
3120 5576 3254 5631 dicit
3299 5574 3484 5634 Domi-

296 5745 332 5779 "
367 5762 642 5826 Eccli.x1.,
687 5763 776 5818 20.
856 5764 898 5795 ⁵³
941 5761 1132 5831 pres.
1165 5779 1236 5830 vi,
1272 5763 1358 5817 I2.
1435 5760 1480 5792 5°
1512 5757 1619 5815 ιω.
1653 5773 1742 5828 ιι,
1773 5757 1864 5826 I5,
1898 5761 1980 5814 16.
