3954 6208
429 317 534 374 210

1451 320 1510 374 S.
1551 315 1827 374 CYRILLI
1866 316 2338 374 ALEXANDRINI
2376 319 2696 376 ARCHIEP.

3582 318 3686 372 “2‘20

431 453 534 492 nus
567 454 580 491 :
619 435 758 490 Ecce
804 451 903 505 ego
947 451 1086 506 pono
1134 438 1324 494 faciem
1365 453 1565 504 meam,
1607 450 1667 493 ut
1708 438 2012 508 disperdam

2135 440 2214 495 ιαὶ
2241 440 2350 494 τῶν
2380 439 2568 494 ἄλλων
2584 438 2958 510 ὲπισημοτέρα
2987 437 3158 500 πόλις.
3217 437 3363 489 Ἐκεῖ
3408 437 3501 490 καὶ
3541 454 3690 490 τετε-

429 544 621 584 omnes
651 528 886 597 reliquos
911 530 964 584 iu
1009 529 1265 602 Egypto,
1314 540 1367 586 et
1401 532 1594 585 cadent
1632 531 1682 584 in
1722 531 1919 601 gladio,
1956 541 2010 586 et

433 620 661 676 infame
695 621 946 676 deﬁcient
997 636 1024 674 a
1066 637 1231 690 parvo
1271 639 1440 696 usque
1502 623 1568 678 ad
1623 638 1895 692 magnum,
1956 632 2011 676 et

431 714 674 767 eruntin
714 714 1082 783 Oppi-obrium,
1128 724 1181 769 et
1218 715 1268 769 in
1319 715 1696 786 perditionem,
1729 715 1860 769 etin
1897 729 2012 768 ma-

429 802 798 860 ledictionem.
836 805 898 858 Et
949 805 1179 859 visitabo
1234 822 1397 876 super
1447 808 1701 862 sedentes
1767 806 1822 860 in
1868 815 2011 860 terra

429 893 668 964 Egypti.
704 896 766 949 Et
797 911 898 948 non
931 896 1035 950 crit
1077 897 1328 951 salvatus.
1352 896 1492 952 ullus
1536 897 1602 952 de
1633 897 1852 967 reliquis
1876 895 2012 952 Juda

433 987 903 1054 peregrinantibus
934 989 984 1040 in
1030 996 1172 1040 terra
1215 987 1456 1058 Egypti,
1509 998 1566 1042 ut
1613 996 1912 1042 revertatur
1960 987 2013 1041 in

433 1085 634 1130 terram
663 1075 817 1141 Juda,
850 1078 914 1129 ad
956 1093 1115 1146 quam
1168 1079 1267 1147 ipsi
1311 1089 1532 1147 sperant
1578 1079 1858 1134 animabus
1903 1079 2015 1133 suis

435 1165 633 1217 reverti
669 1163 815 1218 illnc.
849 1164 964 1219 Non
1004 1177 1342 1221 revertentur
1377 1167 1442 1220 “.
1486 1185 1505 1218 ι
1552 1168 1720 1222 Audis
1773 1177 2015 1222 mortuos

434 1269 556 1310 esse
586 1257 635 1308 iu
664 1255 921 1325 IEgypto,
957 1259 1117 1310 etiam
1145 1259 1254 1312 illic
1284 1260 1464 1314 divina
1502 1275 1597 1315 eos
1649 1260 1851 1314 ultione
1896 1274 2018 1328 pcr-

437 1347 738 1415 seqnente?
769 1347 900 1400 Cum
939 1346 1100 1416 igitur
1132 1350 1348 1404 miseria
1384 1351 1435 1403 in
1465 1349 1700 1421 Aﬂgypto
1727 1351 2014 1416 declinata,

440 1436 750 1504 Memphim,
782 1444 839 1490 ut
864 1437 915 1491 in
952 1438 1138 1492 urbem
1177 1439 1492 1507 praaclaram
1527 1441 1865 1504 advenerint,
1893 1457 2016 1496 susv

438 1530 601 1598 cipiet
634 1531 849 1596 quidem
893 1546 1020 1592 eos;
1078 1541 1448 1585 verumtamen
1490 1533 1542 1586 in
1579 1532 1856 1588 Machmas
1905 1548 2020 1587 mo-

440 1621 668 1674 rientur.
693 1622 802 1676 lloc
823 1623 964 1676 enim
985 1622 1087 1676 sibi
1107 1621 1237 1687 vult,
1272 1640 1290 1673 ι
1306 1621 1537 1689 Sepeliet
1559 1637 1651 1677 eos
1669 1621 1966 1677 Machmas.
1993 1641 2012 1674 ι

439 1711 702 1778 Quocirca
741 1712 936 1765 infesto
971 1713 1099 1776 Deo,
1143 1727 1300 1768 nemo
1346 1712 1605 1782 periculis
1646 1714 1903 1784 agitatum
1951 1714 2018 1768 ad

439 1802 668 1858 salutem
701 1804 979 1872 pristinam
1024 1806 1329 1873 revocabit;
1377 1807 1468 1859 sed
1501 1822 1824 1876 quocunque
1865 1808 2022 1862 iverit
2054 1782 2093 1834 Β

439 1893 729 1961 quispiam,
785 1895 902 1964 ejus
942 1895 1078 1950 iram
1130 1897 1458 1967 experietur.
1519 1898 1584 1952 Et
1632 1899 1742 1953 hzec
1800 1898 2016 1968 quidem

443 1985 573 2054 ipsis
601 1985 651 2038 in
683 1984 916 2055 :Egypto
950 1986 1126 2041 futura
1168 2000 1370 2043 narrat.
1407 1989 1672 2056 Quoniam
1702 2004 1828 2044 vero
1855 1991 2016 2044 etiam

443 2091 474 2130 e
505 2076 708 2131 divitiis
734 2079 846 2133 suis
884 2093 1004 2132 eum
1034 2078 1388 2145 oilenderunt,
1425 2099 1443 2131 ι
1479 2081 1774 2151 Argentum
1795 2083 1937 2134 enim
1967 2090 2020 2135 et

444 2184 634 2223 aurum
661 2185 814 2225 suum
845 2169 1089 2224 fecerunt
1120 2171 1220 2224 sibi
1253 2170 1389 2225 idola
1425 2171 1490 2234 ⁵³,
1527 2190 1544 2222 ι
1585 2171 1778 2240 inquit,
1822 2171 2025 2226 idcirco

446 2260 619 2328 ipsum
646 2261 769 2329 jure
805 2261 1053 2316 interitus
1086 2261 1442 2328 ha:reditabit,
1479 2265 1578 2316 hoc
1608 2273 1711 2327 est,
1759 2277 1877 2316 sors
1922 2263 2027 2316 erit

383 2365 393 2378 '
445 2354 707 2408 vastatori
742 2373 755 2408 :
790 2354 1065 2409 interitum
1117 2353 1258 2408 enim
1325 2362 1483 2407 vocat
1513 2353 1817 2424 Assyrium,
1850 2362 1906 2408 ut
1937 2353 2028 2422 qui

445 2443 593 2500 ferus
621 2454 674 2499 et
703 2446 933 2499 crudelis
968 2446 1020 2498 in
1055 2444 1423 2499 cxscindendo
1468 2445 1871 2514 praeliandoque
1913 2443 2028 2498 fue-

446 2535 536 2590 rit.
574 2535 947 2590 Producentur
974 2545 1153 2588 autem
1188 2544 1243 2589 et
1273 2553 1292 2585 ‹
1325 2536 1515 2604 Spinte,
1548 2535 1738 2605 inquit,
1767 2537 1819 2588 in
1848 2536 2026 2590 taber-

447 2625 654 2679 naculis
682 2640 888 2679 eorum.
923 2643 940 2676 ι
975 2627 1054 2680 Ad
1083 2636 1288 2682 tantam
1322 2627 1518 2696 quippe
1552 2628 1899 2681 solitudinem
1945 2642 2028 2682 re-

446 2718 619 2772 dactte
651 2727 775 2771 sunt
800 2717 980 2783 urbes,
1013 2727 1070 2771 ut
1102 2720 1271 2789 spinis
1298 2718 1660 2788 replerentur,
1689 2721 1830 2789 quod
1871 2729 2028 2775 terra:

447 2806 604 2860 invia:
632 2817 686 2860 et
720 2807 975 2861 desolata:
1003 2809 1212 2877 signum
1249 2816 1354 2862 est.

2111 531 2431 602 λευτήκασι,
2469 531 2712 602 μακροὺς
2734 530 2978 600 δηλονότι
3008 529 3421 591 διατελέσαντες
3444 528 3688 598 χρόνους,

2113 623 2479 692 ὑπονοστῆσαί
2530 640 2589 675 τε
2645 622 2718 693 μὴ
2769 621 3090 692 δυνηθέντες
3149 621 3229 682 εἰς
3272 619 3368 689 τὴν
3411 619 3690 673 Ἰουδαίαν.

2117 715 2262 783 Ἔφη
2310 713 2366 765 δὲ
2414 712 2556 765 οὕτω
2609 711 2768 764 πάλιν
2799 711 2826 763 ὁ
2857 711 3144 781 προφήτης
3196 709 3482 780 Ἱερεμίας·
3532 727 3549 759 ι
3599 709 3696 761 Διά

2113 803 2269 857 τοῦτο
2325 803 2496 866 οὕτως
2545 799 2664 856 εἷπε
2710 800 2950 871 Κύριος·
3002 799 3130 852 Ἰδοὺ
3171 799 3280 866 ἐγὼ
3325 798 3586 868 ὲφίστημι
3635 799 3698 851 τὸ

2115 895 2403 966 πρόσωπόν
2437 912 2560 964 μου,
2601 893 2696 946 τοῦ
2739 892 3001 946 ἀπολέσαι
3048 892 3257 954 πάντας
3287 891 3412 954 τοὺς
3443 891 3700 943 καταλοί-

2116 1003 2252 1049 πους
2299 986 2428 1050 τοὺς
2475 987 2531 1038 ὲν
2580 986 2864 1056 Αίγύπτῳ,
2900 984 2996 1037 καὶ
3027 985 3272 1035 πεσεῖται
3323 983 3380 1034 έν
3427 980 3697 1052 ῥομφαία,

2117 1078 2210 1129 καὶ
2240 1079 2297 1130 ὲν
2331 1076 2473 1147 λιμῷ
2503 1077 2844 1146 ἐκλείψουσιν
2883 1075 2992 1129 ἀπὸ
3041 1073 3237 1146 μικροῦ
3289 1073 3394 1135 ἕως
3435 1071 3697 1142 μεγάλου,

2117 1169 2212 1220 καὶ
2239 1167 2449 1220 ἔσονται
2481 1170 2560 1228 εἰς
2579 1167 2904 1237 ὀνειδισμὸν,
2932 1166 3028 1219 καὶ⁹
3061 1166 3140 1228 εἰς
3164 1163 3460 1219 ἀπώλειαν.
3495 1162 3588 1214 καὶ
3618 1164 3698 1224 εἰς

2118 1257 2382 1328 κατάραν.
2429 1258 2536 1310 Καὶ
2571 1257 2938 1325 ἐπισκέψομαι
2979 1255 3070 1307 ἐπὶ
3101 1254 3229 1316 τοὺς
3266 1252 3608 1322 καθημένους
3641 1253 3698 1304 ὲν

2118 1353 2187 1422 γῇ
2220 1351 2500 1420 Αἰγύπτῳ.
2534 1349 2645 1402 Καὶ
2677 1349 2777 1402 οὐκ
2806 1347 2959 1400 ἔσται
3004 1346 3342 1417 σεσωσμένος
3377 1345 3550 1407 οὐδεὶς
3590 1343 3701 1397 τῶν

2119 1441 2413 1494 ἐπιλοίπων
2451 1440 2643 1501 Ἰούδα,
2667 1439 2775 1492 τῶν
2805 1440 3213 1510 παροικούντων
3242 1441 3298 1492 ὲν
3322 1441 3391 1508 γῇ
3417 1435 3698 1504 Αἰγύπτῳ,

2119 1529 2213 1584 τοῦ
2247 1529 2573 1599 ἐπιστρέψαι
2605 1531 2684 1593 εἰς
2718 1529 2822 1598 γῆν
2867 1529 3056 1596 Ἰούδα,
3109 1530 3191 1596 ἐφ’
3221 1529 3288 1599 ἣν
3342 1528 3493 1580 αὐτοὶ⁵
3546 1525 3701 1578 ἐλπί-

2121 1622 2270 1686 ζουσι
2300 1623 2420 1682 ταῖς
2456 1620 2652 1690 ψυχαῖς
2697 1619 2875 1672 αὐτῶν
2929 1621 3023 1672 τοῦ
3071 1619 3397 1690 ἐπιστρέψαι
3439 1619 3572 1670 ἐκεῖ.
3625 1617 3697 1669 Οὐ

2126 1711 2200 1782 μὴ
2236 1709 2658 1781 ἐπιστρέψωσιν.
2705 1727 2720 1759 ι
2772 1708 3015 1772 Ἀκούεις
3049 1709 3131 1762 ὅτι
3161 1708 3614 1776 τετελευτήκασιν
3645 1705 3701 1756 έν

2126 1803 2406 1872 Αἰγύπτῳ,
2439 1801 2599 1854 κάκεῖ
2619 1803 2717 1872 τῆς
2741 1799 2890 1862 θείας
2919 1799 3102 1862 αὐτοῖς
3126 1799 3293 1869 ὀργῆς
3330 1795 3703 1866 έπενηνεγμέ·

2128 1909 2260 1962 νης;
2292 1892 2458 1944 Ὅταν
2490 1891 2670 1944 τοίνυν
2690 1891 2789 1960 τὴν
2821 1893 2879 1943 ὲν
2911 1889 3168 1960 Αἰγύπτῳ
3198 1888 3565 1959 ταλαιπωρίαν
3601 1903 3709 1939 πα-

2127 1985 2495 2056 ραιτούμενοι,
2528 1984 2782 2056 καθάπερ
2818 1986 2895 2048 είς
2935 1984 3204 2054 ἐπίσημον
3247 1983 3398 2036 πόλιν
3430 1981 3713 2051 ἀφίκοιντο

2123 2078 2223 2148 τήν
2255 2077 2494 2147 Μέμφιν,
2522 2076 2801 2140 ἐκδέξεται
2837 2077 2936 2147 μὲν
2963 2077 3182 2138 αὐτοὺς,
3206 2074 3346 2145 πλὴν
3375 2075 3432 2125 ὲν
3465 2071 3713 2142 Μαχμάς

2122 2167 2487 2239 τεθνήξονται.
2513 2167 2684 2220 Τοῦτο
2706 2168 2814 2238 γὰρ
2833 2169 2914 2233 τὸ,
2944 2187 2961 2218 ι
2991 2167 3162 2236 Θάψει
3181 2167 3376 2228 αὐτοὺς
3398 2165 3662 2234 Μαχμάς.
3687 2181 3706 2214 ι

2128 2261 2296 2313 Ὅταν
2331 2260 2512 2312 τοίνυν
2545 2259 2718 2331 διώκῃ
2745 2259 2899 2322 Θεὸς,
2945 2259 3120 2322 οὐδεὶς
3161 2258 3430 2312 ἀνασώσει
3462 2258 3552 2309 τὸν
3604 2274 3718 2309 κιν·

2125 2351 2435 2414 δυνεύοντα,
2457 2351 2570 2403 ἀλλ’
2604 2350 2840 2422 ἔνθαπερ
2864 2351 2928 2404 ἂν
2958 2350 3026 2403 ἴοι
3051 2368 3154 2413 τις,
3189 2351 3305 2402 ἐκεῖ
3335 2349 3717 2418 περιτεύξεται

2128 2442 2207 2514 τῷ
2237 2441 2414 2512 θυμῷ.
2450 2442 2561 2496 Καὶ
2596 2443 2754 2496 ταυτὶ
2792 2442 2890 2512 μὲν
2921 2443 3105 2504 αὐτοῖς
3133 2443 3189 2494 ἐν
3220 2439 3480 2510 Αἰγύπτῳ
3510 2439 3722 2509 συμϐήο

2133 2532 2320 2586 σεσθαι
2354 2533 2523 2601 λέγει.
2559 2532 2781 2604 Ἐπειδὴ
2819 2533 2874 2586 δὲ
2910 2535 3005 2586 καὶ
3053 2537 3164 2597 τοῖς
3221 2533 3280 2598 ἐξ
3322 2534 3449 2587 ἰδίου
3481 2531 3720 2585 πλούτου

2130 2626 2497 2694 λελυπήκασι,
2537 2645 2555 2677 ι
2592 2626 2665 2678 Τὸ
2688 2626 2795 2698 γάρ
2818 2625 3082 2696 ἀργύριον
3115 2627 3318 2692 αὐτῶν,
3364 2626 3458 2680 καὶ
3478 2625 3538 2677 τὸ
3580 2643 3722 2696 χρυ-

2134 2717 2250 2770 σίον
2280 2717 2543 2788 ἐποίησαν
2583 2719 2796 2780 ἑαυτοῖς
2842 2718 3057 2782 εἴδωλα,
3099 2738 3116 2770 ι
3166 2723 3319 2790 φησι,
3348 2718 3610 2788 ταύτῃτοι
3634 2717 3722 2768 δι-

2133 2810 2303 2872 καίως
2331 2809 2552 2880 ὄλεθρος
2576 2810 2737 2863 αὑτὸν
2759 2811 3181 2882 κληρονομήσει,
3209 2811 3478 2872 τουτέστι,
3510 2809 3722 2879 κλῆρος

446 2898 599 2952 ἔσται
653 2897 731 2968 τῷ
779 2899 1095 2969 ὀλοθρευτῇ.
1159 2900 1419 2971 Ὀλεθρον
1472 2901 1582 2971 γὰρ
1640 2900 1905 2953 ἀποκαλεῖ
1942 2899 2034 2954 τὸν
2071 2902 2381 2972 ’Δσσύριον,
2445 2901 2520 2965 ὡς
2559 2903 2764 2971 ἀγρίως
2793 2920 2874 2968 τε,
2941 2904 3034 2956 καὶ
3063 2906 3285 2974 ἀπηνῶς
3333 2904 3586 2958 ἀνελόντα
3625 2895 3729 2956 καὶ

449 2992 853 3065 μεμαχημένον.
899 2993 1284 3060 Ἀναφύσονται
1348 2995 1404 3047 δὲ
1433 2998 1523 3048 καὶ
1560 3015 1578 3046 ι
1623 2994 1908 3054 Ἀκανθαι,
1974 2994 2160 3064 φησὶν,
2190 2995 2248 3046 ὲν
2306 2998 2419 3055 τοῖς
2464 2995 2817 3066 σκηνώμασιν
2884 2996 3080 3050 αὖτῶν.
3121 3015 3138 3046 ι
3173 2997 3440 3068 Ἐρημίας
3476 2996 3583 3065 γὰρ
3626 2998 3718 3059 εἰς

445 3083 604 3138 τοῦτο
629 3086 1036 3156 κατηντήκασιν
1065 3087 1119 3140 αἱ
1153 3086 1356 3153 πόλεις,
1381 3087 1455 3152 ὡς
1503 3086 1756 3141 ἀκανθῶν
1811 3085 2064 3155 γενέσθαι
2109 3087 2331 3156 μεστάς.
2362 3087 2596 3158 Σημεῖον
2651 3087 2707 3140 δὲ
2740 3087 2899 3141 τοῦτο
2932 3089 3034 3158 γῆς
3065 3087 3270 3141 ἀὸάτου
3303 3089 3396 3140 καὶ
3427 3103 3709 3156 κεχερσω-
3741 3121 3747 3163 ι

449 3178 638 3250 μένης.

519 3269 745 3337 Qnamlo
761 3270 922 3340 igitur
938 3270 1095 3326 bonis
1113 3280 1204 3325 aut
1222 3272 1612 3340 corporalibus,
1633 3281 1723 3325 aut
1739 3270 2036 3342 spirituali-
2063 3275 2105 3334 C.

446 3361 549 3417 bus
565 3378 593 3416 a
621 3363 729 3416 Deo
745 3364 1097 3432 suppeditatis
1115 3364 1382 3433 quispiam
1404 3380 1501 3420 nec
1525 3375 1690 3429 recte,
1705 3378 1803 3417 nec
1821 3364 1888 3417 ad
1913 3363 2032 3432 ejus

448 3451 676 3522 gloriam
701 3453 890 3518 utitur,
928 3451 1055 3506 facit
1095 3466 1271 3506 autem
1303 3453 1439 3506 citra
1485 3453 1645 3506 ullam
1694 3453 2028 3520 religionem,

453 3538 650 3607 quibus
685 3555 806 3593 eum
831 3540 1105 3594 ollendere
1131 3549 1182 3592 et
1225 3541 1437 3596 irritare
1463 3544 1834 3607 convincatur,
1865 3542 2034 3596 abibit

452 3630 506 3684 in
535 3629 780 3696 exitium,
810 3633 1018 3699 eritque
1049 3634 1316 3701 peculium
1340 3635 1645 3702 diripientis
1695 3635 1931 3698 Satanae,
1979 3645 2032 3688 et

452 3720 731 3789 spinarum
779 3722 1136 3790 domicilium,
1179 3724 1495 3778 immanium
1548 3725 1752 3780 scilicet
1811 3737 1864 3780 et
1909 3740 2032 3779 cum

455 3814 666 3867 ratione
715 3813 1068 3883 pugnantium
1112 3815 1490 3883 cupiditatum,
1539 3825 1594 3871 et
1636 3816 1843 3869 fructus
1878 3814 2034 3869 mites

459 3901 513 3956 in
547 3901 728 3956 animo
753 3917 849 3956 suo
874 3918 976 3955 non
1012 3903 1247 3956 habebit.
1285 3902 1563 3972 Cuntingit
1588 3905 1706 3968 hoc,
1737 3913 1791 3958 et
1816 3903 2032 3972 quidem

455 3991 723 4048 haereticis
754 4001 878 4048 ante
905 4009 1115 4059 omnes,
1145 3995 1236 4063 qui
1280 4010 1585 4049 sermonem
1626 3995 1786 4064 impie
1829 3996 1880 4049 in
1921 3995 2032 4049 fra-

457 4085 630 4138 tribus
672 4086 1102 4154 corrumpendis,
1146 4086 1299 4156 131
1343 4096 1395 4141 ct
1426 4085 1637 4140 inﬁrma
1676 4103 1862 4141 eorum
1903 4103 2036 4142 con-

458 4177 684 4232 scientia
718 4178 1062 4246 percntienda
1101 4188 1448 4245 consumunt,
1502 4181 1748 4249 quamvis
1789 4181 2037 4236 Christus

457 4283 558 4339 pro
588 4268 740 4322 nobis
764 4281 1006 4324 mortuus
1036 4271 1127 4324 sit.

528 4357 692 4415 Vens.
720 4360 770 4412 7.
819 4361 1080 4416 Venerunt
1112 4363 1221 4416 dies
1247 4363 1767 4426 ultionis,.venerunt
1795 4363 1906 4418 dies
1937 4365 2038 4418 tri-

459 4454 742 4507 bulationis
774 4464 899 4516 tuae,
928 4462 975 4507 et
1002 4454 1258 4523 aﬁligetur
1281 4438 1450 4507 Israel
1477 4454 1612 4508 sicut
1630 4456 1880 4525 μνομιιεια
1905 4458 2038 4510 insa-

458 4543 624 4609 niens,
649 4542 802 4596 homo
831 4543 922 4611 qui
941 4541 1094 4595 habet
1121 4543 1385 4610 spiritum.

531 4719 718 4778 XCIX.
751 4719 1006 4775 Solebant
1029 4717 1285 4773 Israelita:
1317 4729 1622 4776 sanctorum
1650 4723 2037 4793 prophetarum

461 4826 739 4868 sermones
782 4813 1086 4882 repudiare,
1121 4825 1351 4882 quasque
1394 4827 1426 4867 a
1461 4812 1570 4868 Deo
1618 4817 2037 4880 mandabantur,

463 4918 560 4971 pro
588 4905 758 4960 nihilo
785 4915 996 4973 putare,
1036 4920 1346 4975 quanquam
1377 4904 1539 4960 toties
1568 4905 1670 4961 illis
1709 4907 1845 4961 mala
1877 4922 2040 4961 even-

463 5005 586 5048 tura
613 4997 975 5063 pratdixissct.
1006 4997 1189 5066 Itaque
1221 4995 1416 5052 alicubi
1445 4996 1758 5066 prophetam
1782 4999 2042 5054 Ezechie-

466 5085 572 5140 lem
616 5083 697 5138 sic
733 5087 1018 5155 compellat
1072 5105 1085 5141 :
1130 5106 1148 5138 ι
1200 5087 1299 5142 Fili
1365 5087 1622 5151 hominis,
1684 5104 1808 5144 ecce
1851 5091 2042 5146 domus

463 5175 626 5231 Israel
652 5190 1009 5242 exasperans;
1041 5177 1283 5232 dicentes
1310 5179 1534 5235 dicunt:
1572 5178 1716 5236 Visio
1749 5195 1908 5249 quam
1940 5182 2040 5238 istc

469 5266 633 5332 videt,
657 5259 722 5318 "in
758 5264 873 5318 dies
905 5264 1120 5332 mullos,
1152 5275 1205 5320 et
1238 5266 1291 5320 in
1324 5277 1565 5338 tempora
1603 5270 1757 5340 longa
1785 5272 1886 5325 iste
1916 5287 2040 5341 pro-

466 5359 670 5430 phetat.
694 5358 985 5426 Propterea
1008 5358 1094 5412 dic
1125 5360 1189 5411 ad
1223 5373 1316 5412 eos
1349 5377 1361 5412 :
1396 5358 1519 5415 llzec
1547 5362 1674 5415 dicit
1696 5362 1900 5418 Adonai
1941 5363 2041 5416 Do-

469 5449 648 5504 minus
680 5467 692 5503 :
722 5447 836 5502 Non
856 5445 1313 5517 prolongabuntur
1335 5447 1472 5502 ultra
1499 5451 1680 5504 omnia
1708 5453 1866 5507 verba
1899 5467 2038 5520 mea,

467 5553 802 5610 quaecunque
837 5538 1047 5594 locutus
1084 5537 1254 5592 fuero.
1289 5536 1425 5604 Quia
1477 5535 1664 5606 loquar
1708 5540 1950 5606 verbum,
1988 5552 2040 5600 ct

536 5705 576 5736 ⁸¹
617 5719 813 5776 Jcrcm.
850 5737 991 5788 XLIV,
1029 5720 1207 5774 ll-li.
1290 5721 1332 5753 ⁵³
1361 5718 1494 5775 0:ce
1530 5717 1722 5784 vnt,.l.

2209 3263 2378 3316 Ὅταν
2412 3263 2589 3316 τοίνυν
2625 3265 2737 3326 τοῖς
2770 3263 2922 3334 παρὰ
2951 3263 3086 3317 Θεοῦ
3137 3263 3367 3317 δοθεῖσιν
3411 3265 3656 3331 ἀγαθοῖς,
3691 3267 3727 3335 ἢ

2135 3356 2488 3422 σωματικοῖς,
2522 3354 2554 3425 ἢ
2587 3357 2972 3423 πνευματικοῖς
3009 3355 3083 3426 μὴ
3108 3355 3172 3423 δὴ
3204 3356 3380 3426 χρῷτὸ
3410 3375 3493 3420 τις
3521 3357 3728 3424 ὀρθῶς,

2137 3445 2272 3516 μήτε
2307 3446 2412 3514 μὴν
2438 3446 2518 3508 είς
2541 3444 2698 3511 δόξαν
2737 3445 2926 3510 αὐτοῦ,
2957 3447 3186 3516 πράττοι
3217 3447 3273 3499 δὲ
3303 3447 3732 3519 ἀπερισκέπτως

2131 3535 2201 3588 τὰ
2225 3534 2294 3588 δι’
2329 3529 2403 3589 ὧν
2435 3535 2499 3590 ἂν
2527 3538 2882 3607 προσκρούοι,
2910 3539 3003 3590 καὶ
3025 3538 3298 3592 ἁλίσκοιτο
3313 3540 3520 3605 λυπῶν,
3539 3559 3734 3595 κατοι-

2133 3628 2364 3698 χήσεται
2396 3628 2495 3698 μὲν
2524 3629 2600 3693 εἰς
2626 3628 2866 3698 ὄλεθρον,
2893 3629 3046 3682 ἔσται
3074 3629 3130 3682 δὲ
3157 3630 3343 3701 κλῆσις
3368 3632 3460 3684 τοῦ
3485 3633 3733 3703 διαρπά-

2135 3718 2320 3782 ζοντος
2378 3720 2613 3783 Σατανᾶ,
2671 3720 2764 3772 καὶ
2814 3721 3057 3791 ἀκάνθης
3126 3721 3456 3793 ἐναύλισμα,
3510 3725 3733 3796 ἀγρίων

2134 3806 2400 3875 δηλονότι,
2419 3808 2515 3860 καὶ
2546 3809 2791 3862 ὲκτὸπων
2825 3808 3132 3878 ἐπιθυμιῶν
3152 3822 3166 3836 ⁶
3208 3810 3303 3863 καὶ
3323 3813 3568 3880 καρποὺς
3586 3814 3731 3882 ήμέ-

2138 3915 2264 3969 ρους
2290 3900 2385 3952 οὑκ
2415 3899 2480 3953 ἂν
2511 3899 2622 3970 ἔχοι
2649 3899 2787 3954 κατά
2817 3899 2907 3953 τὸν
2948 3899 3090 3954 νοῦν.
3129 3901 3360 3954 Πάθοιεν
3383 3902 3426 3954 δ’
3465 3902 3531 3957 ἀν
3562 3903 3730 3957 τοῦτο

2137 3991 2232 4044 καὶ
2257 3993 2360 4063 πρό
2385 4011 2448 4061 γε
2466 3994 2574 4046 τῶν
2595 3994 2770 4048 ἄλλων
2793 3994 3085 4064 αἱρετικοὶ,
3111 3995 3210 4065 τὴν
3234 3996 3325 4048 τοῦ
3352 3995 3511 4063 λόγου
3530 3997 3729 4067 χρείαν

2135 4083 2480 4148 δαπανῶντες
2524 4085 2798 4150 δυσσεϐῶς
2843 4090 2924 4150 εἰς
2970 4088 3031 4139 τὸ
3074 4087 3378 4157 παραλύειν
3425 4087 3730 4156 ἀδελςοῦς,

2139 4175 2232 4227 καὶ
2263 4175 2487 4228 τύπτειν
2510 4178 2687 4231 αὐτῶν
2715 4177 3047 4232 ἀσθενοῦσαν
3071 4178 3170 4249 τὴν
3198 4179 3523 4250 συνείδησιν,
3548 4180 3736 4234 καίτοι

2139 4267 2379 4338 Χριστοῦ
2407 4269 2674 4334 παθόντος
2712 4271 2851 4342 ὑπὲρ
2873 4271 3052 4343 ήμῶν.

2215 4359 2480 4414 Ἥκασιν
2513 4365 2573 4416 al
2605 4363 2818 4431 ἡμέραι
2872 4363 2982 4431 τῆς
3035 4363 3439 4433 ἐκδικήσεως,
3501 4364 3738 4432 ἥκωσιν

2138 4453 2199 4505 al
2226 4453 2436 4520 ἡμέραι
2467 4452 2575 4520 τῆς
2599 4453 3059 4519 ἀνταποδόσεώς
3108 4471 3246 4516 σου,
3303 4457 3402 4508 καὶ
3454 4455 3732 4522 κακωθῆ-

2141 4555 2312 4594 σεται
2352 4541 2588 4608 Ἰσραὴλ
2627 4540 2829 4610 ὥσπερ
2883 4545 2915 4596 ό
2957 4544 3268 4611 προφήτης
3302 4546 3333 4596 ὀ
3363 4543 3738 4611 παρεξεστη-

2071 4637 2115 4692 D
2143 4633 2282 4698 κὼς,
2316 4631 2626 4699 ἄνθρωπος
2649 4635 2681 4686 ὁ
2707 4634 3215 4703 πνευματοφόρος.

2214 4722 2328 4789 ιβ’.
2354 4723 2515 4786 Ἕθος
2540 4719 2608 4794 ἦν
2641 4726 2754 4788 τοῖς
2786 4725 2846 4790 ἐξ
2879 4728 3099 4798 Ἰσραὴλ
3124 4729 3249 4790 τοὺς
3275 4726 3379 4779 τῶν
3403 4725 3574 4794 ἁγίων
3595 4743 3734 4796 προ-

2145 4813 2335 4883 φητῶν
2370 4813 2724 4868 ἀποσείεσθαι
2759 4814 2974 4884 λόγους,
3037 4817 3128 4870 καὶ
3171 4816 3322 4869 οὐδὲν
3379 4815 3630 4884 ἡγεῖσθαι
3665 4815 3736 4869 τά

2147 4903 2299 4976 παρά
2327 4902 2487 4968 Θεοῦ,
2520 4906 2702 4959 καίτοι
2735 4907 2996 4970 πολλάκις
3027 4909 3108 4961 ὅτι
3148 4907 3338 4960 παθεῖν
3368 4908 3550 4970 αὐτοῖς
3592 4922 3735 4976 συμ-

2149 4993 2378 5064 ϐήσεται
2412 4994 2481 5048 τὰ
2515 4996 2666 5050 δεινά
2717 4999 3228 5069 περιηγορευκότος·
3276 4999 3369 5050 καὶ
3398 4997 3525 5065 γοῦν
3557 5000 3584 5050 ὁ
3623 4998 3733 5049 τῶν

2147 5089 2285 5143 ὅλων
2307 5089 2440 5152 Θεὸς
2462 5090 2899 5161 προσπεφώνηκέ
2933 5107 3034 5142 που
3068 5088 3143 5158 τῷ
3169 5091 3422 5160 προφήτῃ
3454 5087 3730 5158 Ἰεζεχιὴλ,

2139 5181 2334 5249 λέγων·
2377 5199 2395 5232 ι
2429 5180 2527 5234 Υἱὲ
2552 5180 2860 5252 ἀνθρώπου,
2898 5180 3006 5232 ἰδοὺ
3039 5179 3067 5230 ὁ
3122 5176 3268 5242 οἶκος
3312 5180 3525 5250 Ἰσραὴλ
3565 5181 3592 5232 ὁ
3624 5198 3730 5231 πα-

2146 5273 2542 5344 ραπικραίνων,
2573 5274 2820 5342 λέγοντες
2851 5272 3119 5340 λέγουσιν·
3158 5272 3220 5324 Ἦ
3258 5273 3445 5343 ὅρασις
3473 5272 3536 5341 ἢν
3567 5265 3727 5334 οὗτος

2141 5366 2265 5436 ὁρᾷ,
2304 5366 2382 5427 είς
2430 5363 2644 5436 ἡμέρας
2691 5363 2912 5428 πολλὰς,
2971 5365 3063 5417 καὶ
3098 5366 3178 5427 είς
3227 5364 3448 5434 καιροὺς
3483 5365 3728 5432 μακροὺς

2146 5450 2302 5519 οὗτος
2326 5457 2678 5529 προφητεύει.
2698 5459 2794 5511 Διά
2822 5457 2978 5510 τοῦτο
3009 5456 3162 5509 εἰπὸν
3190 5457 3323 5527 πρὸς
3345 5456 3562 5519 αὐτούς’
3591 5457 3727 5509 Τάδε

2142 5550 2295 5618 λέγει
2335 5549 2560 5605 ’Λδωναῖ
2612 5550 2862 5624 Κύριος·
2906 5551 2981 5604 Oti
3047 5550 3118 5621 μὴ
3178 5547 3489 5620 μηκύνωσιν
3545 5548 3731 5601 οὖκέτι
