3954 6208
273 361 374 418 2‘1!

277 569 458 637 λόγον,
489 588 586 625 και
611 576 838 647 ποιήσω,
861 578 1007 648 λέγει
1041 583 1264 638 Ἀδωναῒ
1319 589 1537 658 Κύριος.
1581 615 1600 645 ο
1646 569 1862 650 Τοιουτό

279 662 494 763 τίφησι
533 668 788 763 κάνθάδε.
845 691 863 724 ι
904 675 1106 731 Ἥκασι
1138 679 1265 751 γὰρ,
1311 686 1495 754 φησιν,
1540 691 1593 742 αἱ
1655 693 1861 763 ἡμέραι

284 753 382 855 τῆς
401 755 759 855 έκδικήσεως.
787 783 806 814 ›
832 765 1054 836 Ὅμοιον
1085 771 1160 834 ὼς
1183 774 1229 825 εί
1261 753 1431 843 λέγοι,
1455 779 1618 847 ἐγγὺς
1642 753 1822 855 η’δίκη
1841 826 1857 851 ,

283 847 376 946 καί
396 849 484 946 λέπτ’
505 850 695 946 αὐταῖς
716 855 814 927 ἤδη
839 857 1030 928 θύραις
1054 863 1080 914 ὀ
1110 862 1280 932 ἀγὼν,
1304 868 1498 934 γείτων
1522 873 1552 940 ή
1582 847 1856 946 συμφορά,

284 939 376 989 καὶ
494 939 792 1009 ὀφθαλμοῖς
831 948 858 998 ὁ
891 949 1143 1020 πόλεμος.
1200 939 1574 1030 Ἑνέστηκενη
1612 939 1717 1032 τῆξ
1737 939 1860 1018 atsz

283 1031 592 1123 inmodesta;
646 1035 845 1108 ἡμέρα.
908 1041 1250 1116 Κακουμένῳ
1312 1049 1369 1100 δέ
1437 1031 1774 1123 σοι,·φησὶν,
1812 1052 1857 1111 ὦ

295 1121 532 1192 Ἰσραὴλ,
553 1129 1041 1200 συγκακωθήσεται
1075 1137 1308 1203 πάντως,
1342 1143 1434 1194 καὶ
1463 1143 1519 1195 ὲν
1545 1145 1644 1216 ἴσῳ
1669 1148 1856 1218 τρόπῳ

286 1211 502 1309 μεθέξει
538 1216 842 1309 τῆςδίκης,
870 1224 898 1274 ὀ
945 1226 1053 1288 πᾶς
1097 1229 1153 1278 ἐν
1209 1230 1289 1281 σοὶ
1325 1211 1788 1309 ψευδοπροφήτης,

282 1303 701 1376 παρεξεστηκὼς
759 1311 1062 1382 ἄνθρωπος,
1090 1319 1385 1386 τουτέστιν,
1440 1325 1468 1374 ὁ
1523 1325 1709 1392 ἔνθους
1759 1333 1854 1384 καὶ

283 1393 633 1463 μαινόμενος,
675 1401 767 1453 καὶ
809 1403 1166 1472 ἀπολωλεκὼς
1210 1411 1309 1474 τὰς
1344 1414 1563 1484 φρένας,
1585 1418 1643 1471 ὃν
1677 1422 1739 1473 σὺ
1765 1439 1852 1474 νε-

278 1481 511 1574 νόμικας
535 1484 672 1541 εἶναι
713 1498 1174 1570 πνευματοφὸρον.
1230 1481 1395 1570 Ὀμοῦ
1445 1506 1553 1574 γάρ
1598 1511 1713 1569 τοῖς
1757 1510 1852 1563 ἄλ-

278 1571 390 1636 λοις
419 1576 703 1633 διολώλασι
733 1585 788 1635 οἵ
815 1602 871 1638 τε
908 1588 1072 1658 ίερεῖς
1111 1591 1215 1644 τῶν
1255 1595 1494 1665 ὑψηλῶν,
1538 1600 1630 1652 καὶ
1661 1602 1708 1652 oi
1746 1603 1853 1656 τῶν

277 1665 511 1720 εἰδώλων
555 1670 916 1742 θεραπευταὶ,
971 1681 1066 1733 καὶ
1115 1683 1336 1750 πάντες,
1367 1689 1478 1740 ὅσοι
1535 1688 1852 1758 ψευδοεπεῖς

279 1774 338 1856 τε
370 1760 466 1812 καὶ
497 1762 886 1856 ψευδομάντεις
934 1766 1072 1841 ἦσαν
1121 1779 1177 1828 ἐν
1213 1778 1290 1846 τῷ
1348 1779 1583 1850 Ἰσραήλ.
1632 1784 1848 1856 Ἐπειδὴ

279 1942 498 2014 θρωπον
538 1951 978 2024 παρεξεστηκότα
1017 1959 1106 2012 τὸν
1139 1962 1376 2017 τοιοῦτον
1403 1966 1682 2037 ὀνομάζει.

1195 379 1741 446 COMMENTARIUS
1783 391 1848 446 IN
1889 395 2117 455 OSEAM
2158 401 2596 464 PROPIIETAM.

280 477 484 581 πάντες
507 481 557 534 oi
588 481 734 551 λόγοι
784 503 908 555 μου,
942 488 1033 553 οὒς
1090 489 1155 544 ἂν
1209 494 1444 567 λαλήσω.
1478 501 1597 554 Ὅτι
1645 503 1850 575 λαλήσω

1964 513 2177 576 faciam.
2208 520 2337 574 dicit
2369 522 2573 577 Adonai
2609 525 2864 581 Dominus
2894 528 2938 557 ⁵⁵

3431 425 3536 479 *22‘3

2944 568 2958 583 .
2995 549 3011 579 ι
3044 529 3170 585 Tale
3196 532 3448 600 quiddam
3481 547 3534 589 et

1965 606 2052 662 hic
2081 609 2320 678 loqnitnr
2344 631 2358 668 :
2383 631 2402 664 ι
2447 615 2716 670 Venerunt
2742 617 2860 672 dies
2885 619 3121 675 ultionis.
3149 642 3167 673 ι
3199 625 3275 676 Ac
3307 617 3350 677 εἰ
3371 625 3530 686 dicat,

1963 710 2128 764 prope
2157 709 2240 754 est
2275 702 2427 766 ultio,
2459 713 2511 757 et
2540 704 2651 771 jam
2688 707 2740 760 in
2778 709 2908 776 ipsis
2953 709 3157 765 {oribus
3189 714 3477 766 discrimen
3514 729 3529 766 :

1962 787 2133 841 vicina
2164 790 2363 854 clades,
2398 804 2453 847 et
2501 795 2695 849 bellum
2727 809 2853 853 ante
2893 800 3077 854 oculos
3123 810 3222 855 est.
3277 803 3529 856 Retribu-

1966 878 2127 935 tionis
2156 883 2269 937 dies
2313 885 2484 940 adest.
2522 886 2655 940 Dum
2710 897 2763 942 tu
2809 901 2986 944 autem
3040 892 3310 960 aliligeris,
3344 893 3526 958 Israel,

1959 973 2178 1026 Omnino
2229 984 2284 1028 et
2340 977 2532 1045 aequali
2589 993 2744 1046 poma
2797 989 2976 1035 tecum
3040 982 3303 1052 adligetur
3355 983 3529 1037 omnis

1959 1067 2419 1136 pseudoprOpbeta
2448 1072 2583 1138 apud
2624 1081 2694 1135 te,
2731 1073 2889 1129 homo
2920 1074 2987 1129 de
3035 1083 3174 1128 statu
3206 1075 3400 1130 mentis
3443 1075 3527 1127 di-

1960 1163 2154 1220 motus,
2181 1158 2280 1211 hoc
2309 1169 2409 1223 est,
2445 1160 2729 1226 fanaticus,
2768 1173 2820 1216 et
2867 1165 3105 1231 insanus,
3140 1175 3190 1217 et
3238 1165 3328 1233 qui
3381 1180 3530 1217 men-

1962 1250 2066 1296 tem
2117 1248 2365 1313 perdidit,
2408 1265 2565 1316 quem
2607 1261 2657 1304 tu
2705 1253 2901 1320 putasti
2951 1254 3303 1320 spiritualem.
3356 1253 3528 1307 Simul

1959 1333 2224 1402 siquidem
2253 1353 2370 1392 cum
2393 1340 2511 1394 aliis
2537 1343 2810 1410 perierunt
2828 1344 3142 1397 sacerdotes
3163 1343 3524 1406 excelsorum,

1961 1435 2011 1480 et
2049 1427 2282 1484 cultores
2315 1431 2603 1500 idolorum,
2629 1443 2681 1488 et
2716 1445 2978 1503 quotquot.
3008 1435 3292 1489 mendaces
3322 1443 3375 1488 et
3409 1435 3525 1488 falsi

1955 1527 2105 1571 vates
2133 1531 2285 1574 erant
2315 1523 2365 1575 in
2400 1523 2582 1579 Israel.
2610 1526 2743 1591 Quia
2780 1527 2922 1579 enim
2961 1527 3305 1584 vaticinaturi
3349 1526 3527 1580 furere

1955 1621 2013 1660 se
2063 1608 2410 1676 simulabant,
2460 1626 2513 1668 et
2551 1616 2705 1681 quasi
2755 1615 3005 1669 Pliteme
3053 1617 3272 1671 numine
3318 1615 3526 1668 aﬂlatos

1955 1699 2248 1767 ﬁngebant,
2288 1703 2406 1758 ideo
2457 1715 2510 1758 et
2561 1706 2830 1758 hominem
2885 1707 3131 1761 insanum
3188 1722 3282 1762 seu
3345 1715 3526 1761 mente

1954 1800 2168 1858 captmn
2202 1793 2502 1849 istiusmodi
2535 1797 2851 1852 nominavit.

281 1865 388 1962 ,γαρ
411 1853 694 1920 μαίνεσθαι
764 1864 1180 1931 προσεποιοῦντο
1237 1868 1336 1930 τὰς
1377 1874 1636 1940 μαντείας
1683 1879 2070 1951 ποιησόμενοι,
2127 1885 2220 1937 καὶ
2269 1886 2464 1958 φοιὸᾷν
2536 1889 2911 1960 ὑπεκρίνοντο,
2972 1891 3226 1962 ταύτῃτοι
3285 1891 3380 1941 καὶ
3429 1890 3524 1944 ἄν·-

361 2039 509 2142 Ἱςπὸ
536 2044 642 2098 τοῦ
672 2047 940 2116 πλήθους
961 2050 1078 2104 τῶν
1106 2053 1348 2110 ἀδικιῶν
1372 2074 1486 2112 σου
1514 2060 1850 2133 ἐπληθύνθη

2036 2067 2160 2122 Prw
2188 2069 2521 2125 multitudine
2551 2072 2886 2142 iniquitatum
2927 2083 3133 2125 (uerunt
3177 2075 3525 2142 multiplicata

272 2133 460 2199 μανία
479 2150 618 2188 σου.
781 2157 791 2194 ς
822 2198 840 2218 δ
875 2170 918 2187 ..

344 2223 425 2277 P’.
467 2225 679 2296 Πλῆθος
714 2228 925 2293 ἁδικΆς
959 2233 1142 2304 φησὶν,
1173 2237 1336 2289 οἱονεὶ
1376 2239 1473 2309 τὴν
1517 2241 1852 2313 πολύτροπόν

276 2331 333 2366 τε
375 2315 470 2367 καὶ
519 2318 767 2387 πολυειδῆ
801 2319 1094 2392 θρησκείαν
1149 2327 1241 2379 τοῦ
1290 2329 1523 2402 Ἰσραήλ.
1591 2333 1702 2387 Ἑνὶ
1753 2336 1852 2406 μὲν

277 2406 445 2476 λόγῳ,
474 2409 839 2481 πεπλάνηντο,
876 2416 967 2467 καὶ
1015 2417 1216 2482 πάντες
1255 2415 1396 2490 ἦσαν
1445 2424 1847 2498 εἰδωλολάτραι.

277 2499 427 2571 Πλὴν
453 2503 770 2572 ἐμερίζοντο
813 2507 938 2570 τοὺς
977 2508 1078 2578 τῆς
1111 2511 1430 2578 πλανήσεως
1467 2516 1719 2585 τρόπους,
1759 2519 1853 2572 άλ-

274 2587 354 2641 λοι
411 2607 471 2643 τε
529 2592 710 2657 ἄλλοις
775 2597 1050 2667 προσῆγον
1119 2600 1214 2664 τὰς
1272 2603 1528 2668 τελετάς,
1592 2608 1684 2660 καὶ
1738 2613 1851 2674 τοῖς

277 2683 598 2750 προσιοῦσιν
627 2688 904 2742 ἐποιοῦντο
923 2690 1019 2754 τὰς
1047 2691 1490 2764 ψευδομαντείας.
1523 2700 1584 2751 Οἱ
1610 2700 1705 2770 μὲν
1745 2703 1852 2771 γὰρ

277 2775 396 2838 ταῖς
421 2774 717 2844 δαμάλεσιν
747 2778 1058 2848 ὲλάτρευονο
1097 2785 1145 2835 οἱ
1189 2785 1244 2836 δὲ
1283 2786 1358 2856 τῷ
1394 2788 1617 2857 Χαμὼς,
1651 2791 1852 2863 εἰδώλῳ

276 2867 470 2920 Μωάσ·
508 2869 686 2939 ἕτεροι
724 2871 778 2923 δὲ
809 2874 876 2942 τῇ
930 2873 1218 2946 Ἀστάρτῃ.
1253 2874 1432 2932 *Ησαν
1461 2880 1538 2944 δὲ,
1575 2883 1623 2935 οἳ
1663 2885 1850 2956 καὶτῷ

276 2958 443 3024 Βάαλ,
474 2961 570 3013 καὶ
615 2965 679 3032 τῇ
709 2966 939 3035 στρατιᾷ
986 2965 1082 3019 τοῦ
1120 2969 1372 3039 οὐρανοῦ.
1405 2972 1674 3045 Ταύτῃτοι
1719 2976 1852 3040 Θεὸς

276 3049 556 3120 ὲπῃτιᾶτο,
601 3051 774 3120 λέγων
817 3054 903 3108 διὰ
959 3061 1139 3127 φωνῆς
1183 3060 1472 3132 Ἱερεμίου,
1504 3065 1584 3116 ὃτι
1641 3085 1658 3115 ι
1695 3066 1852 3119 Κατὰ

276 3139 506 3210 ἀριθμὸν
532 3141 738 3197 πόλεών
767 3162 883 3209 σου,
905 3142 1043 3218 ἦσαν
1073 3149 1182 3202 θεοί
1214 3168 1328 3217 σου,
1361 3153 1579 3207 Ἰούδα.ὶ
1613 3155 1847 3228 Ἐκάστη

274 3231 381 3304 γάρ
410 3232 569 3296 πόλις
622 3234 730 3287 τῶν
791 3239 920 3308 παρ’
974 3239 1158 3304 αὐτοῖς
1207 3240 1337 3295 ἴδιον
1385 3242 1526 3312 ἔχειν
1585 3245 1850 3316 ὡμολόγει

277 3323 426 3380 θεόν.
443 3324 615 3378 Τοῦτο
636 3328 766 3381 αὐτὸ
788 3347 805 3380 ι
831 3330 1039 3399 Πλῆθος
1056 3332 1272 3396 ἀδικίας
1295 3352 1312 3384 ι
1331 3333 1585 3405 ὀνομάζει
1602 3336 1846 3400 δικαίως.

1955 2169 2027 2212 est
2053 2159 2263 2212 insania
2293 2170 2404 2214 tua.

2026 2248 2088 2303 C.
2121 2249 2514 2304 Multitudinem
2549 2250 2848 2320 iniquitatis
2884 2253 3123 2306 nominat
3163 2253 3312 2318 quasi
3347 2251 3526 2306 nmlti-

1956 2341 2168 2394 modam
2194 2349 2248 2396 et
2278 2341 2658 2398 multiformem
2686 2344 3118 2411 superstitionem
3149 2344 3375 2398 lsraelis.
3403 2344 3524 2400 Uno

1955 2432 2140 2499 verbo,
2165 2435 2399 2503 corrupti
2431 2445 2585 2488 erant
2614 2450 2800 2490 onmes
2840 2445 2894 2488 et
2940 2435 3252 2488 ἱιΙοΙοΙἏινω.
3303 2434 3524 2490 Verum-

1960 2533 2136 2578 tamen
2161 2527 2456 2579 secundum
2490 2527 2677 2580 modos
2711 2525 3043 2593 deceptionis
3079 2523 3256 2590 divisi,
3289 2525 3378 2577 alii
3407 2525 3526 2579 aliis

1959 2629 2111 2667 sacra
2140 2615 2426 2680 faciebant,
2453 2625 2508 2669 et
2534 2631 2590 2670 se
2618 2617 3068 2670 convenientibus
3098 2616 3228 2669 falsa
3268 2616 3524 2684 praadiCa-

1953 2707 2101 2760 bant.
2131 2705 2262 2759 Nam
2295 2707 2511 2774 quidam
2569 2707 2782 2770 vitulos,
2819 2707 3034 2774 quidam
3063 2708 3292 2760 Chamos
3323 2708 3520 2760 idolum

1954 2797 2138 2862 Moab,
2170 2798 2256 2850 alii
2291 2799 2540 2850 Astarten
2568 2797 2837 2851 colebant.
2867 2796 2983 2850 Non
3013 2799 3234 2851 deerant
3264 2798 3388 2850 item
3431 2796 3523 2864 qui

1953 2887 2080 2940 Baal
2125 2895 2179 2940 et
2223 2887 2465 2940 militiam
2501 2887 2623 2940 coeli
2672 2887 2726 2940 in
2775 2887 2995 2941 deorum
3044 2901 3267 2940 numero
3303 2875 3524 2939 venera-

1953 2989 2158 3036 rentur.
2219 2981 2421 3034 Idcirco
2469 2981 2609 3036 Dens
2642 2981 2897 3036 incusans
2946 2995 3059 3044 eos,
3101 2996 3197 3050 per
3235 2980 3522 3035 Jeremiam

1953 3073 2029 3126 ait
2062 3090 2074 3126 :
2115 3072 2270 3141 132
2309 3092 2324 3123 ι
2364 3073 2668 3127 Secundum
2696 3088 2974 3127 numerum
3005 3073 3280 3126 civitatum
3309 3083 3520 3125 tuarum

1951 3172 2103 3218 erant
2137 3164 2206 3216 dii
2242 3165 2336 3224 tui,
2366 3162 2498 3216 Juda
2529 3164 2595 3218 “.
2633 3168 2656 3213 ›’
2697 3163 3041 3232 Unaquaeque
3074 3163 3216 3216 enim
3255 3162 3383 3217 urbs
3409 3161 3524 3215 illo-

1954 3270 2069 3308 rum
2098 3255 2554 3324 propriumdeum
2610 3255 2809 3308 habere
2858 3269 2917 3308 se
2974 3255 3345 3322 proﬁtebatur.
3404 3251 3522 3306 Iloc

1953 3346 2126 3415 ipsum
2170 3365 2188 3397 ι
2241 3346 2636 3400 multitudinem
2697 3345 3000 3412 iniquitatis
3063 3363 3083 3396 ι
3146 3343 3522 3396 convenienter

283 3414 562 3486 Ἀδίκημα
581 3418 691 3489 γὰρ
719 3419 953 3489 ἀληθῶς,
999 3423 1093 3474 καὶ
1124 3421 1279 3492 ὕϐρις
1319 3427 1398 3488 είς
1438 3425 1589 3492 Θεὸν,
1613 3427 1673 3479 τὸ
1715 3430 1849 3481 ἀπο-

1961 3414 2206 3506 appellat.
2248 3437 2382 3492 Vere
2414 3438 2556 3491 enim
2593 3436 2848 3504 iniquitas
2877 3447 2959 3488 est
2990 3435 3040 3486 in
3076 3433 3262 3498 Deum,
3291 3442 3344 3487 et
3385 3433 3524 3500 inju-

272 3509 467 3578 φοιτᾷν
519 3509 618 3578 μὲν
667 3510 850 3570 αὑτοῦ,
893 3513 1249 3582 προσκεῖσθαι
1294 3515 1350 3568 δὲ
1414 3515 1588 3581 ξύλοις
1636 3535 1695 3571 τε
1753 3521 1848 3572 καὶ

268 3596 464 3662 λίθοις,
501 3601 594 3651 καὶ
624 3619 642 3652 ι
683 3602 807 3664 Τοῖς
839 3602 1021 3673 ἔργοις
1056 3605 1164 3658 τῶν
1203 3607 1398 3676 χειρῶν
1435 3607 1599 3661 αὑτοῦ
1625 3651 1639 3674 ,
1685 3628 1702 3660 ι
1752 3627 1850 3663 κα-

272 3689 453 3761 θάπερ
496 3693 824 3763 γέγραπται.
867 3697 1083 3749 Μανίαν
1138 3697 1193 3750 δὲ
1247 3697 1394 3766 λέγει
1424 3699 1524 3769 τὴν
1567 3700 1845 3769 μαντείαν.

273 3781 487 3835 Οὐκοῦν
521 3783 822 3855 ἐπειδήπερ
860 3786 1062 3856 πλῆθος
1107 3788 1322 3852 ἀδικίας
1369 3789 1596 3859 εὕρηται
1636 3791 1692 3843 ἐν
1741 3791 1846 3857 σοὶ,

271 3873 429 3939 φησι,
456 3873 712 3946 ταύτῃτοι
746 3877 843 3931 καὶ
893 3877 1043 3949 παρὰ
1084 3879 1166 3932 σοὶ
1222 3880 1595 3951 πεπλήθυνται
1641 3883 1806 3951 μανία
1831 3923 1846 3947 ,

272 3964 572 4028 τουτέστιν,
602 3968 634 4038 η
665 3967 1083 4039 ψευδομάντεία,
1131 3970 1363 4024 ἑκάστου
1417 3972 1559 4026 κατὰ
1596 3972 1656 4025 τὸ
1701 3974 1849 4038 εἰκὸς

272 4057 383 4111 τῶν
413 4059 831 4131 ψευδομάντεων
891 4063 1019 4115 ἴδιον
1080 4063 1294 4134 ἔχοντος
1345 4064 1568 4135 τρόπον,
1625 4064 1747 4118 καθ’
1789 4067 1847 4120 ὃν

272 4151 621 4219 ἐμαντεύετο.
653 4153 922 4206 Ἔκτοπον
943 4149 1034 4208 οὖν
1069 4155 1196 4225 ἄρα,
1230 4157 1324 4209 καὶ
1365 4158 1710 4226 παράνομον,
1754 4159 1850 4211 καὶ

271 4242 504 4315 βέϐηλον
539 4244 772 4314 άληθῶς,
805 4246 898 4299 καὶ
930 4247 1029 4300 οὐκ
1085 4246 1355 4309 ἀνικάνως
1390 4246 1532 4318 ἔχον,
1565 4246 1650 4310 εἴς
1693 4264 1755 4316 γε
1787 4248 1850 4301 τὸ

267 4334 535 4388 δύνασθαι
592 4336 803 4400 λυπεῖν,
858 4337 952 4390 καὶ
999 4336 1335 4408 παροτρύναι
1373 4338 1560 4402 δεινῶς
1606 4338 1697 4391 τὸν
1741 4340 1848 4393 τῶν

266 4425 410 4478 ὅλων
441 4425 600 4488 Θεὸν,
638 4426 698 4478 τὸ
717 4427 1092 4494 ψευδοεπείαις
1131 4429 1487 4498 προσκεῖσθαι
1517 4429 1712 4498 φιλεῖν,
1741 4431 1849 4484 τῶν

267 4515 454 4568 λαλεῖν
497 4515 766 4569 εἰωθότων
817 4533 836 4566 ι
878 4515 959 4569 Τὰ
999 4518 1106 4571 ἀπὸ
1153 4517 1376 4588 καρδίας
1415 4518 1613 4582 αὐτῶν,
1649 4537 1667 4568 ι
1706 4518 1851 4572 καθὰ

266 4608 605 4677 γέγραπται,
644 4627 661 4658 ι
691 4608 785 4661 καὶ
807 4609 907 4661 οὐκ
928 4609 1037 4662 ἀπὸ
1078 4609 1340 4680 στόματος
1366 4610 1589 4680 Κυρίου.
1618 4628 1636 4662 ι
1663 4612 1850 4680 Παρα-

270 4699 576 4766 φυλακτέον
622 4699 684 4769 δὴ
723 4696 816 4753 οὖν
847 4701 1189 4769 Χριστιανοῖς
1210 4703 1270 4756 τὸ
1293 4702 1692 4774 πλημμέλημα.
1727 4704 1844 4757 Μό-

1956 3531 2060 3594 ria,
2114 3531 2181 3583 ab
2232 3529 2323 3583 illo
2375 3527 2657 3586 recedere.
2689 3536 2742 3580 et
2795 3527 2986 3596 lignis,
3045 3525 3312 3594 lapidibus
3361 3535 3524 3593 atque

1961 3641 1980 3677 ι
2015 3621 2268 3690 operibus
2293 3635 2544 3674 manumn
2575 3633 2796 3674 suarum
2838 3619 2904 3681 ⁵³,
2945 3637 2964 3670 ι
3011 3628 3070 3672 ut
3119 3619 3375 3686 scriptum
3419 3628 3521 3683 est,

1957 3713 2194 3775 colendis
2244 3713 2481 3767 deditum
2519 3726 2658 3766 esse.
2709 3710 2982 3764 Insaniam
3029 3720 3208 3764 autem
3253 3720 3525 3779 ntmenpat

1955 3804 2412 3860 vaticinationem.
2445 3802 2641 3869 Quare,
2675 3803 2928 3872 quoniam
2959 3801 3242 3855 multitudo
3271 3801 3525 3870 iniquita-

1959 3897 2026 3952 tis
2055 3897 2108 3950 in
2139 3907 2189 3951 te
2212 3898 2426 3951 inventa
2455 3905 2560 3959 est,
2587 3896 2781 3961 inquit,
2810 3895 3010 3946 idcirco
3046 3902 3099 3944 et
3138 3892 3276 3959 apud
3310 3901 3360 3946 te
3391 3891 3526 3945 mul-

1957 3988 2193 4056 tiplicata
2220 3986 2561 4052 estinsania,
2597 3985 2648 4038 id
2680 3995 2786 4048 est,
2830 3981 3165 4048 vaticinatio,
3207 3997 3526 4051 unoquoque

1958 4077 2091 4131 falso
2122 4086 2263 4140 vate,
2295 4085 2352 4129 ut
2394 4081 2813 4130 consentaneum
2851 4082 2954 4138 est,
2991 4088 3146 4126 suum
3197 4071 3522 4124 vaticinandi

1958 4169 2172 4222 modum
2223 4169 2472 4222 habente.
2518 4166 2822 4219 Absurdum
2858 4178 2987 4231 ergo
3040 4171 3094 4216 et
3156 4164 3396 4230 iniqumn
3442 4172 3528 4218 est

1957 4273 2167 4322 revera,
2205 4265 2256 4312 et
2284 4257 2427 4324 quod
2453 4257 2585 4310 satis
2610 4255 2682 4308 sit
2705 4255 2770 4307 ad
2801 4255 3040 4322 graviter
3063 4253 3440 4306 ollendendum
3471 4264 3526 4308 et

1958 4331 2276 4402 irritandum
2306 4346 2470 4400 Demn
2524 4344 2924 4404 universorum,
2972 4341 3204 4396 libenter
3249 4344 3525 4397 attendere

1955 4437 2107 4493 falsis
2136 4436 2472 4492 sermonibus
2497 4434 2781 4489 solitorum
2813 4431 2955 4501 loqui
2992 4451 3010 4482 ι
3045 4431 3111 4485 de
3162 4432 3323 4486 corde
3352 4447 3470 4495 suo,
3499 4451 3518 4484 ι

1956 4529 2096 4584 sicut
2117 4528 2373 4597 scriptum
2392 4536 2497 4591 est,
2528 4535 2609 4579 «et
2631 4540 2733 4578 non
2756 4523 2822 4578 de
2836 4538 2930 4578 ore
2953 4522 3162 4576 Domini
3187 4523 3288 4575 ⁸⁸.»
3317 4521 3524 4576 Caven-

1955 4622 2081 4676 dum
2108 4620 2270 4689 igitur
2296 4618 2615 4673 Christianis
2659 4626 2958 4686 peccatum.
3005 4613 3159 4669 Solos
3205 4614 3345 4670 enim
3400 4628 3524 4667 san-

1957 4720 2164 4766 ctarum
2218 4723 2396 4763 rerum
2427 4707 2662 4763 cultores
2703 4707 2770 4761 ad
2819 4705 3124 4776 hujusmodi
3176 4704 3433 4775 languere
3471 4713 3526 4761 et

269 4805 385 4851 νοις
414 4790 524 4860 γὰρ
550 4789 616 4843 ἂν
671 4790 872 4861 πρέποι
901 4790 962 4844 τὸ
989 4791 1166 4847 τοιάδε
1197 4795 1373 4847 νοσεῖν
1388 4772 1508 4856 τοῖς
1533 4772 1641 4846 τῶν
1673 4794 1846 4863 ἁγίων

1961 4801 2204 4856 inﬁrmos
2225 4815 2347 4856 esse
2376 4800 2653 4854 condecet.

269 4882 662 4952 θεραπευταῖς.
880 4915 888 4924 -

340 4972 577 5038 Σκοπὸς
628 4972 875 5042 Ἐφραῒμ
915 4955 1069 5041 ῖιετὰ
1110 4972 1257 5026 Θεοῦ
1301 4971 1631 5041 προφήτης,
1672 4973 1852 5043 παγίς

267 5062 490 5118 σκολιὰ
515 5063 615 5116 ἐπὶ
649 5063 852 5129 πάσας
883 5064 990 5128 τὰς
1011 5063 1188 5129 ὀδοὺς
1224 5065 1433 5118 αὑτοῦ.

341 5155 466 5206 PA'.
492 5155 738 5218 Σκοποὺς
764 5154 1052 5224 ὀνομάζειν
1085 5154 1202 5218 ἔθος
1229 5158 1294 5226 τῇ
1325 5153 1444 5228 θείᾳ
1499 5156 1686 5228 Γραφῇ
1721 5157 1848 5220 τοὺς

269 5242 380 5296 τῶν
403 5244 548 5296 λαῶν
573 5245 1001 5314 προεστηκότας,
1017 5245 1152 5314 ὑψοῦ
1182 5262 1240 5298 τε
1263 5245 1532 5316 ἠρμένους
1555 5245 1643 5298 διὰ
1661 5247 1846 5318 τιμὴν,

265 5329 353 5398 οἷς
376 5335 442 5389 ἂν
473 5336 572 5390 καὶ
607 5335 815 5407 ἐνορῴη
842 5354 946 5398 τις,
977 5337 1025 5388 εί
1063 5336 1127 5407 δὴ
1164 5335 1404 5404 βούλοιτο
1436 5337 1524 5389 τὸν
1554 5337 1725 5408 ὀρθὸνι
1757 5339 1850 5391 καὶ

264 5427 679 5497 ἀνεπίπληκτον
709 5428 960 5500 διαζῆσαι
995 5428 1128 5498 βίον.
1154 5429 1264 5481 Καὶ
1293 5429 1421 5496 γοῦν
1445 5429 1546 5500 ἔφη
1589 5449 1689 5484 που
1719 5432 1850 5496 Θεὸς

267 5518 408 5588 πρὸς
434 5520 525 5572 τὸν
563 5521 834 5590 μακάριον
875 5520 1159 5591 προφήτην
1210 5519 1467 5591 Ἰεζεχιήλ
1511 5537 1525 5553 ·
1560 5539 1578 5572 ι
1611 5521 1708 5576 Υἱὲ
1753 5523 1850 5576 ἀν-

268 5609 513 5680 θρώπου,
557 5609 758 5664 σκοπὸν
811 5609 1017 5663 δέδωκά
1072 5627 1130 5662 σε
1178 5608 1256 5679 τῷ
1288 5610 1420 5680 οἴκῳ
1468 5610 1698 5683 Ἰσραὴλ,
1757 5612 1850 5665 καὶ

341 5788 392 5818 ⁸³
422 5786 622 5844 Ezerb.
649 5803 746 5850 an,
784 5789 875 5858 ‘27,
904 5788 994 5844 28.

1073 5788 1116 5819 ”
1146 5786 1253 5842 .lcr.
1289 5803 1348 5853 It,
1374 5787 1461 5844 ‘38.
1539 5788 1582 5820 ⁸⁵
1618 5787 1752 5844 Osce
1781 5802 1890 5858 le,
1920 5785 1968 5840 -Ξ,

2027 4975 2192 5030 Vsus.
2234 4974 2286 5030 8.
2321 4974 2518 5043 Scopas
2545 4973 2798 5039 Ephraim
2824 4989 2939 5026 cum
2963 4973 3071 5026 Deo
3106 4973 3382 5042 propheta,
3446 4973 3528 5030 ια-

1955 5082 2117 5136 quens
2151 5073 2416 5118 tortuosa:
2451 5078 2605 5129 super
2638 5077 2812 5114 omnes
2845 5061 2950 5115 vias
2979 5061 3111 5132 ejus.

2027 5157 2110 5214 Cl.
2141 5156 2290 5210 Solet
2319 5155 2496 5209 divina
2528 5154 2808 5222 Scriptura
2842 5169 3036 5224 scopos
3077 5157 3361 5210 nominare
3392 5171 3528 5223 pra:-

1957 5249 2103 5304 sides
2122 5255 2175 5301 et
2204 5245 2566 5300 moderatores
2589 5243 2787 5313 populi,
2813 5253 2865 5298 et
2890 5245 2940 5297 in
2971 5244 3184 5299 sublimi
3207 5245 3526 5315 dignitatum

1933 5336 2125 5408 ‘gradu
2161 5336 2468 5399 collocatos,
2509 5334 2562 5388 in
2607 5350 2742 5404 quos
2786 5335 3060 5389 intueatur
3091 5336 3182 5404 qui
3225 5344 3424 5388 rectam
3471 5340 3524 5383 et

1957 5427 2282 5494 inculpatam
2317 5424 2478 5478 vitam
2519 5425 2714 5495 degere
2759 5426 2904 5480 velit.
2935 5425 3112 5491 Quare
3155 5423 3348 5478 alicubi
3389 5421 3524 5472 Deus

1957 5519 2024 5573 ad
2049 5519 2259 5572 beatum
2291 5516 2604 5586 prophetam
2647 5514 2983 5571 Ezechielem
3015 5533 3028 5569 :
3067 5534 3086 5565 ‹
3123 5513 3220 5566 Fili
3269 5506 3520 5570 hominis,

1958 5623 2177 5680 scopum
2199 5607 2320 5664 dedi
2349 5615 2400 5663 te
2435 5606 2616 5662 domui
2655 5605 2838 5673 Israel,
2889 5613 2941 5660 et
2984 5615 3282 5660 sermonem
3334 5595 3522 5653 audies

2049 5788 2092 5820 ⁵⁸
2125 5785 2232 5840 Jer.
2274 5801 2424 5855 unt,
2459 5784 2540 5840 l6.
