3954 6208
463 293 570 350 223

1484 289 1540 346 ει
1582 288 1855 347 CYRILLI
1894 288 2360 347 ALEXANDRINI
2397 285 2716 344 ARCHIEP.

3602 279 3720 338 ενι

458 421 523 459 ex
553 424 649 464 ore
675 422 816 470 meo,
846 414 902 463 et
928 405 1219 463 minaberis
1263 407 1343 462 eis
1381 421 1412 462 a
1447 422 1534 464 me
1583 409 1650 462 ⁸⁷.
1688 427 1707 462 ι
1759 410 2029 467 Usitatum

2146 411 2339 484 ίκούσῃ
2368 412 2432 464 ἑκ
2454 408 2722 480 στόματός
2753 421 2853 476 μου
2886 403 3064 472 λόγον,
3113 401 3209 456 καὶ
3257 400 3581 472 οιαπειλήσῃ
3609 402 3706 454 αὑ-

465 501 607 552 enim
631 507 749 554 erat
775 498 858 552 his
882 498 1078 566 scopis,
1105 513 1207 550 non
1236 495 1406 553 solum
1427 497 1493 552 iis
1513 514 1650 568 quos
1674 500 2036 567 instituerent,

468 589 533 642 ad
568 588 980 657 descriptionem
1011 599 1065 641 et
1093 587 1322 642 formam
1355 587 1591 656 virtutis,
1617 605 1720 644 una
1750 606 1870 645 cum
1906 591 2036 660 legi-

465 681 564 733 bus
593 695 743 734 suam
773 681 1010 748 ipsorum
1044 680 1207 732 vitam
1240 694 1573 749 proponere,
1610 682 1702 736 sed
1750 683 1912 736 etiam
1939 697 2036 753 op-

469 771 596 824 tima
630 781 892 840 praecepta
927 771 1157 836 tradere,
1181 780 1236 824 et
1265 771 1355 824 Dei
1385 771 1712 826 voluntatem
1757 773 1921 840 probe
1950 774 2036 827 in-

471 862 774 930 lerprelari.
821 859 1085 914 Caeterum
1132 861 1220 913 alii
1249 861 1466 930 quidem
1510 863 1686 931 scopis
1721 863 1876 918 bonis
1906 865 2036 920 sub-

461 951 613 1021 jt-cti,
649 953 909 1006 directum
952 952 1052 1005 iter
1087 951 1244 1006 olﬁcii
1288 953 1626 1007 ambulantes
1659 953 2033 1022 salvabantur;

467 1041 556 1092 alii
583 1041 763 1108 pravis
788 1049 843 1094 et
869 1040 1125 1108 improbis
1153 1040 1462 1094 hominibus
1495 1040 1796 1094 animorum
1816 1057 2034 1097 suorum

471 1141 740 1185 momenta
778 1132 1199 1194 committentes.
1241 1133 1500 1186 seducere
1541 1143 1592 1187 et
1627 1134 1809 1187 seduci
1855 1149 2038 1202 perse-

467 1221 746 1285 verabant,
781 1231 959 1275 mente
989 1224 1057 1276 ab
1079 1224 1223 1276 omni
1257 1238 1416 1292 opere
1458 1225 1601 1279 bono
1649 1233 1703 1279 et
1735 1227 2038 1296 cognitione

465 1325 590 1364 vera
628 1311 831 1364 inanes.
857 1311 1086 1380 Propter
1109 1312 1478 1382 hujuscemodi
1509 1315 1734 1370 tribules
1759 1315 2033 1384 Ephraim,

467 1401 582 1454 sive
606 1400 858 1455 lsraelem
889 1411 942 1456 et
978 1418 1117 1456 nunc
1164 1406 1414 1474 castigat.
1469 1423 1487 1456 ι
1537 1404 1732 1460 Factus
1764 1414 1846 1460 est
1890 1407 2035 1459 enim

467 1489 543 1544 illi
575 1506 788 1560 scopus,
819 1494 1012 1562 inquit,
1038 1508 1157 1546 cum
1196 1495 1304 1548 Deo
1335 1495 1645 1563 pr0phetaa
1683 1495 1843 1562 Quasi
1874 1498 2035 1562 dicat,

470 1582 735 1651 cujusque
769 1583 861 1637 Dei
909 1583 1049 1649 falsi,
1095 1583 1260 1637 falsus
1291 1584 1570 1654 prOpheta.
1610 1586 1678 1640 Ut
1708 1587 1849 1640 enim
1875 1602 2039 1657 supra

467 1675 602 1740 dixi,
639 1673 694 1727 in
720 1674 1038 1744 multiplices
1059 1689 1274 1728 errores
1308 1677 1574 1742 dispertiti
1598 1677 1830 1732 fuerunt.
1869 1678 2036 1732 Etalii

2135 505 2247 564 τοῖς
2285 500 2417 570 παρ’
2455 498 2610 569 ἐμοῦ.
2646 516 2664 549 ι
2730 495 2891 558 Ἔθος
2947 494 3055 564 γὰρ
3086 493 3261 546 τοῖσδε
3317 493 3560 553 σκοποῖς,
3591 491 3710 560 οὐχὶ

2139 593 2299 661 μόνον
2330 594 2441 654 τοῖς
2475 587 2883 658 παιδευομένοις
2930 585 3065 657 πρὸς
3093 583 3439 637 ὑποτύπωσιν
3470 582 3672 653 ἀρετῆς
3692 622 3709 644 ,

2137 683 2253 755 ἦτοι
2283 682 2557 745 πολιτείας
2578 681 2672 734 σὺν
2690 679 2871 748 νόμοις
2891 677 2981 730 τὸν
3001 675 3207 729 ἑαυτῶν
3241 672 3551 743 προτιθέναι
3577 673 3708 741 βίον,

2136 771 2271 826 ἀλλὰ
2297 770 2405 841 γὰρ
2463 771 2556 823 καὶ
2605 766 2939 838 εἰσηγεῖσθαι
2983 764 3051 818 τὰ
3099 765 3361 836 χρήσιμα,
3417 764 3510 816 καί
3547 761 3609 814 τὸ
3636 763 3714 832 τῷ

2137 863 2255 934 Θεῷ
2287 862 2475 917 δοκοῦν
2529 859 2903 932 διερμηνεύειν
2955 857 3147 929 ὀρθῶς.
3193 857 3332 909 Ἀλλ’
3380 857 3429 909 οἱ
3480 855 3578 927 μὲν
3609 855 3714 908 ὑπὸ

2140 956 2376 1018 σκοποὺς
2425 953 2575 1016 ὄντες
2619 951 2876 1020 ἀγαθοὺς,
2933 952 3052 1004 κατ’
3097 949 3224 1002 εὐθὺ
3268 948 3362 1002 τοῦ
3408 949 3716 1019 πρέποντος

2140 1045 2329 1109 ίόντες,
2351 1041 2632 1106 ἐσώζοντο·
2660 1043 2710 1095 οἱ
2735 1042 2790 1093 δὲ
2823 1042 3076 1110 πονηροῖς
3121 1039 3216 1092 καὶ
3244 1038 3463 1105 ψαύλοις
3485 1039 3718 1111 ἀνδράσι

2135 1133 2234 1203 τῆς
2271 1131 2477 1185 ἑαυτῶν
2504 1129 2739 1192 διανοίας
2770 1129 3166 1200 προσνέμοντες
3201 1128 3297 1197 τὴν
3337 1127 3531 1198 ῥοπὴν,
3571 1128 3720 1180 πλα..

2136 1223 2334 1287 νῶντές
2376 1241 2458 1287 τε,
2505 1223 2600 1275 καὶ
2652 1219 2990 1291 πλανώμενοι
3035 1219 3321 1284 διετέλουν,
3354 1227 3448 1272 και.
3492 1219 3715 1288 ἀπάσης

2137 1312 2503 1383 ἀγαθουργίας
2561 1313 2654 1365 καὶ
2716 1311 2968 1378 γνώσεως
3036 1310 3269 1380 ἀληθοῦς
3350 1311 3716 1380 ἐξῳκισμένον

2137 1403 2348 1471 ἔχοντες
2373 1402 2462 1455 τὸν
2508 1401 2652 1455 νοῦν.
2685 1401 2840 1454 Οὕτω
2879 1400 3214 1463 πεπονθότας
3249 1400 3592 1453 καταιτιᾶται
3619 1400 3715 1452 καί⁷

2137 1493 2231 1546 νῦν
2261 1493 2386 1555 τοὺς
2417 1493 2481 1544 ἑκ
2522 1492 2624 1561 τῆς
2671 1492 2842 1561 φυλῆς
2892 1491 3146 1562 Ἐφραίμ,
3183 1492 3299 1560 ἦτοι
3343 1491 3434 1544 τὸν
3472 1490 3710 1562 Ἰσραήλ.

2143 1602 2162 1636 ι
2195 1584 2389 1650 Γέγονε
2421 1582 2529 1653 γὰρ
2558 1582 2726 1652 αὐτῷ,
2763 1583 2914 1652 φησὶ,
2973 1583 3174 1645 σκοπὸς
3207 1582 3346 1652 μετὰ
3395 1582 3532 1636 Θεοῦ
3579 1600 3715 1654 προσ

2139 1678 2334 1746 φήτης.
2363 1693 2381 1725 ι
2417 1676 2641 1740 Ὅμοιον
2660 1675 2738 1736 ὡς
2771 1675 2818 1726 εί
2842 1673 3012 1740 λέγοι,
3047 1672 3166 1727 καθ’
3191 1673 3419 1727 ἕκαστον
3447 1673 3555 1727 τῶν
3582 1673 3714 1742 eheu-

468 1765 682 1831 qnidem
713 1764 1017 1817 servierunt
1047 1765 1173 1819 Baal
1193 1807 1208 1829 ,
1245 1765 1333 1823 alii
1365 1765 1622 1832 Chamos,
1646 1769 1759 1822 sive
1782 1768 2038 1837 Beclphe—

2146 1765 2403 1836 δωνύμων
2430 1764 2590 1828 θεῶν,
2621 1765 2716 1818 καὶ
2741 1764 3101 1834 ψευδόμαντις
3143 1764 3324 1828 ίδικός.
3367 1765 3453 1828 Ὠς
3474 1766 3583 1836 γὰρ
3613 1766 3714 1836 ἤδη

467 1865 567 1919 gor
597 1853 791 1923 :133
828 1865 881 1907 et
915 1853 965 1907 in
998 1855 1235 1924 quolibet
1263 1856 1386 1910 fano
1427 1856 1720 1911 formatum
1761 1867 1815 1912 et
1850 1874 2038 1912 manu'

470 1941 669 1996 factum
703 1946 1049 2001 simulacrum
1079 1947 1295 2016 aliquod
1352 1948 1662 2018 idolntnque
1694 1949 2040 2017 cernebatur,

467 2035 556 2089 cui
594 2036 866 2092 assidebat
895 2040 1219 2109 assiduoque
1265 2041 1538 2096 serviebat
1576 2041 2038 2110 pseudopropheta

469 2129 737 2197 proprius,
776 2140 1000 2200 eratque
1045 2133 1182 2203 apud
1214 2147 1309 2188 eos
1358 2148 1527 2204 genus
1576 2134 1910 2188 vaticinandi
1951 2149 2042 2188 va-

470 2219 631 2273 rium.
679 2220 744 2274 Et
787 2224 1104 2278 ernctabant
1149 2226 1530 2282 accedentibus
1568 2229 1710 2296 quod
1767 2228 2039 2294 volebant,

469 2309 586 2364 sine
618 2311 823 2364 ratione
870 2320 1124 2381 tanquam
1163 2317 1502 2372 conducibile
1550 2328 1604 2372 et
1653 2319 2037 2374 necessarium.

469 2399 731 2466 Quoniam
762 2401 920 2469 igitur
946 2402 1118 2458 lactus
1135 2415 1217 2459 est
1246 2421 1442 2477 sc0pus
1469 2409 1752 2463 tribulibus
1787 2409 2040 2479 Ephraim

469 2507 590 2544 cum
619 2507 938 2560 unoquoque
967 2494 1103 2548 falso
1133 2497 1232 2551 deo
1264 2498 1424 2551 etiam
1469 2501 1726 2568 propheta
1770 2502 2040 2569 proprius,

468 2583 673 2637 idcirco
698 2595 882 2652 postea
918 2587 984 2640 ad
1032 2589 1249 2656 quidvis
1297 2592 1666 2657 turpiSsimtnn
1721 2593 2044 2662 impotenter

469 2686 527 2726 se
549 2674 831 2730 dederunt.
870 2675 978 2731 lloc
1009 2678 1109 2732 illis
1144 2678 1346 2734 factum
1389 2691 1473 2737 est
1526 2701 1544 2733 ι
1587 2692 1639 2736 et
1676 2683 1900 2751 laqueus
1933 2695 2044 2738 tor-

469 2772 676 2818 tuosus.
716 2785 734 2817 ι
759 2765 870 2820 Non
904 2770 1046 2822 enim
1076 2780 1325 2839 poterant
1359 2773 1536 2841 dirigi,
1562 2785 1615 2828 et
1645 2785 1788 2828 recta
1805 2791 2043 2844 unquam

469 2855 724 2911 incedere
752 2858 805 2912 in
853 2868 931 2913 tot
965 2862 1187 2916 deorum
1247 2864 1446 2917 cultum
1501 2865 1760 2934 prolapsi,
1819 2879 1876 2920 ut
1918 2883 2041 2922 cum

468 2947 709 3014 quolibet
750 2950 848 3003 deo
892 2961 944 3004 et
987 2954 1259 3021 proprium
1303 2957 1620 3025 pmphctam
1671 2958 1949 3024 haberent,
1989 2968 2043 3014 et

472 3039 690 3107 insuper
710 3055 929 3108 scopum
962 3044 1063 3097 sibi
1092 3044 1354 3109 facerent,
1388 3048 1476 3116 qui
1507 3064 1600 3103 eos
1636 3064 1663 3100 a
1690 3050 1889 3118 pietate
1915 3067 2040 3120 erga

469 3127 636 3182 Deum
665 3131 988 3199 abducebat,
1026 3144 1075 3188 el
1108 3135 1160 3189 in
1190 3135 1400 3190 loream
1435 3139 1750 3206 perditionis
1797 3141 2040 3208 principi-

468 3221 640 3278 tabat.
684 3221 934 3280 Volentes
967 3227 1125 3296 igitur
1160 3227 1365 3296 legibus
1405 3231 1794 3286 convenienter
1841 3233 2039 3299 vivere,

469 3313 776 3369 auscultare
811 3317 1005 3372 debent
1049 3334 1152 3373 non
1196 3322 1510 3376 docentibus
1556 3323 1890 3393 simpliciter,
1946 3340 2043 3378 nec

469 3400 812 3471 loquentibus
838 3407 903 3462 de
933 3409 1094 3462 corde
1126 3425 1223 3464 suo
1265 3411 1332 3474 ⁵⁸,
1392 3412 1482 3467 sed
1522 3413 1719 3482 quibus
1765 3415 1944 3467 divina
1989 3424 2044 3469 et

470 3507 703 3562 superna
739 3498 908 3565 gratia
937 3500 1166 3555 sincerae
1210 3516 1335 3572 erga
1367 3502 1532 3557 Deum
1570 3505 1854 3560 charitatis
1889 3507 2042 3558 testi-

471 3585 710 3638 monium
754 3589 984 3643 dederit.
1041 3590 1176 3646 llinc
1224 3603 1277 3647 et
1319 3593 1617 3651 Christus:
1672 3614 1691 3647 ι
1747 3597 2040 3661 Attendite,

473 3675 666 3741 inquit,
704 3693 731 3729 a
757 3678 910 3732 falsis
941 3684 1241 3749 prophetis,
1278 3686 1368 3753 qui
1409 3688 1623 3741 veniunt
1655 3689 1719 3740 ad
1751 3703 1844 3742 vos
1873 3689 1921 3741 in
1953 3704 2043 3743 ve-

471 3765 742 3824 stimentis
778 3768 982 3837 ovium,
1019 3773 1344 3832 intrinsecus
1377 3790 1553 3833 autem
1585 3791 1708 3834 sunt
1752 3781 1857 3849 lupi
1889 3797 2042 3851 rapa-

470 3870 562 3912 ces
592 3858 657 3911 ⁸⁹.
688 3878 708 3912 ι

540 4031 577 4086 Α
605 4034 912 4090 crudelibus
950 4045 1127 4092 autem
1177 4039 1307 4093 feris
1349 4055 1537 4110 parum
1577 4042 1888 4110 discrepare
1934 4057 2037 4096 non

470 4121 605 4175 falso
635 4123 962 4179 allirmamus
1005 4127 1290 4195 impiarmn
1333 4131 1594 4185 haeres-um
1638 4133 1943 4186 inventores
1986 4141 2043 4188 et

469 4217 748 4276 patronos,
781 4214 872 4281 qui
900 4228 996 4269 ore
1028 4217 1245 4271 diducto
1275 4218 1522 4273 lsraelcm
1569 4224 1851 4275 devorant.
1899 4224 2042 4288 Quo-

469 4299 756 4356 dammodo
801 4305 945 4359 enim
999 4319 1328 4362 consumunt
1380 4311 1766 4380 simpliciorutn
1805 4314 2036 4377 animas,

2143 1859 2422 1928 πριέῖπον,
2460 1857 2539 1920 είς
2565 1854 2899 1926 πολύτροπον
2924 1855 3243 1928 ἐμερίζοντο
3265 1853 3491 1927 πλάνην.
3523 1857 3637 1909 Καὶ
3667 1857 3717 1908 οἱ

2145 1915 2658 2017 μὲιλελατρεύκασι
2680 1915 2757 2014 et};
2776 1915 3009 2000 Βάαλ·οἱ
3025 1915 3081 1999 δὲ
3098 1915 3182 2017 τῷ
3203 1915 3610 2016 Χαμὼςίῆγουν
3641 1943 3730 2014 τῷ

2141 2037 2475 2108 Βεελφεγώρ.
2506 2038 2613 2092 Καὶ
2644 2039 2700 2091 ἑν
2722 2037 2935 2106 ἑκάστῳ
2966 2038 3190 2108 τεμένει
3231 2035 3734 2108 πεπλαστούργητό-

2140 2145 2194 2181 τι
2247 2127 2342 2182 καὶ
2381 2128 2739 2199 χειρόκμητον
2787 2128 3010 2198 ἄγαλμά
3065 2146 3123 2181 τε
3161 2129 3256 2183 καὶ
3301 2127 3522 2200 βρέτας,
3551 2127 3646 2180 καὶ
3690 2128 3733 2180 ὁ

2141 2217 2515 2289 προσεδρεύων
2539 2219 2754 2288 ἑκάστῳ
2784 2217 3231 2289 ψευδοπροφήτης
3271 2217 3455 2281 ἱδικὸς,
3487 2218 3579 2270 καὶ
3597 2217 3722 2271 διά-

2143 2327 2304 2380 φορος
2332 2310 2460 2382 παρ’
2490 2310 2671 2374 αὐτοῖς
2709 2312 2736 2363 ό
2765 2311 2863 2380 τῆς
2888 2309 3146 2380 μαντείας
3176 2306 3242 2380 ἦν
3262 2310 3478 2381 τρόπος.
3523 2307 3724 2382 Ἦρεύο

2141 2420 2299 2472 γοντο
2342 2403 2397 2455 δὲ
2443 2405 2553 2467 τοῖς
2589 2402 3048 2473 προσερχομένοις
3103 2401 3164 2455 τὸ
3209 2401 3398 2454 δοκοῦν
3429 2401 3611 2466 ἁπλῶς
3643 2401 3732 2467 ὡς,

2143 2495 2410 2565 χρήσιμόν
2435 2512 2493 2547 τε
2555 2494 2645 2546 καὶ
2687 2495 3002 2556 ἀναγκαῖον.
3053 2493 3264 2548 Οὐκοῦν
3305 2494 3599 2565 ἐπειδήπερ
3623 2493 3724 2562 γέ-

2143 2601 2267 2653 γονε
2305 2584 2502 2648 σκοπὸς
2531 2587 2638 2648 τοῖς
2672 2583 2730 2648 ἑξ
2763 2584 2999 2655 Ἐφραῒμ
3037 2585 3153 2654 μεθ’
3185 2585 3414 2638 ἑκάστου
3449 2583 3556 2636 τῶν
3581 2585 3736 2653 dgqu

2146 2676 2410 2746 δωνύμων
2444 2676 2602 2735 θεῶν.
2632 2677 2726 2729 καὶ
2749 2677 3031 2747 προφήτης
3058 2676 3240 2738 ἱδικὸς,
3258 2674 3510 2748 ταύτῃτοι
3531 2673 3728 2727 λοιπὸν

2147 2767 2281 2837 πρὸς
2308 2771 2414 2821 πᾶν
2453 2768 2627 2821 ὁτιοῦν
2654 2768 2758 2821 τῶν
2815 2767 3108 2836 αἰσχίστων
3138 2768 3380 2837 ἀσχέτως
3424 2765 3729 2820 ἁπονενεύ-

2145 2875 2294 2912 κασι.
2333 2857 2505 2912 Τοῦτο
2549 2859 2773 2927 γέγονεν
2803 2859 2950 2929 αὐτῷ
2987 2878 3003 2908 ι
3036 2859 3130 2911 καὶ
3158 2858 3320 2926 παγίς
3347 2857 3553 2910 σκολία.
3584 2875 3602 2908 ι
3641 2855 3734 2909 Οὗ

2143 2953 2252 3023 γὰρ
2284 2950 2350 3024 ἦν
2373 2954 2823 3019 κατευθύνεσθαι,
2849 2955 2943 3006 καὶ
2965 2953 3140 3025 ὀρθῶς
3185 2951 3420 3021 βαδίζειν
3458 2946 3730 3002 δύνασθαί

2148 3062 2275 3098 ποτε
2309 3046 2436 3108 τοὺς
2468 3045 2547 3108 εἰς
2583 3044 2850 3112 τοσαύτην
2894 3042 3180 3096 πολυθεῖαν
3206 3039 3603 3108 ὠλισθηκότας,
3644 3037 3734 3101 ὡς

2146 3136 2242 3188 σὺν
2293 3136 2508 3206 ἑκάστῳ
2541 3135 2658 3205 Θεῷ
2702 3136 2795 3188 καὶ
2853 3137 3135 3205 προφήτην
3187 3132 3329 3203 ἔχειν
3384 3131 3577 3184 ίδικόν’
3625 3131 3733 3184 καὶ

2147 3227 2394 3297 προσέτι,
2419 3225 2690 3280 ποιεῖσθαι
2721 3229 2940 3288 σκοπὸν,
2967 3226 3055 3277 τὸν
3078 3225 3176 3294 τῆς
3196 3226 3273 3286 εἰς
3289 3223 3420 3276 Θεὸν
3438 3219 3736 3286 εὐσεϐείας

2144 3317 2412 3387 ἀποκομίζ
2420 3336 2564 3381 οντα,
2586 3319 2676 3370 καὶ
2704 3320 2815 3380 τοῖς
2840 3317 2936 3385 τῆς
2959 3315 3227 3377 ἀπωλείας
3261 3314 3468 3368 ἑνιέντα
3492 3313 3731 3383 βόθροις.

2144 3406 2479 3477 Προσεκτέον
2511 3407 2575 3476 δὴ
2606 3403 2696 3460 οὖν
2729 3411 2834 3470 τοῖς
2861 3407 3106 3459 ἐθέλουσι
3143 3404 3289 3474 βιοῦν
3314 3403 3572 3469 ἑννόμως,
3601 3401 3734 3472 οὐχὶ

2143 3500 2253 3560 τοῖς
2285 3497 2628 3551 διδάσκουσιν
2678 3498 2884 3561 ἁπλῶς,
2946 3497 3068 3550 οὐδὲ
3102 3499 3217 3560 τοῖς
3247 3494 3467 3548 λαλοῦσι
3498 3492 3563 3546 τά
3613 3491 3736 3546 ἀπὺ

2143 3589 2370 3659 καρδίας
2399 3587 2598 3649 αὐτῶν,
2617 3582 2823 3649 mea;
2846 3586 2910 3640 ἂν
2933 3589 2964 3658 ὴ
2988 3587 3106 3639 θεία
3130 3587 3221 3639 καὶ
3249 3583 3453 3638 ἄνωθεν
3483 3585 3734 3653 ἐπιμαρ-

2142 3688 2351 3750 τυρησῃ
2376 3679 2534 3750 χάρις
2573 3679 2676 3747 τῆς
2714 3679 2792 3741 είς
2814 3678 2946 3730 Θεὸν
2978 3678 3198 3745 ἀγάπης
3229 3675 3286 3728 τὸ
3318 3675 3560 3744 γνήσιον.
3598 3673 3735 3726 To:-

2141 3772 2331 3840 γάρτοι
2357 3771 2450 3823 κοιλ⁸
2477 3773 2504 3823 ὁ
2536 3769 2790 3840 Χριστός·
2829 3788 2846 3820 ι
2885 3768 3210 3839 Προσέχετε,
3253 3765 3437 3837 φησιν,
3470 3764 3576 3818 ἀπὸ
3613 3764 3734 3819 τῶν

2142 3861 2599 3932 ψευδοπροφητῶν
2617 3898 2632 3923 ,
2661 3859 2854 3921 οἵτινες
2879 3858 3128 3928 ἔρχονται
3159 3856 3295 3928 πρὸς
3319 3857 3461 3928 ὑμᾶς
3482 3857 3539 3908 ὲν
3569 3855 3731 3909 ἐνδύ-

2145 3969 2281 4024 μασι
2307 3952 2616 4024 προϐάτων,
2658 3949 2861 4003 ἔσωθεν
2882 3948 2938 4001 δέ
2973 3950 3077 4002 εἰσι
3106 3948 3260 4001 λύκοι
3290 3948 3556 4018 ἅρπαγες.
3590 3966 3610 3998 ι

2215 4042 2410 4112 Θηρῶν
2446 4040 2555 4111 γὰρ
2584 4039 2789 4108 ἀγρίων
2820 4038 2974 4106 ὀλίγα
3025 4037 3318 4106 διενεγκεῖν
3366 4053 3543 4106 φαμεν
3593 4037 3734 4107 άλη-

2143 4132 2410 4197 θεύοντες,
2445 4133 2572 4194 τοὺς
2602 4130 2708 4182 τῶν
2743 4130 2967 4182 ἀνοσίων
3023 4128 3288 4200 αἱρέσεων
3337 4127 3585 4198 εὑρετὰς,
3627 4130 3733 4182 καὶ

2143 4222 2566 4296 προεστηκότας,
2591 4223 2718 4284 τοὺς
2745 4219 3124 4281 κατεσθίοντας
3151 4219 3242 4271 τὸν
3271 4219 3487 4292 Ἰσραὴλ
3513 4221 3620 4289 ὅλῳ
3643 4220 3734 4291 τῷ

2144 4316 2391 4385 στόματι.
2428 4313 2717 4365 Δαπανῶσι
2750 4313 2858 4380 γὰρ
2891 4309 3080 4381 ὥσπερ
3111 4309 3212 4372 τάς
3261 4309 3369 4364 τῶν
3421 4310 3734 4366 ἁπλουστέ-

469 4390 696 4448 fallacia:
722 4393 975 4452 dentibus
999 4412 1094 4452 eos
1121 4400 1570 4456 cornminuentes.
1616 4402 1832 4456 Dicatur
1858 4406 2038 4472 itaque

2146 4421 2254 4474 ρων
2279 4401 2479 4472 ψυχὰς,
2522 4403 2633 4463 τοῖς
2689 4399 2786 4469 τῆς
2841 4399 3057 4468 ἀπάτης
3101 4398 3279 4452 ὀδοῦσι
3321 4399 3730 4470 συντρίϐοντες.

477 4500 505 4536 a
528 4481 682 4538 nobis
711 4485 917 4542 etiam:
954 4507 973 4538 ι
1026 4489 1166 4544 Deus
1204 4502 1452 4547 conteret
1497 4493 1686 4548 dentes
1732 4508 1916 4547 eorum
1983 4497 2034 4547 in

467 4589 563 4629 ore
589 4577 856 4646 ipsorum;
904 4579 1071 4634 molas
1098 4581 1308 4636 leonum
1343 4585 1610 4656 confregit
1643 4584 1924 4640 Dominus.
1956 4584 2034 4638 Ad

470 4668 697 4724 nihilum
733 4671 1041 4738 devenient,
1071 4681 1131 4727 ut
1157 4689 1292 4744 aqua
1329 4679 1645 4733 decurrens.
1685 4677 2039 4733 Intendetar-

470 4773 592 4814 cum
627 4776 782 4818 suum
806 4763 978 4820 donec
1007 4764 1348 4822 inlirmentur
1377 4768 1443 4822 °°.
1488 4787 1507 4820 ι

544 4938 706 4994 Vens.
731 4941 784 4998 9.
815 4940 1084 4998 Insaniam
1114 4945 1170 4997 in
1212 4945 1367 5000 domo
1413 4945 1510 5000 Dei
1540 4945 1855 5015 deﬁxerant.
1907 4945 2036 5001 Cor-

474 5030 613 5096 rupti
643 5040 762 5084 sunt
789 5035 1070 5090 secundum
1095 5038 1204 5091 dies
1235 5038 1402 5093 collis.
1436 5037 1818 5094 Recordabitur
1844 5039 2042 5109 iniqui-

474 5119 600 5172 tatis
630 5136 829 5185 eorum,
861 5125 1142 5179 ulciscatur
1160 5141 1366 5192 peccata
1397 5147 1597 5184 eorum.

543 5207 652 5264 Cll.
681 5209 951 5267 Insaniam
983 5225 1036 5269 et
1063 5215 1150 5270 hic
1182 5233 1332 5273 more
1358 5221 1515 5275 solito
1547 5220 1711 5277 falsas
1738 5221 2041 5291 praedictio-

478 5317 574 5357 nes
599 5303 865 5368 nominat,
910 5305 1123 5360 domum
1155 5317 1331 5388 aut“:
1381 5313 1589 5367 Domini
1629 5312 1902 5368 lsraelem.
1955 5313 2041 5366 Di-

478 5403 624 5448 ctum
651 5404 730 5450 est
757 5394 917 5465 igitur
936 5399 1163 5467 quodam
1183 5400 1300 5455 loco
1322 5417 1416 5472 per
1434 5401 1719 5457 Jeremiam
1740 5407 1804 5458 ad
1826 5405 2038 5460 Judaro-

475 5499 595 5541 rum
633 5484 992 5559 Synagogam,
1035 5489 1182 5545 velut
1214 5507 1276 5546 ex
1343 5505 1570 5560 persona
1607 5494 1696 5548 Dei
1735 5512 1798 5550 ς(
1851 5493 2038 5549 Nonne

2145 4495 2396 4566 Είρήσθω
2421 4494 2482 4563 δὴ
2521 4488 2614 4546 οὖν
2643 4493 2735 4545 καὶ
2766 4489 2902 4561 πρὸς
2933 4491 3113 4561 ἡμῶνο
3149 4510 3166 4544 ι
3201 4491 3258 4544 '0
3278 4491 3408 4554 Θεὸς
3441 4491 3734 4562 συντρίψει

2143 4587 2270 4646 τοὺς
2294 4584 2508 4646 ὀδόντας
2537 4583 2717 4635 αὐτῶν
2745 4585 2801 4635 ἑν
2819 4582 2894 4651 τῷ
2928 4582 3155 4652 στόματι
3181 4581 3380 4645 αὐτῶν,
3416 4581 3516 4643 τὰς
3549 4580 3734 4650 μύλας

2142 4673 2251 4728 τῶν
2281 4673 2512 4726 λεόντων
2566 4671 2887 4724 συνέθλασεν
2907 4673 2935 4725 ό
2960 4672 3185 4743 Κύριος.
3233 4671 3731 4742 Ἐξουδενωθήσον-

2143 4783 2232 4818 ται
2253 4765 2326 4828 ὼς
2355 4763 2498 4834 ὕδωρ
2516 4763 2991 4834 διαπορευόμενον.
3023 4765 3254 4818 Ἐντενεῖ
3281 4762 3338 4816 τὸ
3358 4761 3506 4827 τόξον
3530 4761 3724 4828 αὑτοῦ,

2141 4856 2248 4919 ἕως
2272 4851 2332 4908 οἶ)
2362 4854 2753 4925 ἁσθενήσωσιν.
2797 4874 2814 4906 ι

2206 4947 2442 5002 Μανίαν
2473 4947 2541 5000 ἐν
2574 4946 2718 5010 οἴκῳ
2755 4946 2983 5015 Κυρίου
3013 4943 3380 5011 κατέπηξαν.
3431 4941 3728 5012 Ἐφθάρη-

2138 5056 2260 5095 σαν·
2317 5039 2466 5092 κατὰ
2530 5037 2753 5107 ἡμέρας
2817 5037 2923 5090 τοῦ
2977 5036 3235 5101 βουνοῦ.
3291 5034 3721 5101 Illi-nominarat

2137 5129 2371 5194 ἀδικίας
2399 5125 2615 5192 αὐτῶν,
2645 5126 2948 5193 ἐκδικήσει
2972 5127 3257 5194 ἁμαρτίας
3290 5124 3508 5179 αὐτῶν.

2217 5221 2338 5274 PB'.
2361 5219 2572 5273 Μανίαν
2605 5217 2833 5272 κάνθάδε
2865 5216 3106 5286 συνήθως
3130 5214 3261 5285 φησὶ
3299 5214 3396 5285 τὴν
3415 5214 3722 5284 ψευδόμαν-

2146 5313 2316 5368 τείαν.
2351 5311 2556 5382 Κυρίου
2585 5309 2642 5360 δὲ
2693 5303 2838 5359 οἷκον
2867 5305 3120 5374 ὀνομάζει
3165 5306 3255 5357 τὸν
3322 5305 3560 5376 Ἰσραήλ.
3605 5303 3719 5359 Καὶ

2146 5401 2274 5472 γοῦν
2303 5401 2513 5473 εἴρηταί
2552 5416 2654 5452 που
2678 5397 2764 5452 διὰ
2804 5397 2986 5466 φωνῆς
3018 5396 3282 5467 Ἱερεμίου
3315 5397 3449 5466 πρὸς
3477 5396 3574 5466 τὴν
3605 5394 3720 5448 τῶν

2159 5493 2423 5548 Ἰουδαίων
2474 5488 2822 5560 Συναγωγὴν,
2847 5487 2922 5551 ὡς
2961 5489 3024 5541 ἑκ
3075 5487 3368 5559 προσώπου
3402 5486 3494 5540 τοῦ
3542 5483 3713 5539 Θεοῦο

545 5663 592 5697 ³⁷
630 5663 824 5721 Ezech.
864 5681 947 5730 tu,
990 5667 1075 5722 l7.
1154 5668 1198 5702 ⁸⁸
1228 5668 1338 5727 Jer.
1365 5624 1520 5733 uin,
1553 5668 1633 5722 t6.
1713 5671 1758 5704 "
1789 5669 1976 5723 Matth.
2009 5684 2102 5735 vn,
2135 5653 2218 5723 l3.
2298 5668 2340 5700 ⁸ο
2368 5665 2509 5722 Psal.
2542 5681 2668 5731 evn,
2690 5664 2740 5727 '7,
2766 5662 2821 5720 8.
