3954 6208
213 313 336 368 225

1145 311 1692 369 COMMENTARIUS
1726 310 1791 367 IN
1832 309 2067 367 OSEAM
2107 311 2548 370 ΙἨΟΡΙΙΕΤΑΜ.

3379 313 3483 369 Ξέϐ

232 448 256 482 ι
282 430 400 498 Οὐχ
427 429 507 493 ὡς
536 423 682 483 οἶκόν
707 444 774 498 με
803 427 1088 494 ἐκάλεσας,
1127 433 1220 485 καὶ
1267 435 1500 502 πατέρα,
1537 431 1632 484 καὶ
1676 430 1808 500 ἀρχ-

1919 438 1976 482 ιιι
2011 430 2226 482 domum
2267 444 2353 483 me
2382 427 2608 493 vocasti,
2645 435 2699 480 et
2733 433 2962 495 patrem,
2998 433 3052 480 et
3089 426 3278 481 ducem
3319 425 3480 496 virgi-

225 523 366 593 ηγὺν
412 521 518 590 τῆς
565 521 863 592 παρθενίας
897 540 1023 588 σου;
1055 543 1075 575 ι
1127 520 1666 593 Καταπλήττεταιδὴ
1711 517 1805 574 οὖν

225 613 328 683 τῆς
355 611 700 680 ἀποπληξίας
716 612 778 664 τὸ
801 611 1050 681 μέγεθος,
1067 612 1288 665 καὶτῶν
1309 613 1524 666 ἀτόπων
1554 614 1808 684 ἐγχειρη-

239 706 429 768 μάτων
460 705 561 775 τὴν
591 704 918 776 ὑπερϐολήν.
968 703 1293 775 Ἐληλάκασι
1329 703 1437 774 γὰρ
1488 704 1624 773 πρὸς
1651 703 1812 756 τοῦτο

233 796 423 848 λοιπὸν
454 793 822 863 ἀνοσιότητος,
859 796 1041 864 φησιν,
1081 794 1157 857 ὡς
1199 794 1393 865 μανίαν
1431 796 1488 847 ἐν
1521 793 1656 863 οἴκῳ
1694 794 1810 846 Κυ-

235 888 355 958 ρίου
389 885 727 955 καταπτῆξαι,
773 887 1052 949 τουτέστι,
1105 884 1556 955 ψευδομαντείαν,
1605 885 1698 938 καὶ
1740 883 1810 939 τὰ

228 982 344 1041 τοῖς
379 978 549 1041 θείοις
583 979 767 1049 νόμοις
796 979 1222 1050 ἀπηγορευμένα
1257 980 1617 1051 πλημμελεῖν.
1650 976 1720 1034 Εὖ
1751 981 1808 1034 δὲ

230 1066 295 1138 δὴ
349 1067 537 1120 καὶτὸ
590 1085 608 1117 ι
644 1066 956 1137 κατέπηξαν
1014 1087 1030 1119 ι
1086 1068 1240 1139 φησί.
1289 1066 1364 1124 Οὐ
1401 1070 1508 1141 γὰρ
1536 1069 1807 1122 πέπαυται

227 1157 499 1227 τολμηθὲν
527 1156 777 1222 εἰσάπαξ,
796 1158 910 1210 ἀλλ’
927 1159 1085 1212 οἱονεὶ
1105 1160 1316 1231 πέπηγε
1341 1162 1434 1214 καὶ
1452 1161 1806 1233 ἐνεϐοθρεύθη

230 1248 418 1302 λοιπὸν
450 1249 549 1318 τῆς
576 1249 894 1313 δυσσεϐείας
935 1251 996 1304 τὸ
1043 1252 1250 1322 χρῆμαο
1282 1253 1342 1305 ού
1387 1253 1496 1324 γὰρ
1543 1253 1808 1323 κατέληξε

228 1339 624 1408 ψευδομάντεις
665 1341 804 1410 ἔχων
871 1342 964 1394 καὶ
1001 1342 1448 1413 ψευδοπροφήτας
1502 1345 1532 1396 6
1570 1341 1804 1415 Ἰσραήλ.

241 1429 464 1498 Ἐπειδὴ
523 1430 578 1482 δέ
627 1431 694 1483 τὰ
740 1430 919 1484 τοιάδε
968 1432 1402 1503 τετολμήκασιν,
1456 1434 1681 1496 εἰκότως
1731 1428 1806 1486 ὧν

228 1523 462 1591 ἔδρασαν
531 1521 898 1592 ἐξαιτούμενοι
956 1521 1143 1588 δίκας,
1205 1541 1224 1573 ι
1271 1521 1615 1592 Ἐφθάρησαν
1667 1522 1807 1576 κατὰ

228 1616 325 1678 τὰς
347 1613 569 1686 ἡμέρας
589 1615 682 1666 τοῦ
710 1614 920 1684 βουνοῦ.
943 1615 1295 1685 Μεμνήσεται
1322 1614 1438 1685 γὰρ
1465 1619 1563 1686 τῆς
1597 1615 1806 1678 ἀδικίας

230 1704 436 1769 αὐτῶν,
463 1704 560 1755 καὶ
591 1703 866 1772 ἐκδικήσει
905 1701 1080 1764 πάσας
1121 1702 1218 1764 τὰς
1252 1701 1524 1771 ἁμαρτίας
1547 1700 1743 1754 αὐτῶν.
1781 1718 1800 1750 ι

1911 519 2097 574 uitatis
2131 529 2234 574 tua:
2269 519 2349 572 °'?
2385 539 2403 570 ι
2443 518 2810 588 Maguitudine
2838 518 2998 588 igitur
3025 519 3274 573 amentiae
3303 527 3358 572 et
3391 532 3485 573 ne-

1910 610 2194 666 fandarum
2264 613 2601 667 molitionum
2679 612 3060 678 exsuperantia
3125 610 3482 678 obstupescit.

1910 702 2192 774 Progressi
2228 712 2354 758 sunt
2397 705 2541 757 enim
2588 702 2724 772 jam,
2772 703 2968 772 inquit,
3004 717 3067 756 eo
3092 702 3401 771 impietatis.
3426 710 3486 755 ut

1910 795 2174 850 insaniam
2213 797 2264 848 in
2301 795 2459 848 domo
2508 795 2598 848 Dei
2648 797 2952 859 deﬁxerint,
2997 795 3100 848 hoc
3133 804 3236 858 est,
3281 793 3480 847 falsum

1910 890 2223 943 vaticinium
2273 888 2689 954 divinarumque
2721 886 2895 955 legum
2928 887 3294 940 violationem.
3344 886 3483 951 Apte

1909 991 2170 1036 autemet
2205 980 2332 1042 illud
2373 979 2598 1044 dictum,
2650 997 2668 1029 ι
2733 979 3054 1032 deﬁxernnt.
3105 996 3123 1028 ι
3166 975 3324 1048 134
3365 976 3481 1030 Νοιι

1909 1074 2052 1130 enim
2089 1075 2243 1128 desiit
2275 1074 2531 1126 audacter
2562 1081 2831 1141 patratum
2868 1071 3054 1133 semel,
3091 1071 3183 1125 sed
3214 1071 3481 1137 quodam~

1911 1167 2070 1221 modo
2108 1166 2210 1219 lixa
2261 1175 2346 1219 est
2405 1178 2461 1219 et
2506 1165 2558 1217 in
2611 1163 2857 1218 scrobcm
2919 1164 3149 1232 impacta
3201 1163 3478 1230 impietas;

1909 1255 2033 1324 quia
2069 1271 2170 1309 non
2211 1257 2446 1309 cessavit
2491 1253 2662 1308 falsos
2703 1263 2850 1307 vates
2903 1261 2957 1306 et
2987 1252 3482 1322 pseudoprophetas

1910 1347 2110 1402 habere
2136 1346 2321 1402 Israel.
2359 1347 2494 1413 Quia
2531 1361 2658 1400 vero
2687 1346 2738 1399 in
2783 1345 2923 1399 hanc
2954 1344 3235 1398 audaciam
3286 1359 3482 1411 erupe-

1910 1445 2054 1500 runt,
2090 1437 2283 1490 merito
2314 1435 2575 1489 laetorum
2607 1448 2797 1503 ptenas
2825 1435 3024 1497 exacti,
3055 1451 3074 1486 ι
3098 1434 3333 1501 corrupti
3359 1443 3487 1486 sunt

1907 1531 2199 1584 secundum
2235 1530 2350 1583 dies
2384 1529 2556 1582 collis.
2590 1529 2985 1582 Recordabitur
3013 1527 3156 1582 enim
3185 1527 3487 1596 iniquitatis

1911 1620 2172 1687 ipsorum,
2202 1627 2254 1671 et
2289 1617 2572 1672 ulciscetur
2593 1619 2773 1671 omnia
2804 1628 3018 1687 peccata
3045 1633 3253 1672 eorum.
3281 1638 3298 1668 ι
3319 1617 3484 1684 Quid-

1911 1727 2033 1764 nam
2067 1720 2243 1763 autem
2277 1709 2369 1772 sit,
2406 1727 2425 1761 ι
2455 1710 2693 1778 corrupti
2725 1720 2850 1763 sunt
2884 1712 3180 1764 secundum
3215 1711 3327 1765 dies
3370 1709 3489 1764 col-

227 1796 341 1848 Καὶ
373 1795 428 1846 τί
465 1793 532 1864 δὴ
562 1792 719 1846 τοῦτό
773 1794 894 1846 ἐστι
943 1793 1025 1857 τὸ,
1085 1811 1102 1844 ι
1143 1793 1488 1864 Ἐφθάρησαν
1520 1794 1659 1845 κατὰ
1707 1792 1805 1856 τὰς

1919 1801 1996 1865 lis,
2043 1819 2060 1853 ι
2101 1816 2217 1870 age,
2256 1804 2442 1870 paucis
2478 1815 2855 1870 suggeramus.
2903 1801 3175 1870 Scriptum
3203 1813 3286 1856 est
3323 1802 3486 1871 quid-

231 1885 444 1953 ⁴ἡμέρας
472 1885 567 1936 τοῦ
602 1881 812 1953 βουνοῦ,
841 1902 859 1934 ι
891 1883 1047 1954 φέρε,
1080 1882 1166 1936 διὰ
1199 1883 1444 1955 βραχέων
1477 1882 1804 1954 ὑπομνήσω-

231 1992 352 2044 μεν.
388 1975 699 2045 Γέγραπταί
730 1993 784 2028 τι
816 1975 1054 2029 τοιοῦτον
1077 1977 1133 2028 ἐν
1153 1978 1218 2047 τῇ
1249 1975 1413 2045 βίϐλῳ
1437 1976 1543 2028 τῶν
1565 1974 1802 2046 Κριτῶν,

230 2065 570 2134 ἐπιτομάδην
589 2066 644 2117 δὲ
676 2068 913 2131 ἅπασαν,
931 2067 1004 2130 ὡς
1030 2067 1129 2131 ἐνι,
1156 2068 1454 2138 ποιήσομαι
1474 2068 1571 2137 τὴν
1595 2067 1808 2138 ἀφήγη-

235 2172 336 2221 σιν,
399 2156 496 2206 καὶ
558 2155 902 2226 μακροτέραν
947 2153 1111 2209 οὖσαν
1169 2157 1428 2208 ωστελῶ.
1494 2175 1512 2207 ι
1564 2155 1654 2209 Ἐν
1686 2157 1806 2220 ταῖς

229 2247 468 2319 ἡμέραις
491 2248 746 2311 ἐκείναις,
773 2249 960 2320 φησιν,
989 2249 1089 2301 οὐκ
1109 2244 1175 2319 ῆν
1207 2247 1458 2318 βασιλεὺς
1479 2250 1538 2301 ἐν
1567 2246 1804 2318 Ἰσραὴλ,

237 2340 368 2410 ἀνὴρ
385 2339 448 2391 τὸ
464 2337 620 2401 εὑθές
636 2339 692 2390 ἐν
714 2339 1011 2409 ὀφθαλμοῖς
1040 2339 1204 2393 αὐτοῦ
1226 2339 1417 2392 ἐποίει.
1435 2340 1545 2392 Καὶ
1573 2339 1806 2410 ἐγενήθη

237 2430 448 2490 νεανίας
471 2430 538 2480 ἐκ
564 2429 828 2501 Βηθλεέμ,
847 2430 1018 2500 δήμου
1049 2429 1236 2494 Ἰούδα,
1273 2430 1364 2484 καὶ
1383 2430 1806 2501 αὐτὺςΛευῒτης,

239 2526 324 2580 καὶ
357 2518 517 2587 οὗτος
555 2523 804 2596 παρῴκει
857 2526 991 2578 ἐκεῖ.
1038 2525 1148 2578 Καὶ
1185 2524 1456 2597 ἐπορεύθη
1477 2525 1505 2576 6
1539 2524 1676 2595 ἀνὴρ
1702 2525 1810 2577 ἀπὸ

236 2615 484 2688 Βηθλεὲμ
539 2615 638 2686 τῆς
675 2615 882 2679 πόλεως
915 2614 1106 2682 Ἰούδα,
1164 2617 1499 2687 παροικῆσαι
1543 2618 1601 2668 ὲν
1653 2611 1698 2683 ᾧ
1745 2616 1811 2669 ἂν

235 2707 367 2779 εὕρῃ
392 2708 568 2777 τόπῳ.
599 2705 702 2759 Καὶ
751 2703 913 2777 ἦλθεν
947 2706 1050 2769 ἕως
1108 2707 1265 2778 ὄρους
1299 2705 1563 2777 Ἐφραῒμ,
1589 2708 1683 2759 καὶ
1708 2707 1813 2770 ἕως

229 2802 378 2854 οίκου
405 2798 667 2869 Μιχαίου,
703 2797 796 2852 τοῦ
855 2799 1080 2869 ποιῆσαι
1122 2799 1236 2852 ὁδὸν
1286 2799 1472 2852 αὐτοῦ.
1525 2799 1636 2852 Καὶ
1662 2794 1812 2852 εἶπεν

231 2891 382 2962 αύτῷ
407 2891 650 2960 Μιχαίας
674 2905 688 2918 ⁶
720 2889 892 2942 Πόθεν
930 2891 1099 2961 ἓρχῃς
1141 2892 1251 2944 Καὶ
1303 2887 1425 2944 εἷπε
1487 2891 1624 2962 πρὸς
1655 2891 1814 2945 αὑτὸν

233 2986 506 3054 Λευῖτης·
549 2981 688 3050 Ἐγώ
733 2983 846 3050 εἰμι
894 2982 1003 3035 ἀπὸ
1053 2981 1299 3053 Βηθλεὲμ
1345 2983 1532 3046 Ἰούδα,
1566 2984 1658 3037 καὶ
1705 2982 1816 3052 ἐγὼ

234 3076 547 3146 πορεύομαι
566 3075 892 3144 κατοικῆσαι
921 3077 976 3128 ἐν
1003 3067 1046 3142 ᾧ
1073 3075 1140 3129 ἂν
1161 3074 1305 3144 εὕρω
1333 3075 1500 3144 τόπῳ.
1532 3076 1639 3127 Καὶ
1663 3069 1814 3127 εἶπεν

1905 1893 2049 1964 piant
2091 1890 2394 1968 hujusmodi
2437 1893 2487 1945 in
2518 1893 2656 1947 libro
2688 1893 2967 1959 Iudicum;
3008 1903 3172 1946 totam
3218 1893 3486 1948 narratio-

1907 2001 2028 2040 nem
2051 2000 2214 2055 quam
2254 1994 2442 2052 pmero
2490 1985 2810 2040 brevissime
2850 1985 3227 2053 perstringam,
3269 1993 3323 2036 et
3369 1982 3486 2036 Ion-

1906 2075 2108 2144 giorem
2140 2074 2192 2128 in
2224 2089 2390 2144 pauca
2419 2074 2719 2128 conferam.
2762 2093 2780 2125 ι
2823 2076 2877 2129 In
2908 2075 3095 2128 diebus
3127 2075 3257 2137 illis,
3288 2075 3486 2143 inquit.

1909 2182 2014 2221 non
2045 2174 2163 2220 erat
2193 2180 2286 2219 rex
2321 2166 2373 2220 in
2405 2165 2589 2232 Israel,
2620 2176 2670 2220 et
2696 2168 2924 2236 quisque
2949 2167 3091 2236 quod
3131 2176 3338 2220 rectum
3365 2175 3490 2221 erat

1909 2256 1964 2310 in
1993 2255 2166 2310 oculis
2197 2256 2329 2320 suis,
2379 2255 2628 2311 faciebat.
2679 2256 2745 2310 Et
2777 2257 2877 2309 fuit
2912 2255 3123 2324 juvenis
3169 2256 3219 2309 in
3268 2255 3491 2310 Bethle-

1908 2347 2051 2411 hem,
2083 2347 2254 2402 tribus
2285 2347 2440 2410 Juda,
2472 2355 2525 2402 et
2565 2348 2682 2416 ipse
2721 2347 2954 2413 Levites,
2991 2356 3045 2401 et
3081 2348 3167 2401 hic
3213 2347 3492 2404 habitabat

1911 2439 2005 2492 ibi.
2045 2437 2112 2492 Et
2145 2441 2276 2493 abiit
2305 2440 2388 2493 vir
2421 2439 2509 2494 ille
2544 2455 2572 2493 a
2618 2439 2931 2494 Bethlehcm
2973 2439 3192 2494 civitate
3227 2439 3360 2493 Juda
3394 2441 3492 2493 lia-

1913 2529 2084 2583 bitare
2117 2531 2168 2583 in
2200 2529 2317 2583 loco
2344 2545 2505 2598 quem
2551 2531 2868 2591 invenisset.
2915 2542 2969 2584 et
3015 2531 3164 2584 venit
3209 2546 3378 2598 usque
3423 2530 3492 2584 ad

1914 2631 2150 2674 montem
2187 2621 2462 2688 prraim,
2499 2629 2554 2674 et
2585 2636 2754 2688 usque
2785 2623 2851 2674 ad
2897 2621 3114 2674 domum
3170 2620 3384 2683 Midiae,
3433 2631 3493 2672 ιιι

1915 2709 2120 2765 faceret
2149 2711 2251 2765 iter
2285 2726 2465 2786 suum.
2501 2710 2566 2764 Et
2603 2713 2738 2766 dixit
2765 2713 2812 2766 ei
2852 2711 3024 2765 Micha
3054 2729 3067 2764 :
3103 2709 3258 2764 Unde
3307 2711 3498 2764 venis?

1913 2801 1981 2855 Et
2018 2801 2293 2871 respondit
2319 2800 2534 2855 Levites
2573 2819 2586 2854 :
2623 2801 2731 2866 Ego
2755 2815 2876 2854 sum
2903 2803 2966 2855 de
3001 2800 3309 2854 Bcthlehem
3332 2797 3493 2864 Juda,

1913 2903 1969 2947 et
1991 2908 2089 2957 ego
2110 2893 2250 2945 vado
2278 2893 2525 2946 habitare
2547 2892 2598 2945 in
2623 2893 2739 2947 loco
2761 2909 2920 2964 quem
2959 2894 3236 2947 invenero.
3276 2892 3340 2945 Et
3361 2893 3498 2946 dixit

1916 2986 1965 3040 ei
1998 2985 2174 3039 Micba
2209 3004 2222 3039 :
2264 2985 2406 3039 Sede
2435 3001 2666 3050 mecum,
2704 2995 2757 3039 et
2781 2995 2900 3040 esto
2933 2986 3063 3038 mihi
3094 2985 3144 3037 iu
3188 2991 3417 3052 patrem,
3442 2993 3498 3036 et

1923 3079 1974 3132 in
1999 3079 2363 3144 sacerdotem,
2393 3086 2447 3132 et
2469 3093 2570 3147 ego
2601 3079 2740 3133 dabo
2765 3079 2857 3132 tibi
2894 3080 3078 3135 decem
3119 3089 3408 3145 argenteos
3442 3077 3498 3132 iu

234 3171 386 3240 αὑτῷ
426 3169 669 3238 Μιχαίας
693 3184 707 3198 ο
740 3165 924 3220 Κάθου
959 3169 1074 3237 μετ’
1100 3165 1260 3236 ἐμοῦ,
1307 3166 1401 3219 καὶ
1429 3168 1578 3234 γίνου
1610 3183 1698 3236 μοι
1737 3168 1816 3228 είς

1922 3172 2088 3235 diem,
2119 3183 2171 3226 et
2201 3170 2392 3224 stolam
2426 3172 2680 3232 vestium,
2717 3181 2771 3223 et
2808 3185 2927 3240 qua:
2979 3171 3045 3224 ad
3099 3171 3296 3224 victum
3346 3180 3498 3223 tnum

239 3262 455 3332 πατέρα
485 3261 581 3312 καὶ
606 3260 685 3320 εἰς
714 3258 884 3329 ἱερέα·
924 3258 1019 3310 καὶ
1046 3255 1155 3325 ἐγὼ
1182 3255 1338 3308 δώσω
1369 3272 1451 3308 σοι
1495 3255 1628 3309 δέκα
1647 3257 1819 3328 ἀργυ-

233 3352 387 3421 ρίους
415 3351 497 3410 εἰς
537 3347 774 3417 ἡμέραν,
803 3347 896 3400 καὶ
937 3345 1128 3416 στολὴν
1166 3345 1418 3415 ἱματίων,
1449 3345 1542 3397 καὶ
1569 3344 1637 3397 τὰ
1684 3345 1818 3414 πρὸς

238 3442 386 3512 ζωήν
443 3457 558 3492 σου.
619 3440 728 3493 Καὶ
779 3437 1052 3509 ἐπορεύθη
1101 3439 1130 3490 6
1183 3439 1435 3507 Λευῖτης,
1485 3438 1577 3491 καὶ
1621 3436 1822 3508 ἤρξατο

237 3534 532 3602 παροικεῖν
577 3529 731 3599 παρὰ
777 3527 855 3598 τῷ
905 3527 1078 3598 ἀνδρί.
1136 3529 1246 3582 Καὶ
1290 3528 1522 3600 ἐγενήθη
1554 3529 1820 3594 ὀνεανίας

235 3622 366 3693 παρ’
392 3620 547 3691 αὐτῷ
576 3619 650 3684 ὡς
704 3614 785 3682 εἷς
817 3619 925 3673 ἀπὸ
972 3619 1101 3672 υἱῶν
1153 3618 1342 3673 αὐτοῦ.
1403 3620 1511 3672 Καὶ
1540 3621 1823 3691 ἐπλήρωσε

239 3714 484 3783 Μιχαίας
516 3712 616 3782 τὴν
654 3714 811 3783 χεῖρα
853 3709 946 3764 τοῦ
997 3711 1248 3777 Λευΐτου,
1274 3710 1367 3763 καὶ
1415 3711 1649 3782 ἐγενήθη
1675 3710 1823 3782 αύτῷ

239 3807 319 3869 είς
346 3805 520 3874 ἱερέα,
561 3803 655 3856 καὶ
682 3802 901 3870 ἐγένετο
931 3804 987 3854 ἐν
1015 3801 1148 3872 οἴκῳ
1171 3801 1430 3872 Μιχαίου.
1476 3822 1495 3854 ι
1527 3802 1823 3857 Είδωλολά-

240 3913 380 3967 τρης
415 3896 512 3965 μὲν
539 3890 632 3948 οὖν
661 3897 690 3947 6
733 3893 994 3964 Μιχαίας,
1029 3893 1425 3965 κατεμισθοῦτό
1459 3911 1522 3963 γε
1579 3893 1686 3966 μὴν
1732 3895 1824 3949 τὸν

244 3988 305 4052 ἐξ
324 3988 559 4057 αἵματος
585 3986 680 4040 τοῦ
693 3987 846 4050 Λευῖ,
872 3988 964 4040 καὶ
991 3986 1329 4058 θεραπευτὴν
1349 3989 1522 4041 ἐποίει
1558 3987 1822 4056 γλυπτοῦ,

243 4081 340 4133 καὶ
373 4081 495 4142 ταῖς
525 4078 634 4132 τῶν
665 4078 900 4131 εἰδώλων
929 4077 1170 4132 ἀνετέθει
1197 4079 1429 4150 χρείαις.
1480 4081 1588 4133 Καὶ
1615 4080 1666 4133 τί
1689 4079 1827 4150 μετὰ

239 4170 407 4224 τοῦτο
459 4170 714 4239 γενέσθαι
774 4169 1154 4241 συμϐέϐηκεν;
1216 4173 1360 4242 Ἔφη
1423 4171 1586 4225 πάλιν
1633 4172 1730 4225 ώδὶ
1765 4173 1827 4224 τὸ

243 4263 284 4315 Γ
292 4263 492 4333 ρὰμμα
547 4261 608 4313 τὸ
642 4261 802 4332 ἱερόν·
847 4279 864 4311 ι
891 4263 996 4314 Καὶ
1016 4265 1073 4316 ἐν
1103 4265 1224 4326 ταῖς
1252 4263 1488 4335 ἡμέραις
1524 4264 1757 4327 ἐκείναις
1790 4267 1822 4334 ἠ

246 4355 390 4426 φυλὴ
417 4354 531 4407 Δὰν
563 4354 743 4424 ἐζήτει
772 4355 909 4425 αὐτῇ
942 4354 1306 4426 κληρονομίαν
1331 4353 1425 4408 τοῦ
1468 4355 1824 4425 κατοικῆσαι,

1922 3263 2209 3330 pertinent.
2235 3263 2302 3314 Et
2337 3263 2469 3314 abiit
2499 3259 2739 3325 Levites.
2766 3273 2819 3315 et
2847 3263 3045 3331 incepit
3082 3261 3328 3314 habitare
3359 3259 3497 3326 apud

1920 3355 2115 3408 virum.
2140 3354 2206 3407 Et
2235 3353 2337 3406 fuit
2365 3353 2683 3408 adolescens
2710 3353 2849 3420 apud
2875 3353 3046 3417 illum,
3079 3361 3137 3405 ut
3163 3367 3301 3405 unus
3335 3350 3404 3404 de
3437 3350 3500 3403 ll-

1921 3444 2010 3499 liis
2045 3443 2183 3510 ejus.
2222 3443 2284 3496 Et
2316 3444 2559 3512 implevit
2589 3441 2763 3496 Micha
2800 3456 3019 3493 manum
3049 3439 3274 3505 Levitae,
3300 3449 3355 3492 et
3399 3439 3502 3494 fuit

1921 3537 1969 3590 ei
1996 3534 2049 3590 in
2080 3534 2438 3594 sacerdotem,
2471 3541 2524 3586 et
2556 3531 2656 3585 luit
2685 3531 2737 3585 in
2771 3531 2929 3585 domo
2955 3530 3142 3585 Miclne
3175 3531 3239 3584 θ’.
3273 3550 3291 3583 ι
3327 3531 3502 3586 Idolo-

1925 3625 2060 3678 latra
2111 3625 2272 3694 igitur
2316 3623 2417 3676 fuit
2448 3622 2678 3687 Micltas,
2737 3623 2988 3677 mercede
3040 3623 3390 3678 nihilominus
3434 3624 3503 3678 de

1924 3717 2188 3785 sanguine
2215 3715 2344 3770 Levi
2395 3726 2749 3786 propagatura
2805 3716 3082 3780 conduxit,
3135 3726 3191 3771 et
3238 3715 3501 3771 cultorem

1923 3809 2055 3866 fecit
2095 3809 2378 3878 sculptilis,
2415 3809 2796 3880 idolorumque
2838 3809 3026 3865 usibus
3054 3824 3177 3863 eum
3210 3809 3500 3884 dedicavit.

1925 3901 2063 3968 Quid
2097 3899 2320 3970 postea?
2342 3898 2540 3953 Narrat
2574 3915 2786 3954 rursum
2808 3897 3083 3966 Scriptura
3108 3913 3259 3953 sacra
3281 3897 3334 3951 in
3359 3897 3505 3951 hunc

1927 3997 2142 4049 modum
2173 4011 2186 4047 :
2223 3992 2319 4048 «Et
2347 3991 2398 4044 in
2430 3992 2620 4046 diebus
2650 3991 2947 4046 illistribns
2970 3989 3079 4043 Dan
3101 3991 3377 4059 quierebat
3397 3989 3500 4042 sibi

1927 4085 2322 4155 possessionem
2353 4084 2422 4137 ad
2454 4082 2830 4148 habitandum,
2873 4067 3127 4149 quoniam
3162 4097 3267 4135 non
3308 4079 3506 4134 cecidit

1928 4176 2000 4232 illi
2029 4173 2197 4244 usque
2226 4175 2292 4228 ad
2326 4175 2466 4228 diem
2509 4172 2658 4226 illum
2705 4173 2759 4225 in
2814 4172 2992 4225 medio
3047 4172 3282 4224 tribuum
3339 4169 3502 4225 Israel

1928 4265 2220 4336 possessio.
2254 4263 2455 4319 Deinde
2484 4262 2721 4331 quinque
2765 4261 2986 4316 delectis
3028 4270 3088 4315 ut
3136 4261 3506 4330 praecederent

1929 4363 2331 4426 persuaserunt,
2357 4362 2414 4408 et
2453 4351 2799 4421 explorarent
2842 4359 3060 4415 terram,
3104 4365 3266 4420 quam
3297 4349 3507 4418 possint

239 4448 327 4500 ὅτι
368 4447 474 4499 οὐκ
528 4445 784 4497 ἐνέπεσεν
828 4446 966 4516 αὐτῇ
1001 4446 1105 4508 ἕως
1150 4447 1249 4516 τῆς
1280 4445 1490 4516 ἡμέρας
1519 4446 1735 4518 ἐκείνης
1769 4448 1816 4499 ἐν

1930 4463 2212 4518 occupare,
2244 4462 2298 4502 et
2330 4448 2381 4501 in
2427 4455 2630 4500 sortem
2664 4459 2814 4500 suam
2859 4455 3194 4498 convertere.
3228 4441 3306 4496 llli
3341 4455 3503 4496 vene-
3592 4483 3594 4485 .

246 4536 400 4608 μέσῳ
433 4535 614 4603 φυλῶν
662 4536 875 4607 Ἰσραὴλ
929 4535 1280 4607 κληρονομίαι
1326 4533 1456 4589 Εἶτα
1488 4537 1648 4590 πέντε
1676 4538 1829 4604 τινὰς

243 4626 655 4695 ἐπιλεξάμενοι,
686 4627 1028 4698 προϐαδίξειν
1089 4628 1297 4681 ἑαυτῶν
1327 4630 1701 4695 ἀναπείθουσι,
1733 4631 1828 4683 καὶ

246 4723 654 4790 κατερευνῆσαι
707 4719 806 4790 τὴν
833 4721 938 4789 γῆν
983 4721 1050 4790 ῆν
1097 4721 1163 4774 ἂν
1215 4721 1461 4774 δύναιντο
1491 4721 1699 4786 λαϐεῖν,
1731 4721 1826 4774 καὶ

247 4808 452 4857 οἰκεῖον
479 4806 754 4858 ποιεῖσθαι
782 4806 1001 4878 κλῆρον.
1036 4810 1096 4862 Oi
1122 4808 1177 4862 δέ
1203 4809 1484 4878 ἀφίκοντο,
1517 4810 1702 4881 φησιν,
1721 4810 1825 4872 ἕως

246 4898 414 4967 ὅρους
453 4899 709 4971 Ἐφραὶμ,
746 4901 848 4965 ἓως
875 4904 1026 4955 οἴκου
1070 4904 1328 4973 Μιχαίου,
1364 4903 1460 4958 καὶ
1493 4903 1824 4975 ηὐλίσθησαν

250 4993 389 5056 ἐκεῖ,
427 4994 521 5045 καὶ
548 4992 640 5046 τὸν
661 4994 892 5064 Λευῖτην
931 4993 1402 5062 ἐπιγινώσκουσιν,
1425 4997 1501 5061 ὼς
1555 4998 1789 5066 ὁμογενῆ
1818 5037 1834 5063 ,

251 5082 343 5135 διὰ
366 5101 449 5134 τοι
486 5083 548 5136 τὸ
577 5084 791 5155 γλώττῃ
826 5086 1061 5156 χρῆσθαι
1092 5089 1158 5157 τῇ
1188 5089 1307 5141 κατ’
1335 5089 1524 5159 αὐτῆς
1565 5088 1837 5159 Ἑϐραίοις

255 5172 365 5241 γὰρ
407 5167 582 5236 οὖσιν,
631 5173 706 5235 ὡς
749 5173 999 5243 Ἑϐραῖος
1064 5175 1264 5230 ἐλάλει.
1329 5177 1606 5247 Ἐρόμενοι
1642 5175 1699 5229 δὲ
1736 5174 1834 5246 τὴν

251 5265 458 5327 αἰτίαν,
485 5264 579 5316 καὶ
609 5264 1002 5335 ἀναμαθύντες,
1063 5268 1213 5332 ὅπως
1266 5271 1330 5323 ἐκ
1360 5271 1530 5342 φυλῆς
1552 5271 1679 5325 ὅντα
1702 5268 1836 5324 Λευῒ

253 5373 387 5409 κατε
399 5356 658 5427 μισθοῦτο
692 5358 790 5428 μὲν
811 5361 840 5412 6
868 5360 1130 5430 Μιχαίας,
1189 5363 1470 5434 ίερουργδν
1491 5363 1546 5417 δὲ
1581 5364 1686 5417 τῶν
1707 5366 1834 5418 ἐαυ-

251 5447 353 5502 τοῦ
395 5451 816 5520 κεχειροτόνηκε
851 5452 1244 5524 σεϐασμάτων,
1307 5456 1636 5526 συναλγῆσαι
1682 5456 1833 5519 δέον,

253 5542 334 5605 ὡς
383 5542 758 5614 αἰχμαλώτῳ,
805 5546 900 5597 κα)⁸
945 5546 1303 5617 ⁴ίιπατημένῳ,
1346 5549 1436 5600 καὶ
1483 5547 1833 5620 ἀλητεύοντι,

337 5721 381 5755 ⁶¹
413 5720 524 5777 Jer.
552 5738 636 5790 ιιι,
668 5723 723 5780 4.
802 5724 846 5757 ⁸³
871 5722 1046 5780 Judic.
1080 5740 1214 5793 xvtt,
1247 5725 1403 5778 6-15.

1935 4553 2058 4597 runt
2087 4555 2257 4610 usque
2295 4541 2361 4594 ad
2390 4548 2626 4593 montem
2657 4537 2935 4602 Ephraim,
2970 4537 3020 4590 in
3048 4537 3262 4591 tlomum
3296 4533 3506 4596 Michtr,

1930 4645 1984 4690 et
2014 4634 2396 4702 requievernnt
2421 4629 2514 4696 ibi,
2543 4636 2600 4683 et
2622 4628 2864 4683 Levitam
2885 4636 2941 4680 ut
2965 4635 3250 4696 cognatum
3275 4639 3508 4693 aguove-
3602 4654 3605 4657 ι

1931 4737 2077 4789 runt,
2107 4724 2246 4794 quod
2277 4738 2465 4778 eorum
2499 4721 2674 4789 lingua
2713 4727 2970 4774 uteretur.
3007 4716 3246 4771 Hebraeis
3277 4715 3418 4768 enim
3449 4724 3509 4768 ut

1928 4816 2190 4872 Hebraeus
2243 4815 2579 4883 loquebatur.
2641 4811 2947 4866 Percontati
2986 4809 3146 4876 igitur
3179 4820 3419 4869 causam,
3457 4815 3511 4860 et

1927 4909 2143 4978 cognito
2173 4907 2440 4974 quomodo
2474 4920 2539 4957 ex
2584 4903 2723 4957 tribu
2757 4901 2881 4955 Levi
2902 4909 3089 4964 natus,
3115 4914 3143 4951 a
3174 4896 3346 4950 Micha
3375 4911 3508 4951 con-

1936 5001 2130 5054 ductus
2157 5007 2321 5060 esset,
2352 5007 2406 5051 et
2439 4996 2506 5048 ab
2530 5009 2594 5049 eo
2627 4993 2905 5049 sacriﬁcus
2957 4989 3218 5044 ido!orum
3256 4988 3374 5059 ejus
3424 4989 3510 5043 in-

1939 5091 2179 5151 stitutus,
2223 5103 2346 5142 cum
2377 5083 2627 5139 miserari
2678 5092 2734 5134 nt
2769 5082 3063 5149 captivum,
3099 5087 3155 5135 et
3203 5080 3508 5150 deceptum,

1941 5191 1996 5236 et
2027 5177 2595 5258 erronemxdeberent,
2649 5173 2804 5246 135
2855 5172 3142 5229 confestim
3194 5172 3247 5228 in
3296 5173 3512 5227 eosdem

1942 5253 2530 5339 deceptionislaqueos
2587 5267 2909 5333 inciderunt,
2965 5273 3017 5320 et
3071 5280 3194 5319 eum
3236 5279 3303 5318 cx
3356 5262 3514 5316 idolis

1944 5361 2280 5416 sciscitatum
2317 5359 2418 5413 sibi
2454 5357 2659 5412 referre
2687 5356 3042 5424 postularunt,
3076 5357 3119 5410 si
3155 5356 3236 5410 eis
3283 5369 3348 5408 ex
3392 5367 3517 5406 seu-

1947 5455 2111 5509 tentia
2155 5461 2390 5522 coeptum
2433 5459 2575 5507 esset
2629 5464 3026 5520 processurum,
3080 5459 3138 5502 ut
3185 5447 3511 5506 obtinerent,

1944 5548 2186 5619 inquam,
2219 5545 2511 5616 regionem,
2539 5560 2700 5618 quam
2733 5543 3068 5619 exploratum
3089 5535 3395 5597 veniebant.
3420 5531 3512 5594 Ille
