3898 6212
462 236 558 290 29.7

1477 227 1539 289 S.
1583 227 1856 284 CYRILLI
1899 223 2370 281 ALEXANDRINI
2408 221 2726 279 ABCllIEP.

3609 221 3726 276 €28

458 347 598 420 quod
629 346 864 412 lubebat,
889 352 1145 414 tanquam
1173 357 1201 396 a
1251 342 1358 398 Deo
1402 359 1719 415 responsum
1747 345 2031 402 referebat.

2148 339 2589 411 συγκατώλισθον
2619 336 2781 403 εὐθὺς
2807 340 2886 403 είς
2915 339 3039 398 τοὺς
3061 339 3157 410 τῆς
3185 338 3401 411 ἀπάτης
3447 337 3680 410 βρόχους
3703 379 3726 406 ,

459 439 814 496 Considerata
865 437 1032 506 igitur
1062 442 1229 501 terra,
1262 434 1420 502 legati
1462 437 1843 493 renuntiarunt
1873 440 1960 508 iis,
2008 457 2040 496 a

461 533 658 602 quibus
687 530 838 584 missi
877 537 1054 593 erant,
1087 527 1283 582 bonam
1317 535 1370 581 et
1400 528 1650 597 pinguem
1673 544 1816 598 esse,
1848 547 1947 587 nec
1966 534 2042 588 ci-

459 634 540 676 tra
572 622 824 676 sudorem
859 635 1020 689 posse
1054 619 1224 687 redigi
1265 619 1318 674 in
1349 629 1686 689 potestatem.
1719 621 1814 677 His
1836 637 2041 680 sermo-

456 713 617 768 nibus
663 713 888 777 auditis,
939 711 1163 766 tribules
1209 709 1348 775 Dan,
1385 712 1626 766 sexcenti
1674 728 1920 781 numero,
1953 731 2041 771 ar-

459 805 590 858 mati
625 805 1006 859 ascenderunt.
1034 801 1316 860 Venerunt
1359 813 1536 860 autem
1584 813 1638 859 et
1675 807 1778 876 ipsi
1813 807 1865 860 in
1898 808 2040 861 mdes

459 892 676 949 Michze.
712 895 776 948 Et
825 893 1256 963 responderunt,
1301 894 1508 964 inquit,
1561 895 1632 950 illi
1673 898 1910 965 quinque
1937 897 2044 952 viri

456 986 546 1054 qui
583 985 1254 1040 abierantconsideratum
1291 995 1486 1041 terram
1507 987 1684 1051 Laisa,
1708 999 1762 1042 et
1787 989 2041 1042 dixerunt

455 1075 713 1129 fratribus
738 1076 852 1130 suis
881 1091 896 1128 :
931 1074 1142 1129 Scitote
1167 1077 1309 1144 quod
1336 1077 1389 1129 in
1418 1077 1575 1130 domo
1606 1077 1704 1130 ista
1722 1087 1804 1130 est
1828 1077 2037 1146 Ephod,

454 1176 508 1219 et
540 1165 898 1235 Theraphim,
947 1176 1000 1219 et
1034 1165 1304 1232 sculptile,
1350 1175 1406 1219 et
1447 1165 1737 1220 conflatilc.
1785 1165 1849 1219 Et
1897 1181 2040 1222 nunc

455 1256 652 1310 scit0te
689 1257 818 1325 quid
859 1253 1316 1324 facietisuEphod
1357 1255 1518 1323 igitur
1558 1265 1716 1308 sonat
1766 1254 2034 1318 liberalia,

456 1347 784 1415 Theraphitn
818 1346 1079 1409 remissio,
1107 1356 1200 1399 aut
1224 1363 1419 1399 sanans
1439 1346 1600 1413 ipsos.
1638 1344 1840 1399 Idolum
1890 1346 2033 1400 enim

456 1433 643 1487 falsam
679 1435 990 1503 opinionem
1024 1434 1278 1498 habebat,
1326 1434 1484 1504 quasi
1535 1448 1727 1488 sanare
1771 1434 2030 1503 quosdam

456 1535 656 1593 posset.
686 1523 858 1580 Graeci
905 1525 1048 1579 enim
1097 1524 1404 1594 huiusmodi
1442 1526 1508 1578 de
1535 1525 1852 1594 quibusdam
1891 1524 2031 1579 scul-

457 1620 676 1689 ptilibus
707 1616 1362 1674 comminiscunturulloc
1391 1632 1516 1670 cum
1565 1616 1880 1671 didicissent
1930 1616 2030 1669 tri-

2142 433 2235 485 καὶ
2275 431 2560 503 ἀγορεύειν
2584 432 2746 484 αὑτὸν
2781 431 2985 501 ὴξίουν,
3017 431 3379 502 ἐπερωτῶντα
3407 431 3467 484 τὸ
3497 429 3725 484 εἴδωλον

2141 526 2190 576 εί
2223 525 2364 578 κατά
2389 522 2616 594 γνώμην
2650 522 2833 584 αὑτοῖς
2866 521 3158 592 ἐκϐήσεται
3190 522 3251 573 τὸ
3269 521 3611 591 ἐγχείρημα,
3656 519 3726 572 τὸ

2141 613 2436 684 κρατῆσαι,
2488 611 2651 681 φημὶ,
2697 611 2796 680 τῆς
2850 610 3056 680 χώρας,
3119 611 3185 680 ἣν
3245 609 3507 678 ἀφίκοντο
3580 626 3723 662 κατ-

2141 703 2491 773 αθρήσοντες.
2509 701 2568 754 Ὀ
2599 701 2657 754 δὲ
2683 700 2742 754 τὸ
2755 699 2942 753 δοκοῦν
2963 699 3258 770 λελάληκεν
3281 700 3355 762 ὼς
3378 701 3530 771 παρά
3556 698 3723 752 Θεοῦ.

2141 793 2636 863 Κατασκεψάμενοι
2687 791 2744 846 δὲ
2773 792 2872 862 τὴν
2904 793 3006 863 γῆν
3041 794 3090 844 οἱ
3125 792 3556 862 ἀπεσταλμένοι,
3601 796 3727 854 τοῖς

2141 885 2488 954 πεπομφόσιν
2515 883 2879 955 ἀπήγγελλον,
2903 884 2979 947 ὼς
3007 883 3186 954 ἀγαθὴ
3209 885 3300 937 καὶ
3325 884 3482 946 πίων,
3522 885 3615 938 καὶ
3655 885 3723 936 οὑ

2143 978 2240 1032 σὺν
2263 979 2450 1050 ἱδρῶτι
2483 978 2684 1050 ληπτή.
2717 977 2934 1048 Ἐπειδὴ
2964 977 3020 1030 δὲ
3045 977 3153 1029 τῶν
3173 976 3427 1030 τοιούτων
3454 976 3728 1030 ἐπύθοντο

2139 1070 2332 1136 λόγων,
2355 1073 2403 1124 οἱ
2423 1072 2532 1125 ἀπὸ
2563 1071 2736 1140 φυλῆς
2770 1069 2864 1122 τοῦ
2895 1070 3021 1134 Δάν,
3058 1069 3328 1134 ἑξακόσιοι
3348 1069 3438 1121 τὸν
3461 1069 3724 1140 ἀριθμόν,

2139 1156 2404 1221 ἐνόπλοις
2453 1157 2606 1221 ὄντες
2653 1157 2954 1212 ἀνέϐαινον.
2984 1158 3293 1226 -Ἃφίκοντο
3337 1157 3392 1212 δὲ
3436 1157 3526 1211 καὶ
3562 1159 3728 1212 αὑτοὶ

2142 1246 2332 1318 μέχρις
2363 1249 2513 1302 οἴκου
2543 1249 2800 1319 Μιχαίου.
2851 1249 2963 1302 Καὶ
2997 1249 3394 1320 ἀπεκρίθησαν,
3443 1251 3630 1320 φησιν,
3668 1252 3722 1302 οἱ

2139 1338 2298 1392 πέντε
2354 1340 2564 1411 ἄνδρες,
2603 1342 2653 1394 οί
2710 1341 3064 1412 πορευθέντες
3116 1340 3561 1410 κατασκέψασθαι
3617 1341 3722 1412 τὴν

2138 1431 2240 1500 γῆν
2269 1429 2464 1495 Λαῖσά,
2512 1431 2605 1484 καὶ
2638 1428 2792 1484 εἷπον
2831 1432 2967 1503 πρὸς
3016 1433 3142 1494 τοὺς
3203 1431 3462 1502 ἀδελφοὺς
3511 1432 3718 1486 αὐτῶν.

2143 1522 2407 1590 Ἐγνωτε,
2459 1523 2539 1576 ὅτι
2591 1523 2738 1576 ἐστιν
2771 1526 2828 1577 ὲν
2883 1523 2961 1594 τῷ
2990 1525 3122 1594 οἴκῳ
3157 1523 3328 1594 τούτῳ
3393 1523 3589 1593 Ἐφὼδ,
3620 1526 3720 1578 καὶ

2136 1612 2412 1686 Θεραφὶμ,
2434 1614 2529 1667 καὶ
2560 1614 2819 1683 γλυπτὸν,
2851 1615 2944 1668 καὶ
2971 1614 3255 1686 χωνευτόν.
3283 1616 3393 1669 Καὶ
3416 1615 3508 1669 νῦν
3541 1619 3719 1684 γνῶτε

456 1711 606 1766 bnles
661 1711 797 1775 Dan,
842 1710 1030 1764 tollunt
1059 1709 1324 1777 sculptile,
1353 1719 1407 1763 et
1457 1707 1694 1762 Levitam
1747 1717 1809 1761 ut
1853 1706 2024 1762 Micba

2134 1701 2179 1755 τί
2209 1704 2588 1774 ποιήσετε.ιΤὺ
2613 1704 2712 1774 μὲν
2733 1701 2826 1758 οὖν
2870 1703 3046 1774 Ἐφὼδ
3085 1705 3448 1775 ἑρμηνεύεται
3486 1706 3720 1776 λύτρω-

455 1801 714 1856 derelicto
754 1810 1014 1869 sequatur
1069 1808 1402 1866 permovent.
1432 1797 1719 1868 Congressi
1747 1808 1950 1862 autem,
1981 1807 2032 1852 et

456 1893 685 1947 victoria
736 1891 912 1962 potiti,
960 1899 1015 1945 et
1058 1890 1278 1959 regione
1319 1898 1604 1958 occupata,
1637 1889 1824 1942 urbem
1864 1888 2034 1942 τιξόὶίί-

453 1993 580 2039 cant
607 1983 868 2038 vocabulo
900 1982 1037 2050 Dan,
1070 1981 1228 2052 primi
1255 1981 1498 2051 parentis
1517 1981 1602 2035 sui
1633 1996 1824 2034 nomen
1855 1981 1904 2035 ei
1940 1981 2034 2035 de-

454 2083 739 2131 cernentes
773 2091 786 2128 :
822 2082 980 2128 erant
1019 2073 1198 2138 enim,
1236 2081 1291 2127 ut
1333 2072 1467 2136 dixi,
1507 2072 1574 2126 de
1613 2071 1757 2125 tribu
1805 2079 1860 2126 et
1905 2087 2031 2126 san-

453 2165 615 2237 guine
643 2165 778 2218 Dan.
815 2163 1093 2219 Collocato
1118 2173 1296 2217 autem
1342 2163 1416 2216 ibi
1451 2172 1506 2216 et
1541 2161 1703 2226 idolo,
1754 2161 2031 2215 sacrifica-

453 2256 584 2310 bant
610 2256 806 2318 cidem,
839 2262 892 2307 et
918 2267 1041 2308 cum
1069 2262 1214 2307 terra
1243 2251 1401 2306 deum
1420 2265 1634 2320 quoque
1651 2250 2026 2321 possidebant:

454 2354 600 2399 tanta
647 2345 745 2398 fuit
794 2346 1028 2414 ipsorum
1081 2345 1328 2399 vecordia
1373 2343 1471 2397 ⁸³.»
1527 2342 1677 2396 Hanc
1705 2343 1775 2397 ob
1805 2356 2027 2396 causam

453 2445 638 2508 postea
669 2436 840 2491 iratus
861 2445 945 2490 est
970 2436 1132 2500 Deus,
1163 2444 1217 2490 et
1246 2435 1579 2504 aequissime,
1616 2444 1671 2488 ut
1695 2433 1909 2500 indigne
1935 2434 2030 2487 ha-

455 2527 620 2582 bitus.
654 2525 789 2580 Cum
822 2535 1000 2580 autem
1028 2539 1190 2580 omne
1229 2539 1423 2579 nomen
1456 2523 1670 2578 lsraelis
1699 2523 1817 2577 loco
1845 2522 2029 2577 inimi-

454 2633 639 2673 corum
698 2618 1296 2686 infensissimorumque
1338 2616 1581 2671 hostium
1639 2615 1863 2670 tribules
1916 2615 2029 2669 Dan

453 2710 674 2771 ducere.
704 2718 759 2764 et
789 2710 1041 2764 admissa:
1088 2708 1142 2762 in
1193 2707 1361 2762 Deum
1418 2707 1709 2776 impietatis
1766 2707 2028 2762 rationem

452 2816 546 2857 eos
590 2817 814 2870 poscere
858 2809 1153 2869 oporteret,
1205 2800 1368 2854 etiam
1422 2799 1653 2854 fortasse
1706 2800 1774 2854 iis
1819 2801 2028 2854 assensi

463 2904 611 2957 sunt,
639 2903 694 2947 et
725 2893 1019 2948 laudandos
1048 2899 1396 2956 censuerunt,
1443 2901 1501 2944 ut
1553 2893 1643 2960 qui
1692 2891 1822 2944 nihil
1873 2891 2030 2959 plane

453 2981 824 3051 deliquissent.
865 2981 980 3035 Jam
1009 2995 1138 3036 vero
1169 2997 1289 3050 qua:
1324 2980 1482 3049 hujus
1514 2980 1735 3048 ignavia:
1762 2980 2025 3049 stipendia

453 3073 785 3142 acceperint,
821 3087 919 3142 age
952 3083 1459 3136 commemoremus.
1505 3067 1662 3122 Nullo
1692 3067 1866 3122 adhuc
1903 3083 2028 3138 rege

453 3163 685 3232 lsraelis,
735 3165 820 3217 vir
872 3164 1090 3233 quidam
1150 3161 1386 3226 Levites,
1448 3159 1698 3215 habitans
1751 3163 1804 3215 in
1860 3159 2029 3216 latere

452 3256 651 3310 montis
693 3254 972 3323 Ephraim,
1022 3267 1244 3307 uxorem
1297 3249 1763 3306 Bethleemitidcm
1851 3251 2026 3306 duxit.

455 3346 584 3415 Quae
609 3361 731 3402 cum
769 3346 993 3416 fugisset
1041 3344 1109 3399 ad
1157 3351 1364 3414 patrem
1415 3357 1593 3406 suum,
1644 3352 1863 3399 secutus
1908 3357 2028 3398 ean:

453 3439 702 3504 maritus,
735 3438 1021 3508 persuasit,
1064 3445 1122 3490 ut
1156 3451 1336 3492 secum
1391 3437 1566 3491 redire
1611 3450 1674 3491 ac
1711 3436 1777 3491 de
1833 3446 2030 3492 caetero

452 3531 765 3587 cohabitare
796 3529 974 3585 vellet.
1012 3529 1130 3596 Quo
1163 3528 1327 3595 facto,
1377 3528 1430 3582 in
1462 3529 1638 3583 medio
1680 3528 1875 3584 itinere
1905 3544 2026 3583 cum

452 3638 515 3676 ca
546 3621 599 3675 in
630 3621 814 3676 Gabaa
843 3623 1118 3690 Oppidum,
1157 3620 1300 3688 quod
1344 3619 1769 3691 interpretantur
1821 3620 2025 3688 collem,

453 3711 690 3766 divertit.
715 3709 932 3777 Gabaze,
963 3711 1075 3766 sive
1099 3710 1253 3764 collis
1284 3711 1472 3765 incola:
1500 3721 1656 3767 erant
1684 3710 2026 3783 Benjamitac.

460 3802 621 3874 136
647 3800 714 3856 lis
739 3803 879 3871 apud
907 3817 1090 3856 senem
1134 3801 1418 3870 quemdam
1455 3801 1874 3869 diversantibus,
1926 3819 2028 3859 no-

456 3904 540 3948 cte
569 3894 742 3947 media
776 3893 1054 3948 venientes
1088 3890 1332 3948 nonnulli
1381 3893 1526 3948 cives
1555 3893 1892 3964 Benjamitae,
1933 3896 2030 3950 ho-

454 3987 626 4040 mines
655 3984 914 4055 improbi,
964 3993 1024 4039 ut
1073 3985 1334 4055 scriptum
1383 3994 1505 4052 est,
1562 3984 1744 4040 Levita
1804 3996 1857 4042 et
1908 3987 2029 4043 aliis

453 4075 598 4130 abuti
630 4076 696 4130 ad
725 4073 1001 4129 libidinem
1037 4073 1340 4128 voluerunt.
1375 4072 1472 4128 Vix
1519 4072 1736 4128 tandem
1769 4089 1828 4129 re
1862 4075 2030 4130 scele-

452 4169 689 4224 stissima
755 4168 1007 4238 precibus
1065 4167 1390 4234 condonata,
1441 4168 1743 4239 corripiunt
1805 4184 2028 4225 uxorem

452 4261 588 4332 ejus,
621 4260 1100 4329 mulierculamque
1129 4274 1224 4330 per
1251 4268 1416 4315 totam
1451 4271 1662 4317 noctem
1699 4261 1911 4331 impura
1961 4261 2027 4314 li-

451 4353 633 4407 bidine
678 4361 926 4406 vexatam
977 4351 1112 4405 mori
1152 4362 1371 4422 cogunt.
1410 4352 1507 4407 Vir
1537 4367 1735 4420 corpus
1778 4351 2028 4406 exanime

452 4443 504 4498 in
544 4454 726 4514 partes
769 4443 1069 4507 concisum,
1113 4456 1208 4512 per
1263 4444 1433 4497 tribus
1464 4442 1789 4496 lsraelitieas
1839 4443 2022 4498 distri-

450 4536 586 4601 buit,
623 4533 1154 4603 Benjamitarumque
1201 4540 1255 4586 et
1298 4534 1350 4587 in
1401 4534 1640 4601 hospites
1689 4532 1923 4598 facinus,
1976 4544 2033 4590 et

452 4626 766 4683 effrenatam
795 4625 1092 4691 lasciviam,
1119 4633 1172 4678 et
1206 4623 1520 4679 Sodotnitici
1550 4623 1736 4694 ﬂagitii
1765 4627 2026 4681 imitatio-

453 4733 580 4773 nem
617 4715 926 4772 manifestat
959 4714 1025 4770 “.
1063 4715 1140 4767 Ex
1195 4727 1259 4769 eo
1309 4713 1616 4783 indignatus
1664 4722 1809 4769 totus
1860 4715 2029 4770 Israel

403 4845 408 4848 —
455 4819 836 4880 congregatur,
869 4816 924 4864 et
954 4807 1144 4877 copias
1179 4814 1370 4860 contra
1405 4804 1732 4875 Benjatnitas
1763 4805 2026 4875 Gabaam,

453 4910 548 4949 seu
574 4896 640 4949 ad
671 4895 861 4951 collem
900 4895 1099 4951 educit.
1136 4893 1339 4948 Tantas
1371 4902 1550 4948 autem
1595 4906 1805 4965 Strages
1843 4898 2030 4954 edide-

454 4994 599 5052 runt,
630 4995 690 5040 ut
719 4989 967 5055 quamvis
992 4988 1248 5059 populosa
1277 4995 1419 5043 esset
1451 4987 1761 5054 admodum,
1797 4991 1883 5043 vix
1910 5005 2033 5060 per-

454 5077 607 5148 pauci
636 5076 932 5134 incolumes
960 5081 1014 5133 in
1049 5081 1395 5138 solitudinem
1446 5079 1570 5150 fuga
1625 5097 1685 5136 se
1737 5082 2030 5151 eriperent.

456 5167 532 5222 Ex
562 5165 710 5220 omni
751 5167 878 5223 item
903 5168 1067 5224 Israel
1104 5171 1344 5227 bellicosi
1389 5172 1491 5226 viri
1548 5171 1750 5240 ingenti
1807 5189 2032 5229 numero

455 5259 797 5315 interierunt.
827 5261 895 5314 At
924 5262 1065 5315 enim
1102 5277 1206 5316 non
1237 5265 1570 5332 permisisset
1597 5267 1735 5323 Deus
1759 5265 2032 5323 lsraelitas

455 5367 743 5407 conserere
800 5369 1026 5418 manus,
1073 5355 1173 5408 nisi
1219 5356 1465 5424 sculptile
1518 5372 1584 5412 ex
1627 5359 1788 5414 domo
1845 5359 2032 5414 Michae

455 5446 722 5500 Sublatunt
755 5446 845 5514 qui
879 5454 1034 5500 erant
1064 5446 1128 5501 de
1160 5445 1299 5500 tribu
1334 5449 1444 5500 Dan
1477 5449 1792 5514 coluissent,
1824 5461 1878 5505 et
1911 5450 2030 5505 alia:

528 5625 571 5655 ⁸³
605 5623 780 5680 .ludic.
824 5640 975 5692 mu,
1014 5623 1159 5679 l-Sl.
1239 5621 1480 5678 “ludio.
1518 5637 1628 5685 xix,
1658 5621 1878 5692 passim.

2055 3040 2097 3096 C

2059 4379 2102 4434 Ι)

2135 1807 2256 1860 σις,
2293 1794 2550 1866 Θεραφὶμ
2575 1794 2632 1847 δὲ
2683 1795 2866 1860 πάλιν,
2905 1795 3174 1868 ἅνεσιςῆ
3208 1797 3711 1865 ίώμενοςαὺτούς.

2135 1885 2366 1939 Εἴδωλον
2389 1885 2498 1958 γάρ
2525 1882 2592 1956 ἦν
2617 1887 2884 1958 ὑπόληψιν
2918 1888 3039 1958 ἔχον
3073 1889 3155 1957 ἐφ’
3197 1888 3374 1958 ἑαυτῷ
3397 1888 3590 1957 ψευδῆ,
3618 1887 3719 1942 τοῦ

2135 1975 2456 2047 θεραπεύειν
2493 1975 2754 2031 δύνασθαί
2783 1994 2952 2041 τινας.
2989 1979 3420 2050 Περιπλάττουσι
3451 1979 3558 2051 γὰρ
3597 1981 3726 2033 Ἐλ-

2133 2066 2308 2138 λήνων
2337 2068 2520 2132 παίδες
2553 2067 2666 2122 ἔσθ’
2691 2069 2780 2123 ὅτε
2810 2073 2931 2133 ταῖς
2956 2069 3227 2133 τοιαύταις
3247 2071 3424 2137 δόξαις
3454 2071 3519 2124 τὰ
3543 2089 3723 2143 χειρο-

2135 2157 2558 2229 ποίητα.ιΤοῦτο
2596 2158 2980 2230 μεμαθηκότες
3007 2162 3056 2214 οἱ
3106 2161 3214 2215 ἀπὸ
3244 2161 3372 2226 Δάν,
3397 2162 3720 2233 ἀναλαμϐά-

2133 2264 2283 2301 νουσι
2315 2250 2376 2301 τὸ
2409 2248 2671 2315 γλυπτὸν,
2705 2251 3064 2304 ἀναπείθουσι
3092 2251 3148 2305 δὲ
3194 2252 3288 2305 καὶ
3317 2253 3406 2305 τὸν
3455 2252 3513 2317 ἐξ
3547 2255 3718 2324 αἷμα-

2131 2357 2222 2404 τος
2250 2337 2341 2393 τοῦ
2383 2338 2514 2392 Λευῒ
2555 2341 3020 2412 κατακολουθῆσαί
3077 2360 3281 2412 σφισιν,
3335 2345 3719 2413 ἀποφοιτῶντα

2132 2431 2388 2501 Μιχαίου.
2448 2433 2900 2505 Παραταξάμενοι
2963 2435 3042 2498 δὲ,
3077 2436 3171 2488 καὶ
3203 2437 3568 2507 νενικηκότες,
3617 2440 3720 2492 καί

2133 2521 2237 2574 ὑπὸ
2265 2525 2424 2593 χεῖρα
2448 2523 2704 2589 λαϐόντες
2747 2526 2848 2596 τὴν
2888 2527 3010 2597 γῆν,
3057 2527 3408 2598 ἀνεδείμαντο
3443 2529 3615 2593 πόλιν,
3647 2531 3719 2602 ῆν

2132 2612 2497 2682 ἐπωνόμασαν
2558 2613 2701 2682 Δάν,
2747 2615 2807 2669 τὸ
2868 2616 2963 2670 τοῦ
3017 2619 3360 2689 προπάτορος
3412 2621 3720 2690 γράφοντες

2133 2704 2292 2775 αὑτῇ·
2335 2705 2508 2776 φυλῆς
2535 2706 2644 2778 γὰρ
2681 2703 2822 2778 ἦσαν
2877 2708 2970 2762 καὶ
3021 2709 3252 2779 αἵματος
3300 2712 3399 2782 τῆς
3445 2709 3716 2776 ἀπδΔάν,

2133 2793 2207 2856 ὡς
2235 2794 2392 2866 ἔφην,
2439 2796 2808 2868 Ἱδρυσάμενοι
2850 2799 2906 2851 δὲ
2961 2800 3056 2853 καὶ
3091 2800 3150 2853 τὸ
3201 2801 3416 2855 εἴδωλον
3444 2804 3501 2855 ἐν
3535 2805 3675 2876 αὑτῇ
3699 2847 3716 2870 ,

2132 2882 2322 2949 θυσίας
2341 2889 2635 2959 προσῆγον,
2654 2891 2749 2943 καὶ
2771 2891 2906 2960 όμοῦ
2930 2895 2995 2963 τῇ
3017 2894 3088 2962 γῇ
3113 2893 3208 2944 καὶ
3243 2893 3363 2946 θεὸν
3390 2896 3716 2966 ἐκτήσαντο·

2133 2975 2267 3046 πρὸς
2293 2977 2450 3030 τοῦτο
2470 2980 2653 3043 αὐτοῖς
2677 2981 2932 3045 ἀϐουλίας
2958 2985 3328 3056 κατεκομίσθη
3359 2987 3419 3040 τὸ
3439 2989 3716 3059 φρόνημα,

2132 3067 2399 3140 Ταύτῃτοι
2429 3070 2560 3135 Θεὸς
2594 3071 2892 3141 ἠγανάκτει
2917 3073 3123 3139 λοιπὸν,
3156 3078 3249 3129 καὶ
3291 3078 3436 3147 μάλα
3467 3080 3718 3147 εἰκότως,

2131 3159 2206 3223 ὡς
2237 3161 2582 3232 ὑϐρισμένος.
2639 3159 2772 3217 Εἶτα
2817 3165 2935 3217 δέον
2986 3168 3198 3231 πάντας
3227 3171 3354 3233 τοὺς
3386 3171 3442 3236 ἐξ
3481 3173 3718 3245 Ἰσραὴλ,

2131 3247 2358 3318 ἐχθροὺς
2389 3251 2643 3321 ἡγεῖσθαι
2673 3253 2766 3306 καὶ
2795 3254 3236 3324 πολεμιωτάτους
3269 3260 3396 3323 τοὺς
3427 3261 3534 3314 ἀπὸ
3559 3321 3562 3325 ,
3584 3264 3719 3330 Δάν,

2131 3340 2226 3392 καὶ
2255 3342 2353 3412 τῆς
2385 3345 2464 3405 εἰς
2498 3342 2629 3396 Θεὸν
2659 3343 2974 3409 δυσσεϐείας
3005 3348 3286 3419 ἐξαιτῆσαι
3328 3351 3536 3420 λόγους,
3576 3355 3723 3425 τάχα

2133 3449 2236 3484 που
2275 3434 2368 3486 καὶ
2395 3435 2825 3506 συνηνέχθησαν,
2857 3438 2950 3491 καὶ
2975 3441 3218 3493 ἐπαινεῖν
3243 3441 3448 3512 ἠξίουν,
3477 3446 3552 3509 ὼς
3595 3450 3720 3500 κατ’

2131 3522 2282 3576 οὐδὲν
2335 3525 2474 3589 ὅλως
2525 3528 2935 3600 ἡμαρτηκότας,
2981 3532 3073 3584 καὶ
3104 3535 3230 3586 ποῖα
3262 3535 3484 3603 γέγονεν
3532 3539 3721 3604 αὐτοῖς

2129 3616 2229 3686 τῆς
2283 3617 2362 3680 είς
2406 3616 2566 3671 τοῦτο
2611 3619 2885 3691 ῥᾳθυμίας
2915 3621 2984 3674 τὰ
3016 3623 3241 3693 ὀψώνια,
3292 3627 3425 3699 φέρε
3468 3628 3723 3701 λέγωμεν

2132 3704 2350 3776 ἐφεξῆς.
2424 3708 2806 3763 Ἀϐασιλεύτου
2883 3715 3253 3784 μεμενηκότος
3308 3717 3400 3770 τοῦ
3477 3720 3718 3792 Ἰσραὴλ,

2132 3799 2270 3869 ἀνήρ
2289 3816 2370 3864 τις
2388 3800 2638 3871 Λευῖτης,
2655 3804 2932 3874 παροικῶν
2957 3807 3013 3859 ἐν
3042 3811 3236 3878 μηροῖς
3271 3809 3428 3880 ὅρους
3456 3813 3720 3885 Ἐφραῖμ,

2136 3890 2383 3945 σύνοικον
2417 3894 2712 3963 ἐποιήσατό
2738 3912 2856 3949 τινα
2899 3898 3008 3951 τῶν
3057 3901 3122 3952 ἐκ
3183 3899 3450 3973 Βηθλεέμ.
3499 3905 3719 3976 Ἐπειδὴ

2130 3982 2185 4035 δὲ
2208 3983 2432 4052 γύναιον
2481 3987 2694 4059 ἀπέδρα
2739 3989 2876 4060 πρὸς
2906 3990 2997 4043 τὸν
3059 3993 3292 4064 πατέρα,
3321 3997 3504 4049 εἵπετο
3557 3999 3659 4069 μὲν
3689 4002 3720 4053 ὁ

2132 4078 2386 4149 Λευῒτης.
2426 4080 2734 4133 Ἀναπείθει
2767 4081 2822 4133 δὲ
2851 4077 3005 4146 αὖθις
3035 4082 3400 4157 ὑπονοστῆσαι
3421 4089 3517 4142 σὺν
3544 4091 3716 4163 αὐτῷ,

2131 4169 2223 4222 καὶ
2244 4169 2382 4223 οίκοι
2411 4171 2662 4239 γενέσθαι
2695 4172 2900 4226 λοιπόν.
2935 4169 3009 4227 Ob
3038 4173 3102 4246 δὴ
3127 4179 3430 4245 γεγονότος,
3456 4183 3595 4235 κατὰ
3621 4185 3722 4254 μέ-

2133 4277 2232 4329 σην
2271 4259 2364 4314 ἰὼν
2408 4262 2508 4333 τὴν
2540 4262 2678 4329 ὁδὸν,
2734 4263 2870 4333 ὁμοῦ
2921 4265 2999 4336 τῷ
3051 4269 3256 4339 γυναίῳ
3314 4271 3611 4326 κατέλυσεν
3659 4278 3721 4330 ἐν

2131 4350 2352 4413 Γαϐαὰ,
2407 4351 2442 4422 ἢ
2495 4353 2912 4424 διερμηνεύεται
2954 4357 3205 4424 βουνός.
3255 4362 3452 4432 ᾭκουν
3514 4363 3571 4417 δὲ
3619 4367 3721 4439 τὴν

2135 4442 2342 4509 Γαϐαά,
2363 4443 2481 4513 ῆτοι
2505 4444 2595 4498 τὸν
2625 4445 2811 4514 βουνὸν
2835 4447 2965 4501 οίὲκ
2987 4448 3157 4518 φυλῆς
3185 4450 3464 4523 Βενιαμίν.
3498 4455 3722 4530 Ἐπειδὴ

2133 4533 2190 4586 δὲ
2221 4534 2374 4604 παρά
2424 4553 2545 4588 τινα
2593 4537 2950 4608 κατηυλίζετο
2999 4541 3302 4613 πρεσϐύτῃ,
3355 4546 3494 4600 κατά
3543 4549 3723 4620 μέσην

2133 4623 2230 4696 τὴν
2257 4625 2429 4679 νύκτα
2482 4626 2725 4691 ἐλθόντες
2765 4629 2872 4682 τῶν
2915 4632 2979 4683 ἐκ
3021 4633 3194 4702 φυλῆς
3221 4635 3494 4707 Βενιαμὶν,
3523 4639 3723 4712 ἄνδρες

2134 4714 2479 4806 παράνομοι,
2534 4717 2678 4772 καθὰ
2715 4720 3043 4791 γέγραπται,
3097 4727 3525 4792 καταϐιάζεσθαι
3581 4736 3721 4806 πρὸς

2134 4805 2426 4874 ἀσέλγειαν
2453 4807 2544 4860 τόν
2598 4824 2660 4860 τε
2695 4811 2952 4882 Λευΐτην,
3009 4815 3105 4868 καὶ
3154 4816 3338 4882 αὑτὸν,
3370 4820 3462 4871 καὶ
3496 4805 3721 4892 ἑτέρους

2133 4896 2344 4966 ῆθελον.
2403 4899 2828 4972 Δυσωπηθέντες
2871 4903 2931 4956 δὲ
2979 4905 3137 4975 μόλις
3185 4907 3286 4978 τῆς
3329 4909 3561 4976 ἀτοπίας
3619 4914 3722 4985 τὴν

2135 4989 2460 5061 ὑπερϐολὴν,
2509 4993 2606 5065 τὴν
2657 4993 2754 5048 τοῦ
2809 4997 3037 5050 Λευΐτου
3079 4999 3518 5069 συλλαμϐάνουσι
3579 5007 3723 5060 παλ-

2135 5081 2346 5138 λακίδα.
2389 5085 2499 5138 Καὶ
2525 5085 2590 5157 δὴ
2619 5089 2715 5142 καὶ
2745 5088 3101 5153 ἀπεκτόνασι,
3144 5093 3212 5146 δι’
3234 5095 3361 5166 ὅλης
3388 5096 3490 5166 τῆς
3521 5099 3723 5164 νυκτὸς

2134 5175 2212 5237 εἰς
2239 5175 2299 5227 τὸ
2322 5175 2544 5243 γύναιον
2578 5179 3012 5247 ἀσελγαίνοντες.
3048 5182 3107 5236 '0
3135 5183 3191 5236 δὲ
3241 5184 3431 5238 διελὼν
3464 5190 3544 5251 είς
3575 5189 3718 5261 μέλη

2132 5267 2193 5320 τὸ
2217 5269 2373 5340 σῶμα
2405 5271 2642 5343 διένειμε
2689 5274 2803 5336 τοῖς
2836 5273 2901 5326 ὲκ
2951 5273 3122 5345 φυλῆς
3168 5275 3403 5350 Ἰσραὴλ,
3429 5281 3720 5351 καταφανῆ

2133 5360 2396 5425 καθιστὰς
2455 5363 2564 5416 τῶν
2609 5366 2672 5417 ὲκ
2723 5365 2896 5437 φυλῆς
2928 5367 3183 5438 Βενιαμὶν
3216 5369 3316 5439 τήν
3357 5386 3415 5422 τε
3465 5372 3545 5434 είς
3591 5373 3723 5435 τοὺς

2134 5451 2316 5517 ξένους
2344 5454 2638 5526 ἁμαρτίαν,
2672 5458 2766 5510 καὶ
2790 5457 2848 5511 τό
2876 5459 3128 5528 ἀχάλινον
3173 5460 3253 5523 είς
3285 5460 3589 5530 ἀσέλγειαν
3623 5464 3724 5518 καὶ
