3898 6212
171 245 272 300 ἓὶθ

1096 237 1650 295 COMMENTARIUS
1688 238 1754 291 IN
1795 237 2027 294 OSEAM
2065 241 2507 300 PROPIIETAM.

3326 250 3431 307 250

173 364 250 414 ὅτι
288 361 359 414 τά
409 359 715 431 Σοδομιτῶν
749 360 1095 431 μεμίμηνται
1131 358 1599 429 πλημμελήματα.
1646 358 1755 410 Ἐν-

1864 359 2033 413 tribus
2074 360 2124 413 id
2159 360 2342 430 inique
2387 360 2788 417 dissimulantes
2836 362 3182 431 quievisseut.
3246 362 3431 419 Simile

173 452 360 505 τεῦθεν
391 452 785 522 ἀγανακτήσας
813 452 1223 521 συναγήγερται
1255 450 1360 511 πᾶς
1384 448 1619 518 Ἰσραὴλ,
1660 448 1754 499 καὶ

174 545 668 612 κατεστρατεύοντο
690 542 787 611 τῆς
817 541 984 611 φυλῆς
1002 542 1259 611 Βενιαμὶν
1285 542 1341 591 ὲν
1376 539 1613 600 rasam,
1632 555 1753 590 του-

173 633 371 695 τέστιν,
423 633 483 683 ἐν
527 631 604 700 τῷ
638 630 833 701 βουνῷ·
883 630 1024 682 οὕτω
1076 647 1135 682 τε
1195 631 1365 699 αὐτὴν
1423 630 1751 699 ἀνῃρήκασι,

174 723 345 775 καίτοι
388 722 825 793 πολυανδροῦσαν
850 721 989 786 λίαν,
1016 721 1091 785 ὡς
1123 721 1333 789 ὀλίγους
1374 723 1568 791 κομιδῇ
1603 738 1755 790 περι-

177 812 470 875 σωθέντας,
495 814 649 882 μόλις
667 813 961 881 ἀναφυγεῖν
985 815 1062 875 εἰς
1080 812 1177 882 τὴν
1208 815 1431 883 ἔρημον.
1461 813 1755 865 Διολωλασι

173 904 332 956 δὲκαὶ
357 907 420 956 ἐκ
440 904 643 967 παντὸς
672 904 889 975 Ἰσραὴλ
915 904 1023 956 τῶν
1050 904 1303 974 μαχίμων
1330 902 1429 954 οὐκ
1456 902 1755 973 εὐαρίθμη-

175 1013 272 1048 τοι.
309 996 453 1047 Ἀλλ’
477 998 579 1049 οὐκ
612 997 677 1048 ἀν
712 997 865 1063 ἠφίει
897 995 1027 1056 θεὸς
1058 993 1307 1063 ἀλλήλοις
1351 992 1755 1062 συμπλέκεσθαι

174 1087 295 1148 τοὺς
320 1087 380 1150 ἐξ
410 1087 650 1157 Ἰσραὴλ,
692 1088 739 1139 εἰ
774 1087 848 1157 μὴ
881 1086 941 1139 τὸ
978 1085 1038 1149 ἐξ
1070 1086 1219 1137 οἴκου
1247 1084 1483 1153 Μιχαίου
1520 1083 1756 1150 γλυπτὸν

1856 452 1983 520 quid
2015 453 2176 506 etiam
2213 463 2429 521 propter
2476 454 2668 508 vitulos
2704 469 2895 509 aureos
2946 454 3054 509 Deo
3106 456 3432 510 exacerbato

1855 544 2057 597 evenit.
2090 544 2459 599 Coullixerunt
2489 546 2630 599 enim
2667 546 2782 600 duae
2814 546 2983 600 tribus
3014 546 3150 600 Juda
3186 562 3307 600 cum
3335 548 3432 601 de-

1856 648 1971 688 cem
2002 634 2254 703 Ephraim
2279 654 2291 701 ;
2320 646 2370 689 et
2410 636 2633 705 perinde
2666 645 2725 689 ut
2753 638 3081 704 temporibus
3106 636 3275 701 collis,
3310 637 3430 690 mil-

1856 721 1923 774 lia
1953 723 2115 776 multa
2139 724 2529 787 occubuerunt,
2556 732 2608 777 et
2636 723 2715 776 ira
2747 723 2837 776 Dei
2870 723 3163 792 insligaute
3196 738 3317 776 cum
3343 724 3427 774 vi-

1858 813 1960 867 ctis
1988 814 2084 881 ipsi
2114 816 2346 869 victores
2380 814 2487 868 dati
2512 824 2634 868 sunt
2676 814 2841 868 exitio
2865 814 2930 867 ⁸⁸.
2972 814 3134 868 Gesta
3166 823 3287 867 sunt
3318 813 3429 868 haec

1856 916 2019 970 super
2062 902 2253 958 ludam
2301 915 2556 969 regnante
2589 904 2825 966 Amasia,
2875 919 3037 972 super
3098 903 3259 957 Israel
3307 903 3424 968 Jua,

1858 996 1948 1063 qui
1983 996 2055 1050 ita
2091 997 2301 1067 subegit
2331 996 2780 1066 Hierosolymam,
2813 1007 2871 1048 ut
2900 1005 3107 1064 partem
3157 995 3294 1050 muri
3335 1011 3430 1049 cn-

1860 1085 2093 1138 bitortuu
2129 1086 2643 1154 quadringentorum
2680 1085 2917 1139 dirueret
2946 1087 3011 1139 ".

174 1179 346 1247 οἱμὲν
374 1179 484 1231 ἀπὸ
511 1178 619 1230 Δὰν
657 1179 1005 1247 τετιμήκασι,
1067 1176 1455 1246 κατηρέμησαν
1493 1175 1548 1227 δὲ
1614 1175 1943 1246 παραλόγως
1992 1178 2041 1229 οἰ
2082 1179 2146 1230 ὲκ
2193 1179 2300 1231 τῶν
2365 1177 2566 1249 ἐτέρων
2627 1177 2827 1247 φυλῶν.
2869 1177 3119 1230 Τοιοῦτόν
3153 1195 3203 1230 τι
3240 1176 3429 1245 γέγονε

176 1275 262 1325 καί
320 1274 414 1324 ἐπὶ
453 1276 575 1335 ταῖς
619 1273 885 1341 δαμάλεσι
939 1275 1057 1334 ταῖς
1102 1274 1328 1341 χρυσαῖς
1380 1270 1756 1341 λελυπημένου
1795 1272 1951 1324 Θεοῦ.
2005 1273 2429 1340 Συνεπλάκησαν
2489 1273 2599 1344 γὰρ
2634 1272 2893 1341 ἀλλήλαις
2937 1272 3089 1323 αἵτε
3119 1270 3211 1323 τοῦ
3259 1270 3430 1322 Ἰούδα

176 1362 336 1430 φυλαὶ
369 1363 486 1422 δύο,
520 1362 614 1414 καὶ
643 1364 699 1414 αἰ
733 1361 865 1414 δέκα
892 1360 985 1413 τοῦ
1018 1360 1279 1430 Ἐφραῖμ.
1317 1362 1426 1413 Καὶ
1456 1359 1540 1422 ὡς
1589 1362 1646 1411 ἐν
1668 1363 1786 1424 ταῖς
1857 1361 2092 1433 ἡμέραις
2146 1362 2240 1415 τοῦ
2304 1362 2492 1432 βουνοῦ
2550 1364 2733 1432 μυρίοι
2792 1362 2889 1432 μὲν
2930 1364 3041 1415 ὅσοι
3085 1362 3427 1425 πεπτώκασι,

177 1453 637 1526 συνωλοθρεύοντο
669 1454 726 1506 δὲ
750 1458 862 1517 τοῖς
899 1454 1120 1507 νικῶσιν
1156 1456 1204 1507 οἱ
1244 1455 1561 1524 ἡττημένοι,
1635 1455 1785 1518 θείας
1858 1458 1937 1519 εἰς
1986 1456 2143 1510 τοῦτο
2197 1458 2463 1525 καλούσης
2520 1458 2711 1527 ὀργῆς.
2766 1458 3085 1527 Πέπρακται
3144 1456 3202 1509 δὲ
3257 1456 3429 1508 ταῦτα

174 1544 438 1613 Ἀμασίου
500 1545 598 1614 μὲν
640 1543 1015 1614 βασιλεύοντος
1064 1546 1157 1597 ἐπὶ
1197 1546 1286 1597 τὸν
1314 1544 1538 1609 Ἰούδαν,
1569 1546 1662 1597 τοῦ
1695 1562 1759 1613 γε
1804 1546 1908 1617 μὴν
1936 1548 2089 1610 Ἰωάς
2153 1550 2245 1601 ἐπὶ
2304 1551 2394 1602 τὸν
2421 1549 2659 1619 Ἰσραὴλ,
2701 1549 2759 1612 ὃς
2800 1544 2943 1601 εἷλεν
2969 1549 3114 1601 οὕτω
3150 1548 3219 1601 τὰ
3261 1548 3423 1619 Ἱερο-

175 1636 401 1702 σόλυμα,
434 1634 509 1697 ὡς
540 1636 634 1688 καὶ
674 1636 918 1688 καθελεῖν
955 1635 1049 1687 τοῦ
1076 1635 1290 1704 τείχους
1324 1634 1487 1706 μέρος
1520 1636 1599 1699 εἰς
1636 1636 1831 1706 πήχεις
1854 1638 2236 1707 τετρακοσίας.

252 1728 346 1792 Ὠς
366 1727 702 1795 σταφυλὴν
744 1728 815 1781 ἐν
868 1727 1062 1796 ἐρήμῳ
1098 1724 1278 1796 εὗρον
1324 1727 1430 1780 τὸν
1476 1728 1753 1796 Ἰσραὴλ,
1791 1740 1831 1793 Β

174 1820 265 1872 καὶ
316 1820 397 1883 ὡς
439 1820 641 1873 σῦκον
681 1820 751 1871 ἐν
793 1818 956 1887 συκῇ
998 1820 1261 1888 πρώὶλαον
1300 1815 1464 1872 εἶδον
1500 1820 1760 1889 πατέρας

172 1909 383 1964 αὐτῶν.
420 1910 603 1963 Αὐτοὶ
635 1909 929 1977 εἰσῆλθον
953 1911 1102 1979 πρὸς
1136 1910 1244 1963 τὸν
1271 1908 1638 1979 Βεελςοειιὼρ,
1661 1912 1757 1965 καὶ

171 2001 761 2070 ἁπηλλοτμὼθησαν
794 2004 881 2067 εἰς
905 2002 1225 2070 αἰσχύνην.
1262 2002 1369 2055 Kal
1400 2000 1676 2070 ἐγένοντο
1705 2006 1760 2057 οἰ

170 2092 544 2161 ἠξγιπημένοι
569 2093 647 2157 ὡς
675 2094 730 2145 οἰ
757 2091 1193 2161 “(ialm-ﬂerat.

240 2183 361 2237 Pl".
397 2184 526 2235 Ὅτι
556 2183 629 2252 μὴ
660 2183 838 2253 μάτην
877 2183 1055 2244 αὐτοῖς
1084 2181 1145 2234 τὸ
1176 2181 1589 2254 καταφθαρῆναι
1624 2202 1759 2255 συμ-

173 2274 429 2343 ύέϐηκεν,
479 2272 593 2326 ἀλλ’
626 2274 683 2325 ὲν
731 2273 876 2344 δίκῃ,
929 2272 1115 2325 λοιπὸν
1164 2274 1419 2343 πειρᾶται
1463 2275 1754 2330 διδάσκειν.

176 2365 310 2433 Ἐγὼ
349 2364 455 2434 μὲν
515 2363 660 2433 γὰρ,
720 2366 873 2433 φησὶ,
927 2363 1271 2433 ἐπελεξάμην
1337 2365 1557 2429 αὐτοὺς,
1589 2366 1663 2428 ὡς
1700 2367 1757 2418 ἐν

177 2459 357 2525 ἐρήμῳ
384 2455 661 2526 σταφυλὴν
700 2455 896 2525 εὑρὼν,
934 2456 1025 2508 καὶ
1050 2456 1123 2519 ὡς
1174 2455 1339 2508 σῦκον
1363 2456 1621 2527 πέπειρον
1650 2458 1757 2511 ἀπὸ

178 2548 339 2616 συκῆς
386 2547 669 2615 ἀρπάσας·
715 2545 983 2615 ἐξήγαγον
1016 2547 1123 2617 γὰρ
1162 2548 1259 2617 τῆς
1301 2548 1616 2615 Αἰγυπτίων
1645 2550 1756 2619 χώ-

174 2655 283 2708 ρας,
323 2637 826 2707 εἰδωλολατρούσης
859 2638 1006 2705 ὅλης,
1039 2637 1131 2688 καὶ
1178 2637 1626 2707 πεπλανημένης,
1660 2639 1753 2693 καί

170 2730 368 2797 πολλὴν
410 2730 677 2799 νοσούσης
706 2730 802 2799 τὴν
830 2728 1062 2799 ἐρημίαν
1089 2730 1287 2791 παντὸς
1319 2729 1543 2798 ἀγαθοῦ.
1572 2729 1635 2781 Τί
1664 2727 1756 2783 οὖν

173 2820 217 2871 οἰ
254 2821 576 2885 ἀπόλεκτοι,
633 2820 682 2872 οἰ
725 2818 813 2871 διὰ
858 2819 957 2887 τῆς
992 2819 1130 2889 ἐμῆς
1161 2820 1507 2889 ἠρπαγμένοι
1536 2823 1753 2890 χειρός;

173 2913 605 2984 Προσκέκλινται
635 2912 712 2982 τῷ
767 2911 1109 2981 Βεελφεγὼρ,
1151 2912 1375 2981 ἐξῆλθον
1427 2915 1755 2981 οἰκειότητος

175 3010 264 3079 τῆς
297 3010 439 3079 πρός
473 3025 543 3078 με
582 3009 663 3071 εἰς
693 3005 976 3075 αἰσχύνην,
1014 3006 1170 3058 τοῦτό
1206 3007 1320 3057 ἐστι
1358 3006 1438 3070 τὸ,
1501 3028 1516 3057 ι
1555 3008 1755 3076 Ἀπηλ.

177 3100 551 3170 λοτριώθησαν
592 3101 671 3161 εἰς
724 3098 1013 3168 αἰσχύνην
1046 3116 1063 3148 ι
1101 3098 1361 3168 αἰσχύνην
1407 3099 1462 3151 δὲ
1505 3099 1756 3169 ὀνομάζει

174 3189 260 3241 τοῦ
291 3186 645 3257 Βεελὲεγὼρ·
686 3183 755 3256 ἦν
804 3187 913 3257 γὰρ
967 3187 1024 3239 ὲν
1082 3187 1463 3259 ἀκαλλεστάτῳ
1520 3190 1755 3259 σχήματι

176 3281 273 3333 τῶν
297 3281 477 3333 ἀλλων
508 3279 767 3348 μάλιστα,
798 3280 889 3331 καὶ
912 3279 1143 3347 ἄσεμνον
1177 3278 1323 3331 ἰδεῖν.

238 3372 471 3434 Οὐκοῦν,
500 3368 826 3436 ἀγαπῶντες
875 3368 973 3437 μὲν
1001 3368 1061 3420 τὸ
1103 3364 1241 3421 εἶναι
1294 3368 1435 3437 μετά
1472 3369 1627 3427 Θεοῦ.
1662 3370 1755 3423 καὶ

172 3461 435 3530 τιμῶντες
461 3460 539 3521 ὡς
562 3457 885 3520 καλέσαντα,
912 3458 1003 3510 καὶ
1021 3456 1425 3527 ἐπιλεξάμενον,
1451 3460 1542 3512 καὶ
1569 3460 1754 3527 ὥσπερ

172 3557 227 3622 ἐξ
270 3558 485 3627 ἐρήμου
541 3553 636 3605 καὶ
670 3551 1034 3605 ἀκανθοτόκου
1068 3551 1171 3620 γῆς
1220 3552 1541 3622 ἁρπάσαντα
1572 3552 1670 3620 τῆς
1697 3554 1755 3605 ἐν

172 3647 297 3715 τῷδε
328 3646 413 3714 τῷ
447 3646 643 3715 κόσμῳ
704 3645 1107 3707 καταστάσεως,
1135 3644 1209 3707 ὡς
1262 3643 1535 3713 σταφυλήν
1562 3662 1621 3695 τε
1660 3646 1754 3697 καὶ

176 3737 330 3791 σῦκον
362 3737 697 3807 ἠγαπηκότα
726 3735 991 3806 πρώῖμον,
1020 3734 1374 3805 δικσώτωμεν
1409 3736 1624 3807 ἀρραγῆ
1656 3736 1753 3805 τὴν

174 3831 300 3900 πρὸς
341 3830 509 3882 αὐτὸν
557 3829 773 3891 ἕνωσιν,
806 3828 961 3898 δῆλον
993 3828 1048 3880 δὲ
1097 3828 1181 3884 ὅτι
1219 3828 1316 3899 τὴν
1354 3829 1748 3897 πνευματικήν.

175 3923 234 3973 Εἰ
270 3923 324 3973 δὲ
359 3922 425 3990 δὴ
459 3920 667 3988 γένοιτό
697 3938 782 3983 τις
834 3921 1131 3981 ἀπόνευσις
1179 3920 1253 3981 εἰς
1285 3918 1344 3970 τὸ
1376 3919 1627 3981 ἀκαλλὲς,
1660 3920 1752 3972 καὶ

176 4013 248 4073 εἰς
278 4013 335 4064 τὸ
360 4011 568 4063 λυποῦν
598 4012 781 4075 αὐτὸν,
812 4011 959 4062 οὐδὲν
996 4010 1076 4061 ἔτι
1119 4009 1386 4078 διοίσομεν
1431 4010 1539 4062 τῶν
1561 4010 1747 4063 ἐθνῶν.

220 4098 452 4166 Ξσόμεθα
484 4098 594 4167 γάρ
624 4099 672 4149 οἰ
713 4099 1056 4168 ἠγαπημένοι
1087 4099 1161 4161 ὡς
1184 4099 1233 4149 οἱ
1277 4097 1673 4168 ἑϐδελυγμένοι,
1702 4099 1750 4152 οἳ

174 4190 259 4241 καὶ
292 4190 536 4257 εὐλόγως
574 4189 921 4258 μεμίσηνται.
974 4209 990 4241 ι
1039 4192 1366 4259 Δικαιοσύνη
1417 4190 1543 4261 γὰρ,
1594 4193 1748 4262 φησί,

172 4280 376 4333 δικαίου
425 4280 489 4331 ού
546 4279 621 4349 μὴ
684 4278 931 4350 ἐξέληται
986 4282 1183 4335 αὐτόν’
1236 4285 1294 4335 ἐν
1440 4284 1505 4337 ἀν
1568 4284 1750 4355 ἡμέρα

172 4370 417 4442 ἁμάρτῃ,
450 4370 821 4422 ἀποθανεῖται.
865 4389 884 4422 ›
922 4372 1030 4424 Καὶ
1058 4374 1260 4443 σφόδρα
1293 4374 1471 4443 σοφῶς
1513 4377 1539 4427 ὁ
1571 4376 1749 4443 μακά·
1782 4402 1826 4461 υ

172 4479 278 4532 Pw;
309 4462 518 4531 γράφει
549 4460 755 4525 Παῦλος
779 4477 792 4490 °
832 4480 851 4513 ι
891 4463 1052 4515 ’Ὥστε
1083 4466 1111 4517 ὁ
1159 4465 1329 4519 δοκῶν
1364 4466 1603 4529 ἑστάναι,
1642 4465 1754 4535 βλε-

174 4553 317 4604 πέτω
351 4554 429 4621 μὴ
460 4552 635 4624 πέσῃ,
660 4572 677 4603 ι

251 4644 498 4711 Ἐςρτιῖμ
528 4645 609 4708 ὡς
651 4643 863 4711 ὄρνεον
891 4645 1279 4713 ἐξεπετάσθη.

244 4734 519 4786 ΡΔ’.”Οσα
544 4732 649 4786 τῶν
681 4734 878 4804 ὀρνέων
905 4735 978 4805 μὴ
1008 4735 1120 4789 ἔστι
1148 4738 1379 4790 τίθασσά
1399 4755 1457 4790 τε
1512 4738 1602 4791 καὶ
1633 4756 1755 4792 κατ-

172 4824 393 4885 οικίδια,
447 4825 819 4895 συλληφθέντα
883 4829 1228 4896 φυλάττεται,
1282 4830 1375 4883 καὶ
1418 4831 1752 4901 κατατέρπει

173 4922 301 4982 τοὺς
315 4920 553 4990 ἔχοντας.
589 4922 651 4973 Εἰ
676 4921 733 4974 δὲ
770 4920 832 4990 δὴ
866 4920 1073 4987 γένοιτό
1103 4938 1186 4983 τις
1213 4920 1307 4973 τοῦ
1334 4920 1610 4991 διαδράναι
1636 4938 1757 4975 καις

180 5010 293 5080 ρδς,
322 5012 705 5081 ἀνυπερθέτως
730 5012 1017 5082 ἀποφοιτᾷ,
1050 5013 1143 5064 καὶ
1177 5012 1324 5081 ὀξείᾳ.
1361 5012 1583 5081 φέρεται
1613 5013 1752 5080 πτή-

181 5119 266 5153 σει
314 5103 449 5173 πρδς
508 5104 569 5155 τὸ
617 5104 801 5168 αὐτοῖς
857 5102 1085 5171 σύνηθες
1157 5101 1496 5171 ἐνδιαίτημα.
1543 5102 1753 5154 Οὐκοῦν

179 5192 469 5263 τεθήρευτο
501 5194 601 5263 μὲν
628 5194 828 5265 τρόπον
856 5193 979 5245 τινὰ
1010 5193 1096 5247 διὰ
1122 5193 1363 5255 Μωσέως
1390 5193 1573 5263 ὀρνέου
1602 5192 1755 5263 δίκην

180 5284 210 5333 ὸ
255 5284 485 5357 Ἰσραὴλ,
532 5288 627 5339 καὶ
663 5285 1100 5355 προσκεκόμιστο
1145 5284 1221 5356 τῷ
1253 5283 1390 5354 Θεῷ,
1442 5286 1535 5338 καὶ
1582 5279 1650 5354 ἦν
1697 5286 1754 5335 ἐν

181 5375 328 5445 καλῷ
368 5378 467 5447 τῆς
511 5377 816 5447 εὐημερίας
867 5378 1017 5446 νόμῳ
1072 5376 1604 5445 παιδαγωγούμενος,
1662 5376 1754 5428 καὶ

181 5467 452 5535 φροντίδος
506 5466 818 5533 ἀπολαύων,
851 5470 943 5520 καὶ
974 5466 1189 5535 φειδοῦς
1225 5468 1321 5537 τῆς
1355 5466 1578 5520 ἀνωθεν.
1623 5468 1754 5518 ’Λπ-

1934 1730 2093 1783 Vnus.
2128 1731 2212 1783 10.
2248 1729 2398 1785 Sicut
2446 1748 2597 1785 uvam
2636 1733 2689 1786 in
2726 1734 2929 1786 deserto
2959 1734 3128 1786 inveni
3163 1732 3430 1798 lsrael,et

1862 1820 1992 1873 sicut
2043 1822 2199 1889 ﬁcum
2252 1822 2305 1874 in
2337 1822 2441 1889 ﬁcu
2476 1823 2823 1891 tempestivam
2871 1823 2975 1875 vidi
3015 1832 3188 1889 patres
3227 1840 3427 1879 eorum.

1860 1909 1976 1979 Ipsi
2006 1911 2225 1979 ingressi
2252 1922 2374 1965 sunt
2402 1914 2469 1965 ad
2504 1912 2843 1981 Beelphegor,
2886 1924 2931 1965 et
2977 1912 3261 1965 abalienati
3309 1922 3429 1966 sunt

1861 2003 1915 2055 in
1946 2003 2323 2071 confusionem.
2368 2004 2433 2057 Et
2478 2005 2606 2073 [acti
2647 2014 2765 2058 sunt
2795 2004 2971 2059 dilecti
2999 2006 3132 2059 sicut
3161 2006 3431 2060 abomina-

1861 2094 2008 2150 biles.

1931 2183 2057 2239 CIlI.
2082 2184 2199 2240 Non
2235 2196 2455 2251 temere,
2494 2188 2586 2242 sed
2611 2188 2730 2255 jure
2759 2186 3047 2257 perniciem
3079 2187 3183 2241 illis
3227 2186 3425 2241 illatam

1857 2290 1977 2331 esse
2003 2287 2229 2331 conatur
2275 2279 2432 2331 modo
2487 2279 2792 2332 ostendere.
2847 2278 2958 2347 Ego
3016 2276 3177 2341 enim,
3234 2276 3425 2346 inquit,

1858 2368 1991 2437 elegi
2023 2382 2115 2423 eos
2142 2368 2280 2422 utin
2315 2369 2601 2424 solitudine
2630 2384 2783 2424 uvam
2819 2369 3114 2432 inventam,
3166 2376 3219 2421 et
3267 2377 3323 2421 ut
3368 2368 3429 2421 li-

1859 2474 1981 2512 cum
2008 2469 2269 2513 maturam
2302 2460 2368 2514 ab
2396 2462 2588 2515 arbore
2627 2462 2932 2529 decerptam
2966 2479 2979 2513 :
3005 2460 3163 2514 eduxi
3192 2461 3333 2514 enim
3360 2475 3428 2514 ex

1858 2547 2112 2619 Egypto,
2143 2566 2302 2618 quam
2333 2561 2495 2604 totam
2552 2551 2873 2613 idololatria,
2915 2559 2971 2604 et
3000 2565 3174 2612 error,
3227 2561 3280 2603 et
3316 2566 3429 2603 ma-

1858 2655 1961 2706 gna
2014 2640 2190 2695 omnis
2239 2640 2361 2694 boni
2416 2642 2636 2709 penuria
2691 2640 3027 2693 obsidebant.
3080 2640 3215 2704 Quid
3269 2640 3430 2707 igitur

1858 2730 2036 2794 electi,
2071 2730 2199 2800 quid
2248 2747 2407 2784 manu
2461 2745 2577 2784 mea
2631 2730 2836 2799 erepti?
2905 2728 3315 2783 Declinaveruut
3358 2730 3427 2784 ad

1858 2820 2212 2891 Beelphegor,
2248 2822 2315 2876 ab
2361 2821 2595 2875 amicitia
2630 2836 2747 2875 mea
2776 2821 3119 2876 desciverunt
3150 2821 3200 2874 iu
3233 2820 3425 2874 conlu-

1859 2912 2096 2979 sionem;
2145 2914 2249 2968 hoc
2274 2914 2415 2966 enim
2448 2925 2550 2975 est,
2582 2914 2725 2981 quod
2757 2912 2833 2966 ait
2867 2930 2882 2966 :
2927 2931 2944 2963 ι
2975 2911 3271 2966 Abalienati
3302 2921 3429 2966 sunt

1861 3007 1913 3059 in
1940 3006 2334 3061 confusionem.
2370 3026 2387 3059 ι
2428 3007 2582 3077 137
2616 3006 3000 3061 Conlusionem
3050 3015 3229 3059 autem
3272 3014 3426 3059 vocat

1864 3098 2193 3170 Beelphegor
2219 3118 2230 3152 :
2260 3108 2373 3153 erat
2414 3100 2556 3152 enim
2606 3100 2804 3153 idolum
2847 3100 3015 3154 forma
3046 3099 3283 3153 omnium
3316 3106 3428 3153 tur-

1859 3191 2079 3260 pissima
2112 3198 2164 3245 et
2188 3201 2410 3259 aspectu
2442 3192 2805 3245 inhonestum.

1928 3367 2107 3433 Quare
2136 3365 2411 3435 cupientes
2440 3380 2561 3420 esse
2590 3380 2707 3418 cum
2744 3363 2872 3427 Deo,
2904 3376 3134 3431 eumque
3160 3376 3425 3417 veneran-

1859 3468 1958 3522 tes,
1985 3468 2041 3510 nt
2072 3457 2159 3526 qui
2193 3473 2291 3512 nos
2320 3458 2547 3519 vocavit,
2583 3466 2633 3510 et
2660 3456 2841 3525 elegit,
2873 3463 2927 3507 et
2956 3464 3207 3522 tanquam
3240 3469 3306 3507 ex
3336 3469 3427 3509 so-

1856 3550 2080 3604 litudine
2114 3560 2167 3604 et
2205 3562 2347 3604 terra
2384 3550 2569 3618 Spinas
2604 3560 2897 3619 generante
2931 3547 3151 3615 eripuit,
3180 3560 3245 3599 ex
3281 3556 3428 3601 Statu

1855 3642 2103 3696 videlicet
2132 3641 2313 3694 mttudi
2345 3640 2531 3709 hujus,
2565 3651 2727 3709 atque
2756 3649 2814 3693 ut
2840 3654 2995 3692 uvam
3021 3648 3076 3693 et
3103 3638 3261 3693 licunt
3292 3648 3429 3692 teut-

1855 3733 2117 3801 pcstivam
2153 3732 2453 3795 adamavit,
2489 3732 2922 3800 conjunctionem
2957 3745 3077 3785 cum
3110 3731 3228 3800 ipso
3262 3731 3433 3786 indis-

1855 3821 2162 3887 solubilem,
2207 3822 2564 3890 spiritualem,
2606 3820 2847 3888 inquam,
2888 3820 3237 3873 retineamus.
3278 3820 3429 3885 Quod

1854 3915 1897 3967 si
1930 3913 1996 3966 ad
2030 3914 2285 3968 indecora
2332 3912 2575 3981 quaedam
2611 3911 2773 3979 eique
2802 3911 2987 3964 odiosa
3018 3908 3430 3971 deﬂexerimus,

1855 4002 1987 4056 nihil
2014 4018 2042 4056 ε
2071 4004 2320 4073 gentibus
2350 4001 2677 4057 diﬂ'eremus.
2704 4002 2920 4056 Erimus
2947 4002 3090 4054 enim
3123 4014 3219 4054 nos
3246 3999 3428 4052 dilecti

1854 4109 1918 4147 eo
1946 4094 2064 4148 loco
2094 4109 2200 4163 quo
2228 4094 2518 4157 exsecrati,
2542 4107 2677 4161 quos
2705 4108 2915 4161 azquum
2943 4101 3026 4146 est
3055 4091 3250 4144 odisse.
3283 4108 3301 4139 ι
3332 4090 3429 4143 Ju-

1854 4187 1999 4241 stitia
2033 4188 2178 4240 enim
2207 4185 2371 4254 justi,
2404 4185 2608 4256 inquit,
2643 4200 2747 4240 non
2782 4184 3034 4238 liberabit
3065 4196 3224 4245 eum;
3262 4182 3314 4234 in
3347 4182 3433 4234 die

1853 4294 1955 4346 qua
1994 4277 2321 4347 peccaverit,
2356 4279 2616 4332 morietur
2639 4279 2704 4333 ⁵⁷.
2749 4298 2765 4327 ι
2801 4277 2855 4329 Et
2896 4273 3266 4344 persapienter
3291 4273 3420 4325 scri-

1854 4372 1934 4425 bit
1967 4373 2156 4425 heatus
2190 4370 2387 4423 Paulus
2418 4388 2429 4423 :
2471 4388 2490 4422 ι
2532 4370 2715 4436 Itaque
2745 4370 2833 4438 qui
2867 4384 2924 4422 se
2954 4365 3230 4420 existimat
3262 4374 3427 4425 stare,

1860 4464 2038 4519 videat
2072 4480 2136 4519 ne
2167 4465 2324 4519 cadat
2345 4463 2410 4515 ⁸⁸.
2432 4481 2468 4522 δ

1938 4639 2096 4693 Vens.
2132 4639 2218 4692 ll.
2254 4638 2505 4708 Ephraim
2534 4639 2682 4707 quasi
2714 4637 2821 4689 uvis
2851 4648 3061 4689 extensa
3091 4646 3188 4690 est.

1931 4730 2065 4787 CIV.
2106 4731 2455 4799 Quaecunque
2486 4745 2613 4784 aves
2644 4744 2745 4782 non
2779 4729 2988 4782 cicures
3015 4737 3069 4782 et
3100 4724 3429 4785 domesticae.

1856 4823 1943 4877 ubi
1992 4831 2161 4890 captaa
2209 4822 2441 4885 fuerint,
2483 4821 2881 4885 custodiuntur,
2922 4826 2975 4873 et
3018 4817 3264 4873 dominos
3304 4831 3432 4869 suos

1856 4913 2146 4967 delectant.
2187 4911 2281 4965 Sin
2321 4925 2441 4979 qua:
2481 4909 2856 4979 opportunitas
2895 4906 3104 4961 volandi
3149 4907 3428 4966 inciderit,

1857 5005 1991 5058 citra
2020 5019 2225 5057 moram
2253 5002 2536 5057 celerrime
2558 5002 2623 5055 ad
2651 5011 2966 5057 consuetum
2995 5000 3095 5055 sibi
3118 4998 3239 5053 vitae
3264 5014 3433 5068 genus

1860 5095 2096 5149 avolant.
2140 5096 2321 5161 Itaque
2366 5102 2558 5161 captus
2598 5101 2685 5147 est
2728 5092 3129 5161 quodammodo
3178 5107 3207 5145 a
3250 5090 3432 5162 Moyse

1859 5186 2095 5240 volucris
2138 5186 2307 5239 instar
2348 5183 2535 5248 Israel,
2576 5192 2631 5239 et
2674 5184 2888 5240 oblatus
2931 5184 3058 5248 Deo,
3099 5192 3154 5239 et
3195 5186 3330 5237 bene
3368 5197 3431 5234 ac

1861 5277 2016 5331 beate
2057 5276 2321 5339 habebat,
2356 5274 2636 5343 disciplina
2672 5262 2808 5346 legis
2839 5275 3182 5340 doeel‘aetus,
3216 5284 3270 5329 et
3309 5288 3427 5326 cum

1861 5384 1988 5423 cura
2026 5367 2463 5437 indulgentiaque
2500 5376 2764 5424 tractatus
2795 5367 3046 5440 desuper.
3077 5369 3182 5423 Sed
3218 5378 3427 5420 rursum

1862 5459 1950 5516 ubi
1991 5461 2137 5531 prius
2176 5470 2290 5515 erat
2326 5458 2593 5526 avolavit,
2629 5471 2835 5517 tantum
2873 5476 2977 5519 non
3015 5476 3174 5517 manu
3210 5454 3429 5523 aucupis

256 5624 295 5655 ⁸³
324 5642 492 5701 Jndie.
524 5664 615 5711 xx,
643 5644 867 5715 passim.
945 5645 989 5676 °‘
1029 5641 1090 5697 IV
1128 5642 1257 5709 Reg.
1294 5657 1400 5709 xw,
1432 5642 1517 5696 15.
1594 5640 1636 5671 ⁸⁷
1671 5637 1868 5695 Ezech.
1900 5652 2087 5704 xxxut,
2122 5638 2210 5694 i2.
2289 5641 2332 5671 ⁶⁶
2363 5638 2378 5692 l
2404 5645 2531 5703 Cor.
2565 5658 2617 5705 κ,
2646 5641 2726 5693 l2.
