3954 6208
507 281 606 338 231

1539 279 1596 335 S.
1639 280 1919 337 CYRILLI
1957 279 2424 337 ALEXANDRINI
2457 281 2780 339 AllClllEP.

3666 281 3772 336 23'!

508 406 591 464 sui
637 404 872 475 elapsus.
912 402 1121 458 Poteris
1157 412 1210 458 ct
1247 403 1352 460 alio
1389 418 1555 460 sensu
1591 407 1733 475 quod
1776 405 1976 460 dictum
2014 419 2069 460 es

2203 404 2342 474 έπτη
2376 405 2432 458 δὲ
2453 404 2734 474 πάλιν,ἐςρ’
2765 405 2898 476 ὅπερ
2925 399 2992 476 ἦν
3020 405 3076 458 ὲν
3110 402 3328 476 ἀρχαῖς,
3369 401 3649 474 μονονουχὶ
3674 402 3773 470 τὴν

509 499 776 568 accipere.
813 496 992 551 Multa:
1025 511 1150 551 aves
1189 496 1423 552 climatis
1469 497 1553 552 sui
1591 497 1824 552 hiemem
1865 511 1971 551 non
2015 497 2093 550 fe-

507 600 712 656 rentes,
745 589 919 643 aliena
950 598 1159 658 petunt,
1191 597 1246 644 et
1275 590 1396 644 sine
1423 590 1680 661 magistro
1705 589 1836 660 quid
1868 588 1970 645 sibi
1996 604 2092 643 ex-

507 681 690 752 pediat
745 691 1045 747 noverunt,
1096 689 1257 750 prout
1306 681 1584 738 Conditori
1639 681 1859 752 placuit.
1913 680 2090 736 Simili

507 774 669 828 modo
693 782 748 827 et
773 772 1029 841 Ephraim
1058 772 1369 828 bellicarum
1395 775 1762 830 calamitatum
1789 783 1935 831 metu
1963 788 2090 844 per-

508 878 730 933 cussus,
762 865 814 918 in
841 863 1135 934 IEgypIum
1167 865 1420 922 avolavit.

581 1149 743 1206 Vatis.
771 1150 858 1206 12.
886 1149 1085 1205 Gloriae
1109 1167 1289 1205 eorum
1319 1168 1383 1206 ex
1409 1154 1683 1221 partubus,
1708 1162 1756 1208 et
1787 1154 2080 1224 doloribus,

502 1251 550 1296 et
589 1240 937 1310 conceptibus.
973 1240 1152 1306 Quare
1190 1243 1395 1296 etiamsi
1436 1244 1720 1297 nutrierint
1757 1243 1900 1312 ﬁlios
1938 1261 2083 1312 suos,

503 1337 614 1389 sine
641 1333 768 1403 ﬁliis
799 1344 950 1388 erunt
982 1350 1045 1387 ea:
1073 1333 1396 1398 hominibus,
1424 1337 1550 1404 quia
1579 1348 1628 1391 et
1661 1353 1736 1391 va:
1769 1337 1843 1390 eis
1876 1347 1976 1391 est.

569 1534 678 1590 CV.
718 1533 1016 1604 Aufugiens
1049 1535 1118 1591 ad
1144 1535 1430 1608 Egyptios
1462 1551 1492 1591 a
1526 1539 1714 1607 patriis
1749 1539 1966 1596 sedibus
2001 1540 2082 1594 ls-

499 1626 642 1690 rael,
682 1624 848 1682 Deum
887 1627 1034 1694 regni
1071 1627 1214 1681 illius
1253 1629 1533 1682 tutelarem
1571 1629 1830 1684 auxilium
1865 1635 2078 1686 orabat.

496 1711 636 1766 Num
681 1715 836 1782 quasi
877 1713 1018 1768 Deus
1063 1723 1208 1770 esset
1247 1716 1580 1784 imbecillus,
1619 1735 1820 1789 eosque
1860 1737 2080 1777 servare

2195 497 2289 551 τοῦ
2323 497 2577 562 λαϐόντος
2623 503 2776 569 χεῖρα
2811 497 3136 567 διεκφυγὼν.
3181 495 3252 548 Ἢ
3302 496 3394 547 καὶ
3429 489 3548 547 καθ’
3584 493 3772 562 ἕτερον

2194 571 2393 658 τρόπον
2447 591 2699 662 συνήσεις
2747 589 2806 642 τὸ
2859 590 3170 661 εἰρημένον.
3205 586 3382 640 Πολλὰ
3429 584 3536 638 τῶν
3571 584 3773 654 ὀρνέων

2193 683 2317 745 τοὺς
2347 682 2673 752 ἐπιχωρίους
2703 681 2981 751 χειμῶνας
3014 681 3074 733 οὐ
3118 681 3370 751 φέροντα,
3400 679 3533 749 προς
3577 675 3773 746 ἐτέρας

2195 773 2549 844 μεθίστανται
2585 773 2788 844 χώρας,
2819 774 3115 836 ἀδιδάκτως
3145 772 3337 842 ἔχοντα
3378 771 3477 841 τὴν
3507 769 3598 822 τοῦ
3633 785 3774 836 συμ-

2193 865 2451 936 φέροντος
2495 865 2722 933 γνῶσιν,
2772 867 2913 918 κατὰ
2961 865 3022 916 τὸ
3063 861 3250 916 δοκοῦν
3300 862 3376 933 τῷ
3426 859 3792 928 πεποιηκότι.,

2204 957 2344 1010 Ἀλλ’
2390 960 2448 1010 ὲν
2483 958 2582 1027 ἴσῳ
2627 959 2812 1030 τρόπῳ
2845 959 2939 1011 καὶ
2969 960 2997 1011 ὁ
3035 957 3273 1030 Ἐφραίμ
3303 957 3401 1019 τὰς
3435 957 3498 1008 ὲκ
3527 951 3794 1024 πολέμου¹

2188 1048 2380 1113 δεδιὼς
2411 1050 2697 1122 συμφορὰς
2728 1052 2947 1120 ἀπέπτη
2975 1050 3113 1120 πρὸς
3144 1048 3488 1118 Αἰγυπτίους.

2250 1142 2320 1193 Al
2365 1139 2537 1204 δόξαι
2588 1139 2786 1194 αὐτῶν
2826 1141 2896 1195 ἐκ
2950 1142 3160 1206 τόκων,
3216 1141 3314 1195 καὶ
3362 1139 3612 1207 ὠδίνων,
3669 1137 3794 1194 kal?

2187 1231 2762 1300 avMﬁ-yi°ewr._mdtt
2810 1233 2910 1287 καὶ
2955 1234 3064 1288 ἐὰν
3109 1233 3440 1301 ἐκτρέψωσι
3475 1232 3544 1287 τὰ
3588 1232 3772 1286 τέκνα

2185 1321 2403 1386 αὐτῶν,
2452 1323 2972 1391 ἀτεκνωθήσονται
3007 1324 3076 1390 ἐξ
3107 1324 3450 1392 ἀνθρώπιον,
3482 1324 3630 1378 διότι
3668 1325 3769 1378 καὶ

2185 1413 2316 1467 οὐαί
2357 1415 2560 1480 αὐτοῖς
2602 1415 2731 1467 ἐστι
2743 1455 2756 1468 .

2256 1506 2376 1559 PE’.
2432 1507 2664 1579 Ἀπέδρα
2720 1510 2856 1580 πρὸς
2911 1508 3240 1578 Αἰγυπτίους
3287 1509 3386 1582 τὴν
3436 1509 3767 1579 ὲνεγκοῦσαν

2186 1595 2344 1666 ἀφεὶς
2375 1599 2404 1650 ὁ
2448 1598 2682 1669 Ἰσραὴλ,
2713 1599 2988 1671 ὲπαμῦναί
3019 1602 3080 1654 τέ
3110 1603 3158 1654 οἱ
3188 1602 3485 1672 παρεκάλει
3511 1602 3600 1654 τὸν
3629 1600 3764 1654 Θεὸν

2182 1687 2280 1757 τῆς
2310 1687 2490 1759 χώρας
2519 1692 2840 1760 ἡγούμενον.
2879 1687 3014 1764 *Αρῖ
3034 1694 3110 1756 ὡς
3140 1693 3451 1756 ἀτονοῦντος
3481 1692 3639 1760 Θεοῦ,
3669 1689 3781 1746 καί

497 1818 602 1857 non
642 1804 861 1874 posset?
897 1805 1237 1875 Neutiquam.
1276 1808 1368 1862 Est
1409 1810 1552 1864 enim
1589 1811 1958 1868 valentissima
1987 1815 2069 1868 Di-

2184 1777 2375 1840 σώζειν
2401 1780 2596 1842 αὐτοὺς
2625 1781 2722 1849 οὐχ
2750 1781 2861 1833 οἵου
2885 1799 2944 1835 τε
2969 1798 2984 1848 ;
3017 1782 3313 1853 Οῦμενουν.
3349 1782 3628 1846 Παναλκὲς
3655 1783 3760 1854 γὰρ

497 1897 726 1961 vinitas,
757 1907 812 1952 et
846 1898 1042 1952 bellum
1079 1899 1148 1953 ab
1178 1898 1416 1969 Assyriis
1455 1901 1744 1959 imminens
1778 1906 2076 1974 reprimere

494 1986 654 2043 facile
681 1999 912 2059 poterat.
938 1989 1180 2059 Contigit
1209 2003 1388 2045 autem
1417 1993 1530 2048 batc
1558 1996 1766 2065 perpeti
1794 1996 2072 2066 Ephraim,

496 2080 610 2134 sive
641 2079 915 2146 lsraelem,
946 2081 1068 2149 quia
1104 2083 1295 2136 relicto
1329 2083 1437 2137 Deo
1469 2085 1758 2150 salvatore,
1789 2096 1842 2141 et
1874 2088 1925 2141 in
1960 2089 2075 2157 ipso

494 2183 558 2221 ac
589 2168 704 2222 solo
733 2168 995 2235 gloriandi
1032 2169 1643 2239 las-perseverantia,
1672 2181 1730 2227 ut
1763 2190 1820 2228 re
1843 2175 1958 2244 jam
1984 2190 2076 2231 ve-

498 2260 597 2313 teri
625 2268 785 2336 atque
810 2261 1046 2315 obsoleta
1069 2301 1083 2325 ,
1114 2261 1420 2330 posthabita
1445 2303 1460 2327 ,
1487 2264 1872 2322 existimabant
1897 2283 1994 2337 per
2017 2285 2076 2325 se

493 2349 740 2404 hostibus
769 2350 1137 2405 formidabiles
1169 2351 1316 2416 fore,
1347 2368 1446 2408 nec
1472 2354 1540 2408 ab
1570 2355 1634 2410 iis
1663 2356 1944 2414 subactum
1975 2361 2072 2430 iri,

491 2451 613 2492 cum
652 2438 704 2492 in
743 2446 950 2493 tantam
987 2439 1346 2509 frequentiam
1390 2453 1576 2496 essent
1615 2446 1795 2513 aucti,
1831 2447 2072 2503 abunda-

492 2538 724 2597 rentque
773 2526 1066 2583 liberorum
1117 2527 1460 2584 multitudine
1507 2530 1738 2587 inﬁnita.
1784 2533 2073 2592 Pariebant

490 2620 634 2674 enim
684 2619 935 2676 mulieres
978 2635 1164 2676 eorum
1214 2622 1510 2677 secundum
1553 2627 1970 2692 promissionem
2019 2640 2073 2686 et

489 2713 948 2779 benedictionem,
979 2713 1162 2785 Moyse
1189 2715 1262 2769 ita
1289 2715 1583 2770 vaticinato
1613 2734 1623 2770 :
1662 2734 1682 2768 ι
1720 2716 1832 2772 Non
1862 2721 1965 2774 erit
1992 2721 2074 2775 in-

489 2800 750 2868 fecunda,
792 2819 892 2858 nec
930 2803 1133 2860 sterilis
1175 2806 1229 2860 in
1275 2806 1398 2859 ﬁliis
1433 2807 1684 2863 Israel“.
1731 2829 1750 2862 ι
1793 2809 1898 2864 Sed
1937 2812 2074 2868 mire

499 2891 699 2946 fatuum
720 2901 834 2947 erat
856 2901 1076 2963 propter
1093 2893 1490 2949 multitudinem
1515 2911 1802 2966 corporum
1828 2910 2072 2955 contem-

489 2997 622 3037 nere
651 2982 746 3036 Dei
779 2982 1062 3038 auxilium.
1092 2980 1447 3052 Cogitandum
1478 2986 1582 3043 illis
1609 2991 1806 3058 potius,
1836 2991 1880 3045 si
1911 3006 2070 3062 sape-

491 3081 632 3139 rent,
658 3088 777 3129 cum
808 3074 945 3144 ipso,
971 3083 1027 3130 et
1055 3090 1148 3145 per
1177 3076 1350 3145 ipsum
1380 3096 1398 3130 ι
1430 3082 1680 3150 persequi
1711 3097 1868 3150 posse
1905 3098 2067 3138 unum

489 3161 669 3229 mille,
703 3172 759 3218 et
791 3164 928 3218 duos
962 3163 1242 3236 fugaturos
1274 3165 1458 3222 decem
1494 3169 1656 3222 millia
1684 3171 1752 3224 ⁷ο.
1791 3189 1810 3224 ι
1852 3171 2072 3227 Placent

490 3252 672 3323 itaque
701 3252 825 3321 sibi,
853 3264 907 3309 et
928 3254 1140 3324 jactant
1165 3271 1246 3322 se,
1275 3255 1470 3327 inquit,
1502 3274 1605 3312 non
1636 3259 1689 3313 in
1723 3261 1830 3315 Deo
1855 3263 2074 3330 potissi-

388 3382 392 3386 π
489 3358 666 3411 mum;
691 3347 784 3400 sed
810 3344 994 3416 gloria:
1015 3347 1116 3401 sibi
1139 3347 1342 3402 ducunt
1361 3357 1565 3418 partus,
1590 3359 1645 3405 et
1664 3353 2066 3422 conceptiones,

484 3442 541 3490 et
569 3434 780 3491 dolores
813 3437 1230 3506 parturientium
1259 3437 1578 3494 feminarum
1609 3455 1848 3498 suarum.
1881 3443 2072 3499 Sciant

487 3527 674 3596 igitur,
715 3529 925 3583 etiamsi
972 3530 1256 3599 genuerint
1300 3529 1467 3597 ﬁlios,
1513 3532 1729 3587 etiamsi
1773 3533 2070 3591 laborarint

487 3617 823 3671 enutrientes
865 3615 1085 3683 liberos,
1129 3617 1242 3672 fore
1283 3629 1340 3673 ut
1385 3621 1722 3688 paenitudine
1762 3625 2066 3693 capiantur,

486 3723 606 3763 cum
651 3723 709 3762 se
751 3706 954 3761 frustra
999 3708 1233 3762 viderint
1279 3710 1575 3768 laborasse.
1619 3712 1876 3770 Filiorum
1920 3717 2067 3772 enim

485 3797 773 3853 orbitatem
805 3797 1130 3852 omnimodis
1159 3799 1482 3868 plorabunt,
1513 3810 1570 3857 et
1597 3803 1806 3873 gladius
1836 3806 2066 3878 Babylo-

487 3890 641 3944 nicus
683 3891 749 3944 ad
792 3904 962 3960 genus
1006 3890 1244 3959 ipsorum
1285 3890 1445 3949 facile
1486 3894 1772 3950 delendum
1815 3897 2062 3954 suﬁiciet.

491 4000 510 4034 ι
547 3980 683 4048 Quia
713 3989 768 4036 et
794 3995 871 4036 vae
901 3981 1005 4036 illis
1034 3991 1136 4036 est.
1175 4001 1194 4035 ι
1227 3983 1391 4051 Quasi
1422 3985 1596 4052 dicat,
1625 3984 1736 4041 Deo
1760 3987 1812 4041 in
1842 3987 1962 4043 illos
1988 4003 2067 4044 ιντο

484 4072 765 4136 vibrante,
799 4073 919 4142 quis
960 4073 1066 4128 illis
1105 4073 1346 4128 lzetitiam
1389 4076 1785 4147 suppeditabit?
1820 4077 1877 4133 Si
1919 4079 2064 4134 enim

492 4179 512 4214 ι
555 4161 809 4218 clauserit
850 4172 1042 4218 contra
1085 4163 1391 4233 hominem,
1423 4167 1546 4236 quis
1585 4170 1792 4240 aperiet
1822 4169 1907 4225 “7
1947 4189 1967 4224 ι
2007 4179 2064 4226 ιιι

485 4253 745 4322 scriptum
771 4264 970 4310 exstat.
1075 4318 1080 4322 1

552 4342 684 4400 (Νι.
726 4342 866 4400 Caro
902 4362 1018 4401 mea
1053 4364 1118 4401 ea:
1147 4349 1242 4403 eis.

2175 1867 2236 1920 τὸ
2268 1868 2439 1934 Θεῖον,
2466 1870 2559 1923 καὶ
2590 1871 2688 1922 οὐκ
2711 1873 2981 1937 ἀνικάνως
3012 1873 3154 1943 ἔχον,
3194 1875 3284 1929 τὸν
3311 1875 3417 1928 τῶν
3461 1877 3760 1946 Ἀσσυρίων

2177 1960 2520 2031 ἀποσοϐῆσαι
2552 1963 2803 2034 πόλεμον.
2835 1965 3154 2037 Συμϐἐὸηκε
3184 1967 3238 2019 δὲ
3277 1967 3344 2019 τὰ
3370 1967 3547 2020 τοιάδε
3572 1968 3762 2020 παθεῖν

2175 2052 2303 2116 τοὺς
2330 2053 2389 2116 ἐξ
2425 2053 2690 2124 Ἑφραῒμ,
2715 2056 2833 2126 ἦτοι
2861 2058 2951 2110 τὸν
2987 2058 3214 2129 Ἰσραὴλ,
3244 2060 3326 2112 ὅτι
3356 2059 3485 2112 Θεὸν
3533 2060 3763 2129 ἀφέντες

2174 2144 2267 2199 τὸν
2294 2145 2555 2213 σώζοντα,
2593 2150 2684 2202 καὶ
2739 2150 2797 2204 τὸ
2830 2153 2916 2203 ἐπ’
2949 2151 3097 2221 αὐτῴ
3131 2152 3193 2220 δὴ
3243 2151 3336 2204 καὶ
3372 2152 3515 2222 μόνῳ
3549 2152 3764 2222 μεγάλα

2176 2241 2391 2306 φρονεῖν
2421 2238 2770 2305 διατελῶντες
2794 2241 2867 2312 (1)
2911 2241 2984 2306 ὡς
3020 2243 3205 2308 ἕωλον,
3236 2243 3402 2313 ᾤοντο
3433 2243 3574 2296 κατὰ
3617 2247 3762 2313 σφᾶς

2173 2325 2359 2392 δεινοὶ,
2394 2330 2503 2381 καὶ·
2517 2331 2782 2384 ἀνάλωτοι
2809 2333 3132 2402 γενήσεσθαι
3161 2337 3272 2397 τοῖς
3303 2335 3533 2405 ἐχθροῖς,
3560 2335 3647 2387 διά
3675 2353 3759 2388 τοι

2173 2419 2236 2472 τὸ
2281 2421 2362 2483 είς
2400 2419 2608 2490 πληθὺν
2638 2423 2960 2475 ἐκτετάσθαι
2994 2424 3212 2494 πολλὴν,
3263 2427 3356 2478 καὶ
3389 2426 3762 2496 ἀναρίθμητον

2175 2507 2321 2578 ἔχειν
2354 2511 2452 2580 τὴν
2493 2511 2870 2566 πολυπαιδίαν.
2922 2514 3173 2566 Ἔτικτον
3220 2515 3318 2584 μὲν
3371 2515 3478 2585 γὰρ
3523 2517 3578 2568 αἱ
3623 2516 3754 2588 παρ’

2175 2603 2356 2665 αὐτοῖς
2402 2605 2656 2670 γυναῖκες
2699 2605 2818 2656 κατ’
2871 2605 3222 2672 ἐπαγγελίαν,
3260 2608 3351 2659 καὶ
3398 2609 3454 2660 ὲν
3507 2608 3757 2675 εὐλογίας

2172 2692 2344 2758 τάξει,
2391 2692 2632 2756 Μωσέως
2690 2697 3099 2766 προειρηκότος,
3165 2717 3180 2748 ι
3208 2698 3319 2750 Οὐκ
3343 2699 3493 2753 ἔσται
3539 2701 3753 2769 ἄγονος,

2173 2783 2292 2836 οὐδὲ
2343 2787 2532 2855 στεῖρα
2569 2786 2626 2839 ἐν
2653 2786 2789 2849 υἱοῖς
2833 2787 3066 2858 Ἰσραήλ.
3106 2806 3125 2838 ι
3181 2789 3319 2842 Ἀλλ’
3345 2787 3412 2861 ἦν
3445 2790 3635 2861 εὔηθες
3663 2811 3754 2846 κο·-

2177 2873 2324 2943 μιδῇ,
2352 2873 2438 2926 διὰ
2470 2874 2680 2944 πληθὺν
2710 2874 2978 2945 σωμάτων
3025 2879 3311 2950 ἀφειδῆσαι
3360 2882 3608 2952 βοηθείας
3653 2885 3755 2952 τῆς

2173 2965 2324 3034 παρὰ
2354 2964 2510 3019 Θεοῦ.
2568 2967 2844 3037 Ἑννοῆσαι
2893 2969 2950 3020 δὲ
3001 2970 3198 3039 μᾶλλον
3245 2971 3378 3043 ὀρθὰ
3424 2975 3754 3044 φρονοῦντας

2175 3056 2360 3126 ἐχρῆν,
2387 3056 2466 3108 ὅτι
2502 3058 2599 3110 σὺν
2626 3058 2774 3128 αὐτῴ
2804 3076 2859 3111 τε
2912 3061 3006 3112 καὶ
3032 3061 3098 3113 δι’
3130 3063 3290 3117 αὑτοῦ
3327 3083 3343 3116 ι
3371 3067 3629 3132 Διιδξεται
3654 3069 3756 3135 μὲν

2099 3126 2141 3183 C
2175 3140 2255 3208 εἷς
2288 3137 2510 3214 χιλίους,
2545 3146 2638 3199 δύο
2665 3147 2720 3199 δὲ
2751 3151 3170 3220 μετακινήσουσι
3198 3154 3483 3222 μυριάδας.
3529 3176 3545 3206 ι
3590 3155 3757 3207 Ἀττο⁹

2175 3237 2527 3308 σεμνύνονται
2554 3239 2754 3304 τοίνυν,
2783 3243 2968 3309 φησιν,
3004 3243 3105 3294 οὐκ
3135 3245 3228 3296 ἐπὶ
3247 3245 3364 3314 Θεῷ
3391 3245 3607 3314 μᾶλλον,
3638 3264 3755 3300 ποι-

2171 3331 2358 3385 οῦνται
2386 3331 2442 3384 δὲ
2469 3331 2625 3396 δόξαν
2667 3331 2885 3397 τόκους,
2927 3333 3022 3385 καὶ
3073 3334 3382 3404 συλλήψεις,
3428 3337 3520 3388 καὶ
3556 3337 3756 3401 ὠδῖνας

2169 3424 2276 3476 τῶν
2309 3425 2436 3494 παρ’
2470 3424 2652 3487 αὐτοῖς
2681 3423 2976 3491 γυναικῶν.
3015 3426 3280 3479 Ἴστωσαν
3303 3427 3366 3497 δὴ
3393 3425 3504 3493 οὖν,
3533 3428 3610 3480 ὅτι
3644 3428 3751 3482 κᾶν

2168 3517 2216 3568 εί
2250 3515 2456 3568 τέκοιεν
2484 3515 2654 3580 υἱοὺς,
2703 3515 2806 3567 κᾶν
2835 3517 2881 3566 εί
2917 3515 3145 3584 κάμοιεν
3177 3517 3531 3588 ἐκτρέφοντες
3557 3520 3751 3585 τέκνα,

2172 3607 2608 3678 μεταγνώσονται
2675 3606 2961 3670 πονοῦντες
3021 3607 3167 3678 εἰκῆ.
3236 3609 3574 3680 Θρηνήσουσι
3638 3611 3748 3682 γὰρ

2169 3700 2349 3770 πάντη
2375 3716 2436 3752 τε
2464 3700 2560 3751 καὶ
2595 3699 2817 3761 πάντως
2848 3699 2945 3770 τὴν
2988 3700 3262 3753 ἀπαιδίαν.
3309 3701 3553 3772 ’Λρκέσει
3578 3702 3632 3756 δὲ
3665 3703 3748 3768 ξί-

2168 3809 2266 3862 φος
2312 3793 2493 3856 αὐτοῖς
2521 3791 2581 3845 τὸ
2613 3790 2952 3845 Βαϐυλώνιον
2988 3794 3067 3855 εἰς
3102 3793 3160 3846 τὸ
3209 3795 3514 3865 δαπανῆσαι
3546 3797 3749 3867 ῥᾳδίως

2167 3885 2275 3938 πᾶν
2294 3883 2418 3937 ὅσον
2437 3883 2616 3936 αὐτῶν
2637 3884 2810 3953 γένος.
2844 3901 2861 3934 ι
2889 3884 3032 3936 Διότι
3061 3885 3152 3936 καὶ
3175 3886 3297 3938 οὐαὶ
3320 3887 3503 3950 αὐτοῖς
3523 3890 3687 3942 ἐστιν.
3715 3907 3738 3940 ι

2167 3973 2390 4046 Ὅμοιον
2421 3975 2494 4039 ὡς
2522 3977 2572 4028 εί
2604 3975 2773 4044 λέγοι,
2801 3975 2937 4028 Θεοῦ
2984 3977 3167 4040 αὐτοῖς
3205 3979 3651 4048 ἐπιρριπτοῦντος
3684 3979 3749 4032 τὺ

2163 4065 2305 4130 οὐαὶ,
2344 4067 2430 4132 τίς
2459 4065 2712 4121 ἐπιδώσει
2737 4068 2835 4138 τὴν
2863 4067 3161 4138 εὐθυμίαν;
3199 4071 3324 4122 Ἐὰν
3354 4072 3460 4141 γὰρ
3487 4091 3503 4122 ι
3537 4071 3745 4143 Κλείσῃ

2163 4161 2304 4214 κατὰ.
2349 4158 2659 4230 ἀνθρώπου,
2695 4159 2779 4222 τίς
2830 4160 3068 4229 ἀνοίξει;
3129 4179 3148 4212 ι
3203 4161 3345 4214 κατά
3389 4163 3451 4214 τὸ
3495 4180 3746 4234 γεγραμ-

2267 4267 2346 4304 ον.

2267 4267 2346 4304 ον.

2167 4251 2392 4408 μὲἔῖἁρξ
2417 4356 2535 4410 μου
2562 4340 2631 4405 ἐξ
2665 4341 2880 4395 αὐτῶν.

554 4437 792 4494 Minante
837 4437 949 4494 Deo
990 4450 1154 4510 atque
1193 4443 1356 4495 etiam
1399 4440 1613 4496 dicente
1653 4442 1722 4496 de
1761 4441 2053 4513 Ephraitn,

2230 4435 2368 4502 Ρεῖν.
2423 4435 2795 4500 Ἀπειλοῦντυς
2847 4435 3003 4504 Θεοῦ,
3046 4435 3140 4489 καὶ
3187 4435 3251 4506 δὴ
3297 4437 3389 4488 καὶ
3438 4435 3741 4504 φάσκοντος

482 4531 598 4590 sive
629 4532 696 4586 de
729 4532 874 4585 omni
906 4531 1094 4597 Israel,
1133 4532 1390 4586 radicitus
1425 4531 1744 4601 periturum,
1783 4542 1839 4588 et
1872 4534 2057 4603 deplo-

483 4628 724 4677 ratnrnm
754 4620 1068 4684 orbitatem,
1103 4621 1581 4690 laboraturumque
1610 4622 1809 4676 frustra
1841 4623 1893 4678 in
1925 4626 2055 4680 edu-

481 4711 696 4766 catione
719 4711 1035 4775 liberorum,
1063 4711 1298 4780 seipsum
1323 4714 1583 4781 propheta
1608 4713 1676 4768 ab
1700 4712 1904 4769 ultione
1929 4717 2054 4771 sub-

479 4801 658 4866 ducit,
684 4810 738 4857 et
771 4802 1165 4856 immunitatem
1200 4801 1268 4856 ab
1303 4804 1380 4856 ira
1417 4803 1496 4859 sic
1531 4817 1782 4874 precatur
1814 4825 1829 4862 :
1871 4825 1891 4859 ι
1913 4806 2054 4863 Caro

481 4908 599 4948 mea
626 4909 691 4949 ex
717 4894 817 4950 eis.
854 4913 873 4946 ι
907 4893 1144 4966 lnlellige
1176 4911 1196 4946 ι
1229 4909 1293 4949 ex
1320 4895 1419 4960 eis,
1456 4913 1475 4948 ι
1511 4895 1696 4965 procul
1725 4896 1794 4951 ab
1817 4898 1914 4954 eis.
1946 4897 2052 4952 Ex-

481 4991 562 5039 tra
593 4983 735 5052 illos,
762 4986 956 5055 inquit,
985 4988 1151 5056 enim,
1181 4997 1235 5042 et
1265 5002 1424 5057 quam
1457 4987 1765 5058 longissime
1796 5004 1895 5060 ego
1927 4991 2048 5055 sim,

479 5082 535 5127 et
581 5087 742 5130 omne
795 5092 962 5146 genus
1010 5095 1209 5136 meum.
1252 5079 1523 5135 Interdum
1573 5080 1716 5135 enim
1761 5082 1886 5137 huic
1931 5084 2052 5139 voci

485 5183 504 5216 ι
553 5178 700 5231 caro,
757 5184 775 5217 ι
825 5170 1036 5237 generis
1078 5186 1292 5242 quoque
1335 5174 1575 5243 subjecta
1621 5185 1705 5228 est
1747 5175 1918 5232 notio.
1959 5175 2051 5231 Sic

479 5259 623 5313 enim
650 5269 704 5312 et
728 5259 856 5314 illud
881 5259 1055 5325 Pauli,
1080 5273 1139 5316 ut
1166 5272 1308 5317 recte
1333 5264 1534 5318 dietum
1557 5265 1902 5332 accipiemus,
1927 5280 2049 5320 cum

478 5349 668 5411 scribit
705 5368 718 5404 :
763 5368 781 5403 ι
823 5351 1070 5419 Quaudiu
1111 5367 1210 5422 ego
1245 5355 1456 5421 quidem
1495 5371 1611 5410 sum
1647 5355 1888 5425 gentium
1923 5369 2052 5425 apo-

2162 4526 2411 4597 περὶτοῦ
2461 4527 2718 4598 Ἐφραῖμ,
2751 4530 2868 4600 ἦτοι
2905 4529 3104 4592 παντὸς
3131 4529 3222 4581 τοῦ
3267 4527 3499 4598 Ἰσραὴλ,
3532 4527 3606 4590 ὡς
3643 4530 3737 4580 καὶ

2158 4617 2433 4689 supputa;
2463 4619 2762 4684 ἀπολεῖται,
2790 4623 2883 4673 καὶ
2925 4622 3183 4692 θρηνήσει
3216 4620 3314 4690 τὴν
3343 4620 3619 4683 ἀπαιδίαν,
3639 4621 3736 4675 καὶ

2160 4712 2383 4780 πονήσει
2431 4710 2608 4782 μάτην
2670 4713 2763 4764 ἐπὶ
2805 4715 2926 4775 ταῖς
2978 4712 3085 4765 τῶν
3145 4713 3347 4765 τέκνων
3380 4713 3730 4782 ἀνατροφαῐς,

2159 4801 2347 4854 ἑαυτὸν
2372 4803 2400 4855 ὁ
2435 4803 2720 4874 προφήτης
2750 4804 3010 4873 ὑπεξάγει
3045 4803 3144 4876 τῆς
3175 4805 3350 4874 δίκης,
3401 4800 3505 4866 ἔξω
3550 4819 3610 4854 τε
3643 4820 3738 4870 γε·

2159 4894 2344 4950 νέσθαι
2368 4895 2466 4967 τῆς
2513 4895 2684 4966 ὀργῆς
2724 4896 3105 4967 προσεύχεται,
3141 4896 3343 4964 λέγων·
3388 4913 3406 4944 ι
3460 4893 3604 4964 Σάρξ
3634 4910 3735 4962 μου

2160 4986 2218 5052 ἐξ
2251 4986 2450 5040 αὐτῶν.
2493 5005 2511 5040 ι
2546 4985 2619 5040 Τὸ
2651 4987 2708 5040 δὲ
2742 5007 2760 5040 ι
2802 4987 2860 5054 ἐξ
2887 4988 3066 5042 αὐτῶν
3107 5006 3125 5039 ι
3165 4988 3437 5056 συνήσεις,
3480 4985 3599 5038 ἀντὶ
3640 4985 3734 5037 τοῦ

2163 5074 2381 5146 μακρὰν
2410 5075 2506 5129 ἀπ’
2545 5076 2746 5133 αὐτῶν.
2782 5077 2927 5141 Ἕξω
2955 5077 3062 5147 γὰρ
3105 5077 3284 5130 αὐτῶν
3318 5077 3412 5128 καὶ
3457 5077 3732 5140 ἀποτάτω,

2159 5169 2344 5239 φησὶν,
2394 5171 2554 5235 αὑτρς
2583 5189 2642 5224 τε
2690 5172 2947 5241 γενοίμην
2992 5169 3122 5238 ἐγὼ,
3173 5171 3264 5222 καὶ
3309 5170 3367 5223 τὸ
3417 5169 3546 5240 ἐμὸν
3591 5168 3735 5222 ᾶπαν

2158 5264 2332 5332 γένος.
2373 5264 2535 5335 Δηλοῖ
2567 5264 2675 5336 γὰρ
2703 5263 2813 5317 ἔσθ’
2843 5265 2930 5317 ὅτε
2966 5263 3060 5317 καὶ
3097 5263 3156 5316 τὸ
3187 5265 3341 5332 γένος
3378 5283 3394 5313 ι
3442 5264 3474 5333 ἡ
3510 5261 3666 5334 σάρξ.
3713 5282 3732 5313 ι

2170 5354 2526 5426 Ἐκδεξόμεθα
2552 5357 2660 5428 γὰρ
2683 5354 2824 5410 οὕτω
2846 5356 2938 5409 καὶ
2957 5355 3045 5410 διὰ
3070 5358 3166 5427 τῆς
3193 5355 3284 5408 τοῦ
3312 5354 3522 5408 Παύλου
3553 5355 3738 5427 φωνῆς

549 5532 594 5566 ⁹⁹
621 5529 791 5586 Exod.
826 5546 982 5597 mn,
1013 5531 1101 5587 26.
1179 5534 1223 5566 ⁷ο
1249 5534 1402 5590 Deut.
1435 5550 1602 5603 χχχιι,
1627 5535 1716 5589 '50.
1792 5534 1835 5566 τί
1874 5531 1975 5586 lsa.
2015 5545 2148 5599 χιιι,
2178 5531 2267 5588 22.

548 5710 621 5784 (1)
649 5711 766 5772 Ἰσ.
795 5708 1180 5784 διαπερῶντες.
