3898 6212
208 304 315 360 233

208 416 384 487 ὀρθῶς
413 415 727 487 είρημένον.
764 417 1014 487 Γέγραφε
1044 416 1150 486 γὰρ
1180 416 1297 468 ώδί⁸
1343 434 1360 466 ι
1410 414 1523 483 Ἐφ’
1548 415 1671 466 ὅσον
1700 412 1797 483 μὲν
1827 418 1871 473 Α

208 504 297 561 οὖν
342 506 457 575 ἐγώ
491 510 607 575 εἰμι
656 507 828 561 ἐθνῶν
875 507 1190 570 ἀπόστολος,
1226 506 1324 576 τὴν
1367 506 1641 560 διακονίαν
1694 520 1795 574 μου

207 600 434 666 δοξάζω,
461 600 516 652 εί
552 618 662 663 ,τως
716 599 1096 670 παραζηλώσω
1148 616 1248 667 μου
1294 598 1391 667 τὴν
1439 597 1639 668 σάρκα,
1704 596 1800 649 καὶ

210 690 365 743 σώσω
397 689 553 753 τινάς
580 690 638 755 ἐξ
667 690 864 742 αὐτῶν.
901 709 919 739 ι
964 689 1121 750 Ἐθος
1155 688 1209 739 δὲ
1241 690 1350 748 τοῖς
1379 687 1553 754 ἁγίοις
1584 688 1797 757 προφή-

210 800 347 847 ταις,
392 781 523 833 ὅταν
557 780 708 833 ἴδωσι
753 780 1015 841 πολλάκις
1047 780 1196 831 δεινά
1254 778 1347 831 καὶ
1376 778 1685 849 δυσφόρητα
1733 777 1800 827 τά

210 890 366 925 τινων
398 872 751 942 ἐγκλήματα,
780 872 967 924 λοιπον
1014 871 1080 922 τά
1114 871 1233 924 καθ’
1269 872 1493 932 ἑαυτοὺς
1524 870 1623 937 τῆς
1658 869 1799 921 ὲκεί-

214 979 315 1015 νων
340 962 626 1033 βδελυρίας
659 962 994 1033 ἀλλοτριοῦν.
1039 963 1147 1015 Καὶ
1177 960 1307 1029 γοῦν
1336 963 1361 1012 6
1387 961 1671 1031 προφήτης
1706 958 1799 1012 Ἰεη

216 1055 408 1125 ρεμίας
468 1054 742 1118 πλείστοις
799 1056 944 1117 ὅσοις
990 1054 1311 1125 αἰτιάμασιν
1367 1052 1800 1124 ὲμπεπτωκότας

213 1148 337 1209 τοὺς
387 1147 702 1211 Ἰουδαίους,
765 1149 859 1201 καὶ
904 1147 1023 1217 Θεῷ
1066 1145 1578 1218 προσκεκρουκότας
1634 1144 1797 1214 ὀρῶν,

222 1256 239 1287 ι
261 1237 456 1308 Κύριε,
477 1239 632 1309 φησὶ,
658 1239 1077 1309 παντοκράτωρ,
1098 1238 1196 1291 οὐκ
1226 1237 1449 1290 ἐκάθισα
1468 1239 1524 1290 ὲν
1542 1235 1799 1305 συνεδρίῳ

215 1330 389 1383 αὐτῶν
426 1329 757 1397 παιζόντων,
811 1332 927 1385 ἀλλ’
956 1332 1309 1403 ηὐλαϐούμην
1357 1331 1463 1383 ἀπὸ
1506 1328 1799 1400 προσώπου

213 1422 389 1491 χειρός
422 1439 516 1475 σου
538 1438 551 1451 ⁸
604 1425 914 1493 καταμόνας
960 1423 1267 1495 ἐκαθήμην,
1297 1423 1379 1476 ὅτι
1414 1422 1643 1493 πικρίας
1708 1420 1799 1472 ὲν-

213 1513 511 1584 επλήσθην.
550 1532 568 1565 ι
602 1517 694 1567 Δεῖ
722 1514 783 1585 δὴ
825 1511 919 1568 οὖν
948 1516 1054 1586 ἄρα
1088 1516 1364 1585 θαυμάσαι
1413 1515 1503 1566 τὸν
1532 1511 1800 1584 μακάριον

216 1604 449 1668 Παῦλον,
481 1606 609 1659 ὅταν
636 1608 768 1676 ήμῖν
800 1606 1109 1678 ἐπιστέλλῃο
1144 1626 1160 1657 ι
1192 1606 1390 1659 Σαυτὸν
1425 1606 1588 1672 ἁγνὸν
1620 1605 1798 1673 τήρει,

216 1698 307 1749 καὶ
336 1698 412 1767 μὴ
446 1698 689 1751 κοινώνει
720 1698 1015 1769 ἁμαρτίαις
1036 1698 1365 1767 ἀλλοτρίαις.
1408 1715 1428 1748 ι
1464 1695 1620 1749 Εἴποι
1662 1694 1705 1747 δ’
1735 1694 1801 1747 ἂν

1137 298 1695 358 COMMENTARIUS
1738 298 1803 353 IN
1845 298 2073 355 OSEAM
2118 300 2563 358 PROPHETAM.

3374 309 3479 366 255

1900 412 2091 478 stolus,
2117 414 2477 470 ministerium
2503 429 2683 470 meum
2710 414 3099 483 honoriﬁcabo,
3124 418 3169 474 si
3195 433 3300 489 quo
3324 423 3480 477 modo

1903 505 1967 559 ad
2001 505 2357 560 aemulandum
2394 520 2679 576 provocem
2717 522 2935 563 carnem
2972 526 3179 577 meam,
3215 520 3270 566 et
3302 512 3481 567 salvos

1902 596 2093 650 faciam
2137 596 2344 666 aliquos
2386 613 2447 652 ex
2492 598 2598 653 illis
2624 599 2691 653 ".
2740 618 2757 649 ι
2803 600 2916 654 Mos
2955 618 3116 671 porro
3155 612 3237 659 est
3277 605 3481 660 sanctis

1902 688 2212 757 prophetis,
2254 689 2295 741 si
2340 704 2481 757 smpe
2522 690 2704 759 gravia
2742 700 2793 745 et
2839 692 3178 748 intoleranda
3222 709 3480 763 quorum-

1903 779 2021 831 dam
2060 780 2262 833 scelera
2298 782 2565 845 viderint,
2605 783 2667 835 de
2706 792 2899 837 caetero
2933 800 2990 839 se
3024 786 3093 839 ab
3128 786 3342 841 illorum
3380 788 3480 840 im-

1903 868 2136 935 puritate
2169 877 2222 923 et
2261 866 2496 936 nequitia
2534 868 2837 938 seiungere.
2874 870 3052 937 Quare
3086 870 3351 927 Jeremias
3384 870 3479 925 Ju-

1904 961 2044 1012 dacos
2075 959 2124 1010 in
2160 958 2388 1025 plurima
2422 958 2612 1012 delicta
2646 960 2951 1029 prolapsos,
2985 971 3040 1017 et
3072 962 3238 1017 Deum
3274 965 3481 1020 laesisse

1902 1064 2147 1113 cernens,
2170 1069 2187 1099 ι
2210 1049 2434 1104 Domine
2451 1050 2810 1118 omnipotens,
2834 1070 2852 1103 ι
2871 1053 2964 1116 ait,
2987 1072 3005 1105 ι
3030 1069 3132 1108 non
3150 1056 3260 1110 sedi
3282 1056 3332 1109 in
3351 1072 3481 1111 con-

1902 1142 2024 1196 cilio
2045 1141 2363 1204 ludentium,
2384 1141 2475 1195 sed
2497 1143 2646 1194 timui
2666 1157 2691 1193 a
2714 1139 2849 1196 facie
2870 1159 3057 1200 manus
3081 1155 3211 1211 tute;
3233 1161 3478 1202 seorsum

1908 1231 2066 1302 139
2091 1232 2362 1295 sedebam,
2390 1229 2513 1298 quia
2543 1230 2905 1285 amaritudine
2932 1231 3164 1301 repletus
3189 1232 3421 1287 eram".
3454 1253 3473 1285 ι

1901 1322 2267 1375 Admirandus
2298 1329 2379 1375 est
2408 1320 2591 1389 itaque
2620 1320 2808 1375 beatus
2838 1320 3052 1388 Paulus,
3084 1326 3298 1393 quando
3325 1323 3481 1379 nobis

1904 1414 1974 1468 ita
2007 1412 2223 1467 mandat
2249 1430 2261 1466 :
2298 1430 2314 1463 ι
2349 1410 2424 1466 Te
2456 1413 2628 1481 ipsum
2657 1421 2862 1468 castum
2893 1414 3125 1479 custodi,
3152 1424 3206 1470 et
3237 1430 3303 1470 ne
3329 1430 3479 1470 com-

1904 1508 2146 1559 munices
2184 1505 2417 1573 peccatis
2455 1503 2647 1559 alienis
2671 1506 2738 1558 ⁷⁸.
2783 1524 2801 1555 ι
2840 1506 3030 1561 Omnis
3067 1516 3245 1563 autem
3284 1507 3482 1577 impius

1905 1600 1968 1653 de
1997 1597 2391 1651 olfendentibus
2421 1596 2607 1662 Deum,
2634 1606 2687 1651 et
2717 1613 2836 1651 mox
2871 1597 3155 1667 puniendis
3180 1599 3301 1669 jure
3328 1599 3481 1654 dixe-

1907 1691 1971 1745 rit
2006 1710 2017 1744 :
2058 1710 2073 1740 ι
2109 1688 2247 1743 Caro
2280 1703 2395 1741 mea
2425 1703 2488 1740 ex
2523 1689 2621 1742 eis.
2661 1707 2680 1739 ι

215 1788 443 1851 εἰκότως
495 1790 602 1852 πᾶς
656 1788 857 1860 ἀσεϐὴς
898 1790 1024 1859 περὶ
1078 1790 1187 1842 τῶν
1245 1788 1691 1859 προσκρουόντων
1723 1783 1800 1853 τῷ
1838 1781 1979 1851 Θεῷ,
2017 1781 2108 1833 καὶ
2172 1780 2293 1833 ὅσον
2358 1778 2566 1831 οὐδέπω
2600 1776 3105 1848 κολασθησομένων,
3148 1801 3164 1829 ι
3201 1781 3343 1851 Σάρξ
3378 1794 3480 1851 μου

217 1877 271 1943 ἐξ
300 1876 500 1928 αὐτῶν.
540 1896 559 1927 ι

296 1970 547 2039 Ἑφραῒμ
578 1971 650 2023 ὃν
665 1974 887 2038 τρόπον
918 1968 1099 2034 εἶδον,
1125 1975 1213 2036 εὶς
1232 1972 1421 2039 θήραν
1452 1970 1797 2039 παρέστησε
1832 1974 1869 2025 Β

213 2062 283 2115 τὰ
315 2062 501 2115 τέκνα
534 2064 742 2126 αὑτοῦ,
784 2065 890 2118 τοῦ
922 2064 1237 2133 ἐξαγαγεῖν
1272 2067 1359 2130 εὶς
1391 2064 1801 2118 ἀποκένττισιν

214 2154 281 2206 τὰ
318 2152 502 2207 τέκνα
544 2155 749 2209 αὐτοῦ.

278 2246 403 2298 ΡΖ’.
450 2246 737 2310 Ταλανίζει
775 2249 869 2301 καὶ
902 2247 995 2302 νῦν
1025 2250 1052 2301 6
1082 2250 1369 2320 προφήτης
1408 2250 1501 2302 τὸν
1540 2248 1796 2319 Ἐφραῖμ,

212 2334 328 2405 ἢτοι
352 2335 447 2388 τὸν
494 2337 731 2407 Ἰσραὴλ,
758 2339 917 2392 αὐτόν
941 2356 999 2393 τε
1031 2340 1282 2409 γενέσθαι
1310 2340 1593 2413 παραίτιον
1623 2339 1801 2409 ἐαυτῷ

212 2444 345 2497 φησι
367 2427 465 2481 καὶ
488 2428 586 2497 τῆς
609 2430 887 2495 ἀπαιδίας,
912 2432 1005 2484 καὶ
1034 2432 1133 2501 τῆς
1157 2432 1459 2502 ἀνηκέστου
1486 2431 1792 2502 συμφορᾶς.

221 2518 311 2581 Ὠς
344 2520 457 2589 γὰρ
476 2520 739 2591 τεθέαμαι
773 2523 865 2575 καὶ
886 2524 948 2577 ὲκ
976 2524 1084 2577 τῶν
1116 2525 1224 2578 σῶν
1249 2524 1443 2592 λόγων,
1461 2514 1505 2577 ὧ
1528 2524 1797 2586 Δέσποτα,

211 2611 369 2678 φησὶ,
404 2610 501 2661 καὶ
541 2611 651 2664 ἀπό
694 2629 757 2680 γε
799 2614 905 2667 τῶν
955 2617 1295 2685 πραγμάτοιν
1329 2615 1527 2682 αὐτῶν,
1564 2616 1727 2679 αὐτὸς
1772 2618 1801 2667 6

223 2700 468 2771 Ἐφραῗμ
498 2702 579 2765 εἰς
614 2703 803 2773 θήραν,
836 2707 928 2757 καὶ
957 2706 1318 2777 ἀποκέντησιν
1339 2706 1407 2759 τά
1437 2707 1630 2759 ἑαυτοῦ
1662 2724 1800 2778 παρ-

213 2791 409 2861 έστησε
441 2796 623 2847 τέκνα.
661 2797 771 2849 Καὶ
817 2799 915 2850 οὐκ
954 2797 1020 2850 ἂν
1061 2798 1279 2868 ἐτέρους
1328 2798 1545 2869 αἰτιῷτο
1592 2799 1795 2863 λοιπὸν,

213 2884 317 2936 οὐδ’
344 2884 411 2937 ἂν
443 2885 543 2955 τῆς
572 2885 723 2950 θείας
754 2888 1145 2959 καταϐοήσειεν
1174 2891 1362 2961 ὀργῆς,
1412 2892 1460 2943 εί
1506 2886 1573 2944 τὰ
1616 2891 1799 2944 εἰκότα

214 2978 430 3044 φρονεῖν
455 2976 649 3031 ἕλοιτο.
680 2979 993 3034 Λίτιάσεται
1018 2980 1074 3033 δὲ
1101 2982 1301 3051 μᾶλλον
1327 2982 1425 3053 τὴν
1453 2982 1646 3036 ἑαυτοῦ
1677 2984 1800 3036 δυσ-

216 3066 435 3120 ϐουλίαν
483 3070 579 3121 καὶ
611 3070 930 3126 ἀπόστασιν.
982 3074 1198 3145 Ἐπειδὴ
1248 3075 1355 3146 γάρ
1389 3074 1695 3146 λελύπηκεν
1735 3077 1796 3130 οὐ

220 3159 459 3228 μετρίως
491 3159 583 3212 τὸν
617 3163 969 3232 ἐπαμύνοντά
1015 3182 1075 3218 τε
1108 3168 1200 3219 καὶ
1235 3166 1476 3230 σώζοντα
1522 3169 1674 3234 Θεὸν,
1704 3187 1798 3239 μο-

219 3252 431 3320 νονουχὶ
476 3254 569 3305 καὶ
618 3254 723 3324 ίδία
757 3257 899 3327 χειρὶ
952 3260 1334 3329 παραδέδωκεν
1388 3262 1528 3314 ἑκὼν
1579 3265 1644 3333 τῇ
1691 3261 1797 3315 τῶν

218 3340 384 3394 ἐθνῶν
424 3344 713 3413 ἀγριότητι
752 3347 814 3399 τὸ
848 3347 978 3401 ἴδιον
1023 3350 1265 3420 σπέρμα,
1312 3353 1408 3405 καί
1455 3354 1797 3426 παρέστησεν

216 3433 292 3495 εἰς
324 3434 636 3505 ἀπαγωγὴν
693 3438 786 3489 καὶ
815 3439 1213 3510 αἰχμαλωσίαν.
1245 3443 1411 3496 Τοῦτο
1436 3445 1545 3514 γάρ
1578 3447 1694 3497 ἐστι
1734 3444 1795 3497 τὸ

220 3539 237 3572 ι
273 3525 353 3585 είς
388 3522 591 3593 θήραν,
629 3544 648 3576 ι
684 3527 776 3579 καὶ
823 3528 927 3598 μὴν
977 3530 1070 3582 καὶ
1105 3550 1123 3582 ι
1169 3533 1249 3594 είς
1277 3532 1665 3604 ἀποκέντησιν,
1712 3555 1731 3587 ι
1768 3535 1797 3588 ὃ

214 3613 326 3666 ἐστι
353 3617 597 3685 σφαγήν.
631 3617 769 3680 Τοὺς
794 3619 892 3689 μὲν
908 3620 1015 3692 γὰρ
1042 3622 1249 3678 ἀνεῖλον
1271 3625 1319 3676 οί
1341 3623 1670 3678 Βαϐυλώνιοι
1690 3627 1797 3680 τῶν

226 3703 445 3773 Ἰσραήλ
466 3722 478 3733 ·
514 3706 642 3769 τοὺς
671 3706 727 3759 δὲ
761 3708 1106 3780 ἀπεκόμισαν
1138 3712 1218 3775 είς
1246 3714 1343 3782 τὴν
1371 3714 1601 3767 ἑαυτῶν.

284 3796 455 3849 Ὅταν
482 3797 662 3852 τοίνυν
690 3798 797 3869 πλη
807 3801 1101 3873 μμελῶμεν
1126 3806 1308 3875 ἡμεῖς,
1340 3806 1567 3869 ἑαυτοὺς
1597 3807 1796 3877 μᾶλλον

218 3889 572 3959 αἰτιασόμεθα
603 3892 927 3961 φρονοῦντες
959 3895 1155 3966 ὀρθῶς,
1202 3900 1295 3953 καὶ
1337 3900 1458 3969 ούχὶ
1498 3900 1597 3971 τὴν
1646 3901 1797 3955 θείαν

217 3979 401 4051 ὀργήν.
449 3982 1040 4057 Καταπεφρονήκαμεν
1082 3994 1190 4060 γὰρ
1226 3990 1319 4044 τοῦ
1352 3992 1675 4063 πρέποντος,
1701 3995 1797 4047 καὶ

218 4072 449 4141 ρᾁυμοι
473 4077 821 4147 γεγενήμεθα
848 4080 974 4149 περὶ
999 4080 1059 4133 τὸ
1086 4082 1307 4137 ἀνδάνον
1335 4083 1412 4153 τῷ
1452 4084 1589 4155 Θεῷ.
1622 4085 1796 4139 Κολάμ

216 4162 401 4224 ζεσθαι
446 4162 502 4216 δὲ
551 4166 766 4240 ἀνάγκη
817 4168 907 4221 τὸν
944 4167 1226 4243 ὑϐριστήν,
1279 4173 1374 4226 καὶ
1421 4174 1650 4245 ὲξήνιον,
1703 4178 1798 4229 καὶ

217 4256 496 4323 μονονουχὶ
510 4255 738 4325 λέγοντα
768 4258 846 4330 τῷ
874 4260 1089 4314 πάντων
1111 4264 1410 4335 Δεσπότηοι
1446 4266 1681 4320 Ἀπόστα
1699 4266 1794 4320 ἀπ’

215 4342 365 4411 ἐμοῦ,
394 4345 554 4409 ὁδούς
584 4364 678 4401 σου
712 4349 911 4405 είδέναι
939 4352 1000 4404 ού
1037 4351 1318 4423 βούλομαι.
1361 4374 1380 4406 ι

276 4436 392 4501 Δὸς
424 4438 634 4505 αὐτοῖς
670 4442 866 4509 Κύριε.
921 4444 981 4497 Τί
1015 4442 1229 4511 δώσεις
1256 4448 1496 4514 αὐτοῖς;
1545 4449 1649 4516 δὸς
1690 4454 1796 4508 αὑ·

214 4523 328 4588 τοῖς
373 4525 617 4593 μήτραν
674 4529 1055 4587 ἀτεκνοῦσαν
1100 4536 1199 4588 καὶ
1231 4538 1505 4605 μαστοὺς
1550 4540 1794 4608 ξηρούς.

280 4614 409 4666 PII'.
453 4616 516 4668 Εἰ
551 4616 614 4686 δὴ
653 4618 914 4686 μέλλοιεν,
963 4624 1149 4693 φησὶν,
1196 4626 1295 4678 οὐκ
1338 4627 1532 4681 εἰδέναι
1582 4629 1714 4683 Θεὸν
1745 4632 1795 4684 οἱ

226 4704 471 4778 Ἰσραὴλ,
528 4708 902 4781 ἀποφέρεσθαι
951 4713 1009 4765 δὲ
1068 4714 1265 4784 μᾶλλον
1327 4717 1463 4789 πρὸς
1540 4720 1792 4791 ἀνωφελῆ

216 4795 306 4844 καὶ
346 4796 578 4864 ἀνόητον
608 4798 822 4864 ἐλπίδα,
854 4798 1062 4855 οἴεσθαί
1098 4821 1155 4855 τε
1194 4805 1274 4858 ὅτι
1312 4809 1653 4877 περιέσονται
1682 4811 1792 4866 τῶν

215 4884 443 4955 ἐχθρῶν,
467 4887 556 4939 διὰ
584 4888 788 4958 πλῆθος
818 4891 1041 4958 τέκνων,
1064 4896 1156 4948 καὶ
1183 4898 1265 4949 ὅτι
1292 4899 1426 4951 πολὺ
1460 4903 1588 4971 παρ’
1610 4904 1794 4967 αὐτοῖς

212 4977 267 5027 τὺ
284 4980 524 5049 μάχιμον
558 4980 732 5048 γένος,
762 4981 963 5053 ταύτης
991 5002 1047 5038 τε
1075 4986 1236 5040 ἕνεκα
1253 4988 1351 5056 τῆς
1379 4990 1557 5054 αἰτίας
1582 4993 1681 5045 οὐκ
1700 4994 1791 5048 ἀνι

215 5072 435 5133 αγκαῑον
467 5069 529 5122 τὸ
552 5071 703 5141 παρά
727 5074 826 5143 τῆς
868 5076 961 5145 σῆς
980 5076 1388 5148 ὲπικουρεῖσθαι
1413 5083 1616 5153 χειρὸς,
1655 5085 1792 5153 μηδὲ

218 5161 544 5214 τικτέτωσαν
564 5162 701 5226 ὅλως
721 5165 773 5215 αἱ
794 5166 1113 5236 ταράύτοίς
1135 5172 1411 5236 γυναῖκες.
1448 5171 1618 5225 Τοῦτο
1633 5174 1789 5246 γάρή

212 5249 507 5307 ἀτεκνοῦσα
532 5255 867 5326 μήτρα.Κᾶν
892 5260 939 5310 εἰ
959 5260 1166 5313 τέκοιεν
1195 5262 1273 5325 δὲ,
1314 5264 1386 5335 μὴ
1421 5265 1791 5337 ἀνατρεφὲτω-

212 5346 609 5411 σαν,τουτέστι,
654 5347 1084 5405 δαπανᾶσθωσαν
1114 5353 1221 5423 πρὸ
1244 5353 1407 5426 ὥρας,
1438 5358 1533 5409 καὶ
1565 5360 1692 5428 πρὶν
1710 5363 1789 5423 εἰς

206 5434 340 5506 ἥϐην
364 5437 541 5492 ἐλθεῖν
580 5440 831 5494 πιπτέτω
866 5443 927 5495 τὸ
977 5444 1151 5512 γένος.
1177 5448 1653 5521 Περιτεμνομένης
1684 5453 1790 5525 γὰρ

208 5527 343 5581 οὕτω
356 5530 454 5601 τῆς
470 5532 699 5603 ἐνούσης
712 5534 890 5598 αὐτοῖς
903 5536 1150 5590 ἐντεῦθεν
1167 5538 1485 5609 ὑπεροψίας,
1501 5544 1593 5596 καὶ
1609 5544 1792 5598 λοιπὸν

1974 1960 2135 2012 Vsus.
2168 1957 2253 2011 I3.
2290 1956 2557 2026 lz'pirmim,
2595 1958 2727 2010 sicut
2769 1930 2894 2021 vidi,
2929 1957 2983 2011 in
3019 1959 3305 2027 captionem
3339 1976 3479 2027 pra:-

1901 2052 2010 2104 buit
2036 2050 2175 2117 ﬁlios
2202 2065 2350 2112 suos,
2376 2058 2430 2103 ut
2457 2050 2693 2103 educeret
2717 2050 2782 2101 ad
2808 2050 3137 2117 punctionem
3168 2050 3306 2119 ﬁlios
3334 2068 3477 2107 suos.

1972 2221 2125 2277 CVII.
2158 2220 2327 2276 Deﬂet
2355 2222 2514 2277 etiam
2550 2238 2689 2277 nunc
2720 2222 2995 2292 Ephraim,
3024 2223 3137 2278 sive
3167 2224 3330 2280 Israel
3360 2239 3483 2295 pro-

1901 2316 2083 2385 pheta,
2109 2324 2160 2370 et
2190 2314 2362 2384 ipsum
2387 2314 2486 2370 sibi
2511 2329 2728 2370 causam
2756 2314 3003 2370 attulisse
3026 2316 3284 2385 praadicat
3307 2326 3360 2371 et
3385 2332 3480 2372 or-

1902 2406 2085 2461 bitatis
2121 2406 2375 2473 filiorum,
2405 2416 2459 2462 et
2491 2406 2817 2461 calamitatis
2852 2405 3201 2477 gravissimae.
3238 2406 3301 2463 Ut
3337 2409 3481 2462 enim

1900 2499 2007 2553 vidi
2037 2514 2101 2553 ex
2129 2500 2471 2554 sermonibus
2502 2499 2624 2564 tuis,
2653 2498 2898 2563 Domine,
2925 2498 3118 2567 inquit,
3144 2507 3197 2553 et
3223 2514 3289 2553 ex
3320 2500 3481 2555 rebus

1902 2591 2051 2660 ipsis,
2082 2592 2196 2658 ipse
2225 2590 2498 2658 Ephraim,
2526 2597 2580 2643 et
2612 2589 2906 2657 capiendos
2957 2599 3012 2643 et
3042 2589 3389 2644 trucidandos
3419 2592 3482 2644 ll-

1903 2680 2001 2734 lios
2034 2693 2159 2733 suos
2195 2678 2442 2748 praebuit,
2478 2692 2578 2732 nec
2612 2677 2747 2732 alios
2779 2675 3037 2746 deinceps
3072 2676 3349 2732 criminari
3386 2692 3481 2748 po-

1903 2771 2043 2838 terit,
2078 2785 2172 2826 nec
2210 2770 2404 2826 divinae
2440 2770 2533 2825 ira:
2569 2769 2981 2837 reclamaverit;
3016 2771 3110 2825 sed
3146 2770 3190 2825 si
3226 2786 3292 2825 ex
3324 2786 3482 2841 aequo

1900 2872 1955 2917 et
1990 2863 2137 2931 justo
2177 2878 2289 2919 rem
2329 2862 2596 2917 aestimare
2632 2860 2887 2926 voluerit,
2924 2875 3079 2917 suam
3123 2863 3303 2932 potius
3347 2862 3481 2917 iusi—

1902 2955 2158 3023 picntiam
2197 2964 2252 3010 et
2290 2955 2617 3024 apostasiam
2659 2954 2956 3009 accusabit.
2997 2953 3287 3025 Postquam
3331 2954 3481 3009 enim

1900 3047 2251 3116 Opitulautem
2299 3057 2353 3101 et
2398 3055 2707 3102 servantem
2760 3045 2926 3102 Deum
2977 3061 3084 3101 non
3137 3046 3483 3101 mediocriter

1900 3140 2149 3204 OIIentIil,
2189 3148 2390 3193 tantum
2430 3154 2535 3193 non
2573 3140 2735 3194 etiam
2773 3152 2935 3193 manu
2972 3153 3067 3194 sua
3104 3153 3286 3193 semen
3323 3152 3482 3193 suum

1901 3230 2119 3283 smvitiae
2150 3230 2387 3299 gentium
2416 3228 2601 3283 volens
2631 3226 2991 3293 contradidit,
3022 3236 3077 3281 et
3106 3228 3159 3282 in
3193 3227 3477 3296 captivrta-

1825 3326 1871 3387 ο
1904 3330 2009 3374 tem
2043 3321 2411 3375 abducendum
2440 3320 2703 3375 exhibuit.
2731 3319 2843 3374 Hoc
2871 3319 3015 3373 enim
3045 3318 3176 3383 vult,
3212 3337 3231 3369 ι
3269 3319 3320 3372 in
3383 3332 3482 3373 ca-

1904 3414 2166 3481 ptionem,
2208 3432 2225 3463 ι
2263 3413 2393 3481 quin
2425 3421 2477 3467 et
2515 3429 2534 3462 ι
2573 3413 2638 3465 ad
2668 3411 3071 3481 punctionem,»
3107 3409 3158 3463 id
3190 3411 3365 3474 cst,ad
3388 3409 3478 3477 ju-

1899 3505 2243 3575 gulationcm.
2292 3505 2438 3558 Alios
2486 3503 2684 3575 quippe
2733 3503 2800 3557 de
2850 3502 3111 3558 Israelitis
3159 3502 3480 3558 occiderunt

1898 3594 2199 3666 Babylonii,
2233 3594 2367 3649 alios
2396 3609 2577 3649 secum
2611 3593 3009 3649 abstraxerunt.

1970 3779 2103 3835 Cum
2137 3779 2301 3848 igitur
2328 3778 2753 3849 peccaverimus,
2780 3778 2823 3832 si
2854 3792 2958 3832 non
2993 3778 3312 3847 desipimus,
3346 3793 3477 3834 nos-

1902 3874 2157 3941 metipsos
2196 3872 2395 3940 potius,
2436 3887 2537 3925 non
2582 3872 2715 3925 iram
2762 3869 2854 3924 Dei
2899 3870 3297 3924 damnabimus.
3330 3868 3477 3925 Con-

1901 3966 2215 4035 tempsimus
2256 3966 2398 4018 enim
2442 3962 2698 4028 officium,
2734 3972 2788 4018 et
2830 3962 2883 4016 in
2932 3962 3023 4016 Dei
3068 3963 3343 4018 voluntate
3380 3976 3475 4019 ex-

1898 4058 2167 4127 sequenda
2225 4072 2415 4127 segnes
2473 4055 2693 4110 fuimus.
2748 4054 3099 4123 Contemptor
3152 4064 3367 4120 autent,
3421 4064 3477 4110 et

1899 4160 2212 4213 contumax,
2240 4159 2292 4203 et
2324 4148 2709 4218 propemodum
2742 4148 2852 4201 Deo
2883 4146 3069 4200 dicens
3100 4165 3114 4201 :
3151 4164 3168 4197 ι
3204 4146 3413 4202 Recede
3444 4164 3474 4201 a

1900 4255 2004 4304 me,
2034 4240 2145 4294 vias
2178 4249 2295 4293 tuas
2326 4240 2463 4294 scire
2492 4240 2612 4293 nolo
2633 4238 2705 4305 ⁷⁵,
2741 4256 2759 4288 ι
2798 4237 3099 4307 puniendus
3130 4247 3235 4293 est.

1975 4454 2135 4509 Vsus.
2167 4453 2254 4507 14.
2288 4452 2368 4505 Da
2401 4454 2499 4517 eis,
2534 4450 2771 4506 Domine.
2805 4449 2946 4516 Quid
2978 4450 3125 4505 dabis
3158 4450 3270 4506 eis?
3298 4455 3367 4505 da
3399 4452 3474 4506 eis

1898 4546 2103 4601 vulvam
2133 4544 2244 4599 sine
2268 4544 2396 4612 ﬁliis
2425 4553 2471 4596 et
2506 4544 2665 4597 ubera
2695 4542 2919 4595 arentia.

1970 4635 2151 4693 CVIII.
2180 4634 2235 4690 Si
2264 4650 2366 4689 non
2389 4636 2565 4689 scient
2590 4634 2872 4689 Dominum
2898 4631 3173 4696 Israelitze,
3199 4633 3471 4702 abripien-

1903 4736 2097 4797 turque
2123 4727 2294 4795 magis
2319 4740 2416 4795 spe
2444 4724 2619 4781 inutili
2644 4732 2697 4781 et
2722 4724 3027 4795 insipienti,
3054 4724 3474 4779 existimabunt-

1902 4835 2090 4890 quese
2115 4819 2355 4874 hostibus
2381 4828 2599 4888 propter
2624 4817 3019 4872 multitudinem
3051 4816 3281 4870 ﬁliorum
3310 4833 3472 4886 supc-

1901 4915 2074 4968 riores
2100 4912 2235 4974 fore,
2260 4920 2312 4965 et
2342 4926 2400 4966 se
2430 4910 2755 4966 militaribus
2779 4909 2908 4963 viris
2935 4908 3227 4973 abundare,
3254 4918 3309 4964 et
3337 4911 3475 4964 hanc

1900 5005 1969 5059 ob
2007 5018 2222 5058 causam
2264 5017 2455 5056 manus
2494 5011 2596 5055 tua:
2632 4999 2846 5053 auxiliis
2883 5013 2986 5053 non
3022 5012 3216 5068 egere,
3252 5004 3477 5056 omnino

1901 5111 1967 5150 ne
2004 5095 2215 5164 pariant
2250 5092 2502 5147 mulieres
2537 5090 2770 5155 illorum,
2804 5091 2909 5145 hoc
2942 5090 3085 5143 enim
3118 5100 3220 5152 est,
3259 5112 3277 5142 ι
3318 5094 3474 5147 vulva

1900 5187 2017 5241 sine
2045 5186 2247 5240 liberis.
2280 5204 2296 5235 ι
2328 5182 2478 5250 Quod
2510 5182 2556 5236 si
2590 5182 2917 5251 pepererint,
2946 5196 3011 5236 ne
3040 5182 3203 5248 alant,
3237 5184 3338 5239 hoc
3369 5198 3471 5244 est.

1896 5280 2249 5331 absumuntur
2282 5285 2407 5329 ante
2447 5282 2678 5342 tempus,
2718 5281 2772 5327 et
2812 5273 3121 5342 priusquam
3168 5291 3336 5329 annos
3375 5294 3473 5338 pu-

1894 5366 2119 5421 bertatis
2148 5365 2407 5435 attingat,
2438 5365 2648 5420 occidat
2676 5380 2863 5436 genus.
2899 5364 2990 5419 Sic
3018 5368 3163 5421 enim
3197 5375 3469 5436 amputata

1896 5471 2001 5525 qua
2031 5457 2155 5510 hinc
2182 5466 2491 5512 tumescunt
2514 5456 2794 5526 superbia,
2822 5454 2983 5527 140
3007 5466 3061 5510 et
3087 5456 3293 5511 sublata
3319 5454 3469 5507 dein-

1896 5563 2025 5617 ceps
2052 5562 2144 5618 spe
2172 5549 2224 5603 in
2252 5548 2408 5620 copia
2437 5548 2575 5607 bello
2603 5548 2915 5607 idoneorum
2942 5548 3198 5618 reposita,
3227 5550 3291 5601 ad
3320 5532 3467 5599 tuam

284 5705 330 5738 "
363 5708 521 5765 Rom.
553 5729 631 5771 τι,
666 5715 871 5778 13,14.
948 5718 994 5753 ⁷³
1028 5718 1138 5774 Jer.
1173 5738 1263 5792 xv,
1296 5728 1379 5780 l7.
1458 5728 1501 5757 ⁷⁸
1526 5726 1543 5780 I
1572 5726 1773 5795 Tim.v,
1811 5730 1900 5789 22.
1976 5734 2023 5767 ⁷⁸
2048 5734 2146 5793 Job
2183 5752 2296 5803 xxi,
2324 5737 2411 5791 M.

525 5806 799 5870 PATROL.
848 5812 966 5872 Gn.
1020 5814 1233 5878 LXXI.
