3898 6212
359 326 470 386 955

1432 315 1491 366 S.
1533 306 1804 366 CYRILLI
1847 292 2316 359 ALEXANDRIN!
2357 288 2676 346 ARCHIEP.

3520 276 3634 332 256

365 445 749 518 indulgentiam
782 440 1113 510 confugient,
1145 445 1200 491 et
1235 443 1286 490 te
1319 432 1653 488 Salvatorem
1689 429 1937 483 liberato-
1965 479 1971 491 ,

2081 437 2213 491 νῃρη
2224 417 2389 488 μένης
2405 415 2500 484 τῆς
2521 411 2613 465 ἐπὶ
2631 407 2706 479 τῷ
2722 407 2912 478 πλήθει
2931 405 3034 458 τῶν
3052 400 3378 474 μαχομένων
3397 397 3634 461 ἐλπίδος,

2081 514 2089 518 .
2211 509 2220 518 .
2318 509 2332 518 .
2422 506 2446 518 ι.
2599 502 2623 512 ~
2718 517 2745 518 η
2801 496 2958 518 dub}.
3019 493 3113 518 --.Α
3150 510 3204 518 _-
3247 492 3302 518 τ’.
3321 489 3473 518 ..ΖΑ-
3539 489 3634 518 ...Α

367 555 588 609 remque
607 536 972 591 vindicabunt.
991 530 1114 585 Haec
1137 543 1296 597 porro
1322 539 1463 580 nunc
1483 523 1645 577 etiam
1671 535 1732 574 ex
1758 533 1940 573 amore

368 636 458 688 Dei
493 630 750 699 loquitur,
775 636 833 682 et
864 624 1026 680 simul
1059 619 1268 676 Domini
1302 617 1384 673 sui
1416 613 1663 685 gloriam,
1697 621 1751 665 et
1779 610 1942 664 Israe-

367 727 582 779 litarum
619 731 861 775 coactam
897 714 1306 772 conversionem
1340 706 1535 779 quaerit
1598 705 1643 758 si
1679 702 1849 766 ultro,
1879 710 1942 753 et

367 831 488 872 Cum
519 815 673 869 bona
693 810 986 868 voluntatis
1010 808 1183 862 fructu
1209 800 1444 859 converti
1469 798 1660 854 nolint.

440 1097 609 1152 Vulva
637 1103 816 1148 autem
842 1087 1063 1154 sterilis,
1088 1094 1141 1140 et
1167 1084 1329 1136 ubera
1357 1078 1563 1134 arentia
1591 1070 1946 1146 spiritualiter

369 1191 534 1246 etiam
575 1186 916 1258 quadrabunt
959 1182 1011 1234 in
1057 1177 1224 1232 malos
1267 1171 1569 1241 operarios,
1609 1175 1662 1220 et
1701 1160 1946 1234 quemvis

371 1257 666 1344 errantem,
698 1287 753 1333 et
786 1293 814 1330 a
851 1284 998 1329 recta
1030 1271 1116 1324 via
1155 1275 1302 1322 recte
1335 1260 1540 1332 ingredi
1577 1257 1767 1313 solitos
1801 1266 1951 1307 aver-

373 1385 576 1432 tentem
606 1373 690 1444 (in
721 1369 853 1432 fide,
877 1361 1158 1434 inquam),
1186 1368 1239 1414 et
1264 1359 1316 1412 in
1341 1355 1442 1408 viis
1467 1353 1578 1407 suis
1602 1349 1806 1404 directe
1831 1357 1951 1416 pro-

372 1435 645 1524 cedentes.
693 1459 840 1516 Nihil
888 1457 1030 1512 enim
1083 1449 1297 1522 ingenio
1343 1444 1474 1516 ipsis
1522 1443 1799 1513 pariente,
1850 1435 1950 1490 nisi

373 1572 678 1617 sermonem
699 1553 928 1614 falsum,
960 1549 1059 1602 nisi
1099 1546 1374 1600 theorema
1407 1537 1673 1608 spurium,
1703 1546 1803 1586 nec
1831 1529 1954 1584 edu-

375 1653 620 1708 caverint
648 1649 701 1702 in
733 1642 1046 1701 scductione
1075 1636 1214 1691 ﬁlios
1242 1647 1392 1698 suos,
1431 1627 1726 1684 secundum
1761 1619 1955 1677 doctri-

375 1762 499 1802 nam
547 1744 701 1808 dico;
748 1747 801 1793 et
821 1735 970 1790 arida
1002 1731 1262 1786 habentes
1301 1723 1470 1780 ubera
1516 1717 1772 1774 Ecclesiae
1813 1712 1959 1769 mali-

376 1833 687 1907 gnantium,
718 1829 1065 1895 deceptorum
1101 1826 1301 1873 matres
1331 1813 1446 1868 fieri
1482 1816 1768 1880 nequeant.

448 2013 610 2067 Vsus.
647 2007 737 2063 15.
769 2003 964 2059 Omnes
999 1996 1244 2068 nequitite
1275 2007 1458 2047 eorum
1493 1989 1546 2042 in
1583 1983 1794 2055 σιτίσαι,
1828 1981 1954 2052 quia

377 2106 448 2159 ibi
475 2102 563 2156 odi
591 2114 699 2162 eos,
730 2103 943 2166 propter
965 2089 1198 2143 malitias
1225 2079 1651 2138 adinventionum
1677 2089 1877 2130 eorum.
1909 2069 1956 2124 E

379 2197 532 2249 domo
564 2205 680 2244 mea
709 2185 920 2258 ejiciam
951 2197 1059 2247 eos,
1091 2195 1192 2233 non
1223 2177 1416 2230 addam
1449 2170 1668 2240 diligere
1693 2184 1801 2223 eos.

454 2372 588 2430 CIX.
625 2367 824 2439 Incipit
865 2375 1084 2420 rursum
1133 2358 1506 2412 universorum
1549 2353 1692 2407 Deus
1729 2362 1950 2404 enume-

383 2484 507 2524 rare
537 2463 803 2526 crimina,
831 2470 884 2515 et
917 2453 1161 2512 meminit
1193 2447 1400 2517 Galgal.
1427 2445 1589 2501 Urbis
1623 2458 1815 2498 nomen
1849 2448 1958 2506 est,

384 2562 438 2617 in
466 2575 568 2630 qua
595 2557 946 2610 vehementer
966 2545 1255 2614 imprimis,
1279 2549 1333 2596 et
1359 2537 1640 2593 infandum
1665 2535 1717 2588 in
1741 2533 1960 2587 modum

386 2627 752 2722 superstitiosi
778 2651 1074 2698 statuarum
1100 2635 1280 2691 cultus
1296 2631 1567 2700 vigebant.
1591 2627 1764 2682 liabet
1784 2635 1960 2679 autem

388 2719 529 2815 quod
567 2739 697 2795 dicit
739 2738 878 2790 banc
917 2729 1260 2788 sententiam.
1299 2720 1579 2792 Flagitiosi
1621 2733 1725 2774 non
1765 2733 1872 2771 uno
1913 2719 1964 2769 in

388 2809 588 2908 genere
620 2829 879 2886 lsraclitze
913 2826 1149 2879 fuerunt.
1185 2819 1263 2873 Ac
1292 2817 1474 2870 videre
1511 2813 1655 2876 licet,
1687 2826 1846 2880 quam
1886 2809 1968 2860 in-

390 2904 621 2998 signiter
645 2921 875 2990 improbi
902 2919 1100 2973 fuerint
1125 2917 1168 2971 si
1197 2910 1386 2981 Galgal
1409 2908 1629 2978 cogites.
1652 2904 1729 2959 lbi
1752 2918 1968 2958 omnem

391 2997 578 3078 eorum
605 3017 712 3070 vidi
744 3010 1061 3082 nequitiam,
1092 3006 1164 3061 ibi
1193 3005 1281 3059 odi
1310 3016 1423 3057 eos.
1448 2999 1565 3053 Non
1597 2997 1814 3067 quidem
1843 3010 1970 3064 pro—

381 3126 513 3186 pter
542 3111 751 3175 locum,
786 3111 930 3158 esset
961 3103 1104 3155 enim
1139 3097 1190 3150 id
1227 3089 1632 3161 imprudentiae;
1669 3088 1760 3143 sed
1795 3086 1971 3157 potius

395 3178 448 3262 in
479 3221 542 3260 eo
573 3205 883 3272 perpetrata
914 3201 1039 3247 ante
1069 3187 1256 3244 oculos
1283 3183 1642 3240 consumens.
1671 3179 1759 3234 Ait
1787 3178 1969 3248 igitur,

401 3270 715 3365 «Expellam
744 3303 840 3344 eos
863 3285 1040 3341 domo.
1055 3295 1194 3346 mea,
1225 3295 1244 3329 ι
1272 3284 1328 3331 et
1353 3274 1550 3329 arcebo
1575 3272 1643 3327 ab
1669 3270 1807 3324 atrio
1832 3281 1972 3330 meo,

397 3401 452 3445 et
487 3383 855 3442 familiaritate
892 3391 1008 3433 mea
1046 3371 1351 3430 excludam.
1383 3367 1517 3422 Cum
1554 3374 1733 3419 autem
1769 3359 1976 3416 oderim

401 3483 520 3539 illos
542 3481 708 3549 iuste,
737 3472 951 3529 instabo
978 3468 1044 3523 de
1071 3473 1290 3529 cmtero,
1321 3474 1421 3514 nec
1448 3456 1698 3512 mutabor
1723 3451 1976 3521 amplius,

401 3585 460 3628 ut
492 3573 648 3628 velim
685 3583 777 3622 eos
813 3575 1047 3630 unquam
1084 3555 1306 3624 diligere
1342 3549 1505 3604 tantis
1538 3543 1831 3602 sceleribus
1864 3539 1979 3594 alli-

404 3674 576 3738 gatos.
603 3659 864 3716 Occurret
894 3650 1108 3721 aliquis,
1139 3646 1333 3716 opinor
1364 3660 1377 3695 :
1411 3637 1689 3706 Quomodo
1723 3635 1885 3704 igitur
1914 3646 1978 3685 ex

402 3723 622 3826 xssyria
658 3747 874 3804 reduxit
901 3759 1016 3807 eos,
1039 3749 1130 3794 aut
1159 3736 1426 3806 quomodo
1451 3746 1482 3784 e
1508 3728 1818 3798 captivitate
1849 3723 1975 3777 libe-

405 3847 585 3904 ravit?
615 3846 696 3898 An
729 3856 832 3896 non
867 3835 1047 3891 mitior
1076 3833 1270 3895 factus,
1300 3836 1356 3883 et
1388 3820 1736 3891 indulgentia,
1768 3826 1824 3872 et
1855 3815 1983 3870 cha-

406 3942 568 3994 ritate
597 3949 690 3988 eos
720 3931 972 4000 dignatus
1000 3921 1118 3979 est?
1150 3919 1265 3975 Non
1296 3913 1604 3986 negaverint
1633 3919 1688 3964 et
1715 3922 1815 3978 ego
1846 3907 1985 3960 istuc

407 4033 483 4087 ita
517 4041 655 4083 esse.
685 4016 1117 4078 Misericordiam
1153 4010 1298 4066 enim
1334 4022 1398 4062 ex
1438 4001 1766 4073 benignitate
1796 4011 1987 4054 conse-

407 4122 519 4179 cuti
543 4128 685 4182 sunt,
706 4116 808 4170 hoc
829 4114 881 4168 in
905 4107 1152 4166 confesso
1176 4113 1277 4160 est.
1299 4099 1405 4156 Sed
1430 4098 1485 4152 hi
1509 4096 1573 4151 de
1593 4093 1789 4164 quibus
1809 4104 1988 4146 sermo

407 4223 513 4278 est,
541 4209 794 4264 abierunt
823 4204 875 4258 in
904 4197 1297 4270 captivitatem,
1326 4200 1380 4247 et
1405 4189 1566 4258 longo
1597 4193 1718 4256 post
1749 4193 1990 4251 tempore

411 4309 466 4361 in
492 4315 649 4374 poena
673 4301 838 4353 vitam
865 4295 1139 4349 finierunt.
1160 4288 1225 4341 Et
1246 4279 1698 4356 quemadmodum
1724 4291 1843 4330 cum
1869 4288 1990 4343 pro-

414 4370 650 4453 misisset
663 4407 756 4461 per
769 4388 985 4458 Moysen
1002 4385 1054 4437 in
1068 4381 1298 4450 Atlgypto
1314 4372 1589 4438 lsraelitis,
1604 4370 1919 4423 educturum
1933 4379 1990 4418 se

416 4500 606 4544 omnes
623 4454 678 4537 in
696 4454 918 4540 terrain,
934 4489 1094 4543 quam
1109 4463 1814 4538 jurassctpatribuseorum,
1833 4454 1986 4526 141
2022 4481 2068 4539 D

417 4574 634 4645 quidam
665 4579 842 4622 tamen
873 4561 1020 4630 impii
1053 4572 1174 4614 sese
1203 4554 1426 4610 rebelles
1456 4551 1822 4622 prmbuerunt,
1856 4559 1994 4613 quo-

420 4643 539 4721 rum
570 4663 730 4719 etiam
760 4669 990 4726 corpora
1022 4653 1072 4704 in
1103 4648 1390 4704 solitudine
1415 4643 1750 4703 ceciderunt,
1773 4649 1827 4694 et
1855 4647 1994 4692 terra

423 4760 661 4826 ipsorum
700 4749 827 4807 [iliis
862 4746 1039 4817 potius
1074 4752 1221 4796 sorte
1255 4739 1540 4792 distributa
1574 4743 1685 4799 est;
1720 4733 1800 4787 sic
1831 4729 1996 4785 etiam

422 4822 511 4902 hic
534 4845 828 4914 intelliges.
850 4837 1046 4895 Mortui
1074 4841 1200 4890 sunt
1223 4832 1366 4887 enim
1391 4829 1458 4884 de
1479 4826 1674 4898 quibus
1699 4822 1995 4893 loquimur;

421 4938 626 4993 reversi
671 4945 798 4992 sunt
845 4941 1025 4986 autem
1069 4925 1286 4997 quidam
1331 4920 1622 4992 aliquando
1665 4918 1718 4971 in
1757 4915 1997 4970 Iudaeam

425 5030 567 5096 Cyro
607 5029 821 5080 tandem
866 5025 1200 5087 demittente,
1242 5016 1330 5070 ubi
1376 5028 1573 5068 annum
1618 5009 1672 5064 in
1716 5006 1999 5078 peregrina

433 5119 618 5171 tellure
644 5117 1100 5184 septuagesinuun
1129 5109 1546 5180 complevissent
1566 5103 1631 5157 ⁷⁸.

507 5375 803 5447 Ejicientur
832 5381 1010 5424 autem
1056 5385 1086 5421 e
1132 5370 1288 5420 domo
1319 5367 1433 5429 Dei,
1482 5367 1563 5421 vel
1614 5363 1797 5435 potius
1843 5360 2000 5431 ejecti

437 5479 581 5536 sunt,
616 5467 777 5523 etiam
820 5465 910 5534 qui
955 5471 1144 5516 contra
1179 5459 1450 5514 Christum
1501 5460 1739 5526 indigna,
1796 5464 1852 5508 et
1883 5467 2003 5522 qua:

437 5561 617 5616 verbis
643 5553 872 5625 evpriini
923 5553 1058 5608 satis
1111 5565 1212 5604 non
1268 5557 1512 5617 possunt,
1559 5547 1721 5616 impia
1761 5545 2002 5600 facinora

511 5738 559 5774 "
587 5741 607 5793 Ι
635 5738 793 5794 Esdr.
825 5753 865 5804 ι,
899 5733 1120 5805 passim.

2042 489 2140 584 τὴν
2172 509 2269 580 σὴν
2312 502 2750 576 ὒπώραμοῦνται
2795 496 2982 566 φειδὼ,
3019 493 3116 547 καί
3147 510 3205 545 σε
3247 489 3478 561 Σωτῆρα
3539 489 3641 541 καὶ

2041 580 2320 670 λυτρωτὴν
2353 594 2766 667 ὲπιγράψονται.
2811 591 2907 642 Ἐκ
2939 585 3213 656 φιλοθεῖας
3244 583 3302 635 δὲ
3340 581 3410 634 τὰ
3454 580 3640 634 τοιάδε

2043 669 2148 748 και
2173 669 2287 746 νῦν
2311 690 2340 742 ὁ
2370 687 2652 758 προφήτης
2681 681 2866 753 φησίν.
2907 679 2997 732 Ἐν
3031 673 3218 744 ταυτῷ
3249 673 3306 726 δὲ
3345 671 3501 742 ζητεῖ
3542 669 3642 723 καὶ

1933 847 1937 850 ,
2048 784 2144 838 τοῦ
2190 783 2331 836 ίδίου
2379 777 2649 832 Δεσπότου
2687 774 2786 844 τὴν
2819 770 2994 837 δόξαν,
3019 765 3249 822 καὶτῶν
3292 763 3352 830 ἐξ
3405 762 3642 832 αἵματος

2059 876 2298 947 Ἰσραὴλ,
2328 872 2426 943 τὴν
2453 871 2528 932 ὡς
2550 869 2608 934 ἐξ
2641 865 2890 934 ἀνάγκης
2920 858 3279 931 ἐπιστροφὴν,
3307 857 3355 909 εί
3398 855 3473 926 μὴ
3502 871 3642 924 προ-

2047 966 2312 1036 αιρέσεως
2341 960 2554 1029 ἀγαθῆς
2583 958 2766 1028 έχουσι
2791 954 2852 1008 τὸ
2881 952 3072 1024 χρῆμα
3105 947 3339 1018 καρπόν.

2131 1054 2454 1110 Ἀτεκνοῢσα
2494 1051 2553 1104 δὲ
2600 1049 2803 1120 μήτρα,
2867 1045 2961 1098 καὶ
3017 1040 3212 1113 μαστοὶ
3271 1037 3445 1110 ξηροὶ,
3498 1035 3642 1108 πρέ-

2055 1165 2206 1203 ποιεν
2234 1147 2301 1200 ἂν
2324 1142 2530 1211 νοητῶς
2561 1140 2656 1194 καὶ
2681 1139 2794 1201 τοῖς
2841 1135 2950 1190 τῶν
2986 1133 3205 1203 φαύλων
3234 1130 3514 1201 ἐργάταις,
3543 1126 3646 1180 καὶ⁸

2052 1237 2216 1293 παντὶ⁹
2257 1232 2550 1294 πλανῶντι,
2600 1228 2696 1282 καὶ
2741 1223 3072 1295 άποφέροντι
3121 1220 3222 1291 τῆς
3266 1218 3484 1281 εὐθείας
3516 1214 3646 1270 όδοῦ

2051 1331 2174 1392 τοὺς
2228 1323 2541 1397 ὀρθοποδεῖν
2582 1319 2864 1382 εἰωθότας,
2911 1317 2969 1368 ὲν
3000 1315 3179 1368 πίστει
3232 1311 3318 1384 δὴ,
3351 1310 3514 1378 λέγω,
3545 1309 3650 1363 καὶ

2053 1417 2483 1479 κατευθύνοντας
2513 1415 2570 1465 έν
2593 1413 2711 1474 ταῖς
2731 1410 2872 1473 ὁδοῖς
2901 1405 3099 1460 αὐτῶν.
3124 1404 3289 1458 Οὐδὲν
3323 1401 3430 1473 γὰρ
3459 1400 3651 1464 αὐτοῖς

2053 1510 2343 1581 τικτούσης
2375 1508 2473 1579 τῆς
2500 1505 2758 1570 διανοίας,
2789 1503 2851 1556 οὐ
2879 1501 3038 1570 λόγον
3066 1496 3257 1568 ψευδῆ,
3287 1495 3348 1548 ού
3380 1492 3654 1565 θεώρημα

2055 1604 2228 1669 νόθον,
2265 1602 2376 1655 οὐδ’
2407 1600 2473 1654 ἂν
2515 1595 2837 1668 ἐκθρέψειαν
2884 1594 2942 1646 ὲν
2982 1589 3159 1660 πλάνῃ
3205 1588 3276 1641 τὰ
3303 1586 3412 1640 ἴδια
3455 1585 3648 1648 τέκνα,

2057 1697 2125 1750 τὰ
2159 1693 2303 1749 κατὰ
2329 1691 2563 1762 μάθησιν
2591 1686 2757 1755 λέγω,
2787 1685 2882 1738 καὶ
2913 1683 3109 1754 ξηροὺς
3138 1680 3356 1750 ἔχουσαι
3383 1678 3509 1739 τοὺς
3543 1678 3655 1747 μα-

1980 1803 2024 1858 Β
2054 1788 2211 1846 aeoli;
2261 1784 2321 1836 αἱ
2363 1780 2472 1833 τῶν
2518 1775 2972 1848 πονηρευομένων
3031 1769 3372 1845 Ἐκκλησίαι,
3423 1768 3524 1821 οὐκ
3578 1766 3652 1819 ἂν

2053 1876 2292 1944 γένοιντο
2327 1869 2563 1942 μητέρες
2594 1867 2704 1921 τῶν
2738 1862 3132 1936 ἠπατημένων.

2124 1964 2322 2020 Πᾶσαι
2374 1965 2434 2015 al
2480 1960 2680 2014 κακίαι
2709 1956 2909 2012 αὐτῶν
2960 1955 3030 2009 ἐν
3081 1951 3352 2020 Frag-21.1,
3395 1949 3486 2003 ὅτι
3524 1947 3658 2001 ἐκεῖ

2055 2058 2320 2126 ἐμίσησα
2351 2051 2593 2118 αὐτοὺς,
2629 2050 2727 2104 διὰ
2771 2047 2880 2112 τὰς
2919 2045 3134 2110 κακίας
3177 2041 3297 2096 τῶν
3339 2039 3658 2108 ἐπιτηδευ-

2051 2149 2278 2221 μάτων.
2315 2147 2418 2200 Ἐκ
2445 2144 2551 2199 τοῦ
2575 2144 2744 2197 οἴκου
2771 2159 2893 2211 μου
2921 2136 3157 2192 ἐκϐαλῶ
3184 2134 3427 2200 αὐτοὺς,
3461 2135 3535 2188 οὐ
3556 2136 3654 2202 μὴ

2060 2239 2390 2312 προσθήσω
2419 2234 2729 2308 ἀγαπῆσαι
2763 2232 3007 2298 αὐτούς.

2137 2335 2253 2388 ΡΘθ.
2300 2334 2560 2403 Ἀρχεται
2592 2328 2753 2382 πάλιν
2782 2328 2811 2380 ό
2836 2325 2945 2379 τῶν
2989 2323 3124 2378 ὅλων
3145 2321 3288 2384 Θεὸς
3319 2317 3660 2390 ἀπαριθμεῖ-

2065 2423 2187 2478 σθαι
2230 2423 2299 2477 τὰ
2344 2422 2682 2492 ἐγκλήματα,
2726 2418 2820 2472 καὶ
2859 2413 3231 2486 διαμέμνηται
3278 2411 3375 2481 τῆς
3413 2407 3658 2474 Γαλγάλ.

2066 2513 2228 2576 Πόλις
2259 2513 2316 2566 δὲ
2345 2511 2506 2581 αῦτη,
2549 2507 2670 2564 καθ’
2703 2508 2769 2578 ἣν
2799 2506 2881 2558 ὅτι
2919 2503 3156 2574 μάλιστα
3183 2498 3372 2561 δεινῶς
3424 2496 3520 2550 καὶ
3563 2497 3664 2548 ὲκ-

2066 2607 2245 2667 τόπως
2281 2600 2644 2673 ὲθρησκεύετο
2687 2598 2756 2652 τὰ
2781 2596 3144 2668 χειρόκμητα.
3192 2592 3351 2645 Ἐστι
3374 2588 3431 2642 δὲ
3469 2589 3497 2641 ὅ
3521 2604 3664 2656 φησι

2067 2698 2308 2752 τοιοῦτόν
2341 2713 2394 2748 τι
2423 2694 2606 2748 πάλιν.
2647 2689 2900 2760 Βδελυροὶ
2951 2687 3050 2759 μὲν
3094 2685 3206 2756 γὰρ
3252 2681 3394 2738 κατὰ
3426 2680 3666 2745 πολλοὺς

2070 2790 2303 2863 τρόπους
2330 2789 2378 2842 οἱ
2422 2789 2479 2853 ἐξ
2519 2784 2758 2857 Ἰσραήλ.
2796 2781 2924 2835 Ἵδοι
2963 2781 3008 2832 δ’
3037 2780 3102 2835 ἄν
3149 2796 3236 2842 τις
3281 2776 3385 2847 τῆς
3432 2773 3667 2843 ἐνούσης

2072 2885 2254 2946 αὐτοῖς
2301 2879 2634 2950 φαυλότητος
2679 2875 2779 2947 τὴν
2827 2871 3156 2946 ὑπερϐολὴν,
3201 2867 3530 2939 ὲννενοηκὼς
3559 2865 3668 2936 τὴν

2072 2972 2283 3042 Γαλγάλ
2313 2969 2494 3024 .Ἐκεῖ
2536 2970 2716 3022 πᾶσαν
2757 2963 2936 3020 αὐτῶν
2987 2961 3252 3032 τεθέαμαι
3296 2958 3397 3029 τὴν
3441 2955 3664 3017 κακίαν,

2075 3067 2192 3118 ἐκεῖ
2230 3062 2510 3134 μεμίσηκα
2541 3059 2756 3121 αὐτούς.
2789 3057 2862 3111 Ού
2906 3055 2993 3108 διά
3025 3070 3090 3122 γε
3119 3053 3211 3107 τὸν
3243 3051 3427 3116 τόπον,
3469 3048 3669 3119 εὔηθες

1999 3138 2040 3196 C
2074 3157 2202 3227 γάρ,
2253 3152 2607 3223 καθεστηκὼς
2642 3151 2700 3204 δὲ
2750 3149 2950 3220 μᾶλλον
2982 3145 3052 3199 τὰ
3095 3145 3154 3197 ὲν
3188 3141 3338 3213 αὐτῷ
3379 3139 3666 3210 γεγονότα.

2075 3248 2388 3318 Τοιγάρτοι,
2447 3245 2636 3315 φησιν,
2668 3240 2887 3308 ἐξοικιῶ
2941 3239 3041 3310 μὲν
3092 3236 3313 3299 αὐτοὺς,
3344 3234 3440 3288 καὶ¹
3491 3231 3672 3302 αὐλῆς

2078 3340 2405 3410 άποσοϐήσω
2431 3337 2532 3408 τῆς
2568 3337 2726 3407 ἐμῆς,
2771 3334 2864 3387 καὶ
2907 3331 3239 3400 οἰκειότητος
3268 3325 3502 3380 ἐκϐαλῶ.
3550 3325 3670 3378 Με-

2083 3433 2330 3508 μισηκὼς
2354 3431 2411 3486 δὲ
2434 3429 2680 3494 δικαίως,
2728 3424 3059 3496 ὲνστήσομαί
3090 3439 3151 3475 τε
3191 3419 3398 3484 λοιπὸν,
3435 3418 3531 3471 καὶ
3561 3415 3669 3470 οὐκ

2081 3507 2146 3581 ἃν
2201 3523 2536 3596 μεταθοίμην
2578 3519 2660 3573 ἐτι
2710 3517 2849 3590 πρὸς
2896 3517 2957 3569 τδ
3003 3514 3230 3584 ἀγαπᾷν
3278 3509 3494 3563 ἑλέσθαι
3539 3507 3672 3562 ποτὲ

2081 3620 2204 3682 τοὺς
2252 3616 2322 3670 τά
2370 3614 2549 3669 τοιάδε
2580 3603 3325 3681 πεπλημμεληκότας.Ἂλλ’,
3359 3597 3535 3672 οἶμαι,
3585 3599 3675 3663 τὶς

2083 3713 2230 3782 ἐρεῖ”
2270 3707 2416 3774 Πῶς,
2438 3701 2530 3760 οὖν
2568 3702 2891 3773 ἀνεκόμισεν
2931 3700 3012 3762 εἰς
3035 3698 3135 3769 τὴν
3187 3694 3450 3749 Ἰουδαίαν
3481 3692 3545 3744 ἐκ
3571 3689 3676 3761 τῆς

2097 3801 2396 3873 Ἀσσυρίων
2422 3797 2640 3860 αὐτοὺς,
2668 3795 2700 3865 ἢ
2754 3793 2871 3856 πῶς
2905 3791 3076 3861 ἀνῆκε
3113 3788 3216 3858 τῆς
3255 3783 3675 3857 αἰχμαλωσίαςς

2085 3890 2208 3966 Ἆρ’
2235 3894 2355 3962 οὐχὶ
2405 3886 2857 3962 μετατεθειμένος
2909 3885 2988 3946 είς
3035 3881 3375 3952 ἡμερότητα,
3425 3875 3520 3929 καὶ
3550 3891 3673 3944 gst-

2087 3965 2230 4050 δοῦς,
2283 3984 2377 4037 καὶ
2427 3981 2647 4051 ἀγάπης
2692 3976 2934 4042 ἀξιώσας
2977 3973 3208 4036 αὐτούς
3265 3970 3376 4024 Ναὶ
3410 3967 3576 4039 φαίην
3603 3965 3679 4020 ἂν

2085 4076 2263 4148 ἀληθῆ
2310 4077 2401 4127 καὶ
2427 4073 2588 4136 αὐτὸς
2627 4071 2720 4124 τὸν
2763 4070 2942 4138 λόγον.
2980 4065 3266 4135 Ἢλέηνται
3307 4061 3416 4132 γὰρ
3449 4059 3509 4123 ὲξ
3539 4059 3680 4128 ἡμε-

2093 4143 2333 4238 ρότητος,
2357 4161 2823 4233 ὁμολογουμένως.
2866 4156 3006 4208 Ἀλλ’
3049 4154 3166 4221 οἶγε
3203 4150 3324 4205 καθ’
3347 4143 3423 4203 ὧν
3449 4151 3477 4202 ὁ
3518 4147 3680 4215 λόγος

2092 4261 2374 4332 άπῲχοντο
2430 4257 2528 4327 μὲν
2579 4255 2653 4316 εἰς
2708 4247 3107 4320 αἰχμαλωσίαν,
3160 4243 3454 4314 τεθνήκασι
3499 4239 3556 4294 δὲ
3607 4242 3678 4311 τῇ

2091 4330 2253 4419 δίκη,
2304 4344 2497 4415 χρόνον
2551 4337 2758 4412 μαχροῦ
2824 4336 3260 4397 διῖππεύσαντος.
3317 4331 3426 4386 Καὶ
3487 4330 3708 4400 ὥσπερ

2094 4437 2458 4509 ἐπηγγέλλετο
2509 4434 2605 4505 μὲν
2637 4431 2727 4485 διὰ
2763 4429 3009 4492 Μωσέως
3065 4426 3206 4480 κατὰ
3253 4425 3352 4496 τὴν
3404 4423 3682 4490 Λίγυπτον

2094 4535 2206 4595 τοῖς
2231 4529 2463 4600 Ἰσραὴλ,
2489 4524 2724 4588 εἰσάξειν
2746 4521 2991 4581 ἅπαντας
3013 4519 3092 4581 είς
3116 4517 3214 4588 τὴν
3241 4516 3365 4586 γῆν,
3402 4515 3468 4584 ἢν
3493 4511 3682 4582 ὤμοσε

2091 4627 2206 4688 τοῖς
2234 4620 2504 4691 πατράσιν
2526 4617 2728 4677 αὐτῶν,
2757 4615 2858 4666 ούκ
2886 4610 3166 4682 ἠσέϐησαν
3190 4609 3247 4661 δὲ
3281 4603 3684 4676 άπειθήσαντές

2094 4733 2258 4782 τινες,
2299 4708 2374 4766 ὧν
2422 4711 2519 4765 καὶ
2565 4708 2636 4762 τὰ
2687 4706 2838 4760 κῶλα
2885 4704 3078 4756 ἔπεσον
3108 4703 3164 4754 έν
3196 4703 3263 4771 τῇ
3299 4699 3508 4769 ἐρήμῳ,
3549 4713 3686 4748 κατ-

2097 4804 2494 4878 εκληροδοτήθη
2526 4803 2581 4854 δὲ
2617 4798 2871 4869 μᾶλλονὴ
2900 4796 2972 4866 γῆ
3002 4796 3112 4857 τοῖς
3146 4793 3211 4859 ἐξ
3245 4791 3422 4844 αὐτῶν
3461 4788 3686 4857 γεγονό-

2105 4917 2222 4955 σιν·
2252 4898 2394 4952 ούτω
2429 4893 2660 4950 κάνθάδε
2691 4894 2924 4961 νοήσεις.
2965 4885 3393 4953 Τετελευτήκασι
3439 4880 3536 4950 μὲν
3572 4878 3686 4950 γὰρ

2105 4994 2153 5047 di
2183 4992 2304 5047 καθ’
2337 4983 2412 5044 ὧν
2451 4990 2479 5041 ὁ
2507 4987 2685 5055 λόγος,
2721 4982 3092 5051 ὑπενόστησαν
3129 4977 3186 5029 δὲ
3213 4975 3353 5028 κατὰ
3385 4973 3610 5043 καιροὺς
3636 4973 3687 5025 οἱ

2107 5086 2163 5151 ἐξ
2192 5082 2368 5136 αὐτῶν
2399 5083 2478 5144 είς
2504 5081 2599 5149 τὴν
2641 5071 3108 5141 ’1ουδαίαν,Κύρου
3147 5067 3296 5139 μόλις
3335 5065 3570 5127 ἀνέντος,
3595 5064 3689 5117 ὅτε

2106 5177 2165 5229 τὸ
2188 5170 2581 5243 ἑϐδομηκοστὸν
2602 5169 2716 5231 ἔτος
2745 5168 2924 5228 αὐτοῖς
2953 5163 3298 5232 πεπλήρωτο,
3323 5155 3692 5227 διατρίϐουσιν

2109 5267 2402 5334 ἀλλοδαπῇ.

2181 5353 2646 5422 Ἐκϐληθήσονται
2673 5349 2729 5401 δὲ
2753 5346 2848 5400 τοῦ
2887 5345 3036 5398 οἴκου
3067 5342 3159 5396 τοῦ
3188 5341 3349 5404 Θεοῦ,
3398 5338 3598 5411 μᾶλλον
3629 5336 3688 5388 δὲ

2111 5448 2204 5500 καὶ
2234 5443 2609 5513 ὲκϐέϐληνται,
2650 5441 2744 5492 καὶ
2776 5440 2824 5490 oi
2857 5437 2998 5490 κατὰ
3042 5433 3280 5506 Χριστοῦ
3319 5432 3689 5502 τολμήσαντες

2111 5537 2178 5592 τὰ
2219 5537 2386 5603 δεινὰ,
2420 5535 2510 5588 καὶ
2546 5534 2685 5602 πέρα
2727 5529 2885 5596 λόγου
2913 5526 3113 5588 παντὸς
3155 5524 3566 5593 δυσσεϐήματα,
3594 5516 3696 5572 καὶ
