3954 6208
265 308 369 364 257

1194 297 1741 354 COMMENTARIUS
1777 297 1840 351 ΙΝ
1884 298 2114 354 OSliAM
2158 294 2597 353 PROPHETAM.

3419 287 3522 341 238

264 423 312 473 οξ
363 417 571 489 πικρὰν
622 416 717 469 καὶ
763 413 1119 484 παλίμφημον
1154 413 1242 464 ἐπ’
1276 413 1552 484 αὐτῷτὴν
1599 413 1844 481 γλῶτταν

1963 415 2066 467 tusi
2094 422 2240 475 sunt,
2267 412 2357 481 qui
2399 424 2641 465 amaram
2673 414 2729 461 et
2766 402 3151 461 detractoriam
3196 402 3435 472 linguam
3472 406 3524 457 ia

264 514 508 573 ἀνέντες,
551 506 878 578 ὑπομενοῦσι
925 506 981 558 δὲ
1014 506 1108 559 καὶ
1150 505 1501 575 ἀμεταθέτως
1531 506 1628 577 τὴν
1660 506 1851 575 ὀργήν.

266 606 341 657 Οὐ
376 603 490 672 γὰρ
518 602 597 663 εἰς
634 600 729 653 ἕνα
760 598 869 651 τῶν
898 597 1215 668 προφητῶν,
1260 597 1377 649 ἀλλ’
1416 600 1496 660 είς
1548 597 1708 649 αὐτὸν
1758 614 1856 650 πε-

268 692 686 765 παροινηκότες,
726 690 1041 743 ἁλίσκονται
1068 688 1158 743 τὸν
1178 688 1285 742 τῶν
1317 688 1615 761 προφητῶν
1646 689 1853 741 Δεσπό-

266 806 385 858 την.
420 783 802 853 Σεσιγημένων
836 781 900 851 δὴ
930 776 1023 835 οὖν
1068 780 1177 834 τῶν
1218 781 1420 852 ἐτέρων
1450 781 1856 851 πλημμελημά-

267 899 397 943 των,
442 880 479 933 ἃ
529 876 820 948 δεδράκασι
856 874 994 928 κατὰ
1028 876 1170 943 σφᾶς
1199 874 1416 937 αὐτοὺς,
1458 876 1637 927 πᾶσαν
1674 873 1739 926 ἄν
1771 890 1857 937 τις

268 972 448 1025 αὐτῶν
508 970 605 1039 τὴν
662 967 860 1020 κακίαν
915 966 1015 1019 ἴδοι
1065 966 1157 1018 καὶ
1211 964 1307 1034 τὴν
1358 964 1459 1033 τῆς
1521 963 1855 1035 φαυλότητος

270 1062 599 1134 ὑπερϐολὴν,
622 1059 715 1111 καὶ
740 1058 815 1121 ὡς
837 1058 893 1111 ἕν
917 1075 979 1126 γε
1006 1058 1069 1128 δὴ
1099 1057 1281 1127 μόνοις
1309 1059 1421 1119 τοῖς
1447 1057 1586 1110 κατὰ
1615 1055 1854 1127 Χριστοῦ

269 1154 575 1223 γεγονόσιν.

343 1290 574 1355 Πάντες
605 1292 660 1343 oi
692 1288 983 1358 ἄρχοντες
1018 1286 1215 1340 αὐτῶν
1245 1286 1649 1351 ἀπειθοῦντες.
1695 1287 1856 1341 Ἔπόο

270 1397 458 1437 νεσεν
502 1382 750 1450 Ἐερραῒμ
774 1382 883 1446 τὰς
903 1377 1070 1448 ῥίζας
1112 1379 1319 1444 αὑτοῦ,
1359 1378 1683 1446 ἐξηράνθη,
1714 1397 1853 1448 καρ-

272 1474 391 1525 πὸν
410 1475 523 1527 οὐκ
546 1474 633 1527 ἔτι
650 1470 995 1541 μὴένέγκῃ.
1016 1472 1168 1524 Διότι
1200 1470 1297 1523 καὶ
1315 1471 1423 1524 ἐὰν
1450 1471 1848 1539 γεννήσωσιν,

271 1562 585 1617 ἀποκτενῶ
612 1560 687 1615 τὰ
720 1559 1137 1629 ἐπιθυμήματα
1173 1559 1403 1623 κοιλίας
1453 1556 1671 1613 αὐτῶν.
1717 1558 1853 1611 Ἀπ-

270 1654 729 1720 ὠσεταιοαύτοὺς
752 1656 783 1707 ό
809 1652 973 1718 Θεὸς,
995 1652 1083 1705 ὅτι
1104 1654 1215 1706 οὐκ
1244 1650 1620 1717 εἰσήκουσαν
1646 1651 1850 1715 αὑτοῦ,

274 1746 368 1799 καὶ
399 1747 645 1800 ἔσονται
686 1742 987 1812 πλανῆται
1018 1743 1087 1797 ἐν
1116 1742 1241 1810 τοῖς
1269 1743 1531 1798 ἔθνεσιν.

344 1880 447 1933 Pl'.
489 1878 692 1933 Οὐδένα
736 1877 994 1950 χρηστὸν,
1047 1878 1216 1948 ἧγουν
1246 1877 1473 1948 εὐπειθῆ
1515 1880 1607 1930 καὶ
1644 1878 1855 1949 εὐήνιον

274 1970 331 2021 ἐν
358 1970 545 2032 αὐτοῖς
575 1968 848 2040 ηὑρῆσθαί
880 1985 1064 2037 φησιν,
1095 1968 1153 2019 οὐ
1189 1966 1403 2039 μικρὸν,
1435 1968 1496 2020 οὐ
1535 1968 1731 2037 μέγαν,
1760 1968 1857 2039 οὐχ

271 2059 598 2130 ἡγούμενον,
646 2059 706 2111 οὐ
759 2059 850 2112 τὸν
890 2058 993 2111 ὑπὸ
1050 2060 1207 2128 χεῖρα
1283 2057 1379 2109 καὶ
1432 2056 1852 2128 ὑπεζευγμένον.

274 2150 544 2221 Ταύτῃτοι
568 2150 662 2204 καὶ
696 2150 805 2203 δεῖν
832 2148 1128 2203 ἀπολέσθαι
1157 2148 1456 2212 παντελῶς.
1490 2148 1646 2220 ῥίζης
1669 2148 1857 2221 ῶσπερ

272 2244 445 2312 αὐτῆς
480 2241 974 2313 ὲκὸεὖοθρευμένον
1001 2240 1409 2312 διῖσχυρίζεται,
1451 2242 1507 2293 ὲν
1548 2241 1647 2311 ἴσῳ
1674 2257 1733 2293 τε
1766 2258 1859 2309 γε·

273 2335 489 2402 γονέναι
518 2334 705 2387 λοιπὸν
738 2336 849 2398 τοῖς
882 2334 1255 2403 ἀναινομένοις
1287 2334 1378 2388 καὶ
1408 2332 1711 2404 πεπληγὸσι
1749 2334 1856 2387 τῶν

273 2424 465 2488 ξύλων.
503 2426 569 2475 Ἀ
590 2423 685 2476 καὶ
720 2422 891 2492 μόνης
921 2422 1090 2475 δεῖται
1120 2423 1313 2491 τομῆς,
1341 2423 1644 2492 ἀναφανδὸν
1668 2423 1856 2497 ὥσπερ

270 2514 639 2584 ὁμολογοῦντα
686 2515 784 2585 τὴν
834 2513 1131 2584 ἀκαρπίαν.
1168 2513 1389 2573 ’Ὀτικδὲ
1433 2516 1545 2578 τοῖς
1587 2515 1856 2585 ἀκάρποις

268 2606 453 2670 ξύλοις
478 2608 573 2661 καὶ
600 2605 989 2675 ἀπκείρεσῦαι
1026 2605 1250 2676 πρέπει,
1288 2608 1381 2659 καὶ
1426 2606 1587 2670 αὐτὸς
1622 2606 1857 2671 ἐδίδαξεν

272 2702 300 2749 ὁ
332 2699 549 2769 Σωτὴρ.
576 2699 675 2769 τὴν
709 2696 920 2767 καρπὸν
948 2697 1048 2749 οὐκ
1073 2696 1299 2766 ἔχουσαν
1325 2696 1497 2767 συκῆν
1529 2697 1604 2760 ὡς
1638 2697 1696 2749 ὲν
1728 2696 1857 2751 εἴδει

274 2791 371 2859 τῆς
408 2788 681 2843 Ἰουδαίων
738 2788 1069 2858 Συναγωγῆς
1120 2787 1482 2842 ἐκκόπτεσθαι
1533 2790 1855 2843 ἐπιτάττων.

281 2901 298 2932 ι
338 2883 459 2933 ἰνα
485 2879 538 2930 τί
560 2879 686 2949 γὰρ,
718 2877 871 2948 φησὶ,
895 2879 987 2931 καὶ
1008 2878 1107 2948 τὴν
1127 2878 1227 2948 γῆν
1258 2879 1561 2948 καταργεῖ;
1599 2896 1618 2929 ι
1653 2880 1859 2949 Ἀκαρ-

276 2990 376 3034 πος
406 2971 469 3023 δὴ
500 2966 593 3023 οὖν
626 2969 867 3040 εὑρεθεὶς
892 2971 919 3022 ὁ
960 2968 1194 3039 Ἰσραὴλ,
1231 2970 1418 3040 φησὶν,
1447 2970 1765 3023 ὲκκόπτοιτο
1793 2970 1859 3024 ἂν

276 3064 524 3124 εξκάτωςο
589 3060 650 3112 οὐ
695 3060 804 3130 γὰρ
850 3059 1072 3112 ἐκδώσει
1126 3059 1355 3126 καρπόν.
1424 3060 1585 3114 Ἀλλά
1631 3061 1735 3114 κᾶν
1781 3064 1861 3125 εἰς

281 3154 439 3207 τοῦτο
466 3152 698 3220 γένοιτο,
721 3151 905 3220 φησιν,
925 3151 1108 3203 ἀπολῶ
1129 3151 1196 3205 τά
1220 3151 1278 3215 ἐξ
1309 3150 1486 3203 αὐτῶν
1520 3151 1851 3222 γεννώμενα.

280 3245 390 3298 Καὶ
429 3242 589 3295 τοῦτό
620 3244 760 3307 ἐστι,
802 3259 819 3293 ι
854 3240 935 3294 Τὰ
966 3241 1354 3311 ἐπιθυμήματα
1383 3240 1481 3310 τῆς
1514 3239 1721 3304 κοιλίας
1768 3241 1859 3295 αὖ·

276 3337 407 3389 τῶν.
448 3354 468 3387 ι
522 3335 842 3401 Ἀναγκαῖον
870 3332 928 3385 δὲ
972 3328 1125 3403 οἶμαι
1172 3334 1392 3385 κάκεῖνο
1424 3332 1763 3404 περιαθρεῖν,
1809 3333 1861 3385 τί

277 3426 336 3479 τὸ
364 3424 559 3495 χρῆμα
588 3422 682 3475 τοῦ
713 3422 891 3489 λόγου.
922 3422 1020 3473 Διὰ
1043 3421 1095 3473 τί
1127 3422 1236 3493 γάρ
1271 3440 1453 3493 φησιν,
1480 3425 1562 3476 ὄτι
1598 3442 1615 3475 ι
1656 3424 1859 3487 Πάντες

276 3520 324 3569 οξ
376 3516 639 3585 ἄρχοντες
684 3513 863 3566 αὐτῶν
912 3513 1297 3579 ἀπειθοῦντεςς
1359 3534 1378 3566 ι
1442 3516 1506 3567 Τί
1559 3515 1668 3588 γὰρ
1717 3516 1857 3581 ὅλως

278 3608 449 3661 ἐδεῖτο
475 3607 576 3677 τῆς
593 3606 702 3658 τῶν
728 3605 1002 3675 ἀρχόντων
1036 3606 1349 3675 ὑποταγῆςς
1383 3608 1683 3680 ’Λναφορὰν
1712 3604 1806 3663 οὖν
1832 3612 1861 3663 ὁ

278 3699 434 3767 λόγος
467 3699 580 3769 ἔχει
604 3697 740 3768 πρὸς
766 3696 1004 3767 ἱστορίαν
1030 3696 1153 3750 τινὰ
1185 3698 1290 3751 τῶν
1324 3699 1709 3771 ἀρχαιοτέρων.
1752 3702 1860 3753 Καὶ

283 3800 362 3855 τίς
410 3791 474 3861 δὴ
526 3789 667 3860 αὕτη
715 3789 877 3843 πάλιν
920 3789 1048 3858 ἐρῶ.
1095 3790 1548 3861 Μεμοσχοποίηκε
1581 3792 1721 3846 κατά
1763 3792 1860 3863 τὴν

282 3880 485 3950 ἔρημον
519 3880 549 3931 ὁ
589 3878 825 3949 Ἰσραὴλ,
860 3878 1092 3943 ἀπόντος
1139 3880 1405 3945 Μωσέως,
1456 3881 1859 3952 ἁναπεφοίτηκε

282 3971 388 4040 γὰρ
426 3972 483 4023 ὲν
513 3969 590 4040 τῷ
620 3969 735 4040 ὄρει
765 3971 914 4041 Σινᾷ,
949 3970 1038 4023 τὸν
1072 3970 1236 4040 νόμον
1271 3971 1682 4042 ὑποδεξόμενος.
1726 3968 1860 4027 Εἶτα

282 4062 579 4126 κατελθὼν,
620 4062 918 4132 λελύπηται
959 4063 1162 4133 σφόδρα
1195 4061 1331 4131 πρὸς
1358 4062 1418 4115 τὸ
1460 4062 1857 4133 πλημμέλημα,

282 4156 573 4227 συνέτριψε
603 4157 696 4209 τὸν
735 4157 956 4228 μόσχον,
991 4158 1401 4225 ἀγανακτοῦντα
1430 4158 1562 4212 Θεὸν
1594 4156 1861 4213 ἐδυσώπει

279 4250 481 4320 τρόπον
506 4249 708 4319 τινατῇ
729 4250 833 4320 ἰδίᾳ
849 4250 1164 4321 γνησιότητι
1181 4251 1274 4303 καὶ
1295 4251 1485 4322 ἀρετῇ.
1512 4251 1859 4321 Προσέπιπτε

280 4340 411 4410 γὰρ,
445 4340 543 4391 καὶ
573 4338 879 4410 ὲξελιπάρει
924 4340 1097 4409 λέγων
1120 4359 1132 4372 -
1185 4360 1205 4393 ι
1262 4343 1325 4396 Εἰ
1371 4343 1467 4413 μὲν
1502 4343 1646 4413 ἀφῇς
1678 4344 1862 4408 αὐτοῖς

280 4432 714 4502 τὴνλάμαρτίαν,
764 4433 921 4502 ἄφες·
966 4435 1014 4485 εί
1062 4433 1119 4487 δὲ
1168 4432 1266 4504 μὴ,
1298 4434 1576 4503 ὲξάλειψον
1607 4435 1750 4506 κάμὲ
1798 4437 1861 4488 ἐκ

1962 506 2135 573 ipsum
2180 512 2575 565 exscruerunt,
2615 498 2983 566 subibuntque
3030 496 3165 549 iram
3219 494 3529 549 immutabi-

1958 594 2085 648 lem.
2145 593 2258 647 Non
2310 593 2453 645 enim
2496 591 2547 644 in
2582 589 2965 659 prophetarum
3024 585 3279 654 aliquem,
3329 582 3531 639 sed‘in

1962 687 2135 755 ipsum
2175 684 2558 752 prophetarum
2596 682 2882 759 Dominum
2908 679 3227 733 debacchati
3253 677 3531 733 inveniun-

1962 787 2067 832 tur.
2117 775 2345 830 Silentio
2408 775 2567 844 igitur
2595 772 2883 842 przeteritis
2905 785 3259 841 quaecumque
3283 784 3530 824 seorsum

1969 876 2230 938 praetcrea
2276 866 2595 930 amiserunt,
2651 880 2865 919 onmem
2896 878 3085 918 eorum
3116 862 3445 932 nequitiam,
3478 870 3533 915 et

1972 960 2257 1030 pravitatis
2288 958 2709 1028 magnitudinem
2736 957 3133 1027 quodammodo
3161 955 3211 1009 in
3247 955 3375 1010 solis
3398 969 3533 1009 cou-

1966 1062 2047 1106 tra
2085 1051 2364 1107 Christum
2408 1050 2674 1118 susceptis
2716 1049 3043 1105 facinoribus
3094 1050 3278 1104 videre
3331 1048 3528 1118 possis.

2034 1270 2189 1327 Vens.
2228 1272 2311 1334 16,
2345 1272 2424 1325 17.
2454 1270 2645 1325 Omnes
2670 1272 2926 1339 principes
2960 1286 3137 1324 eorum
3164 1270 3533 1325 inobedienles.

1956 1364 2133 1419 Doluit
2167 1363 2417 1432 Ephraim
2454 1366 2654 1417 radices
2675 1380 2819 1427 suas,
2842 1365 3069 1425 exaruit,
3093 1361 3321 1429 fructum
3343 1378 3537 1429 nequa-

1954 1472 2110 1527 quam
2138 1457 2276 1510 ultra
2296 1455 2444 1525 feret.
2470 1456 2610 1521 Quia
2624 1457 2667 1509 si
2690 1457 2982 1525 genuerint,
3001 1453 3310 1524 interﬁcium
3336 1453 3537 1506 deside-

1956 1551 2035 1601 ria
2090 1548 2227 1601 uteri
2269 1564 2471 1601 eorum.
2506 1546 2733 1616 Repellet
2770 1564 2853 1601 eos
2890 1546 3048 1612 Dens,
3079 1546 3201 1617 quia
3226 1563 3327 1600 non
3354 1545 3537 1599 audie-

1957 1649 2073 1692 runt
2117 1654 2255 1703 eum,
2292 1649 2339 1692 et
2373 1647 2523 1691 erunt
2582 1639 2696 1707 vagi
2736 1639 2788 1691 in
2841 1640 3095 1707 gentibus.

2025 1858 2138 1915 CX.
2175 1858 2453 1916 Neminem
2483 1859 2703 1924 bonum,
2741 1859 2855 1915 sive
2898 1869 3146 1931 prompte
3174 1860 3534 1929 obedientem,

1950 1962 2012 2009 ,et
2058 1952 2272 2009 facilem
2300 1954 2443 2009 inter
2486 1966 2581 2009 eos
2627 1961 2901 2024 repertum
2955 1953 3052 2019 ait,
3106 1968 3209 2008 non
3259 1969 3485 2023 parvum
3515 1995 3533 2021 ,

1958 2062 2064 2103 non
2097 2060 2370 2117 magnum,
2396 2062 2499 2101 non
2529 2047 2852 2118 principem,
2882 2061 2989 2104 non
3022 2047 3302 2113 clientem,
3323 2057 3377 2103 et
3407 2051 3535 2103 sub-

1957 2141 2152 2196 ditum.
2185 2140 2449 2208 Quocirca
2496 2149 2550 2195 et
2573 2141 2811 2207 omnino,
2848 2141 3280 2197 velutradicltus
3303 2141 3531 2198 eﬂ'ossos

1956 2235 2182 2305 periisse
2220 2233 2525 2296 conﬁrmat,
2556 2242 2610 2289 et
2644 2233 2758 2303 jam
2788 2234 2991 2289 similes
3031 2247 3152 2289 esse
3200 2233 3358 2305 lignis
3416 2248 3538 2289 are-

1958 2328 2116 2383 factis
2146 2337 2199 2382 et
2234 2328 2525 2395 percussis,
2545 2329 2739 2397 quibus
2766 2327 2879 2383 sola
2918 2326 3219 2383 resectione
3270 2341 3405 2397 opus
3430 2336 3534 2388 est,

1956 2428 2141 2489 utpote
2187 2419 2526 2476 sterilitatem
2572 2436 2723 2475 suam
2768 2420 2943 2491 palam
3000 2420 3418 2475 ostentantibus.
3450 2416 3533 2472 Li-

1955 2512 2074 2581 gnis
2115 2521 2293 2567 autem
2341 2512 2689 2568 infructuosis
2738 2511 3161 2582 amputationem
3210 2508 3533 2573 convenire,

1957 2605 2071 2674 ipse
2098 2620 2315 2675 quoque
2346 2604 2598 2659 Salvator
2639 2606 2841 2667 docuit,
2902 2603 3186 2659 ﬁculneam
3222 2601 3401 2656 fructu
3440 2616 3537 2657 ca-

1958 2706 2185 2760 rentem,
2237 2706 2291 2751 et
2345 2695 2655 2752 Judreorum
2710 2696 3049 2779 Synagogam
3123 2693 3537 2750 adumbrantem

1957 2786 2199 2841 exscindi
2223 2786 2437 2857 jubens.
2468 2786 2647 2857 Inquit
2672 2786 2813 2842 enim
2838 2787 2903 2852 ⁷⁷,
2940 2805 2959 2839 ι
2995 2786 3067 2844 Ut
3090 2786 3219 2856 quid
3242 2786 3403 2842 etiam
3430 2794 3540 2841 ter-

1960 2894 2072 2933 ram
2120 2878 2415 2949 occupat‘h
2442 2878 2816 2934 Infructuosus
2845 2879 3032 2949 itaque
3067 2879 3319 2934 inventus
3345 2878 3535 2945 Israel,

1960 2970 2152 3040 inquit,
2184 2970 2377 3027 merito
2429 2971 2793 3026 exscindatur.
2851 2969 2968 3025 Non
2998 2969 3143 3024 enim
3181 2967 3332 3024 dabit
3419 2968 3537 3022 fru-

1960 3072 2125 3117 ctum.
2163 3062 2315 3130 Quod
2354 3062 2398 3118 si
2426 3062 2590 3118 etiam
2638 3063 2901 3130 dederint,
2938 3062 3129 3133 inquit,
3158 3075 3225 3118 ex
3245 3061 3373 3130 ipsis
3413 3074 3540 3131 pro-

1961 3164 2117 3223 gnata
2155 3155 2397 3223 perdam.
2446 3154 2514 3209 Et
2572 3156 2688 3210 haec
2727 3165 2900 3210 suntt
2955 3154 3222 3210 desideria
3271 3153 3408 3208 uteri
3443 3167 3540 3209 eo-

1963 3262 2137 3299 rum.»
2176 3246 2441 3302 Existimo
2499 3246 2663 3302 etiam
2714 3247 3207 3311 considerandum,
3255 3245 3383 3314 quid
3447 3244 3538 3300 itla

1962 3340 2127 3394 verba
2175 3340 2511 3394 contineant.
2549 3337 2659 3393 Cur
2685 3338 2829 3393 enim
2870 3337 3000 3392 dicit
3026 3356 3040 3391 :
3068 3354 3087 3387 ι
3142 3335 3345 3391 Omnes
3388 3336 3539 3405 prin-

1960 3428 2106 3497 cipes
2162 3443 2349 3482 eorum
2400 3426 2769 3482 iuobedicutes
2806 3427 2858 3479 ἳ»
2886 3426 3024 3493 Quid
3086 3425 3230 3481 enim
3294 3426 3536 3480 omnium

1962 3520 2261 3589 principum
2336 3518 2639 3574 obedientia
2683 3533 2817 3589 Opus
2884 3516 3048 3572 erat?
3084 3516 3304 3587 Spectat
3366 3518 3540 3573 oratio

1961 3613 2238 3667 historiam
2294 3612 2579 3681 quamdam
2610 3621 2868 3674 veterem,
2893 3624 3055 3679 quam
3099 3624 3385 3679 exponam.
3425 3610 3537 3665 Ab-

1962 3708 2113 3757 sente
2141 3701 2342 3772 Moyse,
2370 3700 2535 3755 Israel
2567 3699 2617 3754 in
2645 3699 2935 3755 solitudine
2963 3698 3121 3771 142
3146 3700 3366 3754 vitulum
3386 3699 3535 3756 fecit.

1960 3796 2293 3850 Ascenderat
2324 3795 2523 3864 quippe
2574 3792 2627 3846 in
2671 3802 2908 3847 montem
2958 3792 3091 3848 Sina
3142 3792 3310 3862 legem
3384 3806 3537 3846 acce-

1960 3897 2150 3957 pturus
2178 3887 2245 3941 ⁷⁸.
2287 3886 2387 3953 Qui
2438 3886 2535 3940 ubi
2586 3885 2889 3948 descendit,
2929 3898 2994 3940 eo
3021 3884 3225 3941 scelere
3280 3884 3538 3952 majorem

1962 3978 2014 4031 in
2053 3977 2267 4034 modum
2305 3977 2677 4042 contristatus,
2718 3977 2944 4032 vitulum
2974 3974 3313 4043 comminuit,
3346 3975 3539 4030 Deum-

1960 4084 2065 4139 que
2114 4070 2478 4140 indignantem
2519 4085 2615 4124 sua
2675 4072 2872 4126 virtute
2920 4079 2975 4125 et
3019 4068 3377 4139 germanitate
3402 4082 3539 4135 quo-

1961 4162 2243 4217 dammodo
2296 4162 2363 4215 ad
2442 4161 2825 4233 ignoscendum
2897 4161 3172 4229 compulit.
3249 4158 3540 4214 Procideus

1961 4254 2128 4317 enim,
2157 4252 2381 4322 supplex
2411 4253 2639 4322 rogavit,
2678 4253 2761 4308 his
2795 4252 2974 4307 verbis
3003 4270 3015 4306 :
3058 4270 3075 4303 ι
3111 4250 3166 4304 Si
3214 4250 3428 4320 quidem
3454 4251 3537 4305 di-

1963 4345 2133 4400 mittis
2183 4344 2288 4400 illis
2322 4355 2628 4415 peccatum,
2656 4344 2867 4400 dimitte
2898 4360 2913 4409 ;
2947 4343 3030 4398 sin
3078 4352 3282 4407 autem,
3314 4342 3431 4396 dele
3484 4356 3541 4397 et

1962 4452 2049 4492 me
2070 4439 2136 4491 dc
2167 4436 2304 4492 libro
2339 4438 2440 4493 hoc
2473 4452 2635 4507 quem
2679 4436 3001 4507 scripsisti.)
3032 4435 3235 4490 Annuit
3262 4436 3539 4505 propheta:

280 4525 375 4592 τῆς
404 4522 591 4593 βίϐλου
624 4522 848 4593 ταύτης,
878 4518 945 4594 ἦς
978 4524 1240 4595 ἔγραψας.
1284 4544 1303 4575 ι
1342 4526 1646 4581 Κατένευσε
1685 4528 1741 4580 δὲ
1784 4527 1857 4598 τῷ

1968 4526 2127 4589 Deus,
2181 4534 2238 4580 ut
2310 4528 2614 4597 ignosceret
2673 4527 2958 4591 omnibus;
3015 4525 3307 4595 quinetiam
3354 4525 3489 4579 dixit
3521 4563 3535 4586 ,

282 4616 542 4687 προφήτῃ
584 4613 717 4677 θεὸς
772 4614 857 4685 σὴν
890 4616 969 4678 είς
1000 4615 1244 4679 ἅπαντας
1272 4618 1607 4688 ἡμερότητα,
1655 4618 1750 4671 καὶ
1796 4618 1860 4689 δὴ

282 4710 375 4759 καὶ
404 4707 860 4774 ἕφασκεψἹλεως
893 4710 1076 4771 αὐτοῖς
1116 4709 1253 4779 είμι,
1284 4708 1426 4762 κατὰ
1471 4710 1533 4763 τὸ
1564 4710 1715 4781 ῥῆμά
1744 4728 1859 4766 σου.

287 4798 458 4868 ὐρᾷς
487 4800 610 4850 ὅσον
655 4798 831 4867 ὢνησε
863 4799 954 4852 τὸν
1010 4800 1225 4871 Ἰσραὴλ
1257 4801 1290 4870 ἡ
1335 4799 1429 4854 τοῦ
1462 4803 1861 4873 προεστηκότος

286 4887 550 4957 φιλοθεῖα,
588 4890 684 4941 καὶ
727 4884 807 4951 εἷς
836 4890 977 4960 ὑπὲρ
1005 4890 1222 4944 πάντων
1248 4892 1487 4962 ἀρκέσας
1517 4894 1597 4955 είς
1635 4893 1696 4946 τὸ
1729 4896 1862 4947 ἁνα-

238 5040 239 5043 s
284 4984 467 5032 πεῖσαι
500 4980 652 5045 Θεὸν,
678 4981 745 5034 δι’
773 4982 1049 5051 ὑποταγὴν
1073 5000 1153 5045 τε,
1182 4984 1276 5036 καὶ
1303 4984 1644 5050 εὐπείθειαν;
1676 4986 1860 5039 Δίτιᾶ-

280 5089 367 5123 ται
404 5071 586 5123 τοίνυν
619 5072 862 5136 εἰκότως,
908 5073 984 5136 ὡς
1020 5073 1327 5145 ὀλοτρόπως
1368 5076 1724 5131 ὲκκεκλικότα
1765 5078 1857 5132 τὸν

298 5160 527 5229 Ἰσραήλ.
564 5156 697 5213 Εἶτα
728 5162 801 5232 μὴ
840 5161 1031 5232 ἔχοντά
1059 5180 1179 5216 τινα
1208 5164 1315 5217 τῶν
1344 5165 1472 5236 παρ’
1495 5165 1678 5229 αὐτοῖς
1697 5168 1855 5237 ἡγου-

288 5251 484 5317 μένων,
518 5253 611 5303 τὸν
647 5253 986 5321 ἐπιτιμῶντα
1011 5255 1123 5316 τοῖς
1145 5254 1417 5318 πταίουσι,
1444 5256 1534 5308 τὸν
1558 5257 1859 5326 ἀφιστάντα

284 5340 381 5407 τῆς
430 5341 678 5411 πλάνης.
730 5344 900 5413 ἧγουν
962 5346 1029 5415 τῇ
1080 5344 1187 5415 ἰδίᾳ
1238 5345 1579 5418 λαμπρότητι
1618 5349 1684 5420 τῇ
1720 5348 1860 5402 κατὰ

283 5432 483 5499 τρόπον
530 5434 619 5487 καὶ·
650 5435 855 5505 ἀρετὴν
886 5436 1191 5504 ἀποστῆσαι
1220 5436 1511 5507 δυνάμενον
1546 5437 1644 5507 τὴν
1666 5438 1856 5510 ὀργὴν,

282 5522 416 5573 Θεοῦ
448 5525 959 5596 παρακεκλημένον.
1003 5526 1266 5597 Καθάπερ
1294 5528 1485 5598 ἀμέλει
1528 5531 1621 5581 καὶ
1652 5530 1708 5582 ἐν
1740 5548 1860 5585 και-

358 5703 397 5732 οί
440 5700 565 5752 Luc.
616 5716 732 5761 Vim,
770 5701 855 5755 10.
936 5704 979 5731 ⁷⁸
1012 5703 1178 5755 iixml.
1219 5703 1475 5767 XXIV,1'2.

1960 4618 2222 4688 propitius
2255 4634 2374 4673 sum
2419 4619 2525 4674 illis
2567 4617 2859 4675 secundum
2890 4617 3109 4671 verbum
3144 4625 3316 4671 tuum.
3346 4616 3539 4671 Cernis

1961 4718 2224 4778 quantum
2286 4711 2642 4767 moderatoris
2723 4725 2848 4780 erga
2907 4710 3070 4764 Deum
3140 4723 3293 4762 amor
3350 4706 3537 4761 lsraeli

1962 4800 2242 4869 profuerit,
2282 4810 2336 4856 et
2386 4804 2657 4871 quomodo
2701 4817 2838 4855 unus
2883 4802 2947 4854 ad
2982 4800 3147 4853 Deum
3216 4797 3535 4853 ﬂectendum

1962 4900 2187 4963 propter
2220 4893 2614 4963 subiectionem
2650 4901 2704 4946 et
2736 4890 3100 4946 obedientiam
3134 4905 3229 4957 pro
3285 4889 3537 4943 omnibus

1967 4984 2273 5041 suﬂ'ecerit.
2304 4985 2534 5041 Accusat
2599 4983 2759 5053 igitur
2810 4998 2915 5036 non
2968 4980 3162 5048 injuria
3240 4981 3489 5036 lsraeletu
3519 5022 3534 5047 ,

1964 5085 2024 5130 ut
2055 5078 2143 5147 qui
2189 5079 2400 5147 penitus
2439 5092 2467 5131 a
2494 5083 2641 5131 recto
2688 5074 2884 5128 itinere
2910 5074 3257 5130 declinaverit
3280 5084 3367 5140 ,et
3392 5074 3539 5144 prin-

1964 5167 2136 5236 cipem
2171 5168 2237 5222 de
2272 5166 2383 5222 suis
2414 5165 2615 5220 nullum
2656 5165 2877 5219 omnino
2905 5165 3121 5229 habeat,
3167 5164 3258 5233 qui
3309 5178 3536 5234 peccau-

1967 5267 2047 5312 tes
2081 5258 2363 5327 corripiat,
2405 5258 2497 5326 qui
2532 5256 2602 5311 ab
2650 5272 2839 5312 errore
2878 5264 3090 5321 avocet,
3134 5265 3229 5310 aut
3268 5264 3415 5311 certe
3441 5254 3535 5322 qui

1966 5363 2175 5403 morum
2210 5364 2274 5401 ac
2303 5348 2518 5403 virtutis
2584 5363 2696 5405 sum
2761 5349 3047 5420 splendore
3098 5349 3207 5404 Deo
3265 5355 3533 5407 exorato,

1966 5438 2101 5494 iram
2144 5440 2260 5510 cjus
2300 5440 2510 5496 amoliri
2568 5442 2786 5512 possit,
2818 5440 3266 5513 quemadmodum
3312 5445 3363 5490 et
3400 5445 3535 5487 tem-

1965 5533 2184 5601 poribus
2223 5533 2418 5604 Moysis
2450 5532 2652 5591 factum
2699 5535 2945 5604 legimus.
2981 5534 3340 5599 Quamobrem
3366 5522 3535 5579 etiam
