3954 6208
362 302 483 359 233
1365 295 1423 349 S.
1467 289 1744 347 (ZYRILLI
1792 285 2261 343 ALEXANDRINI
2300 286 2623 344 ARClllEP.
3527 277 3633 332 ἓ-ίθ

384 439 403 474 ι
465 415 827 487 repellentur,
874 414 1089 483 inquit,
1149 420 1202 466 et
1256 421 1415 466 erunt
1484 411 1602 479 vagi
1665 410 1717 463 in
1765 407 1943 477 genti-

2074 406 2163 469 »οῖς
2193 407 2380 474 γέγονε
2434 408 2543 468 τοῖς
2599 403 2737 459 κατὰ
2778 404 3003 458 Μωσέα.
3072 398 3360 469 Τοιγὰρτοι
3413 396 3505 449 καὶ
3550 394 3635 459 ἐξ-

382 508 501 564 bus.
547 524 565 557 ι
2048 496 2414 567 ωσθήσονται,
2469 499 2634 568 φησὶ,
2684 498 2778 567 καὶ
2842 496 3050 549 ἔσονται
3097 492 3361 562 πλανῆται
3416 491 3472 543 ἐν
3524 492 3638 553 τοῖς

2054 589 2251 642 ἔθνεσι.

449 683 564 740 lloc
596 682 700 737 illis
753 682 935 737 evenit
961 690 1014 736 et
1042 689 1170 734 tunc
1219 679 1435 748 quidem
1480 678 1547 731 ad
1579 678 1831 748 Assyrios
1860 679 1951 731 de-

2125 680 2294 734 Τοῦτο
2325 681 2520 751 συνέϐη
2561 682 2753 736 παθεῖν
2784 682 2985 746 αὐτοῖς,
3023 680 3117 734 καὶ
3148 679 3267 732 τότε
3300 677 3398 748 μὲν
3435 677 3640 729 ἀποκο-

381 776 632 847 portatis,
652 784 708 830 et
738 789 880 829 nunc
925 771 1272 828 nihilominus
1326 779 1544 840 propter
1566 769 1942 825 debacchatio-

2077 771 2325 824 ιισθεῖσιν
2364 774 2445 834 εἰς
2507 772 2847 843 Ἀσσυρίους,
2897 771 2992 827 καὶ
3042 768 3138 823 νῦν
3180 769 3236 823 δὲ
3280 768 3429 822 οὐδὲν
3473 763 3638 840 ἦττον

384 884 483 924 nes
509 882 699 923 eorum
742 866 793 920 in
829 865 1106 920 Christum
1154 863 1377 917 exosis:
1413 862 1610 930 ubique
1653 860 1795 916 enim
1859 876 1945 913 ex-

2073 862 2149 915 :rri.
2201 864 2320 927 ταῖς
2371 864 2453 927 είς
2494 863 2728 934 Χριστὸν
2774 862 3079 933 παροινίαις
3113 860 3634 931 κατεστυγημένοις.

384 962 529 1017 sules
552 969 605 1015 et
634 959 902 1021 extranei,
945 973 1043 1013 nec
1068 957 1341 1012 civitatem
1380 956 1638 1012 habentes
1664 954 1715 1008 in
1754 955 1945 1009 munda

2077 953 2329 1006 ’Λνέστιοι
2359 953 2467 1024 γὰρ
2520 955 2613 1006 καὶ
2644 951 2908 1024 ὲπηλύται
2933 951 3204 1020 πανταχῆ,
3237 948 3330 1003 καὶ
3355 948 3510 1001 πόλιν
3538 946 3638 999 οὐκ

382 1061 620 1118 manent,
651 1051 739 1121 qui
780 1059 907 1106 sunt
956 1051 1022 1104 de
1053 1047 1235 1103 Israel.
1265 1067 1284 1101 ι
1323 1047 1635 1117 Dispergam
1664 1045 1807 1101 enim
1861 1059 1943 1100 eos

2076 1045 2267 1115 Ξχοντες
2316 1046 2366 1097 οἱ
2406 1044 2466 1109 ἐξ
2502 1045 2719 1117 Ἰσραὴλ
2750 1042 3083 1097 διατελοῦσιν
3124 1043 3183 1095 ὲν
3224 1042 3435 1111 κόσμῳ.
3477 1058 3495 1091 ι
3539 1039 3637 1092 Λι-

382 1146 434 1200 in
481 1158 696 1199 omnem
740 1151 959 1197 ventum
988 1142 1090 1206 ",i
1126 1140 1265 1207 dixit
1298 1153 1393 1208 per
1429 1148 1648 1193 sanctos
1719 1136 1943 1207 prOphe-

2078 1139 2206 1208 ιμιῶ
2240 1138 2349 1209 γὰρ
2378 1138 2573 1202 αὐτοὺς
2610 1139 2688 1201 είς
2719 1139 2895 1193 πάντα
2922 1139 3139 1209 ἄνεμον,
3186 1155 3203 1188 ι
3235 1134 3321 1189 διὰ
3344 1134 3639 1205 προφητῶν

381 1248 463 1292 tas
498 1234 660 1293 Deus.
705 1234 762 1289 Si
816 1248 946 1304 ergo
1008 1231 1248 1287 amicitia
1280 1245 1402 1286 cum
1448 1230 1558 1285 Deo
1609 1227 1762 1284 nobis
1811 1242 1942 1283 cura

2076 1229 2227 1298 ίγίων
2264 1228 2469 1298 ἔφασκε
2498 1228 2651 1294 Θεός.
2687 1231 2751 1284 Εί
2780 1230 2958 1285 τοίνυν
2984 1231 3077 1283 ἐπὶ
3103 1229 3202 1300 τῆς
3228 1227 3365 1300 πρὸς
3393 1227 3526 1280 Θεὸν
3556 1227 3637 1279 ol—

381 1338 514 1394 est;
557 1328 601 1383 si
671 1327 788 1397 ejus
858 1325 1124 1380 rationem
1184 1323 1451 1388 ducimus,
1503 1318 1853 1389 subjiciamus
1905 1319 1942 1373 e‘

2079 1321 2331 1392 ιειότητος
2361 1322 2580 1393 φροντὶς
2614 1323 2744 1394 ἡμῖν
2772 1324 2865 1377 καὶ
2888 1322 3069 1391 λόγος,
3107 1320 3470 1391 ὑποφέρωμεν
3489 1316 3640 1388 αὐτῷ

385 1418 668 1481 cervicem,
694 1426 749 1470 et
783 1417 867 1486 pia
896 1430 1017 1470 cum
1057 1414 1362 1469 obedientia
1393 1413 1460 1468 ad
1487 1412 1762 1468 Christum
1796 1424 1946 1465 acce-

2079 1415 2149 1468 ςδν
2172 1415 2398 1485 αὐχένα,
2434 1415 2528 1469 xui.
2560 1416 2873 1487 προσίωμεν
2901 1415 2978 1478 ὡς
3009 1415 3068 1481 ἐξ
3087 1413 3299 1484 ἀγαθῆς
3330 1409 3640 1473 εὐπειθείας

385 1511 576 1565 damus
607 1507 919 1562 dicentem:
954 1525 972 1558 ι
1009 1505 1206 1560 Venite
1254 1504 1322 1559 ad
1378 1519 1484 1566 me,
1515 1516 1704 1573 omnes
1756 1500 1845 1571 qui
1881 1500 1946 1556 la«

2081 1508 2267 1577 ,ἐγοντι
2313 1506 2391 1579 τῷ
2430 1506 2682 1578 Χριστῷο
2732 1525 2751 1558 ι
2812 1506 2977 1561 Δεῦτε
3024 1505 3160 1578 πρὸς
3221 1503 3310 1576 μὲ,
3339 1504 3542 1568 πάντες
3588 1503 3642 1557 οἱ

262 1627 273 1635 -
380 1601 605 1667 boratis,
642 1607 694 1654 et
763 1597 974 1652 onerati
1018 1597 1171 1661 estis,
1196 1604 1249 1648 et
1279 1610 1378 1667 ego
1408 1594 1654 1650 reﬁciam
1684 1609 1800 1648 vos.

2081 1601 2389 1666 ιοπιῶντες,
2455 1600 2551 1654 καὶ
2617 1598 3063 1670 πεφορτισμένοι,
3124 1595 3284 1666 κάγὼ
3339 1595 3642 1650 ἀναπαύσω

383 1692 479 1747 lite
499 1690 688 1761 iugum
735 1703 914 1745 meum
940 1701 1101 1757 super
1131 1700 1226 1741 vos
1245 1685 1342 1738 ⁸ο.»
1389 1682 1485 1741 Sic
1516 1684 1661 1740 enim
1686 1692 1742 1740 et
1771 1683 1944 1740 fructi-

2080 1695 2222 1766 ipaic.
2261 1695 2466 1765 Ἀρατε
2495 1693 2588 1746 τὸν
2620 1692 2782 1760 ζυγόν
2827 1708 2928 1762 μου
2972 1689 3056 1759 ἐφ’
3098 1689 3262 1758 ὑμᾶς.
3306 1706 3324 1740 ι
3373 1686 3641 1757 Ἑσόμεθα

382 1785 484 1839 feri
531 1791 647 1838 eta
707 1794 962 1851 percussu
1021 1778 1292 1833 immunes
1352 1777 1592 1845 erimus;
1651 1792 1750 1832 nec
1808 1777 1943 1830 radii

2086 1787 2166 1858 ’ὰρ
2189 1784 2363 1849 οὓτως
2407 1784 2673 1855 ἕγκαρποί
2718 1801 2777 1838 τε
2847 1784 2940 1837 καὶ
2975 1781 3241 1853 ἀπλῆγες,
3287 1780 3387 1833 οὐκ
3430 1782 3647 1834 ἀναινο-

380 1884 566 1932 nostra
604 1880 891 1928 exarescet
919 1888 934 1938 ;
963 1878 1069 1925 nec
1102 1868 1310 1925 fructus
1344 1869 1400 1925 in
1439 1868 1665 1924 nihilum
1717 1868 1922 1923 recidet

2081 1875 2231 1946 ιένης
2288 1877 2419 1947 ἡμῖν
2470 1876 2571 1946 τῆς
2620 1874 2797 1946 ῥίζης,
2855 1874 2916 1927 οὐ
2966 1872 3180 1945 καρποῦ
3225 1871 3512 1934 πίπτοντος
3562 1873 3642 1934 εἰς

380 1964 527 2023 haud
579 1979 610 2019 a
654 1963 762 2019 Deo
809 1962 1123 2034 longissime
1180 1961 1540 2032 vagabimur;
1577 1967 1635 2015 et
1685 1973 1852 2030 prope
1878 1959 1932 2029 ip

2083 1969 2251 2041 ιηδὲν,
2280 1969 2341 2022 οὐ
2372 1968 2662 2039 πλανῆται,
2695 1966 2790 2020 καὶ
2834 1964 3092 2020 ἁποτάτω
3122 1963 3281 2029 Θεοῦ,
3320 1963 3435 2019 ἀλλ’
3475 1962 3644 2031 ἐγγύς

382 2071 525 2122 sum,
565 2064 619 2111 et
642 2054 780 2125 apud
808 2054 982 2124 ipsum
1033 2052 1265 2116 erimus,
1292 2058 1347 2106 et
1371 2050 1641 2105 civitatem
1671 2063 1943 2120 supernau

2083 2075 2119 2112 τε
2145 2058 2311 2113 αὐτοῦ
2353 2058 2449 2113 καὶ
2482 2059 2579 2112 σὺν
2608 2055 2757 2127 αὐτῷ
2823 2056 2916 2109 καὶ
2942 2055 3096 2109 πόλιν
3125 2053 3338 2124 ἔχοντες
3374 2052 3469 2124 τὴν
3507 2050 3644 2113 ἄνω,

382 2150 438 2205 in
465 2148 618 2205 etrlis
650 2146 991 2207 habebimus,
1020 2142 1503 2213 primogenitorum
1549 2150 1801 2204 matrem,
1829 2155 1943 2196 sant

2085 2150 2155 2204 ιαὶ
2193 2152 2251 2204 ὲν
2296 2151 2566 2222 οὐρανοῖς,
2600 2148 2702 2220 τὴν
2734 2147 2846 2201 τῶν
2879 2146 3240 2219 πρωτοτόκων
3276 2144 3505 2216 μητέρα,
3545 2142 3646 2214 τὴν

383 2250 596 2297 ciorum
630 2238 875 2294 altricem
910 2235 1322 2305 etelestiumque
1345 2232 1632 2303 spirituum
1663 2246 1856 2302 purum
1873 2231 1941 2287 ha

2085 2242 2169 2294 τῶν
2199 2241 2367 2311 ἁγίων
2395 2239 2616 2312 τροφὸν,
2662 2238 2772 2294 τῶν
2811 2238 2924 2293 ἄνω
2966 2238 3293 2309 πνευμάτων
3316 2237 3377 2291 τὸ
3405 2236 3646 2309 καθαρὸν

382 2332 700 2391 bitaculum.

2062 2333 2296 2405 ὲνδιαίτη
2306 2351 2401 2404 μα.

633 2460 1042 2552 TUMUS
1125 2455 1702 2564 QUINTUS.

2339 2457 2723 2545 ΤΟΜΟΣ
2797 2455 3372 2544 ΠΕΜΠΤΟΣ.

1091 2609 1245 2663 CAP.
1286 2605 1355 2662 Χ.
1443 2687 1451 2697 τ

2677 2610 2930 2665 ΚΕΦΔΛ.
2968 2611 3024 2663 1'.

467 2721 617 2777 Vens.
652 2722 703 2785 l,
733 2721 789 2775 2.
834 2719 1001 2775 Vinea
1035 2721 1287 2790 frondosa
1340 2719 1531 2775 Israel.
1574 2716 1804 2773 Fructus
1851 2718 1963 2787 ejus

2139 2721 2443 2792 Ἀμπελος
2486 2720 2954 2791 εὐκληματοῦσα
2996 2719 3263 2791 Ἰσραήλ.
3318 2719 3379 2772 '0
3414 2718 3648 2786 καρπὸς

381 2815 680 2877 abundans,
717 2812 1001 2865 secundum
1038 2812 1423 2865 multitudinem
1461 2811 1726 2880 fructuum
1748 2825 1942 2864 suorun

2089 2813 2256 2884 ιύτῆς
2283 2814 2574 2879 εὐθυνῶν,
2594 2813 2743 2869 κατὰ
2772 2813 2838 2867 τὸ
2867 2811 3102 2880 πλῆθος
3129 2810 3245 2865 τῶν
3274 2807 3518 2877 καρπῶν
3544 2812 3650 2864 αὑ-

383 2902 749 2972 utultiplicavit
802 2902 1018 2955 altaria.
1072 2902 1237 2955 Juxta
1282 2905 1416 2957 bona
1443 2912 1598 2956 terra:
1627 2917 1738 2955 sua
1796 2900 1944 2969 (ediﬁ-

2088 2907 2173 2962 roﬁ
2214 2908 2519 2973 ἐπλήθυνε
2552 2906 2625 2960 τὰ
2675 2905 3091 2974 θυσιαστήρια.
3145 2904 3304 2959 Κατὰ
3347 2903 3418 2956 τὰ
3453 2901 3649 2973 ἀγαθὰ

383 2994 518 3049 cavit
545 2992 850 3057 simulacra,
880 2994 1167 3047 diviserunt
1205 2994 1369 3046 corda
1408 3008 1527 3058 sua,
1555 3008 1693 3046 nunc
1752 2993 1944 3060 disper-

2089 2993 2177 3064 τῆς
2233 2994 2346 3064 γῆς
2382 2995 2567 3050 αὐτοῦ
2627 2994 2980 3065 ᾠκοδόμησε·
3035 2993 3300 3060 στήλας,
3361 2992 3650 3063 ἐμέρισαν

382 3088 549 3142 ἑὺιιηι.
607 3085 729 3155 Ipse
757 3076 1004 3155 stt/[odiet
1037 3087 1231 3141 altaria
1257 3085 1762 3156 eorum,aﬁligentur
1790 3086 1943 3140 simu-

2088 3086 2315 3159 ιαρδίας
2348 3086 2566 3153 αὐτῶν,
2597 3087 2714 3142 νῦν
2737 3086 3277 3157 ἀφανισθήσονται.
3314 3087 3508 3153 Αὐτὸς
3541 3103 3649 3140 κα-

382 3176 529 3231 l-acra
562 3191 768 3232 eorum.

2089 3180 2361 3250 ἀσκάψει
2383 3180 2455 3234 τὰ
2483 3177 2881 3248 θυσιαστήρια
2913 3177 3132 3244 αὐτῶν,
3158 3178 3650 3249 ταλαιπωρήσου-

2062 3290 2168 3330 σιν
2195 3276 2253 3329 αὶ
2284 3271 2507 3341 στῆλαι
2541 3270 2761 3326 αὐτῶν.

434 3375 617 3449 λίω
651 3373 784 3432 CXI.
836 3375 1127 3446 Postquam
1176 3377 1348 3441 dixit,
1399 3376 1653 3447 Ephraim
1730 3375 1967 3433 ἀοῙυίεδθ

2148 3390 2298 3443 PIA'.
2352 3385 2690 3457 Ἦλγημένον
2733 3383 2834 3448 τὰς
2870 3385 3024 3456 ῥίζας
3054 3382 3222 3438 εἰπὼν
3247 3383 3338 3437 τὸν
3384 3383 3645 3454 Ἐφραῖμ,

385 3468 598 3525 radices
627 3483 773 3532 suas,
803 3478 857 3523 ct
881 3468 1273 3524 infructuosum
1306 3468 1442 3535 fore,
1469 3468 1810 3538 similemque
1847 3483 1946 3523 mut

2089 3480 2286 3535 ζσεσθαι
2315 3478 2373 3533 δὲ
2405 3480 2499 3533 καὶ
2531 3478 2802 3549 ἄκαρπον,
2826 3478 2920 3531 καὶ
2950 3478 3008 3529 ὲν
3034 3477 3133 3547 ἴσῳ
3159 3478 3273 3538 τοῖς
3304 3475 3650 3547 μετοικοῦσιν

386 3560 513 3614 tatis
547 3559 765 3614 sedibus
793 3559 900 3614 alio
930 3560 1145 3628 penitus
1173 3561 1666 3632 comniigrantium,
1709 3561 1947 3631 Assyrio-

2090 3574 2225 3640 l).w;,
2251 3573 2349 3643 τῆς
2393 3569 2692 3641 Ἀσσυρίων
2724 3569 3049 3640 ἀγριότητος
3081 3567 3410 3639 δαπανώσης
3434 3567 3503 3622 τὰ
3523 3584 3651 3638 γεν-

385 3665 505 3703 rum
560 3649 764 3702 saevitia
828 3650 1017 3705 deletis
1048 3667 1232 3707 eormn
1262 3652 1477 3722 fetibus,
1509 3671 1653 3710 nunc
1675 3656 1839 3711 etiam
1860 3655 1946 3710 uti-

2086 3665 2302 3736 ιώμενα.
2332 3662 2601 3717 δείκνυσιν
2639 3661 2950 3730 ἀναγκαίως
2981 3661 3075 3715 καὶ⁸
3096 3655 3208 3725 οἷος
3230 3657 3299 3732 ἦν
3324 3660 3513 3728 πάλαι,
3536 3660 3647 3714 καὶ

387 3740 511 3795 liter
532 3740 795 3805 ostendit,
836 3742 1022 3809 qualis
1051 3743 1181 3797 olim
1211 3743 1396 3809 fuerit,
1426 3761 1685 3816 perquam
1721 3745 1948 3802 fructuo-

2087 3757 2149 3809 ἰτι
2182 3754 2406 3824 γέγονεν
2434 3752 2730 3822 εῦκαρπος,
2768 3752 2856 3806 ὅτε
2900 3751 3000 3823 τῆς
3046 3752 3105 3806 ὲν
3149 3751 3298 3822 νόμῳ
3336 3751 3483 3821 ζωῆς
3516 3767 3648 3822 μετ-

388 3847 483 3887 sus
537 3831 806 3894 videlicet,
833 3836 1051 3901 quando
1112 3835 1273 3889 vitam
1302 3837 1512 3908 legibus
1554 3841 1949 3908 respondenteu

2086 3848 2309 3901 incisim
2338 3844 2539 3914 σοφῶς.
2585 3839 2688 3897 Οἷα
2718 3843 2826 3914 γάρ
2858 3860 2941 3907 τις
2971 3842 3215 3914 ἄμπελος
3241 3842 3402 3913 καλὴ,
3434 3843 3524 3896 καὶ
3552 3842 3647 3894 εὑ-

388 3920 665 3989 sapienter
696 3922 934 3998 virebat.
974 3923 1162 3992 Qualis
1208 3926 1363 3981 vinea
1414 3929 1679 3998 qua-piam
1745 3929 1949 3999 pulchr:

2086 3934 2429 4008 ιληματοῦσα
2476 3936 2588 3999 τοῖς
2642 3933 2750 3989 τῶν
2797 3932 2965 3987 ὲθνῶν
3006 3934 3305 4004 περιοίκοις
3352 3932 3647 4004 ὁρώμενος,

385 4022 442 4067 et
468 4012 608 4068 bene
634 4015 937 4069 convestita
968 4014 1302 4084 palmitibus,
1338 4029 1460 4074 ante
1488 4019 1671 4076 oculos
1703 4020 1946 4076 ﬁnitimo-

2088 4030 2295 4093 εἰκότως
2333 4026 2797 4099 κατεθαυμάζετο.
2827 4027 2936 4080 Καὶ
2959 4028 3091 4098 περὶ
3120 4026 3292 4097 αὐτῆς
3331 4025 3435 4079 πού
3481 4041 3649 4095 φησιν

387 4119 508 4158 rum
545 4105 862 4175 populorum
912 4107 968 4162 in
1005 4108 1362 4165 admiratione
1385 4120 1504 4166 erat
1533 4126 1636 4166 non
1666 4113 1948 4168 immerito

2088 4141 2096 4174 ι
2132 4120 2406 4192 μακάριος
2448 4118 2613 4173 Δαϐὶδ
2641 4118 2698 4173 ὲν
2730 4116 2899 4188 βίϐλῳ
2930 4115 3201 4188 Ψαλμῶν,
3244 4116 3381 4188 πρὸς
3412 4117 3504 4171 τὸν
3540 4117 3649 4169 τῶν

387 4203 443 4248 et
464 4195 530 4249 de
546 4195 659 4264 ipsa
684 4196 876 4252 alicubi
901 4196 1090 4253 beatus
1113 4198 1277 4255 David
1305 4201 1357 4255 in
1376 4200 1518 4258 libro
1539 4202 1874 4259 Psalmorum
1902 4220 1948 4259 at

2090 4213 2204 4267 ὶλων
2246 4212 2480 4283 Σωτῆρα
2507 4210 2638 4265 Θεόν
2658 4227 2670 4239 ο
2713 4229 2732 4263 ι
2761 4208 3039 4281 ’Ἄμπελον
3080 4209 3138 4276 ἐξ
3195 4208 3474 4279 Αἰγύπτου
3523 4225 3651 4280 μετ-

389 4285 761 4342 universorum
800 4289 965 4345 Deum
996 4288 1111 4344 ait:
1144 4309 1163 4341 ι
1194 4290 1415 4348 Vineam
1439 4294 1506 4349 de
1536 4294 1768 4367 Egypto
1794 4304 1950 4350 transl

2085 4310 2231 4378 ῆρας,
2262 4305 2517 4373 ἐξέϐαλες
2544 4305 2694 4375 ἔθνη,
2722 4304 2818 4359 καὶ
2856 4303 3267 4374 κατεφύτευσας
3297 4303 3489 4376 αὑτήν.
3507 4303 3646 4357 Ὠδο-

392 4378 580 4443 tulisti,
635 4379 843 4448 eiecisti
874 4393 1086 4452 gentes,
1114 4391 1168 4436 et
1199 4383 1450 4452 plantasti
1482 4401 1624 4442 eam.
1656 4389 1768 4441 Dux
1806 4387 1953 4442 itinc-

2091 4399 2305 4470 τοίησας
2365 4395 2673 4469 ἔμπροσθεν
2714 4397 2905 4469 αὐτῆς.
2969 4396 3231 4464 Ἐξέτεινε
3271 4397 3341 4451 τὰ
3397 4397 3652 4469 κλήματα

389 4469 465 4524 ris
498 4467 643 4524 fuisti
675 4469 727 4524 in
756 4480 1046 4540 conspectu
1072 4451 1209 4538 ejus,
1245 4470 1497 4529 Extendit
1551 4476 1798 4543 palmites
1835 4491 1950 4532 suo:

2281 4451 2715 4559 ξωςιθαλάσσης,
2772 4451 3001 4553 καῖἓως
3039 4451 3307 4559 ποταμῶν
3335 4488 3436 4552 τὰς
3466 4451 3652 4561 παρα·

392 4573 562 4628 usque
611 4560 677 4614 ad
732 4575 899 4623 mare,
929 4570 983 4615 et
1041 4576 1212 4629 usque
1263 4563 1330 4617 ad
1387 4561 1601 4619 ﬂumina
1646 4566 1953 4636 propagines

2092 4558 2282 4651 ρυάδας
2315 4580 2505 4651 αὐτῆς.
2541 4599 2560 4632 ι
2593 4558 2815 4649 Πέφυκε
2846 4581 2947 4652 μὲν
2975 4582 3109 4653 γὰρ,
3136 4601 3155 4633 ι
3194 4558 3291 4635 Ἒν
3318 4581 3528 4652 κέρατι,
3552 4558 3653 4635 καὶ

392 4666 519 4707 suas
542 4650 643 4705 ⁸⁸.»
691 4649 823 4706 Nata
876 4662 964 4707 est
1018 4653 1232 4719 enim,c
1278 4657 1330 4709 in
1382 4671 1545 4710 cornu
1577 4697 1590 4716 ,
1623 4668 1677 4711 et
1742 4658 1792 4711 in
1848 4658 1953 4713 locc

2177 4672 2327 4741 τόπῳ
2374 4649 2556 4736 πίονι,
2591 4690 2609 4722 ι
2653 4670 2796 4725 κατὰ
2835 4649 2936 4742 τὴν
2978 4649 3073 4725 τοῦ
3114 4649 3401 4742 προφήτου
3441 4672 3650 4743 φωνήν.

392 4742 705 4813 piitgui”,i
762 4744 920 4814 juxta
976 4760 1159 4801 vocem
1217 4748 1513 4816 prophetae.
1588 4746 1953 4804 Verumtamen

2093 4761 2222 4832 1λὴν
2272 4761 2333 4814 οὐ
2364 4761 2551 4815 τέτοκε
2584 4761 2882 4834 σταφυλὴν,
2916 4762 3115 4833 ἤνεγκε
3147 4763 3203 4817 δὲ
3237 4763 3439 4833 μᾶλλον
3479 4762 3654 4818 ἀκὰνο

392 4849 500 4888 ηοη
532 4850 712 4899 uvam,
734 4838 827 4891 sed
854 4838 1036 4908 Spinas
1063 4838 1240 4907 potius
1264 4838 1536 4909 produxit.
1575 4839 1707 4892 Nam
1732 4839 1790 4893 in
1827 4840 1953 4894 mul-

2092 4855 2191 4917 Ιας.
2230 4852 2320 4924 Τῷ
2344 4853 2452 4924 γὰρ
2484 4852 2679 4925 πλήθει
2707 4853 2813 4910 τῶν
2836 4853 3099 4910 δοθέντων
3129 4854 3349 4924 ἀγαθῶν
3364 4854 3501 4925 αὐτῇ
3527 4853 3653 4908 σύν-

393 4927 620 4983 titudine
652 4930 915 4987 bonorum
940 4931 1041 4987 sibi
1069 4932 1386 4987 donatorum
1434 4931 1579 4987 velut
1633 4933 1857 4997 sociam,
1912 4942 1954 4987 et

2094 4947 2272 5013 ἱρομΟν
2300 4941 2490 5015 ὥσπερ
2516 4944 2640 4997 τινὰ
2684 4944 2779 4999 καὶ
2807 4944 3037 5015 ίσοπαλῆ
3061 4944 3160 5016 τὴν
3199 4944 3415 4998 ἀδικίαν
3440 4944 3622 4998 ὲπεδεί
3639 4975 3655 4988 -

393 5027 579 5072 contra
628 5020 793 5076 Deum
852 5024 1274 5080 colluctatricem
1324 5023 1659 5094 iniquitatem
1702 5024 1954 5080 exhibuit.

2093 5033 2229 5097 Ξατο·
2276 5033 2434 5103 δῆλον
2473 5034 2531 5089 δὲ
2557 5036 2638 5089 ὅτι
2683 5035 2785 5107 τὴν
2814 5036 2957 5090 κατὰ
3010 5035 3168 5090 Θεοῦ.
3213 5034 3511 5108 Ἐπλήθυνε
3544 5036 3654 5107 γὰρ

395 5108 769 5179 Multiplicavit
795 5115 938 5168 enim
970 5116 1185 5179 altaria,
1235 5125 1286 5171 el
1314 5115 1595 5171 aediﬁcavit
1626 5116 1917 5173 simulacra
1951 5135 1956 5171 τ

2094 5122 2483 5195 ὶυσιαστήρια,
2538 5124 2634 5180 καὶ⁸
2676 5124 2998 5196 ᾠκοδόμησε
3066 5124 3303 5196 στήλας·
3378 5126 3470 5180 καὶ
3529 5125 3655 5179 ὅσον

395 5213 769 5274 quantumque
831 5207 1080 5277 supernis
1108 5208 1357 5265 adluebat
1387 5209 1610 5275 divitiis,
1649 5219 1757 5264 tam
1788 5225 1956 5280 prom-

2093 5215 2329 5269 ιπλούτει
2352 5217 2463 5280 τοῖς
2488 5216 2697 5271 ἄνωθεν
2721 5217 2962 5286 ἀγαθοῖς,
2991 5216 3246 5271 τοσοῦτον
3272 5213 3342 5286 ἦν
3373 5217 3654 5290 πρόθυμος

394 5303 486 5364 pta
518 5290 616 5347 l'uit
639 5293 704 5346 ad
726 5294 1257 5361 eontaminatiouem,
1276 5298 1398 5366 quia
1430 5298 1697 5353 daemones
1725 5300 1955 5355 adoravi

2093 5308 2157 5371 είς
2189 5307 2515 5379 βεϐήλωσιν,
2538 5309 2627 5364 διὰ
2656 5308 2750 5363 τοῦ
2779 5312 3106 5382 προσκυνεῖν
3131 5298 3246 5375 τοῖς
3283 5311 3525 5381 δαίμοσι,
3557 5309 3654 5364 καὶ

393 5395 449 5440 et
523 5398 647 5439 aras
704 5385 979 5450 excitavit,
1028 5397 1082 5442 et
1129 5387 1180 5441 in
1232 5388 1599 5445 seductionem
1662 5391 1954 5460 multiplici:

2092 5398 2296 5471 Βωμοὺς
2330 5399 2586 5472 ἐγείρειν,
2618 5400 2712 5455 καὶ
2742 5402 2826 5465 είς
2856 5400 2957 5473 τὴν
3000 5400 3263 5456 πολύθεον
3307 5401 3518 5474 πλάνην
3555 5401 3653 5474 τὴν

398 5475 713 5533 idololatriae
764 5492 860 5532 cor
905 5492 1060 5533 suum
1084 5479 1481 5548 quodammodo
1528 5481 1732 5537 divisit.
1770 5484 1959 5538 Verum

2089 5488 2215 5542 ἰδίαν
2238 5487 2427 5562 ὥσπερ
2448 5489 2839 5561 καταμερίζειν
2868 5490 3112 5562 καρδίαν.
3134 5491 3274 5546 Ἀλλ’
3295 5490 3440 5546 οὕτω
3456 5489 3650 5553 ταῦτα,

397 5569 501 5624 ista
538 5583 643 5626 non
673 5569 959 5636 durabunt,
992 5568 1193 5642 inquit.
1259 5569 1532 5638 Quinam?
1571 5592 1589 5625 ι
1652 5573 1773 5644 ipse
1824 5576 1958 5630 enim

2093 5580 2263 5650 ρησὶν,
2313 5582 2413 5635 οὐκ
2455 5581 2627 5636 ἔσται.
2661 5581 2862 5649 Πόθεν;
2902 5601 2921 5635 ι
2957 5582 3312 5652 Κατασκάψει
3346 5582 3451 5655 γὰρ
3493 5580 3654 5647 αὐτὸς

471 5735 516 5768 ⁷⁹
547 5735 712 5795 Zach.
738 5755 798 5806 ιι,
824 5738 875 5792 ϐ.
953 5739 996 5772 ⁵ο
1033 5737 1219 5795 Matth.
1257 5720 1331 5806 Il;
1361 5736 1450 5793 28.
1531 5739 1569 5771 ³¹
1609 5737 1747 5794 Psal.
1774 5756 1960 5808 Lxxtx,
2001 5749 2032 5804 9

1112 5738 1219 5795 .llh.
1257 5720 1331 5806 Il;
1361 5736 1450 5793 28.
1531 5739 1569 5771 ³¹
1609 5737 1747 5794 Psal.
1774 5756 1960 5808 LXXIX,
2001 5749 2054 5804 9,
2087 5744 2155 5799 10
2189 5759 2342 5817 seqq.
2423 5748 2468 5779 ⁸³
2496 5747 2597 5803 lsa.
2629 5764 2673 5801 v.
