3898 6212
231 375 327 426 2-H

1157 377 1704 436 COMMENTARIUS
1743 378 1806 432 IN
1845 379 2076 434 OSEAM
2120 379 2568 436 PROPHE'I‘AM.

3400 385 3466 438 9.3-
3477 386 3507 440 3

230 497 294 548 τὰ
327 495 697 566 θυσιαστήρια
751 496 952 562 αὐτῶν,
993 517 1010 550 ι
1068 503 1160 553 καὶ
1208 502 1718 576 ταλαιπωρήσουσιν
1761 507 1811 556 αι

1924 505 2173 559 ειιαυιηοι
2225 506 2413 559 altaria
2452 521 2660 570 eorum,
2697 524 2714 556 ›
2748 512 2802 559 et
2851 503 3176 574 atiligentur.
3219 505 3504 559 siumlacra

235 588 419 657 στῆλαι
463 589 669 653 αὐτῶν,
718 589 1149 662 συνθραυόμεναι
1197 593 1458 664 δηλονότι,
1511 598 1603 650 καὶ
1647 614 1814 649 κατα-

235 680 537 750 σπώμεναι.
589 681 664 734 Τὸ
685 680 764 746 δὲ,
814 684 995 748 αὐτὸς,
1024 685 1258 749 ἀνοίσεις
1297 677 1583 758 ἐμφρόνως
1613 690 1691 751 εἰς
1725 690 1814 741 τὸν

235 772 335 824 τῶν
374 773 517 825 ὅλων
567 773 1058 839 κατεξουσιάζοντα
1095 777 1249 841 Θεὸν,
1284 778 1470 848 ἤγουν,
1523 781 1601 842 είς
1631 781 1690 832 τὸ
1723 779 1814 833 τοῦ

235 863 576 917 Βαϐυλωνίου
605 863 923 934 πρόσωπον,
963 866 1039 928 ὠς
1067 867 1167 938 ’ήδη
1197 867 1514 931 πλειστάκις
1544 870 1842 940 προδεδει-·

234 955 457 1026 γμένου.
500 957 827 1028 Συμϐέϐηκε
875 959 986 1028 γὰρ
1022 962 1166 1031 ταῖς,
1195 963 1252 1012 ἐν
1299 962 1582 1034 Σαμαρείᾳ
1627 964 1814 1017 πόλεσι

237 1049 326 1100 καὶ
371 1050 574 1112 αὐτοὺς
636 1051 1238 1121 συγκαταπίμπρασθαι
1285 1054 1412 1116 τοὺς
1458 1055 1654 1117 ναοὺς,
1722 1056 1817 1107 καὶ

234 1140 626 1211 διαρπάζεσθαι
666 1143 736 1195 τὰ
777 1142 1014 1209 γλυπτά.
1049 1144 1168 1215 Χρὴ
1206 1145 1386 1198 τοίνυν
1411 1147 1578 1216 ἡμᾶς,
1614 1147 1698 1214 ἐφ’
1736 1142 1818 1210 οἷς

233 1231 296 1286 ἂν
329 1233 553 1303 ἔχοιμεν
586 1232 740 1304 παρὰ
765 1234 900 1287 Θεοῦ
946 1235 1234 1307 χαίροντας
1269 1237 1529 1290 ἀνάπτειν
1561 1238 1630 1291 τὰ
1663 1255 1819 1308 χαρι-

238 1324 453 1394 στήρια,
489 1324 585 1377 καὶ
637 1326 712 1395 μὴ
756 1325 834 1395 τῷ
881 1325 1076 1379 πλάτει
1118 1327 1214 1398 τῆς
1247 1325 1502 1397 εὐθηνίας
1541 1329 1818 1400 ὲνολισθή-

237 1431 457 1479 σαντας,
484 1416 860 1486 ἁποφέρεσθαί
896 1435 986 1470 ποι
1018 1418 1156 1489 πρὸς
1177 1419 1237 1470 τὸ
1264 1419 1471 1490 ἀπᾷδον
1503 1419 1651 1490 αὐτῷ
1673 1438 1684 1448 ·
1717 1421 1816 1491 ζη-

235 1509 344 1558 τεῖν
397 1505 456 1557 δὲ
511 1505 714 1576 μᾶλλον
766 1507 858 1559 καὶ
902 1508 1287 1578 ἀποπεραίνειν
1337 1510 1678 1579 ἐπείγεσθαι,
1725 1511 1820 1564 καὶ

238 1597 379 1667 μάλα
406 1597 733 1668 προθύμως,
766 1599 834 1650 τὰ
865 1601 944 1662 εἰς
982 1601 1185 1670 ἀρετὴν
1210 1602 1526 1672 αὐχήματα,
1562 1603 1638 1674 μὴ
1667 1621 1820 1674 μερι-

236 1690 498 1759 ζομένους
542 1691 679 1760 πρὸς
705 1689 773 1743 τὰ
801 1691 857 1742 ὲν
887 1691 1078 1762 κόσμῳ
1109 1691 1279 1762 πάθη,
1311 1693 1406 1746 καὶ
1447 1695 1819 1765 ὑποφέροντας

235 1781 322 1833 τὸν
349 1780 559 1850 αὐχένα
592 1779 671 1850 τῷ
705 1780 936 1850 Σατανᾷ.
972 1783 1081 1834 Καὶ
1110 1782 1220 1852 γάρ
1248 1784 1396 1835 ἐστιν
1429 1783 1651 1855 ἀληθὲς,
1684 1785 1820 1855 ὅπερ

1917 613 2130 660 eormn,
2209 598 2482 652 confracta
2553 597 2831 660 nimirum,
2909 606 2962 651 et
3019 596 3249 652 divulsa.
3311 594 3505 652 Vocem

1919 691 2033 757 ipse
2061 705 2165 744 non
2215 688 2353 744 male
2381 690 2447 742 ad
2478 688 2899 756 omnipotentem
2954 688 3237 742 Dominum
3269 687 3505 752 referes,

1919 793 2013 835 aut
2050 782 2116 834 ad
2147 795 2432 849 personam
2475 782 2616 851 regis
2670 780 2950 851 Babylonii
2981 819 2996 846 ,
3033 780 3100 835 de
3131 795 3236 849 quo
3260 780 3371 850 jam
3399 796 3505 835 sa:-

1919 889 1985 942 pe
2031 872 2169 926 facta
2196 883 2278 927 est
2305 873 2528 927 mentio.
2559 873 2800 944 Conligit
2828 874 3000 938 enim,
3031 883 3089 926 ut
3112 887 3233 927 cum
3282 872 3506 926 urbibus

1921 965 2182 1020 Samaria:
2237 966 2400 1020 etiam
2436 965 2632 1035 templa
2663 966 2777 1035 ipsa
2814 972 3210 1030 exurerentur,
3248 971 3316 1019 et-
3361 963 3503 1017 idola

1919 1055 2312 1124 diriperentur.
2354 1055 2577 1126 Oportet
2635 1057 2795 1127 igitur
2829 1071 2929 1111 nos
2963 1066 3182 1126 propter
3233 1071 3295 1111 ea
3323 1072 3442 1127 qua:
3476 1072 3505 1109 a

1923 1147 2031 1201 Deo
2067 1148 2418 1203 habuerimus
2461 1165 2582 1203 cum
2615 1148 2811 1218 gaudio
2838 1147 3046 1218 gratias
3079 1163 3266 1218 agere,
3297 1164 3403 1201 non
3455 1148 3506 1201 iu

1921 1241 2274 1310 amplitudine
2309 1257 2489 1296 rerum
2514 1244 2879 1298 secundarum
2913 1241 3275 1309 oll‘endentes,
3301 1240 3506 1312 aliquid

1923 1334 2029 1389 Deo
2072 1334 2361 1403 displicens
2399 1335 2617 1406 abripi;
2649 1337 2780 1404 quin
2834 1336 3018 1406 potius
3073 1335 3413 1402 desiderare,
3445 1343 3508 1388 et

1923 1427 1985 1479 ad
2015 1441 2079 1480 ea
2125 1427 2522 1496 promptissime
2568 1428 2872 1498 praestanda
2906 1428 3240 1492 incumbere,
3270 1441 3390 1496 quae
3441 1443 3506 1480 ex

1922 1520 2119 1574 virtute
2175 1521 2402 1590 gloriam
2427 1523 2754 1587 conciliant;
2789 1537 2894 1578 non
2932 1522 3136 1576 divisos
3169 1521 3224 1576 in
3254 1521 3501 1575 atl‘ectio-

1924 1628 2019 1666 nes
2082 1613 2406 1677 mundanas,
2439 1625 2494 1668 ct
2545 1615 2811 1669 cervicem
2873 1613 3089 1668 Satanae
3136 1614 3507 1682 subjicientes.

1927 1704 2121 1759 Verum
2143 1715 2227 1759 est
2256 1705 2399 1759 enim
2426 1706 2552 1759 illud
2582 1707 2784 1761 Christi
2813 1724 2826 1759 :
2863 1725 2882 1757 ι
2903 1704 3073 1760 Nemo
3099 1715 3276 1776 potest
3299 1706 3507 1761 duobus

1923 1798 2155 1852 dominis
2223 1799 2428 1852 servire
2463 1797 2530 1852 ⁸³.
2569 1817 2589 1850 ι
2660 1798 2814 1864 Quod
2856 1799 2902 1854 si
2967 1799 3281 1863 dividimur,
3341 1799 3504 1852 etiam

236 1869 333 1942 ἔφη
389 1871 651 1940 Χριστός·
699 1891 717 1922 ι
769 1872 958 1936 Οὐδεὶς
1005 1872 1230 1927 δύναται
1276 1874 1397 1928 δυσὶ
1444 1875 1651 1946 κυρίοις
1698 1877 1811 1930 δου-

1924 1887 2072 1955 juxta
2138 1903 2325 1944 vocem
2380 1888 2700 1953 Psalmistze,
2757 1906 2778 1942 ι
2822 1894 3008 1958 partes
3067 1888 3309 1958 vulpium
3377 1888 3508 1957 ,ειὶ-

235 1959 432 2013 λεύειν.
474 1981 492 2011 ι
538 1963 599 2014 Εἰ
632 1961 688 2015 δὲ
725 1962 1084 2032 μεριζόμεθα,
1131 1966 1227 2017 κα)⁸
1267 1985 1284 2017 ι
1322 1965 1558 2036 Μερίδες
1601 1966 1819 2020 ἀλωπέ-

234 2068 341 2102 κων
372 2052 635 2122 ἐσόμεθα,
674 2073 693 2104 »
733 2054 873 2107 κατὰ
905 2055 1004 2123 τὴν
1032 2055 1338 2126 Ψαλμῳδοῦ
1365 2058 1571 2129 φωνήν.

301 2145 457 2195 Διότι
483 2142 601 2196 νῦν
627 2143 856 2212 ἐροῦσι·
892 2147 1015 2198 Οὐκ
1043 2145 1176 2200 ἔστι
1208 2147 1510 2214 ,βασιλεὺς
1530 2147 1694 2217 ἡμῖν,
1731 2149 1817 2204 ὅτι

230 2237 339 2288 οὐκ
383 2233 768 2303 ἐφοϐήθημεν
797 2236 902 2289 τὸν
956 2238 1198 2306 Κύριον.
1244 2239 1305 2291 ’0
1338 2238 1406 2292 δὲ
1430 2241 1733 2308 ,βασιλεὺς
1763 2245 1819 2297 τί

232 2325 471 2391 ποιήσει
498 2326 679 2394 ἠμῖν;
702 2327 912 2382 λα.1ῶν
928 2329 1169 2399 ῥήματα
1198 2330 1530 2401 προφάσεις
1547 2335 1814 2404 ψευδεῖς,

229 2415 581 2482 διαϐήσεται
607 2417 926 2487 διαθήκην.

297 2508 447 2563 ΡΙΒ’,
492 2511 628 2579 Οὐχὶ
669 2511 831 2580 μόνον
890 2514 1070 2566 αὐτῶν
1107 2516 1488 2588 σεισθήσεσθαι
1521 2521 1588 2575 τὰ
1627 2521 1815 2575 θυσια-

233 2602 452 2672 στήρια,
505 2602 601 2655 καὶ
646 2603 1086 2676 ταλαιπωρήσειν
1117 2607 1222 2679 ἔφη
1255 2609 1352 2673 τὰς
1387 2612 1610 2681 στήλας,
1650 2631 1817 2684 προσ-

229 2693 423 2761 επάγει
453 2693 534 2755 δὲ,
567 2694 650 2746 ὅτι
700 2696 793 2747 καὶ
828 2697 1291 2765 μεταγνώσονται,
1324 2702 1420 2755 καὶ
1454 2703 1816 2774 θρηνήσουσιν

231 2785 319 2837 ἐπί
351 2802 417 2853 γε
455 2789 576 2848 ταῖς
607 2786 757 2856 σφῶν
808 2787 1169 2855 δυσϐουλίαις,
1215 2794 1595 2866 ἡμαρτηκότες
1624 2797 1680 2850 δὲ
1717 2798 1816 2867 τῆς

231 2876 464 2942 ἐλπίδος,
544 2879 638 2930 καὶ
683 2881 1024 2950 ἠπατημένοι
1057 2885 1166 2946 τοῖς
1212 2885 1276 2937 ἐκ
1325 2885 1433 2939 τῶν
1469 2887 1815 2957 κρατούντων

227 2968 733 3039 ψευδηγορήμασιν,
767 2971 864 3039 ὀψὲ
899 2973 992 3026 καὶ
1031 2974 1182 3044 μόλις
1216 2978 1560 3047 συνήσουσιν.
1616 2980 1679 3032 υἱ
1718 2981 1815 3050 μὲν

230 3059 332 3130 γὰρ
364 3061 498 3131 παρ’
531 3062 716 3125 αὐτοῖς
753 3063 877 3126 τοὺς
925 3064 1025 3133 τῆς
1059 3065 1336 3134 βασιλείας
1363 3070 1639 3136 διέποντες
1688 3075 1813 3144 θρό-

230 3167 365 3214 νους,
401 3151 661 3220 ἀρκέσειν
691 3151 931 3221 ἔφασκον
961 3155 1142 3219 αὐτοῖς
1177 3159 1256 3221 εἰς
1278 3160 1599 3231 ἐπικουρίαν
1632 3161 1730 3225 τάς
1755 3181 1814 3215 τε

232 3245 437 3312 χρυσᾶς
485 3242 767 3313 δαμάλεις,

230 3335 555 3400 ἀσφάλειαν,
583 3335 686 3388 κᾶν
712 3337 760 3389 εἰ
792 3337 867 3408 μὴ
905 3339 994 3390 τὸν
1024 3339 1166 3394 θεῖον
1199 3343 1372 3412 ἔχοιεν
1403 3344 1588 3415 νόμον,
1621 3344 1724 3400 κᾶν
1763 3350 1812 3403 εἰ

230 3426 296 3494 μὴ
325 3427 463 3497 δρᾷν
497 3427 702 3481 ἕλοιντο
725 3430 794 3482 τὰ
825 3430 914 3483 διὰ
941 3432 1204 3497 Μωσέως.
1237 3436 1377 3488 Ἡδὲ
1409 3440 1575 3511 πεῖρα
1609 3441 1811 3512 δέδειχε

225 3519 656 3586 ψευὸοεποῦντας
686 3522 904 3586 αύτούς.
932 3525 974 3575 Τ
978 3524 1229 3580 εθέανται
1254 3528 1362 3598 γὰρ
1381 3531 1509 3594 τοὺς
1542 3532 1608 3586 τὰ
1632 3535 1809 3588 τοιάδε

232 3611 396 3663 πάλαι
428 3611 840 3682 διατιθεμένους
866 3616 1072 3680 αὐτοῖς,
1107 3618 1200 3672 καὶ
1222 3621 1500 3686 ἀσυνέτως
1528 3623 1805 3693 λέγοντας,

227 3703 324 3756 ὑπὸ
360 3707 522 3773 χεῖρα
554 3705 822 3770 πεσόντας
852 3707 1082 3780 ἐχθρῶν.
1125 3729 1144 3761 ι
1186 3712 1479 3784 Ταύτῃτοι,
1521 3718 1676 3785 φασὶ,
1710 3721 1810 3772 οὐκ

225 3796 336 3847 ἔστι
363 3795 620 3863 βασιλεὺς
645 3799 798 3868 ἡμῖν,
829 3800 909 3852 ὅτι
936 3801 1035 3854 οὐκ
1063 3803 1410 3875 ἐφοϐήθημεν
1432 3807 1522 3859 τὸν
1549 3807 1804 3880 Κύριον.»

236 3887 364 3938 Ἰδοὺ
413 3887 544 3958 γὰρ,
589 3890 744 3956 φασὶ,
788 3892 1087 3962 ὲπαμύνων
1125 3895 1319 3963 οὐδεὶς,
1347 3897 1516 3966 ῆγουν
1547 3901 1667 3963 ταῖς
1702 3902 1809 3954 τῶν

224 3975 588 4028 Βαϐυλωνίων
612 3979 823 4048 ἐφόδοις
853 3981 1333 4054 ἀντανιστάμενος.
1375 3988 1512 4040 Ἀλλ’
1539 3991 1807 4061 ἡτονήκα-

225 4083 306 4117 σιν
337 4067 611 4130 ἅπαντες·
652 4088 670 4120 ι
709 4069 978 4124 Λέλυνται
1033 4074 1125 4125 καὶ
1155 4075 1509 4130 πεπτώκασιν
1543 4098 1561 4130 ι
1594 4081 1641 4132 οἱ
1683 4097 1807 4150 προ⁸

221 4160 536 4226 εστηκότες.
584 4161 864 4230 Πρόφασις
894 4163 950 4215 δὲ
988 4164 1089 4233 τῆς
1135 4165 1449 4237 ἀρρωστίας
1489 4170 1672 4233 αὐτοῖς
1713 4174 1808 4224 καὶ

219 4253 372 4319 ἡμῖν,
410 4252 471 4302 τὸ
512 4271 530 4302 ι
563 4253 654 4323 Μὴ
689 4253 1028 4324 πεφοϐῆσθαι
1074 4257 1163 4308 τὸν
1209 4257 1430 4329 Κύριον.
1475 4280 1492 4312 ι
1531 4263 1666 4314 Ποία
1697 4263 1808 4317 τοί-

220 4357 310 4391 νυν
361 4342 394 4409 ή
442 4340 630 4410 ὄνησις
685 4344 750 4395 ἐκ
798 4342 909 4396 τῶν
966 4345 1347 4416 κρατούντων;
1404 4350 1600 4420 φησίν·
1657 4353 1806 4406 οὐδὲν

219 4425 283 4498 ἦν
312 4432 422 4499 ἄρα
472 4433 540 4485 τὰ
583 4433 713 4504 παρ’
756 4437 965 4501 αὐτοῖς,
1008 4438 1058 4490 εἰ
1106 4434 1200 4511 μὴ’
1232 4441 1378 4510 λόγοι
1427 4441 1661 4511 ψευδεῖς,
1713 4448 1808 4498 καὶ

226 4524 526 4593 ματαιότης
595 4526 866 4597 διαθηκῶν
899 4570 912 4592 ,
981 4532 1150 4601 ⁴ἤγουν
1216 4533 1582 4604 ὑποσχέσεων.
1647 4537 1806 4602 Ἔθος

223 4614 327 4682 γὰρ
386 4619 453 4685 τῇ
527 4616 649 4689 θείᾳ
710 4620 940 4691 Γραφῇ,
1008 4622 1274 4695 διαθήκας
1343 4627 1639 4681 ἀποκαλεῖν
1705 4632 1804 4695 τὰς

227 4704 572 4773 ἐπαγγελίας.

297 4798 461 4866 Σοφὸν
509 4797 603 4853 οὖν
645 4801 775 4871 ἄρα,
831 4806 923 4858 καὶ
975 4810 1173 4872 παντὸς
1215 4812 1434 4865 ἐπαίνου
1482 4814 1699 4882 μεστὸν,
1745 4816 1805 4868 τὸ

232 4892 539 4945 πεποιθέναι
590 4896 793 4964 μᾶλλον
830 4899 922 4951 ἐπὶ
953 4900 1094 4970 Θεῷ,
1126 4904 1222 4955 καὶ
1273 4905 1347 4974 μὴ
1377 4908 1490 4968 τοῖς
1519 4907 1626 4959 τῶν
1666 4908 1804 4960 πλα-

232 4982 436 5037 νώντων
469 4987 848 5058 ἀποφέρεσθαι
883 4990 1080 5058 λόγοις,
1112 4996 1206 5047 ἐπὶ
1228 4996 1288 5048 τὸ
1317 4999 1681 5067 προσκρούειν
1721 5001 1800 5072 τῷ

231 5072 359 5142 Θεῷ,
405 5077 694 5146 ἐμφρόνως
743 5081 800 5133 δὲ
844 5083 1039 5152 μᾶλλον
1075 5086 1180 5155 πρὸ
1229 5088 1420 5156 πείρας
1461 5089 1630 5160 αὐτῆς
1669 5093 1802 5145 ἀπο-

235 5167 406 5256 φοιτᾷν
451 5169 553 5237 τῆς
597 5171 791 5240 ὀργῆς,
833 5175 928 5227 καὶ
975 5175 1049 5246 μὴ
1085 5177 1181 5247 ὀψὲ
1227 5180 1496 5244 παθόντας
1539 5183 1798 5256 ὀλοφύρε-

235 5254 365 5322 σθαι,
401 5260 556 5328 μόλις
595 5265 675 5324 εἰς
702 5265 958 5334 ἀνόνητον
992 5268 1168 5333 ἰόντας
1200 5271 1637 5342 ύστεροϐουλίαν.

308 5351 600 5406 Ἀνατελεῖ
612 5355 694 5420 ὡς
713 5354 1008 5424 ἄγρωστις
1029 5361 1206 5431 κρίμα
1227 5363 1322 5416 ἐπὶ
1341 5363 1566 5432 χέρσον
1585 5367 1792 5438 ἀγροῦ,

228 5436 302 5502 τῷ
329 5443 532 5513 μόσχῳ
560 5445 669 5499 τοῦ
697 5446 866 5502 οἴκου
896 5449 998 5503 ὢν.

293 5529 429 5583 Pii".
470 5532 536 5584 Ἠ
560 5532 835 5603 ἅγρωστις
869 5538 1062 5606 φύεται
1093 5542 1150 5594 ἐν
1178 5544 1386 5614 ἀγροῖς,
1425 5548 1658 5617 μάλιστα
1684 5554 1797 5615 τοῖς

227 5616 500 5692 ἀνηρότοις
545 5625 641 5679 καὶ
675 5632 1126 5700 κεχερσωμένοις,
1146 5638 1576 5711 καταδράττεται
1603 5642 1679 5708 δὲ,
1702 5647 1794 5697 καὶ

291 5802 332 5832 ⁸³
367 5800 553 5859 Matth.
592 5822 663 5862 Vl.
701 5805 788 5862 9i.

648 5849 663 5874 ,
701 5812 788 5862 “li.
870 5812 912 5842 εκ
939 5812 1072 5869 Ρτίιὶ,
1113 5830 1241 5880 an,
1276 5817 1355 5870 il.

1434 5819 1475 5848 ⁵⁵
1504 5818 1643 5873 I’sai.
1678 5836 1823 5886 xxvn,
1851 5822 1900 5874 2.

1925 1997 2043 2037 mus
2072 1982 2138 2036 ⁸³.
2169 2002 2205 2034 »η

1996 2163 2160 2219 Vens.
2197 2165 2249 2230 5-,
2283 2164 2336 2222 4.
2362 2163 2566 2218 Idcirco
2599 2181 2732 2219 nunc
2758 2165 2964 2218 dicent:
2999 2163 3122 2219 Non
3155 2172 3231 2217 est
3273 2177 3363 2217 rex
3411 2179 3507 2214 uo-

1922 2253 2019 2320 bis,
2047 2255 2171 2323 quia
2206 2271 2308 2307 non
2339 2255 2606 2309 timuimus
2649 2253 2950 2308 Dominum.
2982 2253 3090 2308 Rea:
3141 2262 3317 2307 autem
3381 2252 3506 2322 quid

1921 2345 2078 2415 faciet
2114 2347 2302 2402 nobis?
2331 2347 2546 2417 loquens
2615 2347 2767 2403 verba
2827 2349 3126 2402 occasiones
3191 2353 3503 2408 mendaces,

1921 2438 2158 2508 disponet
2184 2448 2575 2494 testamentum.

1996 2530 2157 2604 144.
2184 2531 2342 2588 CXII.
2371 2532 2485 2588 Non
2530 2533 2704 2588 solum
2744 2548 2932 2588 eorum
2980 2533 3174 2587 altaria
3239 2533 3505 2597 dirutum,

1920 2634 1974 2681 et
1999 2626 2286 2681 simulacra
2313 2641 2564 2682 eversum
2603 2629 2668 2682 iri
2713 2630 2864 2694 dicit,
2895 2629 2991 2684 sed
3031 2629 3179 2682 addit
3209 2628 3394 2692 etiam,
3429 2628 3508 2681 fo-

1923 2733 2004 2783 re,
2055 2727 2114 2772 ut
2174 2718 2316 2774 male
2364 2721 2614 2774 consulta
2674 2736 2770 2776 sua
2804 2720 3144 2790 pceuitudine
3168 2728 3224 2775 et
3256 2719 3506 2776 lamentis

1919 2822 2339 2880 prosequantur,
2375 2826 2470 2879 spe
2520 2820 2697 2866 autem
2743 2811 2984 2867 frustrati
3046 2821 3102 2867 et
3164 2812 3505 2867 dominorum

1921 2902 2216 2956 mendaciis
2269 2901 2502 2970 decepti,
2535 2917 2679 2966 sero,
2710 2918 2773 2956 ac
2805 2904 2893 2956 vix
2928 2903 3141 2957 tandem
3178 2901 3500 2971 intelligant.

1919 2993 2020 3061 Qui
2051 2995 2194 3049 enim
2231 2995 2372 3061 apud
2430 2996 2576 3066 ipsos
2625 2995 2892 3050 tlironum-
2958 2996 3105 3065 regni
3165 2995 3504 3059 obtinebant.

1920 3088 1988 3141 ad
2030 3087 2290 3142 auxilium
2319 3089 2450 3144 satis
2474 3089 2711 3143 futurum
2743 3088 3101 3142 autumabant
3135 3087 3333 3144 vitulos
3403 3102 3504 3142 au-

1920 3193 2063 3248 reos,
2100 3187 2153 3236 ct
2176 3181 2396 3235 tutelam
2425 3181 2491 3236 ab
2527 3180 2688 3236 idolis
2715 3181 2954 3247 cmteris,
2985 3181 3232 3252 quamvis
3265 3180 3504 3238 divinant

816 3246 910 3298 καὶ
954 3247 1052 3318 τὴν
1093 3249 1158 3301 ἐκ
1203 3249 1312 3303 τῶν
1360 3251 1534 3306 ἄλλων
1577 3254 1810 3308 εἰδώλων

1924 3269 2085 3341 legem
2121 3288 2227 3326 non
2255 3274 2535 3337 haberent,
2563 3275 2814 3343 quamvis
2840 3283 3108 3344 praecepta
3139 3274 3340 3345 Moysis
3393 3292 3500 3331 non

1914 3373 2216 3417 servarent.
2241 3362 2309 3416 At
2340 3364 2673 3431 experientia
2708 3365 2963 3419 n'ientitos
2993 3379 3113 3419 esse
3141 3366 3491 3420 demonstra-

1913 3451 2011 3505 vit.
2055 3451 2318 3506 Viderunt
2383 3454 2527 3506 enim
2583 3467 2696 3520 eos,
2751 3454 2840 3522 qui
2891 3456 3165 3523 quondam
3218 3456 3332 3512 lucc
3368 3457 3501 3525 ipsis

1914 3542 2356 3608 constituissent,
2391 3552 2444 3596 et
2481 3543 2797 3612 insipienter
2856 3545 3020 3600 locuti
3085 3545 3335 3612 fuissent,
3397 3549 3499 3604 sub

1913 3629 2148 3684 hostium
2204 3631 2461 3686 ditionem
2517 3633 2745 3688 venisse.
2786 3654 2804 3687 ι
2861 3637 3006 3699 ideo,
3037 3635 3326 3705 inquiunt,
3391 3654 3498 3693 non

1914 3728 1996 3773 est
2026 3736 2119 3774 rex
2151 3721 2325 3786 nobis,
2351 3723 2475 3791 quia
2506 3741 2609 3778 nou
2651 3726 2931 3782 timuimus
2979 3728 3324 3783 Dominum.»
3361 3731 3500 3785 Ecce

1911 3812 2052 3864 enim
2093 3812 2264 3880 aiunt,
2300 3815 2591 3883 opitulator
2631 3817 2828 3883 nullus,
2881 3828 2975 3872 aut
3023 3820 3114 3888 qui
3173 3820 3498 3892 Babylonio-

1914 3919 2032 3956 rum
2064 3904 2474 3974 impressionem
2509 3911 2764 3978 excipiat.
2801 3911 2906 3966 Sed
2931 3911 3246 3966 defecerunt
3275 3928 3488 3976 omnes,

1915 4013 1932 4042 ι
1969 3994 2228 4051 inﬁrmati
2299 4008 2426 4053 sunt
2456 4017 2470 4064 ;
2518 4009 2573 4054 et
2623 4003 2936 4058 ceciderunt
2967 4003 3011 4034 ⁸⁵
3036 4023 3054 4056 ι
3084 4007 3173 4073 qui
3205 4016 3494 4074 prmcrant.

1911 4087 2093 4140 Causa
2129 4098 2310 4144 autem
2361 4090 2723 4158 ipsorum,et
2793 4104 2992 4148 nostra:
3055 4095 3494 4162 imbecillitatis,

1909 4178 2050 4245 quod
2085 4196 2103 4227 ι
2141 4194 2245 4232 non
2272 4180 2552 4237 tinmimus
2585 4184 2925 4239 Dominum.)
2960 4185 3090 4251 Qua:
3121 4201 3254 4256 ergo
3287 4187 3497 4244 utilitas

1909 4285 1974 4324 cx
2008 4269 2284 4324 dominis?
2310 4271 2505 4341 inquit.
2545 4273 2688 4328 Nihil
2731 4275 2893 4344 igitur
2915 4286 3034 4331 erat
3062 4279 3207 4346 quod
3273 4281 3495 4336 dictita—

1910 4362 2061 4425 bant,
2104 4360 2209 4416 nisi
2241 4375 2522 4418 sermones
2571 4365 2958 4434 meudaces,et
3022 4379 3492 4437 testamentorum,

1910 4466 2004 4506 seu
2071 4454 2460 4522 promissorum
2543 4458 2794 4523 vanitas;
2858 4460 3143 4516 consuevit
3211 4462 3354 4516 enim
3413 4464 3494 4518 di-

1913 4543 2031 4597 vina
2102 4547 2384 4615 Scriptura
2484 4551 2872 4618 promissiones
2940 4553 3212 4623 appellare
3313 4564 3493 4611 testac-

1914 4647 2091 4691 11101]ιᾴ1
2104 4681 2117 4694 .

1985 4814 2212 4885 Sapiens
2265 4818 2445 4888 itaque
2499 4821 2698 4873 factum
2751 4831 2807 4875 et
2863 4824 3009 4876 omui
3072 4823 3226 4877 laude
3274 4824 3491 4894 plenum

1913 4906 2023 4973 pati
2065 4916 2286 4976 propter
2328 4910 2514 4974 Deum,
2543 4928 2641 4966 nec
2702 4913 3074 4968 seducentiutn
3140 4920 3484 4975 sermonibus

1911 4997 1976 5050 ad
2021 4997 2194 5067 ipsum
2234 4999 2610 5058 olfendendum
2648 5005 2874 5069 abduci;
2934 5007 3027 5060 sed
3087 5019 3210 5063 ante
3264 5013 3491 5080 experi.

1908 5090 2112 5143 entiam
2165 5090 2298 5144 iram
2340 5093 2457 5161 ejus
2502 5093 2808 5161 declinare,
2866 5112 2934 5152 ne
2970 5101 3152 5167 puniti
3195 5102 3306 5170 jam
3364 5120 3488 5160 sero

1907 5182 2514 5253 plorantes,aliquando
2581 5189 2794 5243 tandem
2834 5192 2898 5244 ad
2923 5197 3220 5262 posteriora
3260 5199 3487 5252 consilia

1910 5274 2176 5328 inutiliter
2210 5278 2624 5334 descendamus.
2644 5274 2664 5297 ’

1980 5365 2108 5419 ΙΒιο.
2138 5366 2352 5421 Orietur
2373 5370 2505 5422 sicut
2532 5376 3024 5443 gramenjudicium
3049 5396 3200 5448 super
3223 5379 3482 5434 desertum

1908 5460 2043 5528 agri,
2080 5458 2239 5513 vitulo
2269 5461 2455 5516 domus
2485 5463 2580 5519 ὧν.

1975 5553 2153 5610 CXHI.
2196 5554 2442 5623 Agrestis
2479 5559 2719 5613 nascitur
2750 5562 2802 5613 in
2845 5564 3009 5630 agris,
3067 5563 3289 5617 inaratis
3344 5577 3479 5630 pra:-

1904 5647 2090 5701 sertim
2132 5657 2184 5702 et
2217 5648 2467 5718 desertis,
2508 5661 2705 5707 terram
2737 5653 2951 5707 obviam
2989 5664 3042 5708 et
3089 5654 3317 5708 vicinam
3362 5669 3482 5710 mar
