3898 6212
385 347 490 418 εἰσ

1378 357 1436 413 S.
1479 355 1753 412 CYRILLI
1792 356 2261 410 ALEXANDRINI
2303 355 2618 411 ARCHIEP.
3541 351 3606 402 '21.

386 500 486 552 gna
522 482 732 540 luxurie
784 481 1102 550 corripiens.
1141 479 1323 549 Serpit
1356 479 1500 534 enim
1548 479 1600 532 in
1640 479 1827 540 latum,
1863 494 1944 532 net

2067 478 2212 548 μάλα
2238 476 2503 539 νεανικῶς
2530 475 2629 546 τῆς
2654 471 3075 544 παρατυχούσης
3127 470 3221 524 καὶ
3246 469 3488 538 γείτονος
3517 469 3648 537 γῆς.

393 574 635 630 cohiberi
689 583 866 643 potest
915 573 982 627 ab
1019 572 1085 628 iis
1123 571 1212 642 qui
1250 570 1364 640 ejus
1409 568 1549 624 ultra
1611 578 1778 624 metas
1832 584 1957 638 pro—

386 669 724 737 pagationem
757 681 1010 722 coercere
1035 675 1321 720 conamur.
1363 681 1382 713 ι
1406 661 1676 717 Judicium
1712 680 1731 712 ι
1761 661 1954 730 igitur,

387 759 562 829 inquit
616 759 688 830 (ιι
730 759 840 814 Deo
883 759 1068 828 utique
1097 756 1182 825 ),‹
1218 754 1378 810 veluti
1429 753 1667 822 agrostis
1714 753 1957 822 quzedam

385 863 550 919 super
576 849 844 904 desertum
875 848 1014 917 agri,
1051 845 1328 901 exorietur
1379 844 1547 898 vitulo
1579 843 1772 897 domus
1804 843 1900 896 ὥν.
1936 863 1954 895 ι

385 938 616 994 Perinde
659 953 722 992 ac
747 938 795 993 si
837 938 1016 992 dicat:
1048 935 1322 990 Sententia
1379 933 1699 1004 perditionis
1764 941 1816 988 et
1859 950 1960 988 nu-

386 1041 472 1085 tus
527 1031 756 1100 pimiens
800 1030 962 1085 erita
996 1042 1098 1083 me.
1124 1028 1551 1096 Comprehendet
1603 1034 1779 1080 autent
1844 1034 1960 1080 tan-

383 1138 546 1190 quam
585 1124 815 1191 agrestis
849 1123 1097 1186 vitulum,
1129 1121 1244 1176 sive
1283 1119 1424 1175 idola
1467 1120 1672 1189 templi,
1714 1119 1960 1188 quodest

384 1216 436 1269 in
485 1215 672 1270 [habe]
701 1232 714 1280 ;
747 1215 849 1268 hoc
906 1213 1049 1267 enim
1117 1210 1217 1266 sibi
1269 1210 1379 1264 vult
1412 1227 1431 1262 ι
1466 1209 1656 1264 domus
1681 1208 1775 1262 ὢν.
1816 1229 1833 1262 ι
1869 1209 1959 1264 Sic

383 1321 616 1376 namque
649 1305 738 1360 alii
766 1305 1087 1374 interpretes
1129 1303 1434 1365 ediderunt,
1464 1321 1482 1353 ι
1540 1302 1692 1356 vituli
1760 1301 1956 1357 domus

385 1399 590 1452 Bethel.
639 1416 657 1449 ι
719 1396 1073 1466 Septuaginta
1139 1395 1297 1467 145
1366 1411 1495 1451 vero
1555 1410 1654 1465 pro
1709 1414 1728 1447 ε
1767 1395 1958 1449 domus

382 1489 588 1554 Bethcl,
621 1488 1053 1544 stranstulerunt
1079 1488 1303 1544 «domus
1350 1486 1445 1544 ὢν.
1481 1506 1499 1538 ι
1534 1486 1767 1541 Causam
1793 1500 1955 1555 supra

379 1579 799 1649 explicavimus;
833 1587 1208 1633 verumtamen
1264 1588 1506 1646 repetere
1565 1589 1670 1627 non
1729 1574 1954 1643 pigebit.

381 1672 544 1726 Lunae
579 1671 768 1737 lilium,
796 1671 926 1726 solis
974 1679 1221 1739 nepotem
1252 1669 1387 1737 Apin
1441 1665 1684 1738 Egyptii
1747 1664 1956 1722 fabula-

377 1764 602 1826 bantur,
633 1761 772 1831 apud
806 1775 944 1829 quos
980 1759 1061 1814 sol
1089 1766 1174 1812 est
1213 1776 1232 1809 ι
1259 1754 1354 1809 ὥν.
1387 1773 1405 1805 ι
1440 1753 1520 1808 Ad
1558 1761 1951 1821 reprznsentan-

2069 572 2289 643 Διέρπει
2329 571 2438 640 γάρ
2469 586 2585 633 πως
2625 570 2706 631 εἰς
2737 567 2798 620 τὸ
2843 565 2997 637 εὐρὺ,
3044 565 3138 618 καὶ
3175 562 3254 615 ἔτι
3296 561 3648 628 δυσκαταγὼ-

2069 681 2246 728 νιστος
2287 666 2401 726 τοῖς
2446 662 2725 731 ἀνείργειν
2773 660 2942 728 αὐτῆς
2996 656 3240 712 ἐθέλουσι
3284 655 3374 709 τὸν
3412 654 3500 708 ἀεὶ
3539 653 3649 706 τῶν

2068 756 2491 828 παρακειμένων
2525 753 2784 807 ἐπέκεινα
2824 751 3042 822 δρόμον.
3100 768 3118 800 ι
3152 749 3343 821 Κρίμα
3377 767 3395 800 ι
3439 746 3647 808 τοίνυν,

2069 850 2222 920 φησὶ,
2247 848 2424 919 (δῆλον
2449 848 2526 913 δὲ,
2554 848 2634 901 ὅτι
2663 846 2791 915 παρ’
2829 843 2994 897 αὐτοῦ
3023 842 3118 896 τοῦ
3148 841 3305 911 Θεοῦ)
3343 860 3360 891 ι
3389 840 3650 909 καθάπερ

2067 940 2343 1010 ἀγρωστις
2371 939 2458 990 ἐπ’
2486 935 2658 1008 ἀγροῦ
2687 935 2884 1006 χέρσον
2929 931 3176 986 ἀνατελεῖ
3205 929 3282 1000 τῷ
3326 929 3509 999 μόσχῳ
3548 927 3646 981 τοῦ

2064 1029 2210 1082 οἴκου
2236 1026 2334 1082 ὧν.
2364 1046 2382 1077 ι
2416 1027 2638 1096 Ὅμοιον
2665 1024 2740 1086 ὡς
2769 1024 2817 1075 εί
2847 1021 3014 1090 λέγοι·
3048 1019 3239 1090 Ψῆςρος
3279 1016 3522 1088 ὀλέθρου,
3551 1017 3648 1068 καὶ

2066 1123 2242 1191 νεῦμα
2270 1117 2497 1182 κολάζον
2527 1117 2680 1170 ἕσται
2715 1117 2845 1186 παρ’
2869 1113 3026 1185 ἐμοῦ.
3056 1109 3472 1183 Καταδράξεται
3493 1109 3550 1162 δὲ
3568 1109 3648 1171 ὡς

2065 1218 2341 1288 ἀγρωστις
2374 1212 2468 1266 τοῦ
2507 1212 2733 1282 μόσχου,
2769 1209 2888 1280 ἦτοι
2914 1206 3023 1260 τῶν
3055 1205 3414 1276 σεϐασμάτων
3448 1202 3539 1257 τοῦ
3564 1201 3652 1254 ὃν·

2064 1324 2156 1370 τος
2182 1305 2313 1360 ναοῦ
2345 1305 2488 1359 κατά
2518 1302 2615 1373 τὴν
2642 1299 2868 1371 Βαιθὴλ,
2917 1297 3170 1368 σημαίνει
3202 1296 3318 1367 γάρ
3344 1294 3499 1348 τοῦτο
3541 1314 3557 1344 ι
3582 1295 3647 1347 '0

2063 1395 2210 1463 οἶκος
2235 1396 2328 1450 τοῦ
2370 1395 2464 1449 ὥν.
2499 1414 2516 1447 ›
2538 1391 2904 1449 Ἐκδεδώκασι
2929 1390 3029 1461 μὲν
3053 1392 3160 1460 γὰρ
3188 1390 3235 1442 οἱ
3265 1389 3443 1459 ἕτεροι
3477 1388 3646 1442 πάλιν

2065 1489 2419 1564 ἑρμηνευταὶ,
2445 1486 2539 1540 τοῦ
2568 1485 2771 1556 μόσχου
2803 1485 2895 1538 τοῦ
2926 1484 3074 1537 οἴκου
3106 1481 3332 1552 Βαιθήλ.
3379 1481 3442 1534 Οἱ
3478 1481 3537 1532 δέ
3574 1497 3645 1548 γε

2027 1583 2430 1653 Ἐϐδομήκοντα
2461 1578 2580 1632 ἀντὶ
2630 1576 2722 1630 τοῦ
2780 1595 2799 1628 ι
2837 1575 2986 1629 οἴκου
3034 1573 3262 1644 Βαιθὴλ,
3309 1572 3458 1625 οἴκου
3491 1570 3569 1623 ὢν
3620 1590 3640 1620 ι

2062 1675 2338 1745 εἰρήκασι.
2389 1672 2498 1725 Καὶ
2542 1671 2639 1740 τὴν
2689 1668 2868 1722 αἰτίαν
2909 1666 3008 1738 ἤδη
3063 1665 3396 1736 προείπομεν
3436 1654 3493 1716 ὲν
3528 1666 3649 1725 τοῖς

2061 1766 2335 1835 ἀνωτέρω.
2365 1762 2509 1833 Πλὴν
2537 1761 2688 1814 οὐδὲν
2719 1758 2999 1821 ὀκνοῦντες
3024 1758 3429 1828 ὑπομνήσομεν.
3471 1754 3648 1824 Σελή-

379 1858 504 1912 dum
535 1869 664 1911 vero
690 1855 832 1924 Apin
878 1862 997 1908 erat
1027 1851 1247 1916 vitulus,
1279 1863 1437 1920 quem
1483 1846 1611 1902 fecit
1641 1844 1944 1900 Jeroboam.

2052 1874 2148 1927 νης
2178 1857 2275 1928 μὲν
2311 1855 2419 1926 γὰρ
2445 1854 2632 1908 τέκνον
2652 1894 2667 1917 ,
2696 1850 2918 1920 ἔκγονον
2951 1852 3009 1905 δὲ
3040 1850 3194 1921 ἡλίου
3221 1849 3311 1902 τὸν
3339 1847 3504 1901 Ἀπιν
3544 1847 3652 1899 Ai.-

377 1947 566 2018 ltaque
591 1955 646 2001 ut
669 1945 903 2016 agrestis
959 1942 1443 2012 comprehenderis,
1483 1941 1677 2010 inquit,
1722 1946 1777 1992 et
1831 1937 1953 1990 vin-

378 2053 509 2090 cens
546 2034 805 2105 quidquid
848 2034 1133 2105 apponitur
1165 2033 1589 2096 obstat-ulmum,
1631 2028 1892 2098 judicium
1929 2043 1957 2080 a

378 2143 466 2183 me
509 2128 850 2182 exercebitur
881 2145 900 2178 ι
935 2125 1100 2180 vitulo
1134 2125 1325 2179 domus
1378 2122 1505 2188 6w,»
1572 2123 1686 2176 sive
1746 2119 1953 2176 Bethel.

378 2221 605 2287 Semper
635 2219 780 2272 enim
830 2217 1068 2271 divinum
1095 2231 1290 2269 numen
1325 2216 1528 2270 viribus
1565 2213 1727 2284 pollet
1785 2213 1956 2267 niaxi-

377 2313 502 2377 mis,
527 2321 582 2366 et
615 2311 735 2382 ejus
775 2309 929 2365 nutui
977 2309 1231 2363 resistere
1296 2307 1426 2361 nihil
1481 2309 1644 2360 Valet.
1677 2326 1694 2358 ι
1739 2304 1952 2358 Manum

377 2404 519 2457 enim
588 2401 856 2458 excelsam
922 2401 1044 2472 quis
1099 2409 1309 2455 avertet
1355 2400 1400 2432 ⁸⁸
1449 2401 1471 2452 ?
1514 2418 1532 2451 ι
1590 2409 1647 2454 ut
1695 2397 1951 2466 scriptura

375 2502 476 2546 εει.

449 2767 609 2823 Vens.
638 2769 688 2822 5.
720 2767 990 2838 Peregrini
1007 2776 1054 2822 et
1079 2767 1272 2821 accola:
1299 2777 1449 2820 erunt
1478 2767 1771 2820 habitantes
1835 2765 1940 2820 Sa-

370 2862 623 2925 mariam,
651 2861 774 2929 quia
796 2861 932 2914 luxit
962 2859 1182 2929 populus
1213 2859 1326 2927 ejus
1362 2874 1518 2925 super
1553 2874 1691 2911 eum.
1721 2857 1785 2910 Et
1815 2859 1948 2911 sicut

373 2950 812 3004 reticerbareruut
840 2966 978 3014 curn,
1010 2949 1307 3018 gaudebunt
1352 2965 1507 3017 super
1555 2948 1776 3018 gloriam
1811 2949 1944 3018 ejus.

441 3139 627 3196 CXIV.
669 3139 747 3195 En
810 3139 1042 3196 dilucide
1097 3139 1337 3195 declarat
1381 3140 1642 3210 judicium
1690 3153 1940 3210 compreo
1991 3156 1999 3166 '

2060 1950 2278 2020 γύπτιοι
2314 1945 2824 2018 μυθοπλαστοῦντες
2854 1944 3060 2012 ἔλεγον.
3099 1943 3226 1994 «Ὧν
3247 1961 3264 1994 ι
3293 1940 3350 1993 δέ
3370 1940 3486 1992 ἐστι
3513 1941 3649 1995 κατ’

2057 2043 2256 2106 αὐτοὺς
2304 2044 2333 2094 ὁ
2370 2040 2542 2112 ἥλιος.
2581 2039 2676 2102 Εἰς
2708 2038 2880 2092 τύπον
2925 2037 2981 2090 δὲ
3023 2034 3115 2090 τοῦ
3159 2035 3287 2105 παρ’
3319 2031 3648 2100 Αἰγυπτίοις

2061 2133 2286 2196 ’Ἄπιδος
2311 2134 2345 2200 ἡ
2378 2131 2610 2202 δάμαλις
2637 2125 2727 2200 ἦν,
2761 2130 2828 2200 ἣν
2855 2128 3111 2199 ἐποίησεν
3152 2125 3454 2196 Ἱεροϐοάμ,
3494 2123 3647 2177 013x-

2055 2225 2167 2289 οῦν,
2198 2226 2273 2288 ὼς
2294 2226 2570 2295 ἀγρωστις
2594 2221 3102 2292 καταδραττομένη,
3128 2219 3282 2290 φησὶ,
3315 2219 3406 2271 καὶ
3426 2217 3647 2270 νικῶσα

2055 2319 2165 2372 πᾶν
2230 2318 2352 2371 ὅσον
2389 2319 2506 2370 ἐστὶ
2539 2314 2945 2384 παρακείμενον
2980 2313 3153 2383 κρίμα
3185 2312 3471 2382 γενήσεται
3503 2309 3646 2378 παρ’

2054 2408 2225 2480 ἐμοῦ,
2271 2429 2290 2460 ι
2328 2408 2404 2480 τῷ
2439 2409 2621 2479 μόσχῳ
2673 2408 2770 2460 τοῦ
2815 2404 2968 2458 οἴκου
3014 2403 3129 2467 ὢν,
3169 2421 3188 2456 ι
3240 2404 3359 2474 ἦτοι
3405 2399 3641 2470 Βαιθήλ.

2054 2500 2337 2564 Παναλκὲς
2365 2500 2474 2571 γὰρ
2500 2500 2561 2552 τὸ
2591 2499 2732 2552 θεῖον
2761 2498 2866 2560 ἀεὶ,
2897 2497 2991 2550 καὶ
3021 2497 3133 2559 τοῖς
3161 2494 3326 2548 αὑτοῦ
3365 2493 3643 2563 νεύμασιν

2051 2594 2204 2650 οὐδὲν
2241 2593 2396 2648 ἔσται
2433 2592 2494 2646 τὸ
2538 2589 2915 2646 ἀντιστατοῦν.
2969 2609 2984 2642 ι
3022 2588 3132 2658 Τὴν
3175 2586 3284 2657 γὰρ
3334 2588 3492 2655 χεῖρα
3530 2584 3644 2655 τὴν

2053 2687 2262 2758 ὑψηλὴν
2297 2686 2384 2750 τίς
2419 2685 2789 2755 ἀποστρέψει;
2830 2702 2848 2735 ι
2892 2681 3032 2736 κατά
3062 2679 3123 2733 τὸ
3149 2677 3557 2748 γεγραμμένον.

2121 2779 2611 2850 Παροικήσουσιν
2669 2780 2722 2830 οἱ
2770 2773 3188 2837 κατοικοῦντες
3256 2765 3598 2836 Σαμάρειαν
3621 2807 3639 2828 ,

2050 2874 2140 2928 ὅτι
2166 2871 2505 2940 ἐπένθησεν
2533 2869 2684 2935 λαὸς
2709 2866 2896 2921 αὐτοῦ
2933 2866 3025 2917 ἐπ’
3056 2862 3261 2919 αὐτόν.
3297 2859 3404 2914 Καὶ
3435 2857 3642 2924 καθὼς

2049 2963 2503 3032 παρεπίκραναν
2547 2962 2754 3026 αὑτὸν,
2791 2955 3217 3026 ἐπιχειροῦνται
3261 2953 3360 3006 ἐπὶ
3392 2950 3506 3020 τὴν
3533 2950 3640 3006 δό-

2050 3056 2167 3121 ξαν
2191 3053 2399 3109 αὐτοῦ.

2120 3148 2265 3201 ΡΙΔ’.
2328 3146 2462 3199 Ἰδοὺ
2507 3145 2571 3214 δὴ
2624 3142 2942 3211 καθίστησιν
2992 3139 3218 3210 ἐναργὲς
3249 3138 3310 3192 τὸ
3341 3137 3513 3208 κρίμα
3565 3136 3638 3190 τὸ

371 3233 613 3289 hendens
665 3231 912 3297 vitulum,
943 3242 1000 3287 et
1061 3233 1235 3286 instar
1285 3231 1518 3300 agrestis
1573 3246 1634 3287 se
1683 3231 1941 3287 dilatandi

2051 3213 2679 3308 καταδραττόμενονίτοῦ
2726 3232 2951 3303 μόσχου,
2976 3230 3071 3284 καὶ
3101 3230 3432 3300 ἀγρώστεως
3471 3227 3637 3299 δίκην

367 3325 476 3379 vim
511 3324 738 3392 habens,
771 3332 959 3379 contra
991 3339 1109 3394 quae
1131 3324 1242 3378 Deo
1281 3323 1454 3376 visum
1491 3323 1672 3377 fuerit.
1705 3323 1948 3377 Meminit

367 3428 548 3472 autem
593 3426 650 3472 et
689 3431 832 3472 nunc
865 3417 1126 3484 historiae,
1157 3431 1318 3485 quam
1371 3413 1552 3470 alIerri
1596 3417 1650 3470 in
1710 3417 1944 3472 medium

368 3522 458 3563 res
533 3507 795 3576 postulat,
833 3508 991 3563 aliter
1049 3509 1196 3564 enim
1242 3509 1520 3564 oraculum
1565 3509 1706 3563 haud
1765 3509 1943 3578 perci-

371 3597 607 3665 piemus.
664 3596 924 3652 Solebant
962 3613 1151 3653 omnes
1210 3600 1299 3668 qui
1334 3600 1472 3654 idola
1507 3600 1824 3668 suppliciter
1856 3616 1946 3655 νοι-

366 3688 721 3755 nerabantur,
769 3689 982 3744 miseris
1036 3691 1368 3760 temporibus
1433 3700 1488 3745 et
1551 3691 1798 3747 hostibus
1858 3692 1944 3746 in«

365 3779 704 3852 gruentibus,
737 3781 784 3837 si
833 3781 1010 3852 inopia
1072 3782 1314 3852 pecuniae
1371 3781 1834 3846 conﬂictarentur.
1867 3784 1945 3851 ip-

366 3890 427 3928 sa
471 3887 685 3943 quoque
750 3871 1069 3943 templorum
1117 3872 1457 3927 anathemata
1510 3881 1562 3926 et
1601 3873 1823 3927 donaria
1876 3874 1942 3929 ad

365 3981 524 4020 usum
548 3980 702 4020 suum
727 3975 1062 4020 convertere.
1094 3964 1371 4020 Traditum
1399 3976 1481 4021 est
1503 3966 1682 4035 itaque
1714 3967 1765 4020 in
1788 3964 1942 4020 libris

367 4057 599 4128 Regum,
643 4071 769 4129 rege
806 4057 977 4130 Syriae
1011 4057 1246 4112 Manaim
1273 4058 1436 4114 urbes
1472 4057 1732 4113 Samaria:
1763 4058 1940 4112 adori-

361 4163 507 4217 ente,
558 4161 668 4206 tum
709 4164 888 4223 regem
923 4151 1159 4218 lsraelis,
1185 4151 1324 4222 quod
1354 4167 1510 4222 pares
1562 4155 1626 4206 ad
1678 4153 1938 4208 resisten-

363 4247 489 4299 dum
542 4247 726 4315 copias
775 4259 880 4300 non
925 4243 1168 4310 haberet,
1205 4244 1272 4299 ad
1325 4244 1552 4300 Phulam
1592 4245 1938 4316 Assyriorum

360 4352 542 4408 regem
588 4339 793 4407 legatos
836 4337 1068 4402 misisse,
1115 4353 1347 4406 eumque
1402 4338 1560 4393 donis
1614 4338 1934 4408 impulisse,

359 4429 436 4482 uti
476 4443 538 4484 se
594 4427 894 4496 atljuvaret,
925 4436 980 4480 et
1007 4425 1202 4497 Syrum
1252 4427 1566 4496 depelleret;
1601 4429 1742 4496 quod
1767 4437 1821 4483 et
1849 4425 1934 4481 fa-

357 4528 504 4572 ctum
559 4527 662 4572 est.
701 4516 759 4570 Vi
797 4517 941 4570 enim
975 4526 1031 4570 et
1083 4517 1302 4576 virtute,
1335 4517 1655 4573 Damascqu
1700 4532 1932 4587 oecupa‘

2047 3332 2437 3405 ὲξευρύνεσθαι
2466 3329 2732 3398 πεφυκὸς,
2756 3327 2877 3381 καθ’
2908 3320 3093 3396 ὧνπερ
3122 3325 3188 3378 ἂν
3211 3323 3454 3394 βούλοιτο
3470 3322 3632 3386 Θεός.

2060 3425 2325 3496 Ἱστορίας
2361 3423 2418 3476 δὲ
2447 3421 2816 3492 διαμέμνηται
2846 3420 2940 3473 καὶ
2967 3418 3080 3481 νῦν,
3109 3419 3176 3489 ἢν
3212 3418 3511 3485 ἀναγκαῖον
3547 3418 3633 3470 εί-

2053 3521 2196 3570 πεῖν’
2235 3517 2555 3586 συνήσωμεν
2583 3512 2690 3583 γὰρ
2720 3512 2837 3575 ὡδὶ,
2873 3511 3076 3580 καὶούχ
3097 3508 3319 3580 ἑτέρως,
3338 3507 3401 3560 τὺ
3421 3523 3636 3578 χρησμ-

2044 3605 2366 3678 ῳδούμενον.
2405 3604 2568 3666 Ἕθος
2605 3599 2670 3674 ἦν
2715 3602 2884 3655 ἅπασι
2913 3603 3022 3664 τοῖς
3053 3599 3286 3652 εἰδώλων
3317 3615 3634 3669 προσκυνη-

2042 3702 2186 3762 ταῖς,
2219 3697 2412 3769 καιροῦ
2439 3694 2878 3756 καταθλίϐοντος,
2904 3693 2997 3745 καὶ
3021 3690 3297 3760 πολεμίων
3322 3691 3630 3760 ἐφεστηκό-

2041 3808 2170 3855 των,
2206 3792 2255 3843 εί
2286 3791 2344 3843 ὲν
2381 3788 2557 3856 ἐνδείᾳ
2590 3786 2834 3854 γένοιντο
2871 3784 3192 3855 χρημάτωνι
3223 3783 3490 3836 ἅπτεσθαι
3531 3784 3630 3834 καὶ

2042 3878 2222 3933 αὐτῶν
2254 3877 2362 3930 τῶν
2395 3877 2453 3929 ὲν
2493 3877 2609 3938 τοῖς
2638 3873 2921 3944 τεμένεσιν
2967 3872 3355 3945 ἀναθημάτων.
3412 3874 3630 3943 Γέγρα-

2043 3987 2174 4023 πται
2201 3968 2378 4022 τοίνυν
2424 3967 2482 4020 ὲν
2521 3969 2640 4029 ταῖς
2679 3965 3020 4031 Βασιλείαις,
3071 3967 3155 4020 ὄτι
3207 3965 3629 4036 πολιορκοῦντος

2040 4061 2135 4124 τάς
2173 4062 2233 4115 ὲν
2272 4059 2558 4131 Σαμαρείᾳ
2601 4057 2783 4120 πόλεις
2822 4056 2914 4110 τοῦ
2951 4056 3212 4127 βασιλέως
3243 4059 3466 4128 Συρίας,
3503 4059 3626 4112 Μα-

2040 4155 2194 4225 ναῖμ,
2233 4155 2300 4208 τὸ
2326 4154 2581 4225 τηνικάδε
2634 4151 2932 4223 βασιλεύων
2956 4153 3048 4205 ἐπὶ
3090 4153 3182 4205 τὸν
3224 4151 3458 4223 Ἰσραὴλ,
3500 4146 3630 4204 εἶτα.

2038 4250 2158 4309 ταῖς
2193 4249 2336 4311 ἴσαις
2368 4248 2662 4318 δυνάμεσιν
2687 4246 3076 4315 ἀντιφέρεσθαι
3121 4245 3255 4317 πρὸς
3281 4246 3488 4298 ἐκεῖνον
3521 4246 3625 4299 οὐκ

2039 4340 2198 4410 ἔχων,
2232 4338 2600 4410 ὲπρεσὸεύετο
2633 4339 2768 4409 πρὸς
2799 4340 3004 4392 Φούλαν
3035 4337 3126 4390 τὸν
3162 4336 3272 4390 τῶν
3317 4337 3625 4408 ’Δσσυρίων

2039 4433 2281 4505 βασιλέα,
2315 4433 2410 4486 καὶ
2441 4431 2634 4502 δώροις
2666 4431 2948 4486 ἀνέπειθεν
2988 4430 3267 4500 ὲπαμῢναί
3293 4430 3352 4483 τέ
3381 4431 3431 4482 οἱ
3452 4472 3467 4494 ,
3525 4431 3624 4484 καὶ

2037 4526 2343 4596 ἀποστῆσαι
2368 4524 2460 4579 τὸν
2499 4524 2691 4596 Σύρον,
2721 4524 2750 4578 ὃ
2781 4525 2845 4597 δὴ
2871 4525 2963 4578 καὶ
2990 4524 3320 4578 τετέλεσται.
3352 4518 3480 4576 Είλε
3509 4524 3622 4593 γὰρ

360 4613 453 4677 vit,
490 4616 775 4681 ipsumque
816 4611 960 4664 Ader
1015 4608 1309 4664 interfecit.
1350 4611 1514 4664 Aiunt
1556 4612 1738 4680 igitur,
1790 4615 1934 4682 quod

2051 4623 2248 4681 ἐκεῖνος
2281 4617 2425 4671 κατὰ
2465 4618 2666 4688 κράτος
2701 4617 2798 4687 τὴν
2837 4616 3151 4688 Δαμασκόν.
3172 4617 3534 4686 Ἀποσιράττει
3559 4617 3622 4670 δὲ

357 4720 476 4758 cum
512 4706 699 4775 ingens
731 4701 845 4757 auri
871 4700 1077 4773 pondus
1100 4713 1447 4771 quaereretur,
1473 4703 1524 4756 in
1551 4719 1642 4759 ens
1661 4708 1936 4773 angustias

356 4798 589 4853 Manaim
636 4796 938 4868 conjectum
993 4809 1134 4862 esse,
1179 4804 1235 4848 ut
1268 4811 1430 4849 unum
1461 4811 1676 4864 quoque
1708 4798 1929 4853 vitulum

357 4905 580 4944 aureum
631 4891 996 4954 subtraheret,
1032 4899 1087 4943 et
1141 4903 1235 4958 per
1268 4887 1472 4958 legatos
1521 4889 1626 4943 illis
1656 4892 1932 4945 transmit-

356 4991 514 5034 teret.
563 4979 832 5052 Lnxitque
863 4980 1048 5046 Israel,
1076 4996 1220 5046 cum,
1260 4995 1419 5051 quem
1476 4983 1701 5051 putabat
1730 4983 1921 5049 Deum,

353 5073 461 5128 alio
495 5073 633 5125 tnitti
672 5074 1032 5142 conspiceret.
1065 5076 1330 5130 Credebat
1365 5075 1733 5138 nihilominus,
1759 5074 1926 5130 frivo-

352 5166 417 5220 lis
495 5164 793 5221 rationibus
838 5182 898 5220 se
961 5167 1132 5234 ipsum
1212 5168 1521 5234 consolans,
1575 5168 1923 5239 Babylonium

350 5261 497 5316 hunc
548 5257 772 5311 vitulum
812 5259 864 5311 in
917 5260 1114 5328 templo
1177 5261 1381 5329 majore
1407 5270 1460 5316 et
1491 5264 1785 5318 illustriore
1814 5263 1926 5318 col-

347 5351 671 5407 locaturum.
726 5349 989 5406 Praaterea
1019 5369 1048 5405 a
1085 5353 1324 5418 pluribus
1363 5356 1608 5423 gentibus
1639 5358 1918 5411 adoratum

347 5443 414 5500 iri
469 5443 792 5513 epinabatur
818 5461 830 5497 :
859 5459 1022 5514 quam
1058 5444 1299 5514 plurima:
1326 5447 1590 5515 siquidem
1633 5447 1917 5507 Persarum

345 5543 401 5590 et
467 5535 742 5591 Medorum
793 5547 980 5603 gentes
1049 5545 1422 5592 numerantur.
1464 5537 1698 5594 Manaim
1763 5540 1922 5610 igitur

345 5625 572 5682 vitulum
604 5636 662 5681 ιιι
692 5636 831 5696 erat,
870 5636 1042 5685 totum
1089 5645 1154 5686 ex
1215 5645 1345 5684 auro
1410 5645 1546 5699 puro
1603 5642 1730 5700 puto
1785 5646 1918 5688 con-

428 5806 474 5838 “
498 5805 597 5862 ιλιι.
633 5824 743 5878 xiv,
774 5810 861 5864 27.

2039 4711 2131 4764 καὶ
2159 4710 2321 4763 αὑτὸν
2351 4709 2441 4761 τὸν
2470 4709 2651 4780 Ἀδερ.
2681 4710 2816 4762 Φασὶ
2847 4711 3047 4776 τοίνυν,
3075 4710 3156 4762 ὅτι
3197 4709 3454 4779 πλείστης
3485 4710 3622 4778 ὅσης

2034 4802 2200 4872 ὁλκῆς
2227 4801 2565 4872 ζητουμένης
2591 4801 2835 4872 χρυσίου,
2854 4802 3116 4872 περιέστη
3143 4800 3328 4854 λοιπὸν
3357 4803 3436 4864 εἰς
3457 4800 3622 4853 τοῦτο

2035 4892 2112 4962 τῷ
2137 4890 2366 4961 Μαναῖμ
2416 4891 2663 4962 ἀνάγκης
2685 4891 2754 4944 τὰ
2784 4891 3109 4962 πράγματα,
3150 4891 3225 4954 ὡς
3250 4894 3344 4944 καὶ
3374 4890 3504 4960 μίαν
3529 4891 3623 4946 6i-

2038 4985 2200 5055 μαλιν
2234 4983 2528 5053 ὑφελέσθαι
2567 4983 2796 5054 χρυσῆν,
2830 4985 2923 5037 καὶ
2947 4984 3362 5037 συναποστεῖλαι
3392 4983 3481 5036 διὰ
3506 4983 3622 5037 τῶν

2035 5076 2338 5147 πρέσϐεων.
2371 5076 2479 5128 Καὶ
2507 5075 2809 5146 τεθρήνηκε
2842 5075 2942 5145 μὲν
2963 5074 3240 5146 ὁἹσραὴλ,
3270 5079 3336 5145 ἢν
3365 5076 3620 5144 ἐνόμιζεν

2034 5165 2171 5222 εἶναι
2201 5168 2356 5231 Θεὸν,
2397 5168 2826 5239 ὲκπεμπομένην
2853 5169 3017 5240 ὁρῶν.
3049 5169 3205 5240 ᾯετό
3243 5185 3304 5236 γε
3341 5169 3468 5238 μὴν,
3505 5168 3618 5236 ψυ-

2034 5263 2185 5331 χροῖς
2215 5261 2404 5314 ἑαυτὸν
2433 5260 2711 5330 λογισμοῖς
2756 5257 3272 5329 παραμυθούμενος,
3299 5259 3374 5321 ὡς
3404 5259 3460 5310 ὲν
3492 5261 3618 5328 μεί-

2033 5352 2182 5418 ζοσιν
2218 5352 2504 5418 ἕσται,καὶ
2529 5351 2936 5423 λαμπροτέροις
2968 5350 3139 5421 αὐτὴν
3169 5351 3437 5421 ἐνιδρύσει
3461 5353 3616 5414 ναοῖς

2027 5448 2055 5501 ὁ
2089 5445 2446 5508 Βαϐυλώνιος.
2496 5444 2738 5497 Διέκειτο
2773 5443 2828 5496 δὲ
2859 5443 2993 5511 πρὸς
3023 5442 3234 5506 τούτοις
3262 5488 3274 5511 ,
3321 5445 3402 5497 ὅτι
3443 5460 3613 5516 προσ-

2030 5539 2395 5610 κυνηθήσεται
2443 5537 2538 5590 καὶ
2567 5536 2715 5608 παρά
2749 5535 3015 5590 πλειόνων
3056 5536 3248 5590 ἐθνῶν·
3298 5535 3464 5606 μυρία
3497 5536 3614 5605 γὰρ

2028 5634 2126 5687 ὅσα
2159 5633 2274 5687 ἐστὶ
2309 5632 2377 5687 τά
2403 5630 2628 5704 Περσῶν
2655 5647 2716 5684 τε
2744 5630 2836 5686 καὶ
2871 5629 3073 5702 Μήδων
3113 5629 3258 5701 ἔθνη.
3300 5631 3356 5683 ’0
3381 5629 3479 5700 μὲν
3512 5625 3613 5683 οὖν
