  <div class='ocr_page' id='page_1' title='image "/cluster/home/n/w/nwhite01/storage/ocr_20150623/71/hvd.32044073502007/128.png"; bbox 0 0 3954 6208; ppageno 0'>
   <div class='ocr_carea' id='block_1_1' title="bbox 251 319 369 375">
    <p class='ocr_par' dir='ltr' id='par_1_1' title="bbox 251 319 369 375">
     <span class='ocr_line' id='line_1_1' title="bbox 251 319 369 375; baseline -0.008 0"><span class='ocrx_word' id='word_1_1' title='bbox 251 319 369 375; x_wconf 73' lang='grc'><strong>245</strong></span> 
     </span>
    </p>
   </div>
   <div class='ocr_carea' id='block_1_2' title="bbox 1187 316 2592 377">
    <p class='ocr_par' dir='ltr' id='par_1_2' title="bbox 1187 316 2592 377">
     <span class='ocr_line' id='line_1_2' title="bbox 1187 316 2592 377; baseline 0.001 -5"><span class='ocrx_word' id='word_1_2' title='bbox 1187 316 1740 376; x_wconf 66' lang='lat' dir='ltr'><strong>COMMENTARIUS</strong></span> <span class='ocrx_word' id='word_1_3' title='bbox 1778 318 1845 373; x_wconf 78' lang='lat' dir='ltr'><strong>IN</strong></span> <span class='ocrx_word' id='word_1_4' title='bbox 1889 318 2123 377; x_wconf 81' lang='lat' dir='ltr'><strong>OSEAM</strong></span> <span class='ocrx_word' id='word_1_5' title='bbox 2155 320 2592 377; x_wconf 74' lang='lat' dir='ltr'><strong>PROPHETAM.</strong></span> 
     </span>
    </p>
   </div>
   <div class='ocr_carea' id='block_1_3' title="bbox 3408 326 3523 382">
    <p class='ocr_par' dir='ltr' id='par_1_3' title="bbox 3408 326 3523 382">
     <span class='ocr_line' id='line_1_3' title="bbox 3408 326 3523 382; baseline 0.009 -1"><span class='ocrx_word' id='word_1_6' title='bbox 3408 326 3523 382; x_wconf 55' lang='lat' dir='ltr'><strong>eis»</strong></span> 
     </span>
    </p>
   </div>
   <div class='ocr_carea' id='block_1_4' title="bbox 248 427 1855 511">
    <p class='ocr_par' dir='ltr' id='par_1_4' title="bbox 248 427 1839 510">
     <span class='ocr_line' id='line_1_4' title="bbox 248 427 1839 510; baseline 0 -18"><span class='ocrx_word' id='word_1_7' title='bbox 248 436 504 507; x_wconf 75' lang='grc' dir='ltr'>Μαναῖμ,</span> <span class='ocrx_word' id='word_1_8' title='bbox 524 436 602 500; x_wconf 86' lang='grc' dir='ltr'>ὡς</span> <span class='ocrx_word' id='word_1_9' title='bbox 628 435 758 505; x_wconf 78' lang='grc' dir='ltr'>ὃλην</span> <span class='ocrx_word' id='word_1_10' title='bbox 784 427 948 489; x_wconf 71' lang='grc' dir='ltr'>οὖσαν</span> <span class='ocrx_word' id='word_1_11' title='bbox 973 436 1149 489; x_wconf 78' lang='grc' dir='ltr'><strong>διόλου</strong></span> <span class='ocrx_word' id='word_1_12' title='bbox 1191 441 1422 509; x_wconf 83' lang='grc' dir='ltr'><strong>χρυσῆν,</strong></span> <span class='ocrx_word' id='word_1_13' title='bbox 1456 438 1713 509; x_wconf 82' lang='grc' dir='ltr'>πέπομφε</span> <span class='ocrx_word' id='word_1_14' title='bbox 1740 438 1839 510; x_wconf 80' lang='grc' dir='ltr'>τὴν</span> 
     </span>
    </p>
   </div>
   <div class='ocr_carea' id='block_1_5' title="bbox 1962 427 3518 511">
    <p class='ocr_par' dir='ltr' id='par_1_5' title="bbox 1962 437 3518 511">
     <span class='ocr_line' id='line_1_5' title="bbox 1962 437 3518 511; baseline 0.002 -16"><span class='ocrx_word' id='word_1_15' title='bbox 1962 440 2126 495; x_wconf 85' lang='lat' dir='ltr'><strong>latum</strong></span> <span class='ocrx_word' id='word_1_16' title='bbox 2181 441 2347 497; x_wconf 90' lang='lat' dir='ltr'><strong>misit.</strong></span> <span class='ocrx_word' id='word_1_17' title='bbox 2388 439 2547 511; x_wconf 64' lang='grc' dir='ltr'>ιω</span> <span class='ocrx_word' id='word_1_18' title='bbox 2591 441 2758 506; x_wconf 84' lang='lat' dir='ltr'><strong>Quem</strong></span> <span class='ocrx_word' id='word_1_19' title='bbox 2812 437 3005 494; x_wconf 77' lang='lat' dir='ltr'><strong>Pliulas</strong></span> <span class='ocrx_word' id='word_1_20' title='bbox 3059 449 3336 510; x_wconf 82' lang='lat' dir='ltr'><strong>acceptum</strong></span> <span class='ocrx_word' id='word_1_21' title='bbox 3389 456 3518 498; x_wconf 59' lang='lat' dir='ltr'><strong>con.</strong></span> 
     </span>
    </p>
   </div>
   <div class='ocr_carea' id='block_1_6' title="bbox 246 528 1836 602">
    <p class='ocr_par' dir='ltr' id='par_1_6' title="bbox 246 528 1836 602">
     <span class='ocr_line' id='line_1_6' title="bbox 246 528 1836 602; baseline -0.001 -18"><span class='ocrx_word' id='word_1_22' title='bbox 246 530 505 599; x_wconf 73' lang='grc' dir='ltr'>δάμαλιν.</span> <span class='ocrx_word' id='word_1_23' title='bbox 524 530 584 581; x_wconf 88' lang='lat'><strong>&#39;0</strong></span> <span class='ocrx_word' id='word_1_24' title='bbox 634 528 690 581; x_wconf 83' lang='grc' dir='ltr'><em>δέ</em></span> <span class='ocrx_word' id='word_1_25' title='bbox 727 545 791 596; x_wconf 87' lang='grc' dir='ltr'><strong>γε</strong></span> <span class='ocrx_word' id='word_1_26' title='bbox 820 528 1027 591; x_wconf 80' lang='grc' dir='ltr'>Φούλας</span> <span class='ocrx_word' id='word_1_27' title='bbox 1070 529 1365 584; x_wconf 78' lang='grc' dir='ltr'>συνέθλασε</span> <span class='ocrx_word' id='word_1_28' title='bbox 1399 530 1611 585; x_wconf 78' lang='grc' dir='ltr'>λαϐὼν·</span> <span class='ocrx_word' id='word_1_29' title='bbox 1648 531 1836 602; x_wconf 73' lang='grc' dir='ltr'>ἕτερον</span> 
     </span>
    </p>
   </div>
   <div class='ocr_carea' id='block_1_7' title="bbox 249 621 1837 694">
    <p class='ocr_par' dir='ltr' id='par_1_7' title="bbox 249 621 1837 694">
     <span class='ocr_line' id='line_1_7' title="bbox 249 621 1837 694; baseline 0.002 -20"><span class='ocrx_word' id='word_1_30' title='bbox 249 624 359 693; x_wconf 76' lang='grc' dir='ltr'><strong>γὰρ</strong></span> <span class='ocrx_word' id='word_1_31' title='bbox 392 623 527 691; x_wconf 83' lang='grc' dir='ltr'>παρ’</span> <span class='ocrx_word' id='word_1_32' title='bbox 580 621 810 684; x_wconf 79' lang='grc' dir='ltr'>ἐκείνοις</span> <span class='ocrx_word' id='word_1_33' title='bbox 839 622 901 674; x_wconf 82' lang='grc' dir='ltr'><strong>τὸ</strong></span> <span class='ocrx_word' id='word_1_34' title='bbox 938 621 1120 689; x_wconf 76' lang='grc' dir='ltr'>σέϐας,</span> <span class='ocrx_word' id='word_1_35' title='bbox 1170 623 1266 677; x_wconf 79' lang='grc' dir='ltr'><strong>καὶ</strong></span> <span class='ocrx_word' id='word_1_36' title='bbox 1294 623 1581 694; x_wconf 84' lang='grc' dir='ltr'><strong>δαμάλεως</strong></span> <span class='ocrx_word' id='word_1_37' title='bbox 1612 624 1710 676; x_wconf 78' lang='grc' dir='ltr'><strong>οὐκ</strong></span> <span class='ocrx_word' id='word_1_38' title='bbox 1738 624 1837 677; x_wconf 81' lang='grc' dir='ltr'><strong>ἁν-</strong></span> 
     </span>
    </p>
   </div>
   <div class='ocr_carea' id='block_1_8' title="bbox 252 707 1841 787">
    <p class='ocr_par' dir='ltr' id='par_1_8' title="bbox 252 707 1841 787">
     <span class='ocr_line' id='line_1_8' title="bbox 252 707 1841 787; baseline 0.001 -20"><span class='ocrx_word' id='word_1_39' title='bbox 252 716 492 783; x_wconf 79' lang='grc' dir='ltr'>ἐχονται.</span> <span class='ocrx_word' id='word_1_40' title='bbox 540 707 677 767; x_wconf 77' lang='grc' dir='ltr'><strong>Εἷτά</strong></span> <span class='ocrx_word' id='word_1_41' title='bbox 719 730 883 784; x_wconf 83' lang='grc' dir='ltr'>φησιν</span> <span class='ocrx_word' id='word_1_42' title='bbox 940 714 1035 784; x_wconf 84' lang='grc' dir='ltr'><strong>οὑχ</strong></span> <span class='ocrx_word' id='word_1_43' title='bbox 1086 715 1363 786; x_wconf 82' lang='grc' dir='ltr'>ηὑρῆσθαι</span> <span class='ocrx_word' id='word_1_44' title='bbox 1418 716 1663 787; x_wconf 82' lang='grc' dir='ltr'><strong>χρυσῆν,</strong></span> <span class='ocrx_word' id='word_1_45' title='bbox 1710 716 1841 769; x_wconf 83' lang='grc' dir='ltr'>ὑπό-</span> 
     </span>
    </p>
   </div>
   <div class='ocr_carea' id='block_1_9' title="bbox 251 802 1839 875">
    <p class='ocr_par' dir='ltr' id='par_1_9' title="bbox 251 802 1839 875">
     <span class='ocr_line' id='line_1_9' title="bbox 251 802 1839 875; baseline 0.002 -20"><span class='ocrx_word' id='word_1_46' title='bbox 251 804 454 873; x_wconf 75' lang='grc' dir='ltr'>χαλκον</span> <span class='ocrx_word' id='word_1_47' title='bbox 483 803 540 855; x_wconf 76' lang='grc' dir='ltr'><strong>δὲ</strong></span> <span class='ocrx_word' id='word_1_48' title='bbox 572 802 795 872; x_wconf 82' lang='grc' dir='ltr'>μᾶλλον,</span> <span class='ocrx_word' id='word_1_49' title='bbox 820 802 1009 872; x_wconf 82' lang='grc' dir='ltr'>χρυσῷ</span> <span class='ocrx_word' id='word_1_50' title='bbox 1042 803 1517 875; x_wconf 79' lang='grc' dir='ltr'>διαπεπασμένην.</span> <span class='ocrx_word' id='word_1_51' title='bbox 1537 803 1839 869; x_wconf 79' lang='grc' dir='ltr'>Ἐντεῦθεν,</span> 
     </span>
    </p>
   </div>
   <div class='ocr_carea' id='block_1_10' title="bbox 253 895 1840 969">
    <p class='ocr_par' dir='ltr' id='par_1_10' title="bbox 253 895 1840 969">
     <span class='ocr_line' id='line_1_10' title="bbox 253 895 1840 969; baseline 0.003 -21"><span class='ocrx_word' id='word_1_52' title='bbox 253 896 488 967; x_wconf 73' lang='grc' dir='ltr'>φησὶν,ό</span> <span class='ocrx_word' id='word_1_53' title='bbox 505 895 793 967; x_wconf 80' lang='grc' dir='ltr'><strong>Ἀσσύριος</strong></span> <span class='ocrx_word' id='word_1_54' title='bbox 819 896 1049 963; x_wconf 79' lang='grc' dir='ltr'>ἐγέλασε</span> <span class='ocrx_word' id='word_1_55' title='bbox 1066 896 1158 951; x_wconf 83' lang='grc' dir='ltr'><strong>τὸν</strong></span> <span class='ocrx_word' id='word_1_56' title='bbox 1187 898 1732 969; x_wconf 79' lang='grc' dir='ltr'>Ἐφραῒμ,τουτέστι,</span> <span class='ocrx_word' id='word_1_57' title='bbox 1750 900 1840 952; x_wconf 80' lang='grc' dir='ltr'><strong>τὸν</strong></span> 
     </span>
    </p>
   </div>
   <div class='ocr_carea' id='block_1_11' title="bbox 252 986 1843 1060">
    <p class='ocr_par' dir='ltr' id='par_1_11' title="bbox 252 986 1843 1060">
     <span class='ocr_line' id='line_1_11' title="bbox 252 986 1843 1060; baseline 0.001 -19"><span class='ocrx_word' id='word_1_58' title='bbox 252 986 509 1057; x_wconf 70' lang='grc' dir='ltr'>Βιαναῖμ,</span> <span class='ocrx_word' id='word_1_59' title='bbox 562 987 655 1040; x_wconf 76' lang='grc' dir='ltr'>τὸν</span> <span class='ocrx_word' id='word_1_60' title='bbox 701 989 767 1041; x_wconf 79' lang='grc' dir='ltr'>ἐκ</span> <span class='ocrx_word' id='word_1_61' title='bbox 809 988 983 1057; x_wconf 78' lang='grc' dir='ltr'>φυλῆς</span> <span class='ocrx_word' id='word_1_62' title='bbox 1025 989 1263 1060; x_wconf 83' lang='grc' dir='ltr'>Ἐφραῖμ</span> <span class='ocrx_word' id='word_1_63' title='bbox 1331 990 1709 1060; x_wconf 86' lang='grc' dir='ltr'>βασιλεύοντα.</span> <span class='ocrx_word' id='word_1_64' title='bbox 1754 994 1843 1044; x_wconf 87' lang='grc' dir='ltr'><strong>Δι-</strong></span> 
     </span>
    </p>
   </div>
   <div class='ocr_carea' id='block_1_12' title="bbox 256 1078 1844 1153">
    <p class='ocr_par' dir='ltr' id='par_1_12' title="bbox 256 1078 1844 1153">
     <span class='ocr_line' id='line_1_12' title="bbox 256 1078 1844 1153; baseline 0.003 -22"><span class='ocrx_word' id='word_1_65' title='bbox 256 1078 455 1132; x_wconf 67' lang='lat' dir='ltr'><strong>tmere</strong></span> <span class='ocrx_word' id='word_1_66' title='bbox 502 1079 561 1132; x_wconf 81' lang='grc' dir='ltr'>δὲ</span> <span class='ocrx_word' id='word_1_67' title='bbox 598 1079 734 1149; x_wconf 85' lang='grc' dir='ltr'>πρὸς</span> <span class='ocrx_word' id='word_1_68' title='bbox 771 1079 947 1149; x_wconf 84' lang='grc' dir='ltr'>τούτῳ</span> <span class='ocrx_word' id='word_1_69' title='bbox 982 1081 1077 1133; x_wconf 81' lang='grc' dir='ltr'><strong>καὶ</strong></span> <span class='ocrx_word' id='word_1_70' title='bbox 1127 1080 1227 1145; x_wconf 77' lang='grc' dir='ltr'>τὰς</span> <span class='ocrx_word' id='word_1_71' title='bbox 1260 1081 1353 1134; x_wconf 80' lang='grc' dir='ltr'>τοῦ</span> <span class='ocrx_word' id='word_1_72' title='bbox 1397 1081 1610 1153; x_wconf 84' lang='grc' dir='ltr'>Ἰσραὴλ</span> <span class='ocrx_word' id='word_1_73' title='bbox 1645 1083 1844 1135; x_wconf 68' lang='grc' dir='ltr'>είκαιου</span> 
     </span>
    </p>
   </div>
   <div class='ocr_carea' id='block_1_13' title="bbox 257 1167 1845 1245">
    <p class='ocr_par' dir='ltr' id='par_1_13' title="bbox 257 1167 1845 1245">
     <span class='ocr_line' id='line_1_13' title="bbox 257 1167 1845 1245; baseline 0.004 -23"><span class='ocrx_word' id='word_1_74' title='bbox 257 1170 502 1233; x_wconf 75' lang='grc' dir='ltr'>εουλὶας.</span> <span class='ocrx_word' id='word_1_75' title='bbox 539 1171 837 1241; x_wconf 79' lang='grc' dir='ltr'>Είρηκότες</span> <span class='ocrx_word' id='word_1_76' title='bbox 864 1172 930 1242; x_wconf 85' lang='grc' dir='ltr'>δὴ</span> <span class='ocrx_word' id='word_1_77' title='bbox 974 1167 1068 1225; x_wconf 73' lang='grc' dir='ltr'><strong>οὖν</strong></span> <span class='ocrx_word' id='word_1_78' title='bbox 1105 1174 1205 1243; x_wconf 83' lang='grc' dir='ltr'><strong>τῆς</strong></span> <span class='ocrx_word' id='word_1_79' title='bbox 1245 1173 1504 1244; x_wconf 78' lang='grc' dir='ltr'>ἱστορίας,</span> <span class='ocrx_word' id='word_1_80' title='bbox 1538 1175 1707 1244; x_wconf 73' lang='grc' dir='ltr'>ἤγουν</span> <span class='ocrx_word' id='word_1_81' title='bbox 1747 1173 1845 1245; x_wconf 81' lang='grc' dir='ltr'>τῆς</span> 
     </span>
    </p>
   </div>
   <div class='ocr_carea' id='block_1_14' title="bbox 269 1261 1847 1335">
    <p class='ocr_par' dir='ltr' id='par_1_14' title="bbox 269 1261 1847 1335">
     <span class='ocr_line' id='line_1_14' title="bbox 269 1261 1847 1335; baseline 0.001 -20"><span class='ocrx_word' id='word_1_82' title='bbox 269 1262 539 1334; x_wconf 76' lang='grc' dir='ltr'>Ἑϐραίων</span> <span class='ocrx_word' id='word_1_83' title='bbox 576 1261 928 1332; x_wconf 77' lang='grc' dir='ltr'><strong>παραδόσεως</strong></span> <span class='ocrx_word' id='word_1_84' title='bbox 958 1262 1049 1315; x_wconf 83' lang='grc' dir='ltr'><strong>τὸν</strong></span> <span class='ocrx_word' id='word_1_85' title='bbox 1077 1262 1255 1331; x_wconf 91' lang='grc' dir='ltr'>λόγον,</span> <span class='ocrx_word' id='word_1_86' title='bbox 1306 1264 1436 1335; x_wconf 75' lang='grc' dir='ltr'>φέρε</span> <span class='ocrx_word' id='word_1_87' title='bbox 1463 1263 1646 1316; x_wconf 86' lang='grc' dir='ltr'>λοιπὸν</span> <span class='ocrx_word' id='word_1_88' title='bbox 1685 1264 1847 1332; x_wconf 85' lang='grc' dir='ltr'>ἀναγ-</span> 
     </span>
    </p>
   </div>
   <div class='ocr_carea' id='block_1_15' title="bbox 259 1352 1845 1426">
    <p class='ocr_par' dir='ltr' id='par_1_15' title="bbox 259 1352 1845 1426">
     <span class='ocr_line' id='line_1_15' title="bbox 259 1352 1845 1426; baseline 0 -19"><span class='ocrx_word' id='word_1_89' title='bbox 259 1354 431 1417; x_wconf 84' lang='grc' dir='ltr'>καίως</span> <span class='ocrx_word' id='word_1_90' title='bbox 459 1352 839 1424; x_wconf 73' lang='grc' dir='ltr'>ἐπι-τρέχωμεν</span> <span class='ocrx_word' id='word_1_91' title='bbox 859 1354 957 1424; x_wconf 83' lang='grc' dir='ltr'><strong>τὴν</strong></span> <span class='ocrx_word' id='word_1_92' title='bbox 972 1352 1136 1417; x_wconf 80' lang='grc' dir='ltr'>λέξιν.</span> <span class='ocrx_word' id='word_1_93' title='bbox 1164 1355 1543 1419; x_wconf 84' lang='grc' dir='ltr'>Δυσκάτοπτος</span> <span class='ocrx_word' id='word_1_94' title='bbox 1568 1354 1697 1426; x_wconf 81' lang='grc' dir='ltr'>γὰρ,</span> <span class='ocrx_word' id='word_1_95' title='bbox 1723 1356 1845 1409; x_wconf 82' lang='grc' dir='ltr'>’Ὀτι</span> 
     </span>
    </p>
   </div>
   <div class='ocr_carea' id='block_1_16' title="bbox 262 1442 1846 1518">
    <p class='ocr_par' dir='ltr' id='par_1_16' title="bbox 262 1442 1846 1518">
     <span class='ocr_line' id='line_1_16' title="bbox 262 1442 1846 1518; baseline 0.001 -20"><span class='ocrx_word' id='word_1_96' title='bbox 262 1445 694 1515; x_wconf 76' lang='grc' dir='ltr'>παροικήσουσιν</span> <span class='ocrx_word' id='word_1_97' title='bbox 732 1445 781 1496; x_wconf 83' lang='grc' dir='ltr'>οἱ</span> <span class='ocrx_word' id='word_1_98' title='bbox 821 1442 1203 1508; x_wconf 82' lang='grc' dir='ltr'>κατοικοῦντες</span> <span class='ocrx_word' id='word_1_99' title='bbox 1231 1445 1569 1517; x_wconf 80' lang='grc' dir='ltr'>Σαμάρειαν,</span> <span class='ocrx_word' id='word_1_100' title='bbox 1603 1446 1664 1499; x_wconf 83' lang='grc' dir='ltr'><strong>τὸ</strong></span> <span class='ocrx_word' id='word_1_101' title='bbox 1703 1463 1846 1518; x_wconf 83' lang='grc' dir='ltr'>παρ-</span> 
     </span>
    </p>
   </div>
   <div class='ocr_carea' id='block_1_17' title="bbox 262 1533 1848 1607">
    <p class='ocr_par' dir='ltr' id='par_1_17' title="bbox 262 1533 1848 1607">
     <span class='ocr_line' id='line_1_17' title="bbox 262 1533 1848 1607; baseline 0.001 -19"><span class='ocrx_word' id='word_1_102' title='bbox 262 1535 600 1605; x_wconf 81' lang='grc' dir='ltr'>οικήσουσιν,</span> <span class='ocrx_word' id='word_1_103' title='bbox 651 1534 774 1587; x_wconf 77' lang='grc' dir='ltr'>ἀντὶ</span> <span class='ocrx_word' id='word_1_104' title='bbox 812 1533 906 1586; x_wconf 73' lang='grc' dir='ltr'>τοῦ</span> <span class='ocrx_word' id='word_1_105' title='bbox 956 1535 1392 1605; x_wconf 85' lang='grc' dir='ltr'>μετοικήσουσιν,</span> <span class='ocrx_word' id='word_1_106' title='bbox 1441 1536 1559 1607; x_wconf 71' lang='grc' dir='ltr'>ἦτοι</span> <span class='ocrx_word' id='word_1_107' title='bbox 1610 1553 1848 1607; x_wconf 85' lang='grc' dir='ltr'>μετοικι-</span> 
     </span>
    </p>
   </div>
   <div class='ocr_carea' id='block_1_18' title="bbox 264 1623 1848 1699">
    <p class='ocr_par' dir='ltr' id='par_1_18' title="bbox 264 1623 1848 1699">
     <span class='ocr_line' id='line_1_18' title="bbox 264 1623 1848 1699; baseline 0 -20"><span class='ocrx_word' id='word_1_108' title='bbox 264 1625 571 1697; x_wconf 72' lang='grc' dir='ltr'>σθήσονται,</span> <span class='ocrx_word' id='word_1_109' title='bbox 606 1627 789 1695; x_wconf 68' lang='grc' dir='ltr'>φησιν,</span> <span class='ocrx_word' id='word_1_110' title='bbox 817 1625 866 1679; x_wconf 78' lang='grc' dir='ltr'>οἱ</span> <span class='ocrx_word' id='word_1_111' title='bbox 893 1623 985 1679; x_wconf 80' lang='grc' dir='ltr'>νῦν</span> <span class='ocrx_word' id='word_1_112' title='bbox 1007 1625 1156 1689; x_wconf 75' lang='grc' dir='ltr'>ὄντες</span> <span class='ocrx_word' id='word_1_113' title='bbox 1182 1628 1240 1679; x_wconf 81' lang='grc' dir='ltr'>ὲν</span> <span class='ocrx_word' id='word_1_114' title='bbox 1273 1626 1574 1699; x_wconf 74' lang='grc' dir='ltr'>Σαμαρείᾳ.</span> <span class='ocrx_word' id='word_1_115' title='bbox 1598 1627 1761 1695; x_wconf 78' lang='grc' dir='ltr'>Λέγει</span> <span class='ocrx_word' id='word_1_116' title='bbox 1790 1627 1848 1681; x_wconf 83' lang='grc' dir='ltr'>δὲ</span> 
     </span>
    </p>
   </div>
   <div class='ocr_carea' id='block_1_19' title="bbox 263 1715 1846 1789">
    <p class='ocr_par' dir='ltr' id='par_1_19' title="bbox 263 1715 1846 1789">
     <span class='ocr_line' id='line_1_19' title="bbox 263 1715 1846 1789; baseline 0.001 -19"><span class='ocrx_word' id='word_1_117' title='bbox 263 1719 385 1781; x_wconf 69' lang='grc' dir='ltr'>τοὺς</span> <span class='ocrx_word' id='word_1_118' title='bbox 412 1717 670 1787; x_wconf 80' lang='grc' dir='ltr'><strong>μόσχους,</strong></span> <span class='ocrx_word' id='word_1_119' title='bbox 690 1718 809 1787; x_wconf 75' lang='grc' dir='ltr'>ἦτοι</span> <span class='ocrx_word' id='word_1_120' title='bbox 829 1715 929 1780; x_wconf 76' lang='grc' dir='ltr'><strong>τὰς</strong></span> <span class='ocrx_word' id='word_1_121' title='bbox 974 1716 1235 1788; x_wconf 77' lang='grc' dir='ltr'><strong>δαμάλεις</strong></span> <span class='ocrx_word' id='word_1_122' title='bbox 1275 1717 1694 1789; x_wconf 75' lang='grc' dir='ltr'>ἐξεπέμφθησαν</span> <span class='ocrx_word' id='word_1_123' title='bbox 1717 1719 1846 1789; x_wconf 82' lang='grc' dir='ltr'>γὰρ,</span> 
     </span>
    </p>
   </div>
   <div class='ocr_carea' id='block_1_20' title="bbox 267 1789 1924 1882">
    <p class='ocr_par' dir='ltr' id='par_1_20' title="bbox 267 1789 1924 1882">
     <span class='ocr_line' id='line_1_20' title="bbox 267 1789 1924 1882; baseline 0.001 -21"><span class='ocrx_word' id='word_1_124' title='bbox 267 1813 337 1873; x_wconf 80' lang='grc' dir='ltr'>ὡς</span> <span class='ocrx_word' id='word_1_125' title='bbox 366 1810 526 1879; x_wconf 69' lang='grc' dir='ltr'>ἔφην,</span> <span class='ocrx_word' id='word_1_126' title='bbox 562 1811 643 1872; x_wconf 83' lang='grc' dir='ltr'><strong>εἰς</strong></span> <span class='ocrx_word' id='word_1_127' title='bbox 675 1809 1071 1873; x_wconf 79' lang='grc' dir='ltr'>Βαϐυλωνίους.</span> <span class='ocrx_word' id='word_1_128' title='bbox 1107 1828 1127 1861; x_wconf 81' lang='grc' dir='ltr'><strong>ι</strong></span> <span class='ocrx_word' id='word_1_129' title='bbox 1178 1811 1289 1863; x_wconf 78' lang='grc' dir='ltr'><strong>Καὶ</strong></span> <span class='ocrx_word' id='word_1_130' title='bbox 1332 1810 1596 1882; x_wconf 79' lang='grc' dir='ltr'>ἐπένθησε</span> <span class='ocrx_word' id='word_1_131' title='bbox 1628 1810 1728 1882; x_wconf 81' lang='grc' dir='ltr'>μὲν</span> <span class='ocrx_word' id='word_1_132' title='bbox 1758 1810 1845 1863; x_wconf 76' lang='grc' dir='ltr'><strong>ἐπ’</strong></span> <span class='ocrx_word' id='word_1_133' title='bbox 1879 1789 1924 1844; x_wconf 74' lang='grc' dir='ltr'><strong><em>Β</em></strong></span> 
     </span>
    </p>
   </div>
   <div class='ocr_carea' id='block_1_21' title="bbox 266 1900 1845 1974">
    <p class='ocr_par' dir='ltr' id='par_1_21' title="bbox 266 1900 1845 1974">
     <span class='ocr_line' id='line_1_21' title="bbox 266 1900 1845 1974; baseline 0.001 -19"><span class='ocrx_word' id='word_1_134' title='bbox 266 1903 449 1961; x_wconf 81' lang='grc' dir='ltr'>αὐτοῖς</span> <span class='ocrx_word' id='word_1_135' title='bbox 485 1903 515 1953; x_wconf 98' lang='lat'><strong>6</strong></span> <span class='ocrx_word' id='word_1_136' title='bbox 545 1901 673 1964; x_wconf 80' lang='grc' dir='ltr'>λαὸς</span> <span class='ocrx_word' id='word_1_137' title='bbox 703 1900 893 1954; x_wconf 78' lang='grc' dir='ltr'>αὑτοῦ.</span> <span class='ocrx_word' id='word_1_138' title='bbox 933 1919 953 1952; x_wconf 78' lang='grc' dir='ltr'><strong>ι</strong></span> <span class='ocrx_word' id='word_1_139' title='bbox 996 1901 1154 1965; x_wconf 83' lang='grc' dir='ltr'>Τίνος</span> <span class='ocrx_word' id='word_1_140' title='bbox 1182 1902 1241 1955; x_wconf 83' lang='grc' dir='ltr'>δὲ</span> <span class='ocrx_word' id='word_1_141' title='bbox 1270 1902 1469 1969; x_wconf 58' lang='lat' dir='ltr'><strong>autat&quot;);</strong></span> <span class='ocrx_word' id='word_1_142' title='bbox 1502 1902 1535 1974; x_wconf 84' lang='grc' dir='ltr'>ἢ</span> <span class='ocrx_word' id='word_1_143' title='bbox 1560 1900 1740 1973; x_wconf 81' lang='grc' dir='ltr'>δῆλον,</span> <span class='ocrx_word' id='word_1_144' title='bbox 1763 1903 1845 1956; x_wconf 80' lang='grc' dir='ltr'>ὅτι</span> 
     </span>
    </p>
   </div>
   <div class='ocr_carea' id='block_1_22' title="bbox 264 1994 1842 2067">
    <p class='ocr_par' dir='ltr' id='par_1_22' title="bbox 264 1994 1842 2067">
     <span class='ocr_line' id='line_1_22' title="bbox 264 1994 1842 2067; baseline -0.001 -19"><span class='ocrx_word' id='word_1_145' title='bbox 264 1995 357 2048; x_wconf 75' lang='grc' dir='ltr'><strong>τοῦ</strong></span> <span class='ocrx_word' id='word_1_146' title='bbox 386 1994 485 2060; x_wconf 80' lang='grc' dir='ltr'><strong>ὢν,</strong></span> <span class='ocrx_word' id='word_1_147' title='bbox 514 1995 544 2048; x_wconf 82' lang='grc' dir='ltr'><strong><em>ὃ</em></strong></span> <span class='ocrx_word' id='word_1_148' title='bbox 564 1997 700 2061; x_wconf 76' lang='grc' dir='ltr'>ἐστι,</span> <span class='ocrx_word' id='word_1_149' title='bbox 724 1994 819 2048; x_wconf 81' lang='grc' dir='ltr'>τοῦ</span> <span class='ocrx_word' id='word_1_150' title='bbox 839 1994 1097 2060; x_wconf 80' lang='grc' dir='ltr'>’Δπιδος;</span> <span class='ocrx_word' id='word_1_151' title='bbox 1129 1994 1269 2067; x_wconf 81' lang='grc' dir='ltr'>πλὴν</span> <span class='ocrx_word' id='word_1_152' title='bbox 1288 1995 1362 2059; x_wconf 83' lang='grc' dir='ltr'><strong>ὡς</strong></span> <span class='ocrx_word' id='word_1_153' title='bbox 1387 1994 1665 2066; x_wconf 70' lang='grc' dir='ltr'>ὤφθησαν,</span> <span class='ocrx_word' id='word_1_154' title='bbox 1685 1994 1842 2065; x_wconf 76' lang='grc' dir='ltr'>φησὶ,</span> 
     </span>
    </p>
   </div>
   <div class='ocr_carea' id='block_1_23' title="bbox 270 2085 1844 2158">
    <p class='ocr_par' dir='ltr' id='par_1_23' title="bbox 270 2085 1844 2158">
     <span class='ocr_line' id='line_1_23' title="bbox 270 2085 1844 2158; baseline 0 -17"><span class='ocrx_word' id='word_1_155' title='bbox 270 2087 827 2158; x_wconf 82' lang='grc' dir='ltr'>παραπικραίνοντες,</span> <span class='ocrx_word' id='word_1_156' title='bbox 872 2086 966 2141; x_wconf 76' lang='grc' dir='ltr'><strong>καὶ</strong></span> <span class='ocrx_word' id='word_1_157' title='bbox 1006 2085 1366 2156; x_wconf 77' lang='grc' dir='ltr'>ἀτιμάζοντες</span> <span class='ocrx_word' id='word_1_158' title='bbox 1411 2086 1574 2141; x_wconf 83' lang='grc' dir='ltr'>αὑτὸν</span> <span class='ocrx_word' id='word_1_159' title='bbox 1616 2086 1706 2140; x_wconf 79' lang='grc' dir='ltr'>διὰ</span> <span class='ocrx_word' id='word_1_160' title='bbox 1749 2085 1844 2141; x_wconf 80' lang='grc' dir='ltr'>τοῦ</span> 
     </span>
    </p>
   </div>
   <div class='ocr_carea' id='block_1_24' title="bbox 269 2177 1845 2251">
    <p class='ocr_par' dir='ltr' id='par_1_24' title="bbox 269 2177 1845 2251">
     <span class='ocr_line' id='line_1_24' title="bbox 269 2177 1845 2251; baseline -0.001 -18"><span class='ocrx_word' id='word_1_161' title='bbox 269 2180 511 2250; x_wconf 78' lang='grc' dir='ltr'>πέμπειν</span> <span class='ocrx_word' id='word_1_162' title='bbox 559 2179 790 2250; x_wconf 80' lang='grc' dir='ltr'>ἑτέροις,</span> <span class='ocrx_word' id='word_1_163' title='bbox 838 2178 983 2233; x_wconf 72' lang='grc' dir='ltr'>οὕτω</span> <span class='ocrx_word' id='word_1_164' title='bbox 1035 2177 1362 2250; x_wconf 78' lang='grc' dir='ltr'>ἡσθήσονται</span> <span class='ocrx_word' id='word_1_165' title='bbox 1397 2179 1489 2232; x_wconf 78' lang='grc' dir='ltr'>ἐπὶ</span> <span class='ocrx_word' id='word_1_166' title='bbox 1540 2179 1639 2251; x_wconf 81' lang='grc' dir='ltr'><strong>τὴν</strong></span> <span class='ocrx_word' id='word_1_167' title='bbox 1690 2178 1845 2245; x_wconf 82' lang='grc' dir='ltr'>δόξαν</span> 
     </span>
    </p>
   </div>
   <div class='ocr_carea' id='block_1_25' title="bbox 269 2269 1855 2342">
    <p class='ocr_par' dir='ltr' id='par_1_25' title="bbox 269 2269 1855 2342">
     <span class='ocr_line' id='line_1_25' title="bbox 269 2269 1855 2342; baseline -0.003 -17"><span class='ocrx_word' id='word_1_168' title='bbox 269 2269 455 2325; x_wconf 76' lang='grc' dir='ltr'>αὑτοῦ.</span> <span class='ocrx_word' id='word_1_169' title='bbox 482 2269 750 2342; x_wconf 78' lang='grc' dir='ltr'>Νομιούσι</span> <span class='ocrx_word' id='word_1_170' title='bbox 775 2270 908 2341; x_wconf 84' lang='grc' dir='ltr'>γὰρ,</span> <span class='ocrx_word' id='word_1_171' title='bbox 930 2271 1012 2324; x_wconf 82' lang='grc' dir='ltr'><strong>ὅτι</strong></span> <span class='ocrx_word' id='word_1_172' title='bbox 1042 2270 1139 2324; x_wconf 71' lang='grc' dir='ltr'><strong>καὶ</strong></span> <span class='ocrx_word' id='word_1_173' title='bbox 1167 2270 1301 2323; x_wconf 83' lang='grc' dir='ltr'>πολὺ</span> <span class='ocrx_word' id='word_1_174' title='bbox 1324 2269 1443 2324; x_wconf 85' lang='grc' dir='ltr'>λίαν</span> <span class='ocrx_word' id='word_1_175' title='bbox 1471 2269 1855 2340; x_wconf 80' lang='grc' dir='ltr'>εὐκλεέστερος</span> 
     </span>
    </p>
   </div>
   <div class='ocr_carea' id='block_1_26' title="bbox 272 2360 1855 2433">
    <p class='ocr_par' dir='ltr' id='par_1_26' title="bbox 272 2360 1855 2433">
     <span class='ocr_line' id='line_1_26' title="bbox 272 2360 1855 2433; baseline -0.002 -18"><span class='ocrx_word' id='word_1_176' title='bbox 272 2363 442 2431; x_wconf 72' lang='grc' dir='ltr'>ἔσται,</span> <span class='ocrx_word' id='word_1_177' title='bbox 492 2364 646 2433; x_wconf 81' lang='grc' dir='ltr'>παρὰ</span> <span class='ocrx_word' id='word_1_178' title='bbox 679 2362 943 2417; x_wconf 83' lang='grc' dir='ltr'>πλειόνων</span> <span class='ocrx_word' id='word_1_179' title='bbox 973 2361 1144 2416; x_wconf 82' lang='grc' dir='ltr'>ἐθνῶν</span> <span class='ocrx_word' id='word_1_180' title='bbox 1176 2361 1675 2433; x_wconf 81' lang='grc' dir='ltr'>προσκυνούμενος.</span> <span class='ocrx_word' id='word_1_181' title='bbox 1714 2360 1855 2413; x_wconf 83' lang='grc' dir='ltr'>Ἀλλ’</span> 
     </span>
    </p>
   </div>
   <div class='ocr_carea' id='block_1_27' title="bbox 272 2452 1856 2526">
    <p class='ocr_par' dir='ltr' id='par_1_27' title="bbox 272 2452 1856 2526">
     <span class='ocr_line' id='line_1_27' title="bbox 272 2452 1856 2526; baseline -0.001 -20"><span class='ocrx_word' id='word_1_182' title='bbox 272 2455 628 2526; x_wconf 73' lang='grc' dir='ltr'>ἡμαρτήκασι</span> <span class='ocrx_word' id='word_1_183' title='bbox 670 2454 771 2524; x_wconf 83' lang='grc' dir='ltr'>τῆς</span> <span class='ocrx_word' id='word_1_184' title='bbox 821 2453 1056 2517; x_wconf 71' lang='grc' dir='ltr'>ἐλπίδος.</span> <span class='ocrx_word' id='word_1_185' title='bbox 1093 2452 1536 2525; x_wconf 84' lang='grc' dir='ltr'>Συντέθραυσται</span> <span class='ocrx_word' id='word_1_186' title='bbox 1586 2452 1718 2523; x_wconf 80' lang='grc' dir='ltr'>γὰρ,</span> <span class='ocrx_word' id='word_1_187' title='bbox 1760 2452 1856 2505; x_wconf 80' lang='grc' dir='ltr'><strong>καὶ</strong></span> 
     </span>
    </p>
   </div>
   <div class='ocr_carea' id='block_1_28' title="bbox 273 2539 1857 2616">
    <p class='ocr_par' dir='ltr' id='par_1_28' title="bbox 273 2539 1857 2616">
     <span class='ocr_line' id='line_1_28' title="bbox 273 2539 1857 2616; baseline -0.002 -18"><span class='ocrx_word' id='word_1_188' title='bbox 273 2545 511 2614; x_wconf 70' lang='grc' dir='ltr'>γέλωτος</span> <span class='ocrx_word' id='word_1_189' title='bbox 536 2544 759 2616; x_wconf 73' lang='grc' dir='ltr'>ἀφορμὴ</span> <span class='ocrx_word' id='word_1_190' title='bbox 798 2546 910 2609; x_wconf 85' lang='grc' dir='ltr'>τοῖς</span> <span class='ocrx_word' id='word_1_191' title='bbox 936 2543 1299 2606; x_wconf 82' lang='grc' dir='ltr'>Βαϐυλωνίοις</span> <span class='ocrx_word' id='word_1_192' title='bbox 1340 2539 1431 2614; x_wconf 79' lang='grc' dir='ltr'>ἦν.</span> <span class='ocrx_word' id='word_1_193' title='bbox 1462 2541 1673 2597; x_wconf 83' lang='grc' dir='ltr'>Οὐκοῦν</span> <span class='ocrx_word' id='word_1_194' title='bbox 1705 2558 1857 2595; x_wconf 77' lang='grc' dir='ltr'>τετα-</span> 
     </span>
    </p>
   </div>
   <div class='ocr_carea' id='block_1_29' title="bbox 273 2631 1855 2709">
    <p class='ocr_par' dir='ltr' id='par_1_29' title="bbox 273 2631 1855 2709">
     <span class='ocr_line' id='line_1_29' title="bbox 273 2631 1855 2709; baseline -0.004 -18"><span class='ocrx_word' id='word_1_195' title='bbox 273 2637 629 2709; x_wconf 53' lang='grc' dir='ltr'>ὴιπώρηκεν</span> <span class='ocrx_word' id='word_1_196' title='bbox 675 2639 710 2707; x_wconf 79' lang='grc' dir='ltr'><strong>ἡ</strong></span> <span class='ocrx_word' id='word_1_197' title='bbox 755 2636 923 2707; x_wconf 85' lang='grc' dir='ltr'>στήλη</span> <span class='ocrx_word' id='word_1_198' title='bbox 981 2634 1162 2689; x_wconf 77' lang='grc' dir='ltr'>αὐτῶν</span> <span class='ocrx_word' id='word_1_199' title='bbox 1206 2634 1347 2689; x_wconf 83' lang='grc' dir='ltr'>κατὰ</span> <span class='ocrx_word' id='word_1_200' title='bbox 1398 2633 1497 2705; x_wconf 83' lang='grc' dir='ltr'>τὴν</span> <span class='ocrx_word' id='word_1_201' title='bbox 1546 2632 1711 2686; x_wconf 82' lang='grc' dir='ltr'>αὐτοῦ</span> <span class='ocrx_word' id='word_1_202' title='bbox 1760 2631 1855 2685; x_wconf 78' lang='grc' dir='ltr'>τοῦ</span> 
     </span>
    </p>
   </div>
   <div class='ocr_carea' id='block_1_30' title="bbox 278 2724 1859 2805">
    <p class='ocr_par' dir='ltr' id='par_1_30' title="bbox 278 2724 1859 2805">
     <span class='ocr_line' id='line_1_30' title="bbox 278 2724 1859 2805; baseline -0.004 -23"><span class='ocrx_word' id='word_1_203' title='bbox 278 2731 565 2801; x_wconf 75' lang='grc' dir='ltr'>προφήτου</span> <span class='ocrx_word' id='word_1_204' title='bbox 598 2729 803 2800; x_wconf 77' lang='grc' dir='ltr'>φωνήν.</span> <span class='ocrx_word' id='word_1_205' title='bbox 837 2728 1265 2805; x_wconf 84' lang='grc' dir='ltr'>Παρεπίκραναν</span> <span class='ocrx_word' id='word_1_206' title='bbox 1297 2727 1353 2779; x_wconf 84' lang='grc' dir='ltr'>δὲ</span> <span class='ocrx_word' id='word_1_207' title='bbox 1384 2726 1476 2779; x_wconf 79' lang='grc' dir='ltr'><strong>τὸν</strong></span> <span class='ocrx_word' id='word_1_208' title='bbox 1510 2726 1736 2795; x_wconf 85' lang='grc' dir='ltr'>μόσχον,</span> <span class='ocrx_word' id='word_1_209' title='bbox 1760 2724 1859 2795; x_wconf 84' lang='grc' dir='ltr'><strong>οὑχ</strong></span> 
     </span>
    </p>
   </div>
   <div class='ocr_carea' id='block_1_31' title="bbox 275 2814 1858 2895">
    <p class='ocr_par' dir='ltr' id='par_1_31' title="bbox 275 2814 1858 2895">
     <span class='ocr_line' id='line_1_31' title="bbox 275 2814 1858 2895; baseline -0.006 -19"><span class='ocrx_word' id='word_1_210' title='bbox 275 2824 356 2878; x_wconf 78' lang='grc' dir='ltr'>ὅτι</span> <span class='ocrx_word' id='word_1_211' title='bbox 409 2821 835 2895; x_wconf 84' lang='grc' dir='ltr'>παρεπικράνθη</span> <span class='ocrx_word' id='word_1_212' title='bbox 886 2820 1030 2874; x_wconf 79' lang='grc' dir='ltr'>κατὰ</span> <span class='ocrx_word' id='word_1_213' title='bbox 1070 2819 1133 2873; x_wconf 85' lang='grc' dir='ltr'><strong>τὸ</strong></span> <span class='ocrx_word' id='word_1_214' title='bbox 1179 2818 1409 2890; x_wconf 82' lang='grc' dir='ltr'>ἀληθές·</span> <span class='ocrx_word' id='word_1_215' title='bbox 1470 2817 1586 2881; x_wconf 85' lang='grc' dir='ltr'><strong>πῶς</strong></span> <span class='ocrx_word' id='word_1_216' title='bbox 1630 2816 1736 2889; x_wconf 80' lang='grc' dir='ltr'>γὰρ</span> <span class='ocrx_word' id='word_1_217' title='bbox 1793 2814 1858 2868; x_wconf 85' lang='grc' dir='ltr'><strong>ἂν</strong></span> 
     </span>
    </p>
   </div>
   <div class='ocr_carea' id='block_1_32' title="bbox 279 2907 1859 2983">
    <p class='ocr_par' dir='ltr' id='par_1_32' title="bbox 279 2907 1859 2983">
     <span class='ocr_line' id='line_1_32' title="bbox 279 2907 1859 2983; baseline -0.007 -14"><span class='ocrx_word' id='word_1_218' title='bbox 279 2916 434 2969; x_wconf 78' lang='grc' dir='ltr'>τοῦτο</span> <span class='ocrx_word' id='word_1_219' title='bbox 488 2913 761 2967; x_wconf 81' lang='grc' dir='ltr'>πέπονθεν</span> <span class='ocrx_word' id='word_1_220' title='bbox 808 2910 1136 2983; x_wconf 83' lang='grc' dir='ltr'>ἀναίσθητος</span> <span class='ocrx_word' id='word_1_221' title='bbox 1169 2910 1300 2983; x_wconf 77' lang='grc' dir='ltr'>ὖλη;</span> <span class='ocrx_word' id='word_1_222' title='bbox 1337 2909 1453 2963; x_wconf 83' lang='grc' dir='ltr'>ἀλλ’</span> <span class='ocrx_word' id='word_1_223' title='bbox 1488 2909 1570 2962; x_wconf 83' lang='grc' dir='ltr'>ὅτι</span> <span class='ocrx_word' id='word_1_224' title='bbox 1608 2907 1717 2960; x_wconf 84' lang='grc' dir='ltr'><strong>τῶν</strong></span> <span class='ocrx_word' id='word_1_225' title='bbox 1765 2908 1859 2975; x_wconf 83' lang='grc' dir='ltr'><strong>ὲγ-</strong></span> 
     </span>
    </p>
   </div>
   <div class='ocr_carea' id='block_1_33' title="bbox 1939 532 3520 603">
    <p class='ocr_par' dir='ltr' id='par_1_33' title="bbox 1939 532 3520 603">
     <span class='ocr_line' id='line_1_33' title="bbox 1939 532 3520 603; baseline 0.001 -17"><span class='ocrx_word' id='word_1_226' title='bbox 1939 532 2101 603; x_wconf 89' lang='lat' dir='ltr'><strong>fregit</strong></span> <span class='ocrx_word' id='word_1_227' title='bbox 2132 550 2146 600; x_wconf 91' lang='lat'><strong>;</strong></span> <span class='ocrx_word' id='word_1_228' title='bbox 2173 533 2316 586; x_wconf 86' lang='lat' dir='ltr'><strong>aliud</strong></span> <span class='ocrx_word' id='word_1_229' title='bbox 2358 533 2500 587; x_wconf 88' lang='lat' dir='ltr'><strong>enim</strong></span> <span class='ocrx_word' id='word_1_230' title='bbox 2550 546 2747 586; x_wconf 89' lang='lat' dir='ltr'><strong>numen</strong></span> <span class='ocrx_word' id='word_1_231' title='bbox 2805 532 3015 602; x_wconf 77' lang='lat' dir='ltr'><strong>Assyrii</strong></span> <span class='ocrx_word' id='word_1_232' title='bbox 3066 532 3268 599; x_wconf 89' lang='lat' dir='ltr'><strong>colunt,</strong></span> <span class='ocrx_word' id='word_1_233' title='bbox 3312 548 3411 589; x_wconf 92' lang='lat' dir='ltr'><strong>nec</strong></span> <span class='ocrx_word' id='word_1_234' title='bbox 3442 536 3520 588; x_wconf 74' lang='lat' dir='ltr'><strong>vi-</strong></span> 
     </span>
    </p>
   </div>
   <div class='ocr_carea' id='block_1_34' title="bbox 1941 622 3519 692">
    <p class='ocr_par' dir='ltr' id='par_1_34' title="bbox 1941 622 3519 692">
     <span class='ocr_line' id='line_1_34' title="bbox 1941 622 3519 692; baseline 0.002 -17"><span class='ocrx_word' id='word_1_235' title='bbox 1941 624 2111 676; x_wconf 91' lang='lat' dir='ltr'><strong>tulum</strong></span> <span class='ocrx_word' id='word_1_236' title='bbox 2159 624 2460 691; x_wconf 88' lang='lat' dir='ltr'><strong>patiuntur.</strong></span> <span class='ocrx_word' id='word_1_237' title='bbox 2494 622 2685 677; x_wconf 78' lang='lat' dir='ltr'><strong>Postea</strong></span> <span class='ocrx_word' id='word_1_238' title='bbox 2718 636 2822 676; x_wconf 89' lang='lat' dir='ltr'><strong>non</strong></span> <span class='ocrx_word' id='word_1_239' title='bbox 2868 624 3097 692; x_wconf 82' lang='lat' dir='ltr'><strong>amplius</strong></span> <span class='ocrx_word' id='word_1_240' title='bbox 3128 639 3371 689; x_wconf 88' lang='lat' dir='ltr'><strong>aureum,</strong></span> <span class='ocrx_word' id='word_1_241' title='bbox 3424 627 3519 680; x_wconf 84' lang='lat' dir='ltr'><strong>sed</strong></span> 
     </span>
    </p>
   </div>
   <div class='ocr_carea' id='block_1_35' title="bbox 1940 713 3519 779">
    <p class='ocr_par' dir='ltr' id='par_1_35' title="bbox 1940 713 3519 779">
     <span class='ocr_line' id='line_1_35' title="bbox 1940 713 3519 779; baseline 0.003 -12"><span class='ocrx_word' id='word_1_242' title='bbox 1940 728 2005 767; x_wconf 81' lang='lat' dir='ltr'><strong>ex</strong></span> <span class='ocrx_word' id='word_1_243' title='bbox 2038 728 2143 767; x_wconf 65' lang='grc' dir='ltr'>εει-θ</span> <span class='ocrx_word' id='word_1_244' title='bbox 2166 726 2404 779; x_wconf 87' lang='lat' dir='ltr'><strong>auroque</strong></span> <span class='ocrx_word' id='word_1_245' title='bbox 2436 713 2776 768; x_wconf 88' lang='lat' dir='ltr'><strong>commistum</strong></span> <span class='ocrx_word' id='word_1_246' title='bbox 2811 714 3085 769; x_wconf 85' lang='lat' dir='ltr'><strong>exstitisse</strong></span> <span class='ocrx_word' id='word_1_247' title='bbox 3119 726 3358 771; x_wconf 86' lang='lat' dir='ltr'><strong>narrant.</strong></span> <span class='ocrx_word' id='word_1_248' title='bbox 3386 716 3519 772; x_wconf 89' lang='lat' dir='ltr'><strong>lliuc</strong></span> 
     </span>
    </p>
   </div>
   <div class='ocr_carea' id='block_1_36' title="bbox 1940 804 3520 875">
    <p class='ocr_par' dir='ltr' id='par_1_36' title="bbox 1940 804 3520 875">
     <span class='ocr_line' id='line_1_36' title="bbox 1940 804 3520 875; baseline 0 -13"><span class='ocrx_word' id='word_1_249' title='bbox 1940 804 2221 874; x_wconf 85' lang='lat' dir='ltr'><strong>Assyrium</strong></span> <span class='ocrx_word' id='word_1_250' title='bbox 2252 804 2486 859; x_wconf 88' lang='lat' dir='ltr'><strong>irrisisse</strong></span> <span class='ocrx_word' id='word_1_251' title='bbox 2532 805 2806 875; x_wconf 85' lang='lat' dir='ltr'><strong>prraim,</strong></span> <span class='ocrx_word' id='word_1_252' title='bbox 2848 806 2949 860; x_wconf 86' lang='lat' dir='ltr'><strong>hoc</strong></span> <span class='ocrx_word' id='word_1_253' title='bbox 2996 816 3099 872; x_wconf 86' lang='lat' dir='ltr'><strong>est,</strong></span> <span class='ocrx_word' id='word_1_254' title='bbox 3152 806 3379 861; x_wconf 83' lang='lat' dir='ltr'><strong>Manaim</strong></span> <span class='ocrx_word' id='word_1_255' title='bbox 3437 823 3520 862; x_wconf 84' lang='lat' dir='ltr'><strong>re-</strong></span> 
     </span>
    </p>
   </div>
   <div class='ocr_carea' id='block_1_37' title="bbox 1940 895 3518 966">
    <p class='ocr_par' dir='ltr' id='par_1_37' title="bbox 1940 895 3518 966">
     <span class='ocr_line' id='line_1_37' title="bbox 1940 895 3518 966; baseline 0.002 -16"><span class='ocrx_word' id='word_1_256' title='bbox 1940 911 2059 965; x_wconf 91' lang='lat' dir='ltr'><strong>gem</strong></span> <span class='ocrx_word' id='word_1_257' title='bbox 2119 896 2184 950; x_wconf 87' lang='lat' dir='ltr'><strong>de</strong></span> <span class='ocrx_word' id='word_1_258' title='bbox 2246 895 2387 950; x_wconf 88' lang='lat' dir='ltr'><strong>tribu</strong></span> <span class='ocrx_word' id='word_1_259' title='bbox 2414 895 2690 966; x_wconf 78' lang='lat' dir='ltr'><strong>prraim,</strong></span> <span class='ocrx_word' id='word_1_260' title='bbox 2736 906 2791 951; x_wconf 91' lang='lat' dir='ltr'><strong>et</strong></span> <span class='ocrx_word' id='word_1_261' title='bbox 2820 897 3104 952; x_wconf 73' lang='lat' dir='ltr'><strong>stultitiam</strong></span> <span class='ocrx_word' id='word_1_262' title='bbox 3140 898 3357 953; x_wconf 88' lang='lat' dir='ltr'><strong>lsraelis</strong></span> <span class='ocrx_word' id='word_1_263' title='bbox 3386 913 3518 954; x_wconf 82' lang='lat' dir='ltr'><strong>eon-</strong></span> 
     </span>
    </p>
   </div>
   <div class='ocr_carea' id='block_1_38' title="bbox 1947 988 3522 1058">
    <p class='ocr_par' dir='ltr' id='par_1_38' title="bbox 1947 988 3522 1058">
     <span class='ocr_line' id='line_1_38' title="bbox 1947 988 3522 1058; baseline 0 -14"><span class='ocrx_word' id='word_1_264' title='bbox 1947 989 2243 1058; x_wconf 80' lang='lat' dir='ltr'><strong>lenipsisse.</strong></span> <span class='ocrx_word' id='word_1_265' title='bbox 2269 988 2521 1058; x_wconf 78' lang='lat' dir='ltr'><strong>Exposita</strong></span> <span class='ocrx_word' id='word_1_266' title='bbox 2548 988 2709 1058; x_wconf 79' lang='lat' dir='ltr'><strong>igitur</strong></span> <span class='ocrx_word' id='word_1_267' title='bbox 2739 988 2986 1055; x_wconf 79' lang='lat' dir='ltr'><strong>historia,</strong></span> <span class='ocrx_word' id='word_1_268' title='bbox 3010 990 3123 1044; x_wconf 85' lang='lat' dir='ltr'><strong>sive</strong></span> <span class='ocrx_word' id='word_1_269' title='bbox 3171 990 3522 1046; x_wconf 65' lang='lat' dir='ltr'><strong>Hebraeorum</strong></span> 
     </span>
    </p>
   </div>
   <div class='ocr_carea' id='block_1_39' title="bbox 1945 1078 3524 1149">
    <p class='ocr_par' dir='ltr' id='par_1_39' title="bbox 1945 1078 3524 1149">
     <span class='ocr_line' id='line_1_39' title="bbox 1945 1078 3524 1149; baseline 0.003 -16"><span class='ocrx_word' id='word_1_270' title='bbox 1945 1079 2250 1144; x_wconf 81' lang='lat' dir='ltr'><strong>traditione,</strong></span> <span class='ocrx_word' id='word_1_271' title='bbox 2289 1093 2386 1149; x_wconf 85' lang='lat' dir='ltr'><strong>age</strong></span> <span class='ocrx_word' id='word_1_272' title='bbox 2419 1078 2670 1149; x_wconf 83' lang='lat' dir='ltr'><strong>deinceps</strong></span> <span class='ocrx_word' id='word_1_273' title='bbox 2702 1081 2863 1134; x_wconf 89' lang='lat' dir='ltr'><strong>verba</strong></span> <span class='ocrx_word' id='word_1_274' title='bbox 2897 1090 3180 1136; x_wconf 82' lang='lat' dir='ltr'><strong>contextus</strong></span> <span class='ocrx_word' id='word_1_275' title='bbox 3209 1122 3224 1146; x_wconf 94' lang='lat'><strong>,</strong></span> <span class='ocrx_word' id='word_1_276' title='bbox 3258 1091 3315 1137; x_wconf 93' lang='lat' dir='ltr'><strong>ut</strong></span> <span class='ocrx_word' id='word_1_277' title='bbox 3359 1082 3524 1137; x_wconf 82' lang='lat' dir='ltr'><strong>debe-</strong></span> 
     </span>
    </p>
   </div>
   <div class='ocr_carea' id='block_1_40' title="bbox 1946 1172 3525 1243">
    <p class='ocr_par' dir='ltr' id='par_1_40' title="bbox 1946 1172 3525 1243">
     <span class='ocr_line' id='line_1_40' title="bbox 1946 1172 3525 1243; baseline 0.001 -15"><span class='ocrx_word' id='word_1_278' title='bbox 1946 1187 2087 1239; x_wconf 87' lang='lat' dir='ltr'><strong>mus,</strong></span> <span class='ocrx_word' id='word_1_279' title='bbox 2127 1186 2531 1243; x_wconf 79' lang='lat' dir='ltr'><strong>percurramus.</strong></span> <span class='ocrx_word' id='word_1_280' title='bbox 2579 1172 2796 1226; x_wconf 82' lang='lat' dir='ltr'><strong>Minime</strong></span> <span class='ocrx_word' id='word_1_281' title='bbox 2839 1174 2982 1228; x_wconf 86' lang='lat' dir='ltr'><strong>enim</strong></span> <span class='ocrx_word' id='word_1_282' title='bbox 3072 1176 3353 1243; x_wconf 84' lang='lat' dir='ltr'><strong>perspicua</strong></span> <span class='ocrx_word' id='word_1_283' title='bbox 3440 1184 3525 1230; x_wconf 88' lang='lat' dir='ltr'><strong>est</strong></span> 
     </span>
    </p>
   </div>
   <div class='ocr_carea' id='block_1_41' title="bbox 1946 1261 3521 1331">
    <p class='ocr_par' dir='ltr' id='par_1_41' title="bbox 1946 1261 3521 1331">
     <span class='ocr_line' id='line_1_41' title="bbox 1946 1261 3521 1331; baseline -0.001 -11"><span class='ocrx_word' id='word_1_284' title='bbox 1946 1280 2131 1321; x_wconf 89' lang='lat' dir='ltr'><strong>eorum</strong></span> <span class='ocrx_word' id='word_1_285' title='bbox 2191 1263 2477 1319; x_wconf 82' lang='lat' dir='ltr'><strong>sententia.</strong></span> <span class='ocrx_word' id='word_1_286' title='bbox 2537 1261 2677 1318; x_wconf 91' lang='lat' dir='ltr'><strong>Dicit</strong></span> <span class='ocrx_word' id='word_1_287' title='bbox 2744 1263 2906 1331; x_wconf 71' lang='lat' dir='ltr'><strong>igitur</strong></span> <span class='ocrx_word' id='word_1_288' title='bbox 2970 1266 3181 1320; x_wconf 85' lang='lat' dir='ltr'><strong>accolas</strong></span> <span class='ocrx_word' id='word_1_289' title='bbox 3245 1265 3361 1319; x_wconf 92' lang='lat' dir='ltr'><strong>fore</strong></span> <span class='ocrx_word' id='word_1_290' title='bbox 3420 1265 3521 1319; x_wconf 89' lang='lat' dir='ltr'><strong>ha-</strong></span> 
     </span>
    </p>
   </div>
   <div class='ocr_carea' id='block_1_42' title="bbox 1948 1353 3527 1425">
    <p class='ocr_par' dir='ltr' id='par_1_42' title="bbox 1948 1353 3527 1425">
     <span class='ocr_line' id='line_1_42' title="bbox 1948 1353 3527 1425; baseline -0.001 -14"><span class='ocrx_word' id='word_1_291' title='bbox 1948 1354 2185 1411; x_wconf 83' lang='lat' dir='ltr'><strong>bitantes</strong></span> <span class='ocrx_word' id='word_1_292' title='bbox 2239 1353 2561 1408; x_wconf 88' lang='lat' dir='ltr'><strong>Samariam.</strong></span> <span class='ocrx_word' id='word_1_293' title='bbox 2613 1353 2825 1409; x_wconf 74' lang='lat' dir='ltr'><strong>Accolae</strong></span> <span class='ocrx_word' id='word_1_294' title='bbox 2870 1365 3051 1419; x_wconf 89' lang='lat' dir='ltr'><strong>erunt,</strong></span> <span class='ocrx_word' id='word_1_295' title='bbox 3110 1370 3230 1425; x_wconf 92' lang='lat' dir='ltr'><strong>pro,</strong></span> <span class='ocrx_word' id='word_1_296' title='bbox 3272 1357 3527 1410; x_wconf 87' lang='lat' dir='ltr'><strong>transmi-</strong></span> 
     </span>
    </p>
   </div>
   <div class='ocr_carea' id='block_1_43' title="bbox 1947 1442 3524 1509">
    <p class='ocr_par' dir='ltr' id='par_1_43' title="bbox 1947 1442 3524 1509">
     <span class='ocr_line' id='line_1_43' title="bbox 1947 1442 3524 1509; baseline 0.004 -14"><span class='ocrx_word' id='word_1_297' title='bbox 1947 1443 2177 1509; x_wconf 79' lang='lat' dir='ltr'><strong>grabant</strong></span> <span class='ocrx_word' id='word_1_298' title='bbox 2234 1442 2338 1497; x_wconf 88' lang='lat' dir='ltr'><strong>alio</strong></span> <span class='ocrx_word' id='word_1_299' title='bbox 2381 1442 2703 1509; x_wconf 86' lang='lat' dir='ltr'><strong>habitatum,</strong></span> <span class='ocrx_word' id='word_1_300' title='bbox 2757 1459 2852 1499; x_wconf 92' lang='lat' dir='ltr'><strong>seu</strong></span> <span class='ocrx_word' id='word_1_301' title='bbox 2911 1444 3017 1500; x_wconf 87' lang='lat' dir='ltr'><strong>alio</strong></span> <span class='ocrx_word' id='word_1_302' title='bbox 3060 1447 3125 1500; x_wconf 91' lang='lat' dir='ltr'><strong>ad</strong></span> <span class='ocrx_word' id='word_1_303' title='bbox 3179 1445 3524 1501; x_wconf 87' lang='lat' dir='ltr'><strong>habitandum</strong></span> 
     </span>
    </p>
   </div>
   <div class='ocr_carea' id='block_1_44' title="bbox 1952 1532 3521 1603">
    <p class='ocr_par' dir='ltr' id='par_1_44' title="bbox 1952 1532 3521 1603">
     <span class='ocr_line' id='line_1_44' title="bbox 1952 1532 3521 1603; baseline 0.003 -16"><span class='ocrx_word' id='word_1_304' title='bbox 1952 1532 2350 1589; x_wconf 82' lang='lat' dir='ltr'><strong>transferentur</strong></span> <span class='ocrx_word' id='word_1_305' title='bbox 2382 1534 2572 1590; x_wconf 68' lang='lat' dir='ltr'><strong>incolae</strong></span> <span class='ocrx_word' id='word_1_306' title='bbox 2604 1535 2884 1590; x_wconf 72' lang='lat' dir='ltr'><strong>Samarire.</strong></span> <span class='ocrx_word' id='word_1_307' title='bbox 2912 1535 3030 1602; x_wconf 91' lang='lat' dir='ltr'><strong>Quo</strong></span> <span class='ocrx_word' id='word_1_308' title='bbox 3059 1537 3275 1592; x_wconf 89' lang='lat' dir='ltr'><strong>nomine</strong></span> <span class='ocrx_word' id='word_1_309' title='bbox 3307 1538 3521 1603; x_wconf 85' lang='lat' dir='ltr'><strong>vitulos,</strong></span> 
     </span>
    </p>
   </div>
   <div class='ocr_carea' id='block_1_45' title="bbox 1950 1624 3523 1699">
    <p class='ocr_par' dir='ltr' id='par_1_45' title="bbox 1950 1624 3523 1699">
     <span class='ocr_line' id='line_1_45' title="bbox 1950 1624 3523 1699; baseline 0.004 -21"><span class='ocrx_word' id='word_1_310' title='bbox 1950 1638 2045 1679; x_wconf 87' lang='lat' dir='ltr'><strong>seu</strong></span> <span class='ocrx_word' id='word_1_311' title='bbox 2088 1624 2309 1680; x_wconf 88' lang='lat' dir='ltr'><strong>buculas</strong></span> <span class='ocrx_word' id='word_1_312' title='bbox 2350 1626 2635 1694; x_wconf 87' lang='lat' dir='ltr'><strong>intelligit;</strong></span> <span class='ocrx_word' id='word_1_313' title='bbox 2668 1628 2733 1682; x_wconf 90' lang='lat' dir='ltr'><strong>ad</strong></span> <span class='ocrx_word' id='word_1_314' title='bbox 2764 1627 3087 1699; x_wconf 86' lang='lat' dir='ltr'><strong>Babylonios</strong></span> <span class='ocrx_word' id='word_1_315' title='bbox 3139 1629 3285 1682; x_wconf 89' lang='lat' dir='ltr'><strong>enim</strong></span> <span class='ocrx_word' id='word_1_316' title='bbox 3344 1629 3523 1684; x_wconf 59' lang='lat' dir='ltr'><strong>missa</strong></span> 
     </span>
    </p>
   </div>
   <div class='ocr_carea' id='block_1_46' title="bbox 1951 1716 3523 1790">
    <p class='ocr_par' dir='ltr' id='par_1_46' title="bbox 1951 1716 3523 1790">
     <span class='ocr_line' id='line_1_46' title="bbox 1951 1716 3523 1790; baseline 0.001 -20"><span class='ocrx_word' id='word_1_317' title='bbox 1951 1725 2098 1781; x_wconf 86' lang='lat' dir='ltr'><strong>sunt,</strong></span> <span class='ocrx_word' id='word_1_318' title='bbox 2145 1726 2204 1770; x_wconf 88' lang='lat' dir='ltr'><strong>ut</strong></span> <span class='ocrx_word' id='word_1_319' title='bbox 2250 1716 2427 1772; x_wconf 88' lang='lat' dir='ltr'><strong>docui.</strong></span> <span class='ocrx_word' id='word_1_320' title='bbox 2459 1734 2477 1769; x_wconf 85' lang='grc' dir='ltr'><strong>ι</strong></span> <span class='ocrx_word' id='word_1_321' title='bbox 2505 1716 2570 1771; x_wconf 87' lang='grc' dir='ltr'>Ει</span> <span class='ocrx_word' id='word_1_322' title='bbox 2598 1718 2738 1773; x_wconf 74' lang='lat' dir='ltr'><strong>luxit</strong></span> <span class='ocrx_word' id='word_1_323' title='bbox 2796 1732 2959 1788; x_wconf 85' lang='lat' dir='ltr'><strong>super</strong></span> <span class='ocrx_word' id='word_1_324' title='bbox 3007 1720 3073 1774; x_wconf 91' lang='lat' dir='ltr'><strong>iis</strong></span> <span class='ocrx_word' id='word_1_325' title='bbox 3099 1721 3325 1790; x_wconf 84' lang='lat' dir='ltr'><strong>pepulus</strong></span> <span class='ocrx_word' id='word_1_326' title='bbox 3355 1718 3523 1788; x_wconf 67' lang='lat' dir='ltr'><strong>eius.)</strong></span> 
     </span>
    </p>
   </div>
   <div class='ocr_carea' id='block_1_47' title="bbox 1952 1806 3534 1879">
    <p class='ocr_par' dir='ltr' id='par_1_47' title="bbox 1952 1806 3534 1879">
     <span class='ocr_line' id='line_1_47' title="bbox 1952 1806 3534 1879; baseline 0.003 -19"><span class='ocrx_word' id='word_1_327' title='bbox 1952 1806 2243 1875; x_wconf 75' lang='lat' dir='ltr'><strong>Cuiusnam</strong></span> <span class='ocrx_word' id='word_1_328' title='bbox 2297 1806 2546 1875; x_wconf 81' lang='lat' dir='ltr'><strong>ejus?an</strong></span> <span class='ocrx_word' id='word_1_329' title='bbox 2599 1806 2699 1874; x_wconf 80' lang='grc' dir='ltr'>ὧν,</span> <span class='ocrx_word' id='word_1_330' title='bbox 2756 1810 2807 1864; x_wconf 90' lang='lat' dir='ltr'><strong>id</strong></span> <span class='ocrx_word' id='word_1_331' title='bbox 2857 1818 2958 1875; x_wconf 88' lang='lat' dir='ltr'><strong>est,</strong></span> <span class='ocrx_word' id='word_1_332' title='bbox 2992 1810 3218 1879; x_wconf 81' lang='lat' dir='ltr'><strong>Apidis?</strong></span> <span class='ocrx_word' id='word_1_333' title='bbox 3249 1810 3534 1865; x_wconf 84' lang='lat' dir='ltr'><strong>Verumta-</strong></span> 
     </span>
    </p>
   </div>
   <div class='ocr_carea' id='block_1_48' title="bbox 1948 1902 3533 1972">
    <p class='ocr_par' dir='ltr' id='par_1_48' title="bbox 1948 1902 3533 1972">
     <span class='ocr_line' id='line_1_48' title="bbox 1948 1902 3533 1972; baseline 0.004 -20"><span class='ocrx_word' id='word_1_334' title='bbox 1948 1912 2099 1965; x_wconf 89' lang='lat' dir='ltr'><strong>men,</strong></span> <span class='ocrx_word' id='word_1_335' title='bbox 2156 1902 2609 1968; x_wconf 86' lang='lat' dir='ltr'><strong>quemadmodum</strong></span> <span class='ocrx_word' id='word_1_336' title='bbox 2662 1902 2761 1957; x_wconf 83' lang='lat' dir='ltr'><strong>visi</strong></span> <span class='ocrx_word' id='word_1_337' title='bbox 2821 1912 2968 1969; x_wconf 91' lang='lat' dir='ltr'><strong>sunt,</strong></span> <span class='ocrx_word' id='word_1_338' title='bbox 3023 1902 3218 1972; x_wconf 86' lang='lat' dir='ltr'><strong>inquit,</strong></span> <span class='ocrx_word' id='word_1_339' title='bbox 3259 1920 3382 1958; x_wconf 83' lang='lat' dir='ltr'><strong>eum</strong></span> <span class='ocrx_word' id='word_1_340' title='bbox 3436 1918 3533 1958; x_wconf 76' lang='lat' dir='ltr'><strong>ex-</strong></span> 
     </span>
    </p>
   </div>
   <div class='ocr_carea' id='block_1_49' title="bbox 1941 1990 3527 2061">
    <p class='ocr_par' dir='ltr' id='par_1_49' title="bbox 1941 1990 3527 2061">
     <span class='ocr_line' id='line_1_49' title="bbox 1941 1990 3527 2061; baseline 0.004 -16"><span class='ocrx_word' id='word_1_341' title='bbox 1941 1990 2201 2046; x_wconf 86' lang='lat' dir='ltr'><strong>acerbare</strong></span> <span class='ocrx_word' id='word_1_342' title='bbox 2229 2001 2285 2048; x_wconf 90' lang='lat' dir='ltr'><strong>et</strong></span> <span class='ocrx_word' id='word_1_343' title='bbox 2330 2004 2677 2049; x_wconf 88' lang='lat' dir='ltr'><strong>contemnere</strong></span> <span class='ocrx_word' id='word_1_344' title='bbox 2714 1995 2840 2049; x_wconf 91' lang='lat' dir='ltr'><strong>dum</strong></span> <span class='ocrx_word' id='word_1_345' title='bbox 2866 1995 2989 2051; x_wconf 87' lang='lat' dir='ltr'><strong>aliis</strong></span> <span class='ocrx_word' id='word_1_346' title='bbox 3019 1996 3269 2061; x_wconf 90' lang='lat' dir='ltr'><strong>mittunt,</strong></span> <span class='ocrx_word' id='word_1_347' title='bbox 3306 1997 3380 2051; x_wconf 89' lang='lat' dir='ltr'><strong>ita</strong></span> <span class='ocrx_word' id='word_1_348' title='bbox 3433 1995 3527 2051; x_wconf 83' lang='lat' dir='ltr'><strong>lae-</strong></span> 
     </span>
    </p>
   </div>
   <div class='ocr_carea' id='block_1_50' title="bbox 1941 2081 3536 2157">
    <p class='ocr_par' dir='ltr' id='par_1_50' title="bbox 1941 2081 3536 2157">
     <span class='ocr_line' id='line_1_50' title="bbox 1941 2081 3536 2157; baseline 0.004 -20"><span class='ocrx_word' id='word_1_349' title='bbox 1941 2081 2197 2139; x_wconf 87' lang='lat' dir='ltr'><strong>tabuntur</strong></span> <span class='ocrx_word' id='word_1_350' title='bbox 2214 2099 2376 2155; x_wconf 87' lang='lat' dir='ltr'><strong>super</strong></span> <span class='ocrx_word' id='word_1_351' title='bbox 2389 2085 2553 2155; x_wconf 84' lang='lat' dir='ltr'><strong>gloria</strong></span> <span class='ocrx_word' id='word_1_352' title='bbox 2575 2086 2713 2157; x_wconf 84' lang='lat' dir='ltr'><strong>ejus.</strong></span> <span class='ocrx_word' id='word_1_353' title='bbox 2735 2087 3285 2144; x_wconf 81' lang='lat' dir='ltr'><strong>Existimabuntenim</strong></span> <span class='ocrx_word' id='word_1_354' title='bbox 3311 2105 3338 2143; x_wconf 86' lang='lat' dir='ltr'><strong>a</strong></span> <span class='ocrx_word' id='word_1_355' title='bbox 3364 2089 3536 2157; x_wconf 66' lang='lat' dir='ltr'><strong>pluri‘</strong></span> 
     </span>
    </p>
   </div>
   <div class='ocr_carea' id='block_1_51' title="bbox 1949 2175 3534 2249">
    <p class='ocr_par' dir='ltr' id='par_1_51' title="bbox 1949 2175 3534 2249">
     <span class='ocr_line' id='line_1_51' title="bbox 1949 2175 3534 2249; baseline 0.003 -19"><span class='ocrx_word' id='word_1_356' title='bbox 1949 2175 2053 2231; x_wconf 88' lang='lat' dir='ltr'><strong>bus</strong></span> <span class='ocrx_word' id='word_1_357' title='bbox 2083 2175 2335 2246; x_wconf 80' lang='lat' dir='ltr'><strong>gentibus</strong></span> <span class='ocrx_word' id='word_1_358' title='bbox 2384 2177 2669 2234; x_wconf 84' lang='lat' dir='ltr'><strong>adoratum</strong></span> <span class='ocrx_word' id='word_1_359' title='bbox 2700 2178 3071 2249; x_wconf 85' lang='lat' dir='ltr'><strong>gloriosiorem</strong></span> <span class='ocrx_word' id='word_1_360' title='bbox 3114 2180 3378 2235; x_wconf 88' lang='lat' dir='ltr'><strong>futurum.</strong></span> <span class='ocrx_word' id='word_1_361' title='bbox 3428 2182 3534 2235; x_wconf 88' lang='lat' dir='ltr'><strong>Sed</strong></span> 
     </span>
    </p>
   </div>
   <div class='ocr_carea' id='block_1_52' title="bbox 1962 2268 3527 2341">
    <p class='ocr_par' dir='ltr' id='par_1_52' title="bbox 1962 2268 3527 2341">
     <span class='ocr_line' id='line_1_52' title="bbox 1962 2268 3527 2341; baseline 0.002 -18"><span class='ocrx_word' id='word_1_362' title='bbox 1962 2268 2152 2326; x_wconf 75' lang='lat' dir='ltr'><strong>fefellit</strong></span> <span class='ocrx_word' id='word_1_363' title='bbox 2200 2285 2293 2326; x_wconf 90' lang='lat' dir='ltr'><strong>eos</strong></span> <span class='ocrx_word' id='word_1_364' title='bbox 2321 2285 2467 2341; x_wconf 86' lang='lat' dir='ltr'><strong>spes.</strong></span> <span class='ocrx_word' id='word_1_365' title='bbox 2513 2270 2833 2327; x_wconf 85' lang='lat' dir='ltr'><strong>Confractus</strong></span> <span class='ocrx_word' id='word_1_366' title='bbox 2858 2272 3025 2338; x_wconf 87' lang='lat' dir='ltr'><strong>enim,</strong></span> <span class='ocrx_word' id='word_1_367' title='bbox 3086 2274 3313 2328; x_wconf 89' lang='lat' dir='ltr'><strong>materia</strong></span> <span class='ocrx_word' id='word_1_368' title='bbox 3383 2273 3527 2327; x_wconf 87' lang='lat' dir='ltr'><strong>risus</strong></span> 
     </span>
    </p>
   </div>
   <div class='ocr_carea' id='block_1_53' title="bbox 1961 2361 3537 2433">
    <p class='ocr_par' dir='ltr' id='par_1_53' title="bbox 1961 2361 3537 2433">
     <span class='ocr_line' id='line_1_53' title="bbox 1961 2361 3537 2433; baseline 0.001 -16"><span class='ocrx_word' id='word_1_369' title='bbox 1961 2370 2018 2417; x_wconf 87' lang='lat' dir='ltr'><strong>et</strong></span> <span class='ocrx_word' id='word_1_370' title='bbox 2062 2361 2167 2430; x_wconf 82' lang='lat' dir='ltr'><strong>ioci</strong></span> <span class='ocrx_word' id='word_1_371' title='bbox 2207 2361 2525 2433; x_wconf 87' lang='lat' dir='ltr'><strong>Babyloniis</strong></span> <span class='ocrx_word' id='word_1_372' title='bbox 2576 2363 2698 2418; x_wconf 88' lang='lat' dir='ltr'><strong>fuit.</strong></span> <span class='ocrx_word' id='word_1_373' title='bbox 2731 2363 2998 2431; x_wconf 86' lang='lat' dir='ltr'><strong>Quocirca</strong></span> <span class='ocrx_word' id='word_1_374' title='bbox 3040 2362 3297 2419; x_wconf 75' lang='lat' dir='ltr'><strong>amictum</strong></span> <span class='ocrx_word' id='word_1_375' title='bbox 3330 2374 3415 2419; x_wconf 90' lang='lat' dir='ltr'><strong>est</strong></span> <span class='ocrx_word' id='word_1_376' title='bbox 3460 2364 3537 2419; x_wconf 79' lang='lat' dir='ltr'><strong>si-</strong></span> 
     </span>
    </p>
   </div>
   <div class='ocr_carea' id='block_1_54' title="bbox 1960 2449 3533 2525">
    <p class='ocr_par' dir='ltr' id='par_1_54' title="bbox 1960 2449 3533 2525">
     <span class='ocr_line' id='line_1_54' title="bbox 1960 2449 3533 2525; baseline 0.001 -21"><span class='ocrx_word' id='word_1_377' title='bbox 1960 2449 2260 2507; x_wconf 88' lang='lat' dir='ltr'><strong>mulacrum</strong></span> <span class='ocrx_word' id='word_1_378' title='bbox 2292 2452 2555 2522; x_wconf 87' lang='lat' dir='ltr'><strong>ipsorum,</strong></span> <span class='ocrx_word' id='word_1_379' title='bbox 2602 2462 2663 2507; x_wconf 91' lang='lat' dir='ltr'><strong>ut</strong></span> <span class='ocrx_word' id='word_1_380' title='bbox 2694 2454 2781 2510; x_wconf 87' lang='lat' dir='ltr'><strong>hic</strong></span> <span class='ocrx_word' id='word_1_381' title='bbox 2813 2454 2925 2524; x_wconf 92' lang='lat' dir='ltr'><strong>ipse</strong></span> <span class='ocrx_word' id='word_1_382' title='bbox 2951 2455 3214 2525; x_wconf 87' lang='lat' dir='ltr'><strong>propheta</strong></span> <span class='ocrx_word' id='word_1_383' title='bbox 3249 2454 3399 2510; x_wconf 89' lang='lat' dir='ltr'><strong>dicit.</strong></span> <span class='ocrx_word' id='word_1_384' title='bbox 3426 2454 3533 2508; x_wconf 50' lang='lat' dir='ltr'><strong>Ex.</strong></span> 
     </span>
    </p>
   </div>
   <div class='ocr_carea' id='block_1_55' title="bbox 1962 2542 3533 2614">
    <p class='ocr_par' dir='ltr' id='par_1_55' title="bbox 1962 2542 3533 2614">
     <span class='ocr_line' id='line_1_55' title="bbox 1962 2542 3533 2614; baseline 0.002 -19"><span class='ocrx_word' id='word_1_385' title='bbox 1962 2542 2357 2599; x_wconf 88' lang='lat' dir='ltr'><strong>acerbaverunt</strong></span> <span class='ocrx_word' id='word_1_386' title='bbox 2383 2554 2565 2599; x_wconf 92' lang='lat' dir='ltr'><strong>autem</strong></span> <span class='ocrx_word' id='word_1_387' title='bbox 2595 2545 2841 2611; x_wconf 90' lang='lat' dir='ltr'><strong>vitulum,</strong></span> <span class='ocrx_word' id='word_1_388' title='bbox 2876 2559 2982 2600; x_wconf 91' lang='lat' dir='ltr'><strong>non</strong></span> <span class='ocrx_word' id='word_1_389' title='bbox 3032 2546 3156 2614; x_wconf 88' lang='lat' dir='ltr'><strong>quia</strong></span> <span class='ocrx_word' id='word_1_390' title='bbox 3208 2560 3397 2599; x_wconf 79' lang='lat' dir='ltr'><strong>revera</strong></span> <span class='ocrx_word' id='word_1_391' title='bbox 3435 2560 3533 2598; x_wconf 80' lang='lat' dir='ltr'><strong>ex-</strong></span> 
     </span>
    </p>
   </div>
   <div class='ocr_carea' id='block_1_56' title="bbox 1964 2634 3537 2708">
    <p class='ocr_par' dir='ltr' id='par_1_56' title="bbox 1964 2634 3537 2708">
     <span class='ocr_line' id='line_1_56' title="bbox 1964 2634 3537 2708; baseline 0.003 -21"><span class='ocrx_word' id='word_1_392' title='bbox 1964 2634 2247 2690; x_wconf 88' lang='lat' dir='ltr'><strong>acerbatus</strong></span> <span class='ocrx_word' id='word_1_393' title='bbox 2298 2636 2368 2691; x_wconf 88' lang='lat' dir='ltr'><strong>sit</strong></span> <span class='ocrx_word' id='word_1_394' title='bbox 2395 2635 2414 2708; x_wconf 97' lang='lat'>(</span> <span class='ocrx_word' id='word_1_395' title='bbox 2443 2638 2534 2705; x_wconf 90' lang='lat' dir='ltr'><strong>qui</strong></span> <span class='ocrx_word' id='word_1_396' title='bbox 2563 2638 2708 2692; x_wconf 89' lang='lat' dir='ltr'><strong>enim</strong></span> <span class='ocrx_word' id='word_1_397' title='bbox 2746 2639 2827 2694; x_wconf 89' lang='lat' dir='ltr'><strong>sic</strong></span> <span class='ocrx_word' id='word_1_398' title='bbox 2875 2637 3178 2693; x_wconf 85' lang='lat' dir='ltr'><strong>afﬁceretur</strong></span> <span class='ocrx_word' id='word_1_399' title='bbox 3230 2652 3315 2691; x_wconf 90' lang='lat' dir='ltr'><strong>res</strong></span> <span class='ocrx_word' id='word_1_400' title='bbox 3344 2652 3537 2692; x_wconf 86' lang='lat' dir='ltr'><strong>sensus</strong></span> 
     </span>
    </p>
   </div>
   <div class='ocr_carea' id='block_1_57' title="bbox 1963 2722 3533 2797">
    <p class='ocr_par' dir='ltr' id='par_1_57' title="bbox 1963 2722 3533 2797">
     <span class='ocr_line' id='line_1_57' title="bbox 1963 2722 3533 2797; baseline 0.002 -21"><span class='ocrx_word' id='word_1_401' title='bbox 1963 2735 2158 2792; x_wconf 78' lang='lat' dir='ltr'><strong>expers</strong></span> <span class='ocrx_word' id='word_1_402' title='bbox 2179 2722 2245 2795; x_wconf 89' lang='lat'><strong>?),</strong></span> <span class='ocrx_word' id='word_1_403' title='bbox 2282 2726 2377 2781; x_wconf 90' lang='lat' dir='ltr'><strong>sed</strong></span> <span class='ocrx_word' id='word_1_404' title='bbox 2428 2726 2555 2795; x_wconf 89' lang='lat' dir='ltr'><strong>quia</strong></span> <span class='ocrx_word' id='word_1_405' title='bbox 2595 2725 2721 2781; x_wconf 87' lang='lat' dir='ltr'><strong>facti</strong></span> <span class='ocrx_word' id='word_1_406' title='bbox 2781 2736 2981 2781; x_wconf 14' lang='lat' dir='ltr'><strong>natura.</strong></span> <span class='ocrx_word' id='word_1_407' title='bbox 3020 2729 3194 2797; x_wconf 88' lang='lat' dir='ltr'><strong>ipsum</strong></span> <span class='ocrx_word' id='word_1_408' title='bbox 3246 2727 3533 2792; x_wconf 87' lang='lat' dir='ltr'><strong>irritasset,</strong></span> 
     </span>
    </p>
   </div>
   <div class='ocr_carea' id='block_1_58' title="bbox 1965 2816 3538 2889">
    <p class='ocr_par' dir='ltr' id='par_1_58' title="bbox 1965 2816 3538 2889">
     <span class='ocr_line' id='line_1_58' title="bbox 1965 2816 3538 2889; baseline 0.003 -20"><span class='ocrx_word' id='word_1_409' title='bbox 1965 2816 2010 2870; x_wconf 92' lang='lat' dir='ltr'><strong>si</strong></span> <span class='ocrx_word' id='word_1_410' title='bbox 2051 2829 2178 2870; x_wconf 90' lang='lat' dir='ltr'><strong>vere</strong></span> <span class='ocrx_word' id='word_1_411' title='bbox 2240 2816 2374 2872; x_wconf 89' lang='lat' dir='ltr'><strong>deus</strong></span> <span class='ocrx_word' id='word_1_412' title='bbox 2443 2816 2675 2885; x_wconf 87' lang='lat' dir='ltr'><strong>fuisset,</strong></span> <span class='ocrx_word' id='word_1_413' title='bbox 2710 2827 2765 2874; x_wconf 87' lang='lat' dir='ltr'><strong>et</strong></span> <span class='ocrx_word' id='word_1_414' title='bbox 2820 2830 3008 2875; x_wconf 80' lang='lat' dir='ltr'><strong>eventa</strong></span> <span class='ocrx_word' id='word_1_415' title='bbox 3055 2834 3153 2875; x_wconf 90' lang='lat' dir='ltr'><strong>sua</strong></span> <span class='ocrx_word' id='word_1_416' title='bbox 3205 2820 3405 2875; x_wconf 88' lang='lat' dir='ltr'><strong>sentire</strong></span> <span class='ocrx_word' id='word_1_417' title='bbox 3450 2834 3538 2889; x_wconf 87' lang='lat' dir='ltr'><strong>po-</strong></span> 
     </span>
    </p>
   </div>
   <div class='ocr_carea' id='block_1_59' title="bbox 1966 2908 2180 2965">
    <p class='ocr_par' dir='ltr' id='par_1_59' title="bbox 1966 2908 2180 2965">
     <span class='ocr_line' id='line_1_59' title="bbox 1966 2908 2180 2965; baseline 0.014 -3"><span class='ocrx_word' id='word_1_418' title='bbox 1966 2908 2180 2965; x_wconf 91' lang='lat' dir='ltr'><strong>tuisset.</strong></span> 
     </span>
    </p>
   </div>
   <div class='ocr_carea' id='block_1_60' title="bbox 277 2992 3537 3077">
    <p class='ocr_par' dir='ltr' id='par_1_60' title="bbox 277 2992 3537 3077">
     <span class='ocr_line' id='line_1_60' title="bbox 277 2992 3537 3077; baseline -0.002 -18"><span class='ocrx_word' id='word_1_419' title='bbox 277 3006 628 3077; x_wconf 76' lang='grc' dir='ltr'>χειρημὰτων</span> <span class='ocrx_word' id='word_1_420' title='bbox 662 3005 697 3074; x_wconf 81' lang='grc' dir='ltr'>ἡ</span> <span class='ocrx_word' id='word_1_421' title='bbox 734 3003 963 3074; x_wconf 87' lang='grc' dir='ltr'>δύναμις</span> <span class='ocrx_word' id='word_1_422' title='bbox 1023 3000 1376 3073; x_wconf 87' lang='grc' dir='ltr'>παρὼργισεν</span> <span class='ocrx_word' id='word_1_423' title='bbox 1414 3000 1481 3054; x_wconf 86' lang='grc' dir='ltr'><strong>ἂν</strong></span> <span class='ocrx_word' id='word_1_424' title='bbox 1514 2998 1695 3065; x_wconf 83' lang='grc' dir='ltr'>αὑτὸν,</span> <span class='ocrx_word' id='word_1_425' title='bbox 1736 2999 1891 3067; x_wconf 76' lang='grc' dir='ltr'>εἴπερ</span> <span class='ocrx_word' id='word_1_426' title='bbox 1929 2992 1997 3067; x_wconf 79' lang='grc' dir='ltr'>ἦν</span> <span class='ocrx_word' id='word_1_427' title='bbox 2062 2998 2234 3064; x_wconf 79' lang='grc' dir='ltr'>ὅντως</span> <span class='ocrx_word' id='word_1_428' title='bbox 2273 3000 2415 3067; x_wconf 83' lang='grc' dir='ltr'>θεὸς,</span> <span class='ocrx_word' id='word_1_429' title='bbox 2454 3002 2545 3055; x_wconf 73' lang='grc' dir='ltr'><strong>καὶ</strong></span> <span class='ocrx_word' id='word_1_430' title='bbox 2578 3003 2636 3055; x_wconf 82' lang='grc' dir='ltr'>ὲν</span> <span class='ocrx_word' id='word_1_431' title='bbox 2674 3001 2922 3073; x_wconf 84' lang='grc' dir='ltr'>αἰσθήσει</span> <span class='ocrx_word' id='word_1_432' title='bbox 2951 3002 3045 3056; x_wconf 83' lang='grc' dir='ltr'>τοῦ</span> <span class='ocrx_word' id='word_1_433' title='bbox 3074 3001 3265 3057; x_wconf 84' lang='grc' dir='ltr'>παθεῖν</span> <span class='ocrx_word' id='word_1_434' title='bbox 3293 3000 3361 3057; x_wconf 84' lang='grc' dir='ltr'>τὰ</span> <span class='ocrx_word' id='word_1_435' title='bbox 3397 3016 3537 3071; x_wconf 85' lang='grc' dir='ltr'>συμ-</span> 
     </span>
    </p>
   </div>
   <div class='ocr_carea' id='block_1_61' title="bbox 279 3100 552 3170">
    <p class='ocr_par' dir='ltr' id='par_1_61' title="bbox 279 3100 552 3170">
     <span class='ocr_line' id='line_1_61' title="bbox 279 3100 552 3170; baseline 0 -17"><span class='ocrx_word' id='word_1_436' title='bbox 279 3100 552 3170; x_wconf 72' lang='grc' dir='ltr'>ϐεϐηκότα</span> 
     </span>
    </p>
   </div>
   <div class='ocr_carea' id='block_1_62' title="bbox 349 3180 1855 3262">
    <p class='ocr_par' dir='ltr' id='par_1_62' title="bbox 349 3187 1855 3262">
     <span class='ocr_line' id='line_1_62' title="bbox 349 3187 1855 3262; baseline -0.006 -14"><span class='ocrx_word' id='word_1_437' title='bbox 349 3196 472 3248; x_wconf 89' lang='grc' dir='ltr'>Ὅτι</span> <span class='ocrx_word' id='word_1_438' title='bbox 496 3191 837 3262; x_wconf 80' lang='grc' dir='ltr'>μετῳκίσθη</span> <span class='ocrx_word' id='word_1_439' title='bbox 864 3191 964 3247; x_wconf 77' lang='grc' dir='ltr'><strong>ἀπ’</strong></span> <span class='ocrx_word' id='word_1_440' title='bbox 1005 3190 1227 3255; x_wconf 82' lang='grc' dir='ltr'>αὑτοῦ,</span> <span class='ocrx_word' id='word_1_441' title='bbox 1259 3190 1356 3243; x_wconf 71' lang='grc' dir='ltr'>καὶ</span> <span class='ocrx_word' id='word_1_442' title='bbox 1391 3188 1577 3242; x_wconf 82' lang='grc' dir='ltr'>αὑτὸν</span> <span class='ocrx_word' id='word_1_443' title='bbox 1606 3188 1692 3252; x_wconf 82' lang='grc' dir='ltr'>εὶς</span> <span class='ocrx_word' id='word_1_444' title='bbox 1735 3187 1855 3241; x_wconf 83' lang='grc' dir='ltr'><strong>Ἁσ-</strong></span> 
     </span>
    </p>
   </div>
   <div class='ocr_carea' id='block_1_63' title="bbox 1962 3180 3538 3262">
    <p class='ocr_par' dir='ltr' id='par_1_63' title="bbox 2041 3180 3538 3251">
     <span class='ocr_line' id='line_1_63' title="bbox 2041 3180 3538 3251; baseline 0.002 -16"><span class='ocrx_word' id='word_1_445' title='bbox 2041 3180 2204 3237; x_wconf 70' lang='lat' dir='ltr'><strong>Vens.</strong></span> <span class='ocrx_word' id='word_1_446' title='bbox 2240 3181 2291 3235; x_wconf 88' lang='lat'><strong>6.</strong></span> <span class='ocrx_word' id='word_1_447' title='bbox 2327 3180 2463 3247; x_wconf 80' lang='lat' dir='ltr'><strong>Quia</strong></span> <span class='ocrx_word' id='word_1_448' title='bbox 2502 3182 2792 3235; x_wconf 72' lang='lat' dir='ltr'><strong>translatus</strong></span> <span class='ocrx_word' id='word_1_449' title='bbox 2832 3190 2908 3235; x_wconf 71' lang='lat' dir='ltr'><strong>est</strong></span> <span class='ocrx_word' id='word_1_450' title='bbox 2962 3182 3031 3236; x_wconf 75' lang='lat' dir='ltr'><strong>ab</strong></span> <span class='ocrx_word' id='word_1_451' title='bbox 3067 3196 3147 3247; x_wconf 84' lang='lat' dir='ltr'><strong>eo,</strong></span> <span class='ocrx_word' id='word_1_452' title='bbox 3172 3192 3221 3235; x_wconf 81' lang='lat' dir='ltr'><strong>et</strong></span> <span class='ocrx_word' id='word_1_453' title='bbox 3264 3199 3434 3251; x_wconf 73' lang='lat' dir='ltr'><strong>ipsum</strong></span> <span class='ocrx_word' id='word_1_454' title='bbox 3480 3187 3538 3238; x_wconf 80' lang='lat' dir='ltr'><strong>in</strong></span> 
     </span>
    </p>
   </div>
   <div class='ocr_carea' id='block_1_64' title="bbox 280 3274 1867 3352">
    <p class='ocr_par' dir='ltr' id='par_1_64' title="bbox 280 3274 1867 3352">
     <span class='ocr_line' id='line_1_64' title="bbox 280 3274 1867 3352; baseline -0.006 -14"><span class='ocrx_word' id='word_1_455' title='bbox 280 3284 529 3352; x_wconf 73' lang='grc' dir='ltr'>συρίους</span> <span class='ocrx_word' id='word_1_456' title='bbox 560 3283 861 3350; x_wconf 74' lang='grc' dir='ltr'>δήσαντες</span> <span class='ocrx_word' id='word_1_457' title='bbox 899 3281 1255 3349; x_wconf 78' lang='grc' dir='ltr'>ἀπήνεγκαν</span> <span class='ocrx_word' id='word_1_458' title='bbox 1289 3279 1459 3343; x_wconf 76' lang='grc' dir='ltr'>ξένια</span> <span class='ocrx_word' id='word_1_459' title='bbox 1498 3276 1578 3343; x_wconf 85' lang='grc' dir='ltr'>τῷ</span> <span class='ocrx_word' id='word_1_460' title='bbox 1614 3274 1867 3341; x_wconf 77' lang='grc' dir='ltr'>βασιλεῖ</span> 
     </span>
    </p>
   </div>
   <div class='ocr_carea' id='block_1_65' title="bbox 293 3369 1863 3445">
    <p class='ocr_par' dir='ltr' id='par_1_65' title="bbox 293 3369 1863 3445">
     <span class='ocr_line' id='line_1_65' title="bbox 293 3369 1863 3445; baseline -0.006 -14"><span class='ocrx_word' id='word_1_461' title='bbox 293 3376 524 3445; x_wconf 71' lang='grc' dir='ltr'>Ἰαρείμ.</span> <span class='ocrx_word' id='word_1_462' title='bbox 558 3376 655 3429; x_wconf 82' lang='grc' dir='ltr'><strong>Ἐν</strong></span> <span class='ocrx_word' id='word_1_463' title='bbox 686 3374 897 3444; x_wconf 81' lang='grc' dir='ltr'>δόματι</span> <span class='ocrx_word' id='word_1_464' title='bbox 923 3372 1168 3442; x_wconf 69' lang='grc' dir='ltr'>Ἐφραῒμ</span> <span class='ocrx_word' id='word_1_465' title='bbox 1201 3371 1458 3436; x_wconf 81' lang='grc' dir='ltr'>δέξεται,</span> <span class='ocrx_word' id='word_1_466' title='bbox 1486 3369 1585 3426; x_wconf 79' lang='grc' dir='ltr'>καὶ</span> <span class='ocrx_word' id='word_1_467' title='bbox 1617 3371 1863 3436; x_wconf 78' lang='grc' dir='ltr'>αἰσχυν-</span> 
     </span>
    </p>
   </div>
   <div class='ocr_carea' id='block_1_66' title="bbox 282 3462 1479 3537">
    <p class='ocr_par' dir='ltr' id='par_1_66' title="bbox 282 3462 1479 3537">
     <span class='ocr_line' id='line_1_66' title="bbox 282 3462 1479 3537; baseline -0.006 -14"><span class='ocrx_word' id='word_1_468' title='bbox 282 3470 535 3535; x_wconf 76' lang='grc' dir='ltr'>θήσεται</span> <span class='ocrx_word' id='word_1_469' title='bbox 574 3466 813 3537; x_wconf 75' lang='grc' dir='ltr'><strong>Ἰσραὴλ</strong></span> <span class='ocrx_word' id='word_1_470' title='bbox 835 3467 907 3519; x_wconf 82' lang='grc' dir='ltr'><strong>ἐν</strong></span> <span class='ocrx_word' id='word_1_471' title='bbox 942 3464 1017 3533; x_wconf 77' lang='grc' dir='ltr'>τῇ</span> <span class='ocrx_word' id='word_1_472' title='bbox 1041 3462 1247 3532; x_wconf 75' lang='grc' dir='ltr'>,ϐουλῇ</span> <span class='ocrx_word' id='word_1_473' title='bbox 1275 3462 1479 3517; x_wconf 79' lang='grc' dir='ltr'>αὐτοῦ.</span> 
     </span>
    </p>
   </div>
   <div class='ocr_carea' id='block_1_67' title="bbox 353 3552 1859 3629">
    <p class='ocr_par' dir='ltr' id='par_1_67' title="bbox 353 3552 1859 3629">
     <span class='ocr_line' id='line_1_67' title="bbox 353 3552 1859 3629; baseline -0.005 -17"><span class='ocrx_word' id='word_1_474' title='bbox 353 3560 505 3614; x_wconf 87' lang='lat' dir='ltr'><strong>PIE&#39;.</strong></span> <span class='ocrx_word' id='word_1_475' title='bbox 524 3559 745 3613; x_wconf 79' lang='grc' dir='ltr'>Ἑαυτὸν</span> <span class='ocrx_word' id='word_1_476' title='bbox 771 3560 906 3629; x_wconf 80' lang='grc' dir='ltr'>ἡμῖν</span> <span class='ocrx_word' id='word_1_477' title='bbox 938 3558 967 3609; x_wconf 87' lang='grc' dir='ltr'><strong>ό</strong></span> <span class='ocrx_word' id='word_1_478' title='bbox 994 3556 1331 3628; x_wconf 79' lang='grc' dir='ltr'>προφητικὸς</span> <span class='ocrx_word' id='word_1_479' title='bbox 1358 3553 1649 3625; x_wconf 80' lang='grc' dir='ltr'>ἑρμηνεύει</span> <span class='ocrx_word' id='word_1_480' title='bbox 1684 3552 1859 3621; x_wconf 88' lang='grc' dir='ltr'>λόγος.</span> 
     </span>
    </p>
   </div>
   <div class='ocr_carea' id='block_1_68' title="bbox 287 3646 1858 3724">
    <p class='ocr_par' dir='ltr' id='par_1_68' title="bbox 287 3646 1858 3724">
     <span class='ocr_line' id='line_1_68' title="bbox 287 3646 1858 3724; baseline -0.005 -18"><span class='ocrx_word' id='word_1_481' title='bbox 287 3654 353 3706; x_wconf 88' lang='grc' dir='ltr'><strong>Ὃ</strong></span> <span class='ocrx_word' id='word_1_482' title='bbox 384 3652 496 3724; x_wconf 82' lang='grc' dir='ltr'>γὰρ</span> <span class='ocrx_word' id='word_1_483' title='bbox 543 3653 764 3722; x_wconf 82' lang='grc' dir='ltr'>εἴρηκεν</span> <span class='ocrx_word' id='word_1_484' title='bbox 811 3649 1091 3722; x_wconf 79' lang='grc' dir='ltr'>ἀμυδρῶς,</span> <span class='ocrx_word' id='word_1_485' title='bbox 1136 3649 1297 3703; x_wconf 79' lang='grc' dir='ltr'>τοῦτο</span> <span class='ocrx_word' id='word_1_486' title='bbox 1343 3648 1597 3718; x_wconf 78' lang='grc' dir='ltr'>πειρᾶται</span> <span class='ocrx_word' id='word_1_487' title='bbox 1644 3646 1858 3717; x_wconf 78' lang='grc' dir='ltr'>διατραο</span> 
     </span>
    </p>
   </div>
   <div class='ocr_carea' id='block_1_69' title="bbox 284 3737 1861 3813">
    <p class='ocr_par' dir='ltr' id='par_1_69' title="bbox 284 3737 1861 3813">
     <span class='ocr_line' id='line_1_69' title="bbox 284 3737 1861 3813; baseline -0.003 -18"><span class='ocrx_word' id='word_1_488' title='bbox 284 3742 429 3795; x_wconf 79' lang='grc' dir='ltr'>νοῦν.</span> <span class='ocrx_word' id='word_1_489' title='bbox 476 3741 803 3813; x_wconf 79' lang='grc' dir='ltr'>Μετῳκίσθη</span> <span class='ocrx_word' id='word_1_490' title='bbox 846 3740 953 3812; x_wconf 87' lang='grc' dir='ltr'><strong>γὰρ</strong></span> <span class='ocrx_word' id='word_1_491' title='bbox 998 3743 1027 3794; x_wconf 90' lang='lat'><strong>6</strong></span> <span class='ocrx_word' id='word_1_492' title='bbox 1072 3740 1273 3811; x_wconf 83' lang='grc' dir='ltr'>μόσχος</span> <span class='ocrx_word' id='word_1_493' title='bbox 1341 3739 1450 3793; x_wconf 81' lang='grc' dir='ltr'>ἀπὸ</span> <span class='ocrx_word' id='word_1_494' title='bbox 1491 3738 1584 3792; x_wconf 71' lang='grc' dir='ltr'>τοῦ</span> <span class='ocrx_word' id='word_1_495' title='bbox 1629 3737 1861 3809; x_wconf 76' lang='grc' dir='ltr'>Ἰσραὴλ,</span> 
     </span>
    </p>
   </div>
   <div class='ocr_carea' id='block_1_70' title="bbox 289 3829 1866 3905">
    <p class='ocr_par' dir='ltr' id='par_1_70' title="bbox 289 3829 1866 3905">
     <span class='ocr_line' id='line_1_70' title="bbox 289 3829 1866 3905; baseline -0.004 -16"><span class='ocrx_word' id='word_1_496' title='bbox 289 3836 379 3889; x_wconf 76' lang='grc' dir='ltr'><strong>καὶ</strong></span> <span class='ocrx_word' id='word_1_497' title='bbox 425 3835 689 3905; x_wconf 75' lang='grc' dir='ltr'>δήσαντες</span> <span class='ocrx_word' id='word_1_498' title='bbox 734 3834 898 3887; x_wconf 79' lang='grc' dir='ltr'>αὑτὸν</span> <span class='ocrx_word' id='word_1_499' title='bbox 938 3832 1358 3904; x_wconf 81' lang='grc' dir='ltr'>(χαριεντίζεται</span> <span class='ocrx_word' id='word_1_500' title='bbox 1396 3831 1454 3884; x_wconf 80' lang='grc' dir='ltr'>δὲ</span> <span class='ocrx_word' id='word_1_501' title='bbox 1489 3833 1517 3884; x_wconf 91' lang='lat'><strong>6</strong></span> <span class='ocrx_word' id='word_1_502' title='bbox 1550 3829 1728 3900; x_wconf 84' lang='grc' dir='ltr'>λόγος)</span> <span class='ocrx_word' id='word_1_503' title='bbox 1770 3831 1866 3883; x_wconf 87' lang='grc' dir='ltr'><strong>ἀπ-</strong></span> 
     </span>
    </p>
   </div>
   <div class='ocr_carea' id='block_1_71' title="bbox 288 3921 1861 3996">
    <p class='ocr_par' dir='ltr' id='par_1_71' title="bbox 288 3921 1861 3996">
     <span class='ocr_line' id='line_1_71' title="bbox 288 3921 1861 3996; baseline -0.001 -18"><span class='ocrx_word' id='word_1_504' title='bbox 288 3927 550 3995; x_wconf 82' lang='grc' dir='ltr'>εκόμισαν</span> <span class='ocrx_word' id='word_1_505' title='bbox 578 3926 728 3989; x_wconf 78' lang='grc' dir='ltr'>ξένια</span> <span class='ocrx_word' id='word_1_506' title='bbox 754 3924 832 3996; x_wconf 84' lang='grc' dir='ltr'>τῷ</span> <span class='ocrx_word' id='word_1_507' title='bbox 868 3923 1077 3994; x_wconf 82' lang='grc' dir='ltr'>βασιλεί</span> <span class='ocrx_word' id='word_1_508' title='bbox 1118 3923 1345 3994; x_wconf 63' lang='grc' dir='ltr'>Ἰαρεὶμη</span> <span class='ocrx_word' id='word_1_509' title='bbox 1379 3922 1407 3975; x_wconf 84' lang='grc' dir='ltr'>ὅ</span> <span class='ocrx_word' id='word_1_510' title='bbox 1435 3922 1601 3985; x_wconf 78' lang='grc' dir='ltr'>ἐστιν,</span> <span class='ocrx_word' id='word_1_511' title='bbox 1643 3921 1861 3991; x_wconf 83' lang='grc' dir='ltr'>ὲκδίκῳ.</span> 
     </span>
    </p>
   </div>
   <div class='ocr_carea' id='block_1_72' title="bbox 296 4012 1855 4088">
    <p class='ocr_par' dir='ltr' id='par_1_72' title="bbox 296 4012 1855 4088">
     <span class='ocr_line' id='line_1_72' title="bbox 296 4012 1855 4088; baseline -0.004 -17"><span class='ocrx_word' id='word_1_512' title='bbox 296 4018 572 4071; x_wconf 79' lang='grc' dir='ltr'>Ἐκαλεῖτο</span> <span class='ocrx_word' id='word_1_513' title='bbox 609 4017 719 4087; x_wconf 82' lang='grc' dir='ltr'>γὰρ</span> <span class='ocrx_word' id='word_1_514' title='bbox 752 4018 829 4079; x_wconf 83' lang='grc' dir='ltr'>εἰς</span> <span class='ocrx_word' id='word_1_515' title='bbox 858 4015 1195 4088; x_wconf 78' lang='grc' dir='ltr'>ἐπικουρίαν,</span> <span class='ocrx_word' id='word_1_516' title='bbox 1222 4015 1316 4068; x_wconf 73' lang='grc' dir='ltr'><strong>καὶ</strong></span> <span class='ocrx_word' id='word_1_517' title='bbox 1347 4013 1505 4067; x_wconf 88' lang='grc' dir='ltr'>οίονεί</span> <span class='ocrx_word' id='word_1_518' title='bbox 1535 4030 1651 4077; x_wconf 87' lang='grc' dir='ltr'><strong>πως</strong></span> <span class='ocrx_word' id='word_1_519' title='bbox 1680 4014 1759 4075; x_wconf 86' lang='grc' dir='ltr'><strong>είς</strong></span> <span class='ocrx_word' id='word_1_520' title='bbox 1795 4012 1855 4064; x_wconf 80' lang='grc' dir='ltr'><strong>τὸ</strong></span> 
     </span>
    </p>
   </div>
   <div class='ocr_carea' id='block_1_73' title="bbox 286 4100 1865 4177">
    <p class='ocr_par' dir='ltr' id='par_1_73' title="bbox 286 4100 1865 4177">
     <span class='ocr_line' id='line_1_73' title="bbox 286 4100 1865 4177; baseline -0.004 -18"><span class='ocrx_word' id='word_1_521' title='bbox 286 4107 573 4177; x_wconf 71' lang='grc' dir='ltr'>ἐκδικῆσαι</span> <span class='ocrx_word' id='word_1_522' title='bbox 625 4108 722 4177; x_wconf 76' lang='grc' dir='ltr'>τὴν</span> <span class='ocrx_word' id='word_1_523' title='bbox 768 4106 1081 4177; x_wconf 82' lang='grc' dir='ltr'>Σαμάρειαν</span> <span class='ocrx_word' id='word_1_524' title='bbox 1124 4103 1550 4175; x_wconf 82' lang='grc' dir='ltr'>όλοθρευομένην</span> <span class='ocrx_word' id='word_1_525' title='bbox 1601 4102 1706 4155; x_wconf 83' lang='grc' dir='ltr'>ὑπὸ</span> <span class='ocrx_word' id='word_1_526' title='bbox 1757 4100 1865 4153; x_wconf 84' lang='grc' dir='ltr'><strong>τῶν</strong></span> 
     </span>
    </p>
   </div>
   <div class='ocr_carea' id='block_1_74' title="bbox 285 4193 1865 4269">
    <p class='ocr_par' dir='ltr' id='par_1_74' title="bbox 285 4193 1865 4269">
     <span class='ocr_line' id='line_1_74' title="bbox 285 4193 1865 4269; baseline -0.005 -17"><span class='ocrx_word' id='word_1_527' title='bbox 285 4199 494 4269; x_wconf 74' lang='grc' dir='ltr'>Σύρων.</span> <span class='ocrx_word' id='word_1_528' title='bbox 552 4198 714 4251; x_wconf 75' lang='grc' dir='ltr'>Ἀλλὰ</span> <span class='ocrx_word' id='word_1_529' title='bbox 759 4198 971 4263; x_wconf 75' lang='grc' dir='ltr'>δέξεται</span> <span class='ocrx_word' id='word_1_530' title='bbox 1009 4198 1106 4268; x_wconf 82' lang='grc' dir='ltr'><strong>μὲν</strong></span> <span class='ocrx_word' id='word_1_531' title='bbox 1148 4198 1176 4249; x_wconf 90' lang='lat'><strong>6</strong></span> <span class='ocrx_word' id='word_1_532' title='bbox 1212 4196 1417 4259; x_wconf 80' lang='grc' dir='ltr'>Φούλας</span> <span class='ocrx_word' id='word_1_533' title='bbox 1458 4196 1533 4258; x_wconf 83' lang='grc' dir='ltr'><strong>ὡς</strong></span> <span class='ocrx_word' id='word_1_534' title='bbox 1575 4196 1632 4246; x_wconf 85' lang='grc' dir='ltr'>ὲν</span> <span class='ocrx_word' id='word_1_535' title='bbox 1672 4193 1865 4262; x_wconf 81' lang='grc' dir='ltr'>δόματι</span> 
     </span>
    </p>
   </div>
   <div class='ocr_carea' id='block_1_75' title="bbox 287 4286 1865 4362">
    <p class='ocr_par' dir='ltr' id='par_1_75' title="bbox 287 4286 1865 4362">
     <span class='ocr_line' id='line_1_75' title="bbox 287 4286 1865 4362; baseline -0.003 -19"><span class='ocrx_word' id='word_1_536' title='bbox 287 4294 438 4361; x_wconf 79' lang='grc' dir='ltr'><strong>παρὰ</strong></span> <span class='ocrx_word' id='word_1_537' title='bbox 464 4291 557 4344; x_wconf 75' lang='grc' dir='ltr'><strong>τοῦ</strong></span> <span class='ocrx_word' id='word_1_538' title='bbox 595 4291 830 4361; x_wconf 78' lang='grc' dir='ltr'>Ἐφραῒμ</span> <span class='ocrx_word' id='word_1_539' title='bbox 856 4290 953 4362; x_wconf 84' lang='grc' dir='ltr'><strong>τὴν</strong></span> <span class='ocrx_word' id='word_1_540' title='bbox 981 4290 1229 4361; x_wconf 73' lang='grc' dir='ltr'>δάμαλιν,</span> <span class='ocrx_word' id='word_1_541' title='bbox 1256 4289 1494 4360; x_wconf 81' lang='grc' dir='ltr'>Ἐφραῖμ</span> <span class='ocrx_word' id='word_1_542' title='bbox 1524 4289 1579 4341; x_wconf 79' lang='grc' dir='ltr'><em>δέ</em></span> <span class='ocrx_word' id='word_1_543' title='bbox 1609 4304 1744 4357; x_wconf 73' lang='grc' dir='ltr'>φησι</span> <span class='ocrx_word' id='word_1_544' title='bbox 1772 4286 1865 4339; x_wconf 75' lang='grc' dir='ltr'><strong>τὸν</strong></span> 
     </span>
    </p>
   </div>
   <div class='ocr_carea' id='block_1_76' title="bbox 285 4378 1864 4454">
    <p class='ocr_par' dir='ltr' id='par_1_76' title="bbox 285 4378 1864 4454">
     <span class='ocr_line' id='line_1_76' title="bbox 285 4378 1864 4454; baseline -0.006 -16"><span class='ocrx_word' id='word_1_545' title='bbox 285 4386 379 4438; x_wconf 72' lang='grc' dir='ltr'>τοῦ</span> <span class='ocrx_word' id='word_1_546' title='bbox 418 4384 640 4454; x_wconf 74' lang='grc' dir='ltr'>Ἰσραὴλ</span> <span class='ocrx_word' id='word_1_547' title='bbox 670 4384 911 4453; x_wconf 76' lang='grc' dir='ltr'>βασιλέα.</span> <span class='ocrx_word' id='word_1_548' title='bbox 958 4382 1103 4453; x_wconf 82' lang='grc' dir='ltr'>Πλὴν</span> <span class='ocrx_word' id='word_1_549' title='bbox 1142 4402 1159 4432; x_wconf 78' lang='grc' dir='ltr'><strong>ι</strong></span> <span class='ocrx_word' id='word_1_550' title='bbox 1192 4380 1644 4451; x_wconf 78' lang='grc' dir='ltr'>Αἰσχυνθήσεται,</span> <span class='ocrx_word' id='word_1_551' title='bbox 1680 4378 1864 4447; x_wconf 70' lang='grc' dir='ltr'>φησὶν,</span> 
     </span>
    </p>
   </div>
   <div class='ocr_carea' id='block_1_77' title="bbox 285 4470 1867 4547">
    <p class='ocr_par' dir='ltr' id='par_1_77' title="bbox 285 4470 1867 4547">
     <span class='ocr_line' id='line_1_77' title="bbox 285 4470 1867 4547; baseline -0.006 -16"><span class='ocrx_word' id='word_1_552' title='bbox 285 4480 316 4531; x_wconf 81' lang='lat'><strong>6</strong></span> <span class='ocrx_word' id='word_1_553' title='bbox 355 4476 577 4547; x_wconf 74' lang='grc' dir='ltr'>Ἰσραὴλ</span> <span class='ocrx_word' id='word_1_554' title='bbox 628 4477 718 4529; x_wconf 65' lang='grc' dir='ltr'>ἐπὶ</span> <span class='ocrx_word' id='word_1_555' title='bbox 746 4479 868 4539; x_wconf 81' lang='grc' dir='ltr'>ταῖς</span> <span class='ocrx_word' id='word_1_556' title='bbox 899 4474 1096 4529; x_wconf 78' lang='grc' dir='ltr'>ἑαυτοῦ</span> <span class='ocrx_word' id='word_1_557' title='bbox 1127 4474 1360 4545; x_wconf 80' lang='grc' dir='ltr'>βουλαῖς.</span> <span class='ocrx_word' id='word_1_558' title='bbox 1402 4492 1419 4524; x_wconf 75' lang='grc' dir='ltr'><strong>ι</strong></span> <span class='ocrx_word' id='word_1_559' title='bbox 1465 4473 1587 4527; x_wconf 84' lang='grc' dir='ltr'>Ὅτι</span> <span class='ocrx_word' id='word_1_560' title='bbox 1625 4472 1753 4541; x_wconf 86' lang='grc' dir='ltr'>γὰρ,</span> <span class='ocrx_word' id='word_1_561' title='bbox 1791 4470 1867 4533; x_wconf 84' lang='grc' dir='ltr'><strong>ὡς</strong></span> 
     </span>
    </p>
   </div>
   <div class='ocr_carea' id='block_1_78' title="bbox 287 4562 1866 4638">
    <p class='ocr_par' dir='ltr' id='par_1_78' title="bbox 287 4562 1866 4638">
     <span class='ocr_line' id='line_1_78' title="bbox 287 4562 1866 4638; baseline -0.005 -17"><span class='ocrx_word' id='word_1_562' title='bbox 287 4568 450 4638; x_wconf 68' lang='grc' dir='ltr'>ἔφην,</span> <span class='ocrx_word' id='word_1_563' title='bbox 486 4568 697 4638; x_wconf 82' lang='grc' dir='ltr'>ἀπέστη</span> <span class='ocrx_word' id='word_1_564' title='bbox 730 4567 827 4638; x_wconf 81' lang='grc' dir='ltr'><strong>μὲν</strong></span> <span class='ocrx_word' id='word_1_565' title='bbox 864 4566 957 4619; x_wconf 79' lang='grc' dir='ltr'>τοῦ</span> <span class='ocrx_word' id='word_1_566' title='bbox 994 4566 1172 4620; x_wconf 80' lang='grc' dir='ltr'>πάντα</span> <span class='ocrx_word' id='word_1_567' title='bbox 1204 4563 1477 4634; x_wconf 78' lang='grc' dir='ltr'>ἰσχύοντος</span> <span class='ocrx_word' id='word_1_568' title='bbox 1510 4562 1666 4625; x_wconf 82' lang='grc' dir='ltr'>Θεοῦ,</span> <span class='ocrx_word' id='word_1_569' title='bbox 1693 4562 1866 4614; x_wconf 75' lang='grc' dir='ltr'>εἵλετο</span> 
     </span>
    </p>
   </div>
   <div class='ocr_carea' id='block_1_79' title="bbox 286 4649 1862 4731">
    <p class='ocr_par' dir='ltr' id='par_1_79' title="bbox 286 4649 1862 4731">
     <span class='ocr_line' id='line_1_79' title="bbox 286 4649 1862 4731; baseline -0.006 -17"><span class='ocrx_word' id='word_1_570' title='bbox 286 4662 344 4714; x_wconf 78' lang='grc' dir='ltr'>δὲ</span> <span class='ocrx_word' id='word_1_571' title='bbox 384 4660 583 4731; x_wconf 73' lang='grc' dir='ltr'>μᾶλλον</span> <span class='ocrx_word' id='word_1_572' title='bbox 632 4658 895 4729; x_wconf 80' lang='grc' dir='ltr'>δαμάλεσι</span> <span class='ocrx_word' id='word_1_573' title='bbox 946 4658 1289 4730; x_wconf 84' lang='grc' dir='ltr'>προσκυνεῖν,</span> <span class='ocrx_word' id='word_1_574' title='bbox 1337 4654 1735 4731; x_wconf 77' lang='grc' dir='ltr'>καταγέλαστος</span> <span class='ocrx_word' id='word_1_575' title='bbox 1774 4649 1862 4724; x_wconf 82' lang='grc' dir='ltr'>ἦν,</span> 
     </span>
    </p>
   </div>
   <div class='ocr_carea' id='block_1_80' title="bbox 292 4726 1864 4821">
    <p class='ocr_par' dir='ltr' id='par_1_80' title="bbox 292 4726 1864 4821">
     <span class='ocr_line' id='line_1_80' title="bbox 292 4726 1864 4821; baseline -0.006 -17"><span class='ocrx_word' id='word_1_576' title='bbox 292 4726 768 4821; x_wconf 24' lang='grc' dir='ltr'>καὶτκατεςιωρᾶίτο</span> <span class='ocrx_word' id='word_1_577' title='bbox 802 4726 1093 4810; x_wconf 28' lang='grc' dir='ltr'>πεσὼννείς</span> <span class='ocrx_word' id='word_1_578' title='bbox 1132 4746 1376 4817; x_wconf 78' lang='grc' dir='ltr'>γραώδη,</span> <span class='ocrx_word' id='word_1_579' title='bbox 1398 4746 1492 4798; x_wconf 75' lang='grc' dir='ltr'><strong>καὶ</strong></span> <span class='ocrx_word' id='word_1_580' title='bbox 1513 4726 1747 4815; x_wconf 57' lang='grc' dir='ltr'>ψυχρὰν,</span> <span class='ocrx_word' id='word_1_581' title='bbox 1770 4745 1864 4797; x_wconf 77' lang='grc' dir='ltr'>καὶ</span> 
     </span>
    </p>
   </div>
   <div class='ocr_carea' id='block_1_81' title="bbox 289 4834 1866 4911">
    <p class='ocr_par' dir='ltr' id='par_1_81' title="bbox 289 4834 1866 4911">
     <span class='ocr_line' id='line_1_81' title="bbox 289 4834 1866 4911; baseline -0.004 -15"><span class='ocrx_word' id='word_1_582' title='bbox 289 4842 547 4911; x_wconf 80' lang='grc' dir='ltr'>ἀνόνητον</span> <span class='ocrx_word' id='word_1_583' title='bbox 593 4840 1003 4894; x_wconf 77' lang='grc' dir='ltr'>εἰκαιοϐουλίαν.</span> <span class='ocrx_word' id='word_1_584' title='bbox 1065 4838 1340 4909; x_wconf 83' lang='grc' dir='ltr'>Ἀληθεύει</span> <span class='ocrx_word' id='word_1_585' title='bbox 1373 4838 1437 4909; x_wconf 82' lang='grc' dir='ltr'>δὴ</span> <span class='ocrx_word' id='word_1_586' title='bbox 1475 4834 1567 4891; x_wconf 76' lang='grc' dir='ltr'><strong>οὖν</strong></span> <span class='ocrx_word' id='word_1_587' title='bbox 1600 4840 1628 4891; x_wconf 91' lang='lat'><strong>6</strong></span> <span class='ocrx_word' id='word_1_588' title='bbox 1662 4837 1866 4907; x_wconf 74' lang='grc' dir='ltr'>προφή-</span> 
     </span>
    </p>
   </div>
   <div class='ocr_carea' id='block_1_82' title="bbox 289 4929 1865 5005">
    <p class='ocr_par' dir='ltr' id='par_1_82' title="bbox 289 4929 1865 5005">
     <span class='ocr_line' id='line_1_82' title="bbox 289 4929 1865 5005; baseline -0.006 -16"><span class='ocrx_word' id='word_1_589' title='bbox 289 4953 412 5005; x_wconf 77' lang='grc' dir='ltr'>της,</span> <span class='ocrx_word' id='word_1_590' title='bbox 443 4935 643 5005; x_wconf 78' lang='grc' dir='ltr'>μᾶλλον</span> <span class='ocrx_word' id='word_1_591' title='bbox 667 4934 723 4987; x_wconf 81' lang='grc' dir='ltr'>δὲ</span> <span class='ocrx_word' id='word_1_592' title='bbox 754 4934 884 4997; x_wconf 80' lang='grc' dir='ltr'>Θεὸς</span> <span class='ocrx_word' id='word_1_593' title='bbox 904 4972 919 4995; x_wconf 92' lang='grc'><strong>,</strong></span> <span class='ocrx_word' id='word_1_594' title='bbox 947 4936 995 4986; x_wconf 82' lang='grc' dir='ltr'><strong>εί</strong></span> <span class='ocrx_word' id='word_1_595' title='bbox 1024 4932 1171 5001; x_wconf 81' lang='grc' dir='ltr'>λέγοι</span> <span class='ocrx_word' id='word_1_596' title='bbox 1197 4930 1285 4985; x_wconf 80' lang='grc' dir='ltr'><strong>διὰ</strong></span> <span class='ocrx_word' id='word_1_597' title='bbox 1320 4931 1501 5000; x_wconf 77' lang='grc' dir='ltr'>φωνῆς</span> <span class='ocrx_word' id='word_1_598' title='bbox 1528 4930 1699 4997; x_wconf 78' lang='grc' dir='ltr'>ἁγίων</span> <span class='ocrx_word' id='word_1_599' title='bbox 1738 4929 1865 4997; x_wconf 68' lang='grc' dir='ltr'>περ).</span> 
     </span>
    </p>
   </div>
   <div class='ocr_carea' id='block_1_83' title="bbox 288 5021 1862 5096">
    <p class='ocr_par' dir='ltr' id='par_1_83' title="bbox 288 5021 1862 5096">
     <span class='ocr_line' id='line_1_83' title="bbox 288 5021 1862 5096; baseline -0.006 -15"><span class='ocrx_word' id='word_1_600' title='bbox 288 5028 397 5081; x_wconf 85' lang='grc' dir='ltr'>τῶν</span> <span class='ocrx_word' id='word_1_601' title='bbox 428 5026 863 5096; x_wconf 78' lang='grc' dir='ltr'>λελατρευκότων</span> <span class='ocrx_word' id='word_1_602' title='bbox 895 5028 1005 5088; x_wconf 85' lang='grc' dir='ltr'>τοῖς</span> <span class='ocrx_word' id='word_1_603' title='bbox 1054 5025 1235 5096; x_wconf 71' lang='grc' dir='ltr'>ἔργοις</span> <span class='ocrx_word' id='word_1_604' title='bbox 1281 5022 1387 5076; x_wconf 82' lang='grc' dir='ltr'><strong>τῶν</strong></span> <span class='ocrx_word' id='word_1_605' title='bbox 1420 5021 1618 5092; x_wconf 79' lang='grc' dir='ltr'>χειρῶν</span> <span class='ocrx_word' id='word_1_606' title='bbox 1666 5021 1862 5083; x_wconf 83' lang='grc' dir='ltr'>αὐτῶν,</span> 
     </span>
    </p>
   </div>
   <div class='ocr_carea' id='block_1_84' title="bbox 302 5113 1867 5187">
    <p class='ocr_par' dir='ltr' id='par_1_84' title="bbox 302 5113 1867 5187">
     <span class='ocr_line' id='line_1_84' title="bbox 302 5113 1867 5187; baseline -0.004 -17"><span class='ocrx_word' id='word_1_607' title='bbox 302 5138 318 5170; x_wconf 82' lang='grc' dir='ltr'><strong>ι</strong></span> <span class='ocrx_word' id='word_1_608' title='bbox 354 5120 520 5174; x_wconf 78' lang='grc' dir='ltr'>Ἴδετε</span> <span class='ocrx_word' id='word_1_609' title='bbox 565 5119 649 5172; x_wconf 69' lang='grc' dir='ltr'>ὅτι</span> <span class='ocrx_word' id='word_1_610' title='bbox 711 5117 900 5181; x_wconf 79' lang='grc' dir='ltr'>σποδὸς</span> <span class='ocrx_word' id='word_1_611' title='bbox 947 5119 981 5187; x_wconf 78' lang='grc' dir='ltr'>ἡ</span> <span class='ocrx_word' id='word_1_612' title='bbox 1028 5116 1224 5187; x_wconf 82' lang='grc' dir='ltr'>καρδία</span> <span class='ocrx_word' id='word_1_613' title='bbox 1272 5113 1481 5178; x_wconf 64' lang='grc' dir='ltr'>αὐτῶν,</span> <span class='ocrx_word' id='word_1_614' title='bbox 1519 5132 1537 5164; x_wconf 73' lang='grc' dir='ltr'><strong>ι</strong></span> <span class='ocrx_word' id='word_1_615' title='bbox 1588 5114 1683 5167; x_wconf 75' lang='grc' dir='ltr'><strong>καὶ</strong></span> <span class='ocrx_word' id='word_1_616' title='bbox 1736 5113 1867 5165; x_wconf 84' lang='grc' dir='ltr'>πλα-</span> 
     </span>
    </p>
   </div>
   <div class='ocr_carea' id='block_1_85' title="bbox 294 5211 513 5269">
    <p class='ocr_par' dir='ltr' id='par_1_85' title="bbox 294 5211 513 5269">
     <span class='ocr_line' id='line_1_85' title="bbox 294 5211 513 5269; baseline 0.018 -5"><span class='ocrx_word' id='word_1_617' title='bbox 294 5211 513 5269; x_wconf 62' lang='lat' dir='ltr'><strong>vii-nat.</strong></span> 
     </span>
    </p>
   </div>
   <div class='ocr_carea' id='block_1_86' title="bbox 376 5295 1867 5372">
    <p class='ocr_par' dir='ltr' id='par_1_86' title="bbox 376 5295 1867 5372">
     <span class='ocr_line' id='line_1_86' title="bbox 376 5295 1867 5372; baseline -0.004 -18"><span class='ocrx_word' id='word_1_618' title='bbox 376 5302 662 5372; x_wconf 75' lang='grc' dir='ltr'>’Δρμόσειε</span> <span class='ocrx_word' id='word_1_619' title='bbox 705 5301 750 5354; x_wconf 74' lang='grc' dir='ltr'>δ’</span> <span class='ocrx_word' id='word_1_620' title='bbox 794 5298 860 5353; x_wconf 84' lang='grc' dir='ltr'><strong>ἂν</strong></span> <span class='ocrx_word' id='word_1_621' title='bbox 907 5302 934 5353; x_wconf 86' lang='grc' dir='ltr'><strong>ό</strong></span> <span class='ocrx_word' id='word_1_622' title='bbox 978 5300 1133 5368; x_wconf 87' lang='grc' dir='ltr'>λόγος</span> <span class='ocrx_word' id='word_1_623' title='bbox 1175 5300 1266 5353; x_wconf 76' lang='grc' dir='ltr'><strong>καὶ</strong></span> <span class='ocrx_word' id='word_1_624' title='bbox 1318 5302 1425 5362; x_wconf 83' lang='grc' dir='ltr'>τοῖς</span> <span class='ocrx_word' id='word_1_625' title='bbox 1484 5299 1552 5351; x_wconf 70' lang='grc' dir='ltr'>τὰ</span> <span class='ocrx_word' id='word_1_626' title='bbox 1596 5295 1730 5366; x_wconf 81' lang='grc' dir='ltr'>ὀρθὰ</span> <span class='ocrx_word' id='word_1_627' title='bbox 1772 5296 1867 5366; x_wconf 72' lang='grc' dir='ltr'>τῆς</span> 
     </span>
    </p>
   </div>
   <div class='ocr_carea' id='block_1_87' title="bbox 301 5388 1865 5465">
    <p class='ocr_par' dir='ltr' id='par_1_87' title="bbox 301 5388 1865 5465">
     <span class='ocr_line' id='line_1_87' title="bbox 301 5388 1865 5465; baseline -0.004 -16"><span class='ocrx_word' id='word_1_628' title='bbox 301 5393 637 5463; x_wconf 79' lang='grc' dir='ltr'>Ἑκκλησίας</span> <span class='ocrx_word' id='word_1_629' title='bbox 672 5393 1008 5465; x_wconf 86' lang='grc' dir='ltr'>παραλύουσι</span> <span class='ocrx_word' id='word_1_630' title='bbox 1043 5393 1309 5463; x_wconf 84' lang='grc' dir='ltr'>δόγματα.</span> <span class='ocrx_word' id='word_1_631' title='bbox 1342 5393 1553 5462; x_wconf 84' lang='grc' dir='ltr'>Ὥσπερ</span> <span class='ocrx_word' id='word_1_632' title='bbox 1578 5390 1687 5459; x_wconf 74' lang='grc' dir='ltr'><strong>γὰρ</strong></span> <span class='ocrx_word' id='word_1_633' title='bbox 1713 5390 1745 5458; x_wconf 77' lang='grc' dir='ltr'><strong>ἡ</strong></span> <span class='ocrx_word' id='word_1_634' title='bbox 1772 5388 1865 5442; x_wconf 79' lang='grc' dir='ltr'><strong>δά-</strong></span> 
     </span>
    </p>
   </div>
   <div class='ocr_carea' id='block_1_88' title="bbox 293 5480 1870 5558">
    <p class='ocr_par' dir='ltr' id='par_1_88' title="bbox 293 5480 1870 5558">
     <span class='ocr_line' id='line_1_88' title="bbox 293 5480 1870 5558; baseline -0.004 -20"><span class='ocrx_word' id='word_1_635' title='bbox 293 5485 458 5556; x_wconf 82' lang='grc' dir='ltr'>μαλις</span> <span class='ocrx_word' id='word_1_636' title='bbox 500 5485 897 5557; x_wconf 78' lang='grc' dir='ltr'>συντριϐομένη</span> <span class='ocrx_word' id='word_1_637' title='bbox 950 5486 1047 5558; x_wconf 76' lang='grc' dir='ltr'><strong>τὴν</strong></span> <span class='ocrx_word' id='word_1_638' title='bbox 1098 5485 1191 5541; x_wconf 74' lang='grc' dir='ltr'>τοῦ</span> <span class='ocrx_word' id='word_1_639' title='bbox 1238 5485 1455 5555; x_wconf 80' lang='grc' dir='ltr'>Ἰσραὴλ</span> <span class='ocrx_word' id='word_1_640' title='bbox 1511 5480 1735 5555; x_wconf 70' lang='grc' dir='ltr'>ἤλεγξεν</span> <span class='ocrx_word' id='word_1_641' title='bbox 1794 5483 1870 5533; x_wconf 79' lang='grc' dir='ltr'><strong>εἰ·</strong></span> 
     </span>
    </p>
   </div>
   <div class='ocr_carea' id='block_1_89' title="bbox 291 5573 1868 5646">
    <p class='ocr_par' dir='ltr' id='par_1_89' title="bbox 291 5573 1868 5646">
     <span class='ocr_line' id='line_1_89' title="bbox 291 5573 1868 5646; baseline -0.005 -17"><span class='ocrx_word' id='word_1_642' title='bbox 291 5576 626 5646; x_wconf 81' lang='grc' dir='ltr'>καιολογίαν,</span> <span class='ocrx_word' id='word_1_643' title='bbox 692 5576 834 5630; x_wconf 66' lang='grc' dir='ltr'>οὕτω</span> <span class='ocrx_word' id='word_1_644' title='bbox 891 5578 981 5631; x_wconf 67' lang='grc' dir='ltr'><strong>καὶ</strong></span> <span class='ocrx_word' id='word_1_645' title='bbox 1044 5577 1110 5630; x_wconf 65' lang='grc' dir='ltr'>τὰ</span> <span class='ocrx_word' id='word_1_646' title='bbox 1174 5576 1397 5629; x_wconf 73' lang='grc' dir='ltr'>ἐκείνων</span> <span class='ocrx_word' id='word_1_647' title='bbox 1450 5575 1690 5642; x_wconf 72' lang='grc' dir='ltr'>δόγματα</span> <span class='ocrx_word' id='word_1_648' title='bbox 1755 5573 1868 5632; x_wconf 79' lang='grc' dir='ltr'>ταῖς</span> 
     </span>
    </p>
   </div>
   <div class='ocr_carea' id='block_1_90' title="bbox 377 5752 823 5823">
    <p class='ocr_par' dir='ltr' id='par_1_90' title="bbox 377 5752 823 5823">
     <span class='ocr_line' id='line_1_90' title="bbox 377 5752 823 5823; baseline -0.009 -16"><span class='ocrx_word' id='word_1_649' title='bbox 377 5754 426 5783; x_wconf 73' lang='grc'><strong>⁸⁹</strong></span> <span class='ocrx_word' id='word_1_650' title='bbox 455 5752 582 5823; x_wconf 85' lang='lat' dir='ltr'><strong>Sap.</strong></span> <span class='ocrx_word' id='word_1_651' title='bbox 619 5767 708 5817; x_wconf 76' lang='lat' dir='ltr'><strong>xv,</strong></span> <span class='ocrx_word' id='word_1_652' title='bbox 745 5754 823 5805; x_wconf 70' lang='lat'><strong>10.</strong></span> 
     </span>
    </p>
   </div>
   <div class='ocr_carea' id='block_1_91' title="bbox 1963 3272 3536 3343">
    <p class='ocr_par' dir='ltr' id='par_1_91' title="bbox 1963 3272 3536 3343">
     <span class='ocr_line' id='line_1_91' title="bbox 1963 3272 3536 3343; baseline 0.002 -17"><span class='ocrx_word' id='word_1_653' title='bbox 1963 3274 2206 3343; x_wconf 72' lang='lat' dir='ltr'><strong>Assyrios</strong></span> <span class='ocrx_word' id='word_1_654' title='bbox 2237 3273 2453 3343; x_wconf 82' lang='lat' dir='ltr'><strong>ligatum</strong></span> <span class='ocrx_word' id='word_1_655' title='bbox 2501 3272 2828 3327; x_wconf 78' lang='lat' dir='ltr'><strong>abduxerunt</strong></span> <span class='ocrx_word' id='word_1_656' title='bbox 2856 3288 3075 3327; x_wconf 84' lang='lat' dir='ltr'><strong>munera</strong></span> <span class='ocrx_word' id='word_1_657' title='bbox 3114 3274 3222 3342; x_wconf 78' lang='lat' dir='ltr'><strong>regi</strong></span> <span class='ocrx_word' id='word_1_658' title='bbox 3252 3274 3442 3328; x_wconf 78' lang='lat' dir='ltr'><strong>larim.</strong></span> <span class='ocrx_word' id='word_1_659' title='bbox 3469 3275 3536 3329; x_wconf 84' lang='lat' dir='ltr'><strong>In</strong></span> 
     </span>
    </p>
   </div>
   <div class='ocr_carea' id='block_1_92' title="bbox 1964 3362 3537 3435">
    <p class='ocr_par' dir='ltr' id='par_1_92' title="bbox 1964 3362 3537 3435">
     <span class='ocr_line' id='line_1_92' title="bbox 1964 3362 3537 3435; baseline -0.001 -15"><span class='ocrx_word' id='word_1_660' title='bbox 1964 3369 2100 3421; x_wconf 89' lang='lat' dir='ltr'><strong>dono</strong></span> <span class='ocrx_word' id='word_1_661' title='bbox 2146 3364 2401 3435; x_wconf 79' lang='lat' dir='ltr'><strong>Ephmt&#39;m</strong></span> <span class='ocrx_word' id='word_1_662' title='bbox 2446 3365 2731 3433; x_wconf 76' lang='lat' dir='ltr'><strong>suscipiet;</strong></span> <span class='ocrx_word' id='word_1_663' title='bbox 2763 3373 2813 3419; x_wconf 88' lang='lat' dir='ltr'><strong>et</strong></span> <span class='ocrx_word' id='word_1_664' title='bbox 2857 3363 3210 3432; x_wconf 76' lang='lat' dir='ltr'><strong>confundetur</strong></span> <span class='ocrx_word' id='word_1_665' title='bbox 3268 3362 3435 3419; x_wconf 76' lang='lat' dir='ltr'><strong>Israel</strong></span> <span class='ocrx_word' id='word_1_666' title='bbox 3482 3366 3537 3419; x_wconf 82' lang='lat' dir='ltr'><strong>in</strong></span> 
     </span>
    </p>
   </div>
   <div class='ocr_carea' id='block_1_93' title="bbox 1964 3459 2347 3513">
    <p class='ocr_par' dir='ltr' id='par_1_93' title="bbox 1964 3459 2347 3513">
     <span class='ocr_line' id='line_1_93' title="bbox 1964 3459 2347 3513; baseline 0.003 -2"><span class='ocrx_word' id='word_1_667' title='bbox 1964 3459 2184 3513; x_wconf 81' lang='lat' dir='ltr'><strong>consilio</strong></span> <span class='ocrx_word' id='word_1_668' title='bbox 2235 3475 2347 3512; x_wconf 82' lang='lat' dir='ltr'><strong>suo.</strong></span> 
     </span>
    </p>
   </div>
   <div class='ocr_carea' id='block_1_94' title="bbox 2033 3545 3537 3620">
    <p class='ocr_par' dir='ltr' id='par_1_94' title="bbox 2033 3545 3537 3620">
     <span class='ocr_line' id='line_1_94' title="bbox 2033 3545 3537 3620; baseline -0.001 -14"><span class='ocrx_word' id='word_1_669' title='bbox 2033 3549 2194 3606; x_wconf 78' lang='lat' dir='ltr'><strong>CXV.</strong></span> <span class='ocrx_word' id='word_1_670' title='bbox 2259 3549 2506 3620; x_wconf 85' lang='lat' dir='ltr'><strong>Seipsum</strong></span> <span class='ocrx_word' id='word_1_671' title='bbox 2574 3548 2731 3604; x_wconf 91' lang='lat' dir='ltr'><strong>nobis</strong></span> <span class='ocrx_word' id='word_1_672' title='bbox 2794 3545 3140 3619; x_wconf 87' lang='lat' dir='ltr'><strong>propheticus</strong></span> <span class='ocrx_word' id='word_1_673' title='bbox 3196 3562 3403 3603; x_wconf 72' lang='lat' dir='ltr'><strong>sermo.</strong></span> <span class='ocrx_word' id='word_1_674' title='bbox 3440 3564 3537 3605; x_wconf 82' lang='lat' dir='ltr'><strong>ex-</strong></span> 
     </span>
    </p>
   </div>
   <div class='ocr_carea' id='block_1_95' title="bbox 1966 3635 3536 3710">
    <p class='ocr_par' dir='ltr' id='par_1_95' title="bbox 1966 3635 3536 3710">
     <span class='ocr_line' id='line_1_95' title="bbox 1966 3635 3536 3710; baseline 0.001 -17"><span class='ocrx_word' id='word_1_675' title='bbox 1966 3641 2167 3710; x_wconf 89' lang='lat' dir='ltr'><strong>planat.</strong></span> <span class='ocrx_word' id='word_1_676' title='bbox 2230 3638 2382 3706; x_wconf 86' lang='lat' dir='ltr'><strong>Quod</strong></span> <span class='ocrx_word' id='word_1_677' title='bbox 2433 3639 2579 3693; x_wconf 89' lang='lat' dir='ltr'><strong>enim</strong></span> <span class='ocrx_word' id='word_1_678' title='bbox 2636 3637 2773 3692; x_wconf 83' lang='lat' dir='ltr'><strong>dixit</strong></span> <span class='ocrx_word' id='word_1_679' title='bbox 2852 3635 3181 3702; x_wconf 89' lang='lat' dir='ltr'><strong>involutius,</strong></span> <span class='ocrx_word' id='word_1_680' title='bbox 3236 3638 3336 3694; x_wconf 83' lang='lat' dir='ltr'><strong>hoc</strong></span> <span class='ocrx_word' id='word_1_681' title='bbox 3386 3640 3536 3695; x_wconf 79' lang='lat' dir='ltr'><strong>evol—</strong></span> 
     </span>
    </p>
   </div>
   <div class='ocr_carea' id='block_1_96' title="bbox 1966 3730 3537 3800">
    <p class='ocr_par' dir='ltr' id='par_1_96' title="bbox 1966 3730 3537 3800">
     <span class='ocr_line' id='line_1_96' title="bbox 1966 3730 3537 3800; baseline 0.003 -17"><span class='ocrx_word' id='word_1_682' title='bbox 1966 3746 2090 3787; x_wconf 90' lang='lat' dir='ltr'><strong>vere</strong></span> <span class='ocrx_word' id='word_1_683' title='bbox 2115 3731 2325 3787; x_wconf 90' lang='lat' dir='ltr'><strong>nititur.</strong></span> <span class='ocrx_word' id='word_1_684' title='bbox 2392 3730 2711 3786; x_wconf 88' lang='lat' dir='ltr'><strong>Translatus</strong></span> <span class='ocrx_word' id='word_1_685' title='bbox 2738 3737 2825 3785; x_wconf 89' lang='lat' dir='ltr'><strong>est</strong></span> <span class='ocrx_word' id='word_1_686' title='bbox 2873 3730 3071 3800; x_wconf 86' lang='lat' dir='ltr'><strong>quippe</strong></span> <span class='ocrx_word' id='word_1_687' title='bbox 3107 3730 3304 3786; x_wconf 87' lang='lat' dir='ltr'><strong>vitulus</strong></span> <span class='ocrx_word' id='word_1_688' title='bbox 3334 3733 3402 3787; x_wconf 85' lang='lat' dir='ltr'><strong>ab</strong></span> <span class='ocrx_word' id='word_1_689' title='bbox 3458 3734 3537 3787; x_wconf 93' lang='lat' dir='ltr'><strong>ls-</strong></span> 
     </span>
    </p>
   </div>
   <div class='ocr_carea' id='block_1_97' title="bbox 1970 3822 3541 3896">
    <p class='ocr_par' dir='ltr' id='par_1_97' title="bbox 1970 3822 3541 3896">
     <span class='ocr_line' id='line_1_97' title="bbox 1970 3822 3541 3896; baseline 0.002 -19"><span class='ocrx_word' id='word_1_690' title='bbox 1970 3823 2096 3890; x_wconf 88' lang='lat' dir='ltr'><strong>rael,</strong></span> <span class='ocrx_word' id='word_1_691' title='bbox 2129 3832 2181 3879; x_wconf 89' lang='lat' dir='ltr'><strong>et</strong></span> <span class='ocrx_word' id='word_1_692' title='bbox 2210 3823 2431 3895; x_wconf 84' lang='lat' dir='ltr'><strong>ligatum</strong></span> <span class='ocrx_word' id='word_1_693' title='bbox 2466 3838 2588 3880; x_wconf 89' lang='lat' dir='ltr'><strong>eum</strong></span> <span class='ocrx_word' id='word_1_694' title='bbox 2622 3823 2878 3895; x_wconf 89' lang='lat' dir='ltr'><strong>(joeatur</strong></span> <span class='ocrx_word' id='word_1_695' title='bbox 2899 3822 3041 3879; x_wconf 88' lang='lat' dir='ltr'><strong>enim</strong></span> <span class='ocrx_word' id='word_1_696' title='bbox 3074 3822 3274 3879; x_wconf 88' lang='lat' dir='ltr'><strong>festive</strong></span> <span class='ocrx_word' id='word_1_697' title='bbox 3307 3826 3541 3896; x_wconf 80' lang='lat' dir='ltr'><strong>prophe-</strong></span> 
     </span>
    </p>
   </div>
   <div class='ocr_carea' id='block_1_98' title="bbox 1968 3916 3539 3988">
    <p class='ocr_par' dir='ltr' id='par_1_98' title="bbox 1968 3916 3539 3988">
     <span class='ocr_line' id='line_1_98' title="bbox 1968 3916 3539 3988; baseline 0.001 -18"><span class='ocrx_word' id='word_1_698' title='bbox 1968 3916 2060 3986; x_wconf 89' lang='lat' dir='ltr'><strong>ta)</strong></span> <span class='ocrx_word' id='word_1_699' title='bbox 2095 3925 2438 3985; x_wconf 88' lang='lat' dir='ltr'><strong>asportarunt</strong></span> <span class='ocrx_word' id='word_1_700' title='bbox 2463 3932 2560 3986; x_wconf 93' lang='lat' dir='ltr'><strong>pro</strong></span> <span class='ocrx_word' id='word_1_701' title='bbox 2601 3932 2820 3973; x_wconf 89' lang='lat' dir='ltr'><strong>munere</strong></span> <span class='ocrx_word' id='word_1_702' title='bbox 2858 3917 2971 3988; x_wconf 89' lang='lat' dir='ltr'><strong>regi</strong></span> <span class='ocrx_word' id='word_1_703' title='bbox 3009 3917 3191 3983; x_wconf 86' lang='lat' dir='ltr'><strong>larim,</strong></span> <span class='ocrx_word' id='word_1_704' title='bbox 3256 3919 3357 3973; x_wconf 89' lang='lat' dir='ltr'><strong>boc</strong></span> <span class='ocrx_word' id='word_1_705' title='bbox 3412 3928 3539 3983; x_wconf 88' lang='lat' dir='ltr'><strong>est,</strong></span> 
     </span>
    </p>
   </div>
   <div class='ocr_carea' id='block_1_99' title="bbox 1968 4008 3539 4074">
    <p class='ocr_par' dir='ltr' id='par_1_99' title="bbox 1968 4008 3539 4074">
     <span class='ocr_line' id='line_1_99' title="bbox 1968 4008 3539 4074; baseline 0.001 -13"><span class='ocrx_word' id='word_1_706' title='bbox 1968 4008 2148 4064; x_wconf 89' lang='lat' dir='ltr'><strong>ultori.</strong></span> <span class='ocrx_word' id='word_1_707' title='bbox 2186 4009 2418 4064; x_wconf 87' lang='lat' dir='ltr'><strong>Vocatus</strong></span> <span class='ocrx_word' id='word_1_708' title='bbox 2449 4009 2590 4063; x_wconf 90' lang='lat' dir='ltr'><strong>enim</strong></span> <span class='ocrx_word' id='word_1_709' title='bbox 2623 4008 2799 4063; x_wconf 91' lang='lat' dir='ltr'><strong>fuerat</strong></span> <span class='ocrx_word' id='word_1_710' title='bbox 2833 4010 2901 4064; x_wconf 88' lang='lat' dir='ltr'><strong>ad</strong></span> <span class='ocrx_word' id='word_1_711' title='bbox 2954 4009 3235 4074; x_wconf 76' lang='lat' dir='ltr'><strong>auxilium,</strong></span> <span class='ocrx_word' id='word_1_712' title='bbox 3286 4019 3340 4064; x_wconf 89' lang='lat' dir='ltr'><strong>et</strong></span> <span class='ocrx_word' id='word_1_713' title='bbox 3374 4009 3539 4063; x_wconf 87' lang='lat' dir='ltr'><strong>veluti</strong></span> 
     </span>
    </p>
   </div>
   <div class='ocr_carea' id='block_1_100' title="bbox 1967 4099 3537 4171">
    <p class='ocr_par' dir='ltr' id='par_1_100' title="bbox 1967 4099 3537 4171">
     <span class='ocr_line' id='line_1_100' title="bbox 1967 4099 3537 4171; baseline 0 -18"><span class='ocrx_word' id='word_1_714' title='bbox 1967 4101 2032 4153; x_wconf 90' lang='lat' dir='ltr'><strong>ad</strong></span> <span class='ocrx_word' id='word_1_715' title='bbox 2072 4100 2443 4155; x_wconf 87' lang='lat' dir='ltr'><strong>vindicandam</strong></span> <span class='ocrx_word' id='word_1_716' title='bbox 2501 4101 2822 4166; x_wconf 85' lang='lat' dir='ltr'><strong>Samariam,</strong></span> <span class='ocrx_word' id='word_1_717' title='bbox 2875 4116 3034 4170; x_wconf 91' lang='lat' dir='ltr'><strong>quam</strong></span> <span class='ocrx_word' id='word_1_718' title='bbox 3088 4099 3209 4171; x_wconf 79' lang='lat' dir='ltr'><strong>Syri</strong></span> <span class='ocrx_word' id='word_1_719' title='bbox 3268 4101 3537 4168; x_wconf 88' lang='lat' dir='ltr'><strong>perditum</strong></span> 
     </span>
    </p>
   </div>
   <div class='ocr_carea' id='block_1_101' title="bbox 1968 4192 3535 4263">
    <p class='ocr_par' dir='ltr' id='par_1_101' title="bbox 1968 4192 3535 4263">
     <span class='ocr_line' id='line_1_101' title="bbox 1968 4192 3535 4263; baseline 0.001 -18"><span class='ocrx_word' id='word_1_720' title='bbox 1968 4193 2274 4248; x_wconf 85' lang='lat' dir='ltr'><strong>veniebant.</strong></span> <span class='ocrx_word' id='word_1_721' title='bbox 2336 4193 2441 4247; x_wconf 90' lang='lat' dir='ltr'><strong>Sed</strong></span> <span class='ocrx_word' id='word_1_722' title='bbox 2506 4194 2766 4263; x_wconf 89' lang='lat' dir='ltr'><strong>suscipiet</strong></span> <span class='ocrx_word' id='word_1_723' title='bbox 2838 4193 3053 4262; x_wconf 90' lang='lat' dir='ltr'><strong>quidem</strong></span> <span class='ocrx_word' id='word_1_724' title='bbox 3123 4192 3322 4247; x_wconf 81' lang='lat' dir='ltr'><strong>Pliulas</strong></span> <span class='ocrx_word' id='word_1_725' title='bbox 3396 4194 3535 4247; x_wconf 92' lang='lat' dir='ltr'><strong>vitu-</strong></span> 
     </span>
    </p>
   </div>
   <div class='ocr_carea' id='block_1_102' title="bbox 1973 4284 3536 4355">
    <p class='ocr_par' dir='ltr' id='par_1_102' title="bbox 1973 4284 3536 4355">
     <span class='ocr_line' id='line_1_102' title="bbox 1973 4284 3536 4355; baseline 0.002 -18"><span class='ocrx_word' id='word_1_726' title='bbox 1973 4286 2079 4338; x_wconf 88' lang='lat' dir='ltr'><strong>lum</strong></span> <span class='ocrx_word' id='word_1_727' title='bbox 2154 4295 2211 4338; x_wconf 90' lang='lat' dir='ltr'><strong>nt</strong></span> <span class='ocrx_word' id='word_1_728' title='bbox 2276 4287 2476 4338; x_wconf 91' lang='lat' dir='ltr'><strong>donum</strong></span> <span class='ocrx_word' id='word_1_729' title='bbox 2528 4284 2829 4353; x_wconf 87' lang='lat' dir='ltr'><strong>Ephraim,</strong></span> <span class='ocrx_word' id='word_1_730' title='bbox 2884 4299 2913 4337; x_wconf 93' lang='lat' dir='ltr'><strong>a</strong></span> <span class='ocrx_word' id='word_1_731' title='bbox 2984 4299 3107 4355; x_wconf 88' lang='lat' dir='ltr'><strong>rege</strong></span> <span class='ocrx_word' id='word_1_732' title='bbox 3165 4284 3328 4341; x_wconf 87' lang='lat' dir='ltr'><strong>Israel</strong></span> <span class='ocrx_word' id='word_1_733' title='bbox 3381 4286 3536 4340; x_wconf 89' lang='lat' dir='ltr'><strong>vide-</strong></span> 
     </span>
    </p>
   </div>
   <div class='ocr_carea' id='block_1_103' title="bbox 1970 4375 3538 4446">
    <p class='ocr_par' dir='ltr' id='par_1_103' title="bbox 1970 4375 3538 4446">
     <span class='ocr_line' id='line_1_103' title="bbox 1970 4375 3538 4446; baseline 0.001 -16"><span class='ocrx_word' id='word_1_734' title='bbox 1970 4378 2125 4444; x_wconf 87' lang='lat' dir='ltr'><strong>licet;</strong></span> <span class='ocrx_word' id='word_1_735' title='bbox 2169 4377 2518 4432; x_wconf 81' lang='lat' dir='ltr'><strong>nihilominus</strong></span> <span class='ocrx_word' id='word_1_736' title='bbox 2552 4396 2570 4428; x_wconf 85' lang='grc' dir='ltr'><strong>ι</strong></span> <span class='ocrx_word' id='word_1_737' title='bbox 2609 4375 2973 4431; x_wconf 87' lang='lat' dir='ltr'><strong>confundetur</strong></span> <span class='ocrx_word' id='word_1_738' title='bbox 3000 4375 3184 4441; x_wconf 83' lang='lat' dir='ltr'><strong>lsrael,</strong></span> <span class='ocrx_word' id='word_1_739' title='bbox 3224 4376 3416 4446; x_wconf 85' lang='lat' dir='ltr'><strong>inquit,</strong></span> <span class='ocrx_word' id='word_1_740' title='bbox 3484 4379 3538 4431; x_wconf 91' lang='lat' dir='ltr'><strong>in</strong></span> 
     </span>
    </p>
   </div>
   <div class='ocr_carea' id='block_1_104' title="bbox 1972 4468 3542 4536">
    <p class='ocr_par' dir='ltr' id='par_1_104' title="bbox 1972 4468 3542 4536">
     <span class='ocr_line' id='line_1_104' title="bbox 1972 4468 3542 4536; baseline -0.003 -10"><span class='ocrx_word' id='word_1_741' title='bbox 1972 4470 2213 4526; x_wconf 85' lang='lat' dir='ltr'><strong>consiliis</strong></span> <span class='ocrx_word' id='word_1_742' title='bbox 2247 4470 2377 4525; x_wconf 74' lang='lat' dir='ltr'><strong>suis.</strong></span> <span class='ocrx_word' id='word_1_743' title='bbox 2419 4489 2437 4521; x_wconf 75' lang='grc' dir='ltr'><strong>ι</strong></span> <span class='ocrx_word' id='word_1_744' title='bbox 2468 4469 2729 4536; x_wconf 83' lang='lat' dir='ltr'><strong>Quoniam</strong></span> <span class='ocrx_word' id='word_1_745' title='bbox 2784 4468 2949 4536; x_wconf 94' lang='lat' dir='ltr'><strong>enim,</strong></span> <span class='ocrx_word' id='word_1_746' title='bbox 2981 4477 3036 4522; x_wconf 90' lang='lat' dir='ltr'><strong>ut</strong></span> <span class='ocrx_word' id='word_1_747' title='bbox 3064 4469 3193 4534; x_wconf 81' lang='lat' dir='ltr'><strong>dixi,</strong></span> <span class='ocrx_word' id='word_1_748' title='bbox 3230 4469 3298 4523; x_wconf 87' lang='lat' dir='ltr'><strong>ab</strong></span> <span class='ocrx_word' id='word_1_749' title='bbox 3353 4468 3542 4525; x_wconf 86' lang='lat' dir='ltr'><strong>Omni-</strong></span> 
     </span>
    </p>
   </div>
   <div class='ocr_carea' id='block_1_105' title="bbox 1974 4559 3541 4631">
    <p class='ocr_par' dir='ltr' id='par_1_105' title="bbox 1974 4559 3541 4631">
     <span class='ocr_line' id='line_1_105' title="bbox 1974 4559 3541 4631; baseline -0.003 -16"><span class='ocrx_word' id='word_1_750' title='bbox 1974 4570 2189 4631; x_wconf 88' lang='lat' dir='ltr'><strong>potentc</strong></span> <span class='ocrx_word' id='word_1_751' title='bbox 2219 4560 2465 4624; x_wconf 80' lang='lat' dir='ltr'><strong>descivit,</strong></span> <span class='ocrx_word' id='word_1_752' title='bbox 2496 4570 2548 4615; x_wconf 88' lang='lat' dir='ltr'><strong>et</strong></span> <span class='ocrx_word' id='word_1_753' title='bbox 2585 4560 2778 4614; x_wconf 82' lang='lat' dir='ltr'><strong>vitulos</strong></span> <span class='ocrx_word' id='word_1_754' title='bbox 2811 4559 3038 4614; x_wconf 90' lang='lat' dir='ltr'><strong>adorare</strong></span> <span class='ocrx_word' id='word_1_755' title='bbox 3081 4560 3289 4624; x_wconf 90' lang='lat' dir='ltr'><strong>maluit,</strong></span> <span class='ocrx_word' id='word_1_756' title='bbox 3339 4561 3541 4614; x_wconf 87' lang='lat' dir='ltr'><strong>ridicu-</strong></span> 
     </span>
    </p>
   </div>
   <div class='ocr_carea' id='block_1_106' title="bbox 1972 4651 3544 4725">
    <p class='ocr_par' dir='ltr' id='par_1_106' title="bbox 1972 4651 3544 4725">
     <span class='ocr_line' id='line_1_106' title="bbox 1972 4651 3544 4725; baseline -0.003 -17"><span class='ocrx_word' id='word_1_757' title='bbox 1972 4656 2055 4708; x_wconf 81' lang='lat' dir='ltr'><strong>lus</strong></span> <span class='ocrx_word' id='word_1_758' title='bbox 2086 4654 2205 4715; x_wconf 84' lang='lat' dir='ltr'><strong>fuit.</strong></span> <span class='ocrx_word' id='word_1_759' title='bbox 2241 4652 2395 4725; x_wconf 70' lang='grc'><strong>147</strong></span> <span class='ocrx_word' id='word_1_760' title='bbox 2434 4662 2487 4706; x_wconf 75' lang='lat' dir='ltr'><strong>et</strong></span> <span class='ocrx_word' id='word_1_761' title='bbox 2520 4654 2572 4707; x_wconf 91' lang='lat' dir='ltr'><strong>in</strong></span> <span class='ocrx_word' id='word_1_762' title='bbox 2600 4651 2815 4718; x_wconf 88' lang='lat' dir='ltr'><strong>anilem,</strong></span> <span class='ocrx_word' id='word_1_763' title='bbox 2848 4652 3103 4722; x_wconf 89' lang='lat' dir='ltr'><strong>ineptam,</strong></span> <span class='ocrx_word' id='word_1_764' title='bbox 3140 4652 3383 4716; x_wconf 74' lang='lat' dir='ltr'><strong>inutilem</strong></span> <span class='ocrx_word' id='word_1_765' title='bbox 3418 4668 3544 4706; x_wconf 75' lang='lat' dir='ltr'><strong>ron-</strong></span> 
     </span>
    </p>
   </div>
   <div class='ocr_carea' id='block_1_107' title="bbox 1973 4744 3542 4813">
    <p class='ocr_par' dir='ltr' id='par_1_107' title="bbox 1973 4744 3542 4813">
     <span class='ocr_line' id='line_1_107' title="bbox 1973 4744 3542 4813; baseline -0.002 -12"><span class='ocrx_word' id='word_1_766' title='bbox 1973 4747 2078 4801; x_wconf 90' lang='lat' dir='ltr'><strong>silii</strong></span> <span class='ocrx_word' id='word_1_767' title='bbox 2137 4748 2426 4800; x_wconf 85' lang='lat' dir='ltr'><strong>vanitatem</strong></span> <span class='ocrx_word' id='word_1_768' title='bbox 2478 4746 2679 4800; x_wconf 82' lang='lat' dir='ltr'><strong>abiisse</strong></span> <span class='ocrx_word' id='word_1_769' title='bbox 2744 4744 3110 4813; x_wconf 87' lang='lat' dir='ltr'><strong>deprehensus</strong></span> <span class='ocrx_word' id='word_1_770' title='bbox 3173 4754 3274 4800; x_wconf 88' lang='lat' dir='ltr'><strong>est.</strong></span> <span class='ocrx_word' id='word_1_771' title='bbox 3343 4744 3542 4801; x_wconf 83' lang='lat' dir='ltr'><strong>Verum</strong></span> 
     </span>
    </p>
   </div>
   <div class='ocr_carea' id='block_1_108' title="bbox 1974 4836 3545 4906">
    <p class='ocr_par' dir='ltr' id='par_1_108' title="bbox 1974 4836 3545 4906">
     <span class='ocr_line' id='line_1_108' title="bbox 1974 4836 3545 4906; baseline 0.001 -18"><span class='ocrx_word' id='word_1_772' title='bbox 1974 4838 2135 4906; x_wconf 81' lang='lat' dir='ltr'><strong>igitur</strong></span> <span class='ocrx_word' id='word_1_773' title='bbox 2167 4836 2293 4891; x_wconf 86' lang='lat' dir='ltr'><strong>dicit</strong></span> <span class='ocrx_word' id='word_1_774' title='bbox 2325 4836 2609 4905; x_wconf 81' lang='lat' dir='ltr'><strong>propin-ta,</strong></span> <span class='ocrx_word' id='word_1_775' title='bbox 2640 4836 2746 4889; x_wconf 88' lang='lat' dir='ltr'><strong>imo</strong></span> <span class='ocrx_word' id='word_1_776' title='bbox 2796 4836 2954 4899; x_wconf 87' lang='lat' dir='ltr'><strong>Deus,</strong></span> <span class='ocrx_word' id='word_1_777' title='bbox 2998 4848 3117 4889; x_wconf 91' lang='lat' dir='ltr'><strong>cum</strong></span> <span class='ocrx_word' id='word_1_778' title='bbox 3166 4850 3263 4904; x_wconf 88' lang='lat' dir='ltr'><strong>per</strong></span> <span class='ocrx_word' id='word_1_779' title='bbox 3302 4850 3363 4896; x_wconf 89' lang='lat' dir='ltr'><strong>os</strong></span> <span class='ocrx_word' id='word_1_780' title='bbox 3427 4849 3545 4890; x_wconf 86' lang='lat' dir='ltr'><strong>san-</strong></span> 
     </span>
    </p>
   </div>
   <div class='ocr_carea' id='block_1_109' title="bbox 1974 4925 3536 4995">
    <p class='ocr_par' dir='ltr' id='par_1_109' title="bbox 1974 4925 3536 4995">
     <span class='ocr_line' id='line_1_109' title="bbox 1974 4925 3536 4995; baseline -0.001 -12"><span class='ocrx_word' id='word_1_781' title='bbox 1974 4939 2180 4983; x_wconf 86' lang='lat' dir='ltr'><strong>etnrum</strong></span> <span class='ocrx_word' id='word_1_782' title='bbox 2213 4926 2341 4981; x_wconf 80' lang='lat' dir='ltr'><strong>dicit</strong></span> <span class='ocrx_word' id='word_1_783' title='bbox 2369 4927 2431 4980; x_wconf 87' lang='lat' dir='ltr'><strong>de</strong></span> <span class='ocrx_word' id='word_1_784' title='bbox 2466 4926 2963 4995; x_wconf 88' lang='lat' dir='ltr'><strong>iis,quiservierunt</strong></span> <span class='ocrx_word' id='word_1_785' title='bbox 2990 4925 3244 4995; x_wconf 88' lang='lat' dir='ltr'><strong>operibus</strong></span> <span class='ocrx_word' id='word_1_786' title='bbox 3276 4942 3536 4982; x_wconf 87' lang='lat' dir='ltr'><strong>manuum</strong></span> 
     </span>
    </p>
   </div>
   <div class='ocr_carea' id='block_1_110' title="bbox 1974 5015 3537 5084">
    <p class='ocr_par' dir='ltr' id='par_1_110' title="bbox 1974 5015 3537 5084">
     <span class='ocr_line' id='line_1_110' title="bbox 1974 5015 3537 5084; baseline -0.001 -13"><span class='ocrx_word' id='word_1_787' title='bbox 1974 5036 2237 5073; x_wconf 80' lang='lat' dir='ltr'><strong>suarum:</strong></span> <span class='ocrx_word' id='word_1_788' title='bbox 2320 5038 2337 5071; x_wconf 82' lang='grc' dir='ltr'><strong>ι</strong></span> <span class='ocrx_word' id='word_1_789' title='bbox 2397 5017 2619 5072; x_wconf 86' lang='lat' dir='ltr'><strong>Vidistis</strong></span> <span class='ocrx_word' id='word_1_790' title='bbox 2676 5016 2801 5084; x_wconf 88' lang='lat' dir='ltr'><strong>quia</strong></span> <span class='ocrx_word' id='word_1_791' title='bbox 2852 5015 2988 5071; x_wconf 88' lang='lat' dir='ltr'><strong>cinis</strong></span> <span class='ocrx_word' id='word_1_792' title='bbox 3045 5017 3206 5072; x_wconf 84' lang='lat' dir='ltr'><strong>corda</strong></span> <span class='ocrx_word' id='word_1_793' title='bbox 3237 5018 3537 5084; x_wconf 54' lang='lat' dir='ltr'><strong>coruum,»</strong></span> 
     </span>
    </p>
   </div>
   <div class='ocr_carea' id='block_1_111' title="bbox 1974 5114 2401 5167">
    <p class='ocr_par' dir='ltr' id='par_1_111' title="bbox 1974 5114 2401 5167">
     <span class='ocr_line' id='line_1_111' title="bbox 1974 5114 2401 5167; baseline 0.002 -2"><span class='ocrx_word' id='word_1_794' title='bbox 1974 5122 2028 5165; x_wconf 83' lang='lat' dir='ltr'><strong>et</strong></span> <span class='ocrx_word' id='word_1_795' title='bbox 2055 5114 2401 5167; x_wconf 84' lang='lat' dir='ltr'><strong>seducuntttr.</strong></span> 
     </span>
    </p>
   </div>
   <div class='ocr_carea' id='block_1_112' title="bbox 2041 5284 3537 5354">
    <p class='ocr_par' dir='ltr' id='par_1_112' title="bbox 2041 5284 3537 5354">
     <span class='ocr_line' id='line_1_112' title="bbox 2041 5284 3537 5354; baseline -0.006 -10"><span class='ocrx_word' id='word_1_796' title='bbox 2041 5285 2553 5343; x_wconf 75' lang='lat' dir='ltr'><strong>Accommodaliitur</strong></span> <span class='ocrx_word' id='word_1_797' title='bbox 2583 5284 2760 5337; x_wconf 86' lang='lat' dir='ltr'><strong>oratio</strong></span> <span class='ocrx_word' id='word_1_798' title='bbox 2795 5284 2956 5338; x_wconf 85' lang='lat' dir='ltr'><strong>etiam</strong></span> <span class='ocrx_word' id='word_1_799' title='bbox 3013 5284 3064 5337; x_wconf 90' lang='lat' dir='ltr'><strong>in</strong></span> <span class='ocrx_word' id='word_1_800' title='bbox 3100 5300 3194 5340; x_wconf 90' lang='lat' dir='ltr'><strong>eos</strong></span> <span class='ocrx_word' id='word_1_801' title='bbox 3245 5288 3336 5354; x_wconf 90' lang='lat' dir='ltr'><strong>qui</strong></span> <span class='ocrx_word' id='word_1_802' title='bbox 3391 5294 3537 5337; x_wconf 85' lang='lat' dir='ltr'><strong>recta</strong></span> 
     </span>
    </p>
   </div>
   <div class='ocr_carea' id='block_1_113' title="bbox 1974 5376 3545 5447">
    <p class='ocr_par' dir='ltr' id='par_1_113' title="bbox 1974 5376 3545 5447">
     <span class='ocr_line' id='line_1_113' title="bbox 1974 5376 3545 5447; baseline -0.009 -9"><span class='ocrx_word' id='word_1_803' title='bbox 1974 5381 2227 5438; x_wconf 66' lang='lat' dir='ltr'><strong>Ecclesia:</strong></span> <span class='ocrx_word' id='word_1_804' title='bbox 2240 5380 2491 5447; x_wconf 76' lang='lat' dir='ltr'><strong>dogmata</strong></span> <span class='ocrx_word' id='word_1_805' title='bbox 2512 5378 2825 5447; x_wconf 86' lang='lat' dir='ltr'><strong>depravant.</strong></span> <span class='ocrx_word' id='word_1_806' title='bbox 2848 5376 2999 5432; x_wconf 88' lang='lat' dir='ltr'><strong>Sicut</strong></span> <span class='ocrx_word' id='word_1_807' title='bbox 3022 5378 3109 5431; x_wconf 83' lang='lat' dir='ltr'><strong>cui</strong></span> <span class='ocrx_word' id='word_1_808' title='bbox 3122 5396 3168 5430; x_wconf 90' lang='grc' dir='ltr'><strong>ιιι</strong></span> <span class='ocrx_word' id='word_1_809' title='bbox 3190 5377 3387 5431; x_wconf 91' lang='lat' dir='ltr'><strong>vitulus</strong></span> <span class='ocrx_word' id='word_1_810' title='bbox 3402 5389 3545 5427; x_wconf 81' lang='lat' dir='ltr'><strong>com-</strong></span> 
     </span>
    </p>
   </div>
   <div class='ocr_carea' id='block_1_114' title="bbox 1975 5466 3541 5539">
    <p class='ocr_par' dir='ltr' id='par_1_114' title="bbox 1975 5466 3541 5539">
     <span class='ocr_line' id='line_1_114' title="bbox 1975 5466 3541 5539; baseline -0.008 -10"><span class='ocrx_word' id='word_1_811' title='bbox 1975 5478 2217 5530; x_wconf 88' lang='lat' dir='ltr'><strong>minutus</strong></span> <span class='ocrx_word' id='word_1_812' title='bbox 2241 5472 2455 5528; x_wconf 74' lang='lat' dir='ltr'><strong>lsraelis</strong></span> <span class='ocrx_word' id='word_1_813' title='bbox 2490 5470 2783 5525; x_wconf 84' lang='lat' dir='ltr'><strong>amentiam</strong></span> <span class='ocrx_word' id='word_1_814' title='bbox 2812 5470 3086 5539; x_wconf 77' lang='lat' dir='ltr'><strong>coarguit,</strong></span> <span class='ocrx_word' id='word_1_815' title='bbox 3132 5469 3201 5522; x_wconf 89' lang='lat' dir='ltr'><strong>ita</strong></span> <span class='ocrx_word' id='word_1_816' title='bbox 3235 5476 3289 5519; x_wconf 86' lang='lat' dir='ltr'><strong>ct</strong></span> <span class='ocrx_word' id='word_1_817' title='bbox 3322 5466 3541 5518; x_wconf 88' lang='lat' dir='ltr'><strong>illorum</strong></span> 
     </span>
    </p>
   </div>
   <div class='ocr_carea' id='block_1_115' title="bbox 1974 5554 3540 5636">
    <p class='ocr_par' dir='ltr' id='par_1_115' title="bbox 1974 5554 3540 5636">
     <span class='ocr_line' id='line_1_115' title="bbox 1974 5554 3540 5636; baseline -0.008 -17"><span class='ocrx_word' id='word_1_818' title='bbox 1974 5568 2223 5636; x_wconf 79' lang='lat' dir='ltr'><strong>dogmata</strong></span> <span class='ocrx_word' id='word_1_819' title='bbox 2250 5563 2688 5633; x_wconf 84' lang='lat' dir='ltr'><strong>inquisitinnilms</strong></span> <span class='ocrx_word' id='word_1_820' title='bbox 2715 5562 2969 5623; x_wconf 75' lang='lat' dir='ltr'><strong>contrita,</strong></span> <span class='ocrx_word' id='word_1_821' title='bbox 2995 5570 3048 5614; x_wconf 87' lang='lat' dir='ltr'><strong>et</strong></span> <span class='ocrx_word' id='word_1_822' title='bbox 3068 5561 3114 5613; x_wconf 89' lang='lat' dir='ltr'><strong>vi</strong></span> <span class='ocrx_word' id='word_1_823' title='bbox 3144 5554 3540 5610; x_wconf 78' lang='lat' dir='ltr'><strong>vcritatiscun-</strong></span> 
     </span>
    </p>
   </div>
  </div>
