3954 6208
250 328 353 384 249

1171 339 1724 399 COMMENTARIUS
1763 344 1829 400 IN
1873 345 2104 403 USEAM
2148 350 2587 408 PROPHETAM.

3402 355 3509 410 250

248 443 555 498 δεικνύουσι
617 449 728 509 τοῖς
772 447 1005 512 πολλοῖς.
1063 450 1256 518 Δύτοῖς
1312 455 1375 525 δὴ
1419 451 1514 510 οὖν
1559 459 1670 529 ἄρα
1719 463 1830 522 τοῖς

1940 471 2080 530 sunt,
2113 465 2298 521 dicent
2325 467 2734 536 propemodum,
2790 467 2984 537 inquit,
3038 483 3058 520 ι
3109 468 3300 524 Cadite
3347 484 3513 538 super

248 536 395 606 όρεσι
454 539 686 605 καὶτοῖς
723 538 948 609 βουνοῖς,
979 543 1037 599 ὲν
1075 542 1158 608 οἷς
1184 547 1241 599 αἰ
1289 546 1695 619 ψευδολατρίαι,
1736 553 1829 605 καὶ

250 628 340 697 τῆς
363 629 508 682 κατά
539 629 673 684 Θεοῦ
704 632 1023 700 δυσσεϐείας
1041 635 1371 705 τετόλμηται
1392 636 1462 689 τὰ
1484 639 1650 710 ὲγκλή
1661 656 1826 709 ματα,

254 719 530 790 μονονουχὶ
575 721 668 776 καὶ
713 725 918 795 ἐροῦσι,
977 726 1132 796 φησὶ,
1175 744 1194 777 ι
1234 725 1433 780 Πέσετε
1481 729 1565 796 ἐφ’
1594 730 1762 799 ἡμᾶς,
1803 749 1822 782 ι

1938 566 2060 619 nos,
2099 573 2117 605 ι
2152 566 2206 611 et
2234 558 2395 625 gladii
2427 558 2744 629 Babylonici
2779 559 3159 615 crudelitatem
3209 570 3376 629 atque
3426 577 3511 615 m-

1935 641 2190 711 gloriam,
2223 656 2276 700 et
2309 648 2706 704 intolerandam
2751 650 3030 706 miseriam
3077 641 3424 708 abductiouis
3456 652 3512 706 in

1935 737 2307 804 captivitatem
2337 744 2682 796 antevertite.

251 813 338 864 καὶ
361 810 608 880 φθάσατε
640 817 734 870 τοῦ
771 818 1113 873 Βαὸυλωνίου
1149 817 1334 890 ξίφους
1365 821 1464 891 τὴν
1501 823 1822 895 ἀγριότητα,
1865 826 2088 900 καὶτῆς
2126 833 2206 895 εἰς
2275 835 2651 904 αἰχμαλωσίαν
2694 836 3016 907 ἀπαγωγῆς
3059 836 3156 908 τὴν
3184 836 3356 891 ἀκλεᾶ
3418 837 3512 890 καὶ

252 904 524 957 δύσοιστον
552 906 864 979 ἀθλιότητα.

330 997 449 1065 Ἆρ’
501 994 575 1053 οὗ
629 1003 683 1053 οἱ
730 1001 981 1069 βουνοί,
1046 1002 1311 1072 ἥμαρτεν
1363 1005 1639 1073 Ἰσραὴλ,
1709 1006 1838 1060 ἐκεῖ

253 1088 546 1154 ἔστησαν.
591 1092 673 1144 Οὐ
705 1091 791 1160 μὴ
821 1091 1126 1160 καταλάϐῃ
1162 1093 1384 1161 αὐτοὺς
1429 1097 1499 1150 ἐν
1523 1096 1602 1162 τῷ
1621 1097 1831 1163 ﬁam-(,3

253 1181 533 1247 πόλεμος,
585 1183 683 1235 ἐπὶ
734 1185 809 1237 τὰ
860 1180 1042 1238 τέκνα
1085 1183 1195 1254 τῆς
1233 1186 1470 1253 ἀδικίας
1507 1189 1830 1244 παιδεῦσαι

253 1273 490 1338 αὐτούς.
524 1275 628 1327 Καὶ
669 1275 1164 1344 συναχθήσονται
1192 1277 1290 1331 ἐπὶ
1331 1280 1554 1346 αὐτοὺς
1589 1281 1723 1335 ,λαοί
1761 1282 1832 1336 ἐν

252 1361 328 1427 τῷ
365 1363 760 1420 παιδεύεσθαι
805 1366 1028 1432 αὐτοὺς
1069 1367 1140 1422 ἐν
1178 1369 1308 1436 ταῖς
1343 1370 1529 1425 δυσὶν
1567 1371 1830 1439 ἀδικίαις

249 1453 466 1509 αὐτῶν.

313 1548 472 1604 Ρ1Η’.
513 1547 902 1621 Πρεσὸυτέραν
949 1545 1090 1604 εἷναί
1117 1569 1270 1624 φησι,
1301 1553 1398 1623 τῆς
1440 1555 1533 1607 ἐπὶ
1563 1558 1684 1619 ταῖς
1728 1555 1826 1610 δαο

253 1638 446 1708 μαλεσι
479 1637 710 1709 πλάνης,
734 1640 832 1711 τὴν
859 1641 919 1694 ὲν
947 1641 1098 1713 όρεσί
1131 1659 1190 1695 τε
1238 1643 1332 1696 καὶ
1367 1643 1571 1714 βουνοῖς
1601 1663 1826 1717 γεγενη-

2006 1009 2171 1066 Vens.
2211 1011 2264 1077 9,
2305 1011 2388 1066 I0.
2429 1011 2510 1066 Ex
2538 1029 2638 1081 quo
2674 1015 2852 1078 colles,
2901 1018 3132 1084 peccavit
3186 1016 3356 1071 Israel
3382 1063 3394 1084 ,
3443 1019 3513 1072 ibi

1933 1111 2210 1158 steterunt.
2263 1104 2383 1158 Non
2431 1108 2826 1173 comprehendet
2875 1125 2959 1160 eos
2995 1111 3048 1162 in
3101 1110 3233 1164 colle
3289 1112 3507 1176 bellum,

1931 1208 2088 1259 super
2116 1194 2252 1262 filios
2280 1196 2574 1263 iniquitatis
2602 1199 2859 1263 corripere
2909 1202 3068 1267 ipsos.
3110 1199 3175 1252 Et
3221 1217 3510 1272 congrega-

1936 1281 2130 1334 bantur
2163 1301 2321 1350 super
2347 1302 2432 1338 cas
2477 1285 2688 1352 populi,
2737 1303 2855 1339 cum
2904 1289 3255 1356 corripiantur
3306 1291 3404 1358 ipsi
3459 1292 3513 1345 in

1937 1368 2537 1435 duabus-iniquitatibus
2563 1375 2697 1427 suis.

2005 1539 2236 1596 CXVIII.
2275 1543 2472 1598 Errore
2503 1546 2554 1598 in
2605 1545 2864 1601 colendis
2915 1547 3098 1602 vitulis
3149 1547 3511 1619 antiquiorem

1936 1645 2056 1685 esse
2106 1632 2157 1686 in
2188 1635 2456 1688 montibus
2503 1644 2557 1690 et
2598 1637 2832 1691 collibus
2891 1637 3089 1692 factam
3149 1639 3512 1696 defectionem

257 1730 422 1801 μένην
447 1729 773 1783 ἀπόστασιν.
809 1731 921 1783 Καὶ
953 1729 1083 1799 γοῦν
1107 1733 1196 1785 ὅτε
1221 1733 1320 1802 τὴν
1349 1735 1661 1806 Σαμάρειαν
1700 1754 1830 1790 κατ-

1940 1722 2192 1777 affirmat.
2228 1724 2454 1791 Quando
2483 1726 2649 1795 igitur
2694 1729 2744 1780 in
2779 1729 3087 1784 Samariam
3112 1743 3385 1787 venerunt
3415 1734 3510 1788 de—

252 1820 539 1890 ειληφασιν
584 1821 639 1873 αἱ
685 1821 817 1875 δέκα
861 1822 1063 1892 φυλαὶ,
1111 1823 1213 1893 τῆς
1271 1824 1505 1896 Ῥοϐοάμ
1559 1827 1834 1897 βασιλείας

254 1911 681 1980 ἀποσεισάμεναι
719 1911 812 1966 τδν
861 1911 1046 1982 ζυγὸν,
1080 1914 1200 1967 τότε
1238 1917 1337 1980 τὰς
1366 1917 1625 1986 δαμάλεις
1657 1921 1832 1973 εἰσκε-

253 2005 479 2073 κόμικεν
515 2002 819 2074 Ἱεροϐοάμ.
865 2005 953 2058 Ἐν
987 2005 1042 2058 δέ
1087 2023 1149 2073 γε
1180 2008 1290 2069 τοῖς
1325 2007 1716 2080 Ἰεροσολύμοις
1746 2011 1832 2064 ὃν·

251 2113 354 2158 τες,
382 2095 485 2166 τὴν
508 2099 565 2148 ὲν
595 2095 746 2166 δρεσί
774 2114 832 2148 τε
875 2097 968 2150 καί
1007 2096 1215 2166 βουνοῖς
1246 2101 1575 2170 ἐπετήδευον
1601 2103 1830 2174 πλάνην,

251 2190 366 2248 ταῖς
391 2186 713 2255 ἀλλοφύλοις
746 2185 989 2255 γυναιξὶν
1014 2188 1255 2252 εἴκοντος
1316 2191 1410 2244 καὶ
1435 2193 1828 2259 κατανεύοντος

252 2278 339 2331 τοῦ
375 2277 712 2348 Σολομῶνος,
747 2278 809 2330 τὸ
838 2279 1086 2348 τηνικάδε
1119 2281 1211 2335 καὶ
1243 2280 1458 2352 βωμοὺς
1483 2285 1830 2353 ἀνιστῶντος,

255 2371 343 2421 καὶ
386 2370 594 2438 τεμένη
637 2369 822 2422 λοιπὸν
852 2373 962 2434 τοῖς
993 2371 1216 2425 ἐκείνων
1245 2374 1601 2446 σεὸἀσμασιν.
1647 2379 1735 2442 Ἐξ
1772 2373 1834 2432 οὗ

254 2460 427 2513 τοίνυν
476 2460 851 2532 ἐπενοήθησαν
909 2462 956 2514 οἱ
1012 2462 1210 2532 βουνοὶ,
1271 2466 1364 2518 καὶ
1418 2468 1484 2520 τὰ
1537 2471 1594 2521 ὲν
1651 2472 1834 2534 αὐτοῖς

255 2552 567 2624 ἀθύρματα,
623 2554 716 2606 καὶ
745 2554 800 2605 αί
826 2553 1225 2626 ψευδολατρίαι,
1257 2557 1316 2622 ἐξ
1349 2560 1556 2613 ἐκείνου
1587 2561 1678 2614 τοῦ
1715 2581 1836 2616 και-

261 2643 349 2710 ροῦ
375 2643 824 2714 προσκέκρουκεν
850 2646 878 2697 ὁ
917 2647 1156 2718 Ἰσραήλ.
1191 2648 1457 2715 Ἔνδειξις
1482 2652 1536 2704 δὲ
1558 2655 1651 2706 καὶ
1679 2655 1836 2709 τοῦτο

258 2735 352 2804 τῆς
393 2734 545 2797 θείας
589 2736 927 2807 ἡμερότητος
984 2740 1180 2808 γένοιτ’
1220 2741 1285 2794 ἂν
1333 2744 1432 2796 οὐκ
1484 2747 1832 2817 ἁσυμφανὴς,

261 2825 377 2878 οὐδὲ
427 2827 489 2878 ὲν
544 2827 723 2898 χρόνῳ
775 2831 971 2902 μακρῷ
1031 2832 1280 2896 κολάζειν
1334 2837 1666 2908 ἀνεχομένης
1709 2840 1836 2904 τοὺς

262 2916 620 2987 ἠσεϐηκότας,
677 2919 919 2991 ἀνιείσης
959 2921 1014 2974 δὲ
1067 2924 1265 2993 μᾶλλον
1307 2928 1399 2980 καὶ
1437 2931 1835 3002 περιμενούσης

259 3007 396 3077 τάχα
422 3024 530 3062 που
555 3009 662 3063 τῶν
686 3010 1120 3083 πεπλανημένων
1148 3015 1247 3086 τὴν
1284 3018 1648 3087 μετάγνωσιν.
1681 3024 1742 3076 Οἱ
1779 3023 1833 3076 δὲ

259 3092 395 3168 ἦσαν
429 3100 794 3171 ἀπηνέστεροί
820 3120 900 3169 τε,
958 3106 1049 3158 καὶ
1104 3106 1170 3160 τὰ
1222 3107 1302 3161 ἔτι
1341 3111 1508 3180 χείρω
1554 3115 1833 3180 νοσοῦντες

257 3192 561 3260 ἡλίσκοντο.
593 3194 937 3264 Προσέθεσαν
961 3198 1068 3267 γὰρ
1097 3202 1209 3263 τοῖς
1255 3200 1460 3270 βουνοῖς
1505 3206 1599 3258 καὶ
1637 3206 1706 3259 τὰ
1740 3207 1833 3261 ἐπὶ

256 3285 372 3345 ταῖς
399 3283 702 3352 δαμάλεσιν
749 3287 880 3357 εύρή
891 3305 1057 3356 ματα.
1092 3288 1322 3354 Θύοντες
1349 3292 1406 3345 δὲ
1438 3295 1550 3356 τοῖς
1579 3295 1832 3366 δαίμοσιν

253 3373 310 3424 ὲν
335 3372 496 3442 δρεσί
525 3391 582 3426 τε
615 3375 708 3428 καὶ
737 3375 969 3445 βουνοῖς,
1002 3379 1094 3431 καὶ
1121 3379 1402 3446 δοκοῦντες
1426 3384 1670 3439 εὐσεϐεῖν
1702 3391 1831 3459 περί

251 3465 318 3516 τὰ
359 3465 591 3534 μάταια,
623 3466 765 3535 τάχα
797 3484 899 3519 που
928 3469 1017 3521 καὶ
1049 3467 1216 3540 ᾤοντο
1248 3472 1387 3526 κατά
1425 3475 1584 3542 σφᾶς,
1632 3476 1832 3546 μᾶλλον

249 3556 304 3608 δὲ
349 3558 447 3608 καὶ
491 3555 774 3627 ἀραρότως
807 3557 1074 3628 ἐνόμιζον,
1118 3561 1200 3612 ὅτι
1231 3563 1324 3614 καὶ
1361 3563 1418 3614 ἐν
1463 3563 1664 3637 βεϐαίῳ
1699 3568 1830 3638 στή-

251 3659 436 3697 σονται
466 3644 566 3713 τῆς
593 3646 913 3716 εὐημερίας,
942 3647 1156 3702 ἔσονται
1186 3649 1242 3703 δὲ
1297 3652 1392 3706 καὶ
1433 3654 1688 3723 ἀμείνους
1725 3657 1832 3712 τῶν

249 3735 684 3806 ἀνθεστηκότων,
717 3739 810 3790 καὶ
841 3739 1124 3803 ,ἀνάλωτοι
1153 3745 1266 3805 τοῖς
1316 3743 1548 3816 ἐχθροῖς.
1599 3747 1832 3819 Σύνηθες

250 3825 304 3877 δὲ
356 3829 471 3889 τοῖς
514 3828 887 3900 πλανωμένοις
938 3831 1152 3903 νόσημα
1195 3833 1372 3889 τοῦτο.
1419 3839 1527 3891 Καὶ
1569 3838 1698 3907 γοῦν
1741 3842 1830 3894 ὅτε

253 3919 562 3988 κατέϐησαν
605 3923 686 3984 εἰς
733 3922 1027 3990 Αἴγυπτον,
1061 3924 1296 3996 ἀλούσης
1328 3929 1429 3998 τῆς
1475 3928 1829 4002 Ἰερουσαλὴμ

253 4009 356 4062 ὑπὸ
378 4010 471 4062 τού
506 4011 872 4077 Βαὸυλωνίου,
905 4013 1293 4068 συνεϐούλευσε
1332 4017 1430 4087 μὲν
1475 4018 1503 4070 ὁ
1545 4021 1829 4091 προφήτης

262 4100 571 4171 Ἱερεμίας,
623 4104 921 4174 ἀπέχεσθαι
966 4106 1060 4159 τοῦ
1113 4106 1260 4160 θύειν
1311 4107 1569 4174 εἰδώλοις,
1621 4111 1707 4164 ἴνα
1745 4129 1828 4176 τις

252 4193 462 4259 γένοιτο
494 4195 661 4263 φειδῶ
689 4197 776 4246 ἐπ’
806 4197 986 4260 αὐτοῖς
1019 4197 1166 4268 παρὰ
1202 4198 1294 4250 τοῦ
1324 4197 1513 4262 σώζειν
1552 4200 1826 4269 ἰσχύοντος

253 4283 405 4337 Θεοῦ.
457 4286 524 4338 Οἱ
576 4285 633 4339 δὲ
678 4286 882 4358 ταύτης
925 4288 1084 4341 ’ἑνεκα
1137 4288 1238 4357 τῆς
1285 4289 1463 4353 αἰτίας
1510 4295 1827 4362 περιπεσεῖν

255 4375 489 4445 Ξςασκον
520 4379 633 4440 τοῖς
665 4378 879 4442 δεινοῖς,
912 4380 993 4432 ὅτι
1033 4379 1096 4449 δὴ
1125 4380 1183 4431 ού
1213 4380 1516 4450 κατέληξαν
1555 4383 1650 4436 τοῦ
1691 4385 1826 4456 πλη·
1860 4407 1904 4463 ι)

256 4469 377 4538 ροῦν
409 4468 620 4522 ἐθέλειν
639 4468 706 4522 τὰ
729 4470 1106 4540 νενομισμένα,
1135 4473 1226 4524 καὶ
1250 4471 1640 4542 ὀλιγωροῦντες
1669 4476 1832 4547 ἠλέγ-

254 4575 407 4628 χοντο
434 4557 538 4627 τῆς
575 4558 657 4620 εἰς
685 4557 753 4611 τὰ
786 4561 990 4628 μάταια
1013 4561 1198 4631 τιμῆς.
1225 4560 1539 4632 Γέγραπται
1558 4563 1613 4618 δὲ
1636 4567 1828 4632 οὕτως’

260 4670 277 4700 ι
314 4652 423 4703 Καὶ
456 4650 836 4721 ἀπεκρίθησαν
872 4652 950 4722 τῷ
1000 4651 1240 4724 Ἱερεμίᾳ
1278 4652 1476 4717 πάντες
1530 4657 1579 4708 οἱ
1618 4657 1830 4730 ἄνδρες,

255 4743 303 4793 οἱ
333 4743 571 4811 γνῶντες
611 4745 690 4796 ὅτι
735 4743 1000 4814 θυμιῶσιν
1047 4746 1104 4798 αἰ
1156 4749 1415 4814 γυναῖκες
1464 4748 1644 4804 αὐτῶν
1689 4752 1830 4816 θεοῖς

258 4833 482 4903 ἑτέροις,
516 4834 613 4888 καὶ
643 4836 813 4888 πᾶσαι
846 4835 900 4888 αἱ
932 4837 1209 4903 γυναῖκες,
1255 4839 1546 4910 συναγωγὴ
1596 4841 1828 4912 μεγάλη,

257 4925 348 4976 καὶ
379 4928 487 4988 πᾶς
513 4925 542 4976 ὁ
568 4924 719 4988 λαὸς,
747 4927 796 4978 οἱ
821 4925 1118 4996 καθήμενοι
1150 4929 1206 4980 ὲν
1233 4931 1304 4999 γῇ
1339 4929 1622 5001 Αἰγύπτῳ,
1666 4936 1724 4987 ἐν
1757 4939 1827 5006 γῇ

257 5015 510 5085 Παθουρῇ
539 5055 552 5078 ,
583 5015 860 5082 λέγοντεςο
891 5016 996 5069 Τὸν
1039 5017 1197 5084 λόγον
1240 5019 1299 5072 ὂν
1341 5019 1644 5090 λελάληκας
1694 5025 1830 5095 πρὸς

255 5107 400 5176 ἡμᾶς
429 5109 486 5158 ἐν
525 5107 604 5176 τῷ
635 5108 858 5178 ὀνόματι
908 5109 1137 5179 Κυρίου,
1185 5111 1284 5163 οὐκ
1326 5114 1693 5185 ἀκουσόμεθα,
1747 5117 1828 5170 ὅτι

257 5198 532 5263 ποιοῦντες
565 5200 866 5270 ποιήσομεν
897 5201 1074 5254 πάντα
1107 5202 1198 5256 τὸν
1235 5203 1392 5270 λόγον
1413 5245 1426 5269 ,
1461 5207 1516 5268 ὃς
1557 5206 1819 5270 ἐξελεύσε-

252 5307 339 5344 ται
368 5292 433 5344 ὲκ
461 5291 554 5345 τοῦ
583 5291 849 5361 στόματος
877 5292 1055 5362 ἡμῶν,
1084 5293 1286 5364 θυμιᾷ-ι
1311 5297 1377 5365 τῇ
1417 5295 1698 5368 βασιλίσσῃ
1735 5298 1828 5351 τοῦ

252 5383 505 5453 ούρανοῦ,
534 5384 627 5436 καὶ
662 5381 908 5436 σπένδειν
943 5384 1080 5455 αὐτῇ
1110 5385 1365 5452 σπονδὰς,
1397 5386 1538 5439 καθά
1568 5388 1830 5458 ἐποιήσα-

258 5493 356 5543 μεν
390 5478 571 5546 ἠμεῖς,
603 5476 698 5527 καὶ
745 5475 798 5528 οἱ
847 5476 1078 5546 πατέρες
1123 5477 1311 5546 ἡμῶν,
1352 5480 1448 5531 καὶ
1494 5479 1544 5532 οἰ
1594 5479 1832 5548 βασιλεῖς

253 5566 441 5635 ἡμῶν,
469 5567 564 5618 καὶ
593 5567 646 5618 οἱ
672 5566 930 5636 ἄρχοντες
964 5567 1118 5637 ἡμῶν
1152 5570 1208 5622 ὲν
1252 5568 1468 5622 πόλεσιν
1507 5569 1696 5636 Ἰούδα,
1737 5571 1831 5623 καὶ

335 5752 382 5783 ⁸⁸
410 5750 468 5805 III
504 5749 634 5819 Reg.
666 5765 764 5830 xit,
794 5750 878 5806 ‘28.

1936 1829 2053 1870 cem
2107 1817 2302 1881 tribus,
2362 1819 2515 1887 regni
2577 1819 2840 1872 Itoboami
2890 1821 3018 1891 jugo
3075 1837 3331 1890 excusso,
3392 1835 3517 1880 tunc

1937 1907 2138 1962 vitulos
2167 1906 2454 1963 Jeroboam
2482 1909 2975 1976 itttrOtquit9°.Qtti
3008 1921 3187 1966 autem
3206 1924 3364 1968 erant
3384 1915 3514 1971 llic-

1938 2000 2244 2071 rosolymis,
2276 2001 2327 2054 in
2373 2002 2645 2055 montibus
2683 2010 2737 2056 et
2776 2002 3010 2058 collibus
3049 2017 3294 2059 errorem
3350 2023 3510 2062 suum

1936 2093 2265 2146 exercebant
2299 2093 2507 2158 sedulo,
2533 2108 2656 2148 cum
2701 2094 3022 2164 alienigenis
3064 2097 3382 2153 mulieribus
3410 2101 3514 2155 ob-

1936 2183 2244 2237 secuudaus
2289 2193 2343 2237 et
2378 2185 2686 2239 assentiens
2739 2183 2995 2240 Salomon
3022 2225 3037 2250 ,
3082 2188 3246 2241 etiam
3279 2205 3404 2244 aras
3458 2200 3516 2245 et

1939 2274 2058 2328 fana
2087 2275 2308 2344 insuper
2365 2276 2579 2330 illarum
2631 2278 2948 2332 numinibus
2993 2278 3106 2349 jam
3157 2290 3268 2333 tum
3317 2282 3512 2338 condi-

1937 2365 2109 2420 disset
2141 2367 2210 2420 ⁹¹.
2242 2367 2319 2420 Ex
2352 2382 2462 2437 quo
2514 2368 2683 2438 igitur
2714 2370 3005 2440 excogitati
3050 2380 3176 2425 sunt
3227 2372 3412 2441 colles,
3458 2385 3515 2429 et

1940 2457 2168 2524 ludicra,
2201 2468 2256 2514 et
2283 2461 2681 2527 pseudolatrize,
2739 2479 2804 2517 ex
2838 2478 2903 2517 eo
2965 2473 3208 2533 tempore
3261 2466 3516 2534 peccavit

1936 2546 1990 2600 iu
2021 2547 2185 2601 Deum
2217 2549 2403 2603 Israel.
2455 2548 2639 2604 Potest
2680 2561 2733 2604 et
2761 2551 2888 2605 biuc
2928 2553 3238 2619 benignitas
3272 2554 3360 2608 Dei
3397 2569 3504 2608 non

1937 2641 2168 2694 obscure
2199 2643 2472 2710 cognosci,
2507 2659 2627 2711 qua:
2657 2659 2755 2696 nec
2792 2644 2952 2713 longo
3007 2645 3291 2699 intervallo
3343 2646 3510 2719 149

1940 2732 2230 2802 impietatis
2259 2749 2384 2789 reos
2426 2735 2621 2802 punire
2670 2735 2964 2800 sustinuit;
3008 2739 3101 2791 sed
3138 2738 3359 2793 indulsit
3415 2755 3506 2809 po-

1941 2820 2082 2886 tius,
2122 2831 2176 2875 et
2211 2823 2336 2875 dum
2371 2824 2580 2878 seducti
2633 2826 3012 2894 pteniteutiam
3066 2828 3206 2882 forte
3241 2839 3505 2898 agerent,

1939 2915 2292 2982 exspectavit.
2334 2916 2404 2969 At
2457 2915 2531 2968 illi
2566 2925 2618 2970 et
2673 2918 3126 2983 contumaciores,
3201 2930 3257 2974 et
3306 2921 3516 2978 scelere

1939 3007 2307 3074 corruptiores
2323 3007 2528 3062 inventi
2552 3018 2698 3063 sunt.
2722 3009 2966 3066 Collibus
2983 3011 3128 3066 enim
3150 3013 3349 3068 vitulos
3379 3027 3516 3083 quo-

1939 3109 2046 3165 que
2070 3094 2400 3163 adjecerunt.
2439 3096 2824 3154 Saerificantes
2871 3108 3052 3155 autem
3083 3102 3421 3158 daemonibus
3455 3104 3510 3158 in

1943 3188 2217 3244 montibus
2244 3200 2294 3244 et
2325 3190 2573 3255 collibus,
2607 3200 2662 3246 et
2688 3207 2749 3247 se
2781 3193 2833 3248 in
2868 3192 2972 3248 hoc
3023 3196 3168 3248 inani
3210 3195 3391 3248 studio
3427 3211 3515 3251 re-

1941 3280 2161 3351 ligiosos
2183 3283 2535 3348 arbitrantes,
2572 3284 2816 3340 fortassis
2871 3288 3037 3340 etiam
3100 3287 3242 3356 apud
3269 3287 3512 3340 animum

1940 3375 2278 3442 cogitabant,
2330 3375 2439 3428 imo
2487 3385 2855 3444 congruenter
2895 3375 3197 3444 putabant,
3249 3391 3306 3430 se
3354 3377 3516 3431 rebus

1945 3464 2204 3518 secundis
2243 3474 2564 3518 constanter
2591 3479 2808 3531 usuros,
2869 3475 2920 3519 et
2955 3466 3283 3520 adversariis
3327 3465 3513 3521 valen-

1942 3552 2126 3618 tiores,
2165 3563 2218 3607 et
2249 3569 2275 3606 a
2295 3555 2556 3607 servitute
2583 3554 2831 3609 hostibus
2856 3556 3140 3610 servienda
3174 3565 3318 3612 tutos
3346 3555 3462 3612 fore
3492 3575 3505 3611 :

1939 3648 2027 3716 qui
2063 3649 2285 3700 morbus
2313 3660 2500 3701 errore
2529 3646 2771 3717 deceptis
2808 3645 3092 3702 familiaris
3118 3656 3221 3703 est.
3263 3647 3375 3703 Hoc
3418 3649 3516 3720 igi-

1941 3749 2044 3804 tur,
2062 3740 2284 3808 quando
2308 3750 2458 3809 capta
2486 3756 2514 3794 a
2534 3739 2828 3811 Babylonio
2843 3738 3216 3812 Hierosolyma
3241 3743 3292 3795 in
3312 3739 3517 3812 Egyp-

1938 3839 2047 3884 tum
2065 3830 2482 3898 desvendebant,
2502 3832 3037 3902 praphetaJercmias
3058 3833 3253 3898 suasit,
3272 3842 3328 3886 ut
3349 3833 3516 3888 sacri-

1939 3922 2078 3975 ﬁciis
2110 3921 2376 3977 idolorum
2412 3933 2801 3993 temperarent,
2833 3939 2939 3994 quo
2970 3923 3308 3980 Salvatorem
3339 3926 3512 3980 Deum

1936 4013 2230 4081 propitium
2265 4013 2546 4069 haberent.
2579 4015 2678 4068 Ast
2717 4016 2791 4069 illi
2830 4017 2933 4071 hac
2965 4017 3032 4071 de
3068 4031 3232 4072 causa
3270 4017 3326 4070 in
3363 4016 3510 4071 cala-

1938 4104 2154 4157 mitates
2194 4118 2253 4158 se
2294 4105 2555 4159 incidisse
2613 4106 2996 4175 praedicabant,
3039 4106 3183 4175 quod
3228 4106 3346 4174 lege
3382 4120 3514 4159 san-

1936 4198 2060 4253 eitis
2083 4211 2277 4266 parere
2336 4213 2440 4252 non
2480 4198 2774 4252 desiissent
2817 4236 2832 4263 ,
2867 4205 2922 4251 et
2970 4197 3024 4250 in
3085 4197 3230 4251 cultu
3285 4197 3511 4251 deorum

1937 4288 2434 4344 commentitiornm
2475 4288 2732 4343 socordes
2786 4285 3109 4342 evasissent.
3171 4286 3264 4342 Sic
3329 4293 3512 4341 autem

1937 4381 2170 4448 legimus
2212 4394 2226 4433 :
2272 4397 2290 4431 ι
2344 4379 2409 4434 Ει
2445 4379 2842 4447 responderunt
2883 4377 3132 4434 Jeremiae
3171 4392 3362 4433 omnes
3407 4377 3511 4431 viri

1930 4474 2184 4536 scientes,
2217 4473 2360 4542 quod
2384 4472 2662 4527 adolerent
2693 4486 2894 4527 uxores
2927 4487 3116 4528 eorum
3150 4472 3256 4527 diis
3289 4471 3508 4537 alienis,

1931 4573 1984 4621 et
2024 4579 2214 4619 omnes
2250 4563 2537 4628 mulieres,
2598 4563 2950 4631 congregatio
3002 4577 3219 4632 magna,
3251 4571 3304 4614 et
3332 4560 3509 4617 omnis

1931 4654 2160 4724 pOpttItts
2208 4653 2460 4708 sedentes
2513 4652 2566 4706 in
2611 4661 2754 4706 terra
2808 4651 3026 4722 Egypti
3063 4690 3078 4717 ,
3122 4652 3174 4704 in
3228 4659 3369 4704 terra
3414 4649 3515 4702 Pa-

1933 4746 2138 4813 thures,
2184 4746 2468 4802 dicentes:
2516 4744 2833 4799 Sermonem
2882 4759 3042 4812 quem
3077 4743 3289 4798 locutus
3330 4757 3387 4797 cs
3430 4744 3497 4797 ad

1933 4853 2030 4892 nos
2062 4839 2110 4891 in
2142 4837 2358 4891 nomine
2391 4835 2625 4898 DOmini,
2672 4851 2777 4889 non
2813 4834 3120 4898 audiemus,
3151 4834 3274 4901 quia
3307 4832 3512 4886 facien-

1937 4939 2018 4983 tes
2075 4928 2338 4984 faciemus
2370 4943 2533 4980 omne
2558 4926 2782 4980 verbum
2814 4924 2958 4993 quod
2991 4924 3302 4993 egredietur
3321 4924 3386 4978 de
3417 4937 3513 4979 ore

1938 5034 2143 5084 nosne,
2182 5019 2575 5074 utadoleamns
2606 5015 2806 5086 regina:
2862 5016 3007 5080 caeli,
3064 5024 3119 5070 et
3151 5014 3380 5070 libemus
3433 5017 3510 5071 illi

1939 5112 2217 5173 libamina,
2261 5113 2403 5165 sicut
2432 5110 2660 5165 fecimus
2701 5124 2819 5173 nos,
2882 5118 2935 5163 et
2966 5120 3147 5178 patres
3201 5110 3409 5174 nostri,
3460 5118 3512 5162 ct

1940 5219 2095 5272 reges
2124 5204 2320 5269 nostri,
2359 5212 2412 5256 et
2448 5201 2722 5271 principes
2757 5201 2926 5254 nostri
2971 5200 3026 5253 in
3075 5201 3303 5255 urbibus
3351 5201 3509 5265 Juda,

1940 5303 1993 5349 et
2041 5293 2172 5347 foris
2198 5292 2520 5358 Jerusalem,
2566 5301 2620 5348 et
2659 5292 2890 5346 saturati
2931 5306 3117 5346 sumus
3166 5291 3420 5359 panibus,
3457 5299 3512 5343 et

1940 5384 2068 5439 facti
2107 5399 2293 5436 sumus
2327 5382 2470 5446 boni,
2511 5391 2563 5437 et
2598 5378 2735 5437 mala
2762 5396 2867 5434 non
2902 5380 3150 5434 vidimus.
3185 5379 3252 5433 Et
3285 5387 3342 5432 ut
3385 5390 3506 5430 ces-

1941 5477 2183 5531 savimus
2212 5461 2494 5530 adoleutcs
2527 5475 2726 5545 regina:
2754 5471 2876 5529 cteli
2896 5514 2910 5538 ,
2967 5471 3292 5540 iudiguimus
3320 5479 3507 5521 omnes

1941 5583 2060 5624 nos.
2091 5578 2142 5622 ct
2171 5567 2225 5622 in
2265 5565 2403 5622 fame
2434 5565 2730 5623 defecimus
2755 5564 2821 5617 ".
2876 5583 2892 5615 ι
2930 5561 3121 5631 Culpat
3153 5558 3312 5626 igitur
3338 5553 3507 5611 Israe-

960 5752 999 5781 θ’
1026 5751 1083 5804 lll
1121 5751 1329 5821 1ἶυς.κι,
1374 5754 1422 5805 iv.
1459 5751 1632 5809 πίοι.
1667 5769 1813 5821 mv,
1853 5751 2028 5810 lii-IS.
