3954 6208
444 337 545 393 251

1433 334 1491 393 S.
1532 333 1806 390 CYRILLI
1842 333 2318 391 ALEXANDRINI
2358 335 2677 391 ARCHIEP.

3590 339 3699 397 352

446 450 663 503 litarum
699 461 864 501 vanos
896 459 1176 501 sermones
1199 455 1255 501 et
1284 461 1437 515 spem
1464 447 1675 503 futilem
1710 462 1771 501 ac
1814 443 1884 501 de
1906 448 2002 503 colt

2126 447 2324 514 ἔξωθεν
2374 448 2762 520 Ἰερουσαλὴμ,
2812 446 2906 501 καὶ
2954 448 3304 521 ἐπλήσθημεν
3351 451 3552 521 ἄρτων,
3603 454 3699 507 καὶ

448 546 588 599 libus
614 541 804 604 dicit,¢
835 540 907 594 ibi
942 549 1232 605 steterunt,
1260 558 1278 591 ι
1316 539 1417 594 boc
1436 548 1538 603 est,
1595 548 1652 593 ut
1708 539 1807 608 ipsi
1856 538 2020 592 dicti-

449 644 590 699 tant,
618 643 710 687 aut
751 631 943 687 saltem
981 631 1320 698 existimant,
1371 631 1447 685 ibi
1498 630 1659 686 cultis
1710 630 1868 686 idolis
1908 639 2021 685 sta-

448 725 608 777 bilem
640 723 951 777 felicitatem
979 722 1254 777 consecuti
1290 730 1435 787 sunt,
1464 733 1520 777 et
1553 722 1606 775 in
1636 721 1796 777 bonis
1826 722 2022 776 immo-

448 816 644 870 hilibus
680 816 1062 876 constiterunt,
1093 824 1147 867 et
1176 824 1232 867 ut
1268 814 1489 883 insuper
1517 814 1623 868 sibi
1658 814 2010 882 persuadent,

448 922 552 961 non
566 907 986 976 comprehendet
1005 919 1097 959 eos
1125 905 1177 958 in
1205 905 1343 959 colle
1364 904 1469 958 ulla
1492 921 1717 974 prorsus
1743 904 2017 974 molestia,

445 996 489 1049 si
515 995 751 1066 legitima
776 994 1135 1064 sculptilibus'
1161 1003 1419 1063 praestare
1465 1010 1570 1048 non
1612 994 2008 1048 recusaverint.

447 1088 554 1142 Sed
578 1087 804 1155 decepti,
828 1095 882 1140 et
915 1102 1011 1155 spe
1042 1102 1135 1141 sua
1172 1086 1339 1141 delusi
1369 1096 1516 1150 sunt,
1562 1086 1759 1170 inquit;
1806 1085 2012 1139 Invasit

445 1179 598 1234 enim
637 1194 734 1233 eos
771 1178 968 1233 bellum
998 1188 1254 1246 tanquam
1306 1179 1445 1233 ﬁlios
1476 1177 1798 1246 iniquitatis,
1830 1185 1885 1232 et
1927 1192 2023 1230 ex-

444 1270 705 1339 perientia
742 1270 858 1337 ipsa
902 1270 1219 1323 erudientur
1244 1312 1258 1333 ,
1316 1270 1561 1324 odiosam
1595 1284 1716 1323 esse
1766 1268 2015 1324 rebellio-

447 1378 571 1417 nem
604 1378 619 1428 ;
651 1371 707 1416 et
744 1362 990 1430 quinam,
1024 1372 1117 1415 aut
1151 1361 1311 1431 150
1360 1377 1458 1430 per
1502 1376 1638 1429 quos
1688 1360 2016 1428 corripiendi

443 1453 573 1514 sint,
621 1466 719 1521 per
765 1453 1058 1505 maximum
1103 1453 1355 1506 videlicet
1402 1452 1759 1520 hostilemque
1804 1450 2016 1505 exerciv

444 1556 555 1600 tum
587 1563 599 1598 :
628 1546 729 1599 hoc
762 1544 908 1599 enim
938 1552 1021 1599 est
1052 1544 1197 1614 quod
1247 1544 1417 1607 dicit,
1487 1563 1507 1595 ι
1540 1543 2017 1612 congregubuntur

440 1634 621 1705 populi
657 1648 822 1703 super
848 1648 965 1699 eos,
1011 1652 1029 1685 ι
1064 1642 1118 1687 et
1147 1633 1284 1687 mala
1314 1633 1438 1686 belli
1480 1632 1639 1702 plane
1672 1630 2017 1699 occupabunt

440 1725 562 1780 illos
587 1726 711 1779 dum
747 1724 1132 1792 corripieutur,
1197 1742 1215 1775 ι
1254 1733 1473 1793 propter
1522 1724 1656 1778 duas
1702 1722 2017 1791 iniquitates

2123 539 2418 609 ἐγενόμεθα
2448 541 2711 610 χρηστοὶ,
2752 540 2847 592 καὶ
2876 540 3023 593 κακὰ
3064 541 3164 593 οὐκ
3209 541 3444 611 εἴδομεν.
3480 545 3587 597 Καὶ
3623 544 3698 609 ὡς

2120 630 2433 700 διελίπομεν
2486 631 2788 701 ουμιῶντες
2841 634 2905 701 τῇ
2955 631 3238 703 βασιλίσσῃ
3290 632 3385 686 τοῦ
3435 634 3695 707 οὐρανοῦ,

2120 719 2511 791 ὴλαττώθημεν
2550 720 2748 784 πάντες
2779 722 2961 790 ἡμεῖς,
2995 721 3088 773 καὶ
3124 721 3182 773 ἐν
3215 723 3483 793 ῥομφαίᾳ,
3512 726 3609 778 καὶ
3635 726 3695 779 ἐν

2120 810 2260 881 λιμῷ
2294 812 2631 882 ἐξελιίπομεν.
2670 830 2688 863 t
2727 813 2980 865 Αίτιᾶται
3018 813 3195 864 τοίνυν
3232 813 3339 865 τῶν
3372 814 3437 880 ἐξ
3479 814 3697 886 Ἰσραὴλ

2121 903 2252 956 αὑτό
2287 920 2340 955 τι
2391 903 2452 956 τὸ
2490 903 2837 972 είκαιόμυΘον
2873 904 2967 955 καὶ
2998 903 3059 956 τὸ
3094 904 3292 975 σαθρὸν
3323 905 3425 974 τῆς
3459 906 3694 973 ἐλπίδος,

2121 993 2214 1047 καί
2262 1011 2394 1064 φησι
2435 995 2565 1063 περὶ
2608 994 2716 1046 τῶν
2752 993 2988 1063 βουνῶν,
3030 994 3111 1046 ὅτι
3160 1012 3179 1045 ι
3211 995 3326 1047 ἐκεῖ
3366 995 3621 1065 ἔστησαν,
3669 1016 3689 1049 ι

2119 1088 2418 1148 τουτέστιν,
2453 1087 2533 1140 ὅτι
2566 1086 2817 1158 καθάπερ
2857 1085 3009 1139 αὐτοί
3044 1103 3228 1154 φασιν,
3259 1086 3291 1157 ἢ
3326 1087 3456 1154 γοῦν
3490 1089 3695 1142 οἴονται

2121 1178 2262 1233 κατὰ
2315 1180 2475 1249 σφᾶς,
2540 1180 2658 1231 ἐκεῖ
2708 1180 2820 1242 τοῖς
2868 1178 3127 1247 γλυπτοῖς
3168 1178 3583 1249 λατρεύσαντες,
3633 1180 3695 1234 τὸ

2118 1271 2361 1341 ἀσφαλὲς
2402 1273 2669 1341 ἐσχήκασι
2697 1274 2795 1340 τῆς
2821 1270 3141 1341 εὐημερίας,
3171 1270 3267 1324 καὶ
3292 1272 3351 1323 ἐν
3378 1270 3696 1340 ἀκλονήτοις

2119 1363 2351 1432 ἔστησαν
2396 1362 2638 1429 ἀγαθοῖς.
2685 1362 2794 1415 Καὶ
2818 1360 2893 1423 ὥς
2942 1378 3003 1429 γε
3046 1361 3248 1413 οἴονται
3295 1360 3479 1425 πάλιν,
3508 1361 3570 1412 οὐ
3619 1360 3695 1431 μὴ

2118 1454 2400 1523 καταλάϐῃ
2423 1455 2619 1516 αὐτοὺς
2648 1455 2704 1506 ἐν
2733 1453 2810 1523 τῷ
2835 1452 3030 1523 βουνῷ,
3056 1453 3116 1507 τὸ
3149 1452 3291 1506 κατά
3318 1470 3369 1505 τι
3393 1453 3523 1521 γοῦν
3558 1453 3696 1515 ὅλως

2117 1547 2307 1599 λυπεῖν
2350 1545 2557 1607 εἰωθὸς,
2586 1548 2633 1598 εί
2667 1545 2908 1615 πληροῦν
2943 1544 3147 1597 ἕλοιντο
3180 1547 3294 1608 τοῖς
3336 1544 3592 1613 γλυπτοῖς
3626 1544 3694 1596 τὰ

2116 1635 2494 1707 νενομισμένα.
2540 1635 2682 1687 Ἀλλ’
2722 1635 3052 1706 ὴπάτηνται,
3081 1634 3236 1704 φησὶ,
3265 1634 3359 1687 καὶ
3388 1634 3694 1705 διημαρτὴ-

2117 1746 2244 1782 κασι
2270 1728 2370 1798 τῆς
2397 1727 2629 1790 ἐλπίδος.
2668 1728 2920 1794 ’Λφῖκται
2960 1726 3068 1797 γὰρ
3110 1725 3173 1796 δὴ
3206 1725 3440 1794 πόλεμος
3473 1724 3560 1776 ἐπ’
3593 1723 3692 1776 αὐ-

438 1817 679 1886 ipsorum
718 1835 736 1865 ι
778 1817 907 1881 Quae
939 1815 1127 1884 quales
1180 1817 1309 1881 sint,
1368 1815 1672 1869 luculenter
1731 1813 1885 1867 nobis
1919 1828 2002 1883 pet

2118 1817 2265 1877 τοὺς,
2302 1814 2512 1877 ἀδικίας
2558 1815 2715 1876 ὄντας
2761 1813 2948 1875 τέκνα,
3002 1814 3095 1866 καὶ
3145 1814 3233 1867 διὰ
3280 1813 3472 1884 πείρας
3524 1814 3692 1881 αὐτῆς

436 1922 499 1962 os
528 1906 777 1961 Jeremize
839 1906 1100 1960 indicavit
1135 1923 1148 1961 :
1189 1924 1208 1957 ι
1270 1905 1559 1975 Obstupuit
1607 1905 1802 1958 caelum
1850 1918 2012 1972 super

438 1997 561 2063 hoc,
591 2009 643 2052 et
678 1998 945 2053 inhorruit
976 2008 1130 2053 extra
1178 1998 1393 2051 modum
1431 1998 1815 2059 vehementer,
1869 1994 2005 2049 dicit

435 2091 719 2155 Dominus,
780 2092 902 2160 quia
929 2094 1055 2157 duo,
1110 2099 1164 2145 et
1199 2090 1339 2144 mala
1391 2090 1517 2143 fecit
1552 2088 1775 2157 populus
1825 2101 1998 2140 meus.

433 2184 518 2237 Me
548 2183 950 2251 dereliquerunt
977 2182 1177 2237 fontem
1202 2197 1354 2250 aquae
1376 2182 1636 2246 viventis;
1666 2189 1719 2233 et
1752 2178 2007 2233 foderunt

431 2272 537 2327 sibi
570 2271 718 2325 lacus
748 2272 1034 2335 contritos,
1064 2270 1152 2339 qui
1187 2285 1290 2325 non
1319 2279 1574 2338 poterunt
1625 2284 1819 2339 aquam
1867 2284 2004 2323 con-

434 2362 609 2418 tinere
635 2364 702 2420 ⁸³.
740 2383 761 2415 ι

2119 1900 2592 1970 παιδευθήσονται,
2627 1900 2821 1969 πικρὸν
2854 1902 2936 1953 ὅτι
2962 1901 3021 1953 τὸ
3051 1900 3288 1969 ἐξήνιον·
3332 1902 3426 1955 καὶ
3456 1902 3598 1964 τίνες
3626 1902 3694 1954 ἂν

2116 1988 2244 2056 εἶεν,
2279 1991 2344 2044 δι’
2376 1984 2450 2044 ὧν
2482 1990 2692 2043 ἔσονται
2722 1992 2790 2044 τὰ
2820 1992 2898 2054 εἰς
2924 1991 3168 2044 παιδείαν
3198 1992 3402 2054 αὐτοῖς,
3422 1991 3693 2062 ἀπλείστη

2112 2096 2197 2141 τις
2243 2078 2342 2148 ὅση
2390 2078 2663 2147 πολεμίων
2708 2080 2997 2149 ὁμήγυρις.
3054 2078 3226 2133 Τοῦτο
3271 2080 3381 2151 γάρ
3429 2082 3545 2133 ἐστι
3605 2082 3690 2145 τὸ,

2114 2190 2131 2222 ι
2170 2172 2603 2240 Συναχϐήσονται
2654 2171 2740 2223 ἐπ’
2790 2171 2984 2234 αὐτοὺς
3022 2170 3163 2235 λαοὶ,
3200 2192 3219 2224 ι
3272 2174 3367 2225 καὶ
3399 2173 3466 2226 τὰ
3495 2174 3557 2225 ἐκ
3592 2171 3691 2225 τοῦ

2110 2264 2346 2332 πολέμου
2382 2262 2532 2315 δεινὰ
2568 2261 2908 2333 συμϐήσεται
2956 2264 3203 2328 πάντως,
3238 2266 3294 2317 ἐν
3331 2264 3407 2334 τῷ
3442 2262 3695 2316 παιδεύε-

2110 2355 2232 2407 σθαι
2260 2354 2489 2417 αὐτοὺς,
2539 2372 2557 2404 ι
2606 2354 2730 2405 Ἐπὶ
2772 2356 2890 2417 ταῖς
2935 2355 3084 2408 δυσὶν
3128 2355 3365 2419 ἀδικίαις
3416 2356 3616 2410 αὐτῶν.
3663 2374 3684 2407 ι

431 2453 544 2508 Καὶ
574 2455 703 2506 ποῖα
735 2452 798 2524 δὴ
830 2452 1003 2506 ταῦτά
1044 2452 1180 2515 ἐστι,
1240 2450 1575 2523 σαφέστερον
1638 2454 1768 2523 ἡμῖν
1820 2450 1908 2504 διὰ
1956 2448 2140 2519 φωνῆς
2210 2447 2471 2518 Ἰερεμίου
2540 2445 2892 2515 παρέδειξεν,
2942 2447 3144 2501 εἰπών·
3192 2467 3209 2500 ι
3259 2449 3483 2518 Ἐξέστη
3526 2450 3555 2501 ὁ
3593 2449 3691 2501 οὑ-

433 2545 593 2616 ρανὸς
641 2547 732 2598 ἐπὶ
773 2546 966 2616 τούτῳ,
1018 2546 1111 2599 καὶ
1146 2545 1362 2616 ἔφριξεν
1408 2548 1499 2599 ἐπὶ
1544 2547 1726 2600 πλεῖον
1774 2546 1998 2617 σφόδρα,
2038 2544 2184 2611 λέγει
2252 2542 2477 2610 Κύριος,
2523 2542 2605 2594 ὅτι
2672 2540 2766 2594 δύο
2824 2543 2917 2596 καὶ
2954 2544 3167 2613 πονηρά
3206 2544 3460 2613 ἐποίησεν
3496 2545 3523 2596 ὁ
3560 2542 3709 2605 λαός

433 2654 559 2707 μου.
605 2637 735 2707 Ἐμὲ
802 2637 1160 2707 ἐγκατέλιπον
1196 2640 1378 2711 πηγὴν
1426 2640 1616 2706 ὓδατος
1661 2642 1895 2707 ζῶντος,

427 2730 748 2802 δυνήσονται
788 2730 930 2799 ὕδωρ
972 2731 1236 2802 συνέχειν.
1276 2751 1293 2782 ι

502 2822 667 2876 Vens.
712 2822 796 2874 ll.
839 2821 1091 2888 Epltraim
1151 2824 1314 2876 vitula
1372 2824 1526 2875 docta
1574 2824 1789 2891 diligere
1839 2822 2003 2875 victo-

431 2912 587 2965 riam.
620 2910 730 2981 Ego
759 2921 932 2964 autem
961 2914 1164 2965 veniam
1192 2930 1351 2982 super
1389 2915 1832 2981 pulchritudinem
1881 2914 2002 2968 colli

429 3003 565 3066 eius.
608 3002 903 3056 Ascendam
934 3002 1218 3068 Eultraim,
1250 3015 1296 3057 et
1328 3004 1547 3058 reticebo
1574 3004 1795 3059 ludam.

502 3158 688 3215 CXIX.
724 3160 981 3230 Ephraim
1016 3176 1138 3216 cum
1166 3160 1336 3216 vitulo
1366 3162 1644 3225 componit
1672 3201 1686 3227 ,
1743 3162 1999 3216 intracta-

426 3250 521 3305 bili
556 3258 611 3305 et
638 3249 871 3319 superbo
906 3250 1071 3306 nimis
1100 3290 1116 3316 ,
1157 3250 1362 3321 impetu
1409 3251 1691 3316 indomito,
1725 3253 1778 3304 in
1811 3266 2001 3320 quem-

428 3355 644 3410 cunque
684 3340 824 3395 forte
871 3341 1130 3409 irruerit,
1176 3356 1269 3397 seu
1316 3342 1706 3397 cicurationem
1758 3359 1863 3398 non
1907 3360 2002 3413 pa-

428 3433 614 3498 tiente,
648 3434 740 3487 sed
777 3433 1057 3488 victoriam
1114 3434 1289 3503 magis
1336 3448 1551 3504 seraper
1616 3445 1912 3503 quaerente,
1948 3446 2002 3490 et

425 3525 495 3579 ad
530 3525 581 3578 id
617 3524 759 3593 quod
788 3526 889 3580 sibi
924 3525 1336 3595 complacuerit,
1366 3527 1773 3582 incitationibus
1818 3543 2003 3597 repre-

424 3614 747 3667 hensionum
771 3615 981 3668 securis
997 3616 1363 3669 contendenti.
1398 3615 1505 3672 Sed
1526 3632 1833 3685 quanquam
1855 3618 2001 3685 ejus-

425 3704 571 3759 modi
601 3714 704 3769 est,
743 3705 896 3758 cedet
933 3714 1112 3759 tamen
1151 3705 1232 3760 vel
1260 3707 1495 3773 invitus;
1520 3709 1829 3762 domabitur
1855 3711 1998 3764 enim

425 3796 794 3851 calamitatum
819 3796 1146 3863 incursibus,
1165 3797 1482 3869 subjiciente
1498 3800 1646 3853 illum
1669 3801 1797 3865 Deo,
1820 3810 1873 3855 et
1889 3812 1998 3857 tan-

426 3872 675 3944 tum’non
704 3905 799 3960 per
817 3904 876 3944 se
904 3890 956 3944 id
969 3899 1162 3961 agente
1185 3902 1234 3945 et
1259 3889 1713 3961 pulchritudinem
1737 3894 1859 3949 colli
1882 3895 1997 3965 ejus

423 3979 785 4049 disperdente.
815 3980 917 4036 hoc
948 3992 1050 4043 est,
1072 3982 1396 4051 praecipuam
1429 3990 1483 4035 et
1510 3980 1765 4037 selectam
1788 3993 1995 4053 partem

423 4072 475 4126 in
520 4071 684 4126 Israel
706 4073 1037 4128 excutiente.
1071 4072 1195 4127 lhec
1230 4081 1408 4126 autem
1445 4081 1561 4126 erat
1586 4088 1704 4142 quae
1737 4077 1997 4144 regnabat

421 4164 561 4234 apud
593 4164 759 4233 ipsos,
814 4166 1195 4237 subjectuSque
1251 4165 1474 4236 populos
1526 4166 1593 4220 ad
1641 4167 1994 4225 deserendum

422 4257 590 4311 Deum
618 4260 965 4327 provocabat.
994 4258 1357 4325 Quamobrem
1390 4257 1498 4313 Deo
1520 4258 1863 4316 incumbente
1882 4262 1993 4317 dis-

1940 2640 2033 2693 καὶ
2100 2637 2313 2709 ὤρυξαν
2374 2639 2586 2700 ἑαυτοῖς
2642 2636 2878 2700 λάκκους
2930 2638 3449 2708 συντετριμμένους,
3496 2638 3545 2690 οἳ
3610 2637 3678 2689 οὐ

2193 2818 2432 2887 Ἑρρηῒμ
2466 2817 2720 2886 δάμαλις
2760 2816 3152 2888 ὃεδιδαγμένη
3201 2818 3445 2887 ἀγαπᾷν
3490 2821 3686 2887 νικος.

2122 2910 2261 2978 Ἐγὼ
2291 2910 2356 2962 δὲ
2392 2909 2793 2977 ἐπελεύσομαι
2831 2909 2930 2961 ἐπὶ
2964 2909 3033 2963 τὸ
3066 2910 3291 2977 κάλλος
3326 2911 3430 2965 τοῦ
3459 2912 3687 2982 τραχή-

2030 3034 2076 3097 C
2106 3005 2220 3055 λου
2271 3000 2481 3069 αὐτῆς.
2523 2999 2787 3054 Ἐπισιϐῶ
2830 3000 3105 3071 Ἐφραῖμ,
3155 3003 3253 3056 καὶ
3292 3005 3690 3073 παρασιωπή-

2104 3110 2284 3161 σομαι
2320 3093 2564 3147 Ἰούδαν.

2174 3184 2317 3240 Ρίθν.
2358 3186 2560 3255 Μόσχῳ
2591 3186 2913 3256 παρεικάζει
2952 3185 3042 3239 τὸν
3076 3186 3334 3259 Ἐφραῒμ,
3377 3187 3596 3258 σκληρῷ
3624 3206 3692 3241 τε

2102 3278 2197 3330 καὶ
2247 3275 2517 3347 ἀγερώχῳ
2542 3277 2683 3339 λίαν,
2712 3278 2807 3330 καλ⁵
2836 3278 3240 3331 ἀνακόπτεσθαι
3275 3279 3350 3349 μὴ
3380 3279 3539 3333 εἰδότι
3581 3281 3691 3351 τῆς

2106 3368 2238 3431 ἰδίας
2286 3368 2495 3438 ὁρμῆς,
2534 3369 2603 3437 ἣν
2647 3367 2713 3421 ἂν
2756 3368 2841 3436 ἐφ’
2879 3369 2983 3439 ὅτῳ
3024 3372 3227 3423 ποιοῖτο
3267 3371 3426 3441 τυχὸν
3451 3410 3465 3434 ,
3514 3372 3690 3441 ἤγουν

2100 3459 2514 3513 τιθασσεύεσθαι
2563 3459 2638 3530 μὴ
2681 3460 3023 3531 ἁνεχομένῳ,
3074 3459 3329 3532 ζητοῦντι
3374 3463 3431 3515 δὲ
3479 3464 3689 3533 μᾶλλον

2102 3552 2189 3605 ἀεὶ
2214 3551 2274 3605 τὸ
2297 3554 2471 3621 νικᾷν,
2499 3552 2594 3604 καὶ
2624 3552 2761 3622 πρὸς
2791 3550 2850 3604 τὸ
2871 3552 3016 3623 αὑτῷ
3041 3552 3230 3607 δοκοῦν
3256 3555 3686 3625 ἀνεπιπλήκτοις

2102 3643 2277 3699 [εσθαι
2314 3646 2433 3706 ταῖς
2472 3645 2690 3713 ὁρμαῖς.
2730 3643 2866 3696 Ἂλλ⁹
2898 3646 2945 3697 εἰ
2984 3645 3078 3699 καὶ
3106 3645 3221 3699 ἔστι
3257 3646 3530 3711 τοιοῦτος,
3577 3665 3687 3718 φη-

2101 3736 2207 3799 σὶν,
2244 3734 2462 3788 ἐνδώσει
2501 3736 2597 3789 καὶ
2624 3736 2723 3805 οὐχ
2763 3735 2925 3790 ἑκών.
2971 3738 3390 3808 Δαμασϐήσεται
3424 3739 3529 3811 γὰρ
3558 3744 3687 3805 ταῖς

2097 3827 2205 3880 τῶν
2252 3826 2544 3898 συμφορῶν
2588 3828 2821 3896 ἐφόδοις,
2855 3828 3282 3897 ὑποζευγνύντος
3312 3829 3469 3895 Θεοῦ,
3519 3832 3686 3901 μόνον

2097 3918 2153 3972 δὲ
2201 3918 2320 3988 οὐχ).
2366 3918 2553 3972 καὶτὸ
2587 3919 2781 3982 κάλλος
2830 3920 2926 3972 τοῦ
2973 3919 3246 3991 τραχήλου
3281 3920 3448 3975 αὑτοῦ
3498 3939 3682 3993 παρα-

2096 4007 2339 4074 λύοντος,
2381 4009 2662 4075 τουτέστι,
2706 4010 2767 4064 τὸ
2795 4010 3086 4083 ἐξαιρέτως
3116 4013 3364 4083 ἀφηνιῶν
3410 4012 3574 4084 μέρος
3617 4014 3682 4066 ἐν

2096 4099 2173 4171 τῷ
2208 4101 2444 4172 Ἰσραήλ.
2492 4101 2662 4154 Τοῦτο
2701 4102 2755 4155 δὲ
2796 4098 2864 4173 ἦν
2912 4104 2943 4173 ἡ
2988 4105 3115 4174 παρ’
3163 4104 3349 4165 αὐτοῖς
3386 4102 3677 4173 βασιλεία,

2097 4190 2521 4263 κατερεθίζουσα
2544 4193 2680 4265 πρὸς
2704 4194 3006 4247 ἀπόστασιν
3030 4195 3155 4257 τοὺς
3177 4195 3281 4247 ὑπὸ
3304 4198 3461 4265 χεῖρα
3489 4194 3676 4259 λαούς.

2097 4278 2303 4333 Οὐκοῦν
2326 4282 2852 4352 καταρῤιφθήσεται,
2877 4282 3012 4334 Θεοῦ
3036 4284 3480 4354 καταδρίθοντος,
3506 4284 3681 4337 Τοῦτο

420 4347 702 4418 sipabitur,
723 4350 825 4405 hoc
875 4352 1016 4404 enim
1044 4351 1234 4417 opinor
1260 4349 1567 4417 signiﬁcare
1595 4349 1746 4416 illud,
1786 4369 1803 4403 ι
1836 4362 1890 4406 et
1910 4370 1993 4409 as-

2109 4370 2203 4441 γὰρ
2268 4365 2424 4441 οἶμαι
2470 4347 2695 4439 -δηλοῦν
2735 4370 2815 4435 τὸ,
2864 4392 2880 4423 ι
2908 4372 3139 4425 ἐπιδιδῶ
3175 4347 3431 4443 ’έφραΐμ
3460 4392 3479 4425 ι
3515 4374 3680 4427 υίκο-

418 4439 645 4494 cendam
671 4437 944 4509 Ephraim.
970 4457 990 4491 ι
1025 4439 1388 4494 OEconomice
1410 4448 1588 4493 autem
1608 4440 1737 4495 dicit
1771 4457 1785 4494 :
1812 4462 1829 4493 ι
1856 4443 1998 4500 [teti-

419 4530 555 4585 cebo
584 4527 798 4594 ludam,
838 4550 858 4583 ι
888 4546 1005 4599 pro,
1034 4531 1309 4602 paululum
1344 4530 1582 4603 dill‘eram
1612 4528 1804 4587 Judam
1833 4575 1848 4599 ,
1887 4552 1993 4594 non

420 4625 567 4679 illum
598 4623 773 4693 pcenis
801 4624 1111 4693 subjiciens,
1136 4642 1239 4680 non
1259 4629 1371 4695 jam
1401 4639 1497 4693 pro
1523 4625 1600 4679 ira
1617 4632 1877 4698 multans;
1902 4637 1995 4691 sed

421 4718 690 4787 perferam
726 4718 928 4787 potius,
962 4730 1015 4773 et
1048 4735 1203 4790 agam
1234 4722 1449 4783 lentius.
1484 4728 1653 4795 Quam
1679 4733 1748 4787 ob
1772 4744 1993 4785 causam

418 4822 549 4861 vero
571 4809 593 4862 ?
614 4809 878 4876 Quoniam
912 4811 1191 4881 Ephraim,
1225 4817 1325 4873 hoc
1344 4829 1448 4881 est.
1476 4822 1661 4876 decem
1690 4825 1991 4891 tribus,sic-

420 4897 605 4963 ntjam
644 4900 776 4968 dixi,
801 4916 1022 4972 prorsus
1041 4905 1319 4977 sibiopera
1342 4909 1674 4968 seductionis
1690 4916 1990 4969 exercenda

420 4996 727 5045 statuerunt
753 5009 767 5057 ;
792 4993 913 5050 duae
939 5005 1116 5052 autem
1133 5014 1252 5069 quae
1274 5012 1431 5057 erant
1465 5001 1874 5076 Hierosolymis,
1903 5006 1968 5061 Ju

420 5078 542 5137 das.
572 5090 719 5147 puta,
755 5092 810 5137 et
858 5084 1161 5155 Benjamin,
1227 5096 1425 5162 saepius
1482 5096 1789 5153 habuerunt
1836 5114 1990 5169 reges

418 5170 618 5240 probos
670 5182 724 5226 et
773 5175 911 5244 pios,
962 5187 1017 5232 et
1064 5185 1153 5249 qui
1190 5184 1421 5254 ineptias
1456 5188 1822 5244 idololatricas
1875 5192 1989 5246 dis-

420 5261 733 5329 turbarent,
785 5267 1147 5338 populumque
1204 5276 1271 5328 ad
1331 5278 1497 5331 vitam
1541 5279 1675 5335 bene
1722 5290 1987 5335 moratam

421 5364 476 5411 et
508 5354 716 5425 legibus
762 5369 1179 5415 consentaneam
1230 5364 1567 5432 impellerent
1602 5388 1616 5424 :
1669 5372 1848 5439 qualis
1885 5372 1989 5427 fuit

417 5448 668 5505 Amasias
703 5449 843 5503 lilius
874 5448 1026 5517 Joas,
1059 5452 1343 5522 religiosus
1363 5468 1416 5511 et
1433 5458 1611 5528 justus
1636 5462 1740 5527 vir,
1772 5473 1825 5517 ct
1855 5463 1989 5519 Eze-

308 5566 315 5571 -
388 5537 594 5607 .chias,
627 5553 779 5609 atque
814 5550 874 5596 ut
900 5539 990 5595 ille
1022 5543 1417 5613 suscipiendus,
1468 5547 1587 5603 zelo
1617 5550 1803 5607 divino
1851 5568 1986 5622 pra:-

480 5721 526 5754 ²³
553 5716 664 5776 .lcr.
699 5736 760 5793 tl,
794 5721 879 5788 l2,
914 5721 995 5777 l5.

2097 4463 2336 4532 νομικῶς
2370 4462 2424 4515 δὲ
2471 4461 2659 4532 φησὶν,
2683 4462 2763 4514 ὅτι
2803 4480 2819 4510 t
2854 4463 3368 4533 Παρασιωπήσομαι
3410 4464 3628 4527 Ἰούδαν,
3652 4484 3673 4517 ι

2096 4552 2217 4607 ἀντὶ
2250 4551 2366 4617 τοῦ,
2406 4552 2599 4621 μικρὸν
2641 4551 3021 4622 ὑπερθήσομαι
3067 4552 3155 4604 τὸν
3193 4552 3411 4618 Ἰούδαν,
3449 4554 3510 4605 οὑ
3554 4571 3680 4606 ποι-

2095 4645 2211 4707 ναῖς
2254 4642 2443 4705 ὲνιείςσ
2473 4642 2574 4694 οὐκ
2615 4642 2836 4709 ἐπάγων
2875 4642 2973 4713 ἤδη
3009 4641 3080 4695 τὰ
3111 4642 3169 4708 ἐξ
3201 4644 3398 4714 ὀργῆς·
3447 4643 3678 4715 διακαρ-

2094 4732 2268 4802 τερῶν
2314 4733 2371 4786 δέ
2417 4733 2637 4803 μᾶλλον,
2684 4734 2778 4787 καὶ
2826 4734 3135 4797 ὑπενδιδοῦς
3185 4734 3390 4805 ἠρέμα.
3436 4735 3544 4787 Καὶ
3585 4737 3678 4791 διὰ

2097 4824 2252 4877 ποίαν
2295 4824 2504 4889 αἱτίαν;
2532 4827 2559 4877 ὁ
2590 4825 2687 4896 μὲν
2715 4825 2823 4896 γὰρ
2852 4826 3111 4898 Ἑρραῒμ,
3133 4826 3432 4890 τουτέστιν,
3456 4830 3511 4880 αἱ
3540 4828 3676 4881 δέκα

2099 4913 2293 4983 ᾳυλαὶ,
2343 4914 2594 4984 καθάπερ
2633 4915 2732 4985 ἤδη
2768 4918 3047 4986 προεῖπον,
3093 4914 3517 4969 ἁπονενεύκασιν
3552 4916 3675 4969 ὁλο-

2094 5005 2309 5077 τρόπως
2336 5006 2429 5058 ἐπὶ
2464 5006 2524 5059 τὸ
2569 5007 2682 5060 δεῖν
2718 5007 2931 5061 ἑλέσθαι
2961 5007 3203 5079 πληροῦν
3230 5008 3297 5061 τὰ
3331 5008 3430 5077 τῆς
3460 5006 3673 5077 πλανή-

2094 5115 2230 5160 σεως
2260 5097 2414 5169 ἔργα.
2441 5100 2505 5151 Αἱ
2534 5099 2589 5152 δὲ
2621 5102 2732 5161 τοῖς
2768 5099 3157 5170 Ἰεροσολύμοις
3191 5099 3285 5152 δύο
3314 5100 3498 5169 φυλαὶ,
3544 5100 3676 5152 Ἰού-

2092 5188 2185 5252 δας
2220 5206 2298 5253 τε,
2336 5189 2496 5259 φημὶ,
2529 5190 2623 5243 καὶ
2654 5190 2931 5259 Βενιαμὶν,
2972 5191 3226 5258 γεγόνασι
3262 5190 3523 5253 πολλάκις
3568 5191 3675 5244 ὑπὸ

2098 5279 2353 5350 βασιλέας
2398 5280 2591 5349 ὀρθούς
2622 5298 2680 5333 τε
2732 5282 2826 5334 καὶ
2856 5280 3120 5345 εὐσεϐεῖς,
3155 5279 3248 5333 καὶ
3292 5279 3361 5334 τὰ
3391 5281 3490 5349 τῆς
3520 5282 3674 5334 εἰδω-

2096 5370 2381 5442 λολατρίας
2412 5371 2701 5443 ἀθύρματα
2742 5369 3148 5449 κατασείοντας,
3178 5372 3227 5424 οἳ
3258 5372 3357 5443 ζῇν
3385 5371 3673 5425 ἀνέπειθον

2095 5462 2353 5525 ἐπιεικῶς
2391 5462 2485 5515 καὶ
2527 5462 2794 5533 ἐννόμως·
2866 5463 3046 5527 ὁποῖος
3085 5463 3307 5533 γέγονεν
3349 5462 3615 5531 ’Δμασίας
3646 5464 3676 5516 ὁ

2096 5554 2186 5609 τοῦ
2225 5555 2398 5625 Ἰωὰς,
2424 5555 2651 5627 εὐσεϐὴς
2698 5556 2792 5609 καὶ
2818 5554 3022 5620 δίκαιος
3049 5556 3207 5627 ἁνήρ.
3247 5555 3480 5627 Ὁμοίως
3522 5553 3675 5617 Ἐζε-
