3898 6212
393 360 501 416 255

1427 354 1484 410 S.
1529 342 1801 408 CYIULLI
1838 294 2309 395 ΑιΕΧΑέοῐιιΜ
2348 331 2666 389 ARCHIEP.

3552 315 3667 369 256

394 490 517 529 men
542 488 643 529 non
669 473 760 529 hic
807 472 1229 529 admonitionem
1277 484 1429 527 suam
1481 464 1833 527 terminavit;
1874 460 1965 516 sed

2096 454 2177 508 ’ῶν
2211 451 2533 524 μαχομένων
2561 448 2662 519 τὴν
2695 443 3016 516 ἀγριότητα.
3054 438 3202 510 Πλὴν
3236 434 3498 529 οὐΫμ-ἐχρι

394 579 522 619 ecce
559 579 774 620 rursum
809 564 914 618 alia
947 563 1114 619 etiam
1157 562 1239 616 via
1291 561 1398 615 illis
1419 557 1670 615 consulit.
1709 553 1841 609 Nam
1880 551 1965 606 di-

397 655 565 708 misso
597 653 739 723 quod
764 652 954 709 inutile
983 661 1038 707 et
1075 650 1253 708 omnis
1290 648 1522 704 miseria:
1550 646 1654 701 illis
1675 643 1798 700 fons
1839 649 1924 697 est
1950 682 1966 708 ,

395 742 537 811 quod
571 742 805 797 maxime
833 741 1090 813 prodesse
1119 740 1422 803 consuevit,
1455 744 1643 792 contra
1676 745 1970 803 capessere

398 831 668 896 hortatur,
708 831 1019 886 colonorum
1052 844 1202 886 more
1237 848 1257 882 ι
1287 830 1625 884 seminantes
1656 825 1874 895 quidem
1917 821 1972 876 in

393 921 605 990 justitia
633 959 649 986 ,
707 920 1101 975 vindemiantes
1131 928 1313 974 autem
1354 918 1588 973 fructum
1624 916 1767 969 vitm.
1827 931 1847 965 ι
1905 911 1978 967 Ut

399 1012 544 1065 enim
600 1008 789 1064 scribit
841 1010 1033 1064 beatus
1079 1008 1317 1073 Paulus,
1369 1024 1387 1058 ι
1436 1006 1580 1077 quod
1627 1004 1980 1060 seminaverit

402 1104 586 1163 homo,
615 1101 718 1155 hoc
738 1109 793 1156 et
830 1109 993 1154 metet
1014 1100 1091 1163 ";
1123 1112 1142 1146 ι
1191 1109 1268 1166 et,
1296 1097 1386 1166 qui
1417 1096 1651 1151 seminat
1680 1094 1841 1159 mala,
1867 1108 1979 1147 me-

402 1202 479 1248 tet
502 1192 639 1247 mala
668 1193 736 1257 ⁹⁹,
776 1200 835 1246 ut
857 1191 1118 1261 scriptum
1144 1199 1248 1245 est.
1297 1188 1595 1259 Operarius
1627 1198 1806 1243 autem
1878 1186 1971 1255 ju-

412 1282 584 1336 stitiae
612 1280 786 1336 salute
819 1289 874 1335 et
904 1279 1016 1333 vita
1043 1279 1356 1349 replebitur,
1379 1287 1673 1347 spectatus,
1708 1285 1764 1331 et
1799 1275 1980 1329 imita-

404 1374 549 1427 tione
571 1373 763 1440 diguus
794 1372 1089 1426 :etvinum
1122 1371 1473 1425 vindemiabit
1521 1388 1540 1421 ι
1577 1368 1860 1424 laetiﬁcaus
1888 1382 1984 1422 cor

405 1462 639 1516 hominis
674 1464 715 1515 ¹.
754 1480 774 1514 ι
825 1461 1025 1516 Adhaec
1081 1461 1173 1531 qui
1212 1461 1350 1515 bene
1399 1460 1589 1514 audire
1634 1459 1877 1527 cupiunt,
1929 1458 1983 1512 in

405 1553 644 1607 animum
720 1562 775 1607 et
835 1568 934 1607 eor
989 1567 1131 1607 verae
1188 1552 1433 1607 scientiae
1497 1550 1675 1605 lumen
1732 1550 1986 1604 inducere

405 1645 625 1709 debent,
654 1659 763 1715 quo
785 1652 990 1708 carent,
1022 1643 1114 1712 qui
1152 1641 1518 1713 prmtermisso
1556 1641 1821 1696 Creatore
1890 1641 1987 1694 ad-

405 1749 571 1792 orant
616 1748 915 1791 creaturam
934 1742 980 1789 ι.
1002 1736 1249 1802 Quanam
1272 1742 1450 1789 autem
1486 1735 1694 1789 ratione
1717 1748 1985 1804 possmtus

2069 562 2175 600 των
2343 520 2443 611 τῆς
2475 536 2848 609 παραινέσεως
2877 535 3059 603 ἵστησι
3087 531 3268 599 λόγον,
3302 525 3417 581 ἀλλ’
3452 523 3562 576 ίδοὺ
3600 520 3670 591 δὴ

2072 631 2253 693 πάλιν,
2299 629 2394 682 καὶ
2445 627 2570 680 καθ’
2597 625 2783 695 ἓτερον
2821 621 3021 683 αὐτοὺς
3053 620 3261 690 ὀνίνησι
3294 615 3518 687 τρόπον.
3552 612 3672 665 Καὶ

2070 720 2135 790 δὴ
2173 718 2433 790 μεθέντας
2474 715 2533 769 t6
2568 715 2861 786 ἄχρηστον,
2889 712 2982 765 καὶ
3008 710 3230 780 ἁπάσης
3262 708 3444 768 αὐτοῖς
3478 703 3674 756 ταλαι-

2075 810 2285 880 πωρίας
2318 807 2596 878 πρόξενον,
2623 805 2683 858 τὸ
2717 805 2800 858 ὅτι
2852 802 3091 874 μάλιστα
3133 798 3378 867 πεφυκὸς
3406 796 3667 867 ὠφελεῖν,

2075 898 2389 955 ἀνθελέσθαι
2416 894 2647 960 κελεύει,
2666 893 2929 964 γηπόνοις
2953 893 3010 944 ὲν
3027 890 3146 960 ἴσῳ,
3173 906 3191 939 ι
3215 887 3549 958 Σπείροντας
3567 885 3673 955 μὲν

2077 994 2155 1054 είς
2178 988 2545 1059 δικαιοσύνην,
2570 984 2888 1056 τρυγῶντας
2909 983 2966 1037 δὲ
2995 982 3090 1036 καὶ
3121 983 3201 1044 είς
3225 980 3436 1051 καρπὸν
3460 980 3630 1049 ζωῆς.
3647 998 3668 1030 ι

2090 1084 2179 1141 Ὠς
2212 1082 2319 1152 γὰρ
2355 1082 2383 1134 6
2413 1081 2686 1151 μακάριος
2712 1077 2915 1148 γράφει
2944 1073 3177 1140 Παῦλος,
3210 1092 3229 1124 ‹
3267 1075 3332 1125 Ὃ
3372 1072 3437 1126 ἂν
3468 1071 3679 1143 σπείρῃ

2079 1175 2386 1244 ἄνθρωπος,
2408 1169 2567 1225 τοῦτο
2591 1170 2684 1223 καὶ
2709 1168 2914 1239 θερίσει
2932 1183 2945 1196 ⁸
2974 1185 2992 1217 t
3016 1167 3131 1231 καὶ,
3164 1182 3183 1216 ι
3217 1166 3279 1218 Ὀ
3308 1164 3405 1234 μὲν
3429 1165 3677 1234 σπείρων

2083 1266 2283 1338 φαῦλα,
2316 1265 2520 1334 θερίσει
2552 1259 2721 1322 κακὰ,
2751 1279 2769 1310 ι
2803 1257 2948 1311 κατά
2976 1256 3040 1310 τὸ
3068 1256 3479 1327 γεγραμμένον.
3519 1255 3591 1307 ’0
3613 1252 3678 1307 δὲ

2081 1359 2182 1428 τῆς
2214 1356 2558 1424 δικαιοσύνης
2586 1350 2846 1422 ἐργάτης,
2881 1348 3154 1418 σωτηρίας
3182 1345 3337 1400 ἔσται
3394 1345 3491 1399 καὶ
3525 1343 3678 1413 ζωῆς

2085 1449 2359 1522 ἔμπλεως,
2392 1446 2644 1517 λαμπρὸς
2694 1445 2790 1497 καὶ
2822 1438 3211 1509 ἀξιοζήλωτος,
3240 1438 3337 1491 καὶ
3366 1433 3510 1491 οἶνον
3542 1436 3682 1490 ἀπο·-

2085 1541 2398 1615 τρυγήσει,‹
2429 1538 2530 1591 Τὸν
2560 1536 2919 1607 εὐφραίνοντα
2946 1531 3176 1602 καρδίαν
3206 1529 3551 1602 ἀνθρώπου.)
3582 1530 3681 1581 Δεῖ

2085 1633 2144 1687 δὲ
2190 1632 2327 1703 πρὸς
2356 1629 2531 1700 τούτῳ
2563 1629 2689 1691 τοὺς
2729 1627 3011 1689 ἐθέλοντας
3057 1624 3388 1694 εὐδοκιμεῖν,
3428 1623 3508 1684 είς
3545 1620 3676 1674 νοῦν

2089 1723 2183 1777 καὶ
2214 1722 2441 1795 καρδίαν
2473 1721 2535 1774 τὸ
2566 1720 2665 1790 τῆς
2709 1717 2942 1789 ἀληθοῦς
2982 1714 3239 1786 γνώσεως
3281 1711 3676 1775 εἰσοικίζεσθαι

406 1830 545 1882 bene
576 1828 846 1883 seminare
886 1826 939 1880 in
964 1826 1176 1893 justitia
1208 1866 1223 1891 ,
1275 1836 1330 1881 et
1385 1802 1729 1883 vindemiare
1748 1827 1979 1882 fructum

2096 1816 2223 1887 φῶς,
2246 1814 2346 1869 οὐκ
2377 1812 2609 1884 ἐχόντων
2637 1810 2769 1864 αὐτὸ
2792 1809 2900 1863 τῶν
2923 1806 3375 1879 προσκυνούντων
3401 1806 3469 1875 τῇ
3497 1803 3678 1856 κτίσει

408 1919 553 1985 vitm,
581 1928 635 1973 et
665 1918 1009 1987 splendidum
1045 1918 1285 1973 scientia:
1313 1918 1497 1973 lumen
1529 1917 1830 1988 suscipere,
1866 1919 1985 1988 ipse

408 2008 586 2074 docet,
623 2007 994 2077 subjungens:
1034 2026 1053 2059 ι
1088 2006 1323 2073 Quaerite
1350 2006 1635 2061 Dominum
1682 2009 1851 2062 donec
1898 2021 1987 2061 ve-

409 2097 566 2155 niant
594 2097 753 2152 vobis
782 2097 963 2166 fruges
995 2095 1239 2165 iustitiae.
1295 2114 1314 2149 ι
1365 2095 1698 2162 ριιιενθηιιιιε
1739 2107 1920 2151 autem
1951 2110 1984 2150 a

412 2187 570 2243 nobis
594 2184 736 2242 Deus
768 2195 870 2251 est,
904 2200 1008 2241 non
1039 2188 1337 2242 secundum
1371 2186 1571 2251 locum,
1596 2188 1739 2256 quod
1779 2186 1985 2241 fatuum

412 2274 574 2342 foret,
610 2275 1043 2345 quandoquidem
1069 2276 1308 2330 divinum
1342 2291 1539 2331 numen
1576 2277 1698 2332 loco
1726 2291 1829 2331 non
1858 2290 1989 2331 eon-

414 2367 656 2433 tinetur;
698 2369 791 2422 sed
832 2377 890 2422 ut
921 2368 973 2422 in
1009 2366 1295 2423 aﬂ'eetione
1340 2368 1554 2433 animae,
1613 2378 1668 2423 et
1708 2368 1991 2423 alacritate

412 2456 611 2511 mentis
641 2458 707 2510 ad
741 2457 918 2511 omnia
949 2457 1025 2511 illi
1070 2468 1223 2528 grata
1276 2459 1573 2523 inclinatae,
1627 2467 1681 2513 et
1707 2457 1989 2514 conscien-

410 2547 545 2601 tiaut
575 2556 796 2615 rectam,
837 2557 891 2603 et
921 2549 1165 2615 nitidam,
1195 2559 1249 2603 et
1281 2550 1349 2603 ab
1376 2550 1524 2604 omni
1556 2551 1981 2620 reprehensione

415 2641 643 2696 alienam
676 2641 991 2712 spectantis.
1023 2641 1115 2697 Sic
1155 2642 1299 2697 enim
1346 2656 1412 2696 eo
1466 2641 1708 2708 invento,
1760 2641 1989 2697 aliorum

416 2746 629 2805 quoque
650 2732 909 2785 bonorum
935 2731 1297 2801 acquisitione
1317 2732 1668 2787 ditescemus.
1700 2732 1783 2785 An
1804 2747 1990 2787 verum

419 2836 523 2873 nou
553 2828 637 2873 est
658 2822 801 2888 quod
835 2820 912 2875 ait
941 2821 1188 2877 Christus
1222 2838 1235 2873 :
1268 2840 1286 2872 ι
1323 2822 1453 2876 Sine
1480 2837 1566 2876 me
1603 2823 1735 2877 nihil
1766 2823 1992 2892 potestis

419 2907 600 2964 facere
623 2909 672 2965 ’Ἰ
706 2927 725 2962 ›
765 2908 870 2965 Sed
899 2913 963 2967 de
993 2913 1094 2966 hoc
1115 2912 1260 2967 nullo
1294 2914 1452 2967 modo
1483 2914 1752 2980 dubitant,
1775 2916 1991 2985 opinor,

422 3001 475 3053 in
499 3002 695 3069 quibus
714 3015 899 3055 verum
923 3002 1060 3056 inest
1076 3002 1363 3069 judicium.
1393 3002 1519 3061 llaec
1544 3006 1684 3059 enim
1706 3021 1828 3061 cum
1857 3007 1991 3075 Deo,

422 3101 477 3145 et
528 3106 625 3161 per
656 3091 845 3160 Deum,
873 3101 927 3146 et
955 3109 984 3146 a
1019 3094 1126 3149 Deo
1159 3096 1336 3151 omnis
1360 3097 1485 3151 boni
1535 3096 1805 3166 possessio
1840 3098 1994 3155 nobis

422 3191 525 3237 est.
565 3181 768 3237 Dixerit
807 3193 984 3239 tamen
1022 3199 1126 3239 non
1181 3185 1320 3240 male
1367 3186 1638 3257 quispiam
1673 3229 1689 3255 ,
1738 3203 1842 3243 non
1901 3203 1992 3244 so-

425 3274 534 3327 lum
576 3273 837 3328 idolorum
876 3275 1193 3342 cultoribus,
1244 3294 1263 3327 ι
1300 3277 1568 3332 seminate
1610 3278 1764 3334 vobis
1787 3278 1842 3334 in
1906 3278 1996 3349 ju-

425 3366 630 3429 stitia,»
659 3375 711 3420 et
732 3380 852 3435 quae
876 3376 1177 3437 sequuntur
1204 3384 1219 3432 ;
1249 3370 1343 3423 sed
1376 3369 1541 3424 etiam
1578 3383 1608 3423 a
1647 3370 1858 3425 sincera
1894 3371 1999 3428 [ide

429 3462 822 3532 refugientibus
850 3474 973 3528 ,εει
1002 3464 1287 3535 spiritibus
1326 3464 1528 3521 erroris
1576 3466 1996 3533 attendentibus,

429 3555 485 3607 in
524 3554 794 3623 hypocrisi
829 3555 1218 3611 daemoniorum
1248 3598 1263 3621 ,
1315 3567 1368 3611 et
1409 3558 1763 3612 cauteriatam
1795 3559 2000 3614 haben-

429 3647 579 3699 tibus
634 3645 1021 3699 conscientiam
1052 3648 1094 3700 ⁸.
1147 3665 1168 3698 ι
1230 3647 1299 3702 Ut
1356 3649 1522 3718 igitur
1570 3650 2003 3718 sapientissimus

430 3734 629 3792 Paulus
655 3735 863 3797 scribit,
914 3736 966 3789 bi
1013 3737 1292 3792 seminant
1321 3740 1559 3807 quidem,
1587 3740 1791 3796 sciendi
1835 3743 2003 3810 proli-

432 3826 717 3896 cieudique
758 3824 1034 3882 laboribus
1089 3828 1334 3896 impense
1378 3829 1586 3895 dediti;
1631 3843 2003 3887 verumtamen

432 3934 538 3973 non
569 3918 624 3974 in
647 3917 882 3984 iustitia,
924 3921 1020 3974 sed
1056 3919 1108 3974 in
1151 3921 1439 3990 iniquitate
1468 3932 1522 3978 et
1549 3922 1823 3992 impietate
1850 3966 1865 3992 ,
1919 3940 2004 3980 se-

432 4010 692 4065 ducentes
746 4021 801 4065 et
839 4012 1086 4076 seducti,
1141 4030 1161 4065 ι
1217 4022 1273 4067 et
1318 4013 1686 4083 percmientes
1732 4016 2003 4072 inlirmam

432 4102 821 4158 conscientiam
857 4102 1108 4168 fratrum,
1144 4119 1240 4174 pro
1261 4105 1458 4174 quibus
1480 4105 1732 4161 Christus
1760 4120 2007 4166 mortuus

433 4204 516 4251 est
553 4195 596 4249 ⁵.
652 4213 670 4247 ι
707 4195 862 4267 153
908 4195 1253 4253 Vindemiant
1308 4198 1470 4269 igitur
1513 4216 1618 4255 non
1660 4202 1727 4256 ad
1764 4201 1998 4258 fructum

434 4288 558 4342 vita:
592 4287 880 4357 aliquando
913 4330 928 4353 ,
960 4290 1052 4343 sed
1101 4305 1315 4360 pmuam
1347 4299 1403 4346 et
1452 4291 1738 4363 judicium.
1805 4295 2007 4361 Quam-

436 4385 627 4439 obrem
669 4384 885 4439 dicebat
913 4384 1163 4439 Christus
1210 4399 1223 4435 :
1262 4402 1280 4435 ι
1311 4384 1631 4456 Quicunque
1670 4387 2006 4442 scandaliza-

2085 1907 2237 1979 παρά
2275 1905 2366 1958 τὸν
2400 1904 2678 1957 κτίσαντα.
2723 1900 2848 1965 Πῶς
2874 1900 2918 1953 δ’
2944 1899 3010 1953 ἂν
3039 1897 3251 1968 γένοιτο
3280 1895 3458 1958 καλῶς
3488 1894 3550 1947 τὸ
3583 1894 3679 1947 δύ·-

2084 1998 2279 2054 νασθαι
2314 1996 2571 2067 ’σπείρειν
2609 1997 2689 2058 είς
2717 1991 3086 2059 δικαιοσύνην,
3131 1990 3223 2043 καὶ
3262 1988 3370 2060 μὴν
3400 1988 3494 2041 καὶ
3533 1988 3680 2039 ἀπο-

2083 2093 2305 2162 τρυγεῖν
2333 2091 2414 2153 είς
2441 2087 2653 2158 καρπὸν
2684 2086 2850 2156 ζωῆς,
2884 2084 2979 2138 καὶ
3006 2083 3069 2138 τὸ
3108 2079 3363 2151 λαμπρὸν
3403 2078 3499 2147 τῆς
3532 2076 3666 2145 γνῶ

2088 2202 2225 2249 σεως
2263 2181 2598 2253 εἰσδέχεσθαι
2632 2179 2748 2249 φῶς
2768 2221 2782 2245 ,
2815 2177 2978 2240 αὐτὸς
3011 2171 3280 2237 ὑπέδειξε,
3329 2167 3678 2241 προστιθείς·

2091 2298 2110 2331 ι
2141 2278 2419 2348 Ζητὴσατε
2466 2274 2556 2327 τὸν
2588 2273 2792 2344 Κύριον
2833 2272 2936 2334 ἕως
2965 2263 3026 2324 οὐ
3054 2267 3183 2339 ἔλθῃ
3228 2265 3544 2335 γεννήματα
3593 2262 3681 2315 διο

2087 2366 2381 2436 καιοσύνης
2425 2365 2573 2436 ὐμῖν.
2608 2382 2626 2413 ι
2679 2362 2907 2432 Ζητοῖτο
2935 2358 2980 2412 δ’
3020 2357 3087 2410 ἂν
3132 2356 3266 2428 πρὸς
3311 2353 3468 2425 ἡμῶν
3499 2351 3635 2414 Θεὸς
3660 2391 3679 2415 ,

2085 2459 2207 2529 οὐχὶ
2232 2458 2489 2520 τοπικῶς.
2520 2453 2689 2509 Τοῦτο
2715 2452 2825 2523 γὰρ
2847 2450 3071 2521 εὐηθες·
3101 2448 3223 2500 ἐπεὶ
3257 2445 3331 2517 μὴ
3354 2447 3411 2498 ὲν
3438 2444 3591 2513 τόπῳ
3618 2444 3687 2496 1:6

2090 2553 2262 2606 θεῖον·
2305 2548 2419 2603 ἀλλ’
2449 2548 2525 2611 ὼς
2568 2548 2625 2599 ὲν
2666 2544 2905 2599 διαθέσει
2935 2540 3144 2611 ψυχῆς,
3191 2539 3286 2591 καὶ
3329 2535 3423 2589 νοῦ
3467 2534 3681 2606 προθυ-

2094 2643 2274 2715 μίαις,
2310 2643 2390 2703 είς
2422 2640 2529 2693 πᾶν
2566 2635 2747 2690 ὁτιοῦν
2776 2635 2882 2689 τῶν
2924 2632 3268 2705 ἀρεσκόντων
3311 2628 3461 2697 αὐτῷ
3500 2627 3684 2680 διανε-

2090 2734 2372 2797 νευκότος,
2416 2733 2509 2785 καὶ
2553 2731 2631 2793 είς
2657 2728 2862 2800 εἴδησιν
2904 2726 3188 2797 βλέποντος
3246 2720 3412 2792 ὀρθὴν
3449 2720 3545 2774 καὶ
3582 2720 3689 2773 ἀπο

2091 2826 2409 2896 εξεσμὲνην,
2460 2828 2554 2877 καὶ
2600 2818 2897 2891 οὐδαμόθεν
2945 2817 3174 2888 ἔχουσαν
3213 2813 3276 2867 τὸ
3320 2810 3688 2881 ἐπιτιμᾶσθαι

2092 2920 2220 2972 δεῖν.
2248 2916 2513 2989 Εὐρόντες
2543 2913 2652 2983 γὰρ
2679 2911 2850 2973 οὕτως
2878 2908 3060 2973 αὐτὸν,
3091 2907 3186 2960 καὶ
3210 2905 3307 2976 τὴν
3333 2904 3445 2957 τῶν
3477 2902 3693 2974 ἑτέρων

2095 3007 2317 3078 ἀγαθῶν
2350 3004 2866 3074 καταπλουτήσομεν
2912 2998 3124 3067 κτῆσιν.
3164 2997 3236 3049 Ἣ
3274 2995 3375 3049 οὐκ
3428 2992 3692 3063 ἀληθεύει

2095 3099 2347 3172 Χριστὸς,
2378 3098 2504 3150 ὅταν
2529 3095 2683 3165 λέγῃ,
2722 3110 2741 3143 ι
2768 3091 2950 3162 Χωρὶς
2978 3089 3115 3161 ἐμοῦ
3147 3088 3208 3141 οὐ
3243 3086 3472 3142 δύνασθε
3507 3088 3690 3139 ποιεῖν

2096 3193 2280 3258 οὐδένς
2305 3210 2323 3243 t
2373 3189 2510 3242 Ἀλλ’
2538 3185 2705 3249 ἔστιν,
2737 3180 2920 3255 οἶμαι,
2954 3182 3104 3235 τουτὶ
3144 3183 3255 3245 τοῖς
3303 3179 3439 3252 ὀρθὰ
3469 3181 3695 3250 φρονεῖν

2097 3284 2345 3339 εἰωθόσιν
2370 3278 2669 3349 οὐδαμόθεν
2692 3274 3009 3346 ἀμφίϐολον.
3034 3273 3242 3343 Κτῆσις
3263 3272 3373 3343 γὰρ
3393 3273 3523 3342 ἡμῖν
3545 3270 3693 3341 αῦτη

2100 3375 2298 3438 παντὸς
2330 3371 2535 3443 ἀγαθοῦ
2573 3369 2710 3441 μετά
2750 3365 2905 3430 Θεοῦ,
2950 3365 3043 3419 καὶ
3085 3363 3173 3417 διά
3203 3362 3361 3429 Θεοῦ,
3400 3361 3494 3416 καὶ
3533 3361 3696 3431 παρὰ

2099 3465 2253 3520 Θεοῦ.
2282 3465 2440 3517 Εἴποι
2467 3462 2512 3515 δ’
2538 3461 2601 3514 ἄν
2630 3476 2733 3522 τις,
2767 3455 2859 3511 καὶ
2899 3455 3042 3526 μάλα
3077 3454 3322 3518 εἰκότως,
3352 3453 3473 3522 οὐχὶ
3505 3451 3696 3522 μόνοις

2099 3562 2211 3623 τοῖς
2236 3556 2344 3611 τῶν
2375 3554 2607 3609 εἰδώλων
2636 3552 3028 3621 θεραπευταῖς,
3072 3549 3153 3612 τὸ,
3192 3566 3210 3599 ι
3239 3546 3506 3616 Σπείρατε
3557 3545 3696 3597 ἐαυ-

2101 3653 2211 3713 τοῖς
2256 3650 2335 3711 εἰς
2373 3644 2739 3713 δικαιοσύνην,
2762 3660 2781 3694 ι
2820 3640 2916 3695 καὶ
2944 3640 3014 3693 τὰ
3051 3638 3258 3700 τούτοις
3294 3635 3521 3704 ἐφεξῆς,
3553 3632 3700 3687 ἀλλά

2104 3742 2210 3813 γὰρ
2237 3740 2329 3793 καὶ
2357 3740 2469 3800 τοῖς
2499 3735 2596 3805 τῆς
2620 3732 2788 3803 ὀρθῆς
2821 3730 3056 3792 πίστεως
3084 3724 3699 3797 ἁποτρέχουσιμῐιροσέ

2104 3833 2377 3904 κειμένοις
2420 3829 2479 3882 δὲ
2522 3827 2721 3899 μᾶλλον
2751 3824 3022 3893 πνεύμασι
3065 3821 3291 3889 πλάνης,
3322 3820 3380 3870 ὲν
3406 3815 3698 3885 ὑποκρίσει

2104 3923 2417 3995 δαιμονίων,
2448 3914 3008 3988 κεκαυτηριασμένοις
3043 3911 3141 3981 τὴν
3186 3907 3508 3980 συνείδησιν.
3540 3924 3560 3956 ο
3606 3905 3700 3968 Ὧς

2106 4018 2236 4089 γοῦν
2278 4018 2306 4070 6
2355 4013 2663 4083 σοφώτατος
2696 4010 2898 4081 γράφει
2935 4005 3178 4071 Παῦλος,
3223 3997 3368 4057 οὗτοι
3406 4000 3699 4071 σπείρουσι

2112 4112 2209 4184 μὲν
2230 4109 2339 4172 τοῖς
2364 4109 2441 4170 εἰς
2467 4103 2668 4175 γνῶσιν
2690 4103 2783 4156 καὶ
2805 4098 3161 4169 φιλομάθειαν
3189 4094 3495 4164 ἐγκείμενοι
3512 4108 3526 4121 ο
3554 4089 3701 4162 πλὴν

2107 4203 2207 4257 οὐκ
2234 4204 2314 4264 είς
2342 4199 2480 4271 ἔργα
2519 4194 2883 4264 δικαιοσύνης,
2910 4193 3024 4246 ἀλλ’
3055 4192 3137 4253 εἰς
3167 4187 3380 4243 ἀδικίαν
3438 4186 3530 4238 καὶ
3566 4184 3706 4237 ἀσέ-

2110 4295 2280 4358 ϐειαν,
2320 4289 2628 4352 πλανῶντες
2675 4286 2769 4341 καὶ
2809 4283 3170 4354 πλανώμενοι,
3209 4298 3228 4331 ι
3256 4278 3368 4333 Καὶ
3397 4276 3739 4338 τύπτοντες,

2111 4384 2439 4439 ἀσθενοῦσαν
2485 4382 2582 4454 τὴν
2628 4377 2931 4447 συνείδησιν
2974 4374 3081 4427 τῶν
3123 4369 3391 4438 ἀδελφῶν,
3431 4367 3573 4437 ὑπὲρ
3622 4361 3707 4420 ῶν

438 4476 579 4531 verit
613 4490 778 4528 unum
831 4475 897 4529 de
954 4474 1161 4541 pusillis
1211 4475 1333 4530 istis
1384 4475 1437 4529 in
1483 4492 1570 4530 me
1617 4478 1992 4545 credentibus,

2119 4477 2346 4547 Χριστὸς
2386 4474 2642 4528 ἀπέθανε.
2664 4490 2682 4524 ι
2718 4467 2972 4538 Τρυγῶσι
3016 4464 3080 4537 δὴ
3121 4460 3215 4516 οῦν
3243 4462 3341 4516 οὐκ
3376 4461 3456 4522 είς
3483 4458 3711 4561 καρπύν

437 4566 655 4635 expedit
695 4565 743 4619 ei
801 4574 859 4617 ut
889 4565 1253 4633 suspendatur
1305 4564 1447 4619 mola
1491 4567 1729 4621 asinaria
1773 4567 1827 4622 in
1871 4570 1992 4624 COIlt

2110 4571 2254 4640 ζωῆς
2279 4569 2464 4628 ποθεν,
2491 4566 2604 4618 ἀλλ’
2628 4564 2708 4625 εἱς
2732 4559 2953 4615 κόλασῐν
2978 4575 3037 4610 τε
3084 4555 3179 4610 καὶ
3205 4553 3401 4626 κρίσιν.
3430 4551 3541 4603 Καὶ
3567 4551 3712 4618 γοῦν

436 4657 572 4725 ejus,
601 4666 654 4712 et
682 4657 1024 4726 demergatur
1052 4656 1103 4708 in
1137 4656 1464 4725 profundum
1499 4659 1665 4714 maris
1693 4659 1737 4713 ⁸.
1808 4678 1827 4714 t
1880 4661 2012 4717 Dili-

440 4756 569 4815 gant
615 4746 777 4815 igitur
817 4746 1123 4810 veritatem,
1156 4745 1258 4798 hoc
1286 4754 1389 4811 est,
1441 4745 1569 4799 illud
1611 4748 1894 4816 sapientiae
1929 4750 2011 4805 lu~

444 4852 587 4891 men.
628 4837 704 4892 lta
730 4838 989 4908 quaeritur
1031 4837 1191 4893 Deus.
1247 4837 1383 4894 Hinc
1416 4839 1521 4893 illis
1549 4839 2014 4909 fructusjustitia:

442 4928 688 4981 orientur
717 4930 981 4984 invitam.
1017 4929 1454 4984 Vindemiabitur
1481 4930 1641 4984 etiam
1660 4930 1866 4999 vinum,
1903 4951 2010 4991 non

442 5013 663 5082 quidem
692 5030 1039 5086 corporeum,
1073 5019 1167 5074 sed
1196 5020 1339 5088 quod
1377 5018 1730 5090 intelligentia
1747 5024 2010 5094 cernitur,

446 5112 501 5157 et
528 5118 625 5172 per
647 5105 920 5173 spiritum,
952 5111 1095 5178 quod
1119 5112 1280 5165 etiam
1308 5125 1402 5166 cor
1436 5122 1490 5167 et
1524 5112 1762 5168 animum
1779 5116 2015 5174 hominis

444 5193 704 5252 laetiﬁcat.

2110 4661 2347 4731 ἔφασκεν
2370 4658 2399 4709 6
2428 4653 2682 4725 Χριστὸς,
2711 4652 2792 4704 ὅτι
2825 4668 2844 4702 ι
2877 4650 2971 4711 Ὃς
3002 4647 3068 4701 ἂν
3109 4642 3437 4714 σκανδαλίσῃ
3467 4640 3564 4693 ἕνα
3590 4640 3715 4693 τῶν

2116 4748 2324 4823 μικρῶν
2359 4745 2563 4801 τούτων
2602 4743 2711 4796 τῶν
2752 4739 3117 4794 πιστευόντων
3146 4736 3226 4800 είς
3263 4735 3384 4807 ἐμὲ,
3426 4731 3709 4803 συμφέρει

2121 4842 2291 4913 αὐτῷ,
2317 4840 2404 4893 ἵνα
2428 4834 2716 4910 κρεμασθῇ
2744 4833 2924 4896 ὀνικὸς
2958 4831 3119 4903 μύλος
3148 4828 3276 4900 περὶ
3309 4826 3400 4879 τὸν
3430 4823 3710 4896 τράχηλον

2121 4935 2304 4999 αὐτοῦ,
2345 4932 2438 4986 καὶ
2473 4927 2881 4995 καταποντισθῇ
2909 4927 2965 4977 ὲν
2997 4924 3076 4995 τῷ
3103 4920 3328 4989 πελάγει
3372 4919 3471 4989 τῆς
3500 4915 3714 4970 θαλάσ-

2104 5024 2498 5092 σης.»οὐκοῦν,
2537 5022 2907 5092 ἀγαπάτωσαν
2934 5017 3032 5088 τὴν
3075 5015 3350 5087 ἀλήθειαν,
3392 5012 3550 5066 τοῦτό
3589 5011 3715 5065 ἐστι

2120 5126 2182 5173 τδ
2208 5120 2302 5188 τῆς
2337 5116 2587 5186 γνώσεως
2617 5112 2751 5181 φῶς.
2775 5110 2932 5163 Οῦτω
2969 5110 3209 5177 ζητεῖται
3239 5104 3391 5167 Θεός.
3425 5100 3716 5156 Ἐντεῦθεν

2121 5213 2301 5275 αὐτοῖς
2328 5207 2529 5280 καρποὶ
2560 5206 2656 5275 μὲν
2682 5200 3024 5270 δικαιοσύνης
3053 5196 3399 5252 ἁνατελοῦσιν
3426 5194 3504 5257 εἰς
3537 5192 3713 5263 ζωήν.

444 5287 859 5360 Τρυγηθήσεται
902 5289 957 5342 δὲ
987 5291 1077 5343 καὶ
1109 5287 1265 5356 οἶνοςι
1294 5296 1353 5347 οὐ
1386 5296 1715 5368 σωματικδς.
1752 5303 1941 5371 νοητὸς
1971 5304 2027 5359 δὲ
2068 5305 2285 5378 μᾶλλον,
2345 5301 2437 5355 καὶ
2460 5296 2548 5354 διὰ
2576 5334 2587 5345 ι
2612 5296 2940 5358 πνεύματος,
2966 5293 3024 5356 ὃς
3052 5293 3148 5345 καὶ
3173 5287 3398 5360 καρδίαν
3428 5282 3714 5356 εὐφραίνει

450 5384 544 5439 καὶ
576 5381 717 5437 νοῦν.

524 5476 684 5531 Vens.
716 5476 800 5531 15.
844 5476 982 5542 Quid
1015 5478 1249 5533 (uenistis
1278 5482 1611 5552 impietatem,
1645 5500 1691 5545 et
1718 5492 2014 5561 iniquitates

523 5681 568 5709 ’³⁸
595 5680 767 5751 Galat.
804 5696 874 5751 vt.
901 5679 968 5751 8.,
1030 5679 1071 5709 9"
1098 5677 1255 5751 Prov.
1283 5695 1414 5750 χχιι,
1444 5685 1493 5739 3.
1576 5685 1780 5741 ‘litcli.
1815 5702 1898 5751 τι,
1926 5689 1992 5743 220

2096 5690 2108 5720 '
2137 5688 2293 5742 lium.
2328 5686 2483 5751 1,95.
2564 5682 2580 5714 ³
2602 5680 2755 5736 Juan.
2798 5691 2883 5741 XV,
2916 5676 2969 5731 5.

454 5764 572 5815 \lll,
606 5750 687 5806 ll.
781 5752 801 5783 ⁶
828 5749 1012 5804 Matth.
1044 5764 1193 5816 XVIII,
1218 5749 1271 5803 6,

2196 5489 2332 5544 Ἵνα
2370 5485 2426 5540 τί
2460 5480 2957 5552 παρεσιωπήσατε
2986 5471 3291 5537 ἀσέϐειαν,
3322 5469 3421 5525 καί
3448 5468 3553 5537 τὰς
3581 5467 3717 5528 ἄδι-

3049 5674 3068 5705 ⁸
3096 5673 3115 5727 1
3142 5669 3280 5726 Tim.
3311 5683 3383 5737 tv,
3407 5666 3461 5722 2.
3541 5668 3561 5698 ⁵
3585 5667 3720 5728 Cur.
