3954 6208
253 252 351 305 εει-ι
1173 256 1718 316 COMMENTARIUS
1757 261 1814 314 ΙΝ

1955 262 2089 314 ΚΛΜ
2130 263 2578 317 PROI'HETAM.
3406 267 3509 321 258

252 367 384 430 κίας
419 364 606 433 αὐτῆς
634 367 1029 438 ἐτρυγήσατε;
1065 371 1339 442 Ἐφάγετε
1362 376 1594 444 καρπὸν
1613 377 1810 446 ψευδῆ

1943 379 2052 446 ejus
2104 380 2495 434 t'indemiastis?
2545 378 2856 433 Comedistis
2899 379 3129 448 fructum
3177 380 3504 444 mendacem,

232 457 334 540 in.
385 457 657 525 ἤλπισας
692 461 761 514 ἐν
803 461 926 527 τοῖς
953 463 1336 533 ἁμαρτήμασι
1359 481 1497 532 σου,
1526 469 1596 520 ἐν
1621 470 1793 535 πλήθι

1947 469 2060 536 quia
2089 471 2307 536 sperasti
2337 473 2388 522 in
2417 469 2646 522 turribus
2681 470 2806 535 tuis,
2842 471 2893 523 in
2929 471 3268 524 multitudine
3297 472 3508 538 fortitu-

250 548 555 618 διν-’ἀμεὼς
579 566 717 613 σου,
739 552 837 605 καὶ
863 553 1341 623 ἐξαναστήσεται
1371 558 1637 612 ἀπώλεια
1662 562 1731 613 ἐν
1756 562 1811 626 τι]

1948 562 2072 614 linis
2115 571 2239 616 tua’.
2286 561 2349 615 Et
2393 572 2663 631 consurget
2699 563 2926 629 perditio
2975 565 3027 616 in
3072 562 3260 632 populo
3304 572 3416 631 tuo,
3459 572 3509 617 et

251 639 372 704 λαῴ
393 657 534 704 σου,
570 643 664 696 καὶ
700 643 897 696 πάντα
928 644 996 699 τὰ
1029 650 1573 719 περιτετειχισμένίι
1603 666 1718 706 σου
1748 656 1812 706 οἱ·

1207 650 1573 719 ετειχισμένίι
1603 666 1718 706 σου
1748 656 1832 706 οὶ-
1937 655 2117 706 omnia
2159 664 2368 707 murata
2402 664 2491 706 tua
2529 653 2768 722 peribunt

251 748 284 798 χ
295 729 521 797 vicerat.

317 823 492 877 PKB’.
534 826 784 877 Λίτιᾶται
811 827 993 890 πάλιν,
1021 828 1095 889 ὡς
1125 829 1234 882 ἀπό
1267 847 1329 898 γε
1357 831 1454 901 τῆς
1486 834 1564 896 εἰς
1594 833 1655 886 τὸ
1689 834 1831 901 φαῦ-

2003 830 2208 886 CXXII.
2263 829 2460 885 lterum
2491 847 2584 886 eos
2616 833 2862 902 castigat,
2891 844 2946 886 ut
2972 833 3061 902 qui
3094 847 3203 901 pra:
3231 833 3508 903 voluptate

251 915 335 966 λον
369 915 565 985 ἡδονῆς
594 917 681 985 ἐφ’
705 912 787 981 οἷς
828 919 1030 987 ἥκιστα
1071 921 1239 992 ἐχρῆν
1282 929 1614 996 κατηρεμεῖν
1643 927 1812 996 έλομέ·

1947 923 2057 977 nali
2091 923 2395 991 quieverint
2438 924 2489 977 in
2518 923 2714 992 quibus
2748 925 2968 978 minime
3005 925 3202 987 decuit,
3237 925 3508 979 inconsul-

252 1025 388 1074 νους,
431 1009 771 1064 ἁϐουλὸτατά
799 1028 856 1063 τε
889 1014 1269 1083 σεσιγηκότας,
1294 1017 1378 1084 ἐφ’
1402 1011 1481 1080 οἷς
1507 1013 1573 1088 ἦν
1597 1020 1741 1082 εἰκὸς
1768 1020 1813 1072 οξ

1944 1017 2250 1083 lissimeque
2287 1014 2554 1068 tacuerint
2587 1013 2638 1067 in
2675 1015 2778 1079 his,
2816 1024 3032 1082 propter
3060 1030 3178 1081 qua:
3204 1014 3371 1068 Deum
3397 1031 3505 1071 non

253 1100 484 1169 μετρίως
515 1101 802 1154 λυπεῖσθαι
835 1104 987 1157 Θεόν.
1020 1105 1148 1158 Δέον
1179 1106 1308 1176 γὰρ,
1338 1108 1490 1176 φησὶ,
1519 1110 1679 1163 παντὶ
1709 1110 1814 1164 σΟέ¹

1944 1105 2280 1160 mediocriter
2334 1105 2496 1158 irasci
2556 1114 2979 1159 consentaneum
3035 1106 3153 1160 fuit.
3206 1107 3338 1163 Nam
3383 1124 3505 1164 eum

250 1209 322 1242 νει
341 1191 739 1263 διωθουμένους
761 1195 860 1264 τὴν
886 1197 966 1259 εἰς
996 1197 1096 1265 ἐμὲ
1125 1196 1468 1264 δυσσέϐειαν,
1499 1203 1611 1263 τοῖς
1641 1201 1709 1254 τὰ
1740 1204 1811 1255 αί-

1944 1197 2282 1264 )portuisset,
2320 1195 2515 1264 inquit,
2555 1195 2679 1248 totis
2710 1196 2914 1250 viribus
2949 1197 3234 1268 profligare
3264 1201 3505 1269 impieta-

249 1283 382 1352 σχρᾶ
405 1284 834 1353 συμϐουλεύουσι
862 1289 1139 1359 ἐπιτιμᾷν,
1170 1288 1328 1343 τοῦτό
1372 1307 1430 1342 τε
1480 1290 1723 1360 δρῶντας
1769 1295 1810 1344 ἐκ

1944 1299 2036 1339 Lem
2076 1285 2368 1340 adversum
2415 1299 2522 1349 me,
2561 1293 2613 1338 et
2658 1286 2832 1354 turpia
2871 1289 3160 1343 suadentes
3206 1289 3505 1358 increpare,

246 1377 402 1428 παντὶ
437 1379 692 1444 γενέσθαι
723 1380 895 1448 καλῷ,
927 1382 1276 1450 σεσιγήκασι,
1309 1382 1671 1452 παρεδέξαντο
1703 1387 1807 1439 τοὺς

1942 1385 1980 1430 ξι
2024 1378 2096 1431 ita
2149 1376 2252 1431 frui
2297 1377 2451 1430 bonis
2493 1377 2765 1440 omnibus,
2821 1386 3125 1441 tacuerunt,
3156 1379 3503 1434 seductiones

240 1467 336 1534 τῆς
385 1467 708 1537 πλανήσεως
755 1471 1008 1539 τρόπους⁹
1040 1475 1138 1527 οὐκ
1186 1472 1254 1547 ἦν
1303 1478 1360 1530 ἐν
1413 1479 1595 1542 αὐτοῖς
1639 1483 1667 1533 ὁ
1709 1483 1801 1533 τοί.

1943 1467 2281 1532 ιᾶιιιίεοτιιιιι,
2322 1484 2425 1522 non
2458 1478 2579 1522 erat
2608 1471 2749 1523 inter
2794 1483 2910 1533 eos,
2942 1470 3034 1537 qui
3071 1469 3160 1522 illa
3206 1485 3346 1523 nova
3392 1487 3504 1526 mo-

238 1559 415 1610 ἐκεῖνα
446 1560 861 1630 καινοτομοῦσιν
894 1563 1263 1637 ἀνθεστηκὼς,
1295 1569 1394 1621 οὐκ
1428 1570 1720 1634 ἀντιτιθεὶς
1754 1572 1820 1625 τὰ
1925 1561 2179 1615 lientibus
2229 1562 2530 1626 resisteret,
2589 1576 2693 1615 non
2735 1561 2825 1630 qui
2881 1561 3052 1633 legem
3093 1571 3410 1632 opponeret,
3453 1572 3508 1618 et

235 1650 300 1701 ἐκ
346 1649 535 1718 νόμου,
569 1653 663 1704 καὶ
709 1653 789 1715 εἰς
839 1654 1145 1725 ἀνάμνησιν
1187 1658 1482 1731 ἀποφέρων
1514 1662 1621 1713 τῶν
1667 1663 1796 1715 τεθε

1940 1654 1989 1706 Id
2023 1654 2454 1708 recordationem
2491 1654 2750 1708 divinitus
2784 1665 3173 1724 praeceptorum
3220 1655 3501 1711 excitaret.

239 1741 570 1811 σπισμένων.
599 1742 914 1814 Γέγραπται
960 1747 1090 1818 γὰρ,
1135 1768 1152 1800 ‹
1185 1751 1298 1803 Οὐκ
1337 1751 1548 1806 ἔσονταί
1597 1771 1676 1806 σοι
1708 1754 1800 1807 οεο¹

1940 1743 2202 1814 Scriptum
2235 1745 2430 1814 quippe
2465 1753 2684 1799 exstat:
2725 1763 2743 1795 ‹
2782 1744 2895 1799 Non
2933 1755 3092 1799 erunt
3140 1747 3233 1799 tibi
3285 1747 3357 1800 dii
3411 1746 3501 1800 alii

235 1835 406 1904 ἕτεροι
454 1834 596 1906 πλὴν
617 1837 775 1906 ἐμοῦ.
799 1855 817 1887 ι
848 1839 956 1892 Καὶ
986 1839 1146 1893 πάλιν
1168 1859 1180 1871 ·
1218 1862 1234 1893 ι
1263 1843 1334 1895 Οὐ
1363 1845 1605 1915 ποιήσεις
1637 1847 1796 1916 actu-ci;

1943 1844 2121 1890 iraiter
2165 1837 2325 1890 mei:
2367 1855 2384 1887 ι
2421 1845 2476 1891 et
2527 1850 2783 1890 rursum:
2819 1856 2835 1888 ι
2870 1834 2984 1888 Non
3023 1836 3190 1890 facies
3240 1837 3331 1891 tibi
3389 1838 3504 1892 ido-

233 1926 466 1982 εἴδωλον.
502 1946 519 1976 ι
553 1927 694 1980 Ἀλλ’
710 1927 890 1996 ὀλίγος
916 1929 1100 1994 αὐτοῖς
1131 1932 1409 1996 παντελῶς
1455 1936 1482 1987 ὁ
1520 1937 1648 2005 περὶ
1690 1937 1794 1989 τού-

1946 1942 2032 1978 um
2054 1927 2095 1978 ⁸.
2135 1944 2154 1977 ι
2195 1925 2300 1980 Sed
2351 1926 2452 1980 ista
2496 1927 2973 1996 parvipeudcbant.
3023 1923 3302 1979 Siluerunl
3331 1926 3500 1993 enim,

229 2036 332 2071 των
374 2015 442 2090 ἦν
478 2019 651 2087 λόγος.
687 2021 1016 2092 Σεσιγήκασι
1073 2023 1202 2096 γὰρ,
1234 2026 1502 2094 τιμῶντες
1546 2027 1642 2097 τὴν
1686 2028 1790 2081 ἀσέη

1937 2015 2092 2068 )luris
2131 2015 2390 2071 facientes
2436 2016 2788 2086 impietatem,
2841 2017 2941 2070 huc
2981 2027 3086 2079 est,
3117 2017 3498 2075 defectionem.

231 2110 400 2173 ϐειαν,
434 2111 710 2176 τουτέστι,
775 2113 875 2183 τὴν
918 2114 1238 2169 ἀπόστασιν.
1277 2117 1507 2181 Οὐκοῦν,
1556 2138 1574 2169 ι
1609 2120 1792 2190 Τετρυ·

1949 2117 2107 2176 taque
2145 2127 2163 2159 ι
2197 2109 2600 2162 vindemiarum
2625 2108 2692 2162 de
2723 2118 2917 2163 czrtero
2955 2109 3162 2162 fructus
3195 2108 3500 2178 iniquitatis

232 2204 428 2271 γήκασι
473 2203 602 2266 τοὺς
644 2204 745 2273 τῆς
785 2205 865 2268 εἰς
900 2204 1062 2260 τοῦτο
1091 2206 1276 2260 λοιπὸν
1303 2208 1519 2272 ἀδικίας
1543 2211 1792 2282 καρπούς

1938 2198 2055 2267 :jus.
2104 2197 2466 2253 Comederunt
2519 2199 2756 2254 fructum
2815 2201 3151 2264 mendacem,
3194 2219 3213 2252 ι
3260 2200 3360 2256 hoc
3391 2208 3499 2266 est,

231 2293 638 2363 Κατεδηδόκασι
673 2296 882 2365 καρπὸν
908 2296 1095 2368 ψευδῆ,
1125 2317 1144 2350 ι
1176 2300 1474 2367 τουτέστιν,
1501 2300 1710 2372 ἀθρανῆ
1757 2320 1792 2354 τι

1945 2291 2246 2345 inbecillam
2272 2300 2324 2344 et
2349 2292 2592 2346 inutilem
2617 2307 2766 2362 spem
2802 2293 3127 2346 habuerunt.
3155 2292 3330 2348 Verus
3351 2295 3496 2348 enim

233 2386 316 2438 καὶ
347 2386 614 2454 ἀνόνητον
644 2388 912 2457 ἐσχήκασι
942 2391 1042 2460 τὴν
1077 2390 1287 2446 ἐλπίδα.
1321 2391 1546 2464 Καρπὺς
1579 2392 1676 2463 μὲν
1707 2395 1794 2462 γάι

1939 2382 2128 2436 'ructus
2156 2384 2381 2437 salutem
2411 2392 2463 2437 et
2495 2383 2783 2436 utilitatem
2817 2386 3118 2448 eoatinens,
3154 2394 3237 2439 est
3262 2386 3500 2441 cltaritas

231 2472 556 2541 ὁὰληθινὸς,
593 2475 619 2525 ό
651 2472 844 2536 σώζειν
889 2493 946 2528 τε
1002 2479 1096 2531 καὶ
1145 2478 1372 2548 ὠφελεῖν
1421 2481 1738 2552 δυνάμενος,
1777 2485 1792 2534 1‘

1935 2491 2046 2544 arga
2100 2475 2264 2529 Deum
2312 2474 2617 2545 etjustitite
2665 2486 3005 2529 ornamenta.
3050 2475 3282 2531 Fructus
3317 2485 3496 2530 autem

229 2567 300 2627 si;
329 2564 464 2617 Θεὸν
495 2566 707 2638 ἀγάπη,
743 2569 835 2621 καὶ
875 2571 945 2622 τὰ
993 2571 1091 2642 τῆς
1120 2572 1465 2644 δικαιοσύνης
1498 2574 1790 2646 αὐχήματα

1932 2570 2170 2634 mendax,
2198 2570 2408 2624 fructus
2439 2569 2731 2636 impietatis
2759 2569 3003 2639 apposite
3027 2568 3254 2638 intelligi
3293 2575 3493 2638 potest,

231 2656 450 2725 Καρπὺς
481 2656 538 2710 δὲ
571 2659 794 2729 ψευδὴς,
827 2662 854 2714 ὁ
883 2662 981 2733 τῆς
1010 2664 1330 2729 δυσσεϐείας
1371 2667 1529 2720 νοοῖτ⁹
1556 2669 1622 2720 ἂν
1668 2667 1792 2722 εἰκό·

1936 2660 1986 2712 id
2031 2658 2188 2712 finem
2222 2659 2363 2712 enim
2401 2674 2619 2728 prorsus
2649 2661 3042 2712 exsecrandum
3085 2658 3323 2714 devenit.
3365 2659 3497 2726 Quis

227 2763 356 2807 τως·
397 2747 650 2818 καταίρει
695 2749 804 2820 γὰρ
847 2753 1065 2816 πάντως
1105 2755 1184 2818 είς
1224 2755 1376 2819 τέλος
1419 2756 1479 2808 τὺ
1520 2757 1788 2810 ἀπευκτόν

1941 2751 2082 2818 gitur
2120 2750 2188 2804 sit
2237 2749 2443 2804 fructus
2497 2750 2748 2815 mendax,
2799 2751 2890 2819 qui
2939 2750 3065 2818 ipsis
3106 2765 3172 2804 ex
3220 2751 3498 2820 impietate

230 2837 379 2901 Ποῖος
406 2834 503 2893 οὖν
534 2841 562 2892 ό
590 2840 790 2912 ψευδὴς
816 2843 922 2913 ἄρα
954 2846 1184 2917 καρπὸς,
1217 2848 1245 2900 ὁ
1279 2847 1345 2900 ἐκ
1372 2846 1472 2916 τῆς
1500 2847 1791 2901 δυσσεϐείαι

1934 2841 2160 2904 Jriatur,
2211 2843 2394 2897 statim
2445 2843 2703 2898 ostendit.
2754 2844 3012 2914 Adjungit
3059 2846 3244 2910 enim,
3313 2863 3332 2896 ‹
3369 2846 3495 2916 quia

226 2932 407 2994 αὐτοῖς
453 2936 845 3003 γεγενημένος,
878 2937 1192 3006 παρέδειξεν
1239 2938 1422 3003 εὐθύς.
1467 2941 1786 3011 Προσεπάγε

1937 2936 2144 3004 ;perasti
2195 2936 2248 2988 in
2276 2935 2532 2988 curribus
2563 2934 2692 2999 tuis,
2747 2935 2796 3004 in
2838 2935 3183 2989 multitudine
3223 2934 3498 2990 fortitudio

225 3023 345 3092 γὰρ,
380 3025 464 3076 ὅτι
504 3025 813 3089 «ῚΙλπισας
858 3029 916 3080 ἐν
962 3032 1074 3093 τοῖς
1121 3030 1330 3100 ἅρμασί
1382 3049 1498 3096 σου,
1530 3033 1586 3085 ἐν
1618 3033 1786 3104 πλήθε

1939 3029 2002 3082 iis
2047 3037 2170 3082 tum.
2208 3027 2273 3080 Et
2325 3036 2621 3096 consurget
2664 3028 2901 3095 perditio
2953 3026 3006 3080 in
3061 3028 3260 3098 populo
3300 3038 3410 3094 tuo,
3443 3037 3497 3084 et

226 3113 507 3184 δυνάμεώς
531 3132 625 3168 σου
645 3133 658 3145 ·
683 3119 778 3170 καὶ
801 3119 1227 3191 ἐξαναστήσεται
1251 3123 1496 3178 ἀπώλεια
1514 3125 1572 3177 ἐν
1595 3124 1672 3195 τῷ
1693 3125 1787 3196 lat]

1936 3121 2096 3174 imnia
2150 3129 2360 3173 umrata
2420 3129 2508 3173 tua
2545 3119 2820 3188 peribunt.
2855 3139 2874 3170 ι
2927 3118 3041 3173 Non
3098 3121 3242 3174 enim
3286 3122 3497 3176 modice

225 3223 335 3268 σου,
367 3209 464 3260 καὶ
497 3209 675 3263 πάντα
707 3209 775 3263 τὰ
805 3215 1314 3285 περιτετειχισμένα
1345 3234 1436 3270 σου
1468 3217 1786 3286 οἰχήσεται.)

1932 3212 2063 3266 'uisti
2101 3197 2322 3280 impius,
2369 3211 2564 3278 inquit,
2601 3211 2726 3265 dum
2759 3211 2900 3279 ligna
2937 3225 2990 3265 et
3033 3211 3237 3279 lapides
3264 3212 3493 3277 coleres,

223 3299 634 3370 Δεδυσσέϐηκας
667 3303 768 3372 μὲν
811 3304 918 3375 γὰρ
950 3306 1009 3357 οὑ
1042 3307 1299 3378 μετρίως,
1336 3309 1489 3377 φησὶ,
1527 3308 1704 3373 ξύλοις
1747 3328 1784 3362 τι

1936 3318 2207 3373 tuumque,
2243 3313 2298 3356 et
2338 3312 2552 3368 natura,
2605 3309 2660 3356 et
2691 3316 2815 3356 vere
2853 3301 3019 3356 Deum
3055 3301 3214 3372 154
3241 3317 3497 3369 asperna-

223 3389 310 3440 καὶ
340 3388 517 3451 λίθοις
546 3387 939 3460 λελατρευκὼς,
971 3394 1062 3445 καὶ
1106 3393 1197 3446 τὸν
1237 3393 1333 3447 ἕνα
1388 3397 1481 3448 καὶ
1525 3397 1684 3464 φύσει
1714 3415 1784 3452 κα

1933 3395 2070 3449 'eris.
2107 3393 2308 3448 Deinde
2350 3393 2492 3448 bello
2531 3392 2913 3462 praenuntiam,
2950 3400 3004 3445 et
3032 3391 3143 3459 jam
3178 3393 3320 3445 intra
3352 3392 3494 3447 fores

221 3477 436 3547 άληθῶς
468 3479 743 3556 ἀτιμέισας
776 3481 928 3535 Θεόν.
957 3477 1090 3535 Εἶτα
1115 3483 1209 3536 τοῦ
1239 3485 1476 3555 πολέμου
1508 3488 1782 3558 προηγγελ

1932 3495 2187 3552 versante,
2248 3500 2354 3541 non
2402 3497 2577 3538 meam
2628 3484 2806 3552 potius
2847 3498 3004 3551 opem
3035 3482 3349 3551 flagitastis;
3397 3483 3493 3539 sed

224 3570 408 3638 μένου,
442 3571 737 3642 βεϐηκότος
780 3573 835 3626 δὲ
884 3573 978 3626 καὶ
1016 3574 1194 3628 αὐτῶν
1227 3575 1358 3629 εἵσω
1391 3577 1592 3648 Θυρῶν,
1623 3581 1681 3632 οὑ
1709 3579 1785 3650 τὴι

1933 3576 2122 3630 viribus
2154 3575 2350 3628 vestris
2387 3582 2440 3628 et
2488 3589 2713 3628 numero
2750 3588 3004 3628 curruum
3059 3574 3274 3639 confisi,
3312 3576 3494 3630 hostes

222 3667 344 3733 παρ’
374 3664 513 3734 ἐμοῦ
541 3665 744 3734 μᾶλλον
773 3665 984 3736 ἐζήτεις
1011 3667 1354 3739 ἐπικουρίαν,
1378 3670 1514 3724 ἀλλά
1537 3675 1656 3735 ταῖς
1678 3674 1783 3727 ἐαυι

1930 3668 2279 3724 iebellaturos
2312 3667 2690 3731 existimastis,
2713 3667 2880 3736 'quasi
2914 3667 3106 3723 adhoc
3141 3669 3297 3724 vobis
3325 3668 3491 3723 falso-

221 3757 326 3808 τῶν
358 3757 645 3827 δυνάμεσι,
679 3759 773 3809 καὶ
819 3757 894 3827 τῷ
924 3757 1117 3828 πλήθει
1146 3759 1254 3812 τῶν
1279 3762 1542 3832 ἁρμάτων
1575 3763 1781 3836 ἐπεθαρ

1931 3777 2034 3814 ὐῐῐὶ
2062 3762 2286 3813 deorum
2320 3758 2473 3812 favor
2499 3759 2868 3829 auxiliumque
2893 3760 3181 3815 sufﬁceret.
3217 3759 3316 3814 Hic
3342 3760 3492 3816 vobis

225 3849 453 3918 σήσατε,
508 3850 604 3901 καὶ
651 3849 753 3920 τῆς
801 3849 909 3903 τῶν
961 3850 1236 3922 πολεμίων
1287 3853 1469 3923 ἰσχύος
1511 3857 1786 3926 κρατήσειε

1926 3851 2124 3906 fructus
2184 3850 2415 3904 mendax
2477 3852 2600 3905 erit.
2670 3851 2785 3905 Erit
2851 3852 2994 3905 enim
3049 3854 3246 3920 populo
3303 3852 3487 3920 pestis.

222 3940 655 4012 ὑπελαμϐάνετε,
708 3941 987 4013 ἀρκούσης
1036 3943 1164 4013 ὑμῖν
1213 3945 1292 4006 είς
1343 3944 1502 3998 τοῦτο
1548 3945 1646 4015 τῆς
1697 3947 1783 3999 τῶι

1930 3945 2105 4001 Limnis
2128 3951 2306 3998 autem
2344 3943 2571 3999 illustris
2593 3954 2646 3999 et
2670 3945 3094 3999 fortunatissima
3120 3944 3308 3998 civitas
3337 3957 3491 3998 ever-

222 4030 590 4102 ψευδωνύμων
646 4032 784 4086 Θεῶν
827 4032 1042 4102 φειδοῦς
1090 4034 1186 4088 καὶ
1231 4037 1570 4107 ἐπικουρίας.
1636 4038 1783 4092 Τοῦτε

1931 4047 2075 4092 ,ctur.
2111 4035 2262 4102 Quod
2292 4034 2438 4088 enim
2483 4035 2623 4091 Deus
2661 4051 2766 4092 non
2803 4035 3028 4102 stabilit,
3073 4035 3228 4104 plane
3273 4042 3492 4089 corruat

227 4126 350 4191 ὑμῖν
388 4125 676 4195 γενήσεται
717 4125 932 4196 καρπὸς
960 4126 1180 4197 ψευδής.
1215 4128 1406 4181 Ἔσται
1448 4129 1556 4199 γὰρ
1587 4128 1788 4200 ὄλεθρος

717 4125 932 4196 καρπὸς
960 4126 1180 4197 ψευδής.
1215 4128 1406 4181 Ἔσται
1448 4129 1556 4199 γὰρ
1587 4128 1806 4200 ὄλεθρος
1914 4143 2132 4184 necesse
2157 4138 2256 4183 est.

226 4220 361 4273 κατὰ
389 4220 498 4272 τῶν
533 4218 699 4272 λαῶν.
733 4220 890 4274 Πᾶσά
917 4237 976 4272 τε
1006 4220 1237 4292 λαμπρὰ
1291 4221 1382 4274 καὶ
1433 4221 1799 4292 εὐτυχεστάτη
1841 4221 2323 4291 κατασεισθήσεται
2351 4218 2524 4283 πόλις.
2572 4219 2637 4271 Ὃ
2659 4217 2767 4287 γὰρ
2821 4217 2920 4288 οὐχ
2946 4217 3126 4285 ἵστησι
3145 4216 3488 4287 Θεὸς,πάντη

224 4325 278 4360 τε
326 4312 416 4363 καὶ
447 4312 667 4376 πάντως
693 4316 962 4367 πεσεῖται.

290 4403 546 4470 Λεγέσθω
572 4404 636 4476 δὴ
664 4405 836 4458 ταῦτα
864 4406 959 4458 καὶ
988 4405 1123 4476 πρὸς
1151 4406 1332 4478 ἡμῶν,
1362 4408 1560 4479 μᾶλλον
1581 4409 1636 4462 δὲ
1658 4409 1809 4482 παρά
1839 4413 1851 4469 ]

1983 4407 2236 4462 Dicamus
2277 4420 2374 4462 nos
2418 4405 2535 4460 haec
2563 4401 2747 4470 etiam,
2771 4401 2876 4457 imo
2904 4399 3044 4456 Deus
3085 4401 3168 4455 his
3194 4401 3285 4472 qui
3337 4416 3486 4457 asse-

220 4494 374 4559 Θεοῦ,
403 4499 518 4559 τοῖς
550 4497 932 4569 προσεδρεύειν
959 4498 1200 4552 ἐθέλουσι
1247 4503 1359 4564 τοῖς
1388 4502 1622 4566 ἀνοσίοις
1650 4505 1781 4574 αἶρε·

1926 4506 2126 4553 :tautur
2174 4497 2367 4565 impios
2425 4493 2731 4556 haereticos,
2781 4500 2835 4546 et
2891 4504 2951 4546 se
3007 4490 3175 4544 teneri
3237 4490 3487 4560 cupidine

217 4588 406 4651 τικοῖς,
442 4589 537 4640 καὶ
571 4590 840 4660 μαθητιᾷν
875 4592 1320 4661 ὑποκρινομένοις
1353 4593 1421 4646 τὰ
1459 4595 1538 4658 εἰς
1572 4593 1716 4666 ζωήν
1743 4612 1778 4647 τη

1921 4589 2148 4644 discendi
2182 4590 2246 4641 ad
2277 4589 2460 4654 vitam,
2494 4593 2549 4640 et
2582 4583 2922 4654 prudentiam
2960 4580 3283 4652 pertinentia
3315 4582 3482 4636 simu-

219 4679 318 4730 καὶ
345 4679 575 4735 σύνεσιν.
605 4675 764 4735 οὗτοι
787 4683 1221 4752 παρασιωπῶσιν
1259 4683 1536 4739 ἀσέϐειαν.
1555 4685 1780 4757 Ἀνέχον⁴

1929 4688 2043 4733 ant.
2112 4677 2176 4732 lli
2235 4685 2419 4731 tacent
2480 4675 2845 4744 impietatem;
2899 4687 3054 4742 atquo
3111 4675 3252 4726 enim
3304 4672 3485 4727 animo

219 4787 313 4823 ται
340 4772 441 4843 γὰρ
469 4773 898 4843 δυσφημούντων
931 4774 1240 4840 ἀκούοντες,
1287 4775 1378 4829 καί
1419 4793 1499 4829 τοι
1542 4776 1780 4849 πλείστη·

1924 4769 2298 4823 maledicentes
2345 4767 2592 4833 audiunt,
2642 4767 2764 4821 c'um
2810 4777 2903 4820 eos
2950 4764 3319 4833 maximopere
3355 4779 3485 4819 con-

219 4865 352 4934 ἴσην
391 4866 694 4934 ὀφείλοντες
723 4867 823 4937 τὴν
855 4869 975 4919 κατ’
1007 4867 1184 4922 αὐτῶν
1219 4869 1492 4922 ποιεῖσθαι
1520 4869 1780 4941 κατάρῤη·

1919 4860 2170 4915 demnare
2223 4861 2474 4915 debeant.
2521 4857 2819 4926 Participes
2872 4853 3036 4925 igitur
3087 4865 3246 4909 erunt
3293 4869 3480 4910 eorum

219 4973 322 5008 σιν.
361 4957 659 5024 Μεθέξουσι
702 4957 767 5029 δὴ
811 4953 903 5011 οὖν
944 4959 1045 5028 τῆς
1087 4959 1295 5012 ἑαυτῶν
1326 4959 1677 5031 συμϐουλίας,
1711 4979 1780 5014 κα

1924 4953 2144 5019 :onsilii,
2196 4961 2249 5006 ct
2307 4951 2612 5020 iniquitatis
2659 4948 2872 5001 fructus
2911 4953 3132 4999 nictent.
3187 4947 3485 5004 Comedent

219 5043 342 5104 τοὺς
370 5043 467 5112 τῆς
512 5043 724 5106 ἀδικίας
756 5043 1061 5116 ἐκθεριοῦσι
1097 5046 1364 5116 καρπούς.
1397 5049 1666 5116 Φάγονται
1695 5049 1780 5119 γάι

1921 5045 2046 5098 mim
2088 5045 2400 5098 mendacem
2440 5042 2698 5103 fructum,
2729 5039 2970 5108 spuriam
3011 5047 3066 5093 et
3093 5039 3482 5109 explodendam

221 5133 403 5203 ψεώἧ,
431 5135 597 5204 νόθην
626 5135 720 5188 καὶ
746 5135 1052 5206 ἀπόϐλητον
1103 5137 1383 5207 δεχόμενοι
1413 5138 1635 5207 γνῶσιν,
1663 5138 1782 5191 διδαι

1921 5134 2187 5188 scientiam
2244 5131 2630 5200 suscipientes,
2672 5128 3039 5194 docentesque
3087 5140 3374 5195 perversa,
3429 5135 3482 5181 et

223 5213 467 5294 σχόμενοί
502 5244 562 5278 τε
593 5226 663 5278 τὰ
689 5227 1118 5298 διεστραμμένα,
1148 5230 1244 5281 καὶ
1285 5231 1385 5283 ὅσα
1412 5229 1512 5301 τῆς
1547 5229 1784 5300 ἀληθείας

1920 5228 2098 5298 μιὶὺυε
2129 5225 2376 5281 veritatis
2419 5221 2878 5291 pulchritudinem
2930 5219 3242 5276 adulterare
3279 5235 3481 5276 conan-

216 5317 274 5369 τὸ
302 5318 492 5382 κάλλος
525 5319 971 5389 παραχαράττειν
1009 5321 1431 5391 ἐπιχειρεῖ.⁶’οτι
1475 5321 1531 5375 δὲ
1575 5323 1667 5376 καὶ
1703 5322 1777 5375 αὖε

1920 5335 2011 5375 ω’.
2056 5318 2227 5374 Porro
2261 5325 2316 5372 et
2363 5317 2572 5372 illorum
2622 5315 2995 5373 fortitudinem
3049 5315 3158 5370 Deo
3204 5321 3481 5370 evertente

217 5406 320 5458 τῶν
362 5409 514 5460 πᾶσα
567 5412 817 5460 πεσεῖται
858 5407 1105 5480 δύναμις,
1137 5409 1272 5463 Θεοῦ
1305 5413 1772 5484 καταστρέφοντος

1913 5424 2186 5474 casuram,
2243 5420 2298 5463 et
2355 5409 2407 5463 in
2467 5421 2674 5479 pestem
2735 5417 2902 5479 atque
2950 5406 3177 5462 exitium
3235 5403 3474 5458 abituros

218 5497 522 5566 οἰχήσονται
556 5497 616 5548 δὲ
649 5497 742 5550 καὶ
766 5498 845 5560 εἰς
878 5498 1098 5569 ὄλεθρον
1155 5500 1249 5553 καὶ
1271 5500 1566 5557 ἀπώλειαν.
1591 5501 1707 5565 πῶς
1733 5501 1779 5554 ἃς

970 5499 1098 5569 θρον
1155 5500 1249 5553 καὶ
1271 5500 1566 5557 ἀπώλειαν.
1591 5501 1707 5565 πῶς
1733 5501 1797 5554 ἂν
1906 5503 2262 5559 dubitandum
2293 5515 2395 5558 non
2431 5508 2531 5556 est.

220 5587 502 5643 ἐνδοιάσειέ
534 5607 621 5653 τις
642 5607 656 5652 ;

286 5683 493 5739 ⁷Εςοι1.
530 5701 622 5749 xx,
653 5686 706 5738 ὃ.
785 5683 999 5741 διενὶι.
1036 5701 1181 5754 xxvr,
1222 5688 1270 5741 l.
