3954 6208
449 293 553 349 9.59

522 412 686 466 Vens.
729 408 815 469 Η,
852 407 937 460 15.
991 403 1137 459 Sicut
1186 399 1422 467 princeps
1461 394 1748 450 Salmannc
1777 399 1840 448 de
1879 396 2031 448 domo
2063 403 2105 457 Α

452 504 760 569 Hierobaql,
815 504 869 554 in
910 498 1090 551 diebus
1137 492 1253 546 belli
1300 499 1519 543 matrem
1559 505 1715 556 super
1740 489 1878 556 ﬁlios
1922 489 2033 543 solo

448 598 645 661 allisil;
673 594 747 648 sic
780 592 977 662 facium
1001 589 1162 652 vobis,
1189 586 1374 638 domus
1400 581 1591 647 Israel,
1620 598 1651 634 a
1681 582 1817 651 [acie
1840 581 2034 651 iniqui-

450 692 574 745 tatis
603 688 958 758 nequitiarum
989 693 1303 738 vestrarum.
1837 744 1847 754 .

519 779 758 836 CXXIII.
807 777 865 832 In
916 777 1054 830 libro
1101 771 1350 826 Iudicum
1403 767 1671 827 refertur.
1731 767 2033 823 declinasse

449 870 616 926 lsrael
683 877 803 938 post
859 865 1060 918 Baalim
1108 860 1417 930 aliquando.
1471 858 1590 924 Quo
1647 856 1849 912 scelere
1907 871 2029 910 cum

451 964 618 1018 Deum
668 959 1038 1018 offendissent,
1079 953 1263 1007 traditi
1311 958 1433 1004 sunt
1487 949 1540 1005 in
1585 964 1776 1004 manus
1821 946 2030 1000 Madian

452 1058 519 1110 ad
580 1053 917 1120 septennium
967 1053 1257 1119 integrum.
1304 1047 1454 1101 Adeo
1513 1054 1690 1098 autem
1741 1040 2036 1096 inclemen-

453 1155 532 1200 tes
596 1143 848 1199 dominos
899 1147 1210 1203 senserunt,
1265 1146 1324 1190 ut
1370 1136 1532 1191 etiam
1591 1143 1745 1188 antra
1794 1141 1848 1186 et
1910 1147 2034 1200 spe-

452 1238 641 1292 luncas
689 1234 1041 1295 ltabitarent,
1087 1239 1142 1285 et
1185 1232 1238 1285 in
1296 1244 1390 1282 eas
1439 1243 1499 1283 se
1545 1228 1840 1292 abdentes,
1895 1239 2038 1294 aegre

453 1333 618 1385 vitam
651 1333 955 1388 tuerentur,
992 1323 1346 1391 locorumque
1368 1319 1713 1375 difﬁcultates
1739 1334 1838 1389 pro
1866 1318 2037 1373 muris

455 1440 548 1480 seu
595 1419 1012 1492 propugnaculis
1058 1417 1418 1484 obiectarent,
1465 1415 1606 1484 quod
1655 1412 1886 1467 faustam
1935 1427 2036 1478 pu-

453 1531 613 1585 gnam
641 1515 859 1566 omnino
891 1511 1245 1578 despcrarent
1264 1508 1306 1562 ⁹.
1336 1506 1694 1576 Contingebat
1720 1504 1883 1574 igitur
1906 1519 2037 1558 con-

455 1617 743 1662 currentes
792 1619 914 1658 cum
970 1600 1281 1654 Madianitis
1331 1598 1623 1652 crudeliter
1671 1597 1927 1659 interfici,
1980 1603 2040 1650 ut

453 1714 577 1750 cum
609 1696 819 1750 miseris
854 1693 1119 1748 matribus
1148 1689 1381 1745 infantes
1407 1704 1620 1759 quoque
1651 1689 1796 1744 omni
1823 1689 2034 1745 sublata

1471 277 1525 330 S.
1573 275 1848 331 ογιιιω
1892 269 2357 329 ALEXANDRINI
2403 269 2722 326 ARCIIIEI’.

3611 266 3719 321 9.60

2219 393 2312 458 Ὠς
2348 391 2550 462 ἄρχων
2597 392 2917 460 Salyas-(ix
2952 390 3018 443 ἐκ
3052 388 3156 442 τοῦ
3191 385 3361 442 οἴκου
3403 386 3507 441 τοῦ
3552 387 3727 453 Ἰερο-

2141 485 2313 550 Gaia/2,
2347 486 2415 539 ἐν
2466 483 2712 554 ἡμέραις
2756 481 3024 552 πολέμου
3075 479 3295 550 μητέρα
3351 479 3449 533 ἐπὶ
3493 479 3730 546 τέκνοις

2137 578 2417 648 ὴδάρισε·
2447 579 2638 644 οὕτως
2667 576 2902 643 ποιήσω
2928 575 3089 645 ὑμῖν,
3126 575 3291 640 οἶκος
3310 574 3417 628 τοῦ
3451 572 3726 642 Ἰσραὴλ,

2139 669 2257 725 ἀπὸ
2295 669 2622 738 προσώπου
2645 668 2882 734 ἀδικίας
2911 667 3135 721 κακιῶν
3171 665 3358 736 ὑμῶν.

2209 762 2382 815 ΡΚΓ’.
2434 763 2524 814 Ἐν
2572 763 2638 832 τῇ
2677 760 2846 831 βίϐλῳ
2879 760 3188 831 γέγραπται
3231 759 3339 812 τῶν
3381 757 3622 829 Κριτῶν,
3656 755 3730 820 ὡς

2139 851 2377 916 ἐξέκλινε
2403 851 2502 922 μὲν
2530 853 2557 904 6
2590 850 2805 923 Ἰσραὴλ
2833 849 3010 903 ὀπίσω
3036 848 3281 918 Βααλεὶμ
3312 848 3454 902 κατᾶ
3475 846 3730 917 καιρούς,

2138 944 2409 1018 Ταύτῃτοι
2440 943 2558 1013 Θεῷ
2593 942 3095 1015 προσκεκρούκασι.
3124 939 3522 1010 Παραδέδονται
3551 939 3608 992 δὲ
3637 941 3733 994 καὶ

2139 1036 2219 1098 εἰς
2249 1037 2438 1106 χεῖρας
2479 1034 2730 1104 Μαδιάμ,
2763 1033 2850 1102 ἐφ’
2875 1033 3018 1096 ὅλοις
3052 1031 3229 1085 ἔτεσιν
3255 1031 3414 1085 ἑπτά.
3433 1030 3642 1102 ’Ᾱπηνῆ
3675 1032 3734 1084 δὲ

2137 1125 2310 1188 οὕτως
2368 1126 2824 1197 ὑπομεμενήκασι
2877 1126 2978 1194 τὴν
3027 1126 3090 1178 ἐκ
3148 1123 3257 1176 τῶν
3310 1123 3734 1194 κεκρατηκότων

2139 1216 2475 1283 πλεονεξίαν,
2506 1217 2582 1281 ὡς
2611 1217 2711 1288 ἤδη
2763 1216 2860 1271 καὶ
2894 1217 3101 1287 πέτρας
3129 1217 3300 1269 οἰκεῖν
3329 1215 3425 1268 καὶ
3461 1215 3733 1278 σώζεσθαι

2142 1311 2314 1382 μόλις,
2362 1311 2419 1363 ἐν
2471 1311 2662 1374 αὐταῖς
2708 1309 3161 1379 καταδυομένους,
3215 1310 3309 1362 καὶ
3364 1309 3733 1380 προτείχισμα

2139 1401 2407 1455 ποιεῖσθαι
2439 1402 2538 1465 τάς
2570 1399 2896 1470 δυσχωρίας,
2928 1398 3016 1452 διά
3047 1417 3131 1452 τοι
3163 1397 3223 1452 τὸ
3263 1397 3540 1462 παντελῶς
3570 1400 3734 1455 ἀπει-

2138 1497 2260 1547 πεῖν
2304 1494 2442 1565 πρὸς
2477 1494 2676 1564 μάχην.
2712 1493 3037 1564 Συμὸἑϐηκε
3079 1492 3258 1546 τοίνυν
3287 1492 3452 1563 ὠμῶς
3484 1494 3732 1564 ἀναιρεῖ-

2141 1584 2265 1638 σθαι
2304 1585 2430 1648 τοὺς
2469 1585 2841 1654 ἐμπίπτοντας
2886 1585 3000 1646 τοῖς
3046 1583 3420 1654 Μαδιηναίοις,
3452 1581 3598 1635 ὥστε
3639 1583 3732 1637 καὶ

2139 1677 2352 1740 ἀθλίαις
2383 1676 2623 1748 μητράσι
2673 1675 3077 1731 συνδιόλλυσθαι
3117 1675 3307 1738 τέκνα,
3343 1675 3557 1744 φειδοῦς
3596 1676 3732 1729 ἁπάσ-

458 1786 830 1842 misericordia
861 1786 1123 1855 perirent.
1154 1784 1354 1837 Eorum
1381 1781 1654 1850 principes
1686 1789 1844 1835 erant
1871 1779 2036 1845 Oreb,

2150 1787 2244 1840 σης
2274 1764 2858 1840 ὲξῃρημένηςῗίίρχον
2890 1769 2946 1822 δὲ
2976 1768 3155 1822 αὐτῶν
3187 1767 3351 1840 Ὠρήεὶ
3379 1786 3438 1822 τε
3475 1769 3570 1822 καὶ
3595 1769 3726 1835 Ζὴϐ,

454 1889 504 1931 et
547 1878 656 1930 Zeb
681 1877 746 1938 ¹⁰,
783 1886 836 1930 et
862 1874 1058 1935 Zebee,
1106 1883 1159 1929 et
1198 1871 1540 1926 Salmana“.
1585 1871 1906 1926 Perduravit
1939 1885 2038 1922 au-

459 1981 562 2022 tem
592 1968 896 2032 calamitas,
928 1967 1099 2022 donec
1130 1979 1495 2020 aerumnosum
1526 1961 1776 2016 lsraelem
1813 1960 2039 2014 misera-

460 2073 544 2116 tus
578 2064 737 2126 Deus,
770 2060 1029 2114 excitavit
1064 2058 1396 2120 Gedeonem,
1437 2057 1525 2124 qui
1559 2063 1609 2108 et
1645 2070 1671 2106 a
1706 2063 1858 2123 patre
1893 2061 1946 2107 et
1975 2053 2041 2106 ab

457 2151 725 2221 indigenis
764 2149 870 2204 alio
919 2151 1137 2205 nomine
1181 2149 1355 2203 dictus
1408 2156 1492 2201 est
1545 2146 1854 2206 i-lierobaal,
1883 2143 2040 2214 155

458 2247 528 2300 ob
569 2260 784 2299 causam
839 2243 1164 2298 istiusmodi.
1208 2243 1340 2297 Cum
1385 2242 1431 2296 ei
1488 2238 1630 2295 Deus
1677 2255 1777 2310 per
1821 2238 2040 2293 oracula

459 2336 701 2403 angelica
751 2337 820 2388 ita
865 2335 1238 2402 praecepisset,
1285 2347 1435 2387 aram
1478 2330 1606 2386 Baal
1655 2331 1943 2395 destruxit,
1987 2339 2042 2384 et

461 2424 638 2479 lucum
691 2424 809 2494 ejus
849 2423 1100 2489 succidit,
1134 2423 1296 2492 idque
1347 2422 1486 2477 clam
1532 2431 1587 2477 et
1630 2432 1816 2477 noctu.
1847 2420 2043 2476 Incolae

459 2515 700 2585 Oppiduli
731 2514 818 2571 ubi
853 2515 1028 2585 primo
1063 2513 1298 2570 diluculo
1323 2515 1498 2569 sacris
1520 2529 1618 2583 pro
1651 2529 1804 2569 more
1839 2514 2044 2569 facien-

462 2609 546 2662 dis
572 2608 637 2661 ad
678 2622 868 2660 nemus
899 2611 1309 2666 convenerunt,
1342 2590 1530 2672 ibique
1582 2603 1710 2656 Baal
1751 2609 1806 2658 et
1849 2617 2043 2656 nemus

461 2716 622 2768 super
654 2714 776 2752 eum
829 2698 1077 2766 illapsum
1124 2702 1545 2763 conspexerunt.
1606 2694 1728 2748 inde
1772 2691 2045 2748 Gedeonis

462 2795 699 2848 studium
739 2807 866 2859 erga
907 2792 1072 2846 Deum
1113 2789 1491 2857 conjicientes,
1525 2787 1699 2842 cidem
1743 2787 1906 2856 bujus
1961 2785 2039 2840 rei

463 2899 682 2938 causam
735 2883 1131 2950 ascripserunt.
1182 2880 1387 2934 Deinde
1435 2888 1704 2933 convento
1736 2876 1853 2946 ejus
1895 2884 2046 2945 patre

465 2976 761 3030 dixerunt:
796 2993 815 3025 ι
853 2974 926 3026 Da
971 2970 1344 3026 nobiS'lilium
1405 2980 1576 3034 tuum,
1626 2977 1685 3021 ut
1735 2966 2046 3022 occidamus

465 3085 612 3127 eum.
646 3067 772 3137 quia
809 3064 1079 3120 destruxit
1112 3063 1242 3118 Baal
1267 3065 1334 3117 ι’.
1363 3081 1381 3113 ι
1426 3061 1505 3114 Ad
1543 3061 1658 3114 haec
1696 3058 1784 3112 ille
1813 3076 1825 3111 :
1862 3077 1879 3109 ι
1910 3055 2044 3111 Num

464 3177 583 3224 vos,
624 3161 819 3228 inquit,
855 3157 1179 3213 ulciscimini
1223 3154 1386 3209 Baal?
1417 3156 1459 3208 si
1495 3155 1636 3208 Deus
1665 3161 1770 3215 eSI,
1809 3151 2044 3205 ulcisea-
2073 3128 2115 3184 (ἶ

466 3265 554 3309 tttr
592 3269 651 3308 se
695 3254 762 3307 de
799 3267 862 3306 eo
901 3251 990 3321 qui
1041 3248 1311 3304 destruxit
1351 3246 1498 3300 illmn
1527 3245 1591 3296 ".
1625 3263 1643 3296 ι
1681 3243 1804 3297 Inde
1849 3257 2046 3312 cogno-

466 3361 587 3400 men
618 3343 818 3398 mansit
847 3339 1083 3396 Gedeoni
1129 3337 1417 3393 Hierobaal
1452 3355 1464 3390 :
1493 3336 1634 3406 quod
1685 3343 1862 3395 sonat,
1911 3350 1930 3382 ι
1963 3331 2046 3384 ul-

465 3440 702 3493 ciscatur
751 3451 811 3490 se
859 3435 1008 3489 Baal.
1037 3453 1055 3484 »
1119 3433 1271 3488 Sicut
1317 3431 1482 3502 igitur
1525 3428 1804 3489 Salmana,
1850 3425 2044 3494 inquit,

465 3531 882 3586 Madianitarum
916 3531 1044 3593 dux,
1083 3529 1149 3581 de
1189 3528 1348 3579 domo
1384 3523 1679 3586 Gedeonis,
1716 3520 1832 3574 sive
1867 3517 2049 3572 Hiero-

467 3624 588 3677 baal
625 3631 854 3676 matrem
892 3637 1013 3675 cum
1049 3620 1174 3674 liliis
1209 3619 1413 3684 allisit;
1452 3617 1642 3672 eodem
1685 3613 1842 3667 modo
1883 3612 2048 3682 Assy-

469 3715 674 3768 riorum
700 3712 804 3767 dux
849 3709 1110 3763 atrociter
1144 3718 1199 3761 et
1241 3707 1570 3769 Immaniter,
1606 3705 1851 3774 citraque
1885 3701 2045 3754 ullam

470 3804 897 3861 misericordiam
941 3801 1080 3856 bello
1117 3815 1211 3854 vos
1245 3799 1519 3864 tractabit,
1557 3806 1894 3865 matremque
1926 3809 2046 3848 cum

469 3899 656 3953 liberis
708 3896 911 3950 allidct.
963 3893 1227 3947 Evenient
1267 3900 1446 3944 autem
1483 3890 1637 3945 vobis
1681 3890 1780 3942 ista
1829 3897 2050 3956 propter

471 3988 741 4057 nequitias
787 3995 1017 4040 vestras.
1070 3983 1229 4036 Ponit
1270 3982 1415 4037 enim
1477 3996 1582 4034 non
1634 3989 1837 4034 temere
1869 3977 2051 4044 justus

463 4079 631 4149 judox
661 4077 1038 4132 universorum
1077 4075 1258 4142 Deus;
1293 4073 1385 4128 sed
1419 4073 1462 4128 si
1504 4072 1645 4126 ultra
1680 4071 1895 4125 modum
1929 4084 2051 4123 sese

469 4169 857 4226 olfendeutium
932 4167 1130 4222 delicta
1196 4164 1577 4234 perrexerint,
1649 4172 1775 4216 tunc
1835 4161 2049 4216 demmn

473 4263 644 4316 iratus
685 4276 782 4330 pro
827 4259 1076 4329 portione
1121 4256 1446 4327 supplicium
1500 4255 1727 4324 irrogat.
1779 4255 1834 4308 Si
1889 4253 2052 4324 igitur

471 4370 789 4412 avcrsamur
825 4355 982 4415 iram.
1030 4366 1128 4422 par
1172 4361 1256 4406 est
1291 4351 1498 4418 utique,
1535 4364 1633 4404 nos
1666 4348 1830 4403 etiam
1861 4361 2053 4417 pecca-

475 4457 584 4500 tum
639 4442 878 4499 aversari
961 4449 1018 4495 et
1092 4437 1235 4493 uelle
1288 4437 1526 4492 divinam
1598 4437 2054 4505 mitissimamque

474 4549 733 4612 naturam.
757 4537 824 4590 ad
858 4534 1282 4604 indignationem
1314 4534 1462 4587 velut
1495 4544 1781 4596 exacuere,
1811 4539 1862 4585 et
1891 4528 2050 4584 forsi-

475 4640 564 4684 tan
608 4631 832 4684 invitam
863 4642 1076 4698 quoque
1112 4625 1376 4682 scelerum
1409 4624 1629 4679 diritate
1662 4625 1768 4678 huc
1808 4621 2046 4691 adigere.

475 4721 770 4778 Sciendum
794 4729 975 4775 autem
999 4727 1436 4790 antegressorum
1460 4719 2050 4788 explanatorumquos-

474 4813 594 4867 dam
640 4804 904 4877 scribere,
955 4825 1060 4865 non
1117 4809 1414 4880 principem
1466 4809 1881 4864 Madianitarum
1929 4806 2051 4860 Sal-

475 4920 634 4959 maua
665 4914 896 4960 matrem
925 4918 1046 4960 cum
1082 4902 1206 4959 ﬁliis
1231 4902 1463 4959 allisisse
1490 4917 1520 4956 e
1548 4901 1709 4957 domo
1735 4899 2046 4964 Hierobaal,

474 4997 588 5050 sive
621 4997 784 5052 lsrael
820 4997 873 5067 (a
929 4997 1160 5054 ducibus
1212 4997 1357 5053 enim
1415 4996 1686 5052 interdum
1727 4994 2052 5049 universitas

474 5086 857 5154 significatur).
913 5090 1006 5143 sed
1048 5098 1232 5144 contra
1281 5087 1462 5158 potius
1513 5085 1566 5140 in
1601 5085 1763 5141 domo
1799 5082 2050 5138 Salmana

473 5177 779 5231 Gedeonem
827 5177 1059 5232 allisisse
1093 5188 1320 5233 matrem
1353 5195 1476 5235 cum
1529 5177 1733 5233 liberis.
1779 5173 1883 5230 Sed
1934 5189 2054 5229 me-

478 5270 578 5323 lius
609 5278 665 5322 et
713 5268 1126 5323 convenientius
1177 5270 1360 5334 fuerit,
1408 5271 1484 5324 uti
1524 5284 1666 5338 reor,
1712 5269 1846 5323 illttd
1887 5280 2050 5337 quam

476 5359 636 5414 istuc.
694 5357 850 5414 Sicut
911 5359 1055 5414 enim
1120 5370 1361 5430 tempore
1413 5363 1537 5427 illo,
1593 5377 1700 5432 quo
1760 5360 1927 5416 Israel
1983 5359 2049 5413 ad

477 5451 690 5505 Baalim
723 5450 1033 5517 declinavit,
1067 5452 1204 5519 apud
1249 5466 1341 5505 eos
1373 5450 1466 5505 lilii
1497 5466 1619 5505 cum
1654 5452 1918 5506 matribus
1957 5466 2052 5521 per

478 5560 670 5598 manus
717 5543 1146 5610 alienigenarum
1207 5542 1344 5597 allisi
1392 5553 1518 5597 sunt
1568 5561 1580 5598 :
1634 5544 1713 5598 sic
1773 5554 1827 5597 et
1879 5560 2050 5608 nunc,

555 5721 766 5778 ’Judic.
803 5739 872 5789 γι,
904 5721 954 5788 1,
986 5721 1038 5776 2.
1122 5722 1163 5753 ¹⁰
1189 5719 1362 5777 Jutlic.
1397 5735 1489 5776 t'tl.
1528 5719 1618 5774 2’5.

1702 5722 1737 5751 “
1770 5719 1946 5777 ludio.
1980 5738 2099 5793 γιιι,
2163 5726 2214 5780 5.

2140 1862 2235 1914 καὶ
2266 1860 2452 1925 Ζε6εὲ,
2477 1863 2570 1915 καὶ
2594 1862 2876 1934 Σαλμανά.
2909 1861 3269 1933 Παρετείνετο
3295 1861 3350 1913 δὲ
3379 1860 3449 1914 τά
3470 1861 3571 1932 τῆς
3594 1878 3730 1931 συμ-

2141 1957 2313 2026 φορᾶς
2363 1956 2524 2026 ἄχρις
2571 1955 2637 2009 ἂν
2686 1956 3067 2027 κατοικτείρας
3115 1954 3244 2020 Θεὸς
3278 1953 3734 2024 ταλαιπωροῦντα

2140 2047 2230 2100 τὸν
2247 2049 2483 2120 Ἰσραὴλ,
2519 2047 2708 2120 ἤγειρε
2733 2048 2822 2102 τὸν
2842 2047 3070 2114 Γεδεὼν,
3104 2047 3162 2113 ὂς
3187 2048 3281 2102 καὶ
3314 2048 3734 2120 μετωνόμασται

2142 2145 2296 2215 παρά
2340 2163 2399 2198 τε
2449 2145 2542 2198 τοῦ
2587 2132 2793 2216 παῖ’ρδς
2842 2144 2935 2198 καὶ
2978 2143 3088 2199 τῶν
3138 2143 3420 2216 ἐγχωρίων
3454 2143 3734 2214 Ἱεροϐάαλ

2141 2235 2208 2288 δι’
2234 2235 2414 2290 αἰτίαν
2458 2235 2733 2305 τοιαύτην.
2781 2237 3104 2307 Χρήσαντος
3154 2234 3253 2305 μὲν
3299 2233 3408 2307 γὰρ
3447 2233 3596 2305 αὐτῷ
3634 2233 3732 2287 τοῦ

2142 2326 2278 2380 Θεοῦ
2331 2327 2418 2380 διὰ
2470 2328 2655 2398 φωνῆς
2703 2327 2959 2396 ἀγγέλου,
2995 2325 3212 2380 καθεῖλε
3258 2326 3358 2396 τὴν
3403 2326 3602 2397 στήλην
3638 2325 3731 2379 τοῦ

2143 2419 2314 2482 Βάαλ,
2359 2419 2455 2474 καὶ
2482 2421 2544 2475 τὸ
2573 2420 2738 2484 ἄλσος
2762 2418 2927 2473 αὐτοῦ
2958 2417 3181 2490 ἐξέκοψε
3209 2417 3508 2491 λεληθότως
3536 2417 3632 2471 καλ¹
3675 2417 3734 2470 ἐν

2143 2512 2319 2565 νυκτί.
2339 2513 2556 2583 Ἐπειδὴ
2590 2513 2648 2566 δὲ
2675 2513 2725 2566 οἱ
2761 2515 2860 2585 τῆς
2901 2513 3164 2583 πολίχνης
3206 2512 3489 2584 οἰκήτορες
3516 2511 3583 2564 τὰ
3610 2528 3737 2564 συν·

2145 2605 2253 2677 ήθη
2279 2605 2618 2677 πληροῦντες
2646 2604 2751 2659 ὑπὸ
2777 2606 2877 2678 τὴν
2918 2605 2994 2659 ἐω
3028 2603 3442 2670 σπουδάζοντες,
3478 2603 3736 2675 παρῆσαν

2145 2700 2203 2752 ἐν
2251 2699 2330 2770 τῷ
2385 2699 2622 2770 τεμένει,
2651 2701 2746 2753 καὶ
2798 2698 3243 2770 κατεῤῥιμμένον
3307 2696 3590 2751 τεθέανται
3642 2696 3735 2749 τὸν

2149 2789 2319 2847 Βάαλ.
2360 2791 2453 2843 καὶ
2500 2789 2591 2843 τὸν
2637 2789 2843 2861 δρυμὸν
2875 2792 2959 2842 ἐπ’
2990 2789 3138 2860 αὑτῷ
3194 2789 3545 2854 πεπτωκότα,
3599 2807 3737 2843 κατ-

2146 2881 2501 2952 εστοχάζοντο
2525 2884 2624 2952 τῆς
2647 2881 2742 2934 τοῦ
2768 2881 2975 2935 Γεδεὼν
3009 2883 3108 2954 ἤδη
3146 2881 3442 2953 φιλοθεῖας,
3467 2882 3562 2936 καὶ
3585 2882 3738 2954 αύτῷ

2145 2970 2240 3027 τοῦ
2285 2973 2613 3044 πράγματος
2657 2972 2974 3044 ἐπέγραφον
3008 2974 3106 3036 τὰς
3141 2973 3342 3038 αἰτίας.
3376 2969 3509 3027 Εἶτα
3561 2991 3738 3046 προσ-

2147 3063 2319 3135 ῄεσαν
2353 3064 2428 3134 τῷ
2461 3065 2649 3137 πατρὶ,
2687 3063 2937 3132 λέγοντες
2960 3081 2974 3095 ·
3016 3084 3034 3116 r
3065 3065 3163 3128 Δὸς
3197 3065 3289 3118 τὸν
3342 3066 3458 3119 υἱόν
3505 3083 3622 3131 σου,
3651 3065 3742 3119 ἴνα

2148 3156 2560 3226 ἀποκτείνωμεν
2607 3155 2791 3219 αὑτὸν,
2826 3156 2907 3209 ὅτι
2955 3154 3170 3210 καθεῖλε
3209 3156 3300 3209 τὸν
3340 3156 3508 3210 Βάαλ.
3542 3175 3560 3208 ι
3591 3157 3743 3229 Πρὸς

2147 3244 2320 3300 ταῦτα
2370 3249 2611 3311 ἐκεῖνος⁵
2673 3265 2692 3300 ι
2723 3247 2814 3319 Μὴ
2861 3249 3039 3319 ὑμεῖς,
3072 3249 3259 3321 φησὶν,
3289 3249 3603 3320 ἐκδικήσετε
3648 3251 3745 3305 τὸν

2149 3338 2330 3404 Βάαλς
2381 3341 2429 3392 εί
2471 3340 2604 3403 θεός
2635 3341 2772 3408 ἐστι,
2803 3341 3120 3396 δικασάσθω
3150 3343 3287 3415 πρὸς
3321 3343 3411 3396 τὸν
3437 3342 3742 3398 καθελόντα

2149 3431 2332 3487 αὐτόν.
2367 3452 2384 3484 ι
2433 3433 2745 3487 Κάντεῦθεν
2806 3433 3010 3488 Γεδεὼν
3074 3437 3489 3508 μετωνόμασται
3552 3437 3744 3493 λοιπὸν

2161 3523 2460 3594 Ἰεροϐἀαλ,
2495 3524 2522 3578 ὂ
2551 3525 2990 3597 διερμηνεύεται,
3033 3547 3052 3578 ι
3085 3529 3409 3584 Δικασάσθω
3449 3532 3478 3584 6
3506 3531 3676 3586 Βάαλ.
3715 3551 3737 3585 ι

2152 3613 2366 3684 Ὠσπερ
2400 3610 2514 3678 οὖν,
2541 3615 2727 3684 φησὶν,
2757 3617 2786 3670 6
2809 3616 3069 3686 Σαλμανὰ
3095 3621 3194 3690 τῆς
3225 3619 3573 3691 Μαδιηναίων
3599 3621 3736 3693 πλη.

2150 3705 2277 3770 θύος
2302 3708 2330 3760 6
2358 3706 2790 3788 καθηγούμενος,
2825 3710 2888 3763 ἐκ
2921 3708 3015 3763 τοῦ
3049 3712 3196 3765 οἴκου
3234 3712 3459 3779 Γεδεὼν,
3489 3715 3609 3786 ἦτοι
3642 3712 3742 3768 τοῦ

2162 3800 2439 3870 Ἰεροὸάαλ
2486 3802 2697 3872 μητέρα
2742 3802 2835 3855 ἐπὶ
2883 3803 3094 3868 τέκνοις
3135 3805 3394 3875 ἡδάφισε,
3440 3808 3531 3862 τὸν
3574 3809 3744 3865 αὐτὸν

2150 3892 2360 3946 τουτονὶ
2391 3895 2592 3964 τρόπον
2623 3893 2733 3947 τῶν
2769 3894 3066 3965 ’Λσσυρίων
3118 3899 3146 3950 6
3199 3899 3502 3967 στρατηγὸς
3545 3900 3737 3971 ὠμῶς,

2151 3985 2244 4039 καὶ
2283 3986 2688 4058 ἀπανθρώπως,
2718 3990 2811 4042 καὶ
2841 3989 3130 4059 οἰκτιρμοῦ
3163 3991 3367 4054 παντὸς
3390 3991 3509 4062 δίχα
3538 3995 3741 4064 χρήσε-

2151 4096 2240 4133 ται
2293 4079 2514 4152 πολέμῳ
2564 4081 2642 4152 τῷ
2696 4080 2818 4134 καθ’
2847 4081 3020 4151 ὑμῶν,
3049 4083 3142 4136 καὶ
3167 4084 3380 4157 μητέρα
3408 4085 3504 4138 σὺν
3529 4086 3742 4150 τέκνοις

2152 4170 2381 4240 ἐδαφιεϊ.
2400 4173 2471 4225 Συ
2480 4172 2589 4244 μϐή
2599 4191 2748 4226 σεται
2770 4173 2826 4226 δὲ
2846 4176 3004 4229 ταυτὶ
3025 4176 3116 4229 διά
3135 4193 3198 4244 γε
3220 4175 3318 4241 τὰς
3340 4176 3492 4246 ὑμῶν
3515 4177 3738 4242 κακίας.

2154 4261 2387 4326 Κολάζει
2413 4263 2523 4334 γὰρ
2548 4264 2610 4317 οὐ
2640 4263 2837 4335 μάτην,
2866 4265 3061 4337 κριτὴς
3083 4265 3158 4320 ὢν
3186 4267 3394 4332 δίκαιος
3422 4270 3451 4322 ό
3473 4269 3580 4322 τῶν
3603 4269 3744 4324 ὅλων

2153 4354 2462 4418 Θεός.Ἀλλ’
2491 4357 2539 4409 εί
2567 4355 2867 4410 ἐκτείνοντο
2900 4356 3085 4411 λοιπὸν
3134 4359 3214 4422 είς
3247 4360 3308 4412 τὸ
3350 4360 3608 4414 ἐπέκεινα
3641 4362 3744 4432 μὲ-

2086 4491 2130 4546 D
2154 4463 2282 4546 τρον
2301 4447 2369 4546 τά
2393 4446 2500 4500 τῶν
2531 4449 3055 4520 προσκεκρουκότων
3093 4450 3242 4522 αύτῷ
3269 4451 3741 4524 πλημμελήματα,

2156 4537 2277 4591 τότε
2322 4538 2601 4602 ἀναλόγως
2645 4540 2897 4611 ἐπιφέρει
2930 4541 2996 4595 τὰ
3038 4541 3099 4608 ἐξ
3127 4543 3313 4614 ὀργῆς.
3352 4540 3415 4598 Εἰ
3448 4544 3512 4616 δὴ
3543 4564 3745 4618 παραι-

2156 4629 2385 4701 τοίμεθα
2432 4631 2522 4683 τὸν
2569 4630 2762 4701 θυμὸν,
2813 4636 3178 4706 παραιτητέον
3229 4631 3287 4691 εὖ
3338 4635 3481 4706 μάλα
3530 4638 3627 4691 καὶ
3681 4639 3746 4693 τὸ

2159 4721 2522 4791 πλημμελεῖν,
2557 4724 2650 4775 καὶ
2680 4722 2740 4776 τὸ
2772 4726 2934 4779 οἱονεὶ
2959 4727 3292 4800 καταθήγειν
3321 4731 3402 4793 είς
3426 4730 3746 4803 ἀγανάκτη-

2161 4828 2245 4863 σιν
2268 4809 2366 4882 τὴν
2397 4810 2545 4864 θείαν
2565 4829 2624 4864 τε
2668 4813 2764 4866 καὶ
2792 4816 3157 4889 ἡμερωτάτην
3181 4817 3364 4887 φύσιν,
3391 4819 3532 4890 τάχα
3557 4819 3614 4874 δέ
3638 4839 3742 4875 που

2159 4903 2252 4957 καὶ
2297 4904 2396 4974 οὐχ
2442 4903 2676 4960 ἐκοῦσαν
2721 4907 2802 4971 εἰς
2832 4907 2991 4962 τοῦτο
3016 4910 3448 4975 καταϐιάζεσθαι
3483 4915 3605 4977 ταῖς
3633 4913 3746 4966 τῶν

2158 4996 2518 5068 πταισμάτων
2557 4997 3120 5071 ὑπερϐολαῖς.’1στέον
3163 5003 3240 5066 δὲ,
3281 5004 3363 5056 ὅτι
3395 5003 3504 5057 τῶν
3535 5006 3744 5077 προλα-

2158 5088 2362 5142 ϐόντων
2399 5088 2678 5162 ἐξηγητῶν
2701 5109 2865 5159 τινες,
2895 5093 2956 5145 οὐ
2989 5097 3080 5147 τὸν
3121 5094 3228 5150 τῶν
3259 5096 3611 5165 Μαδιηναίων
3641 5098 3744 5170 ἄρ-

2161 5197 2325 5250 χοντα
2352 5181 2612 5252 Σαλμανὰ
2639 5182 2852 5254 μητέρα
2897 5184 2991 5236 ἐπὶ
3034 5183 3244 5249 τέκνοις
3274 5185 3525 5254 ἐδαφίσαι
3555 5188 3741 5254 φασὶν,

2163 5273 2228 5326 ἐκ
2260 5271 2354 5325 τοῦ
2401 5271 2550 5327 οἴκου
2587 5273 2883 5345 Ἱεροϐάαλ,
2918 5275 3037 5345 ἦτοι
3065 5275 3158 5329 τοῦ
3193 5277 3411 5348 Ἰσραὴλ
3455 5276 3608 5349 (ἀπὸ
3635 5277 3744 5348 γὰρ

2157 5364 2265 5417 τῶν
2295 5365 2618 5434 ἡγουμένων
2641 5367 2703 5418 τὸ
2736 5366 2956 5435 σύμπαν
2980 5366 3196 5446 ἐσθ’ότε
3226 5370 3743 5440 κατασημαίνεταψ

2160 5455 2296 5509 ἀλλὰ
2327 5457 2528 5528 μᾶλλον
2557 5459 2615 5511 ὲν
2651 5457 2730 5529 τῷ
2752 5459 2884 5530 οἴκῳ
2913 5460 3174 5530 Σαλμανὰ
3207 5461 3298 5515 τὸν
3324 5462 3528 5516 Γεδεὼν
3554 5461 3743 5531 ἐδαφί-

2164 5565 2251 5602 σαι
2283 5549 2493 5620 μητέρα
2521 5549 2613 5603 ἐπὶ
2634 5551 2862 5615 τέκνοις.
2884 5551 3022 5604 Ἀλλ’
3048 5550 3198 5624 οἶμαι
3229 5558 3492 5625 κρεῖττον,
3524 5555 3618 5608 καὶ
3646 5553 3746 5621 τὴν

2296 5727 2338 5757 ¹³
2363 5725 2536 5781 Judic.
2573 5729 2771 5804 ειη-50.
2856 5731 2895 5760 ⁸³
2929 5731 3054 5784 ibid.
3086 5732 3174 5784 52.
