3898 6212
283 278 380 334 261

1207 281 1758 336 COMMENTARlL'S
1795 281 1862 335 IN
1904 280 2138 337 OSEAM
2181 281 2602 338 PROPiiE'I‘AM

3442 284 3549 341 9.62

283 394 390 448 ἀπὸ
411 390 511 444 τοῦ
543 390 849 462 πρέποντος
871 383 1194 463 ἐπικουρίαν
1221 393 1343 464 ἕχον
1370 396 1435 450 ἀν
1458 397 1542 466 εἴη
1575 396 1694 466 οὐχὶ
1722 396 1872 448 τοῦτο

1983 406 2262 466 postquam
2293 397 2358 450 ad
2404 393 2762 450 idololatriam
2799 395 3020 450 dellexit
3058 395 3338 467 prraim,
3375 396 3552 453 denuo

287 486 508 557 μᾶλλον,
551 485 690 538 ἀλλά
725 484 784 536 τὸ
815 484 1243 558 ἓτερον.“Ωσπερ
1275 488 1383 558 γὰρ
1428 491 1544 542 κατ’
1579 490 1751 540 ἐκεῖνο
1779 487 1874 540 τοῦ

286 574 501 647 καιροῦ,
527 576 653 628 καθ’
676 575 734 628 ὃν
762 576 1126 646 προσ-κέκλιτο
1157 580 1269 641 τοῖς
1306 579 1546 649 Βαλαεὶμ
1574 582 1601 632 6
1637 579 1872 650 Ἰσραὴλ,

283 664 666 734 ὴδαφίσθησαν
719 667 848 734 παρ’
879 666 1064 728 αὐτοῖς
1112 665 1179 719 τὰ
1224 666 1391 721 τέκνα
1424 668 1693 738 μητράσιν
1735 669 1872 737 ὁμοῦ

284 754 367 807 διά
404 754 594 829 χειρὸς
648 756 980 824 ἀλλοφύλων,
1021 757 1162 811 οὕτω
1196 762 1292 813 καὶ
1339 758 1436 813 νῦν
1478 759 1874 824 ἁπονεύσαντος

286 849 362 909 εἰς
389 848 815 919 είδωλολατρίαν
856 850 949 902 τοῦ
993 851 1252 922 Ἐφραῒμ,
1293 852 1739 924 ὲδαφισθήσονται
1768 853 1874 906 πά-

1983 502 2082 556 per
2118 501 2312 543 manus
2356 487 2738 554 barbarorum,
2770 486 2873 542 hoc
2922 497 3006 543 est
3038 488 3412 559 Assyriorum,
3441 492 3552 544 nati

1983 591 2105 632 cum
2141 578 2406 632 matribus
2437 577 2745 632 allidentur.
2778 579 2915 633 Puto
2963 580 3146 650 itaque
3172 581 3219 634 si
3253 581 3552 636 secundum

1983 681 2201 721 sensum
2238 667 2401 720 verba
2450 669 2675 722 recitata
2735 669 3122 738 intelligamus,
3170 673 3312 740 quod
3358 672 3557 726 dicitur

1982 757 2316 827 probabilius
2349 758 2484 821 fore,
2521 769 2576 814 et
2618 761 3034 816 similitudinem
3080 777 3260 816 rerum
3289 771 3551 826 veterum,

1981 863 2037 906 ut
2067 868 2130 905 ex
2161 851 2413 922 imagine,
2449 853 2499 905 in
2533 855 2930 909 recentioribus
2960 856 3131 924 magis
3159 856 3554 926 apparituram.

285 940 364 991 λιν
398 940 487 991 διὰ
534 940 719 1010 χειρὸς
794 941 1114 1013 Βαρϐάρων,
1148 944 1394 996 τουτέστι
1425 944 1534 998 τῶν
1589 945 1908 1016 Ἀσσυρίων,
1936 943 2068 1014 ὁμοῦ
2097 946 2215 1006 ταῖς
2247 944 2546 1008 τεκούσαις
2576 947 2644 1000 τὰ
2670 948 3071 1018 γεγεννημένα.
3111 945 3280 1018 Οἶμαι
3330 947 3394 1017 δὴ
3434 943 3549 1012 οὖν,

287 1031 364 1082 ὅτι
391 1031 454 1082 τὸ
485 1031 718 1084 πιθανὸν
741 1034 769 1083 6
797 1032 974 1100 λόγος,
1014 1034 1110 1085 καὶ⁸
1156 1034 1254 1105 τὴν
1301 1037 1598 1106 ὁμοιότητα
1625 1037 1721 1108 τὴν
1747 1038 1823 1096 ὡς
1854 1036 1913 1101 ἐξ

290 1125 336 1178 εί
364 1124 490 1195 τῇδε
522 1127 697 1177 νοοῖτο
721 1125 830 1177 τῶν
860 1127 1234 1196 προκειμένων
1259 1130 1291 1197 ἠ
1325 1127 1582 1198 δύναμις.

889 1262 1139 1316 ΚΕΦΑΛ.
1182 1264 1281 1317 IA'.

358 1374 618 1440 Ὄρθρου
687 1374 1124 1444 ἀπερῤίφησαν.
1185 1377 1494 1447 Ἆπερῤίφη
1570 1377 1868 1443 ,ϐασιλεὺς

303 1463 549 1532 Ἰσραήλ
559 1502 574 1517 .

353 1579 529 1630 PKA'.
574 1577 636 1629 Ui
677 1577 856 1631 λοιποὶ
900 1578 1059 1632 πάλιν
1109 1579 1463 1652 ὲρμηνευταὶ,
1500 1583 1594 1636 καὶ
1639 1583 1744 1652 μὴν
1773 1582 1868 1635 καὶ

289 1666 392 1718 τῶν
405 1665 676 1736 Ἐϐραίων
695 1669 728 1737 ἡ
756 1669 1064 1740 συγγραφὴ,
1086 1669 1197 1734 τὸ,‹
1240 1671 1330 1734 Ὣς
1349 1671 1542 1743 ὄρθρος
1560 1673 1870 1745 ἀπερρίφη-

1940 1037 2144 1098 είκόνος
2182 1037 2278 1103 τῆς
2305 1037 2539 1107 ἀρχαίας
2568 1040 2658 1090 ἐπὶ
2681 1041 2748 1093 τὰ
2775 1038 3015 1110 νεώτερα
3035 1038 3292 1092 διασώσει
3325 1038 3550 1109 μᾶλλον,

2534 1266 2692 1337 156
2717 1267 2863 1320 car.
2913 1265 3002 1320 x1.

2047 1382 2207 1434 Vens.
2252 1382 2297 1433 1.
2342 1383 2497 1433 Mune
2545 1381 2765 1449 projecti
2817 1390 2955 1434 sunt.
3016 1378 3290 1448 Projectus
3339 1389 3411 1431 est
3459 1394 3551 1434 rea:

1975 1470 2164 1525 Israel.

2041 1579 2272 1635 CXXIV.
2330 1578 2564 1632 Rursum
2599 1577 2780 1631 (ποιετί
2820 1580 3164 1647 interpretes,
3197 1579 3324 1648 quin
3356 1587 3410 1634 et
3448 1577 3554 1632 ile-

1978 1671 2122 1726 braza
2193 1670 2463 1738 scripmra
2520 1667 2807 1722 manifeste
2860 1669 3084 1736 habent,
3152 1688 3170 1720 ‹
3202 1671 3341 1724 sicut
3395 1685 3554 1726 mane

291 1772 407 1817 σαν,
431 1775 450 1806 ι
471 1757 760 1826 εἰρήκασιν
784 1758 1048 1828 ἐναργῶς,
1078 1759 1159 1823 τὸ,
1185 1756 1296 1814 οἷον
1315 1761 1388 1824 ὡς
1407 1763 1464 1814 ὲν
1488 1762 1654 1833 ὀλίγῳ
1684 1764 1872 1835 κομιδῇ

1983 1762 2229 1834 proiecti,
2261 1781 2278 1814 ι
2313 1776 2419 1830 quo
2461 1760 2770 1827 signiﬁcant
2809 1762 2987 1828 quasi.
3025 1762 3221 1829 exiguo
3260 1762 3551 1816 admodum

289 1847 486 1918 καιρῷ,
510 1849 702 1917 ἤγουν,
731 1849 898 1915 ὀξέως
928 1851 1022 1903 καὶ
1045 1852 1312 1924 ἀμελλητὶ
1341 1854 1438 1924 τῆς
1466 1855 1601 1926 πρὸς
1637 1855 1768 1910 Θεὸν
1790 1857 1870 1908 oi-

288 1940 568 2010 κειότητος
613 1941 1079 1996 ἀποπεπτωκέναι
1127 1944 1217 1998 τὸν
1249 1944 1462 2016 Ἰσραὴλ
1489 1986 1504 2011 ,
1551 1945 1641 2000 διὰ
1683 1948 1870 2003 τούτου

288 2035 673 2105 σημαίνοντες.
706 2036 924 2107 Βραχὺς
969 2037 1025 2090 δὲ
1061 2037 1202 2100 λίαν,
1229 2039 1257 2090 6
1294 2039 1387 2092 τοῦ
1417 2039 1612 2110 ὄρθρου
1643 2041 1831 2111 καιρός
1852 2058 1868 2074 ⁸

284 2123 400 2193 ἅμα
428 2142 494 2177 τε
523 2125 636 2196 γὰρ
669 2126 894 2195 ἄρχεται
924 2127 1264 2199 διαυγασμοῦ
1289 2131 1388 2200 τῆς
1414 2130 1628 2200 ἡμέρας
1649 2132 1709 2184 τὸ
1735 2132 1868 2199 φῶς,

284 2217 377 2270 καὶ
404 2217 502 2270 τὸν
529 2217 728 2288 ὄρθρον
762 2220 1054 2289 ἐργάζεται
1075 2237 1088 2251 °
1115 2221 1443 2290 ἀνασχόντος
1468 2238 1531 2290 γε
1565 2223 1672 2294 μὴν
1698 2223 1868 2292 ἡλίου,

283 2309 379 2362 καὶ
418 2309 648 2379 πρώτην
675 2311 871 2363 ἀκτῖνα
911 2312 1258 2382 προχέοντος,
1295 2313 1512 2368 λέλυται
1565 2315 1659 2368 καὶ
1698 2315 1874 2387 διελή-

282 2399 476 2452 λακεν.
520 2400 732 2453 Οὐκοῦν
778 2400 854 2464 ὼς
903 2401 1117 2472 ὄρθρος,
1147 2402 1446 2467 τουτέστιν,
1473 2405 1529 2456 ὲν
1574 2405 1738 2475 ὀλίγῳ
1777 2406 1874 2458 καὶ

285 2491 508 2559 βραχεῖ,
537 2489 634 2541 καὶ
672 2489 866 2559 κομιδῇ
899 2490 1314 2560 συνεσταλμένῳ
1342 2491 1534 2561 καιρῷ,
1559 2496 1672 2556 τοῖς
1708 2495 1873 2564 ἡγου-

286 2580 478 2649 μένοις
511 2578 649 2650 ὁμοῦ
680 2579 1262 2651 συναπερῤίφησαν.“ίί
1293 2583 1398 2654 γὰρ
1430 2583 1602 2647 οὕτως
1645 2587 1874 2656 συνήσο-

286 2687 410 2740 μεν,
441 2669 476 2740 ἢ
517 2668 638 2721 καθ’
663 2668 849 2739 ἕτερον
895 2671 1096 2739 τρόπον
1153 2673 1734 2743 μεταληψόμεοα.“οτε
1764 2676 1873 2747 γὰρ

283 2763 397 2822 τοῖς
430 2759 794 2830 ἀνθρωπίνοις
823 2761 1151 2832 πταίσμασιν
1185 2763 1338 2818 οὔπω
1373 2766 1473 2828 τὰς
1501 2764 1652 2828 δῖκας
1686 2767 1877 2836 ἐπιφέ-

286 2871 373 2924 ρει
423 2853 646 2921 Θεὸς,ἢ
703 2854 1054 2924 μακροτέραν
1105 2859 1338 2909 ποιεῖται
1383 2857 1484 2926 τῆς
1528 2856 1874 2924 ἀνεξικακίας

282 2945 386 3016 τὴν
427 2943 760 3014 παράτασιν,
791 2943 850 2995 τὸ
875 2944 1100 3009 ἀπεικὸς
1127 2947 1298 3012 οὐδὲν,
1332 2949 1446 3011 τοῖς
1473 2948 1530 3001 ὲν
1559 2949 1714 3002 νυκτὶ
1745 2949 1876 3003 καθ-

283 3036 505 3088 εύδουσι
558 3036 913 3106 παρεικάζειν
959 3038 1142 3090 αὐτόν.
1191 3040 1299 3092 Καὶ
1340 3041 1470 3108 γοῦν
1516 3041 1567 3093 οἱ
1619 3043 1874 3112 μακάριοι

1976 1861 2240 1921 tempore,
2285 1851 2400 1905 sive
2436 1851 2710 1916 celeriter,
2763 1851 3011 1919 citraque
3059 1865 3264 1904 inoram
3295 1850 3549 1905 lsraelem

1974 1945 2067 1998 Dei
2102 1943 2340 1996 amicitia
2372 1942 2641 1996 excidisse
2671 1959 2684 1994 :
2718 1951 2801 1996 est
2829 1941 3027 2009 quippe
3061 1940 3351 1994 admodum
3386 1943 3551 1997 breve

1975 2036 2297 2088 matutinum
2363 2042 2593 2101 tempus.
2651 2032 2826 2086 Simul
2877 2031 3022 2086 enim
3072 2031 3320 2085 diurnum
3369 2031 3550 2085 lumen

1955 2125 2280 2198 illuminare
2322 2125 2551 2192 incipit,
2615 2137 2773 2177 mane
2821 2133 3006 2186 creat;
3037 2123 3316 2178 exoriente
3369 2132 3548 2177 autem

1974 2217 2106 2283 sole,
2150 2222 2205 2270 et
2248 2217 2450 2286 primos
2501 2215 2680 2271 radios
2705 2214 3008 2283 iaculante,
3063 2229 3182 2269 mox
3235 2215 3453 2281 desinit,
3494 2223 3552 2270 et

1972 2309 2229 2377 praterit.
2286 2308 2450 2378 Igitur
2501 2316 2558 2359 ut
2621 2321 2800 2373 mane,
2859 2307 2909 2359 id
2967 2316 3070 2370 est,
3123 2307 3176 2359 in
3222 2307 3452 2370 modico,
3495 2311 3552 2359 et

1975 2399 2146 2463 brevi,
2197 2408 2252 2454 et
2308 2399 2652 2452 vehementer
2704 2406 2933 2464 angusto
2987 2407 3227 2467 tempore
3274 2411 3376 2449 uoa
3427 2411 3550 2449 cum

1973 2491 2308 2561 principibus
2353 2488 2578 2557 projecti
2627 2496 2774 2541 sunt.
2817 2487 2923 2539 Atti.
2970 2488 3112 2540 enim
3159 2487 3238 2540 sic
3290 2485 3551 2552 intellige-

1975 2597 2125 2645 mus,
2182 2589 2274 2633 aut
2329 2580 2436 2632 alio
2489 2594 2650 2633 sensu
2706 2578 3058 2646 accipiemus.
3120 2577 3343 2642 Quando
3405 2580 3550 2632 en'm

1973 2673 2189 2743 ﬂagitiis
2227 2671 2479 2726 humanis
2529 2671 2764 2723 nondum
2816 2684 3006 2738 pcenas
3041 2668 3206 2722 infert
3251 2668 3408 2730 Dens,
3459 2677 3552 2722 aut

1976 2763 2318 2819 tolerantiam
2371 2761 2583 2832 longius
2626 2762 2894 2830 producit,
2944 2759 3078 2814 nihil
3123 2760 3285 2814 habet
3329 2759 3548 2814 absurdi

1975 2865 2140 2910 noctu
2173 2854 2566 2908 dormientibus
2595 2853 2769 2923 ipsum
2803 2851 3130 2921 comparari.
3187 2849 3549 2916 Quamobrem

1975 2947 2115 3002 beati
2148 2944 2426 3016 propheta:
2457 2943 2790 2997 multimodis
2817 2943 3213 3007 clamaverunt,
3247 2944 3348 2997 hoc
3374 2943 3548 3012 ipsum

1976 3038 2130 3094 nobis
2165 3037 2552 3106 signiﬁcantes.
2592 3033 2857 3090 Jeremias
2895 3035 3038 3089 enim
3072 3035 3548 3104 sapientissimus:

288 3129 574 3198 προφῆται
627 3128 1024 3199 διακεκράγασι
1073 3130 1426 3203 πολυτρόπως
1460 3135 1610 3204 ἡμῖν,
1640 3134 1771 3188 αὐτὸ
1813 3135 1872 3205 δὴ

1985 3148 2004 3180 ι
2041 3127 2314 3198 Numquid
2349 3143 2452 3180 non
2485 3128 2616 3192 eris,
2662 3127 2854 3195 inquit,
2891 3126 3032 3180 sicut
3057 3129 3216 3180 homo
3253 3126 3549 3190 dormiens,

285 3217 448 3271 τοῦτο
479 3235 692 3290 καταση
703 3221 1005 3289 μαίνοντες.
1025 3221 1292 3292 Ἱερεμίας
1324 3224 1421 3291 μὲν
1445 3223 1554 3295 γὰρ
1575 3224 1606 3276 6
1630 3223 1872 3294 σοφώτα-

284 3325 399 3373 τος,
437 3329 458 3361 ι
486 3311 579 3381 Μὴ
605 3310 724 3381 ἔσῃ,
755 3313 938 3381 φησὶν,
967 3311 1155 3382 ὥσπερ
1186 3314 1470 3384 ἄνθρωπος
1506 3315 1709 3379 ὑπνῶν,
1736 3316 1769 3385 ἢ
1797 3315 1872 3380 ὡς

283 3401 428 3472 ἀνὴρ
455 3403 517 3454 οὐ
547 3402 846 3472 δυνάμενος
879 3402 1102 3470 σώζειν;
1133 3424 1151 3456 ι
1173 3406 1230 3458 Ὀ
1251 3406 1308 3459 δέ
1339 3423 1402 3474 γε
1436 3406 1721 3470 Θεσπέσιος
1748 3407 1876 3478 μελ-

281 3492 441 3562 ῳδὸς,
487 3493 620 3545 ποτὲ
675 3494 794 3557 μὲν,
851 3495 1038 3564 φησὶν,
1083 3498 1162 3550 ὅτι
1210 3497 1621 3569 «Ἐξεγέρθητι,
1687 3500 1778 3553 ἵνα
1822 3499 1873 3552 τί

289 3583 480 3645 ὑπνοῖς
506 3583 715 3653 Κύριε;
752 3584 1038 3657 ἀνάστηθι,
1081 3589 1173 3639 καὶ⁴
1204 3589 1278 3658 μὴ
1311 3588 1505 3660 ἀπὼσῃ
1539 3592 1619 3653 είς
1642 3591 1820 3654 τέλος
1848 3609 1866 3642 ι

288 3677 422 3728 ποτὲ
463 3676 518 3727 δὲ
548 3671 615 3728 αὖ
641 3676 1063 3747 διεγηγερμένον
1093 3678 1302 3748 βλέπων
1331 3682 1410 3744 είς
1439 3682 1756 3752 ἐπικουρίαν
1788 3700 1871 3735 τι-

288 3766 418 3827 νῶν,
453 3785 471 3816 ι
495 3764 821 3836 Έξηγέρθη.
854 3785 873 3817 ι
907 3769 1094 3837 φησὶν,
1124 3787 1143 3820 ε
1175 3769 1249 3832 ὡς
1277 3770 1305 3822 6
1338 3770 1538 3835 ὑπνῶν,
1577 3771 1812 3843 Κύριοςο
1849 3791 1866 3822 ι

291 3854 483 3926 ὄρθρον
504 3855 574 3925 δὴ
594 3851 690 3907 οὖν
714 3854 888 3908 ἔοικεν
913 3857 1232 3922 ἀποκαλεῖν,
1259 3857 1359 3928 τῆς
1393 3857 1478 3910 ἐπ’
1504 3859 1686 3920 αὐτοῖς
1712 3859 1874 3912 οἱονεὶ

294 3946 679 4017 ἐγρηγόρσεως
709 3945 798 3998 τὸν
825 3947 1035 4017 καιρόν.
1063 3947 1296 4018 Ὅρθρου
1349 3949 1455 4020 γὰρ
1493 3949 1550 4015 ἐξ
1591 3948 1757 4002 ὕπνου
1792 3950 1870 4002 δι-

292 4034 657 4104 ανιστάμεθα.
697 4035 1139 4105 Ἦγρυπνηκότος
1183 4037 1246 4108 δὴ
1281 4033 1374 4091 οὖν
1420 4040 1504 4091 ἐπ’
1548 4041 1730 4103 αὐτοῖς
1776 4038 1873 4092 τοῦ

293 4119 450 4181 θεοῦ,
476 4120 573 4173 καὶ
618 4122 904 4192 μονονουχὶ
940 4122 1364 4195 διεγηγερμένου
1397 4126 1580 4180 λοιπὸν
1627 4130 1707 4192 εἰς
1755 4129 1876 4182 ἐπί-

293 4210 483 4278 σκεψιν
513 4208 590 4264 ὧν
621 4211 966 4281 δεδράκασιν,
995 4213 1290 4283 ἀπόϐλητοι
1345 4217 1439 4269 καὶ
1475 4218 1873 4289 ἀπερριμμένοι

295 4302 642 4371 γενήσονται,
686 4303 864 4356 καίτοι
911 4303 1001 4356 διὰ
1051 4305 1308 4376 πλείστην
1342 4307 1473 4378 ὅσην
1525 4310 1874 4373 ἀνεξικακίαν

295 4394 582 4463 μονονουχὶ
618 4393 711 4446 καὶ
740 4395 1092 4460 νυστάξοντος
1122 4396 1207 4448 ἐπ’
1233 4397 1438 4460 αὐτοῖς,
1471 4397 1611 4450 κατά
1639 4399 1727 4451 τὸν
1771 4399 1871 4470 ἤδη

293 4485 671 4556 παρῳχηκότα
717 4487 924 4555 καιρόν.
961 4488 1400 4558 Συναπερῤίφθαι
1446 4490 1502 4542 δὲ
1547 4493 1658 4555 τοῖς
1698 4491 1873 4560 ὃχλοις

291 4577 387 4629 καὶ
442 4576 536 4628 τὸν
585 4574 831 4644 βασιλέα,
867 4579 1051 4647 φησὶν,
1087 4578 1161 4642 ὡς
1206 4581 1330 4633 ὅσον
1373 4581 1599 4634 οὐδέπου
1651 4584 1875 4652 καὶτῆς

304 4667 554 4738 Ἑφραῖμ
598 4666 873 4736 βασιλείας
917 4669 1181 4739 ἐσομένης
1228 4673 1292 4724 ἐκ
1340 4672 1875 4745 μέσου.¹Υπονοστή-

297 4773 490 4821 σαντες
524 4757 656 4828 γὰρ,
691 4757 766 4820 ὡς
797 4757 949 4830 ἔφην,
980 4762 1060 4823 είς
1086 4761 1184 4832 τὴν
1217 4763 1477 4816 Ἰουδαίαν
1501 4763 1644 4834 μετὰ
1666 4765 1754 4818 τὸν
1780 4766 1877 4835 τῆς

295 4850 682 4919 αἰχμαλωσίας
709 4851 920 4921 καιρὸν,
954 4852 1042 4922 ὑφ’
1075 4853 1169 4906 ἕνα
1204 4854 1402 4919 πάντες
1437 4857 1692 4924 γεγόνασι
1723 4856 1878 4926 βασι-

292 4941 392 4992 λέα
428 4943 680 5012 καθάπερ
710 4945 924 5014 ἀμέλει,
950 4946 1042 4998 καὶ
1072 4947 1128 4998 ὲν
1155 4947 1368 5016 ἀρχαῖς,
1391 4948 1485 5000 καὶ
1514 4947 1619 5017 πρὸ
1644 4947 1751 5000 τῶν
1773 4947 1873 5016 τῆς

295 5034 554 5097 ἁλώσεως
580 5035 809 5104 χρόνων.
829 5037 1170 5091 Ἐϐασίλευον
1192 5040 1298 5110 γὰρ
1320 5042 1366 5091 οἱ
1390 5042 1452 5092 ὲκ
1479 5038 1649 5108 φυλῆς
1682 5038 1871 5105 Ἰούδα,

298 5127 440 5178 κατά
465 5125 568 5195 τὴν
603 5125 959 5197 Ἰερουσαλὴμ
987 5128 1135 5192 ὄντος
1167 5129 1260 5182 τοῦ
1284 5127 1526 5198 Ἰσραήλ.

367 5218 523 5270 Διότι
549 5216 768 5284 νήπιος
799 5219 1066 5288 Ἰσραὴλ,
1100 5221 1197 5274 καί
1225 5220 1338 5290 ἐγὼ
1358 5219 1640 5288 ἠγάπησα
1668 5221 1871 5286 αὐτὸν,

296 5309 394 5361 καί
451 5310 520 5374 ἐξ
554 5310 856 5380 Αἰγύπτου
892 5313 1267 5381 μετεκὰλεσα
1320 5314 1390 5367 τὰ
1433 5313 1613 5366 τέκνα
1671 5315 1876 5378 αὐτοῦ,

1973 3232 2064 3273 aut
2095 3223 2177 3273 vir
2209 3237 2311 3272 non
2346 3230 2534 3287 potens
2559 3218 2770 3272 salvare
2798 3216 2923 3271 “?i
2960 3217 3186 3271 Divinos
3221 3226 3398 3270 autem
3416 3230 3549 3269 can-

1977 3321 2081 3374 tor,
2115 3325 2255 3364 nunc
2281 3311 2356 3363 ait
2383 3329 2396 3363 :
2429 3327 2447 3360 ι
2481 3310 2742 3376 Exsurge,
2769 3322 2939 3378 quare
2964 3308 3260 3369 obdormis,
3284 3305 3551 3361 Domine?

1973 3415 2223 3468 exsurge,
2267 3409 2323 3454 et
2366 3413 2433 3452 ne
2463 3398 2690 3466 repellas
2718 3397 2772 3452 in
2808 3397 3067 3465 ﬁnem“;
3095 3415 3113 3449 ι
3150 3411 3294 3450 nunc
3335 3410 3548 3452 rursum

1973 3489 2266 3541 excitatum
2294 3489 2359 3541 ad
2386 3487 2740 3556 quorumdam
2767 3485 3027 3540 auxilium
3057 3499 3306 3549 cernens,
3342 3504 3362 3539 ι
3392 3484 3552 3540 Exci-

1975 3584 2118 3629 tatus
2156 3583 2259 3639 est,
2304 3575 2498 3646 inquit,
2533 3584 2792 3645 tanquam
2825 3575 3105 3631 dormiens
3145 3575 3486 3632 Dominus".
3523 3592 3545 3630 ι

1976 3664 2136 3720 Mane
2187 3666 2353 3734 igitur
2407 3666 2675 3737 appellare
2728 3668 2944 3722 videtur
2989 3668 3138 3722 velut
3189 3667 3550 3739 evigilationis

1976 3766 2186 3826 tempus
2236 3771 2399 3828 super
2451 3759 2581 3827 ipsis
2624 3776 2638 3813 :
2683 3773 2839 3814 mane
2893 3759 3162 3828 siquidem
3217 3759 3283 3814 de
3355 3773 3548 3815 somno

1975 3849 2268 3918 surgimus.
2345 3849 2571 3915 Quando
2633 3863 2762 3919 ergo
2822 3850 3129 3918 vigilaverit
3183 3864 3349 3917 super
3404 3850 3549 3919 ipsos

1977 3941 2136 4004 Deus,
2186 3949 2239 3993 et
2291 3941 2356 3993 ad
2404 3941 2641 4009 ipsorum
2697 3950 2815 3994 acta
2860 3941 2925 3993 de
2975 3950 3167 3994 caetero
3212 3939 3547 4009 inspicienda

1972 4027 2120 4081 velut
2178 4037 2529 4096 experrectus
2581 4027 2778 4090 fuerit,
2848 4026 3091 4094 rejectitii
3144 4037 3198 4082 et
3259 4027 3547 4096 projectitii

1976 4117 2128 4180 ﬁent,
2177 4118 2390 4170 tametsi
2429 4125 2650 4184 propter
2695 4117 2852 4185 longe
2903 4118 3189 4170 maximam
3232 4117 3542 4186 patientiam

1974 4208 2358 4277 propemodum
2396 4221 2558 4276 super
2589 4207 2719 4274 ipsis
2756 4214 2998 4275 tempore
3032 4209 3307 4275 prmterito
3342 4203 3530 4263 dormi-

1973 4300 2134 4353 verit.
2164 4299 2279 4353 Una
2324 4307 2502 4352 autem
2546 4314 2666 4352 cum
2702 4299 2902 4369 populo
2931 4300 3097 4353 etiam
3142 4314 3323 4370 regem
3368 4300 3546 4371 proje-

1976 4401 2118 4445 ctum
2180 4388 2244 4443 iri
2302 4388 2566 4456 allirmat,
2638 4399 2824 4459 utpote
2887 4389 3038 4446 brevi
3099 4406 3264 4461 regno
3330 4407 3545 4464 quoque

1907 4481 1949 4536 D
1982 4482 2237 4551 Ephraim
2277 4495 2308 4534 e
2348 4481 2524 4535 medio
2578 4482 2829 4537 tollendo.
2881 4483 3126 4538 Reduces
3169 4485 3310 4538 enim
3359 4485 3412 4539 in
3449 4483 3546 4539 Ju-

1971 4575 2161 4637 dmam,
2213 4583 2270 4626 ut
2301 4573 2435 4636 dixi,
2471 4584 2586 4643 post
2635 4582 2844 4642 tempus
2901 4573 3254 4642 captivitatis,
3306 4575 3404 4628 sub
3434 4588 3543 4628 uno

1972 4680 2097 4734 rege
2150 4680 2338 4719 omnes
2387 4664 2554 4729 fuere,
2607 4665 2747 4718 sicut
2797 4665 2958 4719 etiam
3004 4665 3264 4734 principio
3317 4673 3370 4718 et
3421 4674 3545 4720 ante

1975 4765 2183 4825 tempus
2237 4757 2570 4824 captivitatis
2625 4757 2859 4810 fuerant.
2912 4753 3230 4824 Regnabant
3279 4755 3424 4808 enim
3475 4755 3544 4810 de

1975 4846 2117 4900 tribu
2147 4844 2282 4899 Iuda
2313 4847 2596 4915 progeniti,
2629 4847 2844 4913 quando
2870 4845 3152 4898 universus
3180 4844 3348 4899 Israel
3369 4846 3546 4902 adhuc

1980 4937 2406 5010 Hierosolymam
2449 4938 2595 5005 regni
2627 4937 2809 4990 sedem
2845 4936 3190 5006 agnoscebat.

2057 5217 2218 5271 Vens.
2249 5215 2304 5269 2.
2355 5213 2490 5280 Quia
2519 5213 2765 5280 parvulus
2791 5211 2979 5278 Israel,
3006 5223 3053 5266 et
3091 5230 3182 5282 ego
3215 5215 3376 5271 di!exi
3411 5233 3547 5275 eum.

1983 5321 2028 5363 et
2072 5325 2136 5362 ea:
2176 5306 2407 5374 {Egypto
2439 5304 2614 5358 vocavi
2655 5303 2792 5373 ﬁlios
2835 5304 2968 5372 ejus.
2998 5303 3153 5375 157
3185 5304 3330 5360 Sicut
3375 5304 3550 5359 vocavi

295 5400 493 5466 καθὼς
535 5401 918 5470 μετεκάλεσα
963 5405 1205 5472 αὐτοὺς,
1248 5405 1433 5470 οὕτως
1470 5403 1784 5473 ἀπῴχοντο
1811 5405 1872 5458 ἐκ

1981 5418 2091 5465 eos,
2123 5401 2194 5452 ita
2219 5397 2431 5451 abibant
2470 5413 2501 5450 a
2530 5395 2667 5464 facie
2695 5413 2824 5450 mea.

294 5486 627 5548 xpwca'mov
655 5505 796 5556 μου.

369 5578 544 5633 ΡΚΕ’.
590 5580 808 5633 Ἔοικεν
853 5583 982 5653 ἡμῖν
1013 5584 1069 5636 ὲν
1107 5583 1313 5647 τούτοις
1363 5587 1392 5638 6
1438 5585 1593 5654 λόγος
1647 5584 1878 5638 ἀνθυπο-

399 5732 568 5791 “Jer.
602 5751 714 5805 xiv,
742 5739 795 5793 9.

2021 5555 2260 5630 'CXXV.
2323 5572 2546 5630 Videtur
2575 5571 2705 5626 mihi
2753 5572 2836 5626 his
2879 5570 3056 5626 verbis
3087 5567 3372 5640 objectioni
3411 5581 3550 5636 quo-

882 5739 923 5772 ”
950 5737 1088 5794 Psal.
1124 5753 1276 5804 xuii,
1306 5737 1396 5792 ‘23.
1477 5739 1521 5769 ¹⁶
1544 5735 1680 5792 Psal.
1728 5750 1927 5791 cxxvn.
1953 5733 2042 5789 65.
