3898 6212
449 269 554 328 265

1440 274 1496 328 S.
1539 273 1810 329 CYlllLLl
1852 265 2320 324 ALEXANDRINI
2361 265 2681 322 ARCHIEP.

3581 267 3653 322 26
3664 267 3690 321 ι

451 377 695 432 rumdam
726 393 1034 434 occurrere.
1059 378 1351 450 Fingamus
1377 383 1520 438 enim
1543 383 1849 453 quempiam
1881 379 2006 434 illud

2126 379 2254 448 ρορᾷ
2298 378 2568 448 μάχεσθαι
2615 380 2681 448 τῇ
2737 379 2890 448 παρά
2935 396 3115 433 τινων.
3163 379 3408 432 Νοείσθω
3453 381 3561 450 γάρ
3606 395 3694 441 τις

449 469 589 537 apud
639 485 698 524 se
755 471 1013 538 cogitare,
1070 482 1162 525 aut
1209 474 1368 527 etiam
1419 473 1591 542 palam
1645 473 1909 544 proloqui.
1958 471 2013 526 Si

451 557 686 613 futurntu
727 571 844 615 erat
890 571 948 615 ttt
998 564 1334 627 exciderent,
1383 573 1439 619 et
1485 580 1515 618 a
1562 565 1700 620 facie
1749 564 1840 618 Dei
1887 564 2041 642 olim_

452 651 806 719 rejicerentur
836 654 1029 723 posteri
1083 654 1265 721 lsrael,
1300 657 1593 724 lierentque
1633 655 2018 709 abominabiles

411 771 417 778 ε
453 750 509 794 et
557 743 733 807 exosi,
783 758 882 798 cur
920 746 1140 800 omnino
1169 762 1196 799 a
1234 747 1498 816 principio
1529 745 1703 800 vocati
1743 744 1910 798 sunt?
1936 743 2016 797 Ad

455 833 556 886 ista
586 835 724 889 Deus
751 851 1008 906 perquam
1035 853 1271 906 congrue
1295 837 1581 905 respondet
1600 835 2014 906 quodammodo,

456 933 511 976 ct
545 925 698 991 dicit,
737 943 755 977 t
787 925 1047 982 Parvulus
1099 928 1296 994 Israel,
1345 936 1399 983 et
1433 943 1532 994 ego
1569 927 1724 983 dilexi
1759 942 1898 981 eum.
1937 927 2018 982 Ex

450 1015 684 1086 Egypto
722 1019 980 1073 accersiri
1037 1021 1174 1074 ﬁlios
1226 1018 1358 1087 ejus.
1392 1037 1410 1070 ι
1454 1019 1622 1074 Homo
1662 1018 1922 1073 candidus
1964 1027 2019 1074 et

453 1107 570 1161 sine
603 1109 745 1178 fuco,
777 1111 974 1181 inquit,
1004 1111 1102 1166 fuit
1132 1112 1318 1175 Jacob,
1363 1122 1566 1167 mutato
1598 1111 1812 1166 nomine
1841 1111 2018 1166 dictus

450 1197 640 1266 Israel;
683 1203 884 1258 idcirco
926 1203 1088 1259 dilexi
1119 1219 1264 1262 eum.
1298 1203 1434 1258 Nam
1471 1219 1591 1258 cum
1637 1205 1811 1258 adhuc
1836 1215 2020 1258 essent

453 1290 648 1348 fratres
679 1293 730 1348 in
765 1304 942 1360 utero,
981 1313 1000 1346 ‹
1033 1296 1198 1350 Jacub
1228 1279 1412 1360 dilexi,
1443 1297 1634 1365 inquit,
1668 1295 1808 1351 Esau
1839 1305 2016 1350 autem

451 1384 574 1438 odio
626 1385 788 1440 habui
817 1388 879 1441 ³⁷.
913 1405 931 1438 ι
991 1387 1256 1454 Quoniam
1303 1388 1466 1459 igitur
1522 1389 1683 1442 dilexi
1732 1403 1894 1450 eum,
1951 1386 2019 1440 ob

452 1488 571 1528 eam
611 1491 828 1531 causam
863 1479 929 1533 de
975 1477 1350 1548 [Egyptiorum
1388 1494 1601 1549 quoque
1649 1479 1927 1534 dominatu
1960 1476 2022 1531 fi-

452 1563 554 1620 lios
610 1568 726 1633 ejus
784 1569 976 1636 eripui.
1017 1569 1228 1622 «Facio
1289 1569 1432 1623 enim
1486 1567 1906 1622 misericordiam
1965 1566 2018 1620 in

454 1655 620 1711 millia
650 1658 995 1728 diligentibus
1026 1673 1110 1712 me
1130 1659 1194 1710 ‘3.
1225 1679 1242 1711 ι
1281 1658 1418 1725 Quid
1458 1659 1705 1712 honorati
1752 1668 1805 1712 et
1836 1656 2016 1713 selecti

2116 470 2290 521 έκεῖνο
2333 469 2809 541 διενθυμούμενος,
2857 470 2889 541 ἥ
2926 470 3020 523 καὶ
3049 469 3223 548 λέγων
3253 470 3578 538 ἀναφανδόν.
3625 469 3696 524 Εἰ

2115 560 2337 631 ἔμελλον
2375 563 2786 628 ἀποπεσεῖσθαι,
2815 563 2908 615 καὶ
2946 562 3012 614 ὲκ
3053 562 3344 633 προσώπου
3367 561 3503 615 Θεοῦ
3534 561 3696 629 γενέ-

2118 651 2240 705 σθαι
2286 653 2426 706 κατά
2470 656 2692 724 καιροὺς
2733 655 2784 706 οἱ
2825 655 2882 720 ἐξ
2913 655 3143 724 αἵματος
3177 652 3412 723 Ἰσραὴλ,
3449 651 3701 722 βδελυροί

2115 759 2173 794 τε
2208 742 2425 796 ἔσεσθαι
2474 744 2569 797 καὶ
2597 744 2996 813 ἀπηχθημένοι,
3030 743 3082 796 τί
3110 743 3204 797 καὶ
3235 743 3368 806 ὅλως
3399 741 3698 810 κέκληνται

2115 832 2212 903 τὴν
2260 834 2467 904 ἀρχήν;
2519 832 2664 902 Πρὸς
2713 832 2885 887 ταῦτα
2915 834 3067 896 Θεὸς,
3107 833 3199 885 καὶ
3245 832 3393 900 μάλα
3441 831 3699 894 εἰκότως,

2117 923 2388 994 ἐξηγεῖται
2415 924 2612 995 τρόπον
2641 923 2783 988 τινὰ,
2813 924 3005 992 λέγων’
3045 943 3062 975 ι
3092 925 3301 994 Νήπιος
3340 921 3575 992 Ἰσραὴλ,
3600 923 3704 976 καὶ

2118 1014 2227 1080 ἐγὼ
2265 1015 2528 1084 ἠγάπησα
2577 1015 2868 1080 αὑτόν.Ἑξ
2910 1015 3188 1086 Αἰγύπτου
3240 1013 3578 1083 μετεκάλεσα
3624 1012 3706 1067 τὰ

2118 1107 2280 1160 τέκνα
2305 1107 2491 1160 αὑτοῦ.
2514 1126 2532 1160 ι
2554 1107 2716 1178 Ἀνὴρ
2737 1107 3009 1170 ἄπλαστος
3036 1107 3248 1175 γέγονε,
3275 1108 3458 1176 φησὶν,
3476 1105 3701 1172 Ἰακὼϐ,

2118 1195 2172 1260 ὃς
2223 1197 2685 1269 μετεπωνομάσθη
2725 1199 2960 1271 Ἰσραήλ.
2995 1199 3264 1271 Ταύτητοι
3312 1199 3407 1251 καὶ
3433 1199 3705 1267 ἠγάπησα

2120 1289 2430 1342 αὑτόν.”Ετι
2462 1291 2570 1361 γὰρ
2607 1289 2775 1344 ὄντων
2804 1292 2860 1343 ὲν
2903 1291 3106 1360 μήτρα,
3141 1308 3158 1341 ι
3192 1289 3295 1343 Τὸν
3318 1288 3526 1343 Ἰακὼᾶ
3561 1288 3708 1359 ὴγά-

2120 1398 2288 1451 πησα,
2313 1382 2476 1452 φησί·
2509 1383 2600 1436 τὸν
2648 1383 2705 1435 δὲ
2738 1382 2906 1436 Ἠσαῦ
2938 1382 3194 1453 ἐμίσησα.
3229 1401 3246 1433 ο
3269 1381 3487 1451 Ἐπειδὴ
3516 1381 3706 1436 τοίνυν

2121 1471 2378 1542 ἠγάπησα
2411 1472 2882 1546 αὑτὸν,.ταύτῃτοι
2929 1474 3024 1527 καὶ
3073 1472 3356 1543 ἐξειλόμην
3401 1475 3498 1543 τῆς
3525 1474 3705 1540 Αἰγυ-

2122 1566 2307 1636 πτίων,
2329 1564 2644 1630 πλεονεξίας
2671 1564 2739 1618 τὰ
2764 1564 2931 1618 τέκνα
2961 1565 3146 1618 αὑτοῦ.
3185 1583 3204 1616 t
3235 1563 3378 1616 Ποιῶ
3405 1564 3510 1634 γὰρ
3547 1563 3704 1627 ἕλεος

2122 1657 2202 1719 είς
2229 1655 2468 1726 χιλιάδας
2491 1657 2601 1718 τοῖς
2631 1655 2886 1724 ἀγαπῶσι
2922 1673 3011 1726 με.
3044 1674 3062 1708 ι
3096 1656 3160 1708 Τί
3194 1651 3285 1709 οὖν
3315 1656 3364 1708 οἱ
3397 1654 3702 1723 τετιμημέ-

452 1757 671 1814 propter
689 1749 908 1817 patres?
934 1749 1196 1804 libertatis
1231 1749 1403 1805 ornati
1434 1750 1626 1817 gratia,
1656 1749 2020 1816 servituteqne

2126 1763 2198 1799 νοι
2247 1747 2342 1801 καὶ
2367 1747 2654 1802 ἀπόλεκτοι
2683 1747 2770 1800 διὰ
2794 1749 2919 1812 τοὺς
2955 1748 3225 1818 πατέρας;
3255 1748 3305 1800 οἰ
3331 1749 3395 1818 τῇ
3425 1749 3522 1818 τῆς
3550 1746 3704 1799 ὲλευ-

451 1849 504 1893 et
537 1840 810 1897 laboribus
859 1843 1134 1912 exempti?
1183 1841 1318 1896 Num
1366 1840 1608 1896 vicissim
1652 1840 2020 1895 honoraruut?

454 1947 580 1984 num
612 1931 748 1987 bene
779 1931 989 1989 aﬂ‘ectis
1023 1933 1217 1989 animis
1246 1941 1608 2003 protectorem
1650 1931 1818 1985 Deum
1851 1930 2019 1984 laetifi-

450 2033 578 2072 care
613 2023 787 2075 conati
837 2021 1403 2091 sunt?Nequaquam,
1450 2021 1644 2090 inquit.
1686 2020 2019 2090 Aufugerunt

453 2110 596 2163 enim
633 2124 662 2164 a
697 2111 949 2176 Domino;
983 2114 1230 2168 abierunt
1262 2115 1328 2168 ab
1356 2129 1418 2167 eo
1455 2113 1545 2181 qui
1577 2126 1671 2167 eos
1697 2114 2016 2166 cohonesta-

458 2211 650 2266 verat;
712 2205 949 2272 protervi
1001 2205 1052 2257 in
1103 2220 1224 2258 eum
1289 2206 1377 2273 qni
1425 2204 1636 2258 vocavit
1678 2203 2017 2258 exstiterunt.

454 2290 718 2345 Abierunt
751 2301 952 2357 autem,
985 2308 1219 2362 quonam
1270 2291 1470 2346 modo?
1500 2306 1627 2344 num
1658 2291 1781 2360 quia
1829 2289 2018 2360 singil-

457 2377 627 2445 latim,
672 2389 727 2434 et
781 2383 1078 2436 secundum
1133 2397 1333 2451 paucos
1393 2397 1421 2434 a
1479 2391 1658 2435 mente
1723 2389 1776 2434 et
1819 2379 2021 2450 judicio

456 2470 824 2536 desciverunt,
873 2483 925 2527 et
971 2473 1329 2542 quorumdam
1383 2472 1614 2527 fallaciis
1664 2473 1806 2541 capti
1859 2473 2023 2528 sunt?

455 2561 609 2617 Nullo
642 2564 818 2619 modo.
855 2562 1200 2619 Resiluerunt
1237 2565 1378 2618 enim
1405 2565 1506 2626 sic,
1537 2565 1805 2634 quomodo
1835 2565 2024 2620 videli-

455 2665 544 2708 cet
580 2655 752 2709 vocati
789 2667 935 2719 suut,
976 2655 1027 2709 id
1070 2666 1170 2719 est,
1207 2658 1502 2712 secundum
1542 2657 1851 2712 universam
1887 2655 2022 2711 mul-

457 2746 761 2811 titudinem,
795 2756 848 2801 et
881 2747 1179 2802 secundum
1227 2748 1417 2812 tribus,
1465 2756 1633 2802 totum
1679 2762 1868 2816 genus,
1903 2756 2025 2801 lotae

457 2837 693 2890 familiae.
740 2839 829 2891 Sic
869 2839 1011 2892 enim
1051 2838 1320 2906 quondam
1368 2838 1432 2891 de
1478 2837 1711 2907 Egypto
1752 2838 2020 2890 exierunt.

456 2927 800 2980 Meminimus
849 2941 1029 2995 porro,
1061 2928 1146 2980 vix
1183 2929 1394 2980 tandem
1437 2926 1718 2981 Pharaone
1747 2925 2021 2982 dimissio-

455 3029 576 3070 nem
613 3015 979 3084 promittente,
1007 3018 1152 3070 etde
1198 3016 1539 3071 multitudine
1572 3016 1784 3071 abitura
1821 3031 2021 3086 cogno-

453 3119 606 3161 scere
629 3106 901 3175 cupiente,
939 3115 991 3160 et
1013 3107 1213 3176 apertis
1228 3107 1410 3161 verbis
1428 3116 1718 3176 qnmrente,
1759 3126 1777 3159 ‹
1801 3109 2021 3178 quinam

457 3206 511 3249 et
527 3197 617 3266 qui
638 3205 779 3261 sunt,
795 3196 953 3266 etqui
981 3195 1164 3251 ibunt?
1183 3215 1202 3249 ι
1226 3195 1439 3266 Moysen
1461 3196 1830 3265 respondisse:
1851 3216 1868 3248 ι
1889 3196 2023 3252 Cum

453 3289 759 3358 junioribus
784 3297 838 3343 et
881 3287 1187 3345 senioribus
1216 3288 1418 3342 nostris
1453 3289 1670 3354 ibimus,
1710 3303 1831 3343 cum
1880 3289 2022 3354 filiis,

457 3389 511 3434 et
559 3379 794 3446 ﬁliabus,
836 3389 890 3434 et
935 3379 1147 3444 ovibus,
1190 3388 1243 3433 et
1283 3379 1451 3432 bobus
1503 3379 1704 3433 nostris
1727 3380 1789 3432 ".
1822 3398 1840 3431 ι
1887 3380 2024 3449 Ergo

457 3471 754 3524 secundum
790 3477 929 3523 totas
969 3469 1158 3533 tribus,
1190 3477 1244 3522 et
1278 3467 1571 3521 secundum
1606 3465 2020 3532 multitudinem,

457 3559 753 3615 secundum
801 3574 969 3627 genus
1015 3559 1350 3623 universum,
1416 3569 1472 3612 et
1518 3556 1748 3612 familias
1792 3557 2021 3612 vocavit.

460 3650 704 3704 Similem
734 3649 948 3703 modum
983 3650 1171 3704 habuit
1216 3649 1502 3718 apostasis,
1545 3649 1697 3716 cujus
1742 3647 2028 3717 turpitudi-

458 3755 580 3796 nem
609 3739 908 3794 clarissime
932 3739 1174 3795 ostendit
1206 3755 1326 3794 cum
1352 3740 1502 3804 dicit,
1547 3757 1566 3791 ι
1592 3740 1810 3794 abibant
1833 3756 1861 3792 a
1890 3739 2027 3796 facie

459 3844 598 3884 mea.
658 3847 696 3882 ι,
747 3827 892 3894 Quos
955 3827 1097 3882 enim
1159 3827 1337 3882 odisse
1378 3826 1608 3882 voluerit
1653 3826 2025 3881 universorum

461 3921 740 3984 Dominus,
787 3935 890 3974 non
943 3905 1191 3988 dignatur
1232 3917 1526 3986 respicere,
1569 3916 1722 3987 juxta
1753 3915 1903 3982 illud,
1943 3915 2026 3970 in-

457 4029 658 4082 quam,
720 4012 772 4066 in
835 4010 1053 4066 Psalmo
1100 4019 1419 4064 cantatum:
1456 4028 1474 4061 ι
1504 4009 1735 4078 Respice
1792 4023 1910 4072 me,
1972 4016 2026 4062 et

459 4106 716 4161 miserere
771 4104 876 4158 mei
899 4103 967 4160 '°.
1020 4121 1040 4155 ι
1105 4101 1380 4172 Scriptum
1438 4111 1522 4157 est
1575 4101 1717 4155 enim
1761 4119 1774 4156 :
1820 4119 1838 4152 t
1874 4099 2023 4156 Oculi

459 4195 666 4249 Domini
709 4209 869 4264 super
894 4193 1155 4261 justos“.
1186 4211 1205 4244 ι
1254 4193 1319 4247 Ει
1368 4193 1486 4262 ipse
1531 4191 1726 4248 alicubi
1761 4210 1823 4246 :t
1855 4192 2026 4260 Super

459 4301 618 4356 quem
653 4286 963 4355 respiciam,
1009 4285 1114 4340 nisi
1150 4299 1314 4354 super
1345 4283 1624 4348 humilem,
1670 4293 1725 4338 et
1762 4283 2024 4353 quietum,

457 4385 513 4433 et
543 4385 856 4431 trementem
896 4390 1174 4432 sermones
1212 4375 1466 4430 meos"?
1494 4394 1513 4426 ι

534 4467 693 4537 158
713 4469 870 4521 Vens.
896 4469 950 4532 ’5,
978 4467 1031 4520 4.
1061 4467 1172 4535 Ipsi
1200 4466 1407 4520 Baalim
1432 4466 1791 4530 immolabant,
1811 4478 1858 4520 et
1885 4466 2025 4520 scul-

457 4561 674 4632 ptiiibus
694 4558 991 4612 adolebant.
1019 4557 1083 4610 Et
1099 4574 1190 4627 ego
1216 4557 1448 4626 colligari
1465 4556 1735 4623 Ephraim,
1758 4565 1806 4608 et
1824 4557 2024 4624 suscepi

459 4669 574 4708 eum
599 4667 750 4720 super
777 4649 1046 4704 brachium
1084 4664 1278 4714 meum,
1308 4660 1352 4700 et
1383 4664 1484 4700 non
1515 4655 1877 4716 cognoverunt,
1904 4648 2025 4718 quia

460 4759 589 4797 sano
619 4760 703 4798 eos
756 4743 812 4796 in
851 4742 1183 4810 corruptione
1232 4739 1520 4792 hominum.
1572 4737 1798 4792 Extendi
1837 4754 1922 4793 eos
1973 4739 2028 4792 in

461 4833 677 4888 vinculis
705 4834 976 4888 charilatis
1003 4848 1146 4886 metr.

531 4921 763 4979 CXXVI.
836 4924 1157 4978 Immensatu
1213 4929 1266 4975 et
1318 4917 1594 4973 divinitate
1643 4915 1758 4986 ejus
1807 4917 2021 4989 dignam

464 5014 642 5066 inesse
696 5014 801 5068 Deo
852 5014 1315 5069 mansuetudinem
1363 5011 1714 5066 demonstrat.
1764 5009 1834 5063 lis
1880 5011 2044 5064 enim-

465 5102 555 5164 qui
599 5101 964 5165 crediderunt,
1007 5112 1063 5157 et
1109 5103 1280 5170 ipsum
1313 5108 1700 5172 cognoverunt,
1742 5098 2024 5168 solumque

463 5195 688 5246 adorare
721 5201 1001 5257 cmperunt
1032 5193 1170 5246 bona
1204 5192 1464 5256 tribuere,
1494 5191 1662 5247 videri
1694 5189 1862 5261 possit
1895 5204 2029 5245 con-

466 5281 706 5341 veniens,
739 5288 792 5333 et
821 5279 889 5334 ab
915 5281 1166 5347 aequitate
1187 5282 1419 5335 alienum
1455 5297 1560 5336 non
1587 5291 1692 5337 est.
1721 5280 2026 5350 Unusquis-

464 5385 569 5443 que
602 5371 744 5425 enim
775 5369 1043 5426 siouidem
1072 5382 1218 5427 recte
1245 5373 1424 5427 facere
1460 5373 1608 5438 velit,
1640 5373 1751 5442 jam
1786 5373 2021 5429 deditum

559 5559 601 5589 ¹¹¹
627 5555 849 5611 Malach.
910 5571 949 5620 ι,
983 5557 1035 5610 5.

543 5630 585 5662 η
609 5627 707 5682 lsa.
742 5642 885 5691 vat,
914 5626 965 5680 '2.

1184 5557 1225 5589 ¹⁸
1251 5555 1418 5612 Exod.
1452 5571 1544 5621 xx,
1579 5554 1630 5611 θ.
1710 5557 1751 5587 ’ν
1779 5556 1946 5615 Exod.
1973 5575 2026 5626 ς,
2066 5561 2118 5618 8.
2183 5563 2236 5618 9.

2123 1837 2308 1909 θερίας
2334 1841 2685 1920 τετιμημένοι
2724 1841 2929 1912 χάριτι,
2961 1840 3056 1895 καὶ
3093 1839 3335 1902 δουλείας
3390 1839 3483 1892 καὶ
3519 1838 3703 1892 πόνων

2119 1927 2562 1998 ἀπηλλαγμένοις
2591 1923 2734 2000 Ἀρα
2761 1930 3125 1998 τετιμήκασιν
3149 1945 3164 1995 ;
3193 1923 3302 1998 ἆρα
3323 1929 3442 1991 ταῖς
3463 1926 3703 1988 εὐνοίαις

2121 2019 2541 2088 κατευφραίνειν
2573 2017 2909 2073 ἐσπούδασαν
2932 2018 3024 2071 τὸν
3052 2017 3501 2088 ὑπερασπίσαντα
3524 2015 3661 2070 Θεόν
3684 2032 3702 2081 ;

2122 2105 2402 2176 Οὐδαμῶς,
2440 2108 2619 2177 φησίν.
2649 2108 3154 2180 Ἀποδεδραμήκασι
3203 2107 3310 2178 γὰρ
3346 2106 3441 2160 τοῦ
3487 2107 3703 2160 Δεσπό-

2121 2213 2236 2262 του,
2271 2197 2551 2269 ἀπῲχοντο
2577 2199 2666 2252 τού
2701 2201 3077 2272 τετιμηκότος,
3114 2200 3340 2270 ὕϐρισαν
3375 2199 3463 2252 τὸν
3494 2199 3704 2270 κεκλη-

2123 2292 2274 2347 κότα.
2299 2291 2608 2360 Ἀπῲχοντο
2637 2289 2711 2354 δὲ,
2743 2292 2862 2343 τίνα
2893 2291 3125 2362 τρόπον;
3161 2287 3268 2361 ἆρα
3300 2290 3418 2344 καθ’
3444 2289 3560 2352 ἕνα,
3602 2292 3704 2343 καὶ

2122 2386 2245 2441 κατ’
2267 2384 2481 2454 ὀλίγους
2513 2383 2604 2437 τοῦ
2642 2386 2857 2455 ιρρονεῖν
2897 2383 3071 2452 ὀρθῶς
3103 2383 3564 2453 ἀπωλισθηκότες,
3601 2384 3706 2436 καὶ

2122 2480 2242 2542 ταῖς
2273 2497 2434 2534 τινων
2457 2477 2692 2540 ἀπάταις
2718 2476 3210 2544 ὑποκλεπτόμενοι;
3243 2475 3537 2545 Οὑμενουν.
3559 2476 3706 2527 Ἀπ-

2124 2570 2310 2641 έθορον
2352 2569 2458 2641 γὰρ
2509 2568 2718 2634 οὕτως,
2772 2567 2959 2637 ὥσπερ
3005 2566 3195 2636 ἀμέλει
3245 2566 3338 2619 καὶ
3382 2565 3708 2635 κέκληνται,

2123 2663 2388 2727 τουτέστι,
2421 2662 2562 2717 κατὰ
2606 2661 2812 2732 πληθὺν
2847 2661 2972 2731 ὅλην
3018 2661 3113 2713 καὶ¹
3156 2661 3295 2714 κατά
3326 2660 3518 2730 φυλὰς,
3554 2679 3710 2730 παγ-

2125 2753 2255 2822 γενῆ
2298 2769 2357 2805 τε
2407 2751 2501 2804 καὶ
2541 2751 2778 2804 πανοικί.
2801 2749 3054 2822 Ἐξῆλθον
3085 2750 3191 2822 γὰρ
3225 2749 3370 2804 οὑτω
3401 2754 3500 2821 τῆς
3535 2750 3716 2819 Αἰγύ-

2126 2859 2257 2894 πτου
2284 2842 2422 2895 κατὰ
2449 2839 2691 2911 καιρούς.
2712 2841 3056 2913 Μεμνήμεθα
3082 2842 3158 2908 δὲ,
3189 2843 3270 2895 ὅτι
3302 2841 3452 2911 μόλις
3477 2842 3714 2912 ἀνήσειν

2124 2931 2216 2984 τὸν
2249 2931 2464 3003 Ἰσραὴλ
2498 2932 2925 3003 ὑπισχνουμένου
2961 2932 3055 2986 τοῦ
3089 2932 3304 3003 Φαραὼ,
3337 2933 3430 2986 καὶ
3460 2932 3557 3003 τὴν
3593 2933 3713 2986 ἀπ-

2126 3021 2384 3092 αίρουσαν
2429 3024 2593 3078 αὑτοῦ
2639 3024 2846 3094 πληθὺν
2877 3025 3178 3095 ἀναμαθεῖν
3203 3024 3492 3089 ἐθέλοντος,
3520 3023 3717 3091 λέγον-

2127 3114 2214 3177 τός
2239 3130 2298 3166 τε
2336 3114 2542 3183 σαφῶς,
2586 3135 2604 3166 ι
2635 3116 2788 3178 Τίνες
2829 3116 2923 3168 καὶ
2961 3115 3106 3180 τίνες
3151 3117 3288 3169 εἰσιν
3314 3111 3366 3168 ὀἰ
3403 3115 3716 3186 πορευόμε-

2125 3221 2239 3270 νοι;
2271 3222 2290 3256 ι
2313 3205 2516 3274 Μωσῆς
2539 3205 2878 3275 ἀπεκρίνετο⁸
2901 3223 2919 3256 ι
2941 3206 3045 3259 Σὺν
3068 3208 3182 3270 τοῖς
3203 3208 3503 3268 νεανίσκοις
3522 3206 3715 3276 ἡμῶν,

2125 3295 2220 3349 καὶ
2266 3297 2360 3349 σὺν
2405 3299 2517 3359 τοῖς
2563 3297 2951 3368 πρεσϐυτέροις
2985 3297 3140 3368 ἡμῶν
3171 3297 3570 3370 πορευσόμεθα,
3605 3296 3717 3352 σὺν

2124 3388 2236 3449 τοῖς
2263 3387 2417 3451 υἱοῖς,
2451 3387 2542 3439 καί⁵
2573 3387 2895 3459 θυγατράσι,
2927 3391 3019 3442 καὶ
3049 3389 3364 3460 προϐάτοις,
3397 3390 3490 3442 καὶ
3518 3389 3717 3458 βουσὶν

2127 3477 2302 3548 ἡμῶν.
2336 3496 2355 3529 ι
2391 3477 2598 3532 Οὐκοῦν
2627 3479 2767 3534 κατὰ
2797 3480 2967 3548 φυλὰς
2991 3478 3118 3544 ὅλας
3167 3481 3260 3535 καὶ
3289 3481 3430 3533 κατά
3471 3481 3714 3551 πληθὺν,

2125 3568 2270 3621 κατά
2317 3569 2474 3637 γένος
2513 3587 2573 3623 τε
2620 3570 2714 3623 καὶ
2755 3572 2934 3636 οἴκους
2964 3574 2997 3642 ή
3034 3573 3244 3644 κλῆσις.
3279 3572 3436 3626 Κατὰ
3468 3573 3559 3626 τὸν
3591 3575 3718 3628 ἴσον

2125 3655 2182 3709 δὲ
2213 3656 2410 3727 τρόπον
2443 3657 2536 3710 καὶ
2569 3659 2602 3728 ἡ
2635 3658 2954 3725 ἀπόστασις,
2982 3655 3049 3730 ἦς
3074 3661 3136 3714 τὸ
3169 3661 3401 3724 ἀκαλλὲς
3432 3661 3512 3714 ὅτι
3542 3661 3718 3731 μάλι-

2127 3764 2229 3800 στα
2265 3748 2540 3818 σημαίνει,
2569 3749 2743 3819 λέγων
2774 3752 2854 3817 τὸ,
2896 3772 2914 3804 t
2946 3753 3253 3823 ’Λπῲχιιντο
3296 3755 3360 3806 ὲκ
3409 3753 3715 3825 προσώπου

2131 3853 2254 3905 μου.
2280 3855 2298 3888 ι
2332 3835 2438 3900 Οὓς
2459 3837 2566 3909 γὰρ
2591 3837 2656 3891 ἂν
2679 3840 2850 3894 ἕλοιτο
2878 3845 3054 3912 μισεῖν
3069 3845 3096 3896 ό
3115 3842 3224 3896 τῶν
3253 3843 3389 3897 ὅλων
3403 3845 3714 3912 Δεσπότης,

2127 3926 2234 3979 οὐδ’
2257 3926 2324 3980 ἂν
2368 3926 2744 3996 ἐπισκέψαιτο,
2775 3931 2895 3982 κατ’
2921 3931 3115 3996 έκεῖνο,
3155 3932 3315 4002 φημὶ,
3347 3932 3407 3985 τὸ
3453 3933 3509 3984 ὲν
3556 3932 3718 3985 Ψαλ-

2131 4017 2251 4086 μοῖς
2280 4015 2610 4086 ὑμνούμενον
2629 4034 2642 4048 ·
2685 4037 2703 4069 t
2733 4019 3051 4089 Ἐπίϐλεψον
3094 4021 3180 4074 ἐπ’
3212 4022 3330 4091 ἐμὲ,
3359 4022 3452 4075 καὶ
3485 4022 3716 4093 ἐλέησόν

2131 4123 2221 4176 με.
2251 4125 2270 4159 ι
2321 4108 2631 4179 Γέγραπται
2679 4109 2808 4180 γὰρ,
2857 4111 2938 4164 ὅτι
2991 4131 3008 4163 ι
3038 4112 3338 4182 Ὀφθαλμοῖ
3369 4114 3574 4184 Κυρίου
3616 4116 3716 4168 ἐπὶ

2127 4198 2369 4261 δικαίους
2390 4216 2403 4230 ’
2436 4219 2454 4250 ι
2485 4201 2580 4254 καὶ
2613 4201 2772 4265 αὑτὸς
2801 4201 2859 4254 δέ
2893 4201 2994 4254 πού
3021 4218 3204 4272 φησιν·
3242 4223 3260 4255 t
3287 4203 3414 4258 Ἐπὶ
3446 4204 3567 4259 τίνα
3590 4206 3719 4259 ἑπι-

2130 4289 2330 4359 6λέῴω,
2368 4291 2484 4344 ἀλλ’
2506 4291 2538 4362 ἢ
2571 4292 2662 4345 ἐπὶ
2686 4293 2776 4345 τὸν
2801 4293 3054 4348 ταπεινὸν
3079 4295 3172 4348 καὶ
3194 4294 3436 4365 ἡσύχιον.
3461 4295 3556 4349 καὶ
3577 4295 3682 4367 τρέ
3697 4327 3718 4338 -

2057 4411 2104 4466 D
2139 4397 2308 4451 μοντα
2336 4383 2461 4444 τοὺς
2493 4381 2683 4450 λόγους
2720 4399 2857 4453 μου;
2891 4401 2911 4434 ›

2199 4469 2378 4523 Αὐτοὶ
2427 4467 2550 4534 τοῖς
2576 4469 2840 4539 Βααλεὶμ
2880 4471 3079 4534 ἔθυον,
3112 4472 3211 4525 καὶ
3257 4472 3380 4537 τοῖς
3419 4471 3721 4540 γλυπτοῖς

2131 4557 2405 4627 ἐθυμίων.
2434 4557 2545 4611 Kal
2584 4557 2698 4627 ἐγὼ
2743 4560 3120 4613 συνεπόδισα
3162 4561 3268 4614 τὸν
3313 4562 3578 4630 Ἑφραῒμ,
3611 4563 3721 4615 καὶ

2132 4647 2430 4703 ἀνέλαϐον
2464 4649 2649 4704 αὐτὸν
2681 4651 2780 4704 ἐπὶ
2818 4651 2924 4705 τὸν
2949 4641 3250 4722 βραχίονὰ
3284 4671 3423 4722 μου.
3450 4653 3562 4706 Καὶ
3598 4656 3720 4709 οὐκ

2133 4739 2408 4804 ἔγνωσαν
2423 4738 2512 4792 ὅτι
2541 4739 2705 4810 ῑαμαι
2728 4742 2949 4808 αὐτοὺς
2969 4742 3038 4795 ἑν
3056 4742 3348 4811 διαφθορᾷ
3363 4742 3716 4810 ἀνθρώπων.

2150 4829 2442 4893 Ἐξέτεινα
2467 4830 2690 4898 αὐτοὺς
2718 4831 2786 4886 ἐν
2808 4832 3051 4903 δεσμοῖς
3076 4833 3433 4904 ἀγαπιξσεώς
3458 4850 3601 4902 μου.

2201 4922 2393 4987 PKQ".
2435 4921 2767 4993 Ἀμέτρητον
2805 4921 2972 4978 οὖσαν
3035 4926 3128 4978 καὶ
3172 4925 3450 4996 θεοπρετᾱι
3493 4924 3590 4996 τὴν
3622 4927 3719 4978 ὲν-

2129 5009 2292 5064 οὖσαν
2333 5010 2480 5082 αὐτῷ
2524 5011 2793 5066 δείκνυσιν
2824 5015 3157 5086 ἡμερότητα.
3187 5015 3260 5068 Τὸ
3308 5016 3404 5085 μὲν
3445 5015 3552 5084 γὰρ
3599 5019 3717 5080 τοῖς

2130 5101 2230 5170 ἥδη
2262 5103 2668 5179 πεπιστευκόσι,
2693 5107 2788 5158 καὶ
2827 5107 3196 5175 έπεγνωκόσιν
3224 5106 3406 5170 αὑτὸν,
3433 5106 3526 5158 καὶ
3561 5107 3715 5176 αὑτῷ

2128 5191 2192 5261 δὴ
2222 5192 2365 5264 μόνῳ
2391 5199 2716 5264 προσκυνεῖν
2749 5197 3046 5268 ᾑρημένοις
3090 5198 3384 5268 ἀπονέμειν
3408 5197 3475 5251 τὰ
3509 5197 3716 5266 ἀγαθὰ,

2131 5286 2288 5355 λόγον
2319 5289 2386 5342 ἂν
2416 5289 2527 5360 ἔχοι
2559 5290 2648 5344 τὸν
2678 5293 2979 5364 πρέποντα,
3003 5294 3097 5346 καὶ
3122 5293 3222 5344 οὑκ
3251 5292 3355 5358 ἔξω
3382 5290 3477 5345 τοῦ
3505 5292 3719 5354 εἰκότος

2130 5377 2190 5432 τὸ
2221 5380 2410 5451 χρῆμα
2443 5381 2700 5437 κείσεται.
2733 5384 2879 5455 Τιμᾷ
2920 5385 3030 5455 γάρ
3057 5401 3162 5449 τις,
3196 5385 3353 5455 εἰπερ
3386 5385 3557 5437 ἕλοιτο
3581 5382 3723 5452 δρᾷν

2425 5567 2468 5598 ὀ
2494 5567 2635 5624 Psal.
2673 5584 2871 5639 Lxxxv,
2907 5571 2995 5625 16.
3070 5572 3112 5604 ²¹
3143 5572 3283 5628 Psal.
3317 5581 3509 5631 χχχιιι,
3546 5564 3636 5620 ιϐ.
