3898 6212
230 264 330 320 ἳῧῧ

1149 253 1702 317 COMMENTARIUS
1740 252 1804 308 IN
1845 250 2078 306 OSEAM
2121 249 2566 306 PROPHETAM.

3379 255 3482 309 2ίίίῖ

231 378 421 452 ὀρθῶς,
454 377 551 431 τὸν
583 379 782 431 οἰκεῖον
814 378 934 450 ήδη,
967 377 1062 431 καὶ
1091 373 1634 446 προσδεδραμηκὸτα.
1661 371 1734 425 Τὸ
1755 370 1812 424 δὲ

1919 367 2040 432 sibi,
2082 375 2136 424 et
2186 382 2216 420 a
2260 367 2364 422 (ide
2406 382 2500 422 sua
2557 367 2700 421 ultro
2747 367 3070 437 pendentem
3123 369 3370 423 honorat.
3421 375 3488 426 At

231 473 316 525 καὶ
343 473 456 532 τοῖς
485 470 740 540 βεϐήλοις
769 469 871 533 ἔτι,
908 469 1001 523 καὶ
1041 469 1142 522 οὐκ
1170 467 1367 520 εἰδόσιν
1408 465 1590 530 αὑτὸν,
1616 465 1817 529 παντὸς

230 559 429 628 ἀγαθοῦ
463 557 755 628 φαίνεσθαι
789 557 1052 628 χορηγὸν,
1093 557 1400 628 ὑπερϐολὴν
1443 556 1508 611 ἂν
1551 556 1663 626 ἔχοι
1698 556 1816 624 φιλ-

231 648 563 718 ανθρωπίας,
601 647 696 700 καὶ
745 645 1042 717 θαύματος,
1077 647 1169 700 καὶ
1216 646 1554 718 θεοπρεποῦς
1604 647 1816 717 ἀληθῶς

230 740 501 804 ἀπόδειξιν
535 738 898 810 ἡμερότητος.
930 738 1223 811 Τοιγάρτοι
1268 738 1361 792 καὶ
1387 739 1550 803 αὐτὸς
1582 738 1818 808 ἔφασκεν

228 835 257 888 ὁ
283 831 494 903 Σωτὴρ,
529 833 918 902 κατοικτείρων
948 833 1014 886 τὰ
1049 833 1168 885 καθ’
1203 832 1370 904 ἡμᾶς,
1421 833 1514 887 καὶ
1541 834 1632 887 τὸν
1662 834 1818 886 οὐδα-

235 923 392 995 μόθεν
418 923 704 993 πρέποντα
725 925 838 987 τοῖς
857 923 1335 995 φιλαμαρτήμοσιν
1357 921 1505 976 ἔλεον
1531 921 1818 994 ἀπονέμων

228 1015 300 1078 ὡς
325 1014 491 1078 Θεὸς,
524 1013 656 1066 ποτε
692 1014 820 1084 μὲν,
846 1015 928 1067 ὅτι
958 1033 975 1065 ι
1009 1014 1080 1067 Οὐ
1108 1013 1294 1083 χρείαν
1325 1013 1536 1084 ἔχουσιν
1561 1014 1611 1065 οι
1639 1012 1819 1081 ὑγιαί-

231 1123 408 1169 νοντες
445 1106 636 1176 ἰατροῦ
656 1145 670 1165 ,
701 1103 817 1158 ἀλλ’
850 1105 898 1158 oi
922 1105 1104 1167 κακῶς
1139 1105 1380 1175 ἔχοντες·
1421 1123 1438 1156 ι
1473 1105 1603 1158 ποτὲ
1629 1105 1685 1158 δὲ
1715 1103 1819 1158 πά-

229 1197 329 1263 λιν,
365 1216 383 1247 ι
415 1197 532 1250 Οὐκ
560 1192 724 1267 ἦλθον
755 1195 980 1249 καλέσαι
1010 1195 1269 1260 δικαίους,
1301 1194 1435 1250 ἀλλὰ
1463 1195 1817 1267 ἁμαρτωλοὺς

231 1289 306 1351 εἰς
339 1289 654 1356 μετάνοιαν.
689 1305 706 1338 ι
757 1285 953 1340 Καίτοι
1009 1288 1209 1353 τοίνυν,
1257 1288 1483 1358 φησιν..
1516 1287 1814 1354 τουτέστιν,

228 1381 275 1429 οἱ
307 1378 365 1442 ἐξ
398 1377 620 1448 Ἰσραὴλ
650 1377 960 1432 ἐπλανῶντο
1001 1379 1142 1431 κατᾶ
1185 1377 1282 1449 τὴν
1331 1378 1623 1446 Αἴγυπτον,
1665 1378 1817 1432 οῦπω

229 1471 358 1524 Θεὸν
401 1471 608 1540 ᾔδεσαν
657 1469 749 1523 τὸν
791 1468 1081 1540 ἀληθινὸν,
1129 1468 1266 1538 ἐμέ’
1313 1469 1708 1538 κατεφωρῶντο
1759 1469 1816 1522 δὲ

235 1563 434 1632 μᾶλλον
469 1562 660 1625 θυσίας
693 1562 1060 1632 προσάγοντες
1101 1563 1212 1622 τοῖς
1255 1559 1519 1631 Βααλεὶμ,
1550 1560 1814 1624 τουτέστι,

229 1656 336 1717 τοῖς
366 1653 627 1715 εἰδώλοις,
651 1652 956 1723 θυμιῶντες
981 1653 1095 1715 τοῖς
1124 1651 1402 1720 γλυπτοῖς,
1431 1652 1550 1723 ἦτοι
1574 1654 1685 1716 τοῖς
1706 1653 1814 1705 τῶν

1920 472 2049 514 vero
2079 466 2131 514 et
2154 457 2394 528 profanis
2427 458 2628 523 adhuc,
2663 467 2718 512 et
2742 458 2915 527 ipsum
2944 459 3306 518 nescientibus
3327 477 3492 518 omne

1919 550 2118 604 bonum
2156 548 2329 620 palam
2363 549 2573 619 largiri,
2622 548 2973 604 excellentem
3009 552 3395 621 benignitatem
3437 565 3493 613 et

1920 643 2334 697 admirationem
2365 642 2560 707 habet,
2603 650 2658 697 et
2695 657 2881 697 revera
2925 645 3354 702 mansuetudinis
3382 646 3492 702 Deo

1919 731 2149 800 propria:
2207 730 2561 788 indubitabile
2607 738 2690 786 est
2739 731 3015 787 indicium.
3065 733 3246 802 Quare
3287 747 3343 792 et
3377 738 3493 808 ipse

1920 823 2193 890 Salvator,
2224 825 2488 879 miserans
2521 837 2605 880 res
2633 832 2865 889 nostras,
2900 835 2954 880 et
2987 828 3249 895 peccandi
3282 829 3492 900 cupidis

1919 918 2235 988 neutiquam
2273 917 2612 974 tribuendam
2659 917 3087 974 misericordiam
3128 929 3185 973 ut
3217 919 3359 992 Deus
3389 924 3490 976 int-

1919 1009 2180 1079 pertiens,
2237 1010 2474 1074 diccbat,
2527 1007 2639 1077 jam
2690 1008 2904 1077 quidem
2948 1029 2960 1064 :
3001 1027 3020 1060 ι
3049 1008 3166 1065 Νοιι
3229 1021 3313 1066 est
3358 1028 3493 1081 Opus

1919 1104 2058 1157 bene
2083 1101 2385 1157 valentibus
2417 1100 2678 1167 medicus,
2707 1101 2801 1156 sed
2842 1099 2981 1156 male
3005 1101 3327 1158 habentibus
3344 1103 3391 1136 ’³
3419 1121 3434 1170 ;
3467 1126 3486 1158 ο

1913 1194 2026 1264 jam
2069 1208 2282 1248 rursum
2312 1207 2327 1246 :
2357 1211 2376 1246 ι
2403 1192 2518 1247 Non
2564 1194 2682 1248 veni
2716 1208 2912 1249 vocare
2933 1192 3134 1262 juStos,
3176 1197 3270 1251 sed
3301 1213 3496 1268 peccao

1919 1297 2065 1342 tores
2113 1286 2182 1342 ad
2239 1285 2606 1356 paenitentiam
2637 1288 2705 1339 “.
2739 1305 2758 1338 ι
2820 1285 2912 1341 Ait
2969 1302 3195 1357 e.rgo....
3237 1289 3340 1344 hoc
3386 1301 3492 1358 est,

1917 1377 2176 1433 Israelita:
2229 1379 2282 1432 in
2327 1377 2560 1450 Egypto
2609 1392 2850 1432 errorem
2899 1393 3058 1434 suum
3106 1380 3492 1450 sequebantur,

1919 1469 2152 1523 nondnnt
2192 1469 2356 1524 Deum
2388 1482 2594 1534 verum,
2644 1483 2729 1522 me
2768 1468 2997 1536 scilicet,
3031 1471 3309 1540 sciebant;
3345 1487 3498 1528 com-

1919 1559 2054 1627 perti
2111 1568 2290 1614 autem
2344 1569 2470 1614 sunt
2519 1559 2690 1630 magis
2748 1559 2994 1626 Baalim,
3057 1561 3110 1615 id
3158 1572 3242 1617 est
3310 1565 3492 1633 idolis,

1919 1650 2121 1706 hostias
2156 1650 2460 1712 immolare,
2480 1660 2531 1704 et
2566 1651 2785 1705 adolere
2819 1652 2975 1706 thura
3007 1652 3337 1723 simulacris,
3382 1655 3498 1712 sive

230 1750 512 1822 ἒγχωρίων
548 1748 908 1819 σεϐάσμασιν.
931 1745 1074 1815 Ἐγὼ
1103 1747 1159 1800 δὲ
1183 1746 1416 1818 ἐπείπερ
1442 1748 1559 1818 εἰμὶ
1581 1748 1815 1818 χρηστός

1919 1744 2022 1799 diis
2051 1744 2338 1815 indigenis.
2386 1745 2498 1815 Ego
2533 1759 2678 1810 vero,
2706 1745 2961 1814 quoniam
3011 1748 3277 1817 benignus
3307 1760 3362 1804 et
3396 1752 3495 1807 bo-

227 1858 288 1894 τε
337 1840 436 1896 καὶ
495 1839 730 1908 ἀγαθὸς,
769 1839 970 1909 καίπερ
1020 1835 1190 1901 οὕτως
1251 1837 1440 1909 ἔχοντα
1497 1839 1814 1909 σκαιότητος

228 1931 318 1983 τὸν
343 1931 614 2002 Ἐφραῖμ,
651 1931 772 2001 ἤτοι
795 1930 919 1985 καθ’
948 1930 1070 1983 ὅλου
1105 1929 1196 1983 τὸν
1225 1929 1459 2002 Ἰσραὴλ,
1488 1930 1563 1992 ὡς
1593 1931 1655 1982 ἐκ
1689 1932 1817 2001 μιᾶς

232 2023 420 2078 ἐνθάδε
453 2023 627 2093 φυλῆς
660 2022 1006 2093 δηλούμενον,
1034 2021 1375 2082 συνεπόδισα,
1411 2020 1594 2095 φησίν.
1626 2019 1736 2074 Καὶ
1763 2021 1817 2075 τί

229 2116 292 2185 δὴ
323 2113 484 2167 τοῦτό
517 2117 689 2176 ἐστιν,
725 2112 889 2176 αὐτὸς
915 2112 1231 2184 διεσάφησε,
1258 2111 1431 2182 λέγων
1452 2128 1465 2141 ο
1501 2112 1814 2166 «Ἀνέλαϐον

230 2209 388 2261 αὐτὸν
414 2208 510 2260 ἐπὶ
538 2207 630 2261 τὸν
661 2206 922 2278 βραχίονά
954 2223 1074 2277 μου.
1111 2224 1129 2257 ι
1149 2207 1214 2259 Ἦ
1238 2205 1290 2258 δὲ
1319 2204 1411 2258 τοῦ
1436 2205 1814 2277 παραδείγμα-

230 2316 320 2362 τος
355 2298 636 2369 ὁμοιότης,
663 2297 739 2361 ὡς
772 2300 836 2351 ὲκ
865 2297 958 2351 τοῦ
985 2297 1260 2369 δρωμένου
1291 2297 1419 2368 περὶ
1442 2296 1512 2349 τὰ
1535 2296 1726 2368 νήπια.
1752 2298 1814 2351 Οἱ

230 2388 340 2458 γὰρ
362 2387 435 2440 τὰ
467 2385 641 2458 μικρὰ
671 2387 780 2439 τῶν
807 2386 1021 2456 βρεφῶν
1051 2387 1130 2449 εἰς
1175 2387 1365 2457 χεῖρας
1407 2384 1815 2456 ἀναλαμϐάνον-

230 2498 340 2544 τες,
386 2479 553 2532 οἱονεὶ
600 2477 1012 2548 συμποδίζουσιν
1042 2475 1200 2541 αὐτὰ,
1251 2475 1661 2546 συνενεγκόντες
1692 2476 1817 2542 τοὺς

233 2571 419 2632 πόδας.
467 2570 561 2621 Δεῖ
602 2567 731 2639 γὰρ,
768 2565 942 2637 οἶμαι,
976 2567 1359 2621 συστέλλεσθαι
1392 2567 1600 2640 μηρούς
1628 2586 1690 2622 τε
1719 2569 1815 2624 καὶ

229 2665 434 2733 γονατα
472 2659 676 2725 παντὸς
705 2661 800 2714 τοῦ
838 2659 1206 2732 συνιζηκὸτος,
1241 2663 1604 2736 τουτέστι,ξτὸ
1647 2684 1665 2716 ι
1699 2681 1816 2717 συν,

229 2755 484 2810 επόὂισαο
520 2773 539 2806 ι
597 2752 851 2823 καθάπερ
896 2751 1086 2823 ἀμέλει
1133 2753 1226 2807 καὶ
1278 2753 1406 2825 περὶ
1446 2754 1540 2807 τοῦ
1563 2755 1816 2826 Ἀϐραὰμ

229 2851 564 2920 γέγραπται,
588 2847 670 2900 ὅτι
701 2845 1044 2900 συνεπόδισεν
1060 2845 1247 2898 Ἰσαὰκ
1267 2844 1357 2924 τὸν
1382 2845 1494 2899 υἱὸν
1516 2847 1701 2908 αὑτοῦ,
1726 2847 1815 2901 ὅτε

230 2942 322 2995 καὶ
353 2942 508 2994 θύειν
537 2940 697 2992 αὑτὸν
723 2938 1090 3008 προσεδόκησε
1119 2937 1194 3008 τῷ
1228 2937 1365 3009 Θεῷ.
1407 2939 1615 2993 Είδέναι
1646 2939 1701 2992 δὲ
1725 2941 1817 2993 ἁν-

229 3034 480 3100 αγκαῖον,
521 3031 601 3084 ὅτι
641 3029 749 3082 τῶν
785 3028 1052 3101 Ἐϐραίων
1087 3028 1379 3099 ἡὲκδοσις,
1404 3030 1498 3083 καὶ
1529 3031 1634 3101 μὴν
1668 3032 1815 3103 καὶὴ

229 3123 338 3177 τῶν
371 3123 602 3192 ἐτέρων,
642 3119 740 3172 οὐκ
781 3118 896 3190 ἔχει
927 3118 1008 3184 τὸ,
1047 3137 1065 3170 ι
1102 3119 1443 3176 συνεπόδισα.
1476 3140 1494 3171 ι
1528 3120 1816 3175 Τεθείκασι

227 3215 285 3268 δὲ
317 3214 520 3285 μᾶλλον
556 3213 634 3276 τὸ,
675 3232 690 3262 ι
725 3211 955 3279 Γέγονεν
1005 3210 1082 3276 ὼς
1132 3211 1348 3283 τιθηνὸς
1380 3212 1459 3284 τῷ
1498 3214 1759 3284 Ἐφραῖμ.
1792 3232 1813 3264 ι

229 3305 440 3359 ὓῦκοῦν
472 3303 583 3372 ἐγὼ
618 3303 717 3373 μὲν
761 3301 889 3373 περὶ
929 3302 1124 3366 αὐτοὺς
1156 3303 1417 3370 τοιοῦτος,
1445 3304 1597 3357 αὐτοὶ
1633 3304 1689 3357 δὲ
1719 3305 1819 3359 οὐκ

229 3400 497 3466 ἔγνωσαν,
521 3396 822 3460 τουτέστιν,
849 3395 909 3449 οὐ
941 3397 1198 3467 συνῆκαν,
1221 3398 1320 3450 οὐκ
1351 3396 1579 3468 ᾔσθοντο
1601 3398 1682 3451 ὅτι
1714 3415 1817 3452 κα-

229 3493 542 3562 ταφθείρων
594 3491 840 3560 ἐτέρους,
887 3489 996 3543 τῶν
1031 3491 1154 3543 κατ’
1180 3491 1378 3554 αὐτοὺς
1416 3492 1672 3562 ποιοῦμαι
1718 3491 1818 3562 τὴν

230 3583 629 3654 ἐπανόρθωσιν·
658 3580 813 3634 τοῦτο
844 3580 952 3652 γὰρ
977 3581 1058 3647 τὸ,
1093 3583 1317 3651 «Ἰαμαι
1354 3581 1552 3646 αὐτοὺς
1600 3584 1659 3636 ὲν
1704 3583 1819 3637 δια-

230 3678 406 3747 φθορᾷ
458 3672 780 3743 ἀνθρώπων.
806 3692 824 3725 ι
860 3672 1302 3743 Κατεφθάρησαν
1354 3673 1452 3745 μὲν
1497 3675 1602 3746 γὰρ
1645 3674 1816 3744 Αίγύ.

231 3787 378 3822 πτιοι
427 3766 632 3838 πρῶτοι
680 3769 800 3828 ταῖς
839 3763 972 3818 δέκα
1026 3763 1282 3831 πληγαῖς,
1317 3765 1418 3818 οὐκ
1448 3765 1688 3829 ἀνιέντος
1721 3766 1814 3820 τοῦ

232 3861 451 3932 Φαραώ.
487 3858 642 3914 Μετὰ
671 3857 727 3910 δέ
765 3874 828 3926 γε
877 3856 975 3919 τὰς
1018 3856 1332 3924 Αἰγυπτίων
1363 3856 1596 3926 πληγὰς,
1629 3857 1816 3912 διολὼο

231 3948 353 4002 λασι
398 3948 644 4010 Χεταῖοι,
686 3945 874 3998 Εὑαῖοι
909 3943 1003 3996 καὶ
1031 3945 1368 4016 ’Δμορῤαῖοι,
1406 3947 1699 4001 Χαναναῖοι
1724 3950 1818 4003 καὶ

242 4039 584 4101 Ἰεοουσαῖοι,
633 4034 727 4099 οὒς
773 4033 1072 4104 νενικηκὼς
1126 4035 1466 4107 κατακράτος
1508 4037 1537 4091 ὁ
1577 4037 1814 4111 Ἰσραὴλ,

231 4132 674 4203 κεκληρονόμηκε
722 4129 820 4198 τῆς
871 4127 1201 4196 ἐπαγγελίας
1244 4128 1344 4200 τὴν
1391 4129 1512 4199 γῆν,
1541 4129 1678 4184 Θεοῦ
1710 4132 1818 4186 πᾶν

231 4227 412 4288 αὐτοῖς
465 4220 896 4292 καταφιλοῦντος
939 4219 998 4272 τὸ
1047 4219 1293 4287 ἄναντες,
1325 4221 1419 4274 καὶ
1458 4221 1518 4274 τὸ
1558 4220 1818 4279 δύνασθαι

229 4315 654 4388 κατευμεγεθεϊν
678 4315 784 4368 τῶν
812 4312 1023 4384 ἐχθρῶν
1046 4313 1431 4382 ἀπονέμοντος.
1458 4313 1687 4378 Οὐκοῦν,
1717 4316 1818 4368 οὐκ

1922 1851 2022 1890 nus
2068 1851 2210 1900 smn,
2262 1835 2541 1907 Ephraim,
2584 1839 2698 1892 sive
2750 1837 3058 1893 universum
3107 1840 3268 1896 Israel
3304 1841 3384 1913 (ut
3429 1858 3496 1900 ex

1921 1939 2023 1979 una
2069 1927 2208 1980 tribu
2240 1927 2326 1982 hic
2373 1927 2780 1998 signiﬁcatum),
2822 1944 3128 2000 quanquam
3177 1934 3312 1990 adeo
3343 1937 3496 1991 stoli-

1921 2016 2046 2071 dum
2076 2019 2347 2089 colligavi,
2373 2019 2568 2090 inquit.
2599 2020 2751 2087 Quod
2776 2023 2903 2091 quid
2940 2025 3033 2089 sit,
3065 2025 3290 2094 ipsemet
3314 2029 3496 2085 decla-

1924 2117 2027 2173 rat,
2075 2128 2092 2160 ι
2122 2110 2336 2181 suscepi
2384 2126 2510 2166 eum
2562 2127 2724 2182 super
2753 2113 3032 2170 brachium
3085 2131 3282 2174 memn.
3310 2139 3329 2172 ι
3367 2119 3496 2188 Qua:

1923 2200 2219 2258 similitudo
2274 2203 2342 2257 ab
2389 2203 2454 2259 iis
2499 2219 2618 2274 quae
2674 2204 2971 2262 infantibus
3022 2209 3189 2274 ﬁunt,
3255 2212 3495 2268 ducitur.

1923 2289 2022 2357 Qui
2062 2292 2206 2346 cnim
2249 2292 2482 2350 infantes
2537 2297 2589 2350 in
2641 2298 2794 2354 ulnas
2837 2300 3158 2371 suscipiunt,
3208 2303 3365 2373 quasi
3402 2318 3498 2361 eos

1919 2382 2273 2450 compedibus
2333 2383 2520 2454 ligant,
2585 2386 2709 2442 dmn
2761 2402 2947 2444 eorum
2992 2391 3155 2460 pedes
3201 2394 3496 2463 stringunt.

1923 2467 2146 2542 Oportet
2209 2475 2400 2545 enim,
2437 2487 2493 2531 ut
2555 2479 2833 2544 arbitror,
2873 2482 3118 2538 contrahi
3175 2482 3383 2540 femora
3442 2497 3500 2542 et

1923 2579 2093 2640 genua
2140 2565 2426 2636 cujuslibet
2471 2569 2820 2626 considentis.
2855 2571 3028 2640 Atque
3067 2573 3170 2628 hoc
3209 2585 3312 2640 est,
3345 2593 3366 2628 ι
3395 2579 3500 2632 eoi-

1924 2656 2113 2728 ligavi;
2162 2676 2180 2710 ι
2221 2659 2378 2714 sicut
2447 2659 2694 2716 videlicet
2767 2671 2823 2717 et
2886 2664 2952 2720 de
3018 2666 3290 2722 Abraham
3356 2671 3494 2726 scri~

1922 2757 2069 2820 ptum
2123 2761 2246 2816 est,
2299 2763 2423 2806 eum
2502 2751 2788 2824 coliigasse
2867 2752 3020 2810 Isaac
3067 2757 3234 2812 tilium
3313 2773 3494 2829 suum,

1921 2842 2347 2898 sacriﬁcaturum
2381 2843 2490 2898 Deo
2508 2843 2575 2911 ³⁸,
2615 2856 2673 2900 ut
2707 2847 2948 2914 putabat.
3001 2847 3288 2906 Sciendum
3335 2867 3499 2921 porro

1923 2933 2269 2990 Hebraeorum
2315 2936 2608 2991 editionem
2665 2947 2828 3008 atque
2883 2939 3114 2996 aliorum
3167 2944 3331 2998 etiam
3389 2961 3497 3002 non

1921 3026 2142 3094 habere,
2201 3025 2592 3097 ccolligavip
2659 3031 2758 3086 sed
2816 3029 2947 3087 illud
3010 3034 3208 3102 potius,
3275 3035 3500 3094 «factus

1919 3132 2037 3172 sum
2076 3117 2227 3186 quasi
2271 3119 2526 3174 nutritius
2547 3119 2822 3188 Ephraim.
2855 3142 2874 3176 ι
2912 3122 3096 3194 Itaque
3138 3142 3238 3195 ego
3280 3129 3499 3198 quidem

1919 3222 2045 3278 erga
2095 3209 2238 3280 ipsos
2289 3210 2412 3266 talis
2462 3210 2575 3278 fui;
2631 3213 2782 3282 (ipsi
2835 3225 3016 3270 autem
3072 3233 3179 3271 non
3229 3232 3498 3288 cognove-

1919 3309 2069 3364 runt,
2100 3313 2119 3352 ι
2159 3301 2260 3355 hoc
2298 3310 2404 3366 est,
2449 3317 2557 3356 non
2602 3303 2996 3369 intellexerunt,
3049 3323 3151 3361 non
3203 3319 3490 3363 senserunt

1919 3406 2005 3446 me
2037 3390 2170 3444 alios
2202 3390 2473 3460 perdendo
2514 3391 2646 3459 ipsis
2675 3392 2982 3457 consulere,
3023 3394 3124 3448 hoc
3159 3395 3319 3466 159
3347 3398 3492 3452 enim

1918 3490 2022 3547 est,
2056 3500 2076 3534 ι
2115 3495 2251 3538 sano
2279 3482 2422 3551 ipsos
2451 3482 2507 3537 in
2531 3483 2878 3552 corruptione
2907 3484 3205 3542 hominum.
3242 3505 3260 3538 ι
3298 3488 3498 3544 Corru-

1918 3572 1994 3643 pti
2043 3573 2214 3637 enim,
2252 3587 2346 3628 seu
2401 3574 2579 3628 vexati
2636 3581 2764 3628 sunt
2822 3574 3059 3646 [Egyptii
3103 3579 3264 3648 primi
3309 3583 3496 3638 decem

1918 3665 2114 3736 plagis,
2144 3680 2248 3719 non
2273 3665 2575 3721 dimittente
2608 3663 2911 3721 Pharaone.
2942 3665 3071 3722 Post
3105 3667 3291 3740 plagas
3317 3669 3495 3743 Egy-

1919 3758 2060 3828 ptias
2099 3758 2378 3828 perierunt
2416 3757 2680 3826 Chethaei,
2726 3758 2870 3814 Evmi
2919 3768 2974 3813 et
3022 3760 3496 3827 Amorrh:.ei,(lha—

1918 3849 2093 3904 aanimi
2139 3860 2195 3904 et
2235 3849 2486 3915 Jebuszei,
2524 3850 2721 3920 quibus
2763 3851 3042 3906 debellatis
3082 3852 3248 3908 Israel
3292 3863 3494 3908 terram

1920 3937 2297 4004 promissionis
2332 3938 2562 4008 adeptus
2607 3947 2711 4002 est,
2749 3939 2856 3994 Deo
2907 3955 3067 3996 omne
3113 3943 3339 3997 arduum
3387 3945 3498 4000 illis

1919 4029 2318 4100 eomplanante,
2377 4031 2754 4100 tribuenteque
2800 4041 2860 4087 ut
2903 4031 3150 4088 hostibus
3185 4034 3496 4104 superiores

1919 4121 2153 4176 evadere
2185 4129 2426 4191 possent.
2477 4121 2663 4190 Igitur,
2696 4137 2803 4177 non
2847 4122 3368 4192 animadverterunt,
3407 4127 3494 4182 in-

1922 4212 2060 4282 quit,
2099 4214 2244 4282 quod
2281 4212 2529 4267 homines
2572 4221 2776 4266 natura:
2807 4213 3047 4282 ipsorum
3088 4226 3370 4273 consortes
3397 4219 3493 4273 de-

1923 4304 2080 4372 lens,
2127 4319 2313 4358 eorum
2365 4304 2528 4360 rebus
2591 4303 2991 4374 prospicerem,
3046 4314 3100 4361 et
3146 4309 3493 4365 extendet-em

228 4410 599 4470 αἰσθάνονται,
625 4407 810 4477 φησὶν,
838 4405 920 4458 ὄτι
946 4403 1326 4476 καταφθείρων
1346 4405 1668 4477 ἀνθρώπους
1687 4406 1814 4470 τοὺς

1922 4408 2034 4458 eos,
2076 4394 2178 4450 hoe
2223 4403 2328 4458 est,
2375 4394 2829 4465 constringerem,
2864 4407 2920 4450 et
2955 4397 3266 4453 cohiberem
3315 4414 3409 4456 eos
3439 4401 3492 4455 in

224 4500 508 4568 ιεἱμμγίενιεῖς
561 4497 763 4563 αὐτοῖς,
817 4493 877 4549 εὖ
928 4495 1138 4551 ἐτίθουν
1181 4499 1249 4550 τὰ
1293 4497 1414 4549 κατ’
1448 4496 1678 4560 αὐτούς’
1720 4497 1814 4550 καὶ

223 4593 471 4659 ἐξέτεινα
505 4588 722 4652 αὐτοὺς,
753 4587 1022 4653 τουτέστι,
1060 4587 1412 4656 συνέσφιγξα,
1437 4590 1528 4642 καὶ
1555 4589 1812 4661 συνέσχον

221 4686 280 4735 ἐν
319 4684 544 4752 δεσμοῖς
589 4680 829 4750 ἀγάπης.
850 4681 990 4734 Ἀλλ’
1023 4683 1179 4751 εἴπερ
1208 4674 1346 4753 ἦσαν
1391 4684 1564 4751 σοφοὶ,
1597 4684 1814 4746 πάντως

219 4794 330 4830 που
373 4775 472 4827 καὶ
514 4774 825 4842 ὲνενόησαν,
859 4774 953 4827 καὶ
984 4772 1287 4843 ἐλογίζοντο
1321 4773 1461 4827 κατὰ
1502 4776 1660 4844 σφᾶς,
1693 4774 1812 4828 ἀνθ’

221 4871 350 4920 ὅτου
377 4864 450 4918 τὰ
481 4865 580 4934 μὲν
616 4864 744 4935 ἔθνη
776 4864 951 4918 ταῦτα
989 4861 1306 4936 κατεφθάρη
1337 4865 1486 4936 παρὰ
1509 4865 1667 4931 Θεοῦ,
1689 4867 1822 4930 ὀιντ-¹
1858 4907 1872 4921 .

221 4957 697 5028 εισκεκομίσμεθα
745 4957 801 5010 δὲ
847 4958 1025 5027 ἡμεῖς.
1058 4956 1315 5018 Συνέντες
1357 4956 1466 5026 γὰρ
1510 4955 1706 5020 οὕτως,
1733 4949 1817 5010 ὅτὶ

219 5050 512 5120 μεμίσηκα
551 5047 642 5099 τὸν
685 5047 985 5118 ἀλιτήριον,
1016 5045 1111 5100 καὶ
1151 5046 1251 5098 οὐκ
1288 5046 1346 5098 ἐν
1373 5045 1514 5116 λόγῳ
1555 5044 1814 5115 ποιοῦμαι

215 5139 312 5196 τὸν
361 5137 468 5189 τῶν
506 5135 801 5204 δαιμονίων
841 5135 1203 5206 θεραπευτὴν,
1239 5133 1537 5204 κατέληξαν
1583 5135 1648 5187 ἂν
1673 5135 1814 5204 τάχα

214 5249 327 5284 που
361 5230 452 5283 τοῦ
483 5231 616 5302 δρᾷν
646 5227 860 5282 ἑλέσθαι
887 5229 954 5282 τὰ
984 5228 1356 5301 παραπλήσια.
1387 5230 1478 5282 Δεῖ
1497 5228 1561 5298 δὴ
1585 5225 1678 5282 οῦν
1704 5228 1816 5299 ἄρα

212 5327 333 5387 τοῖς
371 5322 648 5375 ἐθέλουσιν
676 5321 988 5392 εὐφραίνειν
1015 5317 1148 5375 Θεὸν
1177 5321 1271 5374 καὶ
1303 5319 1565 5388 λογισμοῦ
1599 5319 1812 5389 σώφρο-

213 5432 338 5478 νος,
366 5416 460 5466 καὶ
505 5413 705 5484 φρενὸς
752 5413 982 5482 ἀγαθῆς,
1016 5413 1109 5466 καὶ
1153 5411 1252 5483 τὴν
1279 5413 1361 5480 ἐφ’
1388 5411 1591 5482 ἑτέροις
1623 5412 1815 5484 ὀργὴν,

212 5507 517 5576 ἀσφαλείας
552 5506 825 5558 ποιεῖσθαι
850 5506 1143 5577 πρόφασιν.
1171 5505 1458 5558 Πάνδεινον
1483 5504 1537 5558 δὲ
1564 5505 1660 5575 τῆς
1681 5508 1817 5576 ἀχα-

214 5599 434 5672 ριστίας
485 5600 548 5651 τὸ
601 5597 814 5668 χρῆμα,
852 5597 944 5650 καὶ
992 5598 1068 5660 ὼς
1113 5597 1198 5665 ἐφ’
1226 5596 1398 5650 ἅπασι
1443 5597 1554 5658 τοῖς
1595 5595 1816 5662 ἀτόποις

288 5697 339 5728 ³³
365 5695 531 5750 Matth
587 5711 666 5758 Ix,
701 5693 787 5746 ιι.
866 5694 911 5724 ³⁸
939 5692 1072 5750 Ibid.
1109 5694 1192 5746 I5.
1273 5692 1318 5723 "
1343 5690 1478 5746 Gen.
1520 5707 1656 5760 xxn,
1686 5692 1738 5750 θ.

588 5791 867 5855 Parnm“
909 5786 1026 5845 (in.
1078 5784 1298 5850 LXXI.

1921 4485 2149 4542 vinculis
2190 4486 2696 4556 eharitatis.Atqui,
2749 4487 2792 4544 si
2840 4488 3166 4560 sapuissent,
3202 4492 3388 4560 utique
3436 4504 3494 4548 et

1919 4577 2266 4647 cogitassent,
2295 4587 2351 4632 et
2377 4578 2516 4645 apud
2548 4593 2610 4634 se
2642 4579 2947 4636 ratiocinati
2975 4591 3176 4650 essent,
3212 4597 3380 4653 quare
3411 4586 3496 4639 has

1920 4681 2110 4743 gentes
2140 4688 2168 4726 a
2198 4673 2310 4730 Deo
2337 4673 2546 4742 deletis,
2581 4685 2635 4730 et
2670 4676 2769 4746 ipsi
2802 4687 2990 4732 contra
3037 4679 3324 4736 introducti
3356 4680 3496 4737 fuis-

1920 4773 2062 4821 sent.
2105 4762 2196 4820 Sic
2246 4765 2416 4834 enim,
2468 4781 2590 4822 cum
2635 4767 3031 4825 intellexissent
3074 4771 3200 4840 quia
3257 4773 3492 4829 odissem

1917 4865 2286 4924 peceatorem,
2316 4857 2729 4928 daemonumque
2753 4859 3020 4914 cultorem
3048 4862 3496 4930 spernerem,de-

1917 4947 2139 5003 siisseut
2161 4947 2393 5006 fortasse
2415 4949 2610 5005 similia
2633 4951 2994 5006 committere.
3028 4951 3176 5022 Opus
3197 4964 3280 5010 est
3310 4955 3496 5028 itaque

1918 5037 2086 5093 Deum
2120 5038 2394 5094 Iactitieare
2432 5040 2732 5096 volentibus
2757 5049 2811 5096 et
2843 5041 3092 5110 prudenti
3139 5045 3492 5116 cogitatione,

1919 5139 1975 5186 et
2006 5138 2188 5185 mente
2223 5131 2386 5198 bona,
2419 5139 2472 5186 et
2512 5131 2649 5185 iram
2692 5130 2745 5186 in
2778 5130 2912 5188 alios
2939 5131 2994 5188 in
3042 5149 3156 5190 suae
3183 5138 3496 5194 securitatis

1921 5222 2264 5278 occasionem
2313 5231 2652 5278 convertere.
2704 5221 3099 5280 Gravissimum
3151 5239 3331 5283 autem
3374 5244 3496 5284 esse

1920 5315 2127 5370 crimen
2159 5313 2385 5382 ingrata:
2418 5313 2733 5382 voluntatis,
2775 5325 2828 5370 et
2871 5317 3024 5385 quasi
3073 5319 3252 5374 omnis
3295 5319 3496 5387 impro-

1921 5407 2106 5464 bitatis
2171 5407 2482 5463 convictum
2530 5409 2730 5465 merito
2776 5411 2953 5480 puniri
3013 5410 3105 5479 qui
3156 5412 3259 5465 hoc
3307 5408 3496 5464 morbo

1925 5513 2156 5570 tenetur,
2201 5514 2253 5559 et
2297 5503 2424 5560 hine
2455 5502 2614 5560 facile
2663 5515 2747 5560 est
2794 5506 2994 5560 videre.
3037 5505 3282 5575 Ingratus
3323 5501 3491 5569 enim,

1926 5596 2117 5666 inquit,
2148 5606 2230 5652 cst
2249 5597 2445 5654 similis
2468 5596 2799 5668 blaspheme.
