3898 6212
417 247 530 302 ’ΞΞἹ
1405 246 1460 300 S.
1505 241 1771 300 LZYRILLI
1811 240 2018 296 ΛΜΞΧέ

2123 236 2275 293 tRlNl
2321 237 2636 292 ARCHIEP.
3557 225 3666 279 εἶὕὸ

427 355 808 430 ὲληλεγμένοις
843 359 1120 424 κολάζοιτο
1188 359 1251 412 ἂν
1289 359 1510 421 εἰκότως
1576 360 1601 411 ὁ
1626 361 1693 428 τῇ
1737 356 1876 425 νόσῳ
1918 353 2250 427 περιπεσὼν,
2312 353 2602 408 κάντεῦθεν
2638 353 2767 422 ἡμῖν
2807 349 3026 402 εὖκολον
3067 349 3214 401 ἰδεῖν.
3246 346 3304 399 Ὀ
3335 345 3442 416 γὰρ
3468 344 3669 414 ἀχάρι-

429 471 570 517 στος.
613 453 798 523 φησιν,
823 455 897 516 ὡς
931 455 1263 523 βλάσφημος.

503 543 567 598 Et
597 561 686 596 ero
722 544 826 595 illis
852 544 1006 611 quasi
1033 545 1164 596 dans
1193 543 1398 607 alapam
1438 542 1591 594 Immo
1625 557 1778 608 super
1802 540 1994 594 tmtin-

2169 532 2279 588 Καὶ
2321 533 2536 598 ἔσομαι
2570 527 2776 596 αὐτοῖς
2805 531 2884 597 ὡς
2921 527 3182 597 ῥαπίζων
3213 530 3524 596 ἅνθρωπος
3572 529 3675 582 ἐπὶ

430 638 508 690 las
542 637 676 705 ejus,
709 643 756 688 et
786 637 1063 702 respiciam
1095 635 1164 688 ad
1192 633 1365 700 illum,
1396 633 1687 702 pra'ralcbo
1715 634 1815 687 illi.

499 811 754 867 CXXVII.
813 811 1075 878 Quoniam
1130 810 1342 865 dicebat
1393 825 1452 864 se
1496 810 1747 864 dilexisse
1797 823 1911 868 eos.
1947 815 2000 860 et

431 905 603 959 instar
647 904 868 958 infantis
915 905 966 956 in
1001 903 1221 957 bracbia
1265 902 1564 971 accepisse,
1592 909 1646 955 et
1676 899 1825 953 velut
1871 913 1999 952 con-

431 995 723 1051 strinxisse
752 993 982 1047 vinculis
1009 991 1295 1046 cltaritatis
1325 989 1608 1060 Ephraim,
1644 989 1772 1043 licet
1803 988 1997 1041 etiam—

431 1103 559 1140 nmn
594 1085 876 1155 profanum
907 1095 962 1138 et
991 1084 1334 1154 ﬂagitiosum,
1379 1082 1583 1136 idcirco
1620 1092 1673 1134 et
1710 1093 2003 1134 conversu-

431 1192 551 1230 rum
582 1185 894 1245 peccantem
929 1175 1102 1242 inquit
1133 1190 1146 1226 :
1193 1191 1212 1224 ι
1249 1171 1419 1238 Quem
1451 1173 1594 1224 enim
1633 1171 1809 1238 diligit
1841 1169 2000 1231 Dens,

429 1269 678 1336 corripit,
713 1265 945 1334 ﬂagellat
978 1275 1154 1318 autem
1193 1278 1407 1318 omnem
1457 1262 1621 1314 lilium
1656 1275 1816 1330 quem
1865 1259 2006 1313 rcci-

433 1360 512 1429 pit
540 1360 606 1412 ³⁸.
645 1377 664 1410 ›
703 1357 833 1412 Vide
873 1367 1052 1409 autem
1091 1355 1362 1425 quomodo
1417 1352 1850 1408 mansuetudinis
1898 1350 2006 1402 Deo

431 1451 608 1520 dignm
656 1464 761 1503 non
812 1457 1088 1516 expertem
1139 1447 1304 1501 etiam
1356 1442 1717 1513 correptionis
1789 1441 2005 1494 modum

385 1610 392 1614 ~
435 1543 781 1612 polliceatur.
830 1539 1049 1595 Similes
1089 1539 1231 1593 enim
1284 1536 1401 1590 fore
1444 1535 1576 1590 dicit
1625 1533 1793 1601 alapis
1847 1545 2008 1585 tnanu

433 1635 668 1688 lmmana
698 1631 943 1701 impactis
972 1645 1100 1686 suos
1124 1630 1175 1684 in
1207 1642 1302 1684 eos
1328 1627 1580 1694 impetus.
1611 1624 1795 1679 Potest
1825 1632 2010 1677 autem

433 1723 740 1787 huiusmodi
785 1724 1019 1792 impetus
1061 1728 1322 1790 paternus
1369 1715 1636 1785 intelligi,
1690 1714 2012 1770 remissione

434 1824 490 1870 et
519 1815 784 1870 charitate
813 1827 1028 1882 poenam
1061 1812 1319 1873 miscens,
1355 1818 1408 1864 et
1451 1807 1596 1862 velut
1643 1805 1786 1859 lenta
1825 1819 2007 1870 manu,

2097 624 2204 690 τὰς
2232 623 2521 693 σιαγόνας
2563 622 2770 686 αὑτοῦ,
2805 620 2904 674 καὶ
2948 619 3346 688 ἐπιϐλέψομαι
3383 619 3533 688 πρὸς
3567 621 3678 672 αὺ-

2097 716 2224 776 τὸν,
2250 713 2587 781 δυνήσομαι
2619 710 2796 775 αὐτῷ.

2169 803 2339 858 ΡΚΖ’.
2385 803 2601 874 Ἐπειδὴ
2635 803 2743 874 γάρ
2773 803 3008 872 ἔφασκεν
3054 803 3402 872 ἠγαπηκέναι
3449 819 3530 866 τε,
3581 802 3682 854 καὶ

2099 895 2174 958 ὡς
2204 897 2260 947 ὲν
2288 894 2438 961 τάξει
2479 893 2709 964 βρέφους
2742 895 2820 956 εἰς
2865 892 3122 964 βραχίονα
3165 893 3369 959 λαϐεῖν,
3409 893 3684 946 συνδεῖναι

2099 985 2156 1036 δὲ
2188 983 2376 1054 ὥσπερ
2419 984 2512 1038 καὶ
2562 985 2618 1035 ὲν
2663 982 2881 1050 δεσμοῖς
2923 983 3164 1051 ἀγάπης,
3205 983 3299 1036 καί
3334 1000 3416 1036 τοι
3451 982 3686 1052 βέϐηλον

2103 1073 2203 1136 ἔτι,
2235 1073 2327 1126 καὶ
2356 1072 2636 1141 ἀλιτήριον
2683 1070 2812 1123 ὄντα
2849 1070 2939 1123 τὸν
2987 1069 3248 1139 Ἐφροῒμ,
3293 1071 3550 1141 ταύτητοι
3588 1071 3691 1123 καὶ

2103 1165 2450 1234 ἐπιστρέψειν
2478 1161 2900 1234 πλημμελοῦντά
2929 1179 3091 1231 φησιν
3119 1179 3132 1194 ο
3177 1182 3196 1214 ι
3230 1165 3328 1216 Ὃν
3355 1164 3463 1232 γὰρ
3495 1164 3690 1232 ἀγαπᾷ

2106 1253 2330 1327 Κύριος,
2368 1253 2636 1316 παιδεύει,
2671 1255 2928 1323 μαστιγοῖ
2954 1253 3012 1306 δὲ
3043 1253 3222 1307 πάντα
3265 1253 3381 1306 υἱὸν
3411 1254 3468 1306 ὃν
3499 1273 3682 1325 παρα-

2105 1345 2335 1415 δέχεται.
2366 1363 2385 1396 ι
2423 1344 2532 1397 Θέα
2560 1346 2617 1398 δὲ
2646 1346 2793 1409 ὅπως
2837 1347 3174 1418 ἡμερότητος
3216 1347 3315 1400 οὐκ
3357 1347 3690 1417 ἀμοιρήσειν

2107 1435 2203 1504 τῆς
2231 1434 2590 1507 θεοπρεποῦς,
2614 1435 2705 1488 καὶ
2737 1435 2826 1488 τὸν
2846 1436 2945 1505 τῆς
2970 1435 3316 1506 ἐπιπλήξεως
3342 1438 3692 1506 ὑπισχνεῖται

2107 1527 2326 1597 τρόπον.
2374 1527 2460 1579 Ἐν
2497 1527 2596 1597 ἴσῳ
2634 1527 2742 1598 γὰρ
2775 1526 2993 1580 ἔσεσθαί
3021 1545 3154 1598 φησι
3191 1530 3301 1590 τοῖς
3335 1529 3418 1591 εἰς
3461 1530 3694 1598 σιαγόνα

2112 1616 2417 1687 ραπίσμασι
2447 1615 2536 1668 διὰ
2565 1616 2662 1686 τῆς
2692 1615 2980 1687 ἀνθρώπου
3026 1615 3208 1686 χειρὸς
3253 1615 3322 1668 τά
3364 1617 3451 1674 ἐπ’
3491 1617 3695 1678 αὐτοὺς

2110 1708 2403 1778 κινήματα.
2435 1708 2647 1779 Πατρδς
2683 1707 2728 1761 δ’
2757 1708 2825 1761 ἂν
2850 1710 3020 1761 νοοῖτο
3061 1707 3267 1778 κίνημα
3309 1708 3476 1772 τουτί,
3515 1708 3696 1776 φειδοῖ

2111 1800 2205 1851 καὶ
2229 1798 2417 1871 ἀγάπῃ
2447 1799 2803 1870 κεραννύντος
2822 1799 2890 1852 τὰ
2917 1799 2977 1864 ἐξ
3001 1800 3190 1870 ὀργῆς,
3217 1799 3311 1853 καὶ
3344 1794 3455 1852 οἷον
3483 1799 3692 1870 ἡρέμα,

433 1914 490 1962 et
531 1906 618 1960 vix
656 1903 991 1973 percutiens,
1038 1916 1106 1956 ne
1153 1901 1372 1968 penitus
1407 1912 1510 1952 non
1556 1895 1862 1950 vindicasse
1890 1893 2004 1948 cul-

2123 1889 2205 1942 mi.
2233 1890 2377 1959 χειρὶ
2401 1889 2726 1960 πλήττοντος
2753 1890 2926 1961 μόλις,
2960 1890 3035 1954 ὡς
3075 1891 3142 1945 ἂν
3183 1891 3260 1963 μὴ
3302 1889 3696 1964 ἀνεπιτίμητος

435 2013 558 2068 pam
606 1995 877 2052 videatur.
925 1993 1192 2061 Quoniam
1250 2001 1434 2044 autem
1474 1987 1682 2052 dilexit,
1720 1987 1891 2040 etiam.
1930 1998 2014 2038 re-

433 2098 744 2160 specturum
793 2099 958 2155 super
1021 2083 1195 2154 ipsum
1247 2079 1500 2150 spondet.
1554 2079 1817 2148 Dignatur
1867 2075 2011 2130 enim

439 2189 684 2250 respectu
719 2191 857 2246 quos
888 2177 1177 2230 honestare
1206 2171 1460 2237 voluerit,
1492 2178 1546 2224 et
1582 2167 1842 2238 praevalet
1882 2181 2014 2221 con-

439 2283 519 2326 tus
569 2285 690 2335 nos,
725 2267 886 2338 160
935 2265 1178 2320 doctrinm
1214 2272 1270 2318 et
1307 2263 1508 2316 virtute
1555 2260 1740 2314 divina
1783 2258 2013 2312 rebelles

436 2363 540 2418 sibi
581 2359 900 2427 subjiciens.
934 2356 1067 2410 Nam
1108 2371 1229 2411 cum
1267 2353 1321 2407 in
1370 2351 1646 2408 suadendo
1678 2349 1811 2405 nihil
1847 2351 2013 2418 proli-

437 2454 536 2518 cit,
585 2450 914 2507 necessitate
948 2448 1012 2502 ad
1049 2445 1455 2516 complectenda
1507 2443 1735 2499 meliora
1777 2441 2014 2512 compcl-

440 2545 522 2606 lit,
572 2553 628 2598 et
659 2539 1101 2596 tribulationibus
1130 2537 1298 2609 adigit
1336 2536 1403 2591 ad
1437 2535 1488 2590 id
1532 2535 1674 2604 quod
1709 2533 1864 2588 nobis
1895 2533 2014 2602 plu-

440 2634 637 2687 rimum
667 2630 942 2695 conducit,
990 2638 1046 2684 et
1099 2628 1166 2682 ad
1211 2626 1440 2683 salutent
1479 2633 1566 2680 cst
1624 2623 2012 2679 necessarium.

441 2725 638 2779 Audiat
667 2737 798 2794 ergo
826 2739 855 2776 a
884 2722 1040 2776 nobis
1071 2719 1454 2774 universorum
1489 2717 1658 2778 Deus,
1699 2734 1718 2768 ι
1752 2715 1805 2770 in
1839 2715 2014 2769 tribu-

441 2814 639 2867 latione
687 2826 848 2882 parva
909 2808 1192 2878 castigatio
1241 2817 1330 2860 tua
1383 2805 1538 2860 nobis
1574 2804 1642 2858 ⁸⁷.
1687 2821 1706 2855 ι
1765 2801 1889 2857 llaec
1935 2809 2016 2856 est

441 2904 618 2970 alapa.
654 2901 718 2956 Et
751 2916 962 2954 rursum
997 2916 1011 2952 :
1047 2917 1066 2950 ι
1102 2899 1316 2967 Castiga
1365 2911 1482 2959 nos,
1511 2896 1760 2959 Domine,
1800 2910 2014 2950 verum-

443 3004 624 3047 tamen
647 2993 700 3046 in
736 2990 964 3060 judicio,
993 2997 1048 3042 ct
1079 3004 1182 3041 non
1217 2987 1269 3040 in
1317 2987 1521 3052 furore,
1555 2999 1622 3040 ne
1653 2999 1750 3039 nos
1781 2984 1846 3038 ad
1880 2999 2015 3053 pau-

441 3086 660 3140 citatem
710 3081 931 3150 redigas
965 3080 1033 3135 ⁸⁸.
1095 3097 1115 3131 ι
1163 3076 1424 3147 Castigari
1467 3076 1612 3131 enim
1673 3074 2017 3131 credentibus

445 3175 729 3230 molestum
781 3183 946 3241 atque
985 3169 1241 3225 acerbum
1295 3182 1400 3222 non
1449 3176 1554 3222 est.
1602 3165 1657 3220 In
1716 3165 1796 3220 ira
1836 3174 2014 3218 autem

2114 1981 2338 2054 ὑπάρχῃ
2387 1981 2686 2045 παντελῶς.
2727 1982 2946 2054 Ἐπειδὴ
2998 1983 3053 2035 δὲ
3097 1983 3513 2054 ἢγάπησε,-καὶ
3569 1986 3698 2037 ἐπι-

2113 2071 2331 2142 6λέψειν
2382 2071 2470 2125 ἐπ’
2525 2073 2686 2127 αὑτὸν
2725 2073 3141 2142 ἐπαγγέλλεται.
3199 2074 3364 2139 ’Λξιοῖ
3403 2075 3512 2146 γὰρ
3563 2077 3700 2128 ἐπε·

2114 2166 2326 2229 πτείας,
2361 2164 2454 2229 οὓς
2478 2165 2544 2219 ἂν
2575 2165 2747 2218 ἕλοιτο
2772 2168 2957 2238 τιμᾷν,
2988 2168 3081 2221 καλ¹
3106 2166 3329 2222 δύναται
3351 2168 3490 2239 πρὸς
3517 2169 3692 2238 ἡμᾶς.

2113 2255 2360 2326 ὲντεχνίᾳ
2439 2255 2533 2308 καὶ
2579 2254 2804 2325 δυνάμει
2859 2258 2926 2327 τῇ
2980 2256 3273 2328 θεοπρεπεῖ
3315 2257 3697 2328 χειρούμενος,

2112 2345 2238 2408 τοὺς
2270 2346 2428 2415 οἵπερ
2460 2346 2524 2399 ἂν
2566 2345 2770 2399 ἕλοιντο
2807 2348 2980 2400 νοσεῖν
3013 2346 3072 2400 τὺ
3109 2347 3336 2418 ὲξήνιον.
3384 2349 3445 2400 Ei
3479 2349 3587 2417 γὰρ
3620 2348 3705 2419 μὴ

2114 2437 2317 2490 πείθων
2346 2437 2603 2509 ὀνίνησιν,
2629 2437 2686 2505 ἐξ
2705 2437 2951 2508 ἀνάγκης
2976 2439 3293 2509 περιτρέπει
3316 2439 3453 2510 πρὸς
3475 2441 3535 2493 τὸ
3561 2440 3706 2511 δρᾷν

2115 2528 2332 2582 ἑλέσθαι
2356 2529 2417 2582 τὸ
2462 2531 2701 2600 ἄμεινον,
2739 2529 2833 2583 καὶ
2863 2530 3154 2601 μετασοϐεῖ
3180 2533 3299 2594 ταῖς
3327 2529 3536 2600 θλίψεσι
3559 2531 3708 2601 πρὸς

2115 2623 2175 2674 τὸ
2197 2622 2278 2675 ὃτι
2317 2620 2554 2691 μάλιστα
2578 2621 2856 2693 συμφέρον
2894 2639 2952 2675 τε
2979 2624 3134 2694 ήμῖ),
3163 2623 3585 2692 καὶάναγκαῖον
3617 2626 3712 2688 εἰς

2119 2713 2413 2784 σωτηρίαν.
2457 2713 2724 2767 ’Δκουέτω
2755 2713 2820 2784 δὴ
2867 2709 2958 2768 οὖν
2994 2715 3131 2786 πρὸς
3168 2715 3324 2786 ἡμῶν
3361 2717 3389 2770 ὁ
3421 2715 3529 2768 τῶν
3558 2716 3712 2770 ὅλων

2115 2804 2248 2866 Θεός
2267 2819 2281 2834 ·
2312 2823 2330 2856 ι
2354 2805 2442 2856 Ἐν
2473 2804 2646 2874 θλίψει
2678 2807 2850 2877 μικρᾷ
2873 2807 2906 2877 ἡ
2932 2807 3148 2860 παιδεία
3177 2825 3270 2862 σου
3304 2810 3455 2879 ἡμῖν,
3485 2828 3504 2860 ι
3541 2809 3714 2864 τοῦτό

2115 2897 2231 2948 ἐστι
2271 2895 2330 2949 τὺ
2379 2897 2652 2968 ῥάπισμα.
2709 2899 2819 2952 Καὶ
2878 2899 3078 2953 πάλιν
3135 2919 3152 2950 ι
3184 2901 3476 2954 Παίδευσον
3528 2903 3712 2972 ἡμᾶς,

2116 2988 2312 3057 Κύριε,
2339 2988 2478 3058 πλὴν
2509 2989 2568 3042 ἐν
2595 2989 2794 3058 κρίσει,
2828 2991 2923 3043 καὶ
2957 2991 3031 3061 μὴ
3060 2992 3116 3043 ἐν
3151 2991 3329 3062 θυμῷ,
3365 2993 3452 3046 ἵνα
3485 2993 3559 3063 μὴ
3591 2994 3713 3047 ὀλί-

2115 3093 2247 3145 γους
2273 3079 2420 3148 ἡμᾶς
2446 3080 2698 3150 ποιήσῃς.
2730 3099 2750 3133 s
2781 3081 2855 3134 Οὐ
2886 3080 2993 3152 γάρ
3027 3081 3088 3134 τὸ
3117 3081 3465 3136 παιδεύεσθαι
3497 3087 3612 3147 τοῖς
3639 3081 3714 3139 εὖ

2117 3169 2372 3240 φρονοῦσι
2421 3170 2638 3240 πικρόν.
2690 3172 2764 3224 Τὸ
2819 3172 2878 3226 δὲ
2928 3172 2986 3225 ὲν
3026 3173 3163 3244 ὀργῇ
3209 3174 3569 3240 κολάζεσθαι,
3609 3179 3718 3230 καὶ

443 3269 622 3338 puniri
655 3275 710 3320 et
749 3263 1029 3328 horribile,
1061 3272 1117 3317 ct
1166 3259 1526 3327 intolerabile,
1564 3259 1672 3313 imo
1701 3257 1854 3314 exitii
1895 3255 2009 3326 ple-

2123 3259 2304 3326 δεινὸν,
2346 3262 2442 3314 καὶ
2484 3261 2761 3316 δύσοιστον
2787 3279 2799 3292 ·
2864 3263 3066 3333 μᾶλλον
3117 3265 3174 3318 δὲ
3225 3267 3320 3318 καὶ
3368 3264 3595 3336 ὀλέθρου
3647 3270 3718 3323 τὸ

446 3365 772 3508 "Laius,
803 3441 857 3498 6.
895 3439 1174 3496 Habitavit
1209 3439 1464 3509 Epliraim
1490 3441 1545 3494 in
1572 3436 1827 3509 IEgypto,
1851 3449 1899 3492 et
1920 3435 2020 3490 As-

447 3553 539 3590 sur
568 3552 659 3590 rea:
693 3535 854 3602 ejus;
886 3534 1011 3604 quia
1044 3549 1147 3586 nou.
1179 3533 1339 3587 voluit
1366 3532 1613 3594 converti,
1643 3539 1692 3584 et
1720 3528 2019 3598 inﬁrmatus

444 3639 521 3681 est
555 3627 766 3696 gladius
797 3626 851 3678 in
891 3625 1188 3678 civitatibus
1217 3624 1354 3693 ejus,
1386 3633 1432 3677 et
1466 3622 1712 3693 requievit
1755 3621 1810 3674 in
1848 3621 2020 3674 maui-

451 3719 550 3773 btts
577 3717 744 3772 illius.
775 3714 841 3769 Et
875 3716 1142 3769 comedent
1167 3716 1230 3768 de
1258 3714 1684 3783 cogitationibus.

516 3895 798 3954 CXXVIII.
835 3894 988 3962 Quod
1024 3892 1236 3965 sejungi
1267 3908 1297 3947 a
1350 3891 1482 3959 Deo,
1514 3890 1777 3946 clIrenato
1818 3891 2018 3961 impetu

447 3987 517 4043 ad
549 3985 688 4042 mala
713 3984 980 4040 facienda
1012 3984 1343 4053 praecipites,
1376 3991 1432 4036 et
1469 3981 1788 4038 rebellando
1818 3982 2020 4036 insole-

448 4095 606 4137 scere
634 4075 1039 4150 quodammodo
1073 4077 1335 4130 adversus
1364 4088 1511 4142 eum,
1540 4075 1791 4144 quamvis
1818 4073 1886 4128 ad
1931 4089 2019 4128 sa-

448 4172 611 4227 lutem
645 4170 988 4234 invitantem,
1018 4167 1085 4223 ad
1113 4179 1415 4223 extremam
1458 4166 1818 4237 undequaque
1857 4166 2023 4220 misc-

452 4264 588 4317 riam
631 4277 728 4318 nos
758 4261 1014 4329 deducat,
1039 4259 1236 4315 beatus
1272 4273 1490 4330 quoque
1541 4257 1740 4314 Paulus
1767 4257 2023 4319 ostendit,

449 4371 574 4411 cum
605 4356 682 4409 ait
717 4375 730 4410 :
761 4372 798 4406 π
843 4354 1054 4417 Videte,
1100 4352 1299 4406 fratres
1321 4390 1340 4418 ,
1393 4367 1459 4406 ne
1506 4353 1766 4407 recusatis
1801 4349 2026 4420 loquen-

451 4459 584 4504 tem.
625 4465 644 4498 ι
682 4445 1042 4501 Nihilominus
1081 4452 1140 4498 ct
1172 4458 1239 4497 ex
1271 4442 1558 4512 propositis
1587 4443 1765 4497 verbis
1791 4442 1843 4496 id
1875 4450 2026 4510 pate-

451 4543 551 4597 bit.
592 4539 803 4593 Relicta
837 4536 1201 4606 enim-patria
1243 4534 1433 4589 tellure
1465 4548 1583 4600 sua,
1633 4533 2028 4588 mrumnosissi-

2121 3354 2226 3424 χρῆ
2236 3371 2312 3422 μα
2353 3354 2570 3423 μεστόν.

2191 3445 2549 3512 Κατῴκησεν
2593 3445 2833 3515 Ἐφραῒμ
2875 3445 3262 3518 ἐνΑἰγύπτῳ,
3307 3449 3403 3501 καὶ
3449 3450 3714 3520 ’Λσσοῂρ

2120 3538 2303 3601 αὐτὸς
2347 3539 2646 3605 ,ϐασιλεὺς
2689 3537 2896 3605 αὐτοῦ,
2950 3539 3037 3592 ὅτι
3077 3542 3187 3593 οὐκ
3236 3539 3530 3607 coemam-
3586 3543 3718 3596 ἐπμ

2122 3630 2402 3699 στρέψαι,
2428 3631 2529 3683 καὶ
2551 3629 2901 3698 ἠσθένησεν
2942 3632 3014 3684 ἐν
3047 3633 3314 3702 ῥομφαίᾳ
3343 3633 3410 3684 ὲι·
3443 3633 3574 3700 ταῖς
3602 3637 3718 3688 πό-

2121 3725 2299 3775 λεσιν
2347 3723 2561 3776 αὐτοῖο
2620 3723 2717 3776 καὶ
2764 3722 3146 3778 κατέπαυσεν
3190 3725 3260 3777 ἐν
3305 3724 3433 3791 ταῖς
3493 3727 3723 3796 χερσὶν

2123 3813 2347 3879 αὑτοῦ..
2363 3814 2471 3868 Καὶ
2496 3812 2780 3882 φάγονται
2803 3815 2870 3868 ἐκ
2895 3814 3012 3868 τῶν
3043 3800 3400 3870 διὶιϐουλίων
3419 3817 3645 3875 αὐτῶν.

2195 3899 2506 3960 ΡΚΗ¹.”Οτι
2552 3905 2730 3974 πάντη
2779 3923 2838 3958 τε
2891 3907 2985 3959 καὶ
3024 3905 3245 3970 πάντως
3289 3909 3368 3970 εἰς
3408 3907 3561 3977 λῆξιν
3615 3912 3722 3982 τὴν

2125 3996 2386 4050 ἀνωτάτω
2412 3995 2614 4058 παντὸς
2649 3997 2796 4065 ἡμᾶς
2824 3996 3089 4067 ἀποφέρει
3119 3997 3291 4053 κακοῦ
3328 3997 3386 4051 τὸ
3414 4000 3658 4069 ἀπονοσιε
3671 4003 3721 4056 ι-

2126 4084 2338 4150 ζεσθαι-
2372 4083 2528 4149 Θεοῦ,
2584 4084 2996 4149 διανενευκότας
3047 4087 3291 4156 ἀσχέτως
3341 4089 3433 4142 ἐπὶ
3477 4089 3539 4142 τὸ
3579 4090 3722 4162 δρᾷν

2127 4178 2340 4231 ἑλέσθαι
2369 4175 2438 4229 τὰ
2466 4176 2698 4247 πονηρὰ,
2736 4177 2829 4230 καὶ
2861 4179 2982 4241 ταῖς
3001 4178 3304 4242 ἀπειθείαις
3335 4181 3724 4250 περιυϐρίζειν

2127 4264 2324 4336 τρόπον
2357 4265 2497 4327 τινὰ,
2524 4266 2700 4319 καίτοι
2736 4265 3002 4320 καλοῦντα
3035 4267 3170 4338 πρὸς
3202 4271 3473 4340 σωτηρίαν
3527 4271 3721 4338 αὑτὸν,

2131 4358 2385 4426 σαφηνιεῖ
2408 4357 2508 4426 μὲν
2537 4357 2709 4426 λέγων
2740 4359 2835 4412 καὶ
2864 4361 2892 4412 ὁ
2928 4362 3198 4432 μακάριος
3240 4363 3451 4426 Παῦλος
3473 4379 3486 4392 ·
3533 4383 3550 4414 ι
3586 4366 3725 4419 me

2133 4465 2284 4514 πετε,
2325 4448 2566 4518 ἀδελφοὶ,
2638 4449 2714 4520 μὴ
2768 4453 3178 4523 παραιτήσησθε
3227 4453 3317 4508 τὸν
3374 4454 3666 4512 καλοῦντα.
3700 4478 3718 4508 ι

2132 4540 2295 4594 Οὐδὲν
2324 4540 2379 4593 δὲ
2407 4537 2568 4614 ἧττον
2597 4545 2690 4597 καὶ
2723 4543 2812 4598 διὰ
2831 4543 2938 4598 τῶν
2969 4548 3345 4618 προκειμένων
3391 4549 3522 4620 ἡμῖν
3551 4547 3720 4604 ἔσται

453 4648 576 4688 mus
597 4631 855 4699 prraim
882 4627 1180 4699 Egyptum
1207 4640 1306 4695 pro
1336 4625 1511 4694 patria
1540 4623 1751 4689 babuit,
1779 4624 1906 4678 dum
1937 4638 2018 4678 ca-

2131 4632 2463 4699 καταφανές.
2516 4635 2938 4699 Καταλελοιπὼς
2969 4638 3098 4710 γὰρ,
3145 4642 3296 4710 φησὶ,
3323 4618 3422 4710 τὴν
3455 4642 3726 4708 ἐνεγκοῦ-

454 4725 722 4778 lamitates
768 4721 990 4776 bellicas
1019 4718 1246 4800 metuit.
1294 4716 1587 4787 Subjectus
1618 4726 1704 4772 est
1745 4717 1878 4771 item
1923 4717 2026 4787 ipsi

454 4816 645 4880 Assur,
673 4825 730 4868 et
760 4811 1045 4884 peregrino
1067 4821 1284 4878 sceptro
1315 4809 1581 4864 cervicem
1609 4808 1931 4878 supposuit;
1963 4821 2028 4862 eo

455 4922 692 4978 namque
727 4904 1057 4962 calamitatis
1105 4903 1344 4957 devenit.
1385 4899 1617 4956 Causam
1656 4900 1700 4953 si
1723 4898 1848 4968 quis
1876 4913 2026 4968 qua:-

459 5010 567 5061 rat,
599 4997 666 5051 ab
729 5012 800 5052 eo
837 4997 1018 5051 audiet
1053 4993 1148 5066 qui
1189 4993 1337 5049 novit
1365 4992 1547 5048 omnia
1577 5009 1590 5046 :
1623 5008 1641 5042 ι
1684 4990 1820 5057 Quia
1860 4989 2033 5044 noluit

458 5087 724 5142 converti.
763 5106 784 5138 ι
833 5088 900 5141 Et
951 5099 1140 5157 captus
1179 5096 1262 5142 est
1311 5084 1525 5151 deinde,
1573 5093 1630 5140 et
1666 5083 1916 5138 subditus
1949 5082 2030 5135 fa-

460 5187 579 5256 ctus
630 5186 717 5230 est
765 5178 1016 5232 osoribus
1062 5181 1205 5232 suis.
1251 5195 1270 5229 ι
1313 5175 1626 5231 Iulii-matus
1669 5186 1755 5231 est
1799 5190 2033 5246 namque

461 5269 678 5339 gladius
725 5269 779 5322 in
827 5268 1054 5324 urbibus
1093 5267 1229 5336 ejus,
1267 5278 1321 5322 et
1374 5269 1640 5338 requievit
1684 5268 1737 5322 in
1781 5267 2034 5322 manibus

461 5364 606 5435 ejus.
635 5377 655 5413 ι
683 5358 797 5414 lloc
825 5367 928 5424 est,
963 5361 1016 5413 in
1041 5359 1192 5413 nulla
1220 5359 1428 5413 urbiutn
1460 5357 1717 5430 prraim
1741 5361 2032 5428 quisquam

465 5467 656 5525 pugnae
701 5450 904 5517 sciens,
937 5459 992 5505 et
1023 5449 1116 5520 qui
1157 5458 1342 5517 posset
1391 5465 1611 5504 versare
1651 5451 1911 5520 gladium,
1949 5450 2034 5504 in-

535 5631 579 5663 "
607 5629 764 5687 Prov.
801 5645 882 5698 ιιι,
918 5628 999 5684 12.
1075 5628 1116 5660 ³⁷
1141 5625 1252 5683 Jer.
1292 5640 1417 5690 xxx,
1452 5625 1536 5679 14.
1613 5625 1657 5656 ⁸⁸
1681 5625 1789 5680 Jcr.
1829 5640 1971 5692 λιιι,
1998 5625 2088 5680 ‘28.

2135 4736 2234 4774 σαν
2258 4722 2420 4775 αὑτὸν
2447 4725 2475 4775 ὁ
2499 4726 2897 4798 παμμόχθηρος
2943 4729 3183 4798 Ἐφραῒμ
3216 4730 3336 4798 γῆν,
3364 4729 3552 4802 ὥσπερ
3579 4733 3728 4786 ἰδίαν

2131 4809 2230 4880 τὴν
2260 4812 2570 4879 Αἰγυπτίων
2587 4816 2902 4886 ἐποιήσατο,
2932 4816 3032 4880 τὰς
3053 4820 3117 4870 ἐκ
3141 4818 3237 4871 τοῦ
3263 4818 3499 4890 πολέμου
3527 4820 3729 4882 δεδιὼς

2137 4904 2440 4974 συμφοράς.
2478 4905 2668 4973 Γέγονε
2704 4907 2760 4960 δὲ
2788 4908 2882 4960 καὶ
2911 4909 3002 4961 ὑπ’
3035 4910 3195 4964 αὑτὸν
3218 4911 3308 4964 τὸν
3343 4912 3594 4983 ’Λσσοίιρ,
3627 4915 3733 4967 κοιλ⁵

2135 4993 2364 5057 ὀθνείοις
2395 4996 2694 5068 σκήπτροις
2742 4997 3016 5068 ὑπήνεγκε
3039 5001 3129 5053 τὸν
3162 5000 3383 5072 αὐχένα·
3416 5001 3729 5055 κατώλισθε

2137 5086 2246 5156 γὰρ
2276 5086 2355 5149 εἰς
2377 5085 2536 5140 τοῦτο
2561 5087 2952 5159 ταλαιπωρίας.
3017 5091 3136 5145 Κᾶν
3187 5092 3240 5144 εἴ
3274 5109 3356 5155 τις
3401 5091 3579 5163 ἔροιτο
3624 5096 3733 5165 τὴν

2139 5178 2337 5243 αἰτίαν,
2387 5179 2678 5233 ἀκούσεται
2722 5181 2971 5249 λέγοντος
3024 5182 3116 5236 τοῦ
3159 5183 3226 5238 τὰ
3278 5186 3454 5238 πάντα
3494 5185 3729 5248 εἰδότος·

2147 5287 2166 5320 ι
2196 5269 2318 5322 Ὅτι
2345 5271 2448 5324 οὐκ
2467 5270 2734 5342 ἠθέλησεν
2754 5273 3101 5346 ἐπιπρέψαι.
3129 5295 3147 5328 ι
3186 5276 3458 5349 Ταύτῃτοι
3487 5279 3582 5331 καὶ
3607 5279 3735 5350 ἥλω

2140 5359 2347 5427 λοιπὸν,
2397 5362 2492 5416 καλ⁵
2553 5363 2658 5416 ὑπὸ
2702 5367 2858 5437 χεῖρα
2908 5367 3096 5434 γέγονε
3149 5367 3256 5420 τῶν
3314 5369 3730 5439 μεμισηκότων.

2150 5472 2167 5503 ι
2191 5453 2483 5526 Ἡσθένησε
2511 5455 2620 5528 γάρ
2643 5459 2700 5512 ἐν
2729 5460 2851 5522 ταῖς
2877 5459 3092 5514 πόλεσιν
3134 5459 3297 5514 αὐτοῦ
3335 5462 3594 5533 ῥομφαία,
3631 5459 3737 5514 καὶ
