3954 6208
211 157 313 213 2'59

1139 149 1688 208 COMMENTARIUS
1728 149 1794 204 IN
1834 146 2065 205 OSE-AM
2105 141 2549 201 PROPIIETAM.

3373 147 3478 200 τίτί)

212 273 557 328 κατέπαυσεν
603 271 660 324 ὲν
701 271 820 333 ταῖς
861 271 1048 341 χερσὶν
1092 271 1278 325 αὑτοῦ.
1307 292 1324 323 ι
1377 273 1693 336 Τουτέστιν,
1739 273 1795 324 ἐν

1918 276 2096 322 tentus
2120 274 2219 320 est.
2264 263 2526 319 Remissa:
2569 261 2714 315 enim
2769 269 2821 315 et
2860 259 3000 316 velut
3033 259 3308 318 dissoluta:
3351 273 3480 318 sunt

212 364 436 434 οὐδεμιᾷ
461 363 614 416 πόλει
640 362 735 415 τοῦ
757 362 994 433 Ἐφραῒμ
1021 361 1258 433 ηὖρηταί
1280 381 1359 426 τις
1383 364 1482 433 civi;
1492 380 1540 434 ρ,
1574 365 1601 416 ὁ
1627 363 1797 428 δεινὸς

211 458 284 518 εἰς
319 457 527 525 μάχην,
566 455 659 508 καὶ
698 453 939 524 ῥομφαίᾳ
972 436 1204 524 χρῆσθαι
1235 455 1549 524 δυνάμενος.
1594 455 1797 524 Παρείη

214 548 381 618 θησαν
428 547 562 617 γαρ,
608 547 703 598 καὶ
750 540 862 599 οἷον
907 547 1173 616 ἐλύθησαν
1207 546 1313 598 τῶν
1341 547 1596 617 κατέχειν
1625 547 1798 618 αὐτὴν

214 637 478 690 εἰωθότων
521 637 576 688 uti
615 639 814 707 χεῖρες.
871 636 1088 708 Ἐπειδὴ
1117 635 1172 689 δὲ
1200 638 1413 708 πονηρὰ
1437 639 1559 690 καθ’
1590 637 1798 692 ἑαυτῶν

215 730 303 780 καὶ
339 728 742 798 πεφρονήκασι,
775 728 867 780 καὶ
889 727 1198 798 δεδράκασι,
1224 728 1318 800 τῆς
1337 730 1544 783 ἑαυτῶν
1575 730 1798 784 δυσϐου-

215 819 325 882 λίας
353 820 566 871 ἔδονται
599 819 726 881 τοὺς
750 818 1016 889 καρπούς.

285 911 490 981 Πικρὸν
549 906 642 962 οὖν
691 911 800 981 ἄρα
847 911 907 962 τὸ
966 911 1256 981 ἀτιμάζειν
1307 913 1623 985 ἀποτολμᾷν
1675 918 1793 980 ταῖς

217 1004 520 1066 ἁπειθείαις
568 1002 658 1055 τὸν
714 1002 978 1068 σώζοντα,
1030 1003 1131 1056 κᾶν
1173 1005 1221 1057 εί
1264 1005 1550 1075 προκέοιτό
1588 1025 1695 1061 τινι
1739 1009 1801 1061 τὸ

216 1095 493 1162 διαφυγεῖν
528 1090 784 1144 δύνασθαι
825 1090 1202 1162 πλημμελείας
1243 1091 1301 1157 ἐξ
1337 1093 1674 1162 ἡμερότητος
1700 1093 1800 1164 τῆς

215 1186 364 1256 παρά
395 1184 558 1248 Θεοῦ,
591 1183 650 1236 τὸ
681 1182 945 1254 ῥᾳθυμεῖν
973 1182 1073 1234 οὐκ
1099 1179 1352 1252 ἀζήμιον.
1384 1182 1800 1253 Κατοικήσομεν

217 1277 320 1347 γὰρ
358 1279 414 1330 ἐν
446 1275 707 1344 Αἰγύπτῳ
735 1313 749 1337 ,
784 1273 1080 1334 τουτέστιν,
1129 1273 1324 1340 ἕξοικοί
1369 1290 1427 1326 τε
1465 1274 1561 1326 καὶ
1604 1275 1801 1345 ἀλῆται

219 1371 390 1438 πάντη
416 1387 477 1423 τε
501 1365 593 1420 καὶ
625 1366 841 1428 πάντως
880 1365 1134 1436 ἐσόμεθα,
1173 1366 1267 1420 καὶ
1292 1366 1410 1437 οὐχὶ
1437 1366 1541 1436 γῆν
1571 1367 1801 1435 ἀφέντες

216 1462 310 1532 τὴν
338 1458 632 1531 αἰσθητὴν,
661 1459 754 1512 καὶ
787 1460 863 1522 είς
900 1458 1093 1529 ἑτέραν
1141 1459 1616 1529 μετανιστάμενοι,
1664 1459 1802 1514 ἀλλά

216 1554 301 1606 τὸν
347 1551 463 1604 τῶν
510 1551 683 1618 ἁγίων
733 1550 958 1622 κλῆρον.
1012 1549 1280 1620 Ἐσόμεθα
1325 1549 1382 1603 δὲ
1421 1551 1514 1604 καὶ
1567 1551 1672 1605 ὑπὸ
1708 1551 1800 1604 τὸν

227 1642 481 1713 Ἀσσοῦρ,
532 1640 623 1694 τὸν
663 1642 898 1710 ἄρχοντα
936 1635 1176 1710 δηλονότι
1222 1640 1316 1694 τοῦ
1355 1641 1548 1705 αἰῶνος
1589 1642 1803 1706 τούτου,

219 1733 300 1786 ἐπ’
330 1733 482 1803 αύτῷ
516 1749 576 1784 τε
609 1730 904 1800 κεισόμεθα
944 1731 1116 1784 δοῦλοι
1164 1733 1259 1786 καὶ
1317 1733 1672 1802 αἰχμάλωτοι,
1708 1734 1804 1786 καὶ

221 1827 323 1887 τοῖς
340 1824 508 1878 αὑτοῦ
527 1823 654 1894 θελή
664 1840 829 1893 μασιν
853 1822 1278 1889 ὑποκύπτοντες,
1296 1825 1383 1878 διά
1403 1843 1483 1879 τοι
1498 1826 1558 1880 τὸ
1577 1827 1804 1898 ἀσθενῆ-

224 1934 326 1980 σαι,
377 1918 473 1970 καὶ
524 1904 1047 1988 καταπαῦσαι’παρ’
1087 1917 1218 1988 ἡμῖν
1253 1915 1351 1989 τὴν
1383 1919 1679 1989 ῥομφαίαν.
1727 1921 1802 1974 Οὐ

221 2010 325 2080 γὰρ
353 2009 526 2072 ἔστιν,
550 2009 652 2062 οὐκ
685 2007 799 2061 ἔστι
827 2011 940 2071 τοῖς
963 2009 1445 2080 φιλαμαρτὴμοσιν
1475 2011 1613 2064 ἑλεῖν
1645 2012 1806 2065 δύνα-

228 2103 342 2154 σθαι
382 2099 486 2172 τὴν
529 2099 832 2152 πανοπλίαν
865 2097 960 2152 τοῦ
1004 2098 1164 2164 Θεοῦ,
1203 2117 1221 2150 ι
1248 2100 1355 2153 Καὶ
1397 2100 1497 2172 τὴν
1530 2101 1806 2175 μάχανραν

222 2191 309 2244 τοῦ
348 2192 692 2261 πνεύματος,
739 2191 768 2243 ὃ
803 2191 920 2243 ἐστι
956 2192 1108 2262 ρἦα
1155 2190 1310 2244 Θεοῦ.
1339 2213 1359 2244 ο
1407 2193 1697 2264 Μάχαιραν
1750 2195 1806 2248 δὲ

225 2287 456 2356 νοήσεις,
492 2284 590 2336 καὶ
628 2283 728 2352 τῆς
770 2282 1005 2347 διανοίας
1034 2283 1191 2354 ἡμῶν
1221 2285 1382 2337 οἱονεὶ
1415 2285 1514 2357 τὴν
1555 2303 1808 2356 μαχιμωο

228 2378 386 2446 τατην
419 2393 483 2428 τε
519 2374 614 2429 καὶ
667 2374 1070 2444 φιλοθεωτάτην
1107 2373 1345 2446 κίνησιν,
1391 2377 1456 2448 ἣν
1498 2380 1612 2440 τοῖς
1637 2378 1806 2431 πάθε-

231 2487 304 2522 σιν
326 2467 739 2534 ἀντεξάγοντες,
761 2467 986 2530 καὶτοῖς
1011 2466 1333 2530 διαϐολικοῖς
1356 2470 1807 2540 κακουργήμασιν

230 2561 658 2622 ἀντιτάττοντες,
712 2558 812 2630 τὴν
859 2559 1053 2628 εὐσεϐῆ
1104 2559 1198 2612 καὶ
1243 2557 1544 2629 ἀμώμητον
1588 2560 1808 2613 διατάτ-

227 2671 382 2724 τομεν
423 2651 636 2722 τρίϐον,
689 2651 782 2704 καὶ
834 2649 935 2717 τῆς
977 2650 1336 2720 εύαγγελικῆς
1373 2649 1648 2715 πολιτείας
1693 2655 1810 2715 ταῖς

231 2746 430 2800 ἑαυτῶν
456 2743 727 2813 κεφαλαῖς
767 2743 1082 2812 ἀνάπτομεν
1114 2741 1180 2795 τά
1199 2742 1512 2812 αὐχήματα.

294 2836 404 2889 Kal
434 2838 468 2889 ό
497 2835 648 2900 λαός
672 2833 860 2887 αὑτοῦ
889 2832 1360 2902 ἐπικρεμάμενος
1388 2833 1455 2886 ἐκ
1482 2831 1591 2902 τῆς
1616 2851 1805 2887 κατοι-

231 2928 357 2992 κίας
386 2923 595 2980 αὑτοῦ.
618 2925 727 2979 Καὶ
753 2925 894 2990 Θεὸς
916 2923 1013 2977 ἐπὶ
1042 2924 1113 2977 τὰ
1141 2925 1300 2994 τίμια
1323 2925 1509 2980 αὑτοῦ
1539 2925 1807 2995 οινμιυθή-

228 3034 413 3079 σεται,
445 3017 545 3070 καὶ
563 3019 634 3072 οὐ
663 3016 746 3085 μὴ
774 3015 991 3087 ὑψώσῃ
1025 3017 1231 3071 αὐτόν.

294 3107 472 3160 PKO'.
525 3107 942 3177 Δυσέκφραστος
982 3107 1178 3178 κομιδῇ
1226 3108 1334 3160 τῶν
1371 3106 1748 3178 προκειμένων
1783 3109 1810 3160 ὁ

231 3199 367 3268 νοῦς,
395 3201 493 3253 καὶ
529 3201 759 3270 τραχεῖα
783 3200 890 3252 τῶν
916 3198 1114 3264 λέξεων
1142 3202 1173 3269 ἡ
1200 3199 1461 3271 συνθήκη,
1485 3201 1578 3253 καὶ
1609 3200 1812 3271 πολλῆς

230 3291 290 3344 ἂν
319 3293 498 3346 δέοιτο
528 3292 849 3362 σαφηνείας,
873 3295 984 3356 τοῖς
1026 3291 1272 3346 ἐθέλουσι
1307 3296 1467 3346 νοεῖν.
1499 3295 1655 3348 Ἔστι
1693 3293 1750 3347 δὲ
1783 3293 1810 3346 ὃ

229 3383 479 3453 βούλεται
518 3385 710 3454 δηλοῦν
758 3385 833 3448 ὡς
875 3386 930 3437 ὲν
969 3384 1154 3453 ὀλίγῳ,
1207 3383 1465 3439 τοιοῦτον.
1515 3385 1808 3456 Ἀπιρχετο,

229 3479 415 3548 φησιν,
442 3479 474 3530 ὁ
513 3476 754 3547 Ἐφρατμ
785 3478 864 3540 εἰς
889 3478 1240 3546 Αἰγυπτίους,
1274 3479 1464 3549 γέγονε
1498 3477 1554 3531 δὲ
1583 3478 1676 3530 καὶ
1707 3478 1812 3531 ὑπὸ

232 3570 477 3639 βασιλέα,
507 3569 601 3622 τὸν
640 3569 895 3640 Ἀσσούρ.
935 3569 1086 3634 Εἶτα,
1120 3571 1308 3640 ὥσπερ
1342 3573 1488 3635 τινος
1543 3569 1809 3623 πυνθανο-

234 3662 393 3731 μένου
433 3678 497 3713 τε
532 3662 624 3714 καὶ
657 3662 931 3730 λέγοντος,
977 3662 1120 3717 Ἀνθ’
1150 3665 1293 3728 ὅτου,
1328 3665 1422 3718 καὶ
1454 3665 1575 3717 τίνα
1611 3664 1812 3736 τρόπον

235 3751 652 3824 συγκεχώρηται
678 3753 893 3817 παθεῖν,
927 3755 1093 3825 ἢπῶς
1121 3757 1438 3827 ἀλλοφύλοις
1467 3759 1812 3816 δεδούλευκεν

221 3845 256 3920 ¹ὁ
289 3844 542 3916 ’ῐσραήλ;
572 3845 784 3916 τίθησιν
809 3845 1008 3918 ἐφεξῆς
1032 3849 1130 3912 τάς
1162 3850 1476 3919 ἀπολογίας,
1502 3852 1594 3905 καί
1624 3871 1808 3924 φησιν,

234 3935 447 4005 πρῶτον
512 3937 643 4006 μὲν,
697 3939 865 3991 «Ὅτι
928 3939 1028 3992 οὐκ
1087 3937 1344 4012 ἠθέλησεν
1417 3945 1807 4016 ἐπιστρέψαι.»

234 4028 604 4100 Προκειμένης
632 4030 742 4102 γὰρ
779 4032 1134 4103 ἡμερότητος,
1170 4035 1304 4106 ἥλω,
1345 4037 1500 4108 φησὶ,
1544 4041 1635 4092 καὶ
1678 4042 1813 4112 πρὸς

234 4118 386 4172 τοῦτο
433 4121 678 4191 ῥᾴθυμος
709 4123 803 4175 καὶ
843 4122 1090 4192 ἀπειθής.
1125 4121 1278 4189 Εἶτα,
1309 4127 1391 4179 ὅτι
1439 4145 1456 4178 ‹
1510 4129 1618 4181 Καὶ
1653 4129 1815 4198 ἡσθέ-

237 4225 362 4278 νησε
397 4210 646 4281 ῥομφαία
675 4212 732 4263 ὲν
769 4213 889 4273 ταῖς
928 4211 1146 4264 πόλεσιν
1175 4211 1360 4267 αὐτοῦ.
1396 4233 1414 4264 ι
1455 4215 1528 4268 Οὐ
1574 4215 1682 4286 γὰρ
1723 4212 1811 4286 ἦν,

235 4301 302 4362 ὡς
329 4301 494 4372 {qr-iv,
533 4303 562 4354 ὁ
597 4303 708 4365 τοῖς
756 4302 1063 4373 ’Λσσυρίοις
1111 4305 1605 4376 ἀντανιστάμενος,
1648 4307 1680 4377 ἢ
1721 4307 1813 4360 καὶ

235 4393 513 4463 εύᾶἆκιμος
541 4393 611 4446 τὰ
635 4395 893 4456 τακτικὰ,
943 4395 1078 4447 Θεοῦ
1125 4395 1184 4447 τὸ
1215 4396 1454 4466 μάχιμον
1511 4397 1816 4468 παραλύον·

235 4495 339 4546 τος,
367 4483 463 4533 καὶ
493 4481 664 4553 δειλία
700 4500 805 4535 που
863 4484 1004 4553 τάχα
1047 4484 1534 4554 προκατασείοντος
1583 4487 1675 4539 καὶ
1723 4486 1815 4539 τὸν

235 4572 456 4642 εὐσθενῆ
487 4572 605 4624 λίαν
636 4575 694 4626 ὲν
722 4574 943 4645 μάχαις.
984 4574 1142 4627 Αἰτία
1174 4575 1231 4627 δὲ
1276 4577 1366 4628 καὶ
1397 4577 1556 4648 ἑτέρα
1593 4577 1685 4630 τοῦ
1722 4595 1816 4631 πε-

237 4662 342 4712 σεῖν
379 4660 542 4713 αὐτὸν
571 4661 676 4714 ὑπὸ
719 4661 809 4714 τὸν
852 4662 1101 4734 Ἀσσούρ.
1149 4663 1282 4717 Ποία
1309 4663 1364 4717 δὲ
1401 4664 1572 4738 dum;
1621 4667 1679 4718 Ὀ
1707 4665 1816 4738 γὰρ

234 4746 375 4811 λαὸς,
394 4750 695 4815 τουτέστιν,
717 4751 746 4802 ὁ
773 4749 1031 4823 Ἐφραῒμ,
1060 4753 1340 4823 μονονουχὶ
1361 4755 1450 4808 καὶ
1481 4755 1815 4828 ἐξεκρέματο

234 4838 415 4904 αὑτοῦ,
475 4838 570 4892 τοῦ
632 4842 862 4912 Ἀσσοῦρ
909 4842 1171 4913 δηλονότι,
1232 4845 1325 4898 καὶ
1385 4847 1449 4900 ἐκ
1493 4849 1594 4918 τῆς
1644 4850 1812 4904 αὐτοῦ

234 4928 513 4991 κατοικίας
545 4930 804 4999 ἀπαίρειν
835 4931 1098 5001 ἠθέλησεν
1123 4937 1203 4997 είς
1227 4937 1326 5005 τὴν
1353 4937 1577 5008 Περσῶν
1613 4955 1668 4992 τε
1720 4940 1812 4994 καὶ

235 5018 448 5087 Μήδων.
491 5021 601 5072 Καὶ
627 5021 689 5073 οὐ
713 5021 887 5090 δήπου
915 5024 1113 5093 φαμὲν,
1142 5026 1225 5078 ὅτι
1251 5027 1407 5080 τοῦτο
1431 5027 1623 5083 παθεῖν
1649 5032 1812 5093 αὐτὸς

236 5107 296 5159 ἂν
320 5111 582 5182 ἠθέλησεν
608 5114 636 5166 ὀ
675 5113 937 5184 Ἐφραῒμ,
967 5115 1082 5168 ἀλλ’
1108 5117 1231 5170 ὅσον
1263 5115 1398 5191 ἧκεν
1441 5122 1520 5184 είς
1557 5122 1625 5176 τά
1663 5123 1813 5195 αὐτῷ

238 5203 764 5275 πεπλημμελημένα,
801 5209 1085 5279 μονονουχὶ
1134 5211 1227 5263 καὶ
1260 5212 1496 5284 ἐζήτησε
1529 5215 1720 5269 παθεῖν
1745 5217 1814 5271 τὰ

232 5289 367 5346 οὕτω
396 5295 574 5360 δεινὰ,
606 5296 768 5369 εἴπερ
805 5295 926 5362 ὲξὺν
959 5297 1242 5369 διαδράναι
1283 5301 1383 5373 τὴν
1418 5304 1608 5374 ὀργὴν,
1651 5323 1818 5377 μετα-

234 5387 414 5456 φοιτᾷν
445 5387 708 5458 ᾑρημένῳ
737 5388 871 5460 πρὸς
901 5390 970 5444 τά
1021 5391 1228 5460 ἀμείνω
1254 5394 1348 5447 καὶ
1374 5397 1814 5471 πρεπωδέστερα.

297 5565 518 5623 "Joan.
547 5583 644 5633 xu,
681 5569 770 5623 31.
849 5570 892 5603 ³⁰
920 5571 1116 5642 Eplies.
1149 5587 1222 5637 vi,
1267 5573 1353 5625 Π.

1909 371 2105 412 manus
2154 370 2343 410 eorum
2395 355 2486 422 qui
2523 352 2692 422 ipsam
2728 351 2864 406 tueri
2893 363 3298 406 consueverant.
3331 353 3477 418 Q'no«

1904 453 2048 506 niam
2085 465 2213 504 vero
2243 447 2381 502 mala
2409 457 2602 500 contra
2638 446 2962 516 semetipsos
2992 457 3046 498 et
3074 445 3405 514 cogitarunt,
3425 453 3482 498 et

1903 543 2171 607 fecerunt,
2235 541 2444 595 fructus
2511 537 2808 592 infelicium
2860 537 3214 593 consiliorum
3256 549 3479 592 suorum

1901 632 2208 690 comedent.

1970 917 2244 973 Acerbum
2294 925 2379 972 est
2427 917 2592 986 igitur
2642 929 2737 984 per
2787 914 3214 970 inobedientiam
3275 914 3476 982 saepius

1902 1011 2104 1065 audere
2137 1010 2415 1081 despicere
2446 1007 2828 1074 Servatorem;
2868 1022 2966 1063 nec
2995 1007 3040 1061 si
3073 1007 3273 1076 quibus
3308 1006 3375 1060 fat
3399 1007 3483 1059 nl-

1905 1116 1986 1158 tas
2029 1113 2248 1173 peccata
2289 1101 2526 1172 fugiendi
2551 1116 2615 1155 ex
2647 1100 2828 1154 divina
2867 1100 3088 1156 lenitate
3118 1109 3481 1171 proponatur,

1903 1197 2098 1250 inertia
2141 1207 2322 1250 manet
2377 1193 2662 1261 impunita.
2708 1193 2861 1263 161
2914 1191 3293 1248 IIabitabimus
3336 1193 3483 1248 enim

1905 1288 1955 1341 in
1986 1285 2244 1357 Egypto,
2277 1286 2382 1341 hoc
2410 1295 2514 1349 est,
2550 1284 2765 1339 exsules
2793 1295 2846 1339 et
2876 1299 3100 1339 errones
3122 1285 3348 1348 erimus,
3378 1299 3482 1337 non

1902 1378 1976 1433 ita
2015 1389 2072 1433 ut
2109 1389 2310 1432 terram
2357 1376 2610 1432 sensibus
2640 1374 2943 1445 expositam
2986 1374 3403 1443 reliquerimus,
3432 1381 3488 1426 et

1903 1469 1956 1524 in
1995 1468 2159 1522 aliam
2193 1465 2755 1537 commigraverinius,
2789 1465 2886 1520 sed
2921 1472 2982 1518 ut
3017 1472 3330 1518 sanctorum
3363 1475 3486 1514 sor-

1911 1571 2018 1616 tem
2067 1558 2436 1613 amiserimus.
2487 1556 2703 1612 Erimus
2746 1564 3011 1627 prmterca
3064 1556 3165 1610 sub
3212 1561 3486 1623 potestate

1837 1639 1878 1694 Β
1907 1654 2102 1717 Assur,
2145 1654 2247 1706 sub
2278 1648 2546 1720 principe,
2575 1652 2819 1720 inquam,
2860 1648 3023 1718 hujus
3056 1647 3240 1702 mundi
3271 1649 3339 1700 ⁸³.
3380 1645 3484 1716 Ipsi

1907 1755 1963 1799 ut
1989 1744 2131 1800 servi
2164 1752 2217 1798 et
2243 1741 2466 1812 captivi,
2487 1749 2541 1796 et
2562 1741 2709 1796 dicto
2741 1740 3024 1796 audientes
3059 1738 3484 1808 subjacebimns,

1905 1837 2032 1906 quia
2064 1836 2373 1890 infirmatus
2402 1834 2496 1900 sit,
2535 1843 2591 1888 et
2625 1832 2894 1902 quieverit
2923 1831 3064 1902 apud
3115 1846 3215 1886 nos
3253 1831 3486 1900 gladius.

1905 1926 2023 1982 Non
2053 1925 2196 1979 enim
2238 1933 2492 1994 possunt,
2529 1924 2772 1993 inquam,
2816 1922 3055 1992 peccatis
3101 1921 3268 1976 dediti
3303 1935 3486 1975 arma-

1909 2027 2085 2070 turam
2121 2015 2214 2069 Dei
2241 2027 2566 2084 capessere:
2604 2032 2622 2066 ι
2664 2014 2728 2068 Ει
2760 2013 2999 2084 gladium
3046 2013 3296 2083 spiritus,
3345 2015 3486 2084 quod

1907 2119 1992 2164 est
2028 2109 2249 2162 verbum
2281 2106 2376 2162 Dei
2411 2107 2478 2161 ³ο.
2521 2127 2538 2160 ι
2570 2106 2822 2163 Gladium
2847 2114 3027 2162 autem
3061 2105 3334 2177 intelligas
3357 2107 3489 2162 licct

1912 2199 2078 2254 etiam
2117 2198 2280 2252 animi
2327 2198 2499 2252 nostri
2547 2197 2712 2252 veluti
2756 2197 2822 2252 ad
2873 2196 3218 2266 pugnandum
3260 2197 3486 2267 aptissi-

1910 2306 2076 2357 mam,
2125 2300 2182 2346 et
2231 2291 2322 2344 Dei
2359 2290 2788 2345 amantissimam
2837 2290 3154 2357 metionem,
3197 2288 3314 2345 sive
3360 2287 3493 2343 affe-

1911 2391 2085 2446 ctum,
2120 2396 2280 2450 quem
2314 2381 2522 2435 vitiosis
2566 2380 2806 2436 moribus
2830 2381 2981 2450 quasi
3017 2381 3068 2435 in
3101 2381 3288 2449 praelio
3318 2395 3489 2450 oppo-

1913 2482 2126 2537 nentes,
2159 2484 2214 2526 et
2249 2482 2437 2527 contra
2479 2472 2776 2528 diabolicas
2810 2473 3085 2543 nequitias
3130 2474 3486 2536 instruentes,

1909 2560 2017 2628 jam
2051 2571 2104 2614 et
2128 2571 2281 2616 extra
2315 2562 2795 2631 reprehensionem
2833 2564 3085 2617 semitam
3113 2563 3410 2628 currimus,
3435 2573 3492 2618 et

1912 2653 2240 2721 evangelicae
2262 2654 2387 2708 vitae
2446 2669 2768 2724 morumque
2797 2654 2963 2709 decus
2987 2655 3256 2724 capitibus
3286 2655 3492 2711 nostris

1911 2743 2264 2811 acquirimus.

1987 2836 2148 2890 Vens.
2181 2836 2235 2888 7.
2271 2835 2337 2888 Et
2369 2835 2593 2905 populus
2625 2836 2689 2890 ab
2727 2853 2786 2891 eo
2825 2851 3106 2907 suspensus
3149 2851 3213 2890 ex
3242 2834 3481 2890 incolatu

1915 2942 2032 2979 suo.
2071 2925 2133 2978 Et
2172 2925 2312 2980 Deus
2339 2942 2495 2996 super
2518 2931 2775 2982 honorata
2824 2927 2937 2999 ejus
2970 2929 3250 2995 irascetur,
3295 2939 3343 2984 et
3388 2945 3492 2983 non

1839 3004 1882 3062 C
1916 3019 2170 3073 exaltabit
2205 3036 2315 3074 eos.

1984 3106 2221 3167 CXXIX.
2249 3110 2593 3168 Perdimcilis
2623 3114 2893 3183 explicati:
2928 3124 3013 3169 est
3039 3115 3326 3170 verborum
3359 3115 3493 3170 isto-

1916 3217 2034 3256 rum
2069 3217 2286 3267 sensus,
2315 3212 2369 3258 et
2415 3219 2605 3273 aspera
2654 3205 2995 3274 compositio,
3045 3215 3099 3259 et
3146 3206 3312 3260 multa
3349 3205 3493 3259 indi~

1915 3309 2048 3364 gens
2100 3293 2484 3360 illnstratione,
2525 3306 2582 3349 ut
2618 3295 2971 3365 intelligatur.
3009 3297 3101 3350 Est
3138 3306 3318 3352 autem
3349 3298 3490 3366 quod

1917 3389 2109 3458 paucis
2147 3389 2394 3445 indicare
2422 3391 2556 3454 vult,
2594 3389 2926 3458 lmjusmodi.
2953 3389 3100 3444 Abiit
3133 3390 3389 3460 Epliraim
3425 3392 3491 3445 ad

1916 3479 2224 3550 Egyptios,
2266 3480 2466 3549 inquit,
2514 3491 2570 3534 et
2621 3480 2722 3534 sub
2778 3487 3104 3546 potestatem
3147 3478 3290 3549 regis
3319 3478 3492 3534 Assur

1917 3574 2217 3628 concessit.
2266 3573 2404 3627 Tum
2459 3574 2612 3642 quasi
2666 3583 3053 3643 prrcunctante
3098 3576 3374 3646 quopiam,
3414 3576 3494 3630 di-

1913 3674 2199 3734 centeque,
2226 3681 2322 3719 cur
2348 3674 2401 3719 et
2429 3681 2664 3735 quonam
2688 3665 2848 3719 modo
2878 3666 3175 3734 permissus
3193 3679 3276 3722 est
3307 3667 3490 3740 allligi,

1917 3769 1970 3813 et
2009 3758 2284 3827 quomodo
2321 3758 2638 3828 alienigenis
2680 3759 2904 3814 servivit
2950 3756 3158 3825 Israel,
3201 3763 3495 3830 reSpondet

1918 3851 2282 3914 continenter,
2342 3851 2573 3920 primum
2607 3852 2842 3920 quidem,
2883 3871 2901 3904 ε
2939 3853 3077 3918 Quia
3131 3853 3305 3906 noluit
3364 3867 3494 3908 con-

1918 3943 2105 4000 verti.i
2136 3941 2418 4014 Proposita
2453 3944 2594 3997 enim
2628 3943 2722 3998 Dei
2750 3945 3057 4012 clementia,
3095 3945 3256 3999 etiam
3290 3945 3356 4000 ad
3387 3947 3491 4000 hoc

1918 4034 2100 4101 segnis
2163 4045 2217 4088 et
2257 4033 2580 4088 inobediens
2631 4034 2884 4089 inventus
2923 4045 3026 4089 est.
3078 4035 3277 4090 Deinde
3311 4053 3329 4085 ι
3368 4035 3494 4104 quia

1917 4126 2225 4180 infirmatus
2271 4133 2356 4179 est
2408 4124 2618 4193 gladius
2667 4125 2719 4178 in
2778 4123 3087 4179 civitatibus
3131 4125 3268 4190 ejus;
3311 4143 3329 4177 ο
3385 4138 3492 4176 non

1918 4217 2062 4271 enim
2096 4225 2244 4280 erat,
2297 4225 2353 4270 ut
2386 4216 2520 4278 dixi,
2553 4216 2644 4285 qui
2681 4216 2924 4286 Assyriis
2963 4217 3261 4284 resisteret,
3310 4228 3402 4271 aut
3437 4217 3493 4271 In

1918 4316 2036 4363 arte
2066 4307 2284 4361 militari
2325 4309 2610 4376 probatus,
2636 4305 2746 4361 Deo
2777 4306 3031 4360 virtutem
3063 4306 3311 4361 bellicam
3339 4323 3497 4363 ener-

1925 4406 2106 4466 vante,
2141 4408 2195 4452 et
2244 4398 2496 4454 Iortassis
2524 4401 2685 4452 etiam
2722 4398 2775 4451 in
2809 4413 2985 4468 pugna
3023 4397 3374 4454 fortissimum
3413 4400 3497 4454 in-

1919 4491 2060 4560 jecta
2095 4489 2388 4545 timiditate
2446 4489 2597 4556 prius
2647 4499 3017 4565 convertente.
3069 4489 3163 4543 Est
3211 4490 3338 4544 item
3392 4491 3495 4544 alia

1924 4595 2087 4636 causa
2151 4596 2250 4635 cur
2289 4581 2390 4635 sub
2425 4581 2597 4634 Assur
2636 4581 2888 4634 redactus
2938 4581 3028 4635 sit.
3071 4581 3364 4647 Quaenam?
3397 4580 3498 4635 Po-

1925 4674 2080 4744 pulus
2108 4675 2251 4732 enim
2278 4714 2292 4738 ,
2328 4683 2454 4743 puta
2501 4673 2776 4742 Epliraim,
2817 4683 3024 4726 tantum
3057 4689 3163 4726 non
3205 4674 3368 4728 etiam
3407 4690 3497 4743 pe-

1922 4768 2105 4833 pendit
2133 4767 2200 4821 ab
2235 4768 2374 4837 ipso,
2406 4766 2579 4820 Assur
2623 4765 2894 4831 videlicet,
2929 4774 2984 4820 et
3014 4780 3081 4819 ex
3129 4764 3363 4820 incolatu
3396 4781 3496 4820 suo

1921 4858 1986 4910 ad
2021 4857 2217 4911 Persas
2243 4866 2298 4911 et
2331 4855 2515 4911 Medos
2544 4857 2693 4911 abire
2719 4857 2904 4910 voluit.
2942 4857 3052 4911 Nec
3090 4857 3321 4911 dicimus
3360 4874 3494 4913 sane

1920 4947 2176 5016 Epliraim
2207 4949 2350 5003 istud
2386 4949 2590 5018 perpeti
2619 4947 2884 5010 voluisse;
2938 4947 3032 5001 sed
3074 4947 3220 5016 quod
3260 4949 3326 5003 ad
3369 4964 3498 5018 pec-

1923 5049 2042 5094 cata
2076 5040 2192 5108 ejus
2218 5041 2432 5105 attinet,
2465 5047 2574 5092 tam
2606 5037 2834 5092 adversa
2864 5039 3252 5106 propemodum
3282 5037 3499 5096 aﬂ‘ecta-

1921 5132 1996 5185 vit
2038 5132 2284 5201 perpeti;
2333 5131 2596 5201 siquidem
2631 5130 2827 5185 licebat
2867 5130 3002 5186 iram
3029 5131 3287 5202 elfugere,
3333 5135 3377 5189 si
3428 5137 3497 5188 ad

1924 5223 2152 5278 meliora
2192 5232 2248 5277 et
2271 5219 2714 5277 convenientiora
2745 5235 2804 5276 se
2839 5221 2970 5276 dare
3003 5220 3318 5291 placuisset.
3351 5221 3497 5276 Tan-

1927 5323 2039 5368 tum
2063 5329 2169 5368 non
2190 5322 2246 5369 et
2271 5312 2522 5383 pependit
2547 5312 2614 5368 ab
2634 5312 2808 5367 Assur
2825 5320 2878 5367 et
2900 5315 3074 5382 patria
3109 5313 3264 5384 162
3286 5314 3494 5376 relicta,

1931 5405 2031 5460 hoc
2061 5414 2145 5459 est
2191 5403 2451 5472 incolatu,
2496 5417 2590 5462 seu
2636 5403 2971 5458 habitatione
3019 5419 3135 5460 sua.
3180 5406 3230 5459 in
3269 5417 3494 5471 regnum
