3898 6212
384 205 483 261 271

1374 202 1438 259 S.
1481 201 1760 259 CYRILLI
1798 202 2270 258 ALEXANDRl-Nl
2313 200 2633 259 ARCl-IIEP.

3555 204 3665 259 973

388 321 534 375 illius
563 318 716 375 abire
753 318 1085 390 concupivit,
1138 321 1492 387 quantumvis
1528 322 1666 376 Deus
1710 338 1965 391 expresse

2073 321 2369 388 Μονονουχι
2418 320 2513 373 καὶ
2566 316 2901 391 ἐξεκρέματο
2954 315 3049 370 τοῦ
3099 315 3352 389 Ἀσσοῦρ,
3404 319 3499 372 καὶ
3567 315 3672 382 τὴν

387 413 826 482 ιινίιδηυηιίιιεεει,
867 412 1090 467 οιιιιιίιιο
1138 411 1265 465 talia
1312 428 1372 467 se
1426 414 1789 480 inducturum,
1860 415 1963 469 nisi

385 501 763 570 pmnitentiam
807 511 1053 568 agerent.
1092 501 1360 567 Quoniam
1415 502 1515 572 ipsi
1561 505 1626 558 ad
1658 504 1801 558 hunc
1842 518 1968 559 seo-

385 609 513 663 pum
564 593 988 661 descenderunt,
1025 611 1044 646 ι
1081 593 1352 650 irascetur
1406 595 1548 651 Deus
1596 612 1760 666 super
1798 598 1969 651 hono-

386 694 501 737 rata
539 683 677 753 ejus.
712 702 730 737 ι
760 683 1061 751 Honorata,
1089 694 1143 740 et
1179 685 1402 752 eximia,
1441 696 1494 741 et
1526 692 1842 756 prmstantia
1876 704 1969 759 po-

387 776 499 844 puli
532 792 687 845 reges
730 777 986 831 nimirum
1042 786 1193 845 sunt,
1239 787 1295 833 et
1338 778 1526 845 duces,
1562 781 1653 848 qui
1695 796 1800 834 una
1843 796 1967 835 cum

388 867 549 935 vulgo
594 868 813 923 abducti
865 879 991 924 sunt
1040 871 1250 932 miseri,
1301 878 1358 924 et
1406 870 1575 935 servi,
1623 879 1679 925 et
1740 871 1968 938 captivi,

384 961 511 1027 quia
553 962 828 1031 subjectos
856 961 1214 1025 seduxerunt,
1246 970 1300 1014 et
1326 960 1456 1013 facti
1490 968 1616 1013 sunt
1649 960 1871 1029 laqueus
1908 960 1975 1017 iis

337 1106 346 1119 ,
396 1054 511 1120 qui,
571 1055 613 1106 si
674 1053 971 1109 voluissent
1014 1053 1139 1123 ipsi,
1180 1053 1322 1106 viam
1372 1051 1711 1107 rectitudinis
1754 1067 1976 1110 currere

338 1137 347 1145 ’
387 1152 661 1209 poterant.
721 1144 951 1213 Semper
1001 1146 1145 1197 enim
1206 1144 1375 1197 duces
1427 1143 1662 1198 subditis
1708 1153 1970 1213 praeeunt.

386 1232 555 1286 Erunt
593 1235 775 1302 itaque
832 1234 1067 1289 humiles
1116 1243 1170 1289 et
1221 1234 1440 1304 abjccti,
1500 1236 1751 1304 quamvis
1801 1235 1971 1307 gloria

383 1325 713 1379 aﬂhixerint.
742 1325 909 1380 l’lane
940 1328 1084 1381 enim
1120 1327 1267 1397 regni
1301 1328 1496 1382 solium
1528 1329 1689 1382 decus
1718 1343 1972 1398 magnum

382 1418 568 1471 habet.
628 1416 824 1471 Verum
882 1433 989 1471 nun
1041 1418 1366 1472 exaltaverit
1424 1418 1545 1475 illos
1595 1419 1769 1485 Deus;
1813 1418 1974 1474 desiit

379 1511 547 1575 enim,
586 1510 637 1562 id
685 1510 825 1578 quod
862 1510 973 1578 jam
1015 1514 1213 1581 smpius
1257 1510 1392 1578 dixi,
1428 1526 1651 1581 regnum
1688 1510 1969 1581 Ephraim.

2070 413 2397 481 ἐνεγκοῦσαν
2449 410 2628 480 ἀφεὶς,
2676 409 2942 472 τουτέστι,
2989 409 3089 480 τὴν
3134 408 3414 463 κατοικίαν
3472 410 3667 472 αὐτοῦ,

2073 502 2211 574 πρὸς
2250 502 2346 573 τὴν
2384 503 2595 555 ἐκείνου
2633 500 2870 573 βαδίζειν
2916 502 3194 566 ἀσυνέτως
3246 504 3514 575 ἐγλίχετο,
3572 506 3670 559 καί

2070 610 2153 647 τοι
2212 592 2347 647 Θεοῦ
2384 594 2560 664 πάντη
2596 611 2656 647 τε
2721 593 2816 647 καὶ
2866 593 3087 657 πάντως
3121 595 3349 662 ἐπάξειν
3402 595 3549 667 αύτῷ
3597 601 3669 650 τι

2070 686 2247 740 τοιάδε
2313 686 2679 757 διειρηκότος,
2742 687 2790 739 εί
2870 685 2945 758 μὴ
3010 685 3283 757 βούλοιντο
3357 691 3664 758 μετανοεῖν.

2083 779 2301 851 Ἐπειδὴ
2358 780 2414 833 δὲ
2466 780 2602 851 πρὸς
2645 778 2804 832 τοῦτο
2849 779 3003 832 αὐτοὶ
3049 778 3384 832 κατώλισθον
3433 780 3665 847 σκοποῦ,

2082 889 2100 922 ι
2131 869 2529 941 Θυμωθήσεται
2563 870 2696 935 Θεὸς
2738 870 2829 923 ἐπὶ
2859 868 2926 922 τά
2954 868 3111 939 τίμια
3148 869 3336 923 αὑτοῦ.
3363 890 3381 923 ι
3411 871 3581 942 Τίμια
3607 872 3668 924 δὲ

2073 964 2169 1017 xui.
2211 963 2482 1035 ἐξαίρετα,
2535 963 2629 1015 καὶ
2676 960 2983 1033 προῦχοντα
3034 961 3143 1014 τῶν
3199 961 3366 1025 λαῶν,
3422 962 3669 1033 βασιλεῖς

2073 1056 2333 1129 δηλονότι,
2372 1056 2465 1109 καὶ
2514 1054 2827 1126 ἡγούμενοι,
2864 1055 2912 1106 οἳ
2943 1054 3037 1106 καὶ
3068 1056 3182 1116 τοῖς
3222 1054 3495 1123 ἀγελαίοις
3539 1073 3670 1108 συν-

2072 1147 2544 1218 απεκομίσθησαν,
2574 1145 2799 1198 ἐλεεινοί
2831 1162 2889 1198 τε
2936 1144 3030 1197 καὶ
3065 1143 3261 1210 δοῦλοι,
3292 1148 3385 1199 καὶ
3416 1148 3473 1200 ἐν
3509 1147 3668 1211 τάξει

2070 1236 2440 1307 δορυκτήτων,
2498 1236 2579 1288 ὅτι
2634 1235 2759 1297 τοὺς
2790 1233 2893 1286 ὑπὸ
2925 1235 3082 1304 χεῖρα
3131 1235 3539 1307 πεπλανήκασι,
3567 1240 3668 1290 καὶ

2070 1326 2330 1395 γεγόνασι
2356 1328 2525 1394 παγὶς
2550 1326 2682 1389 τοῖς,
2718 1324 2875 1395 εἴπερ
2894 1324 3083 1395 ἤθελον
3110 1325 3286 1391 αὐτοὶ,
3313 1325 3405 1378 καὶ
3428 1324 3667 1379 διάττειν

2071 1417 2391 1488 δυναμένοις
2424 1418 2522 1485 τὴν
2557 1415 2643 1469 ἐπ’
2685 1413 2836 1468 εὐθύ.
2882 1416 3220 1487 Καθηγεῖται
3261 1418 3368 1488 γὰρ
3418 1418 3508 1470 ἀεὶ
3553 1416 3666 1471 τῶν

2073 1507 2511 1578 ὑπεστρωμένων
2537 1505 2598 1558 τὸ
2622 1505 2945 1577 ἡγούμενον.
2977 1508 3233 1561 Ἔσονται
3254 1507 3317 1578 δὴ
3346 1504 3442 1561 οὖν
3471 1525 3668 1561 ταπει-

379 1600 482 1664 νοὶ,
512 1600 606 1655 καλ⁵
633 1603 1062 1673 ἀπερριμμένοι,
1093 1603 1186 1657 καί
1219 1621 1302 1657 τοι
1350 1603 1608 1675 πλείστην
1640 1604 1773 1675 ὃσην
1800 1604 2095 1675 ἐσχηκότες
2124 1600 2221 1675 τὴν
2279 1601 2459 1668 δόξαν.
2484 1596 2752 1672 Πρόσεστι
2808 1600 2917 1673 γὰρ
2975 1603 3193 1666 πάντως
3248 1605 3358 1666 τοῖς
3386 1603 3488 1673 τῆς
3507 1603 3665 1673 βατι-

379 1694 527 1758 λείας
578 1696 773 1758 θώκοις
832 1695 894 1749 τὸ
955 1698 1192 1760 εὐκλεές.
1253 1697 1392 1751 Ἀλλ’
1457 1697 1557 1751 οὐκ
1619 1696 1686 1752 ἂν
1739 1698 2004 1769 ὑψώσειεν
2075 1695 2273 1760 αὐτοὺς
2304 1694 2510 1758 ὁΘεός.
2541 1694 2820 1748 Πέπαυται
2854 1694 2985 1766 γὰρ,
3015 1694 3091 1758 ὡς
3114 1694 3252 1766 ἔφην
3280 1694 3377 1766 ἤδη
3410 1694 3664 1749 πλειστά-

381 1805 490 1852 κις,
528 1790 559 1859 ἡ
598 1788 691 1841 τοῦ
741 1786 983 1860 Ἐφραῒμ
1019 1788 1289 1859 βασιλεία.

451 1884 707 1936 Cavenda
734 1882 900 1951 igitur
932 1882 1090 1937 nobis
1123 1882 1449 1940 Christianis
1502 1884 1736 1939 maxime
1764 1884 1832 1939 ad
1865 1884 1963 1940 im-

2140 1878 2600 1952 Παραφυλακτέον
2633 1877 2697 1949 δὴ
2720 1874 2814 1932 οῦν
2853 1880 2986 1951 ἡμῖν
3020 1879 3255 1950 μάλιστα
3283 1882 3398 1945 τοῖς
3428 1884 3484 1935 ἐν
3523 1884 3660 1955 Χριο

378 1976 708 2048 probitatem
772 1974 1075 2029 inclinatio.
1124 1972 1279 2042 Quod
1335 1975 1439 2031 nisi
1481 1976 1813 2045 fecerimus,
1862 1978 1964 2047 ipsi

382 2067 584 2122 diaboli
616 2065 804 2137 jugum
854 2067 1012 2121 nobis
1053 2069 1298 2122 volentes
1354 2068 1717 2137 imponemus,
1758 2079 1962 2123 tantum

382 2173 490 2214 non
520 2159 587 2211 ab
628 2156 745 2225 ejus
777 2158 1069 2212 dilectione
1109 2159 1380 2229 suspensi,
1418 2169 1642 2231 totaque
1684 2159 1968 2216 alacritate

382 2252 450 2305 ad
480 2250 598 2321 ejus
641 2249 829 2319 jugmn
874 2250 1126 2319 deinceps
1159 2250 1463 2317 ferendum,
1501 2260 1550 2307 et
1582 2252 1647 2306 ad
1693 2252 1866 2321 ipsius
1899 2252 1966 2307 li-

382 2343 553 2398 hidini
582 2341 988 2411 obsequemlum
1041 2342 1426 2397 concedentes.
1474 2344 1590 2411 Quo
1625 2344 1770 2400 facto
1800 2346 1967 2405 Deum

384 2434 745 2500 irritabimus,
796 2443 853 2489 et
900 2435 979 2489 sic
1031 2436 1084 2489 in
1143 2445 1420 2503 posterum
1463 2439 1666 2492 erimus
1712 2437 1965 2504 humiles,

384 2527 653 2595 dejectum
720 2536 777 2582 et
811 2528 959 2581 velut
994 2528 1220 2595 pedibus
1248 2528 1512 2585 caleatqu
1554 2540 1807 2601 gerentes
1847 2532 1968 2586 ani-

384 2633 555 2682 mum,
587 2616 699 2673 Deo
743 2616 1094 2685 debilitante,
1149 2619 1499 2689 strenuisque
1545 2621 1970 2691 cogitationibus

381 2710 449 2764 ad
494 2709 697 2764 bonum
741 2711 1170 2781 comparandum
1229 2726 1329 2767 nos
1376 2712 1588 2781 erigere
1630 2728 1735 2769 non
1791 2715 1961 2770 susti-

382 2810 566 2857 neute.

474 2892 637 2949 \‘Etts.
679 2890 735 2959 8,
769 2893 823 2948 9.
851 2891 995 2957 Quid
1029 2893 1124 2946 tibi
1143 2894 1362 2963 faciam,
1382 2890 1968 2967 Ephraindprotegam

381 2994 451 3049 te,
482 2982 676 3046 Israel,
706 2982 833 3047 quid
866 2984 960 3036 tibi
984 2984 1182 3053 faciant
1204 2986 1230 3039 .9
1270 2986 1408 3039 sicut
1448 2988 1654 3041 Adama
1684 3004 1874 3056 ponam
1898 3001 1968 3056 le,

381 3085 431 3131 et
458 3076 593 3129 sicut
637 3072 867 3129 Seboim.
904 3072 1222 3130 Conversum
1269 3086 1344 3131 est
1383 3092 1476 3131 cor
1516 3094 1709 3132 meum.
1752 3079 1817 3134 In
1858 3079 1968 3150 ipso

381 3165 699 3222 conturbata
751 3178 825 3220 est
871 3170 1179 3235 pwnileutia
1220 3186 1373 3235 mea,
1418 3186 1520 3225 non
1575 3171 1775 3241 facium
1808 3172 1969 3243 juxta

2069 1973 2202 2045 στῷ,
2234 1972 2335 2043 τὴν
2379 1973 2455 2035 εἰς
2494 1970 2564 2023 τὰ
2591 1970 2772 2040 φαῦλα
2806 1972 3000 2041 ῥοπήν.
3037 1971 3107 2024 Ἦ
3132 1970 3276 2043 εἰμὴ
3305 1975 3461 2027 τοῦτο
3487 1975 3663 2048 δρῴη-

2072 2081 2171 2135 μεν
2212 2064 2453 2126 ἑκόντες,
2498 2062 2653 2115 αὐτοὶ
2682 2061 2775 2115 τὸν
2823 2061 2916 2114 τοῦ
2954 2061 3200 2115 διαϐόλου
3231 2063 3396 2133 ζυγὸν
3444 2066 3660 2130 ἑαυτοῖς

2069 2153 2426 2225 ἐπιθήσομεν,
2470 2152 2753 2227 μονονουχὶ
2795 2152 2890 2205 καὶ
2936 2152 3384 2225 ἀποκρεμάμενοι
3433 2155 3532 2225 τῆς
3576 2159 3661 2222 είς

2069 2246 2230 2301 αὑτὸν
2264 2245 2507 2315 ἀγάπης,
2547 2244 2643 2316 ὅλῃ
2671 2261 2728 2297 τε
2766 2241 3072 2313 βαδίζοντες
3104 2245 3381 2317 προθυμία
3424 2248 3560 2317 πρὸς
3596 2249 3660 2302 τὸ

2070 2342 2163 2397 ὑπ’
2208 2339 2357 2411 αὐτῷ
2394 2336 2651 2408 γενέσθαι
2702 2336 2909 2402 λοιπὸν,
2958 2338 3052 2390 κοιλ⁵
3094 2339 3161 2392 τὰ
3211 2340 3359 2411 αὐτῷ
3395 2341 3659 2395 δοκοῦντα

2070 2432 2334 2507 πληροῦν.
2406 2431 2544 2485 Ἀλλ’
2604 2432 2654 2485 εί
2716 2428 2876 2483 τοῦτο
2945 2430 3174 2498 γένοιτο,
3245 2432 3657 2503 παροξυνοῦμεν

2070 2530 2227 2592 Θεὸν,
2263 2527 2406 2582 οὕτω
2449 2543 2509 2579 τε
2540 2523 2729 2579 λοιπὸν
2776 2524 3013 2594 ἐσόμεθα
3062 2526 3327 2590 ταπεινοὶ,
3379 2525 3660 2598 χθαμαλὸν

2071 2622 2167 2675 καὶ
2204 2618 2591 2690 πεπατημένον
2633 2616 2848 2688 ἔχοντες
2894 2615 3039 2682 νοῦν,
3088 2616 3222 2669 Θεοῦ
3262 2617 3655 2688 παραλύοντος,

2071 2712 2167 2767 κα)⁸
2195 2714 2315 2774 ταῖς
2353 2711 2431 2774 εἰς
2475 2708 2537 2762 τὸ
2567 2706 2773 2776 ἀγαθὸν
2807 2704 3050 2775 ἀνδρίαις
3079 2706 3342 2779 ἀνορθοῦν
3373 2709 3520 2780 ἡμᾶς
3552 2708 3657 2762 οὐκ

2072 2801 2427 2873 ἀνεχομένου.

2148 2896 2209 2949 Τί
2232 2909 2305 2947 σε
2326 2891 2634 2963 διαθῶμαι,
2672 2893 2953 2963 Ἐφραΐμ;
2995 2888 3345 2960 ὑπερασπιῶ
3367 2905 3504 2958 σου,
3546 2892 3659 2945 Ἰσ-

2063 2986 2251 3057 ραὴλ,
2273 2986 2331 3040 τί
2349 3001 2424 3040 σε
2456 2985 2675 3049 διαθῶ;
2703 2986 2783 3052 ὡς
2818 2983 3027 3054 Ἀδάμα
3049 2982 3309 3052 θήσομαί
3329 2998 3422 3046 σε,
3454 2982 3553 3035 καὶ
3575 2982 3657 3049 ὠς

2071 3077 2334 3147 Σεσοείμ.
2376 3075 2769 3145 Μετεστράρη
2796 3078 2833 3146 ἡ
2866 3074 3081 3142 καρδία
3096 3091 3237 3144 μου.
3275 3073 3371 3127 Ἑν
3388 3071 3466 3139 τῷ
3493 3073 3659 3139 αὐτῷ

2070 3169 2494 3239 συνεταράχθη
2530 3170 2568 3239 ἡ
2610 3168 2971 3239 μεταμέλειά
2993 3186 3135 3237 μου,
3177 3169 3249 3221 οὐ
3284 3167 3371 3237 μὴ
3421 3166 3661 3232 ποιήσω

379 3262 518 3313 iram
578 3258 784 3328 furoris
840 3260 961 3313 mei.
1022 3258 1148 3313 Non
1206 3261 1565 3332 derelinquam
1632 3274 1683 3316 ut
1730 3266 1965 3318 deleatur

2073 3262 2220 3317 κατὰ
2244 3262 2361 3330 τὴν
2388 3261 2577 3331 ὀργὴν
2618 3262 2727 3316 τοῦ
2762 3261 2952 3330 θυμοῦ
2973 3277 3115 3329 μου.
3168 3261 3249 3314 Οὐ
3291 3259 3377 3329 μὴ
3407 3261 3662 3329 ἐγκατα-

381 3350 663 3421 Epliraim,
691 3352 941 3422 quoniam
983 3349 1125 3406 Deus
1165 3369 1259 3424 ego
1298 3369 1439 3421 sum,
1480 3365 1529 3409 et
1563 3371 1666 3409 non
1694 3357 1869 3422 homo,
1912 3359 1967 3411 in

382 3455 430 3497 te
449 3453 684 3497 εακειιιε.

452 3530 668 3587 CXXX.
722 3532 983 3587 Adhibuit
1024 3533 1501 3604 reprehensiones,
1542 3533 1811 3603 iudicans,
1852 3545 1970 3591 0m-

381 3624 621 3679 uimodis
657 3623 723 3677 de
771 3635 971 3680 caetero
1010 3624 1151 3679 iram
1208 3627 1607 3682 inexorabilem
1653 3630 1705 3683 in
1738 3645 1830 3685 eos
1868 3645 1966 3685 ex-

382 3713 761 3785 promendam,
809 3724 866 3769 ut
912 3716 966 3770 in
1001 3719 1316 3785 sceleratos,
1346 3728 1401 3773 et
1436 3732 1599 3789 supra
1651 3723 1865 3777 modum
1911 3723 1966 3778 in

385 3808 552 3860 Deum
605 3806 821 3877 impios,
867 3816 928 3863 ut
985 3808 1162 3863 nullus
1204 3810 1377 3865 venia:
1413 3812 1633 3867 relictus
1673 3814 1746 3869 sit
1790 3814 1964 3871 locus.

384 3900 523 3966 Quia
569 3914 698 3954 vero
728 3902 901 3955 bonus
933 3909 1043 3966 est,
1084 3902 1517 3959 mansuetudinis
1551 3904 1674 3959 fons
1711 3912 1767 3961 et
1791 3906 1965 3975 origo,

377 4000 589 4044 motum
640 3990 978 4060 comprimit,
1030 4005 1135 4045 non
1184 4000 1242 4045 ut
1288 4002 1489 4060 praeter
1529 3994 1791 4048 rationem
1824 3990 1968 4049 {orte

372 4083 683 4135 excitatum
712 4098 777 4136 ex
807 4082 1223 4138 ratioeinatione
1254 4083 1491 4139 melioris
1517 4084 1801 4155 increpans
1832 4084 1965 4156 (non

386 4176 532 4229 enim
568 4176 860 4245 aliquando
886 4194 915 4231 a
951 4178 1382 4248 cogitationibus
1411 4192 1467 4236 et
1515 4181 1822 4237 actionibus
1862 4181 1967 4237 sibi

384 4270 975 4326 accommodatissimis
1017 4271 1200 4325 divina
1237 4281 1292 4327 et
1340 4274 1741 4344 inexplicabilis
1772 4286 1965 4331 natura

384 4358 714 4431 deﬂexerit),
766 4363 859 4416 sed
891 4363 1049 4432 quasi
1099 4365 1365 4419 cohibens
1403 4367 1548 4435 quod
1592 4367 1700 4423 illis
1743 4368 1963 4437 dignum

381 4465 520 4519 erat,
559 4465 611 4507 et
648 4454 942 4523 prohibens
989 4470 1055 4510 ex
1106 4455 1353 4524 leuitate,
1386 4460 1529 4527 quod
1573 4460 1647 4514 illi
1700 4460 1966 4530 imprimis

383 4549 761 4611 merebantur,
1000 4549 1103 4604 hoc
1141 4558 1248 4615 cst,
1276 4560 1335 4605 ut
1374 4551 1619 4620 perirent
1646 4554 1881 4622 penitus,
1910 4562 1965 4607 et

382 4637 548 4691 veluti
585 4639 651 4692 ab
696 4640 881 4693 radice
939 4640 1053 4708 ipsa
1096 4640 1557 4709 exstirparentur.
1612 4640 1819 4697 ldcireo
1864 4644 1962 4707 ait,

388 4748 405 4778 ε
447 4730 595 4796 Quid
628 4727 823 4785 faciam
859 4729 1000 4785 tibi?
1029 4749 1046 4783 ι
1076 4731 1191 4798 Qua
1218 4732 1326 4796 via,
1362 4731 1555 4803 inquit,
1589 4744 1710 4788 utar
1741 4734 1793 4789 in
1820 4750 1964 4790 com-

382 4823 644 4886 ponendis
697 4825 858 4878 rebus
892 4822 1041 4879 tuis‘i
1092 4823 1377 4893 Protegam
1412 4834 1485 4892 te,
1536 4835 1591 4880 et
1644 4840 1960 4881 succurram

386 4926 598 4979 rursus,
645 4923 702 4967 et
750 4914 978 4972 insidias
1031 4915 1420 4973 meditantibus
1484 4916 1959 4987 inexpugnabilem

386 5003 717 5057 ostendam?
765 5005 872 5062 Sed
907 5009 1181 5078 quomodo
1232 5009 1375 5065 i'stud
1424 5009 1562 5066 (iet?
1598 5010 1763 5067 Decet
1818 5011 1962 5066 enim

386 5091 569 5162 puniri
611 5095 781 5162 magis
842 5111 1001 5165 quam
1036 5102 1199 5155 rebus
1227 5103 1309 5155 .uti
1338 5101 1405 5157 ad
1440 5101 1767 5155 voluntatem
1792 5100 1963 5155 ﬂuen-

388 5184 557 5251 tibus,
588 5185 713 5253 quia
761 5194 900 5240 tetra
955 5191 1007 5243 in
1057 5192 1223 5245 Deum
1271 5192 1521 5249 facinora
1556 5195 1961 5249 consciverunt.

386 5271 571 5343 Itaque
604 5276 846 5331 tribuens
883 5280 980 5335 tibi
1014 5295 1112 5349 pro
1145 5283 1431 5354 dignitate,
1470 5296 1531 5342 et-
1560 5302 1724 5356 pares
1752 5289 1963 5345 delictis

390 5370 495 5423 tuis
520 5382 708 5437 pinnas
740 5369 1062 5439 decernens,
1100 5390 1119 5424 ι
1159 5384 1219 5428 ut
1243 5377 1451 5431 Adama
1476 5394 1685 5447 ponam
1719 5390 1792 5445 te,
1819 5390 1873 5436 et
1906 5391 1964 5436 ut

388 5450 629 5512 Seboim.
659 5476 676 5508 ι
707 5456 951 5513 Fuerunt
981 5461 1061 5515 ha:
1093 5464 1256 5519 urbes
1282 5464 1651 5533 Sodomiticre,
1671 5484 1806 5537 quas
1838 5485 1959 5525 cum

388 5548 522 5618 ipsis
566 5547 930 5604 fundamentis
983 5552 1121 5622 ignis
1155 5554 1293 5611 cmlo
1327 5555 1511 5628 lapsus
1552 5561 1853 5631 absumpsit
1888 5562 1952 5616 ³³.

456 5641 497 5675 ³⁸
526 5640 659 5701 Gen.
706 5659 819 5711 Xlx,
848 5642 938 5699 24.

2070 3358 2226 3411 λίπω
2258 3356 2366 3411 τοῦ
2404 3354 2836 3425 ἐξαλειφθῆναι
2872 3353 2979 3407 τὸν
3015 3353 3282 3422 Ἐφραῒμ,
3326 3352 3473 3405 διότι
3511 3351 3662 3419 Θεὸς

2069 3446 2182 3517 ἐγώ
2201 3449 2339 3516 εἰμι,
2366 3447 2463 3503 καὶ
2495 3448 2605 3500 οὐκ
2625 3445 2957 3513 ἅνθρωπος,
2989 3445 3060 3499 ὲν
3085 3444 3185 3498 σοὶ
3221 3445 3409 3514 ἅγιος.

2140 3538 2264 3594 PA’.
2316 3540 2644 3610 Προσήγαγε
2698 3538 2799 3601 τὰς
2859 3536 3117 3609 μέμψεις,
3179 3536 3541 3599 ὑποδεικνὺς,
3572 3536 3661 3591 ὅτι

2070 3631 2249 3701 πάντη
2286 3647 2347 3683 τε
2419 3630 2514 3683 καὶ
2573 3630 2793 3692 πάντως
2844 3630 3027 3691 αὐτοῖς
3080 3628 3511 3699 ἀποτομωτάτην
3547 3627 3661 3681 ἔδει

2068 3724 2257 3778 λοιπὸν
2285 3722 2643 3793 ἐπιφέρεσθαι
2669 3722 2766 3792 τὴν
2794 3722 2885 3792 ὀρ)
2899 3720 2963 3791 ὴν
2986 3720 3177 3773 ἀνόσια
3201 3719 3528 3791 πεπραχόσι,
3562 3720 3668 3775 acui.

2068 3815 2329 3871 ἐπέκεινα
2375 3815 2574 3886 μέτρου
2606 3814 2749 3867 κατά
2778 3813 2914 3866 θεοῦ
2945 3811 3414 3883 δεδυσσεϐηκόσιν,
3445 3811 3521 3875 ὡς
3547 3830 3667 3883 μη-

2067 3907 2262 3978 δεμιᾶς
2318 3905 2398 3959 ἔτι
2461 3905 2676 3975 φειδοῦς
2738 3905 2922 3967 αὐτοῖς
2973 3901 3379 3975 περιλελεῖφθαι
3430 3902 3662 3972 τρόπον.

2081 3998 2304 4070 Ἐπειδὴ
2335 3997 2393 4052 δέ
2416 3998 2565 4051 ἐστιν
2595 3996 2818 4066 ἀγαθὸς,
2851 3995 3188 4066 ἡμερότητος
3212 3994 3360 4065 πηγὴ
3384 3994 3477 4049 καὶ
3502 3994 3666 4063 γένε-

2069 4111 2176 4158 σις,
2213 4091 2511 4146 ἀνακόπτει
2541 4091 2603 4143 τὸ
2629 4090 2860 4160 κίνημα,
2896 4089 2995 4159 οὐχ
3022 4088 3097 4151 ὡς
3128 4088 3453 4157 παραλόγως
3492 4105 3663 4156 γεγοη

2066 4184 2180 4240 νότι
2208 4184 2368 4255 τυχὸν
2395 4184 2461 4237 ἐκ
2490 4181 2754 4252 λογισμοῦ
2793 4180 2885 4235 τοῦ
2923 4182 3232 4251 κρείττονος
3265 4179 3554 4248 ἐπιτιμῶν,
3592 4183 3662 4234 οὐ

2068 4278 2175 4348 γάρ
2222 4275 2288 4330 ἀν
2350 4276 2585 4347 ἁμάρτοι
2640 4273 2771 4328 ποτέ
2824 4273 2934 4328 τῶν
2990 4275 3129 4345 αὐτῇ
3188 4276 3664 4345 πρεπωδεστάτων

2066 4367 2305 4431 ἐννοιῶν,
2336 4368 2369 4439 ἢ
2401 4367 2733 4439 πράξεων,ἠ
2773 4364 2891 4418 θεία
2923 4382 2981 4417 τε
3012 4366 3105 4418 καὶ
3137 4366 3422 4437 ἄφραστος
3453 4366 3618 4435 φύσις
3643 4386 3661 4399 ο

2066 4459 2348 4529 ἀπείργων
2379 4458 2437 4511 δὲ
2464 4456 2654 4528 ὥσπερ
2694 4457 2756 4510 τὸ
2798 4456 2919 4511 κατ’
2949 4456 3128 4521 ἀξίαν,
3157 4459 3252 4510 καὶ
3288 4457 3666 4512 κατακωλύων

2066 4550 2125 4618 ἐξ
2162 4550 2499 4623 ἡμερότητος
2534 4550 2596 4603 τὸ
2625 4551 2706 4603 ὅτι
2746 4549 2981 4620 μάλιστα
3017 4549 3229 4620 πρέπον
3259 4549 3462 4613 αὐτοῖς,
3496 4566 3667 4602 τουτ-

1998 4606 2039 4660 D
2069 4606 2217 4705 έᾶτίξ
2386 4606 2621 4694 εἰσάπαν
2647 4606 2943 4706 ἀπιῦλειαν,
2969 4606 3075 4693 καὶ.
3097 4639 3157 4692 τὸ
3190 4641 3253 4692 ἐκ
3279 4606 3668 4713 ῥίζηςνῶσπερ

2069 4734 2241 4803 αὐτῆς
2264 4732 2729 4803 ἀναϐοθρεύεσθαι
2761 4732 2891 4785 δεῖν.
2933 4732 3205 4803 Ταύτῃτοξ
3244 4748 3413 4804 φησι·
3451 4732 3546 4785 «Τί
3595 4750 3664 4786 σε

2066 4806 2314 4891 διαθῶςι
2380 4826 2539 4896 Ποία,
2584 4825 2769 4894 φησὶν,
2818 4823 2922 4895 ὁδῷ
2970 4826 3244 4895 χρήσομαι
3296 4825 3363 4877 τὰ
3410 4824 3553 4879 κατά
3596 4826 3665 4879 σὲ

2068 4916 2370 4983 συντιθείς;
2432 4915 2790 4987 Ὑπερασπιῶ
2838 4931 2953 4979 σου,
3007 4916 3104 4969 καὶ
3158 4915 3421 4986 ἐπαμυνῶ
3467 4915 3660 4985 πάλιν,

2072 5009 2165 5063 καὶ
2186 5008 2674 5079 δυσκαταμάχητον
2698 5006 2968 5071 ἀποδείξω
2996 5009 3109 5068 τοῖς
3135 5005 3503 5059 ἐπιϐουλεύειν
3537 5004 3665 5058 ἐθεο

2069 5101 2289 5164 λουσιν;
2335 5098 2468 5154 Εἶτα
2506 5098 2625 5162 πῶς
2664 5097 2823 5151 τοῦτο
2850 5098 3180 5168 γενήσεταις
3218 5097 3424 5167 Πρέπει
3450 5095 3559 5166 γὰρ
3590 5096 3665 5149 ἂν

2070 5195 2131 5248 τὸ
2167 5192 2491 5258 κολάζεσθαι
2566 5191 2768 5262 μᾶλλον
2816 5190 2848 5259 ἢ
2892 5190 3206 5261 εὐημερεῖν,
3258 5193 3370 5252 τοῖς
3409 5188 3479 5242 τὰ
3509 5189 3668 5244 δεινά

2071 5286 2216 5341 κατά
2251 5284 2387 5339 Θεοῦ
2434 5283 2771 5353 δεδρακόσιν.
2818 5282 3029 5335 Οὐκοῦν
3061 5282 3351 5352 ἀπονέμων
3398 5282 3461 5335 τὸ
3521 5282 3669 5352 πρὸς

2071 5378 2247 5443 ἀξίαν,
2278 5378 2372 5431 καὶ
2399 5375 2756 5446 ἰσοστάθμους
2797 5377 2909 5437 τοῖς
2941 5373 3374 5445 πλημμελήμασι
3404 5376 3517 5436 τοῖς
3546 5376 3667 5437 σοῖς

2069 5468 2266 5540 ὁρίζων
2313 5468 2489 5531 δίκας,
2531 5486 2548 5518 ι
2575 5466 2649 5531 ὼς
2685 5464 2894 5535 Ἀδάμα
2930 5464 3166 5534 θήσομαι
3200 5481 3278 5527 σε,
3324 5465 3415 5518 καὶ¹
3445 5465 3520 5527 ὡς
3557 5464 3665 5516 Σε-

2066 5563 2243 5633 ϐοείμ,
2274 5582 2292 5614 ι
2328 5562 2517 5625 Πόλεις
2549 5560 2605 5613 δὲ
2631 5553 2792 5615 αῦται
2824 5557 3191 5627 Σοδομιτικαὶ,
3234 5558 3300 5622 ἃς
3332 5558 3523 5630 μέχρις
3555 5558 3666 5610 a6-
