3954 6208
138 495 239 552 275

1065 495 1618 558 COMMENTARIUS
1659 500 1723 555 lN
1763 501 1997 560 OSEAM
2039 506 2483 566 PROPHETAM.

3310 518 3424 571 27-5

137 617 249 670 τῶν
279 616 607 687 κατεδήδοκε
664 616 885 689 βάθρων
932 618 995 671 τὸ
1027 618 1355 677 καταϐαῖνον
1406 617 1537 687 πῦρ.
1586 617 1725 671 Ἀλλ’

1834 618 1940 673 Sed
1974 635 2151 689 neque
2193 622 2295 677 hoc
2320 622 2539 691 faciam,
2580 624 2779 696 inquit,
2810 645 3119 701 quanquam
3146 633 3262 688 fieri
3293 634 3414 703 jure

139 712 259 765 οὐδὲ
303 710 464 764 τοῦτο
496 710 705 780 δράσω,
751 711 912 782 φησὶ,
968 712 1146 765 καίτοι
1202 710 1455 779 γενέσθαι
1504 708 1727 773 δικαίως

142 804 371 872 ὀφεῖλον.
433 801 849 873 ’Υπεροήσομαι
899 803 957 856 δὲ
989 801 1519 874 (μεταϐεϐούλευμαι
1570 800 1725 871 γὰρ),

144 894 233 947 καὶ
254 894 352 947 οὐκ
378 894 641 965 ἀκράτοις
673 895 951 965 χρήσομαι
974 897 1087 958 τοῖς
1105 893 1316 965 Oetaei:
1350 894 1452 948 οὐκ
1484 893 1551 947 ἂν
1578 892 1726 960 δοίην

142 987 219 1049 εἰς
264 986 539 1055 ὲξάλειῲιν
579 986 843 1057 παντελῆ,
872 986 1050 1041 καίτοι
1079 986 1316 1056 πονηρὸν
1346 984 1608 1055 γεγονότα
1636 985 1726 1038 τὸν

156 1078 413 1148 Ἐφραῖμ.
444 1078 544 1131 Διὰ
588 1078 751 1131 ποίαν
784 1077 1006 1140 αἱτίαν;
1042 1077 1103 1131 ού
1133 1077 1244 1149 γὰρ
1277 1072 1419 1149 ἦσαν
1448 1075 1587 1141 ἄξιοι
1629 1074 1723 1128 τοῦ

145 1165 332 1217 παῦείν
373 1165 539 1231 αύτό;
565 1165 693 1230 Ναὶ,
736 1166 922 1237 φησὶν,
970 1165 1084 1220 ἀλλ’
1124 1166 1241 1237 εἰμὶ
1283 1165 1433 1229 Θεὸς,
1487 1164 1581 1219 καὶ
1626 1166 1726 1218 οὐκ

137 1256 444 1327 ἀνορωπος,
474 1257 674 1325 ἀγαθὸς
708 1256 971 1327 δηλονότι,
1007 1256 1104 1311 καὶ
1141 1257 1263 1328 οὐχὶ
1304 1260 1417 1321 τοῖς
1465 1257 1525 1322 ἐξ
1557 1256 1727 1329 ὀργῆς

141 1352 412 1419 κινήμασι
452 1351 801 1422 παραχωρῶν
830 1352 891 1405 τὸ
920 1352 1097 1422 νικᾷν,
1126 1348 1466 1421 ἀνθρώπινον
1518 1350 1626 1423 γὰρ
1664 1350 1727 1403 τὸ

135 1442 337 1494 τοιόνδε
390 1442 581 1507 πάθος.
624 1442 690 1496 Τί
720 1437 812 1499 οὖν
842 1443 921 1497 ἔτι
950 1444 1218 1509 κολάζεις,
1258 1444 1443 1513 φησὶν,
1484 1443 1641 1513 εἴπερ
1675 1437 1729 1497 εἴ

134 1533 265 1596 Θεὸς
307 1533 503 1604 όργαῖς
551 1534 627 1605 μὴ
686 1535 1077 1607 κρατούμενος,
1134 1534 1361 1605 ὲμφύτῳ
1416 1534 1472 1587 δὲ
1523 1533 1725 1604 μᾶλλον

135 1624 401 1696 ἑπόμενος
450 1625 778 1696 ήμερότητις
810 1623 1063 1689 Κολάξω,
1111 1626 1299 1697 φησὶνο
1351 1626 1467 1696 εἰμὶ
1515 1625 1622 1695 γὰρ
1662 1625 1722 1677 οὐ

137 1718 293 1787 μόνον
327 1716 555 1784 ἀγαθὸς,
579 1717 655 1780 ὡς
682 1717 813 1781 Sed;
835 1734 848 1749 ·
892 1717 1029 1779 ἀλλά
1055 1718 1190 1789 πρὸς
1220 1715 1393 1787 τούτῳ
1422 1716 1517 1769 καὶ
1548 1715 1723 1784 ἅγιος,

139 1807 309 1876 μισῶν
368 1808 622 1872 ἀδικίαςο
662 1810 1143 1879 ἀποστρεφόμενος
1199 1809 1323 1872 τοὺς
1376 1808 1721 1880 μμολυσμέσ

134 1911 287 1959 νους’
338 1897 777 1968 παραιτούμενος
818 1898 909 1951 τὸν
951 1898 1201 1969 Οεομισῆ,
1240 1898 1333 1951 κοιλ⁵
1373 1898 1723 1970 ἐπιστρέφων

1832 712 2096 779 deberet;
2142 713 2390 769 diﬂ'eram
2437 727 2661 773 autem:
2714 724 2917 777 mutavi
2963 741 3200 793 namque
3236 729 3416 782 consi-

1830 802 1983 868 lium,
2025 819 2126 868 nec
2175 821 2387 861 summa
2440 819 2563 865 utar
2610 812 2724 879 ira;
2761 830 2869 869 non
2920 816 3115 873 delebo
3165 833 3413 883 prorsus,

1828 896 2079 964 quamvis
2143 899 2412 966 pravitate
2472 915 2812 972 corruptum,
2872 908 3154 977 Ephraim.
3213 909 3416 976 Quam-

1827 986 2062 1042 obrcm?
2092 1004 2158 1043 an
2201 990 2303 1045 hoc
2347 990 2423 1045 illi
2457 1007 2562 1048 non
2610 996 3006 1053 merebantur?
3045 999 3411 1067 Merebantnr,

1830 1082 2029 1149 inquit,
2058 1082 2151 1138 sed
2180 1083 2323 1141 Deus
2351 1098 2495 1150 sum,
2530 1101 2637 1141 non
2674 1088 2867 1155 homo;
2918 1092 3088 1145 bonus
3128 1093 3411 1153 nimirum.

1830 1186 1928 1227 nec
1968 1172 2205 1227 motibus
2255 1174 2346 1229 ira:
2393 1176 2682 1231 victoriam
2731 1180 2950 1237 cedens.
2986 1182 3229 1238 Humana
3262 1186 3411 1238 enim

1826 1274 1911 1318 est
1938 1264 2061 1321 talis
2091 1266 2329 1323 ail‘cctio.
2370 1269 2512 1336 Quid
2539 1284 2667 1339 ergo
2700 1272 2857 1341 punis
2903 1275 3100 1341 adhuc,
3138 1277 3332 1346 inquit,
3366 1278 3413 1331 si

1831 1356 1970 1417 Deus
2000 1372 2084 1423 es,
2117 1368 2173 1413 et
2202 1360 2270 1415 ab
2307 1360 2386 1423 ira
2432 1378 2536 1418 non
2571 1366 2803 1430 teneris;
2846 1366 2939 1421 sed
2987 1366 3204 1420 insitam
3237 1371 3414 1435 potius

1828 1452 2305 1507 mansuetudinem
2332 1456 2581 1524 sequeris
2601 1457 2840 1524 ?‘Punio,
2872 1458 3046 1526 inquit
3078 1474 3093 1513 :
3128 1476 3246 1514 sunt
3271 1462 3443 1514 cnim--

1828 1555 1933 1597 non
1968 1550 2177 1596 tantum
2205 1544 2404 1610 bonus,
2432 1557 2489 1601 ut
2526 1547 2709 1615 Deus;
2743 1552 2837 1604 sed
2877 1561 3141 1618 praetcrea
3170 1562 3413 1614 sanctus,

1826 1631 1953 1684 odio
1978 1632 2187 1697 habens
2220 1634 2561 1704 iniquitates,
2600 1653 2862 1695 aversans
2887 1641 3223 1711 inquinatos,
3256 1659 3413 1712 repn-

1827 1723 1984 1778 dians
2028 1722 2121 1780 Dei
2162 1739 2355 1783 osorcs
2398 1718 2453 1781 et
2500 1738 2834 1789 convertens
2882 1744 3245 1799 peccatorctu,
3292 1750 3415 1800 pur-

1826 1830 1960 1886 gans
1994 1816 2292 1887 impurum,
2320 1830 2379 1881 ut
2414 1822 2545 1881 mibi
2579 1839 2769 1879 rursus
2804 1825 3124 1893 copuletur.
3157 1828 3413 1883 Commo-

1827 1907 1919 1963 dat
1954 1908 2116 1979 igitur
2147 1909 2305 1967 nobis
2352 1913 2613 1982 propheta
2673 1915 2992 1973 exclamans
3039 1927 3096 1972 et
3148 1919 3336 1974 dicens
3393 1938 3405 1974 :

136 1987 223 2041 τὸν
266 1989 574 2061 ἀλιτήριον,
620 1992 711 2046 καὶ
749 1992 1066 2063 διασμήχων
1104 1993 1163 2047 τὸ
1213 1992 1459 2062 βέϐηλον,
1502 1994 1587 2047 ἵνα
1635 2011 1724 2065 μοι

1836 2016 1856 2051 ι
1899 2000 2138 2067 Qna‘rile
2183 2003 2493 2069 Dominum,
2532 2016 2587 2061 ct
2627 2022 2750 2061 cum
2787 2008 3125 2075 inveneritis,
3166 2010 3411 2067 ilH'OCMt}

140 2081 294 2135 πάλιν
328 2084 693 2152 συνάπτηται.
725 2084 938 2152 Ὠφελεῖ
968 2084 1031 2154 δὴ
1053 2079 1146 2137 οὖν
1176 2085 1203 2137 ὁ
1236 2086 1525 2155 προφήτης
1554 2087 1722 2156 ἡμᾶς,

143 2174 530 2244 ἀνακεκραγιῖκ
552 2192 610 2228 τε
665 2175 761 2235 καὶ
782 2174 958 2243 λέγων
980 2192 993 2205 ⁸
1034 2194 1051 2229 ι
1073 2177 1352 2246 Ζητήσατε
1372 2176 1467 2229 τὸν
1498 2176 1720 2248 Κύριον,

146 2264 225 2315 καὶ
253 2265 311 2317 ὲν
353 2264 436 2333 τῷ
476 2264 753 2336 εὑρίσκειν
784 2265 968 2329 αὐτὸν,
1011 2265 1436 2331 ἐπικαλέσασθε,
1471 2267 1633 2337 ήνίκα
1676 2268 1723 2320 δ’

146 2354 197 2407 ἂν
220 2356 415 2429 ἐγγὶζῃ
448 2356 598 2427 ὑμῖν,
628 2356 941 2411 ἀπολιπέτω
961 2358 989 2409 ό
1011 2357 1213 2429 ἀσεϐής
1232 2358 1329 2422 τὰς
1354 2359 1505 2424 ὁδοὺς
1532 2360 1720 2427 αὑτοῦ,

146 2448 225 2499 καὶ
242 2447 383 2517 ἀνὴρ
408 2447 612 2517 ἄνομος
632 2448 729 2509 τὰς
758 2446 952 2521 βουλὰς
979 2447 1145 2501 αὐτοῦ
1164 2488 1178 2512 ,
1214 2448 1307 2507 καὶ
1333 2450 1724 2522 ἐπιστραφήτω

153 2537 268 2608 πρὸς
308 2536 544 2608 Κύριον,
582 2537 673 2591 καὶ
709 2538 1087 2610 ὲλεηθήσεται.
1114 2559 1132 2590 ι
1189 2540 1309 2611 Χρὴ
1338 2541 1445 2611 γὰρ
1473 2526 1642 2612 ἡμᾶς,
1674 2544 1723 2597 εἰ

154 2628 256 2695 περὶ
293 2627 496 2681 πολλοῦ
542 2629 847 2699 ποιούμεθα
887 2630 948 2682 τὸ
989 2626 1126 2685 εἶναι
1170 2633 1309 2702 μετὰ
1354 2631 1513 2697 θεοῦ,
1554 2634 1717 2687 παντὶ

147 2719 304 2773 εθένει
356 2721 747 2792 παραιτεῖσθαι
789 2722 850 2775 τὸ
894 2722 1257 2794 πλημμελεῖν,
1308 2724 1621 2796 μεμνῆσθαί
1662 2743 1722 2779 τε

143 2810 403 2875 λέγοντος
446 2813 661 2881 «Ἅγιοι
690 2813 902 2879 ἔσεσθε,
936 2813 1070 2868 διότι
1103 2813 1214 2884 ἐγὼ
1243 2813 1399 2884 ἅγιός
1439 2816 1555 2886 εἰμι
1601 2834 1620 2867 ι

205 2903 309 2956 Καὶ
346 2906 462 2957 οὐκ
500 2906 927 2975 εἰσελεύσομαι
964 2909 1054 2973 εἰς
1093 2908 1292 2961 πόλιν.
1335 2906 1557 2961 Ὀπίσω
1603 2910 1719 2963 Kr!-

143 2994 261 3060 plov
285 2996 685 3065 πορεύσομαι.

203 3088 372 3144 PAA'.
424 3088 735 3160 Ἐπιτρέχει
773 3089 883 3143 τῶν
928 3090 1100 3160 ἁγίων
1148 3089 1445 3163 προφητῶν
1489 3090 1600 3143 ἐσθ’
1630 3093 1719 3145 ὅτε

146 3177 221 3228 τὸν
243 3178 371 3231 νοῦν
404 3179 651 3248 ἀκριᾶῦς
680 3180 791 3233 τῶν
824 3181 1156 3253 ὲσομὲνωνή
1198 3182 1421 3250 γνῶσις,
1457 3183 1720 3253 ὲναστρά-

144 3286 354 3335 πτοντος
376 3271 436 3324 τδ
465 3272 655 3343 χρῆμα
688 3272 873 3335 αὐτοῖς
895 3272 989 3327 τοῦ
1026 3274 1182 3342 ἁγίου
1214 3273 1553 3341 Πνεύματος.
1584 3274 1709 3327 Τοι-

141 3365 317 3433 γάρτοι
354 3364 451 3417 καὶ
487 3364 690 3435 μεταξῦ
714 3364 823 3419 τῶν
858 3362 1002 3418 ἰδίων
1028 3364 1225 3433 λόγων,
1261 3366 1383 3435 ήτοι
1437 3365 1545 3418 τῶν
1574 3366 1715 3420 ἀνω-

141 3456 220 3508 Θεν
246 3458 347 3511 καὶ
403 3457 559 3528 παρὰ
588 3457 747 3519 θεοῦ,
798 3458 899 3521 τάς
929 3475 1092 3511 τινων
1126 3457 1239 3510 ἔσθ’
1286 3457 1376 3510 ὅτε
1413 3474 1719 3528 προανακε-

146 3548 371 3615 ιιράγασι
398 3546 607 3616 φωνὰς,
633 3548 664 3618 ἦ
713 3548 1135 3618 μετανοούντων,
1161 3549 1193 3619 ἦ
1224 3548 1715 3619 εύχαριστούντων,

143 3636 171 3707 ἢ
193 3638 651 3709 ἀνασκιρτῶντων
682 3639 769 3708 ἐφ’
791 3633 872 3702 οἷς
899 3640 965 3693 ἂν
992 3639 1191 3702 αὐτοὺς
1216 3638 1528 3709 εὐφραίνειν
1550 3641 1719 3706 ἐπαγ-

142 3727 385 3799 γέλληται
426 3729 580 3792 Θεός.
615 3730 896 3782 Τοιουτονί
942 3746 995 3782 τι
1054 3730 1295 3783 παθόντα
1350 3729 1445 3782 καὶ
1489 3728 1584 3782 νῦν
1628 3730 1719 3784 τὸν

146 3821 405 3891 μακάριον
447 3821 756 3891 εὑρήσομεν
812 3820 990 3891 Ὠσηὲ.
1048 3820 1106 3874 '0
1157 3821 1254 3891 μὲν
1292 3820 1400 3892 γὰρ
1432 3822 1541 3874 τῶν
1582 3821 1720 3875 ὅλων

144 3908 265 3967 Θεὸς
293 3913 611 3981 ὑπισχνεῖτο
659 3913 757 3982 τήν
799 3913 1135 3983 ἡμερότητα,
1190 3913 1284 3965 καὶ
1331 3914 1432 3966 οὐκ
1486 3914 1720 3968 εἰσάπαν

151 4002 372 4068 ιφασκεν
417 4006 761 4075 ὀλοθρεύσειν
808 4007 934 4068 τοὺς
973 4006 1382 4076 ἡμαρτηκότας,
1425 4006 1507 4058 ὅτι
1540 4022 1599 4057 τε
1633 4006 1720 4075 εἴη

158 4094 288 4159 εεδς,
310 4098 514 4165 ἀγαθὸς
535 4097 799 4167 δηλονότι,
834 4098 929 4151 καὶ
950 4098 1050 4151 οὐκ
1069 4097 1372 4167 ἄνθρωπος.
1400 4098 1476 4151 Οὐ
1504 4096 1614 4168 γάρ
1638 4115 1720 4151 τοι

164 4186 261 4239 καθ’
289 4190 435 4258 ἡμᾶς
480 4190 509 4241 ὁ
543 4188 682 4259 ὑπὲρ
725 4189 908 4241 πᾶσαν
946 4188 1046 4259 τήν
1088 4187 1288 4241 κτίσιν⁴
1332 4189 1395 4240 0i.
1429 4187 1487 4241 δὲ
1532 4186 1721 4257 ὥσπερ

168 4276 510 4343 ὶτ-εγνωκότες
541 4280 609 4332 τά
639 4281 815 4333 οἰκεῖα
848 4278 1320 4349 πλημμελήματα,
1357 4280 1453 4333 καὶ
1489 4296 1723 4349 κατερυ-

170 4367 394 4436 Op:qu
437 4373 545 4443 ἤδη
586 4390 707 4436 πως
734 4372 828 4425 ἐπὶ
856 4375 923 4442 τῇ
960 4372 1185 4443 πλείστῃ
1216 4388 1275 4424 τε
1327 4371 1422 4425 καὶ
1472 4371 1723 4441 ἀδοκήτῳ

168 4462 338 4529 χάριτι,
362 4465 689 4536 καταλήξειν
709 4464 1134 4533 ἐπαγγέλλονται
1158 4463 1267 4517 τῶν
1288 4463 1471 4532 σφίσιν
1490 4462 1723 4533 ἐξηυρη·

172 4554 338 4618 μένων,
370 4558 439 4609 δι’
470 4554 547 4610 ὧν
578 4557 671 4610 καὶ
701 4556 1198 4629 προσκεκρούκασι.
1249 4555 1359 4609 Καὶ
1392 4558 1519 4609 ποῖα
1552 4553 1724 4608 ταῦτά

1747 3315 1794 3377 C

1827 2102 1982 2157 eum;
2024 2105 2151 2149 cunt
2182 2100 2365 2151 autem
2402 2094 2921 2163 appt'opinquaverit
2959 2095 3132 2157 vobis,
3174 2097 3412 2151 derelin—

1827 2191 1956 2259 quat
1994 2182 2193 2252 itnpius
2230 2185 2345 2240 vias
2378 2199 2531 2253 suas,
2566 2194 2617 2240 ct
2654 2185 2736 2247 vir
2768 2185 2983 2256 iniquus
3029 2187 3255 2241 consilia
3288 2202 3411 2251 sua,

1826 2282 1882 2327 ct
1925 2284 2231 2329 revertatur
2262 2278 2330 2329 ad
2366 2276 2676 2342 Dominum,
2707 2287 2761 2334 ct
2805 2279 3232 2333 misericordiam
3279 2294 3412 2333 con-

1824 2376 2085 2434 sequetur
2111 2365 2177 2420 ³².
2218 2386 2238 2420 ι
2269 2368 2498 2439 Oportet
2519 2371 2663 2429 enim
2702 2386 2824 2435 nos,
2872 2371 2921 2426 si
2960 2373 3139 2442 magni
3172 2372 3409 2426 testium-

1826 2474 1949 2515 mus
1975 2474 2099 2515 esse
2132 2476 2253 2515 cum
2280 2462 2408 2527 Deo,
2440 2463 2565 2519 totis
2590 2463 2795 2519 viribus
2831 2464 3077 2533 refugere
3100 2480 3129 2519 a
3168 2475 3408 2533 peccato,

1824 2560 1879 2605 ct
1912 2553 2227 2609 meminisse
2258 2554 2489 2613 dicentis
2522 2572 2537 2609 :
2576 2573 2599 2607 ιν
2636 2555 2819 2611 Sancti
2837 2556 3012 2623 eritis,
3034 2558 3285 2625 qiwniam
3312 2572 3433 2628 ego~

1824 2651 2051 2698 sanctus
2078 2659 2198 2697 sum
2231 2644 2295 2698 ³³.
2337 2662 2356 2696 ι

1901 2907 1968 2961 Et
2024 2923 2127 2961 non
2171 2906 2446 2976 ingrediar
2492 2908 2546 2961 iu
2596 2908 2881 2969 civitatem.
2952 2909 3076 2965 Post
3125 2909 3413 2965 Dominum

1824 2999 2127 3054 ambulabo.

1893 3087 2136 3145 CXXXI.
2164 3088 2402 3145 lncnrrit
2425 3104 2813 3161 nonnunquam
2842 3092 2893 3146 itt
2926 3093 3165 3146 animum
3195 3101 3412 3147 sancto-

1824 3196 1941 3253 rum
1976 3182 2366 3251 propltetarum
2404 3180 2641 3250 perfecta
2673 3178 2976 3237 futurorum
3017 3183 3230 3244 notitia,
3265 3197 3397 3236 san-

1825 3286 1913 3331 cto
1942 3277 2148 3347 Spiritu
2170 3293 2293 3331 cutn
2332 3277 2454 3331 lucc
2481 3276 2715 3345 quadam
2739 3288 2851 3327 rem
2879 3271 2985 3326 illis
3023 3271 3411 3341 patefacieute.

1826 3369 2061 3423 Proinde
2091 3379 2145 3422 et
2178 3371 2229 3423 in
2262 3369 2441 3423 medio
2473 3382 2787 3422 sermonum
2822 3378 3066 3429 suorum,
3093 3362 3210 3418 sive
3244 3364 3409 3417 desu-

1826 3476 1923 3531 per
1959 3476 1988 3513 a
2028 3461 2135 3515 Deo
2167 3470 2548 3530 suggestorum
2578 3455 2939 3528 quorumdam
2972 3468 3135 3510 voces
3164 3454 3412 3523 aliquan-

1826 3553 1894 3607 do
1928 3562 2053 3606 ante
2101 3553 2477 3621 pronuntiant,
2512 3560 2606 3604 attt
2651 3546 3053 3618 pcenitentium,
3088 3555 3181 3599 ant
3209 3545 3413 3616 gratias

1826 3646 2125 3714 agentium,
2159 3654 2263 3697 aut
2287 3642 2688 3712 prosilientium
2715 3641 2782 3695 ad
2813 3654 2897 3705 ea,
2925 3638 3124 3708 quibus
3157 3637 3295 3692 Deus
3324 3637 3413 3691 la:-

1826 3738 2158 3791 tilicaturum
2186 3749 2245 3791 se
2269 3735 2388 3791 illos
2407 3734 2747 3806 promiserit.
2784 3731 3104 3803 Huiusmodi
3143 3730 3402 3800 quiddam

1826 3839 1881 3884 et
1915 3830 1965 3883 in
1992 3843 2231 3899 prmsens
2262 3829 2420 3884 beato
2441 3828 2597 3885 Osca:
2626 3824 2922 3895 contigisse
2955 3822 3115 3896 164
3141 3823 3407 3878 videmus.

1828 3923 1972 3978 Deus
2034 3923 2177 3978 enim
2224 3922 2605 3977 universorum
2646 3917 2988 3975 clementiam
3033 3914 3407 3986 pollicebatur,

1828 4014 2244 4084 aﬂirmabatque
2296 4023 2613 4083 peccatores
2655 4027 2760 4065 non
2813 4009 3059 4063 funditus
3088 4007 3411 4066 delcturum,

1829 4104 1973 4173 quod
2008 4103 2153 4158 Deus
2180 4110 2346 4167 esset,
2382 4102 2554 4156 bonus
2588 4100 2860 4162 videlicet,
2916 4112 3020 4150 non
3064 4095 3246 4148 homo.
3295 4093 3408 4146 Non

1828 4196 1972 4249 enim
2001 4194 2174 4249 nostri
2204 4192 2399 4247 similis
2427 4202 2532 4255 est,
2580 4190 2671 4259 qui
2712 4203 2926 4245 omnem
2964 4195 3273 4240 creaturam
3315 4199 3410 4238 su-

1829 4286 2191 4358 pergreditur.
2234 4283 2334 4339 Ast
2370 4283 2467 4348 illi,
2516 4291 2574 4335 ιιι
2613 4286 2976 4347 agnoscentes
3009 4285 3233 4347 peccata
3288 4290 3409 4337 sua,

1828 4388 1885 4431 et
1942 4373 2329 4430 erubescentes
2382 4368 2781 4441 quodammodo
2826 4381 2993 4436 super
3050 4365 3280 4436 plurima
3357 4375 3413 4417 ct

1831 4467 2122 4536 improvisa
2156 4465 2352 4534 gratia,
2382 4470 2697 4519 cessatores
2726 4474 2784 4515 se
2811 4457 3079 4529 spondent
3109 4457 3178 4511 ab
3216 4457 3413 4510 inven-

1835 4560 1901 4614 tis
1932 4558 2047 4614 suis
2081 4558 2278 4628 quibus
2305 4556 2472 4611 Deum
2503 4554 2867 4610 oﬂ'cnderunt.
2898 4552 3031 4619 Qua:
3067 4565 3231 4621 porro
3266 4549 3414 4604 ista?

170 4646 282 4708 ἐστι,
311 4649 374 4700 δι’
398 4648 568 4702 αὐτοῦ
592 4649 754 4702 πάλιν
776 4649 925 4719 ἡμᾶς
950 4647 1046 4701 τοῦ
1064 4648 1342 4718 προφήτου
1371 4645 1550 4716 πεπλη
1561 4646 1722 4716 ροτρό-

1835 4650 2049 4706 Rursus
2092 4664 2189 4719 per
2242 4652 2420 4719 ipsum
2472 4646 2793 4718 prophetam
2841 4643 2999 4713 plene
3047 4642 3206 4696 docet
3252 4642 3410 4695 Deus.

171 4755 314 4805 ρηκεν
338 4741 366 4793 ό
388 4741 542 4805 Θεὸς.
572 4742 717 4811 Ἔφη
748 4742 858 4812 γὰρ
893 4743 951 4793 ὲν
978 4742 1090 4803 τοῖς
1115 4740 1292 4792 ὀπίσω
1322 4738 1517 4811 βραχὺ,
1546 4739 1637 4793 τόν
1664 4756 1725 4792 τε

182 4828 353 4883 Ἰούδαν
413 4834 597 4896 αὐτόν,
626 4835 720 4889 καὶ
767 4834 859 4886 τὸν
909 4831 1151 4904 Ἐφραῖμ
1176 4830 1519 4901 αἰτιώμενος
1557 4850 1576 4884 ί
1617 4832 1729 4886 καὶ

176 4918 436 4977 ἐξελάθετο
478 4925 695 4995 Ἰσραὴλ
750 4924 843 4978 τοῦ
894 4926 1224 4995 ποιήσαντος
1255 4924 1437 4985 αὐτὸν,
1470 4923 1564 4975 καὶ
1588 4924 1731 4993 (Enco—

177 5007 345 5083 ὥμήσε
386 5016 613 5085 τεμένη,
651 5018 745 5073 xei.
785 5016 989 5080 Ἰούδας
1015 5015 1295 5092 ἐπλήθυνε
1330 5013 1515 5077 πόλεις
1553 5031 1728 5068 τετει-

182 5108 434 5173 χισμένας.
470 5110 582 5163 Καὶ
621 5108 907 5162 ἀποστελῶ
938 5108 1050 5179 πῦρ
1080 5108 1175 5162 ἐπὶ
1202 5106 1302 5168 τὰς
1329 5106 1511 5170 πόλεις
1538 5106 1729 5170 αὐτοῦ,

175 5196 243 5247 11‘:
271 5202 647 5269 καταφάγεται
695 5202 764 5255 τὰ
820 5200 1049 5271 θεμέλια
1096 5200 1338 5254 αὐτῶν.»
1388 5199 1446 5251 Ὀ
1495 5196 1595 5268 μὲν
1624 5198 1730 5265 γὰρ

183 5283 415 5361 Ἐσραῒμ,
447 5294 616 5363 ήγουν
637 5296 667 5349 ὸ
698 5294 936 5365 Ἰσραὴλ,
966 5293 1206 5363 βωμοὺς.
1233 5292 1328 5346 καὶ
1357 5290 1558 5361 τεμένη
1589 5290 1734 5345 κατὰ

174 5378 245 5445 τὴν
281 5382 598 5454 Σαμάρειαν
659 5387 774 5448 τοῖς
812 5383 1053 5449 εἰδώλοις
1094 5382 1520 5453 ἀναδειμάμενοι
1543 5424 1556 5447 ,
1600 5399 1737 5435 κατ·-

174 5466 375 5527 ιὶιὶισθον
414 5479 495 5539 εἰς
526 5475 1204 5545 ἀπόστασινέὲπελάθοντο
1219 5474 1313 5528 τοῦ
1342 5474 1499 5537 Θεοῦ,
1518 5474 1612 5527 καὶ
1638 5473 1739 5545 τῆς

177 5560 235 5621 εξ
284 5567 444 5619 αὑτὸν
491 5570 721 5640 ἀγάπης
776 5568 839 5622 τὸ
903 5571 1127 5639 γνήσιον
1180 5568 1394 5631 οὐδενὸς
1458 5566 1739 5631 ἀξιοῦντες

177 5646 329 5719 λέγον,
357 5661 788 5730 παροτρύνοντες
809 5662 1098 5715 διετέλουν.
1117 5659 1316 5722 Ἰούδας
1346 5658 1403 5711 δὲ
1432 5655 1524 5721 αὖ,
1560 5656 1737 5711 καίτοι

176 5750 469 5813 rem-.063;
503 5753 601 5805 ἐπὶ
634 5752 712 5825 τῷ
745 5753 887 5821 Θεῷ,
924 5753 1066 5807 κατά
1098 5753 1222 5816 τοὺς
1261 5748 1468 5805 ἄνωθεν
1502 5747 1581 5800 ἔτι
1612 5748 1738 5818 χρό-

231 5924 381 5980 "lsi.
416 5945 502 5997 ιν,
539 5930 592 5998 6,
630 5930 684 5985 7.
765 5930 807 5960 ³³
836 5928 1005 5984 [λοι-ξι.
1041 5942 1117 5994 xt,
1146 5927 1233 5981 t5.
1316 5928 1356 5958 "
1383 5928 1505 5983 Οεε.
1542 5938 1658 5992 vnt,
1704 5922 1786 5976 14.

1827 4744 1919 4799 Ait
1954 4743 2097 4797 enim
2126 4742 2284 4813 paulo
2314 4756 2499 4812 supra,
2527 4738 2722 4795 Judam
2746 4747 2802 4794 et
2823 4736 3079 4806 Ephreim
3108 4746 3371 4788 accusans
3397 4752 3411 4787 :

1832 4855 1851 4889 ι
1883 4834 2095 4891 Oblitus
2119 4843 2204 4888 est
2236 4834 2402 4888 lsrael
2434 4832 2657 4887 factoris
2692 4831 2797 4896 sui,
2827 4838 2881 4884 ct
2914 4826 3204 4881 aediﬁcavit
3241 4825 3399 4877 delu-

1830 4929 1951 4993 bra,
1978 4934 2032 4981 et
2054 4925 2220 4981 ludas
2268 4924 2654 4994 multiplicavit
2684 4923 2846 4975 urbes
2888 4927 3150 4973 moratas.
3179 4917 3239 4970 Et
3288 4917 3416 4970 mit-

1838 5029 1946 5073 tam
2003 5018 2185 5088 igncm
2226 5017 2281 5071 in
2334 5015 2587 5070 civitates
2621 5014 2757 5083 ejus.
2806 5022 2861 5065 et
2902 5008 3187 5065 devorabit
3225 5008 3417 5064 funda-

1837 5119 2017 5164 menta
2054 5108 2266 5162 illarum
2288 5106 2389 5157 “.t
2422 5104 2676 5174 prraim
2705 5103 2871 5166 enim,
2902 5103 3016 5157 sive
3044 5101 3229 5166 Israel,
3258 5111 3412 5171 post-

1837 5215 1998 5271 quam
2029 5214 2153 5253 aras
2187 5208 2241 5253 et
2278 5196 2400 5251 fana
2454 5196 2612 5251 idolis
2640 5197 2692 5250 in
2737 5195 2983 5250 Samaria
3031 5195 3415 5260 exatdiﬁcavit,

1840 5294 2021 5362 lapsus
2050 5290 2212 5345 estin
2242 5289 2596 5358 apostasiam,
2639 5288 2840 5344 oblitus
2870 5297 2951 5342 est
2995 5287 3111 5352 Dei,
3146 5296 3200 5342 et
3239 5288 3421 5341 charis

1838 5396 2001 5441 talem
2050 5400 2178 5455 erga
2225 5383 2375 5438 illum
2425 5382 2848 5452 ﬂoccipeudeus,
2890 5381 3110 5435 irritare
3156 5378 3408 5431 eumdem

1837 5493 1941 5532 non
1981 5477 2164 5532 desiit.
2209 5474 2376 5532 ludas
2410 5488 2594 5544 porro,
2635 5472 2888 5545 quamvis
2935 5473 2987 5528 in
3028 5472 3137 5526 Deo
3178 5468 3418 5523 conlide-

1836 5577 1917 5623 ret
1958 5582 2056 5639 pro
2103 5565 2495 5623 consuetudine
2536 5565 2880 5636 superiorum
2934 5571 3257 5629 temporum,
3293 5556 3417 5623 qui-

1838 5661 1939 5714 bus
1967 5659 2035 5714 ab
2068 5659 2186 5729 ipso
2217 5666 2274 5713 et
2311 5656 2627 5728 peripsum
2662 5662 2909 5712 servatus
2944 5651 3145 5711 fuerat,
3174 5646 3239 5699 ad
3280 5646 3415 5699 iram

1840 5760 2019 5807 tamen
2073 5750 2255 5807 multis
2283 5759 2339 5807 et
2385 5750 2505 5806 aliis
2550 5747 2724 5805 modis
2752 5761 2875 5801 eum
2916 5739 3265 5812 provocabat,
3314 5736 3419 5792 hoc
