3898 6212
480 537 589 591 275

1511 537 1569 593 S.
1611 536 1884 595 CYlllLLl
1924 539 2393 596 ALEXANDRINI
2430 540 2749 599 ARClllEl’.

3637 533 3757 595 εἶδ’

487 664 594 703 uno
626 656 806 704 autem
842 648 1133 719 pmcipue.
1167 647 1300 702 Nam
1340 664 1460 703 cum
1490 650 1629 706 Deus
1656 653 1887 707 minatus
1928 653 2059 709 fuis-

2181 674 2287 719 ρους
2318 658 2445 727 παρ’
2480 656 2643 710 αὑτοῦ
2668 673 2725 707 τε
2780 654 2873 707 καὶ
2915 654 2981 706 δι’
3027 651 3190 706 αὐτοῦ
3230 650 3550 720 σωζόμενοι,
3610 666 3747 703 κατ-

490 747 594 803 set,
624 740 912 792 missurum
953 754 1012 792 se
1046 738 1175 808 ipsis
1200 739 1504 809 Assyrium,
1530 740 1619 808 qui
1646 748 1847 795 terram
1878 751 2057 796 vasta-

488 838 593 895 ret,
630 830 792 885 urbes
814 845 939 884 suas
976 830 1296 884 instauratis
1333 832 1603 886 inmitibus
1635 834 2060 899 communiebat,

496 931 668 983 ratus,
705 921 813 975 Deo
856 922 1108 990 quamvis
1142 919 1377 985 nolente,
1428 922 1667 976 bonitate
1706 924 1964 977 tnmnium
2006 939 2064 979 se

490 1011 697 1065 salvum
730 1021 784 1066 et
816 1014 883 1065 ab
930 1013 1355 1081 oppugnantium
1394 1014 1599 1069 viribus
1640 1014 1899 1069 invictum
1927 1015 2062 1073 fore.

492 1104 676 1173 Itaque
717 1105 823 1158 Deo
858 1106 996 1159 bona
1030 1120 1093 1159 ex
1146 1107 1561 1159 mansuetudine
1611 1108 1977 1176 promittente,
2012 1118 2066 1162 et

490 1197 845 1251 vehementer
867 1197 1230 1261 olleuderunt,
1264 1208 1316 1251 et
1344 1197 1646 1252 conservati
1679 1198 1892 1261 deinde,
1931 1212 1959 1249 a
1990 1198 2065 1249 ra-

492 1287 595 1342 ctis
658 1286 816 1341 simul
868 1297 923 1339 et
993 1287 1235 1341 consiliis
1288 1287 1548 1357 improbis
1600 1302 1722 1342 sese
1786 1288 2067 1355 quieturos

493 1380 666 1434 aiunt.
718 1378 858 1445 Quin
911 1378 1074 1432 etiam
1115 1378 1311 1433 clamet
1358 1378 1542 1443 ludas,
1583 1395 1603 1428 ι
1650 1393 1754 1431 non
1796 1378 2070 1448 ingrediar

493 1472 548 1529 in
582 1474 882 1537 civitatem,
926 1490 945 1524 ο
983 1474 1082 1527 hoc
1111 1481 1216 1535 est,
1251 1486 1464 1524 murum
1498 1470 1706 1524 habebo
1747 1468 1937 1535 Deum,
1983 1484 2068 1524 se-

495 1563 804 1627 curitatem,
837 1572 893 1618 et
936 1573 1201 1629 tutamen,
1238 1571 1291 1615 et
1339 1575 1489 1632 spem
1522 1561 1574 1615 in
1606 1560 1779 1626 ipsum
1821 1560 1951 1614 mihi
1989 1560 2069 1614 fa-

492 1653 667 1719 ciam,
706 1653 806 1708 sub
850 1651 1119 1707 servantis
1179 1650 1457 1705 dexteram
1496 1649 1782 1705 succedam
1807 1689 1824 1715 ,
1868 1651 1983 1719 ipse
2016 1658 2070 1703 et

496 1746 644 1801 solus
691 1746 756 1799 ad
815 1744 1042 1799 salutem
1081 1743 1213 1799 mihi
1270 1741 1518 1807 sulliciet,
1553 1742 1713 1798 inane
1769 1752 1823 1797 et
1880 1741 2071 1797 inutile

494 1851 717 1905 prorsus
744 1835 1060 1899 conﬁtebor,
1089 1844 1425 1903 exspectare,
1456 1832 1674 1903 quando
1712 1833 1854 1889 bello
1898 1834 2071 1902 regio-

500 1944 622 1983 nem
658 1929 987 1997 pervadente
1013 1929 1067 1982 in
1104 1929 1292 1981 urbem
1319 1926 1596 1996 ingressus
1621 1925 1911 1981 salvandus
1945 1927 2069 1981 sim.

2166 742 2364 814 έθηγον
2411 745 2489 807 εἰς
2518 743 2708 815 ὀργάς,
2761 740 2903 795 κατὰ
2944 742 3171 803 πολλοὺς
3232 741 3328 810 μὲν
3380 739 3475 792 καὶ
3520 738 3748 809 ἐτέρους

2164 835 2415 905 τρόπους,
2459 836 2691 904 μάλιστα
2718 835 2773 888 δὲ
2802 834 2870 887 δι’
2894 834 3011 897 ἐνὸς
3035 831 3246 885 τούτου.
3288 830 3422 884 Θεοῦ
3453 829 3562 900 γὰρ
3594 831 3751 899 ἠπει-

2165 925 2389 993 ληκότος
2421 926 2750 995 ἐπιπέμψειν
2781 925 2960 986 αὐτοῖς
2985 923 3075 975 τὸν
3106 922 3387 993 Ἀσσύριον
3412 920 3748 990 ἁφανιοῦντα

2165 1014 2263 1086 τὴν
2290 1016 2411 1086 γῆν,
2444 1016 2744 1085 ἀνετείχιζε
2790 1014 2887 1079 τὰς
2926 1013 3118 1068 ἑαυτοῦ
3164 1014 3367 1077 πόλεις,
3410 1012 3631 1083 οἰηθεὶς,
3661 1013 3747 1063 ὅτι

2167 1110 2269 1161 κᾶν
2303 1110 2349 1161 εἰ
2383 1110 2457 1179 μὴ
2500 1108 2741 1179 βούλοιτο
2789 1108 2941 1173 Θεὸς,
2982 1110 3048 1179 τῇ
3089 1107 3197 1160 τῶν
3251 1107 3459 1159 πόλεων
3500 1106 3753 1176 εύτειχία.

2170 1198 2494 1270 σωθήσεται,
2517 1201 2608 1254 καὶ
2637 1200 2734 1270 τῆς
2758 1199 2850 1251 τοῦ
2882 1198 3192 1269 μαχομένου
3225 1196 3509 1265 περιέσται
3540 1197 3750 1266 χειρός.

2168 1292 2375 1345 Οὐκοῦν
2393 1292 2859 1361 ἐπαγγελλομένου
2876 1290 3009 1345 Θεοῦ
3028 1291 3095 1345 τά
3119 1290 3177 1355 ἐξ
3192 1289 3527 1361 ἡμερότητος
3544 1287 3749 1355 ἀγαθά,

2168 1385 2262 1438 καὶ
2291 1385 2352 1438 οὐ
2383 1385 2621 1456 μετρίως
2648 1381 3141 1455 προσκεκρουκόσι,
3179 1382 3272 1433 καὶ
3303 1380 3456 1432 αὐτοὶ
3483 1379 3670 1432 λοιπὸν
3701 1380 3755 1431 οί

2170 1475 2468 1548 σωζόμενοι
2499 1476 2605 1531 τῶν
2638 1477 2854 1529 ἀτόπων
2898 1473 3316 1546 ἐγχειρημάτων
3348 1488 3406 1524 τε
3450 1470 3609 1540 ὁμοῦ,
3654 1470 3753 1521 καὶ

2173 1568 2271 1639 μέν
2308 1585 2389 1621 τοι
2424 1568 2514 1621 καὶ
2544 1567 2925 1639 βουλευμάτων
2947 1561 3369 1619 άποπαύσασθαί
3396 1574 3551 1630 φασι·
3574 1561 3668 1614 καὶ
3683 1560 3750 1613 δὴ

2169 1660 2264 1713 καὶ
2289 1658 2465 1730 βοάτω
2492 1658 2589 1729 μὲν
2626 1657 2824 1719 Ἰούδας
2851 1673 2865 1688 ο
2901 1674 2919 1706 ι
2944 1655 3058 1708 Οὐκ
3092 1650 3469 1721 εἰσελεύσομαι
3520 1652 3603 1713 εἰς
3650 1649 3751 1702 πό-

2169 1752 2274 1815 λιν,
2299 1771 2317 1803 »
2351 1752 2618 1815 τουτέστι,
2668 1751 2859 1820 Τεῖχος
2901 1747 3009 1811 ἔξω
3050 1744 3204 1799 Θεόν·
3246 1742 3549 1812 ἀσφάλειαν
3592 1740 3750 1809 ποιή-

2173 1862 2337 1915 σομαι
2364 1844 2463 1915 τὴν
2501 1844 2580 1906 εἰς
2612 1842 2773 1897 αὐτὸν
2811 1841 3021 1905 ἐλπίδα,
3052 1838 3151 1910 τὴν
3180 1837 3273 1890 τοῦ
3304 1835 3568 1900 σώζοντος
3618 1833 3751 1885 ὑπο-

2171 1934 2484 2005 δραμοῦμαι
2524 1932 2727 1999 δεξιάν.
2788 1932 2961 1995 Αὐτὸς
3021 1929 3266 2000 ἀρκέσει,
3326 1926 3421 1981 καὶ
3476 1925 3637 1995 μόνος
3675 1922 3752 1984 εἰς

495 2021 682 2091 Itaque
718 2036 823 2076 non
861 2018 1135 2089 ingrediar
1166 2019 1218 2073 in
1241 2017 1540 2073 civitatem.
1569 2015 1731 2073 Israel
1770 2032 1933 2088 porro
1960 2018 2073 2073 sive

2181 2024 2453 2095 σωτηρίαν
2491 2025 2636 2093 ἐμοί.
2706 2024 2928 2076 Εἰκαῖον
2978 2020 3301 2090 ὁμολογήσω
3345 2018 3439 2070 καὶ
3480 2016 3755 2088 ἄχρηστον

494 2109 751 2179 Ephraim
800 2120 991 2165 contra
1027 2107 1255 2162 alterum
1312 2107 1438 2161 illud
1487 2107 1806 2177 proclamet,
1852 2121 2066 2176 nempe,

506 2222 522 2251 ι
555 2210 675 2268 post
712 2200 997 2254 Dominum
1031 2198 1340 2253 ambulabo.
1377 2216 1396 2248 ι
1432 2197 1826 2265 Supersedebo,
1872 2198 2067 2268 inquit,

496 2290 743 2360 antiquis
787 2291 1128 2355 criminibus,
1162 2291 1215 2344 in
1260 2290 1497 2345 futurum
1542 2290 1634 2345 Dei
1680 2289 1822 2361 leges
1850 2303 2068 2357 sequar,

500 2380 690 2434 ducem
720 2379 853 2435 mihi
891 2380 1265 2435 universorum
1300 2380 1466 2436 Deum
1499 2381 1747 2452 deligam.
1778 2381 1855 2435 Ac
1882 2380 1926 2434 si
1956 2380 2076 2448 quis

496 2471 893 2542 beneplacitum
920 2472 1014 2528 Dei
1045 2485 1427 2545 persequatur,
1466 2476 1623 2544 plane
1653 2483 1705 2529 et
1737 2474 1912 2544 ipsum
1940 2474 2074 2529 sciet

492 2563 688 2629 solum,
729 2573 784 2618 et
815 2566 990 2620 eidem
1025 2567 1233 2621 cultum
1265 2566 1563 2631 adhibebit,
1612 2564 1888 2633 aliumque
1930 2578 2065 2633 prae.

494 2667 641 2710 terea
678 2657 949 2711 neminem
990 2658 1258 2714 adorabit.

2174 2112 2453 2177 παντελῶς
2486 2111 2547 2166 τὸ
2575 2112 2877 2183 προσδοκᾷν
2910 2111 3013 2176 ὅτι,
3039 2109 3287 2179 ’πολέμου
3317 2106 3414 2177 τὴν
3444 2106 3547 2175 γῆν
3584 2121 3758 2157 κατα-

2176 2205 2411 2268 οέοντος,
2436 2202 2691 2256 εἰσελθὼν
2731 2204 2811 2266 εἰς
2843 2202 3018 2265 πόλιν,
3057 2198 3394 2269 σωθήσομαι.
3427 2192 3638 2249 Οὐκοῦν
3659 2190 3763 2245 οὐκ

2180 2289 2558 2360 εἰσελεύσομαι
2605 2291 2686 2353 εἰς
2728 2289 2903 2342 πόλιν.
2968 2287 3186 2359 Ἰσραὴλ
3217 2288 3274 2341 δὲ
3306 2285 3489 2346 πάλιν,
3530 2284 3703 2353 ἣγουν
3736 2284 3766 2333 ὁ

2188 2379 2448 2451 Ἑφραϊμ,
2508 2381 2861 2451 ἁναφωνείτω
2894 2380 2955 2433 τὸ
3002 2380 3211 2449 ἕτερον.
3263 2378 3336 2431 Τὸ
3382 2376 3440 2429 δέ
3492 2376 3631 2435 ἐστι,
3702 2372 3769 2425 τὸ

2182 2472 2429 2526 «Ὀπίσω
2486 2474 2694 2545 Κυρίου
2750 2473 3159 2543 πορεύσομαι.»
3245 2465 3769 2534 ’Λποπεπαύσομαι,

2175 2565 2331 2636 φησὶ,
2361 2565 2469 2619 τῶν
2502 2566 2744 2634 ἀρχαίων
2789 2564 3153 2635 αἰτιαμάτων.
3202 2561 3401 2615 Λοιπὸν
3436 2562 3547 2621 τοῖς
3593 2558 3773 2619 Ozias;

2174 2657 2376 2727 ἕψομαι
2410 2656 2612 2727 νόμοις.
2644 2656 2979 2726 Καθηγητὴν
3024 2655 3320 2726 ποιήσομαι
3352 2652 3443 2705 τὸν
3487 2651 3598 2703 τῶν
3624 2651 3774 2702 ὅλων

488 2750 643 2805 Θεόν.
677 2752 737 2805 Εἰ
770 2751 826 2805 δὲ
854 2752 918 2823 δή
945 2770 1025 2816 τις
1057 2753 1126 2805 ἴοι
1158 2752 1293 2821 πρὸς
1337 2751 1399 2805 τὸ
1442 2750 1635 2804 δοκοῦν
1681 2749 1822 2820 Θεῷ,
1875 2750 2094 2814 πάντως
2169 2769 2303 2817 που,
2357 2753 2449 2803 καὶ
2498 2752 2659 2804 αὐτὸν
2705 2752 2911 2804 εἴσεται
2964 2752 3143 2823 μόνον.
3185 2748 3345 2819 Αὐτῷ
3384 2765 3444 2801 τε
3484 2746 3545 2799 τὸ
3596 2744 3776 2809 σέϐας

490 2842 707 2912 ἀνάψει,
742 2844 1111 2915 προσκυνήσει
1143 2861 1203 2896 τε
1240 2844 1426 2916 ἕτερον
1458 2844 1588 2913 παρ’
1609 2843 1770 2897 αὑτὸν
1796 2842 2074 2906 παντελῶς
2111 2844 2321 2899 οὐδένα.

567 2959 725 3030 165
745 2959 905 3016 Vens.
930 2963 1017 3027 l0,
1034 2962 1119 3017 1-1.
1148 2961 1293 3015 Sicut
1308 2962 1386 3015 leo
1405 2962 1594 3031 rugiet,
1624 2963 1745 3029 quia
1761 2960 1867 3029 ipse
1886 2960 2074 3029 rugiet,

2259 2965 2354 3030 Ὧς
2395 2964 2552 3019 λέων
2596 2964 2928 3033 ἑρεύξεται,
2961 2962 3050 3016 ὅτι
3094 2961 3276 3026 αὐτὸς
3308 2959 3631 3028 (ἱδρύσεται,
3669 2956 3776 3011 καί

494 3060 541 3102 ιι
573 3053 849 3119 stupebant
874 3053 973 3121 ﬁlii
1017 3052 1614 3121 aquarum.Avolabunt
1657 3053 1807 3120 quasi
1848 3052 1957 3105 avis
2008 3066 2074 3105 ex

2181 3055 2577 3121 ἐκστήσονται
2644 3056 2825 3107 τέκνα
2883 3053 3138 3107 ὑδάτων.
3190 3050 3637 3117 Ἐκπτήσονται
3690 3050 3779 3114 ὡς

494 3142 753 3213 Λῐρῃριο,
772 3154 818 3199 et
840 3146 996 3215 quasi
1022 3146 1262 3199 columba
1288 3161 1351 3199 ea;
1377 3153 1515 3199 terra
1535 3145 1890 3214 Assyriorum.
1914 3141 1980 3197 Et
2004 3158 2080 3196 re-

492 3236 710 3290 stituant
737 3237 875 3305 ipsos
902 3238 954 3291 in
977 3237 1160 3292 domos
1190 3254 1338 3303 suas,
1365 3238 1488 3292 dicit
1516 3236 1795 3292 Dominus.

563 3435 827 3493 CXXXII.
884 3438 1018 3493 Cum
1072 3438 1183 3509 jam
1230 3439 1445 3495 adesset
1508 3447 1721 3510 tempus
1769 3439 2072 3507 dellnitum,

495 3544 607 3595 quo
661 3529 976 3599 captivitate
1022 3531 1159 3585 solvi
1209 3529 1465 3587 lsraelem
1519 3532 1820 3601 Oportebat,
1880 3530 2075 3601 Cyrus,

496 3619 780 3689 Cambysae
819 3620 986 3686 ﬁlius,
1022 3622 1309 3677 Persarum
1350 3624 1736 3692 Medorumque
1790 3623 2076 3691 imperium

496 3712 744 3777 sortitus,
776 3726 899 3767 cum
930 3714 1171 3768 exercitu
1207 3714 1409 3784 ingenti
1459 3724 1510 3767 et
1549 3714 1784 3783 potentia
1829 3716 2079 3770 inexora-

499 3804 590 3859 bili
620 3804 947 3877 Babylonem
982 3806 1149 3874 ipsam
1182 3816 1235 3861 et
1271 3809 1571 3877 Assyriam,
1607 3809 1713 3861 Deo
1740 3808 1806 3860 ad
1856 3808 1958 3863 hoc
1984 3822 2079 3863 ex-

498 3896 721 3961 citante,
760 3898 972 3966 irrupit.
1009 3898 1188 3966 Quare
1216 3900 1475 3967 propheta
1507 3898 1778 3953 Jeremias
1823 3916 2079 3968 praenun-

502 3988 645 4042 Iians
676 3988 1006 4060 Babylonem
1040 3991 1380 4061 capiendam,
1414 3992 1480 4046 de
1506 3990 1674 4045 Medis
1705 4001 1757 4047 et
1780 3991 1961 4047 Persis
2007 3993 2081 4046 ita

498 4080 762 4149 loquitur:
798 4098 819 4133 ι
848 4079 1104 4135 lnvadent
1136 4092 1207 4145 te.
1240 4092 1294 4137 et
1321 4083 1578 4151 capieris,
1611 4082 1874 4153 Babylon,
1895 4091 1950 4136 et
1973 4097 2080 4135 non

500 4173 868 4243 cognosceris.
906 4173 1126 4229 Iuventa
1159 4189 1240 4238 es,
1266 4185 1320 4229 et
1363 4184 1519 4244 capta
1561 4188 1639 4238 es,
1681 4174 1807 4243 quia
1856 4172 2082 4227 Domino

499 4266 747 4321 restitisli
778 4266 845 4322 ³³.
886 4285 904 4319 ι
942 4267 1013 4321 At
1043 4267 1110 4321 de
1136 4266 1277 4338 Cyro
1310 4284 1323 4323 :
1363 4285 1381 4316 ‹
1419 4266 1677 4323 Ascendit
1718 4266 1800 4323 leo
1831 4266 1897 4321 de
1920 4264 2080 4319 cubili

502 4374 621 4423 suo,
658 4368 717 4413 ut
744 4368 907 4428 ponat
949 4368 1146 4414 terram
1197 4369 1342 4412 tuam
1373 4360 1425 4414 in
1457 4359 1825 4414 solitudinem.
1852 4358 1917 4412 Et
1945 4359 2083 4415 civi-

505 4459 644 4505 tates
667 4459 769 4504 tua:
793 4449 1169 4515 vastabuntur,
1186 4452 1327 4519 quod
1354 4465 1457 4503 non
1489 4451 1941 4519 habitenturipsae
1963 4450 2029 4505 ³⁸.
2057 4470 2075 4504 ι

503 4543 637 4597 Esse
665 4551 841 4595 autem
875 4542 1252 4596 universorum
1291 4543 1454 4596 Deum
1490 4543 1581 4610 qui
1627 4542 1774 4598 dedit
1815 4542 1954 4613 Cyro
2003 4544 2084 4597 vi-

501 4634 751 4699 ctoriam,
787 4633 943 4687 [idem
980 4643 1183 4687 certam
1236 4634 1395 4689 faciet
1429 4633 1595 4689 Isaias
1636 4652 1649 4687 :
1700 4654 1717 4685 ι
1770 4633 1896 4689 Haec
1953 4636 2084 4690 dicit

2176 3148 2387 3217 ὄρνεον
2434 3148 2503 3211 ἐξ
2537 3148 2861 3218 Αἰγύπτου,
2912 3146 3011 3200 καὶ
3053 3146 3135 3212 ὡς
3179 3143 3500 3213 περιστερὰ
3533 3140 3603 3194 ἐκ
3654 3140 3779 3208 γῆς

2188 3241 2537 3310 Ἀσσυρίων.
2578 3239 2687 3295 Καὶ
2724 3237 3207 3305 ἀποκαταστήσω
3239 3234 3461 3300 αὐτοὺς
3500 3235 3589 3297 εἰς
3626 3233 3781 3299 τοὺς

2101 3351 2144 3408 C
2178 3331 2383 3397 οἴκους
2412 3330 2630 3397 αὐτῶν,
2661 3329 2822 3397 λέγει
2851 3329 3082 3397 Κύριος.

2247 3446 2417 3499 ΡΛΒ’.
2461 3446 2723 3507 Ἦκοντος
2765 3444 2865 3515 ἤδη
2905 3442 2999 3496 τοῦ
3032 3442 3246 3513 χρόνου,
3276 3440 3369 3494 καὶ
3412 3438 3786 3507 πεπερασμὺ

2176 3552 2269 3589 νου
2308 3534 2402 3587 τοῦ
2436 3534 2649 3605 καιροῦ,
2678 3534 2799 3587 καίΓ
2823 3534 2881 3586 ὃν
2916 3533 3021 3586 ἔδει
3050 3530 3236 3585 λοιπὸν
3265 3530 3362 3600 τῆς
3389 3528 3785 3598 αἰχμαλωσίας

2177 3626 2420 3681 ἀνεῖσθαι
2445 3628 2535 3680 τὸν
2566 3626 2799 3697 Ἰσραὴλ,
2826 3625 3009 3695 Κῦρος
3042 3627 3070 3678 ό
3111 3622 3433 3693 Καμϐύσου,
3455 3620 3692 3690 Περσῶν
3722 3639 3785 3674 τε

2179 3720 2275 3774 καί⁸
2314 3719 2510 3789 Μήδων
2539 3718 2851 3787 άνημμένος
2895 3717 2956 3770 τὸ
2988 3716 3210 3789 κράτος,
3257 3716 3352 3767 σὺν
3395 3714 3537 3782 ὄχλῳ
3582 3710 3786 3784 βαρεῖ,

2180 3813 2275 3866 καὶ
2302 3812 2607 3881 δυσαιτήτῳ
2637 3812 2710 3879 (l)
2744 3810 2992 3881 δυνάμει,
3015 3813 3113 3881 τῆς
3146 3826 3204 3863 τε
3230 3807 3545 3867 Βαϐυλῶνος
3574 3807 3785 3873 αὐτῆς,

2181 3906 2275 3958 καὶ
2313 3904 2415 3975 τῆς
2473 3904 2773 3977 Ἀσσυρίων
2828 3902 3290 3975 κατεστρατεύετο
3351 3900 3569 3970 χώρας,
3626 3898 3787 3952 διανο

2192 3996 2442 4060 ιστάντος
2462 3996 2623 4049 αὑτὸν
2652 3997 2731 4059 εἰς
2748 3995 2906 4049 τοῦτο
2932 3993 3087 4048 Θεοῦ.
3121 3995 3232 4047 Καὶ
3264 3992 3394 4062 γοῦν
3421 3993 3447 4044 ό
3484 3993 3790 4059 προφήτης

2193 4088 2463 4158 Ἱερεμίας
2490 4088 2894 4159 προαναφωνῶν
2924 4088 3022 4157 τῆς
3058 4085 3373 4147 Βαϐυλῶνος
3412 4083 3511 4153 τὴν
3543 4082 3786 4147 ἅλωσιν,

2183 4181 2311 4253 περί
2343 4198 2401 4234 τε
2446 4181 2668 4251 Μήδων,
2714 4181 2881 4251 φησὶ,
2916 4180 3011 4234 καὶ
3040 4180 3285 4251 Περσῶν·
3328 4197 3347 4230 ι
3388 4176 3793 4247 Ἐπιοήσονταί

2184 4291 2302 4337 σοι,
2346 4274 2439 4327 καὶ
2469 4273 2673 4344 ἁλώσῃ,
2710 4272 2987 4336 Βαϐυλὼν,
3032 4273 3122 4326 καὶ
3158 4272 3218 4324 οὐ
3249 4270 3452 4339 γνώσῃ.
3488 4268 3793 4340 Εὑρέοης,

2184 4364 2279 4419 καὶ
2320 4365 2589 4437 ἐλήφθης,
2628 4365 2708 4417 ὃτι
2748 4364 2826 4435 τῷ
2858 4364 3046 4435 Κυρίῳ
3097 4364 3379 4432 άντέστης.
3410 4380 3426 4411 ›
3480 4360 3678 4431 Κύρου
3731 4362 3796 4414 δὲ

2186 4459 2313 4529 πέρι
2342 4474 2355 4488 ⁸
2390 4478 2407 4509 ι
2452 4457 2641 4529 Ἀνέϐη
2665 4457 2801 4511 λέων
2830 4458 2893 4511 ἐκ
2922 4458 3019 4528 τῆς
3053 4456 3294 4527 μάνδρας
3321 4453 3512 4515 αὐτοῦ,
3537 4454 3641 4507 τοῦ
3678 4453 3798 4507 05i-

2184 4565 2271 4601 ναι
2318 4547 2416 4617 τὴν
2462 4547 2570 4616 γῆν
2622 4564 2713 4600 σου
2760 4548 2842 4610 εἰς
2888 4548 3189 4619 ἐρήμωσιν,
3224 4546 3317 4599 καὶ
3349 4545 3405 4598 αἱ
3458 4543 3652 4607 πόλεις
3692 4562 3796 4598 σου

2187 4636 2693 4708 καΟαιρεΟήσονται,
2725 4638 2876 4709 παρά
2914 4638 2973 4691 τὸ
3019 4638 3093 4708 μὴ
3126 4635 3493 4691 κατοικεῖσθαι
3532 4635 3739 4699 αὐτάς.
3771 4657 3791 4689 ι

506 4729 764 4783 Dominus
797 4726 1003 4782 christo
1034 4742 1154 4781 meo
1189 4728 1331 4796 Cyro
1352 4766 1367 4793 ,
1404 4726 1555 4794 cujus
1589 4728 1917 4797 apprehendi
1945 4728 2074 4783 dex-

2190 4730 2310 4781 Ὅτι
2342 4703 2400 4781 δὲ
2530 4731 2558 4782 ὁ
2602 4730 2709 4781 τῶν
2756 4703 2891 4783 ὅλων
2934 4703 3096 4793 Θεδς,
3125 4731 3153 4782 ό
3181 4729 3259 4799 τῷ
3294 4727 3461 4797 Κύρῳ
3504 4726 3697 4791 διδοὺς
3734 4730 3798 4781 τὸ

505 4827 698 4879 teram,
736 4823 793 4869 ut
819 4814 1102 4883 subjiciam
1149 4824 1274 4870 aute
1305 4829 1427 4869 eum
1476 4826 1688 4884 gentes,
1709 4826 1763 4871 et
1809 4816 2080 4871 fortitudi~

506 4922 625 4960 nem
659 4923 841 4976 regum
875 4907 1199 4977 dirumpam.
1225 4907 1478 4976 Aperiam
1515 4916 1643 4961 ante
1695 4921 1816 4961 cum
1863 4907 2079 4977 januas,

504 5009 559 5050 ct
584 5000 744 5054 urbes
773 5017 875 5055 non
899 5001 1238 5057 claudentur.
1272 4999 1384 5069 Ego
1412 5008 1536 5054 ante
1566 5010 1617 5053 te
1649 4998 1756 5063 ibo,
1783 5009 1836 5053 et
1873 5011 2083 5055 montes

2187 4821 2429 4889 κρατεῖν,
2463 4818 2869 4891 πληροφορησει
2914 4820 3085 4885 λέγων
3128 4820 3155 4871 ὁ
3186 4818 3472 4888 προφήτης
3508 4815 3794 4879 Ὶισαῖαςο

2195 4932 2212 4963 ι
2244 4910 2380 4964 Τάδε
2397 4910 2543 4979 λέγει
2591 4913 2793 4981 Κύριος
2822 4911 2899 4981 τῷ
2925 4908 3129 4981 χριστῷ
3161 4926 3261 4979 μου
3295 4907 3483 4977 Κύρῳ,
3516 4898 3581 4957 οῦ
3612 4908 3793 4978 ἐκράε

2187 5020 2325 5072 τησα
2363 5003 2463 5073 τῆς
2500 5004 2699 5069 δεξιάς,
2734 5003 3033 5057 ἐπακοῦσαι
3066 5000 3372 5071 ἔμπροσθεν
3406 4998 3575 5053 αὐτοῦ
3619 4999 3797 5069 ἔθνη,

506 5091 883 5159 eomplanabo.
922 5094 1112 5148 Portas
1147 5108 1317 5149 aereas
1342 5104 1637 5155 conteram,
1670 5104 1724 5146 et
1756 5102 1934 5147 vectes
1973 5092 2083 5146 fur-

504 5195 629 5235 rcos
657 5182 1015 5251 confringam,
1047 5195 1101 5238 et
1121 5186 1257 5240 dabo
1293 5186 1385 5240 tibi
1422 5186 1705 5240 thesauros
1733 5185 2081 5247 tenebrosos,

506 5274 885 5341 absconditos;
919 5277 1215 5332 invisibiles
1244 5281 1477 5347 aperiam
1510 5280 1603 5333 tibi
1629 5279 1693 5334 ³⁷.
1728 5298 1747 5330 ι
1780 5278 1957 5334 Victor
1982 5278 2083 5331 ita-

505 5382 612 5439 que
642 5366 815 5437 Cyrus
844 5367 894 5421 vi
934 5368 1156 5423 snbacto
1215 5367 1629 5438 Babyloniorum
1671 5386 1858 5440 regno,
1906 5368 2081 5424 Israe-

507 5459 612 5515 lem
645 5458 875 5513 liberum
915 5457 1138 5521 dimisit,
1172 5459 1261 5527 qui
1320 5462 1542 5524 reversi,
1599 5463 1871 5531 regionem
1928 5475 2081 5516 suam

2180 5096 2273 5148 καὶ
2322 5096 2475 5165 ἰσχὺν
2532 5096 2793 5165 βασιλέων
2852 5094 3152 5166 διαρῤήξω.
3189 5090 3409 5155 Ἀνοίξω
3464 5088 3799 5159 ἔμπροσθεν

2179 5187 2344 5239 αὐτοῦ
2384 5186 2575 5257 θύρας,
2611 5188 2704 5241 καὶ
2744 5187 2925 5250 πόλεις
2955 5187 3015 5239 οὑ
3051 5183 3589 5255 συγκλεισοήσονται.
3641 5182 3800 5249 Ἐγὼ

2177 5279 2486 5350 ἔμπροσθέν
2528 5298 2622 5333 σου
2655 5278 3016 5351 πορεύσομαι,
3048 5278 3143 5331 καὶ
3188 5277 3291 5347 ὅρη
3318 5271 3529 5344 ὁμαλιῶ
3553 5289 3565 5300 ’
3606 5272 3796 5343 θύρας

2177 5370 2385 5438 χαλκᾶς
2426 5368 2721 5440 συντρίψω,
2774 5370 2867 5422 καὶ
2903 5368 3133 5438 μοχλοὺς
3164 5364 3417 5437 σιδηροῦς
3468 5360 3798 5429 συνθλάσω,

2179 5461 2273 5514 καὶ
2316 5460 2473 5514 δώσω
2513 5477 2595 5514 σοι
2643 5460 2949 5530 θησαυροὺς
2986 5459 3296 5522 σκοτεινοὺς
3321 5499 3337 5525 ,
3384 5453 3797 5525 ἀποκρύφους,

584 5640 626 5672 ³⁵
664 5637 773 5693 Jer.
804 5654 856 5700 ι..
888 5637 976 5690 24.
1055 5636 1100 5667 ³⁸
1140 5634 1248 5689 Jer.
1281 5650 1351 5700 Iv,
1380 5636 1432 5689 7.
1510 5637 1551 5665 ³⁷
1593 5636 1694 5690 lsa.
1727 5653 1849 5704 λιν,
1884 5640 1933 5705 1,
1963 5638 2016 5693 5.

586 5819 660 5889 il)
691 5819 989 5894 Cptclcrius
1022 5820 1284 5894 (Monum.
1432 5817 1495 5880 G,
1526 5817 1592 5885 11,
1636 5815 2079 5894 ξββχιρςειιιίιιιιι

513 5902 691 5943 mouet
727 5888 1065 5959 δυσαντήτφ,
1092 5892 1189 5945 hoc
1217 5902 1300 5942 est
1322 5889 1743 5956 inexpugnabili.
1771 5888 1861 5940 Sic
1894 5888 2081 5959 [portis

514 5960 843 6030 δυσάντητον
872 5954 1067 6020 κτιη³¹’ὅ;
1095 5964 1225 6015 dixit
1253 5954 1486 6031 Cyrillus
1526 5954 1613 6014 lib.
1646 5975 1693 6013 tv
1733 5960 1849 6011 udt'.
1892 5954 2081 6009 Nesto-

2190 5817 2351 5879 rium,
2388 5830 2439 5881 p.
2480 5815 2598 5875 l07.
2625 5813 2929 5883 similiaque
2962 5814 3128 5870 multa
3154 5811 3529 5884 proferrentur
3556 5825 3634 5867 ex
3668 5813 3793 5882 ipso

2188 5888 2233 5943 si
2263 5900 2481 5943 necesse
2508 5896 2667 5941 esset.
2704 5885 2857 5941 Enn.
