3898 6212
249 399 346 452 ‘277

1185 413 1732 474 COMMENTARIUS
1777 417 1840 472 IN
1881 416 2114 474 OSEAM
2155 419 2595 477 PBOPIIETMI.

3418 425 3531 478 9.78"

249 517 500 589 ἀοράτως
524 519 730 586 civ-aiio)
763 540 864 576 σοι.
882 543 899 576 ›
932 526 1246 597 Νενικηκὼς
1270 535 1556 605 τοιγαροῦν
1581 538 1608 589 6
1634 537 1826 609 Κῦρος,

1940 540 2115 594 denuo
2152 541 2510 595 incoluerunt.
2552 542 2921 597 Narratiouem
2965 543 3103 598 hanc
3160 545 3540 614 interpretans.

245 613 330 664 καὶ
376 614 729 684 κατακράτος
785 616 920 670 ἐλὼν
973 619 1072 691 τὴν
1113 623 1493 693 Βαϐυλωνίων,
1541 630 1706 700 ἀνῆκε
1747 631 1837 684 τὸν

259 705 487 775 Ἰσραήλ.
531 705 648 759 Καὶ
695 708 761 778 δὴ
797 708 889 762 καὶ
923 710 1425 784 ὑπονοστήσαντες,
1474 721 1838 791 κατῳκήκασι

245 787 333 858 τὴν
371 791 607 846 ἑαυτῶν.
638 793 806 848 Τουτὶ
841 797 901 849 τὸ
937 798 1180 871 διήγημα
1222 803 1565 878 διερμηνεύει
1596 787 1780 878 λέγων
1811 811 1848 863 ὁ.

248 883 526 952 προφήτης
563 884 748 955 Ὠσηὲ,
788 903 805 937 ι
852 887 943 951 Ὠς
966 887 1101 942 λέων
1147 893 1449 964 ἐρεύξεται.
1476 915 1494 949 ι
1542 898 1638 962 Τίς
1680 901 1838 971 ἐρεύ-

243 972 421 1034 ξεται;
471 971 656 1044 Κῦρος
707 975 970 1046 δηλονότι.
1003 980 1227 1051 Ὅμοιον
1253 983 1328 1048 ὡς
1367 986 1416 1038 εί
1457 986 1606 1056 λέγοι
1648 991 1832 1060 τυχὸν,

251 1063 428 1154 Δεινὺν
457 1063 553 1116 καὶ
591 1064 872 1136 διαϐριθὲς
902 1070 1042 1123 κατά
1075 1073 1172 1142 τῆς
1207 1074 1582 1143 Βαϐυλωνίων,
1624 1082 1652 1133 6
1686 1081 1839 1154 παρά

241 1152 424 1224 Κύρου
457 1156 730 1227 κτυπήσει
764 1158 1021 1229 πόλεμος.
1057 1162 1383 1235 Ὧρυομένου
1415 1169 1472 1222 δὲ
1507 1170 1694 1233 αὑτοῦ,
1741 1152 1840 1227 καὶ

237 1245 396 1296 οἱονεί
439 1263 590 1311 τινος
634 1248 850 1315 λέοντος
901 1258 1384 1328 κατακεκραγότος
1428 1259 1538 1314 τῶν
1585 1262 1654 1317 δι’
1684 1265 1838 1319 ἐναν-

238 1336 388 1399 τέας,
433 1355 454 1388 ι
496 1339 890 1410 Ἐκστήσονται
935 1345 1104 1399 τέκνα
1156 1348 1383 1406 ὑδάτων.
1413 1369 1431 1403 ι
1481 1353 1588 1406 Καὶ
1636 1354 1698 1408 τὸ
1740 1358 1838 1426 μὲν

242 1426 640 1496 «ἐκστήσονται
662 1449 679 1480 ›
693 1432 896 1502 ,φησῖν,
916 1435 1038 1488 ἀντὶ
1058 1436 1177 1501 τοῦ,
1197 1439 1520 1513 καταπλαγή
1530 1446 1839 1500 cev-taure-

235 1535 336 1570 κνα
368 1517 429 1571 δὲ
460 1518 691 1588 ὑδάτων,
732 1526 859 1588 τοὺς
901 1525 1275 1594 Βαϐυλωνίους
1303 1533 1455 1604 φησὶ,
1485 1533 1536 1587 οῖ
1567 1538 1682 1600 τοῖς
1718 1538 1826 1591 τῶν

230 1608 445 1662 ὑδάτων
480 1610 714 1677 τέκνοις,
743 1617 1012 1683 τουτέστι,
1031 1623 1145 1684 τοῖς
1160 1621 1218 1675 ὲν
1242 1621 1395 1676 ὕδατι
1418 1627 1837 1697 νηκτοῖςιῆγουν

234 1697 415 1768 ἰχθύσι
467 1704 931 1776 παραχωροῦντες
975 1710 1128 1764 οὐδὲν
1175 1713 1256 1777 εἰς
1306 1714 1529 1780 δειλίαν,
1571 1717 1835 1772 εὑάλωτοί

229 1806 287 1841 τε
341 1792 440 1844 καὶ
485 1793 739 1866 ἄνανδροι
772 1797 861 1853 διὰ
893 1800 1091 1872 πείρας
1120 1804 1290 1876 αὑτῆς
1339 1808 1624 1876 γεγονότες
1685 1810 1829 1864 ἁλώ-

1939 631 2106 687 Oseas
2129 633 2243 687 ait:
2284 652 2301 683 ι
2343 633 2409 688 Ut
2435 635 2514 688 leo
2539 636 2728 706 rngiet.
2764 655 2781 687 ι
2815 637 2945 702 Quis
2971 637 3182 705 rugict?
3231 637 3405 707 Cyrus
3438 638 3522 690 vi-

1938 723 2154 778 delicet.
2182 723 2412 780 Perinde
2444 727 2690 781 fortassis
2719 743 2780 782 ac
2809 729 2853 780 si
2904 728 3065 782 dicat:
3101 727 3433 782 llorrendum
3458 744 3521 780 ae

1937 814 2113 869 dirum
2141 825 2326 870 contra
2358 815 2735 887 Babylonicum
2773 817 3056 887 imperium
3096 819 3293 874 bellum
3331 837 3359 874 a
3381 821 3535 892 Cyro.

1940 914 2142 959 motum
2185 905 2480 959 insonabit.
2531 905 2794 976 Ilugiente
2845 919 3026 961 autem
3071 908 3207 979 ipso,
3257 920 3311 963 et
3356 910 3517 964 veluti

1940 993 2096 1049 leone
2125 1005 2310 1049 contra
2347 995 2692 1051 adversarios
2745 996 3034 1061 clamante,
3073 1016 3091 1048 ι
3134 999 3521 1067 obstupescent

1940 1087 2032 1141 lilii
2061 1102 2345 1156 aquarum.
2393 1107 2410 1138 ι
2446 1087 2861 1156 Obstupescent,
2906 1089 3098 1156 inquit,
3143 1106 3259 1157 pro,
3309 1090 3516 1158 percel—

1940 1181 2140 1235 lentur.
2175 1179 2340 1236 Filios
2365 1189 2542 1234 autem
2576 1196 2836 1249 aquarum
2889 1180 3208 1250 Babylonios
3251 1183 3515 1242 nmninat.

1938 1272 2028 1341 qui
2060 1270 2183 1325 filiis
2214 1284 2498 1340 aquarum,
2527 1271 2627 1324 hoc
2653 1281 2756 1337 est,
2787 1272 2838 1324 in
2867 1287 3003 1339 aqua
3040 1271 3371 1337 natantibus,
3405 1273 3519 1326 sive

1939 1364 2206 1431 piscibus,
2236 1362 2529 1417 timiditate
2563 1361 2697 1416 nibil
2733 1365 2952 1426 cedunt,
2987 1364 3209 1431 ipsaque
3231 1364 3514 1430 experitur

1940 1454 2012 1508 tia
2039 1463 2198 1521 captu
2230 1453 2420 1508 faciles
2450 1463 2505 1508 et
2530 1452 2774 1508 imbelles
2806 1453 2932 1507 facti
2963 1458 3263 1524 capientur.
3299 1455 3389 1508 Est
3424 1470 3519 1508 au-

1942 1553 2046 1598 tem
2075 1559 2242 1613 genus
2269 1543 2496 1613 piscium
2533 1552 2722 1598 natura
2767 1545 3192 1611 timidissinuuu,
3236 1555 3292 1598 et
3325 1547 3518 1614 strepi-

1939 1642 2025 1688 tus
2070 1634 2226 1704 fugit,
2261 1643 2316 1688 et
2365 1635 2533 1688 solam
2583 1636 2841 1703 piscantis
2899 1637 3143 1690 umbram
3209 1647 3515 1690 aversatur.

1939 1724 2165 1792 Quando
2197 1725 2378 1794 igitur,
2407 1725 2602 1794 inquit,
2638 1726 2886 1796 rugiente
2930 1727 3094 1796 Cyro,
3142 1737 3198 1781 et
3245 1728 3516 1797 ingentem

1939 1815 2226 1886 quemdam
2244 1815 2668 1884 horribilemque
2691 1817 2947 1870 adversus
2965 1817 3268 1888 Babylonia:
3292 1834 3530 1888 regnum.

232 1899 444 1977 σονται.
486 1884 870 1958 Ἕτοιμότατον
897 1891 953 1946 δὲ
987 1894 1124 1965 πρὸς
1165 1895 1368 1952 δειλίαν
1401 1899 1508 1954 τῶν
1544 1901 1741 1972 ίχθύων
1773 1903 1826 1956 τὸ

1936 1909 2226 1963 clainoretn
2282 1906 2525 1972 tollente,
2574 1908 2766 1962 timore
2815 1922 3075 1976 aquarmn
3139 1910 3229 1961 lilii
3283 1911 3532 1977 perculsi:

229 1974 416 2039 γένος,
458 1977 551 2030 καὶ
587 1979 780 2048 φεύγει
825 1983 922 2051 μὲν
959 1985 1218 2050 κτύπους,
1257 1993 1605 2059 παραιτεῖται
1642 1991 1698 2046 δὲ
1737 1996 1832 2048 καὶ

231 2065 402 2137 μόνην
436 2067 538 2138 τὴν
567 2070 660 2122 τοῦ
705 2071 984 2144 θηρῶντος
1030 2078 1210 2131 σκιάν.
1239 2079 1411 2134 Ὅταν
1441 2083 1622 2137 τοίνυν
1670 2086 1827 2154 ἐρευ-

235 2156 466 2224 γομένω
509 2159 717 2230 Κύρου,
750 2165 913 2233 φησὶ,
952 2167 1045 2221 καὶ
1091 2168 1264 2223 δεινόν
1310 2189 1361 2224 τι
1422 2175 1516 2227 καὶ
1560 2176 1832 2246 φρικῶδες

225 2247 325 2316 τῆς
359 2248 723 2308 Βαϐυλωνίων
773 2257 1243 2325 καταλαλάζοντος
1264 2302 1278 2326 ,
1314 2266 1694 2338 καταπλαγείη
1749 2269 1829 2340 τῷ

227 2338 378 2410 φόϐῳ
406 2340 479 2394 τά
501 2342 611 2397 τῶν
644 2345 851 2401 ὑδάτων
879 2350 1063 2417 τέκνα,
1096 2355 1393 2420 τουτέστιν,
1423 2359 1469 2410 οἰ
1499 2358 1828 2414 Βαϐυλώνιοι

223 2431 341 2492 τοῖς
375 2431 591 2500 ἰχθύσιν
633 2436 713 2499 εἰς
749 2436 947 2493 δειλίαν
984 2445 1441 2517 παραχωροῦντες
1479 2448 1634 2501 οὐδέν
1659 2466 1672 2480 ·
1704 2452 1828 2505 τότε

226 2521 322 2573 καὶ
350 2521 546 2592 ὀρνέου
585 2526 744 2598 δίκην
775 2530 870 2582 καὶ
900 2537 1230 2606 περιστερᾶς
1278 2537 1687 2610 ἀποπτήσονται
1728 2543 1830 2612 τῆς

223 2613 508 2679 Αἰγύπτου
575 2618 672 2672 καὶ
719 2620 769 2672 οἰ
833 2623 1000 2677 πάλαι
1056 2631 1507 2698 συμπεφευγότες
1557 2633 1614 2685 ὲν
1665 2634 1822 2705 αὑτῇ.

236 2706 711 2778 ’Δτωδραμοῦνται
740 2712 796 2765 δὲ
830 2715 928 2786 τῆς
965 2717 1246 2772 Χαλδαίων
1277 2721 1370 2774 καὶ
1407 2723 1456 2774 οἱ
1491 2723 1592 2794 τῆς
1651 2725 1818 2796 αἰχμ-

226 2797 468 2864 αλωσίας
505 2801 782 2869 ὲναλόντες
810 2809 921 2870 τοῖς
968 2808 1203 2880 βρόχοις.
1223 2813 1578 2885 Ἐπανήξουσί
1607 2833 1666 2868 τε
1713 2816 1826 2869 λοι-

225 2888 348 2951 πὸν,
380 2892 480 2944 καὶ
517 2894 801 2964 οἰκήσουσι
837 2896 935 2968 τὴν
975 2900 1205 2957 ἑαυτῶν.
1247 2903 1396 2970 Ἐξὸν
1433 2901 1528 2958 οὖν
1567 2905 1710 2977 ἔχειν
1757 2907 1826 2960 τὰ

223 2979 430 3047 ἀγαθὰ,
463 2982 584 3053 Θεῴ
621 2985 724 3054 τῆς
769 2986 1005 3054 διανοίας
1043 2991 1414 3066 ὑποφέροντας
1457 2996 1549 3050 τὸν
1591 2997 1822 3068 αὐχένα,

225 3072 321 3124 καὶ
365 3074 460 3127 ὑπ’
486 3076 636 3148 αὑτῷ
666 3079 1006 3150 πράττοντας
1038 3084 1204 3156 μόνῳ,
1241 3088 1314 3160 μὴ
1360 3087 1636 3142 ἐθελονταὶ
1679 3089 1827 3160 βαδί-

225 3163 413 3232 ζωμεν
441 3166 536 3221 ἐπὶ
563 3168 625 3220 τὸ
654 3169 877 3237 λυποῦν,
905 3173 1236 3246 αὐτόκλητον
1261 3177 1452 3250 ὥσπερ
1484 3180 1570 3249 ἐφ’
1636 3182 1849 3246 ἑαυτοῖς
1886 3183 2287 3255 κατασύροντες

1935 1999 2132 2054 fuerint
2165 1999 2326 2070 166
2360 1999 2573 2069 (nempe
2605 1998 2900 2070 Babylonii,
2933 2000 3171 2068 piscibus
3221 2002 3514 2058 timiditate

1935 2090 2074 2144 baud
2110 2089 2430 2158 absiniiles),
2482 2099 2611 2144 tunc
2653 2099 2706 2144 et
2745 2091 2861 2144 avis
2914 2090 3082 2144 instar
3142 2098 3196 2146 et
3252 2090 3516 2145 columba:

1934 2181 2226 2237 avolabunt
2254 2196 2321 2236 ex
2355 2180 2614 2252 lEgypto,
2640 2181 2730 2252 qui
2767 2181 2970 2253 pridem
3001 2182 3053 2235 in
3095 2197 3214 2236 eam
3257 2181 3513 2252 confuge-

1934 2283 2089 2335 rant;
2120 2282 2175 2326 et
2203 2273 2480 2342 aufugient
2508 2275 2573 2326 de
2601 2283 2742 2328 terra
2790 2272 3189 2336 (Ilialdarornm,
3216 2275 3304 2343 qui
3336 2275 3511 2343 capti-

1933 2363 2120 2420 vitatis
2171 2364 2383 2433 laqueis
2436 2364 2697 2434 implicati
2757 2365 3098 2420 tcnebantur.
3154 2365 3513 2421 Revertentur

1937 2466 2072 2522 tnui,
2109 2465 2161 2511 et
2186 2457 2460 2527 regionem
2497 2463 2650 2510 Suam
2692 2457 2948 2512 incolcnt.
2991 2457 3126 2512 Cum
3156 2456 3317 2511 liceat
3351 2457 3513 2526 igitur

1936 2546 2136 2600 habere
2171 2546 2311 2600 bona
2355 2546 2465 2600 Deo
2495 2547 2764 2602 cervicem
2811 2547 2977 2600 animi
3032 2546 3400 2614 subjicientes,
3460 2554 3514 2600 ct

1932 2637 2033 2690 sub
2055 2636 2172 2705 ipso
2205 2636 2320 2691 solo
2339 2637 2620 2706 degentes,
2658 2653 2726 2690 ne
2755 2648 2945 2708 sponte
2971 2653 3092 2692 cum
3131 2637 3395 2692 offensum
3421 2652 3512 2691 ea-

1935 2741 2076 2790 mus,
2106 2725 2408 2782 ultroneam
2463 2727 2516 2780 in
2571 2743 2670 2783 nos
2710 2728 2846 2782 iram
2896 2728 3068 2798 ipsius
3128 2737 3507 2798 provocantes,

1931 2831 2055 2869 cum
2089 2815 2170 2871 fas
2202 2817 2305 2878 sit,
2333 2826 2391 2870 nt
2421 2815 2566 2880 dixi,
2610 2817 2661 2869 in
2723 2817 2889 2870 multa
2945 2819 3301 2886 prosperitate
3356 2816 3511 2886 quie-

1931 2921 2106 2973 scere,
2137 2907 2420 2962 Dominum
2467 2924 2562 2977 per
2592 2911 3083 2977 conversationem,
3111 2919 3166 2964 et
3215 2911 3380 2963 vitam
3441 2909 3509 2963 ad

1933 2998 2082 3068 leges
2114 3000 2530 3065 conformatam,
2561 3011 2615 3057 et
2648 3003 3013 3058 sinceritatem
3052 3018 3178 3073 erga
3212 3003 3385 3073 ipsum
3414 3001 3512 3056 Ia:-

1937 3091 2226 3147 tilicantcs.

2349 3185 2605 3256 κίνησινο
2646 3187 2822 3239 καίτοι
2902 3189 3082 3257 μετὸν,
3132 3187 3206 3251 ὡς
3250 3187 3406 3257 ἔφην,
3451 3189 3509 3240 ὲν

225 3257 471 3354 βαθείαις
497 3263 710 3318 κεῖσθαι
734 3266 830 3337 τῆς
857 3269 1180 3341 εὐημερίας,
1208 3276 1706 3346 κατευφραίνοντας
1759 3279 1851 3332 τὸν
1886 3281 2168 3352 Δεσπότην
2209 3280 2296 3335 διά
2326 3281 2424 3351 τῆς
2470 3283 2694 3353 ἐννόμου
2758 3283 3032 3346 πολιτείας
3075 3284 3168 3336 καὶ
3214 3284 3378 3354 ζωῆς,
3413 3282 3510 3336 καὶ

221 3352 326 3420 τῆς
353 3355 436 3418 εἰς
468 3355 631 3409 αὑτὸν
660 3361 1032 3433 γνησιότητος.

303 3444 647 3556 Ιἷεδνεύῗκλωσέ
681 3469 757 3520 με
785 3453 854 3504 ἐν·
891 3455 1103 3523 ψεύδει
1137 3457 1403 3531 Ἐφραῒμ,
1438 3462 1536 3518 καί
1578 3463 1650 3518 ἐν
1680 3466 1824 3522 ἀσε-

2005 3468 2164 3521 Veus.
2200 3466 2284 3521 12.
2317 3465 2670 3520 Circumdcdit
2715 3483 2794 3521 me
2835 3468 2886 3521 in
2921 3468 3190 3522 mendacio
3233 3467 3514 3538 Ephruim,.

227 3536 354 3604 εεέᾳ
393 3531 563 3604 οἶκος
601 3540 864 3612 Ἰσραὴλ,
896 3547 992 3599 καί
1031 3547 1240 3604 Ἰούδα.

292 3628 463 3684 PAF.
502 3630 668 3686 Φύσει
709 3636 807 3704 μὲν
849 3638 1052 3706 ἀγαθὸς
1093 3641 1188 3707 ὣν,
1235 3648 1328 3696 καὶ
1371 3645 1762 3720 φιλοικτίρμων
1799 3653 1828 3704 6

228 3718 377 3785 θεὸς,
425 3722 520 3776 καὶ
557 3723 879 3798 ἀνεθέλητον
925 3731 1036 3802 ἔχει
1069 3734 1129 3787 τὸ
1174 3735 1430 3809 πλήττειν
1468 3718 1824 3808 ὅλωςτινάς,

232 3817 474 3871 καλεῖται
503 3819 560 3873 δὲ
587 3823 682 3875 καί
710 3824 1023 3894 ἀναγκαίως
1058 3833 1138 3895 εἰς
1173 3833 1546 3906 ἀγανάκτησιν
1575 3839 1826 3912 ἐπιστρε-

233 3910 449 3980 πτικὴν,
471 3912 598 3965 ὅταν
630 3915 698 3966 ῖοι
729 3917 890 3971 τινῶν
938 3921 1081 3991 πέρα
1111 3922 1270 3992 λόγου
1301 3944 1360 3979 τε
1396 3927 1491 3980 καὶ
1526 3910 1822 4002 μέτρουτά

232 3999 574 4070 ἐγκλήματα.
631 4005 804 4060 Τοῦτο
855 4009 1096 4066 διδάσκει
1147 4015 1310 4070 πάλιν
1376 4019 1525 4086 ἡμᾶς
1577 3999 1666 4072 διά
1716 4022 1824 4076 τῶν

233 4093 628 4161 προκειμένων.
675 4097 972 4173 Μονονουχὶ
1011 4106 1119 4177 γάρ
1167 4123 1319 4177 φησι·
1363 4109 1502 4178 Τῇδε
1576 4111 1821 4179 κάκεῖσε,

232 4182 509 4274 κίιοίονεί
545 4203 660 4250 πως
688 4189 746 4241 ὲν
776 4190 962 4265 κύκλῳ
994 4196 1084 4250 τὸν
1119 4199 1215 4268 τῆς
1247 4199 1499 4268 θεότητος
1546 4201 1822 4274 ὀφθαλμὸν

233 4272 425 4362 ἰνιὲντι
455 4291 516 4328 τε
567 4278 663 4330 καὶ
703 4283 1071 4355 περιφέροντι,
1119 4294 1368 4362 πανταχῇ
1403 4293 1464 4345 τὸ
1495 4291 1691 4362 ψεῦδος
1724 4272 1820 4347 καὶ

232 4360 324 4432 τὴν
352 4365 618 4421 ἀσέϐειαν
639 4365 705 4439 ἦν
735 4372 862 4426 ἰδεῖν
885 4376 980 4430 τοῦ
1009 4395 1067 4430 τε
1096 4360 1477 4452 Ἐφραῖμξκαὶ
1503 4360 1600 4438 τοῦ
1631 4385 1816 4441 Ἰούδα.

233 4453 442 4517 Ψεῦδος
467 4457 524 4509 δὲ
565 4460 830 4516 ἀποκαλεῖ
864 4466 932 4520 τά
965 4468 1064 4536 τῆς
1101 4471 1513 4546 εἰδωλολατρίας
1560 4477 1820 4544 παίγνια,

232 4547 321 4598 καὶ
375 4547 478 4617 τὴν
527 4551 636 4603 τῶν
688 4557 932 4623 ματαίων
986 4563 1390 4632 προσκύνησινο
1441 4568 1701 4623 ἀσέϐειαν
1762 4570 1820 4622 δὲ

231 4637 389 4730 τάχα,
421 4640 521 4712 τὴν
554 4642 709 4714 ῦϐριν
750 4647 850 4718 τὴν
883 4651 1023 4704 κατᾶ
1059 4653 1218 4708 Θεοῦ.
1251 4656 1373 4720 Πῶς
1406 4658 1514 4730 γὰρ
1543 4661 1644 4714 οὐκ
1689 4663 1819 4716 ἀσέ-

231 4727 350 4821 ϐεια
379 4730 546 4800 δεινὴ,
578 4735 672 4787 καὶ
713 4736 1088 4812 ὲκτοπωτάτη,
1113 4744 1172 4796 τὺ
1199 4727 1556 4804 ἀποσείεσθαι
1601 4752 1699 4821 μὲν
1729 4752 1820 4808 τὸν

1929 3560 2052 3613 etin
2085 3557 2448 3627 iniquitatibus
2479 3557 2666 3611 domus
2699 3557 2886 3622 Israel,
2911 3569 2957 3611 ct
2981 3559 3147 3615 luela.

2000 3647 2280 3703 CXXXIII.
2320 3648 2460 3703 Deus
2505 3659 2696 3702 natura
2751 3649 2945 3712 bonus,
2991 3651 3320 3720 misericors,
3372 3668 3427 3708 et
3477 3672 3508 3710 e

1929 3739 2097 3808 plagis
2124 3738 2538 3808 quibuscunque
2572 3740 2864 3796 tnetiendis
2918 3741 3145 3806 alienus,
3184 3754 3508 3812 provocatur

1928 3840 2129 3896 tamen,
2167 3842 2221 3888 et
2250 3842 2568 3888 convertere
2597 3847 2656 3888 se
2703 3834 2770 3886 ad
2813 3833 3234 3903 imlignalionem
3273 3840 3509 3907 cogitur,

1925 3941 2046 3980 cum
2071 3927 2429 3995 quorumdam
2463 3925 2671 3980 scelera
2709 3926 2912 3993 majora
2956 3926 3174 3992 fuerint,
3206 3945 3368 3999 quam
3399 3931 3504 3986 diei

1925 4018 2115 4087 possit.
2154 4017 2307 4084 Quod
2340 4033 2438 4073 nos
2469 4034 2682 4074 rursum
2729 4020 2908 4074 verbis
2953 4034 2982 4072 a
3023 4033 3110 4074 me
3140 4021 3380 4075 recitatis
3411 4021 3506 4074 do-

1923 4119 2030 4163 cet.
2070 4108 2464 4177 Propemodnm
2501 4111 2644 4163 enim
2673 4110 2842 4179 inquit
2873 4129 2888 4165 :
2927 4110 3025 4165 llic
3055 4121 3109 4164 et
3140 4110 3235 4172 ibi,
3275 4122 3327 4165 et
3351 4113 3505 4180 quasi

1925 4201 2277 4255 circumcirca
2326 4200 2626 4254 divinitatis
2669 4202 2885 4254 oculum
2929 4201 3260 4267 immittenti,
3304 4213 3358 4256 et
3395 4204 3503 4256 cir-
3591 4210 3598 4218 '

1923 4290 2270 4357 cumferenti,
2302 4289 2499 4360 ubique
2543 4291 2900 4358 mendacium,
2952 4301 3006 4346 et
3056 4294 3409 4360 impietatem,
3451 4302 3506 4346 et

1925 4382 2202 4451 prraim,
2239 4392 2296 4438 et
2324 4382 2465 4439 .Iuda
2498 4382 2695 4436 intueri
2740 4382 2922 4438 datur.
2961 4382 3294 4438 Mendacium
3333 4385 3503 4439 idolo-

1924 4471 2095 4526 latrire
2123 4471 2295 4536 lusus,
2329 4484 2385 4528 et
2408 4472 2648 4526 inanium
2685 4471 3104 4527 siumlacrorum
3132 4474 3506 4528 adorationmn

1923 4565 2170 4634 appellat.
2225 4567 2557 4634 linpietatem
2628 4565 2858 4620 fortasse
2923 4566 3176 4633 injttriant
3247 4569 3504 4620 adversus

1927 4657 2110 4712 Deum.
2150 4657 2430 4724 Quomodo
2452 4659 2594 4713 enim
2631 4675 2734 4713 non
2783 4668 2867 4714 est
2923 4659 3118 4727 injuria
3181 4661 3385 4728 gravis,
3450 4669 3503 4712 ct
3586 4648 3590 4652 ’

1923 4750 2116 4803 rationi
2150 4750 2383 4805 maxime
2421 4751 2693 4805 contraria
2717 4791 2732 4816 ,
2767 4750 3025 4820 repellere
3060 4764 3250 4804 natura
3277 4763 3327 4803 et
3360 4751 3503 4804 reri-

232 4818 392 4882 ςύσει
424 4837 482 4872 τε
524 4824 618 4876 καὶ
660 4825 875 4896 ἀληθῶς
908 4830 1037 4885 ὄντα
1077 4834 1229 4899 Θεὸν,
1290 4818 1720 4908 προσκλίνεσθαι
1760 4844 1818 4897 δὲ

1936 4851 2034 4894 .ate
2070 4841 2257 4906 llentn,
2308 4852 2360 4896 et
2387 4843 2452 4896 ad
2489 4843 2629 4912 ligna
2667 4851 2719 4896 et
2751 4842 2953 4909 lapides
2995 4859 3052 4896 se
3086 4844 3380 4911 applicare,
3408 4859 3500 4896 seu

229 4910 460 5004 ἀμαθῶς
515 4913 692 4980 ξύλοις
726 4935 784 4970 τε
820 4921 914 4973 καὶ
947 4922 1148 4988 λίθοις*
1182 4927 1348 4996 ἤγουν
1385 4935 1712 4999 προσκυνεῖν
1748 4935 1815 5004 τῇ

231 5003 430 5065 κτίσει,
455 5007 603 5077 παρᾶ
624 5009 716 5062 τὸν
739 5012 1016 5081 κτίσαντα,
1044 5016 1136 5068 καὶ
1162 5019 1510 5084 Δεσποτικοῖς
1531 5022 1819 5092 ὑψώμασιν

231 5092 524 5163 ἐπιχειρεῖν
557 5102 857 5169 στεφανοῦν
901 5105 971 5158 τὰ
1009 5108 1139 5177 παρ’
1184 5110 1350 5162 αὑτοῦ
1413 5113 1550 5183 πρὸς
1578 5113 1640 5166 τὸ
1681 5114 1820 5170 εἶναι

233 5190 684 5258 παρενηνεγμένα
709 5208 722 5255 ;

296 5276 430 5328 Νῦν
471 5278 627 5346 ἔγνω
670 5283 892 5349 αὐτοὺς
923 5287 956 5339 ό
999 5287 1163 5352 Θεὸς,
1198 5290 1295 5343 καὶ
1328 5291 1475 5359 ναός
1507 5292 1672 5363 ἅγιος
1724 5312 1817 5350 κει

231 5384 274 5416 κ.
287 5370 303 5413 I
315 5367 522 5432 ἡσεται
563 5373 736 5428 Θεοῦ.

297 5459 463 5512 PAA'.
518 5462 826 5519 Ἐκύκλωσε
865 5468 963 5537 μὲν
1007 5469 1066 5522 ὲν
1105 5469 1288 5539 ψεύδει
1325 5489 1391 5542 με
1435 5474 1529 5526 καὶ
1562 5472 1816 5545 ἀσεϐείᾳ,

229 5553 416 5620 φησιν,
463 5551 610 5620 οἶκος
643 5558 884 5629 Ἐιρραῒμ
940 5562 1032 5614 καὶ
1098 5563 1284 5617 Ἰούδα.
1331 5566 1477 5636 Πλὴν
1513 5566 1607 5618 καὶ
1647 5566 1818 5630 οὑτως

229 5641 423 5713 ἔσομαι
448 5648 704 5717 χρηστὸς,
733 5650 1047 5725 σύμμετρον
1079 5655 1264 5720 αὐτοῖς
1294 5658 1514 5726 ἐπάγων
1537 5658 1634 5729 τὴν
1661 5660 1815 5730 κίνη-

230 5750 336 5790 σιν.
375 5736 553 5806 Ἔγνω
583 5740 694 5812 γὰρ
737 5743 955 5810 αὐτοὺς,
985 5745 1059 5812 ὡς
1093 5748 1194 5802 οὐκ
1237 5747 1302 5802 ἂν
1337 5751 1538 5820 ἑτέρως
1569 5749 1816 5804 δύναιντο

231 5827 298 5879 τὰ
342 5827 547 5898 ἀμείνω
585 5833 943 5904 μεταμαθεῖν,
992 5838 1036 5891 εἰ
1081 5839 1155 5910 μή
1196 5857 1244 5894 τι
1290 5841 1380 5896 καὶ
1427 5841 1648 5895 πάθοιεν
1688 5841 1813 5907 τῶν,

1921 4935 2148 4986 adorare
2177 4944 2483 4988 creaturam
2546 4934 2732 4988 relicto
2759 4933 3045 4997 Creatore,
3083 4944 3274 5001 etquae
3297 4935 3363 4987 ab
3389 4934 3504 5003 ipsu

1924 5034 1980 5077 ut
2009 5032 2191 5078 essent
2224 5025 2480 5092 producta
2509 5033 2654 5090 sunt,
2687 5023 2774 5076 illa
2827 5022 2894 5076 ad
2945 5022 3220 5094 fastigium
3277 5025 3504 5080 Domino

1925 5116 2204 5186 proprium
2227 5115 2516 5171 extollere?

2001 5292 2154 5348 Nunc
2185 5293 2418 5363 cognovit
2458 5308 2543 5347 eos
2590 5291 2756 5361 Deus,
2789 5304 2836 5348 et
2868 5295 3116 5365 templum
3146 5306 3382 5350 sanctum
3416 5312 3499 5349 ro-

1923 5385 2128 5440 cabitur
2153 5385 2269 5440 Dei.

1993 5475 2277 5533 CXXXIV.
2313 5477 2681 5534 Circumdedit
2713 5494 2795 5534 me
2841 5480 3061 5548 quidem
3109 5481 3162 5534 in
3219 5476 3498 5534 mendacio

1923 5578 1974 5623 et
2010 5570 2286 5639 impietate
2315 5571 2505 5625 domus
2547 5571 2800 5640 prraim
2835 5581 2888 5625 et
2931 5569 3089 5636 Juda,
3143 5570 3333 5636 inquit.
3392 5565 3495 5620 Ve-

1925 5671 2226 5717 rumtamen
2259 5662 2421 5716 etiam
2457 5663 2535 5716 sic
2565 5663 2807 5717 clemens
2835 5676 2948 5724 cro,
2999 5663 3066 5726 si,
3103 5669 3158 5713 ut
3197 5668 3496 5723 merentur,

1928 5753 2029 5807 illis
2095 5755 2318 5810 irascar.
2370 5754 2583 5808 Sciebat
2637 5753 2779 5808 enim
2832 5769 2925 5806 eos
2970 5770 3074 5806 non
3123 5752 3279 5805 aliter
3321 5753 3500 5807 denuo

1929 5860 2084 5914 posse
2118 5846 2339 5902 meliora
2374 5845 2603 5910 discere,
2640 5845 2743 5899 nisi
2777 5841 3020 5912 quaedam
3051 5843 3219 5899 tristia
3253 5852 3503 5913 pateren-

3536 1161 3558 1206 ι
3580 1190 3590 1201 .
