3898 6212
456 363 524 421 79
1413 367 1473 424 S.
1515 363 1787 424 CYRILLI
1821 364 2016 426 ALEX.

2120 363 2298 425 DRlNI
2335 366 2661 426 ARClllEP.

3580 370 3694 426 ‘280

418 491 529 540 tur,
559 485 613 533 et
641 477 709 534 ad
740 485 956 550 sensum
986 478 1400 538 commissorum
1436 489 1782 550 peccatorum
1830 480 1999 534 addu-

2120 480 2202 533 iaa
2229 482 2551 546 καταλυπεϊ,
2588 480 2682 534 καὶ
2718 481 2874 534 καλεῖ
2905 483 3038 552 πρὸς
3081 481 3337 554 αίσοησιν
3367 477 3477 534 τῶν
3509 481 3690 551 ἡμαρ-

419 578 692 626 cerentur.
715 570 977 641 Cognovit
1000 571 1161 639 igitur
1187 585 1282 628 eos
1315 567 1475 638 D'eus,
1501 573 1604 638 hoc
1649 583 1753 638 est,
1781 573 1998 628 modum

419 657 698 712 industriae
731 657 862 727 ipsis
886 657 1182 727 profuturae
1231 674 1340 714 non
1384 660 1629 716 nescivit.
1677 659 1788 715 Nec
1822 660 1998 716 fructu

419 749 560 817 apud
591 763 684 805 eos
715 764 801 805 res
827 750 1054 806 carebit.
1081 749 1368 821 Continget
1401 754 1544 806 enim
1579 752 1705 808 hinc
1745 753 1909 806 etiam
1945 752 1999 806 in

419 842 634 912 templis
663 846 868 900 Sanctis
897 858 990 899 eos
1018 845 1254 899 censeri.
1288 844 1467 901 Semel
1493 845 1639 900 enim
1669 845 1827 902 insita
1873 861 2001 916 pra-

422 935 589 992 vitate
619 936 777 1008 167
812 952 909 1005 per
947 936 1160 994 labores
1199 945 1252 992 et
1298 937 1672 994 tribulationes
1709 937 1998 1006 tabefacta,

422 1028 539 1094 puri
585 1039 639 1083 et
662 1028 835 1084 sancti
864 1039 1044 1095 erunt,
1095 1038 1151 1085 et
1195 1029 1522 1098 experientia
1569 1029 1735 1096 docti,
1785 1046 2001 1100 germa-

425 1133 549 1173 nam
579 1121 631 1174 in
685 1121 848 1175 Deum
885 1120 1204 1176 cbaritatem
1243 1137 1432 1177 omnes
1469 1122 1596 1192 ipsis
1629 1122 1851 1180 delicias
1886 1123 2004 1179 feli-

423 1211 724 1283 citatesque
787 1214 1232 1279 conciliaturam;
1287 1215 1740 1284 quemadmodum
1795 1217 2004 1272 scilicet

422 1308 706 1372 apostasia:
731 1307 941 1375 piacula
977 1309 1029 1364 in
1065 1309 1380 1364 servitutem
1407 1318 1463 1388 et
1495 1306 1839 1366 amictiouem
1873 1324 2005 1381 pra:-

422 1397 669 1467 cipitant.

1066 1577 1216 1636 CAP.
1257 1581 1366 1637 ΧΠ.

497 1666 662 1724 Vens.
697 1669 746 1733 1.
782 1671 1036 1736 Epitraim
1067 1669 1183 1727 vero
1215 1674 1388 1729 malua
1426 1677 1664 1746 spiritus,
1705 1689 2006 1746 persecutus

2100 571 2370 639 τημένων.
2400 572 2585 640 Ἔγνω
2607 571 2787 626 τοίνυν
2812 574 3008 636 αὐτοὺς
3031 575 3060 626 ὀ
3091 573 3242 637 Θεὸς,
3265 572 3561 635 τουτέστιν,
3591 574 3695 624 οὐκ

2100 661 2333 731 ἠγνόηκε
2389 664 2489 733 τῆς
2537 662 2854 733 ὠφελούσης
2910 663 3106 727 αὐτοὺς
3153 662 3540 733 ἐπιστρεφείας
3592 663 3698 732 τὴν

2100 742 2235 806 ὁδόν.
2271 754 2380 807 Καὶ
2407 754 2506 808 οὑκ
2543 755 2801 826 ἀνόνητον
2839 755 2991 808 ἔσται
3024 755 3086 808 τὸ
3114 755 3301 825 χρῆμα
3333 755 3550 817 αὐτοῖς..
3576 755 3700 806 Ἑκο

2102 844 2331 915 ϐήσεται
2370 846 2478 920 γὰρ
2525 846 2774 900 ἐντεῦθεν
2801 846 2860 899 τὸ
2895 847 2990 900 καὶ
3037 847 3095 901 ὲν
3126 849 3271 909 ναοῖς
3314 847 3492 912 ἀγίοις
3522 863 3700 898 κατα-

2101 937 2391 991 τάττεσοαι
2431 937 2589 996 Θεοῦ.
2627 936 2980 1008 Ἐκτακείσης
3013 937 3123 1008 γὰρ
3156 937 3304 1000 ἅπαξ
3332 937 3429 1006 τῆς
3461 937 3699 1004 ἐνούσης

2103 1029 2286 1093 αὐτοῖς
2317 1031 2653 1100 φαυλότητος
2686 1030 2775 1084 διὰ
2817 1029 2982 1082 πόνου
3037 1030 3131 1081 καὶ
3164 1028 3416 1098 Ολίψεων,
3463 1030 3700 1099 καθαροί

2102 1141 2161 1176 τε
2199 1122 2409 1177 ἔσονται
2461 1124 2556 1178 καὶ
2584 1123 2931 1195 ἡγιασμένοι,
2965 1122 3059 1175 καὶ
3095 1121 3262 1192 πείρᾳ
3294 1120 3580 1191 μαοόντες,
3612 1121 3702 1172 ὅτι

2102 1221 2164 1274 τὸ
2209 1220 2306 1292 μὲν
2333 1222 2554 1292 γνήσιον
2583 1221 2682 1291 τῆς
2709 1222 2788 1284 εἰς
2814 1219 2946 1273 Glst
2979 1219 3198 1288 ἀγάπης
3226 1217 3480 1292 πρόξενον
3512 1216 3704 1278 αὐτοῖς

2105 1313 2323 1384 ἁπάσης
2346 1312 2500 1366 ἔσται
2531 1313 2742 1382 τρυφῆς
2769 1312 2862 1365 καὶ
2911 1310 3232 1388 εὐημερίας,
3274 1307 3526 1378 καθάπερ
3559 1307 3704 1376 ἁμέ-

2105 1387 2186 1457 λει
2209 1405 2310 1474 τῆς
2337 1404 2674 1469 ἀποστασίας
2708 1404 2774 1460 τὰ
2800 1387 3123 1474 ἐγκλήματα
3167 1403 3280 1464 τοῖς
3313 1403 3413 1472 τῆς
3451 1398 3705 1463 δουλείας

2107 1498 2203 1551 καὶ
2236 1496 2470 1568 θλίψεως
2499 1499 2675 1568 ἐνίησι
2709 1495 2943 1567 βάθροις.

2705 1590 2957 1646 ΚΕΦΑΛ.
2998 1587 3100 1642 ΙΒ’.

2190 1683 2244 1737 '0
2291 1681 2360 1737 δὲ
2397 1682 2647 1752 Ἐφριήμ
2693 1680 2967 1759 πονηρὸν
3007 1678 3268 1748 πνεῦμα,
3301 1675 3510 1740 ἐδίωξε
3552 1674 3705 1729 καύ-

423 1770 499 1813 cst
528 1759 756 1824 ftrstum.
793 1758 923 1818 Toto
951 1765 1036 1818 die
1061 1766 1243 1820 inania
1279 1776 1329 1821 et
1366 1783 1502 1822 vana
1535 1768 1922 1838 multiplicauit,
1956 1782 2006 1826 et

2120 1790 2296 1840 :rwra,
2329 1775 2484 1843 ὅλην
2522 1775 2638 1842 τὴν
2671 1773 2900 1843 ἡμέραν
2938 1772 3085 1828 κενὰ
3135 1770 3237 1827 καὶ
3257 1769 3478 1840 μάταια
3513 1765 3708 1835 ἐπλή-

424 1858 789 1904 testamentum
846 1868 964 1906 cum
1029 1855 1259 1925 Assyriis
1337 1858 1568 1928 pepigit,
1620 1871 1668 1913 et
1707 1860 1878 1914 oleum
1951 1861 2006 1916 in

2120 1871 2276 1932 9vre,
2307 1868 2407 1921 καί
2440 1865 2739 1934 διαθήκην
2767 1863 2918 1934 μετὰ
2958 1862 3287 1930 Ἀσσυρίων
3315 1859 3559 1920 διέθετο.
3600 1857 3706 1913 καὶ

425 1939 714 2010 Εθυριιιηι
743 1958 836 2008 pro
863 1959 1030 1998 merce
1057 1945 1335 2012 inferebat.

2120 1960 2319 2017 ἔλαιον
2355 1961 2443 2026 εὶς
2473 1959 2779 2028 Αιγυπτον
2809 1955 3262 2026 ἑνεμπορεύετο.

497 2031 761 2090 CXXXV.
789 2034 834 2087 Α
863 2035 1207 2093 multitudine
1241 2039 1446 2112 vulgari
1499 2057 1713 2096 rursum
1741 2042 1810 2097 ad
1840 2043 2010 2097 tribu-

2181 2052 2351 2105 PAE'.
2403 2050 2629 2106 Μέτεισι
2683 2048 2846 2102 πάλιν
2886 2050 2914 2102 ὁ
2966 2047 3125 2116 λόγος
3171 2047 3237 2099 ὲκ
3295 2046 3393 2116 τῆς
3439 2044 3713 2117 ἀγελαίας

424 2124 503 2179 les
541 2124 814 2196 Epitraim,
864 2139 1152 2197 regnantes
1199 2147 1364 2201 super
1407 2132 1571 2187 Israel
1625 2133 1678 2188 in
1735 2134 2006 2202 Samaria,

2120 2143 2350 2216 πληθύος
2384 2143 2476 2197 ἐπὶ
2504 2143 2628 2206 τοὺς
2659 2141 2722 2193 ὲκ
2753 2138 2929 2209 φυλῆς
2965 2139 3205 2216 Ἐφραῖμ
3237 2118 3705 2218 βεϐασιλευκδῖας

427 2220 623 2276 transit
661 2221 860 2289 oratio,
896 2237 1034 2292 quos
1087 2235 1140 2279 et
1180 2235 1401 2294 propter
1443 2224 1805 2282 difﬁcultatem
1849 2244 1943 2285 eos
1978 2245 2008 2285 a

2120 2234 2207 2288 ἐπὶ
2245 2231 2335 2286 τὸν
2382 2231 2598 2302 Ἰσραὴλ
2638 2233 2696 2285 ὲν
2730 2233 2796 2301 τῇ
2845 2228 3150 2300 Σαμαρείᾳ,
3194 2227 3290 2294 οὒς
3340 2229 3434 2281 καὶ
3480 2227 3713 2298 πνεῦμα

426 2313 695 2367 sententia
727 2315 1040 2381 revocandi,
1067 2317 1597 2389 propensionemque
1644 2321 1711 2373 ad
1749 2320 2010 2378 defectio-

2120 2325 2348 2397 πονηρόν
2387 2341 2520 2395 φησι
2548 2323 2637 2378 διά
2667 2341 2747 2376 τοι
2779 2323 2878 2395 τῆς
2908 2321 3134 2392 γνώμης
3171 2321 3356 2376 αὐτῶν.
3394 2322 3456 2375 τὸ
3497 2320 3712 2390 δυσμε-

426 2421 549 2460 nezn
585 2421 613 2458 a
643 2405 750 2461 Deo
786 2421 1035 2478 magnam
1062 2418 1116 2462 et
1147 2406 1463 2465 effrenatam
1508 2411 1757 2482 spiritum
1810 2413 2010 2469 malum

2120 2418 2458 2488 τακόμιστον,
2486 2417 2579 2472 καὶ
2606 2415 2667 2468 τὸ
2701 2415 2823 2470 λίαν
2859 2412 3222 2476 ἀπονενευκδς
3276 2413 3374 2467 mi.
3400 2412 3715 2467 ἀκάθεκτον

428 2498 697 2552 nominat.
730 2498 906 2569 lnquit
941 2498 1108 2567 enim,
1151 2519 1170 2553 ι
1216 2499 1540 2560 Persecutus
1591 2515 1674 2560 est
1720 2515 1930 2562 aestum.
1987 2527 2005 2560 ι

2120 2512 2194 2573 είς
2243 2509 2542 2563 ἀπόστασιν
2567 2508 2665 2579 τὴν
2713 2506 2822 2560 ἀπὸ
2861 2505 2998 2560 Θεοῦ
3030 2522 3044 2537 ο
3087 2523 3105 2556 ι
3147 2503 3366 2572 Ἐδίωξε
3417 2504 3527 2576 γᾶρ
3571 2503 3716 2558 καύ-

430 2589 642 2644 Etenim
675 2605 797 2646 cum
841 2589 1030 2646 liceret
1065 2593 1166 2648 sub
1201 2594 1390 2649 umbra
1442 2611 1560 2650 mea
1613 2599 1831 2668 degere,
1890 2610 2012 2654 tan-

2120 2618 2286 2665 σωνα,
2313 2619 2332 2653 ι
2379 2599 2545 2670 φησι·
2581 2600 2757 2653 καίτοι
2797 2598 2904 2670 γάρ
2936 2598 3054 2664 ἐξὸν
3084 2597 3189 2652 ὑπὸ
3235 2598 3334 2669 τὴν
3384 2597 3520 2668 ἐμὴν
3563 2593 3718 2653 εἶναι

427 2696 589 2751 quam
625 2683 902 2756 transfuga
935 2685 1000 2740 ad
1033 2696 1224 2740 aestum
1263 2685 1418 2742 abiit.
1457 2677 1671 2745 Estum
1713 2690 2014 2747 tribulatio-

2120 2693 2296 2761 σκιὰν,
2321 2691 2482 2746 οἱονεί
2508 2708 2623 2754 πως
2647 2691 2942 2762 αὐτόμολος
2967 2690 3242 2760 ἀπεχώρει
3269 2689 3401 2761 πρὸς
3427 2690 3712 2746 καύσωνα.

428 2789 559 2828 num
602 2773 870 2830 fervorem
924 2785 977 2830 et
1030 2777 1394 2834 calamitatem
1443 2790 1688 2836 urentem
1745 2784 2011 2837 nominat.

2120 2785 2388 2838 Καύσωνα
2424 2784 2479 2838 δὲ
2513 2783 2768 2855 ὀνομάζει
2798 2783 2897 2852 τὴν
2927 2784 2991 2835 ἐκ
3017 2782 3124 2834 τῶν
3158 2781 3392 2848 θλίψεων
3435 2782 3716 2851 πύρωσιν,

430 2863 616 2933 Itaque
642 2867 859 2937 sapiens
892 2867 1292 2936 Parmmiastes,
1331 2871 1544 2928 labores
1592 2873 1879 2929 obscurius
1935 2876 2015 2931 sic

2120 2879 2211 2934 καὶ
2240 2877 2337 2949 τὴν
2365 2877 2811 2946 καταφλέγονσαν
2838 2874 3144 2946 συμφοράν.
3185 2874 3296 2928 Καὶ
3333 2873 3463 2942 γοῦν
3491 2874 3520 2925 ὁ
3545 2873 3721 2941 σοφὸς

432 2968 734 3028 nuncupat,
763 2967 818 3014 et
838 2959 914 3014 ait
957 2979 972 3015 :
1008 2979 1027 3011 ι
1063 2961 1312 3018 Salvatus
1344 2971 1426 3018 est
1461 2965 1528 3019 ab
1565 2975 1699 3020 aestu
1749 2966 1890 3021 filius
1933 2968 2016 3022 in—

2120 2966 2532 3040 Παροιμιαστὴς
2566 2965 2983 3036 αἰνιγματωδῶς
3012 2966 3138 3028 τοὺς
3171 2965 3367 3028 πόνους
3399 2963 3568 3028 οὓτως
3591 2965 3722 3017 ὀνο-

433 3049 714 3120 telligens;
755 3063 1042 3123 corruptus
1071 3065 1252 3111 autem
1289 3073 1318 3112 a
1357 3068 1516 3114 vento
1555 3057 1614 3114 fit
1651 3060 1704 3114 in
1746 3076 1923 3118 messe
1961 3062 2016 3116 fi-

2123 3061 2317 3133 μάζει,
2375 3060 2467 3114 καί
2528 3076 2692 3129 φησι·
2757 3077 2776 3110 ι
2806 3056 3048 3128 Διεσώθη
3103 3056 3210 3110 ἀπὸ
3260 3056 3539 3127 καύματος
3589 3056 3720 3121 υἱὸς

431 3143 540 3199 lius
571 3143 786 3214 iniquus
830 3146 897 3200 ⁸⁸.
963 3166 982 3201 ι
1041 3147 1228 3220 Itaque
1279 3147 1560 3221 Epitraim,
1620 3153 1877 3222 quoniam
1934 3165 2016 3211 est

2120 3155 2366 3224 νοήμωψ
2399 3149 2770 3222 ἀνεμόφθορος
2807 3149 2864 3202 δὲ
2896 3149 3105 3218 γίνεται
3139 3149 3196 3201 ὲν
3226 3148 3425 3218 ἀμητῷ
3462 3148 3575 3211 υἱὸς
3606 3165 3723 3200 πα-

433 3233 660 3303 spiritus
692 3235 888 3306 malus,
916 3248 1231 3308 persecutus
1264 3250 1348 3297 est
1383 3249 1598 3298 aestum.
1641 3243 1922 3311 Quaesivit,
1965 3255 2016 3303 et

2125 3247 2380 3321 ράνομος.
2407 3262 2426 3295 ι
2473 3241 2682 3297 Οὐκοῦν
2721 3244 2750 3294 ὁ
2797 3241 2894 3312 μὲν
2929 3239 3200 3312 Ἐφραῒμ,
3246 3240 3546 3311 ἐπειδήπερ
3590 3241 3726 3293 ἐστὶ

435 3324 623 3382 volens
654 3330 890 3384 accurrit
917 3330 984 3385 ad
1023 3341 1237 3388 aestum.
1291 3331 1396 3387 Sed
1450 3334 1742 3403 prudentes
1787 3337 1856 3392 de
1912 3338 2020 3394 Deo

437 3416 623 3473 dicunt
657 3437 670 3475 :
709 3439 729 3473 ι
769 3421 825 3475 in
864 3425 1052 3480 umbra
1097 3424 1216 3496 ejus
1243 3424 1567 3494 desideravi,
1603 3436 1659 3482 et
1704 3428 1819 3483 sedi
1871 3429 1936 3486 ³⁸.
1996 3449 2015 3482 ι

439 3505 701 3563 Umbram
739 3513 956 3580 superni
986 3529 1015 3567 a
1040 3513 1152 3570 Deo
1179 3516 1366 3572 auxilii
1398 3525 1769 3590 tegumentum
1802 3532 2017 3580 vocant.

439 3594 547 3650 Sed
580 3598 681 3652 hoc
705 3598 957 3668 Ephraim
985 3618 1090 3658 non
1125 3603 1273 3660 fecit.
1321 3605 1580 3673 Qumsivit
1623 3609 1766 3663 enim
1807 3619 2018 3666 azstum.

439 3687 740 3755 Quowodo,
773 3697 865 3743 aut
905 3705 1009 3760 qua
1065 3695 1309 3750 ratione?
1355 3714 1374 3748 ι
1406 3695 1544 3752 Tota
1595 3700 1682 3754 die
1736 3701 1920 3756 inania
1968 3711 2024 3758 et

439 3795 577 3834 vana
607 3781 1004 3852 multiplicavit,
1039 3803 1059 3836 ι
1093 3785 1196 3841 hoc
1227 3796 1333 3852 est,
1360 3789 1507 3844 omni
1535 3799 1778 3860 tempore
1827 3794 2022 3850 frivola

439 3883 496 3928 et
528 3873 733 3929 inutilia
762 3884 817 3930 et
844 3875 1092 3945 faciebat,
1126 3888 1181 3934 et
1209 3879 1588 3935 meditabatur»
1612 3867 1871 3950 Quaenam
1900 3887 2022 3942 illa?

445 3965 902 4024 «Testamentum
945 3984 1066 4024 cum
1107 3971 1342 4042 Assyriis
1393 3974 1612 4050 pepigit.
1661 3997 1681 4028 ι
1745 3977 1861 4032 Dixi
1909 3979 2021 4049 jam

439 4070 619 4126 antea,
649 4071 703 4117 et
727 4062 940 4133 saepius,
964 4077 1120 4132 reges
1145 4066 1407 4135 quosdam
1453 4066 1714 4125 Samaria:
1749 4079 1804 4126 et
1833 4069 2022 4126 Hiero-

441 4152 771 4223 solymorum
800 4169 1187 4226 nonnunquam
1230 4159 1475 4226 pecuniis
1518 4175 1704 4230 pacem
1755 4165 2022 4219 securita-

441 4254 657 4313 temque
701 4245 767 4298 ab
815 4245 1050 4316 Assyriis
1103 4247 1369 4303 redimere
1418 4251 1711 4320 atuduisse,
1772 4270 2023 4309 nonnun-

441 4350 606 4405 quam
634 4334 919 4407 Aigyptios
949 4337 1190 4394 subsidio
1234 4357 1479 4397 vocasse.
1542 4341 1844 4400 Mercantes
1894 4346 2023 4402 item

439 4429 707 4497 promissa
737 4429 992 4483 amicitia:
1013 4431 1270 4499 ipsorum,
1308 4448 1430 4488 cum
1463 4433 1585 4489 aliis
1615 4436 1778 4490 etiam
1813 4453 1932 4506 qua:
1970 4440 2023 4493 in

2122 3338 2338 3408 πνεῦμα
2389 3333 2642 3406 πονηρὸν,
2695 3332 2879 3397 ἐδίωξε
2930 3331 3208 3386 καύσωνα.
3263 3331 3564 3401 Ἑξήτησε,
3616 3331 3729 3384 καὶ

2121 3429 2404 3500 ὲοελοντὴς
2433 3427 2642 3498 ἀπέδρα
2683 3427 2819 3498 πρὸς
2861 3424 3138 3480 καύσωνα.
3175 3424 3314 3478 Ἀλλ’
3337 3425 3455 3492 οἵγε
3501 3425 3724 3477 συνετοὶ

2123 3521 2251 3593 περὶ
2276 3519 2411 3574 Θεοῦ
2435 3519 2682 3587 λέγουσιν
2701 3532 2712 3544 ·
2747 3537 2763 3568 ι
2789 3518 2878 3576 Ἐν
2907 3518 2974 3588 τῇ
3006 3517 3134 3587 σκιᾷ
3161 3515 3326 3570 αὑτοῦ
3359 3512 3738 3586 ἐπεθύμησα,

2123 3615 2218 3668 καὶ
2261 3611 2507 3668 ἐκάθισα.
2540 3631 2559 3663 ι
2599 3610 2766 3664 Σκιάν
2813 3609 2872 3663 δέ
2920 3626 3052 3678 φασι
3090 3609 3190 3678 τῆς
3239 3607 3390 3679 παρὰ
3439 3605 3574 3660 Θεοῦ
3615 3607 3725 3659 καὶ

2122 3693 2329 3762 ἀνωθεν
2370 3704 2691 3774 ἐπικουρίας
2728 3702 2828 3774 τὴν
2867 3701 3097 3772 σκέπην.
3146 3699 3288 3752 Ἀλλ’
3321 3699 3382 3752 οὐ
3425 3697 3583 3751 τοῦτο
3623 3697 3724 3750 δὲ-

2123 3801 2322 3873 δρακεν
2354 3802 2383 3854 ὁ
2420 3798 2680 3868 Ἐιρραῒμ.
2723 3795 2988 3865 Ἐζήτησε
3025 3793 3134 3862 γὰρ
3165 3791 3444 3846 καύσωνα.
3479 3789 3623 3854 Πῶς,
3675 3789 3727 3864 ἦ

2123 3891 2244 3944 τίνα
2277 3890 2512 3961 τρόπον;
2551 3908 2568 3940 ι
2602 3888 2770 3958 Ὅλην
2801 3887 2899 3956 τὴν
2929 3884 3144 3956 ἡμέραν
3194 3883 3325 3936 κενά
3357 3882 3451 3935 καὶ
3506 3881 3724 3951 μάταια

2123 3982 2414 4060 ξπλυῐλουνε,
2443 4000 2463 4035 ι
2498 3979 2796 4042 τουτέστιν,
2830 3979 2888 4035 ὲν
2927 3977 3091 4029 παντὶ
3141 3973 3319 4044 καιρῷ
3357 3971 3572 4054 ψυχρὰ,
3614 3971 3722 4025 καὶ

2124 4073 2374 4146 ἀνωφελῆ
2429 4073 2521 4126 καὶ
2561 4071 2712 4142 ἕδρα,
2760 4070 2855 4122 καὶ
2897 4068 3228 4121 ἐϐουλεύετο.
3263 4067 3396 4142 Ποῖα
3439 4066 3496 4118 δὲ
3535 4063 3724 4118 ταῦτά

2125 4169 2276 4232 lost;
2321 4185 2340 4218 ς
2377 4164 2653 4234 Διαοήκην
2708 4160 2844 4233 μετά
2886 4160 3186 4231 Ἀσσυρίων
3225 4157 3450 4211 διέθετο.
3477 4175 3495 4208 ι
3535 4158 3722 4228 Ἔφην

2124 4261 2180 4314 δὲ
2211 4259 2312 4330 ἤδη
2344 4255 2653 4328 προλαϐὼν,
2685 4254 2778 4308 καὶ
2819 4251 3160 4315 πλειστάκις,
3189 4252 3272 4304 ὅτι
3303 4250 3410 4304 τῶν
3446 4249 3721 4321 βασιλέων

2122 4351 2232 4405 τῶν
2259 4353 2317 4405 ὲν
2346 4347 2630 4420 Σαμαρείᾳ
2673 4345 2851 4407 τινὲς,
2893 4345 2988 4397 καὶ
3034 4344 3143 4396 τῶν
3181 4344 3239 4396 ὲν
3270 4345 3378 4405 τοῖς
3413 4340 3722 4412 Ἱεροσολύι

2128 4462 2270 4516 μοις,
2305 4443 2436 4496 ποτὲ
2473 4441 2571 4512 μὲν
2610 4439 2856 4511 χρήμασι
2893 4436 2990 4508 τὴν
3027 4437 3161 4509 πρὸς
3204 4434 3522 4500 Ἀσσυρίους
3560 4434 3725 4504 εἰρή-

441 4514 722 4580 provincia
767 4530 860 4568 sua
893 4517 1088 4571 humus
1117 4517 1376 4574 edidisset
1403 4521 1707 4578 mittebant.
1745 4525 1878 4580 Erat
1919 4544 2016 4580 an-

2129 4514 2246 4606 νην,
2287 4535 2383 4589 καὶ
2424 4532 2522 4604 τὴν
2567 4531 2774 4584 ἐκεῖθεν
2822 4528 3122 4599 ἀσφάλειαν
3168 4521 3457 4595 ἀγοράζειν
3495 4523 3724 4594 ἐπεχεί-

441 4615 549 4662 tem
582 4607 735 4662 tellus
769 4607 1161 4664 Samaritarum
1195 4609 1345 4666 ferax
1379 4613 1505 4678 olei,
1539 4625 1593 4669 et
1622 4616 1674 4669 id
1709 4619 1760 4671 in
1788 4616 2024 4690 [Egyplo

440 4700 496 4754 in
523 4715 716 4771 magno
740 4699 933 4769 pretio,
963 4699 1105 4770 quod
1135 4715 1198 4756 ea
1230 4714 1371 4758 terra
1413 4704 1464 4759 id
1515 4721 1620 4761 non
1661 4707 1848 4766 ferret.
1904 4713 2026 4766 lna-

440 4793 528 4850 nis
556 4793 721 4864 igitur
749 4803 803 4848 et
829 4808 968 4847 vana
996 4808 1120 4864 spes
1152 4809 1271 4864 qua:
1309 4795 1471 4870 168
1498 4799 1800 4858 collocatur
1836 4805 1888 4860 in
1937 4807 2038 4863 lto-

441 4889 710 4957 minibus;
745 4887 988 4958 quinimo
1016 4885 1232 4942 insultet
1269 4889 1559 4944 confidenti
1611 4891 1662 4945 in
1717 4894 2024 4954 hominibus

442 4982 536 5053 qui
567 4981 790 5036 confidit
833 4983 884 5035 in
916 4980 1048 5046 Deo,
1089 4980 1216 5035 illud
1270 4993 1336 5034 ex
1390 4979 1620 5038 Psalmis
1680 5000 1951 5055 usurpans
2006 5008 2020 5045 :

447 5090 467 5124 ι
504 5071 640 5126 Ecce
691 5073 851 5127 homo
875 5073 967 5142 qui
995 5089 1098 5128 non
1123 5074 1302 5142 posuit
1320 5072 1484 5129 Deum
1506 5077 1807 5147 adjutorem
1834 5097 2024 5150 suum,

445 5164 538 5220 sed
571 5164 810 5232 speravit
837 5165 888 5216 in
922 5165 1266 5220 multitudine
1297 5165 1610 5222 divitiarum
1644 5183 1883 5226 suarum.
1915 5171 2025 5242 Ego

447 5269 624 5313 autem
656 5257 799 5311 velut
853 5257 992 5311 oliva
1022 5257 1321 5328 fructifera,
1355 5262 1407 5316 in
1453 5263 1612 5318 domo
1657 5262 1770 5331 Dei,
1812 5268 2023 5336 speravi

447 5366 610 5418 super
637 5347 1010 5403 misericordia
1039 5349 1130 5404 Dei
1160 5350 1210 5404 in
1239 5352 1518 5417 saeculum,
1569 5363 1623 5408 et
1672 5355 1722 5408 in
1769 5357 2020 5412 saeculum

446 5440 624 5498 διερειιί
660 5439 724 5492 ⁸ο.
766 5458 783 5490 ι

2134 4646 2293 4701 ρουν,
2341 4625 2471 4680 ποτὲ
2511 4624 2568 4679 δὲ
2600 4623 2697 4694 τὴν
2727 4621 3039 4689 Αἰγυπτίων
3085 4617 3313 4672 ἐκάλουν
3365 4613 3723 4684 ἐπικουρίαν.

2146 4716 2606 4790 Ἐμπορευόμενοί
2659 4732 2720 4768 τε
2769 4714 2868 4785 τῆς
2920 4716 3052 4785 παρ’
3101 4709 3281 4766 αὐτῶν
3350 4707 3561 4785 εὐνοίας
3616 4705 3727 4778 τὴν

2122 4812 2439 4882 ὑπόσχεσιν,
2481 4809 2550 4864 τὰ
2597 4809 2661 4862 ὲκ
2707 4806 2806 4878 τῆς
2845 4804 2983 4868 ίδίας
3028 4803 3278 4874 ἔπεμπον
3323 4799 3542 4870 χώρας,
3576 4797 3730 4867 ὁμοῦ

2126 4901 2368 4975 δηλονότι
2409 4904 2523 4963 τοῖς
2553 4899 2754 4962 ἄλλοις.
2796 4895 3146 4966 Ἐλαιοιρόρος
3182 4893 3237 4945 δὲ
3265 4893 3298 4962 ὴ
3329 4887 3723 4960 Σαμαρειτῶν,

2127 4996 2225 5049 καὶ
2256 4989 2324 5066 ἦν
2359 4995 2416 5046 ἐν
2448 4989 2708 5060 Αἰγύπτῳ
2735 4991 2793 5042 ὲν
2826 4990 2960 5060 τιμῇ
2992 4987 3055 5040 τὸ
3103 4985 3301 5050 ἔλαιον,
3337 4982 3438 5035 οὐκ
3482 4979 3726 5051 ἐχούσης

2127 5083 2260 5139 αὐτὸ
2292 5086 2390 5155 τῆς
2422 5082 2543 5152 γῆς.
2579 5081 2749 5155 Κενὸν
2776 5077 2867 5133 οὖν
2901 5078 3008 5150 ἄρα
3059 5077 3150 5130 καὶ
3187 5074 3415 5146 μάταιον
3446 5072 3480 5142 ἡ
3509 5071 3591 5132 εἰς
3619 5069 3725 5124 ἁν-

2129 5172 2380 5243 θρώπους
2411 5172 2582 5234 ἐλπίς.
2614 5171 2722 5224 Καὶ
2751 5170 2813 5240 δὴ
2849 5166 3222 5240 κατορχείσθω
3255 5164 3348 5218 τοῦ
3393 5158 3725 5224 πεποιθότος

2131 5267 2218 5319 ἐπ’
2262 5264 2588 5337 ἀνθρώποις,
2614 5265 2642 5318 ὁ
2672 5265 2764 5317 ἐπὶ
2794 5261 2916 5332 Θεῷ
2956 5261 3256 5323 πεποιθὼς,
3280 5259 3341 5310 τὸ
3372 5258 3430 5310 ὲν
3461 5253 3724 5324 Ψαλμοῖς

2128 5357 2304 5408 ἐκεῖνο
2332 5355 2538 5421 λέγων’
2578 5374 2596 5406 ι
2639 5354 2770 5407 Ἰδοὺ
2822 5353 3142 5420 ἄνθρωπος,
3188 5350 3248 5414 ὃς
3295 5349 3396 5402 οὐκ
3440 5346 3594 5400 ἔθετο
3626 5344 3723 5401 τὸν

2126 5445 2257 5498 Θεὸν
2301 5445 2492 5518 βοηοὸν
2519 5444 2706 5510 αὐτοῦ,
2733 5444 2849 5497 ἀλλ’
2889 5443 3116 5514 ἤλπισεν
3147 5441 3241 5495 ἐπὶ
3279 5439 3358 5510 τῷ
3390 5437 3585 5509 πλήθει
3620 5434 3722 5490 τοῦ

446 5535 678 5589 πλούτου
706 5535 892 5590 αὑτοῦ.
923 5535 1062 5604 Ἐγὼ
1086 5536 1140 5589 δὲ
1176 5537 1304 5590 ὡσεὶ
1333 5536 1486 5590 ἐλαία
1512 5536 1869 5608 κατάκαρπος
1903 5541 1959 5593 ἐν
1986 5538 2061 5609 τῷ
2099 5540 2233 5611 οἴκῳ
2262 5540 2356 5593 τοῦ
2388 5539 2545 5606 Θεοῦ,
2601 5540 2805 5610 ἤλπισα
2832 5537 2924 5590 ἐπὶ
2949 5536 3008 5590 τὸ
3053 5534 3200 5600 ἕλεος
3229 5533 3320 5590 τοῦ
3349 5531 3482 5588 Θεοῦ
3511 5530 3592 5595 είς
3623 5527 3725 5583 τὸν

446 5629 639 5698 αἰῶνα,
664 5630 759 5684 καὶ
789 5631 869 5694 εἰς
898 5629 986 5683 τὸν
1013 5631 1184 5684 αἰῶνα
1215 5629 1305 5684 τοῦ
1337 5630 1548 5693 αἰῶνος.
1575 5649 1593 5681 ι

523 5805 564 5836 ³⁸
603 5805 760 5861 Prov.
797 5824 848 5875 χ,
883 5807 932 5862 5.
1014 5807 1054 5839 δι’
1095 5807 1248 5863 Cant.
1279 5807 1332 5873 2,
1370 5807 1422 5861 5.
1513 5807 1553 5839 ⁸ο
1596 5805 1734 5862 Psal.
1767 5822 1838 5874 Li,
1871 5804 2024 5862 9-10.
