3898 6212
216 353 307 409 τςι
1138 359 1695 426 COMMENTARIUS
1732 366 1802 425 ιΝ

1911 370 2073 429 ΞΕΑΜ
2114 373 2344 431 PROPII
2353 376 2561 434 ETAM.

3374 387 3485 449 282

281 470 387 568 tia!
437 470 645 568 κρίσις
694 471 775 568 τις)
808 474 999 543 Κυρίῳ
1030 478 1180 545 πρὸς
1218 480 1461 549 Ἰούδαν,
1503 484 1608 540 τοῦ
1646 485 1802 540 ἐκδι-

1980 487 2220 545 νειιε.2.
2260 490 2323 543 Ει
2356 492 2619 560 judicium
2654 491 2876 548 Domino
2926 505 3109 551 contra
3157 498 3377 568 ludam,
3426 512 3482 558 ut

220 562 392 631 κεῖσαι
445 562 558 615 τὸν
596 563 816 619 Ἰακώϐ.
864 566 1026 620 Κατὰ
1069 570 1177 636 τὰς
1224 571 1403 640 ὀδοὺς
1445 576 1654 641 αὐτοῦ,
1700 578 1798 631 καὶ

220 652 358 705 κατὰ
386 650 458 703 τὰ
491 652 933 722 ἐπιτηδεύματα
962 658 1151 714 αὐτοῦ
1178 661 1591 720 ἀνταποδώσω
1617 668 1799 733 αὐτῷ.

284 746 467 812 PAG’.
506 745 721 818 Ὥσπερ
758 748 997 819 Ἐφραῒμ
1025 751 1317 823 ὀνομάσας,
1350 759 1633 829 παρέδειξε
1660 765 1801 815 νοεῖν

221 836 336 899 τοὺς
363 839 429 889 ἐκ
460 836 633 909 φυλῆς
670 838 909 910 Ἐςρραῒμ
944 838 1429 912 βεϐασιλευκότας,
1476 847 1619 905 οὕτω
1665 853 1798 905 κάν-

221 929 336 997 0&5:
370 930 498 991 τοὺς
534 932 599 982 ἐκ
641 931 812 1002 φυλῆς
846 934 1014 988 Ἰούδα
1054 937 1195 991 κατὰ
1225 942 1450 1011 καιροὺς
1484 942 1798 1012 βασιλεύονο

221 1037 329 1083 τας,
356 1020 432 1084 ὡς
466 1021 527 1085 ἐξ
559 1022 823 1093 ὀνόματος
846 1025 947 1095 τῆς
975 1025 1367 1101 βασιλευούσης
1398 1037 1800 1106 κατασημαίνει

222 1111 413 1181 φυλῆςο
446 1113 781 1185 ἐπιτιμήσας
813 1115 875 1186 δὴ
907 1113 1001 1171 οῦν
1029 1119 1107 1190 τῷ
1145 1121 1403 1194 Ἐφραῖμ,
1443 1126 1559 1198 ἦτοι
1594 1131 1705 1192 τοῖς
1740 1130 1801 1195 ἐξ

233 1203 467 1275 Ἐφραῖμ
514 1205 778 1275 κρατοῦσι
809 1208 901 1262 τοῦ
936 1210 1179 1283 Ἰσραὴλ,
1231 1214 1451 1285 πνεῦμά
1488 1234 1545 1270 τε
1601 1219 1800 1285 αὐτοὺς

215 1295 483 1364 ὀνομάσας
516 1298 772 1368 πονηρὶν,
816 1302 909 1354 καὶ
962 1302 1094 1355 κενὰ
1145 1305 1239 1357 καὶ
1271 1308 1473 1375 μάταια
1508 1309 1800 1381 πληθύνειν

213 1386 402 1453 εἰπὼν,
431 1386 521 1443 διά
557 1404 621 1456 γε
648 1389 745 1443 τοῦ
788 1390 1051 1463 διαθήκας
1085 1394 1184 1465 μὲν
1222 1396 1467 1453 τίθεσθαι
1507 1403 1645 1472 πρὸς
1677 1404 1800 1457 Ἀσ-

213 1479 465 1552 συρίους,
502 1481 907 1552 ἐμπορεύεσθαι
949 1486 1005 1540 δὲ
1048 1488 1139 1539 καὶ
1177 1486 1356 1543 έλαιον
1387 1493 1469 1555 εἰς
1500 1494 1796 1562 Αἴγυπτον,

208 1573 559 1626 καταιτιᾶται
586 1573 770 1629 λοιπὸν
792 1576 917 1639 τοὺς
939 1577 999 1641 ἐξ
1030 1577 1201 1633 Ἰούδα
1225 1582 1408 1648 πάλιν,
1440 1584 1798 1656 κριθήσεσθαι

207 1680 266 1716 τε
304 1663 447 1734 πρὸς
496 1665 694 1729 αὐτοὺς
721 1666 814 1721 τὸν
841 1668 949 1724 τῶν
991 1671 1127 1726 ὅλων
1157 1673 1290 1727 Θεὸν
1338 1670 1397 1729 εὖ
1435 1678 1578 1747 μάλα
1610 1682 1794 1751 φησιν,

208 1758 371 1810 οἱονεί
400 1774 522 1820 πως
553 1758 873 1814 ἐκδικοῦντα
909 1761 1000 1816 τὸν
1038 1762 1254 1831 Ἰακὼϐ,
1288 1768 1429 1838 φημὶ
1470 1769 1532 1841 δὴ
1570 1770 1660 1823 τὸν
1694 1788 1800 1825 πα-

1902 577 2190 633 ulciscatur
2207 579 2396 636 Jacob.
2429 582 2599 638 Juxta
2624 586 2728 638 vias
2750 586 2884 654 ejus,
2918 595 2967 641 et
2981 588 3140 657 juxta
3168 594 3347 646 studia
3369 593 3482 663 ejus

1903 672 2154 725 retribuet
2181 674 2254 727 ei.

1972 760 2256 816 CXXXVI.
2336 762 2802 830 Quemadmodum
2874 770 3152 826 nominato
3220 772 3478 841 Epliraim

1901 854 2140 909 ostendit
2168 854 2540 925 intelligendos
2568 872 2721 928 reges
2770 861 2837 915 de
2874 864 3015 917 tribu
3062 842 3346 934 Epitraim,
3406 871 3478 923 ita

1901 952 1954 996 et
1976 942 2064 998 hic
2097 944 2188 1013 qui
2219 943 2506 1013 aliquando
2539 960 2604 1000 ex
2641 949 2782 1003 tribu
2814 949 2948 1005 Jnda
2981 965 3252 1022 sceptrum
3292 966 3477 1012 tenne—

1901 1045 2049 1099 runt,
2086 1045 2233 1091 utex
2265 1037 2404 1091 tribu
2439 1048 2719 1107 regnante,
2766 1042 2989 1101 indicat.
3039 1046 3332 1117 Objurgato
3378 1050 3479 1119 igi-

1902 1136 1989 1181 tur
2020 1127 2296 1197 Ephraim,
2321 1130 2437 1183 sive
2456 1129 2807 1198 Ephraimitis
2834 1133 3017 1190 lsraeli
3064 1138 3474 1207 imperantibus,

1901 1228 1949 1274 et
1990 1220 2275 1289 appellatis
2301 1222 2492 1290 spiritu
2525 1222 2688 1287 malo,
2726 1224 2997 1295 dictoque,
3034 1228 3151 1284 illos
3204 1231 3379 1284 inania
3424 1242 3479 1284 et

1901 1329 2036 1367 vana
2073 1314 2448 1383 multiplicare,
2484 1317 2623 1384 quod
2654 1326 3034 1373 testamentum
3086 1334 3204 1375 cum
3239 1322 3480 1391 Assyriis

1903 1405 2163 1473 facerent,
2191 1416 2243 1469 et
2271 1406 2445 1461 oleum
2481 1408 2822 1464 vendendum
2854 1411 2904 1464 in
2936 1409 3228 1481 Egyptum
3275 1413 3479 1481 impor-

1904 1506 2099 1563 tarent,
2131 1498 2383 1566 deinceps
2410 1488 2576 1551 etiam
2615 1496 2765 1553 Judce
2791 1515 2948 1568 reges
2979 1502 3277 1569 insimulat,
3313 1512 3368 1557 et
3392 1503 3478 1573 ju-

1901 1588 2040 1641 dicio
2070 1604 2190 1641 cum
2222 1588 2327 1642 illis
2373 1588 2747 1643 universorum
2802 1590 2971 1646 Deum
3018 1602 3351 1648 certaturum
3397 1609 3481 1648 re—

1900 1679 2139 1734 elissime
2191 1678 2386 1747 inquit,
2419 1680 2569 1748 quasi
2612 1677 2779 1733 Jacob
2825 1679 3202 1747 ulciscentem,
3244 1684 3478 1753 patriar~

1901 1774 2079 1838 citam,
2114 1773 2355 1842 inquam,
2388 1781 2446 1827 ut
2482 1774 2823 1844 iniquissime
2851 1774 3059 1839 laesum,
3089 1781 3231 1847 quod
3255 1793 3377 1832 cum
3410 1794 3478 1833 ex

206 1849 500 1920 τριάρχην,
536 1849 613 1914 ὡς
642 1851 704 1904 οὐ
741 1854 978 1924 μετρίως
1018 1831 1566 1927 ἠδικημένονζδιὰτοι
1611 1863 1672 1915 τὸ
1702 1857 1798 1918 ἶσα

1911 1880 1968 1920 eo
1998 1866 2347 1934 prodiissent,
2378 1865 2514 1921 idem
2544 1867 2610 1921 de
2639 1867 2894 1936 religione
2924 1868 3130 1921 sentire
3178 1867 3475 1922 detrectas~

212 1941 284 2011 μὴ
327 1942 548 1996 ἑλέσθαι
592 1946 812 2013 φρονεῖν
837 1946 963 2009 τοὺς
1010 1946 1070 2012 ἐξ
1099 1948 1264 2003 αὐτοῦ
1306 1953 1618 2020 γεγονότας,
1662 1957 1800 2026 μήτε

212 2033 319 2103 μὴν
347 2033 451 2104 τῆς
479 2033 740 2106 πατρῴας
764 2038 994 2093 κατόπιν
1023 2040 1157 2094 ἰέναι
1181 2042 1427 2114 γνώμης,
1450 2046 1800 2102 ἀποσείεσθαι

208 2121 264 2173 δὲ
296 2122 493 2191 ὥσπερ
525 2142 580 2178 τι
606 2123 715 2178 τῶν
746 2126 887 2193 ἄγαν
928 2128 1174 2193 ἐκτόπων
1202 2132 1263 2185 τὸ
1290 2134 1687 2205 ἀπομιμεῖσθαι
1720 2137 1804 2193 θέ-

207 2212 319 2266 λειν
352 2215 540 2271 αὐτόν.
568 2216 776 2271 Οὐκοῦν
803 2218 879 2282 ὼς
904 2220 1230 2292 ἠδικημένον
1260 2225 1340 2287 εἰς
1370 2225 1529 2291 δόξαν
1564 2227 1652 2281 διὰ
1703 2230 1803 2299 τῆς

209 2304 317 2358 τῶν
346 2306 555 2361 τέκνων
592 2309 925 2381 φαυλότητος
953 2312 1044 2366 τὸν
1082 2314 1275 2368 Ἰακὼϐ
1303 2317 1611 2389 ὲκδικήσειν
1638 2321 1805 2388 ἑπαγ-

209 2397 465 2464 τέλλεται
483 2438 499 2463 ,
536 2403 649 2465 τοῖς
678 2401 995 2472 ἠδικηκόσιν
1037 2404 1319 2470 ἀποδιδοὺς
1348 2409 1491 2462 κατὰ
1517 2408 1616 2473 τὰς
1650 2410 1803 2474 ὁδοὺς

210 2492 413 2557 αὐτῶν,
446 2495 542 2546 καὶ
572 2495 711 2548 κατὰ
739 2496 808 2549 τὰ
835 2498 1242 2571 ἐπιτηδεύματα
1267 2502 1467 2557 αὐτῶν.

287 2587 392 2638 Ἐν
436 2583 512 2653 τῇ
552 2589 753 2655 κοιλίᾳ
795 2589 1112 2659 ἐπτέρνισε
1148 2592 1255 2647 τὸν
1292 2593 1564 2662 ἀδελφὸν
1592 2596 1798 2661 αὑτοῦ,

211 2677 306 2730 καὶ
347 2678 419 2731 ἐν
457 2679 668 2746 κόποις
701 2681 889 2735 αὐτοῦ
934 2683 1231 2753 ἐνίσχυσε
1278 2685 1430 2753 πρὸς
1475 2687 1643 2741 Θεόν.
1692 2688 1804 2742 Kal

211 2769 509 2836 ἑνίσχυσε
534 2771 683 2839 μετὰ
712 2771 994 2840 ἀγγέλου,
1030 2773 1132 2827 και
1167 2773 1504 2843 ἠδυνάσθη.

276 2862 453 2915 ΡΛΖ’.
503 2863 923 2932 Ἀπαριθμεῖται
970 2866 1257 2936 χρησίμως
1287 2867 1387 2930 τὰς
1427 2868 1805 2940 εὐδοκιμήσεις

209 2952 303 3006 τοῦ
345 2952 574 3022 Ἰακὼϐ,
619 2956 701 3018 εις
742 2955 964 3026 ἐλέγχου
1007 2957 1237 3028 δύναμιν
1274 2959 1596 3030 παρατιθεὶς
1634 2959 1804 3023 αὐτὰς

211 3046 319 3097 τῶν
355 3046 520 3115 ἔτερα
574 3047 711 3100 ἅττα
766 3049 980 3117 φρονεῖν
1022 3064 1083 3100 τε
1152 3050 1247 3101 καὶ
1295 3048 1427 3120 δρᾷν
1471 3049 1797 3120 ᾑρημένων·

1903 1967 2052 2022 sent,
2084 1972 2256 2026 neque
2284 1968 2495 2027 patrum
2537 1958 2781 2027 vestigiis
2816 1957 3162 2024 institissent,
3204 1965 3260 2012 et
3288 1957 3481 2012 volun-

1906 2057 2069 2102 tatem
2100 2048 2242 2102 illius
2276 2049 2517 2103 imitandi
2555 2063 2653 2104 ceu
2690 2049 2945 2119 quiddam
2986 2048 3333 2103 vehementer
3380 2050 3479 2102 ab-

1902 2140 2121 2195 surdum
2158 2140 2549 2207 repudiassent.
2582 2139 2782 2209 Quare,
2814 2149 2871 2193 ut
2892 2139 3006 2207 ejus
3027 2139 3195 2208 gloria
3229 2155 3324 2209 per
3346 2138 3481 2193 ﬁlio-

1904 2247 2023 2286 rum
2055 2230 2450 2300 improbitatem
2490 2232 2805 2297 obscurata,
2857 2228 3024 2285 Iacob
3070 2245 3131 2286 se
3178 2230 3482 2285 vindicatu-

1903 2340 2021 2379 rum
2050 2323 2352 2394 pollicetur,
2389 2324 2662 2381 reddendo
2710 2322 2985 2395 iniuriosis
3035 2322 3333 2377 secundum
3363 2320 3482 2375 vias

1902 2428 1956 2473 et
1983 2418 2156 2473 studia
2184 2418 2441 2488 ipsorum.

1974 2597 2139 2653 Vens.
2168 2598 2222 2652 5.
2252 2596 2318 2650 In
2346 2607 2490 2650 utero
2507 2594 2864 2664 supplantavit
2894 2594 3115 2662 fratrem
3146 2607 3322 2654 suum,
3353 2592 3480 2644 etin

1905 2689 2171 2744 laboribus
2211 2690 2319 2743 suis
2348 2687 2623 2754 praevaluit
2650 2686 2707 2740 in
2732 2685 2920 2743 Deum.
2951 2685 3017 2739 Et
3050 2682 3327 2753 prwoaluit
3362 2698 3481 2737 cum

1904 2781 2107 2850 angelo,
2133 2790 2179 2834 et
2212 2782 2403 2846 potuit.

1974 2869 2283 2926 CXXXVII.
2321 2869 2536 2927 Utiliter
2564 2867 2753 2923 laudes
2784 2865 2952 2922 Jacob
2974 2873 3276 2931 enumerat,
3310 2871 3369 2918 ut
3414 2862 3480 2918 iis

1904 2962 2061 3017 aliter
2089 2972 2141 3017 et
2168 2961 2470 3031 cogitantes
2519 2969 2573 3016 et
2608 2960 2870 3016 facientes
2902 2960 3222 3029 redarguat;
3270 2970 3484 3025 semper

1905 3053 2048 3107 enim
2074 3052 2200 3107 boni
2233 3051 2572 3122 appositione
2597 3049 2792 3104 malum
2828 3062 2922 3103 seu
2962 3047 3215 3103 vitiosum
3238 3044 3483 3115 coargui-

211 3136 297 3190 ὰεὶ
337 3137 449 3208 γάρ
484 3154 603 3200 πως
644 3139 1069 3210 ἁντιπαραθέσει
1107 3139 1203 3193 τοῦ
1249 3140 1457 3211 ἀγαθοῦ
1510 3140 1570 3194 τὺ
1601 3140 1801 3210 φαῦλον

1911 3155 2010 3210 tur,
2046 3155 2101 3201 et
2147 3159 2215 3199 ex
2264 3143 2553 3199 collatione
2602 3140 2973 3205 laudabilium,
3021 3138 3163 3209 quod
3215 3135 3481 3207 ejusmodi

212 3226 517 3297 ἐλέγχεται,
550 3229 644 3293 καὶ
675 3232 741 3299 τῇ
784 3230 1099 3299 παραδειεει
1141 3231 1252 3287 τῶν
1293 3233 1698 3304 ἐπαινουμένων
1739 3233 1801 3288 τὸ

216 3319 288 3388 μὴ
321 3317 499 3381 οὕτως
542 3318 665 3389 ἕχον
706 3322 1128 3391 κατηγορεῖσθαι
1160 3323 1325 3393 φιλεῖ.
1355 3325 1475 3378 Ὅτι
1504 3324 1679 3378 τοίνυν
1705 3324 1803 3378 καὶ

212 3408 267 3473 ἐξ
292 3407 479 3461 αὐτῶν
505 3408 835 3478 σπαργάνων
864 3410 1065 3482 εὐφυὴς
1093 3412 1316 3481 γέγονεν
1350 3412 1564 3480 Ἰακὼϐ,
1602 3413 1800 3485 μᾶλλον

213 3497 265 3550 δὲ
290 3499 390 3550 καὶ
422 3498 535 3566 πρὸ
554 3498 764 3562 ὠδῖνος.
800 3502 1055 3571 πειρᾶται
1080 3501 1347 3557 δεικνύειν
1383 3504 1472 3557 διὰ
1493 3503 1590 3558 τοῦ
1635 3522 1798 3577 πτερο

214 3587 357 3641 νίσαι
387 3587 483 3641 τὸν
504 3588 733 3657 ἀδελφὸν
760 3590 819 3642 ἐν
851 3594 916 3662 τῇ
944 3591 1138 3662 κοιλίᾳ.
1166 3594 1231 3647 Et
1270 3594 1374 3666 γὰρ
1407 3595 1502 3648 καὶ
1537 3595 1688 3658 θείας
1714 3596 1805 3649 δυ-

218 3679 436 3750 νάμεως
479 3679 760 3750 ἐνέργημα
797 3681 859 3735 τὸ
898 3683 1173 3754 δρώμενον
1204 3679 1274 3755 ἦν
1321 3685 1402 3753 (οὐ
1448 3687 1557 3757 γάρ
1601 3705 1706 3741 που
1741 3688 1806 3741 τὸ

222 3770 419 3841 βρέφος
450 3770 511 3824 τὸ
532 3772 591 3824 ἐν
621 3772 845 3843 ιμόρύῳ
898 3775 993 3827 καὶ
1026 3777 1206 3848 μήτρᾳ
1231 3779 1513 3848 πτερνίσαι
1540 3781 1721 3851 φαμὲν
1745 3782 1805 3849 ἐξ

222 3861 414 3914 ἑαυτοῦ
440 3861 531 3914 τὸν
567 3861 785 3933 Ἠσαῦ),
810 3863 924 3917 ἀλλ’
948 3860 1041 3918 οῦν
1079 3867 1221 3921 κατὰ
1252 3868 1559 3939 πρόγνωσιν
1586 3871 1660 3935 ὼς
1686 3873 1805 3926 ὲσο-

226 3952 367 4022 μένῳ
397 3952 644 4023 χρηστῷ,
680 3952 777 4025 τὴν
807 3954 903 4008 τοῦ
943 3958 1224 4026 γεγονότος
1261 3960 1597 4032 κατόρθωσιν
1631 3963 1806 4017 ἐνετί-

226 4043 303 4096 θει
331 4044 483 4108 Θεὸς.
514 4044 673 4100 Οῦτω
707 4046 801 4099 καὶ
827 4047 1034 4116 ἔφασκε
1060 4065 1075 4083 ο
1110 4069 1128 4101 ι
1160 4051 1263 4104 Τὸν
1303 4052 1497 4107 Ἰακὼϐ
1520 4054 1803 4126 ἠγάπησα,

225 4134 313 4187 τὸν
349 4135 409 4188 δὲ
453 4135 624 4191 Ἠσαῦ
666 4139 927 4208 ἐμίσησα.
952 4158 972 4192 ι
1006 4140 1177 4195 Τοῦτο
1218 4142 1273 4195 δὲ
1308 4139 1373 4215 ἦν
1413 4146 1533 4199 κατ’
1576 4145 1807 4217 ἐκλογὴν

226 4227 459 4298 χάριτος,
493 4229 748 4300 ἑλομένου
787 4230 924 4284 Θεοῦ
956 4232 1049 4286 τὸν
1072 4235 1280 4304 ἀμείνω
1311 4253 1411 4289 που
1445 4237 1661 4301 πάντως
1689 4238 1810 4290 ἐσόο

228 4319 512 4389 μενον,’ὡς
554 4323 613 4373 ὲν
646 4322 950 4391 προγνώσει
988 4323 1052 4395 δὴ
1092 4326 1272 4380 πάλιν.
1308 4326 1471 4380 Ἀλλὰ
1518 4329 1678 4382 ταυτὶ
1710 4329 1808 4400 μὲν

224 4411 279 4464 ὲν
313 4414 522 4484 μήτρᾳ.
562 4413 777 4485 Ἐπειδὴ
802 4415 860 4468 δὲ
901 4416 1169 4488 προῆλθεν
1197 4420 1277 4480 εἰς
1314 4419 1474 4491 ἥϐην,
1511 4420 1712 4490 μᾶλλον
1751 4421 1809 4475 δὲ

1908 3251 2014 3293 ηοιι
2044 3245 2147 3301 est,
2182 3236 2502 3306 reprehendi
2535 3249 2597 3289 ac
2627 3233 2871 3289 damnari
2907 3232 3061 3287 solet.
3092 3232 3173 3284 Ab
3202 3229 3333 3297 ipsis
3378 3227 3482 3296 igi—

1907 3340 1996 3386 tur
2024 3327 2361 3386 incunabulis
2385 3326 2551 3383 Iacob
2586 3326 2753 3381 fuisse
2788 3324 3019 3379 habilem
3060 3336 3123 3376 ac
3177 3321 3482 3380 dexterum,

1908 3425 2017 3479 imo
2045 3432 2332 3491 antequam
2363 3429 2516 3489 partu
2544 3418 2817 3481 ederetur,
2844 3431 2911 3471 ex
2938 3430 3003 3469 eo
3030 3413 3260 3483 probare
3305 3408 3483 3463 studet

1908 3516 2051 3587 quod
2082 3514 2305 3569 fratrem
2351 3512 2402 3566 in
2446 3521 2601 3565 utero
2633 3519 2878 3563 materno
2931 3503 3308 3576 supplantarit.
3368 3499 3483 3554 Etsi

1908 3609 2052 3663 enim
2090 3603 2283 3660 divinat
2312 3602 2528 3657 virtutis
2557 3615 2692 3671 opus
2721 3599 2842 3665 fuit,
2880 3598 3023 3669 quod
3069 3595 3327 3667 agebatur
3354 3593 3482 3662 (non

1909 3698 2052 3754 enim
2085 3696 2347 3751 infantem
2383 3694 2434 3747 in
2468 3690 2767 3746 visceribus
2809 3698 2863 3744 et
2904 3697 3058 3743 utero
3095 3701 3187 3756 per
3234 3698 3294 3738 se
3344 3682 3483 3736 Esau

1910 3792 2146 3861 plantam
2175 3787 2411 3844 tenuisse
2437 3784 2618 3841 dicere
2647 3780 2948 3848 audemus).
2987 3788 3163 3833 tamen
3189 3773 3482 3829 secundum

1911 3879 2330 3951 prazscientiam,
2363 3885 2424 3932 ut
2453 3876 2543 3946 qui
2570 3874 2744 3930 bonus
2769 3881 2915 3928 esset
2946 3870 3180 3930 futurus,
3216 3866 3355 3919 Deus
3382 3864 3485 3918 hoc

1912 3973 2111 4029 factum
2132 3970 2406 4041 egregium
2432 3967 2486 4021 in
2513 3982 2578 4022 eo
2602 3963 2886 4030 excitavit;
2919 3962 3008 4032 qui
3027 3960 3189 4016 etiam
3213 3960 3286 4012 ita
3312 3957 3484 4011 dixit:

1918 4085 1936 4118 ι
1970 4064 2137 4119 Jacob
2172 4061 2356 4123 dilexi,
2398 4057 2560 4129 169
2591 4056 2731 4111 Esau
2768 4062 2950 4108 autem
2996 4049 3121 4104 odio
3164 4047 3323 4102 babui
3354 4045 3419 4098 “.
3460 4062 3483 4097 ι

1913 4156 2027 4210 lloc
2064 4167 2224 4224 porro
2253 4158 2371 4204 erat
2407 4147 2701 4204 secundum
2743 4141 3059 4198 electionem
3098 4136 3307 4208 gratim,
3360 4149 3483 4190 cum

1912 4243 2163 4315 elegisset
2187 4239 2328 4294 Deus
2350 4237 2498 4292 omni
2528 4235 2735 4289 ratione
2758 4231 3035 4285 meliorem
3065 4228 3339 4292 futurum;
3389 4225 3486 4315 sed

1915 4345 1971 4391 ut
1995 4314 2061 4389 ex
2091 4326 2447 4403 praescicntia.
2474 4326 2646 4393 Atque
2680 4322 2794 4377 haec
2823 4320 3043 4391 quidem
3083 4317 3136 4372 in
3166 4325 3343 4370 utero.
3380 4314 3484 4370 Ubi

1915 4435 2093 4481 autem
2123 4418 2416 4491 iuvenilem
2447 4424 2658 4471 aetatem
2684 4412 2889 4483 attigit,
2919 4409 3029 4465 imo
3054 4407 3236 4463 verius
3270 4407 3322 4461 in
3349 4406 3484 4460 viris

226 4504 317 4557 καὶ
351 4507 413 4558 ὲν
458 4505 688 4575 ἀνδράσι
733 4506 905 4558 ἐτέλει
953 4506 1157 4573 λοιπὸν,
1207 4526 1225 4558 ι
1270 4509 1360 4563 Ἐν
1407 4509 1595 4575 κόποις
1643 4508 1802 4564 αὑτοῦ

1915 4524 2227 4572 numeratus
2260 4521 2362 4578 est,
2404 4528 2424 4561 ι
2487 4509 2541 4563 in
2592 4503 2869 4560 laboribus
2920 4502 3032 4558 suis
3093 4498 3375 4572 praevaluit
3431 4496 3485 4550 in

224 4595 473 4667 ἐνίσχυσε
500 4597 640 4669 πρὸς
683 4597 881 4654 Θεόν.»
929 4598 1065 4652 Θεοῦ
1113 4600 1220 4671 γὰρ
1251 4600 1564 4671 πέμποντος
1609 4604 1802 4656 οἱκονο⁴

1913 4610 2101 4664 Deum.
2140 4623 2159 4657 ι
2204 4603 2335 4657 Nam
2369 4615 2490 4656 cum
2513 4599 2648 4653 Deus
2670 4595 3011 4667 providenter
3030 4608 3153 4651 eum
3174 4592 3239 4646 ad
3262 4590 3486 4645 sudores

226 4690 401 4757 μικῶς
427 4690 507 4753 εις
546 4690 777 4762 ἱδρῶτας
808 4691 902 4745 καὶ
938 4693 1154 4758 πόνους,
1181 4694 1280 4747 οὐκ
1309 4694 1595 4765 ἠσθένησε,
1625 4695 1812 4765 φησίν.

1909 4702 2231 4768 laboresque
2278 4693 2535 4756 misisset,
2586 4704 2692 4744 non
2748 4685 2965 4751 defecit,
3020 4684 3214 4754 inquit.
3262 4684 3341 4736 An
3376 4696 3485 4737 non

224 4781 295 4833 ἰι
340 4780 450 4851 γὰρ
493 4782 595 4851 ούχ
648 4782 840 4853 ἱδρὼς,
881 4784 943 4837 τὸ
979 4787 1079 4854 τῆς
1117 4783 1379 4856 πατρῴας
1416 4787 1513 4856 μὲν
1557 4787 1802 4857 ἀπαίρειν

1911 4793 2051 4847 enim
2083 4787 2301 4846 sudoris
2329 4800 2465 4856 opus
2496 4791 2597 4846 est,
2639 4795 2667 4835 a
2709 4786 2930 4849 paterna
2980 4776 3139 4830 domo
3183 4772 3483 4837 discedere,

224 4871 429 4939 ἑστίας,
466 4874 812 4942 ἀφικνεῖσθαι
852 4876 908 4930 δὲ
946 4877 1081 4947 πρὸς
1109 4876 1314 4942 Λάϐαν,
1354 4879 1447 4932 καὶ
1484 4878 1802 4950 ἀνασχέσθαι

1911 4884 1973 4937 ad
2010 4882 2189 4936 Laban
2217 4865 2489 4942 devenire,
2511 4874 2581 4929 ibi
2608 4868 2993 4925 mercenariam
3018 4865 3330 4921 servitutem
3362 4879 3485 4919 sus-

224 4960 479 5031 θητείας,
525 4967 778 5029 καὶτοὺς
808 4968 901 5020 ἐπὶ
940 4968 1003 5020 τὸ
1033 4968 1341 5039 ποιμαίνειν
1376 4968 1671 5040 ἀνατλῆναι
1711 4969 1809 5023 πό-

224 5069 382 5118 νουςς
419 5055 743 5125 Ἀμλςιϐολον
765 5057 982 5121 οὐκοῦν,
1010 5077 1029 5111 ι
1061 5059 1149 5113 Ἐν
1176 5059 1359 5122 πόνοις
1386 5058 1635 5128 ἐνίσχυσε
1671 5059 1808 5130 πρὸς

224 5144 373 5196 Θεόν.
390 5164 409 5197 ι
436 5147 548 5217 Οὐχ
575 5146 652 5211 ὼς
675 5147 794 5219 Θεῷ
825 5149 1151 5220 μαχόμενος,
1180 5149 1471 5204 ὑπακούων
1495 5149 1551 5203 δὲ
1583 5149 1803 5220 μᾶλλον,

224 5236 320 5288 καὶ
352 5238 512 5289 οἱονεὶ
540 5240 990 5310 περιγιγνόμενος
1028 5240 1117 5294 διὰ
1144 5240 1238 5294 τοῦ
1259 5239 1501 5311 πληροῦν
1534 5239 1603 5294 τὰ
1644 5257 1807 5295 κεκε-

225 5325 512 5396 λευσμένα.
548 5330 700 5393 Ἐξὸν
736 5331 844 5405 γὰρ
888 5333 1142 5404 ἀνιδρωτὶ
1175 5333 1442 5400 πλουτεῖν,
1479 5334 1571 5388 καὶ
1610 5334 1808 5405 εὐημε-

229 5421 341 5485 ρεῖν
372 5419 507 5475 οἴκοι
532 5422 766 5493 μένοντα
790 5425 880 5478 τὸν
908 5426 1125 5492 Ἰακὼϐ,
1150 5426 1250 5479 οὒκ
1281 5425 1627 5497 ἀγύμναστον
1655 5428 1804 5498 ἠφίει

226 5507 380 5571 Θεός.
416 5511 535 5566 Ἐπὶ
560 5514 832 5584 προφάσει
856 5515 914 5567 δὲ
957 5516 1155 5585 μᾶλλον
1193 5516 1301 5569 τῶν
1330 5516 1387 5583 ἐξ
1420 5514 1588 5569 Ἠσαῦ
1617 5516 1802 5586 δειμά-

229 5614 332 5653 των
360 5601 445 5654 ἐπ’
474 5604 778 5677 ἀλλοδαπὴν
810 5607 955 5662 ιόντα
996 5607 1180 5679 χώραν
1212 5626 1269 5662 τε
1316 5608 1408 5663 καὶ
1456 5608 1629 5673 πόλιν,
1676 5607 1801 5662 δύσ-

298 5780 345 5812 δ¹
391 5779 609 5838 Malach.
643 5798 682 5848 I,
714 5785 768 5837 Ii.

1912 4975 2119 5038 tinere,
2149 4980 2203 5026 et
2230 4967 2539 5040 pastoritios
2580 4963 2795 5018 labores
2832 4957 3107 5028 perferre?
3153 4956 3267 5011 Hoc
3317 4957 3487 5027 igitur

1913 5074 1998 5120 est
2028 5062 2359 5132 ambiguum,
2394 5076 2411 5110 ι
2448 5059 2501 5112 in
2532 5052 2807 5110 laboribus
2837 5049 3117 5120 praevaluit
3140 5050 3193 5104 in
3229 5049 3392 5105 Deum
3420 5067 3435 5105 :
3462 5068 3481 5100 ι

1915 5168 2019 5209 non
2055 5151 2209 5222 quasi
2232 5163 2353 5205 cum
2387 5146 2495 5200 Deo
2524 5156 2788 5214 pugnans,
2831 5142 2925 5196 sed
2977 5138 3239 5194 obedieus
3285 5139 3485 5208 potius,

1914 5255 1968 5301 et
2001 5242 2165 5299 veluti
2199 5238 2446 5309 superior
2481 5251 2543 5290 ac
2574 5236 2770 5298 victor,
2824 5233 2965 5303 quod
3017 5230 3163 5301 justa
3215 5230 3483 5300 impleret.

1913 5333 2047 5389 Nam
2083 5346 2206 5386 cum
2241 5330 2431 5384 liceret
2466 5324 2632 5381 Jacob
2658 5324 2793 5380 citra
2823 5326 3073 5379 sudorem
3117 5323 3405 5382 ditescere,
3431 5325 3486 5371 ct

1913 5424 2222 5481 felicitatem
2254 5419 2501 5489 adipisci,
2546 5418 2591 5473 si
2648 5416 2793 5473 domi
2844 5424 3109 5479 maneret,
3166 5411 3310 5467 Deus
3359 5422 3481 5463 eum

1911 5512 2303 5572 exercitatione
2330 5524 2527 5565 vacare
2574 5523 2680 5563 non
2731 5506 3007 5578 permisit;
3065 5504 3161 5559 sed
3199 5499 3485 5555 occasione

1911 5605 2176 5660 minarum
2202 5602 2267 5660 ab
2291 5601 2428 5658 Esau
2448 5595 2912 5661 intentatarum,in
2930 5592 3267 5664 peregrinum
3287 5583 3483 5651 solum,
