3898 6212
447 370 554 430 283
1439 363 1495 432 S.
1539 365 1812 431 CYillLLl
1853 373 2323 432 ALEXANDRINI
2362 376 2682 433 AllClllEP.
3591 378 3700 431 (ΞΜ

449 475 505 519 et
537 467 722 532 urbem
754 465 1052 535 profectum
1081 465 1148 532 δ’,
1183 467 1454 536 negotium
1481 469 1863 536 permolestum
1895 482 1986 523 sus

2173 483 2296 520 στον
2348 468 2667 537 ὑπενεγκεῖν
2712 468 3087 539 παρεσκεύαζε
3137 467 3319 530 πόνον,
3374 467 3459 520 ἴνα
3503 467 3596 521 κοιλ⁸
3644 472 3704 520 ἐν

455 556 626 611 linere
660 555 816 623 fecit,
850 565 910 612 ut
953 559 1115 612 etiam
1157 559 1209 612 in
1249 559 1381 627 ipsis
1428 560 1642 615 casibus
1693 560 1906 614 sincere
1966 560 1994 614 il

2172 560 2311 622 ὅταῖς
2350 562 2470 624 ταῖς
2500 560 2711 630 θλίψεσι
2747 561 2845 631 τῆς
2872 563 2950 624 εἰς
2978 561 3109 614 Θεὸν
3135 561 3356 629 ἀγάπης
3381 559 3711 629 τετηρηκὼς

455 648 620 702 Deum
671 648 940 705 charilate
993 659 1230 714 servata,
1303 649 1422 719 jure
1467 659 1611 704 esset
1656 647 1994 702 admirationi

2165 651 2437 721 5γνήσιον,
2465 652 2690 714 εἰκότως
2714 651 3064 722 θαυμάζοιτο.
3089 649 3319 711 Οὐκοῦν,
3349 669 3367 700 ι
3390 650 3704 717 Ἐνῐσχυσεν

455 738 618 808 Igitur
655 758 674 792 ι
711 739 988 808 przevaluit
1017 739 1071 794 in
1099 740 1372 796 laboribus
1397 742 1508 795 suis
1543 740 1594 794 in
1625 741 1827 806 Deum;
1867 759 1884 792 ι
1926 756 1994 795 εει

2166 742 2390 806 ιπόνοις
2423 741 2587 794 αὑτοῦ
2629 742 2764 814 πρὸς
2805 740 2906 816 τὸν⁹
2952 741 3106 794 Θεόν.
3135 759 3152 791 ι
3197 739 3334 792 Ἀλλ’
3364 759 3381 790 ι
3424 739 3705 808 Ἐνίσχυσε

459 847 477 879 ι
512 828 801 885 Praevaluit
825 831 986 887 etiam
1018 847 1140 887 cum
1188 832 1396 901 angelo,
1445 832 1641 900 inquit,
1682 843 1738 887 et
1771 832 1960 902 potuit.
1997 854 1998 883 ;

2166 832 2216 884 αὶ
2269 833 2384 902 μετ’
2410 832 2664 901 ἀγγέλου,
2696 833 2851 902 φησὶ,
2887 832 2982 886 καὶ
3020 831 3347 901 ἠδυνάσθη.»
3389 830 3705 883 Πεπάλαικε

457 920 715 976 [metatus
733 931 816 976 est
842 923 984 977 enim
1015 937 1136 978 cum
1166 939 1229 978 eo
1267 924 1487 993 angelus
1513 933 1572 976 ut
1606 923 1656 976 in
1694 921 1863 977 forma
1904 922 1996 976 Dei

2170 922 2230 994 ἀρ
2261 924 2491 992 ἄγγελος
2525 925 2662 996 πρὸς
2688 925 2871 986 αὑτὸν,
2897 924 2974 987 ὼς
3006 926 3063 976 ὲν
3091 924 3219 976 εἴδει
3249 923 3404 976 Θεοῦ.
3446 923 3580 974 Τότε
3610 923 3709 974 καὶ

457 1011 592 1066 Tum
625 1013 788 1068 etiam
821 1015 1084 1069 emarcuit
1117 1015 1290 1069 l'emur
1332 1015 1470 1084 ejus.
1515 1013 1893 1068 Verumtamen
1943 1013 1995 1067 di

2174 1013 2427 1082 νάρκησεν
2459 1015 2487 1065 ὁ
2529 1011 2702 1083 μηρὸς
2736 1012 2920 1067 αὑτοῦ.
2958 1011 3103 1081 Πλὴν
3132 1011 3160 1063 ὁ
3191 1011 3475 1074 Θεσπέσιος
3511 1010 3713 1062 Ἰακὼὸ

455 1101 614 1156 vinus
669 1100 836 1157 Jacob
877 1103 1082 1173 gratias
1144 1104 1268 1159 huic
1325 1105 1482 1158 lucta:
1536 1107 1757 1174 agebat;
1810 1105 1994 1159 diceba

2170 1101 2381 1171 λείστην
2409 1103 2540 1171 ὅσην
2587 1100 2857 1170 ὡμολόγει
2897 1104 2962 1172 τῇ
3000 1102 3145 1172 πάλῃ
3191 1101 3291 1170 τὴν
3342 1100 3524 1170 χάριν.
3555 1100 3709 1168 Ἔφη

455 1193 598 1245 enim
626 1207 642 1246 :
673 1212 693 1245 ι
728 1194 859 1260 Quia
884 1194 992 1248 vidi
1019 1195 1184 1249 Deum
1223 1193 1360 1249 facie
1406 1194 1471 1248 ad
1511 1193 1726 1259 faciem,
1769 1204 1826 1249 et
1875 1195 1994 1250 salv;

2172 1191 2252 1262 ὶρ,
2286 1210 2304 1241 ι
2325 1191 2444 1244 Ὅτι
2475 1188 2611 1244 εἶδον
2635 1191 2769 1244 Θεὸν
2799 1192 3088 1262 πρόσωπον
3113 1191 3245 1262 πρὸς
3275 1191 3585 1260 πρόσωπον,
3611 1190 3711 1244 καὶ

459 1283 598 1338 facta
631 1294 711 1338 est
741 1286 915 1339 anima
941 1302 1058 1342 mea
1092 1287 1158 1340 ⁸⁵⁸.
1198 1305 1216 1338 ι

2124 1283 2299 1352 ἐσώθη
2336 1299 2437 1350 μου
2463 1283 2496 1352 ἡ
2535 1283 2702 1354 ψυχή.
2728 1302 2746 1334 ι
3659 1280 3663 1284 ’

527 1375 839 1445 Mysterium
872 1376 1033 1447 igitur
1061 1378 1111 1431 iu
1137 1377 1352 1433 Christo
1387 1391 1480 1446 per
1524 1377 1720 1432 luctam
1764 1392 1886 1433 cum
1927 1393 2025 1433 an-

2193 1370 2266 1423 Τὸ
2307 1373 2404 1440 μὲν
2437 1366 2527 1424 οὖν
2570 1371 2660 1423 ἐπὶ
2711 1369 2930 1441 Χριστῷ
2967 1370 3261 1441 μυστήριον
3289 1367 3376 1422 διὰ
3419 1367 3517 1437 τῆς
3568 1366 3712 1436 πρὸς

457 1467 576 1534 gelo
607 1476 1074 1535 praemonstratnm
1103 1476 1204 1522 est.
1235 1465 1651 1522 Perseverarunt
1675 1469 1816 1523 enim
1845 1479 1996 1539 poste

2167 1466 2214 1516 δν
2248 1465 2476 1534 ἄγγελον
2510 1464 2956 1535 προανεδείκνυτο
2989 1463 3186 1532 πάλης.
3218 1462 3450 1532 Ἔμενον
3501 1460 3616 1531 γὰρ
3655 1461 3706 1512 oi

462 1555 504 1608 ri
533 1555 700 1609 Jacob
735 1558 1006 1612 adversari
1043 1557 1282 1621 Christo,
1315 1573 1473 1627 quem
1522 1559 1795 1628 prophetat
1843 1575 2000 1629 magn

2168 1554 2185 1618 Ξ
2219 1553 2408 1607 Ἰακὼὸ
2450 1553 2913 1623 ἀνταγωνίζεσθαι
2946 1553 3022 1623 τῷ
3065 1552 3322 1624 Χριστῷ,
3361 1552 3420 1605 ὃν
3461 1552 3707 1621 μεγάλης

457 1647 669 1700 consilii
695 1647 954 1713 Angelum
986 1657 1181 1703 vocant
1219 1648 1287 1703 “.
1341 1649 1407 1702 Et
1432 1649 1520 1702 alii
1556 1649 1770 1718 quidem
1816 1667 1996 1706 marco

2168 1647 2322 1714 ουλῆς
2347 1647 2613 1715 Ἄγγελον
2637 1646 2787 1699 ὁτῶν
2816 1645 3110 1716 προφητῶν
3137 1645 3386 1716 ὠνόμασε
3415 1643 3707 1711 λόγος.1(α”ι¹

461 1749 597 1798 rem,
627 1735 678 1789 id
713 1745 816 1798 est,
860 1736 1282 1806 redemptionem
1329 1737 1445 1806 ejus
1494 1754 1599 1793 non
1652 1739 1993 1796 admittentes

2168 1743 2173 1791 ζ
2204 1740 2300 1808 μὲν
2332 1739 2597 1810 νάρκησιν
2641 1739 2742 1809 τὴν
2771 1739 2900 1807 παρ’
2940 1736 3106 1790 αὑτοῦ
3135 1735 3403 1806 λύτρωσιν
3431 1736 3496 1787 οὑ
3540 1751 3707 1805 προσ-

457 1825 546 1879 alii
577 1827 738 1880 etiam
769 1840 830 1883 se
861 1827 1058 1882 vidisse
1101 1843 1196 1898 per
1229 1830 1425 1896 ipsum,
1448 1841 1503 1886 et
1550 1831 1602 1885 in
1651 1833 1766 1900 ipso
1794 1832 1930 1888 facie
1959 1849 1996 1886 at

2167 1832 2392 1902 κάμενοι
2411 1847 2425 1864 ι
2461 1834 2510 1885 οἱ
2539 1832 2597 1884 δὲ
2629 1831 2722 1885 καὶ
2750 1832 3049 1901 ὁμολογεῖν,
3077 1830 3158 1882 ὅτι
3188 1828 3472 1881 τεθέανται
3505 1827 3574 1880 δι’
3605 1829 3706 1880 αὑ-

461 1917 654 1972 faciem
684 1933 868 1985 unum,
897 1929 950 1973 et
978 1929 1191 1986 natura,
1224 1928 1278 1974 et
1310 1935 1433 1974 vere
1467 1922 1632 1976 Deum
1663 1924 1904 1977 conliteri
1933 1939 2000 1978 no

2173 1921 2220 1975 >6
2257 1939 2316 1975 τε
2363 1922 2456 1975 καὶ
2487 1924 2544 1974 ἐν
2572 1919 2722 1991 αὑτῷ
2770 1920 3058 1991 πρόσωπον
3101 1918 3238 1988 πρὸς
3287 1917 3578 1988 πρόσωπον
3615 1917 3712 1968 τὸν

462 2009 655 2064 lentes.
682 2010 735 2063 In
759 2014 936 2079 seipso
966 2011 1106 2065 enim
1137 2011 1372 2066 ostendit
1427 2012 1580 2066 nobis
1632 2012 1844 2067 Patrem
1902 2013 1999 2075 Em

2175 2032 2222 2066 ta
2261 2030 2320 2066 τε
2354 2013 2448 2068 καὶ
2481 2015 2660 2080 φύσει,
2692 2012 2785 2066 καὶ
2819 2011 3032 2080 ἀληθῶς
3057 2009 3213 2062 Θεόν.
3252 2009 3338 2061 Ἐν
3391 2007 3566 2077 ἐαυτῷ
3598 2008 3714 2078 γὰρ

462 2103 695 2168 manuel,
715 2103 902 2158 dicens
935 2117 951 2156 :
985 2121 1003 2154 ι
1028 2102 1128 2168 Qui
1151 2103 1278 2157 vidit
1305 2117 1408 2163 me.
1439 2103 1570 2157 vidit
1599 2113 1652 2157 et
1671 2105 1881 2158 Patrem
1908 2104 1972 2158 ".

2179 2107 2256 2174 ait:
2283 2104 2529 2168 ὑπέδειξε
2556 2104 2646 2158 τὸν
2673 2103 2888 2173 Πατέρα
2921 2102 3094 2170 λέγων
3119 2103 3147 2154 ὁ
3187 2099 3536 2170 Ἐμμανουήλ
3557 2114 3569 2126 ·
3606 2119 3625 2150 ι
3651 2100 3718 2152 ’0

459 2191 814 2247 Adumbravit
840 2208 968 2262 ergo
999 2194 1306 2263 mysterium
1343 2194 1530 2248 tnodus
1561 2197 1890 2252 certaminis.
1929 2197 1998 2251 Ve

2177 2197 2388 2264 υρακὼς
2429 2196 2551 2266 ἐμὲ,
2587 2193 2800 2265 ἑώρακε
2849 2193 2941 2246 τὸν
2983 2192 3224 2265 Πατέρα.
3253 2214 3272 2243 ι
3313 2189 3541 2253 Οὐκοῦν,
3578 2208 3716 2260 προ-

462 2296 579 2335 rum
617 2280 757 2337 Deus
785 2281 980 2336 factum
1015 2283 1156 2338 istud
1210 2281 1375 2337 .lacob
1408 2281 1549 2337 laudi
1581 2283 1819 2353 apponit.

2183 2289 2394 2342 uertit-ron
2417 2287 2478 2340 τὸ
2505 2289 2800 2357 μυστήριον
2821 2286 2850 2337 ὁ
2875 2285 2974 2353 τῆς
2997 2284 3274 2354 ἀθλήσεως
3313 2284 3529 2355 τρόπος.
3560 2284 3722 2352 Πλὴν

2128 2380 2209 2442 εἰς
2254 2377 2581 2448 κατόρθωμα
2633 2374 2710 2447 τῷ
2748 2373 2943 2428 Ἰακὼϐ
2981 2374 3323 2446 καταγράφει
3351 2373 3482 2437 Θεὸς
3523 2374 3587 2426 τὸ
3615 2389 3718 2440 γει

2128 2485 2257 2538 γενη
2269 2469 2430 2538 μένον
2439 2512 2451 2524 .

531 2556 694 2611 Vens.
725 2556 779 2622 4,
807 2556 860 2612 5.
899 2555 1196 2621 Fleverunt,
1232 2567 1280 2612 et
1329 2557 1593 2626 deprecati
1641 2570 1761 2612 sunt
1808 2576 1905 2614 me.
1964 2559 2027 2613 In

2202 2561 2576 2622 Ἔκλαυοάν,
2606 2558 2703 2612 καὶ
2748 2556 3090 2625 ἐδεήθησάν
3137 2574 3277 2626 μου.
3309 2558 3409 2610 Ἐν
3443 2555 3525 2622 τῷ
3568 2557 3723 2622 οῑχῳ

461 2649 614 2701 domo
635 2664 748 2703 mea
774 2649 1075 2703 invenerunt
1113 2665 1216 2713 me,
1253 2659 1299 2704 et
1335 2650 1406 2702 ibi
1433 2650 1630 2703 dictum
1672 2661 1744 2703 est
1785 2652 1855 2703 ad
1887 2668 2000 2704 eum

2179 2668 2244 2704 ου
2273 2650 2536 2717 εὖροσὰγ
2570 2668 2666 2718 με,
2697 2651 2792 2704 καὶ
2841 2649 2965 2704 ἐκεῖ
3012 2647 3285 2716 ἐλαλήθη
3319 2648 3468 2715 πρὸς
3499 2649 3718 2703 αὐτόν.

465 2740 716 2794 Dominus
739 2756 857 2794 vero
876 2741 1014 2794 Deus
1037 2745 1357 2810 omnipotens
1376 2742 1476 2795 erit
1501 2743 1802 2797 mentoriale
1822 2742 1953 2814 ejus.

2184 2747 2193 2786 ι
2223 2741 2291 2794 δὲ
2323 2742 2534 2808 Κύριος
2558 2743 2590 2795 ό
2625 2741 2769 2808 Θεὸς
2793 2745 2825 2796 ὁ
2855 2739 3274 2810 παντοκράτωρ
3294 2740 3462 2794 ἔσται
3483 2741 3723 2808 μνημό-

2127 2848 2321 2885 συνον
2344 2829 2551 2884 αὑτοῦ.

530 2915 858 2972 CXXXVIII.
891 2917 1076 2972 Adhuc
1104 2919 1332 2973 aliarum
1379 2920 1722 2975 historiarum
1762 2921 2022 2983 meminit,

2198 2924 2373 2977 PAII’.
2409 2921 2645 2991 Ἐτέρων
2673 2921 3041 2992 διαμέμνηται
3074 2921 3236 2974 πάλιν
3268 2921 3540 2991 ἱστοριῶν,
3568 2921 3719 2991 λαμ-

462 3008 720 3078 inclytum
770 3018 826 3064 et
874 3013 1226 3078 undequaqne
1283 3011 1602 3065 laudabilem
1656 3011 1811 3066 nobis
1858 3009 2001 3067 Jacol

2187 3016 2266 3068 νὺν
2316 3013 2407 3068 καὶ
2440 3014 2726 3085 εὐδόκιμον
2757 3014 3093 3084 πανταχόθεν
3116 3015 3248 3085 ἡμῖν
3275 3013 3593 3082 ἀποφαίνων
3623 3015 3726 3069 τὸν

461 3100 856 3154 demonstrans.
893 3101 1070 3166 Quare
1098 3102 1356 3170 scriptum
1386 3110 1466 3154 est
1510 3101 1563 3154 in
1613 3099 1834 3165 Genesi,
1889 3101 1998 3156 lilio

2186 3108 2354 3164 ακώδ.
2379 3108 2690 3179 Γέγραπται
2723 3107 2898 3160 τοίνυν
2928 3108 2986 3158 ὲν
3007 3109 3074 3176 τῇ
3105 3107 3346 3172 Γενέσει,
3380 3109 3460 3160 ὅτι
3493 3107 3725 3176 Σικιμί-

459 3190 624 3246 Jacob
657 3190 983 3259 Simeonem,
1011 3201 1065 3246 et
1106 3191 1234 3247 Levi
1271 3191 1579 3247 Sichimitas
1612 3192 1901 3247 crudeliter
1928 3193 1998 3246 im

2184 3217 2230 3262 ις
2279 3200 2377 3270 μὲν
2421 3199 2587 3269 ὠμῶς
2614 3215 2674 3251 τε
2703 3199 2797 3251 καὶ
2822 3195 3201 3268 ἀπανθρώπως
3242 3197 3607 3251 ἀπεκτόνασιν
3663 3201 3723 3251 οἱ

465 3282 799 3352 maniterque
829 3283 1144 3349 trucidasse,
1175 3298 1462 3338 succensas
1494 3282 1653 3353 170
1698 3283 1774 3338 ira
1810 3293 1998 3352 propte

2187 3294 2194 3356 ᾖ
2233 3291 2427 3347 Ἰακὼϐ
2478 3293 2610 3345 Λευΐ
2635 3309 2693 3344 τε
2723 3291 2818 3345 καὶ
2851 3289 3097 3360 Συμεὼν,
3142 3290 3530 3360 ἀνακαιόμενοι
3576 3291 3726 3360 πρὸς

463 3370 650 3424 Dinam
681 3386 945 3437 sororem,
971 3373 1058 3426 cui
1099 3372 1459 3442 virginitatem
1511 3374 1730 3428 Emmor
1771 3373 1911 3428 [ilius
1941 3371 1999 3428 Si

2188 3381 2302 3450 ›γάς
2330 3381 2423 3434 ἐπὶ
2449 3382 2578 3452 Δίνᾳ
2602 3383 2668 3451 τῇ
2700 3380 2926 3450 ἀδελφῇ,
2958 3380 3023 3450 ἣν
3048 3379 3498 3450 διεπαρθένευσεν
3524 3379 3727 3451 Ἐμὼρ

459 3461 615 3514 ehem
641 3462 932 3516 ademerat.
964 3461 1113 3517 Unde
1162 3461 1215 3516 in
1243 3477 1493 3531 magnum
1545 3463 1788 3518 timorem
1847 3463 1998 3532 conjc

2199 3472 2378 3544 Συχὲμ
2403 3473 2532 3536 υἱός.
2568 3469 2702 3526 Εἶτα
2731 3472 2984 3542 περιδεὴς
3012 3471 3260 3524 ἐντεῦθεν
3288 3472 3316 3524 ό
3349 3471 3622 3541 μακάριος
3652 3469 3727 3542 ἦν

459 3561 580 3604 ctus
614 3550 798 3606 beatus
827 3552 1011 3616 Jacob,
1045 3569 1273 3622 seseque
1300 3555 1570 3623 extemplo
1602 3571 1722 3610 cum
1763 3556 1947 3611 liberis
1975 3573 1998 3611 e

2188 3561 2338 3615 ακώ6
2359 3579 2372 3591 ·
2405 3564 2498 3616 καὶ
2527 3563 2726 3616 αὐτίκα
2763 3561 2826 3633 δὴ
2873 3563 3016 3631 μάλα
3057 3561 3445 3616 συνδιολεῖσθαι
3486 3565 3604 3625 τοῖς
3635 3566 3727 3616 τέ-

459 3638 768 3692 domesticis
788 3641 1037 3696 omnibus
1078 3641 1419 3698 interfectum
1454 3645 1518 3698 iri
1555 3645 1892 3710 existimans,
1929 3661 1998 3701 au

2188 3671 2282 3718 mc
2339 3655 2434 3708 καὶ
2457 3657 2570 3716 τοῖς
2597 3655 2719 3707 κατ’
2746 3650 2892 3707 οἷκον
2925 3654 3099 3708 ἅπασι
3121 3653 3453 3724 προσδοκῶν,
3477 3655 3727 3724 ἐπετίμα

459 3739 639 3782 ctores
671 3729 878 3785 illarum
902 3733 1126 3788 caedium
1183 3733 1470 3805 increpuit,
1524 3755 1646 3792 cum
1679 3739 1747 3792 ita
1773 3739 1972 3794 diceret

2188 3748 2244 3808 ιίς
2281 3748 2466 3800 ἐκεῖνα
2491 3745 2826 3816 δεδρακόσιν,
2854 3745 2996 3798 οὕτω
3027 3763 3087 3798 τε
3121 3744 3224 3816 ἔφη
3254 3760 3270 3775 '
3309 3764 3328 3796 ι
3358 3744 3606 3815 Μισητόν
3655 3764 3727 3816 με

466 3840 484 3872 ι
522 3820 776 3876 Odiosum
809 3839 893 3878 me
920 3823 1142 3891 fecistis,
1175 3827 1250 3882 ita
1284 3837 1342 3882 ut
1375 3829 1546 3883 malus
1577 3843 1674 3899 ego
1702 3831 1802 3884 sim
1848 3830 1995 3886 onmi

2188 3840 2492 3910 εποιήκατε,
2518 3838 2658 3892 ὥστε
2691 3839 2926 3910 πονηρόν
2974 3857 3039 3910 με
3079 3836 3216 3892 εἶναι
3263 3841 3375 3902 τοῖς
3402 3840 3727 3892 κατοικοῦσι

461 3915 560 3968 bus
592 3913 956 3970 habitantibus
1009 3925 1233 3983 terram,
1279 3929 1336 3975 et
1383 3920 1436 3973 in
1491 3919 1829 3988 Chananaeis,
1872 3932 1928 3976 et
1973 3923 2000 3976 it

2182 3947 2230 4000 ἰν
2256 3929 2378 4000 γῆν,
2409 3928 2466 3982 ἓν
2497 3945 2554 3981 τε
2597 3931 2707 3994 τοῖς
2741 3929 3085 3995 Χαναναίοις,
3114 3929 3208 3984 καὶ
3239 3932 3350 3992 τοῖς
3379 3929 3721 4000 Φερεζαίοις.

462 4003 785 4059 ΡΙιοτιιῑωίε.
823 4004 932 4074 Ego
961 4015 1135 4061 autem
1162 4009 1518 4078 paucissimus
1545 4025 1662 4064 sum
1700 4011 1752 4063 in
1778 4025 2001 4066 inlunem

2185 4018 2287 4088 Ξγιυ
2314 4021 2370 4072 δὲ
2399 4019 2674 4088 ὀλιγοστός
2711 4020 2827 4090 εἰμι
2870 4020 2928 4072 ὲν
2975 4020 3211 4091 ἀριθμῷ,
3241 4022 3332 4074 καὶ
3358 4020 3724 4091 συναχθέντες

457 4105 513 4150 et
533 4097 838 4166 congregati
870 4112 1032 4167 super
1075 4114 1159 4152 me
1192 4102 1491 4168 percutient
1537 4117 1644 4169 me,
1693 4111 1749 4158 ct
1803 4102 1992 4157 delebo

2186 4111 2221 4163 τ’
2253 4110 2374 4180 ἐμὲ,
2409 4112 2738 4181 συγκὸψουσί
2780 4129 2867 4182 με,
2899 4113 2992 4166 καὶ
3022 4113 3414 4184 ἐκτριϐήσομαι
3455 4113 3584 4181 ἐγὼ,
3625 4113 3725 4167 καὶ

458 4202 576 4255 ego,
607 4199 662 4242 et
693 4191 883 4244 domus
912 4204 1025 4244 mea
1057 4190 1154 4246 ⁸⁸.»
1193 4193 1499 4262 Atjuveues
1545 4195 1608 4250 de
1647 4195 1844 4250 ferocia
1896 4195 1997 4250 nibi

2189 4197 2335 4266 οἶκός
2365 4220 2484 4273 μου.
2519 4223 2537 4254 ι
2566 4203 2677 4257 Καὶ.
2701 4203 3002 4273 κατέληγον
3034 4204 3131 4274 μὲν
3157 4204 3405 4274 οὐδαμῶς
3444 4205 3537 4258 τοῦ
3580 4205 3723 4276 0ρά-

462 4279 805 4335 remittebant
876 4282 1120 4348 omnino,
1183 4296 1640 4356 occurrentesque
1701 4287 1952 4341 dicebant

2187 4309 2263 4353 tu;
2289 4294 2338 4344 οἱ
2364 4292 2594 4345 νεανίαι.
2625 4293 3030 4363 Προσυπήντων
3062 4292 3169 4364 γὰρ
3195 4292 3444 4361 λέγοντες
3461 4311 3475 4324 θ
3514 4313 3531 4345 ι
3558 4295 3726 4348 Ἀλλ’

463 4391 481 4421 ι
517 4370 625 4425 Sed
654 4370 796 4425 sicut
824 4382 1005 4428 scorto
1035 4383 1254 4430 utentur
1286 4391 1470 4433 sorore
1497 4386 1682 4432 nostra
1715 4377 1790 4432 ⁸⁷7
1825 4396 1843 4430 ι
1879 4377 1997 4445 Quo

2187 4384 2266 4436 uel.
2303 4383 2478 4454 πόρνῃ
2515 4384 2810 4454 χρήσονται
2844 4387 2910 4456 τῇ
2952 4384 3154 4456 ἀδελφῇ
3203 4383 3394 4454 ήμῶν;
3426 4402 3444 4435 ι
3495 4383 3726 4457 Ἐπειδὴ

459 4461 601 4516 niam
634 4475 762 4516 vero
783 4476 1104 4530 magnopere
1133 4465 1421 4547 metuebat,
1467 4467 1608 4521 sicut
1663 4468 1799 4534 dixi,
1849 4469 1998 4536 justu

2186 4496 2212 4539 :,
2243 4475 2316 4540 ὡς
2343 4475 2500 4544 ἔφην,
2531 4476 2786 4546 περιδεὴς
2802 4471 2870 4545 ἦν
2897 4476 3035 4543 ἄγαν
3063 4479 3092 4530 ό
3119 4477 3345 4540 δίκαιος,
3369 4476 3725 4546 προσέπιπτε

457 4552 569 4618 ille,
599 4553 776 4607 denuo
805 4554 1031 4607 cadebat
1056 4557 1277 4623 supplex
1304 4557 1412 4611 Deo
1453 4556 1746 4623 Servatori,
1777 4561 1867 4630 qui
1902 4576 1996 4616 cun

2187 4564 2290 4618 ὶλιν
2322 4565 2400 4635 τῷ
2413 4564 2729 4628 διασώζοντι
2757 4565 2897 4636 Θεῷ.
2943 4562 3079 4619 Εἶτα
3114 4563 3224 4618 τῶν
3249 4565 3522 4635 δειμάτων
3548 4566 3726 4620 αὑτὸν

459 4643 758 4700 terroribus
787 4642 924 4698 haud
956 4644 1123 4700 multo
1161 4655 1282 4714 post
1331 4647 1679 4703 liberaturum
1711 4654 1998 4723 spopondit

2190 4657 2490 4712 ταλλάττειν
2534 4659 2865 4728 ὑπισχνεῖτο,
2895 4675 2988 4712 και
3034 4659 3134 4711 οὑκ
3175 4659 3255 4721 εἰς
3302 4660 3520 4728 μακρὰν
3567 4657 3729 4714 οὑτω

458 4734 530 4788 ita
560 4733 783 4804 loquens
823 4749 1009 4788 amans
1043 4734 1307 4804 iustorum
1341 4737 1482 4794 Deus
1530 4758 1543 4794 :
1584 4759 1602 4792 ι
1646 4741 1904 4812 Sttrgens,
1939 4760 1997 4799 as

2187 4767 2304 4817 ηγων
2331 4751 2359 4802 ὁ
2383 4749 2711 4820 φιλοδίκαιος
2733 4752 2886 4814 Θεός·
2920 4770 2940 4803 ι
2968 4751 3231 4814 Ἀναστὰς
3255 4749 3488 4820 ἀνάϐηθι
3517 4752 3599 4814 εἰς
3623 4753 3726 4807 τὸν

457 4827 630 4882 conde
658 4828 712 4884 in
743 4828 917 4884 locum
960 4827 1166 4895 Bethel,
1203 4838 1257 4884 et
1296 4830 1476 4885 habita
1515 4831 1607 4896 ibi,
1635 4843 1690 4886 et
1718 4832 1802 4888 fac
1834 4834 1904 4889 ibi
1941 4836 1990 4889 al

2185 4847 2291 4898 ircov
2336 4842 2558 4914 Βαιθὴλ,
2593 4843 2689 4896 καὶ
2721 4843 2862 4897 οἴκει
2896 4845 3034 4909 ἐκεῖ,
3063 4845 3156 4899 καὶ
3188 4845 3410 4914 ποίησον
3455 4845 3572 4896 ἐκεῖ
3621 4844 3724 4897 θυ-

461 4927 574 4972 tare
596 4921 724 4987 Deo,
758 4923 847 4991 qui
881 4924 1126 4993 apparuit
1160 4923 1279 4991 tibi,
1315 4925 1528 4994 quando
1561 4925 1801 4994 fugiebas
1829 4944 1856 4979 a
1889 4927 2000 4981 facit

2189 4937 2445 5006 αστήριον
2475 4934 2551 5005 τῷ
2573 4934 2712 5006 Θεῷ,
2754 4936 2832 5006 τῷ
2874 4936 3092 5005 ὀφθέντι
3123 4953 3203 4990 σοι
3233 4936 3292 4988 ὲν
3329 4934 3405 5004 τῷ
3437 4953 3495 4987 σε
3523 4935 3725 4990 ἀποδι-

461 5006 600 5062 Esau
629 5009 812 5067 fratris
835 5014 912 5068 tui
945 5015 1012 5068 ⁸⁸.
1054 5033 1072 5067 ι
1129 5016 1320 5071 Postea
1375 5031 1695 5073 ascensurus
1745 5019 1795 5072 in
1838 5019 2000 5074 Belht'

2180 5028 2385 5081 ὶάσκειν
2433 5028 2541 5081 ἀπὸ
2588 5028 2882 5099 προσώπου
2920 5029 3088 5082 Ἡσαῦ
3121 5029 3216 5081 τοῦ
3261 5028 3492 5098 ἀδελφοῦ
3533 5045 3655 5080 σου.
3698 5048 3719 5080 ι

458 5101 646 5154 beatus
677 5101 864 5166 Jacob,
895 5114 949 5158 et
981 5107 1212 5160 divinam
1249 5109 1465 5163 domum
1508 5109 1847 5180 ingressurus
1880 5111 1994 5183 (red

2184 5115 2284 5182 ἷτα,
2321 5119 2526 5189 μέλλων
2570 5120 2882 5174 ἀναϐαίνειν
2926 5121 3006 5182 εἰς
3031 5118 3233 5190 Βαιθὴλ
3261 5120 3289 5171 ό
3320 5119 3586 5188 μακάριος
3608 5120 3723 5172 Ἰα-

457 5189 602 5244 ditur
625 5191 768 5244 enim
793 5191 976 5248 Belhel
1009 5214 1030 5246 ι
1085 5196 1136 5250 ἰιι
1185 5199 1399 5253 domum
1447 5200 1567 5268 Dei,
1609 5203 1674 5274 ι)
1730 5203 1800 5256 ita
1856 5214 1996 5259 tctau

2184 5210 2266 5276 ῦὸ,
2299 5210 2394 5265 καλ⁵
2425 5212 2504 5275 εὶς
2529 5212 2622 5265 τὸν
2649 5211 2790 5266 θεῖον
2822 5206 2969 5264 οἷκον
3003 5210 3174 5263 ἐλθεῖν
3200 5210 3582 5280 (ἑρμηνεύεται
3605 5211 3723 5280 γάρ

457 5283 676 5334 donmm
707 5295 879 5347 suam,
911 5293 968 5338 et
996 5299 1184 5340 omnes
1215 5288 1306 5356 qui
1336 5303 1458 5343 cum
1491 5307 1556 5345 eo
1583 5295 1996 5366 eratit,[cotnpel

2190 5302 2409 5373 Βαιθὴλ,
2453 5322 2471 5354 ι
2499 5304 2578 5365 εἱς
2603 5299 2750 5356 οἷκον
2783 5301 2918 5355 Θεοῦ
2946 5321 2964 5352 ι
2995 5301 3012 5371 )
3037 5340 3052 5362 ,
3076 5299 3414 5371 προσεφώνει
3447 5299 3606 5353 παντὶ
3639 5301 3725 5368 τῷ

456 5375 629 5430 lavit:
668 5392 688 5426 ι
727 5373 918 5431 Tollite
963 5379 1092 5433 deos
1132 5379 1338 5436 alienos
1385 5384 1450 5436 de
1480 5387 1655 5440 medio
1688 5399 1943 5453 vestrum,
1975 5404 1995 5443 c

2183 5412 2261 5465 κῳ
2291 5393 2479 5458 αὑτοῦ,
2505 5396 2596 5448 καὶ
2617 5397 2750 5448 πᾶσι
2778 5397 2890 5457 τοῖς
2924 5394 3040 5463 μετ’
3071 5393 3236 5448 αὑτοῦ
3266 5410 3278 5422 ·
3316 5395 3550 5462 «Ἄρατε
3584 5393 3722 5454 τοὺς

456 5466 812 5533 numdatnini,
845 5475 902 5526 et
940 5479 1143 5526 mutate
1180 5472 1498 5528 vestimenta
1543 5487 1746 5544 vestra,
1795 5489 1848 5535 ct
1906 5496 1995 5536 sur

2183 5486 2284 5549 ιοὺς
2327 5487 2454 5550 τοὺς
2494 5486 2808 5557 ἀλλοτρίους
2846 5487 2911 5538 ἐκ
2939 5485 3104 5554 μέσου
3144 5485 3319 5554 ὑμῶν,
3356 5484 3449 5536 καὶ
3481 5481 3722 5551 καθαρι-

483 5666 570 5754 Μξ²
607 5667 946 5754 (ἷλίξιιςιὶξξνῃ,
976 5673 1096 5754 41τῇ
1142 5675 1184 5754 ’ξ’
1221 5675 1352 5730 Gen.
1387 5692 1560 5754 xxxii,
1588 5680 1676 5735 30.
1754 5683 1797 5714 ""t
1837 5682 1935 5738 lsa.
1969 5699 2041 5752 ιιι,
2075 5683 2126 5752 6,
2157 5685 2375 5741 sccund.
2406 5683 2567 5739 LXX.
2676 5686 2719 5717 "
2761 5683 2915 5740 Joan.
2948 5702 3055 5751 nr,
3112 5685 3160 5739 θ.
3267 5685 3309 5716 π
3348 5685 3480 5740 Gen.
3520 5701 3719 5754 xxxtv,

482 5736 570 5789 ὖθ.
646 5739 687 5767 ⁸⁷
728 5737 858 5799 Ibid.
889 5744 975 5798 5|.
1054 5745 1097 5778 ⁸⁸
1137 5745 1269 5803 Gen.
1308 5762 1468 5812 xxxv,
1506 5749 1550 5802 Ι.
