3898 6212
273 415 376 474 9.83

1219 417 1872 476 COMMENTARIUS.”
1913 417 2145 475 OSEAM
2183 419 2629 475 I’RDPIIETAM.

3431 431 3538 486 9.86

278 524 457 587 σασθε,
487 523 582 577 καὶ
609 523 876 590 ἀλλάξατε
903 524 999 589 τὰς
1036 527 1225 592 στολὰς
1256 529 1431 599 ὑμῶν,
1465 529 1559 584 καὶ
1594 530 1849 583 ἀναστάν-

1963 539 2148 600 gentes
2183 533 2539 586 ascendamns
2565 532 2617 584 in
2655 529 2858 596 Bethel,
2889 545 2942 588 et
2975 535 3233 592 faciamus
3272 537 3340 592 ibi
3371 540 3541 596 altare

275 635 360 681 τες
400 617 694 688 ἀναδῶμεν
745 620 826 682 είς
875 618 1098 688 Βαιθὴλ,
1139 622 1232 674 καὶ
1267 623 1581 693 ποιήσωμεν
1610 623 1724 674 ἐκεῖ
1772 619 1860 672 θυ·

277 710 590 780 σιαστήριον
625 709 706 781 τῷ
731 710 870 781 Θεῷ,
901 709 976 780 τῷ
1019 711 1384 766 ἐπακούσαντί
1415 730 1518 784 μου
1566 713 1624 766 ἐν
1673 713 1860 784 ήμέρα

276 800 524 869 θλίψεως,
553 801 613 865 ὃς
647 797 716 872 ἦν
745 804 863 872 μετ’
887 803 1044 874 ἐμοῦ,
1078 805 1171 858 καὶ
1198 805 1422 858 διέσωσε
1463 822 1529 876 με
1558 806 1615 858 ἐν
1644 807 1709 876 τῇ
1735 804 1856 874 ὀδῷ,

273 888 304 966 ᾖ
330 893 657 963 ἐπορεύθην.
686 895 798 951 Καὶ
834 894 1041 949 ἔδωκαν
1075 895 1152 966 τῷ
1175 896 1369 950 Ἰακὼϐ
1398 898 1522 959 τοὺς
1550 895 1706 960 θεοὺς
1735 898 1858 959 τοὺς

273 983 606 1055 ἀλλοτρίους,
634 985 682 1037 οἳ
732 980 873 1055 ἦσαν
916 986 974 1037 ἐν
1005 987 1124 1048 ταῖς
1171 986 1360 1056 χερσὶν
1405 985 1605 1050 αὑτῶν,
1651 984 1747 1038 καὶ
1790 983 1858 1036 τὰ

270 1076 465 1129 ἐνώτια
507 1075 576 1129 τὰ
615 1078 673 1130 ἐν
713 1079 827 1140 τοῖς
851 1077 983 1130 ὠσὶν
1009 1075 1209 1142 αὐτῶν,
1251 1079 1346 1132 καὶ
1379 1077 1687 1148 κατέκρυψε
1719 1075 1857 1129 αὑτὰ

282 1167 476 1221 Ἰακὼϐ
528 1168 634 1220 ὑπὸ
679 1168 780 1238 τὴν
825 1167 1136 1238 τερέϐινθον
1179 1167 1277 1238 τὴν
1327 1170 1383 1222 ἐν
1429 1167 1716 1238 Σικίμοις,
1762 1169 1858 1218 καὶ

269 1259 551 1313 ἀπώλεσεν
599 1259 739 1312 αὑτά
795 1259 898 1322 ἕως
945 1259 1046 1329 τῆς
1095 1261 1332 1331 σήμερον
1363 1259 1595 1330 ἡμέρας.
1632 1276 1650 1308 ι
1685 1253 1759 1311 υὺ
1792 1257 1854 1328 δὴ

267 1349 586 1417 γεγονότος,
640 1351 696 1402 ἐν
725 1349 878 1419 καλῷ
910 1350 1008 1422 τῆς
1037 1351 1250 1415 ἐλπίδος
1279 1346 1347 1421 ἦν
1377 1352 1404 1404 6
1439 1349 1726 1413 θεσπέσιος
1755 1350 1858 1401 Ἰα-

267 1440 402 1495 κὼϐ.
423 1440 826 1510 ’Λπηλλάττετο
849 1442 954 1512 γὰρ
987 1443 1220 1496 είσάπαν
1257 1442 1356 1512 τῆς
1403 1441 1696 1511 Σικιμιτῶν
1726 1441 1858 1493 ὑπο-

265 1532 417 1602 φίας,
454 1531 590 1585 Θεοῦ
622 1533 1047 1596 κατευνάζοντος
1080 1534 1185 1604 ἰδίᾳ
1216 1533 1444 1602 δυνάμει
1478 1534 1604 1595 τοὺς
1637 1531 1735 1603 τὴν
1768 1531 1855 1585 ἐπ’

268 1623 415 1692 αὑτῷ
449 1623 631 1694 μάχην
655 1623 1116 1695 ὼδίνονταςῘΕφη
1141 1624 1250 1694 γὰρ
1276 1625 1338 1678 τὸ
1368 1624 1606 1694 Γράμμα
1627 1623 1688 1676 τὸ
1712 1621 1856 1694 ἱερὸν

268 1715 466 1789 ἐῖεξῆς
491 1731 505 1746 ·
546 1733 562 1766 ι
595 1717 704 1768 Καὶ
729 1716 948 1784 ἐγένετο
973 1717 1136 1786 φόϐος
1174 1715 1381 1788 Κυρίου
1411 1715 1501 1768 ἐπὶ
1537 1715 1636 1778 τὰς
1674 1714 1857 1777 πόλεις

266 1807 362 1868 τᾶς
415 1804 604 1877 κύκλῳ
659 1806 862 1870 αὑτῶν,
901 1805 994 1859 καὶ
1041 1806 1102 1858 οὑ
1149 1803 1482 1869 κατεδίωξαν
1526 1805 1703 1858 ὀπίσω
1747 1803 1856 1857 τῶν

265 1896 396 1949 υίῶν
437 1896 675 1967 Ἰσραήλ.
709 1916 726 1947 ι
748 1897 964 1970 Ἐπειδὴ
996 1897 1053 1951 δὲ
1089 1899 1355 1968 ἐγήγερτο
1382 1897 1766 1966 θυσιαστήριον
1799 1895 1849 1946 ἐν

1956 1893 2144 1960 πίνοι»,
2175 1905 2228 1949 et
2265 1893 2536 1948 benedixit
2568 1893 2641 1958 ei.
2675 1893 2921 1962 dixitque
2966 1911 2979 1948 :

265 1987 468 2051 Λουζά,
494 1989 524 2041 ὃ
544 1989 659 2042 ἐστι
683 1987 906 2061 Βαιθήλ,
941 2010 956 2039 ι
973 1988 1172 2059 Ὠφθη,
1195 1989 1350 2060 φησὶ,
1374 1988 1508 2051 Θεὸς
1526 1987 1604 2058 τῷ
1625 1986 1844 2055 Ἰακὼϐ,

264 2078 357 2131 καὶ
379 2079 687 2149 ηὑλόγησεν
721 2081 903 2146 αὑτὸν,
945 2082 1040 2135 καὶ
1076 2076 1250 2134 εἶπεν·
1303 2079 1448 2147 Ἐγὼ
1482 2081 1511 2132 6
1544 2079 1677 2142 Θεός
1728 2095 1844 2143 σου,

263 2168 524 2236 αὑξάνου,
560 2173 652 2226 καὶ
681 2172 980 2243 πληθύνουο
1024 2171 1148 2243 ἔθνη
1215 2172 1309 2226 καὶ
1341 2171 1656 2240 συναγωγαὶ
1680 2170 1849 2224 ἐθνῶν

262 2261 484 2317 ἔσονται
519 2264 584 2318 ἐκ
623 2263 738 2326 σοῦ,
771 2265 866 2318 καὶ⁵
909 2265 1147 2334 βασιλεῖς
1179 2265 1244 2318 ἐκ
1273 2264 1372 2335 τῆς
1407 2263 1605 2332 ὀσφύος
1637 2281 1730 2317 σου
1762 2264 1849 2330 ἐξ·

259 2347 604 2417 ελεύσονται,
646 2352 740 2404 καὶ
786 2352 884 2423 τήν
932 2351 1060 2419 γῆν,
1113 2353 1180 2422 ἢν
1233 2353 1410 2406 ἔδωκα
1453 2353 1706 2424 Ἀϐραὰμ
1756 2354 1848 2406 καὶ

270 2434 484 2500 Ἰσαὰκ,
527 2439 611 2490 σοὶ
647 2437 858 2493 δέδωκα
912 2441 1112 2510 αὑτήν·
1148 2441 1240 2494 καὶ
1294 2441 1370 2510 τῷ
1421 2442 1695 2512 σπέρματί
1754 2458 1846 2494 σου

262 2525 405 2596 μετά
446 2527 508 2580 σὲ
565 2527 720 2582 δώσω
750 2529 848 2598 τὴν
878 2529 977 2601 γῆν
1005 2530 1231 2603 ταύτην.
1267 2551 1285 2583 ι
1319 2533 1540 2586 Τούτων
1572 2535 1703 2604 ἡμῖν
1731 2532 1849 2586 δια-

262 2615 540 2688 μέμνηται
572 2619 683 2672 τῶν
716 2619 968 2691 ἱστοριῶν
1009 2623 1090 2685 εἰς
1138 2622 1198 2676 τὸ
1250 2623 1426 2694 παρὸν
1466 2623 1850 2695 χρησμῴδημα

260 2709 323 2760 τὸ
351 2711 718 2780 προφητικόν.
738 2711 946 2766 Οὑκοῦν
973 2709 1038 2784 ἦν
1073 2713 1171 2783 μὲν
1194 2715 1258 2767 ἐκ
1284 2715 1495 2785 μήτρας
1523 2715 1850 2786 πτερνιστὴς

271 2798 490 2865 Ἰακὼϐ,
520 2801 680 2871 ὑμεῖς
707 2803 763 2856 δὲ
799 2804 885 2858 ἀεὶ
919 2805 1287 2875 πτερνίζεσθε,
1317 2806 1410 2858 καὶ
1440 2806 1500 2858 ού
1533 2806 1849 2876 πτερνίζετε

263 2891 465 2961 μᾶλλον
500 2891 598 2964 τήν
624 2894 920 2965 ἁμαρτίαν.
956 2896 1066 2949 Καὶ
1097 2896 1528 2966 φιλοπονώτατος
1569 2898 1668 2969 μὲν
1710 2899 1851 2951 ἐκεῖ·

258 2998 369 3047 νος,
407 2983 504 3036 καὶ
521 2985 578 3037 ἐν
607 2985 794 3056 ἱδρῶσι
827 2987 1133 3057 εὐδόκιμος.
1164 2988 1258 3041 καὶ
1297 2989 1518 3059 γνήσιος
1540 2989 1678 3059 πρὸς
1694 2990 1847 3043 Θεόν⁶

261 3073 419 3142 ὑμεῖς
463 3075 523 3129 δὲ
568 3076 882 3150 τρυφῶντες
937 3082 1060 3142 ταῖς
1096 3081 1476 3146 ἀποστασίαις,
1505 3081 1597 3135 τὸν
1631 3083 1850 3152 ἁπάσης

260 3169 390 3240 ὑμῖν
417 3166 685 3238 εὐθυμίας
720 3169 782 3222 οὑ
824 3171 1160 3240 τετιμήκατε
1203 3172 1458 3243 χορηγόν.
1506 3172 1852 3225 «Ἔκλαυσαν

260 3259 307 3312 εἰ
340 3257 582 3329 πατέρες
628 3259 804 3329 ὑμῶν,
843 3261 934 3312 καὶ
987 3259 1285 3331 ἐδεήθησάν
1337 3278 1461 3331 μου,
1495 3279 1514 3312 ι
1564 3259 1749 3331 φησίν.
1788 3257 1852 3312 Ei

265 3355 371 3426 γὰρ
411 3371 517 3408 που
544 3353 836 3423 γεγόνασιν
868 3355 926 3408 ἐν
961 3355 1221 3424 ὑποψίαις
1249 3355 1344 3409 τοὺ
1379 3356 1572 3410 παθεῖν
1600 3355 1670 3409 τὰ
1703 3354 1854 3426 παρά

263 3451 362 3517 τῆς
408 3463 571 3499 τινων
623 3445 937 3518 ἐπιϐουλῆς,
968 3446 1185 3502 ἔκλαιον
1236 3448 1331 3500 καὶ
1382 3447 1592 3500 ἐδέοντό
1621 3464 1742 3516 μου.
1773 3443 1852 3500 Δι’

265 3536 400 3608 ἐμοῦ
429 3537 542 3609 γὰρ
575 3539 672 3590 καὶ
703 3537 866 3608 μόνου
895 3538 1161 3602 σώζεσθαι
1197 3538 1542 3608 προσεδόκων
1561 3553 1574 3566 ⁸
1618 3539 1773 3608 ὑμεῖς
1795 3537 1851 3590 δὲ

267 3628 449 3692 πόλεις
493 3628 783 3697 τειχίζετε,
814 3628 993 3682 οἴεσθέ
1039 3647 1119 3693 τε,
1151 3631 1232 3683 ὅτι
1277 3631 1380 3683 κᾶν
1412 3633 1460 3684 εί
1506 3631 1580 3702 μὴ
1617 3630 1848 3700 θέλοιμι,

269 3721 406 3789 τάχα
445 3735 550 3772 που
591 3717 926 3788 σωθήσεσθε,
958 3719 1054 3771 καὶ
1102 3721 1404 3790 κρατήσετε
1451 3722 1559 3773 τῶν
1589 3721 1851 3791 ἀνθεστη-

191 3849 199 3859 .
266 3807 455 3862 κάτων.
489 3808 748 3860 Κάκεῖνοι
803 3805 860 3858 δὲ
920 3808 1053 3860 «Ἑν
1106 3807 1186 3878 τῷ
1229 3809 1364 3878 οίκῳ
1403 3808 1636 3880 ε’ύροσάν
1693 3828 1778 3880 με.
1821 3828 1842 3864 ι

278 3901 465 3971 Ἀνέϐη
507 3899 640 3971 γὰρ,
671 3900 748 3964 ὼς
779 3900 934 3972 ἔφην,
964 3903 1021 3954 ἐν
1060 3901 1264 3973 Βαιθὴλ
1294 3905 1322 3955 6
1353 3902 1568 3965 Ἰακὼϐ,
1601 3905 1846 3976 ἐπεφάνη

266 4009 324 4045 τε
367 3991 502 4055 Θεὸς
553 3991 725 4062 αὑτῷ,
753 3994 846 4045 καὶ
894 3995 1010 4046 ἐκεῖ
1042 3993 1276 4064 ἐλαλήθη
1324 3995 1461 4066 πρὸς
1498 3995 1658 4048 αὑτὸν
1685 3997 1718 4067 ή
1747 3997 1847 4066 τῆς

265 4084 513 4154 εὐλογίας
536 4084 848 4153 ὑπόσχεσις,
873 4084 1124 4156 καθάπερ
1145 4083 1427 4155 ἐδείξαμεν
1444 4087 1669 4156 ἀρτίως,
1691 4089 1846 4158 ὑμεῖς

258 4178 317 4232 δὲ
344 4178 510 4232 πάλιν
535 4177 594 4230 οὑ
624 4177 838 4246 ζητεῖτε
865 4177 997 4230 Θεὸν
1039 4180 1098 4231 ἐν
1137 4177 1216 4247 τῷ
1255 4178 1390 4249 οἴκῳ
1417 4179 1606 4241 αὑτοῦ,
1637 4180 1845 4250 εἰστρέ-

259 4288 384 4341 χετε
413 4270 469 4323 δὲ
501 4270 722 4341 μᾶλλον,
743 4270 835 4323 καὶ
864 4270 1068 4341 σφόδρα
1101 4269 1420 4342 προθύμως,
1447 4273 1504 4325 ἐν
1537 4276 1648 4336 τοῖς
1678 4275 1844 4344 τεμέ-

258 4378 374 4414 νεσι
415 4359 510 4413 τού
556 4359 720 4422 Βάαλ,
753 4359 849 4422 καὶ
885 4359 1149 4426 ἐξαιτεῖτε
1189 4360 1379 4430 λόγους
1406 4363 1467 4415 οὑ
1503 4364 1652 4434 παρά
1684 4363 1841 4428 Θεοῦ,

258 4451 396 4506 ἀλλὰ
446 4450 516 4503 τὰ
562 4450 628 4503 ὲκ
669 4450 779 4503 τῶν
823 4450 1096 4518 δαιμόνων
1128 4451 1502 4521 μαντεύματα.
1551 4453 1660 4505 Καὶ
1687 4455 1715 4505 6
1745 4455 1842 4524 μὲν

1962 622 2096 685 Deo,
2119 617 2210 690 Qui
2252 623 2525 675 exaudivit
2555 637 2637 676 me
2664 623 2716 675 itt
2747 621 2831 676 die
2878 625 3262 692 tribulationis,
3294 629 3384 697 qui
3441 631 3540 684 fuit

1961 727 2192 777 meeum,
2226 720 2277 766 et
2306 710 2531 765 salvavit
2580 727 2665 766 me
2718 713 2771 767 in
2826 715 2909 768 via
2962 731 3063 784 qua
3125 720 3412 775 ambulavi.
3476 723 3540 776 Et

1960 804 2219 859 dederunt
2254 803 2421 858 Jacob
2449 805 2576 858 deos
2618 805 2842 874 alienos,
2878 809 3146 875 quierant
3181 811 3232 864 in
3290 815 3538 867 manilms

1959 910 2167 957 eorum,
2193 904 2247 950 et
2272 897 2510 958 inaures,
2539 911 2658 964 qua:
2702 896 2754 950 in
2792 899 3016 953 auribus
3058 913 3269 964 eorum,
3314 910 3366 956 et
3413 904 3540 957 abs-

1959 986 2141 1040 condit
2168 1000 2230 1039 ea
2281 984 2450 1042 Jacob
2483 987 2585 1041 sub
2632 987 2936 1043 terebintho
2993 1004 3113 1059 qua:
3143 992 3311 1045 estin
3357 994 3536 1047 Sichi-

1959 1078 2084 1142 mis,
2111 1086 2164 1132 et
2197 1078 2429 1146 perdidit
2461 1093 2522 1132 ea
2560 1093 2729 1146 usque
2753 1079 2804 1132 in
2841 1079 3161 1135 hodiernum
3201 1083 3340 1136 diem
3392 1084 3457 1136 δ’.
3511 1103 3530 1136 ι

1957 1168 2074 1234 Quo
2108 1180 2328 1237 peracto
2359 1169 2494 1224 bona
2528 1185 2622 1238 spe
2652 1170 2892 1224 alebatur
2928 1181 3146 1226 sanctus
3179 1171 3366 1227 Jacob.
3400 1174 3532 1227 Nam

1959 1260 2360 1316 Siehimitarum
2393 1262 2676 1314 formidine
2719 1262 2931 1330 penitus
2977 1263 3372 1327 exsolvebatur,
3425 1265 3534 1319 Deo

1959 1352 2156 1406 virtute
2189 1367 2282 1406 sua
2322 1351 2514 1405 bellum
2553 1352 2810 1405 adversus
2841 1368 2962 1405 cum
2996 1353 3354 1420 parturientes
3383 1369 3532 1408 com-

1958 1441 2240 1508 primente.
2271 1439 2346 1493 Ita
2380 1441 2519 1494 enim
2557 1441 2608 1493 in
2635 1455 2788 1494 saera
2823 1439 3102 1508 Scriptura
3149 1442 3401 1511 deinceps
3450 1459 3533 1497 se-

1957 1530 2142 1598 quitur
2174 1548 2186 1583 :
2230 1548 2248 1581 σ
2285 1530 2350 1582 Ει
2379 1529 2551 1583 factus
2576 1539 2659 1584 est
2689 1531 2847 1583 timor
2869 1531 2961 1583 Dei
2987 1547 3150 1599 super
3193 1531 3440 1586 civitates
3479 1533 3532 1586 in

1958 1620 2494 1681 circuitneornm,et
2549 1635 2652 1673 non
2709 1621 2976 1688 persecuti
3041 1633 3167 1676 sunt
3221 1633 3342 1690 post
3397 1623 3535 1679 ﬁlios

1958 1713 2122 1766 Israel
2148 1713 2216 1766 ⁸ο.
2257 1730 2274 1763 ι
2304 1711 2594 1780 Postquam
2635 1722 2812 1766 autem
2855 1713 3179 1768 ardiileatnm
3226 1724 3309 1769 est
3365 1715 3534 1770 altare

1959 1805 2010 1857 in
2039 1803 2203 1869 ana,
2235 1818 2352 1871 qnte
2381 1810 2464 1857 est
2487 1803 2694 1869 Bethel,
2745 1822 2764 1855 ι
2817 1804 3098 1872 Apparuit,
3139 1806 3333 1873 inquit,
3395 1808 3534 1862 Deus

3029 1893 3139 1962 Ego
3194 1895 3330 1948 Deus
3388 1904 3529 1959 tuus,

1949 2001 2138 2041 cresce
2198 1996 2252 2040 et
2292 1986 2650 2056 multiplicare
2685 2001 2699 2040 :
2729 1997 2914 2055 gentes
2973 1996 3029 2041 et
3088 1987 3532 2057 congregationes

1949 2079 2188 2149 gentium
2223 2087 2380 2133 erunt
2407 2093 2472 2132 ex
2515 2088 2584 2145 te,
2619 2088 2674 2133 et
2716 2094 2868 2148 reges
2915 2079 2980 2132 de
3021 2078 3202 2133 lumbo
3232 2089 3322 2132 tuo
3370 2094 3529 2148 (εει-οε

1951 2172 2186 2235 dientur,
2216 2181 2268 2225 ct
2297 2183 2490 2226 terram
2532 2187 2693 2240 quam
2743 2172 2862 2225 dedi
2923 2171 3195 2225 Abraham
3256 2180 3310 2224 et
3353 2171 3528 2238 Isaac,

1951 2263 2046 2317 tibi
2078 2263 2196 2318 dedi
2224 2279 2368 2326 eam,
2400 2273 2452 2316 et
2489 2262 2680 2317 semini
2727 2272 2816 2316 tuo
2861 2273 2980 2331 post
3033 2273 3083 2317 te
3139 2263 3278 2316 dabo
3329 2270 3526 2315 terram

1951 2354 2089 2410 hanc
2115 2356 2182 2408 ⁵⁸.
2219 2374 2237 2406 ι
2277 2354 2476 2408 llarnm
2509 2355 2855 2408 historiarum
2905 2369 3003 2406 nos
3031 2352 3444 2407 commonefacit
3475 2353 3526 2406 in

1951 2447 2198 2514 praesenti
2235 2444 2601 2513 propheticum
2629 2443 2927 2498 oraculum.
2955 2440 3085 2494 Erat
3122 2440 3281 2508 igitur
3303 2455 3366 2494 ex
3407 2449 3527 2493 nte-

1953 2549 2016 2589 ro
2045 2535 2418 2603 supplantator
2445 2533 2628 2592 Jacob,
2658 2547 2755 2588 vos
2798 2542 2979 2586 autem
3027 2546 3240 2598 semper
3275 2529 3529 2598 supplan-

1954 2627 2160 2689 tamiui,
2188 2635 2372 2679 etnon
2402 2625 2757 2693 supplantatis
2803 2624 2980 2692 potius
3014 2624 3166 2690 171
3225 2631 3523 2689 peccatum.

1954 2719 2017 2772 Et
2045 2718 2130 2770 ille
2155 2717 2370 2787 quidem
2402 2715 2640 2770 laborum
2672 2723 2792 2769 erat
2820 2713 3242 2774 amantissimus,
3277 2720 3332 2763 et
3363 2710 3528 2763 sudo-

1953 2809 2100 2862 ribus
2133 2816 2428 2876 spectatus,
2460 2815 2513 2858 et
2541 2805 2784 2859 sincerus
2811 2817 2938 2870 erga
2972 2800 3172 2863 Deum;
3207 2813 3302 2852 vos
3347 2809 3525 2852 autem

1954 2898 2346 2952 defectionibus
2380 2895 2646 2959 ludentes,
2691 2894 2866 2947 omnis
2903 2891 3100 2946 laetitia:
3133 2899 3323 2943 vestra)
3369 2888 3529 2956 largi-

1955 3003 2124 3047 torem
2163 3006 2268 3046 non
2297 2989 2627 3046 honorastis.
2664 3005 2683 3038 ι
2724 2986 3012 3040 Flevernnt
3043 2990 3223 3052 patres
3249 2981 3434 3042 vestri,
3475 2987 3530 3034 et

1952 3084 2310 3138 obsecrarnnt
2345 3096 2450 3141 me.
2494 3098 2512 3130 ι
2553 3077 2744 3147 inquit.
2775 3075 2908 3130 Nam
2946 3075 2991 3128 si
3017 3076 3230 3142 quando
3265 3086 3358 3141 per
3391 3058 3526 3124 insi;

1955 3177 2074 3230 dias
2098 3175 2370 3245 quidpiam
2403 3173 2469 3226 ab
2509 3171 2630 3224 aliis
2669 3185 2728 3222 se
2781 3182 3037 3237 passuros
3091 3166 3524 3233 suspicabantur,

1961 3269 2156 3323 ﬂebant
2180 3274 2233 3320 et
2257 3263 2630 3332 supplicabant
2654 3260 2780 3313 mihi
2816 3273 2952 3326 :per
2977 3271 3060 3309 me
3099 3257 3242 3309 enim
3295 3263 3527 3308 tantum-

1961 3359 2118 3416 modo
2148 3359 2375 3413 salutem
2413 3353 2824 3423 exstiectahaut;
2863 3359 2914 3402 at
2949 3363 3046 3400 vos
3085 3345 3244 3399 nrbes
3285 3359 3529 3398 commu-

1959 3453 2108 3518 nitis,
2143 3449 2453 3520 putatisque
2481 3447 2642 3500 etiam
2667 3441 2979 3494 uolenteme
3007 3436 3233 3491 fortasse
3255 3444 3525 3488 servatum

1961 3543 2047 3603 iri,
2080 3551 2132 3595 et
2162 3542 2224 3592 de
2259 3537 2504 3592 hostibus
2537 3532 2817 3588 victoriam
2860 3528 3146 3582 relaturos.
3205 3525 3266 3578 Et
3303 3524 3376 3578 illi
3415 3540 3434 3574 ι
3473 3525 3528 3577 in

1957 3633 2117 3688 domo
2147 3632 2467 3684 invenerunt
2490 3641 2594 3679 me.
2631 3644 2649 3676 ι
2687 3619 3104 3678 Ascenditenim
3133 3618 3187 3672 in
3220 3615 3400 3671 Bethel
3434 3613 3528 3670 Ja-

1955 3726 2078 3787 cob,
2110 3735 2170 3777 ut
2207 3721 2343 3783 dixi,
2372 3719 2728 3787 apparuitque
2759 3714 2835 3769 illi
2871 3714 3028 3777 Deus,
3077 3720 3131 3766 et
3171 3713 3241 3764 ibi
3275 3709 3414 3764 dicta
3443 3716 3530 3762 est

1954 3819 2019 3872 ad
2049 3817 2196 3870 illum
2235 3811 2627 3869 benedictionis
2658 3793 2966 3877 ptiotnissio,
2990 3816 3044 3857 ut
3076 3803 3234 3872 paulo
3267 3811 3393 3856 ante
3428 3803 3528 3853 do-

1952 3911 2190 3972 cuimus;
2230 3916 2284 3959 at
2312 3920 2407 3958 vos
2437 3916 2650 3957 rursum
2686 3914 2790 3952 non
2822 3897 3062 3965 qumritis
3087 3894 3249 3947 Deum
3284 3892 3337 3945 in
3369 3893 3530 3944 domo

1953 3998 2090 4067 ejus,
2121 3998 2214 4052 sed
2242 3997 2294 4050 in
2322 3995 2541 4049 delubra
2572 3990 2694 4045 Baal
2724 3990 2924 4058 potius,
2949 3996 3002 4040 et
3027 3984 3377 4055 cupidissime
3406 3998 3530 4036 cur-

1955 4091 2100 4152 ritis;
2142 4104 2239 4143 nec
2270 4104 2297 4140 a
2323 4087 2432 4141 Deo
2457 4097 2735 4152 responsa,
2770 4080 2864 4134 sed
2915 4079 3214 4132 daunonutn
3273 4073 3526 4127 vaticinia

1950 4180 2260 4249 exquiritis.
2301 4179 2364 4231 Et
2405 4177 2617 4230 divinus
2663 4172 2876 4240 quidem
2921 4168 3086 4224 Jacob
3125 4165 3424 4220 ascendens
3471 4164 3526 4217 in

1951 4271 2157 4332 Betbel,
2200 4269 2302 4322 hoc
2339 4275 2440 4327 est,
2479 4283 2496 4315 ι
2539 4264 2590 4316 in
2625 4263 2837 4314 dotnnm
2883 4259 2995 4316 Dei.
3036 4275 3054 4308 ο
3109 4256 3305 4308 delevit
3353 4253 3526 4315 idola;

1950 4378 2046 4416 vos
2074 4369 2258 4416 contra
2291 4359 2342 4412 in
2375 4357 2535 4409 domo
2561 4353 2651 4405 Dei
2688 4350 2852 4404 Deum
2899 4347 3200 4416 scnlptilem
3242 4345 3527 4401 constitui-

1949 4454 2067 4507 stis.
2105 4450 2422 4505 Statuerunt
2452 4446 2652 4514 quippe
2683 4443 2735 4495 in
2789 4438 2970 4493 Bethel
3018 4437 3239 4490 vitulum
3283 4450 3526 4496 aureum,

259 4542 546 4606 θεσπέσιος
577 4541 774 4596 Ἰακὼϐ
819 4542 1124 4596 ἀναϐαίνων
1167 4544 1247 4606 είς
1294 4543 1513 4613 Βαιθὴλ,
1539 4545 1838 4610 τουτέστιν,

1955 4541 2166 4595 tametsi
2224 4537 2406 4592 Bethel
2459 4531 2954 4602 interpretationem
3015 4529 3238 4583 haberet
3269 4545 3286 4577 ι
3330 4525 3526 4578 domus

268 4655 285 4686 ι
319 4637 397 4698 εἰς
435 4632 582 4688 οἷκον
612 4633 768 4698 Θεοῦ,
808 4653 825 4686 ι
875 4634 1207 4704 κατηεράνισε
1235 4634 1300 4688 τὰ
1331 4635 1556 4688 εἴδωλα·
1595 4637 1751 4706 ὑμεῖς
1788 4639 1845 4692 δὲ

261 4729 322 4780 τὸ
365 4728 605 4781 ἐναντίον
644 4728 702 4780 ἐν
733 4727 868 4797 οἴκῳ
913 4726 1047 4779 Θεοῦ
1099 4726 1220 4780 θεὸν
1277 4729 1537 4798 ἐστήσατε
1589 4729 1843 4795 γλυπτόν.

268 4820 539 4890 Ἔστησαν
587 4820 695 4890 γὰρ
745 4820 824 4882 είς
866 4818 1065 4889 Βαιθὴλ
1103 4819 1200 4888 τὴν
1224 4819 1454 4890 δάμαλιν
1483 4821 1582 4890 τὴν
1612 4821 1842 4891 χρυσῆν,

262 4912 353 4964 καί
381 4929 464 4964 τοι
490 4911 590 4980 τῆς
618 4910 818 4980 Βαιθὴλ
844 4910 1305 4980 ἐρμηνευομένης,
1332 4911 1407 4974 ὡς
1437 4907 1608 4975 εἷπον,
1649 4930 1665 4961 ι
1696 4907 1843 4976 οἶκος

262 4997 410 5055 Θεοῦ.
447 5021 465 5052 ι
506 5001 606 5053 Διά
630 5001 786 5054 τοῦτο
815 5001 908 5053 καὶ
939 4999 1026 5052 διὰ
1081 5003 1266 5069 φωνῆς
1299 5001 1563 5072 Ἰερεμίου
1613 5003 1777 5071 φησὶν
1815 5003 1843 5055 ὀ

262 5093 387 5156 Θεὸς
417 5093 547 5162 περὶ
574 5095 673 5162 τῆς
699 5091 966 5144 Ἰουδαίων
1000 5091 1333 5160 Συναγωγῆς
1360 5107 1376 5122 ·
1419 5109 1436 5142 ι
1465 5091 1528 5144 Τί
1563 5094 1594 5162 ή
1628 5095 1842 5163 ἠγαπη-

265 5185 396 5254 μένη
427 5186 484 5237 ἐν
515 5183 592 5253 τῷ
627 5184 761 5253 οἴκῳ
798 5199 897 5251 μου
921 5181 1144 5250 ἐποίησε
1169 5181 1473 5250 βδέλυγμας
1503 5201 1518 5232 ι
1545 5183 1838 5247 τουτέστιν,

263 5274 502 5328 εἴδωλον.
533 5275 643 5328 Καὶ
690 5275 718 5325 6
771 5273 869 5341 μὲν
902 5272 1187 5336 θεσπέσιος
1211 5271 1406 5325 Ἰακὼϐ
1439 5273 1532 5325 καὶ
1578 5275 1657 5337 εἰς
1697 5269 1846 5327 οἷκον

264 5365 612 5419 ἀναϐαίνουσι
659 5365 794 5418 Θεου
820 5362 1207 5435 καθαρίζεσθαί
1237 5380 1296 5415 τε
1327 5364 1420 5416 καὶ
1455 5362 1623 5426 αὑτὰς
1649 5363 1707 5415 δὲ
1741 5365 1840 5426 τὰς

269 5457 455 5519 στολὰς
501 5456 851 5526 μεταμείϐειν
887 5455 1194 5507 ἐκέλευσεν*
1246 5455 1403 5524 ὑμεῖς
1434 5454 1490 5508 δέ
1518 5455 1715 5525 ὁρᾶσθε
1753 5453 1843 5523 βέ-

271 5549 416 5620 ϐηλοι
470 5549 562 5602 καὶ
612 5547 930 5619 ἀκάθαρτοι,
962 5547 1056 5601 καὶ
1100 5547 1343 5610 ἀνίπτοις
1376 5546 1542 5608 ίὸντες
1573 5545 1730 5597 ποσὶν
1765 5547 1844 5607 εἰς

270 5641 357 5696 τὸν
383 5641 525 5694 θεῖον
549 5635 695 5692 οἷκον
736 5641 836 5692 οὐκ
869 5639 1185 5711 ἐρυθριᾶτες
1221 5637 1404 5708 φησίν.
1454 5635 1672 5708 Ἐπειδὴ
1696 5636 1751 5689 δέ
1775 5631 1844 5705 ἦν

335 5817 380 5854 ⁴⁹
418 5819 550 5876 Gen.
587 5835 748 5885 xxxv,
778 5819 829 5884 ‘2,
867 5819 918 5876 4.
997 5822 1041 5852 ⁸ο
1083 5819 1211 5873 Ibid.

1959 4633 2074 4694 Dei,
2121 4649 2138 4683 ι
2177 4641 2235 4684 ιιι
2269 4629 2398 4683 dixi.
2431 4625 2694 4691 Quocirca
2723 4632 2777 4676 et
2811 4636 2906 4691 per
2939 4617 3230 4672 Jeremiam
3275 4616 3414 4669 Deus
3453 4615 3529 4668 ait

1953 4727 2018 4780 de
2045 4722 2351 4779 Judaeorum
2388 4716 2716 4787 Synagoga:
2763 4731 2781 4763 ι
2835 4711 2974 4776 Quid
3026 4709 3218 4762 dilecta
3267 4706 3318 4758 in
3367 4706 3528 4758 domo

1953 4830 2069 4869 mea
2112 4812 2240 4867 fecit
2273 4810 2732 4864 abotninationem
2775 4803 2862 4858 "‘2
2912 4822 2930 4854 ι
2994 4799 3192 4854 idolum
3248 4807 3396 4866 puta.
3449 4797 3528 4852 Ac

1950 4906 2163 4960 divinus
2194 4902 2409 4970 quidem
2435 4899 2601 4954 Jacob
2625 4897 2788 4951 etiam
2827 4896 2878 4948 in
2928 4893 3145 4945 domtnn
3195 4889 3285 4943 Dei
3331 4903 3525 4942 ascen-

1950 4997 2200 5052 dentibus
2241 4991 2517 5046 mandavit
2552 4986 2822 5049 mundari,
2871 4991 2924 5035 et
2953 4991 3160 5034 mutare
3191 4988 3400 5041 vestes;
3433 4992 3528 5032 vos

1950 5099 2126 5143 autem
2160 5082 2441 5140 eernimini
2473 5079 2707 5149 profani,
2739 5087 2792 5129 et
2824 5073 3105 5135 immundi,
3141 5081 3194 5126 et
3243 5072 3406 5126 illotis
3433 5085 3526 5138 pe-

1949 5181 2106 5233 dibus
2139 5179 2354 5230 domttm
2381 5172 2616 5227 divinam
2648 5168 2852 5234 ingredi
2917 5181 3022 5220 non
3063 5163 3418 5218 erubescitis?
3447 5161 3526 5214 itt-

1951 5273 2087 5341 quit.
2122 5265 2386 5334 Quoniam
2429 5277 2590 5333 porro
2633 5261 2758 5315 talis
2809 5269 2956 5314 erat-
2983 5256 3170 5318 Jacob.
3225 5255 3526 5341 idcireo_ct

1957 5339 1980 5415 έ
2013 5360 2266 5416 Dominus
2300 5356 2646 5425 omnipotens
2675 5353 2776 5407 erit
2807 5348 3118 5406 memoriale
3149 5347 3290 5415 ejus.
3337 5361 3356 5394 ι
3412 5339 3524 5392 Ma-

1951 5461 2044 5507 net
2079 5451 2221 5504 enim
2255 5449 2441 5503 salvus
2485 5446 2538 5499 in
2589 5443 2845 5498 memoria
2897 5439 3014 5502 Dei,
3056 5447 3110 5490 et
3154 5434 3307 5487 ﬂoret
3357 5429 3523 5497 gloria

1951 5540 2264 5598 immortali.
2293 5537 2574 5595 Gloriilcat
2604 5535 2799 5606 quippe
2831 5531 2974 5586 Deus
2999 5528 3283 5591 diligentes
3315 5533 3392 5573 se.
3421 5517 3526 5571 lt‘a-

1950 5651 2054 5704 que
2078 5635 2274 5705 (dicam
2308 5633 2454 5688 enim
2485 5630 2680 5687 iterum
2709 5623 2983 5694 quidpiam
3013 5618 3362 5672 vehementer
3393 5623 3529 5668 con-

1395 5818 1433 5848 δ’
1477 5817 1552 5872 lbi
1579 5817 1608 5870 l.
1671 5817 1723 5881 9,
1761 5813 1844 5868 I2.
1919 5815 1963 5845 ⁵³
2002 5811 2113 5868 Jer.
2150 5825 2221 5875 vt,
2261 5808 2341 5862 15.
