3954 6208
350 390 456 451 28⁷

1344 388 1401 445 8.
1443 386 1720 445 CYRILLI
1759 380 2227 441 ALEXANDRINI
2264 384 2586 444 ARCHIEP.

3514 381 3637 438 εεε

355 513 873 583 ιιιιιιίιιῖιρΗιοιιοιεε
902 519 1115 583 patrum
1145 517 1449 565 vestrorum
1499 506 1936 563 condemnabunt

2044 505 2276 570 τοιοῦτος
2303 507 2332 559 ὁ
2352 505 2570 568 Ἰακὼϐ,
2602 505 2859 575 ταύτῃτοι
2895 504 2985 559 καὶ
3024 521 3041 557 ι
3071 501 3273 574 Κύριος
3320 498 3634 570 παντοκράο

354 624 471 672 vos,
501 608 589 675 qui
627 622 746 660 cum
776 605 906 674 ipsis
938 617 1150 672 sapere.
1180 600 1552 668 similibusque
1590 599 1833 655 moribus
1877 606 1934 652 et

354 698 548 755 Studiis
600 697 853 752 exornari
904 693 1209 749 nolueritis.
1272 689 1668 745 Damnabimini
1728 699 1933 754 autem,

355 806 460 844 non
492 791 614 858 quia
643 790 926 843 animabus
953 796 1160 841 tantum
1188 784 1385 841 vestris
1414 782 1605 852 iniqui,
1629 782 1721 849 sed
1753 781 1936 850 gloriae

356 894 567 948 qunque
596 889 803 948 patrum
838 874 1080 931 insidiati
1113 873 1346 939 fueritis,
1385 872 1935 943 majorumquenobi-

322 1022 337 1040 κ
356 970 559 1025 litatem
594 965 1109 1031 contaminaveritis.

2037 615 2151 669 τωρ
2182 598 2337 653 ἔσται
2372 598 2716 669 μνημόσυνον
2742 596 2930 653 αὑτοῦ.
2961 616 2979 646 ι
3010 596 3248 661 Σώζεται
3274 594 3382 662 γὰρ
3410 594 3468 646 ἐν
3496 592 3633 662 μνῄ-

2043 709 2118 763 μῃ
2144 691 2448 763 Θεοῦνὲχει
2484 708 2544 743 τε
2580 688 2804 760 ἀειθαλῆ
2838 689 2937 761 τὴν
2966 688 3235 742 εὑκλειαν.
3268 686 3487 753 Δοξάζει
3520 685 3633 753 γὰρ

2041 782 2068 835 ὁ
2099 782 2227 847 Θεὸς
2263 783 2389 845 τοὺς
2425 780 2755 848 ἀγαπῶντας
2797 780 2981 835 αὑτόν.
3014 779 3223 833 Οὑκοῦν
3260 777 3410 848 (ἐρῶ
3440 776 3549 846 γάρ
3577 793 3635 828 τι
3707 849 3717 857 ἡ

2042 874 2203 929 πάλιν
2240 873 2299 928 τὸ
2328 876 2406 937 είς
2438 872 2625 944 ὄνησιν
2658 873 2989 941 ἀναγκαῖον)
3027 869 3445 941 κατακρίνουσιν
3484 868 3635 936 ὑμᾶς

2039 966 2148 1019 τῶν
2184 965 2436 1037 πατέρων
2478 966 2533 1019 αἱ
2560 965 2730 1031 δόξαι,
2762 964 2837 1034 μὴ
2865 963 2933 1017 τὰ
2970 958 3060 1017 ῐσα
3094 964 3310 1033 φρονεῖν
3341 960 3636 1029 ἑλομένους

355 1063 556 1124 αὑτοῖς.
583 1063 675 1117 καὶ
709 1061 795 1115 διὰ
818 1061 923 1114 τῶν
980 1059 1182 1130 ὁμοίων
1216 1057 1722 1113 κατακαλλὺνεσθαι
1786 1059 2004 1130 τρόπων
2037 1077 2096 1113 τε
2124 1063 2217 1114 καὶ
2272 1058 2721 1129 σπουδασμάτων.
2755 1055 3239 1125 Κατακριθήσεσθε
3276 1053 3355 1114 δὲ,
3410 1050 3506 1118 οὑχ
3552 1049 3635 1110 ὡς

354 1156 433 1215 εἰς
480 1154 646 1224 μόνας
685 1152 1004 1224 ἠδικηκότες
1036 1152 1133 1216 τὰς
1170 1151 1380 1204 ἑαυτῶν
1403 1150 1603 1221 ψυχὰς,
1640 1152 1756 1205 ἀλλ’
1794 1152 1956 1206 οἱονεί
1996 1171 2115 1218 πως
2153 1154 2248 1206 καὶ
2305 1154 2424 1215 ταῖς
2464 1150 2571 1205 τῶν
2629 1150 2882 1222 πατέρων
2906 1145 3176 1210 εὑκλείαις
3208 1143 3635 1198 ὲπιϐουλεὺσανυ

352 1262 464 1308 τες,
500 1245 591 1298 καὶ
617 1244 947 1315 προγονικὴν
973 1242 1247 1311 εὐγένειαν
1279 1242 1762 1312 καταισχύναντες.

428 1336 590 1390 Vens.
628 1334 680 1389 6.
723 1336 783 1389 Ει
824 1346 880 1389 ιιι
916 1337 969 1389 in
1002 1335 1106 1390 Deo
1139 1345 1227 1388 tuo
1260 1337 1603 1399 converteris,
1639 1336 1938 1390 misericor-

2110 1332 2222 1388 Καὶ
2245 1331 2327 1386 σὺ
2360 1331 2428 1385 ἑν
2450 1328 2571 1394 Θεῷ
2595 1346 2711 1384 σου
2735 1327 3138 1397 ἐπιστρέψας,
3164 1326 3341 1381 ἔλεον
3371 1327 3467 1382 καὶ
3504 1330 3636 1395 κρί-

354 1430 498 1480 dium
534 1439 581 1481 el
610 1428 876 1498 judicium
914 1427 1139 1492 custodi,
1175 1437 1222 1482 et
1262 1428 1624 1496 appropinqua
1661 1428 1731 1481 ad
1770 1426 1939 1483 Deum

2044 1443 2120 1497 μα
2152 1423 2501 1495 φυλάσσου,
2529 1420 2629 1474 καὶ
2657 1417 2844 1490 amre
2867 1418 3016 1487 πρὸς
3045 1420 3195 1472 Θεόν
3220 1434 3338 1472 σου
3360 1417 3458 1471 διὰ
3485 1434 3636 1472 παν-

356 1531 501 1574 ιιιιιιη
537 1534 753 1583 semper.

427 1607 713 1665 CXXXIX.
756 1608 955 1663 Gratim
992 1608 1309 1675 pollicitatio
1344 1609 1503 1669 minis
1538 1608 1767 1663 admista
1800 1616 1883 1663 est
1916 1624 1933 1663 :

356 1701 738 1759 comminantis
764 1701 907 1755 enim
942 1700 1110 1767 magis
1148 1716 1308 1769 quam
1364 1700 1685 1769 simpliciter
1710 1701 1936 1769 promit-

2038 1520 2281 1662 ngO’.
2323 1605 2548 1677 ’Λπειλῇ
2584 1604 2918 1678 κεκέρασται
2946 1602 3045 1672 τῆς
3074 1602 3298 1673 χάριτος
3331 1604 3364 1672 ἡ
3399 1601 3639 1672 ὑπόεικε--

2042 1718 2145 1764 σις.
2168 1698 2545 1760 ’Λητειλοῦντος
2583 1698 2692 1768 γὰρ
2743 1695 2966 1766 μᾶλλον,
2995 1694 3026 1766 ἢ
3072 1694 3505 1764 ὑπισχνουμένου
3536 1712 3634 1747 κα-

359 1795 519 1851 tentis
550 1803 631 1857 est
666 1795 769 1848 ista
801 1795 996 1851 oratio.
1022 1793 1400 1855 Verumtamen
1432 1812 1496 1852 ex
1531 1810 1714 1850 amore
1742 1810 1932 1864 proce-

2044 1760 2220 1861 θαρῶς
2253 1792 2331 1854 είς
2360 1789 2420 1842 τὸ
2455 1760 2630 1859 παρὸ-ν
2663 1760 2715 1839 ’ὁ
2744 1760 2911 1856 *λόγος
2935 1760 2960 1817 ⁸-
3016 1760 3160 1855 πλὴν
3205 1760 3263 1848 ἐξ
3321 1760 3540 1856 ἀγάπης
3592 1788 3632 1856 ἡ

356 1886 435 1941 dit
464 1885 835 1948 comminatio,
866 1895 919 1938 et
946 1894 1029 1939 est
1055 1886 1119 1938 ad
1154 1886 1352 1954 probas
1378 1887 1759 1957 cogitationes,
1788 1897 1840 1940 et
1869 1887 1935 1942 ad

361 1974 520 2045 172
548 1975 872 2030 desiderium
901 1974 1079 2031 officio
1109 1977 1327 2045 parendi
1360 1978 1603 2033 vocantis
1633 1976 1931 2033 oraculum.

358 2066 485 2120 Erat
512 2067 677 2130 enim,
706 2066 898 2134 inquit,
924 2065 1142 2134 sapiens
1168 2067 1433 2137 longeque
1453 2070 1695 2138 optimus
1719 2069 1937 2124 divinus

354 2156 551 2224 Jacob,
581 2168 637 2212 et
664 2158 921 2226 prepositi
953 2158 1033 2213 sui
1071 2157 1305 2212 fructum
1337 2157 1568 2212 habebat
1598 2159 1688 2213 Dei
1722 2175 1849 2228 erga
1878 2174 1939 2215 se

357 2250 701 2307 cbaritatem.
731 2250 837 2306 Sed
867 2258 920 2303 tu
952 2258 1158 2319 patrem
1192 2265 1300 2303 non
1332 2264 1390 2304 es
1423 2248 1686 2305 imitatus.
1710 2249 1938 2304 Verum-

358 2348 541 2397 tamen
574 2358 592 2391 ι
627 2340 970 2395 Converteris
1000 2342 1049 2393 in
1081 2341 1190 2396 Deo
1220 2351 1309 2397 tuo
1334 2341 1498 2396 etiam
1532 2351 1608 2406 tu,
1648 2360 1666 2393 ι
1702 2343 1803 2397 hoc
1830 2351 1934 2409 est,

357 2433 606 2502 quamvis
646 2431 906 2501 insipiens
947 2431 1135 2498 fueris,
1174 2441 1231 2488 et
1268 2443 1536 2502 apostata,
1578 2443 1632 2488 et
1676 2435 1935 2499 insolens,

360 2524 711 2579 nihilominus
744 2525 905 2579 etiam
939 2533 1133 2594 praeter
1162 2526 1495 2581 voluntatem
1529 2527 1595 2582 ad
1627 2528 1790 2582 vitam
1825 2529 1937 2581 vir-

361 2616 491 2669 tutis
519 2631 706 2670 norma
737 2616 997 2671 directam
1029 2618 1250 2672 redibis.
1282 2617 1502 2673 Redibis
1533 2628 1713 2673 autem
1745 2634 1937 2674 corrc-

356 2717 481 2777 ptus
523 2707 576 2761 in
615 2705 746 2771 Deo,
786 2708 837 2760 id
881 2716 982 2771 est,
1027 2722 1122 2779 per
1162 2708 1351 2763 Deum.
1393 2709 1457 2764 Et
1499 2711 1754 2779 quoniam
1800 2713 1938 2768 bona

358 2799 499 2855 ratio
525 2814 627 2853 non
655 2799 920 2867 persuasit
960 2808 1019 2853 ut
1061 2809 1207 2855 recta
1230 2800 1315 2861 via
1341 2801 1672 2866 ambulares,
1698 2803 1940 2873 velleque

358 2903 549 2958 sapere
577 2898 634 2942 ut
662 2899 958 2956 oporteret,
989 2890 1214 2945 restabit
1246 2891 1341 2946 tibi
1376 2892 1533 2960 plane
1566 2893 1856 2964 ﬂagellum,
1884 2904 1939 2950 et

357 2979 610 3033 celeriter
642 2980 709 3032 ad
751 2979 1054 3046 eligendum
1095 2988 1149 3034 et
1185 2981 1619 3049 cognoscendum
1658 2982 1800 3050 quod
1836 2997 1937 3039 ex-

358 3069 509 3136 pedit
549 3077 600 3122 te
642 3067 953 3122 transferet.
992 3068 1168 3137 Atque
1206 3069 1319 3124 ltrec
1366 3069 1541 3135 nobis,
1582 3079 1639 3127 ut
1678 3072 1937 3138 arbitror,
1966 3111 2009 3170 ο

361 3160 681 3215 indicaverit
710 3160 903 3214 merito
932 3165 1075 3229 quod
1108 3162 1330 3227 dicitur,
1366 3182 1385 3219 ι
1412 3163 1475 3218 Et
1496 3173 1549 3218 tu
1585 3166 1636 3223 in
1671 3164 1779 3219 Deo
1806 3180 1937 3221 con-

357 3250 606 3314 verteris,
639 3268 658 3302 ι
687 3251 880 3313 minas,
906 3259 963 3305 ut
994 3250 1128 3317 dixi,
1153 3251 1310 3308 bonis
1339 3253 1621 3323 promissis
1648 3253 1937 3311 scitissime

358 3340 645 3411 permistas
677 3339 894 3395 habens.
927 3340 1131 3397 Deinde
1160 3356 1346 3412 porro,
1377 3352 1436 3398 ut
1459 3342 1572 3410 jam
1602 3342 1808 3411 ﬂagella
1841 3357 1934 3412 pa.

360 3434 534 3498 tienti,
576 3442 630 3488 et
651 3434 706 3487 in
738 3433 916 3486 medio
945 3434 1225 3488 verberum
1259 3437 1553 3492 constituto
1586 3437 1725 3492 Deus
1755 3438 1934 3492 accla—

358 3535 500 3577 mat:
535 3543 552 3575 ι
579 3523 1001 3577 Misericordiam
1030 3534 1084 3579 et
1107 3523 1370 3593 judicium
1401 3528 1634 3590 custodi,
1663 3536 1717 3581 et
1744 3542 1939 3595 appro-

357 3615 559 3683 plnqna
606 3614 671 3667 ad
718 3613 884 3667 Deum
930 3623 1080 3668 tuum
1126 3631 1362 3685 semper.
1410 3636 1429 3667 ι
1477 3617 1935 3684 Quemadmodum

356 3705 501 3758 enim
537 3703 581 3757 si
619 3703 869 3757 dominus
899 3704 1167 3773 quispiam
1201 3721 1356 3761 servo
1390 3708 1445 3761 in
1482 3724 1638 3777 poma
1663 3750 1677 3774 ,
1709 3720 1763 3765 et
1796 3712 1938 3764 inter

358 3795 476 3863 ipsa
514 3792 720 3862 ﬂagella
752 3806 877 3847 cum
906 3795 1061 3849 venia
1097 3802 1151 3851 et
1188 3795 1562 3865 indignatione
1596 3799 1742 3853 dicat
1776 3818 1790 3855 :
1824 3798 1938 3852 Mo-

359 3886 544 3940 destus
584 3894 723 3949 esto,
766 3891 818 3937 et
861 3893 1107 3953 prompte
1144 3884 1424 3950 obediens,
1467 3898 1523 3941 ct
1563 3889 1752 3944 herilia
1788 3888 1937 3957 iussa

358 3991 428 4031 ne
456 3984 779 4039 contemne;
811 3976 998 4031 eodem
1030 3976 1209 4041 modo,
1238 3978 1451 4045 opinor,
1478 3988 1534 4036 et
1563 3981 1937 4036 universorum

361 4069 533 4133 Dens;
550 4080 812 4136 percusso
839 4067 1233 4135 quodammodo
1263 4068 1536 4138 Ephraim,
1566 4082 1620 4126 et
1652 4071 1772 4127 belli
1793 4074 1935 4127 cala-

357 4159 637 4215 mitatibus
666 4159 949 4227 castigato,
981 4158 1180 4230 inquit,
1212 4179 1229 4215 ι
1264 4161 1691 4225 Hiscricordiam
1716 4174 1771 4221 et
1793 4164 1937 4234 judio
1969 4155 1976 4162 ’

358 4253 502 4309 cium
536 4253 773 4317 custodi,
802 4263 857 4307 et
890 4253 1261 4324 appropinqua
1296 4255 1362 4310 ad
1401 4255 1566 4312 Deum
1608 4264 1760 4313 tuum
1792 4272 1937 4319 sem-

357 4359 477 4414 per.
517 4362 537 4396 ι
578 4343 807 4399 Perinde
841 4342 1075 4401 fortasse
1108 4361 1170 4401 ac
1202 4347 1248 4401 si
1284 4346 1433 4403 dicat
1465 4365 1480 4402 :
1518 4348 1633 4403 Hac
1669 4349 1736 4405 de
1770 4365 1935 4405 causa

357 4437 500 4492 scito
542 4445 594 4492 te
634 4438 874 4505 percuti,
919 4439 1049 4507 quia
1117 4454 1219 4493 non
1283 4440 1566 4499 custodisti
1620 4455 1719 4499 nec
1756 4441 1936 4508 magni

356 4528 559 4581 duxisti
606 4543 725 4596 quae
751 4527 879 4581 mihi
908 4538 1058 4597 grata
1089 4536 1216 4581 sunt
1240 4537 1293 4582 et
1322 4529 1536 4584 dilecta.
1564 4530 1935 4589 Misericordia

360 4619 528 4688 igitur
562 4618 905 4674 dilectionem
947 4618 1248 4687 signiﬂeat,
1295 4638 1313 4670 ι
1366 4618 1592 4679 Dilectio
1635 4631 1819 4683 autem,
1860 4634 1943 4681 est

361 4711 496 4782 legis
534 4711 809 4781 plenitudo
831 4710 878 4742 ⁸³
918 4726 934 4763 :
983 4729 1004 4763 ι
1046 4710 1297 4779 proximo
1337 4712 1482 4766 enim
1532 4731 1551 4766 ι
1600 4714 1793 4771 Malum
1836 4732 1940 4773 non

359 4812 616 4871 operatur
636 4804 705 4867 ⁸⁵,
749 4820 769 4855 ι
809 4810 870 4857 ιιι
908 4802 1096 4855 beatus
1136 4800 1337 4858 Paulus
1373 4803 1468 4859 ait.
1506 4804 1774 4860 Judicium
1817 4821 1943 4863 vero

360 4890 563 4958 justam
595 4894 885 4957 actionem,
918 4896 1031 4948 sive
1058 4893 1347 4961 justitiam,
1380 4906 1437 4951 et
1462 4897 1655 4952 divina:
1686 4897 1819 4968 legis
1845 4914 1942 4953 vo-

363 4980 693 5051 luptatisque
725 4985 1181 5043 observationem.
1211 4985 1480 5042 Iudicium
1516 4990 1658 5044 etaim
1696 5005 1722 5041 a
1760 4991 1941 5045 divina

366 5071 648 5140 Scriptura
692 5072 778 5127 lex
824 5086 1066 5129 vocatur.
1114 5077 1563 5147 Appropinqnarc
1608 5088 1788 5134 autem
1834 5079 1943 5137 Deo

364 5178 596 5233 semper,
624 5165 933 5233 significare
959 5177 1135 5234 potest
1162 5170 1436 5225 sincerum
1464 5172 1660 5229 tuentis
1688 5172 1741 5225 in
1771 5174 1944 5242 ipsum

367 5252 695 5307 desiderium
734 5261 787 5307 et
819 5254 1247 5321 inclinationem,
1282 5266 1336 5312 et
1371 5260 1667 5315 abhorrere
1724 5260 1793 5315 ab
1828 5260 1949 5316 aliis

367 5344 457 5412 qui
498 5358 605 5399 non
642 5351 767 5398 sunt
797 5344 893 5410 dii,
928 5352 1020 5398 aut
1055 5359 1085 5399 a
1122 5355 1371 5401 creatura
1404 5347 1562 5414 forte,
1602 5359 1697 5409 aut
1733 5360 1880 5407 certe
1918 5366 1946 5405 a

370 5434 531 5505 lignis
579 5446 633 5492 et
683 5436 969 5506 lapidibus.
1016 5440 1485 5511 Appmpinquabit
1524 5456 1653 5497 vero
1705 5442 1848 5505 Deo,
1896 5451 1952 5500 et

372 5541 538 5595 prope
570 5529 677 5584 erit
711 5532 1008 5587 secundum
1043 5533 1317 5601 allectum,
1349 5534 1438 5602 qui
1474 5542 1527 5588 et
1562 5535 1741 5603 probis
1775 5534 1948 5589 actio-

378 5616 540 5674 nibus
559 5622 822 5680 excellere
844 5628 991 5679 novtt
1005 5668 1020 5693 ,
1045 5633 1099 5680 et
1121 5624 1487 5695 incorruptam
1512 5624 1569 5678 in
1590 5624 1766 5695 seipse
1789 5625 1948 5681 fidem

463 5795 511 5830 ⁸³
552 5797 705 5856 Rom.
738 5819 859 5873 xm,
892 5804 973 5859 10.
1051 5807 1096 5840 ³³
1139 5806 1307 5863 ιιλοτ.
1344 5820 1461 5873 χιιι,
1494 5804 1548 5861 5.

2036 1881 2255 1951 ἀπειλὴ,
2284 1880 2379 1933 καὶ
2411 1879 2705 1942 καλοῦντος
2727 1880 2806 1941 είς
2832 1878 3099 1948 ὀρθότητα
3118 1876 3417 1947 λογισμῶν,
3437 1878 3531 1931 καὶ
3546 1877 3641 1940 εἰς

2037 1975 2222 2044 ἔφεσιν
2244 1972 2543 2042 εὐκοσμίας
2563 1973 2624 2025 τὸ
2644 1966 3164 2043 χρησμῲδημα.Ἦν
3194 1970 3293 2041 μὲν
3319 1970 3446 2041 γὰρ,
3468 1969 3629 2041 φησὶ,

2040 2067 2203 2136 σοφὸς
2234 2066 2327 2120 καὶ
2364 2066 2695 2137 πανάριστος
2737 2066 2765 2119 ὁ
2808 2065 3095 2128 θεσπέσιος
3119 2064 3334 2128 Ἰακὼϐ,
3362 2064 3455 2116 καὶ
3484 2063 3628 2132 γνώ-

2041 2177 2148 2232 μης
2182 2160 2316 2222 ἰδίας
2354 2159 2493 2229 ἔχων
2543 2158 2758 2229 καρπὸν
2801 2157 2864 2211 τὸ
2912 2157 3178 2228 θεοφιλές.
3203 2157 3343 2211 Ἀλλ’
3373 2158 3472 2221 οὑκ
3504 2160 3630 2227 ἐμι-

2041 2253 2199 2323 μήσω
2240 2251 2330 2304 τὸν
2366 2252 2600 2321 πατέρα.
2635 2249 2781 2319 Πλὴν
2818 2268 2835 2300 ι
2860 2249 3241 2320 Ἐπιστρέψεις
3281 2252 3339 2302 ἐν
3382 2249 3499 2319 Θεῷ
3532 2266 3633 2302 σου

2038 2346 2132 2403 καὶ
2166 2344 2252 2404 σὺ,
2286 2363 2303 2393 ι
2339 2343 2606 2408 τουτέστι,
2646 2343 2747 2397 κᾶν
2777 2341 3017 2412 ἐξίτηλος
3051 2340 3137 2413 ᾖς,
3168 2340 3263 2394 καὶ
3291 2341 3626 2409 ἀποστάτης,

2039 2432 2133 2489 καὶ
2155 2432 2434 2503 ὑϐριστὴς,
2461 2433 2574 2485 ἀλλ’
2601 2428 2694 2486 οῦν
2726 2432 2990 2503 ὲπανήξῃ,
3016 2433 3110 2486 καὶ
3139 2433 3238 2502 οὐχ
3266 2431 3430 2497 ἑκὼν,
3466 2432 3545 2493 είς
3566 2431 3629 2484 τὸ

2038 2524 2257 2577 ἑλέσθαι
2294 2523 2442 2593 βιοῦν
2474 2524 2669 2592 ὀρθῶς.
2696 2524 3021 2593 Ἐπανήξεις
3060 2522 3117 2577 δὲ
3148 2522 3535 2592 παιδευόμενος
3569 2523 3633 2575 ὲν

2038 2615 2172 2684 Θεῷ,
2210 2616 2473 2680 τουτέστι,
2498 2616 2587 2669 διὰ
2628 2616 2784 2668 Θεοῦ.
2821 2618 2931 2670 Καὶ
2971 2616 3158 2686 ὲπειδή
3193 2634 3253 2675 σε
3279 2616 3536 2691 λογισμὸς
3564 2616 3625 2670 οὑ

2040 2708 2301 2762 πέπεικεν
2334 2708 2556 2776 ἀγαθὸς,
2592 2709 2679 2762 ἐπ’
2701 2707 2866 2779 ὀρθὴν
2897 2707 3032 2765 ἱέναι
3055 2708 3262 2779 τρίϐον,
3294 2708 3388 2760 καὶ
3412 2705 3632 2773 ἀγαπῆ-

2040 2816 2133 2855 σαι
2169 2803 2386 2872 φρονεῖν
2422 2799 2459 2854 ἃ
2484 2800 2584 2863 δεῖ,
2620 2800 3036 2871 περιγενήσεται
3070 2816 3164 2852 σου
3200 2800 3374 2869 πάντη
3419 2815 3478 2855 τε
3533 2798 3630 2851 καὶ

2042 2890 2256 2955 πάντως
2301 2891 2334 2960 ἡ
2385 2890 2734 2967 μάστιξ,.καὶ
2788 2891 3084 2961 μεταθήσει
3124 2890 3338 2961 γοργῶς
3367 2889 3504 2959 πρὸς
3530 2888 3632 2957 τὴν

2039 2979 2134 3034 τοῦ
2181 2980 2556 3052 συμφέροντος
2606 2980 2818 3051 αἵρεσίν
2844 2998 2904 3033 τε
2935 2979 3028 3034 καὶ
3062 2980 3283 3048 γνῶσιν.
3309 2980 3481 3033 Ταυτὶ
3530 2978 3637 3048 μὲν

2040 3068 2133 3127 οῦν
2185 3075 2337 3143 ἡμῖν,
2366 3071 2618 3143 καθάπερ
2656 3071 3047 3141 ὑπολαμϐάνω,
3082 3072 3522 3142 κατασημήνειεν
3562 3066 3636 3122 ἂν

2043 3167 2269 3228 εἰκότως
2301 3165 2384 3228 τὸ,
2426 3182 2445 3216 ι
2480 3164 2588 3225 Καὶ
2618 3164 2683 3217 σὺ
2713 3166 2771 3217 ὲν
2800 3164 2919 3233 Θεῷ
2954 3182 3048 3217 σου
3080 3163 3447 3235 ὲπιστρέψεις,
3484 3182 3501 3213 ι
3534 3163 3636 3214 ἀπ’.

2044 3257 2194 3329 ειλὴν
2222 3256 2363 3327 ἔχον,
2394 3255 2471 3319 ὡς
2516 3254 2674 3322 ἔφην,
2704 3256 2965 3331 χρησταῖς
2999 3254 3325 3325 ὑποσχέσεσι
3372 3250 3431 3306 εὖ
3485 3251 3637 3322 μάλα

2044 3346 2481 3419 κεκερασμένην.
2534 3341 2669 3403 Εἶτα
2718 3345 2921 3403 λοιπὸν.
2953 3345 3029 3411 ὠς
3077 3345 3176 3414 ἤδη
3228 3343 3632 3415 μαστιζομένῳ,

2045 3440 2138 3499 καὶ
2166 3441 2222 3492 έν
2251 3438 2401 3507 αὑτῷ
2421 3438 2665 3506 γεγονότι
2689 3436 2767 3506 τῷ
2792 3436 2993 3527 πληττε
3004 3436 3147 3497 σθαι,
3169 3436 3300 3499 Θεὸς
3325 3438 3588 3505 ἐπιφωνεί
3615 3451 3627 3463 ⁸

2049 3529 2274 3582 (Ἔλεον
2311 3529 2406 3583 καὶ
2435 3527 2611 3598 κρίμα
2654 3526 2953 3597 φυλάσσου,
2986 3527 3079 3581 καὶ
3124 3526 3307 3596 ἔγγιζε
3357 3526 3495 3595 πρὸς
3540 3527 3637 3581 τὸν

2044 3618 2177 3672 Θεόν
2202 3636 2294 3671 σου
2321 3618 2633 3682 διαπαντός.
2668 3618 2907 3688 ι’Ὢσπερ
2935 3618 3043 3687 γὰρ
3070 3617 3228 3682 εἴτις
3254 3618 3517 3688 δεσπότης
3548 3620 3600 3671 oi
3618 3648 3633 3658 -

2046 3710 2182 3780 κέτῃ
2210 3709 2605 3779 παιδευομένῳ,
2637 3709 2731 3761 καὶ
2764 3710 2820 3762 ἐν
2844 3709 2991 3779 αὑτῷ
3024 3708 3247 3779 μαστίζε
3259 3709 3382 3762 σθαι
3410 3709 3636 3777 γεγονό⁴

2044 3802 2287 3867 τι,λέγοι
2340 3801 2477 3870 μετὰ
2517 3799 2732 3869 φειδοῦς
2776 3818 2835 3853 τε
2882 3801 2997 3869 ἅμα
3046 3800 3140 3853 καὶ
3186 3801 3632 3869 ἀγανακτήσεως,

2048 3890 2289 3961 Σώφρων
2324 3891 2427 3944 {eo
2478 3892 2572 3945 καὶ
2621 3891 2899 3962 εὐπειθὴς,
2927 3891 3020 3944 καὶ
3067 3891 3141 3963 μὴ
3192 3890 3522 3960 καταφρόνει
3554 3890 3631 3942 δε-

2047 3982 2317 4037 σππικῶν
2347 3983 2711 4054 ένταλμάτων·
2733 3984 2823 4037 τὸν
2852 3983 3035 4045 αὑτὸν,
3063 3979 3235 4053 οἶμαι,
3258 3983 3459 4053 τρόπον
3483 3984 3577 4036 καὶ
3601 3983 3634 4035 δ

2045 4076 2157 4129 τῶν
2184 4075 2321 4131 ὅλων
2364 4077 2496 4140 Θεὸς
2538 4078 2860 4148 τυπτομένῳ
2891 4076 3091 4146 τρόπον
3121 4075 3242 4130 τινὰ
3264 4076 3342 4146 τῷ
3368 4074 3632 4145 Ἐφραῖμ,

2046 4168 2142 4221 καὶ
2170 4170 2292 4230 ταῖς
2321 4168 2415 4221 τοῦ
2448 4168 2686 4239 πολέμου
2720 4169 3028 4238 συμφοραῖς
3066 4166 3507 4236 ὲκπαιδευομένῳ
3534 4183 3635 4234 φης

2049 4260 2154 4313 σίν·
2215 4259 2438 4313 «Ἔλεον
2466 4261 2558 4313 καὶ
2602 4261 2777 4330 κρίμα
2821 4259 3117 4328 φυλάσσου,
3152 4260 3244 4312 καὶ
3282 4259 3465 4326 ἔγγιζε
3493 4257 3636 4328 πρὸς

2048 4350 2139 4403 τδν
2166 4349 2297 4403 Θεόν
2330 4367 2422 4402 σου
2449 4349 2761 4410 διαπαντός.
2806 4349 3059 4418 »Ὅμοιον
3085 4350 3160 4410 ὡς
3183 4348 3231 4401 εί
3256 4347 3406 4415 λέγοι
3432 4347 3595 4417 τυχόν
3613 4363 3628 4377 ·

1970 4471 2012 4525 D
2049 4442 2265 4512 Ταύτης
2310 4442 2474 4495 ἕνεκα
2519 4441 2620 4511 τῆς
2668 4441 2847 4506 αἰτίας
2879 4440 2987 4493 ἴσθι
3027 4440 3411 4510 πληττόμενος,
3442 4439 3522 4490 ὃτι
3556 4437 3635 4507 μὴ

2042 4533 2310 4600 ἐφυλάξω,
2347 4533 2481 4602 μηδὲ
2508 4531 2812 4601 τετίμηκας
2839 4532 2907 4585 τὰ
2961 4531 3085 4601 ἐμοὶ
3114 4531 3242 4599 φίλα
3276 4530 3369 4582 καὶ
3416 4531 3636 4597 ἠγαπη-

2044 4622 2199 4692 μένα.
2232 4622 2305 4674 Τὸ
2347 4621 2446 4691 μὲν
2472 4615 2564 4674 οὖν
2593 4621 2741 4684 ἕλεος
2768 4618 2869 4690 τ”ην
2898 4620 3119 4690 ἀγάπην
3153 4619 3323 4689 δηλοῖ.
3366 4637 3383 4670 ι
3414 4617 3632 4688 ’Λγάπη

2039 4714 2097 4769 δὲ
2128 4714 2294 4785 νόμου
2318 4714 2615 4785 πλήρωσις.
2658 4732 2677 4773 ι
2709 4712 2799 4783 Τῷ
2841 4715 2949 4786 γάρ
2998 4713 3228 4783 πλησίον
3268 4732 3287 4763 ι
3320 4711 3504 4764 Κακὺν
3530 4710 3632 4763 οὑκ

2042 4806 2355 4876 ἐργάζεται,
2390 4824 2406 4857 ι
2444 4804 2694 4876 κατὰτὴν
2726 4804 2822 4858 τοῦ
2863 4805 3134 4876 μακαρίου
3170 4804 3384 4856 Παύλου
3424 4804 3631 4871 φωνήν.

2045 4898 2119 4952 Τὸ
2138 4898 2194 4951 δὲ
2220 4898 2395 4968 κρίμα
2419 4896 2517 4966 τὴν
2536 4896 2977 4967 δικαιοπραγίαν,
3002 4896 3121 4966 ἦτοι
3141 4895 3237 4963 τὴν
3266 4892 3631 4960 δικαιοσύνην,

2048 4988 2143 5043 xal.
2168 4988 2265 5059 τὴν
2291 4988 2383 5042 τοῦ
2418 4987 2562 5041 θείου
2591 4989 2755 5059 νόμου
2783 4987 3120 5059 βουλήματος
3158 4987 3405 5055 τήρησιν.
3445 4984 3634 5053 Κρίμα

2050 5081 2159 5154 γὰρ
2210 5083 2237 5134 ὁ
2289 5080 2451 5150 νόμος
2501 5080 2817 5149 ὠνόμασται
2870 5079 3021 5147 παρά
3066 5094 3131 5144 γε
3179 5080 3245 5147 τῇ
3290 5074 3636 5144 θεοπνεύστῳ

2042 5174 2258 5245 Γραφῇ.
2292 5174 2365 5226 Τὸ
2389 5174 2445 5226 δὲ
2478 5172 2720 5241 ἐγγίζειν
2752 5170 2869 5240 Θεῷ
2898 5169 3207 5232 διαπαντὸς,
3246 5169 3522 5237 ὑπέφηνεν
3558 5168 3623 5218 iv

2044 5267 2143 5337 τὴν
2185 5266 2267 5328 είς
2309 5264 2470 5317 αὑτὸν
2515 5263 2745 5333 γνησίαν
2790 5262 2889 5329 τῆς
2934 5259 3172 5321 διανοίας
3207 5258 3393 5326 ἔφεσιν
3426 5274 3484 5308 τε
3542 5258 3635 5307 καὶ

2050 5354 2241 5427 ῥοπὴν,
2270 5355 2363 5408 καλ⁸
2384 5353 2445 5406 τὸ
2474 5353 2551 5423 μὴ
2582 5352 2940 5425 προσκεῖσθαι
2966 5348 3139 5417 φιλεῖν
3167 5346 3376 5415 ἑτέροις
3402 5349 3512 5407 τοῖς
3535 5346 3637 5396 οὑκ

2045 5443 2164 5498 οὖσι
2199 5443 2360 5508 θεοῖς,
2400 5445 2434 5514 ἢ
2469 5447 2532 5514 τῇ
2568 5444 2740 5497 κτίσει
2772 5441 2953 5512 τυχὸν,
2989 5440 3021 5510 ἢ
3076 5439 3208 5508 γοῦν
3238 5438 3413 5504 ξύλοις
3444 5455 3498 5489 τε
3542 5436 3635 5489 καὶ

2046 5538 2461 5605 λίθοις.Ἐγγιεῖ
2486 5537 2543 5589 δὲ
2572 5537 2711 5607 Θεῷ,
2746 5536 2840 5589 καὶ
2870 5533 3093 5603 πλησίον
3135 5533 3286 5587 ἔσται
3332 5531 3477 5584 κατὰ,
3515 5529 3601 5580 διά
3620 5558 3633 5567 -

2050 5630 2221 5695 θεσιν,
2252 5629 2346 5683 καὶ
2377 5630 2405 5682 ὁ
2443 5628 2703 5700 πράξεσιν
2735 5628 2963 5697 ἀγαθαῖς
2993 5626 3297 5696 ὲμπρέπειν
3330 5621 3502 5683 εἰδὼς,
3540 5620 3631 5671 καὶ
