3898 6212
208 233 311 291 ἳεθ

1122 224 1670 288 COMMENTARIUS
1708 226 1777 285 IN
1817 225 2051 286 OSEAM
2088 226 2536 289 PROPHETAM.

3359 244 3467 301 290

213 342 587 423 ἀπαρὰφθορον
611 350 671 404 ὲν
696 347 874 421 ἑαυτῷ
900 350 1145 420 τηρήσας
1178 348 1278 420 τὴν
1307 348 1508 402 πίστιν.
1532 346 1775 403 Μεσολα-

1885 346 2145 399 servavit.
2185 345 2338 415 Smpe
2373 347 2518 402 enim
2561 358 2841 418 peccatum
2884 364 2944 407 se
2981 351 3308 423 interponit,
3345 367 3401 413 et
3434 373 3466 414 ιι

212 444 287 496 ϐεῖ
332 442 438 510 γὰρ
482 439 741 503 πολλάκις
781 442 814 511 ἡ
867 439 1146 510 ἁμαρτία,
1189 441 1284 493 καὶ
1339 438 1575 509 διίστησι
1618 438 1774 494 Θεοῦ.

213 532 352 587 Κατά
391 530 484 583 τὸν
531 529 645 583 ἴσον
691 529 747 583 δὲ
798 530 997 601 τρόπον
1034 531 1295 585 ἀποσοϐεῖ
1324 530 1485 585 πάλιν
1516 530 1616 600 τῆς
1645 530 1782 602 πρὸς

212 622 356 676 αὐτὸν
377 621 709 691 οἰκειότητος
731 622 824 675 καί
845 621 908 675 τὸ
931 622 1289 691 προσκεῖσθαι
1317 625 1522 691 φωναῖς
1554 623 1782 675 ἀνοσίων

210 713 712 783 ψευδοδιδασκάλων.
748 713 1120 783 Παραιτητέον
1153 713 1215 785 δὴ
1241 708 1334 767 οὖν
1367 717 1479 778 τοῖς
1507 713 1781 767 ἐθέλουσιν

211 805 361 872 ἐγγὺς
392 798 533 855 εἶναι
562 802 718 868 Θεοῦ,
748 803 815 856 τὰ
842 802 908 855 δι’
940 797 1016 857 ὧν
1050 803 1115 857 ἂν
1140 805 1382 872 γένοιντο
1414 806 1652 877 μακράν.

266 914 529 995 Ϊανιιὰν,
561 935 633 988 ἐν
674 935 827 1003 χειρὶ
871 935 1060 990 αὐτοῦ
1092 935 1268 1007 ζυγὸς
1312 937 1567 1005 ἀδικίας,
1606 950 1784 993 κατα-

208 1027 594 1081 δυνωτειῖειν
619 1026 920 1097 ἠγάπησε.
955 1028 1062 1081 Kal
1093 1024 1262 1082 εἶπεν
1294 1030 1541 1100 Ἐφραΐμ
1561 1047 1575 1061 ·
1608 1032 1785 1099 Πλὴν

207 1121 607 1189 πεπλούτηκα,
645 1121 872 1188 εὕρηκα
910 1120 1241 1190 ἀναψυχὴν
1265 1122 1517 1191 ἐμαυτῷ.
1554 1124 1782 1190 Πάντες

204 1214 251 1264 oi
263 1212 436 1265 πόνοι
466 1211 654 1265 αὑτοῦ
674 1213 788 1281 οὐχ
810 1210 1240 1282 εὑρεθήσονται
1263 1213 1423 1279 αὐτῷ
1447 1214 1520 1270 δι’
1545 1216 1783 1285 ἀδικίας

202 1304 267 1370 (ῖς
293 1304 581 1374 ἥμαρτεν·

262 1435 399 1489 PM’.
444 1434 611 1491 Ὅσον
653 1437 751 1507 μὲν
780 1436 887 1511 γὰρ
926 1439 1050 1510 ἥκει
1096 1441 1175 1504 εἷς
1214 1459 1277 1510 γε
1325 1442 1385 1495 τὸ
1424 1442 1611 1497 δοκοῦν
1638 1442 1779 1513 Θεῷ,

201 1528 493 1598 τετήρηκεν
540 1527 606 1583 ἂν
652 1529 798 1592 ἔλεός
835 1548 895 1584 τε
928 1532 1021 1585 καὶ
1065 1532 1257 1604 κρίμα,
1301 1534 1395 1587 καὶ
1438 1534 1498 1587 τὸ
1543 1534 1783 1603 ἐγγίζειν

201 1620 337 1689 αὐτῷ
368 1620 664 1685 διαπαντὸς
691 1624 719 1675 ό
739 1623 998 1695 Ἑφραῖμ.
1018 1624 1235 1696 Ἐπειδὴ
1260 1626 1318 1680 δὲ
1348 1627 1545 1698 φρενὸς
1570 1627 1782 1681 ἀπώλι-

1883 434 1995 491 Deo
2031 437 2289 507 disjungit
2331 454 2396 494 ac
2437 446 2673 508 separat.
2712 440 2908 496 Eodem
2951 459 3165 513 quoque
3202 450 3363 502 modo
3399 448 3468 503 ab

1881 528 1998 596 ejus
2039 530 2416 586 familiaritate
2457 543 2609 586 arcet
2656 534 3242 605 pseudomagistrorum
3286 539 3469 609 impiis

1883 619 2223 675 sermonibus
2266 621 2505 676 deditum
2554 639 2692 680 esse.
2741 625 2898 695 173
2942 624 3260 682 Veientibus
3303 628 3469 698 igitur

1886 712 1995 766 Deo
2025 712 2357 782 propinquos
2387 729 2529 781 esse,
2562 718 2887 771 removenda
2921 728 3045 773 sunt
3076 724 3172 788 per
3198 734 3318 788 quae
3348 720 3466 775 lon-

1884 804 2067 874 ginqui
2096 802 2165 857 ab
2194 820 2258 859 eo
2293 804 2443 858 ﬁant.

1956 940 2119 995 Vens.
2163 938 2218 1004 7,
2256 940 2309 994 8.
2352 941 2628 1008 Chanaan,
2664 945 2720 997 in
2763 962 2925 1000 manu
2966 948 3079 1015 ejus
3123 957 3321 1002 statera
3362 949 3467 1002 ini-

1884 1031 2133 1101 quitatis,
2179 1033 2469 1099 opprimere
2508 1052 2599 1100 per
2638 1039 2923 1104 potentiam
2964 1039 3169 1093 dilexit.
3217 1040 3283 1093 Et
3330 1042 3466 1095 dixit

1888 1121 2139 1191 Ephraim
2181 1137 2200 1174 :
2255 1121 2617 1179 Verumtamen
2665 1125 2807 1180 dives
2848 1128 3062 1196 effertus
3101 1146 3250 1191 sum,
3292 1130 3465 1183 iuveni

1884 1214 2112 1283 requiem
2144 1214 2293 1266 mihi.
2325 1212 2515 1269 Omnes
2548 1216 2753 1270 labores
2785 1217 2897 1285 ejus
2931 1234 3033 1271 non
3064 1219 3389 1274 invenientur
3413 1219 3466 1274 ei

1881 1316 2091 1376 propter
2116 1306 2420 1375 iniquitates
2456 1324 2586 1377 quas
2622 1311 2873 1377 peccavit.

1954 1435 2109 1492 CXL.
2150 1438 2303 1504 Quod
2344 1440 2539 1495 attinet
2580 1440 2645 1495 ad
2687 1441 3081 1510 bencpiacitum
3128 1445 3243 1511 Dei,
3280 1458 3463 1501 custo—

1885 1527 2052 1583 disset
2087 1529 2512 1586 misericordiam
2548 1538 2600 1588 et
2627 1532 2933 1601 judicium,
2968 1547 3021 1591 et
3054 1537 3351 1593 stnduissct
3388 1536 3463 1594 illi

1885 1621 2315 1689 appmpinquare
2359 1637 2574 1692 semper
2616 1624 2896 1693 Ephraim.
2942 1628 3047 1682 Sed
3093 1631 3219 1698 quia
3266 1632 3461 1684 bonam

204 1712 313 1763 σθεν
339 1712 583 1782 ἀγαθῆς,
613 1714 706 1766 καὶ
727 1713 794 1766 δι’
815 1714 1030 1778 οὐδενὸς
1054 1717 1347 1787 πεποίηται
1370 1717 1529 1786 λόγου
1552 1716 1620 1771 τὰ
1642 1718 1775 1771 οὕτω

1886 1718 2117 1764 mentem
2150 1711 2349 1773 amisit,
2378 1719 2431 1766 et
2462 1728 2547 1767 res
2577 1713 2711 1767 adeo
2739 1718 3075 1772 vcncrandas
3102 1718 3465 1790 colendusque

204 1802 361 1853 σεπτά
394 1802 493 1854 καὶ
524 1801 699 1870 τίμια,
726 1803 948 1871 γέγονεν
978 1805 1035 1856 ὲν
1063 1806 1161 1874 ίσῳ
1190 1809 1304 1869 τοῖς
1327 1806 1638 1876 ἀλλογενέσι
1663 1810 1777 1862 Χα-

202 1895 433 1955 ναναίοις
473 1894 634 1958 ἄθεός
674 1912 734 1948 τε
765 1896 858 1949 καὶ
909 1896 1173 1968 δυσσεϐὴς
1200 1939 1215 1965 ,
1262 1900 1355 1952 καὶ
1409 1900 1490 1953 ὅτι
1542 1900 1779 1971 μάλιστα

199 1986 396 2056 χαίρων
424 1987 515 2038 ἐπὶ
537 1988 648 2049 τοῖς
675 1990 774 2058 τῆς
791 1988 1119 2059 φαυλότητος
1137 1988 1379 2061 τρόποις,
1403 1992 1497 2046 καὶ
1521 1992 1780 2065 βαρϐάρῳ

201 2076 381 2146 γνώμῃ
416 2077 520 2145 τῆς
555 2076 854 2148 ἀλλοτρίων
898 2074 1192 2149 ἐπιθυμίας
1231 2080 1499 2151 ἀχαλίνως
1529 2082 1778 2154 ἡττώμε-

201 2183 291 2229 νος.
325 2167 546 2221 Οὐκοῦν
576 2167 684 2222 ἔδει
730 2168 829 2240 μὲν
866 2170 958 2224 τὸν
983 2172 1223 2243 Ἐφραῖμ
1269 2171 1515 2245 ζηλωτὴν
1547 2176 1777 2246 ὁρᾶσθαι

198 2258 277 2311 τοῦ
306 2260 667 2332 προπάτορος
692 2261 907 2328 Ἰακὼϐ,
943 2263 1036 2317 καὶ
1066 2266 1166 2335 τῆς
1200 2266 1408 2319 ἐκείνου
1436 2265 1779 2340 δικαιοσύνης

202 2351 301 2403 κατ’
356 2352 515 2422 ἴχνος
561 2353 694 2406 ίέναι
746 2354 939 2423 φιλεῖν.
979 2355 1143 2409 Ἀλλά
1208 2356 1400 2425 γέγονε
1450 2359 1773 2423 Χαναναῖος.

202 2441 441 2513 litim-mi
488 2443 600 2515 γὰρ
657 2464 675 2497 ι
707 2446 879 2514 Ζυγδς
927 2446 1140 2511 ἀδικίας
1188 2448 1247 2501 ὲν
1288 2450 1476 2521 χερσὶν
1524 2450 1710 2515 αὑτοῦ,
1752 2470 1771 2503 ι

202 2536 491 2601 τουτέστιν,
524 2536 777 2609 ἀνισότης
839 2539 932 2591 καὶ
960 2539 1258 2604 πλεονεξία.
1289 2539 1561 2612 Τετίμηκε
1587 2543 1695 2614 γὰρ
1717 2544 1778 2599 ὲν

203 2626 281 2697 {sui
308 2630 430 2691 τοῖς
466 2626 645 2680 ἔθνεσι
696 2631 810 2692 τοῖς
837 2629 937 2683 οῦκ
977 2630 1141 2685 είδόσι
1170 2631 1323 2694 Θεὸν,
1356 2631 1455 2703 τὴν
1500 2633 1775 2703 ἐπάρατον

200 2717 676 2771 καταδυναστείαν.
701 2718 811 2773 Kal.
832 2719 912 2772 ὅτι
947 2719 1046 2791 μὲν
1070 2719 1412 2794 ὲπλημμέλει
1432 2721 1590 2776 τοῦτο
1609 2710 1773 2795 δρῶν,

200 2808 385 2861 ἐννοεῖν
420 2808 525 2861 οὑκ
555 2808 729 2878 ἠξίου.
756 2809 1123 2883 Ἐπετὲρπετο
1150 2813 1205 2866 δὲ
1234 2814 1380 2885 μόνῳ
1408 2815 1485 2886 τῷ
1526 2816 1775 2870 πλουτεῖν

201 2900 278 2951 καὶ
304 2902 550 2971 τρυφᾷν,
581 2900 655 2966 ὡς
692 2902 794 2956 οὐκ
823 2905 1127 2974 ἐφορῶντος
1152 2906 1308 2972 Θεοῦ,
1343 2908 1419 2971 ὡς
1466 2909 1647 2963 οὐκέτι
1678 2926 1776 2962 κα-

200 2987 633 3062 τασκεπτομένου
666 2994 794 3057 τοὺς
836 2995 930 3047 ἐπὶ
976 2995 1076 3065 τῆς
1110 2997 1231 3068 γῆς,
1275 2999 1369 3050 καὶ
1406 3000 1517 3062 τοῖς
1568 3000 1774 3053 ἀδικεῖν

196 3081 463 3136 ὶθέλουσιν
529 3084 890 3154 ἐπιτιμῶντος
946 3085 1188 3150 δικαίως.
1237 3087 1519 3151 Ἀπονοίας
1571 3086 1627 3141 δὲ
1674 3088 1774 3159 τὴς

200 3174 426 3246 ἐσχάτης
465 3174 554 3247 εἴη
583 3178 650 3230 ἂν
684 3167 958 3245 ἀπόδειξις
991 3178 1248 3250 ἐναργὴς,
1275 3180 1336 3232 τὸ
1363 3182 1427 3233 ὲκ
1449 3182 1651 3244 παντὸς
1676 3182 1773 3252 μὲν

197 3268 390 3335 τρόπου
438 3269 691 3321 πλουτεῖν
737 3270 1049 3339 ἐπείγεσθαι
1090 3272 1182 3324 τὸν
1222 3271 1481 3343 Ἐφραῖμ,
1523 3274 1675 3327 οὐδὲν
1718 3275 1775 3328 δὲ

201 3353 321 3412 εἶναι
352 3359 600 3429 νομίζειν
641 3361 709 3413 τὰ
769 3361 827 3426 ἐξ
867 3363 1123 3433 ἁρπαγῆς
1152 3363 1243 3417 καὶ
1276 3363 1396 3432 βίας
1428 3365 1770 3435 ἐγκλήματα,

205 3450 580 3521 σεμνολόγημα
614 3451 670 3503 δὲ
708 3452 894 3523 ὥσπερ
942 3454 1209 3506 ποιεῖσθαι
1242 3453 1426 3507 λοιπὸν
1464 3456 1525 3507 ὲκ
1574 3455 1775 3525 πολλῆς

201 3538 327 3605 ἄγαν
382 3538 745 3611 ἀποπληξίας,
776 3543 841 3594 τὰ
886 3538 967 3605 οἷς
1020 3538 1125 3595 ἔδει
1180 3543 1378 3614 μᾶλλον
1420 3544 1769 3617 ὲπερυθριᾷν.

207 3632 336 3702 Ἔφη
389 3633 501 3703 γάρ
526 3649 540 3661 ·
577 3652 594 3684 ι
625 3632 770 3704 Πλὴν
826 3634 1196 3707 πεπλούτηκα,
1226 3636 1446 3709 ηὕρηκα
1493 3638 1773 3709 ἀναψυχὴν

203 3722 436 3794 ἐμαυτῷ.
462 3742 479 3777 ι
517 3723 581 3777 Τί
612 3720 703 3779 οῦν
738 3726 875 3795 πρὸς
907 3727 1077 3781 ταῦτα
1103 3724 1271 3792 Θεός;
1309 3747 1328 3781 ι
1360 3729 1567 3793 Πάντες
1593 3731 1642 3782 οί
1671 3730 1770 3783 πό-

202 3830 272 3866 νοι
319 3814 486 3867 αὐτοῦ
531 3817 628 3886 οὐχ
677 3816 1058 3888 εὑρεθήσονται
1109 3818 1276 3888 αὐτῷ,
1320 3818 1405 3871 διὰ
1446 3818 1657 3881 ἀδικίας
1707 3818 1773 3883 ἃς

202 3906 425 3977 ἥμαρτε.
456 3928 475 3959 ι
522 3910 633 3961 Καὶ
666 3909 775 3979 γὰρ
807 3909 953 3961 ἐστιν
982 3908 1199 3979 ἀληθὲς,
1230 3910 1311 3963 ὅτι
1347 3928 1362 3961 ι
1399 3909 1631 3973 Πλοῦτος
1657 3909 1772 3963 ἀδίο

199 4013 302 4061 κως
334 3999 698 4069 συναγόμενος
721 4000 805 4066 ὲξε
817 4000 1132 4069 μεθήσεται,
1162 4018 1179 4051 ι
1215 4001 1353 4053 κατά
1374 4000 1434 4053 τὸ
1451 4001 1774 4070 γεγραμμέέ

204 4105 299 4145 νον.
334 4094 441 4146 Καὶ
473 4091 536 4164 δὴ
566 4095 678 4155 τοῖς
709 4091 980 4145 ἐθέλουσιν
1010 4094 1067 4159 ἐξ
1092 4093 1308 4157 ἀδικίας
1352 4094 1649 4162 συλλέγειν,
1680 4096 1773 4149 καὶ

205 4184 436 4236 πλουτεῖν
475 4187 538 4237 ὲκ
572 4184 901 4250 πλεονεξίας,
930 4185 1270 4254 ἐπιφωνείτω
1312 4202 1396 4249 τις
1446 4186 1545 4258 ἤδη
1594 4185 1655 4237 τὸ
1687 4186 1774 4240 διὰ

208 4277 373 4344 φωνῆς
410 4277 566 4343 ἁγίου
589 4291 603 4305 ο
647 4276 867 4329 Βέλτιον
897 4270 965 4347 ἦν
1000 4293 1060 4329 σε
1095 4295 1113 4327 ι
1142 4279 1314 4331 ποιεῖν
1344 4278 1538 4348 κρίμα,
1574 4278 1667 4330 καὶ
1702 4277 1776 4331 δι-

205 4366 481 4436 καιοσόνην
530 4367 736 4435 καλήν·
769 4387 786 4418 ι
821 4367 1181 4437 προκειμένου
1212 4369 1320 4440 γὰρ
1355 4368 1448 4420 τοῦ
1477 4367 1621 4421 θείου
1671 4367 1770 4438 βή-
1803 4415 1849 4470 D

207 4472 381 4522 ματος,
416 4477 432 4508 ι
457 4455 572 4509 Οὐκ
606 4456 943 4531 ὠφελήσουσι
974 4458 1071 4526 μὲν
1106 4458 1370 4529 θησαυροὶ
1398 4458 1651 4528 ἀνόμους,
1695 4457 1773 4510 δι-

203 4548 447 4618 καιοσύνη
473 4547 529 4600 δὲ
557 4548 779 4620 ῥύσεται
803 4551 868 4603 ἐκ
894 4549 1145 4605 θανάτου.
1174 4570 1192 4602 ›
1220 4551 1331 4603 Καὶ
1414 4566 1548 4620 φησι
1573 4551 1599 4602 δ
1626 4549 1774 4620 Hap-

202 4639 494 4709 οιμιαστὴς,
531 4656 549 4689 ι
581 4639 865 4710 Κρείσσων
896 4640 1068 4711 μικρά
1096 4640 1251 4711 μερὶς
1286 4639 1425 4709 μετά
1467 4640 1633 4709 φόϐου
1663 4641 1774 4693 Κυ-

205 4731 331 4795 ιξου,
361 4729 392 4798 ἢ
428 4730 689 4801 θησαυροὶ
719 4730 946 4801 μεγάλοι
974 4731 1113 4801 μετά
1142 4732 1393 4802 ἀφοϐίας.
1428 4750 1446 4783 ι
1474 4732 1584 4786 Καὶ
1612 4731 1775 4785 πάλιν

202 4820 225 4867 ὁ
248 4820 403 4881 αὐτός
428 4837 440 4851 ο
477 4839 494 4870 ι
524 4822 809 4890 Κρείσσων
840 4821 994 4892 ὀλίγη
1040 4820 1201 4891 λῆψις
1249 4824 1385 4892 μετά
1409 4822 1774 4893 δικαιοσύνης,

202 4910 229 4979 ἢ
259 4910 423 4962 πολλὰ
453 4914 765 4981 γεννήματα
799 4912 936 4983 μετά
962 4911 1195 4974 ἀδικίας.
1226 4930 1245 4963 ι
1276 4911 1420 4983 Πλὴν
1451 4912 1508 4964 al
1538 4911 1767 4982 πράξεις

205 5001 357 5069 ἡμᾶς,
388 5003 479 5055 καὶ
518 5003 550 5071 ἡ
583 5003 691 5055 τῶν
725 5003 903 5073 ἔργων
936 5004 1179 5073 ποιότης,
1210 5001 1393 5068 ἀξίους
1419 5001 1532 5055 ἔσθ’
1561 5004 1649 5055 ὅτε
1667 5004 1768 5073 τῆς

200 5093 305 5143 τῶν
338 5095 497 5161 ἁγίων
528 5095 787 5165 ιῐατέρων
817 5095 1097 5162 εὐγενείας
1124 5094 1395 5159 ἀποτελεῖ,
1422 5092 1682 5163 ἀπονέμει
1710 5094 1769 5147 δὲ

205 5186 293 5235 καὶ
340 5187 603 5257 πατράσιν
647 5186 1011 5257 ἁμαρτωλοῖς.
1063 5186 1343 5253 Διοίσομεν
1389 5186 1497 5254 γὰρ
1531 5185 1650 5236 κατ’
1680 5184 1769 5236 οὐ-

201 5273 317 5326 δένα
345 5278 534 5347 τρόπον
558 5276 667 5329 τῶν
690 5278 749 5329 ὲν
778 5275 1001 5346 ἀσεϐείᾳ
1031 5275 1393 5346 βεϐιωκότων,
1420 5275 1467 5325 εἰ
1492 5275 1559 5326 τὰ
1588 5272 1769 5326 αὐτῶν

206 5366 510 5433 μ’μοίμεθα.
545 5365 839 5437 Ταύτῃτοι,
869 5365 1166 5436 κεκλῆσθαί
1212 5380 1394 5434 φαμεν
1424 5362 1646 5416 Χαναὰν
1680 5361 1769 5414 τδν

213 5455 457 5527 Ἐφραῖμ.
498 5459 819 5529 Πεφρὸνηκε
852 5456 960 5529 γὰρ
989 5458 1058 5511 τὰ
1089 5456 1410 5524 ἀλλογενῶν.
1438 5454 1769 5522 ’Λλλογενεῖς

1881 1800 2037 1854 nihili
2066 1798 2212 1864 fecit,
2238 1800 2566 1875 Chananzcis
2592 1803 2912 1875 alienigenis
2941 1806 3114 1861 factus
3140 1818 3221 1862 est
3246 1811 3461 1876 similis,

1881 1891 2071 1945 atheus
2095 1894 2148 1945 et
2170 1892 2388 1961 impius,
2410 1901 2465 1947 et
2490 1893 2728 1950 moribus
2754 1911 2979 1964 nequam
3010 1897 3299 1967 plurimum
3324 1916 3459 1970 gau-

1880 1981 2045 2047 dens,
2081 1991 2134 2036 et
2167 1982 2349 2036 animo
2383 1982 2671 2039 barbarico
2704 1982 3000 2054 cupiditate
3036 2002 3214 2041 rerum
3252 1988 3462 2044 aliena-

1881 2080 1999 2126 rum
2045 2072 2369 2142 impotenter
2406 2074 2742 2148 subiugatus.
2787 2077 2929 2149 Ergo
2973 2079 3201 2135 debebat
3242 2076 3460 2150 quidem

1878 2163 2133 2234 Ephraim
2176 2167 2334 2237 primi
2381 2169 2552 2237 patris
2593 2168 2675 2223 sui
2712 2168 2878 2225 Jacob
2912 2170 3134 2228 temulus
3170 2172 3361 2239 videri,
3404 2172 3461 2229 et

1877 2266 1975 2323 per
2000 2254 2221 2327 vestigia
2248 2255 2473 2323 justitiae
2501 2256 2615 2326 ejus
2645 2258 2873 2315 libenter
2900 2258 3178 2329 incedere;
3210 2265 3302 2319 sed
3330 2280 3459 2320 cva-

1876 2346 1946 2401 sit
1974 2346 2331 2403 Chananazus.
2352 2347 2575 2404 inventa
2599 2359 2682 2404 cst
2705 2351 2853 2407 enim
2876 2368 2897 2403 ι
2929 2362 3129 2408 statera
3160 2354 3459 2426 iniquitatis

1878 2438 1931 2492 in
1978 2452 2141 2493 manu
2186 2440 2338 2510 ejus,
2380 2458 2402 2493 ι
2451 2441 2551 2498 hoc
2589 2452 2691 2510 est,
2732 2443 3067 2513 inarqualitas
3108 2456 3162 2501 et
3205 2448 3456 2503 avaritia.

1876 2528 2011 2587 Nam
2039 2547 2188 2588 more
2214 2534 2454 2602 gentium
2482 2534 2649 2589 Deum
2678 2534 3040 2605 ignorantium
3067 2539 3454 2595 exsccrandam

1875 2621 2280 2691 oppressionem
2315 2638 2413 2692 pro
2445 2636 2641 2693 magno
2670 2624 2876 2679 habuit.
2911 2624 2974 2678 Et
3008 2638 3065 2680 se
3099 2639 3323 2694 peccare
3356 2628 3457 2683 hoc

1875 2713 2142 2782 faciendo,
2170 2715 2409 2785 eugitare
2434 2716 2627 2770 noluit.
2649 2715 2793 2772 Solis
2814 2715 3017 2772 divitiis
3038 2718 3381 2787 acquirendis
3402 2724 3459 2775 et

1874 2807 2239 2877 voluptatibus
2277 2808 2669 2873 delectabatur,
2711 2808 2864 2878 quasi
2912 2808 3023 2863 Deo
3067 2824 3171 2863 non
3205 2809 3454 2877 vidente,

1876 2912 1974 2955 nec
2014 2900 2240 2969 amplius
2281 2901 2528 2956 homines
2569 2902 2623 2955 in
2664 2900 2826 2956 terris
2858 2901 3130 2965 visitanle,
3165 2912 3221 2956 et
3262 2901 3458 2970 injuste

1875 3000 2099 3062 agentes
2122 2991 2269 3059 jnste
2301 2993 2590 3048 inuitante.
2622 2992 2715 3047 Est
2745 3000 2924 3047 autem
2955 3003 3209 3047 extremae
3237 2994 3459 3049 demen-

1802 3067 1844 3125 Ο
1877 3083 1964 3137 tim
2003 3092 2377 3152 argumentum
2412 3085 2801 3152 certissimum,
2838 3084 3091 3156 prraim
3132 3087 3304 3142 modis
3335 3102 3456 3143 om-

1878 3175 2037 3229 nibus
2066 3177 2132 3231 ad
2165 3177 2380 3232 divitias
2411 3177 2776 3232 corradendas
2806 3179 3144 3246 incumbere,
3171 3192 3224 3235 et
3256 3178 3458 3250 rapina:

1875 3281 1939 3323 ac
1971 3268 2243 3324 violentize
2286 3270 2513 3323 crimina
2559 3253 2710 3323 nihili
2754 3269 2969 3337 facere;
3015 3272 3108 3325 sed
3152 3287 3219 3326 ex
3263 3287 3458 3343 magno

1875 3369 2092 3430 stupore
2122 3361 2298 3414 adhuc
2329 3359 2625 3415 honoriﬁce
2650 3362 3048 3431 quodammodo
3077 3363 3143 3416 de
3175 3376 3234 3416 se
3264 3364 3457 3431 ιιι-εειίὶ-

1875 3464 2019 3517 care,
2037 3454 2106 3505 ob
2130 3467 2249 3521 qua:
2276 3460 2557 3521 praestaret
2583 3452 2787 3520 pudore
2810 3450 3064 3507 suil'undi.
3085 3452 3174 3506 Ait
3197 3468 3451 3522 namque,

1880 3559 1901 3592 ι
1947 3539 2324 3596 Verumtamen
2356 3540 2505 3596 divcs
2544 3540 2764 3596 eliectus
2802 3557 2953 3605 sum,
2992 3540 3170 3596 inveni
3212 3542 3453 3612 requiem

1874 3634 2026 3688 mihi.
2062 3652 2083 3687 ι
2120 3632 2258 3700 Quid
2294 3634 2458 3704 igitur
2490 3633 2555 3688 ad
2592 3634 2703 3688 bmc
2738 3632 2913 3689 Deus?
2951 3651 2969 3685 ι
3010 3628 3212 3689 Omnes
3244 3634 3457 3689 labores

1873 3724 1991 3795 ejus
2035 3739 2138 3779 non
2185 3724 2524 3779 invenientur
2565 3724 2648 3790 ei,
2698 3728 2920 3795 propter
2964 3724 3276 3794 iniquitates
3321 3740 3455 3793 quas

1873 3816 2135 3884 peccavit.
2178 3833 2198 3867 ι
2235 3814 2429 3871 Verum
2466 3820 2551 3870 est
2583 3816 2756 3881 enim,
2799 3834 2815 3867 ι
2859 3814 3061 3869 divitiae
3097 3816 3292 3884 injuste
3325 3830 3455 3869 con~

1874 3912 2107 3974 gregale:
2136 3904 2540 3970 evomcutur”,
2574 3921 2594 3954 ι
2628 3913 2685 3956 ιιι
2714 3905 2975 3972 scriptum
3003 3911 3105 3957 est.
3133 3901 3270 3969 Quin
3303 3913 3357 3957 et
3383 3916 3451 3958 ex

1874 3992 2164 4063 iniquitate
2196 3993 2520 4049 conantibus
2552 4009 2682 4064 opes
2715 3992 2999 4065 colligere,
3034 4004 3087 4049 et
3120 4009 3188 4048 ex
3224 3994 3450 4047 avaritia

1874 4084 2143 4140 ditescere
2172 4085 2299 4139 illud
2330 4086 2502 4139 sancti
2532 4086 2797 4154 quispiam
2828 4084 3117 4146 acciamet,
3155 4078 3341 4137 Melius
3370 4089 3454 4137 est

1876 4188 1929 4232 te
1972 4193 1992 4228 ι
2044 4175 2222 4231 facere
2260 4176 2556 4244 judicium,
2600 4187 2654 4230 et
2689 4175 2953 4243 justitiam
2982 4174 3049 4227 ⁸⁸.
3102 4193 3120 4226 ι
3168 4174 3452 4242 Proposito

1877 4280 2113 4335 namque
2149 4267 2334 4321 divino
2374 4266 2626 4320 tribunali
2668 4284 2686 4318 ι
2729 4281 2835 4320 non
2879 4267 3175 4336 proderunt
3210 4268 3447 4321 thesauri

1876 4356 2107 4425 iniquis;
2134 4356 2343 4425 juSIitia
2376 4366 2555 4411 autem
2591 4357 2844 4412 liberabit
2874 4372 2903 4410 a
2938 4367 3111 4413 morte
3134 4359 3202 4413 ".
3238 4378 3258 4411 ι
3294 4359 3357 4414 Ει
3391 4366 3451 4414 ut

1872 4449 1949 4504 ait
1980 4447 2361 4504 Paruamiastes
2398 4466 2412 4503 :
2453 4466 2473 4501 ι
2516 4447 2705 4504 Melior
2736 4458 2821 4504 est
2854 4464 3018 4519 parva
3056 4464 3181 4519 pars
3218 4456 3339 4505 cum
3378 4450 3449 4504 ti-

1872 4546 2023 4594 more
2051 4537 2289 4605 Domini,
2321 4553 2482 4609 quam
2516 4540 2751 4595 thesauri
2786 4541 2963 4612 magni
2997 4556 3118 4597 cum
3152 4541 3334 4597 animo
3365 4542 3452 4596 in-

1871 4632 2163 4701 trepido".
2194 4650 2213 4683 ι
2242 4630 2307 4685 Ει
2332 4648 2523 4688 rursus
2546 4631 2685 4687 idem
2710 4651 2723 4687 :
2756 4652 2775 4685 ι
2805 4633 2995 4689 Melior
3018 4648 3185 4703 pauca
3210 4635 3448 4701 acceptio

1872 4728 1991 4779 cum
2013 4723 2245 4793 justitia,
2264 4740 2427 4795 quam
2448 4724 2615 4780 multa
2632 4725 2872 4796 germina
2894 4741 3016 4780 cum
3034 4725 3397 4795 iniquitate".
3425 4745 3445 4777 ι

1872 4814 2355 4874 Vérumenimvero
2381 4818 2623 4873 actiones
2650 4832 2766 4885 nos,
2800 4817 2961 4890 174
2987 4827 3042 4873 et
3065 4832 3287 4887 operum
3318 4832 3453 4887 qua-

1873 4909 1996 4967 litas
2023 4920 2333 4967 sanctorum
2370 4910 2591 4966 Patrum
2626 4910 2908 4965 nobilitate
2943 4909 3232 4979 aliquando
3261 4912 3451 4983 dignos

1873 5002 2141 5068 elIiciunt,
2176 5014 2231 5059 et
2266 5004 2511 5073 patribus
2546 5000 2922 5073 peccatoribus
2956 5001 3159 5057 similes
3198 5005 3449 5064 reddunt.

1874 5092 2031 5149 Nullo
2056 5096 2252 5165 quippe
2281 5095 2436 5148 modo
2462 5093 2530 5150 ab
2558 5093 2641 5148 his
2668 5092 2758 5162 qui
2788 5092 2951 5162 impie
2973 5092 3223 5149 vixerunt
3247 5093 3449 5152 discre-

1838 5186 1841 5189 “
1875 5186 2158 5256 pabimus,
2187 5187 2231 5242 si
2268 5187 2503 5255 ipsorum
2535 5199 2714 5241 mores
2747 5184 3041 5240 imitemur.
3070 5185 3275 5242 Idcirco
3304 5189 3444 5245 dici-

1876 5292 1995 5331 mus
2019 5277 2271 5343 Ephraim
2297 5285 2541 5331 vocatum
2569 5290 2687 5331 esse
2708 5275 2987 5332 Chanaan.
3010 5278 3085 5333 Eo
3104 5279 3247 5332 enim
3272 5280 3454 5335 animo

1877 5368 2093 5422 fuerunt
2114 5380 2221 5436 quo
2241 5366 2582 5438 alienigenae;
2602 5367 2892 5422 Chananaei
2913 5376 3090 5423 autem
3114 5367 3446 5436 alienigenae,

1878 5468 1931 5513 et
1969 5468 2186 5529 propter
2219 5459 2549 5530 impietatem
2586 5460 2835 5517 infames.
2873 5459 3103 5518 Proinde
3136 5469 3192 5519 et
3226 5457 3445 5532 quidam

268 5636 312 5666 ⁸⁵
347 5633 441 5692 Job
468 5653 562 5706 xx,
598 5636 687 5693 15.
764 5636 809 5669 ⁵⁸
848 5633 959 5690 Jer.
987 5648 1124 5703 xm,
1156 5633 1209 5689 5.
1272 5632 1317 5663 "
1357 5631 1512 5687 Prov.
1548 5645 1601 5697 ι,
1631 5628 1689 5684 2.
1762 5628 1775 5660 ¹

1879 5633 2006 5686 'rov.
2039 5646 2127 5698 xv,
2161 5630 2249 5686 16.
2327 5633 2373 5665 ⁶⁹
2412 5632 2570 5692 Pr0v.
2602 5650 2713 5703 xw,
2742 5635 2803 5690 8.
