3898 6212
487 195 582 250 991

1475 183 1532 238 S.
1576 182 1847 239 CYRILLI
1886 179 2355 237 ALEXANDRINI
2395 177 2714 235 ARCIIIEP.

3650 175 3758 230 aena

489 317 856 380 iucrepautnr,
889 307 1208 363 facinorosae
1237 276 1480 359 audacia:
1511 319 1624 359 suae
1657 304 2061 367 convenienter,

2192 301 2224 353 ῐέ
2281 301 2327 353 οἱ
2382 300 2708 360 Χαναναῖοι,
2755 296 2848 347 καὶ
2890 293 2976 346 ἐπ’
3014 291 3268 361 ἀθεότητι
3316 289 3756 361 διαϐεϋλημένοι·

491 405 793 469 audientes,
829 421 847 454 ι
886 417 1070 458 semen
1102 401 1379 458 Chanaan.
1409 406 1462 452 et
1495 412 1600 451 non
1631 394 1766 451 Juda
1794 396 1858 447 ⁸ο.
1897 413 1915 446 ι

567 675 727 730 \‘Ens.
757 674 810 742 9,
844 675 928 728 I0.
968 673 1077 743 Ego
1106 681 1280 724 autent
1311 668 1566 723 Dominus
1597 668 1737 722 Deus
1769 677 1887 721 tuus
1918 668 2076 721 eduxi

492 778 540 822 te
574 773 637 822 de
671 781 810 821 terra
841 764 1078 835 ZEgypti.
1111 763 1296 816 Adhuc
1328 762 1565 814 habitare
1599 771 1646 813 te
1679 759 1872 827 faciant
1910 760 1961 812 iu
1997 769 2078 812 ta-

494 858 808 922 bernaculis,
841 858 968 910 sicut
1003 858 1056 908 in
1087 855 1269 908 diebus
1298 851 1666 907 solemnitatis.
1697 848 1764 904 Et
1797 851 1985 919 loquar
2009 850 2076 902 ad

491 949 795 1016 prophetas.
837 944 900 996 Et
941 961 1034 1013 ego
1078 944 1299 997 visiones
1336 940 1705 1010 multiplicavi,
1740 951 1787 995 et
1826 941 1879 993 iu
1920 956 2078 993 manu

492 1039 862 1107 prophetarum
897 1035 1225 1089 assimilatas
1261 1049 1396 1086 sunt.

561 1127 739 1181 CXLI.
781 1129 1042 1181 Chanaan
1074 1123 1362 1195 appellavit
1393 1123 1673 1193 Ephraim,
1709 1132 1767 1176 ut
1797 1122 1929 1188 dixi,
1959 1137 2078 1175 ma-

493 1219 690 1274 nifeste
715 1233 1016 1287 coargueus
1041 1225 1099 1269 ut
1127 1216 1400 1270 inimicum
1431 1213 1816 1268 misericordia:
1843 1224 1894 1266 et
1916 1212 2080 1282 justi-

495 1313 610 1373 tizr,
639 1320 692 1363 et
721 1319 1015 1363 sectantem
1053 1307 1231 1375 potius
1260 1304 1680 1374 inaequalitatem
1711 1313 1762 1358 et
1795 1304 2078 1358 avaritiam

493 1412 548 1457 et
574 1399 872 1470 iniquitatis
897 1411 1059 1452 omne
1083 1411 1272 1466 genus.
1301 1396 1499 1451 Verum
1529 1411 1656 1451 ecce
1682 1405 1911 1450 conatur
1941 1411 2081 1464 pra:-

495 1506 644 1549 terea
674 1493 994 1555 ostendere,
1026 1506 1131 1545 non
1159 1491 1333 1545 solum
1364 1491 1415 1544 in
1445 1490 1606 1545 rebus
1636 1490 1888 1544 humanis
1915 1489 2083 1554 fuisse

497 1587 685 1650 latent,
716 1585 808 1640 sed
837 1585 1001 1640 etiam
1033 1583 1468 1651 appropinquare
1500 1581 1609 1635 Deo
1639 1581 1798 1634 rebus
1830 1581 1961 1650 ipsis
1994 1595 2084 1635 re-

2171 393 2450 462 τοιγάρτοι
2481 391 2576 442 καὶ
2613 386 2950 451 ὠνειδίζοντό
2979 402 3143 448 τινες,
3174 386 3286 447 τοῖς
3319 384 3530 437 ἑαυτῶν
3556 384 3763 455 τολμή-

2177 499 2310 553 μασι
2360 481 2678 552 πρεπόντως
2726 477 3035 541 ἀκούοντες,
3073 495 3091 528 ι
3124 477 3353 546 Σπέρμα
3388 474 3635 540 Χαναὰν,
3667 475 3763 528 καὶ

2175 576 2275 628 οὐκ
2315 574 2503 627 Ἰούδα.
2538 593 2556 626 ι

2259 665 2399 735 Ἐγὼ
2428 665 2495 718 δὲ
2521 666 2782 733 Κύριοςό
2805 663 2948 728 Θεός
2970 677 3085 715 σου
3117 658 3426 730 ἀνήγαγόν
3449 675 3522 712 σε
3543 659 3613 713 ἐκ
3653 657 3768 727 τῆς

2175 757 2631 827 Αἱγὺπτου.Ἕτι
2661 753 2935 809 κατοικιῶ
2965 769 3038 808 σε
3061 754 3130 806 ἐν
3159 751 3439 817 σκηναῖς,
3475 750 3676 816 καθὼς
3699 751 3770 802 ἐν

2180 848 2429 916 ἡμέραις
2483 847 2713 916 ἑορτῆς.
2751 846 2861 900 Καὶ
2917 842 3171 910 λαλήσω
3225 842 3374 910 πρὸς
3421 840 3764 909 προφήτας.

2177 940 2288 991 Καὶ
2321 937 2433 1007 ἐγὼ
2466 936 2704 1004 ὁράσεις
2733 935 3067 1003 ἐπλήθυνα,
3095 935 3190 988 καὶ
3219 935 3290 987 ἐν
3327 933 3497 1002 χερσὶ
3533 949 3772 1002 προφη-

2179 1029 2299 1083 τῶν
2323 1029 2651 1098 ὡμοιώθην.

2252 1120 2432 1174 PMA'.
2476 1119 2699 1174 Χαναὰν
2749 1118 3003 1188 ὠνόμασε
3051 1117 3144 1170 τὸν
3183 1115 3445 1186 Ἐφρατμ,
3488 1114 3564 1179 ὡς
3606 1114 3772 1184 ἔφην,

2180 1211 2502 1282 ἀπελέγχων
2529 1211 2796 1282 ἐναργῶς,
2826 1210 2902 1274 ὡς
2938 1209 3024 1279 εἴη
3058 1209 3379 1281 μεμισηκὼς
3402 1207 3550 1272 ἔλεός
3577 1225 3640 1260 τε
3673 1209 3774 1262 καὶ

2183 1305 2376 1376 κρίμα,
2406 1303 2784 1375 ἀνθῃρημένος
2822 1304 2877 1356 δὲ
2915 1302 3116 1373 μᾶλλον
3160 1302 3258 1372 τὴν
3309 1300 3641 1366 πλεονεξίαν,
3675 1303 3774 1354 καὶ

2181 1393 2278 1465 τὴν
2307 1394 2616 1466 ἀνισότητα,
2651 1398 2746 1447 καὶ
2794 1394 2901 1446 πᾶν
2948 1389 3088 1457 εἶδος
3129 1393 3362 1455 ἀδικίας.
3386 1391 3525 1446 Ἀλλ’
3555 1391 3665 1446 ἰδοὺ
3706 1393 3773 1462 δὴ

2183 1483 2346 1538 πάλιν
2379 1485 2639 1555 πειρᾶται
2671 1482 2958 1550 δεικνύειν,
2992 1483 3068 1547 ὡς
3095 1483 3186 1562 ’μὴ
3215 1485 3377 1554 μόνον
3409 1483 3672 1552 γεγονότα
3702 1487 3772 1538 τά

2183 1575 2265 1638 είς
2310 1573 2631 1647 ἀνθρώπους
2679 1574 2940 1637 τοιοῦτον,
2971 1574 3107 1628 ἀλλὰ
3139 1574 3246 1645 γὰρ
3293 1573 3388 1628 καὶ
3431 1574 3492 1627 τὸ
3531 1574 3770 1642 ἐγγίζειν

496 1692 740 1734 cusasse.
769 1675 1048 1731 Iusimulat
1079 1675 1244 1742 igitur
1271 1681 1332 1726 ut
1365 1673 1705 1741 ignorantem
1738 1670 2080 1726 liberatorem

2192 1666 2304 1737 Θεῷ
2335 1665 2425 1719 διὰ
2455 1667 2800 1738 πραγμάτων
2832 1666 3011 1720 αὐτῶν
3041 1663 3494 1738 παραιτούμενον.
3518 1667 3766 1721 Αίτιᾶται

496 1785 678 1831 suum,
713 1779 771 1822 nt
803 1768 1084 1822 vecordem
1119 1780 1184 1820 ac
1217 1773 1530 1834 protervum
1565 1765 1824 1820 adversus
1855 1765 2082 1818 educto-

498 1879 611 1918 rem
647 1878 834 1925 suum,
872 1878 890 1911 ι
933 1861 1006 1914 De
1041 1859 1200 1914 domo
1233 1858 1538 1922 servitutis,
1578 1858 1631 1912 in
1665 1858 1834 1927 signis
1865 1867 1920 1912 et
1954 1871 2084 1927 por-

500 1952 684 2016 tentis,
707 1962 760 2006 et
783 1952 834 2004 in
857 1951 1077 2005 brachio
1095 1949 1310 2005 excelso
1327 1950 1394 2003 “.
1424 1948 1668 2019 t—tEgo
1694 1949 1860 2015 enim,
1887 1949 2082 2019 inquit,

499 2044 659 2100 eduxi
682 2057 776 2098 vos
797 2055 863 2096 ex
899 2041 1152 2112 Egypto.
1177 2060 1195 2093 ι
1225 2041 1359 2095 Dum
1398 2049 1577 2096 autem
1615 2041 1767 2108 dicit,
1807 2057 1826 2091 ι
1851 2040 2036 2105 eduxi,
2058 2058 2078 2092 ο

499 2145 720 2192 revocat
757 2149 855 2190 nos
890 2135 956 2189 ad
997 2133 1313 2188 memoriam
1352 2143 1689 2203 patratorum
1726 2147 1890 2204 super
1926 2134 2078 2202 ipsis,

503 2229 680 2300 quoad
721 2229 773 2282 in
810 2235 1010 2282 terram
1048 2225 1294 2297 patribus
1327 2226 1564 2294 ipsorum
1600 2225 1922 2295 promissam
1956 2239 2084 2294 pro-

505 2321 630 2375 fecti
665 2329 808 2375 sunt.
841 2319 914 2373 Ea
949 2327 1210 2373 sexcenta
1245 2327 1394 2385 sunt,
1424 2326 1480 2372 et
1513 2333 1631 2388 qua:
1664 2321 1798 2372 satis
1827 2317 2084 2374 admirari

503 2427 662 2466 uerno
692 2420 888 2480 potest.
919 2409 1127 2463 Nullam
1161 2418 1339 2463 autem
1372 2409 1613 2464 relictam
1645 2409 1748 2464 illis
1775 2410 2084 2465 excusatio-

504 2518 626 2556 nem
645 2503 711 2554 de
727 2501 993 2554 oblivione
1012 2501 1200 2554 horum
1224 2500 1399 2565 docet,
1413 2499 1708 2570 adjungens
1724 2517 1769 2555 ει
1787 2499 2087 2555 Adhucha-

503 2597 676 2650 hitare
697 2604 746 2648 te
764 2595 955 2649 faciam
975 2587 1032 2646 in
1046 2593 1426 2657 tabernaculis,
1447 2594 1591 2648 sicut
1607 2593 1658 2646 in
1673 2594 1865 2649 diebus
1891 2593 2085 2648 solem-

504 2685 713 2738 nitatis.
739 2703 757 2735 ι
785 2685 934 2751 Quod
977 2683 1105 2752 quid
1153 2683 1242 2740 sit,
1289 2682 1476 2736 audies
1500 2697 1736 2738 rursum.
1761 2682 1863 2738 Lex
1890 2683 2088 2754 Moysis

505 2776 558 2830 in
595 2790 777 2828 mense
804 2774 1052 2841 septimo,
1072 2772 1280 2826 decium
1306 2772 1495 2840 quinto
1513 2772 1622 2837 die,
1656 2771 1851 2828 festum
1879 2772 2086 2828 Scene-

505 2867 674 2936 pegiae
696 2905 711 2930 ,
749 2880 842 2919 seu
877 2864 1375 2918 Tabernaculornm
1415 2863 1678 2918 celebrari
1711 2865 1891 2932 jussit.
1924 2864 2087 2931 Cujus

506 2973 626 3026 qua:
659 2957 823 3009 fuerit
849 2957 1084 3017 occasio,
1121 2956 1234 3022 ipse
1265 2956 1538 3022 legislator
1565 2955 1828 3019 declarat,
1857 2958 1923 3010 de
1951 2957 2084 3011 Sce-

507 3046 733 3115 nopegia
772 3045 913 3100 lutnc
949 3046 1000 3098 in
1038 3047 1254 3099 modum
1293 3047 1519 3114 loquens
1555 3045 1604 3102 in
1645 3044 1886 3100 Levitico
1919 3061 1932 3098 :
1973 3064 1991 3098 ι
2029 3045 2083 3100 In

506 3151 694 3190 mense
734 3137 965 3204 septimo
1005 3136 1350 3192 celebrabitis
1395 3138 1586 3205 ipsam.
1628 3136 1683 3191 In
1727 3137 2088 3193 tabernaculis

509 3228 818 3283 habitabilis
865 3237 1069 3299 septem
1122 3229 1255 3283 dies.
1298 3229 1487 3283 Onmis
1534 3229 1786 3299 indigena
1829 3230 1882 3282 in
1926 3228 2086 3282 Israel

509 3319 777 3376 habitabit
822 3321 874 3374 in
920 3320 1305 3375 tabernaculis.
1346 3317 1417 3374 Ut
1455 3319 1670 3374 videant
1713 3321 2088 3388 generationes

509 3423 736 3477 vestrm,
769 3411 911 3480 quod
944 3412 996 3464 in
1033 3409 1394 3465 tabernaculis
1423 3409 1666 3464 habitare
1698 3409 1916 3464 fecerim
1949 3409 2090 3465 filios

420 3559 423 3563 ,
510 3502 702 3567 Israel,
745 3516 866 3555 cum
912 3500 1195 3555 educerem
1242 3500 1364 3556 illos
1407 3501 1472 3555 de
1516 3509 1660 3555 terra
1697 3498 1937 3569 Egypti.
1976 3497 2090 3569 Ego

511 3593 773 3648 Dominus
811 3593 949 3648 Deus
980 3590 1158 3648 vester
1184 3593 1250 3646 ⁸³.
1291 3611 1309 3644 ι
1345 3591 1530 3662 Itaque
1561 3594 1627 3647 ad
1663 3591 2088 3648 recordationem

509 3685 688 3740 exitus
699 3687 762 3738 de
777 3683 1011 3755 Egypto
1030 3683 1222 3738 festum
1247 3685 1590 3755 peragebant.
1615 3685 1816 3740 Deinde
1833 3684 1928 3748 ait,
1947 3684 2090 3751 Quo.

515 3775 673 3831 modo
703 3775 876 3846 possis
904 3776 1006 3829 mei
1033 3775 1313 3842 oblivisci,
1341 3777 1432 3844 qui
1461 3777 1622 3830 eduxi
1653 3787 1706 3832 te
1731 3791 1796 3832 ex
1821 3778 2088 3851 Egypto,

516 3867 674 3938 175
704 3869 880 3921 adhuc
911 3865 1163 3921 habitans
1191 3866 1244 3920 in
1277 3867 1666 3933 tabernaculis,
1696 3877 1751 3924 et
1781 3869 1956 3938 ipsum
1990 3872 2091 3926 hoc

514 3960 788 4029 negotium
835 3940 1195 4012 solemnitatis
1237 3958 1575 4014 occasionem
1624 3969 1680 4014 et
1730 3975 1949 4016 causam
1998 3964 2092 4016 ha-

513 4051 679 4106 bens?
712 4067 732 4102 ι
770 4050 958 4105 Adhuc
988 4051 1132 4105 enim
1169 4051 1416 4106 habitare
1444 4060 1496 4106 te
1527 4051 1722 4106 faciam
1755 4052 1809 4107 in
1841 4054 2093 4108 taberna-

513 4141 668 4206 culis,
685 4141 908 4195 utindie
930 4139 1484 4195 festin—rllabitare
1505 4150 1557 4196 te
1576 4140 1769 4196 faciam
1800 4161 1819 4194 ι
1843 4143 1942 4206 ait,
1972 4158 2091 4213 pro,

513 4232 760 4287 habitare
792 4243 844 4286 te
879 4231 1037 4296 facio,
1069 4243 1161 4286 aut
1191 4231 1331 4286 facio
1364 4232 1608 4286 habitare
1644 4233 1694 4286 in
1732 4235 2095 4290 tabernaculis

2183 1755 2248 1828 δὴ
2293 1753 2408 1824 οὖν,
2441 1758 2516 1822 ὡς
2561 1758 2869 1828 ήγνοηκότα
2921 1758 3012 1811 τὸν
3053 1757 3347 1830 λυτρωτὴν,
3373 1757 3449 1821 ὡς
3474 1759 3598 1822 ταῖς
3634 1759 3769 1812 ἀπο-

2183 1849 2354 1913 νοίαις
2383 1849 2813 1921 περιυϐρίσαντα
2841 1849 2932 1902 τὸν
2959 1850 3017 1914 ἐξ
3037 1850 3187 1905 οἴκου
3216 1850 3458 1914 δουλείας
3481 1851 3772 1921 ἐκκεκομι-

2183 1939 2319 1994 κότα
2353 1941 2598 2010 σημείοις
2628 1958 2688 1994 τε
2724 1942 2818 1994 καὶ
2836 1941 3050 2012 τέρασι,
3073 1943 3167 1994 καὶ
3195 1943 3251 1994 ἐν
3276 1941 3501 2011 δυνάμει
3532 1944 3772 2016 μεγάλῃ,

2184 2030 2278 2083 καὶ
2315 2031 2373 2084 ἐν
2407 2029 2652 2101 βραχίονι
2688 2030 2898 2102 ὑψηλῷ.
2948 2051 2967 2083 ι
2998 2031 3142 2100 Ἐγὼ
3183 2031 3312 2104 γὰρ,
3350 2034 3536 2102 φησὶν,
3567 2034 3780 2103 ἀνήγα-

2184 2138 2281 2191 γον
2295 2121 2438 2192 ὑμᾶς
2456 2121 2514 2186 ἐξ
2531 2113 2862 2191 Αἰγύπτου.ἶ
2885 2123 2976 2179 Ἐν
2993 2123 3051 2176 δέ
3075 2123 3152 2195 τῷ
3179 2141 3196 2176 ι
3221 2124 3496 2194 ἀνήγαγον
3518 2143 3536 2175 ι
3569 2126 3774 2187 εἰπεῖν,

2185 2213 2448 2284 ἀποφέρει
2477 2213 2612 2285 πρὸς
2637 2215 2944 2287 ἀνάμνησιν
2973 2215 3080 2270 τῶν
3109 2216 3195 2270 ἐπ’
3228 2217 3412 2279 αὐτοῖς
3441 2218 3776 2288 γενομένων,

2187 2307 2346 2378 ἄχρις
2372 2307 2438 2361 ἂν
2467 2306 2822 2362 εἰσελάσωσιν
2851 2310 2932 2372 εἰς
2959 2309 3058 2380 τὴν
3079 2310 3183 2380 γῆν
3207 2309 3305 2378 τὴν
3325 2312 3446 2373 τοῖς
3473 2310 3647 2377 ἁγίοις
3675 2328 3783 2362 πα-

2185 2398 2378 2469 τράσιν
2411 2399 2848 2470 ἐπηγγελμένην.
2891 2401 3076 2472 Μυρία
3104 2401 3161 2454 δὲ
3188 2400 3288 2454 ὅσα
3316 2400 3496 2465 ταυτὶ,
3526 2401 3619 2454 καὶ
3643 2419 3784 2454 παν-

2185 2493 2277 2556 τὸς
2297 2495 2556 2547 ἐπέκεινα
2584 2491 2884 2561 θαύματος.
2901 2493 3022 2545 "Ott
3047 2491 3104 2546 δέ
3128 2493 3496 2564 προφάσιστον
3511 2491 3700 2556 αὐτοῖς
3718 2497 3783 2547 τὸ

2188 2585 2655 2644 ἐπιλανθάνεσθαι
2682 2584 2908 2648 τούτων,
2940 2583 3224 2656 παρέδειξε
3249 2583 3588 2655 προστιθείς·
3617 2586 3784 2639 «Ἔτι

2189 2679 2456 2738 κατοικιῶ
2489 2696 2548 2732 σε
2578 2679 2636 2731 ἐν
2671 2681 2918 2748 σκηναῖς,
2954 2676 3135 2738 καθὼς
3168 2677 3225 2728 ἐν
3256 2675 3490 2745 ἡμέραις
3522 2675 3780 2746 έορτῆςη

2192 2775 2301 2828 Καὶ
2348 2773 2400 2826 τί
2442 2771 2506 2842 δὴ
2541 2769 2697 2824 τοῦτό
2747 2772 2886 2831 ἐστι,
2916 2767 3092 2839 πεύσῃ
3133 2767 3200 2836 δὴ
3237 2766 3419 2820 πάλιν.
3437 2766 3495 2820 '0
3525 2766 3616 2819 διὰ
3647 2768 3791 2821 Μω-

2191 2864 2330 2926 σέως
2361 2861 2697 2934 προστέταχε
2727 2861 2888 2931 νόμος
2916 2861 2973 2912 ἐν
2987 2858 3064 2930 τῷ
3082 2858 3295 2929 ἑϐδόμῳ
3322 2859 3471 2929 μηνὶ,
3495 2861 3562 2929 τῇ
3590 2875 3789 2913 πεντε-

2191 2955 2490 3027 καιδεκάτῃ
2537 2955 2746 3025 ήμέρᾳ,
2790 2954 2889 3023 τῆς
2943 2951 3315 3024 σκηνοπηγίας
3359 2950 3628 3005 τελεῖσθαι
3684 2953 3790 3024 τὴν

2190 3049 2403 3119 ἑορτήν.
2442 3047 2550 3099 Καὶ
2579 3045 2661 3109 τίς
2692 3049 2724 3115 ἡ
2758 3044 2913 3098 τοῦδε
2944 3044 3236 3114 πρόφασις,
3269 3043 3430 3109 αὐτὸς
3462 3045 3592 3116 ἡμῖν
3619 3045 3648 3098 ὁ
3683 3063 3793 3100 νο·-

2197 3138 2430 3210 μοθέτης
2456 3138 2722 3207 διεσάφει,
2753 3137 2926 3206 λέγων
2971 3136 3099 3207 περὶ
3148 3136 3246 3206 τῆς
3293 3137 3693 3206 σκηνοπηγίας,
3733 3141 3791 3192 ἐν

2191 3230 2269 3300 τῷ
2298 3229 2568 3299 Λευῖτικῷ
2596 3245 2608 3260 ο
2649 3248 2666 3280 ι
2703 3229 2793 3281 Ἔν
2831 3228 2908 3298 τῷ
2947 3228 3079 3298 μηνὶ
3108 3227 3185 3298 τῷ
3233 3228 3446 3299 ἑϐδόμῳ
3485 3229 3787 3300 ἐορτάσετε

2193 3321 2493 3391 αύτήν.Ἐν
2526 3323 2754 3391 σκηναῖς
2781 3320 3134 3390 κατοικήσετε
3169 3319 3309 3372 ἐπτά
3341 3319 3574 3390 ἡμέρας.
3603 3321 3732 3384 Πᾶς
3766 3323 3793 3372 ὁ

2194 3414 2474 3485 αὐτόχθων
2503 3414 2721 3486 Ἰσραὴλ
2751 3415 3068 3484 κατοικήσει
3100 3415 3158 3468 ἐν
3187 3417 3414 3484 σκηναῖς
3434 3431 3446 3444 ·
3479 3418 3629 3478 ὅπως
3661 3416 3796 3471 ι’δω-

2197 3525 2280 3561 σιν
2309 3507 2366 3561 αἱ
2397 3507 2584 3575 γενεαὶ
2628 3505 2801 3576 ὑμῶν,
2829 3506 2910 3559 ὅτι
2957 3506 3016 3558 ἐν
3071 3508 3299 3578 σκηναῖς
3333 3505 3616 3577 κατῴκισα
3651 3511 3793 3572 τοὺς

2195 3599 2345 3661 υἱοὺς
2365 3596 2606 3667 Ἰσραὴλ,
2639 3598 2695 3648 ἐν
2734 3596 2812 3666 τῷ
2841 3595 3131 3665 ἐξαγαγεῖν
3159 3613 3225 3666 με
3256 3596 3453 3659 αὐτοὺς
3479 3598 3545 3650 ἐκ
3572 3599 3676 3668 γῆς
3704 3602 3799 3653 ΛΞ-

2195 3690 2427 3759 γύπτου.
2445 3687 2586 3757 Ἐγὼ
2608 3686 2813 3758 Κύριος
2845 3690 2872 3742 ό
2898 3688 3032 3752 Θεὸς
3067 3688 3241 3758 ὑμῶν.
3261 3707 3279 3739 ι
3299 3688 3413 3741 Ούκ
3433 3688 3527 3742 οὖν
3551 3691 3632 3752 εἰς
3651 3691 3798 3746 ἀνά-

2199 3799 2394 3853 μνησιν
2442 3780 2542 3850 τῆς
2589 3779 2768 3844 ἐξόδου
2812 3778 3016 3850 τῆς¹ἐξ
3062 3779 3337 3848 Αἰγύπτου
3385 3782 3794 3854 γεγενημένης,

2197 3871 2412 3924 ἐτέλουν
2442 3869 2540 3940 τὴν
2561 3869 2774 3942 ἐορτήν.
2804 3864 2958 3933 Εἶτα,
2981 3868 3097 3932 πῶς
3122 3867 3187 3922 ἂν
3214 3867 3414 3935 δύναιο,
3457 3870 3644 3939 φησιν,
3666 3873 3798 3924 ἐπι-

2195 3961 2555 4017 λανθάνεσθαί
2592 3978 2716 4032 μου,
2751 3959 2846 4014 τοῦ
2877 3959 3236 4029 ἐξαγαγόντος
3281 3977 3339 4013 σε
3378 3960 3439 4024 ἐξ
3480 3961 3794 4029 Αἰγύπτου,

2198 4053 2480 4122 γινόμενος
2512 4051 2592 4104 ἐτι
2624 4051 2714 4104 καὶ⁵
2749 4050 2853 4104 ὑπὸ
2883 4053 3130 4122 σκηναῖς,
3163 4052 3255 4103 καὶ
3290 4051 3562 4122 πρόφασιν
3591 4051 3793 4122 ἑορτῆς

2197 4143 2258 4196 τὸ
2303 4144 2493 4214 χρῆμα
2543 4143 2900 4214 ποιούμενος;
2957 4143 3120 4196 ιἘτι
3166 4143 3274 4212 γάρ
3321 4143 3584 4196 κατοικιῶ
3628 4161 3690 4196 σε
3734 4147 3797 4198 ἐν

2203 4237 2453 4304 σκηναῖς,
2471 4233 2653 4298 καθὼς
2669 4235 2726 4289 ἐν
2743 4233 2926 4305 ἡμέρα
2944 4235 3156 4312 ἑορτῆς.
3175 4253 3191 4285 ι
3215 4234 3310 4298 Τὸ,
3342 4254 3360 4285 ι
3374 4235 3639 4288 κατοικιῶ
3666 4253 3730 4289 σε
3744 4277 3758 4300 ,
3775 4259 3792 4290 ι

514 4323 568 4376 in
593 4323 782 4377 diebus
807 4322 928 4377 festi
959 4325 1175 4376 horum.
1201 4322 1368 4391 Igitur
1389 4323 1601 4377 defendi
1627 4323 1827 4379 oblivio
1856 4325 1957 4378 ista
1987 4340 2086 4379 non

2199 4327 2363 4397 φησὶν
2403 4327 2524 4380 ἀντὶ
2561 4325 2678 4390 τοῦ,
2716 4325 3030 4391 κατοικίζω,
3077 4327 3196 4396 ἦτοι
3241 4326 3379 4378 ποιῶ
3421 4329 3706 4380 κατοικεῖν
3739 4330 3800 4380 ἐν

515 4408 711 4480 νοιοειζ
757 4408 863 4465 Sed
911 4411 1165 4480 cupiebas
1218 4412 1444 4466 forsitan
1497 4411 1799 4466 futurorum
1845 4415 2090 4483 quredam

515 4516 693 4568 nosse,
721 4509 774 4554 et
806 4502 1080 4569 inquirere
1110 4501 1327 4554 volebas
1356 4502 1626 4556 curiosius
1655 4516 1773 4570 qua:
1806 4514 1892 4556 tua
1928 4503 2096 4559 inter-

512 4603 715 4655 essent.
757 4592 821 4646 Et
856 4607 955 4646 cur
989 4593 1170 4663 potius
1202 4593 1381 4646 adires
1419 4592 1583 4648 falsos
1619 4604 1764 4649 vates
1806 4594 1931 4648 Baal
1953 4635 1967 4660 ,
2001 4605 2095 4650 aut

513 4684 916 4746 eommentitios
955 4685 1105 4751 deos,
1158 4692 1213 4737 et
1237 4683 1305 4736 ab
1347 4683 1480 4752 ipsis
1518 4684 1620 4737 ista
1657 4684 2000 4752 exquireres,
2040 4694 2094 4739 et

516 4793 620 4835 non
657 4777 828 4854 magis
882 4775 1156 4847 sapienter
1187 4775 1530 4830 meminisses
1571 4791 1656 4830 me
1691 4775 1837 4845 loqui
1872 4777 1937 4830 ad
1973 4793 2094 4847 pro-

516 4868 734 4944 phetas,
763 4879 819 4929 et
851 4868 1211 4942 multiplicare
1240 4867 1474 4922 visiones
1503 4883 1716 4939 quoque
1736 4908 1750 4932 ,
1785 4870 1886 4924 hoc
1917 4879 1994 4924 est
2015 4907 2032 4934 ,
2062 4885 2092 4924 a

519 4973 603 5011 me
629 4973 842 5014 omnem
869 4974 1177 5021 sermonem
1210 4958 1587 5034 propheticum
1616 4951 1682 5016 et.
1700 4959 2090 5032 protecturum,

517 5055 570 5098 et
609 5048 906 5115 profectqu
946 5066 1090 5114 esse,
1132 5061 1186 5113 et
1227 5069 1330 5112 non
1373 5051 1439 5105 ab
1479 5053 1659 5122 aliquo
1698 5053 1833 5110 falso
1876 5054 2094 5111 nomine

519 5139 738 5191 deorum
769 5144 1014 5196 tuorum?
1039 5144 1164 5200 Mihi
1191 5147 1334 5200 enim
1359 5146 1457 5200 soli
1487 5149 1539 5202 in
1569 5147 1804 5215 acceptis
1832 5146 2096 5204 referetur

517 5239 573 5282 et
602 5227 781 5282 futura
811 5231 971 5295 scire,
1005 5245 1060 5286 et
1090 5238 1360 5303 praeterita
1395 5240 1730 5298 meminisse.
1764 5236 1869 5294 Sed
1901 5238 2092 5295 imitati

520 5331 645 5376 sunt
679 5336 785 5386 me,
817 5322 1010 5400 inquit,
1046 5325 1292 5380 honorati
1328 5329 1424 5383 abs
1456 5338 1503 5383 te
1535 5331 1825 5388 adulteriui
1861 5340 2011 5384 vates
2041 5337 2096 5383 et

520 5411 812 5491 prophetae.
860 5410 970 5469 IIoc
1003 5423 1087 5469 est
1123 5416 1266 5493 quod
1303 5417 1409 5482 ait,
1447 5437 1464 5470 ι
1509 5417 1566 5475 In
1607 5437 1767 5476 manu
1802 5423 2093 5492 propheta-

589 5592 637 5628 ⁶⁰
679 5591 809 5656 Dan.
841 5607 956 5664 xm,
987 5593 1076 5651 56.
1154 5595 1194 5626 τι
1237 5594 1345 5656 Jer.
1383 5611 1548 5652 usu.
1583 5598 1674 5655 ‘21.

2198 4421 2444 4489 σκηναῖς,
2482 4420 2538 4472 ἐν
2584 4422 2702 4482 ταῖς
2736 4418 2973 4489 ἡμέραις
3016 4420 3116 4490 τῆς
3158 4421 3254 4472 ἐπὶ
3303 4419 3516 4482 τούτοις
3567 4421 3796 4492 ἑορτῆς.

2197 4509 2407 4563 Οὐκοῦν
2458 4509 2869 4580 ἀπροφάσιστος
2915 4512 2948 4580 ὴ
3001 4509 3162 4581 λήθη.
3207 4509 3347 4563 Ἀλλ’
3397 4509 3614 4580 ἐζήτεις
3659 4510 3802 4575 ἴσως

2197 4599 2395 4652 εἰδέναι
2452 4599 2561 4651 τῶν
2607 4599 2880 4668 ἐσομένων
2935 4600 3094 4664 τινὰ,
3153 4603 3243 4654 καὶ
3307 4601 3801 4672 πολυπραγμονεῖν

2196 4689 2417 4743 ἐδούλου
2449 4689 2517 4743 τὰ
2558 4691 2699 4744 κατὰ
2728 4692 2957 4745 σαυτόν’
2995 4693 3089 4745 καὶ
3135 4693 3187 4746 τί
3232 4693 3431 4764 μᾶλλον
3475 4693 3581 4746 ἔδει
3619 4711 3800 4766 προσ-

2200 4780 2335 4832 ιέναι
2379 4780 2491 4842 τοῖς
2527 4778 2922 4850 ψευδομάντεσι
2970 4779 3066 4833 τοῦ
3111 4780 3278 4843 Βάαλ,
3315 4781 3479 4849 ήγουν
3524 4782 3639 4843 τοῖς
3684 4781 3802 4833 τῶν

2196 4867 2563 4938 ψευδωνύμων
2597 4869 2756 4933 θεῶν,
2786 4870 2878 4923 καὶ
2908 4871 3036 4941 παρ’
3072 4871 3252 4924 αὐτῶν
3282 4871 3348 4923 τά
3367 4871 3544 4923 τοιάδε
3581 4870 3799 4942 ζητεῖν,

2200 4960 2294 5012 καὶ
2315 4959 2435 5028 ούχὶ
2457 4959 2522 5030 δὴ
2546 4961 2745 5030 μᾶλλον
2765 4961 3276 5031 ἀναμιμνήσκεσθαι
3309 4961 3506 5028 σοφῶς,
3535 4963 3620 5014 ὅτι
3645 4962 3804 5016 λαλῶ

2205 5053 2300 5124 μὲν
2341 5052 2450 5119 ἐγὼ
2481 5053 2615 5124 πρὸς
2647 5056 2952 5124 προφήτας,
2983 5052 3261 5124 ὲπλήθυνα
3308 5054 3364 5106 δέ
3413 5054 3506 5106 καὶ
3539 5054 3799 5123 ὁράσεις,

2193 5144 2461 5207 τουτέστι,
2496 5145 2622 5215 παρ’
2646 5145 2779 5216 ἐμοῦ
2806 5148 2913 5209 πᾶς
2943 5145 3098 5199 ἔσται
3130 5146 3284 5214 λόγος
3312 5145 3674 5215 προφητείας,
3702 5150 3803 5198 καὶ

2196 5234 2298 5304 ἤδη
2345 5235 2589 5304 γέγονεν,
2635 5238 2696 5290 ού
2747 5239 2876 5306 παρ’
2909 5237 3096 5309 ἐτέρου
3140 5255 3235 5292 σου
3273 5238 3382 5291 τῶν
3421 5236 3803 5307 ψευδωνύμων

2193 5325 2351 5380 θεῶν.
2372 5324 2528 5396 Ἐμοὶ
2559 5327 2669 5398 γάρ
2697 5328 3046 5382 ἀνακείσεται
3079 5328 3247 5400 μόνῳ,
3281 5328 3341 5382 τὸ
3376 5327 3471 5380 καὶ
3493 5327 3693 5381 ειδέναι
3729 5329 3804 5381 τὰ

2193 5414 2466 5484 ἐσόμενα,
2517 5416 2614 5470 καὶ
2663 5417 2972 5488 μεμνῆσθαι
3017 5417 3126 5472 τῶν
3171 5418 3611 5493 παρῳχημένων.
3652 5416 3804 5470 Ἀλλ’

1755 5598 1798 5633 ⁸⁸
1841 5595 2208 5671 Levit._xxm,
2249 5594 2430 5653 ιι-ιε.
