3954 6208
202 203 327 256 9'33

1143 195 1694 253 COMMERTANUS
1736 196 1802 251 IN
1844 195 2077 252 OSEAM
2120 192 2568 253 PROPltlLTAM.

3382 202 3485 256 9.93

204 317 563 391 εμιμήσαντό
615 333 716 386 με,
766 315 948 386 φησιν,
1001 316 1047 366 οἱ
1095 318 1445 387 τετιμημένοι
1501 318 1657 387 παρὰ
1713 314 1802 367 σοῦ

1933 330 2029 368 ιιιιιι
2065 314 2395 369 assimilatus
2426 329 2564 367 sum.
2605 332 2621 364 ι
2657 312 2944 380 Quaerebas
2979 314 3120 370 scire
3155 315 3222 370 ab
3259 316 3364 370 illis
3404 322 3488 371 l'u-

208 410 607 482 ψευδομάντεις
658 407 749 459 καὶ
814 406 1280 475 ψευδοπροφῆται.
1336 408 1506 460 Τοῦτο
1561 411 1673 461 ἐστι
1728 408 1808 473 τὸ,

216 524 236 554 ι
262 503 355 556 Ἑν
390 502 547 572 χερσὶ
578 500 871 575 πφφητῶν
891 498 1199 569 ῶμοιῶθην.
1235 518 1253 551 ›
1288 501 1532 571 Ἐςήιεις
1562 501 1689 571 παρ’
1711 501 1810 553 αὖ·

206 593 325 645 τῶν
375 591 572 643 εἰδέναι
609 590 674 641 τά
709 588 993 658 μέλλοντα.
1032 584 1184 650 Εἶτα,
1222 590 1348 652 τοὺς
1379 590 1545 659 ἐμοὺς
1582 590 1812 645 πλαττό-

218 700 375 753 μενοι
414 682 626 749 λόγους,
663 680 756 732 καὶ
786 680 852 732 τὰ
888 680 995 733 τῶν
1026 678 1173 750 ἐμῶν
1211 682 1504 752 προφητῶν
1553 681 1689 751 ἔργα
1726 700 1813 751 μι-

208 773 505 843 μούμενοι,
537 771 607 823 τὰ
648 771 754 824 ἀπὸ
784 771 1011 841 καρδίας
1042 771 1220 825 αὐτῶν
1248 772 1543 842 ἠρεύγοντὸ
1572 790 1675 826 σοι.
1702 772 1812 825 Καὶ

208 864 349 932 γοῦν
382 863 651 933 Ἱερεμίας
681 861 780 932 μὲν
811 861 841 913 ὁ
871 862 1178 931 προφήτης,
1214 863 1429 924 κλοιοὺς
1466 863 1633 915 ἐτίθει
1665 861 1809 926 ξυλί-

217 974 344 1019 νους
378 956 508 1026 περὶ
544 953 633 1007 τὸν
662 952 935 1025 τράχηλον
970 951 1157 1015 αὐτοῦ,
1193 951 1331 1005 Θεοῦ
1360 952 1420 1004 τὸ
1448 951 1635 1021 χρῆμα
1661 951 1813 1018 γενέ-

220 1050 347 1102 σθαι
392 1044 1338 1119 προστάττοντος.Ἀντιταττόμενος
1386 1042 1441 1095 δὲ
1487 1044 1600 1104 τοῖς
1647 1040 1810 1094 αὐτοῦ

217 1142 401 1207 λόγοις
448 1142 477 1192 ὁ
506 1136 958 1208 ψευδοπροφήτης
985 1135 1259 1197 Ἁνανίας,
1295 1131 1475 1186 λαϐὼν
1526 1131 1811 1203 συνέτριψε

214 1235 347 1294 τοὺς
382 1232 616 1292 κλοιοὺς,
641 1229 743 1299 ἔφη
768 1242 850 1280 τεο
880 1226 1096 1289 ιυῦτως
1122 1223 1241 1279 εἷπε
1264 1225 1486 1296 Κύριος·
1512 1224 1812 1295 Συνέτριψα

215 1326 313 1377 τὸν
361 1323 527 1391 ζυγὸν
577 1321 843 1393 βασιλέως
892 1318 1232 1381 Βαϐυλῶνος.
1268 1337 1285 1367 ι
1320 1316 1490 1371 Τοῦτό
1533 1317 1696 1381 ἐστιν,
1738 1317 1813 1381 ὡς

218 1421 384 1486 ἔφην,
437 1416 519 1479 τὸ,
556 1415 686 1466 «Ἐν
738 1412 896 1483 χερσὶ
946 1411 1243 1481 προφητῶν
1294 1408 1601 1480 ὼμοιῶθην.
1636 1428 1653 1460 ι
1684 1408 1813 1476 Ἔγ-

219 1512 409 1580 κλημα
438 1508 503 1579 δὴ
532 1503 623 1560 οὖν
657 1504 734 1575 τῷ
756 1502 1020 1574 Ἐφραῖμ,
1050 1503 1131 1555 ὅτι
1181 1498 1357 1554 καίτοι
1386 1501 1530 1571 σαφῆ
1561 1500 1657 1571 τὴν
1684 1501 1813 1553 ὑπό-

222 1616 425 1670 μνησιν
468 1597 608 1667 ἔχων
662 1594 773 1648 ἀπὸ
796 1611 859 1662 γε
908 1593 1007 1663 τῆς
1040 1591 1235 1662 ἑορτῆς
1285 1592 1382 1661 τῆς
1418 1590 1810 1660 σκηνοπηγίας,

1917 416 2055 459 tura.
2085 405 2287 458 Deinde
2314 405 2383 457 illi
2416 419 2563 458 meos
2595 418 2870 459 sermones
2900 405 3189 473 ﬁngentes,
3218 423 3488 462 meorum-

1914 512 2017 566 que
2047 498 2436 566 prephetarum
2469 510 2633 564 opera
2668 495 2962 560 imitantes,
2997 497 3061 549 de
3093 499 3347 552 cor-libus
3378 500 3488 552 suis

1912 587 2237 641 eructabant
2274 588 2391 639 libi.
2429 588 2606 652 Quare
2643 586 2903 642 Jcremias
2942 590 3234 657 propheta,
3269 591 3379 645 Deo
3417 591 3487 643 ita

1913 680 2237 742 mandante,
2277 680 2517 741 vincula,
2553 694 2645 734 seu
2684 692 2902 736 catenas
2940 680 3146 751 ligneas
3179 685 3486 753 circumpo-

1914 771 2075 824 nebat
2112 768 2251 824 collo
2293 784 2392 823 suo
2419 769 2483 821 ⁵³.
2524 770 2620 834 Qui
2659 780 2835 823 autem
2872 774 3212 827 sermonibus
3248 774 3363 843 ejus
3400 790 3487 829 re-

1912 861 2225 930 fragahatur
2251 860 2414 915 falsus
2438 861 2697 930 propheta
2725 863 2979 926 Ananias,
3010 875 3254 931 arreptas
3281 868 3484 918 contri-

1913 949 2010 1013 vit,
2038 950 2320 1019 dixitque:
2354 968 2371 999 ι
2407 951 2497 1004 Sic
2516 952 2644 1005 dicit
2674 952 2931 1007 Dominus
2964 969 2977 1006 :
3009 952 3255 1007 Contrivi
3301 954 3486 1025 jugqu

1915 1042 2056 1111 regis
2100 1042 2469 1111 Babylonis“.
2520 1061 2537 1093 ι
2588 1044 2697 1096 lloc
2738 1054 2818 1097 cst
2862 1046 3001 1113 quod
3048 1046 3324 1113 dicebam,
3367 1067 3385 1098 ι
3437 1050 3488 1101 in

1915 1148 2074 1186 manu
2113 1136 2491 1202 prophetarum
2530 1134 2857 1189 assimilatus
2891 1153 3031 1189 sum.
3077 1156 3094 1187 ι
3134 1138 3349 1191 Crimen
3388 1140 3487 1207 igi-

1916 1223 2285 1293 turEphraim
2323 1235 2404 1279 est
2448 1230 2611 1294 quod,
2652 1228 2898 1296 quamvis
2937 1242 2964 1278 a
3004 1230 3346 1282 solemnitate
3381 1229 3491 1283 Ta-

1912 1316 2322 1371 beruaculorum
2363 1319 2642 1373 evidenter
2674 1319 2973 1373 eductiouis
3014 1322 3080 1373 de
3116 1318 3348 1389 {Egypto
3394 1324 3475 1375 ad~

1916 1422 2247 1475 moueretur,
2281 1411 2699 1466 obliviscebatur
2733 1420 2909 1465 tamen
2953 1412 3079 1473 Dei;
3118 1421 3171 1465 et
3207 1414 3349 1480 quod
3387 1428 3490 1465 non

1914 1501 2092 1573 potius
2123 1502 2296 1571 ipsum
2328 1504 2622 1572 qua:rebat,
2654 1514 2710 1556 ut
2740 1502 3045 1570 loquentem
3078 1502 3143 1555 ad
3176 1506 3491 1572 prephetas,

1915 1601 1973 1645 ιιι
2003 1592 2238 1646 visiones
2273 1594 2749 1662 multiplicantem;
2786 1594 2876 1648 sed
2910 1594 3078 1662 decipi
3113 1609 3169 1647 se
3200 1611 3226 1646 a
3264 1596 3493 1664 pseudo.

218 1692 322 1759 τῆς
347 1689 529 1756 ἐξόδου
560 1687 663 1757 τῆς
694 1684 973 1753 Αἰγύπτου
1000 1681 1399 1752 γεγενημένης,
1429 1679 1817 1733 ἐπελανθάνετο

1933 1683 2202 1753 prophetis
2232 1694 2505 1763 pateretur
2531 1686 2709 1740 verbis
2738 1698 2788 1739 et
2824 1684 2979 1738 factis
3005 1700 3124 1754 qua:
3151 1686 3243 1739 Dei
3278 1688 3493 1756 propria

222 1779 382 1845 Θεοῦ,
409 1780 503 1833 καὶ
523 1779 604 1831 ὅτι
628 1778 701 1847 μὴ
732 1774 930 1846 μᾶλλον
957 1772 1119 1827 αὑτὸν
1142 1772 1424 1842 ἐζήτησεν,
1448 1770 1523 1834 ὡς
1548 1770 1815 1824 λαλοῦντα

1920 1784 2048 1830 sunt
2077 1777 2481 1831 mentientibus.

224 1871 361 1945 πρὸς
408 1871 723 1942 προφήτας,
778 1867 853 1930 ὼς
904 1866 1125 1938 ὁράσεις
1174 1859 1594 1935 πεπληθυκότα,
1647 1865 1967 1935 προσέκειτο
2028 1869 2084 1922 δὲ
2158 1870 2357 1939 μᾶλλον
2383 1873 2501 1935 ταῖς
2543 1870 2651 1924 τῶν
2715 1871 3172 1945 ψευδοπροφητῶν
3232 1871 3492 1937 ἀπάταις,

224 1964 614 2035 πλαττομένων
640 1961 706 2015 τὰ
734 1962 830 2015 τοῦ
862 1961 997 2015 Θεοῦ
1023 1960 1111 2014 διά
1135 1976 1195 2011 τε
1226 1958 1397 2027 λόγων
1421 1958 1515 2011 καὶ
1537 1958 1808 2028 πράξεων.

297 2059 368 2112 El
392 2056 479 2125 μὴ
538 2052 785 2107 Γαλαὰδ
828 2054 1018 2117 ἐστιν,
1074 2047 1187 2121 ἄρα
1233 2051 1479 2121 ψευδεῖς
1536 2047 1700 2121 ἦσαν
1746 2052 1815 2105 ἐν

228 2150 481 2218 Γαλγὰλ
524 2147 813 2215 ἄρχοντες
868 2145 1254 2210 θυσιάζοντες
1282 2183 1295 2206 ,
1346 2144 1444 2197 καὶ
1492 2144 1565 2197 τὰ
1613 2146 1817 2197 θυσια-

226 2242 449 2310 στήρια
478 2236 680 2290 αὐτῶν
712 2238 793 2303 ὡς
825 2236 1080 2306 χελῶναι
1120 2236 1219 2288 ἐπὶ
1246 2235 1471 2303 χέρσον
1496 2232 1715 2302 drpoi';

301 2332 481 2385 PMB'.
513 2332 637 2385 Ὀτι
708 2329 1062 2399 προσέκειντο
1106 2330 1219 2389 τοῖς
1261 2326 1686 2396 ψευδομάντεσιν
1728 2325 1821 2377 καὶ

225 2424 737 2493 ψευδοπροφήταις,
777 2418 1160 2481 ἀναϐαίνοντες
1221 2435 1280 2469 τε
1334 2416 1430 2470 καὶ
1476 2414 1692 2477 θύοντες
1742 2413 1823 2478 εἴς

229 2534 291 2569 τε
323 2517 427 2587 τὴν
486 2515 701 2568 Γαλαὰδ
739 2513 834 2565 καὶ
875 2510 1107 2580 Γαλγάλ,
1140 2510 1433 2578 ἀπελέγχει
1462 2507 1550 2560 διὰ
1583 2507 1820 2560 τούτων·

230 2607 453 2675 δέχεται
476 2605 534 2659 δὲ
565 2605 699 2673 πρὸς
739 2600 1015 2666 ἀπόδειξιν
1051 2602 1148 2663 τὰς
1180 2599 1272 2651 δύο
1319 2599 1553 2668 μάλιστα
1594 2596 1827 2651 ταυτασὶ

230 2699 445 2760 πόλεις,
478 2698 537 2748 ἐν
568 2690 655 2758 αἷς
693 2691 761 2767 ἦν
807 2692 1155 2762 ὲκτοπωτέρα
1190 2690 1297 2743 τῶν
1336 2690 1511 2744 ἄλλων
1543 2690 1576 2761 ἡ
1626 2689 1823 2759 πλάνη,

226 2788 329 2842 καὶ
372 2788 523 2851 ἆπας
572 2787 671 2858 μὲν
720 2786 920 2858 τρόπος
966 2785 1067 2854 τῆς
1098 2786 1177 2847 εἰς
1229 2782 1361 2835 Θεὸν
1400 2781 1681 2845 εὐσεϐείας
1712 2782 1821 2833 ὰπ-

232 2884 626 2947 εσπουδάξετο,
646 2881 827 2934 πάντα
853 2880 910 2933 δέ
942 2874 1009 2949 ἦν
1032 2880 1089 2931 ὲν
1118 2878 1260 2947 λόγῳ
1287 2875 1356 2928 τὰ
1390 2873 1818 2945 παροτρύνοντα,

1998 2055 2160 2109 Vens.
2201 2054 2285 2108 Η.
2328 2053 2385 2110 Si
2423 2055 2628 2109 Gulaad
2663 2073 2763 2111 non
2799 2067 2904 2121 est,
2942 2075 3063 2111 nam
3101 2056 3223 2125 falsi
3258 2068 3406 2110 erant
3440 2059 3495 2110 in

1915 2145 2103 2216 Galgnl
2136 2149 2391 2215 principes
2426 2148 2779 2213 immolantes,
2818 2160 2864 2203 et
2900 2150 3091 2203 altaria
3125 2166 3303 2204 eorum
3340 2152 3494 2220 quasi

1918 2240 2199 2292 testudines
2230 2256 2387 2306 super
2415 2241 2675 2293 desertum
2712 2242 2868 2310 agri?
2916 2294 2919 2297 .

1990 2328 2193 2384 CXLII.
2236 2330 2493 2384 Addictos
2525 2331 2674 2385 falsis
2697 2334 2910 2386 vatibus
2936 2341 2989 2386 et
3022 2331 3169 2387 falsis
3200 2333 3498 2403 prophetis,

1920 2420 2383 2489 ascendentesque
2412 2431 2464 2474 et
2498 2423 2869 2477 sacriﬁcantes
2901 2416 2951 2476 in
2984 2423 3186 2478 Galaad
3218 2435 3271 2478 et
3303 2425 3494 2495 Galgal

1922 2510 2007 2564 his
2040 2512 2220 2565 verbis
2263 2512 2623 2581 reprehendit.
2669 2513 3155 2569 Demonstrationis
3195 2529 3323 2583 ergo
3365 2520 3502 2587 dpas

1921 2604 2081 2659 hasce
2106 2605 2357 2659 civitates
2382 2606 2722 2673 potissimum
2751 2609 2965 2676 accipit,
2995 2608 3045 2660 in
3071 2608 3266 2675 quibus
3290 2609 3503 2677 vigebat

1921 2698 2164 2752 seductio
2198 2698 2505 2762 cnormius,
2539 2707 2592 2751 et
2624 2699 2800 2752 omnis
2837 2698 2972 2752 ratio
3006 2698 3224 2767 pietatis
3260 2710 3504 2753 contem-

1926 2788 2174 2855 nehatur,
2192 2788 2478 2857 omniaque
2496 2788 2930 2857 magniﬁcabant,
2950 2804 3069 2858 qua:
3091 2790 3300 2841 animos
3324 2790 3505 2843 incen-

1927 2879 2137 2939 derent.
2158 2889 2211 2933 et
2235 2887 2477 2933 extrema
2501 2888 2683 2934 essent
2710 2880 2866 2950 plena
2896 2880 3129 2933 insania.
3159 2880 3318 2949 176
3342 2879 3507 2966 Igitur

232 2976 330 3027 καὶ
364 2975 466 3043 τῆς
520 2976 599 3037 εἰς
633 2974 800 3043 ἄκρον
852 2970 1093 3040 ἡκούσης
1126 2967 1383 3030 ἀπονοίας
1418 2966 1659 3037 ἐμπλεω.
1710 2966 1819 3018 Καὶ

1933 2987 2082 3041 supra
2108 2974 2171 3027 de
2196 2971 2397 3027 Galaad
2426 2973 2564 3027 dixit
2591 2973 2768 3027 Deus:
2800 2990 2819 3022 ι
2849 2969 2920 3025 lbi
2948 2972 3267 3041 contempsit
3295 2987 3379 3025 me
3402 2957 3509 3026 Ca-

232 3066 370 3132 γοῦν
389 3067 446 3116 ἐν
463 3066 578 3126 τοῖς
603 3064 860 3134 ἀνωτέρω
888 3079 956 3114 πε
967 3062 1017 3131 pl.
1050 3062 1146 3130 μὲν
1169 3059 1267 3129 τῆς
1292 3056 1507 3111 Γαλαὰδ
1526 3056 1629 3126 ἔφη
1653 3056 1783 3119 Θεὸς
1807 3072 1819 3084 ο

242 3175 264 3205 ι
300 3156 450 3207 Ἐκεῖ
479 3150 854 3225 κατεφρόνησέ
894 3168 995 3220 μου
1033 3148 1265 3212 Γαλαὰδ,
1302 3148 1451 3212 πόλις
1482 3144 1823 3217 ἐργαζομένη

230 3248 472 3318 μάταια,
504 3265 524 3297 ι
556 3244 854 3307 τουτέστιν,
882 3240 1096 3294 εἴδωλα.
1133 3240 1507 3311 Πλαστουργοὶ
1534 3237 1643 3309 γάρ
1675 3236 1828 3289 εἱδῶ-

238 3339 347 3391 λων
377 3333 522 3407 ἦσαν
550 3338 600 3387 οἱ
629 3336 686 3386 ὲν
718 3336 873 3404 αὐτῇ.
898 3334 1032 3404 Περὶ
1062 3334 1117 3385 δέ
1140 3349 1202 3400 γε
1228 3334 1328 3401 τῆς
1359 3333 1552 3404 ἐτέρας
1573 3347 1585 3360 ⁸
1617 3332 1826 3385 «Πᾶσαι

236 3430 299 3483 αἱ
349 3429 547 3481 κακίαι
586 3427 765 3482 αὐτῶν
797 3429 875 3489 είς
910 3425 1155 3494 Γαλγάλ·
1193 3426 1275 3478 ὅτι
1320 3427 1436 3478 ἐκεῖ
1470 3424 1667 3487 αὐτοὺς
1710 3423 1830 3493 ἐμί-

242 3535 387 3587 σησα
418 3518 507 3570 διὰ
554 3517 653 3580 τὰς
696 3516 895 3579 κακίας
940 3516 1049 3568 τῶν
1092 3514 1540 3585 ἐπιτηδευμάτων
1580 3514 1775 3569 αὐτῶν.
1803 3532 1821 3564 ›

255 3608 542 3663 Ἐπειπεῖν
570 3608 626 3661 δὲ
657 3609 956 3676 ἀναγκαῖον
994 3607 1100 3660 τῶν
1145 3606 1567 3676 συμϐεϐηκότων
1616 3604 1739 3658 τινὰ
1764 3606 1829 3674 τῇ

236 3700 619 3756 Γαλααδιτῶν.
646 3701 977 3769 Συνήσωμεν
1008 3698 1117 3769 γὰρ
1141 3697 1283 3750 οὕτω
1322 3697 1430 3750 τῶν
1456 3697 1831 3767 προκειμένων

238 3795 338 3846 τὸν
369 3792 520 3845 νοῦν.
545 3790 750 3855 Φοὺλας
792 3790 1043 3861 βασιλεὺς
1074 3787 1396 3860 ’Λσσυρίων,
1429 3789 1642 3858 πρῶτος
1666 3786 1834 3840 ἐλθὼν

246 3887 394 3941 κατὰ
422 3885 524 3955 τῆς
554 3885 887 3956 Σαμαρείας,
927 3880 1255 3953 πρωτόλειον
1293 3879 1481 3949 ῶσπερ
1512 3896 1561 3932 τι
1609 3878 1705 3943 τὰς
1743 3878 1836 3932 δύο

247 3978 424 4045 φυλὰς
454 3977 754 4045 ἐποιήσατο
785 3975 882 4037 τὰς
905 3974 1079 4043 πέραν
1104 3972 1199 4023 τοῦ
1232 3970 1515 4041 Ἰορδάνου,
1538 3970 1631 4022 καὶ
1656 3970 1836 4033 πάσας

248 4070 436 4127 αὐτῶν
480 4064 592 4120 εἷλε
629 4069 727 4130 τὰς
777 4067 983 4128 πόλεις,
1016 4066 1111 4119 καὶ
1140 4063 1248 4135 πρό
1275 4079 1341 4130 γε
1379 4062 1487 4115 τῶν
1522 4060 1697 4114 ἄλλων
1740 4060 1837 4131 τὴν

250 4160 487 4215 Γαλαὰδ.
525 4140 729 4213 Τούτου
781 4157 1150 4228 διαμέμνηται
1202 4154 1367 4218 Θεὸς,
1422 4153 1497 4215 ὼς
1549 4154 1605 4204 ἐν
1657 4169 1837 4223 παρα-

248 4254 449 4324 δρομῇ,
485 4251 661 4320 λέγων
684 4266 698 4283 ο
744 4269 761 4301 ι
798 4251 859 4302 Ei
898 4249 971 4319 μὴ
1004 4247 1220 4301 Γαλαὰδ
1241 4248 1410 4299 ἐστιν.
1443 4265 1460 4296 ι
1498 4246 1558 4297 Ei
1597 4244 1671 4315 μὴ
1704 4243 1837 4305 ἔστι,

252 4346 411 4417 φησὶ,
442 4346 537 4397 καὶ
570 4343 646 4415 μὴ
678 4343 910 4407 σώζεται
934 4342 1030 4395 νῦν
1056 4343 1089 4410 ὴ
1120 4339 1333 4393 Γαλαὰδ
1352 4356 1365 4370 ·
1394 4340 1441 4392 εί
1462 4338 1557 4391 καὶ
1579 4337 1842 4401 ἀπόλωλε,

252 4445 347 4492 καὶ
364 4436 466 4489 οὐκ
491 4436 641 4489 ἔστιν
674 4436 731 4501 ἐξ
756 4436 923 4505 αὐτῆς
943 4433 1041 4504 τὴν
1071 4433 1164 4486 τοῦ
1195 4430 1438 4503 Ἐφραῒμ
1465 4430 1680 4499 ἐλέγξαι
1706 4447 1847 4501 παρ-

1927 3063 2066 3126 laail,
2091 3064 2283 3119 civitas
2306 3080 2538 3133 operans
2558 3080 2695 3119 vana
2720 3064 2785 3129 °',
2818 3081 2836 3115 ›
2870 3064 2970 3119 hoc
2995 3073 3099 3127 est,
3126 3063 3290 3117 idola.
3316 3063 3510 3117 lncolre

1927 3155 2072 3209 enim
2102 3155 2243 3210 illius
2272 3156 2536 3210 idolorum
2569 3156 2807 3210 artiﬁces
2834 3166 3008 3211 erant.
3038 3157 3111 3212 De
3142 3157 3310 3211 altera
3335 3172 3465 3211 vero
3493 3176 3507 3210 :

1934 3264 1953 3296 ι
1986 3245 2187 3301 Omnes
2218 3247 2471 3315 nequitiae
2498 3262 2684 3301 eorum
2716 3249 2768 3300 in
2800 3247 3007 3316 Galgal,
3040 3249 3162 3317 quia
3194 3248 3265 3301 ibi
3296 3248 3381 3300 odi
3416 3263 3512 3302 eos

1927 3345 2149 3405 propter
2172 3336 2404 3389 malitias
2432 3335 2872 3389 adiuventionum
2900 3352 3087 3390 eorum
3110 3337 3174 3390 ⁸⁸.
3209 3355 3228 3388 ι
3262 3335 3374 3389 Νοιι
3406 3339 3510 3390 erit

1931 3425 2026 3480 abs
2057 3440 2113 3479 re
2138 3425 2393 3479 nonnulla
2426 3424 2668 3494 proferre
2702 3425 2752 3477 in
2788 3425 3041 3487 medium,
3070 3441 3188 3494 quae
3215 3426 3511 3481 Galaaditis

1932 3515 2240 3570 acciderunt
2278 3534 2292 3569 :
2324 3514 2403 3569 sic
2439 3516 2582 3570 enim
2618 3530 2808 3571 sensus
2838 3517 3121 3571 verborum
3156 3518 3507 3573 adductorum

1934 3606 2180 3675 liquebit.
2209 3605 2408 3662 Phulas
2432 3620 2523 3660 rex
2556 3607 2922 3678 Assyriorum,
2958 3608 3047 3677 qui
3084 3609 3289 3677 primus
3322 3608 3513 3663 Sama-

1934 3699 2070 3753 riam
2118 3700 2341 3753 adortus
2384 3710 2500 3763 est,
2544 3699 2709 3755 veluti
2751 3700 3017 3769 primitias
3056 3703 3155 3757 sibi
3203 3701 3331 3757 fecit
3378 3705 3519 3759 duas

1938 3792 2111 3847 tribus
2142 3803 2290 3847 trans
2312 3792 2624 3858 Jordanetn,
2651 3808 2947 3862 omnesque
2974 3809 3159 3848 earum
3191 3796 3352 3849 urbes
3384 3798 3515 3851 sub-

1937 3884 2079 3952 egit,
2110 3894 2162 3939 et
2194 3894 2320 3938 ante
2354 3884 2489 3940 alias
2520 3883 2739 3938 Galaad.
2778 3884 2979 3940 llorutu
3011 3886 3158 3939 velut
3194 3886 3246 3939 in
3285 3888 3513 3941 transitu

1938 3976 2185 4029 meminit
2210 3975 2370 4040 Deus,
2393 3977 2617 4031 dicens:
2650 3993 2669 4025 ί
2699 3973 2754 4029 Si
2783 3975 2982 4029 Galaatl
3012 3990 3114 4030 non
3140 3986 3241 4031 est.
3273 3996 3292 4030 ι
3324 3977 3381 4032 Si
3410 3995 3514 4033 non

1939 4077 2044 4131 est,
2069 4067 2262 4137 inquit,
2288 4077 2342 4122 et
2370 4084 2514 4123 nunc
2544 4069 2689 4122 salva
2720 4083 2823 4123 non
2855 4078 2937 4123 est
2971 4068 3202 4134 Galaad;
3233 4071 3275 4123 si
3306 4078 3361 4124 et
3392 4086 3515 4140 per—

1942 4160 2030 4222 iit,
2063 4174 2166 4211 nou
2195 4170 2277 4214 est
2303 4175 2369 4213 ex
2398 4175 2460 4215 ea
2493 4160 2745 4227 Ephraim
2776 4162 3099 4229 redarguere
3128 4162 3475 4228 petulantiam
3494 4204 3509 4226 ,

1946 4249 2072 4319 quia
2114 4264 2401 4310 nunc,non
2438 4248 2671 4314 videtur;
2710 4265 2833 4303 nam
2875 4260 2927 4304 et
2964 4251 3332 4306 sacriﬁcantes
3371 4254 3520 4321 prin-

1949 4342 2097 4409 cipes
2128 4341 2179 4393 in
2211 4339 2396 4409 Galgal
2427 4340 2712 4394 mendaces
2742 4350 2920 4406 erant,
2951 4349 3004 4395 et
3038 4355 3143 4395 non
3172 4342 3304 4395 veri.
3334 4342 3519 4411 Galgal

1943 4433 2198 4503 oppidum
2224 4444 2304 4487 est
2333 4443 2478 4487 trans
2498 4430 2808 4499 Jortlanem,
2832 4432 2884 4486 in
2907 4447 3065 4502 quam
3093 4433 3242 4503 parvi
3265 4444 3316 4489 ct
3343 4436 3517 4502 magni

250 4529 451 4592 οινίαν,
475 4526 563 4580 διὰ
588 4527 648 4578 τὸ
680 4526 757 4595 μὴ
790 4524 1022 4594 ὁρᾶσθαι
1053 4523 1193 4587 vovi,
1229 4528 1333 4597 ἄρα
1363 4521 1459 4575 καὶ
1491 4521 1539 4573 οἱ
1572 4519 1821 4584 θυσιάζον

1945 4525 2279 4582 conﬂuentes
2326 4542 2443 4582 sese
2491 4525 2805 4581 idololatria:
2852 4527 3101 4581 sordibus
3149 4526 3518 4596 iuquinabant.

252 4638 346 4682 τες
386 4622 651 4687 ἄρχοντες
688 4618 744 4668 ὲν
778 4619 847 4686 τῇ
881 4614 1098 4682 Γαλγάλ
1146 4613 1357 4683 ψευδεῖς
1404 4606 1568 4680 ἦσαν’,
1613 4608 1708 4662 καὶ
1750 4608 1850 4661 οὐκ

253 4713 501 4781 ἀληθεῖς.
541 4710 758 4777 Γαλγάλ
788 4709 844 4761 δὲ
875 4708 1029 4771 πόλις
1059 4707 1175 4759 ἐστὶ
1204 4706 1313 4761 τῶν
1346 4704 1613 4775 Ἰορδάνου
1650 4704 1847 4775 πέραν,

241 4801 376 4877 ,ἑνῇ
417 4804 651 4874 μάλιστα
687 4800 1070 4871 συντρέχοντες
1108 4798 1293 4869 μικροὶ
1322 4797 1417 4852 καὶ
1453 4796 1699 4868 μεγάλοι,
1733 4798 1844 4857 τοῖς

253 4900 355 4967 τῆς
405 4895 824 4965 εἰδωλολατρίας
871 4893 1224 4964 προσέκειντο
1273 4888 1849 4961 μολυσμοίςηοὺκοῦν

256 4993 305 5041 εἰ
343 4990 418 5058 μὴ
450 4988 649 5056 ἕττινὴ
674 4986 904 5050 Γαλαὰδ,
938 4981 1049 5056 ἆρα
1065 4983 1148 5047 τίς
1168 4984 1315 5035 ἐστιν
1352 4984 1380 5035 ὁ
1408 4981 1576 5050 φάναι
1609 4978 1843 5048 τολμῶν,

258 5084 342 5133 ὅτι
374 5082 469 5131 καί
508 5080 559 5131 οἱ
592 5078 941 5142 θυσιάζοντες
976 5076 1235 5148 ἄρχοντες
1275 5076 1353 5136 είς
1392 5070 1607 5139 Γαλγάλ
1635 5069 1848 5138 ψευδεῖς

260 5165 423 5237 ἦσαν,
467 5168 564 5219 καὶ
608 5166 712 5219 οὐκ
744 5165 999 5236 ἀληθεῖς;
1080 5204 1094 5219 .
1175 5200 1189 5218 .
1269 5202 1282 5217 .
1366 5204 1378 5215 .
1459 5198 1475 5214 .
1553 5199 1568 5213 .
1649 5197 1662 5211 .
1744 5195 1757 5210 .
1838 5196 1851 5209 .

259 5352 477 5422 ὑψηλὰ,
532 5353 627 5404 καὶ
683 5351 1001 5404 ἀπόϐλεπτα
1045 5351 1160 5411 τοῖς
1222 5348 1482 5416 γλυπτοῖς
1539 5342 1855 5405 ἀνιστάντες

257 5450 651 5520 θυσιαστήρια,
718 5447 978 5517 χελώναις
1027 5449 1084 5501 ἐν
1136 5446 1235 5517 ἴσῳ
1290 5446 1409 5506 ταῖς
1456 5443 1575 5496 κατ’
1625 5440 1849 5510 ἀγρούς.

329 5634 374 5664 ⁸³
414 5631 523 5688 Jcr.
557 5646 727 5700 xxvii,
757 5632 808 5686 2.
891 5631 934 5662 “
975 5631 1080 5687 Jer.
1120 5646 1306 5695 xxviii,
1341 5629 1425 5685 11.

1946 4619 2131 4690 Itaque
2167 4620 2211 4674 si
2254 4636 2358 4673 non
2400 4629 2481 4674 est
2521 4619 2739 4690 Galgal.
2776 4637 2902 4675 num
2944 4620 3068 4689 quis
3108 4621 3287 4674 dicere
3329 4619 3521 4683 audet,

1952 4710 2115 4765 etiam
2144 4709 2513 4764 sacriﬁcantes
2540 4710 2809 4781 principes
2838 4711 2890 4765 in
2919 4710 3107 4780 Galgal
3138 4708 3301 4763 falsos
3325 4722 3387 4762 ac
3418 4721 3523 4761 non

1951 4799 3523 4859 verosl‘uisse?..............

1953 4931 1968 4947 .
2039 4932 2054 4947 .
2126 4930 2141 4946 .
2207 4928 2223 4946 .
2296 4930 2310 4946 .
2379 4890 2590 4947 excelsa
2633 4901 2687 4946 et
2729 4893 3022 4961 conspicua
3069 4888 3371 4945 simulacris
3414 4889 3525 4943 eri~

1951 4993 2141 5055 gentes
2177 4983 2399 5047 altaria,
2432 4983 2627 5038 similia
2667 4982 3022 5037 testudinibus
3060 4982 3112 5035 in
3149 4995 3298 5050 agro.
3332 4980 3517 5034 Testu-

1952 5078 2105 5131 dines
2133 5091 2253 5131 esse
2283 5076 2444 5137 dicit,
2475 5090 2579 5129 non
2612 5075 2701 5128 illa
2732 5074 3014 5142 animalia,
3048 5088 3177 5128 cave
3213 5084 3400 5142 putes;
3434 5075 3527 5128 sed

1955 5183 2177 5239 aggeres
2210 5168 2500 5227 excitatos.
2533 5181 2667 5235 quos
2699 5167 2918 5237 quidam
2950 5167 3014 5219 ad
3045 5181 3238 5236 aquam
3277 5166 3327 5220 in
3363 5167 3528 5221 colles

1954 5261 2301 5315 derivandain
2338 5259 2543 5313 faciunt
2575 5278 2587 5314 :
2625 5260 2903 5315 innumera
2938 5260 3079 5315 enim
3118 5259 3421 5329 hujusmodi
3460 5258 3528 5313 ah

1953 5350 2204 5421 agricolis
2242 5351 2470 5406 solerter
2503 5352 2805 5421 excogitata
2846 5361 2989 5408 sunt.
3028 5350 3310 5420 Principes
3348 5360 3529 5403 autem

1956 5443 2332 5497 sacriﬁcantes
2350 5445 2612 5514 nominat,
2634 5454 2725 5499 aut
2750 5443 3008 5500 exercitui
3040 5443 3326 5517 praefectos
3349 5450 3401 5501 el
3421 5439 3529 5501 diss

1505 5630 1547 5661 ω
1588 5625 1710 5682 Ose.
1741 5639 1814 5689 v1,
1849 5621 1974 5690 7,8.
2010 5622 2054 5653 ⁶⁶
2093 5621 2217 5678 Osc.
2256 5637 2329 5684 ix.
2360 5622 2443 5683 15.
