3898 6212
532 249 641 310 295

1525 242 1584 299 S.
1626 240 1904 299 CYRILLI
1942 239 2412 297 ALEXANDIIINI
2452 237 2773 297 ARCHIEI’.

3708 238 3826 295 296

533 357 746 431 clptinae
783 354 1031 413 militaris
1063 354 1263 424 duces;
1314 363 1407 410 aut
1439 363 1589 411 certe
1636 362 1703 411 e‘x
1737 354 1940 410 familia
1978 353 2107 411 Levi

2230 353 2472 417 Ιἱελώνσις
2509 354 2566 406 δὲ
2611 348 2753 407 εἷναί
2786 370 2974 423 φησιν,
3006 351 3127 423 οὐχὶ
3158 350 3222 423 δὴ
3250 348 3320 405 τὰ
3359 351 3492 416 ζῶα,
3527 350 3608 423 μὴ
3650 351 3826 405 τοῦτο

532 460 867 521 procreatos,
904 461 1067 519 penes
1110 461 1245 515 quos
1290 456 1408 502 erat
1454 461 1522 501 ex
1568 446 1686 518 lege
1729 448 2060 517 principatus
2098 461 2112 500 :

534 555 659 599 nam
687 548 743 593 et
770 537 899 606 ipsi,
936 549 1056 589 cum
1084 535 1205 591 aliis
1237 534 1403 604 lapsi,
1439 536 1747 590 servierunt
1781 536 2116 605 sculptilibus

533 643 638 681 non
678 626 832 698 pauci
871 640 1120 681 numero.
1163 625 1433 694 Scriptum
1476 635 1557 680 est
1604 626 1771 695 igitur
1803 627 1942 695 apud
1980 625 2117 682 Eze-

532 720 758 775 chielem
783 738 797 772 :
824 736 843 770 ι
873 716 997 773 Ideo
1020 719 1138 773 haec
1158 717 1286 772 dicit
1311 716 1598 774 Dominus:
1618 717 1807 774 Omnis
1828 717 2118 774 Iiliusalie-

533 812 728 879 nigena
765 810 1180 865 incircumcisus
1217 809 1382 864 corde
1407 819 1464 864 et
1492 808 1906 865 incircumcisus
1932 824 2117 877 carne,

533 915 639 953 non
682 899 1013 969 ingredietur
1048 898 1100 953 in
1145 908 1335 954 sancta
1378 913 1495 952 mea
1545 898 1598 952 in
1643 896 1896 954 omnibus
1932 898 2121 953 alieni-

532 991 683 1059 genis
718 991 809 1059 qui
844 1000 970 1045 sunt
1006 991 1059 1045 in
1097 990 1274 1045 medio
1308 988 1499 1045 domus
1536 988 1732 1055 Israel;
1766 988 1858 1046 sed
1893 988 2117 1056 Levites,

533 1084 623 1150 qui
656 1084 986 1137 resiluerunt
1016 1097 1046 1135 a
1077 1097 1195 1148 me,
1225 1097 1349 1135 cum
1383 1090 1596 1136 erraret
1628 1078 1793 1136 Israel
1820 1095 1850 1134 a
1883 1096 1968 1136 me
2002 1090 2123 1151 post

532 1175 891 1242 cogitationes
913 1188 1060 1239 suas,
1084 1184 1139 1228 et
1160 1174 1426 1242 accipient
1451 1172 1796 1243 iniquitatem
1820 1188 1973 1228 suam
1994 1174 2061 1228 ".
2094 1191 2112 1225 ι

2221 443 2474 515 νομίσῃς,
2506 442 2645 497 ἀλλὰ
2678 442 2787 515 γὰρ
2834 444 2935 507 τὰς
2968 443 3075 496 τῶν
3112 442 3384 514 χωμάτων
3425 442 3707 515 ἐγέρσεις,
3753 442 3826 505 ἃς

2224 536 2461 589 ποιοῖντό
2514 552 2693 600 τινες,
2748 536 2829 600 εἰς
2878 535 3101 605 βουνοὺς
3146 534 3629 605 ἀναλαμϐάνοντες
3690 536 3826 596 τοὺς

2225 627 2595 701 ὑδραγωγούς.
2644 628 2833 699 Μυρία
2873 626 2929 679 δὲ
2983 628 3083 681 ὅσα
3130 627 3356 680 τοιαῦτα
3402 629 3512 688 τοῖς
3544 625 3826 695 γηπόνοις

2223 718 2608 773 ἐσπούδασται.
2640 719 2941 791 ¹’Δρχοντας
2968 719 3023 771 δέ
3056 735 3187 788 φησι
3209 718 3561 783 θυσιάζοντας
3589 718 3625 788 ἦ
3658 734 3826 786 στρα‹

2223 812 2451 880 τηγοὺς,
2476 812 2571 864 καὶ
2605 810 2713 864 τῶν
2745 811 3022 865 τακτικῶν
3047 812 3405 883 ἡγουμένους,
3444 811 3477 881 ἢ
3514 809 3649 879 γοῦν
3692 810 3826 871 τοὺς

2226 902 2287 968 ἐξ
2323 905 2556 974 αἵματος
2599 904 2751 969 Δευῖ,
2792 904 2893 976 τὴν
2941 906 3006 958 ἐκ
3034 904 3197 974 νόμου
3241 903 3570 976 φρονοῦντας
3604 904 3826 972 ἡγεμο-

2221 996 2362 1050 νίαν.
2396 996 2815 1052 Συναπώλισθον
2844 997 2955 1068 γὰρ
2990 996 3086 1051 καὶ
3132 997 3288 1050 αὐτοὶ
3326 999 3437 1059 τοῖς
3477 995 3685 1059 ἄλλοις,
3724 993 3826 1043 καὶ

2222 1087 2616 1161 λελατρεύκασι
2656 1093 2767 1152 τοῖς
2796 1088 3055 1159 γλυπτοῖς
3087 1088 3189 1141 οὐκ
3231 1088 3400 1155 ὀλίγοι
3427 1088 3516 1139 τὸν
3549 1084 3804 1157 ἀριθμόν

2223 1174 2538 1245 Γέγραπται
2590 1172 2683 1231 οὖν
2709 1178 2766 1231 ἐν
2797 1176 2877 1248 τῷ
2933 1176 3235 1248 Ίεζζεκιηλ,⁸
3280 1195 3299 1226 ι
3332 1176 3431 1229 Διὰ
3478 1175 3640 1229 τοῦτο
3688 1172 3825 1226 τάδε

528 1256 680 1335 λέγει
708 1267 911 1339 Κύριος
939 1269 966 1321 6
996 1267 1158 1327 Θεός’
1182 1265 1299 1330 Πᾶς
1366 1267 1481 1331 υίὸς
1514 1266 1813 1353 ἀλλογενὴς
1880 1269 2252 1342 ἀπερίτμητος
2316 1270 2536 1341 καρδίᾳ,
2568 1271 2662 1323 καὶ
2684 1269 3057 1342 ἀπερίτμητος
3098 1272 3287 1342 σαρκὶ,
3320 1272 3420 1323 οὐκ
3443 1267 3825 1321 εἰσελεύσεται

531 1360 611 1421 εἰς
650 1358 718 1412 τὰ
751 1360 883 1427 ἆγιά
936 1376 1061 1429 μου,
1115 1360 1173 1413 ὲν
1211 1358 1382 1412 πᾶσιν
1434 1360 1569 1423 υίοῖς
1621 1358 1927 1427 ἀλλογενῶν
1951 1399 1967 1424 ,
2022 1359 2134 1412 τῶν
2203 1361 2371 1414 ὄντων
2403 1363 2460 1413 ἐν
2503 1360 2652 1431 μέσῳ
2682 1362 2832 1413 οίκου
2875 1359 3092 1431 Ἰσραήλ
3115 1377 3127 1389 ·
3168 1360 3343 1431 ἀλλ’ἢ
3404 1360 3453 1411 οἱ
3486 1353 3737 1418 Λευῖται,
3770 1354 3826 1404 οἳ

530 1469 674 1515 τινες
696 1451 971 1522 ἀφήλαντο
1001 1451 1093 1504 ἀπ’
1114 1449 1249 1521 ἐμοῦ
1273 1452 1332 1502 ἐν
1360 1451 1437 1522 τῷ
1457 1449 1764 1505 πλανᾶσθαι
1786 1449 1877 1504 τὸν
1903 1450 2124 1524 Ἰσραὴλ
2160 1452 2257 1506 ἀπ’
2285 1451 2444 1523 ἐμοῦ,
2499 1452 2827 1505 κατόπισθεν
2889 1452 2998 1505 τῶν
3027 1450 3429 1522 ἐνθυμημάτων
3477 1448 3685 1511 αὐτῶν,
3722 1444 3823 1497 και

530 1540 791 1612 λήψονται
816 1539 913 1609 τὴν
936 1539 1148 1593 ἀδικίαν
1171 1539 1369 1594 αὐτῶν.
1391 1564 1410 1595 ι

603 1633 767 1686 Vens.
805 1630 890 1683 I2.
926 1630 990 1683 Et
1030 1631 1237 1684 recessit
1272 1630 1438 1684 Jacob
1472 1630 1526 1684 in
1564 1645 1805 1701 campum
1839 1629 2036 1702 Syria',
2071 1642 2119 1687 et

2292 1629 2399 1682 Kal
2431 1628 2819 1699 ἀνεχώρησεν
2846 1624 3046 1680 Ἰακὼϐ
3078 1627 3165 1691 είς
3197 1623 3407 1678 πεδίον
3432 1626 3675 1693 Συρίας,
3712 1629 3811 1682 καὶ

533 1726 735 1781 servivit
769 1721 939 1777 Israel
970 1722 1024 1775 in
1057 1738 1239 1788 uxore,
1272 1728 1321 1777 et
1353 1723 1407 1776 in
1444 1737 1606 1778 umore
1637 1724 1941 1780 custodiuit.

608 1948 765 2018 177
805 1945 1028 2003 CXLIII.
1069 1944 1152 1999 Ad
1185 1943 1425 2017 primaevi
1482 1943 1650 2014 patris
1701 1943 2115 2014 germanitatem

533 2042 963 2107 bonitatemque,
1000 2045 1057 2091 et
1080 2051 1145 2091 ex
1185 2051 1250 2091 eo
1294 2036 1701 2107 progenitorum
1730 2034 2017 2090 stultitiam
2066 2044 2122 2091 et

535 2132 867 2201 impietatem
900 2127 1350 2185 considerandam
1383 2128 1543 2188 redit.
1569 2136 1624 2182 et
1663 2126 1805 2183 illius
1839 2128 1894 2181 in
1937 2129 2121 2197 parvis

539 2225 699 2278 rebus
765 2220 1109 2276 tolerantiam
1182 2219 1330 2273 velut
1383 2219 1731 2291 admiratum.
1754 2219 1959 2274 Deinde
1997 2233 2118 2275 eam

540 2317 710 2384 ipsam
739 2314 805 2368 ad
840 2311 1321 2381 reprehensionem
1378 2310 1605 2380 ignavia:
1651 2310 1836 2365 decem
1875 2311 2113 2365 tribuum

538 2408 592 2462 in
646 2407 808 2461 rebus
863 2404 1118 2460 maximis
1193 2403 1590 2459 accommodat.
1654 2402 1933 2469 Quomodo
1972 2404 2117 2457 enin-

538 2514 644 2571 nqn
696 2510 842 2553 esset
873 2495 1220 2551 admirationi
1253 2495 1422 2551 Iacob
1442 2536 1457 2562 ,
1494 2497 1585 2566 qui
1618 2496 1753 2550 adeo
1780 2495 2035 2552 molestos
2065 2505 2120 2551 et

538 2589 628 2643 vix
660 2586 999 2643 snﬂ‘erendos
1030 2585 1241 2641 labores
1280 2586 1555 2649 exhausit,
1591 2595 1643 2641 et
1672 2597 1891 2656 propter
1924 2601 2121 2643 uxores

538 2678 813 2737 ducendas
893 2676 1216 2733 mercenarii
1304 2675 1422 2731 Ioco
1498 2675 1681 2730 Laban
1748 2677 1958 2731 servire
2012 2692 2119 2731 non

541 2771 814 2827 recusavit
838 2769 926 2823 “‘2
958 2769 1067 2824 Sed
1100 2768 1347 2837 quamvis
1402 2768 1559 2837 primi
1606 2768 1847 2837 parentis
1915 2782 2122 2822 nrerces

542 2864 736 2934 exigua
771 2862 948 2925 fuerit,
981 2861 1311 2915 connubiunt
1366 2860 1639 2926 videlicet,
1674 2867 1731 2912 ut
1768 2857 1900 2923 dixi,
1943 2867 2122 2913 custo-

545 2952 676 3007 divit
710 2961 904 3013 tamen,
932 2960 987 3005 et
1017 2950 1252 3005 servavit
1288 2948 1471 3016 Iidem,
1501 2951 1590 3018 qui
1630 2948 1677 3003 ei
1717 2949 2119 3002 matrimonium

544 3044 813 3112 promisit.
872 3042 1159 3096 Laboravit
1213 3051 1390 3095 autem
1440 3055 1543 3095 non
1591 3055 1687 3109 pro

548 3146 714 3200 terra,
746 3144 838 3188 aut
878 3134 1037 3189 domo
1075 3147 1173 3187 sua
1216 3148 1230 3199 ;
1278 3132 1371 3187 sed
1419 3135 1647 3196 advena,
1674 3141 1729 3186 et
1761 3132 1812 3185 in
1841 3132 2124 3201 peregrina

546 3228 766 3296 regione
813 3239 1174 3280 commorans.
1224 3223 1290 3277 Et
1335 3223 1456 3277 talis
1496 3223 1716 3293 quidem
1775 3232 1892 3277 erat
1937 3220 2124 3277 Iacob.

549 3318 840 3373 Videamus
868 3332 1012 3371 nunc
1043 3327 1265 3384 peccata
1300 3325 1639 3384 posterorum
1697 3313 1876 3369 Israel.
1908 3311 2023 3369 Non
2071 3313 2125 3366 in

547 3411 778 3465 alienam
832 3397 1108 3480 regionem
1165 3408 1342 3473 missi,
1375 3407 1469 3463 sed
1522 3408 1575 3463 In
1628 3421 1692 3461 ea
1746 3422 1905 3476 quam
1961 3404 2128 3460 armis

545 3509 886 3569 comparant,
909 3499 1152 3553 collocati
1192 3508 1357 3564 sunt;
1391 3506 1447 3553 et
1479 3512 1601 3553 cum
1651 3495 1918 3568 Egyptiis
1957 3494 2128 3551 servi-

548 3602 708 3656 rent,
750 3592 1112 3660 sudorumque
1152 3604 1374 3646 suorum
1434 3589 1637 3645 nullam
1677 3588 1982 3644 mercedem
2032 3600 2127 3641 ac-

547 3687 815 3756 ciperent,
853 3684 1144 3753 aliquando
1183 3686 1382 3739 virtute
1434 3684 1528 3739 Dei
1582 3698 1614 3738 e
1673 3684 1891 3755 regione
1949 3684 2129 3753 oppri-

547 3776 807 3835 mentium
834 3791 894 3832 se
922 3776 1390 3842 discesserunt,et
1437 3775 1491 3830 in
1519 3785 1663 3831 terra
1711 3775 1952 3846 patribus
1998 3790 2127 3845 pro-

548 3872 716 3926 missa
771 3869 1156 3925 consederunt.
1203 3868 1318 3924 Non
1360 3869 1425 3924 iis
1477 3868 1677 3936 nuptis:
1735 3882 1858 3923 cum
1910 3866 2131 3922 mulier-

547 3963 706 4027 cula,
768 3971 826 4015 ut
871 3962 1110 4032 captanti
1192 3962 1408 4031 nuptias
1488 3961 1757 4017 mercedis
1822 3962 1940 4016 loco
2003 3969 2130 4014 sunt

545 4054 834 4124 proposita:
864 4070 879 4119 ;
905 4052 997 4109 sed
1031 4052 1209 4107 omnis
1230 4052 1354 4107 boni
1381 4051 1533 4122 copia
1562 4050 1764 4121 potius,
1787 4058 1931 4105 terra
1951 4050 2128 4106 ﬂuens

550 4148 689 4201 lacte
728 4155 785 4201 et
846 4145 1033 4212 melle,
1078 4143 1366 4200 debellatio
1425 4143 1895 4209 adversariorum,
1957 4141 2127 4212 gloria

546 4248 602 4295 et
632 4238 851 4305 divitiae,
876 4248 933 4292 et
960 4237 1087 4293 hinc
1124 4236 1500 4306 promanantia
1540 4236 1757 4303 decora,
1778 4246 1833 4291 et
1858 4235 1986 4307 quid
2018 4249 2124 4288 non

550 4329 790 4394 tandem,
854 4328 996 4397 quod
1036 4328 1103 4382 ad
1134 4327 1348 4382 felicem
1403 4337 1603 4383 statum
1638 4327 1969 4396 deliciasque
2001 4340 2125 4394 spe-

548 4422 768 4482 claret?
821 4420 927 4476 Sed
981 4436 1088 4476 non
1151 4420 1543 4475 custodierunt.
1594 4419 1937 4489 Transgressi
1997 4426 2124 4473 sunt

547 4514 717 4576 enim,
747 4510 1049 4567 custodiam
1083 4509 1242 4579 plane
1270 4510 1324 4565 in
1363 4509 1601 4563 minimis
1632 4518 1910 4578 ponentes.
1948 4508 2125 4569 Mani-

548 4606 743 4661 festum
779 4603 965 4672 igitur,
993 4599 1310 4670 longissime
1346 4614 1375 4652 a
1408 4609 1621 4667 patrum
1653 4598 1920 4666 probitate
1948 4611 2127 4652 remo-

550 4708 652 4762 tos,
703 4710 804 4749 nec
831 4692 936 4748 illis
993 4692 1278 4760 impertita:
1311 4691 1496 4761 gratiae
1564 4689 1837 4759 principes
1882 4688 2125 4756 futuros;

542 4787 722 4857 justus
773 4795 855 4843 est
886 4785 1027 4839 cnim
1057 4782 1245 4852 judexp

616 4878 782 4936 Vens.
818 4879 904 4934 I5.
941 4875 1011 4931 Et
1061 4876 1115 4930 in
1147 4875 1395 4945 propheta
1424 4872 1602 4927 eduxit
1650 4872 1903 4927 Dominus
1940 4871 2122 4929 Israe-

546 4969 648 5026 lcm
695 4987 759 5024 ea:
808 4980 946 5025 terra
980 4967 1201 5040 .Egypti
1227 5004 1244 5033 ,
1279 4977 1325 5021 et
1356 4967 1412 5019 in
1458 4963 1709 5033 propheta
1748 4971 1980 5017 servatus
2023 4973 2121 5018 est.

618 5060 844 5116 CXLIV.
889 5061 1001 5117 lIoc
1053 5062 1172 5116 loco
1235 5072 1453 5114 causam
1519 5057 1673 5111 nobis
1725 5056 1899 5123 aperit
1956 5068 2125 5124 quare

549 5148 715 5205 Israel
741 5151 1117 5219 praescriptum
1152 5151 1253 5204 sibi
1288 5150 1602 5204 mandatum
1658 5163 1762 5202 non
1797 5147 2119 5211 servaverit,

548 5251 604 5298 et
654 5242 819 5298 Deum
850 5242 1253 5312 contempserit,
1302 5243 1590 5297 dicentem:
1629 5258 1648 5292 ι
1683 5239 1800 5294 Νοιι
1830 5251 1990 5294 erunt
2032 5238 2127 5293 tibi

550 5336 622 5393 dii
662 5333 752 5388 alii
800 5343 995 5405 prmter
1032 5348 1118 5387 me
1147 5333 1216 5397 ⁸³,
1251 5351 1269 5384 ι
1327 5343 1383 5387 et
1424 5349 1591 5401 quate
1654 5333 1852 5388 eximia
1917 5338 2128 5400 patrum

552 5431 731 5488 studia
759 5426 997 5484 ίῐιωυιλιτί
1037 5427 1290 5482 noluerit.
1343 5425 1605 5496 Objnrgat
1669 5428 1814 5480 enim
1860 5424 2129 5481 Israelitas

552 5522 693 5593 quod
727 5534 785 5575 se
820 5518 1055 5573 humano
1104 5531 1269 5586 regno
1303 5532 1367 5572 ex
1414 5531 1537 5570 asse
1596 5516 1957 5583 subiicerent,
2006 5529 2127 5569 cum

624 5698 667 5731 “
708 5697 904 5757 Ezccb.
939 5713 1079 5764 κων,
1113 5698 1263 5756 9-10.
1341 5698 1383 5729 ⁸⁸
1426 5694 1558 5751 Gen.
1595 5708 1746 5760 XXIX,
1772 5691 1864 5746 ξιο.

2221 1722 2593 1777 ἐδούλευσεν
2637 1718 2887 1788 Ἰσραὴλ
2919 1718 2989 1772 ἐν
3026 1714 3285 1788 γυναικὶ,
3335 1716 3434 1770 καί
3465 1718 3534 1771 ἐν
3569 1721 3811 1787 γυναικὶ

2221 1814 2586 1884 ἐφυλάξατο.

2290 1904 2468 1961 PMI".
2512 1906 2831 1959 Ὑπονοστεϊ
2858 1903 2921 1977 δὴ
2970 1902 3134 1957 πάλιν
3160 1904 3189 1957 6
3231 1902 3391 1971 λόγος
3435 1905 3514 1967 είς
3568 1904 3813 1975 βάσανον

2221 2001 2321 2070 τῆς
2351 2018 2410 2052 τε
2441 1999 2536 2053 τοῦ
2566 1997 2914 2070 προπάτορος
2964 1997 3322 2068 γνησιότητος
3346 1996 3439 2050 καὶ
3477 1999 3814 2062 ἐπιεικείας,

2222 2093 2441 2164 καὶτῆς
2476 2091 2584 2145 τῶν
2615 2091 2675 2156 ἐξ
2707 2091 2871 2144 αὐτοῦ
2908 2090 3210 2159 γεγονότων
3246 2090 3565 2161 σκαιότητος
3599 2106 3659 2143 τε
3717 2092 3816 2143 καὶ

2220 2184 2558 2248 δυσσεϐείας.
2590 2183 2871 2254 Θαυμάζει
2895 2183 2952 2235 δέ
2985 2181 3176 2253 ὥσπερ
3204 2182 3263 2235 τὸ
3292 2183 3385 2235 ἐπὶ
3418 2185 3634 2253 μικροῖς
3665 2182 3819 2233 ἐκεί-

2221 2295 2312 2331 νου
2347 2275 2644 2348 τληπαθές,
2677 2271 2795 2327 εἷτα
2827 2274 3135 2347 παραφέρει
3168 2274 3226 2326 τὸ
3256 2273 3446 2343 χρῆμα
3481 2273 3616 2341 πρὸς
3651 2273 3816 2340 ἐλεγ-

2221 2386 2315 2441 χον
2345 2372 2444 2441 τῆς
2496 2368 2591 2421 ἐπὶ
2646 2367 2923 2438 μεγίστοις
2976 2365 3247 2437 ῥᾳθυμίας
3284 2365 3393 2418 τῶν
3434 2363 3565 2418 δέκα
3598 2365 3812 2433 φυλῶν.

2223 2461 2345 2523 Πῶς
2374 2460 2482 2530 γὰρ
2511 2458 2609 2512 οὐκ
2638 2457 2704 2512 ἂν
2733 2458 2997 2526 άγάσαιτό
3042 2474 3127 2521 τις
3155 2457 3244 2511 τὸν
3284 2455 3497 2523 Ἰακὼϐ,
3530 2456 3623 2510 τὸν
3664 2458 3817 2511 οῦτω

2222 2552 2418 2622 πικρὸν
2483 2551 2579 2606 καὶ
2620 2549 2897 2602 δύσοιστον
2928 2547 3231 2602 ἁνατλάντα
3275 2547 3458 2610 πόνον,
3509 2546 3684 2600 καὶτὸ
3712 2546 3817 2618 θη-

2220 2643 2398 2697 τεύειν
2424 2642 2501 2713 τῷ
2529 2641 2714 2696 Λάϐαν
2739 2640 2797 2694 οὐ
2834 2633 3315 2711 παραιτησάμενον
3350 2642 3443 2694 ἐπὶ
3462 2641 3678 2709 γυναιξὶ
3716 2645 3816 2696 καὶ

2222 2733 2456 2804 γάμοις;
2498 2731 2638 2784 Ἀλλ’
2694 2733 2740 2784 εί
2784 2732 2878 2784 καὶ
2914 2731 3110 2801 μικρὸς
3157 2730 3352 2802 κομιδῇ
3402 2731 3748 2804 προπάτορος
3785 2736 3815 2786 ὀ

2225 2826 2417 2899 μισθὸς
2450 2826 2648 2897 (γάμος
2688 2821 2789 2897 ἦν,
2832 2826 2908 2889 ὡς
2937 2826 3118 2896 ἔφην),
3166 2826 3305 2895 πλὴν
3354 2824 3654 2895 ἐφυλάξατο
3713 2826 3810 2878 καὶ

2223 2919 2491 2989 τετήρηκε
2537 2918 2634 2988 τὴν
2686 2918 2867 2970 πίστιν
2914 2917 2990 2988 τῷ
3046 2918 3137 2971 τὸν
3187 2918 3365 2987 γάμον
3415 2918 3805 2989 ύπεσχημένῳ.

1757 3041 1929 3109 patria
1952 3081 1967 3105 ’
2028 3050 2120 3094 am
2149 3039 2190 3097 ο
2226 3009 2506 3077 Πεπόνηκε
2531 3008 2589 3060 δέ
2617 3008 2738 3061 ούδέ
2762 3009 2853 3059 ἐπὶ
2875 3006 3080 3071 οἰκείας
3105 3006 3309 3070 πόλεως
3332 3007 3363 3077 ἢ
3386 3007 3507 3075 γῆς,
3536 3006 3567 3077 ἢ
3595 3007 3807 3071 ἑστίας,

2224 3100 2337 3155 ἀλλ’
2372 3098 2447 3153 ὣν
2474 3098 2772 3169 ἐπηλύτης,
2796 3099 2891 3152 καὶ
2913 3098 3203 3171 διατρίϐων
3231 3100 3317 3154 ἐπ’
3341 3099 3664 3168 ἀλλοδαπῆς.
3696 3101 3810 3152 Καὶ

2226 3187 2293 3263 ἦν
2327 3189 2427 3261 μὲν
2464 3189 2705 3252 τοιοῦτος
2730 3190 2759 3241 6
2794 3187 3008 3251 Ἰακὼϐ,
3045 3189 3239 3260 ἴδωμεν
3285 3188 3341 3241 δὲ
3387 3189 3481 3242 καὶ
3507 3189 3573 3241 τά
3602 3190 3708 3242 τῶν
3749 3192 3817 3256 ἐξ

2240 3282 2456 3356 Ἰσραὴλ
2483 3282 2821 3353 ἐγκλήματα.
2858 3283 2971 3335 Οὐκ
3000 3284 3079 3344 εἰς
3113 3281 3324 3334 όθνείαν
3359 3283 3635 3351 ἐπέμπετο
3670 3284 3776 3354 γῆν
3798 3302 3812 3313 ·

2226 3377 2340 3432 ἀλλ’
2376 3378 2433 3429 ἐν
2473 3375 2801 3453 δορυκτήτου
2838 3374 3003 3447 μοίρᾳ
3044 3374 3314 3442 κείμενος,
3362 3373 3604 3442 θητεύων
3645 3377 3817 3442 Δίγυ-

2227 3470 2429 3534 πτίοις,
2461 3470 2553 3523 καὶ
2584 3466 2813 3538 ἄμισθον
2845 3465 3129 3535 ὑπομένων
3162 3464 3379 3534 ἱδρῶτα,
3418 3465 3547 3517 ποτέ
3581 3465 3814 3535 δυνάμει

2228 3562 2365 3619 Θεοῦ
2394 3564 2494 3632 τῆς
2522 3562 2629 3615 τῶν
2673 3558 3139 3613 πλεονεκτούντων
3189 3557 3464 3628 ἀπήλλαξε
3513 3575 3571 3610 τε
3603 3556 3811 3628 χώρας,

2228 3654 2325 3710 καὶ
2354 3654 2607 3717 ἐκάθιζεν
2636 3653 2715 3713 είς
2743 3651 2847 3722 γῆν
2878 3651 2976 3720 τὴν
2997 3652 3108 3712 τοῖς
3153 3648 3424 3721 πατράσιν
3461 3647 3814 3717 ἐπηγγελμέ-

2228 3764 2346 3818 νην.
2397 3746 2471 3801 Οὐ
2521 3744 2696 3814 γάμος
2732 3738 2801 3814 ἦν
2853 3740 3003 3812 αύτῷ
3052 3740 3276 3810 γυναίου
3336 3740 3691 3812 προκείμενος
3728 3742 3814 3803 εἰς

2227 3836 2557 3900 ἀντέκτισιν,
2597 3835 2673 3898 ὡς
2733 3833 3059 3905 τετηρηκότι
3102 3832 3194 3884 τὸν
3231 3831 3430 3902 γάμον,
3475 3833 3706 3903 χορηγία
3749 3834 3813 3886 δὲ

2233 3928 2431 4000 μᾶλλον
2457 3925 2777 3999 ἀμφιλαφὴς
2807 3925 3006 3987 παντὸς
3044 3923 3271 3992 ἀγαθοῦ,
3319 3916 3390 3993 γῆ
3432 3924 3627 3994 ῥέουσα
3662 3923 3809 3990 γάλα

2230 4023 2325 4077 καὶ
2356 4020 2500 4091 μέλι,
2527 4020 2588 4075 τὸ
2628 4017 2914 4075 καταθλεῖν
2945 4014 3201 4069 δύνασθαι
3227 4014 3335 4067 τῶν
3371 4014 3805 4085 ἀνθεστηκότων,

2227 4112 2355 4179 δόξα
2380 4112 2474 4165 καὶ
2496 4110 2743 4176 πλοῦτος,
2779 4110 2873 4164 καὶ
2898 4108 2966 4161 τὰ
2999 4106 3246 4161 ἐντεῦθεν
3282 4107 3599 4177 αὐχήματα,
3631 4108 3722 4160 καὶ
3752 4108 3808 4158 τί

2229 4209 2336 4277 γὰρ
2362 4204 2483 4273 οὐχὶ
2508 4203 2567 4256 τὸ
2589 4202 2696 4256 τῶν
2720 4203 2798 4265 εἰς
2830 4198 3128 4271 εὐημερίαν
3150 4200 3245 4253 καὶ
3272 4200 3511 4271 τρυφήν;
3539 4198 3675 4250 Ἀλλ’
3704 4198 3812 4250 οὐκ

2229 4295 2553 4367 ἐφυλάξατο.
2579 4291 2943 4365 Παραϐέϐηκε
2973 4292 3102 4363 γὰρ,
3132 4291 3312 4360 ὀλίγου
3342 4288 3618 4349 παντελῶς
3646 4288 3810 4355 ἀξιώη

2156 4382 2199 4437 D
2238 4401 2334 4449 σας
2382 4384 2541 4454 λόγου
2583 4384 2680 4455 τὴν
2708 4384 2959 4454 τήρησιν.
3000 4381 3269 4452 Πρόδηλον
3310 4376 3423 4445 οὖν,
3458 4381 3540 4432 ὅτι
3570 4379 3666 4450 τῆς
3698 4378 3812 4432 τῶν

2226 4478 2475 4551 πατέρων
2517 4474 2817 4539 ἐπιεικείας
2857 4473 3084 4527 κατόπιν
3117 4473 3306 4535 ἰόντες,
3336 4472 3428 4525 καὶ
3466 4471 3625 4524 τοῦτο
3665 4471 3805 4540 ἁμέο

2224 4589 2391 4645 τρως,
2447 4569 2570 4623 οὐδὲ
2614 4571 2728 4631 τοῖς
2781 4566 3010 4628 ἐκείνοις
3056 4564 3449 4636 ἐκνεμηθείσης
3488 4561 3703 4632 φειδοῦς
3749 4564 3813 4617 ἐν

2229 4663 2444 4736 μεθέξει
2474 4661 2816 4732 γενήσονται·
2856 4658 3064 4722 δίκαιος
3098 4658 3208 4730 γάρ
3240 4660 3269 4709 6
3306 4657 3521 4727 κριτής.

2300 4860 2413 4919 Καὶ
2459 4859 2528 4912 ἐν
2559 4854 2835 4926 προφήτῃ
2882 4850 3145 4923 ἀνήγαγε
3194 4851 3405 4921 Κύριος
3436 4850 3543 4903 τὸν
3571 4849 3811 4916 Ἰσραὴλ

2230 4955 2300 5010 ἐκ
2331 4953 2443 5023 γῆς
2484 4951 2815 5020 Αἰγύπτου,
2851 4945 2949 4999 καί
2982 4945 3052 4999 ἐν
3090 4945 3365 5013 προφήτῃ
3407 4941 3807 5011 διεφυλάχθη.

2302 5049 2478 5101 PMA’.
2521 5044 2631 5117 Τὴν
2674 5043 2853 5097 αἰτίαν
2894 5043 3026 5113 ἡμῖν
3066 5040 3122 5090 ἐν
3154 5036 3363 5098 τούτοις
3413 5036 3687 5105 διατρανοῖ
3714 5036 3808 5088 τοῦ

2236 5144 2373 5211 μήτε
2404 5137 2639 5207 φυλάξαι
2686 5137 2775 5189 τὸν
2811 5132 3026 5205 Ἰσραὴλ
3075 5131 3176 5201 τὴν
3217 5128 3526 5201 ὁρισθεῖσαν
3568 5126 3807 5197 ἐντολὴν,

2227 5229 2640 5300 καταφρονῆσαι
2669 5224 2765 5280 τοῦ
2794 5222 2939 5277 ’Θεοῦ
2975 5223 3245 5291 λέγοντος,
3285 5238 3303 5271 ι
3337 5222 3452 5272 Οὐκ
3483 5218 3695 5271 ἔσονταί
3726 5234 3809 5270 σοι

2229 5324 2342 5377 θεολ¹
2374 5322 2551 5393 ἐτεροι
2583 5319 2720 5389 πλὴν
2754 5317 2910 5388 ἐμοῦ,
2936 5335 2955 5367 ι
2983 5316 3078 5368 καὶ
3102 5312 3195 5367 τοῦ
3222 5314 3297 5384 μὴ
3328 5311 3531 5364 ἐθέλειν
3554 5313 3671 5373 ταῖς
3700 5309 3809 5363 τῶν

2231 5415 2483 5486 πατέρων
2504 5411 2827 5474 ἐπιεικείαις
2847 5406 3230 5478 διαμιλλᾶσθαι
3257 5404 3429 5472 φιλεῖν
3452 5419 3463 5431 ·
3489 5401 3809 5471 ἐπιπλήττει

2229 5506 2358 5577 γὰρ,
2389 5506 2470 5558 ὅτι
2500 5504 2785 5573 γεγόνασιν
2819 5500 2954 5562 ὅλως
2987 5500 3036 5551 οἱ
3093 5498 3150 5564 ἐξ
3190 5494 3403 5565 Ἰσραὴλ
3446 5494 3549 5547 ὑπὸ
3577 5492 3672 5563 τὴν
3710 5494 3810 5549 ἁν-

1976 5694 2019 5725 ⁸⁹
2062 5690 2233 5747 Exod.
2264 5704 2355 5755 xx.
2381 5690 2438 5745 5.
