3898 6212
227 311 324 366 ειη

1141 312 1689 369 COMMENTARIUS
1730 309 1796 366 iN
1838 309 2072 364 OSEAM
2116 306 2562 362 PItOPllETAM.

3379 305 3482 359 9.98

227 424 458 495 θρὼπων
501 424 800 494 βασιλείαν,
835 425 1009 478 καίτοι
1070 428 1448 497 βασιλεύοντος
1493 429 1673 486 αὐτῶν
1712 425 1805 481 τοῦ

1923 435 2091 480 tamen
2129 435 2375 494 regnaret
2438 436 2599 490 super
2642 420 2785 487 ipsos
2843 416 2984 472 Deus
3044 432 3139 487 per
3194 421 3484 488 prophetas

223 515 354 569 Θεοῦ
384 516 477 569 διά
519 517 817 587 προφητῶν
857 517 1055 585 ἀγίωψ
1087 522 1181 572 καὶ
1218 522 1590 586 ἐκλελοιπότος
1622 522 1805 583 αὐτοῖς

223 609 449 673 οὐδενὸς,
476 611 555 672 εἰς
584 608 645 661 τὸ
673 605 811 663 εἶναι
845 612 1169 682 μακαρίους.
1202 612 1546 684 Μεμνήμεθα
1575 614 1683 683 γὰρ
1722 614 1806 665 ὅτι

223 701 504 771 περιόντος
536 718 596 752 τε
659 703 755 753 καὶ
799 703 1237 773 προφητεύοντος
1274 705 1353 758 ἔτι
1391 705 1486 759 τοῦ
1534 704 1804 775 μακαρίου

222 795 493 866 Σαμουὴλ,
519 796 791 866 ἐζήτησαν
831 797 1075 866 βασιλέα.
1110 798 1221 851 Καὶ
1262 799 1400 869 πρός
1442 814 1506 866 γε
1536 796 1599 866 δὴ
1649 795 1808 848 τοῦτο

218 887 347 950 Θεὸς
370 887 658 958 ὠργίζετο,
690 890 785 942 καὶ
813 890 888 953 ὼς
936 888 1262 960 ὑϐρισμένος
1292 890 1353 943 ού
1388 889 1623 961 μετρίως
1648 885 1807 939 λελύ-

218 995 387 1048 πηται
415 978 537 1048 μὲν,
560 978 703 1047 πλὴν
730 979 968 1046 ἀνέδειξε
994 980 1085 1032 τὸν
1111 979 1303 1034 Σαούλ.
1329 979 1538 1033 Οὐκοῦν
1569 979 1806 1031 αἰτιᾶται

215 1068 369 1134 λίαν,
407 1070 495 1122 ὃτι
537 1070 824 1138 γεγόνασιν
855 1071 990 1133 ὅλως
1021 1071 1127 1123 ὑπὸ
1166 1071 1266 1141 τὴν
1304 1070 1607 1142 ἀνθρώπων
1656 1069 1809 1139 βασι-

216 1160 388 1223 λείαν,
418 1160 518 1212 οὐκ
557 1160 917 1231 ἀνασχόμενοι
941 1160 1003 1214 τὸ
1036 1161 1191 1232 παρά
1219 1160 1352 1214 Θεοῦ
1382 1161 1469 1215 διά
1514 1160 1808 1231 προφητῶν

218 1251 620 1319 βασιλεύεσθαι.
670 1252 891 1305 Σέσωκε
944 1253 1042 1322 μὲν
1084 1253 1196 1323 γὰρ
1237 1256 1265 1307 ὁ
1313 1252 1478 1318 Θεὸς,
1509 1254 1673 1322 φησὶ,
1716 1251 1808 1304 τὸν

226 1342 465 1412 Ἰσραὴλ,
485 1343 580 1395 καὶ
603 1341 662 1405 ἐξ
686 1342 835 1395 οἰκον
858 1342 1100 1407 δουλείας
1122 1343 1411 1415 ἐξήγαγεν,
1435 1344 1809 1413 μεσιτεύοντος

216 1434 522 1497 Μωῦσέως,
548 1432 609 1496 ὃς
657 1434 752 1486 καὶ
801 1433 993 1502 γέγονε
1023 1437 1331 1507 προφήτης,
1368 1436 1462 1489 καὶ
1513 1435 1809 1506 προφητῶν

215 1526 478 1596 ἀπαρχήο
560 1525 655 1578 καὶ
710 1526 810 1578 οὐκ
866 1525 1099 1595 ἐξήγαγε
1162 1527 1322 1597 μόνον
1392 1526 1451 1592 ἐξ
1507 1526 1805 1594 Αἰγύπτου,

218 1618 408 1687 φησὶν,
452 1615 589 1669 ἀλλά
627 1615 737 1685 γὰρ
774 1616 867 1669 καὶ
910 1617 1203 1687 τετήρηκε.
1244 1615 1536 1686 Μεμένηκε
1575 1615 1681 1686 γὰρ
1728 1614 1810 1667 ἐνὶ

216 1708 286 1777 τῷ
317 1706 522 1775 φύσει,
556 1706 651 1760 καί
708 1707 922 1777 ἀληθῶς
968 1707 1253 1778 λατρεύειν
1298 1706 1439 1777 Θεῷ.
1485 1707 1701 1777 Ἐπειδὴ
1752 1706 1811 1759 δὲ

1908 526 2146 583 sanctos,
2178 526 2233 570 et
2268 514 2397 569 nihil
2440 513 2519 567 eis
2546 511 2610 565 ad
2646 510 3056 581 prosperitatem
3091 509 3321 565 deesset.
3366 511 3484 565 Me-

1911 609 2163 661 minimus
2220 606 2386 669 enim,
2448 603 2738 673 superstite
2802 602 2977 657 adhuc
3033 610 3088 655 et
3136 602 3483 671 pr0phetante:

1910 699 2180 762 Samuelc,
2209 712 2300 751 eos
2332 711 2511 765 regem
2546 699 2864 764 postulasse.
2899 695 3060 765 178
3088 694 3238 759 Quod
3272 694 3485 763 indigne

1912 790 2029 844 tulit
2072 789 2238 853 Deus,
2272 797 2327 841 et
2364 801 2421 841 se
2468 794 2706 854 spretum
2738 800 2858 840 esse
2909 785 3161 849 indoluit;
3216 794 3485 839 vernilita-

1910 896 2032 935 men
2064 878 2190 934 Saul
2218 878 2521 947 designavit
2550 876 2621 929 ⁷ο.
2655 876 2888 931 Accusat
2918 876 3080 946 igitur
3104 890 3200 930 eos
3229 876 3484 945 tnajorem

1911 972 1963 1024 in
2012 972 2263 1034 modum,
2295 978 2354 1023 ut
2413 979 2551 1023 totos
2602 968 2837 1022 humano
2887 968 2995 1039 regi
3054 968 3343 1036 subjectos,
3389 983 3488 1022 nec

1912 1064 2004 1118 Dei
2057 1064 2339 1131 imperium
2399 1078 2493 1131 per
2525 1062 2813 1131 prophetas
2861 1062 3211 1115 sustinentes.
3247 1059 3486 1115 Salvavit

1910 1159 2077 1223 enim,
2110 1158 2306 1227 inquit,
2339 1156 2481 1211 Deus
2514 1155 2786 1222 lsraelem,
2815 1163 2871 1209 et
2918 1158 2983 1209 de
3010 1155 3169 1209 domo
3212 1154 3486 1209 servitutis

1911 1251 2096 1305 eduxit
2155 1250 2454 1304 ministerio
2502 1248 2701 1319 Moysis
2760 1247 3030 1318 propheta:
3085 1257 3139 1301 et
3199 1249 3487 1316 propheta-

1912 1358 2030 1396 rum
2072 1341 2493 1412 antesignani".
2531 1339 2638 1395 Nec
2678 1340 2849 1395 solum
2878 1356 2944 1395 ex
2993 1338 3222 1410 Egypto
3279 1341 3483 1404 eduxit,
3526 1354 3532 1361 ί

1911 1433 2106 1503 inquit,
2134 1434 2227 1486 sed
2261 1432 2423 1487 etiam
2469 1431 2797 1493 custodivit;
2830 1432 2881 1484 in
2922 1446 3051 1485 vero
3089 1433 3231 1485 enim
3249 1442 3303 1484 et
3330 1442 3488 1483 natu-

1910 1538 1969 1576 ra
2019 1522 2128 1576 Deo
2153 1521 2379 1577 colendo
2422 1522 2792 1590 perstiterunt.
2823 1523 3113 1592 Postquam
3161 1531 3340 1575 autem
3388 1522 3487 1576 sub

1912 1626 2075 1682 regno
2122 1610 2360 1673 inerunt,
2391 1610 2663 1664 dilectioni
2691 1625 2818 1679 erga
2857 1611 3025 1665 Deum
3091 1612 3486 1668 valediserunt.

1912 1702 2127 1759 Primus
2161 1700 2303 1755 enim
2350 1700 2604 1754 Salomon
2638 1708 2692 1754 et
2737 1716 2879 1765 aras,
2923 1711 2977 1756 et
3009 1702 3231 1757 delubra
3277 1701 3486 1757 Baalim

218 1799 510 1867 γεγόνασιν
536 1798 628 1850 ἐπὶ
658 1798 1049 1867 βασιλέας,τῆς
1078 1798 1158 1861 εἰς
1182 1797 1315 1851 Θεὸν
1347 1798 1567 1866 ἀγάπης
1595 1795 1810 1861 ἐξώκει-

1923 1793 2191 1848 ediﬁcavit
2215 1793 2281 1847 ’¹¹.
2309 1791 2438 1847 Post
2474 1807 2596 1846 eum
2638 1792 2987 1851 detestandus
3020 1792 3308 1848 Jeroboam
3350 1796 3489 1849 vitu-

217 1888 326 1940 λανδ
378 1886 604 1958 Πρῶτος
647 1888 745 1958 μὲν
769 1887 875 1959 γὰρ
917 1880 1234 1960 ᾠκοδόμησε
1275 1887 1528 1959 Σολομῶν
1573 1888 1665 1941 καὶ
1707 1885 1812 1957 βω-

221 1980 372 2048 μοὺς,
427 1978 518 2032 καὶ
562 1978 765 2049 τεμένη
809 1981 921 2043 τοῖς
973 1980 1239 2050 Βααλεέμο
1277 1974 1396 2034 εἶτα
1442 1981 1557 2050 μετ’
1585 1978 1745 2032 αὑτὸν
1781 1981 1810 2031 ό

218 2071 497 2139 ἐπάρατος
558 2069 843 2141 Ἰεροϐοάμ
893 2070 991 2134 τὰς
1044 2072 1252 2143 χρυσᾶς
1309 2070 1484 2123 ἐποίει
1526 2068 1807 2140 δαμάλεις.

219 2163 472 2214 Δίτιᾶται
493 2161 671 2214 τοίνυν
696 2160 772 2224 ὡς
802 2161 1094 2233 παγκάλην
1132 2163 1444 2233 οἰκονομίαν
1478 2162 1539 2214 ού
1583 2176 1809 2230 τετηρη-

220 2252 407 2316 κότας,
432 2253 493 2305 τὸ
515 2251 625 2323 γὰρ
650 2251 802 2323 παρά
826 2252 981 2316 Θεοῦ,
1011 2253 1175 2323 φημὶ,
1199 2251 1289 2306 διὰ
1330 2251 1627 2324 προφητῶν
1658 2250 1809 2320 βασι-

1913 1884 1995 1941 los
2031 1899 2221 1940 aureos
2274 1884 2397 1939 fecit
2425 1884 2489 1936 ⁷⁸.
2518 1883 2879 1954 Conqueritur
2932 1900 3081 1955 ergo,
3120 1895 3179 1940 ut
3222 1886 3313 1954 qui
3366 1886 3485 1956 pul-

1915 1976 2239 2032 cherrimam
2285 1976 2642 2031 oeconomiam
2676 1991 2784 2031 non
2826 1977 3183 2045 servaverint,
3216 1986 3274 2032 ut
3311 1992 3342 2032 a
3376 1977 3485 2034 Deo

1912 2083 2010 2139 per
2035 2068 2324 2138 prophetas
2347 2078 2679 2138 regerentur,
2713 2069 2805 2123 sed
2832 2068 2932 2122 sub
2959 2066 3232 2123 hominum
3255 2078 3491 2139 potesta-

1916 2170 2019 2214 tem
2052 2174 2110 2215 se
2159 2159 2373 2215 tradere
2424 2160 2736 2227 maluerint,
2763 2161 2905 2231 quod
2937 2175 3031 2216 eos
3053 2161 3120 2215 ad
3160 2163 3486 2232 apostasiam

1914 2266 2131 2321 quoque
2160 2252 2435 2322 perduxit.

220 2346 494 2408 λεύεσθαι,
525 2346 586 2398 τὸ
605 2345 663 2399 δὲ
710 2345 817 2398 ὑπὸ
866 2348 1021 2416 χεῖρα
1088 2348 1272 2399 πεσεῖν
1326 2345 1629 2415 ἀνθρώπων
1698 2342 2130 2417 ἀνθῃρημένους,
2181 2346 2210 2399 ὃ
2260 2345 2323 2416 δὴ
2364 2346 2458 2401 καὶ
2505 2345 2729 2415 γέγονεν
2771 2346 2951 2411 αὐτοῖς
2999 2350 3098 2418 τῆς
3154 2348 3491 2411 ἀποστασίας

222 2440 503 2508 πρόξενον.

292 2574 642 2644 Ἐθύμωσεν
690 2574 939 2644 Ἐφραῒμ
960 2616 974 2640 ,
1029 2574 1129 2629 καί
1175 2574 1543 2646 παρὼργισε,
1594 2576 1693 2630 καὶ
1744 2578 1813 2632 τὸ

224 2663 356 2735 οἶμα
393 2665 591 2720 αὐτοῦ
619 2666 713 2719 ἐπ’
742 2666 930 2720 αὑτὸν
953 2666 1375 2735 ἐκχυθήσεται,
1402 2668 1502 2721 καὶ
1535 2668 1641 2722 τὸν
1664 2669 1814 2721 ὀνει-

227 2756 443 2824 δισμὸν
469 2756 657 2811 αὑτοῦ
678 2756 1099 2811 ἀνταποδώσω
1136 2758 1353 2827 Κύριος
1381 2758 1562 2825 αὐτῷ.

230 2958 233 2965 η
286 2889 475 2943 PME’.
511 2889 633 2941 Ὅτι
682 2888 911 2959 πικρὸν,
953 2889 1047 2942 καὶ
1096 2889 1430 2959 ἐπισφαλὲς,
1464 2890 1556 2943 καὶ
1587 2890 1811 2962 ὀλέθρου

233 2981 521 3051 παραίτιον
549 2979 740 3045 γέγονε
776 2980 887 3041 τοῖς
916 2977 978 3042 ἐξ
1009 2978 1247 3049 Ἰσραὴλ,
1276 2979 1336 3032 τὸ
1365 2978 1581 3033 ἑλέσθαι
1612 2980 1813 3050 μᾶλλον

233 3071 325 3124 ὑπὸ
357 3070 464 3140 τὴν
497 3070 610 3121 τῶν
648 3066 948 3139 ἀνθρώπων
985 3064 1121 3121 εἶναι
1168 3069 1475 3138 βασιλείαν,
1510 3070 1567 3122 ὲν
1602 3070 1812 3134 τούτοις

2002 2575 2165 2630 Vsus.
2206 2575 2294 2629 14.
2322 2575 2404 2628 Ad
2432 2575 2766 2629 iracundiam
2788 2575 3061 2629 concitavit
3095 2592 3175 2629 me
3211 2576 3485 2644 Ephraim,

1914 2680 1963 2722 st
1990 2668 2236 2731 irritavit,
2272 2676 2319 2720 et
2362 2668 2576 2735 sanguis
2609 2666 2722 2734 ejus
2753 2683 2909 2734 super
2946 2668 3113 2733 ipsum
3166 2667 3484 2736 e/fundetur.

1915 2769 1963 2814 et
2014 2758 2345 2829 opprobrium
2392 2757 2504 2827 ejus
2560 2756 2804 2811 retribuet
2839 2757 3090 2811 Dominus
3121 2759 3239 2827 ipsi.

1990 2891 2195 2948 CXLV.
2224 2890 2425 2958 Triste,
2458 2891 2821 2962 periculosum
2849 2901 2905 2946 et
2933 2894 3296 2962 perniciosum
3329 2895 3493 2952 fuisse

1920 2985 2126 3049 lsraeli,
2162 2982 2307 3053 quod
2368 2983 2470 3038 sub
2523 2984 2799 3038 hominum
2839 2999 3007 3053 regno
3050 2999 3171 3041 esse
3222 2997 3493 3057 praeopta-

1920 3079 2076 3141 verit,
2101 3076 2185 3131 his
2208 3075 2389 3131 verbis
2416 3082 2644 3130 conatur
2675 3090 2774 3130 nos
2804 3076 2998 3131 docere
3031 3076 3361 3144 planissime.
3394 3080 3495 3135 Ec-

233 3163 351 3231 ημίν
390 3156 452 3213 εὖ
488 3161 634 3231 μάλα
668 3162 923 3229 πειρᾶται
965 3160 1250 3215 δεικνύειν.
1288 3162 1420 3215 Ἰδοὺ
1457 3161 1587 3233 γὰρ,
1622 3164 1808 3233 φησὶν,

1923 3184 1976 3224 ce
2006 3169 2173 3233 enim,
2198 3168 2393 3237 inquit,
2448 3167 2726 3236 Ephraim,
2764 3168 2867 3221 hoc
2889 3176 2993 3232 est,
3031 3166 3342 3235 Jeroboam,
3401 3173 3491 3240 qui

234 3252 259 3303 δ
288 3252 554 3322 Ἐφραῒμ,
579 3252 876 3315 τουτέστιν,
905 3253 933 3303 ὁ
954 3252 1018 3304 ἐκ
1048 3251 1222 3321 φυλῆς
1251 3252 1489 3323 Ἐφραῒμ
1509 3252 1809 3324 Ἰεροϐοάμ,

237 3343 325 3412 ἐμὲ
355 3344 451 3396 τὸν
495 3343 604 3395 τῶν
638 3343 774 3396 ὅλων
803 3342 1101 3412 Δεσπότην,
1125 3361 1143 3393 t
1190 3341 1473 3413 τεθύμωκε
1496 3384 1509 3407 ,
1541 3343 1636 3396 καὶ
1668 3360 1811 3413 παρ-

240 3431 454 3503 ὡργισε,
492 3426 510 3485 s
550 3432 646 3487 καὶ
699 3434 777 3494 εἰς
817 3434 925 3486 πᾶν
972 3428 1111 3495 εἶδος
1150 3433 1377 3486 ἐκάλεσε
1426 3433 1811 3504 παροξυσμοῦ,

242 3524 640 3594 καινοτομήσας
669 3523 951 3593 δαμάλεις,
980 3523 1073 3577 καὶ
1103 3524 1163 3576 τὸ
1198 3524 1329 3593 ἐμὸν
1358 3524 1552 3587 αὑταῖς
1590 3523 1814 3596 αὔχημα

245 3613 502 3684 περιθείς.
532 3613 823 3683 Τοιγάρτοι
851 3613 1139 3684 παραίτιος
1166 3614 1328 3677 αὐτὸς
1365 3613 1464 3683 τῆς
1501 3614 1696 3667 ἑαυτοῦ
1726 3614 1816 3682 γέ-

246 3721 387 3771 γονεν
411 3704 712 3767 ἀπωλείας.
743 3704 863 3757 Ἐπ’
896 3704 1059 3758 αὑτὸν
1088 3704 1197 3775 γὰρ
1223 3705 1340 3775 ἥξει
1364 3704 1423 3758 τὸ
1457 3699 1594 3774 αἷμα
1624 3704 1811 3759 αὑτοῦ.

258 3795 467 3865 Ἐπειδὴ
496 3794 574 3857 δὲ,
614 3795 702 3846 ὅτε
736 3794 835 3858 τὰς
858 3794 1120 3863 δαμάλεις
1145 3795 1372 3865 ἔστησεν
1407 3797 1485 3859 εἰς
1512 3794 1713 3867 Βαιθήλ
1755 3813 1814 3849 τε

250 3888 331 3938 καὶ
361 3886 494 3949 Δὰν,
532 3884 969 3957 προσπεφώνηκε
997 3889 1111 3949 τοῖς
1150 3886 1211 3951 ἐξ
1248 3887 1463 3958 Ἰσραήλ
1483 3906 1496 3919 ο
1526 3906 1545 3939 t
1580 3887 1817 3941 Ἱκανού-

253 3976 351 4030 σθω
401 3978 533 4048 ὑμῖν
580 3976 642 4028 τὺ
686 3975 997 4029 ἀναϐαίνειν
1051 3979 1131 4040 εἰς
1170 3978 1533 4048 Ἰεροσόλυμα.
1592 3979 1721 4032 Ἰδοὺ
1766 3981 1815 4032 οἱ

255 4063 351 4117 θεοί
400 4082 491 4118 σου
546 4066 599 4117 οἶ
638 4082 782 4129 τινες
833 4066 1104 4137 ἀνήγαγόν
1133 4084 1192 4119 σε
1230 4069 1294 4120 ὲκ
1323 4067 1427 4137 γῆς
1461 4067 1757 4135 Αἰγύπτου,
1790 4088 1810 4121 ι

255 4155 499 4226 ταύτητοι
526 4153 734 4220 λοιπὸν,
762 4156 854 4209 καὶ
880 4156 1023 4227 μάλα
1052 4159 1296 4223 εἰκότως,
1325 4160 1594 4225 ἀποτίσει,
1630 4161 1813 4230 φησὶν,

257 4247 367 4314 ἐμοὶ
410 4248 487 4319 τῷ
520 4248 757 4317 κρίνοντι
793 4249 888 4301 τοῦ
935 4251 1242 4320 ὀνειδισμοῠ
1277 4253 1374 4314 τὰς
1416 4252 1587 4315 δίκας.
1621 4253 1818 4324 ’Υϐρις

258 4338 352 4409 γὰρ
393 4340 688 4411 ἄντικρυς,
756 4342 852 4395 καὶ
910 4342 1204 4412 ὀνειδισμοὶ
1247 4342 1694 4412 ὁμολογουμένως
1740 4346 1819 4407 εἰς

258 4429 396 4496 Θεὸν,
419 4430 478 4483 τὸ
504 4430 659 4493 ὕλαις
684 4431 914 4501 ἀψύχοις
947 4432 1222 4486 ἀναθεῖναι
1244 4434 1447 4503 τολμᾷν
1474 4434 1539 4486 τὰ
1563 4434 1630 4486 δι’
1652 4435 1817 4488 αὐτοῦ

259 4522 505 4588 γεγονότα
536 4523 787 4593 λαμπρὰ,
824 4522 918 4575 καὶ
957 4523 1367 4593 ἀξιοθαύμαστα
1396 4524 1817 4595 κατορθώματα.
1853 4520 1897 4574 D

262 4613 459 4667 οὐκοῦν
502 4614 647 4666 κατά
687 4614 778 4667 τὸν
837 4614 1000 4667 αὑτοῦ
1050 4614 1146 4667 τοῦ
1205 4615 1445 4686 Ἐφραῒμ
1494 4617 1818 4687 ὀνειδισμὸν,

260 4706 546 4767 τουτέστιν,
597 4705 899 4776 ίσομέτρως
944 4707 1065 4768 ταῖς
1114 4704 1279 4758 αὑτοῦ
1328 4705 1688 4777 δυσφημίαις,
1728 4708 1824 4761 καὶ

264 4794 481 4859 ἀνοσίοις
533 4798 759 4864 φωναῖς,
810 4796 880 4848 τὰ
933 4796 996 4860 ἐξ
1046 4798 1216 4866 ὀργῆς
1249 4798 1821 4868 ἀντεπενεχθήσονται.

266 4883 463 4955 Ὠσπερ
500 4885 608 4958 τάρ
644 4886 766 4938 ὅσον
791 4886 915 4956 ἥκει
945 4888 1023 4948 εἰς
1051 4886 1355 4957 ἐγχείρημά
1383 4904 1453 4940 τεΔ
1486 4888 1578 4940 καὶ
1609 4888 1825 4956 λόγους,

267 4979 349 5044 τῆς
377 4978 525 5048 αύτῴ
558 4980 653 5031 καὶ¹
689 4979 834 5049 μόνῳ
865 4979 1180 5049 πρεπούσης
1218 4979 1374 5049 δόξης
1422 4979 1628 5052 ὲξώσθη
1653 4982 1784 5045 Θεός
1807 4995 1822 5011 ’

268 5065 394 5119 οὕτω
418 5070 509 5120 καὶ
538 5068 698 5131 αὐτὸς
719 5069 819 5137 τῆς
844 5069 979 5132 ἰδίας
1005 5070 1180 5139 ἀρχῆς
1201 5069 1825 5141 ὲξωσθήσεται.ῐῖεπαύ-

272 5168 405 5207 σεται
432 5156 539 5227 γὰρ
570 5158 711 5211 κατὰ
740 5159 963 5228 καιροὺς
991 5160 1022 5228 ἠ
1051 5157 1295 5228 βασιλεία
1317 5158 1411 5211 τοῦ
1444 5158 1704 5229 Ἐφραῒμ.
1738 5159 1825 5223 Ὠς

269 5246 370 5315 γὰρ
403 5248 501 5316 ἤδη
531 5253 811 5317 προεῖπον,
844 5250 980 5319 μετὰ
1008 5250 1105 5318 τὴν
1132 5251 1195 5302 ὲκ
1225 5249 1546 5313 Βαϐυλῶνος
1574 5252 1829 5306 ἐπάνοδον

267 5335 429 5400 οὐδεὶς
469 5340 549 5391 ἔτι
591 5339 975 5409 βεϐασίλευκεν
1004 5342 1061 5393 ὲν
1096 5340 1376 5412 Σαμαρείᾳ
1420 5342 1527 5396 τῶν
1555 5342 1685 5396 δέκα
1732 5362 1833 5412 φυ-

270 5423 367 5478 λῶν
385 5447 400 5459 ·
432 5430 542 5481 ἀλλ’
564 5426 706 5501 ἦσαν
731 5433 788 5483 ἐν
812 5433 924 5493 τοῖς
952 5430 1215 5500 Ἰεροσολύ
1226 5449 1345 5501 μοις
1371 5433 1459 5501 ὑφ’
1484 5432 1580 5486 ’ἐνα
1612 5434 1829 5499 πάντες,

270 5517 367 5571 τῶν
394 5521 455 5573 ὲκ
476 5521 645 5591 φυλῆς
674 5522 844 5574 Ἰούδα
875 5520 1016 5573 κατά
1048 5522 1275 5592 καιροὺς
1306 5521 1759 5591 βασιλευσάντων.

1922 3262 2023 3315 fuit
2054 3261 2117 3316 de
2142 3261 2284 3315 tribu
2319 3258 2597 3328 Ephraim,
2652 3273 2738 3312 me
2786 3258 3159 3313 universorum
3210 3261 3494 3316 Dominum

1926 3371 1943 3403 ι
1987 3353 2051 3405 ad
2089 3352 2419 3405 iracundiam
2449 3350 2737 3404 concitavit
2785 3359 2839 3404 et
2874 3351 3126 3416 irritavit,
3164 3370 3183 3402 ι
3231 3352 3497 3407 omnimo-

1923 3444 2006 3498 dis
2057 3440 2420 3504 exacerbavit,
2465 3440 2742 3495 iabricatis
2779 3440 2958 3495 vitulis
3013 3442 3187 3509 novis,
3219 3451 3276 3497 et
3326 3443 3494 3512 gloria

1925 3548 2041 3589 mea
2083 3533 2135 3586 in
2167 3532 2285 3587 illos
2332 3531 2544 3587 collata.
2572 3530 2799 3585 Proinde
2844 3533 2957 3602 ipse
2992 3534 3214 3588 exitium
3266 3534 3365 3589 sibi
3400 3550 3497 3604 pe-

1921 3624 2081 3693 perit.
2113 3622 2286 3691 Super
2341 3624 2517 3693 ipsum
2549 3622 2690 3675 enim
2736 3624 2915 3678 veniet
2956 3625 3176 3696 sanguis
3195 3626 3334 3697 ejus.
3360 3626 3498 3694 Quia

1922 3716 2063 3771 enim
2109 3714 2293 3768 vitulis
2345 3714 2398 3768 in
2428 3713 2613 3769 Bethel
2661 3724 2716 3768 et
2756 3714 2866 3767 Dan
2909 3716 3108 3770 erectis
3166 3718 3501 3772 denuntiavit

1924 3805 2200 3870 lsraelitis,
2235 3805 2308 3859 ita
2376 3806 2632 3874 loquens:
2676 3822 2694 3855 ι
2732 3805 2976 3859 Suﬂiciat
3024 3806 3175 3861 vobis
3205 3808 3497 3861 ascendere

1924 3898 1977 3951 in
2006 3896 2329 3951 Jerusalem.
2362 3896 2501 3951 Ecce
2528 3896 2598 3949 dii
2636 3896 2732 3960 tui,
2776 3895 2970 3961 Israel;
2993 3896 3081 3964 qui
3115 3899 3418 3951 eduxerunt
3447 3907 3498 3953 te

1925 3988 1991 4042 de
2023 3998 2164 4041 terra
2200 3987 2414 4057 Egypti
2450 3986 2534 4050 7*;
2575 4004 2592 4036 ι
2627 3987 2848 4051 idcirco,
2880 3987 3076 4055 inquit,
3103 3998 3154 4041 et
3189 3988 3311 4056 jure
3354 3989 3498 4056 Opti-

1927 4093 2033 4143 mo,
2066 4078 2195 4132 mihi
2225 4078 2395 4145 judici
2448 4077 2608 4144 hujus
2638 4079 2818 4145 probri
2850 4087 2905 4131 et
2935 4085 3275 4145 contemptus
3307 4091 3499 4146 pmnas

1924 4168 2210 4237 persolvet.
2264 4168 2459 4235 Aperta
2505 4176 2588 4220 est
2627 4181 2863 4234 namque
2924 4166 3117 4236 injuria
3158 4176 3212 4220 et
3258 4167 3499 4221 omnium

1926 4260 2264 4316 confessione
2300 4258 2648 4327 opprobratio
2675 4258 2726 4311 in
2770 4258 2960 4324 Deum,
2983 4259 3222 4313 materia:
3251 4258 3502 4313 inanimae

1927 4352 2223 4406 attribuere
2277 4352 2477 4405 audere
2516 4365 2635 4420 quae
2686 4349 2752 4403 ab
2808 4350 2923 4419 ipso
2959 4350 3232 4418 splendide
3269 4361 3323 4405 et
3378 4366 3500 4406 cum

1930 4442 2285 4497 admiratione
2341 4450 2551 4511 patrata
2578 4451 2892 4511 suntopera
2937 4442 3245 4497 laudabilia.
3301 4441 3502 4509 Quam-

1925 4535 2112 4588 obrem
2163 4536 2457 4588 secundum
2490 4534 2657 4603 ipsius
2683 4534 2936 4603 Epitraim
2963 4534 3242 4605 probrum,
3266 4535 3368 4590 hoc
3395 4544 3498 4599 est,

1925 4626 2273 4696 proportione
2310 4626 2428 4695 ejus
2468 4626 2923 4695 blasphemiarum
2972 4635 3027 4681 et
3058 4626 3342 4695 impiorum
3384 4642 3501 4681 ser-

1927 4731 2167 4781 monum,
2201 4718 2271 4772 ab
2297 4718 2434 4771 irato
2482 4717 2591 4772 Deo
2619 4717 2694 4771 illi
2743 4717 2978 4771 vicissim
3007 4717 3268 4786 supplicia
3302 4718 3503 4787 irroga-

1925 4809 2146 4863 buntur.
2178 4808 2637 4872 Quemadmodum
2677 4809 2820 4862 enim
2857 4823 2960 4877 qua
3005 4808 3165 4872 facto,
3199 4824 3301 4877 qua
3340 4813 3505 4865 verbo

1926 4898 2051 4964 sibi,
2073 4908 2127 4954 et
2154 4899 2253 4954 soli
2278 4898 2611 4953 convenienti
2647 4898 2812 4965 gloria
2837 4896 3019 4966 pulsus
3053 4898 3212 4969 179
3240 4910 3321 4954 est
3344 4900 3503 4964 Deus,

1934 4989 2014 5042 sic
2052 4997 2105 5043 et
2146 4988 2259 5056 ipse
2298 5002 2397 5043 suo
2454 4987 2753 5054 principatu
2804 4986 3054 5055 pelletur.
3110 4988 3327 5043 Desinet
3354 4992 3499 5045 enim

1933 5078 2220 5147 aliquando
2262 5092 2483 5146 regnum
2514 5076 2789 5144 Ephraim.
2816 5074 2972 5143 Nam,
3004 5086 3062 5131 ut
3126 5093 3285 5148 supra
3325 5082 3505 5146 docui,

1934 5179 2056 5237 post
2094 5168 2322 5233 reditum
2353 5182 2383 5221 e
2410 5166 2698 5235 Babylone,
2742 5182 2901 5223 nemo
2927 5169 3156 5239 amplius
3192 5186 3354 5240 super
3410 5171 3507 5225 de-

1932 5275 2049 5315 cem
2083 5260 2253 5315 tribus
2287 5260 2338 5313 in
2367 5259 2610 5313 Samaria
2661 5260 2939 5329 regnavit;
2972 5263 3065 5317 sed
3120 5261 3505 5333 Hierosolymis

1931 5363 2086 5407 erant
2131 5351 2232 5407 sub
2280 5366 2387 5407 uno
2419 5366 2628 5418 omnes,
2651 5352 2881 5409 oriundo
2924 5368 2988 5409 ex
3020 5354 3090 5416 iis
3123 5354 3214 5428 qui
3246 5354 3312 5409 de
3361 5352 3504 5405 tribu

1931 5439 2067 5495 Juda
2097 5450 2254 5494 antea
2303 5449 2682 5510 regnaverant.

336 5705 382 5742 "
420 5706 593 5780 lReg.
623 5724 702 5773 ts,
729 5708 817 5761 Π.
890 5707 937 5737 ⁷⁸
975 5706 1144 5763 Exod.
1182 5724 1304 5773 xm,
1340 5709 1422 5763 Η.
1499 5712 1543 5743 ⁷⁸
1581 5708 1646 5765 ill
1674 5707 1805 5779 Reg.

1939 5708 2005 5767 5..
2069 5708 2115 5743 ⁷³
2154 5708 2227 5765 ΙΙΙ
2251 5708 2385 5781 Reg.
2412 5725 2513 5779 sn,
2539 5710 2609 5766 28
2634 5748 2647 5764 .
2722 5708 2770 5743 "
2807 5706 2939 5761 Ibid.

572 5805 849 5863 PATaOL.
896 5800 1014 5862 Gn.
1065 5801 1286 5865 LXXI.

3122 5790 3194 5855 10
