3898 6212
457 292 561 347 sas

1078 394 1226 450 CAP.
1270 395 1409 453 XIII.

535 492 694 547 Vens.
726 489 856 554 1,2.
915 486 1329 555 Justiﬁcationcs
1382 488 1495 557 ejus
1545 491 1738 558 accepit
1806 490 1914 552 ipse
1973 489 2028 541 in

1444 281 1502 338 S.
1544 281 1813 343 CYIULLI
1852 274 2319 333 ALEXANDRINI
2360 272 2679 331 ARCIIIEP.

3598 270 3712 325 500

2725 387 2947 443 ΚΕΦΛΛ
2960 430 2972 443 .
3019 386 3119 441 1Γ¹.

2199 482 2563 554 Δικαιώματα
2582 483 2766 537 αὑτοῦ
2790 483 3005 536 ἐλαϐεν
3024 480 3209 546 αὐτὸς
3232 478 3301 533 ἐν
3325 477 3406 544 τῷ
3441 477 3710 546 Ἰσραὴλ,

466 584 654 648 Israel,
678 592 722 636 et
754 580 927 650 posuit
962 594 1053 632 ea:
1077 577 1233 643 Baal,
1266 586 1314 631 et
1345 586 1583 632 mortuus
1623 589 1719 634 est.
1750 577 1817 632 Et
1869 594 2031 648 appo-

2152 574 2224 625 ἀἰ
2256 573 2421 627 ἔθετο
2472 572 2624 625 αὐτὰ
2654 572 2727 639 τῇ
2773 571 2959 636 Βαὰλ,
2994 570 3094 625 καί
3125 569 3403 624 ἀπέθανε.
3446 568 3559 621 Kal
3590 568 3715 621 νῦν

461 682 673 728 suerunt
724 680 780 725 ut
835 678 1103 739 peccarent
1158 670 1351 723 adhuc.
1389 670 1454 722 Et
1488 670 1724 738 fecerunt
1755 671 1857 724 sibi
1910 687 2031 723 con-

463 763 628 829 ﬂatile
676 778 739 816 ea:
806 767 1021 831 argento
1084 759 1339 827 ipsorum,
1387 762 1669 814 secundum
1752 761 2031 832 imaginem

465 855 748 916 idolorum,
781 866 935 920 Opera
985 849 1255 917 artiﬁcum
1284 851 1518 920 confecta
1557 854 1652 906 eis.

534 944 760 1001 CXLVI.
805 944 919 998 Non
961 943 1247 1012 separatim
1307 943 1490 998 decem
1542 944 1731 1009 tribus,
1766 944 1859 998 sed
1915 943 2034 996 uni-

465 1054 678 1093 vcrsum
730 1035 891 1090 Israel
930 1036 1157 1098 incusat,
1182 1045 1235 1089 et
1258 1037 1353 1102 ait,
1386 1036 1860 1105 justiﬁcationilius
1904 1036 2036 1106 ipsis

469 1144 563 1198 per
597 1129 808 1199 Moysen
830 1127 1063 1195 traditis,
1089 1128 1281 1196 quibus
1309 1128 1694 1182 erudiebantur
1735 1143 1840 1195 quo
1878 1138 2037 1197 pacto

452 1223 633 1273 Deum
684 1218 925 1274 colerent
973 1227 1026 1271 et
1064 1220 1511 1287 quemadmodum
1543 1218 1615 1271 illi
1648 1218 2034 1282 sacriﬁcarent,

469 1324 562 1363 cos
599 1310 722 1362 talia
766 1306 1149 1376 propemodum
1203 1306 1349 1370 Baal,
1375 1306 1489 1361 sive
1539 1307 1693 1362 idolis
1725 1322 2039 1362 consecras-

468 1416 550 1457 se.
582 1399 658 1453 Ex
690 1406 843 1467 parte
894 1397 1036 1451 enim
1078 1411 1456 1464 nonnunquam
1519 1404 1685 1451 totum
1746 1398 2036 1467 significat.

472 1491 585 1545 Non
613 1492 754 1543 enim
816 1487 1044 1556 amplius
1093 1486 1226 1551 Deo,
1256 1487 1347 1540 sed
1406 1488 1584 1556 potius
1638 1489 1888 1556 operibus
1928 1503 2040 1541 ma-

452 1595 637 1635 nuum
668 1594 887 1634 suarum
940 1591 1094 1632 sacra
1147 1576 1499 1648 fecerunt,c.t
1548 1579 1677 1646 ipsis
1717 1578 1830 1632 dies
1879 1578 2041 1633 festos

473 1678 810 1739 peregerunt,
845 1669 1189 1737 divinumque
1217 1669 1416 1722 cultum
1445 1669 1829 1733 adhibuerunt,
1852 1678 1905 1723 ct
1930 1671 2040 1738 pri-

2128 662 2453 730 προσέθετο
2476 665 2542 715 τὸ
2564 660 2924 731 ἁμαρτάνειν
2957 662 3067 715 ἔτι.
3109 660 3220 714 Καί
3250 661 3548 727 ἐποίησαν
3578 660 3717 713 ἐαυ-

2130 753 2252 819 τοῖς
2276 753 2551 823 χώνευμα
2578 753 2646 807 ἐκ
2666 752 2771 807 τοῦ
2797 753 3081 821 ἀργυρίου
3106 750 3324 817 αὐτῶν,
3349 752 3476 804 κατ’
3502 751 3717 804 εἰκόνα

2131 845 2409 910 εἰδώλων,
2436 847 2580 915 ἔργα
2617 845 2912 898 τεκτόνων
2940 843 3459 912 συντετελεσμένα
3482 842 3713 907 αὐτοῖς.

2202 936 2387 1003 PMC’.
2424 938 2537 990 Οὐκ
2565 936 2667 989 ἀνὰ
2704 937 2867 1010 μέρος
2895 937 2952 988 ἐν
2976 935 3187 997 τούτοις
3222 933 3321 997 τὰς
3351 933 3486 986 δέκα
3514 933 3716 1002 φυλὰς,

2134 1027 2247 1083 ἀλλ’
2267 1029 2384 1080 ὅλον
2410 1029 2650 1080 αἰτιᾶται
2672 1026 2763 1079 τὸν
2795 1026 3030 1097 Ἰσραὴλ,
3064 1026 3156 1078 καί
3175 1042 3357 1095 φησιν,
3381 1025 3461 1077 ὅτι
3493 1025 3718 1078 δικαιω-

2138 1120 2324 1189 μάτων
2342 1118 2523 1179 αύτοῖς
2547 1116 2805 1170 δοθέντων
2830 1115 2916 1170 διὰ
2945 1116 3221 1178 Μωῦσέως
3238 1156 3253 1179 ,
3283 1114 3347 1167 δι’
3368 1109 3441 1168 ὧν
3463 1113 3721 1167 ἐπαιδεύυ

2136 1227 2276 1272 οντο,
2298 1209 2416 1262 τίνα
2447 1209 2552 1279 χρὴ
2576 1208 2776 1279 τρόπον
2808 1207 3129 1279 θεραπεύειν
3161 1207 3250 1260 τὸν
3285 1206 3439 1270 Θεὸν,
3479 1207 3626 1268 ὅπως
3654 1223 3721 1258 τε

2136 1300 2316 1369 δεήσει
2365 1297 2660 1367 προσάγειν
2686 1297 2895 1361 Θυσίας,
2929 1298 3081 1349 αὐτοὶ
3111 1296 3181 1349 τὰ
3222 1295 3400 1349 τοιάδε
3435 1295 3722 1364 μονονουχὶ

2137 1390 2493 1444 τεθεσπίκασι
2514 1390 2589 1460 τῷ
2610 1390 2775 1453 Βάαλ,
2800 1391 2916 1460 ἢτοι
2936 1391 3047 1453 τοῖς
3065 1388 3324 1451 εἰδώλοις.
3356 1386 3490 1441 Ἀπὸ
3517 1386 3722 1457 μέρους

2140 1482 2248 1551 γὰρ
2275 1481 2385 1533 ἐσθ’
2414 1482 2500 1534 ὅτε
2529 1481 2781 1552 σημαίνει
2809 1480 2867 1533 τὸ
2891 1482 3017 1533 πᾶν.
3039 1480 3311 1533 Τεθύκασι
3330 1479 3437 1549 γὰρ
3461 1478 3580 1549 Θεῷ
3617 1479 3723 1549 μὲν

2140 1574 2322 1626 οὐκέτι
2350 1612 2365 1635 ,
2400 1572 2599 1643 μᾶλλον
2624 1573 2681 1625 δὲ
2715 1575 2826 1636 τοῖς
2857 1572 3038 1643 ἔργοις
3063 1573 3171 1626 τῶν
3202 1572 3346 1625 ἰδίων
3388 1572 3587 1643 χειρῶν
3621 1573 3720 1626 αύ-

2144 1666 2255 1727 τοῖς
2284 1663 2499 1716 ἐτέλουν
2535 1663 2633 1726 τὰς
2658 1663 2868 1734 ἑορτὰς,
2897 1664 2990 1715 καὶ
3018 1663 3295 1734 προσῆγον
3317 1660 3415 1733 τὴν
3435 1662 3717 1733 λατρείαν,

474 1762 675 1825 mitias,
701 1760 1090 1826 adorationem,
1122 1759 1259 1813 dona
1291 1760 1634 1829 gratitudiuis
1675 1775 1804 1829 ergo
1845 1761 2041 1815 obtule-

2147 1757 2244 1822 τὰς
2291 1756 2566 1828 ἀπαρχὰς,
2600 1758 2700 1827 τὴν
2753 1758 3145 1828 προσκύνησιν,
3180 1758 3246 1811 τὰ
3274 1757 3424 1829 δῶρα
3453 1758 3521 1810 τὰ
3559 1774 3718 1827 χαρι-

476 1861 622 1918 runt,
654 1860 708 1907 et
740 1851 903 1922 gloria
940 1866 1034 1905 sua
1065 1850 1229 1905 Deum
1260 1848 1572 1917 spoliantes,
1622 1864 1738 1904 eam
1785 1849 2044 1919 sculptili-

450 1966 459 1986 ι
475 1948 571 2001 bus
605 1944 937 2000 dicaverunt.
966 1942 1071 1997 Sed
1096 1943 1209 1998 hare
1250 1957 1369 1997 cum
1400 1941 1617 1996 fecisset
1638 1939 1823 2004 Israel,
1849 1940 2041 2009 inquit,

476 2054 496 2086 ι
539 2030 783 2090 mortuus
823 2043 924 2099 est,
981 2042 1035 2088 et
1073 2047 1284 2088 rursum
1331 2041 1724 2102 apposuerunt,
1751 2040 1805 2084 ut
1854 2046 2043 2101 pecca-

479 2136 647 2181 rent.)
682 2127 758 2180 Ac
789 2125 835 2179 si
871 2125 1040 2178 dicat:
1076 2123 1300 2178 I‘unitus
1333 2131 1417 2178 est
1484 2131 1603 2192 post
1644 2123 1866 2187 factum,
1900 2122 2045 2177 dele-

479 2227 562 2270 tus
610 2224 695 2270 est
740 2223 860 2283 post
898 2214 1000 2267 IIOS
1029 2228 1209 2279 ausus,
1250 2214 1422 2268 sensit
1462 2212 1884 2283 indignationem
1930 2213 2043 2266 Do-

479 2305 606 2359 mini
637 2320 824 2374 poenas
857 2305 1075 2360 ultionis
1103 2305 1399 2359 errantium
1431 2304 1678 2375 sanguini
1733 2303 2041 2373 inﬂigcntis.

479 2393 542 2445 Et
570 2406 603 2447 a
638 2392 933 2447 stoliditate
964 2406 1059 2446 sua
1094 2393 1405 2462 neutiquam
1471 2391 1741 2459 cessavit;
1803 2393 2045 2462 quinimo

476 2485 528 2537 in
582 2482 702 2537 aliis
733 2490 787 2537 et
842 2483 1057 2552 paribus
1106 2482 1399 2538 sceleribus
1461 2482 1791 2551 deprehendi
1844 2491 2043 2552 potest.

477 2574 600 2644 Legi
631 2573 771 2628 enim
808 2573 859 2626 in
905 2572 1154 2627 Numeris
1183 2572 1473 2628 fornicatos
1514 2586 1635 2627 esse
1670 2572 1809 2627 [illos
1854 2574 2043 2641 Israel,

475 2662 868 2730 ad.voluptatcs
892 2662 1193 2731 illegitimas
1221 2660 1597 2728 inﬂammatos,
1611 2670 1664 2717 et
1692 2660 2044 2717 Moabitarum

450 2746 690 2800 feminis
746 2748 1054 2803 adhaesisse.
1100 2746 1250 2813 Quod
1284 2747 1490 2803 facinus
1549 2750 1886 2804 atrocissime
1935 2750 2047 2805 Iuc-

453 2846 625 2891 -runt.
660 2836 752 2891 Sic
789 2837 929 2891 enim
969 2837 1127 2892 habet.
1160 2838 1467 2905 Scriptura:
1493 2857 1511 2890 ι
1547 2838 1612 2892 Ει
1638 2840 1854 2892 divertit
1885 2839 2046 2893 Israel

479 2928 535 2982 in
581 2925 774 2990 Setim,
798 2934 851 2981 et
880 2927 1276 2981 contaminatus
1300 2935 1381 2981 est
1421 2926 1676 2998 populus,
1714 2938 1772 2982 ut
1808 2928 2046 2982 fornica-

479 3028 628 3073 retur
654 3020 705 3073 in
740 3018 879 3072 tilias
918 3017 1093 3072 Moab.
1137 3018 1203 3071 Et
1227 3027 1562 3073 vocaverunt
1599 3033 1690 3074 eos
1744 3020 1807 3072 ad
1869 3018 2041 3074 sacri-

2144 1848 2339 1916 στὴρια
2362 1862 2375 1877 ·
2404 1848 2497 1900 καὶ
2526 1847 2686 1918 δόξης
2712 1847 2849 1913 ἰδίας
2874 1847 3300 1919 ἀποστεροῦντες
3337 1848 3486 1909 Θεὸν,
3514 1847 3721 1917 ταύτην

2141 1937 2401 1991 ἀνέθεσαν
2431 1940 2542 2000 τοῖς
2568 1937 2847 2005 γλυπτοῖς.
2897 1938 3056 1992 Ἀλλὰ
3087 1935 3245 1991 τοῦτο
3279 1938 3510 2007 ποιήσας
3548 1939 3577 1989 6
3616 1937 3715 1989 Ἱσο

2145 2026 2317 2096 ραὴλ,
2360 2047 2378 2080 ι
2429 2028 2709 2092 Ἀπέθανε,
2752 2028 2909 2098 φησι,
2954 2027 3047 2081 καὶ
3080 2028 3239 2082 πάλιν
3284 2027 3575 2098 προσέθετο
3620 2026 3721 2080 τοῦ

2148 2117 2768 2189 ἀμαρτάνειν.»”ομοιον
2793 2118 2869 2182 ὡς
2896 2119 2944 2170 εί
2974 2118 3141 2187 λέγοι,
3176 2118 3501 2172 κεκόλασται
3528 2117 3720 2187 δεδρα-

2149 2204 2280 2268 κὼς,
2312 2204 2643 2275 ὼλὸθρευται
2686 2206 2967 2276 τολμήσας
2990 2243 3004 2269 ,
3030 2204 3173 2273 ἔγνω
3213 2203 3307 2256 τοῦ
3328 2204 3598 2257 Δεσπότου
3619 2204 3721 2274 τὴν

2140 2298 2548 2368 ἀγανάκτησιν,
2589 2298 2669 2361 εἰς
2713 2290 2852 2368 αἷμα
2890 2297 2990 2369 τὴν
3028 2297 3184 2367 δίκην
3210 2298 3322 2359 τοῖς
3346 2294 3721 2365 πλανωμένοις

2142 2390 2457 2458 ἐπάγοντος.
2490 2390 2600 2444 Kal
2626 2389 2725 2459 τῆς
2754 2388 2948 2442 ἑαυτοῦ
2977 2389 3296 2460 σκαιότητος
3326 2388 3588 2458 κατέληξε
3615 2387 3721 2458 μὲν

2127 2480 2409 2551 οὐδαμῶς.
2462 2480 2639 2551 Ἀλοίη
2678 2480 2720 2533 δ’
2771 2479 2837 2534 ἂν
2885 2479 3084 2550 μᾶλλον
3129 2478 3215 2548 ἐφ’
3254 2478 3463 2550 ἑτέροις
3509 2495 3571 2531 τε
3622 2477 3723 2531 καὶ

2146 2568 2281 2634 ῐσοις
2330 2570 2692 2641 ἐγκλήμασιν.
2751 2570 2985 2639 Ἀνέγνω
3025 2570 3124 2639 μὲν
3157 2570 3268 2641 γὰρ
3306 2572 3364 2623 ἐν
3389 2572 3501 2633 τοῖς
3539 2567 3723 2639 Ἀριθ-

2148 2663 2302 2731 μοῖς,
2340 2661 2423 2714 ὅτι
2454 2661 2892 2733 πεπορνεύκασιν
2935 2663 2985 2714 οἰ
3029 2662 3136 2715 υἱοὶ
3178 2661 3416 2733 Ἰσραὴλ,
3453 2664 3726 2715 ἐκκεκαυ-

2149 2754 2297 2822 μένοι
2328 2753 2464 2822 πρὸς
2508 2753 2772 2816 ἐκτύπους
2817 2752 3011 2822 ἡδονὰς
3030 2793 3045 2817 ,
3073 2753 3167 2806 καὶ
3202 2755 3325 2815 ταῖς
3356 2752 3465 2806 τῶν
3492 2753 3726 2807 Μωαϐι-

2144 2844 2253 2897 τῶν
2295 2844 2641 2913 προσέκειντο
2702 2844 2969 2912 γυναιξίν.
3006 2839 3174 2908 Εἶτα,
3207 2843 3364 2907 δίκας
3410 2844 3504 2896 ἐπὶ
3547 2843 3725 2914 τούτῳ

2144 2934 2245 2997 τὰς
2284 2934 2510 2986 ἁπασῶν
2558 2932 2793 3004 ἐσχάτας
2834 2932 3142 3005 ἐξῄτηνται.
3185 2936 3339 3005 Ἔχει
3371 2934 3428 2989 δέ
3467 2934 3608 2989 οὕτω
3654 2936 3726 2989 τὰ

2149 3022 2544 3093 Γεγραμμένα·
2595 3042 2613 3076 ι
2653 3025 2764 3077 Kal
2810 3024 3106 3078 κατέλυσεν
3147 3024 3362 3096 Ἰσραὴλ
3413 3027 3470 3078 ἐν
3512 3027 3724 3095 Σετὶμ,

457 3109 599 3164 .ticia
622 3108 885 3163 idolorum
916 3121 1156 3174 suorum;
1192 3115 1246 3160 et
1280 3108 1512 3162 comedit
1535 3108 1759 3178 populus
1785 3111 1849 3163 de
1873 3110 2041 3163 sacri-

2149 3082 2581 3184 ’ἐὸεδηλώθη
2624 3117 2652 3168 6
2678 3114 2807 3177 λαὸς
2836 3115 3196 3185 ἐκπορνεῦσαι
3224 3082 3329 3179 ἐιέ
3367 3116 3465 3180 τὰς
3496 3082 3725 3183 θυγατέἐ

484 3198 622 3253 liciis
668 3212 855 3252 eorum
894 3208 949 3252 et
982 3197 1222 3253 adoravit
1252 3197 1392 3251 idola
1445 3212 1653 3264 eorum,
1697 3209 1749 3253 et
1806 3200 2046 3255 initiatus

454 3300 560 3346 est
621 3290 782 3345 Israel
818 3290 1168 3360 Beelpbegor,
1215 3299 1269 3343 et
1308 3290 1478 3345 iratus
1516 3298 1599 3345 est
1650 3291 1831 3345 furore
1869 3290 2046 3345 Domi-

472 3397 579 3436 nus
609 3380 813 3449 Israeli,
843 3390 898 3435 et
924 3381 1059 3436 dixit
1089 3380 1349 3436 Dominus
1401 3379 1597 3452 Moysi:
1628 3381 1827 3451 Accipe
1858 3395 2045 3436 omnes

476 3473 638 3527 duces
672 3470 875 3541 populi,
908 3480 963 3525 et
991 3471 1181 3526 traduc
1206 3484 1299 3526 eos
1330 3470 1558 3525 Domino
1592 3480 1780 3526 contra
1832 3473 2003 3527 solem
2024 3512 2041 3537 ,

455 3568 531 3615 ~ct
564 3568 835 3613 avertetur
864 3559 1024 3628 180
1058 3560 1135 3614 ira
1189 3559 1389 3615 furoris
1415 3560 1623 3615 Domini
1662 3561 1729 3616 ab
1763 3560 1949 3616 Israel.
1979 3561 2047 3615 Et

477 3650 613 3704 dixit
641 3649 850 3720 Moyses
896 3650 1139 3705 tribubus
1174 3650 1338 3705 Israel
1374 3650 1639 3706 :Occidat
1666 3652 2043 3721 unusquisque

476 3740 831 3796 domesticum
857 3754 1011 3800 suum
1059 3741 1149 3809 qui
1186 3742 1513 3797 sacriﬁcavit
1564 3742 1895 3813 Beelphegor
1927 3746 1992 3797 ⁷³.
2021 3763 2039 3796 ι

459 3831 587 3887 τινιοο
612 3840 792 3900 strage
820 3844 927 3885 non
951 3830 1233 3885 mediocris
1255 3831 1538 3886 multitudo
1559 3847 1626 3888 ex
1645 3832 1806 3887 Israel
1831 3834 2041 3890 cecidit.

477 3922 612 3976 Vide
637 3920 803 3990 igitur
847 3921 1116 3990 quomodo
1147 3920 1327 3986 Israel,
1360 3921 1700 3990 temporibus
1732 3921 1929 3993 Moysis
1956 3923 2045 3992 ju-

457 4012 823 4067 stiticationes
878 4011 972 4067 Dei
1004 4011 1160 4067 idolis
1224 4011 1478 4077 offerens,
1539 4012 1920 4069 miserabiliter
1973 4016 2047 4071 sit

474 4105 1037 4160 mortuuszseducms
1103 4104 1268 4167 enim,
1326 4104 1748 4174 propinquorum
1810 4104 2041 4175 gladiis,

477 4212 581 4249 non
641 4194 816 4249 aliena
884 4210 1043 4249 manu
1116 4194 1503 4249 trucidabatur.
1557 4195 1753 4250 Verum
1798 4199 2045 4266 apposuit

474 4300 724 4352 peccare.
760 4284 1025 4339 Fecerunt
1079 4287 1219 4340 euim
1260 4285 1360 4340 sibi
1409 4285 1675 4342 cuntiatile
1710 4303 1955 4351 aureum,
1992 4296 2047 4342 et

472 4391 637 4445 opera
664 4376 906 4440 artiﬁcis,
938 4385 993 4429 et
1024 4376 1274 4441 opiticum
1316 4378 1521 4431 artibus
1554 4377 1857 4431 elaboratos
1887 4379 2039 4432 deos.

480 4464 671 4518 lrridet
702 4474 879 4516 autem
925 4462 1104 4531 aliquo
1148 4464 1304 4517 modo
1330 4478 1515 4517 eorum
1562 4466 1871 4519 vanitatem.
1903 4467 2041 4520 Deos

476 4555 618 4609 enim
647 4552 937 4608 credebant
959 4566 1110 4620 esse,
1134 4567 1267 4621 quos
1325 4554 1533 4622 ipsimet
1562 4554 1808 4610 fabricati
1862 4568 2040 4612 erant.

478 4645 748 4700 Exclamet
780 4642 938 4709 igitur
968 4652 1151 4696 contra
1182 4644 1278 4697 hos
1300 4643 1608 4699 Psalmista:
1636 4665 1656 4698 ι
1691 4646 1908 4704 Similes
1941 4651 2042 4706 illis

2153 3222 2250 3275 ρας
2273 3205 2468 3271 Μωὰό,
2500 3206 2594 3258 καὶ
2620 3206 2883 3261 ἐκάλεσαν
2917 3208 3118 3269 αὐτοὺς
3155 3208 3237 3270 είς
3265 3208 3362 3271 τὰς
3401 3207 3592 3271 θυσίας
3616 3208 3726 3261 τῶν

2148 3298 2377 3351 εἰδώλων
2406 3298 2604 3351 αὐτῶν.
2650 3299 2759 3351 Kal
2796 3297 2967 3367 ἔφαγε
3014 3299 3042 3350 6
3093 3298 3222 3361 λαὸς
3259 3300 3367 3351 τῶν
3400 3298 3599 3352 θυσιῶν
3632 3302 3728 3353 αὑ-

2146 3389 2276 3452 τῶν,
2326 3388 2421 3441 καὶ
2469 3389 2883 3460 προσεκύνησαν
2929 3391 3041 3452 τοῖς
3096 3388 3335 3453 εἰδώλοις
3378 3390 3594 3453 αὐτῶν,
3629 3392 3727 3445 καὶ

2148 3478 2400 3548 ἐτελέσθη
2445 3479 2661 3551 Ἰσραὴλ
2690 3480 2767 3550 τῷ
2791 3478 3134 3550 Βεελφεγὼρ,
3170 3481 3262 3534 καὶ
3287 3480 3530 3552 ὠργίσθη
3567 3481 3726 3553 θυμῷ

2148 3570 2350 3642 Κύριος
2391 3570 2467 3640 τῷ
2508 3572 2743 3644 Ἰσραήλ.
2794 3570 2898 3626 Kal
2949 3568 3070 3626 εἷπε
3112 3573 3316 3644 Κύριος
3364 3572 3441 3645 τῷ
3490 3574 3723 3646 Μωῦσῇ’

2140 3659 2193 3714 Λ
2205 3660 2302 3714 άόε
2343 3661 2552 3725 πάντας
2576 3665 2701 3726 τοὺς
2731 3663 3006 3735 ἀρχηγοὺς
3032 3662 3127 3715 τοῦ
3160 3663 3314 3729 λαοῦ,
3336 3664 3429 3717 καὶ
3462 3665 3727 3736 παραδει-

2158 3753 2424 3821 γμάτισον
2478 3754 2675 3817 αὐτοὺς
2713 3754 2921 3825 Κυρίῳ,
2952 3754 3214 3807 ἀπέναντι
3271 3755 3366 3808 τοῦ
3412 3755 3585 3827 ἡλίου,
3629 3758 3727 3811 καὶ

2146 3845 2623 3915 ἀποστραφήσεται
2668 3845 2805 3917 ὀργὴ
2861 3845 3032 3917 θυμοῦ
3072 3846 3275 3918 Κυρίου
3324 3848 3431 3902 ἀπὸ
3483 3849 3724 3921 Ἰσραήλ.

2147 3937 2256 3990 Kal
2284 3932 2401 3989 εἷπε
2421 3938 2659 4007 Μωῦσῆς
2687 3940 2806 4001 ταῖς
2835 3938 3025 4007 φυλαῖς
3064 3938 3310 4010 Ἰσραὴλ,
3335 3940 3723 3999 Ἀποκτείνατε

2141 4028 2376 4091 ἕκαστος
2393 4029 2483 4081 τὸν
2512 4032 2708 4083 οἰκεῖον
2735 4030 2923 4095 αὑτοῦ,
2943 4031 3034 4083 τὸν
3061 4030 3444 4101 τετελεσμένον
3462 4032 3541 4102 τῷ
3562 4032 3724 4086 Βεελ-

2148 4119 2354 4191 φεγώρ.
2392 4139 2410 4173 ι
2450 4116 2524 4174 Oi)
2543 4120 2607 4192 δὴ
2633 4122 2727 4175 καὶ
2759 4122 2838 4185 εἰς
2868 4122 3037 4193 πέρας
3064 4121 3446 4192 ἐνηνεγμένου,
3467 4125 3724 4177 πέπτωκε

2149 4212 2356 4280 πληθὺς
2385 4212 2445 4265 οὐ
2493 4212 2689 4283 μετρία
2718 4211 2911 4293 τῶνιέξ
2956 4213 3198 4283 Ἰσραήλ.
3251 4213 3440 4285 Ἀθρει
3485 4214 3549 4285 δὴ
3602 4210 3721 4281 οῦν,

2151 4300 2231 4352 ὅτι
2262 4301 2555 4369 προσάγων
2598 4300 2668 4354 τὰ
2712 4300 2804 4353 τοῦ
2862 4299 2997 4354 Θεοῦ
3028 4301 3370 4373 δικαιώματα
3418 4304 3563 4356 κατὰ
3594 4306 3724 4369 τοὺς

2148 4392 2424 4454 Μωῡσέως
2449 4392 2671 4462 χρόνους
2701 4394 2728 4445 6
2760 4392 2993 4463 Ἰσραὴλ,
3021 4394 3287 4447 ἀπέθανεν
3309 4396 3560 4466 οἰκτρῶς.
3598 4398 3724 4448 Ἀπ-

2147 4481 2408 4549 εσφάζετο
2425 4482 2494 4549 γὰ
2501 4500 2533 4552 ρ
2549 4484 2576 4535 6
2590 4483 3004 4554 πεπλανημένος
3019 4486 3129 4548 τοῖς
3143 4486 3251 4537 τῶν
3262 4487 3477 4539 οἰκείων
3489 4488 3720 4557 ξίφεσιν,

2147 4568 2246 4620 οὐκ
2278 4569 2456 4639 ὀθνείᾳ
2511 4570 2685 4640 χειρί·
2726 4572 2861 4626 ἀλλὰ
2915 4573 3209 4644 προσέθετο
3263 4575 3321 4628 τὸ
3361 4577 3719 4646 ἁμαρτάνειν.

2150 4658 2488 4731 Πεποιήκασι
2552 4663 2661 4729 γὰο
2732 4664 2944 4728 ἑαυτοῖς
2994 4664 3247 4736 χώνευμα
3308 4666 3568 4736 χρυσοῦν,
3626 4670 3722 4722 καὶ

479 4739 608 4790 tiant
631 4737 717 4805 qui
745 4735 947 4789 faciunt
968 4742 1123 4797 ea,et
1143 4748 1330 4788 omnes
1351 4734 1442 4802 qui
1481 4737 1753 4793 conﬁdunt
1793 4741 1848 4794 in
1872 4743 1951 4797 eis
1971 4743 2037 4797 τ’.

2148 4747 2284 4819 ἔργα
2313 4750 2597 4819 τέκτονος,
2649 4754 2744 4806 καὶ
2794 4757 3133 4827 τεχνουργῶν
3174 4734 3510 4828 ἐπιστήμαις
3550 4760 3723 4813 ἐκπε-

481 4828 807 4897 ποιημὲνους
840 4824 1013 4889 θεούς.
1058 4825 1362 4919 Ἐπιμειδιᾷ
1392 4826 1450 4880 δὲ
1491 4827 1678 4901 ὥσπερ
1738 4835 1858 4895 ταῖς
1900 4835 2081 4890 αὐτῶν
2119 4840 2532 4909 εἰκαιοὸουλίαις
2577 4847 2605 4898 6
2640 4846 2817 4914 λόγος.
2858 4824 3047 4911 ίΘεοῦς
3090 4848 3198 4919 γὰρ
3235 4824 3394 4902 εἶναί*
3424 4849 3721 4903 πεπιστεύ-

478 4936 655 4982 κασιν,
696 4919 786 4982 οὒς
819 4920 973 4973 αὐτοὶ
1019 4918 1407 4976 τεκταίνουσιν.
1450 4921 1818 4993 Ἐπιφωνείτω
1863 4927 1926 4998 δὴ
1960 4925 2053 4983 οὖν
2116 4933 2207 4988 καὶ
2239 4935 2447 5000 τούτοις
2482 4939 2509 4991 6
2567 4938 2903 5009 Ψαλμῳδός·
2956 4958 2976 4991 ι
3018 4918 3231 5007 Ὅμοιοι
3268 4941 3451 5003 αὐτοῖς
3482 4942 3725 5008 γένοιντο

479 5010 527 5059 οἱ
577 5009 851 5073 ποιοῦντες
904 5011 1062 5077 αὐτὰ,
1114 5013 1209 5065 καὶ
1254 5013 1455 5077 πάντες
1502 5016 1551 5067 οἰ
1594 5016 1910 5082 πεποιθότες
1958 5022 2044 5074 ἐπ’
2077 5026 2276 5089 αὐτοῖς.
2308 5045 2325 5077 ι

554 5094 714 5150 Vens.
742 5099 795 5150 5.
852 5097 963 5167 Ipsi
988 5103 1163 5155 dicunt
1192 5117 1211 5154 .'
1249 5102 1528 5160 Immolete
1570 5106 1824 5175 homines,
1897 5111 2041 5165 vituli

478 5188 615 5242 enim
668 5188 986 5255 defecerunt.
1028 5190 1237 5246 Idcirco
1285 5205 1434 5249 erunt
1473 5198 1625 5265 quasi
1666 5198 1828 5255 nubes
1861 5211 2042 5255 matu-

477 5282 608 5344 tina,
647 5289 694 5331 et
723 5278 853 5331 sicut
888 5295 973 5333 ros
1020 5285 1306 5339 matutinus
1371 5293 1743 5355 pertransiens,
1798 5303 1849 5347 et
1908 5295 2040 5347 sicut

473 5370 636 5439 pulvis
665 5369 959 5438 cxsuﬂlutus
994 5372 1056 5423 ab
1098 5387 1244 5435 area,
1293 5384 1343 5428 et
1383 5379 1514 5431 sicut
1553 5397 1711 5448 vapor
1744 5401 1775 5437 α
1816 5387 2039 5438 camino.

550 5634 596 5666 ⁷⁸
630 5633 786 5689 Num.
823 5651 945 5700 xxv,
985 5636 1099 5690 1-5.
1172 5638 1219 5668 ’⁸⁸
1256 5637 1389 5693 Psal.
1427 5654 1576 5705 eam,
1613 5644 1665 5697 8.

2215 5119 2393 5171 Αὐτοὶ
2418 5120 2686 5189 λέγουσι·
2712 5123 2941 5175 Θύσατε
2968 5120 3333 5189 ἀνθρώπους,
3356 5123 3579 5191 μόσχοι
3603 5123 3714 5190 γὰρ

2146 5205 2556 5262 ἐκλελοίπασι.
2586 5210 2688 5263 Διά
2714 5211 2892 5264 τοῦτο
2918 5210 3161 5264 ἔσονται
3187 5211 3266 5276 ὡς
3293 5210 3514 5279 νεφέλη
3536 5219 3715 5278 πρωϊ-

2144 5292 2243 5360 νὴ,
2286 5296 2383 5348 καὶ
2423 5297 2500 5361 ὡς
2534 5295 2751 5364 δρόσος
2778 5297 3020 5367 ὀρθρινὴ
3067 5298 3436 5367 πορευομένη
3459 5337 3474 5362 ,
3513 5298 3611 5352 καὶ
3640 5299 3721 5363 ὡς

2146 5385 2332 5453 χνοὺς
2357 5387 2829 5457 ἀπορηυσώμενος
2872 5390 2970 5458 ἀρ’
2998 5389 3228 5455 ἅλωνος
3247 5430 3262 5453 ,
3296 5388 3392 5443 καί
3422 5390 3502 5455 ὡς
3544 5389 3721 5458 ἀτμὶς

2146 5478 2263 5530 ἀπὸ
2293 5479 2675 5549 καπνοδόκης
2692 5526 2698 5538 ,
