3954 6208
312 274 409 331 διι

1227 267 1778 327 COMMENTARIUS
1816 269 1885 324 ιιι
1927 270 2158 328 OSEAM
2200 272 2643 332 PROPHETAM.

3452 289 3560 343 302

377 385 809 446 ΡΜΖ¹.Δίτιᾶται
834 386 1015 453 πάλιν,
1039 387 1119 441 δτι
1146 388 1223 459 μὴ
1252 389 1411 459 μόνον
1430 387 1871 459 δεδυσσεϐήκασι,

2054 389 2303 447 CXLVII.
2355 392 2714 463 Conqueritur
2762 412 2993 463 rursum,
3031 399 3175 468 quod
3232 415 3336 455 non
3385 404 3557 459 solum

307 481 424 538 κατ’
461 478 650 534 είκόνα
684 477 919 532 εἰδώλων
970 478 1032 532 τὸ
1070 478 1222 549 παρά
1251 477 1388 533 Θεοῦ
1440 478 1594 533 δοθὲν
1620 479 1883 551 ἀργύριον

304 570 741 634 διαπλάττοντες,
788 569 884 623 καὶ
909 572 1020 633 τοῖς
1049 569 1157 624 ἀπὸ
1178 568 1335 634 ξύλου
1360 570 1453 623 καὶ
1478 570 1639 625 λίθων
1662 587 1884 641 πεποιη-

309 654 490 734 μένοις
534 661 599 716 τὸ
650 662 748 732 τῆς
792 660 947 725 θείας
996 661 1155 732 δόξης
1208 661 1633 732 ἐπιφημίζοντες
1676 662 1879 731 ὗνομα,

302 754 439 810 ἀλλὰ
470 754 579 825 γάρ
607 754 703 808 καὶ
743 755 824 819 είς
854 753 1014 806 τοῦτο
1061 751 1397 806 κατώλισθον
1433 752 1700 823 ἀμαθίας,
1742 753 1881 823 μᾶλον

301 844 391 897 λον
418 843 475 897 δὲ
507 843 849 914 σκαιότητος,
891 843 988 896 καὶ
1018 842 1430 914 ἀπανθρωπίας,
1462 843 1557 896 καὶ⁸
1588 843 1882 913 θηριοπρε-

301 936 437 997 ποῦς
459 937 785 1006 ἀγριότητος
822 935 858 1006 ἢ
887 935 983 988 καὶ
1008 933 1089 988 ἔτι
1119 934 1322 989 τούτων
1345 936 1619 1000 ἐπέκεινα,
1645 935 1721 998 ὡς
1748 935 1881 1006 μηδὲ

296 1027 482 1081 αὐτῶν
530 1026 641 1079 τῶν
690 1026 837 1079 ίδίων
870 1024 1145 1094 φείδεσθαι
1199 1025 1425 1079 τέκνων.
1483 1026 1879 1095 Ἀποσφάττειν

293 1119 351 1171 δὲ
404 1117 548 1170 αὐτά
589 1119 705 1181 τοῖς
763 1117 1003 1187 δαίμοσι,
1061 1116 1237 1171 καίτοι
1292 1117 1762 1187 κατεστυγηκότος
1817 1116 1881 1171 τὸ

294 1209 484 1279 χρῆμα
506 1208 664 1275 Θεοῦ,
692 1210 785 1263 καὶ
810 1210 916 1264 οὐδ’
940 1210 1006 1264 ἂν
1030 1210 1202 1282 αὐτὴν
1230 1210 1599 1280 ἀνασχομένου
1626 1211 1755 1264 ποτὲ
1776 1210 1880 1283 τὴν

292 1297 480 1367 φωνὴν
517 1298 551 1369 ἢ
589 1300 763 1352 είπείν
788 1298 1078 1370 ὲτέροις,ἢ
1112 1298 1244 1367 γοῦν
1282 1298 1511 1354 ἀκοῦσαι
1537 1300 1689 1371 παρά
1709 1317 1873 1365 τινος.

290 1390 365 1441 ού
393 1388 506 1459 γὰρ
549 1389 877 1460 φιλαίματος
908 1393 938 1445 ὁ
972 1392 1274 1463 Δεσπότης,
1321 1390 1445 1445 οὕτε
1493 1392 1600 1463 μὴν
1627 1394 1720 1447 ἐπὶ
1755 1396 1876 1458 ταῖς

288 1480 397 1533 τῶν
439 1480 747 1551 ἀνθρώπων
784 1482 973 1552 ἣδεται
1004 1482 1399 1562 καταφθοραῖς.
1454 1484 1660 1539 Πολλοῦ
1689 1502 1753 1553 γε
1778 1485 1874 1540 καὶ

285 1572 384 1626 δεῖ.
443 1573 674 1626 Ἐκτισε
720 1574 829 1644 γὰρ
873 1574 955 1638 είς
982 1573 1041 1627 τὸ
1089 1568 1232 1628 εἶναι
1277 1574 1347 1628 τά
1384 1576 1594 1641 πάντα,
1632 1577 1771 1631 κατά
1813 1577 1874 1631 τὸ

285 1664 698 1736 γεγραμμένον,
724 1664 822 1717 καὶ
862 1664 1121 1736 σωτήριοι
1144 1666 1203 1718 αί
1245 1666 1490 1735 γενέσεις
1516 1665 1611 1722 τοῦ
1640 1668 1869 1741 κόσμου.

1986 482 2149 549 impie
2176 484 2405 551 egerint,
2433 486 2685 545 donatum
2705 502 2734 540 a
2762 488 2870 543 Deo
2890 502 3171 559 argentum
3193 493 3247 547 in
3265 494 3559 564 imaginem

1986 568 2247 623 idolorum
2306 571 2773 643 transformantes,
2807 586 2862 632 et
2892 592 2922 631 e
2962 578 3107 647 ligno
3163 595 3228 636 ac
3290 582 3559 651 lapidibus

1983 658 2260 714 fabricatis
2284 660 2479 717 divina:
2530 665 2713 734 glorize
2772 682 2964 722 nomen
3034 671 3401 737 ascribeutes,
3462 676 3558 729 sed

1982 749 2147 804 etiam
2176 764 2242 806 eo
2274 752 2525 819 inscitiae,
2559 756 2667 811 imo
2718 759 2979 823 stultitiae,
3016 770 3069 815 et
3101 761 3471 829 immanitatis,
3502 775 3558 819 et

1980 840 2169 896 ferinae
2225 844 2470 911 sazvitiaz,
2500 848 2661 901 autsi
2687 850 2817 917 quid
2864 851 2948 906 his
2993 853 3165 923 majus
3186 864 3293 919 est,
3352 856 3557 926 delapsi

1980 932 2110 995 sint,
2140 941 2198 986 ut
2227 946 2294 988 ne
2318 933 2442 989 [illis
2472 936 2689 1003 quidem
2724 940 2838 993 suis
2885 953 3189 1010 parcerent,
3216 958 3402 998 verum
3458 960 3555 1001 eos

1981 1019 2314 1077 daemonibus
2358 1022 2720 1090 immolarent,
2759 1030 2970 1084 tametsi
3003 1031 3145 1087 Deus
3169 1031 3373 1087 factum
3402 1035 3555 1089 odis-

1980 1120 2063 1166 set
2089 1110 2247 1176 adeo,
2282 1121 2337 1166 ut
2371 1127 2439 1167 ne
2480 1112 2647 1182 ipsam
2674 1118 2890 1185 quidem
2927 1134 3110 1175 vocem
3152 1122 3269 1190 ejus
3303 1124 3385 1177 vcl
3434 1125 3555 1181 aliis

1980 1203 2288 1270 dicere,;vel
2316 1204 2382 1257 ab
2404 1204 2522 1262 aliis
2544 1207 2733 1263 audire
2754 1211 3065 1266 sustineret.
3110 1212 3224 1269 Non
3254 1216 3396 1270 enim
3424 1230 3555 1285 gau-

1978 1296 2068 1349 det
2110 1296 2373 1364 sanguine
2422 1296 2715 1365 Dominus,
2782 1315 2882 1357 nec
2920 1304 3221 1371 perditione
3274 1308 3553 1362 hominum

1976 1381 2190 1438 laetatur
2217 1385 2283 1438 ".
2334 1385 2516 1457 Longe
2559 1390 2731 1445 abest.
2777 1392 2993 1447 Creavit
3034 1395 3177 1448 enim
3248 1398 3430 1451 omnia
3495 1410 3556 1453 ut

1977 1484 2159 1532 essent
2188 1477 2363 1549 (sicut
2392 1481 2652 1551 scriptum
2677 1490 2762 1537 est
2790 1482 2830 1555 ),
2880 1494 2935 1540 et
2960 1485 3227 1541 salutares
3278 1498 3407 1541 sunt
3463 1504 3556 1558 ge-

1976 1570 2287 1627 nerationes
2315 1572 2501 1627 mundi
2533 1573 2601 1627 ⁷⁸.
2637 1572 2745 1629 Sed
2786 1575 2951 1629 draco
2980 1585 3247 1644 apostata,
3290 1586 3350 1631 ut
3405 1594 3554 1633 mor-

1976 1660 2047 1717 tis
2092 1661 2339 1716 inventor
2368 1670 2422 1717 et
2454 1676 2670 1730 parens,
2708 1664 2986 1718 hominum
3021 1666 3258 1722 caedibus
3319 1668 3555 1724 delecta-

296 1754 523 1825 Ἐπειδὴ
572 1754 632 1807 δέ
666 1757 781 1807 ἐστι
816 1753 1047 1809 θανάτου
1070 1754 1164 1809 καὶ
1194 1756 1423 1827 εὑρετὴς
1451 1758 1545 1812 καὶ
1567 1759 1871 1831 πρόξενοςό

1979 1757 2085 1804 tur.
2114 1748 2324 1806 Nudum
2355 1752 2518 1822 igitur
2547 1768 2852 1809 sermonem
2886 1770 3103 1824 quoque
3142 1774 3303 1827 super
3349 1760 3434 1815 his
3470 1762 3555 1813 in-

282 1847 504 1917 δράκων
524 1844 553 1897 ὁ
582 1845 915 1915 ἀποστάτης,
937 1845 1110 1919 ταύτῃ
1129 1864 1211 1901 τοι
1229 1850 1348 1912 ταῖς
1364 1849 1666 1919 ἀνθρώπων
1687 1851 1871 1921 ἥδεται

284 1938 546 2005 σφαγαῖς.
577 1935 700 1988 Ὅτι
732 1936 910 1990 τοίνυν
933 1938 1031 1991 καὶ
1056 1937 1210 2006 ψιλὸς
1237 1940 1265 1992 ό
1286 1938 1379 1991 ἐπὶ
1406 1939 1580 2012 τούτῳ
1601 1940 1757 2009 λόγος
1783 1960 1875 2013 με-

282 2028 520 2099 μίσηται
557 2029 708 2100 παρά
747 2028 897 2099 Θεῷ,
937 2029 1218 2101 διατρανοϊ
1259 2032 1471 2101 λέγων’
1528 2051 1548 2086 ι
1576 2034 1739 2088 Αύτοὶ
1781 2017 1871 2090 λέ-

280 2135 462 2189 γουσι,
488 2120 702 2174 Θύσατε
726 2119 1066 2191 ἀνθρώπους,
1090 2122 1404 2195 μόσχοιγάρ
1430 2125 1821 2180 ἐκλελοίπασιν.
1848 2147 1867 2179 ι

279 2212 390 2265 οὐκ
425 2212 588 2283 ἐμὸς,
616 2212 803 2282 φησιν,
834 2214 864 2265 ό
891 2212 1061 2281 λόγος,
1093 2213 1203 2267 οὐδ’
1221 2214 1287 2271 ἂν
1308 2217 1517 2288 εἴποιμί
1547 2235 1677 2272 ποτε
1696 2219 1873 2273 τοιάν-

277 2303 330 2356 bs
367 2306 587 2376 φωνήν.
634 2304 799 2358 Αὐτοὶ
844 2303 903 2358 δέ
957 2322 1121 2374 φασιν
1159 2306 1210 2359 oi
1241 2307 1350 2362 τῶν
1406 2309 1678 2379 δαιμόνων
1712 2309 1871 2381 θερα-

278 2395 510 2467 πευταὶ,
554 2394 617 2448 τὸ
640 2395 750 2449 δεῖν
798 2394 1123 2467 ἀνθρώπους
1154 2398 1449 2454 καταθύειν
1487 2401 1689 2465 αὐτοῖς.
1740 2398 1871 2456 Εἶτα

277 2487 508 2557 διαγελᾷ
558 2487 658 2559 τὴν
706 2486 917 2557 σκέψιν,
971 2489 1066 2542 καὶ
1112 2488 1362 2561 διασύρει
1424 2490 1485 2544 τὸ
1524 2492 1869 2564 ἐγχείρημα,

278 2578 641 2651 προστιθεὶς,
702 2579 798 2633 καὶ
843 2579 1049 2648 λέγων’
1085 2579 1335 2652 (Μόσχοι
1382 2582 1514 2653 γὰρ,
1544 2601 1563 2635 ι
1621 2584 1763 2638 κατὰ
1810 2585 1873 2637 τὸ

278 2673 449 2739 είκδς,
489 2692 509 2725 ι
532 2673 633 2725 ούκ
659 2668 803 2743 ἦσαν
832 2673 1035 2736 αὐτοῖς.
1073 2691 1093 2726 s
1122 2674 1220 2729 Διά
1246 2674 1405 2728 τοῦτο
1426 2677 1755 2747 τετιμήκασι
1774 2677 1871 2749 τὴν

278 2765 662 2837 ὼδροφονίαν.
689 2764 827 2819 Ἀλλ’
852 2763 1014 2830 έστω,
1042 2766 1199 2836 φησι,
1227 2765 1597 2836 πεπλάνησθε,
1624 2767 1718 2819 καὶ
1746 2767 1872 2831 τοὺς

277 2857 557 2927 γλυπτούς
584 2874 667 2924 τε,
698 2857 792 2911 καὶ
826 2858 1134 2927 χωνευτοὺς
1173 2859 1508 2929 τετιμήκατε
1544 2857 1720 2921 θεούς.
1754 2860 1871 2911 Ἵνα

276 2951 324 3006 τί
348 2952 448 3006 καὶ
476 2952 674 3022 αἵμασι
697 2951 823 3015 τοὺς
845 2951 1072 3007 ἐκείνων
1099 2950 1316 3022 βωμοὺς
1336 2950 1727 3016 κατεδεύσατε;
1752 2951 1873 3004 Ἀν-

1976 1842 2149 1896 visum
2183 1856 2303 1899 esse
2335 1844 2442 1899 Deo
2471 1844 2728 1909 declarat,
2751 1846 2976 1901 dicens:
3017 1865 3036 1898 ι
3058 1847 3162 1916 1ρεί
3203 1850 3421 1903 dicunt:
3454 1851 3554 1904 Sa-

1972 1935 2216 1992 crilicate
2247 1936 2515 2003 homines,
2555 1937 2703 1991 vituli
2746 1939 2889 1993 enim
2919 1938 3251 1996 defecerunt.
3276 1958 3295 1993 ι
3326 1939 3442 1996 Νοιι
3470 1954 3556 1998 est

1973 2027 2199 2083 verbum
2267 2043 2467 2093 meum,
2511 2029 2708 2097 inquit,
2750 2044 2849 2084 nec
2879 2046 3115 2100 unquam
3152 2030 3405 2101 loquerer
3449 2048 3553 2103 ego

1973 2122 2301 2191 huiusmodi.
2336 2123 2441 2193 Ipsi
2475 2133 2656 2179 autem
2701 2123 2940 2180 cultores
2994 2125 3293 2181 daemonum
3331 2126 3549 2191 dicunt,

1974 2212 2359 2269 sacrificandos
2403 2214 2471 2269 ab
2502 2229 2561 2270 se
2592 2216 2858 2271 homines.
2890 2216 3093 2272 Deinde
3114 2216 3399 2272 consilium
3429 2218 3553 2272 irri-

1974 2304 2067 2360 det
2106 2312 2161 2361 et
2211 2304 2541 2359 molitionem
2604 2304 2940 2375 perstringit,
3010 2320 3131 2359 cum
3210 2305 3307 2369 ait,
3338 2321 3361 2355 ι
3395 2301 3552 2359 Vituli

1973 2394 2136 2460 enim,
2180 2412 2200 2448 ι
2230 2404 2289 2447 ιιι
2320 2403 2739 2451 consentaneum
2787 2404 2890 2459 est,
2922 2412 2942 2446 ι
2969 2409 3074 2450 non
3127 2403 3285 2450 erant
3336 2395 3486 2464 ipsis,
3524 2412 3548 2447 ι

1974 2486 2179 2541 idcirco
2210 2486 2431 2541 honoris
2456 2499 2617 2540 causa
2639 2486 2840 2541 caedem
2865 2486 3140 2540 hominum
3169 2492 3550 2554 susceperunt.

1977 2577 2133 2647 181
2171 2575 2278 2631 Sed
2333 2587 2469 2642 esto,
2509 2576 2703 2645 inquit,
2733 2576 3069 2643 erraveritis,
3108 2577 3552 2645 sculptilihusque

1974 2677 2028 2722 et
2057 2665 2422 2722 conﬂatilibus
2456 2666 2557 2721 diis
2582 2666 2990 2720 venerationem
3023 2666 3326 2720 tribueritis
3368 2705 3385 2730 ,
3414 2680 3551 2733 qua-

1977 2773 2037 2813 re
2086 2758 2250 2811 etiam
2318 2760 2557 2812 humano
2611 2755 2875 2826 sanguine
2913 2756 3125 2811 illorum
3175 2771 3298 2812 aras
3366 2756 3555 2811 imbui-

1983 2847 2126 2904 stis?
2163 2847 2421 2916 Legimus
2477 2847 2531 2901 in
2572 2846 2725 2902 llbris
2780 2845 3011 2915 Regum,
3067 2846 3236 2901 lilium
3318 2845 3553 2903 Joathan

1974 2938 2142 2995 fuisse
2165 2938 2367 3005 Achaz,
2398 2937 2491 3007 qui
2518 2937 2765 3008 regnavit
2797 2952 2959 3007 super
2989 2937 3220 2992 Judam:
3260 2937 3551 2993 «Ambula-

278 3040 536 3113 ἔγνωμεν
565 3041 621 3094 δὲ
650 3042 707 3095 tv
743 3045 863 3105 ταῖς
892 3041 1227 3106 Βασιλείαις,
1265 3042 1348 3095 ὅτι
1386 3041 1608 3111 γέγονεν
1650 3042 1869 3096 Ἰωάθαν

1976 3032 2049 3085 vit
2090 3044 2214 3084 vero
2254 3030 2308 3083 in
2351 3028 2434 3083 via
2464 3044 2650 3097 regum
2682 3028 2872 3094 Israel,
2899 3038 2954 3083 et
2986 3028 3221 3084 adolevit
3268 3029 3550 3084 incensum

281 3132 389 3195 υίὸς
430 3112 633 3202 ῨἍχάζ,
677 3132 736 3196 δς
794 3130 1146 3187 ἐϐασίλευσεν
1178 3132 1271 3186 ἐπὶ
1309 3132 1402 3187 τὸν
1446 3131 1666 3186 Ἰούδαν’
1706 3149 1724 3183 ι
1762 3132 1867 3185 Πε-

1976 3120 2026 3174 iu
2066 3120 2318 3185 excelsis,
2345 3129 2399 3174 et
2439 3118 2715 3173 transtulit
2738 3118 2906 3175 ﬁlium
2937 3133 3093 3174 suum
3116 3134 3211 3188 per
3241 3120 3418 3188 ignem
3443 3119 3545 3186 ",a

278 3223 551 3295 πόρευταί
583 3241 648 3292 γε
685 3224 792 3295 μὴν
826 3225 883 3278 tv
921 3224 1026 3295 όδῷ
1054 3224 1323 3295 βασιλέων
1362 3223 1606 3296 Ἰσραὴλ,
1636 3224 1730 3277 καὶ
1754 3222 1871 3276 ἐθυ-

281 3316 373 3384 μία
408 3317 519 3386 μὲν
566 3317 625 3370 tv
657 3318 770 3380 τοῖς
820 3315 1041 3386 ὑψηλοῖς
1062 3354 1077 3379 ,
1117 3316 1346 3387 διήγαγε
1392 3316 1450 3369 δὲ
1483 3316 1576 3368 καὶ
1612 3314 1703 3368 τὸν
1738 3314 1866 3367 ἴδιον

278 3408 385 3460 uibv
416 3411 482 3462 tv
516 3408 674 3478 πυρὶ,
713 3426 733 3460 s
778 3408 873 3461 καὶ
903 3410 1017 3473 τοῖς
1050 3408 1349 3480 δαιμονίοις
1392 3408 1659 3461 κατέθυσε
1683 3408 1775 3460 τὸν
1808 3404 1868 3471 ἐξ

280 3499 443 3552 αὑτοῦ
502 3498 697 3568 φύντα,
749 3499 844 3555 καὶ
884 3499 1269 3570 γεγενημένον.
1318 3500 1533 3570 Ἐπειδὴ
1563 3500 1619 3552 δὲ
1642 3498 1867 3553 τοιαῦτα

278 3587 638 3659 δεδράκασιν,
685 3587 935 3655 ἔσονται,
965 3590 1158 3659 φησιν,
1200 3608 1219 3641 ι
1267 3589 1352 3651 Ὠς
1378 3588 1576 3658 νεφέλη
1615 3588 1827 3659 πρωῖνὴ
1850 3629 1864 3652 ,

280 3680 368 3733 καὶ
400 3680 481 3742 ὡς
513 3678 700 3749 δρόσος
720 3720 735 3743 ,
761 3678 837 3742 ὡς
868 3679 1054 3749 χνοῦς,
1091 3679 1184 3732 καὶ
1214 3678 1288 3742 ὡς
1314 3680 1478 3749 ἀτμὶς
1517 3679 1581 3732 ἐκ
1610 3678 1870 3732 καπνοδό-

283 3789 399 3842 χης,
430 3790 447 3823 ι
500 3771 797 3837 τουτέστιν,
843 3770 1023 3840 ὀλίγον
1058 3771 1334 3840 ὀφθέντες,
1387 3770 1698 3841 οἰχήσονται
1733 3768 1868 3840 πρὸς

283 3862 582 3929 ἀπιίιλειαν,
609 3865 704 3917 καὶ
731 3863 1040 3933 βαδιοῦνται
1060 3863 1198 3934 πρὸς
1217 3864 1278 3916 τὸ
1310 3861 1498 3932 μηδέν.
1525 3860 1743 3931 Νεφέλη
1763 3860 1871 3930 γὰρ

286 3952 522 4021 πρωῖνὴ,
560 3953 867 4019 τουτέστιν,
901 3953 1091 4024 ἀχλὺς,
1123 3952 1312 4024 δρόσος
1356 3969 1416 4005 τε
1452 3950 1546 4004 καὶ
1570 3951 1748 4021 χνοῦς,
1779 3952 1871 4003 καὶ

285 4041 446 4111 ἀτμὶς
497 4045 561 4096 ὲκ
614 4044 970 4115 καπνοδόχης,
1029 4042 1409 4114 εύδιαρίπιστά
1468 4043 1615 4105 ἐστι,
1669 4042 1764 4094 καὶ
1810 4042 1869 4093 ὲν

1972 3220 2027 3266 et
2052 3227 2117 3266 ex
2149 3227 2208 3266 se
2235 3222 2412 3266 ortum
2454 3227 2518 3267 ac
2545 3212 2785 3282 genitum
2830 3212 3163 3267 daemonibus
3199 3212 3547 3268 sacriﬁcavit.

1976 3302 2043 3356 Et
2071 3302 2199 3372 quia
2236 3302 2339 3358 ista
2367 3302 2635 3367 fecerunt,
2663 3311 2841 3367 erunt,
2872 3301 3069 3369 inquit,
3092 3320 3113 3353 ι
3140 3311 3197 3355 ιιι
3227 3303 3396 3357 nubes
3432 3318 3549 3357 ma-

1971 3393 2165 3458 tutina,
2200 3400 2257 3447 et
2303 3399 2361 3445 ut
2397 3407 2508 3458 ros,
2540 3402 2598 3445 ut
2640 3390 2834 3459 pulvis,
2866 3397 2924 3443 ut
2987 3405 3154 3459 vapor
3198 3406 3261 3445 ex
3308 3391 3543 3460 camino,

1968 3498 2060 3538 seu
2083 3484 2385 3552 vaporario,
2412 3503 2430 3537 s
2463 3484 2563 3538 hoc
2582 3490 2689 3547 est,
2720 3496 2842 3536 cum
2871 3482 2936 3536 ad
2962 3485 3123 3537 breve
3154 3490 3364 3552 tempus
3384 3498 3551 3553 appa-

1978 3576 2205 3642 ruerint,
2241 3576 2292 3629 in
2321 3575 2546 3630 exitium
2586 3575 2833 3643 abibunt,
2862 3584 2917 3630 et
2952 3576 3003 3630 in
3064 3575 3289 3631 nihilum
3346 3590 3548 3630 evane-

1969 3674 2145 3722 scent.
2183 3665 2365 3722 Nubes
2411 3667 2555 3723 enim
2595 3668 2880 3735 matutina,
2921 3669 3022 3724 hoc
3053 3677 3168 3731 est,
3202 3666 3426 3732 nebula,
3459 3682 3550 3724 rus

1970 3764 2119 3829 item,
2154 3771 2211 3818 et
2239 3762 2432 3833 pulvis,
2456 3770 2510 3817 et
2540 3777 2706 3833 vapor
2743 3778 2805 3818 ex
2844 3763 3055 3819 camino
3118 3762 3277 3818 facile
3333 3762 3549 3817 diillan-

1971 3864 2075 3921 tur,
2107 3863 2159 3909 et
2190 3853 2425 3923 pauxillo
2457 3863 2719 3924 tempore,
2742 3854 2853 3909 imo
2888 3855 3017 3909 hora
3044 3869 3169 3917 una,
3192 3853 3541 3922 dissipantur.

1968 3946 2154 4014 Qualis
2208 3948 2350 4002 enim
2377 3956 2471 4001 aut
2528 3947 2785 4015 pulveris,
2819 3956 2911 4000 aut
2948 3948 3106 4013 roris,
3131 3956 3227 4002 aut
3277 3960 3345 4001 ex
3397 3946 3546 4001 fumo

1969 4039 2269 4094 constantis
2308 4041 2517 4108 vaporis
2556 4038 2938 4093 subsistentia?

287 4129 547 4200 ὀλιγοστῷ
583 4132 873 4202 ,παντελῶς
920 4132 1317 4185 διασκίδνανται
1360 4130 1567 4202 χρόνῳ,
1604 4129 1799 4199 μᾶλλον
1834 4128 1892 4180 δὲ
1952 4128 2047 4180 καὶ
2069 4128 2126 4179 ὲν
2171 4127 2290 4198 ὥρᾳ
2359 4130 2474 4199 μιᾷ.
2502 4128 2635 4179 Ποία
2676 4128 2783 4197 γὰρ
2833 4126 3127 4190 ὑπόστασις
3167 4127 3201 4197 ἢ
3269 4127 3443 4196 χνοδς,
3507 4127 3544 4197 ἢ

284 4222 497 4293 δρόσου,
549 4224 719 4292 ἤγουν
771 4226 871 4295 τῆς
905 4226 968 4278 ὲκ
1003 4224 1213 4279 καπνοῦ
1252 4223 1647 4294 συνισταμένης
1702 4221 1954 4292 ἀτμίδος;

573 4370 955 4456 ΤΟΜΟΣ
1030 4367 1577 4458 ΕΒΔΟΜΟΣ.

2204 4372 2612 4465 TOMUS
2684 4372 3323 4461 SEPTIMUS.

364 4522 509 4591 Ἐγὼ
537 4522 607 4575 δὲ
629 4523 844 4591 Κύριος
866 4527 899 4578 ὀ
939 4526 1083 4591 Θεός
1115 4540 1253 4590 σου,
1288 4528 1321 4579 ὁ
1354 4523 1617 4592 στερεῶν
1636 4523 1743 4577 τὸν
1770 4524 1864 4577 οὐ·

2042 4525 2154 4595 Ego
2172 4534 2344 4578 autem
2381 4522 2635 4577 Dominus
2663 4522 2801 4577 Deus
2831 4533 2973 4587 tuus,
3001 4521 3221 4590 ﬁrmans
3252 4520 3457 4582 cmlum,
3493 4527 3544 4572 et

281 4612 492 4679 ρανὸν,
543 4612 640 4664 καί
685 4612 893 4673 κτίζων
947 4612 1082 4684 γῆν,
1134 4610 1206 4669 οὗ
1241 4617 1303 4668 al
1355 4614 1548 4683 χεῖρες
1610 4614 1862 4669 ἔκτισαν

1976 4635 2149 4673 creans
2198 4628 2414 4681 terram,
2467 4615 2613 4680 cuius
2668 4632 2855 4669 manus
2894 4623 3197 4668 creaverunt
3248 4614 3543 4665 universam

286 4704 491 4759 πᾶσαν
527 4704 642 4771 τὴν
678 4712 967 4773 στρατιὰν
1001 4706 1107 4759 τοῦ
1148 4708 1429 4775 οὐρανοῦ,
1480 4708 1578 4761 καί
1612 4709 1683 4761 οὺ
1715 4724 1865 4776 παρ-

286 4792 481 4860 έδειξά
496 4812 598 4850 σοι
626 4797 799 4860 αὐτὰ,
817 4796 923 4851 τοῦ
940 4798 1299 4865 πορεύεσθαι
1328 4798 1520 4852 ὀπίσω
1549 4796 1851 4867 αὑτῶνῌ).

352 4889 541 4942 ΡΜΗ’.
605 4888 917 4959 Ἐλέγχεταί
976 4906 1095 4953 πως
1143 4890 1229 4943 ἀεὶ
1277 4890 1377 4960 τῆς
1428 4890 1770 4960 ψευδοδοξίας
1806 4892 1867 4943 τὸ

284 4978 515 5042 ἀκαλλὲς
542 4979 641 5048 τῆς
662 4978 893 5046 ἀληθοῦς
919 4979 1172 5047 γνώσεως
1190 4983 1269 5045 είς
1294 4982 1457 5051 μέσον
1482 4981 1863 5051 ὲνηνεγμένης,

285 5072 372 5124 καὶ
409 5072 575 5124 οἱονεὶ
603 5072 777 5141 φωτὸς
800 5073 1209 5143 ἀναλάμποντος
1236 5075 1311 5136 ὠς
1339 5074 1396 5126 tv
1420 5074 1592 5137 νυκτὶ,
1617 5074 1708 5127 καὶ
1733 5074 1860 5126 σκό-

285 5177 380 5231 τῳ,
429 5162 526 5215 τοῦ
574 5163 712 5232 πρὸς
751 5163 1022 5235 ὀρθότητα
1066 5165 1341 5235 λογισμῶν
1394 5163 1860 5231 παιδαγωγοῦντος

286 5251 461 5321 λόγου.
496 5254 617 5308 Ὀτι
653 5255 834 5310 τοίνυν
855 5260 951 5327 τῆς
973 5258 1201 5311 ἀπασῶν
1244 5257 1479 5327 ἐσχάτης
1512 5255 1861 5327 ἀναπιμπλά-

288 5364 435 5416 μενοι
494 5349 837 5412 δυσϐουλίας,
878 5350 1170 5420 ἁθλότητος
1223 5350 1303 5412 είς
1374 5348 1526 5420 λῆξιν
1563 5348 1729 5410 ἰόντες
1764 5348 1863 5418 τὴν

354 5525 397 5555 ⁷⁷
434 5524 567 5579 'l‘ob.
597 5541 679 5591 ιιι,
709 5523 799 5576 92.

364 5680 434 5749 (ι)
469 5678 590 5734 Her
623 5691 746 5737 sunt
792 5680 935 5736 lsaizr
966 5681 1257 5748 prophetw,
1288 5696 1405 5744 XLV,
1438 5679 1519 5732 ib.

874 5526 916 5556 ⁷⁸
948 5528 1071 5594 Sap.
1113 5540 1148 5590 I,
1193 5526 1276 5579 Η.
1355 5525 1398 5555 ⁷³
1430 5523 1493 5579 IV
1528 5522 1658 5596 Reg.
1702 5540 1810 5590 XVI,
1852 5523 1901 5577 5.

1970 4710 2215 4765 militiam
2265 4708 2399 4776 cwli,
2424 4718 2473 4762 et
2509 4725 2612 4761 non
2644 4708 2849 4763 ostendi
2884 4706 2977 4759 tibi
3007 4706 3123 4775 ipsa
3149 4714 3203 4759 ιιι
3243 4702 3542 4757 ambulares

1968 4813 2080 4872 post
2125 4818 2207 4855 ea.

2040 4890 2314 4948 CXLVIII.
2349 4892 2612 4961 Perpetuo
2649 4891 2761 4944 fere
2795 4888 3048 4942 falsarum
3079 4886 3393 4955 opinionum
3426 4892 3543 4939 tur-

1970 4986 2160 5055 pitudo
2180 4985 2610 5054 reprehenditur,
2625 4996 2750 5035 vera
2770 4980 2955 5035 notitia
2985 4980 3035 5033 in
3078 4977 3313 5032 medium
3344 4978 3543 5047 produ-

1965 5087 2075 5138 cta,
2118 5084 2171 5129 et
2197 5076 2350 5144 quasi
2381 5089 2501 5127 cum
2533 5071 2711 5125 lumen
2739 5070 2792 5123 in
2828 5078 2985 5123 nocte
3015 5076 3069 5123 et
3098 5068 3153 5123 in
3202 5068 3440 5123 tenebris
3466 5084 3545 5121 re-

1968 5168 2232 5236 splendet,
2251 5178 2503 5219 sermone
2523 5164 2588 5216 ad
2614 5161 2811 5231 probas
2834 5159 3184 5231 c0gitationes
3203 5159 3541 5215 instituente.

1971 5257 2242 5311 lsraelitas
2286 5255 2469 5324 igitur,
2503 5263 2561 5308 ut
2608 5264 2853 5309 extrema
2921 5253 3153 5322 repletos
3195 5249 3538 5320 insipientia.

1971 5350 2036 5402 ad
2085 5357 2381 5403 extremam
2412 5362 2727 5419 progressos
2766 5346 3063 5411 miseriam,
3100 5341 3457 5400 conﬂatilihus
3487 5352 3542 5391 et
