3898 6212
378 280 486 334 ωδ

1376 279 1433 329 8.
1474 269 1746 331 CYRILLI
1787 266 2255 328 ALEXANDRIM
2292 270 2613 329 ARCHIEP.

3537 256 3648 323 τοι

379 394 632 467 operibus
668 390 935 448 artiﬁcum
993 402 1122 445 vere
1164 397 1219 445 et
1269 397 1459 444 natura
1532 388 1639 444 Deo
1682 388 1939 457 pneteritt

2062 387 2321 441 ἀνωτάτω
2351 384 2521 456 χώνευ
2530 383 2609 456 μά
2626 402 2708 451 τε,
2732 382 2826 438 καὶ
2843 382 3110 438 τεκτόνων
3128 380 3268 455 ἔργα
3286 380 3651 453 τετιμήκασιν

376 486 621 541 odoratis
664 484 981 548 insectatur,
1008 481 1194 537 dicens
1246 495 1306 536 se
1330 494 1450 536 esse
1482 482 1571 550 qui
1618 479 1812 535 coelum
1864 479 1955 534 ﬁr-

378 575 631 638 maverit,
664 582 719 629 et
778 580 980 626 terram
1052 570 1397 632 stabiliverit,
1439 580 1493 626 et
1546 582 1690 625 astra
1743 569 1947 627 fecerit.

379 662 683 732 Exprobrat
710 670 910 727 autem,
943 661 1086 731 quod
1121 666 1178 714 ut
1206 660 1449 730 putidum
1501 658 1755 729 quiddam
1802 674 1954 728 prae-

376 754 764 819 termittentes,
801 768 897 821 per
937 766 1001 806 ea
1034 766 1152 820 quae
1199 749 1335 806 facta
1370 759 1495 805 sunt
1538 763 1695 820 posse
1729 748 1956 804 factoris

375 846 602 915 gloriam
645 858 993 915 cognoscere,
1036 844 1101 897 iis
1142 842 1209 897 ad
1268 856 1508 897 errorem
1582 856 1741 896 suum
1798 839 1952 895 abusi

374 940 502 992 sint.
543 939 632 992 Ait
656 937 825 1001 enim,
853 950 958 989 non
991 935 1111 989 ideo
1150 933 1312 998 facta,
1341 941 1400 987 ut
1434 933 1500 988 de
1547 932 1726 987 divina
1782 931 1950 1002 gloria

374 1030 575 1101 aliquid
610 1029 952 1091 imminuant,
978 1042 1009 1081 a
1034 1025 1349 1081 mortalibus
1365 1024 1471 1079 diis
1490 1024 1832 1090 existimata;
1858 1024 1954 1080 sed

373 1130 453 1184 ut,
507 1118 957 1189 quemadmodum
1001 1118 1077 1171 ait
1108 1116 1389 1186 Scriptura
1420 1130 1607 1181 sacra,
1631 1129 1700 1170 ex
1743 1114 1953 1186 magni-

373 1214 560 1269 tudine
606 1223 661 1268 et
701 1211 1100 1282 pulchritudine
1159 1218 1561 1273 creaturarum,
1602 1211 1954 1279 proportione

372 1318 527 1358 mens
562 1300 970 1371 intelligentiunt
1000 1315 1215 1355 sursum
1240 1301 1306 1355 ad
1341 1300 1649 1356 Conditoris
1691 1301 1951 1357 virtutem

371 1404 427 1448 et
454 1391 751 1461 opiﬁcium,
780 1398 1039 1461 quantum
1090 1389 1205 1445 ﬁeri
1240 1398 1438 1460 potest,
1465 1389 1807 1445 evehatur“.
1838 1389 1949 1445 Ita-

371 1498 476 1553 que
504 1496 607 1537 non
639 1483 879 1537 ostendit
903 1482 1057 1537 nobis
1080 1481 1275 1551 Opifex
1306 1492 1631 1547 creaturam,
1673 1490 1733 1537 ut
1760 1482 1952 1537 adore-

373 1583 462 1627 tur
490 1587 521 1627 a
548 1572 725 1627 nobis.
754 1569 893 1626 Iiinc
910 1582 963 1626 et
988 1572 1309 1627 testiﬁcatus
1334 1582 1417 1626 est
1433 1586 1529 1641 per
1546 1570 1763 1641 Moysen
1790 1586 1801 1620 :
1835 1588 1855 1623 ι
1887 1572 1953 1626 Et

370 1679 461 1731 ne,
480 1679 602 1720 cum
628 1662 934 1731 respexeris
964 1663 1015 1716 in
1047 1662 1265 1727 cmlum,
1285 1673 1337 1717 et
1355 1663 1554 1717 videris
1582 1662 1839 1729 solem,et
1863 1662 1951 1718 lu-

2056 481 2103 531 oi
2132 478 2193 543 ἐξ
2237 477 2475 549 Ἰσραὴλ,
2501 487 2593 531 τον
2619 475 2837 547 ἀληθῶς
2872 477 2966 530 καὶ
3007 476 3165 545 φύσει
3205 473 3651 547 παρατρέχοντες

2055 568 2213 631 Θεὸν,
2237 566 2552 637 ἀπελέγχει,
2578 567 2774 635 λέγων,
2797 566 2875 631 ὡς
2902 567 2985 635 είη
3014 567 3114 636 μὲν
3146 565 3328 628 αὐτὸς,
3352 566 3381 618 6
3407 564 3651 635 στερεῶν

2052 662 2300 733 οὐρανὸν,
2321 661 2807 733 διαστηριξάμενος
2827 660 2884 713 δὲ
2910 662 3004 713 καὶ
3023 660 3150 729 γῆν,
3174 658 3272 712 καὶ
3291 656 3400 712 τῶν
3422 658 3649 728 ἄστρων

2052 754 2081 806 6
2114 754 2365 824 ποιητής.
2415 753 2780 817 Κατονειδίξει
2813 751 2871 805 δέ
2895 791 2910 815 ,
2955 752 3037 804 ὅτι
3071 750 3340 822 παρέντες
3366 749 3443 812 ὡς
3474 748 3649 803 ἕωλον

2052 845 2113 898 τὺ
2139 846 2230 899 διὰ
2257 845 2366 898 τῶν
2396 846 2698 913 γεγονότων
2731 843 3000 898 δύνασθαι
3025 843 3125 916 τὴν
3157 842 3255 897 τοῦ
3283 842 3649 913 πεποιηκότος

2052 934 2211 1002 δόξαν
2236 935 2559 1006 ἀναμαθεῖν,
2583 935 2861 1007 πρόφασιν
2885 935 3141 1005 αύτάτῆς
3156 934 3369 998 οἰκείας
3387 933 3650 1004 πεποίηνι

2050 1042 2142 1080 ται
2165 1028 2392 1099 πλάνης.
2444 1026 2584 1079 Ἀλλ’
2633 1028 2693 1081 ού
2735 1026 2824 1080 διά
2861 1025 3019 1080 τοῦτο
3051 1025 3374 1095 γεγόνασιν,
3407 1025 3495 1079 ἵνα
3543 1024 3648 1096 τὴν

2053 1116 2203 1170 θείαν
2232 1116 2460 1172 ἀδικῶσι
2507 1116 2694 1182 δόξαν,
2737 1118 2795 1170 ἐν
2826 1116 3092 1187 ὑπολήψει
3152 1114 3290 1169 θεῶν
3332 1115 3650 1186 εἰλημμένα

2049 1211 2163 1273 τοῖς
2196 1210 2289 1262 ἐπὶ
2313 1209 2416 1280 γῆς
2439 1224 2454 1237 ·
2490 1208 2606 1262 ἀλλ’
2638 1209 2725 1273 ἵν’,
2758 1208 2833 1272 ὡς
2862 1208 2967 1278 ἔφη
2999 1207 3059 1260 τὸ
3103 1207 3344 1278 Γράμμα
3369 1205 3432 1259 τὸ
3463 1204 3647 1276 ἱερὸν,

2052 1300 2160 1354 ἀπὸ
2220 1300 2486 1371 μεγέθους
2547 1301 2643 1355 καὶ
2691 1300 2951 1371 καλλονῆς
3002 1298 3318 1369 κτισμάτων
3368 1298 3651 1366 ἀναλόγως

2050 1390 2393 1464 ἀναθρώσκοι
2423 1392 2535 1445 τῶν
2567 1390 2860 1445 συνιέντων
2891 1392 2919 1444 6
2947 1390 3076 1454 νοῦς
3101 1391 3180 1452 είς
3213 1388 3517 1459 κατάληψιν
3541 1389 3650 1460 τὴν

2051 1483 2402 1554 ἐνδεχομένην
2444 1485 2543 1555 τῆς
2572 1483 2665 1537 τοῦ
2710 1484 3073 1554 πεποιηκότος
3129 1480 3412 1552 δυνάμεώς
3440 1498 3505 1534 τε
3543 1482 3650 1536 καὶ

2049 1571 2265 1642 τέχνης.
2314 1572 2525 1626 Ούκοῦν
2554 1574 2616 1626 οὐ
2658 1572 2944 1644 παρέδειξε
2973 1573 3072 1644 τὴν
3103 1572 3283 1626 κτίσιν
3305 1574 3441 1643 ήμῖν
3476 1574 3504 1624 6
3546 1574 3652 1643 Δη-

2055 1666 2335 1735 μιουργὸς,
2363 1666 2447 1718 ἵνα
2493 1666 2865 1736 προσκυνῆται
2894 1665 3028 1736 πρὸς
3049 1664 3227 1737 ήμῶν.
3252 1665 3361 1718 Καὶ
3389 1664 3522 1733 γοῦν
3552 1666 3652 1719 καὶ

368 1772 515 1823 nam,
543 1766 597 1811 et
622 1756 827 1821 stellas,
866 1754 1024 1825 182
1058 1763 1112 1807 et
1134 1769 1347 1809 omnem
1388 1764 1638 1809 ornatum
1680 1755 1827 1823 ctnli,
1859 1755 1939 1810 de-

2054 1734 2560 1827 προδιεμαρτύρατο
2611 1755 2787 1825 λέγων
2838 1734 2947 1810 διά-
2984 1734 3252 1820 Μωσέωςο
3315 1774 3339 1809 τ
3398 1756 3506 1810 Καὶ
3569 1756 3649 1827 μὴ

367 1858 555 1919 ceptus
595 1848 790 1903 adores
810 1861 883 1901 ea
916 1860 1036 1915 qua:
1067 1845 1341 1901 distribuit
1368 1845 1623 1901 Dominus
1658 1846 1798 1900 Deus
1830 1854 1951 1902 tuus

366 1940 617 1998 omnibus
662 1939 910 2010 gentibus
938 1953 1058 2009 qua:
1103 1940 1205 1993 sub
1233 1937 1369 1992 coelo
1397 1948 1524 1992 sunt
1551 1937 1654 1993 ⁸³.»
1693 1937 1773 1991 Illi
1818 1953 1947 1993 vero

365 2033 654 2090 distributa
685 2032 751 2086 ad
782 2029 1167 2105 iudicationem
1201 2037 1527 2099 temporum,
1555 2038 1610 2083 et
1650 2032 1716 2083 ad
1747 2030 1945 2083 illumi-

365 2126 601 2180 nandum
648 2124 839 2179 orbem
863 2121 909 2153 ⁸³
951 2122 1245 2176 constituta
1302 2121 1439 2175 deos
1501 2120 1861 2191 appellabant,
1897 2131 1952 2176 et

363 2216 613 2286 precibus
640 2229 703 2269 ea
734 2212 914 2268 colere
939 2227 1045 2267 non
1086 2211 1529 2270 reformidabant.
1563 2213 1703 2279 Quin
1742 2213 1829 2268 his
1856 2214 1952 2267 ad-

362 2310 471 2363 huc
513 2305 731 2361 infanda
764 2304 937 2374 magis
964 2315 1267 2374 quaerentes
1294 2305 1517 2372 miseri,
1549 2304 1726 2360 fusilia
1779 2316 1834 2361 et
1879 2305 1948 2360 li-

365 2412 472 2467 gna
513 2396 565 2451 in
595 2396 817 2451 deorum
869 2394 986 2449 loco
1022 2396 1377 2460 honorabant,
1417 2394 1691 2451 fabrorum
1723 2398 1949 2453 aerario-

362 2505 506 2557 rum,
537 2489 873 2557 aliorumque
925 2486 1196 2541 artiﬁcum
1236 2486 1465 2541 artiﬁcia
1518 2486 1833 2543 adorantes.

2055 1846 2362 1916 ὰναϐλέψας
2398 1849 2478 1911 είς
2506 1847 2599 1900 τὸν
2625 1846 2874 1919 οὐρανὸν,
2900 1847 2996 1901 καὶ
3038 1844 3164 1900 tam
3193 1846 3286 1900 τὸν
3322 1847 3475 1918 ἥλιον
3498 1890 3513 1912 ,
3546 1850 3650 1901 καὶ

2054 1936 2152 2009 τὴν
2184 1936 2434 2009 σελήνην,
2461 1937 2556 1991 καὶ
2584 1938 2712 2001 τοὺς
2772 1936 3039 2007 ἀστέρας,
3068 1936 3164 1990 καὶ
3188 1935 3366 1989 πάντα
3411 1935 3503 1989 τὸν
3552 1937 3650 1989 κό-

2055 2046 2190 2100 σμον
2215 2028 2309 2083 τοῦ
2358 2027 2587 2101 ούρανοῦ
2607 2066 2623 2093 ,
2666 2028 2963 2099 πλανηθεὶς
3006 2028 3391 2099 προσκυνήσῃς
3420 2028 3604 2091 αὐτοῖς
3626 2065 3646 2091 ,

2048 2124 2144 2177 καὶ⁵
2202 2122 2506 2194 λατρεύσῃς
2568 2121 2775 2188 αὐτοῖς,
2815 2120 2852 2174 ἀ
2887 2119 3153 2190 ἀπένειμε
3207 2119 3408 2192 Κύριος
3442 2120 3472 2171 6
3507 2119 3648 2183 Θεός

2050 2229 2143 2265 σου
2167 2250 2182 2275 ,
2214 2213 2351 2266 πᾶσι
2390 2214 2503 2274 τοῖς
2533 2209 2713 2263 ἔθνεσι
2752 2210 2866 2273 τοῖς
2903 2208 3163 2263 ὑποκάτω
3189 2207 3285 2262 τοῦ
3319 2208 3573 2280 ούρανοῦ.
3614 2227 3637 2261 ι

2050 2305 2115 2358 οι
2146 2304 2203 2357 δὲ
2229 2303 2297 2357 τά
2320 2300 2695 2373 ἐκνεμηθέντα
2728 2300 2866 2373 πρὸς
2892 2300 3105 2372 καιρῶν
3137 2300 3418 2367 ἐπίδειξιν,
3449 2301 3543 2355 καὶ
3580 2303 3644 2354 ἐν

2048 2394 2354 2465 φωστήρων
2396 2392 2549 2458 τάξει
2581 2390 2967 2463 καθεσταμένα
2996 2390 3154 2456 θεοὺς
3194 2391 3475 2463 ὠνόμαζον
3497 2432 3512 2457 ,
3546 2393 3646 2446 καὶ

2052 2487 2379 2557 προσκυνεῖν
2409 2484 2764 2555 ἀπετόλμων,
2797 2484 2893 2536 καὶ
2933 2483 3004 2537 τὰ
3033 2482 3114 2537 ἐτι
3141 2483 3347 2538 τούτων
3393 2484 3643 2554 αἰσχίονα

363 2584 653 2655 ζητοῦντες
679 2582 729 2635 oi
768 2580 1011 2648 δείλαιοι,
1041 2579 1299 2652 χώνευμά
1334 2597 1414 2647 τε,
1456 2581 1551 2635 καὶ
1590 2582 1724 2649 ξύλα
1755 2582 2112 2657 τετιμήκασιν
2144 2581 2221 2645 ὡς
2252 2580 2431 2646 θεοὺς,
2468 2581 2567 2652 τὴν
2599 2578 2956 2650 χαλκουργῶν
3019 2576 3115 2633 καὶ
3159 2579 3429 2634 τεκτόνων
3466 2595 3643 2649 προσ-

362 2678 648 2740 κυνοῦντες
679 2674 893 2745 τέχνην.

435 2770 596 2824 Vsus.
639 2767 693 2830 4,
730 2767 783 2820 5.
824 2764 889 2819 Et
931 2783 1023 2836 ego
1075 2768 1233 2822 eduxi
1290 2778 1338 2824 te
1388 2770 1451 2823 de
1505 2778 1646 2824 terra
1693 2770 1939 2841 1E9ypti,

359 2870 408 2913 et
460 2858 627 2912 Deum
667 2866 857 2924 prwter
888 2874 967 2912 me
1014 2875 1118 2912 non
1159 2876 1457 2929 cognosces,
1496 2870 1543 2914 et
1582 2860 1813 2914 salvator
1839 2877 1942 2914 non

359 2959 434 3004 est
475 2948 667 3017 absque
692 2964 791 3002 me.
828 2949 937 3018 Ego
994 2950 1269 3018 pascebant
1330 2960 1377 3004 te
1421 2952 1477 3003 in
1532 2952 1833 3017 solitudine,
1889 2955 1943 3004 in

359 3052 500 3094 terra
539 3038 872 3093 inhabitabili
925 3041 1210 3093 secundum
1249 3056 1443 3108 pascua
1474 3057 1673 3094 eorum.

411 3129 661 3186 CXLIX.
715 3130 879 3183 Multa
916 3130 1055 3185 inest
1096 3131 1146 3184 in
1177 3131 1260 3185 his
1280 3131 1517 3199 stuporis
1548 3146 1612 3186 ac
1659 3131 1942 3186 dementia?

358 3221 696 3291 redargutio,
732 3229 1108 3289 ponanturque
1135 3221 1326 3274 ordine
1348 3221 1671 3275 auxiliorum
1702 3236 1898 3292 genera
1920 3261 1936 3285 ,

359 3313 556 3383 quibus
572 3311 842 3367 ‘lsrnclitae
876 3312 1115 3365 omnium
1146 3311 1496 3381 ingratissimi
1521 3312 1936 3367 convincuntur.

358 3406 725 3476 Reprehendit
748 3417 948 3472 autem,
980 3419 1084 3459 non
1122 3413 1178 3459 ιιι
1202 3407 1534 3475 ignorantes,
1561 3405 1772 3474 opinor,
1802 3407 1942 3460 unde

346 3500 413 3554 ‘in
453 3513 515 3553 ea
554 3498 667 3552 loca
712 3497 1027 3561 venissent;
1083 3497 1176 3551 sed
1231 3509 1287 3551 ut
1318 3512 1383 3551 ex
1423 3512 1613 3566 magna
1650 3496 1941 3552 stoliditate

357 3599 413 3643 et
446 3599 662 3657 stupore
711 3589 864 3657 quasi
899 3604 1087 3643 eorum
1132 3588 1404 3643 oblivione
1444 3602 1652 3659 captos,
1706 3604 1939 3660 quorum

357 3688 668 3749 perpetuam
697 3694 1019 3733 conservare
1059 3682 1374 3734 memoriam
1423 3682 1759 3737 debuissent.
1794 3682 1942 3736 Dete-

355 3768 567 3826 stabilis
598 3770 797 3840 quippe
828 3768 1137 3837 Jeroboam,
1162 3770 1341 3826 vitulis
1392 3774 1935 3841 prOpositis,aiebat:

362 3882 381 3914 ι
423 3862 486 3917 ili
513 3873 639 3918 sunt
679 3864 751 3917 dii
793 3864 889 3929 tui,
920 3861 1105 3928 Israel,
1139 3864 1229 3931 qui
1267 3874 1318 3918 te
1349 3865 1654 3919 eduxerunt
1680 3865 1745 3919 de
1793 3876 1938 3919 terra

356 3956 577 4028 Egypti
608 3958 679 4010 ⁸³.
719 3977 736 4009 ι
767 3959 864 4012 Ast
908 3958 1006 4022 illi,
1036 3973 1341 4028 quanquam
1393 3968 1615 4013 nossent
1647 3959 1696 4012 id
1724 3973 1826 4011 non
1870 3959 1938 4013 ub

355 4050 536 4118 aliquo
561 4049 686 4117 alio,
721 4048 815 4104 sed
865 4064 893 4102 a
922 4048 1335 4118 Dcoinsigniter
1386 4058 1617 4117 gestum,
1668 4047 1939 4101 nihilomi-

354 4158 457 4198 nus
494 4142 677 4197 vitulis
709 4140 1028 4196 manofactis
1058 4141 1257 4211 gratias
1294 4142 1621 4208 referebant,
1658 4151 1709 4197 et
1740 4157 1797 4197 se
1821 4157 1938 4195 mu-

358 4245 452 4289 tno
505 4236 686 4290 nescio
733 4234 1005 4304 quomodo
1053 4235 1119 4287 ad
1184 4234 1487 4290 divinorum
1549 4235 1934 4289 miraculorum

355 4326 728 4381 excellentiam
755 4326 886 4396 ipsis
915 4325 1288 4381 ascrilteudam
1318 4326 1764 4382 cohortabantur.
1793 4327 1936 4393 Qua-

357 4436 416 4472 tu
474 4427 729 4487 tanquam
788 4419 912 4472 vino
955 4419 1312 4472 Sodomorum
1381 4417 1676 4472 inebriatos
1712 4418 1759 4449 ⁸⁵
1800 4433 1934 4487 pene

2108 2763 2217 2818 Καὶ
2260 2762 2375 2832 ἐγὼ
2429 2761 2736 2833 ἀνήγαγόν
2766 2776 2841 2815 σε
2901 2760 2972 2814 ἐκ
3012 2757 3128 2829 τῆς
3158 2760 3481 2829 Αἰγύπτου,
3524 2764 3632 2817 καὶ

2042 2854 2191 2909 Θεὸν
2222 2853 2389 2922 πλὴν
2416 2853 2562 2923 ἐμοῦ
2590 2857 2662 2908 οὐ
2691 2853 2894 2923 γνώσῃ
2920 2892 2938 2919 ,
2989 2852 3089 2905 καὶ
3120 2851 3323 2912 σώζων
3346 2856 3458 2909 οὐκ
3499 2856 3643 2913 ἐστι

2041 2946 2229 3014 πάρεξ
2251 2946 2417 3015 ἐμοῦ.
2460 2943 2608 3014 Ἐγὼ
2635 2945 2993 3015 ἐποίμαινόν
3017 2959 3092 2998 σε
3126 2944 3198 2998 ἐν
3215 2943 3290 3014 τῇ
3320 2946 3537 3016 ἐρήμῳ,
3564 2949 3642 3003 ἐν

2041 3036 2121 3108 τῇ
2145 3037 2427 3105 ἀοικήτῳ,
2472 3038 2621 3093 κατὰ
2648 3039 2756 3104 τὰς
2782 3038 2972 3108 νομὰς
2999 3038 3218 3093 αὐτῶν.

2114 3130 2294 3184 PMO’.
2327 3131 2498 3194 Πολὺς
2532 3133 2590 3184 ἐν
2613 3130 2822 3194 τούτοις
2844 3131 2941 3201 τῆς
2963 3130 3320 3203 ἀναισθησίας
3344 3134 3372 3186 6
3395 3132 3635 3205 ἔλεγχος,

2046 3224 2141 3277 καὶ
2172 3223 2440 3277 τέθεινται
2467 3224 2745 3295 στοιχηδὸν
2795 3224 2895 3291 τῆς
2949 3225 3269 3297 ἐπικουρίας
3317 3228 3368 3280 οἱ
3418 3228 3636 3299 τρόποι,

2042 3314 2142 3383 τῆς
2171 3316 2530 3385 ἀχαριστίας,
2574 3316 2683 3369 τῶν
2726 3314 2787 3381 ἐξ
2832 3315 3048 3387 Ἰσραήλ
3082 3318 3530 3383 καταδεικνύντες
3572 3322 3637 3373 τὸ

2046 3405 2295 3477 μέγεθος.
2340 3406 2581 3477 Ἐλέγχει
2608 3407 2685 3471 δὲ,
2716 3408 2813 3461 ούκ
2847 3408 3208 3478 ἠγνοηκότας,
3242 3408 3319 3473 ὥς
3348 3427 3411 3479 γε
3452 3406 3632 3481 οἶμαι,

2042 3498 2227 3563 πόθεν,
2260 3497 2374 3551 ἀλλ’
2400 3498 2475 3561 ῶς
2511 3502 2575 3551 ὲκ
2608 3499 2819 3553 πολλῶν
2848 3501 2987 3567 ἄγαν
3019 3501 3341 3571 σκαιότητος
3365 3542 3379 3567 ,
3412 3505 3506 3556 καὶ
3541 3504 3635 3557 λο-

2041 3591 2240 3661 γισμοῦ
2266 3592 2588 3655 νενευκότας
2614 3593 2693 3656 εἰς
2714 3592 3092 3662 ἀναισθησίαν,
3118 3596 3399 3665 μονονουχὶ
3430 3596 3523 3648 καὶ
3552 3600 3635 3662 εἰς

2040 3684 2210 3754 λήθην
2238 3684 2730 3755 ύπενηνεγμένους,
2755 3677 2828 3738 ὧν
2849 3685 2955 3738 ἔδει
2980 3686 3288 3757 μεμνῆσθαι
3316 3687 3629 3753 διαπαντός.

2053 3776 2109 3830 '0
2142 3779 2240 3848 μὲν
2268 3778 2375 3849 γὰρ
2397 3779 2672 3849 ἐπάρατος
2700 3780 3007 3850 Ἰεροὸοάμ,
3037 3781 3131 3843 τὰς
3165 3781 3427 3853 δαμάλεις
3447 3784 3632 3849 αὐτοῖς

2039 3868 2372 3938 ἀναστήσας,
2409 3866 2647 3936 ἔφασκεν
2672 3908 2686 3932 ,
2726 3888 2744 3921 ι
2780 3862 2939 3923 Οὗτοι
2982 3872 3029 3923 oi
3074 3870 3185 3924 θεοί
3223 3889 3338 3938 σου,
3381 3873 3628 3945 Ἰσραὴλ,

2039 3958 2093 4011 οἴ
2121 3975 2267 4021 τινες
2296 3959 2574 4030 άνήγαγόν
2604 3978 2661 4013 σε
2697 3962 2761 4015 ἐκ
2786 3963 2889 4034 γῆς
2913 3964 3213 4032 Αἰγύπτου.
3251 3983 3269 4016 ι
3305 3966 3366 4029 Ol
3392 3966 3471 4030 δὲ,
3510 3968 3629 4020 καί·

2038 4065 2120 4101 τοι
2171 4047 2529 4117 γινώσκοντες
2553 4092 2565 4115 ,
2600 4052 2682 4104 ὅτι
2742 4051 2817 4123 μὴ
2853 4052 3040 4123 ἑτέρου
3095 4053 3274 4122 τινὸς,
3309 4055 3444 4109 ἀλλά
3489 4056 3628 4110 Θεοῦ

2038 4139 2375 4209 κατόρθωσις
2396 4136 2462 4211 ἦν
2490 4141 2550 4194 τὸ
2576 4142 2763 4213 χρῆμα
2792 4145 2997 4208 αὐτοῖς,
3036 4148 3425 4218 χειροκμήτοις
3452 4148 3629 4218 δαμά-

2037 4232 2153 4284 λεσι
2189 4236 2468 4304 προσῆγον
2499 4234 2565 4286 τὰ
2595 4236 2943 4307 χαριστήρια,
2980 4239 3074 4290 καὶ
3106 4240 3297 4302 αύταῖς
3336 4240 3623 4307 ἀνάπτειν,

2036 4322 2136 4396 οὐκ
2166 4318 2261 4375 οἷδ’
2291 4324 2439 4387 ὅπως
2460 4364 2474 4387 ,
2502 4324 2754 4396 ἀλλήλοις
2789 4326 3073 4381 ἀνέπειθον
3100 4328 3211 4381 τῶν
3237 4329 3396 4384 θείων
3428 4350 3629 4405 κατορ-

2038 4412 2306 4481 θωμάτων
2335 4415 2434 4486 τὴν
2478 4417 2770 4489 ὑπεροχήν.
2822 4418 3054 4483 Οὐκοῦν,
3090 4422 3164 4484 ὡς
3196 4422 3256 4486 ἐξ
3287 4423 3431 4476 οἴνου
3468 4426 3626 4479 2966-

358 4506 624 4573 mtnerat,
656 4505 864 4572 dicens,
890 4507 1125 4575 seipsum
1174 4520 1295 4561 esse
1361 4506 1667 4573 manifeste,
1698 4508 1789 4576 qui
1820 4517 1873 4561 et
1901 4522 1930 4562 e

2047 4521 2151 4569 μων
2178 4505 2648 4576 μεμεθυσμένους,
2684 4509 2966 4579 μονονουχὶ
2999 4509 3268 4564 διανύττει
3296 4512 3471 4580 λέγων
3496 4531 3510 4543 ·
3540 4516 3623 4568 ὅτι

362 4616 381 4647 c
407 4599 565 4651 domo
606 4596 883 4650 servitutis
905 4595 983 4646 ⁸⁵»
1029 4608 1122 4649 eos
1152 4597 1423 4660 eduxerit,
1458 4604 1511 4649 et
1565 4612 1659 4666 per
1713 4596 1931 4667 Moysen

356 4689 431 4741 ita
459 4688 831 4743 mandaverit:
873 4704 891 4737 ι
925 4686 1039 4742 Non
1079 4696 1238 4740 erunt
1312 4687 1405 4741 tibi
1460 4688 1531 4741 dii
1591 4688 1679 4742 alii
1740 4700 1933 4758 praeter

356 4782 623 4841 mc“;iet
646 4778 819 4833 solum
846 4792 904 4833 se
929 4792 1050 4833 esse
1081 4778 1170 4846 qui
1213 4777 1405 4842 salvct,
1439 4786 1493 4832 et
1518 4778 1655 4833 citra
1694 4779 1931 4835 laborem

355 4868 521 4934 probe
547 4865 706 4923 faciat
744 4869 885 4938 quod
925 4868 1181 4934 voluerit;
1211 4881 1289 4933 se,
1328 4866 1421 4936 qui
1447 4868 1497 4921 in
1520 4866 1807 4923 solitudine
1838 4868 1934 4923 ali-

355 4958 591 5012 moniam
655 4960 951 5027 providerit
1007 4968 1062 5015 et
1115 4959 1167 5014 in
1218 4968 1358 5014 terra
1414 4959 1646 5023 deserta,
1701 4960 1843 5014 invia
1877 4968 1932 5015 et

356 5050 620 5117 inatquosa
645 5047 818 5103 fontes
848 5065 1110 5118 aquarum
1131 5050 1449 5118 produxerit
1473 5050 1542 5115 ⁸⁷,
1578 5064 1773 5103 manna
1832 5052 1929 5105 de-

356 5138 641 5204 miserit",
662 5153 961 5209 panemque
985 5143 1293 5210 angelorum
1311 5143 1377 5197 de
1398 5142 1536 5198 coelo
1558 5141 1837 5198 donaverit
1854 5144 1923 5208 ",

356 5241 411 5286 et
452 5231 627 5286 instar
658 5230 782 5285 boui
834 5233 1069 5301 pastoris
1121 5248 1216 5286 eos
1260 5236 1312 5288 in
1343 5235 1691 5300 abundantia,
1726 5250 1925 5291 secun~

356 5325 484 5380 dum
546 5337 741 5394 pascua
776 5338 989 5388 eorum,
1046 5326 1158 5379 sive
1209 5329 1502 5381 secundum
1561 5328 1925 5397 profectiones

356 5416 587 5483 paverit.
621 5412 763 5468 Nihil
810 5411 1007 5483 quippe
1029 5415 1290 5468 bonorum
1324 5415 1565 5470 omnium
1619 5418 1669 5470 in
1709 5418 1923 5473 deserto

426 5610 470 5641 “
510 5610 639 5680 Snp.
679 5627 799 5678 xm,
840 5611 906 5676 5;
944 5611 1100 5667 Rom.
1130 5625 1166 5672 ι,
1206 5610 1296 5669 20.

357 5697 527 5747 ιιιιιι,
567 5683 652 5736 '52.
732 5684 775 5714 ⁸³
816 5682 981 5738 Exod.
1025 5698 1144 5750 ιιιιι,
1185 5683 1237 5736 5.

1408 5612 1450 5643 "
1495 5612 1647 5666 Dent.
1681 5631 1752 5675 ιν,
1803 5618 1883 5669 l9.

1312 5682 1356 5713 ⁸⁵
1381 5684 1544 5736 Exod.
1590 5698 1679 5751 xx,
1716 5687 1767 5738 ὖ.

1995 5621 2041 5651 ⁹²
2078 5621 2214 5675 Gen.
2257 5638 2293 5685 ι,
2330 5624 2510 5679 H-l7.

1847 5688 1939 5741 δτι

2111 5708 2241 5758 ιΑιι,
2274 5694 2325 5747 5.
2403 5696 2447 5725 ⁸⁸
2488 5697 2656 5753 Exod.
2700 5715 2809 5767 xu,
2851 5688 2937 5755 ιζ’.
3013 5688 3236 5759 δ”ΡπΙξ
3281 5688 3485 5775 Lxxvu,
3516 5688 3609 5764 δῦ.

2030 4610 2088 4645 τε
2114 4594 2274 4657 αὐτὸς
2304 4596 2386 4665 εἴη
2420 4597 2627 4666 σαφῶς,
2677 4600 2705 4651 6
2746 4600 2839 4652 καὶ
2872 4600 2929 4666 ἐξ
2960 4619 2978 4652 ι
3018 4602 3167 4655 οἴκου
3203 4602 3447 4666 δουλείας
3474 4622 3494 4655 ι
3536 4604 3625 4668 ἐξ‹

2033 4684 2292 4753 ενεγκὼν,
2325 4687 2418 4738 καὶ
2462 4689 2848 4759 προστεταχὼς
2881 4691 2970 4745 διὰ
3007 4694 3272 4757 Μωσέως,
3300 4695 3376 4758 ὡς
3453 4714 3472 4746 ι
3505 4698 3620 4750 Ούκ

2033 4775 2248 4829 ἔσονταί
2282 4794 2364 4830 σοι
2404 4778 2515 4831 θεοὶ
2548 4779 2727 4851 ἓτεροι
2771 4782 2911 4853 πλὴν
2951 4783 3107 4854 ἐμοῦ,
3148 4804 3165 4835 ι
3217 4788 3312 4839 καὶ
3344 4792 3422 4841 ὅτι
3460 4789 3624 4857 μόνος

2032 4868 2191 4931 αὐτὸς
2222 4870 2250 4921 6
2278 4870 2465 4935 σώζων
2486 4874 2624 4938 ἐστὶ,
2655 4874 2747 4927 καὶ
2765 4875 3024 4947 ἀνιδρωτὶ
3049 4877 3331 4948 κατορθῶν
3351 4881 3459 4932 πᾶν
3482 4880 3622 4951 ὅπερ

2039 4959 2303 5030 βούλοιτο,
2348 4963 2506 5027 αὐτὸς
2534 4965 2562 5016 ὁ
2590 4969 3007 5038 τροφοφορήσας
3061 4969 3203 5022 κατά
3248 4968 3344 5039 τὴν
3391 4967 3619 5039 ἔρημον,

2037 5053 2130 5106 καὶ
2168 5054 2226 5106 ὲν
2259 5057 2329 5125 γῇ
2363 5056 2553 5127 ἐρήμῳ
2577 5097 2592 5122 ,
2646 5058 2742 5110 καὶ
2776 5058 2964 5130 ἀϐάτῳ
2985 5100 3000 5124 ,
3048 5059 3143 5113 καὶ
3185 5060 3400 5130 ἀνύδρῳ
3436 5060 3622 5129 πηγὰς

2040 5145 2138 5215 μὲν
2173 5145 2382 5199 ὑδάτων
2412 5148 2580 5213 ἀνεὶς,
2632 5149 2844 5212 καθιεὶς
2869 5150 2928 5203 δὲ
2977 5152 3037 5204 τὸ
3074 5152 3285 5222 μάννα,
3326 5153 3422 5206 καὶ
3453 5152 3621 5223 ἄρτον

2033 5237 2280 5306 ἀγγέλων
2328 5238 2387 5303 ἐξ
2426 5240 2657 5311 ούρανοῦ
2702 5242 3074 5313 δωρούμενος,
3110 5245 3204 5297 καὶ
3235 5244 3312 5309 ὼς
3358 5246 3417 5298 ἐν
3464 5246 3619 5311 τάξει

2032 5332 2285 5399 ποιμένος
2321 5333 2527 5400 ἀγαθοῦ
2569 5334 2923 5388 καταδόσκων
2942 5336 3023 5398 είς
3048 5336 3323 5408 εὐθηνίαν,
3353 5341 3495 5392 κατά
3520 5339 3619 5403 τὰς

2030 5421 2201 5491 νομὰς
2257 5422 2455 5489 αὐτῶν,
2498 5425 2618 5495 ήτοι
2683 5425 2783 5489 τὰς
2838 5426 3125 5498 ἀπάρσειις.
3174 5428 3464 5495 Ἀνενδεεῖς
3505 5429 3617 5503 γὰρ

2623 5628 2668 5660 ⁸³
2707 5629 2769 5685 ill
2815 5630 2945 5699 Reg.
2996 5649 3092 5695 xu,
3135 5634 3225 5689 ‘23.
3334 5637 3379 5668 ⁸⁵
3421 5635 3573 5689 Deut.
