3898 6212
264 359 372 419 505

1180 358 1731 418 COMMENTARIUS
1770 359 1834 414 IN
1878 357 2108 416 OSEAM
2150 357 2595 417 ΡΒΟΡΠΕΤἈΜ.

3408 346 3511 400 οξτο

3409 373 3473 400 οι]

3409 373 3442 409 ρ
3449 373 3473 397 ,71

262 467 400 542 ἦσαν
433 472 633 535 παντὸς
659 472 868 541 ἀγαθοῦ
894 472 1034 527 κατά
1054 472 1154 544 τὴν
1184 472 1389 545 ἔρημον
1418 475 1466 527 oi
1497 476 1558 539 ἐξ
1584 474 1803 545 Ἰσραὴλ
1823 514 1837 538 ,

1958 476 2069 533 iliis
2096 475 2261 530 lsrael
2295 473 2485 541 defuit,
2518 467 2863 542 quantumvis
2910 466 3089 521 locum
3132 463 3251 518 loco
3303 475 3515 529 semper

264 563 437 617 καίτοι
466 563 664 627 τόπους
695 567 760 618 ὲκ
783 565 963 619 τόπων
981 565 1069 619 ἀεὶ
1099 566 1541 637 μεταμείϐοντες,
1570 567 1666 619 καὶ
1687 568 1744 619 ὲν
1766 569 1836 639 γῇ

263 653 487 723 τραχείᾳ
514 654 606 706 καὶ
630 655 868 727 ἀκάρπῳ
892 654 1363 727 καταυλιζόμενοι.
1392 658 1512 729 Χρὴ
1532 658 1595 729 δὴ
1620 654 1713 712 οὖν
1734 658 1841 729 ἄρα

266 744 574 813 μεμνῆσθαι
620 744 710 799 διὰ
756 745 957 809 παντὸς
978 787 994 811 ,
1022 738 1098 799 ὧν
1136 744 1202 799 ἂν
1233 746 1448 819 ἔχοιμεν
1480 750 1633 820 παρά
1660 748 1796 802 Θεοῦ
1821 790 1836 815 ,

265 835 354 887 καὶ
389 834 493 905 τὴν
538 837 629 889 ἐπὶ
674 835 884 900 τούτοις
911 836 1118 908 λήθην,
1149 837 1225 901 ὡς
1270 840 1525 895 ἀποτάτω
1570 841 1841 894 ποιεῖσθαι

265 925 439 992 φιλεῖν
487 927 587 997 τῆς
623 928 835 982 ἑαυτῶν
882 928 1150 993 διανοίας,
1188 930 1262 993 ὠς
1289 930 1511 1001 ὀλέθρου
1559 913 1844 1003 πρόξενον,

265 1016 356 1067 καὶ
401 1016 747 1087 παροτρύνω
792 1019 872 1081 είς
916 1018 1293 1088 ἀγανάκτησιν
1333 1020 1424 1071 τὸν
1451 1019 1670 1089 ἀπάσης
1712 1023 1841 1091 ἡμῖν

263 1107 565 1176 εὐημερίας
592 1107 795 1179 δοτῆρα
818 1107 971 1162 Θεόν.
988 1107 1049 1162 Ὀ
1075 1107 1183 1180 γὰρ
1206 1108 1517 1179 ἀχάριστος,
1551 1110 1645 1162 καὶ
1676 1108 1841 1179 βλάσ-

266 1218 468 1272 φημος,
502 1202 645 1256 κατά
666 1219 730 1271 γε
759 1203 820 1256 τὸ
849 1202 955 1255 ὑπό
975 1220 1069 1255 του
1102 1201 1280 1271 σοφῶς
1307 1202 1615 1272 εἰρημένον.

329 1293 440 1347 Καὶ
476 1294 951 1363 ἐνεπλήσθησαν
980 1296 1068 1360 είς
1119 1294 1505 1363 πλησμονὴν,
1542 1295 1640 1349 καὶ
1675 1293 1840 1363 ὑψώ-

262 1388 463 1451 θησαν
493 1388 553 1440 αί
589 1385 824 1454 καρδίαι
868 1385 1103 1452 αὐτῶν,
1153 1385 1332 1439 ἕνεκα
1373 1386 1587 1439 τούτου
1628 1385 1845 1439 ἐπελά-

262 1477 441 1527 θοντό
468 1493 612 1544 μου.

327 1565 463 1619 PN'.
505 1565 719 1636 Ὠσπερ
743 1566 792 1619 oi
822 1567 929 1621 τῶν
961 1566 1159 1638 ἰατρῶν
1196 1568 1578 1640 ἐμπειρότατοι
1607 1571 1707 1635 τὰς
1734 1572 1843 1625 τῶν

262 1655 587 1725 νοσημάτων
613 1652 672 1711 εὖ
710 1657 853 1727 μάλα
881 1659 1109 1730 περιαρθ
1120 1658 1337 1729 ροῦντες
1372 1662 1571 1727 αἰτίας,
1600 1664 1712 1726 τοῖς
1738 1663 1845 1717 ἀπὸ

260 1747 355 1811 τῆς
406 1748 610 1819 τέχνης
657 1751 1094 1822 ἐπικουρήμασιν
1142 1753 1470 1807 ἀνακόπτειν
1516 1755 1840 1823 ἐπάγονται·

1942 575 2237 634 mutarent,
2274 574 2329 620 et
2353 566 2405 618 in
2441 574 2583 619 terra
2610 560 2830 617 horrida
2858 566 3018 628 atque
3052 554 3386 609 infructuosa
3417 563 3514 605 ca-

1941 667 2411 715 strametarentur.
2436 655 2662 724 Semper
2714 654 2878 723 igitur
2908 658 3127 716 accepta
3157 660 3185 703 a
3219 644 3326 700 Deo
3372 644 3515 697 bona

1942 752 1997 807 in
2029 749 2289 806 memoria
2316 749 2561 803 habenda
2592 754 2738 809 sunt,
2781 742 2939 813 183
2971 752 3271 808 eorumque
3317 734 3519 792 oblivio

1940 859 2101 915 qnam
2176 840 2486 911 longissime
2554 836 2860 907 repellenda
2891 834 2958 887 ab
2994 832 3197 897 animo,
3262 828 3516 898 quoniam

1940 936 2162 991 exitium
2215 933 2378 1002 parit,
2429 940 2482 985 et
2523 928 2687 983 Deum
2736 928 2913 982 omnis
2986 936 3185 981 nostra:
3246 919 3523 976 felicitatis

1940 1035 2215 1081 auctorem
2243 1023 2307 1077 ad
2341 1020 2761 1090 indignationem
2793 1025 3067 1085 provocat.
3106 1013 3346 1082 Ingratus
3376 1008 3520 1063 enim

1939 1118 2104 1171 etiam
2128 1123 2213 1169 est
2253 1110 2623 1181 blasphemus,
2667 1118 2784 1161 uta
2813 1105 3045 1173 quodam
3095 1101 3371 1170 sapienter
3434 1095 3519 1149 di-

1940 1219 2084 1265 ctum
2113 1214 2217 1261 est.

2016 1298 2175 1354 Vens.
2202 1297 2253 1352 6.
2295 1294 2359 1349 Et
2395 1294 2575 1364 repleti
2597 1301 2717 1347 sunt
2745 1288 3045 1348 saturitate,
3068 1294 3114 1338 et
3144 1280 3373 1336 exaltata
3400 1286 3520 1334 sunt

1943 1394 2104 1448 corda
2137 1406 2315 1446 eorum
2339 1403 2355 1441 :
2382 1396 2590 1455 prapter
2620 1385 2715 1438 hoc
2760 1380 2905 1435 obliti
2925 1386 3043 1433 sunt
3083 1376 3202 1427 mei.

2012 1568 2120 1624 CL.
2165 1562 2625 1633 Quemadmodum
2674 1555 3005 1612 medicorum
3064 1543 3523 1618 experientissimi

1951 1658 2360 1731 diligentissime
2390 1650 2798 1717 circumspectis
2832 1646 3145 1700 morborum
3181 1638 3379 1702 causis,
3432 1650 3527 1689 eos

1947 1726 2162 1808 auxiliis
2223 1750 2291 1805 ab
2329 1755 2447 1801 arte
2496 1742 2680 1815 petitis
2726 1738 2993 1808 depellere
3034 1731 3395 1789 contendunt:
3453 1726 3526 1779 ita

264 1836 401 1891 κατά
554 1817 739 1905 αὑτὸν,
773 1817 949 1910 οἶμαι,
972 1842 1175 1912 τρόπον
1201 1844 1295 1897 καὶ
1328 1844 1357 1896 ὁ
1398 1844 1508 1898 τῶν
1540 1817 1674 1898 ὅλων
1713 1845 1845 1911 Θεὸς

1958 1859 2075 1901 sane
2103 1842 2476 1898 universorum
2536 1836 2700 1900 Deus,
2734 1838 2969 1886 mentem
3032 1833 3085 1879 et
3112 1839 3209 1878 cor
3270 1817 3528 1886 itttrOSpi-

261 1929 334 1989 εἰς
370 1925 507 1982 νοῦν
555 1929 684 1997 ἔσω,
739 1932 833 1984 καὶ
886 1932 1113 2003 καρδίαν
1141 1933 1303 2005 ὁρῶν,
1339 1935 1437 1999 τὰς
1484 1936 1593 1989 τῶν
1621 1937 1678 1991 ἐν
1713 1939 1843 2009 ήμϊν

261 2019 455 2073 παθῶν
504 2021 687 2085 αἰτίας
733 2024 1175 2095 περιεργάζεται,
1218 2025 1361 2079 οὕτω
1402 2046 1461 2081 τε
1506 2027 1693 2082 λοιπὸν
1733 2032 1846 2094 τοῖς

261 2111 566 2211 καθήκουσι
583 2114 940 2211 *περιστέλλει
966 2119 1279 2189 φαρμάκοις
1301 2118 1391 2172 τὸν
1415 2119 1847 2192 ἀρῥωστήσαντα

258 2204 404 2255 νοῦν.
444 2204 699 2257 Δίτιᾶται
745 2205 924 2259 τοίνυν
954 2208 1081 2269 τοὺς
1123 2207 1181 2274 ἐξ
1240 2209 1476 2280 Ἰσραὴλ,
1522 2209 1597 2274 ῶς
1642 2212 1706 2264 ὲκ
1747 2212 1848 2283 τῆς

258 2295 396 2360 ἄγαν
430 2293 743 2365 εὐημερίας
766 2297 899 2368 πρὸς
931 2296 1100 2369 λήθην
1129 2299 1521 2369 ὲνηνεγμένους
1545 2301 1639 2354 τοῦ
1672 2302 1848 2355 πάντα
1891 2338 1898 2346 -

259 2384 445 2475 αὐτοῖς
482 2386 840 2455 χορηγοῦντος
867 2387 936 2440 τὰ
976 2386 1198 2459 ζωαρκῆ
1224 2406 1237 2419 ·
1284 2392 1380 2444 καὶ
1424 2391 1494 2445 τὰ
1536 2392 1745 2463 ὅσαπερ
1778 2393 1847 2448 ἂν

260 2473 542 2541 φαίνοιντο
565 2475 1044 2546 καταλαμπρύνειν
1084 2476 1278 2530 εἰδότα·
1310 2478 1850 2552 καίτοιπροηγορευ-

260 2564 415 2627 κότος
436 2563 542 2643 ,τοῦ
583 2564 750 2634 νόμου
793 2566 999 2633 σαφῶς·
1034 2585 1053 2617 ι
1102 2567 1343 2637 Πρόσεχε
1371 2569 1601 2638 σεαυτῷ,
1636 2567 1710 2639 μὴ
1734 2571 1851 2622 ἐπι-

259 2655 391 2726 λάθῃ
436 2655 650 2728 Κυρίου
677 2654 773 2707 τοῦ
803 2655 938 2709 Θεοῦ
978 2673 1094 2719 σου,
1122 2655 1214 2709 τοῦ
1246 2657 1321 2727 μὴ
1361 2656 1591 2724 φυλάξαι
1628 2658 1727 2720 τὰς
1765 2659 1851 2710 ἐν·

260 2746 417 2808 τολάς
472 2745 663 2810 αὐτοῦ,
706 2746 801 2799 καὶ
852 2746 921 2799 τά
955 2747 1219 2816 κρίματα,
1267 2746 1362 2799 καὶ
1398 2746 1465 2799 τὰ
1509 2745 1850 2818 δικαιώματα

263 2835 453 2900 αὐτοῦ,
486 2836 586 2888 ὅσα
615 2834 726 2904 ἐγὼ
760 2836 1072 2907 ἐντέλλομαί
1097 2854 1179 2890 σοι
1216 2838 1478 2908 σήμερον.
1509 2837 1611 2909 Μὴ
1637 2838 1848 2908 φαγὼν,

263 2928 351 2981 καὶ
374 2926 744 2997 ἐμπλησθεὶς,
772 2928 867 2981 καὶ
908 2928 1084 2991 οἰκίας
1126 2927 1297 2991 καλὰς
1337 2929 1718 3000 οἰκοδομήσας,
1755 2931 1851 2984 καὶ

264 3019 608 3089 κατοικήσας
640 3019 698 3072 ἐν
736 3019 948 3084 αὐταῖς,
983 3019 1076 3073 καὶ
1102 3019 1212 3074 τῶν
1262 3019 1549 3091 προϐάτων
1594 3038 1707 3087 σου,
1756 3021 1852 3077 καὶ

264 3113 366 3164 τῶν
420 3111 569 3181 βοῶν
619 3128 713 3163 σου
766 3110 1180 3182 πληθυνθέντων
1246 3128 1364 3179 σοι,
1411 3113 1703 3185 ἀργυρίου,
1756 3113 1851 3167 καὶ

1947 1940 2116 2000 ciens,
2139 1950 2331 1991 causas
2361 1933 2671 1987 morborum
2703 1935 3012 1981 nostrorum
3063 1926 3451 1990 perscrutatur,
3472 1923 3529 1968 et

1948 2031 2023 2086 ita
2079 2030 2290 2085 demum
2331 2032 2591 2097 aegrotum
2645 2020 2884 2075 animum
2940 2008 3348 2069 medicamentis
3397 2020 3528 2060 con—

1952 2121 2298 2178 venientibus
2362 2114 2638 2186 componit
2724 2125 2790 2165 ac
2840 2114 3017 2164 sanat.
3070 2102 3310 2172 Castigat
3366 2097 3527 2167 igitur

1948 2212 2241 2278 lsraelitas,
2282 2210 2372 2280 qui
2394 2224 2461 2263 ex
2487 2206 2647 2261 rebus
2669 2200 2958 2258 admodum
2989 2194 3303 2252 ﬂorentibus
3355 2199 3409 2243 et
3442 2202 3529 2243 se-

1949 2305 2139 2361 cundis
2160 2303 2339 2359 omnia
2372 2299 2503 2370 ipsis
2546 2297 2668 2351 vita:
2716 2291 2961 2363 praesidia
3010 2282 3422 2355 suppeditantis,
3477 2289 3532 2331 et

1949 2396 2359 2467 quibuscunque
2390 2387 2697 2458 conspicuis
2725 2386 2898 2441 lucem
2941 2394 3094 2436 suam
3133 2378 3259 2431 dare
3310 2370 3532 2425 scicntis

1948 2466 2100 2544 obliti
2138 2487 2270 2551 sint,
2318 2496 2628 2553 quanquam
2671 2477 2833 2534 claris
2863 2473 3042 2529 verbis
3064 2471 3147 2524 lex
3172 2483 3264 2522 eos
3287 2466 3359 2519 ita
3394 2476 3530 2531 prcc-

1949 2549 2262 2633 monueriti
2307 2549 2499 2628 ullave—
2525 2570 2641 2634 tibi,
2668 2582 2734 2622 ne
2781 2562 3119 2620 obliviscaris
3180 2554 3386 2610 Domini
3441 2549 3533 2604 Dei

1950 2669 2061 2735 tui,
2087 2676 2147 2721 ut
2179 2680 2286 2720 non
2308 2662 2584 2719 custodias
2608 2657 2861 2714 mandata
2899 2651 3037 2723 ejus,
3075 2658 3130 2703 et
3163 2645 3360 2717 judicia
3393 2642 3531 2710 ejus,

1950 2767 2004 2813 et
2025 2731 2439 2826 iustiﬁcationes
2468 2749 2607 2820 ejus,
2640 2758 2975 2817 quaecunque
2995 2755 3094 2810 ego
3121 2734 3377 2826 mancipio
3437 2731 3530 2787 tibi

1950 2824 2130 2902 hodie.
2183 2844 2260 2900 Ne
2293 2852 2579 2912 postquam
2621 2835 2942 2899 comederis,
2977 2840 3032 2888 et
3062 2831 3286 2886 satiatus
3342 2824 3530 2886 literis,

1949 2947 2002 2994 et
2054 2937 2242 2992 domos
2284 2934 2540 3005 pulchras
2583 2926 2956 2991 aedificaveris,
3008 2932 3063 2979 et
3114 2916 3444 2976 habitaveris
3480 2915 3533 2967 in

1950 3029 2051 3092 eis,
2084 3035 2141 3082 et
2164 3024 2354 3081 ovibus
2397 3023 2503 3078 tuis
2552 3031 2606 3077 et
2634 3019 2805 3076 bobus
2835 3017 2941 3071 tuis
2996 3008 3367 3082 multiplicatis
3418 3005 3535 3070 tibi,

1951 3128 2173 3189 argento
2197 3125 2251 3172 et
2279 3129 2413 3171 auro
2433 3110 2799 3181 multiplicatis
2825 3109 2944 3172 tibi,
2980 3106 3222 3162 elevetur
3254 3116 3350 3157 cor
3382 3109 3536 3152 tuum

267 3204 503 3276 χρυσίου
557 3203 972 3275 πληθυνθέντων
1024 3220 1128 3269 σοι,
1180 3204 1271 3256 καὶ
1322 3203 1537 3258 πάντων
1580 3207 1720 3259 ὅσων
1769 3223 1851 3260 σοι

1958 3218 2011 3265 et
2034 3206 2377 3264 obliviscaris
2406 3204 2614 3261 Domini
2640 3201 2735 3257 Dei
2769 3200 2879 3267 tui;
2902 3198 2992 3268 qui
3019 3196 3203 3253 eduxit
3233 3203 3283 3248 te
3304 3194 3369 3247 de
3395 3200 3539 3245 terra

268 3297 417 3350 ἔσται
449 3295 869 3366 πληθυνθέντων
903 3312 1007 3358 σοι,
1039 3295 1256 3366 ὑψωθῇς
1294 3298 1362 3368 τῇ
1390 3296 1585 3367 καρδίᾳ
1614 3314 1729 3362 σου,
1756 3298 1852 3351 καὶ

268 3389 507 3461 ὲπιλάθῃ
534 3388 739 3461 Κυρίου
768 3387 863 3440 τοῦ
884 3387 1020 3440 Θεοῦ
1050 3404 1164 3451 σου,
1192 3387 1287 3441 τοῦ
1315 3388 1672 3457 ἐξαγαγόντος
1698 3406 1757 3442 σε
1787 3390 1853 3443 ὲκ

269 3480 365 3550 γῆς
394 3478 707 3547 Αἰγύπτου,
749 3479 810 3544 ἐξ
836 3479 986 3533 οἴκου
1030 3479 1271 3544 δουλείας
1294 3497 1309 3511 ·
1340 3479 1436 3534 τοῦ
1465 3482 1761 3549 ἀγαγόντος
1793 3499 1854 3536 σε

268 3570 352 3623 διὰ
370 3572 483 3640 τῆς
508 3572 741 3641 ἐρήμου,
773 3571 874 3641 τῆς
920 3572 1162 3642 μεγάλης
1190 3572 1284 3625 καὶ
1324 3572 1423 3643 τῆς
1452 3572 1687 3643 φοϐερᾶς
1714 3572 1853 3626 ὲκεί-

271 3678 363 3729 νης
423 3654 491 3714 οὗ
531 3661 653 3732 δφις
680 3662 913 3725 δάκνων,
940 3662 1034 3717 καὶ
1061 3663 1340 3734 σκορπίος,
1373 3662 1470 3716 καὶ
1488 3662 1635 3731 δίψα,
1666 3656 1725 3717 οὗ
1754 3664 1855 3733 οὺχ

274 3749 447 3823 ὕδωρ.
486 3770 505 3803 ι
542 3753 696 3822 Ἔχει
731 3752 840 3825 γὰρ
870 3753 971 3806 οὐκ
1002 3753 1272 3816 ἀνικάνως
1314 3752 1400 3807 ἀεί
1449 3769 1565 3815 πως
1591 3754 1623 3823 ἡ
1650 3752 1853 3825 τρυφὴ.

276 3843 364 3896 καὶ
391 3843 459 3897 τὸ
479 3844 767 3915 ἀδοκήτοις
792 3846 980 3912 τιμαῖς
1012 3843 1426 3915 ἐναϐρύνεσθαι,
1461 3843 1553 3896 καλ⁵
1575 3844 1656 3907 εἰς
1688 3844 1857 3916 λήθην

278 3935 420 4003 ἡμᾶς
455 3934 756 4005 ἀποφέρειν
786 3934 942 3999 Θεοῦ,
976 3936 1068 3987 καὶ
1106 3935 1241 4006 πρὸς
1270 3936 1377 3988 πᾶν
1415 3936 1591 3991 ὁτιοῦν
1633 3938 1743 3991 τῶν
1768 3939 1862 3992 ὲκ-

278 4029 459 4080 τόπων
520 4025 832 4079 κατασείειν
881 4025 1139 4081 δύνασθαι
1196 4027 1286 4080 τὸν
1345 4027 1681 4099 ἀνθρώπινον
1712 4027 1855 4083 νοῦν.

292 4116 541 4185 ’Δρκέσει
586 4114 666 4178 δὲ,
716 4109 891 4185 οἶμαι,
938 4113 1074 4187 πρὸς
1126 4114 1344 4185 ἔλεγχον
1389 4116 1800 4187 ἀποσκιρτήσας
1831 4115 1861 4168 ὁ

292 4208 529 4279 Ἰσραὴλ,
573 4208 668 4261 καὶ
695 4207 758 4261 τὸ
783 4207 883 4279 τῆς
911 4207 1210 4279 εὐημερίας
1250 4207 1449 4271 πλάτος
1476 4207 1576 4276 τῆς
1600 4206 1680 4269 είς
1702 4205 1863 4259 τοῦτο

278 4298 457 4369 δεινῆς
487 4296 801 4368 ἀρρωστίας
837 4299 1141 4370 εὑράμενος
1167 4298 1443 4369 ἀφορμήν.
1472 4295 1747 4368 Σφαλερὸν
1769 4291 1862 4349 οὖν

281 4390 386 4456 ἄρα
434 4389 535 4441 καὶ
572 4387 944 4458 δυσδιοίκητον
982 4387 1224 4460 ήτρυφὴ
1272 4389 1366 4442 καὶ
1396 4386 1513 4440 λεία
1557 4404 1642 4450 τις
1672 4387 1862 4459 ὥσπερ

282 4479 397 4543 (δὸς
450 4482 530 4542 εἰς
576 4479 876 4532 ἀπόστασιν
914 4480 1014 4549 τὴν
1061 4479 1169 4533 ἀπὸ
1212 4479 1368 4532 Θεοῦ.
1422 4478 1580 4552 Παρὰ
1635 4477 1769 4531 πολὺ
1807 4477 1863 4530 δὲ

1952 3301 2192 3372 Εεγριί,
2225 3313 2291 3354 ex
2325 3298 2485 3353 domo
2514 3293 2821 3357 servitutis;
2845 3289 2935 3359 qui
2962 3287 3115 3343 duxit
3142 3295 3193 3339 te
3232 3298 3328 3352 per
3356 3282 3541 3335 deser-

1956 3401 2068 3446 tum
2084 3405 2356 3462 magnum,
2385 3397 2438 3443 et
2465 3383 2702 3441 terribile
2726 3382 2875 3447 illud,
2898 3379 2987 3435 ubi
3010 3390 3234 3444 serpens
3261 3373 3536 3433 mordens,

1955 3493 2009 3539 ct
2057 3461 2289 3551 scorpio,
2346 3489 2399 3534 et
2450 3478 2654 3547 dipsas,
2702 3473 2793 3529 ubi
2817 3487 2920 3527 non
2938 3466 3323 3536 erataqna".i
3355 3461 3538 3518 Luxus

1954 3575 2120 3639 enim,
2145 3583 2200 3629 et
2226 3573 2485 3627 bonorum
2512 3569 2997 3636 inexspectatorum
3010 3558 3263 3631 splendor
3282 3556 3413 3611 satis
3428 3569 3543 3608 ma-

1955 3683 2113 3738 gnam
2128 3666 2231 3720 vim
2250 3664 2533 3729 habent,ut
2550 3674 2647 3718 nos
2661 3661 2713 3715 in
2726 3657 3051 3715 oblivionem
3071 3652 3161 3708 Dei
3182 3650 3472 3709 abducant,
3488 3654 3543 3699 ct

1958 3760 2023 3813 ad
2038 3758 2248 3827 quidvis
2271 3755 2603 3826 illegitimum
2622 3755 2915 3809 humanum
2933 3748 3173 3802 animum
3222 3740 3539 3796 dissolvant.

1958 3850 2038 3905 Ad
2052 3848 2419 3919 probationem
2436 3845 2685 3910 sufficiet,
2701 3832 3324 3905 utexistimo,lsrael,qui
3338 3829 3545 3886 resiluit

1959 3949 2014 3997 et
2044 3938 2318 3995 felicitatis
2350 3952 2460 3993 suae
2507 3936 2717 4005 copiam
2748 3942 2869 4005 tam,
2905 3928 3087 4001 gravis
3151 3925 3323 3980 morbi
3382 3937 3542 3975 occa"

1961 4036 2166 4091 sionem
2196 4033 2420 4088 invenit.
2447 4029 2739 4085 Lubricum
2785 4026 2949 4095 igitur
3006 4019 3286 4091 quiddam,
3329 4024 3392 4069 et
3428 4027 3544 4067 mo—

1963 4123 2149 4177 deratu
2205 4120 2416 4176 dilIicile
2456 4134 2543 4174 res
2601 4117 2756 4182 lmtm,
2791 4123 2845 4169 et
2895 4111 3049 4182 quasi
3105 4109 3191 4162 via
3257 4105 3413 4175 plana
3473 4102 3543 4155 ad

1965 4212 2371 4267 defectionema
2407 4210 2533 4264 Deo.
2578 4206 2742 4261 Multo
2784 4214 2961 4258 autem
3022 4199 3214 4254 melior
3268 4197 3540 4251 nmderata

1969 4302 2260 4368 tribulatio,
2292 4299 2435 4370 quod
2463 4305 2773 4353 sanctorum
2803 4307 2965 4349 voces
2997 4290 3150 4344 nobis
3178 4286 3538 4342 testabuntnr.

1966 4395 2056 4449 Ait
2092 4393 2233 4447 enim
2259 4392 2474 4462 quidam
2506 4407 2521 4443 :
2564 4408 2581 4440 ι
2607 4387 2851 4452 Domine,
2880 4384 2933 4439 in
2964 4380 3309 4438 tribulatione
3340 4392 3541 4433 tnctno-

1968 4499 2056 4539 res
2082 4482 2279 4537 l'uitnus
2304 4481 2399 4534 tui.
2436 4478 2493 4533 In
2554 4476 2898 4532 tribulatione
2934 4488 3098 4542 parva
3138 4468 3417 4539 castigatio
3452 4477 3541 4520 tua

281 4568 522 4638 ἀμείνων
560 4570 593 4639 ή
630 4568 942 4640 σύμμετρος
984 4568 1181 4639 θλίψις.
1218 4568 1588 4623 Πιστώσονται
1624 4568 1682 4621 δὲ
1726 4568 1852 4639 πρὸς

1967 4573 2123 4630 nobis
2156 4615 2170 4630 .
2205 4591 2223 4625 ι
2285 4569 2726 4640 Sapientissimus
2766 4579 2894 4619 vero
2943 4562 3139 4617 Paulus
3188 4559 3363 4616 omnis
3416 4558 3542 4615 boni

282 4659 441 4713 τοῦτο
479 4661 626 4730 ήμᾶς
674 4662 728 4713 αἱ
765 4660 873 4714 τῶν
912 4660 1081 4728 ἁγίων
1130 4660 1326 4729 φωναί.
1394 4661 1453 4714 '0
1493 4661 1593 4732 μὲν
1632 4661 1738 4731 γάρ
1781 4677 1864 4723 τις

286 4751 532 4819 ἔφασκε·
569 4770 587 4802 ι
646 4753 839 4823 Κύριε,
891 4754 947 4804 ἐν
998 4752 1175 4821 θλίψει
1226 4752 1577 4824 ἐμνήσθημέν
1634 4769 1761 4805 σου·
1806 4752 1865 4805 ἐν

288 4844 463 4913 θλίψει
501 4848 672 4916 μικρᾷ
702 4848 734 4915 ἡ
769 4845 983 4899 παιδεία
1022 4864 1113 4899 σου
1148 4849 1298 4917 ἡμῖν.
1338 4866 1356 4898 ι
1402 4847 1461 4899 '0
1491 4846 1549 4899 δέ
1582 4862 1646 4915 γε
1689 4844 1865 4914 σοφὼ-

284 4952 445 4999 τατος
490 4936 721 5003 Παῦλος,
771 4938 971 5001 παντὸς
1017 4939 1148 5008 ἡμῖν
1194 4937 1403 5006 ἀγαθοῦ
1455 4937 1611 5008 ῥίζαν
1643 4932 1861 5007 οἷάπερ,

287 5031 380 5083 καὶ
425 5030 657 5098 γένεσιν,
690 5030 790 5102 τὴν
818 5030 994 5101 θλίψιν
1022 5030 1210 5095 ἐτίθει,
1236 5029 1408 5098 λέγων
1433 5047 1446 5062 ·
1490 5048 1511 5081 ι
1578 5029 1641 5082 Ἠ
1685 5029 1863 5099 θλίψις

289 5120 562 5193 ὑπομονὴν
589 5123 1008 5193 κατεργάζεται,
1042 5124 1074 5193 ἡ
1105 5123 1161 5175 δὲ
1187 5122 1432 5193 ὑπομονὴ
1462 5120 1710 5191 δοκιμὴν,
1743 5122 1777 5191 ή
1804 5121 1860 5173 δὲ

1963 4665 2195 4720 radicem
2231 4675 2285 4719 et
2310 4662 2569 4733 originem
2602 4659 2756 4715 nobis
2806 4654 3206 4711 tribulationem
3242 4649 3540 4719 proposuit,

1963 4770 2086 4811 cum
2140 4754 2314 4808 dixit:
2348 4750 2509 4823 184
2536 4771 2553 4802 ι
2583 4746 2882 4803 Tribulatio
2906 4740 3221 4814 patientiam
3264 4746 3541 4806 operatur,

1963 4845 2219 4915 patientia
2249 4853 2425 4897 autem
2464 4840 2855 4911 probationem,
2914 4832 3160 4903 probatio
3191 4845 3365 4900 Spem.
3417 4842 3543 4897 spes

1965 4948 2143 4991 autem
2183 4950 2290 4989 non
2328 4931 2688 4989 confundit".
2731 4948 2750 4980 ι
2793 4925 2976 4981 Psallit
3010 4932 3065 4978 et
3115 4921 3311 4977 alicubi
3346 4922 3535 4974 beatus

1971 5028 2164 5082 David:
2191 5044 2209 5077 ι
2236 5025 2439 5079 Bonum
2468 5024 2598 5077 mihi
2642 5020 2767 5089 quia
2796 5016 3087 5073 humiliasli
3116 5030 3224 5082 me,
3255 5023 3315 5068 ut
3337 5014 3544 5069 discunt

1960 5117 2371 5189 jnstilicationes
2396 5124 2511 5168 tuas
2536 5115 2601 5165 9'.
2631 5132 2649 5165 ι

286 5210 481 5285 δοκιμὴ
532 5214 746 5280 ἐλπίδα,
805 5216 838 5287 ἡ
891 5215 945 5268 δὲ
976 5214 1131 5279 ἐλπὶς
1174 5214 1235 5268 οὐ
1306 5212 1679 5285 καταισχύνει.
1719 5231 1737 5263 ι
1776 5212 1984 5266 Ψάλλει
2046 5211 2102 5263 δέ
2152 5225 2254 5262 που
2285 5207 2377 5260 καὶ
2419 5208 2447 5259 ὁ
2491 5203 2774 5268 θεσπέσιος
2812 5202 3007 5257 Δα6ίὸ·
3068 5218 3087 5253 ι
3140 5198 3370 5268 ’Λγαθόν
3442 5209 3542 5265 μου

283 5305 368 5359 ὅτι
416 5307 783 5371 ἱταπείνωσάς
828 5326 917 5379 με,
957 5310 1105 5374 ὅπως
1134 5310 1201 5364 ἂν
1234 5310 1390 5381 μάθω
1419 5309 1486 5363 τὰ
1513 5308 1858 5381 δικαιώματά
1881 5324 1994 5361 σου.
2035 5326 2052 5357 ι

355 5400 465 5453 Καὶ
494 5399 709 5469 ἔσομαι
741 5402 943 5468 αὐτοῖς
980 5403 1060 5469 ὡς
1103 5401 1361 5472 πάνθηρ,
1402 5403 1501 5457 καὶ
1531 5404 1610 5470 ὠς
1640 5401 1864 5472 πάρδα-

286 5495 402 5556 λις.
436 5495 594 5547 Κατὰ
625 5492 742 5560 τὴν
762 5493 904 5546 ὁδὸν
944 5493 1285 5563 Ἀσσυρίων
1312 5495 1733 5561 ἀπαντήσομαι
1760 5493 1865 5546 αὐ-

289 5582 409 5648 τοῖς
449 5586 528 5650 ὠς
558 5583 777 5652 ἄρκτος
810 5584 1211 5654 ἀπορουμένη,
1257 5586 1351 5639 καὶ
1382 5584 1681 5654 διίιρρήξω
1714 5600 1861 5652 (Iur-

362 5766 415 5798 ⁹⁰
456 5768 584 5823 Deut
647 5787 760 5836 vm,
810 5771 985 5827 ιι-ιδ.
1064 5774 1104 5804 αι
1148 5771 1301 5828 Rom.
1346 5787 1397 5835 ν,

2042 5398 2203 5451 Vens.
2236 5396 2289 5463 7,
2313 5395 2367 5452 8.
2395 5394 2458 5450 Et
2482 5411 2567 5450 ero
2591 5396 2664 5450 eis
2690 5394 2842 5465 quasi
2875 5394 3149 5463 panthera,
3176 5400 3221 5443 ct
3253 5389 3386 5441 sicut
3418 5399 3540 5449 par-

1969 5490 2124 5544 dalis.
2150 5487 2253 5543 Per
2291 5489 2425 5542 ciant
2455 5488 2787 5557 Assyriorum
2836 5499 3104 5538 occurram
3136 5481 3206 5534 eis
3233 5478 3364 5529 sicut
3414 5489 3539 5527 ursa

1971 5585 2229 5655 indigem,
2264 5592 2311 5637 et
2330 5582 2653 5653 disrumpam
2684 5579 3063 5633 conclusionem
3112 5570 3283 5625 cordis
3334 5581 3538 5621 eorum.

1626 5774 1669 5804 ⁹²
1714 5768 1851 5826 Psal.
1893 5783 2045 5835 cxnt,
2089 5768 2172 5826 7|.
