3898 6212
418 382 518 440 5οἿ

1415 382 1475 438 5.
1516 382 1795 439 CYRILLI
1833 382 2302 440 ALEXANDRINI
2342 384 2664 442 ARCHIEI’.

3568 403 3677 459 3(‘8

420 495 488 552 Et
520 498 841 553 aerorabunt
872 512 958 553 eos
988 498 1059 553 ibi
1094 496 1254 554 catuli
1289 498 1453 565 silva,
1499 500 1677 556 bestia
1698 503 1814 573 agri
1846 503 1987 556 dila-

2107 502 2389 572 ιιλεισμὸν
2455 503 2702 573 καρδίας
2760 504 2978 561 αὐτῶν.
3053 510 3164 561 Καί
3233 511 3679 581 καταφάγονται

413 589 634 644 niabunt
676 606 789 643 eos.

482 767 612 823 CLI.
646 767 934 838 Postquam
958 770 1101 824 enim
1144 784 1323 825 rerum
1351 772 1679 841 prosperitas
1700 773 1990 841 perniciem

413 858 519 913 illis
546 860 773 924 creavit,
808 860 1251 930 desciscendique
1284 875 1313 913 a
1342 860 1451 916 Deo
1505 862 1847 918 occasionem
1906 872 1991 919 at-

415 950 560 1017 tulit,
617 952 738 1007 ideo
766 951 1016 1021 deinceps
1058 951 1433 1007 tribulationes
1462 954 1665 1010 morbis
1689 969 1991 1024 coagmen-

416 1050 499 1097 tes
525 1043 904 1110 importantur.
947 1041 1187 1111 Corpora
1225 1043 1369 1099 enim
1430 1046 1670 1113 graviter
1718 1056 1992 1115 egrotan-

414 1134 489 1189 tia
531 1143 586 1187 et
616 1134 921 1204 putrefacta
971 1134 1184 1191 lenibus
1219 1135 1632 1192 medicamentis
1679 1138 1991 1207 neutiquam

413 1224 773 1281 curabuntur:
806 1228 899 1282 sed
924 1227 1068 1283 ferro
1123 1235 1175 1282 et
1212 1228 1318 1297 igni
1350 1243 1485 1297 opus
1505 1238 1588 1282 est
1632 1229 1821 1299 magis.
1880 1228 1991 1296 Ita-

412 1330 527 1385 que
546 1318 798 1387 quoniam
833 1319 1028 1375 divinae
1053 1320 1478 1375 mansuetudinis
1528 1321 1838 1391 magnitudo
1897 1337 1993 1391 pa-

413 1425 534 1464 rum
562 1412 699 1480 apud
720 1411 1013 1478 Israelitas,
1035 1427 1104 1468 ne
1135 1413 1310 1468 dicam
1347 1412 1479 1466 nihil
1500 1414 1991 1482 otnnino,prol‘ecit.

412 1499 602 1557 feralis
634 1504 879 1573 quzedam
901 1506 1158 1562 atrocitas
1190 1508 1241 1562 in
1273 1523 1367 1565 cos
1391 1507 1717 1564 immittitur.
1748 1507 1993 1578 Seipsum

415 1606 545 1646 vero
574 1592 766 1647 bestiis
793 1594 952 1663 longe
980 1598 1281 1666 acerrimis,
1311 1607 1365 1653 et
1415 1596 1725 1661 voracibu's,
1774 1612 1995 1669 magna—

412 1696 517 1752 que
539 1683 876 1739 immanitate
902 1688 1125 1755 perditis
1148 1697 1447 1758 comparat.
1472 1688 1587 1743 Non
1616 1690 1742 1759 quia
1804 1690 1988 1745 divina

412 1774 877 1843 etinexplicabilis
914 1786 1103 1832 natura
1156 1778 1287 1834 tales
1328 1779 1435 1834 iras
1469 1778 1629 1849 plane
1686 1778 1990 1848 concipiat,

2094 593 2316 658 αὐτοὺς
2346 593 2474 647 ἐκεῖ
2498 596 2762 664 σκύμνοι
2812 595 3062 666 δρυμοῦ,
3100 599 3275 666 θηρία
3322 600 3505 669 ὰῃοοῦ
3552 603 3687 657 δια-

2095 683 2319 738 σπάσει
2351 686 2595 751 αὐτούς.

2164 775 2338 828 ΡΝΑ’.
2391 776 2608 846 Ἐπειδὴ
2651 777 2759 850 γάρ
2786 775 2885 848 τῆς
2913 777 3169 849 εὐθηνίας
3199 780 3259 832 τὸ
3292 781 3491 846 πλάτος
3521 782 3686 853 γέγο-

2076 880 2186 921 .νεν
2253 865 2437 930 αὐτοῖς
2509 864 2733 937 ὀλέθρου
2804 865 3096 937 πρόξενον,
3169 871 3263 923 καὶ
3339 872 3693 935 ἀποστασίας

2096 955 2339 1027 ἀφορμὴ,
2369 956 2540 1029 ταύτῃ
2568 974 2648 1010 τοι
2676 957 2858 1011 λοιπὸτ
2900 959 2957 1011 ai
2999 959 3208 1029 Θλίψεις
3236 962 3551 1031 ἐπάγονται,
3586 963 3689 1016 καὶ

2094 1047 2373 1116 ἀναλόγως
2412 1050 2523 1112 τοῖς
2572 1049 2993 1119 ἀρῤωστήμασι.
3029 1050 3110 1105 Τά
3142 1052 3253 1124 γάρ
3300 1071 3381 1107 τοι
3418 1054 3553 1108 πολὺ
3587 1073 3683 1107 νε-

2096 1138 2360 1209 νοσηκότα
2383 1138 2490 1192 τῶν
2521 1140 2809 1210 σωμάτων,
2836 1141 2930 1194 καὶ
2957 1143 3231 1212 σεσηπότα
3256 1144 3460 1209 λοιπὸν,
3484 1145 3693 1209 εἴξειεν

2094 1230 2345 1301 οὐδαμῶς
2392 1232 2579 1301 ἠπίοις
2628 1231 2725 1301 μὲν
2775 1231 2857 1285 ἔτι
2910 1234 3244 1303 φαρμάκοις.
3296 1236 3478 1289 Δὲοιτο
3527 1237 3573 1290 δ’
3618 1237 3690 1290 ἂν

2099 1322 2297 1393 μᾶλλον
2338 1322 2433 1375 καὶ
2476 1322 2720 1392 σιδήρου,
2755 1324 2851 1376 καὶ
2894 1325 3088 1395 πυρός.
3137 1325 3346 1379 Οὐκοῦν
3384 1328 3692 1399 ἐπειδήπερ

2094 1412 2155 1464 τὸ
2179 1412 2277 1482 τῆς
2307 1412 2455 1474 Θείας
2482 1410 2821 1481 ἡμερότητος
2868 1412 3099 1483 μέγεθος
3129 1413 3339 1485 ῶνησεν
3368 1415 3525 1485 ὀλίγα
3554 1417 3690 1480 τοὺς

2096 1503 2157 1567 ἐξ
2198 1502 2413 1573 Ἰσραὴλ
2446 1502 2556 1573 (ἴνα
2591 1502 2666 1573 μὴ
2695 1501 2912 1573 λέγοιμι
2959 1504 3241 1569 παντελῶς
3280 1507 3454 1577 οὐδὲν)
3493 1506 3688 1579 Θηριο·

2098 1593 2316 1665 πρεπὴς
2360 1594 2543 1657 αὐτοῖς
2571 1593 2831 1664 ἀγριότης
2860 1594 3144 1664 ἐπάγεται.
3190 1592 3415 1651 Ἑαυτὸν
3446 1599 3503 1651 δὲ
3536 1617 3690 1671 παρ-

2099 1686 2306 1750 εικάζει
2332 1687 2442 1749 τοῖς
2467 1686 2549 1739 ὃτι
2582 1685 2817 1757 μάλιστα
2846 1685 2955 1740 τῶν
2988 1685 3189 1761 Θηρίων
3223 1689 3567 1754 δεινοτάτοις,
3590 1693 3689 1746 καὶ

2103 1777 2299 1849 βοροίς,
2330 1778 2427 1831 καὶ
2456 1777 2592 1830 πολὺ
2622 1777 2741 1831 λίαν
2764 1779 2945 1849 ἔχουσι
2972 1780 3034 1833 τὸ
3065 1782 3143 1844 είς
3177 1781 3436 1854 ὠμότητα
3464 1782 3691 1853 βλέπον.

413 1869 506 1922 sed
554 1867 680 1921 illud
744 1867 971 1923 fortasse
1034 1880 1295 1939 praeterea
1358 1847 1533 1935 docet,
1573 1847 1992 1941 Assyriositam

2256 1868 2338 1922 ὅτι
2384 1868 2602 1932 πάντως
2650 1868 2684 1940 ἡ
2728 1847 2847 1923 Θεία
2895 1887 2956 1923 τε
3005 1872 3099 1923 καὶ
3160 1847 3475 1943 ἀπόρρητος
3520 1873 3689 1945 φύσις

414 1959 839 2029 itnplaeabiliira
878 1976 1091 2028 usuros,
1127 1962 1578 2031 inhumanosqnc,
1636 1962 1872 2018 immites
1915 1963 1992 2033 (et

411 2052 542 2122 quid
572 2067 678 2107 non
725 2051 940 2107 tandem
978 2052 1348 2125 huiusmodi?)
1395 2054 1757 2122 apparituros.
1808 2054 1991 2110 Videri

412 2150 590 2196 autem
643 2151 809 2211 queat
855 2142 948 2197 Dei
987 2158 1119 2213 opus
1147 2157 1289 2207 esse,
1347 2143 1613 2213 siquidem
1642 2144 1693 2197 id
1749 2145 1993 2213 permisit

411 2231 528 2301 ipse
561 2240 669 2285 tam
718 2244 956 2301 agrestes
987 2242 1041 2289 et
1081 2234 1227 2290 feros
1298 2246 1613 2305 peccatores
1666 2239 1744 2292 ira
1798 2253 1995 2295 conve-

410 2322 579 2380 nienti
621 2338 970 2393 persequens.
996 2322 1271 2381 Inveniam
1305 2328 1467 2397 igitur
1490 2344 1583 2383 eos
1602 2341 1661 2384 ut
1694 2330 1983 2400 panthera,
2020 2339 2028 2348 ‘

411 2420 473 2468 ut
500 2414 752 2483 pardalis.
785 2415 1221 2485 Deportabuntur
1243 2421 1390 2473 enim
1450 2420 1504 2474 in
1540 2423 1840 2492 Assyriam.
1886 2423 1993 2478 0c-

410 2517 626 2561 curram
652 2520 815 2576 porro
851 2506 929 2561 eis
951 2507 1112 2563 etiam
1148 2518 1206 2563 ut
1239 2524 1364 2565 ursa
1425 2511 1694 2580 indigens,
1722 2514 1827 2570 hoc
1886 2524 1993 2581 est,

412 2596 663 2666 esui-iens
702 2597 859 2665 forte,
887 2608 979 2654 aut
1006 2602 1181 2670 captis
1225 2603 1418 2659 catulis
1442 2604 1793 2661 vehementer
1825 2608 1997 2662 tristis

412 2695 467 2743 et
492 2688 775 2746 oberrans.
806 2690 959 2745 Tunc
993 2693 1135 2746 enim
1170 2695 1511 2763 potissimum
1565 2696 1702 2751 hanc
1764 2696 1992 2751 belluam

412 2776 594 2832 ferunt
618 2780 837 2835 insitum
872 2781 1112 2837 furorem
1144 2783 1319 2839 solere
1342 2795 1509 2840 totum
1546 2785 1841 2841 effundere.
1879 2805 1900 2838 ι
1929 2786 1997 2840 Et

413 2869 715 2938 (li-rumpam
754 2871 1159 2928 conclusionem
1219 2877 1398 2931 cordis
1433 2891 1640 2931 eorum.
1679 2894 1697 2929 ι
1758 2877 1994 2932 Conclu-

416 2960 624 3015 sionem
649 2963 881 3031 appellat
920 2973 1185 3031 tutamen,
1225 2980 1317 3021 seu
1350 2968 1693 3038 praesidium:
1757 2979 1993 3024 tutamen

414 3062 594 3107 autem
615 3055 795 3109 cordis
824 3064 908 3111 est
936 3057 1184 3122 audacia,
1214 3073 1376 3128 quam
1403 3060 1524 3129 quis
1557 3059 1748 3115 all‘erat
1803 3070 1995 3115 contra

415 3144 641 3212 hostes;
692 3161 797 3214 qua
830 3146 1066 3214 dirupta,
1108 3148 1316 3204 timoris
1387 3148 1616 3206 affectus
1670 3150 1993 3221 ingreditur,

416 3235 659 3290 utetiam
691 3236 824 3290 citra
858 3251 1087 3308 pugnam
1121 3239 1367 3293 hostibus
1402 3238 1685 3293 victoriam
1711 3242 1994 3299 concedat.

418 3324 608 3379 Simile
644 3325 804 3395 igitur
840 3334 941 3391 est,
968 3342 1029 3381 ac
1046 3328 1089 3381 si
1122 3328 1265 3383 dicat
1292 3327 1523 3383 fortasse
1550 3345 1563 3382 :
1593 3330 1671 3381 Ad
1701 3336 2000 3383 extremam

415 3428 510 3469 eos
540 3414 880 3469 timiditatem
916 3415 1152 3486 adigam,
1181 3415 1511 3472 adversariis
1542 3431 1725 3471 ursam
1752 3416 2001 3470 esurien-

422 3515 527 3560 tem
567 3516 622 3561 et
670 3508 865 3563 catulis
925 3510 1172 3563 orbatam
1225 3509 1582 3563 imitantibus.
1617 3509 1769 3576 Quod
1820 3520 2000 3564 autem

420 3595 583 3649 etiam
615 3598 944 3665 captivitatis
972 3599 1167 3653 irretiti
1200 3600 1448 3660 vinculis.
1473 3609 1526 3654 et
1568 3600 1618 3654 in
1654 3600 2002 3669 Assyriorum

423 3686 695 3753 regionem
752 3689 988 3754 abduCti,
1041 3689 1200 3759 185
1243 3693 1551 3761 neutiquam
1611 3707 1637 3744 a
1680 3694 1883 3747 scelere
1910 3695 2003 3747 de-

421 3777 692 3846 clinaturi,
724 3779 820 3834 sed
873 3794 968 3835 eos
1023 3785 1186 3836 etiam
1249 3782 1377 3837 illuc
1432 3785 1727 3853 pravitates
1758 3786 1999 3854 ipsorum

424 3869 576 3937 quasi
635 3880 900 3925 secuturae
960 3873 1087 3938 sint,
1145 3874 1405 3940 ostendit,
1459 3889 1578 3928 cum
1628 3875 1821 3931 addit:
1885 3875 2002 3928 «Et

424 3960 762 4015 devorahunt
810 3977 904 4018 eos
949 3963 1020 4019 ibi
1073 3963 1235 4019 catuli
1268 3966 1437 4031 silva},
1473 3966 1658 4021 bestiae
1693 3966 1805 4036 agri
1870 3965 2006 4019 dila-

426 4050 652 4107 niabnnt
675 4067 768 4108 eos
795 4094 809 4107 .
846 4071 864 4106 ›
911 4056 1259 4126 Assyriorum
1282 4058 1426 4111 enim
1451 4056 1631 4127 populi
1680 4056 2000 4111 intractabi-

425 4147 526 4210 les,
560 4146 753 4202 catulis
786 4147 837 4201 in
870 4146 1019 4203 silvis
1044 4148 1159 4203 sive
1202 4148 1446 4204 saltubus
1488 4156 1707 4220 propter
1735 4149 2003 4218 insignem

428 4237 698 4294 feritatem
723 4250 1131 4309 comparantur.

2025 3201 2067 3257 C

2100 1961 2298 2029 γένοιτ’
2332 1960 2399 2014 ἀν
2429 1962 2486 2014 ἐν
2516 1961 2798 2027 τοιαύταις
2823 1963 3037 2034 ὀργαῖς,
3068 1963 3183 2018 ἀλλ’
3210 1965 3387 2018 ἐκεῖνό
3415 1982 3516 2018 που
3545 1967 3689 2036 τάχα

2100 2048 2339 2102 διδάσκει
2372 2048 2555 2117 πάλιν,
2604 2050 2687 2104 ὅτι
2736 2052 3098 2123 κεχρήσονται
3146 2051 3245 2123 μὲν
3298 2052 3345 2106 aI
3407 2053 3693 2125 Ἀσσύριοι

2101 2142 2220 2203 ταῖς
2266 2140 2436 2205 οὓτως
2480 2140 2740 2212 ἀκράτοις
2787 2142 3000 2213 ὀργαῖς,
3042 2142 3399 2215 ἀπάνθρωποι
3450 2160 3531 2212 τε,
3587 2145 3693 2198 καὶ

2102 2231 2436 2302 ἀτεράμονες
2469 2232 2587 2302 (καὶ
2635 2232 2689 2286 τί
2728 2232 2835 2303 γὰρ
2867 2233 2989 2303 οὐχὶ
3031 2232 3140 2285 τῶν
3172 2234 3426 2287 τοιούτων
3447 2232 3486 2299 ;)
3523 2250 3692 2303 γεγο-

2102 2324 2249 2387 νότες
2282 2323 2601 2379 ἁλώσονται.
2642 2322 2822 2390 Δόξειε
2849 2324 2893 2379 δ’
2919 2323 2985 2377 ἂν
3024 2319 3163 2377 εῖναι
3193 2324 3327 2378 Θεοῦ
3365 2323 3426 2377 τὸ
3452 2327 3692 2396 πραττόο

2106 2432 2285 2485 μενον,
2323 2415 2445 2469 ἐπεί
2485 2435 2567 2471 τοι
2607 2417 2861 2485 γενέσθαι
2894 2415 3315 2488 συγκεχώρηκεν
3360 2417 3541 2484 αὐτὸς,
3572 2420 3693 2483 τοῖς

2102 2506 2273 2570 οὕτως
2297 2507 2506 2578 ἀγρίως
2538 2506 2889 2580 ἡμαρτηκόσι
2922 2508 3020 2580 τὴν
3047 2510 3231 2573 αὐτοῖς
3259 2522 3573 2581 πρεπουσαν
3596 2510 3694 2580 ὀρ-

2103 2599 2206 2669 γὴν
2232 2598 2481 2668 ἐπαφείς.
2516 2599 2745 2670 Εὑρήσω
2766 2600 2946 2653 τοίνυν
2982 2600 3202 2667 αὐτοὺς,
3226 2600 3299 2664 ὡς
3344 2600 3583 2671 πάνθηρ,
3610 2599 3694 2663 ὡς

2105 2690 2389 2760 πάρδαλις.
2450 2690 3007 2761 Ἀποκομισθήσονται
3058 2690 3167 2761 γὰρ
3216 2691 3297 2755 είς
3329 2690 3428 2762 τὴν
3491 2691 3693 2743 ’Δσσυ-

2107 2782 2256 2852 ρίων.
2304 2782 2714 2851 ’Δπαντήσομαι
2745 2781 2802 2835 δέ
2840 2783 3024 2847 αὐτοῖς
3068 2784 3165 2838 καὶ
3193 2785 3270 2848 ὡς
3306 2784 3505 2855 ἄρκτος
3550 2783 3696 2838 ἀπο-

2107 2874 2364 2945 ρουμένη,
2417 2874 2716 2941 τουτέστιν,
2766 2875 3073 2946 ἡπεινῶσα
3124 2876 3307 2946 τυχὸν,
3364 2878 3398 2947 ἤ
3451 2875 3695 2931 ἀλύουσα

2108 2965 2332 3034 σφόδρα,
2354 2964 2462 3017 τῶν
2486 2962 2740 3035 σκύμνων
2762 2964 3132 3036 ἐξῃρημένων.
3155 2966 3290 3019 Τότε
3317 2965 3427 3036 γὰρ
3451 2966 3697 3036 μάλιστά

2106 3072 2238 3125 φασι
2288 3053 2388 3125 τῆς
2435 3052 2681 3123 ἐμφύτου
2732 3052 2930 3123 μανίας
2985 3053 3066 3116 εἰς
3111 3052 3279 3125 ἀκρον
3327 3054 3581 3126 ἔρχεσθαι
3626 3056 3695 3110 τὸ

2106 3143 2314 3215 Θηρίοι).
2374 3159 2393 3193 ι
2452 3142 2565 3194 Kal.
2619 3142 2894 3213 διαρρήξω
2948 3142 3310 3214 συγκλεισμὸν
3362 3144 3609 3216 καρδίας.
3662 3164 3687 3197 ι

2101 3229 2474 3303 Συγκλεισμδν
2503 3231 2561 3287 ἐν
2586 3232 2794 3297 τούτοις
2820 3232 2918 3303 τὴν
2950 3232 3251 3303 ἀσφάλειαν
3283 3234 3451 3303 λέγει.
3494 3236 3697 3305 ’Δσφά-

2100 3326 2218 3378 λεια
2249 3325 2307 3378 δέ
2334 3325 2562 3395 καρδίας
2593 3325 2654 3379 τὸ
2682 3323 2901 3396 Θάρσος,
2929 3326 3067 3397 ὅπερ
3095 3328 3162 3382 ἂν
3194 3327 3304 3397 ἔχοι
3335 3345 3418 3391 τις
3448 3328 3568 3381 κατ’
3598 3330 3698 3400 ἐχ-

2101 3414 2265 3484 Θρῶν.
2302 3409 2375 3469 Οὗ
2403 3414 2465 3486 δὴ
2492 3415 2584 3469 καὶ
2605 3414 2983 3486 διερρωγότος,
3015 3414 3085 3469 τά
3115 3416 3180 3469 ἐκ
3210 3417 3308 3487 τῆς
3341 3416 3540 3482 δειλίας
3571 3420 3695 3472 εἰσ-

2101 3508 2343 3578 κρίνεται
2393 3505 2563 3576 πάθη,
2610 3506 2687 3569 ὡς
2729 3504 2823 3558 καὶ
2868 3505 3071 3575 ἀμαχεὶ
3110 3508 3224 3570 τοῖς
3274 3505 3489 3578 ἐχΘροῖς
3536 3510 3697 3580 χαρί-

2105 3598 2300 3651 σασΘαι
2347 3597 2407 3651 τὸ
2450 3599 2627 3667 νικᾷν.
2677 3597 2900 3666 Ὅμοιον
2948 3591 3039 3650 οὖν
3089 3596 3165 3660 ῶς
3200 3596 3347 3665 λέγοι
3392 3598 3574 3668 τυχὸν,
3594 3601 3693 3663 Είς

2108 3691 2341 3760 ἐσχάτην
2391 3688 2591 3751 αὐτοὺς
2634 3687 2872 3741 κατοίσω
2917 3686 3141 3755 δειλίαν,
3181 3688 3291 3741 τῶν
3334 3688 3401 3741 δι’
3440 3690 3695 3753 ἐναντίας

2108 3780 2363 3835 πεινῶντι
2402 3799 2483 3844 τε,
2526 3780 2621 3834 καὶ
2666 3780 3031 3851 ὴτεκνωμένῳ
3072 3781 3551 3850 παρεικασΘέντων
3586 3779 3691 3851 Θη-

2110 3874 2260 3943 ρίων,
2316 3872 2459 3942 φημὶ
2507 3871 2570 3942 δὴ
2619 3872 2686 3941 τῇ
2744 3872 2951 3940 ἄρκτῳ.
2999 3869 3122 3922 Ὅτι
3167 3870 3223 3923 δὲ
3271 3872 3365 3924 καὶ
3420 3873 3533 3935 τοῖς
3588 3870 3694 3941 τῆς

2108 3963 2486 4035 αἰχμαλωσίας
2541 3960 2817 4025 ἐναλόντες
2871 3962 3124 4033 δεσμοῖς,
3173 3963 3267 4016 καὶ
3315 3965 3395 4027 είς
3437 3964 3535 4035 τὴν
3580 3964 3695 4017 τῶν

2120 4055 2420 4125 Ἀσσυρίων
2458 4054 2889 4126 ἀπενηνεγμένοι
2937 4055 3142 4124 χώραν,
3178 4054 3433 4125 οὐδεμίαν
3476 4053 3694 4118 ἕξουσιν

2108 4147 2396 4201 ἀπόνευσιν
2431 4146 2538 4201 τῶν
2584 4146 2796 4211 κακῶν,
2847 4146 2940 4199 καὶ
2973 4146 3193 4215 ἕψονται
3255 4146 3445 4216 ὥσπερ
3505 4147 3691 4211 αὐτοῖς

2107 4240 2330 4291 κάκεῖσε
2377 4238 2447 4291 τὰ
2507 4238 2776 4309 μοχΘηρά,
2822 4238 3163 4312 παρέδειξεν,
3228 4237 3398 4292 είπὼν
3438 4253 3454 4268 ’
3510 4256 3529 4289 ι
3576 4241 3692 4293 Kal.

426 4332 834 4401 καταφάγονται
875 4333 1073 4396 αὐτοὺς
1115 4333 1232 4385 ἐκεῖ
1299 4335 1528 4405 σκύμνοι
1567 4335 1793 4406 δρυμοῦ,
1836 4335 1998 4406 Θηρία
2038 4331 2206 4401 ἀγροῦ
2246 4331 2538 4385 διασπάσει
2596 4331 2815 4395 αὐτούς.
2859 4350 2879 4383 ι
2938 4330 3020 4385 Ta
3068 4330 3177 4401 γὰρ
3239 4329 3348 4383 τῶν
3389 4329 3692 4401 Ἀσσυρίων

425 4425 694 4479 ἀτιΘασσα
726 4426 877 4494 γένη,
910 4425 1167 4497 σκύμνοις
1190 4429 1299 4490 τοῖς
1324 4430 1380 4479 ἐν
1409 4430 1633 4498 δρυμοῖς
1664 4428 2005 4497 παρεικάζει,
2033 4424 2168 4479 πολὺ
2209 4424 2501 4478 νενευκότα
2529 4423 2663 4494 πρὸς
2704 4424 2766 4476 τὸ
2797 4424 3087 4494 ἀνήμερον.

504 4516 665 4572 Vens.
705 4517 855 4573 9-H.
889 4516 1213 4586 Dispersioni
1240 4530 1364 4583 tum,
1394 4518 1584 4585 Israel,
1629 4521 1746 4589 quis
1778 4520 1998 4573 auxilia-

2187 4516 2267 4585 Τῇ
2299 4512 2597 4584 διασπορᾷ
2629 4530 2767 4577 σου,
2809 4515 3066 4583 Ἰσραὴλ,
3092 4516 3182 4579 τίς
3210 4512 3509 4585 βοηθήσει
3529 4529 3548 4575 ;
3570 4512 3697 4567 ποῦ

428 4607 719 4663 bilurhtbi
747 4622 836 4661 rea:
860 4617 980 4661 tuus
1014 4609 1108 4662 iste
1132 4610 1156 4661 ?
1182 4608 1247 4661 Et
1280 4610 1436 4664 salvet
1456 4622 1501 4664 te
1532 4612 1585 4663 in
1636 4613 1872 4665 omnibus
1920 4629 2012 4666 ur-

430 4700 578 4754 bibus
603 4700 729 4753 tuis.
763 4698 972 4753 Judicet
994 4710 1042 4754 te
1062 4718 1210 4771 quem
1243 4703 1425 4756 dixiin
1452 4702 1568 4757 :Da
1591 4704 1719 4757 mihi
1748 4714 1917 4773 regem
1963 4715 2010 4759 et

428 4793 737 4862 principem.
760 4790 831 4846 Et
879 4794 1109 4847 deditibi
1140 4810 1309 4865 regem
1331 4796 1384 4848 in
1413 4796 1492 4849 ira
1520 4813 1655 4862 mea,
1678 4807 1724 4850 et
1775 4798 1936 4851 habui
1957 4799 2010 4851 in

431 4880 610 4950 furore
631 4901 747 4958 meo
765 4886 1220 4955 congregationem
1246 4886 1560 4956 iniquitatis.

504 5055 662 5110 CLII.
688 5060 805 5113 Dixi
827 5061 937 5129 jam
961 5073 1015 5117 et
1042 5064 1199 5132 paulo
1228 5074 1375 5129 ante,
1421 5063 1700 5120 incusasse
1726 5064 1892 5118 Deum
1940 5065 2007 5119 Ii-

435 5148 537 5204 lios
562 5148 745 5215 Israel,
771 5152 895 5218 quia
932 5154 1284 5212 nihilominus
1319 5159 1615 5212 humanum
1667 5155 1853 5227 jugum
1892 5174 2008 5211 ma-

437 5240 659 5305 luerint,
691 5250 744 5293 et
762 5242 860 5297 sub
890 5241 989 5297 Dei
1029 5259 1194 5314 regno
1232 5248 1414 5301 vivere
1444 5249 1757 5314 abnuerint,
1789 5250 2001 5303 tametsi

438 5345 603 5401 snper
647 5345 776 5385 avos
817 5346 1030 5395 eorum,
1104 5334 1262 5402 idque
1313 5351 1409 5404 per
1453 5340 1744 5407 prophetas
1803 5350 2017 5395 sanctos

439 5422 797 5496 regnavisset.
830 5424 974 5479 Dixit
1012 5425 1156 5479 enim
1206 5441 1401 5495 supra:
1462 5447 1480 5479 ι
1510 5428 1575 5483 Et
1634 5432 1687 5485 in
1754 5432 2016 5501 propheta

438 5516 625 5572 eduxit
656 5517 912 5573 Dominus
957 5516 1123 5573 Israel
1157 5531 1220 5571 ex
1281 5518 1536 5590 Aﬂgypto,
1567 5522 1701 5576 etin
1756 5526 2018 5592 propheta

437 5619 685 5665 servatus
708 5620 790 5665 est
821 5611 921 5664 ⁸³.»
969 5612 1074 5666 Vos
1102 5620 1301 5678 autem,
1339 5613 1531 5681 inquit,
1561 5614 1661 5669 sub
1692 5614 1801 5670 Deo
1860 5632 2019 5687 agere

517 5788 562 5819 ⁸³
592 5787 696 5846 Osc
735 5806 829 5858 xu,
878 5792 962 5847 I5.

2109 4613 2142 4664 ὁ
2183 4608 2484 4673 ,βασιλεύς
2533 4620 2648 4660 σου
2701 4601 2915 4670 οὗτος;
2964 4604 3063 4659 καί
3112 4603 3464 4658 διασωσάτω
3501 4617 3577 4656 σε
3620 4604 3697 4658 ἐν

2108 4702 2332 4766 πείσαις
2374 4698 2500 4765 ταῖς
2538 4697 2757 4751 πόλεσί
2784 4713 2922 4751 σου.
2957 4696 3224 4766 Κρινάτω
3272 4710 3347 4749 σε
3391 4695 3462 4747 ὃν
3492 4691 3695 4761 εἶπας,

2105 4793 2215 4859 Δός
2237 4810 2339 4862 μοι
2389 4791 2657 4856 ,βασιλέα
2708 4789 2805 4842 καί
2852 4789 3134 4858 ἄρχοντα.
3185 4789 3293 4843 Kal
3348 4786 3539 4841 ἔδωκὰ
3591 4802 3697 4840 σοι

2103 4885 2371 4950 βασιλέα
2401 4884 2469 4938 ἐν
2497 4882 2645 4953 ὀργῆ
2667 4900 2808 4952 μου,
2836 4882 2932 4935 καί
2965 4882 3156 4951 ἔσχον
3181 4880 3251 4935 ἐν
3280 4878 3358 4945 τῷ
3386 4876 3551 4948 θυμῷ
3568 4896 3696 4947 μου

2113 4974 2472 5043 συστροφὴν
2500 4973 2753 5038 ἀδικίας.

2184 5067 2355 5121 PNB’.
2400 5066 2578 5136 Ἐφην
2614 5064 2715 5135 ἤδη
2745 5064 2839 5117 καὶ
2876 5062 2933 5117 ἐν
2964 5063 3073 5125 τοῖς
3102 5060 3357 5131 ἀνωτέρω
3386 5057 3579 5129 βραχὺ,
3609 5057 3699 5111 ὅτι.

2117 5162 2410 5230 κατῃτιᾶτο
2433 5160 2562 5221 Θεὸς
2589 5160 2715 5222 τοὺς
2749 5155 2809 5220 ἐξ
2851 5156 3084 5227 Ἰσραὴλ,
3117 5155 3211 5207 καὶ
3254 5153 3365 5208 οὐδ’
3393 5153 3539 5213 ὅπως
3572 5152 3697 5205 ἐλο-

2116 5252 2306 5322 μένους
2355 5250 2417 5303 τὸ
2463 5249 2823 5320 ἀνθρωπίνοις
2870 5246 3068 5316 μᾶλλον
3114 5244 3442 5316 ὑπεζεῦχΘαι
3482 5244 3693 5311 ζυγοῖς,

2114 5344 2206 5395 καὶ
2234 5342 2533 5413 ἁνῂνασΘαι
2557 5341 2656 5411 τὴν
2682 5340 2772 5393 ὑπ’
2805 5337 2952 5409 αὐτῷ
2980 5337 3254 5408 βασιλείαν
3290 5337 3366 5407 τῷ
3398 5334 3539 5405 Θεῷ,
3569 5335 3696 5387 καί·

2113 5451 2193 5485 τοι
2236 5432 2681 5501 βεϐασιλευκότος
2713 5431 2819 5484 τῶν
2850 5430 3240 5501 ἀρχαιοτέρων,
3291 5430 3384 5483 καὶ
3432 5427 3518 5480 διὰ
3559 5445 3698 5499 προ-

2115 5525 2298 5593 φητῶν
2327 5525 2514 5592 ἁγίων.
2547 5525 2689 5594 Ἔφη
2727 5524 2853 5594 γὰρ,
2881 5523 2961 5575 ὅτι
3000 5540 3019 5573 ι
3055 5523 3166 5575 Καὶ
3198 5524 3255 5574 ἐν
3280 5523 3532 5592 προφήτῃ
3562 5520 3697 5589 avﬁ-

2117 5635 2252 5685 γαγε
2283 5617 2482 5687 Κύριος
2512 5618 2600 5671 τὸν
2658 5616 2869 5687 Ἰσραὴλ
2915 5615 2973 5679 ἐξ
3018 5612 3315 5684 Αἰγύπτου,
3345 5613 3438 5667 καὶ
3471 5613 3530 5665 ἐν
3561 5629 3697 5684 πρυ-
