3898 6212
358 264 456 319 3!!

1360 264 1420 325 S.
1461 264 1738 322 CYRlLLI
1777 265 2248 321 ALEXANDRINI
2287 266 2617 321 ARCIIIEP.

3538 266 3654 321 319.

361 377 617 448 imperari
687 393 791 434 non
838 380 1145 447 sustinens,
1197 379 1405 451 legatos
1446 381 1513 435 ad
1550 380 1721 449 Segor
1774 396 1949 449 regem

2088 380 2210 442 είας
2241 379 2608 450 Σαλμανασάρ
2651 380 2897 447 βασιλεὺς
2940 381 3266 451 Ἀσσυρίων.
3316 398 3335 430 ι
3377 380 3489 433 Καὶ
3534 380 3654 448 ἐγε-

360 467 607 541 A‘Igypti,
650 471 716 524 ab
744 485 809 526 eo
833 472 1109 540 suppetias
1140 473 1361 542 petitum
1391 472 1558 529 misit.
1593 472 1665 526 Ea
1700 489 1756 527 re
1790 472 1953 527 oﬂ'eu-

364 576 459 616 sus
505 561 872 629 Salmanasar,
904 563 1205 618 Samariam
1257 571 1368 617 toto
1426 564 1656 619 triennio
1720 565 1949 619 obsedit.

366 652 569 707 Deinde
593 652 731 708 Osee
762 655 939 709 vivum
988 663 1201 725 captum
1249 655 1477 710 vinculis
1508 655 1785 721 astrinxit,
1815 666 1869 711 et
1899 657 1950 709 in

366 760 493 799 suos
516 745 721 802 retulit.
752 747 1002 803 lsraelem
1046 761 1260 817 quoque
1285 748 1336 799 in
1366 756 1615 800 montana
1665 746 1953 801 Persarum

368 845 424 889 et
451 835 727 891 Medorum
760 838 1062 908 demigrare
1091 838 1283 909 coegit.
1321 837 1543 892 Videtur
1568 838 1747 907 itaque
1778 853 1956 893 sermo

370 931 726 999 propheticus
769 931 859 985 hic
895 931 1049 985 nobis
1089 930 1227 985 Osee
1276 930 1440 985 lilium
1488 931 1583 986 Eia
1627 932 1954 999 exprimere,

370 1037 529 1091 quem
564 1034 618 1078 et
644 1024 960 1093 prudentem
990 1025 1232 1078 nominat
1263 1042 1277 1089 ;
1308 1040 1410 1078 non
1445 1026 1571 1095 quia
1616 1041 1798 1081 revera
1833 1042 1958 1096 pru-

372 1113 503 1167 dens
525 1114 702 1180 fuerit,
729 1116 821 1170 sed
841 1114 1011 1169 ironia
1032 1116 1261 1184 quadam
1282 1117 1473 1171 utitur.
1491 1116 1797 1173 [labebatur
1814 1117 1957 1172 enim

374 1206 442 1259 ab
461 1204 663 1262 lsraele
708 1223 804 1277 pro
836 1209 951 1263 viro
975 1209 1240 1277 prudente
1256 1218 1308 1262 et
1329 1209 1417 1278 qui
1444 1210 1813 1279 persapienter
1831 1226 1959 1264 con-

374 1300 654 1367 suluisset,
677 1319 799 1356 cum
834 1319 899 1358 ex
936 1302 1167 1373 Aigypto
1198 1318 1352 1371 opem
1381 1320 1477 1373 pm
1508 1304 1638 1373 ipsis
1672 1304 1957 1371 petendam

376 1394 724 1459 censuisset;
760 1394 853 1447 sed
912 1393 1103 1449 frivole
1142 1405 1194 1448 et
1249 1396 1506 1449 inutiliter
1561 1394 1757 1449 fecisse
1802 1403 1961 1461 atque

377 1481 717 1536 consuluisse
768 1483 1037 1552 apparuit.
1088 1483 1246 1552 187
1298 1482 1427 1549 Quis
1483 1499 1632 1552 ergo,
1681 1484 1873 1553 inquit,
1910 1492 1962 1537 te

379 1587 410 1625 a
450 1572 785 1641 gravissimis
826 1572 1227 1626 calamitatibus
1286 1573 1621 1643 perferendis
1666 1572 1965 1627 liberabit?

2061 471 2220 541 νήθη,
2275 472 2459 541 φησιν,
2512 472 2671 543 Ὠσηὲ
2713 472 2861 543 αύτῴ
2913 472 3117 536 δοῦλος.
3178 490 3197 523 ι
3262 469 3540 540 Ὠργίζετο
3593 470 3651 523 δὲ

2061 563 2179 616 λίαν
2233 566 2259 616 6
2322 562 2603 635 Ἀσσύριος
2655 566 2741 619 ἐπ’
2803 564 2952 636 αὐτῷ
3005 565 3072 617 δι’
3132 564 3314 619 αἰτίαν
3367 565 3651 635 τοιαύτην.

2066 654 2314 723 Ἔπεμψε
2365 655 2463 724 μὲν
2490 655 2598 727 γὰρ
2629 656 2765 727 πρὸς
2803 658 2966 709 αὑτὸν
3013 657 3300 725 ἀγγέλους,
3344 657 3508 709 αίτῶν
3557 675 3656 726 μα-

2063 746 2185 808 ναά,
2207 745 2301 799 καὶ
2323 746 2391 799 τὰ
2414 746 2638 818 συνήθη.
2671 748 2730 800 '0
2750 748 2808 799 δὲ
2831 747 3262 819 προστάττεσθαι
3288 750 3414 817 παρ’
3441 748 3659 802 ἐκείνου

2067 836 2142 906 μὴ
2170 837 2557 908 ἀνασχόμενος,
2590 839 2956 909 ὲπρεσϐεύετο
3001 839 3137 909 πρὸς
3184 840 3379 910 Σηγὼρ
3429 840 3661 910 βασιλέα

2063 928 2362 995 Αἰγύπτου,
2415 931 2511 997 τὴν
2574 932 2701 999 παρ’
2741 930 2903 983 αὑτοῦ
2958 931 3212 1001 βοήθειαν
3264 932 3451 986 αἰτῶν.
3507 933 3662 1002 Πρὸς

2064 1021 2219 1075 τοῦτο
2242 1022 2613 1093 λελυπημένος
2638 1026 2666 1077 6
2698 1024 3085 1094 Σαλμανασάρ,
3118 1025 3517 1096 πεπολιόρκηκε
3556 1027 3661 1095 μὲν

2065 1121 2161 1187 τὴν
2197 1117 2531 1187 Σαμάρειαν,
2560 1118 2644 1185 ἐφ’
2673 1117 2815 1180 ὅλοις
2852 1116 2999 1169 ἔτεσι
3038 1117 3238 1187 τρισίν.
3273 1113 3407 1169 Εἶτα
3438 1118 3663 1189 ζωγρή-

2068 1224 2166 1269 σας
2192 1206 2283 1259 τὸν
2324 1206 2503 1278 Ὠσηὲ,
2540 1206 2825 1275 δεσμώτην
2861 1205 3055 1271 ἐποίει,
3087 1204 3181 1258 καὶ
3215 1204 3563 1274 κατέγραφεν
3598 1207 3663 1258 ὲν

2066 1300 2324 1363 οἰκέταις.
2375 1298 2644 1368 Ἀπῲκισε
2692 1299 2748 1351 δὲ
2800 1299 2894 1352 καὶ
2944 1299 3035 1350 τὸν
3094 1298 3309 1369 Ἰσραὴλ
3351 1300 3409 1349 ὲν
3456 1298 3665 1369 ὀρείοις

2071 1392 2296 1463 Περσῶν
2344 1393 2435 1445 καὶ
2472 1392 2691 1461 Μήδων,
2726 1392 2942 1444 Ἔοικεν
2968 1387 3059 1445 οῦν
3092 1393 3119 1443 6
3166 1390 3502 1461 προφητικδς
3526 1391 3667 1460 ἡμῖν

2068 1484 2223 1552 λόγος
2279 1484 2436 1554 Ὠσηὲ
2482 1484 2572 1537 τὸν
2626 1482 2758 1536 Ἰἰλά
2792 1481 3199 1535 καταδεικνύειν
3241 1482 3299 1535 ἐν
3329 1480 3559 1543 τούτοις,
3599 1480 3668 1533 δν

2070 1579 2165 1631 καὶ
2206 1577 2470 1649 φρόνιμον
2516 1577 2801 1630 ἀποκαλεῖ.
2848 1576 2959 1645 Ούχ
3003 1576 3083 1628 ὅτι
3139 1575 3389 1637 συνετὸς.
3408 1570 3476 1643 ἦν
3516 1573 3670 1626 κατὰ

387 1681 404 1712 ι
441 1661 541 1715 Hic
576 1661 716 1715 ﬁlius
746 1672 869 1715 tuus
919 1662 1005 1716 ille
1046 1663 1303 1731 prudens,
1334 1664 1456 1731 quia
1522 1678 1627 1716 non
1676 1663 1964 1717 sustinebit

2088 1667 2349 1738 ἰιλὴθειαν,
2401 1667 2517 1720 ἀλλ’
2548 1668 2709 1720 οἱονεί
2748 1684 2866 1729 πως
2900 1666 3265 1737 εἰρωνεύεται.
3324 1665 3525 1718 Ἐδόκει
3564 1663 3670 1734 μὲν

382 1752 435 1806 in
474 1752 799 1807 contritione
832 1752 1119 1806 filiorum.»
1147 1752 1282 1805 Dum
1314 1753 1458 1807 enim
1503 1752 1594 1805 (iiii
1650 1754 1723 1807 tui
1781 1765 1963 1808 conte-

2088 1759 2175 1830 ζάρ
2208 1758 2360 1829 παρὰ
2384 1758 2460 1828 τῷ
2507 1759 2721 1829 Ἰσραὴλ
2756 1758 2977 1821 συνετὸς
3024 1753 3159 1809 εἶναί
3188 1774 3292 1822 τις,
3322 1757 3416 1809 καὶ
3454 1756 3670 1827 σφόδρα

384 1853 595 1908 rentur,
621 1844 815 1913 inquit,
848 1858 946 1899 nec
976 1845 1089 1913 ipse
1138 1845 1414 1900 subsistet.
1448 1844 1723 1915 Capietur,
1753 1861 1968 1900 servus-

382 1951 489 2005 que
519 1946 571 1991 et
601 1936 849 2005 captivus
886 1951 991 1989 una
1017 1952 1141 1991 cum
1192 1936 1315 1991 aliis
1360 1938 1425 1991 ad
1451 1936 1701 2007 Assyrios
1769 1939 1972 2007 migra-

383 2029 484 2084 bit.
512 2031 800 2099 Sapienter
831 2029 1013 2099 itaque
1054 2029 1143 2097 qui
1177 2030 1395 2098 psallit:
1436 2048 1453 2081 ι
1500 2028 1779 2085 Fortitudo
1830 2046 1968 2095 mea,

2074 1849 2253 1919 σοφῶς
2316 1848 2735 1918 βεϐουλεῦσθαι,
2784 1847 2873 1901 διά
2922 1865 3005 1901 τοι
3073 1848 3134 1900 τὸ
3184 1846 3399 1899 ἑλέσθαι
3447 1846 3544 1917 τὴν
3604 1845 3674 1910 ἐξ

2070 1939 2349 2007 Αἰγύπτου
2384 1939 2567 1992 καλεῖν
2618 1938 2938 2009 ἐπικουρίαν
2984 1938 3186 2000 αὐτοῖς.
3232 1936 3370 1989 Ἀλλ’
3413 1936 3527 2005 ἥλω
3560 1935 3676 2004 ψυ-

2068 2033 2196 2103 χρά,
2239 2033 2333 2085 καὶ
2362 2032 2633 2101 ἁνώνητα,
2668 2032 2763 2085 καὶ
2803 2031 3028 2101 δράσας,
3068 2030 3163 2083 καὶ
3212 2029 3669 2100 βουλευσάμενος.
3762 2026 3771 2035 “

385 2132 443 2177 ει
469 2122 585 2176 laus
620 2136 736 2176 mea
768 2121 1029 2175 Dominus
1055 2122 1250 2175 ⁹⁰.ιΑι)
1281 2121 1396 2190 ipso
1416 2122 1556 2176 enim
1595 2122 1765 2176 virtus
1795 2122 1973 2177 omnis

2088 2126 2165 2190 Γίς
2197 2125 2262 2196 δὴ
2304 2123 2395 2179 οῦν
2425 2126 2553 2197 ἄρα,
2589 2126 2775 2196 φησιν,
2810 2123 3073 2188 ὲξελεῖταί
3122 2141 3180 2175 σε
3226 2122 3319 2175 τοῦ
3354 2120 3428 2192 μὴ
3471 2120 3675 2172 παθεῖν

386 2224 442 2269 ει
498 2214 646 2268 salus
706 2214 917 2277 omnis,
975 2224 1027 2268 et
1077 2223 1227 2269 extra
1293 2214 1467 2282 ipsum
1520 2228 1677 2269 nemo
1748 2221 1832 2267 est
1882 2214 1970 2281 qui

2088 2218 2169 2281 τὰς
2207 2217 2539 2288 ἀνηκέστους
2567 2216 2886 2288 συμφοράς
2929 2236 2946 2267 ι
2976 2209 3143 2277 Οὗτος
3168 2216 3195 2268 6
3227 2214 3341 2276 υἱός
3366 2230 3456 2265 σου
3482 2212 3676 2281 φρόνι-

386 2306 561 2361 salvct
585 2308 624 2360 ¹.
2073 2326 2191 2379 μος,
2221 2310 2357 2363 διότι
2395 2310 2456 2363 οὐ
2484 2309 2558 2381 μὴ
2593 2310 2803 2380 ύποστῇ
2838 2310 2894 2361 ὲν
2929 2306 3187 2377 συντριϐῇ
3229 2306 3454 2359 τέκνων.
3497 2323 3515 2355 ›
3542 2303 3678 2355 Τῶν

386 2399 496 2469 γὰρ
528 2399 635 2452 σῶν
661 2402 864 2454 τέκνων
896 2396 1348 2468 συντριϐομένων,
1379 2396 1532 2467 φησι,
1571 2394 1678 2448 οὐδ’
1713 2394 1779 2449 ἂν
1840 2396 2001 2462 αὐτὸς
2035 2399 2324 2471 ὑποσταίη.
2360 2401 2711 2472 Ληφθὴσεται
2772 2401 2878 2470 γὰρ
2909 2398 3097 2462 δοῦλός
3155 2415 3215 2451 τε
3257 2398 3351 2450 καὶ
3382 2396 3678 2465 αἰχμάλω-

387 2508 498 2553 τος,
547 2490 682 2562 ὁμοῦ
737 2493 849 2555 τοῖς
892 2489 1071 2552 ἄλλοις
1122 2488 1381 2558 βαδιεῖται
1434 2488 1569 2559 πρὸς
1632 2488 1970 2558 Ἀσσυρίους.
2014 2491 2182 2561 Σοφὸς
2248 2489 2342 2547 οὖν
2370 2491 2681 2557 ἀΨάλλων,
2718 2510 2735 2542 ‹
2791 2475 2995 2561 ’ἰσχύς’
3025 2507 3148 2559 μου,
3178 2488 3273 2543 καὶ
3304 2486 3536 2558 ὓμνησίς
3561 2502 3673 2555 μου

389 2586 417 2639 6
442 2583 661 2655 Κύριος.
703 2604 721 2635 ι
756 2585 891 2654 Παρ’
930 2581 1094 2635 αὐτοῦ
1137 2581 1246 2652 γὰρ
1276 2582 1422 2633 πᾶσα
1450 2580 1679 2650 δύναμις
1720 2580 1814 2631 καὶ
1845 2583 2122 2653 σωτηρία·
2159 2587 2252 2639 καὶ
2282 2584 2470 2650 σώζων
2494 2586 2594 2639 οὐκ
2624 2587 2740 2637 ἔστι
2774 2584 2950 2655 πάρεξ
2977 2581 3163 2637 αὑτοῦ.

464 2675 623 2737 Vens.
668 2675 756 2729 Η.
812 2674 887 2729 De
934 2688 1092 2726 manu
1129 2671 1322 2740 inferni
1376 2671 1603 2725 liberabo
1654 2686 1763 2735 eos,
1817 2681 1862 2724 et
1914 2670 1980 2724 de

393 2778 557 2821 morte
606 2767 862 2820 redimam
908 2766 1051 2819 illos.
1101 2761 1201 2817 Ubi
1256 2764 1473 2817 victoria
1511 2772 1620 2826 tua,
1665 2764 1843 2817 mors?
1892 2763 1981 2815 ubi

393 2858 610 2911 aculeus
646 2866 791 2919 tuus,
819 2855 1022 2923 inferne
1043 2855 1068 2907 1’

466 2946 645 3003 CLIV.
700 2945 993 3013 Postquam
1023 2958 1089 2995 ex
1123 2944 1202 2995 ira
1234 2940 1611 3009 peccatoribus
1633 2940 1846 2995 locutus
1874 2949 1979 3008 est,

396 3048 452 3094 et
494 3054 558 3095 ex
610 3037 796 3094 dolore
843 3050 942 3090 suo
996 3033 1103 3088 illis
1142 3042 1406 3087 eventura
1455 3031 1861 3100 praenuntiavit,
1916 3034 1981 3086 ad

401 3129 871 3185 mansuetudinem
908 3128 1016 3182 Deo
1062 3129 1314 3179 decoram
1349 3122 1661 3186 revertitur,
1695 3135 1750 3177 et
1784 3138 1843 3178 se
1879 3138 1983 3179 non

399 3223 711 3277 universum
757 3234 927 3291 genus
971 3220 1264 3272 humanum
1325 3223 1656 3280 aversatum,
1702 3229 1877 3284 neque
1931 3215 1983 3268 in

399 3313 646 3369 exsilium
684 3307 1041 3365 irrevocabile
1085 3306 1583 3376 sempiternumque
1623 3306 1857 3371 misisse,
1891 3306 1985 3361 sed

400 3406 584 3460 datum
641 3402 709 3457 iri
760 3399 1049 3470 aliquando
1092 3398 1303 3454 veniam
1359 3408 1415 3453 et
1468 3400 1867 3456 revocationem
1919 3400 1987 3455 ad

402 3505 638 3554 veterem
665 3503 861 3550 statum
891 3494 944 3547 in
987 3492 1225 3556 Christo,
1256 3491 1479 3556 indicat,
1523 3492 1729 3547 addens
1784 3492 1984 3548 libera-

401 3602 583 3645 turum
621 3602 681 3641 se
717 3586 783 3639 de
834 3600 995 3638 manu
1048 3583 1205 3638 inferi
1243 3590 1299 3638 et
1349 3583 1415 3638 de
1451 3592 1626 3638 morte
1678 3585 1990 3655 redemptu-

403 3688 547 3736 rum,
574 3671 717 3725 haud
750 3670 912 3725 dubie
938 3670 1112 3725 eidem
1145 3680 1367 3741 propter
1402 3683 1620 3741 peccata
1662 3673 1713 3726 in
1741 3673 1990 3728 Condito-

408 3760 519 3821 i°em
556 3763 873 3829 commissa,
916 3771 971 3816 et
1014 3774 1235 3832 pr0pter
1272 3765 1755 3832 transgressionem
1796 3766 1986 3820 Adami

406 3876 436 3912 ιι
468 3855 731 3929 principio
778 3852 1070 3923 subjectos.
1107 3852 1271 3907 Facta
1329 3863 1411 3907 est
1456 3855 1601 3908 enim
1639 3865 1825 3924 postea
1868 3856 1990 3911 talis

407 3946 698 4015 promissio
725 3960 830 3998 non
858 3943 1031 3999 solum
1063 3941 1341 4013 Ephraim,
1375 3958 1468 3998 seu
1493 3945 1771 4015 progeniei
1799 3943 1987 4013 Israel,

408 4041 503 4095 sed
548 4038 870 4093 mortalibus
904 4037 1197 4091 universis.
1239 4034 1396 4101 Nam,
1442 4048 1498 4091 ut
1537 4037 1727 4093 scribit
1776 4037 1991 4093 divinus

410 4132 631 4197 Paulus,
689 4127 854 4183 «Non
912 4127 1221 4183 Judzeorum
1268 4128 1409 4183 Deus
1466 4138 1711 4195 tantum,
1787 4128 1881 4183 sed
1938 4138 1992 4184 et

411 4225 676 4296 gentium.
710 4220 1040 4277 Justiﬁcavit
1074 4220 1218 4276 enim
1249 4220 1717 4277 circumcisiouem
1749 4237 1814 4275 ex
1863 4220 1989 4285 ﬁde,

2168 2678 2265 2731 Ἐκ
2298 2679 2497 2747 χειρὸς
2537 2676 2687 2743 ᾅδου
2725 2675 2990 2743 ῥύσομαι
3023 2670 3280 2736 αὐτοὺς,
3320 2668 3417 2724 καὶ
3457 2667 3525 2722 ἐκ
3564 2672 3680 2723 θα·-

2084 2770 2270 2823 νάτου
2297 2768 2679 2839 λυτρώσομαι
2706 2767 2949 2832 αὐτούς.
2978 2765 3104 2819 Ποῦ
3149 2765 3187 2833 ὴ
3230 2763 3367 2831 δίκη
3408 2778 3543 2828 σου,
3575 2754 3681 2817 θά-

2084 2878 2263 2925 νατε;
2293 2862 2411 2916 ποῦ
2438 2860 2505 2915 τὸ
2528 2859 2778 2929 κέντρον
2810 2871 2949 2922 σου,
2983 2855 3137 2924 (irin;

2158 2953 2328 3006 PNA'.
2351 2953 2432 3006 Τὰ
2471 2953 2535 3005 ὲκ
2570 2950 2743 3021 θυμοῦ
2774 2950 3014 3019 λαλήσας
3044 2950 3155 3009 τοῖς
3182 2943 3552 3017 ἡμαρτηκόσι,
3572 2945 3682 2998 καὶΙ

2085 3043 2153 3097 τά
2182 3045 2245 3096 ἐκ
2270 3043 2447 3112 λύπης
2476 3042 2712 3113 ἐσόμενα
2736 3036 3231 3111 προαπηγγελκὼς,
3259 3034 3681 3105 ἁναπεφοίτηκε

2087 3135 2246 3189 πάλιν
2281 3137 2362 3198 είς
2392 3134 2668 3206 θεοπρεπῆ
2697 3149 2755 3185 τε
2784 3132 3124 3202 ἡμερότητα,
3182 3128 3277 3182 καὶ
3320 3128 3403 3180 ὅτι
3450 3126 3524 3197 μὴ
3553 3127 3682 3179 εἰσ-

2086 3223 2233 3277 ἀπαν
2288 3222 2350 3275 τὸ
2406 3223 2498 3275 ἐπὶ
2553 3221 2658 3290 γῆς
2714 3221 3099 3290 ἀπέστραπται
3145 3218 3321 3286 γένος,
3372 3218 3509 3287 μήτε
3561 3216 3682 3286 μὴν

2086 3316 2286 3386 ἀνῆκεν
2316 3314 2397 3376 είς
2426 3309 2777 3383 καταφθοράν
2816 3308 3067 3379 ἀχάλινόν
3104 3325 3194 3372 τι,
3242 3308 3335 3360 καὶ
3377 3305 3684 3377 ἀτελεύτη-

2085 3422 2198 3471 τον,
2238 3404 2352 3457 ἀλλ’
2390 3402 2546 3456 ἔσται
2592 3419 2673 3465 τις
2724 3400 2866 3454 κατὰ
2909 3398 3135 3470 καιροὺς
3166 3397 3351 3467 φειδὼ,
3400 3397 3495 3449 κα)⁸
3540 3398 3685 3452 ἀνά-

2088 3496 2280 3568 κλησις
2321 3497 2401 3559 εἰς
2434 3494 2496 3547 τὸ
2526 3494 2619 3546 ἀπ’
2652 3491 2829 3563 ἀρχῆς
2859 3493 2916 3545 ὲν
2944 3490 3165 3562 Χριστῷ
3187 3532 3200 3555 ,
3236 3489 3681 3559 καταμεμήνυκε

2090 3587 2420 3661 προστιθεὶς,
2457 3587 2533 3649 ὡς
2579 3584 2801 3657 ῥύσεται
2844 3584 2943 3653 μὲν
2977 3585 3042 3637 ὲκ
3076 3582 3259 3654 χειρὸς
3288 3580 3437 3652 ᾅδου,
3466 3581 3562 3633 καὶ
3605 3582 3680 3635 ἐκ

2090 3680 2321 3733 θανάτου
2351 3676 2704 3748 λυτρὼσεται.
2755 3675 2923 3746 Δῆλον
2973 3673 3050 3739 δὲ,
3100 3674 3181 3726 ὅτι
3227 3672 3352 3735 τοὺς
3388 3672 3479 3724 ὑπ’
3506 3671 3682 3726 αὐτὸν

2090 3769 2403 3839 γεγονότας,
2442 3768 2530 3821 διά
2568 3768 2668 3839 τὴν
2707 3769 2787 3829 είς
2818 3764 3045 3837 ποιητὴν
3092 3765 3387 3835 ἁμαρτίαν,
3437 3765 3531 3817 καὶ
3573 3763 3681 3835 τὴν

2089 3865 2148 3917 ὲν
2191 3865 2387 3934 ἀρχαῖς
2432 3860 2526 3914 τοῦ
2562 3859 2734 3930 Ἀδάμ
2786 3858 3122 3930 παράϐασιν.
3154 3856 3457 3926 Πεποίηται
3491 3855 3599 3926 γὰρ
3643 3858 3676 3926 ἡ

2090 3954 2267 4007 τοιάδε
2317 3952 2478 4005 πάλιν
2523 3951 2855 4022 ὑπόσχεσις,
2898 3950 3023 4018 οὐχὶ
3077 3948 3221 4018 μόνῳ
3269 3947 3348 4017 τῷ
3408 3945 3677 4017 Ἐφραῒμ,

2091 4046 2257 4117 ἤγουν
2282 4046 2396 4107 τοῖς
2434 4044 2493 4108 ἐξ
2522 4042 2750 4113 αἵματος
2790 4041 3028 4112 Ἰσραὴλ,
3059 4040 3231 4093 ἅπασι
3253 4038 3311 4091 δὲ
3335 4037 3533 4109 μᾶλλον
3558 4041 3680 4102 τοῖς

2092 4138 2185 4191 ἐπὶ
2222 4137 2320 4208 τῆς
2358 4136 2480 4207 γῆς.
2530 4136 2618 4198 Ὦς
2652 4134 2760 4203 γάρ
2796 4134 2825 4185 6
2871 4132 3157 4195 θεσπέσιος
3194 4130 3395 4200 γράφει
3437 4128 3676 4195 Παῦλος,

2099 4247 2120 4279 ι
2159 4229 2273 4282 Οὐκ
2329 4226 2597 4281 Ἰουδαίων
2649 4228 2677 4279 6
2718 4226 2851 4289 Θεὸς
2901 4224 3117 4295 μόνων,
3168 4223 3305 4277 ἀλλὰ
3349 4223 3443 4276 καὶ
3481 4221 3678 4275 ἐθνῶν.

411 4332 468 4378 ει
502 4320 821 4391 praeputium
853 4331 949 4387 per
983 4315 1140 4371 ﬁdem
1164 4316 1238 4370 ’.ι
1272 4314 1521 4374 Redemit
1568 4324 1745 4371 autem
1789 4330 1888 4369 nos
1927 4314 1980 4368 de

2096 4318 2424 4372 Δεδικαίωκε
2474 4318 2582 4391 γὰρ
2635 4314 2937 4386 περιτομὴν
2978 4315 3043 4367 ὲκ
3075 4313 3332 4377 πίστεως,
3369 4311 3465 4365 καὶ
3506 4312 3682 4382 ἀκρο·

414 4428 578 4469 manu
634 4410 855 4476 inferni,
910 4409 1012 4463 hoc
1066 4413 1171 4474 est,
1224 4407 1289 4461 de
1348 4407 1639 4478 tyrannide
1677 4408 1887 4461 mortis.
1929 4406 1995 4460 Et

416 4505 609 4560 modus
648 4498 1054 4570 redemptionis,
1089 4496 1289 4551 Christi
1333 4512 1479 4552 mors
1512 4498 1870 4567 intelligitur.
1906 4496 1996 4551 Li-

418 4601 552 4654 bens
598 4595 744 4651 enim
793 4606 981 4648 necem
1038 4591 1089 4645 in
1139 4590 1282 4661 ligno
1324 4606 1419 4659 pro
1474 4589 1627 4644 nobis
1667 4591 1909 4659 pertulit,
1944 4600 2000 4646 et

420 4689 755 4761 principatus
803 4699 866 4738 ac
924 4690 1236 4753 potestates,
1291 4681 1448 4734 amxo
1502 4681 1576 4735 illi
1656 4693 1846 4737 contra
1903 4697 2001 4739 nos

421 4777 1167 4852 chirographo,triumphavit
1187 4776 1228 4830 ³.
1265 4774 1418 4830 Tunc
1446 4775 1612 4841 enim,
1644 4784 1768 4830 tunc
1797 4776 1995 4832 etiam:

428 4895 447 4927 ι
474 4874 662 4930 Omnis
706 4873 963 4942 iniquitas
1003 4869 1262 4941 oppilavit
1307 4884 1370 4924 os
1414 4868 1610 4924 suum‘
1640 4888 1687 4935 ι,
1721 4878 1775 4925 ει
1807 4870 1997 4926 mortis

426 4966 711 5034 imperium
750 4972 978 5034 peccato
1016 4962 1227 5019 sublato
1271 4961 1606 5017 destructum
1634 4961 1775 5016 est“.
1818 4961 1996 5032 ipsum

425 5057 572 5116 enim
614 5065 697 5111 est
725 5058 915 5111 mortis
952 5056 1199 5123 victoria,
1235 5064 1289 5109 et
1318 5051 1571 5109 stimulus
1615 5052 1812 5107 inferni
1834 5055 1875 5111 ⁸.
1905 5054 1997 5108 Sic

426 5145 573 5203 enim
602 5153 659 5199 et
682 5144 904 5212 sapiens
927 5143 1128 5198 Paulus
1166 5144 1324 5199 nobis
1348 5152 1433 5198 est
1459 5142 1867 5214 interpretatus.
1912 5143 2003 5197 Ait

430 5250 705 5307 namque:
742 5252 760 5285 ι
791 5233 1054 5291 Stimulus
1104 5235 1295 5289 mortis
1336 5244 1615 5305 peccatum
1660 5246 1777 5305 est;
1830 5236 2006 5293 virtus

431 5340 614 5388 autem
656 5326 865 5396 peccati
905 5325 991 5379 lex
1013 5326 1057 5379 ⁷.
1087 5344 1106 5378 δ
1147 5324 1491 5395 Quapropter
1516 5328 1756 5382 omnium
1786 5339 2007 5397 peccato

431 5422 633 5488 deleto,
680 5426 737 5475 et
783 5431 882 5473 nos
928 5417 1049 5487 jure
1089 5416 1388 5472 dixerimus
1425 5433 1440 5470 :
1475 5435 1493 5468 ι
1525 5417 1625 5473 Ubi
1660 5430 1745 5475 est
1784 5421 2008 5477 victoria

2093 4411 2316 4465 δυστίαν
2346 4409 2435 4463 διά
2462 4409 2563 4479 τῆς
2601 4407 2857 4471 πίστεως.
2893 4424 2912 4456 ι
2956 4404 3305 4475 Λελύτρωται
3343 4403 3400 4456 δὲ
3428 4402 3575 4471 ἡμᾶς
3614 4401 3686 4454 ἐκ

2094 4504 2275 4574 χειρὸς
2315 4503 2463 4574 ᾅδου,
2508 4500 2809 4563 τουτέστιν,
2858 4498 2924 4551 ὲκ
2970 4497 3069 4567 τῆς
3102 4495 3197 4549 τοῦ
3240 4495 3469 4547 θανάτου
3510 4510 3686 4545 κατα-

2096 4595 2439 4657 δυναστείας,
2470 4594 2563 4645 καὶ
2593 4594 2621 4644 ὁ
2655 4592 2754 4661 τῆς
2785 4588 3107 4661 λυτρώσεως
3132 4587 3334 4658 τρόπος
3362 4585 3393 4637 6
3436 4582 3685 4656 Χριστοῦ

2098 4688 2299 4737 νοεῖται
2336 4682 2583 4744 θάνατος.
2627 4680 2847 4749 Ἀνέτλη
2879 4679 2945 4747 γὰ
2957 4692 2988 4749 ρ
3032 4676 3174 4730 ἑκὼν
3208 4676 3309 4747 τὴν
3341 4676 3480 4746 ὑπὲρ
3514 4672 3679 4744 ἡμῶν

2104 4777 2197 4829 ἐπὶ
2245 4774 2435 4840 ξύλους
2464 4772 2698 4842 σφαγὴν,
2740 4771 2835 4824 καὶ
2887 4768 3319 4841 τεθριάμϐευκεν
3370 4766 3544 4839 ἀρχὰς
3584 4768 3686 4819 καὶ

2105 4866 2372 4935 ἐξουσίας,
2424 4863 2782 4938 προσηλώσας
2826 4860 2974 4933 αὐτῷ
3017 4860 3078 4913 τὸ
3123 4859 3244 4914 καθ’
3290 4856 3447 4928 ἡμῶν
3505 4856 3688 4927 χειρό-

2104 4976 2334 5030 γραφον.
2359 4956 2491 5010 Τότε
2517 4957 2648 5028 γὰρ,
2680 4954 2803 5008 τότε
2827 4952 2923 5007 καὶ
2952 4970 2971 5004 ι
3002 4953 3159 5005 Πᾶσα
3194 4950 3290 5021 μὲν
3319 4948 3519 5020 ἀνομία
3538 4948 3597 5001 τὸ
3623 4949 3688 5017 ἐξ

2106 5053 2279 5123 αὐτῆς
2313 5050 2578 5122 ἐνέφραξε
2623 5049 2799 5119 στόμα
2818 5065 2831 5077 ·
2861 5066 2878 5099 ι
2915 5046 3265 5117 κατήργηται
3290 5042 3346 5095 δὲ
3377 5043 3473 5095 καὶ
3494 5041 3555 5094 τὸ
3586 5041 3688 5094 τοῦ

2102 5144 2333 5198 θανάτου
2382 5142 2602 5212 κράτος,
2656 5138 3000 5211 ἐξῃρημένης
3037 5135 3137 5206 τῆς
3188 5134 3493 5205 ἁμαρτίας’
3542 5131 3693 5203 αῦτη

2103 5236 2212 5307 γάρ
2247 5236 2396 5287 ἐστιν
2426 5234 2457 5304 ἡ
2492 5231 2587 5285 τοῦ
2622 5232 2853 5286 θανάτου
2893 5229 3016 5298 νίκη
3050 5265 3065 5292 ,
3104 5228 3197 5280 καὶ
3232 5226 3294 5278 τὸ
3326 5226 3552 5296 κέντρον
3589 5224 3688 5278 τοῦ

2105 5329 2255 5400 ᾅδου.
2310 5326 2466 5380 υῦτω
2505 5327 2601 5379 καὶ¹
2647 5326 2676 5377 6
2722 5324 2882 5392 σοφὸς
2916 5323 3046 5391 ἡμῖν
3081 5320 3396 5391 ἡρμήνευσε
3448 5317 3687 5381 Παῦλος.

2111 5423 2253 5491 Ἔφη
2286 5420 2415 5490 γὰρ,
2446 5420 2527 5471 ὄτι
2552 5418 2669 5471 τόδε
2723 5437 2739 5467 ι
2774 5415 3013 5485 Κέντρον
3056 5410 3151 5464 τοῦ
3196 5410 3429 5465 θανάτου
3462 5410 3609 5464 ἐστὶν
3646 5410 3685 5478 ὴ

502 5623 550 5656 ου
590 5618 732 5677 Psal.
770 5632 939 5683 cxvu,
981 5616 1067 5671 H.
1106 5617 1161 5687 ,γ’
1205 5614 1624 5687 Isaaxutrtll.
1704 5620 1724 5650 ²
1764 5618 1919 5675 Rom.
1957 5637 1971 5675 ι

2088 5621 2161 5675 50.
2239 5620 2259 5653 ⁸
2296 5618 2505 5675 Coloss.
2549 5632 2607 5685 ll,
2640 5616 2725 5681 Η,
2770 5614 2855 5671 15.
2934 5613 2952 5645 ⁸
2983 5610 3125 5667 Psal.
3157 5624 3264 5673 ενι,
3297 5607 3388 5665 42.
3468 5608 3489 5639 ⁸
3518 5604 3685 5662 llebr.

440 5709 498 5761 ιι,
540 5692 627 5748 ιι.
701 5688 920 5749 σιιὶοι.
962 5702 1050 5755 ιν,
1085 5686 1153 5742 55
1250 5687 1270 5718 ⁷
1306 5686 1438 5741 Ibid.
1475 5683 1563 5738 56.
