  <div class='ocr_page' id='page_1' title='image "/cluster/home/n/w/nwhite01/storage/ocr_20150623/71/hvd.32044073502007/162.png"; bbox 0 0 3898 6212; ppageno 0'>
   <div class='ocr_carea' id='block_1_1' title="bbox 204 309 308 366">
    <p class='ocr_par' dir='ltr' id='par_1_1' title="bbox 204 309 308 366">
     <span class='ocr_line' id='line_1_1' title="bbox 204 309 308 366; baseline 0.019 -1"><span class='ocrx_word' id='word_1_1' title='bbox 204 309 308 366; x_wconf 68' lang='grc'><strong>515</strong></span> 
     </span>
    </p>
   </div>
   <div class='ocr_carea' id='block_1_2' title="bbox 1122 318 2541 393">
    <p class='ocr_par' dir='ltr' id='par_1_2' title="bbox 1122 318 2541 393">
     <span class='ocr_line' id='line_1_2' title="bbox 1122 318 2541 393; baseline 0.013 -18"><span class='ocrx_word' id='word_1_2' title='bbox 1122 318 1671 384; x_wconf 74' lang='lat' dir='ltr'><strong>COMMENTARIUS</strong></span> <span class='ocrx_word' id='word_1_3' title='bbox 1713 327 1779 383; x_wconf 82' lang='lat' dir='ltr'><strong>IN</strong></span> <span class='ocrx_word' id='word_1_4' title='bbox 1819 318 2054 388; x_wconf 21' lang='lat' dir='ltr'><strong>OSEA‘M</strong></span> <span class='ocrx_word' id='word_1_5' title='bbox 2093 332 2541 393; x_wconf 72' lang='lat' dir='ltr'><strong>PROPHETAM.</strong></span> 
     </span>
    </p>
   </div>
   <div class='ocr_carea' id='block_1_3' title="bbox 3360 352 3469 413">
    <p class='ocr_par' dir='ltr' id='par_1_3' title="bbox 3360 352 3469 413">
     <span class='ocr_line' id='line_1_3' title="bbox 3360 352 3469 413; baseline -0.037 -1"><span class='ocrx_word' id='word_1_6' title='bbox 3360 352 3469 413; x_wconf 67' lang='grc' dir='ltr'>δη</span> 
     </span>
    </p>
   </div>
   <div class='ocr_carea' id='block_1_4' title="bbox 202 421 1769 521">
    <p class='ocr_par' dir='ltr' id='par_1_4' title="bbox 202 421 1769 511">
     <span class='ocr_line' id='line_1_4' title="bbox 202 421 1769 511; baseline 0.011 -33"><span class='ocrx_word' id='word_1_7' title='bbox 202 421 467 496; x_wconf 77' lang='grc' dir='ltr'>ἁμαρτία,</span> <span class='ocrx_word' id='word_1_8' title='bbox 520 425 554 496; x_wconf 85' lang='grc' dir='ltr'><strong>ή</strong></span> <span class='ocrx_word' id='word_1_9' title='bbox 604 425 662 480; x_wconf 73' lang='grc' dir='ltr'>δὲ</span> <span class='ocrx_word' id='word_1_10' title='bbox 710 426 940 502; x_wconf 87' lang='grc' dir='ltr'>δύναμις</span> <span class='ocrx_word' id='word_1_11' title='bbox 982 432 1083 505; x_wconf 79' lang='grc' dir='ltr'>τῆς</span> <span class='ocrx_word' id='word_1_12' title='bbox 1137 434 1416 508; x_wconf 86' lang='grc' dir='ltr'>ἁμαρτίας</span> <span class='ocrx_word' id='word_1_13' title='bbox 1458 440 1487 493; x_wconf 91' lang='lat'><strong>6</strong></span> <span class='ocrx_word' id='word_1_14' title='bbox 1531 441 1716 511; x_wconf 89' lang='grc' dir='ltr'>νόμος.</span> <span class='ocrx_word' id='word_1_15' title='bbox 1764 462 1769 495; x_wconf 73' lang='grc' dir='ltr'><strong>ι</strong></span> 
     </span>
    </p>
   </div>
   <div class='ocr_carea' id='block_1_5' title="bbox 1878 421 3467 521">
    <p class='ocr_par' dir='ltr' id='par_1_5' title="bbox 1888 450 3467 521">
     <span class='ocr_line' id='line_1_5' title="bbox 1888 450 3467 521; baseline 0.013 -22"><span class='ocrx_word' id='word_1_16' title='bbox 1888 455 2003 510; x_wconf 90' lang='lat' dir='ltr'><strong>tua,</strong></span> <span class='ocrx_word' id='word_1_17' title='bbox 2045 450 2233 503; x_wconf 86' lang='lat' dir='ltr'><strong>mors?</strong></span> <span class='ocrx_word' id='word_1_18' title='bbox 2264 451 2353 506; x_wconf 90' lang='lat' dir='ltr'><strong>ubi</strong></span> <span class='ocrx_word' id='word_1_19' title='bbox 2392 451 2650 509; x_wconf 89' lang='lat' dir='ltr'><strong>stimulus</strong></span> <span class='ocrx_word' id='word_1_20' title='bbox 2680 460 2829 521; x_wconf 89' lang='lat' dir='ltr'><strong>tuus,</strong></span> <span class='ocrx_word' id='word_1_21' title='bbox 2865 454 3116 515; x_wconf 77' lang='lat' dir='ltr'><strong>inferne?</strong></span> <span class='ocrx_word' id='word_1_22' title='bbox 3148 458 3290 517; x_wconf 86' lang='lat' dir='ltr'><strong>Deus</strong></span> <span class='ocrx_word' id='word_1_23' title='bbox 3321 464 3467 519; x_wconf 87' lang='lat' dir='ltr'><strong>enim</strong></span> 
     </span>
    </p>
   </div>
   <div class='ocr_carea' id='block_1_6' title="bbox 203 516 1788 606">
    <p class='ocr_par' dir='ltr' id='par_1_6' title="bbox 203 516 1788 606">
     <span class='ocr_line' id='line_1_6' title="bbox 203 516 1788 606; baseline 0.014 -37"><span class='ocrx_word' id='word_1_24' title='bbox 203 516 410 569; x_wconf 74' lang='grc' dir='ltr'>υύκοῦν</span> <span class='ocrx_word' id='word_1_25' title='bbox 475 517 577 589; x_wconf 85' lang='grc' dir='ltr'>τῆς</span> <span class='ocrx_word' id='word_1_26' title='bbox 644 520 900 576; x_wconf 74' lang='grc' dir='ltr'>ἁπάντων</span> <span class='ocrx_word' id='word_1_27' title='bbox 957 524 1231 597; x_wconf 85' lang='grc' dir='ltr'>ἁμαρτίας</span> <span class='ocrx_word' id='word_1_28' title='bbox 1309 531 1661 606; x_wconf 82' lang='grc' dir='ltr'><strong>ἀνῃρημένης</strong></span> <span class='ocrx_word' id='word_1_29' title='bbox 1729 539 1788 591; x_wconf 83' lang='grc' dir='ltr'>ὲν</span> 
     </span>
    </p>
   </div>
   <div class='ocr_carea' id='block_1_7' title="bbox 202 608 1784 692">
    <p class='ocr_par' dir='ltr' id='par_1_7' title="bbox 202 608 1784 692">
     <span class='ocr_line' id='line_1_7' title="bbox 202 608 1784 692; baseline 0.013 -32"><span class='ocrx_word' id='word_1_30' title='bbox 202 608 444 680; x_wconf 81' lang='grc' dir='ltr'><strong>Χριστῷ,</strong></span> <span class='ocrx_word' id='word_1_31' title='bbox 474 610 718 681; x_wconf 75' lang='grc' dir='ltr'><strong>φαίημεν</strong></span> <span class='ocrx_word' id='word_1_32' title='bbox 741 613 807 667; x_wconf 80' lang='grc' dir='ltr'>ἂν</span> <span class='ocrx_word' id='word_1_33' title='bbox 842 614 1070 681; x_wconf 77' lang='grc' dir='ltr'><strong>εἰκότως</strong></span> <span class='ocrx_word' id='word_1_34' title='bbox 1099 620 1193 673; x_wconf 76' lang='grc' dir='ltr'><strong>καὶ</strong></span> <span class='ocrx_word' id='word_1_35' title='bbox 1225 620 1387 692; x_wconf 83' lang='grc' dir='ltr'><strong>ἡμεῖς</strong></span> <span class='ocrx_word' id='word_1_36' title='bbox 1423 625 1595 679; x_wconf 79' lang='grc' dir='ltr'>αὐτοί·</span> <span class='ocrx_word' id='word_1_37' title='bbox 1633 646 1651 679; x_wconf 73' lang='lat' dir='ltr'><strong>r</strong></span> <span class='ocrx_word' id='word_1_38' title='bbox 1675 628 1784 681; x_wconf 86' lang='grc' dir='ltr'>Ποῦ</span> 
     </span>
    </p>
   </div>
   <div class='ocr_carea' id='block_1_8' title="bbox 201 698 1787 785">
    <p class='ocr_par' dir='ltr' id='par_1_8' title="bbox 201 698 1787 785">
     <span class='ocr_line' id='line_1_8' title="bbox 201 698 1787 785; baseline 0.015 -38"><span class='ocrx_word' id='word_1_39' title='bbox 201 698 235 767; x_wconf 76' lang='grc' dir='ltr'>ἡ</span> <span class='ocrx_word' id='word_1_40' title='bbox 265 698 389 768; x_wconf 82' lang='grc' dir='ltr'><strong>νίκη</strong></span> <span class='ocrx_word' id='word_1_41' title='bbox 421 714 540 766; x_wconf 92' lang='grc' dir='ltr'>σου,</span> <span class='ocrx_word' id='word_1_42' title='bbox 567 699 798 765; x_wconf 85' lang='grc' dir='ltr'>θάνατε;</span> <span class='ocrx_word' id='word_1_43' title='bbox 839 703 943 757; x_wconf 91' lang='grc' dir='ltr'><strong>ποῦ</strong></span> <span class='ocrx_word' id='word_1_44' title='bbox 986 705 1046 759; x_wconf 83' lang='grc' dir='ltr'><strong>τὸ</strong></span> <span class='ocrx_word' id='word_1_45' title='bbox 1071 707 1295 781; x_wconf 82' lang='grc' dir='ltr'><strong>κέντρον</strong></span> <span class='ocrx_word' id='word_1_46' title='bbox 1330 729 1445 777; x_wconf 92' lang='grc' dir='ltr'>σου,</span> <span class='ocrx_word' id='word_1_47' title='bbox 1485 713 1619 785; x_wconf 73' lang='grc' dir='ltr'>ᾅδη;</span> <span class='ocrx_word' id='word_1_48' title='bbox 1654 715 1787 780; x_wconf 85' lang='grc' dir='ltr'>Θεὸς</span> 
     </span>
    </p>
   </div>
   <div class='ocr_carea' id='block_1_9' title="bbox 199 787 1786 879">
    <p class='ocr_par' dir='ltr' id='par_1_9' title="bbox 199 787 1786 879">
     <span class='ocr_line' id='line_1_9' title="bbox 199 787 1786 879; baseline 0.014 -39"><span class='ocrx_word' id='word_1_49' title='bbox 199 787 305 859; x_wconf 80' lang='grc' dir='ltr'>τάρ</span> <span class='ocrx_word' id='word_1_50' title='bbox 341 789 591 857; x_wconf 78' lang='grc' dir='ltr'>δικαιῶν,</span> <span class='ocrx_word' id='word_1_51' title='bbox 625 792 711 857; x_wconf 87' lang='grc' dir='ltr'><strong>τίς</strong></span> <span class='ocrx_word' id='word_1_52' title='bbox 749 796 778 848; x_wconf 98' lang='lat'><strong>6</strong></span> <span class='ocrx_word' id='word_1_53' title='bbox 809 798 1188 868; x_wconf 79' lang='grc' dir='ltr'>κατακρίνων;</span> <span class='ocrx_word' id='word_1_54' title='bbox 1223 803 1457 875; x_wconf 84' lang='grc' dir='ltr'>Χριστὸς</span> <span class='ocrx_word' id='word_1_55' title='bbox 1507 806 1712 879; x_wconf 89' lang='grc' dir='ltr'>Ἰησοῦς</span> <span class='ocrx_word' id='word_1_56' title='bbox 1757 811 1786 862; x_wconf 94' lang='lat'><strong>6</strong></span> 
     </span>
    </p>
   </div>
   <div class='ocr_carea' id='block_1_10' title="bbox 197 878 1785 961">
    <p class='ocr_par' dir='ltr' id='par_1_10' title="bbox 197 878 1785 961">
     <span class='ocr_line' id='line_1_10' title="bbox 197 878 1785 961; baseline 0.014 -31"><span class='ocrx_word' id='word_1_57' title='bbox 197 878 489 933; x_wconf 82' lang='grc' dir='ltr'>ἀποθανὼν</span> <span class='ocrx_word' id='word_1_58' title='bbox 532 881 672 955; x_wconf 84' lang='grc' dir='ltr'>ὑπὲρ</span> <span class='ocrx_word' id='word_1_59' title='bbox 719 884 897 955; x_wconf 80' lang='grc' dir='ltr'>ἡμῶν,</span> <span class='ocrx_word' id='word_1_60' title='bbox 936 906 955 939; x_wconf 75' lang='grc' dir='ltr'><strong>ι</strong></span> <span class='ocrx_word' id='word_1_61' title='bbox 1005 890 1207 960; x_wconf 81' lang='grc' dir='ltr'>μᾶλλον</span> <span class='ocrx_word' id='word_1_62' title='bbox 1254 893 1311 946; x_wconf 77' lang='grc' dir='ltr'>δὲ</span> <span class='ocrx_word' id='word_1_63' title='bbox 1368 913 1387 947; x_wconf 79' lang='lat' dir='ltr'><strong>s</strong></span> <span class='ocrx_word' id='word_1_64' title='bbox 1417 896 1543 961; x_wconf 83' lang='grc' dir='ltr'>δοὺς</span> <span class='ocrx_word' id='word_1_65' title='bbox 1571 878 1785 952; x_wconf 63' lang='grc' dir='ltr'>ἑαυτὸν</span> 
     </span>
    </p>
   </div>
   <div class='ocr_carea' id='block_1_11' title="bbox 1884 538 3465 615">
    <p class='ocr_par' dir='ltr' id='par_1_11' title="bbox 1884 538 3465 615">
     <span class='ocr_line' id='line_1_11' title="bbox 1884 538 3465 615; baseline 0.013 -27"><span class='ocrx_word' id='word_1_66' title='bbox 1884 538 1973 607; x_wconf 82' lang='lat' dir='ltr'><strong>qui</strong></span> <span class='ocrx_word' id='word_1_67' title='bbox 2032 538 2310 607; x_wconf 82' lang='lat' dir='ltr'><strong>justiﬁcat,</strong></span> <span class='ocrx_word' id='word_1_68' title='bbox 2353 544 2477 611; x_wconf 88' lang='lat' dir='ltr'><strong>quis</strong></span> <span class='ocrx_word' id='word_1_69' title='bbox 2523 554 2606 599; x_wconf 91' lang='lat' dir='ltr'><strong>est</strong></span> <span class='ocrx_word' id='word_1_70' title='bbox 2645 547 2735 615; x_wconf 89' lang='lat' dir='ltr'><strong>qui</strong></span> <span class='ocrx_word' id='word_1_71' title='bbox 2788 549 3159 606; x_wconf 78' lang='lat' dir='ltr'><strong>condemnet?</strong></span> <span class='ocrx_word' id='word_1_72' title='bbox 3208 552 3465 609; x_wconf 77' lang='lat' dir='ltr'><strong>Christus</strong></span> 
     </span>
    </p>
   </div>
   <div class='ocr_carea' id='block_1_12' title="bbox 1883 625 3464 715">
    <p class='ocr_par' dir='ltr' id='par_1_12' title="bbox 1883 625 3464 715">
     <span class='ocr_line' id='line_1_12' title="bbox 1883 625 3464 715; baseline 0.013 -33"><span class='ocrx_word' id='word_1_73' title='bbox 1883 625 2040 685; x_wconf 86' lang='lat' dir='ltr'><strong>Jesus</strong></span> <span class='ocrx_word' id='word_1_74' title='bbox 2068 630 2158 700; x_wconf 87' lang='lat' dir='ltr'><strong>qui</strong></span> <span class='ocrx_word' id='word_1_75' title='bbox 2194 641 2438 690; x_wconf 86' lang='lat' dir='ltr'><strong>mortuus</strong></span> <span class='ocrx_word' id='word_1_76' title='bbox 2469 646 2548 691; x_wconf 89' lang='lat' dir='ltr'><strong>est</strong></span> <span class='ocrx_word' id='word_1_77' title='bbox 2573 650 2669 706; x_wconf 91' lang='lat' dir='ltr'><strong>pro</strong></span> <span class='ocrx_word' id='word_1_78' title='bbox 2702 640 2858 696; x_wconf 89' lang='lat' dir='ltr'><strong>nobis</strong></span> <span class='ocrx_word' id='word_1_79' title='bbox 2876 642 2918 695; x_wconf 83' lang='grc'>⁸.</span> <span class='ocrx_word' id='word_1_80' title='bbox 2952 662 2970 694; x_wconf 74' lang='grc' dir='ltr'><strong>ι</strong></span> <span class='ocrx_word' id='word_1_81' title='bbox 3006 642 3119 700; x_wconf 91' lang='lat' dir='ltr'><strong>lmo</strong></span> <span class='ocrx_word' id='word_1_82' title='bbox 3148 663 3169 697; x_wconf 74' lang='grc' dir='ltr'><strong>ι</strong></span> <span class='ocrx_word' id='word_1_83' title='bbox 3200 648 3289 715; x_wconf 92' lang='lat' dir='ltr'><strong>qui</strong></span> <span class='ocrx_word' id='word_1_84' title='bbox 3317 646 3464 702; x_wconf 86' lang='lat' dir='ltr'><strong>dedit</strong></span> 
     </span>
    </p>
   </div>
   <div class='ocr_carea' id='block_1_13' title="bbox 1884 722 3465 803">
    <p class='ocr_par' dir='ltr' id='par_1_13' title="bbox 1884 722 3465 803">
     <span class='ocr_line' id='line_1_13' title="bbox 1884 722 3465 803; baseline 0.011 -28"><span class='ocrx_word' id='word_1_85' title='bbox 1884 722 2229 792; x_wconf 89' lang='lat' dir='ltr'><strong>semetipsum</strong></span> <span class='ocrx_word' id='word_1_86' title='bbox 2275 726 2698 798; x_wconf 84' lang='lat' dir='ltr'><strong>redemptionem</strong></span> <span class='ocrx_word' id='word_1_87' title='bbox 2752 745 2852 801; x_wconf 92' lang='lat' dir='ltr'><strong>pro</strong></span> <span class='ocrx_word' id='word_1_88' title='bbox 2895 735 3204 803; x_wconf 83' lang='lat' dir='ltr'><strong>omnibus’,</strong></span> <span class='ocrx_word' id='word_1_89' title='bbox 3238 754 3258 789; x_wconf 72' lang='grc' dir='ltr'><strong>ι</strong></span> <span class='ocrx_word' id='word_1_90' title='bbox 3325 752 3465 792; x_wconf 87' lang='lat' dir='ltr'><strong>unus</strong></span> 
     </span>
    </p>
   </div>
   <div class='ocr_carea' id='block_1_14' title="bbox 1884 811 3467 896">
    <p class='ocr_par' dir='ltr' id='par_1_14' title="bbox 1884 811 3467 896">
     <span class='ocr_line' id='line_1_14' title="bbox 1884 811 3467 896; baseline 0.009 -30"><span class='ocrx_word' id='word_1_91' title='bbox 1884 811 2099 884; x_wconf 85' lang='lat' dir='ltr'><strong>dignior</strong></span> <span class='ocrx_word' id='word_1_92' title='bbox 2136 816 2409 883; x_wconf 90' lang='lat' dir='ltr'><strong>omnibus,</strong></span> <span class='ocrx_word' id='word_1_93' title='bbox 2438 835 2535 889; x_wconf 87' lang='lat' dir='ltr'><strong>per</strong></span> <span class='ocrx_word' id='word_1_94' title='bbox 2580 837 2739 891; x_wconf 88' lang='lat' dir='ltr'><strong>quem</strong></span> <span class='ocrx_word' id='word_1_95' title='bbox 2782 834 2837 879; x_wconf 91' lang='lat' dir='ltr'><strong>et</strong></span> <span class='ocrx_word' id='word_1_96' title='bbox 2878 826 2931 880; x_wconf 91' lang='lat' dir='ltr'><strong>in</strong></span> <span class='ocrx_word' id='word_1_97' title='bbox 2960 841 3070 896; x_wconf 92' lang='lat' dir='ltr'><strong>quo</strong></span> <span class='ocrx_word' id='word_1_98' title='bbox 3103 828 3299 883; x_wconf 86' lang='lat' dir='ltr'><strong>divites</strong></span> <span class='ocrx_word' id='word_1_99' title='bbox 3331 824 3467 881; x_wconf 80' lang='lat' dir='ltr'><strong>facti</strong></span> 
     </span>
    </p>
   </div>
   <div class='ocr_carea' id='block_1_15' title="bbox 1882 906 3165 982">
    <p class='ocr_par' dir='ltr' id='par_1_15' title="bbox 1882 906 3165 982">
     <span class='ocr_line' id='line_1_15' title="bbox 1882 906 3165 982; baseline 0.012 -25"><span class='ocrx_word' id='word_1_100' title='bbox 1882 917 2068 961; x_wconf 90' lang='lat' dir='ltr'><strong>sumus</strong></span> <span class='ocrx_word' id='word_1_101' title='bbox 2087 906 2152 973; x_wconf 85' lang='grc'>¹⁰,</span> <span class='ocrx_word' id='word_1_102' title='bbox 2195 917 2252 962; x_wconf 93' lang='lat' dir='ltr'><strong>ut</strong></span> <span class='ocrx_word' id='word_1_103' title='bbox 2277 909 2343 964; x_wconf 90' lang='lat' dir='ltr'><strong>ad</strong></span> <span class='ocrx_word' id='word_1_104' title='bbox 2373 910 2830 982; x_wconf 87' lang='lat' dir='ltr'><strong>incorruptionem</strong></span> <span class='ocrx_word' id='word_1_105' title='bbox 2859 919 3165 975; x_wconf 83' lang='lat' dir='ltr'><strong>redeamus.</strong></span> 
     </span>
    </p>
   </div>
   <div class='ocr_carea' id='block_1_16' title="bbox 194 969 3464 1086">
    <p class='ocr_par' dir='ltr' id='par_1_16' title="bbox 194 969 3464 1086">
     <span class='ocr_line' id='line_1_16' title="bbox 194 969 3464 1086; baseline 0.015 -66"><span class='ocrx_word' id='word_1_106' title='bbox 194 969 518 1041; x_wconf 74' lang='grc' dir='ltr'><strong>ἀντίλυτρον</strong></span> <span class='ocrx_word' id='word_1_107' title='bbox 572 975 715 1047; x_wconf 79' lang='grc' dir='ltr'>ὑπὲρ</span> <span class='ocrx_word' id='word_1_108' title='bbox 751 977 990 1047; x_wconf 81' lang='grc' dir='ltr'>πάντων,</span> <span class='ocrx_word' id='word_1_109' title='bbox 1022 999 1041 1033; x_wconf 85' lang='grc'><strong>›</strong></span> <span class='ocrx_word' id='word_1_110' title='bbox 1077 978 1160 1048; x_wconf 82' lang='grc' dir='ltr'><strong>είς</strong></span> <span class='ocrx_word' id='word_1_111' title='bbox 1214 986 1244 1038; x_wconf 89' lang='lat'><strong>6</strong></span> <span class='ocrx_word' id='word_1_112' title='bbox 1305 986 1523 1042; x_wconf 84' lang='grc' dir='ltr'>πάντων</span> <span class='ocrx_word' id='word_1_113' title='bbox 1584 989 1898 1063; x_wconf 81' lang='grc' dir='ltr'><strong>ἀξιώτερος,</strong></span> <span class='ocrx_word' id='word_1_114' title='bbox 1940 996 2009 1050; x_wconf 86' lang='grc' dir='ltr'>δι’</span> <span class='ocrx_word' id='word_1_115' title='bbox 2046 993 2107 1051; x_wconf 76' lang='grc' dir='ltr'>οὗ</span> <span class='ocrx_word' id='word_1_116' title='bbox 2139 969 2243 1054; x_wconf 76' lang='grc' dir='ltr'>καὶ</span> <span class='ocrx_word' id='word_1_117' title='bbox 2282 1004 2339 1057; x_wconf 78' lang='grc' dir='ltr'>ὲν</span> <span class='ocrx_word' id='word_1_118' title='bbox 2380 998 2425 1074; x_wconf 81' lang='grc' dir='ltr'><strong>ᾧ</strong></span> <span class='ocrx_word' id='word_1_119' title='bbox 2469 969 3464 1086; x_wconf 28' lang='grc' dir='ltr'>πεπλουτήκαμενΣ-,τδ-*ἀναφοιτῆσαι</span> 
     </span>
    </p>
   </div>
   <div class='ocr_carea' id='block_1_17' title="bbox 196 1063 847 1141">
    <p class='ocr_par' dir='ltr' id='par_1_17' title="bbox 196 1063 847 1141">
     <span class='ocr_line' id='line_1_17' title="bbox 196 1063 847 1141; baseline 0.014 -25"><span class='ocrx_word' id='word_1_120' title='bbox 196 1063 361 1119; x_wconf 72' lang='grc' dir='ltr'>πάλιν</span> <span class='ocrx_word' id='word_1_121' title='bbox 401 1067 483 1130; x_wconf 87' lang='grc' dir='ltr'><strong>είς</strong></span> <span class='ocrx_word' id='word_1_122' title='bbox 517 1068 847 1141; x_wconf 77' lang='grc' dir='ltr'><strong>ἀφθαρσίαν.</strong></span> 
     </span>
    </p>
   </div>
   <div class='ocr_carea' id='block_1_18' title="bbox 262 1158 1777 1245">
    <p class='ocr_par' dir='ltr' id='par_1_18' title="bbox 262 1158 1777 1245">
     <span class='ocr_line' id='line_1_18' title="bbox 262 1158 1777 1245; baseline 0.014 -36"><span class='ocrx_word' id='word_1_123' title='bbox 262 1158 663 1245; x_wconf 65' lang='grc' dir='ltr'>Παρακλησις</span> <span class='ocrx_word' id='word_1_124' title='bbox 723 1163 1052 1233; x_wconf 76' lang='grc' dir='ltr'><strong>κέκρυπται</strong></span> <span class='ocrx_word' id='word_1_125' title='bbox 1117 1168 1184 1233; x_wconf 79' lang='grc' dir='ltr'><strong>ἐξ</strong></span> <span class='ocrx_word' id='word_1_126' title='bbox 1257 1169 1578 1241; x_wconf 68' lang='grc' dir='ltr'>ὀφθαλμῶν</span> <span class='ocrx_word' id='word_1_127' title='bbox 1635 1192 1777 1245; x_wconf 85' lang='grc' dir='ltr'>μου,</span> 
     </span>
    </p>
   </div>
   <div class='ocr_carea' id='block_1_19' title="bbox 191 1244 1552 1325">
    <p class='ocr_par' dir='ltr' id='par_1_19' title="bbox 191 1244 1552 1325">
     <span class='ocr_line' id='line_1_19' title="bbox 191 1244 1552 1325; baseline 0.011 -24"><span class='ocrx_word' id='word_1_128' title='bbox 191 1244 557 1314; x_wconf 78' lang='grc' dir='ltr'>διότι-οὖτος</span> <span class='ocrx_word' id='word_1_129' title='bbox 588 1250 898 1320; x_wconf 75' lang='grc' dir='ltr'>ἀναμέσον</span> <span class='ocrx_word' id='word_1_130' title='bbox 924 1254 1205 1325; x_wconf 70' lang='grc' dir='ltr'>ἀδελφῶν</span> <span class='ocrx_word' id='word_1_131' title='bbox 1230 1257 1552 1317; x_wconf 81' lang='grc' dir='ltr'>διαστελεῖ.</span> 
     </span>
    </p>
   </div>
   <div class='ocr_carea' id='block_1_20' title="bbox 261 1341 1782 1427">
    <p class='ocr_par' dir='ltr' id='par_1_20' title="bbox 261 1341 1782 1427">
     <span class='ocr_line' id='line_1_20' title="bbox 261 1341 1782 1427; baseline 0.011 -34"><span class='ocrx_word' id='word_1_132' title='bbox 261 1341 442 1395; x_wconf 83' lang='grc' dir='ltr'><strong>ΡΝΕ’.</strong></span> <span class='ocrx_word' id='word_1_133' title='bbox 504 1341 960 1416; x_wconf 84' lang='grc' dir='ltr'>Ἀναγνωσόμεθα</span> <span class='ocrx_word' id='word_1_134' title='bbox 984 1347 1076 1401; x_wconf 89' lang='grc' dir='ltr'><strong>τοῦ</strong></span> <span class='ocrx_word' id='word_1_135' title='bbox 1107 1352 1471 1423; x_wconf 83' lang='grc' dir='ltr'><strong>προκειμένου</strong></span> <span class='ocrx_word' id='word_1_136' title='bbox 1500 1355 1592 1407; x_wconf 76' lang='grc' dir='ltr'>τὸν</span> <span class='ocrx_word' id='word_1_137' title='bbox 1630 1355 1782 1427; x_wconf 86' lang='grc' dir='ltr'>πρῶ-</span> 
     </span>
    </p>
   </div>
   <div class='ocr_carea' id='block_1_21' title="bbox 188 1434 1781 1517">
    <p class='ocr_par' dir='ltr' id='par_1_21' title="bbox 188 1434 1781 1517">
     <span class='ocr_line' id='line_1_21' title="bbox 188 1434 1781 1517; baseline 0.01 -33"><span class='ocrx_word' id='word_1_138' title='bbox 188 1448 290 1486; x_wconf 79' lang='grc' dir='ltr'><strong>τον</strong></span> <span class='ocrx_word' id='word_1_139' title='bbox 324 1434 512 1505; x_wconf 81' lang='grc' dir='ltr'>στίχον</span> <span class='ocrx_word' id='word_1_140' title='bbox 538 1436 663 1487; x_wconf 87' lang='grc' dir='ltr'>κατ’</span> <span class='ocrx_word' id='word_1_141' title='bbox 692 1436 1053 1510; x_wconf 82' lang='grc' dir='ltr'>ὲπερώτησιν,</span> <span class='ocrx_word' id='word_1_142' title='bbox 1090 1442 1184 1495; x_wconf 75' lang='grc' dir='ltr'><strong>καὶ</strong></span> <span class='ocrx_word' id='word_1_143' title='bbox 1212 1443 1573 1517; x_wconf 81' lang='grc' dir='ltr'>ὑποστιγμὴν,</span> <span class='ocrx_word' id='word_1_144' title='bbox 1597 1446 1691 1499; x_wconf 88' lang='grc' dir='ltr'><strong>καί</strong></span> <span class='ocrx_word' id='word_1_145' title='bbox 1727 1465 1781 1500; x_wconf 89' lang='grc' dir='ltr'><strong>τι</strong></span> 
     </span>
    </p>
   </div>
   <div class='ocr_carea' id='block_1_22' title="bbox 189 1523 1781 1609">
    <p class='ocr_par' dir='ltr' id='par_1_22' title="bbox 189 1523 1781 1609">
     <span class='ocr_line' id='line_1_22' title="bbox 189 1523 1781 1609; baseline 0.011 -34"><span class='ocrx_word' id='word_1_146' title='bbox 189 1523 439 1577; x_wconf 80' lang='grc' dir='ltr'>τοιοῦτον</span> <span class='ocrx_word' id='word_1_147' title='bbox 469 1527 605 1596; x_wconf 81' lang='grc' dir='ltr'>ἡμῖν</span> <span class='ocrx_word' id='word_1_148' title='bbox 638 1528 1009 1599; x_wconf 62' lang='grc' dir='ltr'>ὑπμφῂνειεν</span> <span class='ocrx_word' id='word_1_149' title='bbox 1044 1530 1130 1599; x_wconf 81' lang='grc' dir='ltr'><strong>ἂν,</strong></span> <span class='ocrx_word' id='word_1_150' title='bbox 1184 1533 1363 1603; x_wconf 82' lang='grc' dir='ltr'>ὀρθῶς</span> <span class='ocrx_word' id='word_1_151' title='bbox 1389 1538 1530 1589; x_wconf 88' lang='grc' dir='ltr'>νοεῖν</span> <span class='ocrx_word' id='word_1_152' title='bbox 1571 1538 1781 1609; x_wconf 83' lang='grc' dir='ltr'>ᾑρημέ-</span> 
     </span>
    </p>
   </div>
   <div class='ocr_carea' id='block_1_23' title="bbox 1956 1172 3461 1270">
    <p class='ocr_par' dir='ltr' id='par_1_23' title="bbox 1956 1172 3461 1270">
     <span class='ocr_line' id='line_1_23' title="bbox 1956 1172 3461 1270; baseline 0.019 -43"><span class='ocrx_word' id='word_1_153' title='bbox 1956 1172 2119 1245; x_wconf 78' lang='grc'><strong>188</strong></span> <span class='ocrx_word' id='word_1_154' title='bbox 2142 1175 2442 1235; x_wconf 75' lang='lat' dir='ltr'><strong>Consolatio</strong></span> <span class='ocrx_word' id='word_1_155' title='bbox 2494 1182 2802 1239; x_wconf 84' lang='lat' dir='ltr'><strong>abscondita</strong></span> <span class='ocrx_word' id='word_1_156' title='bbox 2848 1195 2925 1243; x_wconf 89' lang='lat' dir='ltr'><strong>est</strong></span> <span class='ocrx_word' id='word_1_157' title='bbox 2975 1188 3041 1243; x_wconf 77' lang='lat' dir='ltr'><strong>ab</strong></span> <span class='ocrx_word' id='word_1_158' title='bbox 3088 1193 3254 1249; x_wconf 86' lang='lat' dir='ltr'><strong>oculis</strong></span> <span class='ocrx_word' id='word_1_159' title='bbox 3309 1199 3461 1270; x_wconf 78' lang='lat' dir='ltr'><strong>meis,</strong></span> 
     </span>
    </p>
   </div>
   <div class='ocr_carea' id='block_1_24' title="bbox 1878 1266 2841 1343">
    <p class='ocr_par' dir='ltr' id='par_1_24' title="bbox 1878 1266 2841 1343">
     <span class='ocr_line' id='line_1_24' title="bbox 1878 1266 2841 1343; baseline 0.02 -27"><span class='ocrx_word' id='word_1_160' title='bbox 1878 1266 2004 1334; x_wconf 83' lang='lat' dir='ltr'><strong>quia</strong></span> <span class='ocrx_word' id='word_1_161' title='bbox 2036 1268 2119 1318; x_wconf 82' lang='lat' dir='ltr'><strong>hic</strong></span> <span class='ocrx_word' id='word_1_162' title='bbox 2154 1267 2288 1323; x_wconf 87' lang='lat' dir='ltr'><strong>inter</strong></span> <span class='ocrx_word' id='word_1_163' title='bbox 2312 1269 2509 1338; x_wconf 81' lang='lat' dir='ltr'><strong>fratres</strong></span> <span class='ocrx_word' id='word_1_164' title='bbox 2548 1277 2841 1343; x_wconf 83' lang='lat' dir='ltr'><strong>separabit.</strong></span> 
     </span>
    </p>
   </div>
   <div class='ocr_carea' id='block_1_25' title="bbox 1951 1356 3462 1447">
    <p class='ocr_par' dir='ltr' id='par_1_25' title="bbox 1951 1356 3462 1447">
     <span class='ocr_line' id='line_1_25' title="bbox 1951 1356 3462 1447; baseline 0.017 -36"><span class='ocrx_word' id='word_1_165' title='bbox 1951 1356 2106 1415; x_wconf 87' lang='lat' dir='ltr'><strong>CLV.</strong></span> <span class='ocrx_word' id='word_1_166' title='bbox 2154 1359 2325 1430; x_wconf 87' lang='lat' dir='ltr'><strong>llujus</strong></span> <span class='ocrx_word' id='word_1_167' title='bbox 2367 1372 2657 1422; x_wconf 83' lang='lat' dir='ltr'><strong>contextus</strong></span> <span class='ocrx_word' id='word_1_168' title='bbox 2704 1382 2923 1425; x_wconf 87' lang='lat' dir='ltr'><strong>versum</strong></span> <span class='ocrx_word' id='word_1_169' title='bbox 2957 1371 3194 1442; x_wconf 88' lang='lat' dir='ltr'><strong>primum</strong></span> <span class='ocrx_word' id='word_1_170' title='bbox 3238 1391 3336 1447; x_wconf 90' lang='lat' dir='ltr'><strong>per</strong></span> <span class='ocrx_word' id='word_1_171' title='bbox 3375 1380 3462 1436; x_wconf 92' lang='lat' dir='ltr'><strong>in-</strong></span> 
     </span>
    </p>
   </div>
   <div class='ocr_carea' id='block_1_26' title="bbox 1884 1450 3534 1532">
    <p class='ocr_par' dir='ltr' id='par_1_26' title="bbox 1884 1450 3534 1532">
     <span class='ocr_line' id='line_1_26' title="bbox 1884 1450 3534 1532; baseline 0.015 -32"><span class='ocrx_word' id='word_1_172' title='bbox 1884 1450 2305 1519; x_wconf 78' lang='lat' dir='ltr'><strong>terrogationem</strong></span> <span class='ocrx_word' id='word_1_173' title='bbox 2346 1460 2401 1507; x_wconf 91' lang='lat' dir='ltr'><strong>et</strong></span> <span class='ocrx_word' id='word_1_174' title='bbox 2436 1453 2947 1514; x_wconf 86' lang='lat' dir='ltr'><strong>subdistinctionem</strong></span> <span class='ocrx_word' id='word_1_175' title='bbox 2978 1459 3241 1532; x_wconf 79' lang='lat' dir='ltr'><strong>legamus,</strong></span> <span class='ocrx_word' id='word_1_176' title='bbox 3269 1475 3322 1520; x_wconf 93' lang='lat' dir='ltr'><strong>et</strong></span> <span class='ocrx_word' id='word_1_177' title='bbox 3353 1468 3460 1525; x_wconf 83' lang='lat' dir='ltr'><strong>tale</strong></span> <span class='ocrx_word' id='word_1_178' title='bbox 3525 1477 3534 1485; x_wconf 90' lang='lat'>&#39;</span> 
     </span>
    </p>
   </div>
   <div class='ocr_carea' id='block_1_27' title="bbox 1886 1538 3464 1625">
    <p class='ocr_par' dir='ltr' id='par_1_27' title="bbox 1886 1538 3464 1625">
     <span class='ocr_line' id='line_1_27' title="bbox 1886 1538 3464 1625; baseline 0.016 -35"><span class='ocrx_word' id='word_1_179' title='bbox 1886 1538 2140 1607; x_wconf 86' lang='lat' dir='ltr'><strong>quiddam</strong></span> <span class='ocrx_word' id='word_1_180' title='bbox 2169 1542 2326 1596; x_wconf 89' lang='lat' dir='ltr'><strong>nobis</strong></span> <span class='ocrx_word' id='word_1_181' title='bbox 2353 1542 2667 1612; x_wconf 91' lang='lat' dir='ltr'><strong>insinuabit,</strong></span> <span class='ocrx_word' id='word_1_182' title='bbox 2702 1549 2746 1603; x_wconf 88' lang='lat' dir='ltr'><strong>si</strong></span> <span class='ocrx_word' id='word_1_183' title='bbox 2778 1560 2925 1605; x_wconf 86' lang='lat' dir='ltr'><strong>recte</strong></span> <span class='ocrx_word' id='word_1_184' title='bbox 2954 1552 3256 1625; x_wconf 81' lang='lat' dir='ltr'><strong>intelligere</strong></span> <span class='ocrx_word' id='word_1_185' title='bbox 3275 1559 3464 1616; x_wconf 86' lang='lat' dir='ltr'><strong>volue-</strong></span> 
     </span>
    </p>
   </div>
   <div class='ocr_carea' id='block_1_28' title="bbox 187 1616 1769 1716">
    <p class='ocr_par' dir='ltr' id='par_1_28' title="bbox 187 1616 1769 1695">
     <span class='ocr_line' id='line_1_28' title="bbox 187 1616 1769 1695; baseline 0.009 -28"><span class='ocrx_word' id='word_1_186' title='bbox 187 1630 326 1678; x_wconf 82' lang='grc' dir='ltr'>νοις.</span> <span class='ocrx_word' id='word_1_187' title='bbox 362 1616 839 1688; x_wconf 78' lang='grc' dir='ltr'>Κατηρρώστησε,</span> <span class='ocrx_word' id='word_1_188' title='bbox 874 1621 1060 1692; x_wconf 76' lang='grc' dir='ltr'>φησὶν,</span> <span class='ocrx_word' id='word_1_189' title='bbox 1113 1623 1147 1693; x_wconf 87' lang='grc' dir='ltr'><strong>ἡ</strong></span> <span class='ocrx_word' id='word_1_190' title='bbox 1175 1623 1465 1694; x_wconf 85' lang='grc' dir='ltr'>ἀνθρώπου</span> <span class='ocrx_word' id='word_1_191' title='bbox 1495 1626 1677 1695; x_wconf 81' lang='grc' dir='ltr'><strong>φύσις,</strong></span> <span class='ocrx_word' id='word_1_192' title='bbox 1717 1628 1769 1681; x_wconf 72' lang='grc' dir='ltr'>τὲ</span> 
     </span>
    </p>
   </div>
   <div class='ocr_carea' id='block_1_29' title="bbox 1878 1616 3465 1716">
    <p class='ocr_par' dir='ltr' id='par_1_29' title="bbox 1888 1616 3465 1716">
     <span class='ocr_line' id='line_1_29' title="bbox 1888 1616 3465 1716; baseline 0.016 -37"><span class='ocrx_word' id='word_1_193' title='bbox 1888 1629 2076 1682; x_wconf 89' lang='lat' dir='ltr'><strong>rimus.</strong></span> <span class='ocrx_word' id='word_1_194' title='bbox 2109 1630 2380 1685; x_wconf 79' lang='lat' dir='ltr'><strong>Infirmata</strong></span> <span class='ocrx_word' id='word_1_195' title='bbox 2412 1642 2517 1699; x_wconf 87' lang='lat' dir='ltr'><strong>est,</strong></span> <span class='ocrx_word' id='word_1_196' title='bbox 2549 1634 2747 1705; x_wconf 85' lang='lat' dir='ltr'><strong>inquit,</strong></span> <span class='ocrx_word' id='word_1_197' title='bbox 2773 1647 2967 1695; x_wconf 88' lang='lat' dir='ltr'><strong>natura</strong></span> <span class='ocrx_word' id='word_1_198' title='bbox 3010 1616 3244 1700; x_wconf 65' lang='lat' dir='ltr'><strong>humana</strong></span> <span class='ocrx_word' id='word_1_199' title='bbox 3272 1662 3465 1716; x_wconf 86' lang='lat' dir='ltr'><strong>pecca-</strong></span> 
     </span>
    </p>
   </div>
   <div class='ocr_carea' id='block_1_30' title="bbox 189 1706 1779 1790">
    <p class='ocr_par' dir='ltr' id='par_1_30' title="bbox 189 1706 1779 1790">
     <span class='ocr_line' id='line_1_30' title="bbox 189 1706 1779 1790; baseline 0.009 -32"><span class='ocrx_word' id='word_1_200' title='bbox 189 1706 479 1770; x_wconf 82' lang='grc' dir='ltr'>πολυειδὲς</span> <span class='ocrx_word' id='word_1_201' title='bbox 510 1710 593 1772; x_wconf 87' lang='grc' dir='ltr'><strong>είς</strong></span> <span class='ocrx_word' id='word_1_202' title='bbox 617 1710 912 1782; x_wconf 81' lang='grc' dir='ltr'>ἁμαρτίαν,</span> <span class='ocrx_word' id='word_1_203' title='bbox 942 1712 1036 1765; x_wconf 75' lang='grc' dir='ltr'><strong>καὶ</strong></span> <span class='ocrx_word' id='word_1_204' title='bbox 1063 1714 1425 1769; x_wconf 85' lang='grc' dir='ltr'>ἀπονένευκεν</span> <span class='ocrx_word' id='word_1_205' title='bbox 1451 1719 1512 1770; x_wconf 85' lang='grc' dir='ltr'><strong>οὐ</strong></span> <span class='ocrx_word' id='word_1_206' title='bbox 1542 1718 1779 1790; x_wconf 85' lang='grc' dir='ltr'>μετρίως</span> 
     </span>
    </p>
   </div>
   <div class='ocr_carea' id='block_1_31' title="bbox 188 1796 1781 1881">
    <p class='ocr_par' dir='ltr' id='par_1_31' title="bbox 188 1796 1781 1881">
     <span class='ocr_line' id='line_1_31' title="bbox 188 1796 1781 1881; baseline 0.011 -34"><span class='ocrx_word' id='word_1_207' title='bbox 188 1796 276 1859; x_wconf 84' lang='grc' dir='ltr'><strong>είς</strong></span> <span class='ocrx_word' id='word_1_208' title='bbox 329 1798 392 1850; x_wconf 83' lang='grc' dir='ltr'>τὸ</span> <span class='ocrx_word' id='word_1_209' title='bbox 435 1796 778 1869; x_wconf 76' lang='grc' dir='ltr'>πλημμελές.</span> <span class='ocrx_word' id='word_1_210' title='bbox 824 1800 1011 1876; x_wconf 78' lang='grc' dir='ltr'>Ταύτῃ</span> <span class='ocrx_word' id='word_1_211' title='bbox 1043 1820 1127 1856; x_wconf 91' lang='grc' dir='ltr'><strong>τοι</strong></span> <span class='ocrx_word' id='word_1_212' title='bbox 1159 1804 1385 1871; x_wconf 81' lang='grc' dir='ltr'><strong>δικαίως</strong></span> <span class='ocrx_word' id='word_1_213' title='bbox 1412 1808 1781 1881; x_wconf 86' lang='grc' dir='ltr'>κατεδικάσθη</span> 
     </span>
    </p>
   </div>
   <div class='ocr_carea' id='block_1_32' title="bbox 189 1883 1777 1969">
    <p class='ocr_par' dir='ltr' id='par_1_32' title="bbox 189 1883 1777 1969">
     <span class='ocr_line' id='line_1_32' title="bbox 189 1883 1777 1969; baseline 0.009 -31"><span class='ocrx_word' id='word_1_214' title='bbox 189 1887 429 1957; x_wconf 74' lang='grc' dir='ltr'>θανάτῳ.</span> <span class='ocrx_word' id='word_1_215' title='bbox 456 1883 591 1941; x_wconf 79' lang='grc' dir='ltr'>Εἶτα</span> <span class='ocrx_word' id='word_1_216' title='bbox 613 1890 694 1953; x_wconf 91' lang='grc' dir='ltr'><strong>τίς</strong></span> <span class='ocrx_word' id='word_1_217' title='bbox 726 1889 880 1946; x_wconf 78' lang='grc' dir='ltr'>ἔσται</span> <span class='ocrx_word' id='word_1_218' title='bbox 912 1893 1013 1963; x_wconf 86' lang='grc' dir='ltr'>τῆς</span> <span class='ocrx_word' id='word_1_219' title='bbox 1044 1884 1362 1967; x_wconf 77' lang='grc' dir='ltr'>ἐπικουρίας</span> <span class='ocrx_word' id='word_1_220' title='bbox 1389 1899 1416 1951; x_wconf 90' lang='lat'><strong>6</strong></span> <span class='ocrx_word' id='word_1_221' title='bbox 1435 1899 1639 1969; x_wconf 86' lang='grc' dir='ltr'>τρόπος</span> <span class='ocrx_word' id='word_1_222' title='bbox 1663 1904 1777 1965; x_wconf 87' lang='grc' dir='ltr'>τοῖς</span> 
     </span>
    </p>
   </div>
   <div class='ocr_carea' id='block_1_33' title="bbox 186 1979 1778 2063">
    <p class='ocr_par' dir='ltr' id='par_1_33' title="bbox 186 1979 1778 2063">
     <span class='ocr_line' id='line_1_33' title="bbox 186 1979 1778 2063; baseline 0.009 -32"><span class='ocrx_word' id='word_1_223' title='bbox 186 1979 349 2032; x_wconf 80' lang='grc' dir='ltr'>τοῦτο</span> <span class='ocrx_word' id='word_1_224' title='bbox 384 1980 672 2046; x_wconf 79' lang='grc' dir='ltr'>παθοῦσιν,</span> <span class='ocrx_word' id='word_1_225' title='bbox 705 1984 739 2054; x_wconf 78' lang='grc' dir='ltr'>ἢ</span> <span class='ocrx_word' id='word_1_226' title='bbox 769 1984 917 2049; x_wconf 83' lang='grc' dir='ltr'>ὅπως</span> <span class='ocrx_word' id='word_1_227' title='bbox 949 1986 1016 2040; x_wconf 81' lang='grc' dir='ltr'>ἂν</span> <span class='ocrx_word' id='word_1_228' title='bbox 1058 1986 1444 2059; x_wconf 87' lang='grc' dir='ltr'>διακρούσαιτο</span> <span class='ocrx_word' id='word_1_229' title='bbox 1472 1991 1533 2045; x_wconf 88' lang='grc' dir='ltr'>τὸ</span> <span class='ocrx_word' id='word_1_230' title='bbox 1573 1992 1778 2063; x_wconf 76' lang='grc' dir='ltr'>συμϐεο</span> 
     </span>
    </p>
   </div>
   <div class='ocr_carea' id='block_1_34' title="bbox 185 2072 1777 2157">
    <p class='ocr_par' dir='ltr' id='par_1_34' title="bbox 185 2072 1777 2157">
     <span class='ocr_line' id='line_1_34' title="bbox 185 2072 1777 2157; baseline 0.009 -33"><span class='ocrx_word' id='word_1_231' title='bbox 185 2072 381 2142; x_wconf 75' lang='grc' dir='ltr'>ϐηχὸς,</span> <span class='ocrx_word' id='word_1_232' title='bbox 418 2074 585 2139; x_wconf 78' lang='grc' dir='ltr'>αὐτὸς</span> <span class='ocrx_word' id='word_1_233' title='bbox 620 2074 731 2144; x_wconf 80' lang='grc' dir='ltr'><strong>ἐγὼ</strong></span> <span class='ocrx_word' id='word_1_234' title='bbox 766 2077 1146 2150; x_wconf 76' lang='grc' dir='ltr'>διασκέψομαι,</span> <span class='ocrx_word' id='word_1_235' title='bbox 1206 2081 1404 2152; x_wconf 82' lang='grc' dir='ltr'>μᾶλλον</span> <span class='ocrx_word' id='word_1_236' title='bbox 1448 2082 1505 2137; x_wconf 83' lang='grc' dir='ltr'>δὲ</span> <span class='ocrx_word' id='word_1_237' title='bbox 1544 2085 1643 2157; x_wconf 67' lang='grc' dir='ltr'>ἤδη</span> <span class='ocrx_word' id='word_1_238' title='bbox 1681 2086 1777 2139; x_wconf 71' lang='grc' dir='ltr'><strong>καὶ</strong></span> 
     </span>
    </p>
   </div>
   <div class='ocr_carea' id='block_1_35' title="bbox 184 2163 1776 2246">
    <p class='ocr_par' dir='ltr' id='par_1_35' title="bbox 184 2163 1776 2246">
     <span class='ocr_line' id='line_1_35' title="bbox 184 2163 1776 2246; baseline 0.008 -29"><span class='ocrx_word' id='word_1_239' title='bbox 184 2164 382 2232; x_wconf 74' lang='grc' dir='ltr'>ὁρίσας</span> <span class='ocrx_word' id='word_1_240' title='bbox 410 2166 540 2236; x_wconf 79' lang='grc' dir='ltr'>ἔχω.</span> <span class='ocrx_word' id='word_1_241' title='bbox 572 2167 643 2220; x_wconf 79' lang='grc' dir='ltr'><strong>’Ἡ</strong></span> <span class='ocrx_word' id='word_1_242' title='bbox 672 2163 785 2238; x_wconf 83' lang='grc' dir='ltr'><strong>ἆρά</strong></span> <span class='ocrx_word' id='word_1_243' title='bbox 805 2182 887 2232; x_wconf 84' lang='grc' dir='ltr'><strong>τις</strong></span> <span class='ocrx_word' id='word_1_244' title='bbox 914 2171 1063 2223; x_wconf 77' lang='grc' dir='ltr'>ἐστὶν</span> <span class='ocrx_word' id='word_1_245' title='bbox 1086 2173 1141 2223; x_wconf 86' lang='grc' dir='ltr'>ὲν</span> <span class='ocrx_word' id='word_1_246' title='bbox 1164 2172 1313 2243; x_wconf 76' lang='grc' dir='ltr'>ὑμῖν,</span> <span class='ocrx_word' id='word_1_247' title='bbox 1347 2176 1776 2246; x_wconf 90' lang='grc' dir='ltr'>φρενοϐλαϐείας</span> 
     </span>
    </p>
   </div>
   <div class='ocr_carea' id='block_1_36' title="bbox 185 2255 1774 2337">
    <p class='ocr_par' dir='ltr' id='par_1_36' title="bbox 185 2255 1774 2337">
     <span class='ocr_line' id='line_1_36' title="bbox 185 2255 1774 2337; baseline 0.011 -31"><span class='ocrx_word' id='word_1_248' title='bbox 185 2257 267 2317; x_wconf 82' lang='grc' dir='ltr'><strong>είς</strong></span> <span class='ocrx_word' id='word_1_249' title='bbox 304 2255 468 2309; x_wconf 84' lang='grc' dir='ltr'>τοῦτο</span> <span class='ocrx_word' id='word_1_250' title='bbox 499 2259 816 2330; x_wconf 84' lang='grc' dir='ltr'>προσήκων,</span> <span class='ocrx_word' id='word_1_251' title='bbox 843 2259 919 2324; x_wconf 84' lang='grc' dir='ltr'><strong>ὡς</strong></span> <span class='ocrx_word' id='word_1_252' title='bbox 946 2260 1155 2317; x_wconf 81' lang='grc' dir='ltr'>οἴεσθαί</span> <span class='ocrx_word' id='word_1_253' title='bbox 1197 2281 1279 2332; x_wconf 88' lang='grc' dir='ltr'><strong>τε,</strong></span> <span class='ocrx_word' id='word_1_254' title='bbox 1317 2268 1415 2321; x_wconf 74' lang='grc' dir='ltr'>καὶ</span> <span class='ocrx_word' id='word_1_255' title='bbox 1451 2268 1656 2337; x_wconf 88' lang='grc' dir='ltr'>λέγειν,</span> <span class='ocrx_word' id='word_1_256' title='bbox 1692 2271 1774 2324; x_wconf 85' lang='grc' dir='ltr'><strong>ὅτι</strong></span> 
     </span>
    </p>
   </div>
   <div class='ocr_carea' id='block_1_37' title="bbox 185 2346 1774 2432">
    <p class='ocr_par' dir='ltr' id='par_1_37' title="bbox 185 2346 1774 2432">
     <span class='ocr_line' id='line_1_37' title="bbox 185 2346 1774 2432; baseline 0.014 -35"><span class='ocrx_word' id='word_1_257' title='bbox 185 2346 597 2418; x_wconf 77' lang='grc' dir='ltr'>παρακλήσεως</span> <span class='ocrx_word' id='word_1_258' title='bbox 623 2350 718 2404; x_wconf 76' lang='grc' dir='ltr'><strong>καὶ</strong></span> <span class='ocrx_word' id='word_1_259' title='bbox 752 2352 1105 2423; x_wconf 85' lang='grc' dir='ltr'>παραμυθίας</span> <span class='ocrx_word' id='word_1_260' title='bbox 1144 2355 1262 2410; x_wconf 83' lang='grc' dir='ltr'>ὲστί</span> <span class='ocrx_word' id='word_1_261' title='bbox 1290 2374 1375 2423; x_wconf 83' lang='grc' dir='ltr'><strong>τις</strong></span> <span class='ocrx_word' id='word_1_262' title='bbox 1400 2362 1620 2432; x_wconf 86' lang='grc' dir='ltr'>τρόπος,</span> <span class='ocrx_word' id='word_1_263' title='bbox 1650 2363 1709 2418; x_wconf 83' lang='grc' dir='ltr'>ὃν</span> <span class='ocrx_word' id='word_1_264' title='bbox 1744 2366 1774 2418; x_wconf 90' lang='lat'><strong>6</strong></span> 
     </span>
    </p>
   </div>
   <div class='ocr_carea' id='block_1_38' title="bbox 185 2436 1773 2530">
    <p class='ocr_par' dir='ltr' id='par_1_38' title="bbox 185 2436 1773 2530">
     <span class='ocr_line' id='line_1_38' title="bbox 185 2436 1773 2530; baseline 0.014 -42"><span class='ocrx_word' id='word_1_265' title='bbox 185 2436 327 2501; x_wconf 81' lang='grc' dir='ltr'>θεῖός</span> <span class='ocrx_word' id='word_1_266' title='bbox 361 2456 425 2492; x_wconf 86' lang='grc' dir='ltr'><strong>τε</strong></span> <span class='ocrx_word' id='word_1_267' title='bbox 455 2442 553 2494; x_wconf 76' lang='grc' dir='ltr'><strong>καὶ</strong></span> <span class='ocrx_word' id='word_1_268' title='bbox 595 2441 874 2514; x_wconf 81' lang='grc' dir='ltr'>ἀκήρατος</span> <span class='ocrx_word' id='word_1_269' title='bbox 910 2445 1009 2516; x_wconf 79' lang='grc' dir='ltr'><strong>οὐχ</strong></span> <span class='ocrx_word' id='word_1_270' title='bbox 1049 2444 1261 2517; x_wconf 81' lang='grc' dir='ltr'>ἑώρακε</span> <span class='ocrx_word' id='word_1_271' title='bbox 1302 2451 1460 2518; x_wconf 90' lang='grc' dir='ltr'>νοῦς;</span> <span class='ocrx_word' id='word_1_272' title='bbox 1493 2454 1627 2524; x_wconf 76' lang='grc' dir='ltr'>Εἰμὶ</span> <span class='ocrx_word' id='word_1_273' title='bbox 1663 2457 1773 2530; x_wconf 85' lang='grc' dir='ltr'>γὰρ</span> 
     </span>
    </p>
   </div>
   <div class='ocr_carea' id='block_1_39' title="bbox 184 2530 1770 2616">
    <p class='ocr_par' dir='ltr' id='par_1_39' title="bbox 184 2530 1770 2616">
     <span class='ocr_line' id='line_1_39' title="bbox 184 2530 1770 2616; baseline 0.014 -35"><span class='ocrx_word' id='word_1_274' title='bbox 184 2530 459 2601; x_wconf 78' lang='grc' dir='ltr'>τεχνίτης,</span> <span class='ocrx_word' id='word_1_275' title='bbox 490 2530 720 2596; x_wconf 75' lang='grc' dir='ltr'>ἄναλκες</span> <span class='ocrx_word' id='word_1_276' title='bbox 747 2551 806 2587; x_wconf 88' lang='grc' dir='ltr'><strong>τε</strong></span> <span class='ocrx_word' id='word_1_277' title='bbox 834 2534 970 2607; x_wconf 77' lang='grc' dir='ltr'>πρὸς</span> <span class='ocrx_word' id='word_1_278' title='bbox 1004 2538 1178 2606; x_wconf 79' lang='grc' dir='ltr'>οὐδὲν,</span> <span class='ocrx_word' id='word_1_279' title='bbox 1208 2540 1323 2595; x_wconf 76' lang='grc' dir='ltr'>ἀλλ’</span> <span class='ocrx_word' id='word_1_280' title='bbox 1348 2538 1407 2597; x_wconf 81' lang='grc' dir='ltr'>εὖ</span> <span class='ocrx_word' id='word_1_281' title='bbox 1428 2543 1544 2599; x_wconf 82' lang='grc' dir='ltr'>οἴδα</span> <span class='ocrx_word' id='word_1_282' title='bbox 1567 2547 1770 2616; x_wconf 85' lang='grc' dir='ltr'>πάντα,</span> 
     </span>
    </p>
   </div>
   <div class='ocr_carea' id='block_1_40' title="bbox 186 2621 1769 2710">
    <p class='ocr_par' dir='ltr' id='par_1_40' title="bbox 186 2621 1769 2710">
     <span class='ocr_line' id='line_1_40' title="bbox 186 2621 1769 2710; baseline 0.014 -38"><span class='ocrx_word' id='word_1_283' title='bbox 186 2621 282 2674; x_wconf 71' lang='grc' dir='ltr'>καὶ</span> <span class='ocrx_word' id='word_1_284' title='bbox 338 2621 611 2694; x_wconf 81' lang='grc' dir='ltr'><strong>ἀμελλητὶ</strong></span> <span class='ocrx_word' id='word_1_285' title='bbox 653 2625 905 2698; x_wconf 86' lang='grc' dir='ltr'>κατορθῶ</span> <span class='ocrx_word' id='word_1_286' title='bbox 958 2627 1019 2680; x_wconf 84' lang='grc' dir='ltr'>τὸ</span> <span class='ocrx_word' id='word_1_287' title='bbox 1067 2629 1279 2687; x_wconf 85' lang='grc' dir='ltr'>δοκοῦν.</span> <span class='ocrx_word' id='word_1_288' title='bbox 1328 2634 1543 2703; x_wconf 79' lang='grc' dir='ltr'>Καίτοι,</span> <span class='ocrx_word' id='word_1_289' title='bbox 1584 2641 1769 2710; x_wconf 73' lang='grc' dir='ltr'>φησὶν,</span> 
     </span>
    </p>
   </div>
   <div class='ocr_carea' id='block_1_41' title="bbox 190 2706 1772 2801">
    <p class='ocr_par' dir='ltr' id='par_1_41' title="bbox 190 2706 1772 2801">
     <span class='ocr_line' id='line_1_41' title="bbox 190 2706 1772 2801; baseline 0.013 -38"><span class='ocrx_word' id='word_1_290' title='bbox 190 2730 209 2762; x_wconf 84' lang='lat' dir='ltr'><strong>s</strong></span> <span class='ocrx_word' id='word_1_291' title='bbox 237 2706 400 2775; x_wconf 69' lang='grc' dir='ltr'>οὗτος</span> <span class='ocrx_word' id='word_1_292' title='bbox 441 2713 719 2784; x_wconf 84' lang='grc' dir='ltr'>ἀναμέσον</span> <span class='ocrx_word' id='word_1_293' title='bbox 772 2717 1017 2789; x_wconf 80' lang='grc' dir='ltr'>ἀδελφῶν</span> <span class='ocrx_word' id='word_1_294' title='bbox 1072 2722 1362 2780; x_wconf 86' lang='grc' dir='ltr'>διαστελεῖ.</span> <span class='ocrx_word' id='word_1_295' title='bbox 1404 2744 1423 2779; x_wconf 76' lang='lat' dir='ltr'><strong>s</strong></span> <span class='ocrx_word' id='word_1_296' title='bbox 1473 2706 1772 2801; x_wconf 49' lang='grc' dir='ltr'>Προαπαγέ</span> 
     </span>
    </p>
   </div>
   <div class='ocr_carea' id='block_1_42' title="bbox 183 2802 1772 2894">
    <p class='ocr_par' dir='ltr' id='par_1_42' title="bbox 183 2802 1772 2894">
     <span class='ocr_line' id='line_1_42' title="bbox 183 2802 1772 2894; baseline 0.016 -40"><span class='ocrx_word' id='word_1_297' title='bbox 183 2802 363 2871; x_wconf 73' lang='grc' dir='ltr'>τέλλει</span> <span class='ocrx_word' id='word_1_298' title='bbox 401 2803 460 2858; x_wconf 75' lang='grc' dir='ltr'>δὲ</span> <span class='ocrx_word' id='word_1_299' title='bbox 493 2805 582 2861; x_wconf 88' lang='grc' dir='ltr'><strong>διά</strong></span> <span class='ocrx_word' id='word_1_300' title='bbox 609 2806 815 2864; x_wconf 87' lang='grc' dir='ltr'>τούτων</span> <span class='ocrx_word' id='word_1_301' title='bbox 839 2811 971 2882; x_wconf 82' lang='grc' dir='ltr'>ἡμῖν</span> <span class='ocrx_word' id='word_1_302' title='bbox 1005 2813 1098 2869; x_wconf 77' lang='grc' dir='ltr'><strong>τὸν</strong></span> <span class='ocrx_word' id='word_1_303' title='bbox 1144 2816 1352 2888; x_wconf 79' lang='grc' dir='ltr'>Κύριον</span> <span class='ocrx_word' id='word_1_304' title='bbox 1380 2821 1411 2890; x_wconf 86' lang='grc' dir='ltr'><strong>ἡ</strong></span> <span class='ocrx_word' id='word_1_305' title='bbox 1423 2820 1538 2891; x_wconf 87' lang='grc' dir='ltr'><strong>μῶν</strong></span> <span class='ocrx_word' id='word_1_306' title='bbox 1563 2824 1772 2894; x_wconf 81' lang='grc' dir='ltr'>Ἰησοῦν</span> 
     </span>
    </p>
   </div>
   <div class='ocr_carea' id='block_1_43' title="bbox 183 2893 1770 2985">
    <p class='ocr_par' dir='ltr' id='par_1_43' title="bbox 183 2893 1770 2985">
     <span class='ocr_line' id='line_1_43' title="bbox 183 2893 1770 2985; baseline 0.014 -40"><span class='ocrx_word' id='word_1_307' title='bbox 183 2893 438 2965; x_wconf 78' lang='grc' dir='ltr'>Χριστόν.</span> <span class='ocrx_word' id='word_1_308' title='bbox 467 2896 643 2962; x_wconf 80' lang='grc' dir='ltr'>Αὐτὸς</span> <span class='ocrx_word' id='word_1_309' title='bbox 679 2900 791 2972; x_wconf 79' lang='grc' dir='ltr'>γάρ</span> <span class='ocrx_word' id='word_1_310' title='bbox 822 2903 970 2957; x_wconf 78' lang='grc' dir='ltr'>ἐστιν</span> <span class='ocrx_word' id='word_1_311' title='bbox 1002 2905 1035 2975; x_wconf 84' lang='grc' dir='ltr'><strong>ἡ</strong></span> <span class='ocrx_word' id='word_1_312' title='bbox 1069 2905 1288 2962; x_wconf 82' lang='grc' dir='ltr'>πάντων</span> <span class='ocrx_word' id='word_1_313' title='bbox 1335 2893 1701 2985; x_wconf 82' lang='grc' dir='ltr'>παράκλησις,</span> <span class='ocrx_word' id='word_1_314' title='bbox 1740 2915 1770 2969; x_wconf 89' lang='lat'><strong>6</strong></span> 
     </span>
    </p>
   </div>
   <div class='ocr_carea' id='block_1_44' title="bbox 1883 1721 3467 1800">
    <p class='ocr_par' dir='ltr' id='par_1_44' title="bbox 1883 1721 3467 1800">
     <span class='ocr_line' id='line_1_44' title="bbox 1883 1721 3467 1800; baseline 0.015 -26"><span class='ocrx_word' id='word_1_315' title='bbox 1883 1730 2059 1774; x_wconf 92' lang='lat' dir='ltr'><strong>torum</strong></span> <span class='ocrx_word' id='word_1_316' title='bbox 2086 1721 2422 1789; x_wconf 81' lang='lat' dir='ltr'><strong>diversitate,</strong></span> <span class='ocrx_word' id='word_1_317' title='bbox 2472 1734 2527 1779; x_wconf 90' lang='lat' dir='ltr'><strong>et</strong></span> <span class='ocrx_word' id='word_1_318' title='bbox 2568 1727 2635 1781; x_wconf 88' lang='lat' dir='ltr'><strong>ad</strong></span> <span class='ocrx_word' id='word_1_319' title='bbox 2671 1727 3093 1800; x_wconf 90' lang='lat' dir='ltr'><strong>delinquendum</strong></span> <span class='ocrx_word' id='word_1_320' title='bbox 3138 1751 3242 1791; x_wconf 93' lang='lat' dir='ltr'><strong>non</strong></span> <span class='ocrx_word' id='word_1_321' title='bbox 3273 1738 3467 1796; x_wconf 85' lang='lat' dir='ltr'><strong>leviter</strong></span> 
     </span>
    </p>
   </div>
   <div class='ocr_carea' id='block_1_45' title="bbox 1879 1811 3461 1903">
    <p class='ocr_par' dir='ltr' id='par_1_45' title="bbox 1879 1811 3461 1903">
     <span class='ocr_line' id='line_1_45' title="bbox 1879 1811 3461 1903; baseline 0.012 -36"><span class='ocrx_word' id='word_1_322' title='bbox 1879 1811 2194 1867; x_wconf 87' lang='lat' dir='ltr'><strong>declinavit.</strong></span> <span class='ocrx_word' id='word_1_323' title='bbox 2232 1813 2497 1880; x_wconf 88' lang='lat' dir='ltr'><strong>Quocirca</strong></span> <span class='ocrx_word' id='word_1_324' title='bbox 2543 1827 2719 1873; x_wconf 90' lang='lat' dir='ltr'><strong>morte</strong></span> <span class='ocrx_word' id='word_1_325' title='bbox 2759 1835 2866 1875; x_wconf 89' lang='lat' dir='ltr'><strong>non</strong></span> <span class='ocrx_word' id='word_1_326' title='bbox 2903 1821 3461 1903; x_wconf 17' lang='lat' dir='ltr'><strong>immeritohdamnata</strong></span> 
     </span>
    </p>
   </div>
   <div class='ocr_carea' id='block_1_46' title="bbox 1879 1904 3464 1976">
    <p class='ocr_par' dir='ltr' id='par_1_46' title="bbox 1879 1904 3464 1976">
     <span class='ocr_line' id='line_1_46' title="bbox 1879 1904 3464 1976; baseline 0.011 -18"><span class='ocrx_word' id='word_1_327' title='bbox 1879 1913 1981 1959; x_wconf 91' lang='lat' dir='ltr'><strong>est.</strong></span> <span class='ocrx_word' id='word_1_328' title='bbox 2018 1904 2135 1959; x_wconf 77' lang='lat' dir='ltr'><strong>lam</strong></span> <span class='ocrx_word' id='word_1_329' title='bbox 2167 1920 2295 1961; x_wconf 93' lang='lat' dir='ltr'><strong>vero</strong></span> <span class='ocrx_word' id='word_1_330' title='bbox 2320 1921 2552 1976; x_wconf 90' lang='lat' dir='ltr'><strong>quanam</strong></span> <span class='ocrx_word' id='word_1_331' title='bbox 2584 1910 2795 1967; x_wconf 88' lang='lat' dir='ltr'><strong>ratione</strong></span> <span class='ocrx_word' id='word_1_332' title='bbox 2827 1913 2908 1967; x_wconf 90' lang='lat' dir='ltr'><strong>sic</strong></span> <span class='ocrx_word' id='word_1_333' title='bbox 2933 1912 3141 1971; x_wconf 70' lang='lat' dir='ltr'><strong>allectis</strong></span> <span class='ocrx_word' id='word_1_334' title='bbox 3175 1908 3464 1975; x_wconf 81' lang='lat' dir='ltr'><strong>succurra-</strong></span> 
     </span>
    </p>
   </div>
   <div class='ocr_carea' id='block_1_47' title="bbox 1879 2001 3467 2085">
    <p class='ocr_par' dir='ltr' id='par_1_47' title="bbox 1879 2001 3467 2085">
     <span class='ocr_line' id='line_1_47' title="bbox 1879 2001 3467 2085; baseline 0.009 -31"><span class='ocrx_word' id='word_1_335' title='bbox 1879 2008 1990 2063; x_wconf 88' lang='lat' dir='ltr'><strong>tur,</strong></span> <span class='ocrx_word' id='word_1_336' title='bbox 2035 2009 2128 2054; x_wconf 89' lang='lat' dir='ltr'><strong>aut</strong></span> <span class='ocrx_word' id='word_1_337' title='bbox 2160 2001 2431 2070; x_wconf 88' lang='lat' dir='ltr'><strong>quomodo</strong></span> <span class='ocrx_word' id='word_1_338' title='bbox 2476 2016 2632 2058; x_wconf 86' lang='lat' dir='ltr'><strong>casus</strong></span> <span class='ocrx_word' id='word_1_339' title='bbox 2682 2005 2771 2060; x_wconf 93' lang='lat' dir='ltr'><strong>hic</strong></span> <span class='ocrx_word' id='word_1_340' title='bbox 2818 2006 3144 2077; x_wconf 87' lang='lat' dir='ltr'><strong>depellatur,</strong></span> <span class='ocrx_word' id='word_1_341' title='bbox 3197 2011 3316 2080; x_wconf 88' lang='lat' dir='ltr'><strong>ipse</strong></span> <span class='ocrx_word' id='word_1_342' title='bbox 3357 2029 3467 2085; x_wconf 76' lang='lat' dir='ltr'><strong>ego</strong></span> 
     </span>
    </p>
   </div>
   <div class='ocr_carea' id='block_1_48' title="bbox 1877 2094 3459 2181">
    <p class='ocr_par' dir='ltr' id='par_1_48' title="bbox 1877 2094 3459 2181">
     <span class='ocr_line' id='line_1_48' title="bbox 1877 2094 3459 2181; baseline 0.009 -33"><span class='ocrx_word' id='word_1_343' title='bbox 1877 2094 2256 2150; x_wconf 85' lang='lat' dir='ltr'><strong>considerabo.</strong></span> <span class='ocrx_word' id='word_1_344' title='bbox 2292 2096 2400 2151; x_wconf 83' lang='lat' dir='ltr'><strong>Aut</strong></span> <span class='ocrx_word' id='word_1_345' title='bbox 2432 2106 2513 2151; x_wconf 87' lang='lat' dir='ltr'><strong>est</strong></span> <span class='ocrx_word' id='word_1_346' title='bbox 2543 2097 2665 2167; x_wconf 90' lang='lat' dir='ltr'><strong>quis</strong></span> <span class='ocrx_word' id='word_1_347' title='bbox 2702 2098 2843 2154; x_wconf 88' lang='lat' dir='ltr'><strong>inter</strong></span> <span class='ocrx_word' id='word_1_348' title='bbox 2871 2116 2966 2157; x_wconf 89' lang='lat' dir='ltr'><strong>vos</strong></span> <span class='ocrx_word' id='word_1_349' title='bbox 2997 2104 3132 2159; x_wconf 91' lang='lat' dir='ltr'><strong>adeo</strong></span> <span class='ocrx_word' id='word_1_350' title='bbox 3162 2104 3459 2181; x_wconf 88' lang='lat' dir='ltr'><strong>desipiens,</strong></span> 
     </span>
    </p>
   </div>
   <div class='ocr_carea' id='block_1_49' title="bbox 1877 2184 3460 2258">
    <p class='ocr_par' dir='ltr' id='par_1_49' title="bbox 1877 2184 3460 2258">
     <span class='ocr_line' id='line_1_49' title="bbox 1877 2184 3460 2258; baseline 0.009 -19"><span class='ocrx_word' id='word_1_351' title='bbox 1877 2194 1937 2239; x_wconf 93' lang='lat' dir='ltr'><strong>ut</strong></span> <span class='ocrx_word' id='word_1_352' title='bbox 1975 2184 2254 2240; x_wconf 81' lang='lat' dir='ltr'><strong>existimet</strong></span> <span class='ocrx_word' id='word_1_353' title='bbox 2304 2201 2370 2241; x_wconf 89' lang='lat' dir='ltr'><strong>ac</strong></span> <span class='ocrx_word' id='word_1_354' title='bbox 2418 2187 2583 2253; x_wconf 88' lang='lat' dir='ltr'><strong>dicat,</strong></span> <span class='ocrx_word' id='word_1_355' title='bbox 2618 2188 2850 2258; x_wconf 87' lang='lat' dir='ltr'><strong>aliquem</strong></span> <span class='ocrx_word' id='word_1_356' title='bbox 2901 2193 3218 2249; x_wconf 86' lang='lat' dir='ltr'><strong>consolandi</strong></span> <span class='ocrx_word' id='word_1_357' title='bbox 3267 2211 3332 2252; x_wconf 90' lang='lat' dir='ltr'><strong>ac</strong></span> <span class='ocrx_word' id='word_1_358' title='bbox 3363 2199 3460 2254; x_wconf 65' lang='lat' dir='ltr'><strong>deo</strong></span> 
     </span>
    </p>
   </div>
   <div class='ocr_carea' id='block_1_50' title="bbox 1876 2277 3459 2357">
    <p class='ocr_par' dir='ltr' id='par_1_50' title="bbox 1876 2277 3459 2357">
     <span class='ocr_line' id='line_1_50' title="bbox 1876 2277 3459 2357; baseline 0.006 -25"><span class='ocrx_word' id='word_1_359' title='bbox 1876 2277 2150 2333; x_wconf 89' lang='lat' dir='ltr'><strong>mulcendi</strong></span> <span class='ocrx_word' id='word_1_360' title='bbox 2199 2278 2416 2333; x_wconf 91' lang='lat' dir='ltr'><strong>modum</strong></span> <span class='ocrx_word' id='word_1_361' title='bbox 2460 2294 2604 2345; x_wconf 90' lang='lat' dir='ltr'><strong>esse,</strong></span> <span class='ocrx_word' id='word_1_362' title='bbox 2637 2297 2796 2350; x_wconf 91' lang='lat' dir='ltr'><strong>quem</strong></span> <span class='ocrx_word' id='word_1_363' title='bbox 2827 2282 3007 2337; x_wconf 83' lang='lat' dir='ltr'><strong>divina</strong></span> <span class='ocrx_word' id='word_1_364' title='bbox 3054 2293 3108 2339; x_wconf 91' lang='lat' dir='ltr'><strong>et</strong></span> <span class='ocrx_word' id='word_1_365' title='bbox 3145 2285 3459 2357; x_wconf 84' lang='lat' dir='ltr'><strong>incorrupta</strong></span> 
     </span>
    </p>
   </div>
   <div class='ocr_carea' id='block_1_51' title="bbox 1874 2369 3459 2447">
    <p class='ocr_par' dir='ltr' id='par_1_51' title="bbox 1874 2369 3459 2447">
     <span class='ocr_line' id='line_1_51' title="bbox 1874 2369 3459 2447; baseline 0.005 -23"><span class='ocrx_word' id='word_1_366' title='bbox 1874 2384 2029 2425; x_wconf 89' lang='lat' dir='ltr'><strong>meus</strong></span> <span class='ocrx_word' id='word_1_367' title='bbox 2060 2384 2167 2424; x_wconf 92' lang='lat' dir='ltr'><strong>non</strong></span> <span class='ocrx_word' id='word_1_368' title='bbox 2195 2369 2427 2425; x_wconf 83' lang='lat' dir='ltr'><strong>viderit?</strong></span> <span class='ocrx_word' id='word_1_369' title='bbox 2455 2369 2587 2425; x_wconf 90' lang='lat' dir='ltr'><strong>Sum</strong></span> <span class='ocrx_word' id='word_1_370' title='bbox 2634 2371 2779 2427; x_wconf 88' lang='lat' dir='ltr'><strong>enim</strong></span> <span class='ocrx_word' id='word_1_371' title='bbox 2813 2372 3029 2440; x_wconf 78' lang='lat' dir='ltr'><strong>artifex,</strong></span> <span class='ocrx_word' id='word_1_372' title='bbox 3068 2390 3169 2431; x_wconf 91' lang='lat' dir='ltr'><strong>nec</strong></span> <span class='ocrx_word' id='word_1_373' title='bbox 3195 2377 3261 2430; x_wconf 91' lang='lat' dir='ltr'><strong>ad</strong></span> <span class='ocrx_word' id='word_1_374' title='bbox 3298 2378 3459 2447; x_wconf 86' lang='lat' dir='ltr'><strong>quid-</strong></span> 
     </span>
    </p>
   </div>
   <div class='ocr_carea' id='block_1_52' title="bbox 1874 2459 3457 2535">
    <p class='ocr_par' dir='ltr' id='par_1_52' title="bbox 1874 2459 3457 2535">
     <span class='ocr_line' id='line_1_52' title="bbox 1874 2459 3457 2535; baseline 0.005 -20"><span class='ocrx_word' id='word_1_375' title='bbox 1874 2475 2034 2529; x_wconf 89' lang='lat' dir='ltr'><strong>quam</strong></span> <span class='ocrx_word' id='word_1_376' title='bbox 2064 2459 2405 2516; x_wconf 76' lang='lat' dir='ltr'><strong>efﬁciendum</strong></span> <span class='ocrx_word' id='word_1_377' title='bbox 2436 2460 2771 2528; x_wconf 88' lang='lat' dir='ltr'><strong>imbecillus;</strong></span> <span class='ocrx_word' id='word_1_378' title='bbox 2800 2462 2893 2517; x_wconf 89' lang='lat' dir='ltr'><strong>sed</strong></span> <span class='ocrx_word' id='word_1_379' title='bbox 2920 2463 3045 2519; x_wconf 82' lang='lat' dir='ltr'><strong>novi</strong></span> <span class='ocrx_word' id='word_1_380' title='bbox 3080 2466 3260 2520; x_wconf 88' lang='lat' dir='ltr'><strong>omnia</strong></span> <span class='ocrx_word' id='word_1_381' title='bbox 3295 2466 3457 2535; x_wconf 89' lang='lat' dir='ltr'><strong>bene,</strong></span> 
     </span>
    </p>
   </div>
   <div class='ocr_carea' id='block_1_53' title="bbox 1873 2552 3454 2627">
    <p class='ocr_par' dir='ltr' id='par_1_53' title="bbox 1873 2552 3454 2627">
     <span class='ocr_line' id='line_1_53' title="bbox 1873 2552 3454 2627; baseline 0.004 -20"><span class='ocrx_word' id='word_1_382' title='bbox 1873 2559 1929 2607; x_wconf 91' lang='lat' dir='ltr'><strong>et</strong></span> <span class='ocrx_word' id='word_1_383' title='bbox 1956 2552 2076 2607; x_wconf 90' lang='lat' dir='ltr'><strong>sine</strong></span> <span class='ocrx_word' id='word_1_384' title='bbox 2113 2567 2265 2608; x_wconf 90' lang='lat' dir='ltr'><strong>mora</strong></span> <span class='ocrx_word' id='word_1_385' title='bbox 2302 2553 2446 2623; x_wconf 91' lang='lat' dir='ltr'><strong>quod</strong></span> <span class='ocrx_word' id='word_1_386' title='bbox 2484 2554 2661 2625; x_wconf 90' lang='lat' dir='ltr'><strong>placet</strong></span> <span class='ocrx_word' id='word_1_387' title='bbox 2688 2554 2790 2609; x_wconf 91' lang='lat' dir='ltr'><strong>rite</strong></span> <span class='ocrx_word' id='word_1_388' title='bbox 2827 2566 3050 2624; x_wconf 84' lang='lat' dir='ltr'><strong>praesto.</strong></span> <span class='ocrx_word' id='word_1_389' title='bbox 3083 2556 3219 2622; x_wconf 84' lang='lat' dir='ltr'><strong>Etsi,</strong></span> <span class='ocrx_word' id='word_1_390' title='bbox 3257 2558 3454 2627; x_wconf 90' lang='lat' dir='ltr'><strong>inquit,</strong></span> 
     </span>
    </p>
   </div>
   <div class='ocr_carea' id='block_1_54' title="bbox 1878 2640 3456 2712">
    <p class='ocr_par' dir='ltr' id='par_1_54' title="bbox 1878 2640 3456 2712">
     <span class='ocr_line' id='line_1_54' title="bbox 1878 2640 3456 2712; baseline 0.006 -19"><span class='ocrx_word' id='word_1_391' title='bbox 1878 2658 1899 2693; x_wconf 88' lang='grc'>‹</span> <span class='ocrx_word' id='word_1_392' title='bbox 1931 2640 2020 2696; x_wconf 86' lang='lat' dir='ltr'><strong>hic</strong></span> <span class='ocrx_word' id='word_1_393' title='bbox 2064 2640 2208 2695; x_wconf 90' lang='lat' dir='ltr'><strong>inter</strong></span> <span class='ocrx_word' id='word_1_394' title='bbox 2265 2641 2463 2696; x_wconf 84' lang='lat' dir='ltr'><strong>fratres</strong></span> <span class='ocrx_word' id='word_1_395' title='bbox 2516 2644 2815 2712; x_wconf 78' lang='lat' dir='ltr'><strong>separabit.</strong></span> <span class='ocrx_word' id='word_1_396' title='bbox 2852 2662 2871 2695; x_wconf 75' lang='grc' dir='ltr'><strong>ι</strong></span> <span class='ocrx_word' id='word_1_397' title='bbox 2928 2643 3258 2699; x_wconf 67' lang='grc' dir='ltr'>Ρηεηυηιίοι</span> <span class='ocrx_word' id='word_1_398' title='bbox 3299 2648 3456 2704; x_wconf 84' lang='lat' dir='ltr'><strong>nobis</strong></span> 
     </span>
    </p>
   </div>
   <div class='ocr_carea' id='block_1_55' title="bbox 1872 2731 3458 2809">
    <p class='ocr_par' dir='ltr' id='par_1_55' title="bbox 1872 2731 3458 2809">
     <span class='ocr_line' id='line_1_55' title="bbox 1872 2731 3458 2809; baseline 0.005 -22"><span class='ocrx_word' id='word_1_399' title='bbox 1872 2748 1970 2804; x_wconf 90' lang='lat' dir='ltr'><strong>per</strong></span> <span class='ocrx_word' id='word_1_400' title='bbox 2001 2734 2115 2789; x_wconf 84' lang='lat' dir='ltr'><strong>haec</strong></span> <span class='ocrx_word' id='word_1_401' title='bbox 2148 2732 2433 2788; x_wconf 89' lang='lat' dir='ltr'><strong>Dominum</strong></span> <span class='ocrx_word' id='word_1_402' title='bbox 2479 2743 2721 2788; x_wconf 90' lang='lat' dir='ltr'><strong>nostrum</strong></span> <span class='ocrx_word' id='word_1_403' title='bbox 2759 2731 2943 2791; x_wconf 85' lang='lat' dir='ltr'><strong>Jesum</strong></span> <span class='ocrx_word' id='word_1_404' title='bbox 2990 2734 3289 2791; x_wconf 87' lang='lat' dir='ltr'><strong>Christum.</strong></span> <span class='ocrx_word' id='word_1_405' title='bbox 3333 2737 3458 2809; x_wconf 79' lang='lat' dir='ltr'><strong>Ipse</strong></span> 
     </span>
    </p>
   </div>
   <div class='ocr_carea' id='block_1_56' title="bbox 1872 2826 3455 2900">
    <p class='ocr_par' dir='ltr' id='par_1_56' title="bbox 1872 2826 3455 2900">
     <span class='ocr_line' id='line_1_56' title="bbox 1872 2826 3455 2900; baseline 0.004 -19"><span class='ocrx_word' id='word_1_406' title='bbox 1872 2827 2017 2881; x_wconf 90' lang='lat' dir='ltr'><strong>enim</strong></span> <span class='ocrx_word' id='word_1_407' title='bbox 2070 2834 2154 2882; x_wconf 91' lang='lat' dir='ltr'><strong>est</strong></span> <span class='ocrx_word' id='word_1_408' title='bbox 2205 2826 2444 2880; x_wconf 90' lang='lat' dir='ltr'><strong>omnium</strong></span> <span class='ocrx_word' id='word_1_409' title='bbox 2500 2826 2820 2893; x_wconf 81' lang='lat' dir='ltr'><strong>consolatio,</strong></span> <span class='ocrx_word' id='word_1_410' title='bbox 2875 2827 3066 2883; x_wconf 84' lang='lat' dir='ltr'><strong>modus</strong></span> <span class='ocrx_word' id='word_1_411' title='bbox 3120 2829 3455 2900; x_wconf 82' lang='lat' dir='ltr'><strong>curationis;</strong></span> 
     </span>
    </p>
   </div>
   <div class='ocr_carea' id='block_1_57' title="bbox 1873 2916 3459 2989">
    <p class='ocr_par' dir='ltr' id='par_1_57' title="bbox 1873 2916 3459 2989">
     <span class='ocr_line' id='line_1_57' title="bbox 1873 2916 3459 2989; baseline 0.004 -18"><span class='ocrx_word' id='word_1_412' title='bbox 1873 2916 2049 2986; x_wconf 88' lang='lat' dir='ltr'><strong>ipsum</strong></span> <span class='ocrx_word' id='word_1_413' title='bbox 2094 2916 2403 2984; x_wconf 87' lang='lat' dir='ltr'><strong>destinavit</strong></span> <span class='ocrx_word' id='word_1_414' title='bbox 2456 2916 2616 2972; x_wconf 88' lang='lat' dir='ltr'><strong>Pater</strong></span> <span class='ocrx_word' id='word_1_415' title='bbox 2685 2925 2810 2973; x_wconf 87' lang='lat' dir='ltr'><strong>ante</strong></span> <span class='ocrx_word' id='word_1_416' title='bbox 2864 2924 3108 2989; x_wconf 87' lang='lat' dir='ltr'><strong>tempora</strong></span> <span class='ocrx_word' id='word_1_417' title='bbox 3169 2920 3459 2978; x_wconf 68' lang='lat' dir='ltr'><strong>saecularia</strong></span> 
     </span>
    </p>
   </div>
   <div class='ocr_carea' id='block_1_58' title="bbox 183 2980 1769 3083">
    <p class='ocr_par' dir='ltr' id='par_1_58' title="bbox 183 2980 1769 3079">
     <span class='ocr_line' id='line_1_58' title="bbox 183 2980 1769 3079; baseline 0.015 -42"><span class='ocrx_word' id='word_1_418' title='bbox 183 2985 281 3056; x_wconf 80' lang='grc' dir='ltr'>τῆς</span> <span class='ocrx_word' id='word_1_419' title='bbox 308 2986 616 3058; x_wconf 84' lang='grc' dir='ltr'>θεραπείας</span> <span class='ocrx_word' id='word_1_420' title='bbox 635 2990 857 3062; x_wconf 87' lang='grc' dir='ltr'>τρόπος,</span> <span class='ocrx_word' id='word_1_421' title='bbox 888 2995 1053 3049; x_wconf 82' lang='grc' dir='ltr'>αὑτὸν</span> <span class='ocrx_word' id='word_1_422' title='bbox 1074 3000 1382 3069; x_wconf 87' lang='grc' dir='ltr'>προώρισεν</span> <span class='ocrx_word' id='word_1_423' title='bbox 1400 3003 1429 3054; x_wconf 95' lang='lat'><strong>6</strong></span> <span class='ocrx_word' id='word_1_424' title='bbox 1451 2980 1641 3075; x_wconf 65' lang='grc' dir='ltr'>Πατήρ</span> <span class='ocrx_word' id='word_1_425' title='bbox 1662 3007 1769 3079; x_wconf 87' lang='grc' dir='ltr'>πρὸ</span> 
     </span>
    </p>
   </div>
   <div class='ocr_carea' id='block_1_59' title="bbox 1878 2980 3457 3083">
    <p class='ocr_par' dir='ltr' id='par_1_59' title="bbox 1878 2980 3457 3083">
     <span class='ocr_line' id='line_1_59' title="bbox 1878 2980 3457 3083; baseline 0.003 -19"><span class='ocrx_word' id='word_1_426' title='bbox 1878 2980 2212 3065; x_wconf 11' lang='lat' dir='ltr'><strong>S-alvato&#39;rem</strong></span> <span class='ocrx_word' id='word_1_427' title='bbox 2250 3023 2314 3063; x_wconf 91' lang='lat' dir='ltr'><strong>ac</strong></span> <span class='ocrx_word' id='word_1_428' title='bbox 2349 3007 2761 3079; x_wconf 81' lang='lat' dir='ltr'><strong>Redemptorem</strong></span> <span class='ocrx_word' id='word_1_429' title='bbox 2794 3010 2847 3064; x_wconf 92' lang='lat' dir='ltr'><strong>in</strong></span> <span class='ocrx_word' id='word_1_430' title='bbox 2897 3010 3089 3066; x_wconf 91' lang='lat' dir='ltr'><strong>mortis</strong></span> <span class='ocrx_word' id='word_1_431' title='bbox 3130 3018 3457 3083; x_wconf 84' lang='lat' dir='ltr'><strong>tempestate</strong></span> 
     </span>
    </p>
   </div>
   <div class='ocr_carea' id='block_1_60' title="bbox 182 3078 1770 3167">
    <p class='ocr_par' dir='ltr' id='par_1_60' title="bbox 182 3078 1770 3167">
     <span class='ocr_line' id='line_1_60' title="bbox 182 3078 1770 3167; baseline 0.012 -37"><span class='ocrx_word' id='word_1_432' title='bbox 182 3078 388 3148; x_wconf 49' lang='grc' dir='ltr'>χρόνον</span> <span class='ocrx_word' id='word_1_433' title='bbox 421 3081 659 3135; x_wconf 88' lang='grc' dir='ltr'>αίωνίων</span> <span class='ocrx_word' id='word_1_434' title='bbox 687 3084 917 3157; x_wconf 82' lang='grc' dir='ltr'>Σωτῆρα</span> <span class='ocrx_word' id='word_1_435' title='bbox 949 3088 1040 3140; x_wconf 82' lang='grc' dir='ltr'>καὶ</span> <span class='ocrx_word' id='word_1_436' title='bbox 1076 3089 1378 3162; x_wconf 82' lang='grc' dir='ltr'>Λυτρωτὴν</span> <span class='ocrx_word' id='word_1_437' title='bbox 1414 3097 1526 3159; x_wconf 83' lang='grc' dir='ltr'>τοῖς</span> <span class='ocrx_word' id='word_1_438' title='bbox 1553 3096 1632 3167; x_wconf 85' lang='grc' dir='ltr'>τῷ</span> <span class='ocrx_word' id='word_1_439' title='bbox 1669 3078 1770 3153; x_wconf 80' lang='grc' dir='ltr'>θα-</span> 
     </span>
    </p>
   </div>
   <div class='ocr_carea' id='block_1_61' title="bbox 182 3166 1776 3258">
    <p class='ocr_par' dir='ltr' id='par_1_61' title="bbox 182 3166 1776 3258">
     <span class='ocr_line' id='line_1_61' title="bbox 182 3166 1776 3258; baseline 0.014 -40"><span class='ocrx_word' id='word_1_440' title='bbox 182 3166 325 3237; x_wconf 74' lang='grc' dir='ltr'>νάτῳ</span> <span class='ocrx_word' id='word_1_441' title='bbox 359 3171 819 3241; x_wconf 73' lang='grc' dir='ltr'>κεκρατημένοις.</span> <span class='ocrx_word' id='word_1_442' title='bbox 866 3174 1042 3228; x_wconf 80' lang='grc' dir='ltr'>Αὐτὸν</span> <span class='ocrx_word' id='word_1_443' title='bbox 1079 3176 1183 3250; x_wconf 77' lang='grc' dir='ltr'>ἔφη</span> <span class='ocrx_word' id='word_1_444' title='bbox 1211 3178 1539 3237; x_wconf 84' lang='grc' dir='ltr'>διαστέλλειν</span> <span class='ocrx_word' id='word_1_445' title='bbox 1567 3166 1776 3258; x_wconf 70' lang='grc' dir='ltr'><strong>ἀναμέ-⁵</strong></span> 
     </span>
    </p>
   </div>
   <div class='ocr_carea' id='block_1_62' title="bbox 186 3258 1769 3345">
    <p class='ocr_par' dir='ltr' id='par_1_62' title="bbox 186 3258 1769 3345">
     <span class='ocr_line' id='line_1_62' title="bbox 186 3258 1769 3345; baseline 0.015 -35"><span class='ocrx_word' id='word_1_446' title='bbox 186 3274 273 3311; x_wconf 80' lang='grc' dir='ltr'><strong>σον</strong></span> <span class='ocrx_word' id='word_1_447' title='bbox 292 3258 566 3329; x_wconf 80' lang='grc' dir='ltr'>ἀδελφῶν.</span> <span class='ocrx_word' id='word_1_448' title='bbox 596 3263 706 3317; x_wconf 77' lang='grc' dir='ltr'><strong>Καὶ</strong></span> <span class='ocrx_word' id='word_1_449' title='bbox 732 3263 787 3316; x_wconf 90' lang='grc' dir='ltr'><strong>τί</strong></span> <span class='ocrx_word' id='word_1_450' title='bbox 815 3264 878 3336; x_wconf 85' lang='grc' dir='ltr'>δὴ</span> <span class='ocrx_word' id='word_1_451' title='bbox 901 3265 1059 3320; x_wconf 86' lang='grc' dir='ltr'>τοῦτό</span> <span class='ocrx_word' id='word_1_452' title='bbox 1092 3269 1276 3337; x_wconf 84' lang='grc' dir='ltr'>ὲστιν;</span> <span class='ocrx_word' id='word_1_453' title='bbox 1313 3272 1478 3327; x_wconf 86' lang='grc' dir='ltr'>αὑτοῦ</span> <span class='ocrx_word' id='word_1_454' title='bbox 1517 3275 1769 3345; x_wconf 81' lang='grc' dir='ltr'>λέγοντος</span> 
     </span>
    </p>
   </div>
   <div class='ocr_carea' id='block_1_63' title="bbox 183 3347 1762 3436">
    <p class='ocr_par' dir='ltr' id='par_1_63' title="bbox 183 3347 1762 3436">
     <span class='ocr_line' id='line_1_63' title="bbox 183 3347 1762 3436; baseline 0.014 -36"><span class='ocrx_word' id='word_1_455' title='bbox 183 3347 504 3421; x_wconf 79' lang='grc' dir='ltr'>ἀκηκόαμεν</span> <span class='ocrx_word' id='word_1_456' title='bbox 555 3352 652 3405; x_wconf 84' lang='grc' dir='ltr'><strong>τοῦ</strong></span> <span class='ocrx_word' id='word_1_457' title='bbox 715 3354 935 3411; x_wconf 81' lang='grc' dir='ltr'>πάντων</span> <span class='ocrx_word' id='word_1_458' title='bbox 988 3357 1149 3428; x_wconf 83' lang='grc' dir='ltr'>ήμῶν</span> <span class='ocrx_word' id='word_1_459' title='bbox 1204 3361 1458 3434; x_wconf 83' lang='grc' dir='ltr'>Σωτῆρος</span> <span class='ocrx_word' id='word_1_460' title='bbox 1504 3366 1762 3436; x_wconf 81' lang='grc' dir='ltr'>Χριστοῦ·</span> 
     </span>
    </p>
   </div>
   <div class='ocr_carea' id='block_1_64' title="bbox 188 3442 1763 3533">
    <p class='ocr_par' dir='ltr' id='par_1_64' title="bbox 188 3442 1763 3533">
     <span class='ocr_line' id='line_1_64' title="bbox 188 3442 1763 3533; baseline 0.015 -39"><span class='ocrx_word' id='word_1_461' title='bbox 188 3459 211 3493; x_wconf 71' lang='grc' dir='ltr'><strong>ι</strong></span> <span class='ocrx_word' id='word_1_462' title='bbox 236 3442 327 3512; x_wconf 72' lang='grc' dir='ltr'><strong>Μὴ</strong></span> <span class='ocrx_word' id='word_1_463' title='bbox 352 3445 618 3515; x_wconf 86' lang='grc' dir='ltr'>νομίσητε</span> <span class='ocrx_word' id='word_1_464' title='bbox 648 3445 731 3501; x_wconf 82' lang='grc' dir='ltr'>ὅτι</span> <span class='ocrx_word' id='word_1_465' title='bbox 750 3442 915 3520; x_wconf 79' lang='grc' dir='ltr'>ἦλθον</span> <span class='ocrx_word' id='word_1_466' title='bbox 939 3450 1125 3520; x_wconf 82' lang='grc' dir='ltr'>βαλεῖν</span> <span class='ocrx_word' id='word_1_467' title='bbox 1152 3454 1376 3527; x_wconf 75' lang='grc' dir='ltr'>εἰρήνην</span> <span class='ocrx_word' id='word_1_468' title='bbox 1401 3457 1496 3511; x_wconf 75' lang='grc' dir='ltr'>ἐπὶ</span> <span class='ocrx_word' id='word_1_469' title='bbox 1519 3459 1620 3531; x_wconf 84' lang='grc' dir='ltr'>τὴν</span> <span class='ocrx_word' id='word_1_470' title='bbox 1637 3463 1763 3533; x_wconf 83' lang='grc' dir='ltr'>γῆν.</span> 
     </span>
    </p>
   </div>
   <div class='ocr_carea' id='block_1_65' title="bbox 186 3530 1766 3620">
    <p class='ocr_par' dir='ltr' id='par_1_65' title="bbox 186 3530 1766 3620">
     <span class='ocr_line' id='line_1_65' title="bbox 186 3530 1766 3620; baseline 0.014 -35"><span class='ocrx_word' id='word_1_471' title='bbox 186 3534 296 3586; x_wconf 70' lang='grc' dir='ltr'><strong>Οὐκ</strong></span> <span class='ocrx_word' id='word_1_472' title='bbox 328 3530 497 3607; x_wconf 73' lang='grc' dir='ltr'>ἦλθον</span> <span class='ocrx_word' id='word_1_473' title='bbox 536 3536 720 3607; x_wconf 84' lang='grc' dir='ltr'>βαλεῖν</span> <span class='ocrx_word' id='word_1_474' title='bbox 751 3540 996 3613; x_wconf 82' lang='grc' dir='ltr'>είρήνην,</span> <span class='ocrx_word' id='word_1_475' title='bbox 1042 3543 1181 3598; x_wconf 82' lang='grc' dir='ltr'><strong>ἀλλά</strong></span> <span class='ocrx_word' id='word_1_476' title='bbox 1229 3547 1528 3620; x_wconf 85' lang='grc' dir='ltr'>μάχαιραν.</span> <span class='ocrx_word' id='word_1_477' title='bbox 1561 3530 1766 3607; x_wconf 22' lang='grc' dir='ltr'>*Ηλθνον</span> 
     </span>
    </p>
   </div>
   <div class='ocr_carea' id='block_1_66' title="bbox 185 3626 1767 3710">
    <p class='ocr_par' dir='ltr' id='par_1_66' title="bbox 185 3626 1767 3710">
     <span class='ocr_line' id='line_1_66' title="bbox 185 3626 1767 3710; baseline 0.013 -32"><span class='ocrx_word' id='word_1_478' title='bbox 185 3626 293 3697; x_wconf 75' lang='grc' dir='ltr'><strong>γὰρ</strong></span> <span class='ocrx_word' id='word_1_479' title='bbox 318 3626 545 3697; x_wconf 83' lang='grc' dir='ltr'>διχάσαι</span> <span class='ocrx_word' id='word_1_480' title='bbox 582 3631 867 3703; x_wconf 78' lang='grc' dir='ltr'>ἄνθρωπον</span> <span class='ocrx_word' id='word_1_481' title='bbox 914 3636 1056 3688; x_wconf 80' lang='grc' dir='ltr'>κατὰ</span> <span class='ocrx_word' id='word_1_482' title='bbox 1083 3636 1179 3691; x_wconf 91' lang='grc' dir='ltr'><strong>τοῦ</strong></span> <span class='ocrx_word' id='word_1_483' title='bbox 1211 3640 1422 3710; x_wconf 88' lang='grc' dir='ltr'>πατρὸς</span> <span class='ocrx_word' id='word_1_484' title='bbox 1449 3642 1638 3709; x_wconf 84' lang='grc' dir='ltr'>αὐτοῦ,</span> <span class='ocrx_word' id='word_1_485' title='bbox 1669 3644 1767 3697; x_wconf 79' lang='grc' dir='ltr'>καὶ</span> 
     </span>
    </p>
   </div>
   <div class='ocr_carea' id='block_1_67' title="bbox 188 3717 1765 3804">
    <p class='ocr_par' dir='ltr' id='par_1_67' title="bbox 188 3717 1765 3804">
     <span class='ocr_line' id='line_1_67' title="bbox 188 3717 1765 3804; baseline 0.013 -34"><span class='ocrx_word' id='word_1_486' title='bbox 188 3717 458 3790; x_wconf 74' lang='grc' dir='ltr'>θυγατέρα</span> <span class='ocrx_word' id='word_1_487' title='bbox 485 3720 630 3775; x_wconf 84' lang='grc' dir='ltr'><strong>κατά</strong></span> <span class='ocrx_word' id='word_1_488' title='bbox 653 3722 755 3793; x_wconf 84' lang='grc' dir='ltr'>τῆς</span> <span class='ocrx_word' id='word_1_489' title='bbox 791 3726 998 3797; x_wconf 84' lang='grc' dir='ltr'>μητρὸς</span> <span class='ocrx_word' id='word_1_490' title='bbox 1024 3728 1217 3800; x_wconf 77' lang='grc' dir='ltr'>αὐτῆς,</span> <span class='ocrx_word' id='word_1_491' title='bbox 1247 3732 1344 3785; x_wconf 77' lang='grc' dir='ltr'><strong>καὶ</strong></span> <span class='ocrx_word' id='word_1_492' title='bbox 1372 3732 1593 3804; x_wconf 85' lang='grc' dir='ltr'>νύμφην</span> <span class='ocrx_word' id='word_1_493' title='bbox 1627 3735 1765 3790; x_wconf 85' lang='grc' dir='ltr'><strong>κατά</strong></span> 
     </span>
    </p>
   </div>
   <div class='ocr_carea' id='block_1_68' title="bbox 187 3812 1763 3897">
    <p class='ocr_par' dir='ltr' id='par_1_68' title="bbox 187 3812 1763 3897">
     <span class='ocr_line' id='line_1_68' title="bbox 187 3812 1763 3897; baseline 0.011 -33"><span class='ocrx_word' id='word_1_494' title='bbox 187 3812 281 3881; x_wconf 79' lang='grc' dir='ltr'><strong>τῆς</strong></span> <span class='ocrx_word' id='word_1_495' title='bbox 320 3814 596 3885; x_wconf 77' lang='grc' dir='ltr'>πενθερᾶς</span> <span class='ocrx_word' id='word_1_496' title='bbox 635 3817 841 3888; x_wconf 84' lang='grc' dir='ltr'>αὐτῆς,</span> <span class='ocrx_word' id='word_1_497' title='bbox 876 3820 970 3873; x_wconf 80' lang='grc' dir='ltr'><strong>καὶ</strong></span> <span class='ocrx_word' id='word_1_498' title='bbox 1010 3820 1198 3892; x_wconf 75' lang='grc' dir='ltr'>ἐχθροὶ</span> <span class='ocrx_word' id='word_1_499' title='bbox 1237 3823 1333 3878; x_wconf 87' lang='grc' dir='ltr'><strong>τοῦ</strong></span> <span class='ocrx_word' id='word_1_500' title='bbox 1380 3824 1677 3897; x_wconf 84' lang='grc' dir='ltr'>ἀνθρώπου·</span> <span class='ocrx_word' id='word_1_501' title='bbox 1714 3829 1763 3882; x_wconf 75' lang='lat' dir='ltr'><strong>oi</strong></span> 
     </span>
    </p>
   </div>
   <div class='ocr_carea' id='block_1_69' title="bbox 194 3900 1765 3990">
    <p class='ocr_par' dir='ltr' id='par_1_69' title="bbox 194 3900 1765 3990">
     <span class='ocr_line' id='line_1_69' title="bbox 194 3900 1765 3990; baseline 0.013 -37"><span class='ocrx_word' id='word_1_502' title='bbox 194 3900 446 3958; x_wconf 75' lang='grc' dir='ltr'>οἱκειακοὶ</span> <span class='ocrx_word' id='word_1_503' title='bbox 481 3905 667 3962; x_wconf 81' lang='grc' dir='ltr'>αὐτοῦ.</span> <span class='ocrx_word' id='word_1_504' title='bbox 708 3926 730 3961; x_wconf 72' lang='grc' dir='ltr'><strong>ι</strong></span> <span class='ocrx_word' id='word_1_505' title='bbox 761 3908 882 3963; x_wconf 78' lang='grc' dir='ltr'>Καὶ·</span> <span class='ocrx_word' id='word_1_506' title='bbox 903 3911 1066 3967; x_wconf 74' lang='grc' dir='ltr'>πάλιν</span> <span class='ocrx_word' id='word_1_507' title='bbox 1102 3914 1174 3967; x_wconf 88' lang='grc' dir='ltr'><strong>τά</strong></span> <span class='ocrx_word' id='word_1_508' title='bbox 1210 3915 1447 3986; x_wconf 80' lang='grc' dir='ltr'>ἐσόμενα</span> <span class='ocrx_word' id='word_1_509' title='bbox 1475 3935 1765 3990; x_wconf 87' lang='grc' dir='ltr'>προαπαγ-</span> 
     </span>
    </p>
   </div>
   <div class='ocr_carea' id='block_1_70' title="bbox 191 3994 1762 4082">
    <p class='ocr_par' dir='ltr' id='par_1_70' title="bbox 191 3994 1762 4082">
     <span class='ocr_line' id='line_1_70' title="bbox 191 3994 1762 4082; baseline 0.01 -33"><span class='ocrx_word' id='word_1_510' title='bbox 191 3994 385 4062; x_wconf 78' lang='grc' dir='ltr'>γέλλων</span> <span class='ocrx_word' id='word_1_511' title='bbox 428 3999 543 4062; x_wconf 82' lang='grc' dir='ltr'>τοῖς</span> <span class='ocrx_word' id='word_1_512' title='bbox 580 3999 761 4068; x_wconf 85' lang='grc' dir='ltr'>ἁγίοις</span> <span class='ocrx_word' id='word_1_513' title='bbox 807 4002 1077 4075; x_wconf 77' lang='grc' dir='ltr'>μαθηταῖς</span> <span class='ocrx_word' id='word_1_514' title='bbox 1098 4022 1113 4035; x_wconf 73' lang='grc' dir='ltr'><strong>ο</strong></span> <span class='ocrx_word' id='word_1_515' title='bbox 1148 4023 1169 4057; x_wconf 74' lang='lat' dir='ltr'><strong>s</strong></span> <span class='ocrx_word' id='word_1_516' title='bbox 1200 4007 1541 4079; x_wconf 82' lang='grc' dir='ltr'>Παραδώσει,</span> <span class='ocrx_word' id='word_1_517' title='bbox 1572 4013 1762 4082; x_wconf 62' lang='grc' dir='ltr'>φησὶν,</span> 
     </span>
    </p>
   </div>
   <div class='ocr_carea' id='block_1_71' title="bbox 189 4088 1762 4175">
    <p class='ocr_par' dir='ltr' id='par_1_71' title="bbox 189 4088 1762 4175">
     <span class='ocr_line' id='line_1_71' title="bbox 189 4088 1762 4175; baseline 0.01 -33"><span class='ocrx_word' id='word_1_518' title='bbox 189 4088 407 4159; x_wconf 76' lang='grc' dir='ltr'>ἀδελφὸς</span> <span class='ocrx_word' id='word_1_519' title='bbox 459 4092 693 4164; x_wconf 83' lang='grc' dir='ltr'>ἀδελφὸν</span> <span class='ocrx_word' id='word_1_520' title='bbox 740 4097 823 4160; x_wconf 88' lang='grc' dir='ltr'><strong>είς</strong></span> <span class='ocrx_word' id='word_1_521' title='bbox 872 4097 1134 4165; x_wconf 84' lang='grc' dir='ltr'>θάνατον,</span> <span class='ocrx_word' id='word_1_522' title='bbox 1186 4102 1281 4155; x_wconf 75' lang='grc' dir='ltr'><strong>καὶ</strong></span> <span class='ocrx_word' id='word_1_523' title='bbox 1322 4103 1762 4175; x_wconf 75' lang='grc' dir='ltr'>ἐπαναστήσεται</span> 
     </span>
    </p>
   </div>
   <div class='ocr_carea' id='block_1_72' title="bbox 190 4182 1758 4265">
    <p class='ocr_par' dir='ltr' id='par_1_72' title="bbox 190 4182 1758 4265">
     <span class='ocr_line' id='line_1_72' title="bbox 190 4182 1758 4265; baseline 0.011 -32"><span class='ocrx_word' id='word_1_524' title='bbox 190 4182 362 4254; x_wconf 75' lang='grc' dir='ltr'>πατὴρ</span> <span class='ocrx_word' id='word_1_525' title='bbox 394 4184 484 4254; x_wconf 76' lang='grc' dir='ltr'><strong>ἐφ’</strong></span> <span class='ocrx_word' id='word_1_526' title='bbox 513 4186 684 4250; x_wconf 81' lang='grc' dir='ltr'>υἱούς.</span> <span class='ocrx_word' id='word_1_527' title='bbox 737 4206 757 4240; x_wconf 77' lang='grc' dir='ltr'><strong>ι</strong></span> <span class='ocrx_word' id='word_1_528' title='bbox 798 4189 1018 4262; x_wconf 83' lang='grc' dir='ltr'>Ἐπειδὴ</span> <span class='ocrx_word' id='word_1_529' title='bbox 1067 4192 1178 4264; x_wconf 89' lang='grc' dir='ltr'><strong>γάρ</strong></span> <span class='ocrx_word' id='word_1_530' title='bbox 1224 4192 1324 4265; x_wconf 79' lang='grc' dir='ltr'><strong>τήν</strong></span> <span class='ocrx_word' id='word_1_531' title='bbox 1368 4193 1463 4247; x_wconf 90' lang='grc' dir='ltr'><strong>τοῦ</strong></span> <span class='ocrx_word' id='word_1_532' title='bbox 1509 4194 1758 4252; x_wconf 87' lang='grc' dir='ltr'>διαϐόλου</span> 
     </span>
    </p>
   </div>
   <div class='ocr_carea' id='block_1_73' title="bbox 1869 3097 3445 3171">
    <p class='ocr_par' dir='ltr' id='par_1_73' title="bbox 1869 3097 3445 3171">
     <span class='ocr_line' id='line_1_73' title="bbox 1869 3097 3445 3171; baseline 0.003 -17"><span class='ocrx_word' id='word_1_533' title='bbox 1869 3101 2212 3156; x_wconf 75' lang='lat' dir='ltr'><strong>versantibus</strong></span> <span class='ocrx_word' id='word_1_534' title='bbox 2232 3099 2292 3154; x_wconf 83' lang='lat'><strong>“.</strong></span> <span class='ocrx_word' id='word_1_535' title='bbox 2352 3097 2531 3168; x_wconf 92' lang='lat' dir='ltr'><strong>lpsum</strong></span> <span class='ocrx_word' id='word_1_536' title='bbox 2592 3100 2668 3154; x_wconf 89' lang='lat' dir='ltr'><strong>ait</strong></span> <span class='ocrx_word' id='word_1_537' title='bbox 2723 3115 2981 3171; x_wconf 89' lang='lat' dir='ltr'><strong>separare</strong></span> <span class='ocrx_word' id='word_1_538' title='bbox 3025 3102 3169 3158; x_wconf 90' lang='lat' dir='ltr'><strong>inter</strong></span> <span class='ocrx_word' id='word_1_539' title='bbox 3223 3102 3445 3159; x_wconf 79' lang='lat' dir='ltr'><strong>fratres.</strong></span> 
     </span>
    </p>
   </div>
   <div class='ocr_carea' id='block_1_74' title="bbox 1869 3190 3455 3260">
    <p class='ocr_par' dir='ltr' id='par_1_74' title="bbox 1869 3190 3455 3260">
     <span class='ocr_line' id='line_1_74' title="bbox 1869 3190 3455 3260; baseline 0.001 -13"><span class='ocrx_word' id='word_1_540' title='bbox 1869 3193 2007 3260; x_wconf 88' lang='lat' dir='ltr'><strong>Quid</strong></span> <span class='ocrx_word' id='word_1_541' title='bbox 2033 3194 2135 3247; x_wconf 92' lang='lat' dir='ltr'><strong>hoc</strong></span> <span class='ocrx_word' id='word_1_542' title='bbox 2161 3191 2284 3247; x_wconf 87' lang='lat' dir='ltr'><strong>est?</strong></span> <span class='ocrx_word' id='word_1_543' title='bbox 2315 3190 2488 3260; x_wconf 90' lang='lat' dir='ltr'><strong>ipsum</strong></span> <span class='ocrx_word' id='word_1_544' title='bbox 2526 3191 2798 3247; x_wconf 88' lang='lat' dir='ltr'><strong>dicentem</strong></span> <span class='ocrx_word' id='word_1_545' title='bbox 2841 3192 3145 3247; x_wconf 83' lang='lat' dir='ltr'><strong>audivimus</strong></span> <span class='ocrx_word' id='word_1_546' title='bbox 3168 3190 3455 3249; x_wconf 86' lang='lat' dir='ltr'><strong>Christum</strong></span> 
     </span>
    </p>
   </div>
   <div class='ocr_carea' id='block_1_75' title="bbox 1868 3280 3449 3354">
    <p class='ocr_par' dir='ltr' id='par_1_75' title="bbox 1868 3280 3449 3354">
     <span class='ocr_line' id='line_1_75' title="bbox 1868 3280 3449 3354; baseline 0.001 -17"><span class='ocrx_word' id='word_1_547' title='bbox 1868 3281 2202 3337; x_wconf 86' lang='lat' dir='ltr'><strong>Salvatorem</strong></span> <span class='ocrx_word' id='word_1_548' title='bbox 2236 3281 2480 3335; x_wconf 89' lang='lat' dir='ltr'><strong>omnium</strong></span> <span class='ocrx_word' id='word_1_549' title='bbox 2509 3289 2776 3336; x_wconf 90' lang='lat' dir='ltr'><strong>nostrum.</strong></span> <span class='ocrx_word' id='word_1_550' title='bbox 2825 3298 2844 3333; x_wconf 87' lang='grc'><strong>‹</strong></span> <span class='ocrx_word' id='word_1_551' title='bbox 2872 3280 3049 3337; x_wconf 85' lang='lat' dir='ltr'><strong>Nolite</strong></span> <span class='ocrx_word' id='word_1_552' title='bbox 3088 3292 3281 3351; x_wconf 89' lang='lat' dir='ltr'><strong>putare</strong></span> <span class='ocrx_word' id='word_1_553' title='bbox 3306 3298 3449 3354; x_wconf 88' lang='lat' dir='ltr'><strong>quo-</strong></span> 
     </span>
    </p>
   </div>
   <div class='ocr_carea' id='block_1_76' title="bbox 1866 3369 3450 3438">
    <p class='ocr_par' dir='ltr' id='par_1_76' title="bbox 1866 3369 3450 3438">
     <span class='ocr_line' id='line_1_76' title="bbox 1866 3369 3450 3438; baseline 0.001 -12"><span class='ocrx_word' id='word_1_554' title='bbox 1866 3371 2014 3426; x_wconf 88' lang='lat' dir='ltr'><strong>niam</strong></span> <span class='ocrx_word' id='word_1_555' title='bbox 2069 3370 2189 3426; x_wconf 89' lang='lat' dir='ltr'><strong>veni</strong></span> <span class='ocrx_word' id='word_1_556' title='bbox 2244 3370 2459 3425; x_wconf 87' lang='lat' dir='ltr'><strong>mittere</strong></span> <span class='ocrx_word' id='word_1_557' title='bbox 2514 3384 2702 3438; x_wconf 84' lang='lat' dir='ltr'><strong>pacem</strong></span> <span class='ocrx_word' id='word_1_558' title='bbox 2760 3369 2814 3424; x_wconf 91' lang='lat' dir='ltr'><strong>in</strong></span> <span class='ocrx_word' id='word_1_559' title='bbox 2886 3379 3117 3433; x_wconf 84' lang='lat' dir='ltr'><strong>terram;</strong></span> <span class='ocrx_word' id='word_1_560' title='bbox 3172 3385 3278 3426; x_wconf 91' lang='lat' dir='ltr'><strong>non</strong></span> <span class='ocrx_word' id='word_1_561' title='bbox 3324 3372 3450 3429; x_wconf 89' lang='lat' dir='ltr'><strong>veni</strong></span> 
     </span>
    </p>
   </div>
   <div class='ocr_carea' id='block_1_77' title="bbox 1865 3460 3450 3535">
    <p class='ocr_par' dir='ltr' id='par_1_77' title="bbox 1865 3460 3450 3535">
     <span class='ocr_line' id='line_1_77' title="bbox 1865 3460 3450 3535; baseline 0.001 -17"><span class='ocrx_word' id='word_1_562' title='bbox 1865 3478 2055 3535; x_wconf 87' lang='lat' dir='ltr'><strong>pacem</strong></span> <span class='ocrx_word' id='word_1_563' title='bbox 2095 3464 2333 3527; x_wconf 82' lang='lat' dir='ltr'><strong>mittere,</strong></span> <span class='ocrx_word' id='word_1_564' title='bbox 2389 3460 2483 3516; x_wconf 89' lang='lat' dir='ltr'><strong>sed</strong></span> <span class='ocrx_word' id='word_1_565' title='bbox 2524 3460 2782 3531; x_wconf 78' lang='lat' dir='ltr'><strong>gladium.</strong></span> <span class='ocrx_word' id='word_1_566' title='bbox 2821 3460 2956 3517; x_wconf 76' lang='lat' dir='ltr'><strong>Veni</strong></span> <span class='ocrx_word' id='word_1_567' title='bbox 3003 3461 3147 3518; x_wconf 82' lang='lat' dir='ltr'><strong>enim</strong></span> <span class='ocrx_word' id='word_1_568' title='bbox 3189 3477 3450 3532; x_wconf 87' lang='lat' dir='ltr'><strong>separare</strong></span> 
     </span>
    </p>
   </div>
   <div class='ocr_carea' id='block_1_78' title="bbox 1865 3552 3449 3622">
    <p class='ocr_par' dir='ltr' id='par_1_78' title="bbox 1865 3552 3449 3622">
     <span class='ocr_line' id='line_1_78' title="bbox 1865 3552 3449 3622; baseline 0.001 -13"><span class='ocrx_word' id='word_1_569' title='bbox 1865 3554 2137 3610; x_wconf 89' lang='lat' dir='ltr'><strong>hominem</strong></span> <span class='ocrx_word' id='word_1_570' title='bbox 2169 3552 2429 3607; x_wconf 85' lang='lat' dir='ltr'><strong>adversus</strong></span> <span class='ocrx_word' id='word_1_571' title='bbox 2460 3560 2667 3622; x_wconf 88' lang='lat' dir='ltr'><strong>patrem</strong></span> <span class='ocrx_word' id='word_1_572' title='bbox 2698 3565 2881 3620; x_wconf 88' lang='lat' dir='ltr'><strong>suum,</strong></span> <span class='ocrx_word' id='word_1_573' title='bbox 2911 3561 2967 3607; x_wconf 92' lang='lat' dir='ltr'><strong>et</strong></span> <span class='ocrx_word' id='word_1_574' title='bbox 2994 3552 3157 3607; x_wconf 85' lang='lat' dir='ltr'><strong>filiam</strong></span> <span class='ocrx_word' id='word_1_575' title='bbox 3187 3554 3449 3612; x_wconf 85' lang='lat' dir='ltr'><strong>adversus</strong></span> 
     </span>
    </p>
   </div>
   <div class='ocr_carea' id='block_1_79' title="bbox 1865 3644 3449 3717">
    <p class='ocr_par' dir='ltr' id='par_1_79' title="bbox 1865 3644 3449 3717">
     <span class='ocr_line' id='line_1_79' title="bbox 1865 3644 3449 3717; baseline 0 -16"><span class='ocrx_word' id='word_1_576' title='bbox 1865 3655 2095 3701; x_wconf 88' lang='lat' dir='ltr'><strong>matrem</strong></span> <span class='ocrx_word' id='word_1_577' title='bbox 2131 3660 2310 3707; x_wconf 86' lang='lat' dir='ltr'><strong>suam.</strong></span> <span class='ocrx_word' id='word_1_578' title='bbox 2349 3653 2405 3700; x_wconf 92' lang='lat' dir='ltr'><strong>et</strong></span> <span class='ocrx_word' id='word_1_579' title='bbox 2438 3659 2636 3699; x_wconf 83' lang='lat' dir='ltr'><strong>nurum</strong></span> <span class='ocrx_word' id='word_1_580' title='bbox 2679 3644 2941 3700; x_wconf 85' lang='lat' dir='ltr'><strong>adversus</strong></span> <span class='ocrx_word' id='word_1_581' title='bbox 2986 3659 3204 3701; x_wconf 86' lang='lat' dir='ltr'><strong>socrum</strong></span> <span class='ocrx_word' id='word_1_582' title='bbox 3252 3661 3449 3717; x_wconf 79' lang='lat' dir='ltr'><strong>suam;</strong></span> 
     </span>
    </p>
   </div>
   <div class='ocr_carea' id='block_1_80' title="bbox 1864 3736 3449 3808">
    <p class='ocr_par' dir='ltr' id='par_1_80' title="bbox 1864 3736 3449 3808">
     <span class='ocr_line' id='line_1_80' title="bbox 1864 3736 3449 3808; baseline 0.001 -16"><span class='ocrx_word' id='word_1_583' title='bbox 1864 3747 1919 3792; x_wconf 89' lang='lat' dir='ltr'><strong>et</strong></span> <span class='ocrx_word' id='word_1_584' title='bbox 1947 3737 2154 3793; x_wconf 89' lang='lat' dir='ltr'><strong>inimici</strong></span> <span class='ocrx_word' id='word_1_585' title='bbox 2205 3736 2442 3793; x_wconf 90' lang='lat' dir='ltr'><strong>hominis</strong></span> <span class='ocrx_word' id='word_1_586' title='bbox 2479 3736 2766 3793; x_wconf 90' lang='lat' dir='ltr'><strong>domestici</strong></span> <span class='ocrx_word' id='word_1_587' title='bbox 2805 3737 2923 3808; x_wconf 85' lang='lat' dir='ltr'><strong>ejus</strong></span> <span class='ocrx_word' id='word_1_588' title='bbox 2941 3736 3006 3792; x_wconf 73' lang='lat'><strong>“.</strong></span> <span class='ocrx_word' id='word_1_589' title='bbox 3041 3754 3062 3789; x_wconf 72' lang='grc' dir='ltr'><strong>ι</strong></span> <span class='ocrx_word' id='word_1_590' title='bbox 3105 3736 3173 3792; x_wconf 86' lang='lat' dir='ltr'><strong>Et</strong></span> <span class='ocrx_word' id='word_1_591' title='bbox 3204 3753 3449 3805; x_wconf 79' lang='lat' dir='ltr'><strong>rursum,</strong></span> 
     </span>
    </p>
   </div>
   <div class='ocr_carea' id='block_1_81' title="bbox 1864 3826 3447 3898">
    <p class='ocr_par' dir='ltr' id='par_1_81' title="bbox 1864 3826 3447 3898">
     <span class='ocr_line' id='line_1_81' title="bbox 1864 3826 3447 3898; baseline -0.001 -14"><span class='ocrx_word' id='word_1_592' title='bbox 1864 3828 2046 3885; x_wconf 86' lang='lat' dir='ltr'><strong>futura</strong></span> <span class='ocrx_word' id='word_1_593' title='bbox 2092 3828 2297 3883; x_wconf 86' lang='lat' dir='ltr'><strong>sanctis</strong></span> <span class='ocrx_word' id='word_1_594' title='bbox 2324 3826 2605 3898; x_wconf 87' lang='lat' dir='ltr'><strong>discipulis</strong></span> <span class='ocrx_word' id='word_1_595' title='bbox 2630 3827 3027 3896; x_wconf 66' lang='lat' dir='ltr'><strong>praznuntians,</strong></span> <span class='ocrx_word' id='word_1_596' title='bbox 3050 3844 3070 3878; x_wconf 75' lang='grc' dir='ltr'><strong>ι</strong></span> <span class='ocrx_word' id='word_1_597' title='bbox 3100 3826 3322 3895; x_wconf 85' lang='lat' dir='ltr'><strong>Tradet,</strong></span> <span class='ocrx_word' id='word_1_598' title='bbox 3361 3828 3447 3883; x_wconf 76' lang='lat' dir='ltr'><strong>in-</strong></span> 
     </span>
    </p>
   </div>
   <div class='ocr_carea' id='block_1_82' title="bbox 1863 3919 3446 3996">
    <p class='ocr_par' dir='ltr' id='par_1_82' title="bbox 1863 3919 3446 3996">
     <span class='ocr_line' id='line_1_82' title="bbox 1863 3919 3446 3996; baseline -0.001 -19"><span class='ocrx_word' id='word_1_599' title='bbox 1863 3922 2001 3993; x_wconf 89' lang='lat' dir='ltr'><strong>quit,</strong></span> <span class='ocrx_word' id='word_1_600' title='bbox 2051 3920 2225 3996; x_wconf 81' lang='lat' dir='ltr'><strong>frater</strong></span> <span class='ocrx_word' id='word_1_601' title='bbox 2254 3919 2477 3975; x_wconf 88' lang='lat' dir='ltr'><strong>fratrem</strong></span> <span class='ocrx_word' id='word_1_602' title='bbox 2523 3919 2578 3974; x_wconf 92' lang='lat' dir='ltr'><strong>in</strong></span> <span class='ocrx_word' id='word_1_603' title='bbox 2619 3930 2870 3987; x_wconf 85' lang='lat' dir='ltr'><strong>mortem,</strong></span> <span class='ocrx_word' id='word_1_604' title='bbox 2913 3928 2969 3974; x_wconf 87' lang='lat' dir='ltr'><strong>et</strong></span> <span class='ocrx_word' id='word_1_605' title='bbox 3017 3919 3258 3989; x_wconf 80' lang='lat' dir='ltr'><strong>insurget</strong></span> <span class='ocrx_word' id='word_1_606' title='bbox 3289 3928 3446 3989; x_wconf 87' lang='lat' dir='ltr'><strong>pater</strong></span> 
     </span>
    </p>
   </div>
   <div class='ocr_carea' id='block_1_83' title="bbox 1862 4009 3443 4081">
    <p class='ocr_par' dir='ltr' id='par_1_83' title="bbox 1862 4009 3443 4081">
     <span class='ocr_line' id='line_1_83' title="bbox 1862 4009 3443 4081; baseline -0.003 -12"><span class='ocrx_word' id='word_1_607' title='bbox 1862 4024 2053 4069; x_wconf 85' lang='lat' dir='ltr'><strong>contra</strong></span> <span class='ocrx_word' id='word_1_608' title='bbox 2084 4012 2222 4068; x_wconf 88' lang='lat' dir='ltr'><strong>lilios</strong></span> <span class='ocrx_word' id='word_1_609' title='bbox 2244 4011 2308 4067; x_wconf 84' lang='grc'>¹³.</span> <span class='ocrx_word' id='word_1_610' title='bbox 2341 4029 2362 4063; x_wconf 73' lang='grc' dir='ltr'><strong>ι</strong></span> <span class='ocrx_word' id='word_1_611' title='bbox 2404 4010 2471 4067; x_wconf 90' lang='lat' dir='ltr'><strong>Ut</strong></span> <span class='ocrx_word' id='word_1_612' title='bbox 2502 4010 2649 4066; x_wconf 89' lang='lat' dir='ltr'><strong>enim</strong></span> <span class='ocrx_word' id='word_1_613' title='bbox 2686 4009 2884 4066; x_wconf 89' lang='lat' dir='ltr'><strong>diaboli</strong></span> <span class='ocrx_word' id='word_1_614' title='bbox 2916 4009 3253 4081; x_wconf 85' lang='lat' dir='ltr'><strong>tyrannidem</strong></span> <span class='ocrx_word' id='word_1_615' title='bbox 3286 4024 3443 4066; x_wconf 90' lang='lat' dir='ltr'><strong>ever-</strong></span> 
     </span>
    </p>
   </div>
   <div class='ocr_carea' id='block_1_84' title="bbox 1861 4100 3447 4175">
    <p class='ocr_par' dir='ltr' id='par_1_84' title="bbox 1861 4100 3447 4175">
     <span class='ocr_line' id='line_1_84' title="bbox 1861 4100 3447 4175; baseline -0.004 -13"><span class='ocrx_word' id='word_1_616' title='bbox 1861 4107 1951 4171; x_wconf 88' lang='lat' dir='ltr'><strong>tit,</strong></span> <span class='ocrx_word' id='word_1_617' title='bbox 1991 4113 2048 4161; x_wconf 89' lang='lat' dir='ltr'><strong>et</strong></span> <span class='ocrx_word' id='word_1_618' title='bbox 2096 4106 2350 4175; x_wconf 88' lang='lat' dir='ltr'><strong>deceptos</strong></span> <span class='ocrx_word' id='word_1_619' title='bbox 2397 4101 2722 4159; x_wconf 66' lang='lat' dir='ltr'><strong>idololatriae</strong></span> <span class='ocrx_word' id='word_1_620' title='bbox 2770 4102 2979 4172; x_wconf 88' lang='lat' dir='ltr'><strong>laqueis</strong></span> <span class='ocrx_word' id='word_1_621' title='bbox 3026 4100 3321 4170; x_wconf 79' lang='lat' dir='ltr'><strong>expedivit,</strong></span> <span class='ocrx_word' id='word_1_622' title='bbox 3362 4101 3447 4158; x_wconf 83' lang='lat' dir='ltr'><strong>sic</strong></span> 
     </span>
    </p>
   </div>
   <div class='ocr_carea' id='block_1_85' title="bbox 1861 4193 3438 4267">
    <p class='ocr_par' dir='ltr' id='par_1_85' title="bbox 1861 4193 3438 4267">
     <span class='ocr_line' id='line_1_85' title="bbox 1861 4193 3438 4267; baseline -0.002 -13"><span class='ocrx_word' id='word_1_623' title='bbox 1861 4212 1956 4254; x_wconf 91' lang='lat' dir='ltr'><strong>eos</strong></span> <span class='ocrx_word' id='word_1_624' title='bbox 1989 4210 2089 4267; x_wconf 90' lang='lat' dir='ltr'><strong>per</strong></span> <span class='ocrx_word' id='word_1_625' title='bbox 2114 4196 2457 4251; x_wconf 86' lang='lat' dir='ltr'><strong>dilectionem</strong></span> <span class='ocrx_word' id='word_1_626' title='bbox 2492 4207 2621 4265; x_wconf 78' lang='lat' dir='ltr'><strong>erga</strong></span> <span class='ocrx_word' id='word_1_627' title='bbox 2648 4208 2709 4249; x_wconf 86' lang='lat' dir='ltr'><strong>se</strong></span> <span class='ocrx_word' id='word_1_628' title='bbox 2752 4194 2855 4250; x_wconf 88' lang='lat' dir='ltr'><strong>sibi</strong></span> <span class='ocrx_word' id='word_1_629' title='bbox 2894 4193 3173 4260; x_wconf 83' lang='lat' dir='ltr'><strong>astrinxit,</strong></span> <span class='ocrx_word' id='word_1_630' title='bbox 3220 4203 3282 4250; x_wconf 90' lang='lat' dir='ltr'><strong>ut</strong></span> <span class='ocrx_word' id='word_1_631' title='bbox 3310 4208 3438 4252; x_wconf 86' lang='lat' dir='ltr'><strong>cre-</strong></span> 
     </span>
    </p>
   </div>
   <div class='ocr_carea' id='block_1_86' title="bbox 190 4274 1769 4386">
    <p class='ocr_par' dir='ltr' id='par_1_86' title="bbox 190 4274 1758 4362">
     <span class='ocr_line' id='line_1_86' title="bbox 190 4274 1758 4362; baseline 0.011 -36"><span class='ocrx_word' id='word_1_632' title='bbox 190 4274 459 4347; x_wconf 73' lang='grc' dir='ltr'>καθῄρηκε</span> <span class='ocrx_word' id='word_1_633' title='bbox 517 4280 805 4351; x_wconf 89' lang='grc' dir='ltr'>τυραννίδα</span> <span class='ocrx_word' id='word_1_634' title='bbox 827 4321 842 4348; x_wconf 90' lang='grc'><strong>,</strong></span> <span class='ocrx_word' id='word_1_635' title='bbox 900 4284 995 4337; x_wconf 74' lang='grc' dir='ltr'>καὶ</span> <span class='ocrx_word' id='word_1_636' title='bbox 1039 4285 1151 4339; x_wconf 84' lang='grc' dir='ltr'>τῶν</span> <span class='ocrx_word' id='word_1_637' title='bbox 1195 4286 1299 4358; x_wconf 85' lang='grc' dir='ltr'>τῆς</span> <span class='ocrx_word' id='word_1_638' title='bbox 1340 4287 1758 4362; x_wconf 87' lang='grc' dir='ltr'>είδωλολατρίας</span> 
     </span>
    </p>
   </div>
   <div class='ocr_carea' id='block_1_87' title="bbox 1878 4274 3441 4386">
    <p class='ocr_par' dir='ltr' id='par_1_87' title="bbox 1878 4284 3441 4354">
     <span class='ocr_line' id='line_1_87' title="bbox 1878 4284 3441 4354; baseline -0.004 -8"><span class='ocrx_word' id='word_1_639' title='bbox 1878 4290 2053 4347; x_wconf 88' lang='lat' dir='ltr'><strong>lentes</strong></span> <span class='ocrx_word' id='word_1_640' title='bbox 2079 4288 2244 4344; x_wconf 90' lang='lat' dir='ltr'><strong>etiam</strong></span> <span class='ocrx_word' id='word_1_641' title='bbox 2292 4285 2602 4341; x_wconf 84' lang='lat' dir='ltr'><strong>naturalem</strong></span> <span class='ocrx_word' id='word_1_642' title='bbox 2646 4299 2886 4340; x_wconf 87' lang='lat' dir='ltr'><strong>amorem</strong></span> <span class='ocrx_word' id='word_1_643' title='bbox 2933 4284 3347 4354; x_wconf 85' lang='lat' dir='ltr'><strong>posthaberent,</strong></span> <span class='ocrx_word' id='word_1_644' title='bbox 3381 4295 3441 4342; x_wconf 85' lang='lat' dir='ltr'><strong>et</strong></span> 
     </span>
    </p>
   </div>
   <div class='ocr_carea' id='block_1_88' title="bbox 190 4364 1769 4452">
    <p class='ocr_par' dir='ltr' id='par_1_88' title="bbox 190 4364 1757 4452">
     <span class='ocr_line' id='line_1_88' title="bbox 190 4364 1757 4452; baseline 0.012 -34"><span class='ocrx_word' id='word_1_645' title='bbox 190 4364 409 4431; x_wconf 68' lang='grc' dir='ltr'>ἐξείλετο</span> <span class='ocrx_word' id='word_1_646' title='bbox 478 4367 692 4441; x_wconf 85' lang='grc' dir='ltr'>βρόχων</span> <span class='ocrx_word' id='word_1_647' title='bbox 736 4373 863 4438; x_wconf 85' lang='grc' dir='ltr'>τοὺς</span> <span class='ocrx_word' id='word_1_648' title='bbox 910 4374 1368 4448; x_wconf 86' lang='grc' dir='ltr'>πεπλανημένους</span> <span class='ocrx_word' id='word_1_649' title='bbox 1392 4420 1406 4446; x_wconf 92' lang='grc'><strong>,</strong></span> <span class='ocrx_word' id='word_1_650' title='bbox 1456 4382 1757 4452; x_wconf 84' lang='grc' dir='ltr'>κατέδησεν</span> 
     </span>
    </p>
   </div>
   <div class='ocr_carea' id='block_1_89' title="bbox 1878 4364 3439 4452">
    <p class='ocr_par' dir='ltr' id='par_1_89' title="bbox 1878 4378 3439 4448">
     <span class='ocr_line' id='line_1_89' title="bbox 1878 4378 3439 4448; baseline -0.004 -12"><span class='ocrx_word' id='word_1_651' title='bbox 1878 4383 2092 4446; x_wconf 86' lang='lat' dir='ltr'><strong>&#39;ratres,</strong></span> <span class='ocrx_word' id='word_1_652' title='bbox 2156 4380 2383 4445; x_wconf 88' lang='lat' dir='ltr'><strong>domos,</strong></span> <span class='ocrx_word' id='word_1_653' title='bbox 2432 4390 2602 4448; x_wconf 77' lang='lat' dir='ltr'><strong>genus</strong></span> <span class='ocrx_word' id='word_1_654' title='bbox 2652 4390 2761 4431; x_wconf 89' lang='lat' dir='ltr'><strong>non</strong></span> <span class='ocrx_word' id='word_1_655' title='bbox 2814 4380 3212 4446; x_wconf 78' lang='lat' dir='ltr'><strong>agnoscerent,</strong></span> <span class='ocrx_word' id='word_1_656' title='bbox 3262 4384 3320 4431; x_wconf 89' lang='lat' dir='ltr'><strong>et</strong></span> <span class='ocrx_word' id='word_1_657' title='bbox 3370 4378 3439 4430; x_wconf 80' lang='lat' dir='ltr'><strong>ad</strong></span> 
     </span>
    </p>
   </div>
   <div class='ocr_carea' id='block_1_90' title="bbox 187 4456 1769 4543">
    <p class='ocr_par' dir='ltr' id='par_1_90' title="bbox 187 4456 1759 4543">
     <span class='ocr_line' id='line_1_90' title="bbox 187 4456 1759 4543; baseline 0.011 -33"><span class='ocrx_word' id='word_1_658' title='bbox 187 4456 345 4523; x_wconf 67' lang='grc' dir='ltr'>οὓτως</span> <span class='ocrx_word' id='word_1_659' title='bbox 376 4460 516 4530; x_wconf 79' lang='grc' dir='ltr'>πρὸς</span> <span class='ocrx_word' id='word_1_660' title='bbox 547 4463 777 4535; x_wconf 81' lang='grc' dir='ltr'>ἀγάπην</span> <span class='ocrx_word' id='word_1_661' title='bbox 791 4464 892 4536; x_wconf 84' lang='grc' dir='ltr'>τὴν</span> <span class='ocrx_word' id='word_1_662' title='bbox 919 4466 1057 4535; x_wconf 84' lang='grc' dir='ltr'>πρὸς</span> <span class='ocrx_word' id='word_1_663' title='bbox 1100 4469 1308 4535; x_wconf 78' lang='grc' dir='ltr'>ἑαυτὸν,</span> <span class='ocrx_word' id='word_1_664' title='bbox 1354 4471 1431 4535; x_wconf 86' lang='grc' dir='ltr'><strong>ὡς</strong></span> <span class='ocrx_word' id='word_1_665' title='bbox 1463 4472 1559 4526; x_wconf 78' lang='grc' dir='ltr'>καὶ</span> <span class='ocrx_word' id='word_1_666' title='bbox 1606 4491 1759 4543; x_wconf 82' lang='grc' dir='ltr'>φυσι-</span> 
     </span>
    </p>
   </div>
   <div class='ocr_carea' id='block_1_91' title="bbox 1878 4456 3437 4543">
    <p class='ocr_par' dir='ltr' id='par_1_91' title="bbox 1878 4467 3437 4534">
     <span class='ocr_line' id='line_1_91' title="bbox 1878 4467 3437 4534; baseline -0.005 -5"><span class='ocrx_word' id='word_1_667' title='bbox 1878 4475 2129 4529; x_wconf 72' lang='lat' dir='ltr'><strong>Ihristum</strong></span> <span class='ocrx_word' id='word_1_668' title='bbox 2155 4479 2379 4527; x_wconf 86' lang='lat' dir='ltr'><strong>vocatos</strong></span> <span class='ocrx_word' id='word_1_669' title='bbox 2409 4483 2530 4526; x_wconf 88' lang='lat' dir='ltr'><strong>esse</strong></span> <span class='ocrx_word' id='word_1_670' title='bbox 2573 4468 2642 4524; x_wconf 90' lang='lat' dir='ltr'><strong>ad</strong></span> <span class='ocrx_word' id='word_1_671' title='bbox 2684 4482 2956 4525; x_wconf 86' lang='lat' dir='ltr'><strong>summam</strong></span> <span class='ocrx_word' id='word_1_672' title='bbox 2996 4467 3174 4534; x_wconf 38' lang='lat' dir='ltr'><strong>animi,</strong></span> <span class='ocrx_word' id='word_1_673' title='bbox 3196 4467 3437 4522; x_wconf 83' lang='lat' dir='ltr'><strong>laetitiam</strong></span> 
     </span>
    </p>
   </div>
   <div class='ocr_carea' id='block_1_92' title="bbox 187 4548 1769 4633">
    <p class='ocr_par' dir='ltr' id='par_1_92' title="bbox 187 4548 1754 4633">
     <span class='ocr_line' id='line_1_92' title="bbox 187 4548 1754 4633; baseline 0.012 -31"><span class='ocrx_word' id='word_1_674' title='bbox 187 4548 275 4619; x_wconf 65' lang='lat' dir='ltr'><strong>si};</strong></span> <span class='ocrx_word' id='word_1_675' title='bbox 297 4550 565 4624; x_wconf 80' lang='grc' dir='ltr'>ἀλογῆσαι</span> <span class='ocrx_word' id='word_1_676' title='bbox 596 4554 983 4628; x_wconf 82' lang='grc' dir='ltr'>φιλοστοργίας</span> <span class='ocrx_word' id='word_1_677' title='bbox 1010 4560 1137 4624; x_wconf 80' lang='grc' dir='ltr'>τοὺς</span> <span class='ocrx_word' id='word_1_678' title='bbox 1172 4565 1629 4633; x_wconf 83' lang='grc' dir='ltr'>πεπιστευκότας,</span> <span class='ocrx_word' id='word_1_679' title='bbox 1659 4568 1754 4621; x_wconf 76' lang='grc' dir='ltr'><strong>καὶ</strong></span> 
     </span>
    </p>
   </div>
   <div class='ocr_carea' id='block_1_93' title="bbox 1878 4548 3439 4633">
    <p class='ocr_par' dir='ltr' id='par_1_93' title="bbox 1878 4560 3439 4631">
     <span class='ocr_line' id='line_1_93' title="bbox 1878 4560 3439 4631; baseline -0.004 -10"><span class='ocrx_word' id='word_1_680' title='bbox 1878 4564 2144 4621; x_wconf 82' lang='lat' dir='ltr'><strong>ulliceret.</strong></span> <span class='ocrx_word' id='word_1_681' title='bbox 2187 4563 2368 4631; x_wconf 87' lang='lat' dir='ltr'><strong>Quare</strong></span> <span class='ocrx_word' id='word_1_682' title='bbox 2412 4571 2468 4619; x_wconf 92' lang='lat' dir='ltr'><strong>et</strong></span> <span class='ocrx_word' id='word_1_683' title='bbox 2503 4561 2710 4631; x_wconf 72' lang='lat' dir='ltr'><strong>beatus</strong></span> <span class='ocrx_word' id='word_1_684' title='bbox 2748 4561 2917 4616; x_wconf 84' lang='lat' dir='ltr'><strong>David</strong></span> <span class='ocrx_word' id='word_1_685' title='bbox 2956 4560 3008 4615; x_wconf 91' lang='lat' dir='ltr'><strong>in</strong></span> <span class='ocrx_word' id='word_1_686' title='bbox 3043 4574 3276 4631; x_wconf 87' lang='lat' dir='ltr'><strong>persona</strong></span> <span class='ocrx_word' id='word_1_687' title='bbox 3327 4568 3439 4615; x_wconf 87' lang='lat' dir='ltr'><strong>tam</strong></span> 
     </span>
    </p>
   </div>
   <div class='ocr_carea' id='block_1_94' title="bbox 186 4639 1769 4732">
    <p class='ocr_par' dir='ltr' id='par_1_94' title="bbox 186 4639 1757 4725">
     <span class='ocr_line' id='line_1_94' title="bbox 186 4639 1757 4725; baseline 0.014 -33"><span class='ocrx_word' id='word_1_688' title='bbox 186 4639 434 4711; x_wconf 74' lang='grc' dir='ltr'>ἀδελφοὺς</span> <span class='ocrx_word' id='word_1_689' title='bbox 475 4644 804 4717; x_wconf 71' lang='grc' dir='ltr'>ἀνήνασθαι,</span> <span class='ocrx_word' id='word_1_690' title='bbox 855 4649 952 4702; x_wconf 76' lang='grc' dir='ltr'><strong>καὶ</strong></span> <span class='ocrx_word' id='word_1_691' title='bbox 983 4653 1251 4725; x_wconf 82' lang='grc' dir='ltr'>πατέρας,</span> <span class='ocrx_word' id='word_1_692' title='bbox 1284 4656 1377 4709; x_wconf 77' lang='grc' dir='ltr'><strong>καὶ</strong></span> <span class='ocrx_word' id='word_1_693' title='bbox 1414 4658 1617 4722; x_wconf 78' lang='grc' dir='ltr'>οἴκους,</span> <span class='ocrx_word' id='word_1_694' title='bbox 1646 4658 1757 4714; x_wconf 76' lang='grc' dir='ltr'>’καὶ</span> 
     </span>
    </p>
   </div>
   <div class='ocr_carea' id='block_1_95' title="bbox 1878 4639 3438 4732">
    <p class='ocr_par' dir='ltr' id='par_1_95' title="bbox 1878 4651 3438 4729">
     <span class='ocr_line' id='line_1_95' title="bbox 1878 4651 3438 4729; baseline -0.005 -16"><span class='ocrx_word' id='word_1_695' title='bbox 1878 4659 2171 4715; x_wconf 60' lang='lat' dir='ltr'><strong>praeclarum</strong></span> <span class='ocrx_word' id='word_1_696' title='bbox 2220 4656 2429 4713; x_wconf 86' lang='lat' dir='ltr'><strong>facinus</strong></span> <span class='ocrx_word' id='word_1_697' title='bbox 2466 4668 2848 4729; x_wconf 75' lang='lat' dir='ltr'><strong>aggressorum</strong></span> <span class='ocrx_word' id='word_1_698' title='bbox 2898 4653 3081 4726; x_wconf 77' lang='lat' dir='ltr'><strong>psallit</strong></span> <span class='ocrx_word' id='word_1_699' title='bbox 3117 4651 3336 4717; x_wconf 86' lang='lat' dir='ltr'><strong>alicubi,</strong></span> <span class='ocrx_word' id='word_1_700' title='bbox 3380 4660 3438 4705; x_wconf 89' lang='lat' dir='ltr'><strong>et</strong></span> 
     </span>
    </p>
   </div>
   <div class='ocr_carea' id='block_1_96' title="bbox 185 4730 1751 4821">
    <p class='ocr_par' dir='ltr' id='par_1_96' title="bbox 185 4730 1751 4821">
     <span class='ocr_line' id='line_1_96' title="bbox 185 4730 1751 4821; baseline 0.013 -36"><span class='ocrx_word' id='word_1_701' title='bbox 185 4730 327 4802; x_wconf 76' lang='grc' dir='ltr'>γένη,</span> <span class='ocrx_word' id='word_1_702' title='bbox 358 4736 451 4789; x_wconf 77' lang='grc' dir='ltr'>καὶ</span> <span class='ocrx_word' id='word_1_703' title='bbox 491 4738 829 4810; x_wconf 81' lang='grc' dir='ltr'>ἀποχρήσειν</span> <span class='ocrx_word' id='word_1_704' title='bbox 849 4740 1043 4806; x_wconf 73' lang='grc' dir='ltr'>αὐτοῖς</span> <span class='ocrx_word' id='word_1_705' title='bbox 1088 4746 1171 4809; x_wconf 88' lang='grc' dir='ltr'><strong>είς</strong></span> <span class='ocrx_word' id='word_1_706' title='bbox 1211 4746 1431 4802; x_wconf 76' lang='grc' dir='ltr'>ἃπασαν</span> <span class='ocrx_word' id='word_1_707' title='bbox 1461 4750 1751 4821; x_wconf 79' lang='grc' dir='ltr'>εὐθυμίαν,</span> 
     </span>
    </p>
   </div>
   <div class='ocr_carea' id='block_1_97' title="bbox 184 4819 1752 4910">
    <p class='ocr_par' dir='ltr' id='par_1_97' title="bbox 184 4819 1752 4910">
     <span class='ocr_line' id='line_1_97' title="bbox 184 4819 1752 4910; baseline 0.013 -36"><span class='ocrx_word' id='word_1_708' title='bbox 184 4819 238 4874; x_wconf 77' lang='grc' dir='ltr'><strong>τὸ</strong></span> <span class='ocrx_word' id='word_1_709' title='bbox 272 4826 714 4897; x_wconf 79' lang='grc' dir='ltr'>προσκεκλῆσθαι</span> <span class='ocrx_word' id='word_1_710' title='bbox 755 4827 833 4899; x_wconf 77' lang='grc' dir='ltr'>τῷ</span> <span class='ocrx_word' id='word_1_711' title='bbox 859 4830 1101 4902; x_wconf 82' lang='grc' dir='ltr'>Χριστῷ.</span> <span class='ocrx_word' id='word_1_712' title='bbox 1128 4834 1237 4887; x_wconf 76' lang='grc' dir='ltr'><strong>Καὶ</strong></span> <span class='ocrx_word' id='word_1_713' title='bbox 1274 4835 1406 4906; x_wconf 79' lang='grc' dir='ltr'>γοῦν</span> <span class='ocrx_word' id='word_1_714' title='bbox 1441 4839 1537 4891; x_wconf 75' lang='grc' dir='ltr'><strong>καὶ</strong></span> <span class='ocrx_word' id='word_1_715' title='bbox 1576 4819 1610 4893; x_wconf 19' lang='lat' dir='ltr'><em>6V</em></span> <span class='ocrx_word' id='word_1_716' title='bbox 1645 4858 1752 4910; x_wconf 87' lang='grc' dir='ltr'><strong>μα-</strong></span> 
     </span>
    </p>
   </div>
   <div class='ocr_carea' id='block_1_98' title="bbox 1854 4743 3438 4823">
    <p class='ocr_par' dir='ltr' id='par_1_98' title="bbox 1854 4743 3438 4823">
     <span class='ocr_line' id='line_1_98' title="bbox 1854 4743 3438 4823; baseline -0.007 -15"><span class='ocrx_word' id='word_1_717' title='bbox 1854 4752 2072 4823; x_wconf 86' lang='lat' dir='ltr'><strong>inquit:</strong></span> <span class='ocrx_word' id='word_1_718' title='bbox 2109 4770 2128 4804; x_wconf 73' lang='grc' dir='ltr'><strong>ι</strong></span> <span class='ocrx_word' id='word_1_719' title='bbox 2156 4750 2318 4806; x_wconf 83' lang='lat' dir='ltr'><strong>Pater</strong></span> <span class='ocrx_word' id='word_1_720' title='bbox 2355 4763 2508 4805; x_wconf 90' lang='lat' dir='ltr'><strong>meus</strong></span> <span class='ocrx_word' id='word_1_721' title='bbox 2557 4757 2613 4805; x_wconf 91' lang='lat' dir='ltr'><strong>et</strong></span> <span class='ocrx_word' id='word_1_722' title='bbox 2655 4757 2826 4802; x_wconf 90' lang='lat' dir='ltr'><strong>mater</strong></span> <span class='ocrx_word' id='word_1_723' title='bbox 2875 4761 2994 4802; x_wconf 90' lang='lat' dir='ltr'><strong>mea</strong></span> <span class='ocrx_word' id='word_1_724' title='bbox 3030 4743 3438 4814; x_wconf 81' lang='lat' dir='ltr'><strong>dereliquerunt</strong></span> 
     </span>
    </p>
   </div>
   <div class='ocr_carea' id='block_1_99' title="bbox 1858 4836 3039 4909">
    <p class='ocr_par' dir='ltr' id='par_1_99' title="bbox 1858 4836 3039 4909">
     <span class='ocr_line' id='line_1_99' title="bbox 1858 4836 3039 4909; baseline -0.008 -11"><span class='ocrx_word' id='word_1_725' title='bbox 1858 4857 1978 4909; x_wconf 90' lang='lat' dir='ltr'><strong>me;</strong></span> <span class='ocrx_word' id='word_1_726' title='bbox 2006 4841 2267 4898; x_wconf 88' lang='lat' dir='ltr'><strong>Dominus</strong></span> <span class='ocrx_word' id='word_1_727' title='bbox 2296 4848 2474 4896; x_wconf 89' lang='lat' dir='ltr'><strong>autem</strong></span> <span class='ocrx_word' id='word_1_728' title='bbox 2500 4837 2796 4907; x_wconf 86' lang='lat' dir='ltr'><strong>assumpsit</strong></span> <span class='ocrx_word' id='word_1_729' title='bbox 2819 4851 2905 4891; x_wconf 92' lang='lat' dir='ltr'><strong>me</strong></span> <span class='ocrx_word' id='word_1_730' title='bbox 2923 4836 2986 4890; x_wconf 74' lang='lat'><strong>“.</strong></span> <span class='ocrx_word' id='word_1_731' title='bbox 3020 4852 3039 4887; x_wconf 71' lang='grc' dir='ltr'><strong>ο</strong></span> 
     </span>
    </p>
   </div>
   <div class='ocr_carea' id='block_1_100' title="bbox 186 4912 3432 5005">
    <p class='ocr_par' dir='ltr' id='par_1_100' title="bbox 186 4912 3432 5005">
     <span class='ocr_line' id='line_1_100' title="bbox 186 4912 3432 5005; baseline 0.004 -38"><span class='ocrx_word' id='word_1_732' title='bbox 186 4912 360 4984; x_wconf 73' lang='grc' dir='ltr'>κάριος</span> <span class='ocrx_word' id='word_1_733' title='bbox 383 4917 571 4983; x_wconf 76' lang='grc' dir='ltr'>Δαϐὶδ,</span> <span class='ocrx_word' id='word_1_734' title='bbox 605 4919 683 4984; x_wconf 82' lang='grc' dir='ltr'><strong>ὡς</strong></span> <span class='ocrx_word' id='word_1_735' title='bbox 741 4922 805 4973; x_wconf 85' lang='grc' dir='ltr'>ὲκ</span> <span class='ocrx_word' id='word_1_736' title='bbox 870 4924 1165 4994; x_wconf 85' lang='grc' dir='ltr'>προσώπου</span> <span class='ocrx_word' id='word_1_737' title='bbox 1207 4927 1317 4981; x_wconf 86' lang='grc' dir='ltr'>τῶν</span> <span class='ocrx_word' id='word_1_738' title='bbox 1379 4928 1537 4983; x_wconf 90' lang='grc' dir='ltr'>τοῦτο</span> <span class='ocrx_word' id='word_1_739' title='bbox 1583 4933 2014 5004; x_wconf 84' lang='grc' dir='ltr'>κατορθωκότων</span> <span class='ocrx_word' id='word_1_740' title='bbox 2041 4932 2237 5005; x_wconf 78' lang='grc' dir='ltr'>ψάλλει</span> <span class='ocrx_word' id='word_1_741' title='bbox 2262 4949 2388 4999; x_wconf 86' lang='grc' dir='ltr'>που,</span> <span class='ocrx_word' id='word_1_742' title='bbox 2424 4931 2519 4986; x_wconf 84' lang='grc' dir='ltr'><strong>καί</strong></span> <span class='ocrx_word' id='word_1_743' title='bbox 2556 4946 2744 5003; x_wconf 87' lang='grc' dir='ltr'>φησιν,</span> <span class='ocrx_word' id='word_1_744' title='bbox 2800 4928 2883 4982; x_wconf 81' lang='grc' dir='ltr'>ὅτι</span> <span class='ocrx_word' id='word_1_745' title='bbox 2921 4945 2941 4980; x_wconf 80' lang='lat' dir='ltr'><strong>s</strong></span> <span class='ocrx_word' id='word_1_746' title='bbox 2981 4927 3042 4980; x_wconf 81' lang='lat'><strong>&#39;0</strong></span> <span class='ocrx_word' id='word_1_747' title='bbox 3077 4925 3263 4998; x_wconf 87' lang='grc' dir='ltr'>πατήρ</span> <span class='ocrx_word' id='word_1_748' title='bbox 3304 4942 3432 4997; x_wconf 83' lang='grc' dir='ltr'>μου,</span> 
     </span>
    </p>
   </div>
   <div class='ocr_carea' id='block_1_101' title="bbox 185 5008 2106 5098">
    <p class='ocr_par' dir='ltr' id='par_1_101' title="bbox 185 5008 2106 5098">
     <span class='ocr_line' id='line_1_101' title="bbox 185 5008 2106 5098; baseline 0.011 -40"><span class='ocrx_word' id='word_1_749' title='bbox 185 5008 269 5059; x_wconf 70' lang='grc' dir='ltr'><strong>καὶ</strong></span> <span class='ocrx_word' id='word_1_750' title='bbox 296 5011 479 5081; x_wconf 82' lang='grc' dir='ltr'>μήτηρ</span> <span class='ocrx_word' id='word_1_751' title='bbox 524 5029 628 5082; x_wconf 87' lang='grc' dir='ltr'><strong>μου</strong></span> <span class='ocrx_word' id='word_1_752' title='bbox 672 5013 1035 5082; x_wconf 81' lang='grc' dir='ltr'>ὲγκατέλιπόν</span> <span class='ocrx_word' id='word_1_753' title='bbox 1054 5034 1142 5088; x_wconf 85' lang='grc' dir='ltr'><strong>με,</strong></span> <span class='ocrx_word' id='word_1_754' title='bbox 1181 5019 1209 5070; x_wconf 86' lang='lat'><strong>6</strong></span> <span class='ocrx_word' id='word_1_755' title='bbox 1236 5018 1293 5071; x_wconf 82' lang='grc' dir='ltr'><strong>δὲ</strong></span> <span class='ocrx_word' id='word_1_756' title='bbox 1322 5018 1527 5089; x_wconf 86' lang='grc' dir='ltr'>Κύριος</span> <span class='ocrx_word' id='word_1_757' title='bbox 1570 5025 1938 5094; x_wconf 84' lang='grc' dir='ltr'>προσελάϐετό</span> <span class='ocrx_word' id='word_1_758' title='bbox 1962 5043 2052 5098; x_wconf 86' lang='grc' dir='ltr'><strong>με.</strong></span> <span class='ocrx_word' id='word_1_759' title='bbox 2086 5044 2106 5079; x_wconf 73' lang='grc' dir='ltr'><strong>ι</strong></span> 
     </span>
    </p>
   </div>
   <div class='ocr_carea' id='block_1_102' title="bbox 254 5100 1743 5182">
    <p class='ocr_par' dir='ltr' id='par_1_102' title="bbox 254 5100 1743 5182">
     <span class='ocr_line' id='line_1_102' title="bbox 254 5100 1743 5182; baseline 0.01 -30"><span class='ocrx_word' id='word_1_760' title='bbox 254 5100 481 5165; x_wconf 68' lang='grc' dir='ltr'>Ἐπάξει</span> <span class='ocrx_word' id='word_1_761' title='bbox 507 5103 791 5157; x_wconf 78' lang='grc' dir='ltr'>καύσωνα</span> <span class='ocrx_word' id='word_1_762' title='bbox 810 5104 1034 5175; x_wconf 81' lang='grc' dir='ltr'>ἄνεμον</span> <span class='ocrx_word' id='word_1_763' title='bbox 1061 5108 1365 5176; x_wconf 74' lang='grc' dir='ltr'>Κύριος-ἐκ</span> <span class='ocrx_word' id='word_1_764' title='bbox 1386 5111 1498 5177; x_wconf 86' lang='grc' dir='ltr'>τῆς</span> <span class='ocrx_word' id='word_1_765' title='bbox 1519 5110 1743 5182; x_wconf 79' lang='grc' dir='ltr'>ἐρήμου</span> 
     </span>
    </p>
   </div>
   <div class='ocr_carea' id='block_1_103' title="bbox 181 5186 1743 5268">
    <p class='ocr_par' dir='ltr' id='par_1_103' title="bbox 181 5186 1743 5268">
     <span class='ocr_line' id='line_1_103' title="bbox 181 5186 1743 5268; baseline 0.013 -28"><span class='ocrx_word' id='word_1_766' title='bbox 181 5186 268 5240; x_wconf 67' lang='grc' dir='ltr'><strong>ἐπ’</strong></span> <span class='ocrx_word' id='word_1_767' title='bbox 304 5193 503 5258; x_wconf 77' lang='grc' dir='ltr'>αὑτὸν,</span> <span class='ocrx_word' id='word_1_768' title='bbox 563 5196 665 5249; x_wconf 78' lang='grc' dir='ltr'>καὶ</span> <span class='ocrx_word' id='word_1_769' title='bbox 715 5196 1087 5265; x_wconf 79' lang='grc' dir='ltr'>ἀναξηρανθῖ</span> <span class='ocrx_word' id='word_1_770' title='bbox 1121 5200 1229 5265; x_wconf 85' lang='grc' dir='ltr'>τὰς</span> <span class='ocrx_word' id='word_1_771' title='bbox 1259 5199 1489 5268; x_wconf 72' lang='grc' dir='ltr'>φλέϐας</span> <span class='ocrx_word' id='word_1_772' title='bbox 1534 5204 1743 5261; x_wconf 85' lang='grc' dir='ltr'>αὐτοῦ.</span> 
     </span>
    </p>
   </div>
   <div class='ocr_carea' id='block_1_104' title="bbox 1922 5109 3435 5172">
    <p class='ocr_par' dir='ltr' id='par_1_104' title="bbox 1922 5109 3435 5172">
     <span class='ocr_line' id='line_1_104' title="bbox 1922 5109 3435 5172; baseline 0 -3"><span class='ocrx_word' id='word_1_773' title='bbox 1922 5114 2087 5172; x_wconf 76' lang='lat' dir='ltr'><strong>Vsus.</strong></span> <span class='ocrx_word' id='word_1_774' title='bbox 2133 5115 2221 5171; x_wconf 76' lang='lat' dir='ltr'><strong>l5.</strong></span> <span class='ocrx_word' id='word_1_775' title='bbox 2268 5113 2505 5169; x_wconf 76' lang='lat' dir='ltr'><strong>Adducet</strong></span> <span class='ocrx_word' id='word_1_776' title='bbox 2534 5120 2739 5168; x_wconf 79' lang='lat' dir='ltr'><strong>ventum</strong></span> <span class='ocrx_word' id='word_1_777' title='bbox 2780 5120 3017 5166; x_wconf 81' lang='lat' dir='ltr'><strong>urentem</strong></span> <span class='ocrx_word' id='word_1_778' title='bbox 3061 5109 3321 5167; x_wconf 80' lang='lat' dir='ltr'><strong>Dominus</strong></span> <span class='ocrx_word' id='word_1_779' title='bbox 3369 5130 3435 5169; x_wconf 76' lang='lat' dir='ltr'><strong>ea:</strong></span> 
     </span>
    </p>
   </div>
   <div class='ocr_carea' id='block_1_105' title="bbox 1846 5202 3437 5277">
    <p class='ocr_par' dir='ltr' id='par_1_105' title="bbox 1846 5202 3437 5277">
     <span class='ocr_line' id='line_1_105' title="bbox 1846 5202 3437 5277; baseline -0.003 -14"><span class='ocrx_word' id='word_1_780' title='bbox 1846 5209 2049 5263; x_wconf 85' lang='lat' dir='ltr'><strong>deserto</strong></span> <span class='ocrx_word' id='word_1_781' title='bbox 2104 5223 2263 5277; x_wconf 83' lang='lat' dir='ltr'><strong>super</strong></span> <span class='ocrx_word' id='word_1_782' title='bbox 2320 5221 2474 5270; x_wconf 87' lang='lat' dir='ltr'><strong>eum,</strong></span> <span class='ocrx_word' id='word_1_783' title='bbox 2535 5211 2586 5259; x_wconf 85' lang='lat' dir='ltr'><strong>et</strong></span> <span class='ocrx_word' id='word_1_784' title='bbox 2637 5202 2854 5257; x_wconf 83' lang='lat' dir='ltr'><strong>siccabit</strong></span> <span class='ocrx_word' id='word_1_785' title='bbox 2903 5219 3065 5258; x_wconf 81' lang='lat' dir='ltr'><strong>venas</strong></span> <span class='ocrx_word' id='word_1_786' title='bbox 3114 5203 3249 5273; x_wconf 84' lang='lat' dir='ltr'><strong>ejus.</strong></span> <span class='ocrx_word' id='word_1_787' title='bbox 3309 5202 3437 5271; x_wconf 77' lang='lat' dir='ltr'><strong>Ipse</strong></span> 
     </span>
    </p>
   </div>
   <div class='ocr_carea' id='block_1_106' title="bbox 180 5281 1769 5369">
    <p class='ocr_par' dir='ltr' id='par_1_106' title="bbox 180 5281 1747 5361">
     <span class='ocr_line' id='line_1_106' title="bbox 180 5281 1747 5361; baseline 0.012 -27"><span class='ocrx_word' id='word_1_788' title='bbox 180 5281 357 5348; x_wconf 77' lang='grc' dir='ltr'>Αὐτός</span> <span class='ocrx_word' id='word_1_789' title='bbox 388 5286 799 5355; x_wconf 77' lang='grc' dir='ltr'>καταξηραγεῖ</span> <span class='ocrx_word' id='word_1_790' title='bbox 843 5290 961 5359; x_wconf 77' lang='grc' dir='ltr'>τὴν</span> <span class='ocrx_word' id='word_1_791' title='bbox 993 5291 1110 5361; x_wconf 79' lang='grc' dir='ltr'><strong>γῆν</strong></span> <span class='ocrx_word' id='word_1_792' title='bbox 1147 5291 1372 5361; x_wconf 85' lang='grc' dir='ltr'>αὐτοῦ,</span> <span class='ocrx_word' id='word_1_793' title='bbox 1413 5296 1511 5351; x_wconf 77' lang='grc' dir='ltr'>καὶ</span> <span class='ocrx_word' id='word_1_794' title='bbox 1545 5296 1747 5354; x_wconf 80' lang='grc' dir='ltr'>πάντα</span> 
     </span>
    </p>
   </div>
   <div class='ocr_carea' id='block_1_107' title="bbox 1878 5281 3433 5369">
    <p class='ocr_par' dir='ltr' id='par_1_107' title="bbox 1878 5293 3433 5369">
     <span class='ocr_line' id='line_1_107' title="bbox 1878 5293 3433 5369; baseline -0.003 -14"><span class='ocrx_word' id='word_1_795' title='bbox 1878 5300 2121 5355; x_wconf 71' lang='lat' dir='ltr'><strong>rsiccabit</strong></span> <span class='ocrx_word' id='word_1_796' title='bbox 2156 5311 2353 5355; x_wconf 74' lang='lat' dir='ltr'><strong>terram</strong></span> <span class='ocrx_word' id='word_1_797' title='bbox 2400 5299 2535 5369; x_wconf 86' lang='lat' dir='ltr'><strong>ejus,</strong></span> <span class='ocrx_word' id='word_1_798' title='bbox 2568 5293 2731 5367; x_wconf 78' lang='lat'><strong>189</strong></span> <span class='ocrx_word' id='word_1_799' title='bbox 2753 5302 2802 5351; x_wconf 81' lang='lat' dir='ltr'><strong>et</strong></span> <span class='ocrx_word' id='word_1_800' title='bbox 2845 5295 3025 5350; x_wconf 87' lang='lat' dir='ltr'><strong>omnia</strong></span> <span class='ocrx_word' id='word_1_801' title='bbox 3058 5311 3185 5350; x_wconf 83' lang='lat' dir='ltr'><strong>uasa</strong></span> <span class='ocrx_word' id='word_1_802' title='bbox 3225 5296 3433 5351; x_wconf 72' lang='lat' dir='ltr'><strong>deside-</strong></span> 
     </span>
    </p>
   </div>
   <div class='ocr_carea' id='block_1_108' title="bbox 181 5370 1158 5449">
    <p class='ocr_par' dir='ltr' id='par_1_108' title="bbox 181 5370 1158 5449">
     <span class='ocr_line' id='line_1_108' title="bbox 181 5370 1158 5449; baseline 0.016 -26"><span class='ocrx_word' id='word_1_803' title='bbox 181 5370 247 5423; x_wconf 77' lang='grc' dir='ltr'>τὰ</span> <span class='ocrx_word' id='word_1_804' title='bbox 268 5377 448 5443; x_wconf 79' lang='grc' dir='ltr'>σκεύη</span> <span class='ocrx_word' id='word_1_805' title='bbox 490 5377 562 5431; x_wconf 83' lang='grc' dir='ltr'>τὰ</span> <span class='ocrx_word' id='word_1_806' title='bbox 584 5378 917 5449; x_wconf 82' lang='grc' dir='ltr'>ἐπιθυμητὰ</span> <span class='ocrx_word' id='word_1_807' title='bbox 948 5384 1158 5440; x_wconf 86' lang='grc' dir='ltr'>αὐτοῦ.</span> 
     </span>
    </p>
   </div>
   <div class='ocr_carea' id='block_1_109' title="bbox 242 5464 1739 5549">
    <p class='ocr_par' dir='ltr' id='par_1_109' title="bbox 242 5464 1739 5549">
     <span class='ocr_line' id='line_1_109' title="bbox 242 5464 1739 5549; baseline 0.013 -30"><span class='ocrx_word' id='word_1_808' title='bbox 242 5464 417 5535; x_wconf 66' lang='grc' dir='ltr'><strong>ΡΝΕΓ.</strong></span> <span class='ocrx_word' id='word_1_809' title='bbox 458 5469 769 5544; x_wconf 74' lang='grc' dir='ltr'>Μεθίστησι</span> <span class='ocrx_word' id='word_1_810' title='bbox 809 5474 909 5545; x_wconf 78' lang='grc' dir='ltr'>μὲν</span> <span class='ocrx_word' id='word_1_811' title='bbox 941 5474 1035 5531; x_wconf 87' lang='grc' dir='ltr'><strong>τὸν</strong></span> <span class='ocrx_word' id='word_1_812' title='bbox 1071 5478 1231 5549; x_wconf 77' lang='grc' dir='ltr'>λόγον</span> <span class='ocrx_word' id='word_1_813' title='bbox 1268 5481 1354 5535; x_wconf 80' lang='grc' dir='ltr'><strong>ἐπ’</strong></span> <span class='ocrx_word' id='word_1_814' title='bbox 1386 5481 1519 5536; x_wconf 77' lang='grc' dir='ltr'>αὐτὸ</span> <span class='ocrx_word' id='word_1_815' title='bbox 1548 5480 1609 5536; x_wconf 79' lang='grc' dir='ltr'>τὸ</span> <span class='ocrx_word' id='word_1_816' title='bbox 1644 5481 1739 5536; x_wconf 85' lang='grc' dir='ltr'><strong>τοῦ</strong></span> 
     </span>
    </p>
   </div>
   <div class='ocr_carea' id='block_1_110' title="bbox 1844 5390 2201 5460">
    <p class='ocr_par' dir='ltr' id='par_1_110' title="bbox 1844 5390 2201 5460">
     <span class='ocr_line' id='line_1_110' title="bbox 1844 5390 2201 5460; baseline -0.008 -13"><span class='ocrx_word' id='word_1_817' title='bbox 1844 5392 2037 5447; x_wconf 86' lang='lat' dir='ltr'><strong>rabilia</strong></span> <span class='ocrx_word' id='word_1_818' title='bbox 2065 5390 2201 5460; x_wconf 87' lang='lat' dir='ltr'><strong>ejus.</strong></span> 
     </span>
    </p>
   </div>
   <div class='ocr_carea' id='block_1_111' title="bbox 1914 5472 3430 5550">
    <p class='ocr_par' dir='ltr' id='par_1_111' title="bbox 1914 5472 3430 5550">
     <span class='ocr_line' id='line_1_111' title="bbox 1914 5472 3430 5550; baseline -0.007 -10"><span class='ocrx_word' id='word_1_819' title='bbox 1914 5481 2091 5540; x_wconf 76' lang='lat' dir='ltr'><strong>CLVI.</strong></span> <span class='ocrx_word' id='word_1_820' title='bbox 2150 5481 2467 5538; x_wconf 86' lang='lat' dir='ltr'><strong>Sermonem</strong></span> <span class='ocrx_word' id='word_1_821' title='bbox 2531 5478 2598 5535; x_wconf 89' lang='lat' dir='ltr'><strong>ad</strong></span> <span class='ocrx_word' id='word_1_822' title='bbox 2654 5479 2824 5550; x_wconf 89' lang='lat' dir='ltr'><strong>ipsam</strong></span> <span class='ocrx_word' id='word_1_823' title='bbox 2880 5491 3167 5548; x_wconf 85' lang='lat' dir='ltr'><strong>personam</strong></span> <span class='ocrx_word' id='word_1_824' title='bbox 3231 5472 3430 5529; x_wconf 81' lang='lat' dir='ltr'><strong>mortis</strong></span> 
     </span>
    </p>
   </div>
   <div class='ocr_carea' id='block_1_112' title="bbox 242 5639 1769 5729">
    <p class='ocr_par' dir='ltr' id='par_1_112' title="bbox 242 5642 1757 5729">
     <span class='ocr_line' id='line_1_112' title="bbox 242 5642 1757 5729; baseline 0.01 -29"><span class='ocrx_word' id='word_1_825' title='bbox 242 5642 436 5729; x_wconf 48' lang='lat' dir='ltr'><strong>:Bom.</strong></span> <span class='ocrx_word' id='word_1_826' title='bbox 466 5665 587 5717; x_wconf 87' lang='lat' dir='ltr'><strong>vm,</strong></span> <span class='ocrx_word' id='word_1_827' title='bbox 618 5649 711 5729; x_wconf 55' lang='grc' dir='ltr'>ξιξ,</span> <span class='ocrx_word' id='word_1_828' title='bbox 742 5649 833 5708; x_wconf 71' lang='grc'><strong>54.</strong></span> <span class='ocrx_word' id='word_1_829' title='bbox 907 5655 929 5688; x_wconf 85' lang='grc'><strong>⁹</strong></span> <span class='ocrx_word' id='word_1_830' title='bbox 963 5654 1161 5727; x_wconf 86' lang='lat' dir='ltr'><strong>Ephes.</strong></span> <span class='ocrx_word' id='word_1_831' title='bbox 1196 5674 1247 5725; x_wconf 92' lang='lat' dir='ltr'><strong>v,</strong></span> <span class='ocrx_word' id='word_1_832' title='bbox 1287 5658 1344 5715; x_wconf 80' lang='lat'><strong>2.</strong></span> <span class='ocrx_word' id='word_1_833' title='bbox 1418 5660 1462 5693; x_wconf 74' lang='grc'><strong>⁸⁸</strong></span> <span class='ocrx_word' id='word_1_834' title='bbox 1501 5658 1523 5715; x_wconf 94' lang='lat' dir='ltr'><strong>l</strong></span> <span class='ocrx_word' id='word_1_835' title='bbox 1559 5659 1683 5719; x_wconf 85' lang='lat' dir='ltr'><strong>Cor.</strong></span> <span class='ocrx_word' id='word_1_836' title='bbox 1718 5676 1757 5729; x_wconf 92' lang='grc' dir='ltr'><strong>ι,</strong></span> 
     </span>
    </p>
   </div>
   <div class='ocr_carea' id='block_1_113' title="bbox 1878 5639 3422 5729">
    <p class='ocr_par' dir='ltr' id='par_1_113' title="bbox 1896 5639 3422 5729">
     <span class='ocr_line' id='line_1_113' title="bbox 1896 5639 3422 5729; baseline -0.012 -13"><span class='ocrx_word' id='word_1_837' title='bbox 1896 5659 1935 5693; x_wconf 78' lang='grc' dir='ltr'><strong>ιι</strong></span> <span class='ocrx_word' id='word_1_838' title='bbox 1961 5657 2005 5716; x_wconf 87' lang='lat' dir='ltr'><strong>u</strong></span> <span class='ocrx_word' id='word_1_839' title='bbox 2035 5657 2178 5717; x_wconf 88' lang='lat' dir='ltr'><strong>Tim.</strong></span> <span class='ocrx_word' id='word_1_840' title='bbox 2214 5674 2256 5726; x_wconf 85' lang='grc' dir='ltr'><strong>ι,</strong></span> <span class='ocrx_word' id='word_1_841' title='bbox 2284 5656 2337 5716; x_wconf 89' lang='lat'><strong>9.</strong></span> <span class='ocrx_word' id='word_1_842' title='bbox 2421 5650 2988 5719; x_wconf 68' lang='grc' dir='ltr'>¹³Μοιιὶι.κ,54ο36.</span> <span class='ocrx_word' id='word_1_843' title='bbox 3070 5640 3277 5729; x_wconf 79' lang='lat' dir='ltr'><strong>&quot;Ibid.</strong></span> <span class='ocrx_word' id='word_1_844' title='bbox 3324 5639 3422 5708; x_wconf 78' lang='lat' dir='ltr'><strong>at.</strong></span> 
     </span>
    </p>
   </div>
   <div class='ocr_carea' id='block_1_114' title="bbox 187 5708 700 5790">
    <p class='ocr_par' dir='ltr' id='par_1_114' title="bbox 187 5708 700 5790">
     <span class='ocr_line' id='line_1_114' title="bbox 187 5708 700 5790; baseline 0.016 -22"><span class='ocrx_word' id='word_1_845' title='bbox 187 5708 224 5743; x_wconf 76' lang='lat'><strong><em>&quot;</em></strong></span> <span class='ocrx_word' id='word_1_846' title='bbox 248 5712 378 5774; x_wconf 83' lang='lat' dir='ltr'><strong>Psal.</strong></span> <span class='ocrx_word' id='word_1_847' title='bbox 416 5708 586 5790; x_wconf 45' lang='lat' dir='ltr'><strong>xxvi,</strong></span> <span class='ocrx_word' id='word_1_848' title='bbox 612 5709 700 5778; x_wconf 79' lang='grc'><strong>10.</strong></span> 
     </span>
    </p>
   </div>
   <div class='ocr_carea' id='block_1_115' title="bbox 816 5780 857 5818">
    <p class='ocr_par' dir='ltr' id='par_1_115' title="bbox 816 5780 857 5818">
     <span class='ocr_line' id='line_1_115' title="bbox 816 5780 857 5818; baseline 0 0"><span class='ocrx_word' id='word_1_849' title='bbox 816 5780 857 5818; x_wconf 67' lang='lat'><strong>.31</strong></span> 
     </span>
    </p>
   </div>
  </div>
