3898 6212
540 390 642 446 515

1552 370 1610 429 S.
1653 368 1921 426 CYRlLLl
1959 364 2431 426 ALEXANDRINI
2468 362 2787 421 ARClllEP.

3696 362 3798 419 ειι

538 501 813 566 transfert,
842 507 1110 566 ventoque
1148 499 1331 550 austro
1370 497 1425 548 et
1454 489 1608 545 aastui
1647 487 1923 546 Christum
1960 501 2110 543 com-

2222 483 2448 539 θανάτου
2492 482 2807 554 πρόσωπον,
2850 478 3039 551 ἀνέμῳ
3093 477 3150 532 δὲ
3192 476 3352 548 νότῳ,
3415 474 3511 530 καὶ
3560 474 3804 529 καύσωνι

534 603 715 666 parat,
760 605 920 661 quem
952 598 1006 644 et
1055 588 1123 644 de
1175 584 1465 642 solitudine
1505 581 1793 651 aliquando
1823 580 2112 635 adductum

534 686 604 742 iri
645 691 912 739 autumat.
966 678 1259 737 Sciendum
1306 690 1470 745 porro
1512 684 1638 729 ante
1688 673 1792 728 alia
1835 672 1988 739 illud,
2023 669 2115 727 Juv

535 777 778 834 decorum
827 775 1101 845 regionem
1159 768 1407 838 proxime
1451 768 1516 822 ad
1563 774 1811 821 austrum
1856 763 2019 818 latam
2063 772 2118 818 et

535 852 859 926 immensam
913 865 1115 920 habere
1174 859 1543 916 solitudinem.
1595 855 1748 924 Quod
1802 855 1849 910 si
1899 850 2114 926 quando

536 970 733 1018 ventus
768 944 892 1014 inde
933 956 1165 1027 spiraret
1193 950 1589 1018 vehementius,
1635 949 1879 1019 impense
1907 956 2116 1002 metue-

536 1054 692 1120 bant,
727 1040 870 1122 quod
910 1038 1065 1104 tellus
1108 1045 1233 1101 inde
1279 1050 1644 1101 exaresceret.
1686 1037 1915 1096 Videtur
1950 1036 2115 1094 etiam

536 1141 832 1206 nonnullis,
891 1153 1015 1194 eum
1074 1137 1221 1207 ipsas
1271 1146 1536 1205 aquarum
1579 1144 1750 1186 venas
1796 1129 1897 1186 sub
1955 1128 2115 1184 terris

537 1234 864 1302 astringere,
895 1238 951 1285 et
972 1216 1196 1283 violenti
1232 1235 1392 1295 atque
1423 1222 1576 1296 igniti
1603 1222 1763 1278 flatus
1795 1219 2115 1291 impulsibus

534 1325 805 1382 inhibere.
853 1322 1039 1391 itaque
1083 1306 1152 1375 ei:
1192 1318 1335 1374 notis
1372 1328 1429 1373 et
1470 1317 1709 1387 expertis
1758 1317 1923 1371 verba
1960 1315 2112 1370 facit.

532 1416 811 1472 Christum
856 1413 1019 1485 igitur
1057 1413 1316 1467 adversus
1360 1417 1591 1464 mortem
1638 1422 1763 1465 sese
1815 1398 2111 1473 illaturum,

533 1520 590 1565 et
637 1509 810 1563 instar
839 1507 983 1563 venti
1025 1504 1232 1560 urentis
1264 1518 1453 1559 omnes
1499 1502 1677 1557 fontes
1705 1509 1761 1556 et
1798 1513 1966 1555 venas
1998 1498 2117 1569 ejus

534 1602 933 1658 exsiccaturum
966 1597 1278 1670 prophetica
1316 1597 1481 1651 verba
1512 1594 1670 1651 nobis
1698 1592 1959 1649 indicant.
2000 1591 2117 1647 Ma-

536 1699 631 1747 net
667 1706 794 1761 ergo
832 1688 889 1744 in
929 1685 1288 1765 translatione
1330 1694 1384 1741 et
1415 1682 1877 1747 commodissime,
1912 1688 2117 1751 myste-

536 1785 788 1852 riumque
817 1780 885 1835 ab
914 1794 979 1835 eo
1007 1776 1151 1851 quod
1174 1776 1492 1847 contingere
1520 1772 1822 1838 consuevit,
1853 1772 2112 1827 declarat.

2221 573 2547 646 παρεικάζει
2593 570 2850 643 Χριστὸν,
2890 569 2950 624 ὀν
2989 569 3085 624 καὶ
3116 570 3182 647 ἐκ
3210 570 3308 639 τῆς
3347 568 3579 639 ἐρήμου,
3616 567 3805 637 φησιν,

2220 663 2611 735 ἐνεχθήσεσθαι
2668 661 2809 715 κατὰ
2848 659 3096 732 καιρούς.
3145 659 3268 729 Χρὴ
3310 657 3368 712 δὲ
3428 658 3651 722 εἰδέναι,
3712 660 3809 711 καὶ

2220 755 2329 825 πρό
2360 771 2423 824 γε
2448 752 2557 806 τῶν
2589 752 2787 818 ἄλλων,
2810 752 3008 818 ἐκεῖνο,
3029 751 3111 805 ὅτι
3143 751 3257 805 τῶν
3293 749 3562 803 Ἰουδαίων
3589 751 3623 821 ὴ
3651 748 3809 821 χώρα

2222 845 2484 901 πλατεῖαν
2545 847 2639 900 καὶ
2675 844 3063 915 ἀκατάληπτον
3109 842 3315 915 ἔρημον
3362 842 3497 914 ἔχει,
3544 842 3812 913 κειμένην

2221 937 2281 991 ἐν
2312 937 2502 1010 μέρεσι
2537 940 2651 1001 τοῖς
2681 935 3052 999 νοτιωτάτοις’
3078 934 3181 991 κᾶν
3218 936 3268 990 εί
3300 935 3500 1007 συνέϐη
3547 933 3678 988 ποτὲ
3716 934 3812 988 τὸν

2222 1027 2431 1081 ἐκεῖθεν
2483 1027 2683 1099 ἄνεμον
2736 1025 3135 1099 κατενεχθῆναι
3177 1027 3477 1099 ῥαγδαίως,
3526 1026 3812 1099 περιδεεῖς

2219 1114 2361 1192 ἦσαν
2386 1120 2462 1197 ,ού
2496 1121 2752 1193 μετρίως,
2793 1118 3158 1194 ἀναινομένης
3187 1104 3289 1192 τῆς
3316 1118 3519 1192 χώρας.
3549 1121 3714 1173 Δοκεῖ
3750 1120 3811 1174 δέ

2222 1228 2331 1266 τισι
2376 1213 2473 1267 καὶ
2518 1212 2688 1276 αύτάς
2728 1213 2838 1268 τῶν
2888 1215 3100 1270 ὑδάτων
3143 1212 3244 1277 τὰς
3274 1214 3331 1266 ἐν
3369 1215 3437 1283 τῇ
3481 1215 3551 1282 γῇ
3599 1211 3811 1281 φλέϐας

2220 1304 2591 1377 ὀκνηροτέρας
2640 1306 2915 1361 ποιεῖσθαι
2959 1307 3059 1372 τὰς
3092 1304 3375 1378 χορηγίας,
3429 1305 3524 1358 καὶ
3552 1307 3675 1369 ταῖς
3711 1304 3810 1358 τοῦ

2222 1398 2396 1470 βιαίου
2444 1399 2540 1451 καὶ
2583 1397 2867 1472 πυρώδους
2919 1398 3233 1471 πνεύματος
3277 1396 3609 1469 προσϐολαῖς
3675 1398 3811 1450 ἀνα-

2222 1490 2544 1546 κόπτεσθαι.
2588 1489 2799 1544 Οὐκοῦν
2845 1491 2907 1557 ἐξ
2942 1484 3019 1547 ὧν
3062 1491 3233 1555 ίσασι,
3286 1488 3382 1544 καὶ
3420 1488 3806 1561 πεπείρανται,

2224 1586 2460 1638 ποιεῖται
2504 1583 2633 1647 τοὺς
2686 1583 2903 1653 λόγους.
2963 1582 3452 1656 Ἐπενεχθήσεσθαι
3495 1580 3560 1653 δὴ
3598 1578 3694 1634 οὖν
3731 1581 3807 1651 τῷ

2225 1676 2444 1746 Θανάτῳ
2469 1675 2704 1747 Χριστὸν
2726 1678 2755 1730 6
2775 1674 3119 1747 προφητικδς
3149 1678 3280 1747 ἡμῖν
3310 1673 3414 1746 ἐφη
3434 1672 3592 1743 λόγος
3615 1673 3803 1743 ἀνέμῳ

2223 1768 2468 1821 καύσωνι
2500 1768 2906 1839 παραπλήσιον,
2936 1768 2995 1833 ὃς
3023 1768 3204 1831 πάσας
3234 1765 3398 1821 αὐτοῦ
3446 1766 3547 1829 τὰς
3589 1766 3801 1837 πληγὰς

538 1848 721 1931 Venas
756 1880 925 1944 porro
974 1848 1039 1928 et
1073 1870 1251 1926 fontes
1299 1868 1490 1924 mortis
1526 1864 1847 1937 perditionis
1898 1877 2112 1935 genera,

2225 1861 2320 1914 καὶ
2338 1859 2439 1923 τάς
2466 1858 2671 1929 φλέϐας
2696 1860 3081 1932 καταξηρανεῖ.
3099 1848 3378 1943 Ἐπιμένει
3405 1854 3498 1913 οὖν
3515 1860 3582 1929 τῇ
3607 1861 3803 1929 τροπῇ,

534 1967 655 2024 sive
683 1966 950 2036 malignas
984 1971 1038 2020 et
1068 1961 1412 2019 adversarias
1442 1960 1670 2015 virtutes
1711 1969 1833 2013 esse
1862 1944 2115 2012 dicimus.

536 2059 643 2116 I‘cr
675 2071 768 2114 eas
798 2058 945 2113 enim
978 2069 1076 2111 ceu
1118 2068 1215 2124 per
1262 2066 1427 2106 venas
1468 2063 1683 2118 semper
1709 2047 1820 2103 suis
1862 2045 2119 2116 tempori-

534 2156 637 2207 bus
668 2149 1004 2222 pereuntium
1032 2146 1319 2202 multitudo
1345 2143 1392 2199 ei
1419 2140 1882 2197 subministratur.
1914 2136 2117 2192 Eodem
2149 2172 2155 2179 .

536 2256 705 2299 sensu
753 2257 881 2296 vasa
921 2239 1038 2309 ejus
1087 2236 1467 2294 desiderabilia
1514 2233 1765 2302 accipies.
1802 2231 1940 2287 Vasa
1974 2226 2119 2284 enim

533 2335 812 2407 perdentia
858 2329 1111 2387 mortales
1162 2343 1326 2397 super
1362 2338 1585 2407 terram,
1638 2333 1694 2380 et
1749 2314 1908 2403 morti
1953 2321 2121 2377 chara

534 2443 645 2482 non
696 2426 877 2495 inepte
914 2422 1038 2494 quis
1085 2430 1180 2477 aut
1219 2419 1481 2490 malignas
1526 2428 1581 2474 et
1616 2417 1918 2472 contrarias
1966 2413 2121 2470 nobis

536 2528 857 2589 potestates,
911 2525 1005 2570 aut
1056 2522 1203 2569 certe
1256 2511 1454 2583 impios
1522 2508 1784 2582 quosdam
1826 2507 2118 2591 homines,

535 2610 798 2669 daemonis
850 2604 1193 2678 perversitati
1254 2604 1579 2670 servientes,
1624 2610 1681 2656 et
1725 2612 1911 2657 secum
1982 2592 2120 2655 alios

536 2704 828 2774 perdentes
863 2698 1237 2771 appellaverit.
1267 2695 1400 2752 Cum
1435 2694 1729 2766 spiraverit
1755 2707 1886 2763 ergo
1920 2701 2117 2773 ventus

538 2809 723 2859 urens,
792 2793 986 2861 inquit,
1039 2799 1147 2846 tcta
1205 2797 1350 2844 terra
1402 2786 1594 2841 mortis
1660 2793 1886 2840 arescet.
1935 2781 2121 2837 Oratio

537 2901 753 2942 rursum
811 2884 1124 2955 metaphora
1174 2885 1414 2944 constat,
1462 2887 1522 2932 ut
1573 2876 1621 2932 si
1672 2877 1817 2932 dicat
1863 2875 2117 2942 fortasse,

540 2979 685 3035 Mors
705 2977 862 3047 quasi
892 2976 1073 3031 locum
1103 2971 1388 3029 herbidum
1417 2969 1667 3026 homines
1694 2966 2116 3038 depasccbatur;

536 3073 631 3127 sed
674 3076 891 3128 arescet
934 3066 1087 3123 locus
1114 3062 1228 3130 ille,
1260 3076 1361 3119 nec
1392 3076 1540 3118 mors
1565 3059 1820 3131 pabulum
1857 3058 2116 3115 inveniet.

2223 1950 2317 2003 καὶ
2356 1950 2594 2019 μάλιστα
2650 1949 2848 2022 ὀρθῶς,
2880 1951 2976 2005 καὶ
3011 1951 3087 2015 ὡς
3118 1951 3227 2006 ἀπό
3256 1969 3319 2021 γε
3362 1950 3458 2004 τοῦ
3492 1951 3809 2023 συμϐαίνειν

2224 2042 2501 2106 εἰωθότος,
2542 2041 2641 2115 τὴν
2672 2041 2767 2095 τοῦ
2796 2043 3101 2116 μυστηρίου
3130 2047 3367 2099 ποιεῖται
3395 2044 3651 2115 δήλωσιν.
3673 2042 3809 2095 Φλὲο

2225 2133 2323 2198 ϐας
2351 2132 2429 2201 δὲ,
2462 2134 2557 2188 καὶ
2595 2134 2780 2206 πηγὰς
2822 2135 2919 2189 τοῦ
2948 2137 3201 2202 θανάτου,
3241 2138 3369 2202 τοὺς
3393 2138 3490 2209 τῆς
3529 2137 3812 2200 ἀπωλείας

2222 2227 2458 2297 τρόπους
2496 2224 2643 2282 εἷναί
2672 2246 2875 2300 φαμεν,
2907 2231 3025 2301 ἦτοι
3068 2232 3167 2295 τὰς
3210 2216 3474 2302 πονηράς,
3523 2233 3619 2286 καὶ
3659 2234 3812 2286 ἀντι-

2224 2322 2485 2391 κειμένας
2529 2322 2811 2393 δυνὰμεις.
2860 2324 2938 2376 Δι’
2979 2323 3160 2378 αὐτῶν
3206 2322 3314 2394 γὰρ
3345 2324 3531 2393 ὥσπερ
3567 2321 3666 2392 τήν
3701 2322 3813 2374 τῶν

2222 2411 2310 2465 ἀει
2349 2414 2495 2467 κατά
2522 2414 2752 2485 καιροὺς
2796 2413 3189 2486 ἀπολλυμένων
3222 2414 3538 2487 χορηγεῖται
3572 2411 3809 2484 πληθύν.

2164 2522 2167 2530 λ
2224 2504 2408 2570 Οῦτως
2434 2506 2657 2578 νοήσεις
2697 2507 2792 2561 καὶ
2818 2506 2890 2560 τὰ
2922 2508 3092 2580 σκεύη
3145 2506 3213 2562 τὰ
3262 2504 3577 2577 ἐπιθυμητὰ
3613 2504 3811 2560 αὐτοῦ.

2224 2597 2405 2669 Σκεύη
2444 2598 2552 2670 γάρ
2584 2598 2924 2653 ἀπολλύοντα
2946 2601 3072 2663 τοὺς
3107 2600 3199 2653 ἐπὶ
3226 2601 3324 2672 τῆς
3350 2601 3472 2671 γῆς,
3504 2600 3597 2653 καὶ
3618 2599 3699 2670 τῷ
3726 2600 3815 2652 θαι

2222 2692 2371 2761 νάτῳ
2404 2691 2563 2763 τίμια
2590 2692 2724 2764 φαίη
2761 2710 2845 2757 τις
2867 2692 2934 2747 ἂν
2960 2693 3209 2758 εἰκότως,
3242 2694 3276 2764 ἢ
3304 2694 3405 2757 τὰς
3431 2693 3814 2767 πονηρὰς,καὶ

2223 2781 2607 2854 ἀντικειμένας
2627 2784 2910 2855 δυνάμεις,
2939 2786 3108 2856 ήγουν
3129 2785 3379 2849 ἀνοσίους
3406 2786 3559 2849 τινὰς
3580 2786 3694 2839 τῶν
3720 2787 3813 2839 ἐπὶ

2222 2874 2325 2945 γῆς
2342 2915 2356 2941 ,
2384 2874 2485 2946 τῆς
2513 2875 2725 2929 ἐκείνου
2754 2876 3085 2950 δυστροπίας
3113 2878 3480 2950 θεραπευτὰς,
3508 2878 3605 2932 καὶ
3640 2896 3811 2951 προσ-

2223 2967 2562 3033 απολλύντας
2588 2970 2803 3034 ἑαυτοῖς
2830 2969 3073 3044 ἐτέρους.
3111 2962 3451 3036 Πνεύσαντος
3483 2970 3550 3043 δὴ
3586 2967 3685 3026 οὖν
3720 2972 3812 3026 τοῦ

2221 3060 2525 3128 καύσωνος,
2561 3062 2770 3127 ἅπασα,
2806 3064 2995 3134 φησὶν,
3044 3065 3079 3136 ή
3128 3064 3225 3119 τσῦ
3273 3064 3504 3119 θανάτου
3536 3058 3813 3136 ξηρανθή-

537 3161 761 3218 Sublata
788 3160 931 3216 enim
958 3168 1041 3215 est
1071 3172 1241 3223 mors,
1269 3155 1359 3212 ubi
1391 3154 1642 3211 Christus
1667 3151 1833 3207 vitam
1863 3151 2112 3209 omnibus

2224 3171 2377 3207 σεται
2416 3155 2510 3226 γῆ.
2544 3154 2851 3227 Πεποίηται
2893 3155 2951 3210 δέ
2993 3154 3156 3212 πάλιν
3194 3157 3271 3222 ὡς
3307 3158 3372 3211 ἐκ
3415 3159 3742 3229 μεταφορᾶς
3785 3160 3813 3211 6

538 3253 839 3323 proposuit,
866 3260 921 3306 et
944 3248 1412 3313 immortalitatem
1448 3243 1691 3301 revocari
1720 3242 1985 3313 permisit.

2145 3215 2189 3274 ο
2221 3244 2398 3313 λόγος.
2428 3215 2662 3317 ζ’ὁμοιον
2700 3215 2833 3319 γάρ,
2882 3248 2960 3312 ὡς
3008 3249 3058 3302 εί
3091 3249 3189 3303 καὶ
3234 3215 3387 3319 λέγοι
3415 3215 3613 3320 τυχόν·
3634 3215 3813 3305 ⁵Κίττ-

533 3344 792 3398 εϐόσκετο
833 3344 933 3414 μὲν
970 3341 1161 3413 ὥσπερ
1192 3360 1247 3396 τι
1294 3338 1493 3412 χωρίον
1524 3340 1552 3393 6
1601 3338 1835 3401 θάνατος
1863 3337 1990 3400 τοὺς
2058 3336 2153 3391 ἐπὶ
2188 3338 2289 3410 τῆς
2332 3332 2457 3411 γῆς,
2500 3340 2617 3395 ἀλλ’
2665 3340 2821 3395 ἔσται
2891 3341 3080 3415 ξηρὸν,
3132 3342 3230 3413 οὐχ
3278 3343 3501 3415 εὑρήσει
3546 3344 3729 3415 νομὴν
3783 3345 3813 3396 6

535 3444 786 3506 θάνατος.
838 3440 1133 3513 ’Δνῄρηται
1167 3438 1277 3511 γὰρ
1317 3440 1352 3510 ή
1415 3436 1592 3508 φθορὰ
1656 3434 1950 3508 προθέντος
1989 3434 2163 3489 ἅπασι
2228 3435 2324 3491 τοῦ
2375 3435 2616 3508 Χριστοῦ
2661 3436 2760 3510 τὴν
2794 3438 2962 3510 ζωὴν,
3015 3439 3109 3493 καὶ
3150 3438 3547 3511 παλινάγρετον
3584 3441 3815 3510 ἐφέντος

533 3538 809 3594 ποιεῖσθαι
840 3537 941 3609 τὴν
978 3535 1310 3607 ἀφθαρσίαν.

604 3719 773 3775 Vsus.
806 3720 857 3773 1.
899 3628 1547 3787 Πίερεγάεῖλῖρέαξῖιῖία,
1594 3718 1720 3787 quia
1751 3717 1945 3772 restitit
1984 3712 2114 3773 con-

532 3822 616 3865 tra
653 3809 824 3864 Deum
863 3824 1040 3863 suum.
1085 3806 1154 3862 In
1180 3808 1357 3878 gladio
1392 3809 1578 3862 cadent
1609 3811 1730 3878 ipsi,
1774 3820 1822 3863 et
1861 3811 2115 3866 lactentes

531 3918 712 3958 eorum
752 3901 1031 3966 elidentur,
1064 3911 1112 3956 et
1141 3901 1196 3956 in
1224 3909 1370 3955 utero
1403 3900 1647 3955 habentes
1672 3916 1855 3955 eorum
1880 3901 2112 3957 disrum-

531 4000 743 4063 pentur.
990 4056 995 4061 ἰ

602 4083 803 4144 CLVII.
850 4081 1318 4153 Opportunissime
1364 4081 1515 4137 linito
1548 4096 1800 4138 sermone
1844 4082 1911 4141 de
1952 4083 2115 4140 Chri-

414 4215 417 4217 -
531 4187 641 4245 sto,
683 4185 737 4233 et
771 4175 1097 4233 universalis
1129 4174 1523 4245 redemptionis
1569 4175 1831 4245 mysterio
1870 4190 2114 4247 praenun-

531 4271 702 4334 tiato,
760 4271 953 4326 beatus
1007 4270 1271 4340 propheta
1319 4282 1508 4324 rursus
1557 4284 1743 4325 eorum
1793 4270 1886 4339 qui
1947 4270 2115 4327 Deum

529 4360 873 4418 otfenderant
905 4358 1241 4416 calamitates
1270 4359 1430 4430 190
1465 4360 1808 4425 lamentatur,
1837 4371 1893 4417 et
1921 4359 2115 4415 Sama-

2791 3627 3049 3683 ΚΕΦΑΛ.
3100 3629 3178 3683 ΙΔ¹
3203 3668 3218 3685 .

2300 3717 2796 3788 Ἀφανισθήσεται
2839 3719 3135 3789 Σαμάρεια
3157 3761 3172 3785 ,
3232 3720 3323 3775 ὅτι
3374 3721 3604 3791 ἀνέστη
3660 3726 3815 3794 πρὸς

2216 3806 2326 3861 τὸν
2359 3808 2510 3863 Θεὸν
2538 3809 2749 3879 αὐτῆς.
2798 3810 2894 3863 Ἐν
2932 3811 3203 3880 ῥομφαίᾳ
3242 3811 3571 3867 πεσοῦνται
3608 3817 3814 3885 αὐτοὶ,

2217 3897 2318 3952 καί
2347 3898 2418 3953 τὰ
2451 3902 2766 3956 ὑποτίτθια
2795 3900 2996 3959 αὐτῶν
3032 3902 3571 3973 ἐλαφισθήσονται,
3613 3908 3721 3961 καὶ
3753 3912 3814 3962 αι

2215 3989 2286 4045 ἐν
2327 3990 2542 4061 γαστρὶ
2569 3992 2828 4062 ἔχουσαι
2859 3992 3060 4050 αὐτῶν
3095 3992 3624 4065 διαρῤαγήσονται.

2283 4082 2454 4137 ΡΝΖ¹.
2494 4084 2843 4154 Διαπεράνας
2877 4079 2937 4138 εὖ
2975 4084 3122 4155 μάλα
3169 4086 3262 4141 τὸν
3305 4087 3399 4142 ἐπὶ
3444 4089 3669 4161 Χριστῷ
3722 4091 3812 4145 λό-

2214 4188 2330 4242 γον,
2360 4173 2457 4227 καὶ
2488 4174 2589 4245 τῆς
2618 4174 2849 4230 καθόλου
2880 4175 3207 4248 λυτρὼσεως
3234 4178 3296 4233 τὸ
3325 4181 3629 4255 μυστήριον
3666 4201 3812 4254 προ-

2214 4264 2584 4336 απηγγελκὼς
2611 4269 2638 4320 6
2666 4258 2936 4339 μακάριος
2969 4272 3277 4344 προφήτης,
3307 4271 3608 4345 ἐποιμώζει
3638 4278 3815 4333 πάλιν

2215 4355 2339 4421 ταῖς
2362 4357 2470 4411 τῶν
2505 4360 3028 4430 προσκεκρουκότων
3056 4365 3386 4434 συμφοραῖς,
3417 4365 3580 4435 μόνον
3604 4367 3664 4420 δὲ
3685 4370 3816 4440 οὐχὶ

530 4454 668 4510 ritas
718 4451 874 4522 quasi
924 4450 1091 4519 luget.
1149 4449 1282 4505 Cum
1330 4450 1475 4504 enim
1526 4449 1737 4516 liceret,
1795 4459 1851 4506 et
1906 4450 2110 4506 affatim

2222 4446 2311 4499 καὶ
2358 4447 2790 4519 κατολοφύρεται
2843 4451 2969 4515 τοὺς
3018 4454 3076 4505 ἐν
3125 4454 3428 4526 Σαμαρείᾳ.
3477 4458 3659 4513 Μετὸν
3700 4437 3815 4533 γάρ

533 4546 741 4611 liceret,
803 4541 1002 4611 inquit,
1051 4539 1156 4594 frui
1214 4539 1370 4595 bonis
1424 4553 1493 4595 ex
1535 4540 1952 4597 mansuetudine
1990 4541 2105 4607 Dei,

528 4645 725 4709 sponte
754 4648 852 4691 sua
879 4634 947 4688 ad
985 4631 1244 4702 supplicia
1269 4630 1337 4685 ab
1366 4630 1506 4686 irato
1536 4633 1883 4701 perpetienda
1914 4649 2108 4691 cucur-

529 4736 759 4792 rerunt,
798 4725 924 4796 quia
966 4722 1041 4778 illi
1087 4722 1360 4789 resistere,
1407 4731 1461 4778 et
1492 4722 1788 4781 Dominicis
1837 4726 2108 4782 mandatis

528 4834 684 4876 suam
725 4819 1052 4874 voluntatem
1083 4826 1377 4888 opponere,
1410 4824 1465 4871 et
1501 4816 1889 4884 propemodum
1935 4818 2104 4873 videri

529 4911 648 4967 acie
685 4923 873 4967 contra
903 4910 1183 4976 dimicare,
1222 4918 1315 4964 aut
1353 4908 1584 4969 essede
1620 4922 1848 4964 numero
1873 4923 2001 4964 vere
2030 4909 2105 4965 illi

529 5000 907 5055 rebellantium
958 5000 1266 5055 voluerunt.
1303 4999 1534 5055 Proinde
1564 4998 1705 5053 citra
1747 5012 1961 5054 omnem
2003 5001 2106 5054 mi-

530 5087 885 5144 sericordiam
923 5090 1028 5157 ipsi
1057 5090 1235 5160 gladio
1267 5089 1703 5155 trucidabantur,
1731 5098 1786 5144 et
1830 5088 1952 5144 novi
1985 5104 2105 5145 cru-

530 5179 769 5235 delitatis
814 5180 956 5235 modi
987 5190 1176 5237 contra
1223 5183 1481 5239 mulieres
1520 5191 1575 5237 et
1621 5180 1823 5238 liberos
1861 5180 2103 5250 ipsarum

528 5269 1001 5341 excogitabuntur.
1036 5270 1211 5327 Simul
1248 5273 1392 5327 enim
1438 5288 1559 5328 cum
1602 5273 1720 5331 heri
1754 5273 1895 5329 natis
1929 5272 2105 5329 infan-

531 5361 678 5417 tibus
713 5360 1061 5416 immaturam
1104 5376 1291 5417 necem
1325 5365 1715 5436 perfereutqui
1757 5367 1918 5421 vitam
1970 5381 2107 5420 non-

529 5456 658 5512 dum
709 5453 873 5508 etiam
913 5464 1271 5523 acceperunt,
1322 5457 1524 5511 exitum
1576 5472 1644 5512 ex
1690 5465 1845 5514 utero
1892 5457 2105 5512 hostilis

528 5548 739 5621 gladius
762 5554 1085 5603 antevertct.
1111 5544 1495 5601 Calamitosum
1530 5547 1695 5616 igitur
1730 5558 1784 5603 et
1815 5548 2103 5603 exitiosum

530 5654 653 5695 esse
696 5641 823 5720 .Deo
895 5651 1236 5709 repugnare,
1306 5636 1420 5706 ipsa
1490 5653 1705 5709 quoque
1771 5640 2100 5711 experientia

530 5730 787 5786 cernitur.

2219 4538 2547 4604 ἀπόνασθαι,
2579 4541 2735 4610 φησὶ,
2770 4542 2865 4595 καὶ
2890 4542 3097 4614 σφόδρα
3130 4545 3422 4612 πλουσίως,
3442 4548 3554 4602 τῶν
3581 4549 3643 4613 ἐξ
3672 4553 3816 4623 ήμεο

2219 4628 2442 4701 ρότητος
2482 4629 2727 4698 ἀγαθῶν,
2759 4632 3049 4704 αὐτόμολοι
3076 4635 3449 4708 δεδραμήκασι
3474 4640 3612 4711 πρὸς
3646 4644 3721 4697 τὰ
3751 4646 3815 4711 ἐξ

2215 4721 2385 4792 ὀργῆς
2423 4722 2659 4793 ἐσόμενα
2700 4726 2823 4779 κατ’
2852 4727 3058 4793 αὐτῶν,
3102 4729 3193 4785 διά
3244 4748 3328 4784 τοι
3372 4733 3435 4786 τὸ
3481 4734 3813 4805 ἀντεξάγειν

2215 4813 2433 4867 ἑλέσθαι
2469 4813 2610 4884 Θεῷ,
2656 4816 2750 4870 καὶ
2775 4817 3117 4884 δεσποτικοῖς
3155 4824 3540 4893 προστάγμασι
3580 4826 3644 4879 τὸ
3674 4828 3812 4881 ἴδιον

2215 4905 2529 4976 ἀντεγεῖραι
2562 4906 2775 4979 θέλημα
2797 4949 2812 4975 ,
2845 4911 3006 4981 μόνον
3050 4912 3107 4966 δὲ
3139 4914 3261 4985 οὐχὶ
3293 4916 3386 4969 καὶ
3419 4917 3812 4991 ἀντιτετάχθαι

2214 4995 2475 5069 δοκεῖν,ἢ
2516 4998 2611 5053 καὶ
2640 5000 2698 5055 ἐν
2731 5001 2898 5074 μοίρᾳ
2935 5004 3188 5072 γενέσθαι
3228 5006 3337 5063 τῶν
3385 4997 3813 5082 ἀνθεστηκότων

2214 5088 2363 5159 αύτῷ
2421 5090 2563 5145 κατά
2612 5094 2894 5163 ἀλήθειαν.
2954 5096 3244 5167 Τοιγάρτοι
3296 5099 3512 5168 φειδοῦς
3577 5102 3813 5175 ἀπάσης

2214 5180 2557 5255 ἐξῃρημένης
2590 5184 2751 5257 ἔργον
2787 5187 2888 5257 μὲν
2916 5188 3130 5244 ἔσονται
3167 5192 3444 5263 ῥομφαίας
3473 5194 3665 5248 αὐτοί·
3722 5198 3810 5261 ξέ-

2214 5290 2317 5326 νιοι
2371 5274 2429 5328 δὲ
2474 5276 2575 5346 τῆς
2642 5278 3038 5350 ἀπανθρωπίας
3090 5283 3540 5356 ἐπινοηθήσονται
3604 5288 3811 5359 τρόποι

2213 5366 2356 5419 κατά
2389 5384 2451 5434 γε
2484 5369 2725 5436 γυναίων
2757 5372 2848 5425 καὶ
2878 5372 3105 5427 τέκνων.
3166 5376 3333 5447 Ὁμοῦ
3365 5378 3476 5450 γάρ
3500 5382 3613 5443 τοῖς
3637 5381 3811 5453 ἀρτι-

2212 5454 2641 5527 γενέσινηπίοις
2680 5461 2930 5533 πρόωρον
2959 5463 3294 5533 ὑπομενοῦσι
3335 5466 3568 5523 θάνατον
3600 5471 3703 5523 καὶ
3736 5471 3810 5524 τὰ

2212 5543 2364 5597 οὔπω
2399 5548 2713 5619 κεκλημένα
2756 5551 2891 5621 πρὸς
2918 5552 2977 5605 τὸ
3006 5540 3141 5607 εἶναι
3172 5555 3268 5610 καὶ
3302 5556 3418 5628 ζῇν.
3455 5558 3567 5612 Καὶ
3600 5559 3810 5628 φθάσει

2214 5635 2310 5707 τὴν
2355 5638 2422 5690 δι’
2455 5638 2639 5705 ὠδῖνος
2668 5642 2891 5711 πρόοδον
2937 5643 3045 5697 τῶν
3086 5646 3361 5718 πολεμίων
3390 5650 3452 5703 τὸ
3486 5650 3658 5719 ξίφος.
3706 5652 3812 5705 Ht-

2214 5728 2343 5796 κρόν
2394 5724 2486 5781 οὖν
2527 5730 2634 5801 ἄρα
2685 5732 2744 5784 τὸ
2791 5734 3202 5790 ἀντιτάττεσθαι
3249 5738 3385 5807 Θεῷ,
3439 5740 3532 5792 καὶ
3568 5738 3809 5813 ὀλέθρου

2218 5818 2490 5888 πρόξενον,
2524 5822 2613 5874 καὶ
2647 5822 2712 5875 δι’
2741 5825 2909 5895 αὐτῆς
2950 5829 3138 5897 ὁρᾶται
3174 5829 3273 5900 τῆς
3315 5831 3526 5899 πείρας.
