3898 6212
194 362 297 418 517

1112 366 1661 427 COMMENTARIUS
1697 370 1767 426 IN
1806 371 2038 431 OSEAM
2076 374 2519 432 PROPIIE'I‘AM.

3337 394 3440 449 5I8

277 476 724 546 Ἐπιστράρηθι,
762 480 1031 549 Ἰσραὴλ,
1055 483 1205 551 πρὸς
1230 485 1452 554 Κύριον
1474 489 1580 541 τὸν
1615 490 1749 543 Θεό,

1939 491 2104 549 Vens.
2127 493 2250 549 2-4.
2288 493 2616 562 Convertere,
2647 494 2841 562 Israel,
2871 497 2941 554 ad
2971 496 3250 559 Dominum
3279 505 3441 561 Deum

190 582 329 628 σου,
361 566 517 621 διότι
547 570 901 638 ήσθένησας
930 573 1000 626 ὲν
1028 575 1158 639 ταῖς
1192 577 1449 643 ἀδικίαις
1477 592 1615 633 σου.
1649 580 1767 633 Λά-

188 662 319 712 ϐετε
350 660 485 728 μεθ’
511 660 745 715 ἑαυτῶν
772 666 1013 734 λόγους,
1053 668 1149 720 καί
1179 669 1583 740 ἐπιστράφητε
1620 671 1769 741 πρὸς

184 751 411 817 Κύριον
439 754 549 805 τὸν
588 753 739 806 Θεὸν
777 756 963 824 ὑμῶν.
1018 758 1242 813 Elimea
1271 758 1451 826 αὐτῷ,
1499 761 1658 829 ὅπως
1679 762 1765 831 μὴ

184 841 416 909 λάϐητε
454 842 719 909 ἀδικίαν,
753 846 853 899 καὶ
892 848 1115 916 λάϐητε
1146 851 1357 921 ἀγαθὰ,
1386 853 1485 907 καί
1511 854 1768 909 ἀνταπο-

184 933 466 1002 δώσομεν
491 936 727 1003 καρπὸν
754 939 1007 1007 χειλέων
1049 940 1239 1010 ἡμῶν.
1283 944 1535 1013 Ἀσσοὺρ
1572 948 1645 999 οὐ
1676 946 1765 1015 μὴ

183 1027 361 1096 σώσῃ
390 1030 547 1099 ἡμᾶς
569 1071 585 1095 ,
634 1032 729 1101 ἐφ’
774 1035 965 1089 ἵππον
1007 1040 1120 1092 οὐκ
1166 1039 1606 1111 ἀναϐησόμεθα.
1643 1046 1765 1099 Οὐκ

180 1120 264 1171 ἔτι
289 1118 389 1188 μὴ
418 1122 706 1191 εἴπωμεν⁹
745 1125 877 1178 Θεοί
910 1126 1227 1196 ήμῶν,τοῖς
1251 1130 1445 1201 ἔργοις
1476 1130 1595 1186 τῶν
1644 1150 1767 1203 χει-

174 1210 303 1277 ρῶν
336 1212 534 1279 ἡμῶν.

242 1303 436 1357 PNH'.
478 1296 557 1358 σιξ»
590 1306 828 1376 μετρίως
868 1309 935 1363 ἄν
979 1326 1065 1374 τις
1099 1310 1368 1379 ἀγάσαιτο
1394 1315 1499 1368 κάν
1524 1315 1659 1387 τῷδε
1697 1316 1763 1389 δή

176 1392 347 1446 πάλιν
373 1394 471 1447 τοῦ
502 1397 781 1466 προφήτου
808 1396 871 1450 τὸ
908 1398 1175 1469 εὐτεχνὲς,
1205 1402 1299 1455 καὶ
1338 1402 1430 1456 τοῦ
1469 1405 1629 1473 λόγου
1661 1406 1762 1475 τὴν

173 1483 518 1552 οἰκονομίαν.
570 1486 875 1558 Πεποίηται
922 1488 1032 1558 γάρ
1089 1489 1460 1561 ἁγιοπρεπῶς,
1508 1493 1602 1546 καῖ
1646 1494 1761 1548 ἔστι

172 1574 271 1643 τῆς
320 1573 539 1628 ἄνωθεν
579 1579 973 1646 μυσταγωγίας
1025 1576 1302 1647 ἔμπλεως.
1357 1582 1761 1654 Προαναπεφώ.

171 1681 307 1734 νηκε
340 1664 447 1735 μὲν
477 1666 589 1737 γάρ
627 1670 726 1740 τὴν
756 1670 1024 1741 ἐσομένην
1065 1669 1153 1724 διὰ
1182 1671 1421 1742 Χριστοῦ
1466 1673 1756 1747 λύτρωσιν,

172 1758 267 1808 καὶ
290 1757 383 1810 ὃτι
403 1758 546 1812 κατά
576 1760 805 1831 καιροὺς
832 1763 1123 1833 ὲκπονήσει
1150 1761 1403 1829 θάνατος,
1461 1768 1557 1820 καὶ
1584 1767 1758 1840 ἀργή-

1869 592 2057 647 tuum,
2108 584 2234 652 quia
2287 584 2588 651 infirmatus
2646 602 2701 642 es
2761 588 2818 641 in
2876 590 3242 660 iniquitatibus
3313 599 3441 651 luis.

1870 673 2057 728 Tollite
2085 673 2351 729 uobiscum
2382 691 2664 742 temones,
2713 689 2760 732 et
2807 684 3126 738 revertimini
3157 687 3227 738 ad
3261 686 3445 739 Domi-

1868 781 2013 819 num.
2040 764 2209 820 Dicite
2240 766 2310 831 ei,
2347 775 2534 821 ut'non
2568 768 2770 822 tollatis
2816 769 3171 839 iniquitatem,
3210 784 3257 828 et
3290 791 3441 828 assu-

1866 857 2021 911 malis
2056 857 2213 921 bona,
2255 868 2303 911 et
2348 858 2628 911 reddamus
2662 858 2893 926 fructum
2934 860 3193 916 labiorum
3236 872 3443 917 nostro-

1866 960 2003 1001 rum.
2052 946 2223 1001 Assur
2277 963 2381 1001 non
2434 948 2655 1001 saluabit
2706 965 2821 1015 nos,
2882 966 3039 1020 super
3091 968 3278 1021 equum
3337 970 3440 1006 non

1864 1038 2225 1104 ascendemus,
2256 1054 2361 1093 non
2398 1038 2625 1107 amplius
2654 1039 2884 1095 dicemus
2906 1054 2925 1093 :
2953 1041 3045 1096 Dii
3088 1045 3285 1108 nostri,
3314 1059 3437 1114 ope—

1864 1127 2011 1182 ribus
2042 1144 2297 1182 manuum
2317 1138 2640 1184 nostrarum.

1933 1301 2160 1360 CLVIII.
2212 1302 2389 1359 Etiam
2430 1304 2487 1359 In
2542 1306 2630 1362 his
2669 1308 2949 1378 prophetae
2995 1308 3284 1364 artiﬁcium
3325 1324 3439 1365 ser-

1861 1395 2147 1464 monisque
2175 1397 2536 1452 teconomiam
2583 1412 2688 1453 non
2716 1399 2910 1453 leviter
2933 1399 3191 1454 admirari
3222 1402 3391 1470 queas
3423 1423 3435 1456 :

1860 1498 2010 1551 nam,
2043 1492 2103 1540 ut
2131 1494 2377 1541 sanctum
2408 1488 2655 1556 decebat,
2697 1491 2861 1545 verba
2908 1489 3064 1555 ﬁunt,
3113 1498 3170 1544 et
3203 1505 3436 1559 superna

1832 1576 2196 1657 ’mystagogia
2238 1591 2332 1632 seu
2369 1576 2613 1633 doctrina
2670 1579 2881 1636 caelesti
2928 1580 3083 1650 plena
3126 1590 3278 1637 sunt.
3307 1581 3439 1636 Pro-

1859 1665 2119 1737 mulgavit
2148 1666 2293 1722 enim
2326 1666 2564 1722 futuram
2590 1683 2691 1741 per
2711 1670 2994 1727 Christum
3034 1671 3435 1735 liberationem,

1859 1766 1917 1814 et
1968 1758 2099 1814 olim
2152 1757 2480 1814 delassatum
2535 1758 2601 1815 iri
2659 1770 2923 1828 mortem,
2983 1771 3040 1818 et
3093 1773 3437 1817 cessaturum

174 1864 257 1901 σει
280 1848 348 1901 τὸ
368 1849 597 1922 κέντρον
621 1824 717 1906 τοῦ
748 1852 898 1924 ᾅδου.
918 1824 1033 1910 Καί
1063 1857 1201 1928 πρὸς
1225 1824 1455 1922 τούτοις,
1477 1858 1557 1915 δτι
1583 1824 1749 1929 παρά-

1861 1849 2138 1905 stimulum
2184 1849 2409 1906 inferni.
2464 1848 2695 1922 Insuper
2749 1852 2957 1907 nullum
2996 1852 3342 1908 demulcendi
3383 1862 3439 1907 et

172 1937 431 2009 κλήσεως
482 1944 579 1996 καὶ
608 1946 962 2015 παραμυθίας
982 1949 1185 2020 τρόπος
1205 1950 1271 2004 ἂν
1290 1954 1461 2004 νοοῖτο
1483 1951 1762 2018 παντελῶς

171 2020 374 2093 οὐδεὶς,
403 2030 466 2093 ὃς
496 2034 595 2087 οὐκ
619 2036 864 2108 ἐγνώσθη
889 2038 1024 2110 Θεῷ.
1049 2041 1160 2093 Καὶ
1185 2041 1248 2095 τὸ
1277 2042 1415 2113 μετά
1441 2044 1596 2097 τοῦτο
1619 2062 1681 2098 συ
1691 2064 1759 2115 μ-

172 2117 568 2194 ϐουλεύειν.ἦν
617 2125 917 2191 ἀναγκαῖον
957 2130 1028 2183 τὰ
1074 2130 1212 2202 πρὸς
1258 2133 1534 2203 σωτηρίαν
1578 2134 1761 2199 αὐτοῖς

169 2209 436 2266 τελοῦντα
467 2212 654 2270 λοιπὸν
684 2221 901 2287 φρονεῖν
932 2237 993 2273 τε
1022 2222 1117 2274 καὶ
1139 2222 1292 2294 δρᾷν,
1310 2225 1403 2277 καὶ
1432 2226 1595 2278 οίονεὶ
1622 2226 1759 2297 πρὸς

170 2300 443 2371 ἀνάνηψιν
478 2304 834 2375 ἀνακομίζειν
875 2309 1189 2379 ἐπείγεσθαι
1228 2313 1355 2377 τοὺς
1405 2315 1756 2386 μεμεθυσμέ-

170 2407 288 2454 vota;
332 2392 443 2444 οὐκ
487 2394 547 2460 ἐξ
584 2394 729 2449 οίνου
761 2398 947 2464 ποθὲν,
983 2402 1048 2453 ὲκ
1098 2402 1409 2473 φιληδονίας
1458 2405 1514 2458 δὲ
1555 2407 1756 2476 μᾶλλον

170 2481 470 2552 ὶοσμικῆς,
492 2486 589 2537 καὶ
619 2487 716 2539 τοῦ
750 2490 1111 2559 προσκεῖσθαι
1140 2493 1316 2561 φιλεῖν
1344 2496 1466 2559 ταῖς
1502 2496 1611 2550 τῶν
1643 2498 1757 2551 δαι-

171 2572 349 2639 μόνων
382 2574 647 2639 ἀπάταις.
675 2575 793 2631 ’Ίνα
824 2581 1005 2635 τοίνυν
1041 2582 1116 2652 μὴ
1146 2586 1266 2647 ταῖς
1285 2586 1366 2650 εἰς
1410 2587 1756 2657 χρηστότητα

169 2664 255 2716 καὶ
310 2664 740 2736 φιλανθρωπίαν
799 2669 1127 2740 ὑποσχέσεσι
1194 2674 1332 2745 πρὸς
1392 2676 1455 2729 τδ
1510 2677 1755 2749 ῥᾴθυμον

171 2754 558 2825 ὕει-πιούμενοι,
609 2757 705 2812 τὸν
760 2761 1115 2831 σωφρονίζειν
1169 2765 1348 2819 εἰδότα
1414 2769 1547 2839 παρ’
1601 2770 1755 2824 οὐδὲν

167 2849 403 2901 ποιοῖντο
430 2849 611 2918 λόγον,
644 2851 821 2924 ταύτῃ
847 2869 929 2907 τοι
969 2856 1256 2927 χρησίμως
1285 2858 1423 2931 πρὸς
1446 2861 1753 2933 ὑπόμνησιν

164 2937 363 3005 αὐτοὺς
391 2940 507 2994 τῶν
527 2942 721 2996 δεινῶν
749 2944 1011 3016 ἀναφέρει
1036 2947 1221 3013 πάλιν,
1248 2950 1343 3002 καὶ
1380 2952 1750 3026 ἀναφανισθή-

166 3030 359 3085 σεσθαι
393 3032 501 3102 μὲν
526 3032 627 3103 τὴν
653 3034 975 3105 Σαμάρειαν
1002 3037 1195 3104 είπὼν,
1231 3041 1313 3094 ὅτι
1347 3042 1581 3115 ἀντέστη
1614 3045 1753 3118 πρδς

1860 1941 2176 1997 consolandi
2229 1942 2447 1997 modum
2490 1957 2519 1997 a
2557 1958 2829 2014 quoquam
2871 1958 3032 2014 posse
3059 1942 3272 2012 concipi
3314 1957 3436 1997 om-

1858 2030 2031 2098 nino,
2084 2032 2177 2102 qui
2234 2032 2401 2087 Deum
2452 2033 2634 2090 lateat.
2696 2035 2824 2090 Post
2881 2035 2983 2089 hoc
3044 2048 3272 2089 necesse
3319 2042 3439 2088 erat

1857 2125 2107 2189 suadere,
2140 2132 2199 2178 ut
2224 2139 2346 2194 quae
2376 2126 2602 2194 posthac
2626 2125 2693 2180 ad
2726 2122 2913 2181 eorum
2940 2124 3170 2180 salutem
3198 2122 3438 2192 pertine-

1856 2221 2000 2278 rent,
2031 2227 2095 2268 ea
2128 2221 2184 2269 et
2224 2222 2725 2271 commentarentur
2754 2225 2811 2271 et
2839 2214 3120 2281 facerent;
3154 2224 3207 2269 et
3236 2229 3342 2269 non
3370 2230 3436 2269 ex

1855 2305 1984 2359 vino
2032 2305 2304 2371 alicunde,
2350 2308 2449 2362 sed
2497 2322 2563 2363 ex
2600 2308 2902 2375 cupiditate
2934 2306 3118 2377 potius
3150 2306 3437 2360 mundana:

1855 2395 2171 2463 voluptatis,
2214 2406 2270 2452 et
2313 2412 2379 2452 ex
2414 2398 2822 2453 consectatione
2854 2397 3200 2454 fallaciarum
3235 2396 3436 2454 diaboli

1855 2487 2177 2553 inebriatos,
2222 2490 2411 2545 conari
2460 2490 2608 2545 velut
2646 2491 2713 2545 ad
2760 2491 3113 2546 sobrietatem
3154 2491 3434 2546 reducere.

1853 2583 1932 2639 Ne
1959 2584 2143 2655 igitur,
2168 2583 2521 2654 benignitatis
2569 2594 2625 2639 et
2671 2584 3027 2639 humanitatis
3058 2583 3438 2654 promissioni-

1853 2676 1955 2730 bus
2012 2675 2207 2744 supine
2250 2674 2606 2746 negligentes,
2667 2676 2980 2732 sobrietatis
3027 2683 3082 2731 et
3134 2673 3435 2744 prudentia

1852 2766 2175 2836 magistrum
2237 2780 2547 2824 sermonem
2598 2766 2958 2836 despicerent,
3014 2765 3085 2821 ob
3130 2764 3183 2819 id
3229 2778 3324 2820 eos
3366 2764 3434 2819 ad

1850 2857 2169 2913 memoriam
2202 2858 2522 2914 acerborum
2546 2859 2723 2914 denuo
2751 2865 2986 2913 revocat.
3020 2856 3083 2912 Et
3116 2871 3239 2912 cum
3260 2856 3432 2912 dixis-

1850 2955 1935 3004 set
1963 2947 2322 3017 disperditum
2354 2947 2422 3003 iri
2454 2947 2786 3016 Samariam,
2824 2947 2951 3017 quia
2984 2949 3281 3004 restitisset
3321 2947 3433 3004 Deo

1852 3054 1973 3105 suo,
2023 3048 2149 3098 max
2197 3039 2317 3097 istis
2364 3040 2453 3097 illa
2505 3041 2806 3112 subiungit,
2854 3054 2977 3109 quae
3032 3039 3100 3095 ad
3149 3040 3432 3095 audientes

163 3123 248 3177 τὸν
273 3124 415 3177 Θεὸν
448 3124 659 3195 αὐτῆς,
694 3120 813 3183 εἶτα
842 3128 1053 3193 τούτοις
1096 3132 1280 3186 ἐκεῖνα
1328 3137 1640 3206 προστιθεὶς
1660 3179 1676 3204 ,
1710 3140 1747 3194 ἃ

1851 3131 2235 3202 perterrendos
2286 3133 2796 3203 contristandosqne
2852 3130 3006 3202 191
3058 3131 3239 3186 valere
3298 3130 3431 3186 satis

166 3214 226 3286 δὴ
269 3216 517 3286 μάλιστά
562 3234 628 3286 γε
673 3220 1144 3284 καταδεδίττεσθαί
1185 3241 1247 3278 τε
1290 3228 1386 3281 καὶ⁸
1428 3229 1586 3301 ἀνιᾷν
1647 3232 1750 3285 οὐκ

166 3306 440 3370 ἀνικάνως
469 3307 665 3378 ἔχοντα
698 3313 948 3379 φαίνεται
981 3315 1108 3379 τοὺς
1133 3316 1540 3389 ἀκροωμένους.
1560 3321 1749 3393 Νήπια

169 3397 262 3466 μὲν
289 3398 405 3468 γὰρ
431 3400 895 3473 ὲδαφισθήσεσθαί
925 3420 1091 3477 φησιν·
1122 3408 1514 3464 συνδιολεῖσθαι
1549 3410 1608 3463 δὲ
1634 3413 1749 3476 τοῖς

166 3490 427 3562 ὲμῦρύοις
453 3493 550 3547 καὶ
587 3495 756 3559 αὑτάς
783 3495 884 3561 τάς
919 3499 1182 3569 μητέρας,
1210 3499 1363 3555 οὔπω
1386 3503 1486 3572 τῆς
1520 3503 1750 3572 λαγόνος

166 3582 561 3652 ἑξενεγκούσας
607 3587 689 3649 είς
721 3588 837 3655 φῶς
879 3591 940 3643 τὸ
984 3591 1345 3648 πολύτευκτον
1377 3593 1556 3659 ἄνθος.
1608 3598 1748 3667 Upo-

168 3677 555 3747 καταπτοήσας
603 3677 669 3748 δὴ
715 3674 811 3732 οὖν
851 3683 965 3744 τοῖς
1014 3682 1337 3753 δείγμασιν,
1391 3684 1485 3739 ἐπὶ
1549 3687 1745 3759 καιροῦ

168 3764 350 3820 λοιπὸν
368 3770 494 3829 ταῖς
507 3767 617 3821 τῶν
640 3771 1081 3841 νουθετουμένων
1100 3776 1349 3845 καρδίαις
1369 3777 1460 3831 τὸν
1479 3777 1747 3833 καλοῦντα

176 3861 299 3929 πρὸς
323 3862 669 3930 μετάγνωσιν
702 3862 879 3934 ἐνίησι
906 3863 1082 3933 λόγον,
1104 3868 1185 3921 ὅτι
1206 3868 1311 3940 χρὴ
1336 3870 1743 3944 παλινδρομεῖν,

174 3949 258 3999 καὶ
293 3949 432 4019 πρὸς
463 3949 596 4003 Θεὸν
625 3952 921 4023 ἐπανήκειν
962 3950 1020 4008 εὗ
1067 3956 1211 4025 μάλα
1242 3959 1611 4028 παραφωνῶν.
1642 3962 1746 4015 Λέ-

170 4053 275 4105 nov
300 4040 381 4103 δὲ,
422 4041 507 4093 ὅτι
549 4059 569 4092 ι
590 4041 930 4112 Ἦσθένησας
959 4047 1015 4097 ὲν
1048 4048 1169 4110 ταῖς
1194 4048 1432 4111 ἀδικίαις
1458 4066 1576 4117 σου,
1608 4070 1627 4103 ι
1662 4050 1743 4105 δί-

173 4130 294 4184 δωσι
321 4134 487 4195 νοεῖν,
524 4130 609 4186 ὅτι
651 4134 829 4205 πάντη
860 4153 918 4188 τε
959 4136 1053 4189 καὶ
1085 4138 1302 4203 πάντως
1344 4141 1743 4213 συγκαταλήξει

175 4226 280 4286 ταῖς
308 4224 551 4288 ἀδικίαις
588 4226 683 4279 καὶ
724 4226 785 4280 τὸ
822 4227 1069 4284 ἀσθενεῖν
1098 4230 1317 4294 αὐτοὺς,
1353 4233 1447 4285 καὶ
1493 4234 1607 4296 τοῖς
1643 4232 1743 4303 τῆς

172 4313 505 4376 ἀποστάσιας
531 4316 756 4384 τρόποις
775 4357 790 4381 ,
819 4318 867 4370 εί
901 4318 967 4370 ἐκ
1000 4318 1167 4388 μέσου
1197 4320 1453 4387 γένοιντο,
1488 4324 1735 4393 συνοική-

173 4421 315 4459 σεται
360 4409 461 4461 καὶ
496 4406 567 4460 τὰ
597 4408 766 4462 δεινά.
806 4409 909 4463 Τὸν
941 4408 997 4462 δέ
1033 4426 1095 4479 γε
1140 4409 1242 4480 τῆς
1274 4410 1410 4481 πρὸς
1449 4411 1581 4464 Θεὸν
1618 4415 1742 4466 ἐπι-

1849 3224 2124 3280 videntur.
2194 3223 2433 3280 Infantes
2487 3225 2685 3295 quippe
2740 3222 3041 3277 allidendos
3091 3228 3317 3287 narrat,
3376 3228 3431 3276 et

1849 3323 2055 3371 matres
2091 3315 2234 3385 ipsas
2258 3316 2553 3384 perituras,
2588 3311 2933 3382 optatisslmo
2964 3310 3099 3367 ﬂore
3133 3312 3372 3365 nondum
3398 3326 3429 3365 e

1849 3404 2152 3459 visceribus
2220 3403 2273 3457 in
2333 3402 2511 3458 lucem
2579 3402 2743 3457 edito.
2799 3400 3003 3469 lnjecto
3057 3398 3223 3470 igitur
3273 3400 3428 3470 prius

1847 3509 2071 3565 pavore,
2118 3495 2187 3550 de
2224 3504 2421 3550 caetero
2452 3508 2757 3548 sermonem
2802 3492 2870 3547 ad
2916 3490 3291 3562 paenitentiam
3334 3506 3429 3546 eo-

1850 3588 2153 3641 hortantem
2178 3584 2434 3641 cordibus
2462 3596 2649 3638 eorum
2677 3596 2814 3650 quos
2840 3582 3096 3659 admonet
3120 3588 3428 3650 opportune

1845 3674 2110 3743 Immittit,
2163 3688 2448 3731 recurrere
2489 3681 2546 3729 et
2601 3672 2669 3727 ad
2719 3672 2887 3729 Deum
2930 3673 3127 3729 reverti
3176 3680 3429 3742 oportere

1846 3766 2200 3824 meritissimo
2228 3763 2561 3821 acclamans.
2594 3766 2727 3820 Cum
2758 3779 2922 3836 porro
2947 3765 3102 3829 dicit,
3132 3758 3255 3833 quia
3288 3780 3309 3814 ι
3336 3762 3426 3817 ln-

1846 3859 2093 3915 ﬁrmatos
2123 3871 2182 3914 es
2234 3857 2289 3912 in
2346 3856 2728 3927 iniquitatibus
2772 3858 2961 3922 tuis,i
3020 3852 3424 3925 intelligendum

1845 3950 2085 4019 subjicit,
2119 3949 2447 4005 omnimodis
2488 3949 2860 4004 inﬁrmitatem
2892 3947 3131 4018 ipsorum
3158 3962 3267 4003 una
3301 3962 3423 4005 cum

1845 4040 2224 4110 iniquitatibus
2252 4040 2578 4107 desiluram;
2609 4048 2685 4105 et,
2714 4040 2761 4093 si
2788 4039 3073 4105 apostasia:
3098 4038 3422 4108 multiplices

1844 4145 1876 4186 e
1905 4132 2083 4186 medio
2124 4139 2524 4194 removeantur,
2572 4144 2659 4185 res
2701 4131 2959 4184 adversas
2992 4143 3206 4199 quoque
3254 4130 3417 4184 simul

1844 4223 2106 4277 abituras.
2141 4219 2357 4274 Modum
2400 4228 2579 4274 autem
2615 4218 2944 4274 reversionis
2973 4218 3040 4273 ad
3072 4219 3236 4274 Deum
3269 4220 3418 4276 laevi-

1844 4322 1972 4383 gat:
2004 4312 2079 4366 ait
2119 4313 2262 4367 enim
2289 4310 2515 4381 pulchre
2554 4310 2842 4367 admodum
2877 4320 3194 4380 peccatores
3227 4312 3422 4368 melius

1845 4405 2150 4469 habituros,
2206 4417 2574 4471 sensurosque
2622 4401 2790 4456 Deum
2830 4400 3149 4472 propitium,
3196 4417 3306 4457 non
3355 4403 3423 4458 de

174 4497 402 4566 στροφῆς
425 4496 794 4552 καταλειαίνει
822 4501 1037 4570 τρόπον.
1067 4500 1327 4554 Ἔσεσθαι
1356 4502 1464 4571 γάρ
1496 4502 1554 4555 ὲν
1584 4502 1742 4573 ἀμεί-

1851 4495 2054 4551 divitiis
2080 4494 2394 4561 oﬁ‘erentes,
2418 4508 2526 4548 non
2562 4507 2754 4547 aurum
2780 4490 3119 4557 dedicantes,
3149 4506 3254 4546 non
3276 4491 3417 4546 vasis.

172 4603 296 4649 νοσι,
337 4589 433 4641 καὶ
460 4584 519 4641 ὲν
545 4589 719 4657 φειδοῖ
758 4594 824 4661 τῇ
859 4591 1011 4661 παρὰ
1039 4591 1157 4661 Θεῷ
1188 4594 1315 4651 τοὺς
1350 4594 1742 4666 ἡμαρτηκότας

172 4673 223 4729 εὖ
256 4679 402 4748 μάλα
432 4680 630 4749 φησιν,
659 4682 719 4733 οὐ
756 4681 825 4735 τά
872 4683 939 4735 ὲκ
970 4683 1201 4738 πλούτου
1238 4686 1636 4757 προσάγοντας,
1677 4682 1738 4739 οὗ

172 4770 362 4837 χρυσὸν
381 4771 707 4836 ἀναθέντας,
742 4775 803 4827 οὐ
836 4773 1089 4828 σκεύεσιν
1114 4777 1374 4848 ἀργυροῖς
1397 4779 1563 4848 τιμᾷν
1590 4778 1731 4850 ᾑρη-

174 4860 382 4927 μένους,
415 4864 477 4915 οὑ
510 4863 845 4933 βουθυσίαις,
890 4867 954 4919 οὐ
1013 4868 1202 4937 μήλων
1243 4871 1477 4938 σφαγαῖς
1509 4869 1739 4939 εὐφραί-

173 4966 370 5019 νοντας,
424 4954 543 5007 ἀλλ’
591 4957 641 5008 εί
688 4958 1004 5027 χαρίσαιντο
1049 4959 1265 5027 λόγους,
1315 4960 1411 5012 καὶ
1455 4960 1738 5029 εὐστομεῖν

172 5044 366 5099 {latino
425 5048 521 5101 τὸν
571 5050 681 5103 τῶν
730 5050 867 5103 ὅλων
917 5050 1185 5120 δεσπότην
1244 5049 1733 5120 ἐκμειλισσόμενοι.

174 5150 203 5185 ι
231 5136 429 5190 Adsere
474 5138 585 5209 γὰρ
616 5139 735 5208 μεθ’
765 5139 969 5193 ἑαυτῶν
1000 5138 1215 5209 λόγους,
1258 5139 1445 5191 εῖπατε
1487 5137 1565 5209 τῷ
1594 5138 1734 5211 Θεῷ,

170 5226 311 5290 ὅπως
343 5228 416 5299 μὴ
448 5228 651 5299 λάϐητε
676 5229 908 5293 ἀδικίαν,
933 5232 1027 5283 καὶ
1061 5230 1265 5301 λάϐητε
1299 5228 1500 5297 ἀγαθὰ,
1532 5247 1550 5279 ι
1584 5247 1738 5283 τουτ-

172 5315 330 5382 sonu,
375 5319 465 5371 ῖνα
517 5319 592 5388 μὴ
626 5323 749 5382 ταῖς
787 5321 1020 5385 ἀδικίαις
1068 5321 1371 5392 ίσομέτρως
1416 5317 1738 5390 κολάζησθε,

175 5409 580 5479 καταπλουτῆτε
634 5410 689 5463 δὲ
724 5411 942 5481 μᾶλλον,
989 5415 1113 5477 ταῖς
1161 5412 1270 5465 τῶν
1315 5412 1536 5482 ἀγαθῶν
1578 5429 1742 5484 χορη-

1843 4585 2121 4655 argenteis
2161 4584 2311 4640 illum
2357 4584 2629 4639 honorare
2682 4576 3050 4647 instituentes,
3096 4599 3205 4638 non
3254 4583 3416 4638 boum

1841 4682 2149 4749 sacriﬁciis,
2197 4698 2305 4738 non
2361 4682 2542 4739 ovium
2598 4678 3016 4736 mactationibus
3047 4677 3425 4741 lzetiﬁcantes;

1840 4776 1936 4832 sed
1970 4775 2013 4829 si
2046 4775 2366 4831 donaverint
2401 4776 2452 4831 ei
2496 4788 2798 4836 sermones,
2830 4780 2884 4827 et
2913 4769 3162 4824 laudibus
3193 4768 3415 4822 univer-

1839 4881 2025 4922 sorum
2084 4866 2368 4921 Dominum
2428 4867 2682 4936 mitigare
2730 4861 3089 4919 decreverint.
3159 4858 3419 4915 «Sumite

1842 4958 2120 5013 vobiscum
2167 4972 2485 5025 sermones,
2547 4956 2750 5025 inquit,
2806 4953 2972 5008 dicite
3024 4950 3137 5007 Deo
3191 4958 3251 5005 ut
3309 4965 3415 5005 non

1845 5050 2046 5106 tollatis
2087 5048 2444 5117 iniquitatem,
2493 5056 2550 5100 et
2585 5044 2867 5115 accipiatis
2914 5043 3078 5109 bona,
3110 5060 3130 5095 ι
3177 5041 3279 5096 hoc
3310 5049 3419 5102 est,

1843 5155 1913 5197 ne
1961 5139 2202 5210 :equales
2250 5137 2632 5207 iniquitatibus
2687 5148 2877 5204 poenas
2920 5131 3268 5198 sustineatis;
3320 5134 3424 5188 sed

1841 5242 2028 5291 contra
2058 5233 2323 5286 bonorum
2362 5229 2647 5299 adeptione
2683 5228 2875 5284 divites
2905 5226 3170 5282 evadatis.
3200 5224 3427 5281 Oblatu-

1840 5339 1927 5378 ros
1953 5331 2131 5376 autem
2167 5322 2232 5377 de
2262 5320 2422 5375 labiis
2452 5321 2647 5376 vestris
2673 5318 2884 5375 cantica
2920 5319 3214 5390 gratiarum
3261 5325 3408 5370 acto-

1836 5416 1936 5477 ria,
1974 5423 2029 5468 et
2059 5412 2455 5468 confessionem
2487 5411 2804 5482 promittite.
2848 5409 2912 5465 Ili
2946 5410 3091 5465 enim
3136 5417 3262 5463 sunt
3301 5405 3415 5459 fru-

173 5500 327 5567 γίαις,
373 5502 775 5572 ἐπαγγείλασθε
823 5503 880 5557 δὲ
912 5504 1303 5577 προσκομίζειν
1341 5505 1489 5578 αὑτῷ
1522 5508 1593 5562 τὰ
1631 5507 1739 5560 ἀπὸ

1851 5516 1952 5561 :tus
1984 5506 2201 5577 linguae.
2249 5501 2634 5561 Verumtamen
2668 5502 2797 5558 illud
2831 5502 3081 5565 clamate,
3128 5497 3319 5565 inquit,
3358 5505 3419 5549 et

176 5591 413 5659 χειλέων,
474 5593 871 5665 χαριστηρίους
936 5596 1111 5665 ᾠδάς,
1169 5597 1263 5650 καὶ
1322 5597 1731 5668 ἐξομολόγησιν.

177 5679 415 5756 Γλὼσσης
438 5687 549 5757 γὰρ
581 5685 651 5738 τά
676 5686 855 5739 τοιάδε
896 5689 1118 5757 καρποί.
1168 5688 1313 5759 Πλὴν
1348 5691 1522 5743 ἐκεῖνο
1548 5688 1727 5758 βοᾶτε,

178 5773 316 5843 φησι,
350 5778 443 5831 καί
484 5779 771 5851 ἀραρότως
806 5779 1223 5845 ἐπαγγέλλετθε,
1272 5782 1345 5844 ὡς
1372 5781 1493 5835 οὔτε
1530 5783 1724 5851 ἐρεῖτεν

1835 5606 2201 5665 congruenter
2222 5596 2509 5670 spondete,
2538 5611 2645 5651 non
2675 5593 2904 5663 amplius
2931 5593 3093 5647 etiam
3127 5588 3413 5647 dicturos:

1845 5689 1978 5745 «Dii
2045 5690 2528 5768 nostri,0peribus
2590 5701 2841 5743 manuum
2908 5691 3281 5768 vestrarum.»
3340 5680 3417 5736 lli.

1838 5781 2192 5838 enim‘crant
2246 5782 2391 5836 modi
2447 5778 2760 5850 apostasiae;
2808 5779 3028 5842 propter
3075 5771 3189 5827 haec
3237 5767 3417 5827 Deum
