3954 6208
478 341 581 398 519

1465 336 1523 392 S.
1564 334 1841 393 CYRILLI
1882 333 2348 391 ALEXANDRINI
2384 333 2709 391 ARCHIEP.

3556 333 3747 389 .390

476 448 1000 520 ollenderunt,-quia
1030 456 1085 504 et
1117 447 1276 505 idolis
1311 457 1737 518 servterunt,~et
1769 450 1877 505 Deo
1903 461 2049 506 sem-

2168 449 2310 502 [Θεοί
2328 448 2484 519 ἡμῶν
2506 450 2618 510 τοῖς
2636 446 2819 518 ἔργοις
2840 443 2948 499 τῶν
2972 444 3168 516 χειρῶν
3194 442 3369 515 ὑμῶν.
3384 438 3593 497 »Ἦσαν
3616 446 3744 515 γὰρ

474 556 578 612 per
628 540 901 596 salvatore
948 553 1047 595 suo
1100 547 1455 609 contempto,
1511 554 1664 609 spem
1724 539 1777 595 in
1831 539 2049 596 auxiliis

477 633 732 687 humanis
766 639 1157 702 reposuerunt;
1204 639 1260 686 et
1288 631 1719 702 oppugnantibus
1756 646 1851 687 eos
1877 630 2050 703 Egy-

476 727 606 798 ptiis
656 726 935 797 Assyrium
972 723 1365 794 implorarunt,
1396 726 1627 793 [rursum
1660 723 1902 795 Assyriis
1945 724 2051 779 Sa-

478 818 710 873 mariam
763 817 931 871 armis
977 814 1385 885 appetentibus,
1432 813 1810 885 Egyptiorum
1837 815 2047 883 equites
2076 811 2089 821 ’

477 908 813 979 sagittarios,
845 907 963 961 sive
1003 907 1272 976 equestris
1319 904 1526 959 militiai
1566 918 1764 975 gnaros
1801 905 2052 959 mercede

478 999 880 1054 conduxerunt.
920 996 1136 1062 ,ldcirco
1166 1004 1222 1051 et
1259 1010 1289 1050 a
1324 995 1436 1050 Deo
1486 1003 1671 1064 aperte
1714 995 2049 1049 audierunt:

486 1107 505 1140 ι
538 1086 630 1142 Vae
660 1085 751 1155 qui
786 1086 1115 1141 descenditis
1139 1086 1192 1141 in
1228 1083 1523 1155 Egyptum
1550 1084 1617 1139 ad
1649 1082 1931 1148 auxilium,
1961 1081 2051 1152 qui

481 1177 761 1233 conﬁdunt
794 1176 846 1231 in
892 1177 1046 1246 equis
1091 1185 1146 1231 et
1193 1175 1245 1232 in
1278 1175 1527 1231 curribus
1551 1174 1616 1232 ".
1656 1193 1676 1228 ι
1715 1173 2052 1229 Ridebantur

481 1279 680 1334 porro,
736 1279 838 1319 nec
898 1264 1130 1334 injuria,
1183 1274 1486 1334 quaerentes
1536 1264 1929 1334 protectionem
1982 1262 2053 1318 ab

482 1355 703 1417 homine
747 1355 1025 1426 IEgyptio,
1068 1370 1175 1411 non
1224 1371 1255 1409 a
1293 1354 1541 1419 Domino,
1576 1373 1595 1407 ι
1624 1368 1884 1423 equorum
1925 1368 2052 1407 car-

483 1445 670 1512 nes“,
706 1464 725 1499 ι
765 1455 824 1500 ut
858 1446 1119 1516 scriptum
1169 1454 1273 1502 est.
1314 1446 1453 1515 Ergo
1499 1445 1846 1514 pollicentur.
1890 1459 1949 1500 se
1986 1444 2055 1499 ab

482 1537 749 1593 idolorum
785 1536 931 1591 cultu
960 1538 1316 1602 discessuros,
1350 1550 1448 1591 nec
1480 1536 1618 1590 ultra
1652 1536 1705 1590 in
1749 1535 2055 1592 hominibus

482 1641 633 1697 spem
714 1626 1013 1681 habituros.
1084 1626 1404 1682 Emendatio
1465 1625 1571 1681 ista
1630 1633 2054 1694 perpetratorum

2148 535 2295 595 οὗτοι
2334 540 2435 610 τῆς
2483 538 2820 601 ἀποστάσιας
2867 539 2916 591 oi
2958 538 3167 608 τρόποι.
3209 535 3311 589 Διά
3344 534 3518 590 ταῦτα
3556 552 3747 608 προσ.

2150 630 2540 704 κεκρούκασιν,
2586 630 2668 684 ὅτι
2716 629 2812 683 καὶ
2852 626 3278 700 λελατρεύκασιν
3332 625 3593 690 εἰδώλοις,
3633 626 3746 680 καὶ

2149 725 2242 779 τὸν
2286 722 2374 777 ἀεὶ
2404 721 2643 785 σώζοντα
2684 719 2817 773 Θεὸν
2852 718 3240 789 ἀτιμάσαντες,
3279 718 3398 780 ταῖς
3432 716 3494 780 ἐξ
3524 715 3748 786 ἀνθρώ-

2152 831 2269 868 πων
2318 811 2659 883 ἐπικουρίαις
2717 809 3193 881 προσνενεμήκασι
3222 808 3320 878 τὴν
3363 806 3573 861 ἐλπίδα.
3614 806 3747 860 Καὶ

2154 901 2535 973 πολεμούντων
2555 902 2653 972 μὲν
2678 901 2863 963 αὐτοῖς
2878 898 2987 953 τῶν
3005 898 3342 968 Αἰγυπτίων,
3361 896 3747 951 ἐπεκαλοῦντο

2150 995 2242 1048 τὸν
2286 992 2589 1064 Ἀσσύριον.
2642 990 2939 1062 Ἀσσυρίων
2970 990 3029 1044 δέ
3075 989 3236 1044 πάλιν
3280 988 3421 1043 ὅπλα
3457 988 3599 1042 κατά
3629 987 3745 1058 τῆς

2153 1084 2467 1157 Σαμαρείας
2517 1083 2807 1155 ῂρμένων,
2850 1081 3276 1154 κατεμισθοῦντο
3319 1082 3565 1152 χρήμασι
3600 1078 3745 1143 τοὺς

2152 1176 2261 1230 τῶν
2292 1175 2605 1244 Αἰγυπτίων
2635 1174 3009 1239 ἱπποτοξότας,
3053 1173 3219 1244 ῆγουν
3246 1172 3305 1225 ἐν
3331 1174 3442 1233 τοῖς
3468 1170 3743 1239 πολέμοις

2158 1268 2392 1337 ἱππικῆς
2447 1266 2842 1336 ἐπιστήμονας.
2874 1265 3058 1335 Ταύτῃ
3096 1282 3180 1318 τοι
3224 1263 3318 1317 καὶ
3363 1263 3559 1333 ἢκουον
3592 1261 3742 1315 Θεοῦ

2152 1356 2404 1426 λέγοντος
2458 1354 2723 1424 ἐναργῶς
2772 1373 2789 1406 ι
2835 1355 2970 1408 Οὐαὶ
2997 1356 3047 1406 οί
3078 1353 3496 1415 καταϐαίνοντες
3524 1353 3605 1414 είς
3634 1350 3740 1404 AI-

2154 1463 2360 1516 γυπτον
2389 1445 2483 1498 ἐπὶ
2541 1445 2812 1517 βοήθειαν,
2843 1447 2890 1498 οἱ
2924 1446 3009 1515 ἐφ’
3039 1446 3227 1507 ἵπποις
3255 1443 3596 1507 πεποιθότες,
3638 1441 3742 1496 καὶ

2156 1539 2242 1609 ἐφ’
2295 1539 2557 1609 ἅρμασιν.
2591 1555 2609 1590 ι
2662 1537 2958 1605 Ἐγελῶντο
3001 1537 3099 1602 δέ,
3155 1538 3251 1590 καὶ
3297 1535 3442 1606 μάλα
3487 1534 3734 1599 δικαίως,

2158 1627 2539 1700 προασπιστὴν
2568 1628 2844 1681 ποιεῖσθαι
2880 1627 3274 1690 σπουδάζοντες
3301 1625 3600 1694 Αίγύπτιον
3646 1624 3736 1677 ἄν·

482 1716 802 1772 delictorum
828 1717 1206 1773 universorum
1229 1716 1477 1788 opiﬁcem
1505 1716 1570 1771 ad
1599 1715 1877 1771 lenitatem
1904 1730 2058 1770 revo-

2168 1719 2395 1790 θρωπον,
2442 1719 2536 1772 καὶ
2586 1718 2647 1769 ού
2692 1716 2848 1781 Θεὸν,
2903 1735 2921 1767 ι
2954 1716 3137 1769 ἵππων
3173 1714 3401 1786 σάρκας,
3435 1733 3453 1766 ι
3500 1713 3642 1767 κατά
3673 1708 3736 1765 τδ

482 1815 571 1861 cat
612 1821 710 1876 per
748 1806 904 1878 192
946 1808 1265 1878 prophetam
1322 1808 1396 1862 ita
1442 1802 1794 1876 loquentem:
1831 1823 1853 1858 ‹
1884 1805 2053 1860 Aver-

2168 1810 2560 1880 γεγραμμένον.
2593 1807 2807 1862 Θύκοῦν
2834 1809 3135 1879 ἀποφοιτᾷν
3183 1805 3609 1876 ἐπαγγέλλονται
3640 1802 3741 1855 καὶ

481 1899 639 1955 sione
687 1900 998 1956 avertimini
1043 1900 1111 1955 ab
1160 1900 1539 1969 iniquitatibus
1596 1900 1821 1964 vestris,
1862 1899 2054 1953 domus

2168 1899 2254 1954 τοῦ
2279 1899 2562 1971 λατρεύειν
2588 1898 2848 1963 εἰδώλοις,
2883 1898 2978 1952 καὶ
3012 1898 3108 1951 τοῦ
3151 1896 3249 1961 τὰς
3281 1895 3502 1959 ἐλπίδας
3528 1894 3616 1946 ἐπ’
3646 1893 3745 1945 ἀν·-

482 1990 670 2055 lsrael,
708 1999 763 2045 et
802 2006 908 2045 non
939 1999 1102 2046 erunt
1142 1990 1294 2046 vobis
1334 1992 1387 2045 in
1428 2004 1641 2059 poenam
1674 1990 1996 2060 iniquitatis.
2027 2007 2047 2041 ι

2168 1990 2401 2062 θρώποις
2440 1989 2584 2059 ἔχειν
2614 1988 2715 2044 ἐτι.
2756 1987 3159 2059 Ἐπανόρθωσις
3202 1987 3261 2041 δέ
3302 1987 3438 2057 αὕτη
3485 1984 3595 2037 τῶν
3633 1982 3743 2053 ἤδη

482 2080 991 2151 προεπταισμένων,
1023 2082 1263 2137 καλοῦσα
1328 2082 1464 2153 πρὸς
1525 2082 1842 2154 ἡμερότητα
1880 2082 1972 2136 τὸν
2037 2082 2146 2135 τεῶν
2180 2083 2318 2136 ὅλων
2365 2083 2731 2153 δημιουργὸν,
2784 2081 2876 2135 τὸν
2928 2080 3016 2135 διὰ
3079 2080 3261 2149 φωνῆς
3320 2078 3599 2147 προφήτου
3650 2074 3751 2128 λέσ

480 2184 680 2238 γοντα’
716 2188 735 2222 ι
760 2170 1106 2244 Ἀποστροφῇ
1140 2172 1522 2243 ἀποστρέψατε
1566 2172 1675 2226 ἀπὸ
1714 2172 1819 2226 τῶν
1861 2171 2102 2243 ἀνομιῶν
2141 2171 2316 2244 ὑμῶν,
2348 2169 2496 2237 οἶκος
2534 2172 2629 2225 τοῦ
2672 2171 2910 2243 Ἰσραὴλ,
2946 2170 3042 2227 καὶ
3103 2171 3204 2225 οὐκ
3229 2170 3453 2240 ,ἔσονται
3490 2168 3621 2238 ὑμῖν
3657 2165 3746 2228 εἰς

482 2262 705 2317 κόλασιν
735 2263 971 2328 ἀδικίας.
1018 2283 1040 2317 ι

557 2354 661 2420 Qui
691 2357 747 2409 in
779 2366 827 2410 te
850 2365 949 2423 est,
977 2356 1307 2413 miserebitur
1343 2360 1584 2429 orphani.

2246 2358 2300 2409 '0
2324 2358 2397 2411 ἐν
2414 2357 2536 2422 σοὶ,
2567 2357 2810 2427 ἐλεήσει
2839 2357 3127 2426 ὀρφανόν.

554 2445 735 2503 CLIX.
776 2446 1064 2517 Propheta:
1094 2463 1200 2504 vox
1227 2452 1294 2506 ad
1323 2449 1746 2521 resipiscendum
1776 2449 2067 2505 adhortan-

2232 2450 2407 2504 PNG’.
2463 2449 2569 2502 Τοῦ
2634 2450 2912 2520 προφήτου
2978 2447 3169 2518 φωνὴ,
3211 2441 3613 2524 προτρέποντος
3659 2442 3751 2517 εἷς

486 2538 581 2604 tis,
622 2546 679 2594 et
716 2537 997 2595 lenitatem
1038 2539 1254 2597 Domini
1288 2541 1641 2613 publicanus,
1679 2550 1735 2595 et
1766 2541 2067 2596 cunctatio-

2168 2537 2532 2608 μετάγνωσιν,
2567 2539 2662 2591 καὶ
2686 2536 2782 2591 τοῦ
2809 2539 3072 2595 δεσπότου
3099 2541 3198 2612 τὴν
3230 2542 3573 2614 γαληνότητα
3607 2542 3750 2594 καθ-

488 2642 614 2686 nem
662 2628 898 2687 volentis
936 2631 1264 2702 resipiscere
1304 2635 1670 2704 praecidentis.
1717 2632 1797 2690 Ne
1827 2632 2067 2700 dubites;

2168 2629 2410 2693 ιστάντος
2438 2629 2670 2701 ἐναργῆ,
2703 2628 2798 2682 καὶ
2840 2629 2933 2688 τὸν
2968 2633 3125 2687 ὄκνον
3164 2631 3605 2701 ύποτεμνομένου
3644 2632 3753 2685 τοῦ

490 2725 676 2791 lsrael,
708 2726 905 2795 inquit,
940 2734 993 2783 te
1034 2736 1215 2797 optata
1251 2736 1697 2793 consecuturum,
1744 2727 1789 2783 si
1840 2736 1893 2783 te
1916 2728 2064 2798 prius

2171 2723 2600 2794 μεταγινώσκειν
2634 2725 2929 2789 ἐθέλοντος.
2959 2724 3051 2795 Μὴ
3077 2724 3185 2795 γὰρ
3215 2723 3516 2793 ἐνδοιάσῃς,
3550 2724 3748 2795 φησὶν,

490 2816 557 2870 ad
578 2816 953 2884 pmnitentiam
998 2816 1233 2874 dederis.
1274 2816 1376 2884 Qui
1405 2818 1549 2874 enim
1582 2819 1635 2873 in
1676 2828 1731 2873 te
1769 2825 1872 2882 est,
1899 2816 2067 2873 mise-

2169 2806 2215 2867 ὧ
2250 2813 2487 2884 Ἰσραὴλ,
2515 2815 2598 2869 ὃτι
2626 2815 2788 2887 τεύξῃ
2816 2816 2924 2869 τῶν
2950 2817 3069 2870 κατ’
3089 2815 3254 2886 εὐχὴν
3279 2816 3328 2868 εί
3354 2811 3749 2885 προνομίσειας

493 2906 624 2971 reri,
676 2915 733 2961 et
774 2907 1026 2962 miserari
1075 2907 1306 2977 pupillos
1358 2908 1527 2963 novit.
1599 2907 1693 2964 Sic
1744 2917 1802 2963 et
1853 2908 2064 2964 divinus

2168 2902 2265 2975 τὴν
2290 2904 2645 2975 μετάγνωσιν.
2685 2905 2743 2959 '0
2777 2906 2885 2976 γὰρ
2916 2909 2973 2960 ἐν
3003 2905 3086 2959 σοι
3113 2906 3246 2968 Θεὸς
3274 2906 3443 2959 ἐλεεῖν
3471 2901 3601 2968 οἶδε,
3648 2906 3749 2959 καὶ.

496 2997 663 3052 David
694 3018 708 3053 :
743 3015 762 3051 ι
792 2998 1064 3067 Pupillum
1103 3008 1160 3055 et
1184 2998 1398 3054 viduam
1429 2998 1686 3068 suscipiet
1710 2998 1776 3065 ",
1812 3017 1832 3051 ι
1861 3012 1929 3053 ex
1957 3013 2063 3054 una

494 3104 575 3154 re,
605 3088 821 3158 opinor,
855 3088 974 3146 sive
1014 3104 1080 3145 ex
1112 3090 1360 3160 personis
1402 3090 1635 3146 maxime
1667 3088 2066 3146 miserabilibus

496 3174 718 3243 divinae,
769 3184 825 3231 et
855 3175 1249 3248 inexplicabilis
1289 3187 1496 3233 natura:
1543 3178 1930 3249 benignitatem
1976 3180 2069 3235 de-

500 3275 828 3323 monstrans.
902 3266 982 3324 Ac
1034 3267 1082 3325 si
1124 3268 1247 3338 quis
1295 3268 1440 3325 volet
1482 3269 1742 3340 pupillum
1795 3280 1850 3324 et
1891 3269 2067 3340 ipsum

493 3353 749 3412 lsraelem
774 3356 1038 3413 nominari
1062 3358 1470 3430 (prapemodum
1498 3361 1640 3416 enim
1665 3358 1877 3414 Patrem
1898 3360 2066 3415 Deum

496 3447 701 3516 amisit,
757 3448 975 3505 tametsi
1028 3449 1119 3507 ille
1163 3452 1396 3509 dilucide
1449 3452 1623 3507 dixit:
1652 3472 1671 3505 ι
1699 3452 1871 3511 Filius
1916 3468 2069 3510 meus

494 3537 884 3608 primogenitus
913 3538 1081 3595 Israel
1104 3541 1461 3613 “r),dixerim
1493 3558 1594 3615 ego
1629 3544 1793 3600 etiam
1820 3545 1899 3601 sic
1924 3553 2069 3601 recte

498 3624 746 3696 intelligi.
798 3626 969 3695 igitur
1020 3628 1234 3685 Domini
1291 3633 1671 3689 universorum
1718 3634 1960 3691 bonitate
2013 3642 2069 3690 et

498 3713 758 3770 facilitate
821 3716 889 3771 ad
945 3714 1287 3773 clementiam
1346 3720 1599 3787 conlisos,
1661 3721 2068 3789 promptissime

496 3806 873 3875 paenitentiam
942 3807 1269 3881 complecti,
1340 3818 1395 3864 et
1463 3812 1933 3868 emendationibus
2007 3811 2063 3866 in

500 3897 695 3956 melius
741 3899 1064 3957 delictorum
1112 3901 1512 3972 prteteritorum
1582 3903 1823 3958 maculas
1882 3903 2069 3960 eluere

498 4000 731 4063 oportet.

568 4260 735 4320 Vsus.
768 4262 824 4320 5.
852 4260 1067 4321 Sauabo
1107 4265 1449 4321 habitationes
1480 4280 1681 4331 eorum,
1723 4265 1942 4337 diligant
1977 4282 2065 4321 eos
2098 4301 2146 4361 υ

499 4356 797 4426 manifeste,
828 4358 955 4427 quia
988 4357 1156 4412 averti
1189 4358 1324 4411 iram
1356 4372 1525 4411 meam
1558 4356 1621 4410 ab
1651 4357 1742 4411 eis.

567 4537 729 4596 CLX.
772 4536 919 4605 Mox,
950 4545 1007 4594 et
1035 4537 1190 4608 quasi
1227 4552 1257 4592 a
1284 4537 1494 4605 foribus
1530 4536 1660 4608 ipsis
1689 4552 1718 4591 a
1754 4538 1862 4592 Deo
1892 4552 2070 4594 sermo

503 4629 802 4695 inducitur,
842 4628 1196 4699 promittente
1240 4635 1470 4698 aegrotos
1497 4636 1812 4683 sanaturum
1858 4637 1914 4683 et
1950 4643 2068 4682 ma-

504 4722 704 4779 nifeste
730 4721 1074 4786 dilecturum,
1105 4720 1207 4776 hoc
1247 4726 1349 4786 est,
1382 4717 1667 4774 manifeste
1704 4727 1761 4772 et
1788 4718 1963 4788 palam
2003 4719 2070 4774 de

508 4822 709 4870 caetero
752 4811 1121 4884 indulgentiae,
1181 4818 1238 4866 et
1285 4809 1589 4873 charitatis,
1632 4818 1687 4865 et
1736 4809 1913 4864 omnis
1948 4808 2076 4864 boni

510 4905 900 4961 incrementum
951 4902 1291 4973 largiturum.
1344 4901 1509 4957 Docet
1549 4901 1765 4970 insuper
1814 4913 1875 4955 se
1910 4899 2075 4955 etiam

508 4995 770 5049 adversus
797 4996 944 5063 ipsos
969 4993 1309 5065 deposuisse,
1343 5001 1398 5048 et
1435 5006 1468 5047 λ
1499 4992 1664 5047 cltaro
1694 4991 1799 5046 sibi
1831 4991 2080 5046 humani-

510 5092 623 5141 tate
655 5099 762 5140 non
795 5085 1182 5141 discessurum.
1239 5085 1461 5141 Videtur
1493 5093 1671 5139 autem
1714 5083 1976 5153 propheta
2021 5082 2072 5137 in

510 5173 599 5229 his
628 5187 734 5227 non
764 5173 937 5228 solum
966 5176 1284 5231 meminisse
1313 5175 1683 5233 conversionis
1726 5188 1795 5230 ex
1818 5174 2077 5245 sanguine

511 5264 682 5321 lsrael
730 5272 1137 5335 prognalorum,
1180 5266 1273 5321 sed
1309 5268 1549 5335 gentium
1599 5282 1815 5338 quoque
1842 5264 2079 5321 vocatio—

512 5372 638 5415 nem
666 5358 987 5413 admiscere.
1072 5358 1340 5425 Quoniam
1365 5373 1470 5414 non
1501 5374 1691 5415 omnes
1716 5358 1809 5429 qui
1834 5372 1900 5415 ex
1918 5356 2081 5413 lsrael

515 5458 664 5517 sunt,
698 5448 754 5505 hi
789 5456 913 5503 sunt
950 5447 1291 5504 Israelita".
1327 5448 1664 5517 Reputantur
1698 5460 1878 5504 autem
1906 5450 2081 5519 potius

517 5540 637 5609 lilii,
670 5540 761 5613 qui
793 5548 1067 5595 sectantur
1095 5538 1321 5611 vestigia
1366 5538 1487 5593 ﬁdei
1530 5540 1582 5593 in
1610 5542 1870 5611 praeputio
1915 5543 2082 5609 patris

592 5716 637 5750 "
667 5716 767 5773 lsa.
809 5733 960 5787 xxxt,
1000 5717 1048 5772 l.
1130 5718 1171 5749 ⁸⁵
1199 5715 1332 5773 Ibid.
1366 5717 1419 5771 5.
1499 5717 1539 5747 ιτ
1573 5714 1713 5771 Psal.
1750 5731 1904 5781 θην,
1949 5716 1998 5771 9.

2167 2998 2560 3067 κατοικτείρειν
2597 2997 2889 3067 ὀρφανούς.
2934 2997 3092 3052 Οὕτω
3124 2997 3227 3052 ποῦ
3268 3015 3400 3067 φησι
3452 2999 3545 3051 καὶ
3584 2999 3613 3049 ό
3651 2996 3750 3049 θε-

2170 3089 2391 3152 σπέσιος
2414 3088 2608 3143 Δασίδο
2646 3108 2665 3142 ι
2699 3090 2966 3160 Ὀρφανὸν
2997 3090 3091 3143 καὶ
3118 3091 3297 3161 χήραν
3325 3090 3682 3159 ἀναλήψεται,
3722 3107 3744 3141 ι

2168 3180 2227 3247 ἐξ
2257 3180 2395 3245 ἐνὸς,
2420 3177 2595 3251 οἶμαι,
2622 3182 2970 3253 πράγματος,
2995 3181 3165 3252 ἤγουν
3198 3182 3263 3235 ἐκ
3303 3179 3610 3250 προσώπων
3633 3178 3750 3234 τῶν

2166 3271 2248 3325 ὅτι
2293 3270 2524 3342 μάλιστα
2573 3270 2945 3325 κατελεεῖσθαι
2994 3272 3320 3340 πεφυκότων
3368 3271 3470 3341 τῆς
3500 3270 3651 3335 Θείας
3682 3287 3752 3325 τε

2168 3360 2264 3414 καὶ
2309 3362 2621 3433 ἀπορρήτου
2666 3359 2881 3429 φύσεως
2927 3360 3284 3424 καταδεικνὺς
3328 3360 3388 3413 τὸ
3432 3359 3751 3431 φιλάνθρωο

2169 3468 2290 3507 πον.
2326 3453 2390 3506 Ei
2414 3452 2473 3506 δέ
2499 3451 2741 3523 βούλοιτό
2768 3469 2852 3516 τις
2879 3451 2980 3522 τῆς
3008 3451 3274 3523 ὀρφανίας
3304 3450 3367 3504 τὸ
3398 3450 3609 3522 χρῆμα,
3646 3450 3753 3503 καὶ

2168 3542 2316 3614 αὐτῷ
2343 3543 2719 3616 καταγράφειν
2739 3543 2817 3614 τῷ
2841 3543 3081 3615 Ἰσραὴλ,
3109 3542 3386 3598 ἀπώλισθε
3410 3542 3519 3613 γάρ
3545 3558 3749 3613 μονον-

2167 3636 2287 3706 ουχὶ
2334 3636 2547 3707 Πατρός
2594 3635 2689 3689 τοῦ
2741 3634 2900 3699 Θεοῦ,
2962 3636 3138 3690 καίτοι
3179 3635 3431 3705 λέγοντος
3473 3636 3751 3709 ἐναργῶς,

2174 3745 2195 3779 ι
2226 3726 2358 3790 Υίδς
2398 3726 2740 3798 πρωτότοκός
2788 3743 2892 3797 μου
2933 3725 3202 3797 Ἰσραὴλ,ι
3258 3726 3424 3797 φαίην
3462 3726 3528 3780 ἂν
3563 3726 3751 3795 ἔγωγε

2167 3816 2263 3871 καὶ
2301 3816 2429 3887 τῇδε
2472 3818 2612 3870 νοεῖν
2637 3815 2833 3888 ὀρθῶς.
2861 3817 2953 3869 Δεῖ
2977 3815 3041 3887 δὴ
3070 3810 3163 3869 οὖν
3192 3816 3300 3887 ἄρα
3331 3815 3750 3888 τεθαρρηκότας

2167 3907 2244 3970 ὼς
2276 3905 2480 3975 ἀγαθός
2502 3906 2565 3960 τέ
2594 3907 2732 3972 ἐστι,
2760 3906 2854 3960 καὶ
2889 3907 3180 3978 πρόχειρος
3204 3907 3285 3970 είς
3334 3905 3748 3976 φιλανθρωπίαν

2166 4000 2197 4053 ό
2219 3998 2328 4053 τῶν
2360 3997 2497 4053 ὅλων
2531 3998 2824 4068 δεσπότης,
2847 3996 3150 4051 ἀοκνότατα
3182 3998 3486 4066 μετανοεῖν,
3502 3995 3596 4049 καὶ
3620 3997 3746 4060 ταῖς

2166 4088 2248 4152 είς
2296 4087 2358 4141 τὸ
2401 4088 2627 4158 ἄμεινον
2675 4085 3121 4157 ἐπανορθώσεσι,
3171 4084 3272 4151 τὰς
3315 4084 3425 4139 τῶν
3462 4085 3564 4156 ἠδη
3608 4102 3747 4156 προ‹

2166 4179 2547 4251 επταισμένων
2580 4177 2836 4231 ἀπολύειν
2864 4177 3064 4240 αίτίας.

2252 4267 2509 4337 Ἰάσομαι
2556 4266 2663 4333 τὰς
2708 4267 3012 4332 κατοικίας
3044 4265 3262 4331 αὐτῶν,
3304 4265 3599 4337 ἀγαπήσω
3627 4267 3746 4321 αὐ-

2170 4360 2313 4428 τοὺς
2339 4362 2673 4431 ὁμολόγως,
2711 4359 2801 4415 ὅτι
2828 4361 3216 4429 ἀπέστρεψεν
3256 4359 3371 4430 τὴν
3401 4361 3590 4432 ὀργήν
3619 4378 3749 4431 μου

2170 4450 2271 4506 ἀπ’
2299 4450 2520 4505 αὐτῶν.

2240 4541 2360 4596 PE’.
2399 4541 2822 4613 Είσκεκόμισται
2860 4541 3059 4611 γείτων
3100 4541 3285 4606 εὐθὺς,
3333 4542 3492 4612 μόνον
3518 4541 3576 4596 δὲ
3621 4541 3750 4612 οὐχὶ

2171 4633 2268 4686 καὶ
2311 4632 2606 4704 ἀγχίθυρος
2646 4634 2674 4685 ό
2725 4635 2878 4705 παρά
2907 4632 3043 4687 Θεοῦ
3087 4632 3264 4701 λόγος,
3301 4632 3485 4687 ἰᾶσθαί
3520 4649 3580 4686 τε
3616 4633 3751 4697 τοὺς

2171 4722 2543 4794 ἠσθενηκότας
2571 4724 3021 4796 ὑπισχνουμένου,
3051 4725 3146 4779 καὶ
3186 4723 3463 4795 ὁμολόγως
3499 4725 3748 4795 ἀγαπᾷν,

2168 4813 2468 4880 τουτέστιν,
2496 4815 2945 4887 ὁμολογουμένως
2991 4816 3086 4869 καὶ
3112 4814 3405 4889 ἀκρύπτως
3428 4815 3527 4885 ῆδη
3558 4815 3752 4869 λοιπὸν

2170 4905 2500 4977 ἐνεργοῦντα
2555 4906 2625 4959 τά
2668 4908 2735 4960 ἐκ
2779 4906 2995 4976 φειδοῦς
3038 4907 3133 4961 καὶ
3179 4906 3401 4978 ἀγάπης
3437 4904 3749 4976 φαίνεσθαι,

2172 4995 2269 5048 καὶ
2312 4994 2410 5066 τὴν
2463 4994 2667 5059 παντὸς
2713 4995 2953 5050 ἐπίδοσιν
3001 4994 3229 5064 ἀγαθοῦ.
3284 4995 3445 5064 Δηλοῖ
3492 4993 3549 5046 δὲ
3608 4994 3749 5064 πρὸς

2172 5085 2403 5151 τούτοις,
2431 5086 2515 5141 ὅτι
2538 5087 2633 5140 καὶ
2663 5089 2763 5158 τῆς
2784 5088 2865 5150 είς
2891 5086 3088 5149 αὐτοὺς
3117 5083 3416 5158 κατέληξεν
3447 5084 3750 5158 όργῆς,καὶ

2173 5176 2276 5246 τῆς
2309 5176 2460 5248 αύτῷ
2507 5157 2743 5249 φιλητῆς
2788 5177 2889 5230 οὐκ
2929 5176 3278 5248 άποδημήσει
3311 5157 3745 5246 φιλανθρωπίας.

2179 5269 2365 5322 Ἔοικε
2404 5269 2461 5322 δὲ
2499 5268 2661 5323 πάλιν
2691 5268 2720 5320 ό
2758 5267 2915 5336 λόγος
2944 5269 3080 5338 ἡμῖν
3116 5268 3175 5319 ἐν
3203 5266 3434 5331 τούτοις,
3470 5266 3529 5318 ού
3579 5266 3749 5335 μόνης

2174 5356 2578 5429 διαμεμνῆσθαι
2625 5360 2723 5428 τῆς
2783 5356 2890 5409 τῶν
2938 5354 2997 5420 ἐξ
3049 5356 3283 5427 αἵματος
3342 5354 3560 5426 Ἰσραὴλ
3626 5354 3748 5406 ἐπι-

2179 5449 2454 5520 στροφῆς,
2497 5448 2929 5519 συνεισκομίζειν
2981 5447 3038 5501 δὲ
3089 5447 3291 5519 μᾶλλον
3347 5448 3443 5501 καὶ
3484 5446 3585 5518 τὴν
3636 5444 3751 5499 τῶν

2178 5539 2345 5594 ἐθνῶν
2391 5539 2615 5609 κλῆσιν·
2659 5541 2741 5594 ὅτι
2797 5540 2871 5609 μὴ
2918 5539 3117 5603 πάντες
3160 5538 3209 5591 οἱ
3255 5537 3314 5603 ἐξ
3348 5535 3563 5609 Ἰσραὴλ
3599 5528 3748 5590 οὗτοι

2084 5718 2122 5749 ’⁸
2155 5715 2317 5773 Exod.
2353 5730 2423 5776 tv,
2452 5713 2539 5767 2'2.
2623 5714 2664 5745 "
2694 5713 2847 5769 Rom.
2886 5731 2960 5779 ιιι,
2993 5715 3044 5767 6.
