3898 6212
174 303 262 363 321
1085 293 1635 355 COMMENTARIUS
1672 294 1737 352 IN
1774 294 2007 351 OSEAM
2044 295 2489 353 PROPHETAM.

185 416 421 490 Ἰσραηλο
467 414 913 484 καταλογίζονται
964 414 1021 469 δὲ
1079 416 1281 487 μᾶλλον
1327 418 1408 481 είς
1456 418 1625 472 τέκνα
1682 420 1732 472 oi

1863 418 2009 472 iostri
2056 418 2328 472 Abraham
2355 419 2421 471 ¹⁰.

171 506 581 571 ἀκολουθοῦντες
624 508 738 569 τοῖς
787 505 958 576 ἴχνεσι
1007 506 1106 578 τῆς
1149 508 1208 560 ὲν
1263 508 1602 578 ἀκροϐυστίᾳ
1651 508 1739 560 πί-

1868 510 1998 575 ium,
2024 518 2081 564 et
2123 510 2436 580 coniunctio
2467 525 2590 564 cum
2625 510 2734 566 Deo
2774 510 2825 566 in
2872 512 3089 568 Christo
3121 527 3218 583 per
3249 513 3409 567 [idem

173 613 325 659 στεως
374 594 473 647 τοῦ
540 594 749 664 πατρὸς
796 593 957 664 ἡμῶν
1010 594 1281 665 Ἁϐραάμ.
1333 593 1544 647 Οὐκοῦν
1607 612 1735 647 συν-

1863 610 1893 655 :t
1927 600 2411 655 sanctiﬁcationem
2448 601 2742 657 inducitur.
2793 603 3018 672 Insuper
3053 603 3410 672 spiritualium

168 688 473 758 εισφέρεται
518 686 614 739 καὶ
641 688 676 757 ὴ
706 685 813 740 τῶν
855 684 1026 739 ὲθνῶν
1063 686 1275 757 κλῆσις,
1308 686 1403 740 καὶ⁵
1439 686 1575 757 πρὸς
1602 686 1736 738 Θεὸν

1863 691 2206 761 ιιῳρθιίίιιιιίο
2225 702 2286 746 et
2329 692 2520 762 gratia
2557 695 2736 765 copia,
2776 695 2894 766 ejus
2918 695 3168 751 videlicet
3205 709 3326 765 qua:
3356 694 3411 749 in

170 780 429 843 claustrum;
471 781 532 833 ὲν
575 779 830 851 Χριστῷ,
872 778 963 833 διὰ
1011 779 1249 843 πίστεως
1295 780 1391 833 καὶ⁸
1437 778 1732 850 ἁγιασμοῦ.

1863 780 2061 837 lhristo
2083 793 2186 846 est,
2222 784 2576 854 signiﬁcatur.

164 872 643 945 Κατασημαίνεται
673 873 730 925 δὲ
764 871 901 942 πρὸς
943 872 1118 943 τούτῳ
1161 874 1255 928 καὶ
1287 875 1321 945 ὴ
1383 874 1492 929 τῶν
1520 875 1908 945 πνευματικῶν
1939 877 2192 949 χορηγία,
2270 878 2365 933 καὶ
2402 882 2502 953 τῆς
2560 880 2783 954 χάριτος
2823 884 2885 937 τὸ
2944 880 3278 954 ἀμφιλαφές.
3309 881 3414 951 Δῆ-

162 967 243 1019 λον
272 968 329 1019 δὲ
355 967 440 1019 ὅτι
463 967 563 1036 τῆς
600 968 658 1018 ὲν
691 964 937 1036 Χριστῷ.

229 1064 479 1131 Ἐ’σομαι
509 1060 593 1128 ὡς
617 1063 837 1130 δρόσος
861 1059 940 1125 τῷ
982 1061 1239 1131 Ἰσραήλ.

1914 1061 2075 1118 Vens.
2118 1062 2172 1117 6.
2218 1062 2322 1117 Ero
2348 1063 2499 1132 quasi
2528 1078 2611 1116 ros
2643 1062 2833 1119 Israel.

225 1151 457 1213 Πάντως
483 1167 585 1203 που
605 1150 1055 1217 καταπιαίνουσα,
1084 1152 1179 1205 καὶ
1214 1153 1621 1224 καταρδεύουσα
1647 1153 1737 1207 τδν

1915 1154 2072 1225 193
2096 1154 2274 1209 CLXI.
2322 1153 2658 1210 Omnimodis
2708 1164 2942 1210 mentem
2990 1164 3302 1211 vocatorum
3345 1158 3412 1211 aii

158 1242 278 1298 νοῦν
310 1242 422 1295 τῶν
474 1241 830 1313 κεκλημένων
874 1243 958 1305 είς
993 1242 1356 1313 μετάγνωσιν,
1407 1248 1474 1317 τῇ
1533 1245 1739 1300 ἄνωθεν

1863 1246 2213 1301 ιωιιὶιθιιιίοιιι
2245 1260 2480 1316 superna
2512 1248 2880 1303 consolatione
2908 1248 3312 1317 pinguel’aciens
3362 1260 3415 1303 ct

162 1332 526 1404 παρακλήσει.
577 1333 746 1403 Δῆλον
792 1332 848 1386 δὲ
894 1335 979 1387 ὅτι
1008 1336 1085 1405 ,τῇ
1142 1335 1456 1407 Πνεύματος
1480 1353 1495 1367 ·
1528 1336 1740 1391 ¹ἄνωθεν

1864 1336 2091 1405 rrigans,
2145 1339 2330 1408 utique
2375 1352 2471 1407 per
2516 1336 2798 1408 Spiritum,
2854 1353 2943 1394 ros
2998 1339 3142 1395 enim
3192 1341 3417 1413 desuper

159 1426 258 1495 γὰρ
294 1428 328 1496 ἠ
362 1425 579 1496 δράσας·

1863 1425 2010 1478 :adit.

231 1516 521 1586 Ἀνθήσει
550 1517 631 1583 ὡς
660 1517 888 1585 κρίνον.

1916 1515 2155 1571 Florebit
2188 1528 2243 1570 ιιι
2278 1517 2467 1573 lilium.

3302 302 3408 357 5'22

2536 416 2675 487 Ergo
2726 416 2887 473 simul
2936 426 2993 473 et
3033 418 3249 475 vocatio
3274 436 3409 490 geu~

230 1609 519 1675 ’Edeiaet,
575 1611 729 1679 φησὶ,
750 1609 813 1662 τὸ
863 1609 1062 1673 εὐῶδες
1111 1610 1171 1664 ὲν
1210 1610 1455 1681 Χριστῷ,
1504 1610 1602 1664 καὶ
1639 1610 1739 1681 τῆς

1915 1605 2120 1660 CLXII.
2155 1606 2387 1676 Eﬂlabit,
2431 1609 2624 1678 inquit,
2666 1610 2718 1663 in
2766 1609 2983 1665 Christo
3030 1626 3250 1667 suavem
3287 1612 3419 1667 odo-

154 1699 390 1769 εὒαγοῦς
414 1699 692 1763 πολιτείας
710 1700 810 1770 τὴν
837 1700 1118 1771 εὐοσμίαν,
1143 1700 1239 1754 καὶ
1259 1701 1557 1756 ἅπόλεκτον
1582 1701 1742 1765 ἄνθος

1863 1709 1980 1761 'em,
2000 1707 2057 1751 et
2078 1708 2280 1752 sanctae
2319 1699 2749 1754 conversationis
2782 1698 3153 1771 fragrantiam,
3209 1711 3263 1758 ct
3309 1702 3420 1757 ele-

154 1792 311 1846 ισται
348 1791 561 1845 λοιπόν.

219 1884 336 1937 Kal
374 1882 568 1947 ,ϐαλεῖ
607 1880 718 1948 τὰς
756 1881 924 1951 ῥίζας
976 1883 1163 1940 αὑτοῦ
1195 1882 1277 1951 ὡς
1306 1882 1593 1952 Λίϐανος,
1639 1900 1746 1939 πο-

158 1976 478 2051 ρεύσονται
509 1975 564 2028 al
588 1973 802 2027 κλάδοι
826 1991 965 2030 σου.

217 2066 347 2118 ὀτι
401 2062 479 2135 μὴ
526 2062 948 2128 εὐκατάσειστος
986 2063 1096 2119 τῶν
1140 2066 1505 2121 πιστευόντων
1540 2065 1570 2119 ὁ
1597 2064 1742 2136 νοῦς,

161 2155 266 2209 οὐδὲ
298 2150 418 2209 οἷον
443 2155 671 2226 ἕτοιμος
693 2157 774 2219 είς
793 2155 856 2208 τὸ
872 2156 1128 2211 νικᾶσθαι
1159 2158 1433 2230 πνεύμασι
1463 2160 1742 2230 πονηροῖς,

163 2254 231 2307 διὰ
276 2252 478 2307 τούτου
512 2247 681 2323 δηλοῖ.
726 2248 920 2301 Ἔσται
954 2248 1062 2320 γὰρ
1106 2248 1278 2314 οὕτως
1322 2251 1602 2321 ἀσφαλὴς,
1648 2250 1745 2304 καὶ

165 2343 569 2414 ἐρηρεισμένος,
619 2342 871 2414 καθάπερ
899 2338 1091 2413 ἀμέλει
1138 2340 1235 2394 καὶ
1283 2341 1346 2394 τὸ
1380 2340 1477 2394 τοῦ
1509 2341 1743 2395 Λιϐάνου

166 2437 333 2503 φατὸν,
374 2435 405 2487 ὃ
429 2435 654 2505 καθίησι
680 2436 779 2505 μὲν
809 2437 888 2499 είς
921 2434 1083 2505 βάθος
1117 2432 1253 2489 πολὺ
1287 2433 1387 2504 τὴν
1414 2430 1569 2505 ῥίζαν
1589 2451 1602 2465 ·
1632 2436 1746 2498 τοῖς

166 2542 211 2593 γι
235 2528 345 2598 μὴν
376 2525 591 2581 ἄνωθεν
620 2524 854 2592 κλάδοις,
888 2526 952 2578 ού
980 2525 1217 2596 μετρίως
1246 2522 1555 2595 εὐρύνεται.
1597 2524 1744 2577 Σπα-

168 2618 404 2689 uicem;
440 2616 554 2689 γὰρ
588 2616 691 2687 τῆς
722 2616 898 2689 ῥίζης,
935 2615 1097 2688 ἁδραί
1129 2632 1234 2669 που
1264 2615 1484 2680 πάντως
1512 2612 1620 2669 sic!
1651 2613 1746 2668 καὶ

162 2711 209 2762 al
232 2710 339 2764 τῶν
368 2710 638 2781 ὁρπήκων
660 2708 923 2772 ἐκδόσεις.

221 2800 329 2855 Καὶ
364 2796 546 2854 ἐᾶται
574 2798 657 2865 ὡς
681 2798 858 2853 ἐλαία
882 2798 1283 2867 κατάκαρπος.

232 2889 527 2960 ’Δειθαλὴς
554 2888 797 2960 δηλονότι
823 2889 917 2943 κα)⁸
945 2886 1247 2959 εὕκαρπος,
1275 2886 1515 2942 τοιοῦτον
1545 2887 1656 2959 γὰρ
1683 2888 1743 2941 τὸ

162 2982 336 3051 συτὸν.

220 3073 330 3130 Καὶ
359 3073 705 3141 «Sage-param
735 3070 922 3125 αὐτοῦ
946 3071 1027 3138 ὡς
1045 3069 1318 3126 λιϐάνου.

222 3164 608 3235 Εὺοσμότατον
642 3164 836 3233 κομιδῇ
875 3162 968 3216 τοῦ
1006 3163 1224 3217 λιϐάνου
1249 3162 1311 3216 τὸ
1346 3160 1552 3235 χρῆμα.
1599 3164 1740 3218 Ταύο

161 3270 327 3326 sum:
363 3253 463 3306 καὶ
501 3252 580 3315 ὡς
612 3252 755 3322 ἱερὸν
796 3250 875 3322 τῷ
927 3251 1067 3322 Θεῷ,
1096 3252 1189 3305 καὶ
1235 3254 1265 3305 ὁ
1315 3253 1560 3317 Μωσέως
1612 3253 1743 3307 αὐτὸ

162 3343 663 3416 αατεχρησμῴδησε
694 3343 881 3413 νόμος.
923 3343 1144 3414 Λιϐάνῳ
1184 3344 1293 3415 γὰρ
1324 3344 1434 3398 δεῖν
1464 3346 1744 3399 καταπάτ-

165 3436 343 3489 τεσθαι
409 3435 515 3504 τὴν
574 3433 995 3503 προσαγομένην
1058 3433 1337 3503 σεμίδαλιν
1391 3434 1471 3496 είς
1531 3433 1739 3499 θυσίαν,

164 3528 413 3582 διετύπου
442 3523 750 3595 πολλαχῶς.
786 3523 1006 3595 Εύώδης
1034 3519 1128 3577 οὖν
1162 3523 1335 3588 ἔσται,
1368 3522 1554 3593 φησὶν,
1578 3524 1607 3576 ὁ
1635 3525 1744 3577 τῶν

170 3618 516 3688 κεκλημένων
542 3615 774 3687 καρπὸς,
802 3617 896 3669 καὶ
918 3612 1324 3686 εύπαράδεκτος
1343 3615 1422 3676 είς
1449 3611 1639 3668 θυσίαν
1665 3613 1745 3685 τῷ

172 3710 435 3779 φιληρέτῳ
469 3707 613 3778 Θεῷο

246 3799 739 3869 Ἐπιστρέψουσι,
780 3797 881 3853 καί
922 3797 1266 3853 καθιοῦντιιι
1294 3800 1413 3854 ὑπὸ
1445 3797 1562 3868 τὴν
1599 3798 1744 3853 σκέ-

181 3909 289 3960 πην
311 3892 525 3947 αὑτοῦ.

242 3984 413 4051 PES’.
467 3982 924 4046 Ἀποπαύσονται,
955 3981 1109 4052 φησὶ,
1140 3981 1249 4036 τῶν
1280 3982 1523 4053 ἀρχαίων
1571 3983 1748 4035 αίτια-

189 4077 373 4142 μάτων,
403 4077 501 4129 καὶ
528 4076 981 4145 ὑπονοστήσουσιν
1002 4073 1267 4138 εὐσθενῶς
1290 4078 1368 4137 είς
1386 4076 1447 4127 τὸ
1466 4075 1747 4145 λατρεύειν

186 4167 284 4238 Θεῷ
316 4170 481 4233 ζῶντι
545 4169 639 4221 καὶ
664 4166 926 4239 ἀληθινῷ,
974 4168 1069 4219 καὶ
1104 4166 1195 4219 ὑπ’
1237 4165 1386 4237 αὐτῷ
1428 4168 1747 4239 γενήσονται

194 4261 540 4331 μονοτρόπως,
582 4258 645 4311 ού
682 4257 814 4328 παρ’
863 4256 1052 4326 ἐτέρου
1091 4256 1154 4309 τὸ
1184 4254 1454 4321 σώζεσθαι
1488 4258 1594 4310 ἀπὸ
1638 4256 1747 4310 τῶν

1843 1798 1967 1844 etus
1998 1787 2051 1842 in
2082 1787 2323 1843 futurum
2352 1787 2448 1844 llos
2481 1790 2608 1843 erit.

1914 1878 1983 1933 Et
2009 1879 2181 1934 mittet
2214 1880 2417 1934 radices
2458 1895 2582 1934 suas
2618 1880 2771 1950 quasi
2809 1879 3062 1945 Libanus,
3103 1880 3251 1936 ibunt
3286 1886 3420 1936 rami

1843 1969 1977 2039 ejus.

1914 2060 2140 2118 CLXIII.
2173 2062 2403 2121 Mentem
2429 2065 2760 2121 credentium
2792 2065 2879 2120 vix
2922 2079 2955 2119 a
2998 2079 3096 2120 suo
3136 2074 3278 2120 statu
3334 2065 3421 2120 di-

1844 2155 2074 2219 moveri,
2100 2169 2273 2224 neque
2301 2156 2443 2211 vinci
2472 2155 2628 2212 facile
2655 2171 2812 2227 posse
2850 2171 2880 2210 a
2926 2156 3173 2227 malignis
3216 2158 3421 2227 spiriti-

1845 2246 1947 2303 bus
1972 2247 2059 2302 his
2087 2246 2266 2303 verbis
2301 2248 2524 2306 indicat.
2552 2250 2703 2305 Adeo
2730 2248 2999 2319 siquidem
3030 2258 3141 2303 tuta
3169 2259 3227 2305 et
3262 2250 3420 2305 ﬁrma

1845 2347 1949 2405 est,
1984 2347 2043 2392 ut
2070 2338 2231 2393 arbor
2271 2340 2524 2394 nimirum
2547 2339 2601 2395 in
2637 2350 2819 2394 monte
2839 2338 3067 2404 Libano,
3111 2355 3230 2411 qua:
3259 2342 3423 2395 mittit

1846 2428 2061 2499 quidem
2090 2427 2143 2482 in
2168 2426 2492 2498 profundum
2527 2429 2789 2496 radicem,
2828 2443 3061 2500 superne
3105 2440 3288 2487 autem
3336 2446 3423 2484 ra-

1846 2519 1951 2572 mis
1972 2517 2148 2587 ample
2170 2517 2449 2573 dilatatur.
2478 2517 2628 2573 Actis
2655 2519 2798 2574 enim
2822 2518 2929 2575 alte
2944 2518 3232 2587 radicibus,
3257 2519 3419 2575 etiam

1848 2610 1984 2666 rami
2004 2609 2226 2666 omnino
2254 2609 2413 2665 latius
2440 2620 2824 2682 propagantur.

1917 2809 2085 2865 Vens.
2118 2809 2170 2864 7.
2203 2809 2269 2864 Et
2296 2809 2393 2864 erit
2418 2808 2574 2880 quasi
2602 2807 2737 2862 oliva
2766 2805 3065 2877 fructifera.

1915 2897 2145 2953 CLXIV.
2194 2896 2421 2967 Semper
2477 2897 2656 2951 virens
2710 2896 2959 2951 videlicet
3005 2904 3059 2951 et
3104 2894 3417 2963 fructifera;

1848 2986 1951 3040 tale
1977 2993 2064 3041 est
2090 2985 2230 3040 enim
2257 3000 2423 3055 genus
2449 2985 2657 3039 arboris
2687 2984 2849 3040 oliva.

1912 3076 1983 3131 Et
2015 3078 2147 3131 odor
2170 3076 2283 3145 ejus
2308 3086 2362 3129 ut
2389 3077 2579 3131 thuris.

1912 3166 2121 3223 CLXV.
2155 3166 2607 3224 Odoratissimum
2635 3173 2719 3221 est
2744 3165 2887 3220 thus.
2937 3164 3203 3233 Quocirca
3247 3167 3420 3236 ipsum

1842 3268 1899 3313 et
1924 3259 2145 3314 oracula
2174 3259 2306 3330 legis
2355 3258 2605 3313 Mosaicae
2644 3254 2873 3312 Domino
2900 3267 3148 3312 sanctum
3178 3270 3296 3313 esse
3329 3273 3423 3313 vo-

1844 3352 2079 3405 luerunt.
2113 3349 2496 3420 Saepenumero
2529 3350 2673 3405 enim
2698 3348 3024 3404 otl'crendam
3055 3347 3165 3402 Deo
3188 3349 3417 3403 similam

1844 3444 1897 3498 in
1929 3443 2280 3509 sacrificium,
2312 3443 2466 3497 thure
2499 3455 2843 3510 conspersam
2871 3439 3253 3494 sanxerunt“.
3281 3439 3422 3494 Odo-

1847 3533 1977 3590 riI‘er
2003 3543 2087 3589 est
2116 3534 2302 3602 igitur,
2341 3532 2536 3603 inquit,
2564 3541 2881 3586 vocatorum
2914 3531 3137 3596 fructus,
3180 3539 3235 3586 et
3264 3544 3422 3585 acce-

1846 3625 2063 3697 ptabilis
2093 3625 2147 3679 in
2178 3622 2503 3679 sacrificium
2535 3623 2663 3688 Deo,
2701 3621 2793 3692 qui
2828 3621 3084 3677 virtutem
3108 3619 3307 3690 diligit.

1918 3806 2083 3861 Vens.
2123 3805 2175 3862 8.
2234 3804 2631 3869 Convertentur,
2687 3812 2735 3858 et
2787 3803 3037 3858 sedebant
3088 3801 3183 3856 sub
3240 3802 3427 3856 umbra

1845 3905 1980 3971 ejus.

1918 3989 2148 4047 CLXVI.
2176 3989 2363 4045 Finem
2394 3988 2692 4057 imponent,
2725 3986 2919 4055 inquit,
2948 3984 3183 4056 peccatis
3222 3984 3426 4040 veteri-

1848 4084 1968 4147 bus,
2005 4092 2060 4137 et
2104 4097 2226 4136 cum
2265 4080 2417 4136 suavi
2450 4080 2615 4134 odore
2649 4078 2716 4133 ad
2752 4078 2919 4133 Deum
2978 4078 3159 4132 vivum
3207 4092 3426 4132 verum-

1848 4173 2255 4245 quemilciidtim
2306 4173 2351 4202 η
2392 4169 2785 4239 regredientur,
2828 4167 3015 4236 illique
3058 4166 3427 4222 tantummodo

1850 4265 2226 4335 subjicieutur,
2254 4275 2359 4316 non
2395 4262 2462 4316 ab
2486 4260 2615 4326 alio,
2650 4260 2741 4314 sed
2766 4258 2833 4313 ab
2868 4258 2960 4313 illo
3000 4257 3115 4313 solo
3152 4256 3429 4312 liberatio-

186 4353 394 4425 ἐχθρῶν,
424 4351 567 4406 ἀλλὰ
592 4351 721 4422 παρ’
746 4350 910 4404 αὐτοῦ
941 4349 1346 4422 προσδοκῶντες
1369 4350 1549 4421 μόνου.
1578 4351 1747 4405 Τοῦτό

1863 4372 1973 4411 nem
2009 4357 2076 4410 ab
2114 4355 2361 4411 hostibus
2405 4358 2806 4423 exspectantes.
2862 4349 2975 4405 Hoc
3022 4348 3284 4420 prmclare
3328 4350 3429 4404 im-

188 4461 252 4498 τοι
278 4445 566 4519 πληροῦσα
591 4443 770 4507 καλῶς
796 4446 831 4514 ἡ
864 4442 926 4508 ἐξ
948 4444 1118 4497 ὲθνῶν
1165 4443 1478 4515 Ἐκκλησία,
1503 4448 1631 4518 περὶ
1653 4446 1747 4500 τοῦ

190 4540 379 4593 πάντων
403 4538 680 4608 Σωτῆρος,
702 4536 887 4607 φησὶν,
911 4537 969 4588 ὲν
984 4534 1061 4606 τῷ
1082 4535 1321 4607 ’ᾼσματι
1338 4537 1444 4589 τῶν
1467 4537 1751 4609 ᾀσμάτων·

190 4647 208 4677 ι
230 4630 303 4683 Ἐν
326 4633 395 4700 τῇ
432 4630 563 4697 σκιᾷ
596 4627 761 4680 αὐτοῦ
791 4626 1131 4698 ἐπεθύμησα,
1158 4628 1252 4681 καὶ
1280 4627 1531 4683 ἐκάθισα.
1564 4648 1583 4681 ι
1626 4629 1754 4694 Τοῖς

184 4720 319 4776 τοῦτο
337 4722 477 4792 δρᾷν
503 4720 753 4773 εἰωθόσιν
790 4720 1132 4789 ὲπιφωνείτω
1166 4719 1338 4788 λέγων
1371 4721 1465 4774 καὶ
1491 4723 1520 4774 ὁ
1552 4721 1752 4775 θεσπέ-

190 4829 283 4877 σιος
311 4814 475 4867 Δαϐίδ
494 4829 509 4843 ο
547 4830 567 4864 ι
590 4811 832 4883 Ἡμέρας
869 4813 897 4864 ὁ
922 4810 1072 4882 ἥλιος
1107 4811 1165 4863 ού
1196 4810 1492 4880 συγκαύσει
1524 4828 1604 4878 σε,
1630 4812 1751 4865 οὐδὲ

190 4906 423 4977 ἠσελήνη
450 4906 553 4976 τὴν
576 4906 768 4960 νύκτα.
798 4923 817 4957 ι
851 4902 1020 4956 Τοῦτο
1052 4905 1163 4967 τοῖς
1199 4904 1574 4975 ἀρχαιοτέροις
1617 4906 1748 4957 ἐπε-

194 4996 372 5049 τελεῖτο
418 4995 573 5068 παρὰ
616 4995 773 5059 Θεοῦ,
817 4995 1048 5066 νεφέλης
1091 4995 1274 5059 αὐτοῖς
1323 4995 1750 5066 ὲπισκιαζούσης

196 5087 314 5143 κατὰ
343 5088 442 5160 τὴν
468 5087 702 5158 ἔρημον,
739 5088 833 5140 καὶ
870 5087 970 5158 τὴν
1015 5087 1245 5151 ἄνωθεν,
1292 5087 1389 5140 καὶ
1427 5086 1577 5156 παρὰ
1613 5083 1748 5138 Θεοῦ

194 5179 377 5249 σκηνὴν
409 5180 815 5249 ὑποφαινούσης
842 5180 1093 5244 ἀστείως.
1128 5177 1201 5234 Εὖ
1232 5180 1287 5233 δὲ
1320 5180 1386 5251 δὴ
1421 5179 1619 5250 σφόδρα
1658 5178 1752 5232 καὶ

191 5268 239 5318 τὸ
295 5269 719 5334 «καθιοῦνταιη
791 5271 978 5340 φησὶν,
1030 5269 1117 5322 ἵνα
1166 5270 1225 5322 τὸ
1272 5269 1502 5340 βεϐηκὸς
1555 5269 1648 5322 καὶ
1692 5267 1753 5321 τὸ

194 5360 452 5430 ἱδρυμένον
489 5360 749 5430 ἀσφαλῶς
777 5361 877 5432 τῆς
916 5361 1023 5415 τῶν
1062 5362 1500 5432 ἐπιστρεφόντων
1530 5360 1757 5434 γνώμης

194 5447 265 5502 διὰ
291 5452 473 5505 τούτου
502 5454 714 5523 νοῆται.

251 5650 295 5723 'f
326 5652 477 5709 Rom.
519 5671 593 5711 ιν.
629 5655 712 5709 I2.
789 5658 829 5688 ¹¹
866 5656 1036 5715 chit.
1070 5674 1128 5723 ιι,
1160 5658 1207 5712 ι.
1284 5658 1328 5690 ¹²
1362 5659 1381 5711 I
1422 5655 1615 5713 Thess.
1656 5672 1695 5721 ι,
1730 5655 1784 5710 9.

202 5718 236 5750 ⁸
259 5721 414 5779 Exod.
446 5742 533 5793 ιι,
558 5726 650 5781 52.

1851 4448 2007 4520 piens
2051 4447 2276 4502 collecta
2325 4460 2391 4501 ex
2446 4443 2696 4516 gentibus
2743 4441 3008 4509 Ecclesia,
3065 4441 3131 4496 de
3188 4441 3428 4497 omnium

1853 4539 2134 4596 Salvatore
2159 4540 2212 4592 in
2242 4536 2468 4592 Cautico
2499 4534 2858 4598 canticorum,
2892 4532 3107 4602 inquit:
3145 4548 3165 4584 ι
3207 4530 3265 4586 In
3310 4547 3429 4586 um-

1851 4633 1949 4688 bra
1986 4630 2125 4685 illius
2153 4626 2477 4692 desideravi,
2510 4634 2564 4680 et
2593 4624 2706 4680 sedi
2737 4622 2805 4676 ³³.
2840 4643 2859 4676 ι
2909 4621 2986 4677 Ita
3030 4623 3209 4678 facere
3257 4622 3430 4677 solitis

1854 4724 2117 4779 acclamet
2146 4722 2336 4776 beatus
2362 4718 2533 4773 David
2564 4734 2578 4771 :
2616 4736 2635 4770 ι
2668 4716 2775 4772 Per
2804 4717 2943 4773 diem
2970 4715 3050 4772 sol
3075 4730 3179 4770 non
3213 4724 3331 4770 uret
3355 4724 3427 4781 te,

1856 4832 2031 4887 neque
2053 4815 2175 4869 luna
2202 4829 2298 4885 per
2323 4821 2538 4868 noctem
2564 4810 2629 4865 “.
2668 4828 2686 4862 ι
2713 4809 2825 4865 Hoc
2848 4807 3231 4864 vetustioribus
3256 4820 3287 4860 a
3317 4805 3430 4862 Deo

1856 4909 2256 4981 praestabatur,
2310 4904 2452 4961 nube
2513 4903 2634 4959 illos
2684 4916 2782 4971 per
2832 4901 2973 4955 diem
3028 4899 3080 4953 in
3138 4897 3432 4955 solitudine

1854 4997 2214 5053 obumbrante
2240 4994 2308 5061 “,
2356 5002 2758 5063 supernumque
2814 4995 2869 5041 et
2898 4985 3138 5040 divinum
3175 4984 3430 5040 taberna-

1856 5089 2035 5144 culum
2062 5087 2298 5157 jucunde
2345 5086 2782 5139 submonstrante
2815 5079 2883 5135 ’⁸.
2931 5076 3101 5132 Recte
3138 5076 3430 5132 admodum

1847 5189 2172 5251 praeterea,¢
2210 5176 2492 5238 sedebunt,
2535 5191 2554 5225 ι
2601 5169 2796 5239 inquit,
2846 5175 2903 5223 ut
2955 5167 3082 5223 hinc
3131 5166 3431 5223 constantia

1849 5282 1905 5327 et
1945 5268 2220 5324 ﬁrmitudo
2256 5265 2550 5321 voluntatis
2592 5260 3023 5319 convertentium
3059 5272 3119 5316 se
3163 5259 3431 5330 intelliga-

1853 5372 1959 5417 tur.

1862 5652 1907 5686 ’³
1940 5652 2098 5710 Cant.
2132 5665 2192 5717 ιι,
2226 5650 2278 5705 5.
2356 5647 2402 5681 ³⁸
2430 5644 2580 5703 Psal.
2611 5661 2738 5713 cxx,
2770 5644 2825 5701 6.
2898 5642 2946 5676 "
2979 5638 3147 5698 Exod.
3186 5649 3307 5703 xm,
3330 5634 3428 5693 2|.
