3954 6208
501 288 608 346 323

1492 280 1551 339 S.
1593 278 1871 339 CYRILLI
1908 273 2379 335 ALEXANDRINI
2420 270 2735 330 AIICIIIEP.

3650 270 3769 331 A325

575 406 738 482 194
757 400 963 463 CXVII.
1005 400 1211 472 Vivent,
1233 416 1280 461 et
1318 405 1716 460 inebriabuntur
1743 407 2029 475 frumento.

2254 398 2579 465 Ζήσονται,
2612 394 2712 448 καὶ
2737 389 3229 464 μεθυσθήσονται
3253 389 3420 454 σίτῳ.

572 503 701 558 Haec
725 509 853 557 sunt
884 499 1252 555 conversionis
1291 507 1346 553 ct
1387 498 1698 553 stabilitatis
1738 498 1879 553 dona
1922 511 2078 553 acce-

503 594 745 664 ptabilia.
777 590 845 645 Et
873 592 996 645 vitae
1036 599 1271 655 aeternae,
1316 589 1510 659 inquit,
1555 589 1847 661 participes
1892 597 2074 653 erunt,

503 696 557 740 et
589 687 789 741 virtute
809 684 1176 747 abundabunt,
1209 681 1498 751 spirituali,
1534 682 1777 752 inquam,
1806 683 1907 738 hoc
1933 682 2079 736 enim

505 786 633 846 puto
658 776 796 832 velle
832 775 982 839 illud,
1019 792 1037 827 ι
1080 775 1493 833 inebriabuntur
1527 774 1818 830 frumento.
1858 792 1878 827 ι
1933 773 2079 829 Scri-

505 879 656 938 ptum
692 881 853 936 porro
905 873 1101 934 exstat,
1156 882 1175 916 ‹
1241 866 1394 935 panis
1449 880 1545 921 cor
1597 866 1830 920 hominis
1878 864 2079 920 conﬁr-

508 969 618 1013 tnat
653 959 718 1013 ".
753 977 772 1009 ι
802 957 1041 1027 Corpora
1074 957 1216 1011 enim
1264 958 1685 1026 congruentibus
1738 957 2081 1012 nutrimentis

503 1052 767 1121 gaudent;
797 1049 1035 1104 animum
1071 1062 1202 1103 vero
1240 1049 1474 1104 hominis
1498 1048 1710 1104 divinus
1742 1056 1795 1103 et
1843 1046 2081 1102 ctelestis

505 1156 685 1197 sermo
711 1141 1047 1195 corroborat.
1081 1138 1216 1206 Quia
1243 1154 1475 1209 namque
1518 1153 1585 1194 ex
1614 1153 1680 1194 eo
1725 1138 1793 1193 ab
1838 1137 2081 1194 imbecil-

506 1231 656 1286 litate
689 1230 754 1284 ad
785 1228 948 1283 robur
977 1230 1206 1284 transire
1233 1236 1417 1298 queat,
1453 1222 1521 1284 ei
1547 1242 1733 1284 errore
1757 1228 1825 1283 ad
1847 1226 2083 1296 agnitio-

506 1338 630 1378 nem
663 1322 755 1377 Dei
781 1336 899 1376 sese
928 1330 1268 1387 convertens,
1312 1329 1368 1375 et
1417 1336 1447 1375 e
1503 1319 1674 1374 foveis
1722 1317 2085 1388 improbitatis

508 1412 686 1467 valide
728 1412 796 1466 ad
837 1412 1089 1466 virtutem
1141 1412 1598 1480 complectendam
1650 1409 1927 1475 exsiliens,
1978 1424 2085 1464 non

508 1513 594 1559 est
625 1519 722 1559 cur
752 1504 1045 1569 dubitatur,
1092 1503 1524 1572 quandoquidem
1573 1516 1761 1558 revera
1802 1500 2088 1557 imbecilli-

511 1592 638 1648 tatis
664 1592 818 1663 culpa
846 1601 951 1655 est,
981 1591 1037 1645 in
1066 1592 1347 1660 segnitiem
1382 1600 1439 1646 et
1463 1592 1762 1647 mundanas
1780 1590 2086 1661 voluptates

511 1684 719 1754 prolabi
751 1692 807 1738 et
841 1682 998 1739 idolis
1028 1683 1267 1738 colendis
1300 1681 1575 1740 delectari.
1627 1681 1939 1751 Spiritualis
1990 1697 2086 1737 au-

2248 485 2418 546 Αὗται
2457 491 2558 559 τῆς
2603 485 2940 557 ἐπιστροφῆς
2970 483 3194 553 καὶτῆς
3235 480 3579 553 ὲδραιότητος
3618 482 3767 548 ἀξιό-

2177 584 2372 653 ληπτοι
2423 578 2645 650 δωρεαί.
2693 577 2805 631 Καὶ
2838 575 2984 645 ζωῆς
3026 573 3135 644 γὰρ
3176 571 3410 638 ἔσονται,
3462 571 3619 641 φησὶ,
3663 571 3767 640 τῆς

2178 674 2399 731 αἰωνίου
2442 670 2682 742 μέτοχοι,
2716 668 2812 722 καὶ
2839 668 2898 720 ἐν
2931 663 3255 735 πλεονασμῷ
3281 663 3582 733 δυνάμεως,
3607 662 3769 732 δῆλον

2179 765 2235 819 δὲ
2282 765 2364 818 ὅτι
2404 759 2808 831 πνευματικῆς.
2848 754 3021 810 Τοῦτο
3063 754 3173 825 γὰρ
3230 749 3385 824 οἶμαι
3451 752 3648 822 δηλοῦν
3680 753 3766 817 τὸ,

2186 874 2205 907 ι
2230 851 2663 925 μεθυσθήσονται
2707 849 2863 919 σίτῳ.
2886 864 2905 899 >
2962 845 3277 917 Γέγραπται
3312 843 3390 909 δὲ,
3425 844 3509 896 ὅτι
3558 861 3577 895 ι
3601 843 3771 913 ἄρτος

2185 943 2434 1016 στηρίξει
2473 941 2703 1013 καρδίαν
2732 936 3040 1011 ἀνθρώπου.
3062 955 3081 988 ι
3116 934 3353 1006 Σώματα
3385 934 3483 1005 μὲν
3504 934 3615 1005 γὰρ
3646 937 3770 997 ταῖς

2183 1035 2543 1106 καταλλήλοις
2606 1032 2794 1103 ἥδεται
2848 1030 3097 1101 τροφαῖς.
3155 1028 3348 1097 Ψυχὴν
3392 1026 3449 1079 δὲ
3479 1025 3773 1096 ἀνθρώπου

2186 1126 2334 1190 θεῖός
2374 1143 2456 1187 τε,
2500 1123 2596 1178 καὶ
2628 1121 2836 1177 ἄνωθεν
2875 1120 3152 1189 διανευροῖ
3197 1118 3374 1185 λόγος.
3410 1117 3531 1170 ’Ότι
3569 1115 3681 1185 γὰρ
3712 1115 3775 1182 ἐξ

2181 1217 2465 1280 ἀσθενείας
2492 1217 2570 1278 είς
2599 1214 2828 1284 δύναμιν
2848 1212 3298 1283 μεταφοιτήσειεν
3318 1210 3406 1275 ἂν,
3425 1210 3775 1279 ἐπιστρέφων

2181 1311 2249 1364 ἐκ
2290 1308 2499 1378 πλάνης
2547 1306 2686 1378 πρὸς
2733 1304 3027 1373 ἐπίγνωσιν
3058 1300 3215 1365 Θεοῦ,
3267 1301 3361 1355 καὶ
3395 1300 3461 1353 ἐκ
3508 1300 3619 1352 τῶν
3672 1300 3776 1369 τῆς

2184 1400 2518 1469 φαυλότητος
2550 1396 2760 1467 βόθρων
2786 1393 3158 1464 ἀναθρώσκων
3187 1390 3459 1455 εὐσθενῶς
3477 1392 3558 1454 είς
3588 1390 3777 1458 ἑφεσιν

2184 1490 2409 1561 ἀρετῆς,
2449 1486 2566 1552 πῶς
2586 1487 2733 1539 ἐστιν
2763 1483 3092 1556 ἀμφιϐαλεῖν
3118 1499 3134 1548 ;
3177 1483 3348 1549 Είπερ
3382 1481 3531 1535 ἐστὶν
3558 1480 3776 1551 ἀληθῶς

2184 1580 2469 1644 ἀσθενείας
2498 1578 2597 1648 μὲν
2621 1576 2899 1647 ἔγκλημα,
2920 1573 2980 1628 τὸ
3001 1574 3330 1629 ἀναπίπτειν
3363 1572 3444 1637 είς
3478 1571 3770 1643 ῥᾳθυμίας,

2187 1673 2285 1726 καὶ
2334 1671 2417 1735 είς
2461 1668 2659 1739 ἡδονὰς
2714 1665 3005 1737 κοσμικὰς,
3066 1665 3159 1718 καὶ
3200 1666 3281 1728 είς
3314 1664 3375 1717 τὸ
3418 1663 3771 1734 προσκεῖσθαι

510 1751 619 1829 tem
651 1774 857 1828 roboris
881 1774 1091 1843 insigne
1123 1772 1333 1828 facinus
1362 1772 1712 1842 perspicitur,
1744 1772 1999 1828 alacriter
2016 1771 2085 1827 ad

2200 1763 2369 1833 φιλεῖν
2402 1763 2526 1825 ταῖς
2558 1760 2666 1813 τῶν
2712 1758 2947 1813 είδώλων
2989 1757 3292 1827 λατρείαις.
3334 1754 3539 1825 ’ἰσχύος
3584 1755 3644 1807 δὲ
3678 1754 3769 1823 τῆς

511 1870 651 1925 bona
679 1868 955 1938 operanda
984 1868 1319 1934 incumbere,
1342 1875 1691 1937 statuereque
1713 1866 1936 1937 insuper
1950 1867 2084 1922 cha-

512 1955 673 2010 ritate
699 1970 827 2025 erga
864 1956 1035 2011 Deum
1068 1953 1203 2010 nihil
1247 1969 1367 2011 esse
1419 1956 1780 2025 praestantius,
1838 1970 1903 2012 ac
1949 1956 2087 2012 citra

513 2048 741 2119 lapsum,
780 2056 988 2104 etcum
1022 2047 1189 2104 animi
1218 2047 1565 2104 contentione
1596 2048 1739 2104 viam
1768 2061 1834 2105 eo
1885 2048 2087 2105 ducen-

515 2149 622 2197 tem
646 2138 948 2196 ambulare.

581 2316 655 2371 Et
703 2318 909 2387 ﬂorebit
964 2318 1118 2390 quasi
1167 2320 1317 2375 uinea
1369 2317 1674 2375 memoriale
1728 2318 1861 2387 ejus,
1933 2320 2087 2390 quasi

511 2411 687 2465 vinum
716 2410 908 2465 thuris.

581 2501 862 2559 CLXVIII.
897 2502 988 2559 Ait
1018 2503 1216 2559 alicubi
1249 2504 1391 2561 Deus
1415 2505 1487 2563 ad.
1506 2504 1813 2562 Iudaeorum
1838 2513 2087 2572 matrem,

512 2592 614 2649 hoc
640 2602 746 2658 est,
779 2591 1117 2665 Synagogam
1152 2610 1169 2650 :
1213 2612 1232 2647 ι
1261 2593 1373 2666 Ego
1408 2604 1588 2653 autem
1635 2595 1868 2666 plantavi
1908 2603 1962 2653 te
2012 2597 2091 2652 vi-

514 2699 671 2742 neam
699 2684 1060 2753 fructiferam,
1098 2701 1316 2744 omnem
1359 2702 1544 2744 veram
1581 2688 1648 2742 ³⁸.
1686 2706 1706 2741 ι
1746 2689 1929 2745 Psallit
1958 2703 2092 2759 quo-

512 2790 617 2844 que
642 2779 710 2830 de
741 2789 805 2831 ea
839 2777 996 2832 nobis
1027 2776 1240 2834 divinus
1273 2777 1444 2834 David
1476 2796 1491 2834 :
1530 2795 1550 2830 ι
1608 2778 1831 2835 Vineam
1877 2782 1943 2836 de
1986 2780 2091 2836 ΔΞ-

512 2874 677 2936 gypto
739 2866 1095 2932 tranStuIisti;
1166 2867 1372 2936 cjecisti
1432 2878 1652 2938 gentes,
1727 2880 1783 2926 et
1836 2872 2090 2940 plantasti

514 2970 632 3009 eam
673 2955 741 3009 ".
777 2973 796 3006 ι
831 2956 1017 3024 Itaque
1059 2957 1216 3010 vinea
1258 2956 1482 3026 pulchre
1534 2958 1845 3028 palmitibus
1896 2961 2089 3017 diﬂ'usa

513 3054 630 3100 erat
656 3044 844 3100 Israel.
874 3044 1166 3115 Postquam
1223 3059 1402 3102 autem
1451 3049 1638 3105 multis
1678 3051 1854 3108 modis
1895 3051 1949 3107 in
1996 3054 2090 3110 Dei

512 3134 772 3192 oﬂ‘ensam
799 3137 1030 3192 incurrit
1061 3155 1075 3193 :
1116 3157 1135 3190 ι
1174 3138 1455 3195 Destruxit
1494 3141 1757 3200 Dominus
1796 3147 2091 3209 maceriam
2121 3112 2165 3172 δ

513 3226 655 3296 ejus,
685 3233 741 3282 et
782 3226 1323 3284 vindemiarunteam
1385 3244 1573 3289 omnes
1622 3234 1716 3303 qui
1772 3244 2095 3308 praetergre-

516 3318 739 3373 diuntur
764 3318 928 3375 viam.
954 3316 1201 3376 Vastavit
1225 3335 1344 3376 eam
1378 3336 1510 3392 aper
1540 3325 1609 3380 de
1630 3326 1787 3394 silva,
1812 3336 1867 3383 et
1912 3329 2098 3386 asinus

517 3411 747 3480 agrestis
780 3422 966 3479 pastus
1001 3422 1082 3470 est
1112 3429 1232 3469 eam
1281 3415 1347 3469 ³⁸.
1389 3433 1408 3469 s
1447 3416 1630 3473 Posita
1657 3429 1744 3476 est
1773 3422 1916 3476 enim
1951 3423 2098 3479 velut

517 3505 572 3558 in
602 3505 1066 3562 conculcationcm
1110 3506 1153 3538 ³¹
1210 3522 1406 3565 nocere
1441 3510 1767 3578 volentibus,
1815 3514 1997 3583 porcis
2043 3523 2099 3569 et

517 3592 686 3647 asinis
714 3593 1076 3663 depascenda,
1108 3597 1210 3651 hoc
1234 3608 1336 3665 est,
1370 3598 1735 3670 voluptatibus
1761 3603 2035 3659 etaversis
2066 3618 2098 3658 a

519 3683 730 3738 ratione
790 3685 1048 3740 motibus.
1107 3687 1313 3742 Idcirco
1367 3694 1651 3747 emarcuit.
1712 3691 2097 3749 Verumtamen

518 3772 764 3829 reﬂoruit
792 3774 845 3830 in
873 3775 1090 3831 Christo
1122 3779 1440 3850 metnoriale
1481 3781 1617 3849 ejus,
1671 3798 1863 3854 nempe
1911 3783 2095 3840 Israel.

519 3865 832 3925 Metnoriale
866 3868 1019 3934 dicit,
1050 3869 1174 3936 quia
1211 3885 1315 3925 non
1353 3887 1541 3929 omnes
1591 3875 1959 3942 crediderunt,
2005 3876 2099 3931 sed

518 3958 670 4027 quasi
705 3959 757 4012 in
788 3960 1102 4015 memoriam
1126 3961 1243 4030 ejus
1290 3971 1517 4017 servatae
1554 3973 1678 4018 sunt
1708 3965 1966 4035 reliquiae.
1993 3965 2098 4019 Fa-

520 4057 609 4102 Cta
637 4056 720 4102 est
753 4057 936 4105 autem
980 4048 1261 4120 Ephraim,
1301 4054 1416 4107 sive
1466 4052 1630 4108 Israel
1677 4056 1852 4125 gratia
1907 4069 1939 4109 a
1991 4057 2100 4112 Deo

520 4138 799 4208 impertita
830 4149 890 4197 ut
934 4141 1118 4196 vinum
1170 4143 1380 4211 Libani,
1440 4145 1546 4200 hoc
1604 4155 1686 4202 est
1735 4148 2003 4203 odorifera
2047 4159 2102 4204 et

521 4230 815 4301 fragrantia
847 4233 991 4288 tlturi
1022 4250 1211 4305 parum
1260 4238 1586 4292 concedens.
1620 4238 1887 4295 Dicuntur
1917 4247 2100 4295 autem

520 4321 638 4381 haec
666 4324 733 4379 de
754 4324 996 4393 Christo,
1030 4328 1098 4383 de
1127 4343 1236 4400 quo
1272 4329 1400 4384 item
1445 4331 1637 4386 beatus
1669 4330 1861 4389 Sirach
1892 4352 1905 4387 :
1943 4332 2101 4405 195

524 4432 547 4465 ι
586 4413 787 4469 Vinum
821 4415 1059 4472 laetiﬁcat
1086 4432 1182 4473 cor
1214 4420 1450 4476 hominis
1476 4422 1596 4490 “',s
1633 4426 1718 4479 cui
1745 4432 1805 4479 ut
1837 4440 1935 4481 nos
1980 4441 2099 4481 ma-

2193 1852 2569 1924 πνευματικῆς
2600 1848 2854 1921 λαμπρὸν
2893 1850 3093 1902 νοεῖται
3131 1845 3485 1917 κατόρθωμα.
3517 1844 3594 1898 Τὸ
3638 1846 3773 1913 ἀγα·

2195 1943 2449 2014 θουργείν
2481 1940 2699 1993 ἑλέσθαι
2725 1936 3047 2008 προθύμως,
3077 1934 3329 2006 ἡγεῖσθαί
3354 1951 3413 1988 τε
3441 1932 3580 2004 πρὸς
3604 1933 3780 2006 τούτῳ

2191 2037 2292 2107 τῆς
2318 2036 2400 2099 είς
2438 2032 2572 2087 Θεὸν
2594 2030 2818 2101 ἀγάπης
2846 2029 2907 2083 τὸ
2929 2028 3154 2101 ἄμεινον
3175 2027 3350 2093 οὐδὲν,
3385 2028 3480 2081 καὶ
3510 2026 3783 2081 ἀδιαπτώ-

2191 2142 2302 2191 τως
2369 2125 2505 2179 ίέναι
2560 2123 2700 2196 μετά
2751 2120 2955 2193 γοργοῦ
2998 2119 3094 2175 τοῦ
3143 2119 3492 2192 φρονήματος
3541 2117 3645 2189 τὴν
3702 2120 3782 2182 είς

2192 2217 2352 2271 τοῦτο
2379 2216 2588 2289 τρίϐον.

2264 2309 2375 2362 Kal
2426 2307 2751 2374 ἐξανθήσει
2814 2308 2896 2376 ὡς
2946 2307 3217 2377 ἄμπελος
3265 2304 3334 2359 τὸ
3382 2304 3783 2376 μνημόσυνον

2194 2398 2401 2463 αὑτοῦ,
2431 2399 2512 2465 ὡς
2540 2394 2704 2465 οἶνος
2720 2396 2972 2453 λιϐάνου
3006 2396 3087 2463 τῷ
3122 2396 3393 2467 Ἐφρατμ.

2264 2492 2437 2559 ΡΞΗ⁸⁸
2496 2491 2640 2562 ’Ἒξφη
2684 2506 2786 2543 που
2832 2489 2965 2553 Θεὸς
3012 2488 3149 2563 πρὸς
3188 2487 3288 2560 τὴν
3340 2486 3449 2541 τῶν
3512 2484 3785 2541 Ἰουδαίων

2198 2581 2431 2653 μητέρα,
2466 2580 2734 2647 τουτέστι,
2782 2580 2884 2653 τὴν
2912 2581 3267 2651 Συναγωγήν’
3317 2597 3337 2632 ι
3380 2576 3525 2645 Ἐγὼ
3558 2577 3618 2631 δὲ
3649 2576 3785 2646 ἐφύ-

2194 2675 2363 2730 τευσά
2402 2691 2463 2728 σε
2504 2673 2749 2746 ἄμπελον
2789 2674 3161 2746 καρποφόρον,
3212 2673 3396 2727 πᾶσαν
3442 2669 3727 2741 ἀληθινήν.
3757 2688 3777 2723 ι

2196 2767 2403 2821 ιΙ¹ἰίιλλει
2443 2767 2502 2819 δέ
2536 2782 2638 2819 που
2680 2766 2811 2838 περὶ
2841 2766 3012 2838 αὐτῆς
3055 2765 3150 2821 καὶ
3179 2767 3208 2820 ὀ
3233 2764 3375 2828 θεῖος
3417 2765 3547 2834 ἡμῖν
3595 2761 3781 2816 Δαϐίδο

2203 2856 2524 2928 «Ἄμπελον
2576 2856 2637 2921 ἐξ
2682 2856 2963 2926 Αἰγύπτου
3007 2859 3271 2927 μετῇρας,
3323 2853 3579 2919 ἐξέϐαλες
3628 2853 3780 2923 ἔθνη,

2197 2951 2293 3003 καὶ
2346 2949 2759 3018 κατεφύτευσας
2800 2949 2992 3021 αὐτήν.
3060 2948 3416 3019 Ὠδοποίησας
3470 2946 3782 3019 ἔμπροσθεν

2198 3042 2391 3111 αὐτῆς.
2418 3061 2437 3093 ι
2472 3039 2683 3095 Οὐκοῦν
2720 3040 2966 3112 ἄμπελος
2998 3041 3098 3113 μὲν
3138 3039 3556 3111 εὐκληματοῦσα
3599 3041 3780 3110 ὑπῆρ-

2196 3152 2291 3206 χεν
2313 3137 2342 3188 ὁ
2378 3134 2616 3205 Ἰσραήλ.
2645 3134 2864 3206 Ἐπειδὴ
2883 3133 2940 3187 δὲ
2962 3133 3374 3205 προσκέκρουκε
3402 3133 3783 3203 πολυτρόπως,

2206 3246 2225 3281 ι
2254 3227 2505 3298 Περιεῖλε
2547 3225 2754 3298 Κύριος
2797 3226 2891 3281 τὸν
2936 3225 3191 3298 φραγμὸν
3223 3226 3416 3296 αὐτῆς,
3462 3228 3560 3279 καὶ
3598 3241 3789 3295 τετρυ-

2197 3320 2435 3390 γήκασιν
2462 3317 2634 3391 αὐτὴν
2661 3319 2863 3383 πάντες
2894 3319 2944 3371 οί
2973 3316 3609 3389 παραπορευόμενοιτὴν
3642 3316 3784 3371 ὁδόν.

2212 3408 2549 3480 Ἐλυμήνατο
2581 3408 2755 3483 αὐτὴν
2789 3401 2853 3473 ὗς
2889 3410 2955 3461 ἐκ
3004 3407 3238 3478 δρυμοῦ,
3292 3407 3392 3460 καὶ
3428 3407 3550 3469 ὄνος
3592 3407 3789 3477 ἄγριος

2200 3500 2618 3571 κατενεμήσατο
2676 3499 2867 3570 αὐτήν.
2898 3517 2916 3551 ι
2985 3498 3235 3552 Τέθειται
3291 3496 3403 3568 γὰρ
3453 3496 3644 3567 ὥσπερ
3703 3497 3788 3558 εἰς

2199 3591 2584 3664 καταπάτησιν
2618 3592 2730 3654 τοῖς
2759 3589 3034 3644 ἐθέλουσιν
3061 3589 3288 3653 ἀδικεῖν,
3333 3588 3543 3659 χοίροις
3586 3604 3645 3640 τε
3688 3589 3790 3643 καὶ

2198 3684 2341 3748 ὖνοις
2362 3682 2522 3754 νομὴ,
2546 3684 2849 3749 τουτέστιν,
2880 3683 3097 3754 ἡδοναῖς
3124 3698 3185 3735 τε
3239 3682 3335 3736 καὶ
3353 3681 3621 3749 ἀλογίαις.
3644 3682 3791 3736 Ταύ-

2199 3791 2267 3844 τῃ
2302 3790 2385 3826 τοι
2431 3773 2800 3844 μεμάρανται.
2856 3772 3002 3841 Πλὴν
3047 3772 3307 3826 ἀνέθαλεν
3356 3772 3415 3825 ἐν
3455 3770 3676 3842 Χριστῷ
3727 3771 3792 3825 τὸ

2204 3863 2548 3933 μνημόσυνον
2578 3862 2767 3917 αὐτοῦ.
2797 3863 2966 3934 Δῆλον
2995 3862 3074 3926 δὲ,
3099 3863 3181 3915 ὅτι
3219 3862 3314 3916 τοῦ
3358 3861 3577 3932 Ἰσραήλ
3595 3879 3609 3893 ’
3649 3878 3791 3933 μνη-

2205 3955 2438 4026 μόσυνον
2457 3954 2513 4007 δέ
2540 3972 2728 4025 φησιν,
2752 3955 2834 4008 ὅτι
2862 3953 2937 4025 μὴ
2967 3954 3169 4017 πάντες
3196 3953 3646 4019 πεπιστεύκασιν,
3669 3952 3789 4007 ἀλλ’

2202 4049 2286 4111 εἰς
2319 4049 2540 4118 μνήμην
2563 4048 2754 4118 ὥσπερ
2783 4046 2949 4101 αὐτοῦ
2988 4046 3287 4116 τετήρηται
3321 4044 3382 4098 τὸ
3412 4045 3787 4114 κατὰλειμμα.

2202 4139 2398 4207 Γέγονε
2423 4138 2480 4191 δὲ
2509 4137 2588 4208 τῷ
2624 4136 2885 4208 Ἐφρατμ,
2923 4138 3045 4208 ἦτοι
3069 4136 3148 4207 τῷ
3192 4136 3410 4208 Ἰσραὴλ
3446 4136 3599 4207 παρά
3647 4138 3790 4191 Θεοῦ

2202 4231 2363 4303 χάρις
2390 4231 2467 4294 ὡς
2500 4228 2643 4294 οῐνος
2683 4228 2926 4295 λιϐάνου,
2967 4229 3249 4283 τουτέστιν
3272 4268 3285 4292 ,
3337 4228 3543 4299 εὐώδης
3579 4245 3637 4281 τε
3692 4232 3791 4283 καὶ

2201 4323 2407 4395 λιϐάνῳ
2444 4324 2583 4394 πρὸς
2625 4321 2890 4392 εὐοσμίαν
2931 4320 3088 4389 ὀλίγα
3137 4320 3501 4392 παραχωρῶν.
3541 4323 3697 4375 Ἔστι
3731 4322 3791 4375 δὲ

2202 4415 2442 4481 τοιοῦτος
2473 4416 2501 4468 ὁ
2523 4414 2653 4484 περὶ
2674 4411 2912 4487 Χριστοῦ
2940 4412 3121 4483 λόγος,
3150 4414 3245 4466 καὶ
3267 4414 3397 4485 περὶ
3420 4412 3588 4466 αὐτοῦ
3620 4430 3791 4484 φησιν

522 4520 629 4575 gna
661 4520 784 4561 cum
816 4505 1098 4563 alacritate
1121 4509 1393 4579 applicare
1424 4510 1763 4581 festinemus,
1809 4528 1968 4571 sacer
2003 4531 2100 4574 nos

2203 4509 2232 4561 ὁ
2263 4478 2533 4579 μακάριος
2555 4478 2741 4559 Δαϐίδ;
2769 4523 2788 4557 ι
2812 4499 2968 4568 Οἶνος
2999 4478 3281 4575 εὐφραίνει
3315 4478 3545 4576 καρδίαν
3575 4478 3789 4576 ἀνθρώ-

521 4611 703 4654 sermo
730 4596 918 4651 incitat
944 4615 959 4664 ;
985 4600 1064 4653 sic
1089 4601 1235 4654 enim
1277 4600 1440 4657 habet
1473 4621 1486 4658 :
1528 4622 1547 4655 ι
1586 4605 1883 4675 Comedite,
1924 4617 1978 4663 et
2015 4608 2100 4663 bi-

522 4686 652 4753 bite,
674 4698 729 4743 et
749 4687 1113 4755 inebriamini,
1147 4691 1537 4750 charissimi“.
1567 4715 1586 4749 ι
1616 4696 1933 4753 Satietatem
1954 4699 2100 4755 enim

524 4779 727 4835 sanctis
754 4778 956 4835 nullam
1004 4778 1239 4853 alierum
1287 4798 1409 4854 qua:
1449 4800 1546 4856 per
1588 4786 1865 4844 Christum
1906 4804 2103 4861 suppe-

526 4866 787 4937 ditantur,
818 4877 874 4925 et
902 4881 1179 4943 assumpta
1203 4873 1273 4929 ad
1304 4872 1623 4932 ebrietatem
1654 4876 1967 4949 proﬁciunt.

595 5044 763 5103 Vens.
794 5049 848 5105 9.
877 5050 1019 5116 Quid
1039 5054 1121 5109 illi
1137 5058 1308 5114 adhuc
1339 5068 1388 5115 et
1420 5060 1617 5117 idolis?

591 5137 822 5194 CLXIX.
856 5138 914 5195 Si
940 5144 1084 5199 enim
1119 5155 1325 5223 tantam
1364 5154 1575 5222 copiam
1626 5155 1763 5212 adeo
1813 5158 2099 5215 venerabi-

524 5224 655 5316 lium
687 5236 746 5284 et
772 5243 1128 5299 supernorum
1171 5237 1433 5295 bonorum
1482 5246 1906 5316 participaverit,
1944 5263 1975 5302 a
2002 5264 2095 5304 vo-

525 5314 728 5371 luntate
749 5320 962 5375 errandi
989 5323 1201 5391 penitus
1243 5331 1479 5398 recedet,
1527 5350 1628 5390 nec
1674 5314 1929 5406 operibus
1974 5354 2094 5393 ma-

522 5423 689 5463 nuum
722 5424 939 5465 suarum
974 5414 1213 5473 colendis
1257 5420 1605 5479 adhaerescet.
1655 5428 1903 5491 Quonam
1952 5431 2093 5485 enim

523 5498 667 5555 bono
698 5500 926 5571 amplius
953 5517 1165 5575 carens,
1194 5509 1243 5565 id
1274 5512 1343 5565 ab
1372 5512 1496 5569 aliis
1527 5520 1767 5583 quzeret?
1798 5520 1989 5576 Annon
2022 5522 2094 5576 ita

595 5614 638 5646 "
679 5614 818 5669 Psal.
859 5631 973 5685 cut,
1005 5620 1091 5677 I7.

526 5682 572 5714 "
596 5685 748 5740 Cum.
784 5701 835 5751 v,
874 5690 920 5742 I.

1194 5624 1371 5680 “Jer.
1416 5643 1475 5693 II,
1512 5628 1603 5685 2i.
1681 5632 1724 5665 ’9
1757 5633 1896 5689 I’sal.
1943 5652 2126 5704 Lutx,
2169 5638 2220 5694 9.
2301 5639 2344 5671 ³ο
2377 5639 2509 5695 Ibid.
2546 5638 2631 5706 l5,
2675 5638 2756 5691 II.

2199 4617 2327 4666 που,
2361 4618 2380 4651 ι
2406 4592 2451 4667 ᾧ
2487 4599 2585 4653 καὶ
2614 4598 2820 4671 σφόδρα
2857 4595 3155 4668 προθύμως
3190 4597 3509 4667 ἐπείγεσθαι
3548 4599 3792 4667 προσϐα-

2198 4693 2331 4759 λεῖν,
2371 4688 2517 4764 ίερδς
2554 4693 2705 4763 ἡμᾶς
2750 4690 3067 4763 παραθήγει
3116 4689 3270 4759 λόγος
3294 4706 3308 4721 ⁸
3350 4688 3463 4760 ἔχει
3510 4690 3620 4762 γὰρ
3660 4684 3786 4757 ὦδε,

2204 4784 2476 4853 «Φὰγετε,
2526 4783 2622 4838 καὶ
2662 4781 2840 4847 πίετε,
2898 4782 2995 4836 καὶ
3027 4780 3333 4853 μεθύσθητε
3382 4783 3429 4835 οἱ
3486 4782 3783 4851 πλησίον.›

2210 4875 2554 4948 ’Δπροσκορῆ
2576 4875 2683 4947 γὰρ
2702 4874 2880 4944 ἁγίοις
2900 4874 2969 4929 τὰ
2988 4875 3079 4931 διὰ
3103 4872 3364 4945 Χριστοῦ,
3388 4872 3482 4926 καὶ
3504 4874 3585 4936 είς
3614 4871 3790 4943 μέθην

2205 4968 2477 5040 ληφθέντα
2496 4965 2906 5037 χρησιμώτερα.

2282 5063 2342 5117 Τί
2382 5058 2543 5126 αὐτῷ
2568 5059 2657 5114 ἔτι
2684 5058 2785 5115 καί
2817 5059 3119 5130 εἰδώλοις-ς

2274 5152 2438 5209 ΡΞΘ¹.
2490 5154 2555 5206 El
2604 5151 2715 5223 γὰρ
2756 5151 2989 5219 γένοιτο,
3020 5150 3207 5218 φησὶν,
3256 5146 3315 5200 ἐν
3345 5145 3654 5217 πλησμονῇ,
3693 5146 3787 5199 καὶ

2206 5246 2421 5318 μεθέξει
2449 5246 2558 5299 τῶν
2589 5244 2732 5298 οὕτω
2762 5242 2996 5304 σεπτῶν,
3023 5240 3115 5295 καὶ
3136 5237 3347 5294 ἄνωθεν
3378 5236 3619 5305 ἀγαθῶν,
3658 5238 3786 5288 ἀπο-

2204 5339 2441 5409 χωρήσει
2478 5336 2757 5399 παντελῶς
2795 5334 2888 5388 τθῦ
2923 5332 3230 5387 πλανᾶσθαι
3263 5330 3457 5395 θέλειν,
3491 5330 3584 5382 καὶ
3618 5345 3788 5399 προσ-

2204 5429 2413 5482 κεῖσθαι
2445 5432 2555 5491 τοῖς
2587 5427 2772 5499 ἔργοις
2794 5425 2901 5479 τῶν
2940 5424 3084 5477 ἰδίων
3127 5421 3345 5493 χειρῶν.
3372 5423 3530 5483 Τίνος
3558 5420 3667 5488 γὰρ
3705 5419 3787 5471 Et

2202 5525 2310 5577 τῶν
2341 5524 2561 5593 ἀγαθῶν
2594 5523 2856 5593 ὑπάρχων
2898 5520 3104 5591 ἐνδεὴς,
3142 5519 3209 5572 τὰ
3239 5519 3370 5588 παρ’
3408 5518 3594 5587 ἐτέρου
3621 5514 3787 5585 ζητὴ-

2858 5634 2898 5669 ⁸¹
2928 5632 3029 5689 Isa.
3062 5649 3112 5702 ν,
3132 5634 3189 5688 5.
3272 5633 3338 5665 δι’
3368 5629 3535 5687 Et'cli.
3565 5646 3656 5693 XL,
3690 5627 3785 5683 21).
