3954 6208
440 304 550 361 ⁸527

1436 289 1491 341 S.
1538 285 1802 341 CYlllLLl
1848 282 2315 337 ALEXAMTIHNI
2356 280 2672 335 ABCHEEP.

3577 278 3703 332 5'28

439 420 598 478 fectis
623 429 736 471 rem
765 425 884 468 esse
916 421 1186 479 asperam.
1216 404 1349 460 Nam
1386 404 1489 457 illis
1536 404 1601 456 ad
1646 403 1871 471 quodvis
1922 402 2013 455 bo-

2121 399 2174 451 τὸ
2198 399 2385 468 χρῆμά
2415 399 2531 450 ἐστι
2555 400 2667 461 τοῖς
2694 396 2790 467 οὐχ
2813 388 2915 450 ὧδε
2937 395 3116 465 ἔχουσι
3139 392 3383 464 γνώμης.
3415 392 3553 455 Τοὺς
3591 393 3704 463 μὲν

441 526 569 567 num
599 504 792 577 cupida
822 517 884 557 ac
910 508 1155 571 prompta
1184 512 1335 552 mens
1363 496 1502 549 vires
1521 494 1805 560 sumcit,ut
1825 507 2014 563 quam-

437 605 522 657 vis
549 595 893 667 rapidissimo
936 607 1094 647 cursu
1130 591 1195 644 ad
1251 588 1638 643 conﬁciendam
1675 585 1777 641 sibi
1818 585 2013 638 bonam

437 690 638 745 famam
675 686 954 749 Ferantur,
988 683 1087 737 bos
1112 689 1291 734 antem
1323 678 1607 748 propensio
1644 687 1699 731 et
1734 675 2014 730 inclinatio

440 783 508 836 ad
531 780 824 849 nequitiam
852 784 907 831 et
932 783 1235 843 peccatum,
1272 770 1483 824 timidos
1533 779 1587 823 et
1613 767 1859 823 imbelles
1887 765 2011 819 red-

443 872 544 936 dit,
574 885 673 924 nec
700 868 960 923 habentes
986 880 1014 918 a
1048 864 1156 917 Deo
1198 860 1338 915 unde
1389 860 1606 915 virtutis
1639 857 1813 915 oﬁicia
1859 870 2016 912 exse-

443 972 698 1031 quantur,
732 958 988 1029 quoniam
1015 956 1187 1025 ipsam
1215 969 1242 1006 a
1261 952 1521 1022 principio
1566 947 2012 1020 posthabuerunt.

441 1054 829 1121 Quamobrem,
862 1050 910 1105 si
939 1048 1167 1104 solertes
1199 1060 1386 1100 sumus
1423 1054 1478 1098 et
1520 1042 1777 1112 sapimus,
1823 1054 1851 1094 a
1907 1039 2017 1094 Deo

441 1153 709 1214 petamus,
734 1151 795 1195 ut
822 1155 940 1210 quae
961 1140 1115 1194 decet
1140 1151 1301 1207 agere
1351 1134 1637 1204 possimus.
1679 1132 1865 1187 Faciet
1904 1130 2017 1185 voti

442 1243 724 1302 compotes
752 1246 849 1301 pro
880 1241 1050 1293 certo,
1085 1243 1205 1282 cum
1239 1227 1310 1282 sit
1344 1226 1629 1295 benignus,
1660 1231 1713 1276 et
1754 1219 2019 1291 spirituali

444 1328 639 1381 robore
665 1338 760 1391 per
783 1322 1059 1376 Christum
1123 1333 1220 1373 nos
1272 1316 1532 1387 implebit.
1586 1314 1692 1368 Per
1737 1327 1898 1382 quem
1951 1320 2011 1366 et

444 1432 567 1469 cum
603 1428 709 1483 quo
740 1414 847 1467 Deo
894 1422 949 1467 et
978 1412 1124 1465 Patri
1161 1410 1352 1479 gloria,
1386 1423 1508 1463 cum
1562 1414 1749 1462 sancto
1783 1404 2012 1474 Spiritu,

444 1508 499 1563 in
530 1519 743 1562 omnem
776 1504 1156 1559 aaternitatem.
1188 1500 1383 1555 Amen.

461 1720 1921 1732 W,,

2115 492 2223 561 γάρ
2261 493 2295 562 ἡ
2344 492 2424 553 εἰς
2471 492 2579 544 πᾶν
2612 490 2791 544 ὁτιοῦν
2829 489 2939 542 τῶν
2966 487 3187 557 ἀγαθῶν
3230 484 3414 555 ἔφεσίς
3465 502 3524 536 τε
3598 485 3708 538 καὶ

2116 581 2395 653 προθυμία
2451 580 2744 651 διανευροί,
2789 580 2883 632 καὶ
2940 576 3155 647 ἀσχέτῳ
3207 575 3464 647 φέρεσθαι
3514 572 3707 626 πείθει

2114 676 2300 746 δρόμῳ
2326 674 2462 745 πρὸς
2483 674 2544 727 τὸ
2578 673 2752 727 θέλειν
2782 672 3104 741 εὐδοκιμεῖν.
3145 670 3282 731 Τοὺς
3310 667 3368 721 δὲ
3399 666 3559 738 ῥοπὴ,
3600 667 3709 719 καὶ

2114 768 2386 829 διάνευσις
2420 768 2456 837 ἡ
2496 767 2575 829 είς
2598 763 2909 835 φαυλότητά
2941 781 3001 816 τε
3042 762 3136 816 καὶ
3164 760 3459 831 ἁμαρτίαν,
3486 758 3709 820 δειλοὺς

2114 860 2212 912 καὶ
2251 857 2551 927 ἀνάνδρους
2581 856 2912 927 ἀποφήνειεν
2947 854 3036 920 ἂν,
3059 854 3152 907 καὶ
3178 852 3276 906 οὐκ
3306 852 3525 923 ἔχοντας
3544 849 3709 921 παρά

2120 948 2257 1002 θεοῦ
2289 948 2351 1001 τὸ
2371 945 2671 1017 κατορθοῦν
2699 945 2958 999 δύνασθαι
3002 944 3098 1014 τὴν
3146 943 3364 1015 ἀρετὴν,
3401 943 3481 995 ὅτι
3518 941 3599 1012 μὴ
3643 943 3708 994 ὲν

2123 1040 2318 1110 ἀρχαῖς
2352 1039 2731 1108 τετιμήκασιν.
2775 1035 3006 1098 Οὐκοῦν,
3052 1033 3206 1104 εἰπερ
3258 1032 3424 1102 ἐσμὲν
3451 1030 3708 1100 ἀγχίνοοι

2125 1132 2219 1184 καὶ
2245 1128 2419 1200 σοφοὶ,
2452 1127 2605 1199 παρά
2646 1126 2779 1181 Θεοῦ
2807 1126 2867 1178 τὸ
2889 1124 3148 1178 δύνασθαι
3180 1124 3310 1195 δρᾷν
3346 1123 3380 1177 ἃ
3410 1121 3707 1191 προσῆκεν

2119 1222 2450 1293 αἰτήσωμεν.
2487 1220 2772 1289 Χαριεῑται
2813 1217 2868 1271 δὲ
2886 1217 3123 1279 πάντως,
3176 1214 3554 1283 φιλάνθρωπος
3597 1211 3701 1277 ὣν,

2116 1312 2213 1366 καὶ
2241 1314 2619 1381 πνευματικῆς
2659 1309 2839 1379 ἰσχύος
2866 1307 3128 1377 ὲκπλήσει
3173 1305 3261 1359 διὰ
3295 1305 3555 1376 Χριστοῦ.
3622 1305 3705 1356 Δι’

2116 1397 2177 1457 οὗ
2226 1404 2319 1457 καὶ
2361 1403 2477 1474 μεθ’
2501 1396 2561 1455 οὗ
2601 1400 2679 1471 τῷ
2706 1399 2825 1470 Θεῷ
2862 1400 2956 1452 καὶ
2984 1397 3381 1469 Πατρὶήδόξα,
3420 1396 3517 1449 σὺν
3556 1396 3705 1467 ἁγίῳ

2117 1493 2416 1565 Πνεύματι,
2450 1494 2530 1556 εἰς
2560 1492 2686 1556 τοὺς
2714 1490 2915 1554 αἰῶνας
2941 1489 3049 1543 τῶν
3069 1485 3300 1543 αἰώνων.
3342 1487 3532 1558 Ἀμήν.

2421 1704 2795 1717 —-——————

2411 1696 3683 1732 =7.”

1167 1892 1397 1981 ΤΟΥ
1474 1893 1621 1979 ΕΝ
1692 1888 2060 1976 ΑΓΙΟΙΣ
2130 1883 2568 1975 ΠΑΤΡΟΣ
2644 1885 2976 1976 ΗΜΩΝ

1395 2091 2749 2270 ΚΥΡΙΛΛΟΥ

767 2414 2055 2545 ΑΡΧΙΕΠΙΣΚΟΠΟΥ
2178 2410 3377 2564 ΑΛΕΞΑΝΔΡΕΙΑΣ,

1575 2660 1945 2716 ΕΞἨΓΗΣΙΣ
1988 2658 2391 2717 ΥΠΟΜΝΗΜΔ
2401 2659 2580 2713 TIKH

949 2858 1215 2986 ΕΙΣ
1296 2784 1643 2986 TON
1718 2849 2668 2982 ΠΡΟΦΗΤΗΝ
2737 2842 3196 2980 ΙΩΗΑ.

1153 3304 1324 3481 S.
1461 3308 1658 3480 Ρ.
1780 3303 1989 3478 Ν.-

2121 3302 2995 3481 CYBILLI

1545 3620 2014 3679 ALEXANDRIAS
2068 3621 2623 3693 ARCHIEPISCOPI,

792 3818 915 3910 IN
990 3814 1462 3909 JOELEM
1537 3814 2268 3907 PROPHETAM
2347 3816 3372 3947 COMMENTARIUS,

1671 4034 2073 4086 CONTINENS
2127 4032 2351 4084 TOMOS
2386 4032 2467 4082 II.

861 4346 1588 4439 PROOEMIUM.

521 4496 678 4567 197
726 4493 768 4549 1.
802 4493 1057 4549 Divinum
1093 4493 1303 4551 Joelem
1331 4496 1520 4549 eadem
1570 4502 1889 4562 tempestate
1920 4511 2019 4552 va-

447 4587 732 4643 ticinatum
761 4592 1011 4656 apparet,
1045 4598 1151 4653 qua
1181 4585 1362 4640 caeteri
1394 4594 1521 4639 ante
1549 4584 1721 4655 ipsum
1749 4587 2016 4652 collocati,

448 4676 639 4741 Oseas,
670 4675 910 4743 inquam,
934 4682 989 4728 et
1016 4676 1185 4729 Amos
1217 4672 1568 4742 propltetasse
1616 4673 1838 4744 intelligi
1897 4690 2020 4745 pos-

446 4773 593 4820 sunt.
630 4764 837 4820 Hebraei
864 4777 1096 4832 namque
1119 4776 1223 4816 non
1255 4769 1375 4830 post
1416 4761 1718 4829 Michaeam,
1766 4765 1858 4818 sed
1901 4774 2023 4834 post

447 4853 566 4910 illos
595 4870 625 4909 a
651 4867 737 4909 me
770 4854 1073 4909 nominatos
1127 4853 1431 4923 ponendum
1484 4852 1835 4909 arbitrantur.
1868 4854 2013 4911 Con-

446 4946 713 5013 queritur.
738 4952 797 4997 ut
833 4958 949 5000 mea
976 4954 1059 5000 est
1082 4946 1286 5015 opinio,
1325 4958 1486 5013 super
1510 4943 1783 5010 lsraelitis,
1817 4959 2014 5013 eosque

445 5032 764 5103 gravissime
795 5032 1113 5098 insectatur,
1151 5034 1406 5102 quoniam
1456 5046 1521 5085 eo
1569 5032 1780 5086 demum
1824 5046 2013 5100 super-

442 5124 547 5178 biae
580 5136 644 5176 ac
693 5123 927 5189 stuporis
990 5126 1254 5189 venerint,
1305 5136 1360 5179 et
1410 5125 1483 5179 ita
1538 5136 1752 5178 omnem
1798 5121 2009 5175 dolendi

444 5227 661 5268 sensum
688 5211 992 5278 amiserint,
1020 5224 1078 5267 ut
1107 5215 1251 5269 nullo
1281 5216 1439 5284 plane
1475 5214 1735 5284 supplicio
1765 5228 1795 5266 a
1822 5227 2011 5283 pecca-

445 5303 518 5359 tis
548 5301 930 5369 reprimantur,
968 5317 1068 5357 nec
1112 5304 1245 5357 adeo
1286 5306 1513 5369 crebris,
1555 5316 1610 5360 et
1655 5314 1863 5360 tantum
1904 5320 2010 5359 non

445 5392 711 5449 acervatis
741 5390 1137 5446 calamitatibus
1162 5403 1571 5463 expugnentur,
1609 5398 1821 5465 quando
1869 5405 2009 5450 tern-

445 5498 546 5556 pus
569 5484 744 5538 adhuc
772 5482 971 5536 nullum
1002 5485 1273 5548 inciderit,
1321 5500 1429 5553 qno
1476 5487 1558 5540 vel
1607 5487 1934 5555 aliquantum
1981 5502 2010 5539 a

447 5574 682 5629 miseriis
707 5572 1049 5642 requiescere
1076 5574 1305 5629 licuerit.
1341 5575 1566 5629 Constat
1610 5590 1770 5643 porro
1818 5576 2010 5631 Isaiam

450 5679 664 5735 quoque
690 5666 744 5722 in
798 5664 1041 5721 eamdem
1092 5666 1417 5722 sententiain
1454 5668 1713 5725 locutum.
1758 5686 1778 5722 ι
1841 5668 2010 5725 lratus

2582 4337 3242 4426 ΠΡΟΟΙΜΙΟΝ.

2199 4493 2534 4565 Προφητεύει
2565 4493 2663 4564 μὲν
2701 4494 2731 4546 ὁ
2756 4492 3037 4556 θεσπέσιος
3082 4491 3233 4563 Ἰωὴλ
3261 4492 3319 4545 ὲν
3360 4490 3584 4563 χρόνοις,
3611 4494 3695 4562 ὡς

2126 4586 2291 4650 ἔοικε,
2329 4584 2451 4638 καθ’
2487 4584 2580 4649 οὒς
2618 4585 2685 4638 ἂν
2715 4586 2914 4637 νοοῖντο
2953 4584 3055 4651 καὶ,
3081 4586 3131 4636 οί
3162 4583 3267 4655 πρὸ
3308 4583 3470 4636 αὐτοῦ
3500 4602 3698 4653 τεταγ-

2127 4677 2298 4747 μένοι,
2319 4674 2409 4729 τδν
2438 4675 2593 4747 Ὠσηὲ
2618 4676 2674 4730 δέ
2703 4692 2864 4747 φημι,
2888 4675 2982 4727 καὶ
3006 4676 3185 4745 μέντοι
3231 4674 3326 4728 καὶ
3351 4675 3443 4729 τὸν
3486 4673 3692 4747 Ἀμώς.

2122 4770 2280 4821 Δοκεῖ
2327 4767 2435 4839 γὰρ
2474 4769 2742 4840 Ἑϐραίοις
2772 4769 2833 4822 οὐ
2884 4768 3024 4838 μετά
3059 4785 3122 4836 γε
3161 4768 3250 4820 τὸν
3285 4768 3542 4837 Μιχαίαν,
3573 4767 3695 4821 ἀλλ’

2121 4862 2349 4925 ἐκείνοις
2370 4860 2531 4915 αὑτὸν
2559 4863 2913 4931 συντετάχθαι
2941 4861 3067 4917 δεῖν.
3102 4860 3474 4931 Καταγορεύει
3506 4860 3581 4924 δὲ,
3611 4858 3693 4924 ὥς

2119 4952 2181 5018 γέ
2216 4968 2304 5021 μοι
2344 4951 2614 5019 φαίνεται,
2641 4952 2749 5005 τῶν
2778 4953 2838 5017 ἐξ
2881 4954 3118 5024 Ἰσραὴλ,
3151 4953 3242 5005 καὶ
3275 4951 3529 5022 πλείστην
3554 4952 3692 5021 ὅσην

2117 5042 2294 5095 αὐτῶν
2317 5046 2546 5095 ποιεῖται
2575 5043 2866 5115 καταϐοὴν,
2890 5044 2964 5107 ὡς
2992 5046 3070 5106 εἰς
3089 5044 3243 5096 τοῦτο
3266 5043 3451 5095 λοιπὸν
3476 5044 3572 5109 ἀγε
3582 5060 3693 5111 ρω-

2117 5134 2238 5203 χίας
2261 5135 2497 5203 ίγμένων
2523 5135 2859 5204 ἀποπληξίας
2901 5153 2961 5188 τε
2987 5135 3082 5187 καὶ
3106 5135 3455 5205 ἀναλγησίας,
3481 5135 3555 5196 ὠς
3581 5134 3690 5187 ὑπὸ

2120 5224 2346 5293 μηδενὸς
2375 5227 2698 5295 τοπαράπαν
2729 5226 3127 5279 ἀνακόπτεσθαι
3166 5225 3274 5278 τῶν
3304 5225 3509 5288 κακῶν,
3546 5227 3687 5295 μήτε

2121 5316 2221 5385 μὲν
2246 5318 2366 5379 ταῖς
2418 5315 2559 5369 οὕτω
2589 5317 2815 5386 συχνῶς,
2847 5318 3124 5388 μονονουχὶ
3174 5318 3230 5371 δὲ
3280 5320 3373 5371 καὶ
3408 5317 3688 5386 στοιχηδὸν

2118 5406 2569 5477 ὲπενηνεγμένοις
2609 5409 2872 5476 ἡττᾶσθαι
2908 5412 3232 5480 συμφοραῖς,
3265 5410 3443 5463 καίτοι
3490 5407 3685 5478 χρόνου

2121 5495 2344 5563 μηδενὸς
2391 5496 2887 5565 παρεισδεδυκότος,
2930 5500 3051 5551 καθ’
3088 5498 3147 5552 ὃν
3198 5498 3548 5568 ἀναφαίνοιτό
3598 5515 3685 5561 τις

2111 5583 2433 5648 ἀνάπνευσις
2481 5585 2573 5639 τοῦ
2620 5586 2813 5651 κακοῦ,
2844 5590 2947 5641 κᾶν
2990 5588 3119 5656 γοῦν
3164 5589 3410 5660 βραχεῖα,
3456 5606 3683 5659 γεγενηο

2115 5672 2269 5742 μένη.
2313 5673 2627 5745 Εὑρήσομεν
2665 5677 2720 5730 δὲ
2768 5680 2861 5732 καὶ
2905 5678 3130 5734 Ἡσαΐαν
3156 5680 3242 5733 διὰ
3287 5680 3395 5733 τῶν
3435 5682 3563 5733 ἴσων
3591 5676 3681 5734 λό-
