3898 6212
236 222 346 279 59.9

1146 223 1696 290 COMMENTARIUS
1730 232 1797 290 IN
1835 232 2099 294 JOELEM
2138 230 2583 299 PROPHETAM.

3383 250 3489 308 διο

241 356 353 407 γων
392 333 865 411 ἓρχόμενον.¹Ἒφη
889 343 994 413 γάρ
1014 360 1025 372 ·
1057 361 1073 395 ι
1110 346 1217 399 Καὶ
1249 347 1503 418 ἐθυμώθη
1534 350 1669 420 ὀργῇ
1704 351 1814 402 Κύ-

1924 361 2021 419 est,
2050 354 2243 423 inquit,
2276 354 2424 409 furor
2454 354 2663 411 Domini
2696 353 2931 410 Sabaoth
2954 354 3007 409 in
3031 355 3280 425 populum
3309 374 3486 427 suum,

242 448 359 503 ριος
395 431 625 485 Σαϐαὼθ
674 434 769 485 ἐπὶ
804 434 892 486 τὸν
919 434 1044 487 λαὸν
1095 436 1281 499 αὑτοῦ,
1322 439 1417 491 καὶ
1455 440 1683 494 ἐπέϐαλε
1720 441 1819 511 τὴν

241 524 403 594 χεῖρα
446 521 615 582 αὑτοῦ
648 521 735 575 ἐπ’
778 522 991 586 αὐτούς.
1035 542 1055 574 ι
1096 525 1205 577 Καὶ
1248 528 1364 595 μετ’
1409 527 1624 596 ὀλίγον’
1663 548 1681 577 ε
1735 531 1820 583 Ἐν

244 615 381 666 πᾶσι
412 611 625 676 τούτοις
650 614 751 666 οὐκ
779 614 1102 686 ἀπεστράφη
1133 618 1161 669 6
1186 615 1355 687 θυμὸς
1382 619 1568 681 αὑτοῦ,
1600 620 1715 674 ἀλλ’
1740 622 1820 676 ἔτι

241 706 275 773 ἡ
308 704 430 774 χεὶρ
467 703 637 756 αὐτοῦ
673 703 870 775 ὑψηλή.
909 723 929 757 ι
960 706 1175 776 Συνίης,
1214 708 1362 771 ὅπως
1403 710 1562 763 τοῦτο
1601 714 1820 766 κάκεῖνο

244 793 570 858 πεπόνθασι,
621 796 715 848 καὶ
751 797 784 864 ἡ
818 795 913 849 τοῦ
960 797 1210 861 πταίοντος
1240 800 1360 871 χεὶρ
1402 802 1820 875 ἀπομεμένηκεν

244 883 447 955 ὑψηλὴ,
481 885 559 948 ὡς
586 885 709 938 ὅσον
734 884 886 940 οὔπω
912 889 1005 941 καὶ
1029 889 1219 959 ἑτέρας
1246 891 1429 955 αὐτοῖς
1450 894 1820 949 ἐπαπειλοῦσα

248 976 482 1045 πληγάς.
518 976 727 1045 Ὄνπερ
763 977 872 1049 γὰρ
913 978 1112 1047 τρόπον
1136 982 1204 1033 τὰ
1228 981 1338 1035 τῶν
1378 983 1564 1037 παθῶν
1594 986 1820 1040 δυσίατα

240 1069 305 1120 οὐ
346 1068 475 1147 μιᾶς
520 1066 633 1120 ἔσθ’
670 1068 761 1121 ὅτε
789 1068 957 1122 δεῖται
1002 1071 1197 1142 τομῆς,
1231 1072 1347 1127 ἀλλ’
1391 1076 1472 1127 ἔτι
1522 1076 1779 1133 πλειόνων
1803 1095 1816 1109 ·

244 1158 387 1211 οὕτω
426 1159 524 1211 καὶ
558 1160 588 1211 6
615 1158 952 1229 ἀνθρώπινος
990 1160 1115 1223 νοῦς
1146 1165 1226 1227 είς
1257 1163 1371 1228 ’ἐξιν
1399 1167 1549 1236 ἥκων
1586 1168 1822 1239 ἀναλγηδ-

246 1249 391 1311 σίας,
425 1249 762 1319 συχνοτέρας
778 1250 948 1303 δεῖται
983 1252 1217 1324 πληγῆς,
1250 1256 1684 1331 ἀνακομιζούσης
1720 1263 1817 1332 μό·-

246 1342 329 1403 λις
360 1342 442 1403 εἷς
470 1357 534 1409 γε
558 1340 821 1395 ’δύνασθαι
862 1342 1047 1397 λοιπὸν
1077 1346 1378 1418 ἀναμαθείν
1421 1351 1735 1420 ἐπείγεσθαι
1759 1354 1821 1409 τὸ

245 1431 434 1484 τελῶν
454 1432 535 1493 είς
559 1430 768 1501 ὄνησιν.
813 1432 996 1485 Ἔοικε
1015 1433 1194 1489 τοίνυν
1230 1436 1402 1507 Ἱωὴλ,
1440 1440 1513 1503 ὼς
1541 1441 1635 1494 ἐπὶ
1670 1443 1820 1497 πλεῖ.

247 1539 402 1585 σταις
439 1521 544 1591 ήδη
603 1522 839 1591 πληγαῖς
872 1523 1229 1596 ἁνουθετήτου
1291 1532 1662 1603 μεμενηκότος
1724 1536 1819 1589 τοῦ

258 1612 497 1682 Ἰσραὴλ,
547 1613 817 1666 ποιεῖσθαι
861 1614 1040 1684 σοφῶς
1072 1615 1173 1687 τήν
1218 1619 1528 1692 ἐπίπληξιν.
1571 1622 1820 1695 Συμὸου-

206 1755 210 1757 Α
247 1702 393 1755 λεύει
408 1719 469 1755 τε
492 1701 631 1772 ἅμα,
654 1702 724 1756 τὰ
738 1704 931 1775 αἰσχίω
954 1706 1240 1776 μεθέντας,
1261 1715 1589 1785 μεταφοιτᾷν
1605 1716 1818 1772 ἑλέσθαι

247 1795 385 1864 πρὸς
418 1796 481 1847 τὸ
519 1795 715 1865 ἡδύνον
760 1796 912 1852 Θεόν.
960 1799 1304 1870 Προσεπάγει
1349 1820 1413 1873 γε
1444 1806 1552 1877 μὴν
1588 1810 1819 1864 καὶτῶν

240 1887 322 1938 ὅτι
353 1885 593 1956 μάλιστα
638 1886 909 1957 φιλτάτων
957 1890 1141 1955 αὐτοῖς
1177 1893 1274 1965 τὴν
1313 1896 1628 1967 ὑπόσχεσιν,
1662 1900 1819 1973 εἴπερ

242 1976 447 2031 ἕλοιντο
483 1981 788 2047 μετανοεῖνι.
820 1978 929 2033 Καὶ
952 1980 1035 2034 ὃτι
1079 1983 1320 2056 χρηστῷ,
1350 1988 1445 2039 καὶ
1473 1992 1818 2063 ἡμερωτὰτῳ

243 2068 656 2140 πριτεὺξονται
672 2070 750 2142 τῷ
769 2072 1041 2145 Δεσπότῃ,
1064 2075 1246 2129 δίδωσι
1270 2078 1511 2150 θαρρεῖν.
1527 2078 1694 2147 Οὗτος
1718 2086 1817 2155 μὲν

237 2156 331 2212 οὖν
364 2161 489 2223 ὅλος
522 2161 623 2232 τῆς
660 2163 996 2234 προφητείας
1039 2165 1068 2216 6
1106 2168 1325 2231 σκοπός.
1358 2170 1603 2226 Ἐκαστα
1630 2174 1687 2227 δὲ
1709 2174 1818 2228 τῶν

238 2251 323 2320 ἐφ’
353 2252 486 2323 ἑξῆς
523 2252 629 2307 ἀνὰ
661 2254 827 2325 μέρος
866 2255 1119 2328 ἐροῦμεν,
1147 2261 1267 2323 ταῖς
1306 2260 1413 2314 τῶν
1445 2264 1816 2337 προκειμένων

238 2343 497 2415 Θεωρίαις
523 2344 800 2415 ἑπόμενοι.

570 2464 954 2558 ΤΟΜΟΣ
1019 2467 1486 2562 ΠΡΩΤΟΣ,

835 2628 1085 2685 ΚΕΦΑΛ.
1127 2631 1205 2684 A'.

303 2738 503 2807 λόγος
549 2736 791 2807 Κιςρίου,
832 2739 900 2806 ὃς
957 2740 1211 2810 ἐγενήθη
1267 2743 1416 2810 ,πρὸς
1463 2742 1654 2813 Ἰωὲμ,
1708 2746 1816 2800 τὸν

240 2827 343 2880 tat?
377 2828 680 2894 Βαθουήλι

308 2920 383 2971 B'.
418 2919 593 2988 Λόγον
641 2920 776 2974 Θεοῦ
818 2939 951 2992 φησι
1005 2924 1331 2994 γεγενῆσθαι
1370 2926 1503 2997 πρὸς
1553 2927 1743 2981 ἑαυτὸν
1784 2929 1813 2981 ὁ

241 3010 545 3078 προφήτης,
577 3010 663 3063 ἵνα
698 3014 765 3082 τῇ
799 3014 1104 3084 προφητείᾳ
1135 3014 1234 3085 τὴν
1284 3015 1464 3069 πίστιν
1492 3017 1815 3088 ἰιιιροσνεεμω⁶

243 3119 360 3170 μεν,
406 3102 694 3172 ἀραρότως
732 3103 1086 3175 διακείμενοι,
1138 3106 1232 3159 καὶ
1271 3107 1689 3180 τεθαρρηκότες,
1732 3110 1814 3162 ὅτι

240 3196 454 3257 πάντως
482 3196 561 3257 εἰς
596 3196 770 3263 πέρας
795 3197 1087 3269 ὲκῦήσεται
1110 3199 1180 3253 τὰ
1203 3200 1639 3271 προηγγελμένα.
1670 3199 1814 3271 Πρὸς

240 3283 394 3337 τοῦτο
422 3285 575 3354 ἡμᾶς
610 3286 837 3354 ἐμπεδοῖ
861 3287 1033 3357 λέγων
1056 3290 1149 3343 καὶ
1179 3290 1339 3354 αὐτὸς
1361 3292 1389 3344 6
1431 3290 1618 3361 Σωτήρ
1640 3306 1653 3320 °
1694 3309 1713 3342 ι
1748 3290 1814 3343 0i

242 3374 383 3442 ὶόγοι
411 3393 514 3445 μου
541 3376 601 3429 οὐ
638 3377 713 3447 μὴ
740 3380 1072 3450 παρέλθωσι.
1111 3399 1131 3433 ι
1167 3382 1369 3452 Χρῆμα
1398 3382 1507 3452 γὰρ
1539 3381 1659 3451 οὐχὶ
1685 3379 1814 3450 ψευ-

242 3466 427 3530 δοεπὲς
456 3469 489 3537 ἠ
532 3468 780 3538 ἀλήθεια,
816 3471 907 3523 καὶ
932 3472 1071 3542 ὅπερ
1100 3472 1167 3526 ἂν
1198 3472 1332 3545 λέγῃ
1350 3474 1379 3527 6
1400 3471 1553 3536 Θεὸς,
1583 3472 1812 3543 ἀτρεκὲς

244 3558 386 3611 ἔσται
411 3560 651 3623 πάντως.
688 3561 860 3625 Δὺτὺς
896 3562 1004 3634 γάρ
1042 3565 1189 3617 ἐστιν
1214 3566 1242 3617 6
1271 3564 1431 3617 ίστῶν
1471 3565 1658 3634 ῥήσεις
1690 3579 1813 3616 παι-

242 3646 324 3710 ὣς
357 3650 549 3713 αὐτοῦ,
584 3652 679 3707 καὶ
698 3652 797 3722 τὴν
822 3652 1015 3725 βουλὴν
1040 3654 1146 3708 τῶν
1184 3654 1431 3723 ἀγγέλων
1473 3653 1637 3710 αὑτοῦ
1674 3654 1809 3726 ἁλη-

246 3740 429 3795 ῢεύων.
464 3743 674 3797 Οὐκοῦν
703 3744 1118 3815 εὐτεχνέστατα,
1151 3748 1243 3801 καὶ
1274 3747 1451 3815 σοφῶς
1484 3746 1684 3812 ἐξαιτεῖ
1708 3746 1810 3818 τὴν

245 3833 419 3886 πίστιν
446 3835 574 3897 τοὺς
592 3834 998 3903 ἀκροωμένους,
1028 3838 1108 3892 ὅτι
1136 3838 1212 3907 μὴ
1233 3837 1376 3891 κατά
1395 3854 1546 3901 τινας
1573 3839 1656 3909 εἴη
1677 3836 1810 3907 ψευ-

240 3922 453 3994 ὗοεπὴς,
492 3922 525 3995 ἢ
562 3927 625 3978 ἐκ
657 3927 884 3997 καρδίας
919 3928 980 3980 τὸ
1007 3927 1196 3985 δοκοῦν
1241 3927 1558 3999 ἀναφέρων,
1598 3928 1712 3983 ἀλλ’
1743 3929 1808 3982 ὲκ

245 4016 504 4083 στόματος
534 4016 738 4088 Κυρίου
759 4016 933 4070 λαλῶν
956 4018 1014 4071 ὲν
1034 4017 1319 4088 πνεύματι,
1352 4018 1662 4085 σαφέστατα
1685 4017 1808 4071 διει-

244 4106 374 4164 nov.
407 4108 738 4178 Πρόσκειται
783 4109 841 4162 δὲ
885 4109 1197 4177 ἀναγκαίως
1232 4127 1251 4161 ι
1282 4110 1311 4161 6
1359 4108 1620 4179 Βαθουὴλ,
1664 4126 1682 4160 ι
1720 4109 1806 4162 ἵνα

243 4198 314 4266 μή
348 4213 436 4260 τις
478 4196 663 4267 ἕτερος
700 4196 831 4267 παρ’
864 4196 1025 4250 αὐτὸν
1074 4198 1245 4250 νοοῖτο
1276 4196 1367 4249 τὸν
1413 4195 1585 4267 Ἰωήλ.
1611 4196 1805 4251 Πολλοὶ

242 4288 334 4357 μὲν
358 4288 469 4358 γὰρ
496 4288 883 4358 ἀναμφιλόγως
920 4291 986 4361 τῇ
1016 4288 1241 4361 τοιαύτῃ
1270 4289 1458 4359 κλήσει
1489 4287 1806 4358 κατωνομα-

1922 454 1969 497 ct
2005 448 2247 499 extendit
2279 462 2497 501 manum
2539 463 2690 502 suam
2738 462 2899 517 super
2925 463 3048 501 eum
3097 448 3161 515 ³⁸,
3205 467 3223 501 ι
3263 461 3372 509 etc.
3426 454 3492 507 Et

1921 534 2081 603 paulo
2106 545 2229 604 post
2263 555 2277 589 :
2311 555 2329 587 ι
2367 536 2421 589 lu
2456 539 2537 592 his
2560 537 2812 592 omnibus
2837 552 2941 592 non
2969 537 3130 609 198
3158 548 3240 594 est
3270 555 3493 597 aversus

1924 629 2071 681 furor
2092 627 2229 693 eius,
2260 630 2353 682 sed
2386 629 2559 683 adhuc
2590 644 2781 684 manus
2798 627 2913 696 ejus
2938 631 3145 686 excelsa
3175 631 3274 686 ³⁸.»
3305 634 3492 689 Anim-

1921 716 2157 771 advertis
2211 720 2481 786 quouiodo
2515 720 2657 772 aliud
2707 720 2957 790 aliudque
2974 720 3171 776 malum
3200 725 3490 794 perpessis,

1922 819 2112 860 manus
2137 806 2382 861 ferientis
2407 809 2583 863 adhuc
2625 824 2889 880 suspensa
2924 814 3301 881 permanserit,
3332 817 3488 885 quasi

1914 896 2137 968 jamjam
2202 898 2384 969 plagas
2442 915 2608 957 novas
2666 901 2958 960 inﬂictura.
3026 904 3488 971 Quemadmodum

1921 986 2063 1040 enim
2095 988 2160 1043 ad
2189 976 2404 1044 morbos
2425 1001 2613 1045 curatu
2644 990 2890 1048 didiciles
2919 1006 3024 1049 non
3067 1011 3228 1050 unam
3282 1006 3486 1051 tantum

1921 1078 2239 1145 sectionem,
2272 1080 2367 1136 sed
2409 1081 2589 1151 plures
2639 1084 2906 1139 interdum
2952 1102 3173 1142 necesse
3217 1096 3299 1143 est
3335 1090 3489 1144 adbi~

1923 1164 2079 1231 bere,
2129 1166 2199 1219 ita
2245 1182 2397 1223 mens
2433 1168 2696 1234 humana,
2728 1170 3039 1233 indolentia:
3074 1184 3291 1248 torpore
3322 1194 3487 1249 supe-

1922 1266 2077 1322 rata,
2124 1254 2474 1327 frequentiori
2510 1260 2665 1330 plaga
2714 1265 2978 1330 tangenda
3021 1274 3125 1331 est,
3168 1276 3226 1320 ut
3269 1270 3485 1324 tandem

1923 1355 2192 1413 revocata,
2228 1347 2296 1402 de
2340 1348 2551 1417 integro
2582 1350 2788 1405 discere
2849 1361 3013 1421 queat
3058 1368 3164 1424 quo
3224 1367 3381 1424 pacto
3436 1360 3486 1413 in

1920 1443 2195 1501 posterum
2226 1436 2484 1493 utilitates
2508 1453 2634 1495 suas
2680 1452 3058 1512 persequatur.
3106 1445 3329 1503 Videtur
3363 1466 3491 1517 ergo

1920 1524 2036 1580 Joel
2089 1527 2385 1595 lsraelitas,
2422 1538 2678 1598 tanquam
2730 1533 2820 1602 qui
2876 1535 3242 1603 compluribus
3312 1538 3489 1596 allecti

1922 1617 2237 1672 Vulneribus
2268 1620 2618 1674 admonitioni
2666 1621 2839 1677 locum
2874 1625 3098 1680 necdum
3155 1630 3490 1699 reliquerint,

1856 1696 1896 1751 Β
1927 1708 2202 1778 sapienter
2252 1709 2561 1781 obiurgare.
2618 1710 2826 1768 Suadet
2875 1715 3000 1777 item
3047 1730 3110 1770 ea
3153 1696 3493 1790 illisvample-

1925 1801 2139 1861 ctenda,
2179 1815 2300 1869 qua:
2335 1801 2500 1855 Deum
2550 1802 2781 1869 leniant,
2816 1812 2870 1857 et
2916 1820 3094 1858 rerum
3125 1812 3491 1875 Optatissima-

1926 1905 2043 1943 rum
2073 1891 2339 1959 promissa
2366 1892 2632 1963 adjungit,
2665 1893 2710 1949 si
2752 1895 2819 1955 ad
2864 1897 3241 1965 paenitentiam
3275 1902 3403 1957 dare
3431 1917 3493 1957 se

1926 1984 2211 2045 voluerint.
2244 1984 2775 2056 cleinentissimoque
2822 2002 2887 2043 ac
2929 1987 3219 2045 mitissimo
3260 1991 3488 2047 Domino

1923 2084 2141 2136 usuros,
2174 2073 2421 2128 fiduciam
2458 2075 2649 2143 injicit.
2683 2076 2860 2146 Atque
2889 2077 2977 2132 hic
3008 2087 3153 2133 totus
3194 2082 3491 2152 prepbetim

1924 2178 2119 2231 scopus
2148 2180 2212 2219 ac
2250 2165 2370 2220 linis
2392 2175 2496 2220 est.
2532 2165 2792 2238 Deinceps
2825 2170 3056 2242 singula,
3100 2186 3167 2228 eo
3200 2188 3307 2242 quo
3359 2190 3489 2245 pro-

1924 2254 2095 2322 posita
2130 2262 2256 2309 sunt
2293 2258 2483 2311 ordine
2509 2259 2938 2330 considerantes,
2986 2265 3350 2333 particulatim
3393 2283 3481 2322 ex-

1924 2345 2154 2414 planare
2180 2349 2580 2419 aggrediemur.

2252 2475 2654 2569 TOMUS
2727 2482 3139 2575 PRIOR.

2597 2624 2747 2680 CAP.
2791 2626 2830 2681 Ι.

1994 2734 2157 2790 Vens.
2183 2736 2233 2789 1.
2270 2732 2495 2789 Verbum
2535 2736 2745 2791 Domini
2770 2742 2907 2808 quod
2935 2741 3134 2811 factum
3157 2753 3232 2798 est
3257 2746 3327 2799 ad
3344 2746 3485 2813 loci,

1918 2826 2088 2897 ﬁlium
2122 2826 2367 2881 But/mel.

1990 2916 2055 2971 ll.
2103 2918 2332 2971 Verbum
2388 2918 2479 2973 Dei
2524 2920 2589 2973 ad
2632 2935 2690 2975 se
2736 2919 2936 2975 factum
2984 2925 3058 2975 ait
3100 2924 3378 2993 propheta,
3431 2938 3491 2981 ut

1842 3055 1886 3115 ο
1921 3010 2361 3079 prmdiCtiouibus
2405 3009 2521 3078 ejus
2567 3012 2723 3066 {idem
2778 3015 3119 3079 tribuamus,
3146 3018 3365 3079 .auimis
3426 3031 3489 3075 ιιι

1922 3103 2073 3155 decet
2126 3100 2325 3169 aﬂ‘ccti,
2365 3113 2420 3157 et
2464 3104 2818 3171 confidentes,
2851 3107 3030 3161 omnia
3068 3121 3188 3176 qua:
3236 3125 3488 3180 prtenun-

1924 3194 2150 3257 tiantur,
2197 3203 2478 3247 eventura.
2533 3196 2590 3249 In
2624 3196 2728 3252 hoc
2777 3210 2875 3251 nos
2920 3198 3047 3252 item
3085 3197 3336 3255 Salvator
3374 3203 3490 3270 ipse

1921 3284 2229 3349 conﬁrmat,
2284 3285 2577 3355 inquiens:
2637 3304 2656 3337 ι
2695 3285 2869 3342 Verba
2931 3302 3047 3345 n'sea
3101 3305 3205 3342 non
3267 3299 3484 3361 printer.

1921 3376 2074 3430 ibunt
2116 3375 2185 3431 ⁸ο.
2220 3397 2238 3429 ι
2284 3374 2501 3433 Veritas
2554 3379 2755 3448 quippe
2806 3394 2911 3433 non
2951 3386 3035 3433 est
3077 3378 3392 3450 falsiloqua;
3432 3392 3489 3437 et

1919 3469 2060 3536 quod
2090 3467 2230 3523 Deus
2259 3470 2476 3534 dixerit,
2505 3470 2812 3525 certissimo
2844 3471 2964 3537 lict;
2986 3471 3098 3540 ipse
3125 3471 3485 3541 estsiquidem

1924 3575 1943 3609 ι
1977 3558 2247 3613 suscitans
2274 3560 2498 3628 verbum
2534 3559 2677 3614 servi
2709 3560 2815 3626 sui,
2857 3567 2911 3615 et
2946 3561 3234 3616 consilium
3269 3563 3485 3618 nuntio-

1920 3662 2041 3702 rum
2107 3662 2328 3703 suorum
2380 3651 2672 3705 verillcans
2716 3652 2783 3704 δι.
2832 3669 2851 3703 ι
2887 3651 3248 3719 Quamobrem
3292 3653 3480 3710 scitis-

1918 3740 2056 3794 sime
2109 3740 2343 3808 postulat
2400 3742 2680 3798 andientcs
2742 3742 2963 3798 credere
2994 3781 3010 3808 ,
3064 3759 3168 3799 non
3228 3758 3288 3799 se
3334 3759 3487 3801 more

1913 3833 2272 3900 quorumdam
2301 3833 2645 3902 vaniloquum
2681 3848 2805 3889 esse
2830 3834 2895 3897 δ’,
2931 3848 3031 3890 nec
3069 3834 3134 3888 de
3169 3834 3333 3889 corde
3360 3850 3483 3897 suo,

1917 3924 2059 3991 quod
2121 3922 2222 3977 sibi
2266 3923 2439 3978 visum
2500 3923 2573 3977 sit
2629 3924 2980 3992 depromere,
3032 3938 3217 3978 verum
3269 3938 3334 3978 ex
3388 3938 3485 3978 ore

1919 4014 2127 4068 homini
2165 4052 2181 4078 ,
2250 4014 2301 4068 in
2350 4015 2543 4082 spiritu
2609 4014 2773 4068 verba
2831 4013 3009 4069 facere
3045 4053 3061 4078 ,
3126 4014 3484 4083 liquidissium

1918 4106 2256 4161 testiﬁcatur.
2323 4101 2643 4161 Necessario
2704 4113 2883 4177 autem
2927 4104 3176 4171 addidit,
3229 4123 3248 4156 ι
3312 4105 3479 4159 ﬁlium

1912 4194 2177 4261 Balbuel,
2227 4213 2246 4245 ι
2299 4211 2366 4248 ne
2411 4196 2548 4248 alius
2585 4194 2851 4264 quispiam
2904 4210 2931 4247 a
2976 4195 3125 4249 Jnele
3182 4194 3285 4249 isto
3332 4196 3479 4250 acci-

1912 4295 2150 4359 peretur.
2211 4286 2365 4339 Multi
2411 4286 2559 4341 enim
2602 4288 2721 4340 sine
2760 4286 3128 4339 controversia
3161 4325 3178 4351 ,
3236 4300 3337 4340 uec
3400 4295 3480 4339 ta-

241 4377 423 4441 ζοντο·
468 4379 724 4448 γεγόνασι
758 4380 815 4432 δὲ
850 4378 912 4431 οὐ
952 4380 1151 4442 πάντες
1200 4382 1265 4432 ὲκ
1305 4379 1565 4450 Βαθουήλ.
1600 4378 1801 4449 Ἀσφαο

1924 4393 2031 4433 men
2081 4392 2269 4432 oumes
2316 4392 2345 4431 ιι
2397 4376 2653 4432 Batbuele
2694 4375 3068 4446 progenerati,
3120 4376 3225 4431 boc
3284 4392 3478 4430 nomen

239 4467 379 4533 λείας
406 4469 474 4539 δὴ
496 4465 611 4535 οὖν,
640 4470 714 4534 ὡς
740 4464 975 4541 ἐγῷμαι,
1006 4470 1166 4541 χάριν
1190 4471 1614 4541 προσενήνεκται
1644 4471 1805 4527 πάλιν

1924 4468 2197 4536 gerebant.
2236 4466 2413 4521 Cerne
2458 4466 2620 4537 igitur
2667 4466 3032 4520 distinctionis
3074 4481 3257 4533 causa,
3286 4475 3343 4520 ut
3377 4481 3480 4533 ego

236 4560 550 4631 ὁΒαθουήλ.
1912 4559 2112 4622 semio,
2166 4559 2403 4612 additum
2454 4557 2805 4612 nihilominus
2833 4566 2916 4610 est
2960 4556 3231 4612 Batbuelis
3263 4571 3478 4611 nomen.

188 4646 197 4654 ’
315 4649 643 4703 Ἀκούσατε
690 4649 898 4713 ταῦτα,
943 4652 995 4704 οἱ
1023 4651 1429 4719 πρεσϐύτεροι,
1462 4648 1562 4704 καί
1608 4649 1809 4704 emrt-

1988 4647 2148 4704 Vsns.
2175 4649 2229 4716 2,
2263 4646 2319 4704 5.
2355 4650 2545 4703 Audite
2595 4647 2725 4712 Ιιαιο,
2765 4664 2932 4713 senes,
2966 4659 3013 4701 et
3044 4647 3263 4703 auribus
3298 4648 3482 4716 ’μενοε-

239 4743 447 4802 cruces,
480 4737 705 4806 πάντες
732 4743 784 4794 ol
830 4741 1248 4808 κατοικοῦντες
1274 4742 1389 4809 τὴν
1427 4739 1575 4811 γῆν·
1614 4744 1669 4796 ει
1712 4740 1807 4810 τέ-

1924 4742 2040 4805 uite,
2064 4756 2242 4794 omnes
2270 4739 2567 4793 habitantes
2596 4748 2828 4802 terram;
2862 4740 2907 4792 si
2943 4738 3082 4806 facta
3115 4749 3235 4791 sunt
3267 4736 3397 4790 talia
3426 4738 3481 4790 in

241 4846 370 4898 γονε
414 4831 659 4887 τοιαῦτα
703 4832 772 4885 ἐν
804 4832 932 4897 ταῖς
978 4833 1223 4901 ἡμέραις
1265 4833 1450 4903 ὑμῶν,
1482 4836 1521 4903 ἢ
1557 4835 1627 4888 ἐν
1675 4836 1804 4901 ταῖς

1924 4831 2094 4885 diebus
2118 4832 2322 4895 vestris,
2356 4842 2445 4883 aut
2490 4831 2544 4883 iu
2573 4830 2752 4882 diebus
2783 4838 2996 4897 patrum
3038 4837 3342 4882 vestrorum.
3379 4828 3477 4881 Su-

240 4918 479 4987 ἡμέραις
508 4917 630 4973 τῶν
670 4921 942 4987 πατέρων
986 4921 1169 4990 ὑμῶν.
1215 4923 1392 4990 ’Υπὲρ
1434 4922 1631 4977 αὐτῶν
1680 4923 1803 4989 τοῖς

1924 4936 2004 4972 oer
2038 4919 2101 4973 iis
2128 4919 2289 4989 199
2310 4920 2436 4987 ﬁliis
2470 4919 2651 4973 vestris
2691 4928 2921 4981 narrate,
2958 4928 3007 4971 et
3038 4918 3138 4987 filii
3166 4919 3321 4973 vestri
3352 4918 3482 4987 ﬁliis

240 5007 463 5076 τέκνοις
509 5008 675 5079 ὑμῶν
707 5010 1098 5082 ὅιηγήσασθε,
1140 5014 1239 5067 καὶ
1290 5014 1361 5068 τὰ
1405 5013 1583 5067 τέκνα
1638 5014 1804 5083 ὑμῶν

242 5098 351 5162 τοῖς
397 5098 631 5167 τέκνοις
678 5103 896 5170 αὐτῶν,
927 5103 1024 5159 καὶ
1051 5103 1123 5158 τὰ
1154 5106 1333 5159 τέκνα
1371 5104 1568 5159 αὐτῶν
1590 5108 1676 5172 εἰς
1714 5124 1804 5175 γε·

243 5188 375 5241 νεὰν
406 5190 639 5258 ἑτέραν.

327 5281 398 5336 Γ’.
450 5283 749 5355 Ἀποφέρει
803 5286 940 5355 πρὸς
990 5287 1325 5358 ἀρχαιότητα
1370 5288 1573 5359 καιρῶν
1619 5307 1676 5343 τε
1718 5290 1809 5342 καὶ

243 5372 453 5442 μνήμης
491 5374 620 5436 τοὺς
654 5377 1049 5445 γεγηρακότας,
1087 5378 1179 5430 καὶ
1209 5378 1604 5447 διενθυμεῖσθαι
1636 5397 1806 5451 προσ-

236 5460 443 5533 τέταχε,
474 5464 608 5519 πότε
635 5464 700 5533 δὴ
739 5465 847 5536 ἄρα
869 5466 962 5518 καὶ
1003 5466 1094 5517 ἐπὶ
1134 5468 1244 5519 τίσι
1274 5466 1552 5519 τεθέανται
1592 5467 1661 5519 τὰ
1695 5468 1805 5529 ίσα,

300 5624 344 5655 ³⁸
382 5624 482 5678 lsa.
518 5640 571 5689 ν,
604 5624 694 5678 Ξῖἱ.
774 5626 818 5656 ”
861 5627 987 5682 ibid.
1065 5627 1110 5658 ⁸ο
1152 5627 1338 5681 Matth.
1380 5644 1524 5696 χχιι,
1560 5629 1649 5684 55.

553 5722 829 5780 l’s't‘nOL.
880 5720 924 5777 G
939 5740 995 5778 ιι.
1087 5720 1192 5779 LX
1207 5720 1310 5780 XI.

1913 5012 2046 5075 suis,
2077 5020 2125 5064 et
2147 5010 2250 5078 lilii
2273 5025 2454 5065 eorum
2487 5010 2541 5061 in
2565 5009 2949 5077 generationem
2982 5007 3227 5066 alterunt.

1953 5278 2229 5334 lllJEtatc
2264 5276 2536 5334 confectos
2560 5276 2902 5348 antiquorum
2930 5286 3227 5349 temporum
3257 5289 3310 5334 et
3332 5286 3477 5334 vete-

1908 5373 1983 5425 ris
2015 5369 2287 5425 memoria:
2308 5367 2741 5432 commonefacit,
2775 5368 3119 5439 cogitareque
3160 5384 3343 5425 secum
3386 5370 3478 5434 ju-

1908 5467 2019 5533 bet,
2057 5465 2356 5534 ecquando,
2393 5472 2454 5518 et
2485 5462 2543 5517 in
2567 5463 2762 5534 quibus
2785 5461 2989 5518 similes
3022 5463 3355 5519 calamitates
3386 5470 3481 5514 aut

1726 5630 1767 5660 ιι
1797 5627 1901 5693 lsa.
1934 5643 2077 5694 xuv,
2110 5626 2199 5682 26.
2275 5629 2320 5660 “
2355 5626 2464 5685 Jcr.
2492 5642 2652 5691 XIIII.
2693 5629 2776 5683 16.

3059 5713 3124 5776 ll
