3898 6212
351 253 450 310 531

1359 248 1414 302 S.
1458 245 1728 302 CYRll.Ll
1770 190 2592 302 ALEXANDRlNloARCHlEP.

3526 249 3636 305 3πῖ

353 372 597 442 patrihus
623 384 832 435 eorum,
865 378 954 422 aut
985 369 1118 438 ipsis
1153 368 1384 437 posteris
1437 381 1464 419 a
1530 366 1637 420 Deo
1678 367 1939 418 irascente

2048 366 2158 427 τοῖς
2184 364 2457 434 πατράσιν
2480 365 2685 428 αὐτῶν,
2715 365 2880 436 ἤγουν
2904 367 3013 428 τοῖς
3033 365 3113 418 ἔτι
3138 367 3368 418 κατόπιν
3393 367 3456 418 ὲκ
3486 366 3638 431 θείας

353 465 656 534 importata;
687 463 813 517 sint.
839 461 1217 531 Reputandum
1267 460 1433 528 igitur
1463 459 1560 521 ait,
1603 471 1782 512 ntrnm
1832 476 1936 511 non

352 571 489 613 nova
513 554 863 619 etinusitata,
896 558 996 608 nec
1027 553 1117 606 ulli
1149 552 1380 607 fortasse
1431 552 1729 622 priscorum
1767 552 1938 605 homi-

351 664 477 704 num
502 647 716 717 cognita
742 658 1058 702 narraturus
1076 647 1164 700 sit.
1193 646 1398 700 Debere
1427 645 1592 698 etiam
1645 644 1698 698 itt
1748 643 1940 712 primis

349 753 576 795 creteros
597 740 673 793 ait
696 740 1022 809 disquirere,
1047 756 1174 792 num
1223 739 1353 809 quid
1390 738 1759 806 hujuscemodi
1795 737 1940 804 ipso-

352 850 468 889 rum
501 834 822 889 memoriam
854 833 1237 902 contigerit,-et
1273 832 1389 886 fore
1417 831 1696 887 materiam
1755 846 1940 883 narra-

351 929 514 984 tionis
539 929 900 998 sempitermc,
922 941 1041 996 quae
1063 941 1167 980 non
1205 940 1386 989 unam,
1419 939 1518 980 nec
1543 923 1698 988 duas,
1717 931 1809 977 aut
1827 933 1939 976 tres

347 1023 722 1090 generationes
753 1019 1030 1089 pervadat,
1063 1017 1156 1072 sed
1181 1016 1403 1070 multum
1453 1015 1632 1085 potius
1693 1015 1935 1069 excedat.

349 1114 503 1168 Sicut
533 1113 676 1169 enim
715 1112 1000 1166 illustrium
1041 1125 1245 1170 rerum,
1276 1118 1330 1164 et
1377 1109 1610 1163 fortasse
1647 1106 1940 1162 delectabi-

351 1208 480 1259 lium
510 1220 725 1275 quoque
757 1202 1144 1272 expositiones,
1179 1202 1472 1255 multorum
1505 1201 1727 1253 auribus
1750 1201 1939 1268 dignas

350 1297 708 1360 aliirmamus;
743 1299 816 1349 ita
854 1296 1206 1349 nihilominus
1237 1310 1512 1347 memoran
1529 1295 1591 1347 da
1650 1292 1767 1359 inte
1808 1307 1938 1346 een-

348 1400 553 1448 scntnr.
581 1404 701 1458 quae
723 1403 842 1441 eum
864 1387 1108 1442 adversis
1160 1386 1375 1441 casibus
1430 1394 1483 1440 et
1537 1384 1939 1439 calamitatibus

349 1480 633 1549 conjuncta
662 1488 806 1534 sunt.
832 1476 969 1532 Nam
993 1488 1044 1534 el
1081 1481 1196 1533 lucc
1252 1487 1460 1531 tantum
1496 1493 1599 1530 non
1631 1477 1942 1544 exprimunt

349 1573 630 1627 veritatem
660 1571 1078 1642 quodammodo,
1117 1571 1499 1638 molestiasque
1552 1583 1646 1637 per
1673 1585 1938 1622 summam

351 1665 741 1736 impudentiam
767 1665 1046 1728 instantia,
1087 1663 1358 1718 recenseri
1393 1661 1669 1731 postulant
1732 1671 1938 1716 etcum

2045 456 2216 526 ὀργῆς
2249 457 2681 526 ἐπενηνεγμένα’
2716 457 3132 527 ἀναλογίζεσθαί
3158 475 3217 511 τε
3250 457 3361 511 δεῖν
3401 458 3508 529 ἔφη
3529 457 3640 511 λοι-

2048 549 2167 612 πὸν,
2200 549 2248 600 εἰ
2281 549 2356 619 μὴ
2389 548 2517 614 ξένα
2543 549 2636 601 καὶ
2665 550 2807 620 ἀήθη
2837 550 2906 604 τὰ
2943 550 3288 622 διηγήματα,
3320 550 3416 603 καὶ
3461 550 3640 603 οὐδενί

2048 657 2132 691 πω
2159 639 2302 708 τάχα
2333 639 2443 692 τῶν
2484 640 2650 692 πάλαι
2700 643 3096 713 διεγνωσμένα.
3129 643 3379 697 Συνιέναι
3418 659 3482 712 γε
3531 645 3642 714 μὴν

2046 727 2105 785 εὖ
2136 732 2280 802 μάλα
2305 735 2604 802 προσήκειν
2631 736 2726 788 καὶ
2747 736 2872 796 τοὺς
2895 736 3115 806 ἐτέρους
3162 737 3316 805 φησὶ,
3341 738 3388 789 εἰ
3413 739 3643 791 τοιαῦτα

2045 822 2270 890 γέγονεν
2315 825 2404 874 ἐπ’
2439 824 2620 876 αὐτῶν
2655 842 2666 854 ·
2715 826 2934 878 ἔσεσθαι
2983 827 3038 880 δὲ
3082 829 3174 880 καὶ
3225 827 3482 882 ὑπόθεσιν
3516 831 3646 883 ἀτε-

2045 913 2318 982 λευτήτων
2347 914 2723 986 διηγημάτων,
2755 917 2853 970 οὐκ
2902 919 2982 981 είς
3015 920 3141 989 μίαν
3169 919 3488 990 διήκουσαν,
3509 921 3644 975 οὔτε

2057 1005 2165 1076 μὴν
2217 1008 2296 1070 εἰς
2341 1007 2434 1060 δύο
2481 1009 2573 1061 καὶ
2624 1011 2773 1079 τρεῖς
2831 1013 3058 1078 γενεὰς,
3109 1011 3524 1068 διεκϐαίνουσαν
3583 1015 3647 1069 δὲ

2050 1096 2272 1166 μᾶλλον,
2308 1101 2402 1152 καὶ
2432 1101 2513 1161 είς
2551 1100 2611 1152 τὸ
2650 1101 2916 1154 ἐπέκεινα
2970 1102 3127 1156 πολύ.
3160 1103 3374 1174 Ὠσπερ
3419 1104 3529 1176 γὰρ
3572 1105 3654 1160 τά

2046 1188 2273 1261 λαμπρά
2320 1191 2432 1243 τῶν
2483 1193 2836 1262 διηγημάτων
2878 1193 3213 1258 άξιάκουστά
3253 1213 3439 1267 φαμεν
3502 1193 3646 1249 εἶναι

2046 1283 2157 1343 τοῖς
2194 1281 2427 1344 πολλοῖς,
2468 1284 2561 1335 καὶ
2589 1277 2667 1345 οἷς
2704 1284 2771 1336 ἂν
2808 1284 2992 1337 ἕποιτο
3034 1286 3196 1353 τυχὲν
3228 1287 3322 1338 καὶ
3359 1286 3420 1338 τὸ
3449 1287 3648 1357 ἐφήδε-

2050 1372 2171 1425 σθαι
2217 1373 2355 1426 δεῖν·
2410 1373 2582 1436 οὕτως
2635 1376 3109 1446 ἀξιομνημόνευτά
3160 1393 3278 1440 πως
3312 1371 3453 1430 εἶναι
3493 1377 3649 1430 δοκεῖ

2048 1466 2142 1517 καὶ
2168 1464 2237 1517 τὰ
2288 1467 2366 1528 εἰς
2408 1465 2558 1536 λῆξιν
2616 1468 2824 1536 ἥκοντα
2857 1468 3155 1540 συμφορῶν
3193 1485 3253 1521 τε
3294 1470 3388 1523 καὶ⁵
3417 1470 3644 1522 παθῶν.

2048 1557 2346 1628 Μονονουχὶ
2379 1558 2485 1630 γάρ
2521 1559 2915 1612 καταϐιάσεταί
2947 1577 3062 1625 πως
3095 1563 3189 1614 καὶ
3220 1562 3288 1616 τά
3323 1562 3503 1616 τοιάδε
3541 1563 3646 1634 τὴν

2049 1648 2324 1720 ἀλήθειαν,
2354 1650 2446 1703 καὶ
2471 1653 2880 1724 φορτικωτέραν
2903 1655 3005 1726 τὴν
3030 1653 3337 1726 προσϐολὴν
3360 1654 3555 1723 ἔχοντα
3581 1658 3645 1710 ὲκ

350 1761 583 1813 maxime
612 1758 914 1829 insignibus
943 1759 1007 1811 de
1045 1755 1212 1826 gloria
1284 1755 1639 1810 contendunt.
1661 1755 1836 1823 Atque
1879 1763 1935 1806 ut

2048 1741 2241 1811 πολλῆς
2295 1743 2434 1809 ἄγαν
2491 1744 2900 1813 ἀναισχυντίας,
2965 1744 3107 1810 ἀξιοῖ
3159 1745 3643 1815 μνημονεύεσθαι,

350 1851 488 1903 bona
525 1889 540 1912 ,
580 1849 683 1914 sic,
713 1849 926 1917 opinor,
953 1859 1006 1901 et
1034 1846 1269 1901 infausta
1295 1861 1358 1901 ac
1387 1846 1591 1912 tristia,
1635 1861 1738 1899 non
1773 1845 1942 1898 inuti-

349 1942 475 1996 liter
500 1951 1012 1995 eommemorautur.
1043 1938 1134 1993 Illa
1164 1937 1429 2008 siquidem
1459 1940 1524 1991 ad
1548 1937 1764 1992 virtutis
1793 1952 1943 1992 arno-

351 2049 465 2089 rem
488 2033 855 2088 auscultantes
883 2041 1116 2094 acuunt;
1139 2034 1273 2094 lucc,
1310 2031 1446 2084 maia
1501 2040 1788 2100 antequam
1845 2046 1941 2084 ve-

351 2128 505 2178 niant
535 2125 975 2192 sentianturqne,
1019 2123 1298 2191 deprecari
1330 2123 1560 2188 docent;
1588 2130 1643 2177 et
1697 2135 1790 2189 per
1826 2135 1944 2188 quae

353 2217 440 2267 alii
471 2229 656 2284 pinnas
681 2221 1060 2282 susceperunt,
1089 2229 1188 2283 per
1216 2213 1407 2268 eadem
1434 2212 1653 2282 paribus
1684 2227 1741 2264 se
1773 2212 1938 2266 scele-

351 2308 502 2361 ribus
530 2306 744 2360 irretire
769 2305 1046 2376 cupientes
1075 2319 1182 2360 non
1203 2305 1408 2361 sinunt.

426 2577 588 2632 Vens.
615 2578 670 2630 4.
703 2574 930 2630 Residua
952 2589 1121 2630 erucae
1151 2573 1372 2628 comedit
1408 2572 1630 2636 locusta,
1663 2585 1709 2627 et
1736 2575 1947 2628 residua

351 2672 568 2724 locusta:
601 2669 820 2724 comedit
853 2661 1102 2734 bruchus,
1161 2677 1210 2721 et
1247 2667 1456 2721 residua
1497 2665 1683 2720 bruclti
1727 2669 1946 2722 comedit

353 2765 569 2834 rubigo.

423 2939 746 3007 lV.Semper
764 2939 1000 2993 involuta
1021 2949 1102 2993 est
1131 2938 1374 2993 nonnihil
1390 2948 1702 2992 sanctorum
1718 2935 1946 3005 prophe-

352 3040 529 3084 tarum
563 3028 760 3093 oratio,
788 3037 842 3082 et
870 3039 1089 3082 narratu
1130 3029 1441 3082 tristissima
1499 3028 1642 3082 haud
1692 3027 1827 3081 satis
1881 3027 1945 3078 li-

2045 1833 2139 1884 καὶ
2184 1835 2304 1895 ταῖς
2335 1832 2445 1886 τῶν
2496 1834 2766 1904 μεγίστων
2796 1835 2975 1900 δόξαις
3008 1836 3320 1904 φιλονεικεῖ.
3357 1837 3514 1907 Ἔχει
3555 1837 3646 1902 δὲ,

2045 1923 2232 1994 ὥσπερ
2261 1924 2331 1976 τὰ
2374 1925 2609 1994 χρηστά,
2635 1926 2734 1994 τήν
2772 1929 2991 1998 μνήμην
3034 1929 3134 1980 οὐκ
3184 1926 3412 1999 ἀκερδῇ
3443 1928 3644 1992 οὕτως,

2045 2011 2218 2086 οἶμαι,
2249 2017 2344 2069 καλ⁸
2372 2017 2439 2070 τά
2475 2018 2638 2071 σκαιά
2663 2035 2766 2070 που
2795 2019 2889 2072 καῖ⁵
2932 2019 3254 2091 σκυθρωπά.
3287 2020 3366 2072 Τά
3410 2021 3508 2090 μὲν
3531 2023 3649 2092 γάρ
3675 2023 3680 2031 ’

2047 2109 2126 2171 εἰς
2151 2107 2337 2176 ἔφεσιν
2369 2109 2572 2179 ἀρετῆς
2605 2110 2916 2182 παραθήγει
2948 2113 3074 2174 τοὺς
3115 2112 3502 2183 ἀκροωμένους
3524 2130 3536 2144 ·
3575 2114 3648 2166 τά

2045 2199 2102 2252 δὲ
2130 2199 2236 2270 πρὸ
2275 2200 2464 2268 ἐφόδου
2510 2200 2609 2270 τὴν
2640 2201 2745 2254 τῶν
2775 2201 2962 2256 κακῶν
3007 2205 3203 2273 πεῖραν
3250 2203 3648 2272 παραιτεῖσθαι

2046 2292 2287 2346 διδάσκει
2307 2310 2320 2323 ο
2346 2295 2440 2348 καὶ
2465 2294 2530 2346 δι’
2555 2287 2629 2350 ὧν
2656 2295 2834 2368 ἕτεροι
2860 2295 3287 2367 τετιμώρηνται,
3321 2296 3411 2350 διά
3433 2298 3647 2354 τούτων

2047 2384 2228 2438 αὐτῶν
2274 2385 2336 2438 τὸ
2387 2389 2501 2450 τοῖς
2546 2387 2683 2451 ίσοις
2735 2389 2998 2443 ἐναλῶναι
3050 2387 3235 2460 ζητεῖν
3282 2391 3382 2443 οὐκ
3445 2390 3648 2463 ἀφίησί

2047 2494 2220 2541 τινας.

2124 2570 2200 2624 Τὰ
2225 2570 2562 2626 κατάλοιπα
2586 2571 2696 2642 τῆς
2727 2573 2969 2643 κὰμπης
3009 2574 3344 2644 κατέφαγεν
3375 2573 3409 2641 ἡ
3442 2573 3642 2644 ἀκρίς,

2050 2660 2148 2714 καὶ
2173 2662 2244 2716 τὰ
2275 2663 2613 2718 κατάλοιπα
2640 2664 2748 2734 τῆς
2772 2665 3015 2734 ἀκρίδος
3039 2666 3374 2736 κατέφαγεν
3402 2669 3434 2719 ό
3455 2666 3646 2733 ,ϐροῦ-

2050 2769 2178 2819 χος,
2211 2755 2305 2807 καὶ
2338 2755 2411 2808 τὰ
2447 2756 2784 2810 κατάλοιπα
2831 2757 2937 2811 τοῦ
2982 2758 3260 2827 βρούχου
3299 2758 3648 2827 κατέφαγεν

2048 2845 2086 2911 νή
2119 2846 2367 2914 ἐρυσίϐη
2378 2889 2390 2901 .
3617 2871 3624 2876 λ

2118 2938 2193 2992 Δ’.
2227 2941 2547 3011 Κέκρυπταί
2581 2960 2698 3006 πως
2736 2943 2823 2996 ἀεὶ
2847 2942 2954 2994 τῶν
2983 2938 3152 3010 ἁγίων
3180 2943 3471 3013 προφητῶν
3504 2943 3533 2994 6
3559 2942 3648 2996 λό-

2049 3048 2165 3098 γος,
2187 3032 2282 3083 καὶ
2305 3031 2376 3084 τὰ
2398 3034 2605 3103 σφόδρα
2627 3036 2760 3087 σκυθ
2771 3034 2925 3105 ρωπά
2960 3033 3068 3087 τῶν
3096 3034 3450 3104 διηγημάτων
3479 3033 3649 3104 ὀκνη-

351 3122 542 3176 benter
579 3119 906 3192 proferunt;
947 3135 1081 3175 neve
1134 3119 1416 3175 audientes
1472 3118 1786 3174 ell'renatins
1836 3119 1939 3170 ira-

2051 3122 2160 3192 ρῶς
2193 3123 2511 3195 ἐκφέρουσι,
2562 3125 2656 3178 καὶ
2689 3125 2778 3179 διά
2818 3125 2918 3189 τὰς
2968 3124 3076 3180 τῶν
3118 3127 3486 3196 ἀκροωμένων
3521 3127 3647 3179 ἀτι-

351 3224 593 3278 scantur,
631 3228 766 3282 quas
815 3221 1062 3282 possunt,
1121 3213 1470 3268 obscuritatis
1518 3214 1737 3266 utnhras
1779 3211 1940 3265 indu-

351 3314 520 3370 cunt;
562 3305 848 3374 aenigmata
903 3306 1068 3359 etiam
1118 3313 1171 3358 et
1221 3305 1502 3374 parabolas
1571 3302 1944 3373 excogitantes

351 3413 457 3451 non
507 3398 853 3452 mediocriter
903 3407 1158 3465 prosunt;
1222 3412 1604 3466 nonnunquam
1656 3405 1711 3451 et
1759 3410 1941 3449 exemv

352 3490 436 3558 pla
519 3502 818 3560 opportuna
898 3489 1151 3545 afferunt.
1221 3488 1312 3543 Sic
1382 3490 1522 3556 apud
1606 3486 1939 3543 Ezechielcm

358 3602 378 3633 ι
419 3582 608 3650 Aquila
634 3583 876 3651 grandis,
919 3598 1236 3653 magnarum
1279 3582 1510 3647 alarutn,
1542 3599 1560 3632 ι
1602 3580 1941 3649 proponitur,

357 3691 376 3724 ‹
403 3673 560 3742 longo
590 3675 956 3727 membrorum
983 3673 1165 3735 ductu.
1200 3684 1252 3729 et
1281 3674 1434 3742 plena
1466 3673 1682 3744 plumis,
1711 3687 1832 3742 quze
1857 3670 1943 3723 ha-

353 3763 442 3816 bet
471 3764 688 3818 ductum
724 3764 957 3818 intrandi
1016 3766 1080 3818 ad
1147 3765 1434 3830 Libanum,
1485 3773 1541 3818 et
1595 3765 1715 3818 tulit
1767 3762 1939 3816 cloela

351 3857 878 3911 ecdri.Summitates
908 3856 1290 3911 teneritudinis
1315 3857 1432 3925 ejus
1460 3855 1730 3918 avulsit,et
1762 3867 1939 3912 trans-

354 3951 590 4020 portavit
649 3966 743 4004 eas
770 3951 822 4004 in
858 3961 1058 4003 terram
1113 3951 1367 4004 Chanaan
1394 3949 1461 4002 ⁸³.
1502 3969 1519 4002 ι
1551 3948 1942 4020 διιΙιεῑςηίΙίςιιο

349 4043 427 4095 vit
449 4043 592 4095 enim
624 4041 815 4106 Assur,
850 4042 1149 4112 principem
1199 4051 1356 4096 terra:
1419 4041 1742 4112 Babyloniae,
1775 4042 1941 4112 200

351 4133 442 4202 qui
474 4133 674 4186 eximia
703 4149 928 4203 quaeque
982 4149 1045 4188 ex
1093 4135 1254 4188 Israel
1306 4135 1550 4204 diripuit,
1615 4133 1943 4202 domumque

351 4225 552 4278 avexit.
585 4224 662 4278 Ac
702 4224 1020 4280 sterilitates
1077 4226 1292 4294 quidem
1349 4241 1622 4295 agrorum,
1673 4225 1941 4278 fructuum

351 4328 688 4373 maturorum
728 4319 1030 4386 penuriam,
1082 4333 1278 4372 sxevam
1354 4333 1495 4387 srcpe
1538 4328 1591 4371 et
1632 4319 1940 4372 diuturnam

351 4409 551 4463 famem
584 4422 679 4479 per
707 4407 944 4462 Judteam
967 4409 1262 4472 exstitisse,
1311 4424 1465 4463 sacra
1512 4409 1790 4477 Scriptura
1859 4423 1944 4462 re-

2046 3214 2278 3279 οάσσους
2319 3217 2492 3286 ὀργάς
2537 3220 2657 3282 ταῖς
2707 3218 3088 3290 ἐνδεχομέναις
3130 3219 3418 3288 ἀσαφείαις
3461 3237 3643 3272 κατα-

2048 3307 2382 3372 σκιάζουσιν.
2417 3309 2727 3380 Αἰνίγματα
2757 3309 2814 3362 δὲ
2865 3312 2957 3364 καὶ
3000 3311 3320 3382 παραϐολάς
3361 3311 3645 3364 ἀναπλάτο

2043 3416 2247 3477 τοντες,
2267 3399 2568 3469 ὠφελοῦσιν
2584 3401 2643 3453 οὺ
2675 3402 2931 3472 μετρίως.
2956 3403 3117 3456 Ἔστι
3136 3403 3192 3456 δὲ
3215 3404 3400 3467 αὐτοῖς
3424 3406 3451 3456 6
3473 3404 3638 3472 λόγος

2047 3492 2140 3544 καὶ
2169 3491 2258 3546 διὰ
2295 3492 2582 3563 χρησίμων
2613 3493 2723 3546 ἔσθ’
2771 3495 2858 3547 ὅτε
2894 3497 3377 3567 παραδειγμάτων.
3421 3498 3643 3552 Ὀποῖόν

2045 3581 2160 3633 ὲστι
2192 3581 2286 3633 καὶ
2325 3581 2383 3632 τὸ
2408 3583 2556 3654 παρὰ
2583 3583 2678 3636 τοῦ
2722 3583 2981 3657 Ἰεζεχιὴλ
3011 3587 3292 3657 κείμενονο
3332 3606 3349 3639 ι
3393 3588 3451 3640 ὐ
3479 3589 3643 3652 ἀετὸς

2045 3673 2073 3722 6
2109 3670 2302 3739 μέγας,
2334 3673 2362 3724 ὁ
2411 3674 2916 3746 μεγαλοπτέρυγος,
2948 3679 2976 3730 ὁ
3025 3679 3233 3750 μακρὸς
3277 3683 3343 3751 τῇ
3391 3679 3644 3744 ἐκτάσει,

2047 3762 2139 3814 καὶ
2171 3762 2385 3835 πλήρης
2418 3764 2647 3834 ὀνύχων,
2675 3765 2731 3828 ὃς
2769 3765 2881 3837 ἔχει
2915 3768 2974 3821 τὸ
3011 3769 3204 3840 ἦγημα
3255 3771 3516 3826 εἰσελθεῖν
3555 3776 3643 3838 είς

2045 3852 2135 3906 τὸν
2178 3853 2429 3918 Λίϐανον,
2476 3855 2570 3908 καὶ
2610 3856 2767 3910 ἔλαϐε
2795 3858 2863 3911 τά
2899 3859 3132 3913 ἐκλεκτά
3172 3862 3272 3931 τῆς
3300 3863 3514 3933 κέδρου.
3548 3865 3636 3918 Τά

2045 3944 2189 4014 ἄκρα
2220 3945 2318 4016 τῆς
2351 3947 2692 4016 ἁπαλότητος
2731 3949 3015 4011 ἀπέκνισε,
3049 3951 3142 4004 καὶ
3170 3952 3401 4021 ἤνεγκεν
3434 3954 3640 4018 αὐτοὺς

2045 4039 2127 4100 είς
2149 4037 2246 4108 τὴν
2277 4041 2381 4109 γῆν
2427 4038 2664 4093 Χαναάν.
2705 4061 2724 4093 ι
2767 4041 3067 4112 ’Υπεδήλου
3108 4045 3218 4115 γὰρ
3259 4043 3508 4116 Ἀσσοὺρ,
3542 4048 3640 4099 τὸν

2045 4129 2141 4196 τῆς
2173 4129 2529 4183 Βαϐυλωνίων
2573 4131 2807 4201 ἄρχοντα
2844 4133 2970 4202 γῆς,
2997 4134 3089 4186 τὸν
3133 4136 3501 4207 ἀποκείραντα
3523 4141 3640 4192 τῶν

2045 4219 2104 4283 ἐξ
2142 4221 2357 4291 Ἰσραήλ
2385 4222 2452 4274 τὰ
2475 4222 2745 4294 ἐξαίρετα,
2781 4225 2876 4277 καὶ
2899 4225 3058 4278 οἴκοι·
3075 4227 3377 4296 μεταθέντα
3400 4229 3460 4281 τὸ
3481 4229 3642 4302 διηρ-

2046 4309 2346 4382 πασμένον.
2387 4315 2496 4366 Καὶ
2523 4316 2603 4368 ὅτι
2638 4317 2736 4388 μὲν
2765 4317 3050 4386 γεγόνασιν
3084 4321 3308 4390 άφορίαι
3331 4338 3391 4374 τε
3423 4322 3634 4394 ἀγρῶν,

2045 4401 2266 4467 ἔνδειαι,
2306 4403 2414 4456 τῶν
2457 4404 2703 4476 ὡρίμων,
2733 4409 2828 4460 καὶ
2873 4409 3022 4479 λιμοὶ
3064 4410 3382 4475 πλειστάκις
3407 4414 3638 4483 ἀπηνεῖς

351 4503 475 4557 fert.
537 4501 840 4567 Quinetiam
869 4501 1084 4566 quidam
1121 4501 1532 4554 fantemacerali
1565 4516 1629 4554 eo
1661 4502 1939 4568 angustia-

2048 4511 2099 4546 τε
2133 4496 2228 4548 καὶ
2261 4496 2466 4564 κατάγε
2499 4497 2596 4568 τὴν
2634 4500 2894 4554 Ἰουδαίαν
2922 4501 3125 4572 χώραν,
3161 4502 3264 4573 ἔφη
3297 4503 3357 4556 τὸ
3385 4505 3633 4576 Γράμμα

350 4609 468 4647 rum
495 4591 672 4647 adacti
709 4601 853 4655 sunt,
889 4599 945 4644 ut
972 4601 1130 4661 caput
1161 4591 1300 4644 asini
1349 4592 1739 4661 quinquaginta
1796 4593 1944 4648 sielis

349 4692 595 4740 emerent
627 4682 697 4736 ³³.
723 4680 1108 4737 Calamitosum
1143 4693 1354 4750 tempus
1375 4683 1670 4737 ostemlunt
1726 4699 1943 4752 quoque

348 4789 510 4842 super
541 4771 839 4828 infantibus
883 4772 1122 4826 rixantes
1183 4773 1301 4825 dua:
1356 4771 1702 4827 mulierculae.
1753 4773 1939 4827 Altero

351 4869 492 4920 enim
527 4868 833 4935 absumpto.
871 4866 935 4920 de
959 4865 1133 4920 altero
1167 4865 1286 4919 viro
1305 4865 1566 4934 judicium
1597 4881 1623 4918 a
1663 4882 1786 4934 rege
1843 4882 1936 4932 pe-

356 4957 544 5011 tebant
570 4958 631 5008 “.
667 4959 846 5022 Quare
879 4959 922 5011 si
946 4973 1196 5028 agrorum
1235 4956 1673 5019 infecunditates,
1728 4967 1780 5010 et
1824 4955 1932 5009 frit-

351 5059 532 5103 ctuum
563 5051 690 5102 vitia
725 5050 1073 5119 propheticus
1104 5065 1282 5104 sermo
1313 5049 1471 5103 nobis
1504 5066 1598 5117 per
1638 5049 1756 5101 haec
1790 5048 1936 5101 inte-

351 5153 604 5212 gumenta
641 5143 866 5205 indicat,
899 5143 1056 5196 etiam
1090 5145 1168 5199 sic
1193 5158 1278 5199 res
1305 5143 1642 5198 intoleranda
1675 5142 1936 5210 intelliga-

354 5247 459 5292 tur.
492 5233 624 5288 Nam
651 5236 936 5305 gradatim,
995 5236 1112 5289 sine
1151 5237 1434 5291 intervallo
1477 5236 1635 5306 lenge
1687 5234 1935 5302 plurimis

351 5337 406 5384 et
433 5327 754 5381 immanibus
790 5328 1128 5382 detrimentis
1153 5327 1464 5391 deformari,
1506 5329 1774 5398 quomodo
1830 5345 1932 5379 non

355 5432 681 5487 magnopere
715 5416 1136 5484 intolerandum,
1162 5429 1215 5473 et
1270 5420 1483 5474 silentio
1539 5426 1716 5488 potius
1773 5437 1931 5485 qnam

353 5509 663 5563 narratione
693 5506 916 5577 dignum
946 5508 1072 5562 est?
1097 5507 1246 5575 Quod
1279 5509 1414 5564 si-ex
1449 5509 1607 5564 dictis
1648 5510 1936 5564 involutio-

419 5685 469 5722 ⁴³
507 5686 704 5743 Ezech.
744 5703 876 5754 xvtt,
905 5687 956 5740 7.
1035 5687 1081 5720 “
1119 5685 1184 5741 IV
1226 5688 1353 5758 Reg.
1399 5702 1470 5749 τι,
1503 5685 1593 5739 εὶῦ.

2045 4589 2106 4640 τὸ
2166 4589 2330 4657 ἱερόν.
2365 4589 2501 4659 Ἤδη
2560 4592 2668 4662 γάρ
2715 4609 2857 4655 τινες
2901 4593 3060 4663 λιμοῦ
3102 4597 3505 4666 κατατήκοντος
3554 4601 3640 4662 εἰς

2040 4678 2197 4732 τοῦτο
2220 4681 2466 4752 ἀνάγκης
2490 4686 2899 4754 κεχωρήκασιν,
2919 4685 3058 4740 ὥστε
3090 4689 3213 4742 ὄνου
3239 4689 3479 4759 κεφαλὴν
3506 4708 3639 4744 πενο

2038 4772 2270 4842 τήκοντα
2304 4773 2567 4844 πρίασθαι
2588 4776 2806 4830 σίκλων.
2829 4779 3183 4848 Παραδείξειε
3215 4781 3257 4832 δ’
3288 4781 3352 4834 ἂν
3371 4782 3467 4852 τήν
3490 4785 3638 4837 κατὰ

2038 4864 2265 4934 καιροὺς
2317 4865 2638 4936 ἀγριότητα,
2687 4870 2949 4940 περὶτῶν
2999 4873 3224 4925 παιδίων
3267 4876 3638 4944 μεμαχημένα

2042 4957 2261 5025 γύναια.
2303 4959 2458 5012 Ἐπεὶ
2495 4959 2602 5031 γὰρ
2627 4963 3082 5034 γατεδηδὸκεισαν
3109 4965 3165 5017 αί
3189 4965 3283 5019 δύο
3306 4966 3364 5018 τὸ
3398 4967 3474 5031 ἒν,
3502 4969 3639 5038 περὶ

2041 5049 2136 5102 τοῦ
2171 5049 2372 5113 ζῶντος
2407 5050 2722 5115 δικάζεσθαι
2769 5054 2918 5124 παρά
2952 5059 3067 5118 τοῖς
3099 5057 3391 5127 κρατοῦσιν
3424 5058 3635 5128 ἠξίουν.

2041 5140 2272 5203 Οὐκοῦν,
2321 5143 2369 5194 εἰ
2399 5143 2497 5212 μὲν
2535 5144 2718 5214 ἀγρῶν
2754 5145 3005 5216 ἀφορίας,
3055 5147 3148 5200 καὶ
3189 5149 3418 5218 καρπῶν
3457 5167 3636 5204 κατα-

2042 5235 2249 5306 φθορὰς
2294 5239 2322 5290 6
2358 5239 2694 5308 προφητικδς
2727 5240 2856 5310 ήμῖν
2900 5241 2956 5291 ὲν
2986 5240 3198 5306 τούτοις
3227 5244 3634 5314 κατασημαίνει

2040 5327 2220 5396 λόγος,
2256 5331 2429 5382 νοοῖτο
2479 5330 2667 5400 χρῆμα
2716 5331 2809 5383 καὶ
2854 5329 3033 5394 οὕτως
3072 5333 3380 5404 ἀφόρητονο
3414 5335 3476 5388 τὸ
3523 5337 3634 5407 γὰρ

2043 5419 2240 5490 ἐφεξῆς
2276 5422 2369 5480 καὶ
2401 5423 2622 5492 ἁμέσως
2647 5423 2926 5486 πλείσταις
2950 5441 3009 5476 τε
3041 5425 3194 5490 ὅσαις
3233 5426 3326 5480 καὶ
3361 5427 3633 5498 χαλεπαῖς

2044 5512 2460 5578 καταικίζεσθαι
2515 5514 2769 5586 πληγαῖς,
2803 5517 2920 5578 πῶς
2959 5517 3021 5568 οὐ
3071 5518 3351 5572 δύσοιστον
3404 5521 3630 5592 κομιδῇ,

1703 5689 1747 5718 ⁸⁵
1791 5689 1917 5742 ibid.
1961 5689 2051 5754 9.6,
2069 5689 2158 5744 28.
