3954 6208
256 262 362 317 ’ὁῗιδ

1146 250 1696 311 COMMENTARIUS
1736 249 1803 305 IN
1842 247 2109 305 JOELEM
2154 247 2596 317 PRQPlIET.-\.\l.

3426 253 3528 311 536

253 385 347 436 καὶ
377 379 470 435 τοῦ
510 380 941 451 μνημονεύεσθαι
975 378 1206 449 πρέπειν
1238 380 1337 431 οὐκ
1363 376 1661 447 ἀμοιροῦνς
1695 377 1755 427 Εἰ
1784 375 1840 429 δὲ

1961 374 2097 428 ribus
2132 388 2324 427 sensus
2344 372 2539 426 elicere
2566 369 2863 441 apertiores
2888 374 3225 441 conceditur,
3277 376 3528 430 exiguum

252 475 334 527 δεῖ
358 475 452 527 καὶ
486 475 568 535 εἰς
593 471 788 539 ἐτέρας
817 472 947 540 ἡμῖν
972 470 1183 531 ἐννοίας
1218 466 1579 538 ἀποκομίζειν
1609 467 1676 519 τά
1706 466 1842 519 θεω-

256 566 476 636 ρήματα
532 562 976 630 κατεσκιασμένα
1033 558 1132 621 τὰς
1174 558 1623 627 ὲμφανεστέρας,
1667 556 1844 609 ἔοικεν

250 660 382 727 ἡμῖν
415 655 445 706 6
490 654 781 724 προφήτης
830 652 1060 721 κάμπην
1104 650 1197 702 καὶ¹
1245 648 1474 719 ἀκρίδα,
1508 646 1735 719 βροῦχόν
1784 664 1843 699 τε

252 749 344 802 καὶ
385 746 677 816 ὲρυσίὸην,
708 745 804 798 καὶ
848 744 916 796 τά
958 742 1208 796 ἐντεῦθεν
1239 741 1411 805 δεινὰ,
1457 742 1554 795 καὶ
1594 740 1845 810 ἀφόρητα

256 837 581 908 βλάϐη,τάς
627 836 686 887 ἐν
738 833 953 901 ἑκάστῳ
1003 830 1183 902 καιρῷ
1224 828 1598 902 καταδῃὼσεις
1646 828 1845 897 ὑποδη-

252 930 399 992 λοῦν,
434 927 532 980 καὶ
580 925 708 987 τοὺς
742 925 849 977 τῶν
899 920 1287 991 αἰχμαλωσιῶν
1332 921 1665 973 αἰνίττεσθαι
1713 918 1843 988 τρό-

252 1041 417 1088 πους,
476 1022 568 1090 ὑφ’
619 1013 695 1073 ὧν
751 1016 1151 1085 δεδαπάνηνταί
1222 1032 1282 1067 τε
1352 1014 1446 1066 καὶ⁹
1510 1011 1842 1075 ἀπολώλασι,

251 1118 423 1187 ληῖοις
456 1116 515 1167 ὲν
548 1113 648 1182 ἴσῳ
676 1114 790 1175 τοῖς
841 1112 898 1162 ὲν
946 1110 1137 1179 ἀγροῖς
1166 1108 1447 1178 μονονουχὶ
1493 1103 1846 1175 κατεδηδοκό-

250 1230 357 1264 των
418 1208 620 1270 αὐτοὺς
668 1204 765 1259 καὶ
809 1202 1271 1272 κατεφθαρκότων
1315 1199 1423 1251 τῶν
1475 1198 1573 1259 τὰς
1622 1196 1846 1265 ἐφόδους

251 1298 722 1371 ἐξειργασμένων.
760 1291 961 1348 Πολλαὶ
988 1292 1097 1362 γὰρ
1128 1292 1409 1359 γεγόνασιν
1441 1291 1496 1341 αἱ
1530 1286 1637 1340 ἀνὰ
1683 1286 1846 1356 μέρος

1951 465 2271 534 prophetam
2304 480 2400 534 per
2422 479 2664 526 erueam,
2692 464 2978 531 locustam,
3013 466 3300 530 hruchum,
3329 469 3531 536 rubigi-

1948 573 2093 622 nem,
2118 566 2172 611 et
2197 557 2321 611 imle
2364 556 2738 626 provenientia
2760 558 2899 612 mala
2942 574 3008 615 ac
3041 560 3236 614 damna
3272 561 3535 616 intolera-

1950 650 2103 714 bilia,
2172 648 2433 719 cujusque
2488 649 2744 715 temporis
2790 649 3069 705 vastitates
3122 652 3422 714 insinuare,
3480 662 3537 707 et

1948 740 2324 810 captivitatum
2381 740 2720 794 conditiones
2776 741 2867 794 tali
2912 743 3201 801 verborum
3255 743 3534 797 involucro

1950 842 2074 885 ante
2098 832 2283 887 oculos
2315 847 2536 901 ponere,
2574 847 2670 901 per
2699 848 2836 902 quas
2862 848 2967 887 non
3000 848 3159 887 secus
3220 848 3285 888 ac
3322 842 3535 903 segetes

1951 926 2003 977 in
2034 926 2180 995 agris
2202 925 2509 995 consumpti
2542 935 2670 979 sunt
2691 941 2754 979 ac
2785 927 3085 994 perierunt,
3115 940 3252 992 pene
3289 926 3533 980 devorati

1955 1029 2118 1087 atque
2172 1018 2228 1071 in
2291 1018 2517 1071 nihilum
2560 1018 2765 1071 redaeti
2821 1019 2888 1072 ah
2939 1018 3228 1073 hostilibus
3282 1018 3536 1073 exerciti-

1953 1112 2074 1165 hus.
2096 1108 2380 1179 Sigillatim
2407 1124 2639 1178 namque
2668 1108 2914 1163 finitima:
2944 1120 3131 1178 gentes
3148 1108 3427 1164 Judaicam
3451 1126 3537 1165 rc-

1951 1202 2167 1267 gionem
2196 1198 2656 1253 incursationihus
2689 1198 2900 1253 infestis
2934 1214 3074 1268 saepe
3103 1200 3368 1269 pOpulaltB
3388 1212 3533 1257 sunt.

1950 1291 2256 1361 Aliquando
2286 1298 2337 1342 et
2370 1288 2590 1361 [Egypti
2622 1306 2777 1361 reges
2799 1291 3195 1360 expeditionem
3223 1307 3288 1346 eo
3346 1307 3533 1347 susce-

249 1390 687 1451 ἀναστατώσεις,
724 1387 824 1454 τῆς
856 1385 1126 1439 Ἰουδαίων
1153 1382 1331 1453 χώρας
1378 1382 1486 1435 τῶν
1518 1378 1854 1450 παροικούνο

1961 1394 2168 1453 perunt.
2240 1383 2481 1439 Rohoam
2538 1385 2737 1454 quippe
2809 1384 3193 1455 Hierosolymis
3255 1396 3532 1455 regnante,

249 1496 360 1530 των
396 1477 573 1529 ἐθνῶν
599 1473 1173 1544 κατεστρατευκότων,
1204 1470 1316 1524 ἐσθ’
1348 1471 1438 1523 ὅτε
1471 1470 1565 1522 καὶ
1604 1467 1713 1521 τῶν
1749 1469 1848 1537 τῆς

250 1570 537 1638 Αἰγύπτου
593 1565 1073 1638 βεδασιλευκότων.
1136 1563 1425 1625 Διέποντος
1485 1561 1584 1632 μὲν
1633 1562 1742 1631 γάρ
1788 1562 1845 1612 ἐν

263 1658 664 1730 Ἰεροσολύμοις
686 1658 784 1727 τὴν
812 1654 1057 1724 βασιλίδα
1082 1653 1247 1724 τιμὴν
1276 1653 1372 1706 τοῦ
1414 1650 1845 1721 Ῥοϐοὰμ,ἀνέ6η

1954 1476 2196 1530 ascendit
2223 1476 2492 1540 Susacim,
2524 1478 2724 1547 regiam
2752 1478 3057 1546 occupavit,
3088 1486 3140 1530 et
3174 1487 3440 1546 quotquot
3464 1479 3534 1530 ibi

1954 1578 2113 1621 erant
2142 1568 2441 1633 thesauros,
2468 1570 2763 1637 hastasque
2797 1580 2850 1623 et
2881 1569 3098 1639 clypeos
3134 1582 3348 1633 aureos,
3406 1584 3542 1637 quos

1958 1660 2161 1715 fecerat
2182 1658 2460 1721 Salomon.
2498 1662 2714 1723 avertit,
2747 1672 2949 1715 etcum
3004 1661 3226 1714 victoria
3260 1660 3538 1731 splendida

254 1750 571 1818 Σουσακεὶμ
613 1747 866 1817 βασιλεὺς
896 1744 1199 1814 Αἰγύπτου,
1237 1737 1346 1795 εἷλέ
1376 1761 1432 1795 τε
1462 1742 1532 1796 τὰ
1580 1742 1848 1813 βασίλεια,

1961 1755 2178 1806 domum
2222 1755 2380 1809 rediit
2410 1754 2475 1806 ".
2515 1752 2622 1807 Nec
2653 1767 2811 1820 parva
2840 1767 2933 1806 eos
2968 1752 3121 1806 clade
3162 1729 3323 1806 Azael
3373 1752 3542 1824 Syrus

255 1848 349 1896 καί
382 1844 598 1903 πάντας
634 1839 867 1893 ἐκένωσε
893 1837 1020 1900 τοὺς
1061 1839 1119 1890 ἐν
1166 1838 1352 1899 αὐτοῖς
1394 1835 1721 1907 θησαυροὺς,
1755 1834 1851 1886 καὶ

253 1940 322 1991 τὶ
355 1938 542 2009 χρυσᾶ
562 1936 781 2007 δόρατα,
816 1932 909 1985 καὶ
933 1931 1031 1995 τὰς
1054 1932 1288 1993 ἀσπίδας
1315 1930 1453 2001 ἔχων
1483 1927 1547 1992 ἃς
1580 1927 1851 1997 πεποίηκε

253 2029 533 2099 Σολομὼν,
569 2028 665 2082 καὶ
688 2026 959 2098 λαμπρῶς
991 2022 1315 2095 νενικηκὼς,
1353 2021 1533 2075 οἶκαδε
1568 2019 1730 2073 πάλιν
1761 2020 1854 2072 ἀν-

254 2122 569 2191 εκομίζετο.
610 2122 721 2173 Καὶ
768 2119 872 2189 μὴν
907 2118 999 2170 καὶ
1037 2115 1232 2186 Ἀζαὴλ
1265 2117 1293 2167 6
1329 2114 1499 2185 Σύρος
1534 2115 1591 2167 ού
1628 2112 1856 2183 μετρίας

257 2218 441 2276 αὐτοῖς
476 2215 749 2283 ἐπήνεγκε
780 2212 1014 2281 πληγάς.
1048 2204 1173 2263 Εἷλε
1200 2209 1257 2262 δὲ
1304 2208 1400 2262 καὶ⁹
1423 2207 1561 2261 Φοὺλ
1604 2206 1856 2276 βασιλεὺς

262 2309 624 2361 Βαϐυλωνίων
682 2307 779 2369 τὰς
841 2305 986 2375 πέρα
1051 2302 1146 2356 τοῦ
1184 2302 1448 2374 Ἰορδάνου
1500 2300 1693 2370 φυλάς.
1750 2302 1860 2367 Και

265 2404 366 2474 7:96
385 2420 448 2471 γε
471 2401 537 2471 δὴ
570 2398 776 2452 τούτων
799 2396 997 2467 Νεχαὼ
1024 2395 1222 2468 Φαραὼ
1251 2396 1506 2467 βασιλεὺς
1543 2393 1844 2461 Αίγύπτου,

265 2492 598 2565 κρατοῦντος
640 2489 868 2551 Ἰωσίου,
895 2489 1332 2560 κατεστράτευσε
1368 2489 1467 2559 τῆς
1516 2485 1854 2558 Σαμαρείας,

266 2587 353 2639 καὶ
387 2585 623 2655 δασμοῖς
654 2583 899 2653 ὑπέθηκε
935 2583 1042 2651 τὴν
1062 2584 1186 2652 γῆν.
1232 2580 1460 2633 Ἑκατὸν
1484 2578 1593 2649 γάρ
1623 2577 1857 2649 ἐζήτησε

268 2678 493 2749 χρυσίου
527 2675 789 2728 τάλαντα.
829 2678 1040 2728 υύκουν
1093 2673 1322 2727 πλεῖστα
1360 2672 1457 2741 μὲν
1483 2671 1583 2724 ὅσα
1621 2668 1689 2721 τὰ
1718 2686 1859 2738 συμ-

268 2770 542 2840 ϐεϐηκότα
573 2767 715 2821 κατὰ
765 2767 1015 2836 καιροὺς,
1056 2765 1227 2818 δειναὶ
1270 2764 1328 2816 δὲ
1371 2763 1466 2816 καὶ
1508 2762 1859 2829 ἀξιάκουστοι

269 2862 567 2933 πορθήσεις
596 2860 853 2929 γεγόνασι
878 2858 1166 2926 τέσσαρες.
1212 2854 1596 2918 Βασιλεύοντος
1623 2853 1722 2923 μὲν
1750 2855 1859 2922 γάρ

271 2958 324 3009 ὲν
348 2953 639 3025 Σαμαρείᾳ
684 2952 840 3024 Ὠσηὲ
876 2950 994 3004 υἱοῦ
1037 2949 1192 3014 Ἠλά,
1234 2947 1402 3018 ἀνέση
1442 2946 1807 3017 Σαλμανασάρ
1831 2947 1859 2997 6

1960 1844 2233 1899 alllixit".
2272 1847 2447 1901 Etiam
2506 1844 2701 1899 [’hulas
2749 1844 3164 1914 Babyloniorum
3215 1861 3307 1899 rex
3372 1847 3542 1899 trihm

1963 1947 2113 1992 trans
2138 1936 2427 1992 Jordanem
2461 1938 2691 2007 subegit.
2726 1936 2789 1990 Et
2809 1945 2935 1991 ante
2963 1937 3061 1990 hos
3082 1936 3296 1990 Pharao
3325 1936 3541 1991 Nechao

1960 2044 2054 2083 rex
2080 2027 2323 2100 Egypti,
2343 2027 2488 2084 Josia
2519 2038 2794 2098 sceptrum
2825 2036 3064 2091 tenente,
3097 2029 3401 2083 Samariam
3455 2028 3541 2081 iu-

1958 2122 2121 2187 vasit,
2155 2120 2427 2190 regionem
2461 2119 2975 2185 fecittributariam,
3034 2122 3240 2174 exactis
3288 2122 3406 2174 auri
3471 2131 3547 2173 ta-

1961 2213 2123 2268 lentis
2156 2224 2373 2268 centum
2402 2212 2467 2264 “.
2504 2212 2755 2268 Plurima:
2777 2213 2941 2280 igitur
2969 2212 3280 2267 Judreorum
3314 2215 3525 2266 calami.

1964 2314 2102 2360 tates
2130 2312 2185 2359 et
2210 2304 2541 2359 vastationes
2570 2304 2805 2359 diversis
2867 2304 3221 2372 temporibus,
3275 2304 3545 2371 insignio-

1963 2412 2051 2452 res
2076 2407 2255 2451 autem
2282 2405 2337 2451 et
2364 2396 2744 2451 memorabiles
2773 2407 3006 2466 quatuor
3047 2398 3415 2466 contigerunt.
3439 2394 3545 2450 Re-

1962 2498 2161 2559 gnante
2184 2490 2328 2545 enim
2352 2490 2406 2543 in
2442 2489 2688 2543 Samaria
2715 2490 2879 2553 Osee,
2923 2489 3033 2543 filio
3068 2489 3244 2554 Elam,
3302 2492 3547 2546 ascendit

1964 2579 2316 2636 Salmanasar
2341 2581 2620 2652 Assyrius,
2663 2592 2719 2635 et
2748 2580 3007 2636 Israelem
3052 2582 3120 2636 ad
3169 2582 3460 2637 Persarum
3489 2592 3546 2637 et

1963 2672 2243 2728 Medorum
2272 2682 2514 2727 montosa
2542 2672 2816 2727 transtulit
2844 2673 2909 2729 δ’.
2944 2673 3096 2728 Haud
3136 2672 3226 2728 diu
3289 2682 3428 2743 post,
3454 2672 3542 2730 Je-

1962 2765 2132 2821 remia
2165 2764 2514 2827 vaticinante,
2549 2763 2599 2817 vi
2631 2773 2688 2819 et
2713 2764 2882 2820 armis
2911 2764 3071 2834 201
3108 2763 3542 2836 Hierosolymam

1962 2855 2468 2911 Nabuchodonosor
2490 2854 2817 2920 obtinuit",
2838 2864 2892 2911 et
2946 2854 3112 2911 Israel
3156 2857 3403 2927 captivus
3457 2858 3544 2913 vix

1964 2948 2178 3004 tandem
2205 2963 2235 3003 a
2252 2947 2394 3019 Cyro
2412 2948 2697 3020 Cambysis
2713 2949 2826 3005 lilio
2848 2949 3051 3019 elapsis
3072 2964 3263 3021 nempe
3289 2951 3447 3007 annis
3469 2966 3549 3009 se-

282 3046 592 3116 Ἀσσύριος,
616 3047 712 3097 καὶ
742 3040 989 3112 ἀπῴκισε
1017 3041 1109 3094 τὸν
1141 3038 1358 3111 Ἰσραὴλ
1383 3040 1461 3103 είς
1484 3038 1553 3091 τά
1586 3038 1689 3109 ὅρη
1721 3038 1854 3109 Περ-

1961 3039 2260 3111 ptuaginta,
2278 3040 2533 3097 dimissus
2554 3051 2639 3096 est
2659 3041 2727 3097 “.
2748 3040 2952 3097 Deinde
2984 3043 3280 3099 secundum
3314 3053 3547 3116 tempus,

271 3139 378 3193 σῶν
395 3139 491 3191 καὶ
519 3137 745 3207 Μήδων.
762 3132 897 3188 Εἶτα
916 3134 1090 3205 βραχὺ
1114 3131 1397 3204 προϊόντος
1410 3129 1504 3183 τοῦ
1527 3128 1742 3200 καιροῦ,
1764 3128 1859 3181 καὶ

273 3229 711 3301 προφητεύοντος
754 3226 1038 3297 Ἰερεμίου,
1070 3222 1414 3292 κατακράτος
1437 3220 1535 3291 τὴν
1581 3222 1853 3291 Ἰερουσα-

271 3327 378 3397 λὴμ
427 3326 642 3397 ᾕρηκεν
676 3325 703 3376 6
745 3319 1234 3391 Ναϐουχοδονόσορ.
1278 3316 1492 3385 ’ΛνείΘη
1536 3314 1595 3367 δὲ
1630 3313 1783 3384 μόλις
1829 3315 1857 3365 6

285 3418 503 3489 Ἰσραὴλ
534 3416 625 3469 διὰ
644 3414 830 3484 Κύρου
855 3412 949 3465 τού
989 3408 1311 3481 Καμϐύσου,
1337 3408 1446 3461 τῶν
1482 3406 1856 3491 ἑϐδομήκοντα

273 3508 679 3579 τετελεσμένων
702 3506 858 3561 ὲτῶν.
891 3501 1028 3558 Εἶτα
1064 3503 1257 3572 γέγονε
1287 3500 1429 3555 κατά
1468 3499 1694 3570 καιροὺς
1737 3497 1858 3549 Ἀν-

274 3607 473 3675 τίοχος,
521 3605 550 3655 6
578 3589 803 3668 ἐπίκλην
842 3597 1162 3665 Ἐπιφανής.
1212 3590 1379 3656 Οὗτος
1409 3591 1739 3661 ἀφικόμενος
1779 3590 1860 3651 είς

273 3696 368 3766 τὴν
411 3693 697 3754 Ἰουδαίαν,
722 3690 815 3742 καὶ
858 3688 946 3740 τὸν
978 3686 1121 3738 Θεῖον
1149 3684 1417 3754 ἐνέπρησε
1447 3680 1582 3735 νεών
1607 3698 1619 3712 ⁸
1647 3675 1759 3732 εἷλέ
1798 3697 1854 3731 τε

273 3788 340 3841 τὰ
373 3785 547 3855 σκεύη
582 3783 653 3836 τὰ
692 3786 748 3835 ὲν
770 3780 935 3849 αύτῷ,
968 3778 1061 3831 καὶ
1090 3776 1193 3829 τῶν
1222 3777 1489 3848 πατρῴων
1520 3773 1659 3826 ἐθῶν
1686 3791 1854 3826 κατα-

280 3880 545 3951 ρᾳθυμεῖν
602 3874 847 3938 ἐϐιάζετο
884 3872 1008 3931 τοὺς
1061 3870 1162 3921 ἀνά
1211 3870 1389 3921 πᾶσαν
1432 3866 1533 3937 τὴν
1574 3864 1850 3918 Ἰουδαίαν.

277 3969 406 4023 Ὅτε
453 3969 550 4021 καὶ
590 3966 659 4019 τά
697 3964 803 4017 τῶν
849 3958 1226 4017 Μακκαδαίων
1268 3956 1463 4027 συνέϐη
1494 3954 1723 4025 λαμπρά
1763 3953 1857 4005 καὶ

277 4059 692 4129 ἀξιοθαύμαστα
738 4053 1156 4124 κατορθώματα.
1218 4049 1489 4117 Τέταρτος
1544 4045 1601 4098 δὲ
1650 4047 1761 4107 τοῖς
1801 4043 1857 4108 ἐξ

289 4150 506 4221 Ἰσραὴλ
530 4150 560 4199 6
601 4146 887 4217 Ῥωμαίων
913 4143 1111 4211 συνέϐη
1152 4140 1405 4208 πόλεμος,
1432 4136 1519 4188 ὅτε
1547 4133 1642 4186 καὶ
1663 4135 1857 4201 ἐσκορ-

279 4242 552 4311 πίσθησαν
582 4241 661 4301 είς
685 4238 861 4291 πάντα
894 4237 1114 4305 ἄνεμον.
1144 4228 1362 4285 Ἔοικεν
1384 4223 1475 4281 οὖν
1513 4228 1541 4278 6
1578 4226 1860 4295 προφήτης

1966 3132 2268 3187 Antiochus
2295 3143 2659 3202 cognomento
2688 3131 2920 3189 lllustris
2949 3134 3169 3203 prodiit.
3226 3133 3323 3190 Hic
3360 3136 3415 3190 in
3448 3133 3549 3189 Ju-

1965 3222 2137 3277 dzeam
2161 3222 2457 3292 profectus,
2491 3224 2653 3277 etiam
2680 3223 2921 3277 divinum
2970 3226 3228 3295 templum
3283 3227 3546 3287 incendit.

1966 3328 2089 3369 vasa
2120 3318 2235 3383 ejus
2257 3314 2502 3384 diripuit,
2531 3322 2585 3368 et
2607 3312 2823 3371 Judzeos
2846 3331 3036 3370 omnes
3058 3317 3232 3384 patria
3293 3317 3542 3373 instituta

1963 3407 2215 3461 deserere
2241 3406 2503 3474 compulit
2523 3406 2757 3462 “.Unde
2795 3416 2915 3461 nata
2945 3406 3379 3463 Machabmorum
3410 3426 3547 3479 pra:-

1962 3497 2108 3551 clara
2133 3508 2190 3552 et
2217 3497 2575 3551 admiratione
2616 3499 2992 3566 prosequenda
3025 3501 3345 3555 certamina.
3369 3501 3547 3566 Quar-

1967 3595 2079 3640 Ium
2102 3585 2298 3640 bellum
2322 3585 2581 3641 lsraelitis
2596 3586 2823 3641 Romani
2855 3588 3120 3655 fecerunt,
3149 3593 3363 3659 quando
3386 3594 3548 3649 etiam

1966 3674 2247 3731 inomnem
2307 3684 2523 3731 ventum
2581 3677 2827 3747 dissipati
2875 3690 2999 3735 sunt
3022 3681 3091 3735 ⁵³.
3136 3683 3375 3753 Apparet
3421 3701 3552 3757 ergo

1963 3768 2277 3837 pmphetam
2328 3769 2557 3825 obscure
2580 3777 2635 3826 et
2682 3780 2937 3841 tanquam
2973 3774 3025 3827 in
3058 3778 3426 3846 paradigmate
3455 3794 3552 3848 per

1961 3860 2332 3915 narrationem
2384 3862 2685 3917 istiusmodi
2733 3865 3088 3920 domesticum
3134 3868 3287 3922 nobis
3341 3884 3553 3939 sermo-

1966 3968 2085 4005 nem
2142 3953 2346 4008 referre
2396 3954 2645 4020 voluisse,
2676 3970 2770 4023 per
2810 3972 3052 4019 erucam,
3090 3959 3385 4020 locustam.
3422 3962 3553 4016 bru-

1965 4045 2125 4096 cbum
2155 4054 2208 4097 et
2248 4046 2542 4115 aeruginem
2580 4058 2673 4101 aut
2709 4048 2844 4103 bella
2897 4049 3011 4118 ipsa
3065 4050 3280 4119 obliquo
3333 4054 3554 4122 signiﬁ-

1968 4138 2140 4185 cando
2162 4173 2175 4195 ,
2207 4147 2298 4187 aut
2323 4137 2468 4203 ipSos
2498 4139 2895 4205 exin-ditionum
2920 4141 3101 4204 duces,
3134 4156 3363 4209 quorum
3396 4146 3553 4199 modo

1975 4242 2336 4279 tuenrtulmus.

277 4331 621 4404 ἀσυμφανῶς
647 4347 705 4383 τε
752 4329 845 4381 καὶ
872 4323 1147 4396 ἀμυδρῶς,
1184 4322 1277 4375 καὶ
1301 4320 1375 4381 ὡς
1424 4320 1482 4370 ἐν
1525 4316 1652 4369 είδει
1713 4314 2200 4385 παραδειγμάτων,
2227 4316 2313 4370 διὰ
2376 4316 2484 4369 τῶν
2522 4318 2781 4371 τοιούτων
2844 4321 3201 4396 διηγημάτων
3238 4327 3331 4380 τὸν
3353 4330 3554 4384 οῑκεῖον

276 4430 409 4497 ἡμῖν
460 4422 822 4493 ἀποκομίζειν
882 4415 1165 4489 βούλεσθαι
1213 4414 1404 4481 λόγον,
1467 4410 1714 4479 κάμπην,
1760 4411 1855 4461 καὶ
1897 4408 2115 4476 ἀκρίδα,
2158 4410 2252 4462 καὶ
2311 4409 2563 4481 βροῦχον,
2604 4414 2697 4466 καὶ
2762 4415 2945 4485 μέντοι
2992 4420 3086 4473 καὶ
3123 4421 3405 4492 ἐρυσίϐην,
3436 4425 3556 4495 ἦτοι

278 4520 403 4582 τοὺς
448 4516 719 4586 πολέμους
771 4513 966 4575 αὐτοὺς
1011 4508 1257 4577 πλαγίως
1310 4504 1638 4577 παραδηλῶν
1664 4520 1676 4532 ·
1721 4504 1885 4572 ἤγουν
1952 4504 2078 4568 τοὺς
2114 4504 2223 4558 τῶν
2265 4506 2565 4577 στρατειῶν
2602 4507 2950 4581 ἐξάρχοντας,
2976 4506 3051 4568 ὧν
3082 4516 3177 4569 καὶ
3207 4516 3411 4587 ἀρτίως
3459 4536 3555 4571 πεο

280 4613 559 4686 ποιήμεθα
602 4612 857 4681 μνήμην.
910 4632 913 4635 λ

351 4713 412 4763 Εἰ
444 4711 503 4762 δὲ
539 4708 605 4777 δή
640 4724 721 4768 τις
752 4704 995 4774 βούλοιτο
1040 4702 1136 4755 καὶ
1177 4698 1523 4769 ὴθικωτὲραν
1553 4698 1610 4749 ὲν
1653 4694 1854 4755 τούτοις

2043 4696 2138 4749 Sin
2172 4695 2293 4764 quis
2324 4697 2523 4751 sentiat
2572 4697 2836 4753 moralem
2872 4701 3261 4770 expositionem
3292 4704 3376 4759 his
3424 4722 3554 4759 con-

283 4802 561 4870 ἀφήγησιν
612 4793 1039 4864 ἀναγράφεσθαι,
1074 4791 1174 4843 οὐκ
1221 4789 1285 4842 ἂν
1326 4789 1565 4858 ἁμάρτοι
1601 4786 1696 4839 τοῦ
1729 4787 1865 4857 πρέ-

284 4906 477 4951 ποντος
498 4904 511 4917 ·
539 4888 589 4938 εἰ
613 4886 723 4957 γὰρ
756 4884 929 4953 ὁρῷτο
959 4882 1104 4953 ψυχὴ
1159 4883 1371 4949 συχνοῖς
1411 4880 1507 4931 καὶ⁸
1545 4877 1867 4947 ἐπαλλήλοις

286 4974 735 5044 καταδακνομένη
770 4972 1009 5036 πάθεσι,
1060 4972 1156 5024 καὶ
1214 4965 1324 5021 οἷον
1378 4968 1618 5038 ἑκάστην
1664 4967 1865 5037 ἀρετὴν

289 5067 656 5131 ἀπολλύουσα,
690 5067 782 5119 καὶ
824 5067 967 5118 κατά
1006 5064 1179 5134 βραχὺ
1215 5062 1373 5114 τοῦτο
1417 5060 1613 5129 ἐκείνῳ
1644 5076 1868 5129 προστι-

291 5159 438 5212 θεῖσα
488 5159 579 5212 διὰ
616 5157 908 5228 ῥαθυμίαν,
945 5156 1062 5217 πῶς
1109 5156 1209 5208 ούκ
1258 5151 1488 5223 ἀτρεκὲς
1517 5150 1604 5204 ἐπ’
1641 5151 1778 5220 αὐτῇ
1807 5149 1868 5203 τὸ

292 5252 491 5321 λέγειν,
530 5271 549 5303 ι
590 5252 672 5303 Τά
713 5249 1018 5303 κατάλοιπα
1069 5248 1170 5316 τῆς
1205 5246 1434 5315 κάμπης
1476 5242 1782 5311 κατέφαγεν
1833 5243 1866 5311 ή

290 5348 468 5415 ἀκρίς,
503 5344 601 5397 καὶ
641 5342 710 5395 τά
742 5342 947 5412 ταύτης
992 5339 1241 5411 βροῦχος,
1290 5339 1361 5390 τὰ
1406 5336 1464 5388 δὲ
1502 5334 1598 5387 τοῦ
1626 5334 1864 5404 νβρούχου

290 5433 955 5512 ήὲρυσίϐηςιἙρυσίϐης
1004 5431 1112 5502 γὰρ
1160 5430 1316 5499 δίκην
1364 5428 1459 5481 καὶ
1502 5426 1613 5479 τῶν
1667 5424 1869 5495 ἑτέρων

360 5612 408 5645 ιι
445 5611 509 5666 in
551 5610 683 5681 Reg.

298 5682 424 5754 Reg.
472 5697 600 5747 xxv,
642 5687 689 5737 ι.

727 5626 839 5669 xtv,
869 5608 1064 5661 9.19.7.

1145 5605 1186 5636 π
1233 5607 1297 5660 ιι*
1326 5606 1458 5674 Reg.
1489 5620 1607 5666 vm,
1634 5602 1727 5674 28.
1777 5598 1850 5674 ,⁸⁸
1884 5597 1970 5674 IV_
1995 5601 2123 5667 Reg.
2159 5620 2313 5667 χχιιι,
2346 5606 2433 5659 33.

766 5684 803 5712 “
834 5680 888 5732 -ll
928 5679 1101 5732 Parui.
1149 5694 1329 5740 xxxvi,
1356 5672 1593 5744 passim;
1632 5672 1649 5726 ι
1683 5672 1839 5727 Εδύιι

1961 5672 1996 5727 ἱ,
2040 5676 2103 5746 ,δ’
2143 5676 2158 5728 l
2202 5676 2447 5732 illachah.
2486 5695 2521 5737 ι,
2560 5679 2649 5732 ‘23.

1969 4786 2147 4850 tineri,
2172 4804 2199 4838 a
2238 4798 2385 4841 recto
2421 4804 2527 4841 non
2569 4792 2926 4845 aberraverit.
2964 4792 3098 4846 Nam
3142 4795 3185 4849 si
3218 4797 3395 4851 anima
3438 4816 3556 4850 cei-

1969 4887 2134 4933 natur
2206 4881 2415 4934 crebris
2465 4892 2520 4934 et
2566 4884 2986 4937 succedentibus
3049 4890 3555 4953 perturbationilms

1966 4969 2182 5040 agitari,
2214 4980 2268 5023 et
2298 4971 2448 5039 quasi
2473 4971 2967 5039 virtutessingulas
2988 4976 3233 5043 perdere,
3263 4981 3553 5048 paulatim-

1966 5076 2073 5129 que
2131 5060 2270 5115 hanc
2318 5064 2619 5129 passionem
2686 5062 2758 5115 illi
2812 5078 2906 5132 per
2966 5069 3269 5123 socordiam
3329 5073 3551 5135 addere,

1970 5152 2242 5220 quomodo
2317 5166 2423 5205 non
2498 5167 2622 5205 vere
2674 5154 2741 5208 de
2824 5154 2939 5224 ipsa
3028 5158 3296 5215 dicatur:
3360 5182 3378 5213 ι
3449 5166 3553 5216 tte.

1976 5245 2385 5299 siduumeruca:
2441 5244 2674 5297 comedit
2704 5246 2992 5311 locusta,et
3037 5253 3309 5307 residuum
3336 5256 3552 5308 locustae

1976 5332 2211 5388 comedit
2257 5332 2515 5397 bruchus,
2539 5342 2594 5389 et
2645 5336 2916 5391 residuum
2942 5340 3133 5395 hruehi
3166 5343 3402 5398 conrodit
3455 5358 3548 5396 ru-

1976 5425 2099 5496 bigo
2142 5423 2165 5477 ?
2204 5442 2222 5475 ι
2262 5423 2437 5479 lnstar
2482 5428 2626 5482 enim
2655 5430 2917 5501 rubiginis
2972 5432 3309 5505 aliarumque
3366 5434 3550 5503 hujus.

2546 5610 2590 5680 δέ
2633 5608 2697 5663 IV
2734 5606 2867 5680 Reg.
2911 5625 3041 5673 xvn,
3082 5613 3302 5680 passim.
3401 5612 3445 5643 ⁵⁸
3483 5613 3547 5669 ιν

2730 5680 2775 5709 ⁵³
2817 5679 2923 5733 Jcr.
2964 5679 3109 5745 sua,
3152 5684 3238 5733 5:3.
