3954 6208
390 259 493 316 555

1376 255 1432 310 S.
1476 254 1749 311 CYRILLI
1788 254 2258 311 ALEXANDRINI
2300 254 2616 311 AliClill~IP.

3533 249 3634 307 336

392 380 531 429 modi
560 393 590 445 p
615 378 789 429 stium
818 377 1185 444 dcpascuutur
1209 377 1606 445 quodammodo
1638 394 1759 449 qua:
1794 378 1845 430 in
1866 393 1961 431 ηοε-

2076 379 2272 444 κακῶν,
2308 376 2735 432 καταϐόσκονταί
2763 392 2873 439 πως
2912 374 2976 426 τὲ
3008 374 3063 424 ὲν
3094 371 3225 442 ἡμῖν
3261 367 3440 438 ἀγαθά
3474 386 3640 441 πονηη

388 468 470 520 bis
500 466 682 520 insunt
705 467 864 528 bona,
901 452 1050 533 pra’vi
1081 475 1129 518 et
1158 465 1414 520 immundi
1442 467 1712 519 exercitus
1731 468 1964 520 animum

387 557 699 620 subeuntes,
735 564 788 608 et
813 555 1194 609 insatiabiliter
1220 570 1545 610 consumere
1594 557 1769 611 Omnia
1799 555 1962 609 soliti.

387 648 535 703 Bona
566 659 648 703 est
682 649 843 718 igitur
878 648 1146 703 custodia.
1184 648 1295 702 Nec
1324 664 1512 717 parum
1553 664 1648 702 nos
1679 649 1829 718 juVat
1864 648 1967 701 Pa-

389 739 724 793 raamiastes:
760 758 777 790 ι
802 737 857 791 Si
881 737 1104 808 spiritus
1131 747 1450 805 potestatem
1475 738 1742 798 habentis,
1772 738 1963 804 inquit,

384 829 693 901 ascenderit
716 844 879 897 super
906 838 976 893 te,
998 828 1172 883 locum
1215 838 1361 882 tutnn
1412 844 1478 883 ne
1526 828 1815 893 dimiseris,
1840 829 1965 896 quia

384 922 595 977 curatio
618 920 779 976 faciet
820 937 1037 977 cessare
1071 932 1286 991 peccata
1329 922 1559 975 maxima
1597 923 1665 976 ".
1711 939 1730 972 ι
1765 922 1967 990 Repre-

387 1013 568 1067 bensae
613 1015 757 1067 enim
805 1014 873 1069 ab
923 1014 1080 1068 initio
1129 1014 1333 1067 vitiosa;
1367 1012 1677 1067 aliectiones
1712 1014 1967 1068 sedantur

385 1116 439 1160 et
500 1106 951 1176 comprimuntur.
1010 1107 1103 1159 Sin
1184 1106 1335 1173 quasi
1419 1106 1581 1158 latmn
1649 1115 1702 1158 et
1765 1107 1967 1175 absque

386 1199 755 1254 admonitione
806 1200 871 1253 ad
928 1198 1196 1253 deteriora
1244 1213 1592 1267 progressum
1650 1209 1821 1252 nach
1849 1197 1965 1252 lue-

388 1292 519 1353 rint,
572 1300 737 1343 totam
795 1291 1031 1343 animam
1076 1304 1172 1357 per
1213 1290 1391 1343 omnia
1420 1289 1965 1355 dilaniant,etratio-

385 1384 468 1437 nis
497 1382 1019 1436 animadversionem
1049 1382 1278 1449 amplius
1305 1398 1409 1436 non
1452 1383 1754 1451 patiuntur.

461 1474 621 1526 Vens.
651 1474 706 1527 5.
738 1472 1065 1540 Resipiscite,
1091 1471 1239 1536 ebrii,
1259 1489 1291 1525 a
1312 1473 1430 1527 vino
1455 1483 1650 1539 vestro,
1668 1483 1714 1526 et
1744 1473 1962 1540 morale.

393 1564 654 1633 Plangite,
700 1581 876 1619 omnes
928 1566 1017 1631 qui
1069 1565 1243 1618 bibitis
1290 1566 1464 1618 vinum
1506 1566 1575 1618 ad
1630 1566 1964 1629 ebrietatem;

383 1657 630 1721 quoniam
670 1655 851 1709 ablata
893 1666 966 1710 est
1010 1655 1074 1709 ab
1126 1671 1214 1709 ore
1271 1664 1442 1709 vestro
1482 1654 1669 1709 (milia
1736 1669 1781 1708 et
1832 1672 1965 1724 gau-

384 1749 551 1801 dium.

456 1839 521 1893 V.
542 1840 683 1894 Citra
718 1839 988 1908 negotium
1021 1854 1230 1903 rursus,
1263 1847 1321 1893 ut
1370 1839 1626 1901 arbitror,
1649 1838 1775 1894 hinc
1796 1840 1959 1892 etiam

384 1932 667 2001 perspicue
694 1931 878 1989 videas
913 1931 1076 1985 divini
1102 1930 1250 1983 Pauli
1287 1930 1634 1997 sapientiam.
1665 1929 1767 1984 Per
1801 1930 1958 1984 (idem

386 2029 438 2079 in
479 2024 752 2080 Christum
793 2025 945 2092 quasi
996 2038 1195 2092 sagena
1250 2023 1524 2077 conclusis
1580 2023 1713 2076 alias
1744 2024 1959 2091 quidem

384 2114 698 2168 salutariter
724 2112 991 2167 acclamat
1021 2130 1033 2166 :
1068 2131 1086 2163 ι
1112 2110 1304 2181 Surge,
1332 2114 1422 2179 qui
1453 2112 1750 2177 dormis";
1778 2131 1795 2163 ι
1831 2113 1963 2168 alias

388 2221 571 2261 rursus
585 2205 651 2261 ad
683 2205 923 2259 laborum
954 2204 1265 2273 patientiam
1289 2204 1450 2273 202
1489 2204 1844 2258 adamandam
1864 2204 1964 2257 itu-

386 2296 612 2366 pellens,
656 2296 726 2349 ita
762 2296 1035 2365 loquitur:
1074 2315 1092 2347 ι
1161 2295 1213 2349 Ιιι
1266 2296 1545 2363 disciplina
1601 2306 1959 2363 perseverate.

385 2388 667 2457 Tanquam
690 2388 813 2442 ﬁliis
838 2388 990 2441 vobis
1022 2388 1176 2443 offert
1196 2404 1254 2442 se
1288 2387 1455 2443 Deus:
1482 2389 1601 2457 quis
1631 2388 1774 2441 enim
1804 2388 1960 2454 ﬁlius,

385 2497 542 2551 quem
577 2497 681 2535 non
708 2482 933 2551 corripit
992 2491 1144 2550 pater
1176 2480 1259 2535 “?
1292 2500 1310 2532 ι
1358 2480 1597 2535 Percntit
1642 2481 1785 2535 enim
1831 2494 1963 2548 pec-

384 2583 635 2636 catores,
669 2583 922 2641 tanquam
954 2589 1057 2625 non
1108 2571 1315 2637 volens,
1359 2574 1484 2641 quia
1526 2572 1645 2640 pius
1669 2579 1752 2625 est
1789 2572 1964 2634 Deus;

387 2666 482 2720 sed
515 2665 665 2719 velut
694 2677 939 2725 coactus,
987 2671 1312 2717 convertens
1346 2678 1460 2725 eos,
1522 2672 1575 2715 et
1608 2664 1675 2717 de
1704 2662 1967 2730 supplicio

387 2758 488 2813 illis
513 2758 728 2812 modum
753 2757 937 2811 auxilii
958 2755 1233 2819 alliciens;
1271 2755 1720 2824 quemadmodum
1763 2754 1969 2809 scilicet

388 2852 511 2905 boni
538 2863 751 2920 quoque
776 2848 967 2903 medici
990 2846 1376 2918 mgrotautibus
1405 2861 1663 2915 perquam
1713 2845 1859 2898 acria
1915 2853 1968 2897 et

389 2942 634 2997 insuavia
686 2940 1078 2994 medicamenta
1139 2940 1466 3000 ministrant,
1506 2946 1563 2990 ιιι
1604 2936 1805 2991 doloris
1836 2936 1970 2989 tole-

2075 472 2165 541 pa‘t
2214 473 2307 522 καὶ
2338 470 2639 536 ἀκάθαρτοι
2686 466 2945 539 δυνάμεις
2975 466 3053 525 είς
3087 462 3210 515 νοῦν
3247 460 3640 531 ἐμπίπτουσαι,

2068 564 2163 617 καὶ
2203 564 2501 633 ἀπλήστοις
2527 560 2704 614 ὀδοῦσι
2737 559 2981 627 δαπανᾷν
3017 553 3337 625 εἰθισμέναι.
3373 550 3526 621 Καλή
3565 569 3646 605 τοι

2068 654 2175 724 γὰρ
2236 651 2330 706 οῦν
2378 655 2410 723 ἡ
2456 651 2742 719 ἀσφάλεια.
2785 650 2897 704 Καὶ
2947 649 3010 718 δὴ
3062 648 3155 700 καὶ
3206 645 3446 715 ὀνίνησιν
3499 644 3648 714 ἡμᾶς

2067 744 2128 796 οὐ
2162 743 2398 814 μετρίως
2425 745 2452 795 ὁ
2486 740 2917 814 Παροιμιαστὴς,
2948 738 3153 806 λέγων’
3202 755 3221 787 ι
3261 735 3388 789 Ἑάν
3429 733 3649 803 πνεῦμα

2068 833 2162 886 τοῦ
2194 833 2598 900 ὲξουσιάζοντος
2630 832 2804 903 ἀναϐῇ
2833 834 2926 884 ἐπὶ
2959 828 3231 893 σὲ,ητόπον
3255 842 3348 878 σου
3382 826 3455 895 μὴ
3479 825 3649 894 ἀφῇς,

2067 925 2148 978 ὅτι
2183 925 2320 995 ἴαμα
2367 923 2712 977 καταπαύσει
2763 920 3038 993 ἁμαρτίας
3080 918 3341 989 μεγάλας.
3380 936 3398 967 ι
3440 917 3651 969 Ἐπιτιδ

2070 1015 2297 1087 μώμενα
2334 1016 2445 1087 γὰρ
2478 1016 2536 1068 ὲν
2583 1018 2779 1086 ἀρχαῖς
2816 1015 2885 1067 τά
2946 1013 3115 1083 πάθη,
3153 1010 3418 1064 παύονταί
3453 1027 3512 1062 τε
3553 1008 3653 1061 καὶ

2066 1107 2489 1161 ἀνακόπτονται.
2524 1106 2796 1160 Πλατεῖαν
2835 1104 2892 1157 δὲ
2920 1102 3109 1173 ὥσπερ
3145 1101 3240 1153 καὶ
3285 1099 3648 1167 ἀνουθέτητον

2067 1197 2117 1249 εί
2158 1195 2375 1249 λάϐοιεν
2418 1196 2518 1266 τὴν
2557 1196 2637 1258 είς
2669 1194 2738 1247 τά
2772 1193 2940 1264 χείρω
2971 1191 3227 1262 πρόοδον,
3268 1189 3394 1257 ὅλης
3426 1187 3492 1239 δι’
3523 1187 3651 1239 ὅλου

2068 1289 2528 1361 καταδράττονται
2558 1286 2669 1355 ¹τῆς
2706 1285 2904 1355 ψυχῆς,
2940 1282 3034 1336 καὶ
3061 1279 3320 1351 λογισμοῦ
3359 1278 3451 1333 τοῦ
3491 1276 3656 1331 κολά-

2067 1380 2248 1446 ζοντος
2277 1381 2378 1434 οὐκ
2408 1380 2711 1450 ἀνέχονται.

2148 1472 2510 1541 Ἐκνήψατε,
2534 1473 2588 1524 οἱ
2613 1471 2962 1539 μεθύοντες,
2998 1466 3067 1530 ἐξ
3090 1464 3259 1519 οἴνου
3300 1460 3516 1526 αὐτῶν,
3549 1462 3654 1515 καὶ

2067 1564 2397 1618 κλαύσατε.
2427 1561 2799 1632 Θρηιηῖσατε,
2849 1558 3073 1622 πάντες
3102 1558 3155 1609 oi
3181 1556 3461 1619 πίνοντες
3482 1549 3659 1607 οἶνον

2065 1658 2153 1721 εἰς
2184 1654 2378 1725 μέθην
2398 1670 2412 1685 ο
2441 1654 2529 1707 ὅτι
2554 1646 2777 1722 ἐξῆρθη
2804 1651 2874 1704 ἐκ
2913 1652 3212 1719 στόματος
3251 1644 3415 1715 ὑμῶν
3443 1648 3659 1715 εὐφρο-

2064 1748 2224 1813 σύνη
2253 1745 2352 1799 καὶ
2386 1744 2561 1814 χαρά.

2137 1838 2212 1892 E'.
2256 1838 2521 1908 Ἀμογητὶ
2561 1835 2625 1915 δὴ
2660 1835 2821 1889 πάλιν
2846 1832 3157 1897 κάντεῦθεν,
3189 1827 3362 1901 οἶμαι,
3396 1831 3482 1893 τὶς
3509 1845 3655 1882 κατ-

2063 1931 2292 2002 αθρήσει
2326 1929 2529 1999 σαφῶς,
2566 1929 2642 1992 ὡς
2674 1928 2835 1998 σοφὸς
2877 1922 2945 1998 ἦν
2988 1926 3129 1993 ἄγαν
3162 1927 3189 1977 ὁ
3227 1923 3368 1985 θεῖος
3411 1921 3652 1986 Παῦλος,

2064 2025 2176 2085 τοῖς
2218 2022 2307 2074 διὰ
2350 2021 2589 2081 πίστεως
2622 2019 2720 2088 τῆς
2767 2021 2848 2082 εἰς
2877 2017 3112 2089 Χριστὸν
3160 2013 3659 2083 σεσαγηνευμένοις

2065 2120 2143 2182 είς
2196 2116 2470 2189 σωτηρίαν
2525 2113 2814 2183 ὲπιφωνῶν
2855 2130 2916 2165 τε
2959 2111 3058 2165 καὶ
3102 2109 3295 2177 λέγων,
3330 2108 3461 2161 ποτὲ
3514 2108 3656 2178 μέν’

2074 2210 2379 2280 «Ἐγειραι,
2414 2209 2441 2261 ὁ
2475 2206 2751 2261 καθεύδων
2768 2222 2782 2236 ⁶
2812 2224 2830 2256 ι
2855 2204 2984 2258 ποτὲ
3006 2203 3064 2257 δὲ
3096 2198 3161 2256 αὖ
3183 2202 3277 2256 καὶ
3300 2202 3363 2254 τὸ
3389 2202 3448 2254 ὲν
3468 2201 3660 2261 πόνοις

2065 2300 2341 2373 τληπαθὲς
2389 2300 2609 2370 ἀγαπᾷν
2646 2296 2978 2363 ἀναπείθων,
3016 2295 3275 2367 ταύτῃτοι
3306 2294 3398 2347 καὶ
3434 2292 3618 2359 λέγων
3641 2306 3659 2321 ⁸

2074 2387 2196 2453 «Ei;
2224 2390 2474 2444 παιδείαν
2509 2390 2832 2460 ὑπομένετε,
2860 2386 2935 2451 ὠς
2960 2388 3095 2452 υἱοῖς
3125 2388 3254 2457 ὑμῖν
3281 2385 3661 2457 προσφέρεται

2067 2487 2095 2537 ό
2128 2485 2262 2547 Θεός
2284 2501 2298 2515 ο
2322 2483 2407 2547 τίς
2438 2482 2547 2555 γάρ
2581 2483 2729 2535 ἐστιν
2758 2481 2894 2548 υίὸς,
2918 2481 2977 2535 ὃν
2999 2481 3060 2534 οὐ
3087 2470 3332 2534 παιδεύει
3372 2480 3591 2549 πατήρ;
3635 2498 3653 2528 ι

2069 2573 2383 2629 Καταπαίει
2406 2573 2513 2645 γάρ
2536 2572 2726 2644 ὥσπερ
2764 2572 2891 2636 τοὺς
2913 2570 3325 2642 ἁμαρτάνοντας
3352 2569 3451 2639 οὐχ
3489 2567 3660 2629 ἑκὼν,

2080 2664 2259 2718 καίτοι
2288 2663 2670 2735 φιλάνθρωπος
2698 2662 2797 2727 ὢν,
2825 2663 2854 2715 ό
2880 2660 3029 2727 Θεὸς,
3068 2661 3183 2715 ἀλλ’
3203 2661 3277 2724 ὡς
3307 2660 3366 2726 ἐξ
3386 2660 3659 2727 ἀνάγκης,

2070 2756 2435 2827 ἐπιστρέφων,
2464 2755 2559 2809 καὶ
2579 2756 2785 2824 τρόπον
2805 2754 2988 2817 αὺτοῖς
3018 2753 3338 2824 ἐπικουρίας
3363 2752 3422 2805 τὺ
3460 2752 3664 2823 χρῆμα

2082 2848 2439 2917 ποιούμενος·
2503 2846 2753 2918 καθάπερ
2800 2845 2993 2915 ἀμέλει
3037 2845 3131 2900 καὶ
3173 2845 3225 2898 οἱ
3261 2848 3361 2912 τῆς
3405 2845 3664 2916 ἰατρικῆς

2073 2940 2442 3008 ἐπιστήμονες
2485 2939 2600 3000 τοῖς
2636 2935 2985 3008 ἀρρωστοῦσι
3045 2936 3387 3007 προσάγουσι
3444 2936 3542 2989 καὶ
3579 2936 3659 2988 τὰ

390 3033 563 3087 rantia
598 3033 843 3086 morbum
872 3030 1123 3100 depellat.
1156 3029 1451 3084 Considera
1476 3027 1622 3082 enim
1680 3042 1790 3097 quo
1812 3038 1966 3098 pacto

2076 3030 2279 3100 σφόδρα
2311 3028 2720 3083 καταδάκνοντα
2749 3027 2859 3081 τῶν
2883 3028 3216 3099 φαρμάκων,
3247 3028 3434 3082 ἄκεσιν
3471 3028 3663 3091 αὐτοῖς

389 3122 591 3194 flagella
625 3122 773 3191 prius
802 3128 1105 3182 ostentans,
1132 3130 1186 3175 et
1208 3120 1336 3189 quid
1365 3119 1444 3173 ira
1464 3119 1535 3174 sit
1578 3120 1786 3173 factura
1839 3128 1965 3173 ante

389 3218 789 3279 demonstrans,
828 3220 1031 3266 tantum
1069 3226 1173 3266 non
1212 3229 1231 3263 ι
1269 3225 1422 3266 camo
1452 3220 1506 3264 et
1538 3210 1688 3264 freno
1722 3209 1966 3263 maxillas

388 3322 573 3363 eorum
608 3306 676 3373 ",
706 3323 723 3357 ι
756 3314 814 3360 ιιι
842 3306 1097 3375 scriptum
1139 3312 1243 3369 est,
1280 3303 1641 3371 consningat,
1679 3311 1735 3358 et
1763 3312 1967 3357 retror-

388 3413 505 3450 sum
537 3396 936 3467 quodammodo
990 3394 1241 3449 incedere
1295 3392 1485 3463 jubeat
1529 3394 1743 3447 animos
1801 3393 1867 3446 ad
1914 3392 1965 3445 id

389 3490 532 3559 quod
569 3493 863 3555 praestabat
888 3496 941 3542 et
990 3486 1433 3542 decentissimum
1459 3495 1577 3539 erat
1613 3485 1964 3554 applicantes.

397 3600 415 3633 ι
463 3579 935 3649 Expergiscimini,
953 3578 1300 3639 ebrii,avino
1337 3586 1536 3631 vestro.
1567 3594 1586 3627 ι
1642 3576 1809 3629 Audis
1833 3591 1965 3643 quo-

390 3673 552 3727 mudo
595 3681 653 3723 nt
687 3670 821 3723 ﬁlius
888 3680 1065 3723 mente
1097 3678 1327 3729 emotos,
1371 3677 1425 3722 et
1474 3667 1584 3736 jam
1647 3668 1968 3721 temulentos

392 3763 647 3831 deinceps
745 3760 1013 3829 objurgat.
1090 3758 1353 3824 Quoniam
1428 3760 1471 3811 si
1553 3758 1864 3827 vigilassent
1916 3750 1965 3808 ’a

394 3854 678 3924 principio,
708 3852 821 3907 sola
862 3866 1026 3905 eruca
1056 3850 1226 3920 puniti
1256 3850 1387 3902 satis
1416 3848 1665 3903 fuissent.
1703 3849 1807 3902 Sed
1841 3847 1965 3915 quia

394 3947 563 4016 prima
590 3959 746 4014 paena
768 3944 1002 4014 irrogata
1036 3942 1309 3997 obﬁrmati
1340 3950 1674 4004 manserunt,
1716 3940 1964 4008 adjuncta

390 4047 474 4093 est
508 4038 703 4101 altera,
728 4044 781 4091 et
809 4046 927 4104 post
954 4036 1095 4090 hanc
1124 4033 1305 4098 tertia,
1345 4044 1590 4102 etusque
1618 4032 1686 4087 ad
1717 4041 1963 4101 quartam

391 4130 624 4199 denique
654 4137 870 4182 ventum
915 4136 1021 4182 est.
1083 4124 1467 4180 Verumtamen
1503 4125 1694 4179 saltem
1726 4139 1849 4179 sero
1881 4139 1981 4183 ενι-Δ

392 4221 750 4290 pergcfactos,
786 4229 841 4274 et
890 4219 1289 4289 resipiscentes,
1347 4226 1402 4272 et
1458 4219 1609 4287 quasi
1648 4217 1964 4272 ebrietatem

389 4311 677 4379 quamdam
715 4311 909 4365 mentis
935 4311 1174 4366 studium
1196 4312 1263 4365 ad
1297 4310 1623 4379 Voluptatem
1650 4320 1705 4365 et
1723 4310 1964 4364 insanam

2074 3118 2168 3173 τοῦ
2222 3120 2431 3183 πάθους
2469 3120 2531 3172 τὸ
2579 3119 2689 3172 δεῖν
2741 3119 2977 3188 ἀλγῆσαι
3012 3117 3347 3186 ποιούμενοι.
3388 3117 3499 3171 Θέα
3544 3120 3666 3190 γάρ

2078 3214 2227 3276 ὅπως
2264 3212 2362 3276 τὰς
2394 3212 2663 3283 μάστιγας
2696 3209 3111 3282 προῦποδείξας,
3152 3211 3247 3264 καὶ
3270 3212 3666 3283 προαναφῆνας

2085 3306 2152 3359 τά
2199 3305 2257 3373 ἐξ
2308 3304 2500 3377 ὀργῆς,
2541 3303 2826 3375 μονονουχὶ
2868 3320 2887 3355 ι
2936 3302 3138 3375 χαλινῷ
3202 3304 3298 3357 καὶ
3347 3303 3509 3375 κημῷ
3556 3304 3664 3365 τὰς

2074 3399 2328 3467 σιαγόνας
2358 3397 2559 3461 αὐτῶν,
2590 3415 2607 3448 ι
2640 3396 2779 3450 κατά
2822 3395 2884 3449 τὸ
2926 3395 3342 3468 γεγραμμένον,
3367 3396 3526 3465 ἄγχει
3558 3395 3664 3449 καὶ

2073 3491 2264 3544 ἀνόπιν
2300 3489 2493 3561 ὥσπερ
2538 3489 2676 3544 ἱέναι
2711 3488 2943 3555 κελεύει,
2990 3487 3373 3559 μετατιθέντας
3414 3488 3505 3541 τὸν
3529 3486 3666 3542 νοῦν

2074 3583 2167 3635 ἐπὶ
2201 3581 2320 3635 τόδε
2346 3581 2656 3645 ἀνελέσθαι,
2689 3581 2829 3652 ὅπερ
2853 3576 2921 3652 ἦν
2953 3580 3180 3651 ἄμεινόν
3204 3597 3263 3633 τε
3288 3580 3383 3633 καὶ
3423 3597 3658 3651 πρεπω-

2073 3673 2344 3726 δέστατον.
2373 3691 2391 3723 ι
2412 3672 2712 3742 Ἐκνήψατε
2738 3671 2927 3743 γάρ,οί
2960 3671 3272 3741 μεθύοντες,
3291 3670 3349 3735 ἐξ
3376 3671 3520 3724 οῐνου
3550 3672 3660 3723 αῦο

2076 3764 2205 3819 τῶν,
2238 3783 2256 3815 ι
2319 3764 2595 3829 Ἀκούεις,
2642 3765 2789 3828 ὅπως
2831 3764 2905 3826 ὡς
2952 3764 3162 3827 τέκνοις
3206 3764 3522 3834 ὲξεστηκόσι
3560 3766 3664 3818 καὶ

2075 3855 2174 3925 ἤδη
2215 3854 2612 3926 μεμεθυμένοις
2647 3856 2969 3927 ἐπιπλήττει
3006 3856 3209 3910 λοιπόν.
3255 3858 3341 3920 Ὠς
3374 3856 3529 3927 εἰπερ
3558 3859 3659 3909 ὲκ-

2076 3947 2302 4017 νήψειαν
2337 3949 2396 4000 ὲν
2442 3948 2658 4019 ἀρχαῖς,
2695 3948 2928 4019 ἤρκεσεν
2973 3947 3039 4000 ἂν
3086 3948 3209 4019 δίκη
3243 3949 3426 4011 αὐτοῖς
3467 3948 3558 4001 καὶ
3587 3949 3660 4002 τὰ

2075 4039 2138 4089 ὲκ
2163 4039 2330 4109 μόνης
2362 4039 2461 4109 τῆς
2488 4040 2719 4109 κάμπης
2741 4057 2754 4071 ·
2780 4040 2902 4091 ἐπεὶ
2930 4039 2987 4093 δὲ
3018 4039 3281 4093 ἀνάλωτοι
3318 4041 3660 4110 μεμενήκασι

2075 4132 2172 4201 τῆς
2200 4130 2424 4201 πρώτης
2454 4131 2624 4203 ὀργῆς
2656 4132 2826 4202 αὐτῆς
2852 4133 3309 4203 ἐπενηνεγμένης,
3337 4132 3656 4203 προστέθει-

2074 4238 2163 4274 ται
2193 4222 2288 4275 καὶ
2336 4221 2586 4292 δευτέρα,
2634 4223 2729 4276 καὶ
2778 4223 2897 4293 μετ’
2930 4221 3143 4290 ἐκείνην
3183 4222 3217 4289 ἡ
3253 4221 3436 4292 τρίτη.
3466 4222 3659 4292 προϐέ-

2058 4312 2211 4381 -ϐηκε
2248 4312 2305 4365 δὲ
2342 4312 2507 4384 μέχρι
2528 4313 2819 4384 τετάρτης.
2863 4313 3009 4385 Πλὴν
3038 4312 3171 4381 γοῦν
3213 4313 3317 4366 κᾶν
3341 4312 3440 4383 ὀψὲ
3473 4312 3658 4381 διεγη-

391 4402 651 4471 pcccandi
692 4402 968 4457 libidinem
1003 4403 1336 4467 deserentes,
1370 4404 1575 4458 sentire
1628 4403 1853 4472 posthac
1877 4417 1966 4456 Ca-

2077 4404 2403 4474 γερμένους,
2442 4404 2537 4456 καὶ
2580 4404 2976 4475 ἀνανήφοντας,
3003 4405 3099 4458 καὶ
3126 4403 3291 4457 οίονεί
3332 4421 3455 4457 τινα
3485 4403 3662 4473 μέθην

390 4507 482 4546 sus
507 4492 810 4562 praeteritos
827 4492 999 4560 jubet,
1027 4493 1318 4563 gemitibus
1348 4501 1403 4547 et
1453 4492 1710 4563 lacrymis
1753 4504 1977 4564 pr0pter

392 4580 626 4638 admissa
652 4580 1014 4650 indulgentes.

462 4846 753 4905 Sciendum
786 4862 967 4920 porro,
1003 4845 1165 4904 etiam
1207 4844 1499 4915 unicuique
1526 4854 1769 4901 nostrum
1821 4848 1964 4902 velut

391 4944 669 5012 prOprium
698 4942 1166 5011 quoddamvinmn
1196 4956 1335 5005 esse,
1376 4940 1519 5008 quod
1565 4955 1661 4993 cur
1715 4941 1966 4996 inebriat.

395 5036 696 5089 Dividitnur
746 5037 924 5096 enim,
976 5046 1033 5089 ut
1091 5036 1159 5087 ita
1198 5036 1415 5096 dicam,
1459 5035 1754 5087 secundum
1822 5050 1968 5088 tuor-

393 5128 491 5180 bos
528 5125 852 5179 animorum.
890 5124 966 5177 Ex
1006 5126 1160 5179 nobis
1204 5127 1342 5181 alius
1379 5136 1573 5194 praeter
1610 5134 1802 5179 ca-tera
1850 5128 1975 5179 vitia

390 5236 485 5272 sua
518 5218 584 5271 ad
614 5217 896 5269 avaritiam
955 5218 1197 5285 rapitur;
1256 5218 1392 5271 alter
1454 5218 1596 5287 sapit
1641 5232 1762 5286 quae
1794 5220 1976 5274 mundi

394 5320 543 5375 sunt,
570 5319 623 5364 et
647 5322 776 5362 cura
806 5309 989 5362 carnis
1019 5317 1269 5375 aegrotat,
1298 5310 1507 5364 deliciis
1535 5322 1587 5363 et
1615 5311 1978 5379 Voluptatibus

393 5404 722 5466 immersus;
755 5398 891 5452 alius
916 5398 1217 5467 cuicunque
1248 5399 1465 5453 demum
1502 5402 1591 5456 alii
1647 5415 1866 5469 peccato
1918 5418 1977 5457 se

394 5494 579 5549 tradit.
603 5492 684 5546 Ad
710 5489 972 5561 ﬂagitiosa
1003 5500 1180 5545 autem
1214 5501 1267 5546 et
1290 5492 1521 5560 impura,
1553 5494 1764 5561 Deoque
1790 5497 1973 5549 odiosa

2077 4495 2255 4557 ἱέντας
2285 4494 2378 4548 τοῦ
2410 4492 2504 4548 νοῦ
2543 4494 2641 4565 τὴν
2673 4494 3004 4566 φιληδονίαν,
3038 4496 3133 4549 καὶ
3162 4494 3221 4548 τὸ
3262 4495 3507 4558 ἐκτόπως
3544 4495 3660 4548 ὲὶέ-

2072 4586 2197 4639 σθαι
2244 4586 2609 4657 πλημμελεῖν,
2661 4588 2741 4650 είς
2775 4587 3028 4658 αἴσθησιν
3077 4588 3186 4640 τῶν
3233 4585 3659 4657 συμϐεϐηκότων

2068 4676 2361 4745 ἀφικέσθαι
2404 4677 2617 4730 κελεύει
2670 4677 2876 4743 λοιπὸν,
2918 4678 3202 4741 κλαίοντας
3241 4678 3336 4733 καὶ
3385 4677 3661 4748 κατοιμώ-

2067 4765 2260 4829 ζοντας
2284 4767 2380 4821 ἐπὶ
2408 4770 2530 4831 ταῖς
2556 4768 2705 4838 σφῶν
2735 4769 2917 4823 αὐτῶν
2938 4770 3259 4841 ἁμαρτίαις.

2161 4857 2357 4912 ’ἰστέον
2387 4859 2467 4921 δὲ,
2499 4860 2581 4913 ὅτι
2618 4861 2709 4914 καὶ
2745 4861 2962 4931 ἑκάστῳ
2990 4863 3022 4932 ἡ
3033 4861 3148 4932 μῶν
3177 4858 3319 4925 οἶνος
3359 4860 3547 4932 ὥσπερ
3575 4878 3659 4925 τις

2077 4950 2226 5004 ἐστὶν
2265 4951 2453 5015 ίδικδς,
2482 4953 2509 5004 ό
2537 4953 2971 5024 καταμεθύσκων
2996 4954 3244 5024 καρδίαν.
3280 4954 3658 5023 Καταμεριζὸ-

2080 5042 2219 5113 μεθα
2248 5043 2379 5114 γάρ,
2424 5045 2490 5097 ἵν’
2520 5044 2693 5109 οὕτως
2726 5046 2885 5111 εἴπω,
2928 5045 2997 5098 τά
3037 5044 3205 5115 πάθη,
3248 5046 3342 5097 καὶ
3373 5046 3400 5097 ό
3438 5045 3536 5115 μέν
3574 5061 3656 5104 τις

2077 5136 2237 5205 ἡμῶν
2283 5138 2645 5191 ἀπονένευκεν
2676 5139 2943 5209 ἀχαλίνως
2980 5140 3062 5201 είς
3109 5137 3472 5208 φιλαργυρίαν
3519 5138 3657 5206 μετὰ

2076 5226 2171 5279 τοῦ
2199 5228 2292 5280 καὶ
2321 5228 2486 5299 ἕτερα
2511 5232 2715 5283 νοσεῖν·
2742 5230 2930 5301 ἔτερος
2954 5229 3012 5282 δὲ
3036 5224 3102 5283 αὖ
3130 5230 3440 5300 πεφρόνηκε
3469 5229 3537 5282 τά
3563 5228 3658 5280 τοῦ

2078 5316 2309 5386 κόσμου,
2345 5320 2437 5370 καὶ
2481 5318 2912 5390 κατηρῤώστησε
2961 5318 3058 5387 τὴν
3102 5318 3482 5388 φιλοσαρκίαν,
3530 5334 3657 5387 τρυ-

2077 5410 2225 5474 φαῖς,
2260 5409 2355 5461 καὶ
2401 5410 2736 5480 φιληδονίαις
2783 5408 3092 5480 ὁλοτρόπως
3136 5410 3562 5480 προσκείμενος·
3596 5406 3655 5470 ὸς

2074 5498 2131 5550 δὲ
2186 5499 2267 5561 είς
2319 5499 2510 5569 ἑτέραν
2568 5498 2815 5571 ἡντινοῦν
2862 5501 3318 5574 ἀποδεδράμηκεν
3355 5500 3651 5572 ἁμαρτίαν.

470 5658 515 5686 ιι
556 5668 734 5724 Eme.
771 5684 827 5735 χ,
864 5668 918 5723 [γ.
996 5669 1042 5701 ιι
1084 5666 1289 5739 Εμιιοε.
1320 5680 1371 5730 v,
1418 5665 1509 5719 l4.
1585 5665 1633 5697 “
1668 5665 1830 5723 llebr.
1872 5684 1966 5735 xu,

2131 5670 2177 5705 ³⁷
2210 5672 2353 5728 Psal.
2394 5690 2541 5741 χχιιι,
2583 5676 2635 5731 9.
