3954 6208
340 340 455 395 537

1241 330 1796 392 COMMENTARIUS
1834 328 1901 387 ΙΝ
1940 329 2207 385 JOELEM
2249 327 2688 387 PROPIIETAM.

3510 335 3611 394 5'58

342 458 503 525 Ἶμεν
543 454 602 509 δὲ
634 452 698 524 δὴ
735 453 869 525 πρὸς
898 452 967 507 τὰ
999 449 1228 523 βδελυρὰ
1264 454 1361 507 καὶ
1399 452 1627 525 θεομισῆ
1669 451 1778 506 τῶν
1815 467 1904 504 παι

2026 446 2231 517 piacula
2256 446 2344 500 alii
2375 446 2614 516 segnius,
2641 443 2731 499 alii
2756 452 2862 499 tota
2894 444 3221 515 appetitione
3256 445 3610 511 ru_imus,cum

339 546 475 608 θῶν,
500 545 552 597 οι
578 544 678 614 μὲν
703 545 763 597 ού
789 543 909 598 λίαν
932 542 1403 613 ἐσπουδασμένως,
1422 545 1539 597 οίδὲ
1563 544 1711 607 ὅλαις
1736 544 1933 613 ὁρμαῖς

337 633 643 705 χρώμενοι,
675 634 768 687 καὶ
800 633 1162 706 ἀνουθέτητον
1193 633 1407 704 ἔχοντες
1435 635 1535 705 τῆς
1564 634 1801 698 διανοίας
1833 632 1932 703 τὴν

338 725 543 795 ῥοπήν.
570 724 841 798 Ταύτῃτοί
884 741 1053 797 φησιν
1077 726 1106 778 ὁ
1134 726 1423 796 προφήτης
1444 740 1458 753 ⁸
1490 745 1507 777 ι
1532 724 1857 794 Ἐκνήψατε,
1880 724 1929 776 οί

340 813 663 883 μεθύοντες,
691 813 751 880 ἐξ
767 815 911 871 οῐνου
936 814 1175 870 αὐτῶν.»
1203 814 1566 886 Συμϐουλεύει
1589 815 1643 868 δὲ
1663 816 1745 869 ὅτι
1768 831 1932 886 προσ·

333 907 469 976 ήκει
499 907 976 979 κατολοφύρεσθαι
1006 910 1131 973 τοὺς
1166 908 1421 972 πίνοντας
1445 906 1587 962 οἶνον
1626 910 1706 972 είς
1734 907 1924 977 μέθην.

343 994 437 1060 Ὧς
464 998 575 1071 γὰρ
610 998 747 1070 ἔφην
769 1000 993 1071 ἀρτίως,
1015 1002 1076 1054 ού
1103 1001 1265 1073 μέχρι
1286 1001 1447 1072 κόρου
1479 1001 1573 1055 καὶ
1594 1000 1928 1070 αὐταρκείας

328 1089 532 1144 ίστῶσι
590 1092 692 1163 τὴν
735 1092 1074 1162 φιληδονίαν,
1114 1093 1231 1147 ἀλλ’
1273 1087 1382 1148 οἷον
1434 1095 1515 1158 εἰς
1551 1093 1722 1164 μέθην
1762 1093 1925 1146 ἐκπί-

326 1197 514 1247 νουσι,
546 1184 643 1237 καὶ⁸
670 1184 873 1249 παντὸς
908 1185 1166 1239 ἐπέκεινα
1200 1186 1417 1240 πίνουσι
1457 1186 1682 1257 μέτρου.
1720 1184 1922 1239 Τούτου

323 1276 443 1330 ἀπὸ
470 1277 568 1331 τοῦ
595 1278 866 1348 στόματος
891 1279 1208 1352 ἀφῃρῆσθαί
1240 1298 1371 1351 φησι
1399 1280 1574 1353 χαρὰν
1610 1280 1708 1334 καὶ
1732 1280 1925 1351 εὐφρο-

325 1369 526 1441 σύνην.
571 1371 850 1442 Ἀληθεύει
883 1373 992 1443 γὰρ
1017 1374 1045 1425 6
1073 1373 1327 1444 Χριστὸς,
1358 1373 1441 1427 ὅτι
1474 1372 1701 1436 πάντως
1738 1375 1786 1426 oi
1824 1371 1923 1443 μὲν

321 1461 424 1515 νῦν
484 1462 812 1529 πενθοῦντες
865 1464 1403 1536 παρακληθήσονται.
1424 1465 1655 1535 Ἔψεται
1708 1465 1767 1518 δὲ
1809 1469 1922 1530 τοῖς

322 1554 550 1609 εἰωθόσι
581 1557 793 1628 τρυφᾷ-ι
825 1556 886 1610 τὸ
906 1558 1107 1629 χρῆναι
1146 1557 1528 1629 δακρυρῤοείν,
1557 1558 1637 1611 ὅτι
1661 1559 1759 1629 τῆς
1788 1558 1919 1627 ἀγε-

322 1648 537 1717 ρωχίας
570 1648 632 1701 τὸ
666 1649 841 1719 πέρας
869 1648 1068 1720 θρῆνος
1095 1649 1268 1713 ἔσται,
1303 1651 1395 1702 καὶ
1429 1649 1689 1720 οἰμωγαὶ,
1717 1652 1811 1703 καὶ
1840 1653 1919 1715 εἰς

318 1727 608 1809 πέταυρον
645 1740 772 1811 ᾅδου
805 1740 1164 1806 καταϐιϐάζει
1200 1742 1326 1805 τοὺς
1353 1742 1690 1810 ἀγαπῶντας
1722 1744 1913 1813 αὑτήν.

2037 548 2166 592 nutu
2199 548 2249 591 et
2270 537 2583 592 incitatione
2610 535 2805 591 mentis
2832 536 3211 605 incastigabili.
3234 539 3346 594 llac
3363 539 3428 594 de
3448 553 3609 594 causa

2034 629 2291 698 propheta
2313 627 2621 682 exclamat:
2662 647 2680 679 ι
2712 627 3181 699 Expergiscimini,
3222 631 3357 686 ebrii
3421 646 3449 685 a
3486 634 3609 686 vino

2033 734 2274 777 vestro.»
2311 721 2515 775 Suadet
2545 731 2721 775 autem
2756 722 2938 775 vinum
2971 723 3036 776 ad
3065 722 3383 777 ebrietatem
3416 724 3609 779 biben-

2034 813 2176 869 tibus
2202 812 2665 879 lamentationem,
2695 821 2753 867 ut
2808 829 2919 868 rem
2973 815 3407 870 con-venientem.
3458 816 3607 872 Sicut

2031 906 2300 976 enimjam
2337 904 2468 971 dixi,
2507 919 2612 958 non
2644 913 2904 973 quantum
2961 907 3097 963 satis
3145 917 3229 962 est
3280 908 3606 977 voluptatem

2031 1008 2361 1067 seqmmtur;
2393 997 2487 1051 sed
2516 995 2661 1049 velut
2689 998 2752 1050 ad
2786 998 3105 1053 ebrietatem
3148 1008 3360 1068 potant,
3393 1010 3449 1055 et
3493 1016 3608 1055 om-

2030 1108 2127 1147 nes
2148 1092 2347 1147 limites
2381 1090 2613 1146 bibendo
2643 1091 3016 1159 egrediuntur.
3040 1091 3083 1145 A
3114 1092 3204 1146 tali
3243 1107 3339 1148 ore
3368 1093 3607 1148 ablatum

2028 1198 2148 1241 esse
2172 1186 2247 1239 ait
2282 1184 2531 1253 gaudium
2565 1191 2618 1238 et
2650 1182 2915 1237 laetitiam.
2946 1182 3120 1239 Verax
3159 1187 3302 1240 enim
3332 1196 3414 1241 est
3449 1186 3609 1242 Chri-

2026 1278 2093 1334 sti
2147 1276 2391 1343 verbum,
2418 1277 2509 1345 qui
2570 1291 2713 1331 nunc
2758 1276 2961 1344 lugent,
3006 1277 3227 1332 omnino
3268 1278 3605 1333 consolatutn

2027 1370 2094 1426 iri
2124 1370 2191 1422 ⁸⁸.
2224 1368 2383 1439 203
2410 1368 2634 1433 Contra,
2661 1378 2952 1423 consuetos
2972 1369 3155 1423 vivere
3179 1369 3231 1423 in
3253 1369 3607 1439 jucunditati-

2025 1462 2147 1529 bus,
2180 1462 2448 1531 lacrymas
2480 1458 2706 1515 fundere
2740 1460 3033 1529 oportebit,
3067 1461 3191 1530 quia
3250 1462 3514 1531 superbiae
3550 1464 3606 1517 li-

2027 1555 2109 1608 nis
2143 1562 2195 1605 ct
2226 1562 2528 1607 extremum
2564 1552 2816 1621 lacrymte
2839 1561 2967 1606 sunt
2996 1562 3049 1607 et
3087 1553 3340 1622 gemitus,
3365 1564 3419 1608 et
3438 1568 3497 1609 se
3519 1555 3603 1609 di-

2024 1646 2248 1716 ligentes
2276 1644 2340 1697 ad
2371 1643 2564 1697 inferni
2590 1643 2815 1712 laqueos
2861 1652 2915 1698 et.
2954 1659 3201 1698 carceres
3234 1644 3471 1700 deducit.
3497 1646 3606 1702 Ve-

2025 1754 2115 1793 rus
2137 1748 2218 1793 est
2239 1738 2401 1790 etiam
2437 1736 2600 1789 David
2640 1754 2651 1788 :
2693 1755 2710 1787 ι
2750 1734 2864 1789 Νοιι
2890 1743 2971 1790 est
3009 1736 3060 1788 in
3122 1748 3293 1791 morte
3352 1738 3442 1806 qui
3492 1753 3603 1791 me-

329 1804 626 1903 Ἀληθεύει
647 1804 703 1887 δὲ
738 1836 835 1889 καὶ
859 1836 1043 1901 Δαϐὶδ,
1070 1804 1195 1890 ὅταν
1226 1836 1360 1905 λέγῃ
1391 1804 1526 1906 πρὸς
1555 1804 1723 1889 Θεόνο
1760 1858 1777 1889 t
1803 1804 1904 1891 0:57

2022 1847 2140 1886 mor
2164 1830 2234 1885 sit
2294 1830 2368 1883 tui
2395 1829 2468 1893 ⁵⁹;
2516 1847 2535 1879 ι
2578 1837 2633 1882 et
2691 1828 2885 1881 iterum
2925 1845 2937 1880 :
2981 1845 3001 1878 ‹
3051 1826 3166 1881 Νοιι
3220 1830 3363 1882 enim
3401 1831 3597 1886 mortui

312 1925 475 1979 ἐστιν
510 1928 571 1979 ὲν
610 1925 687 1997 τῷ
710 1927 927 1999 θανάτῳ
956 1932 983 1983 ὁ
1015 1929 1374 2001 μνημονεύων
1403 1946 1496 1982 σου
1518 1949 1564 1983 ο)
1601 1931 1697 1985 καὶ⁸
1729 1931 1913 1998 πάλιν,

319 2038 341 2069 ι
372 2021 449 2072 Οὐ
484 2020 595 2091 γὰρ
618 2022 668 2072 oi
696 2024 880 2093 νεκροὶ
920 2023 1195 2077 αἰνέσουσί
1237 2040 1316 2091 σε,
1350 2024 1546 2095 Κύριε,
1573 2025 1691 2079 οὐδὲ
1717 2026 1915 2089 πάντες

309 2112 369 2163 ei
400 2112 829 2176 καταϐαίνοντες
883 2116 961 2177 εἰς
1011 2114 1164 2186 ᾅδην.
1218 2116 1358 2169 Ἀλλ’
1401 2118 1562 2187 ἡμεῖς
1606 2117 1656 2169 οἱ
1713 2116 1911 2182 ζῶντες

309 2205 694 2275 εύλογήσομέν
726 2224 805 2270 σε,
829 2206 1001 2279 Κύριε
1032 2254 1051 2273 ,
1073 2226 1091 2259 ι
1125 2208 1188 2261 Ei
1223 2209 1280 2261 δὲ
1304 2208 1366 2280 δὴ
1395 2209 1503 2261 τῶν
1535 2212 1913 2281 προκειμένων

308 2300 348 2368 ἠ
381 2297 621 2369 δύναμις
661 2299 753 2351 καὶ⁸
785 2300 1166 2370 γεωδεστέρως
1192 2303 1379 2354 νοοῖτο.
1419 2301 1481 2354 Ei
1513 2300 1912 2373 δεδαπάνηνται

308 2391 404 2445 διὰ
439 2392 545 2459 τῆς
572 2393 804 2464 κὰμπης
841 2393 934 2446 καὶ
964 2393 1071 2445 τῶν
1102 2392 1304 2462 ἐτέρων
1332 2392 1400 2446 τὰ
1430 2392 1532 2462 τῆς
1573 2394 1911 2466 εὐφροσύνης

309 2483 491 2548 αἴτια,
520 2485 741 2548 πάντως
775 2503 877 2538 που
922 2488 1042 2548 ταῖς
1067 2483 1394 2556 εὐκαρπίαις
1435 2484 1787 2538 συνδιολείται
1815 2488 1910 2540 καὶ

306 2574 345 2643 ἡ
376 2575 488 2626 τῶν
520 2575 873 2630 πεπονθότων
896 2575 1205 2647 εὐφροσύνη
1236 2576 1331 2629 καὶ
1356 2576 1521 2646 χαρά.
1549 2576 1910 2646 Ἐπιστυγνά-

307 2666 429 2729 ζειν
455 2668 567 2738 γάρ
594 2668 893 2738 ἀναγκαῖον
936 2671 1049 2731 τοῖς
1099 2668 1342 2739 ἀνιαρῶς
1392 2667 1609 2739 ἔχουσιν
1634 2669 1715 2733 είς
1752 2687 1818 2739 γε
1847 2672 1907 2725 τὸ

308 2751 596 2819 δύνασθαι,
632 2756 797 2825 φημὶ,
828 2758 999 2827 πικρᾷ
1025 2774 1083 2809 τε
1133 2757 1226 2810 καὶ
1251 2757 1519 2829 ὰφορήτῳ
1547 2757 1695 2833 λύπῃ
1732 2778 1903 2815 κατα-

305 2844 476 2914 τῆξαι
497 2846 747 2919 σαρκίον.

380 3021 508 3075 Ὅτι
536 3023 716 3088 ἔθνος
735 3021 916 3090 ἀνέϐη
952 3023 1051 3077 ἐπὶ
1085 3023 1201 3092 τὴν
1225 3022 1342 3094 γῆν
1356 3042 1478 3093 μου
1499 3027 1758 3096 ἰσχυρὸν
1801 3031 1900 3083 καὶ

304 3114 743 3183 ἀναρίθμητον.
771 3118 837 3168 Ol
860 3114 1103 3180 ὀδόντες·
1133 3116 1320 3170 αὐτοῦ
1355 3118 1599 3186 ὀδόντες
1625 3121 1897 3188 λέοντος,
1928 3152 1970 3209 c

304 3206 405 3258 καὶ
444 3208 510 3259 αἱ
534 3208 726 3274 μύλαι
756 3206 943 3260 αὑτοῦ
989 3208 1287 3277 σκύμνου.
1318 3209 1525 3265 Ἐθετο
1558 3209 1675 3279 τὴν
1709 3211 1896 3282 ἄμπε-

301 3298 421 3351 λόν
453 3315 581 3367 μου
612 3300 700 3363 είς
741 3298 1106 3367 ἀφανισμὸν,
1147 3300 1246 3353 καί
1285 3299 1393 3365 τὰς
1433 3300 1631 3368 συκᾶς
1656 3320 1773 3372 μου
1812 3307 1899 3370 είς

302 3389 754 3459 στιγκλασμὸν,
788 3390 1053 3458 ἐρευνῶν
1083 3391 1498 3461 ἐξηρεύνησεν
1544 3394 1756 3464 αὐτὴν,
1801 3396 1898 3449 καί

301 3478 729 3551 ὲξερῤίζωσεν,
753 3481 1047 3536 ἐλεύκανε
1073 3484 1146 3536 τὰ
1173 3482 1449 3553 κλήματα
1472 3485 1683 3554 αὐτῆς.

378 3576 437 3641 ς
438 3580 474 3627 ⁷.
515 3572 879 3643 Ἀμιλλᾶσθαι
918 3574 1121 3643 τρόπον
1163 3575 1285 3629 τινὰ
1317 3578 1431 3639 τοῖς
1468 3576 1893 3647 συμϐεϐηκόσιν,

298 3666 473 3734 ἤγουν
534 3664 755 3718 ἔσεσθαι
800 3665 1306 3736 προσδοκωμένοις,
1355 3668 1450 3720 καὶ
1506 3668 1567 3720 τὸ
1632 3667 1725 3721 ἐπὶ
1774 3673 1895 3732 ταῖς

302 3754 718 3824 μεταγνώσεσιν
744 3756 947 3810 ἐθέλων
973 3756 1233 3827 δάκρυον,
1266 3758 1559 3827 ἀφηγεῖται
1589 3759 1803 3823 λεπτῶς
1826 3763 1895 3813 τὰ

300 3848 558 3917 ἐσόμενα,
595 3847 692 3900 καὶ
725 3847 834 3901 τῶν
867 3847 1211 3918 σκυθρωπῶν
1248 3850 1349 3917 τὴν
1384 3849 1573 3918 ἔφοδον
1609 3854 1893 3922 μονονουχὶ

301 3940 394 3993 καὶ
424 3941 487 3991 ὲν
501 3939 623 4009 ὄψει
652 3940 842 4003 τιθεὶς,
866 3940 1047 3993 δίδωσί
1072 3942 1255 4005 τιτοῖς
1280 3942 1597 4012 παιομένοις
1627 3944 1719 3997 καὶ
1753 3944 1885 4015 ορή-

298 4050 473 4103 νημα,
517 4033 615 4086 καὶ
645 4033 809 4085 οἱονεὶ
838 4032 1030 4103 γοερὸν
1066 4033 1372 4087 ἐκδιδάσκει
1407 4034 1569 4105 μέλος
1610 4036 1736 4099 τοὺς
1773 4037 1892 4091 ὀδύ-

299 4125 495 4192 ρεσθαι
530 4123 1021 4195 κεκελευσμένους,
1052 4124 1228 4177 ἐκεῖνό
1248 4143 1308 4179 τε
1340 4125 1521 4196 λέγειν
1549 4126 1732 4181 λοιπὸν
1762 4129 1891 4181 ἀναο

295 4214 505 4278 πείθει,
532 4215 617 4266 ὅτι
647 4233 665 4265 ι
687 4214 881 4278 Ἐθνος
922 4214 1092 4283 ἀνέϐη
1132 4215 1226 4267 ἐπὶ
1248 4213 1348 4285 τὴν
1377 4215 1481 4284 γῆν
1516 4233 1617 4287 μου
1669 4217 1889 4289 ἰσχυρὸν

293 4308 390 4360 καὶ
416 4307 795 4379 ἀναρίθμητον
813 4325 829 4339 ο
854 4328 871 4359 ι
903 4308 998 4361 καὶ
1027 4308 1149 4361 ὅσον
1169 4308 1293 4377 ἥκει
1310 4310 1388 4372 είς
1414 4308 1642 4363 ὀδόντων
1667 4310 1882 4380 ἀκμὰς,

292 4397 481 4451 λέουσί
521 4416 582 4452 τε
620 4399 714 4452 καὶ
756 4401 1018 4470 σκύμνοις
1061 4400 1221 4468 ὀλίγα
1270 4404 1612 4472 παραχωρεῖ.
1652 4402 1882 4473 Ἀληθές

2019 1923 2312 1977 laudabunt
2342 1921 2678 1986 te,Domine,
2712 1934 2883 1989 neque
2917 1935 3107 1974 omnes
3137 1920 3227 1988 qui
3264 1921 3601 1974 descendunt

2016 2017 2070 2070 in
2108 2014 2402 2069 infernum.
2440 2014 2545 2068 Sed
2572 2028 2671 2068 nos
2699 2012 2790 2082 qui
2828 2012 3078 2079 vivimus,
3111 2012 3492 2067 benedicemus
3525 2023 3597 2079 te,
3645 2007 3649 2010 ’

2016 2107 2244 2163 Domine
2271 2107 2338 2159 ⁸⁸.
2383 2125 2401 2158 ι
2427 2105 2577 2171 Quod
2620 2106 2663 2159 si
2706 2104 2904 2174 placet,
2952 2104 3345 2174 propositorum
3406 2104 3600 2160 verbo-

2013 2217 2131 2256 rum
2156 2200 2421 2255 scntentia
2462 2198 2632 2267 magis
2670 2207 2881 2251 terrene
2904 2196 3251 2264 intelligatur.
3279 2196 3332 2250 Si
3358 2211 3451 2266 per
3469 2212 3600 2251 eru-

2011 2309 2129 2349 cam
2149 2303 2203 2348 et
2232 2292 2332 2346 alia
2352 2292 2562 2360 frugum
2596 2289 2930 2345 incommoda
2958 2304 3133 2342 causa:
3184 2289 3421 2358 ipsorum
3459 2290 3596 2343 Iasti-

2010 2385 2098 2439 tiaa
2149 2394 2483 2453 consumptae
2531 2391 2676 2444 sunt,
2739 2395 2962 2451 prorsus
3020 2380 3204 2450 utique
3266 2397 3386 2435 cum
3435 2380 3596 2436 uber-

2009 2484 2119 2530 tate
2155 2476 2423 2529 fructuum
2454 2489 2637 2529 eorum
2672 2473 2765 2543 qui
2801 2481 2946 2527 tanta
2979 2472 3257 2541 voluptate
3285 2473 3594 2528 adicieban-

2008 2578 2119 2633 tur,
2142 2568 2391 2635 gaudium
2437 2576 2490 2620 et
2512 2567 2696 2622 lzetitia
2728 2576 3032 2621 evanescet.
3069 2566 3301 2623 Necesse
3339 2580 3423 2623 est
3445 2571 3590 2624 enim

2007 2660 2317 2716 contristari
2357 2659 2426 2714 ob
2460 2673 2521 2713 ea
2546 2673 2665 2726 qua:
2693 2658 2868 2712 tristia
2929 2659 3201 2723 accidunt,
3233 2669 3286 2713 et
3318 2660 3592 2716 tristitiam

2005 2765 2267 2822 generare
2296 2759 2714 2813 consueverunt,
2752 2758 2855 2804 nec
2886 2749 3117 2804 invalida
3167 2761 3312 2816 sunt,
3345 2753 3587 2822 inquam,

2005 2855 2061 2897 ut
2082 2827 2277 2897 acerbo
2300 2851 2353 2897 et
2385 2841 2707 2896 intolerabili
2755 2841 2998 2897 cruciatu
3030 2844 3383 2898 carunculam
3442 2845 3591 2901 labe-

2002 2936 2180 2990 facere
2201 2943 2420 3003 queant.

2071 3028 2236 3083 Vsus.
2261 3028 2314 3091 6,
2347 3026 2400 3080 '7.
2435 3022 2571 3080 Ceus
2591 3027 2728 3079 enim
2764 3027 2995 3079 ascendit
3023 3040 3180 3096 super
3207 3038 3406 3082 terram
3423 3045 3592 3083 meum

2005 3119 2153 3188 [ortis
2183 3126 2229 3171 et
2247 3115 2665 3172 innumerabilis.
2692 3114 2879 3170 Dentes
2911 3116 3026 3177 eius
3074 3129 3128 3171 ut
3182 3119 3360 3173 dentes
3397 3122 3589 3187 leonis,

2004 3222 2051 3266 et
2069 3210 2294 3264 molares
2318 3208 2429 3277 ejus
2449 3217 2502 3260 ut
2527 3206 2689 3259 catuli
2716 3206 2904 3260 leuatis.
2925 3206 3109 3260 Posuit
3168 3209 3370 3263 vineam
3420 3227 3591 3265 meam

2003 3305 2057 3357 in
2099 3302 2521 3371 dissipationem,
2570 3309 2615 3351 et
2673 3299 2804 3367 ﬁcus
2852 3316 2993 3353 meas
3032 3300 3086 3353 in
3140 3301 3584 3369 confractiouem,

2000 3406 2240 3449 scrutans
2264 3402 2527 3447 scrutatus
2583 3402 2658 3446 est
2716 3408 2853 3457 eam,
2900 3404 2947 3445 et
2997 3391 3586 3459 cradicavit,dealbavit

2000 3504 2173 3542 ramos
2194 3503 2326 3557 ejus.

2072 3560 2505 3634 VLCuntendere
2526 3577 2706 3649 aliquo
2721 3579 2877 3631 modo
2894 3593 3015 3632 cum
3045 3577 3390 3642 eventis,sive
3409 3578 3586 3648 potius

1949 3726 1966 3740 ,
1999 3688 2119 3726 cum
2155 3672 2237 3726 his
2269 3685 2387 3738 qua:
2412 3680 2669 3725 eventura
2688 3680 3099 3738 exspectantur,
3144 3680 3199 3724 et
3224 3686 3286 3725 ex
3318 3672 3586 3740 poenitenv

2000 3766 2072 3819 tia
2094 3763 2276 3818 ﬂetum
2306 3762 2504 3818 elicere
2524 3763 2769 3833 cupiens,
2806 3763 3051 3818 minutim
3112 3763 3289 3816 futura
3342 3772 3582 3825 enarrat,

1998 3864 2256 3908 etrerum
2305 3853 2676 3907 tristiﬁcarum
2731 3854 3007 3909 incursum
3060 3855 3444 3923 prepemodum
3482 3855 3584 3907 sub

1998 3955 2272 4014 aspectum
2308 3943 2626 4012 subjicieus,
2663 3945 2727 4000 iis
2759 3944 2853 4014 qui
2907 3944 3199 3998 multantur
3286 3943 3582 4000 lamentum

1997 4038 2321 4106 suppeditat,
2346 4044 2400 4090 et
2433 4051 2569 4105 quos
2596 4036 2660 4091 ad
2697 4035 3015 4105 plorandum
3046 4035 3320 4097 invitarat,
3369 4050 3463 4089 eos
3492 4035 3574 4089 lu-

1993 4128 2163 4196 gubre
2188 4139 2407 4180 carmen
2445 4127 2623 4190 docet,
2648 4126 2789 4194 quod
2819 4126 2870 4178 in
2909 4134 3182 4193 posterum
3210 4140 3472 4195 usurpare
3486 4141 3583 4181 vo-

1993 4218 2147 4272 cibus
2172 4217 2441 4271 bortatur.
2480 4234 2499 4267 ι
2536 4216 2681 4270 Gens
2712 4216 2955 4271 ascendit
2988 4231 3150 4283 super
3174 4225 3376 4271 terram
3406 4234 3581 4274 meum

1994 4308 2148 4363 fortis
2175 4315 2232 4362 et
2260 4305 2690 4373 innumerabilis,
2732 4325 2752 4360 ›
2787 4320 3014 4378 quaeque
3041 4309 3280 4362 dentium
3298 4311 3435 4375 acie,
3469 4312 3581 4367 leo-

1992 4400 2153 4454 nibus
2173 4407 2230 4453 et
2249 4397 2444 4452 catulis
2467 4396 2683 4453 leonum
2708 4413 2901 4467 parum
2932 4399 3200 4453 concedit.
3255 4400 3449 4454 Verum
3477 4401 3580 4457 hoc

264 4494 397 4563 ,μὲν
426 4486 522 4546 οὖν
548 4491 609 4544 τὸ
642 4492 852 4563 χρῆμα,
894 4492 999 4545 κᾶν
1039 4493 1085 4545 εί
1115 4492 1207 4544 ἐπὶ
1247 4493 1465 4563 ἀκρίδος
1497 4494 1659 4564 τυχὸν
1689 4498 1880 4559 νοοῖτο,

2009 4498 2092 4553 ast,
2121 4487 2369 4558 quamvis
2389 4488 2457 4543 de
2483 4488 2688 4543 loeusta
2711 4490 2876 4554 forte,
2907 4503 2972 4544 ac
2992 4492 3059 4544 de
3079 4489 3306 4555 bruclio,
3333 4501 3388 4546 et
3413 4507 3578 4548 eruca

295 4585 533 4656 βρούχου
583 4602 643 4640 τε
684 4586 780 4638 καὶ
829 4585 1079 4654 κάμπης.
1126 4585 1373 4653 Ἀμαχον
1424 4584 1534 4656 γάρ
1580 4586 1642 4638 τὸ
1695 4587 1886 4657 χρῆμὰ

291 4677 432 4736 ἔστι,
458 4677 555 4729 καὶ
584 4675 1028 4745 ἀκαταγώνιστος
1058 4676 1254 4746 κομιδῇ
1291 4675 1401 4728 τῶν
1429 4675 1689 4732 τοιούτων
1730 4680 1763 4747 ἡ
1800 4678 1888 4747 ἔφ-

292 4767 433 4831 οδος,
456 4763 617 4838 ἱκανή
647 4784 706 4820 τε
734 4768 903 4839 ἄρδην
930 4767 1277 4821 ἀπολέσαιτά
1306 4769 1363 4820 ἐν
1393 4769 1602 4839 ἀγροῖς,
1636 4769 1891 4841 καρπούς

288 4878 371 4926 τε,
411 4862 597 4932 φημὶ,
656 4863 752 4913 καὶ
802 4862 976 4915 πόαν.-
1034 4860 1399 4930 καταφθεῖραί
1454 4878 1514 4914 τε
1574 4865 1747 4926 συκᾶς
1794 4866 1890 4916 καὶ

293 4952 600 5021 ἀμπέλους,
638 4952 800 5023 ψιλὴν
840 4953 896 5005 δὲ
942 4954 1037 5006 καὶ
1081 4952 1293 5023 ἀκαλλῆ
1326 4954 1424 5023 τῆς
1473 4953 1714 5024 ἀρούρας
1747 4956 1884 5008 ἀπο-

294 5044 458 5111 φῆναι
498 5044 598 5113 τὴν
621 5043 764 5107 δψιν.
798 5046 862 5098 Ei
888 5044 943 5098 δὲ
972 5044 1038 5115 δὴ
1067 5045 1451 5116 περιτρέποιτο
1475 5044 1638 5098 πάλιν
1673 5048 1701 5099 6
1723 5046 1882 5114 λόγος

300 5134 375 5196 εἰς
391 5135 491 5204 τὴν
509 5133 620 5185 τῶν
646 5134 1075 5206 πεπορθηκότων
1105 5135 1521 5207 ἀπανθρωπίαν,
1546 5137 1640 5189 καὶ
1663 5137 1882 5209 ὁλοτελῆ

296 5225 391 5294 τῆς
420 5224 611 5295 χώρας
642 5226 739 5296 ὲρή
750 5242 944 5295 μωσιν,
974 5226 1301 5295 ύποφήνειεν
1330 5225 1397 5277 ἂν
1435 5225 1619 5297 ἕτερον
1647 5225 1819 5290 οὐδὲν,
1846 5225 1880 5296 ἢ

293 5317 373 5371 ὅτι
397 5320 552 5371 πᾶσα
577 5319 674 5389 μὲν
698 5318 884 5380 αὐτοῖς
912 5316 1189 5371 ἀπόλωλεν
1219 5318 1251 5387 ἠ
1282 5316 1454 5387 χώρα,
1482 5315 1884 5387 δεδαπάνηνται

289 5410 344 5462 δὲ
386 5396 503 5463 καῖ
522 5413 572 5464 οἱ
626 5410 959 5481 προῦχοντες
1024 5410 1156 5479 παρ’
1207 5409 1429 5473 αὐτοῖς,
1486 5408 1613 5479 δόξῃ
1662 5426 1721 5461 τε
1785 5411 1883 5463 καὶ

290 5503 509 5573 πλούτῳ
532 5503 592 5556 τὸ
620 5504 728 5557 τῶν
756 5504 1025 5573 ἀγελαίων
1051 5502 1407 5574 ὑπερθέοντες
1440 5504 1640 5573 μέτρον
1676 5503 1694 5570 (
1716 5501 1791 5565 ὡς
1822 5505 1881 5555 ἐν

288 5594 440 5659 τάξει
488 5594 727 5649 νοεῖσθαι
772 5596 947 5666 συκῆς
987 5613 1045 5649 τε
1092 5594 1186 5649 καὶ
1217 5594 1521 5664 ἀμπέλου),
1564 5594 1703 5664 πλὴν
1745 5594 1879 5646 ὑπο-

362 5770 409 5801 “
447 5769 727 5848 Μαιιιιηγ,
770 5772 825 5827 5.
902 5770 946 5803 "
982 5769 1124 5825 Psal.
1158 5787 1234 5837 Vl,
1271 5772 1322 5828 6.
1351 5772 1393 5802 ⁶⁰
1417 5769 1560 5826 Psal.
1601 5787 1752 5839 cxtu,
1796 5771 1973 5838 17,ιᾶ

1984 4582 2319 4651 accipiatur;
2350 4581 2644 4651 expugnari
2670 4581 2935 4650 siquidem
2968 4593 3260 4652 nequeunt,
3288 4592 3341 4635 et.
3388 4598 3578 4637 eorum

1986 4673 2271 4743 impressio
2298 4688 2518 4743 prorsus
2546 4681 2629 4727 est
2663 4673 3044 4742 insuperabilis
3079 4684 3242 4743 atque
3266 4676 3331 4728 ad
3345 4678 3545 4743 perdeu
3633 4736 3639 4741 _

1986 4767 2084 4822 das
2116 4766 2258 4822 ruris
2284 4781 2415 4837 opes
2435 4766 2713 4821 universas
2737 4766 2953 4833 suﬂicit,
2980 4767 3045 4820 ad
3079 4765 3295 4821 fructus
3346 4776 3400 4820 et
3450 4768 3578 4822 her-

1989 4857 2107 4923 bas,
2140 4858 2383 4930 inquam,
2405 4867 2458 4913 et
2491 4858 2558 4911 ad
2612 4859 2767 4923 ﬁcus,
2815 4858 3065 4927 vitesque
3121 4861 3574 4929 corrumpendas,

1991 4950 2058 5004 ad
2112 4951 2418 5005 nudandam
2479 4949 2710 5018 denique
2756 4958 2811 5004 et
2863 4948 3269 5003 deformandam
3320 4965 3573 5021 agrorum

1988 5040 2201 5098 faciem.
2265 5042 2419 5108 Quod
2474 5042 2519 5096 si
2576 5040 2740 5094 verba
2788 5040 3067 5110 prophetae
3111 5042 3177 5095 ad
3231 5052 3572 5097 vastatorum

1987 5134 2363 5187 crudelitatem
2396 5142 2449 5187 et
2479 5148 2746 5187 summam
2774 5134 3010 5204 regionis
3044 5135 3387 5192 solitudinem
3413 5151 3571 5191 revo-

1987 5240 2192 5290 cemus,
2235 5226 2381 5280 aliud
2412 5225 2543 5279 nihil
2578 5226 3021 5291 subindicabunt,
3088 5244 3249 5298 quam
3304 5230 3396 5283 toti
3447 5243 3571 5297 pro-

1988 5319 2179 5373 vincia:
2217 5318 2512 5388 perniciem
2550 5333 2644 5374 eos
2704 5320 2981 5387 attulisse,
3002 5330 3055 5375 et
3117 5323 3383 5390 primores
3445 5333 3569 5373 con-

1987 5421 2231 5483 sumptos
2259 5427 2402 5468 esse.
2437 5412 2537 5480 Qui
2574 5427 2880 5482 quanquam
2911 5413 3079 5483 gloria
3125 5422 3178 5467 et
3203 5411 3406 5465 divitiis
3465 5408 3568 5475 ple-

1986 5504 2229 5560 beiorum
2266 5507 2542 5561 modulum
2577 5509 2902 5563 excederent
2923 5508 3002 5575 (ut
3034 5513 3290 5571 utrosque
3313 5514 3407 5568 per
3432 5498 3565 5553 ﬁcus
3595 5572 3604 5585 ι

1986 5605 2040 5650 et
2062 5599 2195 5652 vites
2214 5597 2622 5670 intelligamus),
2642 5597 3276 5655 nihilominusemarcere
3290 5589 3561 5656 debuisse,
