3898 6212
337 336 441 395 3.39

1342 341 1399 396 S.
1442 341 1721 398 CYRILLI
1763 339 2231 398 ALEXANDRINI
2268 339 2589 395 ARCHIEP.

3489 339 3598 397 540

333 454 473 508 sicut
498 452 549 508 in
581 454 713 523 ipsis
735 454 898 527 205
943 456 1140 511 vitibus
1190 459 1289 512 sub
1322 474 1541 516 sensum
1591 460 1908 516 cadentibus

2023 461 2193 527 μεῖναι
2220 459 2310 513 τὸν
2338 458 2628 530 μαρασμόν
2646 473 2657 488 ο
2693 455 2938 527 καθάπερ
2960 454 3153 525 ἀμέλει
3180 454 3273 509 καὶ
3296 454 3383 508 ἐπ’
3415 456 3600 511 αὐτῶν

338 544 449 599 ηετί
480 561 584 599 ιιοη
622 547 949 614 ignoramus,
982 550 1025 602 si
1072 563 1165 604 eas
1207 550 1536 605 locustarum
1555 552 1751 607 alentes
1780 554 1910 607 atti-

336 636 531 701 gerint.
557 634 768 706 Stirpes
799 639 965 705 cnim,
988 654 1173 695 earum
1226 643 1505 705 humorem
1562 655 1908 713 exsugentcs,

334 735 386 778 et
415 725 521 779 vim
556 740 773 781 omnem
816 727 1032 783 vitalem
1088 730 1467 795 absorbentes,
1525 732 1673 786 brevi
1734 733 1909 788 arefa-

336 817 503 869 ciunt.
535 816 661 872 lude
707 818 868 873 etiam
900 829 1001 884 est,
1031 822 1171 888 quod
1202 822 1324 877 vitis
1378 824 1499 877 alba
1560 824 1907 893 conspicitur.

340 911 521 974 Itaque
547 911 735 965 dentes
762 911 998 965 hostium
1025 916 1482 980 consumentium,
1523 914 1698 969 locum
1726 915 1909 969 vilium

340 1013 607 1067 tenentes,
645 1013 738 1056 aut
785 1005 948 1058 etiam
1007 1006 1212 1061 ﬂcubus
1250 1006 1659 1075 respondentes,
1700 1009 1913 1075 penitus

337 1105 810 1162 consumpserunt,
872 1105 928 1152 et
988 1098 1307 1167 quisquilias
1380 1100 1750 1163 reddiderunt,
1820 1109 1914 1152 aut

335 1183 526 1244 gladiis
562 1194 882 1255 mactantes,
949 1198 1043 1244 aut
1093 1190 1373 1244 servitutis
1423 1191 1557 1261 iugo
1603 1190 1915 1247 submitten-

336 1286 435 1330 tes.

404 1459 983 1534 Poteritquispiam,si
1039 1464 1274 1530 libuerit,
1299 1465 1411 1521 haec
1475 1466 1601 1521 item
1632 1467 1695 1520 de
1726 1480 1914 1535 perca-

338 1553 549 1608 toribus
613 1555 984 1626 interpretari,
1018 1558 1069 1613 in
1124 1573 1354 1627 quorum
1407 1567 1617 1612 mentes
1644 1568 1697 1609 et
1720 1557 1910 1619 corda,

339 1642 483 1698 velut
508 1644 751 1710 locustae,
779 1647 966 1702 bruchi
988 1659 1041 1702 et
1072 1649 1761 1716 erucaa,irrepuutsentper
1790 1646 1912 1699 tituli

337 1736 559 1804 spiritus
585 1748 639 1791 et
662 1740 972 1807 passionum
1003 1741 1231 1795 diversa:
1263 1741 1471 1808 species
1527 1747 1687 1805 atque
1747 1738 1910 1799 modi,

335 1846 539 1899 eosque
563 1832 920 1901 despicabiles
966 1844 1020 1888 et
1070 1834 1417 1903 turpissimos
1469 1833 1640 1888 videri
1686 1831 1910 1896 faciunt,

335 1923 503 1990 quiet
530 1924 744 1993 pietatis
778 1926 961 1981 ﬂorem
992 1928 1294 1991 amiserint,
1351 1937 1401 1979 et
1446 1925 1651 1979 nullum
1691 1924 1914 1993 justitizc

336 2027 555 2079 germen
586 2017 915 2085 possideant.
950 2018 1042 2073 llis
1089 2032 1216 2088 ergo
1266 2017 1576 2071 aﬂirmarim
1625 2017 1915 2071 convenire

336 2122 609 2175 perennes
644 2109 1011 2180 lacrymas,ct
1060 2109 1499 2165 lamentationem
1549 2123 1729 2163 coram
1782 2106 1909 2169 Deo,

336 2216 400 2255 ac
439 2201 765 2255 desiderium
808 2201 1039 2256 assiduis
1085 2200 1334 2269 precibus
1393 2203 1583 2264 venim,
1630 2212 1683 2253 et
1720 2198 1838 2267 opis
1884 2214 1912 2250 ιι

340 2296 446 2347 Deo
471 2293 850 2362 impetranda};
888 2304 944 2347 ut
969 2309 1275 2363 quanquam
1305 2308 1426 2347 sero
1471 2293 1707 2355 tandem,
1742 2301 1796 2346 et
1828 2292 1911 2344 vix

336 2384 607 2452 sapientes
639 2400 704 2438 ac
737 2385 944 2441 robusti
967 2388 1216 2447 evadant,
1240 2385 1449 2439 liberati
1489 2385 1575 2450 iis,
1603 2384 1653 2437 in
1686 2398 1805 2451 qua:
1837 2384 1917 2435 in-

335 2473 599 2528 ciderunt.
630 2473 851 2544 Spectat
881 2485 936 2530 et
978 2476 1079 2529 hoc
1109 2476 1174 2529 ad
1206 2488 1300 2529 eos
1328 2489 1556 2543 quorum
1604 2474 1817 2527 animus
1849 2477 1914 2524 ad

244 2612 247 2615 γ
338 2581 598 2621 novarum
631 2568 943 2637 opinionum
977 2568 1227 2623 doctores
1286 2577 1340 2624 et
1397 2567 1609 2621 sincera
1662 2565 1916 2621 Ecclesia:

333 2658 582 2730 dogmata
611 2659 979 2715 adulterantes
1005 2658 1304 2741 audiendos
1336 2656 1629 2713 declinavit
1662 2676 1675 2711 :
1701 2658 1767 2711 de
1792 2658 1915 2726 qui-

333 2751 434 2806 bus
464 2751 680 2807 dicatur
700 2751 1094 2807 meritissimo:
1158 2768 1177 2803 ι
1219 2750 1415 2805 Dentes
1458 2763 1668 2814 eorum,
1727 2748 1917 2803 dentes

335 2843 548 2899 leonum
578 2851 634 2897 et
655 2833 884 2897 molares
906 2842 1207 2898 catulorum
1254 2841 1492 2897 leonum.
1526 2858 1544 2891 ι
1594 2838 1778 2894 Genus
1822 2838 1916 2891 lto-

334 2932 538 2991 minum
563 2932 672 2988 Deo
701 2932 957 2996 invisum,
988 2932 1351 2987 adulterinum
1376 2940 1540 2999 atque
1570 2928 1913 3000 pestiferum,

332 3024 724 3096 simpliciorum
752 3035 960 3081 mentes
1020 3025 1133 3080 suis
1183 3023 1507 3088 commentis
1568 3022 1836 3078 devorans
1863 3032 1918 3075 et

2013 550 2213 602 νοεῖται
2237 548 2344 603 τῶν
2373 548 2645 618 αἰσθητῶν
2696 547 2977 617 ἀμπέλων,
3002 548 3049 599 εἰ
3084 547 3189 599 τῶν
3227 546 3466 615 ἀκρίδων
3488 551 3598 611 τοῖς

2012 638 2192 693 ὀδοῦσι
2222 640 2462 711 συμϐαίη
2509 642 2845 711 περιπεσεῖν.
2887 639 3237 693 Ἐκπίνουσαι
3272 639 3381 709 γὰρ
3410 638 3509 709 τὴν
3540 642 3601 691 ὲν

2013 734 2127 794 τοῖς
2154 734 2341 799 φυτοῖς
2378 731 2604 800 ἰκμάδα,
2640 730 2735 782 καὶ
2780 731 2961 783 πᾶσαν
2989 730 3173 792 αὐτοῖς
3198 730 3297 799 τὴν
3336 728 3601 793 ξωοποιδν

2013 820 2423 892 ἀναῤῥοφοῦσαι
2466 820 2721 891 δύναμιν,
2746 820 2847 873 οὐκ
2892 822 2974 883 είς
3016 821 3237 891 μακρὰν
3291 821 3599 892 ἀποξηραί-

2014 928 2199 965 νουσι·
2230 910 2487 985 ταύτῃτοι
2525 914 2621 966 καὶ
2646 912 2844 983 λευκὴν
2872 911 3104 983 ὁρᾶσθαι
3145 907 3602 983 παρασκευάζου-

2017 1022 2120 1061 σιν.
2146 1005 2356 1060 Οὐκοῦν
2383 1007 2433 1059 οἱ
2466 1006 2676 1069 ὀδόντες
2705 1005 2813 1058 τῶν
2839 1005 3204 1058 δαπανώντων
3238 1004 3449 1075 ἐχθρῶν
3470 1007 3604 1068 τοὺς

2014 1098 2072 1151 ὲν
2099 1098 2250 1163 τάξει
2281 1097 2571 1168 κειμένους
2604 1098 2881 1167 ἀμπέλων,
2908 1098 2942 1168 ἢ
2989 1097 3083 1150 καὶ
3127 1099 3185 1150 ὲν
3229 1098 3357 1151 εῖδει
3393 1098 3600 1160 συκῶν,

2015 1192 2095 1253 είς
2123 1190 2293 1260 ἀκρον
2325 1190 2754 1260 δεδαπανήκασι,
2786 1190 2879 1242 καὶ
2911 1191 2991 1252 είς
3015 1189 3344 1260 ἀχρειότητα
3383 1191 3605 1260 πεπόμ-

2016 1299 2149 1351 φασι
2186 1282 2445 1352 παντελῆ,
2468 1283 2501 1352 ἢ
2528 1282 2703 1351 ξίφεσι
2733 1281 3200 1349 καταπαίοντες,ἣ
3232 1282 3325 1336 καὶ
3359 1284 3469 1345 τοῖς
3498 1283 3606 1353 τῆς

2014 1374 2257 1438 δουλείας
2284 1374 2695 1442 καθυπάγοντες
2727 1372 2933 1441 ζυγοῖς.

2098 1468 2405 1534 Ἐκδὲξεται
2440 1468 2497 1520 δέ
2531 1485 2634 1533 τις,
2660 1469 2818 1541 εἴπερ
2849 1469 3024 1521 ἕλοιτο
3057 1469 3198 1520 νοεῖν
3228 1467 3321 1519 καὶ
3351 1483 3604 1535 πνευμα-

2017 1558 2207 1625 τικῶς,
2240 1560 2331 1615 καὶ
2363 1561 2450 1613 ἐπ’
2480 1550 2783 1631 ἀνθρώπων
2825 1558 3165 1628 ἁμαρτωλῶν
3192 1558 3260 1610 τά
3288 1557 3467 1610 τοιάδε
3496 1558 3607 1610 πά-

2018 1654 2121 1709 λιν.
2156 1648 2251 1715 Οἷς
2277 1654 2356 1715 είς
2384 1654 2509 1705 νοῦν
2544 1654 2638 1706 καὶ
2671 1653 2923 1725 καρδίαν,
2962 1652 3037 1715 ὡς
3068 1654 3124 1705 ὲν
3164 1650 3385 1722 ἀκρίδος
3411 1650 3606 1720 τρόπῳ

2019 1746 2113 1799 καὶ
2144 1745 2394 1816 βρούχου,
2421 1746 2515 1799 καὶ
2546 1745 2729 1815 μέντοι
2774 1747 2868 1798 καὶ
2903 1745 3153 1815 κάμπης,
3189 1741 3458 1798 εἰσδύεται
3483 1758 3607 1805 πως

2016 1839 2101 1890 ἀεὶ
2129 1837 2195 1889 τά
2228 1836 2439 1907 πονηρά
2480 1836 2765 1908 πνεύματα
2784 1876 2797 1900 ,
2827 1838 2921 1889 καὶ
2951 1836 3089 1889 αὐτὰ
3120 1835 3175 1889 δὲ
3219 1832 3473 1901 πολυειδῆ
3509 1835 3609 1887 καὶ

2016 1928 2331 2000 πολύτροπα
2357 1927 2529 2000 πάθη,
2562 1930 2654 1983 καὶ
2697 1930 2762 2000 δὴ
2799 1930 2894 1982 καὶ
2938 1916 3191 1999 ἀχρείους
3233 1926 3325 1980 καὶ
3368 1926 3605 1980 ἀκαλλε-

2017 2021 2247 2083 στάτους
2272 2020 2504 2091 ὁρᾶσθαι
2539 2022 2704 2085 ποιεῖ,
2737 2020 2829 2074 καὶ
2860 2023 2957 2091 τῆς
2990 2019 3272 2081 εὐσεϐείας
3303 2017 3401 2087 τὴν
3432 2018 3607 2086 ἄνθην

2016 2112 2480 2181 ἀποϐεϐληκότας,
2509 2113 2601 2165 καὶ
2635 2112 2785 2165 οὐδὲν
2826 2112 3048 2182 ἔχοντας
3073 2113 3130 2163 ὲν
3162 2112 3374 2173 ἑαυτοῖς
3399 2110 3609 2167 δικαίου

2019 2205 2181 2273 σύνης
2214 2204 2519 2274 βλάστημα.
2556 2203 2727 2274 Φαίην
2757 2203 2801 2255 δ’
2833 2203 2919 2265 ἂν,
2966 2204 3049 2256 ὅτι
3100 2202 3299 2272 πρέποι
3328 2202 3391 2255 ἀν
3418 2202 3611 2266 αὐτοῖς

2016 2296 2077 2348 τὸ
2125 2296 2334 2350 κλαίειν
2369 2296 2786 2365 ἀκαταλήκτως,
2820 2295 2917 2348 καὶ
2961 2293 3425 2365 κατολοφύρεσθαι
3466 2294 3610 2365 πρὸς

2016 2389 2178 2441 Θεόν·
2231 2389 2511 2460 γλίχεσθαί
2561 2406 2619 2442 τε
2664 2391 2844 2459 τυχεῖν
2894 2388 2982 2441 διὰ
3040 2388 3239 2457 συχνῆς
3294 2388 3609 2457 προσευχῆς
3668 2429 3683 2444 .

2017 2482 2261 2549 ἀφέσεως
2304 2482 2396 2533 καὶ
2430 2480 2753 2552 ἐπικουρίας
2774 2522 2787 2543 ,
2818 2480 2893 2542 ὡς
2924 2478 2990 2536 ἂν
3028 2476 3158 2543 εἶεν,
3200 2478 3304 2532 κᾶν
3338 2479 3466 2547 γοῦν
3504 2478 3609 2547 ses

2022 2592 2149 2627 ποτε
2183 2574 2275 2627 καὶ
2313 2574 2488 2645 μόλις,
2525 2576 2679 2645 σοφοὶ
2728 2576 2820 2629 καὶ
2867 2574 3164 2635 εὐσθενεῖς,
3192 2572 3287 2624 καὶ
3332 2571 3609 2638 διαδιδρά-

2021 2682 2171 2722 σκειν
2218 2662 2408 2719 οἷοίτε
2454 2666 2524 2720 τὰ
2569 2666 2976 2737 συμϐεϐηκότα.
3018 2665 3247 2722 Πάθοιεν
3275 2664 3321 2718 δ’
3374 2664 3439 2718 ἂν
3471 2664 3610 2716 αὐτὸ

2018 2759 2113 2812 καὶ
2144 2753 2224 2821 οἷς
2258 2760 2287 2812 ό
2333 2758 2458 2823 νοῦς
2491 2760 2721 2828 ἀμαθῶς
2755 2758 3074 2815 ὲκκέκλικεν
3117 2760 3196 2822 εἷς
3224 2775 3287 2826 γε
3316 2757 3378 2809 τὸ
3404 2758 3608 2828 χρῆναι

2019 2850 2304 2921 προσέχειν
2324 2854 2435 2914 τοῖς
2466 2852 2792 2922 ἑτεροδοξεῖν
2822 2850 3060 2915 είωθόσι,
3087 2851 3180 2903 καὶ
3212 2850 3282 2903 τὰ
3326 2849 3464 2920 ὀρθά
3494 2848 3600 2918 τῆς

2031 2940 2359 3011 Ἰεὶκκλησίας
2407 2942 2706 3013 παραλύειν
2734 2942 3057 3013 διδάγματα,
3095 2940 3222 3010 περὶ
3266 2932 3340 2995 ὧν
3394 2939 3463 2993 ἂν
3512 2938 3608 2991 λέ-

2018 3048 2188 3099 γοιτο,
2212 3036 2307 3087 καὶ
2341 3033 2484 3103 μάλα
2525 3034 2782 3097 είκότως’
2822 3036 2913 3089 «Οἱ
2948 3034 3158 3096 ὀδόντες
3184 3031 3363 3085 αὐτῶν
3391 3031 3607 3093 ὀδόντες

334 3121 710 3183 nbsumens,ut
732 3133 798 3173 ne
830 3118 1071 3189 reliquize
1098 3117 1314 3187 quidem
1342 3115 1541 3185 prioris
1571 3114 1832 3170 doctrinm
1862 3116 1911 3167 iu

2023 3124 2254 3186 λέοντος,
2287 3124 2380 3176 καὶ
2426 3124 2482 3176 αί
2528 3122 2692 3193 μύλαι
2736 3122 2917 3176 αὐτῶν
2958 3123 3234 3192 σκύμνουο
3277 3141 3296 3173 ι
3351 3120 3606 3191 θεομισὲς

336 3209 440 3265 illis
468 3218 783 3281 appareant.
804 3208 868 3264 lli
895 3210 1104 3264 vineam
1136 3209 1461 3263 dominicam
1492 3208 1559 3261 ad
1608 3221 1906 3261 marcoretu

337 3301 610 3372 redigunt,
639 3301 853 3356 hortum
883 3317 912 3355 a
951 3299 1157 3354 ﬂcubus
1190 3300 1431 3364 inanem,
1470 3298 1671 3353 nudum
1728 3306 1785 3351 et
1824 3296 1907 3348 in-

336 3391 540 3449 uultum
559 3392 811 3447 reddunt.
844 3410 862 3442 ι
894 3389 1132 3456 Quorum
1160 3390 1423 3458 judicium
1455 3405 1559 3443 non
1596 3397 1769 3443 cessat
1792 3388 1857 3451 ";
1886 3405 1902 3437 ›

336 3483 428 3538 ςεά
462 3484 737 3538 damnatio
764 3484 910 3552 jusm
938 3483 1042 3536 erit
1072 3498 1171 3537 suo
1210 3492 1451 3551 tempore
1477 3482 1545 3536 θ’.
1609 3481 1709 3548 Qui
1747 3480 1911 3549 igitur

337 3581 387 3626 in
414 3575 628 3628 inscitia
654 3574 819 3627 vitam
855 3574 1182 3643 transigunt,
1207 3574 1447 3638 locustae,
1486 3573 1671 3627 bruclti
1708 3581 1763 3627 et
1790 3589 1912 3624 eru-

335 3679 412 3717 ere
470 3663 720 3733 pabulum
773 3674 953 3728 erunt,
1008 3673 1061 3717 et
1095 3664 1162 3717 ab
1208 3666 1352 3718 omni
1395 3665 1638 3718 decentia
1670 3664 1909 3717 destituti

337 3754 750 3823 permanebunt,
780 3768 879 3807 nec
912 3764 996 3807 est
1031 3754 1084 3806 in
1117 3755 1182 3807 iis
1203 3754 1499 3823 quidquam
1540 3753 1812 3808 ﬂoridum.
1848 3744 1930 3807 At.

340 3862 465 3901 vero
495 3845 709 3915 sapiens
736 3855 789 3898 et
818 3845 981 3898 Deum
1022 3859 1213 3898 amans
1249 3846 1454 3909 anima,
1485 3856 1540 3919 et
1575 3846 1915 3914 dogmatibus

336 3939 580 3993 veritatis
623 3937 898 4007 opulenta,
944 3937 1279 4007 justitimque
1343 3936 1607 3991 fructibus
1642 3952 1779 4006 pene
1812 3939 1915 3990 cir-

336 4030 661 4096 cumﬂuens,
687 4039 743 4086 et
779 4029 1004 4084 miriﬁce
1056 4030 1291 4097 undique
1335 4028 1535 4084 ﬂorens
1567 4044 1661 4083 cor
1689 4030 1913 4091 habens,

336 4123 481 4175 untui
512 4122 764 4177 libertate
797 4137 919 4176 cum
946 4137 1165 4191 sponsa,
1199 4136 1318 4191 qua:
1350 4121 1402 4175 in
1435 4120 1677 4176 Canticis
1719 4122 1919 4175 intelli-

335 4217 500 4283 gitur,
534 4216 853 4272 illuddicct:
887 4233 903 4265 ι
945 4215 1246 4269 Descendat
1286 4228 1454 4282 nepos
1499 4228 1653 4269 meus
1699 4214 1751 4268 in
1795 4216 1920 4268 hor-

338 4319 448 4363 tum
478 4323 636 4363 suum
661 4315 716 4362 et
750 4306 999 4363 comedat
1023 4305 1254 4360 fructum
1276 4319 1556 4375 pomorum
1590 4308 1915 4360 suorum'h

341 4401 533 4453 Dulces
558 4398 771 4467 pietatis
796 4398 1002 4451 fructus
1025 4406 1081 4450 et
1116 4394 1290 4449 dulcia
1326 4396 1765 4466 poma,205ubi
1795 4413 1920 4452 vera

2011 3213 2118 3285 γάρ
2171 3212 2436 3279 τὸγένος,
2472 3212 2723 3283 κίϐδηλόν
2772 3230 2828 3265 τε
2868 3214 2959 3266 καὶ
3014 3213 3315 3282 ἀλιτήριον,
3355 3209 3449 3263 καὶ
3483 3210 3600 3261 τῶν

2014 3304 2400 3374 ἁπλουστέρων
2432 3304 2523 3358 τὸν
2562 3303 2686 3357 νοῦν
2716 3306 2827 3366 τοῖς
2854 3303 3005 3371 σφῶν
3022 3304 3081 3355 εὐ
3092 3303 3147 3374 ρέ
3156 3319 3288 3372 μασι
3316 3300 3606 3356 κατεσθίον

2012 3417 2073 3453 τε
2123 3399 2213 3454 καὶ
2267 3397 2595 3461 ἀναλίσκον,
2656 3397 2732 3460 ὼς
2777 3398 2908 3466 μηδὲ
2962 3397 3252 3468 ὀρθότητος
3308 3398 3366 3450 ὲν
3416 3396 3607 3457 αὐτοῖς

2012 3492 2240 3563 ὁρᾶσθαι
2270 3491 2539 3561 λείψανον.
2565 3486 2723 3545 Οὗτοι
2756 3491 3083 3546 Δεσποτικὸν
3107 3489 3403 3561 ἀμπελῶνα
3432 3506 3599 3542 κατα-

2024 3585 2370 3656 μαραίνουσι,
2409 3582 2592 3635 συκῶν
2632 3582 2837 3653 ἔρημον
2879 3582 3238 3651 ἀποφαίνουσι
3274 3582 3363 3634 τον
3400 3581 3601 3649 κῆπον,

2015 3676 2168 3745 ψιλόν
2189 3692 2245 3728 τε
2269 3674 2573 3728 δεικνύουσι
2595 3676 2685 3726 καὶ
2707 3674 3117 3742 κεχερσωμένον
3142 3690 3154 3703 ο
3184 3667 3312 3723 «Ὧν
3334 3672 3394 3724 τὸ
3422 3675 3601 3742 κρῖμα

2016 3772 2116 3825 οὐκ
2138 3772 2317 3841 ἀργεῖ,
2345 3788 2362 3818 ι
2402 3768 2518 3821 ἀλλ’
2541 3768 2747 3820 ἔνδικον
2779 3768 2931 3820 ἔσται
2963 3768 3103 3820 κατά
3129 3766 3372 3835 καιρούς.
3403 3768 3462 3819 ΟΞ
3500 3768 3601 3835 μὲν

2018 3860 2110 3917 οὖν
2160 3862 2370 3933 ἀμαθίᾳ
2421 3863 2590 3933 συζῇν
2633 3862 2918 3925 εἰωθότες,
2959 3862 3177 3932 ἀκρίδος
3220 3862 3312 3914 καὶ
3358 3860 3590 3930 βρούχου

2021 3956 2115 4008 καὶ
2161 3956 2386 4025 κάμπης
2430 3955 2643 4007 ἔσονται
2676 3952 2868 4024 τροφὴ,
2906 3954 2999 4005 καὶ
3038 3954 3254 4021 ἁπάσης
3307 3952 3606 4020 εὐκοσμίας

2025 4040 2362 4116 ἀπομενοῦσι
2406 4045 2626 4116 ἔρημοι,
2664 4045 2886 4107 εὐανθὲς
2926 4044 2981 4096 δὲ
3010 4044 3161 4096 οὐδὲν
3192 4047 3248 4097 ὲν
3288 4044 3489 4106 αὐτοῖς.
3542 4041 3604 4094 Ἠ

2023 4136 2079 4188 δέ
2113 4153 2173 4203 γε
2213 4136 2349 4207 σοφὴ
2399 4137 2491 4188 καὶ
2528 4134 2776 4204 φιλόθεος
2826 4133 2999 4204 ψυχὴ,
3055 4133 3148 4186 καὶ
3188 4136 3301 4196 τοῖς
3332 4132 3431 4201 τῆς
3474 4132 3609 4200 ἀλη-

2029 4229 2179 4292 θείας
2214 4229 2450 4297 δόγμασι
2482 4228 2709 4299 κομῶσα
2744 4229 3035 4291 πλουσίως,
3073 4226 3167 4280 καὶ
3211 4229 3442 4297 καρποῖς
3492 4228 3607 4287 τοῖς

2024 4322 2104 4382 είς
2139 4318 2482 4387 δικαιοσύνην
2529 4318 2813 4388 μονονουχὶ
2846 4316 3118 4388 βρόουσάν
3149 4334 3208 4369 τε
3245 4318 3337 4369 καὶ
3365 4313 3421 4369 εὖ
3463 4316 3611 4385 μάλα

2030 4411 2496 4483 περιηνθισμὲνην
2545 4409 2745 4480 ἔχουσα
2794 4410 2893 4481 τὴν
2926 4410 3174 4479 καρδίαν,
3227 4411 3342 4479 ἐρεῖ
3390 4409 3611 4471 πάντως

337 4484 574 4545 «Ιίεὶριιιιί
610 4489 899 4559 cupiditas,
928 4486 1147 4542 Christo
1176 4486 1418 4541 omnium
1444 4498 1687 4541 nostrum
1734 4487 1913 4542 Salvu-

2026 4504 2089 4555 ὲκ
2120 4503 2453 4573 παρρησίας,
2476 4502 2619 4555 κατά
2639 4518 2700 4569 γε
2733 4502 2830 4571 τὴν
2852 4503 2908 4553 ἐν
2939 4501 3018 4571 τῷ
3044 4502 3286 4572 ’ᾼσματι
3312 4501 3614 4570 νοουμένην

336 4587 461 4650 tnri,
498 4583 588 4652 qui
618 4595 669 4637 et
707 4593 895 4637 noster
936 4596 1104 4648 nepos
1133 4590 1236 4642 est,
1268 4587 1452 4647 utpote
1480 4596 1545 4635 ex
1600 4598 1786 4636 sorore
1820 4600 1914 4637 nu-

336 4692 469 4741 stru,
520 4678 735 4730 domina
788 4674 1118 4728 omnimodis
1176 4673 1601 4727 iucoutmninata
1668 4678 1919 4745 pregeni-

337 4783 441 4824 tus.

2028 4593 2248 4665 νύμφην
2270 4610 2283 4622 ·
2325 4612 2343 4644 ι
2375 4593 2685 4662 Καταϐἡτω
2716 4592 3029 4661 ἀδελφιδοῦς
3062 4610 3164 4663 μου
3191 4593 3270 4655 είς
3304 4591 3480 4661 κῆπον
3508 4592 3609 4642 a0-

2031 4686 2147 4745 τοῦ,
2178 4688 2271 4739 καὶ
2310 4685 2531 4755 φαγέτω
2563 4685 2771 4755 καρπὸν
2808 4685 3122 4755 ἀκροδρύων
3158 4684 3344 4740 αὐτοῦ.
3384 4702 3401 4734 ι
3432 4684 3614 4746 Ἡδεῖς

2034 4779 2084 4829 οἱ
2106 4777 2203 4853 τῆς
2226 4777 2505 4840 εὐσεϐείας
2531 4778 2734 4849 καρποὶ¹
2768 4778 2863 4831 καὶ
2889 4779 2986 4848 τῆς
3011 4777 3245 4847 ἀληθοῦς
3281 4775 3614 4845 φιλομαθίας

336 4863 613 4935 ἀκρόδρυα
644 4863 721 4933 τῷ
750 4862 967 4915 πάντων
999 4860 1153 4930 ἡμῶν
1178 4860 1386 4931 Σωτῆρι
1409 4859 1649 4931 Χριστῷ,
1678 4860 1735 4923 ὃς
1802 4861 1950 4915 ἐστιν
1990 4867 2145 4936 ἡμῶν
2176 4871 2269 4924 καὶ
2328 4870 2659 4939 ἀδελφιδοῦς,
2688 4872 2762 4936 ὡς
2802 4871 2862 4935 ἐξ
2892 4871 3127 4941 ἀδελφῆς
3154 4870 3254 4940 τῆς
3290 4868 3611 4937 παναχράνν.

336 4973 428 5007 του
461 4958 756 5026 Δεσποίνης
786 4955 1203 5026 γεγεννημένος.

414 5048 579 5102 Vens.
612 5049 666 5103 8.
696 5049 897 5119 Plange
930 5054 998 5102 ad
1033 5067 1112 5103 me
1162 5065 1319 5116 super
1375 5050 1630 5117 uirginem
1686 5050 1916 5115 pm‘ciu-

338 5149 477 5194 ctam
518 5155 693 5205 sacco,
740 5156 830 5193 seu
885 5142 1056 5194 cilicio
1114 5157 1269 5211 super
1319 5142 1490 5195 virum
1542 5156 1695 5194 suum
1750 5141 1915 5207 virgi-

343 5247 514 5286 neum.

415 5323 522 5378 \'l|.
564 5322 679 5377 Non
713 5322 811 5376 levi
844 5322 1091 5385 brachio.
1154 5339 1254 5377 nec
1309 5333 1367 5377 ut
1401 5324 1455 5377 in
1509 5324 1760 5383 transitu.
1828 5332 1917 5376 aut

342 5419 598 5490 segniter.
628 5426 682 5473 et
711 5431 929 5486 quoquo
954 5419 1111 5470 modo
1141 5416 1459 5485 pmuitentia
1484 5456 1499 5480 ,
1540 5426 1596 5471 et
1624 5417 1713 5485 qui
1769 5417 1818 5468 in
1852 5431 1911 5467 cu

345 5511 662 5579 intelligitur
696 5509 840 5563 luctu
871 5508 1014 5578 fungi
1047 5522 1142 5563 eos
1166 5510 1398 5579 postulat
1427 5525 1442 5574 ;
1504 5511 1597 5563 Sed
1641 5511 1730 5577 qui
1791 5526 1913 5565 cum

343 5604 462 5658 aliis
502 5603 736 5659 luctibus
774 5601 943 5657 multo
992 5601 1226 5655 maxime
1274 5603 1530 5670 gravibus
1578 5617 1680 5654 nou
1719 5602 1905 5656 leviter

414 5785 456 5819 ⁶¹
496 5784 515 5840 l
551 5783 693 5841 Pctr.
738 5801 794 5855 tt,
846 5785 899 5839 ὅ.
977 5784 1018 5814 θ’
1081 5781 1232 5837 llont.
1277 5796 1355 5845 ιιι,
1401 5779 1451 5833 8.

1534 5781 1574 5809 ⁸³
1612 5780 1763 5833 Cant.
1808 5794 1854 5842 \',
1921 5778 1970 5834 1.

2093 5049 2412 5119 Θρήνησον
2432 5053 2582 5119 πρός
2607 5069 2682 5120 με
2712 5052 2863 5119 ὑπὲρ
2883 5053 3131 5120 νύμφην
3162 5048 3615 5119 περιζὶοσμὲιην

2019 5144 2254 5199 σάκκον
2282 5144 2380 5197 ἐπὶ
2406 5144 2514 5197 τὸν
2547 5143 2735 5212 ἄνδρα
2762 5142 2950 5211 αὐτῆς
2975 5144 3081 5196 τὸν
3110 5143 3475 5211 παρθενικόν

2092 5325 2161 5377 Ζ’.
2196 5323 2269 5375 Οὐ
2299 5323 2578 5393 πάρεργον
2604 5322 2821 5383 αὐτοὺς,
2845 5319 2967 5373 οὐδὲ
2997 5315 3106 5373 οἷον
3134 5323 3197 5373 ἐκ
3223 5319 3604 5392 παραδρομῆς,

2019 5414 2051 5483 ἦ
2087 5414 2323 5484 ῥᾴθυμον
2356 5414 2541 5477 ἁπλῶς
2566 5414 2662 5483 τὴν
2696 5412 3038 5483 μετάγνωσιν
3086 5412 3357 5465 ποιεῖσθαι
3392 5411 3605 5465 κελεύει

2022 5507 2115 5559 καὶ
2168 5506 2227 5559 τὸ
2273 5508 2358 5560 ἐπ’
2400 5508 2536 5577 αὐτῇ
2580 5506 2871 5578 νοούμενον
2914 5505 3130 5569 πένθος,
3184 5505 3318 5558 ἀλλά
3364 5508 3481 5567 τοῖς
3523 5507 3607 5557 ὅτι

2026 5600 2255 5667 μάλιστα
2282 5599 2388 5653 τῶν
2418 5599 2590 5653 ἄλλων
2622 5598 3071 5669 δυσαχθεστέροις
3100 5599 3158 5651 οὐ
3188 5597 3422 5671 μετρίως
3452 5596 3607 5667 φιλο-
